4076 6306
633 385 738 444 125
1748 375 2024 432 ΔΝΤΟΝΠ
2061 375 2240 432 AGEL

2243 376 2332 430 LII
2371 373 2747 430 PREFATIO.
3763 371 3851 430 124

625 502 787 572 juxta
814 491 950 551 LXX
967 492 1326 564 Interpretum
1365 485 1773 542 translationem
1796 492 2040 540 utuntur.
2069 483 2171 540 Sed
2197 487 2324 556 quia
2353 493 2498 540 vetus
2521 485 2711 539 horum
2741 484 3094 554 interpretum
3119 479 3278 536 editio
3307 480 3428 550 jam
3454 480 3548 536 diu
3596 481 3735 552 apud
3753 481 3850 538 La-

630 591 768 643 tinos
789 587 989 640 amissa
1015 591 1116 650 est,
1155 583 1277 636 dedi
1319 594 1538 651 operam
1571 585 1632 632 ut
1677 592 1796 648 qua
1847 577 1906 631 in
1932 578 2012 631 his
2066 576 2213 632 libris
2251 592 2315 632 ex
2358 576 2532 633 Veteri
2568 575 2929 632 Instrumenta
2949 575 3204 638 citantur,
3268 586 3334 627 ea
3370 587 3492 627 cum
3525 573 3849 642 antiquorum

633 679 832 734 Latina
875 671 1120 733 Ecclesia
1165 675 1392 731 Patrum
1428 671 1647 726 lectione
1665 678 2056 740 congruerent:
2089 671 2146 725 in
2167 685 2333 741 eaque
2366 685 2425 723 re
2449 668 2730 740 Augustini
2747 669 3010 740 pracipue
3041 665 3187 720 libris
3213 662 3430 736 adjutus
3450 679 3592 731 sum,
3614 665 3671 718 in
3707 665 3846 735 cujus

622 767 1032 840 Qumstionibus
1065 783 1172 822 non
1205 779 1375 838 pauca
1403 778 1466 818 ex
1494 761 1592 816 illa
1624 763 1786 817 veteri
1815 761 1954 816 LXX
1986 763 2428 832 interpretatione
2460 759 2727 832 leguntur.

697 861 764 918 In
793 859 939 917 Novo
968 869 1144 916 autem
1173 857 1500 913 Testamento
1527 854 1778 910 Latinam
1811 853 2084 925 vulgatam
2111 853 2390 907 editionem
2411 851 2600 924 ubique
2626 852 2849 916 retinui;
2880 850 2982 905 nisi
3008 849 3093 904 ubi
3121 855 3218 903 aut
3243 846 3400 903 aliter
3430 845 3634 918 legisset
3661 857 3846 917 auctor,

624 961 722 1008 aut
747 968 866 1006 eam
893 951 1265 1020 expositionem
1298 945 1580 1011 attulisset,
1613 960 1732 1017 qua
1756 961 1875 999 cum
1901 944 2094 998 Latina
2119 942 2342 997 editione
2367 957 2650 1013 congruere
2683 958 2786 996 non
2812 948 3002 1012 posset.
3043 938 3236 1005 Quibus
3267 939 3322 994 in
3347 937 3476 994 locis
3502 953 3566 992 ne
3591 937 3654 992 ab
3683 947 3846 994 aucto-

629 1044 702 1096 ris
727 1043 986 1096 sententia
1014 1042 1361 1104 dissentirem,
1388 1053 1514 1093 neve
1543 1035 1699 1091 illam
1727 1035 2076 1090 obscuriorem
2111 1033 2400 1098 redderem,
2431 1039 2640 1088 coactus
2671 1048 2788 1086 sum
2818 1028 3210 1102 aliquantulum
3243 1047 3277 1084 a
3310 1028 3538 1100 Vulgata
3573 1028 3849 1096 discedere;

628 1132 718 1186 sed
749 1134 858 1187 hac
887 1131 1000 1187 loca
1035 1147 1138 1186 non
1166 1128 1334 1189 multa
1356 1137 1499 1184 sunt.
1545 1125 1696 1192 Quod
1723 1127 2048 1181 admonitum
2075 1133 2146 1192 te,
2197 1123 2378 1191 lector,
2405 1123 2570 1189 volui,
2596 1139 2660 1178 ne
2695 1122 2854 1178 sicubi
2885 1121 3042 1177 aliter
3069 1137 3232 1192 quam
3257 1119 3357 1176 illa
3383 1120 3574 1176 habeat
3600 1119 3845 1186 transtuli,

632 1227 904 1298 vulgatam
931 1229 1208 1282 editionem
1252 1225 1627 1295 reprehendere
1657 1239 1738 1278 me
1775 1221 1998 1277 voluisse
2026 1228 2192 1293 putes.
2223 1219 2410 1276 Altera
2445 1221 2605 1274 etiam
2637 1219 2851 1272 accessit
2888 1233 3048 1271 causa
3078 1231 3172 1269 cur
3212 1213 3267 1268 id
3301 1213 3427 1267 mihi
3465 1213 3634 1282 facere
3668 1229 3852 1270 necesse

627 1315 751 1385 fuit,
780 1333 845 1370 ne
872 1319 919 1371 si
951 1317 1108 1372 aliter
1132 1333 1294 1388 quam
1319 1326 1504 1372 auctor
1533 1318 1590 1371 in
1623 1316 1803 1373 Graco
1835 1322 2106 1387 posuerat,
2138 1313 2426 1384 Scriptum
2459 1326 2628 1368 sacra
2659 1311 2955 1366 testimonia
2989 1308 3396 1374 transtulissem,
3425 1309 3769 1364 characterem
3794 1327 3848 1366 ac

626 1415 809 1460 notam
836 1408 978 1462 haud
997 1409 1240 1481 exiguam
1265 1407 1573 1474 adimerem,
1597 1425 1707 1479 qua
1734 1405 1921 1478 Cyrilli
1944 1408 2039 1461 hoc
2066 1422 2196 1478 opus
2220 1421 2327 1462 esse
2354 1405 2566 1476 probari
2591 1411 2780 1476 posset.
2804 1400 3016 1458 Etenim
3043 1419 3164 1457 cum
3188 1403 3245 1458 in
3265 1401 3330 1456 iis
3355 1397 3524 1465 libris,
3550 1401 3640 1471 qui
3668 1400 3848 1455 tamdiu

624 1501 754 1555 editi
779 1511 921 1568 sunt,
939 1511 990 1556 et
1009 1506 1122 1558 sine
1143 1503 1294 1557 dubio
1309 1501 1498 1574 Cyrilli
1518 1518 1628 1557 esse
1647 1503 1954 1568 creduntur,
1975 1500 2235 1556 nonnulla
2255 1499 2544 1572 Scriptura
2573 1506 2771 1554 sancta
2793 1497 2907 1553 loca
2929 1495 3189 1568 singulari
3205 1510 3270 1551 ac
3286 1495 3503 1566 proprio
3525 1495 3746 1562 quodam
3765 1511 3852 1551 au-

622 1597 783 1650 ctoris
806 1597 956 1651 modo
981 1596 1244 1669 legantur,
1267 1596 1552 1668 eodemque
1574 1596 1725 1651 modo
1747 1599 1804 1652 in
1824 1597 1902 1652 his
1923 1596 2090 1662 libris,
2109 1613 2237 1668 quos
2257 1596 2477 1662 edimus,
2503 1593 2876 1663 reperiantur;
2905 1590 2960 1646 id
2985 1597 3125 1644 certe
3145 1605 3251 1644 non
3279 1587 3391 1644 leve
3685 1595 3756 1642 est
3773 1589 3852 1642 hos

625 1685 784 1742 libros
812 1690 1045 1760 ejusdem
1078 1689 1306 1745 auctoris
1335 1705 1464 1755 esse,
1501 1690 1648 1760 eique
1685 1697 1939 1760 tanquam
1967 1689 2266 1743 certissimis
2298 1689 2433 1742 notis
2459 1687 2736 1758 insignitas
2765 1685 2892 1755 jure
2933 1683 3127 1754 optimo
3153 1681 3480 1736 asserendos.
3510 1679 3756 1751 Exemplo
3780 1697 3852 1736 res

621 1775 822 1834 clarior
843 1778 954 1846 ﬁet.
987 1777 1130 1834 Solet
1157 1777 1389 1850 Cyrillus
1415 1781 1472 1833 in
1500 1779 1610 1834 suis
1641 1777 1786 1833 libris
1814 1777 1971 1834 illum
1994 1778 2188 1850 psalmi
2218 1793 2339 1835 XLVI
2371 1792 2576 1832 versum
2611 1777 2706 1830 hoc
2735 1774 2886 1830 modo
2916 1773 3102 1839 citare,
3126 1771 3227 1828 Dei
3252 1771 3445 1838 fortes,
3480 1787 3512 1826 α
3541 1779 3681 1828 terra
3707 1773 3855 1828 vehe-

625 1883 840 1933 menter
857 1875 1056 1930 elevati
1080 1882 1241 1942 sunt;
1261 1889 1428 1946 neque
1449 1873 1622 1930 solum
1643 1875 1830 1941 citare,
1856 1874 1948 1929 sed
1961 1876 2122 1930 etiam
2137 1875 2511 1946 expositionem
2524 1873 2644 1927 huic
2663 1871 2871 1926 lectioni
2887 1876 3257 1941 congruentem
3277 1884 3567 1940 apponere.
3594 1867 3700 1924 Hoc
3719 1869 3852 1925 modo

629 1973 774 2022 certe
804 1969 862 2022 in
887 1969 1001 2040 ejus
1020 1969 1411 2023 commentariis
1433 1969 1491 2024 in
1510 1969 1776 2026 Joannem
1805 1967 1894 2024 lib.
1924 1983 2000 2035 ιι,
2022 1985 2140 2040 cap.
2171 1969 2261 2034 29,
2288 1969 2370 2023 hic
2387 1983 2566 2022 versus
2589 1965 2798 2038 legitur.
2825 1964 2989 2036 Atqui
3019 1962 3200 2018 eodem
3225 1961 3378 2018 modo
3405 1963 3606 2018 citatur
3631 1963 3784 2032 etiam
3803 1964 3852 2017 in

621 2066 719 2119 hoc
743 2081 898 2136 opere
911 2065 1000 2120 lib.
1023 2083 1064 2132 1,
1082 2055 1213 2120 libro
1238 2066 1399 2120 etiam
1422 2081 1502 2121 ιιι.
1524 2063 1582 2121 Si
1605 2067 1768 2137 igitur
1787 2066 1928 2138 quod
1951 2073 2069 2121 erat
2096 2067 2152 2120 in
2181 2064 2408 2120 editione
2429 2063 2626 2119 Latina
2652 2063 2938 2134 posuissem
2953 2075 2974 2115 :
2993 2058 3093 2114 Dei
3116 2056 3290 2112 fortes
3316 2063 3508 2120 terrai,
3523 2053 3852 2110 vehementer

619 2155 820 2212 elevati
845 2165 996 2224 sunt,
1036 2175 1142 2214 non
1170 2156 1321 2212 modo
1351 2175 1546 2230 magna
1571 2175 1636 2213 ex
1658 2169 1812 2230 parte
1837 2161 2066 2214 auctoris
2091 2161 2406 2214 sententiam
2428 2159 2806 2222 obscurassem,
2835 2153 3246 2226 expositionique
3269 2151 3575 2222 olfecissem,
3602 2148 3690 2204 sed
3714 2149 3854 2203 etiam

621 2247 766 2302 haud
795 2247 905 2304 leve
935 2249 1187 2304 indicium
1222 2264 1324 2320 quo
1359 2256 1566 2318 poterat
1610 2259 1794 2304 auctor
1823 2251 1980 2321 hujus
2019 2251 2194 2322 aperis
2235 2250 2469 2320 dignosci
2499 2247 2850 2304 sustulissem.
2893 2245 3066 2301 Plura
3105 2245 3217 2315 ejus
3247 2243 3327 2296 rei
3358 2239 3606 2313 exempla
3641 2241 3729 2296 hoc
3758 2239 3846 2294 loco

621 2337 809 2407 afferre
833 2353 938 2392 non
963 2347 1040 2394 est
1059 2355 1208 2412 opus,
1235 2357 1352 2396 cum
1377 2344 1432 2396 in
1465 2342 1607 2398 calce
1626 2347 1798 2416 operis
1824 2344 2105 2416 adjecerim
2129 2343 2387 2400 nonnulla
2411 2342 2701 2416 Scriptum
2731 2342 2846 2398 loca
2879 2335 3236 2396 obsmalione
3259 2335 3522 2402 collecta;
3545 2335 3680 2390 unde
3703 2340 3854 2406 petere

617 2435 806 2498 potest,
829 2429 877 2484 si
909 2431 1022 2502 quis
1051 2431 1209 2503 plura
1235 2433 1511 2516 desideret.
1547 2436 1612 2492 In
1640 2437 1720 2492 his
1747 2445 1926 2492 autem
1961 2437 2106 2494 libris
2141 2445 2307 2492 totam
2333 2437 2446 2505 fere
2476 2437 2770 2492 secretioris
2801 2429 3162 2504 intelligentia
3193 2425 3578 2496 mystagogiam
3611 2422 3779 2486 tradit,
3803 2423 3850 2476 in

612 2531 724 2611 qua
752 2521 980 2611 maxime
1005 2523 1210 2611 videtur
1239 2528 1522 2596 excellere;
1553 2531 1684 2586 adeo
1710 2540 1772 2586 ut
1799 2535 1855 2587 in
1883 2533 2051 2606 Moysi
2085 2533 2230 2588 libris
2259 2532 2390 2588 nihil
2423 2533 2530 2604 fere
2567 2533 2636 2587 sit
2662 2531 2732 2585 ad
2758 2529 3001 2584 umbram
3029 2535 3078 2580 et
3107 2526 3410 2596 futurorum
3447 2523 3724 2593 imaginem
3747 2530 3848 2611 pet-

620 2609 809 2674 tinens,
845 2610 982 2680 quod
1019 2608 1100 2668 hic
1137 2631 1243 2670 non
1275 2618 1594 2689 explicetur;
1625 2631 1683 2676 ut
1713 2624 1850 2676 sicut
1878 2623 2000 2678 illos
2029 2623 2186 2678 libros
2225 2625 2283 2678 in
2319 2623 2506 2694 quibus
2543 2623 2606 2676 de
2637 2621 2898 2692 theologia
2928 2619 3194 2682 disseruit,
3221 2615 3565 2671 Thesanrum
3594 2607 3848 2680 inscript“.

615 2699 696 2752 ita
721 2700 814 2754 hos
849 2699 1027 2770 libros,
1059 2705 1286 2763 alterum
1313 2711 1456 2766 velut
1489 2731 1748 2787 anagoges
1775 2726 1824 2770 et
1848 2717 2152 2790 tropologia
2183 2719 2490 2774 thesaqu
2518 2719 2683 2790 possis
2711 2714 3004 2788 appellare.

691 2807 940 2874 Quamvis
966 2821 1142 2868 autem
1173 2819 1408 2873 omnium
1431 2820 1542 2890 fere
1567 2822 1734 2893 Moysi
1767 2821 2022 2879 librorum
2054 2827 2305 2897 mysteria
2333 2827 2392 2879 in
2419 2825 2498 2880 his
2533 2823 2678 2880 libris
2708 2823 3040 2894 aperiantur,
3062 2837 3166 2876 non
3198 2829 3372 2876 tamen
3401 2821 3640 2876 eamdem
3664 2818 3848 2884 seriem,

617 2918 781 2973 quam
806 2903 898 2958 ille
917 2905 973 2960 in
999 2908 1270 2964 scribendo
1299 2915 1488 2980 tenuit,
1515 2917 1596 2970 hic
1617 2917 1672 2970 in
1701 2917 2010 2988 explicando
2035 2927 2242 2974 secutus
2271 2928 2368 2986 est,
2402 2919 2494 2974 sed
2519 2935 2673 2974 suum
2700 2917 2979 2990 quemdam
3008 2916 3247 2972 ordinem
3271 2919 3522 2983 servavit,
3545 2917 3620 2970 ita
3645 2923 3699 2970 ut
3723 2914 3847 2985 prius

621 3007 933 3068 argumenta
963 3003 1206 3074 quadam
1241 3015 1384 3062 certa
1420 3010 1520 3064 sibi
1546 3011 1870 3082 prascribat,
1903 3021 2016 3069 tum
2046 3014 2159 3069 loca
2188 3013 2478 3088 Scriptura:
2508 3017 2814 3070 varia-cum
2845 3011 2950 3068 illis
2985 3012 3310 3084 argumentis
3342 3010 3698 3066 convenientia
3727 3022 3754 3061 e
3777 3005 3847 3060 di-

616 3094 777 3149 versis
806 3092 1096 3167 Scriptum
1125 3098 1268 3155 libris
1293 3101 1508 3175 colligat
1535 3112 1584 3158 et
1610 3105 1849 3177 explicet.
1889 3107 2078 3180 Itaque
2103 3111 2158 3164 in
2194 3113 2364 3180 primo
2404 3109 2534 3165 libro
2558 3127 2676 3164 cum
2702 3109 2766 3164 de
2792 3107 2944 3180 lapsu
2979 3107 3202 3162 hominis
3236 3107 3291 3160 in
3328 3113 3602 3177 peccatum
3633 3103 3846 3163 disserat,

620 3192 671 3238 et
711 3185 892 3242 doceat
925 3205 1028 3259 qua
1068 3191 1274 3244 ratione
1308 3210 1341 3246 a
1377 3197 1601 3264 peccatis
1636 3213 1699 3250 ac
1734 3197 1872 3252 vitiis
1916 3199 1988 3254 ad
2031 3201 2299 3257 meliorem
2342 3203 2548 3274 frugem
2593 3201 2766 3255 redire
2810 3199 2992 3272 possit,
3032 3196 3286 3268 decerptis
3320 3195 3560 3268 undique
3591 3191 3852 3264 Scriptura

617 3286 815 3332 sancta
849 3281 1174 3347 testimoniis,
1208 3281 1417 3353 illisque
1459 3285 1529 3338 ad
1573 3285 1842 3358 allegoria
1887 3291 2144 3346 rationem
2183 3294 2473 3358 enarratis,
2506 3293 2562 3346 id
2591 3292 2728 3364 quod
2772 3295 3120 3363 proposuerat
3155 3284 3376 3357 planum
3418 3287 3596 3356 facere
3630 3289 3847 3338 conatur.

619 3365 879 3421 Eamdem
932 3370 1191 3424 rationem
1234 3379 1370 3424 tenet
1420 3373 1476 3426 in
1527 3377 1784 3442 secundo,
1835 3393 1952 3432 cum
1995 3378 2160 3452 legem
2217 3383 2290 3436 'ad
2343 3383 2604 3436 hominem
2647 3377 3055 3452 justiﬁcandum
3100 3397 3208 3436 non
3253 3383 3382 3436 satis
3443 3379 3632 3436 habere
3681 3375 3848 3431 virium

618 3457 868 3545 ostendit.
929 3458 1190 3521 Eamdem
1249 3463 1306 3516 in
1363 3465 1548 3530 tertio,
1597 3467 1652 3520 in
1689 3483 1792 3538 quo
1849 3469 2082 3526 homines
2132 3473 2189 3526 in
2243 3471 2450 3528 Christo
2502 3471 2832 3545 justiﬁcari,
2885 3480 2935 3525 et
2995 3472 3052 3526 in
3115 3472 3230 3542 ejus
3294 3474 3559 3544 pracipue
3623 3467 3851 3538 baptismo

619 3544 740 3600 tolli
797 3557 1068 3618 peccatum
1123 3551 1290 3608 docet.
1345 3553 1456 3610 Nec
1513 3555 1773 3613 diversam
1817 3563 2077 3616 rationem
2138 3561 2216 3617 in‘
2251 3571 2442 3634 quarto
2501 3572 2550 3617 et
2610 3564 2791 3634 quinto
2851 3563 3110 3634 sequitur,
3145 3564 3203 3618 in
3267 3564 3460 3634 quibus
3519 3558 3850 3634 fortitudinem

624 3656 733 3696 esse
765 3646 1113 3700 necessariam
1142 3663 1247 3701 non
1280 3649 1434 3704 modo
1465 3651 1536 3705 ad
1563 3653 1892 3710 incommoda
1930 3657 2262 3728 perferenda,
2295 3675 2476 3714 verum
2503 3661 2663 3712 etiam
2703 3659 2772 3712 ad
2807 3667 3039 3712 terrenos
3077 3659 3290 3730 affectus
3323 3657 3714 3731 voluptatesque
3740 3665 3848 3706 conr-

621 3733 929 3802 culcandas,
963 3737 1219 3795 declarat.
1264 3741 1412 3797 Idem
1449 3755 1628 3800 servat
1666 3749 1723 3802 in
1750 3757 1916 3816 sexto,
1949 3751 2006 3804 in
2049 3767 2152 3822 quo
2182 3752 2245 3806 de
2283 3753 2540 3806 charitate
2578 3752 2634 3806 in
2665 3749 2856 3814 Deum,
2892 3759 2940 3806 et
2969 3752 3033 3805 de
3061 3752 3126 3805 iis
3161 3751 3437 3822 praceptis
3472 3765 3586 3822 qua
3619 3745 3687 3800 ad
3724 3738 3850 3796 illius

623 3823 948 3881 dilectionem
976 3831 1256 3900 pertinent,
1287 3832 1560 3902 disputat;
1601 3835 1666 3888 de
1708 3837 1772 3892 iis
1817 3839 1978 3893 etiam
2009 3839 2160 3894 rebus
2203 3840 2385 3912 quibus
2419 3842 2532 3912 ejus
2569 3840 2776 3896 dilectio
2802 3840 3033 3895 violatur
3061 3856 3081 3894 :
3111 3855 3184 3894 ea
3214 3848 3337 3894 sunt
3373 3852 3632 3911 perversa
3665 3833 3726 3888 de
3755 3830 3850 3885 Deo

622 3916 872 3990 falsaque
899 3922 1184 3992 opiniones,
1216 3933 1266 3977 et
1293 3941 1410 3996 qua
1441 3926 1504 3980 de
1537 3928 1794 3998 ejusmodi
1830 3932 1978 4004 falsis
2013 3935 2340 4005 opinionibus
2379 3935 2814 4008 proﬁciscuntur;
2844 3937 3139 4008 cujusmodi
3165 3943 3291 3990 sunt
3320 3936 3656 4007 prastigiosa
3693 3933 3846 3981 σείων

621 4024 758 4077 rum,
804 4012 1056 4078 ominum,
1104 4017 1445 4084 auguriorum
1469 4020 1875 4092 observationes,
1914 4029 2152 4083 manium
2191 4032 2534 4096 evocationes,
2579 4031 2944 4096 divinationes,
2993 4030 3238 4096 oracula,
3279 4029 3708 4100 superstitiones;
3745 4029 3848 4086 om

620 4103 799 4156 omnia
829 4102 1148 4159 idololatria
1174 4117 1398 4176 cognata
1428 4119 1574 4178 sunt,
1605 4123 1653 4168 et
1691 4131 1756 4170 ex
1788 4116 1885 4172 illa
1911 4121 2180 4190 ﬂuxerunt
2221 4139 2230 4176 .'

2234 4139 2240 4151 ’
2274 4121 2344 4176 ad
2369 4123 2477 4176 hac
2501 4122 2556 4175 in
2583 4121 2738 4192 culpa
2767 4121 2865 4192 fati
2893 4120 3220 4192 fortunaque
3245 4127 3552 4192 pratextus,
3580 4107 3844 4188 genethlia-

619 4209 801 4247 corum
833 4196 1062 4259 vanitas,
1097 4203 1388 4267 temporum
1429 4205 1650 4260 notatio.
1695 4204 1953 4262 Eamdem
1977 4209 2116 4264 viam
2145 4219 2280 4264 tenet
2307 4212 2362 4265 in
2393 4212 2612 4282 septimo
2647 4217 2695 4263 et
2720 4217 2931 4274 octavo,
2973 4225 3091 4263 cum
3119 4209 3182 4264 de
3213 4209 3332 4264 aliis
3362 4205 3634 4280 praceptis
3661 4193 3846 4254 disseri!

619 4305 736 4360 qua
771 4291 998 4360 proximi
1029 4289 1360 4348 dilectionem
1398 4297 1700 4367 attingunt;
1741 4313 1939 4353 necnon
1982 4300 2040 4354 in
2077 4317 2216 4355 nono
2245 4317 2306 4354 ac
2335 4301 2554 4366 decimo,
2586 4315 2705 4353 cum
2741 4298 2806 4353 de
2841 4297 3181 4353 tabernaculo
3225 4298 3446 4368 ejusque
3483 4282 3842 4350 instrumentis.

617 4384 841 4454 opiﬁcio,
867 4403 986 4451 usu,
1017 4385 1232 4458 legibus,
1263 4389 1610 4458 dedicatione,
1643 4392 1992 4451 oblationibus
2027 4398 2156 4468 agit.
2205 4396 2484 4452 Undecimo
2519 4411 2640 4450 vero
2674 4412 2737 4449 ac
2767 4393 3070 4448 duodecimo
3106 4393 3320 4447 diversis
3353 4406 3382 4445 e
3416 4389 3698 4459 Scriptura
3736 4374 3844 4468 ιοιξίε

617 4493 678 4532 ea
711 4479 907 4551 colligit
931 4497 1048 4552 qua
1083 4482 1152 4536 ad
1185 4484 1537 4539 sacerdotium
1563 4485 1782 4557 ejusque
1825 4485 1982 4559 leges,
2017 4462 2087 4542 ad
2129 4487 2461 4542 sacerdotum
2493 4493 2676 4552 vestes,
2707 4486 3168 4548 consecrationem,
3189 4481 3456 4551 sacriﬁcia
3481 4477 3752 4552 pertinent.
3789 4462 3844 4518 In

617 4567 966 4622 tertiodecimo
1013 4571 1258 4640 expendit
1300 4587 1418 4642 qua
1457 4571 1522 4625 de
1564 4571 1752 4639 levitis,
1791 4591 2075 4646 eorumque
2121 4577 2438 4642 recensione,
2478 4577 2804 4642 ministeriis,
2851 4574 3046 4648 legibus
3088 4573 3287 4646 Moyses
3337 4571 3586 4646 prodidit.
3628 4562 3842 4629 Quam”

615 4662 842 4717 decimus
881 4666 1138 4734 sequitur,
1165 4667 1222 4720 in
1260 4683 1364 4735 quo
1385 4669 1508 4738 jam
1538 4676 1800 4722 exstructo
1831 4668 2187 4735 tabernaculo,
2220 4671 2443 4725 mundos
2470 4687 2580 4726 esse
2608 4679 2848 4742 Oportere
2887 4670 2977 4742 qui
3021 4675 3144 4722 ante
3170 4675 3503 4737 conspectum
3539 4651 3745 4714 Domini
3769 4659 3867 4742 vf"

616 4758 786 4820 niant,
821 4759 1130 4830 vitiatosque
1160 4763 1394 4816 homines
1437 4779 1468 4815 a
1507 4764 1707 4817 sanctis
1753 4763 1922 4816 arceri
1967 4762 2255 4834 prafatus,
2309 4779 2398 4819 eas
2438 4764 2574 4836 leges
2611 4773 2982 4820 commemorat
3018 4776 3135 4834 qua
3166 4761 3230 4814 de
3259 4759 3497 4832 leprosis,
3527 4738 3869 4836 εεινιὶιιὶῇιιὶι,⁸

614 4847 897 4901 immundis
946 4850 1002 4903 in
1045 4851 1245 4914 anima,
1285 4853 1348 4906 de
1383 4855 1598 4919 collisis,
1639 4855 1874 4920 exsectis,
1911 4833 2128 4927 spuriis,
2169 4855 2384 4910 diversis
2433 4833 2556 4910 locis
2595 4854 2870 4928 Scriptura
2925 4833 3162 4908 tradidit.
3213 4851 3309 4906 His
3361 4848 3544 4921 adjicit
3581 4833 3839 4928 Ηοαθξεων

613 4942 962 5010 Ammanitae,
996 4945 1291 5000 immundos
1337 4947 1461 5000 item
1499 4962 1563 5000 ex
1597 4947 1904 5018 impuritate
1942 4925 2246 5002 studiorum
2279 4964 2342 5002 ac
2367 4948 2488 5003 vita
2513 4925 2927 5019 genere—parum
2970 4954 3135 5010 casto,
3175 4943 3358 5014 quales
3389 4949 3512 4998 sunt
3545 4925 3838 5019 meretrices.

614 5038 976 5108 fornicatores,
1003 5038 1251 5104 adulteri,
1277 5040 1557 5110 prostituti,
1585 5010 1712 5110 quos
1734 5043 2204 5110 τελισχομένους
2231 5010 2697 5113 Scripturavvocat.
2723 5010 2852 5094 lum
2875 5039 2940 5093 de
2965 5037 3171 5094 mundis
3187 5010 3584 5103 Iimmundisque
3609 5010 3840 5113 animali:-

612 5105 704 5182 bus
738 5128 969 5195 disserit,
999 5129 1186 5201 quidve
1226 5105 1320 5201 per
1344 5105 1658 5200 allegoriam
1686 5130 1874 5185 horum
1908 5105 2119 5202 singula
2147 5105 2442 5203 signiﬁcent
2469 5131 2704 5204 exponit.
2743 5131 2869 5186 Iam
2895 5131 2951 5184 in
2978 5131 3162 5202 quinto
3191 5132 3410 5198 decimo,
3435 5129 3561 5200 quia
3591 5134 3692 5176 non
3724 5105 3838 5204 σαιίξ

613 5233 729 5277 erat
753 5226 1012 5282 immundi
1041 5195 1258 5298 quinam
1285 5195 1472 5279 essent
1485 5223 1698 5289 dixisse,
1729 5225 1833 5279 nisi
1871 5195 2154 5280 adderetur
2187 5195 2296 5297 qua
2319 5195 2802 5282 ratione'mundari
2835 5195 3054 5298 possint,
3085 5243 3147 5281 ea
3181 5227 3361 5282 omnia
3397 5195 3600 5292 colligit
3637 5221 3746 5284 ιμιιε
3777 5195 3839 5255 αδ

614 5327 798 5368 eorum
823 5317 1186 5388 purgationem
1216 5324 1373 5388 atque
1403 5314 1794 5370 mundationem
1822 5316 1982 5369 veteri
2013 5313 2123 5386 lege
2149 5316 2480 5370 constitutum
2511 5322 2608 5370 est.
2641 5313 2768 5380 Qua
2800 5315 3071 5370 mundatio
3097 5319 3220 5387 quia
3245 5315 3515 5387 sacriﬁciis
3545 5305 3698 5378 ﬁebat
3716 5299 3838 5388 inte-

615 5403 742 5473 gris,
775 5383 838 5460 de
865 5383 1104 5480 perfectis
1129 5383 1448 5464 animalibus
1473 5408 1543 5462 ad
1572 5407 1892 5477 sacriﬁcium
1921 5383 2076 5479 aptis
2094 5407 2320 5463 disserit.
2357 5408 2527 5464 Porro
2551 5409 2886 5479 sacriﬁcandi
2924 5410 3057 5464 ritus
3090 5383 3218 5482 quia
3257 5429 3353 5483 pro
3383 5383 3836 5483 immunditiafii-

615 5475 873 5550 versitatei
893 5475 1200 5554 variabatur
1219 5539 1233 5565 ,
1274 5515 1480 5556 necesse
1518 5499 1618 5570 fuit
1652 5475 1722 5554 ut
1753 5475 2002 5570 quidquid
2047 5499 2136 5554 lex
2181 5500 2245 5554 de
2289 5500 2448 5572 lepra
2489 5475 2804 5573 differentia,
2843 5501 3006 5573 deque
3049 5475 3170 5558 aliis
3211 5475 3557 5563 immunditiis
3585 5475 3836 5573 generibus

614 5591 896 5654 statuerat,
935 5601 1384 5648 commemoraret.
1430 5567 1534 5647 Sed
1567 5592 1694 5664 quia
1739 5567 1933 5663 parum
1971 5600 2046 5646 est
2088 5567 2348 5648 maculas-
2370 5567 2647 5664 culparum
2685 5567 2930 5662 abluere,
2957 5597 3058 5650 nisi
3085 5596 3385 5668 purgationi
3420 5590 3578 5644 etiam
3601 5567 3836 5670 δεξηεξίείξξ

616 5676 921 5744 αάὶίείαευν,
943 5697 1038 5751 per
1063 5697 1221 5751 quam
1254 5701 1346 5740 nos
1376 5685 1515 5754 ipsos
1537 5655 1647 5736 Deo
1677 5655 2062 5748 consecramus,
2090 5684 2147 5752 in
2168 5692 2314 5740 sexto
2339 5655 2536 5738 decimo
2563 5683 2694 5738 libro
2719 5684 2814 5740 illa
2853 5655 3031 5742 omnia
3059 5655 3246 5758 digerit
3274 5700 3390 5752 qua
3417 5679 3502 5734 lex
3537 5671 3600 5726 de
3625 5657 3766 5719 donis
3792 5655 3835 5702 σε

618 5766 964 5825 oblationibus
1001 5771 1298 5829 instituerat
1323 5815 1335 5838 ,
1369 5794 1486 5848 qua:
1512 5779 1630 5834 item
1661 5778 1724 5833 dc
1751 5794 1905 5833 censu
1936 5778 2025 5834 illo
2050 5799 2199 5836 sacro
2225 5783 2313 5840 qui
2344 5798 2437 5836 vro
2471 5783 2639 5838 atatis
2671 5783 2873 5838 ratione
2900 5783 3216 5852 solvebatur,
3255 5799 3368 5848 qua
3394 5789 3458 5834 dc
3485 5777 3673 5842 main”
3709 5758 3830 5812 ’θιὼ
