4076 6306
537 451 641 509 127
1729 439 2061 498 VETERUM
2101 437 2142 491 Τ

2231 431 2538 489 ΓΙΊΜΟΝΙΑ.
3717 413 3841 472 128

536 572 632 618 aut
660 561 716 615 in
773 557 934 614 libris
992 556 1070 612 De
1108 556 1420 611 adcretione
1456 555 1512 608 in
1547 553 1756 623 spiritu.
1800 551 1993 607 Sermo
2035 547 2113 602 illi

2225 544 2308 599 τοῦ
2346 543 2481 614 πρὸς
2522 539 2806 610 Ἑρμείαν,
2839 539 2933 592 καὶ
2966 537 3060 591 τοῦ
3102 537 3240 606 Περὶ
3269 535 3469 604 τῆςὲν
3516 535 3835 603 πνεύματι

537 649 832 714 conﬁctus,
866 657 922 703 et
959 648 1027 702 ad
1061 647 1340 718 propriam
1369 643 1590 700 dicendi
1634 641 1866 698 formam
1895 648 2117 696 contor-

2224 635 2524 702 λατρείας.
2572 631 2630 683 ’0
2677 629 2734 683 δέ
2763 628 2920 698 λόγος
2954 627 3104 699 αύτῷ
3138 626 3511 698 πεποιημένος
3532 667 3547 691 ,
3585 625 3685 680 καὶ
3733 628 3832 683 εἱς

539 752 648 807 tus,
682 757 748 797 ac
791 740 966 796 veluti
1012 739 1256 795 solutum
1290 751 1658 806 numerosque
1697 734 1978 806 negligens
2007 746 2122 786 me-

2234 727 2542 791 ἱδιόιζουσαν
2589 722 2734 778 ἱδέαν
2781 721 3229 792 ἐκϐεϐιασμένος,
3260 719 3354 773 καὶ
3387 715 3498 773 οἷον
3528 717 3827 789 λελυμένη

541 841 714 888 trum.
2221 820 2316 872 καὶ
2342 817 2404 870 τὸ
2436 817 2634 888 μέτρον
2655 814 2984 886 ὑπερορῶσα
3010 813 3250 883 ποίησις.

613 922 739 978 Vide
769 923 1009 977 eumdem
1045 938 1167 993 pag.
1189 920 1294 975 578
1321 928 1369 974 et
1401 917 1504 973 379
1523 917 1586 972 de
1608 916 1753 971 libris
1778 923 1975 980 contra,
1997 913 2317 975 Nestorium,
2353 910 2416 963 de
2436 907 2709 980 Epistolis,
2733 914 2782 960 et
2800 905 2996 961 scholia
3028 907 3095 959 de
3110 905 3487 960 Incarnatione
3519 902 3825 975 Unigeuiti.

1513 1033 1956 1105 Martyrologium
1999 1029 2300 1084 Romanum
2335 1026 2420 1080 die
2459 1027 2527 1080 27
2567 1025 2840 1080 Januarii.

619 1151 804 1224 Sancti
842 1152 1049 1224 Cyrilli,
1085 1151 1659 1224 Alexandrinaeurbis
1704 1150 1970 1221 episcopi,
2000 1149 2094 1219 qui
2129 1146 2413 1204 catholica:
2439 1142 2568 1198 ﬁdei
2599 1137 3052 1213 praeclarissimas
3101 1142 3512 1208 propugnator,
3553 1133 3822 1190 doctrina

547 1231 605 1277 et
641 1222 926 1278 sanctitate
964 1223 1215 1289 illustris,
1239 1222 1451 1293 quievit
1480 1222 1538 1276 in
1573 1236 1730 1293 pace.

1725 1311 1893 1368 Gnaei
1938 1311 1994 1365 in
2035 1308 2349 1380 Menologio,
2403 1307 2436 1362 9
2471 1306 2639 1362 Junii.

619 1427 777 1496 Apud
815 1426 1219 1498 Alexandriam
1245 1425 1445 1480 natalis
1500 1425 1557 1480 S.
1597 1424 1808 1498 Cyrilli,
1843 1425 2090 1498 ejusdem
2129 1422 2369 1498 civitatis
2408 1419 2673 1498 episcopi,
2707 1418 2813 1498 viri
2847 1416 3237 1498 eruditissimi,
3281 1422 3340 1471 et
3369 1416 3666 1498 catholica
3685 1414 3822 1498 fidei

546 1485 974 1567 propugnatoris
1017 1495 1224 1567 egregii
1268 1512 1280 1546 :
1313 1511 1476 1565 quem
1527 1485 1776 1550 sum’mus
1798 1485 1806 1490 ’
1829 1485 2075 1566 pontifex
2118 1485 2459 1551 C(elestinus'
2480 1485 2737 1546 idoneum
2767 1487 3032 1561 judicavit
3075 1487 3166 1542 cui
3197 1501 3324 1542 suas
3359 1486 3507 1541 vices
3540 1486 3598 1540 in
3626 1485 3821 1556 Ephe—

547 1565 668 1621 sino
721 1565 957 1621 concilio
1009 1565 1301 1636 delegaret.

1559 1634 1727 1689 Iidem
1769 1634 1938 1692 ϐπ·ωεὶ
1983 1637 2039 1690 in
2084 1635 2328 1698 Menaeis,
2360 1630 2539 1685 eodem
2585 1628 2618 1684 9
2656 1627 2824 1683 Junii.

408 1729 413 1734 '
524 1758 527 1760 -
619 1724 882 1782 Flammis
932 1727 1108 1783 sancti
1159 1724 1398 1796 Spiritus
1439 1735 1623 1782 mente
1667 1727 1992 1793 illustratus,

2303 1721 2680 1794 Φρυκτωρίαις
2711 1718 2805 1773 τοῦ
2833 1717 3152 1790 Πνεύματος
3194 1715 3524 1788 ἐλλαμφθεὶς
3554 1715 3654 1787 τὴν
3699 1716 3823 1772 διά-

553 1816 848 1882 irradians,
883 1818 1036 1872 velut
1079 1817 1282 1882 radios,
1331 1819 1554 1873 oracula
1595 1817 1850 1883 edidisti;
1907 1823 2000 1871 tua
2034 1817 2131 1872 do-

2235 1831 2417 1880 νοιαν,
2458 1811 2761 1882 φωτοϐόλος
2804 1809 2958 1881 ἥλιος
2997 1809 3402 1880 ἐχρημάτισας,
3441 1806 3631 1879 ὥσπερ
3670 1809 3826 1862 ἀκτῖ-

555 1915 735 1975 gmata
777 1907 836 1961 in
883 1923 1074 1963 omnes
1110 1908 1267 1963 orbis
1304 1908 1658 1978 ﬁdeliumque
1694 1907 1844 1963 lines‘
1870 1908 2123 1973 emisisti,

2235 1925 2352 1972 νας,
2395 1905 2464 1960 τὰ
2498 1906 2744 1976 δόγματα
2786 1903 2866 1968 εἱς
2911 1902 3087 1956 πάντα
3138 1900 3205 1954 τὰ
3250 1900 3461 1973 πέρατα
3496 1900 3823 1966 ἐξαπέστει-

555 2004 734 2052 ctetus
783 2012 972 2053 omnes
1005 1997 1340 2064 illuminans,
1387 2015 1420 2053 ο
1458 1999 1795 2063 beatissime,
1831 2013 1896 2053 ac
1923 1999 2128 2066 divine,

2235 1999 2332 2062 λας
2349 1996 2576 2061 πιστῶν,
2599 1994 2960 2063 καταυγάζων
2981 1992 3344 2066 πληρώματα,
3359 1992 3819 2064 παμμακάριστε,

558 2087 927 2158 tenebrasque
969 2088 1251 2144 haereseon
1305 2105 1672 2159 persequens,
1725 2091 2134 2160 viviribusque

2235 2089 2329 2143 καὶ
2361 2087 2570 2143 διώκων
2601 2088 2660 2142 τὸ
2694 2087 2916 2151 σκότος,
2953 2085 3199 2155 θεοφόρε,
3234 2085 3343 2139 τῶν
3385 2087 3677 2157 αἱρέσεων,
3715 2085 3818 2138 δυ-

559 2175 710 2232 illius
738 2178 833 2247 qui
861 2193 891 2231 e
915 2178 1139 2248 Virgine
1161 2188 1328 2234 natus
1349 2179 1542 2234 eluxit.

2239 2183 2400 2253 νάμει
2430 2181 2522 2236 τοῦ
2559 2182 2622 2235 ἐκ
2659 2180 2937 2248 Παρθένου
2969 2178 3365 2250 ἐκλάμψαντος.

632 2267 954 2338 Eloquentia
1022 2277 1079 2324 et
1129 2269 1381 2324 facundia
1427 2270 1692 2325 orationis
1751 2279 1889 2337 tuae,
1939 2287 1972 2326 ο
2015 2287 2139 2326 san-

2303 2273 2585 2344 Εὺφραδίᾳ
2612 2272 2718 2326 τῶν
2741 2272 2915 2341 λόγων
2950 2287 3062 2335 σου,
3101 2269 3360 2342 ἱερώτατε
3392 2269 3650 2340 Κύριλλε,
3687 2270 3813 2326 Ἐκ-

559 2358 799 2414 ctissime
823 2359 1043 2430 Cyrille,
1077 2360 1322 2416 Ecclesia
1374 2369 1486 2416 tota
1538 2372 1856 2427 exornatur,
1905 2370 1962 2417 et
2009 2379 2137 2433 spe-

2236 2365 2434 2436 κλησὶα
2461 2365 2648 2418 ἅπασα
2688 2362 3003 2435 ὡραΐζεται,
3032 2361 3124 2416 καὶ¹
3152 2360 3391 2422 εὐσεϐῶς
3415 2360 3818 2426 καλλωπίζεται

559 2447 708 2503 ciosa
752 2459 1040 2506 venustate
1081 2459 1174 2506 tua
1212 2452 1301 2522 pie
1347 2451 1681 2518 decoratur;
1712 2462 1972 2524 tuamque
2008 2469 2135 2508 san-

2237 2455 2460 2526 ὡραίοις
2518 2455 2576 2506 ἐν
2625 2451 2867 2518 κάλλεσι,
2902 2451 2995 2504 καὶ
3036 2451 3167 2522 τιμᾷ
3201 2467 3293 2504 σου
3327 2450 3487 2521 ἱερῶς
3518 2451 3618 2522 τὴν
3659 2449 3817 2519 ἁγίαν

559 2550 703 2596 ctam
767 2543 1178 2598 translationem
1232 2559 1390 2599 sacro
1437 2544 1546 2599 ritu
1604 2546 1858 2608 honorat,
1900 2561 1933 2599 o
1997 2546 2140 2600 cele-

2241 2546 2588 2617 μετάστασιν,
2616 2543 2957 2614 παναοίδιμε,
2986 2542 3174 2613 ἱερέων
3215 2543 3277 2596 τδ
3307 2541 3480 2608 κλέος,
3506 2541 3615 2596 τῶν
3645 2541 3816 2595 πατέ-

559 2627 822 2696 berrime,
840 2631 1299 2700 sacerdotumque
1326 2633 1572 2687 omnium
1595 2633 1784 2699 decus,
1806 2634 2031 2688 Patrum
2049 2648 2139 2689 co-

2242 2655 2349 2710 ρων
2401 2638 2696 2709 κορυφαϊε,
2757 2637 2856 2708 τῆς
2912 2636 3127 2691 συνόδου
3183 2634 3284 2706 τῆς
3324 2634 3596 2704 παναγὶας
3649 2632 3816 2705 ὑπέρ-

561 2721 1012 2792 rypliaae,synodi
1047 2721 1404 2778 sanctissimae
1440 2732 1816 2795 propugnator
1849 2725 2135 2780 acerrime.
2243 2746 2405 2800 μαχε.

632 2811 765 2866 Tuis
795 2812 968 2882 igneis
993 2813 1357 2884 dogmatibus,
1393 2831 1426 2870 ο
1457 2817 1657 2886 praesul
1715 2817 2136 2888 sapientissime,

2310 2819 2436 2881 Τοῖς
2467 2816 2714 2889 πυρίνοις
2749 2834 2842 2870 σου
2873 2817 3106 2888 δόγμασι
3140 2815 3248 2870 τῶν
3295 2815 3561 2887 αἱρέσεων
3595 2815 3816 2870 ἃπασαν

561 2915 780 2958 omnem
835 2913 1227 2961 sarmentosam
1279 2906 1601 2978 aridamque
1646 2909 1926 2964 haereseon
1969 2919 2142 2964 mate-

2240 2907 2564 2979 φρυγανώδη
2581 2908 2806 2976 ἔφλεξας
2832 2907 2984 2978 ὓλην,
3007 2906 3378 2977 ardva-0:95,:th
3398 2907 3684 2979 νοημάτων
3706 2909 3816 2972 τοῖς

559 2991 700 3046 riam
749 2998 1150 3064 concremasti;
1207 3001 1606 3056 sententiarum
1660 3009 1875 3056 tuarum
1908 3000 2139 3072 profun-

2242 3000 2429 3072 βάθεσι
2468 2999 2742 3070 βυθίζεται
2768 3000 3087 3071 στράτευμα
3114 2997 3486 3053 ἀπειθούντων
3510 2998 3808 3064 δυσσεϐῶν,

561 3081 767 3150 ditate,
805 3100 838 3140 ο
879 3089 1245 3145 sacratissime
1280 3090 1481 3162 Cyrille
1502 3133 1515 3157 ,
1571 3092 1866 3162 impiorum
1899 3090 2141 3161 perﬁdo-

2241 3092 2503 3164 ἱερώτατε
2529 3090 2786 3161 Κύριλλε,
2815 3093 2925 3156 τοῖς
2939 3091 3227 3160 διδάγμασι
3257 3089 3677 3156 καλλωπίζεται,
3716 3090 3814 3161 μά-

561 3190 794 3247 rumque
815 3178 1196 3237 haereticorum
1216 3183 1552 3255 demergitur
1579 3184 1891 3251 exercitus;
1925 3192 2018 3239 tua
2039 3184 2141 3240 do-

2243 3199 2371 3253 καρ,
2403 3181 2524 3235 καθ’
2557 3182 2793 3253 ἑκάστην
2823 3182 2928 3236 τῶν
2958 3181 3164 3237 πιστῶν
3188 3184 3220 3253 ἠ
3254 3181 3550 3254 Ἐκκλησία
3578 3182 3808 3254 μεγαλο-

561 3268 755 3334 ctrina,
787 3285 820 3325 ο
849 3271 1029 3338 beate,
1053 3273 1250 3330 diebus
1267 3277 1498 3348 singulis
1529 3287 1831 3332 exornatur
1855 3285 1970 3333 tota
2001 3275 2142 3332 lide-

1187 3292 1250 3330 us
1267 3277 1498 3348 singulis
1529 3287 1831 3332 exornatur
1855 3285 1970 3333 tota
2001 3275 2142 3332 ﬁde-
2246 3273 2456 3346 φρόνως
2477 3272 2694 3345 τιμῶσά
2717 3289 2797 3329 σε.

559 3358 696 3415 lium
717 3362 982 3430 Ecclesia,
1003 3383 1124 3435 quae
1143 3369 1342 3425 eximie
1383 3379 1436 3424 te
1456 3370 1712 3435 honorat,
1744 3370 2028 3440 praedicat.

633 3452 895 3523 Repletus
921 3472 981 3511 es
1011 3457 1380 3514 illustratioue
1433 3459 1607 3514 sancti
1659 3459 1918 3530 Spiritus,
1958 3475 1991 3515 ο
2037 3458 2141 3530 Cy-

2326 3449 2636 3521 Ἐπλήσθης
2689 3449 2792 3521 τῆς
2847 3448 3129 3520 δᾳδουχίας
3156 3489 3172 3513 ,
3217 3449 3491 3520 Κύριλλε,
3529 3447 3624 3502 τοῦ
3671 3448 3812 3503 θείου

563 3542 704 3608 rille,
746 3556 1147 3617 praeceptorum
1175 3549 1382 3606 Christi
1433 3560 1638 3618 custos,
1690 3561 1854 3624 atque
1893 3552 1963 3608 ab
2002 3551 2136 3607 aﬂ‘e-

2252 3541 2592 3611 Πνεύματος,
2647 3540 2754 3596 τῶν
2799 3540 3028 3594 ἐντολῶν
3069 3541 3144 3606 ὡς
3179 3541 3354 3610 φύλαξ
3405 3540 3498 3595 τοῦ
3554 3540 3811 3609 Χριστοῦ,

563 3633 745 3736 ctibus
772 3646 828 3693 et
853 3639 1203 3707 passionibus
1225 3653 1608 3714 perpurgatus,
1636 3644 1992 3700 divinissimae
2013 3643 2138 3700 Tri-
2167 3693 2173 3729 γ

2201 3634 2352 3736 ςτῶν
2401 3632 2590 3686 παθῶν
2637 3632 3054 3704 καθηράμενος,
3116 3632 3214 3704 τῆς
3276 3631 3549 3705 ὕπερθέου
3587 3631 3811 3702 γέγονας

563 3722 754 3780 uitatis
789 3742 919 3783 vere
953 3728 1130 3786 factus
1165 3747 1225 3786 es
1260 3732 1660 3788 habitaculum.
2169 3722 2173 3729 ’

1431 3733 1660 3788 iculum.
2169 3722 2208 3739 ν
2241 3725 2409 3790 ὅντως
2439 3725 2667 3796 Τριάδος
2702 3725 3041 3794 ἐνδιαίτημα.

636 3815 726 3871 Uti
782 3820 921 3884 zelo,
975 3821 1050 3875 ita
1085 3823 1340 3878 libertate
1401 3825 1665 3894 loquendi
1712 3826 1929 3895 plenus,
1960 3841 1994 3880 ο
2026 3825 2141 3895 glo-

2317 3819 2404 3882 Ὡς
2433 3817 2618 3889 ζήλου,
2649 3818 2744 3871 καὶ
2775 3817 3087 3889 παρρησίας
3131 3815 3402 3887 ἔμπλεως,
3447 3814 3704 3886 Κύριλλέ
3731 3813 3811 3867 ἐν·

566 3905 712 3960 riose
741 3905 942 3978 Cyrille
964 3951 978 3974 ,
1016 3913 1336 3968 orthodoxae
1376 3914 1640 3969 doctrina:
1686 3916 2004 3986 praesidens,
2031 3916 2142 3971 haz-

2233 3908 2355 3974 δοξε
2382 3949 2395 3974 ,
2444 3909 2542 3973 τὰς
2581 3909 2884 3980 θεομάχους
2921 3907 3101 3971 πάσας
3155 3908 3402 3978 ἀψευδῶς
3441 3905 3812 3976 γλωσσαλγίας

567 3997 767 4052 reticas
813 4001 1214 4073 mendacesque
1269 4004 1559 4074 impiarum
1608 4006 1876 4061 haeresum
1926 4007 2140 4076 linguas

2233 4001 2482 4064 διέλυσας
2524 4001 2632 4055 τῶν
2683 4000 2958 4054 δυσσεϐῶν
3000 3999 3286 4072 αἱρέσεων,
3337 3998 3644 4071 όρθοδοξίας
3688 4015 3811 4069 προ-

570 4083 891 4144 dissolvisti.

2233 4094 2543 4165 ἴστάμενος.

641 4179 784 4255 Ilico,
818 4190 868 4255 et
914 4183 1188 4255 complura
1234 4185 1344 4241 alia
1381 4187 1571 4242 ibidem
1615 4187 1782 4244 Graeci
1819 4189 1874 4242 in
1909 4185 2142 4249 Menceis,
2182 4188 2374 4240 mensis
2409 4184 2558 4239 Junii
2604 4184 2697 4255 die
2733 4200 2819 4249 rx,
2867 4191 2917 4236 et
2953 4185 3008 4255 iu
3051 4184 3237 4239 concil.
3279 4184 3528 4255 Ephesini
3569 4195 3620 4241 et
3652 4186 3816 4242 Chal-

568 4249 1061 4327 cedonensis_actis.
1103 4254 1226 4308 Vide
1257 4265 1513 4327 praetegea
1551 4257 1839 4327 _Evagrium
1887 4257 2017 4310 lib.t
2058 4257 2287 4327 Histor_.,
2318 4272 2438 4326 cap.
2483 4255 2537 4316 5,
2575 4263 2636 4327 et
2660 4252 2930 4308 Socratem
2974 4252 3062 4308 lib.
3100 4271 3196 4320 vn,
3250 4271 3302 4309 c.
3329 4249 3406 4310 ’52
3435 4265 3484 4310 et
3519 4257 3620 4324 35;
3660 4257 3814 4313 Nice-

568 4274 871 4306 ceuanenszs
910 4274 1061 4307 acus.
1109 4274 1226 4308 nae
1295 4274 1513 4311 rwterea
1551 4274 1839 4327 magnum
1887 4274 2017 4310 no.1
2058 4274 2287 4320 mswr.,
2318 4274 2438 4326 cap.
2483 4274 2537 4316 ο,
2575 4274 2622 4306 ει
2660 4274 2930 4308 oocratem

567 4319 789 4389 phorum
833 4320 920 4376 lib.
952 4339 1059 4389 xw,
1098 4341 1214 4395 cap.
1254 4274 1323 4380 g5
1355 4343 1370 4394 ;
1407 4319 1713 4381 Libefatum
1748 4329 1803 4380 in
1843 4326 2139 4393 Breviario,
2180 4325 2417 4397 aliosque
2454 4339 2584 4396 pene
2619 4325 2945 4378 innumeros.

1422 4437 1484 4498 S.
1532 4437 1886 4498 Anastasius
1933 4436 2166 4499 Sinaita
2219 4435 2286 4497 in
2337 4434 2597 4514 Hodego
2648 4433 2807 4513 (cap.
2861 4433 2942 4514 5).

637 4529 836 4586 Sancta
878 4531 996 4588 haec
1033 4535 1274 4606 synodus
1319 4536 1636 4611 (Ephesina)
1688 4538 1835 4608 quod
1884 4537 2136 4594 Christus

2329 4536 2393 4590 'H
2423 4537 2478 4590 δέ
2505 4535 2634 4605 ἁγία
2666 4537 2880 4600 σύνοδος
2903 4536 2989 4592 διὰ
3017 4537 3077 4590 τὸ
3097 4538 3300 4591 τέλειον
3327 4533 3467 4592 εῖναι
3511 4537 3570 4593 ἐν
3600 4540 3815 4614 θεότητι

567 4631 676 4679 tam
717 4621 1004 4681 divinitate
1061 4641 1224 4696 quam
1269 4627 1611 4685 humanitate
1673 4645 1827 4698 aeque
1863 4629 2140 4699 perfectus

2247 4625 2340 4679 καὶ
2383 4625 2586 4678 τέλειον
2643 4625 2842 4694 ὁμοίως
2890 4628 2947 4680 ἐν
3016 4627 3391 4698 ἀνθρωπότητι
3438 4629 3528 4682 τὸν
3557 4631 3813 4702 Χριστὸν,

541 4721 732 4782 _esset,
771 4713 828 4768 in
859 4713 1074 4772 duabus
1099 4718 1384 4776 inconfuse
1420 4729 1476 4775 et
1505 4719 1944 4789 inseparabiliter
1968 4719 2140 4773 unitis

2199 4761 2215 4810 μ
2246 4715 2303 4768 ἐν
2332 4714 2422 4768 δύο
2459 4715 2621 4769 αὐτὸν
2666 4716 2976 4786 ήνωμέναις
3023 4716 3251 4785 φύσεσιν
3285 4717 3378 4771 ἕνα
3404 4717 3608 4788 Κύριον
3641 4721 3809 4790 ἀσυγ-

565 4803 799 4867 naturis,
833 4820 1005 4859 unum
1034 4807 1325 4864 Dominum
1367 4819 1452 4866 est
1490 4809 1736 4880 professa
1768 4827 1779 4861 :
1818 4808 2138 4865 conﬁrmata
2171 4804 2175 4812 “

2204 4800 2206 4807 ’
2241 4800 2417 4872 χύτως
2455 4804 2548 4857 καὶ
2587 4801 2905 4874 ἀδιαιρέτως
2941 4803 3209 4874 ἐκήρυξεν
3233 4844 3248 4868 ,
3295 4807 3686 4877 ἐπικυρώσασα
3715 4809 3814 4877 τὴν

564 4888 826 4955 Nestorii,
879 4892 935 4946 in
967 4894 1148 4963 priore
1196 4897 1471 4966 Ephesino
1498 4899 1753 4961 concilio,
1784 4906 2003 4953 auctore
2032 4897 2139 4969 Cy-

2240 4891 2558 4962 καθαίρεσιν
2584 4891 2880 4963 Νεστορίου
2911 4892 2978 4962 ἦν
3028 4894 3282 4956 ἐποίησεν
3319 4897 3347 4948 ό
3399 4897 3669 4968 μακάριος
3702 4897 3813 4950 Κύ-

566 4979 710 5046 rillo,
750 4981 1272 5058 damnatione;quo
1313 4990 1534 5059 quidem
1579 4991 1637 5044 B.
1692 4989 1895 5061 Cyrillo
1929 4990 2139 5044 collau-

2244 4982 2440 5053 ριλλος,
2473 4985 2537 5053 τῇ
2583 4984 2640 5035 ἐν
2688 4983 2901 5054 Ἐφέσῳ
2939 4983 2999 5036 τὸ
3023 4985 3287 5056 πρότερον
3313 4986 3444 5057 ἁγίᾳ.
3477 4989 3698 5058 συνόδῳ,
3724 4989 3811 5041 εύ-

566 5068 715 5137 dato,
751 5071 932 5128 eidem
970 5073 1076 5130 hoc
1124 5075 1298 5132 edidit
1346 5078 1584 5150 elogium
1618 5097 1631 5132 :
1671 5077 1894 5150 Cyrillo,
1932 5086 2141 5133 interna

2243 5071 2533 5141 φημίσασα
2590 5071 2683 5123 καὶ
2745 5072 2838 5125 τὸν
2888 5073 3050 5125 αὐτὸν
3089 5075 3359 5145 μακάριον
3408 5077 3676 5148 Κύριλλον
3719 5076 3810 5131 καὶ

564 5163 849 5219 memoria.

2241 5163 2491 5218 εἰποῦσα·
2519 5162 2788 5234 Κυρίλλου
2822 5163 3016 5218 αἱωνία
3048 5166 3081 5238 ή
3111 5167 3319 5238 μνήμη.

1695 5280 1704 5288 ·
1761 5258 1907 5314 Idem
1933 5300 1947 5325 ,
1986 5257 2164 5312 eodem
2210 5255 2363 5321 libro,
2397 5271 2515 5325 cap.
2565 5252 2616 5308 8.

638 5364 986 5425 Adducamus
1022 5385 1148 5426 eum
1199 5372 1378 5441 ipsum
1427 5370 1710 5442 Cyrillum,
1771 5373 1958 5428 lumen
1999 5370 2134 5425 illud

2313 5367 2764 5439 Παραστήσωμεν
2808 5367 2970 5421 αὐτὸν
3002 5367 3092 5422 τὸν
3125 5371 3403 5441 φωστῆρα,
3456 5371 3550 5423 καὶ
3594 5368 3684 5423 τοῦ
3719 5387 3802 5439 χο⁹

569 5450 793 5508 Patrum
823 5457 1266 5527 celeberrimum,
1309 5469 1364 5516 et
1409 5460 1808 5528 beatissimum,
1848 5462 2136 5517 docentem

2244 5459 2338 5531 ροῢ
2366 5459 2474 5513 τῶν
2503 5459 2762 5530 Πατέρων
2803 5459 3044 5530 ἀοίδιμον
3097 5460 3190 5513 τὸν
3223 5461 3488 5532 μακάριον
3521 5459 3800 5532 Κύριλλον,

571 5544 866 5614 apostolica
915 5551 1200 5606 veritatem
1256 5560 1464 5609 natura:
1500 5553 1752 5609 humana:
1798 5554 1854 5608 in
1893 5551 2132 5608 Christo.

2243 5551 2342 5622 τὴν
2371 5551 2532 5621 φύσιν
2569 5551 2825 5623 ἀλήθειαν
2875 5545 3014 5606 εἶναι
3040 5551 3382 5617 διδάσκοντος
3405 5550 3797 5615 ἀποπολικῶς.

1859 5661 2028 5728 Idem,
2063 5663 2272 5732 ibidem,
2306 5681 2424 5737 cap.
2461 5663 2546 5718 10.

641 5743 847 5818 Cyrillo
911 5756 1114 5804 aeterna
1173 5751 1476 5816 memoria,
1544 5752 1686 5807 sicut
1734 5761 1789 5808 ct
1834 5751 2136 5809 Chalcedo-
2198 5822 2205 5828 _

2198 5822 2205 5828 _
2313 5754 2580 5826 Κυρίλλου
2637 5755 2828 5810 αίωνία
2882 5757 2915 5826 ή
2972 5757 3160 5828 μνήμη
3206 5756 3347 5810 καθὰ
3395 5756 3551 5826 κα¹ιή
3593 5755 3797 5818 σύνοδος

575 5841 760 5896 ncnsis
817 5841 1058 5915 synodus
1102 5842 1256 5900 dixit.
1308 5843 1522 5900 Etenim
1579 5845 1762 5902 nullus
1825 5856 2135 5902 sanctorum

2251 5845 2592 5923 Χαλκηδόνος
2617 5846 2820 5918 εἴρηκε.
2864 5848 2972 5902 Καὶ
3013 5847 3119 5919 γὰρ
3147 5847 3319 5911 οὐδεὶς
3359 5845 3468 5901 τῶν
3496 5845 3664 5916 ἁγίων
3700 5847 3797 5900 Πα-

2723 5892 2734 5918 l
