4076 6306
219 311 328 366 129

1707 323 1872 380 MONI
1881 325 2041 382 TUM.

3317 407 3330 420 ,
3373 347 3480 404 130

218 428 401 499 τέρων
456 426 514 480 τὸ
548 427 836 497 πανάγιον,
871 429 965 484 καὶ
995 432 1286 502 ἀμείωτον,
1320 433 1412 488 καὶ
1443 435 1679 502 αἰώνιον,
1711 438 1802 490 καὶ

1905 439 2126 494 Patrum
2159 443 2565 500 sanctissimum
2598 448 2731 504 illud
2763 460 2820 506 et
2853 451 3196 522 indeﬁciens,
3231 467 3289 513 et
3311 470 3475 518 aeter-

115 568 122 574 .
222 519 604 582 ἁνεξαλειπτον
642 519 755 572 τῶν
799 519 1037 591 Χριστοῦ
1066 522 1279 592 φύσεων
1314 525 1556 596 εἴρηκεν,
1585 527 1660 589 ὼς
1689 525 1804 580 θεο-

224 611 447 680 φάντωρ
489 610 779 682 Κύριλλος.
830 614 893 666 Ol
947 614 1046 682 μὲν
1097 614 1207 687 γὰρ
1256 617 1518 688 μακάριοι
1563 618 1804 689 Πατέρες

221 707 312 754 τὸν
353 701 585 772 ἀριθμὸν
614 702 932 772 εἰρήκασιν·
965 704 994 756 ὁ
1030 703 1087 757 δὲ
1116 707 1514 780 τρισμακάριος
1539 708 1803 779 Κύριλλος

225 791 365 861 μετὰ
396 791 488 844 τοῦ
521 793 758 863 ἀριθμοῦ
789 795 882 846 καὶ
907 791 1002 865 τὴν
1031 795 1445 864 ἀνεξάλειπτον,
1482 799 1574 852 καὶ
1602 816 1801 870 τηρου-

224 883 396 954 μέγην
423 885 509 938 ἀεὶ
553 885 660 937 τῶν
696 885 912 955 φύσεων
971 886 1066 940 τοῦ
1117 890 1326 962 Κυρίου
1370 892 1630 963 διαμονὴν
1663 893 1802 964 μετὰ

218 976 320 1045 τὴν
353 975 564 1040 ἕνωσιν,
584 976 677 1028 καὶ
709 976 778 1030 τὰ
807 978 951 1050 ἑξῆς.
973 974 1046 1032 Εὖ
1067 997 1149 1032 σοι
1174 980 1404 1048 γένοιτο,
1425 983 1671 1056 φωστὴρ,
1706 984 1802 1036 καὶ

221 1066 400 1138 πυρσὲ
427 1109 441 1130 ,
477 1070 569 1120 καὶ
605 1067 763 1122 στύλε
807 1070 904 1140 τῆς
944 1070 1226 1143 ἀληθείας,
1262 1072 1520 1144 Κύριλλε.
1591 1077 1798 1140 Ὄντως

220 1156 521 1227 Ruptum»,
558 1157 718 1209 πάλιν
758 1156 924 1226 λέγω,
958 1158 1149 1212 αἰωνία
1177 1160 1209 1230 ή
1247 1163 1456 1231 μνήμη,
1489 1159 1562 1229 μὴ
1594 1177 1803 1232 συγχω-

1899 541 2032 579 num
2080 535 2136 582 et
2172 528 2465 586 indelebile
2513 542 2724 592 naturae
2774 537 2978 595 Christi
3031 543 3360 603 beneﬁcium
3401 552 3474 609 ita

1899 617 2235 684 praedicavit,
2268 620 2411 676 sicut
2442 623 2660 680 divinus
2707 627 2960 700 Cyrillus.
3011 633 3147 689 Nam
3192 637 3339 692 beati
3371 640 3475 695 Pa-

1899 716 2010 800 tres
2037 725 2330 765 numerum
2358 713 2740 784 assignarunt;
2765 734 2830 774 ac
2861 720 3216 781 beatissimus
3237 726 3477 800 Cyrillus

1898 797 2064 854 simul
2094 815 2220 854 cum
2250 817 2484 859 numero
2501 805 2870 864 indelebiliter
2893 826 3220 885 semperque
3251 797 3478 876 naturas

1898 900 2248 981 conservatas
2305 910 2424 950 esse
2449 938 2463 962 ,
2523 899 2686 954 etiam
2734 911 2859 972 post
2897 905 3156 962 unionem
3185 911 3477 981 perspicue

1899 979 2106 1046 docuit,
2135 989 2241 1037 etc.
2285 982 2430 1040 Bene
2475 988 2545 1042 sit
2578 990 2699 1056 tibi,
2737 991 2945 1060 lumen,
2976 995 3066 1050 fax
3089 1038 3104 1062 ,
3135 1007 3192 1054 et
3219 979 3474 1056 columna

1899 1072 2170 1137 veritatis,
2201 1073 2424 1144 Cyrille.
2460 1076 2659 1134 Iterato
2699 1081 2898 1149 dicam,
2938 1083 3127 1156 Cyrilli
3160 1104 3290 1143 vere
3317 1099 3475 1145 aeter-

1899 1180 1970 1219 na
2000 1166 2284 1233 memoria,
2316 1168 2410 1238 qui
2434 1184 2545 1223 non
2577 1172 2708 1226 sinit
2734 1189 2834 1230 nos
2867 1191 2897 1230 a
2926 1193 3061 1235 vero
3085 1179 3366 1238 deerrare.

223 1246 443 1317 ροῦντος
470 1249 612 1317 ἡμᾶς
636 1249 700 1300 ὲκ
722 1249 824 1318 τῆς
851 1247 1108 1318 ἀληθείας
1137 1249 1501 1322 πλανηθῆναι.

221 1361 296 1420 Β.
340 1360 648 1441 Eulogius
692 1361 1195 1453 archiepiscgpus
1240 1362 1678 1453 dlexandrite,
1725 1365 1794 1453 in
1829 1365 2112 1453 {ratione
2153 1364 2459 1453 adversus
2506 1367 2951 1453 calumniantes
2985 1374 3098 1436 SS.
3121 1377 3368 1453 Patres,
3422 1387 3478 1440 et

658 1439 988 1501 concilium
1031 1439 1544 1503 Chalcedonense.
1595 1442 1783 1523 Apud
1830 1442 2127 1502 Photium
2179 1443 2247 1502 in
2289 1443 2719 1523 Bibliotheca,
2797 1467 3031 1512 ccxxx.

293 1567 634 1640 Ardensille
669 1567 920 1622 veritatis
942 1567 1222 1640 studiosus
1251 1569 1508 1640 Cyrillus,
1532 1570 1650 1624 haec
1687 1579 1742 1624 et
1770 1568 1858 1622 his
1892 1569 2205 1640 consimilia
2233 1568 2533 1640 Scripturis
2567 1589 2836 1640 asserens,
2869 1591 2979 1630 non
3015 1578 3179 1633 modo
3211 1579 3472 1638 libenter.

218 1647 282 1693 et
334 1637 732 1708 iucundissime
770 1637 1037 1721 accessit,
1081 1639 1176 1719 sed
1215 1637 1526 1721 etPIaulum
1568 1640 1908 1721 Emisenum,
1950 1641 2042 1721 qui
2079 1639 2151 1721 ab_
2193 1638 2313 1721 ipso
2356 1637 2560 1696 missus
2587 1652 2708 1721 erat
2739 1645 2795 1698 in
2822 1637 3042 1721 publico
3068 1658 3211 1703 cmtu
3246 1637 3475 1705 concio;

217 1717 752 1830 naturqsitquteet
796 1708 900 1762 sibi
951 1718 1008 1763 et
1052 1709 1292 1764 mittenti
1329 1709 1534 1781 Cyrillo
1585 1710 1752 1766 fuerit
1791 1708 2095 1773 sententia,
2138 1708 2393 1765 laudibus
2429 1715 2678 1783 excepit,
2711 1724 2768 1769 et
2802 1708 2862 1770 ut
2897 1716 3088 1772 eadem
3122 1719 3471 1784 sentientem,

217 1793 400 1831 magni
425 1792 508 1831 ec:
541 1819 554 1831 .

217 1793 554 1849 magnuecu.

1637 1851 1805 1918 Idem,
1850 1850 2058 1906 ibidem.

286 1938 515 2024 Doctus,
555 1947 612 2024 et
644 1938 797 2024 pius,
831 1939 1182 2024 minimeque‘
1200 1942 1460 2024 vacillans
1488 1941 1724 2024 Cyrillus
1756 1960 1921 1998 unam
1953 1945 2339 2024 docet__Verbi_
2365 1954 2639 2010 naturam,
2680 1959 2736 2024 et
2776 1947 2924 2002 illam
2967 1947 3323 2024 incarnatam,
3361 1962 3471 2011 etc.

212 2008 435 2149 Ettqenim
459 2009 630 2065 multa
645 2008 881 2134 agitat,
914 2025 1023 2066 non
1070 2008 1274 2077 verbis,
1316 2020 1372 2067 et
1404 2008 1723 2070 nominibus
1750 2029 1974 2070 sensum
2012 2015 2208 2082 credit,
2247 2016 2343 2072 sed
2372 2026 2555 2072 mente
2592 2008 2762 2072 verba
2812 2026 2868 2074 et
2903 2019 3127 2074 nomina
3159 2008 3472 2091 conferens,

212 2093 247 2132 a
310 2094 379 2134 ne
401 2094 646 2134 accomm
723 2095 840 2134 ans.
3119 2135 3121 2140 .

212 2093 379 2134 atoue
401 2093 840 2134 accommoaans.

1416 2192 3440 2222 _________._________________

1551 2285 2134 2376 MONITUM

1011 2445 1084 2504 In
1109 2442 1305 2506 libros
1336 2445 1421 2504 De
1453 2441 1824 2504 adoratione
1861 2443 1927 2504 in
1955 2445 2187 2523 spiritu
2230 2455 2289 2508 et
2329 2450 2588 2511 veritate
2615 2449 2721 2532 (l).

280 2567 435 2621 Libri
468 2575 761 2637 sequentes
791 2565 918 2622 inde
949 2583 1149 2622 nomen
1190 2566 1369 2622 sortiti
1410 2575 1539 2622 sunt
1567 2565 1714 2636 quod
1743 2565 1978 2637 Cyrillus
2020 2567 2076 2622 in
2120 2569 2293 2625 forma
2334 2572 2532 2643 diaIOgi
2574 2587 2692 2627 eam
2730 2572 3099 2631 difﬁcultatem
3141 2578 3351 2634 solvere
3381 2595 3474 2650 ag-

214 2673 435 2726 gressus
463 2658 553 2724 sit,
588 2675 694 2728 qua
724 2659 947 2714 tandem
967 2657 1200 2724 ratione,
1226 2658 1344 2728 lege
1366 2656 1539 2711 veteri
1566 2671 1665 2726 per
1688 2656 1900 2712 Novum
1932 2657 2347 2715 Testamentum
2374 2661 2654 2732 abrogata,
2685 2662 2939 2719 Christus
2971 2666 3170 2721 dixerit
3192 2667 3399 2739 (Matth.
3417 2685 3470 2734 v,

218 2749 304 2821 17)
336 2768 348 2802 :
381 2770 399 2801 ι
435 2750 556 2804 Non
581 2751 706 2806 veni
733 2751 944 2806 solvere
975 2753 1170 2820 legem,
1203 2749 1296 2803 sed
1330 2747 1659 2818 adimplere;
1695 2766 1712 2799 ι
1749 2755 1806 2802 et
1835 2747 2011 2819 (Joan.
2047 2765 2120 2816 tv,
2158 2750 2248 2822 24)
2284 2771 2296 2805 :
2347 2771 2364 2803 ι
2400 2753 2459 2808 In
2487 2755 2683 2824 spiritu
2714 2765 2768 2811 et
2794 2758 3025 2813 veritate
3053 2759 3225 2814 Deum
3259 2761 3474 2816 Patrem

213 2853 429 2916 oportet
461 2845 710 2900 adorare.
745 2865 764 2898 ι
804 2847 942 2901 Eum
978 2847 1034 2900 in
1073 2844 1236 2899 ﬁnem
1264 2844 1467 2914 optime
1499 2844 1677 2909 docet,
1717 2854 1987 2915 praecepta
2017 2847 2153 2917 legis
2186 2848 2453 2916 Mosaicae,
2484 2867 2605 2920 qua:
2633 2852 2700 2906 ab
2733 2853 2894 2908 Israel
2925 2858 3225 2912 secundum
3256 2873 3476 2913 carnem

212 2938 503 2993 observata
542 2947 672 2993 sunt
709 2939 1022 3002 carnaliter,
1050 2953 1082 2992 a
1114 2937 1294 3002 nobis,
1325 2936 1416 3006 qui
1453 2935 1754 2991 secundum
1795 2937 2050 3006 Spiritum
2083 2939 2250 2994 lsracl
2285 2957 2476 2997 sumus
2502 2943 2672 3014 (Rom.
2700 2943 2797 3015 ιχ),
2831 2947 3190 3016 spiritualiter
3221 2966 3344 3007 esse
3373 2951 3474 3006 ob-

210 3029 673 3096 servandarhinc
705 3029 930 3083 umbras
962 3029 1083 3082 illas
1112 3028 1349 3097 antiqua:
1383 3025 1518 3096 legis
1550 3025 1810 3095 penicillo
1839 3026 2074 3094 quodam
2103 3029 2370 3084 orationis
2396 3030 2461 3084 ad
2497 3031 2782 3086 veritatem
2813 3034 3084 3100 efformat,
3115 3046 3170 3093 et
3205 3040 3475 3094 carnalem

210 3121 365 3176 illum
388 3120 790 3192 ﬁguratumque
819 3121 1026 3175 cultum
1057 3135 1087 3174 a
1109 3120 1256 3174 veris
1278 3118 1374 3173 Dei
1401 3118 1785 3172 adoratoribus
1803 3116 1857 3171 in
1880 3119 2078 3188 spiritu
2101 3128 2156 3175 et
2181 3121 2411 3176 veritate
2428 3122 2616 3192 perﬁci
2644 3140 2801 3194 posse
2827 3127 3184 3184 demonstrat.
3218 3131 3478 3198 Quamvis

209 3226 391 3272 autem
423 3215 670 3270 omnium
705 3214 819 3271 fere
847 3216 1012 3270 Mosis
1052 3215 1322 3269 librorum
1362 3214 1620 3285 mysteria
1655 3213 1712 3266 in
1740 3213 1828 3267 his
1857 3214 2015 3269 libris
2052 3215 2388 3285 aperiantur,
2417 3233 2526 3271 non
2568 3226 2748 3273 tamen
2779 3221 3026 3276 eamdem
3061 3225 3280 3289 seriem,
3315 3242 3478 3295 quam

210 3311 268 3365 in
301 3310 600 3367 scribendo
629 3309 806 3365 tenuit
841 3309 1037 3374 Moses,
1072 3309 1128 3362 in
1162 3308 1486 3378 explicando
1523 3316 1746 3362 secutus
1781 3314 1865 3361 est
1888 3307 2143 3379 Cyrillus,
2177 3309 2271 3363 sed
2309 3324 2470 3364 suum
2506 3312 2795 3380 quemdam
2831 3313 3078 3368 ordinem
3112 3317 3369 3381 servavit,
3404 3318 3478 3372 ita

213 3411 272 3456 ut
299 3405 457 3474 prius
486 3411 805 3474 argumenta
837 3401 1084 3472 quazdam
1115 3410 1262 3455 certa
1300 3408 1589 3470 proponat,
1626 3407 1740 3453 tum
1775 3399 1893 3454 loca
1923 3400 2215 3470 Scriptura:
2244 3402 2394 3455 varia
2423 3418 2546 3456 cum
2582 3403 2688 3457 illis
2725 3405 3060 3475 argumentis
3097 3407 3480 3464 convenientia

209 3512 241 3551 e
270 3495 509 3550 diversis
543 3494 840 3565 Scripturae
871 3494 1028 3547 libris
1062 3491 1280 3562 colligat
1309 3506 1371 3545 ac
1398 3492 1652 3562 explicet.
1685 3491 1854 3560 Igitur
1873 3499 2163 3562 postquam
2203 3493 2270 3548 de
2307 3495 2462 3564 lapsu
2507 3495 2748 3551 hominis
2787 3497 2842 3550 in
2878 3507 3160 3566 peccatum
3197 3499 3476 3566 disseruit,

207 3587 514 3657 subjungit,
553 3586 756 3640 debere
792 3585 1092 3648 hominem,
1131 3585 1278 3654 quod
1325 3600 1479 3656 aeque
1511 3585 1810 3656 gloriosum
1856 3600 1922 3639 ac
1965 3585 2099 3640 utile
2142 3586 2233 3650 sit,
2276 3587 2511 3655 peccatis
2556 3588 2861 3644 valedicere
2917 3598 2973 3642 et
3023 3589 3090 3643 ad
3137 3591 3477 3646 honestatem

208 3679 473 3743 transire,
512 3679 711 3734 diaboli
749 3680 940 3750 jugum
977 3687 1239 3732 excutere
1277 3689 1333 3734 et
1369 3679 1546 3749 legem
1582 3678 1823 3733 divinam
1865 3677 2043 3746 sequi,
2085 3686 2273 3747 utpote
2319 3694 2440 3748 quae
2479 3680 2545 3734 ad
2589 3695 2773 3734 veram
2824 3679 3135 3735 libertatem
3180 3697 3281 3736 nos
3321 3691 3482 3738 vocat

207 3768 332 3839 (lib.
368 3768 442 3841 1);
489 3769 632 3824 istud
678 3779 861 3824 autem
914 3769 1293 3823 tantummodo
1336 3785 1435 3838 per
1484 3771 1716 3839 gratiam
1753 3769 1980 3833 Christi,
2011 3776 2066 3823 et
2117 3785 2227 3823 non
2274 3785 2372 3839 per
2412 3769 2586 3839 legem
2625 3769 2912 3824 Mosaicam
2965 3769 3172 3824 homini
3222 3773 3479 3840 possibile

208 3861 366 3916 reddi
405 3860 523 3932 (lib.
551 3876 586 3914 ιι
613 3869 667 3914 et
693 3859 796 3931 ιιι),
825 3859 989 3914 simul
1027 3867 1208 3913 tamen
1249 3857 1458 3911 ﬁrmam
1493 3859 1733 3912 hominis
1763 3857 2087 3912 voluntatem
2119 3859 2396 3928 animique
2436 3857 2814 3913 fortitudinem
2849 3859 3054 3930 requiri
3080 3859 3196 3932 (lib.
3231 3876 3282 3914 iv
3318 3871 3373 3915 et
3401 3859 3475 3931 v).

209 3950 435 4008 Initium
475 3966 609 4006 vero
653 3961 710 4006 et
755 3951 1175 4006 fundamentum
1218 3950 1410 4004 salutis
1449 3950 1702 4005 humana:
1744 3950 1906 4006 docet
1938 3966 2056 4006 esse
2098 3951 2258 4020 ﬁdem
2297 3951 2353 4006 in
2394 3967 2564 4006 unum
2596 3968 2786 4007 verum
2827 3953 2999 4008 Deum
3048 3969 3156 4007 una
3197 3969 3321 4008 cum
3359 3955 3481 4024 ejus

209 4043 487 4098 dilectione
514 4044 631 4112 (lib.
660 4043 758 4114 vi),
795 4045 884 4098 cui
917 4053 1063 4098 recte
1101 4043 1348 4114 adjungit
1385 4043 1735 4099 dilectionem
1770 4045 2025 4116 proximi,
2063 4059 2293 4115 eamque
2324 4045 2619 4114 plurimum
2643 4046 2988 4100 commendat
3017 4045 3116 4117 (lib
3161 4063 3234 4101 vn
3261 4056 3318 4107 et
3339 4047 3476 4118 vin).

208 4135 303 4191 His
336 4137 590 4192 decursis
625 4138 774 4208 leges
808 4137 875 4193 de
910 4137 1283 4201 tabernaculo,
1315 4137 1383 4190 de
1427 4119 1804 4192 sacerdotibus
1842 4146 2005 4208 atque
2047 4138 2228 4192 levitis
2273 4138 2610 4203 considerat;
2658 4152 2724 4191 ac
2767 4138 2943 4206 primo
2990 4136 3213 4205 quidem
3255 4144 3482 4190 cunctas

208 4226 352 4300 leges
390 4227 459 4283 ad
508 4229 922 4283 tabernaculum
958 4229 1186 4299 ejusque
1224 4228 1404 4282 varias
1443 4236 1646 4298 partes,
1681 4245 1897 4284 necnon
1946 4228 2013 4284 ad
2067 4231 2534 4284 constructionem
2584 4238 2640 4284 et
2706 4229 3191 4284 sanctiﬁcationem
3233 4227 3478 4298 ejusdem

211 4326 570 4396 pertinentes,
607 4325 675 4380 ad
717 4325 1011 4379 Ecclesiam
1060 4323 1418 4380 Christianam
1463 4327 1692 4396 ejusque
1736 4325 2109 4380 institutiones
2152 4325 2319 4380 refert
2362 4325 2479 4396 (lib.
2522 4342 2574 4379 rx
2622 4337 2680 4380 et
2715 4321 2808 4395 x);
2855 4324 2982 4378 dein
3033 4337 3372 4392 quaecunque
3410 4322 3478 4377 de

213 4420 591 4476 sacerdotibus
625 4429 682 4475 et
714 4419 1000 4475 sacriﬁciis
1033 4419 1271 4490 antiqua:
1299 4420 1436 4490 legis
1472 4421 1766 4475 constituta
1803 4421 2040 4485 fuerant,
2074 4421 2130 4474 in
2172 4420 2477 4475 sacerdotio
2515 4420 2650 4475 Novi
2688 4419 2931 4474 Ftederis
2957 4417 3234 4487 implenda
3263 4417 3480 4488 egregie

214 4519 480 4565 monstrat
513 4510 632 4581 (lib.
663 4525 714 4563 χι
743 4517 799 4564 et
825 4507 944 4578 xu),
976 4525 1097 4579 quae
1130 4518 1312 4563 autem
1353 4509 1420 4562 de
1463 4509 1644 4564 levitis
1682 4509 1737 4563 in
1775 4510 1893 4578 lege
1930 4509 2102 4563 veteri
2138 4510 2525 4574 continentur,
2560 4509 2875 4578 singillatim
2916 4509 3149 4578 explicat
3183 4510 3250 4564 de
3289 4509 3356 4563 iis
3386 4510 3480 4578 qui

211 4601 396 4656 divino
437 4600 748 4656 ministerio
783 4600 839 4654 in
878 4600 1032 4655 Novo
1061 4599 1414 4653 Testamento
1443 4614 1501 4653 se
1540 4601 1922 4670 manciparunt
1964 4601 2084 4673 (lib.
2117 4599 2254 4672 xui).
2285 4600 2424 4654 Hinc
2455 4600 2520 4654 ad
2557 4610 2759 4654 coetum
2789 4598 3030 4654 ﬁdelium
3070 4616 3385 4669 conversus,
3415 4620 3482 4659 ex

211 4691 479 4746 munditia
526 4692 583 4745 in
628 4691 749 4762 lege
787 4691 915 4745 olim
960 4691 1280 4761 prmscripta
1323 4689 1506 4744 cordis
1553 4691 1789 4759 vitaeque
1829 4693 2124 4759 puritatem
2164 4690 2421 4746 omnibus
2456 4690 2550 4759 qui
2595 4690 2650 4744 in
2691 4689 2923 4744 ecclesia
2962 4698 3087 4744 ante
3125 4705 3480 4761 conspectum

209 4783 424 4837 Domini
459 4783 710 4847 veniunt,
748 4781 1116 4836 necessariam
1156 4795 1277 4835 esse
1320 4779 1560 4834 ostendit
1595 4780 1711 4853 (lib.
1748 4779 1882 4852 inv),
1921 4781 2195 4852 simulque
2235 4797 2302 4835 ex
2337 4781 2446 4835 ritu
2482 4779 2873 4835 sacriﬁciorum
2904 4781 3117 4836 Veteris
3149 4783 3480 4840 Testamenti

210 4873 450 4928 declarat
481 4890 593 4944 qua
625 4872 839 4928 ratione
869 4873 1033 4926 homo
1069 4874 1182 4941 per”,
1209 4870 1491 4925 Christum
1532 4870 1588 4924 in
1622 4870 1740 4925 dies
1789 4871 1962 4941 magis
1999 4871 2320 4942 puriﬁcetur
2358 4879 2414 4926 et
2457 4869 2828 4924 sanctiﬁcetur
2866 4868 2984 4941 (lib.
3022 4871 3131 4944 xv).
3174 4872 3310 4928 Cum
3353 4893 3484 4932 vero

205 4968 432 5058 iustitiae
463 4966 732 5038 perfectio
769 4966 826 5019 in
869 4981 935 5020 eo
979 4964 1262 5029 consistat,
1296 4972 1358 5018 ut
1399 4963 1564 5017 homo
1610 4963 1964 5033 semetipsum
2026 4965 2137 5019 Deo
2181 4965 2237 5018 in
2273 4963 2530 5018 omnibus
2572 4962 2804 5017 hostiam
2846 4964 3043 5029 vivam,
3075 4976 3338 5033 sanctam,
3371 4968 3484 5025 Deo

211 5053 518 5126 placentem
548 5056 764 5121 oderat,
795 5057 943 5111 istud
973 5071 1192 5126 quoque
1220 5070 1288 5109 ex
1313 5053 1689 5110 oblationibus
1733 5055 1870 5126 legis
1902 5056 2148 5110 Mosaicae
2185 5071 2286 5110 nos
2321 5066 2469 5110 recte
2499 5055 2784 5109 instituere
2817 5054 2978 5109 docet
3008 5056 3127 5127 (lib.
3166 5059 3293 5130 xvi).
3325 5058 3482 5124 Quod

212 5151 254 5205 si
283 5151 454 5205 homo
492 5165 558 5206 ea
591 5149 804 5204 ratione
829 5149 1133 5204 Ecclesiam
1157 5147 1362 5203 Christi
1393 5149 1670 5220 ingressus
1703 5148 1869 5203 vitam
1903 5149 2022 5203 labe
2050 5163 2245 5218 puram
2271 5157 2433 5218 atque
2461 5147 2757 5218 perfectam
2783 5149 2893 5203 Deo
2918 5149 3203 5214 dicaverit,
3230 5151 3482 5205 mercede

215 5261 424 5302 summa
464 5230 710 5317 potietur
742 5244 797 5297 in
825 5253 1027 5299 aaterna
1057 5243 1418 5308 beatitudine,
1446 5259 1607 5314 quam
1637 5243 1948 5298 Iudaeorum
1979 5245 2250 5299 solemnes
2275 5243 2599 5299 festivitates
2632 5260 2698 5298 ex
2726 5244 2820 5298 Dei
2855 5245 3136 5298 voluntate
3166 5241 3482 5315 praeﬁgura-

214 5338 343 5395 bant
376 5341 497 5411 (lib.
536 5338 689 5406 xvn).
718 5369 787 5378 —
820 5338 1232 5407 Amplissimum
1274 5337 1377 5391 hoc
1422 5352 1578 5407 opus,
1625 5338 1824 5408 insigni
1871 5339 2104 5408 quadam
2149 5346 2265 5393 arte
2309 5339 2655 5409 dispositum,
2689 5339 2887 5393 merito
2921 5348 3149 5394 vocatur
3190 5337 3480 5394 thesaurus

214 5431 620 5499 expositionum
657 5428 1069 5498 allegoricarum
1111 5435 1165 5482 et
1203 5427 1494 5480 veritatum
1541 5429 1830 5482 moralium
1875 5429 1976 5500 (2),
2018 5445 2128 5500 quo
2171 5429 2425 5484 universa
2469 5431 2553 5484 lex
2599 5431 2828 5484 Mosaica
2873 5445 3035 5484 sensu
3074 5431 3300 5502 mystico
3340 5430 3478 5487 scite

213 5525 539 5590 explicatur,
566 5533 624 5578 et
649 5523 774 5577 vitae
804 5520 1106 5590 spiritualis
1137 5536 1235 5590 per
1265 5521 1494 5590 gratiam
1521 5521 1724 5576 Christi
1761 5529 1894 5576 actae
1923 5521 2161 5589 initium,
2194 5522 2471 5592 profectus
2502 5537 2566 5574 ac
2597 5521 2720 5574 ﬁnis
2747 5521 3096 5577 describitur.
3486 5524 3488 5528 ’

399 5661 481 5745 ξι
511 5641 1428 5745 institittionibusnfntroiogitel:IOS.
1460 5661 1691 5745 Fe’s‘s’ler.
1729 5661 2038 5732 OEnipont-c
2069 5663 2226 5730 1851,
2260 5663 2315 5718 in
2346 5663 2419 5728 8°,
2458 5670 2589 5714 tom.
2625 5661 2686 5724 ll,
2720 5676 2773 5730 ρ.
2806 5659 2924 5715 558.

277 5728 354 5799 {2)
399 5731 478 5786 ιω
513 5730 832 5792 Tillemont,
864 5744 914 5796 p.
942 5728 1063 5793 67l,
1097 5739 1150 5782 ct
1175 5728 1414 5794 Ceillier,
1449 5748 1499 5803 p.
1530 5731 1653 5784 254.
