4076 6306
1035 310 1124 364 DE
1163 308 1602 365 ADORATIONE
1643 312 1723 366 IN:
1749 313 2018 372 SPlRlTU
2058 315 2148 370 ET
2189 317 2538 374 VEBITATE
2575 321 2703 376 LIB.
2747 306 2786 376 li.
3425 325 3527 379 13L

1743 442 2064 451 o——_——_.—.

365 437 2304 470 mn

1009 621 1235 706 ΤΟΥ
1311 625 1454 709 ΕΝ
1529 624 1891 708 ΑΓΙΟΙΣ
1964 627 2399 713 ΠΑΤΡΟΣ
2476 629 2803 717 ΗΜΩΝ

1373 887 1380 896 ‘
1491 855 2350 991 ΚΥΡΙΛΛΟΥ

1190 1132 1907 1190 ΑΡΧΙΕΠῙΣΚΟΠΟΥ
1970 1135 2637 1203 ΑΛΕΞΑΝΔΡΕῘΑΣ,

1791 1325 1899 1361 ΠΕΡΙ
1945 1326 2032 1361 THE

607 1486 756 1573 EN
831 1483 1416 1576 ΠΝΕΥΜΑΤΙ
1490 1480 1686 1572 ΚΑΙ
1761 1479 2260 1607 ΑΛΗΘΕΙᾼ
2333 1489 3220 1577 ΠΡΟΣΚΥΝΗΣΕΩΣ

1651 1710 1773 1762 ΚΑΙ
1811 1710 2174 1763 ΛΑΤΡΕΙΑΣ.

1171 1898 1776 2020 ΛΟΓΟΣ
1913 1863 2621 2021 ΠΡΩΤΟΣ

999 2296 1156 2452 S.
1290 2303 1462 2450 P.
1615 2301 1798 2450 N.
1945 2293 2818 2451 CYBILLI

1383 2607 1850 2665 ALEXANDRUE
1884 2603 2423 2673 ARCHIEPISCOPI,

269 2789 419 2879 DE
474 2782 1265 2881 ADORATIONE
1326 2780 1479 2871 ET
1553 2780 1941 2871 CULTU
1997 2781 2123 2869 IN
2170 2781 2661 2872 SPIRITU
2705 2779 2859 2870 ET
2912 2747 3536 2874 VERITATE‘

1361 3018 1776 3132 LIBER
1857 3015 2432 3133 PRIMUS.
2705 2975 2714 2984 ’

269 3413 428 3494 Hepl_
437 3413 549 3483 τῆς
575 3414 662 3494 sic
695 3412 1044 3494 ςξαυλρτηζα
1072 3408 1179 3462 τοῦ
1196 3405 1528 3494 ⁵ἁνθτοώξετου
1568 3422 1855 3494 παρατροτ

1962 3410 2004 3478 ι
2037 3408 2116 3462 De
2171 3409 2322 3494 {aps}:
2359 3408 2580 3494 nominis
2674 3409 2819 3473 vitia,
2843 3415 2892 3494 et
2911 3409 2972 3462 de
2989 3384 3288 3493 captivitate
3308 3414 3529 3482 peccati,

341 3476 1115 3552 Ξῑῆςδκαὶ-ᾰὶχμαλωσίας)
1148 3476 1259 3552 τῆς
1291 3480 1377 3543 εις
1407 3478 1719 3552 ἁμαρτίαν,
1754 3481 1850 3552 xal

338 3546 490 3622 ὁμοῦ
528 3553 659 3622 περὶ
695 3546 971 3622 κλήσεως
1009 3550 1104 3602 καὶ
1144 3546 1531 3622 ἐςτιρντροφῆςῖ.
1562 3547 1671 3622 τῆς
1704 3547 1854 3622 κατὰ

342 3617 740 3694 ᾑετάγνώσιν,
774 3621 872 3673 καὶ
894 3619 1001 3688 τῆς
1021 3622 1108 3683 εὶς
1133 3619 1196 3671 τὸ
1223 3617 1468 3687 ἄμεινον
1486 3617 1850 3688 ἀναδρομῆς.

349 3737 453 3788 Ποῖ
495 3734 557 3805 δὴ
589 3735 680 3788 καὶ
721 3731 888 3784 πόθεν
917 3729 1136 3801 ἔρεσθαι
1170 3728 1268 3800 μὲν
1293 3729 1384 3798 δὴ.
1426 3729 1676 3799 περιττὸν
1703 3725 1854 3797 οἶμαι

273 3843 402 3880 που.
433 3824 598 3894 Φαίης
631 3825 740 3894 γὰρ
777 3821 864 3886 ἂν,
897 3816 956 3874 εὖ
997 3818 1092 3874 οἷδ’
1125 3821 1206 3873 ὅτι
1231 3861 1246 3887 ,
1279 3819 1550 3889 μελλήσας
1580 3820 1752 3886 οὐδὲν,
1779 3820 1855 3883 ὡς

272 3917 485 3972 οἴκοθέν
515 3935 575 3970 τε
605 3918 698 3971 καὶ
721 3916 796 3979 ὡς
829 3914 996 3985 ἡμᾶς.

349 4006 757 4063 ΠΛΛΛΑΔΙΟΣ.
812 4005 1053 4074 Ἀληθές.

345 4098 714 4153 ΚΥΡΙΛΛΟΣ.
751 4097 963 4151 Δέλτιον
991 4095 1048 4148 δὲ
1081 4091 1144 4163 δή
1178 4110 1260 4146 σοι
1289 4091 1440 4146 τουτὶ
1471 4092 1533 4146 τὸ
1563 4094 1619 4147 ὲν
1654 4095 1851 4163 χεροῖν,

274 4191 417 4258 ὅτις

346 4285 558 4339 ΠΑΛΛ.
618 4283 807 4345 Βίϐλος
859 4279 1235 4352 Εὑαγγελικὴ,
1295 4279 1574 4334 Ματθαίου
1641 4295 1700 4331 τε
1761 4279 1854 4331 καὶ

288 4377 534 4431 Ἰωάννου
562 4375 872 4445 σὺγγραφή.

348 4471 513 4524 ΚΥΡ.
547 4471 661 4522 Οἴει
689 4469 743 4520 δὲ
774 4467 940 4536 αὐτὴν
964 4467 1086 4519 ὅποι
1109 4481 1167 4518 τε
1191 4463 1286 4517 καὶ
1308 4463 1414 4533 ὅτῳ
1443 4460 1854 4532 διακομίζεσθαι

274 4566 420 4628 δεῖν;
453 4564 530 4616 Οὐ
564 4561 672 4632 γάρ
703 4577 804 4613 που
847 4558 1066 4630 θυραῖός
1092 4574 1156 4625 γε
1193 4556 1286 4609 ἰὼν
1315 4555 1661 4624 ὲκμελετῴης
1694 4553 1780 4614 ἂν,
1808 4545 1853 4604 ὦ

274 4657 563 4711 Παλλάδιε.
595 4654 753 4707 Πόνοι
779 4669 839 4705 τε
865 4652 1062 4722 μᾶλλον
1088 4652 1136 4703 οἱ
1163 4649 1258 4701 ἐπὶ
1290 4646 1426 4717 τῷδε
1456 4647 1692 4715 γλυκεῖς,
1716 4644 1852 4696 οἴκοι

271 4763 330 4798 τε
358 4746 456 4799 καὶ
487 4746 546 4798 ὲν
584 4743 769 4815 σχολῇ.

348 4919 560 4972 ΠΛΛΛ.
600 4912 673 4970 Εὖ
703 4916 898 4984 λέγεις.
945 4912 1354 4982 Ἐντευξόμενος
1388 4910 1444 4963 δὲ
1481 4908 1718 4979 ἀφῖγμαι
1755 4925 1855 4960 σοι.

278 5013 387 5066 Καὶ
421 5013 605 5065 δέλτον
645 5010 764 5079 ἄγω
795 5009 893 5078 τὴν
929 5007 1098 5079 ἱεράν·
1147 5005 1315 5075 μυρία
1348 5003 1454 5074 γὰρ
1484 5005 1582 5056 ὅσα
1621 5018 1857 5072 πεπονη-

278 5103 410 5168 κὼς,
445 5103 598 5158 οὐδὲν
631 5103 660 5154 ὅ
692 5119 742 5154 τι
781 5101 980 5170 μᾶλλον
1011 5098 1117 5168 ἔχω
1145 5100 1281 5150 νοεῖν
1313 5096 1366 5149 τι
1397 5097 1460 5148 ἂν
1492 5096 1701 5163 γένοιτο
1723 5097 1740 5114 ⁴
1762 5093 1857 5162 δη-

278 5198 402 5252 λοῦν
443 5199 473 5250 ὁ
524 5195 731 5266 Κύριος
767 5193 923 5264 ἡμῶν
977 5189 1179 5261 Ἰησοῦς
1221 5187 1490 5259 Χριστὸς,
1526 5185 1617 5238 ἐπὶ
1654 5186 1752 5256 μὲν
1781 5184 1857 5255 τῷ

277 5289 563 5358 Ματθαίῳ,
582 5287 778 5355 λέγων’
815 5303 834 5337 ι
864 5285 956 5355 Μὴ
973 5283 1230 5354 νομίσητε
1259 5283 1340 5334 ὅτι
1363 5276 1526 5350 ἦλθον
1555 5277 1857 5333 καταλῦσαι

277 5383 368 5437 τὸν
394 5382 582 5452 νόμον,
615 5379 649 5448 ἢ
682 5380 809 5442 τοὺς
850 5379 1150 5450 προφήτας.
1183 5376 1296 5428 Οὐκ
1327 5371 1490 5445 ἦλθον
1524 5371 1856 5439 καταλῦσαι,

279 5475 410 5529 ἀλλὰ
441 5472 750 5545 πληρῶσαι.
795 5471 966 5541 Ἀμὴν
995 5469 1106 5540 γὰρ
1135 5469 1278 5536 λέγω
1309 5467 1457 5536 ὑμῖν·
1486 5465 1590 5528 ἕως
1625 5464 1691 5518 ἂν
1716 5482 1859 5538 παρ-

278 5566 404 5638 έλθῃ
437 5568 466 5619 ὁ
493 5562 726 5636 οὐρανὸς
759 5561 852 5614 καὶ
883 5563 915 5631 ἡ
948 5560 1042 5630 γῆ,
1072 5558 1202 5612 ἰῶτα
1245 5558 1323 5624 ἒν,
1363 5557 1395 5626 ἢ
1435 5556 1534 5626 μια
1571 5555 1770 5626 κεραία
1795 5556 1856 5608 οὐ

345 5683 362 5704 ⁸
384 5682 532 5754 Lege
563 5677 824 5750 βούλοιτο.
853 5677 1003 5732 EDIT.

2027 3497 2090 3532 ac
2141 3479 2303 3533 simul
2356 3480 2419 3533 de
2469 3481 2758 3551 vocatione,
2816 3487 2973 3549 atque
3027 3479 3361 3551 cenversione
3412 3479 3527 3551 qua:

2025 3567 2120 3619 per
2153 3551 2520 3620 paenitentiam
2557 3549 2640 3619 ﬁt,
2684 3557 2734 3602 et
2774 3566 2994 3604 recursu
3032 3551 3102 3603 ad
3137 3549 3528 3606 meliorem'vi-

2027 3628 2159 3672 tam.

2025 3730 2271 3797 Quonam
2332 3738 2427 3786 aut
2482 3731 2626 3786 unde
2679 3733 3012 3802 percontari,
3061 3747 3525 3803 supervacaneum

1956 3823 2153 3893 opinor
2198 3824 2385 3879 fuerit.
2427 3824 2588 3878 Dices
2615 3825 2784 3890 enim,
2825 3833 2910 3880 sat
2937 3826 3073 3892 scio,
3109 3827 3249 3880 nihil
3303 3836 3526 3882 cuncta-

1957 3924 2064 3980 tus,
2101 3923 2154 3969 te
2184 3915 2368 3980 domo,
2393 3924 2449 3970 et
2479 3916 2545 3970 ad
2575 3931 2694 3971 nos.

2026 4003 2428 4060 PALLADIUS.
2459 4006 2539 4059 Ita
2566 4014 2669 4060 est.

2024 4095 2383 4150 CYRlLLUS.
2428 4095 2563 4161 Quis
2600 4110 2733 4150 vero
2780 4096 2924 4150 liber
2971 4094 3077 4149 iste
3122 4100 3227 4159 est,
3258 4109 3422 4164 quem
3467 4093 3525 4148 in

1957 4188 2212 4242 manibus
2243 4187 2412 4241 babes
2436 4188 2458 4240 ?
2655 4253 2658 4257 _

2027 4279 2222 4333 PALL.
2280 4279 2446 4332 Liber
2474 4279 2823 4349 evangelicus
2847 4317 2861 4344 ,
2895 4292 2928 4330 a
2959 4276 3212 4330 Matthmo
3242 4291 3438 4347 nempe
3471 4286 3526 4331 et

1955 4369 2165 4424 Joanne
2207 4371 2574 4439 conscriptus.

2028 4461 2078 4528 2
2109 4460 2268 4515 CYR.
2306 4462 2542 4515 Putasne
2570 4475 2702 4514 vero
2743 4461 2897 4515 hunc
2931 4470 3258 4530 Quocunque
3287 4461 3525 4516 circum-

1959 4553 2249 4607 ferendum
2274 4567 2415 4616 esse,
2449 4559 2506 4605 et
2536 4552 2846 4620 cuicunque
2869 4553 2892 4604 ?
2915 4552 3103 4621 Neque
3133 4551 3278 4605 enim
3309 4568 3339 4607 e
3390 4551 3524 4606 fori-

1954 4647 2059 4700 bus
2084 4661 2340 4715 egressus
2381 4645 2436 4697 in
2494 4643 2690 4697 itinere
2737 4643 3078 4697 meditationi
3119 4645 3404 4699 commode
3430 4662 3526 4699 va-

1887 4765 1929 4819 B
1958 4753 2080 4792 care
2108 4746 2285 4807 potes,
2311 4734 2539 4790 Palladi.
2575 4734 2712 4790 Sunt
2762 4750 2890 4788 vero
2929 4733 3244 4804 bujusmodi
3309 4735 3530 4790 labores

1958 4828 2104 4883 domi
2132 4837 2187 4882 et
2218 4828 2273 4881 in
2304 4827 2419 4880 otio
2447 4841 2662 4880 suaves.

2027 4917 2223 4972 PALL.
2258 4918 2424 4971 Recte
2455 4915 2554 4970 ais.
2599 4915 2893 4982 Caeterum,
2926 4924 2986 4970 ut
3015 4923 3196 4970 tecum
3251 4917 3531 4986 colloque-

1956 5025 2065 5073 rer,
2093 5008 2237 5062 veni.
2275 5007 2496 5060 Librum
2516 5023 2679 5076 porro
2705 5008 2852 5061 hunc
2878 5023 3090 5062 sacrum
3119 5007 3318 5072 affero;
3355 5007 3524 5075 quod,

1957 5117 2080 5154 cum
2119 5099 2215 5154 diu
2247 5099 2591 5168 multumque
2628 5099 2944 5164 laborarim,
2998 5100 3148 5152 nulla
3204 5108 3385 5152 tamen
3434 5114 3524 5151 ra-

1959 5193 2104 5246 tione
2139 5192 2355 5261 assequi
2391 5192 2547 5261 potui
2606 5192 2739 5260 quid
2787 5191 3026 5245 voluerit
3062 5187 3371 5257 signiﬁcare
3414 5187 3523 5240 Do-

1956 5285 2138 5338 minus
2171 5293 2358 5339 noster
2377 5285 2536 5340 Jesus
2563 5283 2820 5339 Christus
2851 5281 2995 5350 apud
3025 5279 3365 5344 Matthzeum,
3398 5295 3525 5333 cum

1956 5374 2091 5428 dicit
2137 5391 2149 5426 :
2220 5399 2236 5425 ι
2263 5376 2441 5430 Nolite
2498 5383 2692 5445 putare
2731 5373 2994 5442 quoniam
3035 5370 3160 5423 veni
3196 5370 3408 5424 solvere
3442 5371 3525 5424 le—

1955 5481 2076 5535 gem
2103 5475 2198 5521 aut
2247 5469 2560 5538 prophetas.
2601 5467 2722 5521 Non
2765 5465 2889 5518 veni
2932 5463 3166 5529 solvere,
3223 5462 3316 5517 sed
3347 5461 3526 5515 adim-

1957 5558 2126 5626 plere.
2161 5559 2333 5616 Amen
2359 5561 2560 5630 quippe
2587 5559 2715 5615 dico
2743 5557 2924 5625 vobis,
2949 5556 3124 5613 donec
3156 5563 3398 5612 transeat
3414 5569 3524 5610 c02-
