4076 6306
590 341 691 399 155

1616 333 1673 390 S.
1713 329 1988 389 CYRILLI
2025 325 2495 386 ALEXANDRINI
2533 326 2853 384 ARCHIEP.

3774 324 3872 382 158

587 460 704 515 lum
734 467 789 512 et
811 466 976 518 terra,
1033 455 1124 509 ota
1155 465 1326 507 unum
1367 459 1462 506 aut
1484 467 1629 507 unus
1679 467 1818 522 apex
1874 466 1984 506 non
2017 464 2161 521 prae-

2270 449 2344 520 μὴ
2365 445 2610 521 παρέλθῃ
2635 443 2742 500 ἀπὸ
2769 442 2864 498 τοῦ
2903 441 3092 514 νόμου,
3119 441 3224 507 ἕως
3253 441 3322 496 ἂν
3343 439 3520 496 πάντα
3545 439 3816 510 γένηται.
3845 460 3866 494 ι

587 547 779 605 tcribit
811 562 840 600 a
865 547 1004 616 lege,
1042 545 1221 600 donec
1273 543 1461 600 omnia
1504 543 1637 598 ﬁant
1674 545 1715 596 ί.
1756 562 1774 594 ι
1824 542 1886 597 In
1944 541 2168 597 Joannis

586 647 850 710 praeterea
871 637 1152 692 volumine
1180 636 1246 690 ad
1263 637 1552 690 mulierem
1570 634 1993 689 Samaritanam:
2021 630 2168 685 «Mu-

584 730 706 793 lier,
744 728 911 783 crede
939 728 1098 792 mihi,
1139 726 1269 796 quia
1322 725 1477 780 venit
1531 723 1686 789 hora,
1735 721 1952 792 quando
1989 735 2168 789 neque

583 819 640 874 in
674 829 860 875 monte
888 819 1014 883 hoc,
1072 832 1252 887 neque
1287 814 1681 886 Hierosolymis
1721 812 2024 868 adorabitis
2069 811 2170 866 Pa-

587 919 746 965 trem.
783 911 895 966 Vos
923 908 1167 981 adoratis
1218 907 1366 978 quod
1419 906 1829 972 nescitisynos
1879 903 2168 958 adoramus

585 1003 733 1074 quod
768 1003 1004 1067 scimus;
1047 1000 1177 1070 quia
1211 1000 1360 1054 salus
1387 1015 1456 1054 ex
1492 997 1699 1054 Iudaeis
1745 1004 1850 1051 est.
1885 995 1992 1050 Sed
2017 995 2169 1050 venit

586 1093 743 1157 hora,
779 1104 836 1148 et
863 1107 1010 1146 nunc
1037 1100 1140 1157 est,
1179 1091 1400 1161 quando
1430 1090 1549 1145 veri
1597 1089 1920 1144 adoratores
1969 1087 2166 1140 adora-

588 1187 726 1241 bunt
752 1187 968 1240 Patrem
1013 1185 1070 1238 in
1119 1184 1318 1253 spiritu
1347 1191 1404 1238 et
1441 1182 1699 1236 veritate.
1732 1181 1868 1234 Nam
1913 1187 1969 1257 et
2009 1178 2168 1232 Pater

591 1277 726 1330 tales
753 1278 972 1345 quaerit,
1000 1274 1096 1343 qui
1131 1273 1370 1328 adorent
1413 1287 1561 1326 eum.
1602 1269 1840 1340 Spiritus
1867 1277 1951 1323 est
1997 1268 2161 1332 Deus,

587 1369 645 1414 et
683 1375 780 1414 eos
839 1361 933 1430 qui
992 1360 1228 1414 adorant
1287 1375 1436 1426 eum,
1470 1360 1527 1412 in
1589 1358 1787 1428 spiritu
1850 1364 1906 1410 et
1936 1355 2165 1411 veritate

587 1459 806 1520 oportet
833 1450 1066 1504 adorare
1096 1452 1138 1503 '.
1171 1469 1188 1501 ι

655 1540 812 1596 CYR.
839 1540 980 1607 Quid
1013 1555 1146 1595 vero
1187 1539 1289 1594 tibi
1328 1539 1385 1592 in
1435 1539 1522 1594 his
1564 1537 1749 1594 verbis
1777 1553 1897 1593 esse
1933 1535 2167 1591 arduum

586 1631 830 1698 videtur,
870 1629 1004 1700 quid
1035 1631 1335 1685 obscurum
1363 1637 1420 1683 et
1456 1629 1738 1684 intellectu
1769 1627 2025 1683 difﬁcile?
2054 1625 2164 1692 dic,

585 1737 721 1792 rogo
747 1731 820 1776 te.

2285 539 2372 594 'Ev
2399 539 2456 592 δέ
2482 555 2546 608 γε
2573 540 2638 609 τῇ
2667 535 2808 591 κατὰ
2830 535 2920 590 τὸν
2961 534 3214 604 Ἰωάννην
3245 537 3565 606 συγγραφῇ,
3597 533 3748 606 πρὸς
3773 535 3873 607 τὴν

2271 632 2334 683 ἐκ
2357 629 2458 700 τῆς
2493 627 2805 699 Σαμαρείας
2831 628 3081 696 γυναῖκα·
3114 643 3132 677 ι
3162 626 3391 679 Πίστευέ
3419 644 3528 697 μοι,
3562 625 3761 696 γύναι,
3791 627 3872 682 δτ.

2270 721 2488 792 ἔρχεται
2539 720 2679 793 ὥρα,
2728 722 2816 775 ὅτε
2855 718 2977 773 οὕτε
3015 721 3072 773 ἐν
3116 718 3195 790 τῷ
3227 719 3347 789 δρει
3387 718 3563 790 τούτῳ
3591 759 3608 784 ,
3651 718 3785 773 οὕτε
3816 721 3873 775 ἐν

2280 812 2668 884 Ἰεροσολύμοις
2691 811 3096 884 προσκυνήσετε
3121 810 3198 882 τῷ
3227 810 3429 882 Πατρί.
3465 811 3670 881 Ὑμεῖς
3702 828 3870 882 προσ-

2269 905 2484 957 κυνείτε
2526 903 2554 955 ὃ
2583 902 2682 956 οὒκ
2705 901 2904 954 οἴδατεο
2925 903 3087 972 ἡμεῖς
3113 901 3527 972 προσκυνοῦμεν
3553 901 3586 954 δ
3613 900 3866 973 οἴδαμεν,

2269 994 2350 1047 ὅτι
2374 995 2407 1064 ἡ
2432 993 2674 1064 σωτηρία
2704 994 2768 1046 ἐκ
2795 993 2902 1046 τῶν
2940 992 3212 1047 Ἰουδαίων
3238 993 3407 1046 ἐστίν.
3441 993 3612 1047 Ἀλλὰ
3642 993 3867 1064 ἔρχεται

2269 1085 2418 1156 ὥρα,
2456 1086 2550 1138 καὶ
2594 1085 2689 1139 νῦν
2732 1087 2901 1151 ἐστιν,
2948 1087 3042 1138 ὅτε
3076 1086 3124 1138 oi
3176 1085 3424 1156 ἀληθινοὶ
3477 1086 3870 1159 προσκυνηταὶ

2270 1178 2701 1249 προσκυνήσουσι
2731 1177 2809 1248 τῷ
2850 1178 3028 1249 Πατρὶ
3073 1178 3131 1232 ἐν
3167 1177 3440 1249 πνεύματι
3473 1180 3571 1232 καὶ
3605 1179 3864 1250 ἀληθείᾳ.

2268 1268 2380 1321 Καὶ
2405 1269 2513 1338 γὰρ
2538 1270 2566 1322 6
2596 1268 2787 1340 Πατὴρ
2806 1269 3080 1333 τοιούτους
3101 1269 3253 1341 ζητεῖ
3265 1271 3394 1335 τοὺς
3414 1263 3869 1343 προσκυνοῦντας

2269 1359 2450 1413 αὐτόν.
2476 1359 2702 1431 Πνεῦμα
2719 1363 2748 1414 6
2769 1360 2920 1427 Θεὸς,
2948 1362 3042 1430 καὶ
3065 1363 3191 1425 τοὺς
3211 1362 3660 1434 προσκυνοῦντας
3681 1364 3862 1433 αὐτὸν,

2268 1451 2324 1504 ἐν
2351 1450 2620 1522 πνεύματι
2653 1451 2748 1504 καὶ
2773 1455 2840 1524 τῇ
2871 1451 3099 1524 ἀληθείᾳ
3121 1453 3199 1506 δεῖ
3225 1456 3576 1526 προσκυνεῖν.
3623 1474 3644 1507 ι

2336 1540 2500 1594 ΚΥΡ.
2534 1537 2666 1595 Εἶτα
2700 1542 2754 1594 τί
2786 1542 2847 1595 τὸ
2877 1542 3102 1606 ἄναντες
3149 1539 3288 1598 εἷναί
3319 1562 3400 1599 σοι
3432 1545 3654 1611 δοκοῦν,
3698 1547 3777 1610 ώς
3808 1546 3863 1601 ἐν

2267 1649 2330 1701 γε
2362 1632 2425 1704 δὴ
2467 1633 2719 1700 τούτοις;
2755 1634 2907 1688 Τίδέ
2949 1636 3014 1707 δὴ
3057 1636 3118 1690 τὸ
3165 1635 3302 1707 βαθὺ
3344 1639 3448 1692 καὶΔ
3489 1637 3859 1707 δυσέφικτον;

2269 1725 2513 1796 ἐρομένῳ
2539 1725 2766 1796 φράσον.

655 1815 858 1870 PALL.
920 1815 966 1870 A
1013 1815 1299 1871 veteribus
1349 1815 1572 1885 quidem
1622 1815 1823 1870 ritibus
1861 1813 2165 1879 discedere,

2343 1814 2550 1866 ΠΛΛΛ.
2601 1813 2770 1867 Ἐθῶν
2811 1814 2910 1886 μέν
2948 1815 3057 1870 τῶν
3104 1817 3475 1889 ἀρχαιοτέρων
3524 1818 3864 1892 άποφοιτᾷν,

582 1901 642 1961 et
676 1906 745 1962 ab
780 1922 845 1961 ea
884 1922 1006 1976 qua:
1049 1907 1354 1963 secundum
1396 1908 1598 1978 Legem
1651 1915 1736 1962 est
1781 1906 1998 1978 justitia
2046 1920 2168 1960 ces-

586 2013 730 2064 sare,
770 2013 941 2053 sacrae
965 1999 1129 2054 nobis
1160 1998 1386 2054 Littera:
1421 1998 1767 2070 praecipiunt.
1802 1996 1872 2052 lis
1897 1996 2044 2051 enim
2074 1994 2168 2064 qui

587 2093 644 2150 in
673 2109 795 2149 eam
829 2095 996 2149 etiam
1048 2104 1174 2164 post
1205 2105 1526 2165 perceptam
1585 2093 1750 2149 ﬁdem
1805 2092 2165 2158 inclinabant,

586 2184 793 2239 Paulus
826 2183 1050 2238 dicebat
1076 2202 1088 2236 :
1132 2203 1150 2236 ι
1177 2184 1442 2239 Evacuati
1481 2184 1618 2239 estis
1648 2199 1678 2237 a
1707 2181 1953 2247 Christo,
1987 2183 2080 2252 qui
2110 2182 2167 2236 in

586 2273 728 2345 Lege
777 2274 1179 2345 justiﬁcamini,
1211 2290 1242 2329 a
1287 2275 1462 2344 gratia
1514 2274 1814 2330 excidistis.
1857 2274 1968 2329 Nos
2018 2274 2168 2328 enim

583 2364 785 2434 spiritu
813 2380 881 2420 ex
922 2364 1029 2420 ﬁde
1057 2380 1209 2435 spem
1237 2365 1464 2435 justitiae
1490 2373 1874 2436 exspectamus
1913 2364 1953 2418 ³.
1981 2383 1999 2415 ι
2028 2363 2168 2419 Cum

584 2471 714 2511 vero
741 2457 812 2512 ob
844 2457 1012 2511 vitam
1043 2458 1347 2512 secundum
1377 2455 1581 2526 Legem
1616 2457 1923 2512 institutam
1947 2471 2169 2526 magnas

585 2547 748 2602 licere
801 2563 1006 2618 easque
1044 2547 1339 2618 praeclaras
1392 2547 1599 2602 habere
1651 2546 1926 2618 gloriandi
1976 2560 2169 2601 causas

583 2639 860 2704 ostendat,
921 2641 998 2693 ait
1031 2655 1264 2694 rursus:
1311 2638 1482 2705 «Quae
1519 2638 1658 2693 mihi
1712 2638 1942 2693 fuerunt
1991 2639 2164 2704 lucra,

585 2733 701 2787 haec
730 2732 1038 2787 arbitratus
1068 2747 1191 2786 sum
1221 2738 1452 2802 prOpter
1490 2731 1772 2787 Christum
1814 2731 2163 2788 detrimenta.

589 2826 789 2884 Verum
835 2824 1001 2879 etiam
1049 2825 1304 2879 existimo
1344 2823 1528 2878 omnia
1585 2823 1980 2880 detrimentum
2045 2839 2168 2879 esse

585 2923 809 2985 propter
862 2914 1199 2969 eminentem
1254 2914 1541 2974 scientiam
1594 2914 1813 2968 Domini
1879 2914 1987 2969 mei
2035 2914 2166 2970 Jesu

585 3004 811 3069 Christi,
858 3013 1087 3075 propter
1108 3021 1271 3075 quem
1302 3005 1550 3060 omnium
1596 3004 1991 3060 detrimentum
2036 3005 2162 3070 feci,

585 3108 641 3152 et
671 3098 913 3153 arbitror
943 3107 1208 3164 stercora,
1250 3106 1312 3152 ut
1369 3096 1652 3152 Christum
1692 3097 2056 3164 lucrifaciam,
2111 3105 2167 3151 et

2270 1905 2492 1976 καὶτῆς
2538 1907 2596 1959 ἐν
2636 1904 2805 1975 Νόμῳ
2827 1907 3172 1978 δικαιοσύνης
3219 1909 3522 1979 καταλῆξαι
3567 1910 3690 1965 δεῖν
3723 1910 3864 1983 ίερὸς

2270 1995 2401 2065 ἡμῖν
2429 1994 2707 2049 ἐπιτάττει
2734 1995 2909 2064 λόγος.
2955 1998 3099 2069 Ἔφη
3133 1997 3190 2051 δέ
3208 2001 3236 2052 6
3265 1999 3476 2064 Παῦλος
3507 2002 3630 2064 τοῖς
3659 2000 3864 2072 ταύτης

2269 2082 2578 2153 ἐφιεμένοις
2607 2082 2702 2137 καὶ
2735 2083 2874 2153 μετά
2892 2083 2990 2156 τὴν
3015 2086 3217 2140 πίστιν·
3256 2106 3276 2140 ι
3311 2088 3727 2162 Κατηργήθητε
3759 2091 3862 2146 ἀπὸ

2267 2173 2360 2226 τοῦ
2395 2173 2654 2244 Χριστοῦ,
2683 2175 2878 2237 οἵτινες
2907 2176 2966 2228 ἐν
2998 2176 3168 2247 Νόμῳ
3199 2176 3510 2232 δικαιοῦσθε
3529 2219 3544 2245 ,
3579 2181 3685 2252 τῆς
3711 2181 3861 2253 χάρι-

2266 2281 2358 2328 τος
2405 2265 2719 2331 ἐξεπέσατε.
2779 2265 2969 2336 Ἡμεῖς
3015 2266 3126 2338 γὰρ
3176 2267 3450 2339 πνεύματι
3494 2271 3562 2323 ἐκ
3624 2271 3860 2336 πίστεως

2267 2353 2457 2409 ἐλπίδα
2486 2354 2830 2427 δικαιοσύνης
2853 2357 3283 2429 ἀπεκδεχόμεθα.
3315 2377 3333 2410 ι
3368 2359 3659 2424 Πολιτείας
3685 2360 3744 2414 δέ
3767 2359 3859 2429 τῆς

2267 2446 2410 2500 κατά
2435 2446 2527 2499 τὸν
2553 2446 2757 2517 Νόμον,
2781 2447 2874 2500 καί
2889 2464 2966 2501 τοι
2992 2446 3218 2519 λαμπρά
3243 2450 3337 2503 καὶ
3363 2450 3575 2520 μεγάλα
3599 2451 3856 2507 δεικνύων

2269 2540 2398 2609 ἡμῖν
2436 2539 2520 2606 ἐφ’
2551 2538 2726 2609 ἐαυτῷ
2748 2539 2818 2592 τά
2845 2540 3159 2612 αὐχήματα,
3188 2541 3347 2596 πάλιν
3369 2543 3554 2612 φησιν·
3607 2563 3629 2597 ι
3670 2546 3856 2599 Ἀτινα

2266 2624 2335 2701 ἦν
2367 2647 2456 2700 μοι
2479 2629 2667 2701 κέρδη,
2694 2631 2868 2685 ταῦτα
2889 2632 3106 2703 ήγημαι
3133 2633 3222 2688 διὰ
3247 2633 3339 2687 τὸν
3366 2636 3608 2705 Χριστὸν
3634 2635 3852 2707 ζημίαν.

2281 2721 2439 2775 Ἀλλά
2472 2722 2735 2794 μενοῦνγε
2768 2725 2862 2778 καὶ
2890 2725 3130 2795 ἡγοῦμαι
3178 2725 3246 2778 τὰ
3291 2725 3470 2780 πάντα
3503 2727 3736 2799 ζημίαν,
3771 2728 3856 2784 διὰ

2266 2814 2326 2868 τὸ
2364 2815 2628 2886 ὑπερέχον
2657 2816 2758 2886 τῆς
2802 2816 3055 2886 γνώσεως
3085 2821 3178 2872 τοῦ
3211 2820 3416 2891 Κυρίου
3457 2822 3622 2893 ἡμῶν
3687 2821 3854 2894 Ἰησοῦ

2267 2904 2526 2976 Χριστοῦ,
2571 2905 2636 2958 δι’
2676 2907 2736 2960 ὃν
2777 2908 2846 2961 τά
2892 2907 3071 2963 πάντα
3109 2908 3445 2982 ἐζημιώθην,
3477 2911 3570 2964 καὶ
3616 2912 3850 2984 ήγοῦμαι

2269 2996 2510 3052 σκύϐαλα
2540 2993 2702 3066 εἶναι,
2735 2998 2824 3052 ἵνα
2854 3000 3088 3070 Χριστὸν
3127 3001 3397 3072 κερδήσω,
3428 3003 3522 3056 καὶ
3552 3003 3770 3076 εὑρεθῶ
3794 3005 3848 3055 ἐν

2267 3089 2415 3159 αύτῷ
2440 3090 2514 3160 μὴ
2532 3089 2668 3161 έχων
2690 3089 2829 3162 ἐμὴν
2853 3090 3220 3165 δικαιοσύνην,
3252 3092 3351 3164 τὴν
3379 3095 3444 3147 ἐκ
3470 3095 3691 3164 Νόμου,
3723 3094 3850 3149 ἀλλά

585 3188 836 3243 inveniar
864 3189 921 3242 in
944 3189 1066 3258 ipso
1104 3205 1216 3244 non
1269 3189 1480 3244 habens
1523 3190 2008 3262 meamjustitiam,
2043 3205 2165 3260 quae

2270 3181 2368 3252 τὴν
2392 3184 2455 3236 ἐκ
2479 3183 2717 3246 πίστεως
2762 3183 3020 3254 Χριστοῦ,
3046 3185 3144 3256 τὴν
3174 3187 3237 3238 ἐκ
3266 3185 3402 3239 Θεοῦ
3430 3186 3801 3261 δικαιοσύνην.
3830 3207 3847 3240 ι

586 3294 656 3333 ex
681 3280 801 3350 lege
838 3288 947 3345 est,
972 3280 1069 3334 sed
1104 3281 1276 3346 illam,
1305 3297 1426 3351 quae
1454 3296 1522 3335 ex
1550 3281 1657 3336 ﬁde
1682 3294 1768 3336 est
1793 3281 2020 3348 Christi,
2045 3297 2166 3352 quae

584 3385 651 3424 ex
689 3372 802 3426 Deo
859 3379 946 3426 est
979 3372 1192 3442 justitia
1225 3372 1267 3426 ‘.
1296 3391 1313 3422 ι
1375 3373 1546 3426 Vetus
1601 3380 1784 3426 autem
1832 3372 1970 3427 illud
2006 3389 2164 3426 man-

584 3461 775 3517 datum
804 3478 916 3516 non
931 3463 1157 3516 omnino
1187 3463 1346 3532 culpa
1380 3479 1599 3528 vacare,
1639 3464 1929 3518 manifeste
1961 3464 2164 3519 conﬁr-

586 3555 774 3609 mavit.
803 3555 1042 3625 Ideoque
1073 3555 1255 3626 inquit
1281 3556 1427 3610 illius
1449 3557 1499 3626 3
1524 3557 1885 3612 loco‘novum
1913 3558 2019 3612 hoc
2065 3573 2166 3628 per

584 3646 893 3712 Christum,
938 3647 994 3701 id
1039 3654 1145 3712 est,
1179 3649 1560 3719 evangelicum
1603 3649 1816 3704 utiliter
1850 3649 2161 3705 inductum.

588 3737 682 3793 Sic
710 3739 860 3793 enim
901 3738 1141 3794 scribit:
1175 3758 1193 3790 ι
1222 3739 1564 3808 Reprobatio
1596 3739 1824 3809 quidem
1857 3738 1919 3793 ﬁt
1959 3754 2166 3810 praece-

586 3831 772 3887 dentis
806 3832 1046 3886 mandati
1075 3871 1088 3896 ,
1135 3841 1362 3901 propter
1397 3831 1773 3886 inﬁrmitatem
1820 3833 1940 3903 ejus
1990 3840 2047 3886 et
2076 3832 2165 3884 in-

588 3925 911 3980 utilitatem.
967 3925 1119 3979 Nihil
1151 3924 1299 3978 enim
1327 3924 1391 3978 ad
1428 3924 1734 3994 perfectum
1773 3924 2000 3980 adduxit
2029 3924 2162 3990 Lex,

587 4015 684 4071 sed
711 4015 1056 4072 introductio
1086 4015 1334 4070 melioris
1375 4017 1512 4086 Spei,
1546 4031 1644 4086 per
1687 4031 1848 4086 quam
1886 4016 2162 4085 proxima-

586 4124 712 4164 mus
733 4108 804 4163 ad
835 4109 1012 4162 Deum
1045 4108 1119 4161 ’.ι
1151 4108 1220 4162 Ει
1254 4107 1454 4162 iterum
1482 4126 1495 4162 :
1533 4128 1550 4159 ι
1579 4107 1635 4164 Si
1665 4107 1811 4163 enim
1837 4107 1988 4177 prius
2028 4106 2165 4162 illud

586 4200 747 4269 culpa
784 4209 1054 4264 vacasset,
1082 4215 1193 4253 non
1227 4200 1418 4270 utique
1453 4199 1684 4255 secundi
1728 4199 1883 4252 locus
1916 4197 2164 4267 inquire-

585 4303 760 4347 rctur.
805 4291 1136 4362 Vituperans
1162 4292 1310 4347 enim
1362 4307 1458 4347 eos
1504 4291 1684 4345 dicit:
1727 4291 1867 4346 Ecce
1918 4289 2038 4345 dies
2067 4305 2165 4345 ve-

585 4384 767 4451 niunt,
809 4384 948 4439 dicit
999 4385 1288 4450 Dominus,
1343 4393 1400 4440 et
1441 4382 1835 4440 consummabo
1861 4397 2028 4452 super
2064 4381 2164 4436 do-

585 4489 734 4528 mum
788 4473 980 4539 Israel,
1014 4482 1069 4529 et
1116 4488 1285 4543 super
1325 4472 1547 4528 domum
1587 4472 1725 4528 Juda
1777 4480 2166 4527 testamentum

585 4579 808 4629 novum,
848 4580 960 4618 non
998 4565 1304 4620 secundum
1336 4573 1724 4620 testamentum
1753 4565 1901 4637 quod
1931 4564 2036 4619 feci
2068 4579 2166 4633 pa-

2273 3271 2387 3324 Ούκ
2423 3271 2722 3342 ἀμώμητον
2757 3272 2814 3326 δέ
2843 3268 2980 3328 εἶναι
3008 3274 3105 3346 τὴν
3148 3276 3382 3346 ἀρχαίαν
3417 3278 3641 3351 ἐντολὴν
3684 3279 3851 3334 διεσε-

2272 3362 2491 3416 6αιοῦτο
2513 3363 2717 3432 σαφῶς.
2743 3365 3013 3438 Ταύτητοί
3057 3385 3188 3439 φησι
3219 3370 3312 3422 καὶ
3339 3370 3453 3424 ἀντ’
3485 3373 3710 3445 ἐκείνης
3729 3373 3853 3444 ήμῖν

2271 3455 2686 3526 είσκεκομίσθαι
2720 3459 3011 3529 χρησίμως
3043 3459 3142 3530 τὴν
3181 3460 3269 3514 διά
3294 3461 3531 3531 Χριστοῦ
3568 3465 3671 3518 καὶ
3709 3464 3850 3527 νέαν,

2269 3548 2565 3616 τοῦτ’ἐστι,
2583 3550 2683 3621 τὴν
2710 3550 3090 3622 εύαγγελικήν.
3109 3553 3314 3623 Γράφει
3341 3554 3397 3608 δέ
3418 3554 3614 3620 οὕτως’
3647 3576 3666 3610 ι
3709 3554 3852 3609 Ἀθέ-

2270 3656 2426 3710 τησις
2459 3641 2556 3711 μέν
2585 3641 2694 3713 γάρ
2727 3641 2937 3710 γίνεται
2972 3643 3353 3714 προσαγούσης
3392 3646 3638 3718 ἐντολῆς,
3667 3647 3753 3701 διά
3795 3645 3850 3698 τὸ

2271 3731 2442 3800 αὐτῆς
2479 3729 2703 3796 ἀσθενὲς
2732 3733 2826 3786 καὶ
2858 3735 3154 3803 ἀνωφελές.
3187 3733 3355 3791 Οὐδὲν
3385 3737 3496 3808 γάρ
3539 3739 3850 3792 ἐτελείωσεν

2270 3825 2299 3877 6
2324 3824 2526 3895 Νόμος,
2555 3825 2904 3896 ἐπεισαγωγὴ
2947 3827 3006 3880 δέ
3057 3828 3360 3900 κρείττονος
3397 3831 3635 3899 ἐλπίδος,
3679 3833 3744 3885 δι’
3787 3826 3851 3901 ἧς

2271 3916 2563 3989 ἐγγίζομεν
2587 3918 2667 3990 τῷ
2690 3919 2830 3991 Θεῷ.
2867 3938 2885 3972 ι
2922 3922 3033 3976 Καὶ
3075 3923 3258 3979 πάλιν·
3297 3943 3317 3977 ι
3363 3926 3425 3979 El
3455 3926 3564 3998 γὰρ
3597 3931 3630 3998 ή
3663 3926 3848 3998 πρώτη

2271 4009 2452 4082 ἐκείνη
2495 4007 2563 4081 ἦν
2604 4011 2894 4081 ἄμεμπτος
2919 4056 2933 4078 ,
2967 4013 3066 4067 οὐκ
3099 4014 3164 4068 ἂν
3193 4016 3451 4088 δευτέρας
3481 4017 3732 4090 ἐζητεῖτο
3767 4016 3848 4070 τό·

2271 4115 2392 4162 πος.
2427 4119 2445 4152 ι
2478 4099 2841 4170 Μεμφόμενος
2862 4101 2970 4173 γάρ
2993 4103 3190 4167 αὐτοὺς
3208 4104 3390 4174 λέγει’
3427 4124 3446 4158 ι
3492 4107 3626 4162 Ἰδοὺ
3649 4108 3844 4178 ἡμέραι

2271 4187 2546 4258 ἔρχονται,
2577 4188 2724 4258 λέγει
2756 4191 2982 4263 Κύριος,
3008 4194 3103 4248 καὶ
3129 4195 3430 4250 συντελέσω
3459 4199 3552 4252 ἐπὶ
3582 4200 3677 4254 τὸν
3705 4195 3845 4253 οἷκον

2285 4278 2519 4350 Ἰσραὴλ,
2545 4281 2639 4334 καί⁸
2665 4280 2758 4334 ἐπὶ
2782 4281 2872 4335 τὸν
2892 4279 3039 4338 οἷκον
3068 4285 3238 4338 Ἰούδα
3261 4287 3525 4360 διαθήκην
3555 4290 3768 4360 καινὴν,
3788 4287 3844 4340 ού

2271 4370 2414 4423 κατά
2443 4369 2544 4442 τὴν
2573 4371 2857 4444 διαθήκην,
2884 4375 2951 4447 ἢν
2979 4376 3210 4447 ἐποίησα
3241 4380 3353 4442 τοῖς
3379 4380 3652 4451 πατράσιν
3677 4377 3848 4436 αὐτῶν

2273 4462 2331 4515 ἐν
2363 4463 2546 4534 ήμέρα
2571 4464 2965 4536 ἐπιλαϐομένου
3013 4484 3115 4538 μου
3158 4469 3254 4539 τῆς
3296 4471 3480 4540 χειρὸς
3520 4474 3722 4535 αὐτῶν,
3764 4469 3846 4534 ἐξ-

2272 4557 2497 4623 αγαγεῖν
2526 4555 2722 4619 αὐτοὺς
2756 4559 2820 4610 ἐκ
2847 4558 2948 4629 γῆς
2975 4559 3272 4628 Αἰγύπτου,
3304 4561 3386 4616 ὅτι
3424 4563 3581 4618 αὐτοὶ
3628 4565 3728 4618 οὐκ
3762 4563 3846 4614 ἐν·

584 4655 763 4710 tribus
793 4669 988 4709 eorum
1027 4655 1083 4709 in
1148 4655 1239 4710 die
1282 4670 1390 4724 qua
1422 4654 1757 4724 apprehendi
1804 4669 2024 4708 manum
2076 4667 2165 4708 eo-

2272 4646 2495 4718 ἐμειναν
2523 4650 2583 4702 ἐν
2621 4651 2687 4722 τῇ
2716 4649 2950 4722 διαθήκη
2985 4668 3088 4720 μου
3110 4692 3125 4717 ,
3171 4653 3327 4721 κάγὼ
3361 4655 3614 4735 ἠμέλησα
3649 4652 3841 4717 αὐτῶν,

584 4753 704 4792 rum
761 4745 822 4792 ut
859 4739 1153 4793 educerem
1189 4739 1312 4793 illos
1341 4737 1410 4794 de
1458 4747 1605 4792 terra
1640 4736 1878 4808 Egypti,
1907 4735 2168 4806 quoniam

2271 4739 2416 4809 λέγει
2443 4741 2669 4814 Κύριος.
2711 4742 2834 4795 Ὅτι
2867 4742 3006 4814 αῦτη
3042 4745 3076 4815 ή
3119 4744 3374 4818 διαθήκη,
3423 4747 3491 4819 ἢν
3527 4748 3844 4820 διαθήσομαι

583 4827 691 4897 ipsi
723 4840 837 4879 non
864 4837 1295 4896 permanserunt
1330 4829 1384 4882 in
1428 4836 1758 4882 testamento
1797 4842 1941 4892 meo,
1973 4836 2030 4881 et
2066 4842 2165 4898 ego

2270 4829 2348 4902 τῷ
2401 4833 2534 4902 οῐκῳ
2573 4832 2791 4904 Ἰσραὴλ
2841 4833 2983 4903 μετὰ
3025 4834 3123 4898 τάς
3170 4836 3383 4908 ἡμέρας
3424 4839 3656 4904 ταύτας,
3705 4838 3844 4906 λέγει

583 4915 797 4987 neglexi
819 4930 935 4981 eos,
969 4917 1104 4970 dicit
1129 4918 1414 4971 Dominus.
1445 4918 1583 4984 Quia
1609 4919 1715 4973 hoc
1740 4927 1826 4972 est
1865 4925 2164 4973 testamen-

582 5017 698 5062 tum
749 5006 897 5077 quod
942 5007 1228 5078 disponam
1258 5009 1446 5063 domui
1503 5010 1668 5064 Israel
1699 5019 1823 5080 post
1863 5010 1983 5065 dies
2017 5011 2158 5078 illos,

581 5098 717 5153 dicit
742 5098 1031 5165 Dominus,
1056 5098 1194 5154 dans
1232 5100 1380 5169 leges
1411 5115 1562 5154 meas
1581 5101 1637 5155 in
1662 5113 1902 5156 mentem
1941 5118 2158 5171 eorum,

577 5191 707 5246 etin
739 5192 907 5248 corde
931 5207 1122 5248 eorum
1142 5191 1440 5246 inscribam
1467 5207 1561 5247 eas
1583 5193 1622 5245 ‘.
1655 5212 1672 5242 ι
1709 5193 1993 5264 Praecipue
2023 5210 2157 5250 vero

578 5283 841 5339 novitatis
870 5299 1071 5340 nomen
1121 5283 1436 5355 intelligens
1474 5294 1637 5355 atque
1677 5285 1981 5353 declarans,
2018 5307 2035 5338 ι
2059 5286 2156 5342 Di-

2269 4923 2498 4994 Κύριος,
2525 4924 2702 4986 διδοὺς
2743 4926 2940 4995 νόμους
2977 4943 3077 4998 μου
3122 4929 3204 4992 είς
3230 4928 3326 5000 τήν
3362 4929 3601 4985 διάνοιαν
3650 4927 3841 4988 αὐτῶν,

2268 5016 2363 5071 καὶ
2397 5018 2476 5080 είς
2507 5017 2605 5088 τὴν
2632 5017 2858 5088 καρδίαν
2887 5019 3066 5073 αὐτῶν
3103 5021 3394 5092 ἐπιγράψω
3421 5023 3639 5087 αύτούς.
3671 5042 3690 5075 ι
3735 5017 3843 5084 Ἐε-

2265 5105 2405 5176 όχως
2427 5106 2484 5160 δέ
2513 5106 2574 5160 τὸ
2592 5110 2688 5178 τῆς
2715 5107 3032 5181 καινότητος
3051 5110 3220 5182 ὄνομα
3243 5111 3444 5176 συνιείς
3469 5130 3530 5166 τε
3562 5114 3655 5168 καὶ
3677 5114 3843 5183 ἑρμη-

2267 5198 2456 5254 νεύων·
2487 5215 2506 5250 ι
2546 5199 2634 5254 Ἐν
2653 5199 2730 5272 τῷ
2755 5201 2957 5271 λέγειν,
2984 5220 3003 5254 ι
3032 5204 3185 5273 φησὶ,
3219 5222 3238 5256 ι
3266 5204 3478 5276 καινήν,
3500 5203 3841 5259 πεπαλαίωκε

2263 5289 2365 5358 τὴν
2414 5287 2659 5361 πρώτην’
2709 5291 2772 5344 τὸ
2805 5290 2914 5364 γάρ
2959 5292 3360 5365 παλαιούμενον
3408 5295 3503 5349 καὶ
3547 5296 3839 5369 γηράσκον,

578 5373 818 5440 cendo,»
873 5376 1074 5446 inquit,
1143 5394 1161 5428 ι
1189 5391 1416 5440 novum,
1457 5379 1723 5432 veteravit
1773 5379 1961 5448 prius:
2009 5377 2157 5449 quod

2270 5380 2436 5448 ἐγγὺς
2459 5381 2786 5453 ἀφανισμοῦ.
2813 5401 2831 5432 ι
2863 5384 2926 5437 El
2954 5385 3132 5439 τοίνυν
3161 5387 3476 5442 τετελείωκε
3504 5390 3604 5460 μὲν
3625 5391 3652 5443 6
3672 5385 3840 5454 Νόμος

579 5472 763 5519 autem
816 5466 1133 5536 antiquatur
1202 5477 1259 5523 et
1311 5467 1586 5534 senescit,
1647 5485 1816 5541 prope
1877 5459 2160 5527 interitum

2270 5471 2443 5535 οὐδὲν,
2471 5470 2729 5544 ἀθέτησις
2755 5473 2811 5528 δὲ
2843 5475 2946 5546 τῆς
2974 5477 3208 5548 ἀρχαίας
3238 5479 3460 5547 γέγονεν
3504 5459 3719 5550 ἐντολῆς
3753 5472 3841 5530 καὶ

579 5563 663 5609 est
697 5555 738 5608 ⁷.
784 5574 802 5607 ι
859 5556 916 5610 Si
949 5558 1116 5628 igitur
1152 5557 1288 5611 nihil
1321 5559 1550 5628 perfecit
1587 5560 1717 5626 Lex,
1741 5571 1798 5617 et
1849 5563 2163 5633 reprobatio

2270 5561 2372 5633 τῆς
2410 5562 2665 5634 δευτέρας
2713 5566 3016 5640 ἐπεισφορὰ
3040 5609 3055 5635 ,
3097 5573 3547 5646 προσοικειούσης
3595 5573 3736 5644 ἡμᾶς
3767 5565 3839 5636 τῷ

653 5690 882 5766 {Matth
909 5710 961 5757 v,
996 5694 1199 5766 ΠΑᾶ
1277 5695 1476 5766 fJoan.
1525 5714 1596 5766 ιν,
1642 5700 1834 5758 21-25.

653 5701 961 5757 'Mattlt.v,
996 5701 1082 5756 Π,
1115 5701 1199 5749 18.
1277 5701 1476 5752 'Joan.
1525 5714 1596 5766 ιν,
1642 5701 1834 5758 21-25.
1941 5701 2155 5758 ’Galat.

587 5759 795 5820 ‘Uebr.
855 5779 964 5832 vm,
1012 5763 1155 5818 7-l0.
1233 5765 1438 5835 'lbid.,
1478 5767 1562 5823 l5.
1913 5771 1918 5776 ’

2276 5704 2330 5770 4,
2361 5704 2411 5759 5.
2491 5703 2766 5777 ‘Philipp.
2843 5725 2924 5775 Ill,
2992 5712 3110 5767 7-9.
3191 5710 3397 5766 ’llebr.
3456 5727 3548 5778 vn,
3610 5710 3696 5778 l8,
3769 5702 3851 5758 l9-
