4076 6306
334 335 440 391 157

331 451 475 522 Θεῷ,
511 453 564 506 τί
605 455 671 527 δὴ
712 457 822 528 ἄρα
851 462 1017 530 φησὶν
1044 463 1072 514 6
1101 465 1309 538 Σωτὴρ,
1357 488 1375 520 ι
1411 473 1524 526 Οὐκ
1552 471 1717 546 ἦλθον
1750 497 1917 535 κατα-

329 543 488 597 λῦσαι
524 545 616 599 τὸν
640 548 826 617 νόμον,
851 551 986 605 ἀλλὰ
1018 555 1340 626 πληρῶσαη
1379 580 1396 612 ι
1423 565 1518 618 καὶ
1542 543 1644 629 ὅτι,
1680 587 1700 620 ι
1736 573 1912 642 Προσ-

1046 346 1135 400 DE
1171 348 1608 412 ADORATIONE
1647 359 1713 413 IN
1755 359 2022 420 SPlRlTU
2064 367 2150 421 ET
2192 371 2558 432 VERITATE.
2598 380 2726 437 LIB.
2767 383 2808 438 Ι.

3493 399 3590 453 158

1947 491 1990 544 Α
2022 487 2226 554 prioris
2265 496 2507 551 mandati
2558 498 2661 555 fuit
2694 502 2808 558 haec
2867 509 3192 576 posrerioris
3249 512 3588 585 subrogatlo,

2019 591 2118 644 per
2145 583 2291 648 quod
2317 584 2431 640 Deo
2463 590 2845 660 conciliamur,
2885 611 2987 651 cur
3015 615 3148 671 ergo
3193 583 3442 660 Salvator
3489 608 3587 671 ait,

327 636 452 705 ήκει
487 642 817 708 προσκυνεῖν
858 644 1009 713 ἡμᾶς
1047 648 1106 699 ἐν
1143 651 1412 721 πνεύματι
1447 656 1544 709 καὶ
1572 636 1798 733 ἀληθεία
1835 665 1888 734 ei;

327 725 559 765 Ωειτινηῒ
600 731 814 765 Πηη-ηι.
852 753 870 765 .
919 737 1072 765 Α..π-ε·
1102 739 1208 765 ,..ι-
1262 738 1403 765 ,τημ
1469 764 1482 765 γ
1589 751 1602 765 .
1701 753 1716 765 .
1786 755 1800 765 .

2020 636 2034 644 _
2161 636 2179 648 ι
2319 636 2340 637 κ
2371 636 2422 640 _-
2468 636 2845 660 -ν--,.---........,
2886 636 2976 651 ν...
3015 636 3148 671 ωδυ
3194 636 3431 660 uanam:
3489 636 3587 671 an,

2024 687 2040 718 ι
2076 669 2196 727 Non
2255 675 2381 730 veni
2447 679 2660 737 solvere
2716 683 2915 756 legem,
2949 691 3045 745 sed
3083 693 3474 765 adimplere?»
3520 700 3588 753 Ει

324 725 448 796 Θεῷ
473 728 565 781 καὶ
599 731 814 801 Πατρί;
851 753 870 786 ι
913 737 1072 805 Δηλοῖ
1102 739 1231 812 γάρ,
1257 738 1432 814 οἶμαι,
1463 751 1631 812 τουτὶ,
1663 725 1728 806 τὸ
1773 725 1910 809 6m:-

324 817 640 874 παύσασθαι
668 822 780 878 δεῖν
814 826 961 897 ἡμᾶς
1006 829 1154 898 ἠθῶν
1199 836 1295 888 καὶ
1346 840 1600 910 λατρείας
1628 845 1728 915 τῆς
1767 849 1910 903 κατὰ

322 906 418 960 τὸν
447 908 629 979 νόμον.

403 999 560 1055 ΚΥΡ.
625 1002 715 1066 Ὧς
743 1005 825 1068 είς
852 1007 1028 1063 πλατὺ
1060 1011 1390 1087 ζητημάτων
1418 1019 1602 1095 έξοίχῃ
1635 1026 1902 1098 πέλαγοςέ

299 1090 485 1160 ,Ποῖος
516 1091 626 1163 γὰρ
653 1093 720 1148 ἂν
748 1097 1000 1169 ἀρκέσεις
1027 1103 1171 1169 νοῦς,
1201 1109 1315 1171 τοῖς
1342 1109 1486 1165 οὕτω
1518 1090 1735 1182 λεπτοῖς
1770 1090 1906 1174 θεω-

325 1182 568 1251 ρήμασιν
609 1185 916 1244 ὲνατενίσαι
957 1192 1254 1268 λαμπρῶς,
1284 1199 1360 1264 ὼς
1399 1206 1512 1268 τοῖς
1547 1207 1712 1263 πάλαι
1752 1211 1904 1265 τεθε-

322 1273 642 1344 σπισμένοις
686 1278 773 1334 διὰ
799 1281 892 1335 τοῦ
932 1287 1206 1356 πανσόφου
1233 1291 1478 1358 Μωσέως
1497 1337 1511 1361 ,
1552 1298 1787 1372 ἀδελφὴν
1819 1298 1905 1358 οἷά

320 1381 434 1436 περ
465 1367 558 1419 καὶ
583 1369 818 1436 γείτονα,
849 1373 943 1429 καὶ
967 1375 1055 1431 διὰ
1079 1379 1187 1433 τῶν
1210 1382 1391 1439 αὐτῶν
1422 1387 1609 1444 ίοῦσαν
1640 1367 1903 1466 πραγμά-

318 1473 454 1523 των,
482 1458 578 1530 τὴν
601 1461 729 1515 νέαν
759 1465 892 1536 ἡμῖν
926 1467 1188 1536 ἐπιδεῖξαι
1213 1474 1456 1547 Γραφὴν,
1492 1483 1584 1535 καὶ
1612 1458 1711 1555 τῆς
1748 1458 1900 1559 νόμι-
1935 1492 1938 1494 ’

319 1550 428 1617 κῆς
458 1550 735 1618 πολιτείας
759 1555 821 1608 οὐ
845 1558 1048 1631 σφόδρα
1075 1561 1441 1640 διῳκισμένην
1465 1571 1564 1642 τὴν
1589 1575 1647 1628 έν
1668 1550 1902 1651 ⁷Χριστῷ

317 1636 487 1708 ζωὴν,
519 1642 569 1694 εί
600 1643 737 1714 πρὸς
779 1645 1014 1719 θεωρίαν
1056 1653 1243 1722 ἄγοιτο
1286 1636 1800 1739 τὴν-πνευματικὴν
1832 1636 1899 1725 τά

313 1730 428 1790 τοῖς
461 1731 708 1801 άρχαίοις
743 1735 1096 1808 διωρισμένα.
1140 1745 1323 1810 Τύπος
1353 1750 1462 1822 γὰρ
1511 1756 1540 1806 6
1567 1730 1768 1826 ’νόμος
1803 1762 1897 1813 καὶ

315 1818 465 1885 σκιά,
507 1822 726 1894 καὶτῆς
756 1827 1038 1895 εὐσεϐείας
1083 1834 1115 1904 ἡ
1158 1818 1440 1907 μόρφωσις
1485 1842 1560 1906 ὡς
1606 1818 1671 1899 έν.
1709 1818 1895 1904 ιῖίδῖσιν
1931 1823 1969 1877 Β

311 1906 416 1972 ἔτι,
470 1914 564 1965 καὶ
611 1920 998 1989 κεκρυμμένον
1046 1924 1105 1976 έν
1156 1906 1321 2000 ἑαυτῇ
1372 1931 1430 1984 τὸ
1475 1935 1574 2004 τῆς
1637 1936 1896 2010 ἀληθείας

311 1998 512 2069 ἔχουσα
541 2004 754 2072 κάλλος.
795 2011 864 2063 Ἦ
894 2012 990 2083 οὐχ
1024 2007 1127 2070 ὧδε
1165 1998 1319 2089 ἔχειν
1342 2022 1486 2093 ἐρεῖς
1525 1998 1661 2098 δπερ
1686 1998 1860 2101 ἔφην;

382 2181 591 2239 ΠΑΛΛ.
637 2188 787 2244 Πάνυ
824 2193 1036 2260 μενοῦν.
1077 2198 1237 2253 Ἀλλὰ
1262 2202 1346 2265 τίς
1370 2203 1436 2256 ἂν
1461 2205 1674 2272 γένοιτο
1700 2211 1891 2266 τούτου

305 2274 341 2342 ἡ
374 2273 732 2351 διασάφησις;
763 2284 835 2336 Ἦ
863 2285 946 2350 τίς
975 2289 1004 2340 6
1028 2289 1228 2361 τρόπος
1251 2293 1346 2346 τοῦ
1385 2294 1763 2355 πολιτεύεσθαι
1791 2304 1892 2371 μὲν

305 2365 699 2436 Εὐαγγελικῶς
722 2373 953 2444 ὲξῆφθαι
979 2377 1058 2432 ἔτι
1078 2380 1255 2436 δοκεῖν
1276 2385 1374 2456 τῆς
1394 2386 1628 2458 ἀρχαίας
1650 2365 1888 2465 ἐντολῆς,

305 2459 405 2512 καὶ
443 2460 685 2533 πληροῦν
713 2465 920 2522 οἴεσθαι
945 2470 1014 2524 τὰ
1043 2472 1131 2527 διὰ
1167 2475 1443 2545 Μωσέως;

376 2640 540 2696 ΚΥΡ.
582 2643 694 2716 Οὐχ
733 2646 940 2714 ἁπλοῦς
982 2653 1011 2704 6
1051 2652 1227 2722 λόγος,
1277 2657 1353 2720 ὡς
1392 2659 1458 2714 ἄν
1499 2677 1583 2725 τις
1625 2665 1882 2720 είκάσειε·

302 2731 494 2802 χρῆμα
528 2735 606 2801 δὲ,
643 2734 830 2808 οίμαι,
872 2743 964 2796 καὶ
995 2745 1313 2817 πολυσχιδὲς
1345 2749 1439 2803 καὶ
1474 2753 1821 2826 πολύμορφον
1851 2760 1885 2829 ἡ

301 2821 495 2892 άρετήο
530 2825 623 2878 καὶ
661 2828 760 2898 τῆς
799 2831 855 2883 ἐν
887 2833 1106 2906 Χριστῷ
1146 2839 1422 2904 πολιτείας
1455 2843 1522 2897 τὰ
1559 2821 1883 2918 αύχηματα,

300 2909 388 2965 διὰ
425 2912 682 2987 πλείστης
716 2921 847 2990 ὅσης
887 2926 1018 2994 ἡμῖν
1066 2927 1166 2998 τῆς
1199 2929 1570 3003 ἁγαθουργίας
1612 2909 1886 2994 elimati;

298 2999 468 3057 λεται.
504 3009 613 3060 Καὶ
637 3009 766 3076 γοῦν
791 3014 818 3065 6
849 3014 1136 3082 θεσπέσιος
1174 3021 1339 3076 Δαϐὶδ
1360 2999 1422 3076 ἐν
1457 2999 1657 3098 ψαλμῷ
1695 3029 1771 3100 τῷ
1800 3050 1886 3085 τε-

2015 763 2149 820 illud
2175 767 2327 831 item,
2367 789 2385 821 ‹
2407 769 2468 824 In
2501 772 2699 842 spiritu
2733 785 2789 831 et
2821 780 3051 838 veritate
3072 763 3250 841 Deum
3279 804 3343 842 ac
3371 789 3585 846 Patrem

2013 868 2232 929 oportet
2263 861 2580 919 adorare?»
2620 867 2739 925 Hoc
2789 872 2958 939 enim,
3001 875 3106 930 nisi
3138 877 3316 945 fallor,
3373 883 3577 954 signiﬁ-

2010 959 2097 1006 cat
2122 967 2151 1006 a
2183 953 2382 1010 ritibus
2406 957 2666 1028 cultuque
2693 961 2828 1033 legis
2845 979 2965 1020 esse
2989 967 3150 1023 nobis
3175 953 3580 1033 abstinendum.

2078 1043 2234 1100 CYR.
2260 1046 2433 1114 Quam
2465 1060 2679 1107 vastum
2720 1057 3085 1124 quastionum
3125 1063 3353 1135 pelagus
3398 1067 3584 1138 ingre-

2009 1131 2162 1190 deris
2192 1136 2205 1188 ι
2240 1134 2371 1202 Quae
2400 1139 2548 1193 enim
2594 1143 2796 1199 mentis
2832 1146 2918 1201 vis
2959 1155 3110 1206 tanta
3126 1131 3318 1222 potest
3362 1156 3419 1210 in
3446 1131 3583 1213 adeo

2009 1225 2242 1282 subtiles
2293 1228 2698 1300 disputationes
2727 1237 2860 1293 satis
2905 1239 3106 1296 claram
3157 1245 3331 1300 aciem
3396 1248 3579 1304 inten-

2007 1315 2162 1382 dere,
2202 1327 2262 1372 ut
2302 1319 2371 1375 iis
2404 1337 2526 1391 qua:
2555 1324 2689 1380 olim
2723 1343 2754 1381 a
2791 1329 3197 1399 sapientissimo
3237 1336 3417 1409 Moyse
3450 1356 3579 1395 san-

2006 1408 2112 1462 cita
2151 1419 2300 1477 sunt,
2331 1419 2589 1484 tanquam
2642 1429 2926 1490 cognatam
2981 1439 3045 1479 ac
3077 1428 3382 1495 proximam
3434 1448 3575 1495 esse,

1998 1877 2234 1935 namque
2273 1867 2444 1939 ﬁgura
2484 1881 2540 1927 et
2565 1875 2758 1930 umbra
2785 1886 2892 1944 est,
2925 1889 2978 1934 et
3009 1881 3182 1937 forma
3204 1885 3424 1954 pietatis
3448 1896 3569 1942 tan-

1996 1969 2158 2024 quam
2188 1957 2370 2014 adhuc
2392 1965 2731 2032 parturiens,
2764 1978 2821 2023 et
2849 1970 3110 2026 latentem
3137 1974 3191 2029 in
3233 1991 3290 2031 se
3321 1979 3568 2046 pulchri-

1996 2043 2243 2100 tudinem
2293 2049 2544 2106 veritatis
2587 2055 2893 2112 continens.
2926 2059 3008 2114 An
3045 2076 3155 2116 non
3189 2063 3286 2129 ita,
3320 2043 3382 2120 ut
3431 2066 3567 2136 dixi,

1995 2149 2109 2188 rem
2142 2151 2201 2191 se
2224 2137 2429 2196 habere
2456 2141 2648 2199 dices?

2063 2226 2260 2282 PALL.
2302 2229 2381 2286 Ita
2434 2249 2682 2303 prorsus.
2739 2237 3011 2296 Caeterum
3065 2259 3301 2314 quanam
3352 2250 3566 2306 ratione

1993 2312 2109 2369 haec
2139 2316 2408 2374 declarari
2437 2328 2736 2392 poterunt?
2767 2330 2877 2383 Aut
2925 2312 3202 2400 quomodo
3248 2339 3565 2408 evangelice

1994 2402 2261 2472 vivamus,
2315 2411 2363 2464 si
2422 2429 2523 2468 nos
2578 2417 2759 2471 adhuc
2797 2419 2864 2474 de
2902 2424 3078 2477 veteri
3129 2426 3385 2481 mandato
3425 2445 3564 2499 pen-

1991 2488 2142 2556 dere,
2181 2505 2236 2549 et
2273 2495 2328 2569 4
2356 2514 2419 2554 ea
2459 2501 2734 2572 implenda
2768 2516 3024 2576 putemus
3053 2526 3176 2580 quae
3201 2529 3301 2582 per
3340 2488 3563 2586 Mo-ysen

1990 2584 2195 2639 sancita
2227 2591 2388 2643 sunt?

2055 2674 2216 2732 (ΠΒ.
2274 2680 2394 2735 Non
2425 2683 2656 2753 simplex
2700 2695 2756 2741 et
2799 2685 2914 2743 una
2949 2692 3088 2746 ratio
3130 2703 3235 2760 est,
3264 2704 3325 2749 ut
3361 2697 3563 2767 aliquis

1988 2766 2275 2839 imaginari
2306 2771 2516 2840 possit;
2564 2774 2851 2846 multiplex
2909 2779 3056 2833 enim
3101 2796 3164 2835 ac
3209 2766 3562 2842 multiformis

1988 2873 2078 2912 res
2111 2869 2197 2914 est
2235 2861 2457 2930 virtus;
2512 2871 2568 2918 et
2612 2863 2939 2924 Christiana:
2993 2870 3119 2925 vitae
3175 2873 3346 2944 gloria
3394 2893 3558 2946 quam

1986 2951 2240 3019 plurimis
2272 2951 2433 3010 bonis
2459 2957 2721 3026 Operibus
2751 2960 3066 3031 variegatur
3091 2972 3147 3018 et
3175 2976 3426 3021 ornatur.
3455 2968 3559 3022 lta-

1986 3057 2092 3111 que
2132 3043 2354 3099 divinus
2389 3047 2480 3101 ille
2506 3047 2677 3104 David
2705 3051 2914 3120 psalmo
2943 3053 3364 3126 quadragesimo
3390 3075 3556 3129 quar-

296 3089 483 3163 τάρτῳ
509 3097 602 3148 καί⁹
625 3104 1043 3174 τεσσαρακοστῷ
1077 3109 1373 3182 παρίστησι
1403 3114 1502 3182 μὲν
1525 3116 1603 3187 τῷ
1633 3119 1870 3192 Χριστῷ,

300 3184 568 3216 ’διειλήφει-
596 3188 764 3216 3.....3...
821 3192 893 3216 Δ.-
926 3196 978 3216 1..
1008 3197 1102 3216 _IF
1181 3200 1206 3216 η
1307 3202 1324 3216 ς
1346 3203 1389 3216 ι.
1549 3207 1560 3216 .
1649 3211 1703 3216 --
1779 3212 1790 3216 -

1990 3089 2090 3111 Ί..-
2135 3089 2354 3099 ...ν-...ιιι
2389 3089 2480 3101 ..ιν
2506 3089 2677 3104 νυιιιιι
2705 3089 2914 3120 γοαιιιιυ
2943 3089 3364 3126 ιιυιιυιαδεδιιιιυ
3390 3089 3556 3129 qual—

1988 3139 2064 3195 to,
2100 3131 2321 3188 Christo
2368 3135 2638 3206 virginem
2683 3149 2889 3194 castam
2946 3152 3124 3198 astare
3182 3145 3311 3201 facit
3370 3149 3557 3205 Eccle-

300 3184 568 3254 παρθένον
593 3188 785 3260 ἁγνὴν,
819 3192 893 3256 ὡς
923 3196 980 3249 ὲν
1003 3197 1153 3262 τάξει
1181 3200 1469 3270 βασιλίδος,
1510 3184 1609 3277 τὴν
1649 3184 1874 3284 ’ἐκκληέ

299 3274 441 3338 σίαν,
481 3280 812 3352 περίχρυσον
849 3285 906 3338 δὲ
943 3288 1081 3360 αὐτῇ
1115 3293 1209 3345 καὶ
1253 3297 1688 3371 πεποικιλμένην
1730 3321 1884 3375 περι-

295 3368 475 3438 τίθησι
526 3372 736 3445 στολὴν,
781 3374 923 3430 οὕτω
964 3378 1158 3448 λέγων·
1190 3400 1209 3433 ι
1242 3385 1494 3458 Παρέστη
1526 3389 1559 3459 ἡ
1594 3368 1881 3458 βασίλισσα

295 3461 360 3511 ἐκ
402 3459 590 3525 δεξιῶν
623 3480 748 3529 σου,
782 3466 839 3519 ὲν
873 3468 1152 3541 ἱματισμῷ
1197 3473 1473 3548 διαχρύσῳ
1513 3481 1880 3554 περιϐεϐλημ-

297 3549 435 3619 μένη
464 3553 556 3603 καὶ
587 3557 1004 3626 πεποικιλμένη.
1041 3578 1058 3612 ι
1094 3562 1200 3614 Τοῦ
1228 3563 1325 3633 μὲν
1352 3567 1666 3639 διαχρύσου,
1695 3572 1757 3624 τὸ

289 3653 455 3706 τιμον
485 3641 578 3692 καὶ
603 3647 918 3714 περιφανὲς,
949 3650 1197 3722 καθάπερ
1225 3655 1459 3725 ἐγῷμαι,
1487 3659 1582 3711 τοῦ
1614 3659 1670 3713 δὲ
1701 3665 1877 3716 ποικί-

290 3727 413 3794 λου,
444 3730 505 3782 τὸ
555 3733 822 3800 πολυειδὲς
867 3739 967 3809 τῆς
1009 3741 1210 3812 ἀρετῆς
1243 3740 1302 3798 εὖ
1341 3748 1485 3816 μάλα
1533 3757 1875 3824 κατασημαί-

288 3834 494 3881 νοντος.
542 3822 969 3900 Εὐπρεπεστάτη
1012 3832 1121 3903 γὰρ
1163 3833 1281 3887 λίαν
1328 3837 1360 3907 ἡ
1421 3822 1866 3910 Ἐκκλησίαξκόο

1985 3224 2121 3278 siam
2159 3244 2170 3277 :
2215 3227 2410 3281 stolam
2447 3244 2576 3282 vero
2623 3231 2700 3284 illi
2761 3232 3079 3289 deauratam
3137 3247 3192 3292 et
3226 3241 3554 3312 variegatam

1985 3315 2372 3388 circumponit,
2408 3319 2482 3374 ita
2504 3319 2727 3376 dicens:
2771 3341 2789 3373 ι
2821 3325 3011 3380 Astitit
3040 3328 3228 3398 regina
3275 3346 3306 3384 a
3347 3331 3549 3388 dextris

1984 3403 2092 3457 tuis
2141 3403 2197 3458 in
2231 3406 2434 3461 vestitu
2479 3407 2763 3475 deaurato,
2815 3412 3231 3470 circumamicta
3275 3426 3332 3471 et
3368 3419 3536 3474 varic-

1981 3503 2102 3562 gata
2137 3495 2176 3548 ⁸.
2207 3515 2224 3546 ι
2261 3495 2362 3552 Ubi
2409 3499 2661 3555 deaurati
2690 3503 2982 3570 vocabulo,
3035 3507 3294 3576 splendor
3336 3519 3392 3564 et
3423 3527 3540 3582 pre-

1983 3584 2116 3637 tium
2145 3601 2157 3637 :
2183 3587 2318 3640 varii
2340 3597 2523 3644 autem
2550 3594 2793 3658 nomine,
2821 3595 3043 3651 virtutis
3072 3599 3308 3654 varietas
3325 3603 3546 3672 optime,

1979 3681 2039 3727 ut
2095 3675 2312 3744 opinor,
2370 3679 2732 3750 signiﬁcatur.
2785 3685 3200 3755 Speciosissima
3254 3693 3402 3746 enim
3468 3705 3554 3751 est

1976 3765 2200 3820 omnino
2230 3767 2492 3836 Ecclesia,
2531 3780 2786 3827 ornatum
2812 3776 3020 3833 habens
3053 3780 3417 3850 spiritualem,
3451 3786 3547 3855 qui

1974 3870 2084 3909 non
2113 3857 2293 3912 carnis
2317 3860 2492 3916 oculis
2518 3864 2786 3930 cernitur,
2811 3867 2907 3921 sed
2931 3869 2986 3923 in
3017 3881 3202 3926 mente
3222 3884 3278 3928 et
3297 3875 3351 3928 in
3381 3876 3547 3930 corde

290 3926 430 3979 σμον
450 3911 649 3982 ἔχουσα
679 3917 1089 3991 τὸν’νοητὸν,ξού
1116 3927 1228 3989 τοῖς
1249 3929 1347 3998 τῆς
1370 3931 1570 4000 σαρκὸς
1596 3933 1870 4004 ὁρώμενον

290 4000 584 4031 ικαὶ-3....ἳ-
637 4007 746 4031 ,εκ-π’
777 4010 854 4031 ,ιΑ
881 4011 968 4031 .__~
1035 4013 1057 4031 ur
1238 4018 1249 4031 ι
1401 4021 1445 4031 Α.
1613 4024 1622 4031 .
1710 4028 1720 4031 -
1839 4029 1856 4031 Α

1986 3946 2204 4013 positus,
2235 3947 2408 4015 illum,
2445 3953 2540 4021 qui
2565 3952 2622 4006 in
2659 3957 2876 4011 occulto
2898 3958 3248 4031 intelligitur,
3295 3965 3545 4021 Judazum

284 4000 604 4072 ὀφθαλμοῖς,
633 4007 746 4060 ἀλλ’
774 4010 854 4074 είς
881 4011 1003 4066 νοῦν
1032 4013 1140 4068 ἔσω
1168 4018 1259 4070 καὶ
1287 4021 1536 4091 καρδίαν,
1576 4000 1667 4078 τὸν
1706 4000 1763 4080 έν
1791 4029 1868 4101 τῷ

1986 4000 1990 4013 λ
2193 4000 2203 4011 ,
2257 4000 2266 4001 κ
2306 4000 2408 4015 -ν---,
2451 4000 2540 4021 1..-
2565 4000 2622 4006 ---
2662 4000 2874 4011 νυν-ην
2898 4000 3248 4031 ..ι-υηιθιιυι,
3295 4000 3544 4021 συυωιιιιι

1986 4039 2223 4107 plurimis
2263 4044 2601 4100 ornamentis
2644 4047 2914 4118 insignem
2967 4059 3130 4122 atque
3184 4059 3544 4126 conspicuum

283 4095 512 4165 κρυπτῷ
532 4098 819 4168 νοούμενον
853 4103 1118 4170 Ἰουδαῖον,
1151 4108 1238 4163 διὰ
1275 4111 1540 4169 πλείστων
1566 4119 1698 4188 ἡμῖν
1727 4119 1867 4174 ὅσων

1986 4101 1989 4107 _
2644 4095 2914 4118 ___--D_-s...
2967 4095 3130 4122 ...Ὶυν
3186 4095 3538 4126 svaque“...

1986 4131 2103 4185 icite
2131 4133 2292 4188 nobis
2312 4137 2571 4191 ostendit.
2599 4138 2734 4192 Nam
2763 4149 2824 4194 ut
2857 4143 3052 4199 beatus
3080 4146 3282 4203 Paulus
3307 4151 3498 4203 scribit
3527 4171 3538 4204 :

281 4185 580 4257 ὼραῖσμῶν
615 4192 792 4260 εὐφυᾶ
832 4195 925 4248 καὶ
950 4195 1223 4268 ἐξαίρετον
1254 4203 1483 4269 ἀστείως
1515 4185 1862 4277 ἐκφαίνοντα.

1976 4239 1994 4271 ι
2029 4221 2148 4276 Non
2175 4225 2269 4293 qui
2303 4225 2359 4280 in
2386 4227 2705 4295 manifesto,
2737 4231 2956 4287 Iudaeus
2979 4244 3093 4299 est,
3126 4253 3305 4306 neque
3334 4257 3454 4308 qua)
3485 4241 3536 4294 in

292 4276 380 4340 Ὦς
408 4278 520 4350 γὰρ
562 4282 590 4332 6
623 4283 890 4354 μακάριος
916 4291 1114 4357 γράφει
1149 4291 1357 4357 Παῦλος
1380 4313 1392 4325 ’
1435 4316 1453 4347 ι
1495 4299 1570 4351 Οὐ
1602 4300 1712 4373 γὰρ
1743 4305 1770 4356 6
1802 4305 1863 4356 ἐν

2183 4276 2269 4293 τί-
2386 4276 2705 4295 --κ--,-ν--ν,
2737 4276 2956 4287 μευ...
2981 4276 3093 4299 μη,
3127 4276 3305 4306 ..μίαν
3334 4276 3437 4308 ψη,

1986 4314 2258 4370 nanifesto
2282 4316 2338 4371 in
2365 4333 2552 4385 carne,
2579 4329 2664 4375 est
2680 4323 3051 4389 circumcisio,
3075 4326 3170 4380 sed
3200 4329 3295 4396 qui
3328 4330 3382 4383 in
3411 4332 3540 4387 abs-

278 4365 357 4436 τῷ
389 4370 614 4440 φανερῷ
639 4372 910 4438 ,Ἰουδαῖός
951 4377 1118 4445 ἐστιν,
1146 4379 1270 4434 οὔτε
1303 4384 1408 4455 μὴν
1433 4386 1492 4439 ὲν
1537 4390 1615 4460 τῷ
1644 4394 1862 4466 φανερῷ

280 4459 338 4493 ἐν
368 4461 530 4493 ηηηνι
568 4465 836 4493 anAn—“.1.
897 4468 1008 4493 ,ινιτ
1036 4473 1054 4493 ι
1085 4473 1239 4493 1___3-,
1339 4492 1346 4493 ,
1479 4478 1505 4490 .-
1576 4480 1613 4493 ..
1685 4483 1708 4493 -
1748 4487 1769 4493 ..

2370 4365 2552 4385 πων,
2582 4365 3051 4389 νυ-ν..ν.....ν....υ,
3075 4365 3170 4380 σν..
3200 4365 3295 4396 tl...
3411 4365 3536 4387 ..νδ-

1986 4405 2207 4471 :ondito,
2249 4405 2470 4464 Judmus
2494 4420 2597 4475 est,
2639 4420 2694 4466 et
2728 4413 3078 4470 circumcisio
3111 4419 3296 4474 cordis
3342 4421 3397 4475 in
3422 4425 3536 4493 spi-

279 4459 338 4511 ὲν
367 4461 535 4530 σαρκὶ
568 4465 866 4536 περιτομὴ,
893 4468 1008 4522 ἀλλ’
1031 4473 1060 4522 ὁ
1082 4473 1140 4525 ἐν
1169 4473 1245 4542 τῷ
1286 4478 1536 4550 κρυπτῷ,
1576 4459 1859 4547 Ἰουδαῖός,

279 4550 368 4581 νηὶ
404 4555 674 4581 --.η--..1.
707 4559 932 4581 ----ιιρ--,
988 4563 1020 4581 ιν
1189 4564 1200 4579 ρ
1406 4571 1418 4581 .
1545 4573 1555 4581 .
1827 4571 1854 4581 .-

2195 4459 2207 4471 ,
2255 4459 2467 4464 nm“
2498 4459 2597 4475 _--,
2642 4459 2692 4466 --
2731 4459 3076 4470 -.-ν-..-νων
3112 4459 3296 4474 wn.”
3423 4459 3534 4493 σν.-

1986 4496 2100 4562 ’ἰιιι,
2126 4514 2237 4552 non
2267 4499 2471 4567 littera,
2505 4505 2663 4572 cujus
2686 4505 2805 4560 laus
2832 4523 2942 4561 non
2974 4525 3041 4562 ex
3065 4511 3403 4581 hominibus,
3438 4518 3534 4572 sed

278 4550 373 4602 καὶ
403 4555 676 4625 περιτομὴ
707 4559 952 4628 καρδίας,
984 4563 1042 4615 έν
1071 4564 1341 4635 πνεύματι
1368 4571 1427 4621 οὐ
1457 4573 1762 4644 γράμματι,
1798 4571 1858 4630 οὗ
1962 4601 2028 4640 ex
2056 4550 2390 4643 ξ

275 4640 306 4691 6
332 4641 551 4708 ἔπαινος
575 4646 675 4699 οὐκ
701 4646 760 4712 ἐξ
795 4651 1115 4723 ἀνθρώπων,
1150 4657 1264 4708 ἀλλ’
1295 4660 1359 4711 ἐκ
1385 4661 1478 4714 τοῦ
1496 4640 1658 4718 Θεοῦ.
1693 4687 1710 4717 ι

347 4733 556 4789 ΠΑΛΛ.
588 4732 715 4808 Ἆρ’
745 4735 857 4805 οὖν,
886 4743 1006 4796 είπέ
1051 4761 1167 4814 μοι,
1196 4748 1292 4817 τῆς
1319 4750 1376 4801 ὲν
1405 4751 1676 4821 πνεύματι
1706 4774 1856 4826 περι-

2028 4776 2223 4832 PALL.
2259 4778 2354 4833 Dic
2393 4779 2533 4834 mihi
2562 4781 2752 4851 igitur,
2776 4783 2821 4839 si
2855 4785 3205 4846 circumcisio
3236 4793 3292 4846 in
3323 4796 3523 4864 spiritu

273 4823 445 4893 τομῆς
490 4827 1016 4902 εἶσκεκομισμένης,
1068 4837 1162 4889 καὶ
1204 4836 1404 4892 θυσιῶν
1448 4842 1556 4895 τῶν
1587 4847 1726 4899 κατὰ
1764 4848 1856 4901 τὸν

273 4912 434 4947 mium.
465 4918 959 4947 ιι..----,........ι..-...
1156 4928 1246 4947 ,με
1380 4931 1459 4947 θον
1676 4937 1690 4947 .
1731 4940 1743 4947 .
1802 4942 1824 4947 _

2028 4823 2050 4830 -
2071 4823 2223 4832 --_.....
2259 4823 2354 4833 ...ν
2394 4823 2530 4834 .-.....
2562 4823 2752 4851 mum,
2776 4823 2821 4839 ο.
2855 4823 3205 4846 υιιυυιιιιωοιυ
3237 4823 3292 4846 ιιι
3323 4823 3523 4864 aputu]

1986 4867 2271 4922 ntroducta
2295 4877 2397 4933 est,
2430 4879 2486 4924 et
2523 4871 2716 4927 hostiae
2741 4874 2941 4946 legales
2967 4880 3214 4947 sublatae,
3241 4886 3524 4942 etnullum

271 4912 434 4984 νόμον
464 4918 979 4990 άνατετραμμένων,
1023 4928 1113 4978 καὶ
1151 4928 1313 4982 τόπον
1339 4931 1554 4999 οὐδένιι
1562 4937 1690 5007 παρ’
1720 4940 1854 5008 ἡμῖν

271 5003 503 5042 ἐσιηιῖηιιηρ
529 5009 627 5042 ιιι-ευ-
655 5012 926 5042 ..λὶυηιηρ
984 5018 1079 5042 -3..-
1118 5019 1373 5042 ,ιη-[Δημέα
1423 5041 1436 5042 γ
1573 5026 1594 5042 τ
1711 5029 1735 5042 ι.
1833 5033 1854 5042 -

1986 4912 2060 4918 ----
2077 4912 2271 4922 ..ν-ν...
2297 4912 2397 4933 wn,
2432 4912 2486 4924 νυ
2523 4912 2716 4927 ..νυν-νυ
2741 4912 2941 4946 ιυδαιυο
2967 4912 3214 4947 ουυιαιαῑ,
3241 4912 3296 4938 τι
3313 4912 3518 4942 uuuuul

1990 4956 2102 5024 pud
2129 4973 2232 5012 nos
2247 4959 2429 5013 locum
2448 4959 2614 5017 habet
2632 4963 2723 5019 illa
2737 4965 2963 5025 Judaica
2984 4971 3205 5028 vivendi
3237 4977 3395 5042 ratio,
3421 4995 3518 5033 an-

267 5003 503 5077 ὲχούσης
529 5009 627 5077 τῆς
655 5012 945 5078 πολιτείας,
983 5018 1082 5070 οὐκ
1114 5019 1374 5075 ἀπίθανόν
1403 5041 1518 5088 πως
1543 5026 1681 5080 εἶναι
1707 5029 1854 5083 δοκεῖ

264 5094 326 5146 τὸ
359 5097 525 5164 φάναι
549 5101 804 5175 Χριστὸν,
839 5123 856 5155 ι
895 5107 1007 5160 Οὐκ
1031 5103 1193 5180 ἦλθον
1225 5113 1523 5170 καταλῦσαι
1549 5118 1640 5170 τὸν
1665 5120 1848 5190 νόμον,

262 5187 402 5242 ἀλλὰ
434 5189 757 5262 πληρῶσαι;
789 5214 807 5246 ι
856 5197 927 5250 Ἦ
957 5199 1114 5272 εἴπερ
1151 5203 1248 5272 οὐχ
1275 5200 1376 5258 ὧδε
1411 5206 1542 5278 ἔχει,
1591 5187 1851 5266 διακωλύι

263 5294 409 5334 σειεν
447 5281 515 5335 ἂν
549 5278 701 5354 οἶμαί
731 5302 834 5339 που
874 5289 966 5341 καὶ
998 5291 1148 5361 ἡμᾶς
1175 5295 1348 5363 οὐδὲν,

259 5371 355 5421 καὶ
384 5369 705 5437 λιϐανωτοῖς
750 5376 842 5431 τὸν
886 5377 995 5430 τῶν
1046 5380 1183 5436 ὅλων
1221 5390 1646 5459 καταγεραίρειν
1689 5369 1842 5460 Θεὸν,

259 5462 656 5530 προσκομίζειν
681 5464 739 5517 δὲ
768 5467 916 5538 αὐτῷ
938 5473 1202 5541 τρυγόνας
1237 5477 1330 5529 καὶ

257 5551 310 5602 ετ
329 5570 380 5604 τι
403 5553 537 5625 δρᾷν
567 5556 759 5627 ἕτερον
785 5561 894 5622 τοῖς
918 5562 1288 5635 ἀρχαιοτέροις
1321 5571 1650 5640 νενόμισται,
1685 5577 1778 5629 τοῦ

256 5642 342 5693 καὶ
370 5645 518 5714 ἡμᾶς
547 5646 754 5707 αὐτοὺς
782 5648 1092 5717 ἐπείγεσθαι
1121 5656 1382 5728 πληροῦν.

317 5754 495 5813 ’Psal.
543 5773 692 5820 thv,
751 5759 835 5811 10.
913 5764 1112 5819 °Rom.
1164 5786 1221 5828 ιι,
1255 5771 1342 5836 28,
1396 5776 1478 5830 29.

568 5849 852 5910 PATROL.
898 5854 1009 5914 Gn.
1051 5858 1189 5917 LXV
1204 5862 1304 5920 ΙΙΙ.

1955 5061 2062 5099 non
2073 5046 2374 5102 absurdum
2391 5065 2509 5106 esse
2524 5054 2928 5123 quodammodo
2945 5061 3182 5127 videtur,
3202 5067 3346 5133 quod
3361 5065 3508 5122 Chri-

1953 5143 2069 5190 stus
2095 5137 2190 5202 ait,
2217 5157 2235 5188 ι
2258 5137 2378 5194 Νοιι
2392 5143 2517 5197 veni
2541 5145 2753 5202 solvere
2777 5149 2974 5220 legem,
3008 5153 3102 5208 sed
3125 5154 3461 5225 adimplere?
3494 5180 3511 5211 ι

1950 5227 2057 5280 Aut
2073 5229 2116 5282 si
2134 5229 2293 5284 aliter
2313 5247 2371 5287 se
2396 5250 2482 5290 res
2504 5236 2691 5305 habet,
2715 5241 3102 5312 nihil,opinor,
3125 5246 3515 5314 impedimento

1399 5297 1708 5367 βουθυσίαις
1749 5306 1847 5374 μὲν

1987 5322 2110 5377 obis
2145 5325 2274 5392 erit,
2296 5331 2594 5397 quominus
2647 5342 2932 5391 taurorum
2969 5339 3216 5396 victimis
3264 5359 3328 5398 ac
3354 5345 3514 5401 thure

1946 5411 2117 5466 Deum
2134 5429 2485 5487 veneremur,
2506 5430 2856 5493 turturesquc
2877 5442 2940 5480 ac
2957 5428 3234 5485 columbas
3252 5433 3302 5487 ei
3323 5435 3511 5490 oii'cra-

1360 5483 1688 5554 περιστερὰς
1707 5525 1721 5548 ,
1753 5487 1845 5538 καὶ

1986 5516 2096 5568 Ius;
2120 5503 2355 5576 denique
2373 5483 2644 5580 quidquid
2659 5483 2856 5581 priscis
2874 5515 2980 5572 illis
3004 5483 3510 5580 hominibus'facere

1783 5595 1840 5629 το
1945 5593 2112 5647 moris
2139 5594 2262 5661 fuit,
2301 5598 2355 5651 id
2389 5615 2489 5653 nos
2517 5601 2617 5670 ipsi
2659 5619 2876 5672 quoque
2909 5607 3140 5677 implere
3169 5613 3509 5671 Studeamus.
