4076 6306
613 280 731 362 459'

1591 307 1646 363 S.
1685 308 1960 364 CYRILLI
2000 308 2467 365 ALEXANDRINI
2505 309 2824 365 ARCHIEP.

3771 310 3862 374 HO

679 418 834 476 CYIL
861 419 1027 488 Atqui
1058 418 1374 490 longissime
1413 437 1443 478 a
1472 429 1626 477 recto
1680 422 1925 490 aberras,
1966 426 2170 480 amice:

2349 424 2512 480 ΚΥΡ.
2566 424 2675 479 Καὶ
2719 423 2846 494 μὴν,
2887 413 2932 475 ὧ
2976 423 3194 493 ἑταῖρε,
3243 421 3378 475 πολὺ
3416 422 3520 476 τοῦ
3563 427 3851 494 πρέποντος

612 525 734 565 nam
770 510 843 564 ita
877 508 1135 567 abolitam
1161 524 1285 572 esse
1315 511 1488 583 legem
1532 521 1713 582 putas,
1771 523 1835 568 ut
1860 515 2074 570 nullum
2110 531 2178 570 ex

609 618 675 657 ea
713 602 952 658 fructum
974 602 1262 672 percipere
1289 602 1473 668 liceat,
1498 609 1555 658 et
1580 602 1831 659 inutilem
1867 620 1989 661 esse
2016 621 2177 676 pror-

611 709 706 751 sus
731 693 799 749 ad
828 708 1215 763 quamcunque
1239 703 1453 763 partem
1504 708 1690 749 rerum
1744 696 2178 752 necessariarum

611 785 997 843 declarandam
1021 785 1325 849 existimas,
1362 800 1474 839 non
1508 800 1831 845 conversam
1851 799 1972 840 esse
1998 786 2181 857 potius

611 876 678 932 ad
707 877 1001 933 veritatem
1043 876 1551 943 demonstrandam,
1584 892 1708 931 cum
1747 876 1949 946 alioqui
1978 876 2182 932 scribat

611 970 804 1024 beatus
831 968 1034 1024 Paulus
1065 986 1077 1020 :
1116 987 1135 1019 ι
1164 967 1365 1039 Legem
1396 968 1565 1041 igitur
1617 968 1955 1024 destruimus
1989 984 2086 1040 per
2114 967 2180 1021 ﬁ-

613 1061 737 1116 dem
759 1061 941 1115 ?absit
970 1062 985 1115 ι
1024 1059 1131 1115 Sed
1181 1059 1355 1130 legem
1386 1059 1438 1130 5
1467 1061 1758 1116 statuimus
1779 1060 1843 1114 ὀ.
1870 1080 1886 1110 ι
1921 1058 2179 1129 Paedago-

613 1168 714 1225 gus
749 1152 896 1207 enim
929 1161 1013 1207 est
1048 1152 1157 1218 lex,
1201 1159 1363 1222 atque
1395 1151 1601 1222 optime
1627 1151 1880 1221 perducit
1921 1149 1989 1207 ad
2018 1148 2179 1204 Chri-

614 1245 683 1299 sti
725 1245 1050 1316 mysterium
1085 1244 1148 1295 “.
1181 1243 1278 1297 llla
1317 1258 1485 1307 vero,
1519 1258 1640 1312 qua:
1675 1242 1807 1297 olim
1828 1257 1929 1312 per
1957 1241 2179 1310 Moysen

614 1342 743 1390 sunt
770 1334 967 1405 priscis
992 1334 1311 1390 hominibus
1334 1334 1535 1401 edicta,
1560 1333 1833 1389 elementa
1882 1347 2003 1389 esse
2036 1331 2176 1387 dici-

614 1443 737 1482 mus
763 1427 980 1483 exordii
1006 1443 1322 1484 sermonum
1379 1428 1479 1489 Dei
1505 1428 1571 1481 “.
1602 1428 1775 1498 Igitur
1800 1428 1871 1485 si
1916 1426 2179 1498 paedago-

611 1532 739 1588 gum
765 1518 1155 1589 repulerimus,
1198 1519 1324 1589 quis
1360 1534 1462 1575 nos
1500 1518 1569 1575 ad
1606 1518 1815 1575 Christi
1855 1518 2177 1591 mysterium

611 1607 913 1676 perducet?
959 1608 1027 1673 Et
1072 1610 1119 1663 si
1151 1609 1598 1664 recusaverimus
1644 1608 1859 1665 discere
1908 1610 2178 1664 elementa

615 1698 752 1752 initii
787 1697 1265 1765 sermonum'Dei,
1296 1698 1573 1769 quomodo
1599 1699 1859 1770 deinceps
1896 1706 1992 1754 aut
2034 1698 2178 1752 unde

2279 516 2591 588 ἀποκομίζῃ
2619 515 2855 589 μακράν·
2881 514 3285 586 ἀνατετράφθαι
3309 514 3417 586 γὰρ
3438 515 3542 568 οἴει
3562 515 3652 569 τὸν
3676 517 3848 589 νόμον,

2278 607 2354 670 ὡς
2403 607 2552 660 οὐδὲν
2590 605 2907 660 ἀπώνασθαι
2957 605 3057 675 μὲν
3100 604 3208 658 τῶν
3252 604 3455 667 αὐτοῦ,
3496 606 3596 659 καὶ
3639 608 3849 678 ἀχρεῖον

2279 698 2470 769 ἔχοντα
2494 696 2772 758 παντελῶς
2800 696 2899 767 τὴν
2926 698 3005 758 εἰς
3050 697 3156 750 πᾶν
3185 693 3365 749 ὁτιοῦν
3397 695 3506 748 τῶν
3546 698 3849 767 ἀναγκαίων

2278 788 2527 859 δήλωσιν,
2557 789 2677 859 ούχὶ
2718 786 3156 859 μετατετράφθαι
3189 788 3388 858 μᾶλλον
3420 787 3584 842 αὑτὸν
3612 790 3693 853 είς
3721 789 3846 862 ἁλη-
3901 790 3906 813 ⁵

2280 877 2428 941 θείας
2457 877 2699 944 ἔνδειξιν,
2725 876 2900 929 καίτοι
2936 875 3028 928 τοῦ
3072 876 3342 947 μακαρίου
3369 877 3674 948 γράφοντος
3706 878 3847 935 Παύ-

2277 962 2393 1017 λου·
2452 983 2470 1016 ι
2527 964 2712 1034 Νόμον
2767 960 2859 1019 οὖν
2911 964 3295 1036 καταργοῦμεν
3338 965 3428 1020 διὰ
3469 966 3734 1033 πίστεως;
3780 968 3847 1040 μὴ

2279 1052 2531 1121 γένοιτοῐ
2574 1052 2709 1113 ἀλλὰ
2751 1053 2914 1125 νόμον
2962 1054 3323 1125 ἱστάνομεν.»
3371 1056 3716 1126 Παιδαγωγεῖ
3750 1060 3849 1131 γὰρ
3957 1110 3960 1114 λ

2277 1147 2306 1198 ὁ
2334 1144 2519 1214 νόμος,
2551 1144 2645 1199 καὶ
2668 1145 2933 1219 ἀποφέρει
2960 1145 3140 1210 καλῶς
3170 1149 3251 1210 εἰς
3274 1146 3333 1202 τὸ
3356 1147 3453 1200 ἐπὶ
3492 1148 3713 1220 Χριστῷ
3759 1146 3859 1221 μυ-’

2281 1237 2522 1308 στήριον.
2568 1232 2719 1291 Εἶναι
2750 1237 2806 1290 δέ
2828 1254 3007 1309 φαμεν
3048 1238 3117 1292 τά
3161 1238 3329 1294 πάλαι
3352 1238 3440 1293 διὰ
3467 1240 3713 1304 Μωσέως
3747 1244 3849 1306 τοῖς

2278 1327 2651 1399 ἀρχαιοτέροις
2671 1327 3095 1399 τεθεσπισμένα,
3128 1332 3374 1401 στοιχεῖα
3414 1331 3517 1402 τῆς
3550 1333 3726 1403 ἀρχῆς
3750 1333 3849 1388 τῶν

2278 1418 2450 1486 λόγων
2473 1418 2569 1475 τοῦ
2594 1418 2751 1474 Θεοῦ.
2783 1419 2845 1473 Et
2878 1420 2935 1475 δὲ
2968 1421 3337 1492 παρωσάμεθα
3365 1422 3456 1475 τὸν
3486 1422 3847 1493 παιδαγωγὸν,

2278 1509 2362 1573 τίς
2386 1511 2533 1581 ἡμᾶς
2570 1508 2651 1564 ἔτι
2684 1511 2960 1581 διακομιεῖ
2993 1513 3132 1583 πρὸς
3158 1513 3219 1566 τὸ
3243 1513 3481 1585 Χριστοῦ
3529 1515 3846 1586 μυδτήριονς

2281 1601 2389 1659 Καὶ
2411 1602 2460 1655 εἰ
2487 1603 2884 1673 παραιτοίμεθα
2904 1603 2966 1657 τὸ
2990 1605 3181 1677 μαθεῖν
3204 1603 3275 1659 τὰ
3308 1608 3552 1676 στοιχεῖα
3570 1605 3667 1677 τῆς
3687 1605 3849 1677 ἀρχῆς

2281 1691 2386 1745 τῶν
2409 1692 2605 1762 λογίων
2646 1695 2740 1748 τοῦ
2792 1694 2948 1757 Θεοῦ,
2992 1695 3110 1759 πῶς
3149 1696 3214 1751 ἂν
3260 1695 3339 1750 ἔτι
3383 1696 3593 1763 λοιπὸν,
3635 1696 3668 1767 ἢ
3701 1696 3848 1751 πόθεν

613 1787 901 1857 pervenire
927 1786 993 1842 ad
1025 1786 1193 1841 ﬁnem
1212 1788 1517 1857 poterimus
1541 1788 1565 1841 ?
1604 1788 1685 1841 An
1716 1802 1825 1842 non
1846 1787 1993 1841 enim
2022 1787 2170 1858 juxta

2277 1783 2579 1856 ἀφιξόμεθα
2607 1786 2741 1858 πρὸς
2772 1785 2833 1840 τὸ
2860 1786 3044 1855 τέλος;
3076 1787 3148 1840 Ἢ
3174 1787 3282 1859 γὰρ
3311 1787 3372 1842 οὐ
3403 1787 3553 1841 κατά
3578 1786 3678 1851 τὰς
3717 1787 3849 1858 Γρα-

615 1879 927 1949 Scripturas
997 1878 1283 1949 plenitudo
1339 1879 1477 1949 legis
1537 1889 1593 1932 et
1646 1878 2038 1949 prophetarum
2099 1885 2182 1931 est

611 1969 861 2025 Christus
888 1971 930 2002 ¹³
953 1971 975 2023 ?

682 2061 877 2116 PALL.
928 2061 1126 2116 Etiam.

681 2149 838 2204 CYR.
875 2149 965 2204 Sic
990 2151 1138 2205 enim
1168 2150 1433 2220 scriptum
1467 2156 1569 2203 est.
1618 2146 1751 2203 Esse
1811 2155 1993 2203 autem
2024 2149 2178 2203 illum

612 2239 745 2310 legis
783 2254 845 2293 ac
873 2240 1263 2309 prophetarum
1290 2237 1689 2309 plenitudinem
1721 2253 1785 2292 ea
1830 2238 2042 2292 ratione
2074 2253 2178 2307 pu-

612 2343 686 2398 to,
713 2335 842 2403 quia
871 2333 926 2386 in
950 2333 1102 2386 illum
1150 2332 1334 2387 omnia
1360 2330 1681 2402 prophetica
1719 2337 1775 2385 et
1804 2330 1997 2401 legalia
2049 2342 2177 2387 ora-

609 2424 729 2479 cula
764 2433 1031 2494 spectant,
1061 2431 1224 2495 atque
1241 2424 1474 2479 obversa
1519 2432 1666 2478 sunt.
1717 2423 1904 2492 Itaque
1937 2421 2173 2485 dicebat,

609 2529 733 2567 cum
771 2513 974 2567 Judzeis
1037 2512 1481 2567 incredulitatem
1528 2512 1921 2582 exprobraret:
1964 2510 2176 2566 «Nolite

610 2610 802 2671 putare
832 2602 980 2672 quod
1008 2617 1108 2671 ego
1140 2609 1494 2656 accusaturus
1518 2601 1620 2655 sim
1643 2616 1742 2654 vos
1764 2598 1906 2669 apud
1938 2600 2174 2666 Patrem;

608 2698 692 2745 est
721 2690 815 2760 qui
848 2699 1071 2744 accusat
1127 2706 1222 2745 vos
1272 2690 1503 2760 Moyses,
1533 2689 1585 2744 in
1628 2704 1738 2758 quo
1771 2704 1868 2743 vos
1921 2689 2174 2758 speratis.

611 2780 667 2835 Si
723 2781 871 2835 enim
912 2779 1212 2833 crederetis
1259 2779 1450 2851 Moysi,
1497 2777 1799 2833 crederetis
1854 2776 2085 2833 forsitan
2122 2787 2177 2832 et

608 2869 785 2937 mihi;
826 2869 894 2925 de
924 2884 1011 2925 me
1040 2869 1185 2925 enim
1219 2870 1311 2924 ille
1347 2868 1585 2939 scripsit.
1615 2868 1673 2923 Si
1701 2874 1885 2922 autem
1917 2868 2065 2923 illius
2089 2869 2176 2923 lit-

610 2961 746 3018 teris
773 2975 885 3016 non
919 2959 1171 3026 creditis,
1217 2959 1494 3030 quomodo
1544 2958 1732 3013 verbis
1782 2958 1921 3013 meis
1976 2958 2172 3013 crede-

610 3052 681 3106 tis
706 3051 786 3104 “?
822 3069 840 3102 ›
875 3048 1012 3106 Cum
1048 3049 1216 3120 igitur
1258 3065 1316 3106 se
1350 3050 1564 3104 venisse
1595 3048 1741 3103 dicat
1779 3057 1972 3103 utnon
2000 3048 2173 3102 solvat

2182 2390 2190 2421 ί

2286 1875 2390 1942 φὰς
2413 1875 2686 1947 πλήρωμα
2715 1877 2880 1947 νόμον
2905 1878 3000 1932 καὶ
3031 1876 3324 1950 προφητῶν
3356 1881 3386 1933 ὁ
3416 1880 3686 1951 Χριστός;

2354 2049 2563 2103 ΠΑΛΛ.
2596 2051 2724 2105 Ναί.

2352 2141 2518 2194 ΚΥΡ.
2550 2141 2862 2216 ῐλέγραπται
2886 2144 2994 2216 γὰρ
3029 2142 3148 2202 ὡδί.
3179 2141 3458 2218 Πλήρωμα
3480 2144 3548 2199 δὲ
3575 2143 3738 2217 νόμου
3764 2144 3848 2199 καὶ

2282 2229 2594 2300 προφητῶν,
2613 2232 2699 2301 εἴη
2724 2232 2789 2286 ἀν
2810 2249 2822 2262 ·
2860 2234 2940 2297 είς
2966 2233 3128 2289 αὐτὸν
3159 2229 3310 2305 οἶμαί
3336 2253 3439 2290 που
3466 2235 3672 2300 παντὸς
3692 2234 3846 2308 ὀρῶν-

2275 2334 2370 2383 τος
2425 2321 2519 2375 καὶ
2557 2324 2935 2396 τετραμμένου
2984 2326 3320 2397 προφητικοῦ
3378 2344 3438 2382 τε
3489 2328 3592 2382 καὶ
3637 2324 3843 2398 νομικοῦ

2278 2408 2663 2481 θεσπίσματος.
2707 2415 2998 2488 Τοιγάρτοι
3049 2417 3255 2486 ἔφασκε
3293 2417 3393 2484 τὰς
3421 2418 3541 2473 τῶν
3598 2417 3845 2473 Ἰουδαίων

2277 2500 2558 2566 ἀπειθείας
2595 2504 2923 2559 ὲκδυσωπῶν
2948 2523 2960 2537 ’
3004 2525 3022 2559 ι
3055 2508 3146 2579 Μὴ
3187 2509 3413 2574 δοκεῖτε,
3450 2509 3544 2562 ὅτι
3577 2506 3686 2579 ἐγὼ
3729 2524 3845 2562 κατ-

2272 2591 2533 2662 ηγορήσω
2563 2592 2716 2662 ὑμῶν
2746 2594 2881 2665 πρὸς
2908 2597 2998 2650 τὸν
3030 2599 3250 2670 Πατέρα
3270 2616 3283 2630 ⁸
3309 2599 3457 2654 ἐστιν
3479 2601 3515 2654 ὀ
3546 2597 3844 2672 κατηγορῶν

2276 2679 2428 2749 ὑμῶν
2439 2681 2663 2754 Μωσῆς,
2682 2684 2763 2748 εἰς
2781 2684 2840 2738 ὃν
2859 2686 3014 2757 ὑμεῖς
3030 2688 3318 2757 ἠλπίκατε.
3338 2689 3530 2762 Εἰγάρ
3553 2689 3842 2745 ἐπιστεύετε

2274 2772 2468 2842 Μωσῇ,
2509 2774 2824 2830 ἐπιστεύετε
2864 2777 2929 2831 ἂν
2968 2780 3091 2857 εμοί
3113 2797 3126 2811 ο
3161 2782 3289 2853 περὶ
3323 2782 3433 2856 γὰρ
3478 2784 3621 2857 ἐμοῦ
3656 2785 3842 2844 ἐκεῖνος

2277 2861 2533 2933 ἔγραψεν.
2568 2865 2630 2918 El
2662 2866 2719 2919 δὲ
2747 2870 2855 2931 τοῖς
2881 2848 3088 2924 ἐκείνου
3116 2848 3439 2945 γράμμασι-ν
3458 2848 3533 2929 of;
3557 2875 3840 2941 πιστεύετε,

2276 2952 2392 3040 πῶς
2431 2958 2545 3019 τοῖς
2582 2959 2734 3028 ἐμοῖς
2783 2960 2992 3031 ῥήμασι
3044 2963 3397 3034 πιστεύσετε;
3427 2986 3447 3020 ι
3491 2968 3741 3040 Ἀφῖχθαι
3785 2967 3841 3036 δὴ

2274 3037 2367 3098 οὖν
2412 3046 2461 3098 εί
2512 3045 2681 3115 λέγοι,
2730 3049 3051 3106 καταλύσων
3087 3053 3186 3123 μὲν
3232 3055 3489 3128 οὐδαμῶς
3535 3037 3839 3130 τδνῃνόμον,

608 3142 802 3211 legem,
834 3138 936 3194 sed
985 3138 1169 3210 potius
1217 3145 1278 3193 ut
1329 3137 1597 3208 perﬁciat,
1647 3138 1758 3192 noli
1795 3144 1987 3208 putare
2038 3136 2170 3191 sub-

2279 3134 2636 3207 ἀποπερανῶν
2668 3137 2725 3191 δὲ
2755 3140 2955 3211 μᾶλλον
2982 3142 3162 3209 αὐτὸν,
3199 3145 3274 3218 μὴ
3300 3148 3401 3217 τὴν
3435 3150 3519 3212 εἰς
3557 3150 3698 3204 ἆπαν
3726 3152 3842 3204 ἀνα-

606 3232 915 3288 versionem
944 3246 1137 3286 eorum
1164 3246 1285 3301 quae
1307 3230 1438 3283 olim
1469 3229 1679 3282 sancita
1704 3235 1851 3293 sunt,
1880 3227 1975 3282 sed
2002 3226 2171 3282 veluti

607 3323 1054 3379 reformationem
1101 3337 1224 3377 esse
1257 3321 1457 3374 factam
1484 3359 1499 3383 ,
1552 3328 1609 3373 et
1639 3334 1829 3375 eorum
1867 3333 1989 3389 quae
2022 3319 2077 3373 in
2112 3318 2173 3373 ﬁ-

604 3415 758 3485 guris
805 3411 1129 3467 adumbrata
1157 3419 1335 3474 erant,
1376 3417 1439 3464 ut
1471 3411 1545 3464 ita
1588 3408 1789 3473 dicam,
1829 3411 2171 3465 reensionem

604 3505 671 3561 ad
703 3501 1105 3572 expressiorem
1138 3500 1368 3554 formam
1402 3499 1676 3554 veritatis.

675 3593 871 3649 PALL.
899 3594 1068 3648 Recte
1105 3591 1263 3646 dicis.

670 3684 827 3741 (ΠΒ.
861 3683 939 3738 Ac
966 3683 1071 3738 tale
1100 3681 1363 3754 quiddam
1422 3698 1452 3739 a
1489 3682 1711 3739 Christo
1745 3682 1862 3737 ﬁeri
1898 3680 2166 3753 oportuit.

604 3775 708 3845 Qui
776 3775 831 3830 in
889 3774 1090 3830 tabulis
1140 3773 1482 3845 picturisque
1545 3773 1836 3829 artiﬁcium
1893 3779 2168 3837 exercent,

604 3882 712 3920 non
744 3866 925 3921 statim
959 3874 1123 3933 atque
1173 3864 1396 3935 pingere
1427 3863 1719 3934 incipiunt,
1751 3880 1871 3919 eam
1924 3864 2164 3935 speciem

601 3955 830 4025 picturis
861 3954 1150 4017 inducunt,
1169 3953 1257 4008 cui
1281 3954 1356 4007 nil
1385 3954 1549 4019 desit,
1575 3964 1738 4024 atque
1762 3971 1829 4008 ex
1852 3955 2004 4009 omni
2035 3970 2164 4024 par-

602 4056 654 4103 te
686 4046 929 4117 perl'ccta
953 4045 1044 4110 sit,
1077 4044 1173 4099 sed
1207 4044 1532 4114 simpliciori
1565 4046 1718 4114 prius
1750 4061 1813 4101 ac
1858 4045 2041 4101 minus
2072 4061 2167 4101 ve-

602 4147 771 4193 nusto
801 4138 987 4191 colore
1018 4135 1139 4190 illas
1170 4134 1518 4201 adumbrant,
1544 4145 1603 4190 et
1639 4136 1797 4207 longe
1824 4136 2169 4192 obscuriores

600 4240 759 4285 antea
796 4228 1016 4299 ﬁguras,
1056 4244 1219 4298 quam
1251 4227 1443 4291 velint,
1469 4228 1645 4282 oculis
1671 4238 1969 4298 exponunt.
2000 4229 2165 4283 Deni-

596 4335 702 4390 que
735 4319 949 4373 umbris
974 4318 1082 4372 illis
1106 4318 1329 4371 illinunt
1354 4317 1593 4371 colorem
1618 4316 1812 4387 cuique
1839 4317 2165 4375 decentissi—

593 4426 742 4466 mum
766 4425 828 4464 ac
844 4408 1076 4463 maxime
1099 4424 1399 4479 congruum
1424 4407 1528 4475 ;ita
1567 4407 1817 4464 rudiores
1834 4409 1953 4466 illas
1965 4410 2165 4482 ﬁguras

591 4500 661 4558 ad
689 4500 1031 4570 perspicuam
1061 4514 1125 4554 ac
1150 4499 1310 4569 longe
1337 4499 1788 4568 praestantiorem,
1818 4517 1978 4571 quam
2002 4511 2159 4557 antea

588 4592 787 4657 fuerat,
815 4591 1052 4661 speciem
1084 4590 1438 4645 transferunt.
1457 4589 1651 4645 Annon
1675 4593 1749 4647 ita
1770 4608 1828 4646 se
1850 4609 1936 4646 res
1960 4594 2160 4649 habet?

659 4682 858 4739 PALL.
891 4682 1089 4736 Fateor
1133 4679 1414 4750 equidem.

658 4771 817 4827 CYR.
861 4770 980 4825 Jam
1036 4786 1168 4824 vero
1225 4771 1363 4824 fabri
1403 4770 1605 4838 azrarii,
1644 4771 1689 4827 si
1727 4772 1864 4828 forte
1922 4783 2155 4829 statuam

588 4860 858 4917 conﬁcere
879 4859 1069 4924 velint,
1095 4874 1219 4915 cera
1253 4862 1407 4932 prius
1426 4864 1618 4921 rudem
1656 4864 1944 4934 quemdam
1973 4874 2155 4936 typum

587 4954 846 5018 formant,
879 4966 1057 5022 eoque
1080 4951 1193 5023 igni
1237 4952 1551 5024 absumpto,
1581 4954 2020 5026 colliquel‘actum
2069 4958 2155 5012 in-

586 5045 845 5110 fundunt,
878 5052 1042 5114 atque
1070 5042 1143 5097 ita
1174 5042 1245 5097 ad
1274 5042 1578 5101 absolutam
1605 5044 1838 5102 formam
1868 5056 2033 5119 atque
2056 5048 2154 5103 de-

585 5149 769 5190 corem
807 5149 948 5206 opus
986 5130 1318 5203 perducunt.
1377 5130 1517 5187 Cum
1547 5134 1758 5190 umbris
1814 5136 1924 5194 illis
1958 5153 2155 5207 super-

583 5224 642 5296 Β
680 5223 901 5280 inducta
948 5223 1021 5279 sit
1072 5224 1323 5280 colorum
1376 5225 1632 5289 varietas,
1681 5241 1915 5297 cumque
1971 5229 2091 5284 illas
2123 5246 2154 5283 c

586 5327 713 5368 cera
743 5312 944 5385 ﬁguras
964 5330 1038 5371 aes
1061 5315 1455 5387 absumpserit,
1511 5315 1684 5371 videri
1711 5316 1933 5387 quidem
1980 5320 2154 5390 possit

586 5404 799 5473 priores
844 5405 968 5461 illas
996 5400 1201 5464 forma's
1238 5406 1471 5463 abolitas
1523 5415 1688 5477 atque
1718 5423 1939 5464 eversas
1982 5425 2103 5464 esse
2136 5430 2148 5464 :

2273 3227 2478 3300 τροπὴν
2508 3228 2619 3283 τῶν
2650 3231 2818 3286 πάλαι
2834 3233 3280 3306 τεθεσπισμένων
3298 3239 3593 3311 εἰργάσθαι
3611 3239 3810 3295 διανοοῦ
3824 3256 3836 3271 ⁸

2275 3317 2473 3389 μᾶλλον
2503 3320 2561 3374 δὲ
2608 3323 2996 3393 μεταπλασμὸν
3027 3327 3216 3400 ὥσπερ
3276 3331 3418 3395 τινὰ,
3449 3341 3551 3386 και
3593 3334 3655 3387 (ν’
3682 3332 3838 3396 οὕτως

2275 3406 2435 3470 εῖπω,
2473 3410 2845 3481 μεταχάραξιν
2871 3414 2978 3469 τῶν
3009 3417 3066 3471 ὲν
3088 3417 3278 3483 τύποις
3298 3419 3390 3474 ἐπὶ
3417 3420 3479 3475 τὸ
3503 3421 3722 3495 ἀληθές.

2344 3580 2528 3636 ΠΛΛΛ
2540 3622 2553 3636 .
2595 3585 2800 3653 Ὀρθῶς
2823 3587 2979 3660 ἔφης.

2339 3672 2503 3726 ΚΥΡ.
2543 3675 2654 3728 Καὶ
2666 3675 2729 3746 δὴ
2750 3677 2988 3732 τοιοῦτον
3011 3679 3118 3734 ἔδει
3140 3682 3395 3751 γενέσθαι
3419 3688 3575 3756 παρὰ
3590 3684 3830 3759 Χριστοῦ.

2273 3764 2335 3817 Οἱ
2368 3765 2465 3836 τὴν
2484 3767 2540 3820 ὲν
2556 3765 2738 3832 πίναξι
2772 3769 2866 3822 καὶ
2886 3774 3123 3842 γραφαῖς
3151 3773 3434 3846 εὐτεκνίαν
3451 3777 3828 3850 ὲξησκηκότες,

2268 3856 2367 3911 οὐκ
2392 3856 2555 3922 εὐθὺς
2594 3858 2687 3912 τοῦ
2719 3860 2952 3932 γράφειν
2981 3864 3294 3936 ἀρχόμενοι,
3325 3868 3386 3921 τὸ
3408 3869 3674 3935 ἁνενδεῶς
3700 3870 3828 3941 ἔχον,

2270 3945 2365 3999 καὶ
2396 3948 2474 4011 εἰς
2503 3946 2649 4001 ἅπαν
2687 3949 3092 4023 ἀπηρτισμένον
3135 3954 3489 4027 ἐπιφέρουσιν
3543 3955 3679 4024 εἶδος
3721 3960 3829 4021 ταῖς

2268 4039 2528 4108 γραφαῖς,
2547 4039 2604 4091 ἐν
2629 4039 2757 4092 εῖδει
2785 4040 3049 4112 πρότερον
3083 4045 3176 4097 καὶ
3194 4044 3574 4121 άκαλλεστέρῳ
3594 4048 3829 4122 χρώματι

2270 4128 2736 4199 σκιαγραφοῦντες
2770 4129 2842 4202 (l)
2879 4126 2938 4184 εὖ
2995 4132 3158 4204 μάλα,
3200 4137 3293 4189 καὶ
3322 4129 3503 4212 ὧνπερ
3538 4140 3604 4194 ἂν
3641 4140 3828 4192 ἕλοιντο

2265 4220 2427 4290 τυχὸν
2460 4221 2842 4294 ἀμυδροτέρων
2856 4222 2935 4277 ἔτι
2956 4226 3081 4289 τοὺς
3103 4226 3306 4292 τύπους
3324 4232 3825 4301 προαναφαίνοντες,

2267 4305 2385 4364 εἶτα
2416 4313 2536 4375 ταῖς
2566 4315 2746 4378 σκιαῖς
2782 4314 3185 4386 ἐπαλείφοντες,
3213 4319 3277 4372 τὸ
3311 4321 3517 4395 ἑκάστῃ
3546 4324 3746 4394 πρέπον
3770 4335 3826 4372 τε

2269 4405 2366 4457 καὶ⁸
2396 4404 2803 4477 ἁρμοδιώτατον
2848 4409 3055 4479 σχῆμα,
3101 4412 3467 4484 μεταφέρουσι
3489 4416 3613 4480 τοὺς
3636 4413 3843 4475 τύπους,

2194 4469 2241 4529 D
2265 4497 2323 4559 ἐς
2351 4469 2489 4563 εἶδος
2530 4496 2593 4550 τὺ
2619 4469 3009 4569 ἐμφανὲς,”καὶ
3043 4469 3395 4574 ἀσυγκρίτως
3425 4469 3666 4576 ἄμεινον,
3698 4505 3730 4574 ἢ
3768 4469 3825 4557 τδ

2265 4588 2323 4641 ὲν
2354 4588 2569 4659 ἀρχαῖς.
2605 4589 2676 4644 Ἦ
2703 4589 2800 4662 οὐχ
2821 4583 2923 4647 ὧδε
2953 4591 3102 4663 ἔχεις

2326 4682 2535 4737 ΠΑΛΛ.
2575 4683 2793 4752 Ἐγωγὲ
2827 4702 2991 4756 φημι.

2330 4773 2495 4830 ΚΥΡ.
2530 4774 2594 4828 Oi
2639 4773 2696 4829 δὲ
2729 4775 2794 4847 δὴ
2835 4775 2934 4848 τὴν
2980 4776 3385 4851 χαλκουργικὴν
3428 4781 3824 4853 ἐπιτηδεύοντες
3905 4790 3913 4805 ’

2263 4865 2574 4937 ἐμπειρίαν,
2624 4867 2917 4939 ἀνδριάντα
2946 4869 3108 4941 τυχὸν
3137 4872 3186 4925 εἰ
3229 4869 3503 4941 βούλοιντο
3533 4873 3822 4943 διαπήγνυ·

2263 4955 2410 5018 σθαι,
2444 4956 2599 5029 κηρῷ
2634 4957 2734 5028 μὲν
2757 4958 2817 5013 τὸ
2849 4958 3063 5031 πρῶτον
3093 4961 3174 5022 είς
3220 4956 3361 5027 εἶδος
3400 4963 3626 5033 ἄγουσιν
3664 4962 3821 5033 ἀδρα-

2259 5046 2371 5112 νὲς,
2397 5043 2517 5102 εἶτα
2563 5050 2697 5120 πυρὶ
2736 5052 3157 5122 κατατήκοντες,
3188 5054 3465 5125 ὲπιχέουσι
3494 5055 3583 5110 τὸν
3609 5051 3816 5126 χαλκὸν,

2260 5138 2454 5207 ἄγουσί
2483 5156 2542 5193 τε
2578 5139 2720 5194 οὔτω
2751 5141 2889 5214 πρὸς
2932 5143 2993 5197 τὺ
3029 5143 3232 5214 ἀρτίως
3277 5144 3400 5218 ἔχον
3436 5141 3573 5211 εἶδός
3622 5160 3681 5197 τε
3732 5138 3821 5195 καὶ

2261 5231 2453 5296 κάλλος
2481 5226 2540 5285 εὖ
2584 5231 2728 5303 μάλα
2756 5232 2817 5287 τὸ
2840 5235 3354 5308 τεχνουργούμενον.
3386 5230 3818 5310 Ἐπιρριφθείσης

2251 5322 2311 5375 δὲ
2338 5325 2457 5387 ταῖς
2491 5326 2672 5389 σκιαῖς
2715 5325 2815 5396 τῆς
2855 5327 2963 5381 τῶν
3003 5330 3313 5400 χρωμάτων
3356 5329 3681 5392 πολυειδίας,
3728 5321 3816 5378 καὶ

2257 5411 2362 5484 μὴν
2398 5415 2492 5469 καὶ
2528 5414 2728 5485 χαλκοῦ
2770 5415 2840 5470 τὰ
2873 5417 2936 5472 ὲκ
2966 5418 3158 5492 ,κηροῦ
3193 5422 3614 5494 κατατήκοντος,
3655 5414 3825 5482 δόξειε.

652 5552 731 5625 (l)
760 5552 944 5610 Codex
970 5557 1176 5625 Sirleti,
1211 5561 1291 5614 ἑνὶ
1324 5562 1383 5615 δὲ
1416 5562 1480 5633 δὴ
1514 5562 1778 5634 πρότερον
1812 5563 1907 5616 καὶ
1933 5564 2170 5620 ἀκαλλεσ

2272 5587 2315 5640 ῳ
2346 5570 2586 5640 σχήματι
2613 5588 2836 5645 σκιαγρ.

661 5685 876 5741 "Rom.
915 5704 990 5756 tu,
1036 5690 1123 5745 5i.
1204 5694 1241 5726 “
1273 5694 1445 5750 Galat.
1484 5714 1562 5767 ιιι,
1594 5698 1681 5752 24.
1768 5698 1806 5730 ¹¹
1842 5698 2005 5754 Hebr.
2037 5720 2087 5769 v,
2129 5703 2170 5756 ιε

2292 5705 2333 5736 ¹³
2369 5706 2525 5760 Rom.
2580 5722 2632 5771 ιι,
2669 5707 2720 5761 4.
2776 5709 2845 5786 ηξδ
2895 5711 3050 5768 Joan.
3113 5728 3165 5777 v,
3207 5710 3396 5768 45-47.
