4076 6306
302 371 393 428 Mi

1006 360 1097 415 DE
1147 356 1587 415 ADORA'I‘IONE
1625 356 1690 411 IN
1734 354 2001 412 SPIRITU
2042 357 2131 411 ET
2160 356 2526 413 VERITATE.
2566 360 2695 415 LIB.
2735 360 2776 414 l.

3346 416 3351 423 .
3451 370 3552 426 “3

298 489 399 562 μὲν
429 484 496 540 ἃν
526 478 829 555 ἠθετῆσθαί
879 490 936 532 τε
984 477 1078 531 καὶ
1125 472 1532 546 ἀνατετράφθαι
1577 473 1769 546 βραχὺ,
1806 472 1870 525 τὰ

1998 473 2030 527 d
2061 488 2192 529 vero
2217 490 2378 530 secus
2405 485 2506 530 est.
2567 475 2699 531 Nam
2738 487 2794 533 et
2827 476 2982 534 faber
3009 479 3232 534 aerarius
3280 488 3336 535 et
3371 482 3552 553 pictor

295 577 491 652 πρῶτά
517 592 577 629 τε
606 574 702 629 καὶ
742 574 801 625 ὲν
834 571 978 644 ἀρχῇ
1029 569 1306 639 σχήματα.
1336 566 1493 637 Ἔχει
1525 564 1583 619 δὲ
1608 566 1705 635 οὐχ
1733 562 1874 616 οὕτω

291 670 355 723 τὸ
380 670 573 741 χρῆμα
602 668 669 738 τῇ
696 663 875 734 φύσει.
898 663 1058 716 Φαῖεν
1075 658 1186 731 γὰρ
1215 657 1281 712 ἂν
1302 656 1681 729 ἀληθεύοντες,
1707 654 1875 724 χαλκτ

290 760 492 832 ουργός
533 774 596 811 τε
646 758 741 811 καὶ
765 752 1008 826 γραφεύς
1028 767 1042 781 ·
1073 752 1148 805 οὐ
1175 748 1556 819 κατελύσαμεν
1576 746 1674 810 τὰς
1698 743 1875 807 σκιὰς,

293 852 399 904 οὐκ
428 852 510 913 εἰς
541 848 870 920 ἀχρειότητα
885 842 1127 914 παντελῆ
1153 842 1281 905 τοὺς
1295 840 1501 902 τύπους
1528 836 1875 908 ἐπέμψαμεν,

299 940 751 1012 πεπληρώκαμεν
788 938 848 991 δὲ
900 936 1122 1008 μᾶλλον.
1159 934 1230 989 ’0
1265 933 1374 1007 γάρ
1407 927 1478 1004 ἦν
1525 932 1655 985 ἰδεῖν
1700 928 1778 993 ώς
1820 928 1879 981 ὲν

300 1037 485 1098 σκιαῖς
512 1034 595 1087 ἔτι
620 1033 714 1087 καί
731 1030 924 1096 τύποις
949 1028 1321 1101 ἀφανέστερόν
1336 1044 1397 1081 τε
1431 1027 1527 1080 καὶ
1553 1022 1880 1079 ἀκαλλέστε-

306 1144 422 1196 ρον,
448 1125 604 1179 τοῦτο
636 1122 983 1197 προϐέϐηκεν
1013 1121 1109 1175 ἐπὶ
1147 1119 1210 1172 τὸ
1239 1118 1463 1190 ἄμεινόν
1487 1134 1549 1170 τε
1577 1117 1671 1170 καὶ
1701 1116 1882 1186 ἐμφα-

303 1217 575 1287 νὲστερον.

379 1308 582 1363 ΠΑΛΛ.
619 1300 694 1360 Εὖ
713 1304 912 1374 λέγεις.

374 1404 538 1459 ΚΥΡ.
567 1399 679 1454 Καὶ
712 1398 873 1467 εἰπερ
920 1411 1008 1457 τις
1037 1392 1214 1447 ἕλοιτο
1240 1389 1719 1460 πολυπραγμονεῖν
1750 1384 1883 1455 ἀλη-

309 1500 420 1563 θῶς
447 1495 544 1566 τὴν
578 1491 732 1565 ἰεράν
771 1505 833 1543 τε
876 1488 970 1542 καὶ
1009 1485 1367 1540 θεόπνευστον
1405 1479 1651 1553 Γραφὴν,
1683 1478 1886 1532 εἵσεται

306 1591 370 1662 δὴ
414 1587 629 1648 πάντως
673 1580 872 1653 ἀληθὲς
910 1578 1176 1649 ὑπάρχον,
1205 1575 1235 1629 ὖ
1275 1590 1439 1646 φημι.
1475 1571 1754 1662 Κάλυμμα
1780 1568 1888 1662 γάρ

306 1659 472 1734 ἐτίθει
515 1674 725 1746 Μωσῆς
757 1673 848 1726 επὶ
886 1669 949 1724 τὸ
990 1669 1285 1740 πρόσωπον
1332 1664 1531 1730 αὑτοῦ,
1565 1662 1655 1716 διὰ
1694 1659 1757 1714 τδ
1813 1660 1889 1730 μὴ

306 1768 565 1825 δύνασθαι
588 1767 716 1830 τοὺς
744 1763 894 1827 υἰοὺς
934 1759 1155 1833 Ἰσραὴλ
1194 1757 1460 1823 ἀτενίζειν
1492 1756 1579 1819 εἰς
1619 1754 1682 1806 τὸ
1724 1749 1892 1822 πρόσ-

307 1880 454 1918 ωπον
482 1857 669 1921 αὐτοῦ,
696 1855 836 1911 κατά
860 1854 922 1907 τὸ
950 1849 1358 1924 γεγραμμένον.

381 1951 592 2005 ΠΑΛΛ.
631 1947 743 2002 Καὶ
768 1946 822 1998 τί
854 1944 920 2015 δὴ
952 1941 1111 2005 τοῦτο
1135 1939 1476 2014 παραδηλοϊ;

373 2123 541 2180 ΚΥΡ.
599 2120 735 2185 Ταῖς
776 2120 885 2191 γὰρ
927 2118 1197 2172 Ἰουδαίων
1248 2115 1507 2178 διανοίαις
1553 2113 1887 2184 παχυτέραις

311 2216 498 2280 υῦσαις
524 2214 605 2267 ἔτι
635 2213 792 2267 οἱστά
817 2211 916 2282 μέν
945 2228 1062 2273 πως
1090 2205 1161 2280 ἦν
1188 2207 1259 2261 τά
1289 2206 1539 2276 ἔξωφανῆ
1573 2204 1668 2259 τοῦ
1699 2205 1885 2274 νόμου,

317 2306 460 2377 prun
508 2305 660 2376 δὲδὴ
700 2302 863 2357 πάλιν
910 2301 979 2355 τὰ
1034 2301 1124 2354 διὰ
1185 2299 1348 2371 μόνου
1398 2296 1492 2352 τοῦ
1541 2296 1886 2368 γράμματος,

317 2400 566 2469 ἀφόρητα
605 2397 665 2449 δὲ
707 2396 800 2450 καὶ
834 2392 1158 2464 ἀπρόὸλητα
1210 2388 1510 2453 παντελῶς,
1556 2389 1626 2442 τά
1666 2387 1773 2440 ἔσω
1799 2402 1891 2438 κε-

316 2484 628 2559 κρυμμένα,
658 2486 754 2538 καὶ
795 2484 863 2537 ἵν’
904 2481 1079 2546 οὕτως
1120 2481 1363 2551 εἴπωμεν
1388 2479 1449 2532 τὸ
1469 2478 1578 2532 τῶν
1606 2477 1893 2547 νοημάτων

314 2578 608 2650 πρόσωπον
650 2573 872 2646 ἀληθές.
912 2572 1204 2644 Τοιγάρτοι
1240 2570 1335 2625 καὶ
1378 2571 1408 2623 ό
1446 2568 1733 2630 θεσπέσιος
1761 2568 1892 2638 ἡμῖν

317 2671 517 2740 γράφει
539 2666 753 2731 Παῦλος
774 2683 790 2697 ο
819 2686 839 2719 ι
869 2667 1034 2737 ’Δχρι
1061 2664 1170 2736 γὰρ
1195 2663 1293 2734 τῆς
1328 2663 1568 2732 σήμερον
1594 2658 1806 2731 ἡμέρας
1832 2657 1894 2712 τὸ

317 2762 446 2817 αὐτὸ
468 2760 735 2831 κάλυμμα
761 2758 939 2828 ἐπὶ.τῇ
969 2753 1274 2825 ἀναγνώσει
1304 2752 1406 2823 τῆς
1431 2751 1673 2815 Παλαιᾶς
1699 2749 1895 2821 Διαθή-

318 2874 421 2929 κης
456 2855 609 2927 μένει
641 2852 716 2925 μὴ
745 2850 1283 2922 ἀνακαλυπτόμενον,
1310 2850 1393 2903 ότι
1421 2849 1478 2901 ὲν
1504 2845 1727 2918 Χριστῷ
1759 2861 1893 2899 κατ-

319 2948 591 3015 αργεῖται.
628 2944 769 2996 Ἀλλ’
800 2942 908 3005 ἕως
936 2942 1211 3013 σήμερον,
1255 2938 1417 3010 ἡνίκα
1456 2936 1894 3008 ἀναγινώσκηται

321 3037 550 3105 Μωσῆς,
591 3035 858 3105 κάλυμμα
902 3033 997 3085 ἐπὶ
1041 3032 1142 3100 τὴν
1168 3030 1396 3102 καρδίαν
1421 3029 1601 3083 αὐτῶν
1629 3031 1827 3083 κεῖται.
1870 3045 1889 3078 ι

335 3129 475 3184 Ἀλλ’
503 3122 607 3182 ὧδε
640 3127 742 3198 μὲν
771 3127 836 3197 δὴ
857 3125 927 3179 τὰ
950 3124 1060 3177 τῶν
1094 3124 1362 3178 Ἰουδαίων
1388 3122 1616 3177 ἑστάτω,
1650 3139 1669 3172 ι
1710 3121 1896 3192 Ἡμεῖς
1925 3152 1969 3211 c

323 3226 379 3280 δὲ
415 3221 480 3293 δὴ
533 3221 756 3283 πάντες,
789 3215 1294 3289 ἀνακεκαλυμμένῳ
1317 3214 1613 3286 προσώπῳ,
1652 3232 1672 3266 ι
1715 3213 1898 3284 φησὶν,

330 3333 349 3365 ε
387 3315 484 3384 τὴν
540 3312 697 3377 δόξαν
745 3310 952 3381 Κυρίου
1009 3307 1520 3379 κατοπτριζόμενοι,
1586 3306 1688 3377 τὴν
1733 3305 1903 3373 αὐτὴν

325 3403 512 3457 εἰκόνα
543 3395 1045 3471 μεταμορφούμεθα
1077 3396 1184 3450 ἀπὸ
1219 3395 1379 3466 δόξης
1415 3397 1497 3459 εἰς
1523 3393 1699 3460 δόξαν,
1736 3391 1905 3447 καθά-

326 3474 584 3562 step-dub
614 3488 822 3561 Κυρίου
854 3486 1196 3557 πνεύματος·
1225 3488 1255 3539 ό
1278 3485 1337 3540 δὲ
1362 3485 1566 3556 Κύριος
1594 3483 1657 3538 τὸ
1689 3482 1906 3554 πνεῦμά

326 3585 494 3636 ἐστιν.
534 3601 553 3634 ι
590 3582 803 3648 Ὠσπερ
832 3580 942 3652 γὰρ
969 3579 1018 3632 οἰ
1042 3580 1101 3632 ὲν
1130 3579 1380 3650 ἐσόπτρῳ
1410 3577 1696 3648 βλέποντες
1721 3577 1903 3631 εἰκόνα

330 3676 428 3728 καὶ
457 3675 625 3729 τύπον
667 3674 760 3728 τοῦ
789 3672 1046 3743 ἀληθοῦς,
1079 3673 1171 3726 καὶ
1196 3671 1296 3726 οὐκ
1326 3671 1459 3725 αὐτό
1486 3688 1588 3724 που
1616 3669 1679 3724 τὸ
1706 3669 1905 3741 ἀληθὲς

330 3745 787 3837 ἐγκαταθρήσειαν
808 3764 873 3820 ἂν
892 3806 906 3830 ,
938 3765 1079 3819 κατά
1104 3765 1196 3819 τὸν
1221 3765 1383 3818 αὐτὸν
1417 3762 1575 3835 οἶμαι
1607 3764 1829 3835 τρόπον,
1855 3763 1904 3815 οἰ

329 3858 429 3929 τῆς
443 3858 503 3911 ὲν
520 3859 741 3930 Χριστῷ
767 3857 1038 3921 πολιτείας
1059 3857 1120 3909 τὸ
1134 3855 1326 3919 κάλλος
1347 3854 1738 3926 ἐπιθυμοῦντες
1755 3853 1901 3918 ἰδεῖν,

330 3947 585 4020 καθάπερ
613 3947 865 4018 ἐσόπτρῳ
889 3944 968 4017 τῷ
1003 3945 1155 4017 νόμῳ
1194 3943 1471 4017 χρώμενοι
1501 3942 1907 4015 κατορθώσειαν

333 4040 398 4093 ἂν
439 4040 516 4103 ὡς
561 4040 761 4111 ἄριστα
800 4039 862 4091 τὸ
901 4037 1266 4108 ποθούμενον.
1303 4036 1415 4104 Τὴν
1440 4036 1549 4108 γὰρ
1590 4034 1760 4107 αὐτὴν
1798 4035 1908 4091 τῶν

337 4131 684 4200 πραγμάτων
735 4129 920 4183 εἰκόνα
957 4128 1425 4199 μεταπλάττοντες
1489 4130 1569 4192 εἰς
1628 4127 1902 4199 ἀλήθειαν,

331 4221 566 4274 εἴσονται
613 4218 874 4291 καθαρῶς
934 4220 997 4273 τὸ
1034 4221 1117 4273 ὅτι
1180 4220 1413 4292 μάλιστα
1458 4219 1647 4273 δοκοῦν
1694 4221 1789 4275 καὶ
1821 4221 1909 4273 εὐ-

334 4312 560 4384 άρεστον
587 4310 669 4379 τῷ
695 4310 835 4381 Θεῷ.
1014 4372 1021 4381 κ

398 4403 612 4457 ΠΛΛΛ.
645 4398 779 4455 Εἶτα
806 4402 890 4466 τίς
921 4402 986 4456 ἂν
1020 4402 1230 4471 γένοιτο
1259 4402 1421 4473 τυχὸν
1458 4404 1486 4456 ὁ
1516 4402 1672 4469 λόγος
1709 4400 1802 4455 τοῦ
1831 4401 1905 4471 μὴ

1978 580 2123 621 vere.
2165 565 2409 622 dixerint
2439 585 2451 621 :
2483 567 2595 623 Nos
2622 568 2845 637 quidem
2901 568 3128 627 minime
3181 569 3553 631 destruximus

1978 656 2228 725 umbras,
2254 674 2435 730 neque
2486 660 2563 715 ita
2620 661 2789 716 rudes
2818 661 2940 719 illas
2972 661 3194 734 ﬁguras,
3231 671 3293 719 ut
3326 666 3552 724 inutiles

1979 761 2208 817 prorsus
2229 749 2554 820 abiecimus,
2604 751 2702 806 sed
2743 752 2927 823 potius
2974 754 3341 825 implevimus.
3395 758 3550 827 Quod

1977 840 2125 895 enim
2165 841 2223 918 in
2259 843 2473 899 umbris
2509 844 2691 899 adhuc
2739 854 2903 916 atque
2940 844 3136 918 figuris
3170 850 3460 907 obscurius
3488 866 3553 908 ac

1980 931 2162 987 minus
2187 943 2480 990 venustum
2528 937 2842 1004 videbatur,
2897 937 2955 992 id
3002 939 3069 994 ad
3108 940 3391 998 meliorem
3425 944 3550 1000 illu—

1980 1025 2350 1095 strioremque
2380 1026 2612 1081 formam
2644 1029 2917 1099 pervenit.

2055 1291 2248 1345 PALL.
2283 1292 2452 1348 Recte
2492 1294 2649 1349 dicis.

2054 1380 2210 1435 CYR.
2240 1380 2318 1436 Ac
2340 1383 2385 1437 si
2405 1385 2531 1453 quis
2579 1386 2817 1441 voluerit
2848 1389 2996 1443 serio
3030 1405 3240 1448 sacram
3278 1404 3333 1451 et
3363 1394 3559 1450 divini-

1987 1481 2074 1527 tus
2102 1472 2423 1542 inspiratam
2458 1474 2807 1549 Scripturam
2851 1480 3240 1553 pervestigare,
3275 1486 3413 1541 sciet
3438 1502 3557 1541 om-

1987 1562 2119 1616 nino
2141 1579 2334 1617 verum
2363 1580 2485 1620 esse
2522 1567 2671 1636 quod
2693 1566 2807 1621 dixi
2846 1586 2859 1622 :
2903 1569 3154 1626 velamen
3183 1573 3333 1629 enim
3385 1590 3559 1646 pone-

1987 1653 2088 1708 bat
2114 1653 2326 1726 Moyses
2355 1671 2523 1727 super
2560 1655 2755 1711 faciem
2796 1671 2974 1725 suam,
3017 1676 3084 1716 eo
3113 1663 3262 1733 quod
3293 1680 3402 1720 non
3432 1680 3559 1736 pos-

1990 1753 2113 1801 sent
2152 1745 2249 1800 lilii
2290 1746 2458 1801 Israel
2499 1748 2785 1803 intendere
2843 1751 2898 1804 in
2930 1750 3124 1807 faciem
3159 1753 3353 1824 ipsius,
3419 1757 3563 1812 sicut

1918 1824 1962 1879 Β
1990 1837 2254 1907 scriptum
2288 1846 2374 1893 est
2412 1840 2476 1891 ¹³.

2059 1927 2255 1982 PALL.
2292 1929 2502 1999 Ecquid
2533 1929 2668 1987 illud
2709 1939 2794 1986 est
2835 1932 2981 2003 quod
3030 1933 3135 1990 hoc
3168 1935 3313 1992 facto
3358 1937 3565 2010 signiﬁ-

1991 2021 2188 2075 catur?

2055 2110 2214 2167 CYR.
2245 2112 2559 2170 Iudaeorum
2584 2132 2821 2188 namque
2844 2128 3059 2176 mentes
3091 2134 3218 2175 cum
3251 2119 3567 2176 hebetiores

1991 2202 2173 2259 adhuc
2202 2215 2407 2270 essent,
2448 2207 2723 2262 exteriore
2756 2208 2891 2279 legis
2934 2209 3119 2279 aliquo
3147 2210 3311 2265 modo
3362 2212 3566 2267 tolera-

1992 2291 2124 2346 bilia
2149 2293 2503 2363 judicabant;
2534 2310 2620 2360 ea,
2654 2295 2906 2366 inquam,
2952 2314 3075 2368 quae
3097 2314 3197 2369 per
3216 2299 3387 2355 solam
3416 2301 3566 2355 litte-

1995 2398 2112 2438 ram
2140 2382 2618 2455 signiilcabantur;
2647 2386 2840 2441 iisdem
2879 2401 3002 2443 vero
3024 2402 3136 2441 non
3157 2388 3382 2445 ferenda
3400 2401 3457 2444 et
3476 2388 3570 2445 ab-

1989 2471 2232 2543 jicienda
2255 2473 2481 2528 omnino
2502 2473 2854 2539 videbantur,
2884 2490 3006 2546 quae
3032 2476 3268 2532 interius
3303 2478 3568 2543 latebant,

1994 2574 2179 2635 atque,
2204 2568 2267 2620 ut
2283 2565 2356 2619 ita
2385 2565 2585 2630 dicam,
2610 2565 2727 2636 ipsa
2746 2582 3007 2622 sensuum
3026 2584 3154 2623 vera
3170 2568 3357 2625 facies.
3384 2570 3572 2641 itaque

1993 2656 2189 2712 beatus
2234 2672 2457 2727 quoque
2507 2656 2713 2712 Paulus
2751 2658 2981 2713 scribit:
3047 2679 3066 2710 ε
3097 2659 3236 2715 Nam
3288 2677 3464 2730 usque
3516 2662 3572 2716 in

1995 2747 2325 2804 hodiernum
2359 2749 2506 2805 diem
2541 2749 2593 2803 id
2624 2749 2804 2819 ipsum
2834 2749 3083 2806 velamen
3111 2751 3171 2806 in
3192 2751 3427 2808 lectione
3465 2754 3573 2807 Ve-

1995 2842 2130 2897 teris
2154 2842 2494 2901 Testamenti
2531 2851 2717 2899 manet
2761 2859 2872 2897 non
2925 2844 3264 2913 revelatum;
3312 2846 3573 2917 quoniam

1998 2935 2052 2989 in
2099 2932 2322 2990 Christo
2373 2936 2693 2991 eva‘cuatur.
2751 2935 2859 2992 Sed
2907 2952 3084 3008 usque
3142 2938 3199 2993 in
3242 2938 3574 2995 hodiernum

1998 3025 2165 3091 diem,
2211 3041 2338 3080 cum
2380 3027 2583 3099 legitur
2630 3027 2860 3099 Moyses,
2915 3030 3165 3084 velamen
3212 3031 3453 3101 positum
3492 3042 3576 3088 est

2000 3133 2166 3188 super
2198 3133 2509 3193 cuneorum
2542 3119 2637 3172 η.»
2667 3117 2775 3174 Sed
2806 3120 2883 3175 ita
2902 3120 3124 3190 quidem
3150 3120 3464 3178 Judmorum
3487 3141 3576 3179 res

2002 3224 2061 3265 se
2084 3208 2340 3263 habeant.
2363 3229 2381 3261 ‹
2407 3210 2518 3264 Nos
2534 3226 2665 3265 vero
2684 3225 2876 3264 omnes
2894 3212 3129 3265 revelata
3149 3210 3309 3278 facie,
3331 3234 3349 3263 ι
3372 3215 3574 3285 induit,

2013 3316 2032 3347 ε
2059 3298 2287 3368 gloriam
2312 3298 2529 3353 Domini
2552 3299 2919 3368 speculantes,
2940 3298 2994 3352 in
3017 3298 3264 3354 eamdem
3284 3290 3576 3371 imaginem

2003 3385 2463 3441 transformamur
2488 3403 2518 3441 a
2548 3387 2799 3441 claritate
2826 3387 2880 3440 in
2901 3386 3229 3452 claritatem,
3261 3395 3520 3458 tanquam
3547 3406 3576 3444 a

2003 3477 2219 3533 Domini
2247 3477 2489 3548 spiritu;
2540 3477 2808 3532 Dominus
2859 3486 3044 3533 autem
3087 3477 3317 3548 spiritus
3345 3490 3431 3535 est
3459 3481 3520 3535 ³⁷.
3553 3501 3570 3532 ι

2005 3568 2075 3624 Ut
2103 3567 2249 3624 enim
2273 3568 2368 3638 qui
2400 3568 2456 3623 in
2509 3569 2735 3639 speculo
2766 3568 3237 3639 contemplantur,
3285 3570 3577 3641 imaginem

2005 3670 2062 3715 et
2090 3658 2319 3729 ﬁguram
2355 3659 2437 3714 rei
2485 3676 2628 3715 vera:
2665 3660 2877 3727 vident,
2927 3676 3038 3715 non
3077 3660 3252 3730 ipsam
3298 3677 3456 3716 rem:
3499 3665 3580 3719 sic

2006 3750 2100 3819 qui
2131 3750 2458 3805 Christiana
2501 3752 2936 3806 conversationis
2974 3752 3445 3822 pulchritudinem
3494 3758 3579 3811 vi-

2006 3839 2138 3895 dere
2173 3839 2509 3907 desiderant,
2544 3840 2588 3895 si
2612 3841 2732 3912 lege
2766 3849 3028 3912 tanquam
3074 3843 3299 3914 speculo
3328 3854 3578 3912 utantur,

2006 3930 2216 4000 optime
2279 3930 2425 4000 quod
2465 3931 2716 4001 cupiunt,
2770 3941 3155 4002 assequentur.
3200 3933 3378 4007 ipsam
3434 3938 3580 3991 enim

2006 4034 2191 4077 rerum
2218 4022 2506 4094 imaginem
2537 4022 2605 4077 ad
2626 4023 2909 4078 veritatem
2940 4023 3346 4093 transferendo,
3371 4027 3582 4098 liquido

2008 4112 2341 4182 perspicient
2374 4113 2507 4183 quid
2546 4113 2658 4169 Deo
2692 4123 2976 4185 acceptum
3006 4116 3060 4170 in
3109 4117 3305 4186 primis
3337 4128 3580 4188 gratum—

2010 4220 2115 4274 que
2142 4206 2233 4259 sit.

2081 4401 2280 4457 PALL.
2318 4402 2424 4459 Sed
2454 4418 2573 4474 quae
2616 4405 2759 4460 ratio
2785 4405 2970 4461 afferri
3008 4415 3211 4478 potest,
3240 4425 3339 4464 cur
3373 4426 3484 4465 non
3513 4412 3582 4467 ab

334 4495 389 4548 ἐν
416 4495 616 4566 ἀρχαῖς
655 4497 768 4558 τοῖς
814 4494 1003 4558 πάλαι,
1042 4495 1103 4549 τὸ
1141 4494 1261 4548 νέον
1298 4511 1356 4547 τε
1406 4496 1502 4548 καὶ
1541 4494 1897 4564 Εὐαγγελικὺι

2013 4489 2171 4544 initio
2197 4492 2478 4546 veteribus
2516 4492 2623 4547 illis
2660 4507 2800 4548 nova
2835 4503 2892 4549 et
2934 4497 3246 4566 evangelica
3288 4498 3377 4553 lex
3420 4499 3581 4556 dare-

333 4584 574 4639 δεόόσθαι
606 4584 1020 4656 χρησμώδημαο
1059 4585 1267 4649 τύπους
1308 4585 1365 4637 δὲ
1399 4585 1596 4655 μᾶλλον
1636 4585 1913 4656 νενομοθε-

334 4675 527 4745 τῆσθαι
562 4677 659 4729 καὶ
688 4676 847 4740 σκιάς
870 4695 884 4743 ;

400 4764 566 4821 ΚΥΡ.
597 4764 671 4821 Τὸ
702 4767 799 4836 μὲν
827 4766 1053 4837 ἀκριϐὲς
1072 4767 1175 4837 τῆς
1198 4767 1531 4839 οἰκονομίας,
1569 4768 1661 4821 καὶ
1681 4768 1828 4831 ὅπως
1843 4768 1908 4822 ἂν

337 4858 444 4929 ἔχοι
470 4860 650 4923 ταυτὶ,
670 4859 815 4914 κατά
842 4875 905 4928 γε
931 4859 995 4913 τὸ
1015 4860 1397 4931 ἀληθέστερον,
1436 4860 1723 4916 ἀναθετέον
1754 4850 1907 4915 εὗσε-

336 4950 444 5015 6ῶς
476 4951 555 5022 τῷ
582 4953 762 5006 πάντα
783 4950 947 5005 εἰδότι
973 4948 1115 5022 Θεῷ.
1144 4952 1405 5024 Λογισμοί⁸
1433 4953 1490 5007 δὲ
1518 4954 1666 5024 ἡμᾶς
1691 4952 1908 5007 ἐννοιῶν

334 5040 554 5108 ἀγαθῶν
576 5041 827 5112 ἀμοιρεῖν
865 5041 967 5094 οὐκ
1015 5041 1236 5105 εἰδότες,
1279 5041 1615 5115 ἀποφέρουσί
1648 5060 1762 5108 πως
1804 5043 1907 5096 κᾶν

337 5130 461 5198 γοῦν
499 5133 582 5196 εἰς
617 5132 846 5202 μετρίαν
890 5131 1114 5203 εἴδησιν,
1151 5132 1184 5203 ἢ
1218 5130 1309 5185 καὶ
1349 5132 1489 5201 τάχα
1536 5147 1636 5185 που
1682 5131 1820 5202 πρὸς
1848 5132 1908 5185 τὸ

335 5220 532 5275 εἰδέναι
562 5221 746 5275 δοκεῖν
776 5222 879 5292 τῆς
909 5221 1220 5293 οἰκονομίας
1255 5223 1351 5293 τὴν
1389 5223 1687 5293 πρόφασιν.
1723 5225 1906 5293 Φαμὲν

335 5307 443 5377 οὖν,
489 5314 572 5367 ὃτι
607 5312 987 5382 παιδαγωγίας
1029 5312 1137 5367 εδει
1170 5313 1393 5384 πολλῆς,
1447 5314 1541 5368 καὶ
1595 5315 1905 5387 ἀνατροφῆς

335 5403 529 5475 τρόπον
553 5404 678 5458 τινὰ
718 5403 1147 5475 νηπιοπρεποῦς,
1178 5408 1289 5469 τοῖς
1331 5405 1392 5470 ἐξ
1433 5405 1709 5474 Αἰγύπτου
1747 5407 1902 5461 λελυ-

335 5498 650 5568 ’πριαμένοις
698 5496 938 5566 Παχύνοι
966 5497 1076 5567 γὰρ
1105 5492 1244 5568 ἦσαν
1275 5497 1356 5550 ἔτι
1404 5498 1498 5550 καὶ
1529 5498 1902 5570 εὐπαράφοροι

337 5589 525 5659 κομιδῇ
558 5588 694 5659 πρὸς
721 5589 829 5639 πᾶν
859 5586 1036 5639 ὁτιοῦν
1069 5588 1176 5640 τῶν
1204 5588 1619 5658 ἀπηχεστάτων.
1657 5591 1902 5642 Δυσαπό-

405 5764 635 5820 "Exod.
682 5780 864 5827 mm,
918 5763 1104 5817 55-35.
1186 5767 1226 5796 "
1278 5766 1321 5819 ll
1356 5765 1481 5822 Cor.
1546 5784 1618 5831 lli,
1679 5768 1773 5833 Η,
1822 5768 1902 5822 15.

2011 4589 2122 4647 tur,
2172 4579 2356 4652 figurae
2375 4596 2508 4637 vero
2533 4583 2716 4652 potius
2732 4592 2897 4653 atque
2927 4585 2977 4654 7
2994 4585 3204 4642 umbrae
3227 4586 3583 4644 institueren-

2008 4682 2098 4727 tur
2120 4674 2144 4726 ’ἰ

2078 4763 2237 4820 CYR.
2276 4765 2601 4820 Accuratam
2636 4781 2932 4839 veramque
2962 4768 3126 4840 hujus
3153 4770 3583 4841 dispensationis

2006 4857 2273 4912 rationem
2291 4857 2378 4928 pie
2396 4873 2458 4913 ac
2477 4868 2789 4914 reverenter
2805 4860 2900 4914 uni
2912 4860 3046 4929 Deo,
3063 4861 3149 4917 cui
3166 4863 3349 4918 omnia
3366 4864 3581 4936 cognita

2008 4951 2400 5020 explorataque
2432 4960 2584 5017 sunt,
2617 4951 2996 5022 relinquamus
3035 4963 3273 5024 oportet.
3316 4955 3578 5011 Rationes

2009 5051 2189 5095 tamen
2241 5057 2271 5094 a
2324 5040 2429 5111 piis
2486 5043 2911 5112 cogitationibus
2957 5059 3066 5099 non
3108 5046 3299 5100 alienae
3351 5062 3450 5101 nos
3507 5048 3577 5101 ad

2006 5134 2545 5206 quantulamcunque
2579 5136 2952 5208 cognitionem
3006 5138 3336 5208 perducunt,
3363 5149 3459 5210 aut
3510 5154 3579 5196 eo

2008 5239 2186 5295 usque
2230 5234 2415 5292 certe,
2452 5238 2514 5282 ut
2544 5228 2686 5283 scire
2723 5229 3012 5284 videamur
3060 5241 3181 5297 quae
3220 5227 3388 5284 fuerit
3415 5230 3580 5303 hujus

2013 5314 2229 5371 consilii
2264 5333 2445 5373 causa.
2465 5319 2710 5375 Dicimus
2733 5319 2921 5390 igitur,
2953 5334 3018 5373 ex
3047 5316 3279 5390 Egypto
3328 5319 3578 5391 liberatis

2011 5406 2297 5473 Israelitis,
2329 5407 2606 5479 frequenti
2637 5408 2986 5462 institutione
3017 5408 3198 5479 longa,
3230 5419 3286 5465 et
3335 5426 3481 5477 esca,
3516 5423 3577 5468 ut

2010 5498 2085 5552 ita
2108 5498 2307 5562 dicam,
2342 5499 2539 5568 puerili
2584 5514 2722 5568 opus
2767 5497 2973 5565 fuisse;
3010 5499 3176 5555 rudes
3219 5501 3366 5556 enim
3393 5501 3574 5557 adhuc

2007 5599 2183 5654 erant,
2217 5600 2272 5644 et
2312 5592 2377 5644 ad
2423 5590 2814 5644 absurdissima
2847 5602 3075 5660 qumque
3118 5592 3409 5647 admodum
3444 5606 3572 5663 pm-

1986 5770 2026 5801 ιτ
2063 5770 2219 5836 ibid,
2258 5769 2343 5835 ιε,
2380 5771 2463 5824 n.
