4076 6306
557 349 660 405 “5

1571 333 1624 388 S.
1667 330 1937 385 CYRiLLl
1979 328 2446 385 ALEXANDRINI
2484 331 2799 386 ARCHIEP.

3699 333 3817 388 *144

555 469 741 522 clivos.
767 462 899 516 Nam
930 473 1052 512 cum
1087 453 1266 510 carnis
1290 466 1475 505 amore
1518 449 1852 509 laborarem,
1885 456 1939 498 et
1988 460 2114 514 per-

2230 463 2418 500 νιπτον
2456 446 2512 500 δὲ
2545 446 2821 510 παντελῶς
2865 464 2960 516 την
2994 447 3364 517 ,φιλοσαρκίαν
3393 447 3814 518 ὴρῤωστηκόσι,

560 553 961 612 turbationibus
988 562 1170 602 essent
1205 541 1421 607 irretiti,
1454 555 1575 609 quae
1608 537 1904 592 diliiculter
1923 533 2034 589 elui
2067 542 2121 587 et

554 645 840 717 exstirpari
880 645 1124 713 possent,
1181 632 1515 705 impossibile
1556 627 1951 700 propemodum
1982 635 2118 687 erat,

556 715 887 806 minimeque
919 737 1255 804 promptum,
1292 725 1478 780 statim
1513 723 1582 777 ad
1626 733 1897 776 summam
1923 715 2122 786 .perl'e—

553 834 792 887 ctionem
815 827 1047 884 evadere
1077 822 1238 887 velle,
1267 834 1332 874 ac
1363 817 1489 872 vitae.
1519 812 1790 869 rationem
1841 807 2121 876 suscipere

553 923 688 978 adeo
716 922 984 976 illustrem
1018 922 1075 970 et
1117 907 1517 972 admirandam,
1552 913 1631 970 ut,
1680 917 1808 958 cum
1857 901 1913 954 in
1959 896 2122 954 terris

554 1015 920 1073 ambularent,
954 1003 1424 1062 conversationem
1455 1008 1637 1053 tamen
1668 996 1723 1050 in
1765 993 1922 1048 caelis
1948 989 2120 1044 habe-

559 1114 704 1173 rent,
737 1105 882 1160 sicut
909 1099 1177 1169 scriptum
1213 1101 1297 1149 est
1321 1093 1385 1142 ‘3.
1418 1091 1613 1144 Annon
1665 1087 1813 1142 enim
1846 1082 2120 1154 perfecto—

557 1215 676 1254 rum
702 1205 789 1253 est
815 1193 1021 1251 solidus
1047 1189 1224 1251 cibus,
1261 1185 1343 1238 lac
1397 1197 1528 1238 vero
1560 1179 1747 1250 pueris
1780 1177 1959 1232 adhuc
2001 1186 2118 1228 ma-

553 1291 635 1361 gis
666 1285 924 1344 convenit
957 1283 1033 1335 "?

619 1377 818 1435 PALL.
853 1376 1081 1430 Maxime
1104 1387 1252 1426 vero.

623 1469 776 1524 CYR.
825 1463 1019 1519 Pueris
1054 1462 1220 1531 igitur
1263 1455 1618 1512 institutione
1635 1465 1775 1521 opus
1810 1455 1942 1504 verat
1969 1501 1975 1508 ,
1999 1461 2119 1516 quae

553 1559 739 1632 ﬁguris
790 1555 1185 1615 contineretur,
1213 1560 1288 1615 et,
1341 1558 1402 1603 ut
1431 1547 1506 1602 ita
1552 1545 1754 1608 dicam,
1797 1539 2118 1596 delicatiorc

553 1631 696 1708 victu
720 1691 734 1716 ,
763 1664 872 1704 non
901 1662 967 1700 eo
1005 1642 1280 1700 sermonis
1318 1653 1520 1710 genere
1549 1635 1696 1706 quod
1733 1633 1800 1689 ad
1827 1631 2119 1703 perfectio-

552 1761 677 1801 nem
712 1742 1043 1802 institueret,
1079 1746 1140 1792 et
1159 1735 1224 1790 ad
1254 1733 1570 1788 absolutum
1599 1727 1844 1784 numeris
1864 1725 2120 1780 omnibus

2223 539 2319 592 καὶ
2359 528 2778 608 ’δυσδιαφύκτοις
2838 537 3066 592 πάθεσιν
3117 539 3817 610 ἐγκατειλημμένοις,-ἀν-

2223 631 2442 699 ἐφικτόν
2475 648 2592 694 πως
2628 627 2696 703 ἦν
2740 631 2821 684 ἔτι
2865 633 2960 684 καὶ
2993 632 3091 701 οὐχ
3137 631 3356 702 ἓτοιμον
3385 631 3524 685 ἑλεῖν
3555 632 3624 684 τὸ
3655 630 3818 694 εὐθὺς

2223 722 2596 794 ἀναθρώσκειν
2646 723 2902 778 δύνασθαι
2949 725 3086 796 πρὸς
3123 724 3183 778 τό
3232 725 3372 793 ἄγαν
3405 725 3689 787 ἀστεῖον,
3743 723 3816 787 ὡς

2223 816 2318 868 καλ⁵
2347 812 2492 887 ζωῆς
2519 833 2640 870 τινα
2670 817 2869 888 τρόπον
2913 815 3293 882 ἐπανελέσθαι,
3335 815 3495 886 τυχὸν
3541 816 3647 886 τῆς
3675 813 3817 867 οὕτω

2223 903 2482 979 λαμπρᾶς
2505 908 2600 962 καὶ
2627 906 2960 978 ὑπερφυοῦς,
2990 908 3069 972 ὡς
3099 909 3423 979 περιπατεῖν
3452 897 3553 977 μὲν
3586 905 3689 958 ἐπὶ
3715 905 3816 975 τῆς

2224 999 2351 1069 γῆς,
2401 998 2547 1070 ἔχειν
2597 999 2654 1052 δὲ
2704 999 2766 1053 τὺ
2814 999 3117 1070 πολίτευμα
3155 999 3213 1052 ὲν
3245 999 3513 1069 οὐρανοῖς,
3553 996 3710 1051 κατὰ
3759 997 3815 1048 τὸ

2221 1087 2844 1163 γεγραμμένον.¹Ἠ.γάρ
2864 1091 2984 1162 ούχὶ
3005 1089 3227 1144 τελείων
3240 1090 3348 1161 μὲν
3374 1089 3522 1142 ἐστιν
3543 1089 3580 1157 ὴ
3617 1089 3814 1158 στερεά

2221 1183 2415 1253 τροφὴ,
2446 1182 2588 1251 γάλα
2611 1183 2666 1236 δὲ
2702 1185 2817 1247 τοῖς
2841 1182 2921 1236 ἔτι
2962 1181 3178 1253 νηπίοις
3209 1181 3272 1234 τὸ
3308 1179 3810 1252 πρεπωδέ-στερονις

2291 1363 2498 1416 ΠΑΛΛ.
2531 1362 2642 1417 Καὶ
2671 1363 2834 1434 μάλα.

2292 1454 2454 1508 ΚΥΡ.
2490 1455 2638 1507 Ἔδει
2669 1455 2848 1508 τοίνυν
2872 1452 3245 1522 παιδαγωγίας
3270 1451 3367 1522 μὲν
3383 1450 3484 1520 τῆς
3510 1451 3574 1503 ἐν
3594 1447 3809 1511 τύποις,

2221 1543 2300 1598 ἔτι
2350 1545 2583 1615 νηπίοις,
2615 1544 2711 1598 καὶ
2761 1544 2826 1597 ἵν’
2859 1542 3033 1606 οὕτως
3063 1542 3330 1612 εἴπωμεν,
3378 1539 3811 1612 τρυφερωτέρας

2221 1640 2554 1710 ἀνατροφῆς,
2589 1640 2709 1710 οὐχὶ
2737 1639 2834 1692 τοῦ
2888 1639 3026 1709 πρὸς
3075 1625 3386 1708 τελειότητα
3425 1635 3812 1696 διατάττοντος

2221 1724 2407 1800 λόγου,
2429 1732 2522 1785 καὶ
2545 1728 2905 1801 ἀποκομίζειν
2944 1729 3057 1782 οἴου
3080 1745 3140 1781 τε
3169 1727 3304 1798 πρὸς
3334 1727 3395 1780 τὸ
3422 1725 3636 1797 ἀρτίως
3663 1724 3806 1793 ἔχον.

552 1847 753 1894 statum
787 1832 1134 1905 perduceret.
1173 1829 1248 1883 lta
1283 1841 1414 1881 vero
1438 1825 1588 1879 leves
1609 1838 1672 1877 ac
1711 1820 1943 1891 stupidi,
1974 1817 2114 1873 etad

2234 1795 2490 1893 Ἐλαφροὶ
2521 1821 2578 1874 δέ
2609 1795 2779 1884 οὕτως
2811 1821 2906 1874 καὶ
2934 1795 3383 1890 ὀλιγογνώμονες,
3412 1795 3505 1870 καὶ
3537 1815 3685 1887 πρὸς
3706 1817 3814 1868 πᾶν

551 1931 734 1985 omnia
767 1923 1237 1999 perturbationum
1264 1935 1462 1990 genera
1496 1917 1682 1972 faciles
1695 1912 2117 1985 deprehendun-

552 2035 641 2076 tur
673 2019 771 2075 filii
804 2014 992 2080 Israel,
1041 2022 1122 2078 ut,
1178 2011 1226 2067 si
1281 2011 1571 2080 diligenter
1603 2021 1796 2063 eorum
1837 2019 2021 2060 mores
2056 2017 2120 2057 ac

552 2110 732 2166 studia
759 2104 1190 2178 perpendantur,
1226 2114 1296 2154 ne
1330 2097 1523 2152 umbra
1555 2093 1777 2164 quidem
1817 2091 1933 2161 ipsa
1968 2088 2118 2159 digni

549 2195 1104 2265 abstimenturquue
1133 2192 1342 2263 Moyses
1386 2187 1663 2252 ostendit;
1717 2183 1829 2240 Deo
1881 2195 2118 2251 namque

549 2297 629 2350 sic
653 2290 1024 2364 praecipiente,
1088 2283 1336 2340 ascendit
1379 2281 1472 2336 ille
1525 2279 1580 2334 in
1628 2285 1892 2339 montem,
1944 2275 2118 2344 legem

551 2393 927 2456 suscepturus.
1000 2381 1071 2435 At
1105 2369 1180 2432 'hi
1232 2375 1418 2431 statim
1461 2373 1517 2427 in
1557 2370 1922 2426 defectionem
1983 2365 2119 2436 lapsi

551 2485 722 2542 sunt;
756 2474 926 2529 vitulo
957 2483 1194 2539 namque
1233 2465 1492 2526 conﬂato,
1543 2461 1726 2517 dicere
1765 2459 1950 2514 miseri
1998 2457 2118 2512 ausi

550 2575 708 2622 sunt:
757 2563 862 2618 illi
905 2569 1036 2617 sunt
1081 2559 1158 2614 dii
1209 2557 1314 2620 tui,
1347 2553 1538 2618 Israel,
1575 2551 1669 2621 qui
1727 2560 1779 2604 te
1809 2551 2122 2604 eduxerunt

549 2673 617 2711 ex
675 2665 822 2709 terra
865 2649 1085 2721 Ᾱίεςριὶ
1114 2649 1182 2700 ⁸ο.
1214 2665 1232 2697 ι
1261 2643 1529 2710 Quocirca
1569 2649 1794 2694 tantam
1843 2639 2119 2692 levitatem

549 2749 763 2818 Moyses
789 2742 1010 2811 indigne
1053 2738 1240 2793 ferens
1261 2775 1275 2799 ,
1306 2733 1519 2788 tabulas
1547 2730 1815 2799 confregit
1839 2730 1894 2782 in
1919 2727 2122 2798 quibus

552 2841 636 2893 lex
656 2843 776 2892 erat
805 2831 1080 2900 descripta
1105 2845 1120 2894 ;
1158 2842 1271 2882 non
1299 2827 1411 2897 jam
1444 2823 1637 2878 umbra
1656 2821 1881 2891 quidem
1926 2829 2023 2874 aut
2051 2819 2117 2874 ﬁ-

551 2929 724 3000 guris,
755 2924 854 2981 sed
887 2937 954 2977 ne
985 2922 1095 2975 ulla
1122 2918 1345 2989 quidem
1386 2915 1643 2970 doctrina
1685 2912 1898 2968 caelesti
1926 2911 2122 2982 dignos

551 3037 649 3075 eos
687 3031 939 3078 censens,
967 3012 1063 3083 qui
1087 3008 1430 3079 eostuporis
1473 3005 1783 3070 venissent,
1841 3012 1901 3058 ut
1938 3011 2119 3057 tanto-

555 3127 675 3165 rum
707 3107 864 3163 obliti
920 3102 1335 3165 miraculorum,
1369 3112 1490 3168 quze
1529 3096 1712 3150 divina
1764 3095 1819 3150 vi
1873 3095 2118 3165 ipsorum

555 3217 715 3256 causa
751 3209 899 3271 gesta
916 3203 1093 3260 erant,
1115 3193 1287 3250 vitulo
1325 3205 1517 3245 rursus
1563 3170 1972 3244 venerationem
2020 3185 2119 3240 de-

552 3295 780 3355 ferrent,
821 3299 876 3344 ct
900 3287 1213 3358 [Egyptium
1253 3282 1407 3336 illum
1436 3279 1645 3334 cultum
1671 3277 1936 3332 memoria
1959 3291 2120 3345 repe-

553 3391 755 3440 terent.
783 3382 956 3436 Porro
975 3379 1031 3432 in
1086 3376 1290 3432 tabulis
1327 3371 1562 3443 lapideis
1616 3369 1942 3424 adumbrata
2000 3377 2118 3421 tum

553 3483 671 3532 erat
704 3471 984 3527 veteribus
1021 3469 1109 3522 lex
1139 3466 1239 3520 Dei
1283 3464 1476 3535 digito,
1512 3470 1574 3516 ut
1621 3459 1887 3529 scriptum
1929 3459 1987 3528 8
2016 3466 2118 3511 est.

557 3566 660 3620 Sed
683 3565 772 3617 illa
797 3562 968 3632 ﬁgura
994 3566 1150 3614 erant
1171 3570 1364 3612 eorum
1397 3569 1518 3624 qua:
1540 3551 1684 3623 apud
1706 3565 1807 3606 nos
1823 3550 1877 3605 in
1904 3546 2122 3603 Christo

555 3654 794 3725 perfecta
810 3645 1244 3706 essecreduntur
1267 3662 1281 3700 :
1307 3642 1573 3700 describit
1595 3641 1743 3697 enim
1767 3638 2124 3710 quodammo-

555 3745 626 3798 do
651 3743 705 3796 in
726 3740 885 3795 nobis
906 3737 1202 3794 voluntatis
1228 3749 1340 3791 suae
1365 3733 1736 3805 cognitionem
1760 3731 1851 3785 ille
1875 3729 2121 3786 omnium

555 3834 819 3889 Dominus
849 3833 1016 3894 Deus,
1055 3837 1311 3897 tanquam
1335 3824 1729 3881 calamo-utens
1753 3835 1853 3875 suo
1882 3819 2020 3874 Filio
2066 3819 2124 3874 in

556 3925 786 3996 Spiritu.
820 3923 913 3978 Sic
949 3921 1097 3975 enim
1137 3919 1318 3988 ipsum
1349 3915 1644 3986 appellavit
1675 3929 1774 3984 per
1815 3912 1997 3968 David
2041 3912 2126 3968 di-

557 4029 724 4068 cens:
767 4031 784 4063 (
807 4011 1019 4081 Lingua
1043 4024 1165 4064 mea
1197 4007 1441 4062 calamus
1467 4003 1663 4059 scriba:
1701 4003 1963 4059 velociter
1980 4003 2122 4058 scri-

557 4105 738 4161 bentis
772 4105 838 4156 ".
873 4123 890 4153 ι
929 4098 1216 4170 Inscripsit
1245 4096 1410 4154 enim
1473 4095 1530 4150 in
1561 4095 1812 4150 omnium
1861 4095 2122 4150 cordibus

559 4200 648 4253 ille
675 4197 920 4251 calamus
948 4193 1147 4256 Patris,
1175 4191 1228 4246 id
1256 4198 1341 4245 est
1392 4188 1583 4252 Filius,
1635 4187 1816 4243 omnis
1843 4187 1974 4241 boni
2027 4203 2121 4242 co-

559 4289 878 4358 gnitionem,
909 4283 1066 4355 quasi
1094 4282 1265 4352 digito
1287 4279 1525 4351 quodam
1551 4279 1670 4344 Dei,
1711 4277 1918 4348 Spiritu
1947 4278 2124 4334 Patris

558 4397 620 4434 ac
646 4395 746 4434 suo
775 4392 928 4432 usus.
955 4374 1196 4446 Digitum
1223 4386 1459 4442 namque
1476 4374 1689 4430 vocavit
1714 4373 1978 4444 Spiritum
2003 4373 2120 4437 Dei,

2219 1913 2396 1968 ὁτιοῦν
2427 1911 2776 1966 εῦκολοι-τῶν
2809 1911 3018 1978 παθῶν,
3055 1911 3241 1990 ·άλοῖεν
3269 1909 3334 1964 ἂν
3358 1910 3407 1962 οἰ
3437 1907 3500 1972 ἐξ
3549 1907 3808 1978 ἰσραήλ’

2218 2007 2294 2069 ὡς
2327 2005 2485 2078 εἴπερ
2513 2023 2597 2070 τις
2625 2007 2682 2058 ἐν
2708 2005 2890 2068 αὐτοῖς
2915 2005 3147 2076 ἀκριϐὴς
3177 2000 3243 2074 ἦν
3276 2002 3508 2072 βάσανος
3528 1999 3688 2071 ἠθῶν
3719 2000 3812 2052 καὶ

2221 2099 2659 2170 ἐγχειρημάτων,
2699 2098 2821 2152 οὐδὲ
2873 2097 2940 2152 ἂν
2983 2092 3139 2168 οἶμαι
3175 2097 3334 2159 σκιᾶς
3385 2093 3645 2165 ἡξίωντο.
3704 2093 3810 2146 Καὶ

2217 2192 2378 2247 τοῦτο
2419 2192 2652 2262 δέδειχεν
2681 2193 2711 2244 6
2742 2191 2969 2262 Μωσῆς.
3011 2188 3146 2243 Θεοῦ
3188 2187 3297 2258 γὰρ
3342 2184 3808 2256 προστάττοντος,

2217 2283 2443 2356 ἀνέθορε
2477 2283 2576 2355 μὲν
2605 2284 2686 2350 εἰς
2711 2283 2774 2336 τὸ
2793 2282 2924 2352 ὄρος
2963 2280 3144 2344 αὐτὸς,
3165 2279 3259 2331 τὸν
3288 2278 3450 2348 νόμον
3479 2275 3809 2346 ύποδεξὸμε-

2219 2393 2329 2439 νος.
2371 2376 2435 2429 Oi
2460 2375 2516 2428 δὲ
2567 2376 2913 2445 παραχρῆμα
2945 2369 3297 2425 ·-κατὼλισθον
3349 2370 3429 2432 εἰς
3477 2369 3806 2424 ἀπόστασιν.

2210 2467 2745 2538 Μεμοσχοποιήκασι
2771 2465 2902 2534 γὰρ,
2927 2463 3100 2532 ,φάναι
3122 2480 3182 2516 τε
3205 2462 3506 2515 οἰ-δείλαιοι
3535 2459 3808 2531 τετολμήο

2219 2578 2380 2613 κασιν
2404 2577 2418 2591 ο
2458 2577 2478 2610 ι
2519 2554 2676 2612 υῦτοι
2709 2559 2758 2610 οἰ
2805 2558 2915 2611 θεοί
2951 2575 3067 2621 σου,
3105 2555 3344 2628 Ἰσραὴλ,
3377 2555 3580 2616 οἵτινες
3611 2555 3803 2623 ἀνήγα-

2219 2653 2316 2720 γόν
2351 2668 2409 2704 σε
2449 2653 2513 2703 ἐκ
2539 2651 2642 2720 γῆς
2668 2648 2966 2718 Αἰγύπτου.
2999 2667 3018 2700 ι
3070 2649 3196 2701 Ἐπὶ
3231 2643 3326 2700 οὖν
3359 2648 3480 2709 ταῖς
3515 2645 3670 2698 οῦτω
3708 2642 3808 2695 δει-

2222 2746 2339 2807 ναῖς
2365 2742 2652 2813 ἐλαφρίαις
2679 2741 2965 2813 ἐδυσφόρει
3003 2741 3102 2811 μὲν
3135 2741 3162 2792 ὁ
3188 2740 3416 2808 Μωσῆς,
3448 2755 3588 2791 κατε
3599 2737 3804 2808 ῥρήγνυ

2219 2836 2276 2890 δὲ
2303 2835 2404 2898 τάς
2432 2834 2665 2899 πλάκας,
2715 2836 2772 2887 ἐν
2803 2827 2891 2897 αἷς
2913 2829 2988 2904 ἦν
3021 2833 3048 2884 6
3083 2831 3268 2900 νόμος,
3305 2829 3426 2883 ούδέ
3458 2830 3626 2891 σκιᾶς
3654 2828 3696 2898 ἢ,
3718 2825 3806 2878 τύ-

2222 2941 2362 2987 πων,
2387 2922 2420 2992 ἦ
2450 2921 2551 2975 κᾶν
2573 2919 2704 2990 γοῦν
2719 2921 2855 2983 ὅλως
2876 2920 3254 2988 παιδαγωγίας
3267 2918 3367 2987 τῆς
3390 2916 3607 2972 ἄνωθεν
3626 2915 3805 2980 ἀξίους

2219 3009 2360 3066 εἶναι
2389 3011 2615 3082 νομίσας
2649 3012 2775 3074 τοὺς
2802 3004 2882 3074 οἷς
2931 3027 2994 3079 γε
3023 3009 3275 3063 τοσοῦτον
3302 3007 3663 3077 ἀπόπληκτος
3689 3001 3755 3076 ἦν
3780 3006 3807 3056 6

2223 3103 2369 3168 νοῦς,
2404 3103 2479 3166 ὡς
2507 3101 2891 3174 ἀμνημονῆσαι
2941 3101 3038 3171 μὲν
3072 3101 3180 3154 τῶν
3217 3099 3362 3153 οὓτω
3411 3095 3806 3169 τεθαυμασμέ-

2225 3213 2352 3261 νων,
2385 3193 2421 3249 θ.
2438 3194 2528 3248 διά
2550 3195 2647 3266 τῆς
2671 3193 2821 3257 θείας
2842 3192 3023 3264 ἰσχύος
3056 3192 3203 3262 ὑπὲρ
3219 3191 3398 3244 αὐτῶν
3419 3190 3804 3260 ἐξεπράττετο,

2230 3288 2422 3359 μόσχῳ
2478 3286 2537 3342 δέ
2578 3287 2640 3340 τὸ
2703 3285 2869 3348 σέϐας
2911 3284 3190 3339 ἀναθεῖναι
3233 3283 3416 3348 πάλιν,
3456 3282 3549 3335 καὶ
3597 3280 3701 3351 τῆς
3753 3279 3806 3330 ἐν

2224 3379 2485 3450 Αἰγύπτῳ
2535 3378 2790 3449 λατρείας
2829 3375 3004 3430 ἐλθεῖν
3058 3379 3116 3440 ἐς
3165 3376 3493 3446 ἀνάμνησιν.
3553 3373 3703 3426 Ἀλλ’
3752 3372 3805 3423 ἐν

2227 3471 2390 3534 πλαξὶ
2420 3471 2518 3540 μὲν
2543 3469 2774 3533 λιθίναις
2798 3470 3216 3538 ἐσκιογραφεῖτο
3233 3468 3354 3521 τότε
3383 3469 3497 3530 τοῖς
3519 3454 3806 3538 ἀρχαιοτέ-

2228 3578 2342 3632 ροις
2373 3562 2402 3613 ὁ
2427 3562 2592 3632 νόμος
2621 3561 2680 3614 ἐν
2706 3559 2952 3630 δακτύλῳ
2983 3559 3141 3624 Θεοῦ,
3165 3558 3314 3613 καθὰ
3337 3559 3676 3628 γέγραπται.
3707 3554 3805 3608 Τύ-

2227 3669 2328 3717 πος
2352 3653 2407 3706 δέ
2439 3648 2508 3724 ἦν
2537 3655 2721 3706 ἐκεῖνα
2752 3652 2860 3705 τῶν
2889 3651 3009 3705 καθ’
3045 3653 3195 3722 ἡμᾶς
3214 3652 3272 3706 ἐν
3303 3648 3524 3721 Χριστῷ
3555 3646 3805 3718 γενέσθαι

2227 3744 2696 3815 πεπιστευμένων.
2725 3743 3085 3814 Καταγράφει
3114 3742 3438 3814 γὰρ-ὤσπερ
3465 3742 3523 3796 ἐν
3544 3742 3683 3812 ἡμῖν
3709 3738 3804 3807 τῆς

2227 3836 2420 3890 ἐαυτοῦ
2447 3835 2646 3908 βουλῆς
2665 3835 2765 3908 τὴν
2798 3835 3003 3907 εἴδησιν
3032 3837 3060 3888 6
3086 3835 3304 3888 πάντων
3338 3833 3622 3903 Δεσπότης
3653 3831 3800 3892 Θεὸς,

2226 3929 2388 3983 οἰονεὶ
2412 3928 2642 3998 καλάμῳ
2671 3925 2951 3998 χρώμενος
2974 3925 3051 3996 τῷ
3082 3924 3195 3996 Υίῷ
3224 3925 3282 3978 ἐν
3306 3925 3620 3996 Πνεύματι.
3667 3921 3803 3977 Ὠνό-

2231 4019 2370 4092 μαζε
2425 4019 2534 4090 γάρ
2585 4019 2759 4081 οὕτως
2797 4018 2958 4072 αὐτὸν
3005 4017 3092 4070 διὰ
3137 4017 3327 4082 Δαὸὶδ,
3383 4017 3583 4084 λέγων’
3653 4034 3673 4068 σ
3742 4013 3801 4066 Ἦ

2227 4109 2450 4179 γλῶσσά
2475 4125 2592 4180 μου
2662 4106 2906 4178 κάλαμος
2956 4104 3330 4178 γραμματέως
3386 4105 3722 4177 όξυγράφου.
3776 4119 3794 4152 ι

2241 4196 2562 4269 Ἐνεχάραξε
2590 4195 2696 4267 γὰρ
2725 4195 3120 4258 ταῖςνάπάντων
3138 4195 3396 4266 καρδίαις
3415 4196 3442 4248 6
3467 4194 3559 4247 τοῦ
3592 4191 3800 4262 Πατρὺς

2229 4291 2494 4361 κάλαμος,
2529 4289 2674 4342 τοῦτ’
2723 4288 2892 4350 ἐστιν,
2937 4288 2966 4340 ὁ
3009 4287 3160 4352 Υἱὸς,
3197 4286 3294 4358 τὴν
3350 4285 3551 4349 παντὸς
3600 4285 3800 4354 εἴδησιν

2219 4377 2457 4448 ἀγαθοῦ,
2493 4377 2654 4431 οἰονεί
2685 4395 2788 4433 τινι
2814 4377 3064 4448 δακτύλῳ
3085 4375 3241 4441 Θεοῦ,
3265 4375 3342 4446 τῷ
3367 4392 3425 4428 τε
3448 4375 3541 4428 τοῦ
3570 4373 3797 4445 Πατρὸς,

562 4485 704 4524 nunc
729 4469 950 4538 quidem
981 4467 1203 4522 dicens:
1242 4485 1260 4517 ι
1289 4466 1346 4521 Si
1384 4481 1485 4536 ego
1513 4467 1568 4520 in
1609 4466 1817 4538 Spiritu
1845 4467 1940 4522 Dei
1964 4465 2121 4537 ejicio

2231 4473 2324 4526 καὶ
2353 4471 2429 4542 τῷ
2456 4471 2571 4540 ἰδίῳ
2597 4470 2877 4542 χρώμενος
2910 4469 3210 4539 Πνεύματι.
3241 4467 3510 4521 Δάκτυλον
3533 4465 3644 4538 γὰρ
3669 4463 3799 4518 ὠνό-

558 4562 823 4617 dacmonia
863 4563 940 4626 ¹²;
971 4579 989 4612 ι
1048 4575 1197 4614 nunc
1233 4575 1400 4614 vero:
1447 4579 1462 4609 ι
1494 4559 1549 4613 Si
1596 4567 1778 4614 autem
1807 4575 1908 4630 ego
1937 4559 1993 4613 in
2042 4559 2128 4613 di-

557 4657 666 4724 gito
691 4654 786 4708 Dei
839 4653 1002 4722 ejicio
1056 4652 1325 4706 daemonia
1355 4653 1461 4704 υ.»
1504 4645 1802 4720 Epistolam
1852 4668 1982 4706 vero
2027 4668 2129 4705 nos

560 4748 897 4818 spiritualem
951 4745 1117 4799 etiam
1148 4746 1352 4801 Paulus
1402 4745 1722 4814 appellavit,
1775 4761 1901 4800 cum
1951 4745 2125 4800 dixit:

565 4859 581 4886 ι
620 4837 861 4908 Epistola
901 4845 1088 4889 nostra
1130 4851 1226 4889 vos
1274 4837 1408 4891 estis
1460 4836 1720 4907 inscripta
1761 4837 1817 4890 in
1871 4838 2130 4893 cordibus

562 4927 783 4990 nostris,
809 4940 931 4994 qure
963 4925 1137 4980 scitur
1157 4934 1213 4981 et
1258 4927 1460 4995 legitur
1493 4928 1568 4982 ab
1602 4928 1859 4982 omnibus
1887 4928 2128 4983 homini—

561 5023 683 5082 bus,
712 5013 1048 5070 manifestati
1085 5014 1230 5084 quod
1257 5015 1489 5084 epistola
1531 5018 1664 5070 estis
1701 5017 1929 5081 Christi,
1964 5017 2127 5072 mini-

558 5118 728 5166 strata
757 5124 787 5164 a
825 5107 1008 5173 nobis,
1044 5116 1100 5162 et
1135 5106 1340 5176 scripta
1379 5119 1490 5160 non
1526 5115 1850 5174 atramento,
1873 5108 1968 5165 sed
2005 5109 2128 5180 Spi-

563 5203 669 5255 ritu
698 5200 795 5256 Dci
844 5198 1113 5264 viventis;
1145 5214 1256 5253 non
1290 5197 1347 5252 in
1383 5197 1583 5252 tabulis
1632 5201 1886 5268 lapideis,
1934 5202 2030 5255 sed
2076 5201 2128 5254 in

563 5291 763 5346 tabulis
797 5291 978 5347 cordis
1004 5290 1318 5347 carnalibus
1345 5289 1410 5340 ".
1439 5307 1457 5340 ι

633 5555 835 5610 PALL.
869 5556 1136 5626 Equidem
1195 5559 1490 5624 assentior,
1532 5559 1736 5632 ﬁguras
1789 5578 1910 5618 esse
1965 5576 2127 5637 atque

631 5677 1040 5766 anaphmﬁphnll‘,
1065 5678 1152 5731 20.
1232 5680 1280 5766 ’ξ
1305 5681 1467 5766 Ιῐεδτ.
1505 5684 1768 5749 mli-14.
1822 5689 1876 5757 ,²⁰
1904 5688 2075 5746 Exod.

2224 5711 2295 5760 ul,
2331 5697 2382 5750 4.
2449 5697 2491 5728 ’ί
2522 5695 2659 5751 Psal.
2694 5711 2835 5766 xuv,
2873 5695 2927 5749 2.

559 5764 631 5807 ιι.
673 5746 763 5806 20.
842 5746 895 5781 ⁵⁸
925 5748 966 5802 ll
997 5749 1121 5803 Cor.
1148 5765 1224 5813 ιιι,
1247 5749 1300 5814 2,
1330 5750 1380 5803 3.

2231 4580 2368 4634 μασε
2401 4561 2714 4632 τὸ-Πνεῦμα
2731 4560 2889 4626 Θεοῦ,
2917 4561 3110 4629 λέγων,
3143 4559 3272 4612 ποτὲ
3309 4559 3437 4628 μὲν,
3473 4577 3492 4610 ι
3530 4559 3592 4611 Εἰ
3621 4558 3677 4611 δὲ
3697 4553 3801 4623 ἐγὼ

2227 4658 2283 4708 ἐν
2316 4653 2597 4724 Πνεύματι
2631 4651 2766 4707 Θεοῦ
2796 4652 3042 4707 ἐκϐάλλω
3073 4651 3142 4705 τά
3179 4649 3462 4720 δαιμόνια·
3519 4669 3537 4703 ι
3580 4647 3709 4702 ποτέ
3745 4644 3798 4697 δὲ

2227 4743 2318 4810 αὖ,
2355 4765 2371 4797 ι
2405 4748 2467 4800 Εἰ
2493 4747 2620 4800 δὲέν
2656 4744 2906 4815 δακτύλῳ
2935 4742 3071 4797 Θεοῦ
3097 4742 3345 4796 ἐκϐάλλω
3370 4741 3440 4796 τά
3469 4741 3738 4811 δαιμόνια.
3776 4752 3794 4784 ι

2241 4838 2557 4907 Ἐπιστολὴν
2591 4838 2648 4890 δὲ
2683 4838 2829 4908 ἡμᾶς
2865 4835 2963 4906 τὴν
3003 4835 3378 4906 πνευματικὴν
3408 4834 3502 4888 καὶ
3530 4836 3560 4886 6
3595 4829 3798 4888 Παῦλος

2227 4931 2434 4996 ἐκάλει,
2454 4931 2625 4998 λέγων
2646 4946 2658 4958 ·
2693 4949 2710 4982 ι
2755 4930 2820 4982 Ἦ
2850 4927 3110 4998 ἐπιστολὴ
3135 4927 3292 4999 ἡμῶν
3313 4929 3470 4999 ὑμεῖς
3498 4927 3620 4980 ἐστε
3649 4926 3798 4992 ἐγγε-

2227 5022 2523 5095 γραμμένη
2555 5026 2614 5074 ἐν
2647 5023 2770 5085 ταῖς
2804 5021 3056 5091 καρδίαις
3085 5020 3261 5090 ἡμῶν,
3295 5017 3672 5088 γινωσκομένη
3712 5012 3798 5066 καὶ

2227 5113 2710 5184 ἀναγινωσκομένη
2743 5112 2850 5166 ὑπὸ
2872 5113 3090 5166 πάντων
3120 5109 3444 5182 ἀνθρώπων,
3470 5106 3801 5184 φανερούμετ

2229 5223 2308 5258 νοι
2335 5207 2418 5260 ὄτι
2443 5204 2566 5258 ἐστὲ
2587 5203 2842 5274 ἐπιστολὴ
2858 5202 2992 5256 Θεοῦ
3009 5201 3393 5274 διακονηθεῖσα
3414 5201 3504 5270 ὑφ’
3522 5199 3697 5272 ἡμῶν,
3715 5198 3795 5262 ἐγ·

2234 5296 2620 5368 γεγραμμένη,
2637 5297 2697 5350 ού
2723 5295 2937 5366 μέλανι,
2964 5293 3100 5349 ἀλλά
3130 5295 3406 5365 Πνεύματι
3426 5294 3561 5348 Θεοῦ
3585 5293 3794 5360 ζῶντος.

2235 5389 2336 5442 οὐκ
2357 5391 2416 5442 ἐν
2440 5387 2624 5454 πίναξι
2656 5386 2907 5453 λιθίναις,
2937 5385 3056 5440 ἀλλ’
3082 5389 3139 5440 ἐν
3171 5385 3332 5452 πλαξὶ
3371 5387 3600 5459 καρδίας
3622 5379 3793 5454 σαρκὶ-

2237 5497 2375 5544 ναις.
2421 5498 2439 5530 ι

2310 5573 2514 5626 ΠΔΛΔ.
2561 5570 2699 5624 Ἀλλ’
2749 5571 2830 5624 ὅτι
2875 5571 2974 5640 μὲν
3012 5569 3173 5623 τύποι
3211 5571 3306 5624 καὶ
3353 5572 3506 5624 σκιαὶ
3552 5571 3620 5624 τά
3669 5561 3810 5625 κατὰ

3032 5689 3077 5720 ¹¹
3095 5693 3284 5749 Matth.
3312 5711 3404 5761 xu,
3427 5694 3516 5750 27.
3595 5695 3639 5727 "
3673 5694 3808 5748 [.uc.
