  <div class='ocr_page' id='page_1' title='image "/cluster/home/n/w/nwhite01/storage/ocr_20150623/68/mdp.39015078384438/080.png"; bbox 0 0 4076 6306; ppageno 0'>
   <div class='ocr_carea' id='block_1_1' title="bbox 319 390 420 447">
    <p class='ocr_par' dir='ltr' id='par_1_1' title="bbox 319 390 420 447">
     <span class='ocr_line' id='line_1_1' title="bbox 319 390 420 447; baseline 0.04 -3"><span class='ocrx_word' id='word_1_1' title='bbox 319 390 420 447; x_wconf 77' lang='lat' dir='ltr'><strong>M5</strong></span> 
     </span>
    </p>
   </div>
   <div class='ocr_carea' id='block_1_2' title="bbox 1070 395 2828 481">
    <p class='ocr_par' dir='ltr' id='par_1_2' title="bbox 1070 395 2828 481">
     <span class='ocr_line' id='line_1_2' title="bbox 1070 395 2828 481; baseline 0.006 -30"><span class='ocrx_word' id='word_1_2' title='bbox 1070 395 1158 452; x_wconf 88' lang='lat' dir='ltr'><strong>DE</strong></span> <span class='ocrx_word' id='word_1_3' title='bbox 1189 396 1630 481; x_wconf 71' lang='lat' dir='ltr'><strong>ADQRATIONE</strong></span> <span class='ocrx_word' id='word_1_4' title='bbox 1668 400 1737 455; x_wconf 84' lang='lat' dir='ltr'><strong>1N</strong></span> <span class='ocrx_word' id='word_1_5' title='bbox 1777 401 2050 459; x_wconf 78' lang='lat' dir='ltr'><strong>SPIRITU</strong></span> <span class='ocrx_word' id='word_1_6' title='bbox 2082 402 2170 457; x_wconf 84' lang='grc' dir='ltr'><strong>ΕΤ</strong></span> <span class='ocrx_word' id='word_1_7' title='bbox 2210 404 2577 460; x_wconf 80' lang='lat' dir='ltr'><strong>VERlTATE.</strong></span> <span class='ocrx_word' id='word_1_8' title='bbox 2619 405 2748 460; x_wconf 79' lang='lat' dir='ltr'><strong>LIB.</strong></span> <span class='ocrx_word' id='word_1_9' title='bbox 2787 407 2828 462; x_wconf 87' lang='grc' dir='ltr'>Ι.</span> 
     </span>
    </p>
   </div>
   <div class='ocr_carea' id='block_1_3' title="bbox 3474 407 3573 464">
    <p class='ocr_par' dir='ltr' id='par_1_3' title="bbox 3474 407 3573 464">
     <span class='ocr_line' id='line_1_3' title="bbox 3474 407 3573 464; baseline 0.03 -3"><span class='ocrx_word' id='word_1_10' title='bbox 3474 407 3573 464; x_wconf 73' lang='grc' dir='ltr'>ιιδ</span> 
     </span>
    </p>
   </div>
   <div class='ocr_carea' id='block_1_4' title="bbox 311 507 1898 592">
    <p class='ocr_par' dir='ltr' id='par_1_4' title="bbox 311 507 1894 587">
     <span class='ocr_line' id='line_1_4' title="bbox 311 507 1894 587; baseline 0.007 -29"><span class='ocrx_word' id='word_1_11' title='bbox 311 507 406 558; x_wconf 81' lang='grc' dir='ltr'>τὸν</span> <span class='ocrx_word' id='word_1_12' title='bbox 431 508 619 575; x_wconf 80' lang='grc' dir='ltr'>νόμον,</span> <span class='ocrx_word' id='word_1_13' title='bbox 649 508 818 579; x_wconf 80' lang='grc' dir='ltr'>φαίην</span> <span class='ocrx_word' id='word_1_14' title='bbox 846 509 916 563; x_wconf 81' lang='grc' dir='ltr'>ἂν</span> <span class='ocrx_word' id='word_1_15' title='bbox 944 519 1039 563; x_wconf 83' lang='grc' dir='ltr'><strong>και</strong></span> <span class='ocrx_word' id='word_1_16' title='bbox 1078 510 1263 578; x_wconf 77' lang='grc' dir='ltr'>αὐτὸς,</span> <span class='ocrx_word' id='word_1_17' title='bbox 1296 508 1355 565; x_wconf 82' lang='grc' dir='ltr'>εὖ</span> <span class='ocrx_word' id='word_1_18' title='bbox 1386 510 1495 566; x_wconf 84' lang='grc' dir='ltr'>ίσθι</span> <span class='ocrx_word' id='word_1_19' title='bbox 1534 530 1637 577; x_wconf 85' lang='grc' dir='ltr'>τοι.</span> <span class='ocrx_word' id='word_1_20' title='bbox 1667 513 1801 587; x_wconf 74' lang='grc' dir='ltr'>Φέρε</span> <span class='ocrx_word' id='word_1_21' title='bbox 1829 514 1894 587; x_wconf 83' lang='grc' dir='ltr'><strong>δὴ</strong></span> 
     </span>
    </p>
   </div>
   <div class='ocr_carea' id='block_1_5' title="bbox 2001 507 3573 592">
    <p class='ocr_par' dir='ltr' id='par_1_5' title="bbox 2001 516 3573 592">
     <span class='ocr_line' id='line_1_5' title="bbox 2001 516 3573 592; baseline 0.003 -21"><span class='ocrx_word' id='word_1_22' title='bbox 2001 516 2250 583; x_wconf 83' lang='lat' dir='ltr'><strong>umbras,</strong></span> <span class='ocrx_word' id='word_1_23' title='bbox 2273 534 2395 589; x_wconf 67' lang='lat' dir='ltr'><strong>qua:</strong></span> <span class='ocrx_word' id='word_1_24' title='bbox 2422 519 2541 591; x_wconf 86' lang='lat' dir='ltr'><strong>lege</strong></span> <span class='ocrx_word' id='word_1_25' title='bbox 2568 519 2947 581; x_wconf 78' lang='lat' dir='ltr'><strong>continentur.</strong></span> <span class='ocrx_word' id='word_1_26' title='bbox 2996 521 3103 577; x_wconf 88' lang='lat' dir='ltr'><strong>Sed</strong></span> <span class='ocrx_word' id='word_1_27' title='bbox 3139 536 3257 592; x_wconf 89' lang='lat' dir='ltr'><strong>age,</strong></span> <span class='ocrx_word' id='word_1_28' title='bbox 3295 522 3573 578; x_wconf 88' lang='lat' dir='ltr'><strong>subtiliter</strong></span> 
     </span>
    </p>
   </div>
   <div class='ocr_carea' id='block_1_6' title="bbox 308 592 1894 677">
    <p class='ocr_par' dir='ltr' id='par_1_6' title="bbox 308 592 1894 677">
     <span class='ocr_line' id='line_1_6' title="bbox 308 592 1894 677; baseline 0.004 -24"><span class='ocrx_word' id='word_1_29' title='bbox 308 592 404 653; x_wconf 79' lang='grc' dir='ltr'><strong>οὗν</strong></span> <span class='ocrx_word' id='word_1_30' title='bbox 423 598 622 652; x_wconf 86' lang='grc' dir='ltr'>λεπτόν</span> <span class='ocrx_word' id='word_1_31' title='bbox 646 616 709 653; x_wconf 85' lang='grc' dir='ltr'><strong>τε</strong></span> <span class='ocrx_word' id='word_1_32' title='bbox 729 601 825 655; x_wconf 76' lang='grc' dir='ltr'>καὶ</span> <span class='ocrx_word' id='word_1_33' title='bbox 852 600 1056 673; x_wconf 71' lang='grc' dir='ltr'>ἀκριθῆ</span> <span class='ocrx_word' id='word_1_34' title='bbox 1083 603 1198 665; x_wconf 86' lang='grc' dir='ltr'>τοῖς</span> <span class='ocrx_word' id='word_1_35' title='bbox 1231 604 1291 656; x_wconf 84' lang='grc' dir='ltr'>ὲν</span> <span class='ocrx_word' id='word_1_36' title='bbox 1317 601 1474 676; x_wconf 78' lang='grc' dir='ltr'>τύπῳ</span> <span class='ocrx_word' id='word_1_37' title='bbox 1504 606 1894 677; x_wconf 83' lang='grc' dir='ltr'>κεχρησμωδη-</span> 
     </span>
    </p>
   </div>
   <div class='ocr_carea' id='block_1_7' title="bbox 308 690 1892 768">
    <p class='ocr_par' dir='ltr' id='par_1_7' title="bbox 308 690 1892 768">
     <span class='ocr_line' id='line_1_7' title="bbox 308 690 1892 768; baseline 0.006 -26"><span class='ocrx_word' id='word_1_38' title='bbox 308 691 496 760; x_wconf 80' lang='grc' dir='ltr'>μένοις</span> <span class='ocrx_word' id='word_1_39' title='bbox 534 690 895 757; x_wconf 79' lang='grc' dir='ltr'>ὲνιὲντεςτὸν</span> <span class='ocrx_word' id='word_1_40' title='bbox 919 692 1064 760; x_wconf 87' lang='grc' dir='ltr'>νοῦν,</span> <span class='ocrx_word' id='word_1_41' title='bbox 1088 692 1633 767; x_wconf 80' lang='grc' dir='ltr'><strong>πολυπραγμονῶμεν</strong></span> <span class='ocrx_word' id='word_1_42' title='bbox 1662 693 1722 751; x_wconf 86' lang='grc' dir='ltr'>εὖ</span> <span class='ocrx_word' id='word_1_43' title='bbox 1746 696 1892 768; x_wconf 87' lang='grc' dir='ltr'>μάλα</span> 
     </span>
    </p>
   </div>
   <div class='ocr_carea' id='block_1_8' title="bbox 302 783 1892 858">
    <p class='ocr_par' dir='ltr' id='par_1_8' title="bbox 302 783 1892 858">
     <span class='ocr_line' id='line_1_8' title="bbox 302 783 1892 858; baseline 0.004 -23"><span class='ocrx_word' id='word_1_44' title='bbox 302 785 406 851; x_wconf 78' lang='grc' dir='ltr'>τῆς</span> <span class='ocrx_word' id='word_1_45' title='bbox 436 784 693 854; x_wconf 80' lang='grc' dir='ltr'><strong>ἀληθείας</strong></span> <span class='ocrx_word' id='word_1_46' title='bbox 744 783 805 837; x_wconf 80' lang='grc' dir='ltr'>τὸ</span> <span class='ocrx_word' id='word_1_47' title='bbox 852 783 1065 850; x_wconf 88' lang='grc' dir='ltr'>κάλλος.</span> <span class='ocrx_word' id='word_1_48' title='bbox 1112 785 1214 857; x_wconf 90' lang='grc' dir='ltr'>Είη</span> <span class='ocrx_word' id='word_1_49' title='bbox 1256 786 1367 858; x_wconf 90' lang='grc' dir='ltr'><strong>γάρ</strong></span> <span class='ocrx_word' id='word_1_50' title='bbox 1412 787 1479 842; x_wconf 84' lang='grc' dir='ltr'><strong>ἀν</strong></span> <span class='ocrx_word' id='word_1_51' title='bbox 1518 786 1662 842; x_wconf 76' lang='grc' dir='ltr'>οὕτω</span> <span class='ocrx_word' id='word_1_52' title='bbox 1708 787 1892 842; x_wconf 76' lang='grc' dir='ltr'>λοιπὸν</span> 
     </span>
    </p>
   </div>
   <div class='ocr_carea' id='block_1_9' title="bbox 301 872 1894 950">
    <p class='ocr_par' dir='ltr' id='par_1_9' title="bbox 301 872 1894 950">
     <span class='ocr_line' id='line_1_9' title="bbox 301 872 1894 950; baseline 0.004 -24"><span class='ocrx_word' id='word_1_53' title='bbox 301 873 484 927; x_wconf 73' lang='grc' dir='ltr'>οὐδενὶ</span> <span class='ocrx_word' id='word_1_54' title='bbox 524 872 634 931; x_wconf 90' lang='grc' dir='ltr'><strong>τῶν</strong></span> <span class='ocrx_word' id='word_1_55' title='bbox 684 873 855 937; x_wconf 77' lang='grc' dir='ltr'>ὄντων</span> <span class='ocrx_word' id='word_1_56' title='bbox 898 876 1219 950; x_wconf 57' lang='grc' dir='ltr'>ἀσυμῃανὲς</span> <span class='ocrx_word' id='word_1_57' title='bbox 1255 878 1355 947; x_wconf 84' lang='grc' dir='ltr'>τῆς</span> <span class='ocrx_word' id='word_1_58' title='bbox 1390 878 1449 932; x_wconf 72' lang='grc' dir='ltr'>ἐν</span> <span class='ocrx_word' id='word_1_59' title='bbox 1494 877 1765 950; x_wconf 85' lang='grc' dir='ltr'>πνεύματι</span> <span class='ocrx_word' id='word_1_60' title='bbox 1801 878 1894 933; x_wconf 85' lang='grc' dir='ltr'>λα-</span> 
     </span>
    </p>
   </div>
   <div class='ocr_carea' id='block_1_10' title="bbox 302 962 941 1036">
    <p class='ocr_par' dir='ltr' id='par_1_10' title="bbox 302 962 941 1036">
     <span class='ocr_line' id='line_1_10' title="bbox 302 962 941 1036; baseline 0.005 -21"><span class='ocrx_word' id='word_1_61' title='bbox 302 962 500 1035; x_wconf 81' lang='grc' dir='ltr'>τρείας</span> <span class='ocrx_word' id='word_1_62' title='bbox 530 964 592 1019; x_wconf 78' lang='grc' dir='ltr'>τὸ</span> <span class='ocrx_word' id='word_1_63' title='bbox 620 965 941 1036; x_wconf 84' lang='grc' dir='ltr'>μυστήριον.</span> 
     </span>
    </p>
   </div>
   <div class='ocr_carea' id='block_1_11' title="bbox 381 1049 1894 1134">
    <p class='ocr_par' dir='ltr' id='par_1_11' title="bbox 381 1049 1894 1134">
     <span class='ocr_line' id='line_1_11' title="bbox 381 1049 1894 1134; baseline 0.004 -25"><span class='ocrx_word' id='word_1_64' title='bbox 381 1055 550 1109; x_wconf 72' lang='grc' dir='ltr'><strong>ΚΥΡ.</strong></span> <span class='ocrx_word' id='word_1_65' title='bbox 575 1055 687 1108; x_wconf 76' lang='grc' dir='ltr'><strong>Καὶ</strong></span> <span class='ocrx_word' id='word_1_66' title='bbox 708 1057 839 1127; x_wconf 85' lang='grc' dir='ltr'>μὴν,</span> <span class='ocrx_word' id='word_1_67' title='bbox 858 1049 903 1110; x_wconf 82' lang='grc' dir='ltr'><strong>ὧ</strong></span> <span class='ocrx_word' id='word_1_68' title='bbox 919 1060 1156 1131; x_wconf 79' lang='grc' dir='ltr'>γενναῖε,</span> <span class='ocrx_word' id='word_1_69' title='bbox 1175 1058 1572 1131; x_wconf 84' lang='grc' dir='ltr'>καταπέφρικά</span> <span class='ocrx_word' id='word_1_70' title='bbox 1587 1077 1670 1115; x_wconf 90' lang='grc' dir='ltr'><strong>τοι</strong></span> <span class='ocrx_word' id='word_1_71' title='bbox 1688 1060 1894 1134; x_wconf 85' lang='grc' dir='ltr'>σφόδρα</span> 
     </span>
    </p>
   </div>
   <div class='ocr_carea' id='block_1_12' title="bbox 306 1146 1893 1221">
    <p class='ocr_par' dir='ltr' id='par_1_12' title="bbox 306 1146 1893 1221">
     <span class='ocr_line' id='line_1_12' title="bbox 306 1146 1893 1221; baseline 0.004 -21"><span class='ocrx_word' id='word_1_72' title='bbox 306 1147 555 1213; x_wconf 76' lang='grc' dir='ltr'><strong>εἰκότως,</strong></span> <span class='ocrx_word' id='word_1_73' title='bbox 582 1146 947 1208; x_wconf 79' lang='grc' dir='ltr'>δυο-οκνότατά</span> <span class='ocrx_word' id='word_1_74' title='bbox 974 1149 1035 1213; x_wconf 70' lang='grc' dir='ltr'>τέ</span> <span class='ocrx_word' id='word_1_75' title='bbox 1072 1150 1185 1221; x_wconf 89' lang='grc' dir='ltr'>εἰμι</span> <span class='ocrx_word' id='word_1_76' title='bbox 1216 1150 1353 1221; x_wconf 78' lang='grc' dir='ltr'>πρὸς</span> <span class='ocrx_word' id='word_1_77' title='bbox 1384 1151 1543 1207; x_wconf 87' lang='grc' dir='ltr'>τοῦτο</span> <span class='ocrx_word' id='word_1_78' title='bbox 1586 1153 1726 1208; x_wconf 94' lang='grc' dir='ltr'>λίαν.</span> <span class='ocrx_word' id='word_1_79' title='bbox 1767 1150 1893 1219; x_wconf 74' lang='grc' dir='ltr'>Εἶεν</span> 
     </span>
    </p>
   </div>
   <div class='ocr_carea' id='block_1_13' title="bbox 307 1232 1892 1313">
    <p class='ocr_par' dir='ltr' id='par_1_13' title="bbox 307 1232 1892 1313">
     <span class='ocr_line' id='line_1_13' title="bbox 307 1232 1892 1313; baseline 0.006 -25"><span class='ocrx_word' id='word_1_80' title='bbox 307 1237 420 1310; x_wconf 73' lang='grc' dir='ltr'><strong>γὰρ</strong></span> <span class='ocrx_word' id='word_1_81' title='bbox 452 1232 608 1313; x_wconf 79' lang='grc' dir='ltr'>οἶμαι</span> <span class='ocrx_word' id='word_1_82' title='bbox 629 1255 733 1291; x_wconf 89' lang='grc' dir='ltr'><strong>που</strong></span> <span class='ocrx_word' id='word_1_83' title='bbox 762 1241 875 1303; x_wconf 89' lang='grc' dir='ltr'>τοῖς</span> <span class='ocrx_word' id='word_1_84' title='bbox 904 1238 1025 1293; x_wconf 89' lang='grc' dir='ltr'>καθ’</span> <span class='ocrx_word' id='word_1_85' title='bbox 1054 1240 1203 1311; x_wconf 74' lang='grc' dir='ltr'>ἡμᾶς</span> <span class='ocrx_word' id='word_1_86' title='bbox 1217 1239 1316 1311; x_wconf 84' lang='grc' dir='ltr'>οὐχ</span> <span class='ocrx_word' id='word_1_87' title='bbox 1339 1240 1697 1312; x_wconf 83' lang='grc' dir='ltr'>ἁλώσιμα,τά</span> <span class='ocrx_word' id='word_1_88' title='bbox 1722 1243 1892 1307; x_wconf 87' lang='grc' dir='ltr'>οῦτως</span> 
     </span>
    </p>
   </div>
   <div class='ocr_carea' id='block_1_14' title="bbox 308 1326 1890 1406">
    <p class='ocr_par' dir='ltr' id='par_1_14' title="bbox 308 1326 1890 1406">
     <span class='ocr_line' id='line_1_14' title="bbox 308 1326 1890 1406; baseline 0.006 -27"><span class='ocrx_word' id='word_1_89' title='bbox 308 1326 698 1399; x_wconf 72' lang='grc' dir='ltr'><strong>ἀνῳκισμένην</strong></span> <span class='ocrx_word' id='word_1_90' title='bbox 743 1329 839 1382; x_wconf 74' lang='grc' dir='ltr'>καὶ</span> <span class='ocrx_word' id='word_1_91' title='bbox 887 1329 1156 1401; x_wconf 83' lang='grc' dir='ltr'>ύπερτενῆ</span> <span class='ocrx_word' id='word_1_92' title='bbox 1206 1330 1445 1402; x_wconf 78' lang='grc' dir='ltr'><strong>λαχόντα</strong></span> <span class='ocrx_word' id='word_1_93' title='bbox 1477 1332 1575 1404; x_wconf 79' lang='grc' dir='ltr'>τὴν</span> <span class='ocrx_word' id='word_1_94' title='bbox 1637 1333 1890 1406; x_wconf 81' lang='grc' dir='ltr'><strong>θεωρίαν.</strong></span> 
     </span>
    </p>
   </div>
   <div class='ocr_carea' id='block_1_15' title="bbox 313 1417 1893 1496">
    <p class='ocr_par' dir='ltr' id='par_1_15' title="bbox 313 1417 1893 1496">
     <span class='ocr_line' id='line_1_15' title="bbox 313 1417 1893 1496; baseline 0.004 -24"><span class='ocrx_word' id='word_1_95' title='bbox 313 1419 530 1490; x_wconf 74' lang='grc' dir='ltr'>Χρῆναι</span> <span class='ocrx_word' id='word_1_96' title='bbox 575 1419 633 1473; x_wconf 79' lang='grc' dir='ltr'>δὲ</span> <span class='ocrx_word' id='word_1_97' title='bbox 685 1417 840 1491; x_wconf 77' lang='grc' dir='ltr'>οἶμαι</span> <span class='ocrx_word' id='word_1_98' title='bbox 887 1420 1068 1490; x_wconf 83' lang='grc' dir='ltr'>λέγειν</span> <span class='ocrx_word' id='word_1_99' title='bbox 1102 1422 1570 1495; x_wconf 78' lang='grc' dir='ltr'><strong>ἀνασκοπουμένῳ</strong></span> <span class='ocrx_word' id='word_1_100' title='bbox 1617 1425 1677 1481; x_wconf 80' lang='grc' dir='ltr'>τὸ</span> <span class='ocrx_word' id='word_1_101' title='bbox 1732 1425 1893 1496; x_wconf 81' lang='grc' dir='ltr'><strong>βάθος</strong></span> 
     </span>
    </p>
   </div>
   <div class='ocr_carea' id='block_1_16' title="bbox 310 1500 1886 1585">
    <p class='ocr_par' dir='ltr' id='par_1_16' title="bbox 310 1500 1886 1585">
     <span class='ocr_line' id='line_1_16' title="bbox 310 1500 1886 1585; baseline 0.008 -24"><span class='ocrx_word' id='word_1_102' title='bbox 310 1507 424 1565; x_wconf 65' lang='grc' dir='ltr'>τῶν</span> <span class='ocrx_word' id='word_1_103' title='bbox 442 1507 601 1578; x_wconf 64' lang='grc' dir='ltr'>ἐντῷ</span> <span class='ocrx_word' id='word_1_104' title='bbox 634 1508 784 1580; x_wconf 82' lang='grc' dir='ltr'>νόμῳ</span> <span class='ocrx_word' id='word_1_105' title='bbox 807 1509 1183 1583; x_wconf 82' lang='grc' dir='ltr'><strong>θεωρημάτων</strong></span> <span class='ocrx_word' id='word_1_106' title='bbox 1204 1530 1216 1544; x_wconf 87' lang='grc'><strong>·</strong></span> <span class='ocrx_word' id='word_1_107' title='bbox 1256 1533 1274 1566; x_wconf 82' lang='grc' dir='ltr'><strong>ι</strong></span> <span class='ocrx_word' id='word_1_108' title='bbox 1308 1514 1410 1579; x_wconf 78' lang='grc' dir='ltr'>Τίς</span> <span class='ocrx_word' id='word_1_109' title='bbox 1441 1500 1603 1585; x_wconf 80' lang='grc' dir='ltr'>σοφδς</span> <span class='ocrx_word' id='word_1_110' title='bbox 1633 1517 1726 1570; x_wconf 77' lang='grc' dir='ltr'>καὶ</span> <span class='ocrx_word' id='word_1_111' title='bbox 1771 1535 1886 1574; x_wconf 84' lang='grc' dir='ltr'>συν-</span> 
     </span>
    </p>
   </div>
   <div class='ocr_carea' id='block_1_17' title="bbox 313 1598 1812 1676">
    <p class='ocr_par' dir='ltr' id='par_1_17' title="bbox 313 1598 1812 1676">
     <span class='ocr_line' id='line_1_17' title="bbox 313 1598 1812 1676; baseline 0.007 -25"><span class='ocrx_word' id='word_1_112' title='bbox 313 1601 434 1671; x_wconf 76' lang='grc' dir='ltr'>ήσει</span> <span class='ocrx_word' id='word_1_113' title='bbox 467 1598 671 1669; x_wconf 83' lang='grc' dir='ltr'>ταῦτα;</span> <span class='ocrx_word' id='word_1_114' title='bbox 692 1601 788 1655; x_wconf 76' lang='grc' dir='ltr'>καὶ</span> <span class='ocrx_word' id='word_1_115' title='bbox 814 1603 1053 1668; x_wconf 80' lang='grc' dir='ltr'>συνετὸς,</span> <span class='ocrx_word' id='word_1_116' title='bbox 1085 1604 1181 1658; x_wconf 73' lang='grc' dir='ltr'>καὶ</span> <span class='ocrx_word' id='word_1_117' title='bbox 1200 1605 1564 1674; x_wconf 73' lang='grc' dir='ltr'><strong>ἐπιγνώσεται</strong></span> <span class='ocrx_word' id='word_1_118' title='bbox 1588 1608 1758 1676; x_wconf 74' lang='grc' dir='ltr'>αὐτάς</span> <span class='ocrx_word' id='word_1_119' title='bbox 1793 1627 1812 1661; x_wconf 75' lang='grc' dir='ltr'><strong>ι</strong></span> 
     </span>
    </p>
   </div>
   <div class='ocr_carea' id='block_1_18' title="bbox 384 1777 1893 1856">
    <p class='ocr_par' dir='ltr' id='par_1_18' title="bbox 384 1777 1893 1856">
     <span class='ocr_line' id='line_1_18' title="bbox 384 1777 1893 1856; baseline 0.002 -20"><span class='ocrx_word' id='word_1_120' title='bbox 384 1782 595 1837; x_wconf 77' lang='grc' dir='ltr'>ΠΑΛΔ.</span> <span class='ocrx_word' id='word_1_121' title='bbox 623 1782 737 1837; x_wconf 84' lang='grc' dir='ltr'><strong>Οὐκ</strong></span> <span class='ocrx_word' id='word_1_122' title='bbox 781 1783 993 1854; x_wconf 78' lang='grc' dir='ltr'>ἀτραχυ</span> <span class='ocrx_word' id='word_1_123' title='bbox 1031 1783 1130 1854; x_wconf 82' lang='grc' dir='ltr'>μὲν</span> <span class='ocrx_word' id='word_1_124' title='bbox 1158 1784 1218 1837; x_wconf 82' lang='grc' dir='ltr'>τὸ</span> <span class='ocrx_word' id='word_1_125' title='bbox 1265 1784 1469 1856; x_wconf 82' lang='grc' dir='ltr'>χρῆμα,</span> <span class='ocrx_word' id='word_1_126' title='bbox 1504 1777 1550 1839; x_wconf 85' lang='grc' dir='ltr'><strong>ῶ</strong></span> <span class='ocrx_word' id='word_1_127' title='bbox 1585 1786 1707 1840; x_wconf 82' lang='grc' dir='ltr'>τᾶν.</span> <span class='ocrx_word' id='word_1_128' title='bbox 1750 1804 1768 1838; x_wconf 79' lang='grc' dir='ltr'><strong>ι</strong></span> <span class='ocrx_word' id='word_1_129' title='bbox 1800 1786 1893 1839; x_wconf 81' lang='grc' dir='ltr'><strong>Δί-</strong></span> 
     </span>
    </p>
   </div>
   <div class='ocr_carea' id='block_1_19' title="bbox 1997 611 3571 684">
    <p class='ocr_par' dir='ltr' id='par_1_19' title="bbox 1997 611 3571 684">
     <span class='ocr_line' id='line_1_19' title="bbox 1997 611 3571 684; baseline 0.004 -20"><span class='ocrx_word' id='word_1_130' title='bbox 1997 618 2054 665; x_wconf 89' lang='lat' dir='ltr'><strong>et</strong></span> <span class='ocrx_word' id='word_1_131' title='bbox 2081 619 2359 676; x_wconf 76' lang='lat' dir='ltr'><strong>accurate,</strong></span> <span class='ocrx_word' id='word_1_132' title='bbox 2394 626 2517 681; x_wconf 69' lang='lat' dir='ltr'><strong>qua:</strong></span> <span class='ocrx_word' id='word_1_133' title='bbox 2542 627 2643 682; x_wconf 88' lang='lat' dir='ltr'><strong>per</strong></span> <span class='ocrx_word' id='word_1_134' title='bbox 2681 611 2884 684; x_wconf 87' lang='lat' dir='ltr'><strong>ﬁguras</strong></span> <span class='ocrx_word' id='word_1_135' title='bbox 2912 613 3114 669; x_wconf 85' lang='lat' dir='ltr'><strong>tradita</strong></span> <span class='ocrx_word' id='word_1_136' title='bbox 3142 624 3293 679; x_wconf 91' lang='lat' dir='ltr'><strong>sunt,</strong></span> <span class='ocrx_word' id='word_1_137' title='bbox 3318 615 3571 671; x_wconf 85' lang='lat' dir='ltr'><strong>animad-</strong></span> 
     </span>
    </p>
   </div>
   <div class='ocr_carea' id='block_1_20' title="bbox 1997 702 3571 778">
    <p class='ocr_par' dir='ltr' id='par_1_20' title="bbox 1997 702 3571 778">
     <span class='ocr_line' id='line_1_20' title="bbox 1997 702 3571 778; baseline 0.004 -22"><span class='ocrx_word' id='word_1_138' title='bbox 1997 710 2295 769; x_wconf 88' lang='lat' dir='ltr'><strong>vertamus,</strong></span> <span class='ocrx_word' id='word_1_139' title='bbox 2330 718 2395 758; x_wconf 92' lang='lat' dir='ltr'><strong>ac</strong></span> <span class='ocrx_word' id='word_1_140' title='bbox 2424 702 2723 775; x_wconf 76' lang='lat' dir='ltr'><strong>diligenter</strong></span> <span class='ocrx_word' id='word_1_141' title='bbox 2773 704 3167 777; x_wconf 89' lang='lat' dir='ltr'><strong>investigemus</strong></span> <span class='ocrx_word' id='word_1_142' title='bbox 3231 706 3405 776; x_wconf 83' lang='lat' dir='ltr'><strong>ipsam</strong></span> <span class='ocrx_word' id='word_1_143' title='bbox 3441 707 3571 778; x_wconf 88' lang='lat' dir='ltr'><strong>pul-</strong></span> 
     </span>
    </p>
   </div>
   <div class='ocr_carea' id='block_1_21' title="bbox 1998 793 3570 855">
    <p class='ocr_par' dir='ltr' id='par_1_21' title="bbox 1998 793 3570 855">
     <span class='ocr_line' id='line_1_21' title="bbox 1998 793 3570 855; baseline 0.006 -9"><span class='ocrx_word' id='word_1_144' title='bbox 1998 793 2374 850; x_wconf 89' lang='lat' dir='ltr'><strong>chritudinem</strong></span> <span class='ocrx_word' id='word_1_145' title='bbox 2399 795 2687 852; x_wconf 84' lang='lat' dir='ltr'><strong>veritatis:</strong></span> <span class='ocrx_word' id='word_1_146' title='bbox 2715 795 2792 852; x_wconf 91' lang='lat' dir='ltr'><strong>ita</strong></span> <span class='ocrx_word' id='word_1_147' title='bbox 2845 798 3068 852; x_wconf 89' lang='lat' dir='ltr'><strong>demum</strong></span> <span class='ocrx_word' id='word_1_148' title='bbox 3119 799 3328 854; x_wconf 84' lang='lat' dir='ltr'><strong>nemini</strong></span> <span class='ocrx_word' id='word_1_149' title='bbox 3366 800 3570 855; x_wconf 91' lang='lat' dir='ltr'><strong>obscu-</strong></span> 
     </span>
    </p>
   </div>
   <div class='ocr_carea' id='block_1_22' title="bbox 1995 888 3391 961">
    <p class='ocr_par' dir='ltr' id='par_1_22' title="bbox 1995 888 3391 961">
     <span class='ocr_line' id='line_1_22' title="bbox 1995 888 3391 961; baseline 0.003 -22"><span class='ocrx_word' id='word_1_150' title='bbox 1995 901 2117 941; x_wconf 84' lang='lat' dir='ltr'><strong>rum</strong></span> <span class='ocrx_word' id='word_1_151' title='bbox 2140 901 2261 941; x_wconf 91' lang='lat' dir='ltr'><strong>esse</strong></span> <span class='ocrx_word' id='word_1_152' title='bbox 2294 888 2619 959; x_wconf 83' lang='lat' dir='ltr'><strong>mysterium</strong></span> <span class='ocrx_word' id='word_1_153' title='bbox 2642 888 2831 955; x_wconf 66' lang='lat' dir='ltr'><strong>cultus~</strong></span> <span class='ocrx_word' id='word_1_154' title='bbox 2853 890 2909 945; x_wconf 91' lang='lat' dir='ltr'><strong>in</strong></span> <span class='ocrx_word' id='word_1_155' title='bbox 2946 891 3144 961; x_wconf 85' lang='lat' dir='ltr'><strong>spiritu</strong></span> <span class='ocrx_word' id='word_1_156' title='bbox 3168 891 3391 961; x_wconf 91' lang='lat' dir='ltr'><strong>poterit.</strong></span> 
     </span>
    </p>
   </div>
   <div class='ocr_carea' id='block_1_23' title="bbox 2064 1064 3571 1140">
    <p class='ocr_par' dir='ltr' id='par_1_23' title="bbox 2064 1064 3571 1140">
     <span class='ocr_line' id='line_1_23' title="bbox 2064 1064 3571 1140; baseline 0.002 -20"><span class='ocrx_word' id='word_1_157' title='bbox 2064 1064 2534 1137; x_wconf 58' lang='lat' dir='ltr'><strong>CYR.,Equidem</strong></span> <span class='ocrx_word' id='word_1_158' title='bbox 2586 1068 2808 1135; x_wconf 88' lang='lat' dir='ltr'><strong>horreo,</strong></span> <span class='ocrx_word' id='word_1_159' title='bbox 2840 1068 3046 1125; x_wconf 85' lang='lat' dir='ltr'><strong>Palladi</strong></span> <span class='ocrx_word' id='word_1_160' title='bbox 3068 1086 3104 1137; x_wconf 29' lang='lat'><strong>;,</strong></span> <span class='ocrx_word' id='word_1_161' title='bbox 3142 1084 3322 1140; x_wconf 91' lang='lat' dir='ltr'><strong>neque</strong></span> <span class='ocrx_word' id='word_1_162' title='bbox 3366 1070 3419 1124; x_wconf 91' lang='lat' dir='ltr'><strong>id</strong></span> <span class='ocrx_word' id='word_1_163' title='bbox 3451 1069 3571 1124; x_wconf 88' lang='lat' dir='ltr'><strong>sine</strong></span> 
     </span>
    </p>
   </div>
   <div class='ocr_carea' id='block_1_24' title="bbox 1997 1160 3568 1231">
    <p class='ocr_par' dir='ltr' id='par_1_24' title="bbox 1997 1160 3568 1231">
     <span class='ocr_line' id='line_1_24' title="bbox 1997 1160 3568 1231; baseline 0.003 -20"><span class='ocrx_word' id='word_1_164' title='bbox 1997 1173 2179 1223; x_wconf 88' lang='lat' dir='ltr'><strong>causa,</strong></span> <span class='ocrx_word' id='word_1_165' title='bbox 2221 1168 2278 1214; x_wconf 86' lang='lat' dir='ltr'><strong>et</strong></span> <span class='ocrx_word' id='word_1_166' title='bbox 2299 1170 2517 1231; x_wconf 80' lang='lat' dir='ltr'><strong>gravate</strong></span> <span class='ocrx_word' id='word_1_167' title='bbox 2560 1160 2857 1217; x_wconf 89' lang='lat' dir='ltr'><strong>admodum</strong></span> <span class='ocrx_word' id='word_1_168' title='bbox 2893 1161 2961 1217; x_wconf 90' lang='lat' dir='ltr'><strong>ad</strong></span> <span class='ocrx_word' id='word_1_169' title='bbox 2993 1162 3098 1217; x_wconf 92' lang='lat' dir='ltr'><strong>hoc</strong></span> <span class='ocrx_word' id='word_1_170' title='bbox 3155 1177 3359 1216; x_wconf 92' lang='lat' dir='ltr'><strong>munus</strong></span> <span class='ocrx_word' id='word_1_171' title='bbox 3411 1176 3568 1216; x_wconf 83' lang='lat' dir='ltr'><strong>acce-</strong></span> 
     </span>
    </p>
   </div>
   <div class='ocr_carea' id='block_1_25' title="bbox 1997 1249 3573 1323">
    <p class='ocr_par' dir='ltr' id='par_1_25' title="bbox 1997 1249 3573 1323">
     <span class='ocr_line' id='line_1_25' title="bbox 1997 1249 3573 1323; baseline 0 -19"><span class='ocrx_word' id='word_1_172' title='bbox 1997 1249 2088 1304; x_wconf 93' lang='lat' dir='ltr'><strong>do.</strong></span> <span class='ocrx_word' id='word_1_173' title='bbox 2123 1249 2328 1305; x_wconf 83' lang='lat' dir='ltr'><strong>llarum</strong></span> <span class='ocrx_word' id='word_1_174' title='bbox 2361 1250 2510 1306; x_wconf 90' lang='lat' dir='ltr'><strong>enim</strong></span> <span class='ocrx_word' id='word_1_175' title='bbox 2531 1268 2717 1306; x_wconf 90' lang='lat' dir='ltr'><strong>rerum</strong></span> <span class='ocrx_word' id='word_1_176' title='bbox 2754 1252 3151 1323; x_wconf 86' lang='lat' dir='ltr'><strong>contemplatio</strong></span> <span class='ocrx_word' id='word_1_177' title='bbox 3181 1252 3256 1308; x_wconf 79' lang='lat' dir='ltr'><strong>ita</strong></span> <span class='ocrx_word' id='word_1_178' title='bbox 3287 1251 3458 1306; x_wconf 89' lang='lat' dir='ltr'><strong>ardua</strong></span> <span class='ocrx_word' id='word_1_179' title='bbox 3489 1261 3573 1305; x_wconf 88' lang='lat' dir='ltr'><strong>est</strong></span> 
     </span>
    </p>
   </div>
   <div class='ocr_carea' id='block_1_26' title="bbox 1995 1342 3570 1414">
    <p class='ocr_par' dir='ltr' id='par_1_26' title="bbox 1995 1342 3570 1414">
     <span class='ocr_line' id='line_1_26' title="bbox 1995 1342 3570 1414; baseline 0.001 -19"><span class='ocrx_word' id='word_1_180' title='bbox 1995 1350 2159 1411; x_wconf 90' lang='lat' dir='ltr'><strong>atque</strong></span> <span class='ocrx_word' id='word_1_181' title='bbox 2222 1342 2496 1409; x_wconf 88' lang='lat' dir='ltr'><strong>sublimis,</strong></span> <span class='ocrx_word' id='word_1_182' title='bbox 2529 1353 2590 1398; x_wconf 91' lang='lat' dir='ltr'><strong>ut</strong></span> <span class='ocrx_word' id='word_1_183' title='bbox 2622 1343 2865 1403; x_wconf 85' lang='lat' dir='ltr'><strong>humano</strong></span> <span class='ocrx_word' id='word_1_184' title='bbox 2911 1344 3193 1405; x_wconf 85' lang='lat' dir='ltr'><strong>intellectu</strong></span> <span class='ocrx_word' id='word_1_185' title='bbox 3240 1344 3332 1398; x_wconf 83' lang='lat' dir='ltr'><strong>vix</strong></span> <span class='ocrx_word' id='word_1_186' title='bbox 3361 1343 3570 1414; x_wconf 90' lang='lat' dir='ltr'><strong>percipi</strong></span> 
     </span>
    </p>
   </div>
   <div class='ocr_carea' id='block_1_27' title="bbox 1996 1434 3572 1505">
    <p class='ocr_par' dir='ltr' id='par_1_27' title="bbox 1996 1434 3572 1505">
     <span class='ocr_line' id='line_1_27' title="bbox 1996 1434 3572 1505; baseline 0.002 -19"><span class='ocrx_word' id='word_1_187' title='bbox 1996 1440 2197 1502; x_wconf 88' lang='lat' dir='ltr'><strong>queat:</strong></span> <span class='ocrx_word' id='word_1_188' title='bbox 2226 1450 2291 1489; x_wconf 90' lang='lat' dir='ltr'><strong>ac</strong></span> <span class='ocrx_word' id='word_1_189' title='bbox 2317 1434 2363 1488; x_wconf 90' lang='lat' dir='ltr'><strong>si</strong></span> <span class='ocrx_word' id='word_1_190' title='bbox 2392 1434 2518 1504; x_wconf 90' lang='lat' dir='ltr'><strong>quis</strong></span> <span class='ocrx_word' id='word_1_191' title='bbox 2540 1434 2885 1491; x_wconf 87' lang='lat' dir='ltr'><strong>altitudinem</strong></span> <span class='ocrx_word' id='word_1_192' title='bbox 2928 1435 3459 1505; x_wconf 88' lang='lat' dir='ltr'><strong>eontemplationum</strong></span> <span class='ocrx_word' id='word_1_193' title='bbox 3475 1452 3572 1489; x_wconf 87' lang='lat' dir='ltr'><strong>ea-</strong></span> 
     </span>
    </p>
   </div>
   <div class='ocr_carea' id='block_1_28' title="bbox 1996 1525 3571 1601">
    <p class='ocr_par' dir='ltr' id='par_1_28' title="bbox 1996 1525 3571 1601">
     <span class='ocr_line' id='line_1_28' title="bbox 1996 1525 3571 1601; baseline 0.003 -22"><span class='ocrx_word' id='word_1_194' title='bbox 1996 1541 2119 1580; x_wconf 91' lang='lat' dir='ltr'><strong>rum</strong></span> <span class='ocrx_word' id='word_1_195' title='bbox 2172 1542 2294 1597; x_wconf 76' lang='lat' dir='ltr'><strong>qua:</strong></span> <span class='ocrx_word' id='word_1_196' title='bbox 2321 1527 2498 1584; x_wconf 86' lang='lat' dir='ltr'><strong>latent</strong></span> <span class='ocrx_word' id='word_1_197' title='bbox 2538 1528 2596 1582; x_wconf 89' lang='lat' dir='ltr'><strong>in</strong></span> <span class='ocrx_word' id='word_1_198' title='bbox 2645 1529 2786 1599; x_wconf 83' lang='lat' dir='ltr'><strong>lege,</strong></span> <span class='ocrx_word' id='word_1_199' title='bbox 2823 1527 3150 1601; x_wconf 77' lang='lat' dir='ltr'><strong>spectaverit</strong></span> <span class='ocrx_word' id='word_1_200' title='bbox 3191 1543 3301 1581; x_wconf 90' lang='lat' dir='ltr'><strong>non</strong></span> <span class='ocrx_word' id='word_1_201' title='bbox 3333 1525 3571 1583; x_wconf 84' lang='lat' dir='ltr'><strong>absurde</strong></span> 
     </span>
    </p>
   </div>
   <div class='ocr_carea' id='block_1_29' title="bbox 1995 1617 3572 1691">
    <p class='ocr_par' dir='ltr' id='par_1_29' title="bbox 1995 1617 3572 1691">
     <span class='ocr_line' id='line_1_29' title="bbox 1995 1617 3572 1691; baseline 0.002 -22"><span class='ocrx_word' id='word_1_202' title='bbox 1995 1617 2162 1672; x_wconf 89' lang='lat' dir='ltr'><strong>verba</strong></span> <span class='ocrx_word' id='word_1_203' title='bbox 2196 1618 2287 1673; x_wconf 89' lang='lat' dir='ltr'><strong>illa</strong></span> <span class='ocrx_word' id='word_1_204' title='bbox 2315 1635 2586 1691; x_wconf 91' lang='lat' dir='ltr'><strong>usurpare</strong></span> <span class='ocrx_word' id='word_1_205' title='bbox 2613 1618 2817 1691; x_wconf 90' lang='lat' dir='ltr'><strong>poterit</strong></span> <span class='ocrx_word' id='word_1_206' title='bbox 2845 1638 2857 1672; x_wconf 91' lang='lat'>:</span> <span class='ocrx_word' id='word_1_207' title='bbox 2899 1639 2917 1670; x_wconf 77' lang='grc' dir='ltr'><strong>ι</strong></span> <span class='ocrx_word' id='word_1_208' title='bbox 2946 1618 3083 1686; x_wconf 84' lang='lat' dir='ltr'><strong>Quis</strong></span> <span class='ocrx_word' id='word_1_209' title='bbox 3112 1617 3352 1689; x_wconf 88' lang='lat' dir='ltr'><strong>sapiens,</strong></span> <span class='ocrx_word' id='word_1_210' title='bbox 3379 1626 3437 1674; x_wconf 89' lang='lat' dir='ltr'><strong>et</strong></span> <span class='ocrx_word' id='word_1_211' title='bbox 3485 1618 3572 1672; x_wconf 82' lang='lat' dir='ltr'><strong>in-</strong></span> 
     </span>
    </p>
   </div>
   <div class='ocr_carea' id='block_1_30' title="bbox 1998 1710 3458 1783">
    <p class='ocr_par' dir='ltr' id='par_1_30' title="bbox 1998 1710 3458 1783">
     <span class='ocr_line' id='line_1_30' title="bbox 1998 1710 3458 1783; baseline -0.001 -20"><span class='ocrx_word' id='word_1_212' title='bbox 1998 1710 2205 1781; x_wconf 89' lang='lat' dir='ltr'><strong>telliget</strong></span> <span class='ocrx_word' id='word_1_213' title='bbox 2238 1710 2395 1766; x_wconf 63' lang='lat' dir='ltr'><strong>haec?</strong></span> <span class='ocrx_word' id='word_1_214' title='bbox 2415 1719 2472 1767; x_wconf 92' lang='lat' dir='ltr'><strong>et</strong></span> <span class='ocrx_word' id='word_1_215' title='bbox 2493 1712 2758 1783; x_wconf 86' lang='lat' dir='ltr'><strong>prudens,</strong></span> <span class='ocrx_word' id='word_1_216' title='bbox 2788 1718 2846 1766; x_wconf 91' lang='lat' dir='ltr'><strong>et</strong></span> <span class='ocrx_word' id='word_1_217' title='bbox 2865 1718 3161 1783; x_wconf 79' lang='lat' dir='ltr'><strong>cognoscet</strong></span> <span class='ocrx_word' id='word_1_218' title='bbox 3186 1710 3304 1781; x_wconf 90' lang='lat' dir='ltr'><strong>ipsa</strong></span> <span class='ocrx_word' id='word_1_219' title='bbox 3325 1711 3370 1742; x_wconf 80' lang='lat'>&quot;</span> <span class='ocrx_word' id='word_1_220' title='bbox 3394 1710 3418 1763; x_wconf 71' lang='grc' dir='ltr'>τ</span> <span class='ocrx_word' id='word_1_221' title='bbox 3440 1729 3458 1760; x_wconf 76' lang='grc' dir='ltr'><strong>ι</strong></span> 
     </span>
    </p>
   </div>
   <div class='ocr_carea' id='block_1_31' title="bbox 2066 1800 3571 1874">
    <p class='ocr_par' dir='ltr' id='par_1_31' title="bbox 2066 1800 3571 1874">
     <span class='ocr_line' id='line_1_31' title="bbox 2066 1800 3571 1874; baseline -0.001 -17"><span class='ocrx_word' id='word_1_222' title='bbox 2066 1801 2266 1857; x_wconf 80' lang='lat' dir='ltr'><strong>PALL.</strong></span> <span class='ocrx_word' id='word_1_223' title='bbox 2297 1801 2551 1873; x_wconf 81' lang='lat' dir='ltr'><strong>Magnum</strong></span> <span class='ocrx_word' id='word_1_224' title='bbox 2600 1818 2742 1874; x_wconf 84' lang='lat' dir='ltr'><strong>Opus</strong></span> <span class='ocrx_word' id='word_1_225' title='bbox 2764 1809 2822 1859; x_wconf 90' lang='lat' dir='ltr'><strong>et</strong></span> <span class='ocrx_word' id='word_1_226' title='bbox 2869 1802 3127 1867; x_wconf 90' lang='lat' dir='ltr'><strong>arduum,</strong></span> <span class='ocrx_word' id='word_1_227' title='bbox 3180 1800 3403 1872; x_wconf 86' lang='lat' dir='ltr'><strong>Cyrille.</strong></span> <span class='ocrx_word' id='word_1_228' title='bbox 3463 1801 3571 1856; x_wconf 88' lang='lat' dir='ltr'><strong>Sed</strong></span> 
     </span>
    </p>
   </div>
   <div class='ocr_carea' id='block_1_32' title="bbox 309 1874 1898 1965">
    <p class='ocr_par' dir='ltr' id='par_1_32' title="bbox 309 1874 1894 1950">
     <span class='ocr_line' id='line_1_32' title="bbox 309 1874 1894 1950; baseline 0.004 -23"><span class='ocrx_word' id='word_1_229' title='bbox 309 1876 455 1928; x_wconf 84' lang='grc' dir='ltr'>τεῖτε</span> <span class='ocrx_word' id='word_1_230' title='bbox 491 1893 508 1925; x_wconf 79' lang='grc' dir='ltr'><strong>ι</strong></span> <span class='ocrx_word' id='word_1_231' title='bbox 559 1874 615 1928; x_wconf 76' lang='grc' dir='ltr'>δὲ</span> <span class='ocrx_word' id='word_1_232' title='bbox 650 1876 819 1947; x_wconf 82' lang='grc' dir='ltr'>ὅμως,</span> <span class='ocrx_word' id='word_1_233' title='bbox 852 1878 1017 1948; x_wconf 79' lang='grc' dir='ltr'>φησὶν</span> <span class='ocrx_word' id='word_1_234' title='bbox 1056 1876 1085 1930; x_wconf 99' lang='lat'><strong>6</strong></span> <span class='ocrx_word' id='word_1_235' title='bbox 1134 1876 1389 1949; x_wconf 79' lang='grc' dir='ltr'>Χριστὸς,</span> <span class='ocrx_word' id='word_1_236' title='bbox 1428 1895 1447 1929; x_wconf 80' lang='grc' dir='ltr'><strong>ι</strong></span> <span class='ocrx_word' id='word_1_237' title='bbox 1485 1878 1579 1931; x_wconf 79' lang='grc' dir='ltr'>καὶ</span> <span class='ocrx_word' id='word_1_238' title='bbox 1607 1876 1894 1950; x_wconf 82' lang='grc' dir='ltr'><strong>δοθήσεται</strong></span> 
     </span>
    </p>
   </div>
   <div class='ocr_carea' id='block_1_33' title="bbox 2001 1874 3572 1965">
    <p class='ocr_par' dir='ltr' id='par_1_33' title="bbox 2003 1892 3572 1965">
     <span class='ocr_line' id='line_1_33' title="bbox 2003 1892 3572 1965; baseline 0.003 -20"><span class='ocrx_word' id='word_1_239' title='bbox 2003 1913 2021 1945; x_wconf 75' lang='grc' dir='ltr'><strong>ι</strong></span> <span class='ocrx_word' id='word_1_240' title='bbox 2046 1893 2246 1965; x_wconf 89' lang='lat' dir='ltr'><strong>petite,</strong></span> <span class='ocrx_word' id='word_1_241' title='bbox 2275 1912 2294 1946; x_wconf 71' lang='grc' dir='ltr'><strong>ι</strong></span> <span class='ocrx_word' id='word_1_242' title='bbox 2315 1893 2495 1965; x_wconf 87' lang='lat' dir='ltr'><strong>inquit</strong></span> <span class='ocrx_word' id='word_1_243' title='bbox 2516 1893 2790 1960; x_wconf 89' lang='lat' dir='ltr'><strong>Christus,</strong></span> <span class='ocrx_word' id='word_1_244' title='bbox 2826 1913 2844 1946; x_wconf 76' lang='grc' dir='ltr'><strong>ι</strong></span> <span class='ocrx_word' id='word_1_245' title='bbox 2870 1900 2927 1949; x_wconf 90' lang='lat' dir='ltr'><strong>et</strong></span> <span class='ocrx_word' id='word_1_246' title='bbox 2948 1893 3169 1949; x_wconf 90' lang='lat' dir='ltr'><strong>dabitur</strong></span> <span class='ocrx_word' id='word_1_247' title='bbox 3188 1892 3384 1959; x_wconf 87' lang='lat' dir='ltr'><strong>vobis;</strong></span> <span class='ocrx_word' id='word_1_248' title='bbox 3420 1907 3572 1963; x_wconf 73' lang='lat' dir='ltr'><strong>qua:-</strong></span> 
     </span>
    </p>
   </div>
   <div class='ocr_carea' id='block_1_34' title="bbox 312 1963 1891 2045">
    <p class='ocr_par' dir='ltr' id='par_1_34' title="bbox 312 1963 1891 2045">
     <span class='ocr_line' id='line_1_34' title="bbox 312 1963 1891 2045; baseline 0.003 -26"><span class='ocrx_word' id='word_1_249' title='bbox 312 1967 480 2037; x_wconf 85' lang='grc' dir='ltr'>ύμῖν·</span> <span class='ocrx_word' id='word_1_250' title='bbox 511 1963 725 2039; x_wconf 79' lang='grc' dir='ltr'>ζητεῖτε</span> <span class='ocrx_word' id='word_1_251' title='bbox 753 1967 848 2021; x_wconf 78' lang='grc' dir='ltr'>καὶ</span> <span class='ocrx_word' id='word_1_252' title='bbox 887 1968 1176 2041; x_wconf 83' lang='grc' dir='ltr'>εὑρήσετε,</span> <span class='ocrx_word' id='word_1_253' title='bbox 1224 1968 1451 2041; x_wconf 79' lang='grc' dir='ltr'><strong>κρούετε</strong></span> <span class='ocrx_word' id='word_1_254' title='bbox 1482 1968 1577 2023; x_wconf 76' lang='grc' dir='ltr'>καὶ</span> <span class='ocrx_word' id='word_1_255' title='bbox 1610 1970 1891 2045; x_wconf 81' lang='grc' dir='ltr'>ἀνοιγήσε-</span> 
     </span>
    </p>
   </div>
   <div class='ocr_carea' id='block_1_35' title="bbox 310 2059 631 2129">
    <p class='ocr_par' dir='ltr' id='par_1_35' title="bbox 310 2059 631 2129">
     <span class='ocr_line' id='line_1_35' title="bbox 310 2059 631 2129; baseline 0.003 -18"><span class='ocrx_word' id='word_1_256' title='bbox 310 2075 405 2112; x_wconf 88' lang='grc' dir='ltr'><strong>ται</strong></span> <span class='ocrx_word' id='word_1_257' title='bbox 430 2059 574 2129; x_wconf 85' lang='grc' dir='ltr'>ύμῖν.</span> <span class='ocrx_word' id='word_1_258' title='bbox 611 2078 631 2112; x_wconf 76' lang='grc' dir='ltr'><strong>ι</strong></span> 
     </span>
    </p>
   </div>
   <div class='ocr_carea' id='block_1_36' title="bbox 386 2146 1895 2228">
    <p class='ocr_par' dir='ltr' id='par_1_36' title="bbox 386 2146 1895 2228">
     <span class='ocr_line' id='line_1_36' title="bbox 386 2146 1895 2228; baseline 0.002 -23"><span class='ocrx_word' id='word_1_259' title='bbox 386 2150 551 2205; x_wconf 76' lang='grc' dir='ltr'><strong>ΚΥΡ.</strong></span> <span class='ocrx_word' id='word_1_260' title='bbox 599 2150 760 2207; x_wconf 85' lang='grc' dir='ltr'>Ὶτέον</span> <span class='ocrx_word' id='word_1_261' title='bbox 789 2151 856 2224; x_wconf 82' lang='grc' dir='ltr'>δὴ</span> <span class='ocrx_word' id='word_1_262' title='bbox 900 2146 995 2207; x_wconf 82' lang='grc' dir='ltr'><strong>οὗν</strong></span> <span class='ocrx_word' id='word_1_263' title='bbox 1028 2152 1122 2210; x_wconf 71' lang='grc' dir='ltr'><strong>ἐπὶ</strong></span> <span class='ocrx_word' id='word_1_264' title='bbox 1151 2152 1211 2207; x_wconf 83' lang='grc' dir='ltr'><strong>τὺ</strong></span> <span class='ocrx_word' id='word_1_265' title='bbox 1239 2153 1437 2226; x_wconf 82' lang='grc' dir='ltr'>χρῆναι</span> <span class='ocrx_word' id='word_1_266' title='bbox 1482 2154 1812 2228; x_wconf 80' lang='grc' dir='ltr'>φιλοθηρεῖν.</span> <span class='ocrx_word' id='word_1_267' title='bbox 1833 2154 1895 2208; x_wconf 82' lang='grc' dir='ltr'>τὸ</span> 
     </span>
    </p>
   </div>
   <div class='ocr_carea' id='block_1_37' title="bbox 312 2240 1894 2321">
    <p class='ocr_par' dir='ltr' id='par_1_37' title="bbox 312 2240 1894 2321">
     <span class='ocr_line' id='line_1_37' title="bbox 312 2240 1894 2321; baseline 0.001 -26"><span class='ocrx_word' id='word_1_268' title='bbox 312 2240 506 2296; x_wconf 84' lang='grc' dir='ltr'>τελοῦν</span> <span class='ocrx_word' id='word_1_269' title='bbox 532 2244 615 2307; x_wconf 84' lang='grc' dir='ltr'><strong>εἰς</strong></span> <span class='ocrx_word' id='word_1_270' title='bbox 639 2242 825 2313; x_wconf 83' lang='grc' dir='ltr'>δνησιν</span> <span class='ocrx_word' id='word_1_271' title='bbox 848 2257 862 2271; x_wconf 79' lang='grc'><strong><em>⁸</em></strong></span> <span class='ocrx_word' id='word_1_272' title='bbox 894 2242 991 2297; x_wconf 77' lang='grc' dir='ltr'>καὶ</span> <span class='ocrx_word' id='word_1_273' title='bbox 1032 2243 1117 2321; x_wconf 29' lang='grc' dir='ltr'><strong>δή,</strong></span> <span class='ocrx_word' id='word_1_274' title='bbox 1132 2243 1228 2299; x_wconf 81' lang='grc' dir='ltr'>καὶ</span> <span class='ocrx_word' id='word_1_275' title='bbox 1262 2245 1542 2318; x_wconf 75' lang='grc' dir='ltr'>ἱκετηρίαν</span> <span class='ocrx_word' id='word_1_276' title='bbox 1570 2245 1894 2316; x_wconf 84' lang='grc' dir='ltr'>προανατεί-</span> 
     </span>
    </p>
   </div>
   <div class='ocr_carea' id='block_1_38' title="bbox 315 2333 1894 2410">
    <p class='ocr_par' dir='ltr' id='par_1_38' title="bbox 315 2333 1894 2410">
     <span class='ocr_line' id='line_1_38' title="bbox 315 2333 1894 2410; baseline 0.002 -22"><span class='ocrx_word' id='word_1_277' title='bbox 315 2352 498 2406; x_wconf 85' lang='grc' dir='ltr'>νωμεν</span> <span class='ocrx_word' id='word_1_278' title='bbox 520 2333 773 2404; x_wconf 79' lang='grc' dir='ltr'>λέγοντες</span> <span class='ocrx_word' id='word_1_279' title='bbox 792 2352 805 2366; x_wconf 83' lang='lat'><strong><em>°</em></strong></span> <span class='ocrx_word' id='word_1_280' title='bbox 836 2354 857 2389; x_wconf 79' lang='grc' dir='ltr'><strong>ι</strong></span> <span class='ocrx_word' id='word_1_281' title='bbox 902 2336 1279 2407; x_wconf 76' lang='grc' dir='ltr'>Ἀποκάλυψον</span> <span class='ocrx_word' id='word_1_282' title='bbox 1299 2338 1422 2401; x_wconf 78' lang='grc' dir='ltr'>τοὺς</span> <span class='ocrx_word' id='word_1_283' title='bbox 1437 2336 1750 2409; x_wconf 85' lang='grc' dir='ltr'>ὀφθαλμούς</span> <span class='ocrx_word' id='word_1_284' title='bbox 1769 2354 1894 2410; x_wconf 86' lang='grc' dir='ltr'>μου,</span> 
     </span>
    </p>
   </div>
   <div class='ocr_carea' id='block_1_39' title="bbox 317 2426 1889 2502">
    <p class='ocr_par' dir='ltr' id='par_1_39' title="bbox 317 2426 1889 2502">
     <span class='ocr_line' id='line_1_39' title="bbox 317 2426 1889 2502; baseline 0.002 -22"><span class='ocrx_word' id='word_1_285' title='bbox 317 2427 415 2480; x_wconf 73' lang='grc' dir='ltr'>καὶ</span> <span class='ocrx_word' id='word_1_286' title='bbox 445 2428 768 2499; x_wconf 84' lang='grc' dir='ltr'>κατανοήσω</span> <span class='ocrx_word' id='word_1_287' title='bbox 796 2426 867 2482; x_wconf 90' lang='grc' dir='ltr'><strong>τά</strong></span> <span class='ocrx_word' id='word_1_288' title='bbox 891 2427 1174 2501; x_wconf 87' lang='grc' dir='ltr'>θαυμάσιά</span> <span class='ocrx_word' id='word_1_289' title='bbox 1198 2446 1292 2482; x_wconf 92' lang='grc' dir='ltr'><strong>σου</strong></span> <span class='ocrx_word' id='word_1_290' title='bbox 1327 2431 1392 2483; x_wconf 83' lang='grc' dir='ltr'>ὲκ</span> <span class='ocrx_word' id='word_1_291' title='bbox 1414 2428 1508 2484; x_wconf 82' lang='grc' dir='ltr'><strong>τοῦ</strong></span> <span class='ocrx_word' id='word_1_292' title='bbox 1540 2429 1706 2502; x_wconf 88' lang='grc' dir='ltr'>νόμου</span> <span class='ocrx_word' id='word_1_293' title='bbox 1731 2447 1847 2484; x_wconf 92' lang='grc' dir='ltr'>σου.</span> <span class='ocrx_word' id='word_1_294' title='bbox 1870 2450 1889 2483; x_wconf 77' lang='grc' dir='ltr'><strong>ι</strong></span> 
     </span>
    </p>
   </div>
   <div class='ocr_carea' id='block_1_40' title="bbox 314 2518 1897 2593">
    <p class='ocr_par' dir='ltr' id='par_1_40' title="bbox 314 2518 1897 2593">
     <span class='ocr_line' id='line_1_40' title="bbox 314 2518 1897 2593; baseline 0.002 -23"><span class='ocrx_word' id='word_1_295' title='bbox 314 2520 411 2571; x_wconf 85' lang='grc' dir='ltr'><strong>Δεῖ</strong></span> <span class='ocrx_word' id='word_1_296' title='bbox 432 2518 487 2572; x_wconf 90' lang='grc' dir='ltr'>δὲ</span> <span class='ocrx_word' id='word_1_297' title='bbox 524 2520 697 2591; x_wconf 78' lang='grc' dir='ltr'>ἡμᾶς,</span> <span class='ocrx_word' id='word_1_298' title='bbox 730 2519 807 2584; x_wconf 86' lang='grc' dir='ltr'><strong>ῶς</strong></span> <span class='ocrx_word' id='word_1_299' title='bbox 833 2520 1000 2589; x_wconf 76' lang='grc' dir='ltr'>ἔοικε,</span> <span class='ocrx_word' id='word_1_300' title='bbox 1032 2520 1140 2592; x_wconf 87' lang='grc' dir='ltr'><strong>πρό</strong></span> <span class='ocrx_word' id='word_1_301' title='bbox 1162 2538 1227 2590; x_wconf 90' lang='grc' dir='ltr'><strong>γε</strong></span> <span class='ocrx_word' id='word_1_302' title='bbox 1254 2520 1363 2575; x_wconf 90' lang='grc' dir='ltr'><strong>τῶν</strong></span> <span class='ocrx_word' id='word_1_303' title='bbox 1384 2520 1560 2577; x_wconf 80' lang='grc' dir='ltr'>ἀλλων</span> <span class='ocrx_word' id='word_1_304' title='bbox 1586 2522 1781 2587; x_wconf 89' lang='grc' dir='ltr'>εἰπεῖν,</span> <span class='ocrx_word' id='word_1_305' title='bbox 1796 2522 1897 2593; x_wconf 92' lang='grc' dir='ltr'><strong>τήν</strong></span> 
     </span>
    </p>
   </div>
   <div class='ocr_carea' id='block_1_41' title="bbox 314 2609 1897 2683">
    <p class='ocr_par' dir='ltr' id='par_1_41' title="bbox 314 2609 1897 2683">
     <span class='ocr_line' id='line_1_41' title="bbox 314 2609 1897 2683; baseline 0.001 -22"><span class='ocrx_word' id='word_1_306' title='bbox 314 2626 376 2662; x_wconf 88' lang='grc' dir='ltr'><strong>τε</strong></span> <span class='ocrx_word' id='word_1_307' title='bbox 401 2611 483 2673; x_wconf 81' lang='grc' dir='ltr'><strong>εἰς</strong></span> <span class='ocrx_word' id='word_1_308' title='bbox 499 2609 815 2681; x_wconf 74' lang='grc' dir='ltr'>φαυλότητα</span> <span class='ocrx_word' id='word_1_309' title='bbox 829 2609 924 2664; x_wconf 90' lang='grc' dir='ltr'><strong>τοῦ</strong></span> <span class='ocrx_word' id='word_1_310' title='bbox 941 2609 1229 2682; x_wconf 89' lang='grc' dir='ltr'>ἀνθρώπου</span> <span class='ocrx_word' id='word_1_311' title='bbox 1252 2627 1328 2665; x_wconf 87' lang='grc' dir='ltr'><strong>πα</strong></span> <span class='ocrx_word' id='word_1_312' title='bbox 1337 2610 1635 2683; x_wconf 84' lang='grc' dir='ltr'>ρατροπὴν,</span> <span class='ocrx_word' id='word_1_313' title='bbox 1654 2610 1897 2674; x_wconf 79' lang='grc' dir='ltr'>δουλείας</span> 
     </span>
    </p>
   </div>
   <div class='ocr_carea' id='block_1_42' title="bbox 314 2701 1895 2779">
    <p class='ocr_par' dir='ltr' id='par_1_42' title="bbox 314 2701 1895 2779">
     <span class='ocr_line' id='line_1_42' title="bbox 314 2701 1895 2779; baseline 0.002 -26"><span class='ocrx_word' id='word_1_314' title='bbox 314 2718 377 2754; x_wconf 89' lang='grc' dir='ltr'><strong>τε</strong></span> <span class='ocrx_word' id='word_1_315' title='bbox 408 2701 554 2772; x_wconf 82' lang='grc' dir='ltr'>πέρι,</span> <span class='ocrx_word' id='word_1_316' title='bbox 583 2702 678 2756; x_wconf 78' lang='grc' dir='ltr'>καὶ</span> <span class='ocrx_word' id='word_1_317' title='bbox 700 2701 1079 2773; x_wconf 82' lang='grc' dir='ltr'>αἰχμαλωσίας</span> <span class='ocrx_word' id='word_1_318' title='bbox 1098 2702 1198 2773; x_wconf 85' lang='grc' dir='ltr'>τῆς</span> <span class='ocrx_word' id='word_1_319' title='bbox 1224 2701 1329 2756; x_wconf 79' lang='grc' dir='ltr'><strong>ὑπὸ</strong></span> <span class='ocrx_word' id='word_1_320' title='bbox 1347 2702 1426 2774; x_wconf 82' lang='grc' dir='ltr'>τῷ</span> <span class='ocrx_word' id='word_1_321' title='bbox 1444 2703 1663 2757; x_wconf 86' lang='grc' dir='ltr'>πάντων</span> <span class='ocrx_word' id='word_1_322' title='bbox 1691 2701 1895 2779; x_wconf 74' lang='grc' dir='ltr'>ἐχθρῷ,</span> 
     </span>
    </p>
   </div>
   <div class='ocr_carea' id='block_1_43' title="bbox 316 2792 1895 2869">
    <p class='ocr_par' dir='ltr' id='par_1_43' title="bbox 316 2792 1895 2869">
     <span class='ocr_line' id='line_1_43' title="bbox 316 2792 1895 2869; baseline 0.001 -24"><span class='ocrx_word' id='word_1_323' title='bbox 316 2793 465 2857; x_wconf 84' lang='grc' dir='ltr'>ὅπως</span> <span class='ocrx_word' id='word_1_324' title='bbox 499 2810 559 2846; x_wconf 86' lang='grc' dir='ltr'><strong>τε</strong></span> <span class='ocrx_word' id='word_1_325' title='bbox 605 2794 701 2848; x_wconf 80' lang='grc' dir='ltr'>καὶ</span> <span class='ocrx_word' id='word_1_326' title='bbox 728 2794 849 2847; x_wconf 90' lang='grc' dir='ltr'>τίνα</span> <span class='ocrx_word' id='word_1_327' title='bbox 892 2792 1094 2865; x_wconf 80' lang='grc' dir='ltr'>τρόπον</span> <span class='ocrx_word' id='word_1_328' title='bbox 1141 2794 1301 2848; x_wconf 84' lang='grc' dir='ltr'>ταυτί</span> <span class='ocrx_word' id='word_1_329' title='bbox 1335 2793 1463 2865; x_wconf 80' lang='grc' dir='ltr'>παρ’</span> <span class='ocrx_word' id='word_1_330' title='bbox 1507 2793 1668 2869; x_wconf 83' lang='grc' dir='ltr'>ήμῶν</span> <span class='ocrx_word' id='word_1_331' title='bbox 1706 2794 1803 2848; x_wconf 82' lang='grc' dir='ltr'>καὶ</span> <span class='ocrx_word' id='word_1_332' title='bbox 1837 2795 1895 2847; x_wconf 79' lang='grc' dir='ltr'>ὲν</span> 
     </span>
    </p>
   </div>
   <div class='ocr_carea' id='block_1_44' title="bbox 316 2884 1895 2958">
    <p class='ocr_par' dir='ltr' id='par_1_44' title="bbox 316 2884 1895 2958">
     <span class='ocr_line' id='line_1_44' title="bbox 316 2884 1895 2958; baseline 0 -19"><span class='ocrx_word' id='word_1_333' title='bbox 316 2887 448 2956; x_wconf 86' lang='grc' dir='ltr'>ήμῖν</span> <span class='ocrx_word' id='word_1_334' title='bbox 490 2885 877 2958; x_wconf 79' lang='grc' dir='ltr'>ὲκπράττεται.</span> <span class='ocrx_word' id='word_1_335' title='bbox 930 2888 1333 2958; x_wconf 86' lang='grc' dir='ltr'>Προσεπειπεῖν</span> <span class='ocrx_word' id='word_1_336' title='bbox 1382 2886 1438 2938; x_wconf 84' lang='grc' dir='ltr'>δὲ</span> <span class='ocrx_word' id='word_1_337' title='bbox 1483 2886 1548 2957; x_wconf 74' lang='grc' dir='ltr'><strong>δή</strong></span> <span class='ocrx_word' id='word_1_338' title='bbox 1600 2884 1764 2953; x_wconf 76' lang='grc' dir='ltr'>οὕτω,</span> <span class='ocrx_word' id='word_1_339' title='bbox 1796 2887 1895 2940; x_wconf 73' lang='grc' dir='ltr'>καὶ</span> 
     </span>
    </p>
   </div>
   <div class='ocr_carea' id='block_1_45' title="bbox 316 2977 1898 3050">
    <p class='ocr_par' dir='ltr' id='par_1_45' title="bbox 316 2977 1898 3050">
     <span class='ocr_line' id='line_1_45' title="bbox 316 2977 1898 3050; baseline 0.002 -19"><span class='ocrx_word' id='word_1_340' title='bbox 316 2977 439 3032; x_wconf 89' lang='grc' dir='ltr'>τίνα</span> <span class='ocrx_word' id='word_1_341' title='bbox 461 2980 566 3050; x_wconf 85' lang='grc' dir='ltr'>χρὴ</span> <span class='ocrx_word' id='word_1_342' title='bbox 589 2978 792 3049; x_wconf 79' lang='grc' dir='ltr'>τρόπον</span> <span class='ocrx_word' id='word_1_343' title='bbox 805 2978 1090 3034; x_wconf 80' lang='grc' dir='ltr'>ἀπονεύειν</span> <span class='ocrx_word' id='word_1_344' title='bbox 1101 2979 1194 3033; x_wconf 91' lang='grc' dir='ltr'><strong>τοῦ</strong></span> <span class='ocrx_word' id='word_1_345' title='bbox 1217 2978 1411 3045; x_wconf 86' lang='grc' dir='ltr'>κακοῦ,</span> <span class='ocrx_word' id='word_1_346' title='bbox 1437 2979 1530 3033; x_wconf 79' lang='grc' dir='ltr'>καὶ</span> <span class='ocrx_word' id='word_1_347' title='bbox 1542 2980 1898 3034; x_wconf 82' lang='grc' dir='ltr'>ἀποσείεσθαι</span> 
     </span>
    </p>
   </div>
   <div class='ocr_carea' id='block_1_46' title="bbox 322 3068 1897 3144">
    <p class='ocr_par' dir='ltr' id='par_1_46' title="bbox 322 3068 1897 3144">
     <span class='ocr_line' id='line_1_46' title="bbox 322 3068 1897 3144; baseline 0.001 -22"><span class='ocrx_word' id='word_1_348' title='bbox 322 3068 422 3138; x_wconf 78' lang='grc' dir='ltr'>μὲν</span> <span class='ocrx_word' id='word_1_349' title='bbox 445 3069 547 3140; x_wconf 83' lang='grc' dir='ltr'>τῆς</span> <span class='ocrx_word' id='word_1_350' title='bbox 578 3069 668 3123; x_wconf 67' lang='grc' dir='ltr'><strong>ἐπ’</strong></span> <span class='ocrx_word' id='word_1_351' title='bbox 697 3069 890 3141; x_wconf 77' lang='grc' dir='ltr'>ἐκείνῳ</span> <span class='ocrx_word' id='word_1_352' title='bbox 932 3068 1178 3133; x_wconf 72' lang='grc' dir='ltr'>δουλείας</span> <span class='ocrx_word' id='word_1_353' title='bbox 1198 3068 1291 3123; x_wconf 80' lang='grc' dir='ltr'><strong>τὸν</strong></span> <span class='ocrx_word' id='word_1_354' title='bbox 1318 3068 1502 3139; x_wconf 79' lang='grc' dir='ltr'>ζυγὸν,</span> <span class='ocrx_word' id='word_1_355' title='bbox 1525 3069 1897 3144; x_wconf 83' lang='grc' dir='ltr'>ἀναθρώσκειν</span> 
     </span>
    </p>
   </div>
   <div class='ocr_carea' id='block_1_47' title="bbox 318 3152 1894 3232">
    <p class='ocr_par' dir='ltr' id='par_1_47' title="bbox 318 3152 1894 3232">
     <span class='ocr_line' id='line_1_47' title="bbox 318 3152 1894 3232; baseline 0.003 -22"><span class='ocrx_word' id='word_1_356' title='bbox 318 3158 374 3211; x_wconf 81' lang='grc' dir='ltr'>δὲ</span> <span class='ocrx_word' id='word_1_357' title='bbox 391 3152 458 3211; x_wconf 82' lang='grc' dir='ltr'>αὖ</span> <span class='ocrx_word' id='word_1_358' title='bbox 479 3158 698 3229; x_wconf 79' lang='grc' dir='ltr'>πρὺςτὸ</span> <span class='ocrx_word' id='word_1_359' title='bbox 720 3160 778 3213; x_wconf 86' lang='grc' dir='ltr'>ὲν</span> <span class='ocrx_word' id='word_1_360' title='bbox 802 3160 1019 3231; x_wconf 83' lang='grc' dir='ltr'><strong>ἀρχαῖς,</strong></span> <span class='ocrx_word' id='word_1_361' title='bbox 1042 3158 1398 3224; x_wconf 81' lang='grc' dir='ltr'>διασώζοντος</span> <span class='ocrx_word' id='word_1_362' title='bbox 1411 3161 1505 3215; x_wconf 79' lang='grc' dir='ltr'>καὶ</span> <span class='ocrx_word' id='word_1_363' title='bbox 1525 3160 1894 3232; x_wconf 78' lang='grc' dir='ltr'>ἐπαμύνοντος</span> 
     </span>
    </p>
   </div>
   <div class='ocr_carea' id='block_1_48' title="bbox 320 3247 1889 3325">
    <p class='ocr_par' dir='ltr' id='par_1_48' title="bbox 320 3247 1889 3325">
     <span class='ocr_line' id='line_1_48' title="bbox 320 3247 1889 3325; baseline 0.003 -23"><span class='ocrx_word' id='word_1_364' title='bbox 320 3247 410 3302; x_wconf 86' lang='grc' dir='ltr'><strong>τοῦ</strong></span> <span class='ocrx_word' id='word_1_365' title='bbox 443 3249 611 3304; x_wconf 86' lang='grc' dir='ltr'><strong>Θεοῦ.¹</strong></span> <span class='ocrx_word' id='word_1_366' title='bbox 650 3250 790 3321; x_wconf 80' lang='grc' dir='ltr'>Τῇδε</span> <span class='ocrx_word' id='word_1_367' title='bbox 836 3249 945 3321; x_wconf 91' lang='grc' dir='ltr'><strong>γάρ</strong></span> <span class='ocrx_word' id='word_1_368' title='bbox 987 3253 1121 3321; x_wconf 80' lang='grc' dir='ltr'>ἡμῖν</span> <span class='ocrx_word' id='word_1_369' title='bbox 1152 3251 1323 3315; x_wconf 90' lang='grc' dir='ltr'>ἰόντος</span> <span class='ocrx_word' id='word_1_370' title='bbox 1360 3250 1457 3305; x_wconf 87' lang='grc' dir='ltr'><strong>τοῦ</strong></span> <span class='ocrx_word' id='word_1_371' title='bbox 1487 3251 1647 3322; x_wconf 83' lang='grc' dir='ltr'>λόγου</span> <span class='ocrx_word' id='word_1_372' title='bbox 1675 3253 1781 3325; x_wconf 82' lang='grc' dir='ltr'>ὁδῷ</span> <span class='ocrx_word' id='word_1_373' title='bbox 1822 3255 1889 3325; x_wconf 76' lang='grc' dir='ltr'>τῇ</span> 
     </span>
    </p>
   </div>
   <div class='ocr_carea' id='block_1_49' title="bbox 320 3336 1678 3413">
    <p class='ocr_par' dir='ltr' id='par_1_49' title="bbox 320 3336 1678 3413">
     <span class='ocr_line' id='line_1_49' title="bbox 320 3336 1678 3413; baseline 0.005 -22"><span class='ocrx_word' id='word_1_374' title='bbox 320 3339 628 3413; x_wconf 78' lang='grc' dir='ltr'>πρεπούσῃ.</span> <span class='ocrx_word' id='word_1_375' title='bbox 657 3342 925 3411; x_wconf 83' lang='grc' dir='ltr'>προσήκοι</span> <span class='ocrx_word' id='word_1_376' title='bbox 960 3341 1047 3405; x_wconf 87' lang='grc' dir='ltr'><strong>ἀν,</strong></span> <span class='ocrx_word' id='word_1_377' title='bbox 1077 3336 1253 3413; x_wconf 79' lang='grc' dir='ltr'>οἶμαι,</span> <span class='ocrx_word' id='word_1_378' title='bbox 1276 3342 1371 3397; x_wconf 78' lang='grc' dir='ltr'>καὶ</span> <span class='ocrx_word' id='word_1_379' title='bbox 1398 3343 1467 3397; x_wconf 89' lang='grc' dir='ltr'><strong>τά</strong></span> <span class='ocrx_word' id='word_1_380' title='bbox 1495 3340 1678 3400; x_wconf 78' lang='grc' dir='ltr'>λοιπά.</span> 
     </span>
    </p>
   </div>
   <div class='ocr_carea' id='block_1_50' title="bbox 387 3431 1168 3505">
    <p class='ocr_par' dir='ltr' id='par_1_50' title="bbox 387 3431 1168 3505">
     <span class='ocr_line' id='line_1_50' title="bbox 387 3431 1168 3505; baseline 0.003 -19"><span class='ocrx_word' id='word_1_381' title='bbox 387 3432 597 3486; x_wconf 80' lang='grc' dir='ltr'><strong>ΠΑΛΔ.</strong></span> <span class='ocrx_word' id='word_1_382' title='bbox 642 3431 935 3501; x_wconf 88' lang='grc' dir='ltr'>Ὀρθότατα</span> <span class='ocrx_word' id='word_1_383' title='bbox 965 3433 1168 3505; x_wconf 74' lang='grc' dir='ltr'>διανοῇε</span> 
     </span>
    </p>
   </div>
   <div class='ocr_carea' id='block_1_51' title="bbox 388 3521 1897 3601">
    <p class='ocr_par' dir='ltr' id='par_1_51' title="bbox 388 3521 1897 3601">
     <span class='ocr_line' id='line_1_51' title="bbox 388 3521 1897 3601; baseline 0.003 -25"><span class='ocrx_word' id='word_1_384' title='bbox 388 3522 554 3577; x_wconf 79' lang='grc' dir='ltr'><strong>ΚΥΡ.</strong></span> <span class='ocrx_word' id='word_1_385' title='bbox 596 3521 671 3576; x_wconf 82' lang='lat' dir='ltr'><em>T6</em></span> <span class='ocrx_word' id='word_1_386' title='bbox 698 3521 808 3601; x_wconf 76' lang='grc' dir='ltr'><strong>γάρ</strong></span> <span class='ocrx_word' id='word_1_387' title='bbox 835 3540 919 3577; x_wconf 91' lang='grc' dir='ltr'><strong>τοι</strong></span> <span class='ocrx_word' id='word_1_388' title='bbox 959 3527 1334 3597; x_wconf 76' lang='grc' dir='ltr'>καρποφορεῖν</span> <span class='ocrx_word' id='word_1_389' title='bbox 1374 3525 1634 3581; x_wconf 88' lang='grc' dir='ltr'>δύνασθαι</span> <span class='ocrx_word' id='word_1_390' title='bbox 1667 3527 1744 3599; x_wconf 84' lang='grc' dir='ltr'><strong>τῷ</strong></span> <span class='ocrx_word' id='word_1_391' title='bbox 1778 3527 1897 3599; x_wconf 80' lang='grc' dir='ltr'><strong>Θεῷ</strong></span> 
     </span>
    </p>
   </div>
   <div class='ocr_carea' id='block_1_52' title="bbox 325 3612 1898 3690">
    <p class='ocr_par' dir='ltr' id='par_1_52' title="bbox 325 3612 1898 3690">
     <span class='ocr_line' id='line_1_52' title="bbox 325 3612 1898 3690; baseline 0.005 -25"><span class='ocrx_word' id='word_1_392' title='bbox 325 3612 421 3666; x_wconf 68' lang='grc' dir='ltr'>καὶ</span> <span class='ocrx_word' id='word_1_393' title='bbox 462 3612 758 3684; x_wconf 78' lang='grc' dir='ltr'>προσάγειν</span> <span class='ocrx_word' id='word_1_394' title='bbox 787 3612 978 3677; x_wconf 86' lang='grc' dir='ltr'>θυσίας</span> <span class='ocrx_word' id='word_1_395' title='bbox 1021 3616 1417 3685; x_wconf 82' lang='grc' dir='ltr'>πνευματικὰς,</span> <span class='ocrx_word' id='word_1_396' title='bbox 1447 3618 1614 3687; x_wconf 76' lang='grc' dir='ltr'>ἦγουν</span> <span class='ocrx_word' id='word_1_397' title='bbox 1653 3618 1898 3690; x_wconf 76' lang='grc' dir='ltr'>ἀνδρίζε-</span> 
     </span>
    </p>
   </div>
   <div class='ocr_carea' id='block_1_53' title="bbox 330 3703 1900 3783">
    <p class='ocr_par' dir='ltr' id='par_1_53' title="bbox 330 3703 1900 3783">
     <span class='ocr_line' id='line_1_53' title="bbox 330 3703 1900 3783; baseline 0.005 -26"><span class='ocrx_word' id='word_1_398' title='bbox 330 3703 458 3758; x_wconf 88' lang='grc' dir='ltr'>σθαι</span> <span class='ocrx_word' id='word_1_399' title='bbox 479 3741 498 3769; x_wconf 86' lang='grc'><strong>,</strong></span> <span class='ocrx_word' id='word_1_400' title='bbox 529 3703 623 3759; x_wconf 78' lang='grc' dir='ltr'>καὶ</span> <span class='ocrx_word' id='word_1_401' title='bbox 646 3704 978 3776; x_wconf 77' lang='grc' dir='ltr'>εὐδοκιμεῖν,</span> <span class='ocrx_word' id='word_1_402' title='bbox 1011 3706 1309 3777; x_wconf 81' lang='grc' dir='ltr'>κατορθοῦν</span> <span class='ocrx_word' id='word_1_403' title='bbox 1338 3708 1619 3774; x_wconf 73' lang='grc' dir='ltr'>ἐθέλοντας</span> <span class='ocrx_word' id='word_1_404' title='bbox 1654 3710 1752 3783; x_wconf 82' lang='grc' dir='ltr'>τὴν</span> <span class='ocrx_word' id='word_1_405' title='bbox 1774 3711 1900 3783; x_wconf 72' lang='grc' dir='ltr'>ἀρε-</span> 
     </span>
    </p>
   </div>
   <div class='ocr_carea' id='block_1_54' title="bbox 322 3794 1901 3869">
    <p class='ocr_par' dir='ltr' id='par_1_54' title="bbox 322 3794 1901 3869">
     <span class='ocr_line' id='line_1_54' title="bbox 322 3794 1901 3869; baseline 0.006 -22"><span class='ocrx_word' id='word_1_406' title='bbox 322 3794 445 3866; x_wconf 83' lang='grc' dir='ltr'>τήν,</span> <span class='ocrx_word' id='word_1_407' title='bbox 495 3794 616 3867; x_wconf 84' lang='grc' dir='ltr'>οὐχὶ</span> <span class='ocrx_word' id='word_1_408' title='bbox 645 3796 819 3869; x_wconf 84' lang='grc' dir='ltr'>δήπου</span> <span class='ocrx_word' id='word_1_409' title='bbox 858 3795 1058 3868; x_wconf 82' lang='grc' dir='ltr'>πρέποι</span> <span class='ocrx_word' id='word_1_410' title='bbox 1102 3797 1170 3851; x_wconf 83' lang='grc' dir='ltr'><strong>ἀν</strong></span> <span class='ocrx_word' id='word_1_411' title='bbox 1201 3799 1314 3862; x_wconf 88' lang='grc' dir='ltr'>τοῖς</span> <span class='ocrx_word' id='word_1_412' title='bbox 1348 3799 1491 3853; x_wconf 79' lang='grc' dir='ltr'>οὕτω</span> <span class='ocrx_word' id='word_1_413' title='bbox 1526 3801 1768 3865; x_wconf 79' lang='grc' dir='ltr'>δουλείας</span> <span class='ocrx_word' id='word_1_414' title='bbox 1806 3802 1901 3863; x_wconf 72' lang='grc' dir='ltr'>καὶ</span> 
     </span>
    </p>
   </div>
   <div class='ocr_carea' id='block_1_55' title="bbox 322 3880 1902 3961">
    <p class='ocr_par' dir='ltr' id='par_1_55' title="bbox 322 3880 1902 3961">
     <span class='ocr_line' id='line_1_55' title="bbox 322 3880 1902 3961; baseline 0.006 -25"><span class='ocrx_word' id='word_1_415' title='bbox 322 3880 512 3936; x_wconf 85' lang='grc' dir='ltr'>παθῶν</span> <span class='ocrx_word' id='word_1_416' title='bbox 540 3883 788 3955; x_wconf 83' lang='grc' dir='ltr'>ἀνάγκης</span> <span class='ocrx_word' id='word_1_417' title='bbox 819 3883 1267 3958; x_wconf 80' lang='grc' dir='ltr'>ἀπηλλαγμένοις</span> <span class='ocrx_word' id='word_1_418' title='bbox 1282 3925 1296 3951; x_wconf 91' lang='grc'><strong>,</strong></span> <span class='ocrx_word' id='word_1_419' title='bbox 1328 3886 1444 3946; x_wconf 78' lang='grc' dir='ltr'>ἀλλ’</span> <span class='ocrx_word' id='word_1_420' title='bbox 1469 3882 1694 3961; x_wconf 23' lang='grc' dir='ltr'>οἶςπήδη</span> <span class='ocrx_word' id='word_1_421' title='bbox 1725 3908 1841 3956; x_wconf 82' lang='grc' dir='ltr'><strong>πως</strong></span> <span class='ocrx_word' id='word_1_422' title='bbox 1872 3892 1902 3946; x_wconf 86' lang='lat'><strong>6</strong></span> 
     </span>
    </p>
   </div>
   <div class='ocr_carea' id='block_1_56' title="bbox 324 3962 1904 4055">
    <p class='ocr_par' dir='ltr' id='par_1_56' title="bbox 324 3962 1904 4055">
     <span class='ocr_line' id='line_1_56' title="bbox 324 3962 1904 4055; baseline 0.007 -27"><span class='ocrx_word' id='word_1_423' title='bbox 324 3973 446 4039; x_wconf 91' lang='grc' dir='ltr'>νοῦς</span> <span class='ocrx_word' id='word_1_424' title='bbox 471 3975 739 4046; x_wconf 84' lang='grc' dir='ltr'>ἀνανήφει</span> <span class='ocrx_word' id='word_1_425' title='bbox 760 3976 898 4048; x_wconf 80' lang='grc' dir='ltr'>πρὸς</span> <span class='ocrx_word' id='word_1_426' title='bbox 912 3976 976 4030; x_wconf 80' lang='grc' dir='ltr'>τὸ</span> <span class='ocrx_word' id='word_1_427' title='bbox 996 3976 1297 4048; x_wconf 67' lang='grc' dir='ltr'>ἐλεύθερον,</span> <span class='ocrx_word' id='word_1_428' title='bbox 1332 3978 1439 4034; x_wconf 68' lang='grc' dir='ltr'>καὶ</span> <span class='ocrx_word' id='word_1_429' title='bbox 1453 3980 1555 4041; x_wconf 77' lang='grc' dir='ltr'>οὐκ</span> <span class='ocrx_word' id='word_1_430' title='bbox 1572 3962 1904 4055; x_wconf 81' lang='grc' dir='ltr'>ἀμελέτητον</span> 
     </span>
    </p>
   </div>
   <div class='ocr_carea' id='block_1_57' title="bbox 323 4068 1903 4141">
    <p class='ocr_par' dir='ltr' id='par_1_57' title="bbox 323 4068 1903 4141">
     <span class='ocr_line' id='line_1_57' title="bbox 323 4068 1903 4141; baseline 0.006 -20"><span class='ocrx_word' id='word_1_431' title='bbox 323 4068 432 4139; x_wconf 76' lang='grc' dir='ltr'>εχει</span> <span class='ocrx_word' id='word_1_432' title='bbox 450 4068 512 4123; x_wconf 82' lang='grc' dir='ltr'><strong>τὺ</strong></span> <span class='ocrx_word' id='word_1_433' title='bbox 525 4068 879 4130; x_wconf 80' lang='grc' dir='ltr'>ἀποσείεσθαι</span> <span class='ocrx_word' id='word_1_434' title='bbox 901 4068 991 4123; x_wconf 78' lang='grc' dir='ltr'>τὸν</span> <span class='ocrx_word' id='word_1_435' title='bbox 1009 4068 1172 4139; x_wconf 81' lang='grc' dir='ltr'>ζυγὸν</span> <span class='ocrx_word' id='word_1_436' title='bbox 1195 4071 1294 4141; x_wconf 78' lang='grc' dir='ltr'><strong>τῆς</strong></span> <span class='ocrx_word' id='word_1_437' title='bbox 1314 4070 1408 4125; x_wconf 85' lang='grc' dir='ltr'><strong>τοῦ</strong></span> <span class='ocrx_word' id='word_1_438' title='bbox 1438 4071 1684 4128; x_wconf 69' lang='grc' dir='ltr'>διαϐόλου</span> <span class='ocrx_word' id='word_1_439' title='bbox 1712 4075 1903 4131; x_wconf 83' lang='grc' dir='ltr'>πλεον-</span> 
     </span>
    </p>
   </div>
   <div class='ocr_carea' id='block_1_58' title="bbox 324 4158 491 4225">
    <p class='ocr_par' dir='ltr' id='par_1_58' title="bbox 324 4158 491 4225">
     <span class='ocr_line' id='line_1_58' title="bbox 324 4158 491 4225; baseline 0.018 -13"><span class='ocrx_word' id='word_1_440' title='bbox 324 4158 491 4225; x_wconf 85' lang='grc' dir='ltr'>εξίας.</span> 
     </span>
    </p>
   </div>
   <div class='ocr_carea' id='block_1_59' title="bbox 389 4250 1445 4325">
    <p class='ocr_par' dir='ltr' id='par_1_59' title="bbox 389 4250 1445 4325">
     <span class='ocr_line' id='line_1_59' title="bbox 389 4250 1445 4325; baseline 0.003 -19"><span class='ocrx_word' id='word_1_441' title='bbox 389 4250 603 4307; x_wconf 83' lang='grc' dir='ltr'><strong>ΠΔΛΛ.</strong></span> <span class='ocrx_word' id='word_1_442' title='bbox 639 4250 925 4323; x_wconf 82' lang='grc' dir='ltr'>Σύμφημι,</span> <span class='ocrx_word' id='word_1_443' title='bbox 953 4252 1094 4316; x_wconf 86' lang='grc' dir='ltr'>νοεῖς</span> <span class='ocrx_word' id='word_1_444' title='bbox 1116 4252 1225 4325; x_wconf 87' lang='grc' dir='ltr'><strong>γάρ</strong></span> <span class='ocrx_word' id='word_1_445' title='bbox 1249 4253 1445 4325; x_wconf 84' lang='grc' dir='ltr'>ὀρθῶς.</span> 
     </span>
    </p>
   </div>
   <div class='ocr_carea' id='block_1_60' title="bbox 389 4342 1905 4420">
    <p class='ocr_par' dir='ltr' id='par_1_60' title="bbox 389 4342 1905 4420">
     <span class='ocr_line' id='line_1_60' title="bbox 389 4342 1905 4420; baseline 0.003 -21"><span class='ocrx_word' id='word_1_446' title='bbox 389 4345 557 4400; x_wconf 80' lang='grc' dir='ltr'>ΚΥΡ.</span> <span class='ocrx_word' id='word_1_447' title='bbox 590 4342 704 4398; x_wconf 75' lang='grc' dir='ltr'><strong>Καὶ</strong></span> <span class='ocrx_word' id='word_1_448' title='bbox 740 4344 805 4416; x_wconf 79' lang='grc' dir='ltr'><strong>δή</strong></span> <span class='ocrx_word' id='word_1_449' title='bbox 837 4343 931 4398; x_wconf 74' lang='grc' dir='ltr'>καὶ</span> <span class='ocrx_word' id='word_1_450' title='bbox 958 4343 1227 4416; x_wconf 75' lang='grc' dir='ltr'>λέγωμεν,</span> <span class='ocrx_word' id='word_1_451' title='bbox 1262 4344 1339 4410; x_wconf 81' lang='grc' dir='ltr'><strong>ὡς</strong></span> <span class='ocrx_word' id='word_1_452' title='bbox 1387 4346 1680 4419; x_wconf 86' lang='grc' dir='ltr'>πεποίηται</span> <span class='ocrx_word' id='word_1_453' title='bbox 1730 4350 1829 4420; x_wconf 73' lang='grc' dir='ltr'>μὲν</span> <span class='ocrx_word' id='word_1_454' title='bbox 1875 4350 1905 4403; x_wconf 92' lang='lat'><strong>6</strong></span> 
     </span>
    </p>
   </div>
   <div class='ocr_carea' id='block_1_61' title="bbox 324 4434 1905 4509">
    <p class='ocr_par' dir='ltr' id='par_1_61' title="bbox 324 4434 1905 4509">
     <span class='ocr_line' id='line_1_61' title="bbox 324 4434 1905 4509; baseline 0.004 -20"><span class='ocrx_word' id='word_1_455' title='bbox 324 4434 611 4508; x_wconf 78' lang='grc' dir='ltr'>ἄνθρωπος</span> <span class='ocrx_word' id='word_1_456' title='bbox 642 4438 700 4489; x_wconf 84' lang='grc' dir='ltr'>ὲν</span> <span class='ocrx_word' id='word_1_457' title='bbox 732 4436 951 4508; x_wconf 83' lang='grc' dir='ltr'>ἀρχαῖς,</span> <span class='ocrx_word' id='word_1_458' title='bbox 987 4436 1263 4509; x_wconf 80' lang='grc' dir='ltr'>ἁμαρτίας</span> <span class='ocrx_word' id='word_1_459' title='bbox 1293 4438 1393 4509; x_wconf 87' lang='grc' dir='ltr'>μὲν</span> <span class='ocrx_word' id='word_1_460' title='bbox 1417 4439 1512 4494; x_wconf 80' lang='grc' dir='ltr'>καὶ</span> <span class='ocrx_word' id='word_1_461' title='bbox 1544 4440 1733 4495; x_wconf 91' lang='grc' dir='ltr'>παθῶν</span> <span class='ocrx_word' id='word_1_462' title='bbox 1761 4442 1905 4495; x_wconf 77' lang='grc' dir='ltr'>ἀνωο</span> 
     </span>
    </p>
   </div>
   <div class='ocr_carea' id='block_1_62' title="bbox 1997 1982 3566 2056">
    <p class='ocr_par' dir='ltr' id='par_1_62' title="bbox 1997 1982 3566 2056">
     <span class='ocr_line' id='line_1_62' title="bbox 1997 1982 3566 2056; baseline -0.003 -17"><span class='ocrx_word' id='word_1_463' title='bbox 1997 1984 2122 2051; x_wconf 91' lang='lat' dir='ltr'><strong>rite,</strong></span> <span class='ocrx_word' id='word_1_464' title='bbox 2154 1993 2210 2040; x_wconf 90' lang='lat' dir='ltr'><strong>et</strong></span> <span class='ocrx_word' id='word_1_465' title='bbox 2233 1984 2528 2041; x_wconf 90' lang='lat' dir='ltr'><strong>invenietis</strong></span> <span class='ocrx_word' id='word_1_466' title='bbox 2553 2002 2568 2052; x_wconf 87' lang='lat'><strong>;</strong></span> <span class='ocrx_word' id='word_1_467' title='bbox 2612 1986 2831 2056; x_wconf 89' lang='lat' dir='ltr'><strong>pulsate</strong></span> <span class='ocrx_word' id='word_1_468' title='bbox 2850 2025 2865 2051; x_wconf 92' lang='lat'><strong>,</strong></span> <span class='ocrx_word' id='word_1_469' title='bbox 2901 1992 2958 2040; x_wconf 90' lang='lat' dir='ltr'><strong>et</strong></span> <span class='ocrx_word' id='word_1_470' title='bbox 2977 1984 3255 2056; x_wconf 86' lang='lat' dir='ltr'><strong>aperietur</strong></span> <span class='ocrx_word' id='word_1_471' title='bbox 3283 1982 3519 2038; x_wconf 79' lang='lat' dir='ltr'><strong>vobis&quot;.</strong></span> <span class='ocrx_word' id='word_1_472' title='bbox 3548 2001 3566 2033; x_wconf 73' lang='grc' dir='ltr'><strong>ι</strong></span> 
     </span>
    </p>
   </div>
   <div class='ocr_carea' id='block_1_63' title="bbox 2064 2162 3573 2237">
    <p class='ocr_par' dir='ltr' id='par_1_63' title="bbox 2064 2162 3573 2237">
     <span class='ocr_line' id='line_1_63' title="bbox 2064 2162 3573 2237; baseline -0.003 -17"><span class='ocrx_word' id='word_1_473' title='bbox 2064 2164 2220 2220; x_wconf 79' lang='lat' dir='ltr'><strong>CYR.</strong></span> <span class='ocrx_word' id='word_1_474' title='bbox 2249 2164 2592 2237; x_wconf 85' lang='lat' dir='ltr'><strong>Pergendum</strong></span> <span class='ocrx_word' id='word_1_475' title='bbox 2620 2164 2785 2236; x_wconf 85' lang='lat' dir='ltr'><strong>igitur</strong></span> <span class='ocrx_word' id='word_1_476' title='bbox 2819 2164 2981 2220; x_wconf 89' lang='lat' dir='ltr'><strong>nobis</strong></span> <span class='ocrx_word' id='word_1_477' title='bbox 3019 2171 3106 2219; x_wconf 88' lang='lat' dir='ltr'><strong>est</strong></span> <span class='ocrx_word' id='word_1_478' title='bbox 3139 2162 3208 2217; x_wconf 90' lang='lat' dir='ltr'><strong>ad</strong></span> <span class='ocrx_word' id='word_1_479' title='bbox 3249 2177 3314 2218; x_wconf 91' lang='lat' dir='ltr'><strong>ea</strong></span> <span class='ocrx_word' id='word_1_480' title='bbox 3342 2162 3573 2217; x_wconf 90' lang='lat' dir='ltr'><strong>investi-</strong></span> 
     </span>
    </p>
   </div>
   <div class='ocr_carea' id='block_1_64' title="bbox 1996 2255 3575 2325">
    <p class='ocr_par' dir='ltr' id='par_1_64' title="bbox 1996 2255 3575 2325">
     <span class='ocr_line' id='line_1_64' title="bbox 1996 2255 3575 2325; baseline -0.001 -16"><span class='ocrx_word' id='word_1_481' title='bbox 1996 2255 2170 2325; x_wconf 83' lang='lat' dir='ltr'><strong>ganda</strong></span> <span class='ocrx_word' id='word_1_482' title='bbox 2226 2271 2351 2325; x_wconf 66' lang='lat' dir='ltr'><strong>qua:</strong></span> <span class='ocrx_word' id='word_1_483' title='bbox 2393 2256 2688 2317; x_wconf 87' lang='lat' dir='ltr'><strong>utilitatem</strong></span> <span class='ocrx_word' id='word_1_484' title='bbox 2725 2255 2927 2311; x_wconf 77' lang='lat' dir='ltr'><strong>afferre</strong></span> <span class='ocrx_word' id='word_1_485' title='bbox 2976 2262 3228 2325; x_wconf 91' lang='lat' dir='ltr'><strong>possunt,</strong></span> <span class='ocrx_word' id='word_1_486' title='bbox 3283 2269 3348 2309; x_wconf 93' lang='lat' dir='ltr'><strong>ac</strong></span> <span class='ocrx_word' id='word_1_487' title='bbox 3383 2268 3575 2323; x_wconf 86' lang='lat' dir='ltr'><strong>preces</strong></span> 
     </span>
    </p>
   </div>
   <div class='ocr_carea' id='block_1_65' title="bbox 1997 2343 3575 2414">
    <p class='ocr_par' dir='ltr' id='par_1_65' title="bbox 1997 2343 3575 2414">
     <span class='ocr_line' id='line_1_65' title="bbox 1997 2343 3575 2414; baseline -0.001 -17"><span class='ocrx_word' id='word_1_488' title='bbox 1997 2343 2417 2414; x_wconf 68' lang='lat' dir='ltr'><strong>prmmittamus,</strong></span> <span class='ocrx_word' id='word_1_489' title='bbox 2449 2344 2735 2401; x_wconf 88' lang='lat' dir='ltr'><strong>dicentes:</strong></span> <span class='ocrx_word' id='word_1_490' title='bbox 2774 2362 2793 2395; x_wconf 80' lang='grc' dir='ltr'><strong>ι</strong></span> <span class='ocrx_word' id='word_1_491' title='bbox 2821 2344 3027 2400; x_wconf 82' lang='lat' dir='ltr'><strong>Revela</strong></span> <span class='ocrx_word' id='word_1_492' title='bbox 3073 2343 3265 2399; x_wconf 91' lang='lat' dir='ltr'><strong>oculos</strong></span> <span class='ocrx_word' id='word_1_493' title='bbox 3311 2358 3484 2407; x_wconf 88' lang='lat' dir='ltr'><strong>meos,</strong></span> <span class='ocrx_word' id='word_1_494' title='bbox 3519 2352 3575 2397; x_wconf 86' lang='lat' dir='ltr'><strong>et</strong></span> 
     </span>
    </p>
   </div>
   <div class='ocr_carea' id='block_1_66' title="bbox 1998 2430 3572 2503">
    <p class='ocr_par' dir='ltr' id='par_1_66' title="bbox 1998 2430 3572 2503">
     <span class='ocr_line' id='line_1_66' title="bbox 1998 2430 3572 2503; baseline 0 -17"><span class='ocrx_word' id='word_1_495' title='bbox 1998 2430 2365 2491; x_wconf 88' lang='lat' dir='ltr'><strong>considerabo</strong></span> <span class='ocrx_word' id='word_1_496' title='bbox 2393 2431 2671 2487; x_wconf 83' lang='lat' dir='ltr'><strong>mirabilia</strong></span> <span class='ocrx_word' id='word_1_497' title='bbox 2724 2431 2794 2487; x_wconf 91' lang='lat' dir='ltr'><strong>de</strong></span> <span class='ocrx_word' id='word_1_498' title='bbox 2831 2432 2951 2503; x_wconf 90' lang='lat' dir='ltr'><strong>lege</strong></span> <span class='ocrx_word' id='word_1_499' title='bbox 3002 2442 3095 2488; x_wconf 91' lang='lat' dir='ltr'><strong>tua</strong></span> <span class='ocrx_word' id='word_1_500' title='bbox 3118 2432 3227 2484; x_wconf 74' lang='grc' dir='ltr'>’⁷.ι</span> <span class='ocrx_word' id='word_1_501' title='bbox 3282 2431 3424 2486; x_wconf 81' lang='lat' dir='ltr'><strong>Ante</strong></span> <span class='ocrx_word' id='word_1_502' title='bbox 3466 2432 3572 2486; x_wconf 87' lang='lat' dir='ltr'><strong>alia</strong></span> 
     </span>
    </p>
   </div>
   <div class='ocr_carea' id='block_1_67' title="bbox 2001 2521 3571 2592">
    <p class='ocr_par' dir='ltr' id='par_1_67' title="bbox 2001 2521 3571 2592">
     <span class='ocr_line' id='line_1_67' title="bbox 2001 2521 3571 2592; baseline 0.001 -18"><span class='ocrx_word' id='word_1_503' title='bbox 2001 2521 2172 2592; x_wconf 89' lang='lat' dir='ltr'><strong>igitur</strong></span> <span class='ocrx_word' id='word_1_504' title='bbox 2213 2521 2511 2577; x_wconf 90' lang='lat' dir='ltr'><strong>dicendum</strong></span> <span class='ocrx_word' id='word_1_505' title='bbox 2554 2522 2717 2577; x_wconf 88' lang='lat' dir='ltr'><strong>nobis</strong></span> <span class='ocrx_word' id='word_1_506' title='bbox 2758 2529 2845 2577; x_wconf 93' lang='lat' dir='ltr'><strong>est</strong></span> <span class='ocrx_word' id='word_1_507' title='bbox 2893 2521 2963 2577; x_wconf 91' lang='lat' dir='ltr'><strong>de</strong></span> <span class='ocrx_word' id='word_1_508' title='bbox 3014 2522 3172 2592; x_wconf 91' lang='lat' dir='ltr'><strong>lapsu</strong></span> <span class='ocrx_word' id='word_1_509' title='bbox 3211 2521 3453 2576; x_wconf 90' lang='lat' dir='ltr'><strong>hominis</strong></span> <span class='ocrx_word' id='word_1_510' title='bbox 3515 2524 3571 2576; x_wconf 92' lang='lat' dir='ltr'><strong>in</strong></span> 
     </span>
    </p>
   </div>
   <div class='ocr_carea' id='block_1_68' title="bbox 1996 2613 3574 2685">
    <p class='ocr_par' dir='ltr' id='par_1_68' title="bbox 1996 2613 3574 2685">
     <span class='ocr_line' id='line_1_68' title="bbox 1996 2613 3574 2685; baseline -0.001 -17"><span class='ocrx_word' id='word_1_511' title='bbox 1996 2621 2316 2683; x_wconf 88' lang='lat' dir='ltr'><strong>peccatum,</strong></span> <span class='ocrx_word' id='word_1_512' title='bbox 2345 2614 2525 2685; x_wconf 89' lang='lat' dir='ltr'><strong>deque</strong></span> <span class='ocrx_word' id='word_1_513' title='bbox 2575 2614 2842 2670; x_wconf 84' lang='lat' dir='ltr'><strong>servitute</strong></span> <span class='ocrx_word' id='word_1_514' title='bbox 2886 2622 3053 2685; x_wconf 89' lang='lat' dir='ltr'><strong>atque</strong></span> <span class='ocrx_word' id='word_1_515' title='bbox 3104 2613 3426 2684; x_wconf 88' lang='lat' dir='ltr'><strong>captivitate</strong></span> <span class='ocrx_word' id='word_1_516' title='bbox 3466 2629 3574 2683; x_wconf 88' lang='lat' dir='ltr'><strong>qua</strong></span> 
     </span>
    </p>
   </div>
   <div class='ocr_carea' id='block_1_69' title="bbox 1994 2703 3573 2779">
    <p class='ocr_par' dir='ltr' id='par_1_69' title="bbox 1994 2703 3573 2779">
     <span class='ocr_line' id='line_1_69' title="bbox 1994 2703 3573 2779; baseline -0.002 -18"><span class='ocrx_word' id='word_1_517' title='bbox 1994 2703 2052 2779; x_wconf 80' lang='lat'><strong>9</strong></span> <span class='ocrx_word' id='word_1_518' title='bbox 2075 2705 2179 2761; x_wconf 89' lang='lat' dir='ltr'><strong>sub</strong></span> <span class='ocrx_word' id='word_1_519' title='bbox 2207 2705 2456 2761; x_wconf 90' lang='lat' dir='ltr'><strong>omnium</strong></span> <span class='ocrx_word' id='word_1_520' title='bbox 2480 2705 2761 2761; x_wconf 90' lang='lat' dir='ltr'><strong>communi</strong></span> <span class='ocrx_word' id='word_1_521' title='bbox 2787 2705 2947 2761; x_wconf 89' lang='lat' dir='ltr'><strong>hoste</strong></span> <span class='ocrx_word' id='word_1_522' title='bbox 2994 2706 3308 2770; x_wconf 91' lang='lat' dir='ltr'><strong>tenebatur,</strong></span> <span class='ocrx_word' id='word_1_523' title='bbox 3342 2711 3403 2758; x_wconf 93' lang='lat' dir='ltr'><strong>ut</strong></span> <span class='ocrx_word' id='word_1_524' title='bbox 3430 2719 3573 2774; x_wconf 90' lang='lat' dir='ltr'><strong>quo-</strong></span> 
     </span>
    </p>
   </div>
   <div class='ocr_carea' id='block_1_70' title="bbox 1999 2795 3571 2867">
    <p class='ocr_par' dir='ltr' id='par_1_70' title="bbox 1999 2795 3571 2867">
     <span class='ocr_line' id='line_1_70' title="bbox 1999 2795 3571 2867; baseline -0.003 -14"><span class='ocrx_word' id='word_1_525' title='bbox 1999 2797 2291 2855; x_wconf 89' lang='lat' dir='ltr'><strong>dammodo</strong></span> <span class='ocrx_word' id='word_1_526' title='bbox 2324 2798 2443 2854; x_wconf 60' lang='lat' dir='ltr'><strong>hate</strong></span> <span class='ocrx_word' id='word_1_527' title='bbox 2482 2814 2515 2854; x_wconf 91' lang='lat' dir='ltr'><strong>a</strong></span> <span class='ocrx_word' id='word_1_528' title='bbox 2543 2798 2705 2854; x_wconf 90' lang='lat' dir='ltr'><strong>nobis</strong></span> <span class='ocrx_word' id='word_1_529' title='bbox 2732 2805 2790 2854; x_wconf 92' lang='lat' dir='ltr'><strong>et</strong></span> <span class='ocrx_word' id='word_1_530' title='bbox 2833 2798 2890 2853; x_wconf 88' lang='lat' dir='ltr'><strong>in</strong></span> <span class='ocrx_word' id='word_1_531' title='bbox 2933 2798 3097 2854; x_wconf 91' lang='lat' dir='ltr'><strong>nobis</strong></span> <span class='ocrx_word' id='word_1_532' title='bbox 3118 2796 3272 2852; x_wconf 89' lang='lat' dir='ltr'><strong>ﬁant.</strong></span> <span class='ocrx_word' id='word_1_533' title='bbox 3305 2797 3404 2851; x_wconf 83' lang='lat' dir='ltr'><strong>His</strong></span> <span class='ocrx_word' id='word_1_534' title='bbox 3429 2795 3571 2867; x_wconf 85' lang='lat' dir='ltr'><strong>adji—</strong></span> 
     </span>
    </p>
   </div>
   <div class='ocr_carea' id='block_1_71' title="bbox 1998 2887 3577 2960">
    <p class='ocr_par' dir='ltr' id='par_1_71' title="bbox 1998 2887 3577 2960">
     <span class='ocr_line' id='line_1_71' title="bbox 1998 2887 3577 2960; baseline -0.004 -15"><span class='ocrx_word' id='word_1_535' title='bbox 1998 2889 2257 2945; x_wconf 89' lang='lat' dir='ltr'><strong>ciendum</strong></span> <span class='ocrx_word' id='word_1_536' title='bbox 2288 2899 2375 2945; x_wconf 90' lang='lat' dir='ltr'><strong>est</strong></span> <span class='ocrx_word' id='word_1_537' title='bbox 2411 2889 2689 2960; x_wconf 90' lang='lat' dir='ltr'><strong>quomodo</strong></span> <span class='ocrx_word' id='word_1_538' title='bbox 2732 2888 3124 2944; x_wconf 88' lang='lat' dir='ltr'><strong>declinandum</strong></span> <span class='ocrx_word' id='word_1_539' title='bbox 3148 2888 3221 2943; x_wconf 90' lang='lat' dir='ltr'><strong>sit</strong></span> <span class='ocrx_word' id='word_1_540' title='bbox 3259 2903 3291 2941; x_wconf 88' lang='lat' dir='ltr'><strong>a</strong></span> <span class='ocrx_word' id='word_1_541' title='bbox 3312 2887 3479 2952; x_wconf 90' lang='lat' dir='ltr'><strong>malo,</strong></span> <span class='ocrx_word' id='word_1_542' title='bbox 3518 2896 3577 2940; x_wconf 87' lang='lat' dir='ltr'><strong>et</strong></span> 
     </span>
    </p>
   </div>
   <div class='ocr_carea' id='block_1_72' title="bbox 1997 2979 3574 3052">
    <p class='ocr_par' dir='ltr' id='par_1_72' title="bbox 1997 2979 3574 3052">
     <span class='ocr_line' id='line_1_72' title="bbox 1997 2979 3574 3052; baseline -0.003 -15"><span class='ocrx_word' id='word_1_543' title='bbox 1997 2981 2392 3037; x_wconf 82' lang='lat' dir='ltr'><strong>excutiendum</strong></span> <span class='ocrx_word' id='word_1_544' title='bbox 2426 2981 2712 3036; x_wconf 89' lang='lat' dir='ltr'><strong>servitutis</strong></span> <span class='ocrx_word' id='word_1_545' title='bbox 2762 2982 2976 3052; x_wconf 71' lang='lat' dir='ltr'><strong>iugum,</strong></span> <span class='ocrx_word' id='word_1_546' title='bbox 3002 2995 3111 3050; x_wconf 91' lang='lat' dir='ltr'><strong>qua</strong></span> <span class='ocrx_word' id='word_1_547' title='bbox 3138 2979 3242 3034; x_wconf 91' lang='lat' dir='ltr'><strong>sub</strong></span> <span class='ocrx_word' id='word_1_548' title='bbox 3293 2979 3388 3034; x_wconf 92' lang='lat' dir='ltr'><strong>illo</strong></span> <span class='ocrx_word' id='word_1_549' title='bbox 3418 2987 3574 3033; x_wconf 87' lang='lat' dir='ltr'><strong>tene-</strong></span> 
     </span>
    </p>
   </div>
   <div class='ocr_carea' id='block_1_73' title="bbox 1998 3070 3575 3142">
    <p class='ocr_par' dir='ltr' id='par_1_73' title="bbox 1998 3070 3575 3142">
     <span class='ocr_line' id='line_1_73' title="bbox 1998 3070 3575 3142; baseline -0.003 -15"><span class='ocrx_word' id='word_1_550' title='bbox 1998 3088 2144 3139; x_wconf 89' lang='lat' dir='ltr'><strong>mur,</strong></span> <span class='ocrx_word' id='word_1_551' title='bbox 2194 3078 2259 3128; x_wconf 89' lang='lat' dir='ltr'><strong>ut</strong></span> <span class='ocrx_word' id='word_1_552' title='bbox 2299 3071 2368 3126; x_wconf 94' lang='lat' dir='ltr'><strong>ad</strong></span> <span class='ocrx_word' id='word_1_553' title='bbox 2410 3071 2701 3142; x_wconf 89' lang='lat' dir='ltr'><strong>pristinam</strong></span> <span class='ocrx_word' id='word_1_554' title='bbox 2742 3070 2962 3126; x_wconf 88' lang='lat' dir='ltr'><strong>tandem</strong></span> <span class='ocrx_word' id='word_1_555' title='bbox 3012 3071 3405 3142; x_wconf 86' lang='lat' dir='ltr'><strong>integritatem,</strong></span> <span class='ocrx_word' id='word_1_556' title='bbox 3458 3084 3575 3123; x_wconf 84' lang='lat' dir='ltr'><strong>ser-</strong></span> 
     </span>
    </p>
   </div>
   <div class='ocr_carea' id='block_1_74' title="bbox 1998 3162 3575 3235">
    <p class='ocr_par' dir='ltr' id='par_1_74' title="bbox 1998 3162 3575 3235">
     <span class='ocr_line' id='line_1_74' title="bbox 1998 3162 3575 3235; baseline -0.004 -14"><span class='ocrx_word' id='word_1_557' title='bbox 1998 3172 2161 3222; x_wconf 89' lang='lat' dir='ltr'><strong>vante</strong></span> <span class='ocrx_word' id='word_1_558' title='bbox 2203 3173 2261 3219; x_wconf 91' lang='lat' dir='ltr'><strong>et</strong></span> <span class='ocrx_word' id='word_1_559' title='bbox 2309 3163 2601 3235; x_wconf 73' lang='lat' dir='ltr'><strong>adiuvante</strong></span> <span class='ocrx_word' id='word_1_560' title='bbox 2649 3164 2799 3230; x_wconf 91' lang='lat' dir='ltr'><strong>Deo,</strong></span> <span class='ocrx_word' id='word_1_561' title='bbox 2834 3163 3018 3218; x_wconf 87' lang='lat' dir='ltr'><strong>redire</strong></span> <span class='ocrx_word' id='word_1_562' title='bbox 3069 3163 3366 3235; x_wconf 88' lang='lat' dir='ltr'><strong>possimus.</strong></span> <span class='ocrx_word' id='word_1_563' title='bbox 3421 3162 3575 3217; x_wconf 84' lang='lat' dir='ltr'><strong>Hanc</strong></span> 
     </span>
    </p>
   </div>
   <div class='ocr_carea' id='block_1_75' title="bbox 1994 3251 3575 3318">
    <p class='ocr_par' dir='ltr' id='par_1_75' title="bbox 1994 3251 3575 3318">
     <span class='ocr_line' id='line_1_75' title="bbox 1994 3251 3575 3318; baseline -0.003 -8"><span class='ocrx_word' id='word_1_564' title='bbox 1994 3254 2144 3310; x_wconf 89' lang='lat' dir='ltr'><strong>enim</strong></span> <span class='ocrx_word' id='word_1_565' title='bbox 2181 3252 2325 3309; x_wconf 87' lang='lat' dir='ltr'><strong>viam</strong></span> <span class='ocrx_word' id='word_1_566' title='bbox 2365 3252 2412 3307; x_wconf 93' lang='lat' dir='ltr'><strong>si</strong></span> <span class='ocrx_word' id='word_1_567' title='bbox 2458 3261 2649 3308; x_wconf 90' lang='lat' dir='ltr'><strong>nostra</strong></span> <span class='ocrx_word' id='word_1_568' title='bbox 2694 3253 2871 3307; x_wconf 88' lang='lat' dir='ltr'><strong>oratio</strong></span> <span class='ocrx_word' id='word_1_569' title='bbox 2906 3252 3169 3318; x_wconf 84' lang='lat' dir='ltr'><strong>tenuerit,</strong></span> <span class='ocrx_word' id='word_1_570' title='bbox 3213 3260 3367 3307; x_wconf 89' lang='lat' dir='ltr'><strong>recto</strong></span> <span class='ocrx_word' id='word_1_571' title='bbox 3409 3251 3575 3307; x_wconf 87' lang='lat' dir='ltr'><strong>etiam</strong></span> 
     </span>
    </p>
   </div>
   <div class='ocr_carea' id='block_1_76' title="bbox 1997 3341 3332 3415">
    <p class='ocr_par' dir='ltr' id='par_1_76' title="bbox 1997 3341 3332 3415">
     <span class='ocr_line' id='line_1_76' title="bbox 1997 3341 3332 3415; baseline -0.002 -15"><span class='ocrx_word' id='word_1_572' title='bbox 1997 3346 2191 3401; x_wconf 90' lang='lat' dir='ltr'><strong>itinere</strong></span> <span class='ocrx_word' id='word_1_573' title='bbox 2221 3341 2670 3415; x_wconf 89' lang='lat' dir='ltr'><strong>progredientur,</strong></span> <span class='ocrx_word' id='word_1_574' title='bbox 2692 3352 2754 3398; x_wconf 93' lang='lat' dir='ltr'><strong>ut</strong></span> <span class='ocrx_word' id='word_1_575' title='bbox 2782 3344 3002 3414; x_wconf 85' lang='lat' dir='ltr'><strong>opinor,</strong></span> <span class='ocrx_word' id='word_1_576' title='bbox 3023 3351 3081 3399; x_wconf 93' lang='lat' dir='ltr'><strong>et</strong></span> <span class='ocrx_word' id='word_1_577' title='bbox 3097 3344 3332 3414; x_wconf 87' lang='lat' dir='ltr'><strong>reliqua.</strong></span> 
     </span>
    </p>
   </div>
   <div class='ocr_carea' id='block_1_77' title="bbox 2072 3434 2702 3502">
    <p class='ocr_par' dir='ltr' id='par_1_77' title="bbox 2072 3434 2702 3502">
     <span class='ocr_line' id='line_1_77' title="bbox 2072 3434 2702 3502; baseline -0.005 -10"><span class='ocrx_word' id='word_1_578' title='bbox 2072 3436 2269 3492; x_wconf 82' lang='lat' dir='ltr'><strong>PALL.</strong></span> <span class='ocrx_word' id='word_1_579' title='bbox 2311 3436 2481 3502; x_wconf 83' lang='lat' dir='ltr'><strong>Recte</strong></span> <span class='ocrx_word' id='word_1_580' title='bbox 2508 3434 2702 3496; x_wconf 84' lang='lat' dir='ltr'><strong>sentis.</strong></span> 
     </span>
    </p>
   </div>
   <div class='ocr_carea' id='block_1_78' title="bbox 2070 3523 3581 3605">
    <p class='ocr_par' dir='ltr' id='par_1_78' title="bbox 2070 3523 3581 3605">
     <span class='ocr_line' id='line_1_78' title="bbox 2070 3523 3581 3605; baseline -0.003 -21"><span class='ocrx_word' id='word_1_581' title='bbox 2070 3528 2231 3595; x_wconf 81' lang='lat' dir='ltr'><strong>CYR,</strong></span> <span class='ocrx_word' id='word_1_582' title='bbox 2261 3525 2532 3605; x_wconf 82' lang='lat' dir='ltr'><strong>Quocirca</strong></span> <span class='ocrx_word' id='word_1_583' title='bbox 2574 3524 2883 3581; x_wconf 88' lang='lat' dir='ltr'><strong>oblationes</strong></span> <span class='ocrx_word' id='word_1_584' title='bbox 2941 3527 3115 3596; x_wconf 81' lang='lat' dir='ltr'><strong>atque</strong></span> <span class='ocrx_word' id='word_1_585' title='bbox 3143 3524 3351 3579; x_wconf 89' lang='lat' dir='ltr'><strong>hostias</strong></span> <span class='ocrx_word' id='word_1_586' title='bbox 3382 3523 3581 3580; x_wconf 83' lang='lat' dir='ltr'><strong>oﬁ&#39;erre</strong></span> 
     </span>
    </p>
   </div>
   <div class='ocr_carea' id='block_1_79' title="bbox 2002 3615 3582 3689">
    <p class='ocr_par' dir='ltr' id='par_1_79' title="bbox 2002 3615 3582 3689">
     <span class='ocr_line' id='line_1_79' title="bbox 2002 3615 3582 3689; baseline -0.004 -14"><span class='ocrx_word' id='word_1_587' title='bbox 2002 3622 2115 3675; x_wconf 91' lang='lat' dir='ltr'><strong>Deo</strong></span> <span class='ocrx_word' id='word_1_588' title='bbox 2165 3617 2501 3689; x_wconf 84' lang='lat' dir='ltr'><strong>spirituales,</strong></span> <span class='ocrx_word' id='word_1_589' title='bbox 2537 3625 2733 3687; x_wconf 86' lang='lat' dir='ltr'><strong>nempe</strong></span> <span class='ocrx_word' id='word_1_590' title='bbox 2764 3623 2986 3672; x_wconf 88' lang='lat' dir='ltr'><strong>strenue</strong></span> <span class='ocrx_word' id='word_1_591' title='bbox 3034 3632 3092 3672; x_wconf 90' lang='lat' dir='ltr'><strong>se</strong></span> <span class='ocrx_word' id='word_1_592' title='bbox 3136 3624 3193 3672; x_wconf 91' lang='lat' dir='ltr'><strong>et</strong></span> <span class='ocrx_word' id='word_1_593' title='bbox 3232 3615 3582 3670; x_wconf 81' lang='lat' dir='ltr'><strong>laudabiliter</strong></span> 
     </span>
    </p>
   </div>
   <div class='ocr_carea' id='block_1_80' title="bbox 1999 3708 3583 3785">
    <p class='ocr_par' dir='ltr' id='par_1_80' title="bbox 1999 3708 3583 3785">
     <span class='ocr_line' id='line_1_80' title="bbox 1999 3708 3583 3785; baseline -0.003 -18"><span class='ocrx_word' id='word_1_594' title='bbox 1999 3709 2359 3785; x_wconf 73' lang='lat' dir='ltr'><strong>exsequeudze</strong></span> <span class='ocrx_word' id='word_1_595' title='bbox 2388 3709 2610 3764; x_wconf 86' lang='lat' dir='ltr'><strong>virtutis</strong></span> <span class='ocrx_word' id='word_1_596' title='bbox 2639 3708 2823 3764; x_wconf 89' lang='lat' dir='ltr'><strong>studio</strong></span> <span class='ocrx_word' id='word_1_597' title='bbox 2851 3724 3040 3779; x_wconf 89' lang='lat' dir='ltr'><strong>gerere</strong></span> <span class='ocrx_word' id='word_1_598' title='bbox 3059 3749 3073 3774; x_wconf 94' lang='lat'><strong>,</strong></span> <span class='ocrx_word' id='word_1_599' title='bbox 3107 3708 3332 3764; x_wconf 90' lang='lat' dir='ltr'><strong>minime</strong></span> <span class='ocrx_word' id='word_1_600' title='bbox 3355 3709 3423 3763; x_wconf 90' lang='lat' dir='ltr'><strong>iis</strong></span> <span class='ocrx_word' id='word_1_601' title='bbox 3448 3725 3583 3763; x_wconf 91' lang='lat' dir='ltr'><strong>con-</strong></span> 
     </span>
    </p>
   </div>
   <div class='ocr_carea' id='block_1_81' title="bbox 2000 3797 3583 3871">
    <p class='ocr_par' dir='ltr' id='par_1_81' title="bbox 2000 3797 3583 3871">
     <span class='ocr_line' id='line_1_81' title="bbox 2000 3797 3583 3871; baseline -0.003 -16"><span class='ocrx_word' id='word_1_602' title='bbox 2000 3800 2150 3856; x_wconf 80' lang='lat' dir='ltr'><strong>venit</strong></span> <span class='ocrx_word' id='word_1_603' title='bbox 2185 3798 2281 3871; x_wconf 91' lang='lat' dir='ltr'><strong>qui</strong></span> <span class='ocrx_word' id='word_1_604' title='bbox 2315 3814 2375 3854; x_wconf 92' lang='lat' dir='ltr'><strong>se</strong></span> <span class='ocrx_word' id='word_1_605' title='bbox 2410 3797 2658 3853; x_wconf 90' lang='lat' dir='ltr'><strong>nondum</strong></span> <span class='ocrx_word' id='word_1_606' title='bbox 2694 3813 2725 3851; x_wconf 89' lang='lat' dir='ltr'><strong>a</strong></span> <span class='ocrx_word' id='word_1_607' title='bbox 2767 3797 3028 3852; x_wconf 89' lang='lat' dir='ltr'><strong>vitiorum</strong></span> <span class='ocrx_word' id='word_1_608' title='bbox 3064 3797 3362 3863; x_wconf 89' lang='lat' dir='ltr'><strong>servitute,</strong></span> <span class='ocrx_word' id='word_1_609' title='bbox 3403 3798 3583 3853; x_wconf 91' lang='lat' dir='ltr'><strong>domi-</strong></span> 
     </span>
    </p>
   </div>
   <div class='ocr_carea' id='block_1_82' title="bbox 2001 3890 3584 3964">
    <p class='ocr_par' dir='ltr' id='par_1_82' title="bbox 2001 3890 3584 3964">
     <span class='ocr_line' id='line_1_82' title="bbox 2001 3890 3584 3964; baseline -0.002 -16"><span class='ocrx_word' id='word_1_610' title='bbox 2001 3902 2245 3964; x_wconf 84' lang='lat' dir='ltr'><strong>natuque</strong></span> <span class='ocrx_word' id='word_1_611' title='bbox 2268 3890 2594 3958; x_wconf 87' lang='lat' dir='ltr'><strong>liberarint;</strong></span> <span class='ocrx_word' id='word_1_612' title='bbox 2628 3890 2725 3946; x_wconf 92' lang='lat' dir='ltr'><strong>sed</strong></span> <span class='ocrx_word' id='word_1_613' title='bbox 2759 3890 2828 3946; x_wconf 91' lang='lat' dir='ltr'><strong>iis</strong></span> <span class='ocrx_word' id='word_1_614' title='bbox 2864 3905 3100 3961; x_wconf 87' lang='lat' dir='ltr'><strong>quorum</strong></span> <span class='ocrx_word' id='word_1_615' title='bbox 3140 3891 3357 3946; x_wconf 90' lang='lat' dir='ltr'><strong>animus</strong></span> <span class='ocrx_word' id='word_1_616' title='bbox 3402 3890 3472 3945; x_wconf 90' lang='lat' dir='ltr'><strong>ad</strong></span> <span class='ocrx_word' id='word_1_617' title='bbox 3512 3891 3584 3945; x_wconf 90' lang='lat' dir='ltr'><strong>li-</strong></span> 
     </span>
    </p>
   </div>
   <div class='ocr_carea' id='block_1_83' title="bbox 2002 3982 3586 4055">
    <p class='ocr_par' dir='ltr' id='par_1_83' title="bbox 2002 3982 3586 4055">
     <span class='ocr_line' id='line_1_83' title="bbox 2002 3982 3586 4055; baseline -0.001 -16"><span class='ocrx_word' id='word_1_618' title='bbox 2002 3985 2273 4041; x_wconf 88' lang='lat' dir='ltr'><strong>bertatem</strong></span> <span class='ocrx_word' id='word_1_619' title='bbox 2315 3983 2568 4055; x_wconf 88' lang='lat' dir='ltr'><strong>erigitur,</strong></span> <span class='ocrx_word' id='word_1_620' title='bbox 2623 3991 2681 4039; x_wconf 93' lang='lat' dir='ltr'><strong>et</strong></span> <span class='ocrx_word' id='word_1_621' title='bbox 2734 3982 2803 4038; x_wconf 91' lang='lat' dir='ltr'><strong>ad</strong></span> <span class='ocrx_word' id='word_1_622' title='bbox 2854 3982 3244 4039; x_wconf 84' lang='lat' dir='ltr'><strong>excutiendum</strong></span> <span class='ocrx_word' id='word_1_623' title='bbox 3300 3983 3586 4039; x_wconf 66' lang='lat' dir='ltr'><strong>diabolica:</strong></span> 
     </span>
    </p>
   </div>
   <div class='ocr_carea' id='block_1_84' title="bbox 2005 4073 3581 4148">
    <p class='ocr_par' dir='ltr' id='par_1_84' title="bbox 2005 4073 3581 4148">
     <span class='ocr_line' id='line_1_84' title="bbox 2005 4073 3581 4148; baseline -0.001 -18"><span class='ocrx_word' id='word_1_624' title='bbox 2005 4076 2312 4147; x_wconf 79' lang='lat' dir='ltr'><strong>tyrannidis</strong></span> <span class='ocrx_word' id='word_1_625' title='bbox 2345 4075 2538 4148; x_wconf 84' lang='lat' dir='ltr'><strong>jugum</strong></span> <span class='ocrx_word' id='word_1_626' title='bbox 2576 4089 2687 4130; x_wconf 90' lang='lat' dir='ltr'><strong>non</strong></span> <span class='ocrx_word' id='word_1_627' title='bbox 2727 4081 2813 4130; x_wconf 90' lang='lat' dir='ltr'><strong>est</strong></span> <span class='ocrx_word' id='word_1_628' title='bbox 2852 4074 3165 4130; x_wconf 90' lang='lat' dir='ltr'><strong>incuriosus</strong></span> <span class='ocrx_word' id='word_1_629' title='bbox 3192 4082 3249 4130; x_wconf 92' lang='lat' dir='ltr'><strong>et</strong></span> <span class='ocrx_word' id='word_1_630' title='bbox 3284 4073 3581 4145; x_wconf 85' lang='lat' dir='ltr'><strong>negligens.</strong></span> 
     </span>
    </p>
   </div>
   <div class='ocr_carea' id='block_1_85' title="bbox 2076 4252 3398 4335">
    <p class='ocr_par' dir='ltr' id='par_1_85' title="bbox 2076 4252 3398 4335">
     <span class='ocr_line' id='line_1_85' title="bbox 2076 4252 3398 4335; baseline -0.005 -25"><span class='ocrx_word' id='word_1_631' title='bbox 2076 4253 2273 4311; x_wconf 85' lang='lat' dir='ltr'><strong>PALL.</strong></span> <span class='ocrx_word' id='word_1_632' title='bbox 2311 4253 2626 4309; x_wconf 86' lang='lat' dir='ltr'><strong>Assentior:</strong></span> <span class='ocrx_word' id='word_1_633' title='bbox 2657 4262 2803 4308; x_wconf 87' lang='lat' dir='ltr'><strong>recte</strong></span> <span class='ocrx_word' id='word_1_634' title='bbox 2834 4267 3070 4322; x_wconf 86' lang='lat' dir='ltr'><strong>namque</strong></span> <span class='ocrx_word' id='word_1_635' title='bbox 3090 4252 3398 4335; x_wconf 72' lang='lat' dir='ltr'><strong>existimas.</strong></span> 
     </span>
    </p>
   </div>
   <div class='ocr_carea' id='block_1_86' title="bbox 2075 4342 3586 4416">
    <p class='ocr_par' dir='ltr' id='par_1_86' title="bbox 2075 4342 3586 4416">
     <span class='ocr_line' id='line_1_86' title="bbox 2075 4342 3586 4416; baseline -0.004 -14"><span class='ocrx_word' id='word_1_636' title='bbox 2075 4347 2232 4403; x_wconf 81' lang='lat' dir='ltr'><strong>CYR.</strong></span> <span class='ocrx_word' id='word_1_637' title='bbox 2265 4346 2512 4401; x_wconf 89' lang='lat' dir='ltr'><strong>Dicimus</strong></span> <span class='ocrx_word' id='word_1_638' title='bbox 2552 4344 2721 4416; x_wconf 85' lang='lat' dir='ltr'><strong>igitur</strong></span> <span class='ocrx_word' id='word_1_639' title='bbox 2770 4342 2973 4397; x_wconf 84' lang='lat' dir='ltr'><strong>factum</strong></span> <span class='ocrx_word' id='word_1_640' title='bbox 3021 4358 3142 4398; x_wconf 89' lang='lat' dir='ltr'><strong>esse</strong></span> <span class='ocrx_word' id='word_1_641' title='bbox 3188 4342 3466 4398; x_wconf 90' lang='lat' dir='ltr'><strong>hominem</strong></span> <span class='ocrx_word' id='word_1_642' title='bbox 3518 4343 3586 4397; x_wconf 86' lang='lat' dir='ltr'><strong>ab</strong></span> 
     </span>
    </p>
   </div>
   <div class='ocr_carea' id='block_1_87' title="bbox 2012 4436 3586 4511">
    <p class='ocr_par' dir='ltr' id='par_1_87' title="bbox 2012 4436 3586 4511">
     <span class='ocr_line' id='line_1_87' title="bbox 2012 4436 3586 4511; baseline -0.003 -15"><span class='ocrx_word' id='word_1_643' title='bbox 2012 4440 2169 4496; x_wconf 88' lang='lat' dir='ltr'><strong>initio</strong></span> <span class='ocrx_word' id='word_1_644' title='bbox 2192 4439 2485 4511; x_wconf 86' lang='lat' dir='ltr'><strong>ejusmodi,</strong></span> <span class='ocrx_word' id='word_1_645' title='bbox 2517 4446 2600 4504; x_wconf 92' lang='lat' dir='ltr'><strong>ut,</strong></span> <span class='ocrx_word' id='word_1_646' title='bbox 2639 4436 2890 4507; x_wconf 85' lang='lat' dir='ltr'><strong>quamvis</strong></span> <span class='ocrx_word' id='word_1_647' title='bbox 2921 4436 3164 4491; x_wconf 90' lang='lat' dir='ltr'><strong>animum</strong></span> <span class='ocrx_word' id='word_1_648' title='bbox 3203 4436 3433 4494; x_wconf 89' lang='lat' dir='ltr'><strong>haberet</strong></span> <span class='ocrx_word' id='word_1_649' title='bbox 3458 4454 3586 4509; x_wconf 87' lang='lat' dir='ltr'><strong>pec-</strong></span> 
     </span>
    </p>
   </div>
   <div class='ocr_carea' id='block_1_88' title="bbox 323 4527 1898 4603">
    <p class='ocr_par' dir='ltr' id='par_1_88' title="bbox 323 4527 1898 4603">
     <span class='ocr_line' id='line_1_88' title="bbox 323 4527 1898 4603; baseline 0.005 -22"><span class='ocrx_word' id='word_1_650' title='bbox 323 4529 462 4599; x_wconf 86' lang='grc' dir='ltr'>τέρω</span> <span class='ocrx_word' id='word_1_651' title='bbox 493 4546 613 4592; x_wconf 77' lang='grc' dir='ltr'><strong>πως</strong></span> <span class='ocrx_word' id='word_1_652' title='bbox 641 4527 721 4581; x_wconf 76' lang='grc' dir='ltr'>ἔτι</span> <span class='ocrx_word' id='word_1_653' title='bbox 745 4529 848 4599; x_wconf 86' lang='grc' dir='ltr'>τὴν</span> <span class='ocrx_word' id='word_1_654' title='bbox 874 4528 1112 4583; x_wconf 89' lang='grc' dir='ltr'>διάνοιαν</span> <span class='ocrx_word' id='word_1_655' title='bbox 1140 4528 1299 4600; x_wconf 75' lang='grc' dir='ltr'>ἔχων,</span> <span class='ocrx_word' id='word_1_656' title='bbox 1322 4532 1382 4584; x_wconf 86' lang='grc' dir='ltr'><strong>ού</strong></span> <span class='ocrx_word' id='word_1_657' title='bbox 1411 4532 1516 4603; x_wconf 86' lang='grc' dir='ltr'>μὴν</span> <span class='ocrx_word' id='word_1_658' title='bbox 1550 4533 1898 4599; x_wconf 83' lang='grc' dir='ltr'>ἀνεπίδεκτος</span> 
     </span>
    </p>
   </div>
   <div class='ocr_carea' id='block_1_89' title="bbox 2001 4527 3591 4603">
    <p class='ocr_par' dir='ltr' id='par_1_89' title="bbox 2008 4527 3591 4599">
     <span class='ocr_line' id='line_1_89' title="bbox 2008 4527 3591 4599; baseline -0.003 -12"><span class='ocrx_word' id='word_1_659' title='bbox 2008 4539 2131 4587; x_wconf 89' lang='lat' dir='ltr'><strong>cato</strong></span> <span class='ocrx_word' id='word_1_660' title='bbox 2165 4540 2222 4587; x_wconf 90' lang='lat' dir='ltr'><strong>et</strong></span> <span class='ocrx_word' id='word_1_661' title='bbox 2250 4530 2538 4585; x_wconf 82' lang='lat' dir='ltr'><strong>aﬁ‘ectibus</strong></span> <span class='ocrx_word' id='word_1_662' title='bbox 2568 4527 2909 4599; x_wconf 88' lang='lat' dir='ltr'><strong>superiorem</strong></span> <span class='ocrx_word' id='word_1_663' title='bbox 2935 4570 2949 4593; x_wconf 94' lang='lat'><strong>,</strong></span> <span class='ocrx_word' id='word_1_664' title='bbox 2993 4543 3105 4583; x_wconf 82' lang='lat' dir='ltr'><strong>non</strong></span> <span class='ocrx_word' id='word_1_665' title='bbox 3144 4528 3191 4583; x_wconf 94' lang='lat' dir='ltr'><strong>is</strong></span> <span class='ocrx_word' id='word_1_666' title='bbox 3227 4537 3409 4584; x_wconf 88' lang='lat' dir='ltr'><strong>tamen</strong></span> <span class='ocrx_word' id='word_1_667' title='bbox 3442 4541 3591 4584; x_wconf 84' lang='lat' dir='ltr'><strong>esset</strong></span> 
     </span>
    </p>
   </div>
   <div class='ocr_carea' id='block_1_90' title="bbox 326 4619 1909 4694">
    <p class='ocr_par' dir='ltr' id='par_1_90' title="bbox 326 4619 1909 4694">
     <span class='ocr_line' id='line_1_90' title="bbox 326 4619 1909 4694; baseline 0.004 -22"><span class='ocrx_word' id='word_1_668' title='bbox 326 4620 605 4685; x_wconf 77' lang='grc' dir='ltr'>παντελῶς</span> <span class='ocrx_word' id='word_1_669' title='bbox 633 4620 734 4691; x_wconf 85' lang='grc' dir='ltr'><strong>τῆς</strong></span> <span class='ocrx_word' id='word_1_670' title='bbox 764 4621 851 4690; x_wconf 78' lang='grc' dir='ltr'><strong>ἐφ’</strong></span> <span class='ocrx_word' id='word_1_671' title='bbox 873 4619 1012 4692; x_wconf 84' lang='grc' dir='ltr'>ὅπερ</span> <span class='ocrx_word' id='word_1_672' title='bbox 1041 4620 1107 4675; x_wconf 86' lang='grc' dir='ltr'>ἂν</span> <span class='ocrx_word' id='word_1_673' title='bbox 1135 4620 1308 4674; x_wconf 72' lang='grc' dir='ltr'>ἕλοιτο</span> <span class='ocrx_word' id='word_1_674' title='bbox 1352 4623 1727 4694; x_wconf 81' lang='grc' dir='ltr'>παρατροπῆς.</span> <span class='ocrx_word' id='word_1_675' title='bbox 1765 4624 1909 4677; x_wconf 88' lang='grc' dir='ltr'>Ἐδό-</span> 
     </span>
    </p>
   </div>
   <div class='ocr_carea' id='block_1_91' title="bbox 326 4710 1902 4786">
    <p class='ocr_par' dir='ltr' id='par_1_91' title="bbox 326 4710 1902 4786">
     <span class='ocr_line' id='line_1_91' title="bbox 326 4710 1902 4786; baseline 0.004 -23"><span class='ocrx_word' id='word_1_676' title='bbox 326 4727 409 4764; x_wconf 85' lang='grc' dir='ltr'><strong>κει</strong></span> <span class='ocrx_word' id='word_1_677' title='bbox 459 4712 569 4785; x_wconf 85' lang='grc' dir='ltr'><strong>γάρ</strong></span> <span class='ocrx_word' id='word_1_678' title='bbox 603 4712 747 4783; x_wconf 78' lang='grc' dir='ltr'>ἔχειν</span> <span class='ocrx_word' id='word_1_679' title='bbox 778 4710 955 4783; x_wconf 85' lang='grc' dir='ltr'>ὀρθῶς</span> <span class='ocrx_word' id='word_1_680' title='bbox 995 4710 1074 4783; x_wconf 79' lang='grc' dir='ltr'>τῷ</span> <span class='ocrx_word' id='word_1_681' title='bbox 1108 4711 1325 4772; x_wconf 81' lang='grc' dir='ltr'>πάντων</span> <span class='ocrx_word' id='word_1_682' title='bbox 1358 4713 1711 4786; x_wconf 78' lang='grc' dir='ltr'>ἀριστοτέχνῃ</span> <span class='ocrx_word' id='word_1_683' title='bbox 1753 4715 1902 4786; x_wconf 82' lang='grc' dir='ltr'>Θεῷ,</span> 
     </span>
    </p>
   </div>
   <div class='ocr_carea' id='block_1_92' title="bbox 325 4801 1905 4877">
    <p class='ocr_par' dir='ltr' id='par_1_92' title="bbox 325 4801 1905 4877">
     <span class='ocr_line' id='line_1_92' title="bbox 325 4801 1905 4877; baseline 0.002 -21"><span class='ocrx_word' id='word_1_684' title='bbox 325 4802 429 4857; x_wconf 85' lang='grc' dir='ltr'><strong>τῶν</strong></span> <span class='ocrx_word' id='word_1_685' title='bbox 462 4803 608 4857; x_wconf 88' lang='grc' dir='ltr'>ἰδίων</span> <span class='ocrx_word' id='word_1_686' title='bbox 638 4801 960 4873; x_wconf 86' lang='grc' dir='ltr'>θελημάτων</span> <span class='ocrx_word' id='word_1_687' title='bbox 1001 4803 1261 4858; x_wconf 83' lang='grc' dir='ltr'>ἀνάπτειν</span> <span class='ocrx_word' id='word_1_688' title='bbox 1287 4804 1434 4874; x_wconf 82' lang='grc' dir='ltr'>αὐτῷ</span> <span class='ocrx_word' id='word_1_689' title='bbox 1463 4804 1565 4868; x_wconf 77' lang='grc' dir='ltr'><strong>τὰς</strong></span> <span class='ocrx_word' id='word_1_690' title='bbox 1603 4805 1779 4877; x_wconf 87' lang='grc' dir='ltr'>ήνίας,</span> <span class='ocrx_word' id='word_1_691' title='bbox 1812 4806 1905 4861; x_wconf 77' lang='grc' dir='ltr'>καὶ</span> 
     </span>
    </p>
   </div>
   <div class='ocr_carea' id='block_1_93' title="bbox 328 4894 1901 4969">
    <p class='ocr_par' dir='ltr' id='par_1_93' title="bbox 328 4894 1901 4969">
     <span class='ocr_line' id='line_1_93' title="bbox 328 4894 1901 4969; baseline 0.003 -22"><span class='ocrx_word' id='word_1_692' title='bbox 328 4895 608 4949; x_wconf 86' lang='grc' dir='ltr'>ἀναθεῖναι</span> <span class='ocrx_word' id='word_1_693' title='bbox 672 4895 805 4967; x_wconf 81' lang='grc' dir='ltr'>δρᾷν</span> <span class='ocrx_word' id='word_1_694' title='bbox 853 4894 915 4948; x_wconf 85' lang='grc' dir='ltr'>τὸ</span> <span class='ocrx_word' id='word_1_695' title='bbox 961 4894 1153 4949; x_wconf 81' lang='grc' dir='ltr'>δοκοῦν</span> <span class='ocrx_word' id='word_1_696' title='bbox 1199 4895 1642 4961; x_wconf 88' lang='grc' dir='ltr'>αύτοκελεύστοις</span> <span class='ocrx_word' id='word_1_697' title='bbox 1684 4898 1901 4969; x_wconf 84' lang='grc' dir='ltr'>ὁρμαῖς.</span> 
     </span>
    </p>
   </div>
   <div class='ocr_carea' id='block_1_94' title="bbox 328 4983 1905 5057">
    <p class='ocr_par' dir='ltr' id='par_1_94' title="bbox 328 4983 1905 5057">
     <span class='ocr_line' id='line_1_94' title="bbox 328 4983 1905 5057; baseline 0.001 -20"><span class='ocrx_word' id='word_1_698' title='bbox 328 4984 728 5057; x_wconf 83' lang='grc' dir='ltr'>Προαιρετικὴν</span> <span class='ocrx_word' id='word_1_699' title='bbox 765 4983 872 5056; x_wconf 89' lang='grc' dir='ltr'><strong>γάρ</strong></span> <span class='ocrx_word' id='word_1_700' title='bbox 900 4983 1041 5048; x_wconf 76' lang='grc' dir='ltr'>ἔδει,</span> <span class='ocrx_word' id='word_1_701' title='bbox 1072 4983 1167 5037; x_wconf 74' lang='grc' dir='ltr'>καὶ</span> <span class='ocrx_word' id='word_1_702' title='bbox 1203 4985 1301 5056; x_wconf 75' lang='grc' dir='ltr'>οὐχ</span> <span class='ocrx_word' id='word_1_703' title='bbox 1330 4984 1519 5057; x_wconf 85' lang='grc' dir='ltr'>ὥσπερ</span> <span class='ocrx_word' id='word_1_704' title='bbox 1557 4985 1618 5050; x_wconf 73' lang='grc' dir='ltr'><strong>ἐξ</strong></span> <span class='ocrx_word' id='word_1_705' title='bbox 1658 4984 1905 5057; x_wconf 88' lang='grc' dir='ltr'>ἀνάγκης</span> 
     </span>
    </p>
   </div>
   <div class='ocr_carea' id='block_1_95' title="bbox 328 5075 1906 5149">
    <p class='ocr_par' dir='ltr' id='par_1_95' title="bbox 328 5075 1906 5149">
     <span class='ocr_line' id='line_1_95' title="bbox 328 5075 1906 5149; baseline 0.003 -21"><span class='ocrx_word' id='word_1_706' title='bbox 328 5076 557 5149; x_wconf 82' lang='grc' dir='ltr'>δρᾶσθαι</span> <span class='ocrx_word' id='word_1_707' title='bbox 601 5079 702 5147; x_wconf 69' lang='grc' dir='ltr'>τὴν</span> <span class='ocrx_word' id='word_1_708' title='bbox 728 5075 952 5149; x_wconf 81' lang='grc' dir='ltr'>ἀρετὴν,</span> <span class='ocrx_word' id='word_1_709' title='bbox 1002 5075 1120 5130; x_wconf 78' lang='grc' dir='ltr'>ἀλλ’</span> <span class='ocrx_word' id='word_1_710' title='bbox 1145 5077 1266 5131; x_wconf 81' lang='grc' dir='ltr'>οὐδὲ</span> <span class='ocrx_word' id='word_1_711' title='bbox 1304 5077 1517 5147; x_wconf 85' lang='grc' dir='ltr'>φύσεως</span> <span class='ocrx_word' id='word_1_712' title='bbox 1540 5077 1725 5149; x_wconf 87' lang='grc' dir='ltr'>νόμοις</span> <span class='ocrx_word' id='word_1_713' title='bbox 1749 5078 1906 5133; x_wconf 83' lang='grc' dir='ltr'>ἀδια-</span> 
     </span>
    </p>
   </div>
   <div class='ocr_carea' id='block_1_96' title="bbox 329 5166 1910 5242">
    <p class='ocr_par' dir='ltr' id='par_1_96' title="bbox 329 5166 1910 5242">
     <span class='ocr_line' id='line_1_96' title="bbox 329 5166 1910 5242; baseline 0.003 -22"><span class='ocrx_word' id='word_1_714' title='bbox 329 5168 553 5232; x_wconf 88' lang='grc' dir='ltr'>πτώτως</span> <span class='ocrx_word' id='word_1_715' title='bbox 575 5168 674 5239; x_wconf 81' lang='grc' dir='ltr'>ὲρη</span> <span class='ocrx_word' id='word_1_716' title='bbox 683 5166 992 5239; x_wconf 81' lang='grc' dir='ltr'>ρεισμένην·</span> <span class='ocrx_word' id='word_1_717' title='bbox 1020 5168 1147 5222; x_wconf 86' lang='grc' dir='ltr'>ίδιον</span> <span class='ocrx_word' id='word_1_718' title='bbox 1165 5167 1271 5239; x_wconf 81' lang='grc' dir='ltr'>γὰρ</span> <span class='ocrx_word' id='word_1_719' title='bbox 1289 5168 1355 5223; x_wconf 79' lang='grc' dir='ltr'>ἂν</span> <span class='ocrx_word' id='word_1_720' title='bbox 1379 5167 1466 5240; x_wconf 73' lang='grc' dir='ltr'><strong>εἴη</strong></span> <span class='ocrx_word' id='word_1_721' title='bbox 1480 5170 1631 5223; x_wconf 83' lang='grc' dir='ltr'>τουτί</span> <span class='ocrx_word' id='word_1_722' title='bbox 1643 5170 1744 5242; x_wconf 86' lang='grc' dir='ltr'>τῆς</span> <span class='ocrx_word' id='word_1_723' title='bbox 1765 5169 1910 5225; x_wconf 87' lang='grc' dir='ltr'>ἀνω-</span> 
     </span>
    </p>
   </div>
   <div class='ocr_carea' id='block_1_97' title="bbox 329 5259 1909 5333">
    <p class='ocr_par' dir='ltr' id='par_1_97' title="bbox 329 5259 1909 5333">
     <span class='ocr_line' id='line_1_97' title="bbox 329 5259 1909 5333; baseline 0.001 -20"><span class='ocrx_word' id='word_1_724' title='bbox 329 5259 475 5314; x_wconf 90' lang='grc' dir='ltr'>τάτω</span> <span class='ocrx_word' id='word_1_725' title='bbox 506 5259 700 5315; x_wconf 87' lang='grc' dir='ltr'>πασῶν</span> <span class='ocrx_word' id='word_1_726' title='bbox 725 5259 915 5324; x_wconf 83' lang='grc' dir='ltr'>οὐσίας</span> <span class='ocrx_word' id='word_1_727' title='bbox 960 5260 1056 5315; x_wconf 71' lang='grc' dir='ltr'>καὶ</span> <span class='ocrx_word' id='word_1_728' title='bbox 1101 5259 1394 5333; x_wconf 79' lang='grc' dir='ltr'>ὑπεροχῆς.</span> <span class='ocrx_word' id='word_1_729' title='bbox 1448 5261 1668 5333; x_wconf 82' lang='grc' dir='ltr'>Ἐπειδὴ</span> <span class='ocrx_word' id='word_1_730' title='bbox 1696 5261 1755 5316; x_wconf 82' lang='grc' dir='ltr'>δὲ</span> <span class='ocrx_word' id='word_1_731' title='bbox 1794 5264 1909 5325; x_wconf 89' lang='grc' dir='ltr'>τοῖς</span> 
     </span>
    </p>
   </div>
   <div class='ocr_carea' id='block_1_98' title="bbox 328 5348 1908 5424">
    <p class='ocr_par' dir='ltr' id='par_1_98' title="bbox 328 5348 1908 5424">
     <span class='ocr_line' id='line_1_98' title="bbox 328 5348 1908 5424; baseline 0.001 -20"><span class='ocrx_word' id='word_1_732' title='bbox 328 5349 429 5420; x_wconf 80' lang='grc' dir='ltr'>τῆς</span> <span class='ocrx_word' id='word_1_733' title='bbox 455 5350 592 5414; x_wconf 85' lang='grc' dir='ltr'>ἰδίας</span> <span class='ocrx_word' id='word_1_734' title='bbox 619 5349 837 5419; x_wconf 80' lang='grc' dir='ltr'>φύσεως</span> <span class='ocrx_word' id='word_1_735' title='bbox 863 5348 1044 5419; x_wconf 91' lang='grc' dir='ltr'>λόγοις</span> <span class='ocrx_word' id='word_1_736' title='bbox 1072 5349 1133 5403; x_wconf 77' lang='grc' dir='ltr'>τὸ</span> <span class='ocrx_word' id='word_1_737' title='bbox 1159 5350 1297 5415; x_wconf 79' lang='grc' dir='ltr'>ζῶον</span> <span class='ocrx_word' id='word_1_738' title='bbox 1316 5352 1622 5424; x_wconf 88' lang='grc' dir='ltr'>ἀπήρτιστο</span> <span class='ocrx_word' id='word_1_739' title='bbox 1650 5370 1908 5424; x_wconf 86' lang='grc' dir='ltr'>τεχνουρ-</span> 
     </span>
    </p>
   </div>
   <div class='ocr_carea' id='block_1_99' title="bbox 329 5440 1908 5516">
    <p class='ocr_par' dir='ltr' id='par_1_99' title="bbox 329 5440 1908 5516">
     <span class='ocr_line' id='line_1_99' title="bbox 329 5440 1908 5516; baseline -0.017 -6"><span class='ocrx_word' id='word_1_740' title='bbox 329 5440 552 5509; x_wconf 68' lang='grc' dir='ltr'><strong>γοῦντος</strong></span> <span class='ocrx_word' id='word_1_741' title='bbox 597 5440 737 5496; x_wconf 86' lang='grc' dir='ltr'>Θεοῦ</span> <span class='ocrx_word' id='word_1_742' title='bbox 757 5481 771 5506; x_wconf 90' lang='grc'><strong>,</strong></span> <span class='ocrx_word' id='word_1_743' title='bbox 825 5440 1183 5497; x_wconf 87' lang='grc' dir='ltr'>κατεπλούτει</span> <span class='ocrx_word' id='word_1_744' title='bbox 1232 5444 1577 5515; x_wconf 81' lang='grc' dir='ltr'>παραχρῆμα</span> <span class='ocrx_word' id='word_1_745' title='bbox 1623 5444 1720 5516; x_wconf 71' lang='grc' dir='ltr'>τὴν</span> <span class='ocrx_word' id='word_1_746' title='bbox 1772 5444 1908 5516; x_wconf 63' lang='grc' dir='ltr'><strong>πρὸς</strong></span> 
     </span>
    </p>
   </div>
   <div class='ocr_carea' id='block_1_100' title="bbox 331 5531 1910 5606">
    <p class='ocr_par' dir='ltr' id='par_1_100' title="bbox 331 5531 1910 5606">
     <span class='ocr_line' id='line_1_100' title="bbox 331 5531 1910 5606; baseline 0.001 -20"><span class='ocrx_word' id='word_1_747' title='bbox 331 5531 491 5586; x_wconf 80' lang='grc' dir='ltr'>αὐτὸν</span> <span class='ocrx_word' id='word_1_748' title='bbox 519 5531 804 5604; x_wconf 80' lang='grc' dir='ltr'>ὁμοίωσιν.</span> <span class='ocrx_word' id='word_1_749' title='bbox 851 5532 1272 5603; x_wconf 72' lang='grc' dir='ltr'>Ἐνεχαράττετο</span> <span class='ocrx_word' id='word_1_750' title='bbox 1303 5533 1410 5606; x_wconf 85' lang='grc' dir='ltr'><strong>γὰρ</strong></span> <span class='ocrx_word' id='word_1_751' title='bbox 1441 5534 1587 5606; x_wconf 85' lang='grc' dir='ltr'><strong>αὐτῷ</strong></span> <span class='ocrx_word' id='word_1_752' title='bbox 1617 5535 1716 5606; x_wconf 82' lang='grc' dir='ltr'><strong>τῆς</strong></span> <span class='ocrx_word' id='word_1_753' title='bbox 1760 5535 1910 5599; x_wconf 87' lang='grc' dir='ltr'>θείας</span> 
     </span>
    </p>
   </div>
   <div class='ocr_carea' id='block_1_101' title="bbox 331 5622 1907 5699">
    <p class='ocr_par' dir='ltr' id='par_1_101' title="bbox 331 5622 1907 5699">
     <span class='ocr_line' id='line_1_101' title="bbox 331 5622 1907 5699; baseline 0.001 -20"><span class='ocrx_word' id='word_1_754' title='bbox 331 5625 547 5693; x_wconf 80' lang='grc' dir='ltr'>φύσεως</span> <span class='ocrx_word' id='word_1_755' title='bbox 579 5628 614 5695; x_wconf 86' lang='grc' dir='ltr'><strong>ή</strong></span> <span class='ocrx_word' id='word_1_756' title='bbox 664 5622 863 5690; x_wconf 82' lang='grc' dir='ltr'>εἰκὼν,</span> <span class='ocrx_word' id='word_1_757' title='bbox 914 5624 1323 5695; x_wconf 81' lang='grc' dir='ltr'>ὲμφυσηθέντος</span> <span class='ocrx_word' id='word_1_758' title='bbox 1367 5628 1524 5696; x_wconf 84' lang='grc' dir='ltr'>ἁγίου</span> <span class='ocrx_word' id='word_1_759' title='bbox 1570 5629 1907 5699; x_wconf 84' lang='grc' dir='ltr'>Πνεύματος.</span> 
     </span>
    </p>
   </div>
   <div class='ocr_carea' id='block_1_102' title="bbox 406 5801 1442 5868">
    <p class='ocr_par' dir='ltr' id='par_1_102' title="bbox 406 5801 1442 5868">
     <span class='ocr_line' id='line_1_102' title="bbox 406 5801 1442 5868; baseline -0.003 -9"><span class='ocrx_word' id='word_1_760' title='bbox 406 5805 450 5835; x_wconf 78' lang='grc'><strong>³³</strong></span> <span class='ocrx_word' id='word_1_761' title='bbox 473 5802 615 5859; x_wconf 87' lang='lat' dir='ltr'><strong>Osee</strong></span> <span class='ocrx_word' id='word_1_762' title='bbox 656 5818 765 5868; x_wconf 78' lang='lat' dir='ltr'><strong>xw,</strong></span> <span class='ocrx_word' id='word_1_763' title='bbox 800 5801 882 5855; x_wconf 87' lang='grc'><strong>10.</strong></span> <span class='ocrx_word' id='word_1_764' title='bbox 962 5802 1004 5833; x_wconf 75' lang='grc'><strong>’⁸</strong></span> <span class='ocrx_word' id='word_1_765' title='bbox 1039 5802 1226 5857; x_wconf 76' lang='lat' dir='ltr'><strong>Matth.</strong></span> <span class='ocrx_word' id='word_1_766' title='bbox 1262 5819 1352 5865; x_wconf 78' lang='lat' dir='ltr'><strong>vn,</strong></span> <span class='ocrx_word' id='word_1_767' title='bbox 1393 5804 1442 5856; x_wconf 84' lang='lat'><strong>7.</strong></span> 
     </span>
    </p>
   </div>
   <div class='ocr_carea' id='block_1_103' title="bbox 2009 4618 3585 4691">
    <p class='ocr_par' dir='ltr' id='par_1_103' title="bbox 2009 4618 3585 4691">
     <span class='ocr_line' id='line_1_103' title="bbox 2009 4618 3585 4691; baseline -0.003 -13"><span class='ocrx_word' id='word_1_768' title='bbox 2009 4631 2070 4678; x_wconf 93' lang='lat' dir='ltr'><strong>ut</strong></span> <span class='ocrx_word' id='word_1_769' title='bbox 2094 4623 2151 4677; x_wconf 88' lang='lat' dir='ltr'><strong>in</strong></span> <span class='ocrx_word' id='word_1_770' title='bbox 2178 4631 2581 4691; x_wconf 86' lang='lat' dir='ltr'><strong>utramcunque</strong></span> <span class='ocrx_word' id='word_1_771' title='bbox 2609 4627 2820 4690; x_wconf 89' lang='lat' dir='ltr'><strong>partem</strong></span> <span class='ocrx_word' id='word_1_772' title='bbox 2846 4620 3029 4686; x_wconf 87' lang='lat' dir='ltr'><strong>vellet,</strong></span> <span class='ocrx_word' id='word_1_773' title='bbox 3064 4618 3210 4685; x_wconf 83' lang='lat' dir='ltr'><strong>ﬂecti</strong></span> <span class='ocrx_word' id='word_1_774' title='bbox 3246 4635 3355 4674; x_wconf 91' lang='lat' dir='ltr'><strong>non</strong></span> <span class='ocrx_word' id='word_1_775' title='bbox 3383 4626 3585 4690; x_wconf 90' lang='lat' dir='ltr'><strong>posset.</strong></span> 
     </span>
    </p>
   </div>
   <div class='ocr_carea' id='block_1_104' title="bbox 2007 4711 3590 4784">
    <p class='ocr_par' dir='ltr' id='par_1_104' title="bbox 2007 4711 3590 4784">
     <span class='ocr_line' id='line_1_104' title="bbox 2007 4711 3590 4784; baseline -0.004 -13"><span class='ocrx_word' id='word_1_776' title='bbox 2007 4716 2225 4771; x_wconf 88' lang='lat' dir='ltr'><strong>Etenim</strong></span> <span class='ocrx_word' id='word_1_777' title='bbox 2257 4715 2338 4769; x_wconf 91' lang='lat' dir='ltr'><strong>illi</strong></span> <span class='ocrx_word' id='word_1_778' title='bbox 2371 4729 2557 4769; x_wconf 89' lang='lat' dir='ltr'><strong>rerum</strong></span> <span class='ocrx_word' id='word_1_779' title='bbox 2591 4712 2976 4767; x_wconf 90' lang='lat' dir='ltr'><strong>universarum</strong></span> <span class='ocrx_word' id='word_1_780' title='bbox 3010 4713 3219 4784; x_wconf 86' lang='lat' dir='ltr'><strong>optimo</strong></span> <span class='ocrx_word' id='word_1_781' title='bbox 3256 4711 3438 4782; x_wconf 89' lang='lat' dir='ltr'><strong>opiﬁci</strong></span> <span class='ocrx_word' id='word_1_782' title='bbox 3478 4712 3590 4767; x_wconf 89' lang='lat' dir='ltr'><strong>Deo</strong></span> 
     </span>
    </p>
   </div>
   <div class='ocr_carea' id='block_1_105' title="bbox 2004 4804 3591 4876">
    <p class='ocr_par' dir='ltr' id='par_1_105' title="bbox 2004 4804 3591 4876">
     <span class='ocr_line' id='line_1_105' title="bbox 2004 4804 3591 4876; baseline -0.001 -17"><span class='ocrx_word' id='word_1_783' title='bbox 2004 4804 2377 4861; x_wconf 89' lang='lat' dir='ltr'><strong>rectissimum</strong></span> <span class='ocrx_word' id='word_1_784' title='bbox 2402 4813 2489 4861; x_wconf 91' lang='lat' dir='ltr'><strong>est</strong></span> <span class='ocrx_word' id='word_1_785' title='bbox 2510 4804 2711 4871; x_wconf 90' lang='lat' dir='ltr'><strong>visum,</strong></span> <span class='ocrx_word' id='word_1_786' title='bbox 2752 4805 2994 4876; x_wconf 76' lang='lat' dir='ltr'><strong>propriae.</strong></span> <span class='ocrx_word' id='word_1_787' title='bbox 3016 4804 3320 4871; x_wconf 90' lang='lat' dir='ltr'><strong>voluntatis</strong></span> <span class='ocrx_word' id='word_1_788' title='bbox 3348 4804 3591 4859; x_wconf 87' lang='lat' dir='ltr'><strong>habenas</strong></span> 
     </span>
    </p>
   </div>
   <div class='ocr_carea' id='block_1_106' title="bbox 2006 4895 3589 4971">
    <p class='ocr_par' dir='ltr' id='par_1_106' title="bbox 2006 4895 3589 4971">
     <span class='ocr_line' id='line_1_106' title="bbox 2006 4895 3589 4971; baseline -0.003 -17"><span class='ocrx_word' id='word_1_789' title='bbox 2006 4900 2085 4954; x_wconf 90' lang='lat' dir='ltr'><strong>illi</strong></span> <span class='ocrx_word' id='word_1_790' title='bbox 2112 4900 2452 4971; x_wconf 90' lang='lat' dir='ltr'><strong>permittere,</strong></span> <span class='ocrx_word' id='word_1_791' title='bbox 2486 4898 2912 4970; x_wconf 89' lang='lat' dir='ltr'><strong>spontaneisque</strong></span> <span class='ocrx_word' id='word_1_792' title='bbox 2932 4896 3221 4953; x_wconf 91' lang='lat' dir='ltr'><strong>conatibus</strong></span> <span class='ocrx_word' id='word_1_793' title='bbox 3242 4896 3509 4961; x_wconf 91' lang='lat' dir='ltr'><strong>tribuere,</strong></span> <span class='ocrx_word' id='word_1_794' title='bbox 3535 4895 3589 4950; x_wconf 92' lang='lat' dir='ltr'><strong>id</strong></span> 
     </span>
    </p>
   </div>
   <div class='ocr_carea' id='block_1_107' title="bbox 2011 4988 3594 5062">
    <p class='ocr_par' dir='ltr' id='par_1_107' title="bbox 2011 4988 3594 5062">
     <span class='ocr_line' id='line_1_107' title="bbox 2011 4988 3594 5062; baseline -0.003 -17"><span class='ocrx_word' id='word_1_795' title='bbox 2011 4998 2074 5045; x_wconf 91' lang='lat' dir='ltr'><strong>ut</strong></span> <span class='ocrx_word' id='word_1_796' title='bbox 2094 4990 2320 5057; x_wconf 80' lang='lat' dir='ltr'><strong>faceret,</strong></span> <span class='ocrx_word' id='word_1_797' title='bbox 2347 4990 2493 5062; x_wconf 90' lang='lat' dir='ltr'><strong>quod</strong></span> <span class='ocrx_word' id='word_1_798' title='bbox 2528 4990 2747 5046; x_wconf 91' lang='lat' dir='ltr'><strong>libitum</strong></span> <span class='ocrx_word' id='word_1_799' title='bbox 2771 4989 2985 5045; x_wconf 85' lang='lat' dir='ltr'><strong>fuisset.</strong></span> <span class='ocrx_word' id='word_1_800' title='bbox 3022 4988 3322 5060; x_wconf 87' lang='lat' dir='ltr'><strong>Oportebat</strong></span> <span class='ocrx_word' id='word_1_801' title='bbox 3355 4988 3502 5043; x_wconf 89' lang='lat' dir='ltr'><strong>enim</strong></span> <span class='ocrx_word' id='word_1_802' title='bbox 3531 4997 3594 5041; x_wconf 91' lang='lat' dir='ltr'><strong>ut</strong></span> 
     </span>
    </p>
   </div>
   <div class='ocr_carea' id='block_1_108' title="bbox 2012 5077 3595 5152">
    <p class='ocr_par' dir='ltr' id='par_1_108' title="bbox 2012 5077 3595 5152">
     <span class='ocr_line' id='line_1_108' title="bbox 2012 5077 3595 5152; baseline -0.002 -18"><span class='ocrx_word' id='word_1_803' title='bbox 2012 5081 2192 5137; x_wconf 86' lang='lat' dir='ltr'><strong>virtus</strong></span> <span class='ocrx_word' id='word_1_804' title='bbox 2212 5081 2491 5137; x_wconf 88' lang='lat' dir='ltr'><strong>voluntate</strong></span> <span class='ocrx_word' id='word_1_805' title='bbox 2516 5088 2791 5152; x_wconf 87' lang='lat' dir='ltr'><strong>suscepta,</strong></span> <span class='ocrx_word' id='word_1_806' title='bbox 2825 5095 2934 5135; x_wconf 90' lang='lat' dir='ltr'><strong>non</strong></span> <span class='ocrx_word' id='word_1_807' title='bbox 2956 5080 3009 5134; x_wconf 94' lang='lat' dir='ltr'><strong>vi</strong></span> <span class='ocrx_word' id='word_1_808' title='bbox 3039 5077 3381 5133; x_wconf 88' lang='lat' dir='ltr'><strong>necessitatis</strong></span> <span class='ocrx_word' id='word_1_809' title='bbox 3406 5086 3595 5132; x_wconf 81' lang='lat' dir='ltr'><strong>coacta</strong></span> 
     </span>
    </p>
   </div>
   <div class='ocr_carea' id='block_1_109' title="bbox 2017 5167 3594 5242">
    <p class='ocr_par' dir='ltr' id='par_1_109' title="bbox 2017 5167 3594 5242">
     <span class='ocr_line' id='line_1_109' title="bbox 2017 5167 3594 5242; baseline -0.004 -15"><span class='ocrx_word' id='word_1_810' title='bbox 2017 5172 2335 5241; x_wconf 90' lang='lat' dir='ltr'><strong>videretur;</strong></span> <span class='ocrx_word' id='word_1_811' title='bbox 2384 5181 2479 5233; x_wconf 85' lang='lat' dir='ltr'><strong>aut</strong></span> <span class='ocrx_word' id='word_1_812' title='bbox 2514 5173 2589 5229; x_wconf 89' lang='lat' dir='ltr'><strong>ita</strong></span> <span class='ocrx_word' id='word_1_813' title='bbox 2617 5183 2826 5228; x_wconf 80' lang='lat' dir='ltr'><strong>naturae</strong></span> <span class='ocrx_word' id='word_1_814' title='bbox 2868 5172 2984 5242; x_wconf 81' lang='lat' dir='ltr'><strong>lege</strong></span> <span class='ocrx_word' id='word_1_815' title='bbox 3027 5169 3269 5229; x_wconf 87' lang='lat' dir='ltr'><strong>munita,</strong></span> <span class='ocrx_word' id='word_1_816' title='bbox 3304 5177 3365 5222; x_wconf 92' lang='lat' dir='ltr'><strong>ut</strong></span> <span class='ocrx_word' id='word_1_817' title='bbox 3399 5167 3594 5223; x_wconf 86' lang='lat' dir='ltr'><strong>cadere</strong></span> 
     </span>
    </p>
   </div>
   <div class='ocr_carea' id='block_1_110' title="bbox 2011 5260 3593 5337">
    <p class='ocr_par' dir='ltr' id='par_1_110' title="bbox 2011 5260 3593 5337">
     <span class='ocr_line' id='line_1_110' title="bbox 2011 5260 3593 5337; baseline -0.004 -18"><span class='ocrx_word' id='word_1_818' title='bbox 2011 5266 2237 5330; x_wconf 86' lang='lat' dir='ltr'><strong>omnino</strong></span> <span class='ocrx_word' id='word_1_819' title='bbox 2262 5280 2369 5321; x_wconf 92' lang='lat' dir='ltr'><strong>non</strong></span> <span class='ocrx_word' id='word_1_820' title='bbox 2396 5275 2583 5337; x_wconf 88' lang='lat' dir='ltr'><strong>posset</strong></span> <span class='ocrx_word' id='word_1_821' title='bbox 2610 5284 2622 5319; x_wconf 90' lang='lat'><strong>:</strong></span> <span class='ocrx_word' id='word_1_822' title='bbox 2665 5265 2720 5320; x_wconf 92' lang='lat' dir='ltr'><strong>id</strong></span> <span class='ocrx_word' id='word_1_823' title='bbox 2750 5264 2898 5318; x_wconf 89' lang='lat' dir='ltr'><strong>enim</strong></span> <span class='ocrx_word' id='word_1_824' title='bbox 2938 5261 3013 5316; x_wconf 90' lang='lat' dir='ltr'><strong>illi</strong></span> <span class='ocrx_word' id='word_1_825' title='bbox 3049 5275 3319 5330; x_wconf 79' lang='lat' dir='ltr'><strong>supremae</strong></span> <span class='ocrx_word' id='word_1_826' title='bbox 3348 5260 3593 5314; x_wconf 91' lang='lat' dir='ltr'><strong>omnium</strong></span> 
     </span>
    </p>
   </div>
   <div class='ocr_carea' id='block_1_111' title="bbox 2009 5352 3594 5428">
    <p class='ocr_par' dir='ltr' id='par_1_111' title="bbox 2009 5352 3594 5428">
     <span class='ocr_line' id='line_1_111' title="bbox 2009 5352 3594 5428; baseline -0.005 -16"><span class='ocrx_word' id='word_1_827' title='bbox 2009 5358 2262 5423; x_wconf 65' lang='lat' dir='ltr'><strong>essentia:</strong></span> <span class='ocrx_word' id='word_1_828' title='bbox 2312 5367 2476 5428; x_wconf 91' lang='lat' dir='ltr'><strong>atque</strong></span> <span class='ocrx_word' id='word_1_829' title='bbox 2518 5355 2857 5413; x_wconf 72' lang='lat' dir='ltr'><strong>excellentia:</strong></span> <span class='ocrx_word' id='word_1_830' title='bbox 2906 5352 3187 5423; x_wconf 89' lang='lat' dir='ltr'><strong>proprium</strong></span> <span class='ocrx_word' id='word_1_831' title='bbox 3244 5359 3346 5407; x_wconf 91' lang='lat' dir='ltr'><strong>est.</strong></span> <span class='ocrx_word' id='word_1_832' title='bbox 3398 5352 3594 5407; x_wconf 84' lang='lat' dir='ltr'><strong>Postea</strong></span> 
     </span>
    </p>
   </div>
   <div class='ocr_carea' id='block_1_112' title="bbox 2012 5441 3593 5520">
    <p class='ocr_par' dir='ltr' id='par_1_112' title="bbox 2012 5441 3593 5520">
     <span class='ocr_line' id='line_1_112' title="bbox 2012 5441 3593 5520; baseline -0.004 -18"><span class='ocrx_word' id='word_1_833' title='bbox 2012 5465 2142 5504; x_wconf 84' lang='lat' dir='ltr'><strong>vero</strong></span> <span class='ocrx_word' id='word_1_834' title='bbox 2177 5465 2342 5520; x_wconf 88' lang='lat' dir='ltr'><strong>quam</strong></span> <span class='ocrx_word' id='word_1_835' title='bbox 2387 5448 2625 5519; x_wconf 70' lang='lat' dir='ltr'><strong>proprim</strong></span> <span class='ocrx_word' id='word_1_836' title='bbox 2653 5455 2864 5500; x_wconf 67' lang='lat' dir='ltr'><strong>natura:</strong></span> <span class='ocrx_word' id='word_1_837' title='bbox 2902 5442 3206 5497; x_wconf 87' lang='lat' dir='ltr'><strong>rationibus</strong></span> <span class='ocrx_word' id='word_1_838' title='bbox 3246 5442 3351 5497; x_wconf 88' lang='lat' dir='ltr'><strong>hoc</strong></span> <span class='ocrx_word' id='word_1_839' title='bbox 3393 5441 3593 5496; x_wconf 84' lang='lat' dir='ltr'><strong>animal</strong></span> 
     </span>
    </p>
   </div>
   <div class='ocr_carea' id='block_1_113' title="bbox 2013 5533 3593 5608">
    <p class='ocr_par' dir='ltr' id='par_1_113' title="bbox 2013 5533 3593 5608">
     <span class='ocr_line' id='line_1_113' title="bbox 2013 5533 3593 5608; baseline -0.008 -12"><span class='ocrx_word' id='word_1_840' title='bbox 2013 5542 2324 5597; x_wconf 84' lang='lat' dir='ltr'><strong>absolutum</strong></span> <span class='ocrx_word' id='word_1_841' title='bbox 2363 5540 2466 5594; x_wconf 81' lang='lat' dir='ltr'><strong>fuit</strong></span> <span class='ocrx_word' id='word_1_842' title='bbox 2503 5536 2698 5608; x_wconf 85' lang='lat' dir='ltr'><strong>opiﬁce</strong></span> <span class='ocrx_word' id='word_1_843' title='bbox 2748 5537 2878 5600; x_wconf 85' lang='lat' dir='ltr'><strong>Deo,</strong></span> <span class='ocrx_word' id='word_1_844' title='bbox 2915 5534 3097 5589; x_wconf 85' lang='lat' dir='ltr'><strong>statim</strong></span> <span class='ocrx_word' id='word_1_845' title='bbox 3144 5533 3288 5588; x_wconf 88' lang='lat' dir='ltr'><strong>illius</strong></span> <span class='ocrx_word' id='word_1_846' title='bbox 3335 5533 3593 5588; x_wconf 85' lang='lat' dir='ltr'><strong>similitu—</strong></span> 
     </span>
    </p>
   </div>
   <div class='ocr_carea' id='block_1_114' title="bbox 2014 5622 3597 5701">
    <p class='ocr_par' dir='ltr' id='par_1_114' title="bbox 2014 5622 3597 5701">
     <span class='ocr_line' id='line_1_114' title="bbox 2014 5622 3597 5701; baseline -0.008 -16"><span class='ocrx_word' id='word_1_847' title='bbox 2014 5633 2140 5685; x_wconf 73' lang='lat' dir='ltr'><strong>dine</strong></span> <span class='ocrx_word' id='word_1_848' title='bbox 2165 5630 2451 5701; x_wconf 69' lang='lat' dir='ltr'><strong>praeditum</strong></span> <span class='ocrx_word' id='word_1_849' title='bbox 2482 5636 2582 5683; x_wconf 76' lang='lat' dir='ltr'><strong>est.</strong></span> <span class='ocrx_word' id='word_1_850' title='bbox 2612 5627 2877 5696; x_wconf 79' lang='lat' dir='ltr'><strong>lmpressa</strong></span> <span class='ocrx_word' id='word_1_851' title='bbox 2913 5625 3056 5679; x_wconf 76' lang='lat' dir='ltr'><strong>enim</strong></span> <span class='ocrx_word' id='word_1_852' title='bbox 3086 5626 3140 5678; x_wconf 93' lang='lat' dir='ltr'><strong>in</strong></span> <span class='ocrx_word' id='word_1_853' title='bbox 3172 5625 3264 5678; x_wconf 84' lang='lat' dir='ltr'><strong>illo</strong></span> <span class='ocrx_word' id='word_1_854' title='bbox 3294 5634 3377 5678; x_wconf 77' lang='lat' dir='ltr'><strong>est</strong></span> <span class='ocrx_word' id='word_1_855' title='bbox 3401 5622 3597 5676; x_wconf 72' lang='lat' dir='ltr'><strong>divinze</strong></span> 
     </span>
    </p>
   </div>
   <div class='ocr_carea' id='block_1_115' title="bbox 1523 5806 2109 5870">
    <p class='ocr_par' dir='ltr' id='par_1_115' title="bbox 1523 5806 2109 5870">
     <span class='ocr_line' id='line_1_115' title="bbox 1523 5806 2109 5870; baseline -0.002 -11"><span class='ocrx_word' id='word_1_856' title='bbox 1523 5807 1562 5835; x_wconf 80' lang='grc'><strong>³⁷</strong></span> <span class='ocrx_word' id='word_1_857' title='bbox 1601 5806 1740 5859; x_wconf 72' lang='lat' dir='ltr'><strong>Psal.</strong></span> <span class='ocrx_word' id='word_1_858' title='bbox 1799 5822 1978 5870; x_wconf 66' lang='lat' dir='ltr'><strong>CXVIII,</strong></span> <span class='ocrx_word' id='word_1_859' title='bbox 2027 5806 2109 5858; x_wconf 74' lang='grc'><strong>18.</strong></span> 
     </span>
    </p>
   </div>
  </div>
