4076 6306
514 362 616 419 H7

1482 410 1490 417 .
1535 360 1591 418 s.
1632 326 1907 419 evntLu
1945 364 2417 438 numnam
2455 367 2773 431 ARClllEP.

3689 358 3794 424 ιιε

515 483 696 553 imago
721 490 947 548 naturae,
967 482 1234 552 mspirato
1253 479 1463 551 Spiritu
1482 488 1690 536 sancto.
1709 482 1833 551 Ipse
1856 498 2089 554 namque

2211 489 2336 551 ὶύτὸ
2368 486 2470 557 γάρ
2500 490 2647 539 ἔστιν
2674 484 2703 553 ὴ
2736 478 2870 553 πνοή
2911 484 3012 553 τῆς
3039 481 3205 551 ζωῆς,
3231 479 3353 534 ὲπεί
3376 496 3464 534 τοι
3496 476 3618 549 ζωὴ
3651 478 3792 542 κατά

512 581 598 630 est
621 571 847 643 spiritus
874 571 964 627 ille
1000 570 1146 637 vitae,
1176 567 1623 641 quandoquidem
1661 570 1965 628 secundum
1990 588 2089 628 na-

513 672 695 719 turam
720 662 832 717 vlta
848 661 994 717 Deus
1018 671 1120 717 est.

582 752 780 809 PALL.
817 753 1031 825 Ergone
1068 752 1252 808 anima
1277 752 1486 809 homini
1509 753 1731 811 divinus
1760 754 1989 827 spiritus
2008 765 2092 812 est

512 847 692 903 factus
707 847 730 900 ?

584 939 742 995 (ΠΒ.
783 936 1069 1006 Quomodo
1100 953 1210 993 non
1253 937 1712 994 absurdissimum
1743 940 1819 995 sit
1854 940 1928 994 ita
1964 954 2091 994 sen-

519 1031 656 1091 tire?
691 1030 783 1085 Sic
809 1030 957 1086 enim
986 1030 1342 1089 immutabilis
1373 1030 1493 1101 ipsa
1522 1047 1742 1102 quoque
1772 1032 1953 1093 anima
1972 1047 2096 1100 per-

516 1124 843 1190 mansisset;
880 1137 1031 1178 nunc
1066 1138 1200 1178 vero
1226 1123 1508 1179 mutabilis
1547 1131 1651 1178 est.
1686 1122 1964 1178 Mutabilis
1993 1110 2093 1177 au-

518 1224 632 1271 tem
663 1213 818 1270 nullo
864 1212 1028 1269 modo
1070 1212 1297 1285 spiritus
1342 1222 1461 1281 est;
1493 1223 1621 1279 aut,
1676 1214 1723 1268 si
1775 1213 2098 1269 mutationis

519 1303 715 1358 morbo
755 1302 991 1367 laborat,
1022 1302 1091 1357 ad
1116 1302 1291 1373 ipsam
1340 1303 1437 1358 Dei
1473 1311 1723 1359 naturam
1773 1303 1890 1359 haec
1944 1304 2097 1359 labes

483 1393 858 1463 .pertinebit;
894 1391 1165 1462 siquidem
1198 1406 1284 1449 est
1321 1393 1418 1450 Dei
1444 1402 1500 1450 et
1531 1395 1707 1450 Patris
1737 1405 1793 1450 et
1826 1396 1972 1463 Filii,
2006 1396 2097 1451 ille

518 1493 615 1563 qui
645 1491 1080 1547 substantialiter
1129 1504 1203 1547 ex’
1246 1502 1499 1563 utroque,
1536 1493 1795 1548 nimirum
1835 1510 1902 1549 ex
1939 1495 2099 1550 Patre

519 1600 618 1655 per
656 1583 857 1668 Filium
880 1582 1108 1654 proﬂuit
1154 1582 1411 1653 Spiritus.
1447 1583 1689 1639 Stultum
1719 1583 1887 1655 igitur
1931 1583 2101 1639 fuerit

519 1682 713 1743 putare
735 1681 983 1727 sanctum
1000 1670 1263 1742 Spiritum
1286 1671 1340 1727 in
1362 1672 1597 1729 animam
1612 1687 1734 1727 esse
1751 1687 2098 1737 conversum,

522 1775 579 1821 et
606 1765 664 1819 in
710 1764 950 1835 hominis
986 1762 1246 1818 transisse
1275 1771 1548 1818 naturam.
1596 1762 1705 1817 Sed
1741 1762 1969 1818 formata
2010 1762 2101 1817 illa

2193 575 2355 646 φύσιν
2381 577 2409 629 ό
2436 574 2588 639 Θεός.

2263 750 2472 805 ΠΔΛΛ.
2503 744 2631 823 'Ap'
2661 744 2754 804 οῦν
2780 745 2929 818 ψυχὴ
2954 744 3035 817 τῷ
3070 742 3345 815 ἀνθρώπῳ
3374 742 3439 795 τὸ
3473 742 3630 796 θεῖον
3670 740 3793 815 ἐγέ-

2195 859 2317 897 νετο
2341 843 2562 912 πνεῦμα
2585 859 2598 908 ;

2265 934 2430 988 ΚΥΡ.
2464 934 2575 989 Καὶ
2611 932 2730 997 πῶς
2760 932 2860 986 οὐκ
2887 931 3085 986 ἄτοπον
3109 928 3307 1001 κομιδῇ
3345 927 3408 982 τὸ
3434 926 3575 997 τῇδε
3613 926 3792 989 νοεῖν;

2196 1021 2272 1079 Ἦ
2297 1024 2407 1097 γὰρ
2436 1024 2503 1079 ἂν
2536 1024 2823 1096 ἄτρεπτος,
2859 1021 2956 1075 καὶ
2992 1021 3132 1092 αὐτή
3172 1036 3275 1073 που
3302 1015 3730 1089 διαμεμένηκεν
3759 1017 3792 1084 ὴ

2195 1117 2340 1188 ψυχή
2361 1133 2376 1149 ο
2408 1115 2525 1169 νυνὶ⁹
2556 1113 2613 1167 δέ
2642 1115 2758 1167 ἐστι
2790 1113 3020 1184 τρεπτή.
3062 1109 3309 1182 Τρεπτὸν
3336 1109 3394 1163 δὲ
3429 1105 3564 1162 οῦτι
3600 1123 3708 1160 που
3735 1106 3796 1160 τὸ

2198 1208 2416 1279 πνεῦμά
2437 1210 2603 1261 ἐστιν.
2628 1206 2701 1259 Ἢ
2719 1205 2835 1258 εἷπε
2844 1220 2875 1275 ρ
2901 1202 2962 1256 τὸ
2983 1199 3282 1273 τρέπεσθαι
3308 1200 3480 1263 νοσεῖ,
3505 1196 3600 1250 ἐπ’
3623 1195 3797 1264 αὐτὴν

2196 1301 2225 1353 ὁ
2256 1297 2445 1372 μῶμος
2470 1300 2566 1370 τὴν
2595 1295 2743 1350 θείαν
2776 1294 3165 1366 ἀναδραμεῖται
3199 1291 3399 1361 φύσιν;
3445 1287 3623 1359 εἴπερ
3672 1285 3793 1339 ἐστὶ

2197 1392 2291 1445 τοῦ
2327 1390 2460 1445 Θεοῦ
2488 1392 2580 1445 καὶ
2611 1389 2858 1461 Πατρὸς,
2889 1384 2984 1438 καὶ
3016 1385 3122 1455 μὴν
3159 1384 3255 1438 καὶ
3280 1380 3376 1436 τοῦ
3410 1378 3577 1445 Υἱοῦ,
3613 1376 3680 1429 τὸ
3710 1375 3797 1429 οὐ·

2202 1480 2407 1545 σιωδῶς
2434 1481 2493 1548 ἐξ
2520 1482 2743 1553 ἀμφοῖν,
2772 1481 2939 1551 ἤγουν
2972 1477 3038 1529 ὲκ
3064 1474 3279 1546 Πατρὸς
3300 1473 3367 1526 δι’
3390 1468 3535 1531 Υιοῦ
3563 1465 3799 1538 προχεό-

2204 1589 2364 1643 μενον
2392 1571 2637 1642 Πνεῦμα.
2679 1568 2913 1642 Ἀμαθὲς
2931 1561 3024 1620 οῦν
3047 1565 3155 1637 ἀρα
3182 1563 3243 1618 τὸ
3266 1566 3346 1626 εἰς
3368 1561 3562 1633 ψυχὴν
3588 1558 3798 1612 οἴεσθαι

2172 1736 2179 1743 ν
2205 1664 2652 1737 μεταπεπλάσθαι
2677 1663 2739 1716 τὸ
2777 1660 3025 1731 Πνεῦμα.
3052 1658 3146 1713 καὶ
3179 1659 3260 1721 εἰς
3295 1652 3604 1726 ἀνθρώπου
3637 1666 3801 1743 μετα-

2203 1754 2450 1828 χωρῆσαι
2471 1754 2649 1823 φύσιν.
2669 1753 2807 1807 Ἀλλ’
2831 1748 3097 1822 ἐψυχοῦτο
3128 1748 3226 1820 μὲν
3249 1748 3311 1801 τὸ
3330 1738 3798 1813 πλαστουργηθὲν

522 1872 703 1912 massa
732 1826 999 1913 ineﬂabili
1033 1855 1138 1926 ιο
1164 1855 1367 1911 virtute
1397 1855 1635 1915 animata
1656 1853 1781 1920 fuit,
1810 1864 1867 1909 et
1899 1853 2100 1910 evesti-

2211 1821 2435 1918 ἇρρἤῳ
2462 1821 2689 1916 δυνάμει
2713 1862 2726 1873 ·
2768 1821 3199 1897 κατεκαλλύνετο
3241 1837 3300 1891 δὲ
3333 1833 3691 1926 παραχρῆμα
3721 1831 3796 1926 ⁸’τῇ

525 1950 616 2023 gio
643 1948 879 2020 Spiritus
911 1947 1085 2003 sancti
1129 1962 1358 2011 munere
1405 1947 1696 2013 decorata;
1740 1962 1919 2017 neque
1954 1946 2102 2002 enim

525 2042 634 2097 alia
658 2041 871 2097 ratione
905 2040 1093 2096 divina
1126 2040 1360 2112 imagine
1392 2040 1556 2096 ditari
1590 2048 1923 2110 poteramus.

598 2133 796 2190 PALL.
824 2135 994 2190 Βεοιε
1028 2132 1127 2187 ais.

596 2225 754 2282 ΟΥΕ.
787 2223 929 2295 Huic
963 2223 1133 2295 igitur
1153 2222 1373 2294 opiﬁcio
1421 2224 1502 2279 sic
1544 2233 1826 2289 exornato,
1866 2221 2103 2293 paradisi

525 2317 704 2382 sedes,
737 2316 795 2379 in
823 2315 1027 2387 quibus
1053 2326 1385 2379 versaretur,
1420 2313 1648 2385 largitus
1665 2323 1751 2369 est
1788 2314 1953 2368 Deus.
1996 2312 2105 2367 Sed

526 2410 657 2482 quia
689 2424 909 2480 aequum
936 2416 1075 2473 erat,
1105 2406 1385 2463 hominem
1433 2405 1511 2471 ita
1534 2412 1878 2470 exornatum,
1897 2413 1955 2461 et
1989 2418 2103 2459 coe-

526 2501 749 2557 lestium
795 2498 1068 2557 bonorum
1119 2498 1275 2568 copia
1334 2496 1648 2566 praeditum,
1695 2511 1807 2550 non
1840 2494 1998 2550 facile
2049 2493 2105 2548 in

526 2592 895 2664 arrogantiam
921 2590 1171 2664 pertrahi
1203 2591 1405 2652 sinere,
1438 2603 1547 2643 non
1571 2597 1955 2659 agnoscentem
1988 2602 2106 2641 ser-

525 2683 623 2739 vili
650 2698 711 2739 se
740 2696 861 2743 esse
907 2678 1618 2747 conditione,modumque
1677 2684 1891 2731 certum
1935 2675 2113 2739 servis

526 2787 648 2828 esse
704 2772 1068 2829 constitutum
1113 2769 1226 2841 (ille
1270 2784 1510 2838 namque
1559 2768 1703 2837 latus
1767 2766 1835 2821 ad
1879 2764 2108 2838 gloriam

526 2879 742 2929 cursus,
776 2874 834 2920 et
867 2861 1161 2925 immodica
1186 2861 1432 2926 libertas,
1463 2859 1531 2914 ad
1560 2858 1916 2929 supercilium
1937 2865 2110 2913 etex-

527 2955 798 3013 secrabile
829 2954 1027 3010 vitium
1053 2950 1370 3024 pertrahit),
1429 2951 1555 3011 ideo
1596 2951 1685 3006 lex
1713 2949 1793 3004 illi
1822 2949 2109 3007 continen-

527 3046 619 3102 tia:
643 3045 768 3101 data
797 3050 902 3110 est,
934 3059 1057 3115 quae
1095 3041 1312 3099 occasio
1336 3041 1411 3096 illi
1440 3050 1587 3096 esset
1610 3039 1902 3095 Dominum
1942 3046 2115 3114 agnos.

2202 1937 2297 1992 τοῦ
2330 1936 2640 2008 πνεύματος
2664 1936 2824 2003 δόσει.
2857 1930 2967 1988 Ἦν
2998 1932 3107 2002 γὰρ
3143 1930 3243 2000 οὐχ
3271 1926 3479 1998 ἑτέρως
3506 1923 3614 1993 τὴν
3648 1918 3797 1974 θείαν

2203 2031 2352 2100 ἡμᾶς
2380 2029 2564 2085 εἰκόνα
2590 2027 2847 2092 δύνασθαι
2874 2023 3143 2088 πλουτεῖν.

2277 2119 2486 2177 ΠΔΛΛ.
2519 2116 2596 2174 Εῦ
2628 2118 2825 2190 λέγεις.

2277 2210 2442 2266 ΚΥΡ.
2473 2208 2915 2279 Κατακοσμήσας
2946 2205 3010 2278 δὴ
3036 2201 3130 2259 οῦν
3157 2202 3219 2257 τὸ
3236 2200 3486 2272 τέχνημα
3516 2193 3679 2259 Θεὸς,
3702 2190 3797 2261 τὴν

2205 2311 2263 2362 ὲν
2289 2302 2600 2377 παραδείσῳ
2621 2300 2835 2355 δίαιταν
2864 2295 3168 2369 ἐχαρίζετο.
3217 2290 3440 2360 Ἐπειδὴ
3470 2288 3533 2343 δὲ
3568 2285 3679 2340 εδει
3698 2282 3796 2377 τὸν

2204 2374 2384 2463 οὕτως
2415 2391 2919 2466 κατηγλαῖσμένον,
2962 2388 3058 2445 καὶ
3084 2389 3151 2460 τῇ
3178 2384 3287 2438 τῶν
3315 2382 3530 2438 ἀνωθεν
3574 2374 3797 2446 ἀγαθῶν

2205 2488 2439 2560 ἀφθονίᾳ
2486 2482 2926 2556 κατεστεμμένον
2949 2519 2964 2546 ,
3012 2478 3087 2552 μὴ
3135 2476 3373 2537 εὐκόλως
3414 2466 3795 2560 ἀναφέρεσθαι

2207 2556 2345 2652 πρὸς
2389 2556 2708 2640 ἀλαζονείαν
2751 2575 2866 2645 ὲᾷν,
2897 2569 3198 2640 ἀγνοοῦντα
3241 2567 3341 2638 τὴν
3378 2563 3657 2627 δουλείαν,
3705 2556 3796 2652 καὶ

2207 2648 2283 2736 ὡς
2311 2670 2426 2739 ἔστι
2454 2668 2649 2739 μέτρον
2683 2665 2791 2720 τῶν
2816 2661 3101 2718 οίκετικῶν
3133 2658 3213 2732 (τὸ
3247 2658 3355 2728 γάρ
3389 2672 3475 2710 τοι
3510 2653 3637 2708 λίαν
3667 2648 3795 2721 εὐρύ

2210 2764 2346 2833 πρὸς
2380 2738 2443 2815 τὸ
2456 2738 2707 2823 εὐκλεὲς,
2741 2756 2837 2811 καὶ
2863 2754 2924 2808 τὸ
2953 2751 3209 2823 ἀμέτρως
3247 2746 3561 2815 ἐλεύθερον,
3593 2738 3797 2833 ἀποφέ-

2211 2831 2296 2927 ρει
2322 2851 2459 2922 πρὸς
2477 2850 2539 2904 τὸ
2566 2847 2850 2921 ὐπέροφρυ
2880 2843 2974 2896 καὶ⁵
3002 2835 3480 2927 ἐπάρατον
3497 2838 3541 2900 ),
3575 2831 3794 2927 πρόφα-

2213 2917 2295 3006 σις
2325 2917 2474 3010 αὐτῷ
2499 2935 2596 2990 τοῦ
2748 2933 2964 3009 ἀγνοεῖν
2998 2929 3090 2983 τὸν
3125 2925 3424 2996 Δεσπότην,
3464 2917 3798 2994 ἐγκρατείας

2214 3014 2369 3104 ἐδόθη
2398 3031 2562 3100 νόμος
2585 3044 2598 3058 ·
2634 3014 2721 3080 ἵνα
2749 3024 2815 3079 δι’
2860 3020 3027 3085 αὐτοῦ
3057 3019 3277 3083 καλοῖτο
3309 3017 3448 3087 πρὸς
3487 3014 3804 3104 ἀνάμνησιν

489 3162 498 3169 -
526 3133 740 3200 scendi,
757 3142 819 3189 ut
838 3149 936 3204 per
955 3148 1074 3203 eam
1097 3146 1315 3201 semper
1335 3129 1404 3200 ad
1424 3129 1741 3185 memoriam
1764 3104 2109 3185 revocaretur

2215 3125 2303 3179 ἀεὶ
2329 3102 2425 3175 τοῦ
2468 3119 2582 3193 μετ’
2610 3116 2858 3181 ἐξουσίας
2887 3108 3317 3184 προστεταχότος
3336 3147 3351 3172 ,
3387 3104 3481 3159 καὶ
3504 3102 3688 3205 εἰδείη
3715 3115 3804 3159 aa-

529 3225 680 3282 illius
734 3225 831 3296 qui
887 3221 1178 3295 potestatis
1222 3221 1347 3293 jure
1396 3219 1791 3292 praecepisset,
1845 3227 2108 3290 certoque

529 3312 699 3370 sciret
727 3328 787 3368 se
827 3311 1187 3367 dominatoris
1218 3310 1432 3382 legibus
1475 3324 1597 3374 esse
1640 3308 1968 3379 subjectum.
2001 3308 2108 3364 Sed

530 3407 700 3478 impia
728 3406 823 3461 illa
852 3405 1075 3473 Deoque
1102 3417 1269 3456 exosa
1290 3400 1474 3456 bellua
1502 3414 1613 3453 non
1640 3397 1976 3468 quiescebat.

599 3494 795 3552 PALL.
829 3492 1104 3554 Satanam,
1132 3490 1350 3560 opinor,
1374 3488 1655 3561 intelligis,
1678 3486 1773 3557 qui
1806 3502 1838 3551 e
1868 3489 2109 3546 celesti-

529 3590 637 3645 bus
684 3584 915 3641 orbibus
951 3583 1184 3654 fulguris
1230 3582 1405 3636 instar
1449 3580 1702 3654 deiectus,
1740 3591 1826 3639 est
1842 3582 1909 3638 “.
1959 3580 2110 3637 Adeo

531 3679 680 3735 enim
700 3675 900 3748 puerili
927 3674 1162 3730 stultitia
1188 3670 1480 3738 laboravit,
1509 3682 1573 3728 ut
1596 3672 1740 3729 Deus
1769 3688 1890 3729 esse
1918 3673 2105 3736 vellet,

531 3778 589 3826 et
620 3783 743 3840 quae
779 3781 944 3839 supra
982 3772 1233 3821 naturam
1272 3779 1427 3820 suam
1456 3772 1632 3831 erant,
1660 3766 1889 3820 demens
1925 3765 2112 3837 animo,

532 3857 782 3929 ﬁngeret.

602 3948 759 4005 CYR.
794 3946 1009 4018 Optime
1056 3945 1302 4017 conjicis.
1331 3944 1471 4001 Nam
1506 3948 1630 3999 eum
1657 3944 1877 4013 invidia:
1907 3951 1963 4001 et
1987 3960 2113 4016 pec-

534 4040 641 4095 cati
669 4047 817 4094 esset
869 4038 1144 4102 inventor,
1188 4051 1300 4092 non
1355 4036 1462 4091 sibi
1513 4037 1839 4099 cessandum
1876 4037 2108 4108 putavit,

534 4130 831 4203 quominus
862 4127 1008 4191 circa
1038 4135 1313 4182 terrenum
1351 4125 1572 4192 animal,
1600 4127 1655 4181 id
1696 4135 1781 4182 est
1811 4121 2109 4195 hominem,

534 4222 746 4295 aliquid
783 4220 1149 4293 experiretur.
1195 4219 1334 4274 Tum
1367 4218 1498 4275 dolo
1531 4228 1589 4276 et
1617 4220 1827 4291 artibus
1852 4236 1981 4277 eum
2018 4236 2112 4292 ag-

534 4330 775 4387 gressus,
831 4312 905 4369 ad
934 4296 1364 4367 inobedientiam
1394 4313 1682 4383 pertraxit,
1739 4313 1971 4369 muliere
2014 4328 2115 4383 pro

535 4407 901 4463 instrumento
926 4417 1039 4458 suae
1072 4401 1391 4458 calliditatis
1414 4416 1568 4457 usus.
1591 4399 1821 4474 Semper
1842 4399 1988 4458 enim
2014 4414 2115 4455 nos

2157 3192 2182 3215 μ’
2211 3215 2350 3287 φῶς,
2389 3213 2465 3276 ὡς
2490 3192 2661 3264 ἔστιν
2709 3204 3119 3277 ὐπεζευγμένος
3157 3202 3273 3264 τοῖς
3313 3198 3407 3252 τοῦ
3463 3194 3803 3267 κρατοῦντος

2211 3306 2453 3376 θεσμοῖς.
2492 3300 2631 3354 Ἀλλ’
2669 3299 2768 3354 οὐκ
2794 3297 3005 3369 ἠρέμει
3024 3295 3085 3349 τὸ
3109 3294 3324 3349 ἀνόσιον
3351 3292 3528 3344 ἐκεῖνο
3569 3290 3662 3344 καὶ
3691 3287 3802 3342 θεο-

2215 3396 2370 3468 μισὲς
2399 3390 2608 3465 θηρίον.

2280 3487 2493 3543 ΠΑΛΛ.
2522 3484 2693 3552 Φαίης
2721 3482 2787 3536 ἂν
2824 3477 2977 3551 οἶμαί
3020 3494 3122 3532 που
3151 3476 3244 3530 τὸν
3272 3474 3517 3529 Σατανᾶν
3537 3511 3557 3537 ,
3600 3472 3661 3534 ὃς
3695 3466 3799 3521 τῶν

2211 3577 2476 3651 οὐρανίων
2513 3575 2718 3646 ἀψίδων
2773 3571 3062 3642 ἀστραπῆς
3113 3569 3273 3639 δίκην
3329 3561 3791 3651 κατηκοντίζετοε

2211 3646 2387 3726 νοσεῖν
2409 3667 2518 3739 γὰρ
2541 3663 2691 3735 αὐτῷ
2727 3660 3101 3735 μειρακιωδῶς
3129 3659 3304 3714 ἐδόκει
3328 3658 3391 3713 τὸ
3426 3655 3615 3710 θέλειν
3657 3646 3793 3706 εῐναι

2212 3760 2345 3824 Θεὸς
2371 3799 2386 3825 ,
2426 3756 2523 3812 καὶ
2567 3754 2637 3808 τά
2669 3752 2810 3824 ὑπὲρ
2863 3751 3026 3822 φύσιν
3067 3750 3169 3822 τὴν
3202 3748 3405 3815 ἑαυτοῦ,
3444 3741 3794 3818 παραδηλῶν,

2213 3850 2562 3925 ἐφαντάζετο.

2282 3944 2451 4013 ΚΥΡ,
2494 3938 2870 4009 Διατεκμαίρῃ
2894 3933 3096 3998 καλῶς.
3129 3930 3327 3986 Φθόνου
3355 3928 3463 4000 γὰρ
3495 3926 3594 3982 καὶ
3626 3926 3795 4013 ἀμαρ-

2213 4037 2333 4099 τίας
2395 4010 2624 4103 εὐρετὴς
2653 4030 2750 4092 ῶν,
2781 4028 2874 4081 καὶ
2915 4025 3124 4095 πατὴρ,
3159 4021 3458 4093 ἀπρακτεῖν
3496 4018 3602 4071 οὐκ
3645 4010 3794 4086 ἠθελε

2216 4128 2345 4198 περλ⁸
2385 4126 2446 4179 τὸ
2478 4124 2574 4178 ἐπὶ
2610 4122 2716 4192 γῆς
2759 4118 2920 4184 ζῶον,
2965 4114 3300 4176 τοῦτ’έστι,
3351 4112 3443 4165 τὸν
3486 4109 3793 4198 ἄνθρωπον.

2215 4197 2350 4275 Εἷτα
2393 4216 2529 4285 δόλῳ
2573 4213 2670 4269 καὶ
2705 4210 2946 4272 ἀπάταις
2989 4204 3259 4269 ὑπελθὼν,
3300 4203 3682 4273 παρεκόμισεν
3719 4197 3796 4285 είς

2217 4309 2522 4384 παρακοὴν,
2554 4301 2892 4375 πανουργίας
2913 4298 3137 4370 ὀργάνῳ,
3157 4294 3234 4366 τῷ
3259 4293 3465 4384 γυναίῳ
3491 4290 3792 4384 χρώμενος.

2230 4377 2341 4455 Ἀεὶ
2370 4377 2481 4469 γάρ
2511 4411 2630 4458 πως
2671 4392 2818 4464 ἡμᾶς
2864 4386 3219 4455 κατασείουσι
3254 4385 3389 4455 πρὸς
3421 4382 3481 4434 τὸ
3525 4377 3791 4469 ἀκαλλὲς,

535 4498 605 4555 ad
637 4495 1056 4568 turpitudinem,
1091 4494 1198 4550 hoc
1228 4502 1346 4561 est,
1380 4494 1445 4550 ad
1480 4467 1766 4566 peccatum
1802 4493 2109 4564 impellunt,

2220 4491 2367 4547 τοῦτ’
2389 4467 2562 4552 ἔστιν,
2595 4486 2677 4548 εἰς
2695 4481 2993 4555 ἁμαρτίαν,
3017 4479 3073 4533 αἱ
3107 4479 3203 4531 σὺν
3231 4477 3362 4547 ἡμῖν
3385 4490 3446 4526 τε
3466 4472 3562 4529 καὶ
3583 4473 3643 4525 ὲν

535 4605 659 4665 qua!
680 4588 969 4647 nobiscum
986 4595 1043 4668 et
1069 4586 1125 4641 in
1154 4586 1317 4643 nobis
1345 4586 1624 4655 exsistunt
1641 4585 1948 4659 voluptates
1967 4601 1981 4650 ;
1997 4599 2119 4642 mu—.

533 4685 638 4741 lier
683 4690 867 4759 autem
914 4680 1086 4753 ﬁgura
1128 4689 1210 4737 est
1246 4680 1577 4760 voluptatis;
1617 4677 1899 4733 blanditiis
1954 4691 2119 4747 porro

533 4775 877 4847 voluptatum
902 4772 1119 4829 illectus
1155 4772 1371 4828 animus
1407 4769 1724 4842 frequenter
1757 4767 1826 4824 ad
1858 4768 1941 4833 id,
1970 4766 2117 4839 quod

535 4868 764 4934 minime
809 4865 1049 4931 volebat,
1082 4865 1381 4936 delabitur.
1422 4864 1579 4933 Quod
1626 4864 1796 4936 igitur
1842 4863 1897 4918 in
1945 4864 2120 4919 Adam

535 4972 798 5031 tanquam
823 4956 881 5013 in
909 4956 1179 5023 crassiore
1209 4956 1447 5026 quadam
1477 4972 1661 5012 rerum
1687 4953 1922 5031 imagine
1951 4954 2117 5010 etiam

534 5048 787 5111 sensibili
822 5045 988 5105 modo
1020 5045 1345 5101 usuvenisse
1373 5045 1762 5117 conspicimus,
1792 5045 1899 5100 hoc
1938 5043 2116 5115 ipsum

536 5148 592 5203 in
634 5156 965 5216 unoquoque
992 5146 1246 5195 nostrum
1289 5138 1561 5209 spirituali
1594 5138 1757 5194 modo
1794 5154 1858 5194 ac
1885 5138 2118 5194 latenter

537 5233 776 5311 impleri,
805 5231 954 5288 haud
1001 5227 1226 5285 difﬁcile
1275 5238 1361 5284 est
1402 5227 1612 5284 videre.
1663 5228 1927 5300 Voluptas
1972 5227 2119 5284 enim

539 5322 809 5395 all‘ulgens
855 5322 1148 5395 praestigiis
1198 5319 1315 5377 suis
1360 5318 1593 5374 fascinat
1631 5328 1908 5383 mentem,
1948 5332 2125 5388 eoque

540 5415 807 5489 paulatim
838 5415 1086 5481 deducit,
1122 5425 1185 5470 ut
1217 5412 1554 5469 arbitremur
1570 5411 1686 5482 jam
1722 5410 1929 5465 nullius
1964 5410 2124 5480 plane

543 5502 808 5558 momenti
836 5517 959 5558 esse
986 5502 1189 5559 divinae
1220 5501 1358 5574 legis
1384 5499 1757 5557 violationem.
1799 5499 1970 5570 quue
1992 5514 2124 5554 con-

546 5593 724 5649 ﬁrmat
754 5594 842 5651 ille
871 5592 1077 5650 Christi
1111 5595 1432 5666 discipulus,
1478 5609 1603 5650 cum
1646 5592 1779 5648 dicit
1802 5608 1823 5643 .2
1878 5612 1892 5641 ι
1932 5591 2122 5659 Nemo,

617 5773 661 5806 ³⁸
683 5771 817 5827 Luc.
852 5788 904 5837 ι,
931 5772 1021 5827 18.

2223 4583 2433 4659 ἡδοναί’
2461 4578 2653 4653 ἡδονῆς
2676 4553 2948 4639 δὲτύπος,
2978 4571 3010 4641 ἡ
3036 4570 3206 4659 γυνής
3232 4563 3493 4659 θωπείαις
3519 4562 3577 4614 δὲ
3598 4553 3793 4659 ταῖς-ἐξ

2223 4652 2424 4747 ’ἡδονῶν
2456 4667 2682 4726 καταθεῖ
2730 4662 2990 4725 πολλάκις
3022 4659 3113 4712 ἐπὶ
3155 4655 3216 4709 τὸ
3239 4652 3558 4747 ἀνεθέλητον
3588 4652 3618 4703 ό
3653 4652 3790 4747 vani-

2227 4733 2403 4839 'Drtsp
2455 4757 2549 4818 οῦν
2583 4762 2642 4814 ὲν
2698 4755 2871 4826 ’Δδὰμ
2905 4753 2982 4815 ὡς
3024 4753 3083 4803 ὲν
3122 4747 3287 4839 πάχει
3319 4742 3677 4839 πραγμάτων.
3705 4733 3795 4790 καὶ

2224 4831 2499 4932 αἰσθητῶς
2532 4854 2728 4926 ὁρᾶται
2764 4843 3142 4919 συμϐεϐηκὸς,
3172 4838 3331 4895 τοῦτο
3359 4837 3456 4932 καὶΣ
3494 4839 3552 4889 ὲν
3586 4831 3793 4932 ἑκάστῳ

2223 4917 2331 5008 τῶν
2366 4917 2496 5007 καθ’⁷
2516 4917 2686 5017 ἡμᾶς,
2725 4917 2934 5012 νοητῶς
2961 4953 3021 4989 τε
3047 4934 3143 4989 καὶ
3166 4926 3567 5017 κεκρυμμένως
3591 4917 3790 5017 κατίδοι

2222 5065 2308 5111 τις
2333 5044 2402 5099 ἀν
2432 5014 2641 5114 πλη-ρού
2651 5050 2830 5107 μενον.
2867 5023 3356 5114 Προανατέλλουσα
3371 5016 3480 5089 γὰρ
3697 5023 3790 5114 καῖ

2223 5096 2664 5208 έᾷᾏίᾷἧτεύεῖτδᾴ
2680 5126 2825 5191 νοῦν,
2857 5096 2952 5177 καὶ
2968 5117 3110 5208 κατά
3135 5112 3306 5186 βραχύ
3579 5096 3791 5208 πρὸςπὸ

2223 5192 2430 5285 οἴεσθαι
2455 5223 2662 5287 λοιπὸν,
2704 5220 2764 5273 τὸ
2806 5214 2971 5289 μηδὲν
3002 5205 3142 5264 εῖναι
3179 5200 3489 5266 παντελῶς,
3519 5198 3613 5254 τοῦ
3655 5192 3791 5291 θείου

2222 5324 2388 5393 νόμου
2415 5316 2749 5390 παράϐασιν.
2782 5308 2895 5364 Καὶ
2941 5295 3479 5393 πιστώσεταιᾳλέίοων
3511 5293 3792 5393 ὁ-Χριστοιί

2588 5402 2792 5474 Μηδεὶς
2830 5393 3245 5482 πειραζόμενος,
3289 5386 3496 5482 λεγέτω
3543 5384 3624 5437 δτι

2223 5475 2731 5569 Θεοῦ-πειράζομαι.
2756 5491 2817 5544 '0
2833 5487 2940 5559 γὰρ
2954 5483 3088 5545 Θεὸς
3108 5475 3440 5569 ἀπείραστός
3463 5477 3578 5528 ἐστι
3592 5475 3791 5569 κακῶν*

2230 5562 2565 5664 πειράζείδὲ
2616 5562 2781 5647 αὐτὸς
2819 5576 3028 5634 οὐδένα.
3070 5570 3345 5632 Ἕκαστος
3384 5567 3445 5661 δὲ
3486 5562 3791 5633 πειράζεται
