4076 6306
313 333 420 391 N9

1060 337 1144 391 DE
1182 335 1624 394 ADORATIONE
1665 339 1733 394 IN
1772 339 2045 397 SPIRITU
2086 340 2174 396 ET
2216 341 2517 397 νΕιιιτΑΤ
2520 342 2585 397 Ε.
2625 342 2753 397 LIB.
2795 343 2836 397 1.

3475 340 3578 403 150

309 447 420 500 ὑπὸ
444 446 543 515 τῆς
578 445 719 510 ιδίας
750 445 1046 516 ἐπιθυμίας
1073 447 1425 518 ἐξελκόμενος
1454 451 1550 505 καί
1570 452 1889 524 δελεαζόμε-

2008 455 2125 511 lum
2184 464 2448 522 tentatur,
2485 455 2634 511 dicat
2664 457 2812 526 quod
2863 473 2893 511 a
2946 458 3059 513 Deo
3120 467 3381 516 tentatur.
3433 461 3577 517 Deus

310 556 420 603 νος.
454 535 587 593 Εῐτα
621 539 655 608 ἡ
685 538 951 609 ἐπιθυμία
991 538 1329 595 συλλαϐοῦσα
1373 542 1550 596 τίκτει
1579 544 1885 616 ἁμαρτίανο

311 631 340 699 1]
372 629 430 682 δὲ
456 627 700 699 ἁμαρτία
727 628 1168 696 ἀποτελεσθεῖσα,
1199 631 1433 686 ἀποκύει
1463 634 1712 713 θάνατον.

1993 545 2143 601 enim
2180 547 2480 602 intentator
2502 547 2771 601 malorum
2795 556 2912 614 est;
2953 547 3067 619 ipse
3096 558 3279 606 autem
3301 550 3575 606 neminem

1995 644 2190 693 tentat.
2221 637 2610 707 Unusquisque
2635 647 2818 692 autem
2849 648 3093 695 tentatur
3127 657 3157 696 a
3180 643 3578 714 concupiscen-

307 725 390 779 tia
443 739 542 779 sua
607 724 919 780 abstractus
970 733 1028 781 et
1075 726 1312 783 illectus.
1350 728 1560 785 Deinde
1598 731 2084 803 concupiscentia,
2133 746 2258 786 cum
2316 731 2675 803 conceperit,
2726 731 2872 802 parit
2925 744 3244 804 peccatum;
3292 743 3576 806 peccatum

305 824 519 881 autem,
556 830 682 871 cum
738 824 1174 871 consummatum
1225 817 1410 886 fuerit,
1461 830 1685 892 generat
1730 830 1964 877 mortem
1984 822 2048 875 π.
2091 839 2110 872 ι

385 908 595 961 ΠΔΔΛ.
640 907 904 978 Ἀτρεκὴς
927 909 956 960 6
978 907 1158 977 λόγος.

387 997 552 1051 ΚΥΡ.
585 996 1044 1070 ’Δπεμπολήσασα
1063 999 1126 1072 δὴ
1142 998 1235 1055 οὖν
1251 1002 1352 1074 τὴν
1378 1005 1530 1077 παρὰ
1551 1005 1686 1060 Θεοῦ
1711 1007 1893 1079 χάριν,

314 1088 413 1142 καὶ
438 1087 785 1159 γυμνωθεῖσα
807 1089 909 1161 ήδη
942 1089 1052 1146 τῶν
1084 1091 1142 1146 ἐν
1162 1095 1357 1165 ἀρχαῖς
1384 1096 1624 1166 ἀγαθῶν,
1656 1098 1892 1170 ἐξεπέμ-

316 1195 453 1232 πετο
494 1178 591 1251 μὲν
624 1177 721 1234 τοῦ
753 1180 1084 1251 παραδείσου
1110 1184 1209 1255 τῆς
1232 1186 1464 1258 τρυφῆς
1492 1189 1894 1259 μετεπλάττετο

316 1269 379 1323 δέ
406 1268 540 1349 πρὸς
565 1268 628 1323 τὸ
652 1269 886 1335 ἀκαλλὲς
911 1271 1074 1338 εὐθὺς
1101 1274 1134 1345 ἡ
1161 1274 1451 1348 ἀνθρώπου
1477 1280 1658 1348 φύσις,
1692 1281 1899 1354 φθορᾶς

319 1357 382 1410 δὲ
412 1359 542 1412 εῐσω
565 1356 809 1413 πεσοῦσα
832 1359 1019 1415 λοιπὸν
1043 1363 1405 1420 ἀνεδείκνυτα

395 1449 599 1502 ΠΑΛΛ.
643 1448 1000 1519 ’Δναγκαίως.
1030 1453 1244 1510 Ἐνδεια
1270 1456 1379 1529 γὰρ
1411 1453 1565 1530 οῖμαι
1600 1460 1708 1513 τῶν
1753 1462 1903 1534 παρά

323 1539 461 1593 Θεοῦ
521 1541 912 1614 χαρισμάτων,
962 1545 1114 1599 οὐδὲν
1171 1546 1360 1619 ἔτερόν
1415 1552 1565 1605 ἐστιν
1617 1553 1649 1623 ἢ
1699 1555 1902 1618 παντὸς

2074 912 2271 968 PALL.
2310 911 2452 968 Vera
2476 912 2672 968 oratio.

2070 1004 2226 1061 (ΠΒ.
2262 1002 2399 1060 Cum
2436 1005 2535 1075 ιι
2571 1004 2738 1076 igitur
2772 1002 2871 1058 Dei
2896 1002 3125 1075 gratiam
3169 1014 3576 1069 commutasset.

1999 1114 2067 1156 ac
2095 1099 2255 1155 bonis
2290 1097 2398 1154 illis
2434 1094 2637 1168 quibus
2665 1097 2735 1152 ab
2776 1095 2936 1152 initio
2967 1095 3167 1151 donata
3196 1092 3402 1162 fuerat,
3437 1108 3581 1151 esset

2000 1189 2206 1244 nudata
2230 1205 2261 1243 e
2285 1187 2540 1258 paradiso
2566 1185 2890 1242 deliciarum
2916 1187 3110 1258 ejecta,
3142 1192 3197 1241 et
3224 1186 3292 1240 ad
3317 1182 3574 1241 deformi-

2006 1280 2172 1329 tatem
2214 1273 2479 1345 evestigio
2506 1288 2769 1329 conversa
2792 1282 2876 1330 est
2896 1272 3179 1329 hominum
3201 1284 3414 1340 natura,
3433 1290 3580 1330 mor-

1998 1364 2150 1434 tique
2183 1363 2445 1435 deinceps
2478 1364 2716 1419 obnoxia
2741 1371 2826 1420 est
2858 1364 3155 1421 declarata.
3418 1428 3431 1437 δ

2070 1442 2268 1510 ΡᾹΙᾸ...
2326 1456 2652 1512 Necessario
2687 1469 2839 1510 sane.
2880 1455 2978 1511 Dei
3025 1470 3264 1528 namque
3312 1456 3583 1513 donorum

2001 1547 2220 1617 inopem
2249 1561 2393 1613 esse,
2413 1546 2556 1601 nihil
2580 1552 2685 1611 est,
2711 1546 2929 1617 opinor,
2956 1546 3308 1617 aliud,quam
3333 1548 3402 1602 ab
3436 1549 3585 1604 omni

319 1631 640 1724 ἀπόπτωσις
667 1633 746 1704 (1)
768 1633 996 1724 ἀγαθοῦ.
1038 1637 1432 1712 ’Δρῤωστήσειε
1464 1642 1509 1695 δ’
1530 1640 1597 1696 ἂν
1627 1646 1659 1715 ὴ
1690 1643 1901 1717 ἀνθρώ-

2008 1640 2221 1711 penitus
2252 1641 2398 1696 bono
2438 1649 2715 1697 extorrem
2745 1640 2882 1696 ﬁeri.
2918 1640 3100 1697 Facile
3132 1649 3318 1697 autem
3346 1642 3587 1697 hominis

322 1738 431 1776 που
456 1721 616 1791 φύσις
658 1724 754 1777 καὶ
787 1723 932 1794 μάλα
976 1725 1177 1797 ῥᾳδίως
1208 1728 1308 1801 τὴν
1338 1731 1417 1794 είς
1456 1733 1562 1785 πᾶν
1588 1733 1764 1787 ὁτιοῦν
1792 1734 1901 1788 τῶν

322 1812 574 1870 ἐκτόπων
604 1814 951 1885 παραφορὰν,
988 1817 1037 1869 εί
1084 1816 1160 1889 μὴ
1185 1818 1368 1890 ἀνέχοι
1400 1820 1536 1892 πρὸς
1569 1822 1770 1894 ἀρετὴν
1802 1823 1901 1879 αὑ-

319 1901 420 1973 τὴν
450 1903 482 1972 ἡ
515 1901 610 1956 τοῦ
637 1903 992 1970 διασώζοντος
1021 1907 1203 1981 χάρις,
1234 1912 1348 1974 τοῖς
1387 1910 1599 1966 ἄνωθεν
1642 1915 1734 1968 καὶ
1770 1916 1900 1987 παρ’

322 1994 525 2066 ἑαυτῆς
557 1995 780 2063 ἀγαθοῖς
802 1998 1179 2063 πλουτίζουσα.
1624 2068 1629 2074 _

398 2085 559 2139 ΚΥΡ.
596 2082 670 2141 Εῦ
712 2087 917 2159 λέγεις.
955 2090 1343 2167 Συναινέσαιμι
1380 2096 1492 2168 γὰρ
1522 2096 1589 2152 ἂν
1620 2099 1713 2154 καὶ
1755 2099 1902 2171 μάλα

323 2175 552 2240 εἰκότως
572 2194 588 2207 ·
628 2178 820 2249 τρέφει
855 2180 954 2251 μὲν
978 2181 1083 2255 γὰρ
1104 2185 1181 2248 εἰς
1205 2185 1376 2258 ἀλκὴν
1398 2188 1511 2260 τὴν.
1530 2190 1903 2263 πνευματικὴν

323 2269 354 2321 6
379 2267 544 2340 ἄρτος
564 2271 593 2322 6
620 2267 751 2335 ζῶν,
779 2270 921 2325 τοῦτ’
945 2272 1114 2340 ἔστιν,
1149 2277 1178 2329 ὀ
1214 2276 1309 2330 τοῦ
1331 2278 1467 2332 Θεοῦ
1489 2279 1665 2348 λόγος.
1697 2281 1736 2334 Γ
1740 2282 1904 2353 έγρά-

324 2375 460 2412 πται
482 2360 613 2432 γάρ,
656 2362 738 2416 ὅτι
777 2381 795 2414 ι
831 2365 941 2418 Καὶ
968 2365 1132 2438 ἄρτος
1164 2369 1408 2439 στηρίξει
1433 2372 1660 2443 καρδίαν
1696 2372 1905 2445 ἀνθρὼ-

326 2466 456 2505 που.
495 2469 516 2503 ι
550 2452 804 2518 Δουλείας
833 2454 889 2509 δὲ
922 2456 1258 2513 ἀπαλλάττει
1295 2462 1390 2515 καὶ
1419 2462 1626 2527 παθῶν,
1671 2465 1904 2529 καὶτοῖς

326 2541 411 2604 είς
438 2541 747 2615 ἐλευθερίαν
783 2546 1096 2618 αὐχήμασιν
1118 2546 1177 2604 εὖ
1217 2551 1360 2622 μάλα
1391 2557 1740 2625 καταχρυσοῖ.
1768 2557 1902 2608 Συνε-

330 2632 654 2700 εσταλκότος
677 2636 735 2690 δὲ
757 2635 946 2710 ὥσπερ
988 2640 1092 2712 τὴν
1118 2644 1277 2713 χεῖρα
1300 2643 1393 2696 τοῦ
1421 2644 1579 2708 Θεοῦ,
1604 2647 1696 2699 καὶ
1714 2645 1813 2718 τὴν
1845 2648 1904 2703 ἐν

330 2724 539 2790 τούτοις
566 2728 696 2798 ἡμῖν
724 2730 989 2801 χορηγίαν
1016 2733 1077 2785 οὐ
1110 2732 1479 2804 διανέμοντος·
1512 2738 1660 2790 πΞίσα
1689 2738 1901 2810 ἀνάγκη

332 2830 450 2877 πως
492 2817 588 2869 καὶ
618 2817 960 2892 ἀνεθελήτοις
996 2823 1143 2893 ἡμᾶς
1172 2825 1520 2896 περιπίπτειν
1553 2831 1743 2892 κακοῖς
1764 2869 1779 2893 ,
1810 2829 1905 2884 καὶ

331 2908 534 2979 ἀρετῆς
566 2909 666 2978 μὲν
703 2910 919 2984 ἁπάσης
958 2913 1310 2979 ἀπωλισθεῖν,
1341 2917 1591 2973 ὑπελθεῖν
1622 2919 1680 2973 δὲ
1715 2920 1903 2993 ὥσπερ

2002 1741 2195 1786 natura
2222 1732 2287 1787 ad
2309 1733 2516 1803 quaevis
2541 1733 2781 1787 absurda
2818 1730 3120 1798 deferetur,
3146 1734 3251 1787 nisi
3281 1733 3433 1788 illam
3464 1733 3584 1789 Sal-

2002 1824 2207 1879 vatoris
2244 1824 2417 1895 gratia
2452 1824 2511 1879 in
2556 1824 2763 1879 virtute
2810 1822 3099 1890 sustineat,
3131 1839 3195 1879 ac
3221 1824 3383 1879 bonis
3418 1825 3587 1880 coele—

2002 1913 2199 1980 stibus,
2231 1930 2465 1986 quorum
2494 1923 2580 1969 est
2600 1914 2718 1985 ipsa
2746 1914 2889 1982 fons,
2914 1922 3128 1986 augeat.

2073 2002 2231 2061 CYR.
2263 2007 2432 2061 Recte
2478 2020 2610 2061 sane
2654 2005 2813 2072 dicis,
2860 2014 2917 2061 et
2963 2007 3161 2061 merito
3187 2006 3444 2078 equidem
3486 2005 3587 2060 tibi

2003 2094 2309 2160 assentior;
2341 2093 2438 2148 alit
2455 2094 2603 2148 enim
2630 2094 2696 2149 ad
2723 2095 3037 2165 spirituales
3060 2095 3208 2152 vires
3241 2096 3588 2167 accipiendas

2003 2183 2163 2252 panis
2204 2183 2296 2238 ille
2320 2182 2514 2248 vivus,
2542 2182 2597 2237 id
2628 2195 2734 2249 est,
2767 2184 2863 2240 Dei
2893 2185 3146 2240 verbum.
3178 2186 3457 2257 Scriptum
3501 2195 3587 2242 est

2004 2272 2189 2328 enim:
2222 2290 2242 2324 ι
2272 2272 2439 2328 Panis
2471 2273 2763 2328 conﬁrmat
2796 2288 2891 2329 eor
2909 2275 3151 2330 hominis
3172 2276 3237 2329 “.
3266 2294 3285 2327 ›
3315 2275 3590 2331 Servitute

2003 2379 2223 2435 quoque
2254 2374 2312 2420 et
2342 2363 2525 2435 pravis
2561 2364 2851 2420 aifectibus
2882 2366 3113 2431 liberat,
3142 2374 3199 2422 et
3225 2382 3389 2422 aurea
3418 2368 3589 2423 liber-

2007 2455 2132 2509 tatis
2180 2453 2353 2524 gloria
2399 2452 2644 2509 decorat.
2685 2454 2757 2509 At
2812 2453 2859 2509 si
2905 2470 3128 2513 manum
3185 2454 3591 2525 quodammodo

2004 2542 2339 2598 contraxerit
2391 2543 2573 2608 Deus,
2621 2544 2928 2613 horumque
2974 2542 3243 2599 bonorum
3293 2543 3455 2598 nobis
3502 2557 3592 2597 co-

2004 2631 2147 2701 piam
2178 2631 2403 2686 minime
2429 2630 2813 2702 suppeditarit,
2835 2646 3059 2688 necesse
3085 2639 3170 2687 est
3193 2630 3420 2685 omnino
3443 2637 3506 2684 ut
3537 2631 3592 2684 in

2003 2723 2145 2778 mala
2175 2723 2341 2778 etiam
2373 2732 2573 2794 praeter
2604 2725 2945 2780 voluntatem
2976 2723 3303 2789 incidamus,
3334 2731 3499 2794 atque
3523 2722 3592 2776 ab

2004 2814 2154 2869 omni
2192 2830 2418 2886 prorsus
2441 2816 2646 2871 virtute
2688 2816 3030 2881 excidamus,
3063 2829 3129 2871 ac
3161 2816 3332 2871 veluti
3365 2815 3594 2871 alterius

2000 2906 2187 2978 jugum
2218 2906 2535 2973 subeamus,
2566 2907 2633 2962 ad
2663 2923 2839 2978 eaque
2875 2908 3037 2973 mala,
3069 2920 3299 2979 eamque
3331 2907 3589 2997 injuriam

331 3000 423 3053 τὸν
453 3000 641 3073 ἐτέρου
667 3000 847 3071 ζυγὸν,
873 3005 1029 3075 ἥκειν
1055 3024 1114 3060 τε
1134 3008 1192 3072 ἐς
1218 3008 1373 3064 τοῦτο
1401 3009 1586 3067 κακῶν
1607 3014 1701 3068 καὶ
1719 3014 1907 3068 πλεον-

2008 2999 2410 3070 perveniamus,
2446 3008 2507 3056 ut
2528 3016 2639 3056 non
2662 3003 2894 3058 multum
2924 3002 3068 3058 absit
3095 3002 3231 3074 quin
3259 3001 3431 3073 ipsam
3458 3018 3595 3072 quo-

333 3092 519 3157 εξίας,
565 3095 643 3158 ὡς
700 3094 871 3167 ἀγχοῦ
912 3097 1164 3166 γενέσθαι
1217 3101 1404 3155 λοιπὸν
1451 3103 1545 3156 τοῦ
1582 3106 1678 3158 καὶ
1734 3103 1904 3177 αὐτὴν

2011 3111 2118 3166 que
2156 3098 2269 3168 jam
2300 3098 2737 3169 intelligentiam,
2761 3114 2881 3169 quae
2908 3098 2978 3154 ad
3014 3099 3197 3153 omnia
3230 3098 3391 3153 nobis
3422 3094 3594 3153 bono~

333 3183 594 3238 ἀπολέσαι
614 3185 717 3258 τὴν
740 3188 820 3251 εἰς
842 3190 952 3241 πᾶν
968 3189 1143 3243 ὁτιοῦν
1159 3191 1265 3245 τῶν
1292 3193 1509 3262 ἀγαθῶν
1528 3195 1906 3268 ὑπηρετοῦσαν

2013 3201 2135 3240 rum
2165 3202 2364 3256 genera
2405 3187 2757 3258 adipiscenda
2797 3196 2852 3243 et
2882 3187 3203 3246 administra
3241 3194 3327 3243 est
3359 3196 3414 3242 et
3457 3203 3590 3242 con-

332 3276 466 3344 ⁴ἡμῖν
496 3276 590 3328 καὶ
622 3278 1029 3352 συνῳκισμένην
1065 3281 1276 3340 σύνεσιν
1297 3322 1310 3347 ,
1343 3285 1437 3337 καὶ
1464 3287 1653 3355 σοφίας
1692 3288 1906 3359 ἐρήμην

335 3366 433 3435 τῆς
470 3367 613 3421 κατά
661 3367 794 3422 Θεὸν
831 3371 1211 3445 ἀποφανθῆναί
1253 3393 1314 3428 τε
1349 3377 1627 3442 παντελῶς
1664 3379 1762 3451 τὴν
1805 3378 1900 3433 τοῦ

336 3457 601 3522 παθόντος
633 3461 878 3532 καρδίαν,
912 3466 1424 3538 ἐκπεπορνευμένην
1453 3468 1641 3540 ὥσπερ
1687 3470 1765 3542 τῷ
1803 3472 1907 3526 Σα-

337 3550 475 3620 τανᾷ
494 3586 509 3613 ,
543 3554 636 3603 καὶ
660 3552 1048 3624 ὑπενεχθεῖσαν
1077 3557 1310 3621 εὐκόλως
1338 3558 1527 3631 ὕϐρεσί
1544 3577 1603 3614 τε
1629 3561 1720 3616 καὶ
1745 3562 1906 3617 ἀσελ-

341 3638 515 3706 γείαις
546 3644 658 3706 ταῖς
682 3643 775 3698 ὑπ’
802 3645 989 3700 αὑτοῦ.

415 3736 618 3793 ΠΛΛΔ.
664 3740 991 3806 Ἐκδείξειας
1022 3742 1087 3797 ἂν
1128 3744 1296 3808 ὅπως,
1325 3745 1358 3817 ἢ
1387 3746 1556 3816 ψιλοῖς
1582 3748 1761 3811 ἐάσεις
1792 3751 1910 3803 ἐπι-

340 3827 595 3898 νήχεσθαι
627 3829 903 3901 λογισμοῖς
928 3849 943 3898 ;

415 3920 578 3976 ΚΥΡ.
627 3922 866 3977 Ἦκιστά
891 3940 976 3991 γε.
1014 3924 1411 3998 Παραδείξαιμι
1455 3927 1563 4000 γὰρ
1612 3929 1677 3982 ἂν
1716 3931 1792 3995 ὡς
1831 3931 1909 3984 ἔνι

337 4011 519 4076 καλῶς
547 4014 622 4067 τὰ
652 4017 764 4078 τοῖς
809 4015 1056 4087 ἀρχαίοις
1111 4017 1496 4092 συμϐεϐηκότα
1518 4061 1532 4086 ,
1585 4022 1904 4094 διαμορφῶν

336 4103 605 4174 εὐτέχνως
635 4106 714 4169 εἰς
740 4105 909 4160 τύπον
950 4108 1056 4161 τῶν
1097 4110 1325 4182 νοητῶν.
1359 4110 1578 4177 Είκόνες
1610 4114 1718 4187 γὰρ
1751 4118 1909 4186 ἐναρο

338 4196 452 4262 γεῖς
475 4195 569 4249 καὶ
592 4195 964 4269 ἀριδηλότατοι
992 4199 1231 4269 γένοιντο
1259 4201 1322 4256 ἂν
1347 4204 1477 4274 ἡμῖν
1498 4204 1606 4258 τῶν
1626 4207 1684 4259 ἐν
1711 4206 1911 4278 θεωρίᾳ

336 4280 528 4355 λεπτῇ,
561 4283 631 4337 τὰ
655 4283 730 4347 ὠς
756 4286 816 4338 ἐν
851 4285 1099 4359 αἰσθήσει
1132 4306 1193 4342 τε
1223 4291 1317 4344 καὶ
1346 4292 1421 4357 ὼς
1457 4293 1514 4347 ἐν
1545 4293 1664 4364 ὄψει
1700 4313 1909 4367 σημαν-

2006 3277 2215 3350 juncta,
2250 3277 2603 3343 amittamus,
2627 3285 2798 3348 utque
2829 3278 2951 3349 ejus
2980 3278 3076 3348 qui
3119 3279 3196 3332 ita
3247 3276 3476 3332 aﬂ'ectus
3512 3286 3595 3331 est

2012 3384 2110 3425 cor
2137 3369 2323 3425 divina
2355 3369 2625 3441 sapientia
2644 3370 2805 3440 plane
2828 3372 3059 3425 vacuum
3082 3378 3361 3433 cernatur,
3392 3369 3595 3440 quippe

2015 3460 2106 3529 qui
2138 3477 2337 3531 passus
2358 3462 2428 3517 sit
2449 3461 2585 3517 illud
2618 3460 2877 3532 prostitui
2908 3460 3140 3527 Satanm,
3172 3460 3444 3532 facileque
3473 3460 3595 3531 ejus

2014 3551 2230 3607 libidini
2259 3562 2422 3623 atque
2459 3553 2810 3611 contumeliis
2842 3552 3061 3625 subjici.

2073 3729 2266 3785 PALL.
2310 3730 2789 3787 Demonstrabisne
2839 3747 2947 3801 quo
2971 3740 3132 3802 pacto
3163 3730 3218 3785 id
3251 3729 3491 3795 accidat,
3527 3746 3596 3785 an

2016 3822 2073 3877 in
2098 3820 2260 3876 nudis
2285 3822 2706 3893 cogitationibus
2732 3838 2833 3877 nos
2858 3822 3127 3877 ﬂuctuare
3149 3822 3336 3877 sines?

2086 3912 2242 3969 CYR.
2270 3913 2490 3969 Minime
2519 3928 2671 3970 vero.
2705 3913 3000 3970 Ostendam
3027 3915 3196 3979 enim,
3232 3922 3293 3968 ut
3324 3928 3415 3969 res
3450 3914 3595 3985 pati-

2018 4013 2127 4071 tur,
2157 4005 2526 4075 pulcherrime
2552 4046 2566 4071 ,
2594 4015 2651 4061 et
2685 4021 2747 4062 ea
2781 4022 2901 4077 quae
2942 4007 3222 4062 veteribus
3256 4007 3593 4071 acciderunt,

2017 4096 2309 4152 artiﬁciose
2335 4098 2402 4153 ad
2429 4112 2613 4153 rerum
2639 4098 3006 4169 spiritualium
3030 4099 3258 4170 ﬁguram
3284 4099 3596 4169 expressius

2018 4186 2285 4257 efﬁngam.
2318 4188 2453 4242 Nam
2491 4204 2554 4243 ea
2585 4202 2705 4259 quae
2738 4190 2906 4245 veluti
2957 4190 3214 4245 sensibus
3256 4198 3315 4244 et
3351 4191 3593 4259 aspectui

2019 4290 2283 4347 corporeo
2310 4287 2436 4332 sunt
2459 4279 2728 4348 exposita,
2760 4294 2944 4334 rerum
2988 4294 3109 4349 quae
3137 4278 3324 4334 subtili
3348 4287 3594 4333 eontem—

338 4376 481 4446 τικῇ.
496 4354 811 4447 Γέγραπται
829 4354 1010 4433 τοίνυν
1024 4380 1255 4461 περὶτοῦ
1274 4354 1613 4457 προπάτορος
1641 4354 1905 4458 Ἀϐραάμ·

2016 4367 2255 4436 platione
2281 4375 2604 4434 cernuntur,
2639 4370 2906 4440 imagines
2945 4370 3233 4425 evidentes
3261 4378 3426 4439 atque
3474 4385 3597 4439 per-

347 4482 363 4514 (
403 4465 514 4518 Καὶ
549 4466 768 4534 ἐγένετο
783 4467 938 4540 λιμὸς
958 4469 1050 4523 ἐπλ⁵
1069 4471 1168 4542 τῆς
1189 4470 1313 4541 γῆς,
1328 4474 1419 4526 καὶ
1436 4474 1641 4545 κατέϐη
1667 4475 1914 4548 Ἀϐραὰμ

341 4557 418 4620 είς
448 4556 727 4624 Αἴγυπτον
756 4562 1075 4631 παροικίσαι
1104 4565 1238 4627 ἐκεῖ,
1269 4564 1351 4617 ὅτι
1381 4565 1659 4637 ἐνίσχυσεν
1691 4569 1719 4620 6
1760 4568 1914 4640 λιμὸς

340 4647 427 4700 ἐπὶ
458 4647 560 4717 τῆς
585 4650 707 4719 γῆς.
749 4668 768 4701 ι
804 4650 913 4723 Τὴν
943 4654 1053 4724 γάρ
1086 4671 1170 4707 τοι
1193 4654 1351 4725 φίλην
1376 4673 1435 4709 τε
1455 4658 1604 4727 αὐτῷ
1636 4660 1728 4711 καὶ
1761 4661 1910 4729 ἐνεγ-

340 4738 539 4794 κοῦσαν
562 4729 740 4811 ἀφεὶς,
771 4743 1147 4816 μεθωρμίζετο
1168 4746 1305 4818 πρὸς
1330 4747 1547 4820 ἑτέραν,
1569 4746 1637 4821 ἢν
1670 4751 1911 4818 ὑπέδειξε

340 4829 486 4893 Θεός.
523 4850 541 4882 ι
584 4830 805 4896 Ἔξελθε
835 4833 963 4906 γὰρ,
1006 4854 1025 4887 ι
1060 4836 1243 4905 φησὶν,
1274 4854 1292 4887 ι
1324 4836 1389 4890 ἐκ
1415 4838 1513 4907 τῆς
1547 4838 1645 4908 γῆς
1678 4856 1794 4905 σου,
1819 4843 1912 4895 καὶ

340 4922 401 4972 ἐκ
432 4920 535 4990 τῆς
563 4921 886 4989 συγγενείας
917 4941 1032 4990 σου,
1063 4924 1157 4977 καὶ
1182 4923 1340 4994 δεῦρο
1367 4927 1445 4989 είς
1476 4927 1597 4998 γῆν,
1631 4928 1696 4998 ἢν
1729 4928 1794 4984 ἄν
1830 4946 1912 4984 σοι

338 5011 511 5078 δείξω.
564 5031 583 5065 ι
643 5013 1080 5085 Καταὸρίθοντος
1121 5015 1176 5070 δὲ
1214 5017 1308 5070 τοῦ
1361 5017 1541 5088 λιμοῦ,
1574 5020 1666 5072 καὶ
1698 5019 1910 5075 δυσδιά-

340 5119 538 5171 φυκτον
565 5104 763 5176 κομιδῇ
801 5106 907 5176 τὴν
928 5103 1132 5178 ζημίαν
1164 5107 1481 5176 ἐπάγοντος,
1510 5109 1607 5179 τὴν
1641 5111 1910 5179 Αἴγυπτον

341 5185 626 5255 ἰδεῖν,’καὶ
670 5195 768 5265 οὐχ
819 5193 984 5261 ἑκὼν,
1018 5196 1286 5261 ἐϐιάζετο.
1330 5198 1438 5251 Καὶ
1489 5198 1775 5270 κατῴκησε
1814 5200 1909 5269 μὲν

336 5281 474 5352 οὐχὶ,
499 5282 799 5356 παρῴκησε
826 5284 884 5339 δὲ
908 5286 1106 5356 μᾶλλον
1135 5290 1192 5343 ἐν
1220 5291 1375 5360 αὐτῇ.

406 5454 616 5510 ΠΛΛΛ.
658 5454 726 5509 Τί
745 5451 840 5510 οῦν
865 5457 1018 5513 τοῦτό
1042 5477 1102 5528 γε
1123 5477 1137 5525 ;

2012 4457 2213 4526 spicum
2252 4473 2375 4513 esse
2424 4465 2704 4527 poterunt.
2747 4459 3022 4529 Scriptum
3060 4469 3145 4515 est
3190 4459 3336 4514 enim
3385 4459 3454 4515 de
3496 4476 3593 4530 pa-

2012 4549 2247 4604 triarcha
2279 4548 2590 4604 Abraham:
2628 4568 2645 4600 ι
2688 4546 2758 4604 Ει
2799 4549 2943 4604 facta
2978 4559 3063 4606 est
3101 4549 3284 4606 fames
3314 4550 3371 4605 in
3409 4560 3588 4605 terra:

2012 4648 2068 4695 et
2090 4638 2374 4695 descendit
2397 4639 2671 4693 Abraham
2701 4640 2754 4694 'm
2784 4636 3095 4710 Egyptum,
3126 4649 3185 4694 ut
3210 4641 3617 4711 peregrinarc~

2014 4742 2102 4787 tur
2151 4731 2260 4797 ibi;
2289 4731 2416 4801 quia
2449 4731 2753 4785 invaluerat
2794 4731 2966 4787 fames
3002 4732 3056 4785 in
3106 4740 3255 4787 terra
3278 4734 3343 4787 ³¹.
3377 4752 3393 4782 ι
3435 4732 3589 4786 Dulci

2011 4823 2159 4877 enim
2191 4832 2245 4877 et
2283 4823 2449 4877 natali
2491 4823 2608 4876 solo
2650 4821 2841 4876 relicto
2867 4863 2880 4886 ,
2908 4823 2970 4878 in
3008 4823 3173 4876 a‘liam
3212 4839 3270 4878 se
3311 4823 3590 4895 regionem

2011 4917 2438 4986 contulit,quam
2462 4915 2777 4971 ostenderat
2806 4917 2968 4973 Deus.
2991 4936 3007 4967 ι
3028 4917 3126 4973 Exi
3150 4917 3320 4983 enim,
3342 4938 3360 4970 ι
3392 4918 3588 4988 inquit,

2020 5028 2037 5061 ι
2071 5011 2138 5064 de
2170 5019 2313 5064 terra
2340 5017 2453 5074 tua,
2486 5017 2543 5064 et
2566 5009 2633 5065 de
2653 5009 2977 5080 cognatione
3012 5020 3124 5075 tua,
3147 5020 3204 5065 et
3233 5010 3359 5066 veni
3387 5010 3442 5063 in
3479 5020 3589 5063 ter-

2013 5114 2150 5165 ram,
2171 5112 2336 5169 quam
2359 5108 2738 5155 monstravere
2769 5096 2868 5154 tibi
2892 5100 2958 5152 ³⁸.
3000 5120 3017 5151 ›
3050 5098 3466 5168 Ingravescente
3490 5111 3588 5152 au—

2018 5200 2127 5244 tem
2159 5189 2318 5254 fame,
2346 5199 2402 5244 et
2429 5188 2745 5245 inevitabile
2775 5190 3033 5244 damnum
3062 5180 3351 5249 inl'erente,
3387 5185 3588 5242 invitus

2022 5281 2124 5350 12
2157 5280 2370 5352 Egypti
2398 5281 2679 5351 regionem
2711 5281 2945 5335 invisere
2979 5285 3201 5332 coactus
3239 5286 3357 5342 est;
3400 5275 3452 5329 in
3480 5291 3588 5345 qua

2018 5389 2125 5427 non
2155 5382 2213 5427 ut
2236 5374 2432 5437 incola,
2464 5372 2559 5426 sed
2595 5380 2656 5425 ut
2680 5371 3003 5441 peregrinus
3027 5377 3277 5423 versatus
3300 5366 3404 5426 est.

2089 5464 2281 5519 PALL.
2309 5462 2579 5530 Quorsum
2613 5463 2714 5517 hoc.
2744 5459 2989 5530 spectat?

405 5609 483 5679 (1)
544 5610 688 5674 \'at.,
757 5613 1085 5679 ἀπόγνωσις.
1151 5615 1406 5670 Codiccm
1472 5618 1654 5672 Sirleli
1719 5620 2018 5687 sequimur.

405 5724 449 5755 "
477 5724 591 5779 Jac.
630 5741 665 5790 ι,
700 5726 879 5780 15-15.
961 5731 1000 5757 ³⁰
1032 5731 1167 5783 Psal.
1200 5733 1309 5795 cm,
1351 5734 1427 5785 13.

1510 5736 1544 5765 “
1580 5736 1712 5789 Gen.
1749 5754 1837 5802 xu,
1880 5737 1957 5787 l0.

2040 5736 2079 5766 ³⁸
2113 5735 2271 5790 Ιὶήιὶ..
2306 5735 2345 5786 Ι.
