4076 6306
564 317 660 372 151

1589 318 1644 373 S.
1684 318 1959 374 CYRILLI
1998 320 2468 376 ALEXANDRINI
2508 320 2824 376 AllClllEP.

3737 315 3764 368 1
3775 313 3850 370 52

631 429 789 484 ΟΥΕ.
837 431 1264 486 Pulcherrimam
1317 433 1474 486 nobis
1537 449 1725 489 rerum
1779 436 2134 492 secretiorum

2310 439 2472 493 ΚΥΡ.
2491 438 2747 509 Ἀρίστην
2765 436 2896 507 ἡμῖν
2918 432 3025 486 τῶν
3047 429 3432 502 ἀφανεστέρων
3457 431 3553 502 τὴν
3578 429 3846 498 θεωρίαν

559 519 791 574 formam
821 521 1075 590 proponit
1110 522 1602 591 contemplandam.

630 611 828 666 PALL.
861 611 978 678 Quo
1005 613 1201 682 pacto?

590 702 782 758 .CYR.
833 703 1146 758 Iudaeorum
1200 703 1638 761 incredulitatem
1696 707 2020 778 increpans,
2057 711 2135 765 ait

559 795 736 850 Deus:
779 813 797 846 ι
832 795 972 850 Ecce
1021 795 1276 851 inducam
1315 795 1516 852 famem
1548 812 1714 868 super
1742 807 1974 866 terram,
2023 817 2135 857 non

559 887 759 942 famem
801 888 980 958 panis,
1007 903 1186 958 neque
1229 888 1377 944 sitim
1425 904 1614 959 aquae,
1658 890 1757 946 sed
1804 890 2002 948 famem
2037 909 2134 948 au-

559 976 746 1032 diendi
775 977 1005 1034 verbum
1033 979 1268 1035 Domini.
1311 980 1380 1034 Et
1405 980 1474 1037 ab
1501 981 1711 1036 oriente
1739 997 1911 1052 usque
1939 984 2007 1039 ad
2039 999 2134 1039 oc-

562 1067 835 1124 cidentem
879 1069 1391 1127 circumcursabunt
1431 1081 1740 1140 quaerentes
1763 1074 1992 1129 verbum
2027 1076 2135 1132 Do—

562 1156 720 1222 mini,
754 1168 810 1213 et
841 1173 951 1215 non
997 1159 1277 1214 invenient
1297 1159 1392 1213 ³³.»
1439 1161 1625 1231 Atqui,
1660 1162 1855 1226 amice,
1893 1164 1985 1232 qui
2037 1165 2138 1219 hac

561 1244 705 1302 fame
752 1249 998 1318 oppressi
1042 1257 1190 1313 sunt,
1237 1257 1294 1304 et
1335 1249 1842 1308 subministratione
1888 1254 1978 1306 illa
2017 1254 2134 1319 Dei,

561 1355 683 1408 quae
711 1355 812 1395 nos
849 1341 904 1394 in
933 1342 1138 1398 virtute
1167 1342 1413 1397 continet
1438 1343 1641 1414 lapsos,
1673 1344 1942 1410 destituti,
1981 1361 2136 1402 esca-

561 1446 667 1499 que
697 1430 775 1484 illi
820 1432 1029 1487 cmlesti
1067 1443 1232 1503 atque
1264 1449 1502 1504 superna
1530 1443 1740 1499 carent,
1773 1451 1841 1489 an
1879 1451 1988 1491 non
2017 1449 2137 1492 om-

560 1521 690 1576 nino
711 1536 934 1576 neccsse
963 1530 1048 1578 est
1078 1524 1442 1594 peregrinari,
1475 1526 1830 1596 exsulemque
1869 1510 2137 1598 quodam—

560 1611 722 1666 modo
749 1621 990 1667 mentem
1019 1613 1103 1669 eis
1130 1613 1248 1670 ﬁeri
1273 1614 1344 1670 ad
1370 1614 1647 1671 deteriora
1679 1617 1939 1689 deinceps
1962 1619 2138 1674 demi-

2235 531 2542 600 διαμορφοί.

2307 621 2516 676 ΙΙΑΛΛ.
2556 619 2689 674 Τίνα
2716 618 2916 690 τρόπον
2937 634 2951 684 ;

2307 715 2473 768 ΚΥΡ.
2503 713 2635 775 Ταῖς
2655 711 2764 765 τῶν
2799 709 3066 764 Ἰουδαίων
3089 708 3365 772 άπειϐίαις
3387 704 3702 776 ἐπιτιμῶν,
3731 702 3843 773 ἔφη

2240 824 2342 860 που
2379 807 2408 859 6
2447 804 2609 866 Θεός·
2651 822 2670 856 ι
2723 803 2854 857 Ἰδοὺ
2899 802 3091 870 ἐπάγω
3133 800 3291 872 λιμὸν
3322 799 3415 852 ἐπὶ
3449 799 3550 866 τὴν
3582 797 3730 866 γῆν,
3776 796 3844 846 ού

2238 898 2395 968 λιμὸν
2415 897 2602 968 ἄρτου,
2623 893 2746 948 οὐδὲ
2775 892 2935 963 δίψαν
2962 892 3169 958 ὓδατος,
3197 890 3333 946 ἀλλὰ
3359 889 3518 964 λιμδν
3537 887 3636 941 τοῦ
3665 885 3846 940 ἀκοῦ-

2241 1007 2333 1043 σαι
2374 988 2529 1058 λόγον
2567 985 2796 1058 Κυρίου.
2834 983 2946 1038 Kal.
2979 982 3088 1037 ἀπὸ
3133 980 3408 1037 ἀνατολῶν
3447 979 3552 1043 ἕως
3595 976 3846 1046 δυσμῶν

2241 1077 2700 1152 περιδραμοῦνται
2744 1073 3033 1146 ζητοῦντες
3061 1074 3217 1142 λόγον
3247 1071 3480 1142 Κυρίου,
3509 1071 3607 1124 καὶ
3639 1069 3712 1120 οὐ
3765 1067 3845 1136 μὴ

2241 1171 2492 1242 εὓρωσιν.
2538 1187 2556 1220 ι
2590 1163 2718 1240 'Ap‘
2757 1159 2940 1233 οῦν,ὧ
2993 1167 3195 1234 ἑταῖρε,
3239 1162 3366 1225 τοὺς
3415 1161 3605 1231 τοιῷδε
3661 1158 3844 1227 τυχὸν

2241 1259 2703 1322 καταπιεσθέντας
2733 1257 2876 1328 λιμῷ
2902 1296 2917 1321 ,
2964 1257 3058 1309 καὶ
3086 1253 3349 1327 χορηγίας
3390 1249 3842 1310 ἐκπεπτωκότας

2237 1353 2338 1422 τῆς
2360 1351 2754 1422 διακρατούσης
2777 1349 2857 1410 είς
2876 1346 3099 1418 ἀρετὴν,
3123 1345 3216 1398 καὶ
3237 1342 3444 1415 τροφὰς
3467 1341 3565 1394 οὐκ
3593 1339 3841 1410 ἔχοντας

2239 1441 2338 1506 τὰς
2371 1441 2429 1507 ἐξ
2459 1438 2687 1511 ούρανοῦ
2718 1437 2812 1491 καὶ
2841 1437 3068 1502 ἄνωθεν,
3105 1433 3226 1504 οὐχὶ
3265 1432 3417 1488 πᾶσά
3452 1449 3567 1494 πως
3602 1430 3838 1497 ἀνάγκη

2244 1531 2583 1604 μετανάστην
2633 1528 2819 1600 ὥσπερ
2858 1527 2977 1581 τινὰ
3017 1527 3112 1580 καὶ
3156 1523 3369 1594 φυγάδα
3412 1520 3692 1575 ποιεῖσθαι
3738 1519 3837 1572 τὸν

2242 1622 2386 1685 νοῦν,
2422 1619 2750 1691 μεταθέοντα
2785 1618 2968 1671 λοιπὸν
3001 1617 3094 1672 ἐπὶ
3125 1615 3193 1668 τὰ
3222 1614 3438 1685 αἰσχίω,
3490 1612 3583 1667 καὶ
3618 1609 3832 1681 ὥσπερ

438 1704 453 1720 ’
558 1707 828 1768 grantem,
849 1710 905 1756 et
929 1716 998 1756 ex
1018 1701 1238 1758 virtutis
1262 1701 1519 1759 ﬁrmitate
1542 1713 1799 1776 tanquam
1828 1724 1896 1763 ex
1919 1708 2134 1780 propria

2240 1712 2385 1775 τινὸς
2409 1711 2512 1780 γῆς
2539 1708 2674 1771 ἰδίας
2701 1708 2800 1776 τῆς
2822 1708 2904 1769 εἰς
2936 1705 3136 1776 ἀρετὴν
3170 1702 3480 1766 εὐσθενείας
3509 1700 3720 1766 ὲξωθού
3731 1717 3835 1768 με-

560 1791 779 1862 regione
830 1793 1044 1863 pulsam
1074 1834 1088 1859 ,
1139 1793 1475 1851 descendere
1538 1796 1595 1851 in
1655 1775 1824 1854 alium
1885 1775 2134 1858 habitum

2240 1820 2349 1868 νον,
2386 1800 2728 1855 καταϐαίνειν
2761 1799 2840 1862 είς
2864 1799 3055 1868 ἑτέραν
3075 1796 3187 1860 ἕξιν
3219 1813 3278 1848 τε
3314 1794 3408 1847 καὶ
3440 1792 3699 1862 θέλησινο
3727 1793 3838 1844 οὐκ

560 1891 722 1953 atque
752 1883 1115 1950 voluntatem,
1147 1901 1324 1957 neque
1353 1886 1614 1961 deinceps
1644 1890 1739 1946 Dei
1771 1891 2136 1962 imperio,sed

559 1977 791 2045 sceptris
830 1976 1118 2033 diabolicis
1177 1978 1482 2050 subjectam
1511 1981 1676 2038 esse?
1705 1982 1909 2038 Parens
1963 1985 2133 2051 enim,

558 2066 773 2135 opinor,
808 2075 864 2123 et
901 2085 998 2124 rex
1036 2069 1245 2140 peccati
1295 2070 1342 2125 is
1383 2078 1467 2126 est
1507 2072 1602 2142 qui
1650 2059 1860 2143 primus
1893 2076 2026 2130 illud
2078 2076 2136 2132 in

558 2159 824 2214 mundum
852 2161 1057 2228 intulit,
1089 2163 1243 2233 cujus
1269 2161 1494 2234 ﬁguram
1516 2173 1679 2235 atque
1709 2166 1998 2238 imaginem
2023 2182 2135 2223 non

557 2250 814 2317 absurde,
843 2261 903 2307 ut
929 2253 1144 2324 opinor,
1169 2263 1372 2311 statuat
1409 2256 1750 2312 Pharaonem
1782 2259 1936 2314 illum
1968 2259 2134 2331 [Egyi

558 2341 794 2410 ptiorum
814 2343 1140 2416 principem,
1173 2347 1319 2418 apud
1341 2363 1481 2418 quos
1497 2349 1681 2404 densae
1701 2357 1858 2404 erant
1881 2365 2134 2408 errorum

558 2434 815 2502 tenebrae,
840 2438 1159 2511 nullumque
1189 2439 1449 2512 nequitiae
1475 2457 1649 2514 genus
1676 2443 2026 2499 intentatum.

627 2615 823 2671 PALL.
856 2618 925 2672 Et
957 2634 1194 2687 quanam
1227 2618 1332 2672 fuit
1359 2619 1636 2674 Abraham
1687 2620 1922 2675 allectus
1956 2619 2134 2674 mole-

556 2707 680 2770 stia,
713 2723 779 2762 ex
802 2723 870 2762 eo
900 2709 1126 2778 quodin
1152 2708 1442 2780 Egyptum
1471 2709 1868 2766 descenderat?

625 2798 783 2854 CYR.
806 2798 1036 2854 Maxima
1059 2815 1208 2854 sane.
1239 2801 1642 2871 Propemodum
1667 2801 1816 2856 enim
1850 2801 1993 2876 ultra
2015 2816 2136 2856 om-

556 2905 684 2945 nem
706 2891 976 2945 malorum
1007 2890 1232 2945 modum
1256 2890 1501 2960 perlatus
1533 2898 1635 2946 est.
1675 2890 1736 2945 Id
1767 2899 1950 2946 autem
1979 2890 2137 2946 facile

558 2981 759 3047 disces,
789 2980 1075 3052 Scriptura
1103 2981 1352 3037 dicente:
1379 3001 1397 3032 ι
1424 2981 1654 3038 Factum
1679 2992 1766 3038 est
1793 2991 1977 3038 autem
2010 2997 2136 3038 cum

2239 1894 2320 1949 ἔτι
2353 1893 2450 1964 μὲν
2481 1891 2578 1962 τὴν
2616 1890 2720 1944 ὑπὸ
2752 1889 2890 1960 Θεῷ,
2937 1891 3237 1960 σκήπτροις
3263 1888 3320 1940 δὲ
3354 1886 3554 1958 μᾶλλον
3592 1886 3839 1937 ὑποκει-

2241 1985 2409 2056 μένην
2447 1984 2786 2047 διαϐολικοῖς.
2820 1981 3008 2052 Πατὴρ
3045 1979 3154 2050 γὰρ
3179 2021 3192 2045 ,
3215 1975 3400 2050 οἶμαι,
3434 1978 3526 2032 καὶ
3559 1974 3835 2047 βασιλεὺς

2239 2077 2531 2149 ἁμαρτίας,
2557 2077 2584 2130 6
2608 2074 2822 2146 πρῶτος
2851 2071 3018 2141 αὐτὴν
3038 2073 3095 2134 ἐς
3115 2071 3318 2140 κόσμον
3345 2067 3602 2136 ἐνεγκὼν,
3627 2060 3690 2120 οὗ
3733 2065 3836 2118 καὶ

2236 2171 2316 2232 είς
2355 2167 2540 2222 εἰκόνα
2568 2166 2663 2219 καὶ
2691 2164 2859 2218 τύπον
2895 2161 3246 2234 παραδέξαιτ¹
3285 2161 3350 2214 ἂν
3389 2155 3541 2230 οἶμαί
3578 2174 3685 2220 τις,
3731 2155 3835 2209 καὶ

2238 2259 2448 2330 σφόδρα
2480 2257 2705 2321 εἰκότως
2727 2297 2741 2322 ,
2774 2257 2866 2310 τὸν
2896 2254 3100 2327 Φαραὼ
3122 2297 3137 2322 ,
3163 2254 3266 2322 τῆς
3303 2251 3616 2321 Αἰγυπτίων
3652 2248 3831 2319 ἐξάρ-

2235 2367 2420 2422 χοντα.
2451 2349 2586 2420 Παρ’
2615 2341 2696 2411 οἷς
2723 2346 2890 2418 βαθὺς
2914 2346 3012 2417 μὲν
3035 2341 3104 2416 ἦν
3125 2345 3248 2399 λίαν
3266 2346 3294 2398 6
3315 2343 3408 2398 τοῦ
3435 2341 3830 2412 πεπλανῆσθαι

2239 2441 2428 2506 σκότος
2455 2457 2469 2474 ο
2503 2441 2707 2504 κακίας
2754 2439 2812 2493 δὲ
2842 2437 3042 2509 τρόπος
3080 2436 3497 2507 άνεπιτήδευτος
3530 2431 3827 2495 παντελῶς

2235 2530 2428 2593 οὐδείς.

2227 2689 2234 2694 _
2311 2623 2520 2677 ΠΑΛΛ.
2547 2621 2725 2676 Καὶτί
2750 2620 2809 2675 τὺ
2836 2621 3082 2692 λυπῆσαν
3111 2619 3202 2672 τὸν
3234 2618 3501 2689 μακάριον
3538 2615 3822 2688 Ἀϐραὰμ,

2239 2717 2305 2769 ἐκ
2328 2713 2422 2768 τοῦ
2449 2711 2770 2768 καθικέσθαι
2799 2711 2960 2784 τυχδν
2989 2713 3068 2775 είς
3095 2711 3194 2782 τὴν
3224 2707 3571 2777 Αίγυπτίων;

2306 2806 2470 2858 ΚΥΡ.
2497 2805 2752 2860 Πλεῖστον
2782 2803 2975 2876 μενοῦν
3009 2805 3152 2856 ὅσον.
3184 2801 3398 2872 Μικροῦ
3422 2800 3531 2869 γὰρ
3555 2797 3822 2852 ἐπέκεινα

2240 2896 2438 2960 παντὸς
2464 2897 2667 2968 ἠνέχθη
2717 2895 2911 2953 κακοῦ.
2960 2893 3288 2964 Ἀναμάθοις
3325 2891 3368 2944 δ’
3410 2891 3476 2944 ἂν
3511 2890 3605 2942 καὶ
3654 2887 3822 2942 τοῦτο

2239 2989 2496 3057 εὐκόλως,
2530 2990 2675 3060 ἱεροῦ
2704 2990 3005 3061 φωνοῦντος
3026 2987 3387 3058 Γράμματος·
3429 3003 3446 3036 ι
3483 2981 3736 3051 Ἐγένετο
3761 2980 3821 3035 δὲ

559 3082 936 3153 ingrederetur
952 3079 1226 3137 Abraham
1249 3081 1307 3137 in
1333 3079 1648 3154 Egyptum,
1680 3080 1934 3136 videntes
1968 3077 2134 3152 [Egy-

2239 3081 2402 3152 ήνίκα
2450 3081 2697 3152 εἰσῆλθεν
2751 3068 3006 3153 Ἀϐραὰμ
3048 3080 3128 3144 είς
3167 3077 3466 3146 Αἴγυπτον,
3513 3073 3715 3138 ἰδόντες
3767 3073 3818 3125 οἱ

556 3174 658 3246 ptii
700 3173 988 3230 mulierem
1009 3213 1024 3240 ,
1056 3173 1200 3245 quod
1233 3182 1382 3229 esset
1418 3174 1649 3245 pulchra
1681 3171 1868 3238 nimis,
1897 3179 1954 3227 et
1977 3171 2133 3228 vide-

559 3274 689 3322 runt
719 3282 840 3322 eam
868 3267 1144 3338 principes
1177 3267 1512 3332 Pharaonis,
1537 3275 1594 3321 et
1622 3265 1984 3321 laudaverunt
2012 3281 2134 3320 eam

558 3359 702 3430 apud
752 3359 1116 3424 Pharaonem,
1154 3367 1210 3413 et
1265 3358 1603 3413 induxerunt
1634 3372 1756 3412 eam
1808 3356 1866 3411 in
1909 3356 2134 3414 domum

558 3451 859 3509 Pharaonis
883 3450 949 3503 “.
991 3468 1010 3500 ι
1060 3449 1196 3504 Vide
1243 3434 1444 3519 igitur”
1477 3447 1705 3513 Palladi,
1741 3461 1905 3516 quam
1938 3462 2130 3518 parum

559 3541 797 3597 abfuerit
822 3540 958 3612 quin
984 3555 1213 3596 uxorem
1243 3538 1511 3594 amiserit.

628 3632 826 3691 PALL.
858 3631 1031 3700 Quam
1063 3646 1223 3702 asper
1255 3646 1443 3697 casus,
1474 3638 1530 3686 et
1571 3629 1810 3702 graviter
1842 3626 2128 3684 ferendus!

627 3808 785 3865 CYR.
818 3807 983 3880 Atqui
1017 3809 1121 3864 hoc
1159 3808 1301 3863 idem
1337 3807 1696 3878 spiritualiter
1725 3807 1781 3861 in
1811 3806 1971 3862 nobis
1999 3805 2135 3876 ipsis

558 3898 835 3954 usuvenit.
879 3898 1092 3965 Quibus
1144 3898 1291 3952 enim
1339 3898 1603 3953 acciderit
1637 3899 1705 3955 ab
1747 3899 2031 3954 honestate
2071 3909 2140 3950 ac-

559 3988 761 4042 virtute
785 4027 800 4052 ,
829 4002 993 4056 quam
1028 3986 1132 4041 sibi
1163 3986 1396 4040 amicam
1426 3994 1484 4041 et
1511 3985 1833 4041 familiarem
1882 3985 2130 4050 fecerint,

561 4088 818 4151 tanquam
846 4093 877 4132 e
907 4093 1006 4131 sua
1030 4076 1205 4146 patria
1234 4075 1382 4146 pelli,
1419 4084 1476 4130 et
1503 4075 1571 4130 ad
1605 4076 1878 4134 deteriora
1907 4074 2133 4130 descen-

557 4167 707 4232 dere,
742 4174 798 4222 et
826 4166 1053 4237 sceptris
1083 4165 1366 4221 diabolicis
1395 4166 1578 4230 subdi,
1614 4181 1710 4221 eos
1738 4165 1981 4235 undique
2011 4181 2133 4222 om-

557 4260 828 4329 nibusque
867 4258 1046 4316 modis
1091 4257 1514 4330 aggrediuntur,
1554 4257 1730 4328 iisque
1771 4271 1962 4328 graves
2003 4255 2136 4310 insi-

555 4351 674 4408 dias
702 4360 922 4410 struunt
954 4350 1215 4421 improba:
1246 4358 1409 4421 atque
1439 4349 1764 4406 adversariae
1805 4358 2131 4422 potestates,

2238 3168 2525 3238 Αἰγύπτιοι
2577 3169 2677 3242 τὴν
2707 3171 2949 3238 γυναῖκα
2997 3169 3080 3222 ὅτι
3126 3167 3266 3238 καλὴ
3306 3165 3394 3237 εἴη
3435 3163 3642 3236 σφόδρα
3666 3203 3682 3231 ,
3719 3165 3818 3217 καὶ

2236 3259 2373 3315 εἶδον
2399 3261 2566 3332 αὐτὴν
2596 3263 2646 3315 οἱ
2670 3263 2929 3333 ἄρχοντες
2955 3263 3155 3330 Φαραὼ
3177 3301 3191 3325 ,
3218 3261 3312 3314 καὶ
3333 3259 3610 3330 ἐπῄνεσαν
3639 3257 3818 3327 αὐτὴν

2235 3353 2372 3425 πρὸς
2387 3353 2587 3426 Φαραὼ
2617 3353 2713 3406 καὶ
2739 3353 2946 3423 ἤγαγον
2970 3351 3141 3422 αὐτὴν
3156 3351 3235 3414 είς
3256 3350 3348 3403 τὸν
3369 3345 3517 3403 οἶκον
3539 3345 3761 3420 Φαραώ.
3789 3363 3810 3397 ι

2239 3445 2438 3518 Ἀθρει
2469 3444 2536 3516 δὴ
2563 3439 2656 3499 οὖν
2690 3443 2771 3497 ὅτι
2810 3439 3006 3515 μικροῦ
3034 3439 3283 3494 διόλωλεν
3312 3437 3457 3509 αὐτῷ
3477 3438 3542 3492 τὸ
3567 3437 3813 3506 γύναιον,
3847 3470 3860 3482 ι

2234 3530 2279 3590 ὦ
2308 3538 2428 3591 τᾶν.

2304 3627 2515 3684 ΠΑΛΛ.
2558 3627 2645 3691 Ὡς
2691 3626 2853 3697 δριμὺ
2912 3624 2971 3678 τὸ
3039 3624 3231 3696 χρῆμα
3264 3661 3280 3689 ,
3333 3623 3428 3678 καὶ
3477 3623 3813 3678 καταλυπεῖν

2235 3718 2434 3776 ἱκανόν.

2303 3813 2468 3867 ΚΥΡ.
2499 3809 2611 3864 Καὶ
2644 3811 2751 3882 μὴν
2778 3809 2936 3863 τοῦτό
2963 3826 3048 3862 τοι
3069 3808 3199 3879 περὶ
3223 3808 3372 3878 ἡμᾶς
3389 3807 3585 3870 αὐτοὺς
3606 3806 3811 3876 νοητῶς

2236 3905 2594 3978 συμϐήσεται.
2623 3898 2719 3967 Οἷς
2739 3901 2848 3973 γὰρ
2875 3903 2940 3956 ἂν
2961 3899 3170 3970 γένοιτο
3197 3898 3454 3968 πατρίδος
3483 3897 3602 3967 μὲν,
3625 3896 3812 3967 ὥσπερ

2233 3999 2332 4067 τῆς
2364 3996 2499 4058 ἰδίας
2521 3993 2855 4057 ἀπολισθεῖν,
2883 3995 2982 4063 τῆς
3011 3990 3277 4061 συνήθους
3295 4007 3356 4043 τε
3379 3989 3472 4042 καὶ
3491 3988 3814 4057 φιλαιτάτης

2233 4086 2532 4156 εὐκοσμίας
2558 4086 2651 4139 καὶ¹
2678 4085 2898 4156 ἀρετῆς,
2929 4082 3250 4138 καθικέσθαι
3280 4082 3337 4135 δὲ
3363 4081 3497 4153 πρὸς
3527 4079 3594 4132 τὰ
3620 4079 3808 4150 χείρω,

2234 4179 2328 4233 καὶ
2365 4177 2470 4234 ὑπὸ
2508 4177 2764 4247 σκῆπτρα
2795 4173 3045 4243 γενέσθαι
3075 4173 3362 4227 διαϐολικὰ
3385 4211 3400 4236 ,
3435 4172 3614 4241 πάντη
3635 4187 3696 4223 τε
3718 4169 3812 4223 καὶ

2234 4267 2451 4330 πάντως
2489 4263 2806 4334 ἐπιφύονται
2836 4279 2898 4316 τε
2943 4262 3038 4316 καὶ
3079 4260 3488 4315 ἐπιϐουλεύουσι
3530 4259 3722 4320 δεινῶς
3755 4258 3812 4309 αἱ

2235 4356 2467 4428 πονηραὶ
2493 4357 2586 4409 καὶ
2607 4353 2845 4410 ἐναντίαι
2863 4352 3148 4422 δυνάμεις·
3178 4351 3281 4405 κᾶν
3304 4353 3352 4404 εί
3377 4349 3659 4405 θεάσαιντό
3691 4365 3811 4402 τινα

555 4463 620 4501 ac
657 4445 704 4503 si
752 4460 916 4516 quem
947 4443 1190 4500 viderint
1220 4459 1288 4499 ex
1333 4442 1402 4498 iis
1431 4441 1526 4514 qui
1578 4441 1683 4497 sibi
1723 4443 1955 4514 subjecti
2001 4447 2131 4511 sint,

2239 4450 2344 4504 τῶν
2374 4450 2466 4502 ὑπ’
2509 4449 2701 4511 αὐταῖς
2729 4445 3030 4516 γεγονότων
3071 4445 3173 4498 ούκ
3219 4443 3430 4513 ἀκαλλῆ
3463 4443 3562 4515 τὴν
3597 4441 3812 4495 σύνεσιν

561 4536 662 4607 13
695 4537 925 4606 pulchro
954 4536 1342 4606 praestantique
1369 4535 1648 4592 intellectu
1680 4536 1990 4606 praeditum,
2009 4553 2136 4593 eum

555 4646 656 4687 suo
682 4629 809 4684 duci
832 4644 1077 4686 asserere
1102 4638 1392 4694 conantur,
1409 4638 1572 4698 atque
1589 4629 1738 4684 illius
1762 4629 1978 4683 libidini
2001 4630 2135 4695 sub-

551 4720 782 4790 jiciunt,
830 4726 892 4773 ut
921 4733 1031 4773 non
1060 4718 1174 4788 jam
1222 4717 1457 4789 amplius
1480 4717 1616 4782 Deo,
1642 4717 1737 4772 sed
1767 4716 1979 4774 Satanaa
2017 4718 2136 4774 fru-

555 4811 776 4868 ctificet.
815 4828 834 4860 ι
859 4809 1013 4863 Esca:
1049 4823 1287 4877 namque
1331 4807 1501 4873 illius,
1541 4825 1560 4859 ι
1604 4815 1667 4861 ιιι
1713 4809 1978 4879 scriptum
2028 4817 2132 4874 est,

565 4921 582 4952 ι
621 4903 810 4957 electae
846 4898 1065 4964 sunt';
1106 4916 1126 4949 ι
1163 4912 1229 4952 ac
1260 4898 1573 4954 demulcere
1621 4899 1844 4954 student
1867 4901 2134 4970 quodam-

2237 4542 2381 4613 ἔχειν
2427 4539 2744 4610 δυνάμενον,
2797 4537 3104 4608 περιποιεῖν
3149 4533 3508 4599 σπουδάζουσι
3555 4533 3637 4602 τῷ
3699 4532 3814 4602 ἰδίῳ

2238 4630 2522 4702 καθηγητῇ
2544 4670 2559 4696 ,
2608 4629 2701 4682 καὶ
2725 4629 2838 4690 τοῖς
2882 4625 3092 4680 ἐκείνου
3143 4623 3582 4694 σπερματισμοῖς
3611 4619 3813 4686 ὑποφέ-

2241 4735 2443 4790 ρουσιν,
2487 4718 2576 4772 ἵνα
2606 4716 2726 4787 Θεῷ
2762 4715 2859 4786 μὲν
2892 4715 3098 4778 οὐκέτι,
3144 4705 3469 4784 κάρποφορῇ
3511 4712 3570 4764 δὲ
3612 4709 3813 4781 μᾶλλον

2236 4811 2314 4882 τῷ
2346 4813 2583 4882 Σατανᾷ.
2623 4830 2642 4863 ‹
2694 4809 2776 4863 Τὰ
2812 4807 2921 4878 γὰρ
2971 4806 3236 4880 βρώματα
3265 4805 3452 4871 αὐτοῦ,
3504 4823 3523 4857 ι
3575 4801 3721 4858 κατὰ
3752 4801 3811 4854 τὺ

2237 4902 2637 4974 γεγραμμένον,
2673 4921 2692 4953 ι
2728 4899 2961 4955 ὲκλεκτά
2999 4916 3048 4973 ι’.
3077 4896 3484 4970 κατακηλοῦσαι
3524 4895 3582 4949 δὲ
3621 4893 3812 4962 ὥσπερ

555 4993 720 5052 modo
753 4991 1032 5062 captivum
1060 5004 1126 5045 ac
1155 4988 1476 5059 sublapsum
1505 4989 1769 5055 animum,
1807 5007 1876 5047 ne
1896 4993 1940 5047 si
1977 5003 2134 5050 acute

2239 4997 2321 5051 τὸν
2365 4996 2560 5050 ἁλόντα
2591 5012 2652 5048 τε
2697 4994 2788 5046 καὶ
2834 4991 3273 5062 ὑπολισθήσαντα
3307 4987 3456 5050 νοῦν,
3503 4986 3578 5050 ὡς
3620 4984 3688 5038 ἂν
3737 4983 3812 5055 μὴ

553 5083 870 5159 perspiciat,
894 5081 962 5138 ad
987 5081 1294 5136 libertatem
1323 5095 1356 5134 a
1387 5079 1648 5136 servitute
1677 5082 1924 5154 refugiat.
1952 5084 2134 5155 Itaque

2239 5087 2367 5142 πολὺ
2387 5088 2602 5157 βλέπων
2623 5086 2702 5147 είς
2723 5085 2782 5138 τὸ
2804 5083 3104 5154 ἐλεύθερον,
3130 5082 3230 5151 τῆς
3257 5082 3348 5134 ὑπ’
3367 5079 3559 5141 αὐταῖς
3583 5075 3810 5147 θητείας

554 5175 854 5232 conciliant
882 5172 961 5232 illi
994 5186 1389 5242 nonnunquam
1420 5170 1476 5225 in
1519 5172 1754 5227 terrenis
1786 5173 1950 5230 rebus
1977 5175 2134 5229 volu—

2239 5178 2638 5247 ἁποφοιτήσειε.
2685 5172 3067 5248 Περιποιοῦσιν
3115 5171 3228 5224 ἐσθ’
3271 5171 3359 5224 ὅτε
3398 5168 3498 5231 τὰς
3547 5167 3643 5220 ἐπὶ
3698 5168 3811 5226 τοῖς

556 5277 751 5337 ptates,
788 5275 845 5324 et
893 5265 1150 5321 inanibus
1191 5264 1650 5320 oblectationibus
1690 5273 1920 5336 augent,
1951 5275 2012 5320 ut
2054 5268 2132 5322 illi

2241 5270 2445 5338 γηῒνοις
2475 5268 2690 5340 ἡδονὰς,
2738 5268 2831 5322 καὶ
2857 5265 3137 5327 οἱονείπως
3164 5258 3654 5322 καταπλουτίζουσι
3689 5257 3810 5318 ταῖς

553 5371 773 5428 quoque
788 5355 1165 5431 Egyptiorum
1181 5357 1457 5429 principes
1467 5355 1735 5422 fecerunt,
1754 5358 1849 5427 qui
1861 5357 2132 5413 Abraham

2243 5363 2322 5424 εἰς
2352 5361 2412 5414 τὺ
2443 5361 2609 5431 μηδὲν
2645 5361 2956 5433 θυμηδίαις,
2986 5357 3242 5428 καθάπερ
3271 5354 3465 5426 ἀμέλει
3507 5352 3602 5406 καὶ
3629 5352 3679 5403 οἱ
3706 5348 3811 5402 τῶν

556 5449 756 5502 amissa
791 5450 1018 5519 conjuge
1043 5490 1056 5513 ,
1088 5448 1440 5511 blandiendo,
1479 5449 1784 5504 honoribus
1821 5465 1884 5503 ac
1912 5451 2070 5503 donis
2103 5467 2131 5504 a

2241 5449 2557 5516 Αἰγυπτίων
2607 5448 2900 5521 ἄρχοντες,
2935 5447 3033 5518 τὴν
3071 5445 3317 5498 σύνοικον
3366 5439 3674 5496 ἀπολλύντα
3721 5436 3810 5490 τὸν

552 5538 793 5599 maximo
836 5553 1069 5592 maerore
1113 5555 1340 5593 avocare
1379 5540 1688 5608 cupiebant
1744 5540 2018 5608 Scriptum
2055 5549 2134 5591 est

2248 5543 2510 5612 μακάριον
2545 5540 2812 5611 Ἀϐραάμ,
2842 5541 3002 5595 οἱονεὶ
3026 5536 3430 5608 περισαίνοντες
3463 5534 3582 5596 ταῖς
3603 5529 3805 5601 τιμαῖς,

630 5739 671 5774 ³⁸
721 5738 884 5793 Amos
925 5753 1032 5803 vm,
1066 5736 1147 5789 ll.
1228 5737 1272 5770 “
1302 5738 1433 5791 Gen.
1470 5755 1559 5802 xu,
1603 5739 1683 5801 li,
1724 5738 1802 5791 l5.
1885 5736 1926 5767 ³⁵
1968 5736 2237 5800 llabac.1,
2271 5736 2348 5789 16.
