4076 6306
223 317 343 374 153

949 322 1039 378 DE
1078 325 1521 391 ADORATIONE
1558 336 1627 395 IN
1668 339 1940 399 SPIRITU
1995 344 2086 400 ET
2134 346 2503 404 VERITATE.
2545 348 2673 405 LIB.
2714 349 2754 403 1.

3402 351 3507 410 154

588 441 1006 539 προ-σαγωγαῖς,
1038 441 1134 539 τοῦ
1158 442 1445 501 λυπεῖσθαι
1465 447 1586 503 λίαν
1612 452 1817 504 ἀποκο-

1928 456 2064 511 enim
2091 477 2103 511 :
2139 478 2157 510 ι
2189 460 2464 517 Abraham
2499 464 2731 535 benigne
2763 468 2845 521 usi
2872 476 3002 523 sunt
3030 478 3254 539 propter
3276 467 3445 533 illam,
3478 487 3497 520 ι

226 524 415 610 μίζειν
435 524 647 595 ἠθελον.
667 525 982 599 Γέγραπται
1000 528 1132 601 γάρ,
1162 531 1248 586 δτι
1274 551 1294 585 ι
1327 535 1437 588 Καὶ
1459 536 1539 607 τῷ
1565 536 1818 610 Ἀϐραὰμ

225 609 294 668 εῦ
330 616 636 687 ἐχρήσαντο
663 615 733 670 δι’
758 614 952 688 αὐτὴν,
991 636 1013 671 ι
1042 617 1202 689 δῆλον
1225 620 1305 687 δὲ,
1336 624 1420 678 ὅτι
1448 627 1548 699 τὴν
1575 628 1816 699 Σάρραν,

232 724 251 759 ι
298 708 397 760 καὶ
415 707 665 776 ἐγένοντο
684 709 853 783 αὐτῷ,
878 710 1128 782 πρόϐατά
1140 731 1201 768 τε
1217 715 1311 769 καὶ
1334 717 1543 787 μόσχοι,
1570 719 1664 773 καὶ
1683 719 1815 785 ὄνοι,

225 799 332 852 καὶ
356 800 565 864 παῖδες,
580 801 676 854 καὶ
693 802 996 869 παιδίσκαι,
1020 806 1117 859 καὶ
1146 806 1380 877 ἡμίονοι,
1400 810 1493 862 καὶ
1508 808 1769 881 κάμηλοι.
1791 829 1811 864 ι

226 891 586 947 Πλεονεκτῶν
622 893 731 964 γὰρ
769 896 916 966 ἡμᾶς
943 898 1024 961 είς
1044 898 1117 952 τά
1148 898 1509 971 καιριώτατα,
1541 903 1636 957 καὶ
1655 902 1821 956 οίονεὶ

227 985 410 1055 γονῆς
440 1003 502 1038 τε
529 987 625 1040 καὶ
652 988 956 1060 εὐκαρπίας
985 990 1308 1061 ἀποστερῶν
1340 990 1633 1064 ἐλευθέρας
1658 996 1689 1048 ὁ
1712 994 1817 1048 Σα-

225 1079 431 1144 τανᾶς,
449 1078 543 1132 καὶ
560 1082 678 1143 ταῖς
701 1067 859 1145 ἰδίαις
877 1080 1064 1153 ὕϐρεσι
1083 1082 1178 1136 καὶ
1193 1082 1503 1153 ἀσελγείαις
1515 1084 1606 1139 τὸν
1619 1085 1818 1157 εὐγενῆ

230 1168 367 1224 νοῦν
393 1170 680 1241 ὑποφέρων
703 1173 770 1225 ἐκ
791 1171 1123 1241 πλεονεξίας,
1142 1177 1210 1247 τῇ
1230 1176 1340 1229 τῶν
1354 1177 1613 1245 ἐπιγείων
1630 1178 1821 1249 τέρψει

230 1262 598 1333 καταδεσμεῖ.
626 1263 928 1335 Διελήλακε
950 1264 1009 1317 δὲ
1041 1266 1240 1335 μανίας
1267 1268 1348 1331 είς
1375 1268 1534 1322 τοῦτό
1561 1285 1716 1332 ποτε,
1745 1269 1822 1334 ὡς

238 1354 351 1406 καὶ
390 1353 540 1431 αυτῷ
575 1354 673 1426 τὴν
703 1358 899 1428 πεῖραν
940 1356 1190 1413 καθεῖναι
1224 1356 1301 1430 τῷ
1348 1359 1590 1431 Χριστῷ.
1631 1378 1652 1413 ι
1703 1358 1824 1415 Ἀνο

233 1446 476 1515 αγαγὼν
491 1445 599 1517 γὰρ
624 1447 808 1512 αὐτὸν,
836 1466 856 1500 ι
883 1449 1067 1519 φησὶν,
1086 1468 1105 1500 ι
1127 1450 1325 1517 ἔδειξεν
1346 1452 1495 1524 αὐτῷ
1521 1454 1702 1518 πάσας
1722 1455 1822 1519 τὰς

236 1533 527 1604 βασιλείας
554 1536 655 1606 τῆς
682 1537 1025 1609 οίκουμένης,
1050 1541 1110 1593 ὲν
1138 1544 1340 1614 στιγμῇ
1369 1544 1585 1613 χρόνου,
1616 1543 1712 1597 καὶ
1746 1537 1824 1596 εῖ-

189 1642 206 1653 '
230 1644 347 1681 πεν
367 1626 517 1698 αὐτῷ
543 1628 574 1681 ὁ
603 1628 847 1695 διάϐολος
862 1646 879 1663 ο
909 1630 1015 1700 Σοὶ)
1034 1632 1193 1687 δώσω
1218 1633 1316 1706 τὴν
1337 1633 1586 1700 ἐξουσίαν
1616 1634 1821 1704 ταύτην

230 1718 484 1786 ἃπασαν,
507 1721 603 1775 καὶ
623 1721 723 1792 τὴν
746 1721 902 1787 δόξαν
929 1724 1131 1792 αὐτῶν,
1155 1725 1237 1779 δτι
1259 1727 1383 1796 ἐμοὶ
1402 1727 1816 1799 παραδέδονται,

1926 547 2075 603 haud
2128 549 2358 606 dubium
2388 553 2524 623 quin
2562 566 2787 625 propter
2818 557 3059 623 Sarram,
3116 577 3134 609 ι
3169 567 3228 613 et
3277 557 3507 613 fuerunt

1923 637 2003 693 illi
2032 655 2164 696 oves
2188 651 2247 698 et
2276 641 2466 709 boves,
2499 651 2557 699 et
2607 646 2767 712 asini,
2802 656 2859 701 et
2889 649 3034 704 servi
3079 657 3140 703 et
3178 648 3411 713 ancillae,
3449 656 3508 703 et

1922 728 2058 784 muli
2087 739 2146 787 et
2176 733 2371 789 cameli
2391 734 2459 788 “.
2502 753 2521 787 ι
2563 736 2778 791 Fraude
2823 738 2971 793 enim
3011 755 3111 795 sua
3136 755 3237 794 nos
3270 740 3339 795 ad
3373 748 3511 795 tem-

1920 820 2143 886 poraria
2174 822 2479 891 pelliciens,
2504 831 2562 880 et
2584 825 2989 896 quodammodo
3018 829 3227 883 semine
3256 829 3325 884 ad
3360 829 3508 884 fetu-

1922 924 2037 965 ram
2078 912 2355 969 libertatis
2380 910 2717 972 defraudans
2752 915 2981 973 Satanas
3002 958 3017 984 ,
3048 926 3105 972 et
3141 918 3422 990 tyrannica
3453 918 3507 971 vi

1921 1014 2035 1055 sua;
2073 1000 2292 1057 libidini
2350 1011 2408 1058 et
2459 1004 2898 1077 intemperantia
2932 1006 3276 1062 nobilitatem
3334 1006 3507 1062 animi

1921 1091 2239 1162 subjiciens,
2271 1108 2458 1150 rerum
2488 1104 2833 1153 terrenarum
2866 1097 3287 1153 oblectamentis
3311 1098 3506 1152 devin-

1920 1182 2017 1239 cit.
2045 1181 2188 1250 Quin
2216 1184 2384 1241 etiam
2421 1201 2490 1243 eo
2529 1187 2761 1245 insania}
2794 1188 3092 1260 aliquando
3129 1189 3412 1260 prorupit,
3445 1198 3509 1243 ut

1920 1272 2105 1345 ipsum
2148 1290 2368 1347 quoque
2416 1276 2699 1335 Christum
2753 1289 2964 1336 tentare
3013 1280 3225 1335 veritus
3261 1295 3373 1360 non
3410 1279 3504 1333 sit.

1930 1382 1950 1417 ι
1986 1365 2058 1420 Et
2088 1381 2393 1435 assumens,
2436 1388 2456 1421 ι
2501 1370 2700 1441 inquit,
2735 1389 2754 1422 ι
2782 1386 2931 1437 eum,
2960 1370 3203 1426 ostendit
3239 1370 3293 1425 ei
3321 1369 3506 1425 omnia

1924 1458 2269 1528 regna,orbis
2295 1468 2455 1516 terra:
2484 1462 2540 1516 in
2571 1472 2848 1518 momento
2887 1461 3174 1532 temporis,
3211 1470 3270 1517 et
3290 1461 3431 1516 dixit
3453 1462 3506 1516 ei

1922 1546 2209 1605 diabolus:
2237 1550 2362 1605 Tibi
2392 1552 2535 1608 dabo
2555 1561 2882 1623 potestatem
2912 1554 3055 1608 hanc
3088 1552 3426 1617 universam,
3452 1564 3509 1607 et

1920 1641 2149 1714 gloriam
2184 1657 2398 1709 eorum,
2420 1644 2553 1714 quia
2578 1645 2712 1699 mihi
2743 1645 2943 1700 tradita
2966 1654 3112 1709 sunt,
3146 1652 3204 1699 ct
3242 1644 3332 1699 cui
3356 1645 3504 1710 volo,

1922 1733 1994 1789 do
2024 1734 2136 1789 illa.
2174 1734 2257 1789 Tu
2309 1730 2498 1805 igitur,
2530 1737 2577 1791 si
2629 1736 2943 1792 adoraveris
3008 1751 3191 1793 coram
3244 1750 3364 1799 me,
3415 1745 3508 1791 tua

229 1811 340 1863 καὶ
369 1803 415 1879 ᾧ
450 1811 549 1865 ὲάν
576 1790 752 1877 θέλω,
781 1812 973 1884 διδωμι
1005 1790 1164 1870 αὐτά.
1198 1815 1271 1869 Σὺ
1292 1790 1406 1872 ὀὖν
1446 1790 1542 1872 ὲάν
1575 1790 1816 1892 προσκυέ
1851 1790 1894 1846 Β
1922 1836 2084 1883 erunt
2108 1826 2293 1882 omnia
2312 1790 2378 1880 ὅ.
2414 1846 2434 1880 ι

229 1903 414 1975 νὴσῃς
449 1901 681 1958 ἐνώπιόν
711 1920 812 1975 μου
832 1947 847 1972 ,
886 1904 1038 1959 ἔσται
1069 1922 1153 1959 σοι
1182 1907 1382 1963 πάντα.
1420 1928 1440 1962 ι

307 1994 522 2079 ΠρΛΔ.
568 1995 724 2064 Ἔχει
753 1994 852 2064 μὲν
884 1995 1080 2069 ὀρθῶς.
1112 1997 1258 2070 Πλὴν
1283 2000 1528 2071 ιρομένῳ
1547 2040 1563 2065 ,
1588 2001 1814 2072 φράσον.

229 2083 341 2150 Τίς
370 2083 440 2139 ἂν
463 2086 676 2154 γένοιτο
704 2089 817 2150 τοῖς
864 2085 1129 2142 παθοῦσιν
1161 2088 1195 2160 ἢ
1227 2089 1414 2161 ὄνησις
1436 2090 1603 2161 ἧγουν
1633 2093 1669 2163 ἡ
1694 2094 1818 2145 ἑπι-

229 2177 508 2250 κούρησις
523 2193 542 2244 ;

308 2270 482 2324 ΚΥΡ.
512 2270 675 2337 Θεὸς,
713 2263 760 2326 ὦ
791 2274 1042 2340 γενναῖε,
1070 2273 1217 2344 καὶὴ
1253 2275 1386 2345 παρ’
1413 2272 1580 2327 αὐτοῦ
1623 2275 1781 2345 χάρις
1800 2314 1817 2340 ,

230 2363 301 2415 οὐ
359 2362 522 2433 μέχρι
566 2363 768 2427 παντὸς
808 2365 1020 2434 ὲφιεῖσα
1060 2365 1153 2418 τὸν
1191 2364 1534 2436 ἠσθενηκότα
1563 2365 1689 2421 νοῦν
1715 2367 1821 2420 ὑπὸ

233 2455 414 2518 πόδας
440 2450 581 2509 εἶναι
606 2455 945 2521 διαϐολικοὺς
961 2498 977 2525 ,
1006 2456 1142 2512 ἀλλά
1164 2457 1615 2529 ὑπερασπίζουσά
1640 2474 1700 2512 τε
1724 2458 1821 2511 καὶ

234 2546 624 2618 ἐξαιρουμένη,
653 2546 745 2602 τὸν
769 2547 923 2603 οὐδὲν
957 2547 1255 2619 ἐπαμύνειν
1295 2548 1473 2619 ἑαυτῷ
1500 2540 1817 2619 δυνάμενον.

240 2638 410 2702 Ἴδοις
434 2637 481 2691 δ’
513 2637 579 2693 ἀν
599 2679 615 2705 ,
656 2640 706 2692 εί
750 2639 958 2710 βούλοιο
975 2680 993 2700 .
1026 2640 1177 2695 τουτὶ
1221 2641 1444 2710 γεγονὸς
1469 2642 1565 2695 καὶ
1599 2642 1693 2695 ἐπὶ
1724 2640 1819 2696 τοῦ

238 2731 591 2802 προπάτορος
618 2730 890 2803 Ἀϐραάμ.
926 2732 1313 2804 ’Δπειρηκότος
1336 2734 1447 2805 γάρ
1463 2732 1559 2786 τοῦ
1585 2733 1819 2801 δικαίου,

237 2822 340 2875 καί
363 2823 500 2895 δρᾷν
526 2822 640 2876 οἵου
668 2839 728 2876 τε
760 2822 1037 2888 παντελῶς
1060 2824 1232 2892 οὐδὲν,
1254 2825 1418 2895 μέσος
1440 2823 1634 2896 ἐχώρει
1666 2825 1820 2891 Θεὸς,

236 2914 339 2967 καὶ
366 2914 470 2983 τῆς
498 2913 815 2983 Αἰγυπτίων
840 2914 1130 2983 ἀσελγείας
1154 2916 1216 2969 τὸ
1253 2915 1472 2985 γύναιον
1505 2915 1821 2988 ἠλευθέρου.

241 3025 263 3060 ι
306 3008 515 3060 Ἤτασε
536 3006 647 3077 γάρ
689 3006 894 3078 Κύριος
916 3007 1010 3063 τὸν
1037 3006 1234 3078 Φαραὼ
1276 3008 1532 3079 ὲτασμοῖς
1565 3007 1825 3079 μεγάλοις

238 3098 341 3152 καὶ
381 3099 674 3169 πονηροῖς,
703 3097 801 3151 καὶ
844 3098 937 3152 τὸν
966 3094 1113 3152 οἷκον
1138 3098 1301 3152 αὑτοῦ
1329 3100 1458 3170 περὶ
1482 3100 1700 3171 Σάρρας
1725 3100 1826 3170 τῆς
1852 3139 1898 3199 c

238 3189 505 3259 γυναικὸς
546 3188 818 3261 Ἁϐραάμ.
858 3207 877 3241 ι
912 3189 1093 3259 Ἠφίει
1141 3189 1199 3243 δὲ
1240 3189 1383 3244 οὓτω
1421 3191 1574 3263 μόλις
1612 3190 1823 3264 ὕϐρεως

242 3281 545 3354 ἑλευθέραν
586 3281 687 3353 τὴν
728 3280 807 3352 τῷ
841 3282 1035 3354 δικαίῳ
1083 3282 1516 3354 συνῳκισμένην.
1560 3283 1692 3347 Θεὸς
1732 3279 1827 3337 οὖν

241 3374 357 3447 ἄρα
388 3374 486 3428 καὶ
520 3373 683 3443 μόνος
708 3371 944 3438 ἐξέλοιτο
968 3372 1036 3427 ἂν
1065 3374 1130 3427 ὲκ
1166 3373 1266 3444 τῆς
1294 3373 1388 3427 τοῦ
1419 3373 1666 3428 διαϐόλου
1707 3391 1824 3445 χει-

244 3465 341 3537 ρὸς
359 3466 452 3520 τὸν
479 3466 738 3521 έναλόντα
764 3464 921 3532 νοῦν,
950 3468 1048 3523 καὶ
1066 3469 1149 3531 είς
1178 3465 1480 3538 εὐκοσμίαν
1507 3467 1672 3521 αὐτὸν
1705 3467 1830 3521 ἀνα-

243 3556 476 3630 στρέψει
505 3556 603 3629 τὴν
630 3559 690 3612 ἐν
718 3558 938 3629 ἀρχαῖς.

321 3728 536 3781 ΠΑΛΛ.
589 3727 790 3801 Ἐνδείᾳ
838 3727 903 3799 δὴ
944 3724 1039 3781 οὖν
1083 3730 1151 3800 τῇ
1202 3728 1313 3783 τῶν
1360 3729 1567 3785 ἀνωθεν
1607 3731 1829 3800 ἀγαθῶν

243 3817 654 3889 κατωθούμενοι
685 3819 918 3890 κάτιμεν
945 3819 1059 3873 ἐσθ’
1082 3820 1172 3873 ὅτε
1198 3820 1337 3893 πρὸς
1373 3821 1446 3875 τὰ
1484 3823 1687 3894 αἰσχρὰ
1732 3824 1829 3877 καὶ

248 3910 505 3982 βδελυρά.

284 4034 291 4043 ι
319 4003 489 4056 ΚΥΡ.
517 4000 675 4056 Οὕτω
699 4003 863 4073 φημί.

319 4095 532 4149 ΠΔΛΔ.
578 4093 720 4147 Ἀλλ’
750 4093 866 4148 ἐστι
904 4110 1008 4147 που
1048 4095 1264 4159 πάντως
1291 4096 1368 4167 τῷ
1392 4096 1675 4169 φιλαγάθῳ
1702 4100 1828 4169 πρέ-

252 4203 352 4237 πον
394 4182 536 4255 Θεῷ,
571 4184 630 4237 τὸ
679 4182 872 4254 μηδενὶ
913 4183 1021 4237 τῶν
1062 4182 1317 4238 τοιούτων
1344 4186 1438 4255 ὲᾷν
1479 4187 1829 4256 περιπίπτειν

253 4278 420 4346 1ἡμεῖς·

322 4366 484 4421 ΚΥΡ.
508 4363 726 4435 Πρέπον
753 4363 853 4435 μὲν
877 4364 958 4418 ὅτι
986 4364 1221 4435 μάλιστα
1237 4366 1385 4418 τουτὶ⁸
1404 4366 1544 4437 Θεῷ,
1563 4369 1657 4420 καὶ
1678 4367 1829 4439 θελη-

1994 2003 2191 2059 PALL.
2233 2005 2404 2060 Recte
2450 2004 2634 2061 habet.
2674 1985 3092 2071 (laterum—dic,
3137 2005 3389 2061 obsecro.
3435 2007 3510 2062 lis

1924 2092 2019 2164 qui
2068 2094 2126 2148 in
2172 2093 2292 2149 haec
2337 2095 2479 2149 mala
2531 2094 2865 2160 inciderunt,
2907 2094 3184 2164 quodnam
3218 2095 3466 2150 levamen
3491 2136 3506 2161 ,

1923 2186 2141 2257 quodve
2168 2187 2433 2241 anxilium
2468 2187 2733 2241 exsistere
2761 2186 2974 2256 possit?

1996 2272 2154 2329 CYR.
2191 2275 2378 2338 Deus,
2418 2274 2669 2339 Palladi,
2711 2282 2769 2328 et
2819 2276 2939 2344 ejus
2980 2276 3188 2346 gratia,
3229 2291 3351 2346 quae
3396 2292 3508 2331 non

1926 2381 2323 2437 usquequaque
2387 2365 2658 2435 permittit
2695 2365 2973 2420 inﬁrmum
3012 2367 3257 2421 animum
3285 2368 3388 2422 sub
3416 2383 3512 2437 pe-

1924 2455 2090 2512 dibus
2112 2471 2233 2511 esse
2261 2456 2488 2521 diaboli,
2524 2456 2620 2511 sed
2648 2454 2884 2528 protegit
2913 2474 2976 2513 ac
3004 2458 3203 2514 liberat
3248 2474 3373 2515 eum
3415 2461 3513 2529 qui

1924 2561 1986 2602 se
2020 2546 2164 2601 tueri
2193 2560 2258 2601 ac
2291 2545 2588 2602 defendere
2621 2546 2775 2602 nullo
2805 2547 2968 2603 modo
2998 2558 3197 2618 potest.
3229 2549 3385 2604 Licet
3417 2565 3514 2603 au-

1926 2646 2037 2692 tem
2066 2637 2278 2703 videre,
2308 2637 2355 2691 si
2389 2636 2549 2703 velis,
2584 2637 2825 2708 idipsum
2874 2638 3149 2693 Abraham
3188 2639 3512 2710 patriarchae

1927 2728 2221 2800 contigisse
2257 2746 2270 2781 :
2308 2743 2433 2783 cum
2475 2728 2626 2783 enim
2667 2729 3017 2799 desperasset
3055 2731 3143 2785 vir
3174 2732 3377 2802 justus,
3411 2746 3511 2784 nc-

1928 2836 2035 2891 que
2066 2819 2251 2876 animo
2282 2820 2491 2890 aliquid
2521 2819 2736 2876 eﬂicere
2780 2830 2985 2891 posset,
3028 2821 3245 2877 medius
3275 2821 3514 2876 interve-

1928 2912 2011 2966 nit
2041 2911 2207 2975 Deus,
2239 2912 2332 2981 qui
2364 2911 2433 2965 ab
2459 2910 2834 2983 Egyptiorum
2866 2911 3288 2981 intemperantia
3318 2910 3511 2965 multe-

1930 3017 2048 3057 rem
2082 3002 2352 3057 liberavit.
2402 3020 2421 3053 ι
2456 3002 2773 3073 Flagellavit
2800 3017 3041 3072 namque
3068 3002 3334 3057 Dominus
3368 3002 3510 3057 Pha-

1930 3108 2156 3148 raonem
2197 3092 2426 3165 ﬂagellis
2465 3093 2679 3163 magnis
2723 3102 2890 3164 atque
2935 3094 3297 3159 terribilibus,
3327 3103 3383 3150 et
3417 3095 3516 3149 do-

1928 3201 2081 3240 mum
2119 3186 2239 3256 ejus
2286 3193 2511 3256 propter
2561 3185 2781 3240 Sarram
2829 3200 3057 3240 uxorem
3094 3185 3367 3241 Abraham
3389 3184 3456 3238 ⁸⁸.
3486 3204 3505 3236 ι

1928 3262 2049 3342 Quo
2081 3276 2225 3332 facto
2272 3276 2495 3332 tandem
2529 3276 2665 3349 justi
2704 3276 2947 3332 hominis
2993 3277 3279 3348 conjugem
3314 3275 3407 3329 vix
3443 3275 3513 3329 ab

1929 3369 2133 3441 injuria
2169 3367 2402 3422 liberam
2430 3365 2661 3423 dimisit.
2686 3366 2834 3422 Deus
2858 3366 3046 3438 igitur,
3083 3373 3141 3420 et
3173 3363 3401 3435 quidem.
3425 3380 3515 3419 so-

1928 3462 2036 3526 lus,
2076 3470 2298 3531 captum
2328 3460 2586 3515 animum
2631 3475 2699 3515 ex
2745 3458 2949 3515 diaboli
3000 3458 3254 3513 manibus
3299 3458 3514 3528 eripere

1930 3553 2090 3608 facile
2118 3560 2319 3623 potest,
2352 3561 2515 3623 atque
2553 3552 2622 3606 ad
2657 3551 2998 3605 honestatem
3031 3549 3318 3620 pristinam
3358 3564 3517 3604 revo—

1931 3657 2057 3697 care
2066 3684 2078 3695 .

2009 3731 2115 3803 15
2158 3732 2355 3787 PALL.
2409 3731 2598 3801 In0pia
2653 3730 2821 3802 igitur
2876 3730 3184 3785 caelestium
3242 3728 3513 3783 bonorum

1932 3802 2147 3893 depulsi
2193 3823 2524 3895 quandoque
2579 3821 2649 3877 ad
2696 3830 2886 3893 turpes
2939 3830 3105 3891 atque
3155 3802 3544 3876 exsecrandas'

1931 3915 2177 3970 actiones
2205 3913 2537 3969 delabimur.

2001 4005 2159 4061 CYR.
2198 4006 2279 4061 Ita
2311 4005 2512 4061 sentio.

2002 4098 2200 4152 PALL.
2262 4097 2518 4153 Attamen
2575 4096 2776 4153 divinae
2830 4098 3157 4169 benignitati
3212 4113 3514 4169 congruere

1932 4189 2185 4254 videtur,
2220 4204 2331 4243 non
2371 4188 2689 4258 permittere
2737 4196 2799 4243 ut
2841 4188 2898 4242 in
2944 4188 3259 4260 bujusmodi
3308 4188 3513 4257 aliquid

1934 4282 2264 4336 incidamus.

2008 4372 2166 4427 CYR.
2201 4371 2467 4441 Congruit
2494 4379 2551 4426 ct
2586 4370 2809 4440 quidem
2847 4370 3082 4425 maxime
3112 4370 3166 4424 id
3193 4370 3325 4434 Dco,
3354 4378 3516 4440 atque

253 4461 339 4513 τόν
367 4477 453 4528 γε,
485 4453 532 4512 ὧ
563 4459 696 4513 τᾶνο
726 4457 810 4528 εἴη
837 4455 946 4527 γάρ
972 4455 1039 4510 ἂν
1069 4456 1269 4526 ἥκιστα
1311 4457 1409 4527 μὲν
1436 4457 1670 4526 ἀγαθὸς,
1706 4459 1825 4528 φιλ-

1935 4465 2073 4519 adeo
2117 4464 2254 4527 vult,
2306 4462 2541 4526 Palladi;
2594 4460 2799 4530 alioqui
2849 4461 3074 4517 minime
3126 4462 3304 4516 bonus
3350 4471 3515 4525 esset,

254 4551 443 4621 άρετος
478 4551 537 4604 δὲ
569 4551 632 4603 οὐ
668 4549 820 4615 λίαν,
849 4551 897 4604 εἰ
924 4550 998 4621 μὴ
1027 4549 1217 4603 τοῦτον
1257 4549 1370 4620 ἔχοι
1404 4551 1539 4621 πρὸς
1569 4552 1714 4621 ἡμᾶς
1740 4551 1831 4605 τὸν

255 4643 472 4697 σκοπόν.
525 4641 816 4712 Παραίτιοι
862 4640 920 4694 δὲ
969 4640 1063 4695 τοῦ
1125 4640 1320 4694 παθεῖν
1366 4642 1579 4705 ἑαυτοῖς
1632 4644 1828 4713 ἡμεῖς,

255 4735 665 4806 παραθήγοντες
708 4733 789 4796 είς
830 4731 1001 4803 ὀργὰς
1044 4731 1137 4786 τὸν
1179 4732 1289 4785 τῶν
1334 4732 1471 4786 ὅλων
1518 4734 1828 4803 Δεσπότηνο

254 4825 425 4896 ἐνίησι
452 4824 564 4896 γὰρ
599 4822 742 4877 οὕτω
774 4824 912 4894 πρὸς
951 4822 1154 4894 ἀσθενῆ
1181 4839 1240 4876 τε
1278 4823 1372 4877 καὶ
1395 4823 1655 4896 ἄνανδρον
1681 4822 1825 4877 νοῦν.

256 4916 324 4968 Ἠ
350 4914 480 4984 οὐχὶ
514 4903 750 4983 βοῶντος
776 4911 996 4974 ἀκούεις
1025 4910 1094 4965 δι’
1136 4911 1255 4975 ἑνὸς
1284 4912 1395 4966 τῶν
1416 4912 1589 4981 ἁγίων
1619 4930 1832 4984 προφη-

254 5006 392 5061 τῶνο
430 5025 451 5059 ι
500 5006 634 5060 Ἰδοὺ
672 5003 784 5074 ἐγὼ
821 5004 1012 5074 δίδωμι
1041 5004 1135 5057 ἐπὶ
1180 5006 1270 5059 τὸν
1307 5005 1435 5059 λαὸν
1470 5005 1658 5059 τοῦτον
1677 5005 1838 5061 ἀσθέ-

254 5113 421 5163 νειαν,
454 5097 552 5151 καί
589 5095 983 5166 ἀσθενήσουσιν
1020 5096 1080 5149 ὲν
1112 5096 1250 5167 αὐτῇ
1292 5097 1527 5169 πατέρες
1569 5098 1662 5151 καὶ
1706 5097 1832 5150 υἱοίο

257 5189 449 5257 γείτων
475 5189 574 5243 καὶ
598 5189 629 5241 ὁ
661 5186 888 5259 πλησίον
913 5186 1080 5240 αὐτοῦ
1099 5186 1462 5255 ἀτωλοῦνται;
1491 5208 1509 5241 ι
1543 5190 1749 5261 Γράφει
1779 5191 1836 5245 δὲ

257 5282 381 5352 περί
419 5298 586 5335 τινων
623 5280 719 5334 καὶ
761 5282 790 5334 ὁ
832 5278 1143 5349 σοφώτατος
1176 5280 1406 5345 Παῦλοςο
1447 5302 1466 5335 ι
1505 5284 1614 5337 Καὶ
1645 5284 1833 5349 καθὼς

255 5375 354 5427 οὐκ
384 5373 720 5445 ἐδοκίμασαν
764 5371 857 5426 τὸν
898 5371 1031 5426 Θεὸν
1055 5372 1200 5442 ἔχειν
1242 5373 1301 5427 ὲν
1331 5372 1658 5443 ἐπιγνώσει,
1688 5394 1829 5447 παρ-

258 5467 456 5521 έδωκεν
483 5465 686 5528 αὐτοὺς
713 5463 743 5517 ὁ
779 5463 912 5527 Θεὸς
952 5466 1032 5528 εἰς
1056 5463 1315 5534 ἀδόκιμον
1359 5464 1485 5519 νοῦν
1504 5505 1519 5528 ,
1562 5468 1736 5519 ποιεῖν
1765 5464 1834 5519 τὰ

264 5559 334 5630 μὴ
360 5558 692 5631 καθήκοντα.
748 5574 767 5607 ι
805 5555 1156 5627 Τρανώτερον
1198 5557 1254 5610 δὲ
1292 5559 1437 5611 τουτὶ
1464 5561 1555 5613 καὶ
1588 5560 1615 5611 ὁ
1641 5558 1834 5612 θεσπέ-

331 5734 588 5791 "Ucncs.
624 5750 719 5801 xu,
749 5734 830 5787 16.
910 5734 948 5764 ³⁷
974 5733 1106 5788 Luc.
1137 5748 1203 5795 Iv,
1237 5734 1346 5786 ῖὶ-Ῠ.

1937 4571 2041 4611 nec
2083 4569 2214 4609 sane
2258 4553 2481 4608 virtutis
2520 4568 2732 4617 amans,
2774 4553 2882 4609 nisi
2927 4553 3031 4609 hoc
3068 4571 3196 4626 erga
3237 4570 3339 4608 nos
3373 4563 3519 4609 esset

1937 4646 2141 4701 animo.
2179 4643 2287 4700 Sed
2321 4644 2466 4714 quod
2500 4644 2616 4698 haac
2646 4643 2809 4699 nobis
2838 4645 3112 4711 accidunt,
3141 4655 3330 4700 nostra
3360 4647 3518 4715 culpa

1934 4746 2042 4801 est,
2076 4737 2171 4807 qui
2198 4736 2444 4790 omnium
2476 4735 2767 4789 Dominum
2801 4736 2870 4790 ad
2904 4736 3041 4791 iram
3077 4752 3514 4803 commovemus;

1936 4845 2047 4900 quo
2088 4829 2252 4892 facto,
2282 4827 2525 4881 animum
2572 4827 2664 4881 ille
2705 4827 2866 4882 nubis
2904 4827 3180 4883 inﬁrmum
3213 4845 3516 4900 parumque

1936 4921 2153 4974 virilem
2190 4918 2457 4972 immittit.
2506 4917 2589 4972 An
2624 4925 2682 4972 tu
2719 4919 2946 4974 minime
2995 4920 3224 4975 exaudis
3266 4922 3387 4993 ejus
3425 4938 3519 4976 vo-

1935 5028 2076 5076 cem,
2120 5026 2245 5065 cum
2294 5025 2394 5078 per
2433 5008 2727 5078 quemdam
2774 5019 3086 5066 sanctorum
3127 5012 3516 5081 prophetarum

1935 5104 2136 5159 clamat
2168 5120 2180 5156 :
2220 5121 2238 5152 ι
2280 5103 2422 5156 Ecce
2450 5117 2551 5173 ego
2587 5103 2659 5158 do
2692 5118 2860 5174 super
2885 5104 3149 5175 pepulum
3188 5102 3336 5156 hunc
3369 5103 3520 5156 inﬁr-

1935 5197 2216 5260 mitatem;
2256 5204 2315 5249 et
2355 5194 2783 5251 inﬁrmabuntur
2819 5196 2877 5250 in
2922 5196 3013 5251 illa
3050 5203 3304 5265 parentes
3336 5203 3393 5249 et
3423 5194 3516 5249 ﬁlii

1935 5287 2121 5352 simul,
2138 5285 2353 5341 vicinus
2373 5294 2429 5340 et
2449 5286 2733 5356 proximus
2750 5287 2871 5357 ejus
2895 5286 3159 5356 peribunt
3176 5283 3257 5337 "?
3274 5303 3291 5335 ι
3320 5283 3521 5338 Scribit

1938 5372 2103 5428 etiam
2151 5372 2221 5427 de
2266 5373 2595 5443 quibusdam
2634 5373 2721 5427 vir
2774 5372 3210 5443 sapientissimus
3259 5373 3460 5427 Paulus
3503 5390 3516 5425 :

1949 5485 1968 5518 ι
1998 5466 2068 5520 Ει
2091 5465 2235 5520 sicut
2254 5481 2362 5520 non
2386 5466 2763 5536 probaverunt
2780 5466 2953 5520 Deum
2983 5465 3186 5521 habere
3216 5465 3271 5520 in
3300 5464 3517 5529 notitia,

1943 5561 2169 5617 tradidit
2198 5562 2319 5617 illos
2359 5564 2500 5619 Deus
2538 5563 2593 5618 in
2621 5562 2912 5631 reprobum
2954 5576 3193 5627 sensum,
3226 5569 3286 5617 ut
3318 5560 3520 5616 faciant

1427 5736 1466 5761 ³⁸
1493 5736 1625 5788 Gen.
1669 5753 1759 5802 xu,
1796 5738 1871 5790 Π.
1955 5738 1996 5769 ³³
2033 5738 2142 5799 Jct‘.
2175 5756 2245 5798 γι.
2274 5740 2355 5792 ‘21.
