4076 6306
446 302 652 362 .ιιιδ

541 428 666 491 quae
711 431 822 472 non
866 413 1197 470 conveniunt
1222 411 1288 464 ⁸ο.
1329 430 1349 463 ι
1393 410 1637 483 ldipsum
1686 410 1859 481 magis
1904 409 2120 481 perspi-
2150 416 2193 472 Α

545 524 714 565 cuum
737 506 868 562 facit
890 505 1076 572 lsaias,
1102 503 1292 560 dicens
1328 511 1587 572 tanquam
1614 518 1682 557 ex
1714 515 1951 572 persona
1988 500 2130 556 filio-

544 613 667 654 rum
701 598 900 664 Israel,
948 605 1044 653 aut
1076 609 1271 652 eorum
1309 601 1458 651 certe
1490 593 1587 664 qui
1630 592 1689 647 in
1724 599 1950 662 peccata
1988 591 2131 662 lapsi

545 697 781 745 essent:
825 707 844 741 ι
902 688 1044 747 Ecce
1110 695 1171 750 tu
1236 685 1410 740 iratus
1471 699 1567 750 es,
1620 691 1680 740 et
1730 697 1833 738 nos
1881 682 2133 757 peccavi-

549 797 673 837 mus
700 783 766 836 “.
797 800 816 833 ι

619 873 820 930 PALL.
878 872 1024 935 Num
1079 871 1276 944 igitur,
1326 868 1558 925 obsecro
1579 907 1594 933 ,
1666 866 1900 938 segnitia
1967 874 2134 936 atque

553 966 756 1022 inertia
791 963 1127 1020 decedentes
1162 962 1232 1017 ab
1267 961 1465 1026 ofﬁcio,
1514 974 1578 1016 ac
1615 958 1855 1029 peccatis
1909 956 2132 1024 irretiti,

552 1056 913 1126 eonjiciemus
935 1055 1154 1127 culpam
1193 1053 1250 1109 in
1284 1052 1479 1117 Deum,
1507 1057 1564 1106 et
1594 1051 1715 1121 ejus
1745 1049 1880 1109 iram
1912 1064 2137 1111 accusa-

553 1147 759 1212 bimus,
787 1154 849 1203 ut
878 1127 972 1217 qui
1003 1153 1228 1217 propter
1256 1159 1376 1201 eam
1412 1142 1856 1218 peccaverimus?

623 1238 782 1294 CYR.
825 1239 922 1293 Ille
961 1253 1094 1293 vero
1141 1236 1365 1292 minime
1408 1234 1714 1307 culpandus
1747 1251 1779 1290 a
1815 1233 1976 1289 nobis
2012 1240 2139 1302 est;

556 1327 613 1383 id
656 1329 806 1384 enim
860 1337 1012 1385 esset
1070 1329 1325 1395 insaniae;
1355 1328 1474 1394 sed,
1503 1342 1631 1383 eum
1677 1327 1912 1383 dicimus
1946 1344 1959 1381 :
2000 1345 2021 1379 ι
2051 1325 2139 1383 Tu

557 1418 732 1474 iratus
760 1434 842 1483 es,
871 1428 929 1476 et
958 1435 1062 1475 nos
1098 1421 1468 1491 peccavimus,
1502 1439 1521 1472 ι
1558 1420 1665 1478 tale
1695 1419 1902 1490 aliquid
1939 1417 2142 1476 intelli-

556 1508 735 1580 gimus
769 1525 783 1562 :
814 1509 932 1564 Nisi
987 1518 1041 1565 te
1099 1512 1397 1582 benignum
1450 1512 1837 1578 habuerimus,
1885 1510 2136 1578 Domine,

557 1598 697 1659 nihil
745 1599 852 1655 erit
889 1600 1036 1670 quod
1082 1601 1371 1672 prohibeat
1405 1603 1701 1672 quominus
1741 1618 1773 1658 a
1806 1602 2015 1672 peccati
2054 1610 2142 1674 ty..-

558 1691 791 1746 rannide
842 1693 1236 1762 opprimamnr,
1277 1701 1503 1763 propter
1546 1701 1752 1749 nostrae
1796 1701 2011 1750 natura:
2051 1693 2139 1748 in-

560 1759 898 1849 firmitatem,
916 1759 1090 1854 atque
1120 1784 1194 1839 ita
1224 1759 1461 1855 denique
1488 1785 1747 1841 omnibus
1774 1787 1933 1847 malis
1960 1782 2143 1861 impli-
2167 1759 2215 1821 Β

562 1888 771 1928 cemur.
836 1884 841 1889 ’

633 1967 829 2022 PALL.
870 1966 1119 2038 Intelligo
1146 1967 1293 2037 quod
1327 1966 1486 2022 dicis.

629 2053 786 2110 CYR.
823 2054 1071 2126 Superna
1114 2055 1301 2126 itaque
1345 2070 1480 2111 cura
1525 2070 1589 2111 ac
1635 2055 1981 2125 providentia
2020 2070 2148 2126 spo-s

562 2144 702 2210 liati,
740 2159 863 2200 cum
897 2146 965 2200 de
997 2146 1164 2201 nimia
1197 2154 1380 2200 nostra
1412 2145 1614 2201 inertia
1651 2155 1814 2216 atque
1847 2146 1915 2200 ad
1953 2144 2149 2217 nequi-

563 2238 695 2293 tiam
729 2238 996 2309 praecipiti
1030 2239 1419 2308 propcnsione,
1461 2252 1636 2307 poma:
1664 2254 1696 2298 a
1726 2238 1887 2293 nobis
1915 2252 2145 2294 sumun-

563 2337 676 2394 tur,
708 2329 912 2383 infirmi
953 2338 1066 2384 tum
1105 2338 1162 2385 et
1204 2337 1365 2398 captu
1409 2328 1618 2395 faciles,
1649 2337 1704 2384 et
1736 2344 1845 2398 quo
1881 2344 1992 2383 non
2028 2330 2149 2400 ejus

563 2421 784 2492 generis
813 2422 958 2477 malo
982 2421 1235 2477 laborare
1268 2420 1774 2490 deprehendimur?
1798 2420 1861 2475 In
1893 2427 2147 2490 promptu

563 2522 749 2568 autem
795 2513 892 2569 tibi
929 2523 1034 2577 est,
1070 2514 1127 2569 id
1167 2522 1354 2583 aperte
1396 2513 1727 2582 perspicere,
1761 2512 1963 2581 legenti
1999 2511 2153 2566 Iere-

564 2603 688 2658 mise
714 2604 901 2659 verba.
935 2605 1175 2658 Ell'erata
1214 2617 1450 2670 namque
1477 2601 1791 2656 Iudaeorum
1830 2600 2147 2668 multitudo,

564 2692 817 2760 quamvis
842 2691 1137 2745 admodum
1172 2689 1390 2745 abunde
1428 2689 1754 2754 luxuriaret,
1781 2703 1845 2743 ac
1879 2687 2152 2747 diﬂlueret

568 2780 624 2835 in
658 2786 871 2836 summa
905 2780 1002 2836 Dei
1045 2781 1397 2846 liberalitate,
1431 2796 1559 2835 cum
1590 2789 1647 2835 et
1682 2781 1937 2836 hostibus
1977 2781 2153 2836 omni-

566 2870 674 2928 bus
705 2873 1101 2937 dominaretur,
1132 2880 1191 2928 et
1222 2872 1293 2928 ad
1326 2888 1602 2928 summum
1636 2872 1874 2943 denique
1902 2873 2153 2927 humanae

569 2963 758 3034 gloria:
782 2963 1043 3020 verticem
1067 2963 1427 3034 pervenisset,
1458 2963 1560 3034 15
1579 2963 1928 3019 durissimam
1972 2972 2152 3019 tamen

572 3060 743 3123 atque
767 3054 1262 3124 pervicacissimam
1293 3053 1578 3125 perfidiam
1608 3062 1693 3109 est
1720 3053 2000 3108 meditata.
2040 3053 2150 3107 lta—

566 3160 680 3215 que
710 3160 837 3200 cum
867 3145 1039 3217 Moysi
1067 3146 1340 3206 mandatis
1381 3154 1590 3201 tantum
1612 3161 1722 3201 non
1742 3146 2149 3211 valedixissent,

571 3251 636 3292 ac
657 3239 896 3293 sancitas
916 3238 1063 3310 leges
1089 3252 1318 3308 prorsus
1333 3254 1434 3308 pro
1456 3237 1686 3293 minimo
1707 3237 1847 3292 habe
1857 3245 1997 3300 rent,
2010 3222 2153 3308 prai-

572 3328 727 3397 eipiti
787 3328 999 3397 impetu
1054 3329 1112 3385 in
1166 3337 1402 3384 mortem
1446 3337 1612 3398 atque
1655 3329 1956 3398 perniciem
2004 3329 2153 3385 fere-

573 3418 798 3475 bantur.
827 3418 940 3473 Sub
969 3433 1210 3488 quercus
1236 3433 1494 3487 namque,
1533 3425 1591 3473 et
1629 3419 1838 3488 populi,
1862 3428 1919 3474 et
1943 3419 2157 3475 arboris

576 3502 881 3557 frondentis
925 3503 1139 3569 umbra,
1180 3505 1334 3575 juxta
1384 3506 1667 3575 prophetae
1713 3521 1904 3581 vocem
1938 3509 2005 3573 “,
2033 3523 2158 3564 aras

577 3598 972 3656 exstruxerant,
1007 3600 1063 3646 et
1084 3592 1137 3645 in
1168 3592 1489 3649 nemoribus
1525 3594 1784 3650 arborum
1808 3597 2158 3654 multitudine

579 3681 825 3747 consitis,
867 3683 1010 3739 fanis
1036 3684 1102 3739 ad
1134 3684 1400 3741 daemonia
1427 3687 1655 3743 colenda
1683 3689 2014 3755 constitutis,
2066 3690 2159 3744 illa

580 3771 747 3827 boum
776 3772 1016 3829 victimis
1047 3782 1104 3829 et
1138 3774 1317 3841 thure,
1346 3784 1404 3830 et
1438 3777 1547 3833 alio
1574 3778 1724 3832 omni
1753 3780 1902 3833 cultu
1934 3795 2161 3836 γουσι-ιι-

581 3861 801 3927 bantur,
849 3863 982 3917 deos
1037 3873 1095 3918 et
1148 3875 1594 3932 conservatores,
1630 3877 1688 3923 et
1735 3870 1993 3926 omnibus
2042 3873 2162 3943 ejus

582 3954 800 4024 generis
844 3955 1161 4011 nominibus
1206 3972 1372 4026 opera
1415 3973 1513 4012 sua
1561 3961 1835 4029 appellare
1881 3978 1991 4017 non
2028 3978 2160 4018 eru-

584 4045 888 4115 bescentes.
933 4044 1077 4112 Quin
1117 4047 1281 4103 etiam
1333 4048 1393 4102 in
1433 4064 1553 4103 eam
1580 4051 1862 4107 stultitiam
1894 4069 2161 4123 pervene—

584 4142 715 4191 runt
763 4136 1079 4205 aliquando,
1115 4146 1176 4192 ut
1204 4139 1316 4209 jam
1360 4138 1562 4209 lmpias
1594 4141 1717 4197 illas
1758 4156 1982 4198 suorum
2026 4146 2164 4202 libe-

583 4242 773 4282 rorum
816 4228 997 4283 caedes
1041 4228 1148 4284 sibi
1190 4229 1379 4301 gloriae
1424 4246 1546 4287 esse
1592 4240 1868 4302 putarent,
1906 4244 2164 4308 tantoque

584 4316 790 4372 scelere
831 4318 1071 4389 opimam
1108 4335 1166 4377 se
1197 4321 1307 4378 illis
1336 4321 1633 4379 victimam
1649 4324 1848 4382 oﬂ‘erre
1883 4328 2163 4385 existima-

1581 295 1641 353 S.
1681 294 1959 353 CYRILLI
1996 295 2470 352 ALEXANDRINI
2508 295 2825 354 ARCHIEP.

3784 300 3885 357 156

2226 426 2336 474 σιος
2375 410 2601 475 Ἦσαῖας
2621 411 2931 481 καθίστησι,
2964 410 3154 479 λέγων,
3181 411 3256 475 ὡς
3281 411 3348 465 ἐκ
3378 408 3743 483 προσώπου
3777 410 3886 463 τῶν

2231 502 2361 557 υἱῶν
2400 502 2643 575 Ἰσραὴλ,
2660 505 2825 574 ἤγουν
2847 501 2958 556 τῶν
2977 501 3361 574 ὠλισθηκότων
3396 503 3501 566 είς
3536 500 3878 574 ἁμαρτίας·

2235 614 2254 648 ι
2307 596 2439 650 Ἰδοὺ
2477 596 2541 650 σὺ
2572 594 2872 666 ὡργίσθης,
2903 594 2999 648 καὶ
3031 596 3192 669 ἡμεῖς
3221 595 3615 669 ἡμάρτομεν.
3655 613 3682 643 ι

2302 856 2512 914 ΠΔΛΛ.
2555 849 2682 924 'Ap’
2725 850 2855 920 οὖν,
2906 854 3030 910 εἰπέ
3080 850 3205 925 μοι,
3250 849 3878 925 καταρρᾳθυμοῦντες

2230 949 2395 1019 ἡμεῖς
2417 945 2511 1001 τοῦ
2534 947 2835 1018 πρέποντος
2864 947 2958 1003 καὶ
2974 949 3093 1011 ταῖς
3113 947 3426 1019 ἁμαρτίαις
3455 946 3877 1017 ἁλισκόμενοι,

2231 1038 2607 1110 προσρίψομεν
2642 1038 2743 1109 τὴν
2778 1039 2961 1094 αίτίαν
2992 1038 3071 1111 τῷ
3114 1038 3262 1110 Θεῷ,
3305 1039 3414 1094 καὶ
3462 1037 3881 1111 ὲγκαλέσομεν
3940 1032 3947 1036 ’

2233 1129 2382 1200 αὐτῷ
2406 1130 2506 1200 τὴν
2526 1128 2696 1200 ὀργὴν
2713 1171 2729 1198 ,
2752 1129 2829 1194 ὡς
2854 1129 2944 1184 διὰ
2968 1128 3128 1187 τοῦτο
3150 1130 3577 1201 ἡμαρτηκότες
3599 1145 3617 1193 ;

2304 1219 2471 1277 ΚΥΡ.
2512 1218 2970 1290 Ἐπαιτιασόμεθα
3005 1220 3106 1293 μὲν
3143 1220 3285 1291 οὐχὶ,
3314 1218 3511 1291 μανία
3557 1217 3685 1289 γὰρ
3709 1218 3873 1274 τοῦτό

2235 1326 2321 1381 γε’
2340 1309 2639 1379 φάσκοντες
2657 1310 2736 1376 δὲ,
2756 1310 2838 1364 ὅτι
2861 1329 2880 1363 ι
2908 1311 2981 1365 Σὺ
3004 1310 3302 1382 ὠργίσθης,
3328 1311 3436 1364 καὶ
3465 1312 3655 1381 ἡμεῖς
3686 1313 3870 1381 ἡμάρ-

2235 1418 2429 1473 τομεν,
2461 1419 2481 1454 ι
2508 1399 2748 1455 τοιοῦτόν
2767 1418 2822 1454 τι
2853 1399 3116 1473 νοοῦμεν⁸
3162 1401 3249 1465 Ὠς
3278 1402 3327 1455 εί
3363 1401 3455 1473 μὴ
3486 1402 3561 1454 τὸ
3595 1401 3701 1455 σὺν
3735 1402 3872 1472 ἔχοις

2240 1503 2341 1556 μεν
2373 1486 2621 1557 εὐμενὲς,
2651 1480 2700 1541 ὦ
2729 1487 2993 1554 Δέσποτα,
3023 1490 3084 1542 τὸ
3113 1490 3381 1560 ἀπεῖργον
3421 1489 3600 1543 οὐδὲν
3620 1529 3636 1555 ,
3660 1508 3865 1562 τυρανο

2238 1577 2450 1632 νεῖσθαι
2481 1578 2580 1649 μὲν
2605 1579 2711 1633 ὑπὸ
2734 1581 3030 1652 ἁμαρτίας,
3056 1580 3147 1635 διὰ
3184 1581 3245 1635 τὸ
3267 1581 3370 1653 τῆς
3405 1583 3725 1654 ἡμετέρας
3768 1583 3869 1654 φύ-

2241 1686 2379 1736 σεως
2409 1672 2659 1741 ἀσθενὲς,
2693 1674 2852 1731 παντὶ
2883 1673 2941 1730 δὲ
2978 1673 3161 1729 λοιπὸν
3190 1674 3492 1747 ἐνέχεσθαι
3525 1675 3715 1744 κακῷ.

2314 1958 2522 2014 ΗΑΔΛ.
2554 1959 2784 2030 Συνίημι
2813 1959 2841 2013 ὃ
2876 1961 3000 2031 φῄς.
3596 2004 3625 2015 ς
3730 2002 3755 2023 .

2314 2050 2480 2104 ΚΥΡ.
2504 2050 2788 2121 Φροντίδος
2811 2048 2904 2106 οὖν
2934 2052 3050 2123 ιμα
3078 2053 3172 2106 καὶ
3203 2055 3312 2125 μὴν
3356 2056 3463 2109 καὶ
3498 2055 3727 2125 φειδοῦς
3756 2061 3850 2128 τῆς

2243 2139 2450 2196 ἄνωθεν
2471 2141 2993 2213 ἀπαμφιεννύμενοι,
3015 2145 3110 2197 καὶ
3131 2145 3227 2215 τῆς
3252 2149 3332 2210 είς
3360 2147 3519 2215 ἄγαν
3543 2146 3849 2219 ὲξιτηλίας,

2243 2230 2468 2288 καὶτῶν
2513 2233 2594 2294 εἰς
2619 2231 2678 2285 τὸ
2719 2230 2920 2302 φαῦλον
2947 2233 3188 2304 ἀσχέτων
3218 2236 3648 2309 άπονευμάτων
3678 2258 3845 2314 πρατ·

2242 2321 2464 2393 τόμενοι
2496 2321 2689 2388 δίκας,
2716 2322 2965 2389 ἀσθενεῖς
3008 2327 3102 2380 καὶ
3131 2326 3434 2398 εὐάλωτοι,
3488 2332 3594 2385 καὶ
3638 2332 3693 2386 τί
3744 2333 3845 2402 γὰρ

2244 2414 2367 2484 οὐχὶ
2413 2413 2522 2468 τῶν
2571 2415 2827 2469 τοιούτων
2880 2416 3301 2490 ήρῤωστηκότες
3347 2421 3839 2494 ἀποδεικνύμεθας

2247 2504 2408 2576 Πάρα
2435 2505 2493 2558 δὲ
2521 2505 2584 2575 δή
2618 2522 2701 2560 σοι
2732 2507 2889 2562 ταυτὶ
2928 2508 3371 2564 καταθεάσασθαι
3405 2513 3713 2585 λαμπρῶς,
3736 2517 3844 2577 τοῖς

2261 2595 2523 2665 Ἱερεμίου
2569 2597 2912 2667 περιτυχόντι
2951 2598 3148 2668 λόγοις.
3206 2601 3493 2665 Ἰουδαίων
3540 2605 3646 2676 μὲν
3675 2605 3837 2677 γάρὴ

2248 2684 2419 2755 ἀγρία
2446 2683 2692 2754 πληθὺς,
2739 2686 2837 2739 καί
2880 2703 2959 2740 τοι
2995 2688 3199 2761 σφόδρα
3247 2690 3534 2756 πλουσίως
3565 2696 3834 2748 ὲνσπατα-

2249 2774 2401 2834 λῶσά
2440 2792 2501 2829 τε
2540 2776 2632 2829 καὶ
2665 2776 3061 2852 ὲνευρυνομένη
3094 2784 3213 2845 ταῖς
3252 2783 3410 2854 παρὰ
3452 2784 3598 2837 Θεοῦ
3644 2785 3838 2856 φιλοτι·

2255 2867 2435 2939 μίαις,
2493 2867 2587 2921 καὶ
2641 2870 2895 2924 ἁπάντων
2963 2873 3285 2944 κρατήσασά
3346 2891 3417 2928 τε
3482 2876 3676 2930 λοιπὸν
3731 2875 3837 2928 τῶν

2252 2957 2483 3029 ἐχθρῶν,
2516 2958 2808 3015 διελάσασά
2845 2977 2903 3015 τε
2936 2961 3123 3016 λοιπον
3150 2964 3229 3028 είς
3259 2963 3398 3018 αὐτό
3426 2983 3537 3020 που
3563 2965 3707 3037 τάχα
3741 2966 3834 3035 τῆς

2254 3049 2312 3102 ὲν
2341 3047 2651 3121 ἀνθρώποις
2683 3050 2933 3115 εὐκλείας
2956 3052 3017 3106 τὸ
3042 3053 3300 3109 ἀνωτάτω
3319 3094 3334 3119 ,
3375 3056 3636 3128 σκληρὰν
3654 3073 3714 3108 τε
3747 3055 3834 3110 καὶ

2253 3139 2556 3211 ἄθραυστον
2582 3142 2812 3212 ἐμελέτα
2841 3143 2942 3215 τὴν
2971 3144 3277 3205 ἀπείθειαν.
3322 3149 3639 3220 Μονονουχὶ
3667 3148 3721 3201 δὲ
3749 3147 3834 3200 καὶ

2254 3231 2526 3307 ἐρρῶσθαι
2554 3233 2860 3304 φράσαντες
2887 3238 3007 3300 ταῖς
3039 3235 3128 3290 διὰ
3159 3238 3413 3303 Μωσέως
3445 3240 3711 3304 ἐντολαῖς,
3744 3237 3831 3292 καὶ

2259 3322 2455 3394 μικροῦ
2486 3325 2763 3390 παντελῶς
2803 3326 3081 3391 ἀξιοῦντες
3107 3328 3266 3398 λόγου
3298 3329 3367 3385 τὰ
3405 3331 3823 3403 τεθεσπισμένα,

2256 3413 2719 3484 ἀπαραποδίστοις
2767 3414 3022 3487 ἐφέροντο
3079 3419 3272 3488 ῥοπαῖς
3312 3420 3400 3482 εἰς
3462 3420 3687 3492 ὄλεθρον
3741 3417 3829 3472 καὶ

2256 3503 2547 3563 ἀπώλειαν.
2598 3507 2884 3562 Ὑποκάτω
2926 3508 3035 3580 γὰρ
3080 3510 3278 3582 δρυὸς.
3322 3512 3425 3565 καὶ
3457 3510 3699 3583 λεύκης,
3745 3509 3828 3563 καὶ

2256 3594 2472 3667 δένδρου
2502 3595 2883 3662 συσκιάζοντας
2905 3598 3047 3652 κατά
3070 3599 3169 3671 τὴν
3196 3598 3289 3652 τοῦ
3313 3603 3606 3673 προφήτου
3633 3599 3821 3669 φωνὴν,

2262 3685 2480 3757 βωμοὺς
2511 3688 2876 3760 ἀνεδείμαντο,
2907 3691 3000 3744 καὶ
3031 3693 3089 3745 ἐν
3119 3693 3232 3755 τοῖς
3266 3692 3706 3765 εὖδενδροτάτοις
3728 3690 3824 3743 τῶν

2261 3775 2459 3841 ἀλσῶν,
2489 3777 2689 3850 τεμένη
2718 3776 2828 3843 τοῖς
2857 3780 3073 3851 δαίμοσι
3102 3780 3500 3852 διαπήξαντες,
3531 3782 3824 3854 βουθυσίαις

2263 3868 2355 3923 καὶ
2376 3867 2710 3935 λιϐανωτοῖς,
2735 3870 2829 3922 καὶ
2853 3873 2965 3933 τοῖς
2989 3866 3166 3936 ἄλλοις
3193 3873 3382 3936 ἅπασι,
3415 3872 3822 3944 καταγεραίρειν

2263 3957 2480 4025 ἠξίουν»
2515 3958 2681 4022 Θεοὺς
2718 3958 2810 4012 καὶ
2863 3962 3144 4030 σωτῆρας,
3190 3961 3284 4014 καὶ
3319 3962 3373 4015 τί
3421 3963 3532 4033 γὰρ
3563 3961 3680 4031 οὐχὶ
3721 3956 3817 4010 τῶν

2262 4049 2519 4105 τοιούτων
2555 4050 2653 4107 οὐκ
2683 4050 3042 4120 ὲρυθριῶντες
3085 4051 3292 4120 λέγειν,
3331 4053 3401 4106 τὰ
3444 4053 3533 4107 διὰ
3581 4049 3724 4120 σφῶν
3750 4064 3820 4101 τε·

2264 4141 2705 4210 χνουργοῠμενα;
2727 4138 3029 4195 Καθίκοντο
3053 4141 3111 4194 δὲ
3143 4143 3352 4215 μωρίας
3386 4145 3471 4206 εἰς
3497 4142 3651 4196 τοῦτό
3677 4154 3813 4194 ποτε.

2264 4229 2339 4292 ὡς
2371 4232 2429 4283 ὲν
2468 4231 2836 4301 καυχημάτων
2873 4229 3022 4295 τάξει
3070 4231 3253 4285 λοιπὸν
3298 4234 3568 4288 ποιεῖσθαι
3607 4232 3700 4294 τὰς
3735 4228 3816 4282 άν-

2265 4320 2442 4385 οσῖους
2473 4322 2895 4392 τεκνοσφαγίας,
2943 4322 3149 4376 οἴεσθαι
3196 4324 3253 4376 δὲ
3303 4324 3400 4377 ὡδὶ
3451 4321 3814 4395 λιπαρωτάτην

585 4414 727 4461 rent.
761 4407 950 4478 Neque
981 4425 1113 4466 vero
1145 4410 1292 4467 intra
1328 4412 1430 4469 hos
1467 4413 1605 4471 fines
1642 4416 1896 4487 impietas
1928 4418 2155 4476 ﬁliorum

2265 4413 2524 4468 ἀνάπτειν
2569 4414 2670 4484 τὴν
2708 4414 2897 4468 θυσίαν
2926 4415 3129 4478 αὐτοῖς.
3163 4415 3272 4469 Καὶ
3316 4416 3378 4468 οὐ
3415 4416 3579 4486 μέχρι
3627 4412 3813 4466 τούτων

584 4496 751 4552 Israel
792 4500 972 4568 stetit;
1013 4501 1110 4557 sed
1152 4502 1358 4575 ﬂagitia
1393 4504 1614 4577 flagitiis
1652 4511 2080 4578 accumulantes,
2111 4525 2155 4569 et

2263 4503 2334 4556 τὰ
2369 4503 2471 4573 τῆς
2485 4504 2804 4568 δυσσεϐείας
2829 4504 3128 4575 ἐπράττετο
3155 4508 3266 4568 τοῖς
3286 4505 3344 4572 ἐξ
3382 4505 3614 4577 Ἰσραήλ.
3651 4505 3811 4572 Προσ-

585 4586 643 4642 ἰιι
682 4587 1081 4651 absurdissima
1118 4608 1351 4666 quaeque
1398 4598 1709 4669 praecipites
1743 4600 1859 4666 lati,
1888 4601 2166 4672 legislato-

586 4677 664 4732 ris
706 4681 1061 4748 quantumvis
1104 4682 1328 4756 benigni
1375 4686 1515 4742 iram
1561 4689 1620 4744 in
1671 4704 1729 4744 se
1775 4701 2163 4759 provocarunt.

586 4769 750 4839 Ergo,
788 4772 1049 4840 quoniam
1107 4776 1229 4844 ejus
1282 4778 1602 4834 servitutem
1660 4780 2023 4837 audacissime
2087 4783 2165 4838 illi

589 4861 935 4932 repulerant,
984 4865 1241 4934 permisit
1280 4867 1328 4922 is
1366 4880 1429 4923 ut
1470 4870 1540 4924 ab
1589 4870 1842 4927 hostibus
1887 4873 2162 4942 opprime-

588 4958 802 5016 rentur,
843 4960 900 5007 et
941 4952 1010 5009 ad
1057 4956 1428 5011 necessariam
1470 4958 1879 5016 abducerentur
1924 4961 2161 5017 servitu-

588 5049 721 5109 tem,
750 5059 858 5113 qua
893 5043 997 5100 sub
1047 5045 1256 5101 ditione
1300 5046 1677 5105 Chaldaeorum
1710 5051 2163 5123 Babyloniorum-

588 5152 696 5207 que
739 5137 982 5194 fuerunt.
1013 5137 1118 5205 Qui
1168 5154 1314 5205 cum,
1365 5140 1572 5199 relictis
1619 5159 1742 5214 quae
1789 5144 1936 5200 domi
1982 5154 2160 5211 erant,

590 5229 886 5295 venissent,
919 5240 981 5285 ut
1012 5231 1135 5287 illos
1161 5232 1417 5303 captivos.
1440 5233 1722 5299 ducerent,
1757 5250 1819 5290 ac
1841 5246 2082 5292 sanetam
2101 5237 2166 5292 il-

592 5318 700 5373 lam
723 5321 1226 5395 nobilissimamque
1264 5325 1467 5380 urbem
1485 5326 1858 5392 incenderent,
1887 5336 2001 5382 tum
2032 5343 2165 5383 vero

593 5406 664 5463 iis
704 5410 811 5479 qui
834 5414 1289 5484 oppugnabantur
1333 5416 1425 5471 vix
1462 5417 1678 5473 tandem
1730 5417 1914 5473 animo
1963 5418 2166 5474 insedit

595 5506 655 5554 ut
676 5499 966 5558 Jeremiam
983 5507 1303 5575 prephetam
1337 5508 1688 5564 consulerent
1713 5507 1837 5577 quis
1868 5506 1995 5564 finis
2020 5508 2165 5565 illius

668 5694 713 5727 “
744 5696 900 5752 Rom.
932 5713 969 5762 ι,
998 5698 1086 5753 28.

1169 5701 1205 5733 "‘
1249 5701 1371 5755 lsai.
1418 5717 1555 5767 LXIV,
1590 5704 1638 5757 5.
1720 5701 1928 5758 “Osce
1957 5716 2028 5767 nt,
2074 5701 2158 5755 15.

2264 4595 2438 4668 θήκην
2486 4595 2543 4648 δὲ
2595 4595 2791 4667 ὥσπερ
2819 4596 2942 4649 τινὰ
2990 4598 3102 4660 τοῖς
3152 4596 3494 4668 τολμήμασιν
3536 4595 3621 4649 ἀεὶ
3661 4606 3811 4664 προσ-

2263 4688 2592 4754 επάγοντες,
2625 4687 2727 4759 τὴν
2760 4690 2839 4751 είς
2880 4688 2988 4741 πᾶν
3029 4687 3215 4740 ὁτιοῦν-
3254 4687 3364 4740 τῶν
3404 4687 3645 4741 ἐκτόπων
3684 4680 3809 4752 ἀχά-

2267 4796 2419 4832 Αινονν
2443 4779 2822 4849 ἀποφοίτησιν,
2856 4779 2916 4831 οὐ
2951 4778 3185 4849 μετρίως
3230 4778 3314 4847 ἐφ’
3346 4780 3551 4841 ἑαυτοῖς
3595 4770 3807 4841 κατηρέ-

2267 4868 2415 4933 θιξον
2463 4871 2543 4932 εἰς
2587 4870 2788 4940 ὀργὰς,
2828 4871 3004 4925 καίτοι
3046 4870 3281 4941 χρηστὸν
3338 4870 3465 4923 ὄντα
3490 4868 3580 4922 τὸν
3600 4858 3805 4941 νομσθέε

2268 4977 2386 5031 την.
2432 4938 2646 5031 Ἐπειδῆ
2681 4961 2741 5014 δὲ
2775 4962 2873 5032 τὴν
2912 4964 3001 5015 ἐπ’
3043 4938 3192 5033 αὐτῷ
3234 4955 3477 5014 δουλείαν
3515 4938 3803 5014 ἀπεσείοντο

2269 5051 2530 5115 νεανικῶς
2547 5093 2562 5120 ,
2588 5052 2762 5123 μεθίει
2794 5052 2978 5106 λοιπὸν
3000 5053 3095 5107 καὶ
3119 5050 3557 5108 πλεονεκτεῖσθαι
3576 5046 3661 5102 καὶ
3687 5039 3799 5110 παρ’

2270 5141 2499 5213 ὲλίθρίιῧνν
2528 5143 2620 5196 καὶ
2651 5141 2787 5212 πρὸς
2828 5141 3139 5211 ἀναγκαίαν
3160 5141 3261 5213 ἤδη
3307 5156 3425 5203 πως
3460 5128 3797 5204 ἀποφέρεσθαι

2270 5233 2509 5304 θητείαν,
2539 5233 2637 5306 τὴν
2678 5235 2781 5289 ὑπὸ
2811 5235 3105 5300 Χαλδαίοις
3131 5234 3275 5305 φημὶ
3316 5231 3409 5287 και
3450 5221 3796 5283 Βαϐυλωνίοις.

2270 5325 2333 5378 Οἱ
2368 5324 2465 5394 μὲν
2494 5325 2624 5396 γὰρ,
2648 5322 2782 5398 ἧκον
2818 5326 2889 5379 τὰ
2915 5326 3052 5380 οἴκοι
3091 5324 3342 5397 μεθέντες
3385 5307 3797 5390 ἐξανδραποδισά-

2274 5412 2426 5481 μενοί
2452 5428 2510 5464 τε
2543 5413 2761 5480 αὐτοὺς,
2791 5415 2885 5467 καὶ
2925 5415 3212 5486 τὴνμὰγίαν
3237 5416 3330 5468 καὶ
3362 5410 3638 5479 ὃιαθόητον
3671 5398 3805 5453 πόλιν

2270 5504 2669 5577 ἐμπρήσαντες,
2704 5506 2920 5577 ἔρεσθαι
2951 5506 3006 5561 δὲ
3039 5507 3191 5585 μόλις
3218 5506 3390 5561 ἐδόκει
3423 5503 3542 5561 τοῖς
3574 5494 3803 5561 πολεμου·
