4076 6306
313 350 424 407 ὶδῖ

1050 343 1140 400 DE
1180 345 1622 401 ADORATIONE
1662 346 1728 401 IN
1765 346 2033 402 SPlRlTL'
2079 348 2166 402 ΕΤ
2210 350 2575 431 VEIllTATE:
2618 350 2745 405 LIB.
2790 352 2830 406 1.

3470 353 3577 407 158

313 461 498 534 μένοις
517 456 605 511 τὸν
631 457 920 528 προφήτην
958 454 1247 528 Ἱερεμίαν,
1273 455 1332 508 τὸ
1350 456 1583 526 ὅποιπερ
1612 457 1677 510 ἂν
1704 459 1883 521 αὐτοῖς

1987 458 2110 513 mali
2139 468 2282 515 esset
2303 459 2520 515 futurus
2552 481 2563 514 :
2595 482 2616 513 ι
2644 463 2712 516 Ει
2740 463 2896 526 dixit,
2926 482 2944 514 ι
2985 464 3181 533 inquit,
3223 486 3239 515 ι
3268 464 3564 521 Joremias.

313 548 715 619 ἐκτελευτήσειε
744 546 808 600 τὸ
836 545 1022 601 κακόν.
1047 564 1065 597 ι
1092 546 1201 599 Καὶ
1233 541 1422 617 εἷπεδι
1446 547 1635 617 φησὶν,
1669 565 1687 597 ι
1724 547 1883 617 ἰερεο

250 692 257 695 ,
313 643 466 715 μίας·
491 640 676 704 Οὕτως
703 641 878 711 ἐρεῖτε
933 637 1071 715 πρός
1109 635 1360 690 Σεδεκίαν
1379 653 1395 667 ο
1422 636 1561 691 Τάδε
1592 636 1737 706 λέγει
1775 637 1885 690 K6-

311 750 449 807 ριος·
499 731 632 786 ’1δοῦ
686 728 799 800 ἐγὼ
849 726 1208 802 μεταστρέφει)
1231 726 1300 781 τά
1328 728 1468 781 ὅπλα
1493 726 1562 780 τά
1592 726 1883 797 πολεμικὰ,

310 827 370 880 ὲν
398 821 481 889 οἷς
501 824 663 894 ὑμεῖς
688 822 974 893 πολεμεῖτε
998 821 1057 873 ὲν
1078 819 1262 884 αὐτοῖς
1283 818 1420 891 πρὸς
1441 820 1563 883 τοὺς
1587 818 1885 882 Χαλδαίους

310 917 442 980 τοὺς
482 914 936 985 συγκεκλεικότας
979 912 1124 984 ὑμᾶς
1165 911 1272 977 ἔξω
1310 911 1405 965 τοῦ
1437 910 1681 981 τείχους,
1714 911 1796 974 εἰς
1823 910 1886 964 τὸ

312 1007 482 1080 μέσον
511 1007 609 1077 τῆς
637 1005 845 1067 πόλεως
877 1002 1105 1074 ταύτης,
1138 1002 1248 1056 Καὶ
1280 1001 1575 1073 πολεμήσω
1603 1001 1747 1072 ὑμᾶς
1773 999 1886 1070 ἐγὼ

310 1101 374 1153 ιν
398 1099 544 1170 χειρί
579 1094 936 1166 ἐκτεταμένη,
967 1095 1062 1153 καὶ
1084 1095 1143 1148 ἐν
1169 1092 1416 1165 βραχίονι
1442 1093 1722 1165 κραταιῷ,
1746 1091 1887 1164 μετά

312 1189 492 1262 θυμοῦ
526 1190 621 1251 καὶ
645 1188 817 1260 ὀργῆς
850 1187 1111 1259 μεγάλης.
1150 1187 1259 1240 Καὶ
1278 1184 1506 1252 πατάξω
1525 1184 1732 1247 πάντας
1758 1183 1884 1248 τοὺς

312 1280 705 1343 κατοικοῦντας
727 1280 784 1330 ὲν
806 1280 873 1349 τῇ
902 1277 1053 1331 πόλει
1072 1275 1269 1347 ταύτῃ,
1290 1276 1417 1339 τοὺς
1447 1274 1767 1345 ἀνθρώπους
1790 1274 1884 1328 καὶ

311 1371 385 1426 τὰ
416 1372 585 1442 κτήνη
615 1370 673 1424 ἐν
711 1366 931 1438 Θανάτῳ
964 1366 1218 1439 μεγάλῳ,
1260 1367 1355 1420 καί
1394 1366 1808 1420 ἀποθανοῦνται.
1858 1385 1877 1418 ι

313 1456 456 1517 Εἶτα
505 1458 620 1531 μεθ’
663 1459 849 1530 ἔτεραο
888 1477 907 1510 ι
957 1457 1067 1511 Καὶ
1096 1458 1231 1530 πρὸς
1278 1458 1369 1512 τὸν
1405 1457 1569 1525 λαὸν,
1612 1476 1632 1509 ι
1689 1458 1880 1527 φησὶν,

322 1573 342 1605 ι
383 1554 525 1626 ἐρεῖς
556 1550 766 1614 τοῦτον,
793 1549 932 1604 Τάδε
959 1548 1107 1617 λέγει
1127 1548 1352 1619 Κύριος
1389 1549 1520 1603 Ἰδοὺ
1550 1548 1661 1617 ἐγὼ
1680 1548 1885 1603 δέδωκα

314 1646 424 1716 πρὸ
462 1641 756 1715 προσώπου
793 1641 948 1713 ὑμῶν
990 1641 1091 1712 τὴν
1124 1641 1244 1695 ὁδὸν
1286 1640 1386 1711 τῆς
1420 1639 1597 1710 ζωῆς,
1645 1641 1741 1693 καὶ
1784 1638 1883 1712 τὴν

310 1734 433 1789 ὁδὸν
472 1733 563 1787 τοῦ
594 1733 847 1788 θανάτου.
886 1731 945 1789 '0.
986 1731 1294 1802 καθήμενος
1317 1732 1375 1786 ὲν
1398 1734 1465 1802 τῇ
1511 1730 1665 1785 πόλει
1689 1730 1881 1801 ταύτῃ,

1987 549 2077 603 Sic
2110 550 2307 606 dicetis
2355 552 2601 607 S'cdeciae
2638 572 2650 606 :
2706 554 2833 609 llazc
2885 555 3022 610 dicit
3074 555 3385 610 Dominus:
3430 556 3568 611 Ecce

1984 653 2084 710 ego
2115 652 2373 696 converto
2411 659 2562 698 arma
2605 643 2802 698 bellica
2854 643 2910 699 in
2952 644 3153 715 quibus
3184 661 3283 702 vos
3316 655 3569 716 pugnatls

1984 730 2245 786 adversus
2272 730 2575 797 Chaldaeos,
2606 735 2701 803 qui
2722 732 3113 790 concluserunt
3144 749 3242 789 vos
3261 744 3413 797 extra
3446 751 3566 789 mu-

1982 838 2129 888 rum,
2165 822 2222 878 in
2260 824 2501 880 medium
2544 825 2786 882 civitatis
2830 827 3015 898 hujus,
3050 834 3106 881 et
3150 826 3437 883 debellabo
3468 843 3569 898 ego

1981 930 2081 971 vos
2108 915 2165 970 in
2194 932 2359 971 manu
2393 925 2636 983 extenta,
2666 926 2723 974 et
2763 918 2820 973 in
2862 919 3088 975 brachio
3123 917 3275 982 forti,
3310 934 3435 974 cum
3480 919 3566 973 fu-

1984 1021 2107 1062 rore
2136 1014 2192 1061 et
2222 1007 2304 1062 ira
2332 1023 2560 1080 magna;
2592 1017 2649 1068 et
2690 1008 2994 1080 percutiam
3037 1023 3228 1067 omnes
3256 1007 3569 1063 habitantes

1982 1097 2039 1152 in
2071 1098 2292 1154 civitate
2322 1099 2456 1167 hac,
2501 1100 2755 1157 homines
2796 1109 2853 1157 et
2881 1101 3130 1171 iumenta
3160 1099 3216 1155 in
3249 1108 3424 1153 morte
3449 1115 3565 1153 ma-

1982 1203 2107 1258 gna,
2134 1198 2190 1243 et
2218 1189 2522 1245 morientur
2546 1190 2613 1245 “.
2649 1209 2667 1243 ι
2703 1190 2911 1246 Deinde
2946 1198 3071 1261 post
3103 1190 3399 1245 nonnulla:
3450 1208 3466 1240 ι
3499 1189 3567 1243 Et

1983 1278 2050 1332 ad
2077 1281 2361 1351 populum,
2393 1300 2412 1332 ι
2452 1282 2652 1351 inquit,
2682 1301 2703 1333 ι
2730 1282 2896 1337 istum
2924 1282 3112 1337 dices:
3139 1282 3265 1338 Haec
3291 1281 3426 1336 dicit
3455 1281 3564 1336 Do-

1985 1369 2166 1425 minus
2184 1388 2196 1423 :
2213 1371 2353 1426 Ecce
2369 1387 2470 1442 ego
2488 1372 2616 1427 dedi
2637 1388 2822 1427 coram
2843 1373 3001 1429 vobis
3020 1374 3163 1429 viam
3185 1373 3309 1428 vitae
3334 1382 3392 1428 et
3418 1373 3561 1428 viam

1984 1461 2180 1516 mortis
2213 1481 2225 1515 :
2255 1462 2349 1533 qui
2379 1465 2643 1519 manserit
2681 1464 2738 1519 in
2775 1465 2999 1523 civitate
3040 1466 3165 1530 hac,
3213 1464 3479 1519 morietur
3507 1464 3563 1518 in

1983 1551 2169 1623 gladio
2200 1563 2259 1608 et
2286 1554 2338 1608 in
2363 1553 2528 1620 fame,
2561 1562 2618 1609 et
2646 1554 2738 1625 qui
2769 1571 3023 1626 egressus
3051 1555 3219 1610 fuerit
3243 1563 3303 1610 ut
3323 1563 3565 1609 transeat

1982 1643 2050 1698 ad
2077 1643 2379 1711 Chaldaeos,
2398 1644 2495 1714 qui
2517 1646 2909 1702 concluserunt
2926 1662 3047 1711 vos,
3069 1646 3237 1709 vivet,
3262 1646 3367 1716 ιε
3384 1645 3562 1700 eterit

1982 1734 2163 1791 anima
2178 1736 2299 1806 ejus
2323 1736 2380 1790 in
2406 1736 2599 1807 spolia,
2619 1746 2676 1791 et
2700 1738 2873 1801 vivet;
2902 1737 3032 1806 quia
3051 1736 3338 1791 obfirmavi
3366 1735 3559 1791 faciem

308 1823 667 1879 ἀποθανεῖται
696 1824 753 1876 ὲν
803 1822 1065 1893 μαχαίρᾳ,
1097 1822 1191 1875 καὶ
1222 1824 1280 1875 ἐν
1321 1820 1484 1892 λιμῷ,
1532 1820 1625 1874 καὶ
1646 1822 1674 1874 ὁ
1712 1821 1877 1873 ἐκπο-

1980 1840 2157 1881 meam
2183 1826 2447 1881 adversus
2468 1826 2658 1881 urbem
2680 1826 2896 1881 hancin
2924 1826 3084 1891 mala,
3101 1834 3157 1881 et
3173 1841 3281 1881 non
3304 1826 3358 1880 in
3386 1826 3557 1891 bona;

313 1916 604 1987 ρευόμενος
643 1914 1034 1986 προσχωρῆσαι
1078 1912 1213 1984 πρὸς
1251 1913 1376 1976 τοὺς
1418 1911 1717 1974 Χαλδαίους
1751 1910 1880 1973 τοὺς

1986 1918 2123 1983 etin
2159 1933 2354 1973 manus
2387 1918 2528 1990 regis
2557 1917 2847 1989 Babylonis
2892 1917 3161 1982 tradetur,
3208 1925 3265 1972 et
3308 1916 3561 1972 incendet

308 2006 770 2075 συγκεκλεικότας
810 2007 983 2078 ὑμᾶς,
1036 2002 1283 2076 ζήσεται.
1318 2004 1428 2057 Καὶ
1461 2002 1612 2057 ἔσται
1655 2005 1689 2074 ή
1732 2001 1879 2073 ψυχὴ

1984 2024 2105 2065 eam
2134 2009 2245 2080 igni
2270 2009 2335 2064 ⁸⁸⁸.
2370 2028 2388 2061 ι
2425 2008 2688 2080 Intelligis
2717 2008 2902 2079 igitur,
2934 2009 2981 2063 si
3019 2008 3223 2064 nostris
3261 2008 3561 2064 malefactis

307 2096 479 2153 αὐτοῦ
525 2099 605 2161 είς
653 2095 860 2159 σκῦλα,
905 2097 1000 2150 καὶ
1042 2095 1289 2166 ζήσεται.
1338 2093 1483 2149 Διότι
1520 2094 1779 2164 ἐστήριξα
1821 2091 1882 2147 τὸ

1980 2099 2152 2155 Deum
2175 2099 2590 2165 offenderimus,
2611 2099 2727 2154 fore
2746 2107 2807 2153 ut
2833 2097 3074 2154 hostium
3097 2098 3355 2169 potentia:
3376 2098 3560 2152 miseri

308 2190 603 2263 πρόσωπόν
634 2206 737 2260 μου
781 2192 875 2244 ἐπὶ
905 2189 1005 2261 τὴν
1047 2189 1202 2243 πόλιν
1243 2187 1447 2257 ταύτην
1473 2189 1551 2250 είς
1578 2185 1755 2249 κακὰ,
1788 2186 1882 2239 καὶ

1982 2190 2251 2247 obsistere
2284 2207 2395 2246 non
2419 2191 2717 2262 possimus,
2757 2188 2854 2245 sed
2885 2189 3234 2260 opprimente
3264 2206 3366 2245 nos
3400 2200 3561 2260 atquc

306 2283 412 2336 οὐκ
441 2282 523 2346 είς
557 2281 760 2351 ἀγαθὰ,
788 2283 882 2338 καὶ
908 2284 989 2345 εἰς
1027 2282 1214 2352 χεῖρας
1260 2277 1524 2350 βασιλέως
1565 2276 1882 2340 Βαϐυλῶνος

1982 2280 2277 2335 invadente
2320 2281 2401 2334 ira
2442 2281 2650 2347 divina,
2683 2281 2827 2337 servi
2855 2282 3027 2336 simus
3061 2297 3130 2335 ex
3165 2281 3377 2345 liberis,
3411 2282 3563 2353 igno-

312 2373 775 2446 παραδοθήσεται,
808 2374 905 2428 καὶ
952 2370 1290 2431 κατακαύσει
1338 2370 1513 2441 αὐτὴν
1558 2372 1616 2425 ὲν
1661 2367 1812 2441 πυρί.
1859 2391 1878 2420 ι

1980 2367 2257 2440 bilemque
2295 2369 2464 2423 vitam
2496 2377 2663 2439 atque
2699 2368 3065 2424 miserabilem
3105 2369 3390 2425 ducamus.

309 2466 503 2537 Συνίης
563 2458 679 2529 οὖν,
728 2464 814 2518 ὃτι
878 2464 999 2527 ταῖς
1046 2459 1280 2528 εἰσάπαξ
1332 2459 1666 2529 φιλοτιμίαις
1704 2456 2146 2521 καταλυποῦντες
2218 2457 2385 2523 Θεὸν,
2429 2458 2669 2530 ἐσόμεθα
2718 2459 2819 2531 μὲν
2871 2460 2974 2531 οὐχ
3023 2454 3127 2512 οἷοί
3184 2478 3248 2514 τε
3293 2464 3413 2523 ταῖς
3454 2461 3563 2514 τῶν

308 2559 519 2632 ξχθρῶν
580 2554 911 2619 εὐσθενείαις
967 2552 1351 2625 ἀντιπράττειν
1415 2551 1466 2604 οἱ
1504 2549 1748 2615 δείλαιοι,
1819 2547 2149 2623 ἐγκειμένης
2204 2546 2264 2603 δὲ
2311 2546 2502 2622 ὥσπερ
2549 2551 2643 2604 καὶ
2709 2548 3209 2622 καταθρωσκούσης
3257 2550 3416 2622 ήμῶν
3464 2552 3564 2621 τῆς

308 2654 462 2718 θείας
496 2651 683 2723 ὀργῆς,
730 2650 906 2705 δοῦλοι
954 2649 1051 2721 μὲν
1095 2648 1212 2703 ἀντ’
1261 2644 1560 2717 ἐλευθέρων
1603 2643 1863 2715 ἐσόμεθα,
1900 2642 2074 2711 ἀκλεᾶ
2108 2642 2166 2696 δὲ
2209 2643 2304 2697 καὶ
2335 2643 2568 2698 ἐλεεινὸν
2595 2644 2924 2718 διαζήσομεν
2957 2645 3094 2717 βίον.

381 2742 589 2796 ΠΔΛΑ.
618 2735 693 2794 Εὖ
727 2737 929 2808 λέγεις.
1074 2766 1081 2773 -

2057 2730 2254 2793 PALL.
2296 2732 2465 2788 Recte
2495 2732 2597 2791 ais.

380 2833 547 2887 ΚΥΡ.
599 2829 886 2900 Ἀωφέρει
924 2828 1023 2899 μὲν
1050 2826 1159 2898 γὰρ
1188 2829 1217 2880 ὁ
1245 2824 1339 2879 τοῦ
1377 2822 1511 2878 Θεοῦ
1540 2823 1703 2893 νόμος
1742 2820 1879 2893 πρὸς

2054 2821 2211 2878 CYR.
2267 2824 2483 2879 Etenim
2529 2825 2625 2881 Dei
2670 2825 2761 2881 lex
2806 2825 3022 2883 facilem
3052 2826 3349 2882 .hominem
3400 2834 3565 2898 atque

308 2925 611 2997 ἀμώμητον
631 2921 903 2977 πολιτείαν
919 2918 1010 2973 τὸν
1031 2917 1297 2991 τρυφερὸν
1316 2918 1411 2971 καὶ
1434 2916 1667 2986 εὐήνιον,
1688 2914 1880 2984 λύχνος

306 3019 371 3074 δὲ
407 3017 595 3088 ῶσπερ
625 3031 708 3079 τις
740 3012 956 3085 ἑκάστῳ
987 3012 1219 3081 γίνεται,
1254 3008 1392 3080 πρὸς
1422 3008 1523 3079 τὴν
1550 3006 1642 3061 τοῦ
1687 3005 1878 3078 χρησί-

311 3126 420 3187 μου
447 3125 508 3161 τε
538 3108 635 3161 καὶ
661 3105 957 3175 ἀναγκαίου
995 3101 1310 3175 παράδειξιν
1329 3139 1345 3167 ,
1375 3101 1470 3154 καὶ
1506 3099 1644 3154 αἰδοῖ
1684 3099 1782 3169 μὲν
1808 3100 1875 3168 τῇ

310 3201 451 3274 πρὸς
473 3200 634 3255 αὐτὸν
659 3197 997 3271 ἡττώμενος,
1025 3194 1255 3266 διαὸιῲη
1287 3211 1370 3257 τις
1402 3191 1468 3246 ἂν
1494 3192 1594 3244 οὐκ
1623 3188 1877 3260 ἀθαυμά-

309 3313 452 3360 στως
478 3291 630 3365 οἶμαί
658 3310 790 3357 που,
820 3292 917 3347 καὶ
948 3288 1195 3359 καθάπερ
1228 3287 1387 3356 ἁγίαν
1430 3284 1750 3353 κατοικήσει
1782 3283 1877 3334 πό-

307 3388 394 3440 λιν
433 3386 495 3439 τὸ
542 3382 933 3455 ἐρηρεισμένον
978 3382 1059 3444 είς
1109 3377 1336 3451 ἀρετὴν,
1386 3376 1480 3429 καὶ
1523 3372 1756 3445 βεϐηκὸς
1800 3372 1878 3433 εἰς

309 3473 618 3539 εὐλάϐειαν.
666 3473 729 3526 Εἰ
751 3473 809 3537 δὲ
839 3472 904 3541 δή
938 3486 1024 3533 τις
1051 3468 1224 3522 ’ἐλοιτο
1255 3464 1503 3536 καθάπερ
1529 3461 1652 3515 τινά
1677 3459 1879 3531 δρυμόν

305 3584 372 3620 τε
396 3566 494 3619 καὶ
515 3564 647 3636 ὓλην
675 3562 877 3632 εὐανθῆ
919 3578 979 3613 τε
1027 3560 1121 3613 καὶ
1145 3555 1385 3622 εὓξυλον,
1414 3553 1714 3607 εἰσϐάλλειν
1746 3551 1881 3603 ἑτοίυ

312 3675 436 3728 μως
462 3658 542 3720 εἰς
567 3656 665 3719 τὰς
690 3651 957 3725 κοσμικὰς
983 3650 1194 3722 ἡδονὰς,
1223 3649 1318 3702 καὶ
1341 3646 1566 3718 τέρψεσι
1593 3646 1712 3706 ταῖς
1740 3641 1880 3695 κατά

304 3752 405 3804 τὸν
435 3749 551 3820 βίον
579 3747 991 3819 ὲμφιλοχωρεῖν,
1018 3742 1112 3797 καὶ
1135 3740 1295 3795 οἱονεί
1316 3757 1432 3803 πως
1455 3738 1689 3792 εἰδώλων
1713 3732 1878 3802 ἐσμὸν

306 3844 392 3905 εἰς
439 3840 564 3895 νοῦν
604 3840 696 3893 καὶ
741 3837 970 3909 καρδίαν
1007 3830 1338 3903 εἰσδέχεσθαι
1378 3831 1479 3899 τὴν
1532 3826 1878 3895 πολύμορφον

308 3931 537 4004 ἡδονὴν,
573 3931 669 3984 καὶ
717 3928 917 4000 θυμιᾷν
960 3928 1072 3988 τοῖς
1127 3922 1344 3993 δαίμοσι
1394 3921 1523 3982 τοὺς
1564 3917 1662 3985 τῆς
1713 3912 1877 3968 αὑτοῦ

310 4020 626 4093 προθυμίας
661 4016 930 4091 καρπούς
968 4015 1089 4074 τότε
1121 4013 1185 4084 δὴ
1221 4011 1343 4064 τότε
1385 4009 1480 4063 καὶ
1508 4006 1711 4077 σφόδρα
1739 4004 1879 4058 εἰκό-

307 4129 416 4175 τως
448 4108 866 4180 ἀπολισθήσειεν
897 4106 964 4161 ἂν
991 4104 1206 4175 φειδοῦς
1225 4103 1324 4173 τῆς
1354 4099 1581 4166 ἄνωθεν,
1612 4098 1707 4153 καὶ
1742 4097 1879 4150 ἑτοι-

311 4202 520 4272 μοτάτη
548 4200 669 4253 λίαν
691 4197 1070 4271 προσκείσεται
1098 4194 1241 4266 θήρα
1268 4194 1380 4256 τοῖς
1408 4190 1683 4245 ἐθέλουσιν
1712 4187 1873 4240 ἑλεῖν.

310 4292 525 4354 Πόλεως
556 4290 614 4344 δὲ
651 4288 840 4359 ὥσπερ
870 4285 1029 4356 ἁγίας
1053 4282 1421 4355 ὲξωθοόμενος
1453 4281 1553 4349 τῆς
1586 4281 1644 4332 ὲν
1681 4277 1877 4349 ἀρχαῖς

311 4380 630 4452 εὐκοσμίας.
657 4378 1036 4448 κατοιχήσεται
1064 4374 1250 4429 λοιπὸν
1277 4372 1467 4443 ὥσπερ
1485 4367 1546 4436 ἐξ
1575 4367 1873 4437 ἀναγκαίου

313 4472 498 4541 ζυγοῦ,
534 4470 673 4542 πρὸς
712 4469 775 4522 τὸ
812 4470 927 4532 τοῖς
959 4466 1223 4539 κρατοῦσι
1265 4461 1475 4525 δοκοῦν,
1526 4460 1620 4512 καὶ
1662 4457 1876 4530 μακρὰν

310 4565 459 4619 ἔσται
486 4561 647 4625 Θεοῦ,
665 4561 805 4616 κατά
832 4577 895 4629 γε
924 4559 1015 4612 τόν
1052 4560 1150 4628 τῆς
1177 4555 1467 4617 διαθέσεως
1496 4552 1719 4624 τρόπον,
1742 4567 1873 4621 μετ-

310 4655 557 4726 οικισμδν
612 4653 895 4723 ὑπομένων
938 4650 1030 4704 τὸν
1067 4651 1146 4711 εἰς
1174 4645 1507 4722 βαὸυλῶνα,
1543 4642 1687 4696 τοῦτ’
1737 4640 1873 4705 ἔστι,

310 4747 377 4802 τὰ
417 4746 681 4800 ἐπέκεινα
714 4744 1000 4815 τερμάτων
1041 4740 1146 4811 γῆς
1179 4738 1361 4806 ἁγίας,
1395 4738 1452 4790 ὲν
1496 4728 1531 4806 ᾗ
1562 4731 1801 4803 γνωστὸς
1848 4734 1877 4784 ὁ

309 4840 459 4906 Θεὸς,
488 4838 587 4892 καὶ
610 4836 755 4908 μέγα
779 4835 841 4889 τὸ
864 4834 1036 4905 δνομα
1061 4829 1245 4887 αὑτοῦ.
1269 4828 1556 4899 Τοιγάρτοι
1584 4821 1875 4892 διακεκρα-

310 4944 469 4997 γασιν
494 4929 545 4982 οἰ
572 4927 666 4981 τὸν
698 4924 842 4979 οὕτω
882 4923 1116 4995 σκληρὸν
1153 4920 1514 4992 ὑπομένοντες
1555 4916 1715 4970 πόνον
1731 4954 1746 4979 ,
1785 4913 1880 4967 καὶ

310 5022 390 5083 εἰς
419 5022 609 5091 χεῖρας
650 5016 910 5079 πεσόντες
952 5013 1183 5086 ἐχθρῶν,
1217 5013 1311 5066 καὶ
1340 5011 1437 5083 τὴν
1483 5009 1613 5082 παρ’
1650 5005 1879 5067 ἐκείνοις

309 5112 537 5177 δίαιταν,
563 5111 640 5176 ὡς
664 5107 1046 5180 ἀνδραποδώδη
1081 5107 1175 5161 καὶ
1204 5104 1478 5174 οἰκετικὴν
1509 5103 1568 5155 οὐ
1600 5100 1874 5171 φέροντες

317 5222 334 5254 ι
378 5204 503 5258 Ἐπὶ
544 5202 656 5256 τῶν
695 5200 957 5272 ποταμῶν
1004 5197 1343 5261 Βαϐυλῶνος,
1383 5197 1500 5251 ἐκεῖ
1545 5192 1880 5261 ὲκαθίσαμεν

312 5278 409 5349 κάκ.
428 5294 803 5364 ὲκλαύσαμεν,
828 5293 888 5346 ὲν
909 5289 986 5360 τῷ
1015 5288 1315 5360 μνησθῆναι
1352 5287 1496 5358 ἡμᾶς
1525 5283 1625 5355 τήν
1652 5280 1810 5336 Σιών.
1853 5299 1873 5333 ι

310 5384 474 5438 Noae?
496 5382 606 5454 γάρ
632 5376 788 5453 οἶμαί
815 5398 869 5434 τι
900 5379 1137 5434 τοιοῦτον
1165 5378 1194 5432 ό
1224 5376 1563 5447 ἀνθρώπινος
1599 5372 1742 5436 νοῦς.

372 5560 588 5616 ΠΔΛΛ.
625 5557 703 5613 Τὸ
723 5556 776 5610 τί
803 5556 868 5627 δή
892 5557 993 5626 φῄς
1015 5573 1028 5621 ;

362 5737 410 5771 ⁸³
437 5736 556 5793 Jer.
594 5748 711 5797 xm,
745 5731 799 5795 3,
830 5731 880 5783 6.

1984 2911 2451 2982 obtemperantem
2476 2916 2543 2973 ad
2567 2916 2867 2987 perfectam
2893 2916 3116 2972 vivendi
3143 2918 3410 2973 rationem
3435 2934 3563 2988 per-

1984 3001 2155 3067 ducit,
2197 3019 2259 3058 ac
2293 3005 2533 3060 lucernae
2564 3007 2968 3076 quodammodo
2997 3024 3159 3064 usum
3188 3011 3385 3081 cuique
3427 3025 3566 3081 pra)-

1983 3090 2076 3153 bet
2095 3092 2163 3145 ad
2188 3093 2585 3149 ostendendum
2614 3094 2745 3165 quid
2776 3096 3064 3166 expediat,
3099 3099 3300 3169 quidve
3340 3113 3565 3155 necesse

1982 3182 2085 3247 sit;
2115 3198 2280 3251 quam
2311 3183 2406 3252 qui
2444 3185 2810 3250 reverebitur,
2844 3185 2912 3250 is,
2946 3186 3163 3257 opinor,
3204 3205 3313 3243 non
3349 3188 3563 3258 ignobi-

1981 3272 2088 3327 lem
2122 3272 2291 3328 vitam
2342 3273 2622 3344 transiget,
2662 3284 2720 3329 et
2757 3275 2931 3329 veluti
2983 3276 3041 3330 in
3091 3287 3274 3332 sancta
3319 3279 3559 3344 civitate,

1979 3362 2243 3417 nimirum
2299 3363 2353 3417 in
2411 3363 2502 3418 illa
2561 3364 2819 3421 ﬁrmitate
2869 3366 3113 3433 virtutis,
3155 3382 3218 3422 ac
3266 3368 3563 3426 stabilitate

1980 3452 2260 3524 religionis
2297 3453 2588 3509 habitabit.
2630 3453 2701 3508 At
2733 3470 2867 3510 vero
2899 3454 2946 3509 si
2981 3455 3107 3525 quis
3140 3456 3377 3512 voluerit
3411 3473 3469 3512 se
3504 3459 3563 3513 in

1979 3544 2145 3615 hujus
2174 3543 2367 3598 mundi
2403 3544 2713 3615 voluptates
2752 3552 3011 3618 tanquam
3055 3546 3111 3601 in
3154 3562 3350 3601 nemus
3387 3548 3562 3618 quod-

1978 3635 2124 3700 dam,
2154 3651 2219 3689 ac
2246 3634 2531 3693 ﬂorentem
2551 3643 2606 3690 et
2633 3634 2927 3691 arboribus
2966 3636 3191 3694 densam
3232 3638 3446 3706 silvam,
3494 3640 3563 3694 li-

1980 3727 2299 3784 bentissime
2333 3728 2628 3800 conjicere,
2661 3736 2721 3783 et
2748 3728 2808 3783 in
2838 3729 3005 3801 hujus
3031 3731 3159 3785 vita:
3191 3731 3563 3786 oblectamen-

1978 3819 2051 3874 tis
2092 3818 2323 3885 versari,
2373 3835 2437 3879 ac
2481 3818 2875 3876 multiformem
2916 3819 3272 3891 voluptatem,
3304 3829 3565 3892 tanquam

1979 3911 2251 3967 idolorum
2282 3911 2562 3981 quoddam
2605 3927 2857 3979 examen,
2894 3913 2953 3968 in
2996 3927 3093 3967 cor
3136 3922 3300 3984 atque
3344 3914 3401 3968 in
3442 3915 3560 3969 ani-

1977 4016 2127 4056 mum
2154 4001 2466 4068 admittere,
2491 4009 2550 4057 et
2574 4002 2877 4059 alacritatis
2903 4018 3016 4057 suae
3043 4002 3262 4073 fructus.
3282 4004 3564 4060 daemoniis

1977 4089 2302 4156 incendere,
2350 4091 2398 4146 is
2447 4107 2579 4147 vero
2616 4093 2743 4164 jure
2784 4093 2991 4164 optimo
3022 4108 3053 4147 a
3085 4094 3272 4149 divino
3310 4094 3565 4165 praesidio
3670 4096 3677 4107 '

1976 4182 2211 4249 excidet,
2250 4191 2307 4238 et
2339 4191 2401 4239 ut
2437 4184 2786 4254 paratissima
2813 4184 2995 4255 praeda
3025 4200 3221 4255 capere
3250 4185 3567 4240 volentibus

1976 4273 2255 4342 proposita
2294 4272 2419 4339 erit,
2447 4274 2819 4346 expulsusque
2861 4274 2930 4328 ab
2960 4290 3025 4329 ea
3063 4291 3171 4344 qua
3219 4275 3378 4328 initio
3420 4291 3564 4345 pra:-

1966 4348 2125 4415 ditus
2176 4369 2296 4416 erat
2347 4378 2566 4417 morum
2612 4363 2934 4428 honestate,
2974 4371 3236 4431 tanquam
3292 4379 3323 4417 e
3376 4372 3566 4425 sancta

1978 4452 2233 4519 civitate,
2286 4453 2598 4508 necessario
2651 4453 2935 4508 servitutis
2981 4454 3112 4523 jugo
3165 4453 3232 4506 ad
3285 4452 3565 4523 imperan-

1980 4543 2119 4597 tium
2169 4543 2459 4597 arbitrium
2500 4543 2816 4609 descendet,
2846 4551 2903 4598 et
2938 4542 3096 4614 longe
3141 4543 3247 4598 erit
3278 4559 3309 4599 a
3345 4545 3477 4609 Deo,
3500 4542 3567 4600 ac

1976 4636 2130 4706 juxta
2168 4633 2431 4689 moralem
2471 4634 2888 4705 intelligentiam
2934 4633 3297 4689 transferetur
3335 4634 3565 4717 Babylo-

1980 4741 2129 4792 nem,
2165 4725 2222 4781 id
2250 4732 2372 4792 est,
2407 4725 2555 4781 ultra
2589 4726 2855 4782 terminos
2892 4734 3055 4781 terra:
3096 4726 3245 4781 illius
3274 4736 3473 4781 sanctae
3510 4726 3567 4779 in

1980 4834 2090 4889 qua
2127 4826 2294 4874 notus
2339 4826 2423 4873 est
2465 4818 2642 4883 Deus,
2691 4826 2749 4872 et
2793 4833 3051 4889 magnum
3096 4832 3300 4877 nomen
3351 4818 3471 4889 ejus
3497 4818 3565 4871 “.

1974 4912 2163 4982 Itaque
2202 4910 2512 4965 clamabant
2562 4909 2601 4963 ii
2645 4909 2740 4980 qui
2780 4918 2892 4964 tam
2938 4909 3090 4981 gravi
3139 4925 3395 4965 mrumna
3438 4926 3546 4979 pre

1976 5002 2291 5067 mebantur,
2310 5009 2368 5055 et
2394 5000 2453 5054 in
2484 4999 2749 5055 ditionem
2770 5000 3013 5057 hostium
3036 5009 3321 5067 venerant,
3342 5010 3399 5055 et
3421 5001 3565 5053 illam

1977 5094 2123 5165 apud
2172 5108 2269 5148 eos
2315 5091 2657 5148 mansionem
2704 5101 2961 5163 tanquam
3014 5093 3303 5161 mancipiis
3345 5091 3563 5159 dignam

1977 5192 2140 5255 atque
2171 5182 2425 5239 servilem
2458 5199 2569 5238 non
2597 5182 2848 5239 ferebant
2890 5201 2903 5237 :
2950 5201 2967 5234 ι
3001 5183 3176 5252 Super
3204 5179 3430 5234 ﬂumina
3460 5179 3563 5231 Ba—

1984 5274 2199 5347 bylonis
2242 5274 2354 5329 illic
2391 5273 2636 5330 sedimus
2674 5283 2732 5329 et
2775 5273 3045 5336 ﬂevimus,
3080 5273 3208 5325 dum
3242 5268 3564 5323 recordare-

1984 5383 2110 5423 mur
2159 5367 2270 5434 tui,
2318 5366 2450 5423 Sion
2483 5367 2548 5422 “.
2589 5386 2607 5419 ι
2636 5366 2959 5438 Hujusmodi
2989 5378 3219 5434 namque
3254 5362 3415 5429 malo,
3457 5361 3559 5419 nisi

1983 5458 2162 5524 fallor,
2193 5458 2409 5513 laborat
2437 5459 2712 5512 humanus
2740 5458 2975 5510 animus.

2055 5549 2254 5605 PALL.
2295 5548 2541 5616 Quonam
2589 5548 2848 5603 tandem?

956 5730 1000 5757 “
1031 5728 1193 5791 lbid.,
1231 5729 1379 5782 8-10.
1458 5731 1498 5763 ³⁵
1533 5732 1669 5785 Psal.
1705 5745 1857 5792 ινιτ,
1896 5727 1949 5779 ‘2.
1992 5727 2073 5797 f‘
2107 5727 2248 5782 Psal.
2289 5739 2497 5785 cxsxw,
2531 5722 2574 5774 l.
