4082 6304
620 359 726 419 139

1651 368 1706 425 s.
1748 371 2026 426 CYRILLI
2061 373 2534 433 ALEXANDRINI
2573 339 2891 436 ARClllEP.

3841 386 3930 442 160

690 476 846 532 CYR.
891 478 1082 548 Segnis
1113 490 1196 535 est
1229 488 1287 536 et
1312 481 1545 552 supinus
1573 483 1687 540 fere
1717 486 1785 540 ad
1822 503 1886 541 ea
1912 487 2053 542 bona
2087 504 2194 558 qua

2380 492 2543 546 ΚΥΡ.
2573 494 2842 566 Ῥᾴθυμος
2867 498 2966 568 μὲν
2988 496 3097 570 γὰρ
3117 500 3211 554 καὶ⁵
3231 499 3406 554 ἀναπε
3416 502 3690 566 πτωκὼς
3709 502 3800 556 ἀεί
3823 522 3928 570 πως

621 577 749 622 sunt
779 567 834 621 in
864 583 1050 634 manu,
1095 573 1552 643 concupiscenda,
1590 592 1770 647 neque
1807 579 2101 635 admodum
2137 597 2200 637 ea

619 657 826 726 expetit
857 673 979 728 quae
1012 670 1141 716 sunt
1177 663 1233 716 in
1270 666 1389 735 ejus
1437 675 1706 736 potestate
1737 669 1857 724 sita.
1899 672 2000 741 17
2033 673 2122 739 At,
2155 675 2199 729 si

619 760 727 818 qua
769 749 914 806 facta
961 752 1129 809 fuerit
1171 755 1226 809 in
1272 757 1500 813 alteram
1549 771 1759 830 partem
1805 763 2107 830 inclinatio,
2146 775 2203 822 et

617 843 992 910 ornamentis,
1041 861 1164 914 quae
1213 848 1485 916 habebat,
1548 853 1811 909 minorari
1869 858 2198 929 contigerit,

619 939 754 986 tunc
793 931 886 986 vix
931 934 1150 989 tandem
1191 936 1247 990 in
1283 939 1441 994 malis
1475 939 1748 1013 intelligit,
1779 945 2036 1001 omnibus
2066 948 2201 1002 viri-

619 1020 723 1075 bus
767 1022 1156 1091 resistendum,
1202 1043 1382 1098 neque
1432 1031 1502 1086 ad
1550 1041 1858 1090 extremum
1906 1053 2079 1108 usque
2119 1040 2202 1095 in-

619 1112 790 1166 sultui
836 1113 1018 1169 locum
1063 1117 1306 1174 dandum
1349 1119 1536 1189 fuisse,
1574 1140 1644 1180 ne
1695 1127 1753 1180 in
1798 1127 2093 1186 discrimen
2143 1147 2200 1186 se

620 1204 938 1276 conjiceret.

690 1295 885 1351 PALL.
921 1299 1010 1354 Ita-
1027 1309 1130 1356 est.

687 1385 845 1442 CYR.
878 1389 1261 1449 Necessarium
1320 1407 1405 1452 est
1434 1399 1632 1470 igitur,
1664 1413 1720 1456 et
1748 1403 2030 1472 sapientiae
2081 1406 2198 1474 ple-

620 1490 775 1540 num,
797 1486 853 1533 et
886 1479 941 1532 in
971 1483 1166 1550 primis
1196 1487 1568 1555 utilissimum,
1601 1492 1899 1560 pracidere
1931 1495 2198 1551 malorum

619 1579 832 1632 causas,
870 1577 927 1623 et
948 1582 1150 1629 coacta:
1176 1577 1461 1633 servitutis
1491 1579 1699 1635 aditum
1750 1585 2108 1653 praecludere,
2143 1598 2200 1643 et

617 1669 683 1709 ea
715 1673 928 1715 summo
958 1663 1142 1719 studio
1174 1666 1472 1736 declinare,
1504 1687 1647 1741 quae,
1678 1674 1736 1728 si-
1791 1677 2032 1745 experiri
2065 1695 2199 1734 eon-

616 1746 822 1816 tigerit,
853 1752 908 1806 in
933 1757 1190 1812 omnibus
1233 1760 1391 1816 malis
1431 1764 1797 1820 versabimur.

689 1839 887 1898 PALL.
917 1845 998 1901 Ita
1027 1863 1084 1902 se
1116 1865 1204 1905 res
1236 1852 1422 1910 habet.

689 1930 846 1986 CYR.
874 1934 952 1990 Ac
982 1938 1028 1991 si
1060 1939 1242 1995 divina
1272 1945 1432 2000 nobis
1462 1947 1544 2001 ira
1565 1952 1890 2006 necessariae
1910 1954 2194 2010 servitutis

612 2023 804 2093 jugum
844 2026 1179 2098 imponatur,
1238 2035 1374 2091 adeo
1428 2048 1490 2094 ut
1531 2038 1586 2093 in
1638 2043 1935 2112 reprobum
1976 2061 2196 2102 sensum

617 2112 1066 2176 descendendum
1117 2123 1227 2190 sit,
1263 2127 1532 2184 obsistere
1581 2132 1804 2200 quidem
1841 2135 1989 2189 haud
2039 2137 2196 2193 facile

616 2205 805 2260 fuerit.
828 2208 969 2263 Illud
1002 2219 1184 2268 tamen
1207 2215 1461 2284 dixerim,
1484 2221 1746 2289 expedire
1767 2223 1853 2278 vel
1881 2225 2196 2282 meminisse

617 2299 792 2352 solum
819 2341 833 2364 ,
875 2305 1166 2372 exquibus
1215 2307 1270 2363 in
1315 2325 1437 2379 quae
1482 2311 1974 2381 declinaverimus,
2033 2326 2197 2387 atque

614 2387 812 2442 acerbe
840 2389 1042 2448 deflere
1071 2402 1186 2449 tum
1215 2408 1457 2454 nostram
1487 2401 1777 2469 incuriam,
1817 2412 1932 2461 tum
1970 2408 2197 2478 superni

614 2493 746 2550 erga
790 2498 891 2538 nos
934 2486 1123 2542 auxilii
1175 2489 1415 2561 inopiam
1459 2511 1472 2546 :
1519 2512 1538 2545 σ
1574 2495 1670 2550 Illa
1689 2513 1924 2568 namque
1973 2501 2196 2555 tristitia

615 2584 738 2636 quae
765 2576 1068 2631 secundum
1119 2580 1292 2634 Deum
1324 2591 1441 2646 est,
1470 2584 1848 2651 paenitentiam
1879 2588 1936 2641 in
1967 2589 2196 2643 salutem

614 2659 1063 2730 impoenitendam
1096 2680 1356 2737 operatur
1392 2674 1455 2727 ".
1501 2693 1519 2725 ›
1575 2675 1682 2730 Sed
1728 2678 1774 2731 si
1818 2678 1980 2732 nobis
2009 2679 2192 2735 divina

615 2749 695 2802 ira
735 2767 847 2806 non
897 2754 1202 2823 immineat,
1252 2770 1415 2831 atque
1449 2765 1686 2820 liberum
1731 2767 1802 2821 sit
1841 2775 1898 2821 et
1928 2769 2090 2834 velle,
2141 2782 2197 2827 et

614 2841 762 2910 quod
810 2842 989 2898 visum
1037 2845 1226 2914 fuerit,
1263 2849 1464 2917 facere,
1519 2863 1576 2908 et
1628 2855 1777 2910 illam
1819 2857 1874 2912 in
1909 2867 2222 2932 utramque-

613 2941 826 2998 partem
872 2936 1318 3005 propensionem,
1365 2941 1432 2994 ad
1472 2943 1699 3010 malum,
1743 2946 1987 3017 inquam,
2033 2961 2084 3006 et
2129 2953 2194 3006 ad

613 3020 842 3088 bonum,
885 3024 1114 3078 solutam
1169 3043 1233 3083 ac
1289 3029 1520 3086 liberam
1570 3042 1626 3089 et
1666 3036 1734 3090 ab
1782 3039 1930 3092 omni
1978 3042 2196 3109 penitus

613 3113 894 3168 coaetione
914 3115 1148 3171 alienam
1169 3120 1411 3176 retinere
1435 3123 1618 3190 liceat,
1649 3128 1925 3182 cavendus
1950 3139 2033 3184 est
2056 3143 2194 3187 stre-

613 3218 721 3257 nue
766 3203 854 3258 ille
905 3204 964 3259 in
1017 3208 1267 3277 nequitia
1310 3211 1560 3282 languor,
1617 3230 1681 3270 ac
1737 3219 2088 3287 repellendae,
2135 3222 2190 3276 ni
2220 3201 2260 3258 (ἶ

610 3292 788 3358 fallor,
819 3295 1146 3366 voluptates,
1179 3299 1248 3354 ab
1271 3301 1529 3357 hostibus
1546 3305 1765 3371 oblatae,
1794 3308 2191 3382 vitandumque

609 3398 679 3437 ne
720 3384 778 3437 in
822 3385 1066 3440 hostium
1128 3389 1339 3446 ditione
1390 3393 1584 3459 simus,
1625 3396 1719 3464 qui
1778 3397 1944 3467 hujus
2001 3403 2191 3457 mundi

608 3473 888 3545 principes
909 3493 1031 3532 esse
1064 3478 1356 3548 dicuntur;
1391 3484 1605 3540 etiamsi
1638 3489 1800 3542 alicui
1824 3489 2054 3548 fortasse
2069 3511 2194 3564 pars

609 3563 791 3634 aliqua
835 3566 1113 3625 felicitatis
1147 3571 1320 3639 adsit,
1371 3574 1670 3643 felicitatis,
1730 3579 1976 3650 inquam,
2022 3563 2192 3654 illius,

609 3669 732 3723 quae
779 3656 834 3710 in
877 3661 1086 3717 mundo
1125 3662 1232 3719 hoc
1288 3680 1481 3738 magna
1533 3677 1758 3741 putatur
1802 3673 2050 3742 quidem,
2098 3678 2193 3733 sed

612 3754 828 3816 turpem
861 3751 1086 3806 omnino
1108 3753 1319 3809 exitum
1346 3765 1511 3827 atque
1545 3759 1851 3818 deformem
1898 3764 2084 3822 habet.

682 3837 877 3893 PALL.
906 3840 1026 3907 Quo
1065 3845 1285 3901 tandem
1319 3849 1522 3904 modo?

677 3927 835 3985 CYR.
867 3931 1032 3989 Visne
1066 3944 1128 3991 ut
1164 3946 1419 3993 veterum
1449 3943 1697 4015 exempla
1726 3949 2040 4003 sumamus?

679 4121 876 4176 PALL.
914 4122 1163 4180 Maxime.

677 4211 833 4266 CYR.
857 4213 993 4268 Cum
1015 4214 1157 4271 fame
1177 4217 1581 4274 conﬁcerentur
1600 4235 1790 4277 omnes
1805 4223 1920 4278 fere
1943 4223 2194 4281 homines

2306 583 2451 635 ἐστὶν
2484 585 2564 647 εἰς
2599 585 2893 657 ἐπιθυμίαν
2923 589 3030 642 τῶν
3062 591 3120 643 ἐν
3164 591 3352 663 χερσὶν
3388 592 3676 661 ἀγαθῶν,
3725 594 3930 662 ἐφίεται

2305 674 2361 726 δὲ
2389 675 2448 727 οὐ
2476 675 2594 730 λίαν
2614 671 2796 750 ὦνπερ
2844 678 2908 733 ἂν
2941 680 3053 751 ἔχοι
3091 681 3190 754 τὴν
3218 683 3510 747 ἐξουσίαν.
3555 686 3628 737 Ei
3661 685 3724 737 δὲ
3755 686 3819 758 δή
3856 705 3932 751 τις

2305 766 2515 832 γένοιτο
2545 769 2880 840 μετάκλησις
2906 772 2999 829 ἐπὶ
3027 773 3251 845 θάτερα,
3297 776 3391 828 καὶ
3423 769 3512 829 ὧν
3542 775 3621 830 ἂν
3646 777 3768 847 ἔχοι
3793 778 3929 849 λαμ-

2306 857 2458 928 πρῶν
2496 861 2761 930 ἡττᾶσθαι
2793 866 2962 934 παρῇ,
2994 865 3117 923 τότε
3148 866 3212 936 δὴ
3241 867 3394 935 μόλις
3431 868 3799 923 αἰσθάνεται
3830 888 3928 924 πα-

2306 949 2433 1014 θὼν,
2458 951 2486 1003 ὃ
2518 953 2681 1008 παντὶ
2728 953 2791 1026 δὴ
2843 954 3018 1009 σθένει
3057 957 3452 1028 διακρούεσθαι
3491 961 3710 1032 ἐχρῆν,
3747 964 3842 1015 καὶ
3873 965 3927 1016 οὐ

2304 1040 2392 1094 διὰ
2418 1043 2613 1114 πείρας
2643 1046 2801 1116 ἥκειν
2840 1048 2934 1117 ἐᾷν
2967 1050 3403 1121 προαναιροῦντα
3445 1052 3564 1123 τὴν
3600 1051 3827 1122 ἔφοδον.

2371 1303 2582 1360 ΙΙΑΛΛ.
2637 1305 2881 1378 ’Λληθέςε

2371 1397 2535 1453 ΚΥΡ.
2595 1399 2911 1468 Ἀναγκαῖον
2945 1396 3038 1457 οὖν
3066 1401 3211 1472 ἀρα,
3269 1403 3363 1462 καὶ
3402 1403 3611 1472 σοφὸν,
3667 1403 3772 1456 rei.
3821 1403 3920 1456 τῶν

2301 1487 2330 1539 ὅ
2349 1504 2403 1539 τι
2435 1488 2670 1558 μάλιστα
2698 1490 3154 1546 λυσιτελεστάτων
3179 1495 3240 1546 τὸ
3270 1497 3656 1566 προαναιρεῖν
3684 1490 3749 1548 εὖ
3782 1494 3916 1564 μάλα

2299 1579 2369 1632 τὰ
2399 1580 2668 1651 μοχθηρὰ,
2705 1583 2799 1635 καὶ
2829 1583 2927 1654 τῆς
2957 1583 3254 1656 ἀϐουλήτου
3282 1585 3514 1656 θητείας
3551 1586 3666 1656 τὴν
3710 1585 3916 1654 ἔφοδον,

2301 1671 2394 1722 καὶ
2437 1673 2828 1741 προαπονεύειν
2859 1675 3152 1748 πειρᾶσθαι
3190 1677 3407 1748 γοργῶς
3441 1677 3544 1740 τὰ,
3592 1671 3679 1730 ὧν
3728 1678 3780 1729 εί
3830 1677 3915 1744 γέ-

2301 1775 2444 1814 νοιτο
2473 1761 2608 1830 πρὸς
2637 1764 2832 1831 πεῖραν
2865 1762 3059 1828 ἐλθεῖν,
3086 1765 3144 1817 ἐν
3182 1765 3348 1820 παντὶ
3375 1762 3706 1835 κεισόμεθα
3741 1762 3912 1832 κακῷ.

2231 1843 2272 1896 Β
2373 1852 2576 1904 ΠΛΛΛ.
2620 1846 2749 1905 Ὦδε
2780 1852 2910 1924 ἔχει.

2373 1942 2534 1997 ΚΥΡ.
2584 1944 2696 1997 Καὶ
2723 1946 2771 1998 εί
2799 1945 2896 2015 μὲν
2928 1946 2994 2000 ἐκ
3019 1945 3166 2010 θείας
3194 1947 3364 2020 ὀργῆς
3391 1951 3418 2002 ὁ
3453 1948 3571 2019 τῆς
3599 1950 3910 2018 ἀναγκαίας

2299 2036 2540 2101 δουλείας
2566 2038 2696 2108 ἡμῖν
2731 2037 3045 2109 ἐπιφέροιτο
3075 2038 3257 2108 ζυγὸς,
3296 2041 3388 2093 καὶ
3415 2039 3534 2112 μὴν
3572 2042 3680 2094 καὶ
3714 2041 3780 2094 τὸ
3807 2040 3912 2094 δεῖν

2299 2128 2379 2190 είς
2405 2128 2661 2197 ἀδόκιμον
2706 2128 3026 2183 καθικέσθαι
3065 2129 3210 2194 νοῦν,
3254 2131 3668 2202 ἀντιφέρεσθαι
3709 2132 3810 2202 μὲν
3849 2133 3904 2184 οὗ

2302 2219 2450 2288 ῥᾷον.
2483 2219 2650 2290 Φαίην
2678 2220 2722 2272 δ’
2761 2218 2828 2272 ἂν
2863 2215 3000 2274 εἶναι
3051 2223 3340 2291 χρήσιμον,
3373 2222 3481 2275 κᾶν
3515 2221 3664 2291 γοῦν
3704 2222 3768 2275 τὸ
3792 2223 3902 2276 δια-

2304 2311 2610 2384 μεμνῆσθαι
2645 2315 2802 2383 μόνον
2836 2313 2894 2380 ἐξ
2929 2314 3058 2368 οἴων
3091 2317 3168 2379 είς
3197 2310 3282 2369 οἷα
3317 2317 3787 2387 μετακεκλίσθαι,
3813 2321 3898 2371 καὶ

2301 2404 2758 2474 κατολοφύρεσθαι
2805 2406 3019 2478 πικρῶς
3061 2406 3161 2478 τὴν
3217 2408 3594 2479 παράϐλεψιν,
3655 2411 3754 2462 καὶ
3806 2410 3897 2478 τῆς

2299 2495 2502 2551 ἄνωθεν
2531 2495 2849 2565 ἐπικουρίας
2878 2496 2974 2568 τὴν
3000 2498 3195 2552 σπάνιν
3217 2516 3230 2530 ·
3270 2517 3289 2550 ‹
3334 2501 3397 2552 Ἡ
3426 2502 3545 2571 γὰρ
3587 2501 3738 2555 κατά
3770 2500 3892 2552 Θεὸν

2299 2585 2466 2656 λύπη,
2503 2588 2789 2656 μετάνοιαν
2813 2588 2893 2651 είς
2922 2589 3194 2659 σωτηρίαν
3229 2590 3663 2663 ἀμεταμέλητον
3700 2607 3892 2660 κατερ-

2300 2673 2546 2742 γάζεται.
2587 2694 2606 2727 ι
2631 2675 2792 2738 Θείας
2829 2675 2886 2728 δέ
2929 2677 3059 2746 ἡμῖν
3096 2678 3197 2730 οὐκ
3245 2678 3658 2750 ἀπηρτημένης
3707 2680 3888 2749 ὀργῆς.

2300 2763 2415 2818 ἀλλ’
2442 2764 2560 2818 ἐνὸν
2588 2765 2674 2818 ἐπ’
2705 2765 2953 2830 ἐξουσίας
2983 2767 3198 2821 ἑλέσθαι
3218 2785 3278 2821 τε
3301 2771 3393 2821 καὶ
3419 2769 3560 2840 δρᾷν
3584 2770 3650 2822 τὸ
3683 2769 3887 2832 δοκοῦν,

2300 2856 2392 2909 καὶ
2423 2856 2522 2926 τὴν
2570 2857 2658 2908 ἐπ’
2715 2855 2880 2927 ἄμφω
2915 2857 3107 2928 ῥοπὴν,
3155 2859 3255 2929 τήν
3301 2876 3360 2910 τε
3413 2861 3497 2922 εἰς
3549 2859 3617 2912 τὸ
3668 2859 3885 2928 φαῦλον,

2300 2947 2461 3018 φημὶ,
2497 2949 2592 3002 καὶ
2626 2947 2724 3018 τὴν
2747 2951 2827 3012 είς
2853 2949 2915 3002 τὸ
2944 2950 3167 3019 ἀγαθὸν,
3204 2951 3498 3022 ἀνειμένην
3534 2969 3665 3016 πως
3695 2952 3778 3003 ἐτι
3807 2952 3894 3002 καὶ

2297 3038 2694 3093 ἀκαταϐίαστον
2722 3040 3000 3105 παντελῶς
3034 3043 3423 3114 διακεκτῆσθαι
3454 3061 3532 3096 πα
3555 3043 3674 3114 ρὸν,
3709 3058 3893 3111 παραι-

2295 3132 2488 3202 τητέον
2520 3132 2782 3200 γεννικῶς
2820 3133 2910 3186 τὸν
2945 3134 3020 3197 ὡς
3063 3135 3120 3186 ἐν
3162 3134 3458 3205 φαυλότητι
3506 3130 3889 3204 μαλακισμὸν.

2293 3219 2445 3292 οἶμαι
2487 3223 2543 3276 δέ
2602 3225 2711 3277 δεῖν
2755 3224 3106 3277 ἀποσείεσθαι
3152 3226 3326 3294 φιλεῖν
3382 3226 3480 3289 τὰς
3526 3226 3635 3280 ἐπ’
3685 3223 3890 3294 ἐχθροῖς

2296 3313 2506 3384 ήδονάς,
2533 3313 2628 3367 καὶ
2652 3315 2710 3367 τὸ
2732 3315 2836 3368 ὑπὸ
2863 3317 3019 3385 χεῖρα
3050 3315 3310 3386 πράττειν
3331 3315 3578 3387 ἐχθρῶν,
3606 3317 3660 3369 οἳ
3692 3313 3889 3383 κατάρ-

2294 3422 2410 3476 χειν
2447 3404 2694 3473 λέγονται
2722 3405 2818 3459 τοῦ
2853 3406 3046 3469 αἰῶνος
3077 3405 3290 3460 τούτου.
3329 3407 3446 3460 Κᾶν
3481 3409 3528 3460 εί
3593 3406 3811 3478 προσίοι
3832 3403 3886 3455 τὸ

2294 3496 2456 3566 τυχὸν
2487 3497 2784 3572 εὐημερίας
2822 3498 2922 3549 οὐκ
2960 3497 3248 3568 ἀμοιροῦν,
3298 3499 3614 3569 εὐημερίας
3657 3497 3714 3550 δέ
3751 3511 3882 3564 φημι

2294 3588 2392 3655 τῆς
2424 3589 2481 3641 ἐν
2510 3588 2700 3661 κόσμῳ
2733 3589 3122 3660 τετιμημένης,
3159 3591 3238 3653 εἰς
3267 3591 3489 3662 αίσχρδν
3518 3591 3642 3663 γὰρ
3673 3588 3881 3647 πάντως

2296 3679 2390 3756 καὶ
2412 3679 2641 3744 ἀκαλλὲς
2680 3681 3048 3756 καταστρέφει
3085 3679 3258 3746 τέλος.

2368 3859 2574 3912 ΠΑΛΛ.
2623 3857 2746 3922 Πῶς
2779 3857 2946 3928 ἕφηςς

2365 3951 2530 4004 ΚΥΡ.
2573 3950 2760 4003 Βούλει
2793 3950 3046 4020 λέγωμεν
3093 3948 3156 4017 ἐξ
3187 3949 3426 4022 ἀρχαίων
3457 3948 3677 4013 ἑλόντες
3703 3963 3873 4018 παρα-

2295 4042 2412 4112 δειγ
2419 4043 2604 4113 μάτων
2620 4061 2635 4108 ;
3323 4068 3334 4075 '

2365 4135 2576 4192 UAAA.
2617 4135 2729 4189 Καὶ
2757 4134 2921 4205 μάλα.

2363 4226 2527 4279 ΚΥΡ.
2567 4224 2740 4297 Λιμοῦ
2781 4224 3177 4298 κατατήκοντος
3216 4228 3344 4291 τοὺς
3398 4227 3502 4282 ἀνὰ
3555 4231 3761 4290 πᾶσαν,
3799 4222 3869 4282 ὡς

606 4303 721 4373 qui,
753 4313 815 4359 ut
849 4304 904 4358 in
948 4321 1161 4362 summa
1205 4307 1406 4374 dicam,
1449 4311 1652 4380 ubique
1713 4321 1984 4369 terrarum
2007 4326 2184 4383 erant,

2297 4316 2419 4383 ἔπος
2458 4319 2652 4384 εἰπεῖν,
2694 4317 2792 4388 τὴν
2837 4317 2963 4388 γῆν,
3002 4317 3323 4372 καθικέσθαι
3358 4319 3494 4391 πρὸς
3542 4315 3868 4389 Αἰγυπτίους

604 4395 782 4449 visum
824 4407 910 4452 est
954 4397 1080 4453 filiis
1131 4399 1300 4455 Jacob
1344 4402 1399 4456 in
1437 4401 1727 4476 Egyptum
1778 4405 2114 4464 descendere
2172 4427 2183 4462 :

603 4495 762 4539 erant
792 4496 976 4542 autem
1007 4489 1385 4548 adolescentes
1418 4509 1649 4550 numero
1673 4497 1882 4552 decem.
1915 4498 1972 4553 Id
2004 4509 2186 4555 autem

603 4577 761 4646 cujus
790 4579 965 4648 gratia
997 4583 1498 4652 peregrinationem
1535 4588 1927 4659 suscipiebant,
1963 4600 2082 4646 erat
2126 4600 2187 4648 ut

603 4677 921 4724 coemerent
948 4683 1122 4736 escas,
1156 4681 1423 4742 prazterea
1449 4677 1607 4731 nihil.
1645 4679 1840 4735 Postea
1872 4695 2004 4735 vero
2019 4696 2184 4751 quam

601 4755 723 4823 ejus
745 4757 822 4809 rei
841 4770 1126 4828 compotes
1143 4761 1271 4818 facti
1295 4773 1444 4830 sunt,
1478 4775 1642 4837 atque
1671 4768 1843 4838 agniti
1871 4770 2006 4840 jam,
2035 4772 2182 4840 quod

602 4843 804 4899 fratres
830 4857 1017 4901 essent
1041 4849 1266 4921 Ioseph,
1288 4856 1382 4923 qui
1415 4864 1531 4910 tum
1562 4857 1836 4914 frumenta
1887 4860 2182 4926 vendebat,

601 4936 933 5007 etprinceps
953 4947 1074 4994 erat
1102 4949 1263 4997 terra:
1290 4944 1528 5018 Egypti,
1573 4965 1691 5004 rem
1722 4959 1930 5022 gestam
1960 4953 2187 5009 auribus

601 5027 1060 5098 accepitPharao,
1109 5051 1127 5083 ι
1159 5033 1395 5101 Etdixit,
1423 5057 1440 5090 ι
1470 5039 1668 5110 inquit,
1695 5062 1712 5092 ι
1737 5044 1947 5098 Pharao
1961 5043 2182 5114 Ioseph:

606 5117 713 5188 18
744 5119 842 5174 Dic
876 5118 1141 5177 fratribus
1185 5124 1296 5179 tuis
1317 5165 1331 5191 ,
1373 5127 1488 5182 Hoc
1515 5128 1676 5186 facite
1709 5149 1722 5185 :
1751 5133 1976 5204 lmplete
1999 5149 2187 5190 saccos

601 5219 835 5277 vestros,
863 5220 918 5268 et
939 5213 1086 5270 abite
1110 5215 1165 5270 in
1213 5224 1416 5272 terram
1453 5218 1731 5288 Chanaan,
1764 5233 1820 5278 et
1850 5226 2185 5297 accipientes

605 5310 814 5368 patrem
854 5314 1100 5361 vestrum
1145 5315 1202 5363 et
1250 5308 1614 5366 substantiam
1674 5324 1950 5383 vestram,
1996 5317 2181 5372 venite

603 5392 669 5445 ad
695 5407 800 5457 me,
828 5405 885 5450 et
912 5397 1054 5454 dabo
1089 5400 1248 5456 vobis
1276 5418 1342 5457 ex
1365 5404 1622 5460 omnibus
1649 5405 1809 5460 bonis
1856 5406 2092 5478 Egypti,
2127 5419 2183 5465 et

603 5483 909 5540 comedetis
935 5490 1230 5547 medullam
1255 5502 1435 5551 terrae.
1464 5496 1545 5552 Tu
1577 5506 1758 5551 autem
1791 5499 2026 5569 przecipe
2042 5501 2176 5567 haec,

604 5583 665 5631 ut
685 5575 959 5646 accipiant
989 5581 1234 5650 plaustra
1261 5585 1330 5642 de
1363 5596 1510 5645 terra
1528 5589 1739 5661 {Egypti
1765 5591 1956 5648 liberis
1981 5595 2179 5650 vestris

674 5754 716 5783 ⁸⁷
752 5754 793 5808 ll
817 5754 939 5810 Cor.
971 5774 1063 5826 vn,
1098 5760 1182 5816 10.

2285 4410 2412 4473 τοὺς
2443 4410 2502 4476 ἐξ
2550 4409 2742 4463 Ἰακὼϐ
2770 4410 2964 4475 ἐδόκει,
2999 4411 3208 4464 νεανίαι
3259 4412 3316 4465 δέ
3343 4407 3483 4482 ἦσαν
3516 4413 3608 4466 τὸν
3643 4405 3866 4482 ἀριθμόν

2286 4518 2388 4554 που
2423 4500 2577 4564 δέκα,
2607 4501 2702 4554 καὶ
2741 4501 2769 4553 ὁ
2808 4502 2906 4572 τῆς
2934 4500 3243 4572 ἀποδημίας
3284 4503 3502 4567 σκοπὸς,
3536 4503 3598 4555 τὸ
3645 4497 3865 4567 ἐκπρία-

2285 4591 2409 4647 σθαι
2441 4591 2668 4662 τροφὰς,
2699 4594 2795 4644 καὶ
2835 4591 3023 4662 ἕτερον
3054 4587 3123 4662 ἦν
3153 4592 3328 4646 οὐδέν.
3381 4593 3599 4664 Ἐπειδὴ
3628 4593 3686 4646 δὲ
3735 4584 3863 4659 ἧκον

2281 4687 2363 4749 εἰς
2393 4683 2550 4738 τοῦτο
2579 4684 2673 4738 καὶ
2690 4683 3150 4755 κατεγνωρίζοντο
3165 4683 3349 4736 λοιπὸν
3370 4683 3446 4746 ὡς
3462 4683 3702 4753 ἀδελφοὶ,
3723 4695 3860 4734 σιτο-

2280 4776 2556 4840 ὼτοῦντος
2582 4777 2704 4830 τότε
2739 4775 2836 4828 καὶ
2885 4775 3206 4846 ἐξάρχοντος
3251 4776 3349 4846 τῆς
3408 4775 3724 4844 Αἰγυπτίων
3768 4768 3856 4823 τοῦ

2294 4865 2511 4937 Ἰωσὴφ,
2557 4866 2638 4930 είς
2677 4863 2771 4929 οὖς
2801 4865 2862 4918 τὸ
2899 4863 3144 4936 πραχθὲν
3190 4864 3405 4935 ἐδέχετο
3436 4865 3655 4937 Φαραὼ,
3698 4882 3716 4914 ι
3755 4858 3858 4913 Καὶ

2282 4948 2422 5016 εἷπε,
2461 4972 2479 5004 ι
2541 4955 2698 5025 φησὶ,
2765 4974 2784 5007 ‹
2827 4954 3027 5026 Φαραὼ
3069 4954 3207 5024 πρὸς
3250 4955 3471 5025 Ἰωσήφ
3533 4952 3702 5007 Εἶπον
3753 4949 3858 5008 τοῖς

2281 5046 2529 5115 ἀδελφοῖς
2561 5063 2676 5098 σου·
2724 5045 2896 5099 Τοῦτο
2937 5046 3200 5117 ποιήσατε
3221 5061 3236 5077 ο
3259 5045 3532 5115 Γεμίσατε
3565 5045 3635 5099 τά
3667 5039 3854 5110 πυρεῖα

2284 5137 2459 5208 ὑμῶν,
2496 5139 2592 5191 καὶ
2636 5136 2901 5191 ἀπέλθετε
2940 5139 3021 5202 εἰς
3067 5140 3173 5209 γῆν
3227 5137 3449 5191 Χαναὰν
3476 5137 3573 5190 καὶ
3622 5131 3854 5205 παραλα-

2282 5229 2470 5293 ϐόντες
2499 5229 2592 5282 τὸν
2633 5231 2844 5301 πατέρα
2878 5229 3056 5301 ὑμῶν,
3085 5231 3179 5284 καὶ
3220 5229 3289 5284 τὰ
3325 5229 3639 5302 ὑπάρχοντα
3685 5223 3848 5296 ὑμῶν,

2279 5321 2442 5391 ἥκετε
2474 5322 2610 5392 πρὸς
2641 5321 2727 5392 μὲ,
2759 5322 2856 5376 καὶ
2889 5321 3044 5376 δώσω
3081 5323 3210 5392 ὑμῖν
3255 5322 3475 5376 πάντων
3504 5322 3614 5376 τῶν
3641 5312 3850 5388 ἀγαθῶν

2280 5412 2578 5481 Αἰγύπτου,
2630 5413 2726 5466 καὶ
2770 5412 3008 5483 φάγεσθε
3038 5412 3129 5466 τὸν
3175 5411 3369 5484 μυελὸν
3397 5415 3499 5484 τῆς
3529 5413 3650 5483 γῆς,
3794 5399 3847 5510 δὲ

2280 5504 2511 5560 ἐντειλαι
2539 5506 2730 5571 ταῦτα,
2773 5507 2957 5561 λαϐεῖν
2990 5507 3190 5570 αὐτοὺς
3215 5505 3432 5576 ἀμάξας
3465 5508 3530 5598 ἐκ
3561 5506 3663 5598 γῆς
3678 5498 3846 5598 Διλίίγύ-

2280 5614 2433 5664 πτου,
2463 5600 2574 5663 τοῖς
2602 5599 2831 5663 παιδίοις
2857 5599 3009 5670 ὑμῶν
3037 5599 3130 5653 καὶ
3150 5601 3270 5662 ταῖς
3295 5597 3529 5666 γυναιξὶ,
3556 5597 3651 5651 καὶ
3668 5593 3842 5648 ἀναλα-
