4082 6304
267 296 374 352 161

1023 300 1110 354 DE
1147 299 1588 360 ADORATIONE
1625 305 1695 361 1N
1735 306 2003 364 SPlRlTU
2039 311 2128 366 ET
2166 315 2530 373 \‘ERITATE.
2573 320 2698 375 LIB.
2738 321 2780 375 1.

3419 332 3522 390 162

267 409 458 473 ὄόντες
484 410 572 462 τὸν
603 408 819 482 πατέρα
853 411 1006 481 ὑμῶν
1047 414 1437 483 παραγίνεσθε,
1473 417 1566 469 καὶ
1611 419 1686 489 μὴ
1728 421 1830 488 φεί·

1952 430 2006 476 et
2033 426 2316 491 uxoribus,
2349 437 2405 484 et
2444 430 2694 487 tollentes
2724 443 2938 502 patrem
2961 448 3202 495 vestrum
3228 442 3432 509 venite,
3462 457 3521 506 et

271 503 437 572 σησθε
483 503 593 565 τοῖς
639 501 940 572 ὀφθαλμοῖς
972 505 1082 557 τῶν
1135 505 1342 558 σκευῶν
1393 508 1584 578 ὑμῶν’
1626 509 1692 562 τὰ
1742 511 1850 581 γὰρ

269 593 446 645 πάντα
475 591 657 660 ἀγαθὰ
688 592 968 660 Αἰγύπτου
996 593 1123 664 ὑμῖν
1151 593 1322 649 ἔσται.
1363 615 1381 647 ι
1420 599 1477 651 Ὀ
1510 599 1606 669 μὲν
1627 595 1719 652 οὖν
1750 603 1849 671 τῆς

267 683 582 751 Αἰγυπτίων
613 683 915 755 ἡγούμενος
953 685 1138 749 αὐτοῖς
1184 687 1502 743 ἀνάπαυλαν
1546 691 1639 743 καὶ
1666 695 1844 763 τρυφῇ

267 775 647 831 καταπιαίνειν
685 773 744 830 εὖ
783 777 928 848 μάλα
961 779 1455 849 κατεπηγγείλατο,
1480 783 1574 835 καὶ
1618 783 1726 853 μὴν
1752 784 1846 837 καὶ

263 868 484 937 ἀμάξας
551 868 869 940 ἐχαρίζετο,
924 868 1300 925 καταλεαίνων
1354 868 1507 942 οἶμαι
1571 889 1672 926 που
1730 877 1845 938 τοῖς

263 959 483 1013 ὀκνοῦσι
511 959 608 1031 τὴν
640 960 886 1016 κάθοδον.
923 960 986 1014 Οἱ
1028 961 1086 1012 δὲ
1117 963 1355 1027 πανοικὶ,
1402 963 1722 1018 κατέϐαινον
1753 965 1844 1017 εὑ-

262 1053 386 1116 Οὺς,
433 1052 531 1123 τὴν
575 1053 907 1125 πρόσκαιρον
924 1053 1044 1107 -τῶν
1083 1054 1360 1124 ἐδωδίμων
1391 1055 1706 1115 ἀπόλαυσιν,
1743 1053 1842 1110 οὒκ

260 1141 357 1197 οἷδ’
395 1145 541 1208 ὃπως
569 1145 1031 1217 -προτετιμηκότες
1057 1148 1160 1218 γῆς
1191 1163 1250 1198 τε
1274 1146 1369 1199 καὶ
1394 1149 1575 1217 χώρας
1593 1147 1842 1218 δοθείσης

261 1238 418 1309 παρὰ
439 1237 573 1291 Θεοῦ
598 1255 611 1267 ·
654 1235 721 1308 ἦν
755 1239 865 1308 γὰρ
895 1239 958 1309 δή
1000 1256 1102 1292 που
1142 1239 1292 1310 παρά
1335 1239 1468 1293 πολὺ
1493 1241 1740 1311 κρεῖττόν
1780 1257 1835 1297 τε

261 1331 361 1383 καὶ
389 1329 610 1400 ἄμεινον
639 1330 702 1382 τὸ
733 1329 948 1402 ἐκείνην
981 1330 1261 1401 νέμεσθαι,
1289 1333 1338 1384 εί
1369 1333 1463 1384 καὶ
1504 1333 1600 1385 σὺν
1650 1332 1842 1404 βραχεί

257 1420 322 1471 τὸ
357 1420 546 1490 χρῆμα
584 1418 934 1491 κατωρθοῦτο
973 1421 1140 1491 πόνῳ.
1203 1418 1421 1491 Ἐπειδὴ
1471 1420 1526 1474 δὲ
1569 1416 1707 1492 ἦκον
1759 1423 1839 1486 είς

263 1508 559 1577 Αἴγυπτον,
611 1506 778 1578 ᾤοντο
824 1510 923 1580 μὲν
973 1511 1102 1572 ἴσως
1165 1510 1259 1564 καὶ
1321 1511 1602 1581 διαδράναι
1654 1511 1838 1565 λοιπὸν

262 1602 392 1663 τοὺς
422 1600 559 1654 οἴκοι
604 1601 819 1665 πόνους,
857 1595 939 1664 οἷς
968 1603 1062 1654 καὶ
1094 1599 1204 1654 τῶν
1247 1601 1563 1671 παραυτίκα
1587 1601 1836 1673 τερπνῶν

258 1694 292 1764 ἠ
319 1693 572 1763 αἴσθησις
617 1692 770 1762 ἡδεῖά
795 1709 914 1755 πως
939 1687 1010 1763 ἦν
1041 1692 1244 1756 αὐτοῖς.
1293 1692 1612 1762 Διέρποντος
1658 1693 1715 1745 δὲ
1741 1693 1833 1747 τοῦ

1950 527 2018 566 ne
2041 514 2280 582 parcatis
2298 517 2472 572 oculis
2495 521 2930 589 supellectilibus
2951 529 3170 593 vestris,
3187 531 3314 598 quia
3333 534 3518 588 omnia

1948 599 2088 655 bona
2115 601 2331 673 Egypti
2355 605 2512 661 vobis
2543 619 2708 664 erunt
2736 610 2800 663 ⁸⁸.
2841 631 2858 663 ›
2924 614 3110 684 Itaque
3139 617 3519 690 Egyptiorum

1945 691 2200 782 princeps
2233 694 2319 748 his
2347 697 2519 750 otium
2541 707 2596 752 et
2611 701 2918 770 voluptates
2939 705 3349 766 aflluentissime
3372 729 3515 782 prae-

1943 781 2186 838 biturum
2218 801 2274 840 se
2312 787 2706 856 pollicebatur;
2735 792 2972 860 plaustra
2997 813 3214 868 quoque
3246 781 3514 874 largieba-

1945 881 2055 940 tur,
2081 884 2142 929 ut
2165 877 2306 943 illos,
2345 886 2407 932 ut
2441 889 2594 950 puto,
2628 881 3048 942 reformidantes
3079 890 3147 943 ad
3171 892 3514 951 descenden-

1943 964 2074 1019 dum
2109 968 2374 1025 alliceret.
2404 970 2471 1024 Hi
2503 988 2638 1028 vero
2669 989 2796 1029 cum
2824 978 3079 1034 universa
3109 981 3314 1038 familia
3331 987 3512 1041 statim

1941 1055 2364 1123 descenderunt,
2399 1063 2861 1139 temporariorum
2911 1066 3164 1122 ciborum
3206 1086 3368 1125 usum
3429 1090 3516 1127 ra-

1945 1147 2092 1203 tione
2135 1150 2320 1206 nescio
2377 1167 2505 1221 qua,
2548 1159 2706 1208 terra:
2755 1155 3075 1227 regionique
3131 1175 3162 1212 a
3219 1161 3330 1215 Deo
3375 1162 3513 1218 data:

1939 1239 2294 1310 praeferentes
2329 1260 2341 1296 :
2379 1244 2555 1298 multo
2606 1261 2841 1316 namque
2901 1249 3096 1304 melius
3127 1257 3289 1320 atque
3324 1254 3515 1308 utilius

1938 1337 2058 1383 erat
2095 1345 2161 1383 ex
2218 1330 2309 1384 illa
2373 1332 2480 1386 sibi
2529 1342 2747 1403 pastum
2799 1351 3068 1404 quaerere,
3125 1342 3376 1409 quamvis
3402 1359 3512 1396 non

1939 1419 2058 1474 sine
2111 1420 2294 1491 aliquo
2333 1423 2522 1480 labore
2574 1425 2629 1479 id
2661 1425 2798 1480 efIici
2855 1437 3060 1496 posset.
3125 1431 3320 1486 Postea
3379 1450 3511 1489 vero

1937 1527 2099 1580 quam
2120 1512 2175 1566 in
2209 1511 2502 1584 Egyptum
2530 1525 2821 1581 venerunt,
2861 1520 3128 1587 putabant
3176 1537 3234 1576 se
3280 1522 3512 1579 fortasse

1931 1603 2041 1672 jam
2072 1603 2326 1674 effugisse
2350 1605 2562 1660 labores
2586 1615 2723 1676 quos
2759 1608 2906 1664 domi
2939 1611 3262 1682 habuerant,
3287 1619 3511 1685 eratque

1936 1693 2044 1747 illis
2073 1696 2427 1763 praesentium
2482 1695 2824 1766 voluptatum
2875 1714 3068 1754 sensus
3114 1705 3528 1771 perjucundus..

255 1786 474 1856 χρόνου,
509 1784 602 1838 τὸν
644 1784 816 1838 ἀκλεᾶ
846 1785 944 1855 τῆς
972 1783 1215 1849 δουλείας
1252 1785 1538 1857 ὑποτρέχει
1572 1784 1756 1854 ζυγὸν,
1800 1785 1830 1857 ἡ

1937 1780 2041 1835 Sed
2087 1781 2376 1852 interjecto
2427 1793 2669 1853 tempore
2707 1785 3002 1840 multitudo
3056 1788 3144 1842 illa
3192 1791 3302 1859 jam
3327 1791 3509 1846 indea

251 1873 465 1929 ἄνωθέν
505 1891 566 1926 τε
615 1874 712 1944 καὶ
751 1875 817 1927 ὲκ
864 1874 1116 1947 πατέρων
1151 1875 1376 1948 εὐγενὴς
1423 1877 1519 1930 καὶ
1574 1875 1836 1946 ἐλευθέρα

251 1968 486 2040 πληθύς.
523 1966 732 2020 Οὐκοῦν
757 1969 805 2020 εί
839 1967 1066 2040 προσείη
1089 1970 1207 2038 μετ’
1231 1967 1533 2040 εὐημερίας
1561 1970 1834 2039 κοσμικῆς

250 2061 314 2114 τὸ
353 2060 720 2132 προσπίπτειν
753 2061 834 2126 είς
878 2060 946 2112 τὰ
973 2060 1189 2130 αἰσχίω,
1221 2061 1606 2132 παραιτητέον,
1633 2055 1678 2114 ὦ
1711 2063 1832 2128 τᾶν,

251 2151 414 2221 εἴπερ
445 2149 563 2203 ἐστὶ
589 2153 720 2221 παρ’
745 2151 876 2221 ἡμῖν
901 2152 958 2205 ἐν
988 2151 1132 2221 λόγῳ
1156 2149 1216 2203 τὸ
1246 2149 1550 2222 ἐλεύθερον,
1583 2150 1833 2222 βδελυρόν

249 2258 312 2294 τε
341 2241 438 2294 καὶ
466 2239 874 2312 ἀπηχθισμένον
923 2240 983 2294 τὸ
1017 2241 1383 2312 δουλοπρεπὲς
1422 2243 1614 2316 χρῆμά
1644 2261 1704 2297 τε
1737 2245 1834 2298 καὶ⁸

250 2334 530 2405 φρόνημα-

324 2426 534 2480 ΠΑΛΛ.
553 2425 810 2494 χἈριστα
835 2424 993 2495 ἔφης.

324 2517 492 2571 ΚΥΡ.
534 2516 600 2570 Τί
638 2517 716 2582 δὲ,
752 2518 872 2588 οὐχὶ
901 2518 1118 2573 κάκεῖνό
1146 2535 1349 2588 φαμεν,
1390 2519 1452 2571 οὐ
1490 2519 1716 2590 μετρίαν
1757 2519 1836 2584 ὥς

253 2608 318 2676 γέ
354 2626 444 2679 μοι
471 2609 618 2663 δοκεῖ
652 2612 765 2674 τοῖς
793 2610 993 2681 ἀρτίως
1028 2612 1161 2682 ἡμῖν
1192 2609 1505 2682 εἰρημένοις
1547 2612 1832 2667 συνωδίνον

251 2699 350 2770 τὴν
370 2700 587 2770 θνησιν;

321 2881 532 2935 ΗΑΑΑ.
575 2880 649 2933 Τὸ
677 2879 840 2932 ποῖτί
866 2879 990 2949 φῄς.

324 2971 490 3026 ΚΥΡ.
545 2970 826 3041 Ῥαψάκης
879 2971 908 3023 ὁ
961 2968 1295 3032 Βαόυλώνιος
1350 2967 1459 3021 τῶν
1534 2967 1830 3040 Ἀσσυρᾶον

254 3062 581 3133 στρατηγὸς,
605 3061 840 3134 ἀριθμοῦ
877 3063 1161 3134 κρείττονα
1190 3061 1500 3133 δορυφόρων
1540 3061 1672 3113 ποτε
1694 3059 1830 3129 πλη-

250 3122 349 3211 θὺν
376 3122 696 3227 ιπὲὶτιέῥετὲ,
730 3122 831 3226 ἧκέ
859 3122 928 3209 τε.
957 3122 1354 3226 πολιορκήσων,
1394 3122 1593 3224 μᾶλλον
1622 3153 1700 3217 δὲ,
1733 3122 1826 3207 καὶ
1855 3122 1896 3179 C

248 3246 370 3300 λίαν
404 3245 665 3316 ἀμογητὶ,
702 3247 880 3298 πᾶσαν
906 3247 969 3298 ὲκ
1001 3244 1216 3314 βάθρων
1244 3245 1489 3314 αἱρήσειν
1512 3240 1825 3312 ὑπειληφὼς

245 3339 347 3407 τὴν
369 3339 536 3407 ἁγίαν
564 3339 735 3392 πόλιν.
766 3333 899 3391 Εἶτα
926 3336 1257 3409 προεσάλευε
1275 3334 1384 3388 τῶν
1403 3335 1582 3389 ὃπλων
1609 3334 1706 3406 τὴν
1728 3335 1827 3388 οὐκ

243 3430 581 3500 ἀμελέτητον
604 3429 774 3500 αὐτῷ,
811 3429 1230 3499 κατειθισμένην
1254 3427 1310 3482 δὲ
1338 3428 1543 3499 σφόδρα.
1569 3428 1710 3482 κατά
1733 3428 1825 3480 τοῦ

241 3519 385 3573 Θεοῦ
416 3519 813 3588 γλωσσαλγίαν.
844 3519 1030 3590 Μυρία
1052 3518 1108 3571 δὲ
1137 3518 1236 3571 ὅσα
1265 3517 1602 3588 παλίμφημα
1629 3517 1823 3584 λέγων,

241 3613 664 3683 προσεπεφώνει
704 3612 764 3664 τὸ
790 3610 1099 3664 τελευταῖον
1141 3611 1254 3672 τοῖς
1293 3608 1391 3680 τὴν
1426 3608 1585 3678 ἁγίαν
1617 3606 1824 3661 οἰκοῦσι

239 3705 435 3758 πόλιν·
461 3723 479 3755 ι
503 3703 635 3757 Τάδε
651 3703 796 3772 λέγει
818 3705 846 3756 ὁ
867 3701 1119 3773 βασιλεὺς
1144 3700 1462 3772 Ἀσσυρίων·
1481 3700 1544 3753 Et
1572 3698 1822 3769 βούλεσθε

239 3794 629 3865 εὐλογηθῆναι,
673 3792 969 3865 πορεύεσθε
1001 3791 1138 3862 πρὸς
1175 3791 1264 3860 μὲ,
1299 3790 1393 3844 καὶ
1423 3789 1658 3860 φάγεσθε
1693 3788 1826 3841 ’ἐκα-

241 3903 371 3949 στος
406 3886 507 3956 τὴν
538 3885 780 3956 ἄμπελον
817 3883 1004 3947 αὐτοῦ,
1037 3882 1134 3935 καὶ
1163 3885 1260 3945 τὰς
1295 3881 1468 3943 συκᾶς
1501 3879 1686 3945 αὐτοῦ,
1731 3879 1825 3932 κα)⁸

239 3977 440 4031 πίεσθε
490 3975 634 4046 ὕδωρ
683 3975 777 4028 τοῦ
830 3974 1034 4028 λάκκου
1090 3972 1263 4043 ὑμῶν,
1301 3971 1406 4035 ἕως
1434 3969 1500 4024 ἂν
1524 3969 1681 4035 ἔλθω,
1731 3969 1825 4024 καὶ

237 4069 397 4124 λάϐω
444 4070 588 4140 ὑμᾶς
640 4069 722 4132 είς
772 4069 896 4136 γῆν,
951 4065 1026 4128 ὠς
1059 4065 1091 4135 ἡ
1134 4064 1206 4133 γῆ
1237 4063 1411 4132 ὑμῶν,
1452 4061 1525 4131 γῆ
1557 4062 1702 4115 σίτου
1730 4063 1825 4116 καὶ

239 4158 387 4214 οῑνου
419 4158 516 4212 καὶ
544 4157 724 4228 ἀρτων
749 4156 847 4210 καὶ
877 4153 1232 4226 ἀμπελώνων.
1258 4171 1277 4204 ι
1315 4152 1507 4224 Ἀθρει
1535 4151 1599 4224 δὴ
1625 4150 1718 4206 οὖν
1741 4153 1823 4205 ὅτι

241 4251 337 4304 καὶ
368 4249 535 4313 αὐτὸς
563 4247 958 4317 ἐπαγγέλλεται
983 4246 1083 4316 τὴν
1105 4245 1192 4298 ἐπ’
1213 4244 1442 4317 ἀμπέλῳ
1473 4263 1533 4298 τε
1566 4245 1660 4299 καὶ
1683 4247 1820 4316 συκῇ

242 4342 458 4412 τρυφήν
483 4358 540 4394 τε
569 4339 665 4393 καὶ
688 4338 876 4410 τέρψιν
904 4337 1212 4408 προσετίθει
1235 4337 1314 4404 δὲ,
1340 4338 1422 4391 ὅτι
1457 4355 1477 4390 α
1500 4337 1612 4391 Καὶ
1631 4335 1820 4389 πίεσθε

244 4433 390 4504 ὕδωρ
417 4430 515 4485 τοῦ
545 4431 751 4486 λάκκου
777 4429 952 4502 ὑμῶν.
988 4447 1006 4481 ι

311 4610 526 4666 ΠᾹΛΛ.
579 4609 740 4662 Ἀλλά
777 4609 832 4661 τί
878 4609 944 4662 ἂν
996 4608 1238 4679 βούλοιτο
1291 4607 1460 4659 ταῦτα
1517 4605 1732 4676 δηλοῦν,
1773 4607 1822 4659 εἰ

241 4702 378 4770 πρὸς
405 4700 643 4771 θεωρίαν
669 4700 856 4767 ἄγοιτο
878 4702 975 4770 τὴν
997 4699 1408 4769 πνευματικήν;

308 4793 475 4846 ΚΥΡ.
516 4791 677 4846 Κατά
705 4792 879 4845 διττὸν
903 4791 1056 4863 οἶμαι
1082 4793 1281 4862 τρόπον
1312 4792 1343 4862 ἡ
1366 4790 1463 4860 τῆς
1489 4790 1819 4858 φαυλότητος

237 4885 296 4937 ὲν
334 4887 468 4954 ἡμῖν
499 4886 928 4956 ἀποπεραίνεται
969 4884 1216 4955 δύναμις.
1253 4885 1324 4938 Ἢ
1363 4883 1471 4953 γὰρ
1503 4886 1622 4945 ταῖς
1649 4881 1818 4952 θύρα-

235 4975 328 5029 θεν
377 4977 612 5046 ἡδοναῖς,
646 4976 679 5048 ﬁ
722 4978 843 5040 ταῖς
895 4976 1157 5047 ὲμφύτοις
1189 4977 1284 5030 καὶ
1335 4976 1394 5028 ἐν
1435 4977 1585 5046 ἡμῖν,
1612 4974 1716 5027 ὑπό
1757 4991 1817 5026 τε

239 5067 388 5136 σφῶν
417 5067 622 5130 αὐτῶν,
659 5068 754 5121 καὶ
786 5068 890 5138 μὴν
920 5068 1014 5121 καὶ
1043 5066 1265 5137 ἑτέρων,
1300 5066 1570 5136 ἐντρυφᾷν
1592 5066 1818 5118 ἀναπει-

236 5159 476 5228 θόμενοι,
511 5158 647 5230 πρὸς
696 5161 804 5212 πᾶν
829 5157 1003 5212 ὁτιοῦν
1044 5157 1152 5210 τῶν
1181 5156 1594 5227 ἀπηχεστάτων,
1635 5155 1815 5208 διωλι-

241 5252 498 5322 σθηκότες
551 5252 732 5306 ἁλοῖεν
779 5251 865 5316 ἂν,
937 5253 984 5304 οἱ
1035 5251 1171 5322 πρὸς
1230 5250 1502 5320 ἁμαρτίαν
1575 5247 1808 5302 εὔκολοι.

249 5344 534 5409 Ἐκδείξειε
580 5344 627 5396 δ’
672 5343 738 5396 ἂν
784 5343 878 5396 καὶ
921 5342 1077 5395 τοῦτο
1111 5343 1241 5411 ἡμῖν
1279 5341 1356 5402 ὡς
1403 5339 1546 5393 ἔστιν
1587 5340 1807 5410 ἀληθὲς,

238 5436 326 5489 τοῦ
350 5437 603 5508 Σωτῆρος
625 5437 654 5488 ὁ
674 5435 941 5506 μαθητὴς,
963 5433 1139 5503 ὡδίπη
1161 5432 1354 5500 λέγων,
1375 5451 1391 5481 ι
1405 5433 1527 5485 ’Ότι
1550 5433 1657 5486 πᾶν
1677 5433 1736 5484 τὸ
1755 5434 1811 5484 ἐν

239 5525 311 5597 τῷ
337 5526 550 5598 κόσμῳ,
591 5527 627 5596 ἡ
665 5523 932 5594 ἐπιθυμία
954 5524 1052 5594 τῆς
1093 5523 1314 5592 σαρκὸς,
1351 5523 1506 5592 καὶὴ
1545 5521 1811 5591 ἐπιθυμία

1935 1873 2050 1928 suis
2080 1875 2379 1945 majoribus
2409 1875 2644 1946 ingenua
2671 1891 2735 1930 ac
2792 1877 2988 1944 libera,
3050 1881 3185 1934 rude
3225 1883 3510 1938 servitutis

1928 1963 2121 2034 jugum
2151 1964 2344 2020 subiit.
2374 1965 2541 2036 Igitur
2572 1965 2848 2021 mundana
2873 1967 3124 2036 felicitas,
3175 1971 3265 2025 cui
3309 1971 3506 2043 adjunv

1933 2061 2054 2107 ctus
2097 2063 2181 2109 est
2233 2053 2326 2108 ille
2355 2055 2424 2109 ad
2492 2055 2739 2127 turpiora
2770 2059 2974 2129 lapsus,
3039 2063 3346 2131 respuenda
3399 2075 3504 2127 est,

1933 2144 2172 2210 Palladi,
2204 2146 2249 2200 si
2283 2162 2446 2215 quam
2477 2150 2743 2204 rationem
2771 2152 3044 2207 libertatis
3108 2153 3391 2220 habemus,
3450 2166 3508 2212 ct

1932 2236 2209 2290 servitutis
2233 2245 2288 2289 et
2308 2251 2425 2290 rem
2452 2247 2508 2293 et
2532 2252 2752 2296 sensum
2778 2258 3128 2299 exsecramur
3155 2255 3319 2317 atque
3350 2263 3506 2302 aver-

1931 2341 2136 2382 ελιῐιιιτ..

1998 2420 2198 2477 PALL.
2233 2421 2451 2493 Optime
2494 2424 2702 2480 dixisti.

2001 2511 2158 2569 CYR.
2193 2513 2338 2581 Quid
2366 2532 2500 2572 vero
2547 2517 2806 2587 prohibet
2852 2519 3150 2589 quominus
3177 2517 3312 2573 illud
3363 2534 3502 2589 quo-

1929 2619 2036 2674 que
2061 2604 2328 2673 dicamus,
2389 2607 2558 2678 quod,
2595 2618 2656 2664 ut
2702 2610 2837 2665 mihi
2867 2611 3090 2681 quidem
3125 2611 3368 2678 videtur,
3391 2628 3502 2668 non

1929 2696 2262 2752 mediocrem
2310 2700 2473 2754 simul
2510 2715 2636 2756 cum
2666 2701 2734 2756 iis
2765 2717 2889 2773 quae
2926 2703 3090 2759 modo
3122 2703 3363 2758 diximus
3391 2705 3504 2758 uti-

1905 2779 2137 2840 'litatem
2159 2803 2260 2842 con
2270 2788 2448 2844 tinet?

1999 2878 2194 2932 PALL.
2221 2879 2491 2946 Quidnam
2522 2881 2657 2938 illud
2678 2884 2803 2937 est?

1996 2967 2153 3024 CYR.
2218 2969 2491 3040 Rapsaces
2529 2971 2898 3043 Babylonius,
2951 2972 3296 3045 Assyriorum
3370 2975 3502 3040 dux,

1930 3062 2343 3118 multitudinem
2400 3065 2638 3118 militum
2712 3065 3057 3120 innumeram
3115 3076 3502 3134 contraxerat,

1930 3162 2264 3224 veneratque
2312 3165 2747 3227 oppugnaturus,
2791 3157 2900 3210 imo
2923 3171 3074 3222 vero,
3132 3168 3195 3212 ut
3231 3159 3347 3228 ipse
3399 3177 3505 3230 pu-

1932 3246 2100 3311 tabat,
2140 3248 2292 3302 nullo
2315 3248 2536 3318 negotio
2567 3258 2810 3303 sanctam
2833 3249 3111 3304 civitatem
3157 3266 3226 3304 ex
3258 3251 3382 3306 imis
3419 3268 3507 3307 sc-

1930 3338 2093 3392 dibus
2130 3354 2423 3396 eversurus
2453 3341 2687 3396 :deinde
2717 3350 3011 3411 antequam
3047 3342 3153 3396 tela
3180 3343 3501 3413 conjiceret,

1928 3427 2160 3482 nimium
2206 3430 2560 3485 exercitatam
2614 3439 2669 3485 et
2731 3431 3052 3486 familiarem
3106 3433 3503 3502 blasphemiam

1928 3518 2190 3574 adversus
2224 3521 2398 3575 Deum
2434 3522 2691 3602 vibravit.
2732 3523 2921 3592 Itaque
2947 3538 3071 3578 cum
3104 3523 3277 3578 multa
3337 3525 3506 3580 male-

1929 3607 2072 3661 dicta
2115 3609 2458 3678 conjecisset,
2529 3609 2596 3664 ad
2655 3618 2964 3664 extremum
3021 3609 3130 3664 illis
3180 3608 3368 3663 verbis
3418 3615 3504 3663 est

1927 3697 2199 3750 allocutus
2240 3711 2338 3751 eos
2361 3696 2457 3766 qui
2504 3697 2561 3750 in
2625 3705 2810 3750 sancta
2865 3697 3086 3750 civitate
3141 3696 3498 3752 habitabant:

1936 3803 1954 3835 ‹
1989 3783 2114 3839 Haec
2148 3784 2280 3837 dicit
2337 3801 2433 3839 rex
2465 3783 2813 3855 Assyriorum
2843 3803 2854 3836 :
2914 3783 2970 3838 Si
3026 3783 3193 3838 vultis
3226 3784 3498 3848 benedici,

1925 3876 2248 3946 egredimini
2288 3876 2356 3929 ad
2394 3891 2502 3941 me,
2535 3885 2590 3930 et
2615 3876 2884 3930 comedite
2913 3875 3288 3944 unusquisque
3332 3876 3501 3930 vitem

1925 3976 2177 4034 suam,et
2217 3968 2353 4022 ficus
2399 3984 2544 4033 suas,
2577 3975 2634 4021 ct
2680 3967 2852 4021 bibite
2907 3981 3101 4036 aquam
3142 3966 3210 4020 de
3263 3967 3500 4022 cisterna

1923 4068 2125 4124 vestra,
2155 4057 2259 4128 19
2289 4073 2576 4128 quousque
2608 4058 2842 4121 veniam,
2865 4065 2921 4110 et
2948 4055 3272 4110 transferam
3304 4072 3402 4109 vos
3429 4056 3500 4110 in

1927 4161 2126 4207 terram
2146 4166 2266 4221 qua:
2283 4157 2385 4214 est,
2417 4150 2562 4203 sicut
2585 4157 2731 4203 terra
2753 4155 2957 4212 vestra,
2985 4153 3131 4200 terra
3167 4144 3428 4198 frumenti
3445 4153 3501 4199 et

1922 4243 2058 4307 vini,
2098 4250 2154 4296 et
2212 4257 2414 4311 panum
2480 4248 2536 4296 et
2564 4240 2849 4295 vinearum
2885 4241 2950 4290 δ’.
3009 4257 3028 4289 ›
3073 4236 3210 4292 Vide
3240 4236 3405 4305 igitur
3443 4244 3500 4290 et

1923 4334 2071 4388 hunc
2116 4333 2364 4404 polliceri
2405 4333 2508 4388 sub
2570 4332 2678 4386 vite
2722 4339 2779 4383 et
2830 4329 2934 4381 ficu
2965 4329 3301 4397 voluptatem
3333 4334 3499 4395 atque

1925 4425 2365 4480 oblectationem.
2404 4424 2542 4478 Illud
2589 4437 2753 4492 porro
2791 4419 3009 4490 adjecit,
3044 4437 3061 4470 ι
3101 4418 3276 4474 Bibite
3299 4434 3495 4488 aquam

1923 4516 1991 4571 de
2018 4516 2140 4570 lacu
2160 4523 2367 4570 vestro.
2407 4534 2425 4566 ι

1990 4605 2184 4661 PALL.
2250 4605 2358 4662 Sed
2412 4605 2673 4675 quidnam
2729 4604 2845 4658 haec
2900 4603 3006 4658 sibi
3066 4603 3278 4668 volunt,
3321 4603 3366 4658 si
3425 4603 3494 4657 ad

1920 4697 2260 4768 spiritualem
2303 4696 2815 4766 contemplationem
2848 4693 3281 4749 transferantur?

1987 4790 2142 4846 ΟΥΕ.
2173 4790 2419 4854 Duobus,
2456 4798 2516 4843 ut
2548 4788 2810 4853 arbitror,
2829 4787 3006 4843 modis
3034 4787 3294 4857 nequitiae
3322 4787 3405 4843 vis
3437 4787 3494 4851 in

1915 4883 2076 4938 nobis
2116 4882 2420 4953 perficitur.
2471 4881 2580 4934 Aut
2605 4880 2751 4934 enim
2789 4880 3034 4934 externis
3096 4879 3490 4950 voluptatibus,

1914 4985 2010 5030 aut
2031 4975 2212 5029 insitis
2245 4983 2409 5043 atque
2440 4973 2496 5027 in
2535 4973 2697 5029 nobis
2746 4973 3102 5037 haerentibus,
3133 4973 3385 5028 homines
3421 4974 3490 5028 ad

1913 5064 2252 5132 peccandum
2288 5063 2473 5117 faciles
2497 5063 2582 5117 vel
2644 5077 2742 5117 sua
2777 5073 2991 5132 sponte,
3023 5062 3111 5116 vel
3147 5062 3215 5115 ab
3256 5061 3377 5114 aliis
3422 5061 3490 5114 ad

1913 5154 2306 5209 oblectationes
2333 5153 2718 5224 percipiendas
2762 5152 3031 5222 persuasi,
3101 5149 3167 5202 ad
3203 5148 3490 5206 absurdis-

1918 5246 2056 5301 sima
2102 5262 2330 5316 quazque
2383 5246 2521 5316 lapsi
2572 5261 2693 5300 esse
2733 5239 3220 5313 deprehenduntur
3265 5257 3279 5293 :
3326 5239 3494 5309 idque

1918 5354 2108 5393 verum
2142 5354 2263 5394 esse
2298 5339 2390 5394 ille
2431 5337 2732 5394 Salvatoris
2770 5335 2944 5389 nostri
2969 5333 3272 5401 discipulus
3298 5340 3492 5387 osten-

1918 5428 2000 5483 dit
2054 5429 2140 5483 his
2169 5428 2351 5483 verbis
2385 5446 2398 5481 :
2447 5446 2464 5478 ι
2502 5426 2677 5481 Omne
2715 5422 2860 5493 quod
2915 5429 3000 5476 est
3029 5420 3083 5474 in
3114 5419 3356 5485 mundo,
3397 5429 3492 5476 aut

1918 5520 2362 5590 concupiscentia
2391 5519 2574 5573 carnis
2597 5524 2700 5581 est,
2733 5525 2828 5570 aut
2859 5511 3307 5584 concupiscentia
3361 5526 3492 5567 ocu-

297 5709 340 5742 ⁴³
377 5707 518 5764 Gen.
556 5720 682 5766 XLV,
730 5702 914 5757 l7-20.
989 5704 1033 5734 ³ο
1072 5703 1137 5757 IV
1173 5703 1469 5772 Reg.xvni,
1501 5701 1588 5766 5i,
1625 5701 1729 5768 5:2;
1776 5700 1878 5754 lsa.
1922 5716 2098 5764 xxxvr,
2140 5700 2224 5764 iG,
2272 5701 2357 5752 17.

3403 5803 3466 5813 1....
