4082 6304
607 328 709 387 165

1502 360 1523 367 -
1624 326 1685 381 Β.
1726 325 2005 383 CYRILLI
2047 327 2519 383 ALEXANDRINI
2557 328 2872 384 AﬂCﬂlEP.

3774 334 3871 396 164

603 443 804 504 lorum,
840 449 935 495 aut
956 437 1215 509 superbia
1249 437 1376 492 vitae
1401 429 1466 491 ⁸⁸.
1494 457 1512 488 ι
1549 433 1715 494 lnsita
1750 457 1986 512 namque
2010 450 2093 496 cst
2125 456 2165 496 ω

2281 441 2391 493 τῶν
2418 440 2732 513 ὀφθαλμῶν,
2761 442 2856 497 καὶ
2892 442 3242 514 ήάλαζονεία
3274 436 3367 497 τοῦ
3405 443 3544 515 βίου.
3585 461 3607 496 δ
3650 447 3870 520 Ἐμφυ-

604 532 660 585 in
694 529 857 585 nobis
880 530 1015 601 ipsis
1039 527 1203 583 inﬁxa
1235 537 1292 583 et
1312 528 1528 584 haerens
1558 532 2003 601 concupiscentia
2057 548 2181 588 car-

601 621 715 685 nis,
749 635 981 690 eamque
1007 612 1217 691 peccati
1246 621 1423 691 legem
1463 621 1659 677 beatus
1707 639 1930 694 quoque
1979 624 2182 680 Paulus

600 712 837 782 appellat
867 713 937 778 ³⁸,
958 712 1299 768 habitantem
1334 714 1391 768 in
1417 715 1681 771 membris
1705 717 1906 772 carnis.
1928 716 2184 774 Externae

599 811 782 858 autem
809 803 1120 874 voluptates
1153 809 1320 873 atque
1347 803 1663 861 adventitiae
1690 806 2084 863 oblectationes
2103 820 2184 864 eae

600 901 728 946 sunt
775 908 898 962 qua:
940 894 1228 947 oculorum
1276 907 1442 948 sensu
1498 894 1896 966 percipiuntur.
1953 899 2184 954 Divitias

598 983 744 1039 enim
784 1000 885 1053 per
923 985 1115 1038 oculos
1149 984 1494 1040 admirantur
1537 985 1807 1054 homines,
1843 1004 2054 1045 necnon
2084 1006 2180 1045 ve-

600 1072 768 1126 stium
830 1074 1182 1143 splendorem
1241 1077 1564 1148 reliquaque
1620 1079 1676 1134 id
1738 1092 1910 1152 genus
1976 1082 2182 1152 quibus

600 1164 809 1219 addicti
839 1172 968 1219 sunt
987 1166 1258 1233 nonnulli,
1292 1177 1554 1240 tanquam
1582 1171 1939 1229 suavissimus
1960 1173 2179 1230 illorum

598 1256 672 1312 sit
698 1272 852 1322 usus,
883 1258 1244 1314 vehementer
1295 1245 1553 1331 probant.
1585 1263 1730 1334 Ergo
1767 1262 1896 1317 vitis
1931 1264 2178 1333 quidem,

597 1356 652 1400 et
676 1346 812 1401 ﬁcus
843 1355 1085 1403 externae
1107 1349 1257 1406 illius
1280 1361 1336 1406 et
1355 1352 1669 1410 adventitia:
1691 1353 2079 1409 delectationis
2112 1370 2178 1411 ac

597 1438 891 1507 voluptatis
924 1437 1151 1510 ﬁguram
1180 1455 1291 1494 non
1324 1442 1566 1498 absurde
1595 1452 1808 1509 tenent,
1864 1458 1989 1498 cum
2013 1444 2176 1499 simul

594 1542 779 1583 rerum
827 1542 949 1597 quae
1004 1529 1063 1582 in
1117 1529 1326 1584 mundo
1394 1539 1542 1597 sunt,
1601 1532 1826 1588 brevem
1866 1532 2177 1604 ﬂuxamque

591 1624 864 1681 naturam,
894 1631 1112 1687 unaque
1149 1617 1500 1675 dulcedinem
1541 1623 1915 1695 conjunctam,
1949 1639 2076 1678 cum
2110 1638 2177 1679 ea

593 1708 649 1761 vi
701 1722 823 1777 quae
878 1714 1043 1777 caput
1079 1716 1272 1774 tentet,
1315 1718 1372 1765 et
1424 1712 1684 1768 tenebras
1735 1713 2003 1779 oﬁ‘undat,
2062 1729 2172 1769 non

2280 548 2375 595 τος
2400 532 2508 603 γὰρ
2537 534 2630 587 καὶ
2657 534 2715 586 tv
2740 536 2871 605 ἡμῖν
2898 534 3082 598 αὐτοῖς
3111 535 3454 607 ἐρριζωμένη
3494 538 3596 592 καὶ
3628 540 3873 609 μένουσα

2281 623 2379 692 τῆς
2411 625 2613 696 σαρκὸς
2657 627 2690 694 ἡ
2720 625 3004 696 ἐπιθυμία,
3037 626 3201 698 νόμον
3239 626 3296 681 δὲ
3343 628 3514 701 αὐτὴν
3561 630 3870 703 ἁμαρτίας,

2281 714 2374 767 καὶ
2397 715 2425 767 ὁ
2455 713 2599 779 θεῖος
2646 715 2779 787 ἡμῖν
2821 714 3072 787 ὠνόμαζε
3123 716 3354 782 Παῦλος,
3403 720 3726 774 ἐνοικοῦντα
3762 725 3873 789 τοῖς

2285 806 2470 876 μέλεσι
2509 808 2608 878 τῆς
2635 807 2858 879 σαρκός.
2889 809 3123 880 Τέρψεις
3171 808 3229 862 δὲ
3270 810 3366 863 καὶ
3408 811 3599 883 ἡδοναὶ
3633 812 3875 885 θύραθεν

2280 913 2340 950 τε
2368 899 2463 952 καὶ
2498 900 2973 969 εἰσπεποιημέναι,
3003 900 3071 954 τὰ
3101 901 3474 974 δι’ὖμμάτων.
3509 904 3873 978 Θαυμάζεται

2279 988 2389 1060 γὰρ
2429 988 2499 1044 τὰ
2529 991 2595 1043 ἐκ
2635 989 2867 1043 πλούτου
2895 989 2961 1043 δι’
2992 988 3311 1063 ὀφθαλμῶν,
3359 993 3458 1047 καὶ
3507 996 3624 1067 μὴν
3650 997 3749 1050 καὶ
3781 999 3872 1053 εὐ-

2282 1076 2514 1147 ιματίαι,
2546 1077 2644 1130 καὶ
2672 1078 2741 1133 τὰ
2770 1074 2852 1142 οἷς
2881 1078 2947 1133 ἂν
2975 1081 3325 1151 προσκέοιντό
3350 1101 3520 1149 τινες,
3544 1086 3629 1149 ὡς
3648 1088 3874 1161 ἡδίστην

2277 1166 2454 1238 ἔχοιεν
2507 1168 2607 1239 τὴν
2655 1168 2973 1234 ἀπόλαυσιν,
3028 1170 3211 1241 ψῆφον
3266 1174 3450 1238 αὐτοῖς
3504 1175 3616 1229 οὐκ
3666 1178 3871 1249 ἀγεννῆ

2275 1255 2625 1328 δωρούμενοι.
2674 1259 2905 1324 Οὐκοῦν,
2948 1261 3191 1332 ἄμπελος
3242 1263 3344 1335 μὲν
3399 1265 3497 1319 καὶ
3556 1266 3730 1338 συκῆ,
3772 1269 3874 1340 τῆς

2277 1346 2475 1412 ἔξωθέν
2509 1365 2564 1401 τε
2590 1349 2682 1402 καὶ
2701 1351 2986 1423 είσπεποιη
2995 1352 3164 1422 μένης
3183 1354 3427 1426 τέρψεώς
3447 1372 3511 1410 τε
3535 1358 3634 1411 καὶ
3654 1359 3873 1430 τρυφῆς

2278 1432 2389 1492 εἶεν
2413 1439 2480 1492 ἂν
2507 1441 2588 1503 είς
2615 1439 2786 1495 τύπον
2811 1443 2948 1514 ὁμοῦ
2983 1444 3094 1498 τῶν
3122 1446 3180 1499 ἐν
3207 1445 3398 1518 κόσμῳ
3427 1450 3786 1520 πραγμάτων
3812 1452 3873 1504 τὸ

2275 1530 2610 1601 πρόσκαιρον
2660 1548 2720 1585 τε
2771 1534 2866 1587 καὶ
2917 1534 3259 1607 εὐμάραντον
3316 1539 3556 1602 ἀστείως
3615 1540 3871 1596 καταδει·

2273 1617 2556 1685 κνύουσαι,
2594 1621 2690 1674 καὶ
2716 1621 2816 1676 σὺν
2847 1622 2985 1693 τῷδε
3039 1624 3100 1678 τὸ
3137 1625 3309 1695 γλυκὺ
3340 1627 3482 1699 μετὰ
3513 1628 3613 1682 τοῦ
3642 1631 3874 1685 σκοτοῦν

2271 1711 2543 1777 είθωθότος.
2579 1713 2771 1786 Τρυφὴ
2803 1715 2903 1787 μὲν
2934 1717 3044 1790 γὰρ
3071 1719 3260 1773 ἅπασα
3291 1721 3561 1794 κοσμικὴ,
3607 1722 3870 1793 γλυκεῖαν

592 1798 929 1868 ineleganter
967 1801 1259 1855 ostendant
1310 1820 1322 1855 :
1377 1804 1581 1858 etenim
1612 1806 1886 1860 mundana
1922 1806 2165 1876 voluptas

2275 1803 2373 1873 μὲν
2404 1802 2516 1874 ἔχει
2558 1804 2658 1876 τὴν
2691 1808 3003 1877 παραυτίκα
3038 1809 3275 1882 μέθεξιν,
3322 1816 3511 1866 σκοτεῖ
3550 1814 3610 1868 δὲ
3648 1814 3715 1885 δὴ
3750 1814 3871 1870 λίαν

591 1889 771 1943 omnis
800 1889 1016 1945 dulcem
1056 1892 1223 1947 habet
1245 1893 1311 1961 ad
1345 1910 1587 1964 praesens
1615 1897 1699 1951 sui
1720 1897 2168 1967 perceptionem;

591 1980 689 2035 sed
741 1979 1016 2036 fruentem
1044 1982 1306 2049 obcaecat,
1362 1994 1419 2039 et
1475 1987 1719 2056 graviter
1775 1989 2018 2043 inebriat
2100 1989 2169 2043 At

590 2081 722 2126 vero
752 2071 904 2126 lacus
925 2071 1097 2143 ﬁgura
1125 2084 1210 2129 est
1242 2075 1534 2131 insitorum
1568 2077 1625 2131 in
1677 2078 1835 2133 nobis
1880 2087 2125 2134 motuum
2152 2098 2165 2147 ;

589 2176 769 2232 neque
826 2163 973 2217 enim
999 2166 1288 2222 adventitii
1325 2176 1457 2222 sunt
1507 2168 1564 2221 hi
1602 2168 1855 2223 similiter
1876 2179 2043 2240 atque
2067 2171 2167 2236 illi,

590 2251 686 2306 sed
736 2253 791 2308 in
825 2253 987 2310 nobis
1028 2257 1178 2312 velut
1218 2273 1249 2312 e
1282 2257 1434 2313 fonte
1485 2268 1729 2327 manant,
1784 2277 1909 2331 cum
1936 2277 2003 2317 ex
2055 2261 2170 2331 ipsa

588 2350 778 2398 nostra
852 2358 1019 2399 carne
1068 2347 1388 2402 scaturiant.
1447 2348 1651 2403 Harum
1707 2350 1872 2421 igitur
1924 2353 2169 2407 omnium

590 2442 700 2487 tam
746 2436 1079 2490 naturalium
1127 2453 1290 2507 quam
1339 2438 1767 2495 adventitiarum
1825 2441 2169 2512 voluptatum

587 2522 816 2578 liberam
882 2526 1045 2581 nobis
1091 2529 1500 2601 perceptionem
1527 2571 1543 2595 ,
1595 2530 2170 2603 aﬂuentissimmnque

586 2614 1010 2672 oblectationem
1056 2619 1177 2676 fore
1222 2622 1480 2693 inquiunt
1538 2623 1642 2678 illa:
1686 2624 2037 2694 nequissimae
2067 2638 2170 2695 po-

586 2713 836 2771 testates,
864 2709 909 2761 si
932 2709 1275 2766 cuntinentia
1305 2712 1584 2776 videlicet,
1624 2713 1776 2768 velut
1800 2721 1985 2767 sancta
2007 2722 2170 2784 atque

588 2790 899 2849 ﬁrmissima
943 2796 1166 2854 civitate
1224 2800 1450 2866 relicta,
1506 2800 1579 2856 ad
1623 2816 1808 2873 regem
1857 2802 2166 2874 Babylonis,

584 2882 683 2951 qui
725 2881 901 2954 ﬁgura
946 2894 1031 2941 est
1085 2886 1335 2956 Satanae,
1375 2905 1478 2945 nos
1517 2891 1934 2947 contulerimus.
1979 2893 2170 2964 Itaque

586 2966 863 3041 RapsaCes
887 2975 1113 3045 quidem
1166 2978 1452 3051 indulgere
1492 2980 1602 3036 illis
1630 2990 1958 3052 praesentem
2010 2985 2168 3040 volu-

2270 1895 2366 1950 καὶ
2433 1896 2767 1967 ἐκμεθύσκει
2833 1898 3023 1964 δεινῶς
3067 1900 3161 1954 τδν
3210 1901 3626 1973 εἰσδεδεγμένον
3674 1904 3868 1974 αὐτήν.

2270 1982 2448 2037 Elatth
2474 1983 2530 2038 δέ
2554 1986 2583 2038 ὁ
2611 1984 2810 2051 λάκκος
2830 1986 2939 2040 τῶν
2961 1987 3219 2059 ἐμφύτων
3238 2007 3298 2043 τε
3331 1989 3426 2044 καὶ
3447 1992 3514 2043 ἐν
3542 1993 3681 2062 ἡμῖν
3710 2008 3867 2064 κινη-

2274 2075 2477 2145 μάτων.
2511 2077 2586 2128 Uti
2616 2076 2724 2149 γὰρ
2751 2077 3132 2151 εἰσπεποίηται
3169 2081 3329 2135 ταυτὶ
3357 2080 3626 2155 καθάπερ
3658 2083 3866 2148 ἐκεῖνα,

2273 2167 2508 2238 πηγάζει
2532 2168 2589 2222 δέ
2618 2170 2806 2242 ὥσπερ
2828 2173 2885 2225 ἐν
2909 2173 3066 2242 ἡμῖν,
3090 2172 3342 2244 ἐξαυτῆς
3365 2173 3728 2246 ἀναΰρύοντα
3768 2176 3870 2246 τῆς

2274 2261 2494 2330 σαρκός.
2538 2261 2755 2316 Τούτων
2797 2258 2888 2317 οὖν
2920 2264 3177 2319 ἁπάντων
3222 2264 3467 2335 φυσικῶν
3529 2283 3595 2319 τε
3633 2267 3733 2321 καὶ
3771 2268 3869 2320 ἐπ-

2272 2349 2475 2415 ακτῶν,
2508 2351 2797 2423 ἐλευθέραν
2820 2354 2951 2424 ἡμῖν
2969 2353 3070 2424 τὴν
3094 2353 3328 2424 μέθεξιν,
3355 2354 3450 2407 καὶ
3481 2354 3755 2409 πλατεῖαν
3777 2372 3867 2410 κο-

2275 2441 2402 2513 μιδῇ
2432 2442 2533 2512 τὴν
2572 2442 2893 2510 ἀπόλαυσιν,
2945 2443 3163 2498 ἔσεσθαί
3207 2456 3372 2514 φασιν
3400 2447 3457 2499 αὶ
3499 2448 3742 2517 πονηραὶ
3776 2446 3865 2500 δυ-

2269 2530 2482 2602 νάμεις,
2517 2533 2568 2586 εί
2599 2533 2847 2607 καθάπερ
2870 2535 3032 2603 ἁγίαν
3056 2536 3150 2589 καὶ
3175 2536 3580 2594 ἀκατάσειστον
3619 2540 3822 2594 καταλε
3839 2569 3855 2578 -

2270 2617 2518 2684 λοιπότες
2563 2621 2739 2686 πόλιν,
2784 2624 2884 2696 τὴν
2939 2624 3287 2696 ἐγκράτειαν,
3351 2631 3863 2703 προσ-χωρήσωμεν

2269 2709 2349 2780 τῷ
2392 2709 2604 2780 βασιλεῖ
2648 2711 2989 2780 Βαϐυλῶνος,
3023 2715 3082 2779 ὃς
3121 2709 3189 2788 ἦν
3214 2718 3273 2771 ἐν
3293 2716 3450 2790 τύπῳ
3492 2719 3591 2774 τοῦ
3624 2722 3858 2778 Σατανᾶ.

2234 2850 2247 2859 ,
2283 2800 2422 2856 Ἀλλ’
2449 2804 2479 2856 ὁ
2502 2803 2604 2874 μὲν
2641 2804 2943 2878 Ῥαψάκης,
2970 2806 3033 2861 τὸ
3062 2809 3374 2880 παραυτίκα
3408 2813 3678 2884 τερπνὸν,
3719 2815 3862 2869 ἀνεῖ-

2271 2893 2358 2947 ναί
2386 2909 2448 2948 τε
2499 2894 2681 2960 αὐτοῖς
2718 2897 2812 2951 καὶ
2858 2897 3144 2953 ἐπιδώσειν
3189 2901 3575 2972 ἐπηγγέλλετο
3621 2921 3858 2978 προσκε-

2270 2985 2550 3058 χωρηκόσι
2600 2989 2718 3052 τοῖς
2765 2988 3148 3056 Βασυλωνίοις.
3207 2993 3269 3047 Oi
3313 2994 3370 3048 δέ
3414 2996 3532 3051 οὐκ
3584 2998 3862 3054 ἐπείθοντο

585 3069 812 3129 ptatem,
839 3064 1001 3135 eique
1023 3081 1085 3122 se
1103 3068 1446 3140 adjecturum
1476 3071 1586 3141 2ο
1602 3058 1989 3142 pollicebatur,
2020 3075 2067 3130 si
2093 3075 2165 3131 ad

2271 3076 2593 3148 φρονοῦντες
2645 3079 2842 3152 ὀρθῶς,
2905 3081 3096 3153 ἕψεται
3143 3083 3253 3157 γὰρ
3296 3086 3532 3154 πάντως
3568 3089 3649 3162 τῷ
3686 3090 3862 3144 θέλειν

587 3152 913 3226 Babylonios
930 3157 1262 3216 defecissent
1284 3161 1380 3215 -:'at
1396 3161 1475 3215 illi
1500 3176 1624 3217 cum
1641 3174 1917 3235 saperent,
1940 3166 2165 3223 minime

2270 3142 2483 3223 ἑλέσθαι
2508 3142 2579 3224 τὰ
2596 3142 2854 3243 κοσμικα,
2883 3142 3170 3247 τδ1χρῆναι
3195 3142 3384 3233 πεσεῖν
3411 3142 3853 3255 εῑςυάνέθέλητον

583 3238 640 3294 id
666 3240 770 3298 sibi
808 3246 1130 3314 persuaderi
1153 3248 1299 3317 passi
1332 3258 1480 3304 sunt.
1522 3249 1625 3317 Qui
1664 3251 1814 3306 enim
1861 3253 2166 3312 mundanas

2271 3259 2535 3327 δουλείαν,
2568 3262 2665 3316 καὶ
2690 3265 2747 3317 ἐν
2772 3263 3118 3335 δορυκτήτων
3147 3268 3399 3336 γενέσθαι
3421 3272 3598 3340 τάξει.

583 3335 892 3405 voluptates
922 3339 1112 3395 volens
1155 3349 1418 3408 sectatur,
1483 3356 1609 3397 eum
1648 3344 1735 3399 vel
1773 3346 2050 3404 nolentem
2098 3360 2318 3420 oportet
2353 3353 2412 3409 in
2452 3355 2771 3411 servitutem
2810 3356 3074 3425 incidere,
3115 3335 3171 3416 et
3232 3362 3289 3417 in
3329 3335 3682 3435 captivorum
3744 3384 3848 3425 nu—

583 3440 739 3483 mero
770 3430 1005 3484 censeri.

654 3520 852 3577 PALL.
885 3521 1027 3578 Vera
1050 3522 1206 3578 dicis.
1245 3523 1353 3580 Sed
1382 3525 1488 3582 hoc
1517 3527 1655 3582 mihi
1684 3528 1893 3586 dictum
1950 3534 2118 3588 velim
2140 3575 2154 3599 ,

583 3612 858 3684 quomodo
886 3613 953 3668 de
977 3613 1144 3669 tantis
1167 3614 1328 3671 malis
1353 3616 1494 3688 eripi
1511 3619 1804 3689 possimus.

654 3701 814 3757 CYR.
848 3700 1095 3768 Quonam
1126 3703 1235 3758 alio
1264 3704 1449 3771 modo,
1478 3707 1586 3761 nisi
1607 3708 1685 3763 illi
1718 3709 1889 3779 priori
1945 3720 2162 3768 contra-

585 3792 704 3846 rio?
726 3792 860 3847 Nam
893 3808 1019 3847 cum
1049 3801 1366 3849 nostrarum
1390 3796 1734 3853 voluntatum
1768 3802 2061 3856 momentis
2086 3802 2160 3858 ad

583 3881 752 3935 vitam
791 3881 1028 3951 turpiter
1078 3882 1345 3953 agendam
1384 3886 1879 3954 propenderemus,
1919 3898 1975 3943 et
2016 3890 2162 3955 illam

584 3970 839 4040 perfectae
874 3971 999 4027 vitae
1023 3971 1350 4043 elegantiam
1400 3974 1810 4046 abjecissemus,
1846 3979 1913 4034 ad
1948 3981 2163 4051 ignobi-

583 4060 692 4114 lem
722 4074 786 4114 ac
811 4060 1065 4115 servilem
1091 4060 1336 4115 animum
1362 4063 1602 4133 prolapsi
1629 4079 1840 4132 sumus,
1882 4082 2007 4122 cum
2048 4070 2160 4124 sola

582 4165 647 4205 ea
680 4164 803 4219 quze
830 4164 995 4220 super
1026 4159 1230 4206 terram
1267 4160 1397 4207 sunt
1438 4168 1792 4223 saperemus,
1834 4166 1997 4228 atque
2039 4176 2159 4215 om-

581 4240 747 4296 nibus
796 4241 977 4296 modis
1030 4243 1211 4298 carnis
1266 4244 1647 4315 voluptatibus
1690 4247 2151 4306 incumberemus.

583 4331 769 4401 Itaque
798 4332 1049 4402 permisit
1088 4334 1234 4389 Deus
1276 4343 1337 4390 ut
1367 4336 1423 4390 in
1459 4337 1757 4406 reprobum
1806 4354 2026 4397 sensum
2054 4343 2153 4398 de-

582 4421 912 4477 laberemur.

2337 3532 2544 3589 ΠΑΛΛ.
2597 3533 2857 3605 Ἀτρεκὴς
2887 3536 2915 3588 6
2933 3535 3109 3604 λόγος.
3136 3536 3232 3604 Τίς
3250 3538 3295 3593 δ’
3320 3540 3387 3596 ἂν
3403 3545 3619 3611 γένοιτο
3641 3547 3846 3603 τούτων

2263 3625 2500 3697 ήκλύσις,
2528 3626 2605 3690 ὡς
2634 3626 2827 3697 ἥδιστα
2857 3627 2925 3682 ἂν
2949 3630 3195 3703 ἐρομένῳ
3226 3633 3453 3704 φράσον.

2335 3717 2500 3774 ΚΥΡ.
2540 3715 2637 3781 Τίς
2663 3717 2711 3770 δ’
2734 3717 2802 3772 ἂν
2830 3718 2992 3790 ἑτέρα
3022 3720 3174 3793 παρὰ
3197 3722 3297 3795 τὴν
3326 3724 3591 3794 ἐναντίως
3618 3729 3843 3801 ἔχουσαν

2265 3806 2330 3877 τῇ
2367 3806 2557 3880 πρώτῃ
2597 3807 2692 3861 καὶ
2732 3807 2791 3861 ἐν
2817 3809 3043 3879 ἀρχαῖς;
3089 3809 3310 3876 Ῥοπαῖς
3353 3813 3466 3887 γὰρ
3518 3817 3665 3872 ίδίων
3709 3820 3842 3874 ἀπο-

2265 3896 2511 3961 νεύοντες
2540 3896 2884 3968 θελημάτων,
2925 3899 3019 3953 ἐπὶ
3047 3900 3107 3954 τὸ
3155 3899 3305 3971 βιοῦν
3341 3903 3550 3962 ἐθέλειν
3578 3909 3839 3980 αίσχρῶς,

2265 3990 2488 4060 καὶτῆς
2529 3989 2832 4061 ἀμωμήτου
2874 3992 3148 4057 πολιτείας
3191 3995 3291 4068 τὴν
3336 3997 3661 4073 ἀστειότητα
3703 4020 3842 4074 παρ-

2262 4078 2588 4150 ωθούμενοι,
2624 4080 2764 4164 πρξς
2786 4081 2987 4153 ἀγεννῆ
3011 4084 3107 4138 καὶ
3135 4085 3517 4164 ἀνδραποδώδη
3547 4093 3837 4149 πεπτώκα-

2264 4182 2363 4237 μεν
2395 4148 2539 4234 νοῦν,
2574 4148 3060 4240 μόνα’φρονοῦντες
3081 4175 3152 4229 τὰ
3182 4148 3275 4230 ἐπὶ
3299 4178 3398 4249 τῆς
3419 4148 3546 4251 γῆς,
3580 4184 3676 4237 καὶ
3714 4186 3836 4248 ταῖς

2261 4261 2359 4330 τῆς
2414 4259 2613 4332 σαρκὸς
2663 4260 2876 4331 ἡδοναῖς
2924 4263 3236 4335 ὁλοτρόπως
3258 4268 3588 4340 ἐγκείμενοι.
3618 4270 3831 4347 Ταύτῃ-

2259 4363 2344 4402 τοι
2368 4348 2555 4405 λοιπὸν
2584 4352 2678 4423 καὶ
2701 4353 3035 4410 κατολισθείν
3065 4358 3215 4428 ἡμᾶς
3240 4361 3390 4432 ἠφίει
3423 4362 3577 4426 Θεὸς,
3613 4365 3694 4427 είς
3713 4364 3833 4419 ἀδό-

2260 4456 2420 4510 κιμον
2446 4456 2590 4495 νουν.

651 4510 847 4565 PALL.
881 4510 1169 4568 Contrario
1202 4513 1369 4586 igitur
1395 4530 1559 4573 cursu
1587 4518 1749 4574 nobis
1776 4529 1863 4575 est
1879 4520 1949 4576 ad
1976 4510 2151 4578 virtu-

2328 4527 2539 4587 ΠΑΛΛ.
2579 4533 2970 4607 Παλινδρομεῒν
2999 4530 3093 4591 οὖν
3118 4538 3225 4608 ἄρα
3265 4538 3401 4609 πρὸς
3420 4539 3623 4612 ἀρετὴν
3657 4541 3826 4611 ἀναγ-

578 4608 692 4657 tem
726 4602 1133 4659 remeantium?

647 4691 805 4749 CYR.
842 4695 912 4750 Et
936 4695 1162 4766 quidem
1191 4697 1341 4753 nulla
1368 4697 1692 4769 interposita
1723 4716 1898 4767 mora,
1922 4703 2149 4769 Palladi,

578 4781 654 4836 ita
698 4792 761 4837 ut
790 4783 953 4839 nobis
992 4785 1325 4841 mundanam
1373 4786 1518 4843 hanc
1551 4789 1718 4844 vitam
1754 4806 1866 4846 non
1897 4804 2019 4849 esse
2052 4809 2149 4848 cx-

571 4871 872 4941 petendam
904 4872 1188 4939 ducamus,
1205 4876 1361 4945 juxta
1391 4876 1526 4933 illud
1546 4917 1562 4943 ,
1601 4879 1752 4949 quod
1789 4889 1875 4936 est
1913 4898 1948 4937 a
1980 4883 2149 4940 Paulo

574 4962 838 5032 praeclare
860 4961 1101 5019 dictum:
1138 4983 1157 5016 ι
1184 4965 1383 5021 Mortui
1400 4968 1548 5024 enim
1575 4972 1807 5037 estis,et
1832 4973 1944 5030 vita
1966 4986 2148 5033 vestra

572 5052 897 5108 abscondita
925 5060 1013 5109 est
1046 5068 1173 5107 cum
1192 5054 1414 5111 Christo
1442 5057 1499 5112 in
1528 5058 1643 5115 Deo
1673 5063 1739 5115 “.
1776 5081 1795 5115 ι
1826 5062 1934 5119 Sed
1962 5066 2147 5135 potius

568 5158 643 5199 eo
671 5143 946 5199 desiderio
976 5143 1288 5212 ard'camus,
1319 5160 1522 5202 nomen
1552 5156 1615 5203 ut
1642 5161 1888 5209 nostrum
1907 5156 1964 5211 in
1991 5158 2145 5212 caelis

571 5233 938 5300 describatur,
964 5234 1310 5307 patriamque
1358 5245 1603 5293 nostram
1664 5252 1832 5313 atque
1864 5246 2141 5305 civitatem

575 5326 722 5380 illam
737 5342 1029 5399 supernam
1044 5328 1402 5397 aestimemus,
1418 5330 1829 5404 clamemusque
1848 5338 1916 5393 ad
1931 5340 2102 5396 Deum
2124 5360 2137 5395 :

2261 4630 2414 4682 καῖον
2432 4646 2448 4695 ;

2326 4719 2491 4776 ΚΥΡ.
2543 4718 2800 4791 Ἀμελητί
2830 4737 2915 4788 γε,
2936 4713 2982 4772 ὧ
3008 4721 3127 4786 τᾶν,
3152 4721 3253 4774 οὐκ
3281 4720 3604 4793 ἐφιεμένους
3622 4722 3703 4778 ἔτι
3726 4726 3829 4796 τῆς

2255 4812 2314 4866 ἐν
2343 4811 2534 4882 κόσμῳ
2555 4811 2720 4882 ζωῆς,
2750 4810 2871 4865 κατ’
2892 4810 3069 4864 ἐκεῖνό
3100 4827 3204 4863 που
3242 4812 3459 4878 πάντως
3498 4812 3560 4866 τὺ
3594 4813 3682 4868 διὰ
3727 4816 3829 4886 τῆς

2253 4900 2346 4953 τοῦ
2386 4900 2595 4955 Παύλου
2633 4900 2815 4973 φωνῆς
2851 4899 3138 4973 εἰρημένον
3181 4902 3376 4975 ὀρθῶς
3421 4921 3441 4957 ι
3506 4903 3828 4961 Ἀπεθάνετε

2252 4985 2381 5058 γὰρ.
2406 4989 2503 5043 καὶ
2534 4992 2567 5061 ή
2604 4988 2716 5062 ζωὴ
2759 4992 2911 5063 ὑμῶν
2933 4994 3239 5065 κέκρυπται
3271 4996 3368 5050 σὺν
3403 4996 3635 5068 Χριστῷ
3662 4999 3720 5052 ἐν
3750 4998 3828 5067 τῷ

2249 5075 2389 5147 Θεῷ.
2428 5096 2447 5130 ι
2474 5078 2843 5150 Δεδιψηκότας
2875 5082 2932 5137 δὲ
2962 5083 3159 5153 μᾶλλον
3186 5083 3284 5156 τὴν
3324 5088 3380 5139 ἐν
3403 5087 3664 5156 οὐρανοῖς
3690 5087 3825 5140 ἀπο-

2248 5164 2485 5236 γραφὴν,
2555 5167 2649 5221 καὶ
2697 5170 2857 5222 οίονεὶ
2910 5171 3141 5243 πατρίδα
3189 5173 3287 5228 καὶ
3345 5175 3512 5230 πόλιν
3574 5175 3673 5248 τὴν
3715 5176 3823 5230 ἄνω

2250 5258 2672 5330 πεποιημένους,
2724 5262 2819 5315 καὶ
2862 5263 3306 5336 ἀνακεκραγότας
3358 5264 3419 5322 εὖ
3492 5266 3633 5338 μάλα
3689 5266 3824 5337 πρὸς

2247 5345 2400 5401 Θεόνο
2441 5366 2461 5401 ι
2498 5348 2659 5414 ’Δνες
2688 5368 2777 5420 μοι
2811 5352 2893 5405 ὅτι
2918 5353 3178 5425 πάροικος
3210 5353 3322 5425 ἐγώ
3356 5357 3482 5428 ειμι
3521 5356 3582 5409 ἐν
3598 5356 3682 5426 κτῇ
3722 5354 3816 5423 γῇ.

583 5437 602 5470 ι
633 5419 869 5477 Remitte
894 5424 1051 5490 mihi,
1097 5424 1226 5496 quia
1250 5424 1461 5481 advena
1494 5440 1596 5497 ego
1644 5442 1767 5483 sum
1798 5429 1853 5484 in
1888 5441 2051 5497 terra,
2084 5445 2139 5490 et

2267 5439 2339 5492 ἰαὶ
2378 5419 2779 5512 παρεπίδημος,
2814 5419 3010 5508 καθὼς-
3028 5419 3229 5510 πάντες
3251 5419 3313 5501 τοί
3343 5419 3584 5518 πατέρες
3618 5419 3746 5514 μου.
3766 5419 3806 5490 vi

572 5513 914 5583 peregrinus,
940 5516 1085 5572 sicut
1119 5533 1311 5575 omnes
1336 5526 1521 5588 patres
1554 5520 1662 5574 mei
1686 5520 1752 5575 ³³.
1798 5541 1817 5574 ι
1877 5522 2012 5578 Nam
2040 5527 2134 5595 qui

2255 5531 2314 5583 't)
2347 5529 2456 5602 γάρ
2480 5547 2562 5584 τοι
2604 5533 2916 5604 περιπατῶν
2948 5535 3042 5591 ἐπὶ
3073 5538 3172 5609 τῆς
3205 5538 3325 5608 γῆς,
3360 5537 3452 5592 καὶ
3477 5533 3721 5605 λαμπρὸν
3747 5532 3804 5588 ἐν

644 5687 690 5721 ³ο
717 5685 739 5741 1
763 5684 921 5743 Joan.
962 5704 1021 5757 ιι,
1047 5689 1133 5746 ιι..
1209 5696 1252 5729 ἰ
1278 5697 1438 5754 Rom.
1466 5716 1562 5767 vn,
1602 5701 1691 5757 25.
1768 5704 2042 5762 "Coloss.
2071 5722 2148 5775 in,

2320 5706 2369 5742 ⁸³
2395 5709 2536 5765 Psal.
2572 5726 2791 5779 xxxviii,
2822 5712 2909 5782 υ,
2952 5713 3038 5769 l3.
