4082 6304
566 335 669 393 107

1585 331 1640 387 S.
1685 331 1961 388 CYRILLI
1999 329 2462 385 ALEXANDRINI
2506 332 2818 388 ARClllEP.

3740 331 3850 386 168

565 451 619 504 in
645 447 860 504 Christo
887 453 989 510 est,
1030 459 1168 514 opus
1191 459 1310 500 esse
1338 444 1637 511 conﬁteris,
1669 446 1810 500 hanc
1835 443 1974 499 adeo
1999 459 2129 514 prae-

2240 446 2531 514 περίοπτον
2568 446 2840 516 ἀνδρείαν,
2871 451 2904 518 ἢ
2937 450 3063 521 παρ’
3096 447 3244 502 οὐδὲν
3275 448 3490 520 ἡγεῖται
3524 449 3740 514 ταυτί;
3787 453 3852 504 τὸ

563 542 792 603 claram,
832 545 1239 608 spectatamque
1283 537 1563 602 virtutem,
1597 553 1719 607 quae
1738 537 1899 591 nihili
1937 537 2129 607 pendal

2239 536 2294 588 δὲ
2319 535 2427 589 δεῖν
2455 535 2683 589 ἔπεσθαι
2710 537 2786 608 τῷ
2810 539 3030 610 Χριστῷ
3062 541 3293 593 ποιεῖται
3329 540 3457 613 περὶ
3487 539 3732 598 πολλοῦ.

562 631 678 685 haec
715 629 896 683 omnia
919 646 934 693 ;
957 629 1114 699 sequi
1147 637 1329 682 autem
1355 627 1659 695 Christum,
1700 629 1922 699 plurimi
1942 628 2139 683 faciat?

633 717 828 772 PALL.
863 719 976 789 Ego
1001 734 1134 773 vero
1169 718 1363 784 fateor,
1399 735 1525 774 nam
1557 727 1614 773 et
1642 720 1710 774 ab
1740 721 1830 774 illa
1872 729 2137 790 praestan-

351 807 366 813 “
449 839 452 843 λ
563 809 774 862 tissima
807 826 902 879 spe
923 850 938 875 ,
973 818 1030 864 et
1061 826 1094 864 a
1125 810 1471 882 iucunditate
1501 827 1624 881 quae
1667 820 1752 866 est
1799 811 1855 864 in
1895 810 2136 875 Christo,

561 899 906 963 exciderunt,
937 901 1032 970 qui
1058 901 1271 966 venire,
1313 916 1438 956 cum
1468 901 1538 956 ad
1573 903 1792 972 nuptias
1819 909 2003 956 essent
2038 917 2137 954 vo-

563 989 690 1050 cati,
725 997 1048 1044 renuerunt.
1085 991 1165 1045 Ex
1204 991 1408 1060 quibus
1449 1008 1594 1046 unus
1623 992 1763 1046 dixit
1797 1010 1811 1046 :
1853 1010 1870 1043 ι
1903 992 2138 1047 Uxorem

561 1076 714 1139 duxi,
749 1086 805 1132 et
833 1095 942 1133 non
967 1095 1190 1150 possum
1235 1081 1427 1136 venire
1446 1082 1514 1134 ”.
1545 1100 1564 1131 ι
1600 1082 1754 1136 Alter
1775 1095 1910 1135 vero
1947 1096 2139 1151 agrum

561 1171 831 1226 coemisse
865 1187 989 1226 cum
1023 1173 1255 1238 diceret,
1286 1172 1484 1228 divinae
1503 1172 1777 1228 vocationi
1820 1170 2141 1242 temporalia

560 1264 804 1330 praetulit
827 1265 870 1295 ”

630 1351 786 1406 ΟΥΕ.
829 1353 1095 1408 Praeclare
1128 1369 1281 1420 sane,
1306 1355 1533 1410 Palladi.
1563 1352 1819 1409 Oblectas
1843 1352 1991 1407 enim
2017 1368 2136 1417 nos,

560 1455 684 1494 cum
704 1443 919 1496 veritati
940 1452 1305 1500 consentanea
1335 1445 1495 1509 dicis,
1522 1453 1578 1499 et
1597 1441 1926 1514 22jngenii
1947 1443 2140 1496 alaeri-

561 1538 668 1584 tate
700 1533 998 1600 przecurris
1023 1534 1090 1587 ad
1122 1543 1324 1589 nostra:
1346 1535 1610 1589 orationis
1638 1533 1802 1587 ﬁnem
1825 1533 2027 1588 acriter
2059 1533 2141 1587 in—

561 1621 936 1691 telligendum.
965 1624 1104 1679 Vide
1135 1625 1322 1696 igitur,
1354 1625 1423 1680 iis
1462 1625 1557 1694 qui
1587 1626 1800 1696 integre
1830 1633 1994 1694 atque
2015 1640 2140 1693 per-

558 1711 698 1767 fecte
746 1714 917 1768 Deum
963 1723 1294 1786 sequuntur,
1324 1726 1380 1770 et
1410 1717 1524 1786 spei
1570 1732 1734 1786 quam
1771 1717 1826 1769 in
1866 1716 1960 1769 illo
2003 1730 2138 1768 con-

2310 713 2520 768 IIAAA.
2546 715 2692 782 Πάνυ
2717 715 2816 785 μὲν
2833 711 2947 778 οῦν,
2977 717 3097 770 ἐπεί
3123 735 3204 771 τοι
3226 719 3322 772 καὶ
3348 719 3450 789 τῆς
3466 719 3722 790 ἀρίστης
3756 718 3850 774 ἐλ-

2242 802 2413 867 πίδος,
2439 805 2532 858 καὶ
2562 807 2662 876 τῆς
2688 808 2746 859 ἐν
2775 808 2991 879 Χριστῷ
3007 811 3275 881 θυμηδίας
3305 811 3770 882 διωλισθήκασιν,
3797 819 3848 868 οἱ

2240 893 2566 964 κεκλημένοι
2594 896 2693 966 μὲν
2726 900 2807 961 εἰς
2834 900 2960 962 τοὺς
2991 900 3226 971 γάμους,
3252 905 3754 974 καταρνησάμενοι
3790 906 3849 960 δὲ

2240 983 2337 1054 τὴν
2361 985 2565 1054 ἄφιξιν.
2613 981 2714 1040 Ὧν
2761 991 2790 1042 ό
2833 990 2930 1060 μέν
2963 1009 3045 1054 τις
3073 992 3215 1063 ἔφη·
3261 1012 3280 1046 ι
3325 996 3569 1050 Γυναῖκα
3612 997 3842 1068 ἔγημα,

2241 1075 2336 1128 καὶ
2359 1076 2421 1128 οὐ
2452 1076 2682 1148 δύναμαι
2714 1080 2906 1135 ἐλθεῖν.
2938 1101 2956 1132 ι
3002 1085 3060 1137 '0
3080 1084 3157 1138 ’δέ
3180 1103 3262 1150 τις
3288 1085 3455 1158 ἀγρὸν
3483 1087 3846 1158 ἐκπρίσσθαι

2241 1163 2433 1233 λέγων,
2465 1168 2671 1239 ἀμείνω
2695 1171 2795 1242 τῆς
2813 1173 3059 1244 κλήσεως
3083 1177 3318 1231 ἐποιεῖτο
3340 1179 3408 1233 τὰ
3437 1180 3795 1252 πρόσκαιρα.

2312 1343 2472 1397 ΚΥΡ.
2516 1341 2679 1415 Εὖγε,
2712 1344 2756 1402 ὦ
2779 1351 3042 1407 Παλλάδιε
3064 1371 3078 1385 ο
3107 1356 3417 1427 εὐφραίνεις
3447 1359 3562 1430 γὰρ
3593 1361 3751 1430 ἡμᾶς
3771 1363 3844 1417 τὰ

2241 1434 2425 1524 εἰκότα
2450 1435 2644 1506 λέγων,
2677 1442 2772 1494 καὶ
2807 1442 2866 1508 ὲξ
2897 1445 3192 1516 εὐμαθείας
3231 1452 3332 1520 τῆς
3377 1451 3522 1519 ἄγαν
3581 1470 3842 1524 προανα-

2241 1522 2501 1594 θρώσκων
2534 1525 2593 1583 εὗ
2624 1531 2768 1600 μάλα
2819 1535 2954 1605 πρὸς
2992 1537 3054 1588 τὸ
3089 1539 3324 1593 συνιέναι
3359 1540 3590 1612 θερμῶς
3621 1522 3720 1596 τοῦ
3754 1543 3842 1597 λό-

2240 1631 2336 1706 γου
2369 1617 2428 1668 τὸ
2463 1619 2657 1691 πέρας.
2693 1625 2884 1696 Ἀθρει
2915 1627 2978 1698 δὴ
3009 1626 3103 1682 οὖν
3139 1631 3220 1685 ὅτι
3257 1636 3367 1696 τοῖς
3401 1635 3726 1706 ὁλοσχερῶς
3779 1654 3840 1690 τε

2242 1705 2337 1756 καὶ⁸
2383 1707 2692 1778 ὁλοτρόπως
2723 1714 3071 1771 ἀκολουθοῦσι
3101 1719 3238 1790 Θεῷ,
3275 1723 3367 1775 καὶ
3399 1726 3504 1794 τῆς
3539 1705 3628 1787 είς
3670 1727 3840 1780 αὐτὸν

557 1804 882 1870 stituerunt,
911 1823 1001 1861 res
1049 1809 1297 1862 carnales
1331 1823 1395 1861 ac
1429 1807 1764 1861 mundanam
1796 1807 2129 1876 voluptatem

2238 1796 2450 1862 ἐλπίδος
2485 1806 2870 1876 πεποιημένοις
2909 1809 3137 1881 δεύτερα
3183 1813 3251 1867 τὰ
3301 1815 3401 1885 τῆς
3453 1818 3702 1886 σαρκὸς,
3743 1820 3841 1872 καὶ

557 1897 904 1966 posthabent,
936 1898 1254 1969 contingere
1293 1899 1516 1953 omnino
1558 1907 1616 1952 ut
1643 1897 1922 1952 caelestem
1962 1897 2133 1952 bene-

557 1989 855 2045 dictionem
887 1991 1106 2046 abunde
1136 2000 1569 2062 consequantur.
1612 1989 1757 2057 Quid
1793 1990 1944 2044 enim
1971 1990 2048 2044 ait
2066 1989 2134 2045 ad

557 2079 876 2135 Abraham?
927 2099 946 2133 ι
978 2081 1048 2136 Et
1074 2081 1267 2136 faciam
1308 2090 1361 2137 te
1394 2081 1452 2135 in
1491 2088 1709 2151 gentem
1753 2094 2025 2150 magnam,
2079 2088 2136 2134 et

558 2170 882 2226 benedicam
925 2180 978 2228 te
1015 2172 1103 2237 ⁶⁰⁶,
1138 2191 1157 2222 ι
1216 2179 1274 2227 et
1305 2187 1369 2226 ea
1419 2187 1542 2240 quae
1588 2179 1916 2241 sequuntur.
1966 2169 2134 2227 Vides

555 2291 689 2346 ergo
736 2277 956 2346 quantis
1000 2277 1156 2330 illum
1195 2275 1578 2346 Spiritualibus
1611 2276 1773 2332 bonis
1800 2275 2136 2332 cumularit?

555 2365 674 2418 Jam
724 2380 856 2421 vero
911 2365 1376 2435 quemadmodum
1433 2366 1664 2422 excedat
1707 2382 1739 2421 e
1790 2366 1962 2421 natali
2017 2366 2134 2420 solo

557 2457 851 2523 Abraham,
876 2471 1060 2513 nonne
1088 2472 1270 2528 operae
1285 2457 1526 2527 pretium
1558 2458 1666 2513 erit
1695 2457 1924 2513 videre?
1970 2478 1988 2510 ι
2027 2458 2132 2512 Ac-

556 2549 702 2619 cepit
734 2549 902 2616 enim,
929 2569 948 2600 ι
979 2549 1180 2619 inquit,
1199 2571 1202 2574 ·
1219 2569 1237 2602 ι
1260 2550 1481 2606 Sarram
1503 2567 1730 2606 uxorem
1763 2567 1940 2616 suam,
1961 2559 2017 2606 et
2033 2551 2135 2605 Lot

557 2639 728 2694 illium
755 2640 941 2694 fratris
980 2640 1089 2703 sui,
1123 2648 1178 2694 et
1237 2655 1456 2694 omnem
1487 2641 1852 2695 substantiam
1887 2641 2132 2710 ipsorum

557 2744 718 2798 quam
748 2727 1129 2797 possederant,
1173 2737 1228 2782 et
1270 2743 1488 2783 omnem
1529 2729 1769 2784 animam
1797 2743 1961 2799 quam
2002 2744 2132 2798 pos-

557 2819 812 2874 sederant
834 2818 890 2872 in
912 2817 1180 2882 Charran,
1205 2826 1262 2873 et
1291 2819 1548 2874 exierunt
1566 2827 1627 2873 ut
1659 2818 1916 2874 venirent
1945 2819 2000 2873 in
2023 2827 2133 2874 ter-

557 2923 673 2962 ram
701 2906 982 2972 Chanaan,
1010 2917 1066 2963 et
1084 2908 1441 2978 pertransivit
1471 2918 1676 2964 terram
1712 2909 1988 2963 Abraham
2009 2969 2012 2972 λ
2035 2925 2133 2978 per

555 3000 953 3072 longitudinem
1011 3001 1151 3072 ejus,
1195 3015 1370 3071 usque
1427 3000 1494 3056 ad
1550 3001 1732 3057 locum
1791 3000 2009 3056 Sichem
2063 3001 2130 3055 ad

555 3106 821 3160 quercum
853 3090 1143 3145 sublimem
1165 3091 1229 3144 ".
1268 3110 1285 3141 ι
1317 3091 1566 3146 Excessit
1591 3090 1814 3161 quidem
1848 3106 1915 3144 ex
1955 3089 2128 3145 Char-

556 3199 674 3246 ran,
702 3199 804 3238 nec
825 3184 962 3238 ullas
993 3183 1070 3238 ibi
1109 3199 1295 3238 rerum
1341 3199 1563 3238 suarum
1599 3183 1861 3253 reliquias
1886 3182 2126 3247 dimisit,

554 3276 648 3330 sed
700 3292 824 3329 cum
858 3291 1058 3345 genere
1095 3276 1354 3330 universo
1401 3273 1824 3345 quodammodo,
1851 3274 2132 3328 universa-

554 3385 663 3438 que
711 3369 936 3432 familia,
988 3383 1201 3422 summa
1249 3383 1375 3422 cum
1404 3367 1685 3421 alacritate
1741 3365 2025 3420 contendit
2073 3364 2129 3418 in

557 3470 758 3514 terram
773 3459 1050 3523 Chanaan,
1070 3474 1232 3529 quam
1250 3459 1395 3512 Deus
1415 3457 1753 3512 ostenderat.
1773 3457 1980 3512 Deinde
1999 3471 2127 3526 per-

555 3551 774 3604 transiit
807 3558 1010 3603 terram
1041 3565 1140 3619 per
1170 3548 1567 3619 longitudinem
1594 3549 1733 3620 ejus,
1756 3557 1813 3602 et
1844 3547 1900 3601 in
1927 3557 2129 3602 terram

551 3640 801 3711 pervenit
829 3639 1141 3694 sublimem.
1167 3639 1428 3710 Quisquis
1453 3639 1602 3694 enim
1640 3639 1952 3694 decreverit
1984 3637 2128 3692 divi-

553 3734 637 3788 nis
674 3734 903 3802 obsequi
951 3734 1279 3804 praeceptis,
1325 3749 1390 3788 ac
1430 3747 1725 3804 supernam
1782 3731 2127 3786 vocationem

550 3825 824 3894 praecipua
863 3839 996 3878 cura
1023 3822 1400 3894 excipiendam
1432 3823 1658 3894 putarit,
1691 3831 1852 3877 exeat
1890 3821 1937 3875 is
1969 3836 2000 3875 e
2026 3835 2125 3874 vo-

550 3916 802 3984 luptuosa
839 3915 970 3978 vita,
1013 3923 1158 3969 totus
1183 3915 1331 3969 omni
1368 3930 1434 3968 ex
1462 3921 1636 3984 parte,
1681 3928 1746 3968 ac
1778 3912 1951 3967 veluti
2000 3927 2125 3966 cum

548 4021 749 4077 genere
783 4005 1076 4072 universo;
1102 4022 1278 4076 neque
1307 4007 1474 4060 ullam
1511 4006 1710 4059 mentis
1762 4021 1874 4059 sum
1908 4012 2125 4073 partem

547 4098 622 4152 ibi
655 4097 947 4167 relinquat,
983 4097 1079 4152 ubi
1106 4106 1266 4152 antea
1296 4097 1640 4152 versabatur.
1686 4096 1778 4151 Sic
1818 4096 1968 4149 enim
2020 4096 2124 4149 rite

547 4187 947 4258 proﬁciscetur,
965 4195 1276 4258 terramque
1293 4188 1669 4258 pertransibit,
1700 4187 1768 4241 ad
1797 4202 1961 4256 quam
1985 4195 2069 4240 est
2093 4202 2123 4240 a

544 4279 656 4333 Deo
672 4287 918 4343 vocatus,
940 4287 1020 4342 ut,
1052 4277 1516 4347 quemadmodum
1542 4277 1742 4332 scribit
1759 4277 1955 4330 beatus
1977 4277 2122 4330 Pau-

543 4369 650 4431 lus,
713 4368 884 4436 possit
934 4367 1401 4436 comprehendere
1433 4382 1559 4422 cum
1610 4366 1867 4421 omnibus
1923 4365 2124 4419 sanctis

542 4474 664 4528 qua:
687 4459 759 4512 sit
793 4459 1042 4523 latitudo,
1073 4459 1450 4529 etlongitudo,
1481 4467 1537 4512 et
1560 4457 1890 4522 sublimitas,
1916 4464 1972 4509 et
1993 4472 2122 4526 pro-
2158 4493 2200 4546 Β

2243 1890 2552 1961 φιληδονίαν
2584 1900 2874 1971 κοσμικὴν,
2907 1902 3094 1972 ἕψεται
3122 1905 3187 1977 δὴ
3215 1907 3451 1973 πάντως,
3481 1909 3547 1963 τὸ
3579 1910 3841 1980 εὐλογίας

2368 1984 2575 2076 ἄνωθεν
2604 1990 2874 2057 πλουσίως
2904 1995 3248 2068 μεταλαχεῖν.
3281 1999 3346 2053 Τί
3371 1999 3486 2072 γὰρ
3514 2002 3676 2072 λέγει
3699 2005 3840 2076 πρὸς

2254 2072 2536 2148 Ἀδραάμ;
2581 2097 2600 2130 ι
2641 2081 2752 2134 Kal.
2780 2085 2988 2156 ποιήσω
3021 2105 3080 2140 σε
3105 2089 3185 2152 είς
3221 2089 3370 2155 ἔθνος
3407 2093 3584 2164 μέγα,
3619 2098 3718 2148 καὶ
3745 2072 3839 2149 εύ-

2239 2161 2454 2236 λογήσω
2499 2184 2578 2236 σε,
2615 2188 2633 2222 ι
2667 2171 2762 2224 καὶ
2789 2173 2858 2226 τά
2902 2174 3111 2240 τούτοις
3141 2161 3504 2250 συνημμένα,
3538 2181 3715 2255 Ὁρᾷς
3744 2181 3836 2238 οὐν

2238 2255 2371 2327 ὅσην
2391 2259 2536 2331 αύτῷ
2559 2261 2766 2336 πληθὺν
2784 2266 3126 2338 ὲπεσὼρευσε
3145 2274 3542 2343 πνευματικῶν
3567 2276 3798 2344 ἀγαθῶν
3818 2296 3832 2344 ;

2240 2347 2373 2404 Τίνα
2387 2350 2444 2404 δὲ
2462 2351 2659 2422 τρόπον
2677 2355 2901 2428 ἀπαίρει
2921 2358 3020 2429 τῆς
3037 2360 3365 2434 ἐνεγκούσης
3391 2365 3686 2438 Ἀϐραὰμ,
3715 2368 3836 2431 πῶς

2237 2441 2339 2532 οὐκ
2382 2444 2530 2510 ἀξιον
2562 2447 2718 2515 ίδεῖν;
2776 2468 2795 2501 ι
2849 2449 3047 2504 Ἐλαᾶ
3085 2454 3212 2526 γάρ,
3259 2475 3278 2508 ι
3327 2456 3486 2527 φησι,
3547 2477 3567 2512 ι
3608 2460 3834 2532 Σάρῤαν

2237 2531 2337 2600 τὴν
2375 2537 2608 2600 γυναῖκα
2634 2537 2822 2603 αὐτοῦ,
2853 2543 2948 2595 καὶ
2979 2543 3072 2597 τὸν
3100 2544 3223 2599 Λὼτ
3260 2545 3352 2601 τόν
3389 2549 3510 2604 υἱὸν
3543 2551 3646 2606 τοῦ
3678 2531 3833 2606 ἀδελ-

2237 2622 2339 2690 φοῦ
2392 2625 2578 2690 αὐτοῦ,
2622 2631 2717 2683 καὶ
2766 2631 2942 2686 πάντα
2979 2635 3046 2687 τὰ
3105 2637 3418 2708 ὑπάρχοντα
3456 2642 3675 2711 αὐτῶν,
3731 2645 3848 2709 ὅσα,

2237 2714 2539 2804 ἐκτήσαντο
2559 2757 2572 2781 ,
2622 2720 2716 2772 καὶ
2776 2724 2956 2777 πᾶσαν
3028 2725 3226 2797 ψυχὴν,
3279 2728 3347 2799 ἣν
3401 2731 3720 2804 ἐκτήσαντο
3773 2738 3828 2790 ὲν

2236 2803 2479 2876 Χαρράν.
2514 2808 2620 2860 Καὶ
2660 2810 2882 2880 ἐξῆλθον
2923 2816 3256 2888 πορευθῆναι
3309 2821 3388 2883 είς
3578 2823 3826 2890 Χαναὰν,

2236 2893 2330 2986 καὶ
2358 2893 2643 2950 διώδευσεν
2685 2900 2937 2972 Ἀϐραὰμ
2958 2903 3056 2973 τὴν
3090 2905 3192 2975 γῆν
3222 2909 3302 2971 είς
3327 2909 3386 2962 τὸ
3419 2910 3606 2981 μῆκος
3632 2899 3825 2986 αὐτῆς,

2379 2985 2474 3078 τοῦ
2508 2988 2673 3042 τόπου
2711 2993 2912 3063 Συχὲμ,
2945 2996 3037 3049 ἐπὶ
3073 2997 3171 3068 τὴν
3209 2998 3337 3069 δρῦν
3377 3001 3476 3074 τὴν
3514 2982 3773 3078 ὑψηλήν.⁷
3804 3027 3821 3058 ι

2249 3075 2530 3148 Ἐξεχώρει
2557 3080 2654 3150 μὲν
2679 3082 2788 3153 γὰρ
2813 3086 2876 3137 ἐκ
2897 3086 3143 3158 Χαρῤἀν,
3169 3090 3320 3143 οὐδὲν
3343 3093 3542 3148 ἑαυτοῦ
3568 3075 3826 3168 λείψανον

2235 3169 2414 3262 ἀφιελς
2441 3171 2499 3224 ἐν
2523 3173 2681 3244 αὐτῇ,
2702 3179 2964 3245 παγγενεὶ
2988 3179 3045 3234 δὲ
3070 3180 3258 3254 ὥσπερ
3287 3187 3380 3238 καὶ
3413 3192 3666 3259 πανοικὶ,
3690 3210 3825 3262 προ-

2233 3255 2512 3350 θυμότατα
2565 3264 2914 3334 μετατρέχων
2951 3269 3030 3330 είς
3077 3269 3182 3339 γῆν
3222 3273 3485 3345 Χαναάμ,
3530 3281 3599 3350 ἢν
3651 3255 3824 3345 ἔδειξε

2231 3347 2391 3442 θεόςέ
2424 3345 2556 3442 Εῖτα
2596 3351 2754 3407 δίεισι
2792 3356 2890 3428 τὴν
2933 3358 3038 3426 γῆν
3067 3362 3147 3424 είς
3182 3363 3242 3415 τὸ
3269 3364 3444 3436 μῆκος
3493 3345 3694 3442 αὐτῆς,
3732 3376 3827 3427 καὶ

2231 3439 2312 3534 είς
2329 3439 2674 3534 γηνέρχεται
2705 3446 2805 3515 τὴν
2844 3447 3076 3521 ὑψηλήν.
3109 3453 3168 3504 ’0
3186 3454 3292 3526 γάρ
3319 3473 3398 3509 τοι
3415 3439 3826 3534 βεϐουλημένος

2229 3530 2342 3592 τοῖς
2374 3529 2536 3622 θείοις
2574 3529 2632 3586 εὖ
2683 3535 2831 3604 μάλα
2860 3542 3275 3598 κατακολουθεῖν
3320 3529 3693 3622 θεσπίσμασι,
3729 3555 3825 3606 καὶ

2231 3621 2526 3714 φροντίδος
2557 3622 2663 3714 τῆς
2690 3625 2920 3714 ἀρίστης
2965 3630 3150 3696 ἀξιοῦν
3186 3634 3286 3706 τὴν
3331 3621 3553 3695 ἄνωθεν
3609 3643 3820 3714 κλῆσιν,

2229 3705 2390 3770 ἐξίτω
2419 3706 2563 3779 ζωῆς
2603 3711 2700 3781 τῆς
2747 3713 2806 3766 ὲν
2839 3715 3051 3786 ἡδοναῖς
3096 3705 3388 3793 κοσμικαῖς
3431 3729 3564 3794 δλος
3615 3705 3814 3797 διόλου,

2228 3885 2394 3985 vii/avexi
2431 3890 2617 3985 ἀφεῖς,
2647 3894 2704 3985 ὲν
2735 3891 2815 3960 οἷς
2858 3894 2928 3968 ἦν
2975 3918 3124 3956 ποτε.
3170 3906 3419 3979 Ἀπαίρει
3471 3913 3583 3985 γὰρ
3637 3917 3813 3981 οὕτως

2228 3977 2432 4076 ἀρθῶς,
2464 3982 2561 4076 xa}
2599 3983 2856 4040 διοδεύσει
2894 3990 2994 4060 τὴν
3034 3993 3158 4064 γῆν,
3189 3977 3450 4068 κέκληται
3484 3977 3613 4073 ’γάρ
3660 3977 3810 4076 παρά

2229 4069 2385 4170 Θεοῦ,
2409 4072 2498 4170 ἵνα
2515 4071 2702 4170 ῶσπερ
2722 4079 2750 4131 ὁ
2776 4082 3038 4152 μακάριος
3063 4088 3261 4156 γράφει
3289 4069 3524 4160 Παῦλος,
3547 4069 3808 4170 ἐξισχύσῃ

2229 4161 2628 4254 καταλαϐέσθαι
2651 4169 2748 4222 σὺν
2773 4172 2907 4224 πᾶσι
2935 4177 3045 4238 τοῖς
3069 4177 3261 4246 ἁγίοις,
3295 4181 3348 4234 τί
3371 4184 3432 4237 τὸ
3461 4161 3809 4254 πλάτος,-

2231 4251 2424 4350 μῆκος,
2441 4255 2535 4350 καὶ
2549 4255 2701 4350 ὕψος,
2719 4261 2812 4313 καὶ
2826 4261 2988 4331 βάθος
3003 4266 3094 4319 τοῦ
3120 4274 3418 4342 μυστηρίου
3432 4277 3528 4328 τοῦ
3543 4280 3586 4330 Χ
3596 4251 3801 4350 ριστοῦ.

2229 4343 2373 4413 Πρὸς
2399 4349 2502 4417 γῆν
2533 4349 2642 4420 γὰρ
2667 4353 2787 4406 τότε
2819 4354 2918 4425 τὴν
2964 4357 3172 4430 ὑψηλὴν
3204 4363 3554 4436 ἀναφοιτήσει
3596 4343 3800 4435 καλῶς,

2227 4439 2370 4493 τοῦτ’
2413 4443 2548 4505 ἐστι,
2587 4443 2722 4514 πρὸς
2753 4444 2865 4510 ἕξιν
2901 4447 3001 4518 τὴν
3037 4451 3412 4526 ἀνῳκισμένην
3459 4461 3516 4513 ὲν
3557 4462 3798 4532 ἀρεταῖς,

543 4550 774 4604 fundum
821 4552 1069 4622 mysterii
1116 4551 1321 4606 Christi
1363 4551 1428 4603 θ’.
1486 4550 1642 4604 Tunc
1698 4551 1848 4605 enim
1916 4551 2120 4618 optime

2236 4532 2321 4585 καὶ
2349 4533 2643 4604 οὐδαμόθεν
2672 4538 2899 4608 ἔχουσαν
2937 4543 3017 4598 ἔτι
3044 4547 3105 4599 τὸ
3135 4553 3572 4622 κατερῤιμμένον
3600 4557 3680 4618 είς
3712 4573 3800 4624 φι-

541 4643 610 4698 ad
645 4651 846 4697 terram
879 4644 1166 4698 sublimem
1203 4643 1482 4707 ascendet,
1515 4642 1566 4696 id
1584 4649 1687 4707 est,
1725 4641 1792 4695 ad
1823 4641 1992 4694 animi
2020 4642 2120 4694 ha-

543 4733 740 4798 bitum,
761 4735 856 4804 qui
882 4735 938 4788 in
953 4735 1234 4805 superiore
1251 4736 1518 4789 virtutum
1535 4734 1655 4788 loco
1687 4732 1825 4787 situs
1841 4741 1947 4795 est,
1973 4731 2121 4786 nulla

540 4839 607 4878 ex
633 4835 788 4892 parte
828 4824 894 4877 ad
922 4825 1101 4878 carnis
1132 4826 1440 4895 voluptates
1463 4826 1740 4895 projectus
1785 4833 1949 4892 atque
1990 4837 2120 4892 pro-

541 4914 715 4970 clivis.
755 4915 805 4968 ls
835 4922 1017 4968 autem
1049 4915 1144 4985 qui
1175 4931 1241 4970 eo
1277 4917 1590 4985 pervenerit
1630 4915 1763 4986 quid
1812 4913 1942 4968 boni
1973 4927 2120 4967 asse-

539 5011 757 5077 quatur,
792 5019 857 5057 ex
880 5003 1013 5073 ipsis
1041 5004 1210 5058 sacris
1228 5004 1450 5082 Litteris
1479 5005 1863 5075 intelligemus.
1892 5021 1910 5052 ι
1937 5003 2119 5071 Appa-

541 5096 650 5150 ruit
679 5095 848 5159 enim,
879 5114 898 5146 ›
946 5095 1146 5164 inquit,
1199 5114 1216 5146 ι
1255 5095 1520 5150 Dominus
1549 5097 1844 5159 Abraham,
1887 5104 1944 5149 et
1982 5094 2122 5148 dixit

538 5190 624 5242 ei:
660 5187 867 5243 Semini
886 5197 980 5242 tuo
1009 5186 1154 5242 dabo
1195 5195 1393 5242 terram
1425 5187 1586 5241 hanc.
1611 5187 1995 5242 Etadiﬁcavit
2026 5185 2117 5251 jibi

539 5277 814 5333 Abraham
868 5280 1039 5334 altare
1094 5279 1324 5333 Domino
1383 5278 1478 5348 qui
1528 5286 1858 5347 apparuerat
1906 5277 2044 5331 ei“.
2093 5294 2111 5326 ι

538 5368 675 5422 Nam
710 5385 834 5424 cum
859 5371 1042 5426 adhuc
1072 5371 1127 5424 in
1152 5371 1329 5440 patria
1357 5375 1828 5432 commoraretur,
1872 5367 2114 5421 necdum

537 5459 603 5511 ad
637 5467 880 5513 sanctam
933 5471 1132 5516 terram
1177 5477 1297 5517 sese
1345 5460 1708 5524 contulisset,
1741 5457 1921 5512 solum
1973 5456 2108 5510 illud

540 5565 860 5618 responsum
893 5554 1127 5623 accepit,
1157 5571 1266 5624 quo
1300 5554 1354 5608 in
1402 5553 1564 5606 aliam
1599 5550 1901 5622 regionem,
1959 5547 2109 5601 omni

606 5660 650 5690 "
695 5658 825 5717 Luc.
881 5680 983 5729 xxv,
1028 5666 1116 5719 ‘20.

538 5745 630 5794 xu,
681 5729 731 5781 7.

1230 5667 1274 5702 ⁵ο
1325 5667 1482 5721 ibid..
1516 5667 1600 5720 18.

1715 5666 1777 5697 ⁸ο·
1807 5664 1956 5744 Gen.
1985 5679 2078 5727 xu,
2129 5664 2182 5715 2.

2226 4622 2534 4694 λοσαρκίαν.
2586 4629 2924 4703 Ἀφικομένῳ
2951 4635 3005 4688 δὲ
3045 4637 3145 4707 ἤδη
3183 4640 3317 4709 πρὸς
3347 4643 3524 4707 τοῦτο,
3551 4646 3606 4697 τί
3635 4622 3796 4697 πάλιν

2224 4713 2376 4768 ἔσται
2422 4716 2530 4770 τῶν
2579 4720 2817 4787 ἀγαθῶν,
2867 4724 2924 4789 ἐξ
2973 4725 3149 4780 αὐτῶν
3187 4730 3443 4799 εἰσόμεθα
3487 4733 3594 4784 τῶν
3635 4735 3796 4802 ίερῶν

2226 4805 2591 4876 Γραμμάτων.
2649 4827 2667 4860 ι
2718 4811 2894 4880 ’Ὠφθη
2949 4815 3074 4885 γὰρ,
3123 4833 3140 4865 ν
3205 4819 3358 4888 φησὶ,
3403 4838 3421 4870 ι
3464 4821 3664 4891 Κύριος
3717 4821 3794 4892 τῷ

2236 4897 2504 4969 Ἀϐραὰμ,
2549 4903 2643 4954 καὶ
2688 4897 2839 4955 εἶπεν
2876 4905 3056 4975 αὐτῷ’
3088 4907 3176 4978 Τῷ
3202 4911 3477 4982 σπέρματί
3514 4930 3606 4966 σου
3637 4913 3793 4966 δώσω

2221 4989 2318 5077 τὴν
2367 4990 2471 5060 γῆν
2518 4991 2740 5064 ταύτην.
2804 4995 2912 5047 Καὶ
2961 4996 3310 5069 ᾠκοδόμησεν
3374 5002 3625 5074 ’Λόραὰμ
3679 5005 3794 5055 ἐκεῖ

2222 5081 2602 5153 θυσιαστήριον
2627 5083 2704 5154 τῷ
2731 5087 2937 5156 Κυρίῳ,
2954 5088 3031 5158 τῷ
3052 5089 3267 5158 ὀφθέντι
3284 5095 3451 5164 αὐτῷ.
3489 5113 3507 5144 ι
3539 5095 3780 5165 Ἐμφιλο»

2221 5173 2486 5245 χωροῦντι
2515 5175 2612 5246 μὲν
2641 5177 2748 5246 γὰρ
2778 5179 2857 5240 είς
2884 5180 2988 5248 γῆν
3021 5184 3276 5254 πατρίδος
3305 5185 3492 5251 αὐτοῦ,
3519 5187 3610 5240 καὶ
3638 5182 3785 5236 οὔπω

2222 5265 2358 5336 πρὸς
2393 5265 2491 5337 τὴν
2537 5266 2697 5335 ἁγίαν
2745 5272 3193 5340 μεταχωρήσαντι
3228 5277 3350 5346 γῆν,
3379 5277 3542 5346 μόνος
3585 5273 3788 5326 δέδοται

2220 5357 2468 5428 χρησμὸς
2495 5356 2589 5409 τοῦ
2628 5359 3010 5428 μεταχωρῆσαι
3033 5361 3141 5414 δεῖν
3171 5365 3249 5426 είς
3279 5366 3496 5436 ἑτέραν,
3523 5364 3620 5433 τῆς
3642 5364 3790 5426 ἐνεγ-

2221 5447 2422 5518 κούσης
2446 5447 2798 5518 ὴφειδηκότα.
2837 5448 3052 5522 Ἐπειδὴ
3077 5453 3133 5506 δὲ
3156 5449 3318 5525 ἦλθεν
3342 5458 3420 5519 είς
3441 5453 3550 5521 γῆν
3575 5449 3790 5503 Χαναὰν

2220 5538 2437 5592 πανοικί
2467 5557 2528 5592 τε
2568 5541 2664 5594 καὶ
2697 5543 3011 5603 πανσκευεὶ.
3046 5547 3136 5598 καὶ
3175 5547 3310 5618 πρὸς
3342 5548 3440 5615 τὴν
3491 5542 3645 5596 ἁγίαν
3671 5538 3792 5591 ἀνέ-

2289 5659 2330 5690 ⁶¹
2359 5656 2516 5733 ibid.,
2550 5656 2582 5710 ὅ
2611 5697 2624 5720 ,
2677 5657 2727 5710 6.
2843 5659 2889 5690 ⁶¹
2918 5660 3116 5730 Ephes.
3159 5678 3236 5727 ιιι,
3291 5664 3372 5716 18.
3424 5656 3430 5661 ’
3498 5658 3541 5687 ⁸³
3587 5655 3778 5710 Cenes.
