4082 6304
240 401 349 462 I69

982 395 1072 452 DE
1106 393 1546 452 ADORATIONE
1582 394 1651 449 IN
1691 390 1959 448 SPIRITU
2001 389 2090 445 ET
2129 387 2496 444 VERITATE.
2538 383 2666 441 LIB.
2707 386 2749 441 I.

3385 382 3486 436 170

238 522 369 590 θορε
400 516 526 588 γῆν,
552 515 586 585 ἡ
631 513 733 584 τῆς
775 512 1027 575 θεοπτίας
1070 512 1277 567 δέδοται
1325 511 1507 582 χάρις,
1567 511 1663 564 καὶ
1716 512 1847 580 τῆς,

1948 521 2050 562 ura
2105 505 2267 576 patrii
2335 503 2443 574 23
2513 503 2615 558 soli
2689 500 3040 572 posthabita,
3100 501 3330 590 migrare
3400 501 3488 570 ju-

240 611 458 672 ἐλπίδος
493 605 558 660 τὸ
600 605 840 674 ἀσφαλὲς
872 604 931 657 ὲν
972 603 1175 674 βεϐαίῳ
1221 602 1318 673 τῆς
1358 601 1688 674 ἐλευθερίας,
1722 599 1817 656 καὶ

240 704 303 756 τὸ
343 697 546 767 ἐξεῖναι
595 695 782 749 λοιπὸν
815 695 1046 765 ἐγείρειν
1092 693 1497 763 θυσιαστήριον.
1532 691 1641 744 Καὶ
1687 691 1817 760 ἡμῖν

241 786 337 847 οὖν
367 793 497 860 ἄρα,
535 787 678 842 κατά
700 803 761 855 γε
800 786 862 839 τὸ
893 785 1005 838 ἴσον
1030 785 1124 838 τοῦ
1150 781 1308 852 λόγου
1336 777 1538 854 σχῆμα,
1579 781 1821 853 προσμέ-

243 902 398 939 νουσι
433 883 532 954 μὲν
565 881 642 951 τῷ
671 879 860 950 κόσμῳ
879 879 972 931 καὶ
1002 878 1122 940 ταῖς
1149 877 1271 930 κατ’
1295 876 1456 930 αὐτὸν
1488 871 1821 946 βδελυρωτὼ

243 992 366 1038 ταις
392 973 625 1045 ἡδοναῖς,
671 969 894 1040 οὐδεμία
929 967 1026 1039 μὲν
1070 965 1222 1019 ἔσται
1277 964 1426 1036 παρά
1471 957 1606 1017 Θεοῦ
1637 963 1816 1033 χάρις·

245 1064 604 1136 κεκλημένοις
649 1062 706 1115 δὲ
755 1061 850 1115 καὶ
890 1061 1002 1122 τοῖς
1059 1057 1224 1120 θείοις
1273 1055 1559 1110 ὑπείκουσι
1610 1055 1820 1124 νόμοις,

245 1154 660 1226 ἀναθρώσκουσι
692 1149 800 1203 τῶν
849 1148 1100 1218 καθάπερ
1135 1147 1216 1211 εἰς
1252 1147 1355 1218 γῆν
1387 1143 1593 1216 ὑψηλὴν
1618 1144 1716 1216 τὴν
1744 1146 1824 1207 είς

247 1248 361 1300 πᾶν
400 1243 576 1300 ὁτιοῦν
617 1242 727 1296 τῶν
781 1238 1000 1309 ἀγαθῶν
1043 1237 1228 1308 ἔφεσίν
1276 1254 1336 1290 τε
1370 1239 1463 1290 καὶ
1495 1236 1820 1308 προθυμίαν,

247 1339 426 1408 ἐνίησι
459 1335 552 1406 μὲν
576 1332 675 1404 τῆς
702 1331 838 1395 ἰδίας
869 1330 1026 1400 δόξης
1049 1329 1148 1399 τὴν
1179 1325 1382 1396 γνῶσιν
1405 1329 1435 1382 ό
1456 1327 1608 1391 Θεὸς,
1643 1327 1737 1380 καὶ
1765 1326 1827 1380 τὺ

249 1429 357 1498 τῆς
387 1427 597 1488 ἐλπίδος
631 1422 1020 1496 ὲρηρεισμένον
1054 1419 1467 1488 ἐπαγγέλλεταιο
1510 1418 1738 1488 εὐσθενῆ
1771 1416 1829 1470 δὲ

250 1519 400 1572 οὕτω
434 1518 521 1570 τὸν
554 1519 610 1570 ὲν
650 1517 784 1586 ημῖν
825 1510 1196 1583 ἀπεργάζεται
1248 1507 1405 1574 νοῦν,
1451 1507 1528 1570 ὠς
1565 1508 1664 1578 ῆδη
1715 1524 1830 1570 πως

257 1608 474 1679 ἰσχύσαι
506 1605 700 1668 θυσίας
719 1602 1014 1674 προσάγειν
1047 1597 1448 1670 πνευματικὰς,
1480 1597 1574 1651 καὶ
1605 1595 1829 1650 εὐωδίαν

255 1697 507 1768 γενέσθαι
525 1692 761 1767 Χριστοῦ
783 1693 861 1765 τῷ
879 1691 997 1763 Θεῷ
1021 1692 1115 1746 καὶ
1139 1691 1335 1761 Πατρὶ,
1357 1689 1496 1742 κατά
1516 1689 1574 1741 τὸ
1593 1703 1832 1758 γεγραμ-

261 1791 460 1860 μένον⁸
495 1788 841 1858 παραστῆσαι
885 1783 941 1838 δὲ
974 1780 1068 1836 καὶ
1111 1781 1258 1851 αὐτῷ
1303 1779 1365 1833 τὸ
1408 1778 1588 1849 σῶμα,
1643 1777 1832 1830 θυσίαν

1919 599 2188 653 hebatur:
2224 604 2414 666 postea
2435 609 2567 649 vero
2603 610 2770 663 quam
2827 607 2953 646 cum
2997 601 3110 648 tota
3157 577 3320 646 domo
3361 592 3487 646 uni-

1917 703 2185 759 versaque
2228 686 2554 758 supellectili
2593 684 2745 739 venit
2787 685 2845 740 in
2889 683 3146 738 Chanaan
3171 723 3184 747 ,
3217 693 3382 752 atque
3421 681 3489 735 ad

1919 786 2122 833 terram
2179 785 2422 832 sanctam
2463 775 2750 840 ascendit,
2801 783 2916 828 tum
2976 789 3107 828 vero
3159 773 3237 828 illi
3290 773 3492 827 divinae

1920 867 2148 923 visionis
2210 868 2384 938 gratia
2429 881 2692 922 concessa
2731 876 2836 932 est,
2895 868 3125 936 ejusque
3179 881 3304 936 spes
3339 865 3494 918 ﬁrma

1920 957 2284 1030 promissione
2328 957 2680 1011 corroborata
2725 967 2836 1022 est,
2877 957 3174 1026 altarisque
3204 966 3492 1011 exstruen-

1922 1047 1978 1104 di
2005 1051 2120 1121 jam
2169 1060 2418 1122 potestas
2451 1051 2617 1108 facta.
2655 1052 2723 1106 At
2752 1067 2853 1106 nos
2894 1050 3024 1104 item
3066 1049 3231 1103 simili
3266 1049 3494 1112 ratione,

1923 1139 2166 1207 quandiu
2207 1139 2263 1193 in
2317 1139 2523 1195 mundo
2581 1155 2888 1205 manemus,
2925 1147 2981 1193 et
3015 1137 3166 1192 illius
3204 1152 3493 1190 exsecran-

1924 1228 2010 1283 dis
2057 1229 2432 1300 voluptatibus
2474 1231 2918 1296 adhaerescimus,
2961 1231 3112 1285 nulla
3156 1228 3500 1300 permanebit

1927 1337 1959 1376 a
2008 1323 2120 1377 Deo
2153 1324 2358 1394 gratia;
2411 1324 2506 1378 sed
2558 1324 2602 1378 si
2658 1323 2835 1377 vocati
2897 1322 3100 1376 divinis
3142 1320 3356 1390 legibus
3397 1319 3499 1373 ob-

1925 1415 2442 1485 temperaverimus,
2473 1422 2528 1470 et
2560 1404 2628 1468 ad
2679 1414 2925 1467 omnium
2967 1413 3239 1466 bonorum
3293 1409 3502 1480 expeti-

1931 1509 2137 1563 tionem
2177 1517 2341 1578 atque
2371 1507 2546 1562 alacre
2573 1507 2814 1562 studium
2858 1515 3116 1574 tanquam
3146 1504 3200 1556 in
3232 1502 3500 1557 excelsam

1931 1606 2132 1652 terram
2161 1599 2682 1663 conscenderimus,
2717 1609 2833 1652 tum
2872 1612 3003 1652 vero
3049 1595 3211 1649 nobis
3256 1593 3504 1646 immittit

1931 1690 2078 1744 Deus
2103 1690 2288 1760 gloria:
2309 1705 2428 1745 suae
2455 1690 2846 1760 cognitionem,
2873 1697 2932 1743 et
2983 1687 3098 1758 spei
3135 1684 3505 1740 conﬁrmatio—

1933 1795 2061 1834 nem
2092 1780 2422 1850 pollicetur,
2473 1788 2798 1850 tantumque
2839 1779 3009 1834 robur
3067 1776 3351 1831 mentibus
3407 1791 3508 1828 no-

256 1879 441 1946 ζῶσαν
471 1878 566 1932 καὶ
598 1876 889 1948 εὐάρεστον
933 1873 1012 1944 τῷ
1045 1872 1185 1943 Θεῷ,
1225 1872 1324 1941 τὴν
1367 1870 1590 1941 λογικὴν
1637 1868 1730 1923 καὶ
1779 1870 1837 1922 ὲν

1948 1870 2068 1926 stris
2085 1870 2350 1934 immittit,
2377 1880 2436 1925 ut
2453 1873 2564 1942 jam
2584 1872 2857 1941 possimus
2888 1868 3095 1922 hostias
3122 1868 3321 1921 oﬂ'erre
3347 1865 3508 1936 spiri-

257 1971 530 2040 ’πνεύματι
563 1967 819 2038 λατρείαν
862 1965 958 2036 τὴν
989 1963 1285 2018 ἀπόδεκτον
1315 1961 1468 2032 παρά
1492 1961 1631 2031 Θεῷ.
1663 1962 1836 2032 Προσ-

261 2063 402 2116 ίεται
439 2060 548 2131 γὰρ
584 2058 833 2128 ἀσμένως
875 2056 974 2126 τῆς
1019 2057 1077 2110 ὲν
1127 2053 1397 2124 πνεύματι
1429 2051 1680 2124 λατρείας
1707 2053 1832 2116 τοὺς

258 2152 514 2222 τρόπους,
548 2149 643 2202 καὶ
670 2146 860 2201 θυσίαν
891 2145 1104 2215 ἡγεῖται
1124 2142 1186 2196 τὸ
1219 2145 1407 2214 χρῆμα
1436 2141 1832 2211 πνευματικήν.

1944 1960 2202 2024 tuales“,
2232 1968 2287 2015 et
2307 1960 2511 2015 Christi
2545 1961 2722 2015 bonus
2754 1960 2891 2015 odor
2921 1959 3038 2014 fieri
3088 1958 3202 2012 Deo
3245 1965 3301 2011 et
3329 1955 3505 2018 Patri,

1941 2047 2082 2107 sicut
2114 2053 2379 2122 scriptum
2419 2051 2607 2118 est“;
2659 2053 2919 2106 exhibere
2964 2049 3131 2104 etiam
3163 2049 3264 2118 ipsi
3292 2062 3510 2117 quoque

1945 2159 2148 2212 corpus
2179 2142 2414 2198 hostiam
2466 2144 2773 2208 viventem,
2839 2143 3253 2213 placentemque
3310 2141 3421 2194 Deo
3441 2139 3508 2202 “,

257 2258 461 2312 nempe
516 2240 841 2296 rationalem
879 2238 1038 2293 illum
1100 2243 1158 2292 et
1209 2235 1267 2290 in
1311 2235 1508 2305 spiritu
1546 2235 1791 2297 cultum,
1826 2233 1920 2303 qui
1949 2231 2062 2289 Deo
2090 2244 2175 2289 est
2204 2236 2259 2290 in
2294 2237 2488 2304 primis
2523 2243 2798 2305 acceptus.
2849 2236 3110 2289 Libenter
3169 2233 3317 2287 enim
3391 2247 3510 2285 am-

259 2333 523 2404 plectitur
550 2330 850 2402 spiritualis
889 2330 1038 2385 illius
1088 2327 1340 2399 obsequii
1395 2327 1536 2381 ritus
1560 2367 1575 2391 ,
1621 2333 1787 2395 atque
1839 2327 1974 2381 illud
2011 2327 2245 2381 hostiam
2272 2328 2611 2398 spiritualem
2646 2336 2820 2398 putat.

333 2447 542 2500 ΠΑΛΛ.
593 2442 1032 2514 Μεθορμίζεσθαι
1076 2442 1141 2513 δὴ
1194 2437 1288 2494 οὖν
1349 2442 1444 2494 ἐπὶ
1509 2441 1576 2494 τά
1631 2439 1841 2511 ἀμείνω

263 2543 488 2613 πρέπει,
527 2538 637 2593 τῶν
669 2537 951 2608 αἰσχιόνων
997 2535 1351 2606 ἀπαίροντας·
1400 2535 1493 2587 καὶ
1522 2535 1839 2607 προσίεσθαι

264 2634 367 2703 μὲν
401 2632 477 2694 ὡς
508 2631 700 2702 ἣδιστα
728 2629 826 2700 τὴν
865 2628 1072 2684 ἄνωθεν
1110 2627 1320 2696 κλῆσιν,
1365 2626 1758 2698 ἐμφιλοχωρεῖν
1783 2626 1838 2680 δὲ

255 2722 349 2775 ὃτι
389 2720 625 2792 μάλιστα
657 2719 833 2789 φιλεῖν
871 2720 983 2781 τοῖς
1012 2719 1077 2771 ὲκ
1117 2717 1283 2787 νόμου
1310 2716 1714 2786 τετιμημένοις,
1747 2717 1842 2770 καὶ

259 2813 365 2883 τὴν
390 2811 621 2882 ἀρίστην
672 2809 870 2880 ψῆφονο
894 2807 1118 2878 λαχοῦσι
1163 2807 1314 2879 παρά
1359 2806 1495 2877 Θεῷ.
1551 2806 1638 2869 Ὠς
1671 2807 1734 2860 τό
1766 2824 1848 2861 τοι

261 2903 452 2973 ζητεῖν
477 2903 671 2958 ἀνόπιν
699 2903 834 2956 ἰέναι
858 2901 952 2956 καὶ
982 2903 1282 2953 έπινοστεῖν
1311 2899 1401 2954 ἐπί
1426 2917 1478 2952 τι
1509 2899 1616 2953 τῶν
1643 2899 1848 2954 ἀδικεῖν

261 2992 559 3070 εἰωθότων,
586 2991 767 3053 αἰτίας
788 2992 888 3044 οὐκ
918 2989 1318 3060 ἀπαλλάξομεν.

338 3107 508 3160 ΚΥΡ.
548 3105 624 3159 οὐ
660 3104 760 3175 μὲν
790 3101 904 3169 οὖν,
927 3097 972 3158 ὦ
1007 3106 1208 3176 ἑταῖρε.
1237 3104 1589 3175 Παγχάλεπον
1619 3105 1717 3176 μὲν
1741 3105 1847 3176 γὰρ

2015 2441 2211 2495 PALL.
2246 2442 2412 2496 Decet
2444 2442 2630 2513 igitur,
2668 2451 2728 2497 ut
2771 2457 2801 2496 a
2847 2442 3189 2511 turpioribus
3240 2441 3401 2495 factis
3431 2439 3514 2494 di—

1943 2534 2143 2602 gressi,
2179 2533 2248 2588 ad
2270 2534 2554 2601 meliorem
2591 2535 2756 2590 vitam
2793 2551 2893 2589 nos
2922 2535 3287 2598 conferamus,
3318 2550 3513 2604 super-

1944 2639 2179 2694 namque
2217 2615 2560 2679 vocationem
2592 2625 2954 2681 libentissime
3001 2627 3428 2696 amplectamur,
3458 2626 3513 2680 in

1946 2715 2121 2784 iisque
2153 2715 2318 2770 rebus
2347 2717 2582 2772 maxime
2609 2717 2813 2771 versari
2856 2718 3165 2788 cupiamus,
3191 2733 3314 2787 quae
3338 2733 3368 2771 a
3397 2717 3516 2788 lege

1945 2809 2270 2878 probantur,
2302 2818 2359 2865 et
2400 2825 2431 2864 a
2469 2811 2582 2864 Deo
2627 2810 2834 2880 optima
2881 2810 3219 2880 judicantur.
3262 2810 3398 2864 Nam
3433 2825 3516 2863 re-

1947 2906 2182 2953 trorsum
2209 2900 2362 2954 abire
2389 2900 2550 2965 velle,
2577 2909 2633 2954 et
2663 2901 2730 2954 ad
2755 2916 2820 2955 ea
2849 2900 3074 2965 reverti,
3096 2900 3344 2970 aquibus
3369 2899 3517 2954 laedi-

1945 3005 2092 3054 mur,
2125 2991 2180 3045 id
2208 3005 2337 3044 vero
2362 2992 2520 3061 culpa
2547 2992 2771 3047 minime
2795 3003 2972 3048 vacat.

2014 3103 2171 3159 (ΠΒ.
2206 3105 2425 3160 Minime
2444 3121 2596 3170 vero,
2618 3105 2842 3160 Palladi.
2880 3105 3411 3160 Periculosissimum
3435 3114 3520 3160 est

262 3199 331 3254 τὸ
363 3199 541 3252 νοσεῖν
579 3196 795 3250 ἑλέσθαι
829 3195 992 3249 πάλιν
1027 3195 1094 3248 τὰ
1130 3189 1206 3249 ὧν
1237 3196 1303 3250 ἂν
1336 3195 1595 3266 έξοίχοιτό
1630 3213 1740 3259 τις·
1773 3195 1847 3258 ὼς

1949 3195 2096 3250 enim
2145 3195 2201 3248 in
2257 3211 2353 3250 eos
2414 3197 2634 3250 morbos
2675 3197 2922 3252 recidere
2958 3197 3132 3260 velle,
3173 3212 3313 3266 quos
3351 3197 3518 3251 semel

263 3287 384 3354 τοῖς
427 3307 490 3360 γε
518 3288 669 3352 ἅπαξ
710 3287 1065 3360 ὲξῃρημένοις
1105 3287 1332 3356 δυνάμει
1387 3287 1522 3338 Θεοῦ
1572 3286 1848 3350 πολιτείας

265 3385 565 3455 κοσμικῆς,
617 3381 880 3454 σφαλερὸν
925 3382 1062 3450 ἄγαν
1103 3381 1165 3433 τὸ
1216 3381 1320 3434 κᾶν
1373 3381 1504 3448 γοῦν
1553 3383 1634 3443 είς
1682 3380 1850 3450 αὐτὴν

268 3474 580 3542 ἀποϐλέψαι
629 3472 805 3542 μόνον,
853 3471 949 3524 καὶ
993 3470 1154 3522 οἱονεὶ
1211 3468 1348 3538 πρὸς
1377 3468 1681 3537 ἀνάμνησιν
1715 3465 1852 3520 ἰέναι

271 3565 783 3638 πλημμελημάτων,
817 3563 1018 3632 εἰςξτὴν
1047 3563 1132 3614 ἐπ’
1160 3561 1344 3624 αὐτοῖς
1370 3561 1648 3630 ἀγάπησιν
1672 3558 1854 3621 ίέντας

267 3659 369 3712 τὸν
397 3654 545 3712 νοῦν.
585 3657 694 3709 Καὶ
744 3654 873 3724 γοῦν
922 3655 950 3706 ό
991 3653 1275 3715 θεσπέσιος
1305 3651 1558 3722 Μελῳδὸς
1607 3651 1854 3719 ἐλιπάρει

269 3751 480 3818 λέγων’
531 3767 549 3799 ι
594 3745 954 3817 ’Δπόστρεψον
997 3747 1125 3808 τοὺς
1167 3743 1477 3813 ὀφθαλμούς
1521 3760 1622 3814 μου
1659 3741 1752 3795 τοῦ
1781 3741 1855 3814 μὴ

277 3842 415 3894 ἰδεῖν
465 3838 817 3909 ματαιότητα.
858 3854 878 3887 δ
937 3835 1251 3903 Ματαιότης
1295 3835 1404 3905 γὰρ
1450 3833 1528 3897 ὡς
1561 3833 1775 3902 ἀληθῶς
1826 3836 1854 3884 ὁ

276 3931 434 3986 τοῦδε
467 3928 563 3983 τοῦ
592 3929 706 4000 βίου
734 3926 1134 3998 περισπασμὸς,
1176 3926 1267 3978 καὶ
1291 3927 1324 3995 ἡ
1362 3924 1468 3976 τῶν
1509 3923 1854 3993 προσ-χαίρων

280 4024 529 4084 διάκενος
574 4020 795 4090 τέρψις,
836 4012 912 4071 ὧν
962 4018 1045 4070 ὅτι
1101 4019 1364 4088 προσήκει
1409 4015 1710 4069 διίστασθαι
1764 4016 1858 4069 καὶ

284 4116 608 4184 ἀποφοιτᾲν,
638 4109 1018 4183 παραιτεῖσθαι
1053 4109 1108 4162 δὲ
1138 4109 1230 4161 καὶ
1262 4109 1428 4178 μόνην
1455 4107 1553 4179 τὴν
1581 4107 1656 4168 ὼς
1685 4107 1742 4157 ὲν
1772 4107 1860 4158 ἐν·

282 4207 455 4268 νοίαις
499 4205 598 4276 μὲν
634 4203 712 4256 ἔτι
762 4204 857 4256 σὺν
900 4202 1058 4272 ἡδονῇ
1084 4218 1144 4253 τε
1187 4199 1524 4268 κατάσκεψιν
1567 4197 1658 4250 τόν
1683 4213 1744 4264 γε
1787 4196 1862 4259 ὼς

283 4294 499 4364 ἀληθῶς
539 4293 852 4365 όρθοποδεῖν
891 4292 1184 4364 ᾑρημένον,
1219 4291 1488 4362 ἀναμάθοι
1525 4306 1610 4353 τις
1638 4288 1703 4343 ἂν
1734 4291 1863 4342 κάν-

285 4385 474 4438 τεῦθεν
499 4385 759 4448 εὐκόλως.

359 4475 568 4528 nam.
623 4475 717 4527 Ἐκ
747 4474 839 4529 τοῦ
873 4475 936 4546 δὴ
968 4475 1114 4545 φής;

360 4589 528 4644 ΚΥΡ.
569 4587 630 4642 Oi
674 4587 783 4641 τῶν
823 4588 1072 4658 Σοδόμων
1112 4587 1396 4658 οἰκήτορες
1449 4585 1529 4647 εἰς
1571 4583 1668 4646 τὰς
1716 4581 1865 4652 παρά

294 4680 454 4749 φύσιν
473 4679 672 4750 ἡδονὰς
694 4679 899 4752 ἀγρίως
919 4678 1190 4749 ὲξοιστρού
1201 4695 1368 4748 μενοι,
1399 4677 1494 4728 καὶ
1518 4673 1870 4744 ἀτιμάζοντες

298 4770 395 4839 μὲν
419 4768 511 4822 τὸν
533 4768 750 4821 συνόδου
785 4766 968 4837 νόμον,
997 4767 1054 4820 ὃν
1078 4767 1171 4819 ἐπὶ
1199 4766 1404 4818 παίδων
1435 4765 1618 4831 γοναῖς
1651 4765 1682 4832 ὴ
1711 4761 1872 4830 φύσις

293 4860 550 4931 ὡρίσατο,
599 4859 770 4931 ὥραις
798 4859 855 4912 δὲ
886 4861 1006 4922 ταῖς
1044 4857 1291 4930 ἀρρένων
1323 4851 1728 4922 ἐπιθηγόμενοι,
1779 4850 1874 4902 καὶ

294 4955 350 5007 τί
372 4955 480 5026 γὰρ
515 4955 634 5025 οὐχὶ
665 4953 770 5008 τῶν
801 4953 922 5006 λίαν
975 4953 1369 5006 ὲκτοπωτάτων
1415 4946 1872 5017 διαπεραίνοντες,

297 5041 656 5114 κατηρέθιζον
702 5045 782 5106 εἰς
810 5043 1000 5114 ὀργάς,
1039 5043 1134 5096 καί.
1174 5041 1453 5103 οίονείπως
1497 5035 1879 5099 κατεδιὰζοντο

297 5132 438 5202 πρὸς
465 5133 564 5202 τὴν
587 5132 673 5184 ἐπ’
699 5134 882 5195 αὐτοῖς
915 5133 1050 5185 ἰέναι
1081 5131 1257 5199 δίκην,
1287 5129 1466 5185 καίτοι
1501 5126 1879 5196 φιλάνθρωπον

297 5224 428 5276 ὅντα
459 5224 548 5276 τὸν
589 5225 954 5295 Δημιουργόν.
1000 5223 1215 5292 Ἐπειδὴ
1245 5223 1301 5276 δὲ
1331 5221 1421 5273 τοῦ
1455 5220 1651 5290 χρῆναι
1684 5219 1878 5272 παθεῖν

301 5316 394 5368 ἐπὶ
437 5313 632 5383 θύραις
657 5311 724 5384 ῆν
755 5315 783 5366 ό
817 5314 1026 5386 καιρὸς,
1070 5312 1515 5382 δεδαπανημένης
1553 5309 1742 5382 ὥσπερ
1780 5313 1879 5381 τῆς

302 5407 388 5458 ἐπ’
454 5405 638 5466 αὐτοῖς
674 5405 1043 5470 ἀνεξικακίας,
1088 5402 1397 5456 εἰσέϐαλλον
1434 5405 1490 5455 ὲν
1537 5401 1790 5471 Σοδόμοις
1829 5401 1878 5452 οἰ

305 5494 461 5548 τοῦτο
492 5493 896 5565 πληρώσοντες.
943 5496 1257 5565 Γέγραπται
1299 5493 1356 5546 δὲ
1382 5493 1573 5556 οὕτως’
1613 5512 1632 5544 ο
1679 5489 1882 5545 Ἦλθον

306 5584 359 5637 δὲ
384 5584 476 5638 δύο
496 5583 722 5653 ἄγγελοι
755 5588 834 5649 εἰς
863 5585 1070 5656 Σόδομα
1101 5585 1358 5657 ἑσπέρας.
1392 5583 1515 5638 Λὼτ
1564 5583 1620 5636 δὲ
1649 5584 1882 5653 ἐκάθητο

379 5788 424 5823 “
452 5790 472 5846 I
497 5791 620 5846 Pet.
645 5804 706 5852 ιι,
831 5787 876 5818 ⁸⁵
914 5787 958 5841 II
992 5787 1119 5843 Cor.
1161 5805 1219 5851 ιι,
1256 5790 1338 5843 l5.

634 5881 911 5937 ΡΑΤΒΟΙ..
957 5880 1070 5936 GR.
1119 5879 1353 5937 LXVIII

1440 5791 1484 5821 ⁸⁸
1518 5792 1674 5846 Rom.
1707 5808 1800 5856 xu,
1841 5792 1894 5846 l.

1895 4535 1941 4593 D

1949 3287 2191 3342 evaseris
2221 3304 2233 3340 :
2263 3303 2390 3344 nam
2425 3288 2511 3351 iis,
2544 3287 2636 3356 qui
2679 3289 2850 3341 semel
2878 3287 2976 3341 Dei
3016 3301 3118 3355 ope
3142 3301 3208 3339 ex
3248 3285 3519 3339 mundana

1949 3380 2359 3434 conversatione
2393 3379 2502 3434 sint
2543 3379 2742 3449 erepti,
2763 3379 2834 3434 ad
2873 3394 2994 3433 eam
3027 3379 3114 3432 vel
3145 3377 3414 3448 respicere
3436 3393 3509 3432 so

1949 3471 2083 3534 lum,
2117 3486 2182 3524 ac
2201 3470 2465 3524 memoria
2500 3478 2748 3540 repetere
2770 3477 3016 3539 peccata,
3053 3478 3215 3538 atque
3247 3468 3316 3523 ad
3340 3483 3403 3523 ea
3422 3468 3522 3522 ad-

1953 3563 2184 3617 amanda
2221 3563 2466 3616 animum
2496 3563 2792 3632 appellere,
2829 3561 3053 3615 minime
3087 3569 3264 3614 tutum
3295 3546 3523 3615 est.lt'a-

1954 3670 2060 3724 que
2094 3653 2314 3708 divinus
2347 3654 2436 3706 ille
2462 3654 2746 3707 Psalmista
2785 3654 2975 3706 orabat
3008 3653 3196 3708 dicens
3225 3671 3238 3706 :
3275 3672 3293 3703 c
3328 3653 3524 3707 Averte

1955 3745 2144 3798 oculos
2181 3760 2352 3809 meos,
2401 3760 2471 3798 ne
2524 3744 2748 3798 videant
2796 3745 3178 3798 vanitatem".
3221 3762 3239 3794 ›
3302 3744 3525 3799 Vanitas

1956 3835 2101 3889 enim
2125 3851 2314 3889 revera
2341 3845 2424 3890 est
2451 3836 2617 3905 hujus
2643 3835 2769 3889 vitre
2805 3835 3110 3899 distractio,
3145 3844 3309 3906 atque
3341 3853 3524 3891 rerum

1960 3925 2339 3994 temporalium
2387 3924 2566 3978 inanis
2614 3924 2927 3989 oblectatio,
2960 3940 2990 3978 a
3040 3924 3241 3995 quibus
3289 3925 3538 4002 disjungi.

1960 4024 2121 4085 atque
2137 4016 2391 4070 recedere
2414 4003 2686 4085 oportere,
2713 4030 3010 4085 earumque
3036 4033 3218 4070 rerum
3245 4018 3330 4072 vel
3357 4019 3527 4071 solam

1961 4107 2304 4176 cogitationis
2344 4123 2468 4161 cum
2506 4107 2784 4176 voluptate
2832 4109 3176 4176 conjunctam
3213 4109 3526 4163 considera-

1963 4198 2166 4250 tionem
2205 4199 2282 4263 ei,
2304 4198 2399 4267 qui
2431 4207 2578 4251 recte
2610 4197 2820 4268 ingredi
2856 4198 3022 4262 velit,
3060 4213 3179 4253 esse
3211 4199 3528 4261 cavendam,

1964 4289 2091 4343 hinc
2125 4290 2282 4344 facile
2311 4291 2536 4361 intelligi
2556 4299 2752 4361 potest.

2038 4472 2235 4527 PALL.
2261 4472 2568 4535 Undenam,
2613 4470 2837 4540 qmeso?

2041 4584 2148 4656 24
2169 4583 2324 4639 CYR.
2364 4584 2728 4639 Sodomorum
2773 4583 3131 4645 habitatores,
3173 4599 3296 4637 cum
3337 4583 3403 4637 ad
3443 4600 3533 4639 eas

1967 4679 2294 4746 voluptates,
2326 4691 2446 4746 quae
2474 4684 2669 4745 praeter
2692 4682 2940 4729 naturam
2976 4682 3191 4736 essent,
3229 4675 3546 4731 immaniter

1967 4770 2117 4822 velut
2159 4777 2326 4823 mstro
2364 4767 2598 4836 quodam
2635 4767 3079 4831 stimularentur,
3121 4782 3356 4836 cumque
3405 4783 3534 4821 con-

1970 4867 2174 4929 tempta
2206 4873 2532 4929 congressus
2568 4859 2708 4929 lege,
2742 4873 2904 4928 quam
2953 4858 3142 4913 liberis
3189 4859 3540 4928 procreandis

1973 4949 2297 5018 naturaipsa
2331 4949 2683 5018 praescripsit,
2715 4949 3080 5003 masculorum
3121 4949 3301 5019 specie
3348 4949 3536 5010 illecti,

1977 5043 2044 5095 ad
2074 5043 2334 5095 libidines
2361 5040 2759 5106 excitarentur,
2793 5042 3050 5111 nullaque
3091 5041 3229 5095 adeo
3277 5040 3537 5109 ﬂagitiosa

1978 5147 2064 5185 res
2097 5139 2240 5186 esset
2283 5147 2312 5184 a
2339 5147 2447 5201 qua
2486 5131 2848 5202 perpetranda
2879 5133 3250 5193 abstinerent,
3287 5131 3422 5183 iram
3446 5130 3537 5184 Dei

1976 5232 2362 5293 provocarunt,
2398 5231 2453 5278 et
2482 5224 2794 5279 Creatorem
2839 5226 3045 5294 alioqui
3089 5225 3421 5294 benignum,
3473 5223 3538 5278 ad

1977 5328 2164 5384 pinnas
2203 5316 2271 5370 ab
2309 5317 2389 5371 eis
2415 5319 2736 5388 repetendas
2773 5318 3102 5377 descendere
3143 5317 3508 5387 quodammod

1977 5416 2291 5476 coegerunt.
2327 5406 2548 5476 Itaque,
2608 5424 2731 5462 cum
2791 5418 3006 5476 tempus
3051 5408 3240 5462 luendi
3293 5408 3610 5478 suppliciis.

1979 5496 2225 5560 instaret,
2248 5498 2532 5568 absumpta
2554 5500 2664 5569 jam
2690 5499 3091 5568 quodammodo
3131 5500 3316 5556 divina
3359 5501 3416 5555 in
3467 5501 3554 5559 eis

1980 5589 2264 5658 patientia,
2290 5591 2517 5659 ingressi
2568 5600 2694 5644 sunt
2715 5590 2949 5645 Sodoma
2971 5592 3196 5650 ultionis
3221 5594 3420 5648 divince
3447 5589 3552 5644 mi—

1988 5793 2030 5824 "
2082 5793 2222 5847 Psal.
2268 5809 2445 5852 cxvm.
2509 5795 2594 5846 57.

3162 5881 3196 5938 6
