4082 6304
578 404 673 458 ΓΗ

1592 402 1647 459 s.
1688 401 1959 460 avrum
1997 357 2476 455 ALEXANDRINI‘
2501 368 2815 457 Anam.

3703 402 3815 460 {‘12

569 515 747 574 nistri.
782 515 873 571 Sic
898 531 1133 586 namque
1150 517 1414 588 scriptum
1436 525 1555 574 est:
1590 536 1607 569 ι
1646 518 1925 573 Venerunt
1947 525 2131 571 autem

2236 512 2384 584 ποιρά
2428 513 2527 582 τὴν
2559 513 2735 583 πύλην
2773 512 3039 586 Σοδόμων.
3086 512 3228 569 Ἰδὼν
3261 512 3319 567 δὲ
3363 512 3513 578 Λὼτῖ
3543 513 3812 589 ἐξανέστη

569 607 679 660 duo
716 606 893 676 angeli
917 604 1209 661 Sodomam
1254 606 1489 678 vesperi.
1545 606 1648 661 Lot
1688 615 1872 661 autem
1908 605 2135 661 sedebat

569 709 737 765 prope
765 700 979 764 portam
1002 693 1384 750 Sodomorum.
1415 694 1622 751 Videns
1655 702 1837 750 autem
1867 694 1990 759 Lot,
2015 709 2136 748 sur-

570 784 711 840 rexit
742 785 800 840 in
842 799 1132 840 occursum
1172 800 1385 851 eorum,
1435 795 1491 840 et
1543 785 1790 841 adoravit
1822 800 2030 856 pronus
2076 784 2135 839 in

571 881 793 942 terram,
825 883 882 931 et
902 874 1041 930 dixit
1072 875 1212 941 :En,
1261 875 1779 942 domini,declinate
1816 875 1874 930 in
1911 874 2134 931 domum

570 966 716 1021 servi
746 964 939 1031 vestri,
959 974 1015 1021 et
1046 965 1326 1031 divertite,
1373 973 1431 1020 et
1466 965 1674 1021 abluite
1700 964 1869 1036 pedes
1898 973 2132 1030 vestros,

568 1067 626 1113 et
655 1073 813 1113 mane
849 1065 1134 1130 surgentes
1149 1056 1569 1128 proﬁciscemini
1616 1057 1673 1112 in
1699 1057 1844 1111 viam
1875 1064 2133 1111 vestram.

570 1147 639 1201 Et
685 1145 943 1202 dixerunt
978 1146 1157 1201 :Non.
1198 1145 1306 1202 Sed
1351 1146 1410 1200 in
1451 1146 1633 1217 platea
1678 1145 2042 1201 manebimus.
2066 1144 2138 1200 Et

570 1238 750 1309 coegit
773 1237 919 1303 illos,
947 1242 1006 1292 et
1046 1237 1464 1294 declinaverunt
1510 1239 1579 1294 ad
1614 1254 1765 1306 eum,
1803 1247 1860 1294 et
1903 1238 2135 1310 ingressi

572 1335 702 1381 sunt
723 1327 946 1383 domum
978 1328 1120 1399 ejus,
1150 1337 1207 1383 et
1243 1327 1376 1383 fecit
1402 1329 1484 1384 eis
1525 1329 1858 1393 convivium,
1899 1337 1957 1383 et
1990 1328 2138 1383 coxit

569 1432 778 1488 azyma,
804 1424 860 1471 et
878 1417 1237 1473 comederunt
1265 1426 1555 1488 antequam
1582 1419 1725 1473 irent
1744 1418 1994 1473 cubitum
2014 1418 2078 1472 ⁸⁸.
2109 1437 2128 1470 ι

568 1506 671 1561 Lot
697 1521 930 1576 namque
963 1522 1089 1561 cum
1125 1523 1193 1561 ex
1224 1509 1432 1563 semine
1470 1518 1614 1565 esset
1659 1508 1952 1575 Abraham,
1990 1517 2047 1565 et
2078 1510 2135 1566 in

568 1595 734 1651 rectis
757 1595 971 1667 legibus
996 1595 1284 1662 educatus,
1308 1605 1366 1650 et
1396 1596 1619 1667 pietatis
1659 1599 1716 1653 in
1764 1598 1939 1654 Deum
1969 1598 2137 1653 vehe-

2234 604 2313 667 εἰς
2338 602 2659 673 συνάντησιν
2681 601 2881 666 αὐτῶν,
2905 604 2999 656 καὶ
3031 604 3401 676 προσεκύνησε
3423 602 3502 674 τῷ
3527 603 3812 677 προσώπῳ

2234 693 2327 746 ἐπὶ
2352 693 2453 765 τὴν
2483 692 2610 764 γῆν,
2669 692 2766 747 ml
2829 688 3009 748 εἴπεν·
3070 694 3224 759 Ἰδοὺ,
3267 694 3484 764 Κύριοι,
3519 693 3811 749 ἐκκλίνατε

2238 785 2318 847 είς
2344 784 2434 838 τὸν
2471 780 2618 838 οἷκον
2653 783 2746 838 τοῦ
2780 785 2969 849 παιδδς
2996 785 3167 856 ὑμῶν,
3199 785 3293 840 ml
3319 784 3681 854 καταλύσατε,
3713 787 3813 842 ml

2238 874 2462 945 νίψασθε
2487 876 2614 940 τοὺς
2652 875 2820 939 πόδας
2864 876 3036 947 ὑμῶν,
3076 876 3173 930 ml
3196 876 3546 949 ὀρθρίσαντις
3574 877 3813 932 ἀπελεύ-

2239 964 2396 1018 σεσθε
2434 966 2514 1029 είς
2555 965 2654 1035 τὴν
2681 964 2798 1019 ὁδὸν
2830 965 3005 1036 ὑμῶν.
3034 965 3146 1020 Kal
3182 961 3353 1021 εἷπον·
3401 966 3557 1038 Οὐχί.
3582 966 3728 1021 Ἀλλ’
3750 969 3812 1022 ἐν

2234 1055 2301 1124 τῇ
2332 1053 2565 1126 πλατείᾳ
2607 1052 3009 1124 καταλύσομεν,
3059 1053 3153 1109 καὶ
3189 1053 3543 1118 κατεϐιάζετο
3584 1057 3808 1122 αὐτοὺς,

2237 1144 2330 1197 καὶ
2350 1144 2626 1209 ἐξέκλιναν
2667 1145 2803 1217 πρὸς
2829 1144 3010 1212 αὐτὸν,
3038 1147 3135 1200 καὶ
3169 1145 3415 1217 εἰσῆλθον
3442 1148 3523 1210 είς
3550 1148 3640 1202 τὸν
3658 1143 3813 1203 οἷκον

2237 1232 2423 1299 αὐτοῦ,
2453 1233 2549 1287 ml
2571 1234 2825 1306 ἐποίησεν
2854 1236 3037 1300 αὐτοῖς
3061 1236 3240 1292 πότον.
3274 1237 3382 1290 Καὶ
3413 1237 3653 1308 ἀζύμους
3676 1239 3813 1293 έπε-

2234 1324 2335 1394 ψεν
2369 1324 2571 1392 αὐτοῖς,
2606 1324 2702 1380 ml
2726 1325 2931 1396 ἔφαγον
2972 1327 3081 1397 πρὸ
3119 1325 3213 1381 τοῦ
3245 1329 3594 1402 κοιμηθῆναι.
3630 1350 3650 1383 ι
3684 1331 3813 1387 Λὼτ

2242 1413 2341 1484 μὲν
2369 1413 2500 1485 γὰρ,
2540 1412 2635 1469 ἀτε
2665 1413 2729 1486 δὴ
2757 1416 2849 1469 καὶ
2877 1413 2936 1481 ἐξ
2974 1416 3204 1488 αἵματος
3232 1418 3491 1491 ὑπάρχων
3532 1418 3810 1493 Ἀϐραὰμ,

2236 1505 2473 1569 καὶτοῖς
2499 1505 2599 1576 τῆς
2614 1505 2898 1579 ὀρθότητος
2937 1507 3122 1579 νόμοις
3159 1510 3614 1583 ἐντεθραμμένος,
3652 1511 3813 1567 εὐσεσ

2236 1594 2388 1659 ϐείας
2422 1612 2482 1648 τε
2505 1597 2604 1668 τῆς
2643 1598 2724 1661 είς
2764 1597 2897 1652 Θεὸν
2932 1599 3033 1653 οὐκ
3061 1602 3118 1654 ἐν
3156 1599 3350 1673 βραχεῖ
3390 1601 3532 1674 λόγῳ
3567 1619 3813 1676 πεφρον-

569 1695 783 1743 menter
839 1687 1141 1754 studiosus,
1208 1688 1495 1743 habitabat
1566 1688 1621 1744 in
1675 1688 1947 1745 Sodomis.
2005 1690 2136 1745 Erat

2236 1684 2421 1753 τικὼς,
2451 1686 2697 1758 παρῴκει
2720 1688 2789 1742 τά
2819 1689 3048 1762 Σόδομα.
3073 1683 3182 1745 Ἦν
3207 1691 3262 1745 δὲ
3287 1692 3373 1745 ἐπ’
3392 1694 3575 1758 αὐτοῖς
3601 1694 3816 1771 ἔπηλυς

568 1788 750 1834 autem
780 1780 924 1851 apud
956 1794 1053 1835 eos
1088 1779 1295 1835 advena
1321 1787 1377 1834 et
1402 1779 1602 1850 hospes
1626 1788 1684 1834 et
1707 1794 1906 1851 genere
1938 1787 1994 1835 et
2013 1795 2134 1835 mo-

2237 1778 2329 1831 ml
2356 1777 2504 1842 ξένος
2536 1780 2631 1834 ml
2663 1779 2808 1849 γένει
2837 1781 2932 1835 ml
2954 1782 3160 1854 τρόπῳ.
3209 1802 3228 1835 ι
3274 1784 3371 1848 Τίς
3399 1785 3507 1858 γάρ
3554 1770 3817 1844 κοινωνία

569 1871 743 1926 ribus.
783 1889 802 1923 ι
836 1870 966 1938 Quae
988 1871 1135 1926 enim
1175 1871 1409 1927 societas
1450 1870 1563 1925 luci
1617 1870 1688 1925 ad
1720 1870 2009 1926 tenebras?
2049 1870 2136 1927 vel

2238 1868 2377 1935 φωτὶ
2430 1869 2567 1941 πρὸς
2619 1870 2839 1938 σκότος;
2890 1871 2923 1943 ἢ
2970 1851 3055 1937 τίς
3089 1851 3246 1946 μερὶς
3293 1851 3487 1947 πιστῷ-
3511 1877 3648 1947 μετὰ
3682 1879 3817 1934 ἀπί-

568 1980 689 2035 qua:
716 1979 842 2034 pars
862 1963 1009 2018 ﬁdeli
1042 1977 1168 2018 cum
1191 1962 1434 2040 inﬁdeli?
1456 1982 1474 2014 ι
1499 1962 1643 2017 sicut
1671 1962 1935 2033 scriptum
1965 1971 2050 2018 est
2069 1963 2133 2016 θ’.

2238 1978 2397 2028 στου,
2437 1979 2456 2014 ι
2498 1961 2641 2016 κατά
2674 1962 2735 2017 τὸ
2770 1965 3188 2036 γεγραμμένον;
3227 1967 3731 2040 Κατευμεγεθήσας
3757 1971 3815 2024 δέ

566 2056 753 2127 Itaque
776 2071 900 2112 cum
929 2061 1301 2113 contemneret
1335 2034 1469 2110 vitia
1524 2054 1925 2126 indigenarum,
1951 2070 2015 2110 ac
2040 2070 2136 2126 per

2236 2048 2345 2103 τῶν
2394 2049 2699 2121 ἐπιχωρίων
2752 2034 2961 2117 κακῶν,
2997 2034 3099 2106 καὶ
3146 2054 3245 2125 τὴν
3288 2034 3435 2127 αύτῷ
3480 2034 3683 2131 συνήθη
3718 2061 3814 2114 τοῦ

568 2144 703 2199 illud
752 2143 859 2200 iter
882 2144 1010 2199 vita:
1068 2142 1478 2215 ingrederetur,
1533 2143 1622 2200 cui
1682 2152 1936 2199 assuetus
1993 2154 2135 2211 erat,

2238 2140 2355 2212 βίου
2392 2141 2706 2212 διαστείχων
2745 2142 2882 2207 ὁδὸν,
2927 2142 3097 2213 ἁγίων
3131 2143 3307 2216 εἴχετο
3353 2147 3812 2221 σπουδασμάτων,

567 2236 772 2291 sanctis
801 2235 1206 2292 adhaerescebat
1250 2236 1469 2304 studiis,
1502 2244 1669 2308 atque
1699 2252 1824 2293 cum
1851 2236 2136 2308 hospitali-

2237 2231 2332 2286 ml
2382 2233 2481 2303 τῆς
2528 2231 2827 2302 φιλοξενίας
2870 2234 2961 2287 τὸν
3004 2234 3166 2305 νόμον
3207 2238 3289 2290 ὅτι
3331 2236 3565 2307 μάλιστα
3606 2240 3811 2312 τιμῶν,

568 2326 697 2381 tatis
732 2326 908 2397 legem
938 2325 994 2380 in
1031 2325 1226 2396 primis
1250 2325 1478 2391 coleret,
1516 2325 1574 2381 in
1615 2325 1735 2396 ipso
1770 2325 1926 2380 urbis
1982 2324 2136 2380 aditu

2236 2327 2354 2389 ταῖς
2412 2321 2505 2377 τοῦ
2553 2324 2757 2388 ἄστεως
2807 2324 3141 2398 προσιζήσας
3189 2327 3488 2396 είσϐολαῖς,
3539 2332 3667 2395 τοὺς
3700 2333 3815 2386 είσ-

566 2417 785 2483 sedens,
839 2416 1212 2488 ingredientes
1251 2417 1489 2489 benigne
1535 2416 1840 2487 accipiebat
1882 2435 1895 2470 :
1929 2417 2136 2472 sciebat

2238 2413 2527 2485 τρέχοντας
2550 2416 2608 2468 ἐν
2635 2415 2828 2480 αὐταῖς
2860 2417 3139 2487 προσίεται
3178 2418 3533 2490 φιλοφρόνως,
3561 2420 3816 2491 θεοφιλὲς

564 2509 713 2564 enim
737 2508 790 2564 id
810 2524 929 2565 esse
952 2510 1066 2564 Deo
1077 2519 1413 2580 pergratum.
1441 2508 1579 2564 Cum
1604 2523 1737 2563 vero
1767 2509 2047 2564 venissent
2074 2508 2134 2572 ii,

2236 2503 2296 2556 τὸ
2336 2501 2523 2574 χρῆμα
2559 2502 2735 2567 είδώς.
2797 2506 3017 2578 Ἐπειδὴ
3063 2507 3118 2559 δὲ
3148 2501 3283 2579 ἧκον
3324 2510 3371 2562 οἱ
3397 2512 3509 2574 τοῖς
3537 2512 3617 2574 είς
3643 2512 3814 2565 ἀσέλ-

566 2601 659 2670 qui
683 2600 1004 2655 hominibus
1030 2598 1267 2654 libidine
1296 2599 1561 2654 eﬂ'renata
1589 2598 1902 2654 furentibus
1926 2598 2135 2669 suppli-

2236 2608 2388 2661 γειαν
2417 2593 2687 2664 ἀχαλίνως
2726 2595 3141 2670 ἐκλελυττηκόσι
3173 2598 3275 2669 τὴν
3299 2599 3456 2671 δίκην
3497 2601 3815 2665 ἐποίσοντες

567 2692 713 2745 cium
738 2690 945 2744 illaturi
975 2698 1133 2744 erant
1159 2689 1295 2760 (par
1315 2688 1370 2743 id
1401 2695 1523 2744 erat
1550 2685 1909 2760 angelorum),
1942 2702 2136 2742 occur-

2236 2684 2404 2754 (δυάς
2426 2684 2471 2737 δ’
2496 2680 2565 2754 ἦν
2601 2685 2900 2754 ἀγγέλων),
2949 2689 3267 2755 ὑπαντιάζει
3297 2690 3534 2763 γοργῶς,
3573 2691 3667 2746 καὶ
3715 2692 3815 2762 τῆς

567 2779 640 2834 rit
666 2780 939 2843 alacriter,
972 2788 1031 2835 et
1056 2778 1412 2849 benignitatis
1449 2794 1562 2834 suae
1593 2779 1871 2849 specimen
1914 2779 2136 2834 eviden-

2236 2775 2458 2845 ἐνούσης
2488 2775 2636 2846 αύτῷ
2671 2778 3035 2849 χρηστότητος
3070 2784 3298 2852 μήνυσιν
3329 2783 3534 2854 ἐναργῆ
3564 2800 3814 2854 προανα-

568 2870 840 2926 tissimum
862 2871 971 2927 illis
1008 2871 1214 2943 praebet
1249 2871 1305 2926 in
1349 2886 1445 2939 eo,
1477 2871 1624 2942 quod
1676 2871 1801 2927 illos
1855 2872 2131 2927 salutavit.

566 2962 828 3017 Adoravit
876 2963 1027 3018 enim
1070 2976 1279 3033 pronus
1327 2963 1384 3017 in
1444 2971 1682 3028 terram;
1739 2970 1796 3018 et
1821 2971 1883 3018 ut
1908 2962 2133 3019 domum

567 3060 714 3116 cant,
753 3052 1037 3119 hortatur,
1068 3053 1458 3123 charitatisque
1502 3054 1716 3124 legibus
1759 3052 2130 3123 perfruantur.

567 3144 636 3198 At
657 3143 758 3209 illi,
793 3143 1035 3212 Minime,
1056 3144 1339 3214 inquiunt,
1371 3145 1466 3200 sed
1495 3145 1750 3215 inplatea
1766 3145 2131 3201 manebimus.

566 3236 777 3304 Quibus
794 3237 980 3292 verbis
1010 3238 1258 3308 hospites
1289 3238 1511 3309 quidem
1538 3253 1596 3295 se
1628 3245 1685 3292 et
1706 3237 1825 3293 sine
1855 3243 2000 3291 tecto
2015 3251 2136 3291 esse

567 3328 972 3400 signiﬁcabant;
1022 3329 1188 3385 simul
1237 3344 1369 3384 vero
1416 3330 1697 3388 hominem
1748 3329 2136 3400 hospitalitatis

567 3419 874 3474 studiosum
903 3420 971 3474 ad
998 3421 1280 3491 majorem,
1300 3421 1406 3490 25
1432 3428 1494 3476 ut
1518 3421 1774 3487 arbitror,
1797 3420 1965 3476 studii
2000 3436 2133 3475 con-

568 3510 869 3564 tentionem
907 3510 1230 3576 incitabant,
1257 3526 1322 3567 ac
1362 3519 1574 3567 tantum
1616 3527 1728 3566 non
1763 3512 1971 3568 urbane
1999 3511 2134 3566 insi-

571 3608 826 3665 nuantes,
862 3598 1008 3655 haud
1042 3600 1123 3656 illi
1168 3601 1458 3657 honestum
1484 3601 1624 3667 fore,
1660 3601 1707 3657 si
1749 3616 1809 3658 se
1848 3602 2009 3657 tectis
2035 3615 2134 3655 ex-

568 3691 752 3746 clusos
779 3698 836 3745 et
867 3691 925 3745 in
957 3691 1135 3747 triviis
1167 3692 1411 3764 abjectos
1437 3692 1741 3748 dimitteret
1780 3710 1794 3747 :
1826 3692 1975 3762 quod
2009 3707 2135 3748 cum

568 3783 662 3837 ille
708 3780 795 3835 vir
848 3782 1034 3854 justus
1078 3782 1458 3848 intellexisset,
1500 3783 1889 3839 vehementius
1940 3798 2136 3853 urgere

567 3872 762 3943 coepit;
795 3888 975 3943 neque
1002 3881 1260 3943 tanquam
1297 3873 1492 3944 frigide
1528 3889 1831 3944 parumque
1861 3889 1931 3929 ex
1952 3872 2137 3928 animo

568 3963 694 4019 illos
731 3963 1008 4030 invitaret,
1039 3964 1257 4019 illorum
1281 3965 1689 4020 excusationem
1715 3980 1817 4036 pro
1848 3965 2136 4022 occasione

566 4054 767 4125 rapuit.
803 4054 991 4125 itaque
1027 4054 1250 4110 domum
1275 4070 1372 4111 eos
1410 4055 1583 4120 ducit,
1613 4070 1785 4127 panes
1806 4070 2026 4127 azymos
2042 4071 2137 4126 ap-

568 4145 778 4216 posuit,
829 4144 1142 4200 convivium
1204 4144 1478 4202 instruxit.
1518 4145 1695 4216 Atque
1739 4145 1858 4201 haec
1914 4145 2136 4216 quidem

566 4238 659 4294 ille
698 4238 784 4293 vir
807 4238 1010 4309 justus.
1039 4235 1335 4293 Sodomita;
1372 4253 1502 4292 vero
1535 4246 1726 4307 aperto
1765 4252 1832 4291 ac
1860 4237 2008 4306 turpi
2041 4250 2140 4291 vo-

566 4329 790 4401 luptatis
822 4328 1017 4385 morbo
1044 4342 1170 4383 cum
1211 4327 1562 4391 laborarent,
1601 4328 1841 4383 hominis
1890 4327 1967 4398 pii
2029 4326 2134 4381 do-

566 4421 881 4476 munculam
921 4419 1129 4476 nefarie
1176 4418 1425 4490 cingunt,
1460 4426 1625 4489 atque
1664 4427 1923 4473 extremae
1959 4417 2139 4488 impu-

2234 2866 2411 2934 φαίνει
2456 2865 2553 2938 τὴν
2579 2867 2901 2939 πρόσρησιν.
2934 2871 3354 2943 Προσκεκύνηκε
3384 2873 3493 2945 γὰρ
3529 2873 3606 2946 τῷ
3640 2893 3815 2948 προσ-

2233 2956 2367 3027 ώπῳ
2417 2956 2510 3008 ἐπὶ
2542 2957 2641 3028 τὴν
2667 2958 2790 3028 γῆν,
2831 2959 3011 3013 οἴκαδε
3055 2977 3116 3013 τε
3162 2961 3298 3016 ίέναι
3336 2964 3658 3036 προτρέπει,
3718 2966 3813 3020 καὶ

2233 3051 2343 3113 τοῖς
2378 3049 2477 3119 τῆς
2500 3050 2719 3122 ἀγάπης
2752 3053 3155 3123 ἐνσπαταλῆσαι
3188 3056 3391 3126 νόμοις.
3427 3059 3490 3111 Ol
3529 3058 3585 3112 δέ
3614 3075 3808 3128 φασιν·

2237 3139 2389 3209 Οὐχὶ,
2414 3138 2527 3193 ἀλλ’
2550 3141 2607 3195 ἐν
2636 3143 2702 3212 τῇ
2730 3140 2963 3214 πλατείᾳ
2996 3144 3389 3216 καταλύσομενο
3441 3146 3504 3201 τὸ
3544 3148 3642 3219 μὲν
3667 3142 3814 3203 εῖναι

2238 3230 2376 3295 ξένοι
2406 3230 2500 3285 ml
2527 3232 2762 3286 ἀνέστιοι
2794 3232 2882 3287 διὰ
2906 3233 3094 3289 τούτου
3124 3237 3636 3308 κατασημαίνοντες,
3673 3254 3815 3293 κατ-

2235 3321 2568 3394 ερεθίζοντες
2621 3321 2678 3375 δὲ
2709 3317 2863 3393 οἶμαί
2918 3342 3020 3379 που
3061 3328 3196 3397 πρὸς
3246 3328 3608 3400 ἐντονωτέραν
3642 3345 3815 3384 σπου-

2233 3413 2327 3485 δὴν
2391 3413 2484 3468 τὸν
2543 3411 2837 3483 φιλοξενείν
2887 3416 3162 3488 ᾑρημένον
3183 3459 3197 3483 ,
3261 3421 3543 3491 μονονουχὶ
3593 3421 3650 3475 δέ
3716 3424 3815 3477 καὶ

2234 3504 2461 3569 ἀστείως
2508 3505 2999 3577 ὑποσημαίνοντες,
3034 3509 3110 3572 ὡς
3146 3510 3243 3563 οὐκ
3268 3510 3336 3565 ἂν
3366 3513 3562 3578 αὐτοὺς
3592 3513 3815 3585 μεθεῖτο

2234 3595 2549 3666 πρεπόντως
2607 3595 2849 3665 ἐρήμους
2892 3596 3052 3661 ὄντας
3108 3599 3312 3664 έστίας,
3356 3602 3451 3655 ml
3509 3603 3568 3656 ἐν
3619 3604 3814 3668 αὐταῖς

2233 3684 2463 3756 τριόδοις
2492 3684 2946 3756 ἐξερριμμένουςο
3007 3687 3036 3742 ὃ
3067 3688 3132 3761 δὴ
3167 3690 3262 3743 καὶ
3294 3692 3472 3756 συνεὶς
3508 3694 3537 3746 ό
3577 3693 3810 3759 δίκαιος,

2238 3772 2501 3845 μειζόνως
2525 3773 2900 3841 κατεϐιάζετο,
2927 3777 3020 3830 ml
3044 3780 3141 3849 οὐχ
3167 3780 3457 3851 ἁρπαγμὸν
3480 3783 3579 3852 τὴν
3609 3785 3814 3854 παραί-

2235 3882 2389 3937 τησιν
2441 3865 2516 3930 ὡς
2567 3866 2626 3934 ἐξ
2675 3867 2941 3938 ἀδρανοῦς
2998 3870 3094 3923 καὶ
3155 3870 3516 3943 ὑδαρεστέρας
3574 3873 3817 3931 ἐποιεῖτο

2236 3957 2450 4028 φρενός.
2478 3958 2686 4012 Οὐκοῦν
2729 3958 3075 4024 είσοικίζεται
3109 3961 3206 4031 μὲν
3237 3963 3456 4029 αὐτοὺς,
3482 3961 3729 4035 ἀζύμους
3750 3983 3813 4020 τε

2235 4050 2432 4120 ἄρτους
2459 4048 2760 4120 παρετίθει,
2793 4051 2887 4103 καὶ
2930 4050 3096 4127 ,πότον
3122 4052 3426 4123 εἰργάζετο.
3469 4056 3629 4111 Ἀλλά
3651 4059 3813 4112 ταυτὶ

2240 4140 2336 4211 μὲν
2360 4140 2390 4193 ὁ
2435 4140 2660 4203 δίκαιος.
2706 4140 2986 4211 Σοδομῖται
3027 4142 3085 4195 δέ
3135 4145 3349 4217 γυμνὴν
3382 4145 3477 4199 ml
3525 4148 3814 4219 ἀσχήμονα

2236 4229 2515 4295 νοσοῦντες
2563 4230 2772 4302 ἡδονὴν,
2819 4230 2881 4285 τὸ
2908 4230 3001 4285 τοῦ
3033 4231 3241 4287 δικαίου
3272 4233 3540 4306 δωμάτιον
3577 4237 3811 4302 ἀνοσίως

2236 4322 2670 4394 περιερχόμενοι,
2702 4322 2795 4375 ml
2820 4323 2916 4393 τῆς
2947 4324 3026 4388 είς
3053 4323 3222 4395 ἀκρον
3250 4325 3489 4396 ἡκούσης
3514 4328 3810 4397 ἀναισχυν-

2236 4413 2355 4476 τίας
2379 4412 2632 4476 πεσόντες
2653 4412 2924 4479 ἐπέκεινα,
2954 4413 3198 4468 ἀνεῖσθαι
3222 4416 3319 4485 μὲν
3344 4415 3579 4484 σφίσιτά
3601 4418 3807 4488 συνήθη

576 4512 778 4566 dentiae
807 4511 1069 4566 terminos
1091 4509 1318 4581 egressi,
1358 4510 1531 4565 solita:
1562 4508 1809 4565 libidinis
1836 4524 1997 4564 usum
2017 4523 2136 4579 per-

2243 4503 2374 4576 δρᾷν
2397 4502 2600 4573 ἠξίουν,
2633 4498 2751 4556 εἶτα
2790 4503 2906 4557 δέον
2936 4504 3147 4558 ἑλέσθαι
3196 4504 3514 4574 φιλοξενίαν,
3549 4506 3809 4579 ἀσελγείᾳ

567 4603 712 4658 mitti
751 4602 856 4657 sibi
897 4602 1339 4668 contendebant;
1370 4612 1426 4656 et
1468 4600 1526 4655 in
1557 4616 1697 4671 quos
1749 4597 2140 4670 hospitalitatis

563 4693 743 4749 oliieia
778 4693 1026 4749 conferre
1052 4693 1358 4757 debebant,
1404 4693 1458 4747 in
1493 4707 1591 4747 eos
1624 4692 1911 4747 libidinem
1946 4698 2143 4762 praeter

570 4795 821 4840 naturam
839 4800 1095 4839 exercere
1122 4785 1400 4840 volebant.
1436 4784 1546 4854 Ipsi
1569 4782 1669 4838 Lot
1690 4791 1977 4853 praeterea,
2013 4798 2138 4838 cum

573 4876 694 4929 Illos
725 4888 756 4927 a
797 4881 909 4926 tam
949 4873 1280 4927 immanibus
1319 4874 1588 4944 fmdisque
1636 4873 1833 4944 emptis
1894 4880 2141 4927 avertere

473 5009 481 5015 .
570 4968 880 5023 conaretur,
912 4960 1022 5015 vim
1052 4961 1251 5015 aﬂ‘erre
1272 4962 1561 5027 volebant,
1615 4977 1921 5034 parumque
1965 4961 2142 5016 abluit

570 5057 703 5128 quin
727 5054 805 5109 illi
830 5055 941 5107 vim
974 5051 1257 5113 afferrent,
1291 5052 1398 5106 nisi
1428 5052 1733 5108 adfuissent
1774 5053 1853 5108 illi
1893 5060 2140 5108 servato-

573 5163 675 5201 res.
707 5166 724 5198 ι
752 5144 1125 5202 Extendentes
1157 5143 1327 5208 enim,
1362 5162 1380 5194 ι
1409 5143 1608 5213 inquit,
1657 5162 1676 5195 ι
1706 5145 1810 5199 viri
1837 5144 1918 5199 illi
1946 5158 2143 5198 manus

572 5252 696 5290 snas
725 5243 1110 5306 pertraxerunt
1136 5232 1239 5287 Lot
1270 5231 1338 5287 ad
1373 5248 1430 5288 se
1453 5233 1707 5299 domum,
1756 5244 1813 5289 et
1850 5236 1997 5291 fores
2040 5234 2143 5289 do-

574 5340 696 5380 mus
742 5328 1076 5384 clauserunt.
1135 5324 1401 5381 Homines
1455 5331 1639 5379 autem
1676 5365 1690 5391 ,
1724 5325 1820 5395 qui
1879 5325 1946 5380 ad
1997 5326 2146 5381 fores

572 5424 733 5470 erant
777 5417 991 5483 domus,
1053 5425 1446 5490 percusserunt
1505 5416 1783 5483 caecitate,
1830 5433 1861 5471 a
1912 5418 2142 5472 minimo

575 5520 747 5576 usque
780 5507 846 5561 ad
873 5509 1169 5563 maximum
1192 5550 1206 5574 ,
1239 5515 1295 5563 et
1339 5507 1619 5578 defatigati
1655 5514 1785 5562 sunt
1833 5516 2143 5577 quaerentes

565 5597 876 5668 janham".
912 5618 930 5648 ι
961 5598 1148 5668 Neque
1197 5613 1328 5653 vero
1369 5599 1662 5663 auxilium,
1704 5598 1848 5668 quod
1888 5597 1966 5653 illi
2005 5614 2142 5668 pra:-

2235 4598 2302 4667 τῇ
2338 4594 2490 4666 παρὰ
2532 4593 2693 4663 φύσιν
2757 4595 3034 4649 ἐϐούλοντο
3089 4596 3313 4650 κακοῦν.
3374 4597 3702 4666 Ἀφιστάντα
3750 4599 3809 4652 δέ

2234 4687 2432 4751 αὐτοὺς
2471 4686 2562 4741 τὸν
2609 4684 2732 4741 Λὼτ
2770 4686 2877 4741 τῶν
2908 4686 3079 4751 οῦτως
3106 4687 3314 4759 ἀγρίων
3354 4691 3447 4743 ml
3473 4688 3810 4760 βδελυρωτά-

2234 4794 2341 4831 των
2366 4776 2778 4848 ἐγχειρημάτων
2803 4776 3098 4849 παραλύειν
3120 4779 3328 4849 ἤθελον,
3357 4781 3472 4850 ἥλω
3499 4781 3542 4834 δ’
3578 4781 3643 4835 ἂν
3670 4781 3810 4851 τάχα

2237 4869 2331 4921 καὶ
2359 4869 2437 4931 εἱς
2475 4867 2607 4921 αὐτὸ
2631 4867 2692 4921 τὸ
2718 4868 2931 4934 παθεῖν,
2966 4869 3014 4922 εί
3047 4870 3123 4940 μὴ
3156 4870 3411 4941 παρῆσαν
3442 4872 3492 4923 οί
3524 4870 3805 4936 σώζοντες.

2245 4973 2264 5008 ι
2312 4954 2679 5019 Ἐκτεξναντες
2707 4956 2836 5025 γὰρ,
2873 4973 2890 5005 ι
2925 4956 3107 5025 φησιν,
3144 4976 3164 5008 ι
3195 4958 3243 5009 οἱ
3266 4957 3457 5028 ἄνδρες
3480 4958 3578 5022 τὰς
3603 4962 3806 5031 χεῖρας,

2240 5043 2645 5099 είσεσπάσαντο
2674 5044 2765 5097 τὸν
2801 5042 2922 5097 Λὼτ
2957 5044 3090 5115 πρὸς
3124 5046 3349 5111 ἑαυτοὺς
3391 5048 3470 5111 είς
3503 5049 3594 5101 τὸν
3642 5045 3806 5112 οἷκον,

2240 5137 2335 5192 ml
2360 5136 2460 5208 τὴν
2494 5135 2663 5207 θύραν
2727 5135 2820 5189 τοῦ
2866 5137 3015 5190 οίκου
3074 5137 3423 5195 ἀπέκλεισαν.
3461 5141 3599 5204 Τοὺς
3632 5141 3688 5194 δὲ
3720 5142 3809 5196 ἀν-

2238 5230 2370 5301 δρας
2397 5230 2524 5294 τοῦς
2550 5229 2707 5295 ὄντας
2742 5230 2835 5283 ἐπὶ
2876 5234 2975 5303 τῆς
3008 5233 3176 5303 θύρας
3213 5233 3307 5287 τοῦ
3352 5235 3499 5289 οίκου
3537 5235 3807 5299 ἐπάταξαν

2240 5317 2472 5390 ἀορασίᾳ
2505 5319 2612 5372 ἀπὸ
2639 5320 2834 5392 μικροῦ
2875 5321 2979 5386 ἕως
3014 5324 3273 5394 μεγάλου,
3301 5326 3394 5379 καὶ
3429 5325 3807 5395 παρελύθησαν

2242 5408 2529 5480 ζητοῦντες
2553 5410 2651 5481 τὴν
2677 5411 2867 5483 θύραν.
2917 5432 2936 5465 ι
2980 5414 3403 5487 Εὐμεμέτρηται
3435 5417 3492 5469 δέ
3539 5416 3637 5469 οὐκ
3666 5415 3722 5468 έν
3744 5430 3807 5482 γε

2245 5504 2484 5557 τουτοισὶ
2512 5504 2693 5574 μόνοις
2718 5503 2786 5558 τὰ
2819 5505 2918 5575 τῆς
2942 5507 3260 5580 ἐπικουρίας
3292 5506 3459 5578 αὐτῷ.
3493 5507 3806 5574 Γέγραπται

2243 5596 2353 5667 γὰρ
2379 5596 2561 5650 πάλιν·
2602 5615 2620 5648 ι
2669 5595 2859 5652 Ἠνίκα
2873 5598 2929 5652 δέ
2948 5598 3139 5672 ὄρθρος
3164 5600 3399 5669 ἐγένετο,
3417 5596 3809 5661 ἐπεσπούδαζον

670 5778 712 5806 ⁸⁸
752 5775 887 5831 Gen.
914 5791 1020 5840 nx,
1056 5777 1170 5832 1-4.
1263 5780 1306 5811 ⁸⁸
1332 5780 1373 5835 ΙΙ
1400 5780 1523 5835 Cor.
1562 5797 1634 5845 vi,
1666 5780 1746 5834 14.
1838 5781 1881 5812 ⁷ο
1923 5778 2058 5834 Gen.
2105 5795 2209 5843 xxx,
2257 5776 2408 5831 9—H.
