4082 6304
331 422 436 477 175

1073 418 1166 473 DE
1203 414 1647 472 ADORATIONE
1683 415 1751 470 ΙΝ
1790 414 2061 472 SPIRITU
2098 414 2188 471 ET
2228 414 2602 493 VERITATE.
2644 415 2774 470 LlB.
2809 415 2849 468 l.

3499 414 3601 468 174

320 536 380 588 ol
406 532 627 602 ἄγγελοι
661 530 755 584 τὸν
801 528 948 592 Λὼτ,
998 528 1246 598 λέγοντες
1272 547 1285 560 -
1343 530 1608 593 Ἀναστὰς
1650 529 1783 584 λάὸε
1821 530 1919 598 τὴν

2034 527 2263 592 stabant,
2307 526 2448 581 intra
2480 527 2628 581 hunc
2658 526 2881 581 modum
2915 524 3109 592 stetit;
3147 525 3414 598 scriptum
3450 543 3603 584 nam-

328 626 567 695 γυναῖκά
623 639 718 676 σου
766 622 863 676 καὶ
904 621 1004 684 τὰς
1050 619 1143 673 δύο
1180 620 1490 691 θυγατέρας
1517 619 1583 684 ἀς
1612 620 1773 691 ἔχεις,
1824 620 1917 673 καὶ

329 716 536 784 ἔξελθε,
576 715 665 768 ῐνα
718 713 793 785 μὴ
831 714 926 767 καὶ
974 713 1037 766 σὺ
1078 712 1352 784 συναπόλῃ
1383 715 1501 776 ταῖς
1534 711 1787 782 ἀνομίαις
1816 710 1917 781 τῆς

331 809 564 872 πόλεως.
588 807 704 860 Καὶ
740 803 1141 876 ἐταράχθησαν,
1188 804 1284 859 καὶ
1333 804 1642 876 ἐκράτησαν
1669 803 1719 855 οἱ
1757 801 1920 870 ἀγγε-

331 899 415 952 λοι
450 898 551 968 τῆς
586 897 772 968 χειρὸς
828 894 1014 961 αὑτοῦ,
1056 895 1151 948 καὶ
1186 898 1285 967 τῆς
1313 894 1493 966 χειρὸς
1530 894 1632 961 τῆς
1662 894 1919 962 γυναικὸς

328 987 525 1054 αὐτοῦ,
558 988 653 1040 καὶ⁸
688 985 797 1040 τῶν
824 985 917 1039 δύο
950 983 1265 1057 θυγατέρων
1306 985 1493 1049 αὐτοῦ,
1528 986 1587 1038 ὲν
1617 982 1695 1055 τῷ
1727 983 1918 1053 φείσα-

337 1080 466 1132 σθαι
520 1078 724 1150 Κύριον
768 1077 967 1133 αὐτῶν.
1003 1097 1023 1131 ι
1055 1077 1351 1148 Ἐνδειγμα
1397 1076 1462 1147 δή
1511 1092 1592 1129 σοι
1635 1076 1787 1129 10ml.
1826 1075 1922 1130 καὶ

336 1170 546 1242 σφόδρα
589 1169 785 1241 τρανὲς
831 1169 926 1223 τοῦ
962 1169 1037 1240 μὴ
1082 1168 1267 1239 μόνοις
1299 1168 1447 1238 ἡμᾶς
1501 1166 1921 1239 παραθήγεσθαι

334 1261 537 1329 λόγοις,
586 1261 681 1312 καὶ
720 1260 842 1323 ταῖς
885 1260 944 1321 ὲς
991 1256 1116 1312 νοῦν
1167 1256 1581 1328 παρακλήσεσιν
1623 1258 1922 1328 ἀποφοιτᾷν

338 1352 633 1426 ἁμαρτίας,
658 1352 817 1423 ήκειν
845 1350 903 1403 δὲ
928 1353 1024 1405 κα)⁸
1062 1352 1145 1418 είς
1173 1349 1331 1403 τοῦτο
1371 1348 1557 1403 λοιπὸν
1587 1348 1924 1421 ἡμερότητος

339 1447 443 1515 τῆς
465 1444 542 1507 είς
561 1443 707 1513 ἡμᾶς
735 1441 828 1494 τὸν
857 1440 966 1494 τῶν
999 1441 1137 1494 ὅλων
1170 1439 1389 1510 σωτῆρα
1414 1438 1567 1507 Θεὸν,
1598 1440 1674 1503 ὡς
1703 1439 1924 1511 ἐνεργὸν

344 1534 607 1588 ποιεῖσθαι
636 1535 737 1603 τὴν
762 1531 1101 1602 ἐπικουρίαν,
1132 1531 1275 1585 κατά
1316 1547 1379 1600 γε
1405 1531 1486 1598 τὸ,
1532 1548 1552 1580 ι
1575 1530 1925 1601 Ἐκράτησας

340 1626 443 1697 τῆς
482 1625 662 1695 χειρὸς
711 1623 813 1693 τῆς
846 1622 1026 1687 δεξιᾶς
1070 1638 1205 1693 μου,
1261 1622 1355 1675 καὶ
1405 1621 1462 1673 ὲν
1503 1624 1571 1692 τῇ
1619 1620 1778 1691 βουλῇ
1828 1636 1923 1673 σου

335 1716 632 1796 ,ὡδήγηστξις
664 1731 751 1785 με.
794 1733 813 1766 ι
859 1712 1079 1784 Ἐπειδὴ
1113 1712 1222 1785 γάρ
1255 1715 1403 1767 ἐστιν
1428 1715 1489 1766 οὐ
1518 1712 1638 1767 λίαν
1667 1712 1925 1784 εὐσθενὴς

341 1814 375 1880 ὴ
413 1808 696 1881 ἀνθρώπου
756 1807 938 1877 φύσις,
978 1805 1103 1860 οὔτε
1155 1807 1260 1878 μὴν
1313 1804 1679 1879 ἀποχρώντως
1725 1806 1925 1877 ἔχουσα

2019 637 2126 692 quc
2153 630 2238 675 est
2264 621 2504 675 iterum:
2548 639 2564 669 ι
2605 617 2743 674 Cum
2791 634 2922 674 vero
2960 634 3123 674 mane
3177 619 3386 675 factum
3431 632 3601 698 esset,

2020 711 2289 782 urgebant
2335 711 2514 783 angeli
2575 709 2711 776 Lot,
2754 709 3004 765 dicentes
3046 727 3058 763 :
3110 708 3313 780 Accipe
3371 726 3600 767 uxorem

2022 812 2191 869 tuam,
2216 811 2272 858 et
2294 802 2433 859 duas
2461 802 2604 859 ﬁlias
2634 811 2777 869 tuas,
2811 818 2947 873 quas
2974 801 3171 867 habes,
3214 811 3273 857 et
3292 801 3403 867 exi,
3441 818 3512 857 ne
3545 813 3604 858 et

2021 901 2079 948 tu
2119 908 2313 963 pereas
2348 908 2486 961 cum
2534 890 2923 964 iniquitatibus
2974 891 3237 948 civitatis.
3278 893 3348 949 Et
3392 893 3602 949 turbati

2022 992 2168 1051 sunt,
2204 993 2259 1040 et
2295 993 2590 1040 tenuerunt
2637 984 2817 1055 angeli
2846 998 3070 1039 manum
3105 985 3246 1054 ejus,
3283 994 3340 1040 et
3379 1000 3606 1040 manum

2023 1076 2208 1130 uxoris
2254 1076 2395 1147 ejus,
2441 1085 2498 1131 et
2551 1091 2747 1131 manus
2784 1075 3019 1130 duarum
3056 1074 3294 1130 ﬁliarum
3344 1076 3496 1147 ejus,
3536 1090 3607 1130 eo

2023 1164 2170 1235 quod
2204 1165 2472 1220 Dominus
2508 1173 2760 1235 parceret
2810 1163 2972 1219 illi“.
3010 1182 3031 1216 ι
3074 1163 3135 1218 ld
3164 1179 3327 1235 porro
3359 1180 3481 1219 esse
3519 1181 3607 1218 ar-

2023 1265 2284 1327 gumento
2321 1256 2738 1311 evidentissima
2760 1264 2963 1327 potest,
2993 1272 3097 1311 nos
3128 1272 3239 1312 non
3265 1257 3449 1312 verbis
3481 1269 3605 1311 tan-

2026 1357 2141 1403 tum
2177 1356 2233 1404 et
2262 1348 2734 1404 admonitionibus
2767 1348 2824 1402 in
2860 1348 3106 1403 animum
3146 1348 3407 1404 immissis
3464 1347 3607 1405 inci-

2026 1439 2129 1492 tari
2157 1445 2275 1493 uta
2324 1439 2566 1509 peccatis
2617 1437 2965 1503 recedamus,
3027 1436 3123 1493 sed
3148 1438 3316 1492 etiam
3366 1439 3435 1494 ad
3484 1455 3608 1495 eam

2025 1546 2152 1601 erga
2175 1546 2277 1585 nos
2304 1528 2699 1600 benignitatem
2721 1528 3057 1585 descendere
3088 1529 3337 1585 omnium
3376 1532 3611 1587 salvato-

2026 1637 2143 1677 rem
2171 1621 2365 1687 Deum,
2386 1628 2447 1675 ut
2463 1619 2670 1676 efficaci
2697 1636 2801 1676 nos
2825 1622 3030 1677 auxilio
3050 1623 3228 1694 juvet,
3251 1624 3408 1695 juxta
3431 1623 3570 1686 illud
3592 1643 3607 1679 ς

2035 1734 2053 1766 ι
2084 1713 2334 1770 Tenuisti
2364 1729 2587 1768 manum
2613 1713 2895 1768 dexteram
2926 1729 3126 1780 meam,
3159 1723 3215 1770 et
3244 1715 3301 1769 in
3327 1716 3611 1772 voluntate

2027 1815 2123 1861 tua
2169 1805 2447 1862 deduxisti
2497 1806 2669 1860 me".
2708 1825 2727 1857 ι
2767 1805 2905 1861 Nam
2951 1808 3082 1877 quia
3122 1806 3363 1870 hominis
3415 1815 3613 1863 natura

341 1900 483 1970 πρὸς
525 1900 589 1952 τὸ
618 1897 923 1953 διεκνεῦσαι
971 1893 1228 1950 δύνασθαι
1265 1892 1361 1948 τοῦ
1411 1894 1583 1949 κακοῦ
1604 1934 1620 1961 ,
1677 1894 1928 1949 συναθλεῖ

2034 1914 2139 1954 non
2163 1905 2249 1953 est
2274 1896 2571 1954 admodum
2607 1896 2786 1967 ﬁrma,
2810 1876 2992 1969 neque
3021 1898 3157 1954 satis
3182 1898 3388 1963 virium
3420 1898 3610 1965 habet,

344 2009 464 2056 πως
508 1992 645 2063 αὐτῇ
698 1990 839 2063 πρὸς
869 1987 1028 2042 τοῦτο
1049 1987 1200 2052 Θεός.
1246 1987 1356 2041 Καὶ
1403 1986 1588 2059 διττὴν
1638 1988 1929 2058 ἀπονέμων

341 2086 535 2155 ὁρᾶται
565 2083 659 2154 τήν
687 2083 884 2154 χάρινε
917 2078 1220 2143 νουθεσίαις
1254 2078 1562 2134 ἀναπείθων
1586 2079 1680 2133 καὶ
1708 2080 1930 2133 ἐπικου-

338 2176 471 2248 ρίαν
517 2174 716 2246 εὑρὼν,
762 2173 857 2228 καὶ
896 2172 1106 2243 ἀμείνω
1125 2171 1295 2235 τιθεὶς
1334 2170 1429 2225 τοῦ
1465 2171 1616 2243 παρὰ
1662 2171 1830 2236 πόδας
1870 2188 1931 2224 τε

344 2267 441 2321 καὶ
471 2265 860 2336 τυραννοῦντος
890 2261 1084 2317 κακοῦ.
1116 2262 1278 2328 Ἰδοις
1316 2262 1360 2316 δ’
1384 2262 1450 2319 ἀν
1478 2263 1674 2335 ἀληθὲς
1714 2265 1933 2317 κάκεῖνο

345 2360 612 2432 ὑπάρχον,
650 2356 727 2422 ὡς
770 2356 945 2426 ὀλίγοι
991 2355 1091 2427 μὲν
1134 2355 1331 2429 κομιδῇ
1384 2357 1478 2427 τῆς
1514 2357 1855 2428 δικαιοσύνης
1885 2357 1932 2409 οἱ

346 2448 695 2521 ἐπιμεληταὶ,
740 2448 836 2501 καὶ
882 2446 1053 2517 πολλὴ
1096 2445 1238 2499 κατὰ
1269 2444 1385 2517 βίον
1430 2447 1463 2518 ή
1499 2447 1695 2509 σπάνις
1725 2447 1933 2517 ἀνδρῶν

347 2544 587 2613 ἀγαθῶν·
642 2544 813 2615 ἄνδρα
868 2541 976 2613 γὰρ
1014 2541 1203 2595 πιστὸν
1232 2540 1393 2611 ἔργον
1435 2541 1636 2613 εὑρεῖν,
1683 2540 1823 2594 κατὰ
1874 2540 1935 2594 τὸ

343 2636 754 2710 γεγραμμένον.
788 2633 934 2706 Πλὴν
961 2634 1263 2698 ἁπόλεκτος
1288 2635 1316 2687 ό
1347 2632 1614 2699 τοιοῦτος,
1637 2633 1733 2687 καὶ
1768 2650 1933 2705 φρον-

346 2709 486 2798 τίδος
524 2733 624 2805 τῆς
655 2709 965 2788 ἀνωθενσού
1012 2731 1307 2802 παρέργως
1342 2728 1667 2799 ἠξιωμένος.
1714 2726 1778 2780 El
1824 2725 1935 2795 γάρ

349 2829 463 2880 ἐστι
487 2826 631 2880 κατὰ
657 2824 750 2879 τὸν
780 2824 984 2895 κόσμον
1017 2822 1222 2893 ἀναμὶξ
1259 2823 1372 2886 τοῖς
1405 2821 1605 2886 ἄλλοις,
1637 2818 1752 2872 ἀλλ’
1782 2818 1935 2871 οὐδὲν

347 2921 593 2975 ἐντεῦθεν
630 2920 891 2990 ὑπομένει
917 2919 979 2971 τὸ
1006 2916 1221 2989 βλάϐος,
1263 2917 1339 2980 ὡς
1374 2916 1560 2986 κρίνον
1597 2912 1658 2977 ἐξ
1681 2908 1935 2965 ἀκανθῶν

354 3013 689 3086 ἀρπάζεται,
727 3012 823 3066 καὶ
855 3012 955 3064 οὐκ
1007 3009 1072 3063 ἂν
1124 3007 1477 3062 συναπόλοιτο
1523 3005 1732 3068 δίκαιος
1788 3000 1934 3074 μετὰ

347 3104 578 3173 ἀσεϐῶν,
615 3103 760 3158 κατά
786 3103 887 3168 τὰς
916 3104 1024 3160 τῶν
1052 3103 1223 3174 ἁγίων
1248 3100 1453 3170 φωνάς.

414 3364 634 3420 ΠΑΛΛ.
672 3362 913 3435 ’Δραρεν
942 3356 1056 3427 οὖν,
1083 3362 1164 3415 ὅτι
1186 3361 1363 3430 φειδοῖ
1386 3362 1451 3431 τῇ
1473 3357 1622 3429 παρὰ
1648 3355 1937 3435 Θεοῦηκαὶ

347 3458 591 3530 ἀγγέλων
623 3455 794 3526 ἁγίων
825 3453 1115 3526 συνδρομῇ,
1139 3452 1233 3506 καὶ
1258 3453 1358 3523 τὴν
1384 3453 1449 3504 ὲκ
1474 3451 1572 3522 τῆς
1603 3449 1937 3520 φαυλότητος

348 3550 663 3617 πλεονεξίαν
696 3544 1113 3616 ἀπονιψόμεθα,
1157 3544 1250 3598 καὶ
1293 3543 1355 3597 τὸ
1394 3541 1620 3615 μηδαμῆ
1672 3539 1935 3612 μηδαμῶς

345 3647 470 3708 ταῖς
501 3642 607 3696 τῶν
637 3639 890 3713 πονηρῶν
920 3636 1122 3692 ἁλῶναι
1148 3636 1326 3700 δίκαις
1357 3633 1747 3705 ἀναμφιλόγως
1776 3633 1937 3704 εὑρή-

355 3751 544 3805 σομεν,
570 3732 683 3805 Θεῷ
702 3731 1051 3792 πιστεύοντες
1081 3726 1267 3797 σαφῶς
1294 3724 1695 3796 ἀνακεκραγότι
1725 3722 1792 3776 δι’
1822 3722 1937 3785 ἐνὸς

349 3826 463 3880 τῶν
510 3825 822 3898 προφητῶν,
885 3824 969 3877 ὅτι
1006 3840 1024 3873 ι
1072 3818 1212 3887 Ἐγὼ
1261 3816 1522 3889 Κύριοςὸ
1557 3815 1691 3878 Θεός
1738 3831 1871 3878 σου,
1910 3817 1938 3868 ὁ

346 3916 570 3989 κρατῶν
602 3918 699 3989 τῆς
729 3915 908 3981 δεξιᾶς
943 3930 1057 3978 σου,
1088 3913 1117 3964 ὁ
1140 3910 1317 3978 λέγων
1357 3925 1461 3972 σοι,
1488 3905 1580 3979 Μὴ
1598 3905 1787 3977 φοϐοῦ,
1831 3906 1934 3959 Ἰα-

345 4006 487 4073 κὼϐ,
533 4005 812 4076 ὀλιγοστὸς
860 4000 1107 4076 Ἰσραὴλ,
1155 3997 1266 4068 ἐγὼ
1316 3996 1590 4070 ἐϐοήθησά
1638 4013 1739 4065 σοι,
1765 3996 1937 4069 ⁵λέγει

346 4101 575 4173 Κύριος,
602 4099 632 4151 ὁ
657 4094 1019 4170 λυτρούμενος
1052 4109 1131 4159 σε,
1174 4091 1412 4163 Ἰσραήλ.
1452 4110 1472 4144 ι

420 4279 587 4333 ΚΥΡ.
629 4278 700 4330 Ἦ
729 4275 837 4350 7&9
877 4275 998 4344 ούχὶ
1029 4272 1372 4344 συλλήπτορα
1413 4272 1525 4334 τοῖς
1551 4270 1726 4341 ἁγίοις
1760 4272 1935 4326 ἐκδεί-

356 4371 493 4434 ξειεν
544 4369 612 4422 ἂν
653 4369 747 4421 τὸν
790 4366 969 4421 πάντα
1015 4363 1269 4435 ἰσχύοντα
1309 4362 1441 4417 Θεὸν
1477 4362 1541 4416 τὸ
1584 4363 1935 4435 ἀπηρτῆσθαι

354 4461 442 4518 τὸν
467 4460 590 4515 Λὼτ
624 4459 727 4529 τῆς
756 4458 864 4512 τῶν
892 4456 1139 4526 ἀγγέλων
1172 4455 1386 4527 χειρός;
1426 4455 1561 4509 Θεοῦ
1609 4456 1718 4527 7&9
1766 4455 1934 4521 τύπος

2029 1999 2090 2046 ut
2113 2007 2393 2064 emergere
2427 2008 2457 2048 e
2491 1991 2601 2064 26
2626 1992 2778 2047 vitiis
2804 1991 3000 2063 possit,
3023 2006 3183 2063 opem
3219 1991 3300 2047 illi
3327 1991 3437 2047 fert
3465 1991 3523 2048 in
3547 2008 3615 2048 ea

2030 2101 2087 2141 re
2111 2085 2276 2142 Deus.
2309 2085 2498 2156 Itaque
2538 2085 2817 2157 duplicem
2861 2084 3091 2156 gratiam
3127 2085 3373 2141 tribuere
3408 2100 3614 2157 cogno-

2030 2177 2244 2233 scitur:
2275 2194 2400 2233 cum
2447 2177 2599 2233 enim
2637 2177 2864 2237 monitis
2896 2176 3110 2244 suadet,
3147 2189 3264 2234 tum
3320 2177 3616 2250 adjuvandi

1982 2300 1989 2303 -
2034 2268 2281 2328 rationes
2310 2270 2541 2334 invenit,
2573 2286 2776 2341 easque
2804 2268 3060 2341 praesenti
3091 2270 3235 2325 malo
3261 2269 3483 2341 vimque
3514 2286 3614 2326 no-

2033 2360 2119 2415 bis
2148 2360 2413 2416 aﬁ‘erente
2447 2361 2783 2417 valentiores
2813 2359 2999 2417 edicit.
3032 2361 3221 2417 Videri
3245 2370 3430 2417 autem
3455 2361 3619 2418 facile

2032 2462 2234 2523 potest,
2299 2469 2494 2509 verum
2551 2470 2675 2511 esse
2714 2454 2873 2521 illud,
2919 2469 3127 2525 paucos
3161 2454 3463 2510 admodum
3496 2469 3620 2512 esse

2032 2544 2235 2614 quibus
2266 2545 2480 2617 justitia
2509 2562 2656 2602 curae
2678 2546 2770 2613 sit,
2809 2546 3147 2616 multamque
3172 2545 3229 2602 in
3260 2547 3365 2603 hac
3383 2547 3497 2603 vita
3519 2563 3619 2623 pe-

2030 2634 2251 2703 nuriam
2309 2635 2614 2705 proborum
2678 2635 3007 2691 hominum:
3042 2637 3235 2693 Virum
3289 2636 3440 2692 enim
3479 2638 3620 2695 tide-

2033 2728 2163 2792 lem,
2208 2736 2269 2783 ut
2303 2729 2572 2800 scriptum
2602 2738 2707 2795 est,
2736 2728 2957 2785 diﬁicile
3008 2739 3092 2785 est
3134 2729 3383 2787 invenire
3403 2733 3470 2788 ⁷³.
3512 2733 3620 2788 Ta-

2032 2830 2160 2870 men
2181 2815 2452 2887 ejusmodi
2484 2817 2650 2872 homo
2679 2817 2889 2874 electus
2926 2828 3032 2883 est,
3057 2827 3114 2873 et
3139 2818 3327 2877 divina
3362 2837 3494 2878 cura
3534 2834 3620 2880 at-

2034 2922 2142 2976 que
2180 2907 2526 2977 providentia
2570 2922 2684 2963 non
2715 2906 2986 2963 mediocri
3036 2908 3310 2981 dignatus.
3360 2909 3625 2979 Quamvis

2033 2995 2183 3051 enim
2203 2995 2261 3050 in
2292 2996 2397 3051 hac
2421 2996 2535 3051 vita
2561 2995 2635 3051 sit
2669 2996 2815 3051 inter
2850 3005 3078 3053 caeteros
3106 3000 3325 3066 mistus,
3363 3002 3504 3057 nihil
3535 3013 3621 3058 ta-

2036 3103 2161 3142 men
2187 3104 2254 3143 ex
2288 3103 2352 3143 ea
2380 3102 2439 3142 re
2471 3088 2659 3143 damni
2688 3104 2905 3160 passus,
2940 3099 3001 3145 ut
3034 3090 3212 3146 lilium
3249 3109 3281 3148 e
3317 3094 3493 3166 Spinis
3519 3097 3620 3153 de-

2037 3179 2300 3249 cerpitur,
2329 3195 2508 3251 neque
2550 3182 2761 3252 justum
2782 3181 3064 3238 hominem
3087 3183 3171 3240 fas
3208 3194 3313 3252 est,
3353 3196 3415 3243 ut
3445 3191 3622 3247 sancti

2040 3268 2145 3322 viri
2178 3277 2471 3335 testantur,
2497 3285 2621 3325 cum
2646 3270 2830 3341 impiis
2863 3270 3064 3341 perire.

2113 3359 2311 3415 PALL.
2347 3361 2490 3432 Ergo
2535 3362 2633 3417 Dei
2670 3362 3030 3435 benignitate,
3069 3380 3134 3421 ac
3163 3375 3482 3425 sanctorum
3519 3387 3622 3429 an-

2044 3449 2293 3519 gelorum
2318 3463 2442 3520 ope,
2461 3459 2579 3505 tum
2604 3451 2866 3521 nequitiae
2894 3451 3234 3510 dominatum
3258 3460 3621 3524 excutiemus.

2044 3552 2160 3597 tum
2179 3543 2317 3598 illud
2336 3559 2560 3614 quoque
2587 3543 2973 3615 proculdubio
3003 3560 3386 3618 assequemur,
3417 3560 3625 3610 utnus-

2043 3647 2208 3702 quam
2256 3632 2485 3686 omnino
2523 3632 2583 3687 in
2628 3650 2931 3704 pravorum
2984 3634 3271 3692 hominum
3321 3643 3502 3710 poenis
3544 3646 3621 3701 si-

2042 3725 2156 3779 mul
2201 3723 2581 3796 implicemur,
2627 3725 2742 3780 Deo
2794 3726 2956 3793 freti,
2997 3728 3091 3798 qui
3156 3741 3346 3801 aperte
3404 3736 3622 3805 procla-

2044 3825 2156 3871 mat
2196 3816 2481 3887 prophetm
2551 3817 2840 3888 cujusdam
2894 3834 3080 3874 voce:
3134 3840 3151 3871 ι
3193 3822 3308 3895 Ego
3358 3825 3627 3883 Dominus

2044 3908 2188 3963 Deus
2226 3917 2375 3973 tuus,
2421 3908 2517 3979 qui
2578 3916 2739 3964 teneo
2778 3908 3062 3966 dexteram
3106 3921 3287 3980 tuam,
3346 3917 3443 3987 qui
3499 3918 3625 3975 dico

2044 3999 2180 4067 tibi,
2209 4000 2333 4055 Noli
2368 4001 2583 4066 timere,
2642 4001 2832 4068 Iacob,
2864 4003 3095 4075 exiguus
3123 4004 3432 4081 lsrael,ego
3464 4014 3625 4069 auxi-

2043 4092 2209 4147 liatus
2240 4107 2363 4147 sum
2403 4092 2526 4159 tibi,
2560 4091 2697 4148 dicit
2720 4093 3021 4160 Dominus,
3053 4095 3148 4166 qui
3185 4098 3396 4154 redemi
3426 4109 3504 4170 te,
3538 4103 3622 4159 ls-

2043 4186 2154 4240 rael
2182 4186 2247 4241 ⁷⁸.
2289 4205 2306 4236 ι

2113 4277 2271 4333 CYR.
2299 4276 2383 4331 An
2414 4292 2547 4333 vero
2592 4294 2787 4348 parum
2816 4277 3129 4335 ostenditur
3167 4282 3341 4338 Deum
3370 4286 3624 4357 omnipo-

2044 4380 2249 4425 tentem
2277 4385 2398 4426 esse
2425 4380 2741 4427 sanctorum
2773 4371 3061 4428 hominum
3101 4373 3441 4445 adjutorem,
3474 4379 3531 4435 in
3558 4398 3628 4437 eo

2042 4461 2190 4532 quod
2221 4461 2325 4516 Lot
2373 4478 2538 4516 manu
2584 4461 2690 4515 fuit
2735 4463 3056 4534 angelorum
3102 4467 3624 4536 apprehensus?llli

358 4553 425 4609 ἂν
453 4548 564 4607 εἶεν
598 4550 713 4625 [ἂν]
744 4545 910 4605 οὗτοι.
953 4549 1114 4620 Τρεῖς
1148 4547 1245 4619 μὲν
1282 4549 1341 4600 ἐν
1370 4549 1510 4619 ἀρχῇ
1543 4546 1620 4619 τῷ
1682 4548 1931 4621 ’Δσραὰμ

2045 4552 2192 4608 enim
2243 4551 2422 4623 angeli
2454 4551 2683 4622 ﬁguram
2717 4553 2816 4608 Dei
2834 4564 2956 4608 non
2983 4554 3223 4612 absurde
3254 4566 3464 4627 tenent,
3499 4578 3627 4618 cum

359 4644 785 4719 προσσάλλοντες
817 4644 877 4696 ὲν
923 4643 989 4714 τῇ
1034 4641 1156 4713 δρυῒ
1196 4640 1264 4711 τῇ
1299 4638 1568 4712 Μαμϐρῇ,
1597 4639 1690 4694 δύο
1732 4640 1788 4694 δὲ
1829 4646 1942 4705 τοῖς

360 4738 610 4809 Σοδόμοις
642 4735 1111 4806 ἑπιφοιτήσαντες.
1147 4750 1166 4784 ι
1204 4730 1337 4785 Οὐδὲ
1359 4730 1468 4802 7&9
1497 4733 1524 4785 ό
1547 4733 1738 4803 Πατὴρ
1765 4733 1941 4805 κρίνει

362 4829 571 4896 οὐδένα,
626 4848 645 4882 ι
710 4827 855 4883 κατά
901 4823 1000 4895 τήν
1050 4822 1214 4877 αὐτοῦ
1263 4820 1358 4876 τοῦ
1413 4822 1666 4895 Σωτῆρος
1737 4824 1940 4895 φωνὴν⁹

368 4942 386 4975 ι
421 4922 555 4977 ἀλλὰ
587 4923 774 4977 πᾶσαν
803 4918 899 4991 τὴν
924 4917 1103 4990 κρίσιν
1133 4916 1331 4971 δέδωκε
1363 4913 1444 4985 τῷ
1470 4914 1603 4986 Υίῷο
1640 4935 1660 4969 ι
1696 4916 1942 4981 συνόντος

363 5012 506 5085 αὖτῷ
550 5011 795 5084 δηλονότι
845 5009 941 5064 καὶ
979 5008 1376 5079 ἐνυπάρχοντος
1416 5008 1662 5077 φυσικῶς
1708 5010 1803 5062 καὶ
1846 5009 1940 5062 τοῦ

361 5104 513 5171 ἁγίου
550 5102 695 5158 Πνεύ
704 5119 892 5173 ματος.

431 5196 637 5249 ΠΔΛΛ.
673 5195 871 5265 Συνίης
904 5186 963 5247 εὖ
996 5191 1158 5263 μάλα.
1196 5191 1277 5245 Τὰ
1315 5190 1369 5244 δὲ
1403 5190 1601 5262 ἐφεξῆς
1635 5192 1943 5265 περιαθρῶ-

367 5304 483 5357 μεν,
511 5287 559 5340 εί
580 5285 747 5340 δοκεῖ.

431 5379 593 5434 ΚΥΡ.
633 5377 967 5431 Ἀοκνότατά
985 5393 1070 5446 γε,
1097 5375 1192 5430 καὶ⁹
1224 5377 1288 5447 δὴ
1319 5376 1493 5448 ὲρῶ.ζ‹
1515 5377 1625 5430 Καὶ
1656 5376 1891 5443 ἐγένετο,
1918 5397 1937 5428 ι

362 5471 544 5540 φησὶν,
583 5491 600 5523 ι
625 5471 792 5543 ἡνίκα
824 5469 1088 5540 ἐξήγαγον
1121 5469 1282 5521 αὑτὸν
1305 5468 1430 5534 ἔξω,
1467 5465 1639 5523 εἶπον·
1670 5469 1819 5535 Σῶζε
1852 5470 1946 5539 τὴν

365 5563 586 5616 σεαυτοῦ
625 5561 828 5634 ψυχὴν,
872 5561 946 5632 μὴ
987 5559 1291 5632 περιδλέψῃ
1331 5560 1410 5623 είς
1451 5560 1520 5613 τά
1568 5560 1773 5625 ὀπίσω,
1813 5561 1948 5632 μηδὲ

365 5655 489 5723 στῇς
520 5657 577 5708 ὲν
605 5655 758 5726 πάσῃ
806 5654 872 5723 τῇ
914 5651 1205 5724 περιχώρῳ
1226 5669 1238 5682 ο
1272 5653 1349 5713 είς
1379 5651 1438 5703 τὸ
1466 5649 1591 5721 ὅρος
1630 5649 1824 5719 σώζου,
1872 5651 1946 5724 μή

447 5841 489 5873 ⁷¹
522 5840 664 5898 Gen.
716 5856 832 5905 XIX,
875 5839 961 5905 15,
999 5841 1084 5897 16.
1186 5842 1232 5875 ⁷³
1261 5838 1402 5895 Psal.
1439 5857 1601 5909 Lxxll,
1646 5841 1733 5895 24.

1835 5839 1880 5872 ⁷³
1920 5839 2081 5892 Prov.
2120 5856 2212 5904 xx,
2265 5841 2316 5894 6.

2048 4653 2160 4700 tres
2182 4643 2335 4715 prius
2348 4642 2415 4698 ad
2430 4642 2706 4698 Abraham
2723 4645 3057 4701 accesserint
3071 4647 3140 4702 ad
3163 4664 3430 4719 quercum
3453 4654 3627 4710 Mam-

2050 4738 2180 4802 bre,
2232 4736 2344 4791 duo
2402 4750 2594 4791 rursus
2657 4736 2926 4792 adversus
3001 4736 3296 4797 Sodomam
3347 4746 3624 4805 venerint.

2058 4850 2073 4879 ι
2098 4828 2285 4899 Neque
2318 4828 2466 4883 enim
2491 4827 2652 4883 Pater
2674 4827 2887 4900 iudicat
2905 4845 3256 4902 quemquam,
3282 4854 3301 4888 ι
3320 4837 3477 4909 juxta
3505 4839 3627 4898 sal-

2052 4919 2259 4974 vatoris
2311 4918 2486 4974 nostri
2531 4934 2744 4985 vocem,
2785 4939 2801 4969 ι
2828 4921 2924 4975 sed
2961 4938 3124 4980 omne
3155 4926 3429 4997 judicium
3473 4931 3630 4989 dedit

2047 5011 2272 5065 Filio":
2305 5030 2322 5061 ι
2343 5026 2467 5065 cum
2491 5027 2602 5081 quo
2623 5012 2813 5081 procul
2838 5012 3008 5071 dubio
3028 5017 3191 5073 simul
3222 5020 3379 5075 adest
3403 5032 3628 5081 sanctus

2048 5103 2285 5174 Spiritus
2308 5113 2366 5160 et
2392 5105 2717 5160 naturaliter
2748 5107 2910 5162 inest.

2117 5196 2313 5252 PALL.
2344 5197 2512 5252 Recte
2532 5198 2813 5271 intelligis.
2847 5199 2976 5267 Sed,
3003 5202 3047 5256 si
3080 5202 3280 5273 placet,
3299 5221 3364 5261 ea
3392 5221 3516 5278 qua:
3541 5224 3631 5266 se-

2048 5299 2293 5358 quuntur
2325 5290 2757 5347 consideremus.

2118 5379 2275 5435 ΟΥΕ.
2323 5381 2470 5436 Nihil
2511 5398 2717 5446 moror,
2753 5390 2918 5451 atque
2954 5384 3067 5455 jam
3111 5385 3313 5444 dicam.
3371 5410 3390 5443 ι
3423 5393 3494 5447 Ει
3540 5393 3625 5449 fa-

2050 5479 2198 5525 ctum
2224 5482 2330 5537 est,
2372 5491 2389 5524 ι
2431 5472 2635 5541 inquit,
2668 5491 2685 5521 ι
2714 5482 3007 5541 postquam
3036 5458 3348 5534 eduxerunt
3369 5497 3497 5536 eum
3540 5483 3627 5539 fo—

2052 5580 2162 5629 ras,
2194 5564 2496 5618 dixerunt:
2533 5564 2692 5618 Salva
2744 5564 2982 5619 animam
3033 5576 3203 5634 tuam,
3245 5586 3315 5626 ne
3367 5575 3628 5644 respicias

2051 5664 2222 5720 retro,
2254 5671 2436 5727 neque
2462 5663 2574 5709 stes
2603 5655 2661 5708 in
2692 5655 2842 5709 omni
2859 5657 3002 5713 circa
3037 5660 3260 5731 regione
3281 5679 3293 5715 :
3313 5663 3627 5720 inmontem

2418 5842 2465 5873 ”
2530 5843 2631 5897 lsa.
2683 5859 2788 5911 xu,
2854 5845 2887 5900 8
2930 5861 3051 5917 sqq.
3168 5848 3216 5881 ⁷⁸
3244 5848 3401 5903 Joan.
3442 5863 3494 5915 v,
3532 5846 3627 5905 22.
