4082 6304
447 363 550 418 175

1460 358 1517 414 S.
1556 356 1831 415 CYBlLLl
1870 357 2338 415 ALEXANDle
2378 359 2697 417 ARCHIEP.

3591 357 3724 416 [πε

444 478 656 535 Salvum
690 486 742 533 te
769 476 883 541 fac,
924 492 992 532 ne
1016 475 1156 532 forte
1189 477 1351 532 simul
1381 477 1946 547 comprehendaris”.
1988 497 2004 529 ι

2129 495 2246 532 ποτε
2269 480 2760 552 συμπαραληφθῇς.
2796 497 2814 530 ι
2865 479 2951 534 Ἐν
2986 478 3082 550 μὲν
3113 470 3204 534 οῦν
3233 475 3334 550 τῷ,
3369 496 3387 530 ι
3425 477 3574 544 Σῶζε
3599 480 3726 550 τὴν

445 569 506 624 lu
549 568 657 623 illis
683 568 862 637 itaque
891 567 1092 632 verbis,
1123 586 1143 618 ς
1179 566 1336 622 Salva
1359 567 1597 621 animam
1620 576 1789 632 tuam,
1823 585 1842 618 ι
1881 566 2016 622 illud

446 658 732 714 manifeste
761 657 870 713 dici
891 658 1175 713 arbitror:
1212 677 1230 710 ‹
1268 659 1344 713 Te
1381 657 1560 728 ipsum
1607 668 1821 713 castum
1889 673 2016 713 cus-

447 751 580 816 todi,
601 759 658 806 et
673 765 743 805 ne
763 750 1133 806 communices
1164 749 1696 820 peccatis-alienis".
1727 769 1744 802 ι
1766 750 1843 805 Ac
1863 749 2020 805 vince

445 857 530 905 ea,
561 856 681 910 qua:
713 840 954 895 mundus
981 839 1162 904 aﬂ'ert,
1191 839 1618 910 impedimenta;
1648 853 1830 909 neque
1870 838 2020 894 enim

448 931 742 986 universus
765 930 1004 985 mundus
1020 932 1230 1002 justum
1252 937 1335 985 est
1364 929 1622 1000 pretium,
1647 944 1752 1000 pro
1772 943 1880 1000 quo
1901 928 2021 983 ani-

448 1037 537 1077 ma
589 1031 981 1078 commutetur.
1029 1041 1048 1074 ι
1085 1021 1228 1088 Quid
1265 1021 1413 1076 enim
1439 1020 1663 1092 prodest
1708 1019 1939 1085 homini,
1975 1019 2021 1074 si

450 1117 768 1172 universum
787 1115 1054 1170 mundum
1081 1115 1345 1180 lucretur,
1382 1115 1489 1185 2³1
1522 1114 1717 1169 animae
1747 1128 1879 1169 vero
1911 1128 2023 1168 suae

449 1207 840 1262 detrimentum
864 1207 1104 1276 patiatur
1121 1205 1202 1258 7°?
1233 1225 1252 1256 ι
1278 1204 1434 1271 Quod
1479 1212 1662 1259 autem
1703 1205 1779 1259 ait
1809 1204 1883 1259 ita
1917 1204 2023 1259 sibi

448 1315 570 1355 esse
600 1299 1013 1366 ambulandum,
1052 1315 1122 1354 ne
1178 1314 1238 1354 se
1275 1308 1574 1354 retrorsum
1620 1305 1927 1363 convertat,
1967 1297 2024 1352 id

449 1389 678 1444 fortasse
698 1389 990 1459 significat,
1025 1389 1330 1444 cavendum
1369 1405 1513 1455 esse,
1551 1406 1621 1444 ne
1651 1389 1782 1444 dum
1825 1404 1927 1445 nos
1941 1388 2023 1444 ad

451 1479 758 1549 nequitiam
784 1481 1176 1546 convertimus,
1210 1481 1400 1536 eadem
1437 1496 1562 1536 cum
1594 1481 1662 1535 iis
1687 1480 1870 1535 denuo
1896 1495 2023 1535 sen-

451 1571 554 1625 tire
601 1569 969 1640 incipiamus,
1019 1571 1114 1640 qui
1153 1570 1211 1624 in
1247 1572 1576 1642 supplicium
1617 1572 1760 1643 ignis
1802 1580 2027 1642 pr0pter

451 1661 927 1733 intemperantiam
959 1661 1290 1717 inciderunt.
1329 1683 1346 1714 ι
1369 1663 1542 1719 Nemo
1563 1664 1732 1730 enim,
1763 1683 1781 1716 ι
1824 1665 2023 1734 inquit,

459 1776 476 1807 ι
509 1756 732 1811 mittens
764 1770 986 1809 manum
1021 1754 1092 1809 ad
1124 1763 1395 1820 aratrum,
1428 1764 1487 1810 et
1522 1770 1824 1810 conversus
1854 1765 2022 1821 retro,

2119 571 2345 626 σεαυτοῦ
2365 571 2562 643 ψυχὴν,
2592 590 2609 623 ι
2642 573 2785 642 φημί
2802 571 2867 644 δὴ
2888 570 3140 639 λέγεσθαι
3170 570 3358 640 σαφῶς
3374 570 3455 637 τὺ,
3488 589 3507 622 ι
3536 571 3727 624 Σεαυ-

2117 661 2207 716 τὸν
2236 661 2396 732 ἁγνὸν
2422 666 2595 735 τήρει·
2643 663 2737 716 καὶ
2772 662 2847 733 μὴ
2895 661 3143 716 κοινώνει
3190 662 3491 733 ἁμαρτίαις
3539 660 3726 714 ἀλλο-

2115 753 2314 825 τρίαις.
2355 773 2374 807 ι
2420 755 2528 807 Καὶ
2555 753 2794 824 ἀμείνων
2839 753 2931 807 ἔσο
2961 754 3074 807 τῶν
3122 755 3178 808 ἐν
3217 753 3411 824 κόσμῳ
3442 771 3725 825 παραπο-

2117 843 2411 915 δισμάτων·
2447 844 2623 916 ψυχῆς
2655 844 2764 916 γὰρ
2803 843 3160 916 ἀντάλλαγμα
3189 844 3249 899 τὸ
3281 845 3504 916 σύμπαν
3527 845 3722 899 οὐδέν.

2125 953 2144 986 ι
2183 935 2248 990 Τί
2273 935 2382 1008 γὰρ
2410 935 2821 1006 ὠφεληθήσεται
2867 936 3153 1008 ἄνθρωπος
3171 978 3184 1000 .
3219 938 3348 993 ὅταν
3377 939 3470 992 τὸν
3500 939 3725 1010 κόσμον

2118 1023 2239 1076 ὅλον
2268 1025 2526 1096 κερδήσῃ,
2560 1024 2656 1096 τὴν
2680 1025 2736 1078 δέ
2764 1024 2942 1095 ψυχὴν
2972 1026 3135 1080 αὐτοῦ
3171 1025 3461 1098 ζημιωθῇ;
3498 1047 3517 1080 ›
3547 1028 3622 1081 Τὺ
3655 1027 3726 1080 δὲ

2119 1116 2184 1186 δὴ
2210 1116 2405 1187 χρῆναι
2425 1115 2602 1184 λέγειν
2630 1117 3040 1189 ἀμεταστρεπτὶ
3061 1117 3334 1173 ποιεῖσθαι
3354 1119 3453 1191 τὴν
3473 1119 3721 1189 βάδισιν,

2125 1209 2378 1278 σημαίνει
2423 1224 2525 1263 που
2573 1208 2715 1278 τάχα
2742 1209 2823 1273 τὸ,
2855 1209 2929 1282 μὴ
2962 1212 3082 1273 ταῖς
3125 1212 3205 1274 είς
3248 1211 3561 1280 φαυλότητα
3610 1229 3726 1283 με·

2121 1301 2451 1370 ταστροφαῖς
2495 1299 2566 1354 τὰ
2599 1299 2687 1354 ῐσα
2721 1302 2936 1371 φρονεῖν
2976 1300 3192 1355 ἑλέσθαι
3240 1301 3402 1356 πάλιν
3450 1305 3562 1366 τοῖς
3602 1303 3725 1356 ὑπὸ

2121 1390 2277 1462 δίκην
2305 1391 2403 1463 τὴν
2429 1391 2600 1463 πυρὸς
2634 1391 2692 1458 ἐξ
2725 1392 2997 1466 ἀκρασίας
3019 1393 3400 1463 ἐνηνεγμένοις
3431 1393 3478 1466 (ι
3515 1392 3725 1456 Οὐδεὶς

2124 1481 2254 1552 γὰρ,
2297 1499 2316 1533 ι
2357 1482 2512 1552 φησὶ,
2559 1501 2578 1536 ι
2628 1482 2726 1554 τὴν
2776 1487 2932 1555 χεῖρα
2977 1483 3154 1555 βαλὼν
3198 1487 3285 1538 ἐπ’
3324 1486 3574 1558 ἄροτρον,
3615 1485 3726 1539 καὶ

2126 1573 2386 1643 στραφεὶς
2427 1576 2509 1636 είς
2545 1574 2615 1628 τὰ
2642 1576 2838 1642 ὀπίσω,
2871 1575 3089 1641 εὔθετός
3121 1579 3268 1632 ἐστιν
3307 1581 3387 1643 είς
3418 1578 3516 1650 τὴν
3551 1577 3722 1649 βασι-

2125 1665 2275 1720 λείαν
2303 1666 2410 1719 τῶν
2443 1666 2744 1738 οὐρανῶν)·
2785 1687 2803 1720 ι
2844 1667 3066 1740 ἔχεσθαι
3108 1669 3165 1724 δέ
3206 1671 3317 1725 δεῖν
3349 1670 3449 1740 τῆς
3487 1671 3569 1734 είς
3603 1687 3723 1725 σω-

2125 1757 2320 1829 τηρίαν
2354 1757 2497 1825 ὁδοῦ,
2539 1760 2613 1830 μὴ
2646 1760 2772 1830 τῇδε
2805 1762 3027 1814 κάκεῖσε
3074 1761 3526 1833 περισπωμένους
3549 1801 3565 1826 ,
3616 1762 3727 1816 καὶ

451 1857 611 1918 aptus
635 1856 721 1902 est
755 1863 923 1918 regno
944 1847 1208 1903 caelorum
1230 1849 1296 1900 τ’.
1339 1866 1356 1898 ι
1389 1846 1651 1902 Tenenda
1675 1854 1759 1902 est
1791 1861 2027 1916 namque

2131 1851 2450 1920 φαντασίαις
2478 1850 2666 1915 ἑώλοις
2699 1852 2980 1922 κοσμικῶν
3009 1852 3318 1924 ἐπιθυμιῶν
3351 1855 3584 1928 ἐλαφρὸν
3615 1858 3724 1911 καὶ

451 1941 646 1995 salutis
670 1939 776 2004 via,
823 1954 932 1994 non
975 1939 1078 1993 hac
1117 1938 1240 1993 illac
1278 1937 1702 2002 deﬂectendum,
1737 1953 1918 2008 neque
1957 1938 2026 1993 ad

450 2047 616 2088 vanas
641 2030 907 2102 imagines
934 2030 1334 2086 mundanarum
1374 2031 1737 2100 cupiditatum
1766 2031 1906 2086 levis
1935 2040 2026 2086 at-

450 2144 557 2199 que
590 2126 849 2182 volubilis
889 2126 1107 2181 animus
1135 2132 1219 2180 est
1270 2125 1674 2196 impellendus;
1695 2126 1790 2180 sed
1820 2126 2030 2197 integer

451 2230 614 2290 atque
630 2219 879 2290 vigilans,
907 2227 964 2273 et
1005 2217 1098 2288 qui
1128 2232 1344 2288 semper
1372 2216 1639 2272 directum
1674 2219 1780 2273 iter
1813 2218 2028 2288 aspice-

450 2326 510 2364 re
548 2317 732 2376 curet,
775 2309 831 2364 in
865 2309 1027 2364 nobis
1066 2309 1201 2379 ipsis
1237 2317 1322 2364 est
1371 2309 1806 2364 conservandus.
1851 2309 2026 2376 Quin-

451 2404 617 2458 etiam
636 2403 713 2470 id,
746 2402 891 2473 quod
912 2403 1093 2474 majus
1122 2409 1227 2467 est,
1259 2401 1475 2456 dicam:
1507 2401 1585 2456 ait
1610 2402 1756 2457 enim
1780 2402 2026 2472 angelus,

451 2511 560 2550 non
590 2494 754 2550 modo
785 2493 859 2548 ita
889 2493 966 2548 illi
1001 2508 1122 2549 esse
1154 2492 1580 2557 ambulandum,
1623 2509 1695 2546 ne
1728 2501 2028 2546 retrorsum

2128 1941 2564 2014 εὐδιαρῤίπιστον
2593 1940 2737 2006 νοῦν,
2770 1943 2885 1997 ἀλλ’
2922 1945 3108 2016 ἐντελῆ
3139 1962 3197 1998 τε
3229 1947 3324 1999 καὶ
3349 1945 3578 2013 ἄϋπνον,
3617 1948 3724 2003 καὶ

2129 2035 2208 2098 είς
2255 2033 2384 2087 εὐθὺ
2433 2033 2650 2104 βλέπειν
2699 2036 2786 2090 ἀεὶ¹
2837 2037 3267 2108 μεμελετηκότα,
3307 2039 3610 2110 τηροῦντας
3656 2041 3724 2095 ἐν

2127 2122 2358 2183 ἑαυτοῖς.
2389 2122 2496 2175 Καὶ
2523 2123 2584 2175 τὸ
2610 2122 2690 2176 ἔτι
2720 2124 2902 2194 μεῖζον
2934 2125 3063 2197 ἐρῶο
3108 2127 3242 2197 φησὶ
3271 2126 3379 2199 γὰρ
3410 2130 3438 2182 ὁ
3475 2128 3718 2198 ἄγγελος

2129 2212 2229 2282 οὐχ
2260 2212 2340 2265 ὅτι
2367 2211 2473 2285 χρὴ
2494 2213 2594 2286 ἤδη
2620 2215 2782 2285 μόνον
2809 2215 2970 2268 αὐτὸν
2999 2217 3414 2290 ἀμεταστρεπτὶ
3442 2220 3722 2274 ποιεῖσθαι

2132 2304 2230 2374 τὴν
2253 2303 2479 2375 βάδισιν·
2505 2307 2812 2378 προσετίθει
2834 2307 2890 2361 δέ
2921 2309 3205 2380 χρησίμως
3229 2311 3310 2376 τὸ,
3347 2331 3365 2364 ι
3389 2311 3482 2383 Μὴ
3502 2315 3632 2384 στῇς
3659 2315 3723 2366 ἐν

2131 2397 2280 2470 πάσῃ
2304 2401 2370 2469 τῇ
2400 2397 2712 2471 περιχώρῳ.
2746 2399 2842 2464 Είς
2867 2400 2930 2452 τὸ
2950 2399 3076 2472 ὅρος
3107 2400 3303 2469 σώζου,
3333 2405 3544 2475 μήποτε
3577 2421 3720 2476 συμο

2134 2490 2522 2562 παραληφθῇς.
2561 2510 2580 2543 ›

451 2608 510 2648 se
549 2584 851 2655 convertat,
880 2589 977 2645 sed
1009 2597 1318 2659 opportune
1356 2588 1598 2659 adjecit:
1641 2606 1660 2639 ι
1699 2587 1777 2643 Νε
1798 2599 1921 2642 stes
1964 2587 2020 2640 in
2056 2587 2203 2641 omni
2235 2587 2382 2642 circa
2418 2587 2683 2658 regione;
2720 2589 2778 2642 in
2848 2599 3092 2646 montem
3131 2592 3344 2648 salvum
3379 2601 3434 2648 te
3498 2592 3604 2660 fac,
3645 2609 3718 2650 ne

451 2683 592 2739 forte
618 2694 674 2739 et
703 2693 761 2738 tu
783 2680 945 2736 simul
977 2679 1232 2748 capiaris.
1272 2698 1290 2731 ι

522 2775 721 2831 PALL.
755 2771 899 2839 Quid
927 2785 1060 2826 vero
1096 2769 1233 2826 illud
1295 2777 1415 2837 est,
1464 2788 1482 2822 ι
1509 2769 1588 2826 Νε
1622 2778 1734 2826 stes
1785 2769 1842 2824 in
1875 2768 2027 2825 omni

454 2867 602 2924 circa
630 2863 892 2935 regione?
920 2881 938 2914 ι

530 2954 688 3010 CYR.
728 2952 903 3017 illam,
931 2949 987 3007 ni
1027 2950 1208 3018 fallor,
1254 2952 1513 3008 inertiam
1547 2961 1709 3023 atque
1738 2954 2028 3025 segnitiem

456 3046 526 3101 ad
566 3045 926 3101 resiliendum
950 3059 982 3099 a
1018 3043 1192 3111 vitiis,
1224 3043 1498 3100 lubricam
1523 3059 1666 3112 esse,
1727 3054 1785 3101 et
1803 3046 2027 3117 pericu-

457 3139 629 3193 losam
670 3137 966 3208 significat.

526 3228 680 3284 PAL.
716 3227 964 3295 Quonam
993 3226 1177 3292 modo,
1220 3226 1334 3294 die,
1373 3226 1628 3285 obsecro.

524 3319 684 3375 CYR.
707 3318 1070 3388 PrOpheticus
1087 3317 1235 3374 enim
1264 3333 1444 3375 sermo
1469 3319 1550 3375 sic
1583 3321 1662 3375 ait
1688 3337 1701 3374 :
1740 3339 1758 3372 ι
1787 3320 1900 3386 Vae,
1933 3319 2027 3391 qui

470 3405 654 3462 facitis
675 3420 812 3476 opus
838 3406 935 3460 Dei
969 3405 1311 3476 negligenter
1331 3408 1397 3462 °°.
1425 3439 1497 3448 —
1524 3407 1743 3465 Currite
1779 3411 1946 3465 etiam
1971 3421 2033 3467 ut

459 3496 958 3577 comprehendatis,
993 3516 1012 3548 ι
1057 3497 1135 3551 ait
1160 3498 1356 3553 beatus
1385 3499 1589 3556 Paulus
1618 3501 1685 3554 ⁸⁸.
1717 3501 1852 3555 Nam
1885 3502 2030 3556 nolle

460 3589 678 3643 fortiter
691 3603 755 3643 ac
774 3587 921 3642 serio
933 3603 963 3642 a
981 3589 1212 3659 turpiori
1237 3589 1348 3643 vita
1363 3589 1634 3660 refugere,
1653 3592 1800 3662 quod
1815 3593 2032 3648 animus

460 3695 604 3751 κει-ε
631 3694 688 3733 se
724 3679 949 3733 aveteri
988 3679 1390 3735 consuetudine
1428 3680 1617 3736 divelli
1657 3685 1922 3753 patiatur,
1968 3700 2033 3740 ac

460 3770 634 3824 veluti
662 3784 787 3824 cum
825 3769 1058 3839 quadam
1082 3770 1332 3824 molestia
1371 3786 1402 3825 a
1445 3771 1675 3842 singulis
1721 3773 2032 3843 quibusque

473 3861 631 3916 vitiis
678 3861 926 3915 discedat
978 3861 1408 3931 gravissimeque
1453 3877 1512 3917 se
1549 3864 1620 3918 ad
1665 3864 1720 3919 id
1763 3864 2029 3930 conferat,

460 3951 610 4022 quod
661 3959 852 4020 suapte
879 3957 1075 4004 natura
1113 3951 1356 4020 prodest,
1391 3967 1503 4007 non
1534 3954 1685 4009 aliud
1727 3964 1832 4020 est,
1867 3970 2031 4026 quam

463 4045 520 4100 in
558 4043 739 4098 vicina
767 4041 1029 4112 nequitia:
1067 4042 1287 4112 regione
1345 4042 1665 4111 subsistere,
1691 4047 1837 4101 unde
1867 4047 2032 4102 celeri

463 4151 628 4192 cursu
673 4134 938 4189 excedere
977 4141 1212 4204 oportet.
1245 4133 1390 4188 Fieri
1441 4150 1676 4205 namque
1741 4144 1923 4207 potest
1973 4147 2036 4195 ut

463 4229 786 4300 priusquam
819 4225 938 4281 vitii
973 4225 1228 4280 terminis
1253 4227 1672 4292 excesserimus,
1718 4227 1849 4282 dum
1885 4243 2034 4283 semp

462 4335 564 4388 per
597 4325 928 4373 cunctamur
952 4331 1016 4371 ac
1042 4317 1488 4387 tergiversamur,
1528 4317 1713 4372 divina
1758 4334 1860 4374 nos
1897 4318 2034 4374 ultio

2200 2764 2406 2819 ΠΑΛΛ.
2443 2764 2553 2819 Καὶ
2587 2764 2640 2817 τί
2674 2764 2739 2818 ἂν
2770 2763 3014 2834 βούλοιτο
3044 2765 3239 2838 δηλοῦν
3295 2767 3376 2833 τὸ,
3418 2786 3438 2821 ι
3469 2767 3560 2840 Μὴ
3588 2771 3718 2841 στῇς

2129 2859 2186 2911 ἐν
2216 2857 2363 2928 πάσῃ
2393 2858 2458 2927 τῇ
2490 2855 2816 2927 περιχώρῳς
2859 2875 2878 2908 ι

2201 2947 2366 3000 ΚΥΡ.
2397 2947 2470 3000 Τὸ
2498 2944 2649 3017 οἶμαι
2676 2947 2882 3018 νωθρόν
2920 2941 2981 2999 τε
3012 2947 3107 3001 καὶ
3146 2947 3377 3018 ἀδρανὲς
3417 2949 3497 3012 είς
3521 2949 3581 3002 τὸ
3608 2949 3721 3003 δεῖν

2131 3036 2451 3102 ἐξίπτασθαι
2475 3037 2569 3091 τοῦ
2595 3037 2790 3104 κακοῦ,
2817 3037 3084 3109 σφαλερόν
3113 3055 3172 3092 τε
3211 3040 3302 3094 καὶ
3328 3039 3641 3112 ἐπιζήμιον.

2198 3215 2404 3269 ΠΑΛΛ.
2436 3214 2648 3288 Φράσον
2672 3214 2843 3279 ὅπως.

2198 3307 2361 3361 ΚΥΡ.
2396 3307 2737 3377 Προφητικὸς
2765 3306 2868 3379 ἐφη
2909 3306 3086 3376 λόγος·
3119 3327 3139 3361 ‹
3172 3309 3326 3375 Οὐαὶ,
3361 3310 3409 3362 oi
3441 3309 3721 3376 ποιοῦντες

2127 3398 2187 3451 τὸ
2214 3399 2374 3470 ἔργον
2413 3397 2618 3469 Κυρίου
2653 3397 2891 3468 ἀμελῶς.
2917 3398 3236 3470 -Τρέχετε
3262 3399 3318 3454 δέ
3349 3401 3436 3456 ἵνα
3477 3402 3722 3456 καταλά-

2130 3488 2282 3558 ϐητε,
2313 3506 2332 3540 ι
2365 3487 2460 3541 καὶ
2491 3487 2655 3551 αὐτός
2686 3488 2786 3541 πού
2819 3505 2982 3559 φησιν
3010 3491 3038 3542 ὁ
3061 3489 3345 3556 θεσπέσιος
3369 3492 3600 3556 Παῦλος.
3638 3493 3714 3546 Τὸ

2130 3581 2239 3652 γάρ
2288 3597 2371 3633 τοι
2421 3579 2494 3651 μὴ
2545 3580 2676 3651 δρᾷν
2733 3580 2937 3636 ἐθέλειν
2987 3581 3384 3638 εὐσθενέστατά
3428 3601 3489 3637 τε
3536 3585 3631 3638 καὶ
3663 3586 3722 3638 ἐν

2132 3671 2336 3741 σπουδῇ
2382 3670 2483 3742 τὴν
2522 3671 2587 3724 ἐκ
2626 3669 2736 3726 τῶν
2774 3671 3060 3742 αίσχιόνων
3106 3673 3443 3746 ἀποδρομὴν,
3479 3675 3719 3728 δυσαπο-

2132 3762 2387 3824 σπάστως
2417 3760 2630 3831 ἔχοντος
2664 3761 2801 3832 πρὸς
2829 3761 2897 3814 τά
2929 3762 3128 3833 ἀρχαῖα
3154 3762 3249 3815 τοῦ
3288 3764 3403 3828 νοῦ,
3433 3765 3528 3818 καὶ
3557 3765 3723 3819 οἱονεὶ

2132 3851 2370 3921 στυγνῶς
2401 3852 2492 3922 ἀφ’
2527 3853 2759 3906 ἑκάστου
2813 3852 2922 3906 τῶν
2952 3853 3172 3921 φαύλων
3201 3855 3559 3926 ἀπαίροντος,
3593 3857 3721 3910 δυσ-

2131 3943 2394 3996 οκνότατα
2414 3942 2470 3995 δέ
2491 3941 2958 4014 μεθορμιζομένου
2981 3943 3116 4014 πρὸς
3132 3945 3192 3997 τὸ
3215 3945 3455 4014 πεφυκὸς
3467 3947 3719 4015 ὠφελεῖν,

2131 4033 2216 4104 εἴη
2253 4034 2318 4088 ἂν
2349 4033 2533 4102 ἓτερον
2559 4032 2732 4097 οὐδὲν,
2752 4033 2786 4102 ἢ
2816 4032 2876 4084 τὸ
2905 4033 3092 4103 στῆναι
3121 4033 3305 4090 λοιπὸν
3336 4038 3393 4091 ἐν
3425 4037 3720 4110 περιχώρῳ

2133 4123 2366 4187 κακίας,
2411 4122 2586 4175 καίτοι
2632 4121 2904 4193 δρομαίως
2946 4121 3149 4188 ἐξιέναι
3190 4124 3329 4180 δέον.
3385 4127 3457 4180 Ἢ
3503 4129 3610 4199 γάρ
3649 4129 3717 4182 ἂν

2133 4218 2241 4272 τῶν
2283 4214 2664 4286 ἐνδεχομένων,
2705 4213 2834 4286 πρὶν
2875 4215 3016 4285 ὅρων
3068 4213 3173 4280 ἐξω
3218 4218 3471 4286 γενέσθαι
3519 4219 3717 4284 κακοῦ,

2141 4307 2431 4378 μέλλοντας
2471 4304 2560 4360 ἀεὶ
2607 4304 2701 4358 καὶ
2748 4303 3144 4375 ἀναδυομένους
3186 4307 3598 4379 καταληφθῆναι
3647 4311 3717 4381 τῇ

462 4408 780 4479 praeveniat,
806 4419 1100 4477 antequam
1141 4406 1386 4461 maculas
1407 4410 1846 4480 purgaverimus,
1878 4419 2027 4465 ante-

2141 4400 2287 4473 δίκῃ,
2313 4400 2444 4471 πρὶν
2474 4397 2927 4470 ἀποκαθήρασθαι
2949 4398 3050 4468 τὴν
3076 4399 3288 4470 κηλίδα,
3316 4403 3446 4471 πρὶν
3473 4401 3720 4455 ἀποπλύ-

465 4515 631 4569 quam
664 4499 866 4552 veteris
898 4499 1161 4554 socordiae
1186 4497 1420 4553 infusam
1441 4501 1626 4554 animo
1661 4501 1841 4556 labem
1877 4502 2034 4557 elue-

462 4591 658 4654 rimus,
691 4595 986 4658 antequam
1013 4587 1308 4643 criminum
1359 4604 1390 4642 a
1436 4588 1598 4644 nobis
1623 4590 1893 4644 sarcinam
1936 4607 2033 4646 ex-

460 4679 819 4744 cusserimus,
863 4679 1164 4749 iugumque
1219 4678 1555 4735 subierimus
1587 4680 1722 4734 illud
1772 4683 2031 4748 salutare,

457 4785 526 4828 ac
563 4770 808 4839 requiem
841 4784 940 4838 per
969 4769 1249 4824 Christum
1282 4771 1677 4826 invenerimus.
1718 4770 1934 4842 Optima
1951 4782 2036 4828 est

460 4857 629 4928 igitur
665 4857 994 4919 exhortatio,
1044 4874 1062 4906 ι
1102 4857 1181 4911 Νε
1213 4866 1326 4913 stes
1368 4859 1425 4913 in
1471 4860 1620 4914 omni
1669 4860 1815 4915 circa
1851 4863 2032 4933 regio;-

459 4963 552 5012 ne,
584 4967 602 4999 ι
655 4947 761 5001 hoc
797 4953 902 5010 est,
959 4961 1090 5001 cave
1138 4961 1208 5001 ne
1245 4948 1302 5000 in
1355 4950 1468 5003 ullo
1514 4952 1777 5022 nequitiae
1829 4968 2031 5024 genere

463 5049 646 5092 moras
675 5036 896 5092 trahere
946 5035 1399 5105 deprehendaris,
1445 5039 1541 5093 sed
1580 5041 1813 5097 ascende
1861 5042 2030 5098 veluti

409 5165 423 5171 -
463 5137 518 5181 ιη
543 5135 804 5192 montem,
845 5125 901 5180 in
933 5125 1188 5180 eximiam
1227 5141 1423 5195 nempe
1453 5143 1517 5182 ac
1542 5132 1892 5198 spectabilem
1943 5133 2030 5189 vi-

466 5228 595 5283 tam,
621 5234 744 5287 qua:
793 5217 1002 5272 humile
1033 5223 1091 5272 et
1141 5217 1417 5288 abjectum
1466 5218 1607 5273 nihil
1659 5220 1878 5288 habeat,
1921 5225 2031 5294 28

463 5307 560 5362 sed
590 5309 802 5362 excelsa
853 5308 1187 5379 sublimique
1230 5306 1438 5361 virtute
1480 5308 1773 5377 praecellat,
1813 5312 1882 5366 ab
1925 5313 2031 5367 hu-

464 5399 578 5454 mili
605 5414 822 5468 quoque
844 5415 1029 5465 sensu,
1059 5408 1301 5466 terreno,
1330 5401 1575 5472 inquam,
1605 5411 1770 5474 atque
1799 5406 2028 5470 carnali,

462 5493 535 5548 sit
599 5491 800 5544 aliena.
858 5490 1135 5561 Scriptum
1197 5507 1436 5563 namque
1492 5504 1577 5550 est
1627 5513 1640 5548 :
1699 5515 1716 5546 ι
1750 5495 1847 5550 Dei
1921 5494 2032 5550 for-

466 5589 547 5634 tes
603 5591 635 5631 a
668 5585 812 5631 terra
861 5577 1216 5633 vehementer
1253 5579 1452 5636 elevati
1489 5590 1619 5638 sunt
1661 5581 1728 5635 θ’.
1761 5601 1779 5635 ι
1826 5581 2032 5638 Sensus

2133 4493 2323 4548 νασθαι
2359 4493 2452 4546 τὸν
2485 4492 2550 4544 ἐκ
2583 4493 2681 4562 τῆς
2713 4489 2946 4560 ἀρχαίας
2982 4490 3250 4560 ῥᾳθυμίας
3297 4493 3620 4562 ἐντετηκότα
3647 4495 3714 4564 τῇ

2130 4585 2274 4655 ψυχῇ
2309 4581 2602 4654 μολυσμὸν,
2625 4579 2754 4652 πρὶν
2777 4579 3247 4650 ἀποφορτίσασθαι
3271 4580 3339 4634 τὰ
3367 4581 3711 4653 ἐγκλήματα,

2132 4674 2227 4728 καὶ
2256 4672 2418 4742 ζυγὸν
2451 4672 2785 4743 ὑποδραμεῖν
2830 4670 2921 4724 τὸν
2961 4671 3248 4740 σωτήριον,
3299 4669 3716 4731 ἀναπαύσασθαι

2131 4764 2219 4819 διὰ
2268 4763 2522 4836 Χριστοῦ.
2586 4764 2844 4834 Ἀριστον
2893 4756 2986 4815 οὖν
3035 4761 3570 4833 παρακελευσμάτων
3618 4763 3714 4828 τὸ,

2141 4874 2162 4908 ι
2194 4855 2285 4926 Μὴ
2305 4858 2433 4925 στῇς
2461 4855 2519 4908 ἐν
2546 4853 2693 4924 πάσῃ
2723 4856 2791 4924 τῇ
2825 4849 3116 4924 περιχώρῳ
3136 4892 3149 4914 ,
3190 4871 3209 4904 ι
3246 4850 3391 4905 τοῦτ’
3414 4852 3582 4917 ἐστιν,
3628 4853 3716 4908 Ἐν

2142 4940 2332 5011 μηδενὶ
2363 4941 2551 5009 τρόπῳ
2591 4938 2920 5009 φαυλότητος
2958 4938 3321 5010 διαμελλήσας
3355 4940 3498 5011 ἁλῷς
3519 4985 3532 5006 ,
3574 4941 3717 4996 ἄνιθι

2133 5032 2188 5086 δὲ
2219 5029 2436 5101 μᾶλλον,
2471 5029 2660 5100 ὥσπερ
2687 5031 2769 5092 είς
2810 5029 2954 5101 ὅρος,
2989 5031 3068 5093 είς
3103 5029 3447 5102 ἐξῃρημένην
3475 5032 3596 5086 τινὰ
3624 5033 3717 5086 καὶ

2136 5125 2428 5195 περίοπτον
2462 5121 2627 5192 ζωὴν,
2653 5121 2805 5174 οὐδὲν
2835 5121 3062 5191 ἔχουσαν
3090 5121 3150 5173 τὸ
3179 5123 3567 5194 χαμαιρῤιφές,
3600 5123 3715 5177 ἀλλ’

2135 5218 2192 5270 ἐν
2224 5214 2402 5286 ὑψηλῇ
2433 5231 2491 5266 τε
2521 5215 2616 5267 καὶ
2645 5214 2928 5284 ἐπηρμένη
2953 5212 3360 5284 διαπρέπουσαν
3387 5215 3590 5287 ἀρετῇ,
3620 5216 3715 5269 καὶ

2138 5307 2530 5380 ἀπηλλαγμένῃ
2563 5306 2908 5378 φρονήματος
2955 5305 3046 5358 τοῦ
3085 5305 3538 5377 χθαμαλωτάτου,
3573 5307 3716 5361 τοῦτ’

2140 5399 2286 5452 ἐστιν
2310 5398 2402 5452 τοῦ
2425 5398 2666 5466 ἐπιγείου
2693 5397 2786 5448 καὶ
2819 5395 3102 5466 σαρκικοῦ.
3132 5396 3446 5469 Γέγραπται
3471 5398 3602 5472 γὰρ,
3630 5399 3712 5452 ὅτι

2144 5511 2162 5542 ι
2194 5491 2301 5545 Τοῦ
2324 5490 2457 5545 Θεοῦ
2481 5492 2528 5543 oi
2555 5488 2804 5561 κραταιοὶ
2826 5487 2925 5558 τῆς
2950 5489 3055 5558 γῆς
3092 5490 3292 5562 σφόδρα
3314 5492 3654 5564 ἐπήρθησαν.
3687 5508 3706 5541 ι

2151 5585 2436 5639 Ἂνωτάτω
2453 5581 2562 5655 γὰρ
2579 5581 2685 5636 τῶν
2703 5580 2958 5648 ἐπιγείων
2987 5581 3047 5634 τὸ
3063 5582 3401 5651 ἀγιοπρεπές
3429 5585 3545 5638 ἐστι
3575 5583 3710 5654 φρό-

534 5691 889 5770 ’ζςῗιεηειεθ
924 5691 1007 5770 l7.
1085 5691 1130 5723 "
1164 5691 1450 5770 I_Timoth.
1482 5713 1532 5763 ν,
1567 5696 1740 5770 22.30
1773 5697 1961 5754 Matth,
1992 5712 2025 5751 ι

2129 5697 2259 5764 ,26.
2335 5697 2380 5731 τ’
2413 5696 2546 5753 Luc.
2582 5711 2641 5762 ιι,
2668 5693 2757 5751 62.
2832 5692 2879 5726 ⁸⁸
2895 5692 3099 5750 Jerem.
3138 5693 3393 5761 nvu,10.
3471 5694 3516 5726 εί
3542 5692 3712 5750 lCor.

469 5779 541 5830 Ix,
567 5761 657 5817 24.
746 5761 791 5792 ⁶¹
821 5761 960 5815 Psal.
1004 5777 1145 5827 τινι,
1177 5762 1221 5816 Ι.
