4082 6304
383 344 492 399 m

1125 351 1214 407 DE
1253 352 1697 411 ADORA'I‘IONE
1732 354 1801 411 IN
1841 353 2113 413 SPIRITU
2149 354 2244 411 ET
2285 354 2660 414 VERITATE.
2701 355 2830 412 LIB.
2870 356 2912 411 I.

3553 356 3657 413 I78

380 475 548 556 νημα.
578 478 597 512 ι
627 461 737 516 Καὶ
756 463 961 519 νεοττοὶ
985 466 1156 534 γυπὸς
1180 467 1250 522 τὰ
1274 469 1453 540 ὑψηλὰ
1473 473 1749 540 πέτονται,
1784 494 1802 528 ι
1829 474 1962 530 κατὰ

2071 476 2221 530 enim
2277 476 2392 543 ille,
2435 477 2531 548 qui
2581 484 2802 532 sanctos
2841 475 3020 542 decet,
3080 476 3238 548 longe
3276 485 3360 533 est
3419 478 3659 536 terrenis

378 550 440 603 τὸ
465 554 873 624 γεγραμμένον,
909 557 1071 632 εἴπερ
1114 559 1298 632 έχουσι
1347 566 1598 640 καθάπερ
1629 570 1708 632 είς
1741 569 1867 640 ὅρος
1910 571 1968 623 ὲν

375 642 594 714 οὐρανῷ
637 645 699 698 τὸ
727 646 1059 720 πολίτευμα,
1093 653 1187 705 καὶ
1239 657 1664 724 μεταποιοῦνται
1713 659 1969 730 πατρίδος

375 733 475 804 τῆς
506 734 637 790 ἄνω.
677 737 882 808 Γράφει
925 742 982 794 δέ
1010 760 1110 795 που
1152 745 1246 798 καὶ
1277 747 1508 813 Παῦλοςο
1552 769 1574 802 ι
1610 751 1690 803 Τὰ
1721 750 1833 806 ἄνω
1872 751 1969 822 ζη-

376 827 543 892 τεῖτε,
573 828 649 899 μὴ
684 828 752 884 τὰ
784 831 877 884 ἐπὶ
911 832 1013 903 τῆς
1045 835 1168 905 γῆς.
1205 855 1224 888 ι

451 1093 659 1150 ΠΔΛΛ.
713 1098 887 1170 Ὄρος.
920 1095 1012 1155 οῦν
1041 1100 1152 1172 ἄρα
1183 1102 1244 1157 τὸ
1291 1107 1502 1178 νοητὸν,
1541 1109 1574 1179 ή
1612 1109 1671 1163 ἐν
1714 1095 1970 1180 ἁγιασμῷ

378 1186 514 1257 ζωὴ,
544 1189 638 1242 καὶ
663 1193 761 1262 τῆς
788 1193 1067 1264 ἐξαιρέτου
1096 1196 1371 1261 πολιτείας
1399 1201 1460 1252 τὸ
1485 1201 1804 1272 ὑπερτενές,
1828 1220 1972 1255 νοου-

382 1280 552 1352 μένης
585 1299 686 1335 που
714 1285 986 1357 κάτωμτῆς
1019 1289 1076 1340 ἐν
1107 1289 1473 1362 ἀκαθαρσίαις
1499 1293 1594 1346 καὶ⁵
1624 1292 1970 1366 φιλαμαρτή-

385 1386 563 1439 μονος,
597 1372 699 1426 καὶ
725 1375 836 1438 τοῖς
864 1375 1124 1444 ἐπιγείοις
1151 1378 1576 1453 ἐντετηγμένης.

449 1659 614 1714 ΚΥΡ.
642 1654 718 1715 Εὖ
751 1659 910 1731 ἔφηςο
963 1661 1117 1714 τουτὶ
1151 1661 1262 1734 γὰρ
1294 1663 1429 1734 ἡμῖν
1469 1664 1497 1717 ό
1528 1662 1684 1733 λόγος
1714 1656 1785 1716 εὖ
1824 1663 1970 1734 μάλα

381 1753 692 1824 καταδηλοῖ,
721 1753 1057 1825 θαυμάσειας
1079 1755 1125 1808 δ’
1156 1753 1223 1810 ἂν
1250 1754 1328 1810 ἔτι
1358 1755 1452 1810 καὶ
1471 1756 1612 1812 τόδε.

451 1842 660 1898 ΠΑΛΛ.
697 1844 770 1899 Τὸ
808 1847 860 1900 τί
884 1864 898 1913 ;

449 1935 614 1989 ΚΥΡ.
663 1937 722 1990 '0
766 1936 866 2008 μὲν
907 1937 1018 2009 γὰρ
1051 1940 1320 2011 μακάριος
1363 1940 1594 2010 ἄγγελος
1637 1942 1872 2013 ἀμελητί
1908 1959 1966 1996 τε

380 2028 476 2081 καὶ
528 2029 942 2102 ἀμεταστρεπτὶ
995 2031 1275 2088 διαθέοντα
1326 2034 1418 2087 τὸν
1465 2033 1755 2088 θεσπέσιον
1803 2034 1926 2089 Λὼτ
1950 2076 1966 2101 ,

380 2118 577 2190 χρῆναι
605 2120 717 2174 δεῖν
753 2120 990 2191 ἔφασκεν
1023 2125 1104 2186 είς
1150 2123 1212 2177 τὸ
1255 2125 1379 2196 ὅρος
1407 2125 1711 2197 ἁναπηδᾷν.
1751 2127 1817 2180 Ὃ
1862 2127 1970 2181 ἐλι-

386 2216 556 2284 πάρει
586 2213 780 2284 λέγων·
829 2234 849 2267 ι
887 2215 1108 2287 Δέομαι,
1145 2217 1316 2289 Κύριε
1335 2258 1350 2283 ,
1380 2219 1569 2290 ἐπειδὴ
1597 2212 1757 2291 εὗρεν
1781 2222 1810 2274 ό
1841 2222 1969 2284 παῖς

382 2323 474 2358 σου
496 2304 643 2370 ἔλεος
664 2304 903 2360 ἐναντίον
930 2324 1047 2371 σου,
1081 2309 1175 2362 κα)⁵
1203 2310 1548 2380 ἐμεγάλυνας
1579 2312 1676 2381 τὴν
1697 2312 1971 2367 δικαιοσύο

381 2414 476 2466 νην
514 2414 629 2461 σου,
674 2397 704 2450 ὃ
741 2401 912 2463 ποιεῖς
941 2400 1033 2452 ἐπὶ
1055 2399 1147 2454 τοῦ
1187 2389 1412 2473 ζῆν’τὴν
1470 2403 1648 2474 ψυχήν
1687 2419 1822 2475 μου*
1859 2402 1971 2472 ἐγὼ

381 2487 436 2540 δὲ
464 2487 523 2540 οὐ
558 2487 858 2560 δυνήσομαι
895 2489 1227 2561 διασωθῆναι
1258 2480 1338 2556 είς
1369 2483 1431 2545 τὸ
1476 2493 1634 2564 ὅρος,
1688 2494 1764 2564 μὴ
1797 2511 1968 2548 κατα-

383 2577 517 2649 λάϐῃ
555 2595 623 2649 με
661 2580 730 2632 τὰ
758 2580 904 2634 κακὰ
928 2621 943 2646 ,
982 2583 1074 2635 καὶ
1106 2581 1382 2637 ἀποθάνω.
1423 2583 1554 2638 Ἰδοὺ
1586 2587 1618 2656 ή
1646 2585 1800 2648 πόλις
1828 2584 1968 2656 αῦτη

383 2672 546 2740 ἐγγὺς
586 2671 681 2725 τοῦ
711 2675 1044 2742 καταφυγεῖν
1087 2691 1154 2744 με
1197 2675 1346 2740 ἐκεῖ,
1374 2675 1409 2744 ἧ
1441 2676 1558 2728 ἐστι
1591 2676 1766 2748 μικρὰ
1788 2716 1802 2741 ,
1851 2679 1971 2731 ἐκεῖ

389 2762 722 2833 σωθήσομαι.
749 2764 821 2817 Οὐ
854 2764 1026 2835 μικρά
1055 2766 1192 2829 ἐστι,
1220 2766 1314 2818 καὶ⁴
1343 2764 1566 2836 ζήσεται
1598 2767 1631 2836 ἡ
1657 2767 1808 2840 ψυχήν
1833 2786 1968 2839 μου;

383 2853 490 2907 Καὶ
519 2853 694 2908 εἰπὼν
727 2853 898 2925 αὐτῷ,
926 2855 1111 2926 φησίν·
1167 2857 1296 2910 Ἰδοὺ
1327 2856 1438 2926 ἐγὼ
1471 2857 1758 2928 ἐθαύμασα
1793 2876 1886 2912 σου
1909 2860 1971 2914 τὸ

381 2947 671 3016 πρόσωπον
699 2948 794 3000 καὶ
823 2949 916 3001 ἐπὶ
953 2948 1030 3019 τῷ
1069 2950 1274 3020 ῥήματι
1314 2951 1526 3021 τούτῳ,
1565 2948 1659 3004 τοῦ
1703 2950 1779 3022 μὴ
1802 2969 1970 3005 καταμ-

381 3037 608 3107 στρέψαι
628 3039 728 3110 τὴν
750 3038 901 3093 πόλιν
922 3040 1051 3110 περὶ
1084 3033 1150 3113 ἧς
1178 3039 1466 3110 ἐλάλησας.
1493 3040 1735 3096 Σπεῦσον
1758 3037 1850 3096 οὖν
1873 3041 1967 3096 τοῦ

2071 571 2242 626 rebus
2279 569 2552 639 superior.
2597 586 2616 620 ι
2654 568 2720 622 Ει
2752 568 2889 638 pulli
2934 567 3172 623 vulturis
3193 567 3252 623 in
3287 567 3525 624 sublime
3554 584 3655 624 vo»

2070 665 2207 728 lant,
2239 681 2258 714 ›
2295 669 2357 716 ιιι
2373 661 2640 732 scriptum
2677 668 2762 715 est
2787 659 2871 726 8';
2932 660 3207 732 siquidem
3242 661 3298 716 in
3353 661 3494 717 caelo
3530 669 3654 716 tan-

2071 772 2238 829 quam
2272 755 2330 810 in
2359 763 2546 809 monte
2575 752 2816 823 quodam
2843 753 2935 824 jus
2961 753 3201 808 civitatis
3230 753 3457 818 habent,
3480 761 3537 809 et
3558 769 3654 808 su-

2072 863 2299 920 pernam
2337 847 2487 901 illam
2527 844 2761 916 patriam
2800 859 2955 900 suam
2987 853 3202 914 putant.
3239 843 3445 900 Scribit
3486 845 3654 900 etiam

2071 941 2276 997 Paulus
2310 957 2323 993 :
2367 957 2386 992 ι
2422 938 2556 1005 Quae
2621 952 2843 993 sursum
2899 945 3036 992 sunt.
3068 937 3321 1008 quaerite,
3352 953 3465 994 non
3534 954 3656 1009 qua:

2070 1047 2237 1102 super
2270 1040 2473 1086 terram
2503 1029 2570 1082 ⁸⁸.
2612 1046 2631 1080 ι

2141 1123 2340 1180 PALL.
2388 1122 2544 1178 Mons
2595 1121 2780 1192 itaque
2833 1120 3142 1192 spiritualis
3194 1136 3308 1176 non
3363 1119 3506 1175 alius
3571 1130 3656 1175 est

2071 1231 2236 1287 quam
2291 1215 2407 1270 vita
2443 1229 2566 1285 qua:
2612 1213 2670 1267 in
2732 1214 3025 1269 sanctitate
3061 1213 3304 1278 ducitur,
3362 1227 3655 1268 conversa-

2072 1307 2350 1378 tionisque
2407 1305 2879 1376 praestantissimae
2941 1305 3312 1372 sublimitas,
3351 1314 3654 1376 contraque

2073 1397 2166 1452 illa
2191 1395 2411 1452 vivendi
2447 1397 2610 1462 ratio,
2647 1410 2771 1465 qua:
2808 1395 2866 1450 in
2906 1394 3324 1465 impuritatibus
3380 1404 3652 1460 versatur,

2069 1499 2128 1544 et
2160 1488 2428 1560 peccandi
2459 1487 2644 1544 studio
2675 1495 2918 1551 tenetur,
2955 1495 3122 1557 atque
3154 1486 3212 1542 in
3251 1486 3420 1542 rebus
3477 1493 3653 1541 terre-

2070 1578 2159 1633 nis
2196 1577 2512 1642 intabescit,
2541 1576 2728 1632 inﬁma
2749 1576 3097 1648 intelligitur.

2141 1669 2300 1726 CYR.
2331 1670 2502 1725 Recte
2540 1670 2654 1726 ais:
2689 1669 2746 1724 id
2779 1669 2932 1724 enim
2985 1669 3156 1725 verba
3187 1669 3306 1739 ipsa
3335 1669 3540 1739 optime
3574 1669 3651 1724 si-

2071 1761 2350 1835 gniﬁcant.
2374 1761 2515 1816 Puto
2535 1771 2721 1816 autem
2741 1760 2908 1817 etiam
2926 1759 3064 1816 illud
3099 1760 3398 1816 mirabere.

1997 1845 2040 1901 Β
2138 1852 2337 1908 PALL.
2365 1852 2511 1920 Quid
2544 1852 2680 1907 illud
2721 1851 2987 1907 tandem?

2135 1942 2294 1998 CYR.
2316 1943 2452 1998 Nam
2491 1944 2585 1999 ille
2614 1943 2808 1998 beatus
2839 1943 3068 2014 angelus
3095 1941 3215 1998 sine
3261 1942 3371 1997 ulla
3421 1950 3649 1998 cuncta-

2067 2036 2217 2092 tione
2252 2051 2317 2090 ac
2354 2035 2760 2106 respectatione
2795 2044 3115 2092 currentem
3166 2035 3391 2090 beatum
3447 2034 3552 2089 Lot
3586 2035 3644 2088 in

2067 2138 2309 2183 montem
2361 2127 2737 2183 conscendere
2789 2135 3047 2199 oportere
3096 2126 3335 2182 dicebat.
3371 2126 3423 2180 Is
3465 2135 3649 2180 autem

2069 2220 2294 2291 rogabat
2331 2219 2560 2276 dicens:
2604 2239 2622 2271 ι
2650 2219 2865 2287 Quaeso,
2888 2220 3140 2283 Domine,
3181 2219 3444 2290 quoniam
3489 2217 3648 2272 inve-

2068 2312 2150 2367 nit
2181 2328 2378 2368 servus
2409 2321 2538 2368 tuus
2560 2312 2791 2384 gratiam
2810 2327 2995 2366 coram
3015 2319 3088 2378 te,
3105 2321 3162 2367 et
3182 2310 3648 2382 magnificastiju-

2069 2404 2277 2460 stitiam
2312 2413 2485 2470 tuam,
2527 2420 2693 2476 quam
2725 2403 2860 2458 facis
2891 2403 2947 2458 in
2981 2419 3091 2469 me,
3151 2411 3214 2457 ιιι
3266 2405 3418 2459 vivat
3468 2405 3652 2458 anima

2068 2511 2229 2552 mea:
2266 2511 2368 2567 ego
2423 2511 2559 2551 vero
2599 2511 2710 2551 non
2777 2503 2974 2566 potero
3021 2495 3223 2550 salvari
3282 2495 3340 2549 in
3385 2503 3649 2560 montem,

2067 2601 2137 2641 ne
2175 2585 2648 2656 comprehendant
2671 2601 2759 2642 me
2799 2588 2963 2651 mala,
2998 2595 3054 2641 et
3087 2587 3312 2641 moriar.
3341 2586 3482 2641 Ecce
3509 2587 3644 2641 civi-

2069 2683 2154 2732 tas
2177 2677 2357 2747 juxta,
2399 2685 2466 2732 ut
2491 2675 2799 2747 confugiam
2831 2677 2988 2742 illuc,
3045 2693 3168 2748 qua:
3203 2686 3288 2733 est
3324 2693 3512 2748 parva,
3571 2678 3649 2732 ibi

2068 2768 2326 2823 salvabor
2357 2785 2370 2822 :
2404 2783 2590 2824 nonne
2630 2783 2798 2838 parva
2827 2776 2932 2834 est,
2972 2777 3030 2823 et
3068 2769 3218 2824 vivet
3251 2769 3432 2824 anima
3487 2770 3652 2823 mea?

2069 2859 2138 2913 Et
2180 2859 2320 2915 dixit
2377 2859 2482 2924 illi,
2516 2859 2700 2930 inquit
2727 2860 2916 2916 :AEcce
2956 2860 3266 2916 admiratus
3295 2877 3416 2916 sum
3453 2861 3651 2916 faciem

2071 2959 2220 3006 tuam
2257 2951 2424 3007 etiam
2455 2951 2513 3006 in
2546 2952 2718 3007 verbo
2746 2952 2873 3018 hoc,
2907 2969 2976 3008 ne
3001 2953 3318 3008 subvertam
3347 2953 3648 3017 civitatem,

2070 3042 2138 3099 de
2175 3059 2284 3113 qua
2303 3044 2530 3100 locutus
2554 3060 2634 3100 es.
2660 3044 2881 3100 Festina
2917 3045 3084 3115 igitur
3113 3055 3176 3100 ut
3218 3044 3448 3100 salveris
3476 3045 3647 3111 illuc;

385 3127 627 3199 σωθῆναι
677 3131 827 3193 ἐκεῖ,
859 3130 920 3183 οὐ
971 3129 1080 3201 γὰρ
1127 3130 1430 3203 δυνήσομαι
1465 3132 1696 3204 ποιῆσαι
1738 3135 1962 3205 πρᾶγμα

2072 3149 2250 3204 neque
2271 3135 2420 3189 enim
2455 3145 2648 3205 potero
2682 3134 2862 3191 facere
2891 3135 3212 3204 quidquam,
3243 3151 3530 3205 quousque
3561 3136 3648 3189 in-

377 3219 478 3283 ἕως
503 3221 599 3274 τοῦ
626 3222 686 3275 σὲ
707 3222 968 3278 εἰσελθεῖν
985 3223 1120 3277 ἐκεῖ.
1147 3223 1248 3278 Διὰ
1276 3223 1433 3278 τοῦτο
1453 3224 1679 3279 ἐκάλεσε
1712 3224 1772 3278 τὸ
1791 3225 1963 3296 ὕνομα

375 3310 476 3378 τῆς
507 3312 717 3377 πόλεως
763 3315 1002 3386 ἐκείνης,
1035 3313 1254 3386 Σηγώρ.
1297 3315 1356 3369 '0
1402 3317 1553 3387 ἥλιος
1599 3316 1825 3387 ἐξῆλθεν
1873 3317 1968 3370 ἐπὶ

374 3405 472 3474 τὴν
501 3404 628 3473 γῆν,
665 3404 759 3458 καὶ
791 3404 914 3459 Λὼτ
935 3405 1182 3478 εἰσῆλθεν
1216 3408 1296 3471 είς
1322 3407 1422 3478 τὴν
1451 3407 1670 3480 Σηγώρ.
1705 3427 1724 3459 ι

445 3497 655 3553 ΠΑΛΛ.
692 3500 800 3552 Καὶ
829 3499 914 3562 τίς
949 3499 1016 3552 ἂν
1047 3499 1255 3568 γένοιτο
1284 3501 1378 3554 καὶ
1410 3499 1498 3554 διὰ
1532 3501 1738 3556 τούτων
1771 3502 1901 3574 ἡμῖν
1931 3505 1965 3576 ἡ

375 3589 594 3661 ὄνησις,
624 3589 860 3662 ἐθέλοιμ’
884 3589 972 3658 ἂν,
1002 3591 1078 3656 ὡς
1117 3586 1174 3646 εὖ
1209 3592 1318 3647 ῐσθι
1360 3610 1472 3660 τοι,
1513 3593 1819 3666 διαμαθεῖν.

456 3767 624 3820 ΚΥΡ.
661 3768 727 3820 Ἢ
747 3768 870 3839 οὐχὶ
900 3768 1108 3839 συνίης,
1135 3769 1312 3823 καίτοι
1334 3768 1469 3824 πολὺ
1498 3772 1766 3834 νενευκὼς
1794 3771 1873 3836 εἰς
1904 3771 1965 3826 τὸ

375 3859 496 3914 λίαν
527 3860 783 3931 εὐμαθὲς,
821 3861 906 3914 ὄτι
953 3862 1066 3924 τοῖς
1102 3860 1228 3932 ἄρτι
1268 3861 1600 3932 φαυλότητος
1635 3862 1966 3936 ἐκδεδραμη-

375 3951 515 4015 κόσι,
549 3952 744 4024 χρῆναι
781 3953 838 4006 δὲ
864 3955 973 4008 δεῖν
1009 3953 1276 4024 οἰομένοις
1302 3953 1396 4006 ἐπὶ
1427 3953 1528 4024 τὴν
1555 3954 1656 4022 τῆς
1688 3954 1963 4025 σωτηρίας

377 4044 550 4098 [εσθαι
579 4045 787 4117 τρίϐον,
813 4045 915 4100 οὐκ
939 4045 1122 4110 εὐθὺς,
1150 4045 1274 4099 οὔτε
1301 4045 1410 4116 μὴν
1435 4046 1500 4098 ἐκ
1529 4043 1760 4116 πρώτων
1784 4046 1963 4115 ἐγχει-

375 4136 658 4207 ρημάτων,
686 4137 960 4208 ἁλώσιμος
989 4138 1022 4208 ἡ
1053 4137 1220 4208 ἀρετὴ
1250 4138 1346 4191 καὶ
1371 4136 1602 4208 βάσιμον
1633 4136 1695 4190 τὺ
1732 4136 1958 4205 δοκοῦν;

373 4229 514 4282 Ἀλλ’
543 4229 654 4283 οὐδ’
688 4227 754 4282 ἂν
781 4229 1019 4293 εὐκόλως
1037 4228 1425 4301 ἀνακομίξοιτό
1448 4247 1530 4293 τις
1567 4229 1648 4293 εἰς
1688 4227 1960 4282 πολιτείαν

375 4318 742 4393 ἐξῃρημένην,
773 4320 882 4374 οὐδ’
917 4319 983 4395 ay
1016 4319 1225 4388 γένοιτο
1256 4319 1475 4391 μακρὰν
1505 4320 1614 4372 τῶν
1653 4319 1814 4374 οἱονεί
1841 4336 1960 4382 πως

373 4411 520 4482 αὐτῷ
568 4411 1062 4483 συντεθραμμένων
1103 4411 1312 4478 παθῶν,
1354 4411 1470 4466 ἀλλ’
1515 4409 1620 4476 ἐξω
1668 4411 1768 4482 μὲν
1805 4411 1958 4465 ἔσται

2070 3245 2302 3300 gressus.
2337 3228 2511 3283 fueris
2544 3228 2706 3283 illuc-
2735 3228 2864 3284 Ideo
2901 3228 3123 3283 vocavit
3155 3243 3358 3282 nomen
3408 3227 3650 3282 civitatis

2068 3321 2239 3386 illius,
2293 3319 2483 3392 Segor.
2538 3319 2631 3376 Sol
2664 3328 2823 3375 ortus
2852 3326 2943 3375 est.
2982 3335 3150 3390 super
3181 3327 3410 3384 terram,
3450 3327 3517 3374 et.
3544 3318 3651 3374 Lot

2067 3411 2346 3483 ingressus
2373 3421 2458 3467 est
2481 3411 2653 3484 Segor
2689 3413 2754 3466 ⁸⁸.
2793 3431 2812 3464 ι

2136 3503 2334 3559 PALL.
2353 3503 2614 3573 Quaenam
2630 3519 2761 3559 vero
2790 3519 2866 3559 ex
2882 3503 2967 3559 his
3000 3503 3184 3559 verbis
3204 3501 3400 3558 adnos
3426 3518 3646 3574 perma-

2065 3609 2200 3649 nare
2232 3594 2407 3664 possit
2462 3593 2673 3649 utilitas
2693 3634 2708 3659 ,
2739 3593 3113 3664 equidem,ut
3152 3593 3272 3663 ipse
3312 3593 3478 3659 nosti,
3508 3607 3646 3647 aveo

2065 3685 2306 3742 discere.

2133 3779 2293 3836 CYR.
2324 3780 2409 3834 An
2444 3776 2684 3852 ignoras,
2720 3794 2845 3835 cum
2875 3776 3091 3848 alioqui
3119 3776 3196 3833 sis
3232 3777 3346 3833 acri
3383 3775 3648 3848 praeditus

2065 3870 2305 3940 ingenio,
2337 3870 2434 3940 qui
2490 3886 2719 3941 nupere
2769 3870 3016 3942 nequitia
3072 3868 3424 3934 emerserint,
3473 3877 3645 3938 atque

2063 3961 2365 4016 statuerint
2412 3961 2558 4016 viam
2613 3962 2812 4018 salutis
2855 3961 3094 4034 ingredi,
3147 3975 3244 4016 eos
3289 3976 3402 4016 non
3457 3961 3644 4016 statim

2063 4069 2242 4124 neque
2311 4053 2492 4124 primo
2548 4062 2752 4109 conatu
2805 4054 3096 4124 percipere
3147 4069 3309 4123 posse
3357 4052 3641 4115 virtutem,

2061 4151 2117 4198 et
2138 4159 2205 4199 eo
2225 4143 2537 4215 pervenire,
2560 4159 2669 4213 quo
2691 4142 3124 4199 constituerint?
3153 4142 3465 4208 Quinetiam
3495 4140 3642 4195 haud

2061 4236 2220 4292 facile
2251 4236 2376 4306 quis
2415 4235 2484 4290 ad
2542 4235 2802 4291 eximiam
2832 4235 2959 4291 vitae
2993 4233 3264 4289 rationem
3307 4232 3504 4286 adduci
3539 4249 3640 4302 po-

2061 4336 2169 4384 test
2192 4335 2288 4382 aut
2311 4327 2582 4383 semoveri
2622 4327 2777 4382 abiis
2812 4326 3040 4392 morbis,
3074 4326 3170 4395 qui
3204 4340 3330 4380 cum
3362 4325 3455 4379 illo
3502 4326 3636 4380 ado-

2061 4419 2313 4485 leverint,
2337 4419 2433 4474 sed
2463 4418 2534 4473 ab
2559 4416 2834 4488 ejusmodi
2877 4416 3033 4471 vitiis
3067 4415 3407 4486 pedetentim
3437 4416 3633 4483 exibit,

373 4505 479 4557 τῶν
521 4504 778 4558 τοιούτων
808 4504 991 4576 ἠρέμα
1012 4545 1026 4570 ,
1058 4506 1118 4559 τό
1141 4522 1206 4574 γε
1248 4506 1370 4558 ὅσον
1396 4505 1478 4568 είς
1514 4503 1822 4575 προθυμίας
1860 4503 1959 4568 τὰς

2064 4510 2210 4580 quod
2229 4510 2297 4566 ad
2317 4509 2562 4566 melioris
2596 4510 2726 4565 vita)
2759 4507 3024 4573 studium,
3057 4513 3116 4562 et
3153 4511 3450 4562 c‘onatuum
3479 4507 3636 4563 initia

376 4596 460 4648 ἐπ’
495 4596 765 4667 ἀμείνοσι,
811 4597 908 4650 καὶ
944 4598 1361 4670 ἐγχειρημάτων
1394 4597 1587 4668 ἀρχάς·
1633 4595 1770 4665 ὑψοῦ
1804 4595 1861 4648 δέ
1896 4596 1957 4649 οὐ

374 4687 508 4750 λίαν,
537 4691 570 4760 ἢ
603 4690 841 4761 μακράνο
873 4691 1154 4762 μονονουχὶ
1184 4691 1241 4744 δὲ
1279 4689 1724 4761 μεταφοιτήσειεν
1749 4689 1829 4752 είς
1857 4688 1960 4760 γῆν

378 4781 473 4850 μὲν
501 4779 692 4850 ὥσπερ
721 4783 801 4845 εἰς
834 4782 1046 4854 ἑτέραν,
1087 4783 1168 4846 είς
1210 4781 1353 4852 ζωὴν
1395 4781 1496 4852 μὲν
1539 4779 1956 4851 ἐπαινουμένην,

376 4872 584 4943 ὑψηλὴν
619 4873 677 4926 δὲ
709 4871 861 4927 οὔπω
897 4874 991 4928 καὶ
1029 4874 1323 4945 περίοπτον.
1349 4871 1620 4944 λαχοῦσαν
1653 4872 1751 4943 τὴν
1778 4872 1956 4938 δόξαν,

373 4965 528 5018 ὁποία
563 4982 648 5028 τις
677 4960 746 5036 ἦν
769 4967 803 5034 ἡ
848 4965 991 5019 κατὰ
1026 4965 1188 5036 νόμον
1217 4964 1583 5034 παιδαγωγία,
1613 4964 1750 5036 πρὸς
1781 4964 1957 5035 ἀρχὰς

372 5056 720 5128 ἀναφέρουσα
755 5055 905 5128 ζωῆς
932 5057 1162 5129 ἀρίστης
1185 5075 1244 5110 τε
1268 5059 1361 5111 καὶ
1384 5056 1615 5128 ἀγαθῆς.
1643 5056 1956 5126 Γέγραπται

370 5149 498 5219 γάρ·
535 5168 554 5200 ί
603 5149 772 5220 Ἀρχὴ
794 5149 914 5204 ὁδοῦ
947 5149 1159 5220 ἀγαθῆς
1178 5149 1241 5202 τὸ
1264 5151 1435 5202 ποιεῖν
1463 5148 1533 5202 τὰ
1558 5148 1763 5204 δίκαια.
1806 5167 1829 5199 ι
1861 5148 1957 5202 Ὃν

368 5241 476 5312 γὰρ
501 5242 703 5314 τρόπον
734 5243 850 5304 τοῖς
879 5241 1006 5313 περὶ
1049 5241 1248 5310 γνῶσιν
1275 5240 1670 5304 ἐσπουδακόσι,
1703 5241 1797 5294 καὶ
1821 5239 1957 5292 θεωο

372 5330 494 5401 ρίας
545 5331 855 5402 ἐφιεμένοις
887 5331 986 5401 τῆς
1041 5333 1338 5402 μυστικῆς,
1393 5331 1696 5401 ἐπιτήδειος
1750 5329 1850 5402 μὲν
1897 5331 1956 5383 ἐν

369 5423 563 5492 ἀρχαῖς
591 5423 684 5476 καὶ
714 5425 798 5477 ὅτι
837 5422 1069 5493 μάλιστα
1101 5423 1327 5494 πρέπων
1360 5423 1446 5494 εἴη
1493 5423 1559 5477 ἂν
1597 5425 1626 5476 ό
1668 5423 1766 5494 τῆς
1819 5439 1950 5476 κοντ-

370 5515 618 5584 ηχήσεως
648 5514 841 5583 λόγος’
873 5514 1143 5569 διάττουσι
1165 5516 1222 5569 δὲ
1253 5515 1387 5587 πρὸς
1410 5515 1579 5586 ἄνδρα
1600 5514 1798 5569 τέλειον
1820 5516 1944 5586 ἤδη,

371 5604 463 5658 καὶ
487 5605 568 5668 είς
590 5603 794 5675 μέτρον
825 5603 1034 5674 ἡλικίας
1054 5606 1147 5660 τοῦ
1173 5606 1534 5679 πληρώματος
1563 5606 1655 5660 τοῦ
1685 5606 1944 5678 Χριστοῦ,

461 5784 508 5819 ⁸⁸
530 5784 636 5843 Job
690 5799 912 5854 xxxviii,
943 5787 992 5842 4.
1083 5788 1140 5858 ,⁸⁵
1173 5786 1381 5846 Culoss.
1431 5807 1508 5858 ιη,
1551 5793 1633 5876 2η

2059 4603 2318 4674 pertinet,
2351 4601 2470 4672 29.
2516 4617 2628 4656 non
2680 4609 2864 4656 tamen
2921 4599 3146 4655 sublimi
3186 4598 3485 4654 admodum
3524 4600 3634 4655 erit

2059 4696 2215 4761 loco,
2232 4702 2329 4750 aut
2351 4694 2570 4766 longius
2583 4702 2819 4758 remoto,
2840 4693 2934 4748 sed
2967 4691 3302 4764 demigrabit
3325 4692 3439 4758 ille,
3464 4707 3637 4762 prope

2059 4787 2316 4854 dixerim,
2375 4797 2637 4858 tanquam
2673 4787 2730 4842 in
2760 4787 2900 4842 alias
2939 4793 3139 4851 terras,
3169 4786 3238 4841 ad
3289 4786 3480 4851 vitam,
3512 4786 3637 4840 lau-

2058 4877 2299 4934 dabilem
2326 4878 2552 4950 quidem
2586 4877 2759 4943 illam,
2793 4877 2890 4933 sed
2916 4877 2985 4933 de
3009 4879 3169 4950 cujus
3203 4877 3378 4949 gloria
3401 4893 3512 4933 non
3541 4877 3640 4932 ad-

2062 4971 2286 5026 modum
2326 4969 2581 5025 sublimis
2624 4977 2790 5040 atque
2845 4971 3142 5041 conspicua
3181 4971 3254 5026 sit
3297 4971 3508 5042 opinio,
3542 4985 3638 5025 cu-

2053 5061 2296 5132 jusmodi
2351 5068 2474 5115 erat
2523 5060 2616 5116 illa
2672 5061 2809 5132 legis
2854 5061 3150 5126 institutio,
3192 5077 3315 5130 quae
3351 5061 3420 5114 ad
3466 5060 3625 5113 initia

2055 5153 2243 5223 probae.
2268 5160 2631 5223 spectataeque
2648 5151 2774 5208 vitae
2796 5153 3148 5223 perducebat.
3173 5152 3451 5220 Scriptum
3481 5167 3636 5206 nam—

2056 5259 2164 5314 que
2198 5250 2323 5299 est:
2367 5262 2385 5296 ι
2416 5243 2641 5299 Initium
2661 5245 2766 5300 vim
2796 5245 2956 5300 bona:
2988 5251 3074 5299 est
3136 5242 3319 5296 facere
3346 5243 3494 5314 justa
3521 5243 3621 5297 ⁸⁸.»

2056 5335 2127 5392 Ut
2154 5335 2301 5390 enim
2354 5335 2450 5406 qui
2499 5336 2802 5407 cognitioni
2834 5335 3083 5398 student,
3130 5341 3187 5388 et
3209 5335 3631 5405 contemplatio-

2056 5443 2185 5481 nem
2219 5427 2508 5498 mysticam
2542 5435 2829 5495 expetunt,
2859 5425 2925 5480 iis
2963 5430 3126 5493 aptus
3173 5434 3258 5478 est
3279 5424 3348 5478 ab
3379 5425 3536 5478 initio
3575 5433 3632 5479 et

2057 5518 2114 5574 in
2169 5517 2362 5588 primis
2419 5516 2756 5571 conveniens
2814 5513 3190 5570 catecbeticus
3251 5528 3458 5578 sermo,
3529 5511 3627 5568 sed

2055 5606 2144 5670 iis,
2181 5607 2276 5676 qui
2303 5607 2416 5676 jam
2444 5605 2501 5659 in
2525 5606 2706 5660 virum
2736 5604 3040 5675 perfectum
3066 5614 3440 5676 pervenerunt
3487 5611 3544 5659 et
3569 5601 3628 5659 iu

1707 5793 1751 5828 ⁸⁸
1783 5792 1919 5851 Gen.
1950 5807 2059 5860 XIX,
2100 5792 2279 5849 18-25.
2359 5792 2403 5824 ⁸⁶
2441 5792 2599 5850 Prov.
2651 5805 2756 5858 xvi,
2794 5789 2850 5846 5.
