4082 6304
396 288 503 344 ίτϋ
1435 285 1490 342 S.
1524 284 1802 343 CYRILLI
1841 285 2313 342 ALEXANDRINI
2342 286 2659 343 ARCIHEP.
3581 286 3699 339 ιδιι

280 424 287 431 ·
322 424 362 433 ν
392 415 706 457 mensuram
742 399 921 455 tetatis
971 397 1336 469 plenitudinis
1375 397 1583 455 Christi
1609 399 1675 463 ⁸⁷,
1717 399 1964 454 convenit

2081 376 2374 468 (ἶρμόσειεν
2408 397 2473 452 ἂν
2506 398 2608 468 ἤδη
2649 414 2764 462 πως
2814 397 2849 468 ἡ
2884 396 3225 467 στερεωτέρα
3269 396 3443 467 τροφὴ
3471 438 3487 462 ,
3530 396 3688 449 τοῦτ’

326 500 333 503 ’
392 495 625 551 solidior
665 488 846 557 cibus,
891 491 946 547 id
984 498 1090 555 est,
1123 507 1311 546 rerum
1361 505 1746 562 supremarum
1796 491 1974 560 expli-

393 588 560 651 catio,
604 586 691 640 via
725 583 968 654 denique
1007 583 1191 639 omnis
1221 600 1287 639 ac
1347 585 1491 639 ratio
1517 583 1842 655 dogmaticze
1890 584 1979 638 iu-

359 668 377 693 '
394 677 712 749 dagationis
735 685 821 731 est
837 675 1140 747 aperienda
1163 695 1176 730 :
1204 677 1284 731 sic
1325 676 1384 732 in
1417 676 1523 731 hac
1545 691 1776 747 quoque
1797 684 1975 747 parte,

395 771 451 827 id
477 780 593 836 est,
658 771 715 825 in
754 769 1008 825 moribus
1046 769 1391 841 corrigendis
1423 768 1571 825 haud
1610 768 1692 825 fas
1736 777 1822 825 est
1854 768 1976 823 cui-

392 878 580 933 quam,
605 864 785 934 primo
815 862 1005 919 statim
1057 862 1267 932 impetu
1313 862 1380 917 ad
1407 870 1613 917 statum
1648 861 1826 931 culpae
1853 875 1978 915 om-

389 955 480 1010 nis
495 954 862 1025 expertem,id
882 961 967 1009 est
989 952 1057 1008 ad
1081 952 1463 1008 admirabilem
1486 958 1653 1022 atque
1682 950 1976 1006 sublimem

389 1047 615 1103 vivendi
675 1046 950 1102 rationem
1003 1045 1394 1101 conscendere.
1432 1044 1739 1101 Procedere
1792 1051 1975 1098 tamen

392 1139 542 1194 idem
578 1147 763 1210 potest
818 1138 1085 1210 paulatim
1125 1137 1193 1193 ad
1226 1136 1478 1193 habitum
1513 1136 1762 1192 numeris
1792 1135 1973 1191 omni-

391 1230 500 1286 bus
535 1230 875 1295 absolutum,
933 1229 980 1284 si
1020 1228 1092 1283 ab
1143 1227 1360 1298 exiguis
1391 1234 1449 1281 et
1475 1224 1854 1281 mediocribus
1885 1223 1974 1277 in-

391 1321 622 1392 ceperit,
664 1336 730 1376 ac
750 1318 1157 1390 quodammodo
1188 1332 1515 1390 progressus
1549 1316 1718 1372 fuerit
1753 1314 1822 1370 ad
1858 1314 1977 1369 exi-

392 1428 558 1485 guam
605 1412 891 1467 civitatem
940 1418 998 1467 et
1049 1410 1271 1466 excelso
1322 1408 1497 1464 monti
1537 1407 1862 1478 proximam,
1902 1405 1972 1460 ad

389 1520 512 1561 eam
551 1519 752 1574 nempe
783 1502 1011 1559 vivendi
1041 1501 1334 1567 rationem,
1369 1516 1491 1572 quze
1518 1500 1647 1555 vitae
1682 1499 1967 1570 praestanti

389 1605 562 1667 atque
608 1595 835 1651 sublimi
906 1594 1155 1666 subjecta
1194 1599 1282 1649 est
1327 1601 1385 1648 et
1432 1590 1679 1646 inferior.
1712 1590 1827 1645 Hac
1879 1607 1972 1644 ra-

389 1685 542 1741 tione
563 1685 748 1756 justus
793 1683 919 1749 Lot,
947 1682 1041 1754 qui
1098 1697 1210 1738 non
1256 1681 1313 1736 in
1342 1689 1587 1737 montem
1626 1680 1834 1745 statim,
1874 1680 1972 1735 sed

2082 487 2251 553 ἐστιν,
2286 491 2315 542 ὁ
2353 490 2483 560 περὶ
2528 489 2636 542 τῶν
2669 488 2931 544 ἀνωτάτω
2978 487 3173 558 λόγος,
3200 486 3357 559 οἶμος
3397 505 3455 541 τε
3488 489 3682 544 ἅπασα

2080 580 2267 634 λοιπὸν
2324 580 2553 652 ἐρεύνης
2602 580 2970 652 δογματικῆς·
3021 578 3165 634 οὕτω
3215 579 3448 633 κάνθάδε
3496 583 3681 651 φημὶ,

2079 669 2223 724 τοῦτ’
2261 669 2430 732 ἐστιν,
2458 672 2516 724 ἐν
2546 672 2668 734 ταῖς
2694 670 2801 724 τῶν
2820 669 2970 739 ὴθῶν
3000 669 3095 723 καὶ
3122 668 3342 740 τρόπων
3366 670 3677 740 ἐπανορθώ-

2081 778 2219 832 σεσι,
2241 762 2342 815 οὑκ
2371 761 2437 815 ἂν
2462 761 2547 833 εἴη
2573 762 2683 815 τῶν
2704 762 3071 834 ἐνδεχομένων
3097 760 3261 824 εὐθὺς
3292 761 3677 834 ἀναθρώσκει-ι
3776 760 3793 769 ’

2077 853 2336 907 δύνασθαί
2380 871 2531 916 τινας
2583 853 2677 907 ἐπὶ
2724 854 2788 907 rb
2833 854 3155 925 ἀμωμήτως
3203 852 3347 923 ἕχον,
3384 854 3553 924 ῆγουν
3594 858 3675 919 εἰς

2079 945 2336 1016 ὑπερφυᾶ
2356 945 2450 999 καὶ
2498 944 2806 1016 ὑπέρλοφον
2843 944 3139 998 πολιτείαν.
3193 945 3470 1017 Προσήκοι
3495 946 3540 1000 δ’
3581 947 3671 1012 ἂν,

2077 1027 2255 1103 οἶμαι,
2281 1034 2421 1088 κατὰ
2445 1033 2619 1106 βραχὺ
2651 1035 2788 1106 πρὸς
2817 1033 2914 1105 τὴν
2942 1033 3147 1106 ἀρτίως
3175 1034 3406 1104 ἔχουσαν
3434 1036 3570 1101 ἕξιν,
3605 1041 3672 1091 ἐκ

2079 1124 2292 1197 μικρῶν
2337 1124 2433 1179 καὶ
2474 1125 2807 1198 συμμέτρων
2854 1124 3196 1198 ἀρξάμενος,
3243 1126 3339 1182 καὶ
3386 1134 3672 1201 μονονουχὶ

2076 1217 2478 1290 προειστρέχων
2507 1218 2760 1291 καθάπερ
2792 1219 2875 1284 εἰς
2925 1219 3080 1274 πόλιν
3109 1219 3334 1292 μικρὰν,
3378 1222 3474 1274 κα).
3507 1222 3671 1292 ὅρους

2076 1308 2279 1381 ὑψηλοῦ
2313 1309 2553 1378 γείτονα,
2585 1309 2687 1382 τὴν
2715 1313 2816 1383 τῆς
2843 1310 3123 1381 ἐξαιρέτου
3154 1312 3250 1365 καὶ
3272 1308 3670 1387 ἀνῳκισμένης

2075 1403 2221 1475 ζωῆς
2239 1404 2661 1475 ὑποκαθημένην
2678 1422 2739 1458 τε
2759 1405 2853 1458 καὶ
2870 1406 2928 1458 ἐν
2944 1405 3122 1477 μείοσι
3138 1406 3435 1464 πολιτείαν.
3455 1411 3670 1484 Tauru-

2071 1513 2154 1549 τοι
2184 1496 2279 1549 καὶ
2299 1497 2328 1549 ὁ
2353 1495 2563 1561 δίκαιος
2586 1496 2731 1562 Λὼτ,
2757 1496 2926 1564 τύπος
2946 1500 3012 1553 ἂν
3045 1498 3135 1569 εἴη
3167 1499 3277 1554 τῶν
3304 1501 3433 1572 τῇδε
3458 1501 3672 1558 διακει·

2076 1588 2275 1658 μένων,
2309 1588 2409 1643 οὑκ
2443 1590 2522 1653 εἰς
2556 1589 2617 1642 rb
2643 1589 2769 1660 ὅρος
2812 1589 3005 1654 εὐθὺς,
3036 1591 3150 1645 ἀλλ’
3183 1593 3244 1646 ἐν
3285 1592 3440 1647 πόλει
3469 1593 3670 1667 Σηγὼρ

2070 1682 2136 1752 τῇ
2167 1682 2338 1752 μικρᾷ
2357 1721 2375 1746 ,
2397 1680 2724 1735 καταλύσειν
2753 1680 2939 1747 ἀξιιῖιν.
2974 1684 3044 1736 Ἢ
3073 1682 3183 1755 γάρ
3207 1683 3328 1755 οὐχὶ
3350 1686 3527 1739 καὶέν
3552 1690 3671 1755 τοῖς

388 1774 450 1830 in
469 1775 749 1831 civitatem
789 1774 960 1845 Segor
987 1774 1240 1845 exiguam
1272 1772 1547 1827 divertere
1569 1780 1630 1826 ut
1652 1772 1759 1827 sibi
1787 1772 1964 1837 liceat,

2075 1772 2451 1842 εὑαγγελικοῖς
2514 1772 2837 1846 κηρύγμασι
2898 1774 3155 1839 τοιαύτας
3227 1774 3491 1840 πολλάκις
3562 1777 3668 1842 τὰς

389 1866 553 1937 petit,
574 1880 780 1924 eorum
809 1866 906 1936 qui
945 1865 1028 1921 sic
1066 1864 1251 1920 atl'ecti
1292 1872 1442 1929 sunt,
1483 1879 1595 1918 non
1623 1863 1867 1919 absurde
1906 1863 1972 1917 li-

391 1974 529 2030 gura
589 1957 780 2014 fuerit.
827 1959 1028 2013 Annon
1075 1959 1225 2015 enim
1263 1957 1317 2012 in
1359 1958 1478 2030 ipsa
1515 1972 1741 2029 quoque
1796 1957 1976 2012 Evan-

389 2042 521 2122 gelii
556 2050 988 2122 praedicatione,
1046 2050 1363 2122 hujusmodi
1422 2064 1804 2120 saepenumero
1850 2065 1972 2105 mo-

388 2145 737 2202 derationem
771 2160 901 2217 erga
944 2144 1137 2201 fideles
1187 2145 1538 2201 observatam
1581 2160 1702 2200 esse
1741 2159 1970 2215 compe-

388 2237 635 2294 riemus?
677 2237 881 2292 Beatus
916 2236 1121 2292 Paulus
1167 2244 1318 2292 certe
1360 2236 1419 2291 in
1451 2236 1699 2307 Epistola
1737 2236 1969 2291 scribit:

396 2348 416 2381 ι
436 2328 650 2385 Bonum
688 2335 775 2384 est
801 2328 1014 2384 homini
1047 2329 1339 2385 mulierem
1368 2344 1481 2384 non
1532 2337 1758 2401 tangere
1792 2347 1805 2383 :
1837 2345 1970 2400 pro-

386 2427 513 2491 pter
544 2418 944 2476 fornicationes
980 2428 1166 2475 autem
1196 2419 1579 2490 unusquisque
1636 2434 1791 2475 suam
1820 2435 1962 2475 uxo-

382 2525 504 2567 rem
543 2511 767 2578 habeat,
817 2519 875 2567 et
909 2526 1251 2583 unaquaeque
1289 2527 1451 2567 suum
1497 2512 1679 2567 virum
1724 2512 1967 2568 habeat:

384 2601 494 2658 hoc
521 2611 708 2659 autem
732 2602 859 2660 dico
894 2603 1199 2658 secundum
1242 2602 1664 2674 indulgentiam,
1708 2618 1821 2657 non
1877 2617 1967 2658 se-

386 2697 631 2753 cundum
660 2696 979 2767 imperium.
1010 2695 1151 2751 Volo
1178 2695 1327 2749 enim
1371 2710 1566 2751 omnes
1604 2695 1861 2752 homines
1880 2712 1969 2753 es-

386 2803 446 2843 se
475 2787 620 2843 sicut
678 2803 766 2843 me
832 2787 1032 2857 ipsum.
1095 2785 1203 2841 Sed
1231 2787 1613 2857 unusquisque
1678 2787 1965 2859 pr0prium

386 2880 558 2937 habet
590 2880 797 2935 donum
822 2894 890 2935 ex
921 2880 1054 2945 Deo,
1089 2879 1232 2934 alius
1260 2879 1487 2950 quidem
1516 2880 1618 2945 sic,
1654 2881 1801 2935 alius
1832 2893 1965 2935 vero

385 2971 466 3028 sic
502 2971 569 3026 ⁸⁸.
602 2991 620 3023 ι
658 2971 825 3028 Vides
853 2977 916 3025 ut
960 2984 1279 3041 supremum
1331 2970 1687 3027 continentiae
1732 2971 1963 3042 gradum

2075 1865 2389 1936 οἰκονομίας
2429 1866 2739 1938 εὑρήσομεν
2770 1868 2830 1921 ἐν
2860 1868 2974 1932 τοῖς
3004 1866 3324 1921 πιστεύουσι
3355 1868 3667 1941 γεγενημέο

2073 1977 2172 2024 νας
2197 1977 2213 2026 ;
2239 1961 2352 2015 Καὶ
2375 1960 2506 2031 γοῦν
2529 1963 2558 2016 ὁ
2586 1961 2856 2034 μακάριος
2882 1960 3094 2027 Παῦλος
3120 1961 3425 2018 ἐπιστέλλει
3454 1964 3664 2033 λέγων’

2079 2072 2099 2105 ι
2133 2054 2312 2109 Καλὸν
2343 2053 2617 2127 ἀνθρώπῳ
2641 2054 2899 2124 γυναικὸς
2927 2054 3001 2126 μὴ
3032 2053 3322 2108 ἅπτεσθαι*
3354 2053 3444 2108 διά
3471 2054 3530 2108 δέ
3563 2055 3667 2118 τὰς
3722 2042 3727 2049 ’

2074 2145 2327 2216 πορνείας
2364 2144 2596 2209 ἕκαστος
2642 2145 2742 2215 τὴν
2791 2143 2986 2197 ἐαυτοῦ
3033 2146 3268 2212 γυναῖκα
3322 2144 3519 2215 ἐχέτω,
3567 2145 3666 2197 καὶ

2072 2234 2281 2304 ἑκάστη
2314 2235 2406 2290 τὸν
2433 2234 2563 2289 ἴδιον
2609 2233 2779 2306 ἄνδρα
2816 2232 3008 2304 ἐχέτω.
3041 2231 3212 2285 Τοῦτο
3252 2232 3309 2286 δέ
3340 2231 3484 2300 λέγω
3519 2230 3671 2285 κατά

2074 2325 2425 2397 συγγνώμην,
2451 2324 2552 2378 οὑκ
2577 2323 2865 2394 ἐπιταγήν.
2897 2322 3047 2376 Θέλω
3072 2321 3180 2393 γὰρ
3209 2321 3419 2385 πάντας
3451 2321 3667 2393 ἀνθρὼ-

2073 2434 2208 2480 πους
2231 2412 2373 2473 εῖναι
2400 2415 2477 2480 ὡς
2515 2415 2609 2470 κα.)⁸
2640 2413 2897 2484 ἐμαυτόν.
2946 2412 3088 2467 Ἀλλ’
3120 2413 3352 2477 ἕκαστος
3386 2413 3515 2467 ἴδιον
3544 2413 3661 2485 ἔχει

2068 2508 2314 2581 χάρισμα
2351 2511 2416 2563 ἐκ
2454 2507 2611 2573 Θεοῦ,
2653 2509 2682 2561 ὁ
2709 2506 2810 2579 μὲν
2843 2505 3038 2571 οὑτως,
3066 2509 3095 2561 ὁ
3121 2506 3178 2558 δέ
3209 2505 3402 2569 οὕτως.
3443 2526 3462 2557 ι
3494 2507 3662 2577 Ὁρᾷς

2068 2603 2186 2666 πῶς
2209 2602 2308 2675 τῆς
2335 2599 2664 2670 ἐγκρατείας
2687 2599 2749 2653 rb
2778 2601 2858 2663 εἰς
2884 2597 3023 2667 ἄγαν
3047 2597 3377 2670 ὑπερφερές,
3406 2597 3661 2671 καθάπερ

2064 2689 2192 2760 ὅρος
2223 2691 2354 2760 ἡμῖν
2382 2686 2628 2752 ὑπέδειξε
2661 2686 2856 2757 λέγων’
2889 2706 2909 2740 ι
2942 2687 3125 2742 Καλὸν
3157 2687 3430 2758 ἀνθρώπῳ
3460 2704 3655 2755 γυναι-

2065 2782 2160 2845 κὸς
2189 2781 2263 2853 μὴ
2294 2780 2582 2835 ἅπτεσθαι·
2630 2798 2649 2831 ι
2702 2780 2877 2851 ἐφῆκε
2923 2780 2981 2834 δέ
3030 2781 3184 2851 ἡμᾶς
3221 2780 3527 2835 καταλῦσαι
3576 2782 3658 2845 εἰς

2065 2875 2284 2946 Σηγὼρ,
2322 2873 2468 2927 τοῦτ’
2515 2872 2687 2938 ἐστιν,
2726 2873 2806 2937 είς
2846 2872 2944 2945 τὴν
2986 2873 3410 2945 ὑποκαθημένην
3440 2872 3521 2927 ἔτι
3558 2872 3657 2926 τοῦ

2064 2966 2283 3030 τελείως
2308 2964 2524 3036 ἔχοντος
2554 2964 2798 3036 ἀγωγὴν,
2825 2964 2886 3018 τό
2922 2982 2980 3019 τε
3016 2964 3218 3030 ἐξεῖναί
3248 2983 3392 3035 φημι
3427 2967 3564 3038 μόνῃ
3588 2968 3659 3037 τῇ

378 3063 555 3119 veluti
588 3071 830 3119 montem
875 3062 1037 3118 nobis
1062 3062 1388 3131 ostenderit,
1447 3063 1660 3129 dicens,
1700 3083 1718 3114 ι
1744 3063 1957 3119 Bonum

2068 3056 2175 3129 ίδίᾳ
2203 3055 2613 3128 συμπλέκεσθαι
2636 3055 2889 3124 γυναικί;
2918 3053 3029 3126 Τὴν
3054 3054 3112 3108 δὲ
3140 3056 3243 3125 γῆν
3273 3055 3374 3125 τὴν
3399 3055 3655 3128 ἀρίστην,

382 3164 469 3211 est
499 3155 711 3210 homini
732 3155 1021 3210 mulierem
1066 3169 1177 3209 non
1204 3161 1449 3225 tangere,
1477 3173 1495 3206 ›
1527 3154 1840 3226 permiserit
1875 3163 1958 3210 ta-

383 3263 513 3305 men
541 3248 599 3304 in
622 3248 792 3320 Segor
818 3248 1117 3313 divertere,
1152 3246 1209 3302 id
1243 3255 1351 3311 est,
1407 3246 1465 3301 in
1498 3247 1806 3318 subiectam
1862 3245 1961 3300 ad-

381 3340 496 3397 huc
524 3338 786 3412 perfectae
824 3340 1023 3395 virtuti
1073 3339 1201 3394 vitae
1229 3338 1523 3404 rationem,
1560 3346 1621 3392 ut
1659 3338 1842 3405 liceat,
1873 3338 1961 3393 in-

2065 3150 2312 3220 καρποὺς
2333 3147 2635 3203 ἀποδώσειν
2652 3147 2889 3217 ἔφασκεν
2911 3149 2939 3202 ὁ
2958 3147 3172 3218 Σωτὴρ,
3189 3149 3287 3219 τὴν
3315 3149 3414 3218 μὲν
3436 3148 3656 3210 ἑκατὸν,

2059 3242 2158 3314 τὴν
2188 3242 2245 3295 δὲ
2274 3241 2568 3312 ἐξήκοντα,
2606 3239 2707 3312 τὴν
2751 3239 2808 3293 δὲ
2843 3241 3161 3312 τριάκοντα.
3205 3240 3439 3294 Διεδίδου
3470 3240 3530 3293 δέ
3560 3241 3654 3294 καὶ

2057 3333 2120 3385 rb
2145 3332 2427 3400 τάλαντον,
2460 3334 2560 3385 οὐκ
2602 3334 2660 3385 ἐν
2693 3332 2793 3403 ἴσῳ
2829 3332 3034 3405 μέτρῳ,
3063 3333 3201 3388 ἀλλά
3230 3334 3306 3405 τῷ
3340 3335 3439 3404 μὲν
3465 3334 3652 3399 πέντε,

382 3447 574 3503 quam,
596 3446 723 3486 cum
749 3431 866 3486 sola
895 3444 995 3485 sua
1016 3429 1219 3500 cuique
1241 3443 1411 3483 uxore
1437 3427 1703 3498 copulari.
1732 3427 1960 3483 Terram

2068 3426 2134 3499 τῷ
2159 3427 2218 3481 δέ
2248 3426 2362 3491 δύο,
2386 3425 2464 3496 τῷ
2491 3425 2547 3480 δὲ
2575 3425 2653 3480 ἐν·
2680 3425 2762 3486 rb.
2791 3419 2970 3495 οἶμαι,
2993 3418 3283 3493 τῶνέξεων
3310 3427 3656 3492 ἀνισοσθενὲς

381 3536 604 3592 quoque
656 3520 920 3591 optimam
952 3518 1166 3575 fructus
1214 3518 1446 3574 reddere
1503 3517 1725 3574 dicebat
1768 3516 1959 3574 Salva-

2068 3518 2142 3573 Βιά
2169 3518 2374 3572 τούτων
2396 3517 2628 3581 δεικνὺς,
2657 3517 2873 3590 ἑκάστῳ
2894 3535 2952 3572 τε
2979 3519 3248 3592 διανέμων
3270 3521 3345 3585 ὼς
3369 3521 3435 3576 ἂν
3462 3522 3654 3595 ἐπιτη-

383 3619 474 3666 tor
503 3611 574 3677 ",
614 3610 724 3682 3o
746 3610 891 3665 hanc
917 3609 1142 3680 quidem
1167 3609 1554 3674 centesimum,
1594 3609 1824 3665 alteram
1870 3622 1963 3663 se-

381 3702 743 3772 xagesimum,
776 3702 943 3757 aliam
970 3700 1211 3771 denique
1251 3701 1617 3773 trigesimum.
1667 3699 1966 3757 Distribuit

383 3792 557 3850 etiam
598 3796 868 3850 talentum
894 3808 1007 3848 non
1035 3807 1193 3863 aequa
1215 3807 1503 3859 mensura,
1531 3790 1631 3848 sed
1674 3793 1773 3847 uni
1791 3792 1963 3862 quin-

2066 3610 2340 3680 δειότητος
2367 3609 2480 3681 ἐχοι
2507 3611 2602 3664 καὶ
2639 3608 2885 3682 γνώμης.
2929 3612 3018 3676 Ὠς
3042 3613 3150 3686 γὰρ
3189 3613 3401 3685 ἔφαμεν
3426 3615 3649 3688 ἀρτίως,

2072 3719 2090 3750 ι
2121 3702 2389 3765 Ἕκαστος
2421 3700 2552 3756 ἴδιον
2576 3699 2691 3777 ἔχει
2716 3701 3050 3777 χάρισμαρκ
3080 3705 3239 3771 Θεοῦ,
3269 3709 3298 3761 ὁ
3329 3707 3428 3778 μὲν
3456 3707 3647 3775 οὕτως,

2062 3790 2092 3845 ὀ
2117 3790 2176 3845 δὲ
2207 3790 2401 3855 οὑτως.
2437 3811 2457 3845 ι

381 3896 512 3952 que,
539 3883 701 3939 alteri
720 3883 852 3948 duo,
871 3883 965 3938 alii
997 3898 1171 3937 unum
1194 3882 1260 3935 '°.
1293 3881 1508 3948 Quibus
1556 3883 1824 3953 exemplis
1875 3896 1986 3935 non
2058 3896 2272 3955 aquam
2338 3898 2460 3940 esse
2512 3885 2719 3942 virium
2769 3885 3088 3943 facultatem
3147 3890 3412 3957 ostendit,
3475 3904 3647 3963 seque

380 3977 615 4051 singulis
635 3977 776 4034 dona
793 3993 897 4048 pro
941 3984 1107 4047 captu
1150 3977 1418 4048 cujusque
1455 3985 1510 4032 et
1551 3975 1839 4031 habilitate
1878 3976 2145 4031 tribuere.
2182 3977 2251 4033 Ut
2279 3979 2429 4033 enim
2477 3981 2641 4038 modo
2681 3982 2925 4038 diximus
2963 3999 2976 4035 :
3019 4001 3037 4034 ι
3074 3982 3469 4057 Unusquisque
3508 4004 3645 4059 pro-

377 4067 562 4142 prium
603 4069 772 4125 habet
806 4068 1014 4124 donum
1038 4083 1071 4122 a
1097 4068 1231 4134 Deo,
1257 4085 1401 4125 unus
1421 4069 1646 4141 quidem
1675 4066 1777 4135 sic,
1809 4068 1951 4124 alius
1985 4084 2120 4124 vero
2149 4068 2255 4125 sic.
2292 4087 2310 4121 ι

450 4161 650 4218 PALL.
679 4163 850 4217 Recte
879 4161 982 4216 ais.

428 4253 588 4311 CYR.
613 4253 1094 4325 Permittititaque
1119 4255 1316 4312 beatus
1339 4255 1567 4328 angelus
1609 4262 1673 4310 ut
1702 4255 1761 4311 in
1788 4254 1959 4328 Segor

380 4347 637 4403 divertat.
681 4345 866 4402 «Ecce
906 4345 1077 4413 enim,
1107 4365 1125 4398 ι
1167 4345 1368 4417 inquit,
1429 4363 1448 4397 ι
1476 4345 1782 4402 admiratus
1833 4359 1957 4400 sum

2131 4162 2339 4215 ΠΑΛΛ.
2371 4157 2446 4217 Εὖ
2493 4162 2691 4233 λέγεις.

2136 4253 2304 4323 ΚΥΡ.
2347 4252 2564 4325 Ἐφίησι
2591 4255 2689 4327 μὲν
2716 4257 2746 4309 ὁ
2773 4256 3045 4331 μακάριος
3063 4259 3293 4330 ἄγγελος
3318 4263 3645 4321 καταλύσειν

2062 4346 2145 4409 εἰς
2180 4344 2400 4417 Σηγώρ.
2448 4365 2466 4398 ι
2514 4347 2648 4401 Ἰδοὺ
2692 4349 2822 4422 γὰρ,
2869 4368 2888 4401 ι
2927 4352 3111 4422 φησιν,
3151 4372 3170 4405 ι
3220 4354 3508 4426 ἐθαύμασά
3548 4375 3645 4411 σου

380 4440 576 4498 faciem
607 4448 758 4497 tuam
785 4441 951 4497 etiam
978 4442 1036 4497 in
1077 4441 1248 4497 verbo
1309 4443 1436 4510 hoc,
1487 4459 1559 4498 ne
1588 4451 1836 4499 evertam
1878 4442 1957 4498 ci-

2068 4439 2125 4493 rb
2164 4440 2456 4511 πρὸσωπον
2492 4440 2588 4494 καὶ
2628 4441 2723 4494 ἐπὶ
2745 4441 2825 4513 τῷ
2871 4444 3076 4515 ῥήματι
3104 4445 3280 4517 τούτῳ
3305 4447 3398 4501 τοῦ
3432 4449 3506 4520 μὴ
3544 4467 3646 4503 κα-

378 4533 629 4599 vitatem,
665 4533 733 4588 de
755 4549 862 4603 qua
894 4534 1114 4590 locutus
1141 4549 1221 4590 es.
1252 4534 1473 4597 Festina
1525 4536 1712 4610 igitur,
1741 4544 1804 4591 ut
1845 4536 1955 4590 sal-

380 4622 526 4679 veris
548 4622 647 4678 ibi.
685 4641 704 4674 ι
741 4622 952 4689 Deinde
992 4622 1195 4694 inquit,
1233 4643 1251 4674 ‹
1274 4622 1366 4678 Sol
1390 4612 1650 4696 egressus
1676 4635 1762 4681 est
1786 4638 1957 4697 super

378 4723 609 4781 terram,
661 4723 719 4771 et
770 4714 876 4785 Lot
918 4714 1204 4786 ingressus
1258 4724 1344 4770 est
1395 4715 1585 4788 Segor.
1637 4736 1656 4769 ›
1691 4717 1805 4773 Nec
1847 4719 1956 4773 mi-

376 4822 485 4861 nus
518 4807 810 4870 mirabere,
841 4807 1068 4873 Palladi,
1109 4808 1205 4863 ubi
1256 4808 1526 4865 didiceris
1571 4824 1697 4881 quae
1749 4811 1823 4866 sit
1849 4812 1954 4867 ho-

378 4913 504 4952 rum
524 4897 821 4963 verborum
847 4897 1139 4963 sententia,
1168 4917 1186 4949 ι
1212 4898 1529 4957 Admiratus
1568 4915 1690 4956 sum
1716 4886 1890 4967 enim,
1928 4920 1948 4954 ι

377 4989 582 5061 inquit,
619 5007 637 5041 ι
686 4985 883 5043 faciem
925 4996 1096 5054 tuam,
1131 5004 1201 5044 ne
1237 5000 1479 5048 evertam
1529 4993 1830 5059 civitatem,
1874 4994 1943 5051 de

377 5098 485 5152 qua
514 5081 738 5137 locutus
773 5095 885 5136 es.»
915 5078 1117 5136 Odiosa
1163 5080 1313 5135 enim
1348 5100 1543 5140 revera
1575 5087 1689 5142 Deo
1721 5097 1808 5143 est
1858 5088 1951 5143 illa

378 5173 505 5229 vitae
536 5174 698 5235 ratio,
723 5188 847 5242 quae
868 5187 926 5228 se
951 5188 1063 5228 non
1105 5172 1346 5244 perfecte
1381 5175 1450 5230 ad
1494 5176 1758 5234 virtutem
1803 5195 1954 5236 com-

378 5266 536 5336 ponit
562 5283 577 5332 ;
601 5273 658 5320 et
672 5265 779 5321 hoc
807 5267 986 5339 ipsum
1007 5267 1095 5322 vel
1129 5266 1359 5321 minima
1381 5283 1450 5323 ex
1481 5278 1638 5338 parte
1659 5270 1813 5326 vitiis
1830 5288 1953 5327 suc-

379 5357 662 5419 cumbere,
699 5358 776 5412 illi
805 5360 1179 5430 respuendum
1216 5360 1457 5428 videtur,
1489 5372 1546 5418 et
1576 5379 1687 5419 non
1739 5367 1898 5439 longe
1921 5384 1952 5423 a

379 5445 835 5503 condemnatione
879 5449 1053 5505 abest.
1081 5449 1354 5506 Caeterum
1394 5452 1640 5524 indulget
1670 5467 1768 5509 sua
1793 5455 1952 5511 beni-

380 5533 607 5607 gnitate,
654 5542 712 5589 et
755 5535 1036 5593 initiorum
1089 5538 1429 5609 facultatem,
1483 5549 1693 5597 naturae
1736 5542 1956 5598 viribus

479 5713 524 5746 ⁸⁷
556 5711 757 5783 Ephes.
787 5733 858 5787 tv,
893 5718 977 5774 15.
1076 5723 1120 5755 δ’
1155 5721 1325 5779 lCor.
1363 5742 1457 5796 vn,
1505 5727 1553 5796 i,
1586 5728 1640 5799 2,
1676 5729 1728 5797 6,
1759 5730 1809 5783 7.

1912 5730 1956 5763 ”
1990 5731 2181 5786 Matth.
2215 5748 2329 5801 xm,
2383 5736 2472 5791 25.

2058 4530 2363 4602 ταστρέψαι
2409 4531 2508 4603 τὴν
2556 4533 2733 4601 πόλιν,
2769 4536 2897 4605 περὶ
2940 4530 3007 4608 ἧς
3052 4536 3343 4609 ἐλάλησας.
3398 4541 3644 4596 Σπεῦσον

2058 4619 2151 4679 οὖν
2182 4624 2277 4678 τοῦ
2313 4624 2552 4697 σωθῆναι
2576 4628 2713 4682 ἐκεῖ.
2757 4646 2775 4678 ›
2811 4623 2946 4681 Εἷτά
2987 4645 3175 4699 φησιν,
3214 4630 3294 4684 ὅτι
3331 4650 3350 4683 ι
3401 4632 3459 4685 'U
3493 4633 3643 4703 ἥλιος

2057 4715 2280 4788 ἐξῆλθεν
2316 4718 2411 4770 ἐπὶ
2436 4717 2536 4789 τὴν
2565 4718 2691 4787 γῆν,
2721 4719 2817 4772 καὶ
2836 4717 2959 4773 Λὼτ
2989 4719 3240 4791 εἰσῆλθεν
3260 4724 3340 4786 είς
3369 4723 3584 4796 Σηγώρ.
3616 4745 3637 4775 ι

2056 4810 2377 4881 Θαυμάσαις
2417 4810 2461 4863 δ’
2504 4808 2591 4872 ἂν,
2634 4806 2680 4863 ὧ
2723 4812 2929 4882 ἐταῖρε,
2961 4812 3044 4875 τίς
3078 4810 3146 4866 ἂν
3188 4813 3397 4882 γένοιτο
3450 4815 3640 4887 μαθὼν

2056 4900 2391 4954 καὶτούτων
2419 4902 2449 4954 ὁ
2493 4900 2637 4967 νοῦς,
2690 4920 2708 4954 ι
2762 4901 3086 4974 Ἐθαύμασα
3111 4907 3219 4979 γάρ
3254 4922 3369 4971 σου,
3416 4926 3435 4960 ι
3481 4909 3638 4980 φησὶ,

2063 5010 2083 5043 ι
2115 4992 2177 5045 rb
2216 4993 2509 5064 πρόσωπόν
2542 5011 2635 5048 σου
2664 4995 2758 5049 τοῦ
2794 4997 2867 5068 μὴ
2906 5000 3282 5072 καταστρέψαι
3308 5000 3409 5072 τὴν
3456 5002 3637 5069 πόλιν,

2058 5083 2188 5159 περὶ
2216 5079 2284 5156 ἦς
2325 5085 2610 5157 ἐλάλησας.
2651 5106 2670 5141 ›
2710 5089 3051 5161 Ἀνεθέλητος
3087 5092 3186 5162 μὲν
3223 5093 3334 5164 γὰρ
3362 5092 3440 5165 τῷ
3489 5095 3633 5167 Θεῷ,

2060 5174 2202 5229 κατά
2230 5173 2293 5229 rb
2324 5175 2546 5246 ἀληθὲς,
2576 5178 2608 5249 ἡ
2634 5176 2858 5243 τελείως
2888 5181 2989 5233 οὐκ
3019 5180 3219 5252 ἔχουσα
3255 5184 3392 5254 πρὸς
3432 5186 3637 5256 ἀρετὴν

2060 5266 2324 5331 πολιτεία,
2356 5269 2449 5321 καὶ
2482 5268 2546 5321 rb
2574 5270 2716 5323 κατά
2743 5287 2793 5323 τι
2845 5271 2975 5337 γοῦν
3006 5273 3271 5342 ἡττᾶσθαι
3295 5275 3405 5330 τῶν
3447 5277 3635 5331 παθῶν

2059 5357 2367 5430 ἀπόϐλητον
2406 5376 2466 5412 τε
2521 5360 2670 5430 αὑτῷ
2711 5360 2808 5415 καὶ
2862 5364 3238 5434 κατακρίσεως
3269 5369 3329 5420 οὑ
3390 5370 3629 5442 μακράν.

2059 5452 2207 5524 Πλὴν
2238 5451 2453 5523 ἐφίησιν
2480 5454 2543 5506 ἐκ
2576 5454 3005 5526 φιλανθρωπίας,
3036 5459 3130 5511 καὶ
3151 5464 3544 5533 συμμετρήσαξ
3564 5467 3628 5535 τῇ

2061 5544 2219 5613 φύσει
2250 5544 2311 5598 rb
2344 5546 2403 5600 ἐν
2430 5545 2627 5616 ἀρχαῖς
2655 5546 2898 5616 ἐφικτὸν,
2947 5547 3218 5615 σώζεσθαι
3250 5553 3482 5628 κελεύει,
3535 5557 3631 5610 καὶ

2584 5739 2631 5771 ’θ
2659 5738 2848 5795 Matth.
2889 5754 3011 5807 xxv,
3063 5739 3153 5795 15.
