4082 6304
312 5130 317 5161 l

344 230 449 288 {8'1

1095 234 1185 292 DE
1222 234 1663 294 ADORATIONE
1702 236 1773 294 IN
1811 236 2085 295 SPIRITU
2121 236 2212 294 ΕΤ
2251 237 2620 297 VERI'I‘ATE.
2663 242 2791 297 LIB.
2830 242 2870 296 l.

3504 248 3608 303 58°!

345 341 691 415 μελετῶντας
734 342 814 399 ῐτι
857 344 923 400 τὺ
957 346 1162 417 ἀγαθὸν
1183 388 1199 416 ,
1246 347 1402 409 οὔπω
1438 368 1499 405 τε
1544 351 1645 423 τὴν
1684 352 1931 409 ὑπαίτιον

2035 353 2346 420 dimetitus,
2374 354 2572 411 salvari
2609 354 2769 428 jubet
2793 369 2891 413 eos
2921 370 3164 427 quoque,
3190 356 3297 428 qui.
3333 356 3608 416 meditan-

343 434 542 506 κομιδῇ
594 434 1006 508 διαστείχοντας
1041 441 1287 514 ἀγωγήν.
1327 442 1487 497 Ἀλλά
1526 443 1623 498 καὶ
1669 447 1781 509 τοῖς
1850 448 1928 510 εἰς

343 526 505 581 τοῦτο
535 527 733 599 ἥκουσι
763 529 1001 601 μέτρων,
1019 532 1117 587 καὶ
1131 534 1212 597 εἰς
1226 534 1453 607 ταυτηνί
1475 552 1536 589 τε
1558 536 1929 591 εἰσελαύνουσι

342 618 445 690 τὴν
479 619 841 686 κατάστασιν,
868 624 929 676 ού
961 623 1086 694 δίχα
1124 625 1303 694 φωτὸς
1322 626 1421 680 τοῦ
1449 626 1596 681 θείου
1625 628 1721 682 καὶ
1740 627 1931 699 δᾳδου-

343 709 471 782 χίας
506 713 609 783 τῆς
642 712 852 769 ἀνωθεν
878 716 913 786 ἡ
950 716 1212 789 εἰσδρομὴ
1244 717 1443 787 γένοιτ’
1480 718 1568 774 ἀν.
1602 737 1622 769 ι
1667 720 1929 775 Ἀνέτειλε

345 804 479 878 γὰρ,
513 822 532 857 ι
564 806 753 877 φησιν,
790 826 809 860 ι
846 810 876 863 ὁ
903 808 1057 880 ἥλιος
1098 811 1197 865 καὶ
1245 810 1371 865 Λὼτ
1413 810 1664 883 εἰσῆλθεν
1701 812 1783 877 εἰς
1821 814 1929 885 Ση-

344 912 486 968 γωρ.
531 915 553 950 ι

418 1076 628 1131 ΠΑΛΛ.
670 1076 761 1141 Ὧς
787 1078 997 1149 σφόδρα
1023 1095 1087 1148 γε
1130 1078 1199 1135 τά
1223 1077 1410 1134 εἰκότα
1440 1079 1612 1151 έφηςῑ

419 1167 585 1223 ΚΥΡ.
642 1170 700 1224 '0
729 1169 831 1240 μὲν
863 1164 957 1224 οῦν
989 1169 1275 1235 θεσπέσιος
1302 1170 1427 1226 Λὼτ
1466 1173 1548 1234 εἰς
1581 1170 1683 1242 τὴν
1729 1170 1811 1226 ἔτι
1841 1188 1930 1243 μι-

346 1258 491 1331 κράν
521 1259 722 1316 εἰσέθει
756 1262 936 1328 πόλιν,
984 1263 1232 1333 ἀφιέντος
1264 1264 1414 1337 αὐτῷ
1441 1264 1538 1319 τοῦ
1572 1265 1731 1320 Θεοῦ*
1776 1265 1932 1337 ἠλέγ-

347 1367 478 1420 χετο
506 1350 564 1405 δὲ
595 1351 691 1406 καί⁸
719 1352 858 1424 πρὸς
883 1351 1045 1408 τοῦτο
1078 1354 1314 1425 ἀσθενὴς
1355 1357 1390 1427 ἠ
1418 1356 1662 1427 ἑπομένη
1687 1373 1749 1410 τε
1780 1353 1931 1426 αύτῷ

354 1439 456 1494 καὶ
485 1440 852 1498 συνεκθέουσα
899 1445 1057 1516 γυνή.
1090 1462 1110 1495 ι
1157 1443 1456 1517 Ἐπέϐλεψε
1499 1446 1632 1518 γὰρ,
1676 1464 1696 1498 ι
1741 1447 1927 1518 φησιν,

353 1547 376 1583 ι
414 1532 494 1596 εἰς
530 1530 601 1585 τά
643 1532 842 1601 ὀπίσω,
890 1535 985 1589 καὶ
1029 1535 1251 1604 ἐγένετο
1279 1537 1453 1609 στήλη
1494 1537 1639 1603 ἁλός.
1677 1557 1698 1591 ι
1730 1537 1841 1593 Θέα
1872 1539 1933 1593 δὲ

346 1622 430 1676 ὅτι
452 1623 579 1687 νοῦς
606 1624 711 1694 μὲν
734 1626 765 1679 ό
785 1624 1031 1697 ἀνδρεῖος
1054 1628 1150 1681 καὶ
1170 1628 1426 1701 φρόνημα
1448 1629 1510 1683 τὸ
1534 1629 1801 1698 νεανικὸν,
1824 1629 1929 1684 κᾶν

344 1714 396 1766 εἰ
438 1714 516 1786 μὴ
546 1716 773 1781 τελείως
800 1717 1082 1787 ἀφικνοῖτο
1108 1720 1272 1791 τυχὸν
1303 1723 1385 1785 εἰς
1412 1721 1474 1775 τὸ
1511 1721 1746 1794 ἀρέσκον
1786 1720 1927 1792 Θεῷ,
1962 1705 2008 1762 Β

346 1806 654 1877 κατορθοῦν
670 1809 948 1881 ἠργμένος
966 1810 1067 1883 τὴν
1086 1811 1309 1885 ἀρετὴν,
1331 1812 1449 1868 ἀλλ’
1471 1809 1565 1869 οὖν
1582 1813 1726 1881 ἔξεις
1740 1814 1930 1869 παθῶν

345 1903 582 1955 ποιεῖται
624 1904 767 1958 κατὰ
808 1903 980 1978 βραχὺ
1024 1906 1163 1977 πρὸς
1189 1907 1252 1960 τὸ
1280 1907 1581 1979 ἀμεινόνως
1606 1906 1752 1978 ἔχον.
1792 1907 1851 1961 ’0
1874 1906 1932 1961 δὲ

343 1993 582 2065 ἀσθενής
604 2012 665 2048 τε
689 1997 785 2051 καὶ
810 1997 1093 2069 ἄνανδρος,
1114 1992 1176 2053 οὗ
1207 2001 1435 2071 σημεῖον
1462 2001 1490 2070 ἡ
1519 1998 1679 2071 γυνὴ,
1699 2001 1819 2061 ταῖς
1849 1999 1931 2062 εἰς

346 2086 658 2158 φαυλότητα
679 2092 1070 2162 μετατροπαίς,
1104 2091 1418 2163 ἀχρειοῦται
1440 2091 1742 2156 παντελῶς.
1768 2092 1930 2146 Τουτί⁵

345 2178 457 2252 γὰρ
491 2174 652 2252 οἶμαι
679 2181 876 2253 δηλοῦν
901 2183 963 2237 τὸ
990 2182 1245 2253 γενέσθαι
1271 2184 1443 2255 στήλη
1492 2182 1619 2248 ἀλός
1637 2200 1651 2214 ·
1700 2185 1839 2256 ὅπερ
1864 2183 1931 2238 ἂν

346 2273 432 2345 εἴη
474 2274 744 2347 σύμϐολον
772 2277 1259 2351 ἀπομαρανθείσης
1291 2279 1507 2351 φρενὸς,
1541 2279 1635 2333 καὶ
1658 2278 1751 2333 νοῦ
1792 2278 1931 2350 πρὸς

348 2365 666 2439 ἠλιθιότητα
718 2372 1051 2441 μεταφοιτᾷν
1088 2370 1369 2441 κειμένου,
1422 2370 1519 2425 καὶ
1565 2371 1647 2435 εἰς
1694 2369 1930 2441 ἐσχάτην

350 2456 446 2528 ήδη
473 2474 591 2518 πως
617 2457 975 2528 ἀναισθησίαν
1004 2459 1331 2529 ὲληλακότος
1365 2460 1464 2530 (1).
1508 2459 1931 2531 Ἀπομωρανθὲν

349 2548 405 2601 δὲ
427 2548 487 2601 τδ
510 2548 668 2613 ἀλας,
696 2552 776 2613 εἰς
801 2550 953 2604 οὐδὲν
981 2549 1225 2621 ἰσχύσειν
1255 2551 1360 2615 ἔτι,
1389 2551 1485 2607 καὶ
1508 2551 1669 2615 αὐτὸς
1691 2550 1929 2621 ἔφασκεν

348 2640 377 2691 ὁ
390 2638 581 2710 Σωτήρ
602 2657 615 2670 ο
628 2639 1104 2712 ἀχρειωθήσεσθαι
1122 2640 1180 2694 δὲ
1193 2640 1492 2708 παντελῶς,
1515 2640 1620 2707 ἔξω
1636 2659 1696 2695 τε
1714 2642 1929 2713 πεμπό-

354 2747 533 2797 μενον,
564 2733 663 2785 καὶ
685 2730 792 2785 ὑπὸ
822 2732 991 2794 πόδας
1014 2731 1318 2803 ἀνθρώπων
1351 2733 1759 2805 διερριμμένον.
1804 2734 1930 2786 Ἀπ-

349 2822 592 2878 ελιθοῦτο
608 2825 706 2895 μὲν
722 2819 814 2878 οὖν
837 2827 871 2895 ἡ
892 2823 1052 2896 γυνὴ,
1072 2824 1383 2896 προσετίθει
1399 2825 1456 2880 δὲ
1476 2826 1578 2880 ούκ
1600 2827 1681 2891 εἰς
1710 2825 1928 2897 μακρὰν

350 2915 411 2970 τὺ
438 2916 623 2969 λεῖπον
656 2917 686 2969 ό
713 2913 856 2970 Λώτ.
889 2916 1211 2986 Γέγραπται
1240 2916 1372 2988 γὰρ,
1400 2917 1484 2970 ὅτι
1521 2936 1541 2969 ι
1579 2916 1769 2989 Ἀνέϐη
1804 2915 1927 2970 Λὼτ

2031 454 2124 501 tur
2152 446 2420 501 virtutem
2466 445 2670 514 adhuc,
2705 462 2819 502 non
2863 455 3045 504 tamen
3088 462 3190 519 per
3218 463 3340 504 eam
3382 449 3607 507 vivendi

2030 536 2176 592 viam
2212 536 2521 603 ambulant,
2553 553 2676 607 quae
2701 552 2734 592 a
2763 538 2926 609 culpa
2955 538 3116 609 longe
3148 548 3358 594 remota
3391 538 3609 596 sit.Sed

2031 628 2102 683 iis
2115 643 2357 698 quoque,
2394 629 2489 700 qui
2512 629 2581 684 ad
2610 630 2993 686 huncvirtutis
3016 630 3246 703 gradum
3271 631 3520 699 tendunt,
3552 640 3611 689 et

2031 718 2101 774 ad
2120 719 2457 790 hujusmodi-
2473 728 2676 775 statum
2704 720 3107 790 provehuntur,
3133 735 3245 776 non
3268 721 3387 777 sine
3419 721 3611 777 divino

2029 810 2261 876 lumine,
2296 826 2662 883 superumque
2713 812 2979 884 lampadis
3019 813 3497 885 prtevioiulgore,
3543 828 3612 868 eo

2032 901 2245 973 ingredi
2285 901 2578 973 contingit.
2618 920 2636 955 ι
2664 901 2832 959 Ortus
2868 910 2953 958 est
2984 901 3155 969 enim,
3187 921 3206 955 ι
3236 903 3436 974 inquit,
3468 903 3610 969 «sol,

2030 1001 2089 1048 et
2110 991 2214 1048 Lot
2242 992 2525 1064 ingressus
2555 1001 2641 1048 est
2674 991 2868 1063 Segor.
2902 1012 2920 1043 ι

2103 1083 2302 1139 ΡΑΙλΙλ.
2334 1083 2511 1150 Quam
2548 1099 2635 1150 ea,
2671 1099 2797 1154 quae
2821 1084 3028 1149 dixisti,
3055 1083 3361 1155 quadram!

2099 1173 2259 1231 CIR.
2294 1174 2495 1231 Beatus
2520 1176 2690 1247 igitur
2712 1176 2816 1232 Lot
2870 1176 2929 1231 in
2971 1176 3226 1247 exiguam
3259 1175 3444 1231 adhuc
3470 1175 3610 1231 civi-

2032 1275 2227 1333 tatem,
2259 1267 2372 1323 Deo
2419 1269 2812 1338 permittente,
2854 1277 2940 1324 est
2972 1269 3293 1340 ingressus:
3346 1267 3441 1323 sed
3489 1283 3613 1338 qua:

2029 1374 2158 1414 eum
2201 1359 2590 1426 comitabatur,
2632 1375 2851 1431 unaque
2901 1360 3147 1432 fugiebat
3184 1376 3345 1427 uxor,
3397 1360 3466 1416 ad
3508 1361 3614 1416 hoc

2029 1466 2252 1521 quoque
2304 1451 2524 1507 inﬁrma
2570 1467 2694 1508 esse
2749 1452 3093 1523 deprehensa
3152 1463 3255 1509 est.
3332 1472 3351 1505 ι
3387 1453 3614 1524 Aspexit

2030 1541 2203 1606 enim,
2228 1560 2247 1593 ι
2276 1541 2478 1612 inquit,
2529 1561 2548 1593 ι
2572 1551 2747 1609 retro,
2790 1552 2847 1599 et
2866 1543 2924 1598 in
2951 1543 3082 1599 salis
3107 1551 3343 1599 statuam
3367 1552 3452 1600 est
3477 1560 3612 1599 con-

2029 1647 2188 1688 versa
2219 1633 2288 1688 “.
2358 1652 2379 1685 ι
2417 1634 2807 1691 Animadverte
2856 1635 3028 1708 igitur
3082 1637 3327 1691 animum
3396 1636 3612 1691 virilem

2031 1731 2434 1795 strenuumque
2467 1740 2714 1793 sensum,
2746 1742 2872 1782 cum
2911 1727 3176 1783 virtutem
3219 1742 3474 1783 exercere
3496 1742 3611 1784 cm-

2030 1812 2198 1883 perit,
2221 1813 2389 1868 etiam
2416 1814 2466 1868 si
2487 1814 2557 1869 ad
2593 1814 2670 1881 id,
2706 1815 2857 1886 quod
2886 1815 3000 1870 Deo
3044 1816 3244 1885 placet,
3271 1815 3456 1871 minus
3483 1831 3610 1886 per-

2029 1905 2204 1970 venit,
2230 1914 2416 1961 tamen
2450 1906 2721 1963 excedere
2759 1922 2791 1963 e
2819 1907 2974 1962 vitiis
3031 1916 3208 1972 certe,
3241 1916 3301 1963 et
3346 1907 3612 1978 paulatim

2030 1996 2099 2051 ad
2132 1998 2517 2067 praestantiora
2543 1999 2803 2070 progredi
2828 2016 2841 2053 :
2874 2007 2931 2054 at
2945 2000 3100 2054 illum
3125 1998 3403 2054 inﬁrmum
3426 2007 3483 2054 et
3511 2014 3617 2070 [a-

2032 2103 2156 2141 rum
2190 2088 2431 2153 virilem,
2469 2090 2627 2160 cujus
2656 2087 2828 2160 ﬁgura
2872 2098 2960 2145 est
3004 2087 3206 2143 mulier
3236 2088 3367 2144 dum
3412 2087 3480 2142 ad
3510 2103 3612 2143 ne-

2032 2180 2269 2249 quitiam
2322 2181 2693 2246 convertitur,
2759 2181 2880 2235 ﬁeri
2940 2196 3171 2252 prorsus
3221 2181 3473 2236 inutilem
3508 2197 3522 2233 :
3555 2178 3613 2235 id

2030 2271 2180 2326 enim
2214 2272 2531 2343 signiﬁcare
2565 2272 2813 2328 arbitror
2856 2272 2979 2329 ﬁeri
3007 2282 3243 2329 statuam
3278 2274 3428 2339 salis,
3462 2274 3612 2343 quod

2030 2375 2143 2416 non
2175 2361 2417 2417 absurde
2446 2361 2755 2433 symbolum
2786 2361 2957 2417 fuerit
2986 2362 3269 2418 infatuataa
3303 2364 3526 2429 mentis,
3552 2372 3615 2419 et

2030 2451 2225 2518 animi,
2249 2452 2346 2523 qui
2370 2452 2438 2507 ad
2465 2453 2756 2509 stultitiam
2797 2454 3035 2510 transire
3066 2455 3321 2520 voluerit,
3351 2462 3515 2525 atque
3544 2456 3612 2511 ad

2029 2530 2345 2598 extremum
2375 2544 2489 2615 jam
2522 2553 2807 2616 stuporem
2835 2545 3171 2616 pervenerit.
3192 2545 3298 2616 31
3335 2545 3427 2601 Sal
3449 2547 3603 2602 enim

2030 2635 2357 2692 infamatum
2408 2636 2479 2693 ad
2526 2636 2771 2692 nihilum
2817 2637 2965 2692 ultra
3015 2637 3224 2703 valere,
3270 2638 3438 2693 etiam
3496 2637 3613 2710 ipse

2031 2726 2283 2784 Salvator
2314 2727 2788 2799 ait;sedpenitus
2820 2728 3017 2785 inutile
3046 2728 3166 2784 ﬁeri
3186 2728 3338 2785 foras
3356 2729 3625 2798 missum,,

2030 2829 2088 2876 et
2107 2821 2212 2876 sub
2250 2823 2489 2892 pedibus
2517 2823 2808 2879 hominum
2834 2825 3219 2881 conculcatum
3245 2826 3312 2880 ’³.
3349 2825 3488 2882 Cum
3512 2827 3614 2882 ita-

2030 2928 2138 2983 que
2174 2914 2370 2969 mulier
2416 2913 2474 2969 in
2521 2915 2761 2985 lapidem
2818 2916 3019 2972 durata
3067 2924 3233 2984 esset,
3285 2933 3396 2973 non
3436 2919 3613 2974 multo

347 3006 412 3059 ὶκ
440 3005 662 3079 Σηγὼρ,
704 3007 801 3059 καὶ
829 3006 1067 3076 ἐκάθητο
1093 3005 1151 3059 ἓν
1196 3005 1275 3077 τῷ
1306 3006 1447 3079 όρει,
1502 3006 1663 3071 αὐτὸς
1725 3007 1822 3061 καὶ
1869 3007 1928 3060 αἰ

2031 3010 2154 3072 post
2186 3004 2309 3070 Lot,
2337 3005 2487 3075 quod
2515 3006 2726 3071 deerat,
2753 3006 2976 3078 adjecit.
3012 3006 3289 3079 Scriptum
3315 3016 3402 3065 est
3439 3010 3609 3064 enim:

346 3096 439 3152 δύο
469 3098 774 3168 θυγατέρες
798 3095 966 3152 αὑτοῦ
1014 3098 1130 3168 μετ’
1172 3097 1359 3153 αὑτοῦ.
1403 3098 1780 3170 Ἐφοόήθησαν
1822 3097 1928 3170 γάρ

345 3192 675 3263 κατοικῆσαι
704 3192 764 3245 ὲν
796 3191 1017 3264 Σηγὼρ,
1056 3191 1150 3247 καὶ
1176 3192 1407 3263 ᾤκησαν
1446 3192 1506 3243 ὲν
1539 3189 1620 3261 τῷ
1650 3189 1926 3261 σπηλαίῳ,

346 3285 511 3348 αὐτὸς
565 3284 662 3337 καὶ
712 3285 768 3337 αί
821 3283 914 3337 δύο
958 3283 1254 3355 θυγατέρες
1292 3282 1460 3337 αὐτοῦ
1508 3282 1624 3354 μετ’
1677 3281 1864 3336 αὑτοῦ.
1906 3301 1931 3334 ι-

349 3371 573 3443 Πρόεισι
624 3372 734 3444 γὰρ
771 3370 963 3447 ὥσπερ
1001 3371 1070 3427 δι’
1120 3371 1454 3443 ἀναϐαθμῶν
1493 3373 1523 3424 ό
1552 3371 1680 3439 νοῦς
1730 3372 1826 3426 ἐπὶ
1868 3372 1931 3426 τὸ

350 3466 472 3536 ἔχον
519 3465 761 3537 ἀρτίως,
810 3465 907 3520 καὶ
972 3464 1318 3543 ἀναθρεῦσκει
1366 3465 1509 3520 κατά
1566 3465 1741 3538 βραχὺ
1793 3464 1931 3536 πρὸς

351 3559 494 3628 ὅπερ
523 3553 591 3629 ἧν
623 3561 682 3613 ὲν
725 3559 944 3630 ἀρχαῖς,
980 3557 1082 3612 οὐκ
1119 3557 1440 3629 ἐπιτηδείως
1469 3558 1609 3630 ἔχων
1655 3557 1781 3613 οὔτε
1810 3558 1933 3613 λίαν

356 3649 581 3714 ἱκανῶς.
603 3650 824 3722 Πρόεισί
863 3668 925 3705 τε
964 3651 1058 3704 καὶ
1094 3651 1362 3722 ἀναφοιτᾷ
1410 3651 1547 3723 πρὸς
1586 3651 1649 3704 τὸ
1684 3651 1940 3722 ἄμεινον,

354 3745 613 3814 φρονήσει
658 3760 717 3797 τε
762 3745 857 3798 καὶ
905 3743 1128 3815 ἀνδρείᾳ
1173 3745 1242 3814 τῇ
1291 3745 1634 3814 πνευματικῇ
1678 3743 1932 3816 καθάπερ

349 3835 494 3888 τισὶν
525 3836 684 3899 ἰδίαις
724 3835 1060 3907 θυγατράσιν
1104 3834 1599 3906 ἐπισκηπτόμενος,
1640 3835 1736 3889 καὶ
1782 3835 1933 3889 κάτω

352 3944 457 3982 που
489 3928 672 3998 μένειν
711 3930 873 3999 ἀφεὶς
904 3929 966 3982 τὸ
1003 3927 1280 3999 ήδυπαθές
1312 3944 1372 3981 τε
1409 3929 1505 3982 καὶ
1544 3927 1825 4001 ἄνανδρον,
1859 3922 1933 3984 ὧν

352 4023 434 4086 είς
461 4021 632 4077 τύπον
670 4023 705 4094 ἡ
740 4022 903 4091 γυνή.
949 4022 1215 4075 Κατοικεί
1245 4020 1304 4074 δὲ
1348 4020 1535 4074 λοιπὸν
1579 4020 1832 4097 καθάπερ
1874 4024 1932 4075 ὲν

352 4113 468 4185 ὄρει
495 4131 556 4168 τε
575 4113 671 4167 καὶ
693 4114 752 4167 έν
768 4112 1039 4184 σπηλαίῳο
1065 4111 1159 4165 τοῦ
1196 4111 1294 4181 μὲν
1308 4111 1470 4183 ὅρους
1490 4113 1625 4181 ἡμῖν
1645 4112 1707 4165 τδ
1730 4111 1933 4182 ὑψηλόν

350 4223 411 4259 τε
440 4206 535 4260 καὶ
568 4204 880 4276 ἐπηρμένον
909 4205 988 4267 εἰς
1034 4202 1249 4269 εὐεξίαν
1277 4202 1377 4275 τὴν
1412 4205 1809 4274 πνευματικὴν,
1838 4204 1931 4258 τοῦ

352 4297 408 4351 δὲ
441 4296 734 4367 σπηλαίου,
762 4295 825 4349 τὸ
854 4296 1102 4366 πεπηγὸς
1145 4294 1239 4348 καλ.
1269 4295 1478 4366 ἑδραῖον
1499 4295 1600 4366 τῆς
1627 4297 1706 4358 εἰς
1732 4296 1933 4366 ἀρετὴν

2041 3112 2059 3145 ι
2087 3093 2351 3151 Ascendit
2378 3095 2484 3150 Lot
2509 3112 2576 3151 ex
2599 3097 2788 3168 Segor,
2813 3105 2872 3153 et
2901 3098 3053 3153 sedit
3082 3099 3140 3154 in
3174 3108 3382 3166 monte,
3408 3100 3526 3171 ipse
3556 3112 3617 3156 et

2032 3183 2156 3240 dua:
2183 3185 2309 3253 ﬁliae
2347 3187 2468 3258 ejus
2520 3203 2648 3243 cum
2687 3203 2777 3244 eo.
2815 3189 3143 3245 Timuerant
3172 3190 3321 3245 enim
3362 3192 3611 3248 habitare

2033 3275 2091 3330 in
2123 3275 2313 3348 Segor,
2339 3285 2397 3333 et
2426 3278 2821 3335 habitaverunt
2848 3280 2905 3335 in
2928 3280 3189 3351 spelunca
3218 3281 3357 3351 ipse,
3408 3290 3468 3337 et
3488 3281 3612 3341 dua:

2031 3366 2159 3423 ﬁliae
2193 3370 2316 3441 ejus
2345 3385 2469 3427 cum
2500 3385 2575 3427 eo
2596 3372 2662 3425 ³⁸.
2685 3390 2703 3423 ι
2735 3371 2969 3427 Animus
2994 3371 3145 3427 enim
3178 3372 3331 3427 velut
3358 3388 3459 3443 per
3493 3389 3615 3445 gra-

2033 3459 2138 3516 dus
2165 3462 2521 3533 progreditur
2556 3462 2627 3517 ad
2676 3463 3078 3534 perfectionem
3135 3464 3380 3531 virtutis,
3431 3474 3489 3520 et
3545 3466 3613 3521 ad

2032 3568 2161 3608 eum
2192 3560 2417 3620 statum,
2450 3555 2521 3610 ad
2548 3571 2715 3626 quem
2740 3557 2809 3612 ab
2848 3558 3007 3613 initio
3027 3558 3248 3627 ineptus
3277 3565 3336 3613 et
3365 3557 3615 3613 inﬁrmus

2033 3642 2234 3710 fuerat,
2279 3646 2545 3716 paulatim
2582 3649 2869 3715 ascendit;
2905 3649 3270 3719 proceditque
3304 3657 3361 3705 et
3389 3665 3614 3719 promo-

2034 3744 2127 3792 vet
2171 3737 2226 3791 in
2266 3738 2488 3802 melius,
2537 3739 2831 3809 prudentia
2868 3749 2927 3796 et
2966 3728 3290 3796 fortitudiiie
3342 3740 3615 3812 spirituali

2035 3834 2293 3899 tanquam
2333 3832 2451 3888 suis
2468 3833 2800 3903 quihusdam
2845 3833 3064 3890 ﬁliabus
3113 3834 3296 3899 nixus,
3358 3849 3423 3890 ac
3453 3836 3615 3891 volu-

2032 3923 2276 3993 ptarium
2307 3924 2465 3980 illum
2523 3926 2787 3982 aﬁ‘ectum
2817 3936 2876 3982 et
2906 3928 3309 3993 effeminatum,
3345 3929 3504 4000 cujus
3548 3928 3619 3983 ﬁ-

2034 4029 2170 4083 gura
2198 4024 2284 4070 est
2306 4018 2527 4083 mulier,
2570 4018 2828 4074 deorsum
2869 4033 3095 4075 manere
3136 4021 3344 4075 sinens.
3390 4020 3615 4075 Habitat

2035 4106 2233 4163 deinde
2266 4118 2525 4180 tanquam
2565 4110 2625 4164 in
2666 4120 2855 4166 monte
2906 4126 2971 4166 ac
3009 4111 3291 4181 spelunca.
3327 4112 3406 4166 Ac
3456 4126 3615 4168 mons

2033 4195 2257 4264 quidem
2289 4197 2686 4254 sublimitatem
2720 4207 2884 4267 atque
2927 4198 3285 4253 eminentiam
3312 4198 3615 4267 spiritualis

2035 4287 2281 4354 roboris,
2300 4290 2566 4359 spelunca
2596 4305 2728 4344 vero
2768 4290 2927 4343 ﬁxam
2957 4305 3022 4344 ac
3057 4288 3268 4344 ﬁrmam
3314 4290 3369 4351 in
3408 4291 3614 4347 virtute

350 4387 612 4458 διαμονῆς
633 4384 1043 4455 ὑποδηλούντων
1075 4381 1134 4438 εὖ
1170 4384 1337 4455 μάλα.
1365 4384 1680 4452 Γέγραπται
1703 4384 1813 4455 γὰρ
1836 4383 1931 4437 ὡδὶ

2035 4383 2501 4449 perseverantiam
2544 4383 2749 4452 Optime
2799 4382 3130 4452 signiﬁcant.
3179 4381 3273 4437 Sic
3335 4383 3480 4438 enim
3532 4393 3616 4439 est

355 4480 481 4551 περὶ
505 4478 717 4551 ἀνδρῶν
751 4477 1003 4547 ἀγαθῶν·
1043 4497 1062 4529 ι
1098 4476 1472 4549 Πορευόμενος
1504 4478 1561 4528 ἐν
1591 4475 1928 4547 δικαιοσύνῃ,

352 4573 527 4627 λαλῶν
550 4572 762 4626 εὐθεῖαν
791 4570 930 4635 ὁδὸν,
986 4568 1161 4641 μισῶν
1189 4567 1422 4637 ἀνομίαν
1446 4567 1543 4620 καὶ
1565 4567 1803 4632 ἀδικίαν,
1835 4568 1932 4620 καὶ

353 4665 448 4729 τὰς
490 4668 682 4737 χεῖρας
721 4662 1111 4733 ἀποσειόμενος
1153 4661 1263 4714 ἀπὸ
1295 4659 1504 4730 δώρων,
1565 4657 1814 4730 βαρύνων
1862 4659 1931 4712 τὰ

354 4749 485 4822 ὦτα,
515 4757 603 4811 ἵνα
635 4755 709 4828 μὴ
741 4754 949 4826 ἀκούσῃ
983 4753 1162 4825 κρίσιν
1186 4752 1440 4823 αἵματος,
1484 4749 1758 4821 καμμύων
1803 4750 1930 4813 τοὺς

352 4848 688 4919 ὀφθαλμοὺς,
722 4848 810 4901 ἵνα
845 4845 920 4917 μὴ
1102 4844 1353 4909 ἀδικίαν,
1409 4835 1566 4906 οὗτος
1613 4842 1823 4913 οἰκήσει
1870 4843 1928 4894 ὲν

355 4941 541 5014 ὑψηλῷ
581 4939 833 5012 σπηλαίῳ
882 4939 1091 5010 πέτρας
1125 4938 1374 5008 ἰσχυρᾶς.
1418 4954 1439 4987 ›
1481 4934 1579 5004 Είη
1624 4933 1670 4987 δ’
1719 4932 1786 4987 ἂν
1835 4934 1929 4987 καὶ

356 5034 551 5107 ἑτέρως
576 5033 677 5087 οὐκ
706 5031 967 5095 ἀπίθανος
1003 5032 1137 5102 ἡμῖν
1170 5030 1198 5082 ό
1240 5028 1333 5082 ἐπὶ
1363 5026 1498 5098 τῷδε
1537 5026 1714 5095 λόγος.
1744 5025 1931 5096 Πέτρα

359 5123 457 5193 μὲν
482 5123 591 5195 γὰρ
621 5123 648 5176 ό
682 5120 940 5194 Χριστὸς,
970 5119 1138 5173 διὰτὸ
1164 5117 1416 5182 εὐσθενές
1449 5134 1507 5170 τε
1552 5118 1649 5170 καὶ
1685 5115 1930 5186 ἄτρωτον

352 5212 452 5283 τῆς
474 5213 736 5267 ἀνωτάτω
758 5209 946 5264 πασῶν
958 5209 1169 5274 οὐσίας.
1181 5208 1451 5279 Σπήλαιον
1473 5207 1530 5259 δὲ
1550 5206 1612 5259 τὸ
1627 5206 1685 5258 ὲν
1711 5205 1931 5277 Χριστῷ

354 5305 509 5358 νοοῖτ’
548 5304 615 5359 ἂν
671 5300 1059 5374 ήἚκκλησία,
1125 5300 1185 5352 τὸ
1243 5298 1350 5352 τῶν
1411 5297 1584 5367 ἁγίων
1617 5297 1927 5367 κατάλυμα,

351 5395 459 5450 τῶν
499 5395 871 5450 εὐσεϐούντων
914 5395 949 5465 ἡ
1010 5393 1207 5461 σκέπη,
1246 5392 1314 5462 ἣν
1352 5388 1664 5444 κατοικοῦσι
1706 5388 1925 5451 δίκαιοι,

2031 4470 2097 4525 de
2126 4472 2315 4540 probis
2367 4474 2503 4528 viris
2528 4474 2796 4543 scriptum
2835 4491 2846 4525 :
2890 4493 2907 4523 ι
2932 4472 3037 4539 Qui
3071 4473 3317 4528 ambulat
3346 4474 3402 4528 in
3454 4475 3614 4544 justi-

2029 4558 2125 4627 tia,
2152 4570 2208 4617 et
2237 4562 2486 4634 loquitur
2510 4572 2716 4618 rectam
2754 4564 2897 4618 viam
2922 4581 2936 4630 ;
2966 4564 3062 4635 qui
3105 4564 3223 4619 odit
3262 4564 3611 4636 injustitiam,

2027 4657 2493 4728 et-iniquitatem,
2552 4667 2608 4714 et
2653 4659 2864 4715 excutit
2908 4672 3106 4713 manus
3162 4673 3193 4711 a
3238 4659 3606 4725 muneribus;

2029 4750 2125 4822 qui
2149 4750 2372 4804 obturat
2429 4763 2612 4813 aures,
2640 4764 2712 4804 ne
2760 4749 2949 4805 audiat
2995 4751 3268 4822 judicium
3308 4752 3612 4823 sanguinis,

2032 4852 2089 4898 et
2115 4841 2322 4897 claudit
2350 4841 2563 4906 oculos,
2594 4856 2664 4897 ne
2686 4841 2871 4898 videat
2907 4843 3234 4914 injustitiam
3260 4860 3273 4898 :
3304 4844 3395 4900 hic
3454 4844 3613 4898 babi-

2034 4933 2173 4989 tabit
2206 4932 2263 4985 in
2300 4930 2522 4985 sublimi
2565 4932 2826 5001 spelunca
2868 4941 3037 5003 petrae
3079 4933 3336 4992 ﬁrmm”.
3364 4954 3382 4985 ι
3412 4933 3613 4989 Aﬁ‘erri

2036 5034 2220 5078 autem
2253 5031 2310 5078 et
2365 5023 2471 5078 alia
2521 5023 2697 5093 possit
2732 5040 2763 5078 a
2790 5025 2951 5081 nobis
2998 5042 3111 5081 non
3160 5026 3399 5081 absurda
3449 5026 3612 5096 hujus

2037 5115 2143 5169 loci
2174 5113 2463 5184 expositio.
2479 5114 2637 5169 Petra
2670 5115 2893 5185 quidem
2913 5116 3167 5171 Christus
3186 5123 3272 5170 est
3296 5117 3365 5183 ’⁵,
3388 5127 3612 5187 propter

2038 5205 2251 5260 ﬁrmam
2280 5205 2427 5260 illam
2461 5214 2518 5261 et
2551 5206 2814 5261 invictam
2861 5222 3132 5277 supremae
3181 5207 3428 5261 omnium
3485 5208 3614 5262 sub-

2036 5297 2250 5351 stantize
2286 5305 2565 5351 naturam.
2608 5299 2777 5353 Porro
2822 5299 3084 5367 spelunca
3134 5298 3247 5362 illa,
3291 5298 3348 5353 in
3392 5298 3613 5354 Christo

2036 5389 2266 5460 intelligi
2304 5396 2485 5459 potest
2534 5389 2802 5450 Ecclesia,
2863 5404 3060 5450 nempe
3104 5390 3240 5446 illud
3297 5400 3608 5445 sanctorum

419 5535 459 5567 ⁹¹
494 5534 635 5590 Gen.
680 5548 793 5595 xxx,
825 5531 913 5585 ‘26.
990 5532 1034 5563 ⁹²
1067 5531 1255 5585 Matth.
1283 5548 1334 5595 v,
1370 5531 1452 5586 {5.
1532 5529 1575 5561 ⁹³
1608 5528 1744 5585 Gen.
1776 5526 1931 5594 x1x,3

2077 5528 2123 5560 ”
2153 5527 2254 5583 lsa.
2290 5543 2474 5590 χχχιιι,
2506 5525 2701 5589 15,16.
2779 5526 2824 5558 ⁸⁵
2858 5524 3019 5582 lCor.
3046 5542 3097 5593 ιι,
3123 5527 3173 5581 4.

419 5654 497 5725 (1)
528 5650 672 5707 Cod.
712 5648 835 5702 Vat.
869 5647 1315 5717 κατεσκληκότος.
