4082 6304
483 223 586 279 185

1503 222 1558 276 S.
1599 221 1878 277 CYRl‘LLl
1914 220 2384 278 ALEXANDRI‘NI
2419 221 2738 280 ARCHIEP.

3636 229 3752 286 184

481 336 766 392 hominum
799 338 1184 404 diversorium,
1221 338 1549 408 piorumque
1600 347 1828 402 tectum,
1857 337 1913 391 iu
1941 353 2050 408 quo

2154 340 2247 392 καὶ
2301 339 2405 410 μὴν
2430 340 2544 394 ὅσοι
2600 339 2701 410 τὴν
2753 339 2842 394 διὰ
2873 340 3046 412 πυρὸς
3116 342 3511 414 παραιτοῦνται
3553 344 3743 418 δίκην.

477 425 610 498 justi
648 428 753 482 viri
776 427 1046 495 habitant,
1067 435 1125 484 et
1162 431 1479 501 quicunque
1523 431 1665 502 ignis
1721 435 2053 506 supplicium

389 572 400 582 ,
479 520 744 575 evadunt.

549 609 747 664 PALL.
770 609 944 676 Quam
984 613 1245 682 praeclare
1279 614 1415 670 mihi
1445 616 1652 674 habere
1694 619 1914 675 videtur
1940 621 2057 676 haec

477 701 782 770 expositio!
820 702 928 758 Sed
962 705 1126 759 velim
1166 707 1424 776 equidem
1464 710 1588 765 aliis
1636 714 2055 783 quamplurimis

478 789 902 857 probationibus
926 803 1253 862 praesentem
1291 796 1472 851 locum
1495 814 1528 852 a-
1557 807 1610 854 te
1648 803 1876 856 versari.
1918 803 2054 858 Nam

480 881 536 934 id
577 881 713 936 velle
739 883 900 952 plene
927 899 1285 955 cognoscere,
1323 890 1471 958 quod
1509 892 1643 947 utile
1663 902 1770 959 est,
1805 909 1906 965 ego
1927 894 2052 965 qui-

479 971 603 1026 dem
637 972 859 1040 plurimi
886 973 1133 1029 fecerim.

551 1059 708 1115 CYR.
762 1062 948 1132 Atqui,
991 1066 1216 1132 Palladi,
1269 1077 1326 1124 et
1374 1075 1732 1140 congruentia
1764 1074 1923 1130 dicis.
1957 1078 2054 1132 Est

478 1153 649 1218 enim,
681 1163 742 1208 ut
767 1157 984 1224 opinor,
1015 1173 1080 1212 ea
1110 1176 1198 1214 res
1219 1163 1422 1217 mentis
1454 1164 1613 1234 longe
1634 1166 2054 1227 studiosissima:

477 1243 712 1309 fructus,
752 1255 809 1301 et
841 1263 960 1302 mea
1002 1251 1180 1305 oratio
1228 1254 1517 1322 segnitiem
1567 1272 1787 1312 omnem
1845 1261 2053 1329 vincet,

478 1337 736 1403 quoniam
763 1353 833 1392 ne
867 1339 1003 1392 mihi
1056 1341 1280 1410 quidem
1326 1345 1428 1413 ipsi
1477 1362 1700 1416 aequum
1735 1350 1954 1406 videtur
1999 1354 2052 1408 in

481 1432 588 1479 tam
619 1428 896 1496 praeclaris
941 1438 1163 1501 tamque
1189 1435 1451 1502 jucundis
1480 1441 1839 1495 sermonibus
1884 1444 2053 1498 silen-

481 1518 639 1583 tium,
683 1519 728 1574 si
781 1521 1095 1591 importune
1128 1525 1436 1596 irrepserit,
1478 1539 1686 1587 tenere.
1737 1534 1842 1604 3-2
1885 1536 2057 1608 Igitur

479 1609 535 1664 in
571 1611 889 1668 universum
926 1616 1293 1687 omnibusque
1327 1621 1506 1676 modis
1525 1623 1593 1677 ab
1623 1624 1931 1692 affectione,
1964 1643 2054 1682 so-

478 1703 789 1774 cietateque
811 1706 1133 1762 vitiosarum
1169 1725 1372 1776 rerum,
1392 1713 1572 1780 quoad
1611 1730 1701 1769 res
1721 1717 1950 1784 patitur,
1972 1734 2058 1772 se-

470 1793 695 1864 junctos
720 1812 819 1850 nos
865 1813 987 1852 esse
1037 1807 1330 1868 oportere:
1365 1803 1670 1871 quinetiam
1723 1821 1833 1860 non
1892 1807 2053 1863 aliter

475 1887 640 1942 nobis
663 1903 823 1958 posse
852 1891 1190 1960 contingere,
1225 1900 1286 1946 ut
1304 1892 1370 1946 ad
1400 1893 1660 1949 virtutem
1687 1912 2053 1966 recurramus,

476 1995 642 2050 quam
672 1981 778 2035 hoc
809 1982 927 2051 ipso
965 1983 1150 2047 modo,
1192 1999 1302 2054 quo
1349 1985 1611 2051 diximus,
1664 1989 1782 2044 sine
1812 1991 1924 2046 ullo
1955 2009 2054 2048 ηε-

478 2072 628 2142 gotio
686 2074 1206 2143 contemplabimur,
1247 2075 1293 2130 si
1328 2077 1530 2154 mentis
1570 2079 1762 2134 oculos
1799 2081 2054 2151 injeceri-

477 2179 602 2218 mus
645 2171 760 2218 tum
788 2164 844 2218 in
882 2181 944 2219 ea
999 2181 1121 2235 quin
1182 2166 1345 2220 beato
1393 2167 1624 2223 Abrahae
1678 2171 2046 2241 contigerunt,

477 2263 593 2310 tum
618 2273 741 2326 quae
768 2257 824 2312 in
857 2258 1011 2312 exitu
1053 2257 1294 2312 ﬁliorum
1350 2259 1522 2314 Israel
1555 2261 1932 2320 admirabilius
1958 2281 2054 2336 ge-

475 2357 560 2402 sta
584 2358 732 2413 sunt,
774 2362 938 2418 quam
970 2357 1030 2403 ut
1057 2351 1308 2405 oratione
1338 2352 1601 2421 explicari
1646 2356 1879 2423 possint,
1928 2372 2053 2412 cum

475 2439 593 2494 suis
619 2442 979 2511 temporibus,
1015 2442 1259 2498 eﬂ‘ractis
1293 2443 1530 2516 [Egyptii
1579 2446 1894 2504 dominatus
1935 2450 2053 2506 vin-

477 2531 639 2598 culis,
680 2541 811 2587 sunt
826 2533 1055 2604 egressi.

548 2623 747 2678 PALL.
775 2624 1095 2694 Exsequere
1132 2627 1302 2697 igitur
1329 2628 1544 2700 singula
1580 2645 1597 2682 :
1644 2631 1725 2686 sic
1769 2633 1918 2687 enim
1956 2634 2054 2690 ha-

481 2713 630 2779 beto,
659 2715 950 2771 maximam
980 2725 1032 2772 te
1073 2719 1241 2774 nobis
1281 2721 1620 2791 voluptatem
1657 2725 1974 2792 allaturum,
2005 2728 2051 2782 si

480 2806 535 2860 id
577 2805 756 2862 facere
781 2824 1071 2879 aggressus
1100 2811 1292 2868 fueris.

549 2897 706 2954 CYR.
730 2901 1063 2958 Dicebamus
1097 2903 1305 2975 itaque,
1341 2907 1562 2962 beatum
1602 2909 1877 2964 Abraham
1925 2927 2051 2966 cum

2226 624 2432 678 IIAAA.
2472 624 2558 688 Ὡς
2583 617 2710 692 εὖγε
2731 625 2884 694 ἡμῖν,
2907 617 2953 678 ὧ
2973 625 3092 687 τᾶν,
3117 626 3144 677 ό
3171 623 3328 692 λόγος
3355 622 3488 693 ἔχειί
3523 623 3742 678 Βουλοί-

2162 733 2268 786 μην
2298 716 2341 768 δ’
2370 714 2437 770 ἂν
2481 715 2655 784 ἔγωγε
2687 716 2784 768 καί⁸
2814 715 2882 768 δι’
2917 715 3122 788 ἑτέρων
3158 716 3299 768 ὅσων
3339 717 3473 787 ἡμῖν
3519 716 3739 770 ἀποδεί-

2155 808 2290 874 ξεων
2309 808 2445 861 ἰέναι
2468 809 2530 862 τὸ
2559 807 2877 879 γύμνασμα.
2905 807 2978 861 Τὸ
2999 809 3108 879 γάρ
3130 825 3212 861 τοι
3237 807 3412 877 φιλεῖν
3447 807 3738 874 ἐξεπίστα-

2158 900 2280 953 σθαι
2314 902 2583 965 πλουσίως
2621 903 2683 954 τὸ
2735 900 2926 955 τελοῦν
2957 902 3037 965 εἰς
3073 901 3280 973 ὄνησιν,
3325 901 3620 972 οἰησαίμην
3666 899 3738 954 ἂν

2155 990 2329 1059 ἔγωγε
2359 991 2453 1044 τοῦ
2490 991 2691 1055 παντὸς
2719 990 2889 1055 ἄξιον.

2224 1083 2390 1136 ΚΥΡ.
2420 1083 2530 1136 Καὶ
2560 1083 2686 1155 μὴν,
2709 1077 2754 1136 ὦ
2771 1082 3056 1149 Παλλάδιε,
3081 1081 3152 1136 τά
3177 1099 3240 1150 γε
3267 1082 3454 1136 εἰκότα
3480 1083 3605 1154 φής.
3629 1082 3736 1153 Εῐη

2155 1172 2264 1243 γὰρ
2306 1172 2373 1227 ἂν
2397 1174 2634 1237 διανοίας
2667 1176 2802 1245 ἡμῖν
2830 1176 2929 1241 τῆς
2951 1175 3032 1237 εἰς
3056 1175 3138 1227 ὅτι
3164 1173 3400 1244 μάλιστα
3435 1174 3736 1245 φιλομαθε-

2158 1267 2359 1337 στὰτης
2384 1266 2444 1320 τὸ
2472 1267 2661 1337 χρῆμα
2697 1265 2930 1337 καρπὸς,
2959 1265 3118 1318 ὄκνου
3168 1265 3227 1318 δὲ
3271 1265 3510 1335 ἀμείνων
3537 1266 3564 1317 ό
3596 1267 3737 1338 πρὸς

2155 1357 2311 1428 ἡμῶν
2352 1356 2504 1410 ἔσται
2536 1356 2712 1424 λόγος,
2739 1357 2798 1409 ού
2826 1355 2886 1408 τὸ
2917 1356 3048 1408 αὑτό
3081 1372 3171 1426 μοι
3195 1354 3405 1421 δοκοῦν,
3440 1357 3553 1420 τοῖς
3591 1356 3736 1410 οὕτω

2155 1449 2430 1520 λαμπροῖς
2471 1448 2566 1501 καὶ
2616 1445 2956 1518 ὰξιερὰστοις
2997 1447 3324 1517 διηγήμασι,
3373 1446 3474 1518 τὴν
3521 1448 3623 1500 οὐκ
3677 1449 3737 1500 ἐν

2156 1540 2333 1611 καιρῷ
2359 1539 2856 1612 παρειστρέχουσαν
2877 1540 3186 1609 ἐπασκῆσαι
3212 1540 3391 1611 σιγήν.
3419 1540 3627 1594 Οὐκοῦν
3651 1541 3737 1594 ὅτι

2156 1632 2254 1700 τῆς
2282 1632 2418 1702 πρὸς
2439 1632 2506 1685 τὰ
2547 1630 2724 1700 φαῦλα
2754 1629 3048 1694 διαθέσεως
3069 1647 3128 1683 τε
3165 1631 3259 1683 καὶ
3295 1632 3581 1694 κοινωνίας
3621 1634 3738 1685 εἰσ-

2157 1721 2301 1775 άπαν
2331 1738 2388 1773 τε
2412 1721 2506 1774 καὶ
2525 1720 2833 1790 όλοτρόπως
2862 1720 3337 1790 ἁποσχοινίςεσθαι
3350 1721 3464 1792 χρὴ
3501 1723 3643 1777 κατὰ
3673 1723 3738 1777 τὸ

2157 1811 2468 1881 ἐγχωροῦν·
2507 1812 2603 1865 καὶ
2636 1811 2742 1883 μὴν
2763 1812 2845 1864 ὅτι
2879 1812 2939 1864 τὸ
2982 1811 3239 1883 ἁναθρεῖν
3285 1811 3544 1869 δύνασθαι
3595 1815 3738 1886 πρὸς

2156 1903 2376 1974 ἀρετὴν,
2426 1903 2763 1973 προσγένοιτ’
2804 1903 2870 1956 ἂν
2906 1904 3004 1974 οὐχ
3032 1903 3253 1974 ἑτέρως,
3293 1904 3327 1976 ἢ
3366 1906 3504 1959 κατὰ
3542 1907 3734 1961 τοῦτον

2155 1994 2318 2048 αὐτὸν
2350 1993 2444 2047 τόν
2477 1995 2700 2065 τρόπον,
2719 1994 2954 2063 ἀπονητί
2979 1993 3350 2066 θεωρήσομεν,
3372 1997 3471 2068 τῆς
3493 1997 3737 2062 διανοίας

2155 2085 2247 2138 τὸν
2271 2084 2548 2156 ὀφθαλμὸν
2583 2085 2816 2150 ἐνιέντες
2865 2083 2924 2138 εὖ
2957 2086 3266 2154 μάλαρκαὶ
3307 2091 3420 2151 τοῖς
3455 2088 3597 2142 κατὰ
3638 2090 3735 2143 τὸν

2157 2175 2444 2228 θεσπέσιον
2481 2176 2756 2248 Ἀϐραὰμ,
2809 2177 2904 2230 καὶ
2932 2180 3044 2241 τοῖς
3079 2178 3219 2249 ὑπὲρ
3252 2178 3408 2246 λόγον
3439 2179 3736 2250 κατωρθω-

2159 2266 2340 2337 μένοις
2363 2267 2455 2320 ὲπὶ
2489 2269 2554 2338 τῇ
2583 2265 2749 2337 ἐξόδῳ
2774 2266 2882 2320 τῶν
2923 2266 2983 2332 ἐξ
3025 2267 3262 2337 Ἰσραὴλ,
3295 2269 3362 2338 ἢν
3406 2269 3734 2340 πεποίηνται

2155 2359 2299 2414 κατὰ
2327 2361 2552 2430 καιροὺς
2585 2360 2687 2430 τῆς
2730 2361 3041 2429 Αἰγυπτίων
3083 2360 3418 2428 πλεονεξίας,
3460 2361 3528 2415 τὰ
3555 2361 3732 2432 δεσμὰ

2154 2451 2277 2523 διαρ
2284 2451 2564 2524 ῥήξαντες.

2225 2630 2434 2684 ΠΑΛΛ.
2468 2629 2646 2701 Φρόιζε
2671 2629 2736 2701 δὴ
2771 2623 2865 2683 οὖν
2905 2628 3009 2684 ἀνὰ
3053 2631 3237 2701 μέρος.
3279 2629 3364 2693 Ὡς
3409 2624 3467 2683 εὗ
3511 2628 3620 2682 ἴσθι
3649 2645 3730 2682 τοι

2155 2722 2424 2785 πλουσίως
2449 2723 2596 2794 ἡμᾶς
2617 2721 2944 2794 εὐφραίνων,
2972 2722 3019 2775 εἰ
3048 2721 3180 2793 δρᾷν
3207 2721 3347 2775 ἕλοιο
3377 2722 3559 2780 ταυτί.

2225 2898 2390 2952 ΚΥΡ.
2435 2898 2727 2971 Ἐλέγομεν
2761 2900 2962 2964 τοίνυν,
2993 2899 3068 2962 ὼς
3111 2898 3371 2969 ἀφορήτῳ
3403 2898 3532 2951 ποτὲ
3564 2896 3728 2968 λιμῷ,

478 2991 923 3070 fame\quondam
951 2997 1304 3063 intolerabili,
1329 3007 1384 3054 et
1409 3003 1840 3057 necessariarum
1867 3019 2050 3058 rerum

2155 2991 2250 3045 καί¹
2279 2994 2399 3056 ταῖς
2431 2992 2542 3046 τῶν
2587 2992 2902 3061 ἀναγκαίων
2945 2991 3176 3054 ἐνδείαις
3226 2989 3661 3061 ἐκπεπιεσμένος
3701 2993 3730 3046 ὁ

480 3083 666 3153 inOpia
737 3095 1111 3154 premeretur,
1148 3105 1260 3144 non
1294 3101 1487 3160 sponte
1517 3093 1584 3146 ad
1611 3092 1913 3164 .Aigyptios
1962 3094 2057 3149 de-

477 3175 779 3241 scendisse,
815 3177 910 3232 sed
951 3181 1263 3235 necessitati
1307 3183 1680 3239 succubuisse.
1752 3184 1908 3241 Hunc
1953 3187 2055 3241 ho-

475 3263 676 3334 Spitem
700 3275 757 3321 et
786 3268 1053 3323 advenam
1082 3271 1350 3326 molestiis
1369 3274 1558 3328 multis
1575 3281 1631 3327 et
1659 3275 1876 3344 injuriis
1909 3277 2055 3331 Pha-

477 3370 574 3409 rao
603 3358 838 3412 vexavit.
880 3359 1016 3414 Nam
1071 3361 1218 3415 illius
1269 3363 1558 3432 coniugem
1608 3363 1812 3418 violare
1859 3366 2052 3432 voluit,

475 3447 871 3520 intemperanti
897 3452 1126 3507 libidine
1150 3453 1217 3508 ad
1243 3455 1544 3524 turpissimi
1567 3455 1756 3527 ﬂagitii
1777 3457 2053 3528 cupidita-

477 3549 587 3594 tem
616 3541 894 3596 incensus.
931 3542 991 3598 l‘d
1035 3560 1201 3613 porro
1245 3554 1308 3600 ut
1346 3545 1608 3614 elﬁceret,
1647 3564 1757 3603 non
1805 3550 2055 3619 permisit

473 3630 637 3684 Deus.
678 3651 695 3682 ι
731 3632 1044 3703 Flagellavit
1071 3635 1240 3701 enim,
1271 3655 1289 3687 ›
1322 3637 1522 3707 inquit,
1550 3659 1568 3690 ι
1597 3640 1936 3696 Pharaonem
1959 3641 2055 3696 ﬁa—

473 3719 628 3789 gellis
649 3721 901 3776 maximis
921 3733 1145 3794 propter
1168 3725 1356 3780 Saram
1384 3744 1606 3783 uxorem
1636 3729 1908 3784 Abraham
1931 3731 1998 3784 ’5.
2027 3751 2045 3782 ι

472 3812 570 3865 Est
614 3820 799 3868 autem
857 3814 1070 3872 Pharao
1117 3817 1288 3888 ﬁgura
1342 3827 1509 3888 atque
1551 3819 1729 3890 imago
1768 3821 2053 3877 diabolicae

472 3902 946 3974 intemperantia;
988 3907 1045 3962 id
1100 3909 1249 3962 enim
1296 3910 1388 3964 ille
1446 3918 1686 3980 spectat,
1727 3912 1785 3966 in
1819 3929 2051 3983 eamque

471 4013 588 4055 rem
613 3998 763 4052 omni
805 3999 990 4054 studio
1033 4000 1328 4066 incumbit,
1364 4008 1425 4055 ut
1472 4001 1528 4054 in
1563 4010 1874 4056 sanctorum
1905 4004 2052 4060 viro-

468 4106 594 4146 rum
619 4100 832 4147 mentes
875 4093 1086 4148 semina
1125 4109 1237 4148 suae
1266 4093 1603 4162 impuritatis
1653 4093 1927 4160 infundat,
1987 4103 2050 4150 ut

467 4183 548 4241 illi
573 4193 860 4254 cxoptatos
899 4186 1287 4255 jucundosque
1333 4185 1547 4240 fructus
1585 4186 1830 4255 pariant:
1866 4187 1903 4240 ii
1947 4203 2046 4242 au-

469 4285 580 4331 tem
636 4284 786 4343 sunt,
851 4285 915 4331 ut
952 4277 1180 4348 Opinor,
1216 4288 1231 4336 ἰ,
1255 4277 1538 4331 variorum
1591 4277 2046 4349 diversorumque

2158 3085 2443 3148 θεσπέσιος
2507 3086 2778 3156 Ἀϐραὰμ,
2840 3086 2900 3138 οὺ
2955 3084 3183 3155 θελητὴν
3236 3085 3473 3137 ἐποιεῖτο
3505 3083 3603 3154 τὴν
3650 3085 3730 3146 είς

2153 3177 2431 3244 Αἴγυπτον
2461 3176 2708 3242 κάθοδον,
2725 3176 2820 3229 καί
2850 3178 2970 3238 ταῖς
2994 3175 3263 3244 ἀνάγκαις
3283 3175 3452 3229 ἐδίδου
3481 3177 3726 3246 κρατεῖν.

2155 3267 2316 3320 Ξένον
2339 3267 2395 3320 δὲ
2426 3267 2554 3322 ὄντα
2586 3267 2680 3320 καὶ
2711 3267 2934 3337 ἔπηλυν,
2973 3267 3170 3331 λύπαις
3199 3269 3293 3321 καὶ
3334 3265 3674 3332 πλεονεξίαις
3702 3265 3731 3319 ὁ

2153 3357 2354 3428 Φαραὼ
2388 3356 2736 3427 κατῃκίζετο.
2767 3357 2877 3428 Τὴν
2896 3357 3002 3426 γάρ
3030 3374 3112 3410 τοι
3139 3357 3552 3428 συνῳκισμένην
3580 3354 3730 3426 αὐτῷ

2155 3447 2453 3518 παραλύειν
2503 3447 2715 3517 ἤθελεν,
2753 3447 2964 3517 ἡδοναῖς
3011 3447 3268 3518 ἀκράτοις
3300 3449 3726 3518 ἐκκεκαυμένος,

2153 3540 2233 3601 εἰς
2261 3539 2654 3610 αἰσχρουργίας
2697 3539 2903 3608 ἔφεσιν.
2942 3540 3300 3610 Κατορθῶσαι
3323 3541 3377 3594 δὲ
3411 3542 3589 3606 τοῦτο,
3629 3543 3729 3595 οὐκ

2152 3627 2306 3696 ἠφίει
2352 3627 2506 3691 Θεός.
2544 3647 2562 3679 ι
2601 3629 2806 3681 Ἤτασε
2863 3628 2994 3700 γὰρ,
3047 3649 3068 3680 ι
3101 3631 3255 3700 φησί,
3311 3649 3330 3682 ι
3382 3631 3474 3684 τὸν
3527 3631 3728 3702 Φαραὼ

2152 3721 2408 3790 ὲτασμοῖς
2480 3719 2738 3789 μεγάλοις
2811 3722 2940 3792 περὶ
2997 3722 3212 3793 Σάρρας
3289 3722 3390 3791 τῆς
3469 3725 3727 3790 γυναικὸς

2165 3812 2434 3883 Ἀϐραάμ.
2469 3830 2487 3863 ι
2528 3811 2707 3866 Εἰκὼν
2735 3813 2791 3866 δὲ
2819 3813 2913 3865 καὶ
2945 3812 3113 3876 τύπος
3145 3815 3172 3866 ό
3199 3812 3394 3884 Φαραὼ
3415 3812 3726 3885 διαϐολικῆς

2151 3903 2442 3973 ἀκρασίας.
2475 3904 2683 3967 Σκοπὸς
2736 3903 2844 3973 γὰρ
2880 3905 3072 3975 ἐκείνῳ
3105 3904 3198 3956 καὶ
3237 3904 3345 3957 τῶν
3375 3905 3457 3960 ὃτι
3493 3905 3726 3974 μάλιστα

2149 3994 2678 4064 διεσπουδασμένων,
2711 3993 2772 4047 τὸ
2804 3995 2896 4048 καὶ
2937 3997 3056 4058 ταῖς
3091 3994 3200 4047 τῶν
3234 3995 3403 4064 ἁγίων
3447 3995 3725 4048 συνέσεσιν

2151 4085 2351 4139 ἐνιέναι
2374 4085 2547 4154 φιλεῖν
2567 4085 2663 4154 τῆς
2693 4084 2917 4156 ἐνούσης
2934 4085 3082 4155 αὐτῷ
3097 4085 3436 4158 ἀκαθαρσίας
3457 4086 3524 4139 τὰ
3558 4086 3726 4157 σπέρ-

2153 4195 2321 4248 ματα,
2355 4177 2430 4240 ὼς
2459 4177 2523 4230 ἂν
2561 4177 2763 4230 ἕλοιντο
2807 4179 3175 4248 καρποφορεῖν
3203 4177 3272 4231 τὰ
3303 4177 3449 4249 αὑτῷ
3490 4178 3618 4248 φίλα
3662 4197 3724 4231 τε

2150 4271 2244 4323 καὶ
2274 4269 2393 4323 καθ’
2432 4269 2648 4340 ἡδονήν.
2682 4264 2804 4323 Εἶεν
2836 4268 2880 4320 δ’
2913 4268 2979 4324 ἂν
3011 4265 3165 4340 οἶμαι
3195 4271 3373 4337 ταυτὶ,
3408 4271 3477 4323 τὰ
3501 4273 3581 4334 εἰς
3622 4289 3720 4324 τιο-

468 4377 815 4435 pcccatorum
845 4368 1094 4424 crimina.
1119 4367 1297 4437 Atque
1325 4367 1475 4422 illius
1500 4366 1726 4436 quidem
1753 4368 1804 4422 vi
1863 4377 1920 4424 et
1958 4371 2045 4424 in—

2152 4362 2415 4428 λύτροπον
2462 4362 2732 4433 ἁμαρτίαν
2771 4361 3115 4431 ἐγκλήματα.
3153 4362 3261 4416 Καὶ
3288 4361 3440 4432 ἁλοίη
3485 4362 3583 4432 μὲν
3614 4365 3723 4426 πᾶς

462 4458 607 4527 juria
634 4474 800 4513 nemo
839 4475 950 4513 non
989 4467 1301 4528 caperetur,
1327 4465 1384 4513 et
1430 4459 1518 4514 vel
1553 4459 1749 4514 nolens
1793 4475 2048 4515 succum-

470 4547 628 4602 beret
681 4547 897 4617 (natura
935 4565 1174 4619 namque
1227 4559 1417 4605 nostra
1463 4550 1784 4606 inﬁrmitate
1837 4553 2041 4607 virium

467 4639 722 4712 laborat),
758 4641 864 4696 nisi
895 4641 951 4696 id
982 4642 1210 4696 minime
1247 4642 1596 4711 permitteret
1617 4643 1797 4708 Deus;
1829 4651 1885 4697 et
1918 4643 2044 4697 illos

467 4732 731 4786 adversus
764 4743 984 4786 sanctos
1007 4733 1153 4787 viros
1181 4741 1431 4798 conatus,
1456 4749 1518 4788 ac
1546 4733 1765 4804 maligni
1793 4735 1940 4789 illius
1962 4736 2045 4788 in-

468 4822 636 4876 sidias
658 4822 959 4876 cohiberet.
991 4822 1097 4877 Sed
1153 4840 1264 4878 non
1312 4825 1416 4878 alia
1465 4828 1675 4880 ratione
1725 4826 2044 4895 contigisset

468 4912 630 4967 beato
654 4911 887 4967 Abrahae
918 4913 1008 4967 illa
1037 4914 1382 4969 incommoda
1404 4917 1597 4980 vitare,
1629 4917 1734 4971 nisi
1762 4916 2043 4988 [Egyptio-

469 5019 593 5057 rum
619 5004 842 5075 regione
883 5003 1104 5069 relicta,
1146 5005 1214 5059 ad
1256 5013 1498 5059 veterem
1546 5007 1700 5060 illum
1744 5008 2041 5078 divinoque

471 5110 728 5165 munere.
747 5111 1070 5151 concessum
1137 5093 1232 5150 Dei
1301 5095 1480 5149 locum
1532 5100 1880 5164 revertisset,
1935 5115 2045 5170 quo

469 5195 825 5255 posteaquam
859 5186 1133 5256 pervenit,
1185 5186 1333 5240 omni
1377 5202 1508 5240 cura
1555 5203 1783 5251 vacuus,
1821 5190 2046 5258 optimis

467 5276 666 5331 studiis
698 5293 920 5346 Operam
943 5279 1116 5333 dedit.
1145 5279 1237 5334 Sic
1264 5279 1410 5334 enim
1443 5279 1708 5349 scriptum
1738 5290 1825 5336 est
1852 5299 1864 5333 :
1900 5302 1917 5332 (
1941 5282 2044 5337 As-

469 5365 657 5418 cendit
708 5375 889 5420 autem
923 5367 1198 5421 Abraham
1248 5383 1316 5421 ex
1363 5366 1618 5438 A‘Zgypto,
1664 5368 1779 5437 ipse
1826 5375 1881 5421 et
1912 5382 2048 5420 uxor

468 5457 611 5525 ejus,
640 5464 695 5509 et
715 5457 898 5510 omnia
919 5459 1059 5526 ejus.
1120 5469 1175 5513 ct
1218 5458 1320 5513 Lot
1355 5474 1480 5514 cum
1522 5475 1587 5514 eo
1645 5459 1701 5513 in
1742 5458 2042 5513 desertum.

547 5638 590 5671 ”
615 5631 750 5692 Gen.
770 5647 819 5701 1,
857 5635 940 5699 l2.
978 5635 1058 5692 l7.

2151 4469 2235 4514 τις
2258 4448 2371 4517 οὖν,
2399 4454 2492 4506 καὶ
2508 4453 2606 4522 οὐχ
2628 4451 2768 4506 ἑκὼν
2786 4451 3134 4506 ὑποκείσεται
3163 4455 3282 4514 ταῖς
3305 4452 3513 4505 ἐκείνου
3534 4452 3724 4507 πλεον-

2151 4542 2343 4608 εξίαις.
2383 4545 2547 4597 Νοσεῖ
2575 4544 2683 4615 γὰρ
2721 4544 2754 4614 ἠ
2791 4543 2951 4612 φύσις
2984 4543 3044 4595 τὸ
3070 4542 3291 4608 ἄναλκι,
3329 4545 3513 4613 ἐφίησι
3546 4544 3721 4616 γεμὴν

2149 4636 2264 4689 οὔτι
2295 4653 2398 4689 που
2433 4636 2586 4700 Θεὸς,
2633 4635 3004 4706 ἀνασειράςων
3045 4634 3242 4705 τρόπον
3297 4636 3419 4689 τινὰ
3466 4637 3534 4690 τὰ
3581 4637 3722 4691 κατὰ

2149 4728 2257 4781 τῶν
2284 4727 2452 4797 ἁγίων
2491 4729 2915 4800 ἐπιχειρήματα,
2951 4727 3046 4780 καὶ
3073 4727 3166 4780 τοῦ
3199 4729 3435 4798 πονηροῦ
3464 4731 3562 4794 τὰς
3602 4733 3724 4784 ὲπι-

2150 4818 2365 4880 ϐουλάς.
2399 4816 2718 4887 Συμϐέϐηκε
2745 4816 2800 4870 δὲ
2819 4817 2916 4886 οὐχ
2938 4817 3140 4888 ἑτέρως
3158 4818 3432 4888 διαδράναι
3453 4820 3522 4873 τὰ,
3549 4821 3719 4894 βλάϐη

2149 4909 2238 4962 τὸν
2272 4907 2556 4961 θεσπέσιον
2606 4906 2875 4978 Ἀϐραὰμ,
2924 4908 2972 4959 εἰ
3005 4906 3099 4978 μὴ,
3131 4909 3228 4980 τὴν
3265 4909 3372 4962 τῶν
3410 4911 3721 4978 Αἰγυπτίων

2148 5002 2326 5071 ἀφεὶς,
2355 5001 2491 5071 πρὸς
2514 5000 2604 5053 τὸν
2626 5003 2683 5053 ὲν
2712 5002 2854 5072 ἀρχῇ
2885 5002 2978 5054 καὶ
3007 5001 3283 5055 θεόσδοτον
3317 5003 3719 5076 ἁναπεφοίτηκε

2143 5093 2340 5165 χῶρον,
2365 5085 2426 5146 οὗ
2451 5093 2544 5146 καὶ
2565 5092 2864 5162 ἀφιγμένος
2894 5092 3327 5164 σωυδασμάτων
3345 5096 3565 5163 ἀγαθῶν
3597 5113 3719 5166 σχο-

2143 5185 2290 5245 λαῖος
2321 5178 2387 5252 ἦν
2411 5180 2767 5252 ἐπιμελητής.
2804 5182 3120 5252 Γέγραπται
3141 5185 3194 5236 δὲ
3219 5184 3388 5249 οὕτως
3409 5202 3421 5216 ·
3463 5207 3481 5237 ι
3526 5188 3717 5258 Ἀνέϐη
3786 5190 3793 5197 ’

2142 5277 2197 5330 δὲ
2241 5276 2491 5347 Ἀϐραὰμ
2531 5275 2590 5341 ἐξ
2624 5274 2922 5342 Αἰγύπτου,
2965 5275 3128 5338 αὐτὸς
3161 5278 3252 5330 καὶ
3281 5280 3313 5348 ή
3359 5279 3496 5350 γυνὴ
3528 5280 3717 5345 αὐτοῦ,

2145 5370 2238 5423 καὶ
2268 5371 2444 5423 πάντα
2483 5367 2552 5420 τὰ
2603 5367 2793 5434 αὑτοῦ,
2839 5367 2932 5421 καὶ
2962 5366 3084 5420 Λὼτ
3125 5373 3243 5439 μετ’
3283 5371 3448 5424 αὐτοῦ
3498 5373 3580 5436 είς
3621 5374 3722 5445 τὴν

2143 5460 2366 5537 ἔρημον..
2411 5459 2661 5531 Ἀϐραὰμ
2701 5459 2759 5513 δὲ
2800 5455 2868 5530 ἦν
2917 5460 3170 5526 πλούσιος
3227 5464 3452 5534 σφόδρα,
3498 5468 3719 5538 κτήνεσι
