4082 6304
295 324 410 386 185

1042 331 1132 389 DE
1167 296 1607 394 ᾸοοιιΑτιοΝΕ
1645 340 1714 397 IN
1752 341 2024 404 SPIRITU
2060 348 2151 405 ET
2187 347 2558 407 vannus.
2601 349 2730 407 LIB.
2766 351 2810 408 ι.

3445 354 3549 412 186

295 438 398 536 καὶ
421 437 691 536 ἀργυρίῳ,
719 439 816 536 καὶ
835 441 1062 514 χρυσίῳ,
1089 445 1184 496 καὶ
1207 445 1477 520 ἐπορεύθη
1504 450 1627 505 ὅποι
1653 451 1847 523 ἐξῆλθε

1973 457 2248 515 Abraham
2279 469 2460 518 autem
2478 471 2599 519 erat
2622 463 2777 519 dives
2810 462 2989 528 valde,
3014 463 3285 536 jumentis
3305 473 3363 520 et
3386 481 3543 532 auro,

295 530 381 592 είς
401 530 501 601 τὴν
529 528 736 602 ἔρημον
775 531 881 597 ἕως
915 532 1135 606 Βαιθὴλ,
1165 535 1269 599 ἕως
1304 539 1397 611 τοῦ
1425 540 1612 607 τόπου,
1642 538 1704 597 οὗ
1736 540 1805 618 ἦν
1829 549 1864 619 ή

298 621 475 691 σκηνὴ
501 619 667 675 αὐτοῦ
697 623 986 695 πρότερον,
1031 626 1135 680 ἀνὰ
1167 628 1331 698 μέσον
1370 629 1594 703 Βαιθὴλ,
1638 634 1731 687 καὶ
1766 636 1871 691 άνά

298 710 724 781 ρέαον.’Δγγαὶ,
768 715 850 776 είς
882 714 974 768 τὸν
1013 716 1181 771 τόπον
1214 718 1310 773 τοῦ
1355 720 1764 797 θυσιαστηρίου,
1806 720 1869 782 06

293 802 557 873 ἐποίησεν
616 805 737 857 ἐκεῖ
792 805 893 876 τὴν
941 806 1138 878 ἀρχήν.
1195 810 1308 863 Καὶ
1366 813 1695 872 ἐπεκάλεσεν
1753 821 1871 874 ἐκεῖ

307 893 560 965 ’Δϐραάμ
577 894 638 948 τὸ
658 893 828 965 ὄνομα
855 898 1080 967 Κυρίου.
1106 919 1126 950 ι
1152 900 1347 972 Συνίης
1371 900 1463 957 οὖν
1484 905 1567 960 ὅτι
1593 924 1870 965 συναναπ-

292 983 477 1056 αίρειν
502 985 714 1057 ἀνάγκη
739 987 851 1050 τοῖς
882 986 942 1053 ἐξ
970 986 1238 1059 ἀκρασίας
1262 998 1532 1070 κοσμικῆς
1564 1002 1645 1064 είς
1675 1003 1869 1075 ἑτέραν

292 1075 652 1146 ἀνατρέχουσι
685 1077 829 1150 ζωὴν
876 1080 1058 1151 ἱεράν,
1118 1083 1281 1138 οἱονεὶ
1325 1087 1503 1142 πάντα
1543 1091 1612 1145 τά
1652 1094 1864 1164 αὐτῶν;

294 1168 520 1220 πανοικὶ
545 1167 653 1239 γὰρ
694 1170 790 1222 καὶ
818 1175 1104 1239 παγγενεὶ,
1150 1177 1446 1251 προσθείην
1478 1181 1523 1235 δ’
1562 1183 1627 1236 ἂν
1651 1186 1734 1238 ὅτι
1766 1187 1861 1240 καὶ

295 1258 627 1322 πανσκευεὶ,
689 1259 792 1329 τῆς
849 1262 1160 1330 Αἰγυπτίων
1212 1268 1627 1344 ἀποδεδράμηκε
1682 1275 1789 1346 γῆς
1836 1279 1866 1332 ό

290 1348 596 1420 προπάτωρ
647 1348 918 1421 Ἀϐραάμ.
959 1354 1052 1406 Δεῖ
1085 1356 1193 1429 γὰρ
1225 1359 1532 1431 όλοτρόπως
1565 1365 1865 1439 ἀποφοιτᾷν

288 1439 392 1493 καὶ
433 1440 649 1493 πανοικὶ
695 1441 896 1512 τρόπον
932 1445 1054 1499 τινὰ
1106 1447 1534 1520 μεθορμίζεσθαι
1576 1456 1751 1525 φιλεῖν
1785 1461 1864 1524 είς

295 1530 400 1601 τὴν
430 1529 661 1613 ἔρημον,
687 1531 833 1585 τοῦτ’
859 1533 1026 1601 ἐστιν,
1073 1538 1154 1601 είς
1186 1540 1624 1613 ἀπαρενόχλητόν
1668 1563 1728 1600 τε
1767 1550 1863 1602 καὶ

288 1620 538 1711 καθαρὰν
564 1621 803 1688 διανοίας
830 1626 1183 1691 κατάστασιν,
1219 1630 1341 1684 ὅθεν
1379 1633 1472 1687 καὶ
1504 1637 1562 1688 ἐν
1599 1637 1792 1707 ἀρχαῖς
1826 1640 1859 1711 ή

285 1710 385 1765 106
419 1712 708 1784 ἀνθρώπου
756 1715 918 1783 φύσις
950 1718 1272 1790 ἐκϐέϐηκεν,
1308 1722 1485 1795 ἐνδείᾳ
1514 1724 1624 1778 τῶν
1656 1727 1860 1781 ἄνωθεν

284 1803 512 1871 ἀγαθῶν
540 1806 889 1860 ἀπονεύσασα
922 1808 1058 1879 πρὸς
1083 1810 1154 1864 τά
1173 1812 1358 1883 χείρω.
1388 1814 1558 1869 Τοῦτο
1586 1817 1695 1888 γὰρ
1723 1821 1855 1872 αίνι-

292 1895 598 1965 γματωδῶς
624 1898 1059 1967 κατασημήνειεν
1090 1899 1157 1954 ἀν
1200 1902 1233 1971 ή
1262 1903 1342 1966 είς
1380 1903 1694 1977 ἀλλοτρίους
1722 1907 1855 1962 κάθ-

280 1984 422 2049 οδος,
450 1985 559 2038 ἀπὸ
579 1987 682 2056 γῆς
709 1988 869 2040 οἱονεὶ
890 1988 983 2041 καὶ
1014 1991 1218 2061 σκηνῆς
1237 1995 1336 2063 τῆς
1364 1997 1423 2047 ἐν
1444 1996 1642 2067 ἀρχαῖς
1669 2014 1728 2050 τε
1759 1998 1854 2052 καὶ

280 2074 624 2146 φιλαιτόπης,
655 2077 713 2129 ἐν
809 2077 903 2131 καὶ
926 2077 1323 2150 θυσιαστήριον.
1355 2083 1854 2156 Παλινδρομοῦντες

278 2164 390 2236 γὰρ
418 2164 616 2229 οὕτως,
646 2165 751 2229 ἕως
790 2165 858 2220 ἀν
885 2169 942 2220 ὲν
966 2168 1116 2240 τόπῳ
1136 2170 1231 2223 καὶ
1260 2170 1413 2244 χώρᾳ
1441 2174 1728 2246 γενώμεθα
1756 2176 1851 2230 τοῦ

277 2254 669 2327 θυσιαστηρίου
701 2255 798 2310 106
827 2257 886 2310 ἐν
930 2258 1148 2329 ἀρχαῖς,
1196 2260 1339 2314 τοῦτ’
1376 2262 1513 2329 ἐστι,
1549 2263 1645 2317 τοῦ
1685 2266 1852 2320 πάλαι

277 2346 732 2418 προσπεφυκότος
772 2348 1071 2419 ἀγιασμοῠ,
1111 2350 1206 2405 καὶ
1248 2352 1413 2423 ἡμεῖς
1450 2355 1854 2429 ἐπικαλούμεθα

274 2436 370 2490 τὸν
389 2437 501 2493 τῶν
526 2438 662 2492 ὅλων
700 2438 853 2505 Θεὸν,
879 2439 942 2493 τό
970 2443 1311 2513 προφητικὸν
1340 2446 1517 2501 ἐκεῖνο
1555 2447 1851 2522 πρόσρημα

274 2528 557 2597 λέγοντες·
596 2548 615 2581 ι
644 2530 838 2599 Κύριε,
867 2532 1023 2599 ἐκτὸς
1057 2533 1153 2589 σοῦ
1182 2534 1341 2592 ἄλλον
1369 2538 1469 2592 οὐκ
1501 2537 1745 2611 οἴδαμεν.
1776 2542 1850 2596 Τὸ

274 2619 448 2691 ὄνομά
477 2636 572 2674 σου
606 2621 970 2694 ὀνομάζομεν.
1015 2642 1037 2678 ι

341 2800 551 2856 ΠΔΛΛ.
602 2802 950 2858 Ἀστειότατα
985 2804 1144 2876 ἔφης.

338 2890 502 2945 ΚΥΡ.
541 2891 701 2956 Ἵδοις
723 2892 770 2945 δ’
793 2892 859 2947 ἂν
886 2895 950 2946 τὸ
974 2895 1165 2968 χρῆμα
1189 2896 1320 2967 ἡμῖν
1343 2896 1440 2968 οὐχ
1470 2896 1672 2970 ἑτέρως
1699 2897 1841 2971 ἔχον,

269 2981 363 3034 καὶ⁵
399 2981 470 3035 τὰ
502 2982 594 3035 ἐπὶ
620 2986 734 3046 τοῖς
753 2985 889 3049 υῑοῖς
930 2986 1143 3057 Ἰσραὴλ
1164 2988 1427 3056 γεγονότα
1452 2990 1591 3043 κατὰ
1621 2982 1845 3062 δῖαιροὺς

267 3067 328 3124 εὖ
378 3072 525 3144 μάλα
555 3072 1046 3147 διασκοπούμενος·
1083 3076 1177 3141 οὒς
1224 3079 1454 3152 ἐπείπερ
1487 3074 1630 3134 εἷλον
1661 3083 1709 3135 οῖ
1743 3084 1842 3136 Αι-

1971 557 2027 606 et
2053 561 2310 621 argento:
2340 562 2396 609 et
2423 554 2558 610 abiit
2584 554 2781 610 itinere
2796 570 2907 624 quo
2943 563 3170 611 venerat
3192 557 3248 611 in
3263 556 3544 613 desertum

1971 658 2145 712 usque
2167 644 2376 711 Bethel,
2406 661 2581 716 usque
2619 646 2687 701 ad
2715 647 2896 701 locum
2931 646 3026 701 ubi
3063 646 3242 703 fuerat
3284 647 3543 703 taberna-
3588 652 3593 659 '

1970 735 2154 790 culum
2184 736 2306 807 ejus
2328 738 2503 807 prius,
2553 736 2660 807 33
2714 738 2859 792 inter
2884 738 3076 792 Bethel
3122 745 3178 793 et
3228 739 3452 811 Haggai,
3483 739 3542 795 in

1968 823 2150 879 locum
2178 825 2387 891 altaris,
2426 826 2575 895 quod
2605 826 2913 880 fecerat.ibi
2948 827 3126 897 prius,
3171 836 3229 882 et
3261 828 3543 884 invocavit

1968 915 2045 970 ibi
2070 914 2345 970 Abraham
2385 931 2588 971 nomen
2622 917 2840 971 Domini
2868 918 2935 970 ".
2975 937 2993 969 ι
3031 919 3299 990 Intelligis
3346 921 3540 990 igitur,

1966 1005 2063 1076 qui
2108 1020 2177 1060 ex
2218 1005 2643 1075 intemperantia
2686 1006 2936 1060 saeculari
2984 1005 3051 1060 ad
3096 1007 3324 1061 alteram
3368 1008 3540 1062 vitam

1966 1105 2281 1162 recurrunt,
2325 1097 2396 1152 iis
2435 1096 2622 1152 omnia
2660 1097 2824 1151 simul
2867 1112 2987 1152 esse
3019 1097 3360 1153 abducenda.
3396 1098 3535 1153 Nam

1966 1204 2092 1242 cum
2121 1188 2377 1243 universa
2420 1188 2648 1254 familia,
2700 1188 3073 1258 universoque
3123 1203 3343 1259 genere,
3401 1189 3539 1244 illud

1964 1280 2131 1334 etiam
2146 1279 2473 1345 addiderim,
2512 1294 2640 1334 cum
2675 1279 2934 1334 universa
2964 1279 3320 1348 supellectili,
3360 1280 3537 1334 Abra-

1964 1370 2092 1425 ham
2122 1370 2434 1441 patriarcha
2477 1386 2546 1426 ex
2585 1370 2965 1442 Egyptiorum
2998 1372 3219 1441 regione
3259 1371 3531 1442 migravit.

1962 1460 2189 1531 Oportet
2224 1461 2373 1516 enim
2431 1462 2690 1517 omnibus
2738 1461 2918 1516 modis
2958 1461 3264 1525 discedere,
3310 1470 3367 1517 et
3409 1478 3535 1517 cum

1961 1554 2217 1608 universa
2250 1552 2654 1624 quodammodo
2696 1552 2903 1607 familia
2938 1551 2995 1606 in
3033 1551 3311 1606 desertum
3357 1551 3535 1606 demi-

1959 1658 2139 1713 grare,
2194 1644 2251 1699 id
2299 1652 2404 1710 est,
2449 1644 2516 1698 ad
2549 1644 3010 1714 imperturbatum
3058 1649 3115 1697 et
3167 1642 3528 1711 tranquillum

1960 1732 2127 1786 animi
2175 1740 2399 1799 statum,
2436 1732 2581 1787 unde
2617 1733 2688 1788 ab
2729 1733 2888 1787 initio
2913 1730 3153 1785 hominis
3183 1739 3379 1784 natura
3410 1731 3528 1785 dis-

1959 1826 2140 1891 cessit,
2172 1843 2297 1882 cum
2340 1827 2522 1897 inopia
2550 1841 2915 1898 supernorum
2942 1825 3212 1880 bonorum
3251 1824 3318 1879 ad
3346 1825 3533 1895 pejora

1959 1916 2294 1973 declinavit:
2330 1918 2386 1974 id
2407 1919 2557 1974 enim
2590 1934 2690 1988 per
2716 1917 2948 1988 anigma
3001 1914 3272 1986 signiﬁcat
3309 1915 3400 1969 ille
3461 1915 3531 1969 ad

1958 2015 2171 2063 exteras
2208 2008 2464 2064 nationes
2492 2009 2813 2072 descensus,
2849 2007 2920 2062 ab
2961 2007 3054 2061 illa
3084 2006 3282 2070 veteri,
3340 2013 3397 2060 et
3435 2006 3528 2077 ju-

1959 2098 2293 2154 cundissima
2327 2107 2496 2167 terra,
2524 2101 2581 2156 in
2630 2116 2737 2171 qua
2768 2101 2938 2155 altare
2973 2114 3192 2169 quoque
3214 2105 3371 2153 erat:
3398 2113 3528 2153 nam

1958 2187 2064 2244 hoc
2086 2198 2245 2259 pacto
2273 2197 2643 2257 recurrentes,
2674 2204 2963 2260 quousque
3008 2188 3075 2243 ad
3110 2189 3292 2243 locum
3335 2203 3400 2243 ac
3434 2204 3525 2242 re-

1956 2277 2173 2347 gionem
2218 2279 2609 2348 perveniamus
2648 2278 2839 2332 altaris
2889 2278 3032 2348 ejus,
3073 2277 3221 2347 quod
3259 2277 3328 2331 ab
3364 2276 3527 2330 initio

1956 2367 2156 2435 fuerat,
2181 2369 2237 2424 id
2260 2376 2346 2424 est
2374 2369 2523 2424 illius
2544 2369 2748 2423 veteris
2769 2375 2828 2423 et
2857 2368 3021 2423 nobis
3045 2368 3230 2423 insita:
3254 2368 3524 2423 sanctita-

1956 2460 2051 2526 tis,
2078 2475 2181 2516 nos
2228 2460 2332 2530 ipsi
2371 2474 2593 2531 quoque
2644 2458 2965 2513 invocamus
3001 2474 3187 2513 rerum
3236 2459 3524 2513 universa-

1952 2567 2077 2607 rum
2133 2553 2329 2617 Deum,
2388 2551 2713 2622 prophetica
2773 2550 2867 2605 illa
2913 2549 3191 2605 dicentes:
3226 2549 3521 2615 «Domine,

1950 2649 2104 2699 extra
2142 2649 2193 2697 te
2238 2642 2408 2697 alium
2452 2657 2564 2696 non
2594 2641 2873 2707 novimus,
2902 2655 3107 2696 nomen
3152 2647 3311 2695 tuum
3361 2640 3520 2695 invo-

1949 2748 2139 2790 camus
2165 2733 2231 2789 ".
2264 2753 2284 2786 ι

2018 2827 2217 2882 PALL.
2241 2826 2652 2898 Elegantissime
2677 2824 2883 2881 dixisti.

2018 2916 2176 2973 CYR.
2207 2918 2265 2972 Id
2296 2927 2480 2973 autem
2508 2930 2620 2973 non
2649 2917 2811 2972 aliter
2833 2932 2892 2972 se
2928 2916 3138 2972 habere
3166 2916 3323 2974 facile
3356 2917 3518 2973 intel-

1947 3007 2105 3080 liges,
2156 3009 2201 3063 si
2251 3024 2375 3080 qua:
2409 3008 2537 3063 ﬁliis
2572 3023 2794 3079 quoque
2823 3006 2995 3062 Israel
3031 3008 3147 3063 suis
3180 3009 3520 3079 temporibus

1949 3098 2292 3163 acciderunt,
2329 3099 2625 3171 diligenter
2648 3097 2957 3167 inspexeris
3002 3114 3016 3150 :
3060 3112 3201 3166 quos
3242 3114 3369 3153 eum
3408 3114 3520 3154 coa-

267 3162 490 3232 γύπτιοι
543 3164 705 3236 λιμοῦ
756 3167 1172 3239 κατωθήσαντος
1218 3172 1278 3224 ἐν
1330 3150 1527 3243 ἀρχαῖς
1574 3174 1668 3227 καὶ
1714 3174 1840 3238 τοὺς

1949 3189 2154 3259 pissent
2182 3150 2461 3260 .Egyptii:
2484 3189 2627 3244 fame
2652 3150 2966 3257 compulsos
3016 3150 3095 3241 al;
3117 3188 3299 3253 initio,
3332 3198 3389 3244 et
3412 3190 3517 3244 ho-

265 3258 470 3312 ἄνωθέν
504 3276 564 3312 τε
600 3260 694 3312 καὶ
737 3261 801 3313 ἐκ
840 3259 996 3333 ῥίζης
1033 3264 1379 3334 ἀγίων,’καδ⁹
1417 3265 1733 3339 ἐλευθέρους
1764 3271 1843 3331 είς

264 3349 528 3421 ἀδόκητόν
574 3368 635 3404 τε
675 3351 769 3405 καὶ
799 3354 1132 3425 ἀμελέτητον
1162 3358 1345 3421 αὐτοῖς
1382 3357 1842 3427 καταζευγνύντες

264 3437 505 3507 θητείαν,
536 3441 743 3511 ἀγρίως
758 3442 1164 3512 κατεϐιάζοντο,
1179 3446 1280 3517 τῆς
1300 3448 1386 3501 ἐπ’
1410 3449 1604 3512 αὐτοὺς
1625 3448 1844 3520 ὠμότη-

260 3545 352 3591 τος
388 3529 602 3583 τοιάνδε
631 3531 752 3585 τινά
794 3532 1078 3599 συνθέντες
1106 3536 1206 3606 τὴν
1234 3537 1509 3610 ἀφορμήν.
1553 3559 1571 3591 ι
1617 3541 1837 3612 Ἀνέστη

259 3622 393 3691 γὰρ,
434 3640 454 3671 ι
491 3622 641 3692 φησὶ,
676 3642 694 3673 ι
735 3622 983 3693 βασιλεὺς
1001 3625 1186 3699 ἕτερος
1216 3628 1305 3681 ἐπ’
1336 3631 1629 3698 Αἴγυπτον,
1657 3632 1716 3696 ὃς
1739 3634 1840 3688 οὐκ

258 3710 382 3782 ᾔδει
413 3712 509 3765 τὸν
554 3714 766 3786 Ἰωσήφ.
802 3712 938 3770 Εἶπε
970 3717 1026 3771 δὲ
1054 3718 1132 3788 τῷ
1164 3721 1311 3788 γένει
1358 3721 1520 3775 αὐτοῦ
1550 3739 1564 3754 ⁸
1618 3724 1748 3777 Ἰδοὺ
1777 3725 1841 3778 τὸ

257 3801 420 3868 γένος
461 3802 571 3854 τῶν
609 3803 737 3856 υἱῶν
780 3805 1032 3877 Ἰσραὴλ,
1070 3809 1212 3878 μέγα
1252 3809 1476 3880 πλῆθος,
1519 3812 1613 3865 καὶ
1668 3813 1838 3883 ἰσχύει

258 3890 400 3962 ὑπὲρ
430 3893 602 3960 ἡμᾶς,
642 3893 791 3946 δεῦτε
827 3898 1327 3969 κατασοφισώμεθα
1369 3900 1590 3967 αὐτοὺς,
1627 3903 1836 3973 μήποτε

259 3979 563 4051 πληθυνθῇ,
593 3983 708 4047 καὶ,
733 3984 896 4054 ἡνίκα
926 3986 1019 4039 ἐὰν
1048 3988 1226 4059 συμϐῇ
1260 3990 1515 4061 πόλεμος,
1540 3993 1838 4065 προστεθή-

266 4088 448 4124 σονται
496 4073 595 4125 καὶ
618 4065 765 4127 οὗτοι
799 4076 934 4145 πρὸς
967 4079 1093 4140 τοὺς
1136 4080 1508 4147 ὑπεναντίους,
1550 4084 1644 4137 καὶ
1667 4088 1834 4138 ἐκπο-

256 4162 595 4235 λεμήσαντες
614 4166 781 4237 ἡμᾶς,
812 4169 1185 4235 ἐξελεύσονται
1209 4174 1272 4226 ἐκ
1299 4173 1400 4243 τῆς
1420 4175 1543 4246 γῆς.
1571 4195 1588 4226 ι
1610 4176 1830 4232 Ἐλύπει

258 4252 382 4320 γὰρ,
404 4248 587 4323 οἶμαι,
602 4255 693 4310 τὸν
719 4255 820 4325 τῆς
848 4258 1158 4326 Αἰγυπτίων
1184 4260 1479 4332 ἐξάρχοντα
1508 4265 1706 4333 γῆς,τὸ
1728 4266 1833 4321 κᾶν

258 4346 381 4415 γοῦν
426 4347 651 4401 ἑλέσθαι
702 4349 831 4403 ποτὲ
882 4351 1013 4420 πρὸς
1063 4351 1372 4423 ἐλευθερίαν
1417 4355 1558 4420 ἰδεῖν,
1603 4358 1831 4427 τοὺςέξ

1941 3276 2118 3331 mines
2155 3277 2225 3331 ab
2278 3276 2397 3346 ipsa
2445 3277 2719 3346 majorum
2747 3290 2973 3329 suorum
3015 3276 3250 3345 origine,
3276 3292 3307 3332 c
3347 3277 3517 3348 stirpe

1938 3375 2253 3423 sanctorum
2276 3377 2446 3432 ortos,
2474 3377 2531 3424 et
2546 3366 2772 3431 liberos,
2792 3366 2861 3420 ad
2886 3365 3226 3435 inopinatam
3244 3376 3301 3422 et
3326 3367 3516 3424 insue-

1938 3465 2050 3513 tam
2106 3457 2493 3529 subjugassent
2537 3461 2894 3529 servitutem,
2937 3460 3265 3527 immaniter
3307 3458 3517 3513 violen-

1939 3556 2136 3621 terque
2183 3553 2517 3619 tractabant,
2545 3569 2660 3608 suae
2695 3554 2963 3609 adversus
3003 3554 3126 3608 illos
3170 3550 3515 3607 crudelitatis

1938 3642 2042 3698 hac
2065 3644 2354 3699 occasione
2404 3644 2656 3700 conficta.
2710 3665 2728 3698 ι
2761 3646 3014 3702 Surrexit
3059 3646 3268 3710 enim,»
3311 3646 3509 3716 inquit,

1945 3750 2077 3788 «rex
2097 3736 2237 3789 alter
2259 3735 2316 3789 in
2343 3734 2595 3806 Egypto,
2626 3737 2722 3806 qui
2746 3753 2858 3792 non
2905 3748 3132 3792 noverat
3161 3738 3385 3807 Ioseph,
3416 3737 3513 3807 qui

1935 3824 2074 3879 dixit
2099 3826 2302 3895 populo
2346 3842 2477 3881 suo:
2509 3826 2651 3883 Ecce
2680 3844 2854 3899 genus
2876 3828 3112 3883 filiorum
3140 3829 3305 3883 Israel
3364 3829 3511 3882 mul-

1935 3925 2171 3982 tumest,
2199 3926 2258 3973 et
2293 3920 2650 3975 multitudine
2702 3921 2848 3976 valet
2886 3936 3052 3991 super
3103 3936 3225 3976 nos.
3288 3920 3507 3985 Venite,

1934 4008 2223 4065 fraudibus
2262 4011 2637 4081 opprimamus
2667 4012 2809 4078 illos,
2834 4028 2904 4067 ne
2950 4012 3091 4067 forte
3137 4012 3508 4083 multiplicen-

1937 4105 2063 4164 tur;
2091 4105 2148 4153 et
2199 4114 2325 4154 cum
2368 4100 2633 4155 acciderit
2674 4101 2837 4156 nobis
2864 4101 3091 4167 bellum,
3142 4101 3509 4172 adjungantur

1933 4186 2097 4241 etiam
2136 4186 2195 4241 hi
2249 4186 2491 4242 inimicis
2533 4188 2773 4254 nostris,
2821 4196 2898 4254 et,
2950 4189 3279 4258 expugnatis
3319 4187 3504 4251 nobis,

1932 4277 2288 4346 egrediantur
2331 4277 2400 4332 de
2439 4285 2584 4333 terra
2614 4278 2681 4332 ⁹⁹.
2713 4297 2732 4330 ι
2780 4278 3028 4348 Angebat
3063 4278 3232 4341 enim,
3283 4277 3502 4346 opinor,

1929 4361 2307 4433 Egyptiorum
2335 4372 2497 4419 terra:
2526 4366 2853 4435 principem,
2881 4366 3027 4435 quod
3053 4366 3139 4419 vel
3168 4364 3505 4434 respicerent

259 4439 552 4508 ἀναγκαίου
587 4440 807 4511 δεσμοῦ,
837 4442 898 4495 οὐ
929 4442 1070 4496 κατὰ
1107 4443 1331 4515 γνώμην
1366 4447 1823 4519 ύπεζευγμένους.

1949 4454 2225 4522 ιιὶίιιιοῐιᾱο
2248 4455 2469 4508 tandem
2491 4454 2560 4507 ad
2583 4454 2918 4520 libertatem,
2974 4455 3013 4508 ii
3045 4455 3140 4523 qui
3188 4454 3503 4509 necessario

266 4549 283 4579 ι
303 4532 408 4586 Καὶ
423 4533 731 4604 ἐπέστησεν
745 4535 947 4597 αὐτοῖς,
968 4536 1152 4603 φησὶν,
1181 4538 1475 4601 ἐπιστάτας
1500 4539 1606 4592 τῶν
1626 4540 1824 4610 ἔργων,

262 4620 342 4673 ἵνα
371 4620 701 4675 κακώσωσιν
738 4623 934 4686 αὐτοὺς
968 4625 1033 4677 ἐκ
1062 4624 1169 4677 τῶν
1199 4625 1397 4695 ἔργων,
1426 4628 1519 4679 καὶ
1546 4628 1828 4701 ᾠκοδόμη-

262 4727 356 4762 σαν
392 4712 579 4775 πόλεις
605 4712 809 4783 ὀχυρὰς
851 4713 930 4783 τῷ
975 4712 1174 4784 Φαραὼ
1206 4717 1306 4784 τήν
1348 4732 1408 4768 τε
1449 4716 1690 4779 Πειθὼν,
1738 4719 1832 4772 καὶ

268 4797 562 4871 Ῥαμεσσῆ,
595 4803 690 4856 καὶ
722 4797 844 4865 Ὧν,
867 4804 902 4873 ἦ
937 4804 1083 4857 ἐστιν
1124 4804 1304 4858 Ἡλίου
1347 4806 1519 4870 πόλις.
1563 4827 1580 4858 ι
1614 4809 1832 4879 Καρποὶ

257 4887 360 4961 γὰρ
401 4887 544 4962 ἦσαν
599 4893 700 4963 τῆς
724 4894 996 4964 ἀφορήτου
1030 4894 1357 4963 πλεονεξίας,
1384 4898 1707 4969 τληπάθειαι
1731 4900 1827 4970 μὲν

256 4976 311 5027 αἱ
357 4977 625 5048 διηνεκεῖς
664 4980 757 5033 ἐπί
793 4997 853 5033 τε
888 4981 1044 5054 πηλῷ
1080 4984 1175 5036 καὶ
1225 4986 1504 5060 πλινθείᾳ,
1541 4989 1725 5051 πόλεις
1767 4990 1824 5043 δὲ

254 5067 556 5138 περιϐόλοις
590 5070 967 5141 πυργούμεναι
993 5110 1008 5135 ,
1042 5073 1265 5128 καὶτῶν
1305 5077 1385 5129 tr
1405 5079 1593 5148 ἀγροῖς
1635 5079 1822 5150 χωμά-

1928 4561 2106 4615 eoque
2133 4554 2332 4616 praeter
2357 4545 2673 4616 opinionem
2693 4545 2937 4611 vinculo,
2968 4545 3239 4616 subjugati
3262 4545 3497 4600 fuerant.

1936 4655 1955 4687 ι
1995 4637 2401 4707 Etpraaposuit,
2438 4656 2456 4688 ›
2504 4636 2703 4705 inquit,
2734 4656 2751 4688 ι
2784 4636 2867 4691 eis
2909 4637 3198 4707 magistros
3244 4652 3497 4706 operum,

1929 4734 1989 4779 ut
2015 4726 2319 4797 allligerent
2347 4741 2443 4781 eos
2461 4726 2725 4796 operibus
2751 4743 2766 4792 ;
2816 4735 2874 4780 et
2900 4726 3307 4781 uadiﬁcaverunt
3336 4727 3500 4783 urbes

1931 4816 2171 4871 munitas
2200 4817 2492 4882 Pharaoni,
2528 4816 2745 4871 Phitom
2794 4826 2851 4872 et
2889 4817 3198 4882 Ramesses,
3248 4827 3305 4873 et
3351 4817 3494 4884 lion,

1930 4922 2053 4975 quae
2076 4915 2162 4962 est
2183 4907 2483 4977 Heliopolis
2516 4908 2554 4961 ί.
2576 4928 2594 4959 ι
2618 4908 2726 4980 34
2755 4908 2822 4963 Hi
2850 4923 3085 4978 namque
3110 4907 3325 4964 fructus
3339 4918 3497 4965 erant

1928 4994 2076 5049 illius
2100 5011 2210 5049 non
2250 4996 2462 5051 ferendi
2508 4996 2842 5061 dominatus,
2894 4998 3216 5052 vexationes
3273 5014 3493 5067 nempe,

1928 5093 2092 5153 atque
2119 5100 2377 5140 aerumnae
2420 5085 2654 5141 assiduae
2692 5087 2748 5141 in
2782 5087 2897 5142 luto
2935 5093 3100 5157 atque
3134 5101 3304 5155 opere
3354 5087 3492 5141 late-

252 5174 354 5212 των
373 5160 645 5231 ἐγέρσεις,
669 5162 863 5231 ἀμισθὶ
890 5163 947 5217 δὲ
976 5166 1131 5218 ταυτὶ
1150 5166 1244 5219 καὶ
1275 5168 1370 5220 σὺν
1409 5169 1592 5240 ἱδρῶτι
1621 5168 1817 5243 μακρῷ

1949 5175 2062 5239 itio,
2100 5176 2267 5231 urbes
2313 5191 2534 5247 quoque
2580 5178 2858 5233 moenibus
2896 5194 2961 5233 ac
2998 5177 3247 5231 turribus
3276 5177 3490 5244 cinctae,

249 5250 357 5312 τοῖς
396 5251 618 5304 πονοῦσι
656 5251 1048 5322 διεπεραίνετο.
1091 5255 1227 5310 Ὑπὸ
1266 5262 1422 5329 χεῖρα
1459 5259 1567 5331 γὰρ
1609 5262 1819 5326 ἑλόντες

1952 5272 1969 5317 ι
1998 5279 2253 5334 aggerum
2274 5265 2331 5318 in
2347 5265 2494 5336 agris
2522 5267 2940 5320 exstructiones.
2965 5266 3092 5319 Haec
3120 5271 3303 5318 autem
3326 5279 3492 5334 opera

247 5336 340 5407 τὴν
365 5340 576 5395 ἑαυτῶν
606 5342 655 5393 οἱ
680 5343 1120 5415 κοσμοκράτορες
1147 5346 1241 5399 τοῦ
1269 5349 1464 5412 αἰῶνος
1498 5350 1687 5404 τούτου
1718 5353 1819 5415 τὰς

1949 5354 2036 5409 ine
2070 5356 2177 5410 ulla
2207 5358 2484 5423 mercede,
2530 5359 2827 5426 multisque
2850 5370 2975 5409 cum
3007 5353 3303 5409 sudoribus
3334 5355 3490 5409 labo-

246 5430 428 5496 ἀθλίας
465 5433 579 5487 τῶν
622 5432 926 5505 ἀνθρώπων
957 5436 1152 5505 ψυχὰς,
1190 5439 1346 5510 πηλῷ
1386 5443 1479 5494 καὶ
1521 5442 1820 5508 πλινθείαις

1949 5456 2103 5502 antes
2153 5448 2534 5519 perﬁciebant.
2581 5448 2868 5516 Principes
2888 5447 3042 5501 enim
3093 5447 3279 5502 saeculi
3324 5447 3490 5519 hujus

244 5523 472 5589 καὶτοῖς
504 5526 591 5589 εἰς
628 5524 737 5595 γῆν
781 5541 841 5577 τε
884 5528 978 5581 καὶ
1016 5530 1144 5600 περὶ
1175 5531 1278 5601 γῆν
1314 5533 1612 5605 δρωμένοις
1654 5537 1822 5604 ἐγκα-

1949 5541 2017 5597 lbi
2039 5541 2143 5596 sub
2172 5541 2441 5598 ditionem
2481 5555 2639 5597 suam
2676 5538 2925 5598 infelices
2954 5539 3168 5597 animos
3204 5540 3486 5597 hominum

295 5704 335 5735 ”
360 5702 501 5760 Gen.
535 5720 593 5771 ι,
629 5702 685 5757 8.
762 5703 808 5736 ³⁸
837 5703 935 5761 lsa.
964 5723 1118 5776 xxvi,
1157 5710 1238 5764 13.
1316 5712 1356 5743 ’9
1381 5712 1551 5769 Exod.
1584 5730 1620 5779 I,
1664 5713 1816 5771 8-10.

1949 5715 2071 5773 ibid.
2124 5717 2213 5774 21.
