4082 6304
597 306 699 364 187

1613 315 1671 374 S.
1713 318 1986 376 CYRILLI
2028 320 2499 383 ALEXANDRINI
2534 326 2853 389 ARCHIEP.

3124 252 3313 275 '7'!-

3744 328 3857 385 188

603 429 886 494 ceperint,
940 426 999 483 in
1029 426 1147 484 luto
1186 443 1250 486 ac
1294 429 1555 489 lateritiis
1599 437 1881 507 operibus,
1929 439 2018 506 iis,
2074 439 2161 495 in-

2274 444 2607 517 ιατρύχουσι,
2660 449 2757 503 καὶ
2799 445 3090 520 πειρασμῷ
3136 445 3355 519 πονηρῷ
3387 464 3447 501 τε
3483 450 3577 503 καὶ
3617 451 3847 522 ἀκερδεῖ

596 529 780 583 quam,
825 531 945 585 quae
976 517 1032 574 in
1063 527 1206 575 terra
1237 530 1293 577 et
1316 522 1461 578 circa
1493 533 1696 583 terram
1729 527 1890 596 ﬁunt,
1915 545 2013 586 eos
2027 546 2163 587 con-

596 613 817 675 terunt,
865 617 922 664 et
962 610 1031 666 ad
1065 611 1368 670 laboriosas
1401 615 1737 688 inutilesque
1774 623 2166 692 occupationes

594 696 865 754 distentos
884 709 1047 771 atque
1081 701 1368 760 devinctos
1391 704 1681 777 (ejusmodi
1714 726 1947 782 namque
1967 713 2164 768 viden-

596 802 689 842 tur
720 790 902 845 carnis
924 806 1110 861 opera,
1142 801 1199 849 et
1228 809 1348 864 quae
1375 798 1521 852 circa
1562 813 1684 852 eam
1715 799 1872 869 ﬁunt)
1907 801 2164 857 acerbam

595 882 969 951 aerumnisque
1013 884 1270 942 omnibus
1322 886 1542 956 plenam
1582 889 1753 944 vitam
1818 890 2016 962 degere
2074 908 2166 948 co-

596 979 753 1039 gunt,
782 987 904 1040 quze
928 972 1134 1027 nullam
1172 989 1401 1043 prorsus
1436 976 1526 1043 iis,
1567 980 1662 1048 qui
1708 977 2172 1053 hujusmodiope-

601 1067 761 1121 ribus
819 1064 1141 1119 incumbere
1194 1066 1368 1121 coacti
1416 1076 1566 1134 sunt,
1606 1069 1801 1127 aﬂ'erat
1846 1073 2165 1128 utilitatem.

596 1158 738 1227 Quid
786 1156 934 1213 enim
980 1156 1165 1210 carnis
1209 1171 1378 1226 opera
1423 1173 1488 1213 ac
1533 1160 1668 1216 vitia
1702 1163 1918 1218 miserae
1964 1174 2168 1221 nostra:

597 1251 794 1306 animae
832 1247 1083 1318 prosint?
1115 1247 1187 1301 Et
1225 1248 1366 1303 lucri
1412 1249 1658 1318 quaedam
1710 1252 1922 1321 species
1950 1253 2019 1307 ad
2050 1254 2171 1311 dia-

598 1341 786 1396 bolum
842 1354 907 1394 ac
943 1339 1217 1394 damonas
1257 1341 1578 1410 pertinebit,
1629 1349 1687 1396 et
1720 1343 2165 1400 adversariorum

523 1498 527 1502 ι
599 1446 768 1500 regno
800 1438 970 1498 partae
1016 1445 1147 1499 opes
1180 1439 1346 1485 erunt
1383 1438 1438 1486 et
1467 1431 1660 1501 gloria,
1706 1434 2166 1503 quemadmodum

596 1521 765 1574 etiam
806 1519 1077 1574 Pharaoni
1110 1519 1301 1590 gloria:
1352 1535 1464 1575 non
1491 1519 1756 1575 mediocri
1799 1521 1923 1589 fuit,
1960 1531 2022 1579 ut
2061 1540 2167 1595 pu-

2268 538 2672 608 προσδήσαντες
2713 538 2934 610 (τοιάδε
2972 539 3081 610 γὰρ
3123 538 3194 592 τὰ
3228 539 3429 611 σαρκὸς
3464 542 3561 596 καὶ
3596 543 3668 597 τά
3710 546 3842 615 περὶ

2266 628 2436 701 αὐτὴν
2458 628 2595 700 ἔργα
2620 630 2870 700 φαίνεται
2898 632 2938 698 ),
2962 629 3167 701 πικράν
3188 629 3557 699 ἀναγκάζουσι
3576 634 3671 687 καὶ
3690 651 3842 705 παμ-

2271 719 2543 792 μόχθηρον
2575 720 2770 793 κομιδῇ
2801 720 3189 791 καταδέχεσθαι
3228 721 3393 793 ζωὴν,
3426 725 3460 794 ἢ
3494 725 3615 776 κατ’
3648 725 3843 780 οὐδένα

2266 812 2466 881 τρόπον
2504 812 2617 875 τοῖς
2653 811 2993 880 ἐπιτηδεύειν
3042 813 3480 883 ἠναγκασμένοις
3521 814 3748 868 εἰσοίσει
3778 815 3845 869 τὸ

2266 899 2529 970 ὠφελοῦν.
2562 902 2627 955 Τί
2655 901 2762 972 γὰρ
2795 900 2861 955 ἂν
2902 901 2972 954 τὰ
3018 902 3220 972 σαρκὸς
3263 902 3401 974 ἔργα
3443 920 3506 957 τε
3547 905 3644 957 καὶ
3693 906 3841 977 πάθη

2265 990 2364 1061 τὴν
2402 991 2593 1047 ἀθλίαν
2640 992 2796 1063 ἡμῶν
2826 992 3010 1061 ὀνήσει
3046 993 3259 1063 ψυχήν;
3312 993 3520 1061 Κέρδος
3560 993 3616 1047 δὲ
3652 994 3841 1068 ὥσπερ

2265 1082 2608 1137 ἀνακείσεται
2656 1081 2786 1153 παρ’
2826 1082 2985 1152 ἡμῶν
3033 1082 3265 1152 διαϐόλῳ
3307 1083 3404 1135 καὶ
3449 1081 3692 1152 δαίμοσι,
3748 1086 3843 1137 καὶ

2264 1171 2366 1240 τῆς
2396 1169 2503 1224 τῶν
2537 1171 2924 1241 ἀντικειμένων
2959 1170 3236 1241 βασιλείας
3277 1170 3506 1235 πλοῦτος
3544 1171 3699 1226 ἐσται
3748 1175 3845 1227 καὶ

2267 1260 2524 1332 καύχημα
2547 1303 2561 1328 ,
2595 1262 2848 1334 καθάπερ
2887 1262 3079 1333 ἀμέλει
3108 1262 3202 1318 καὶ
3231 1261 3309 1332 τῷ
3336 1262 3538 1334 Φαραὼ
3574 1265 3712 1334 πρὸς
3756 1266 3846 1318 εὐ-

2270 1351 2454 1415 κλείας
2498 1351 2556 1405 ὸν
2595 1353 2655 1406 ού
2703 1354 2902 1423 μικρᾶς
2953 1350 3092 1423 ᾤετο
3134 1352 3194 1409 τὸ
3227 1352 3620 1421 ἀναδείμασθαι
3663 1354 3846 1416 πόλεις

2269 1439 2418 1510 αὐτῷ
2432 1439 2636 1506 τοὺς-ἐξ
2670 1436 2887 1512 Ἰσραὴλ
2909 1439 3058 1493 ἀσιτί
3089 1457 3148 1492 τε
3175 1441 3269 1493 καὶ
3293 1440 3486 1512 ἀμισθὶ
3523 1441 3659 1512 πρὸς
3687 1442 3846 1495 τοῦτο

2270 1528 2425 1599 ἥκειν
2446 1531 2913 1600 ἠναγκασμένους.

599 1610 769 1674 tabat,
811 1609 980 1664 urbes
1041 1608 1147 1664 sibi
1200 1624 1322 1664 esse
1347 1624 1379 1664 a
1413 1608 1542 1666 ﬁliis
1583 1610 1748 1667 Israel
1793 1619 2123 1683 exstructas,
2174 1631 2353 1689 neque
2387 1620 2513 1676 cibo
2552 1622 2665 1678 ullo
2703 1621 2957 1693 praebito,
2996 1635 3175 1692 neque
3212 1621 3490 1688 mercede,
3525 1637 3655 1678 eum
3689 1623 3844 1681 labo-

600 1716 716 1756 rem
746 1699 1027 1772 suscipere
1072 1701 1297 1757 coactis.

667 1796 867 1853 PALL.
894 1764 1010 1853 ’δίο
1062 1810 1123 1851 se
1156 1812 1248 1851 res
1281 1796 1470 1853 habet.
1517 1797 1616 1853 Est
1645 1813 1888 1870 namque
1928 1805 2024 1855 tua
2061 1799 2161 1855 ad—

2333 1802 2543 1858 ΠΑΛΔ.
2572 1794 2701 1857 Ὧδε
2730 1801 2866 1875 ἔχει.
2903 1802 3013 1857 Καὶ
3040 1801 3149 1874 γάρ
3171 1818 3251 1856 τοι
3281 1801 3401 1856 λίαν
3431 1804 3579 1858 ἐστὶν
3606 1802 3844 1875 ἐναργὴς
3884 1764 3889 1767 -

602 1886 831 1942 modum
872 1885 1101 1942 evidens
1130 1886 1328 1942 oratio.
2029 1901 2032 1905 '
2117 1949 2123 1955 ι

668 1978 826 2034 CYR.
864 1978 1191 2035 Nostrorum
1216 1978 1384 2049 igitur
1405 1978 1463 2032 in
1496 1979 1658 2034 terris
1694 1980 1939 2035 inanium
1967 1989 2023 2037 et
2047 1996 2175 2052 pro-

607 2066 865 2123 fanorum
879 2068 1207 2131 studiorum,
1242 2068 1473 2123 formam
1507 2069 1912 2139 quodammodo
1940 2079 1998 2126 et
2034 2071 2174 2127 ima-

601 2156 785 2228 ginem
802 2156 962 2212 nobis
995 2157 1371 2213 lsraelitarum
1407 2157 1564 2213 labor
1603 2158 1870 2230 depingit,
1913 2175 2037 2215 cum
2084 2160 2172 2215 in-

599 2255 709 2303 stet
739 2256 906 2318 atque
929 2247 1216 2303 immineat
1252 2246 1502 2313 Satanas,
1542 2248 1769 2320 ejusque
1808 2251 2040 2305 comites
2070 2265 2172 2305 ne-

600 2339 879 2411 quissimae
901 2345 1218 2410 potestates,
1255 2353 1394 2414 quos
1430 2347 1746 2393 exactorum
1799 2354 2030 2409 operum
2074 2354 2176 2394 no-

600 2430 747 2485 mine
775 2430 1060 2501 Scriptura
1097 2428 1283 2484 divina
1316 2429 1603 2500 signiﬁcat.
1644 2430 1772 2487 Haec
1803 2446 1938 2486 vero
1987 2430 2173 2487 studia

595 2536 963 2578 terumnosam
988 2520 1374 2576 distentionem
1394 2530 1559 2590 atque
1588 2521 2000 2591 occupationem
2020 2520 2177 2591 equi-

599 2612 725 2668 dem
755 2613 1012 2677 dixerim,
1033 2611 1253 2669 sudoris
1302 2626 1367 2667 ac
1398 2611 1605 2666 laboris
1634 2613 1874 2681 plenam,
1909 2627 1975 2666 ac
2021 2612 2176 2667 velut

597 2703 717 2757 luto
767 2703 1007 2772 quodam
1064 2703 1402 2772 impuritatis
1473 2717 1815 2772 coenosaeque
1874 2704 2176 2773 voluptatis

599 2793 892 2862 oppletam.
926 2792 1035 2846 Sed
1084 2792 1378 2847 miseratus
1443 2801 1529 2847 est
1588 2801 1704 2847 tum
1768 2809 1990 2863 quoque
2027 2795 2176 2850 Deus

597 2898 714 2949 eos,
753 2884 849 2953 qui
878 2899 978 2953 per
1011 2896 1279 2940 summam
1320 2884 1654 2955 impietatem
1689 2893 1856 2957 atque
1910 2886 2173 2943 immani-

601 2979 768 3027 tatem
807 2972 998 3042 iniquo
1048 2970 1431 3043 IEgypliorum
1481 2972 1765 3028 dominatu
1805 2972 2171 3037 vexabantur,

599 3061 776 3133 iisque
809 3071 1010 3134 praeter
1044 3078 1205 3118 omne
1248 3063 1340 3134 jus
1381 3063 1573 3133 fasque
1604 3063 1947 3119 serviebant.
2016 3063 2177 3118 Illico

2273 1894 2302 1948 ὁ
2330 1893 2507 1963 λόγος.

2342 1985 2506 2040 ΚΥΡ.
2557 1983 2928 2039 ’Δνατύπωσιν
2958 1984 3024 2057 δὴ
3056 1978 3149 2038 οῦν
3182 1982 3275 2038 καὶ⁵
3304 1983 3467 2037 οἱονεί
3510 2001 3628 2049 πως
3662 1985 3846 2039 είκόνα

2275 2076 2421 2146 σαφῆ
2450 2075 2557 2130 τῶν
2590 2076 2815 2130 είκαίων
2842 2093 2903 2130 τε
2931 2077 3025 2129 καὶ
3054 2076 3288 2148 ἀνιέρων
3322 2075 3398 2147 (l)
3432 2076 3525 2128 ἐτι-ἰ
3553 2077 3657 2147 γῆς
3691 2076 3849 2146 ἡμῶν

2273 2167 2702 2239 σπουδασμάτων
2728 2168 2757 2221 ὀ
2784 2167 2892 2221 τῶν
2941 2166 3288 2239 Ἰσραηλιτῶν
3317 2168 3623 2238 ἀναγράφει
3664 2167 3846 2231 πόνος,

2272 2256 2590 2329 ἐγκειμένου
2640 2273 2701 2309 τε
2745 2256 2840 2310 καὶ
2879 2240 3312 2325 ἐπιθρώσκοντος
3339 2254 3506 2310 αὑτοῦ
3535 2273 3594 2309 τε
3631 2255 3726 2309 τοῦ
3750 2257 3851 2309 Σα-

2270 2349 2428 2414 τανᾶ,
2473 2345 2570 2401 καὶ
2612 2345 2721 2399 τῶν
2769 2347 2866 2401 σὺν
2903 2345 3051 2416 αὐτῷ
3099 2344 3381 2416 δυνάμεων
3435 2342 3712 2415 πονηρῶν,
3757 2344 3849 2405 οὒς

2271 2441 2383 2503 τοῖς
2432 2437 2540 2491 τῶν
2590 2436 2970 2508 ἐργοδιωκτῶν
3013 2436 3272 2507 ὀνόμασιν
3331 2436 3365 2506 ἡ
3415 2434 3535 2489 θεία
3592 2435 3849 2505 σημαίνει

2271 2529 2461 2601 Γραφή
2478 2546 2493 2560 ⁸
2523 2528 2614 2582 τὸν
2644 2529 2877 2600 πονηρὸν
2898 2529 2956 2583 δέ
2983 2528 3366 2599 περισπασμὸν
3388 2528 3557 2598 φαίην
3581 2526 3649 2581 ἂν
3674 2527 3850 2594 ἔγωγε

2271 2619 2449 2683 ταυτὶ,
2478 2618 2671 2688 μεστὸν
2701 2617 2798 2689 μὲν
2830 2617 3054 2688 ἱδρῶτος
3083 2618 3178 2671 καὶ
3209 2618 3396 2683 πόνου,
3425 2616 3855 2687 ἀναπεπλησμέ-

2272 2728 2363 2766 νον
2389 2711 2445 2764 δὲ
2470 2711 2658 2783 ὥσπερ
2688 2710 2861 2783 πηλοῦ
2895 2710 2987 2765 καὶ
3021 2709 3364 2782 ἀκαθαρσίας
3383 2750 3398 2775 ,
3432 2710 3526 2763 καὶ
3573 2708 3850 2780 βορϐορώ-

2270 2804 2393 2868 δους
2418 2803 2632 2874 ἡδονῆς.
2679 2804 2814 2857 Ἀλλ’
2848 2803 2996 2872 ἠλέει
3031 2804 3124 2857 καὶ
3154 2803 3277 2856 τότε
3304 2801 3437 2865 Θεὸς
3466 2801 3591 2864 τοὺς
3624 2801 3854 2855 ἀνοσιὼ-

2268 2897 2410 2951 τατά
2437 2913 2497 2949 τε
2530 2896 2623 2950 καὶ
2661 2893 2979 2965 ἀγριώτατα
3016 2896 3137 2957 ταῖς
3177 2892 3284 2947 τῶν
3322 2892 3635 2960 Αἰγυπτίων
3668 2891 3859 2945 πλεον-

2273 2988 2443 3053 εξίαις
2474 2990 2931 3062 κατῃκισμένους,
2955 2988 3051 3041 καὶ
3092 2986 3222 3058 παρ’
3257 2985 3389 3039 αὐτὸ
3425 2984 3486 3039 τὸ
3518 2984 3696 3055 χρεὼν
3731 2984 3854 3037 δου-

2272 3070 2544 3142 λεύοντας.
2584 3077 2882 3147 Ὑπουργὸν
2911 3077 3023 3147 γὰρ
3044 3076 3149 3146 τῆς
3174 3076 3255 3138 είς
3275 3074 3474 3137 αὐτοὺς
3494 3073 3856 3144 ἡμερότητος,

603 3170 838 3225 namque
871 3171 982 3211 suae
1014 3171 1144 3226 erga
1202 3154 1327 3211 illos
1374 3154 1731 3226 benignitatis
1778 3153 2165 3211 administrum

2274 3169 2361 3224 τὸν
2389 3170 2718 3240 πανάριστον
2745 3170 2908 3234 εὐθὺς
2945 3170 3180 3222 ἐποιεῖτο
3210 3167 3437 3223 Μωσέα.
3472 3167 3545 3223 Ἦ
3585 3165 3695 3237 γὰρ
3737 3166 3861 3253 auxi

600 3244 822 3316 Moysen
880 3245 1152 3315 optimum
1210 3244 1395 3300 virum
1452 3244 1637 3315 elegit.
1669 3242 1856 3310 Quid?
1907 3258 2016 3299 non
2067 3242 2175 3296 hoc

602 3336 781 3407 ipsum
815 3335 1186 3406 comperimus
1240 3336 1411 3390 Deum
1450 3350 1579 3405 erga
1617 3350 1720 3389 nos
1755 3333 1975 3389 facere?
2002 3332 2175 3388 Nobis

598 3425 747 3480 enim
777 3424 833 3477 in
857 3432 1083 3492 peccata
1110 3423 1279 3492 lapsis
1310 3421 1753 3477 misericordiam
1789 3421 2061 3492 impertit,
2094 3427 2175 3474 at-

601 3530 710 3584 que
730 3515 787 3567 in
805 3512 1051 3567 omnium
1091 3513 1353 3568 cordibus
1374 3513 1524 3567 illico
1553 3528 1709 3569 suam
1745 3512 1923 3583 legem
1955 3512 2171 3577 inserit,

602 3620 724 3675 quae
755 3604 908 3660 velut
942 3605 1217 3662 mediator
1247 3604 1471 3675 quidam
1509 3603 1578 3660 ad
1606 3604 1839 3659 liberam
1878 3620 1982 3660 nos
2012 3612 2172 3661 revo-

602 3704 691 3753 cet
716 3697 906 3755 vitam.

675 3787 871 3842 PALL.
902 3788 1152 3859 Intelligo
1185 3786 1332 3857 quod
1365 3786 1525 3843 dicis.

670 3877 830 3934 CYR.
896 3878 1065 3934 Visne
1105 3878 1295 3949 igitur,
1350 3876 1457 3946 35
1502 3883 1585 3942 ut,
1644 3874 1880 3932 historia
1927 3873 2173 3929 breviter

602 3969 1020 4038 comprehensa,
1055 3967 1237 4039 quoad
1272 3966 1393 4022 ﬁeri
1437 3966 1664 4038 poterit,
1700 3965 2061 4037 congruentia
2087 3965 2174 4021 di-

603 4060 837 4115 camus?

674 4148 874 4205 PALL.
893 4148 1124 4207 Maxime
1151 4163 1307 4204 vero.

671 4239 831 4296 CYR.
900 4237 992 4294 Sic
1025 4238 1195 4310 igitur
1232 4238 1498 4309 scriptum
1521 4245 1645 4294 est:
1689 4238 1855 4292 «Post
1910 4236 2027 4292 haec
2091 4235 2176 4290 in-

602 4349 826 4405 gressus
848 4342 932 4388 est
958 4333 1171 4404 Moyses
1202 4341 1259 4386 et
1284 4332 1467 4388 Aaron
1487 4333 1555 4389 ad
1590 4333 1969 4399 Pharaonem;
1994 4340 2051 4387 et
2084 4332 2172 4388 di-

2274 3258 2367 3312 καὶ
2391 3260 2471 3321 εἰς
2497 3260 2644 3330 ἡμᾶς
2678 3260 2872 3324 αὐτοὺς
2903 3258 3061 3313 τοῦτο
3098 3257 3313 3329 δρῶντα
3344 3256 3475 3311 Θεὸν
3508 3256 3854 3327 εύρήσομεν;

2274 3349 2665 3420 Διωλισθηκόσι
2692 3350 2802 3423 γὰρ
2835 3353 2965 3422 ἡμῖν
2990 3354 3070 3417 είς
3104 3352 3398 3423 ἁμαρτίας,
3424 3351 3712 3422 χαρίζεται
3757 3352 3859 3423 μέι

2274 3438 2363 3493 τὸν
2392 3438 2559 3507 ἔλεον,
2597 3440 2825 3512 μεσίτην
2850 3440 2907 3494 δὲ
2939 3439 3128 3514 ῶσπερ
3164 3441 3299 3512 πρὸς
3332 3441 3625 3513 ἐλευθέραν
3650 3443 3856 3510 ἀναφέ-

2276 3547 2438 3601 ροντα
2482 3529 2626 3602 ζωὴν
2675 3533 2734 3585 ὲν
2771 3533 2890 3594 ταῖς
2926 3531 3180 3587 ἁπάντων
3228 3532 3478 3602 καρδίαις
3522 3531 3613 3587 τὸν
3657 3534 3863 3588 οἰκεῖον

2273 3621 2435 3683 εὐθὺς
2476 3622 2651 3693 ἐνίησι
2681 3622 2866 3692 νόμον.

2345 3793 2556 3848 ΠΛΛΛ.
2579 3794 2810 3867 Συνίημι
2831 3793 2860 3848 ὃ
2878 3794 3006 3867 φής.

2343 3886 2507 3940 ΚΥΡ.
2538 3885 2725 3941 Βούλει
2749 3887 2814 3957 δὴ
2847 3882 2963 3951 οὖν,
2998 3886 3059 3940 τὸ
3094 3885 3295 3952 πλάτος
3319 3888 3419 3957 τῆς
3455 3885 3699 3958 ἱστορίας
3729 3888 3855 3939 ἐπι-
3950 3882 3963 3897 ⁸

2272 3978 2548 4048 τεμόντες,
2579 3978 2655 4041 ὡς
2681 3977 2760 4031 ένι
2783 3977 2852 4030 τὰ
2877 3977 3063 4031 εἰκότα
3090 3977 3371 4049 λέγωμεν;

2344 4148 2552 4203 ΠΑΛΛ.
2585 4147 2698 4204 Καὶ
2729 4149 2896 4219 μάλα.

2342 4234 2867 4312 ΚΥΡ.Τέγραπται
2897 4243 3075 4297 τοίνυν
3118 4244 3251 4299 ὡδίο
3289 4263 3308 4297 ι
3358 4243 3467 4299 Καὶ
3509 4245 3645 4316 μετά
3684 4244 3854 4299 ταῦτα

2274 4333 2489 4404 εἰσῆλθε
2521 4335 2723 4411 Μωσῆς
2760 4337 2854 4388 καὶ
2894 4336 3105 4407 Ἀαρὼν
3139 4337 3275 4407 πρὸς
3306 4337 3536 4409 Φαραὼ,
3579 4337 3674 4391 καὶ
3704 4332 3855 4390 εἷπον

602 4435 803 4482 xerunt
825 4426 877 4481 ei
904 4443 916 4479 :
948 4426 1075 4481 Hac
1102 4425 1237 4479 dicit
1252 4425 1516 4480 Dominus
1537 4425 1683 4481 Deus
1711 4424 1876 4480 Israel
1903 4442 1916 4479 :
1949 4425 2173 4480 Dimitte

2275 4424 2443 4496 αὐτῷ’
2483 4424 2622 4478 Τάδε
2648 4425 2801 4493 λέγει
2842 4425 3047 4498 Κύριος
3086 4429 3115 4481 ὁ
3149 4427 3279 4491 Θεὸς
3338 4427 3583 4499 Ἰσραήλ·
3631 4428 3864 4495 Ἑξαπύ-

604 4517 867 4586 populum
905 4531 1109 4581 meum,
1139 4523 1201 4571 ut
1234 4516 1371 4570 mihi
1414 4515 1615 4571 festum
1664 4516 1948 4572 celebrent
1979 4517 2036 4572 in
2073 4516 2172 4572 de-

601 4615 771 4662 serto.
803 4606 872 4662 Et
902 4606 1040 4661 dixit
1067 4607 1311 4662 Pharao:
1341 4605 1476 4673 Quis
1497 4614 1603 4671 est,
1628 4614 1691 4661 ut
1723 4607 1943 4662 audiam
1981 4622 2173 4663 vocem

601 4695 742 4763 ejus,
785 4702 847 4748 ut
894 4693 1171 4748 dimittam
1211 4693 1353 4749 ﬁlios
1403 4694 1610 4749 lsrael?
1641 4694 1762 4749 Non
1807 4696 1935 4750 novi
1986 4695 2175 4749 Domi-

604 4800 757 4848 num,
782 4793 840 4839 et
868 4785 1035 4839 Israel
1071 4800 1182 4839 non
1229 4785 1501 4841 dimittam
1527 4786 1569 4838 ¹.
1608 4804 1627 4837 ι
1670 4786 1880 4857 Moyses
1928 4785 2075 4840 enim
2128 4793 2185 4841 et

606 4873 784 4929 Aaron
817 4889 885 4927 ex
906 4873 1281 4944 [Egyptiorum
1305 4877 1525 4947 regione
1567 4892 1631 4932 ac
1660 4886 1805 4931 terra
1838 4877 2038 4931 dimitti
2076 4876 2174 4932 de-

606 4965 736 5021 bere
781 4964 1043 5035 populum
1096 4964 1264 5018 Israel
1323 4967 1741 5034 conﬁrmabant,
1799 4968 1910 5024 Deo
1959 4968 2028 5023 ad
2090 4967 2175 5023 fe-

604 5064 751 5113 stum
806 5055 1075 5129 agendum
1131 5064 1415 5111 evocante.
1497 5058 1719 5113 Festum
1790 5059 1938 5114 enim
1987 5074 2180 5114 revera

604 5155 689 5201 est
736 5154 940 5201 coacta:
993 5144 1278 5200 servitutis
1333 5161 1364 5199 a
1428 5161 1488 5200 se
1537 5146 1729 5217 jugum
1773 5158 2049 5215 excutere,
2122 5159 2179 5205 et

608 5238 665 5291 in
736 5237 834 5293 Dei
892 5253 1014 5293 esse
1092 5244 1359 5307 praeterea
1429 5245 1734 5307 potestate,
1800 5255 2031 5311 quaeque
2099 5242 2178 5296 illi

607 5340 761 5399 grata
845 5339 974 5386 sunt
1061 5330 1330 5401 exsequi,
1390 5330 1612 5385 nemine
1700 5330 1999 5388 obsistente
2031 5374 2047 5398 ,
2120 5334 2176 5390 id

608 5430 709 5485 est,
749 5422 969 5477 nemine
1002 5430 1231 5494 cogente
1294 5422 1362 5477 ad
1397 5421 1452 5477 id
1493 5421 1909 5492 suscipiendum
1948 5431 2005 5478 et
2055 5439 2175 5479 am-

677 5557 699 5587 ²
721 5553 889 5608 Exod.
915 5571 969 5631 vi,
1008 5555 1059 5622 l,
1109 5556 1165 5611 2.

2202 4486 2249 4543 D

2279 4515 2486 4570 στειλον
2531 4517 2623 4570 τὸν
2672 4515 2799 4569 λαόν
2851 4534 2975 4588 μου,
3027 4518 3113 4571 ἵνα
3166 4535 3255 4589 μοι
3295 4518 3626 4589 ἐορτάσωσιν
3678 4520 3737 4571 ἐν
3788 4522 3854 4590 τῇ

2274 4608 2487 4679 ἐρήμῳ.
2523 4607 2636 4660 Καὶ
2664 4603 2784 4661 εἷπε
2810 4607 3029 4678 Φαραώ·
3060 4609 3154 4671 Τίς
3184 4609 3351 4670 ἐστιν,
3380 4600 3440 4661 οὗ
3467 4607 3854 4679 είσακούσομαι

2274 4696 2374 4765 τῆς
2412 4695 2597 4765 φωνῆς
2650 4694 2849 4759 αὐτοῦ,
2898 4694 3039 4750 ὥστε
3097 4695 3476 4762 ἐξαποστεῖλαι
3528 4697 3655 4759 τοὺς
3708 4697 3854 4759 υἱοὺς

2290 4788 2541 4859 ’1σραήλ;
2575 4788 2688 4841 Οὐκ
2714 4784 2831 4841 οἴδα
2864 4789 2955 4841 τὸν
2987 4786 3210 4858 Κύριον,
3241 4788 3334 4841 καὶ
3371 4788 3462 4840 τὸν
3513 4787 3731 4859 Ἰσραὴλ
3756 4789 3859 4841 οὐκ

2278 4873 2641 4940 ἐξαποστελῶ.
2696 4894 2715 4927 ι
2770 4876 2833 4931 Οἱ
2890 4876 2987 4946 μὲν
3036 4876 3144 4949 γὰρ
3200 4877 3345 4947 ἀμφὶ
3399 4877 3602 4930 Μωσέα
3645 4894 3705 4930 τε
3760 4877 3854 4931 καὶ

2293 4967 2521 5039 Ἀαρὼν,
2551 4969 2651 5037 τῆς
2683 4968 2996 5036 Αἰγυπτίων
3028 4967 3211 5040 χώρας
3244 4986 3304 5023 τε
3337 4968 3432 5022 καὶ
3469 4969 3571 5039 γῆς
3611 4970 3853 5023 ἀνεῖσθαι

2276 5058 2385 5112 δεῖν
2412 5056 2807 5111 διεϐεϐαιοῦντο
2847 5058 2938 5110 τὸν
2986 5059 3233 5131 Ἰσραὴλ,
3263 5059 3398 5114 Θεοῦ
3442 5060 3735 5124 καλοῦντος
3775 5063 3853 5123 εἰς

2276 5151 2488 5221 ἐορτήν·
2532 5150 2693 5220 ἐορτὴ
2726 5149 2833 5221 γὰρ
2860 5150 3027 5214 ὅντως
3057 5152 3264 5223 ἀληθὴς
3286 5152 3376 5205 τὸν
3403 5153 3502 5223 τῆς
3529 5152 3852 5223 ἀνεθελήτου

2274 5240 2518 5304 δουλείας
2544 5239 2917 5295 ἀπολύσασθαι
2958 5240 3140 5310 ζυγὸν,
3174 5244 3267 5297 καλ⁵
3298 5244 3404 5297 ὑπὸ
3441 5243 3562 5314 Θεῷ
3597 5243 3853 5313 γενέσθαι

2273 5332 2477 5396 λοιπὸν,
2518 5333 2612 5384 καὶ
2650 5331 2720 5385 τά
2747 5331 2896 5403 αύτῷ
2923 5333 3141 5405 θυμήρη
3174 5334 3434 5406 πληροῦν,
3466 5334 3852 5403 ἀντεξάγοντος

2273 5424 2506 5489 οὐδενὸς,
2545 5424 2711 5494 ἠγουν
2748 5424 2811 5479 τὸ
2848 5425 2997 5496 αὐτῷ
3040 5424 3230 5481 δοκοῦν
3280 5425 3600 5481 ἀνθελέσθαι
3650 5442 3713 5479 τε
3758 5424 3849 5478 καὶ

683 5667 760 5734 (l)
794 5665 883 5723 Sic
909 5670 1030 5725 cod.
1057 5672 1181 5727 Vat.
1205 5670 1340 5729 Cod.
1377 5674 1583 5743 Sirleti,
1617 5677 1875 5748 ἀνιαρῶν,
1910 5675 2264 5732 ιηοίεδεσηέῖι.
