4082 6304
247 277 357 338 I89

1001 289 1093 344 DE
1128 287 1570 350 ADORATIONE
1605 292 1675 349 IN
1708 292 1984 356 SPIRITU
2025 299 2114 355 ET
2156 302 2524 361 VERITATE.
2565 308 2694 363 LIB.
2736 308 2779 364 Ι.

3417 309 3521 365 190

250 396 479 493 ἀγαπᾷν
506 396 932 467 ἀναγκάζοντος.
975 404 1401 475 ’Δθυρογλωττεῖ
1438 407 1493 460 δὲ
1526 408 1647 467 λίαν
1678 412 1709 464 ὁ
1738 412 1828 465 Φα-

1946 421 2322 491 plectendum,
2364 424 2513 493 quod
2544 424 2653 481 sibi
2689 424 2966 482 videatur.
3004 424 3276 482 Cancrum
3302 427 3521 484 Pharao

198 551 205 557 _
247 485 389 556 ραὼ,
422 489 514 541 καὶ
560 489 659 559 τῆς
682 490 780 543 τοῦ
806 491 942 545 Θεοῦ
971 493 1131 565 δόξης
1157 495 1661 568 καταθρασύνεται,
1697 504 1835 572 μήτε

244 579 339 631 τὸν
365 578 569 649 Κύριον
598 582 748 646 ὅστις
777 584 908 636 ποτέ
933 585 1081 638 ἐστιν
1111 586 1308 641 εἰδέναι
1334 588 1528 658 λέγων,
1558 593 1694 662 μήτε
1726 592 1836 664 μὴν

243 670 467 740 ἀνήσειν
486 670 579 723 τὸν
621 673 860 744 Ἰσραήλ.
892 674 1207 746 Καταλήγει
1234 677 1290 731 δὲ
1313 680 1562 752 οὐδαμῶς
1581 686 1610 736 ὁ
1636 683 1833 738 θεσπέ-
1886 690 1891 697 ’

242 774 362 821 σιος
398 760 624 846 Μωσῆς,
670 762 1136 834 ἀποπεραίνεσθαι
1169 767 1226 820 δὲ
1255 769 1363 823 δεῖν
1390 772 1451 823 τὸ
1491 771 1568 843 τῷ
1597 773 1716 846 Θεῷ
1744 775 1834 829 δο-

238 849 377 903 κοῦν
405 845 465 903 εὖ
496 851 640 922 μάλα
665 852 1079 939 διισχυρίζεται.
1110 859 1574 930 Παραποδίζοντος
1606 845 1715 938 γὰρ
1754 871 1835 932 είς

237 939 564 1012 ἐλευθερίαν
598 941 738 997 ἱέναι
767 943 862 997 τοῦ
888 947 1121 1010 Σατανᾶ,
1154 951 1281 1015 τοὺς
1309 953 1468 1024 οἵπερ
1499 953 1567 1009 ἂν
1597 953 1706 1012 εἷεν
1741 959 1833 1012 ὑπ’

238 1032 395 1102 αὐτῴ
439 1035 725 1102 γεγονότες
762 1040 1215 1110 κατανδρίζεσθαι
1253 1044 1390 1116 χρὴ,
1445 1048 1538 1101 καὶ
1577 1050 1834 1119 ἀμείνους

239 1122 498 1190 γίνεσθαι
521 1126 722 1189 παντὸς
753 1128 875 1198 μὲν,
907 1128 1226 1204 οἷμαι,δίχα
1256 1136 1600 1208 κωλύματος,
1633 1141 1834 1210 ἥκιστα

240 1215 427 1286 γεμὴν
472 1216 702 1286 ὁρᾶσθαι
760 1218 989 1285 δειλοὺς,
1050 1224 1163 1276 ἀλλ’
1203 1227 1486 1294 ἐγκεῖσθαι
1536 1230 1832 1298 λέγοντας·

245 1319 271 1354 c
315 1305 382 1357 ὐ
406 1304 540 1368 Θεὸς
562 1305 672 1359 τῶν
708 1306 975 1379 Ἑϐραίων
999 1313 1403 1386 προσκέκληται
1427 1319 1597 1388 ἡμᾶς.
1626 1321 1836 1391 Πορευ-

245 1394 459 1464 σόμεθα
485 1392 574 1450 οὖν
600 1397 716 1451 ὁδὸν
743 1401 909 1471 τριῶν
932 1404 1157 1475 ἡμερῶν
1183 1407 1265 1469 είς
1289 1408 1387 1479 τὴν
1417 1410 1625 1482 ἔρημον
1642 1454 1655 1478 ,
1686 1414 1834 1477 ὅπως

244 1484 505 1556 θύσωμεν
545 1489 623 1559 τῷ
662 1489 782 1560 Θεῷ
815 1493 973 1563 ἡμῶν
996 1535 1008 1556 ,
1056 1496 1131 1567 μή
1180 1514 1309 1551 ποτε
1345 1505 1655 1575 συναντήσῃ
1704 1506 1836 1575 ἡμῖν

242 1577 477 1643 Θάνατος
507 1581 542 1652 ἢ
571 1582 752 1651 φόνος.
793 1604 813 1636 ι
850 1585 1020 1639 Ταυτὶ
1045 1587 1153 1659 γὰρ
1180 1592 1309 1660 ἡμῖν
1337 1593 1431 1644 καὶ
1464 1594 1492 1646 ὁ
1522 1595 1682 1664 σοφὸς
1712 1598 1834 1649 τότε

240 1669 593 1741 διεκεκράγει
614 1674 839 1746 Μωσῆς.
870 1676 944 1729 Οὐ
967 1677 1076 1749 γὰρ
1096 1679 1159 1749 δὴ
1185 1680 1307 1733 καθ’
1333 1684 1648 1757 ὁμοιότητα,
1673 1688 1829 1758 φησὶ,

240 1764 342 1832 τὴν
394 1764 531 1835 πρὸς
583 1767 748 1837 ὑμᾶς,
801 1762 847 1822 ὦ
898 1768 1219 1839 Αἰγύπτιοι,
1281 1774 1479 1845 μόσχος
1528 1779 1662 1848 ἡμῖν
1716 1782 1831 1844 τοῖς

251 1854 528 1926 Ἑϐραίοις
563 1856 625 1910 τὸ
660 1858 844 1924 σέϐας,
886 1861 1001 1913 ἀλλ’
1035 1863 1157 1917 οὐδὲ
1194 1865 1309 1931 σῦς,
1356 1867 1391 1939 ἢ
1421 1867 1599 1941 αἳξ,ἢ
1633 1869 1830 1942 βρέτας

238 1948 457 2019 ἀνδρὸς,
475 1951 568 2003 καὶ
590 1951 808 2023 πτηνῶν
825 1953 1197 2027 ἀποσκίασμα,
1217 1960 1310 2012 καὶ
1329 1961 1575 2032 ἑρπετῶν
1598 1965 1827 2031 εἰκόνες,

238 2040 309 2093 τὰ
339 2042 397 2093 ὲν
428 2044 616 2112 σηκοῖς
648 2043 926 2115 ἱδρυμένα.
966 2046 1350 2119 Ἐπικέκληται
1374 2051 1429 2105 δὲ
1464 2055 1612 2124 ἡμᾶς
1643 2057 1670 2108 ὁ
1697 2055 1830 2118 Θεὸς

239 2133 340 2185 καὶ
365 2134 664 2203 Δεσπότης,
696 2135 755 2199 ὃς
787 2137 907 2191 τόδε
937 2135 1159 2208 σύμπαν
1204 2140 1606 2216 διετεκτήνατο.
1639 2148 1829 2215 Μέγας

237 2219 334 2277 οὖν
366 2226 498 2296 ἀρα,
539 2227 633 2281 καὶ
664 2231 778 2293 τοῖς
806 2231 1124 2298 Αἰγυπτίων
1161 2232 1519 2302 ἀσύντακτος,
1558 2239 1653 2292 καὶ
1689 2240 1829 2311 ὑπὲρ

237 2317 426 2371 πᾶσαν
456 2318 556 2388 τὴν
591 2319 767 2374 κτίσιν
788 2362 803 2387 ,
836 2322 865 2373 ὁ
896 2322 1003 2375 τῶν
1044 2323 1312 2394 Ἐϐραίων
1345 2326 1511 2394 Θεὸς,
1538 2329 1597 2393 ὃς
1624 2332 1704 2394 εἰς
1732 2331 1830 2402 τὴν

241 2406 450 2477 ἔρημον
503 2411 652 2479 ἡμᾶς
707 2412 897 2478 καλεῖ,
953 2414 1050 2484 τὴν
1095 2416 1390 2486 εὐάρεστον
1422 2418 1585 2489 ,αὐτῷ
1637 2419 1828 2475 θυσίαν

243 2500 713 2569 προσκομιοῦντας
738 2504 875 2555 ἐκεῖ.
916 2508 1247 2577 Σκοτισμὸς
1284 2509 1382 2578 μὲν
1420 2506 1512 2563 οὖν
1540 2510 1818 2580 Αἴγυπτος

241 2587 588 2659 ὀνομάζεται,
617 2594 816 2664 χρῆναι
842 2595 898 2650 δὲ
932 2592 1086 2667 οἶμαι
1114 2600 1241 2664 τοὺς
1273 2602 1431 2673 οἷπερ
1460 2603 1626 2674 ἐσμὲν
1660 2624 1826 2661 πνευ-

245 2681 490 2748 ματικῶς
530 2684 888 2754 προσϐάλλειν
926 2691 1039 2752 τοῖς
1077 2691 1133 2743 ἐν
1178 2693 1307 2764 σκιᾷ
1354 2694 1448 2745 καὶ
1476 2695 1689 2759 τύποις.
1734 2700 1828 2750 Δεῖ

240 2771 352 2842 γάρ
397 2775 545 2844 ἡμᾶς
586 2777 995 2844 ἀποφοιτῶντας
1032 2777 1090 2835 εὖ
1124 2784 1266 2852 μάλα
1297 2787 1495 2850 παντὸς
1526 2783 1679 2858 οἶμαι
1721 2807 1823 2842 που

239 2865 565 2936 πράγματος
575 2868 669 2920 τοῦ
693 2875 1048 2926 κατασκοτεῖν
1072 2875 1322 2939 εἰωθότος
1340 2917 1353 2941 ,
1376 2880 1467 2930 καὶ
1484 2877 1674 2951 ῶσπερ
1708 2880 1825 2935 τινὰ

238 2955 421 3027 χώραν
463 2959 834 3030 ἐκϐεϐηκότας
870 2963 969 3035 τὴν
1005 2965 1109 3018 ὑπὸ
1142 2966 1218 3037 τῷ
1251 2968 1498 3040 τυράννῳ
1527 2971 1781 3043 κειμένην
1805 3010 1821 3037 ,

238 3052 382 3120 φημὶ
418 3050 483 3122 δὴ
510 3051 588 3122 τῷ
621 3055 852 3125 Σατανᾷ,
884 3055 946 3108 τὸ
978 3057 1035 3108 ἐν
1064 3058 1361 3129 ἁμαρτίαις
1388 3059 1629 3126 εὔκολον,
1662 3080 1822 3133 μετα-

237 3145 437 3212 χωρεῖν
482 3144 803 3212 ἐπείγεσθαι
845 3148 1111 3213 νεανικῶς
1160 3152 1241 3214 είς
1289 3153 1581 3224 ἀνειμένην
1629 3173 1688 3208 τε
1728 3146 1823 3209 καὶ

236 3233 627 3306 καθαρωτέραν
652 3235 818 3306 ζωὴν,
841 3238 936 3291 καὶ
958 3239 1231 3303 πολιτείας
1253 3242 1478 3311 ἐννόμου
1502 3244 1825 3316 διαστείχειν

235 3323 377 3389 ἁδὺν,
407 3329 508 3397 οὐχ
542 3328 911 3399 ὑποκειμένην
943 3330 1183 3402 δαίμοσι·
1229 3333 1575 3405 δυνησόμεθα
1619 3338 1727 3406 γὰρ
1762 3333 1821 3391 εὗ

234 3416 354 3468 τότε
408 3418 538 3481 τοὺς
586 3419 690 3487 τῆς
730 3419 1076 3493 δικαιοσύνης
1127 3426 1372 3495 καρποὺς
1420 3428 1712 3482 καταθύειν
1746 3430 1825 3501 τῷ

234 3507 377 3578 Θεῷ.
403 3509 731 3565 Στέλλεσθαι
761 3512 818 3565 δὲ
849 3513 959 3568 δεῖν
987 3515 1113 3578 τοὺς
1142 3515 1200 3582 ἐξ
1255 3516 1472 3588 Ἰσραὴλ
1497 3518 1614 3571 ὁδὸν
1658 3519 1825 3591 τριῶν

230 3597 463 3668 ἡμερῶν
507 3598 872 3655 διεϐεϐαιοῦτο
895 3604 1035 3656 κατὰ
1059 3606 1158 3675 τὴν
1187 3605 1421 3677 ἔρημον,
1452 3608 1512 3661 τὸ
1546 3608 1621 3680 μὴ
1654 3611 1823 3679 ἐγγὺς

234 3684 380 3742 εἶναι
416 3690 527 3742 τῶν
567 3693 667 3762 τῆς
709 3695 1046 3767 φαυλότητος
1091 3700 1231 3769 ὂρων
1273 3700 1368 3753 καὶ
1410 3699 1552 3772 ζωῆς
1592 3701 1696 3773 τῆς
1736 3720 1829 3756 τυ-

235 3783 614 3853 ραννουμένης
643 3784 730 3838 διὰ
768 3786 958 3839 τούτου
998 3787 1192 3859 δηλῶν.
1232 3791 1543 3861 Σκήπτεται
1570 3792 1627 3844 δέ
1656 3810 1707 3844 τι
1734 3793 1829 3847 καὶ

233 3875 401 3942 σοφὸν
445 3876 475 3927 ὀ
511 3874 795 3941 θεσπέσιος
821 3880 1046 3950 Μωσῆς,
1092 3881 1185 3933 καὶ
1224 3882 1554 3953 εὐαφόρμως
1597 3883 1661 3955 δὴ
1704 3884 1826 3938 λίαν

232 3965 700 4035 ἀπονοσφίζεσθαι
733 3970 842 4023 δεῖν
892 3970 992 4041 τῆς
1034 3971 1312 4039 Αἰγύπτου
1353 3973 1519 4045 φησὶν
1557 3976 1684 4039 τοὺς
1722 3976 1827 4030 ὑπὸ

234 4053 370 4107 Θεοῦ
407 4056 806 4128 κεκλημένους·
847 4078 864 4112 ι
913 4062 1003 4132 Μή
1048 4080 1164 4126 πως
1196 4063 1303 4135 γὰρ
1348 4067 1655 4138 συναντήσῃ
1695 4069 1826 4139 ἡμῖν

236 4143 489 4212 θάνατος,
523 4168 542 4200 ι
581 4152 763 4220 φησὶν,
796 4171 814 4203 ι
852 4152 886 4222 ἢ
916 4153 1094 4222 φόνος.
1140 4173 1159 4206 ι

1938 511 2110 565 nimia
2146 510 2345 583 lingua
2375 512 2598 568 licentia
2633 515 2831 582 utitur,
2858 524 2916 571 et
2952 516 3219 574 adversus
3250 518 3348 574 Dei
3396 520 3517 590 glo-

1938 605 2075 660 riam
2123 605 2316 660 audaci
2353 607 2665 663 temeritate
2701 607 2902 674 fertur,
2942 625 3007 665 ac
3042 611 3357 677 Dominum,
3390 612 3485 682 qui

1935 714 2062 754 nam
2103 698 2194 753 ille
2226 699 2316 765 sit,
2355 716 2413 756 se
2433 716 2596 756 nosse
2616 710 2802 771 negat,
2846 718 2950 757 nec
2983 705 3407 759 commissurum
3431 720 3515 771 se,

1939 801 1998 846 ut
2027 791 2192 846 Israel
2216 791 2480 848 dimittat.
2515 791 2619 848 Sed
2650 794 2843 848 beatus
2878 795 3086 866 Moyses
3136 797 3364 851 minime
3413 796 3514 852 de-

1935 882 2098 947 sistit,
2132 883 2339 953 Deique
2372 884 2710 939 voluntatem
2734 884 2927 955 perﬁci
2957 894 3213 954 oportere
3245 887 3515 942 audacter

1935 974 2242 1029 conﬁrmat.
2275 975 2411 1031 Nam
2462 975 2665 1040 Satana
2694 992 2812 1039 eos,
2851 978 2946 1045 qui
2994 977 3050 1031 in
3102 992 3203 1032 sua
3240 986 3515 1048 potestate

1935 1064 2066 1130 sint,
2108 1065 2462 1137 impediente,
2494 1083 2564 1122 ne
2603 1067 2672 1121 ad
2708 1068 3019 1123 libertatem
3077 1070 3511 1138 recuperandam

1936 1157 2186 1223 tendant,
2228 1159 2537 1214 curandum
2569 1159 2680 1214 illis
2718 1169 2824 1225 est,
2868 1170 2930 1214 ut
2956 1161 3193 1215 viriliter
3221 1173 3405 1232 agant,
3455 1171 3514 1217 et

1934 1247 2119 1302 omnia
2145 1247 2533 1317 impedimenta
2562 1252 2806 1314 vincant,
2836 1252 3170 1320 minimeque
3217 1252 3393 1306 timidi
3427 1253 3511 1307 vi-

1933 1338 2190 1404 deantur,
2228 1340 2364 1408 quin
2425 1341 2613 1410 potius
2672 1342 2882 1396 instent
2944 1343 3245 1397 dicentes:
3309 1363 3327 1394 ι
3366 1344 3513 1397 Deus

1934 1434 2291 1491 Hebrmorum
2319 1436 2536 1491 vocavit
2563 1451 2684 1490 nos.
2716 1437 2925 1491 Ibimus
2953 1436 3122 1506 igitur
3149 1436 3292 1489 viam
3343 1437 3510 1490 trium

1934 1526 2148 1583 dierum
2175 1530 2232 1584 in
2271 1529 2573 1595 desertum,
2614 1538 2676 1583 ut
2714 1531 3087 1585 sacriﬁcemus
3144 1530 3255 1584 Deo
3296 1539 3507 1593 nostro,

1932 1634 2002 1673 ne
2049 1618 2192 1674 forte
2224 1630 2485 1676 occurrat
2521 1621 2685 1675 nobis
2718 1637 2871 1675 mors
2900 1628 2995 1675 aut
3027 1621 3205 1676 caedes
3234 1619 3299 1673 ³⁸.
3336 1639 3353 1669 ι
3384 1619 3511 1674 Ilaec

1933 1710 2080 1766 enim
2106 1712 2276 1766 verba
2304 1712 2469 1767 nobis
2497 1728 2716 1782 quoque
2752 1721 2879 1767 tunc
2918 1713 3140 1782 sapiens
3160 1712 3245 1766 vir
3297 1711 3512 1782 Moyses

1932 1817 2043 1856 non
2072 1802 2189 1856 sine
2214 1802 2366 1857 vocis
2401 1802 2757 1857 contentione
2805 1802 3045 1856 dicebat.
3083 1802 3274 1870 Neque
3335 1803 3506 1866 enim,

1930 1891 2133 1962 inquit,
2196 1893 2425 1965 perinde
2467 1909 2531 1948 ac
2587 1908 2706 1959 vos,
2746 1908 2780 1948 ο
2816 1892 3079 1963 tEgyptii,
3122 1893 3356 1947 vitulum
3407 1908 3510 1949 nos

1930 1980 2146 2037 Hebrzei
2173 1998 2527 2049 veneramur,
2560 1997 2742 2052 neque
2793 1997 2949 2037 suem
2985 1991 3083 2037 aut
3114 1998 3358 2053 capram,
3415 1992 3510 2037 aut

1930 2073 2173 2129 hominis
2223 2075 2479 2146 efﬁgiem,
2528 2075 2951 2144 volucriumque
3007 2074 3371 2129 animantium
3407 2074 3505 2128 ad—

1931 2166 2237 2221 umbratam
2255 2165 2512 2231 formam,
2546 2173 2642 2221 aut
2684 2165 3020 2234 reptantium
3056 2165 3348 2235 imagines,
3385 2180 3505 2234 quae

1930 2254 1988 2308 in
2023 2255 2225 2309 vestris
2258 2255 2524 2309 collocata
2573 2262 2703 2309 sunt
2737 2255 2976 2323 templis.
3009 2254 3116 2309 Sed
3155 2255 3375 2309 vocavit
3406 2269 3508 2308 nos

1930 2345 2077 2399 Deus
2104 2360 2168 2398 ac
2192 2344 2481 2407 Dominus,
2524 2343 2620 2413 qui
2653 2343 2760 2398 hoc
2788 2343 3109 2397 universum
3143 2352 3230 2397 est
3265 2342 3506 2398 fabrica-

1931 2445 2039 2491 tus.
2065 2437 2293 2507 Magnus
2318 2445 2504 2490 autem
2543 2444 2649 2498 est,
2691 2443 2747 2489 et
2789 2450 2917 2489 cum
2954 2432 3224 2504 Egyptiis
3260 2435 3368 2489 diis
3400 2435 3506 2488 mi-

1928 2531 2078 2586 nime
2130 2530 2523 2593 recensendus,
2565 2543 2732 2597 supra
2770 2534 3080 2581 creaturam
3133 2541 3352 2595 quoque
3387 2541 3507 2580 om-

1926 2638 2074 2688 nem,
2111 2621 2468 2676 chrzeorum
2507 2622 2673 2684 Deus,
2704 2621 2801 2690 qui
2850 2633 2950 2674 nos
2998 2617 3055 2671 in
3094 2618 3375 2672 desertum
3409 2633 3508 2672 vo-

1926 2720 2033 2777 cat,
2071 2720 2133 2767 ut
2168 2711 2245 2766 ibi
2280 2721 2499 2783 gratam»
2524 2712 2626 2782 ipsi
2674 2713 2910 2767 hostiam
2966 2713 3283 2767 offeramus.
3331 2713 3507 2782 Atque

1924 2805 2189 2876 Egyptus
2209 2805 2432 2874 quidem
2479 2805 2837 2860 obtenebratio
2880 2805 3107 2860 dicitur.
3143 2805 3380 2875 Equum
3405 2822 3509 2861 au-

1926 2905 2035 2951 tem
2061 2910 2181 2950 esse
2210 2894 2470 2958 arbitror,
2514 2903 2575 2949 ut
2625 2888 2746 2961 nos,
2775 2897 2871 2966 qui
2925 2897 3244 2967 spirituales
3292 2912 3506 2963 sumus,

1926 2986 2288 3056 spiritualiter
2328 3000 2412 3048 ea,
2448 3000 2571 3054 qua:
2608 2985 2665 3039 in
2734 2986 2929 3040 umbra
2971 2993 3027 3040 et
3069 2984 3260 3057 ﬁguris
3300 2984 3507 3041 tradita

1926 3082 2075 3139 sunt,
2098 3074 2493 3143 intelligamus.
2524 3074 2633 3143 36
2660 3072 2893 3145 Oportet
2923 3075 3074 3129 enim
3122 3091 3224 3129 nos
3265 3075 3334 3129 ab
3356 3075 3505 3129 omni

1927 3180 2005 3228 re,
2041 3179 2163 3233 quae
2198 3163 2454 3218 tenebras
2487 3163 2772 3219 oﬁundere
2801 3164 2995 3230 soleat,
3032 3165 3346 3235 longissime
3377 3167 3507 3221 abs-

1923 3253 2155 3320 cedere;
2215 3260 2273 3308 et
2327 3252 2420 3306 ubi
2481 3267 2551 3306 ex
2600 3252 2692 3307 illa
2731 3252 2994 3308 facilitate
3032 3255 3297 3324 peccandi
3357 3257 3505 3310 velut

1925 3345 2149 3416 regione
2188 3343 2426 3416 quadam
2462 3358 2586 3413 qua:
2614 3344 2670 3398 in
2701 3345 2940 3416 tyranni,
2981 3344 3197 3400 Satanae
3222 3345 3505 3411 videlicet,

1924 3442 2200 3506 potestate
2239 3434 2332 3501 sit,
2354 3434 2780 3500 excesserimus,
2808 3443 2924 3489 tum
2971 3434 3041 3490 ad
3089 3435 3318 3490 liberam
3354 3435 3505 3491 illam

1925 3526 2315 3597 purioremquc
2339 3525 2509 3578 vitam
2548 3530 2775 3579 strenue
2804 3538 3122 3594 properare,
3149 3538 3214 3579 ac
3246 3539 3346 3594 per
3360 3522 3506 3577 viam

1923 3618 2185 3689 legitima:
2238 3617 2681 3671 conversationis
2726 3616 3031 3681 ambulare,
3070 3614 3357 3671 daamoniis
3403 3614 3509 3669 mi-

1922 3710 2072 3764 nime
2109 3708 2410 3779 subjectam
2438 3724 2451 3760 :
2496 3715 2610 3761 tum
2644 3706 2882 3776 denique
2911 3706 3221 3776 poterimus
3268 3707 3379 3761 Deo
3413 3707 3504 3777 ju-

1924 3800 2089 3854 stitia:
2130 3798 2345 3853 fructus
2414 3797 2637 3852 oﬁerre.
2703 3796 2814 3851 Iter
2851 3811 3020 3866 porro
3072 3796 3238 3851 trium
3292 3796 3505 3849 dierum

1922 3888 2187 3945 Israelitis
2221 3889 2538 3944 faciendum
2570 3904 2693 3945 esse
2750 3889 2967 3960 Moyses
3006 3887 3345 3944 afﬁrmabat:
3378 3886 3507 3958 qui-

1928 3982 2034 4037 bus
2067 3983 2252 4038 verbis
2280 3982 2646 4054 signiﬁcabat,
2684 3981 3003 4053 longissime
3033 3998 3065 4036 a
3095 3981 3358 4053 nequitia:
3398 3989 3509 4036 ter-

1930 4073 2114 4138 minis,
2147 4083 2203 4127 et
2229 4073 2298 4127 ab
2321 4089 2386 4127 ea
2420 4073 2554 4138 vita,
2589 4087 2711 4141 qua:
2736 4072 2925 4141 iniquo
2962 4071 3242 4126 dominatu
3289 4085 3507 4141 prema-

1932 4172 2043 4231 tur,
2074 4166 2269 4221 abesse
2298 4173 2580 4235 oportere.
2608 4163 2856 4234 Sapienti
2893 4169 3077 4219 autem
3105 4162 3340 4232 quodam
3366 4174 3508 4230 pra:-

240 4248 389 4295 textu
418 4242 617 4297 beatus
645 4243 857 4315 Moyses
915 4246 1127 4313 utitur,
1167 4254 1224 4302 et
1260 4248 1573 4305 rationabili
1623 4251 1919 4310 admodum
1948 4273 2114 4313 causa
2148 4259 2237 4324 iis,
2277 4258 2374 4328 qui
2436 4273 2468 4312 a
2538 4258 2652 4313 Deo
2724 4256 2903 4311 vocati
2954 4261 3161 4320 essent,
3236 4250 3505 4306 seceden-

242 4336 366 4390 dum
404 4351 529 4391 esse
563 4336 701 4391 dixit
737 4354 804 4393 ex
844 4337 1106 4411 Egypto:
1148 4342 1262 4397 «Ne
1291 4343 1456 4410 forte,
1491 4364 1509 4396 ι
1546 4346 1748 4417 inquit,
1786 4366 1803 4399 ι
1839 4359 2098 4405 occurrat
2117 4353 2279 4407 nobis
2312 4368 2461 4407 mors
2490 4359 2586 4405 aut
2615 4349 2813 4404 caedes.
2844 4366 2862 4400 ›

308 4430 519 4483 ΠΛΔΛ.
551 4430 662 4483 Καὶ
698 4432 753 4485 τί
797 4431 863 4503 δὴ
892 4432 1049 4486 τοῦτό
1097 4436 1277 4502 ὲστιν;
1320 4437 1538 4508 ἕτοιμον
1566 4440 1675 4510 γὰρ
1698 4442 1824 4512 οὐχὶ

2008 4444 2207 4499 PALL.
2258 4444 2403 4510 Quid
2449 4458 2581 4497 vero
2636 4441 2741 4495 hoc
2799 4439 2921 4494 est?
2951 4451 3132 4505 neque
3182 4449 3330 4489 enim
3364 4434 3506 4489 scire

240 4521 359 4583 τοῖςι
376 4522 596 4577 θέλουσι
621 4526 782 4579 νοεῖν.

306 4614 474 4667 ΚΥΡ.
517 4614 659 4682 Ἐγὼ
679 4616 895 4686 φράσω
915 4618 1235 4687 Αἰγυπτίοις
1257 4614 1324 4690 ἦν
1353 4619 1497 4688 ἔθος,
1522 4625 1821 4695 τετήρηται

240 4704 298 4760 δὲ
325 4706 421 4761 καὶ
455 4709 535 4770 εἰς
577 4707 737 4780 δεῦρο
771 4709 921 4780 παρά
946 4714 1060 4775 τοῖς
1094 4712 1201 4767 τῶν
1240 4713 1474 4768 εἰδώλων
1514 4733 1822 4789 προσκυνη-

240 4799 379 4862 ταῖς,
406 4798 470 4851 τὸ
495 4799 629 4863 δεῖν,
662 4801 1046 4871 εἰσφοιτῶντας
1083 4806 1141 4857 ὲν
1182 4805 1365 4876 ἱεροῖς,
1398 4807 1576 4879 νεκρῷ
1601 4826 1821 4880 περιτυ-

239 4892 351 4959 χεῖν
390 4892 775 4962 παραιτεῖσθαι
813 4891 1044 4962 σώματι.
1077 4895 1369 4966 Μολυσμδν
1414 4898 1521 4969 γὰρ
1561 4893 1701 4954 εῖναι
1730 4900 1823 4955 τὸν

238 4981 499 5036 ἀνωτάτω
528 4984 662 5050 φασὶ
689 4982 749 5037 τὸ
773 4984 872 5054 οὐχ
904 4986 1052 5049 ὅπως
1091 4986 1156 5057 δὴ
1195 4989 1355 5058 μόνον
1375 5029 1390 5053 ,
1419 4988 1473 5042 ετ
1506 5008 1590 5054 τις
1628 4992 1822 5054 ἕλοιτο,

238 5069 446 5143 θήγειν,
466 5073 604 5127 ἀλλά
618 5075 728 5147 γὰρ
751 5075 852 5128 κᾶν
868 5078 916 5128 εἰ
933 5079 990 5130 ὲν
1009 5076 1192 5147 ψιλαῖς
1215 5080 1513 5155 ταυτ[αισ]ὶ
1541 5086 1826 5153 παραπίπ-

242 5181 321 5217 τοι
348 5164 517 5230 θέαις.
546 5167 758 5220 Οὐκοῦν
784 5169 848 5219 ὲκ
869 5169 976 5221 τῶν
1007 5169 1159 5241 παρά
1176 5172 1359 5239 σφίσιν
1379 5173 1520 5227 ἐθῶν
1532 5175 1824 5230 ἀναπείθει

243 5260 474 5327 φρονεῖν,
504 5257 580 5321 ὡς
611 5257 713 5310 οὐκ
737 5256 805 5311 ἂν
829 5258 1036 5325 γένοιτο
1063 5261 1318 5332 καθαρῶς
1345 5264 1406 5317 τὸ
1444 5264 1592 5319 θύειν
1617 5268 1824 5335 αὐτοῖς,

240 5348 286 5399 εἱ
313 5347 371 5415 ἐξ
401 5349 718 5421 ἀπροόπτου
748 5348 911 5402 ποθὲν
950 5350 1106 5402 τοῦτο
1135 5351 1266 5423 δρᾷν
1303 5356 1601 5427 ἡργμένοις
1638 5376 1819 5430 παρα-

237 5434 384 5507 τύχοι
427 5436 627 5507 νεκρὸς
669 5437 704 5506 ἢ
734 5437 914 5505 φόνος,
940 5438 1084 5492 τοῦτ’
1117 5441 1283 5507 ἔστιν,
1335 5444 1368 5513 ἢ
1415 5446 1564 5517 νόμῳ
1603 5449 1819 5516 φύσεως

239 5526 712 5597 τετελευτηκὼς,ἢ
740 5527 845 5580 ὑπὸ
866 5529 957 5581 τοῦ
978 5530 1084 5584 τῶν
1106 5534 1436 5601 φονευόντων
1453 5538 1817 5610 ἐκϐεϐιασμέ-

260 5617 293 5647 ο

303 5711 349 5744 ³⁵
380 5709 563 5766 Exod.
591 5723 647 5771 v,
683 5705 740 5760 3.

1926 4534 2283 4605 cupientibus
2305 4534 2622 4603 expeditum
2660 4540 2744 4585 est
2774 4529 2829 4583 id
2860 4528 3185 4596 intelligere.

1995 4625 2153 4680 (ΠΒ.
2200 4626 2313 4697 Ego
2337 4639 2468 4679 vero
2508 4636 2795 4692 exponam.
2847 4619 2963 4673 Mos
3021 4616 3167 4686 apud
3224 4615 3507 4686 {Egyptios

1926 4716 2251 4782 inoleverat,
2292 4714 2387 4784 qui
2419 4713 2601 4767 adhuc
2624 4710 2770 4780 apud
2811 4709 3084 4763 idolorum
3119 4708 3358 4761 cultores
3385 4722 3505 4761 ser-

1926 4818 2110 4873 vatur,
2131 4819 2192 4863 ut
2219 4808 2422 4877 templa
2444 4805 2712 4860 adeuntes
2733 4801 2907 4856 vitent
2926 4816 2996 4855 ne
3025 4800 3279 4855 cadaveri
3303 4815 3503 4854 occur-

1926 4908 2071 4953 rant.
2121 4898 2401 4953 Summam
2438 4895 2587 4950 enim
2636 4892 3012 4963 impurilatem
3042 4907 3163 4948 esse
3194 4893 3351 4946 aiunt
3393 4909 3505 4949 non

1928 4991 2093 5045 modo
2134 5000 2329 5061 sponte
2367 4987 2504 5042 illud
2548 4985 2840 5055 attingere,
2874 4983 2971 5038 sed
3006 4984 3091 5038 vel
3134 4983 3191 5037 in
3212 4984 3335 5053 ejus
3359 4984 3504 5038 dun-

1928 5092 2075 5137 taxat
2115 5090 2400 5152 aspectum
2451 5082 2754 5135 incurrere.
2783 5077 2955 5147 Igitur
2987 5091 3054 5130 ex
3086 5077 3325 5144 receptis
3360 5075 3503 5143 apud

1925 5191 2021 5230 eos
2048 5175 2297 5229 moribus
2320 5174 2535 5237 suadet,
2565 5188 2623 5226 se
2661 5186 2800 5240 pure
2829 5167 3138 5223 sacriﬁcare
3178 5183 3289 5220 non
3318 5182 3501 5235 posse,

1924 5268 1969 5322 si
1997 5267 2219 5321 aliunde
2255 5281 2324 5321 ex
2356 5265 2678 5335 improviso,
2722 5263 2817 5316 ubi
2858 5263 2963 5315 hoc
2990 5274 3153 5329 agere
3185 5259 3500 5327 coepissent,

1923 5358 2158 5413 cadaver
2186 5367 2280 5413 aut
2317 5357 2495 5412 caedes
2528 5362 2867 5415 occursaret,
2901 5351 2957 5405 id
3004 5358 3107 5412 est,
3150 5350 3240 5404 vel
3290 5358 3501 5407 natura:

1921 5451 2041 5521 lege
2083 5460 2354 5516 mortuus,
2416 5451 2501 5503 vel
2534 5449 2602 5502 ab
2638 5443 2930 5499 homicidis
2980 5459 3078 5511 per
3110 5443 3222 5497 vim
3262 5444 3502 5497 occisus.

1926 5543 2096 5598 Vobis
2133 5543 2302 5608 enim,
2367 5538 2569 5608 inquit,
2613 5550 2783 5590 sacrae
2821 5541 2952 5591 sunt
2977 5532 3123 5588 mdes
3167 5549 3232 5588 ac
3276 5533 3506 5589 delubra
