4082 6304
595 277 697 336 191

1629 286 1685 344 S.
1727 288 2003 347 CYRILLI
2041 292 2514 353 ALEXANDRINI
2549 296 2870 355 ARCHIEP.

3769 299 3889 357 I92

592 419 853 475 claustris
877 434 943 475 ac
971 420 1145 490 portis
1166 423 1401 491 munita,
1436 426 1582 483 intra
1609 444 1732 500 quae
1763 446 1891 488 cum
1929 434 2166 507 ingressi

2286 432 2379 479 ρος.
2423 415 2586 487 Ὑμῖν
2624 417 2735 488 γὰρ
2767 415 3035 507 ἔφασκεν,
3082 416 3203 487 ἰερά
3238 417 3307 470 τέ’
3332 412 3451 471 ἐστι
3492 416 3588 471 καὶ
3619 419 3828 489 τεμένη
3856 460 3876 484 ,

593 512 833 577 fueritis,
862 520 1011 568 caste
1053 515 1389 583 sacrificare,
1417 527 1479 574 ut
1513 519 1619 590 ipsi
1657 523 2005 592 existimatis,
2034 527 2172 583 lice-

593 600 700 655 bit:
728 617 833 658 nos
883 617 1016 658 vero
1068 605 1124 659 in
1158 607 1343 662 media
1380 609 1521 665 urbe
1570 612 1969 682 sacriﬁcantes,
2029 618 2175 672 etin

594 689 782 745 triviis
813 701 870 746 et
908 692 966 747 in
1010 695 1180 765 agris,
1241 712 1469 754 necesse
1514 711 1602 755 est
1649 702 1978 759 cadaverum
2014 722 2174 778 aspe-

595 791 689 838 ctu
725 784 899 853 pollui
938 803 952 839 :
1003 787 1144 841 nihil
1202 789 1353 844 enim
1411 801 1497 846 est
1537 793 1783 861 omnino,
1834 797 1980 866 quod
2014 814 2176 869 aspe-

594 881 746 928 ctum
782 890 1038 933 coercere
1078 879 1271 947 possit.
1310 880 1389 936 Ac
1428 882 1696 953 simplicis
1742 886 1966 956 quidem
2004 889 2178 945 histo—

596 966 695 1020 ria:
734 967 875 1021 ratio
909 982 979 1022 ex
1021 966 1404 1041 Egyptiorum
1447 976 1698 1031 moribus
1730 979 2177 1048 probabilitatem

597 1055 785 1111 habet.
816 1057 1009 1128 Neque
1048 1068 1233 1116 tamen
1260 1064 1444 1120 minus
1496 1076 1647 1122 recte
1690 1068 1840 1124 dicta
1879 1071 2177 1140 sapientis-

597 1148 721 1202 simi
761 1148 866 1203 viri
905 1152 1075 1206 verba
1117 1157 1553 1224 comperiemus,
1594 1158 1640 1212 si
1678 1159 2043 1229 spiritualiter
2094 1161 2178 1215 in-

598 1239 947 1311 telligantur.
974 1242 1205 1313 Oportet
1236 1247 1385 1301 enim
1426 1263 1527 1303 nos
1569 1256 1825 1319 tanquam
1870 1250 1929 1305 in
1958 1251 2180 1307 deserto

598 1330 934 1395 sacriﬁcare,
972 1343 1333 1406 sanctumque
1376 1337 1577 1393 festum
1616 1341 1729 1395 Deo
1768 1342 2071 1410 celebrare,
2111 1343 2180 1399 ab

592 1417 975 1490 Egyptiorum
1010 1425 1175 1480 terris
1214 1428 1547 1484 excedentes
1578 1448 1592 1483 :
1632 1431 1892 1488 vitandus
1916 1443 2183 1504 prmterea

593 1511 790 1564 mortis
814 1521 1110 1581 aspectus;
1141 1532 1319 1572 vacuo
1342 1519 1493 1573 enim
1517 1521 1723 1588 animo,
1753 1531 1809 1578 et
1858 1526 2020 1596 longe
2041 1542 2072 1580 a
2098 1532 2180 1581 te-

593 1600 785 1656 nebris
825 1614 1057 1671 remoto,
1101 1623 1239 1677 quas
1295 1610 1535 1666 mundus
1568 1613 1824 1681 offundit,
1861 1616 1967 1686 37
2007 1618 2184 1674 oculis

596 1708 823 1763 quoque
853 1697 1066 1752 aversis
1089 1698 1158 1753 ab
1192 1699 1261 1755 iis
1279 1702 1467 1763 rebus,
1495 1721 1616 1774 quae
1645 1706 1713 1760 ad
1743 1707 2027 1762 interitum
2054 1723 2179 1764 cor-

594 1783 1017 1856 ruptionemque
1049 1789 1379 1857 perducunt,
1409 1792 1484 1847 ita
1519 1794 1738 1850 demum
1762 1804 1908 1852 caste
1930 1798 2175 1853 omnium

594 1875 833 1945 principi
861 1876 973 1930 Deo
994 1877 1446 1935 sacriﬁcabimus.
1473 1881 1652 1952 Opera
1673 1901 1909 1957 namque
1937 1896 2174 1953 mortua,

595 1967 778 2023 carnis
815 1983 982 2038 opera
1034 1979 1194 2027 sunt:
1232 1972 1616 2030 obtenebratio
1647 1986 1829 2032 autem
1879 1980 2174 2047 mundana,

597 2056 693 2111 illa
719 2073 789 2112 ex
817 2059 1112 2116 laboriosis
1158 2062 1564 2135 inutilibusque
1593 2068 1747 2122 curis
1775 2075 1938 2139 atque
1968 2070 2178 2125 disten-

595 2148 842 2204 tionibus
869 2152 1214 2220 perturbatio
1257 2164 1421 2225 atque
1466 2156 1738 2223 confusio,
1798 2175 1920 2229 quae
1977 2177 2179 2231 purum

599 2238 758 2309 illum
790 2248 955 2312 atque
1007 2245 1347 2314 pellucidum
1388 2247 1589 2303 mentis
1635 2250 1895 2305 aetherem
1937 2252 2175 2322 polluit;

596 2348 628 2387 a
658 2333 860 2403 quibus
889 2350 1010 2390 esse
1042 2338 1415 2392 recedendum
1450 2338 1540 2403 iis,
1590 2340 1686 2413 qui
1742 2341 1959 2398 sincere
2005 2344 2181 2399 Deum

595 2427 778 2482 colere
807 2428 999 2493 velint,
1021 2428 1190 2484 etiam
1222 2430 1471 2486 historia:
1496 2431 1668 2487 verba
1702 2433 1961 2488 suadent.

667 2517 864 2572 PALL.
898 2518 956 2573 Id
996 2519 1221 2589 quidem
1254 2521 1480 2576 minime
1507 2531 1595 2578 est
1628 2523 1927 2577 obscurum
1965 2542 1979 2578 :
2024 2524 2180 2580 ideo-

597 2624 707 2678 que
734 2609 898 2663 velim
930 2610 1042 2676 illa,
1078 2626 1201 2680 quae
1246 2612 1508 2684 deinceps
1550 2624 1879 2685 sequuntur,
1909 2631 2181 2687 exsequa-

600 2696 698 2750 ris.

669 2787 829 2843 CYR.
861 2789 1135 2847 lsraelitas
1162 2792 1328 2864 igitur
1362 2795 1829 2864 ardentissimum,
1868 2811 1928 2855 ut
1965 2800 2180 2871 opinor,

600 2889 658 2935 et
698 2881 1030 2936 acerrimum
1073 2886 1310 2956 antiquae
1349 2887 1621 2944 libertatis
1656 2889 1930 2946 invaserat
1961 2892 2183 2950 deside-

603 2971 747 3026 rium
799 2989 813 3027 :
862 2988 1098 3044 cumque
1159 2978 1517 3034 vehementer
1565 2980 1633 3035 ad
1683 2997 1803 3037 eam
1852 2983 2179 3053 aspirarent,

2277 505 2503 578 κλεῖθρά
2529 524 2589 560 τε
2614 508 2711 561 καὶ
2745 507 2933 572 πύλαι,
2960 500 3036 562 ὧν
3064 509 3195 562 είσω
3239 508 3402 580 τυχὸν
3431 509 3876 582 είσδεδραμηκό-

2277 614 2362 651 σιν
2408 597 2625 662 ἐξέσται
2673 597 2821 653 θύειν
2870 599 3080 668 ἁγνῶς,
3133 599 3322 670 ῶσπερ
3375 600 3443 655 ἂν
3491 600 3671 654 οίεσθε
3720 603 3879 657 κατὰ

2277 691 2418 758 σφᾶς
2450 689 2646 753 αὐτούς
2667 707 2681 721 ο
2726 692 2873 763 ἡμᾶς
2910 691 2967 744 δὲ
3006 690 3221 763 ἀνάγκη
3259 691 3401 746 κατά
3434 680 3608 764 μέσην
3634 692 3877 752 θύοντας

2276 779 2449 844 πόλιν,
2484 781 2542 834 ἐν
2565 781 2797 851 τριόδοις
2820 799 2879 835 τε
2903 784 2998 837 καὶ
3023 784 3081 837 ἐν
3110 784 3323 852 ἀγροῖς,
3344 785 3466 839 ταῖς
3493 783 3601 836 τῶν
3627 780 3873 837 τεθνεώ-

2277 887 2385 924 των
2427 873 2892 943 καταμολύνεσθαι
2924 873 3092 939 θέαις.
3125 875 3199 929 Τὸ
3240 874 3350 947 γὰρ
3379 875 3645 945 ἀπεῖργον
3683 875 3865 946 ὅροις,

2278 964 2556 1028 παντελῶς
2581 965 2753 1020 οὐδέν.
2789 967 2900 1020 Καὶ
2937 968 2965 1021 6
2998 967 3098 1038 μὲν
3126 967 3230 1037 τῆς
3270 966 3511 1039 ἱστορίας
3543 966 3700 1035 λόγος
3743 965 3871 1037 ἔχοι

2280 1052 2347 1106 ἂν
2380 1055 2512 1124 ἡμῖν
2547 1055 2623 1118 ὡς
2656 1057 2716 1109 ἐν
2743 1055 2891 1110 έθεσι
2915 1057 3024 1111 τῶν
3052 1058 3364 1127 Αἰγυπτίων
3399 1058 3478 1127 (1)
3516 1057 3577 1110 τὸ
3610 1056 3870 1124 πιθανὸν,

2279 1145 2364 1215 εἰη
2395 1145 2440 1198 δ’
2464 1144 2530 1199 ἂν
2559 1146 2735 1218 ὀρθῶς
2757 1148 3044 1220 εἰρημένον
3078 1150 3139 1203 τὸ
3168 1149 3273 1203 ὑπὸ
3300 1149 3394 1203 τοῦ
3420 1147 3697 1217 πανσόφου
3725 1149 3871 1204 Μω-

2284 1234 2439 1299 σέως,
2486 1235 2589 1290 κᾶν
2638 1238 2688 1290 εἰ
2730 1239 2905 1291 νοοῖτο
2954 1238 3359 1311 πνευματικῶς.
3404 1238 3526 1310 Χρὴ
3570 1236 3680 1307 γὰρ
3712 1239 3875 1308 ἡμᾶς

2279 1312 2356 1391 ὡς
2387 1329 2446 1382 ἐν
2484 1329 2676 1401 ἐρήμῳ
2710 1329 2878 1395 θύειν,
2920 1330 3015 1385 καὶ
3050 1331 3242 1402 ἑορτὴν
3274 1330 3437 1399 ἁγίαν
3464 1329 3873 1404 ἀποπεραίνειν

2282 1416 2422 1488 Θεῷ,
2460 1418 2560 1489 τῆς
2608 1418 2923 1488 Αἰγυπτίων
2967 1420 3332 1491 ἀπαίροντας,
3371 1420 3781 1503 παραιτεῖσθαιι
3808 1420 3875 1474 δὲ

2284 1510 2379 1563 καὶ
2407 1509 2638 1564 θανάτου
2663 1511 2812 1565 θέαν.
2840 1512 3082 1583 Σχολαίῳ
3109 1512 3221 1584 γὰρ
3252 1511 3328 1583 νῷ
3354 1513 3449 1567 καὶ
3473 1512 3731 1583 βεϐηκότι
3760 1530 3875 1584 μα-

2284 1601 2426 1672 κρὰν
2468 1601 2561 1655 τοῦ
2606 1602 3093 1668 κατασκοτίζεσθαι
3136 1603 3454 1674 κοσμικῶς,
3503 1603 3739 1658 καὶτῶν
3787 1608 3874 1669 εἰς

2285 1691 2587 1761 νεκρότητα
2609 1693 2704 1746 κει.)⁸
2723 1692 2930 1763 φθορὰν
2962 1693 3440 1764 κατακομιζόντων
3464 1693 3558 1747 τὸν
3583 1694 3875 1766 ὀφθαλμὸν

2279 1780 2714 1847 ἀπαλλάττοντες
2734 1825 2749 1849 ,
2781 1783 3018 1855 θύσομεν
3063 1783 3319 1855 καθαρῶς
3346 1782 3425 1855 τῷ
3469 1784 3689 1839 πάντων
3729 1803 3878 1858 κρα-

2276 1872 2458 1926 τοῦντι
2488 1873 2627 1945 Θεῷ.
2655 1875 2832 1947 Ἔργα
2863 1874 2921 1929 δὲ
2948 1875 3140 1948 νεκρὰ,
3168 1875 3238 1929 τὰ
3265 1875 3467 1947 σαρκὸς
3493 1875 3559 1930 ἂν
3587 1877 3695 1949 εἰη.
3728 1877 3876 1931 Σκο-

2276 1965 2469 2037 τισμὸς
2523 1966 2580 2020 δὲ
2624 1967 2927 2038 κοσμικὸς,
2972 1969 3005 2038 ἡ
3048 1969 3114 2022 ἐκ
3167 1967 3422 2039 πονηρῶν
3491 1970 3587 2023 καὶ
3640 1969 3873 2023 εἰκαίων

2281 2056 2682 2128 περισπασμῶν
2703 2056 3023 2120 ἐπιθόλωσις
3038 2097 3053 2122 ,
3076 2056 3169 2110 τὸν
3194 2056 3433 2131 καθαρόν
3460 2075 3522 2111 τε
3548 2058 3643 2112 καὶ
3662 2058 3872 2130 διαυγῆ

2278 2147 2381 2216 τῆς
2411 2147 2653 2211 διανοίας
2676 2147 2873 2220 αίθέρα
2916 2148 3390 2220 καταμολύνουσα.
3426 2142 3527 2206 Ὠν
3564 2149 3651 2204 ὅτι
3692 2166 3875 2223 προσ-

2278 2239 2413 2310 ῆκεν
2477 2240 2933 2311 ἀπονοσφίζεσθαι
3006 2245 3132 2309 τοὺς
3203 2245 3513 2318 εἰλικρινῶς
3580 2246 3872 2320 λατρεύειν

2282 2327 2583 2398 ἐθέλοντας,
2613 2333 2706 2386 καί
2740 2334 2769 2387 6
2800 2334 2898 2407 τῆς
2925 2335 3166 2410 ἱστορίας
3192 2339 3343 2409 ἡμᾶς
3374 2338 3658 2393 ἀναπείθει
3686 2340 3867 2410 λόγος.

2280 2530 2285 2537 '
2326 2518 2562 2588 .DAAA.
2593 2522 2702 2576 Καὶ
2731 2523 2837 2594 μὴν
2854 2523 3013 2579 τοῦτό
3034 2524 3096 2595 γέ
3116 2528 3267 2583 ἐστιν
3295 2527 3397 2583 οὐκ
3423 2530 3766 2601 ἀσυμφανέςο
3799 2528 3871 2584 τὰ

2280 2607 2326 2662 δ’
2345 2604 2440 2666 οὖν
2468 2610 2668 2684 ἐφεξῆς
2694 2612 3007 2687 διαπέραινέ
3041 2633 3152 2687 μοι.

2351 2789 2517 2845 ΚΥΡ.
2549 2789 2690 2855 Τοὺς
2713 2790 2813 2861 μὲν
2837 2785 2929 2846 οὖν
2955 2790 3016 2858 ἐξ
3052 2792 3268 2866 Ἰσραὴλ
3298 2794 3577 2860 δύσοιστος
3604 2793 3761 2867 οἶμαί
3784 2812 3871 2860 τις

2282 2883 2380 2936 καὶ
2422 2881 2620 2955 δριμὺς
2666 2883 2766 2954 τῆς
2816 2884 3050 2956 ἀρχαίας
3102 2885 3413 2960 ἐλευθερίας
3448 2888 3649 2943 εἰσέθει
3683 2887 3869 2953 πόθοςο

2284 2975 2705 3040 ἀπονενευκότες
2729 2976 2787 3030 δὲ
2806 2976 2907 3048 ἤδη
2937 2977 3073 3046 πρὸς
3088 2977 3265 3046 τοῦτο,
3299 2979 3489 3042 δεινῶς
3512 2998 3648 3056 κοίτη
3659 2979 3876 3051 ρέθιζον

598 3063 722 3134 ejus
745 3063 874 3128 iras,
901 3066 997 3135 qui
1016 3066 1124 3122 illis
1142 3067 1332 3139 jugum
1355 3071 1638 3127 servitutis
1660 3072 2013 3143 imposuerat,
2038 3092 2184 3131 com-

2286 3069 2366 3132 εἰς
2391 3067 2561 3139 ὀργὰς
2584 3067 2675 3121 τὸν
2711 3069 2824 3133 τοῖς
2845 3068 2945 3139 τῆς
2972 3068 3213 3134 δουλείας
3241 3069 3638 3140 ἐγκαταδέοντα
3665 3071 3872 3141 ζυγοῖς.

601 3164 924 3222 moverunt;
956 3157 1051 3227 qui
1090 3174 1215 3213 cum
1244 3160 1456 3216 diceret
1479 3163 1794 3234 hujusmodi
1824 3181 2007 3221 rerum
2036 3167 2185 3223 desi-

604 3244 822 3301 derium
850 3263 918 3303 ex
952 3249 1069 3303 otio
1098 3249 1454 3319 descendere,
1482 3257 1669 3326 augeri
1698 3254 1808 3311 illis
1834 3271 2061 3328 operum
2091 3273 2186 3313 su-

602 3337 793 3392 dorem
841 3338 1197 3409 laboremque
1231 3342 1413 3411 jussit.
1445 3345 1633 3414 Itaque
1663 3354 1721 3401 ut
1752 3347 1868 3403 sine
1904 3348 2015 3403 ulla
2047 3349 2187 3405 dila-

603 3429 755 3484 tione
795 3430 865 3484 ab
900 3430 981 3485 eis
1022 3443 1410 3501 exposceretur
1450 3437 1699 3491 consueti
1741 3438 1925 3507 operis
1955 3454 2186 3506 summa,

602 3519 887 3590 palearum
916 3535 1051 3576 vero
1083 3522 1313 3578 tributio
1360 3532 1560 3594 praeter
1602 3529 2056 3584 consuetudinem
2088 3530 2188 3587 de-

603 3616 919 3677 negaretur,
948 3610 1215 3682 injunxit;
1244 3613 1462 3669 dicebat
1489 3615 1673 3671 enim:
1715 3636 1734 3669 ‹
1761 3619 2001 3688 Vacalis,
2027 3621 2190 3679 otiosi

603 3699 760 3765 estis,
792 3700 917 3755 ideo
956 3701 1162 3770 dicitis,
1203 3704 1406 3761 Eamus
1436 3714 1493 3761 et
1514 3707 1904 3771 sacriﬁcemus
1938 3713 2051 3768 Deo
2086 3729 2189 3770 no-

604 3799 740 3844 stro.
791 3791 949 3847 Nunc
986 3792 1156 3863 igitur
1198 3804 1394 3851 euntes
1436 3798 1743 3866 operamini
1789 3801 2001 3871 :paleze
2042 3804 2190 3859 enim

606 3896 719 3934 non
749 3881 1045 3949 dabuntur,
1089 3893 1147 3939 et
1178 3900 1447 3940 summam
1485 3888 1709 3944 lateritii
1750 3893 1932 3962 Operis
1966 3894 2186 3952 dabitis.

605 3970 987 4042 Videbantque
1031 3990 1089 4029 se
1117 3973 1324 4031 Scriba:
1354 3975 1589 4032 ﬁliorum
1616 3979 1781 4035 Israel
1812 3982 1867 4036 in
1897 3985 2073 4051 malis,
2104 3987 2192 4041 di-

606 4070 794 4118 centes
826 4080 840 4116 :
865 4063 986 4118 Non
1014 4064 1274 4122 minuetis
1300 4082 1330 4121 a
1359 4076 1562 4124 statuta
1584 4086 1797 4127 summa
1826 4074 2059 4135 laterum
2094 4094 2193 4149 per

606 4153 853 4224 singulos
886 4154 1025 4211 dies.
1059 4155 1435 4213 Occurrerunt
1478 4170 1661 4216 autem
1703 4162 1873 4236 Moysi
1911 4174 1968 4221 et
2009 4167 2193 4224 Aaron

606 4244 960 4302 venientibus
992 4247 1049 4302 in
1076 4263 1369 4305 occursum
1395 4267 1610 4320 eorum,
1635 4269 1761 4309 cum
1797 4257 2194 4328 egrederentur

609 4351 642 4391 a
670 4337 974 4404 Pharaone,
1003 4348 1058 4395 et
1079 4342 1339 4399 dixerunt
1368 4344 1478 4400 illis
1502 4344 1778 4416 :Aspiciat
1804 4349 2069 4408 Dominus
2096 4369 2191 4409 su-

2291 3158 2494 3228 Ἔργον
2527 3155 2585 3210 δέ
2616 3153 2756 3209 εἶναι
2796 3156 2990 3228 σχολῆς
3025 3157 3124 3222 τὰς
3165 3158 3258 3211 ἐπὶ
3281 3158 3507 3213 τοιοῖσδε
3537 3157 3711 3228 λέγων
3752 3161 3872 3213 ἐπι-

2288 3248 2521 3319 θυμίας,
2556 3248 3031 3317 ἐγκατατείνεσθαι
3074 3249 3226 3319 σφίσι
3272 3249 3363 3304 τὸν
3398 3249 3492 3303 ἐπὶ
3535 3252 3647 3315 τοῖς
3692 3248 3873 3322 ἔργοις

2291 3340 2488 3413 ἱδρῶτα
2511 3340 2745 3406 κελεύει,
2769 3343 2868 3413 τῆς
2895 3341 2994 3413 μὲν
3015 3342 3072 3396 ἐν
3098 3341 3209 3396 ἔθει
3243 3340 3547 3407 συντάξεως
3576 3341 3873 3414 ἀνυπερθέ-

2287 3448 2395 3495 τως
2423 3429 2810 3503 ἐξαιτουμένης
2828 3471 2844 3498 ,
2875 3433 3345 3504 περιτεμνομὲνης
3369 3432 3427 3487 δέ
3463 3432 3748 3505 ἀσυνήθως
3779 3434 3873 3487 αύ-

2290 3524 2403 3585 τοῖς
2436 3521 2536 3593 τῆς
2565 3520 2673 3575 τῶν
2729 3520 2948 3593 ἀχύρων
2988 3522 3282 3595 διανομῆς·
3328 3523 3563 3593 ἔφασκεν
3600 3526 3744 3596 γὰρ,
3791 3524 3871 3579 δτι

2302 3629 2320 3663 ι
2333 3610 2652 3680 Σχολάζετε,
2680 3609 2969 3681 σχολαπαί
2990 3611 3135 3677 ἐστε,
3157 3610 3245 3665 διὰ
3264 3609 3423 3665 τοῦτο
3439 3611 3649 3681 λέγετε,
3669 3613 3873 3681 Πορευ-

2291 3701 2473 3773 θῶμεν
2504 3702 2598 3755 καὶ
2627 3701 2878 3773 θύσωμεν
2917 3701 2994 3772 τῷ
3024 3700 3145 3772 Θεῷ
3188 3701 3367 3773 ἡμῶν.
3398 3701 3515 3758 Νῦν
3552 3698 3646 3757 οὖν
3678 3719 3873 3775 πορευ-

2291 3791 2475 3857 θέντες
2505 3792 2837 3864 ἐργάζεσθε*
2866 3792 2928 3846 τὸ
2957 3792 3063 3864 γὰρ
3091 3794 3292 3865 ἄχυρον
3324 3794 3384 3848 οὐ
3419 3794 3740 3867 δοθήσεται,
3776 3795 3872 3850 καὶ

2289 3886 2389 3957 τὴν
2426 3885 2675 3951 σύνταξιν
2715 3886 2815 3957 τῆς
2861 3885 3138 3951 πλινθείας
3180 3888 3334 3942 αὐτοὶ⁸
3376 3881 3597 3944 δώσετε.
3655 3889 3873 3962 Ἐὠρων

2291 3974 2383 4033 οὖν
2416 3979 2465 4031 οἰ
2489 3979 2844 4050 Γραμματεῖς
2872 3977 2980 4032 τῶν
3010 3978 3142 4033 υἰῶν
3180 3980 3399 4052 Ἰσραὴλ
3429 3982 3655 4046 ἑαυτοὺς
3685 3983 3743 4034 ἐν
3774 3999 3872 4035 καο

2292 4071 2429 4134 κοῖς,
2458 4069 2728 4138 λέγοντεςο
2764 4070 2879 4123 Οὐκ
2904 4069 3225 4140 ἀπολείψετε
3248 4070 3356 4125 ἀπὸ
3383 4071 3486 4141 τῆς
3507 4072 3787 4136 πλινθείας
3813 4072 3872 4125 τὸ

2291 4162 2532 4233 καθῆκον
2554 4163 2620 4233 τῇ
2646 4161 2851 4233 ἡμέρᾳ.
2878 4161 3226 4233 Συνήντησαν
3252 4162 3308 4216 δέ
3328 4164 3500 4235 Μωσῇ
3531 4163 3626 4217 καὶ
3663 4163 3870 4235 Ἀαρὼν

2292 4250 2608 4323 ἐρχομένοις
2653 4252 2734 4312 εἰς
2796 4251 3118 4322 συνάντησιν
3150 4251 3368 4316 αὐτοῖς,
3423 4252 3871 4323 ἐκπορευομένων

2295 4342 2474 4396 αὐτῶν
2500 4342 2608 4395 ἀπὸ
2626 4342 2720 4396 τοῦ
2740 4343 2961 4417 Φαραὼ,
2982 4345 3077 4398 καὶ
3096 4338 3247 4397 εἷπον
3265 4344 3467 4409 αὐτοῖς’
3507 4342 3824 4415 Ἐπίδοι[τ]ο
3846 4345 3872 4397 6

609 4442 711 4496 per
751 4445 849 4484 vos
894 4440 951 4487 et
993 4433 1225 4503 judicct,
1258 4436 1517 4506 quoniam
1560 4439 1951 4496 exsecrabilem
1984 4443 2184 4501 fecistis

2294 4431 2425 4496 Θεὸς
2459 4433 2628 4504 ὑμᾶς,
2668 4433 2764 4487 καί
2802 4433 3017 4504 κρίναι.
3071 4433 3156 4487 ὅτι
3199 4432 3519 4498 ἐϐδελύξατε
3551 4432 3652 4505 τὴν
3701 4433 3877 4509 ὀσμὴν

611 4519 835 4575 odorem
864 4532 1111 4580 nostrum
1142 4542 1328 4582 coram
1361 4529 1665 4595 Pharaone,
1699 4523 1755 4585 εἳ
1796 4546 1979 4587 coram
2021 4536 2194 4591 servis

611 4608 753 4678 ejus,
790 4618 852 4665 ut
893 4612 1100 4669 daretis
1138 4616 1378 4685 gladium
1424 4618 1481 4672 in
1524 4635 1719 4674 manus
1742 4621 1860 4692 ejus
1885 4623 1953 4677 ad
1985 4623 2197 4680 interﬁ-

613 4700 838 4756 ciendos
878 4718 980 4759 nos
1020 4706 1060 4760 '.
1099 4725 1118 4758 ι
1167 4706 1309 4774 Quid
1353 4718 1446 4776 tu,
1488 4710 1692 4780 amice,
1738 4728 1922 4769 nonne
1968 4717 2196 4772 verissi-

615 4806 768 4845 mum
791 4807 911 4847 esse
938 4794 1107 4860 dices,
1136 4798 1230 4852 ubi
1260 4804 1491 4871 coeperit
1515 4806 1639 4874 quis
1666 4806 1921 4863 diabolici
1947 4807 2195 4863 domina-

617 4886 707 4935 tus
729 4881 919 4969 jugum
940 4894 1217 4951 excutere,
1240 4901 1539 4963 contraque
1568 4897 1740 4953 divini
1768 4899 1949 4954 cultus
1966 4899 2194 4969 gloriam

616 4966 935 5035 prreclaram
968 4970 1115 5025 illam
1143 4981 1199 5027 et
1226 4974 1455 5032 liberam
1485 4986 1785 5055 suscipere,
1810 4966 2115 5058 vacareque
2140 4996 2197 5044 et

614 5071 945 5128 cognoscere
974 5076 1123 5128 eum,
1155 5065 1250 5133 qui
1272 5074 1357 5121 est
1383 5084 1511 5126 vere
1540 5074 1823 5143 Dominus,
1848 5086 1907 5134 ut
1938 5079 1994 5133 in
2027 5078 2179 5133 Psal-

616 5149 722 5204 mis
749 5150 966 5207 canitur
994 5170 1009 5206 :
1048 5173 1066 5206 ι
1100 5154 1301 5212 Vacate
1337 5166 1395 5214 et
1429 5160 1629 5231 videte,
1658 5170 1914 5235 quoniam
1946 5185 2047 5241 ego
2070 5183 2192 5223 sum

618 5240 762 5297 Deus
807 5242 849 5308 ⁸,
891 5261 910 5296 ι
957 5252 1074 5300 tum
1116 5245 1235 5303 fore
1289 5256 1351 5303 ut
1393 5250 1483 5307 ille
1516 5252 1573 5307 in
1620 5255 1934 5325 hujusmodi
1975 5240 2194 5330 negotio

618 5331 792 5393 otium
828 5349 895 5391 ac
929 5338 1176 5394 studium
1227 5348 1487 5412 tanquam
1532 5344 1869 5416 impietatem
1901 5349 2194 5418 quamdam

697 5492 719 5525 '
744 5493 918 5549 Exod.
954 5512 1008 5563 v,
1035 5497 1100 5553 17
1131 5515 1251 5571 sqq.
1328 5501 1352 5535 ⁸
1378 5501 1521 5559 Psal.
1555 5520 1678 5573 ην,
1708 5505 1760 5561 1.

2295 4521 2451 4593 ἡμῶν
2475 4520 2715 4577 ἐναντίον
2745 4522 2964 4594 Φαραὼ,
2985 4523 3080 4577 καὶ
3112 4523 3351 4579 ἐναντίον
3386 4522 3495 4578 τῶν
3529 4522 3875 4595 θεραπόντων

2296 4614 2484 4678 αὑτοῦ,
2514 4615 2697 4681 δοῦναι
2729 4616 3002 4688 ῥομφαίαν
3039 4617 3118 4680 εἰς
3143 4614 3241 4680 τὰς
3269 4618 3457 4687 χεῖρας
3496 4614 3663 4669 αὐτοῦ
3686 4652 3702 4677 ,
3741 4614 3872 4667 ἀπο-

2296 4709 2503 4762 κτεῖναι
2525 4710 2696 4779 ἡμᾶς.
2728 4726 2748 4760 ι
2774 4708 2844 4761 Ἣ
2871 4708 2998 4779 γὰρ,
3021 4699 3066 4759 ὧ
3086 4706 3329 4777 φιλότης,
3360 4706 3460 4759 οὐκ
3486 4705 3713 4776 ἀτρεκὲς
3736 4701 3872 4758 εἶναι

2300 4800 2430 4871 φὴς,
2467 4800 2543 4864 ὡς
2585 4798 2808 4852 ἐπειδὰν
2854 4798 3029 4852 ἐλοιτό
3050 4815 3133 4862 τις
3157 4800 3258 4869 τῆς
3282 4796 3377 4851 τοῦ
3410 4796 3658 4850 διαϐόλου
3687 4795 3873 4850 πλεον-

2297 4891 2446 4959 εξίας
2476 4890 2851 4946 ἀπολύσασθαι
2899 4890 2990 4944 τὸν
3018 4890 3199 4959 ζυγὸν,
3245 4891 3340 4945 καὶ
3380 4890 3442 4944 τὸ
3485 4889 3739 4962 λαμπρὸν
3780 4889 3871 4942 καί

2298 4980 2578 5053 ἐλεύθερον
2602 4982 2700 5052 τῆς
2734 4983 2813 5044 εἰς
2853 4979 2986 5034 Θεὸν
3025 4979 3282 5051 λατρείας
3323 4978 3710 5033 ἀντανελέσθαι
3744 4976 3872 5031 καύ-

2286 5093 2458 5148 χημα,
2487 5077 2745 5147 σχολάσαι
2777 5094 2835 5129 τε
2856 5076 2951 5131 καὶ
2983 5074 3183 5145 γνῶναι
3208 5075 3299 5129 τὸν
3320 5074 3538 5145 ἀληθῶς
3563 5072 3858 5144 Δεσπότην,

2299 5167 2441 5221 κατὰ
2480 5167 2541 5221 τὸ
2576 5168 2635 5221 ἐν
2665 5167 2914 5238 Ψαλμοῖς
2956 5165 3310 5237 ὑμνούμενον·
3366 5184 3386 5219 ι
3430 5166 3735 5237 Σχολάσατε
3779 5164 3867 5218 καὶ

2298 5256 2472 5326 γνῶτε
2503 5258 2586 5312 ὅτι
2620 5256 2732 5326 ἐγώ
2770 5261 2885 5328 εἰμι
2914 5257 3120 5328 Κύριος
3147 5258 3175 5310 6
3216 5256 3370 5321 Θεὸς,
3408 5275 3427 5309 ι
3460 5256 3746 5326 ἐγκαλέσει
3774 5253 3867 5325 μὲν

2300 5349 2431 5421 ἡμῖν
2466 5347 2543 5413 ὡς
2572 5348 2786 5404 ἀνόσιόν
2812 5365 2866 5402 τι
2895 5347 3106 5419 χρῆμα,
3138 5347 3237 5419 τὴν
3266 5348 3360 5401 ἐπὶ
3387 5346 3523 5419 τῷδε
3562 5344 3756 5418 σχολὴν
3780 5343 3865 5398 καὶ

694 5624 1071 5715 cod.
1112 5628 1235 5687 Vat.
1279 5633 1399 5693 Non
1447 5638 1675 5708 probavi
1740 5637 1888 5712 quod
1946 5647 2066 5697 erat
2117 5640 2174 5697 in

2286 5639 2410 5697 dice
2464 5637 2672 5708 Sirleti,
2718 5636 2795 5704 ὡς
2851 5639 2909 5697 ἐν
2944 5637 3213 5715 ,αἰσθήσει
3261 5638 3400 5714 τῶν,
3428 5634 3760 5710 Αἰγυπτίων,
3805 5649 3859 5690 σα

620 5692 989 5777 ﬂuminum
1022 5714 1194 5756 sensu.
