4082 6304
207 327 320 386 I93

962 323 1052 383 DE
1089 322 1530 385 ADORA'I‘IONE
1568 322 1636 382 IN
1676 320 1946 380 SPIRITU
1992 320 2082 378 ET
2120 322 2488 381 VERITATE.
2532 321 2661 379 LIB.
2702 322 2743 379 l.

3366 325 3469 382 198

208 440 456 510 θέλησιν,
484 433 944 503 κατεξανίσταται
964 434 1022 489 δὲ
1041 437 1152 500 τοῖς
1173 435 1352 501 ἄλλοις
1379 434 1516 506 ὁμοῦ
1541 433 1797 505 πονηροῖς

1902 431 2058 488 nobis
2087 432 2222 487 vitio
2251 441 2450 499 vertat,
2474 448 2691 502 unaque
2716 446 2841 488 cum
2870 432 2993 489 aliis
3025 449 3261 506 nequam
3288 435 3473 509 impu-

208 546 271 584 τε
320 528 417 583 καὶ
477 524 812 600 ἀκαθάρτοις
870 524 1177 596 πνεύμασιν
1231 529 1260 580 6
1312 527 1533 581 πάντων
1579 524 1792 594 ἐχθρὸς,

214 617 487 691 σαρκικῆς
525 618 626 690 μέν
669 617 766 670 καὶ
806 617 1041 684 γεώδους
1082 616 1424 690 ἀκαθαρσίας
1455 618 1549 671 καὶ
1583 614 1691 669 τῶν
1736 616 1795 667 ἐν

212 713 407 783 κόσμῳ
443 708 842 780 ἁκαταλήκτως
877 708 1119 779 ἔχεσθαι,
1158 707 1301 761 κατὰ
1332 708 1395 762 τὸ
1424 709 1639 777 ἑκάστῳ
1671 704 1795 759 σύν-

209 802 366 874 ηθες,
392 798 805 869 ἐπαναγκάζων]
824 799 1050 869 ἀγρίως,
1075 797 1373 869 ἀπέχεσθαι
1404 797 1461 851 δὲ
1491 797 1593 867 τῆς
1621 798 1796 867 ἐντριο

211 894 346 958 ϐοῦς
383 892 712 963 φαυλότητος
741 891 941 962 ἥκιστα
975 891 1075 961 μέν
1106 890 1280 959 ἐφιεὶς
1300 928 1315 953 ,
1355 888 1708 961 δυσπόριστον
1738 886 1796 940 δὲ

210 987 312 1038 καὶ
348 983 509 1037 τοῦτο
555 982 762 1046 τιθεὶς,
808 981 886 1045 ὠς
932 980 999 1036 ἂν
1034 982 1110 1053 μὴ
1155 979 1234 1051 τῷ
1273 979 1392 1034 λίαν
1442 980 1641 1050 ἑτοίμῳ
1679 978 1797 1032 δια-

211 1076 442 1131 πτύοιτό
482 1091 542 1128 τε
574 1074 667 1127 καὶ
718 1075 799 1136 εἰς
842 1073 1004 1143 κόρον
1038 1072 1107 1125 τοι
1142 1072 1204 1126 τὸ
1242 1072 1446 1137 κακόν;
1487 1071 1656 1125 Ταυτὶ⁵
1686 1070 1797 1141 γὰρ

213 1166 375 1239 οἶμαι
401 1165 758 1237 καταδηλοῦν,
780 1165 841 1217 τὸ
877 1164 1108 1228 ἐξαιτεῖν
1137 1163 1239 1235 μὲν
1264 1163 1496 1227 εὐτόνως
1518 1163 1618 1234 τῆς
1641 1162 1797 1216 πλιν-

216 1261 374 1322 θείας
406 1258 503 1331 τὴν
530 1255 781 1323 σύνταξιν
801 1295 816 1320 ,
846 1254 916 1308 τὰ
945 1254 1003 1307 δέ
1033 1254 1102 1307 δι’
1138 1248 1214 1308 ὧν
1249 1254 1315 1309 ἂν
1350 1253 1562 1323 γένοιτο
1602 1252 1798 1323 ῥᾳδίως

216 1352 564 1421 ἀποστερεῖν,
597 1348 741 1401 τοῦτ’
786 1347 968 1413 ἐστιν,
999 1345 1061 1399 τὸ
1102 1345 1326 1417 ἄχυρον.
1370 1343 1703 1415 Πεφύκαμεν
1742 1345 1799 1398 δέ

218 1457 376 1506 πως,
416 1439 535 1492 τότε
565 1436 630 1506 δὴ
684 1435 919 1507 μάλιστα
966 1434 1354 1507 προθυμότατά
1389 1451 1448 1487 τε
1480 1434 1576 1487 καὶ⁵
1606 1431 1800 1485 εὐσθε-

221 1531 458 1586 νέστατα
494 1527 562 1581 τὰ
600 1527 802 1598 συνήθη
844 1525 1048 1597 ζητεῖν,
1088 1525 1184 1579 καὶ
1223 1523 1581 1596 θερμοτέραις
1614 1521 1802 1576 ἐπιθυ-

226 1622 380 1692 μίαις
405 1619 491 1672 ἐπ’
514 1619 654 1671 αὐτὰ
671 1616 1127 1687 καταιρλέγεσθαι,
1144 1616 1231 1669 ὅτε
1249 1632 1303 1668 τι
1330 1614 1571 1684 φαίνοιτο
1597 1611 1799 1682 μεταξὺ

221 1716 284 1768 τὸ
310 1714 387 1776 ὡς
420 1712 480 1776 ἐξ
510 1711 754 1781 ἀνάγκης
786 1709 1062 1780 ἀποφέρον
1091 1707 1185 1761 ἐπὶ
1215 1707 1277 1759 τὸ
1323 1705 1398 1777 μὴ
1425 1704 1683 1758 δύνασθαι
1705 1720 1800 1756 τυ·-

1893 524 2081 593 risque
2123 524 2409 594 spiritibus
2452 524 2542 579 ille
2581 524 2826 579 omnium
2872 525 3047 583 hostis
3075 526 3339 600 insurgat,
3368 532 3473 586 im-

1893 615 2235 684 maniterque
2285 623 2462 686 cogat,
2496 624 2558 669 ut
2607 616 2811 670 carnali
2859 625 3197 689 terrenaque
3241 620 3475 691 impuri-

1893 706 2014 773 tati,
2045 707 2156 777 38
2191 716 2247 761 et
2279 708 2463 762 saeculi
2498 707 2648 761 curis
2690 717 2858 777 atque
2904 709 3333 769 distentionibus
3375 730 3478 785 pro

1894 798 2160 868 cujusque
2187 798 2584 853 consuetudine
2612 798 2842 853 ﬁrmiter
2881 799 3337 868 adhaerescamus,
3370 805 3477 859 mi-

1893 887 2152 956 nimeque
2183 889 2484 958 permittat,
2513 895 2625 943 uta
2649 889 2895 959 nequitia
2925 889 2983 943 in
3013 906 3121 960 qua
3146 894 3350 948 versati
3380 895 3478 950 diu

1895 994 2105 1045 sumus,
2151 980 2552 1046 abstineamus;
2584 981 2717 1051 quin
2759 982 2923 1036 etiam
2949 982 3005 1035 id
3040 983 3218 1053 ipsum
3252 986 3482 1043 minime

1893 1070 2058 1126 nobis
2084 1072 2399 1143 expeditum
2428 1072 2640 1136 reddat,
2674 1086 2743 1126 ne
2770 1070 2966 1126 vitium
3005 1073 3052 1128 si
3092 1074 3386 1131 admodum
3419 1078 3476 1131 in

1896 1171 2155 1232 promptu
2205 1165 2295 1228 sit,
2348 1171 2751 1229 contemnatur,
2803 1170 2860 1219 et
2905 1165 3209 1220 satietatem
3251 1167 3337 1221 sui
3378 1184 3477 1237 pa-

1896 1252 2038 1308 riat?
2064 1254 2125 1308 Id
2154 1255 2299 1308 enim
2330 1254 2639 1325 signiﬁcare
2671 1256 2930 1316 arbitror,
2968 1256 3204 1311 laterum
3234 1268 3477 1314 structu-

1896 1359 2014 1397 ram
2033 1344 2235 1399 acriter
2257 1360 2586 1414 exposcere;
2610 1361 2672 1400 ea
2693 1361 2879 1415 porro,
2903 1361 3004 1415 per
3028 1364 3150 1417 qua:
3169 1348 3327 1403 facile
3350 1365 3483 1404 con-

1896 1432 1987 1487 ﬁci
2027 1442 2274 1503 possunt,
2309 1434 2364 1488 id
2396 1443 2499 1499 est,
2530 1436 2713 1504 paleas
2750 1437 3019 1491 subtrahi.
3060 1437 3157 1492 Est
3200 1440 3347 1493 enim
3377 1456 3479 1495 na-

1897 1534 2021 1581 tura
2053 1526 2212 1581 nobis
2234 1526 2636 1596 quodammodo
2663 1538 3058 1597 comparatum,
3087 1538 3149 1584 ut
3176 1545 3240 1584 ea
3274 1531 3328 1586 in
3354 1532 3481 1601 qui—

1898 1618 2004 1673 bus
2030 1619 2235 1673 assueti
2270 1635 2479 1685 sumus,
2518 1628 2633 1673 tum
2664 1621 2898 1675 maxima
2929 1622 3233 1687 alacritate,
3261 1632 3318 1677 et
3347 1638 3485 1678 con-

1901 1710 2145 1765 tentione
2168 1726 2499 1781 quaeramus,
2527 1727 2829 1782 eorumque
2858 1713 3159 1769 ardentiori
3182 1716 3482 1785 cupiditate

220 1809 361 1879 χεῖν.
413 1775 572 1858 Θείου
713 1775 785 1873 δὴ
834 1775 998 1871 νόμου
1039 1799 1131 1852 τὸν
1178 1775 1517 1868 ἀνθρώπινον
1560 1793 1685 1848 νοῦν
1733 1791 1802 1846 τὰ

1902 1775 2211 1870 Ποετθῐηιιε,
2238 1815 2363 1853 cum
2393 1775 2598 1870 aliquid
2633 1775 2944 1866 intercedit,
2980 1804 3127 1872 quod
3162 1804 3214 1857 vi
3245 1775 3480 1873 quadam

220 1894 422 1966 αἰσχίω
476 1892 965 1965 μεταπαιδεύοντος
1030 1890 1217 1963 μακρά
1266 1905 1351 1951 τις
1403 1884 1633 1939 είσδύνει
1680 1883 1803 1936 τότε

219 1988 289 2059 δὴ
323 1987 560 2059 μάλιστα
583 1983 744 2056 ποθὴ,
773 1982 1012 2037 καλοῦσα
1035 1980 1174 2052 πρὸς
1196 1979 1265 2033 τὰ
1296 1977 1455 2042 αὐτὰ,
1491 1976 1586 2030 καὶ
1613 1992 1804 2046 μονον-

220 2079 346 2150 ουχὶ
401 2078 498 2132 τοῦ
552 2076 848 2148 νομοθέτου
929 2073 1203 2144 καταὸοᾷν
1254 2069 1618 2125 ἀναπείθουσα
1638 2084 1652 2098 ·
1709 2065 1806 2120 καὶ

218 2168 379 2221 τοῦδε
405 2166 469 2238 δὴ
511 2166 674 2220 πάλιν
727 2165 804 2228 ὡς
842 2164 900 2218 ἐν
934 2164 1112 2226 σκιαῖς
1144 2159 1417 2227 ἀπόδειξις
1460 2159 1511 2211 οἱ
1539 2159 1805 2228 Γραμμα-

222 2263 336 2327 τεζς
373 2258 486 2312 τῶν
513 2258 646 2311 υἱῶν
682 2256 931 2327 Ἰσραὴλ,
962 2252 1341 2326 ἐντρυχόμενοί
1373 2269 1433 2305 τε
1462 2253 1573 2313 τοῖς
1602 2250 1803 2319 ἔργοις,

226 2354 322 2409 καὶ
346 2352 449 2423 τὴν
480 2350 567 2406 ἐπ’
612 2351 755 2405 αὐτὰ
798 2349 985 2421 ῥᾳδίαν
1017 2349 1118 2418 οὐχ
1149 2347 1383 2418 ὁρῶντες
1415 2344 1568 2398 ὁδόν²
1602 2341 1806 2413 ἀχύρου

225 2444 337 2515 rip
374 2439 517 2513 ἦσαν
550 2442 609 2496 ἐν
639 2441 871 2507 σπάνει,
907 2438 1209 2511 ἐπῃτιῶντο
1238 2436 1298 2490 δέ
1344 2435 1466 2490 λίαν
1513 2433 1719 2488 Μωσέα
1745 2448 1806 2484 τε

228 2536 324 2589 καὶ
394 2532 608 2606 ’Δαρὼν
674 2533 778 2603 τῆς
835 2529 1277 2601 ἐπενηνεγμένης
1348 2526 1531 2588 αίτίας
1589 2524 1803 2587 αὐτοῖς,

227 2626 501 2699 πρόφασιν
528 2626 724 2689 αὐτοὺς
754 2623 1003 2694 γενέσθαι
1028 2622 1298 2691 λέγοντες,
1324 2620 1418 2673 καὶ⁵
1445 2614 1803 2688 δυσαχθεστέ-

230 2734 331 2789 ραν
351 2716 646 2787 ἀνατλῆναι
674 2715 777 2785 τῆς
802 2713 1113 2778 πλεονεξίας
1133 2713 1233 2783 τὴν
1253 2711 1461 2781 ἔφοδον,
1488 2711 1586 2779 οὐχ
1613 2709 1801 2778 ἐτέρου

225 2824 321 2860 του
343 2807 538 2879 χάριν,
570 2807 605 2879 ἢ
635 2806 719 2860 ὅτι
759 2804 823 2877 δὴ
860 2805 1019 2876 μόνον
1051 2801 1364 2874 ἐλευθερίας
1396 2800 1592 2864 αὐτοὺς
1625 2797 1801 2852 είσέδυ

228 2896 414 2963 πόθος,
443 2899 556 2961 τοῖς
587 2897 719 2968 παρ’
751 2895 929 2950 αὐτῶν
960 2894 1138 2962 λόγοις
1169 2891 1690 2961 ἀναπεπεισμένους.

1900 1907 2001 1946 nos
2040 1891 2109 1945 ab
2146 1891 2214 1945 iis
2260 1892 2665 1962 consequendis
2715 1892 2959 1948 abducit.
3005 1894 3190 1964 Itaque
3226 1910 3350 1950 cum
3395 1897 3483 1951 di-

1898 1982 2026 2036 vina
2057 1982 2146 2037 lex
2175 1982 2477 2036 humanum
2507 1982 2749 2037 animum
2783 1984 2967 2053 turpia
3006 1985 3257 2051 dedocet,
3290 1987 3484 2059 ingens

1901 2072 2175 2142 quoddam
2211 2072 2546 2127 desiderium
2591 2080 2705 2127 tum
2745 2075 2979 2130 maxime
3020 2077 3189 2141 subit,
3224 2078 3371 2147 quod
3413 2079 3481 2132 ad

1901 2162 2093 2217 eadem
2118 2170 2359 2227 revocat,
2389 2170 2445 2217 et
2473 2164 2867 2233 propemodum
2896 2165 3160 2221 adversus
3188 2166 3366 2235 ipsum
3398 2167 3480 2222 le-

1901 2254 2216 2325 gislatorem
2244 2255 2535 2309 vociferari
2571 2256 2783 2320 suadet,
2812 2257 3038 2327 ejusque
3069 2259 3147 2312 rei
3179 2266 3240 2313 ut
3268 2259 3324 2312 in
3358 2274 3483 2312 um-

1902 2344 2020 2399 bris
2067 2344 2416 2414 quibusdam,
2444 2344 2722 2413 specimen
2768 2344 3035 2400 habemus
3077 2344 3297 2401 Scribas
3341 2346 3483 2400 ﬁlio-

1903 2452 2027 2490 rum
2058 2436 2245 2500 Israel,
2280 2435 2373 2505 qui
2408 2443 2525 2489 tum
2550 2450 2778 2505 operum
2809 2435 2995 2491 labore
3026 2436 3483 2503 conﬁciebantur,

1902 2534 2018 2581 tum
2049 2528 2191 2581 viam
2223 2526 2291 2580 ad
2333 2540 2397 2580 ea
2424 2525 2757 2596 perﬁcienda
2800 2525 3018 2581 facilem
3044 2528 3247 2583 nullam
3287 2544 3485 2583 cerne--

1907 2619 2073 2683 bant;
2123 2618 2405 2687 palearum
2445 2618 2594 2671 enim
2628 2617 2811 2687 inopia
2848 2618 3171 2673 laborabant
3202 2638 3215 2673 :
3248 2620 3485 2690 graviter

1906 2722 2125 2779 quoque
2166 2708 2387 2780 Moysen
2425 2717 2482 2763 et
2514 2707 2697 2764 Aaron
2725 2710 3040 2780 culpabant,
3077 2726 3203 2766 cum
3237 2711 3486 2766 dicerent

1903 2797 2028 2854 illos
2059 2799 2399 2854 occasionem
2428 2813 2541 2854 suae
2574 2800 2876 2854 vexationis
2904 2801 3228 2870 praebuisse,
3271 2799 3487 2872 gravio-

1907 2906 2134 2961 remque
2162 2907 2220 2946 se
2258 2891 2472 2962 injuria
2503 2890 2614 2944 vim
2650 2892 2886 2961 perpeti,
2920 2908 3031 2947 non
3058 2893 3162 2947 alia
3200 2892 3268 2948 de
3298 2906 3485 2957 causa,

227 2987 334 3042 nisi
358 2987 464 3041 hac
490 2986 624 3050 sola,
651 2984 799 3057 quod
831 2985 954 3042 illos
985 2981 1375 3054 recuperanda:
1412 2980 1686 3036 libertatis
1713 2987 1933 3049 ceperat
1985 2980 2344 3047 desiderium,
2373 2996 2440 3035 ex
2507 2994 2617 3051 quo
2650 2981 2867 3037 illorum
2924 2983 3272 3039 sermonibus
3324 2981 3488 3038 ﬁdem

228 3077 613 3134 adhibuissent

298 3171 511 3226 IIAAA.
551 3170 626 3223 Οὐ
664 3168 776 3240 γὰρ
802 3168 903 3222 οῐει
934 3167 1112 3236 λέγειν
1141 3164 1211 3220 τὰ
1254 3164 1440 3219 εἰκότα
1470 3165 1564 3218 καὶ
1588 3161 1801 3233 ἀληθῆ;

1976 3152 2174 3211 PALL.
2216 3153 2396 3220 Quid?
2417 3170 2529 3209 non
2564 3169 2662 3210 eos
2705 3156 3102 3226 propemodum
3131 3174 3287 3230 aequa
3312 3173 3369 3218 et
3396 3179 3491 3220 ve-

298 3351 465 3405 ΚΥΡ.
495 3347 816 3402 Παντάπασι
860 3345 957 3416 μὲν
995 3337 1088 3398 οῦν
1106 3383 1123 3409 ,
1152 3338 1198 3398 ὧ
1236 3341 1525 3397 Παλλάδιεο
1553 3340 1668 3412 ἅμα
1695 3339 1806 3410 γὰρ

224 3446 377 3517 ἡμᾶς
403 3438 670 3510 ἐπιθυμία
706 3437 917 3510 χρηστὴ
956 3436 1051 3492 καὶ
1086 3434 1346 3505 λογισμὸς
1379 3432 1583 3501 ἀγαθὸς
1620 3430 1809 3485 ἀνεσύ-

225 3537 366 3605 6ησε
413 3533 574 3604 τυχὸν
616 3530 754 3603 πρὸς
796 3529 857 3582 τὸ
897 3529 1006 3582 δεῖν
1057 3526 1273 3581 ἑλέσθαι
1312 3524 1381 3578 τὰ
1425 3523 1503 3595 τῷ
1555 3521 1674 3594 Θεῷ
1720 3523 1809 3575 δο-

224 3625 460 3688 κοῦντα,
482 3623 576 3677 καὶ
596 3622 763 3693 νόμου
784 3618 877 3674 τοῦ
903 3618 1039 3691 πρὸς
1061 3616 1341 3670 εὐσέϐειαν
1365 3613 1804 3686 διαμεμνήμεθα·

224 3714 505 3783 κατάγχει
528 3712 585 3765 δέ
610 3711 839 3782 μάλιστα
869 3708 1128 3780 χειρόνως
1156 3706 1250 3758 ἐπὶ
1272 3705 1333 3758 τὸ
1360 3705 1598 3760 σίνεσθαι
1635 3722 1810 3773 πεφυ-

228 3806 324 3870 κὸς
357 3806 389 3858 6
417 3803 634 3857 πάντων
659 3801 870 3874 ἐχθρὸς,
893 3800 1029 3871 πλὴν
1058 3797 1312 3869 ἐκρύεται
1332 3796 1426 3850 καὶ
1461 3796 1619 3861 σώζει
1651 3796 1806 3861 Θεός.

225 3898 342 3953 Καὶ
377 3894 510 3962 γοῦν
555 3893 659 3963 ἔφη
692 3892 828 3963 πρὸς
869 3889 1107 3944 Μωσέα·
1170 3905 1189 3939 ι
1242 3885 1488 3947 Βάδισον,
1535 3884 1654 3937 εἰπὲ
1698 3886 1810 3946 τοῖς

227 3991 366 4053 υἱοῖς
398 3985 615 4058 Ἰσραὴλ
652 3984 845 4052 λέγων,
874 3980 1023 4050 Ἐγὼ
1059 3980 1285 4052 Κύριος,
1333 3978 1428 4032 καὶ⁵
1461 3975 1633 4042 ἐξάξω
1666 3975 1810 4045 ὑμᾶς

229 4079 339 4135 ἀπὸ
381 4080 484 4148 τῆς
526 4073 841 4137 δυναστείας
886 4072 996 4127 τῶν
1036 4071 1385 4139 Αἰγυπτίων,
1435 4069 1531 4122 καὶ
1576 4067 1809 4138 ῥύσομαι

232 4170 375 4240 ὑμᾶς
436 4170 502 4221 ἐκ
572 4167 672 4237 τῆς
733 4165 973 4228 δουλείας
1030 4162 1237 4227 αὐτῶν,
1298 4161 1390 4215 καὶ
1463 4157 1809 4230 λυτρώσομαι

234 4262 409 4332 ὑμᾶς,
461 4261 521 4313 ἐν
565 4258 808 4330 βραχίονι
853 4254 1061 4327 ὑψηλῷ,
1095 4254 1187 4308 καὶ
1227 4253 1406 4323 κρίσει
1444 4248 1688 4321 μεγάλῃ,
1717 4248 1810 4300 καὶ

234 4353 473 4422 λήψομαι
520 4350 665 4419 ὑμᾶς
708 4350 788 4411 είς
823 4346 950 4400 λαὸν
993 4342 1233 4415 ἐμαυτῷ.
1279 4343 1393 4397 Καὶ
1422 4342 1616 4410 ἔσομαι
1656 4337 1810 4408 ὑμῶν

235 4443 382 4508 Θεὸς,
418 4443 519 4496 καὶ
545 4437 817 4510 γνώσεσθε
845 4439 925 4490 ὅτι
960 4436 1070 4504 ἐγὼ
1101 4435 1306 4506 Κύριος
1347 4434 1376 4485 6
1408 4431 1539 4494 Θεὸς
1575 4429 1749 4499 ὑμῶν,
1782 4429 1811 4480 6

235 4531 517 4602 ἐξαγαγὼν
543 4531 688 4601 ὑμᾶς
710 4531 773 4582 ἐκ
805 4528 907 4598 γῆς
935 4525 1233 4594 Αἰγύπτου,
1270 4525 1335 4576 ἐκ
1366 4525 1464 4593 τῆς
1491 4517 1806 4578 δυναστείας
1840 4540 1882 4596 D
1907 4527 2283 4598 Egyptiowm

1901 4619 2049 4673 bono
2077 4615 2350 4671 desiderio
2383 4614 2706 4668 dehortetur
2728 4620 2784 4667 et
2810 4619 3047 4675 avertat,
3077 4619 3134 4666 et
3162 4610 3365 4680 quibus
3390 4626 3489 4680 po-

1903 4718 2012 4763 test
2033 4707 2235 4769 modis,
2260 4721 2292 4759 a
2319 4713 2505 4760 nostra
2530 4705 2586 4758 in
2610 4704 2815 4757 bonum
2837 4701 3204 4777 propensione
3231 4701 3485 4770 repellat;

234 4624 341 4678 τῶν
364 4622 698 4693 Αἰγυπτίων.
742 4639 761 4673 ι
812 4617 1233 4689 Ἀποτρέποντος
1267 4613 1377 4683 γὰρ
1412 4613 1556 4682 ἡμᾶς
1585 4608 1679 4662 τοῦ
1706 4610 1808 4660 Σα-

234 4717 390 4782 τανᾶ,
434 4714 531 4768 καὶ
562 4712 779 4781 ἁπάσης
817 4708 1028 4778 ἀγαθῆς
1062 4705 1441 4771 ἐξανιστάντος
1479 4700 1807 4770 ἐπιθυμίας,

236 4808 329 4860 καὶ
365 4806 476 4860 τῶν
524 4806 604 4869 είς
643 4801 803 4856 τοῦτο
853 4797 1225 4869 διανευμὰτων
1265 4796 1331 4849 δι’
1368 4790 1443 4847 ὧν
1490 4791 1556 4845 ἃν
1596 4790 1812 4843 δύναιτο

235 4895 616 4967 παρωθοῦντος
645 4893 891 4963 τρόπων,
930 4888 1225 4961 προτρέπει
1267 4885 1403 4955 πρὸς
1431 4882 1648 4952 θέλησιν
1677 4881 1813 4947 ἀγα-

235 4988 333 5060 θὴν
374 4989 403 5041 6
430 4987 523 5041 τοῦ
563 4984 698 5040 Θεοῦ
743 4984 940 5055 νόμος,
983 4980 1284 5052 ἄθραυστον
1330 4977 1428 5047 μὲν
1460 4975 1552 5027 τὸν
1590 4975 1814 5026 ἐπικου-

240 5077 431 5150 ροῦντα
452 5078 686 5141 δεικνὺς,
718 5075 890 5128 ἐλπίδι
919 5073 975 5125 δέ
999 5074 1065 5143 τῇ
1096 5067 1447 5140 λιπαρωτάτη
1473 5063 1809 5135 παραθήγων

238 5173 313 5236 είς
338 5169 651 5240 εὐτολμίαν,
686 5166 783 5220 καὶ
826 5165 1004 5218 πίστει
1028 5161 1253 5233 νευρῶν,
1283 5161 1376 5215 καὶ
1401 5157 1478 5228 τῷ
1501 5156 1619 5227 Θεῷ
1642 5172 1810 5228 προσ-

236 5262 439 5331 νέμων,
472 5260 551 5324 ὡς
574 5257 790 5330 ἀληθῶς
818 5256 1021 5326 σωτῆρι
1040 5255 1133 5308 καὶ
1159 5253 1425 5323 λυτρωτῇ.

255 5332 263 5341 ’
304 5352 516 5405 ΠΔΛΔ.
564 5351 653 5409 Ὠς
686 5346 1016 5417 πανάριστὸν
1044 5364 1096 5400 τι
1134 5345 1318 5414 χρῆμα
1355 5342 1447 5396 καὶ
1481 5340 1805 5411 σωτήριονή

238 5445 438 5508 πίστις,
465 5443 561 5497 καὶ
586 5441 650 5495 τὸ
688 5441 797 5494 δεῖν
818 5439 1042 5493 ἕπεσθαι
1070 5437 1228 5506 διψῇν
1260 5433 1337 5504 τῷ
1365 5431 1484 5502 Θεῷ
1509 5432 1521 5483 !

302 5537 466 5591 ΚΥΡ.
511 5532 720 5605 Ὀρθῶς
759 5531 911 5604 ἔφης.
950 5530 1145 5600 Ἕρπει
1186 5526 1242 5580 δέ
1277 5527 1359 5579 ὅτι
1396 5521 1532 5593 πρὸς
1569 5520 1740 5592 πέρας
1772 5521 1807 5591 ἡ

305 5707 327 5741 ⁷
350 5682 528 5775 Exod.
569 5732 650 5780 vr,
690 5715 744 5779 6,
772 5716 823 5767 7.

1906 3264 1967 3303 ra
1996 3248 2183 3303 dicere
2211 3247 2441 3302 censes?

1974 3339 2132 3394 CYR.
2168 3339 2245 3393 lta
2274 3346 2360 3393 est
2387 3337 2632 3403 omnino,
2672 3337 2899 3394 Palladi.
2934 3339 3110 3395 Simul
3141 3342 3290 3397 enim
3324 3353 3492 3417 atque

1905 3428 2196 3483 laudabilis
2228 3427 2501 3497 cupiditas
2531 3436 2787 3497 rectaque
2818 3429 3076 3500 cogitatio
3108 3447 3210 3488 nos
3231 3434 3490 3490 excitavit

1906 3519 2136 3575 fortasse
2182 3518 2249 3572 ad
2292 3534 2378 3583 ea,
2407 3534 2528 3587 qua:
2569 3518 2681 3572 Deo
2724 3519 2961 3589 placent,
2995 3523 3392 3592 amplectenda,
3433 3534 3490 3581 et

1906 3614 2043 3685 legis
2080 3611 2451 3676 meminimus,
2487 3627 2609 3681 qua:
2654 3627 2756 3666 nos
2803 3612 2872 3667 ad
2916 3613 3179 3682 pietatem
3212 3614 3488 3682 hortatur,

1907 3706 2001 3760 ille
2029 3703 2336 3759 communis
2364 3704 2609 3758 omnium
2651 3704 2825 3759 hostis
2865 3718 2968 3758 nos
3005 3704 3072 3757 ad
3103 3720 3189 3769 ea,
3221 3722 3343 3775 quae
3383 3722 3486 3761 no-

1908 3804 2053 3863 cent,
2089 3797 2248 3868 pejus
2282 3795 2532 3865 impellit.
2577 3795 2752 3866 Eripit
2797 3802 2978 3850 tamen
3021 3795 3148 3850 inde
3185 3812 3250 3852 ac
3287 3798 3487 3853 liberat

1907 3887 2080 3953 Deus;
2117 3887 2299 3956 itaque
2321 3886 2398 3940 ait
2418 3886 2485 3940 ad
2508 3885 2727 3957 Moysen
2751 3904 2764 3939 :
2792 3885 2988 3951 «Vade,
3015 3885 3104 3941 dic
3125 3886 3253 3941 ﬁliis
3277 3887 3441 3943 Israel
3471 3906 3486 3943 :

1908 3980 2021 4050 Ego
2050 3978 2342 4045 Dominus;
2367 3984 2422 4032 et
2446 3977 2675 4033 educam
2703 3993 2801 4033 vos
2822 3977 2890 4033 de
2918 3986 3189 4048 potestate
3209 3977 3491 4051 Egyptia-

1909 4085 2053 4134 rum,
2077 4077 2133 4124 et
2162 4069 2410 4125 liberabo
2445 4085 2545 4124 vos
2582 4069 2650 4124 de
2688 4070 2955 4124 servitute
2990 4085 3207 4136 eorum,
3237 4079 3294 4125 et
3336 4070 3487 4125 redi-

1908 4178 2050 4217 mam
2080 4179 2178 4218 vos
2222 4163 2278 4217 in
2316 4162 2543 4217 brachio
2580 4161 2823 4226 sublimi,
2853 4171 2910 4216 et
2933 4161 3144 4231 judicio
3175 4177 3390 4231 magno,
3433 4171 3490 4216 et

1910 4256 2174 4324 accipiam
2206 4270 2303 4310 vos
2351 4255 2407 4308 in
2440 4254 2703 4324 pOpulum
2736 4254 2871 4307 mihi
2922 4252 3046 4321 ipsi,
3078 4261 3135 4306 et
3172 4267 3270 4307 ero
3308 4260 3491 4308 vester

1908 4349 2086 4414 Deus;
2119 4355 2176 4401 et
2215 4347 2555 4417 cognoscetis
2605 4345 2753 4415 quod
2789 4360 2890 4413 ego
2921 4343 3186 4397 Dominus
3218 4342 3362 4397 Deus
3390 4358 3489 4397 ve-

1912 4446 2041 4500 ster,
2071 4435 2165 4505 qui
2208 4434 2372 4488 eduxi
2416 4448 2513 4487 vos
2541 4432 2609 4486 de
2650 4441 2797 4486 terra
2837 4429 3073 4498 ZEgypti,
3105 4428 3172 4482 de
3218 4435 3488 4497 potestate

2323 4526 2365 4576 ".
2409 4544 2426 4574 ι
2454 4524 2623 4588 Nam,
2660 4537 2785 4577 cum
2814 4520 3040 4575 Satanas
3088 4520 3156 4574 ab
3196 4520 3343 4574 omni
3388 4536 3489 4575 nos

1906 4806 2117 4861 contra,
2170 4795 2266 4851 Dei
2312 4796 2402 4849 lex
2450 4793 2518 4848 ad
2564 4793 2763 4847 bonam
2810 4791 3149 4845 voluntatem
3198 4789 3485 4855 hortatur;

1907 4889 2016 4958 39
2039 4896 2202 4957 atque
2234 4886 2499 4940 invictum
2525 4898 2652 4939 eum
2678 4898 2818 4948 esse,
2847 4882 2940 4952 qui
2978 4896 3080 4935 nos
3122 4880 3362 4951 adjuvat,
3393 4895 3486 4934 os-

1913 4981 2163 5044 tendens,
2210 4977 2542 5047 amplissima
2580 4990 2674 5044 spe
2717 4973 2784 5028 ad
2823 4972 3136 5028 audendum
3179 4970 3401 5035 excitat,
3431 4978 3486 5024 et

1916 5072 2041 5126 ﬁdei
2086 5085 2287 5125 nervos
2339 5067 2513 5131 addit,
2557 5068 2778 5136 Deoque
2821 5073 3080 5135 tanquam
3130 5078 3264 5117 vero
3307 5061 3482 5115 salva-

1911 5162 2018 5217 tori
2050 5177 2113 5217 ac
2140 5160 2421 5215 liberatori
2450 5157 2675 5212 addicit.

1979 5334 2174 5391 PALL.
2208 5332 2380 5400 Quam
2411 5332 2553 5386 bona
2588 5345 2676 5384 res
2718 5344 2783 5383 ac
2821 5322 3077 5381 salutaris
3117 5330 3205 5376 est
3243 5319 3397 5385 ﬁdes,
3427 5325 3482 5375 et

1909 5427 2109 5487 ardens
2135 5426 2306 5479 Deum
2335 5421 2597 5492 sequendi
2626 5415 2989 5473 desiderium!

1978 5519 2133 5576 (ΝΠ.
2179 5518 2346 5572 Recte
2386 5515 2545 5570 dicis.
2599 5510 2755 5579 Quod
2795 5516 2976 5563 autem
3007 5505 3141 5560 ﬁdes
3185 5503 3251 5560 ad
3295 5504 3477 5574 perle-
