4082 6304
582 380 686 437 Π)ξὶ

1598 372 1655 429 S.
1693 370 1977 429 'CYRlLLl
2017 367 2494 427 ALEXANDRINI
2533 370 2857 429 ARCHIEP.

3764 370 3875 428 138

575 510 692 553 tam
733 497 995 551 virtutem
1029 469 1290 565 tanquam
1330 491 1402 548 ad
1435 492 1596 549 ﬁnem
1644 490 1852 556 tendat,
1906 498 2030 544 tum
2068 504 2164 560 op-

2274 489 2455 553 πίστις
2525 489 2584 543 rb
2623 489 2860 559 ἀγαθὸν,
2907 488 3030 562 εἴσῃ
3067 506 3147 544 τοι
3181 491 3394 557 καλῶς,
3433 483 3870 557 ὲκτελευτῶντος

578 592 712 645 time
756 603 973 654 nosces,
996 602 1125 643 eum
1158 602 1226 641 eo
1266 601 1376 657 quo
1405 591 1617 655 spectat
1638 593 1830 639 nostra
1852 581 2170 653 pervenerit

579 682 777 737 oratio.
802 680 940 737 Cum
963 681 1111 735 enim
1135 679 1348 750 Moyses
1372 679 1603 748 ejusque
1631 685 1863 731 comites
1888 675 2171 731 venissent

571 774 649 828 ad
674 774 1038 838 Pharaonem,
1074 780 1137 827 ut
1161 786 1286 828 eum
1317 785 1387 826 eo
1405 784 1601 824 rursus
1629 778 1945 840 agerent,ac
1967 766 2168 822 suade-

578 875 703 919 rent
755 874 816 919 ιιι
853 864 1157 920 dimitteret
1182 880 1251 919 ex
1277 862 1657 934 Egyptiorum
1690 861 1876 927 terris,
1910 869 1967 915 et
1987 859 2169 915 exsol-

577 966 736 1012 veret
760 957 1043 1012 veteribus
1063 956 1297 1011 vinculis
1319 954 1598 1020 lsraelem,
1628 953 1820 1025 signis,
1839 954 1984 1008 ultra
2005 969 2170 1023 quam

580 1048 690 1103 dici
723 1049 914 1119 possit,
947 1048 1362 1102 admirabilibus
1409 1048 1565 1101 illum
1611 1046 1835 1101 ﬂectere
1878 1045 2168 1112 volebant;

580 1141 791 1211 virgam
829 1141 977 1194 enim
1016 1140 1074 1194 in
1122 1147 1435 1210 serpentem
1474 1147 1872 1194 commutatam
1911 1137 2169 1192 ostende-

579 1242 732 1299 runt,
767 1234 1051 1302 multoque
1081 1232 1288 1302 majora
1323 1232 1816 1302 praestantiamque
1845 1229 2062 1284 eﬁicere
2110 1244 2169 1285 se

580 1324 679 1379 Dei
730 1339 832 1392 ope
874 1322 1132 1376 facillime
1176 1337 1356 1391 posse,
1386 1332 1578 1392 aperte
1629 1321 2049 1391 proﬁtebantur.
2099 1320 2171 1375 At

580 1415 674 1479 ille
696 1415 811 1468 suis
836 1413 1026 1481 Magis,
1052 1423 1114 1468 ut
1138 1413 1292 1483 paria
1321 1412 1585 1475 facerent,
1615 1410 1997 1481 imperavit,ad
2020 1410 2171 1467 hunc

574 1505 691 1559 fere
722 1504 948 1558 modum
1003 1504 1246 1558 clamans
1286 1521 1301 1556 :
1330 1503 1450 1557 Non
1484 1518 1587 1557 nos
1626 1501 1801 1573 ignari
1841 1517 2033 1557 sumus
2061 1503 2168 1557 hu-

569 1595 815 1666 juSmodi
839 1610 1093 1666 operum,
1121 1594 1392 1664 longeque
1433 1594 1622 1663 plures
1660 1601 1790 1648 sunt
1819 1593 1965 1663 apud
2001 1592 2169 1666 [Εεν-

573 1687 742 1756 ptios,
768 1687 862 1756 qui
886 1687 1004 1742 11830
1034 1684 1418 1757 proﬁteantur,
1449 1701 1613 1755 quam
1641 1685 1787 1755 apud
1825 1701 1953 1751 vos;
1994 1695 2051 1741 et
2077 1701 2172 1741 ars

576 1778 860 1849 Magorum
888 1787 974 1833 est
1014 1793 1078 1832 ac
1120 1777 1364 1833 studium
1410 1777 1529 1832 haec
1577 1777 1846 1831 miracula
1887 1777 2074 1844 edere,
2107 1778 2166 1833 in

2272 582 2401 653 ἡμῖν
2444 580 2539 635 τοῦ
2579 580 2737 650 λόγου
2778 582 2917 654 πρὸς
2941 582 3031 635 τὸν
3059 581 3188 636 ῐδιον
3229 584 3450 639 σκοπόν.
3490 581 3715 656 Ἐπειδὴ
3753 583 3869 657 γὰρ

2268 666 2403 745 ἧκον
2429 673 2564 746 πρὸς
2585 671 2676 726 τὸν
2695 672 2895 743 Φαραὼ
2913 673 3274 745 διαλεξόμενοι
3300 675 3464 732 πάλιν
3486 677 3536 730 oi
3567 676 3712 747 ἀμφὶ
3734 677 3872 731 Μω-

2273 765 2389 829 σέα,
2423 763 2631 818 ἀνεῖναί
2658 782 2718 818 τε
2745 765 2844 835 τῆς
2882 765 3197 834 Αἰγυπτίων
3226 768 3319 822 καὶ
3353 768 3619 822 ἀπολῦσαι
3645 769 3870 839 δεσμῶν

2268 857 2377 912 τῶν
2410 857 2578 911 πάλαι
2610 857 2702 910 τὸν
2739 856 2954 929 Ἰσραὴλ
2975 859 3378 924 ἀναπείσοντες,
3402 860 3648 932 σημείοις
3673 861 3872 915 ἐκδυσ-

2267 951 2440 1004 ωπεῖν
2468 950 2581 1012 τοῖς
2628 948 2769 1020 ὑπὲρ
2805 948 2963 1019 λόγον
3007 950 3227 1021 ἤθελον,
3285 951 3484 1023 ῥάὸδου
3522 971 3584 1006 τε
3623 955 3707 1017 είς
3735 952 3871 1023 ὅφιν
3940 1000 3943 1005 .

2273 1039 2665 1112 μεταπλασμὸν
2698 1039 3063 1105 ἐπεδείκνυον,
3091 1041 3187 1095 καὶ
3213 1041 3294 1095 ἔτι
3324 1041 3417 1095 τοῦ
3452 1060 3515 1112 γε
3544 1034 3776 1114 μείζονᾶ
3801 1061 3869 1097 τε

2270 1133 2365 1185 καὶ
2392 1132 2678 1203 ὑπερφερῆ
2701 1132 2999 1205 κατορθοῦν
3018 1132 3279 1188 δύνασθαι
3320 1135 3742 1206 προχειρότατα,
3772 1135 3870 1189 διὰ

2270 1223 2404 1277 Θεοῦ
2433 1224 2618 1294 σαφῶς
2640 1223 3059 1295 ἐπηγγέλλοντο.
3094 1226 3152 1279 '0
3180 1225 3237 1279 δὲ
3265 1228 3378 1291 τοῖς
3407 1226 3557 1291 ἰδίοις
3586 1229 3865 1298 ίσουργεῖν

2270 1317 2490 1370 ἐκέλευε
2540 1318 2776 1387 Μάγοις,
2833 1319 3116 1391 μονονουχὶ
3161 1317 3250 1373 διὰ
3292 1319 3484 1373 τούτου
3539 1320 3697 1391 βοιῖιν·
3744 1321 3866 1375 Οὐκ

2270 1411 2513 1480 ἀγνῶτες
2544 1412 2721 1482 ἔργων
2755 1411 2864 1465 τῶν
2890 1411 3148 1467 τοιούτων
3172 1414 3354 1484 ἡμεῖς.
3379 1414 3630 1466 Πλεῖστοι
3654 1412 3711 1466 δὲ
3743 1414 3863 1466 ὅσοι

2269 1505 2401 1574 παρ’
2445 1504 2765 1572 Αἰγυπτίοις
2812 1503 2845 1574 ἢ
2882 1502 3005 1556 καθ’
3053 1503 3230 1574 ὑμᾶς·
3278 1501 3372 1557 καὶ
3420 1503 3705 1575 μελέτημα
3746 1506 3860 1568 τοῖς

2270 1596 2482 1662 Μάγοις
2508 1595 2570 1648 rb
2599 1594 3071 1667 θαυματουργείν,
3104 1591 3187 1659 οἷς
3219 1595 3314 1650 καὶ
3343 1597 3500 1666 ὑμεῖς
3527 1595 3856 1665 ἐναρίθμιοι.

2271 1686 2711 1758 Σκληρυνομένῳ⁴
2734 1686 2792 1740 δὲ
2823 1685 2965 1751 λίαν,
2998 1687 3094 1740 καὶ
3126 1687 3227 1740 οὐκ
3252 1686 3457 1740 ἁνιέντι
3485 1686 3576 1740 τὸν
3616 1685 3859 1758 Ἰσραὴλ,

2268 1780 2534 1851 τέσσαρες
2579 1779 2752 1833 δειναὶ
2795 1778 2891 1833 καὶ
2929 1779 3178 1851 ἀλλήλων
3233 1779 3454 1852 χείρους
3505 1781 3861 1851 ἐπιφέρονται

570 1885 814 1940 quorum
846 1884 1079 1925 numero
1107 1884 1206 1925 vos
1230 1883 1451 1940 quoque
1494 1867 1646 1924 estis.
1694 1868 1883 1939 Itaque
1912 1884 2037 1924 cum
2062 1868 2161 1924 ad-

2267 1872 2503 1953 πληγαί’
2545 1870 2737 1936 ὕδατός
2767 1889 2828 1926 τε
2874 1871 2986 1944 γὰρ
3012 1873 3093 1935 εἰς
3130 1865 3270 1943 αἷμα
3307 1870 3578 1943 μεταϐολὴ
3619 1870 3860 1942 παραδό·

574 1964 801 2017 moilum
844 1962 1220 2029 induraretur,
1263 1977 1369 2017 nec
1420 1960 1724 2016 dimitteret
1775 1961 1918 2016 ﬁlios
1962 1961 2160 2029 Israel,

568 2065 814 2126 quatuor
834 2055 884 2110 ei
914 2070 1107 2127 graves
1128 2055 1248 2110 alite
1283 2053 1412 2109 aliis
1450 2054 1666 2124 pejores
1691 2053 1852 2108 illatae
1889 2060 2019 2107 sunt
2042 2053 2162 2124 pla-

570 2159 657 2218 gae
703 2166 715 2200 :
752 2164 907 2219 aquae
943 2147 1092 2203 enim
1126 2146 1185 2201 in
1221 2146 1545 2217 sanguinem
1586 2144 1857 2200 mirabilis
1896 2145 1987 2200 illa
2025 2160 2161 2201 con-

573 2243 760 2297 versio
778 2242 920 2298 facta
942 2251 1047 2307 est,
1070 2255 1331 2310 ranaeque
1361 2248 1419 2295 et
1442 2239 1660 2304 einifes,
1689 2247 1746 2294 et
1763 2238 1834 2295 ad
1856 2246 2161 2295 extremum

575 2350 779 2390 musca:
809 2335 1019 2389 canina
1041 2334 1096 2388 vi
1133 2332 1362 2388 minime
1391 2330 1619 2386 ferenda
1657 2330 1966 2391 molliorem
2002 2331 2161 2387 deni-

570 2442 684 2497 que
712 2427 1057 2482 Pharaonem
1096 2424 1482 2490 reddiderunt.
1516 2425 1706 2495 Itaque
1742 2439 1868 2481 cum
1904 2425 2164 2481 advocas-

570 2529 661 2575 set
683 2519 925 2591 Moysen,
961 2519 1039 2575 ait
1074 2536 1093 2572 :
1132 2538 1151 2569 ι
1200 2518 1410 2573 Euntes
1454 2517 1756 2573 sacriﬁcate
1783 2516 2017 2572 Domino
2048 2517 2163 2572 Deo

574 2618 761 2665 vestro
801 2610 859 2664 in
906 2618 1072 2665 terra.
1108 2608 1179 2664 Et
1219 2607 1358 2662 dixit
1396 2607 1639 2678 Moyses:
1669 2606 1791 2661 Non
1822 2614 2004 2676 potest
2038 2605 2161 2662 ﬁeri

575 2702 657 2756 sic
701 2719 714 2756 :
752 2701 1190 2757 abominationes
1221 2699 1370 2755 enim
1410 2698 1790 2769 Egyptiorum
1824 2697 2160 2752 sacriﬁcabi-

575 2808 700 2848 mus
730 2792 963 2848 Domino
1005 2794 1120 2847 Deo
1154 2798 1365 2847 nostro.
1397 2790 1454 2846 Si
1487 2790 1637 2844 enim
1673 2787 2165 2845 sacriﬁcaverimus

575 2882 809 2937 Domino
836 2884 949 2937 Deo
981 2892 1172 2937 nostro
1204 2880 1642 2936 abominationes
1665 2877 2043 2950 Aigy'ptiorum
2071 2895 2165 2936 co-

576 2990 694 3028 ram
726 2975 878 3045 ipsis,
911 2974 1299 3046 lapidabimur.
1327 2973 1484 3028 Viam
1516 2971 1683 3027 trium
1717 2971 1932 3026 dierum
1961 2972 2165 3027 ibimus

576 3066 634 3121 in
668 3065 1044 3132 solitudinem,
1085 3073 1142 3122 et
1178 3063 1613 3120 sacriﬁcabimus
1642 3062 1876 3117 Domino
1905 3063 2019 3119 Deo
2060 3079 2162 3119 no-

575 3168 710 3224 stro,
748 3159 891 3214 sicut
933 3157 1194 3229 praecepit
1229 3155 1409 3211 nobis.
1459 3152 1528 3207 Et
1568 3151 1707 3207 dixit
1739 3152 1955 3208 Pharao
1998 3170 2015 3206 :
2049 3153 2162 3224 Ego
2189 3204 2231 3261 ο

576 3253 793 3310 dimitto
819 3269 937 3317 vos,
965 3260 1021 3309 et
1046 3250 1350 3307 sacriﬁcate
1376 3249 1609 3303 Domino
1635 3248 1750 3302 Deo
1779 3255 1966 3304 vestro
1986 3247 2044 3302 in
2068 3247 2163 3303 de-

573 3360 754 3416 serto;
791 3363 987 3403 verum
1023 3361 1092 3400 ne
1118 3345 1281 3413 ionge
1321 3341 1533 3397 abeatis
1560 3341 1602 3394 ⁸.
1639 3359 1658 3392 ι
1692 3338 1831 3395 Cum
1868 3340 2015 3395 enim
2061 3339 2161 3396 Sa-

577 3447 732 3492 tanas
769 3434 1016 3498 obsistit,
1054 3440 1112 3487 et
1143 3439 1462 3485 nostrorum
1513 3431 1823 3484 animorum
1869 3429 2160 3497 alacritati,

577 3543 687 3598 qua
720 3526 791 3581 ad
818 3526 1085 3581 virtutem
1112 3521 1397 3593 erigimur,
1429 3520 1732 3592 nequitiam
1761 3536 1916 3576 suam
1947 3520 2164 3578 fortiter

578 3617 829 3688 opponit,
862 3615 1129 3670 adversus
1159 3613 1316 3669 illum
1344 3612 1583 3685 insurgit
1605 3613 1772 3681 Deus,
1801 3614 2031 3685 ejusque
2061 3629 2158 3669 au-

579 3712 742 3767 daces
774 3710 1012 3781 impetus
1037 3706 1259 3778 frangit,
1283 3722 1348 3763 ac
1371 3706 1546 3778 plagis
1585 3706 1816 3763 emollit.
1852 3706 1924 3762 At
1950 3707 2043 3763 ille
2071 3707 2163 3763 vix

580 3803 799 3859 tandem
830 3801 1060 3858 dimittit
1089 3800 1321 3865 invitus;
1351 3805 1584 3854 conatur
1615 3807 1799 3855 tamen
1831 3799 2163 3869 persuadere

579 3895 762 3961 nobis,
792 3903 853 3949 ut
883 3895 996 3949 Deo
1026 3894 1236 3948 cultum
1264 3906 1374 3947 non
1400 3899 1654 3946 accurate
1680 3890 1975 3947 admodum
2002 3891 2161 3946 exhi-

580 3988 827 4052 beamus,
866 4001 1046 4056 neque
1077 3985 1298 4056 penitus
1325 3983 1395 4038 ab
1423 3983 1597 4054 ipsius
1627 3983 1896 4039 servitute
1934 3983 2161 4038 receda-

580 4094 705 4135 mus
733 4097 746 4133 :
777 4078 1019 4151 5.0mm
1053 4076 1201 4131 enim
1230 4083 1383 4129 extra
1422 4088 1575 4128 suam
1600 4074 1912 4144 regionem,
1946 4074 2042 4131 sed
2073 4075 2159 4129 in-

581 4181 666 4225 tra
687 4168 1001 4226 illius'ﬁnes
1031 4166 1341 4224 sacriﬁcare
1364 4164 1583 4222 Iudaeos
1606 4165 1782 4235 jubet.
1812 4164 1918 4221 Sed
1948 4166 2163 4236 sapien-

581 4264 791 4320 tissime
841 4262 1092 4335 Moyses,
1143 4280 1162 4313 ι
1208 4261 1331 4316 Νοιι
1363 4268 1545 4331 potest
1588 4258 1708 4315 ﬁeri
1750 4258 1850 4324 sic,
1901 4278 1921 4311 ι
1959 4259 2158 4329 inquit.

579 4356 808 4428 Semper
835 4358 985 4413 enim
1020 4357 1112 4413 ille
1139 4354 1350 4427 peccati
1381 4355 1636 4410 inventor
1674 4353 1743 4409 ad
1770 4369 1858 4409 res
1885 4353 2164 4425 improbas

2267 1960 2371 2025 ξως
2398 1962 2719 2033 ἐπράττετο,
2752 1961 3015 2033 βάτραχοί
3039 1978 3101 2015 τε
3130 1963 3225 2016 καὶ
3252 1962 3501 2029 σκνίπες,
3539 1962 3631 2016 καὶ
3668 1961 3858 2017 τελευ-

2264 2054 2391 2108 ταία
2415 2054 2706 2125 κυνάμυια,
2735 2053 3156 2126 μαλθακώτερον
3177 2055 3278 2127 ἤδη
3296 2072 3411 2119 πως
3435 2055 3511 2118 ὡς
3531 2053 3590 2121 ὲξ
3608 2054 3857 2125 ἀνάγκης

2269 2148 2331 2201 οὺ
2371 2148 2616 2219 φορητῆς
2648 2146 2945 2202 ἀπετέλουν
2982 2148 3073 2203 τὸν
3104 2145 3327 2219 Φαραώ.
3378 2147 3855 2217 Είσκαλεσάμενος

2263 2239 2327 2313 δὴ
2361 2241 2488 2305 τοὺς
2526 2240 2672 2311 ἀμφὶ
2708 2239 2934 2305 Μωσέα,
2968 2240 3134 2311 φησίν
3157 2257 3173 2270 ο
3215 2259 3233 2292 ι
3272 2238 3619 2303 Είσελθόντες
3656 2238 3855 2292 θύσατε

2266 2332 2456 2403 Κυρίῳ
2477 2329 2556 2403 τῷ
2579 2330 2700 2403 Θεῷ
2731 2331 2886 2402 ὑμῶν
2919 2335 2977 2387 ὲν
3008 2335 3075 2405 τῇ
3113 2336 3210 2405 γῇ.
3236 2334 3345 2386 Καὶ
3371 2327 3491 2385 εἷπε
3517 2331 3745 2401 Μωσῆς,
3779 2330 3854 2384 Οὐ

2264 2424 2487 2478 δυνατὸν
2527 2423 2782 2494 γενέσθαι
2819 2423 3032 2488 οὕτως·
3076 2424 3145 2478 τὰ
3191 2424 3301 2496 γὰρ
3357 2422 3705 2494 βδελύγματα
3747 2421 3855 2474 τῶν

2262 2515 2580 2584 Αἰγυπτίων
2621 2513 2860 2587 θύσομεν
2898 2515 3091 2588 Κυρίῳ
3124 2514 3201 2586 τῷ
3230 2515 3347 2587 Θεῷ
3371 2515 3550 2586 ἡμῶν.
3597 2513 3725 2567 Ἐὰν
3746 2514 3855 2585 γὰρ

2265 2607 2518 2679 θύσωμεν
2554 2607 2748 2680 Κυρίῳ
2778 2607 2858 2678 τῷ
2894 2607 3015 2679 Θεῷ
3054 2607 3219 2679 ἡμῶν
3253 2607 3323 2661 τὰ
3361 2606 3708 2678 βδελύγματα
3745 2605 3853 2659 τῶν

2264 2701 2577 2770 Αἰγυπτίων
2612 2702 2855 2756 ἐναντίον
2881 2701 3082 2766 αὐτῶν,
3113 2699 3669 2772 λιθοϐοληθησόμεθα.
3706 2698 3854 2753 Ὀδὸν

2262 2795 2430 2865 τριῶν
2453 2794 2679 2866 ἡμερῶν
2702 2793 3086 2865 πορευσόμεθα
3110 2795 3190 2857 είς
3208 2792 3306 2865 τὴν
3328 2792 3558 2865 ἔρημον,
3581 2793 3678 2848 καὶ
3702 2793 3858 2847 θύσο-

2268 2903 2366 2956 μεν
2396 2886 2587 2959 Κυρίῳ
2614 2886 2693 2958 τῷ
2725 2885 2846 2957 Θεῷ
2871 2885 3049 2957 ἡμῶν,
3082 2884 3334 2957 καθάπερ
3362 2880 3513 2939 εἶπεν
3553 2887 3705 2956 ἡμῖν.
3743 2885 3857 2938 Καὶ

2264 2973 2385 3030 εἷπε
2409 2974 2640 3047 Φαραώο
2685 2974 2828 3045 Ἐγὼ
2856 2975 3143 3029 ἀποστελῶ
3189 2976 3355 3046 ὑμᾶς,
3392 2975 3489 3030 καὶ
3518 2974 3712 3029 θύσετε
3748 2976 3857 3027 Κυ-

2268 3070 2367 3141 ρίῳ
2398 3069 2476 3141 τῷ
2499 3068 2617 3141 Θεῷ
2657 3070 2810 3140 ὑμῶν
2835 3071 2891 3123 ὲν
2919 3071 2984 3140 τῇ
3018 3069 3230 3140 ἐρήμῳ,
3256 3068 3370 3123 ἀλλ’
3391 3068 3452 3122 ού
3477 3066 3697 3139 μακρὰν
3722 3069 3859 3121 ἀπο-

2265 3163 2469 3214 τενεῖτε
2502 3161 2597 3215 τοῦ
2618 3161 2990 3232 πορευθῆναι.
3023 3179 3042 3212 ι
3099 3159 3474 3230 Ἀντεξάγοντι
3514 3161 3611 3232 μὲν
3635 3160 3747 3231 γὰρ
3779 3160 3855 3231 τῷ

2263 3254 2512 3324 Σατανᾷ,
2553 3253 2651 3306 καὶ
2685 3255 2809 3317 ταῖς
2846 3254 2927 3317 είς
2967 3253 3027 3307 rb
3069 3253 3275 3322 ἀγαθὸν
3316 3253 3474 3325 ἡμῶν
3517 3253 3855 3325 προθυμίαις

2262 3345 2651 3417 ἀντιφέρεσθαι
2698 3347 2960 3414 ὲγνωκὸτι
3004 3346 3267 3411 νεανικῶς
3306 3347 3407 3419 τὴν
3455 3344 3652 3400 ἑαυτοῦ
3698 3363 3854 3418 μισο-

2263 3438 2551 3514 πονηρίαν,
2581 3437 2930 3508 ἀντανίστησι
2957 3437 3120 3504 Θεὸς,
3162 3437 3257 3492 καὶ
3294 3438 3560 3509 κατάγχει
3589 3438 3855 3510 θρασυνόο

2265 3548 2424 3603 μενον
2444 3571 2460 3594 ,
2512 3532 2607 3585 καὶ
2652 3529 2960 3584 τιθασσεύει
3010 3530 3266 3601 πληγαῖς.
3311 3531 3370 3584 '0
3415 3531 3473 3585 δὲ
3525 3534 3646 3584 τότε
3699 3531 3854 3603 μόλις

2263 3625 2446 3696 ἐφίησι
2485 3623 2584 3696 μὲν
2612 3623 2710 3694 οὐχ
2743 3620 2885 3676 ἑκών
2903 3637 2917 3653 ·
2945 3623 3200 3694 πειρᾶται
3227 3623 3273 3676 δ’
3302 3618 3396 3678 οὖν
3434 3624 3588 3694 ὅμως
3620 3623 3848 3677 ἀναπεί-

2263 3717 2375 3771 θειν
2417 3718 2598 3789 ἡμᾶς,
2630 3713 2899 3769 ποιεῖσθαι
2941 3713 3041 3785 μὲν
3073 3715 3173 3768 οὐκ
3209 3716 3411 3787 ἀκριϐῆ
3454 3716 3555 3787 τὴν
3598 3718 3679 3780 είς
3720 3716 3852 3771 Θεὸν

2262 3810 2519 3883 λατρείαν
2553 3851 2569 3876 ,
2604 3808 2678 3881 μὴ
2723 3809 2828 3881 μὴν
2864 3807 2945 3862 ἔτι
2980 3808 3257 3871 παντελῶς
3306 3809 3402 3863 καὶ
3443 3810 3542 3880 τῆς
3578 3811 3666 3862 ἐπ’
3701 3809 3852 3879 αὐτῷ

2262 3902 2507 3967 δουλείας
2537 3903 2857 3973 ἀποφοιτᾷν.
2891 3902 2965 3954 Οὐ
3001 3900 3110 3974 γὰρ
3140 3900 3245 3968 ἔξω
3282 3903 3386 3971 γῆς
3432 3900 3568 3965 ίδίας
3592 3942 3606 3963 ,
3642 3901 3758 3955 ἀλλ’
3794 3904 3851 3956 ὲν

2262 3993 2400 4064 αὐτῇ
2431 3993 2628 4063 χρῆναι
2661 3990 2809 4045 θύειν
2836 3993 2953 4053 τοῖς
2986 3990 3259 4055 Ἰουδαίοις
3286 3990 3525 4048 ἐκέλευε.
3554 3990 3851 4059 Σοφιῦτατα

2259 4084 2317 4138 δὲ
2343 4083 2568 4152 Μωσῆς,
2605 4102 2624 4135 ι
2664 4083 2739 4137 Οὐ
2765 4083 2988 4137 δυνατὸν
3022 4081 3277 4151 γενέσθαι
3309 4081 3475 4150 οὔτω,
3522 4101 3543 4136 ι
3568 4083 3722 4153 φησί.
3761 4083 3852 4136 Γί-

2261 4194 2409 4231 νεται
2464 4177 2562 4248 μὲν
2615 4176 2725 4248 γὰρ
2777 4177 2864 4231 ἀεὶ
2909 4178 3018 4232 τῶν
3064 4175 3282 4246 φαύλων
3324 4175 3625 4247 εἰσηγητὴς
3671 4177 3701 4230 ὁ
3750 4178 3850 4247 τῆς

2261 4268 2535 4338 ἁμαρτίας
2569 4266 2798 4337 εὑρετής
2822 4280 2834 4295 ·
2868 4266 3143 4336 ἐκπέμπει
3172 4264 3229 4319 δὲ
3259 4264 3423 4335 νόμος
3452 4265 3481 4317 ὁ
3516 4264 3658 4329 θεῖος
3685 4264 3845 4333 αὐτὰ,

2262 4358 2358 4411 καὶ
2386 4357 2691 4427 ἁποφάσκει
2724 4357 2788 4410 τὸ
2809 4357 2964 4429 δρᾷν,
2993 4357 3138 4428 ἅπερ
3165 4357 3232 4412 ἂν
3263 4358 3454 4428 ἐκείνῳ
3489 4357 3639 4430 δοκῇ.
3675 4358 3848 4429 Προσ-

577 4456 663 4502 est
692 4457 916 4515 auctor;
949 4463 1042 4503 eas
1069 4456 1251 4503 autem
1282 4446 1463 4518 rejicit
1498 4448 1585 4503 lex
1614 4446 1820 4513 divina,
1848 4462 2021 4518 eaque
2042 4447 2161 4503 ﬁeri

2265 4451 2452 4506 εκτέον
2490 4452 2780 4524 τοιγαροῦν
2830 4454 2941 4516 τοῖς
2995 4452 3239 4505 ἐθέλουσι
3288 4450 3438 4521 βιοῦν
3486 4451 3701 4523 ὀρθῶς,
3750 4452 3847 4522 οὐχ

576 4549 747 4605 vetat,
778 4550 901 4611 quae
945 4541 1024 4596 illi
1068 4542 1338 4611 placeant.
1372 4539 1444 4595 lis
1477 4539 1645 4611 igitur
1672 4539 1767 4610 qui
1799 4549 1946 4596 recte
1976 4540 2160 4595 vivere

2265 4541 2457 4616 οἷσπερ
2492 4545 2559 4600 ἂν
2597 4545 2749 4615 λέγοι
2783 4545 3089 4615 φενακίζων
3141 4546 3170 4598 ὁ
3216 4544 3481 4618 Πονηρὸς,
3515 4545 3631 4599 ἀλλ’
3670 4539 3753 4609 οἷς
3788 4545 3848 4600 τὸ

578 4633 773 4699 velint,
798 4632 1151 4697 attendenda,
1181 4647 1289 4687 non
1321 4646 1444 4701 qua:
1472 4631 1746 4702 malignus
1770 4630 1864 4686 ille
1902 4630 2164 4701 deceptor

2265 4638 2401 4693 θεῖον
2430 4641 2564 4711 ἡμῖν
2600 4640 2875 4709 ἀναφωνεῖ
2904 4637 3305 4710 χρησμῴδημα.
3345 4658 3363 4691 ι
3411 4638 3618 4710 Λύχνος
3651 4638 3782 4710 γὰρ,
3821 4656 3842 4690 ι

579 4724 794 4789 suadet,
827 4724 926 4779 sed
955 4722 1357 4794 qua3_divinum
1398 4736 1724 4792 responsum
1769 4721 1956 4777 edicit.
1998 4741 2016 4773 ι
2052 4723 2164 4777 Lu-

2265 4731 2415 4801 φησὶ,
2446 4750 2464 4783 ι
2498 4734 2612 4796 τοῖς
2635 4731 2760 4787 ποσί
2789 4747 2891 4803 μου
2915 4732 2944 4785 ὁ
2973 4732 3134 4802 νόμος
3168 4747 3283 4799 σου,
3316 4731 3412 4787 καὶ
3445 4730 3562 4802 φῶς
3585 4732 3707 4795 ταῖς
3730 4731 3848 4803 τρίς

579 4830 744 4870 cerua
776 4814 945 4878 enim,
985 4832 1004 4863 ι
1045 4812 1245 4882 inquit,
1292 4830 1312 4864 ι
1354 4811 1592 4883 pedibus
1634 4811 1773 4865 meis
1812 4810 1899 4865 lex
1951 4819 2061 4877 tua,
2109 4823 2164 4868 et

2265 4824 2378 4887 δοις
2413 4841 2537 4895 μου.
2582 4842 2601 4877 ι

581 4907 768 4960 lumen
827 4903 1039 4958 semitis
1064 4902 1202 4957 meis
1228 4903 1271 4957 ’.
1308 4920 1328 4954 ι

652 4995 851 5053 PALL.
887 4995 968 5050 lta
1000 5000 1106 5048 est.

647 5089 806 5148 CYR.
840 5088 985 5160 Ergo
1010 5102 1135 5143 cum
1168 5086 1259 5142 ille
1292 5085 1566 5155 malignus
1592 5102 1697 5142 nos
1724 5087 1969 5143 detineat
2000 5097 2164 5158 atque

578 5185 840 5241 cohibere
871 5183 1025 5247 velit,
1061 5180 1277 5251 sibique
1322 5178 1615 5250 subjicere,
1657 5179 2006 5235 serviendum
2049 5182 2162 5237 Deo

578 5286 663 5330 est
705 5276 807 5340 illi,
839 5275 934 5346 qui
979 5272 1285 5329 secundum
1329 5278 1581 5325 naturam
1645 5271 1796 5326 solus
1832 5282 1948 5339 est;
1998 5281 2161 5344 atque

579 5368 700 5422 sine
727 5368 840 5423 ullo
867 5376 1016 5422 metu
1046 5366 1343 5423 dicendum
1371 5381 1384 5417 :
1425 5381 1443 5415 ι
1482 5363 1604 5418 Νοιι
1636 5369 1817 5434 potest
1849 5362 1967 5418 ﬁeri
1995 5364 2093 5419 sic.
2130 5384 2151 5416 ι

575 5487 652 5502 -
678 5480 696 5513 ι
724 5461 897 5516 Nemo
934 5462 1082 5516 enim
1126 5467 1308 5531 potest
1354 5457 1572 5513 duobus
1615 5456 1852 5512 dominis
1900 5458 2106 5514 servire
2140 5477 2154 5513 :

579 5564 675 5609 aut
705 5553 853 5609 enim
900 5569 1070 5608 unum
1117 5552 1245 5607 odio
1284 5550 1531 5617 habebit,
1565 5558 1623 5605 et
1654 5550 1887 5605 alterum
1934 5549 2151 5621 diliget;

579 5656 675 5702 aut
723 5661 894 5702 unum
940 5645 1255 5710 sustinebit,
1304 5654 1363 5700 et
1409 5643 1644 5697 alterum
1678 5649 1993 5697 contemnet
2023 5642 2087 5696 ¹⁰.
2130 5660 2149 5694 ι

2337 4998 2546 5053 ΠΑΛΔ.
2589 4997 2833 5070 Ἀληθές.

2335 5092 2501 5147 ΚΥΡ.
2534 5091 2856 5164 Συνέχοντος
2899 5092 3082 5147 τοίνυν
3118 5094 3287 5165 ἡμᾶς,
3332 5095 3499 5165 ῆγουν
3531 5092 3842 5165 καθείργειν

2267 5179 2541 5245 ἐθέλοντος
2571 5182 2663 5236 καὶ
2697 5183 2789 5235 ὑπ’
2834 5182 2984 5255 αὐτῷ
3010 5185 3300 5248 ποιεῖσθαι,
3332 5183 3425 5238 τοῦ
3456 5184 3722 5255 Πονηροῦ,
3745 5184 3838 5238 λα·

2265 5273 2521 5345 τρευτέον
2542 5273 2661 5345 Θεῷ
2686 5273 2764 5345 τῷ
2795 5275 2934 5329 κατὰ
2965 5275 3127 5345 φύσιν
3153 5276 3320 5347 μόνῳ,
3343 5276 3438 5329 καὶ
3462 5277 3712 5347 διψυχίας
3742 5277 3842 5329 ίόν-

2263 5382 2357 5430 τες
2384 5365 2461 5430 ὡς
2498 5367 2791 5429 ἀπωτάτω,
2839 5367 3123 5440 λέγωμεν,
3158 5388 3179 5421 ι
3216 5369 3292 5423 Οὐ
3330 5368 3554 5423 δυνατὸν
3591 5368 3872 5447 γενέσθαι.

2264 5457 2456 5522 οὕτως.
2485 5478 2534 5510 ι-
2547 5478 2606 5510 -ι
2629 5458 2861 5513 Δύναται
2877 5459 2985 5531 γὰρ
3003 5460 3177 5523 οὐδεὶς
3196 5461 3317 5514 δυσὶ
3328 5462 3536 5529 κυρίοις
3553 5460 3837 5515 δουλεύειν

2263 5548 2297 5619 ἦ
2324 5546 2432 5618 γὰρ
2470 5549 2565 5605 τὸν
2596 5549 2692 5603 ἕνα
2722 5552 2973 5621 μισήσει,
3009 5553 3106 5605 καὶ
3136 5552 3226 5606 τὸν
3255 5553 3441 5623 ἕτερον
3470 5553 3767 5621 ἀγαπήσειν
3804 5552 3838 5625 ἢ

2261 5639 2355 5694 τοῦ
2394 5640 2513 5706 ἑνὸς
2552 5641 2852 5710 ἀνθέξεται,
2882 5644 2976 5699 καὶ
3003 5643 3097 5699 τοῦ
3130 5644 3319 5717 ἐτέρου
3357 5643 3781 5714 καταφρονήσει.
3815 5661 3835 5696 ι

653 5834 671 5864 ³
698 5832 871 5887 Exod.
904 5828 1104 5895 vm,‘25
1127 5843 1245 5897 sqq.
1322 5829 1343 5859 ⁹
1366 5826 1508 5882 Psal.
1532 5840 1713 5894 cxvm,
1742 5822 1863 5879 105.
1941 5823 1984 5857 ¹⁶
2002 5822 2191 5880 Matth.
2232 5838 2349 5891 xm,
2374 5820 2466 5877 24.
2506 5854 2513 5875 ι
