4082 6304
250 354 360 414 197
406 336 437 395 '7

998 354 1090 414 DE
1125 350 1569 413 ADORATIONE
1606 354 1679 411 ιιι
1716 350 1991 411 SPlRlTU
2031 351 2122 408 ET
2157 349 2529 411 malum.
2572 350 2703 414 LIB.
2733 351 2776 407 ι.

3416 351 3515 413 198

246 476 568 546 Γέγραπται
594 471 652 526 δὲ
674 463 765 536 αῦ,
793 488 812 523 ι
854 470 991 525 Οὐαὶ
1021 471 1267 543 καρδίαις
1295 468 1495 534 δειλαῖς
1513 512 1527 536 ,
1556 471 1653 523 καὶ
1680 469 1834 541 χερσὶ

1943 468 2219 539 Scriptum
2246 476 2328 525 est
2360 467 2492 523 item
2519 482 2532 519 :
2558 483 2577 516 ι
2608 464 2700 521 Vae
2723 463 2984 520 cordibus
3010 463 3236 531 timidis,
3261 472 3317 520 et
3341 462 3517 518 mani-

245 562 635 636 παρειμέναις,
669 562 765 615 καὶ
790 560 1101 632 ἁμαρτωλῷ
1127 561 1459 615 ὲπιὸαίνοντι
1480 560 1573 614 ἐπὶ
1604 558 1696 614 δύο
1715 560 1833 635 τρίο

247 655 378 718 σονς
397 650 419 709 l
443 672 463 705 ι
498 652 714 724 Χρῆναι
739 653 850 724 γὰρ
896 652 1072 720 ἐγωγὲ
1101 668 1265 724 φημι,
1286 649 1534 724 καθαρὰν
1562 652 1655 705 καὶ
1679 650 1836 722 ἀμώ-

251 763 424 817 μητον
458 743 727 799 ποιεῖσθαι
754 743 1010 814 λατρείαν
1037 743 1114 816 τῷ
1142 743 1358 798 πάντων
1378 742 1663 815 κρατοῦντι
1692 740 1831 812 Θεῷ,

246 836 718 907 ἐκπεφοιτηκότας
763 835 995 891 εἰσάπαν
1041 839 1140 907 τῆς
1189 835 1280 889 ὑπ’
1318 836 1512 906 ἐκείνῳ
1542 834 1832 906 λατρείαςο

246 928 396 981 οὕτω
420 944 480 980 τε
507 927 644 1000 πρὸς
681 926 781 995 τὴν
812 926 1018 996 ἀμείνω
1051 925 1236 997 ζητεῖν
1270 925 1403 997 ἰέναι
1427 924 1710 994 γεννικῶςο
1740 925 1838 980 ἄλο

246 1017 361 1081 λως
390 1034 475 1085 τε,
521 1035 543 1069 ι
591 1016 671 1070 Τὰ
709 1016 1050 1086 βδελύγματα
1095 1015 1206 1070 τῶν
1238 1015 1586 1084 Αἰγυπτίων,
1618 1035 1638 1068 ι
1677 1018 1832 1087 φησι,

254 1126 276 1160 ι
313 1105 550 1177 θύσομεν
579 1106 769 1178 Κυρίῳ
799 1105 879 1176 τῷ
908 1106 1028 1178 Θεῷ
1056 1107 1232 1178 ἡμῶν.
1283 1107 1409 1160 Ἐὰν
1435 1106 1544 1179 γὰρ
1583 1106 1836 1177 θύσωμεν

246 1198 322 1253 τὰ
355 1199 697 1269 βδελύγματα
724 1198 832 1252 τῶν
857 1198 1168 1267 Αἰγυπτίων
1201 1198 1438 1254 ἐναντίον
1468 1200 1666 1264 αὐτῶν,
1693 1199 1836 1252 λιθο-

250 1290 686 1364 ϐοληθησὸμεθα.
730 1311 751 1344 ι
790 1293 904 1347 Καὶ
931 1292 1054 1347 ὅσον
1086 1291 1183 1362 μὲν
1219 1288 1354 1364 ἧκεν
1387 1291 1469 1356 είς
1504 1309 1569 1361 γε
1603 1292 1696 1346 τὸν
1734 1292 1835 1362 τῆς

252 1385 499 1456 ἰστορίας
516 1384 691 1453 λόγον,
714 1384 1024 1455 εὐάφορμος
1046 1385 1080 1455 ἡ
1105 1384 1455 1456 παραίτησις.
1482 1383 1834 1454 Βδελύγματα

252 1473 369 1544 γὰρ
398 1473 581 1528 ἐνθάδε
609 1476 764 1546 φησὶ,
787 1475 854 1528 τὰ
881 1474 1200 1544 σεϐάσματα
1221 1493 1233 1505 ·
1264 1474 1453 1545 μόσχοι
1482 1475 1538 1528 δὲ
1561 1471 1698 1545 ἦσαν
1721 1478 1837 1539 τοῖς

250 1567 572 1636 Αἰγυπτίοις
602 1566 665 1619 τὸ
704 1566 887 1629 σέϐας.
933 1567 1103 1619 Ταυτὶ
1140 1567 1219 1633 δὲ,
1275 1567 1461 1637 φησὶν,
1515 1568 1563 1620 εἰ
1606 1566 1684 1638 τῷ
1727 1567 1834 1622 τῶν

263 1659 531 1731 Ἐϐραίων
558 1657 937 1729 καταθύσομεν
975 1657 1095 1728 Θεῷ
1116 1698 1131 1722 ,
1166 1660 1507 1729 ἀκονήσομεν
1541 1659 1622 1722 εἰς
1664 1659 1835 1732 ὀργὰς

252 1752 435 1822 πάντη
468 1767 527 1803 τε
561 1751 656 1804 καὶ
681 1750 896 1814 πάντως
925 1751 1051 1812 τοὺς
1080 1750 1432 1817 Αἰγυπτίους,
1461 1748 1740 1804 δύσοιστον
1773 1750 1834 1804 τὸ

250 1843 445 1915 χρῆμα
492 1841 867 1913 ποιουμένους.
913 1842 1068 1895 Ἔσθ⁹
1118 1842 1207 1895 ὅτε
1252 1842 1346 1894 καὶ
1389 1841 1611 1906 πιθανὸς
1654 1837 1850 1910 λόγος.’

252 1934 422 1987 Ὅσον
449 1932 506 1987 δὲ
531 1928 665 2006 ἧκεν
703 1933 784 1996 εἰς
821 1931 1054 2005 θεωρίαν
1086 1932 1481 2004 πνευματικὴν,
1508 1932 1569 1985 οὐ
1611 1932 1835 2004 μετρίαν

251 2025 369 2096 ἔχει
386 2026 485 2097 τὴν
506 2026 707 2098 δνησιν.
738 2028 804 2082 Ὅ
822 2027 926 2097 γὰρ
945 2021 1053 2078 οἶδε
1082 2026 1315 2096 μάλιστα
1338 2027 1523 2097 τιμᾷν,
1546 2026 1638 2078 καὶ
1666 2025 1833 2078 ποιεῖ-

248 2135 345 2173 ται
379 2118 507 2189 περί
551 2118 768 2182 πολλοῦ,
796 2118 937 2184 ἀξιοῖ
971 2133 1032 2170 τε
1073 2116 1232 2185 λόγου
1281 2116 1481 2180 παντὸς
1509 2118 1542 2187 ἡ
1574 2114 1681 2169 τῶν
1722 2115 1837 2167 δαι-

252 2209 457 2276 μονίων
494 2208 705 2279 πληθὺς
727 2249 742 2275 ,
796 2207 1257 2280 κατανεκροῦντες
1291 2206 1454 2278 ἡμεῖς
1497 2204 1724 2277 ἡδίστην
1760 2203 1837 2276 τῷ

244 2298 375 2372 Θεῷ
396 2298 655 2372 τελοῦμεν
689 2300 967 2371 λατρείαν.

330 2483 538 2537 ΠΑΛΔ.
569 2481 697 2545 Πῶς
730 2479 898 2552 ἔφης

325 2579 490 2634 ΚΥΡ.
519 2578 591 2629 Ἦ
620 2575 728 2647 γὰρ
749 2574 871 2645 οὑχί
896 2572 964 2628 τὰ
991 2572 1093 2642 τῆς
1123 2568 1322 2642 σαρκὸς
1349 2566 1497 2638 πάθη
1527 2566 1683 2638 τίμια
1710 2564 1837 2637 παρ’

257 2660 624 2736 ἑαυτοῖςςκαὶ
652 2668 790 2739 οὐχίτ
811 2665 1027 2727 πάντως
1060 2662 1125 2716 δι’
1156 2661 1344 2727 ἑαυτὰ,
1375 2660 1489 2714 ἀλλ’
1531 2657 1739 2711 ὲπείτοι
1769 2658 1838 2710 δι’

256 2762 436 2818 αὐτῶν
469 2758 764 2831 ὀλλύμεθα,
804 2756 901 2811 καὶ
943 2756 1079 2829 πρὸς
1117 2752 1359 2808 δουλείαν
1399 2752 1497 2825 τὴν
1536 2752 1627 2804 ὐπ’
1657 2751 1839 2815 αὐτοῖς

255 2852 675 2925 κατεσφίγμεθα
694 2869 710 2917 ;

324 2946 537 3000 ΠΑΛΛ.
578 2942 821 3013 Ἀληθές.

328 3035 494 3091 ΚΥΡ.
528 3033 716 3089 Ταῦτα
752 3032 818 3103 δὴ
862 3026 1182 3103 νεκροῦντες
1219 3026 1313 3080 καὶ
1340 3026 1502 3079 οἱονεὶ
1553 3024 1839 3092 κατασφά-

258 3126 464 3193 ζοντες,
504 3127 586 3190 είς
617 3124 792 3195 ὀσμὴν
831 3122 1059 3183 εὐωδίας
1090 3118 1324 3186 ἐσόμεθα
1359 3116 1437 3189 τῷ
1466 3115 1609 3188 Θεῷ.
1632 3116 1839 3187 Γράφει
1868 3157 1910 3213 C

256 3222 314 3276 δὲ
344 3222 373 3274 ὁ
400 3218 613 3282 Παῦλος
651 3217 781 3271 ὠδίο
835 3235 855 3267 ι
893 3212 1290 3284 Παραστήσατε
1325 3209 1395 3264 τὰ
1433 3209 1657 3280 σώματα
1688 3207 1842 3279 ὑμῶν

257 3313 451 3368 θυσίαν
487 3312 669 3377 ζῶσαν
687 3349 703 3375 ,
731 3308 1024 3381 εὐάρεστον
1050 3306 1128 3377 τῷ
1173 3303 1295 3376 Θεῷ
1313 3346 1327 3369 ,
1356 3303 1455 3375 τὴν
1484 3301 1708 3373 λογικὴν
1737 3300 1845 3354 λα-

256 3406 445 3478 τρείαν
471 3405 647 3476 ὑμῶν.
683 3421 702 3455 ι
735 3401 893 3475 Δρῴη
920 3400 963 3453 δ’
986 3399 1051 3454 ἂν
1076 3396 1285 3451 τοιοῦτό
1307 3414 1389 3460 τις
1416 3394 1610 3469 ὀρθῶς,
1635 3392 1845 3464 νεκρῶν

258 3497 329 3551 τὰ
357 3497 500 3569 μέλη
530 3495 601 3548 τὰ
630 3495 723 3546 ἐπὶ
757 3493 854 3563 τῆς
879 3493 1005 3563 γῆς,
1047 3489 1324 3560 πορνείαν,
1351 3485 1712 3557 ἀκαθαρσίαν,
1744 3483 1847 3536 πά-

259 3587 376 3651 θος,
402 3584 697 3656 ἐπιθυμίαν
727 3583 926 3654 κακὴν,
960 3581 1055 3634 καὶ
1080 3579 1177 3650 τὴν
1208 3576 1535 3641 πλεονεξίαν.
1576 3575 1845 3628 Ἔκαστον

260 3677 358 3735 οὖν
393 3681 504 3751 ἄρα
524 3677 630 3732 τῶν
657 3679 714 3732 ὲν
737 3677 868 3747 ἡμῖν
901 3672 1121 3735 παθῶν,
1159 3669 1470 3739 Αἰγυπτίων
1503 3667 1613 3721 τῶν
1639 3665 1846 3737 νοητῶν

264 3775 383 3826 ἐστι
415 3770 707 3842 βδέλυγμα,
736 3766 882 3821 τοῦτ’
910 3765 1025 3818 ἐστι
1044 3805 1057 3829 ,
1088 3760 1551 3832 σεϐασμιώτατον.
1582 3760 1704 3812 Ὅτι
1723 3756 1847 3828 ξγὰρ

262 3864 383 3927 ἔθος
413 3865 481 3933 τῇ
512 3861 631 3932 θείᾳ
666 3860 855 3931 Γραφῇ
905 3856 1182 3927 βδέλυγμα
1222 3853 1401 3920 λέγειν
1434 3851 1495 3904 τὸ
1535 3851 1594 3903 ὲν
1628 3848 1845 3902 εἰδώλου

264 3955 439 4023 τάξει,
468 3954 565 4007 καὶ
594 3951 756 4005 οἱονεί
787 3968 840 4003 τι
864 3948 1050 4011 σέϐας,
1091 3944 1372 3999 ἀναπείθει
1409 3943 1582 4011 λέγων
1606 3938 1734 4004 Θεὸς
1761 3939 1849 3993 διὰ

265 4049 366 4119 τῆς
417 4044 687 4119 Ἱερεμίου
734 4039 952 4112 φωνῆς,
993 4039 1120 4110 περί
1155 4037 1252 4108 τῆς
1291 4034 1557 4088 Ἰουδαίων
1596 4034 1848 4100 Συναγωυ

265 4138 401 4210 γῆς.
448 4155 468 4188 ε
523 4135 591 4188 τι
623 4135 658 4206 ἠ
702 4129 1037 4203 ἠγαπημένη
1088 4130 1145 4183 ὲν
1189 4125 1267 4197 τῷ
1310 4126 1444 4195 οἴκῳ
1492 4140 1591 4194 μου
1625 4122 1848 4191 ἐποίησε

270 4229 576 4300 βδέλυγμας
621 4246 640 4278 ι
680 4226 742 4277 Εἰ
778 4225 833 4276 δὲ
860 4223 923 4295 δή
951 4239 1031 4285 τις
1067 4219 1308 4293 βούλοιτο
1352 4216 1529 4285 λέγειν
1577 4214 1850 4285 βδέλυγμα

270 4321 373 4373 τῶν
414 4316 733 4387 Αἰγυπτίων
784 4314 846 4368 τὸ
880 4313 1041 4367 οἱονεὶ
1094 4311 1314 4384 μίσημα
1360 4310 1453 4362 καὶ
1497 4307 1844 4377 παραίτησιν,

267 4412 367 4465 οὐκ
401 4411 468 4465 ἂν
493 4408 757 4479 ὲξοίχοιτο
781 4403 874 4459 τοῦ
908 4404 1211 4475 πρέποντος
1237 4400 1329 4455 νοῦ
1356 4418 1369 4431 ·
1402 4400 1438 4454 δι
1466 4400 1571 4473 γὰρ
1616 4398 1735 4461 ἔθος
1765 4398 1850 4450 ἀεὶ

279 4506 450 4573 μισεῖν
483 4502 582 4556 καί
612 4496 1126 4553 καταθδελύττεσθαι
1156 4497 1270 4557 τοῖς
1314 4491 1646 4562 ἀκαθάρτοις
1691 4487 1852 4542 πνεύ-

1935 558 2039 614 bus
2069 557 2376 622 dissolutis,
2405 568 2462 611 et
2492 555 2766 628 peccatori
2793 554 3096 611 ambulanti
3122 570 3221 625 per
3253 554 3391 609 duas
3424 569 3513 609 se-

1934 650 2099 705 mitas
2132 650 2211 702 “l
2251 669 2270 702 ι
2304 648 2534 718 Oportet
2576 646 2754 712 enim,
2789 655 2853 700 ut
2888 661 2991 717 ego
3027 646 3225 711 sentio,
3271 645 3351 701 illi
3394 661 3514 700 om-

1932 742 2087 797 nium
2114 741 2351 812 principi
2379 742 2492 795 Deo
2512 754 2710 811 purum
2729 738 3011 803 exhibere,
3033 738 3322 808 omnisque
3345 739 3518 805 culpae

1933 840 2217 903 expertem
2245 832 2485 896 cultum,
2536 844 2787 901 egressos
2832 829 2889 882 in
2924 837 3100 883 totum
3148 829 3218 883 ab
3260 843 3325 883 ea
3370 829 3515 891 vita,

1935 938 2058 993 quae
2082 908 2184 979 sub
2206 923 2357 979 illius
2384 922 2611 993 maligni
2637 929 2722 976 est
2747 920 2986 986 ditione;
3016 921 3208 990 sicque
3232 920 3300 974 ad
3330 920 3518 973 lauda-

1935 1014 2189 1070 biliorem
2225 1015 2374 1070 illam
2409 1014 2640 1069 alteram
2670 1011 2886 1066 fortiter
2921 1010 3147 1064 tendere
3193 1027 3206 1062 :
3250 1010 3515 1079 alioquin,

1944 1124 1962 1156 ι
2000 1104 2468 1170 Abominationes,
2510 1123 2528 1155 ι
2562 1103 2761 1173 inquit,
2789 1121 2806 1153 ι
2839 1100 3268 1157 sacriﬁcabimus
3289 1100 3519 1154 Domino

1936 1196 2050 1250 Deo
2092 1206 2306 1251 nostro.
2343 1196 2400 1250 Si
2443 1196 2590 1250 enim
2632 1192 3121 1249 sacriﬁcaverimus
3153 1192 3519 1246 abominatio-

1936 1304 2037 1343 ncs
2077 1287 2452 1359 [Egyptiorum
2508 1301 2694 1341 coram
2742 1285 2881 1349 illis,
2934 1284 3323 1353 lapidabimur.
3380 1302 3399 1333 ι
3442 1282 3521 1337 Ac

1936 1379 2083 1451 quod
2135 1379 2203 1433 ad
2250 1379 2517 1449 simplicis
2560 1377 2803 1431 historiae
2852 1376 3249 1445 expositionem
3293 1375 3518 1439 attinet,

1937 1470 2135 1525 idonea
2164 1477 2282 1525 erat
2311 1469 2609 1525 excusatio.
2640 1467 3091 1522 Abominationes
3121 1467 3268 1521 enim
3301 1465 3393 1519 hic
3422 1480 3519 1533 ap-

1934 1563 2121 1631 pellat,
2157 1578 2278 1632 qua'
2312 1561 2391 1615 illi
2437 1561 2693 1616 colebant
2738 1560 3015 1614 :vitulum
3061 1571 3226 1629 porro
3271 1557 3522 1611 colebant

1934 1650 2192 1724 Egyptii.
2226 1654 2351 1708 Haec
2384 1653 2573 1724 igitur,
2608 1652 2805 1721 inquit,
2836 1651 2881 1705 si
2914 1650 3265 1704 Hebraeorum
3292 1649 3403 1702 Deo
3439 1663 3522 1703 sa—

1936 1741 2386 1807 criﬁcaverimus,
2413 1742 2640 1796 omnino
2695 1755 2920 1797 necesse
2945 1747 3029 1795 est
3058 1748 3117 1794 ut
3145 1739 3521 1811 Egyptiorum

1936 1831 2043 1886 iras
2062 1846 2444 1903 provocemus,
2478 1830 2571 1901 qui
2603 1831 2708 1885 hoc
2734 1830 2960 1884 minime
2989 1828 3285 1883 ferendum.
3304 1837 3521 1898 putant.

1935 1925 2004 1980 Et
2042 1924 2343 1995 probabilis
2373 1922 2595 1994 quidem
2634 1922 2751 1976 haec
2794 1930 2878 1976 est
2920 1920 3209 1991 expositio.
3254 1919 3524 1975 Caeterum

1935 2017 2081 2088 quod
2122 2017 2190 2071 ad
2236 2013 2754 2084 contemplationem
2789 2012 3129 2083 Spiritualem
3164 2011 3378 2073 attinet,
3412 2025 3525 2066 non

1936 2109 2269 2164 mediocrem
2303 2107 2469 2161 habet
2503 2105 2828 2173 utilitatem;
2860 2104 3007 2175 quod
3038 2103 3185 2157 enim
3215 2102 3523 2157 daemonum

1936 2202 2099 2256 turba
2119 2215 2375 2271 magnum
2401 2198 2699 2263 existimat,
2727 2213 2791 2252 ac
2820 2194 3047 2267 plurimi
3073 2195 3223 2260 facit,
3251 2202 3305 2249 et
3329 2194 3385 2248 in
3414 2210 3525 2264 quo

1936 2306 2205 2348 summam
2236 2300 2404 2346 totam
2429 2290 2590 2345 sitam
2626 2303 2745 2345 esse
2784 2296 2960 2359 putat,
2992 2287 3047 2341 id
3083 2288 3127 2341 si
3161 2303 3262 2342 nos
3295 2287 3526 2341 mortiﬁ-

1938 2384 2266 2448 caverimus,
2304 2382 2677 2454 gratissimum
2718 2381 2830 2435 Deo
2866 2380 3075 2434 cultum
3108 2366 3522 2435 exhibebimus.

2009 2474 2206 2530 PALL.
2238 2474 2356 2540 Quo
2386 2474 2605 2527 tandem
2635 2472 2836 2527 modo?

2010 2559 2168 2617 (ΝΒ.
2207 2559 2383 2627 Quid?
2426 2559 2620 2615 Carnis
2651 2561 2783 2614 vitia
2824 2575 3008 2615 nonne
3041 2560 3118 2615 illi
3163 2560 3345 2631 magni
3379 2544 3527 2615 aésti-
3588 2583 3607 2598 ο

1939 2653 2128 2707 ιῐιαιιιῖ
2161 2667 2341 2722 neque
2362 2668 2495 2707 vero
2527 2651 2619 2706 illa
2647 2666 2747 2721 per
2776 2666 2834 2706 se
2864 2652 3110 2717 omnino,
3147 2652 3240 2706 sed
3272 2651 3399 2721 quia
3433 2666 3531 2721 per

1940 2742 2033 2799 illa
2081 2759 2182 2798 nos
2222 2743 2531 2815 perdimur,
2579 2750 2635 2797 et
2680 2742 2734 2796 in
2765 2757 2959 2797 eorum
2999 2751 3326 2814 potestatem
3364 2743 3529 2799 vincti

1941 2836 2236 2890 duchnur?

2009 2927 2206 2981 PALL.
2236 2927 2312 2981 ita
2342 2936 2444 2981 est.

2009 3014 2167 3069 (ΠΒ.
2199 3015 2326 3069 Haec
2374 3015 2541 3085 igitur
2586 3015 2632 3069 si
2677 3014 3225 3081 mortiﬁcaverimus,
3255 3030 3319 3069 ac
3359 3013 3531 3071 veluti

1943 3105 2385 3169 mactaverimus,
2429 3105 2487 3159 in
2535 3105 2758 3160 odorem
2804 3105 3095 3160 suavitatis
3139 3107 3350 3160 erimus
3396 3106 3528 3160 Deo.

1946 3195 2048 3267 41
2085 3195 2289 3250 Scribit
2319 3204 2503 3249 autem
2531 3196 2734 3250 Paulus
2776 3196 2834 3249 in
2868 3196 3014 3250 hunc
3046 3196 3268 3249 modum
3310 3214 3322 3249 :
3365 3215 3383 3247 ι
3421 3196 3532 3250 Ex-

1946 3288 2132 3342 hibete
2160 3303 2388 3357 corpora
2415 3296 2597 3342 vestra
2621 3287 2857 3341 hostiam
2892 3287 3190 3351 viventem,
3224 3288 3534 3357 placentem

1947 3381 2093 3445 Deo,
2139 3379 2466 3433 rationabile
2515 3378 2841 3448 obsequium
2874 3385 3119 3432 vestrum
3171 3379 3232 3432 η.
3274 3397 3293 3429 ι
3333 3377 3392 3431 Id
3440 3392 3537 3432 au-

1948 3478 2057 3524 tem
2088 3471 2135 3525 is
2159 3476 2306 3524 recte
2335 3469 2521 3535 faciet,
2550 3469 2645 3540 qui
2676 3467 3091 3524 mortiﬁcaverit
3116 3468 3383 3534 membra,
3415 3482 3537 3538 qua:

1947 3570 2075 3616 sunt
2128 3576 2293 3631 super
2344 3568 2568 3626 terram,
2618 3560 3059 3625 fornicationem,
3106 3558 3535 3613 immunditiam.

1947 3652 2255 3717 libidinem,
2283 3651 2785 3722 concupiscentiam
2815 3652 3037 3715 malam,
3066 3657 3122 3705 et
3157 3650 3441 3705 avaritiam
3470 3650 3534 3703 ¹³.

1950 3743 2174 3814 Singula
2212 3743 2400 3814 igitur,
2435 3759 2558 3814 qua:
2588 3743 2642 3796 in
2683 3741 2848 3795 nobis
2880 3742 3069 3796 insunt
3095 3741 3249 3804 vitia,
3281 3741 3541 3809 spiritua-

1948 3834 2083 3889 lium
2112 3833 2491 3905 Egyptiorum
2520 3832 2961 3887 abominationes
2993 3840 3141 3896 sunt,
3172 3830 3226 3885 id
3261 3838 3366 3895 cst,
3397 3845 3538 3900 prae-

1949 3927 2146 3997 cipuus
2173 3941 2365 3981 eorum
2395 3926 2595 3981 cultus.
2629 3924 2763 3980 Esse
2798 3932 2985 3979 autem
3024 3923 3172 3977 hunc
3202 3936 3411 3976 morem
3450 3935 3539 3976 sa-

1949 4030 2164 4072 crarum
2193 4017 2549 4083 Litterarum,
2578 4025 2637 4070 ut
2677 4016 2825 4086 quod
2862 4015 2995 4070 idoli
3039 4014 3159 4069 vice
3199 4013 3291 4080 sit,
3333 4020 3390 4067 et
3432 4028 3542 4066 nu-

1948 4108 2135 4173 minis,
2184 4108 2647 4163 abominationem
2697 4107 2995 4177 appellent,
3045 4104 3334 4159 conﬁrmat
3373 4102 3539 4165 Deus,

1950 4214 2075 4255 cum
2097 4215 2196 4270 per
2208 4200 2459 4255 Ieremia:
2481 4214 2673 4254 vocem
2700 4199 2766 4252 de
2801 4197 3114 4253 Iudaeorum
3146 4195 3426 4264 Synagoga
3454 4190 3541 4244 di-

1950 4291 2068 4346 cit:
2107 4311 2125 4343 (
2159 4291 2272 4347 Cur
2304 4290 2504 4345 dilecta
2535 4291 2591 4344 in
2636 4290 2800 4344 domo
2845 4304 2966 4341 mea
3009 4286 3139 4340 fecit
3177 4282 3540 4338 abominatio-

1952 4400 2077 4438 nem
2109 4382 2485 4454 (Egyptiorum
2534 4382 2614 4434 ¹δῖ
2668 4400 2686 4432 ι
2736 4380 2792 4435 Si
2841 4378 2965 4447 quis
3008 4386 3191 4430 autem
3238 4373 3544 4442 intelligere

1884 4508 1927 4561 Ι)
1954 4473 2196 4527 voluerit
2228 4488 2343 4528 rem
2373 4486 2594 4526 exosam
2629 4479 2686 4525 et
2731 4467 3111 4532 aversandam,
3147 4481 3215 4521 ne
3244 4465 3291 4519 is
3319 4464 3544 4534 quidem

279 4553 440 4664 μασι,
457 4553 617 4647 ταυτὶ
636 4591 770 4662 πρὸς
787 4590 944 4660 ἡμῶν
965 4589 1043 4650 εἰς
1068 4553 1844 4657 ὀσμὴν-εὐωδίαςάνακείσεται

1962 4576 1991 4614 a
2022 4570 2169 4615 recta
2218 4559 2580 4630 intelligentia
2628 4556 2966 4612 aberraverit
3016 4575 3028 4609 :
3070 4571 3191 4625 qua:
3238 4555 3385 4608 enim
3438 4553 3544 4607 im-

272 4687 347 4758 τῷ
389 4685 528 4756 Θεῷ,
563 4685 659 4737 καὶ
698 4683 859 4736 θυσία
901 4677 1266 4749 πνευματικὴ,
1314 4674 1529 4737 πίστις,
1577 4672 1852 4742 πραότης,

278 4778 592 4848 ἐγκράτεια,
624 4771 969 4846 σωφροσύνη,
994 4765 1340 4838 φιλαλληλία,
1372 4766 1466 4819 καὶ
1494 4764 1594 4835 τῆς
1622 4764 1701 4827 εἰς
1721 4761 1852 4815 Θεὸν

276 4868 623 4940 γνησιὰιητος
655 4865 725 4919 τὰ
758 4865 1073 4935 αὐχήματα.

348 5143 555 5197 ΠΑΛΛ.
597 5140 708 5196 Καὶ
735 5139 881 5201 τίνες
915 5139 980 5191 ἂν
1010 5133 1120 5190 εἷεν
1152 5133 1202 5187 οἰ
1234 5134 1291 5188 ὲν
1322 5134 1389 5203 τῇ
1417 5132 1486 5201 γῇ
1523 5126 1740 5189 θύοντες
1762 5123 1856 5177 τοῦ
1892 5136 1897 5140 ·

283 5233 557 5305 Πονηροῦ;
598 5233 803 5286 νοοῖντο
831 5228 876 5282 δ’
906 5227 971 5282 ἂν
1004 5227 1145 5289 τίνες
1174 5226 1269 5278 καὶ
1306 5225 1354 5276 οἱ
1385 5222 1489 5288 ἔξω
1521 5220 1654 5290 γῆς

346 5411 514 5463 ΚΥΡ.
561 5408 626 5462 Οἱ
662 5406 758 5478 μὶν
792 5403 902 5475 γάρ
935 5401 1090 5456 οὔπω
1130 5399 1228 5470 τῆς
1265 5395 1577 5465 Αἰγυπτίων
1623 5391 1855 5462 ἐκϐεϐη-

284 5502 462 5566 κότες,
496 5501 591 5555 καὶ
625 5496 745 5567 Θεῷ
792 5494 1007 5556 θύοντες
1052 5493 1108 5542 ὲν
1150 5489 1322 5558 αὐτῇ,
1367 5485 1553 5540 πολλοὶ
1583 5483 1725 5546 λίαν,
1761 5483 1856 5535 καὶ

282 5591 515 5665 ἀριθμοῦ
559 5590 704 5658 τάχα
747 5602 847 5639 που
884 5583 1190 5655 κρείττονες
1214 5598 1229 5612 ο
1264 5580 1311 5631 οἰ
1354 5578 1412 5631 δὲ
1450 5575 1554 5640 ἔξω
1588 5592 1647 5627 τε
1674 5572 1769 5627 καὶ
1802 5575 1858 5626 ὲν

1964 4653 2150 4707 mundi
2184 4652 2413 4722 spiritus
2439 4666 2655 4719 semper
2691 4650 2873 4704 odisse
2901 4656 2958 4702 et
2985 4642 3289 4702 abominari
3315 4660 3549 4699 consuc-

1959 4752 2178 4809 verunt,
2209 4760 2274 4799 ea
2303 4760 2333 4797 a
2362 4743 2524 4797 nobis
2556 4742 2668 4796 Deo
2714 4741 2772 4795 in
2811 4739 3037 4793 odorem
3089 4736 3376 4792 suavitatis
3407 4734 3546 4789 oile-

1958 4846 2175 4902 runtur,
2207 4846 2262 4891 et
2295 4835 2490 4890 hostia:
2532 4833 2848 4903 spirituales
2889 4837 3036 4895 sunt,
3086 4828 3241 4893 ﬁdes,
3285 4842 3545 4882 mansue-

1959 4926 2112 4991 tudo,
2160 4926 2520 4991 continentia,
2560 4925 2939 4994 temperantia,
2992 4931 3218 4979 mutuus
3270 4937 3444 4987 amor,
3491 4927 3545 4974 et

1957 5018 2186 5073 sincera:
2221 5018 2276 5070 in
2308 5018 2480 5071 Deum
2514 5017 2732 5087 pietatis
2759 5016 2951 5087 gloria.
3010 5043 3014 5046 <

2039 5109 2237 5164 PALL.
2275 5110 2344 5163 Et
2382 5109 2607 5179 quinam
2645 5126 2779 5164 vero
2820 5109 2899 5163 illi
2949 5106 3173 5170 fuerint,
3206 5102 3298 5173 qui
3350 5102 3406 5155 in
3456 5115 3545 5154 re-

1959 5204 2120 5276 gione
2193 5203 2430 5274 improbi
2484 5201 2828 5258 sacriﬁcant?
2901 5199 3064 5269 quive
3124 5192 3353 5263 intelligi
3416 5206 3547 5261 pos-

1961 5305 2110 5361 sunt,
2139 5295 2233 5365 qui
2266 5307 2420 5350 extra
2451 5310 2572 5350 eam
2606 5292 2920 5362 regionem?

2032 5390 2189 5446 CYR.
2227 5388 2331 5456 Qui
2362 5388 2608 5443 nondum
2638 5401 2704 5439 ex
2733 5382 3109 5454 [Egyptiorum
3136 5377 3297 5433 terris
3318 5375 3545 5447 egressi,

1962 5479 2168 5533 ibidem
2213 5478 2326 5531 Deo
2370 5475 2716 5539 sacriﬁcant,
2761 5471 3074 5539 complures
3120 5483 3249 5522 sane
3299 5474 3447 5530 sunt,
3492 5474 3547 5520 et

1963 5571 2193 5625 fortasse
2240 5565 2673 5622 innumerabiles
2706 5581 2718 5616 :
2752 5562 2848 5633 qui
2885 5576 3018 5617 vero
3060 5568 3214 5615 extra
3253 5566 3456 5612 terram
3492 5563 3548 5610 et

354 5774 396 5809 ¹¹
422 5770 685 5835 Eccli.it,
710 5768 795 5821 15.
872 5769 913 5799 ¹²
949 5767 1110 5821 Rom.
1136 5780 1230 5831 xu,
1265 5764 1317 5818 i.
1393 5764 1435 5797 ¹³
1464 5763 1673 5822 Coloss.
1698 5776 1779 5825 ιιι,
1804 5758 1834 5814 5

1943 5756 1975 5786 λδ
2003 5755 2205 5810 Jcreiu.
2233 5754 2422 5816 v.15.
