4082 6304
499 349 605 408 199

1489 348 1545 406 S.
1586 349 1861 406 CYRILLI
1900 347 2367 405 ALEXANDRINI
2403 349 2719 408 ARCHIEP.

3643 341 3774 418 200'

498 468 556 521 in
589 467 827 530 deserto,
858 463 1017 535 pauci
1056 461 1348 518 admodum
1377 471 1433 517 ct
1462 464 1623 520 electi
1649 482 1661 517 :
1693 483 1711 517 ι
1743 463 1894 518 Multi
1923 465 2041 519 enin

2142 514 2146 523 ,
2172 462 2363 532 ἐρήμῳ
2381 502 2395 526 ,
2425 463 2617 534 κομιδῇ
2641 463 2861 534 βραχεῖς
2892 461 2987 517 καὶ
3007 463 3293 520 ἀπόλεκτοι
3313 483 3326 497 °
3362 485 3381 518 ι
3413 467 3609 522 Πολλοὶ⁵
3639 473 3750 542 γάρ

493 567 627 613 sunt
653 557 852 622 vocati,
889 575 906 607 ι
953 555 1152 624 inquit,
1195 572 1213 605 ι
1248 555 1408 624 pauci
1435 569 1567 608 vero
1593 555 1754 609 electi
1779 557 1841 609 ¹⁵.
1875 574 1892 606 ι
1939 553 2068 610 0m-

496 663 593 702 nes
631 648 798 717 igitur
829 662 928 716 per
961 646 1123 701 ﬁdem
1152 663 1274 717 quae
1298 655 1382 701 est
1411 648 1466 700 in
1497 646 1714 701 Christo
1745 645 1814 700 ad
1842 647 2070 700 liberta-

494 745 605 793 tem
634 739 812 793 vocati
844 753 1055 803 sumus,
1089 747 1145 793 et
1173 754 1204 792 a
1231 737 1504 792 diabolico
1531 737 1814 791 dominatu
1851 737 2069 791 redem-

490 824 608 894 pti;
665 825 1004 895 perducente
1047 814 1154 880 nos
1196 826 1265 879 ad
1323 826 1428 880 hoc
1465 824 1706 890 Christo,
1740 825 1834 896 qui
1875 826 2070 896 priscis

490 915 599 970 illis
628 916 944 971 hominibus
975 917 1203 986 pulchre
1232 916 1286 970 in
1319 916 1498 988 Moyse
1526 925 1582 971 et
1607 916 1786 970 Aaron
1815 916 2068 986 praaﬁgu-

489 1006 734 1069 rabatur,
775 1015 837 1060 ut
876 1007 932 1060 in
973 1006 1167 1060 eodem
1223 1006 1378 1060 illum
1425 1006 1746 1061 Emmanuel
1791 1005 2066 1076 legislato-

490 1110 606 1149 rem
638 1103 693 1150 et
724 1097 1028 1167 principem
1059 1097 1406 1152 sacerdotum
1433 1107 1489 1152 et
1517 1098 1823 1166 apostolum
1850 1097 2068 1166 dispen-

488 1187 690 1240 satoria
744 1187 954 1242 ratione
1008 1188 1300 1260 intelligas.
1344 1191 1413 1243 At
1449 1205 1579 1243 vero
1616 1187 1837 1258 plurimi
1884 1202 1950 1241 ex
1998 1189 2066 1243 iis

486 1278 579 1346 qui
629 1280 803 1332 vocati
860 1287 1022 1344 sunt,
1075 1281 1434 1335 libentissime
1480 1280 1536 1334 in
1578 1281 1735 1335 malis
1782 1281 2065 1335 veteribus

482 1377 795 1432 versantur,
843 1371 939 1438 qui
989 1385 1115 1423 cum
1159 1370 1306 1423 haud
1355 1379 1466 1423 tota
1515 1378 1696 1424 mente
1741 1384 1772 1423 a
1815 1369 2063 1423 saeculari

479 1475 669 1513 errore
721 1460 1109 1525 discesserint,
1164 1461 1311 1515 nuda
1361 1460 1625 1529 tantisper
1672 1475 1736 1513 ac
1791 1459 1906 1512 sola
1955 1458 2062 1514 ﬁde

481 1547 652 1602 Deum
699 1549 906 1602 colunt.
955 1549 1066 1603 Hos
1113 1565 1233 1604 esse
1281 1549 1534 1613 dicimus,
1578 1548 1672 1618 qui
1727 1548 1783 1602 in
1830 1547 2062 1619 Egypto

480 1637 807 1702 sacriﬁcant,
840 1647 936 1692 aut
980 1646 1128 1693 certe
1175 1639 1399 1708 paulum
1444 1639 1669 1709 egressi.
1715 1657 1734 1689 ‹
1775 1639 1854 1693 Ne
1901 1639 2060 1709 longe

477 1727 625 1780 enim
663 1728 889 1792 abeatis,
931 1747 949 1779 ι
1004 1728 1185 1797 inquit
1228 1729 1317 1782 ille
1369 1728 1508 1782 dura
1559 1728 1774 1782 cervice
1822 1729 2054 1793 Pharao,

2173 553 2280 604 είσι
2313 551 2496 623 κλητοὶ
2529 573 2574 617 ι,
2610 555 2794 624 φησὶν,
2830 575 2848 607 ι
2887 556 3056 623 ὀλίγοι
3080 555 3138 610 δὲ
3167 557 3432 612 ἐκλεκτοί.
3471 576 3490 611 ι
3527 559 3746 631 Κεκλή-

2176 642 2315 714 μεθα
2345 643 2444 714 μὲν
2469 639 2562 697 οῦν
2589 645 2667 708 εἰς
2693 645 3002 718 ἐλευθερίαν
3033 647 3234 711 πάντες
3262 648 3351 702 διὰ
3387 650 3627 714 πίστεως
3646 646 3747 722 τῆς

2171 735 2228 787 ἐν
2246 735 2486 806 Χριστῷ,
2509 737 2605 790 καὶ
2622 737 3070 810 ἐκλελυτρὼμεθα
3081 742 3394 812 τυραννίδος
3412 741 3742 815 διαϐολικῆς,

2169 826 2538 898 ἀποφέροντος
2564 829 2714 898 ἡμᾶς
2744 830 2824 892 είς
2856 830 3014 883 τοῦτο
3042 831 3302 903 Χριστοῦ,
3329 849 3742 903 προανατυπου-

2173 921 2334 991 μένου
2357 925 2468 985 τοῖς
2499 922 2666 976 πάλαι
2691 923 2873 987 καλῶς
2902 926 2959 977 ἐν
2984 925 3156 996 Μωσῇ
3190 943 3250 980 τε
3279 926 3374 980 καὶ
3417 925 3649 999 Ἀαρὼν,
3673 929 3740 984 ἵν’

2168 1013 2225 1064 ἐν
2248 1011 2428 1081 ταύτῷ
2455 1011 2546 1064 τὸν
2582 1010 2933 1083 Ἐμμανουήλ
2951 1014 3251 1086 νομοθέτην
3280 1014 3410 1068 ὄντα
3435 1016 3528 1068 καὶ
3557 1017 3742 1087 ἀρχιε-

2169 1099 2268 1169 ρέα
2319 1101 2414 1154 καὶ
2467 1101 2782 1166 ἀπόστολον,
2832 1103 3189 1174 οἰκονομικῶς
3225 1105 3430 1176 ἐννοῇς.
3468 1108 3528 1158 Οί
3571 1106 3629 1160 δέ
3673 1124 3737 1176 γε

2166 1187 2408 1240 πλεῖστοι
2458 1187 2568 1242 τῶν
2618 1191 2970 1261 κεκλημένων
3006 1193 3476 1265 ἐμφιλοχωροῦσιν
3511 1194 3591 1248 ἔτι
3625 1199 3739 1260 τοῖς

2165 1277 2330 1330 πάλαι
2355 1281 2577 1343 κακοῖς,
2617 1280 2825 1354 διανοίᾳ
2857 1283 2914 1336 δὲ
2951 1282 3103 1338 οὔπω
3135 1288 3200 1356 τῇ
3235 1285 3514 1358 ὁλοσχερεῖ
3546 1304 3737 1357 κοσμι-

2164 1368 2264 1438 κῆς
2300 1369 2513 1439 ἀπάτης
2542 1370 2922 1442 ἐκϐεϐηκότες,
2955 1374 3032 1438 ὡς
3060 1377 3117 1428 ἐν
3154 1379 3334 1448 γυμνῇ
3366 1395 3426 1431 τε
3467 1379 3562 1432 καὶ
3599 1380 3733 1451 μόνῃ

2160 1459 2225 1524 τῇ
2258 1456 2435 1509 πίστει
2463 1457 2778 1527 λατρεύουσι
2809 1461 2949 1533 Θεῷ.
2984 1463 3219 1530 Τούτους
3244 1463 3381 1521 εἷναί
3407 1485 3588 1536 φαμεν
3608 1470 3733 1532 τοὺς

2161 1546 2218 1598 ἐν
2260 1545 2520 1617 Αἰγύπτῳ
2566 1547 2824 1614 θύοντας,
2858 1552 3024 1622 ήγουν
3063 1553 3170 1620 ἔξω
3217 1554 3390 1624 βραχὺ
3418 1558 3728 1624 γεγονότας.

2166 1653 2184 1686 ι
2233 1639 2307 1690 οὐ
2337 1641 2553 1711 μακρὰν
2582 1645 2688 1714 γὰρ
2723 1645 3067 1712 ἀποτενεῖτε,
3106 1666 3125 1700 ι
3155 1651 3318 1720 φησὶν
3339 1652 3366 1703 6
3399 1650 3732 1722 σκληροκάρ·

2159 1725 2269 1790 διος
2310 1729 2539 1800 Φαραὼ,
2572 1732 2674 1786 κᾶν
2712 1736 2760 1787 εί
2797 1735 2896 1805 τῆς
2934 1737 3246 1805 Αἰγυπτίων
3277 1740 3576 1810 ἑκτρέχητε
3603 1743 3726 1812 γῆς.

479 1817 693 1870 tametsi
739 1833 807 1871 ex
841 1817 1219 1887 [Egyptiorum
1254 1818 1418 1872 terris
1449 1818 1828 1889 egrediamini.
1863 1821 1934 1873 At
1965 1836 2034 1890 qu

2160 1818 2289 1886 Οῖγε
2331 1820 2438 1890 μὴν
2478 1822 2758 1895 ὁλοκλήρῳ
2799 1826 3130 1895 μεταστάσει
3155 1831 3218 1899 τῇ
3255 1831 3334 1894 εἰς
3361 1830 3563 1899 ἀγαθὸν
3603 1833 3730 1885 εὐα-

476 1905 713 1973 perfecte
751 1921 810 1960 se
855 1907 923 1960 ad
967 1907 1225 1962 virtutem
1273 1907 1627 1973 transferunt,
1669 1923 1732 1962 ac
1775 1909 1887 1963 Deo
1935 1910 2052 1978 pla-

474 2009 601 2050 cere
641 1996 884 2060 student,
934 2005 990 2052 et
1034 1997 1089 2051 in
1135 2005 1310 2052 totum
1365 2014 1396 2052 a
1445 1999 1690 2052 saeculari
1732 1999 2053 2054 confusione

474 2084 781 2152 discedunt,
815 2088 852 2140 ii
887 2103 955 2142 ex
983 2087 1360 2160 Egyptiorum
1407 2089 1608 2144 ﬁnibus
1643 2090 1933 2156 excedunt,
1966 2099 2050 2162 ty-

473 2175 741 2246 rannique
772 2193 994 2232 manum
1018 2194 1084 2233 ac
1105 2186 1428 2248 potestatem
1461 2180 1747 2250 effugiunt,
1777 2181 1884 2252 42
1913 2191 1967 2235 et
1993 2182 2050 2236 in

470 2280 646 2320 vacua
689 2269 977 2338 solutaque
1019 2270 1167 2324 curis
1207 2270 1349 2335 vita,
1395 2278 1652 2340 tanquam
1708 2272 1765 2326 in
1809 2273 2046 2335 deserto,

468 2357 592 2426 puri
623 2373 687 2413 ac
715 2375 851 2429 pure
886 2361 998 2415 Deo
1037 2360 1363 2416 sacriﬁcant.
1405 2361 1674 2431 Equidem
1710 2362 1961 2431 dixerim,
1992 2373 2049 2420 et

466 2450 574 2503 alia
595 2466 812 2521 quoque
843 2453 1054 2508 ratione
1083 2453 1396 2524 longissime
1423 2456 1492 2510 ab
1513 2455 1890 2527 Egyptiorum
1919 2457 2044 2512 fmi-

467 2541 571 2595 bus
606 2541 672 2596 iis
703 2543 945 2597 eundum
967 2558 1108 2609 esse,
1137 2544 1232 2613 qui
1264 2560 1295 2598 a
1328 2545 1556 2599 colenda
1585 2555 1836 2602 creatura
1865 2549 2046 2618 potius

463 2645 628 2699 quam
657 2629 917 2687 Creatore
946 2634 1014 2688 ad
1044 2633 1329 2688 veritatem
1360 2635 1607 2700 veniunt,
1639 2643 1801 2706 atque
1841 2639 1910 2692 ad
1948 2654 2042 2694 co-

463 2721 767 2790 gnitionem
811 2723 980 2789 illius,
1016 2725 1110 2793 qui
1143 2733 1339 2779 natura
1375 2725 1520 2780 Deus
1550 2733 1654 2792 est,
1684 2728 2037 2783 advocantur.

462 2811 717 2867 Nondum
765 2814 914 2868 enim
959 2814 997 2868 ii
1040 2815 1280 2885 perfecte
1324 2823 1453 2872 sunt
1499 2818 1724 2886 egressi,
1757 2819 1848 2888 qui
1885 2834 1914 2873 a
1945 2835 2040 2873 sua

463 2910 646 2957 mente
680 2905 884 2960 veteris
929 2907 1136 2960 erroris
1181 2907 1442 2977 reliquias
1487 2909 1727 2963 nondum
1767 2910 2038 2965 absterse—

463 3000 611 3049 runt.
661 2995 921 3051 Nonnulli
969 2997 1117 3053 enim
1161 2999 1457 3054 observant
1504 2999 1622 3055 dies
1665 3002 1927 3070 quosdam
1975 3018 2040 3058 ac

2157 1911 2368 1978 ρεστεῖν
2397 1912 2669 1979 ἐθέλοντες
2693 1915 2769 1986 τῷ
2801 1917 2938 1988 Θεῷ,
2968 1919 3374 1992 ἀπηλλαγμένοι
3403 1939 3461 1976 τε
3489 1925 3585 1978 καὶ
3609 1927 3726 1978 εἰσ⁹

2155 2001 2297 2054 άπαν
2333 2003 2646 2074 συγχύσεως
2683 2009 2986 2078 κοσμικῆς,
3026 2009 3133 2074 ἔξω
3167 2012 3426 2081 φέρονται
3477 2016 3578 2086 τῆς
3625 2019 3724 2070 Al-

2150 2090 2416 2160 γυπτίων,
2464 2096 2558 2148 καὶ
2587 2097 2687 2168 τὴν
2732 2099 2996 2169 τυράννου
3042 2101 3474 2174 διαδιδράσκουσι
3525 2110 3722 2179 χεῖρα,

2154 2183 2252 2235 καὶ
2287 2183 2539 2258 καθάπερ
2570 2191 2628 2241 ἐν
2673 2190 2866 2261 ἐρήμῳ
2905 2194 2969 2263 τῇ
3007 2193 3229 2266 σχολαία
3251 2211 3308 2248 τε
3340 2197 3435 2251 καὶ
3462 2198 3721 2271 ἀνειμένῃ

2151 2271 2262 2344 ζωῇ
2310 2277 2540 2348 καθαροὶ
2572 2277 2824 2350 καθαρῶς
2863 2279 3050 2336 θύουσι
3085 2285 3161 2355 τῷ
3193 2285 3330 2358 Θεῷ.
3371 2288 3542 2358 Φαίην
3571 2289 3616 2342 δ’
3655 2291 3722 2344 ἂν

2155 2363 2329 2433 ἔγωγε
2370 2367 2466 2420 καὶ
2508 2368 2628 2422 καθ’
2668 2370 2855 2442 ἔτερόν
2898 2391 3021 2427 τινα
3063 2377 3282 2447 τρόπον,
3318 2379 3572 2434 ἀποτάτω
3609 2381 3720 2436 δεῖν

2147 2454 2244 2524 τῆς
2275 2459 2589 2526 Αἰγυπτίων
2621 2463 2882 2534 φέρεσθαι
2923 2466 3026 2535 γῆς
3057 2467 3186 2530 τοὺς
3211 2469 3274 2522 ἐκ
3310 2469 3402 2522 τοῦ
3437 2470 3719 2543 λατρεύειν

2145 2545 2209 2613 τῇ
2236 2546 2411 2600 κτίσει
2442 2549 2594 2619 παρά
2629 2551 2721 2605 τὸν
2751 2553 3010 2608 κτίσαντα
3039 2555 3187 2626 ξπρὺς
3213 2557 3468 2633 ἀλήθειαν
3495 2562 3716 2633 τρέχονο

2143 2652 2263 2701 τας,
2297 2638 2390 2690 καὶ
2409 2640 2488 2702 είς
2518 2641 2813 2709 ἐπίγνωσιν
2843 2631 3330 2717 κεκλημένουςέοῦ
3371 2653 3512 2706 κατὰ
3532 2631 3714 2723 Ῠφύσιν

2141 2727 2291 2790 ὄντος
2321 2728 2477 2784 Θεοῦ.
2497 2733 2858 2805 Ἐκϐεϐήκασι
2884 2739 2993 2810 γὰρ
3019 2738 3168 2794 οὔπω
3195 2742 3414 2808 τελείως
3441 2747 3490 2798 οί
3520 2747 3588 2800 τὰ
3615 2748 3715 2818 τῆς

2142 2819 2373 2888 ἀρχαίας
2407 2821 2620 2896 ἀπάτης
2657 2821 2808 2882 οὔπω
2847 2833 2947 2899 τῆς
2974 2831 3182 2884 ἐαυτῶν
3212 2833 3449 2897 διανοίας
3481 2836 3712 2907 ἀποτρί-

2141 2909 2326 2974 ϐοντες
2357 2910 2603 2981 λείψανα.
2645 2918 3095 2991 Παρατηροῦνται
3141 2925 3250 2995 γάρ
3281 2943 3426 2990 τινες
3457 2928 3671 2999 ἡμέρας
3693 2969 3709 2993 ,

2140 3003 2233 3056 καὶ
2268 3006 2443 3076 μῆνας
2465 3048 2480 3074 ,
2510 3010 2604 3062 καὶ
2633 3012 2881 3081 καιροὺς,
2912 3014 3004 3066 καὶΙ
3043 3015 3339 3080 ἐνιαυτούς.
3375 3010 3532 3071 Οὗτοι
3573 3020 3710 3092 πρὸς

461 3100 699 3151 menses,
727 3095 784 3142 et
824 3095 1070 3160 tempora
1097 3097 1153 3144 et
1185 3105 1375 3145 annos.
1408 3091 1476 3146 Hi
1503 3107 1630 3147 cum
1667 3093 1736 3147 ad
1769 3094 2038 3149 libertatis

2142 3096 2199 3148 τὸ
2231 3097 2516 3169 ἐλεύθερον
2557 3101 2774 3172 ἀξίωμα
2812 3103 2900 3157 διὰ
2933 3105 3170 3176 Χριστοῦ
3215 3107 3576 3180 κεκλημένοι,
3609 3111 3710 3183 τὴν

461 3175 782 3247 dignitatem
821 3194 918 3250 per
954 3180 1234 3236 Christum
1275 3184 1454 3238 vocati
1488 3183 1616 3250 sint,
1655 3192 1834 3241 tamen
1871 3185 2035 3257 Egy-

2142 3162 2449 3255 Αἰγυπτίων
2469 3162 2764 3258 οἰκοῦντες,
2789 3194 2867 3248 ἔτι
2898 3162 3084 3250 θύόυσι
3117 3197 3194 3269 τῷ
3226 3162 3480 3270 Θεῷ’,⁶ίτὸν

457 3267 695 3337 ptiorum
730 3270 1006 3340 regionem
1038 3272 1356 3338 incolentes,
1387 3275 1500 3329 Deo
1536 3276 1863 3341 sacriﬁcant,
1889 3278 2034 3348 quod

456 3373 578 3412 eam
626 3359 846 3420 vivendi
899 3362 1167 3416 rationem
1224 3363 1482 3429 retinent,
1528 3381 1650 3434 quae
1705 3365 1915 3423 Satanae
1964 3370 2036 3424 sit

455 3463 567 3502 non
623 3450 918 3506 admodum
967 3452 1200 3522 ingrata.
1252 3452 1360 3508 Sed
1404 3457 1450 3509 si
1501 3456 1625 3525 quis
1674 3459 1898 3513 omnino
1963 3461 2035 3514 sit

453 3553 728 3608 egressus,
759 3556 823 3596 ac
860 3541 1055 3611 priscis
1086 3542 1334 3598 moribus
1363 3547 1588 3601 multam
1620 3549 1851 3603 salutem
1879 3549 2033 3603 dixe-

453 3630 544 3694 rit,
580 3630 627 3684 is
668 3629 722 3684 in
759 3630 977 3688 deserto
1008 3631 1293 3689 sacriﬁcat.
1324 3635 1598 3710 vitamque
1635 3655 1846 3697 summa
1871 3640 2032 3697 laude

452 3721 672 3792 dignam
701 3723 832 3794 agit.
1771 3775 1787 3794 .

520 3813 714 3869 PALL.
772 3815 1055 3874 Assentior
1091 3839 1104 3874 :
1145 3837 1272 3877 nam
1323 3831 1471 3877 recte
1526 3823 1714 3878 sentis.
1764 3824 1870 3880 Sed
1916 3826 2027 3896 jam

448 3907 690 3960 secundo
717 3906 942 3966 ﬂumine
967 3912 1034 3966 ad
1061 3914 1275 3968 alveum
1308 3924 1558 3970 recurrat
1585 3917 1777 3971 oratio.

516 3995 673 4052 CYK.
715 3999 975 4056 Mentitur
1004 4003 1185 4072 itaque
1214 4006 1445 4070 Pharao,
1473 4016 1529 4061 et
1565 4009 1892 4076 promissum
1926 4009 2025 4082 ab-

446 4096 627 4158 negat,
668 4091 982 4160 nequedum
1019 4095 1216 4150 missos
1254 4096 1382 4152 facit
1423 4096 1563 4153 ﬁlios
1599 4099 1784 4154 Israel.
1818 4101 2024 4157 Deinde

444 4179 622 4236 tribus
665 4181 786 4236 aliis
821 4183 994 4254 plagis
1030 4196 1277 4254 vexatur,
1317 4189 1517 4259 vixque
1554 4190 1772 4245 tandem
1808 4194 2020 4259 annuit,

441 4269 908 4343 dimissurumque
925 4289 982 4329 se
998 4275 1102 4329 ait:
1119 4277 1425 4347 iterumque
1444 4280 1704 4336 mentitus
1720 4281 2024 4351 deprehen-

441 4359 610 4416 ditur.
646 4381 664 4413 ‹
695 4363 923 4418 Mendax
946 4366 1092 4420 enim
1123 4377 1226 4432 est,
1248 4378 1304 4422 et
1331 4369 1384 4423 in
1404 4371 1634 4426 veritate
1661 4389 1768 4428 non
1790 4375 1962 4440 stetit,
1993 4395 2011 4428 ι

441 4462 504 4506 ut
538 4452 786 4508 Salvator
831 4454 909 4510 ait
943 4458 1005 4512 ¹⁶.
1057 4457 1388 4515 Grandinem
1438 4477 1674 4533 namque
1721 4466 2017 4523 vehemen-
2052 4506 2092 4559 Β

441 4543 705 4599 tissimam
773 4561 832 4600 se
886 4545 1154 4618 [Egyptiis
1221 4550 1596 4608 immissurum
1649 4558 2016 4615 comminante

439 4632 580 4699 Deo,
635 4643 799 4704 atque
856 4637 1021 4691 etiam
1062 4639 1424 4710 immittente;
1480 4660 1692 4700 necnon
1750 4647 2013 4705 locustam

437 4736 692 4792 agrorum
741 4727 1106 4793 vastatricem,
1151 4731 1196 4785 si
1244 4732 1374 4786 licet
1421 4732 1563 4789 hanc
1607 4753 1796 4792 vocem
1846 4742 2011 4812 ἀγρο-

437 4811 686 4880 λέτειραν
721 4830 753 4868 e
789 4815 990 4871 Graecis
1031 4823 1270 4876 mutuari
1303 4841 1316 4876 :
1356 4831 1473 4879 tum
1507 4842 1639 4881 vero
1669 4828 1760 4881 vix
1797 4811 2012 4886 tandem

439 4902 518 4956 illi
561 4904 862 4959 Pharaonis
912 4908 1181 4962 scelerum
1225 4927 1380 4968 acres
1427 4915 1554 4970 olim
1609 4927 1770 4988 atque
1827 4921 2014 4978 invicti

439 4993 720 5060 satellites,
758 4995 1008 5051 maximis
1048 4999 1312 5056 adversus
1344 5019 1469 5058 eum
1499 5009 1727 5064 vocibus
1765 5011 2014 5067 inclami-

438 5095 576 5153 tant,
618 5088 863 5143 dicentes
897 5107 908 5142 :
948 5109 966 5141 ι
1015 5090 1310 5161 Quousque
1355 5095 1461 5147 erit
1500 5099 1658 5154 nobis
1709 5103 1813 5158 hoc
1855 5120 2014 5159 scan-

437 5179 655 5234 dalum?
686 5182 908 5237 Dimitte
927 5181 1196 5248 homines,
1231 5191 1289 5237 ut
1310 5186 1617 5243 sacriﬁcent
1644 5191 1874 5249 Domino
1905 5197 2018 5253 Deo

438 5267 700 5337 ipsorum.
769 5272 852 5326 An
904 5273 1046 5348 scire
1099 5273 1212 5338 vis,
1275 5274 1421 5344 quod
1487 5278 1708 5346 perierit
1764 5285 2015 5341 universa

434 5358 699 5431 IEgyptus
731 5365 804 5418 "‘2
841 5384 859 5416 ι
909 5364 988 5420 Ac
1038 5365 1172 5419 mihi
1223 5381 1416 5421 rursus
1451 5383 1518 5422 ex
1568 5369 1673 5424 hoc
1711 5372 1832 5428 loco
1879 5375 2012 5432 illud

437 5450 892 5508 considerandum
939 5456 1199 5520 occurrit,
1242 5455 1514 5524 Satanam,
1559 5460 1760 5529 quibus
1811 5463 1867 5517 in
1921 5482 2010 5519 re-

436 5540 542 5597 bus
568 5541 784 5598 vincere
822 5545 926 5599 sibi
959 5546 1217 5601 decorum
1259 5556 1435 5617 putat,
1471 5547 1698 5606 fortasse
1725 5551 2007 5609 fortiorem

511 5716 553 5747 ⁸⁸
583 5715 771 5772 Matth.
822 5735 965 5787 χχιι,
997 5723 1082 5777 14.
1161 5724 1370 5780 “Joan.
1400 5744 1512 5793 vm,
1549 5731 1634 5784 Η.
1693 5731 1732 5761 ¹⁷
1763 5731 1934 5787 Exod.
1971 5749 2023 5799 ι,
2050 5735 2100 5789 7.

2137 3277 2430 3350 ἀϐούλητον
2457 3282 2534 3351 τῷ
2563 3283 2776 3356 Σατανᾷ
2810 3286 3166 3354 διασώζοντες
3199 3291 3333 3361 βίον.
3361 3293 3496 3346 mat
3526 3295 3588 3365 δή
3622 3312 3708 3360 τις

2137 3369 2396 3440 ὲξοίχοιτο
2411 3374 2708 3440 παντελῶς,
2723 3380 2834 3440 τοῖς
2849 3379 3223 3452 ἀρχαιοτέροις
3239 3383 3413 3440 ἔθεσιν
3431 3387 3707 3459 ἐρρῶσθαι

2135 3459 2368 3530 φράσας,
2390 3463 2448 3515 ἐν
2466 3464 2656 3538 ἐρήμῳ
2678 3466 2813 3538 θύει,
2832 3471 2926 3525 καὶ
2951 3471 3050 3542 τὴν
3074 3473 3298 3529 ἐπαίνου
3321 3477 3519 3543 παντὸς
3545 3478 3706 3546 ἀξίαν

2133 3547 2439 3620 ἐπιτηδεύει
2470 3553 2636 3626 ζωήν.

2201 3830 2411 3886 ΠΑΛΛ.
2442 3832 2734 3907 Σύμφημι’
2765 3839 2906 3903 νοεῖς
2935 3841 3044 3912 γὰρ
3081 3842 3274 3914 ὀρθῶς.
3311 3847 3437 3902 Ἰτω
3463 3847 3519 3903 δέ
3545 3844 3703 3916 αὖθις

2130 3924 2261 3992 ἡμῖν
2288 3927 2427 3980 κατά
2468 3927 2594 3998 ῥοῦν
2621 3931 2650 3982 6
2687 3929 2865 3998 λόγος.

2198 4014 2363 4068 ΚΥΡ.
2400 4011 2608 4070 Οὐκοῦν
2633 4019 2961 4091 ψευδομυθεῖ
2986 4025 3084 4095 μὲν
3109 4028 3137 4080 ό
3155 4027 3374 4099 Φαραὼ,
3403 4031 3497 4083 καὶ
3522 4032 3701 4103 ἀρνεῖ-

2126 4119 2215 4192 ται
2234 4103 2333 4175 τὴν
2359 4105 2673 4176 ὑπόσχεσιν,
2702 4111 2882 4181 ἀνίησι
2903 4113 2958 4165 δὲ
2974 4113 3088 4168 οὔτι
3115 4134 3198 4170 πω
3221 4119 3346 4182 τοὺς
3365 4119 3423 4186 ἐξ
3457 4121 3694 4192 Ἰσραήλ.

2125 4183 2260 4244 Εἶτα
2291 4194 2469 4263 τρισὶν
2503 4196 2716 4266 ἑτέραις
2745 4199 2983 4270 πληγαῖς
3015 4205 3361 4276 κατῃκίζετο,
3397 4183 3491 4262 καὶ
3524 4183 3696 4266 κατα-

2123 4281 2267 4336 νεύει
2291 4284 2466 4354 μόλις,
2487 4287 2710 4358 ἀνήσειν
2741 4290 2930 4345 εἰπών·
2957 4293 3071 4364 ήλω
3093 4310 3151 4348 τε
3177 4297 3554 4371 ψευδοεπήσας
3583 4304 3694 4358 πά-

2121 4372 2226 4466 λιν.
2263 4393 2283 4427 ι
2330 4376 2586 4458 ιξ”εύστης
2634 4381 2739 4453 γάρ
2788 4383 2939 4449 ἐστι,
2987 4387 3080 4440 καὶ
3109 4389 3167 4442 ἐν
3210 4392 3276 4461 τῇ
3319 4392 3547 4463 ἀληθείᾳ
3595 4395 3694 4466 οὐχ

2120 4464 2320 4537 ἕστηκε
2356 4487 2401 4533 ι,
2430 4469 2573 4524 κατά
2601 4471 2699 4542 τὴν
2721 4473 2814 4527 τοῦ
2843 4474 3096 4547 Σωτῆρος
3121 4482 3324 4552 φωνήν.
3353 4483 3605 4549 Χάλαζαν
3632 4464 3690 4540 δέ

2120 4558 2218 4628 τὴν
2240 4560 2632 4633 ραγδαιοτάτην
2653 4565 2827 4635 ἐνίησι
2849 4570 2963 4633 τοῖς
2985 4569 3320 4640 Αίγυπτίοις,
3343 4573 3692 4645 ἀπειλοῦντος

2119 4647 2277 4714 Θεοῦ,
2314 4652 2407 4704 καὶ
2440 4652 2503 4722 δὴ
2538 4655 2630 4707 καὶ
2655 4655 2886 4720 ἐνιέντος
2906 4697 2920 4722 ,
2957 4660 3048 4713 καὶ
3074 4661 3179 4732 μὴν
3205 4662 3401 4735 ἀκρίδα
3432 4665 3531 4740 τὴν
3556 4671 3692 4742 ἀγρο

2118 4740 2410 4812 ολέτειραν,
2439 4745 2596 4816 εἰπερ
2622 4763 2673 4798 τι
2701 4746 2804 4818 χρὴ
2835 4749 2929 4802 καὶ
2958 4750 3016 4814 ἐξ
3049 4752 3314 4824 Ἑλλήνων
3336 4758 3518 4828 φωνὴν
3547 4740 3690 4815 ἐλόν-

2117 4848 2216 4893 τας
2233 4833 2426 4887 εἰπεῖν.
2461 4835 2591 4888 Τότε
2623 4835 2709 4906 δὴ,
2737 4837 2859 4891 τότε
2880 4842 2971 4893 καὶ
2999 4841 3149 4910 μόλις
3173 4847 3220 4897 οἱ
3247 4846 3412 4901 πάλαι
3435 4849 3596 4902 δεινοί
3629 4868 3687 4906 τε

2119 4923 2214 4975 καὶ
2243 4922 2539 4994 ἄθραυστοι
2561 4926 2660 4995 τῆς
2696 4929 2789 4981 τοῦ
2813 4929 3011 5001 Φαραὼ
3037 4933 3316 5006 βδελυρίας
3348 4939 3688 5014 ὑπασπισταὶ

2118 5011 2375 5083 πλείστην
2411 5015 2542 5086 ὅσην
2571 5017 2735 5070 αὑτοῦ
2767 5020 3042 5076 ποιοῦνται
3080 5027 3371 5099 καταϐοὴν,
3405 5011 3686 5100 λέγοντες

2124 5121 2142 5153 ι
2171 5104 2316 5168 Ἕως
2342 5107 2487 5171 τίνος
2524 5107 2676 5162 ἔσται
2705 5112 2834 5180 ἡμῖν
2859 5113 3016 5166 τοῦτο
3048 5117 3286 5184 σκῶλον;
3313 5121 3688 5186 ἐξαπόστειλον

2117 5194 2245 5256 τοὺς
2279 5195 2630 5265 ἀνθρώπους,
2663 5199 2809 5262 ὅπως
2861 5201 3198 5273 λατρεύσωσι
3235 5209 3424 5280 Κυρίῳ
3461 5211 3538 5282 τῷ
3567 5212 3688 5284 Θεῷ

2116 5284 2314 5338 αὐτῶν.
2347 5288 2416 5340 Ἢ
2450 5288 2645 5342 είδέναι
2675 5290 2850 5358 βούλει
2883 5293 2963 5347 ὅτι
2988 5294 3266 5350 ἀπόλωλεν
3304 5299 3620 5370 Αἴγυπτος;
3659 5324 3680 5358 ι

2115 5376 2226 5429 Καί
2275 5395 2362 5448 μοι
2409 5381 2572 5434 πάλιν
2607 5383 2854 5438 ἐντεῦθεν
2891 5385 3067 5442 ἔπεισι
3114 5393 3274 5457 νοεῖν,
3318 5393 3394 5454 ῶς
3433 5394 3548 5448 ἔστι
3581 5413 3682 5450 που

2111 5469 2255 5539 τάχα
2297 5471 2405 5524 τῶν
2438 5473 2529 5526 ὑπ’
2569 5475 2720 5547 αὐτῷ
2747 5477 3028 5550 δυνάμεων
3073 5484 3310 5554 ἀμείνων
3343 5489 3370 5540 6
3416 5488 3679 5553 Σατανᾶς,

2113 5560 2197 5629 ἐφ’
2231 5555 2313 5626 οἷς
2344 5561 2411 5617 ἂν
2452 5565 2602 5638 αύτῷ
2643 5568 2704 5622 τὸ
2748 5572 2906 5642 νικᾷν
2947 5574 3166 5644 πρέποι.
3197 5579 3263 5631 Αἰ
3310 5578 3411 5648 μὲν
3436 5578 3576 5651 γὰρ,
3604 5581 3682 5646 ὡς
