4082 6304
348 282 452 345 $.01

1098 278 1192 348 DE
1229 282 1675 351 ADORATIONE
1709 284 1779 351 iN
1818 284 2093 352 smmis
2132 291 2220 353 ET
2261 292 2630 357 vannus.
2674 302 2800 358 LIB.
2838 303 2878 358 ι.

3527 312 3633 368 202

339 389 514 470 ἔοικε,
537 401 770 473 σκληραὶ
796 404 895 477 μέν
917 382 1056 485 εἰσιν
1086 407 1227 477 ἄγαν
1258 410 1351 463 καὶ
1377 411 1684 483 ἁμείλικτοι
1713 415 1917 486 κομιδῇ.

2034 432 2154 473 esse
2185 418 2256 473 iis
2285 435 2406 489 quae
2444 400 2557 499 sub
2606 421 2699 475 iilo
2731 432 2857 477 sunt
2900 425 3284 493 potestatibus.
3318 426 3453 483 Nam
3499 430 3625 499 illas,

343 491 441 546 καὶ
472 490 571 562 ὀψὲ
621 493 722 562 μὲν
752 496 848 549 καὶ
880 481 1034 567 μέλις
1073 498 1246 554 ἰοῦσαι
1287 500 1332 553 δ’
1363 481 1430 555 ἂν
1468 503 1620 573 ὅμως
1661 503 1762 557 κᾶν
1785 481 1929 574 ίγοῖλν

340 583 424 645 είς
472 583 706 656 μετρίαν
744 585 1000 659 αἴσθησιν
1032 590 1133 663 τῆς
1175 592 1324 657 θείας
1357 595 1568 666 ὀργῆςο
1614 598 1643 650 6
1686 596 1743 650 δέ
1779 584 1928 650 ἐστιν

338 675 633 746 ἀγριότητι
661 678 729 747 τῇ
761 677 905 750 ὑπὲρ
941 679 1100 750 λόγον
1129 685 1470 757 ὑπειρφερὴς,
1500 687 1595 739 καὶ
1626 688 1929 757 κατεσκλη-

339 766 456 830 κὼς
484 768 563 830 εἰς
593 767 785 838 ἄκρον.
819 769 1142 842 Γέγραπται
1167 775 1279 847 γὰρ
1308 778 1414 842 ὅτι,
1455 796 1474 830 ι
1514 778 1581 831 Ἠ
1604 779 1801 849 καρδία
1830 781 1929 833 αὐ-

338 859 437 912 τοῦ
477 859 728 931 πέπηγεν
762 860 953 935 ὥσπερ
994 864 1164 932 λίθος,
1203 867 1407 940 ἕστηκε
1431 870 1487 924 δὲ
1517 870 1707 943 ὥσπερ
1732 871 1927 944 ἄκμων

338 950 630 1021 ἁνήλατος.
668 971 690 1004 ι
727 953 998 1025 Πλείστης
1023 951 1116 1011 οὖν
1148 958 1283 1030 ὅσης
1317 962 1613 1034 γενομένης
1652 965 1739 1017 ἐπ’
1777 964 1927 1036 αὑτῷ

337 1043 440 1113 τῆς
478 1043 774 1115 καταϐοῆς,
822 1045 929 1117 ἔφη
976 1049 1130 1120 μόλις
1157 1053 1272 1116 τοῖς
1317 1053 1463 1125 ἀμφὶ
1492 1055 1719 1125 Μιιιισέα.⁸
1759 1075 1778 1110 ι
1817 1060 1925 1112 Πο-

334 1135 568 1207 ρεύεσθε
586 1137 679 1190 καὶ
698 1136 1037 1210 λατρεύσατε
1055 1143 1245 1215 Κυρίῳ
1271 1143 1485 1217 τῷνθεῷ
1503 1146 1680 1218 ὑμῶν.
1700 1148 1853 1213 Τίνες
1868 1150 1925 1203 δὲ

341 1229 435 1281 καί
474 1229 609 1282 εἰσιν
636 1231 683 1282 oi
711 1232 1104 1304 πορευόμενοις
1136 1254 1156 1288 ι
1191 1237 1301 1290 Καὶ
1329 1237 1479 1307 λέγει
1509 1240 1734 1312 Μωσῆς·
1771 1259 1792 1294 ι
1819 1242 1923 1297 Σὺν

340 1320 453 1382 τοῖς
499 1319 802 1385 νεανίσκοις
839 1323 998 1393 ἡμῶν
1045 1324 1279 1391 καὶτοῖς
1326 1328 1720 1403 πρεσϐυτέροις
1769 1333 1926 1405 ἡμῶν

339 1413 741 1484 πορευσόμεθα,
773 1416 871 1469 σὺν
892 1419 1005 1482 τοῖς
1030 1419 1167 1483 υίοῖς
1192 1421 1288 1475 καὶ
1314 1425 1435 1486 ταῖς
1460 1422 1788 1495 θυγατράσι,
1825 1426 1924 1481 καὶ

339 1505 652 1575 προϐάτοις,
676 1510 772 1562 καὶ
796 1508 980 1580 βουσὶν
1002 1512 1177 1583 ἡμῶν·
1205 1513 1319 1569 ἐστι
1339 1516 1449 1589 γὰρ
1469 1518 1504 1589 ἡ
1525 1519 1685 1589 ἑορτὴ
1717 1518 1924 1590 Κυρίου

337 1598 433 1651 τοῦ
450 1598 586 1653 Θεοῦ
612 1600 786 1672 ἡμῶν.
819 1604 931 1658 Καὶ
955 1600 1075 1659 εἷπε
1104 1607 1241 1678 πρὸς
1258 1608 1455 1673 αὐτούς
1476 1628 1490 1640 ·
1513 1612 1697 1665 Ἔστω
1719 1602 1924 1684 Κίριος

335 1690 459 1765 μεθ’
502 1691 680 1762 ὑμῶν,
727 1694 854 1749 καθ’
894 1696 977 1750 ὅτι
1010 1698 1327 1754 ἀποστέλλω
1357 1702 1523 1772 ὑμᾶς,
1576 1702 1652 1775 μὴ
1696 1705 1792 1758 καὶ
1823 1706 1923 1776 τὴν

2035 509 2306 577 quamvis,
2344 519 2404 564 ut
2440 495 2679 576 videtur,
2724 512 2879 567 durae
2919 514 3030 571 sint
3085 524 3142 571 et
3195 516 3383 587 rigida:
3433 495 3626 577 admo;

2035 598 2194 665 dum,
2226 610 2283 655 et
2323 600 2414 655 vix
2442 602 2665 671 quidem
2702 618 2765 658 ac
2801 619 2947 670 sero,
2982 606 3207 676 capiunt
3253 618 3431 665 tamen
3477 623 3628 670 certe

2034 692 2120 746 vel
2150 692 2485 748 mediocrem
2504 693 2600 748 irae
2628 694 2830 749 divina:
2856 710 3113 763 sensum;
3142 698 3233 753 hic
3256 716 3388 756 vero
3410 703 3629 761 feritate

2032 783 2126 838 illa
2178 783 2400 839 infanda
2450 784 2626 840 vincit
2675 800 2900 851 omnes,
2948 800 3273 861 summoque
3312 793 3489 866 rigore
3542 808 3673 869 est.

2033 873 2355 929 obduratus.
2389 873 2669 946 Scriptum
2699 885 2784 931 est
2812 878 2961 932 enim
2995 897 3008 932 :
3049 899 3067 931 ι
3101 879 3209 936 Cor
3241 898 3479 956 namque
3507 890 3627 959 ejus

2033 976 2382 1036 compactum
2422 976 2511 1024 est
2545 978 2607 1024 ut
2646 969 2804 1039 lapis,
2846 981 2902 1025 et
2939 980 3046 1026 stat
3088 981 3152 1028 ut
3197 975 3356 1035 incus
3398 980 3626 1038 minimc

2032 1055 2254 1113 ductilis
2281 1059 2343 1112 ".
2378 1077 2397 1111 ›
2440 1058 2578 1115 Cum
2627 1059 2794 1131 igitur
2848 1064 3097 1119 maxima
3161 1067 3228 1122 de
3277 1085 3345 1123 eo
3387 1073 3627 1141 querela:

2029 1143 2187 1201 factae
2238 1155 2443 1214 essent,
2491 1149 2571 1205 ait
2619 1151 2843 1207 tandem
2896 1153 3069 1226 Moysi
3120 1144 3350 1229 ejusque
3403 1163 3568 1218 sociis
3608 1181 3623 1217 :

2039 1255 2057 1287 ι
2087 1237 2165 1292 lte
2205 1246 2262 1293 et
2299 1239 2603 1299 sacriﬁcate
2642 1243 2876 1301 Domino
2917 1246 3033 1304 Deo
3067 1258 3271 1306 vestro.
3307 1272 3327 1304 ι
3359 1252 3626 1325 43ουί-

2031 1343 2158 1383 nam
2183 1338 2366 1386 autem
2390 1332 2523 1388 ituri
2566 1335 2728 1390 sunt?
2773 1355 2791 1388 ι
2820 1336 2889 1391 Ει
2917 1337 2993 1393 ait
3020 1339 3231 1411 Moyses
3263 1360 3276 1395 :
3317 1342 3455 1398 Cum
3488 1346 3625 1401 ado-

2029 1423 2370 1481 lescentibus
2422 1428 2626 1483 nostris
2676 1437 2734 1483 et
2782 1431 3099 1487 senioribus
3143 1434 3351 1489 nostris
3390 1435 3622 1504 ibimus,

2030 1529 2156 1569 cum
2202 1515 2329 1571 ﬁliis
2371 1526 2427 1573 et
2468 1517 2707 1584 ﬁliabus,
2738 1531 2795 1576 et
2831 1523 3030 1579 ovibus
3060 1531 3116 1579 et
3152 1525 3332 1581 bobus
3371 1531 3621 1587 nostris:

2029 1617 2113 1662 est
2147 1608 2294 1663 enim
2328 1608 2530 1665 festum
2558 1611 2776 1667 Domini
2798 1613 2896 1668 Dei
2919 1615 3115 1670 nostri.
3143 1616 3212 1671 Et
3231 1617 3370 1673 dixit
3394 1620 3459 1676 ad
3484 1636 3616 1678 eos:

2030 1699 2112 1755 Sit
2148 1700 2414 1758 Dominus
2450 1703 2764 1771 vobiscum;
2805 1707 3083 1776 quomodo
3118 1724 3220 1780 ego
3255 1709 3472 1767 dimitto
3500 1729 3621 1781 vos,

335 1782 652 1857 ἀποσκευὴν
710 1785 897 1856 ὑμῶν;
956 1788 1163 1856 Ἴδετε,
1201 1792 1287 1846 ὅτι
1345 1794 1581 1865 πονηρία
1637 1796 1917 1867 πρόκειται

2029 1793 2279 1863 nunquid
2317 1804 2373 1849 et
2419 1796 2817 1867 supellectilem
2871 1801 3147 1855 vestram?
3200 1802 3427 1870 Videte,
3480 1821 3624 1876 quo-

337 1873 488 1944 ὖμίν.
522 1875 615 1948 Μὴ
659 1876 869 1944 οὕτως’
904 1882 1328 1954 πορευέσθωσαν
1361 1887 1418 1941 δὲ
1467 1890 1516 1943 οἱ
1566 1888 1779 1960 ἄνδρες,
1827 1892 1923 1944 καὶ

328 1950 670 2040 λατρεύσατε
697 1969 776 2043 τῷ
802 1972 942 2045 Θεῷ,
966 1950 1128 2029 τοῦτο
1154 1976 1264 2050 γὰρ
1285 1978 1439 2032 αὐτοὶ
1469 1950 1706 2051 ζητεῖτέ.
1735 1950 1922 2035 ι’Σύν-

331 2074 391 2121 ες
439 2059 506 2132 δὴ
537 2057 665 2129 οὖν,
714 2057 760 2119 ὧ
793 2064 1052 2139 φιλότης,
1097 2067 1172 2133 ὡς
1212 2070 1443 2141 ἀρίστην
1496 2071 1598 2142 μὲν
1644 2075 1672 2127 ὁ
1716 2075 1922 2147 Μωσῆς

331 2149 605 2207 ποιεῖσθαι
628 2154 740 2209 δεῖν
766 2154 970 2226 ἔφασκε
1000 2158 1099 2231 τὴν
1126 2160 1419 2228 ἀνάζευξιν
1443 2181 1458 2196 ο
1481 2164 1511 2216 6
1529 2164 1608 2230 δὲ,
1634 2166 1733 2237 οὐχ
1756 2166 1919 2234 οὕτω,

332 2244 498 2313 φησιν
521 2260 535 2272 ·
560 2245 783 2318 ἀνήσειν
812 2248 871 2302 δὲ
899 2250 1009 2304 ἀπὸ
1034 2251 1258 2323 μέρους,
1282 2256 1376 2309 καὶ
1399 2258 1701 2328 ὀμήρευσιν
1720 2261 1921 2332 τρόπον

327 2332 453 2387 τινὰ
481 2336 604 2399 ταῖς
636 2336 745 2390 τῶν
788 2337 1134 2411 ἀπαιρόντων
1169 2343 1542 2415 ὑποστῳφαίς
1569 2347 1679 2400 δεῖν
1723 2347 1826 2420 ἔφη
1860 2350 1923 2404 τὸ

328 2424 674 2498 λειπόμενον,
701 2430 797 2483 καὶ
824 2431 995 2503 αὐτῆς
1024 2434 1411 2508 ἀπομενούσης
1436 2441 1495 2492 ὲν
1519 2439 1784 2513 Αἰγύπτῳ
1822 2442 1923 2514 τῆς

339 2516 675 2589 ἀποσκευῆς.
708 2521 953 2592 Οίχέσθω
985 2523 1095 2596 γὰρ
1124 2524 1189 2597 δὴ
1218 2529 1326 2591 πᾶς
1355 2528 1454 2598 μὲν
1491 2529 1647 2600 ὑμῶν
1679 2533 1918 2598 νεανίας,

332 2609 505 2680 φησί·
546 2613 658 2667 πᾶν
698 2613 755 2667 δὲ
795 2615 953 2684 γένος
996 2616 1058 2672 τὸ
1108 2620 1166 2672 ὲν
1206 2621 1438 2691 ἀκμαῖς.
1481 2622 1540 2676 '0
1587 2623 1646 2678 δέ
1684 2643 1749 2697 γε
1779 2627 1921 2695 θεῖος

330 2702 556 2775 Μωσῆς,
587 2706 670 2760 ὅτι
704 2710 980 2780 προσῆκεν
1021 2711 1276 2783 ἀπαίρειν
1303 2709 1361 2766 εὖ
1398 2715 1551 2787 μάλα
1587 2718 1919 2792 διῖσχυρίζε-

329 2812 439 2863 ται,
470 2798 846 2869 παροφθέντος
874 2802 1085 2867 οὐδενός
1105 2821 1118 2834 ·
1141 2805 1256 2860 ἀλλ’
1282 2807 1421 2878 ὁμοῦ
1454 2812 1569 2874 τοῖς
1602 2812 1661 2866 ὲν
1682 2812 1789 2885 ἥϐῃ
1825 2814 1919 2867 καὶ

331 2889 388 2942 ἐν
419 2888 656 2961 δυσμαῖς
682 2892 919 2963 ἡλικίας,
940 2896 1076 2960 υἱοῖς
1095 2914 1157 2951 τε
1178 2900 1270 2952 καί
1301 2899 1626 2974 θυγατράσι,
1658 2906 1752 2959 καὶ
1781 2905 1919 2977 βοιῖιν

329 2980 575 3050 ἀγέλαις,
600 2984 695 3037 καὶ
720 2985 924 3058 ἑτέροις
956 2986 1261 3060 θρέμμασι.
1283 2993 1390 3047 Καὶ
1413 2995 1524 3067 γάρ
1543 3013 1627 3049 τοι
1650 2997 1917 3070 προσήκει

327 3076 451 3139 τοὺς
483 3076 585 3147 τῆς
609 3077 848 3150 ἀληθοῦς
875 3081 1192 3156 ἐλευθερίας
1225 3088 1638 3157 μεταποιεῖσθαι
1686 3091 1918 3146 σπουδά-

2023 1884 2173 1940 niam
2212 1885 2421 1941 malitia
2450 1888 2731 1958 proposita
2757 1898 2843 1945 est
2863 1891 3040 1947 vobis.
3072 1892 3193 1948 Non
3224 1894 3337 1962 sic;
3370 1897 3467 1952 sed
3495 1906 3626 1955 eant

2023 1976 2149 2042 viri,
2188 1985 2246 2033 et
2283 1979 2587 2037 sacriﬁcate
2616 1981 2729 2038 Deo
2756 2000 2772 2037 ς
2804 1982 2911 2039 hoc
2941 1985 3089 2040 enim
3129 1986 3235 2057 ipsi
3270 1989 3458 2057 petitis
3482 1991 3546 2047 ηε
3594 2011 3613 2043 ι

2022 2066 2094 2124 Ut
2123 2068 2384 2141 intelligis
2414 2072 2603 2143 igitur,
2632 2073 2858 2140 Palladi,
2886 2076 3100 2148 Moyses
3136 2077 3379 2148 perfecta
3409 2080 3619 2136 disces-

2022 2159 2176 2215 sione
2201 2162 2481 2232 proﬁcisci
2505 2165 2708 2222 debere
2738 2167 2990 2235 dicebat;
3020 2169 3112 2225 ille
3134 2179 3339 2238 autem,
3370 2171 3491 2227 Non
3520 2156 3637 2238 ita:

2024 2250 2236 2322 inquit;
2268 2255 2365 2310 sed
2392 2266 2601 2326 partem
2629 2274 2689 2315 se
2717 2259 3097 2327 dimissurum,
3121 2277 3354 2333 eamque
3381 2272 3617 2334 partem,

2022 2360 2146 2415 qua:
2213 2348 2638 2419 relinqueretur,
2705 2351 2953 2407 obsidem
3020 2354 3428 2423 quodammodo
3497 2372 3621 2413 esse

2023 2443 2279 2503 oportere
2323 2452 2426 2506 pro
2476 2438 2656 2494 reditu
2698 2439 3121 2507 discedentium,
3163 2443 3278 2514 ipsa
3311 2458 3531 2516 quoque
3562 2447 3619 2502 in

2018 2524 2254 2599 .‘Egj'pto
2281 2530 2470 2585 relicta
2500 2531 2861 2601 supellectile.
2893 2533 2997 2588 Eat
3021 2534 3192 2600 enim,
3231 2535 3432 2605 inquit,
3462 2538 3619 2607 quis-

2019 2620 2147 2690 quis
2191 2621 2511 2679 adolescens
2551 2632 2668 2689 est,
2712 2640 2906 2683 omnes
2940 2626 3107 2682 etiam
3151 2629 3246 2699 qui
3285 2628 3474 2686 adulta
3504 2632 3619 2701 jam

2021 2722 2151 2769 sunt
2172 2722 2352 2770 astate.
2378 2716 2448 2770 At
2461 2714 2623 2771 divus
2637 2715 2850 2789 Moyses
2870 2727 3192 2774 constanter
3214 2719 3451 2775 afﬁrmat
3473 2736 3617 2788 esse,

2019 2807 2172 2863 nulla
2208 2823 2269 2863 re
2303 2809 2670 2879 praetermissa
2710 2816 2876 2880 atque
2915 2810 3129 2877 relicta,
3169 2811 3566 2869 discedendum
3599 2822 3615 2868 :

2019 2898 2115 2953 sed
2165 2898 2328 2953 simul
2371 2915 2498 2955 cum
2544 2899 3019 2967 adolescentibus,
3065 2909 3122 2956 et
3169 2902 3239 2957 iis
3284 2902 3380 2972 qui
3425 2909 3619 2959 exacta

2014 2991 2125 3062 jam
2151 3001 2335 3047 essent
2357 3000 2536 3058 aetate,
2570 2992 2696 3049 ﬁliis
2724 3009 2946 3064 quoque
2978 3009 3042 3049 ac
3067 2994 3306 3061 ﬁliabus,
3333 2995 3502 3051 boum
3531 3012 3619 3051 ar-

2020 3081 2223 3137 mentis
2259 3082 2490 3152 aliisque
2531 3082 2846 3153 pecoribus.
2892 3082 3122 3153 Oportet
3151 3085 3302 3140 enim
3336 3094 3400 3141 ut
3424 3088 3523 3158 qui
3558 3088 3616 3142 in

329 3165 521 3234 ζοντας
541 3211 558 3237 ,
596 3149 714 3225 τῶν
760 3172 860 3244 μὲν
902 3176 961 3229 ὲν
1018 3149 1239 3250 κέσμῳί
1262 3180 1435 3249 φιλεῖν
1480 3182 1916 3239 ἀπαλλάττεσθαι

2022 3188 2208 3229 veram
2230 3188 2288 3228 se
2307 3149 2614 3229 libertatem
2637 3189 2882 3229 asserere
2920 3149 3114 3240 velint,
3145 3176 3402 3232 studeant
3423 3149 3617 3234 avitiis

329 3262 559 3330 κακῶν,
592 3264 690 3317 καὶ
722 3265 913 3336 τρίϐον
961 3267 1097 3322 ίέναι
1129 3271 1227 3342 τὴν
1256 3273 1344 3325 ἐπ’
1384 3274 1606 3344 ἀρεταῖς
1625 3309 1655 3336 ,-
1675 3275 1828 3329 οὐδὲν
1854 3276 1916 3329 τὸ

327 3355 590 3424 παράπαν
613 3354 713 3425 τῆς
734 3356 948 3413 ἑαυτῶν
977 3358 1155 3432 ψυχῆς
1188 3379 1249 3415 τε
1279 3364 1373 3417 καὶ
1395 3364 1632 3429 διανοίας
1658 3367 1916 3437 ἀφιέντας

326 3445 580 3516 λείψανον
600 3485 616 3511 ,
654 3447 722 3500 δι’
755 3441 817 3501 οὗ
846 3449 910 3521 δὴ
940 3451 1102 3506 πάλιν
1132 3455 1254 3519 ταῖς
1292 3454 1388 3508 τοῦ
1439 3458 1679 3529 πονηροῦ
1725 3459 1917 3514 πλεον⁹

324 3538 501 3603 εξίαις
540 3539 890 3611 ὑπενεχθείεν
933 3544 1021 3600 ἄν.
1052 3546 1227 3599 Καλεῖ
1264 3547 1322 3601 δὲ
1351 3549 1487 3620 πρὸς
1515 3549 1673 3604 τοῦτο
1715 3554 1743 3606 6
1773 3551 1914 3617 θεῖος

323 3627 490 3697 νόμος
532 3628 852 3694 νεανίσκους
894 3632 989 3686 καὶ
1028 3634 1370 3706 παρθένους,
1418 3639 1730 3711 πρεσϐύτας
1778 3644 1916 3713 μετά

323 3720 631 3791 νεωτέρων,
667 3724 810 3777 κατά
832 3725 932 3796 τὴν
961 3726 1056 3780 τοῦ
1083 3729 1395 3794 Ψὰλλοντος
1434 3733 1640 3805 φωνὴν,
1685 3736 1779 3789 καὶ
1807 3738 1914 3789 πᾶν

322 3805 468 3876 εἶδος
500 3812 601 3883 τῆς
643 3814 701 3868 ὲν
733 3815 955 3887 Χριστῷ
985 3819 1287 3892 νοουμένης
1340 3822 1577 3890 ἡλικίας.
1624 3819 1719 3889 οἷς
1764 3826 1859 3879 καὶ
1888 3829 1916 3880 6

324 3899 615 3967 θεσπέσιος
660 3904 915 3977 Ἰωάννης
946 3908 1320 3979 προσεφώνει,
1349 3910 1523 3981 λέγων
1544 3930 1557 3944 ·
1595 3932 1614 3967 ι
1660 3914 1915 3986 Ἔγραψα

324 3990 475 4061 ὑμῖν,
499 3992 710 4059 παιδία,
731 3996 812 4050 ὅτι
828 3997 1105 4066 ἐγνώκατε
1123 4000 1216 4054 τὸν
1236 4002 1457 4075 Πατέρα
1482 4021 1495 4034 ο
1520 4005 1735 4077 ἔγραψα
1761 4007 1911 4077 ὑμῖν,

324 4083 588 4155 πατέρες,
623 4085 706 4140 ὅτι
730 4088 1008 4156 ἐγνώκατε
1038 4091 1129 4146 τὸν
1154 4092 1250 4146 ἀπ’
1276 4093 1450 4165 ἀρχῆς
1476 4114 1491 4128 ο
1520 4095 1736 4168 ἔγραψα
1763 4098 1910 4170 ὑμῖν,

319 4174 620 4243 νεανίσκοι,
649 4179 732 4232 ὅτι
777 4180 987 4252 ἰσχυροί
1011 4183 1136 4237 ἐστε
1157 4223 1171 4249 ,
1201 4185 1297 4239 καὶ
1328 4188 1358 4240 6
1383 4185 1542 4256 λόγος
1573 4188 1667 4243 τοῦ
1693 4189 1826 4244 Θεοῦ
1855 4191 1912 4243 ὲν

325 4262 453 4334 ὑμῖν
500 4266 693 4336 μένει,
735 4269 832 4323 καὶ
863 4272 1187 4342 νενικήκατε
1216 4276 1307 4328 τὸν
1352 4276 1610 4348 πονηρόν.
1656 4297 1675 4331 ι
1714 4275 1837 4332 Εἶεν
1865 4280 1911 4333 δ’

325 4354 389 4408 ἂν
429 4358 527 4411 καὶ
579 4358 817 4431 ἑτέρως,
862 4365 1072 4418 νεανίαι
1130 4366 1228 4436 μὲν
1272 4368 1370 4438 τῆς
1403 4369 1654 4440 ἀνδρείας
1697 4370 1865 4436 τύπος
1894 4413 1909 4437 ,

326 4449 644 4521 φρονήσεως
699 4449 756 4504 δὲ
814 4453 1156 4524 πρεσϐῦται,
1216 4458 1542 4529 νηπιότητος
1593 4460 1649 4514 δὲ
1700 4461 1800 4533 τῆς
1853 4463 1912 4514 ὲν

326 4537 547 4608 Χριστῷ
587 4542 905 4612 νοουμένης,
955 4545 1080 4616 uio!)
1101 4563 1162 4599 τε
1195 4547 1292 4600 καὶ
1328 4548 1658 4621 θυγατέρες’
1694 4552 1790 4604 σὺν
1817 4551 1911 4605 ἀν-

324 4622 475 4696 δρείᾳ.
496 4625 627 4698 γὰρ,
655 4630 750 4683 καὶ
779 4635 1062 4704 φρονήσει,
1096 4637 1189 4689 καὶ
1214 4636 1479 4707 ἁπλότητι
1502 4643 1568 4711 τῇ
1596 4639 1737 4693 κατὰ
1757 4640 1909 4707 Θεὸν,

325 4716 648 4790 ἀπαροῢμεν
679 4720 740 4786 ἐξ
772 4725 1048 4796 ἁμαρτίας
1068 4731 1148 4793 είς
1176 4731 1471 4802 ἁγιασμόν.
1508 4752 1527 4784 ι
1572 4734 1910 4803 Ἀνδρίζεσθε

326 4808 430 4879 γὰρ
458 4830 502 4874 ι,
538 4814 711 4885 φησὶ,
749 4835 770 4868 ι
824 4818 916 4870 καὶ
965 4823 1345 4893 κραταιούσθω
1391 4826 1425 4895 ἡ
1457 4826 1651 4897 καρδία
1682 4827 1854 4897 ὑμῶν.
1887 4847 1906 4880 ι

328 4899 434 4952 Καὶ
466 4899 532 4957 αὖ
562 4920 576 4933 ·
605 4905 828 4961 Γίνεσθε
861 4911 1116 4983 φρόνιμοι
1150 4914 1226 4979 ὡς
1258 4917 1307 4968 oi
1333 4917 1506 4986 ὄφεις,
1547 4921 1639 4971 καὶ
1662 4920 1912 4992 ἀκέραιοι

323 4988 397 5053 ὡς
433 4994 489 5046 ai
522 5001 870 5071 περιστεραί.
919 5021 937 5054 ι
992 5005 1246 5076 Πρίϐατα
1281 5008 1337 5062 δὲ
1373 5010 1468 5063 καὶ
1510 5011 1638 5080 βόας
1672 4988 1908 5066 συναπο-

324 5082 536 5153 τρέχειν
587 5090 796 5156 είπὼν,
849 5098 1288 5169 κατασημαίνειν
1335 5100 1401 5155 ἂν
1451 5097 1608 5174 οἶμαί
1647 5121 1785 5168 που,
1825 5105 1909 5159 ὅτι

324 5177 591 5245 προσήκει
625 5181 760 5251 μηδὲ
795 5183 935 5239 αὐτὰ
978 5188 1228 5257 μεθεῖναι
1257 5190 1334 5262 τῷ
1366 5194 1581 5264 Σατανᾷ
1612 5194 1682 5248 τά
1716 5211 1907 5266 σωμα-

323 5266 447 5321 τικά
471 5286 532 5323 τε
563 5272 660 5325 καὶ
688 5273 1005 5348 ἀλογώτερα
1034 5281 1143 5334 τῶν
1177 5286 1234 5336 ὲν
1260 5285 1391 5355 ἡμῖν
1422 5288 1758 5357 κινημάτων.
1794 5289 1906 5342 Καὶ

320 5359 448 5423 γοῦν
476 5363 506 5416 6
531 5361 827 5445 θεσπέσιος
851 5370 1061 5436 Παῦλος
1084 5375 1286 5446 γράφει
1307 5393 1320 5407 ο
1350 5395 1369 5427 ι
1398 5377 1609 5449 ’Ὠσπερ
1633 5380 1740 5450 γὰρ
1765 5398 1907 5450 παρο

2023 3281 2146 3336 quae
2175 3265 2232 3321 in
2261 3265 2462 3321 saaculo
2492 3273 2639 3331 sunt,
2664 3265 2985 3331 abscedere,
3023 3273 3081 3320 et
3110 3266 3361 3322 semitam
3400 3268 3614 3340 ingredi

2023 3372 2147 3426 qua:
2164 3356 2233 3412 ad
2255 3358 2490 3413 virtutes
2515 3356 2687 3422 ducit,
2717 3355 3007 3427 nullasque
3029 3357 3254 3413 omnino
3273 3366 3370 3414 aut
3397 3360 3614 3427 animm,

2022 3458 2119 3505 aut
2142 3450 2343 3506 mentis
2367 3449 2956 3520 reliquias'dimittere,
2980 3465 3080 3520 per
3111 3466 3250 3521 quas
3271 3451 3473 3507 iterum
3509 3453 3614 3508 sub

2024 3542 2172 3598 illius
2206 3542 2429 3614 maligni
2467 3541 2810 3597 dominatum
2852 3556 2917 3596 ac
2962 3542 3307 3614 tyrannidem
3356 3545 3613 3617 redigan-

2025 3644 2131 3689 tur.
2184 3634 2265 3690 Ad
2315 3636 2460 3690 hanc
2512 3642 2697 3690 autem
2742 3633 3055 3689 libertatem
3102 3635 3289 3690 divina
3329 3636 3414 3691 lex
3453 3643 3618 3694 vocat

2018 3730 2250 3799 juvenes
2298 3735 2356 3782 et
2400 3726 2670 3798 virgines,
2707 3741 2869 3781 senes
2918 3741 3045 3781 cum
3088 3727 3424 3798 junioribus,
3461 3729 3616 3800 juxta

2021 3820 2310 3876 Psallentis
2341 3835 2532 3875 vocem
2561 3821 2627 3885 ²⁰,
2660 3827 2823 3889 atque
2860 3833 3022 3874 omne
3056 3834 3229 3889 genus
3261 3821 3458 3886 aetatis,
3492 3832 3616 3892 qua:

2021 3915 2079 3969 in
2134 3913 2355 3970 Christo
2406 3912 2750 3984 intelligitur.
2809 3911 2959 3979 Quos
3020 3911 3185 3966 etiam
3250 3913 3337 3967 vir
3392 3913 3614 3969 divinus

2019 4005 2257 4061 Joannes
2278 4005 2659 4074 alloquebatur
2681 4004 2871 4059 dicens
2903 4022 2915 4057 :
2949 4023 2967 4055 ι
2995 4001 3199 4075 Scrip'si
3223 4004 3401 4070 vobis,
3430 4007 3610 4076 pueri,

2021 4099 2150 4169 quia
2178 4096 2510 4169 cognovistis
2535 4097 2751 4152 Patrem
2775 4114 2790 4163 ;
2825 4084 3022 4166 scrip’si
3052 4097 3229 4163 vobis,
3256 4106 3462 4167 patres,
3482 4099 3614 4168 quia

2020 4189 2354 4260 cognovistis
2399 4204 2527 4245 eum
2561 4188 2655 4258 qui
2699 4196 2783 4243 est
2838 4187 2907 4241 ab
2955 4188 3140 4255 initio;
3183 4189 3379 4258 scripsi
3429 4190 3608 4255 vobis,

2015 4285 2267 4355 juvenes,
2302 4283 2431 4351 quia
2472 4281 2646 4336 fortes
2688 4280 2843 4345 estis,
2886 4289 2943 4334 et
2974 4281 3203 4334 verbum
3244 4282 3341 4336 Dei
3371 4283 3426 4336 in
3454 4284 3612 4339 vobis

2020 4382 2223 4437 manet,
2248 4379 2304 4426 et
2330 4371 2541 4426 vicistis
2575 4370 2874 4438 malignum
2900 4369 2965 4422 τί.
3001 4387 3019 4418 ι
3059 4368 3233 4424 Aliter
3261 4380 3444 4425 autem
3474 4372 3604 4427 ado—

2019 4465 2289 4520 lescentes
2326 4464 2498 4533 ﬁgura
2533 4476 2653 4516 esse
2703 4466 2935 4530 possunt
2968 4458 3330 4524 fortitudinis,
3364 4463 3612 4533 prudens

2020 4557 2107 4611 tia:
2142 4570 2322 4621 senes,
2357 4552 2598 4607 infantia:
2631 4566 2763 4605 vero
2797 4549 2965 4615 illius,
3006 4566 3126 4620 qua:
3163 4550 3221 4605 in
3261 4550 3481 4607 Christo
3518 4554 3604 4608 in-

2014 4649 2299 4720 telligitur,
2333 4646 2430 4702 ﬁlii
2464 4661 2528 4701 ac
2560 4645 2684 4700 ﬁliae
2717 4663 2730 4697 :
2764 4652 2890 4698 cum
2918 4642 3244 4700 fortitudine
3274 4661 3510 4715 namque
3541 4661 3608 4704 ac

2013 4740 2328 4811 prudentia,
2355 4736 2815 4807 simplicitatequc
2852 4748 2916 4789 ea
2942 4749 3064 4804 qua:
3103 4734 3405 4790 secundum
3430 4736 3602 4791 Deum

2014 4842 2118 4897 est,
2167 4848 2197 4886 a
2236 4839 2462 4903 peccato
2519 4829 2587 4883 ad
2638 4826 3127 4882 sanctiﬁcationem
3179 4825 3599 4896 proﬁciscimur.

2020 4945 2038 4977 ι
2073 4924 2318 4982 Viriliter
2357 4921 2505 4976 enim
2553 4921 2718 4991 agite,
2765 4938 2783 4970 ι
2840 4919 3038 4990 inquit,
3098 4938 3117 4969 ι
3152 4927 3208 4974 et
3260 4919 3597 4976 confortetur

2010 5032 2107 5071 cor
2146 5026 2389 5070 vestrum
2416 5014 2480 5067 ".
2523 5033 2541 5064 ι
2587 5013 2657 5067 Ει
2693 5011 2893 5066 iterum
2939 5027 2954 5064 :
3003 5030 3021 5062 ι
3066 5010 3256 5066 Estote
3298 5011 3598 5079 prudentes

2009 5109 2153 5164 sicut
2194 5115 2509 5178 serpentes,
2556 5112 2613 5161 et
2661 5103 2937 5174 simplices
2985 5102 3128 5156 sicut
3177 5100 3443 5155 columbae
3465 5101 3528 5154 ³³.
3573 5122 3591 5151 ι

2009 5201 2148 5258 Cum
2174 5215 2307 5256 vero
2335 5199 2492 5265 dixit,
2515 5214 2647 5253 oves
2669 5212 2890 5268 quoque
2924 5210 2988 5249 ac
3017 5194 3184 5249 boves
3213 5192 3376 5247 simul
3402 5192 3595 5248 absce-

2010 5293 2141 5348 dere
2164 5291 2388 5357 deberc,
2423 5289 2753 5361 signiﬁcavit
2782 5288 3036 5348 fortasse,
3058 5299 3126 5338 ne
3153 5298 3445 5352 corporeos
3468 5284 3594 5354 qui-

2011 5386 2134 5441 dem
2162 5384 2283 5439 illos
2308 5393 2492 5438 motus
2518 5390 2738 5436 nostros
2764 5387 2820 5433 et
2846 5376 3076 5431 rationis
3099 5385 3352 5444 expertes
3381 5374 3595 5432 Satana‘

318 5455 586 5524 εστήσατε
626 5457 695 5511 τὰ
740 5462 874 5534 μέλη
933 5465 1085 5535 ὑμῶν
1138 5466 1299 5520 δοῦλα
1338 5472 1405 5540 τῇ
1448 5470 1763 5543 ἀκαθαρσίᾳ
1809 5473 1905 5526 καὶ

2022 5491 2127 5531 esse
2164 5473 2583 5545 relinquendos;
2626 5469 2735 5541 44
2768 5469 2952 5538 itaque
2995 5465 3216 5521 divinus
3265 5466 3356 5523 ille
3388 5468 3594 5522 Paulus

318 5547 378 5616 τῇ
412 5545 620 5620 ἀνομίᾳ
662 5553 740 5614 είς
772 5553 869 5624 τὴν
908 5558 1160 5628 ἀνομίαν,
1205 5560 1348 5613 οὕτω
1373 5561 1469 5616 νῦν
1511 5565 1901 5637 παραστήσατε

2022 5566 2225 5632 ;cribit,
2268 5586 2286 5617 ‹
2315 5565 2469 5620 Sicut
2518 5560 2847 5615 exhibuistis
2882 5558 3127 5621 membra
3159 5568 3340 5615 vestra
3381 5560 3592 5615 servire

385 5688 565 5767 1.3.10!)
603 5706 721 5757 xu,
761 5694 860 5767 1⁵·
938 5700 979 5729 ¹⁹
1005 5699 1177 5756 Εκοά·
1212 5719 1264 5767 Χ,
1291 5703 1324 5757 8
1359 5718 1480 5767 squ.
1559 5709 1601 5739 ⁸ο
1629 5708 1772 5763 Psal.
1817 5723 1915 5764 cru.

2022 5750 2031 5767 .
2064 5708 2145 5762 12.
2224 5709 2263 5739 ¹¹
2297 5707 2316 5761 l
2346 5706 2503 5762 Joan.
2546 5717 2604 5767 ιι,
2639 5701 2727 5767 Η,
2782 5700 2869 5755 15.
2976 5701 3020 5733 ³³
3059 5698 3202 5757 Psal.
3242 5717 3369 5767 xxx,
3424 5700 3513 5755 25;

320 5759 362 5793 ³³
389 5758 612 5816 Matth»
638 5777 669 5814 ιι
689 5801 704 5826 ,
754 5764 840 5818 16.

641 5855 915 5922 ΡΑτιιοι.
962 5864 1077 5924 GR.
1127 5864 1387 5926 LXVIII.

3205 5857 3238 5928 '1

938 5700 979 5729 ¹⁹
1005 5699 1177 5756 Exod.
1212 5719 1264 5767 ιι,
1291 5703 1324 5757 8
1359 5718 1480 5775 sqq.
1559 5709 1601 5739 '°
1629 5708 1772 5763 Psal.
1817 5723 1915 5764 cru.

2022 5750 2031 5775 ,
2064 5708 2145 5762 12.
2224 5709 2263 5739 ¹¹
2297 5707 2316 5761 I
2346 5706 2503 5762 Joan.
2546 5717 2604 5769 ιι,
2639 5701 2727 5768 Η,
2782 5700 2869 5755 15.
