4082 6304
457 326 587 385 1ῡό

1465 322 1533 379 ’8.
1578 317 1857 379 CYRILLl
1898 318 2368 382 ALEXANDRINI
2408 322 2728 385 ARCHIEP.

3665 328 3767 389 ’203

475 433 847 495 immunditize
885 441 943 488 et
986 431 1265 502 iniquitati
1296 432 1363 488 ad
1406 433 1776 503 iniquitatem,
1805 434 1885 488 sic
1924 450 2073 488 nunc

2183 437 2240 492 τὰ
2274 436 2410 510 μέλη
2434 439 2588 509 ὑμῶν
2612 439 2775 493 δοῦλα
2834 443 2901 513 τῇ
2931 436 3249 516 δικαιοσύνῃ
3285 439 3365 507 εἰς
3399 444 3696 517 ἁγιασμόν.
3730 468 3757 501 τ

481 528 739 587 exhibete
777 524 1020 579 membra
1054 533 1234 580 vestra
1273 526 1482 582 servire
1508 526 1737 599 justitiae
1778 525 1834 579 in
1869 525 2071 580 sancti-

357 639 367 655 -
474 617 792 675 ‘ﬁeationem
818 615 882 669 ’⁵.
918 633 938 667 ι

554 708 751 765 PALL.
795 706 903 763 Sed
940 722 1048 778 qua
1080 706 1344 763 deeausa
1383 708 1614 763 dimittit
1642 707 1864 779 quidem
1906 707 2079 777 pube-

458 818 593 867 "res,
622 811 679 859 et
711 799 807 871 qui
843 799 1029 855 adulta
1061 802 1171 871 jam
1206 810 1393 857 essent
1426 810 1606 869 aetate,
1648 801 1851 855 retinet
1891 809 2075 854 autem

457 906 463 913 ‘
483 903 715 949 ceteros
740 891 988 946 Pharao?

550 985 711 1039 (ZYR.
752 982 1174 1050 Quaenam'esse
1222 985 1325 1052 ais,
1359 1001 1483 1057 qua:
1528 987 1583 1041 in
1620 983 1853 1057 Aigypto
1891 996 2075 1038 rema-

458 1077 692 1132 Ineunt?

531 1169 756 1225 .PALL.
814 1171 1010 1239 Erant,
1062 1170 1277 1242 opinor,
1327 1170 1592 1225 mulieres
1641 1171 1831 1243 procul
1883 1172 2074 1239 dubio,

469 1262 643 1330 »pueri
676 1263 1052 1333 impuberes,
1113 1262 1314 1317 inﬁrmi
1370 1278 1566 1329 senes,
1616 1272 1672 1318 et
1732 1264 1895 1319 bruta
1953 1265 2076 1319 ani-

474 1352 673 1407 *malia.

554 1442 714 1499 ΟΥΕ.
750 1441 866 1503 Cur
901 1457 1074 1517 "ergo,
1122 1442 1363 1508 Palladi,
1419 1444 1528 1497 non
1573 1442 1710 1499 illud
1758 1445 1943 1501 statim
1985 1461 2093 1517 co-p

480 1528 664 1605 gitas?
1510 1522 1543 1554 ⁸

542 1626 754 1681 PALL.
796 1625 939 1694 Quid
968 1627 1114 1683 illud
1149 1625 1410 1683 tandem?

555 1720 713 1775 CYR.
754 1719 1033 1777 Robustos
1079 1734 1317 1791 namque
1360 1728 1417 1773 et
1455 1720 1706 1791 juvenes,
1742 1728 1801 1776 et
1846 1721 1941 1791 qui
1978 1720 2074 1776 ﬁr-

2250 705 2460 761 l'IAAA.
2512 707 2767 763 Ἀνθότου
2802 708 2866 781 δὴ
2903 704 2998 764 οὖν
3050 711 3236 782 ἀνίησι
3278 712 3376 781 μὲν
3414 713 3541 777 τοὺς
3572 715 3630 765 ἐν
3654 714 3759 786 ἥϐῃ

2177 797 2273 851 καὶ
2301 799 2359 852 ὲν
2374 799 2600 871 ἀκμαῖς,
2633 804 3005 872 μεταποιεῖται
3031 803 3090 857 δὲ
3112 804 3222 857 τῶν
3250 804 3337 857 ἑτέ
3347 822 3456 876 ρων
3477 808 3506 858 ὁ
3525 806 3759 877 Φαραώς

2248 977 2415 1031 ΚΥΡ.
2463 977 2597 1032 Τίνα
2626 978 2737 1051 γὰρ
2777 973 2919 1035 εἷναι
2967 979 3077 1052 φὴς
3119 981 3213 1035 τὸν
3257 983 3316 1037 ὲν
3369 979 3632 1053 Αἰγύπτῳ
3666 985 3761 1056 μέ-

2178 1083 2337 1120 νοντα
2359 1084 2375 1133 ;

2249 1159 2459 1212 ΠΛΛΛ.
2498 1154 2712 1228 ἿΙσαν,
2757 1157 2913 1233 οἶμαί
2955 1180 3090 1231 που,
3131 1163 3333 1233 γύναια
3390 1165 3456 1236 δὴ
3508 1166 3761 1235 πάντως,

2174 1250 2620 1324 παῖδεςάνηϐοι,
2654 1254 2752 1310 καὶ
2792 1254 3037 1319 ἀσθενεῖς
3069 1256 3375 1329 πρεσϐῦται
3398 1299 3412 1326 ,
3441 1261 3537 1313 καὶ
3569 1260 3762 1330 ἄλογος

2179 1359 2392 1413 κτησις.

2251 1436 2417 1491 ΚΥΡ.
2468 1432 2625 1502 Εἶτα,
2660 1430 2717 1491 ὦ
2761 1436 3005 1509 βέλτιστε
3030 1478 3044 1503 ,
3083 1439 3202 1505 πῶς
3232 1441 3334 1495 οὐκ
3381 1443 3558 1497 ἐκεῖνο
3601 1444 3762 1508 εὐθὺς

2177 1528 2362 1600 διανοῇ
2381 1545 2396 1595 ;
2434 1596 2439 1601 _

2251 1620 2462 1676 HAAA.
2504 1621 2578 1676 Τὸ
2607 1626 2759 1677 ποῖον
2787 1625 2925 1695 φής

2250 1710 2418 1770 ΚΥΡτ
2453 1715 2593 1779 Τοὺς
2616 1716 2714 1787 μὲν
2737 1717 2848 1788 γὰρ
2880 1717 3227 1789 σφριγῶντας
3247 1734 3305 1770 τε
3336 1717 3431 1771 καὶ
3465 1717 3639 1783 νέους,
3669 1721 3765 1773 καὶ

473 1813 649 1869 euiori
677 1814 789 1885 jam
818 1813 1009 1868 habitu
1048 1821 1177 1868 sunt
1212 1813 1280 1867 ad
1321 1812 1607 1882 pietatem,
1640 1827 1833 1882 graves
1859 1828 1923 1869 ac
1960 1830 2080 1868 mo-

2183 1804 2557 1878 ἀκμαιοτέραν
2584 1807 2806 1878 ἔχοντας
2832 1810 2932 1881 τὴν
2958 1808 3071 1875 ἕξιν
3105 1812 3186 1873 είς
3215 1809 3520 1874 εὐσέϐειαν,
3546 1812 3763 1880 ἡγεῖται

486 1906 657 1961 lestos
704 1904 1050 1960 arbitratur:
1084 1904 1323 1962 liberare
1374 1918 1612 1972 namque
1668 1918 1726 1958 se
1778 1905 1961 1975 cupit,
2021 1915 2084 1962 ut

460 2005 643 2068 .-,puto,
683 1996 936 2067 quamvis
986 1995 1215 2062 invitus,
1251 1996 1320 2051 ab
1365 1995 1432 2051 iis
1481 1996 1578 2065 qui
1632 1994 1737 2049 sibi
1784 1995 2079 2061 obsistunt,

485 2090 580 2159 qui
609 2097 665 2145 et
697 2094 891 2144 contra
924 2086 1107 2142 moliri
1143 2086 1353 2156 aliquid
1392 2095 1646 2156 possunt,
1674 2095 1731 2141 et
1769 2101 1899 2141 suas
1935 2086 2080 2158 inju-

478 2182 598 2236 rias
628 2179 969 2251 propulsare,
996 2179 1152 2251 juxta
1190 2179 1322 2234 illud
1360 2195 1372 2231 :
1417 2197 1435 2228 ι
1468 2178 1727 2233 Resistite
1756 2178 1995 2243 diabolo,
2025 2186 2082 2234 et

470 2273 661 2345 ‘l‘ugiet
689 2288 719 2327 a
751 2271 911 2329 vobis
937 2273 1004 2325 ’⁵.
1041 2291 1059 2323 ι
1104 2271 1213 2326 Eos
1253 2278 1436 2325 autem
1478 2271 1574 2341 qui
1620 2286 1681 2326 se
1717 2270 1953 2327 viriliter
1984 2284 2079 2342 ge-

472 2377 609 2423 rere
644 2381 752 2421 non
781 2370 1033 2436 possunt,
1062 2363 1262 2418 obnixe
1301 2363 1523 2427 retinet,
1553 2363 1880 2433 adamatque
1908 2377 2082 2433 genus

470 2457 622 2512 illud
652 2455 799 2528 quod
831 2454 1087 2511 muliebri
1113 2469 1280 2509 sensu
1310 2470 1375 2509 ac
1410 2454 1694 2521 molleest,
1723 2463 1786 2508 ut
1815 2456 1959 2525 quod
1991 2455 2078 2509 in-

468 2548 707 2604 rlirmum
739 2547 811 2603 sit
838 2556 895 2603 et
938 2546 1159 2601 imbelle
1189 2562 1203 2599 :
1228 2544 1365 2600 illud
1396 2545 1529 2600 item
1555 2547 1701 2616 quod
1734 2546 1977 2600 nondum
2010 2547 2077 2601 ad

477 2641 692 2721 pubem
728 2637 1004 2710 pervenit,
1033 2646 1091 2692 et
1124 2635 1341 2690 viribus
1364 2645 1538 2701 caret,
1570 2645 1628 2690 et
1655 2652 1817 2691 sensu
1857 2644 1943 2691 est
1980 2637 2078 2691 ad~

485 2733 599 2787 huc
647 2729 850 2802 puerili
880 2744 900 2783 ξ
937 2741 1190 2783 crassum
1240 2726 1483 2797 denique
1528 2726 1667 2782 illud
1705 2737 1761 2782 et
1798 2743 1828 2781 a
1865 2727 2077 2783 ratione

473 2824 778 2887 "remotius,
810 2820 960 2892 quod
1004 2818 1233 2891 ﬁgurate
1270 2818 1449 2875 bobus
1492 2826 1550 2875 et
1593 2817 1792 2874 ovibus
1828 2816 2075 2875 insinua-

469 2916 602 2967 ηὶιιτ.

546 3004 761 3059 ~PALL.
804 3004 972 3059 Recte
1003 3001 1103 3058 ais.

2174 1895 2507 1966 ’φορτικούςο
2558 1896 2909 1962 ἀπαλλακτιᾷ
2949 1902 3077 1974 γὰρ,
3113 1897 3292 1971 οἶμαι,
3333 1905 3428 1957 καὶ
3463 1904 3561 1976 οὐχ
3597 1903 3762 1972 ἑκὼν,

2182 1985 2291 2039 τῶν
2319 1987 2752 2060 ἀνθεστηκότων,
2780 1989 2829 2044 οῖ
2858 1992 2956 2051 καί
2982 1994 3122 2047 είσιν
3151 1994 3538 2066 ἀντιπράττειν
3557 1990 3762 2064 οἷοίτε,

2183 2074 2277 2127 καὶ
2300 2075 2487 2145 σφίσιν
2516 2078 2731 2143 ἑαυτοῖς
2758 2081 3060 2151 ἐπαμύνειν
3094 2083 3491 2155 ἀδικουμένοις,
3534 2087 3677 2141 κατά
3698 2103 3763 2157 γε

2180 2165 2259 2226 τὸ.
2286 2185 2305 2218 ι
2343 2167 2652 2243 Ἀντίστητε
2672 2171 2752 2241 τῷ
2771 2172 3023 2245 διαϐόλῳ,
3041 2178 3136 2228 καὶ
3155 2175 3408 2244 φεύξεται
3424 2178 3517 2247 ἀφ’
3537 2178 3713 2249 ὑμῶν.
3737 2200 3758 2235 ι

2181 2258 2575 2315 Μεταποιεῖται
2603 2252 2661 2314 δὲ
2688 2261 2810 2316 λίαν
2835 2263 2930 2317 τοῦ
2958 2263 3031 2336 μὴ
3059 2265 3404 2337 ἀνδρίζεσθαι
3433 2272 3760 2340 πεφυκότος,

2180 2349 2277 2405 καὶ
2302 2352 2378 2416 ὼς
2421 2352 2578 2421 γένος
2617 2354 2847 2426 ἀδρανὲς
2883 2358 2978 2410 καὶ
3013 2357 3439 2431 ἀφιλοπόλεμον,
3487 2362 3676 2434 ἀγαπᾷ
3703 2380 3760 2418 re

2179 2440 2367 2494 νοσοῦν
2389 2442 2448 2495 ἐν
2480 2440 2659 2515 ἑαυτῷ
2695 2447 2949 2516 φρόνημα
2974 2447 3034 2501 τὺ
3060 2448 3192 2520 θῆλυ
3221 2451 3317 2504 καὶ
3342 2451 3646 2521 μαλθακὸν,
3674 2458 3760 2510 κ>ὶ

2179 2528 2293 2586 οἷον
2338 2535 2628 2606 ἀφηϐηκός
2669 2554 2729 2590 τε
2754 2540 2846 2592 καὶ
2876 2540 3068 2595 ἄναλκι
3093 2582 3108 2606 ,
3137 2543 3233 2596 καὶ
3270 2544 3629 2613 μειρακιῶδες
3662 2544 3760 2604 ἔτι,

2179 2626 2274 2679 καὶ
2297 2625 2358 2678 τὺ
2380 2629 2526 2697 παχύ
2547 2645 2608 2682 τε
2628 2631 2723 2685 καὶ
2746 2632 3109 2704 ἀλογώτερον,
3140 2635 3224 2698 ’ὡς
3252 2637 3311 2689 ὲν
3338 2630 3500 2703 τύπῳ
3526 2628 3682 2702 βουσί
3704 2643 3761 2687 τι

2179 2717 2274 2769 καὶ
2302 2716 2621 2788 προϐάτοις.

2244 2999 2454 3055 ΠᾹΛΛ.
2487 2998 2563 3056 Εὖ
2595 3002 2751 3076 ἔφηςτ

554 3096 718 3151 CVR.
758 3094 865 3150 Sed
903 3095 1106 3149 iterum
1144 3091 1412 3148 mentitur
1437 3089 1697 3162 pertinax
1736 3090 1830 3147 ille
1859 3100 1916 3147 et
1939 3093 2073 3164 rigi-

2254 3092 2417 3148 ΚΥΡ.
2465 3095 2813 3168 Ψευδομυθεῖ
2838 3098 2896 3152 δὲ
2929 3099 3092 3155 πάλιν
3125 3100 3155 3156 ὁ
3199 3102 3536 3178 σκληρόνους
3578 3122 3641 3161 τε
3672 3107 3769 3164 καὶ

476 3188 599 3244 dus
646 3187 878 3243 Pharao.
918 3185 1129 3242 Deinde
1173 3199 1305 3241 cum
1353 3184 1693 3240 locustarum
1739 3185 2084 3241 examinibus

477 3286 607 3334 ’tota
645 3277 762 3335 fere
803 3277 1051 3350 ipsorum
1096 3277 1249 3350 regio
1281 3285 1619 3348 consumpta
1657 3286 1823 3343 esset,
1854 3279 2086 3333 accersit

485 3370 735 3444 Moysen,
774 3385 939 3441 quem
981 3369 1173 3425 ~iltaron
1229 3378 1316 3425 est
1363 3370 1693 3435 comitatus,
1734 3378 1792 3424 et
1844 3369 2026 3440 inquit
2068 3389 2081 3425 :

500 3480 522 3514 ι
555 3462 633 3517 ite
667 3470 727 3516 et
764 3461 966 3515 servite
1006 3460 1240 3516 Domino
1287 3460 1400 3515 Deo
1446 3468 1660 3527 vestro;
1705 3472 2082 3518 verumtamen

479 3554 564 3609 ~de
597 3552 796 3608 ovibus
830 3552 1117 3622 bobusque
1144 3551 1347 3608 vestris
1390 3552 1711 3623 relinquite,
1742 3562 1800 3609 et
1837 3556 2083 3627 supellex

483 3654 675 3700 “vestra
700 3643 863 3699 abeat
884 3643 1193 3699 vobiscum.
1233 3662 1251 3695 ι
1282 3643 1352 3699 Ει
1373 3643 1450 3699 ait
1477 3644 1721 3717 Moyses:
1756 3665 1774 3697 ι
1816 3646 1932 3702 imo
1953 3663 2086 3704 vero

492 3746 556 3792 tu
583 3737 742 3793 dabis
779 3735 940 3791 nobis
972 3735 1292 3791 holocausta
1330 3744 1387 3791 et
1418 3736 1628 3793 hostias
1665 3754 1785 3808 qua:
1820 3739 2087 3797 faciamus

488 3829 729 3886 Domino
768 3830 882 3885 Deo
922 3837 1133 3893 nostro,
1170 3835 1229 3883 et
1262 3828 1515 3898 jumenta
1554 3837 1741 3884 nostra
1782 3829 1943 3885 ibunt
1982 3847 2085 3887 no-

490 3922 741 3987 biscum,
785 3929 842 3975 et
889 3934 1003 3974 non
1049 3918 1428 3988 relinquemus
1478 3920 1773 3990 ungulam;
1827 3921 1898 3975 ab
1953 3922 2086 3991 ipsis

483 4014 647 4070 enim
692 4012 1026 4083 accipiemus
1067 4018 1130 4066 ut
1173 4010 1550 4067 sacriﬁcemus
1583 4012 1815 4069 Domino
1843 4015 1954 4070 Deo
1982 4031 2085 4070 no-

488 4115 615 4162 utro
635 4106 700 4160 ".
733 4122 752 4156 ι

560 4196 764 4253 PALL.
807 4194 983 4264 Quem
1029 4209 1198 4266 porro
1245 4209 1467 4250 sensum
1513 4194 1584 4252 iis
1622 4210 1744 4267 qua:
1775 4212 1806 4252 a
1840 4198 1960 4254 viro
1996 4215 2086 4255 sa-

494 4286 837 4361 pientissimo
863 4287 1044 4360 Moyse
1082 4286 1231 4342 dicta
1260 4294 1408 4351 sunt,
1449 4286 1861 4345 accommodare
1888 4305 2086 4361 possu-

492 4381 657 4435 mus?
687 4388 783 4435 aut
813 4395 923 4451 qua
964 4378 1184 4435 tandem
1216 4378 1428 4434 ratione
1471 4379 1598 4450 quis
1635 4380 1835 4451 capiat,
1865 4397 1931 4438 ea
1964 4398 2087 4453 quae

2184 3185 2452 3258 ἀκαμπὴς
2488 3188 2710 3258 Φαραώ.
2754 3187 2889 3245 Εἶτα
2929 3195 3050 3256 ταῖς
3087 3195 3187 3266 τῆς
3220 3197 3441 3269 ἀκρίδος
3468 3199 3769 3270 συμϐολαῖς

2182 3272 2333 3344 ὅλης,
2357 3274 2433 3338 ὡς
2457 3277 2653 3344 εἰπεῖν,
2685 3278 3082 3353 δαπανωμένης
3109 3283 3289 3338 αὐτῶν
3316 3286 3420 3356 τῆς
3440 3288 3645 3358 χώρας,
3664 3306 3770 3359 μεο

2182 3365 2507 3439 τάπεμπτον
2547 3372 3047 3440 ποιεῖταιΜωσέα,
3081 3376 3483 3442 συνεισθέοντος
3532 3379 3765 3451 Ἀαρὼν,

2185 3459 2282 3513 καί
2306 3477 2475 3532 φησι·
2517 3481 2536 3514 ι
2572 3464 2934 3534 Πορευθέντες
2954 3467 3286 3539 λατρεύσατε
3315 3471 3508 3541 Κυρίῳ
3545 3471 3626 3544 τῷ
3648 3472 3771 3545 Θεῷ

2187 3551 2366 3621 ὑμῶν,
2388 3552 2528 3624 πλὴν
2550 3554 2659 3609 τῶν
2682 3556 2971 3627 προϐάτιον
2991 3559 3211 3614 καὶτῶν
3243 3560 3382 3632 βοῶν
3414 3563 3765 3631 ὑπολίπεσθε,

2186 3644 2281 3696 καὶ
2308 3645 2340 3709 ἡ
2373 3644 2650 3717 ἀποσκευὴ
2673 3644 2827 3717 ὑμῶν
2856 3649 3206 3721 ἀποτρεχέτω
3241 3653 3359 3723 μεθ’
3387 3653 3567 3725 ὑμῶν.
3593 3675 3617 3708 ο
3658 3657 3768 3713 Καὶ

2184 3728 2307 3787 εἷπε
2322 3735 2551 3807 Μωσῆς
2564 3752 2585 3788 ι
2598 3736 2743 3791 Δλλά
2762 3738 2856 3793 καὶ
2872 3739 2937 3792 σὺ
2956 3740 3148 3806 δώσεις
3170 3744 3300 3812 ἡμῖν
3315 3742 3769 3818 ὁλοκαυτώματα,

2185 3823 2280 3879 καὶ
2308 3823 2498 3889 θυσίας
2523 3825 2561 3881 ἃ.
2582 3830 2883 3900 ποιήσομεν
2912 3831 3101 3903 Κυρίῳ
3128 3833 3205 3903 τῷ
3225 3833 3341 3905 Θεῷ
3364 3837 3553 3906 ἡμῶν·
3581 3840 3677 3893 καὶ
3702 3841 3769 3895 τὰ

2188 3915 2356 3987 κτήνη
2386 3916 2545 3986 ἡμῶν
2569 3918 2899 3989 πορεύσεται
2932 3921 3052 3993 μεθ’
3089 3923 3270 3994 ἡμῶν,
3308 3927 3403 3979 καὶ
3433 3928 3532 3999 οὐχ
3561 3930 3769 4003 ὑπολη-

2186 4006 2398 4077 ψόμεθα
2430 4008 2623 4080 ὁπλήν·
2656 4011 2753 4063 ἀπ’
2786 4012 2970 4065 αὐτῶν
3011 4014 3120 4084 γὰρ
3151 4008 3436 4087 ληψόμεθα
3472 4018 3767 4091 λατρεῦσαι

2188 4098 2381 4169 Κυρίῳ
2403 4098 2480 4167 τῷ
2510 4099 2628 4170 Θεῷ
2660 4101 2839 4171 ἡμῶν.
2884 4119 2903 4153 ι

2258 4190 2468 4244 ΠΛΛΛ.
2501 4192 2612 4244 Καὶ
2626 4191 2749 4245 τίνα
2766 4194 2879 4255 τοῖς
2899 4195 3212 4264 εἰρημένοις
3235 4197 3388 4269 παρά
3412 4215 3475 4268 γε
3503 4199 3599 4255 τοῦ
3626 4218 3766 4255 παν-

2188 4279 2353 4349 σόφου
2384 4282 2628 4346 Μωσέως
2654 4284 3069 4357 ὲφαρμόσαιμεν
3088 4287 3157 4342 ἂν
3174 4288 3272 4359 τὴν
3292 4290 3562 4356 διάνοιανς
3592 4293 3625 4364 ἢ
3652 4295 3772 4360 πῶς

2189 4373 2254 4427 ἄν
2278 4388 2365 4436 τις
2394 4370 2547 4427 λάϐοι
2574 4373 2644 4427 τὰ
2667 4373 2726 4441 ἐξ
2751 4375 3027 4446 Αἰγύπτου
3053 4381 3147 4432 καὶ
3166 4381 3391 4452 Φαραὼ,
3420 4383 3515 4437 καὶ
3539 4385 3769 4457 ἀναθείη

491 4487 565 4527 ex
609 4448 849 4545 λείπῃ)ιο⁷
870 4472 1171 4528 Pharaonis
1211 4448 1507 4542 permissu“
1534 4448 1732 4529 educta
1776 4482 1929 4542 sunt,
1967 4448 2081 4531 ὑεο
2118 4448 2164 4504 D
2191 4464 2343 4537 Θεῷῖ

496 4566 666 4620 fuisse
698 4565 917 4621 oblata?

566 4656 724 4712 CYR.
786 4657 982 4728 Atqui,
1039 4656 1270 4723 Palladi,
1316 4640 1607 4728 perspicua
1648 4667 1735 4715 est
1781 4659 1978 4715 oratio.
2033 4659 2084 4714 ls

496 4748 761 4818 cnim-qui
784 4749 1041 4819 pietatem
1064 4750 1248 4805 colere
1262 4749 1580 4805 volentibus
1602 4750 1843 4818 obsistit,
1871 4760 1928 4807 et
1955 4766 2083 4808 cum

500 4842 611 4895 illis
644 4848 874 4909 pugnat,
920 4840 1004 4893 sin
1044 4841 1230 4895 minus
1273 4842 1437 4911 pleno
1480 4842 1716 4913 imperio
1755 4844 2086 4914 quibusdam

499 4931 773 4987 dominari
808 4930 990 4996 liceat,
1022 4930 1217 4985 saltem
1239 4932 1422 5003 aliqua
1459 4949 1527 4990 ex
1558 4943 1716 5006 parte
1745 4934 1800 4990 id
1834 4936 2087 4992 obtinere

499 5019 692 5092 cupit;
734 5029 792 5076 at
816 5034 945 5075 vero
974 5019 1073 5074 Dei
1112 5019 1199 5074 lex
1234 5022 1382 5075 omni
1419 5038 1486 5078 ex
1522 5034 1681 5095 parte
1720 5027 1943 5096 penitus
1983 5043 2087 5084 nos

501 5110 786 5167 discedere
800 5110 980 5175 docet,
997 5108 1103 5181 55
1120 5108 1369 5180 nihilque
1388 5113 1700 5183 relinquere
1720 5117 1867 5173 illius
1888 5118 2084 5174 ditioni

500 5211 669 5271 atque
692 5200 928 5272 imperio
961 5200 1313 5271 subjectum:
1356 5216 1465 5255 non
1502 5203 1669 5257 ullam
1711 5207 1926 5273 animm,
1969 5226 2077 5265 non

500 5292 705 5347 mentis
721 5300 954 5363 partem,
969 5307 1081 5346 non
1100 5290 1332 5363 alicujus
1346 5294 1598 5364 corporei
1615 5304 1797 5352 motus
1814 5310 2077 5369 opportu-

500 5381 734 5437 nitatem
751 5400 765 5436 :
785 5382 854 5437 ad
870 5383 989 5438 haec
1002 5381 1375 5453 pulcherrima
1390 5399 1621 5454 qumque
1634 5393 1691 5439 et
1710 5388 1932 5453 eximia,
1960 5407 2082 5461 quae

502 5470 563 5526 in
602 5473 853 5527 saeculari
897 5474 1010 5528 vita
1058 5472 1188 5536 sint,
1246 5474 1360 5529 Deo
1401 5475 1603 5531 oil'erre
1648 5478 1852 5533 debere
1898 5481 2077 5537 docet.

503 5563 564 5622 Id
601 5565 749 5621 enim
776 5566 1090 5639 signiﬁcare
1134 5565 1395 5631 arbitror,
1425 5584 1491 5622 ex
1532 5568 1765 5642 {Egypto
1808 5574 2078 5643 accipere,

2179 4682 2188 4700 ι
2256 4659 2421 4715 ΚΥΡ.
2457 4661 2570 4716 Καὶ
2600 4660 2726 4734 μὴν,
2764 4652 2809 4716 ὧ
2832 4662 3017 4733 ἑταῖρε
3038 4704 3053 4731 ,
3099 4664 3277 4738 σαφὴς
3306 4668 3334 4723 ό
3369 4665 3546 4739 λόγος.
3582 4670 3640 4726 '0
3668 4669 3769 4743 μὲν

2188 4750 2298 4822 γὰρ
2334 4755 2447 4816 τοῖς
2489 4753 2735 4825 είρσεϐεῖν
2771 4754 3048 4810 ἐθέλουσιν
3079 4758 3429 4831 ἀνθεστηκὼς
3458 4762 3554 4815 καὶ
3599 4763 3770 4833 μαχό-

2192 4860 2388 4914 μενος,
2420 4847 2469 4898 εί
2500 4846 2575 4916 μὴ
2611 4846 2889 4911 παντελῶς
2926 4848 3076 4922 ἐξείη
3123 4850 3182 4904 τὸ
3221 4852 3313 4905 ὑπ’
3360 4854 3510 4925 αὐτῷ
3551 4854 3769 4911 κεῖσθαί

2186 4950 2369 5000 τινας,
2403 4935 2509 4989 κᾶν
2534 4937 2665 5005 γοῦν
2698 4939 2761 4991 ὲκ
2794 4939 2994 5010 μέρους
3020 4941 3181 4995 τοῦτο
3222 4943 3366 5014 ἔχειν
3410 4946 3672 5017 ἐπιθυμεῖ
3695 4966 3709 4980 ·
3739 4952 3769 5002 ό

2184 5024 2242 5078 δέ
2280 5043 2343 5094 γε
2379 5025 2474 5080 τοῦ
2509 5027 2644 5081 Θεοῦ
2673 5030 2837 5101 νόμος
2864 5035 3187 5105 τομωτὰτην
3221 5035 3344 5089 τινὰ
3379 5038 3651 5092 ποιεῖσθαι
3689 5038 3769 5092 δι-

2185 5117 2375 5173 δάσκει
2412 5119 2509 5191 τὴν
2555 5122 2948 5194 ἀποφοίτησιν,
2993 5126 3102 5180 οὐδ’
3138 5127 3442 5184 ὁπωστιοῦν
3475 5130 3569 5184 ὑπ’
3618 5132 3771 5203 αὐτῷ

2186 5208 2400 5263 κεῖσθαί
2440 5226 2498 5263 τε
2530 5213 2624 5265 καὶ
2657 5213 2839 5283 μένειν
2867 5215 3103 5284 ἐῶντας,
3130 5220 3189 5272 οὐ
3220 5219 3418 5291 ψυχῆς,
3453 5222 3512 5274 οῦ
3536 5222 3631 5275 νοῦ
3666 5222 3770 5294 μό-

2189 5315 2324 5371 ριον,
2355 5300 2416 5353 οὐ
2455 5304 2768 5374 σωματικοῦ
2800 5310 3099 5379 κινήματος
3123 5311 3399 5383 ἀφορμήν.
3433 5313 3666 5385 Προσέτι
3710 5314 3768 5368 δὲ

2184 5390 2297 5444 δεῖν
2327 5390 2422 5444 καὶ
2445 5392 2543 5461 τῆς
2570 5395 2629 5447 ὲν
2655 5394 2843 5467 κόσμῳ
2871 5396 3018 5466 ζωῆς
3043 5399 3108 5450 τὰ
3133 5399 3391 5453 κάλλιστά
3417 5418 3476 5453 τε
3505 5402 3597 5455 καὶ
3621 5400 3768 5465 ἐξαί-

2192 5500 2321 5554 ρετα
2351 5485 2744 5556 προσκομίζειν
2782 5488 2921 5560 Θεῷ.
2957 5489 3128 5544 Τοῦτο
3154 5492 3262 5562 γὰρ
3286 5490 3436 5562 οἴμαι
3466 5494 3679 5564 δηλοῦν,
3709 5495 3771 5547 τὸ

2190 5577 2248 5643 ἐξ
2295 5577 2568 5648 Αἰγύπτου
2613 5580 2821 5650 λαϐεῖν,
2864 5583 2958 5637 καὶ
3002 5584 3307 5638 καταθῦσαι
3357 5585 3497 5656 Θεῷ.
3545 5588 3615 5640 Ἢ
3644 5587 3769 5658 οὐχὶ

574 5745 621 5776 ’⁸
656 5747 814 5802 Rom.
845 5762 917 5810 vr,
976 5745 1059 5800 19.
1138 5748 1182 5779 ’⁸
1206 5746 1318 5801 Jac.
1381 5763 1467 5813 Iv,
1521 5749 1569 5803 7.
1648 5751 1691 5782 ’⁸
1729 5749 1900 5805 Exod.
1936 5767 1988 5817 κ,
2029 5752 2215 5812 24-26.
