4082 6304
290 364 396 421 205

1038 355 1135 420 rDE
1173 354 1615 423 ᾸΒΟΒΑἸῚΟΝΕ
1648 361 1716 417 1N
1766 352 2038 417 Sl’lRlTU
2074 344 2167 412 ΕΤ
2202 344 2575 411 ΥΕΒΙΤΑΤἘ.
2613 344 2747 409 LIB.
2779 343 2826 409 i.

3451 353 3555 409 206

287 477 438 530 τουτί
461 476 632 550 δρῷεν
662 479 731 532 ἄν
761 479 812 532 οἰ
842 476 929 533 διά
952 478 1146 549 σοφίας
1174 479 1447 550 κοσμικῆς
1472 479 1583 541 τοῖς
1615 478 1781 547 ἱεροῖς
1807 490 1868 527 τε

1983 486 2038 527 ιο
2073 471 2185 527 Deo
2221 478 2444 540 accepta
2481 468 2813 529 sacrificare.
2845 471 2929 524 An
2952 476 3088 523 Vero
3114 481 3227 521 non
3260 467 3316 523 id
3346 464 3557 524 faciunt

288 569 383 623 καὶ
425 568 598 633 θείοις
634 569 794 641 ἡμῶν
826 569 1289 641 ἑπαγωνιζόμενοι
1322 568 1633 639 δόγμασιν,
1670 566 1764 623 καὶ
1806 564 1867 619 τὸ

284 659 538 731 λαμπρὸν
550 662 612 714 ὲν
626 659 793 727 λέξει,
816 661 989 715 καὶτὸ
1005 664 1065 716 ἐν
1086 661 1292 733 εἰδήσει
1315 661 1510 733 πικρὸν
1537 658 1864 731 θηρώμενοι,

285 753 379 808 καὶ
407 753 506 823 τὴν
532 752 761 825 λογικὴν
786 752 1043 824 λατρείαν
1068 751 1451 816 ἐπιτελοῦντες
1476 750 1596 821 Θεῷ
1608 767 1633 818 -;
1660 768 1679 802 ι
1706 750 1870 805 Πᾶσα

286 842 390 914 μὲν
420 844 530 914 γὰρ
563 843 728 914 σοφία
768 842 921 916 παρὰ
956 843 1194 914 Κυρίου,
1237 861 1258 898 ι
1290 844 1435 897 κατὰ
1455 841 1518 896 τὸ
1545 838 1868 912 γεγραμμέ-

287 951 397 989 νον.
438 936 579 990 Ἀλλ’
608 938 668 992 ἐν
706 937 979 1010 πνεύματι
1008 936 1296 1009 κωμικῷ,
1323 937 1451 1000 τοὺς
1474 937 1610 1008 παρ’
1642 935 1867 1006 Ἕλλησι

288 1028 514 1100 ποιητὰς
542 1029 639 1084 καὶ
666 1024 1043 1103 λογογράφους
1067 1032 1148 1094 εἰς
1179 1031 1341 1086 τοῦτο
1360 1030 1739 1101 λαμπρότητος
1766 1028 1871 1097 τῆς

290 1122 413 1176 κατ’
441 1121 773 1192 εὐγλωττίαν
811 1124 1103 1194 ἀφικέσθαι
1141 1124 1346 1195 φαμέν.
1375 1121 1489 1177 Καὶ
1514 1121 1645 1192 γοῦν
1677 1123 1707 1175 ὁ
1745 1120 1868 1175 θεσ-

292 1212 478 1278 πέσιος
512 1214 725 1278 Παῦλος
747 1231 759 1243 ·
792 1233 816 1268 ι
856 1204 1022 1270 Οὺ’τδ
1050 1215 1268 1286 πνεῦμα
1294 1256 1309 1280 ,
1350 1216 1504 1286 φησὶ,
1529 1214 1625 1269 τοῦ
1660 1214 1868 1282 κόσμου

289 1305 479 1359 τούτου
517 1305 804 1378 ἐλάϐομεν,
831 1306 970 1362 ἀλλά
1015 1306 1076 1361 τὸ
1118 1306 1337 1378 πνεῦμα
1374 1308 1438 1360 τὸ
1476 1309 1542 1359 ὲκ
1574 1304 1711 1360 Θεοῦ
1733 1344 1750 1370 ,
1785 1305 1870 1359 ἵνα

287 1399 487 1470 ἴδωμεν
529 1401 600 1455 τὰ
640 1401 752 1454 ὑπὸ
782 1400 880 1455 τοῦ
916 1399 1053 1455 Θεοῦ
1102 1400 1435 1473 χαρισθέντα
1480 1401 1649 1469 ἡμῖν·
1695 1397 1870 1453 ἀ·καὶ

289 1492 573 1565 λαλοῦμεν,
590 1495 691 1551 οὐκ
710 1496 772 1548 ὲν
792 1495 1059 1559 διδακτοῖς
1080 1495 1273 1564 σοφίας
1291 1493 1640 1562 ἀνθρωπίνης
1665 1490 1868 1558 λόγοις,

285 1586 405 1641 ἀλλ’
427 1588 486 1643 ὲν
519 1587 790 1655 ἀποδείξει
818 1587 1148 1659 πνεύματος.
1180 1607 1204 1641 ι
1243 1588 1365 1641 Ὅτι
1396 1586 1454 1641 δὲ
1488 1581 1556 1656 ἦν
1595 1580 1812 1655 ἀληθῶς
1840 1583 1869 1635 ό

287 1672 493 1747 Μωσῆς
526 1677 585 1730 ἐν
626 1673 806 1742 σκιαῖς
857 1677 971 1744 ἔτι,
1008 1676 1078 1731 τὰ
1127 1676 1385 1748 ἐξαίρετα
1436 1675 1539 1744 τῆς
1576 1676 1633 1728 ἐν
1676 1673 1870 1743 κόσμῳ

286 1765 434 1837 ζωῆς
462 1768 562 1821 οὐκ
584 1766 866 1838 ἀπόϐλητα
887 1766 1215 1838 γενήσεσθαι
1243 1766 1421 1834 λέγων
1445 1764 1522 1836 τῷ
1550 1762 1691 1818 κατά
1708 1761 1869 1833 φύσιν

1972 563 2069 633 qui
2104 563 2386 634 sapientia
2417 561 2708 616 mundana
2736 560 2904 616 armis
2942 575 3042 630 pro
3101 560 3272 616 sacris
3322 560 3555 618 divinis-

1973 670 2083 726 que
2118 656 2326 711 nostris
2354 653 2624 726 dogmatis
2651 660 2883 717 certant,
2919 664 2977 708 et
3013 652 3272 709 dictionis
3301 655 3557 725 splendo-

1970 753 2093 802 rem
2116 746 2474 818 conjunctum
2502 761 2627 800 cum
2652 745 2897 800 scientia
2923 745 3227 801 acrimonia
3254 755 3555 814 sectantur,

1972 852 2038 895 ac
2093 838 2208 895 Deo
2254 838 2522 893 rationale
2587 837 2914 907 obsequium
2959 837 3264 893 exhibent?
3292 838 3558 905 Quamvis

1972 929 2123 985 enim
2162 946 2182 981 ι
2213 928 2395 984 omnis
2458 927 2727 998 sapientia
2783 942 2816 981 a
2871 926 3191 994 Domino,"
3229 946 3248 979 ι
3311 939 3371 985 ut
3419 931 3557 986 seri-

1972 1031 2129 1093 ptum
2185 1029 2290 1086 est,
2348 1030 2531 1076 tamen
2588 1027 2782 1091 poetas
2843 1020 3130 1091 gentilium
3204 1030 3369 1093 atque
3416 1025 3558 1079 seri»

1968 1120 2162 1182 .ptores
2189 1111 2467 1167 mundano
2496 1110 2697 1181 spiritu
2724 1111 2798 1165 ad
2837 1126 2962 1164 eum
2998 1111 3327 1181 eloquentia:
3373 1114 3579 1183 splcny

1975 1203 2167 1259 dorem
2208 1202 2523 1273 pervenisse
2553 1202 2829 1269 dicimus;
2874 1202 3057 1273 itaque
3098 1204 3293 1259 beatus
3334 1205 3557 1271 Paulus,

1984 1315 2002 1347 ι
2046 1272 2168 1352 Non
2194 1272 2458 1366 spiritum
2493 1314 2541 1361 ι,
2579 1296 2778 1366 inquit,
2823 1316 2841 1349 ι
2872 1298 3064 1352 nmndi
3122 1298 3288 1369 hujus
3340 1302 3560 1370 accepi-

1977 1405 2122 1453 mus;
2154 1389 2254 1444 sed
2282 1389 2539 1459 spiritum
2564 1389 2660 1461 qui
2681 1405 2750 1444 ex
2787 1391 2900 1445 Deo
2929 1400 3035 1456 est,
3073 1394 3129 1447 ut
3158 1393 3395 1449 sciamus
3439 1411 3561 1464 qua

1976 1498 2007 1537 a
2046 1482 2158 1536 Deo
2192 1481 2394 1537 donata
2424 1490 2554 1537 sunt
2584 1482 2781 1547 nobis;
2821 1498 2943 1553 qua
2974 1494 3030 1539 et
3060 1485 3340 1555 loquimur
3367 1502 3475 1541 non
3502 1487 3561 1542 in

1975 1573 2439 1642 persuasibilibus
2470 1573 2724 1630 humana
2779 1575 3058 1646 sapientia
3107 1577 3313 1643 verbis,
3358 1578 3454 1633 sed
3503 1580 3562 1634 in

1976 1666 2289 1722 ostensione
2307 1666 2539 1741 spiritus
2561 1668 2627 1721 ⁸⁸.
2662 1687 2679 1720 ι
2713 1667 2869 1734 Quod
2895 1684 3025 1723 vero
3056 1670 3282 1741 Moyses,
3310 1670 3438 1727 licet
3460 1672 3563 1727 ad-

1976 1758 2250 1824 umbrate,
2275 1775 2402 1814 vere
2430 1767 2611 1815 tamen
2637 1761 2803 1825 dic‘at,
2824 1777 2947 1830 qua
2974 1762 3027 1815 in
3057 1762 3169 1817 vita
3189 1763 3292 1818 hac
3313 1764 3561 1820 saculari

284 1855 439 1926 θεῷ,
489 1858 836 1929 παραχρῆμα
876 1857 1151 1910 δείκνυσιν
1185 1854 1434 1925 ἐναργῶς
1457 1894 1472 1917 ,
1508 1853 1648 1924 πλὴν
1688 1852 1764 1915 ὡς
1806 1852 1866 1905 ἐν

1983 1854 2248 1923 praecipua
2288 1853 2583 1917 habentur,
2615 1868 2680 1907 ea
2719 1853 2947 1915 minime
2976 1870 3007 1909 a
3039 1857 3152 1911 Deo
3178 1873 3312 1913 vero
3352 1861 3560 1930 respui,

287 1946 440 2019 τύπῳ
468 1948 564 2001 καὶ
603 1951 752 2020 σκιᾷ.
797 1948 931 2002 Θεοῦ
961 1948 1070 2020 γὰρ
1109 1947 1537 2019 προστάττοντος
1584 1943 1868 2000 σκυλεύειν

286 2040 412 2103 τοὺς
439 2039 795 2108 Αἰγυπτίους,
832 2042 1009 2112 χρυσᾶ
1037 2057 1099 2094 τε
1128 2042 1222 2095 καὶ
1250 2041 1471 2113 ἀργυρᾶ
1513 2038 1683 2110 σκεύη
1731 2038 1868 2110 χρή-

288 2131 483 2186 σασθαι
512 2133 623 2187 δεῖν
653 2131 857 2203 ἔφασκε
876 2175 892 2198 ,
926 2132 1079 2204 παρά
1113 2149 1172 2186 τε
1205 2133 1473 2203 συσκήνου
1495 2131 1588 2185 καὶ
1610 2130 1868 2200 γείτονος,

282 2214 315 2275 '3
341 2214 405 2293 δὴ
437 2222 533 2276 καὶ
567 2221 887 2295 περαίνεται
910 2222 999 2277 διὰ
1027 2223 1324 2292 γυναικῶν.
1358 2221 1607 2292 Ψίθυρον
1640 2220 1749 2292 γὰρ
1783 2220 1872 2274 ἀεί

288 2313 404 2377 πώς
439 2315 560 2368 ἐστι
584 2315 646 2368 τὸ
679 2314 871 2387 χρῆμα
900 2314 994 2369 καὶ
1039 2313 1389 2379 λαλίστατον,
1426 2312 1521 2367 καὶ
1555 2312 1692 2383 πρὸς
1726 2311 1874 2367 ἀπά·

284 2414 383 2479 την
401 2406 741 2478 εὐμήχανον.
766 2402 943 2479 Σκεύη
970 2408 1027 2462 δὲ
1057 2402 1213 2479 οἶμαι
1241 2407 1417 2478 χρυσᾶ
1452 2422 1512 2458 τε
1544 2404 1635 2458 καὶ
1657 2403 1874 2476 ἀργυρᾶ

290 2498 435 2570 παρά
461 2498 575 2553 τῶν
602 2499 915 2570 Αἰγυπτίων
944 2500 1030 2571 εῐη
1063 2499 1154 2564 ἂν,
1193 2499 1447 2569 καθάπερ
1477 2495 1682 2567 ἀρτίως
1710 2494 1870 2563 ἔφην,

288 2591 356 2645 τὰ
375 2586 456 2656 οἷς
480 2586 550 2663 ἦν
570 2590 717 2656 εἰκὸς
743 2590 1248 2663 κατασεμνύνεσθαι
1268 2589 1375 2643 τῶν
1399 2592 1457 2642 ὲν
1487 2588 1677 2659 κόσμῳ
1696 2588 1871 2652 τινὰς,

291 2682 337 2734 εἰ
367 2682 464 2735 καὶ
507 2681 641 2736 Θεὸν
687 2682 914 2755 είδησαν
942 2684 1033 2737 τὸν
1065 2682 1338 2754 ἀληθινόν.
1390 2682 1546 2734 Ἔστι
1585 2679 1642 2732 δὲ
1667 2679 1695 2732 ὅ
1730 2696 1873 2750 φημι

288 2773 488 2826 ’τοιόνδε
525 2790 579 2827 τι
624 2773 809 2828 πάλιν.
838 2772 1011 2828 Κοινά
1047 2777 1148 2845 μὲν
1184 2773 1292 2846 γὰρ
1325 2773 1528 2827 ἅπασιν
1564 2770 1874 2844 ἀνθρώποις

291 2865 357 2919 τά
396 2865 492 2919 νοῦ
539 2883 601 2918 τε
647 2867 744 2921 καὶ
775 2866 954 2939 ψυχῆς
1006 2868 1319 2938 κινήματα,
1364 2866 1460 2920 καὶ
1508 2867 1543 2937 ἡ
1595 2865 1730 2936 πρὸς
1765 2864 1875 2918 πᾶν

288 2956 466 3011 δτιοῦν
496 2959 874 3030 ἐπιτηδειότης
908 2957 1116 3028 ἀγαθοῦ
1136 2976 1196 3012 τε
1231 2958 1324 3011 καὶ
1354 2955 1614 3027 πονηροῦ.
1657 2955 1795 3009 Ἀλλ’
1825 2956 1877 3008 οί

290 3049 391 3120 μὲν
414 3052 534 3114 τοῖς
564 3049 666 3121 τῆς
700 3049 914 3121 φύσεως
944 3049 1413 3121 πλεονεκτήμασιν
1438 3047 1878 3120 ἀποκεχρημένω

292 3142 474 3207 καλῶς
496 3184 513 3209 ,
546 3142 640 3196 τὸν
678 3142 878 3197 εὐκλεᾶ
911 3143 1012 3196 καὶ
1058 3142 1336 3214 ἐξαίρετον
1386 3139 1711 3213 κατορθοῦσι
1739 3138 1872 3208 βίον.

1971 1946 2236 2001 continuo
2272 1944 2561 2000 evidenter
2608 1946 2872 2011 ostendit,
2913 1948 2968 2002 in
3005 1949 3176 2019 ﬁgura
3209 1952 3475 2009 duntaxat
3505 1962 3563 2009 et

1972 2041 2189 2095 umbr'a.
2217 2037 2315 2094 Dei
2353 2046 2592 2108 namque
2621 2039 2800 2107 jussu,
2833 2030 3117 2112 Egpptios
3158 2045 3413 2113 spoliare,
3459 2062 3561 2101 aus

1971 2146 2175 2203 reaque
2202 2141 2263 2187 Ct
2297 2140 2553 2202 argentea
2598 2146 2726 2185 νοεο
2769 2141 2964 2188 mutuo
3010 2135 3260 2205 accipere
3306 2145 3562 2207 oportere

1972 2227 2107 2282 dicit
2136 2242 2168 2281 a
2191 2227 2572 2285 contubernali
2610 2225 2775 2284 simul
2823 2237 2987 2301 atque
3024 2231 3226 2285 vicino.
3276 2226 3433 2298 Quod
3476 2232 3563 2303 ip-

1977 2331 2098 2371 sum
2121 2332 2220 2386 per
2248 2318 2509 2375 mulieres
2534 2322 2839 2391 perfectum
2858 2329 2976 2389 est;
3012 2323 3380 2377 susurrationi
3403 2336 3563 2379 hama

1974 2414 2084 2477 que
2115 2408 2163 2464 is
2200 2425 2365 2464 sexus
2404 2419 2575 2467 estet
2616 2412 2942 2482 loquacitati
2992 2413 3331 2482 aptissimus,
3382 2422 3438 2470 et
3494 2412 3565 2471 ad

1973 2499 2268 2555 struendae
2301 2501 2523 2557 fraudes
2561 2503 2897 2573 ingeniosus.
2935 2505 3074 2559 Vasa
3102 2520 3269 2575 porro
3306 2520 3471 2561 aurea
3507 2512 3567 2563 et

1974 2602 2235 2663 argentea
2272 2603 2465 2650 mutuo
2495 2596 2565 2651 ab
2596 2592 2865 2669 Egyptiis
2889 2605 3108 2667 sumpta
3144 2598 3293 2664 Sunt,
3336 2609 3399 2654 ut
3440 2599 3564 2669 Opi-'-

1974 2698 2098 2749 nor,
2131 2698 2197 2738 ac
2231 2683 2396 2740 modo
2421 2684 2555 2751 dixi,
2590 2685 2659 2740 de
2700 2686 2905 2756 quibus
2943 2702 3163 2757 aquum
3198 2697 3347 2743 esset
3392 2704 3565 2759 quos-'

1977 2774 2104 2831 dam
2151 2775 2248 2846 qui
2300 2776 2357 2830 in
2405 2777 2606 2831 saculo
2637 2784 2768 2832 sunt
2812 2778 3055 2849 gloriari,
3097 2778 3142 2834 si
3192 2779 3361 2835 iidem
3390 2781 3565 2837 Deum

1974 2881 2197 2936 quoque
2218 2882 2412 2921 verum
2440 2878 2816 2938 agnoscerent.
2863 2869 2961 2925 Est
2985 2878 3168 2926 autem
3194 2871 3248 2926 id
3272 2872 3419 2942 quod
3442 2872 3567 2929 dico

1978 2974 2172 3014 rursus
2203 2960 2608 3030 hujuscemodi.
2640 2961 2977 3019 Communes
3015 2972 3145 3019 sunt
3171 2965 3432 3020 omnibus
3460 2965 3566 3020 ho—

1974 3051 2222 3111 minibus
2254 3052 2455 3107 mentis
2488 3060 2654 3123 atque
2687 3054 2884 3109 anima
2912 3062 3114 3119 motus,
3154 3065 3210 3111 et
3258 3065 3445 3126 aptum
3495 3047 3566 3113 ad

1979 3143 2166 3198 omnia
2203 3144 2484 3214 ingenium
2520 3151 2635 3198 tum
2676 3144 2744 3198 ad
2775 3145 3004 3210 bonum,
3049 3154 3164 3201 tum
3214 3148 3285 3203 ad
3338 3149 3564 3205 malum.

291 3232 359 3286 οἰ
382 3248 447 3301 γε
480 3232 590 3303 μὴν
616 3234 704 3301 ἐφ’
729 3231 766 3287 ἃ
799 3232 874 3303 μὴ
925 3232 1203 3303 προσῆκεν
1229 3229 1568 3301 ἀνοητότατα
1596 3229 1876 3301 παρατρέ-

1983 3230 2092 3287 Sed
2116 3232 2214 3302 qui
2246 3239 2460 3287 natura
2484 3235 2964 3303 prastantioribus
2986 3235 3149 3289 donis
3193 3245 3343 3291 recte
3396 3246 3566 3293 utun-

293 3330 521 3386 ποντες,
551 3321 1025 3394 παρασημαίνουσί
1054 3338 1170 3384 πως
1203 3319 1273 3374 τὰ
1313 3321 1412 3391 τῆς
1445 3318 1660 3388 φύσεως
1696 3316 1879 3386 ἀγαθά

292 3415 382 3467 καὶ
403 3414 507 3487 τὴν
537 3413 625 3468 ἐπ’
658 3413 957 3484 αἰσχίστοις
991 3411 1126 3466 ἰέναι
1151 3411 1358 3484 τρίϐον.
1406 3411 1652 3483 ’Δνδρεία
1682 3428 1743 3464 τε
1769 3409 1879 3482 γάρ

295 3505 386 3561 καὶ
435 3506 700 3577 φρόνησις
748 3504 888 3558 καλά
936 3504 1037 3576 μὲν
1081 3506 1195 3567 τοῖς
1248 3505 1446 3576 ἄριστα
1491 3502 1878 3575 κεχρημένοις,

294 3598 565 3668 ἐπιζήμια
594 3596 653 3650 δὲ
683 3598 796 3661 τοῖς
821 3597 921 3651 οὐκ
946 3595 1162 3668 ἔχουσιν
1190 3594 1370 3665 ὀρθῶς
1390 3611 1405 3624 ο
1436 3594 1611 3661 ἔξεστι
1646 3594 1744 3665 μὲν
1772 3595 1882 3665 γὰρ

295 3689 642 3761 ἀνδρίζεσθαι
692 3689 788 3745 καὶ
837 3691 1056 3760 φρονεῖν
1098 3690 1197 3742 σὺν
1240 3687 1444 3756 ἐπαίνῳ
1497 3688 1590 3741 καὶ
1635 3688 1879 3757 κρότοιςο

294 3781 479 3847 ἔξεστι
504 3780 562 3834 δὲ
587 3775 653 3835 αὖ
676 3781 774 3835 σὺν
804 3781 971 3853 πολλῇ
1003 3779 1068 3851 δὴ
1094 3778 1267 3833 ταῦτα
1297 3779 1595 3848 κεκτῆσθαι
1617 3778 1880 3849 καταϐοῇ.

296 3875 472 3930 Ταυτὶ
496 3874 565 3947 δὴ
589 3873 747 3929 κοινά
768 3874 864 3929 καὶ
890 3874 949 3927 ὲν
976 3872 1143 3927 πᾶσίν
1164 3872 1300 3937 ἐστι,
1328 3871 1422 3923 καὶ
1439 3870 1498 3924 ὲν
1520 3872 1631 3934 τοῖς
1653 3870 1732 3923 ἔτι
1751 3870 1885 3924 πλα-

295 3967 589 4040 νωμένοις,
619 3968 715 4021 καὶ
740 3967 798 4019 ὲν
823 3968 937 4030 τοῖς
964 3965 1131 4019 εἰδόσι
1155 3963 1309 4019 Θεόν.
1333 3963 1462 4017 Ὅτε
1492 3960 1625 4032 γοῦν
1655 3964 1690 4034 ἡ
1721 3961 1885 4016 πάλαι

297 4059 640 4130 φαυλότητος
658 4058 883 4129 ἐργάτις
908 4056 1154 4129 ἀνδρεία,
1176 4056 1271 4110 καὶ
1293 4054 1353 4109 τὸ
1376 4055 1435 4109 ἐν
1453 4054 1666 4108 συνέσει
1689 4053 1886 4125 πικρὸν

303 4152 741 4223 μετατρέποιντο
772 4146 912 4221 πρὸς
944 4148 1102 4221 ήμῶν
1146 4149 1228 4213 εἰς
1270 4147 1331 4201 τὸ
1378 4146 1568 4202 δοκοῦν
1607 4145 1684 4218 τῷ
1730 4144 1884 4217 Θεῷ,

304 4244 594 4315 μονονουχὶ
635 4243 730 4296 καί⁵
760 4241 822 4306 ἐξ
858 4239 1176 4310 Αἰγυπτίων
1215 4239 1520 4310 ληφθέντα,
1556 4240 1650 4294 καὶ
1680 4241 1745 4292 ὲκ
1787 4241 1887 4310 τῆς

300 4338 359 4389 ὲν
385 4336 587 4407 κόσμῳ
610 4334 758 4406 ζωῆς
777 4374 793 4399 ,
829 4332 952 4405 ίερά
976 4344 1037 4386 τε
1077 4332 1173 4386 καὶ
1198 4331 1570 4401 εὐπρόσδεκτα
1600 4331 1888 4402 γενήσεται

300 4429 379 4501 τῷ
399 4427 523 4500 Θεῷ
546 4443 564 4459 ’
596 4425 1057 4498 μεταρυθμίξεται
1086 4423 1193 4496 γὰρ
1220 4423 1299 4487 εἰς
1321 4423 1523 4493 ἀρετῆς
1551 4422 1761 4493 χρείαν,
1795 4422 1890 4475 καὶ

1984 3329 2094 3387 tur,
2140 3323 2457 3392 praclaram
2500 3330 2666 3393 atque
2720 3323 2996 3394 egregiam
3034 3324 3201 3378 vitam
3251 3334 3419 3395 agunt
3464 3336 3569 3383 :at

1981 3414 2078 3486 qui
2119 3414 2237 3471 hac
2296 3414 2365 3469 ad
2419 3430 2483 3470 ea
2531 3430 2655 3485 qua
2705 3415 2934 3470 minime
2973 3418 3190 3485 oportet
3247 3413 3569 3474 stultissime

1982 3500 2333 3576 detorquent,
2377 3506 2623 3561 indicant
2663 3506 2900 3576 quodam
2951 3506 3115 3561 modo
3159 3514 3371 3563 natura
3426 3508 3570 3565 bona
3609 3557 3617 3564 .

1981 3593 2147 3648 etiam
2178 3592 2246 3647 ad
2281 3608 2367 3647 res
2395 3593 2744 3663 turpissimus
2778 3593 3061 3649 transferri
3098 3611 3279 3665 posse.
3322 3598 3567 3654 Furtim-

1985 3684 2056 3739 do
2097 3684 2243 3739 enim
2283 3693 2336 3739 et
2380 3684 2693 3753 prudentia,
2725 3686 2986 3754 praclara
3029 3695 3158 3741 sunt
3200 3689 3294 3743 illa
3345 3691 3569 3760 quidem

1985 3776 2191 3845 optime
2236 3775 2541 3840 utentibus,
2576 3775 2769 3830 eadem
2821 3787 3013 3831 rursus
3060 3792 3171 3831 non
3191 3788 3356 3837 .reete
3393 3781 3571 3849 passi-

1986 3868 2248 3924 dentibus
2274 3869 2470 3924 noxia:
2507 3869 2778 3938 contingit
2805 3870 2954 3924 enim
2993 3869 3212 3925 fortiter
3236 3887 3299 3926 ac
3328 3873 3573 3941 pruden-

1989 3964 2074 4013 ter
2105 3974 2165 4015 se
2204 3974 2398 4028 gerere
2439 3975 2568 4014 cum
2617 3959 2877 4014 laudibus
2923 3972 2989 4015 ac
3037 3961 3254 4032 plausu,
3303 3963 3576 4033 contingit

1988 4053 2122 4108 item
2161 4051 2278 4107 hac
2325 4050 2517 4107 eadem
2565 4066 2692 4105 eum
2747 4066 2945 4122 magno
2995 4054 3242 4107 omnium
3302 4053 3575 4108 dedecore

1987 4143 2289 4214 possidere.
2354 4143 2484 4199 Hac
2562 4150 2746 4197 autem
2799 4145 3112 4197 communia
3160 4150 3323 4207 sunt,
3394 4152 3451 4197 et
3517 4143 3574 4197 in

1988 4234 2098 4307 ω
2133 4235 2410 4299 omnibus,
2444 4243 2554 4288 tam
2588 4233 2644 4287 in
2685 4233 2751 4287 iis
2778 4233 2873 4302 qui
2895 4233 3079 4287 adhuc
3116 4234 3171 4287 in
3212 4249 3401 4289 errore
3447 4250 3573 4288 vers

1989 4336 2201 4394 santur,
2232 4342 2396 4397 quam
2423 4325 2481 4379 in
2500 4326 2568 4380 iis
2594 4326 2687 4395 qui
2711 4315 2884 4378 Deum
2915 4333 3278 4394 agnoverunt.
3303 4324 3439 4380 Cum
3470 4326 3574 4396 igi-

1993 4427 2084 4475 tur
2113 4418 2400 4481 fortitudo,
2434 4431 2557 4485 qua
2582 4415 2737 4485 prius
2762 4414 3021 4483 nequitia
3055 4413 3231 4467 fuerat
3268 4414 3484 4479 artifex,
3518 4423 3579 4470 et

305 4518 609 4592 ὑπουργίαν
629 4514 925 4588 ἀγιασμοῦ,
953 4515 1203 4587 καθάπερ
1231 4514 1423 4584 ἀμέλει
1442 4513 1510 4568 τὰ
1530 4514 1590 4579 ἐξ
1612 4513 1878 4584 Δίγύπτοι

1995 4508 2130 4565 illud
2170 4520 2406 4564 acumen
2474 4503 2849 4574 intelligentia:
2878 4503 2948 4557 ab
2986 4502 3252 4574 Aigyptiis
3306 4504 3579 4573 quodam-—

305 4612 476 4682 σκεύη
515 4611 699 4682 χρυσᾶ
725 4626 786 4662 τε
804 4609 900 4662 καὶ
917 4609 1136 4681 ἀργυρᾶ
1169 4606 1306 4677 πρὸς
1328 4608 1678 4677 κατασκευήν
1709 4623 1769 4659 τε
1796 4606 1891 4658 καὶ

304 4704 660 4773 ἀποτέλεσμα
688 4703 787 4773 τῆς
826 4701 987 4771 ἁγίας
1040 4700 1245 4771 σκηνῆς
1290 4697 1571 4769 ἀνεδείχθη
1621 4699 1887 4769 χρήσιμα.

309 4796 541 4850 sanast
570 4796 632 4848 τὸ
657 4793 950 4848 σκυλεῦσαι
965 4793 1091 4857 τοὺς
1111 4791 1460 4861 Αἰγυπτίους,
1489 4789 1711 4843 καὶτῶν
1741 4805 1892 4860 πρω-

309 4891 546 4945 τοτόκων
561 4890 656 4944 τὸν
673 4889 924 4951 θάνατον,
948 4885 1309 4956 λελύτρωνται
1333 4882 1484 4953 μόλις
1504 4883 1555 4934 oi
1570 4880 1628 4947 ἐξ
1653 4881 1890 4952 Ἰσραὴλ,

314 4982 721 5045 καταθύσαντες
747 4981 836 5034 τὸν
861 4980 1031 5050 ἀμνὸν
1061 4980 1140 5043 είς
1171 4977 1341 5030 τύπον
1382 4972 1621 5048 Χριστοῦ
1643 4990 1656 5003 ·
1687 4969 1755 5045 ἦν
1784 4972 1890 5045 γὰρ

313 5080 414 5151 οὐχ
440 5079 648 5150 ἑτέρως
671 5075 933 5131 δύνασθαι
956 5073 1050 5128 τοῦ
1065 5072 1274 5127 τοιοῦδε
1292 5073 1497 5142 τυχεῖν,
1524 5069 1756 5141 ἐπείπερ
1777 5069 1893 5122 ἐστὶ

315 5172 468 5224 πᾶσα
494 5169 763 5240 λύτρωσις
791 5168 849 5220 ὲν
886 5164 1108 5235 Χριστῷ
1127 5205 1142 5228 ,
1171 5165 1265 5217 καὶ
1289 5162 1354 5216 δι’
1382 5159 1546 5215 αὐτοῦ
1577 5162 1726 5214 πᾶσα
1749 5160 1895 5222 δόσις

316 5261 522 5332 ἀγαθή.
563 5260 969 5330 Ἐκπέμπονται
992 5258 1048 5310 δὲ
1068 5248 1169 5327 τῆς
1198 5254 1529 5323 Αἰγυπτίων,
1555 5251 1698 5306 κατὰ
1725 5251 1896 5323 μέσην

317 5353 492 5407 νύκτα
509 5391 525 5416 ,
551 5349 833 5422 μονονουχὶ
855 5347 1077 5410 σκότους
1103 5363 1162 5399 τε
1186 5344 1319 5416 ὁμοῦ
1345 5345 1438 5397 καί⁸
1455 5343 1697 5407 δουλείας
1717 5342 1896 5396 ἀπαλ-

320 5445 658 5515 λαττόμενοι.
714 5442 801 5495 Ἐν
825 5441 931 5511 γάρ
951 5457 1033 5493 τοι
1068 5438 1242 5509 σκότῳ
1279 5436 1356 5508 τῷ
1379 5435 1574 5507 νοητῷ,
1597 5435 1690 5488 καὶ
1710 5437 1809 5488 οὐκ
1838 5436 1896 5487 ἐν

322 5538 461 5605 φωτὶ
480 5535 562 5606 τῷ
586 5535 749 5605 θείῳ,
781 5531 842 5584 τὸ
868 5531 1051 5586 δοῦλον
1074 5533 1151 5593 είς
1184 5529 1457 5600 ἁμαρτίαν
1492 5527 1578 5581 ἀεί
1610 5544 1728 5589 πως
1756 5521 1894 5579 εἶναι

323 5632 488 5703 φιλεῖ.
541 5648 560 5682 ι
600 5630 719 5691 Πᾶς
758 5626 864 5697 γὰρ
894 5628 923 5679 δ
967 5624 1035 5679 τὰ
1081 5623 1258 5693 φαῦλα
1306 5621 1565 5693 πράσσων
1593 5661 1608 5686 ,
1646 5622 1796 5690 μισεῖ
1834 5619 1895 5671 τὸ

412 5806 712 5864 ’τΕιυρὶί.ι,
752 5802 799 5854 l.
870 5802 915 5833 "
944 5800 965 5855 Ι
993 5799 1116 5855 Cor.
1141 5816 1197 5860 ιι,
1239 5798 1317 5850 l2.
1396 5796 1631 5858 "hex,
1681 5796 1764 5847 l7.

1995 4600 2159 4658 modo
2189 4609 2247 4655 et
2271 4615 2302 4654 a
2340 4598 2586 4654 saculari
2619 4596 2731 4651 vita
2762 4595 3156 4667 sumptum.ad
3207 4595 3262 4650 id
3304 4597 3577 4650 converti-

1996 4709 2139 4759 mus,
2182 4692 2328 4762 quod
2371 4691 2485 4745 Deo
2527 4695 2742 4760 gratum
2779 4696 2884 4752 est,
2933 4703 3086 4741 sacra
3123 4695 3235 4741 tum
3281 4696 3445 4741 erunt
3481 4702 3573 4741 ac-

1996 4786 2264 4855 ceptaque
2313 4783 2469 4847 Deo;
2524 4779 2933 4836 transferuntur
3005 4777 3154 4832 enim
3213 4776 3281 4831 ad
3347 4776 3577 4832 virtutis

1999 4894 2159 4933 usum
2190 4875 2605 4945 sanctitatisque
2625 4873 3031 4937 ministerium;
3069 4881 3130 4927 ut
3172 4871 3265 4927 illa
3313 4871 3571 4927 nimirum

1998 4987 2067 5026 ex
2093 4970 2324 5042 Egypto
2346 4983 2510 5023 aurea
2542 4975 2907 5038 argenteaque
2930 4980 3057 5018 vasa
3086 4962 3155 5018 ad
3185 4963 3576 5018 exstruendum

2000 5060 2502 5134 periiciendumque
2534 5057 2947 5113 tabernaculum
2980 5053 3137 5108 utilia
3186 5052 3355 5105 fuisse
3394 5051 3578 5104 decla-

2003 5162 2183 5210 ratum
2218 5161 2319 5206 est.
2357 5152 2486 5207 Post
2507 5147 2956 5219 exspoliationem
2996 5145 3163 5215 igitur
3202 5141 3575 5212 [Egyptiorum

2004 5260 2068 5302 ac
2115 5252 2345 5300 mortem
2395 5242 2904 5313 primogenitorum,
2941 5238 3032 5291 vix
3076 5233 3296 5289 tandem
3360 5232 3574 5287 liberati

2005 5347 2132 5395 sunt
2159 5338 2432 5402 Israelita,
2458 5351 2582 5391 cum
2602 5348 2801 5404 agnum
2831 5333 2887 5386 in
2908 5328 3109 5385 Christi
3132 5328 3355 5398 figuram
3377 5325 3574 5379 immo-

2005 5433 2242 5496 lassent;
2265 5445 2442 5499 neque
2468 5427 2616 5481 enim
2646 5424 2701 5477 id
2710 5423 2882 5506 a_liter
2901 5419 3119 5488 assequi
3149 5424 3428 5488 poterant;
3453 5432 3577 5469 nam

2006 5525 2185 5581 omnis
2217 5521 2521 5591 redemptio
2545 5519 2601 5572 in
2628 5516 2853 5571 Christo
2873 5520 2979 5577 est,
3005 5527 3067 5565 ac
3094 5525 3191 5580 per
3216 5509 3393 5579 ipsum
3417 5515 3578 5559 omne

2008 5618 2196 5672 datum
2241 5613 2509 5685 Optimum
2531 5611 2597 5663 ’9.
2632 5606 2973 5663 Emittuntur
3015 5612 3193 5657 autem
3246 5616 3312 5656 ex
3351 5597 3582 5667 ὤρθωσε
