4082 6304
460 404 465 410 .
492 358 614 415 207

1513 364 1581 420 S.
1622 366 1899 423 CYRILLI
1937 366 2410 426 ALEXANDRINI
2448 370 2767 431 ARCHFEP.

3670 376 3789 439 ’208

510 477 616 531 sub
638 485 855 531 noctem
884 477 1143 544 mediam,
1178 482 1576 551 propemodum
1603 500 1635 539 e
1659 486 1903 541 tenebris
1931 487 2063 542 simu

2165 543 2170 558 ,
2198 489 2315 559 φῶς
2342 509 2389 559 ι,
2418 491 2563 546 κατὰ
2597 494 2697 565 τὴν
2721 491 2817 547 τοῦ
2838 493 3092 565 Σωτῆρος
3122 496 3326 569 φωνήν.
3364 496 3613 571 Ἀζυμον
3637 501 3695 555 δὲ
3725 503 3785 556 τδ

484 582 574 624 .ac
604 567 868 623 servitute
902 569 1173 639 profecti;
1201 572 1297 642 qui
1328 573 1478 628 enim
1526 576 1672 631 servi
1714 586 1843 631 sunt
1884 580 2094 648 peccati

508 675 730 730 semper
764 660 884 717 fere
924 662 1161 732 cupiunt
1183 661 1241 718 in
1274 665 1517 722 tenebris
1538 668 1920 737 spiritualibus
1951 686 2092 739 esse,

506 768 617 809 non
644 753 702 809 in
724 754 935 811 lumine
964 754 1191 811 divino:
1225 774 1245 808 ι
1267 756 1450 812 omnis
1465 759 1623 813 enim
1662 759 1759 829 qui
1788 761 1933 816 male
1959 762 2091 833 agit,

504 848 624 904 odit
653 849 834 904 lucem
858 848 924 914 ιθ,
955 868 974 900 ι
1007 856 1070 904 ιιι
1092 847 1344 905 Salvator
1358 848 1455 904 ait.
1472 849 1858 907 lniermentata
1873 868 2093 924 quoque

498 941 823 1012 conspersio
848 940 1113 1006 ell‘ertur,
1155 954 1222 996 ac
1254 939 1374 995 sine
1419 939 1622 996 viatico
1656 940 1893 1012 fugiunt.
1938 961 1957 995 ι
1996 943 2094 999 Ur-

505 1033 895 1104 gebantenim,
939 1052 957 1086 ι
980 1032 1183 1104 inquit,
1215 1051 1234 1084 ι
1263 1031 1504 1104 Egyptii
1534 1033 1818 1104 populum,
1843 1042 1906 1089 ut
1933 1034 2088 1091 festi-

504 1132 703 1181 nanter
734 1125 1001 1197 ejicerent
1021 1139 1118 1181 eos
1151 1124 1220 1180 de
1258 1131 1427 1180 terra.
1450 1125 1718 1181 Dixerunt
1737 1127 1920 1182 enim:
1956 1126 2089 1182 Om-

453 1280 459 1285 .
504 1231 604 1271 nes
647 1232 748 1271 nos
796 1216 1086 1271 morimur.
1130 1214 1280 1270 Tulit
1315 1222 1499 1271 autem
1543 1216 1778 1287 populus
1826 1232 2088 1288 consper-

502 1306 714 1363 sionem
737 1324 891 1365 suam
918 1316 1209 1379 antequam
1260 1307 1722 1364 fermentarentur
1761 1325 1952 1365 massae
1990 1325 2087 1365 eo-

502 1416 644 1466 rum,
679 1416 816 1471 quas
858 1400 1158 1472 ligaverunt
1181 1398 1237 1453 iu
1279 1399 1527 1456 vestibus
1554 1401 1670 1456 suis
1702 1416 1868 1471 super
1896 1401 2091 1457 hume-

500 1507 591 1548 ros
615 1493 681 1545 ".
721 1512 738 1543 ι
772 1493 962 1563 Neque
992 1492 1163 1558 enim,
1200 1499 1279 1546 ‘ut
1323 1493 1540 1563 opinor,
1584 1492 1791 1549 debent
1837 1494 1932 1565 qui
1972 1496 2086 1552 Deo

489 1584 873 1639 adhaerescere
902 1583 1095 1649 velint,
1123 1584 1355 1655 ejusque
1386 1584 1815 1641 familiaritatem
1835 1586 2081 1655 inierint,

476 1676 775 1744 saecularis
822 1675 1044 1731 malitiae
1081 1674 1344 1747 reliquias
1392 1675 1560 1742 ferre,
1600 1693 1781 1757 neque
1821 1687 2085 1736 extraneo

480 1770 836 1842 ,prol‘anoque
879 1769 1120 1835 viatico,
1164 1769 1437 1840 spirituali
1486 1770 1783 1839 nimirum,
1827 1772 2082 1831 instructi

2197 585 2349 647 σταῖς
2384 583 2676 656 ἐκφέρεται
2699 626 2715 652 ,
2758 586 2856 642 καὶ
2911 589 3263 660 ἐπισιτισμοῦ
3313 590 3437 661 δίχα
3493 592 3777 663 φεύγουσι.

2197 693 2217 727 ι
2248 674 2650 740 Κατεϐιάζοντο
2687 677 2797 750 γὰρ
2816 716 2833 743 ,
2877 679 3079 752 φησιν,
3113 681 3165 734 oi
3195 680 3487 751 Αἰγύπτιοι
3507 685 3600 740 τὸν
3626 684 3776 753 λαὸν,

2196 768 2396 841 σπουδῇ
2425 769 2676 824 ἐκϐαλεῖν
2700 772 2901 836 αὐτοὺς
2925 771 3036 827 ἀπὸ
3063 774 3165 844 τῆς
3186 773 3315 845 γῆς.
3343 769 3523 830 Εἶπαν
3558 780 3668 850 γὰρ
3696 778 3776 833 ὅτι

2190 857 2397 924 πάντες
2423 862 2587 931 ἡμεῖς
2622 861 3066 935 ἀποθνήσκομεν.
3102 863 3360 919 ’Δνέλαϐε
3381 864 3441 919 δέ
3468 867 3498 920 ό
3529 866 3659 932 λαδς
3682 869 3777 921 καὶ

2189 950 2251 1005 τὸ
2295 956 2451 1018 σταῖς
2477 954 2660 1011 αὐτῶν
2707 955 2816 1028 πρὸ
2862 954 2959 1010 τοῦ
2997 956 3319 1029 ζυμωθῆναι
3365 958 3435 1013 τὰ
3472 959 3775 1032 φυράματα

2187 1042 2389 1113 αὐτῶν,
2416 1043 2487 1098 τὰ
2506 1045 2827 1117 ἐνδεδεμένα
2854 1047 2914 1100 ἐν
2943 1037 3058 1113 τοῖς
3082 1048 3320 1119 ἱματίοις
3347 1049 3530 1105 αὐτῶν
3551 1037 3775 1105 ἐπὶτῶν

2195 1132 2384 1203 ὤμων.
2426 1153 2445 1187 ι
2477 1135 2552 1189 Ού
2580 1136 2690 1207 γὰρ
2720 1133 2873 1209 οἶμαι
2898 1138 3038 1204 δεῖν,
3071 1141 3197 1205 τοὺς
3220 1140 3299 1212 τῷ
3321 1141 3441 1212 Θεῷ
3477 1141 3775 1197 κολλᾶσθαι

2192 1225 2507 1296 μέλλοντας,
2541 1227 2850 1298 οἰκειότητά
2876 1246 2937 1282 τε
2962 1229 3102 1301 πρὸς
3133 1230 3297 1285 αὐτὸν
3317 1231 3651 1303 ᾑρημένους,
3674 1248 3772 1286 κα-

2188 1318 2315 1382 κίας
2343 1318 2593 1390 λείψανον
2621 1321 2981 1395 ἐπιφέρεσθαι
3013 1326 3287 1395 κοσμικῆς
3307 1366 3322 1390 ,
3354 1324 3482 1378 οὔτε
3522 1324 3633 1396 μὴν
3670 1322 3767 1379 ἀλ-

2186 1409 2427 1483 λοτρίαις
2450 1429 2509 1466 τε
2532 1414 2629 1467 καὶ
2650 1415 2890 1485 ἀνιέροις
2924 1416 3309 1486 ἐφοδιάζεσθαι
3333 1419 3587 1489 τροφαῖς,
3612 1415 3770 1490 δῆλον

2187 1501 2244 1556 δέ
2282 1503 2363 1557 ὅτι
2394 1506 2513 1569 ταῖς
2539 1507 2757 1577 νοηταῖς
2783 1522 2797 1537 °
2830 1505 3074 1578 ἀζύμους
3100 1506 3159 1561 δέ
3190 1503 3329 1561 εἶναι
3354 1508 3528 1578 φιλεῖν
3546 1511 3765 1581 ἄρτους,

2185 1597 2246 1649 τὸ
2289 1596 2538 1667 ἐφίεσθαι
2589 1598 2777 1654 λοιπὸν
2806 1598 2902 1653 τοῦ
2949 1598 3344 1668 ζωογονοῦντος
3384 1600 3475 1655 τὸν
3523 1602 3727 1674 κόσμον
3751 1618 3764 1631 ⁸

2186 1689 2502 1759 ἐορτάσειαν
2529 1691 2638 1759 γὰρ
2665 1692 2715 1744 οἱ
2748 1691 2941 1746 τοιοίδε
2974 1690 3232 1763 καθαρῶς
3249 1734 3264 1758 ,
3298 1692 3393 1746 καὶ
3421 1693 3522 1765 τὴν
3549 1693 3765 1766 ἀξιόλη-

2185 1798 2318 1835 πτον
2349 1780 2426 1853 τῷ
2484 1780 2607 1853 Θεῷ
2654 1782 2912 1855 λατρείαν
2958 1783 3425 1856 ἀποπεραινοντες
3444 1824 3459 1850 ,
3491 1785 3586 1840 ὑπ’
3616 1787 3768 1858 αὐτῷ

495 1861 564 1916 ad
588 1861 695 1917 iter
716 1861 960 1934 accingi;
986 1862 1083 1918 sed
1104 1862 1280 1934 azymi
1321 1878 1386 1918 ac
1425 1862 1626 1918 sinceri
1673 1878 1817 1929 esse,
1850 1880 2063 1939 panem

2193 1869 2415 1939 μένουσι
2443 1869 2755 1947 διαπαντός.

493 1966 602 2020 que
639 1967 769 2007 eum
809 1962 1066 2024 expetere
1127 1953 1224 2023 qui
1275 1953 1517 2009 viviﬁcat
1573 1954 1883 2010 mundum:
1939 1958 2211 2029 ejusmodi
2276 1976 2516 2032 namque
2554 1962 2809 2019 homines
2871 1978 3011 2035 pure
3065 1964 3209 2021 festa
3254 1965 3650 2032 celebrabunt,
3698 1980 3762 2021 ac

452 2044 720 2116 -dignum
775 2045 889 2101 Deo
939 2046 1148 2101 cultum
1199 2045 1561 2112 exhibebunt,
1595 2062 1662 2103 ac
1702 2057 1973 2119 perpetuo
2013 2050 2069 2105 in
2108 2051 2256 2108 illius
2280 2062 2551 2124 potestate
2584 2056 3009 2126 permanebunt.

551 2141 761 2197 .PALL.
793 2140 1097 2198 Conﬁcitur
1126 2156 1291 2213 ergo:
1325 2141 1643 2213 quicunque
1682 2143 1761 2198 illi
1798 2153 1930 2200 sunt
1980 2144 2078 2201 bo-

484 2232 670 2288 mines
696 2231 793 2287 Dei
824 2241 1098 2288 amatores
1126 2246 1193 2287 ac
1221 2231 1402 2302 probi,
1434 2246 1531 2287 eos
1579 2242 1836 2304 tanquam
1884 2234 1954 2289 ad
1991 2249 2077 2290 sa-

489 2340 642 2381 cram
690 2331 1047 2393 sanctamque
1107 2332 1332 2391 terram,
1386 2323 1456 2379 ad
1503 2323 1669 2379 vitam
1712 2340 1930 2396 nempe,
1971 2326 2074 2381 sub

464 2415 694 2474 Christi
733 2416 943 2471 ditione
956 2415 1257 2487 agendam,
1292 2424 1349 2472 et
1379 2431 1412 2471 a
1438 2415 1742 2488 tyrannidis
1774 2417 1827 2472 vi
1845 2417 2073 2473 liberam

463 2508 774 2580 ,pervenire
801 2517 1078 2580 oportere,
1102 2515 1267 2578 atque
1301 2507 1635 2564 contendere
1657 2515 1719 2563 ut
1739 2509 2069 2574 sacriﬁcent,

485 2618 595 2658 non
626 2602 683 2657 in
712 2601 958 2656 hostium
987 2599 1212 2664 ﬁnibus,
1244 2598 1299 2652 id
1338 2606 1443 2663 est,
1479 2613 1592 2653 non
1625 2614 1694 2654 eo
1714 2599 1889 2654 animi
1917 2598 2074 2655 babi-

486 2703 547 2748 tu
578 2692 667 2747 cui
697 2699 921 2762 peccata
949 2692 1199 2761 placent:
1252 2698 1309 2744 et
1355 2689 1400 2744 si
1448 2705 1560 2745 non
1604 2689 1899 2745 admodum
1941 2706 2070 2762 per-

484 2785 649 2850 fecto,
671 2790 927 2854 prompto
946 2790 1129 2837 tamen
1154 2789 1317 2851 atque
1344 2781 1413 2837 ad
1441 2781 1703 2836 virtutem
1725 2790 1940 2850 erecto,
1971 2798 2068 2840 eo-

483 2891 591 2947 que
622 2891 842 2931 morum
869 2881 1018 2932 statu
1055 2874 1151 2944 qui
1178 2874 1338 2946 longe
1367 2874 1441 2929 sit
1479 2890 1510 2929 a
1545 2874 1749 2930 diaboli
1783 2876 2068 2948 tyrannide

478 2976 749 3027 remotus.
1532 2962 1537 2967 θ

548 3060 656 3134 47
697 3058 854 3115 CYR.
885 3058 964 3114 Ne
990 3066 1046 3112 tu
1075 3073 1194 3114 rem
1229 3058 1391 3115 aliter
1418 3073 1477 3114 se
1516 3058 1745 3124 habere,
1773 3074 1938 3129 quam
1960 3058 2068 3115 hoc

479 3153 669 3219 modo,
721 3150 1045 3222 suspiceris,
1067 3150 1478 3218 Palladi,'recte
1504 3151 1652 3207 enim
1681 3167 1715 3207 a
1750 3152 1914 3209 nobis
1936 3168 2068 3209 con-

476 3246 629 3301 clusa
647 3253 734 3301 est
764 3243 961 3300 oratio.
988 3242 1171 3299 Facile
1198 3251 1383 3300 autem
1411 3224 1567 3301 estsi
1598 3245 1771 3302 libeat
1804 3247 1971 3303 etiam
2007 3247 2064 3304 in

473 3336 583 3392 alia
604 3334 840 3409 imagine
867 3334 975 3389 hoc
999 3332 1146 3390 idem
1167 3334 1547 3405 contemplari.
1562 3335 1698 3391 Nam
1719 3353 1847 3393 cum
1862 3348 2065 3395 sanctae

2249 2150 2458 2205 HAAA.
2504 2152 2746 2223 Ἀραρεν
2773 2146 2886 2220 οὖν,
2910 2153 2994 2206 ὅτι
3014 2153 3268 2226 καθάπερ
3293 2154 3439 2218 τινὸς
3474 2154 3578 2226 γῆς
3603 2154 3762 2223 ἁγίας

2175 2257 2234 2294 τε
2260 2241 2354 2295 καὶ
2394 2243 2544 2313 ἱερᾶς
2579 2243 2865 2312 ἐφικέσθαι
2897 2244 3005 2317 χρὴ
3036 2245 3163 2310 τοὺς
3190 2245 3350 2316 οἵπερ
3374 2244 3441 2299 ἂν
3475 2240 3586 2299 εἶεν
3614 2245 3764 2315 φιλύ-

2177 2331 2289 2386 θεοί
2320 2350 2379 2386 τε
2410 2335 2504 2387 καὶ
2541 2335 2757 2404 ἀγαθοὶ,
2790 2336 2890 2408 τῆς
2915 2336 3023 2390 ὑπὸ
3054 2335 3277 2408 Χριστῷ
3304 2336 3399 2390 καὶ
3428 2335 3761 2408 ἀτυραννεύ-

2173 2443 2268 2481 του
2299 2426 2441 2497 ζωῆς
2470 2443 2483 2456 ·
2520 2427 2841 2496 ἐπείγεσθαι
2878 2428 2936 2483 δέ
2975 2429 3268 2484 καταθύειν
3319 2429 3421 2482 οὐκ
3452 2430 3512 2483 ἐν
3542 2429 3610 2500 τῇ
3652 2428 3760 2483 τῶν

2174 2518 2407 2589 ἐχθρῶν,
2444 2519 2589 2573 τοῦτ’
2614 2520 2782 2587 ἔστιν,
2817 2522 2919 2576 οὐκ
2944 2521 3104 2586 ὄντας
3141 2522 3200 2574 ἐν
3230 2521 3342 2590 ἕξει
3380 2523 3448 2593 τῇ
3485 2522 3759 2594 φιλαμαρ-

2173 2612 2350 2682 τήτῳ,
2409 2612 2505 2665 καὶ
2545 2612 2648 2666 οὐκ
2690 2614 2978 2686 ἀμωμήτῳ
3024 2613 3180 2681 λίαν,
3230 2616 3290 2668 ἐν
3327 2614 3663 2686 προθυμίαις
3702 2614 3756 2668 δὲ

2176 2703 2377 2772 μᾶλλον
2414 2706 2538 2767 ταῖς
2566 2706 2647 2768 εἰς
2690 2705 2916 2776 ἀρετὴν,
2962 2707 3057 2760 καὶ
3102 2707 3161 2760 ἐν
3206 2706 3356 2776 ἠθῶν
3386 2708 3755 2778 καταστάσει,

2168 2796 2269 2867 τῆς
2300 2795 2395 2850 τοῦ
2423 2795 2674 2851 διαϐόλου
2701 2798 3014 2869 τυραννίδος
3045 2797 3414 2871 ἐξῳκισμένῃ.
3724 2790 3727 2791 ν

2240 3044 2404 3100 ΚΥΡ.
2432 3045 2526 3117 Μὴ
2555 3043 2759 3117 ἑτέρως
2784 3044 2931 3116 ἐχειν
2958 3045 3249 3111 ὑπολάϐοις
3270 3047 3302 3119 ἢ
3331 3046 3507 3112 οὕτως
3524 3089 3540 3115 ,
3562 3042 3611 3104 ὧ
3632 3051 3752 3105 τᾶν

2136 3128 2461 3210 ’πεποίηται
2485 3137 2595 3210 γὰρ
2620 3137 2798 3212 ὀρθῶς
2829 3141 2964 3211 ἡμῖν
2989 3143 3017 3195 ό
3048 3140 3224 3209 λόγος.
3256 3142 3413 3214 Πάρα
3442 3142 3501 3195 δὲ
3532 3145 3582 3196 εἰ
3607 3143 3755 3198 δοκεῖ

2166 3229 2261 3285 καὶ
2290 3229 2359 3283 δι’
2396 3229 2594 3301 ἐτέρας
2636 3228 2798 3283 ταυτὶ
2842 3230 3067 3303 θεωρεῖν
3103 3230 3330 3295 εἰκόνος.
3379 3232 3599 3304 Ἐπειδὴ
3644 3231 3753 3304 γὰρ

2163 3320 2253 3375 διὰ
2276 3319 2376 3391 τῆς
2401 3322 2482 3384 είς
2505 3321 2614 3374 πᾶν
2640 3320 2820 3375 ὁτιοῦν
2842 3320 2953 3375 τῶν
2973 3322 3218 3375 ἐκτόπων
3240 3322 3554 3395 ἀποδρομῆς
3581 3338 3753 3379 κατα·-

471 3400 1102 3490 οίνὶιοιὶενιλόὺίιιιιοτεε,
1162 3400 1489 3493 Jerusalem,
1529 3426 1774 3497 inquam,
1801 3431 2063 3502 praecipiti

2171 3411 2363 3467 λυπεῖν
2409 3411 2736 3483 ἀπετόλμων
2775 3400 2868 3468 τὸν
2912 3413 3022 3469 τῶν
3065 3414 3202 3468 ὅλων
3251 3415 3475 3487 σωτῆρα
3526 3415 3662 3471 Θεδν
3701 3417 3752 3471 οῖ

473 3521 533 3575 in
571 3519 757 3575 omnia
794 3519 1005 3574 scelera
1044 3535 1212 3576 cursu
1243 3521 1416 3576 Deum
1448 3522 1694 3577 omnium
1729 3525 2056 3581 salvatorem

471 3608 756 3666 offendere
783 3609 902 3664 ausi
931 3618 1145 3677 essent,
1182 3611 1238 3667 in
1267 3620 1592 3683 potestatem
1631 3614 2054 3688 Babyloniorum

463 3709 777 3759 .venerunt:
801 3717 941 3773 quos
967 3701 1046 3757 illi
1069 3718 1195 3758 cum
1223 3704 1276 3759 vi
1311 3705 1591 3777 armisque
1619 3708 2052 3779 eepissent,ser-

468 3792 590 3847 vire
615 3792 921 3865 iubebant:
953 3793 1258 3850 victoribus
1276 3795 1421 3849 enim
1452 3795 1629 3851 victos
1658 3809 1823 3853 etiam
1854 3798 2055 3855 invitos

467 3883 671 3940 cedere
697 3885 1000 3941 necessitas
1037 3887 1289 3957 cogebat.
1316 3886 1454 3942 Cum
1494 3887 1682 3959 itaque
1712 3892 2050 3946 consternati

464 3971 764 4028 admodum
792 3982 998 4040 essent,
1027 3982 1337 4046 et.propter
1375 3975 1685 4047 inepinatas
1715 3979 2052 4035 calamitates

465 4063 927 4135 ingemiscerent;
957 4065 1044 4120 vel
1074 4065 1335 4138 exiguum
1362 4066 1648 4123 interdum
1675 4068 1926 4125 laborum
1963 4086 2051 4127 so-

460 4155 659 4213 latium
700 4157 1064 4228 quaerebant:
1114 4158 1170 4213 id
1215 4164 1402 4214 autem
1453 4170 1595 4227 erat,
1635 4161 1955 4233 compositis
1992 4163 2047 4218 in

460 4246 562 4304 Dei
592 4248 812 4305 laudem
850 4248 1209 4317 carminibus,
1240 4251 1528 4321 praesentis
1552 4253 2046 4310 moerorisacerbi-

460 4346 632 4394 tatem
679 4340 875 4396 lenire.
919 4360 938 4393 ι
971 4340 1180 4397 Memor
1209 4341 1360 4397 enim
1386 4341 1466 4397 fui
1500 4342 1629 4409 Dei,
1667 4363 1686 4396 ι
1732 4344 1910 4416 inquit
1944 4345 2048 4401 Da-

456 4429 574 4496 vid,
611 4449 631 4483 ι
660 4438 717 4487 et
747 4431 1065 4500 delectatus
1080 4450 1203 4490 sum
1219 4435 1287 4501 ³¹,
1306 4453 1325 4487 ι
1360 4434 1562 4506 quibus
1582 4435 1765 4493 verbis
1797 4453 2045 4508 pronun-

456 4521 618 4577 tiavit
643 4523 741 4578 Dei
759 4524 1001 4581 carmina
1025 4526 1367 4598 spiritualem
1395 4542 1515 4584 esse
1532 4527 1882 4585 festivitatem
1907 4548 1921 4585 :
1944 4529 2043 4587 sed

455 4612 771 4671 rolentibus
794 4617 1040 4695 carmina
1083 4618 1303 4687 dicere,
1338 4628 1395 4675 et
1432 4628 1756 4676 consuetum
1798 4619 2039 4678 olliciurn

453 4706 698 4777 explere,
720 4717 880 4781 turpe
897 4712 1297 4781 propemodum
1318 4712 1634 4778 videbatur,
1660 4712 1874 4768 dulcem
1900 4713 2040 4770 adeo

2163 3504 2263 3577 τὴν
2290 3504 2454 3575 ἁγίαν
2481 3503 2757 3567 οἰκοῦντες
2785 3504 2962 3571 πόλιν,
2988 3506 3131 3577 φημὶ
3151 3506 3215 3578 δὴ
3240 3506 3343 3578 τὴν
3369 3507 3747 3579 Ἰερουσαλὴμ,

2164 3597 2270 3651 ὑπὸ
2290 3599 2449 3668 χεῖρα
2477 3596 2735 3665 γεγόνασι
2764 3595 2871 3651 τῶν
2891 3597 3270 3659 Βαϐυλωνίων,
3294 3598 3343 3653 οἳ
3371 3599 3462 3652 καὶ
3484 3598 3747 3671 δορυκτή-

2161 3707 2287 3754 τους
2318 3689 2531 3753 ἑλόντες
2571 3688 2821 3759 θητεύειν
2854 3688 3129 3743 ἐκέλευον.
3174 3689 3359 3745 Εἴκειν
3391 3692 3501 3764 γὰρ
3538 3687 3607 3763 ἦν
3636 3695 3747 3754 τοῖς

2161 3782 2456 3855 κρατοῦσιν
2494 3782 2733 3853 ἀνάγκη,
2778 3781 2874 3835 καὶ
2915 3783 3014 3852 οὐχ
3056 3781 3282 3845 ἑκόντας
3323 3783 3540 3847 αὐτούς.
3582 3784 3649 3840 Oi
3688 3783 3747 3838 δὲ

2160 3877 2415 3941 ἀλύοντες
2461 3877 2602 3941 λίαν,
2652 3876 2745 3929 καὶ
2789 3876 2885 3927 ἐπὶ
2933 3877 3056 3937 ταῖς
3103 3873 3389 3946 ἀδοκήτοις
3437 3877 3746 3948 συμφοραῖς

2160 3968 2634 4040 κατοιμώζοντες,
2688 3967 2794 4022 κᾶν
2840 3967 2973 4036 γοῦν
3023 3965 3280 4038 εὑρέσθαι
3334 3965 3597 4039 βραχεῖαν
3647 3964 3744 4022 τοῦ

2158 4062 2324 4117 πόνου
2370 4060 2719 4133 -παραψυχὴν
2757 4059 2984 4132 ἐζήτουν
3030 4058 3143 4113 ἐσθ’
3176 4059 3286 4113 ὅτε.
3334 4058 3505 4114 Τοῦτο
3549 4059 3607 4113 δέ
3650 4054 3741 4133 ἦν,

2156 4156 2277 4217 ταῖς
2328 4153 2409 4217 είς
2456 4152 2589 4206 Θεὸν
2626 4150 2920 4222 ὑμνῳδίαις
2952 4150 3050 4220 τῆς
3094 4150 3324 4220 ἐνούσης
3357 4152 3542 4216 αὐτοῖς
3587 4151 3742 4215 ἀνίας

2156 4243 2613 4317 ἀπαμϐλύνεσθαι
2640 4242 2703 4297 τὸ
2734 4241 2923 4314 δριμύ·
2961 4260 2980 4295 ι
3017 4241 3327 4314 Ἐμνήσθην
3349 4241 3457 4313 γὰρ
3476 4240 3574 4296 τοῦ
3603 4241 3739 4296 Θεοῦ

2155 4338 2252 4392 καὶ
2266 4335 2596 4409 εὑφράνθην,
2625 4354 2642 4389 r
2668 4336 2698 4390 ό
2719 4335 2858 4399 θεῖος
2880 4333 2985 4405 ἔφη
3006 4332 3192 4399 Δαϐῖδ,
3211 4332 3411 4404 ἑορτὴν,
3421 4333 3739 4403 ἀποφαίνων

2153 4428 2555 4501 πνευματικὴν,
2584 4428 2685 4498 τὴν
2714 4427 2797 4491 εἰς
2827 4425 2959 4480 Θεὸν
3001 4425 3298 4497 ὑμνῳδίαν.
3349 4424 3482 4478 Ἀλλ’
3511 4424 3737 4498 αἰσχρὸν

2152 4518 2293 4579 εἷναί
2333 4540 2450 4587 πως
2483 4521 2660 4576 ἐδόκει
2697 4524 2810 4585 τοῖς
2843 4518 3182 4590 ἀναμέλπειν
3220 4517 3465 4587 ἐθέλουσι
3485 4524 3507 4583 ,’
3530 4517 3629 4585 καὶ
3667 4516 3737 4570 τὰ

2153 4614 2363 4686 συνήθη
2401 4613 2666 4687 πληροῦν,
2701 4613 2799 4684 τὴν
2829 4610 2973 4665 οὕτω
2998 4611 3256 4679 γλυκεῖαν
3293 4609 3433 4683 ἠχὴν
3474 4612 3586 4672 τοῖς
3620 4607 3735 4663 τῶν

2148 4706 2461 4776 ἀλλοφύλων
2486 4706 2619 4761 ὠσὶν
2641 4705 2844 4760 ἐνιέναι
2874 4692 3067 4774 φιλεῖν,
3096 4701 3274 4757 καὶτὸ
3304 4703 3489 4766 αὐτοῖς
3515 4700 3734 4773 ἥδιστόν

453 4812 652 4852 sonum
683 4799 1117 4870 alienigenarum
1146 4803 1389 4858 auribus
1420 4803 1785 4869 committere,
1821 4812 1879 4858 et
1911 4818 2041 4859 sua-

2165 4817 2208 4853 ιε
2241 4800 2337 4853 καὶ
2363 4799 2734 4871 λιγυρώτατον
2771 4796 2962 4869 μέλος,
3001 4795 3165 4849 οἱονεί
3200 4813 3316 4860 πως
3348 4777 3447 4867 ἠδη
3507 4794 3604 4849 καὶ
3651 4795 3733 4857 είς

452 4888 743 4944 vissimum
772 4889 879 4945 sibi
907 4891 1481 4965 jucundissimumque
1515 4909 1739 4950 carmen
1771 4894 1827 4948 in
1856 4910 2040 4950 aerem

455 4977 864 5048 quodammodo
894 4980 1151 5048 fundere,
1187 4968 1569 5042 deridentibus
1621 4985 1902 5041 interdum
1935 4986 2043 5042 Ba-

451 5070 707 5144 byloniis,
733 5081 791 5128 et
811 5075 1054 5145 graviter
1081 5074 1307 5130 omnino
1335 5076 1670 5132 musicorum
1702 5078 2040 5134 instrumen-

450 5176 631 5219 Hrum
660 5166 873 5221 cantica
904 5165 1228 5221 ferentibus.
1258 5166 1446 5237 Itaque
1484 5167 1779 5225 dicebant:
1809 5189 1826 5221 ι
1863 5170 2041 5242 Super

447 5255 673 5311 ﬂumina
712 5257 1009 5329 Babylonis
1050 5256 1164 5313 illic
1200 5257 1446 5314 sedimus
1499 5267 1555 5314 et
1592 5257 1879 5326 llevimus,
1903 5260 2036 5316 dum

447 5346 867 5404 recordaremur
893 5349 997 5417 tui,
1039 5349 1172 5405 Sion
1188 5350 1262 5417 ³³;
1295 5366 1316 5403 ι
1347 5350 1403 5405 in
1428 5366 1535 5421 qua
1560 5350 1781 5407 civitate
1804 5368 1873 5407 ex
1904 5352 2037 5424 legis

446 5456 774 5511 morumque
826 5443 1190 5500 Judaicorum
1242 5443 1570 5521 praescripto
1617 5442 1798 5499 laudis
1857 5444 2036 5500 hostia

445 5549 568 5587 cum
617 5532 933 5601 oll‘erretur,
964 5535 1169 5593 ﬁdibus
1210 5552 1274 5591 ac
1322 5536 1473 5592 tibiis
1509 5534 1896 5607 peragebatur,
1923 5552 2034 5607 quo

442 5626 498 5681 In
523 5627 536 5682 i
562 5627 825 5697 templum
850 5627 1116 5685 adeuntes
1141 5629 1728 5715 suavitatecarminqm
1749 5628 2031 5686 demulce-

2142 4892 2283 4965 ἀέρα
2322 4892 2553 4964 ῥίπτειν,
2586 4888 3068 4961 καταμειδιώντων
3117 4887 3229 4942 ἐσθ’
3270 4888 3358 4942 ὅτε
3403 4887 3515 4941 τῶν
3552 4886 3731 4941 Βαϐυ-

2143 4984 2350 5038 λωνίων
2374 5022 2389 5043 ,
2423 4983 2518 5037 καὶ
2557 4982 2874 5053 ἀχθομένων
2905 4984 2984 5048 εἰς
3029 4984 3176 5038 ἅπαν
3212 4983 3331 5045 ταῖς
3365 4981 3433 5034 δι’
3479 4980 3730 5051 ὁργάνων

2140 5076 2324 5147 ᾠδαῖς.
2358 5074 2651 5147 Τοιγάρτοι
2678 5076 2775 5129 καὶ
2801 5074 3068 5144 ἔφασκον·
3109 5094 3128 5128 ι
3174 5073 3300 5128 Ἐπὶ
3326 5072 3437 5128 τῶν
3464 5073 3728 5145 ποταμῶν

2141 5166 2461 5231 Βαϐυλῶνος
2499 5169 2616 5221 ἐκεῖ
2647 5167 2983 5238 ἐκαθίσαμεν
3021 5169 3117 5222 καὶ
3153 5165 3521 5238 ἐκλαύσαμεν,
3562 5167 3620 5218 ἐν
3650 5164 3729 5235 τῷ

2142 5259 2448 5331 μνησθῆναι
2485 5260 2633 5330 ἡμᾶς
2661 5260 2761 5331 τῆς
2794 5258 2964 5313 Σιών·
3004 5276 3024 5312 ι
3069 5253 3186 5332 ἐνῇ
3221 5258 3365 5312 κατά
3403 5258 3602 5329 νόμους
3629 5257 3726 5312 καὶ

2137 5350 2237 5422 ἔθη
2264 5350 2336 5406 τὰ
2384 5350 2690 5415 Ἰουδαίων,
2739 5352 2774 5423 ἠ
2808 5349 2909 5421 τῆς
2949 5350 3208 5414 αἰνέσεως
3249 5348 3412 5405 θυσία
3458 5364 3725 5419 προσεκοο

2137 5445 2326 5515 μίξετο
2377 5444 2595 5516 χορδαῖς
2657 5444 2752 5500 καὶ
2799 5443 3054 5515 ὀργάνοις
3101 5441 3571 5515 ἐκπεραινομένη,
3629 5441 3725 5495 καὶ

2133 5536 2515 5608 κατακηλοῦσα
2555 5539 2669 5601 τοῖς
2707 5536 2898 5606 μέλεσι·
2932 5538 3061 5600 τοὺς
3104 5534 3184 5607 τῷ
3229 5535 3361 5608 θείῳ
3394 5535 3720 5606 προσιόντας

2132 5628 2266 5699 ναῷ.
2322 5628 2541 5699 Ἐπειδὴ
2580 5628 2638 5682 δέ
2671 5624 2813 5701 ἦσαν
2857 5630 2915 5684 ἐν
2964 5629 3232 5703 ἀλλοτρίῳ
3279 5629 3430 5700 ζυγῷ
3473 5625 3717 5693 δουλείας

512 5809 557 5841 ’δ
585 5809 742 5868 Joan.
776 5831 854 5876 ιιι,
879 5815 965 5870 20.
1046 5820 1083 5851 ³¹
1112 5818 1281 5873 Exod.
1322 5837 1411 5875 xu.
1444 5819 1532 5877 53.
1571 5821 1659 5875 5i.
1739 5821 1781 5851 ³⁸
1811 5819 1952 5875 Psal.
1998 5834 2062 5871 Lx

2165 5817 2250 5884 ,4.
2329 5818 2372 5851 ⁵³
2405 5817 2546 5872 Psal.
2576 5832 2791 5884 cxnxvt,
2824 5814 2875 5883 l,
2907 5814 2962 5868 2.
