4082 6304
274 376 396 439 τοο

1028 381 1119 438 DE
1155 381 1598 441 ADORATIONE
1634 383 1703 440 ΙΝ
1743 384 2011 442 SPIRITU
2054 383 2144 440 ΕΤ
2187 384 2553 441 VERITATE.
2587 385 2718 441 LIB.
2759 386 2801 440 1.

3439 352 3566 444 ειοξ

276 493 727 568 κατεσφιγμένοι,
779 493 1272 567 κατολοφυρόμενοι
1324 496 1604 568 λέγουσιν·
1656 519 1674 553 ι
1743 499 1862 553 Ἐπὶ

1965 505 2180 553 rentur.
2214 495 2322 552 Sed
2353 511 2479 553 cum
2506 503 2700 575 essent
2727 502 2874 569 apud
2898 504 3115 554 exteras
3134 498 3385 558 nationes
3412 500 3542 574 iugo

274 592 401 654 ταῖς
428 588 598 653 ίτέαις
624 590 684 642 ὲν
717 586 872 660 μέσῳ
904 588 1076 665 αὐτῆς
1096 629 1113 654 ,
1144 591 1533 663 ὲκρεμάσαμεν
1563 592 1633 646 τὰ
1656 591 1861 664 ὄργανα

276 682 439 752 ἡμῶν
457 697 473 711 ο
516 699 535 731 ι
563 679 626 732 τὺ
652 680 712 733 ἐν
736 679 898 750 ᾠδαῖς
931 679 1256 750 ἀπρακτεῖν,
1287 681 1355 735 δι’
1383 683 1550 736 αὐτοῦ
1575 682 1639 755 δὴ
1669 684 1860 737 τούτου

278 773 809 844 κατασημαίνοντες.
838 772 1125 842 Ἀκαρπον
1161 771 1306 844 γὰρ,
1342 774 1542 844 μᾶλλον
1573 774 1631 827 δὲ
1668 773 1862 828 ὠλεσί-

279 865 551 937 καρπονὴ
580 863 694 918 ἰτέα
722 864 909 933 φυτὸν.
945 866 1160 936 εἴρηται
1188 864 1300 938 γάρ
1324 866 1422 919 ὡδὶ
1450 866 1600 939 παρά
1630 866 1723 921 τοῦ
1752 867 1862 922 τῶν

279 958 414 1028 παρ’
442 955 669 1025 Ἕλλησι
694 955 955 1026 ποιητῶν.
995 956 1266 1010 ’Δνὲκειτο
1286 957 1464 1012 τοίνυν
1487 960 1568 1023 είς
1587 958 1862 1028 ἀπραξίαν

279 1064 345 1100 τε
386 1048 481 1101 καὶ
523 1046 804 1121 ἀκαρπίαν
836 1047 905 1101 τά
937 1048 1038 1119 τῆς
1069 1045 1217 1119 ᾠδῆς
1244 1048 1454 1121 ὄργανα
1473 1066 1487 1081 ·
1527 1050 1623 1105 καὶ
1651 1051 1752 1123 τῆς
1780 1052 1862 1115 είς

280 1137 442 1193 τοῦτο
462 1138 744 1211 ῥᾳστώνης
764 1140 867 1212 τὴν
889 1140 1142 1213 ἀφορμὴν
1166 1142 1603 1217 ἀνακεκραγότες
1621 1143 1858 1214 λέγουσι’

287 1249 308 1282 ι
340 1230 465 1294 Πῶς
487 1230 705 1302 ᾇσωμεν
727 1231 828 1301 τὴν
845 1231 987 1304 ᾠδὴν
1016 1232 1223 1305 Κυρίου
1242 1233 1336 1287 ἐπὶ
1364 1234 1470 1305 γῆς
1488 1235 1808 1308 (inceptae;
1834 1254 1854 1291 ι

281 1320 706 1392 Διακομίσαντος
736 1321 795 1374 δὲ
828 1322 1012 1386 αὐτοῖς
1040 1323 1135 1377 τοῦ
1168 1324 1382 1397 Βαροὺχ
1425 1325 1553 1390 τοὺς
1593 1326 1860 1399 Ἱερεμίου

281 1412 495 1481 λόγους,
534 1412 791 1468 Ἐκλαιον
821 1414 1044 1478 πάντες,
1080 1417 1238 1487 φησὶ,
1291 1417 1385 1470 καὶ
1418 1418 1709 1490 ὲνήστευον
1764 1419 1862 1475 καὶ

280 1503 511 1575 ηὔχοντο
537 1505 848 1576 προσευχὴν
877 1507 1119 1561 ἐναντίον
1161 1509 1390 1582 Κυρίου·
1422 1510 1518 1565 καὶ
1553 1513 1862 1583 συνήγαγον

281 1594 575 1668 ἀργύριον,
628 1597 770 1651 καθά
808 1597 1042 1653 ἑκάστου
1091 1599 1311 1656 ἐδύνατο
1364 1603 1398 1673 ἡ
1425 1602 1580 1675 χείρ·
1618 1606 1712 1657 καὶ
1754 1607 1861 1660 ἀπ-

281 1684 528 1741 έστειλαν
544 1686 622 1748 εἰς
651 1684 1161 1760 Ἱερουσαλὴμπρὸς
1194 1689 1449 1763 Ίωακεὶμ
1466 1693 1583 1747 υίὸν
1602 1694 1859 1759 Χελκίου,

282 1773 401 1831 υίοῦ
424 1774 625 1847 Σαλὼμ
647 1777 741 1830 τὸν
765 1778 935 1849 ἱερέα,
964 1780 1057 1833 xal
1084 1782 1221 1851 πρὸς
1247 1784 1374 1849 τοὺς
1405 1785 1569 1857 ίερεῐς
1598 1787 1691 1839 καὶ
1720 1787 1859 1859 πρὸς

1965 590 2252 645 servitutis
2267 590 2539 655 obstricti,
2560 590 2983 662 ingemiscentes
3000 588 3260 647 dicebant
3282 610 3296 647 :
3326 612 3345 645 ι
3366 592 3429 649 In
3451 610 3541 649 sa-

1962 682 2164 737 licibus
2185 682 2240 737 in
2266 683 2448 738 medio
2477 684 2599 754 ejus
2628 682 3017 754 suspendimus
3046 698 3247 754 organa
3271 693 3488 754 nostra;
3518 708 3536 739 ι

1963 774 2137 844 ipsam
2180 789 2212 830 a
2256 774 2596 831 carminibus
2635 774 2998 831 cessationem
3038 775 3145 831 hoc
3181 776 3301 847 ipso
3332 778 3544 850 signiti-

1961 873 2188 932 cantes;
2216 864 2535 938 infrugifera
2563 874 2648 922 est
2673 867 2823 922 enim
2853 866 3042 937 stirps,
3068 866 3179 923 imo
3202 867 3542 939 frugiperda,

1962 957 2253 1013 utmelius
2287 957 2489 1025 dicam,
2523 958 2695 1013 salix:
2738 958 2821 1013 sic
2849 958 2999 1014 enim
3024 974 3055 1014 a
3086 956 3279 1014 Graeco
3308 960 3544 1029 quodam

1961 1059 2121 1121 poeta
2158 1050 2224 1115 ³³,
2278 1050 2689 1122 ὼλεσίκαρπος,
2721 1050 2868 1106 dicta
2913 1058 3017 1106 est.
3051 1049 3135 1106 Ad
3182 1051 3545 1119 cessationem

1963 1140 2133 1211 igitur
2156 1150 2213 1198 et
2235 1142 2582 1198 sterilitatem
2607 1158 2845 1214 appensa
2861 1150 3021 1198 erant
3040 1142 3407 1199 instrumenta
3426 1159 3548 1198 mu-

1962 1233 2107 1300 sica;
2135 1249 2469 1305 causamque
2501 1234 2828 1309 cessationis
2866 1234 3033 1306 hujus
3070 1234 3431 1290 inclamantes
3463 1234 3547 1289 di-

1961 1336 2129 1383 cunt:
2161 1347 2179 1379 ¢
2215 1327 2502 1396 Quomodo
2545 1329 2891 1385 cantabimus
2932 1328 3208 1384 canticum
3238 1329 3458 1385 Domini
3489 1329 3545 1384 in

1962 1426 2108 1476 terra
2155 1422 2334 1477 aliena
2357 1421 2445 1475 "‘2
2476 1421 2582 1477 Sed
2633 1437 2760 1477 cum
2796 1420 3073 1477 attulisset
3096 1421 3165 1476 ad
3204 1437 3301 1477 eos
3328 1421 3545 1477 Baruch

1958 1511 2212 1567 Jeremiaa
2234 1513 2404 1569 verba
2434 1530 2446 1566 :
2478 1532 2495 1564 ι
2516 1513 2746 1568 Flebant
2772 1527 2984 1577 omnes,
3024 1532 3042 1564 ι
3065 1512 3265 1584 inquit,
3292 1531 3310 1564 ι
3336 1521 3394 1568 et
3405 1514 3547 1585 jeju-

1959 1604 2167 1660 nabant
2196 1612 2254 1660 ct
2278 1606 2514 1661 orabant
2538 1605 2596 1660 in
2623 1612 2920 1675 conspectu
2950 1605 3204 1671 Domini;
3231 1613 3289 1659 et
3313 1620 3545 1676 congre-

1959 1704 2224 1766 gat-erunt
2241 1706 2551 1768 argentum,
2571 1697 2875 1754 secundum
2901 1697 3049 1768 quod
3078 1697 3259 1768 potuit
3281 1698 3560 1754 uniuscu-

1955 1789 2155 1859 jusque
2174 1805 2389 1856 manus,
2418 1799 2475 1845 et
2512 1793 2783 1847 miserunt
2816 1792 2873 1846 in
2901 1792 3207 1848 Jerusalem
3242 1791 3309 1846 ad
3338 1792 3547 1869 Joacim

286 1866 463 1921 πάντα
485 1867 578 1921 τὸν
605 1868 735 1922 λαὸν
758 1868 852 1922 τὸν
886 1870 1181 1942 εὑρεθέντα
1214 1874 1330 1943 μετ’
1354 1874 1522 1930 αὐτοῦ
1561 1877 1620 1929 ἐν
1664 1878 1862 1948 Ἰερου-

1964 1878 2136 1933 ﬁlium
2156 1880 2377 1947 Helcize,
2392 1881 2489 1936 ﬁlii
2504 1881 2685 1936 Salom
2703 1882 3064 1948 sacerdotem,
3079 1890 3136 1938 et
3154 1881 3222 1937 ad
3241 1881 3354 1953 48
3368 1866 3549 1938 sacer-

282 1958 486 2030 σαλήμ.
517 1980 537 2013 ι
587 1961 697 2015 Kal
720 1962 840 2033 μεθ’
882 1963 1075 2035 ἕτεραι
1137 1977 1157 2017 ι
1194 1966 1303 2020 Kal
1343 1963 1527 2023 εἶπονο
1581 1966 1708 2023 Ἰδοὺ
1752 1970 1861 2023 ἀπ-

279 2053 602 2125 εστείλαμεν
623 2055 759 2127 πρὸς
782 2055 927 2127 ὑμᾶς
949 2057 1230 2129 ἀργύριον,
1260 2061 1565 2131 ἀγοράσατε
1580 2060 1674 2114 τοῦ
1692 2061 1863 2129 ἁργυο

281 2143 403 2214 ρίου
429 2142 854 2216 ὁλοκαυτώματα
880 2144 974 2199 καὶ
1003 2146 1133 2218 περὶ
1158 2147 1432 2218 ἁμαρτίας
1450 2186 1466 2210 ,
1502 2147 1597 2201 καὶ
1623 2147 1860 2212 λίϐανον,

276 2236 376 2289 καὶ
404 2236 668 2306 ποιήσατε
704 2238 903 2308 μάννα,
937 2240 1029 2292 καὶ
1063 2239 1312 2293 ἀνοίσατε
1354 2241 1451 2295 ἐπὶ
1476 2239 1864 2312 θυσιαστήριον

277 2327 492 2400 Κυρίου
523 2328 616 2382 τοῦ
653 2329 790 2383 Θεοῦ
821 2330 1000 2401 ἡμῶν.
1042 2349 1061 2383 ι
1097 2331 1336 2402 Πρέπειν
1372 2332 1482 2403 γάρ
1510 2331 1676 2404 ῷοντο
1711 2332 1863 2402 σφίσι

280 2421 413 2491 μὲν,
447 2421 571 2492 οὐχὶ
615 2421 765 2479 θύειν
811 2413 913 2489 ἔτι,
960 2423 1063 2495 γῆς
1106 2425 1205 2496 μὲν
1249 2424 1410 2494 ἁγίας
1449 2425 1860 2497 ὲξῳκισμένοις,

277 2514 582 2582 πράττουσι
605 2513 663 2568 δὲ
684 2514 824 2579 τέως
849 2516 954 2570 ὑπὸ
977 2516 1096 2587 Θεῷ
1126 2517 1225 2588 μὲν
1249 2517 1452 2583 οὐκέτι,
1487 2518 1861 2590 κατεζευγμέ-

276 2624 393 2670 vat;
417 2607 476 2660 δὲ
508 2606 698 2679 ὥσπερ
729 2608 902 2681 ἑτέρῳ
930 2611 1024 2664 καὶ
1052 2610 1158 2664 ὑπὸ
1189 2612 1352 2682 χεῖρα
1379 2610 1607 2666 πεσοῦσι
1637 2611 1737 2682 τὴν
1769 2630 1862 2666 τυ-

282 2699 572 2770 ραννικὴν,
601 2701 717 2763 τοῖς
745 2717 808 2769 γε
844 2701 951 2772 μὴν
987 2700 1067 2755 ἔτι
1098 2702 1197 2774 τὴν
1229 2702 1392 2773 ἀγίαν
1430 2703 1639 2757 οίκοῦσι
1680 2703 1857 2768 πόλιν,

278 2790 621 2863 λειτουργίας
649 2810 709 2846 τε
747 2793 847 2864 τῆς
877 2794 1025 2864 ίερᾶς
1056 2793 1281 2865 λαχοῦσι
1317 2797 1416 2866 τὴν
1443 2796 1630 2862 δόξαν,
1660 2797 1859 2853 ἀπονέ-

282 2902 444 2955 μουσι
470 2885 571 2956 τὴν
593 2885 870 2958 λατρείαν,
896 2886 1041 2959 ὀρθῷ
1069 2886 1271 2960 δηλαδὴ
1298 2888 1570 2960 χρώμενοι
1590 2888 1856 2961 λογισμῷ,

279 2972 417 3047 πρὸς
442 2974 542 3049 τὴν
568 2974 998 3049 τοῦίπρέποντός
1037 2995 1098 3030 τε
1130 2978 1222 3031 καὶ
1261 2979 1559 3049 ἀναγκαίου
1591 2981 1861 3036 κατάσκε-

276 3066 393 3133 ψιν.
429 3067 541 3122 Kal
578 3067 741 3131 αὐτὸς
770 3066 827 3121 δὲ
864 3070 995 3141 ἡμῖν
1019 3070 1048 3123 ὁ
1076 3068 1383 3139 σοφώτατος
1418 3070 1649 3144 Δανιὴλ,
1697 3071 1860 3143 ἱερῶν

282 3158 381 3227 μὲν
417 3159 594 3229 εἴχετο
631 3159 1089 3231 σπυδασμάτων.
1118 3161 1254 3233 ὁμοῦ
1287 3162 1343 3216 δὲ
1384 3164 1478 3217 καὶ
1517 3167 1629 3228 τοῖς
1676 3163 1858 3229 ἄλλοις

281 3220 629 3320 algidis-ro;
688 3250 801 3339 ὢν,
873 3220 936 3307 τὸ
996 3220 1097 3325 τῆς
1153 3220 1401 3326 ἀνάγκης
1472 3220 1928 3339 κατεεξτοφίιῖετκέίϐ

280 3339 492 3411 χρῆμα,
530 3338 646 3393 Καὶ
672 3338 792 3393 τίνα
815 3340 1036 3412 τρόπον,
1064 3343 1193 3413 ἐρᾶν
1222 3341 1563 3417 προσηύχετο
1585 3344 1695 3417 γὰρ
1714 3346 1863 3417 τρεῖς

278 3432 377 3504 τῆς
424 3430 642 3507 ἡμέρας
673 3434 918 3504 καιρούς.
963 3433 1102 3488 Ἀλλ’
1122 3430 1262 3507 ἦσαν
1295 3434 1443 3506 αὐτῷ
1475 3434 1773 3506 βλέπουσαί
1802 3451 1863 3487 τε

280 3524 376 3576 καὶ
405 3523 753 3597 ἠνεῳγμέναι
782 3525 919 3594 πρὸς
941 3526 1041 3599 τὴν
1087 3523 1444 3598 Ἰερουσαλὴμ
1473 3526 1530 3579 αἱ
1561 3525 1773 3598 θυρίδες
1806 3526 1865 3580 ἐν

278 3621 393 3683 τοῖς
443 3617 736 3688 ὑπερῴοις.
794 3618 1108 3690 Γέγραπται
1153 3618 1263 3690 γάρ
1298 3619 1415 3673 ὡδί.
1457 3619 1866 3691 Εὐπρόσδεκτον

279 3711 391 3786 γὰρ
428 3710 551 3763 τότε
591 3710 745 3781 μόλις
790 3709 1005 3767 ἔσεσθαι
1048 3711 1199 3782 παρά
1239 3709 1359 3782 Θεῷ
1407 3711 1507 3782 τὴν
1556 3711 1691 3765 ἰδίαν
1726 3709 1861 3785 ῷετο

282 3803 624 3881 προσευχὴν,
671 3804 721 3857 εί
752 3803 857 3875 γῆς
887 3802 1173 3876 ἀλλοτρίας
1222 3803 1315 3856 καὶ
1353 3803 1770 3875 μεμισημένης,
1813 3805 1863 3857 ει

285 3896 361 3966 μὴ
388 3896 557 3968 σαρκὶ
584 3895 801 3949 δύναιτο
824 3895 1005 3966 τυχὸν,
1030 3894 1134 3949 κᾶν
1163 3893 1294 3963 γοῦν
1319 3894 1552 3959 ἐννοίαις
1575 3894 1863 3966 ἀπονοσφί-

284 3990 463 4056 ζοιτο,
497 3989 593 4043 καὶ
640 3990 753 4053 τοῖς
785 3988 884 4061 τῆς
928 3987 1168 4051 διανοίας
1198 3987 1433 4058 ὄμμασι,
1479 3986 1615 4062 πρὸς
1647 3987 1747 4061 τὴν
1786 3988 1865 4061 τῷ

284 4081 401 4154 Θεῷ
428 4081 751 4152 φιὴιτάτην
770 4081 989 4153 ἀφορῶν
1002 4080 1129 4152 γῆν,
1160 4082 1239 4145 εἰς
1270 4081 1432 4136 αὑτὸν
1459 4080 1517 4134 δὲ
1538 4079 1727 4152 ὥσπερ
1749 4082 1864 4135 sla-

286 4177 497 4248 φρήσας
529 4176 623 4231 τὸν
663 4175 823 4246 νεὼν,
864 4175 963 4249 τὴν
995 4176 1136 4249 ὑπὲρ
1169 4170 1245 4234 ὧν
1278 4177 1344 4233 ἂν
1375 4176 1565 4231 ’ἕλοιτο
1597 4175 1865 4249 προσάγοι

287 4267 453 4338 λιτήν.

355 4446 560 4501 ηΑΑΑ.
583 4441 662 4501 Εὖ
687 4462 754 4516 γε
778 4444 854 4511 ὡς
880 4444 1097 4518 ἀληθῶς
1113 4446 1144 4499 ὁ
1164 4444 1384 4516 σύμπας
1404 4444 1534 4515 ἡμῖν
1559 4443 1864 4518 διήρτισται

290 4533 455 4607 λόγος.

357 4652 399 4690 ³³
424 4656 677 4724 “omen,
710 4654 952 4729 ϐάξιςεώ
1049 4657 1092 4690 ³⁸
1128 4654 1267 4713 Psal.
1291 4670 1500 4723 cxxxvi,
1527 4656 1581 4711 4.
1655 4654 1861 4710 “Baru

1985 4672 2021 4721 ι,
2045 4655 2157 4710 5-7.
2233 4652 2461 4719 "lbid.,
2501 4654 2583 4708 10.

1963 1970 2140 2037 dotes,
2174 1980 2231 2027 et
2261 1973 2329 2028 ad
2353 1989 2573 2029 omnem
2608 1975 2872 2044 populum
2901 1975 2996 2045 qui
3035 1975 3295 2031 inventus
3315 1984 3546 2030 estcum

1963 2078 2029 2117 eo
2059 2063 2114 2118 in
2149 2064 2453 2119 Jerusalem
2489 2066 2554 2120 ³⁸.
2581 2085 2598 2117 ι
2631 2067 2699 2121 Et
2729 2075 2852 2137 post
2876 2082 3048 2137 pauca
3075 2084 3086 2120 :
3119 2086 3137 2117 ι
3169 2067 3237 2121 Et
3266 2066 3545 2131 dixerunt,

1963 2153 2103 2209 Ecce
2154 2154 2407 2211 misimus
2463 2156 2532 2211 ad
2587 2173 2687 2212 vos
2731 2166 3060 2229 argentum;
3100 2158 3269 2213 emite
3321 2166 3550 2229 argento

1964 2246 2303 2313 holocausta,
2332 2256 2389 2303 et
2428 2264 2530 2319 pro
2563 2257 2812 2319 peccato,
2855 2258 2913 2305 et
2936 2251 3253 2316 incensum,
3284 2259 3343 2307 et
3386 2250 3550 2305 facite

1962 2351 2181 2403 manna,
2209 2345 2268 2392 et
2295 2338 2493 2393 oﬂ'erte
2534 2339 2603 2394 ad
2634 2355 2786 2394 aram
2818 2341 3037 2395 Domini
3082 2342 3181 2396 Dei
3222 2341 3397 2397 nostri
3428 2342 3493 2396 ³⁷.
3523 2362 3549 2394 ι

1963 2428 2166 2485 Decere
2192 2429 2339 2484 enim
2361 2430 2797 2497 arbitrabantur,
2836 2440 2898 2487 ut
2930 2432 3033 2503 ipsi
3061 2432 3284 2502 quidem
3314 2449 3343 2487 a
3375 2434 3547 2488 sacri-

1964 2516 2102 2574 ﬁciis
2134 2518 2356 2575 interim
2389 2520 2750 2587 abstinerent,
2771 2536 2896 2576 cum
2918 2520 3109 2592 procul
3134 2536 3165 2575 a
3195 2527 3337 2574 terra
3361 2528 3549 2574 sancta

1959 2618 2336 2677 versarentur,
2363 2627 2544 2682 neque
2586 2612 2769 2668 adhuc
2820 2612 2925 2668 sub
2970 2610 3069 2667 Dei
3120 2612 3355 2682 imperio
3384 2610 3552 2682 dege-

1962 2709 2106 2767 rent,
2133 2701 2230 2757 scd
2255 2702 2413 2758 alteri
2449 2702 2673 2757 domino
2699 2702 2939 2772 subjecti
2968 2710 3175 2768 essent,
3209 2708 3265 2757 et
3290 2702 3346 2757 in
3381 2701 3549 2757 ditio-

1962 2809 2088 2848 nem
2111 2794 2449 2865 tyrannicam
2478 2794 2797 2862 venissent;
2828 2794 2896 2849 iis
2927 2803 3110 2850 autem
3137 2795 3233 2865 qui
3270 2794 3326 2849 in
3360 2801 3552 2851 sancta

1961 2884 2188 2940 civitate
2238 2884 2423 2941 adhuc
2471 2884 2817 2951 habitabant,
2875 2900 3274 2956 sacrorumque
3310 2883 3550 2939 admini-

1961 2974 2309 3035 strandorum
2343 2974 2639 3049 gloriosum
2678 2974 2916 3031 oﬂicium
2951 2976 3132 3033 sortiti
3163 2984 3348 3043 erant,
3379 2975 3553 3031 divini

1962 3068 2147 3124 cultus
2184 3077 2372 3140 partes
2401 3067 2770 3135 demandant;
2803 3067 2860 3123 in
2893 3083 3003 3139 quo
3033 3068 3249 3124 scilicet
3283 3067 3420 3139 quid
3451 3067 3551 3123 de-

1962 3168 2133 3224 ceret,
2161 3159 2363 3231 quidve
2391 3174 2615 3215 necesse
2643 3167 2809 3225 esset,
2833 3159 3039 3229 optima
3060 3158 3275 3214 ratione
3301 3158 3555 3214 conside-

1962 3258 2245 3305 raverunt.
2287 3249 2406 3320 ipse
2448 3248 2538 3303 ille
2587 3264 2808 3319 quoque
2864 3247 3304 3319 sapientissimus
3360 3248 3551 3303 Daniel

1963 3341 2135 3398 sacris
2167 3341 2393 3412 quidem
2429 3340 2630 3397 studiis
2658 3340 2890 3396 vacabat
2909 3339 2957 3372 ³⁸
2982 3356 2997 3394 :
3023 3354 3260 3411 cumque
3289 3355 3400 3394 una
3426 3354 3553 3394 cum

1964 3431 2089 3488 aliis
2130 3431 2379 3503 captivus
2414 3441 2581 3496 esset,
2620 3432 2741 3506 ipso
2765 3447 2987 3504 quoque
3031 3431 3379 3488 necessitatis
3407 3430 3553 3487 malo

1966 3523 2243 3594 sapienter
2274 3524 2481 3580 abusus
2503 3534 2608 3579 est.
2635 3524 2824 3579 Dicam
2852 3523 3169 3595 quomodo:
3203 3523 3382 3581 tribus
3399 3539 3555 3579 nam-

1965 3632 2074 3687 que
2109 3616 2451 3687 temporibus
2477 3632 2576 3686 per
2604 3615 2723 3671 dies
2752 3615 2998 3687 singulos
3036 3615 3265 3682 orabat;
3313 3614 3553 3670 habebat

1966 3714 2151 3762 autem
2204 3705 2262 3760 in
2304 3706 2507 3761 solario
2535 3705 2806 3763 fenestras
2850 3721 2972 3775 quae
3012 3706 3320 3761 Jerusalem
3359 3721 3549 3761 versu:

1967 3784 2307 3872 spectabant,
2332 3807 2496 3869 atque
2533 3799 2796 3869 patebant
2827 3816 2840 3852 :
2872 3800 2955 3855 sic
2979 3799 3127 3855 enim
3155 3806 3240 3855 est
3260 3799 3549 3870 scriptum.

1968 3891 2286 3949 Orationem
2327 3908 2565 3963 namque
2592 3908 2748 3947 suam
2776 3899 2901 3958 tum,
2918 3892 3032 3948 Deo
3059 3898 3271 3963 gratam
3301 3891 3415 3949 fore
3446 3909 3551 3964 pu~

1970 3984 2141 4051 tabat,
2175 4000 2302 4039 cum
2330 3984 2415 4040 sin
2449 3984 2634 4040 minus
2662 4000 2893 4055 corpore
2912 3991 3117 4056 posset,
3146 3983 3333 4040 animo
3356 3985 3551 4040 saltem

1965 4092 1997 4131 a
2024 4084 2171 4132 terra
2198 4085 2384 4131 extera
2423 4084 2587 4147 atque
2615 4076 2804 4132 odiosa
2842 4077 3243 4149 sejungeretur,
3264 4084 3321 4132 et
3351 4078 3555 4132 mentis

1964 4168 2143 4223 oculis
2167 4168 2224 4223 in
2259 4176 2463 4223 terram
2496 4169 2609 4223 Deo
2649 4168 3020 4239 gratissimam
3054 4177 3361 4240 spectaret;
3397 4177 3455 4223 et
3495 4168 3551 4221 in

1967 4258 2147 4329 ipsum
2190 4259 2344 4313 velut
2391 4258 2573 4314 illatus
2616 4259 2920 4328 templum,
2949 4273 3144 4328 preces
3190 4272 3291 4329 pro
3349 4256 3555 4326 quibus

1967 4348 2153 4414 vellet,
2176 4349 2419 4405 oﬁ'erret.

2042 4440 2240 4495 PALL.
2276 4440 2653 4496 Pulcherrima
2683 4448 2833 4494 certe
2876 4447 2989 4494 tota
3030 4448 3115 4496 cst
3138 4456 3169 4496 a
3198 4441 3358 4498 nobis
3387 4443 3547 4499 abso-

1975 4533 2089 4587 luta
2118 4530 2437 4602 disputatio.

2695 4654 2739 4685 ³⁸
2763 4653 2952 4709 Daniel
3006 4670 3078 4720 vl,
3112 4654 3194 4710 10.
