4082 6304
261 394 376 452 213

337 515 549 573 ΠΑΔΔ.
580 515 716 568 Τίνα
743 513 945 586 τρόπον
966 529 984 581 ;

335 605 496 659 ΚΥΡ.
529 605 737 674 Μωσῆς
772 603 874 673 μὲν
898 603 1011 673 γάρ
1052 602 1081 654 6
1112 601 1398 668 Θεσπέσιος
1432 607 1700 676 σαρκικῆς
1730 604 1855 658 δου·

262 695 414 757 λείας
454 693 746 763 ὲξεκόμιζε
783 693 878 745 τὸν
932 691 1148 763 Ἰσραὴλ
1187 693 1282 746 καὶ
1327 694 1437 746 τῶν
1465 696 1547 760 είς
1578 694 1856 748 πλινθείαν

265 785 518 858 ὲξῃρεῖτο
541 785 741 852 πόνων,
769 783 947 856 ἔργων
975 801 1034 836 τε
1059 783 1168 836 τῶν
1192 785 1322 855 περὶ
1343 787 1468 856 γῆν,
1503 787 1597 840 καὶ
1624 787 1852 857 μεταίχ-

269 897 396 951 μιον
425 879 617 952 ὥσπερ
655 896 709 932 τι
753 879 1003 949 κείμενος
1037 877 1175 931 Θεοῦ
1219 879 1314 932 καὶ
1342 880 1646 950 ἀνθρώπων
1667 922 1680 946 ,
1727 884 1854 946 τοὺς

264 970 473 1026 ἄνωθεν
508 971 659 1041 σφίσι
699 969 977 1040 διεκόμιζε
1014 970 1225 1039 λόγους.
1267 971 1329 1025 '0
1361 973 1417 1026 δὲ
1453 973 1656 1047 Κύριος
1697 974 1855 1047 ἡμῶν

279 1065 488 1135 Ἰησοῦς
517 1066 546 1118 6
576 1063 832 1134 Χριστὸς,
863 1064 933 1117 τά
959 1063 1036 1127 ὡς
1063 1065 1120 1116 ὲν
1146 1065 1302 1135 τύπῳ
1327 1067 1422 1121 καὶ
1455 1070 1630 1130 σκιαῖς
1685 1084 1854 1139 μετα-

264 1156 553 1228 χαράττων
584 1158 665 1221 είς
702 1155 993 1227 ἀλήθειαν,
1039 1155 1285 1221 δουλείας
1327 1159 1476 1229 ἡμᾶς
1510 1159 1719 1225 ὲξέλκει
1756 1161 1855 1231 τῆς

264 1247 496 1320 νοητῆς,
534 1248 635 1319 τὴν
695 1249 794 1320 μὲν
841 1250 1012 1305 πάλαι
1054 1251 1177 1304 καθ’
1233 1251 1390 1322 ἡμῶν
1442 1256 1858 1325 τυραννήσασαν

265 1343 543 1415 ἁμαρτίαν
596 1343 833 1410 ὲξιστάς,
881 1346 1190 1400 κατασείων
1240 1345 1298 1400 δὲ
1347 1346 1442 1400 τοῦ
1494 1347 1742 1403 διαϐόλου
1796 1349 1857 1404 τὸ

266 1436 496 1507 κράτος,
531 1436 626 1489 καὶ
667 1437 1015 1508 φρονήματος
1047 1438 1144 1508 μὲν
1185 1439 1428 1508 ἐπιγείου
1462 1441 1554 1494 καὶ
1581 1441 1690 1496 τῶν
1729 1443 1857 1516 περὶ

267 1530 450 1601 σάρκα
509 1529 941 1601 σπουδασμάτων
999 1533 1302 1604 ἀποφοιτᾷν
1355 1533 1666 1590 ἀναπείθων
1731 1537 1857 1601 τοὺς

266 1620 494 1674 ἔπεσθαι
531 1621 637 1672 δεῖν
659 1621 938 1691 οἰομένους
965 1622 1134 1693 αύτῷ,
1169 1625 1562 1693 μεταπλάττων
1585 1627 1641 1681 δὲ
1665 1628 1856 1703 ὥσπερ

264 1715 346 1775 είς
371 1711 558 1780 ἔφεσιν
587 1713 808 1785 ἀρετῆς,
838 1714 1199 1785 ἀριδηλότατά
1223 1734 1282 1769 τε
1309 1718 1440 1788 ἡμῖν
1473 1717 1572 1790 τὴν
1598 1719 1692 1773 τοῦ
1720 1721 1853 1775 Θεοῦ

265 1801 360 1854 καλ⁸
423 1803 638 1872 Πατρδς
695 1803 1056 1872 ἀπαγγέλλων
1115 1805 1372 1877 θέλησιν·
1424 1808 1702 1880 τοιγάρτοι
1761 1811 1856 1865 καὶ

1017 391 1109 447 DE
1142 391 1586 449 ADORATIONE
1624 392 1691 449 IN
1731 393 2004 451 SPIRITU
2043 395 2134 450 ET
2175 395 2545 454 VERITATE,
2588 397 2715 452 LIB.
2761 385 2823 451 II:

1883 523 1928 580 Α
2027 495 2222 570 ΡΑιι..
2253 516 2501 582 Quonam
2530 517 2731 571 modo?

3430 399 3546 458 21L

2028 605 2188 660 CYR.
2219 607 2429 678 Moyses
2468 607 2638 673 enim,
2686 609 2777 664 ille
2807 609 2893 664 vir
2927 625 3057 668 sane
3097 610 3469 680 admirandus,
3511 632 3550 669 a—

1959 699 2169 754 carnali
2201 699 2469 754 servitute
2497 700 2705 770 eripuit
2732 700 3092 758 Israeliticum
3127 704 3410 774 populum;
3433 714 3489 759 et
3515 723 3570 762 a..

1959 791 2242 847 laboribus
2266 793 2677 863 coquendorum
2713 793 2966 860 laterum,
2994 794 3062 849 ab
3092 796 3351 866 operibus
3377 797 3544 851 etiam

1961 884 2018 939 in
2059 893 2203 939 terra
2227 885 2576 941 exstruendis
2608 885 2843 952 exemit;
2868 901 2932 941 ac
2966 887 3136 942 veluti
3179 887 3394 944 medius
3424 890 3548 960 qui-

1961 976 2086 1031 dam
2125 977 2283 1032 limes
2325 977 2470 1032 inter
2514 978 2686 1032 Deum
2711 986 2769 1033 et
2807 976 3059 1032 homines
3096 977 3448 1051 interjectus,
3477 980 3545 1035 ad

1962 1068 2088 1123 illos
2116 1069 2337 1124 caelitus
2365 1068 2652 1124 exauditas
2684 1084 2848 1124 voces
2893 1068 3239 1140 perferebat:
3281 1071 3564 1127 Dominus.

1961 1175 2094 1214 vero
2142 1169 2330 1218 noster
2382 1161 2542 1217 Jesus
2593 1160 2865 1225 Christus,
2903 1176 2967 1215 ea
3014 1175 3137 1231 qua:
3179 1160 3234 1215 in
3281 1161 3453 1231 ﬁgura
3489 1171 3546 1215 et

1963 1251 2177 1307 umbris
2204 1252 2404 1308 tradita
2439 1251 2676 1318 fuerant,
2708 1252 2776 1306 ad
2800 1252 3086 1308 veritatem
3123 1251 3478 1316 transferens,
3515 1270 3566 1307 a.

1962 1343 2234 1414 spirituali
2264 1343 2526 1399 servitute
2560 1359 2660 1400 nos
2689 1344 2948 1410 extrahit,
2982 1344 3037 1398 in
3071 1359 3138 1399 eo
3168 1343 3315 1413 quod
3349 1360 3543 1414 pecea-

1965 1443 2102 1501 tum,
2137 1436 2284 1505 quod
2332 1436 2428 1491 diu
2471 1435 2633 1491 nobis
2671 1435 3015 1490 dominatum
3067 1435 3265 1500 fuerat,
3293 1435 3543 1505 expellit,

1963 1527 2283 1600 diabolique
2314 1528 2606 1600 imperium
2653 1530 2884 1595 evertit;
2923 1535 2981 1582 et
3020 1535 3319 1583 sectatores
3353 1544 3482 1584 suos
3513 1545 3562 1584 a.

1966 1629 2183 1675 terreno
2213 1636 2400 1686 sensu,
2427 1636 2723 1692 rerumque
2755 1620 3059 1677 carnalium
3081 1619 3262 1674 studio
3295 1619 3567 1692 refugere.

1963 1712 2191 1779 suadet;
2217 1729 2421 1784 eosque
2459 1714 2864 1784 quodammodo
2900 1713 3160 1767 reformat
3193 1712 3261 1766 ad
3299 1712 3544 1767 studium

1963 1801 2204 1868 virtutis,
2236 1803 2692 1875 apertissimeque
2731 1803 2892 1858 nobis
2923 1802 3018 1857 Dei
3055 1817 3118 1857 ac
3143 1803 3322 1856 Patris
3344 1803 3543 1856 volun-

265 1895 538 1964 ἔφασκεν·
578 1913 597 1946 ‹
643 1896 724 1948 Τά
755 1897 975 1967 ῥήματα
1004 1896 1040 1951 ἀ
1071 1897 1180 1965 ἐγὼ
1205 1897 1380 1964 λαλῶ,
1412 1900 1513 1954 ούκ
1545 1894 1694 1953 ἔστιν
1721 1902 1851 1973 ὲμά,

1960 1899 2121 1948 tatem
2157 1894 2481 1959 annuntiat;
2530 1893 2766 1963 ideoque
2790 1893 2930 1949 dixit
2979 1909 2991 1945 :
3028 1910 3046 1943 ι
3083 1891 3260 1946 Verba
3291 1907 3414 1962 qua:
3443 1907 3566 1962 ego.

263 1988 402 2040 ἀλλά
429 1987 521 2040 τοῦ
544 1988 860 2059 πέμψαντός
887 2007 974 2059 με.
1008 2008 1027 2041 ι
1053 1989 1163 2044 Kal
1187 1990 1347 2046 πάλιν
1371 2009 1384 2023 ·
1417 2009 1436 2045 ι
1476 1993 1596 2046 Ἀπ’
1616 1994 1852 2064 ἐμαυτοῦ

179 2060 198 2076 ’
262 2081 324 2132 οὐ
366 2080 534 2141 λαλῶ,
566 2081 683 2133 ἀλλ’
719 2083 746 2133 6
788 2081 1010 2152 πέμψας
1049 2100 1114 2152 με
1149 2083 1357 2155 Πατὴρ,
1390 2085 1552 2150 αὐτός
1579 2060 1667 2157 μοι
1702 2089 1855 2140 ἐντο-

262 2171 365 2242 λὴν
395 2171 595 2225 δέδωκε
617 2211 631 2233 ,
660 2173 714 2226 τί
741 2173 900 2237 εἴπω,
932 2174 1026 2227 καὶ
1067 2176 1121 2228 τί
1155 2175 1394 2247 λαλήσω.
1448 2197 1466 2229 ι
1516 2179 1626 2232 Kal
1663 2179 1796 2247 γοῦν
1829 2181 1858 2234 6

262 2263 473 2334 Μωσῆς
497 2265 682 2317 εἰκόνα
721 2265 814 2318 καλ⁷
849 2265 1199 2319 ἀνατύπωσιν
1233 2267 1336 2338 τῆς
1361 2271 1419 2321 ὲν
1452 2270 1673 2340 Χριστῷ
1703 2288 1858 2342 μεσι-

262 2357 437 2420 τείας,
466 2356 532 2409 τά
555 2356 678 2410 καθ’
699 2357 890 2411 ἑαυτὸν
911 2360 1166 2426 ἐποιεῖτο,
1192 2359 1367 2430 λέγων
1392 2365 1502 2418 τοῖς
1521 2363 1579 2430 ἐξ
1617 2364 1852 2436 Ἰσραήλ·

270 2467 290 2500 ι
339 2451 636 2520 Προφήτην
669 2453 734 2504 ὲκ
775 2450 883 2504 τῶν
913 2451 1159 2520 ἀδελφῶν
1199 2470 1294 2507 σου
1323 2454 1616 2526 ἀναστήσει
1659 2473 1738 2509 σοι
1781 2455 1858 2520 ὡς

266 2540 388 2610 ἐμὲ,
413 2541 617 2612 Κύριος
639 2544 666 2596 6
685 2541 814 2606 Θεός
842 2559 956 2596 σου.
981 2541 1157 2596 Αὐτοῦ
1185 2543 1484 2597 ἀκούσεσθε
1515 2545 1656 2598 κατὰ
1677 2545 1858 2600 πάντα

261 2632 364 2685 ὃσα
394 2634 580 2702 ᾐτήσω
615 2635 766 2704 παρά
796 2633 1002 2705 Κυρίου
1033 2634 1130 2688 τοῦ
1159 2635 1292 2689 Θεοῦ
1323 2653 1413 2689 σου
1443 2637 1502 2689 ὲν
1533 2637 1756 2708 Χωρὴσ,
1787 2639 1852 2710 τῇ

263 2725 448 2796 ἡμέρᾳ
471 2725 572 2794 τῆς
595 2725 912 2796 ἐκκλησίας.
952 2745 970 2778 ι
1017 2727 1108 2780 Ἐν
1137 2728 1290 2798 τύπῳ
1319 2727 1418 2798 μὲν
1441 2723 1534 2781 οὖν
1569 2729 1662 2782 καὶ
1688 2730 1856 2784 εικόνι

263 2814 334 2866 τὰ
363 2815 450 2868 διὰ
473 2815 736 2880 Μωσέως.
761 2817 855 2870 καὶ
879 2818 980 2887 τῆς
1006 2819 1126 2871 κατ’
1148 2818 1310 2872 αὐτὸν
1340 2818 1666 2891 μεσιτείαςή
1698 2819 1853 2875 δῦναι

270 2924 390 2976 μις·
437 2907 881 2978 ἀπορρητότερος
921 2909 978 2962 δὲ
1012 2910 1114 2979 τῆς
1161 2911 1220 2963 ὲν
1256 2910 1477 2982 Χριστῷ
1514 2913 1790 2982 μεσιτείας
1826 2915 1856 2968 6

265 2999 488 3070 τρόπος.
529 3001 586 3053 '0
615 3001 714 3071 μὲν
754 3001 862 3072 γάρ
895 3001 1062 3072 νόμου
1093 3003 1185 3055 καὶ
1215 3004 1374 3066 σκιᾶς
1400 3003 1643 3068 διάκονος
1667 3001 1736 3077 ἦν
1761 3008 1857 3061 καὶ

268 3091 650 3160 παιδαγωγίας
699 3092 798 3162 τῆς
845 3092 1050 3147 ἄνωθεν
1089 3093 1476 3166 διακομιστής⁶
1524 3097 1759 3167 Χριστὸς
1797 3097 1855 3152 δὲ

270 3183 344 3245 ὡς
376 3183 542 3254 νόμου
579 3185 674 3237 καλ⁸
699 3169 994 3257 προφητῶν
1017 3185 1301 3256 δεσπότης,
1330 3188 1401 3241 τά
1425 3187 1576 3259 αὐτῷ
1596 3189 1855 3247 δοκοῦντα

273 3273 608 3344 θεσμοθετεῐ,
633 3276 729 3328 καὶ
762 3275 984 3346 μεσίτης
1013 3271 1109 3346 ἦν,
1142 3276 1472 3349 συνθεούσης
1500 3280 1558 3333 ὲν
1595 3280 1742 3350 αὐτῷ
1763 3281 1857 3336 καὶ

273 3366 349 3428 εἰς
380 3363 438 3419 ἓν
468 3363 660 3439 ῶσπερ
692 3365 896 3436 ἰούσης,
933 3365 1185 3438 θεότητός
1205 3385 1264 3421 τε
1290 3370 1384 3422 καὶ
1419 3371 1856 3442 ἅνθρωπότητος.

277 3458 477 3526 ’Λμφω
504 3457 614 3528 γὰρ
641 3459 757 3527 ἅμα
796 3461 995 3511 νοεῖται
1019 3460 1272 3528 Χριστός.
1309 3479 1328 3512 ι
1369 3463 1480 3515 Καὶ
1521 3463 1724 3533 Μωσῆς
1762 3463 1860 3533 μὲν

274 3546 347 3610 ὡς
376 3546 630 3618 Θεράπων
656 3550 736 3611 εἰς
756 3550 875 3603 ὅλον
910 3549 1002 3603 τὸν
1023 3547 1170 3604 οἶκον
1195 3552 1360 3606 αὐτοῦ
1389 3554 1601 3618 πιστὸς,
1627 3555 1861 3626 Χριστὸς

273 3637 329 3690 δὲ
375 3637 452 3701 ὡς
495 3638 631 3701 υίὸς,
671 3639 764 3692 ἐπὶ
811 3639 903 3692 τὸν
951 3637 1098 3694 οἷκον
1146 3642 1334 3704 αὐτοῦ,
1390 3638 1451 3698 οὗ
1492 3640 1640 3707 οἶκός
1693 3647 1861 3717 ἐσμεν

273 3731 451 3800 ἡμεῖς·
493 3748 512 3780 ι
555 3733 604 3782 at
637 3731 723 3784 διὰ
749 3733 850 3800 τῆς
890 3735 970 3795 είς
1008 3734 1171 3787 αὐτὸν
1201 3735 1438 3798 πίστεως
1477 3737 1611 3807 πρὸς
1645 3738 1858 3792 ἐλευθεο

275 3821 395 3891 ρίαν
435 3821 669 3891 ἠγμένοι
710 3822 809 3892 τὴν
843 3823 1043 3894 ἀληθῆ.
1072 3824 1312 3895 Ἀραρεν
1350 3823 1472 3891 οὖν,
1515 3827 1596 3880 ὅτι
1635 3827 1862 3898 μεσίτης

277 3915 373 3984 μὲν
407 3915 676 3985 σαρκικῆς
707 3916 1040 3987 ἐλευθερίας,
1079 3917 1405 3988 γράμματὸς
1433 3936 1490 3971 τε
1525 3920 1616 3972 καὶ
1645 3922 1802 3984 σκιᾶς
1832 3921 1861 3974 6

278 4007 602 4080 ιεροφάντης
631 4011 832 4079 Μωσῆς
857 4026 869 4037 ·
915 4010 942 4061 6
975 4008 1031 4061 δὲ
1048 4008 1250 4079 Κύριος
1281 4010 1438 4081 ἡμῶν
1483 4010 1686 4080 Ἰησοῦς
1722 4013 1860 4082 Χρι-

277 4100 426 4164 στὸς,
464 4100 576 4153 τῶν
605 4100 746 4172 ὑπὲρ
782 4100 949 4170 νόμον
985 4101 1304 4171 εἰσηγητὴς,
1335 4101 1429 4154 καὶ
1459 4103 1560 4173 τῆς
1585 4103 1856 4175 σαρκικῆς

275 4191 586 4261 ἐλευθερίας
603 4191 702 4262 τὴν
722 4191 1066 4262 ἀσυγκρίτως
1096 4193 1304 4262 ἀμείνω
1327 4193 1689 4265 δωρούμενος,
1714 4194 1859 4248 τοῦτ’

277 4283 414 4348 ἐστι,
461 4283 562 4354 τὴν
597 4282 738 4336 κατά
776 4282 1015 4352 πνεῦμα.
1057 4283 1346 4355 Τοιγάρτοι
1385 4287 1480 4338 καὶ
1519 4284 1723 4355 ἔφασκε
1770 4288 1862 4341 καὶ

277 4379 385 4439 τοῖς
452 4374 736 4447 σαρκικῶς
789 4375 1256 4447 ἠλευθερωμένοις
1310 4378 1424 4440 τοῖς
1477 4377 1535 4444 ἐξ
1605 4377 1857 4449 Ἰσραήλ·

1954 1983 2151 2056 loquor
2170 1985 2347 2049 vobis,
2374 2000 2486 2039 non
2515 1993 2643 2038 sunt
2663 1999 2782 2038 mea
2808 2023 2823 2049 ,
2854 1981 2950 2037 sed
2969 1983 3110 2053 ejus,
3130 1981 3226 2052 qui
3251 1981 3404 2036 misit
3433 1998 3544 2046 me,

1955 2075 2234 2143 Patris“;i
2257 2077 2532 2148 itemque:
2569 2095 2588 2127 ι
2607 2075 2652 2130 Α
2681 2091 2769 2130 me
2806 2074 2926 2145 ipso
2947 2090 3058 2129 non
3074 2073 3270 2143 loquor
3293 2073 3422 2139 ;sed
3448 2074 3562 2143 qui:

1956 2170 2108 2224 misit
2139 2185 2248 2234 me,
2291 2171 2470 2234 Pater,
2515 2170 2633 2240 ipse
2673 2170 2808 2224 mihi
2845 2169 3165 2224 mandatum
3203 2167 3377 2232 dedit,
3409 2168 3561 2238 quid,

1957 2259 2158 2323 dicam,
2197 2267 2254 2313 et
2280 2259 2413 2328 quid
2443 2259 2636 2328 loquar
2651 2258 2716 2313 δθ.
2749 2278 2769 2310 ι
2813 2259 2890 2314 Ac
2916 2259 3128 2330 Moyses
3163 2267 3310 2332 certe
3351 2259 3406 2313 in
3430 2258 3548 2313 suis

1958 2351 2126 2405 rebus
2159 2349 2451 2421 imaginem
2481 2359 2645 2421 atque
2677 2351 2905 2407 formam
2933 2354 3223 2422 quamdam
3261 2368 3319 2407 se
3353 2367 3543 2422 gerere

1959 2445 2106 2500 illius
2123 2445 2326 2501 Christi
2356 2447 2774 2502 interventionis
2798 2447 3225 2512 intellexit,cum
3255 2448 3392 2502 dixit
3419 2445 3550 2499 ﬁliis

1957 2535 2249 2607 Israel:51
2265 2558 2280 2588 ι
2292 2538 2618 2609 Prophetam
2632 2555 2696 2594 ex
2711 2539 2970 2594 fratribus
2985 2540 3092 2594 tuis
3105 2537 3385 2600 excitabit,
3399 2536 3546 2590 sicut

1957 2642 2066 2692 me,
2088 2629 2354 2686 Dominus
2394 2632 2541 2685 Deus
2576 2641 2730 2686 tuus:
2753 2632 2905 2686 illum
2925 2632 3160 2687 audietis
3176 2631 3340 2701 juxta‘
3360 2627 3565 2684 omnia,

1956 2737 2299 2792 quacunque
2341 2725 2595 2794 expetisti
2630 2741 2660 2779 a
2691 2725 2924 2783 Domino
2965 2725 3078 2779 Deo
3119 2731 3214 2777 tuo
3252 2723 3305 2777 in
3338 2721 3541 2786 Horeb,

1957 2813 2014 2868 in
2050 2813 2140 2870 die
2174 2816 2536 2871 concionis“.
2577 2836 2595 2869 ι
2629 2817 2800 2888 Igitur
2825 2833 3164 2888 quaecunque
3194 2832 3291 2887 per
3324 2815 3544 2886 Moysen

1957 2905 2279 2975 agebantur,
2319 2907 2524 2978 illaque
2573 2908 2659 2963 vis
2708 2909 3128 2964 interventionis
3179 2909 3319 2978 ejus,
3373 2907 3548 2977 figura

1957 2996 2206 3065 quaedam
2245 3005 2366 3051 erat
2408 3006 2464 3053 et
2505 2997 2720 3068 imago;
2762 3005 2818 3051 at
2871 2996 3075 3052 Christi
3124 2992 3546 3050 interventionis

1957 3086 2132 3143 forma
2175 3091 2348 3161 magis
2377 3090 2674 3148 ineﬁabilis
2701 3099 2805 3145 est.
2853 3089 2949 3144 Ille
2981 3089 3127 3143 enim
3157 3088 3294 3159 legis
3331 3095 3387 3143 et
3418 3104 3541 3142 um-

1961 3177 2074 3233 bra:
2101 3181 2354 3235 minister
2381 3180 2504 3244 fuit,
2537 3189 2593 3235 et
2623 3188 2861 3250 accepta:
2887 3180 3150 3234 divinitus
3181 3180 3547 3233 institutionis

1961 3271 2236 3343 interpres
2261 3291 2274 3328 :
2303 3273 2556 3328 Christus
2583 3280 2789 3338 autem,
2823 3282 2882 3328 ut
2905 3274 3040 3344 legis
3058 3288 3121 3327 ac
3151 3272 3557 3342 prophetarum-

1961 3364 2240 3431 dominus,
2275 3380 2398 3434 qua:
2429 3364 2533 3419 sibi
2560 3363 2819 3419 videntur
2852 3362 3138 3428 decernit;
3173 3371 3230 3417 et
3275 3361 3550 3416 mediator

1959 3456 2082 3523 fuit,
2111 3473 2234 3514 cum
2275 3457 2332 3512 in
2376 3474 2443 3513 eo
2475 3464 2868 3522 concurreret,
2895 3465 3059 3529 atque
3100 3456 3157 3511 in
3194 3471 3366 3510 unum
3401 3471 3542 3526 quo-

1961 3549 2253 3604 dammodo
2287 3551 2608 3606 conveniret
2631 3559 2746 3605 tum
2786 3550 2992 3616 divina,
3021 3555 3140 3604 tum
3174 3549 3414 3604 humana
3442 3565 3543 3604 na-

1963 3646 2105 3692 tura.
2151 3638 2258 3693 Ilas
2293 3639 2440 3693 enim
2479 3641 2668 3694 ambas
2711 3641 2875 3695 simul
2919 3641 3136 3711 junctas
3188 3639 3547 3710 intelligimus

1959 3728 2260 3784 Christum.
2302 3749 2320 3780 ι
2353 3730 2432 3785 Ac
2461 3731 2668 3802 Moyses
2700 3731 2924 3801 quidem
2959 3738 3021 3784 ut
3055 3745 3248 3784 servus
3279 3729 3334 3784 in
3374 3737 3544 3784 totam

1961 3824 2080 3893 ejus
2141 3823 2366 3877 domum
2408 3823 2611 3889 ﬁdelis;
2648 3823 2903 3879 Christus
2953 3831 3134 3878 autem
3187 3831 3249 3878 ut
3298 3822 3444 3878 ﬁlius
3486 3824 3542 3878 in

1961 3915 2126 3969 domo
2169 3931 2288 3979 sua,
2324 3917 2478 3986 cujus
2522 3915 2719 3971 domus
2759 3932 2862 3972 nos
2910 3932 3102 3972 sumus
3132 3917 3212 3969 ⁸⁸»
3251 3934 3263 3970 :
3301 3916 3396 3988 qui
3445 3932 3545 3986 per

1962 4003 2124 4061 ﬁdem
2171 4021 2334 4075 quam
2378 4005 2433 4059 in
2487 4005 2641 4062 illum
2687 4007 2974 4072 habemus,
3026 4007 3096 4063 ad
3135 4023 3317 4062 veram
3354 4024 3546 4062 sumus

1960 4097 2270 4152 libertatem
2311 4097 2554 4153 adducti.
2586 4098 2813 4153 Constat
2842 4100 3009 4170 igitur
3035 4099 3392 4154 mediatorcm
3425 4115 3544 4152 car-

1962 4188 2109 4242 nalis
2133 4189 2423 4252 libertatis,
2455 4189 2760 4260 litterzeque
2794 4199 2850 4247 et
2877 4192 3105 4255 umbrae,
3133 4191 3301 4245 fuisse
3324 4191 3544 4259 Moysen

1964 4282 2116 4335 illum
2148 4297 2423 4337 sacrarum
2455 4298 2639 4336 rerum
2665 4282 3052 4352 interpretem:
3081 4281 3373 4335 Dominum
3413 4297 3564 4335 vero.

1962 4383 2212 4429 nostrum
2268 4375 2454 4430 Jcsum
2497 4375 2777 4429 Christum
2817 4391 3005 4429 carum
3041 4390 3223 4428 rerum
3265 4382 3543 4428 auctorem

209 4530 214 4535 γ
285 4485 302 4518 ι
349 4467 477 4521 Ἐάν
508 4469 667 4538 ὑμεῖς
710 4467 929 4539 μείνητε
966 4468 1024 4522 ὲν
1061 4468 1139 4538 τῷ
1170 4469 1312 4539 λόγῳ
1345 4468 1423 4539 τῷ
1466 4469 1615 4540 ἐμῷ,
1646 4470 1856 4540 ἀληθῶς

1965 4482 2086 4535 qua:
2118 4475 2246 4520 sunt
2272 4482 2436 4535 supra
2471 4466 2679 4536 legem:
2722 4481 2785 4520 ac
2816 4465 3040 4535 spiritus
3071 4466 3408 4530 libertatem,
3452 4466 3545 4520 illa

284 4557 523 4628 μαθηταί
564 4557 666 4628 μού
707 4559 850 4622 ἐστε,
888 4558 982 4611 καὶ
1017 4557 1290 4625 γνώσεσθε
1327 4559 1424 4628 τὴν
1455 4559 1732 4628 ἀλήθειαν,
1767 4560 1856 4614 καὶ

1966 4556 2224 4611 libertate
2285 4557 2490 4610 carnali
2550 4555 2751 4619 mnltisj
2797 4555 3046 4625 partibus
3112 4556 3546 4626 praestantiorem

282 4647 315 4715 ἡ
347 4647 577 4718 ἀλήθεια
609 4646 966 4719 ἐλευθερώσει
1005 4649 1167 4720 ὑμᾶς.
1218 4667 1236 4699 ι
1279 4649 1390 4701 Kal
1424 4647 1624 4702 πάλιν*
1679 4667 1699 4700 ι
1748 4651 1856 4714 Πᾶς

1967 4663 2088 4702 esse
2138 4647 2412 4718 largitum.
2461 4647 2648 4717 Itaque
2673 4646 2935 4703 Israclitis
2967 4646 3218 4716 quamvis
3253 4648 3548 4702 carnaliter

283 4739 310 4790 6
345 4740 518 4794 ποιῶν
544 4739 644 4811 τὴν
673 4741 949 4813 ἁμαρτίαν
969 4780 984 4804 ,
1013 4741 1197 4804 δοῦλός
1228 4743 1344 4794 ἐστι
1373 4741 1472 4812 τῆς
1509 4741 1806 4813 ἁμαρτίας·
1835 4743 1856 4795 6

1968 4740 2215 4795 liberatis
2249 4740 2468 4795 dicebat
2502 4758 2514 4792 :
2555 4759 2573 4791 ι
2615 4739 2671 4794 Si
2711 4755 2810 4794 vos
2854 4739 3167 4794 manseritis
3202 4738 3259 4792 in
3298 4755 3549 4794 sermone

283 4831 338 4884 δὲ
372 4832 558 4896 δοῦλος
583 4833 644 4886 οὐ
678 4835 830 4903 μένει
859 4836 916 4887 ὲν
941 4836 1006 4904 τῇ
1033 4833 1184 4904 οἰκίᾳ
1235 4834 1315 4895 είς
1339 4833 1430 4887 τὸν
1456 4833 1625 4886 αἰῶνα
1645 4876 1658 4900 ,
1691 4836 1718 4887 6
1751 4833 1856 4898 υίὸς

1970 4847 2123 4897 meo,
2154 4849 2280 4887 vcre
2315 4832 2572 4902 discipuli
2603 4831 2710 4886 mei
2749 4831 2901 4893 estis,
2929 4839 2985 4886 et
3016 4831 3358 4902 cognoscetis
3401 4831 3548 4885 veri-

289 4925 435 4994 μένει
471 4928 551 4991 είς
577 4926 669 4980 τὸν
698 4926 888 4980 αἰῶνα.
946 4927 1071 4979 Ἐὰν
1093 4922 1185 4980 οὖν
1220 4929 1248 4980 6
1287 4927 1414 4992 Υἱὸς
1451 4927 1597 4997 ὑμᾶς
1645 4925 1864 4985 ἐλευθε-

288 5017 454 5089 ρώσῃ,
483 5018 650 5100 ὅντως
677 5017 952 5090 ἐλεύθεροι
987 5017 1129 5075 ὲστέ.
1685 5027 1696 5046 ‘

1974 4932 2176 4990 tatem,
2228 4932 2285 4978 et
2335 4925 2535 4980 veritas
2572 4924 2828 4980 liberabit
2885 4940 2985 4979 vos
3009 4924 3071 4978 ⁴³.
3107 4945 3126 4975 ι
3183 4925 3251 4978 Ει
3302 4925 3544 4980 iterum:

1971 5036 1988 5065 σ
2022 5017 2213 5072 Omnis
2264 5017 2356 5086 qui
2407 5016 2535 5073 facit
2579 5027 2860 5088 peccatum
2887 5058 2900 5081 ,
2951 5033 3144 5071 servus
3181 5024 3264 5070 est
3300 5017 3546 5084 peccati:

285 5126 476 5169 servus
523 5122 706 5168 autem
757 5129 868 5168 non
907 5122 1088 5168 manet
1133 5112 1190 5166 in
1229 5112 1392 5168 domo
1440 5113 1497 5168 in
1558 5119 1854 5180 tetemum;
1917 5112 2065 5167 ﬁlius
2107 5120 2292 5167 autem
2321 5120 2504 5167 manet
2529 5112 2582 5166 in
2615 5121 2903 5167 :etcrnum.
2958 5111 3015 5165 Si
3067 5110 3232 5180 igitur
3259 5109 3427 5162 Filius
3451 5121 3557 5162 vos.

285 5203 619 5273 liberaverit,
653 5221 782 5261 vere
819 5204 982 5263 liberi
1018 5205 1174 5261 eritis
1199 5206 1262 5260 “.
1302 5225 1321 5258 ι

356 5372 564 5426 ΠΑΛΛ.
604 5371 838 5441 Ἀριστα
861 5369 1016 5441 ἔφης.

364 5465 531 5519 ΚΥΡ.
582 5463 984 5536 Καυχησόμεθα
1016 5463 1080 5534 δὴ
1128 5458 1221 5517 οὖν
1253 5463 1313 5516 οὐ
1353 5465 1464 5526 τοῖς
1508 5460 1650 5516 κατὰ
1690 5459 1868 5531 σάρκα

2047 5359 2241 5418 PALL.
2278 5361 2599 5430 Rectissime
2627 5355 2792 5410 dicis;

2042 5455 2198 5510 CYR.
2236 5453 2355 5508 Non
2390 5451 2555 5521 igitur
2587 5447 2655 5501 de
2685 5443 2985 5498 carnalium
3034 5456 3218 5495 rerum
3260 5441 3552 5510 splendore

280 5554 578 5626 ςλαμπροῖς,
619 5533 771 5608 ἀλλά*
793 5533 905 5617 τοῖς
942 5556 1000 5608 ὲν
1037 5533 1306 5626 πνεύματι
1340 5555 1433 5608 καὶ
1463 5552 1774 5624 δικαιοσύνῃ
1803 5552 1856 5621 cf

1978 5545 2319 5619 gloriandum
2363 5542 2522 5597 nobis
2566 5546 2671 5601 est,
2718 5535 2814 5591 sed
2863 5534 2930 5590 de
2965 5533 3193 5604 spiritus
3241 5541 3296 5588 et
3325 5533 3553 5602 justiti-te

360 5756 402 5787 ⁸³
426 5755 585 5810 Joan.
619 5771 732 5817 xiv,
763 5755 854 5810 ‘24.

299 5826 336 5856 δά
357 5824 515 5893 me,
536 5825 729 5880 δι-δο.

932 5756 1155 5813 "Joan.
1198 5771 1293 5822 xu,
1336 5756 1421 5812 49.
1501 5757 1542 5789 ³⁸
1580 5756 1742 5810 Deut.
1774 5767 1920 5818 ιιι-ιιι,
1952 5750 2034 5814 15,
2078 5750 2159 5804 16.

2255 5747 2298 5778 ⁸³
2351 5742 2518 5799 IIebr.
2568 5754 2646 5804 ιιι,
2699 5736 2754 5803 ‘2,
2803 5737 2854 5791 '5.
2938 5735 3160 5793 “Joan.
3198 5751 3309 5800 \‘lll,
3347 5731 3550 5800 52,53.
