4082 6304
1766 162 1795 191 \

413 380 522 440 2l5
582 444 585 447 δ
1442 374 1498 432 S.
1540 376 1817 441 CYMLLI
1856 379 2332 443 ALEXANDle
2370 381 2687 445 ARCHIEP'.
3593 385 3709 443 Ξὶϐ

414 497 684 563 claritate,
728 496 849 569 ejus
895 494 1166 552 duntaxat
1212 509 1340 567 quae
1368 510 1438 550 ex
1483 494 1715 555 Christo.
1752 504 1857 564 est,
1891 512 2002 565 non

2121 502 2248 557 ιατά
2269 501 2525 574 Χριστὸν,
2555 504 2617 556 οὐ
2657 505 2723 575 τῇ
2756 503 2898 558 κατὰ
2951 501 3133 574 νόμον.
3166 502 3233 557 Εἰ
3269 502 3389 575 γὰρ
3407 501 3596 561 δοῦλον
3624 503 3708 557 ἔτι

415 604 539 659 quae
561 605 631 644 ex
659 589 799 660 lege,
841 588 1001 655 Nam,
1033 588 1079 644 si
1109 603 1304 644 servus
1343 586 1582 647 habetur
1618 589 1870 661 quisquis
1904 590 2009 647 sub

414 688 641 751 peccato
672 687 776 746 est,
811 694 915 736 nec
940 678 1208 751 justiﬁcat
1236 678 1349 734 ullo
1389 679 1555 735 modo
1602 680 1724 748 lex;
1761 681 2010 751 quinimo

414 768 749 828 condemnat
805 768 1012 840 potius,
1067 783 1301 838 reosque
1352 768 1484 824 facit
1541 777 2006 841 transgressores;

415 863 506 918 cui
550 877 664 918 non
693 862 1048 934 perspicuum
1096 863 1168 917 sit
1199 877 1420 917 omnem
1462 862 1907 934 justiﬁeationem
1952 863 2009 918 in

415 951 636 1010 Christo
673 962 956 1021 constare;
991 954 1234 1025 itemque
1262 967 1479 1009 omnem
1516 953 1856 1024 spiritualem
1881 968 2009 1024 per-

416 1041 734 1110 fectionem,
771 1059 895 1116 qua:
937 1059 1036 1115 per
1075 1042 1564 1110 sanctiﬁcationem
1589 1043 1881 1112 habeatur,
1911 1059 2012 1115 per

312 1170 313 1173 η
417 1133 599 1204 ipsum
644 1145 702 1191 et
743 1135 800 1190 in
840 1136 963 1206 ipso
994 1135 1239 1206 acquiri?
1264 1135 1469 1205 Paulus
1497 1134 1585 1203 vir
1612 1143 1763 1197 certe
1789 1136 2011 1206 sapiens

418 1227 475 1285 in
504 1229 698 1299 primis
744 1229 939 1284 scribit
974 1247 986 1282 :
1031 1248 1048 1280 ι
1086 1229 1207 1285 Non
1253 1229 1402 1296 enim
1446 1229 1719 1283 erubesco
1758 1228 2008 1299 Evange-

416 1320 586 1388 lium;
622 1321 720 1387 Dei
763 1320 912 1384 enim
956 1320 1134 1385 virtus
1180 1328 1266 1384 est
1312 1320 1367 1374 in
1413 1320 1646 1385 salutem
1691 1319 1849 1386 omni
1884 1334 2007 1374 cre-

417 1413 591 1481 denti,
621 1412 812 1473 Judaco
849 1412 1086 1482 primum
1121 1419 1180 1467 et
1221 1411 1431 1471 Graeco.
1470 1411 1693 1467 iustitia
1724 1410 1872 1465 enim
1909 1411 2008 1471 Dei

417 1505 474 1560 in
502 1519 569 1560 eo
596 1504 872 1560 revelatur
898 1519 967 1559 ex
994 1503 1102 1558 ﬁde
1132 1505 1186 1558 in
1210 1503 1395 1568 ﬁdem,
1423 1503 1568 1571 sicut
1594 1503 1863 1573 scriptum
1887 1513 2003 1558 est:

414 1595 605 1652 Justus
656 1602 840 1649 autem
897 1607 967 1648 ex
1006 1592 1113 1649 ﬁde
1164 1593 1313 1661 vivet
1359 1593 1424 1647 ⁸³.
1473 1612 1491 1644 ι
1527 1592 1743 1653 Veteris
1787 1609 2008 1664 quoque

413 1685 553 1758 legis
578 1685 831 1749 inutilem
854 1685 966 1741 vim
1001 1692 1166 1755 atque
1196 1683 1472 1740 inﬁrmam
1500 1684 1569 1740 iis
1592 1686 1776 1741 verbis
1804 1696 1962 1742 notat
1991 1705 2004 1740 :

418 1780 524 1850 52
557 1798 576 1832 ι
604 1778 763 1846 Quod
790 1786 997 1843 autem,
1028 1778 1228 1848 inquit,
1258 1777 1316 1832 in
1342 1778 1462 1849 lege
1488 1793 1650 1833 nemo
1671 1778 2006 1851 justiﬁcatur

2110 593 2173 647 τὸ
2199 593 2289 661 ὑφ’
2315 592 2610 665 ἁμαρτίαν,
2644 594 2844 653 δικαιοῖ
2868 593 2925 648 δὲ
2955 594 3157 665 ἥκιστα
3191 593 3291 664 μὲν
3318 595 3348 646 6
3375 593 3562 665 νόμος.
3605 610 3708 657 κα-

2109 685 2356 759 τακρίνει
2374 686 2429 741 δὲ
2457 685 2664 758 μᾶλλον,
2683 688 2781 740 καὶ
2804 687 3073 759 γράφεται
3097 684 3559 757 παραϐαίνοντας,
3588 686 3715 750 πῶς
3752 704 3759 708 ’

2109 779 2214 834 οὐκ
2241 778 2308 835 ἂν
2339 780 2550 850 γένοιτο
2587 780 2749 836 παντί
2790 797 2869 851 τῳ
2899 779 3089 847 σαφὲς,
3121 778 3206 832 ὅτι
3238 778 3390 832 πᾶσα
3417 777 3709 842 δικαίωσις

2110 872 2168 924 έν
2197 871 2438 944 Χριστῷ,
2465 871 2562 926 καὶ
2579 870 2910 941 τελείωσιςή
2934 870 2992 923 ὲν
3012 867 3286 939 πνεύματι
3304 868 3372 923 δι’
3400 866 3702 939 ἀγιασροῦ,

2109 962 2178 1017 δι’
2209 963 2376 1018 αὑτοῦ
2412 981 2474 1025 τε
2524 963 2622 1024 καὶ
2664 963 2724 1017 ὲν
2760 960 2910 1033 αὑτῷ
2939 977 2954 1027 ;
3006 960 3117 1015 Καὶ
3166 958 3299 1030 γοῦν
3329 961 3358 1013 6
3392 958 3704 1028 σοφώτατος

2110 1054 2316 1126 γράφει
2341 1054 2589 1120 Παῦλοςο
2629 1072 2648 1106 ι
2687 1054 2761 1109 Οὐ
2791 1053 2912 1126 γὰρ.
2930 1051 3331 1124 ἐπαισχύνομαι
3361 1050 3423 1106 τὸ
3458 1050 3704 1120 Εὐαγγέ-

2110 1147 2246 1210 λιον,
2274 1146 2503 1218 δύναμις
2537 1145 2647 1218 γὰρ
2671 1145 2806 1199 Θεοῦ
2833 1147 2981 1198 ἐστιν
3010 1144 3090 1208 εἰς
3122 1142 3401 1214 σωτηρίαν
3436 1144 3600 1196 παντὶ
3625 1142 3715 1213 τῷ

2110 1235 2439 1298 πιστεύοντι,
2479 1236 2719 1308 Ἰουδαίῳ
2748 1253 2807 1289 τε
2831 1235 3048 1308 πρῶτον
3072 1234 3169 1297 καὶ
3199 1233 3446 1305 Ἕλληνι.
3487 1236 3713 1288 Δικαιοη,

2111 1326 2245 1399 σύνη
2281 1329 2391 1399 γὰρ
2421 1325 2554 1381 Θεοῦ
2589 1327 2647 1381 έν
2683 1324 2832 1396 αὐτῷ
2874 1323 3322 1388 ἀποκαλύπτεται
3361 1325 3427 1377 ὲκ
3465 1323 3713 1387 πίστεως,

2109 1420 2191 1483 εἰς
2219 1418 2398 1479 πίστιν
2419 1461 2436 1486 ,
2464 1416 2647 1482 καθὼς
2687 1417 2998 1490 γέγραπται
3031 1433 3046 1447 ·
3092 1416 3152 1469 '0
3179 1415 3237 1470 δὲ
3267 1414 3476 1478 δίκαιος
3506 1415 3570 1467 ὲκ
3613 1414 3703 1466 πί-

2110 1527 2279 1575 στεως
2309 1510 2556 1583 ζήσεται.
2592 1530 2610 1561 ι
2650 1510 2834 1580 Νόμου
2864 1526 2925 1563 τε
2950 1506 3044 1562 τοῦ
3065 1507 3234 1572 πάλαι
3271 1507 3331 1561 τὸ
3363 1505 3623 1576 ἀνόνητόν
3642 1521 3707 1567 τε

2109 1605 2205 1658 καὶ
2237 1603 2465 1676 ἀδρανὲς
2494 1603 2551 1658 έν
2568 1620 2632 1672 γε
2663 1601 2859 1673 τουτῳῒ
2888 1600 3255 1672 καταγράφει,
3289 1601 3482 1669 λέγων*
3522 1618 3541 1651 ι
3579 1599 3713 1659 Ὅτι,

2107 1695 2164 1750 δὲ
2195 1697 2254 1750 ἐν
2281 1696 2433 1767 νόμῳ
2464 1695 2641 1759 οὐδεὶς
2683 1693 2988 1755 δικαιοῦται
3014 1695 3168 1765 παρὰ
3212 1690 3353 1763 Θεῷ,
3396 1690 3577 1762 δῆλον·
3621 1690 3707 1744 ὃτι

2111 1790 2140 1842 ὁ
2168 1787 2375 1852 δίκαιος
2401 1788 2466 1846 ἐκ
2496 1788 2733 1850 πίστεως
2762 1785 3008 1858 ζήσεται.
3046 1785 3105 1838 ’0
3142 1783 3198 1837 δὲ
3237 1782 3400 1854 νόμος
3426 1782 3529 1835 οὐκ
3557 1780 3715 1839 ἔστιν.

417 1871 565 1942 apud
613 1872 808 1938 Deum,
855 1870 1204 1929 manifestum
1238 1878 1324 1926 est
1358 1888 1371 1924 :
1411 1871 1539 1940 quia
1564 1871 1747 1941 justus
1791 1886 1860 1927 ex
1904 1871 2011 1928 ﬁde

2121 1882 2178 1933 ὲκ
2209 1880 2468 1944 πίστεως,
2492 1879 2607 1943 ἀλλ’
2627 1881 2656 1933 6
2676 1880 2909 1950 ποιήσας
2927 1877 3090 1945 αὐτὰ,
3115 1877 3340 1947 ζήσεται
3366 1876 3424 1928 ἐν
3449 1874 3652 1937 αὐτοῖς.
3679 1892 3711 1932 ι,

416 1962 574 2018 vivit.
607 1962 721 2019 Lex
751 1970 936 2026 autem
978 1976 1089 2025 non
1137 1969 1224 2039 est
1258 1976 1328 2015 ex
1369 1959 1507 2027 ﬁde;
1541 1960 1637 2016 sed
1675 1961 1769 2031 qui
1817 1960 2011 2018 fecerit

417 2069 506 2120 ea,
544 2055 695 2110 vivet
736 2054 793 2110 in
826 2054 961 2126 ipsis
994 2052 1057 2109 “.
1113 2072 1139 2113 ι
1173 2052 1231 2119 In
1272 2052 1493 2109 Christo
1535 2052 1702 2125 igitur
1742 2053 2009 2125 justiﬁca-

417 2161 546 2201 mur
564 2162 664 2218 per
695 2145 881 2213 ﬁdem,
913 2163 977 2210 ac
1010 2146 1334 2211 redimimur
1362 2163 1393 2202 a
1421 2146 1686 2212 servitute
1714 2148 2007 2218 spirituali.

491 2239 690 2295 PALL.
719 2239 818 2301 Est
847 2239 1014 2310 igitur
1042 2239 1131 2305 lex
1159 2238 1407 2301 inutilis?

488 2330 646 2386 CYR.
680 2329 800 2389 Non
830 2331 935 2397 hoc
964 2330 1109 2397 dico,
1157 2345 1337 2401 neque
1376 2331 1532 2397 enim,
1574 2331 1778 2393 frustra
1811 2333 2025 2395 divinis,

419 2422 701 2492 responsis
748 2423 964 2492 sancita.
1020 2432 1135 2489 est;
1183 2422 1295 2478 imo
1345 2439 1476 2479 vero
1515 2444 1534 2476 ι
1561 2425 1617 2480 in
1678 2427 2012 2498 adjutorium

421 2515 568 2580 data,
599 2534 617 2567 ι
643 2515 789 2571 sicut
815 2517 1084 2587 scriptum
1106 2526 1191 2572 est
1216 2516 1292 2583 ‘3’;
1322 2532 1451 2572 nam
1496 2534 1606 2588 qua
1632 2528 1789 2589 parte
1818 2519 1885 2574 ad
1915 2519 2001 2573 in-

422 2604 765 2663 stitutionem
806 2608 1085 2678 puerilem.
1107 2606 1439 2678 pertinebat,
1467 2616 1531 2663 et
1555 2608 1624 2663 ad
1665 2609 2012 2678 iniquitatem

423 2698 885 2769 cognoscendam,
910 2715 1023 2769 qua
1049 2700 1215 2755 etiam
1239 2699 1308 2755 ad
1334 2700 1491 2755 initia
1520 2700 1875 2771 percipienda
1898 2699 2012 2754 cle-

424 2797 720 2861 mentaque
743 2805 1057 2847 sermonum
1082 2792 1202 2859 Dei,
1231 2807 1331 2847 cur
1353 2807 1465 2847 non
1488 2802 1558 2847 ex
1583 2807 1649 2847 ea
1670 2799 1825 2862 parte
1856 2791 2016 2847 intel-.
2043 2838 2052 2847 .

423 2882 629 2954 ligatur
668 2880 853 2938 utilis?
887 2881 1119 2954 Segnior
1145 2893 1231 2940 est
1258 2892 1442 2942 autem
1474 2882 1543 2939 ad
1573 2882 1848 2951 abluenda
1883 2898 2013 2954 pec-

427 2983 549 3034 cata
604 2976 1061 3048 sanctitatemque
1114 2976 1524 3048 perﬁciendam.
1579 2976 1781 3032 Beatus
1830 2974 2015 3046 itaque

427 3066 632 3129 Paulus
667 3066 849 3137 inquit
882 3083 896 3122 :
933 3086 952 3119 ‹
1001 3066 1218 3135 Scimus
1260 3075 1444 3127 autem
1492 3065 1641 3137 quod
1673 3079 2014 3136 quaecunque

427 3157 517 3213 lex
539 3158 803 3229 loquitur,
831 3158 900 3225 iis
925 3159 1029 3230 qui
1062 3158 1118 3225 in
1144 3159 1263 3231 lege
1293 3156 1713 3227 suntloquitur,
1754 3163 1817 3210 ut
1852 3170 2015 3212 omne

429 3266 493 3306 os
522 3251 864 3319 obstruatur,
895 3261 954 3317 et
983 3240 1239 3318 subditus
1268 3250 1360 3306 ﬁat
1385 3250 1564 3306 omnis
1594 3247 1836 3313 mundus
1871 3248 2011 3315 Deo;

428 3340 690 3410 quoniam
723 3357 793 3407 ex
817 3342 1078 3412 operibus
1099 3341 1237 3411 legis
1258 3356 1369 3396 non
1384 3338 1777 3412 justiﬁcabitur
1799 3340 1856 3395 in
1885 3354 2028 3397 eone.

431 3440 624 3501 spectu
656 3433 777 3502 ejus
814 3432 997 3495 omnis
1037 3446 1197 3499 caro;
1231 3448 1331 3503 per
1372 3432 1546 3503 legem
1586 3430 1736 3489 enim
1777 3430 2017 3503 cognitio

432 3526 646 3594 peccati
679 3526 744 3579 ⁵⁸.
785 3544 804 3577 ι
857 3523 1034 3591 Habet
1091 3538 1222 3595 ergo
1272 3524 1359 3580 lex
1416 3523 1528 3579 vim
1576 3540 1684 3595 qua
1731 3530 2018 3595 peccatum

432 3616 796 3683 demonstret,
817 3632 932 3673 non
956 3616 1186 3688 gloriam
1209 3615 1277 3673 de
1292 3617 1498 3681 virtute
1516 3624 1858 3687 comparetp
1892 3629 2023 3674 nam

434 3710 492 3765 in
514 3724 582 3766 eo
605 3710 750 3781 quod
772 3709 868 3776 ait,
893 3709 1048 3765 verbi
1071 3710 1247 3782 gratia
1269 3729 1291 3777 ι
1310 3730 1328 3763 ι
1354 3710 1476 3774 Non
1495 3708 1878 3775 fornicaberis,
1906 3724 2021 3764 non

433 3801 796 3870 adulterabis,
818 3817 928 3857 non
962 3800 1169 3857 furtum
1215 3802 1402 3869 facies,
1450 3818 1563 3857 non
1606 3801 1967 3873 pejerahis“,
1996 3820 2014 3852 ι

434 3900 492 3954 et
512 3893 560 3948 si
580 3892 713 3963 quid
729 3893 928 3948 horum
946 3893 1124 3949 simile
1140 3901 1243 3959 est,
1264 3892 1524 3963 nequitiae
1544 3908 1747 3964 genera
1758 3891 2020 3958 ostendit,

435 3992 493 4046 ct
538 3984 885 4055 impuritates
924 3984 1156 4055 expulit,
1200 3999 1314 4049 non
1351 3984 1575 4040 virtutis
1613 3984 1896 4043 notionem
1936 3984 2027 4040 in-.

435 4076 607 4142 vexit,
636 4085 734 4131 aut
756 4077 1002 4148 probatae
1020 4077 1147 4132 vita:
1170 4075 1538 4148 cognitionem
1562 4076 1909 4147 perspicuam
1929 4093 2038 4132 au-.

2126 1972 2214 2024 Ἐν
2242 1970 2464 2043 Χριστῷ
2489 1970 2780 2043 τοιγαροῦν
2805 1968 3161 2040 δικαιούμεθα
3193 1967 3281 2023 διά
3312 1966 3549 2029 πίστεως
3571 2007 3586 2032 ,
3611 1965 3705 2017 ἐκ·

2113 2063 2501 2136 λελυτρώμεθα
2526 2063 2583 2125 δὲ
2605 2063 2851 2129 δουλείας
2879 2063 2977 2133 τῆς
3006 2062 3221 2134 νοητῆς.

2185 2245 2396 2301 ΠΑΛΛ.
2442 2244 2725 2315 Ἀνόνητος
2756 2240 2849 2304 οὖν
2877 2245 2904 2296 6
2931 2244 3128 2315 νόμοςς

2191 2336 2355 2393 ΚΥΡ.
2385 2335 2459 2391 Οὐ
2487 2334 2647 2389 τοῦτό
2676 2352 2840 2405 φημι·
2872 2331 3329 2406 κεχρησμὼδηται
3362 2332 3471 2403 γὰρ
3507 2331 3569 2384 οὐ
3605 2330 3715 2401 μάε

2114 2445 2244 2502 τηνο
2272 2428 2480 2493 δέδοται
2526 2427 2584 2481 δὲ
2628 2426 2828 2498 μᾶλλον
2864 2444 2885 2484 ‹
2939 2426 3020 2490 εἰς
3065 2423 3339 2496 βοήθειαν,
3397 2445 3415 2476 ι
3468 2422 3610 2477 κατά
3647 2423 3710 2476 τὸ

2115 2519 2520 2593 γεγραμμένον⁹
2551 2519 2674 2574 ὅσον
2724 2518 2824 2590 μὲν
2859 2516 2971 2590 γὰρ
2997 2510 3134 2589 ἧκεν
3177 2516 3257 2580 εἰς
3304 2513 3721 2585 ιιιαιδαγωγίανλ

2117 2614 2212 2669 καὶ
2238 2611 2301 2666 τὸ
2319 2611 2519 2666 εἰδέναι
2538 2611 2601 2665 τὺ
2624 2609 2965 2683 πλημμελὲς,
2990 2611 3085 2665 καὶ
3105 2611 3187 2673 είς
3209 2611 3272 2663 τὸ
3292 2608 3496 2679 χρῆναι
3521 2606 3715 2665 λαϐεῖν.

2116 2705 2290 2779 ἀρχὰς
2326 2701 2422 2775 καὶ
2449 2705 2687 2775 στοιχεῖα
2716 2701 2826 2756 τῶν
2857 2701 3054 2771 λογίων
3093 2699 3188 2755 τοῦ
3235 2700 3402 2764 Θεοῦ,
3447 2699 3567 2763 πῶς
3607 2698 3726 2762 οὐκ,

2117 2798 2184 2853 ἂν
2233 2798 2405 2852 νοοῖτο
2446 2797 2743 2868 χρήσιμος;
2787 2793 3108 2867 Ἀργότερος
3163 2794 3222 2856 δὲ
3267 2793 3405 2864 πρὸς
3452 2790 3727 2862 ἀπόνιψιν.

2116 2890 2412 2962 ἁμαρτίας,
2452 2888 2549 2951 καί
2595 2889 2676 2952 εἰς
2718 2885 2781 2941 τὸ
2823 2885 3086 2941 δύνασθαι
3129 2884 3369 2951 τελειοῦν
3414 2885 3495 2950 είς
3545 2884 3723 2953 ἀζοιαο,

2120 2980 2276 3052 σμόν.
2305 2980 2417 3034 Kal
2436 2977 2610 3048 γοῦνὸ
2632 2977 2920 3042 Θεσπέσιος
2951 2978 3083 3048 ήμῖν
3101 2975 3207 3048 ἔφη
3238 2975 3471 3040 Παῦλοςο
3505 2993 3525 3027 ι
3554 2974 3714 3030 Olbu-

2121 3088 2221 3142 μεν
2242 3070 2299 3124 δὲ
2319 3070 2401 3124 ὅτι
2434 3071 2535 3124 ὅσα
2560 3070 2589 3122 6
2617 3067 2782 3139 νόμος
2813 3066 2962 3136 λέγει
3003 3068 3116 3131 τοῖς
3143 3067 3201 3120 ὲν
3234 3065 3320 3137 τῷ
3352 3064 3503 3137 νόμῳ
3536 3064 3727 3131 λαλεῖς

2120 3162 2210 3216 ἴνα
2234 3162 2345 3224 πᾶν
2389 3159 2565 3230 στόμα
2610 3161 2818 3231 φραγῇ’
2852 3158 2947 3213 καί⁸
2972 3157 3229 3221 ὑπόδικος
3260 3157 3488 3227 γένηται
3532 3156 3643 3221 πᾶς
3684 3155 3729 3218 ἀ

2116 3253 2321 3325 κόσμος
2350 3251 2429 3323 τῷ
2457 3250 2596 3322 Θεῷ·
2637 3251 2771 3305 διότι
2810 3250 2871 3317 ἐξ
2903 3249 3083 3323 ἔργων
3116 3251 3282 3321 νόμου
3317 3252 3379 3304 οὐ
3417 3246 3716 3319 δικαιωθή-

2119 3362 2272 3399 σεται
2302 3345 2451 3399 πᾶσα
2480 3342 2619 3416 σὰρξ
2648 3342 2878 3401 ἐνώπιον
2906 3344 3092 3398 αὑτοῦ·
3124 3342 3215 3397 διὰ
3243 3342 3353 3415 γάρ
3374 3341 3564 3412 νόμου,
3588 3341 3733 3394 ἐπι..

2118 3455 2319 3508 γνωσις
2347 3435 2652 3510 ἁμαρτιῶν.
2687 3456 2705 3489 ι
2744 3436 3024 3500 Δεικτικὸς
3057 3431 3151 3491 οὖν
3180 3435 3289 3507 ἄρα
3314 3436 3413 3506 τῆς
3437 3433 3721 3506 ἁμαρτίας

2119 3512 2362 3602 ὀνόμος,
2408 3528 2508 3582 οὐκ
2549 3526 2885 3598 αὐχημάτων
2919 3526 3180 3600 πρόξενος
3218 3524 3327 3579 τῶν
3361 3527 3442 3590 εἰς
3488 3526 3715 3597 ἀρετήν.

2121 3622 2197 3676 T6
2220 3622 2328 3695 γάρ
2368 3639 2450 3684 τοι
2488 3619 2656 3688 φάναι
2687 3618 2870 3690 τυχὸν,
2907 3619 2981 3675 Οὐ
3026 3616 3368 3691 πορνεύσεις,
3402 3617 3463 3671 οὐ
3506 3617 3733 3689 μοιχεύει»

2125 3728 2268 3775 σεις,
2300 3712 2360 3765 οὐ
2396 3709 2647 3780 κλέψεις,
2690 3708 2791 3775 οςῦκ
2825 3709 3206 3780 ἐπιορκήσεις,
3251 3709 3345 3773 καὶ
3371 3707 3425 3760 εί
3455 3724 3509 3761 τι
3536 3707 3729 3762 τοιού-..

2122 3819 2233 3866 τοις
2303 3802 2707 3876 συνήρμοσται,
2756 3799 2825 3861 τὰ
2881 3798 2982 3870 τῆς
3044 3799 3375 3871 φαυλότητος
3432 3799 3548 3871 εἴδη
3613 3816 3717 3863 κα-

2123 3893 2552 3967 τασημαίνονετος
2578 3889 2668 3967 ἦν,
2716 3895 2809 3948 καὶ⁸
2850 3891 3161 3959 ἐξιστάντος
3198 3892 3578 3963 ἀκαθαρσίας,
3615 3893 3729 3955 οὐκ⁴

2125 3987 2330 4060 ἀρετῆς
2372 3988 2577 4059 εἴδησιν
2622 3984 3063 4056 εἰσκομίζοντος,
3114 3984 3237 4039 οὐδὲ
3276 3984 3380 4055 τῆς
3427 3983 3721 4055 ἁκιὸδήλου

2128 4078 2276 4148 ζωῆς
2319 4074 2805 4145 καταφανεστάτην
2848 4076 2959 4138 τοῖς
3007 4073 3381 4145 ἀκροωμένοις
3439 4072 3728 4140 ποιοῦντος

437 4168 714 4236 ditoribus
761 4169 911 4235 fecit.
960 4168 1096 4224 Nam
1133 4168 1285 4224 istud
1330 4168 1575 4239 quidem,
1618 4184 1729 4223 non
1769 4177 2019 4239 oportere

2128 4167 2226 4239 τὴν
2249 4165 2471 4236 γνῶσιν.
2510 4165 2599 4228 Ὡς
2617 4164 2679 4218 τό
2694 4181 2777 4217 τοι
2807 4163 2883 4235 μὴ
2903 4164 3100 4236 χρῆναι
3130 4163 3199 4218 τὰ
3229 4162 3423 4235 αἰσχίω
3438 4163 3592 4236 δρᾷν,
3608 4166 3731 4229 τοῖς»

441 4261 621 4332 turpia
660 4259 865 4328 facere,
914 4260 1060 4328 inter
1102 4259 1500 4332 praestantioris
1533 4258 1661 4315 vita:
1705 4275 1892 4315 mores
1926 4276 2019 4315 an-

2130 4260 2228 4331 τῆς
2254 4256 2534 4330 ὲξαιρέτου
2565 4255 2840 4318 πολιτείας
2874 4255 3249 4328 ἐγγράφεσθαι
3288 4256 3510 4329 τρόποις
3532 4296 3546 4320 ,
3575 4256 3723 4323 ἀμα-

367 4401 374 4407 .
440 4369 733 4412 numerare
775 4354 1013 4421 stultum.
1040 4353 1145 4422 sit,
1176 4352 1393 4423 opinor.
1431 4354 1572 4410 Puto
1614 4359 1821 4418 autem,
1865 4351 2019 4423 idque

2133 4353 2225 4417 θὲς
2251 4347 2405 4423 οἶμαί
2427 4368 2550 4405 που.
2578 4350 2697 4414 Δεῖν
2721 4349 2778 4402 δὲ
2798 4342 2950 4420 οἶμαι
2978 4349 3074 4403 καὶ
3098 4348 3303 4419 σφόδρα
3327 4347 3575 4415 εἰκότως,
3598 4347 3730 4413 τότε

442 4446 588 4502 haud
617 4447 874 4512 absurde,
917 4446 992 4507 ita
1016 4446 1255 4518 denique
1277 4462 1496 4518 aequum
1527 4461 1649 4509 esse
1684 4453 1746 4501 ut
1789 4447 1846 4501 in
1881 4446 2019 4500 omni

2133 4442 2198 4515 δὴ
2247 4441 2398 4512 μόλις
2447 4441 2546 4518 τὴν
2593 4440 2680 4509 ἐφ’
2727 4438 2903 4503 ἅπασι
2944 4432 3057 4503 τοῖς
3108 4437 3523 4509 ἐπαινουμένοις
3572 4437 3723 4511 ἡμᾶς

444 4554 631 4596 rerum
670 4538 1066 4605 laudandarum
1110 4528 1310 4609 genere
1345 4528 1515 4599 nobis.
1548 4539 1843 4595 honestum
1879 4538 2019 4610 judi-

2136 4533 2443 4590 ἀναδεῖσθαι
2466 4532 2666 4604 ψῆφον,
2699 4533 2749 4594 εί
2776 4531 2842 4603 δὴ
2885 4530 3141 4602 μεθέντες
3173 4530 3270 4594 καὶ,
3295 4529 3620 4600 διωσάμενοι
3661 4528 3725 4581 τὸ

444 4630 594 4689 cium
609 4639 774 4701 atque
793 4632 1172 4703 comprobatio
1192 4631 1494 4699 deferatur,
1519 4631 1587 4698 si,
1612 4632 1765 4687 vitiis
1788 4630 2033 4687 dimissis

446 4739 511 4781 ac
553 4724 821 4795 repulsis,
864 4732 923 4779 et
958 4724 1311 4796 improbitate
1356 4732 1642 4796 superata,
1690 4723 2031 4795 impurisque

447 4814 750 4869 sceleribus
780 4814 1029 4884 abjectis,
1064 4815 1134 4869 ad
1171 4830 1448 4877 summum
1486 4825 1777 4886 postremo»
1810 4813 2034 4875 virtutis

449 4905 661 4976 apicem
721 4904 1226 4986 conscenderimus.
1299 4908 1489 4978 itaque
1554 4905 1821 4973 Dominus
1874 4905 2036 4963 Jesus

449 4996 703 5055 Christus
735 5014 749 5050 :
775 5016 794 5068 ι
817 4996 1014 5062 Amen,
1042 5012 1224 5063 amen,
1255 5017 1274 5048 ι
1303 4998 1501 5068 inquit,
1523 5018 1555 5059 ι,
1572 4999 1696 5066 dico
1722 4997 1902 5063 vobis,
1925 4996 2032 5051 nisi

450 5067 812 5151 abundavth
834 5086 1049 5161 justitia
1085 5096 1266 5151 vestra
1296 5067 1422 5158 plus
1442 5088 1948 5158 quamScriharum
1977 5094 2035 5140 ct

452 5182 885 5245 Pharisaeorum,
948 5194 1058 5235 non
1124 5177 1403 5233 intrabitis
1457 5178 1515 5232 in
1575 5194 1804 5249 regnum
1861 5178 2032 5234 cmlo-

455 5289 576 5328 rum
612 5275 680 5330 ⁸⁸.
731 5294 751 5327 ι
783 5270 1050 5344 lntelligis
1096 5269 1263 5343 igitur
1301 5269 1569 5342 justitiam
1602 5269 1695 5324 illa
1734 5269 1896 5342 legali
1935 5286 2033 5325 cx-

453 5366 828 5421 cellentiorem
882 5372 1214 5435 praeceptam
1266 5377 1389 5420 esse
1441 5378 1474 5419 a
1528 5362 1760 5417 Domino
1805 5369 1997 5417 nostro
2018 5402 2033 5427 ,

454 5471 686 5526 eamque
716 5470 841 5511 cum
876 5473 997 5513 esse
1043 5442 1553 5529 praestantissimam
1600 5453 1785 5519 sciret,
1833 5452 2038 5508 Paulus

458 5545 548 5600 ille
577 5545 795 5615 sapiens
823 5549 1048 5605 scribit:
1075 5567 1094 5601 ι
1123 5548 1181 5604 Si
1205 5549 1332 5619 quis
1349 5547 1491 5602 alius
1516 5546 1738 5602 videtur
1761 5544 2037 5599 conﬁdere

459 5637 514 5691 in
537 5651 723 5702 carne,
746 5652 849 5709 ego
878 5639 1068 5710 magis.
1096 5638 1467 5695 Circumcisus
1490 5646 1683 5694 octavo
1715 5636 1824 5703 die,
1856 5651 1923 5691 ex
1947 5650 2040 5707 ge-

2131 4628 2302 4683 κακὺν
2334 4627 2427 4680 καὶ¹
2469 4624 2619 4691 κάτω
2658 4641 2759 4687 που
2804 4623 2987 4695 μένειν
3013 4621 3243 4684 ἐῶντες,
3273 4619 3337 4685 τό
3361 4622 3420 4674 έν
3455 4618 3726 4690 ὑπολήψειι

2134 4698 2467 4790 φαυλότητος
2490 4718 2585 4772 καὶ
2609 4715 2836 4787 βεϐήλου
2863 4712 3145 4785 βδελυρίας
3160 4712 3260 4765 οὐκ
3277 4709 3724 4782 ἀπηλλαγμένον,

2134 4814 2220 4867 ἐπ’
2262 4810 2405 4866 αὑτά
2443 4810 2542 4877 τῆς
2589 4808 2793 4880 ἀρετῆς
2839 4803 3263 4877 ᾁναθρώσκομεν
3294 4805 3362 4858 τὰ
3403 4803 3723 4874 αὐχήματα,

2140 4905 2246 4960 Καὶ
2270 4900 2412 4972 γοῦν
2442 4902 2472 4954 ὁ
2499 4900 2706 4973 Κύριος
2733 4897 2890 4970 ἡμῶν
2927 4896 3135 4969 Ἰησοῦς
3160 4895 3425 4966 Χριστὸς,
3450 4915 3469 4947 ι
3527 4894 3723 4966 Ἀμὴν,

2139 4994 2286 5066 ἀμὴν
2300 4992 2444 5061 λέγω
2465 4992 2614 5062 ὑμῖν,
2641 4989 2736 5043 ἐὰν
2760 4989 2834 5060 μὴ
2859 4986 3226 5059 περισσεύσει,
3249 4986 3434 5057 φησὶν,
3461 4985 3495 5055 ή
3517 4983 3727 5037 δικαιο-

2142 5086 2276 5157 σύνη
2304 5083 2481 5154 ὑμῶν,
2520 5082 2682 5145 πλέον
2715 5079 2825 5144 τῶν
2851 5078 3231 5150 Γραμματέων
3271 5078 3365 5130 καὶ
3390 5075 3725 5149 Φαρισαίων,

2141 5179 2200 5231 οὐ
2246 5176 2321 5248 μὴ
2352 5174 2633 5246 εἰσέλθητε
2671 5173 2751 5237 εἰς
2782 5171 2881 5242 τὴν
2927 5169 3208 5242 βασιλείαν
3237 5169 3347 5234 τῶν
3384 5168 3649 5239 οὐρανῶν.
3699 5186 3722 5232 η

2142 5266 2336 5336 Συνίης
2366 5258 2461 5318 οὖν
2488 5264 2571 5316 ὅτι
2602 5263 2702 5333 τὴν
2731 5260 2992 5314 ἐπέκεινα
3014 5259 3112 5330 τῆς
3146 5259 3288 5312 κατὰ
3320 5259 3486 5330 νόμον
3510 5258 3726 5311 ἑλέσθαι

2142 5357 2489 5427 δικαιοσύνην
2518 5354 2881 5428 προστέταχεν
2909 5353 2939 5405 6
2968 5351 3180 5423 Σωτὴρ,
3208 5351 3301 5406 καὶ
3322 5350 3545 5423 ἄριστόν
3577 5368 3643 5419 γε
3665 5351 3728 5404 τὸ

2142 5452 2331 5524 χρῆμα
2359 5448 2515 5513 εἰδὼς
2551 5450 2581 5501 ὁ
2615 5446 2777 5516 σοφὸς
2805 5444 3007 5516 γράφει
3044 5443 3277 5507 Παῦλοςο
3316 5462 3334 5495 ι
3372 5442 3441 5497 Εἴ
3469 5460 3554 5506 τις
3577 5443 3731 5496 δοκεῖ

2143 5544 2302 5607 ἀλλος
2330 5540 2649 5596 πεποιθέναι
2695 5540 2754 5605 ἐν
2800 5537 2997 5609 σαρκὶ,
3031 5536 3143 5605 ἐγὼ
3184 5535 3403 5608 μᾶλλον.
3450 5534 3730 5606 Περιτομὴ

2146 5635 2509 5705 ὀκταήμερος,
2558 5631 2624 5684 ὲκ
2649 5629 2839 5697 γένους
2908 5626 3123 5699 Ἰσραὴλ
3145 5668 3159 5691 ,
3216 5625 3390 5695 φυλῆς
3442 5625 3730 5694 Βενιαμὶν,

529 5753 576 5824 ff
602 5751 835 5824 RomJ,
862 5752 951 5824 16,
992 5753 1079 5809 t7.
1161 5751 1401 5819 “una,
1451 5754 1515 5808 t7
1578 5769 1692 5824 seq.
1788 5753 1831 5785 ιτ
1867 5750 2034 5808 Hebr.
2083 5768 2136 5819 v,
2187 5749 2238 5806 t.
2335 5747 2563 5811 “Rom.
2601 5759 2681 5811 ιιι,
2737 5740 2943 5806 19ιὲοε
3020 5740 3065 5773 ⁸*
3098 5738 3270 5806 Exod.
3303 5753 3391 5804 xx.
3454 5737 3519 5793 i5
3568 5752 3723 5807 seqq.

459 5826 503 5869 ιθ
528 5822 723 5893 Matth.‘
736 5840 789 5885 ν,
814 5822 902 5879 20.
