  <div class='ocr_page' id='page_1' title='image "/cluster/home/n/w/nwhite01/storage/ocr_20150623/68/mdp.39015078384438/117.png"; bbox 0 0 4082 6304; ppageno 0'>
   <div class='ocr_carea' id='block_1_1' title="bbox 450 371 557 427">
    <p class='ocr_par' dir='ltr' id='par_1_1' title="bbox 450 371 557 427">
     <span class='ocr_line' id='line_1_1' title="bbox 450 371 557 427; baseline 0.028 -3"><span class='ocrx_word' id='word_1_1' title='bbox 450 371 557 427; x_wconf 71' lang='grc'>219</span> 
     </span>
    </p>
   </div>
   <div class='ocr_carea' id='block_1_2' title="bbox 1444 368 2696 431">
    <p class='ocr_par' dir='ltr' id='par_1_2' title="bbox 1444 368 2696 431">
     <span class='ocr_line' id='line_1_2' title="bbox 1444 368 2696 431; baseline 0.005 -6"><span class='ocrx_word' id='word_1_2' title='bbox 1444 368 1499 426; x_wconf 91' lang='lat' dir='ltr'><strong>S.</strong></span> <span class='ocrx_word' id='word_1_3' title='bbox 1543 369 1818 425; x_wconf 71' lang='lat' dir='ltr'><strong>CYRILLI</strong></span> <span class='ocrx_word' id='word_1_4' title='bbox 1854 370 2327 428; x_wconf 75' lang='lat' dir='ltr'><strong>ALEXANDRINI</strong></span> <span class='ocrx_word' id='word_1_5' title='bbox 2366 376 2696 431; x_wconf 71' lang='grc' dir='ltr'><strong>ΑιιοιιιΕΡ..</strong></span> 
     </span>
    </p>
   </div>
   <div class='ocr_carea' id='block_1_3' title="bbox 3626 371 3740 424">
    <p class='ocr_par' dir='ltr' id='par_1_3' title="bbox 3626 371 3740 424">
     <span class='ocr_line' id='line_1_3' title="bbox 3626 371 3740 424; baseline 0 0"><span class='ocrx_word' id='word_1_6' title='bbox 3626 371 3740 424; x_wconf 70' lang='lat'><strong>‘2“:0</strong></span> 
     </span>
    </p>
   </div>
   <div class='ocr_carea' id='block_1_4' title="bbox 454 474 3732 564">
    <p class='ocr_par' dir='ltr' id='par_1_4' title="bbox 454 486 3732 564">
     <span class='ocr_line' id='line_1_4' title="bbox 454 486 3732 564; baseline -0.001 -20"><span class='ocrx_word' id='word_1_7' title='bbox 454 491 511 544; x_wconf 91' lang='lat' dir='ltr'><strong>in</strong></span> <span class='ocrx_word' id='word_1_8' title='bbox 535 491 830 562; x_wconf 68' lang='lat' dir='ltr'><strong>praeputio;</strong></span> <span class='ocrx_word' id='word_1_9' title='bbox 854 489 1297 562; x_wconf 80' lang='lat' dir='ltr'><strong>justiﬁcatusque</strong></span> <span class='ocrx_word' id='word_1_10' title='bbox 1321 498 1408 545; x_wconf 93' lang='lat' dir='ltr'><strong>est</strong></span> <span class='ocrx_word' id='word_1_11' title='bbox 1436 489 1527 545; x_wconf 90' lang='lat' dir='ltr'><strong>ille</strong></span> <span class='ocrx_word' id='word_1_12' title='bbox 1554 499 1664 544; x_wconf 87' lang='lat' dir='ltr'><strong>n&#39;on</strong></span> <span class='ocrx_word' id='word_1_13' title='bbox 1691 506 1758 545; x_wconf 88' lang='lat' dir='ltr'><strong>ex</strong></span> <span class='ocrx_word' id='word_1_14' title='bbox 1777 491 2038 560; x_wconf 84' lang='lat' dir='ltr'><strong>operibus</strong></span> <span class='ocrx_word' id='word_1_15' title='bbox 2074 492 2244 563; x_wconf 88' lang='lat' dir='ltr'><strong>legis;</strong></span> <span class='ocrx_word' id='word_1_16' title='bbox 2314 502 2372 548; x_wconf 88' lang='lat' dir='ltr'><strong>et</strong></span> <span class='ocrx_word' id='word_1_17' title='bbox 2430 494 2658 564; x_wconf 81' lang='lat' dir='ltr'><strong>gloriam</strong></span> <span class='ocrx_word' id='word_1_18' title='bbox 2693 491 2816 547; x_wconf 82' lang='lat' dir='ltr'><strong>ﬁdei</strong></span> <span class='ocrx_word' id='word_1_19' title='bbox 2846 491 3170 546; x_wconf 75' lang='lat' dir='ltr'><strong>nobiliorem</strong></span> <span class='ocrx_word' id='word_1_20' title='bbox 3201 504 3322 545; x_wconf 84' lang='lat' dir='ltr'><strong>esse</strong></span> <span class='ocrx_word' id='word_1_21' title='bbox 3353 502 3516 558; x_wconf 80' lang='lat' dir='ltr'><strong>quam</strong></span> <span class='ocrx_word' id='word_1_22' title='bbox 3553 487 3644 540; x_wconf 71' lang='lat' dir='ltr'><strong>illa</strong></span> <span class='ocrx_word' id='word_1_23' title='bbox 3681 486 3732 541; x_wconf 87' lang='lat' dir='ltr'><strong>in</strong></span> 
     </span>
    </p>
   </div>
   <div class='ocr_carea' id='block_1_5' title="bbox 451 584 2546 660">
    <p class='ocr_par' dir='ltr' id='par_1_5' title="bbox 451 584 2546 660">
     <span class='ocr_line' id='line_1_5' title="bbox 451 584 2546 660; baseline 0.001 -21"><span class='ocrx_word' id='word_1_24' title='bbox 451 598 618 640; x_wconf 89' lang='lat' dir='ltr'><strong>carne</strong></span> <span class='ocrx_word' id='word_1_25' title='bbox 653 584 1023 649; x_wconf 88' lang='lat' dir='ltr'><strong>circumcisio,</strong></span> <span class='ocrx_word' id='word_1_26' title='bbox 1065 585 1420 657; x_wconf 90' lang='lat' dir='ltr'><strong>perspicuum</strong></span> <span class='ocrx_word' id='word_1_27' title='bbox 1462 591 1567 650; x_wconf 90' lang='lat' dir='ltr'><strong>est,</strong></span> <span class='ocrx_word' id='word_1_28' title='bbox 1602 584 1814 639; x_wconf 89' lang='lat' dir='ltr'><strong>amicus</strong></span> <span class='ocrx_word' id='word_1_29' title='bbox 1837 586 2040 656; x_wconf 87' lang='lat' dir='ltr'><strong>quippe</strong></span> <span class='ocrx_word' id='word_1_30' title='bbox 2078 587 2176 642; x_wconf 91' lang='lat' dir='ltr'><strong>Dei</strong></span> <span class='ocrx_word' id='word_1_31' title='bbox 2223 587 2546 660; x_wconf 86' lang='lat' dir='ltr'><strong>appellatus.</strong></span> 
     </span>
    </p>
   </div>
   <div class='ocr_carea' id='block_1_6' title="bbox 523 674 2044 752">
    <p class='ocr_par' dir='ltr' id='par_1_6' title="bbox 523 675 2037 749">
     <span class='ocr_line' id='line_1_6' title="bbox 523 675 2037 749; baseline 0.003 -19"><span class='ocrx_word' id='word_1_32' title='bbox 523 675 720 730; x_wconf 86' lang='lat' dir='ltr'><strong>PALL.</strong></span> <span class='ocrx_word' id='word_1_33' title='bbox 753 676 896 744; x_wconf 90' lang='lat' dir='ltr'><strong>Quid</strong></span> <span class='ocrx_word' id='word_1_34' title='bbox 929 678 1094 749; x_wconf 93' lang='lat' dir='ltr'><strong>igitur</strong></span> <span class='ocrx_word' id='word_1_35' title='bbox 1123 693 1303 733; x_wconf 67' lang='lat' dir='ltr'><strong>causae</strong></span> <span class='ocrx_word' id='word_1_36' title='bbox 1337 677 1440 732; x_wconf 81' lang='lat' dir='ltr'><strong>fuit</strong></span> <span class='ocrx_word' id='word_1_37' title='bbox 1484 693 1585 732; x_wconf 92' lang='lat' dir='ltr'><strong>cur</strong></span> <span class='ocrx_word' id='word_1_38' title='bbox 1626 679 1818 733; x_wconf 87' lang='lat' dir='ltr'><strong>tandiu</strong></span> <span class='ocrx_word' id='word_1_39' title='bbox 1851 679 1940 734; x_wconf 89' lang='lat' dir='ltr'><strong>illa</strong></span> <span class='ocrx_word' id='word_1_40' title='bbox 1969 695 2037 734; x_wconf 87' lang='lat' dir='ltr'><strong>ex</strong></span> 
     </span>
    </p>
   </div>
   <div class='ocr_carea' id='block_1_7' title="bbox 2149 674 3736 752">
    <p class='ocr_par' dir='ltr' id='par_1_7' title="bbox 2211 674 3736 752">
     <span class='ocr_line' id='line_1_7' title="bbox 2211 674 3736 752; baseline -0.005 -19"><span class='ocrx_word' id='word_1_41' title='bbox 2211 681 2422 734; x_wconf 79' lang='lat' dir='ltr'><strong>HAAA.</strong></span> <span class='ocrx_word' id='word_1_42' title='bbox 2458 680 2554 744; x_wconf 87' lang='grc' dir='ltr'><strong>Τίς</strong></span> <span class='ocrx_word' id='word_1_43' title='bbox 2574 675 2724 752; x_wconf 85' lang='grc' dir='ltr'><strong>οὗνὴ</strong></span> <span class='ocrx_word' id='word_1_44' title='bbox 2759 678 3016 750; x_wconf 80' lang='grc' dir='ltr'><strong>μέλλησις</strong></span> <span class='ocrx_word' id='word_1_45' title='bbox 3049 677 3145 731; x_wconf 86' lang='grc' dir='ltr'><strong>τοῦ</strong></span> <span class='ocrx_word' id='word_1_46' title='bbox 3188 675 3329 731; x_wconf 85' lang='grc' dir='ltr'>κατὰ</span> <span class='ocrx_word' id='word_1_47' title='bbox 3361 675 3545 729; x_wconf 84' lang='grc' dir='ltr'>πίστιν</span> <span class='ocrx_word' id='word_1_48' title='bbox 3578 674 3736 740; x_wconf 77' lang='grc' dir='ltr'>ἁγια-</span> 
     </span>
    </p>
   </div>
   <div class='ocr_carea' id='block_1_8' title="bbox 453 765 2037 836">
    <p class='ocr_par' dir='ltr' id='par_1_8' title="bbox 453 765 2037 836">
     <span class='ocr_line' id='line_1_8' title="bbox 453 765 2037 836; baseline 0.008 -16"><span class='ocrx_word' id='word_1_49' title='bbox 453 765 560 820; x_wconf 85' lang='lat' dir='ltr'><strong>ﬁde</strong></span> <span class='ocrx_word' id='word_1_50' title='bbox 590 768 950 823; x_wconf 86' lang='lat' dir='ltr'><strong>sanctiﬁcatio</strong></span> <span class='ocrx_word' id='word_1_51' title='bbox 979 778 1306 836; x_wconf 78' lang='lat' dir='ltr'><strong>moraretur,</strong></span> <span class='ocrx_word' id='word_1_52' title='bbox 1336 787 1447 825; x_wconf 92' lang='lat' dir='ltr'><strong>non</strong></span> <span class='ocrx_word' id='word_1_53' title='bbox 1479 773 1716 831; x_wconf 85' lang='lat' dir='ltr'><strong>absurde</strong></span> <span class='ocrx_word' id='word_1_54' title='bbox 1747 777 2037 833; x_wconf 87' lang='lat' dir='ltr'><strong>addubita-</strong></span> 
     </span>
    </p>
   </div>
   <div class='ocr_carea' id='block_1_9' title="bbox 451 857 2040 941">
    <p class='ocr_par' dir='ltr' id='par_1_9' title="bbox 451 857 2040 941">
     <span class='ocr_line' id='line_1_9' title="bbox 451 857 2040 941; baseline 0.009 -29"><span class='ocrx_word' id='word_1_55' title='bbox 451 857 656 926; x_wconf 88' lang='lat' dir='ltr'><strong>verim;</strong></span> <span class='ocrx_word' id='word_1_56' title='bbox 682 875 870 930; x_wconf 65' lang='lat' dir='ltr'><strong>quaero</strong></span> <span class='ocrx_word' id='word_1_57' title='bbox 894 862 1042 916; x_wconf 91' lang='lat' dir='ltr'><strong>enim</strong></span> <span class='ocrx_word' id='word_1_58' title='bbox 1073 878 1181 933; x_wconf 87' lang='lat' dir='ltr'><strong>qua</strong></span> <span class='ocrx_word' id='word_1_59' title='bbox 1205 863 1272 918; x_wconf 91' lang='lat' dir='ltr'><strong>de</strong></span> <span class='ocrx_word' id='word_1_60' title='bbox 1300 879 1464 919; x_wconf 86' lang='lat' dir='ltr'><strong>causa</strong></span> <span class='ocrx_word' id='word_1_61' title='bbox 1490 865 1704 936; x_wconf 88' lang='lat' dir='ltr'><strong>signum</strong></span> <span class='ocrx_word' id='word_1_62' title='bbox 1735 869 1913 941; x_wconf 90' lang='lat' dir='ltr'><strong>ipsum</strong></span> <span class='ocrx_word' id='word_1_63' title='bbox 1943 888 2040 927; x_wconf 87' lang='lat' dir='ltr'><strong>an-</strong></span> 
     </span>
    </p>
   </div>
   <div class='ocr_carea' id='block_1_10' title="bbox 454 949 2039 1029">
    <p class='ocr_par' dir='ltr' id='par_1_10' title="bbox 454 949 2039 1029">
     <span class='ocr_line' id='line_1_10' title="bbox 454 949 2039 1029; baseline 0.011 -27"><span class='ocrx_word' id='word_1_64' title='bbox 454 949 682 1020; x_wconf 90' lang='lat' dir='ltr'><strong>tiquiori</strong></span> <span class='ocrx_word' id='word_1_65' title='bbox 733 952 804 1006; x_wconf 91' lang='lat' dir='ltr'><strong>sit</strong></span> <span class='ocrx_word' id='word_1_66' title='bbox 848 953 1042 1009; x_wconf 88' lang='lat' dir='ltr'><strong>ordine</strong></span> <span class='ocrx_word' id='word_1_67' title='bbox 1087 955 1436 1024; x_wconf 87' lang='lat' dir='ltr'><strong>collocatum,</strong></span> <span class='ocrx_word' id='word_1_68' title='bbox 1485 961 1776 1029; x_wconf 82' lang='lat' dir='ltr'><strong>posteriori</strong></span> <span class='ocrx_word' id='word_1_69' title='bbox 1823 979 1954 1019; x_wconf 87' lang='lat' dir='ltr'><strong>vero</strong></span> <span class='ocrx_word' id='word_1_70' title='bbox 1984 963 2039 1020; x_wconf 87' lang='lat' dir='ltr'><strong>id</strong></span> 
     </span>
    </p>
   </div>
   <div class='ocr_carea' id='block_1_11' title="bbox 455 1042 1141 1112">
    <p class='ocr_par' dir='ltr' id='par_1_11' title="bbox 455 1042 1141 1112">
     <span class='ocr_line' id='line_1_11' title="bbox 455 1042 1141 1112; baseline 0.007 -17"><span class='ocrx_word' id='word_1_71' title='bbox 455 1042 602 1110; x_wconf 89' lang='lat' dir='ltr'><strong>quod</strong></span> <span class='ocrx_word' id='word_1_72' title='bbox 637 1044 989 1112; x_wconf 79' lang='lat' dir='ltr'><strong>przestantius</strong></span> <span class='ocrx_word' id='word_1_73' title='bbox 1020 1045 1141 1101; x_wconf 82' lang='lat' dir='ltr'><strong>est?</strong></span> 
     </span>
    </p>
   </div>
   <div class='ocr_carea' id='block_1_12' title="bbox 526 1133 2037 1203">
    <p class='ocr_par' dir='ltr' id='par_1_12' title="bbox 526 1133 2037 1203">
     <span class='ocr_line' id='line_1_12' title="bbox 526 1133 2037 1203; baseline 0.009 -15"><span class='ocrx_word' id='word_1_74' title='bbox 526 1133 685 1189; x_wconf 80' lang='lat' dir='ltr'><strong>CYR.</strong></span> <span class='ocrx_word' id='word_1_75' title='bbox 717 1133 860 1201; x_wconf 87' lang='lat' dir='ltr'><strong>Quid</strong></span> <span class='ocrx_word' id='word_1_76' title='bbox 907 1137 1078 1203; x_wconf 92' lang='lat' dir='ltr'><strong>enim,</strong></span> <span class='ocrx_word' id='word_1_77' title='bbox 1110 1154 1294 1195; x_wconf 88' lang='lat' dir='ltr'><strong>nonne</strong></span> <span class='ocrx_word' id='word_1_78' title='bbox 1337 1139 1577 1198; x_wconf 85' lang='lat' dir='ltr'><strong>diximus</strong></span> <span class='ocrx_word' id='word_1_79' title='bbox 1607 1143 1772 1199; x_wconf 91' lang='lat' dir='ltr'><strong>modo</strong></span> <span class='ocrx_word' id='word_1_80' title='bbox 1798 1145 2037 1202; x_wconf 88' lang='lat' dir='ltr'><strong>admira-</strong></span> 
     </span>
    </p>
   </div>
   <div class='ocr_carea' id='block_1_13' title="bbox 454 1225 2040 1310">
    <p class='ocr_par' dir='ltr' id='par_1_13' title="bbox 454 1225 2040 1310">
     <span class='ocr_line' id='line_1_13' title="bbox 454 1225 2040 1310; baseline 0.011 -30"><span class='ocrx_word' id='word_1_81' title='bbox 454 1225 667 1283; x_wconf 90' lang='lat' dir='ltr'><strong>bilioris</strong></span> <span class='ocrx_word' id='word_1_82' title='bbox 715 1229 1001 1301; x_wconf 85' lang='lat' dir='ltr'><strong>cujusdam</strong></span> <span class='ocrx_word' id='word_1_83' title='bbox 1046 1238 1211 1301; x_wconf 84' lang='lat' dir='ltr'><strong>atque</strong></span> <span class='ocrx_word' id='word_1_84' title='bbox 1251 1233 1592 1290; x_wconf 89' lang='lat' dir='ltr'><strong>sublimioris</strong></span> <span class='ocrx_word' id='word_1_85' title='bbox 1632 1237 1847 1295; x_wconf 89' lang='lat' dir='ltr'><strong>artiﬁcii</strong></span> <span class='ocrx_word' id='word_1_86' title='bbox 1901 1256 2040 1310; x_wconf 82' lang='lat' dir='ltr'><strong>opus</strong></span> 
     </span>
    </p>
   </div>
   <div class='ocr_carea' id='block_1_14' title="bbox 453 1317 2037 1390">
    <p class='ocr_par' dir='ltr' id='par_1_14' title="bbox 453 1317 2037 1390">
     <span class='ocr_line' id='line_1_14' title="bbox 453 1317 2037 1390; baseline 0.009 -18"><span class='ocrx_word' id='word_1_87' title='bbox 453 1317 624 1374; x_wconf 78' lang='lat' dir='ltr'><strong>fuisse</strong></span> <span class='ocrx_word' id='word_1_88' title='bbox 657 1327 720 1373; x_wconf 90' lang='lat' dir='ltr'><strong>ut</strong></span> <span class='ocrx_word' id='word_1_89' title='bbox 748 1320 855 1384; x_wconf 85' lang='lat' dir='ltr'><strong>lex,</strong></span> <span class='ocrx_word' id='word_1_90' title='bbox 891 1337 1014 1390; x_wconf 72' lang='lat' dir='ltr'><strong>qua:</strong></span> <span class='ocrx_word' id='word_1_91' title='bbox 1053 1323 1468 1390; x_wconf 83' lang='lat' dir='ltr'><strong>condemnaret,</strong></span> <span class='ocrx_word' id='word_1_92' title='bbox 1500 1336 1869 1385; x_wconf 86' lang='lat' dir='ltr'><strong>anteverteret</strong></span> <span class='ocrx_word' id='word_1_93' title='bbox 1897 1339 2037 1386; x_wconf 89' lang='lat' dir='ltr'><strong>tem-</strong></span> 
     </span>
    </p>
   </div>
   <div class='ocr_carea' id='block_1_15' title="bbox 453 1410 2041 1485">
    <p class='ocr_par' dir='ltr' id='par_1_15' title="bbox 453 1410 2041 1485">
     <span class='ocr_line' id='line_1_15' title="bbox 453 1410 2041 1485; baseline 0.009 -23"><span class='ocrx_word' id='word_1_94' title='bbox 453 1411 604 1479; x_wconf 87' lang='lat' dir='ltr'><strong>poris</strong></span> <span class='ocrx_word' id='word_1_95' title='bbox 632 1411 825 1466; x_wconf 89' lang='lat' dir='ltr'><strong>ordine</strong></span> <span class='ocrx_word' id='word_1_96' title='bbox 850 1410 1013 1467; x_wconf 89' lang='lat' dir='ltr'><strong>ﬁdem</strong></span> <span class='ocrx_word' id='word_1_97' title='bbox 1050 1429 1173 1484; x_wconf 63' lang='lat' dir='ltr'><strong>qua:</strong></span> <span class='ocrx_word' id='word_1_98' title='bbox 1197 1415 1562 1485; x_wconf 88' lang='lat' dir='ltr'><strong>justiﬁcaret?</strong></span> <span class='ocrx_word' id='word_1_99' title='bbox 1586 1434 1769 1475; x_wconf 91' lang='lat' dir='ltr'><strong>nonne</strong></span> <span class='ocrx_word' id='word_1_100' title='bbox 1790 1437 1922 1476; x_wconf 91' lang='lat' dir='ltr'><strong>vero</strong></span> <span class='ocrx_word' id='word_1_101' title='bbox 1945 1423 2041 1477; x_wconf 82' lang='lat' dir='ltr'><strong>lux</strong></span> 
     </span>
    </p>
   </div>
   <div class='ocr_carea' id='block_1_16' title="bbox 453 1502 2038 1582">
    <p class='ocr_par' dir='ltr' id='par_1_16' title="bbox 453 1502 2038 1582">
     <span class='ocr_line' id='line_1_16' title="bbox 453 1502 2038 1582; baseline 0.013 -26"><span class='ocrx_word' id='word_1_102' title='bbox 453 1502 509 1556; x_wconf 92' lang='lat' dir='ltr'><strong>in</strong></span> <span class='ocrx_word' id='word_1_103' title='bbox 541 1504 782 1560; x_wconf 83' lang='lat' dir='ltr'><strong>tenebris</strong></span> <span class='ocrx_word' id='word_1_104' title='bbox 826 1506 976 1562; x_wconf 91' lang='lat' dir='ltr'><strong>lucet</strong></span> <span class='ocrx_word' id='word_1_105' title='bbox 1022 1507 1103 1561; x_wconf 73' lang='lat'><strong>&#39;7?</strong></span> <span class='ocrx_word' id='word_1_106' title='bbox 1133 1508 1311 1564; x_wconf 89' lang='lat' dir='ltr'><strong>virtus</strong></span> <span class='ocrx_word' id='word_1_107' title='bbox 1357 1526 1577 1582; x_wconf 89' lang='lat' dir='ltr'><strong>quoque</strong></span> <span class='ocrx_word' id='word_1_108' title='bbox 1620 1513 1678 1568; x_wconf 91' lang='lat' dir='ltr'><strong>in</strong></span> <span class='ocrx_word' id='word_1_109' title='bbox 1720 1514 2038 1575; x_wconf 80' lang='lat' dir='ltr'><strong>Inﬁrmitate</strong></span> 
     </span>
    </p>
   </div>
   <div class='ocr_carea' id='block_1_17' title="bbox 452 1594 1389 1669">
    <p class='ocr_par' dir='ltr' id='par_1_17' title="bbox 452 1594 1389 1669">
     <span class='ocr_line' id='line_1_17' title="bbox 452 1594 1389 1669; baseline 0.007 -21"><span class='ocrx_word' id='word_1_110' title='bbox 452 1594 754 1664; x_wconf 88' lang='lat' dir='ltr'><strong>perﬁcitur,</strong></span> <span class='ocrx_word' id='word_1_111' title='bbox 782 1607 843 1653; x_wconf 92' lang='lat' dir='ltr'><strong>ut</strong></span> <span class='ocrx_word' id='word_1_112' title='bbox 867 1599 1128 1669; x_wconf 87' lang='lat' dir='ltr'><strong>scriptum</strong></span> <span class='ocrx_word' id='word_1_113' title='bbox 1160 1611 1245 1658; x_wconf 89' lang='lat' dir='ltr'><strong>est</strong></span> <span class='ocrx_word' id='word_1_114' title='bbox 1287 1601 1389 1655; x_wconf 70' lang='lat'><strong>&quot;&#39;1&#39;</strong></span> 
     </span>
    </p>
   </div>
   <div class='ocr_carea' id='block_1_18' title="bbox 522 1685 1114 1746">
    <p class='ocr_par' dir='ltr' id='par_1_18' title="bbox 522 1685 1114 1746">
     <span class='ocr_line' id='line_1_18' title="bbox 522 1685 1114 1746; baseline 0.01 -6"><span class='ocrx_word' id='word_1_115' title='bbox 522 1685 720 1741; x_wconf 82' lang='lat' dir='ltr'><strong>PALL.</strong></span> <span class='ocrx_word' id='word_1_116' title='bbox 757 1688 926 1745; x_wconf 84' lang='lat' dir='ltr'><strong>Recte</strong></span> <span class='ocrx_word' id='word_1_117' title='bbox 955 1690 1114 1746; x_wconf 91' lang='lat' dir='ltr'><strong>dicis.</strong></span> 
     </span>
    </p>
   </div>
   <div class='ocr_carea' id='block_1_19' title="bbox 521 1773 2039 1864">
    <p class='ocr_par' dir='ltr' id='par_1_19' title="bbox 521 1773 2039 1864">
     <span class='ocr_line' id='line_1_19' title="bbox 521 1773 2039 1864; baseline 0.014 -34"><span class='ocrx_word' id='word_1_118' title='bbox 521 1773 680 1831; x_wconf 82' lang='lat' dir='ltr'><strong>CYR.</strong></span> <span class='ocrx_word' id='word_1_119' title='bbox 712 1778 884 1850; x_wconf 89' lang='lat' dir='ltr'><strong>Igitur</strong></span> <span class='ocrx_word' id='word_1_120' title='bbox 911 1781 1000 1836; x_wconf 89' lang='lat' dir='ltr'><strong>lex</strong></span> <span class='ocrx_word' id='word_1_121' title='bbox 1029 1783 1364 1840; x_wconf 85' lang='lat' dir='ltr'><strong>subintravit</strong></span> <span class='ocrx_word' id='word_1_122' title='bbox 1405 1795 1465 1841; x_wconf 92' lang='lat' dir='ltr'><strong>ut</strong></span> <span class='ocrx_word' id='word_1_123' title='bbox 1492 1787 1800 1847; x_wconf 84' lang='lat' dir='ltr'><strong>abundaret</strong></span> <span class='ocrx_word' id='word_1_124' title='bbox 1840 1809 2039 1864; x_wconf 78' lang='lat' dir='ltr'><strong>pecca-</strong></span> 
     </span>
    </p>
   </div>
   <div class='ocr_carea' id='block_1_20' title="bbox 453 1865 2034 1949">
    <p class='ocr_par' dir='ltr' id='par_1_20' title="bbox 453 1865 2034 1949">
     <span class='ocr_line' id='line_1_20' title="bbox 453 1865 2034 1949; baseline 0.013 -29"><span class='ocrx_word' id='word_1_125' title='bbox 453 1873 592 1920; x_wconf 88' lang='lat' dir='ltr'><strong>tum.</strong></span> <span class='ocrx_word' id='word_1_126' title='bbox 629 1865 733 1922; x_wconf 91' lang='lat' dir='ltr'><strong>Ubi</strong></span> <span class='ocrx_word' id='word_1_127' title='bbox 771 1868 920 1924; x_wconf 90' lang='lat' dir='ltr'><strong>enim</strong></span> <span class='ocrx_word' id='word_1_128' title='bbox 966 1887 1078 1926; x_wconf 89' lang='lat' dir='ltr'><strong>non</strong></span> <span class='ocrx_word' id='word_1_129' title='bbox 1130 1881 1214 1928; x_wconf 88' lang='lat' dir='ltr'><strong>est</strong></span> <span class='ocrx_word' id='word_1_130' title='bbox 1261 1875 1369 1941; x_wconf 88' lang='lat' dir='ltr'><strong>lex,</strong></span> <span class='ocrx_word' id='word_1_131' title='bbox 1406 1874 1585 1948; x_wconf 72' lang='lat' dir='ltr'><strong>neque</strong></span> <span class='ocrx_word' id='word_1_132' title='bbox 1614 1883 1988 1949; x_wconf 71' lang='lat' dir='ltr'><strong>praevaricatio</strong></span> <span class='ocrx_word' id='word_1_133' title='bbox 2020 1905 2034 1940; x_wconf 93' lang='lat'><strong>:</strong></span> 
     </span>
    </p>
   </div>
   <div class='ocr_carea' id='block_1_21' title="bbox 452 1957 2034 2044">
    <p class='ocr_par' dir='ltr' id='par_1_21' title="bbox 452 1957 2034 2044">
     <span class='ocr_line' id='line_1_21' title="bbox 452 1957 2034 2044; baseline 0.013 -35"><span class='ocrx_word' id='word_1_134' title='bbox 452 1957 922 2026; x_wconf 57' lang='lat' dir='ltr'><strong>praevaricationis</strong></span> <span class='ocrx_word' id='word_1_135' title='bbox 939 1971 1124 2018; x_wconf 85' lang='lat' dir='ltr'><strong>autem</strong></span> <span class='ocrx_word' id='word_1_136' title='bbox 1144 1973 1201 2020; x_wconf 91' lang='lat' dir='ltr'><strong>et</strong></span> <span class='ocrx_word' id='word_1_137' title='bbox 1219 1965 1357 2037; x_wconf 86' lang='lat' dir='ltr'><strong>ejus,</strong></span> <span class='ocrx_word' id='word_1_138' title='bbox 1377 1983 1500 2038; x_wconf 63' lang='lat' dir='ltr'><strong>quae</strong></span> <span class='ocrx_word' id='word_1_139' title='bbox 1518 1970 1587 2024; x_wconf 90' lang='lat' dir='ltr'><strong>ad</strong></span> <span class='ocrx_word' id='word_1_140' title='bbox 1605 1971 1745 2027; x_wconf 92' lang='lat' dir='ltr'><strong>hanc</strong></span> <span class='ocrx_word' id='word_1_141' title='bbox 1761 1975 2034 2044; x_wconf 88' lang='lat' dir='ltr'><strong>perducit,</strong></span> 
     </span>
    </p>
   </div>
   <div class='ocr_carea' id='block_1_22' title="bbox 2149 765 3736 844">
    <p class='ocr_par' dir='ltr' id='par_1_22' title="bbox 2149 765 3736 844">
     <span class='ocr_line' id='line_1_22' title="bbox 2149 765 3736 844; baseline -0.006 -18"><span class='ocrx_word' id='word_1_142' title='bbox 2149 773 2310 844; x_wconf 88' lang='grc' dir='ltr'>σμοῦ,</span> <span class='ocrx_word' id='word_1_143' title='bbox 2338 774 2587 844; x_wconf 79' lang='grc' dir='ltr'>ἐπαπορή</span> <span class='ocrx_word' id='word_1_144' title='bbox 2597 791 2751 844; x_wconf 79' lang='grc' dir='ltr'>σαιμι</span> <span class='ocrx_word' id='word_1_145' title='bbox 2770 773 2816 825; x_wconf 81' lang='grc' dir='ltr'>δ’</span> <span class='ocrx_word' id='word_1_146' title='bbox 2832 771 2899 826; x_wconf 78' lang='grc' dir='ltr'>ἂν</span> <span class='ocrx_word' id='word_1_147' title='bbox 2919 771 3163 836; x_wconf 81' lang='grc' dir='ltr'><strong>εἰκότως,</strong></span> <span class='ocrx_word' id='word_1_148' title='bbox 3185 769 3302 823; x_wconf 84' lang='grc' dir='ltr'>ἀνθ’</span> <span class='ocrx_word' id='word_1_149' title='bbox 3323 769 3444 821; x_wconf 85' lang='grc' dir='ltr'>ὃτου</span> <span class='ocrx_word' id='word_1_150' title='bbox 3470 767 3534 838; x_wconf 84' lang='grc' dir='ltr'>δὴ</span> <span class='ocrx_word' id='word_1_151' title='bbox 3555 765 3736 833; x_wconf 72' lang='grc' dir='ltr'>λέγων</span> 
     </span>
    </p>
   </div>
   <div class='ocr_carea' id='block_1_23' title="bbox 2145 858 3731 938">
    <p class='ocr_par' dir='ltr' id='par_1_23' title="bbox 2145 858 3731 938">
     <span class='ocr_line' id='line_1_23' title="bbox 2145 858 3731 938; baseline -0.008 -16"><span class='ocrx_word' id='word_1_152' title='bbox 2145 866 2220 930; x_wconf 84' lang='grc' dir='ltr'>ὡς</span> <span class='ocrx_word' id='word_1_153' title='bbox 2245 868 2303 920; x_wconf 84' lang='grc' dir='ltr'><strong>ἐν</strong></span> <span class='ocrx_word' id='word_1_154' title='bbox 2333 866 2679 938; x_wconf 77' lang='grc' dir='ltr'>πρεσὸυτέρᾳ</span> <span class='ocrx_word' id='word_1_155' title='bbox 2707 863 2854 918; x_wconf 87' lang='grc' dir='ltr'>θέσει</span> <span class='ocrx_word' id='word_1_156' title='bbox 2883 863 2940 918; x_wconf 76' lang='grc' dir='ltr'>τὸ</span> <span class='ocrx_word' id='word_1_157' title='bbox 2971 866 3196 935; x_wconf 82' lang='grc' dir='ltr'>σημεῖον</span> <span class='ocrx_word' id='word_1_158' title='bbox 3230 861 3326 916; x_wconf 75' lang='grc' dir='ltr'>καὶ</span> <span class='ocrx_word' id='word_1_159' title='bbox 3355 860 3431 924; x_wconf 85' lang='grc' dir='ltr'>ὠς</span> <span class='ocrx_word' id='word_1_160' title='bbox 3467 861 3523 912; x_wconf 86' lang='grc' dir='ltr'><strong>ἐν</strong></span> <span class='ocrx_word' id='word_1_161' title='bbox 3551 858 3731 912; x_wconf 82' lang='grc' dir='ltr'>δευτέ-</span> 
     </span>
    </p>
   </div>
   <div class='ocr_carea' id='block_1_24' title="bbox 2149 957 2757 1031">
    <p class='ocr_par' dir='ltr' id='par_1_24' title="bbox 2149 957 2757 1031">
     <span class='ocr_line' id='line_1_24' title="bbox 2149 957 2757 1031; baseline -0.003 -19"><span class='ocrx_word' id='word_1_162' title='bbox 2149 975 2264 1029; x_wconf 86' lang='grc' dir='ltr'>ροις</span> <span class='ocrx_word' id='word_1_163' title='bbox 2289 958 2351 1012; x_wconf 83' lang='grc' dir='ltr'>τὸ</span> <span class='ocrx_word' id='word_1_164' title='bbox 2383 959 2580 1031; x_wconf 71' lang='grc' dir='ltr'>ὑπερτε</span> <span class='ocrx_word' id='word_1_165' title='bbox 2593 957 2716 1030; x_wconf 81' lang='grc' dir='ltr'>ροῦν</span> <span class='ocrx_word' id='word_1_166' title='bbox 2742 976 2757 1026; x_wconf 92' lang='lat'><strong>;</strong></span> 
     </span>
    </p>
   </div>
   <div class='ocr_carea' id='block_1_25' title="bbox 2218 1133 3732 1213">
    <p class='ocr_par' dir='ltr' id='par_1_25' title="bbox 2218 1133 3732 1213">
     <span class='ocr_line' id='line_1_25' title="bbox 2218 1133 3732 1213; baseline -0.007 -18"><span class='ocrx_word' id='word_1_167' title='bbox 2218 1140 2376 1195; x_wconf 83' lang='grc' dir='ltr'>ΚΥΡ.</span> <span class='ocrx_word' id='word_1_168' title='bbox 2417 1141 2492 1196; x_wconf 85' lang='lat'><em>06</em></span> <span class='ocrx_word' id='word_1_169' title='bbox 2527 1141 2636 1212; x_wconf 81' lang='grc' dir='ltr'><strong>γὰρ</strong></span> <span class='ocrx_word' id='word_1_170' title='bbox 2668 1141 2880 1213; x_wconf 72' lang='grc' dir='ltr'>ἔφαμεν</span> <span class='ocrx_word' id='word_1_171' title='bbox 2908 1141 3110 1213; x_wconf 77' lang='grc' dir='ltr'><strong>ἀρτίως</strong></span> <span class='ocrx_word' id='word_1_172' title='bbox 3157 1140 3233 1203; x_wconf 80' lang='grc' dir='ltr'>ὡς</span> <span class='ocrx_word' id='word_1_173' title='bbox 3263 1137 3592 1206; x_wconf 83' lang='grc' dir='ltr'>άξιαγάστου</span> <span class='ocrx_word' id='word_1_174' title='bbox 3634 1133 3732 1186; x_wconf 71' lang='grc' dir='ltr'>καὶ</span> 
     </span>
    </p>
   </div>
   <div class='ocr_carea' id='block_1_26' title="bbox 2145 1223 3731 1303">
    <p class='ocr_par' dir='ltr' id='par_1_26' title="bbox 2145 1223 3731 1303">
     <span class='ocr_line' id='line_1_26' title="bbox 2145 1223 3731 1303; baseline -0.005 -18"><span class='ocrx_word' id='word_1_175' title='bbox 2145 1230 2458 1302; x_wconf 72' lang='grc' dir='ltr'><strong>ἀπορρήτου</strong></span> <span class='ocrx_word' id='word_1_176' title='bbox 2486 1231 2631 1296; x_wconf 81' lang='grc' dir='ltr'>τινὸς</span> <span class='ocrx_word' id='word_1_177' title='bbox 2669 1232 2950 1303; x_wconf 82' lang='grc' dir='ltr'>εὐτεχνίας</span> <span class='ocrx_word' id='word_1_178' title='bbox 2981 1231 3143 1303; x_wconf 78' lang='grc' dir='ltr'>ἔργον</span> <span class='ocrx_word' id='word_1_179' title='bbox 3173 1225 3244 1301; x_wconf 76' lang='grc' dir='ltr'>ἦν</span> <span class='ocrx_word' id='word_1_180' title='bbox 3281 1229 3343 1281; x_wconf 85' lang='grc' dir='ltr'>τὸ</span> <span class='ocrx_word' id='word_1_181' title='bbox 3374 1223 3731 1300; x_wconf 77' lang='grc' dir='ltr'>προαναθρώ-</span> 
     </span>
    </p>
   </div>
   <div class='ocr_carea' id='block_1_27' title="bbox 2149 1317 3729 1394">
    <p class='ocr_par' dir='ltr' id='par_1_27' title="bbox 2149 1317 3729 1394">
     <span class='ocr_line' id='line_1_27' title="bbox 2149 1317 3729 1394; baseline -0.005 -18"><span class='ocrx_word' id='word_1_182' title='bbox 2149 1338 2300 1376; x_wconf 78' lang='grc' dir='ltr'>σκειν</span> <span class='ocrx_word' id='word_1_183' title='bbox 2334 1325 2391 1376; x_wconf 87' lang='grc' dir='ltr'><strong>ἐν</strong></span> <span class='ocrx_word' id='word_1_184' title='bbox 2419 1323 2597 1394; x_wconf 82' lang='grc' dir='ltr'>χρόνῳ</span> <span class='ocrx_word' id='word_1_185' title='bbox 2627 1323 2728 1394; x_wconf 78' lang='grc' dir='ltr'>τῆς</span> <span class='ocrx_word' id='word_1_186' title='bbox 2753 1323 3068 1394; x_wconf 88' lang='grc' dir='ltr'>δικαιούσης</span> <span class='ocrx_word' id='word_1_187' title='bbox 3088 1323 3324 1385; x_wconf 78' lang='grc' dir='ltr'>πίστεως</span> <span class='ocrx_word' id='word_1_188' title='bbox 3349 1320 3440 1373; x_wconf 83' lang='grc' dir='ltr'>τὸν</span> <span class='ocrx_word' id='word_1_189' title='bbox 3461 1317 3729 1388; x_wconf 80' lang='grc' dir='ltr'>κατακρί-</span> 
     </span>
    </p>
   </div>
   <div class='ocr_carea' id='block_1_28' title="bbox 2145 1411 3732 1489">
    <p class='ocr_par' dir='ltr' id='par_1_28' title="bbox 2145 1411 3732 1489">
     <span class='ocr_line' id='line_1_28' title="bbox 2145 1411 3732 1489; baseline -0.006 -18"><span class='ocrx_word' id='word_1_190' title='bbox 2145 1433 2306 1471; x_wconf 85' lang='grc' dir='ltr'>νοντα</span> <span class='ocrx_word' id='word_1_191' title='bbox 2336 1415 2498 1487; x_wconf 85' lang='grc' dir='ltr'>νόμον</span> <span class='ocrx_word' id='word_1_192' title='bbox 2519 1433 2534 1482; x_wconf 88' lang='grc'>;</span> <span class='ocrx_word' id='word_1_193' title='bbox 2558 1417 2590 1489; x_wconf 81' lang='grc' dir='ltr'>ἢ</span> <span class='ocrx_word' id='word_1_194' title='bbox 2621 1417 2740 1486; x_wconf 66' lang='grc' dir='ltr'>οὐχ).</span> <span class='ocrx_word' id='word_1_195' title='bbox 2761 1417 2822 1472; x_wconf 83' lang='grc' dir='ltr'>τὸ</span> <span class='ocrx_word' id='word_1_196' title='bbox 2844 1417 2957 1486; x_wconf 80' lang='grc' dir='ltr'>φῶς</span> <span class='ocrx_word' id='word_1_197' title='bbox 2986 1419 3043 1469; x_wconf 92' lang='grc' dir='ltr'><strong>ἐν</strong></span> <span class='ocrx_word' id='word_1_198' title='bbox 3072 1418 3138 1487; x_wconf 81' lang='grc' dir='ltr'>τῇ</span> <span class='ocrx_word' id='word_1_199' title='bbox 3173 1415 3362 1484; x_wconf 74' lang='grc' dir='ltr'>σκοτίᾳ</span> <span class='ocrx_word' id='word_1_200' title='bbox 3391 1411 3603 1481; x_wconf 75' lang='grc' dir='ltr'>φαίνεις</span> <span class='ocrx_word' id='word_1_201' title='bbox 3637 1411 3732 1463; x_wconf 73' lang='grc' dir='ltr'>καὶ</span> 
     </span>
    </p>
   </div>
   <div class='ocr_carea' id='block_1_29' title="bbox 2144 1505 3733 1581">
    <p class='ocr_par' dir='ltr' id='par_1_29' title="bbox 2144 1505 3733 1581">
     <span class='ocr_line' id='line_1_29' title="bbox 2144 1505 3733 1581; baseline -0.001 -21"><span class='ocrx_word' id='word_1_202' title='bbox 2144 1509 2178 1578; x_wconf 78' lang='grc' dir='ltr'><strong>ἡ</strong></span> <span class='ocrx_word' id='word_1_203' title='bbox 2213 1508 2440 1580; x_wconf 84' lang='grc' dir='ltr'>δύναμις</span> <span class='ocrx_word' id='word_1_204' title='bbox 2463 1510 2521 1563; x_wconf 85' lang='grc' dir='ltr'><strong>ἐν</strong></span> <span class='ocrx_word' id='word_1_205' title='bbox 2557 1508 2811 1581; x_wconf 73' lang='grc' dir='ltr'><strong>ἀσθενείᾳ</strong></span> <span class='ocrx_word' id='word_1_206' title='bbox 2845 1508 3169 1572; x_wconf 78' lang='grc' dir='ltr'><strong>τελειοῦται,</strong></span> <span class='ocrx_word' id='word_1_207' title='bbox 3205 1507 3346 1562; x_wconf 85' lang='grc' dir='ltr'>κατὰ</span> <span class='ocrx_word' id='word_1_208' title='bbox 3389 1505 3449 1559; x_wconf 73' lang='grc' dir='ltr'><strong>τὸ</strong></span> <span class='ocrx_word' id='word_1_209' title='bbox 3484 1521 3733 1575; x_wconf 82' lang='grc' dir='ltr'>γεγραμ-</span> 
     </span>
    </p>
   </div>
   <div class='ocr_carea' id='block_1_30' title="bbox 2150 1598 2346 1669">
    <p class='ocr_par' dir='ltr' id='par_1_30' title="bbox 2150 1598 2346 1669">
     <span class='ocr_line' id='line_1_30' title="bbox 2150 1598 2346 1669; baseline 0 -17"><span class='ocrx_word' id='word_1_210' title='bbox 2150 1598 2310 1669; x_wconf 83' lang='grc' dir='ltr'>μένον</span> <span class='ocrx_word' id='word_1_211' title='bbox 2331 1615 2346 1664; x_wconf 89' lang='lat'><strong>;</strong></span> 
     </span>
    </p>
   </div>
   <div class='ocr_carea' id='block_1_31' title="bbox 2217 1686 2762 1759">
    <p class='ocr_par' dir='ltr' id='par_1_31' title="bbox 2217 1686 2762 1759">
     <span class='ocr_line' id='line_1_31' title="bbox 2217 1686 2762 1759; baseline 0.006 -17"><span class='ocrx_word' id='word_1_212' title='bbox 2217 1690 2428 1744; x_wconf 78' lang='lat' dir='ltr'><strong>IIAAA.</strong></span> <span class='ocrx_word' id='word_1_213' title='bbox 2461 1686 2535 1744; x_wconf 81' lang='grc' dir='ltr'><strong>Εὖ</strong></span> <span class='ocrx_word' id='word_1_214' title='bbox 2563 1689 2762 1759; x_wconf 83' lang='grc' dir='ltr'>λέγεις.</span> 
     </span>
    </p>
   </div>
   <div class='ocr_carea' id='block_1_32' title="bbox 2218 1776 3734 1854">
    <p class='ocr_par' dir='ltr' id='par_1_32' title="bbox 2218 1776 3734 1854">
     <span class='ocr_line' id='line_1_32' title="bbox 2218 1776 3734 1854; baseline -0.003 -20"><span class='ocrx_word' id='word_1_215' title='bbox 2218 1782 2384 1838; x_wconf 88' lang='grc' dir='ltr'><strong>ΚΥΡ.</strong></span> <span class='ocrx_word' id='word_1_216' title='bbox 2410 1782 2621 1837; x_wconf 83' lang='grc' dir='ltr'>Οὐκοῦν</span> <span class='ocrx_word' id='word_1_217' title='bbox 2652 1783 2816 1854; x_wconf 76' lang='grc' dir='ltr'>νόμος</span> <span class='ocrx_word' id='word_1_218' title='bbox 2855 1779 3240 1852; x_wconf 80' lang='grc' dir='ltr'><strong>παρεισῆλθεν,</strong></span> <span class='ocrx_word' id='word_1_219' title='bbox 3266 1779 3353 1832; x_wconf 78' lang='grc' dir='ltr'>ἶνα</span> <span class='ocrx_word' id='word_1_220' title='bbox 3377 1776 3648 1848; x_wconf 80' lang='grc' dir='ltr'><strong>πλεονάσῃ</strong></span> <span class='ocrx_word' id='word_1_221' title='bbox 3672 1777 3734 1830; x_wconf 72' lang='grc' dir='ltr'>τὸ</span> 
     </span>
    </p>
   </div>
   <div class='ocr_carea' id='block_1_33' title="bbox 2102 1870 3738 1948">
    <p class='ocr_par' dir='ltr' id='par_1_33' title="bbox 2102 1870 3738 1948">
     <span class='ocr_line' id='line_1_33' title="bbox 2102 1870 3738 1948; baseline -0.002 -18"><span class='ocrx_word' id='word_1_222' title='bbox 2102 1881 2116 1897; x_wconf 86' lang='grc'><strong>⁹</strong></span> <span class='ocrx_word' id='word_1_223' title='bbox 2147 1875 2519 1948; x_wconf 73' lang='grc' dir='ltr'><strong>παράπτωμα.</strong></span> <span class='ocrx_word' id='word_1_224' title='bbox 2535 1872 2610 1930; x_wconf 77' lang='lat'><em>06</em></span> <span class='ocrx_word' id='word_1_225' title='bbox 2633 1877 2859 1948; x_wconf 78' lang='grc' dir='ltr'>γὰρούκ</span> <span class='ocrx_word' id='word_1_226' title='bbox 2882 1874 3028 1928; x_wconf 80' lang='grc' dir='ltr'>ἐστιν</span> <span class='ocrx_word' id='word_1_227' title='bbox 3049 1874 3232 1946; x_wconf 84' lang='grc' dir='ltr'>νόμος,</span> <span class='ocrx_word' id='word_1_228' title='bbox 3256 1871 3378 1926; x_wconf 79' lang='grc' dir='ltr'>οὐδέ</span> <span class='ocrx_word' id='word_1_229' title='bbox 3396 1870 3738 1942; x_wconf 58' lang='grc' dir='ltr'>παράϐασιςι.</span> 
     </span>
    </p>
   </div>
   <div class='ocr_carea' id='block_1_34' title="bbox 2147 1962 3734 2040">
    <p class='ocr_par' dir='ltr' id='par_1_34' title="bbox 2147 1962 3734 2040">
     <span class='ocr_line' id='line_1_34' title="bbox 2147 1962 3734 2040; baseline -0.005 -19"><span class='ocrx_word' id='word_1_230' title='bbox 2147 1969 2514 2040; x_wconf 80' lang='grc' dir='ltr'>Παραϐἀσεως</span> <span class='ocrx_word' id='word_1_231' title='bbox 2535 1969 2701 2023; x_wconf 81' lang='grc' dir='ltr'>δὲκαὶ</span> <span class='ocrx_word' id='word_1_232' title='bbox 2720 1971 2818 2040; x_wconf 84' lang='grc' dir='ltr'>τῆς</span> <span class='ocrx_word' id='word_1_233' title='bbox 2843 1966 3105 2022; x_wconf 75' lang='grc' dir='ltr'>ἐπὶτοῦτο</span> <span class='ocrx_word' id='word_1_234' title='bbox 3129 1964 3410 2038; x_wconf 72' lang='grc' dir='ltr'><strong>ῥᾳστώνης</strong></span> <span class='ocrx_word' id='word_1_235' title='bbox 3433 1964 3549 2023; x_wconf 75' lang='grc' dir='ltr'>πῶς</span> <span class='ocrx_word' id='word_1_236' title='bbox 3572 1962 3636 2014; x_wconf 83' lang='grc' dir='ltr'>ἄν</span> <span class='ocrx_word' id='word_1_237' title='bbox 3652 1979 3734 2024; x_wconf 91' lang='grc' dir='ltr'><strong>τις</strong></span> 
     </span>
    </p>
   </div>
   <div class='ocr_carea' id='block_1_35' title="bbox 452 2048 2044 2133">
    <p class='ocr_par' dir='ltr' id='par_1_35' title="bbox 452 2048 2037 2132">
     <span class='ocr_line' id='line_1_35' title="bbox 452 2048 2037 2132; baseline 0.014 -30"><span class='ocrx_word' id='word_1_238' title='bbox 452 2048 683 2120; x_wconf 66' lang='lat' dir='ltr'><strong>ignavia:</strong></span> <span class='ocrx_word' id='word_1_239' title='bbox 707 2067 956 2122; x_wconf 64' lang='lat' dir='ltr'><strong>quaenam</strong></span> <span class='ocrx_word' id='word_1_240' title='bbox 981 2057 1156 2126; x_wconf 89' lang='lat' dir='ltr'><strong>possit</strong></span> <span class='ocrx_word' id='word_1_241' title='bbox 1182 2057 1410 2131; x_wconf 85' lang='lat' dir='ltr'><strong>intelligi</strong></span> <span class='ocrx_word' id='word_1_242' title='bbox 1439 2061 1789 2132; x_wconf 89' lang='lat' dir='ltr'><strong>condonatio,</strong></span> <span class='ocrx_word' id='word_1_243' title='bbox 1815 2067 1923 2122; x_wconf 90' lang='lat' dir='ltr'><strong>nisi</strong></span> <span class='ocrx_word' id='word_1_244' title='bbox 1951 2069 2037 2124; x_wconf 87' lang='lat' dir='ltr'><strong>lex</strong></span> 
     </span>
    </p>
   </div>
   <div class='ocr_carea' id='block_1_36' title="bbox 2149 2048 3736 2133">
    <p class='ocr_par' dir='ltr' id='par_1_36' title="bbox 2157 2053 3736 2133">
     <span class='ocr_line' id='line_1_36' title="bbox 2157 2053 3736 2133; baseline -0.004 -20"><span class='ocrx_word' id='word_1_245' title='bbox 2157 2059 2254 2114; x_wconf 77' lang='grc' dir='ltr'>ίδοι</span> <span class='ocrx_word' id='word_1_246' title='bbox 2291 2061 2389 2133; x_wconf 83' lang='grc' dir='ltr'>τὴν</span> <span class='ocrx_word' id='word_1_247' title='bbox 2421 2061 2636 2131; x_wconf 78' lang='grc' dir='ltr'>ἄφεσιν,</span> <span class='ocrx_word' id='word_1_248' title='bbox 2684 2061 2745 2114; x_wconf 85' lang='grc' dir='ltr'><strong>ού</strong></span> <span class='ocrx_word' id='word_1_249' title='bbox 2781 2058 3314 2132; x_wconf 85' lang='grc' dir='ltr'>προκατακρίναντος</span> <span class='ocrx_word' id='word_1_250' title='bbox 3354 2057 3503 2128; x_wconf 77' lang='grc' dir='ltr'>ἡμᾶς</span> <span class='ocrx_word' id='word_1_251' title='bbox 3529 2053 3622 2108; x_wconf 82' lang='grc' dir='ltr'><strong>τοῦ</strong></span> <span class='ocrx_word' id='word_1_252' title='bbox 3650 2053 3736 2107; x_wconf 83' lang='grc' dir='ltr'><strong>νό-</strong></span> 
     </span>
    </p>
   </div>
   <div class='ocr_carea' id='block_1_37' title="bbox 452 2147 2044 2221">
    <p class='ocr_par' dir='ltr' id='par_1_37' title="bbox 452 2147 2044 2221">
     <span class='ocr_line' id='line_1_37' title="bbox 452 2147 2044 2221; baseline 0.012 -23"><span class='ocrx_word' id='word_1_253' title='bbox 452 2151 613 2200; x_wconf 89' lang='lat' dir='ltr'><strong>antea</strong></span> <span class='ocrx_word' id='word_1_254' title='bbox 663 2161 766 2201; x_wconf 90' lang='lat' dir='ltr'><strong>nos</strong></span> <span class='ocrx_word' id='word_1_255' title='bbox 813 2147 1267 2207; x_wconf 86' lang='lat' dir='ltr'><strong>condemnasset?</strong></span> <span class='ocrx_word' id='word_1_256' title='bbox 1306 2152 1462 2221; x_wconf 86' lang='lat' dir='ltr'><strong>Quod</strong></span> <span class='ocrx_word' id='word_1_257' title='bbox 1509 2164 1693 2212; x_wconf 89' lang='lat' dir='ltr'><strong>autem</strong></span> <span class='ocrx_word' id='word_1_258' title='bbox 1732 2174 1925 2215; x_wconf 90' lang='lat' dir='ltr'><strong>verum</strong></span> <span class='ocrx_word' id='word_1_259' title='bbox 1972 2163 2044 2217; x_wconf 88' lang='lat' dir='ltr'><strong>sit</strong></span> 
     </span>
    </p>
   </div>
   <div class='ocr_carea' id='block_1_38' title="bbox 453 2235 2044 2320">
    <p class='ocr_par' dir='ltr' id='par_1_38' title="bbox 453 2235 2044 2320">
     <span class='ocr_line' id='line_1_38' title="bbox 453 2235 2044 2320; baseline 0.013 -33"><span class='ocrx_word' id='word_1_260' title='bbox 453 2235 601 2304; x_wconf 89' lang='lat' dir='ltr'><strong>quod</strong></span> <span class='ocrx_word' id='word_1_261' title='bbox 641 2235 878 2293; x_wconf 90' lang='lat' dir='ltr'><strong>dicimus</strong></span> <span class='ocrx_word' id='word_1_262' title='bbox 906 2255 1086 2309; x_wconf 90' lang='lat' dir='ltr'><strong>neque</strong></span> <span class='ocrx_word' id='word_1_263' title='bbox 1118 2241 1185 2297; x_wconf 93' lang='lat' dir='ltr'><strong>de</strong></span> <span class='ocrx_word' id='word_1_264' title='bbox 1219 2243 1321 2300; x_wconf 83' lang='lat' dir='ltr'><strong>hac</strong></span> <span class='ocrx_word' id='word_1_265' title='bbox 1365 2261 1426 2300; x_wconf 91' lang='lat' dir='ltr'><strong>re</strong></span> <span class='ocrx_word' id='word_1_266' title='bbox 1471 2262 1611 2301; x_wconf 86' lang='lat' dir='ltr'><strong>vana</strong></span> <span class='ocrx_word' id='word_1_267' title='bbox 1643 2257 1699 2303; x_wconf 91' lang='lat' dir='ltr'><strong>et</strong></span> <span class='ocrx_word' id='word_1_268' title='bbox 1739 2250 1921 2320; x_wconf 85' lang='lat' dir='ltr'><strong>inepta</strong></span> <span class='ocrx_word' id='word_1_269' title='bbox 1971 2253 2044 2309; x_wconf 91' lang='lat' dir='ltr'><strong>sit</strong></span> 
     </span>
    </p>
   </div>
   <div class='ocr_carea' id='block_1_39' title="bbox 452 2327 2043 2404">
    <p class='ocr_par' dir='ltr' id='par_1_39' title="bbox 452 2327 2043 2404">
     <span class='ocr_line' id='line_1_39' title="bbox 452 2327 2043 2404; baseline 0.012 -24"><span class='ocrx_word' id='word_1_270' title='bbox 452 2327 648 2394; x_wconf 88' lang='lat' dir='ltr'><strong>oratio,</strong></span> <span class='ocrx_word' id='word_1_271' title='bbox 675 2331 982 2399; x_wconf 90' lang='lat' dir='ltr'><strong>patrocinio</strong></span> <span class='ocrx_word' id='word_1_272' title='bbox 1009 2334 1162 2388; x_wconf 88' lang='lat' dir='ltr'><strong>Pauli</strong></span> <span class='ocrx_word' id='word_1_273' title='bbox 1191 2335 1550 2404; x_wconf 86' lang='lat' dir='ltr'><strong>conﬁrmabo,</strong></span> <span class='ocrx_word' id='word_1_274' title='bbox 1580 2339 1816 2397; x_wconf 89' lang='lat' dir='ltr'><strong>dicentis</strong></span> <span class='ocrx_word' id='word_1_275' title='bbox 1845 2361 1857 2396; x_wconf 89' lang='lat'><strong>:</strong></span> <span class='ocrx_word' id='word_1_276' title='bbox 1895 2363 1912 2394; x_wconf 80' lang='grc' dir='ltr'>ι</span> <span class='ocrx_word' id='word_1_277' title='bbox 1941 2344 2043 2399; x_wconf 87' lang='lat' dir='ltr'><strong>Ita-</strong></span> 
     </span>
    </p>
   </div>
   <div class='ocr_carea' id='block_1_40' title="bbox 451 2421 2042 2506">
    <p class='ocr_par' dir='ltr' id='par_1_40' title="bbox 451 2421 2042 2506">
     <span class='ocr_line' id='line_1_40' title="bbox 451 2421 2042 2506; baseline 0.011 -33"><span class='ocrx_word' id='word_1_278' title='bbox 451 2435 560 2489; x_wconf 90' lang='lat' dir='ltr'><strong>que</strong></span> <span class='ocrx_word' id='word_1_279' title='bbox 595 2421 682 2475; x_wconf 89' lang='lat' dir='ltr'><strong>lex</strong></span> <span class='ocrx_word' id='word_1_280' title='bbox 730 2433 957 2493; x_wconf 88' lang='lat' dir='ltr'><strong>propter</strong></span> <span class='ocrx_word' id='word_1_281' title='bbox 980 2428 1463 2496; x_wconf 67' lang='lat' dir='ltr'><strong>prazvaricationes</strong></span> <span class='ocrx_word' id='word_1_282' title='bbox 1482 2432 1660 2501; x_wconf 89' lang='lat' dir='ltr'><strong>posita</strong></span> <span class='ocrx_word' id='word_1_283' title='bbox 1693 2441 1798 2500; x_wconf 90' lang='lat' dir='ltr'><strong>est,</strong></span> <span class='ocrx_word' id='word_1_284' title='bbox 1833 2451 2042 2506; x_wconf 82' lang='lat' dir='ltr'><strong>quous-</strong></span> 
     </span>
    </p>
   </div>
   <div class='ocr_carea' id='block_1_41' title="bbox 451 2514 2043 2592">
    <p class='ocr_par' dir='ltr' id='par_1_41' title="bbox 451 2514 2043 2592">
     <span class='ocr_line' id='line_1_41' title="bbox 451 2514 2043 2592; baseline 0.011 -28"><span class='ocrx_word' id='word_1_285' title='bbox 451 2525 560 2582; x_wconf 82' lang='lat' dir='ltr'><strong>que</strong></span> <span class='ocrx_word' id='word_1_286' title='bbox 587 2514 801 2569; x_wconf 85' lang='lat' dir='ltr'><strong>veniret</strong></span> <span class='ocrx_word' id='word_1_287' title='bbox 831 2529 1017 2571; x_wconf 88' lang='lat' dir='ltr'><strong>semen</strong></span> <span class='ocrx_word' id='word_1_288' title='bbox 1039 2559 1053 2584; x_wconf 93' lang='lat'><strong>,</strong></span> <span class='ocrx_word' id='word_1_289' title='bbox 1104 2520 1193 2573; x_wconf 91' lang='lat' dir='ltr'><strong>cui</strong></span> <span class='ocrx_word' id='word_1_290' title='bbox 1225 2523 1622 2592; x_wconf 90' lang='lat' dir='ltr'><strong>repromissum</strong></span> <span class='ocrx_word' id='word_1_291' title='bbox 1656 2533 1761 2590; x_wconf 89' lang='lat' dir='ltr'><strong>est,</strong></span> <span class='ocrx_word' id='word_1_292' title='bbox 1791 2526 2043 2581; x_wconf 86' lang='lat' dir='ltr'><strong>ordinata</strong></span> 
     </span>
    </p>
   </div>
   <div class='ocr_carea' id='block_1_42' title="bbox 451 2607 2044 2687">
    <p class='ocr_par' dir='ltr' id='par_1_42' title="bbox 451 2607 2044 2687">
     <span class='ocr_line' id='line_1_42' title="bbox 451 2607 2044 2687; baseline 0.01 -29"><span class='ocrx_word' id='word_1_293' title='bbox 451 2619 550 2675; x_wconf 89' lang='lat' dir='ltr'><strong>per</strong></span> <span class='ocrx_word' id='word_1_294' title='bbox 609 2607 832 2678; x_wconf 87' lang='lat' dir='ltr'><strong>angelos</strong></span> <span class='ocrx_word' id='word_1_295' title='bbox 888 2609 952 2663; x_wconf 79' lang='grc'><strong>⁵⁸.</strong></span> <span class='ocrx_word' id='word_1_296' title='bbox 1005 2629 1024 2662; x_wconf 78' lang='grc' dir='ltr'>ι</span> <span class='ocrx_word' id='word_1_297' title='bbox 1079 2609 1352 2668; x_wconf 81' lang='lat' dir='ltr'><strong>Caeterum</strong></span> <span class='ocrx_word' id='word_1_298' title='bbox 1421 2616 1552 2685; x_wconf 89' lang='lat' dir='ltr'><strong>quia</strong></span> <span class='ocrx_word' id='word_1_299' title='bbox 1607 2618 2044 2687; x_wconf 87' lang='lat' dir='ltr'><strong>sapientissimus</strong></span> 
     </span>
    </p>
   </div>
   <div class='ocr_carea' id='block_1_43' title="bbox 451 2698 2044 2774">
    <p class='ocr_par' dir='ltr' id='par_1_43' title="bbox 451 2698 2044 2774">
     <span class='ocr_line' id='line_1_43' title="bbox 451 2698 2044 2774; baseline 0.008 -23"><span class='ocrx_word' id='word_1_300' title='bbox 451 2706 590 2763; x_wconf 89' lang='lat' dir='ltr'><strong>erat,</strong></span> <span class='ocrx_word' id='word_1_301' title='bbox 612 2698 829 2755; x_wconf 81' lang='lat' dir='ltr'><strong>futuras</strong></span> <span class='ocrx_word' id='word_1_302' title='bbox 858 2701 1189 2772; x_wconf 89' lang='lat' dir='ltr'><strong>quandoque</strong></span> <span class='ocrx_word' id='word_1_303' title='bbox 1210 2707 1574 2774; x_wconf 89' lang='lat' dir='ltr'><strong>quorumdam</strong></span> <span class='ocrx_word' id='word_1_304' title='bbox 1607 2709 1892 2765; x_wconf 88' lang='lat' dir='ltr'><strong>hominum</strong></span> <span class='ocrx_word' id='word_1_305' title='bbox 1924 2727 2044 2766; x_wconf 85' lang='lat' dir='ltr'><strong>ver-</strong></span> 
     </span>
    </p>
   </div>
   <div class='ocr_carea' id='block_1_44' title="bbox 451 2791 2042 2874">
    <p class='ocr_par' dir='ltr' id='par_1_44' title="bbox 451 2791 2042 2874">
     <span class='ocr_line' id='line_1_44' title="bbox 451 2791 2042 2874; baseline 0.01 -27"><span class='ocrx_word' id='word_1_306' title='bbox 451 2791 651 2847; x_wconf 85' lang='lat' dir='ltr'><strong>borum</strong></span> <span class='ocrx_word' id='word_1_307' title='bbox 682 2795 924 2864; x_wconf 84' lang='lat' dir='ltr'><strong>argutias</strong></span> <span class='ocrx_word' id='word_1_308' title='bbox 950 2802 1115 2866; x_wconf 85' lang='lat' dir='ltr'><strong>atque</strong></span> <span class='ocrx_word' id='word_1_309' title='bbox 1145 2798 1520 2858; x_wconf 88' lang='lat' dir='ltr'><strong>dubitationes</strong></span> <span class='ocrx_word' id='word_1_310' title='bbox 1551 2805 1850 2874; x_wconf 58' lang='lat' dir='ltr'><strong>praecidere</strong></span> <span class='ocrx_word' id='word_1_311' title='bbox 1881 2808 2042 2863; x_wconf 81' lang='lat' dir='ltr'><strong>moli-</strong></span> 
     </span>
    </p>
   </div>
   <div class='ocr_carea' id='block_1_45' title="bbox 456 2884 2048 2968">
    <p class='ocr_par' dir='ltr' id='par_1_45' title="bbox 456 2884 2048 2968">
     <span class='ocr_line' id='line_1_45' title="bbox 456 2884 2048 2968; baseline 0.009 -29"><span class='ocrx_word' id='word_1_312' title='bbox 456 2894 581 2949; x_wconf 89' lang='lat' dir='ltr'><strong>tur;</strong></span> <span class='ocrx_word' id='word_1_313' title='bbox 619 2884 848 2943; x_wconf 81' lang='lat' dir='ltr'><strong>etcnim&#39;j</strong></span> <span class='ocrx_word' id='word_1_314' title='bbox 878 2885 1187 2944; x_wconf 90' lang='lat' dir='ltr'><strong>verisimile</strong></span> <span class='ocrx_word' id='word_1_315' title='bbox 1233 2899 1352 2945; x_wconf 90' lang='lat' dir='ltr'><strong>erat</strong></span> <span class='ocrx_word' id='word_1_316' title='bbox 1393 2894 1658 2963; x_wconf 89' lang='lat' dir='ltr'><strong>quosdam</strong></span> <span class='ocrx_word' id='word_1_317' title='bbox 1703 2895 1770 2950; x_wconf 89' lang='lat' dir='ltr'><strong>de</strong></span> <span class='ocrx_word' id='word_1_318' title='bbox 1815 2897 2048 2968; x_wconf 69' lang='lat' dir='ltr'><strong>justitize</strong></span> 
     </span>
    </p>
   </div>
   <div class='ocr_carea' id='block_1_46' title="bbox 453 2971 2044 3053">
    <p class='ocr_par' dir='ltr' id='par_1_46' title="bbox 453 2971 2044 3053">
     <span class='ocr_line' id='line_1_46' title="bbox 453 2971 2044 3053; baseline 0.012 -27"><span class='ocrx_word' id='word_1_319' title='bbox 453 2971 583 3027; x_wconf 89' lang='lat' dir='ltr'><strong>ﬁdei</strong></span> <span class='ocrx_word' id='word_1_320' title='bbox 612 2973 876 3030; x_wconf 90' lang='lat' dir='ltr'><strong>dilatione</strong></span> <span class='ocrx_word' id='word_1_321' title='bbox 902 2991 967 3032; x_wconf 90' lang='lat' dir='ltr'><strong>ac</strong></span> <span class='ocrx_word' id='word_1_322' title='bbox 991 2993 1142 3034; x_wconf 88' lang='lat' dir='ltr'><strong>mora</strong></span> <span class='ocrx_word' id='word_1_323' title='bbox 1170 2983 1455 3052; x_wconf 89' lang='lat' dir='ltr'><strong>conqueri,</strong></span> <span class='ocrx_word' id='word_1_324' title='bbox 1486 2999 1550 3040; x_wconf 89' lang='lat' dir='ltr'><strong>ac</strong></span> <span class='ocrx_word' id='word_1_325' title='bbox 1574 2985 1776 3053; x_wconf 90' lang='lat' dir='ltr'><strong>dicere,</strong></span> <span class='ocrx_word' id='word_1_326' title='bbox 1805 2987 1929 3044; x_wconf 91' lang='lat' dir='ltr'><strong>ideo</strong></span> <span class='ocrx_word' id='word_1_327' title='bbox 1955 2989 2044 3045; x_wconf 94' lang='lat' dir='ltr'><strong>in-</strong></span> 
     </span>
    </p>
   </div>
   <div class='ocr_carea' id='block_1_47' title="bbox 457 3063 2044 3150">
    <p class='ocr_par' dir='ltr' id='par_1_47' title="bbox 457 3063 2044 3150">
     <span class='ocr_line' id='line_1_47' title="bbox 457 3063 2044 3150; baseline 0.012 -33"><span class='ocrx_word' id='word_1_328' title='bbox 457 3063 615 3118; x_wconf 87' lang='lat' dir='ltr'><strong>terim</strong></span> <span class='ocrx_word' id='word_1_329' title='bbox 644 3065 982 3123; x_wconf 89' lang='lat' dir='ltr'><strong>subintrasse</strong></span> <span class='ocrx_word' id='word_1_330' title='bbox 1016 3069 1212 3141; x_wconf 90' lang='lat' dir='ltr'><strong>legem,</strong></span> <span class='ocrx_word' id='word_1_331' title='bbox 1249 3081 1308 3128; x_wconf 93' lang='lat' dir='ltr'><strong>ut</strong></span> <span class='ocrx_word' id='word_1_332' title='bbox 1349 3075 1588 3145; x_wconf 84' lang='lat' dir='ltr'><strong>antiquae</strong></span> <span class='ocrx_word' id='word_1_333' title='bbox 1630 3077 1778 3134; x_wconf 92' lang='lat' dir='ltr'><strong>illius</strong></span> <span class='ocrx_word' id='word_1_334' title='bbox 1809 3081 2044 3150; x_wconf 90' lang='lat' dir='ltr'><strong>promis-</strong></span> 
     </span>
    </p>
   </div>
   <div class='ocr_carea' id='block_1_48' title="bbox 454 3156 2047 3243">
    <p class='ocr_par' dir='ltr' id='par_1_48' title="bbox 454 3156 2047 3243">
     <span class='ocr_line' id='line_1_48' title="bbox 454 3156 2047 3243; baseline 0.011 -33"><span class='ocrx_word' id='word_1_335' title='bbox 454 3156 626 3212; x_wconf 88' lang='lat' dir='ltr'><strong>sionis</strong></span> <span class='ocrx_word' id='word_1_336' title='bbox 648 3157 878 3216; x_wconf 65' lang='lat' dir='ltr'><strong>ﬁrmitas</strong></span> <span class='ocrx_word' id='word_1_337' title='bbox 899 3163 1206 3220; x_wconf 91' lang='lat' dir='ltr'><strong>tolleretur.</strong></span> <span class='ocrx_word' id='word_1_338' title='bbox 1237 3166 1425 3237; x_wconf 89' lang='lat' dir='ltr'><strong>Itaque</strong></span> <span class='ocrx_word' id='word_1_339' title='bbox 1449 3167 1630 3238; x_wconf 91' lang='lat' dir='ltr'><strong>inquit</strong></span> <span class='ocrx_word' id='word_1_340' title='bbox 1655 3188 1666 3223; x_wconf 94' lang='lat'><strong>:</strong></span> <span class='ocrx_word' id='word_1_341' title='bbox 1703 3189 1720 3220; x_wconf 83' lang='grc' dir='ltr'>ι</span> <span class='ocrx_word' id='word_1_342' title='bbox 1744 3169 1854 3227; x_wconf 89' lang='lat' dir='ltr'><strong>Lex</strong></span> <span class='ocrx_word' id='word_1_343' title='bbox 1878 3171 2047 3243; x_wconf 85' lang='lat' dir='ltr'><strong>igitur</strong></span> 
     </span>
    </p>
   </div>
   <div class='ocr_carea' id='block_1_49' title="bbox 455 3246 2045 3323">
    <p class='ocr_par' dir='ltr' id='par_1_49' title="bbox 455 3246 2045 3323">
     <span class='ocr_line' id='line_1_49' title="bbox 455 3246 2045 3323; baseline 0.011 -22"><span class='ocrx_word' id='word_1_344' title='bbox 455 3246 719 3305; x_wconf 83' lang='lat' dir='ltr'><strong>adversus</strong></span> <span class='ocrx_word' id='word_1_345' title='bbox 739 3253 1006 3321; x_wconf 89' lang='lat' dir='ltr'><strong>promissa</strong></span> <span class='ocrx_word' id='word_1_346' title='bbox 1032 3255 1168 3309; x_wconf 89' lang='lat' dir='ltr'><strong>Dei?</strong></span> <span class='ocrx_word' id='word_1_347' title='bbox 1188 3255 1360 3323; x_wconf 87' lang='lat' dir='ltr'><strong>absit;</strong></span> <span class='ocrx_word' id='word_1_348' title='bbox 1392 3256 1441 3311; x_wconf 88' lang='lat' dir='ltr'><strong>si</strong></span> <span class='ocrx_word' id='word_1_349' title='bbox 1464 3257 1613 3312; x_wconf 89' lang='lat' dir='ltr'><strong>enim</strong></span> <span class='ocrx_word' id='word_1_350' title='bbox 1637 3258 1763 3315; x_wconf 84' lang='lat' dir='ltr'><strong>data</strong></span> <span class='ocrx_word' id='word_1_351' title='bbox 1792 3271 1937 3318; x_wconf 86' lang='lat' dir='ltr'><strong>esset</strong></span> <span class='ocrx_word' id='word_1_352' title='bbox 1959 3264 2045 3319; x_wconf 89' lang='lat' dir='ltr'><strong>lex</strong></span> 
     </span>
    </p>
   </div>
   <div class='ocr_carea' id='block_1_50' title="bbox 455 3347 2038 3427">
    <p class='ocr_par' dir='ltr' id='par_1_50' title="bbox 455 3347 2038 3427">
     <span class='ocr_line' id='line_1_50' title="bbox 455 3347 2038 3427; baseline 0.011 -30"><span class='ocrx_word' id='word_1_353' title='bbox 455 3358 578 3413; x_wconf 66' lang='lat' dir='ltr'><strong>quae</strong></span> <span class='ocrx_word' id='word_1_354' title='bbox 619 3354 806 3413; x_wconf 90' lang='lat' dir='ltr'><strong>posset</strong></span> <span class='ocrx_word' id='word_1_355' title='bbox 835 3347 1135 3414; x_wconf 90' lang='lat' dir='ltr'><strong>viviﬁcare,</strong></span> <span class='ocrx_word' id='word_1_356' title='bbox 1187 3366 1316 3405; x_wconf 87' lang='lat' dir='ltr'><strong>vere</strong></span> <span class='ocrx_word' id='word_1_357' title='bbox 1349 3367 1418 3406; x_wconf 86' lang='lat' dir='ltr'><strong>ex</strong></span> <span class='ocrx_word' id='word_1_358' title='bbox 1469 3351 1588 3424; x_wconf 87' lang='lat' dir='ltr'><strong>lege</strong></span> <span class='ocrx_word' id='word_1_359' title='bbox 1635 3361 1780 3408; x_wconf 90' lang='lat' dir='ltr'><strong>esset</strong></span> <span class='ocrx_word' id='word_1_360' title='bbox 1807 3356 2038 3427; x_wconf 86' lang='lat' dir='ltr'><strong>justitia.</strong></span> 
     </span>
    </p>
   </div>
   <div class='ocr_carea' id='block_1_51' title="bbox 457 3433 2043 3517">
    <p class='ocr_par' dir='ltr' id='par_1_51' title="bbox 457 3433 2043 3517">
     <span class='ocr_line' id='line_1_51' title="bbox 457 3433 2043 3517; baseline 0.008 -28"><span class='ocrx_word' id='word_1_361' title='bbox 457 3433 566 3489; x_wconf 80' lang='lat' dir='ltr'><strong>Sed</strong></span> <span class='ocrx_word' id='word_1_362' title='bbox 597 3437 870 3492; x_wconf 89' lang='lat' dir='ltr'><strong>conclusit</strong></span> <span class='ocrx_word' id='word_1_363' title='bbox 896 3436 1178 3507; x_wconf 88' lang='lat' dir='ltr'><strong>Scriptura</strong></span> <span class='ocrx_word' id='word_1_364' title='bbox 1203 3441 1386 3496; x_wconf 89' lang='lat' dir='ltr'><strong>omnia</strong></span> <span class='ocrx_word' id='word_1_365' title='bbox 1411 3442 1515 3497; x_wconf 91' lang='lat' dir='ltr'><strong>sub</strong></span> <span class='ocrx_word' id='word_1_366' title='bbox 1547 3452 1793 3514; x_wconf 85' lang='lat' dir='ltr'><strong>peccato,</strong></span> <span class='ocrx_word' id='word_1_367' title='bbox 1827 3454 1889 3500; x_wconf 93' lang='lat' dir='ltr'><strong>ut</strong></span> <span class='ocrx_word' id='word_1_368' title='bbox 1913 3463 2043 3517; x_wconf 91' lang='lat' dir='ltr'><strong>pro-</strong></span> 
     </span>
    </p>
   </div>
   <div class='ocr_carea' id='block_1_52' title="bbox 456 3526 2044 3608">
    <p class='ocr_par' dir='ltr' id='par_1_52' title="bbox 456 3526 2044 3608">
     <span class='ocr_line' id='line_1_52' title="bbox 456 3526 2044 3608; baseline 0.008 -26"><span class='ocrx_word' id='word_1_369' title='bbox 456 3526 648 3582; x_wconf 91' lang='lat' dir='ltr'><strong>missio</strong></span> <span class='ocrx_word' id='word_1_370' title='bbox 681 3543 748 3582; x_wconf 88' lang='lat' dir='ltr'><strong>ex</strong></span> <span class='ocrx_word' id='word_1_371' title='bbox 795 3527 901 3583; x_wconf 88' lang='lat' dir='ltr'><strong>ﬁde</strong></span> <span class='ocrx_word' id='word_1_372' title='bbox 945 3529 1075 3586; x_wconf 84' lang='lat' dir='ltr'><strong>Jesu</strong></span> <span class='ocrx_word' id='word_1_373' title='bbox 1124 3529 1332 3587; x_wconf 88' lang='lat' dir='ltr'><strong>Christi</strong></span> <span class='ocrx_word' id='word_1_374' title='bbox 1385 3534 1613 3590; x_wconf 90' lang='lat' dir='ltr'><strong>daretur</strong></span> <span class='ocrx_word' id='word_1_375' title='bbox 1661 3537 2044 3608; x_wconf 86' lang='lat' dir='ltr'><strong>credentibus;</strong></span> 
     </span>
    </p>
   </div>
   <div class='ocr_carea' id='block_1_53' title="bbox 457 3621 2049 3700">
    <p class='ocr_par' dir='ltr' id='par_1_53' title="bbox 457 3621 2049 3700">
     <span class='ocr_line' id='line_1_53' title="bbox 457 3621 2049 3700; baseline 0.008 -27"><span class='ocrx_word' id='word_1_376' title='bbox 457 3621 612 3690; x_wconf 91' lang='lat' dir='ltr'><strong>prius</strong></span> <span class='ocrx_word' id='word_1_377' title='bbox 639 3630 822 3675; x_wconf 88' lang='lat' dir='ltr'><strong>autem</strong></span> <span class='ocrx_word' id='word_1_378' title='bbox 854 3636 1016 3691; x_wconf 92' lang='lat' dir='ltr'><strong>quam</strong></span> <span class='ocrx_word' id='word_1_379' title='bbox 1047 3625 1260 3680; x_wconf 88' lang='lat' dir='ltr'><strong>veniret</strong></span> <span class='ocrx_word' id='word_1_380' title='bbox 1292 3623 1447 3692; x_wconf 87' lang='lat' dir='ltr'><strong>ﬁdes,</strong></span> <span class='ocrx_word' id='word_1_381' title='bbox 1479 3627 1582 3682; x_wconf 91' lang='lat' dir='ltr'><strong>sub</strong></span> <span class='ocrx_word' id='word_1_382' title='bbox 1611 3627 1730 3700; x_wconf 86' lang='lat' dir='ltr'><strong>lege</strong></span> <span class='ocrx_word' id='word_1_383' title='bbox 1773 3631 2049 3686; x_wconf 88' lang='lat' dir='ltr'><strong>custodie-</strong></span> 
     </span>
    </p>
   </div>
   <div class='ocr_carea' id='block_1_54' title="bbox 458 3710 2049 3790">
    <p class='ocr_par' dir='ltr' id='par_1_54' title="bbox 458 3710 2049 3790">
     <span class='ocr_line' id='line_1_54' title="bbox 458 3710 2049 3790; baseline 0.008 -25"><span class='ocrx_word' id='word_1_384' title='bbox 458 3710 656 3766; x_wconf 88' lang='lat' dir='ltr'><strong>bamur</strong></span> <span class='ocrx_word' id='word_1_385' title='bbox 688 3713 936 3769; x_wconf 89' lang='lat' dir='ltr'><strong>conclusi</strong></span> <span class='ocrx_word' id='word_1_386' title='bbox 980 3715 1036 3770; x_wconf 91' lang='lat' dir='ltr'><strong>in</strong></span> <span class='ocrx_word' id='word_1_387' title='bbox 1069 3731 1190 3771; x_wconf 90' lang='lat' dir='ltr'><strong>eam</strong></span> <span class='ocrx_word' id='word_1_388' title='bbox 1222 3717 1386 3773; x_wconf 89' lang='lat' dir='ltr'><strong>ﬁdem</strong></span> <span class='ocrx_word' id='word_1_389' title='bbox 1433 3735 1556 3790; x_wconf 70' lang='lat' dir='ltr'><strong>qua:</strong></span> <span class='ocrx_word' id='word_1_390' title='bbox 1599 3723 1890 3777; x_wconf 86' lang='lat' dir='ltr'><strong>revelanda</strong></span> <span class='ocrx_word' id='word_1_391' title='bbox 1930 3731 2049 3778; x_wconf 89' lang='lat' dir='ltr'><strong>erat</strong></span> 
     </span>
    </p>
   </div>
   <div class='ocr_carea' id='block_1_55' title="bbox 459 3799 2046 3881">
    <p class='ocr_par' dir='ltr' id='par_1_55' title="bbox 459 3799 2046 3881">
     <span class='ocr_line' id='line_1_55' title="bbox 459 3799 2046 3881; baseline 0.009 -27"><span class='ocrx_word' id='word_1_392' title='bbox 459 3799 518 3854; x_wconf 90' lang='lat' dir='ltr'><strong>in</strong></span> <span class='ocrx_word' id='word_1_393' title='bbox 547 3818 680 3870; x_wconf 91' lang='lat' dir='ltr'><strong>nos;</strong></span> <span class='ocrx_word' id='word_1_394' title='bbox 708 3804 892 3877; x_wconf 89' lang='lat' dir='ltr'><strong>itaque</strong></span> <span class='ocrx_word' id='word_1_395' title='bbox 917 3806 1005 3868; x_wconf 80' lang='lat' dir='ltr'><strong>lcx</strong></span> <span class='ocrx_word' id='word_1_396' title='bbox 1026 3807 1352 3880; x_wconf 76' lang='lat' dir='ltr'><strong>paedagogus</strong></span> <span class='ocrx_word' id='word_1_397' title='bbox 1380 3819 1568 3866; x_wconf 90' lang='lat' dir='ltr'><strong>noster</strong></span> <span class='ocrx_word' id='word_1_398' title='bbox 1591 3812 1695 3869; x_wconf 83' lang='lat' dir='ltr'><strong>fuit</strong></span> <span class='ocrx_word' id='word_1_399' title='bbox 1721 3814 1776 3868; x_wconf 91' lang='lat' dir='ltr'><strong>in</strong></span> <span class='ocrx_word' id='word_1_400' title='bbox 1805 3813 2046 3881; x_wconf 85' lang='lat' dir='ltr'><strong>Christo,</strong></span> 
     </span>
    </p>
   </div>
   <div class='ocr_carea' id='block_1_56' title="bbox 458 3892 2050 3973">
    <p class='ocr_par' dir='ltr' id='par_1_56' title="bbox 458 3892 2050 3973">
     <span class='ocr_line' id='line_1_56' title="bbox 458 3892 2050 3973; baseline 0.008 -28"><span class='ocrx_word' id='word_1_401' title='bbox 458 3899 522 3947; x_wconf 90' lang='lat' dir='ltr'><strong>ut</strong></span> <span class='ocrx_word' id='word_1_402' title='bbox 546 3907 614 3947; x_wconf 83' lang='lat' dir='ltr'><strong>ex</strong></span> <span class='ocrx_word' id='word_1_403' title='bbox 642 3892 750 3950; x_wconf 89' lang='lat' dir='ltr'><strong>ﬁde</strong></span> <span class='ocrx_word' id='word_1_404' title='bbox 773 3894 1141 3965; x_wconf 75' lang='lat' dir='ltr'><strong>iustiﬁcemur</strong></span> <span class='ocrx_word' id='word_1_405' title='bbox 1170 3915 1182 3950; x_wconf 90' lang='lat'><strong>:</strong></span> <span class='ocrx_word' id='word_1_406' title='bbox 1210 3906 1266 3952; x_wconf 91' lang='lat' dir='ltr'><strong>at</strong></span> <span class='ocrx_word' id='word_1_407' title='bbox 1304 3898 1398 3952; x_wconf 87' lang='lat' dir='ltr'><strong>ubi</strong></span> <span class='ocrx_word' id='word_1_408' title='bbox 1424 3899 1771 3968; x_wconf 82' lang='lat' dir='ltr'><strong>venit-ﬁdes,</strong></span> <span class='ocrx_word' id='word_1_409' title='bbox 1796 3903 1908 3973; x_wconf 87' lang='lat' dir='ltr'><strong>jam</strong></span> <span class='ocrx_word' id='word_1_410' title='bbox 1937 3919 2050 3959; x_wconf 90' lang='lat' dir='ltr'><strong>non</strong></span> 
     </span>
    </p>
   </div>
   <div class='ocr_carea' id='block_1_57' title="bbox 459 3987 2047 4062">
    <p class='ocr_par' dir='ltr' id='par_1_57' title="bbox 459 3987 2047 4062">
     <span class='ocr_line' id='line_1_57' title="bbox 459 3987 2047 4062; baseline 0.006 -22"><span class='ocrx_word' id='word_1_411' title='bbox 459 3999 652 4041; x_wconf 85' lang='lat' dir='ltr'><strong>sumus</strong></span> <span class='ocrx_word' id='word_1_412' title='bbox 697 3987 801 4042; x_wconf 92' lang='lat' dir='ltr'><strong>sub</strong></span> <span class='ocrx_word' id='word_1_413' title='bbox 835 3988 1148 4060; x_wconf 69' lang='lat' dir='ltr'><strong>pzedagOgo,</strong></span> <span class='ocrx_word' id='word_1_414' title='bbox 1186 4005 1378 4045; x_wconf 89' lang='lat' dir='ltr'><strong>omnes</strong></span> <span class='ocrx_word' id='word_1_415' title='bbox 1423 3991 1572 4046; x_wconf 89' lang='lat' dir='ltr'><strong>enim</strong></span> <span class='ocrx_word' id='word_1_416' title='bbox 1623 3992 1721 4048; x_wconf 92' lang='lat' dir='ltr'><strong>ﬁlii</strong></span> <span class='ocrx_word' id='word_1_417' title='bbox 1760 3993 1857 4049; x_wconf 91' lang='lat' dir='ltr'><strong>Dei</strong></span> <span class='ocrx_word' id='word_1_418' title='bbox 1892 3994 2047 4062; x_wconf 89' lang='lat' dir='ltr'><strong>estis,</strong></span> 
     </span>
    </p>
   </div>
   <div class='ocr_carea' id='block_1_58' title="bbox 458 4079 2050 4158">
    <p class='ocr_par' dir='ltr' id='par_1_58' title="bbox 458 4079 2050 4158">
     <span class='ocr_line' id='line_1_58' title="bbox 458 4079 2050 4158; baseline 0.006 -24"><span class='ocrx_word' id='word_1_419' title='bbox 458 4094 558 4149; x_wconf 91' lang='lat' dir='ltr'><strong>per</strong></span> <span class='ocrx_word' id='word_1_420' title='bbox 597 4079 762 4136; x_wconf 90' lang='lat' dir='ltr'><strong>ﬁdem</strong></span> <span class='ocrx_word' id='word_1_421' title='bbox 807 4097 930 4151; x_wconf 85' lang='lat' dir='ltr'><strong>quae</strong></span> <span class='ocrx_word' id='word_1_422' title='bbox 975 4090 1059 4137; x_wconf 89' lang='lat' dir='ltr'><strong>est</strong></span> <span class='ocrx_word' id='word_1_423' title='bbox 1107 4082 1162 4137; x_wconf 94' lang='lat' dir='ltr'><strong>in</strong></span> <span class='ocrx_word' id='word_1_424' title='bbox 1207 4083 1427 4140; x_wconf 89' lang='lat' dir='ltr'><strong>Christo</strong></span> <span class='ocrx_word' id='word_1_425' title='bbox 1473 4085 1603 4141; x_wconf 82' lang='lat' dir='ltr'><strong>Jesu</strong></span> <span class='ocrx_word' id='word_1_426' title='bbox 1643 4082 1751 4139; x_wconf 64' lang='grc' dir='ltr'><strong>δ’.»</strong></span> <span class='ocrx_word' id='word_1_427' title='bbox 1788 4086 2050 4158; x_wconf 79' lang='lat' dir='ltr'><strong>Ejusdem</strong></span> 
     </span>
    </p>
   </div>
   <div class='ocr_carea' id='block_1_59' title="bbox 457 4171 2053 4248">
    <p class='ocr_par' dir='ltr' id='par_1_59' title="bbox 457 4171 2053 4248">
     <span class='ocr_line' id='line_1_59' title="bbox 457 4171 2053 4248; baseline 0.006 -23"><span class='ocrx_word' id='word_1_428' title='bbox 457 4187 592 4227; x_wconf 88' lang='lat' dir='ltr'><strong>vero</strong></span> <span class='ocrx_word' id='word_1_429' title='bbox 614 4171 977 4228; x_wconf 89' lang='lat' dir='ltr'><strong>dubitationis</strong></span> <span class='ocrx_word' id='word_1_430' title='bbox 1005 4173 1400 4230; x_wconf 86' lang='lat' dir='ltr'><strong>obscuritatem</strong></span> <span class='ocrx_word' id='word_1_431' title='bbox 1423 4177 1771 4248; x_wconf 90' lang='lat' dir='ltr'><strong>perspicuam</strong></span> <span class='ocrx_word' id='word_1_432' title='bbox 1799 4178 1930 4235; x_wconf 83' lang='lat' dir='ltr'><strong>facit</strong></span> <span class='ocrx_word' id='word_1_433' title='bbox 1955 4179 2053 4236; x_wconf 84' lang='lat' dir='ltr'><strong>ad-</strong></span> 
     </span>
    </p>
   </div>
   <div class='ocr_carea' id='block_1_60' title="bbox 454 4263 2049 4341">
    <p class='ocr_par' dir='ltr' id='par_1_60' title="bbox 454 4263 2049 4341">
     <span class='ocr_line' id='line_1_60' title="bbox 454 4263 2049 4341; baseline 0.006 -23"><span class='ocrx_word' id='word_1_434' title='bbox 454 4263 727 4336; x_wconf 78' lang='lat' dir='ltr'><strong>iungens:</strong></span> <span class='ocrx_word' id='word_1_435' title='bbox 765 4282 786 4318; x_wconf 78' lang='grc' dir='ltr'>ι</span> <span class='ocrx_word' id='word_1_436' title='bbox 835 4263 950 4322; x_wconf 85' lang='lat' dir='ltr'><strong>Hoc</strong></span> <span class='ocrx_word' id='word_1_437' title='bbox 997 4275 1182 4323; x_wconf 91' lang='lat' dir='ltr'><strong>autem</strong></span> <span class='ocrx_word' id='word_1_438' title='bbox 1230 4268 1376 4336; x_wconf 91' lang='lat' dir='ltr'><strong>dico,</strong></span> <span class='ocrx_word' id='word_1_439' title='bbox 1423 4269 1626 4341; x_wconf 87' lang='lat' dir='ltr'><strong>lnquit,</strong></span> <span class='ocrx_word' id='word_1_440' title='bbox 1657 4277 2049 4328; x_wconf 88' lang='lat' dir='ltr'><strong>testamentum</strong></span> 
     </span>
    </p>
   </div>
   <div class='ocr_carea' id='block_1_61' title="bbox 458 4354 2052 4434">
    <p class='ocr_par' dir='ltr' id='par_1_61' title="bbox 458 4354 2052 4434">
     <span class='ocr_line' id='line_1_61' title="bbox 458 4354 2052 4434; baseline 0.008 -27"><span class='ocrx_word' id='word_1_441' title='bbox 458 4354 842 4410; x_wconf 86' lang='lat' dir='ltr'><strong>conﬁrmatum</strong></span> <span class='ocrx_word' id='word_1_442' title='bbox 874 4355 980 4427; x_wconf 81' lang='lat'><strong>55</strong></span> <span class='ocrx_word' id='word_1_443' title='bbox 1018 4372 1050 4412; x_wconf 90' lang='lat' dir='ltr'><strong>a</strong></span> <span class='ocrx_word' id='word_1_444' title='bbox 1076 4356 1189 4413; x_wconf 92' lang='lat' dir='ltr'><strong>Deo</strong></span> <span class='ocrx_word' id='word_1_445' title='bbox 1218 4373 1341 4429; x_wconf 72' lang='lat' dir='ltr'><strong>qua:</strong></span> <span class='ocrx_word' id='word_1_446' title='bbox 1375 4369 1501 4431; x_wconf 92' lang='lat' dir='ltr'><strong>post</strong></span> <span class='ocrx_word' id='word_1_447' title='bbox 1533 4361 1966 4434; x_wconf 88' lang='lat' dir='ltr'><strong>quadringentos</strong></span> <span class='ocrx_word' id='word_1_448' title='bbox 1995 4374 2052 4420; x_wconf 89' lang='lat' dir='ltr'><strong>et</strong></span> 
     </span>
    </p>
   </div>
   <div class='ocr_carea' id='block_1_62' title="bbox 461 4444 2048 4518">
    <p class='ocr_par' dir='ltr' id='par_1_62' title="bbox 461 4444 2048 4518">
     <span class='ocr_line' id='line_1_62' title="bbox 461 4444 2048 4518; baseline 0.008 -19"><span class='ocrx_word' id='word_1_449' title='bbox 461 4444 683 4518; x_wconf 86' lang='lat' dir='ltr'><strong>triginta</strong></span> <span class='ocrx_word' id='word_1_450' title='bbox 703 4462 878 4504; x_wconf 86' lang='lat' dir='ltr'><strong>annos</strong></span> <span class='ocrx_word' id='word_1_451' title='bbox 896 4448 1034 4504; x_wconf 82' lang='lat' dir='ltr'><strong>facta</strong></span> <span class='ocrx_word' id='word_1_452' title='bbox 1062 4458 1149 4506; x_wconf 89' lang='lat' dir='ltr'><strong>est</strong></span> <span class='ocrx_word' id='word_1_453' title='bbox 1171 4451 1278 4516; x_wconf 89' lang='lat' dir='ltr'><strong>lex,</strong></span> <span class='ocrx_word' id='word_1_454' title='bbox 1301 4467 1412 4507; x_wconf 92' lang='lat' dir='ltr'><strong>non</strong></span> <span class='ocrx_word' id='word_1_455' title='bbox 1437 4452 1653 4508; x_wconf 90' lang='lat' dir='ltr'><strong>irritum</strong></span> <span class='ocrx_word' id='word_1_456' title='bbox 1676 4452 1806 4509; x_wconf 79' lang='lat' dir='ltr'><strong>facit</strong></span> <span class='ocrx_word' id='word_1_457' title='bbox 1827 4455 1894 4510; x_wconf 90' lang='lat' dir='ltr'><strong>ad</strong></span> <span class='ocrx_word' id='word_1_458' title='bbox 1919 4471 2048 4511; x_wconf 86' lang='lat' dir='ltr'><strong>eva-</strong></span> 
     </span>
    </p>
   </div>
   <div class='ocr_carea' id='block_1_63' title="bbox 459 4539 2046 4618">
    <p class='ocr_par' dir='ltr' id='par_1_63' title="bbox 459 4539 2046 4618">
     <span class='ocr_line' id='line_1_63' title="bbox 459 4539 2046 4618; baseline 0.005 -25"><span class='ocrx_word' id='word_1_459' title='bbox 459 4539 725 4594; x_wconf 91' lang='lat' dir='ltr'><strong>cuandam</strong></span> <span class='ocrx_word' id='word_1_460' title='bbox 754 4542 1175 4611; x_wconf 90' lang='lat' dir='ltr'><strong>promissionem</strong></span> <span class='ocrx_word' id='word_1_461' title='bbox 1207 4561 1220 4597; x_wconf 89' lang='lat'><strong>:</strong></span> <span class='ocrx_word' id='word_1_462' title='bbox 1248 4561 1373 4600; x_wconf 91' lang='lat' dir='ltr'><strong>nam</strong></span> <span class='ocrx_word' id='word_1_463' title='bbox 1409 4545 1456 4601; x_wconf 91' lang='lat' dir='ltr'><strong>si</strong></span> <span class='ocrx_word' id='word_1_464' title='bbox 1489 4561 1558 4601; x_wconf 85' lang='lat' dir='ltr'><strong>ex</strong></span> <span class='ocrx_word' id='word_1_465' title='bbox 1584 4547 1704 4618; x_wconf 88' lang='lat' dir='ltr'><strong>lege</strong></span> <span class='ocrx_word' id='word_1_466' title='bbox 1733 4546 2046 4612; x_wconf 71' lang='lat' dir='ltr'><strong>haareditas,</strong></span> 
     </span>
    </p>
   </div>
   <div class='ocr_carea' id='block_1_64' title="bbox 454 4635 2048 4710">
    <p class='ocr_par' dir='ltr' id='par_1_64' title="bbox 454 4635 2048 4710">
     <span class='ocr_line' id='line_1_64' title="bbox 454 4635 2048 4710; baseline 0.002 -19"><span class='ocrx_word' id='word_1_467' title='bbox 454 4635 566 4705; x_wconf 86' lang='lat' dir='ltr'><strong>jam</strong></span> <span class='ocrx_word' id='word_1_468' title='bbox 595 4651 706 4691; x_wconf 92' lang='lat' dir='ltr'><strong>non</strong></span> <span class='ocrx_word' id='word_1_469' title='bbox 737 4651 805 4692; x_wconf 85' lang='lat' dir='ltr'><strong>ex</strong></span> <span class='ocrx_word' id='word_1_470' title='bbox 833 4635 1229 4707; x_wconf 89' lang='lat' dir='ltr'><strong>promissione;</strong></span> <span class='ocrx_word' id='word_1_471' title='bbox 1264 4637 1496 4694; x_wconf 76' lang='lat' dir='ltr'><strong>Abrahze</strong></span> <span class='ocrx_word' id='word_1_472' title='bbox 1521 4647 1704 4694; x_wconf 89' lang='lat' dir='ltr'><strong>autem</strong></span> <span class='ocrx_word' id='word_1_473' title='bbox 1729 4654 1828 4709; x_wconf 92' lang='lat' dir='ltr'><strong>per</strong></span> <span class='ocrx_word' id='word_1_474' title='bbox 1857 4655 2048 4710; x_wconf 88' lang='lat' dir='ltr'><strong>repro-</strong></span> 
     </span>
    </p>
   </div>
   <div class='ocr_carea' id='block_1_65' title="bbox 2148 2143 3744 2224">
    <p class='ocr_par' dir='ltr' id='par_1_65' title="bbox 2148 2143 3744 2224">
     <span class='ocr_line' id='line_1_65' title="bbox 2148 2143 3744 2224; baseline -0.004 -20"><span class='ocrx_word' id='word_1_475' title='bbox 2148 2168 2273 2222; x_wconf 74' lang='grc' dir='ltr'>μους</span> <span class='ocrx_word' id='word_1_476' title='bbox 2301 2153 2496 2209; x_wconf 86' lang='grc' dir='ltr'>Ὅτιδέ</span> <span class='ocrx_word' id='word_1_477' title='bbox 2534 2151 2734 2224; x_wconf 82' lang='grc' dir='ltr'>ἀληθὲς</span> <span class='ocrx_word' id='word_1_478' title='bbox 2777 2154 2804 2207; x_wconf 84' lang='grc' dir='ltr'><strong>ὃ</strong></span> <span class='ocrx_word' id='word_1_479' title='bbox 2845 2169 3009 2224; x_wconf 86' lang='grc' dir='ltr'>φημι,</span> <span class='ocrx_word' id='word_1_480' title='bbox 3042 2152 3136 2206; x_wconf 77' lang='grc' dir='ltr'>καὶ</span> <span class='ocrx_word' id='word_1_481' title='bbox 3177 2151 3277 2204; x_wconf 76' lang='grc' dir='ltr'>οὐκ</span> <span class='ocrx_word' id='word_1_482' title='bbox 3307 2146 3552 2218; x_wconf 75' lang='grc' dir='ltr'>ἐξίτηλος</span> <span class='ocrx_word' id='word_1_483' title='bbox 3591 2143 3744 2215; x_wconf 63' lang='grc' dir='ltr'><strong>τιςῆ</strong></span> 
     </span>
    </p>
   </div>
   <div class='ocr_carea' id='block_1_66' title="bbox 2144 2236 3733 2316">
    <p class='ocr_par' dir='ltr' id='par_1_66' title="bbox 2144 2236 3733 2316">
     <span class='ocr_line' id='line_1_66' title="bbox 2144 2236 3733 2316; baseline -0.004 -18"><span class='ocrx_word' id='word_1_484' title='bbox 2144 2243 2383 2315; x_wconf 79' lang='grc' dir='ltr'>ἀκαλλὴς</span> <span class='ocrx_word' id='word_1_485' title='bbox 2413 2247 2441 2298; x_wconf 98' lang='lat'><strong>6</strong></span> <span class='ocrx_word' id='word_1_486' title='bbox 2467 2246 2559 2298; x_wconf 69' lang='grc' dir='ltr'>ἐπὶ</span> <span class='ocrx_word' id='word_1_487' title='bbox 2591 2244 2725 2316; x_wconf 85' lang='grc' dir='ltr'>τῷδε</span> <span class='ocrx_word' id='word_1_488' title='bbox 2757 2244 2937 2313; x_wconf 88' lang='grc' dir='ltr'>λόγος,</span> <span class='ocrx_word' id='word_1_489' title='bbox 2967 2243 3294 2314; x_wconf 76' lang='grc' dir='ltr'>συλλήψεται</span> <span class='ocrx_word' id='word_1_490' title='bbox 3323 2241 3495 2311; x_wconf 85' lang='grc' dir='ltr'>λέγων</span> <span class='ocrx_word' id='word_1_491' title='bbox 3528 2242 3556 2293; x_wconf 91' lang='lat'><strong>6</strong></span> <span class='ocrx_word' id='word_1_492' title='bbox 3585 2236 3733 2292; x_wconf 81' lang='grc' dir='ltr'>Παῦ-</span> 
     </span>
    </p>
   </div>
   <div class='ocr_carea' id='block_1_67' title="bbox 2143 2333 3735 2408">
    <p class='ocr_par' dir='ltr' id='par_1_67' title="bbox 2143 2333 3735 2408">
     <span class='ocr_line' id='line_1_67' title="bbox 2143 2333 3735 2408; baseline -0.003 -20"><span class='ocrx_word' id='word_1_493' title='bbox 2143 2335 2269 2399; x_wconf 83' lang='grc' dir='ltr'>λος·</span> <span class='ocrx_word' id='word_1_494' title='bbox 2310 2356 2328 2387; x_wconf 76' lang='grc' dir='ltr'>ι</span> <span class='ocrx_word' id='word_1_495' title='bbox 2369 2336 2532 2389; x_wconf 82' lang='grc' dir='ltr'>Ὥστε</span> <span class='ocrx_word' id='word_1_496' title='bbox 2566 2337 2594 2389; x_wconf 90' lang='lat'><strong>6</strong></span> <span class='ocrx_word' id='word_1_497' title='bbox 2623 2335 2788 2406; x_wconf 76' lang='grc' dir='ltr'>νόμος</span> <span class='ocrx_word' id='word_1_498' title='bbox 2822 2335 2928 2389; x_wconf 86' lang='grc' dir='ltr'>τῶν</span> <span class='ocrx_word' id='word_1_499' title='bbox 2971 2335 3338 2408; x_wconf 78' lang='grc' dir='ltr'>παραϐάσεων</span> <span class='ocrx_word' id='word_1_500' title='bbox 3371 2333 3533 2406; x_wconf 81' lang='grc' dir='ltr'>χάριν</span> <span class='ocrx_word' id='word_1_501' title='bbox 3565 2337 3735 2402; x_wconf 79' lang='grc' dir='ltr'>π’ροσ-</span> 
     </span>
    </p>
   </div>
   <div class='ocr_carea' id='block_1_68' title="bbox 2144 2419 3742 2503">
    <p class='ocr_par' dir='ltr' id='par_1_68' title="bbox 2144 2419 3742 2503">
     <span class='ocr_line' id='line_1_68' title="bbox 2144 2419 3742 2503; baseline -0.003 -23"><span class='ocrx_word' id='word_1_502' title='bbox 2144 2426 2325 2498; x_wconf 88' lang='grc' dir='ltr'>ετέθη,</span> <span class='ocrx_word' id='word_1_503' title='bbox 2348 2427 2506 2498; x_wconf 79' lang='grc' dir='ltr'>ἄχρις</span> <span class='ocrx_word' id='word_1_504' title='bbox 2522 2419 2583 2480; x_wconf 70' lang='grc' dir='ltr'>οὗ</span> <span class='ocrx_word' id='word_1_505' title='bbox 2605 2427 2736 2503; x_wconf 79' lang='grc' dir='ltr'>ἔλθῃ</span> <span class='ocrx_word' id='word_1_506' title='bbox 2748 2427 2808 2480; x_wconf 87' lang='grc' dir='ltr'>τὸ</span> <span class='ocrx_word' id='word_1_507' title='bbox 2831 2428 3054 2499; x_wconf 80' lang='grc' dir='ltr'>σπέρμα</span> <span class='ocrx_word' id='word_1_508' title='bbox 3071 2427 3099 2479; x_wconf 87' lang='lat'><strong>6</strong></span> <span class='ocrx_word' id='word_1_509' title='bbox 3120 2425 3474 2497; x_wconf 79' lang='grc' dir='ltr'>ἐπήγγελται,</span> <span class='ocrx_word' id='word_1_510' title='bbox 3503 2424 3742 2494; x_wconf 71' lang='grc' dir='ltr'>διαταγῇ</span> 
     </span>
    </p>
   </div>
   <div class='ocr_carea' id='block_1_69' title="bbox 2146 2515 3735 2589">
    <p class='ocr_par' dir='ltr' id='par_1_69' title="bbox 2146 2515 3735 2589">
     <span class='ocr_line' id='line_1_69' title="bbox 2146 2515 3735 2589; baseline 0 -17"><span class='ocrx_word' id='word_1_511' title='bbox 2146 2518 2415 2587; x_wconf 79' lang='grc' dir='ltr'>ἀγγέλων.</span> <span class='ocrx_word' id='word_1_512' title='bbox 2462 2537 2480 2569; x_wconf 72' lang='grc' dir='ltr'>ι</span> <span class='ocrx_word' id='word_1_513' title='bbox 2519 2519 2689 2588; x_wconf 78' lang='grc' dir='ltr'>Σοφὸς</span> <span class='ocrx_word' id='word_1_514' title='bbox 2717 2519 2774 2572; x_wconf 84' lang='grc' dir='ltr'>δὲ</span> <span class='ocrx_word' id='word_1_515' title='bbox 2802 2518 2940 2588; x_wconf 79' lang='grc' dir='ltr'>άγαν</span> <span class='ocrx_word' id='word_1_516' title='bbox 2984 2517 3062 2572; x_wconf 84' lang='grc' dir='ltr'><strong>ὣν.</strong></span> <span class='ocrx_word' id='word_1_517' title='bbox 3085 2517 3184 2582; x_wconf 76' lang='grc' dir='ltr'><strong>τὰς</strong></span> <span class='ocrx_word' id='word_1_518' title='bbox 3214 2517 3476 2589; x_wconf 85' lang='grc' dir='ltr'>ἐσομένας</span> <span class='ocrx_word' id='word_1_519' title='bbox 3506 2515 3617 2569; x_wconf 78' lang='grc' dir='ltr'>ἐσθ’</span> <span class='ocrx_word' id='word_1_520' title='bbox 3646 2516 3735 2572; x_wconf 75' lang='grc' dir='ltr'>ὅτε</span> 
     </span>
    </p>
   </div>
   <div class='ocr_carea' id='block_1_70' title="bbox 2146 2611 3738 2682">
    <p class='ocr_par' dir='ltr' id='par_1_70' title="bbox 2146 2611 3738 2682">
     <span class='ocr_line' id='line_1_70' title="bbox 2146 2611 3738 2682; baseline -0.001 -20"><span class='ocrx_word' id='word_1_521' title='bbox 2146 2611 2297 2681; x_wconf 87' lang='grc' dir='ltr'>παρά</span> <span class='ocrx_word' id='word_1_522' title='bbox 2333 2627 2496 2664; x_wconf 90' lang='grc' dir='ltr'>τινων</span> <span class='ocrx_word' id='word_1_523' title='bbox 2532 2611 2906 2682; x_wconf 80' lang='grc' dir='ltr'>εύρεσιλογίας</span> <span class='ocrx_word' id='word_1_524' title='bbox 2948 2612 3043 2665; x_wconf 69' lang='grc' dir='ltr'>καὶ</span> <span class='ocrx_word' id='word_1_525' title='bbox 3087 2611 3463 2680; x_wconf 85' lang='grc' dir='ltr'>ἐπαπορήσεις</span> <span class='ocrx_word' id='word_1_526' title='bbox 3495 2625 3738 2680; x_wconf 77' lang='grc' dir='ltr'>προανα-</span> 
     </span>
    </p>
   </div>
   <div class='ocr_carea' id='block_1_71' title="bbox 2146 2697 3740 2775">
    <p class='ocr_par' dir='ltr' id='par_1_71' title="bbox 2146 2697 3740 2775">
     <span class='ocr_line' id='line_1_71' title="bbox 2146 2697 3740 2775; baseline -0.002 -20"><span class='ocrx_word' id='word_1_527' title='bbox 2146 2701 2366 2755; x_wconf 84' lang='grc' dir='ltr'>κόπτειν</span> <span class='ocrx_word' id='word_1_528' title='bbox 2390 2702 2674 2772; x_wconf 83' lang='grc' dir='ltr'>ὲπιχειρεί·</span> <span class='ocrx_word' id='word_1_529' title='bbox 2703 2697 2771 2774; x_wconf 80' lang='grc' dir='ltr'>ἦν</span> <span class='ocrx_word' id='word_1_530' title='bbox 2799 2702 2908 2770; x_wconf 83' lang='grc' dir='ltr'><strong>γάρ</strong></span> <span class='ocrx_word' id='word_1_531' title='bbox 2946 2703 3007 2775; x_wconf 88' lang='grc' dir='ltr'>δή</span> <span class='ocrx_word' id='word_1_532' title='bbox 3050 2719 3202 2766; x_wconf 85' lang='grc' dir='ltr'>τινας</span> <span class='ocrx_word' id='word_1_533' title='bbox 3227 2702 3372 2765; x_wconf 74' lang='grc' dir='ltr'>εἰκὸς</span> <span class='ocrx_word' id='word_1_534' title='bbox 3409 2703 3509 2772; x_wconf 80' lang='grc' dir='ltr'>τῆς</span> <span class='ocrx_word' id='word_1_535' title='bbox 3543 2702 3602 2754; x_wconf 86' lang='grc' dir='ltr'><strong>ἐν</strong></span> <span class='ocrx_word' id='word_1_536' title='bbox 3641 2700 3740 2753; x_wconf 84' lang='grc' dir='ltr'>πί-</span> 
     </span>
    </p>
   </div>
   <div class='ocr_carea' id='block_1_72' title="bbox 2148 2793 3739 2866">
    <p class='ocr_par' dir='ltr' id='par_1_72' title="bbox 2148 2793 3739 2866">
     <span class='ocr_line' id='line_1_72' title="bbox 2148 2793 3739 2866; baseline -0.002 -18"><span class='ocrx_word' id='word_1_537' title='bbox 2148 2811 2263 2848; x_wconf 86' lang='grc' dir='ltr'>στει</span> <span class='ocrx_word' id='word_1_538' title='bbox 2288 2793 2634 2864; x_wconf 81' lang='grc' dir='ltr'>δικαιοσύνης</span> <span class='ocrx_word' id='word_1_539' title='bbox 2665 2795 3014 2849; x_wconf 80' lang='grc' dir='ltr'>ἐπαιτιᾶσθαι</span> <span class='ocrx_word' id='word_1_540' title='bbox 3062 2796 3161 2866; x_wconf 82' lang='grc' dir='ltr'>τὴν</span> <span class='ocrx_word' id='word_1_541' title='bbox 3193 2793 3450 2866; x_wconf 84' lang='grc' dir='ltr'>μέλλησιν</span> <span class='ocrx_word' id='word_1_542' title='bbox 3503 2794 3597 2847; x_wconf 73' lang='grc' dir='ltr'>καὶ</span> <span class='ocrx_word' id='word_1_543' title='bbox 3638 2793 3739 2863; x_wconf 80' lang='grc' dir='ltr'>τὴν</span> 
     </span>
    </p>
   </div>
   <div class='ocr_carea' id='block_1_73' title="bbox 2150 2883 3736 2957">
    <p class='ocr_par' dir='ltr' id='par_1_73' title="bbox 2150 2883 3736 2957">
     <span class='ocr_line' id='line_1_73' title="bbox 2150 2883 3736 2957; baseline -0.001 -19"><span class='ocrx_word' id='word_1_544' title='bbox 2150 2885 2354 2955; x_wconf 78' lang='grc' dir='ltr'>μεταξὺ</span> <span class='ocrx_word' id='word_1_545' title='bbox 2403 2884 2495 2938; x_wconf 87' lang='grc' dir='ltr'><strong>τοῦ</strong></span> <span class='ocrx_word' id='word_1_546' title='bbox 2542 2885 2709 2956; x_wconf 83' lang='grc' dir='ltr'>νόμου</span> <span class='ocrx_word' id='word_1_547' title='bbox 2755 2885 3182 2957; x_wconf 82' lang='grc' dir='ltr'>παρεισδρομὴν,</span> <span class='ocrx_word' id='word_1_548' title='bbox 3227 2887 3306 2948; x_wconf 85' lang='grc' dir='ltr'><strong>είς</strong></span> <span class='ocrx_word' id='word_1_549' title='bbox 3339 2884 3596 2954; x_wconf 81' lang='grc' dir='ltr'>ἀθέτησιν</span> <span class='ocrx_word' id='word_1_550' title='bbox 3637 2883 3736 2953; x_wconf 80' lang='grc' dir='ltr'>τῆς</span> 
     </span>
    </p>
   </div>
   <div class='ocr_carea' id='block_1_74' title="bbox 2145 2975 3746 3052">
    <p class='ocr_par' dir='ltr' id='par_1_74' title="bbox 2145 2975 3746 3052">
     <span class='ocr_line' id='line_1_74' title="bbox 2145 2975 3746 3052; baseline -0.002 -21"><span class='ocrx_word' id='word_1_551' title='bbox 2145 2978 2377 3052; x_wconf 80' lang='grc' dir='ltr'>ἀρχαίας</span> <span class='ocrx_word' id='word_1_552' title='bbox 2401 2979 2614 3050; x_wconf 77' lang='grc' dir='ltr'>ἐκείνης</span> <span class='ocrx_word' id='word_1_553' title='bbox 2633 2978 2966 3049; x_wconf 89' lang='grc' dir='ltr'>ἐπαγγελίας</span> <span class='ocrx_word' id='word_1_554' title='bbox 2986 2977 3240 3048; x_wconf 87' lang='grc' dir='ltr'>γενέσθαι</span> <span class='ocrx_word' id='word_1_555' title='bbox 3265 2977 3465 3047; x_wconf 85' lang='grc' dir='ltr'>λέγειν.</span> <span class='ocrx_word' id='word_1_556' title='bbox 3490 2975 3746 3046; x_wconf 80' lang='grc' dir='ltr'>Τοιγάρ-</span> 
     </span>
    </p>
   </div>
   <div class='ocr_carea' id='block_1_75' title="bbox 2145 3065 3738 3142">
    <p class='ocr_par' dir='ltr' id='par_1_75' title="bbox 2145 3065 3738 3142">
     <span class='ocr_line' id='line_1_75' title="bbox 2145 3065 3738 3142; baseline -0.001 -18"><span class='ocrx_word' id='word_1_557' title='bbox 2145 3089 2228 3126; x_wconf 86' lang='grc' dir='ltr'>τοι</span> <span class='ocrx_word' id='word_1_558' title='bbox 2260 3071 2444 3142; x_wconf 77' lang='grc' dir='ltr'>φησίνο</span> <span class='ocrx_word' id='word_1_559' title='bbox 2480 3090 2500 3123; x_wconf 82' lang='grc' dir='ltr'><strong>ι</strong></span> <span class='ocrx_word' id='word_1_560' title='bbox 2546 3072 2606 3125; x_wconf 91' lang='lat'><strong>&#39;0</strong></span> <span class='ocrx_word' id='word_1_561' title='bbox 2638 3065 2730 3125; x_wconf 78' lang='grc' dir='ltr'>οὖν</span> <span class='ocrx_word' id='word_1_562' title='bbox 2764 3071 2929 3142; x_wconf 84' lang='grc' dir='ltr'>νόμος</span> <span class='ocrx_word' id='word_1_563' title='bbox 2954 3071 3098 3125; x_wconf 82' lang='grc' dir='ltr'>κατὰ</span> <span class='ocrx_word' id='word_1_564' title='bbox 3121 3070 3231 3125; x_wconf 87' lang='grc' dir='ltr'><strong>τῶν</strong></span> <span class='ocrx_word' id='word_1_565' title='bbox 3271 3070 3615 3139; x_wconf 77' lang='grc' dir='ltr'>ἐπαγγελιῶν</span> <span class='ocrx_word' id='word_1_566' title='bbox 3642 3066 3738 3122; x_wconf 77' lang='grc' dir='ltr'><strong>τοῦ</strong></span> 
     </span>
    </p>
   </div>
   <div class='ocr_carea' id='block_1_76' title="bbox 2146 3160 3747 3234">
    <p class='ocr_par' dir='ltr' id='par_1_76' title="bbox 2146 3160 3747 3234">
     <span class='ocr_line' id='line_1_76' title="bbox 2146 3160 3747 3234; baseline -0.003 -17"><span class='ocrx_word' id='word_1_567' title='bbox 2146 3162 2316 3230; x_wconf 72' lang='grc' dir='ltr'>Θεοῦ;</span> <span class='ocrx_word' id='word_1_568' title='bbox 2363 3161 2436 3234; x_wconf 80' lang='grc' dir='ltr'>μὴ</span> <span class='ocrx_word' id='word_1_569' title='bbox 2479 3163 2709 3232; x_wconf 87' lang='grc' dir='ltr'>γένοιτο.</span> <span class='ocrx_word' id='word_1_570' title='bbox 2752 3163 2817 3216; x_wconf 79' lang='lat' dir='ltr'><strong>Et</strong></span> <span class='ocrx_word' id='word_1_571' title='bbox 2849 3162 2960 3234; x_wconf 79' lang='grc' dir='ltr'>γὰρ</span> <span class='ocrx_word' id='word_1_572' title='bbox 2989 3161 3143 3233; x_wconf 85' lang='grc' dir='ltr'>ἐδόθη</span> <span class='ocrx_word' id='word_1_573' title='bbox 3176 3161 3342 3232; x_wconf 83' lang='grc' dir='ltr'>νόμος</span> <span class='ocrx_word' id='word_1_574' title='bbox 3384 3163 3413 3215; x_wconf 88' lang='lat'><strong>6</strong></span> <span class='ocrx_word' id='word_1_575' title='bbox 3445 3160 3747 3230; x_wconf 82' lang='grc' dir='ltr'>δυνάμενος</span> 
     </span>
    </p>
   </div>
   <div class='ocr_carea' id='block_1_77' title="bbox 2148 3246 3738 3322">
    <p class='ocr_par' dir='ltr' id='par_1_77' title="bbox 2148 3246 3738 3322">
     <span class='ocr_line' id='line_1_77' title="bbox 2148 3246 3738 3322; baseline -0.003 -16"><span class='ocrx_word' id='word_1_576' title='bbox 2148 3252 2523 3322; x_wconf 78' lang='grc' dir='ltr'>ζωοποιῆσαι,</span> <span class='ocrx_word' id='word_1_577' title='bbox 2567 3252 2735 3316; x_wconf 74' lang='grc' dir='ltr'>ὅντως</span> <span class='ocrx_word' id='word_1_578' title='bbox 2785 3253 2845 3305; x_wconf 82' lang='grc' dir='ltr'><strong>ἐν</strong></span> <span class='ocrx_word' id='word_1_579' title='bbox 2878 3252 3029 3322; x_wconf 83' lang='grc' dir='ltr'>νόμῳ</span> <span class='ocrx_word' id='word_1_580' title='bbox 3074 3249 3140 3304; x_wconf 86' lang='grc' dir='ltr'>ἂν</span> <span class='ocrx_word' id='word_1_581' title='bbox 3191 3246 3262 3322; x_wconf 75' lang='grc' dir='ltr'>ἦν</span> <span class='ocrx_word' id='word_1_582' title='bbox 3319 3251 3352 3320; x_wconf 81' lang='grc' dir='ltr'><strong>ἠ</strong></span> <span class='ocrx_word' id='word_1_583' title='bbox 3399 3248 3738 3320; x_wconf 77' lang='grc' dir='ltr'>δικαιοσύνη.</span> 
     </span>
    </p>
   </div>
   <div class='ocr_carea' id='block_1_78' title="bbox 2160 3341 3740 3417">
    <p class='ocr_par' dir='ltr' id='par_1_78' title="bbox 2160 3341 3740 3417">
     <span class='ocr_line' id='line_1_78' title="bbox 2160 3341 3740 3417; baseline -0.004 -17"><span class='ocrx_word' id='word_1_584' title='bbox 2160 3345 2323 3400; x_wconf 83' lang='grc' dir='ltr'><strong>Ἀλλά</strong></span> <span class='ocrx_word' id='word_1_585' title='bbox 2351 3345 2752 3415; x_wconf 85' lang='grc' dir='ltr'>συνέκλεισενή</span> <span class='ocrx_word' id='word_1_586' title='bbox 2784 3344 2976 3417; x_wconf 81' lang='grc' dir='ltr'>Γραφὴ</span> <span class='ocrx_word' id='word_1_587' title='bbox 3007 3343 3076 3397; x_wconf 81' lang='grc' dir='ltr'><strong>τά</strong></span> <span class='ocrx_word' id='word_1_588' title='bbox 3105 3343 3283 3397; x_wconf 89' lang='grc' dir='ltr'>πάντα</span> <span class='ocrx_word' id='word_1_589' title='bbox 3316 3343 3422 3395; x_wconf 79' lang='lat'><em>61:6</em></span> <span class='ocrx_word' id='word_1_590' title='bbox 3441 3341 3740 3413; x_wconf 81' lang='grc' dir='ltr'>ἁμαρτίαν,</span> 
     </span>
    </p>
   </div>
   <div class='ocr_carea' id='block_1_79' title="bbox 2149 3435 3742 3511">
    <p class='ocr_par' dir='ltr' id='par_1_79' title="bbox 2149 3435 3742 3511">
     <span class='ocr_line' id='line_1_79' title="bbox 2149 3435 3742 3511; baseline -0.004 -18"><span class='ocrx_word' id='word_1_591' title='bbox 2149 3440 2238 3493; x_wconf 73' lang='grc' dir='ltr'>ἵνα</span> <span class='ocrx_word' id='word_1_592' title='bbox 2267 3440 2302 3511; x_wconf 76' lang='grc' dir='ltr'><strong>ἠ</strong></span> <span class='ocrx_word' id='word_1_593' title='bbox 2324 3437 2628 3509; x_wconf 86' lang='grc' dir='ltr'>ἐπαγγελία</span> <span class='ocrx_word' id='word_1_594' title='bbox 2646 3439 2710 3491; x_wconf 90' lang='grc' dir='ltr'><strong>ἐκ</strong></span> <span class='ocrx_word' id='word_1_595' title='bbox 2732 3437 2968 3500; x_wconf 86' lang='grc' dir='ltr'>πίστεως</span> <span class='ocrx_word' id='word_1_596' title='bbox 3003 3435 3179 3508; x_wconf 84' lang='grc' dir='ltr'>Ἰησοῦ</span> <span class='ocrx_word' id='word_1_597' title='bbox 3203 3435 3440 3506; x_wconf 77' lang='grc' dir='ltr'>Χριστοῦ</span> <span class='ocrx_word' id='word_1_598' title='bbox 3464 3435 3590 3506; x_wconf 83' lang='grc' dir='ltr'>δοθῇ</span> <span class='ocrx_word' id='word_1_599' title='bbox 3629 3438 3742 3498; x_wconf 86' lang='grc' dir='ltr'>τοῖς</span> 
     </span>
    </p>
   </div>
   <div class='ocr_carea' id='block_1_80' title="bbox 2150 3529 3748 3604">
    <p class='ocr_par' dir='ltr' id='par_1_80' title="bbox 2150 3529 3748 3604">
     <span class='ocr_line' id='line_1_80' title="bbox 2150 3529 3748 3604; baseline -0.004 -16"><span class='ocrx_word' id='word_1_600' title='bbox 2150 3531 2515 3588; x_wconf 82' lang='grc' dir='ltr'>πιστεύουσιν.</span> <span class='ocrx_word' id='word_1_601' title='bbox 2540 3531 2654 3604; x_wconf 79' lang='grc' dir='ltr'><strong>Πρὸ</strong></span> <span class='ocrx_word' id='word_1_602' title='bbox 2677 3531 2768 3584; x_wconf 90' lang='grc' dir='ltr'><strong>τοῦ</strong></span> <span class='ocrx_word' id='word_1_603' title='bbox 2795 3531 2853 3584; x_wconf 85' lang='grc' dir='ltr'><strong>δέ</strong></span> <span class='ocrx_word' id='word_1_604' title='bbox 2887 3530 3059 3583; x_wconf 79' lang='grc' dir='ltr'>ἐλθεῖν</span> <span class='ocrx_word' id='word_1_605' title='bbox 3089 3531 3188 3602; x_wconf 83' lang='grc' dir='ltr'>τὴν</span> <span class='ocrx_word' id='word_1_606' title='bbox 3217 3529 3421 3594; x_wconf 87' lang='grc' dir='ltr'>πίστιν,</span> <span class='ocrx_word' id='word_1_607' title='bbox 3447 3529 3554 3582; x_wconf 85' lang='lat'><em>61:6</em></span> <span class='ocrx_word' id='word_1_608' title='bbox 3575 3529 3748 3598; x_wconf 78' lang='grc' dir='ltr'>νόμου</span> 
     </span>
    </p>
   </div>
   <div class='ocr_carea' id='block_1_81' title="bbox 2150 3621 3742 3696">
    <p class='ocr_par' dir='ltr' id='par_1_81' title="bbox 2150 3621 3742 3696">
     <span class='ocr_line' id='line_1_81' title="bbox 2150 3621 3742 3696; baseline -0.002 -21"><span class='ocrx_word' id='word_1_609' title='bbox 2150 3623 2565 3696; x_wconf 83' lang='grc' dir='ltr'>ἐφρουρούμεθα</span> <span class='ocrx_word' id='word_1_610' title='bbox 2587 3623 2996 3694; x_wconf 86' lang='grc' dir='ltr'>συγκλειόμενοι</span> <span class='ocrx_word' id='word_1_611' title='bbox 3018 3624 3096 3686; x_wconf 78' lang='grc' dir='ltr'><strong>είς</strong></span> <span class='ocrx_word' id='word_1_612' title='bbox 3116 3621 3214 3692; x_wconf 82' lang='grc' dir='ltr'>τὴν</span> <span class='ocrx_word' id='word_1_613' title='bbox 3239 3621 3540 3692; x_wconf 84' lang='grc' dir='ltr'>μέλλουσαν</span> <span class='ocrx_word' id='word_1_614' title='bbox 3562 3621 3742 3673; x_wconf 84' lang='grc' dir='ltr'>πίστιν</span> 
     </span>
    </p>
   </div>
   <div class='ocr_carea' id='block_1_82' title="bbox 2151 3712 3743 3787">
    <p class='ocr_par' dir='ltr' id='par_1_82' title="bbox 2151 3712 3743 3787">
     <span class='ocr_line' id='line_1_82' title="bbox 2151 3712 3743 3787; baseline -0.003 -18"><span class='ocrx_word' id='word_1_615' title='bbox 2151 3714 2603 3787; x_wconf 80' lang='grc' dir='ltr'>ἀποκαλυφθῆναι</span> <span class='ocrx_word' id='word_1_616' title='bbox 2632 3716 2712 3779; x_wconf 89' lang='grc' dir='ltr'><strong>είς</strong></span> <span class='ocrx_word' id='word_1_617' title='bbox 2742 3717 2909 3787; x_wconf 76' lang='grc' dir='ltr'>ἡμᾶς.</span> <span class='ocrx_word' id='word_1_618' title='bbox 2947 3715 3110 3768; x_wconf 82' lang='grc' dir='ltr'>Ὥστε</span> <span class='ocrx_word' id='word_1_619' title='bbox 3143 3715 3171 3767; x_wconf 88' lang='lat'><strong>6</strong></span> <span class='ocrx_word' id='word_1_620' title='bbox 3203 3713 3367 3784; x_wconf 84' lang='grc' dir='ltr'>νόμος</span> <span class='ocrx_word' id='word_1_621' title='bbox 3394 3712 3743 3781; x_wconf 78' lang='grc' dir='ltr'>παιδαγωγὸς</span> 
     </span>
    </p>
   </div>
   <div class='ocr_carea' id='block_1_83' title="bbox 2151 3805 3744 3878">
    <p class='ocr_par' dir='ltr' id='par_1_83' title="bbox 2151 3805 3744 3878">
     <span class='ocr_line' id='line_1_83' title="bbox 2151 3805 3744 3878; baseline -0.003 -17"><span class='ocrx_word' id='word_1_622' title='bbox 2151 3807 2309 3878; x_wconf 79' lang='grc' dir='ltr'>ἡμῶν</span> <span class='ocrx_word' id='word_1_623' title='bbox 2335 3809 2557 3876; x_wconf 84' lang='grc' dir='ltr'>γέγονεν</span> <span class='ocrx_word' id='word_1_624' title='bbox 2582 3809 2663 3870; x_wconf 86' lang='grc' dir='ltr'><strong>είς</strong></span> <span class='ocrx_word' id='word_1_625' title='bbox 2685 3806 2938 3878; x_wconf 81' lang='grc' dir='ltr'>Χριστὸν,</span> <span class='ocrx_word' id='word_1_626' title='bbox 2965 3806 3052 3859; x_wconf 81' lang='grc' dir='ltr'>ἵνα</span> <span class='ocrx_word' id='word_1_627' title='bbox 3074 3807 3138 3859; x_wconf 86' lang='grc' dir='ltr'><strong>ἐκ</strong></span> <span class='ocrx_word' id='word_1_628' title='bbox 3165 3805 3401 3869; x_wconf 83' lang='grc' dir='ltr'>πίστεως</span> <span class='ocrx_word' id='word_1_629' title='bbox 3438 3805 3744 3859; x_wconf 80' lang='grc' dir='ltr'>δικαιωθῶ·</span> 
     </span>
    </p>
   </div>
   <div class='ocr_carea' id='block_1_84' title="bbox 2155 3897 3742 3972">
    <p class='ocr_par' dir='ltr' id='par_1_84' title="bbox 2155 3897 3742 3972">
     <span class='ocr_line' id='line_1_84' title="bbox 2155 3897 3742 3972; baseline -0.001 -20"><span class='ocrx_word' id='word_1_630' title='bbox 2155 3916 2275 3972; x_wconf 89' lang='grc' dir='ltr'>μεν.</span> <span class='ocrx_word' id='word_1_631' title='bbox 2319 3899 2609 3972; x_wconf 86' lang='grc' dir='ltr'>Ἐλθούσης</span> <span class='ocrx_word' id='word_1_632' title='bbox 2647 3899 2705 3954; x_wconf 84' lang='grc' dir='ltr'><strong>δέ</strong></span> <span class='ocrx_word' id='word_1_633' title='bbox 2731 3899 2832 3970; x_wconf 84' lang='grc' dir='ltr'><strong>τῆς</strong></span> <span class='ocrx_word' id='word_1_634' title='bbox 2859 3898 3094 3961; x_wconf 87' lang='grc' dir='ltr'>πίστεως</span> <span class='ocrx_word' id='word_1_635' title='bbox 3119 3897 3301 3951; x_wconf 81' lang='grc' dir='ltr'>οὐκέτι</span> <span class='ocrx_word' id='word_1_636' title='bbox 3328 3897 3433 3951; x_wconf 82' lang='grc' dir='ltr'><strong>ὑπὸ</strong></span> <span class='ocrx_word' id='word_1_637' title='bbox 3464 3897 3742 3966; x_wconf 85' lang='grc' dir='ltr'>παιδαγω-</span> 
     </span>
    </p>
   </div>
   <div class='ocr_carea' id='block_1_85' title="bbox 2151 3989 3744 4064">
    <p class='ocr_par' dir='ltr' id='par_1_85' title="bbox 2151 3989 3744 4064">
     <span class='ocr_line' id='line_1_85' title="bbox 2151 3989 3744 4064; baseline -0.003 -18"><span class='ocrx_word' id='word_1_638' title='bbox 2151 3992 2247 4063; x_wconf 85' lang='grc' dir='ltr'><strong>γόν</strong></span> <span class='ocrx_word' id='word_1_639' title='bbox 2270 3993 2456 4063; x_wconf 87' lang='grc' dir='ltr'>ἐσμεν,</span> <span class='ocrx_word' id='word_1_640' title='bbox 2486 3992 2686 4054; x_wconf 87' lang='grc' dir='ltr'>πάντες</span> <span class='ocrx_word' id='word_1_641' title='bbox 2709 3991 2820 4064; x_wconf 79' lang='grc' dir='ltr'><strong>γὰρ</strong></span> <span class='ocrx_word' id='word_1_642' title='bbox 2843 3990 2950 4044; x_wconf 75' lang='grc' dir='ltr'>υἱοὶ</span> <span class='ocrx_word' id='word_1_643' title='bbox 2971 3989 3105 4043; x_wconf 82' lang='grc' dir='ltr'>Θεοῦ</span> <span class='ocrx_word' id='word_1_644' title='bbox 3131 3991 3255 4042; x_wconf 89' lang='grc' dir='ltr'>ἐστε</span> <span class='ocrx_word' id='word_1_645' title='bbox 3278 3989 3365 4043; x_wconf 86' lang='grc' dir='ltr'><strong>διὰ</strong></span> <span class='ocrx_word' id='word_1_646' title='bbox 3386 3990 3483 4060; x_wconf 84' lang='grc' dir='ltr'>τῆς</span> <span class='ocrx_word' id='word_1_647' title='bbox 3505 3990 3744 4052; x_wconf 78' lang='grc' dir='ltr'>πίστεως</span> 
     </span>
    </p>
   </div>
   <div class='ocr_carea' id='block_1_86' title="bbox 2153 4081 3744 4156">
    <p class='ocr_par' dir='ltr' id='par_1_86' title="bbox 2153 4081 3744 4156">
     <span class='ocr_line' id='line_1_86' title="bbox 2153 4081 3744 4156; baseline -0.003 -19"><span class='ocrx_word' id='word_1_648' title='bbox 2153 4085 2211 4137; x_wconf 83' lang='grc' dir='ltr'><strong>ἐν</strong></span> <span class='ocrx_word' id='word_1_649' title='bbox 2253 4083 2476 4156; x_wconf 80' lang='grc' dir='ltr'>Χριστῷ</span> <span class='ocrx_word' id='word_1_650' title='bbox 2515 4081 2712 4154; x_wconf 85' lang='grc' dir='ltr'>Ἰησοῦ.</span> <span class='ocrx_word' id='word_1_651' title='bbox 2768 4100 2785 4134; x_wconf 81' lang='grc' dir='ltr'>ι</span> <span class='ocrx_word' id='word_1_652' title='bbox 2841 4081 3278 4136; x_wconf 80' lang='grc' dir='ltr'>Καταλευκαίνει</span> <span class='ocrx_word' id='word_1_653' title='bbox 3313 4081 3369 4135; x_wconf 78' lang='grc' dir='ltr'>δὲ</span> <span class='ocrx_word' id='word_1_654' title='bbox 3414 4081 3605 4152; x_wconf 82' lang='grc' dir='ltr'>ὥσπερ</span> <span class='ocrx_word' id='word_1_655' title='bbox 3645 4081 3744 4153; x_wconf 75' lang='grc' dir='ltr'>τὴν</span> 
     </span>
    </p>
   </div>
   <div class='ocr_carea' id='block_1_87' title="bbox 2153 4170 3746 4246">
    <p class='ocr_par' dir='ltr' id='par_1_87' title="bbox 2153 4170 3746 4246">
     <span class='ocr_line' id='line_1_87' title="bbox 2153 4170 3746 4246; baseline -0.002 -17"><span class='ocrx_word' id='word_1_656' title='bbox 2153 4175 2501 4246; x_wconf 76' lang='grc' dir='ltr'>ἐπαπορησιν</span> <span class='ocrx_word' id='word_1_657' title='bbox 2518 4170 2574 4228; x_wconf 82' lang='grc' dir='ltr'>εὖ</span> <span class='ocrx_word' id='word_1_658' title='bbox 2604 4173 2749 4245; x_wconf 89' lang='grc' dir='ltr'>μάλα</span> <span class='ocrx_word' id='word_1_659' title='bbox 2773 4173 3106 4244; x_wconf 74' lang='grc' dir='ltr'>προστιθεὶς,</span> <span class='ocrx_word' id='word_1_660' title='bbox 3138 4193 3154 4224; x_wconf 80' lang='grc' dir='ltr'>ι</span> <span class='ocrx_word' id='word_1_661' title='bbox 3185 4173 3356 4226; x_wconf 86' lang='grc' dir='ltr'>Τοῦτο</span> <span class='ocrx_word' id='word_1_662' title='bbox 3372 4173 3610 4240; x_wconf 79' lang='grc' dir='ltr'>δὲλέγω,</span> <span class='ocrx_word' id='word_1_663' title='bbox 3631 4173 3746 4226; x_wconf 77' lang='grc' dir='ltr'>δια-</span> 
     </span>
    </p>
   </div>
   <div class='ocr_carea' id='block_1_88' title="bbox 2153 4253 3748 4340">
    <p class='ocr_par' dir='ltr' id='par_1_88' title="bbox 2153 4253 3748 4340">
     <span class='ocr_line' id='line_1_88' title="bbox 2153 4253 3748 4340; baseline -0.003 -18"><span class='ocrx_word' id='word_1_664' title='bbox 2153 4268 2327 4340; x_wconf 86' lang='grc' dir='ltr'>θήκην</span> <span class='ocrx_word' id='word_1_665' title='bbox 2357 4265 2859 4338; x_wconf 77' lang='grc' dir='ltr'>προκεκυρωμένην</span> <span class='ocrx_word' id='word_1_666' title='bbox 2908 4265 3014 4320; x_wconf 82' lang='grc' dir='ltr'>ὑπδ</span> <span class='ocrx_word' id='word_1_667' title='bbox 3057 4264 3152 4318; x_wconf 82' lang='grc' dir='ltr'><strong>τοῦ</strong></span> <span class='ocrx_word' id='word_1_668' title='bbox 3181 4253 3339 4332; x_wconf 82' lang='grc' dir='ltr'>Θεοῦ,</span> <span class='ocrx_word' id='word_1_669' title='bbox 3377 4266 3405 4318; x_wconf 89' lang='lat'><strong>6</strong></span> <span class='ocrx_word' id='word_1_670' title='bbox 3458 4266 3598 4336; x_wconf 78' lang='grc' dir='ltr'>μετὰ</span> <span class='ocrx_word' id='word_1_671' title='bbox 3647 4266 3748 4338; x_wconf 78' lang='grc' dir='ltr'><strong>ἐτη</strong></span> 
     </span>
    </p>
   </div>
   <div class='ocr_carea' id='block_1_89' title="bbox 2151 4358 3749 4433">
    <p class='ocr_par' dir='ltr' id='par_1_89' title="bbox 2151 4358 3749 4433">
     <span class='ocr_line' id='line_1_89' title="bbox 2151 4358 3749 4433; baseline -0.002 -18"><span class='ocrx_word' id='word_1_672' title='bbox 2151 4360 2479 4433; x_wconf 84' lang='grc' dir='ltr'>τετρακόσια</span> <span class='ocrx_word' id='word_1_673' title='bbox 2508 4359 2602 4413; x_wconf 67' lang='grc' dir='ltr'>καὶ</span> <span class='ocrx_word' id='word_1_674' title='bbox 2635 4360 2930 4429; x_wconf 84' lang='grc' dir='ltr'>τριάκοντα</span> <span class='ocrx_word' id='word_1_675' title='bbox 2951 4358 3189 4427; x_wconf 81' lang='grc' dir='ltr'>γεγονὼς</span> <span class='ocrx_word' id='word_1_676' title='bbox 3218 4359 3380 4428; x_wconf 81' lang='grc' dir='ltr'>νόμος</span> <span class='ocrx_word' id='word_1_677' title='bbox 3401 4359 3500 4411; x_wconf 75' lang='grc' dir='ltr'>οὐκ</span> <span class='ocrx_word' id='word_1_678' title='bbox 3526 4359 3749 4429; x_wconf 77' lang='grc' dir='ltr'>ἀκυροῖ,</span> 
     </span>
    </p>
   </div>
   <div class='ocr_carea' id='block_1_90' title="bbox 2153 4450 3742 4525">
    <p class='ocr_par' dir='ltr' id='par_1_90' title="bbox 2153 4450 3742 4525">
     <span class='ocr_line' id='line_1_90' title="bbox 2153 4450 3742 4525; baseline -0.001 -18"><span class='ocrx_word' id='word_1_679' title='bbox 2153 4455 2233 4516; x_wconf 87' lang='grc' dir='ltr'><strong>εἰς</strong></span> <span class='ocrx_word' id='word_1_680' title='bbox 2260 4453 2321 4507; x_wconf 75' lang='grc' dir='ltr'>τὸ</span> <span class='ocrx_word' id='word_1_681' title='bbox 2347 4454 2693 4525; x_wconf 84' lang='grc' dir='ltr'>καταργῆσαι</span> <span class='ocrx_word' id='word_1_682' title='bbox 2722 4453 2820 4521; x_wconf 83' lang='grc' dir='ltr'>τὴν</span> <span class='ocrx_word' id='word_1_683' title='bbox 2845 4451 3198 4520; x_wconf 79' lang='grc' dir='ltr'>ἐπαγγελίαν·</span> <span class='ocrx_word' id='word_1_684' title='bbox 3221 4452 3270 4504; x_wconf 90' lang='grc' dir='ltr'><strong>εί</strong></span> <span class='ocrx_word' id='word_1_685' title='bbox 3299 4450 3408 4523; x_wconf 80' lang='grc' dir='ltr'><strong>γὰρ</strong></span> <span class='ocrx_word' id='word_1_686' title='bbox 3436 4453 3499 4505; x_wconf 85' lang='grc' dir='ltr'><strong>ἐκ</strong></span> <span class='ocrx_word' id='word_1_687' title='bbox 3520 4453 3685 4523; x_wconf 82' lang='grc' dir='ltr'>νόμου</span> <span class='ocrx_word' id='word_1_688' title='bbox 3709 4455 3742 4524; x_wconf 88' lang='grc' dir='ltr'><strong>ή</strong></span> 
     </span>
    </p>
   </div>
   <div class='ocr_carea' id='block_1_91' title="bbox 2151 4542 3748 4616">
    <p class='ocr_par' dir='ltr' id='par_1_91' title="bbox 2151 4542 3748 4616">
     <span class='ocr_line' id='line_1_91' title="bbox 2151 4542 3748 4616; baseline -0.001 -17"><span class='ocrx_word' id='word_1_689' title='bbox 2151 4544 2522 4615; x_wconf 82' lang='grc' dir='ltr'>κληρονομία,</span> <span class='ocrx_word' id='word_1_690' title='bbox 2567 4542 2750 4596; x_wconf 80' lang='grc' dir='ltr'>οὐκέτι</span> <span class='ocrx_word' id='word_1_691' title='bbox 2777 4542 2837 4608; x_wconf 85' lang='grc' dir='ltr'>ἐξ</span> <span class='ocrx_word' id='word_1_692' title='bbox 2876 4543 3228 4611; x_wconf 86' lang='grc' dir='ltr'>ἐπαγγελίας.</span> <span class='ocrx_word' id='word_1_693' title='bbox 3275 4543 3366 4614; x_wconf 83' lang='grc' dir='ltr'>Τῷ</span> <span class='ocrx_word' id='word_1_694' title='bbox 3399 4543 3456 4597; x_wconf 87' lang='grc' dir='ltr'>δὲ</span> <span class='ocrx_word' id='word_1_695' title='bbox 3496 4544 3748 4616; x_wconf 80' lang='grc' dir='ltr'>’Λὸραὰμ</span> 
     </span>
    </p>
   </div>
   <div class='ocr_carea' id='block_1_92' title="bbox 2153 4634 3749 4711">
    <p class='ocr_par' dir='ltr' id='par_1_92' title="bbox 2153 4634 3749 4711">
     <span class='ocr_line' id='line_1_92' title="bbox 2153 4634 3749 4711; baseline 0 -22"><span class='ocrx_word' id='word_1_696' title='bbox 2153 4635 2219 4689; x_wconf 87' lang='grc' dir='ltr'>δι’</span> <span class='ocrx_word' id='word_1_697' title='bbox 2264 4635 2598 4706; x_wconf 84' lang='grc' dir='ltr'>ἐπαγγελίας</span> <span class='ocrx_word' id='word_1_698' title='bbox 2645 4634 2970 4706; x_wconf 82' lang='grc' dir='ltr'>κεχάρισται</span> <span class='ocrx_word' id='word_1_699' title='bbox 3009 4636 3037 4688; x_wconf 89' lang='lat'><strong>6</strong></span> <span class='ocrx_word' id='word_1_700' title='bbox 3085 4634 3233 4698; x_wconf 87' lang='grc' dir='ltr'>Θεός.</span> <span class='ocrx_word' id='word_1_701' title='bbox 3291 4653 3309 4688; x_wconf 74' lang='grc' dir='ltr'><strong>ι</strong></span> <span class='ocrx_word' id='word_1_702' title='bbox 3369 4635 3749 4711; x_wconf 82' lang='grc' dir='ltr'>Κατακλεὶσας</span> 
     </span>
    </p>
   </div>
   <div class='ocr_carea' id='block_1_93' title="bbox 459 4724 2044 4802">
    <p class='ocr_par' dir='ltr' id='par_1_93' title="bbox 459 4726 2044 4802">
     <span class='ocr_line' id='line_1_93' title="bbox 459 4726 2044 4802; baseline 0.002 -19"><span class='ocrx_word' id='word_1_703' title='bbox 459 4727 776 4783; x_wconf 91' lang='lat' dir='ltr'><strong>missionem</strong></span> <span class='ocrx_word' id='word_1_704' title='bbox 819 4726 1043 4782; x_wconf 88' lang='lat' dir='ltr'><strong>donavit</strong></span> <span class='ocrx_word' id='word_1_705' title='bbox 1092 4729 1239 4784; x_wconf 90' lang='lat' dir='ltr'><strong>Deus</strong></span> <span class='ocrx_word' id='word_1_706' title='bbox 1286 4730 1352 4784; x_wconf 82' lang='lat'><strong>°°.</strong></span> <span class='ocrx_word' id='word_1_707' title='bbox 1413 4749 1430 4781; x_wconf 73' lang='grc' dir='ltr'>ι</span> <span class='ocrx_word' id='word_1_708' title='bbox 1475 4729 1613 4786; x_wconf 90' lang='lat' dir='ltr'><strong>Cum</strong></span> <span class='ocrx_word' id='word_1_709' title='bbox 1658 4731 1825 4802; x_wconf 90' lang='lat' dir='ltr'><strong>igitur</strong></span> <span class='ocrx_word' id='word_1_710' title='bbox 1863 4731 1951 4786; x_wconf 88' lang='lat' dir='ltr'><strong>lex</strong></span> <span class='ocrx_word' id='word_1_711' title='bbox 1993 4731 2044 4786; x_wconf 89' lang='lat' dir='ltr'><strong>in</strong></span> 
     </span>
    </p>
   </div>
   <div class='ocr_carea' id='block_1_94' title="bbox 2149 4724 3750 4802">
    <p class='ocr_par' dir='ltr' id='par_1_94' title="bbox 2152 4724 3750 4800">
     <span class='ocr_line' id='line_1_94' title="bbox 2152 4724 3750 4800; baseline 0 -18"><span class='ocrx_word' id='word_1_712' title='bbox 2152 4724 2246 4783; x_wconf 77' lang='grc' dir='ltr'>οὖν</span> <span class='ocrx_word' id='word_1_713' title='bbox 2299 4729 2448 4800; x_wconf 81' lang='grc' dir='ltr'>ἡμᾶς</span> <span class='ocrx_word' id='word_1_714' title='bbox 2485 4730 2565 4792; x_wconf 84' lang='grc' dir='ltr'><strong>είς</strong></span> <span class='ocrx_word' id='word_1_715' title='bbox 2613 4725 2888 4798; x_wconf 83' lang='grc' dir='ltr'>ἁμαρτίαν</span> <span class='ocrx_word' id='word_1_716' title='bbox 2934 4729 2963 4780; x_wconf 82' lang='lat'><strong>6</strong></span> <span class='ocrx_word' id='word_1_717' title='bbox 3004 4726 3194 4798; x_wconf 83' lang='grc' dir='ltr'>νόμος,</span> <span class='ocrx_word' id='word_1_718' title='bbox 3251 4727 3750 4798; x_wconf 78' lang='grc' dir='ltr'>πεπαιδαγώγηκεν</span> 
     </span>
    </p>
   </div>
   <div class='ocr_carea' id='block_1_95' title="bbox 457 4820 2044 4894">
    <p class='ocr_par' dir='ltr' id='par_1_95' title="bbox 457 4820 2044 4894">
     <span class='ocr_line' id='line_1_95' title="bbox 457 4820 2044 4894; baseline 0.001 -20"><span class='ocrx_word' id='word_1_719' title='bbox 457 4828 743 4890; x_wconf 89' lang='lat' dir='ltr'><strong>peccatum</strong></span> <span class='ocrx_word' id='word_1_720' title='bbox 775 4834 878 4874; x_wconf 91' lang='lat' dir='ltr'><strong>nos</strong></span> <span class='ocrx_word' id='word_1_721' title='bbox 904 4820 1284 4884; x_wconf 88' lang='lat' dir='ltr'><strong>conclusisset,</strong></span> <span class='ocrx_word' id='word_1_722' title='bbox 1324 4831 1387 4877; x_wconf 88' lang='lat' dir='ltr'><strong>ut</strong></span> <span class='ocrx_word' id='word_1_723' title='bbox 1423 4822 1749 4894; x_wconf 65' lang='lat' dir='ltr'><strong>pmdagogus</strong></span> <span class='ocrx_word' id='word_1_724' title='bbox 1782 4822 1848 4878; x_wconf 86' lang='lat' dir='ltr'><strong>ad</strong></span> <span class='ocrx_word' id='word_1_725' title='bbox 1882 4821 2044 4878; x_wconf 90' lang='lat' dir='ltr'><strong>Chri-</strong></span> 
     </span>
    </p>
   </div>
   <div class='ocr_carea' id='block_1_96' title="bbox 459 4909 2047 4987">
    <p class='ocr_par' dir='ltr' id='par_1_96' title="bbox 459 4909 2047 4987">
     <span class='ocr_line' id='line_1_96' title="bbox 459 4909 2047 4987; baseline 0.002 -21"><span class='ocrx_word' id='word_1_726' title='bbox 459 4921 606 4967; x_wconf 90' lang='lat' dir='ltr'><strong>stum</strong></span> <span class='ocrx_word' id='word_1_727' title='bbox 646 4909 908 4977; x_wconf 88' lang='lat' dir='ltr'><strong>adduxit;</strong></span> <span class='ocrx_word' id='word_1_728' title='bbox 959 4909 1084 4966; x_wconf 91' lang='lat' dir='ltr'><strong>ﬁnis</strong></span> <span class='ocrx_word' id='word_1_729' title='bbox 1133 4910 1280 4966; x_wconf 90' lang='lat' dir='ltr'><strong>enim</strong></span> <span class='ocrx_word' id='word_1_730' title='bbox 1323 4912 1460 4983; x_wconf 88' lang='lat' dir='ltr'><strong>legis</strong></span> <span class='ocrx_word' id='word_1_731' title='bbox 1521 4930 1587 4971; x_wconf 90' lang='lat' dir='ltr'><strong>ac</strong></span> <span class='ocrx_word' id='word_1_732' title='bbox 1651 4915 2047 4987; x_wconf 88' lang='lat' dir='ltr'><strong>prophetarum</strong></span> 
     </span>
    </p>
   </div>
   <div class='ocr_carea' id='block_1_97' title="bbox 457 5000 2048 5077">
    <p class='ocr_par' dir='ltr' id='par_1_97' title="bbox 457 5000 2048 5077">
     <span class='ocr_line' id='line_1_97' title="bbox 457 5000 2048 5077; baseline 0.001 -18"><span class='ocrx_word' id='word_1_733' title='bbox 457 5001 732 5062; x_wconf 87' lang='lat' dir='ltr'><strong>Christus.</strong></span> <span class='ocrx_word' id='word_1_734' title='bbox 767 5001 956 5072; x_wconf 89' lang='lat' dir='ltr'><strong>Itaque</strong></span> <span class='ocrx_word' id='word_1_735' title='bbox 997 5000 1044 5056; x_wconf 92' lang='lat' dir='ltr'><strong>is</strong></span> <span class='ocrx_word' id='word_1_736' title='bbox 1073 5000 1291 5058; x_wconf 90' lang='lat' dir='ltr'><strong>dicebat</strong></span> <span class='ocrx_word' id='word_1_737' title='bbox 1321 5004 1634 5060; x_wconf 72' lang='lat' dir='ltr'><strong>Iudaeorum</strong></span> <span class='ocrx_word' id='word_1_738' title='bbox 1682 5005 1922 5077; x_wconf 87' lang='lat' dir='ltr'><strong>populis,</strong></span> <span class='ocrx_word' id='word_1_739' title='bbox 1953 5007 2048 5076; x_wconf 89' lang='lat' dir='ltr'><strong>qui</strong></span> 
     </span>
    </p>
   </div>
   <div class='ocr_carea' id='block_1_98' title="bbox 458 5094 2049 5169">
    <p class='ocr_par' dir='ltr' id='par_1_98' title="bbox 458 5094 2049 5169">
     <span class='ocr_line' id='line_1_98' title="bbox 458 5094 2049 5169; baseline 0.001 -16"><span class='ocrx_word' id='word_1_740' title='bbox 458 5096 566 5153; x_wconf 88' lang='lat' dir='ltr'><strong>sibi</strong></span> <span class='ocrx_word' id='word_1_741' title='bbox 600 5112 711 5153; x_wconf 92' lang='lat' dir='ltr'><strong>non</strong></span> <span class='ocrx_word' id='word_1_742' title='bbox 738 5094 1125 5153; x_wconf 89' lang='lat' dir='ltr'><strong>crediderant:</strong></span> <span class='ocrx_word' id='word_1_743' title='bbox 1165 5114 1184 5148; x_wconf 83' lang='grc' dir='ltr'>ι</span> <span class='ocrx_word' id='word_1_744' title='bbox 1221 5095 1277 5151; x_wconf 93' lang='lat' dir='ltr'><strong>Si</strong></span> <span class='ocrx_word' id='word_1_745' title='bbox 1304 5095 1605 5152; x_wconf 90' lang='lat' dir='ltr'><strong>crederetis</strong></span> <span class='ocrx_word' id='word_1_746' title='bbox 1643 5097 1829 5169; x_wconf 83' lang='lat' dir='ltr'><strong>Moysi,</strong></span> <span class='ocrx_word' id='word_1_747' title='bbox 1853 5099 2049 5154; x_wconf 90' lang='lat' dir='ltr'><strong>crede-</strong></span> 
     </span>
    </p>
   </div>
   <div class='ocr_carea' id='block_1_99' title="bbox 461 5187 2040 5262">
    <p class='ocr_par' dir='ltr' id='par_1_99' title="bbox 461 5187 2040 5262">
     <span class='ocr_line' id='line_1_99' title="bbox 461 5187 2040 5262; baseline 0.001 -19"><span class='ocrx_word' id='word_1_748' title='bbox 461 5189 594 5244; x_wconf 90' lang='lat' dir='ltr'><strong>retis</strong></span> <span class='ocrx_word' id='word_1_749' title='bbox 627 5189 818 5262; x_wconf 90' lang='lat' dir='ltr'><strong>utique</strong></span> <span class='ocrx_word' id='word_1_750' title='bbox 852 5195 909 5245; x_wconf 89' lang='lat' dir='ltr'><strong>et</strong></span> <span class='ocrx_word' id='word_1_751' title='bbox 945 5187 1102 5246; x_wconf 90' lang='lat' dir='ltr'><strong>mihi.</strong></span> <span class='ocrx_word' id='word_1_752' title='bbox 1147 5188 1223 5245; x_wconf 92' lang='lat' dir='ltr'><strong>De</strong></span> <span class='ocrx_word' id='word_1_753' title='bbox 1252 5203 1340 5244; x_wconf 90' lang='lat' dir='ltr'><strong>me</strong></span> <span class='ocrx_word' id='word_1_754' title='bbox 1371 5187 1520 5244; x_wconf 90' lang='lat' dir='ltr'><strong>enim</strong></span> <span class='ocrx_word' id='word_1_755' title='bbox 1551 5189 1642 5244; x_wconf 91' lang='lat' dir='ltr'><strong>ille</strong></span> <span class='ocrx_word' id='word_1_756' title='bbox 1680 5191 1900 5261; x_wconf 89' lang='lat' dir='ltr'><strong>scripsit</strong></span> <span class='ocrx_word' id='word_1_757' title='bbox 1926 5192 1990 5247; x_wconf 82' lang='grc'><strong>⁶¹.</strong></span> <span class='ocrx_word' id='word_1_758' title='bbox 2023 5211 2040 5244; x_wconf 77' lang='grc' dir='ltr'>ι</span> 
     </span>
    </p>
   </div>
   <div class='ocr_carea' id='block_1_100' title="bbox 460 5280 2048 5353">
    <p class='ocr_par' dir='ltr' id='par_1_100' title="bbox 460 5280 2048 5353">
     <span class='ocr_line' id='line_1_100' title="bbox 460 5280 2048 5353; baseline -0.001 -15"><span class='ocrx_word' id='word_1_759' title='bbox 460 5281 835 5338; x_wconf 83' lang='lat' dir='ltr'><strong>Justiﬁeamur</strong></span> <span class='ocrx_word' id='word_1_760' title='bbox 853 5281 1000 5339; x_wconf 91' lang='lat' dir='ltr'><strong>enim</strong></span> <span class='ocrx_word' id='word_1_761' title='bbox 1021 5297 1131 5338; x_wconf 92' lang='lat' dir='ltr'><strong>non</strong></span> <span class='ocrx_word' id='word_1_762' title='bbox 1146 5295 1214 5338; x_wconf 83' lang='lat' dir='ltr'><strong>ex</strong></span> <span class='ocrx_word' id='word_1_763' title='bbox 1235 5280 1498 5353; x_wconf 84' lang='lat' dir='ltr'><strong>Operibus</strong></span> <span class='ocrx_word' id='word_1_764' title='bbox 1513 5281 1669 5352; x_wconf 87' lang='lat' dir='ltr'><strong>legis,</strong></span> <span class='ocrx_word' id='word_1_765' title='bbox 1699 5283 1794 5338; x_wconf 89' lang='lat' dir='ltr'><strong>sed</strong></span> <span class='ocrx_word' id='word_1_766' title='bbox 1821 5282 1926 5338; x_wconf 91' lang='lat' dir='ltr'><strong>ﬁdc</strong></span> <span class='ocrx_word' id='word_1_767' title='bbox 1951 5299 2048 5353; x_wconf 87' lang='lat' dir='ltr'><strong>po-</strong></span> 
     </span>
    </p>
   </div>
   <div class='ocr_carea' id='block_1_101' title="bbox 465 5364 2047 5446">
    <p class='ocr_par' dir='ltr' id='par_1_101' title="bbox 465 5364 2047 5446">
     <span class='ocr_line' id='line_1_101' title="bbox 465 5364 2047 5446; baseline 0 -16"><span class='ocrx_word' id='word_1_768' title='bbox 465 5375 575 5430; x_wconf 90' lang='lat' dir='ltr'><strong>tius</strong></span> <span class='ocrx_word' id='word_1_769' title='bbox 618 5373 674 5428; x_wconf 95' lang='lat' dir='ltr'><strong>in</strong></span> <span class='ocrx_word' id='word_1_770' title='bbox 715 5364 994 5431; x_wconf 83' lang='lat' dir='ltr'><strong>Christum</strong></span> <span class='ocrx_word' id='word_1_771' title='bbox 1028 5393 1041 5428; x_wconf 91' lang='lat'><strong>:</strong></span> <span class='ocrx_word' id='word_1_772' title='bbox 1095 5393 1113 5427; x_wconf 77' lang='grc' dir='ltr'>ι</span> <span class='ocrx_word' id='word_1_773' title='bbox 1157 5373 1484 5444; x_wconf 87' lang='lat' dir='ltr'><strong>Quicunque</strong></span> <span class='ocrx_word' id='word_1_774' title='bbox 1510 5373 1658 5429; x_wconf 89' lang='lat' dir='ltr'><strong>enim</strong></span> <span class='ocrx_word' id='word_1_775' title='bbox 1688 5390 1756 5429; x_wconf 85' lang='lat' dir='ltr'><strong>ex</strong></span> <span class='ocrx_word' id='word_1_776' title='bbox 1784 5375 2047 5446; x_wconf 87' lang='lat' dir='ltr'><strong>operibus</strong></span> 
     </span>
    </p>
   </div>
   <div class='ocr_carea' id='block_1_102' title="bbox 463 5467 2044 5539">
    <p class='ocr_par' dir='ltr' id='par_1_102' title="bbox 463 5467 2044 5539">
     <span class='ocr_line' id='line_1_102' title="bbox 463 5467 2044 5539; baseline 0.001 -17"><span class='ocrx_word' id='word_1_777' title='bbox 463 5467 600 5538; x_wconf 87' lang='lat' dir='ltr'><strong>legis</strong></span> <span class='ocrx_word' id='word_1_778' title='bbox 629 5475 779 5532; x_wconf 88' lang='lat' dir='ltr'><strong>sunt,</strong></span> <span class='ocrx_word' id='word_1_779' title='bbox 808 5468 912 5523; x_wconf 90' lang='lat' dir='ltr'><strong>sub</strong></span> <span class='ocrx_word' id='word_1_780' title='bbox 935 5467 1227 5525; x_wconf 89' lang='lat' dir='ltr'><strong>maledicto</strong></span> <span class='ocrx_word' id='word_1_781' title='bbox 1255 5476 1410 5536; x_wconf 90' lang='lat' dir='ltr'><strong>sunt;</strong></span> <span class='ocrx_word' id='word_1_782' title='bbox 1447 5469 1712 5539; x_wconf 90' lang='lat' dir='ltr'><strong>scriptum</strong></span> <span class='ocrx_word' id='word_1_783' title='bbox 1741 5475 1825 5523; x_wconf 90' lang='lat' dir='ltr'><strong>est</strong></span> <span class='ocrx_word' id='word_1_784' title='bbox 1853 5468 1998 5524; x_wconf 89' lang='lat' dir='ltr'><strong>enim</strong></span> <span class='ocrx_word' id='word_1_785' title='bbox 2030 5487 2044 5524; x_wconf 87' lang='lat'><strong>:</strong></span> 
     </span>
    </p>
   </div>
   <div class='ocr_carea' id='block_1_103' title="bbox 464 5556 2050 5632">
    <p class='ocr_par' dir='ltr' id='par_1_103' title="bbox 464 5556 2050 5632">
     <span class='ocr_line' id='line_1_103' title="bbox 464 5556 2050 5632; baseline 0.001 -16"><span class='ocrx_word' id='word_1_786' title='bbox 464 5556 788 5616; x_wconf 76' lang='lat' dir='ltr'><strong>Maledictus</strong></span> <span class='ocrx_word' id='word_1_787' title='bbox 818 5559 996 5614; x_wconf 92' lang='lat' dir='ltr'><strong>omnis</strong></span> <span class='ocrx_word' id='word_1_788' title='bbox 1023 5561 1116 5630; x_wconf 91' lang='lat' dir='ltr'><strong>qui</strong></span> <span class='ocrx_word' id='word_1_789' title='bbox 1149 5576 1258 5616; x_wconf 92' lang='lat' dir='ltr'><strong>non</strong></span> <span class='ocrx_word' id='word_1_790' title='bbox 1302 5561 1667 5632; x_wconf 85' lang='lat' dir='ltr'><strong>permanserit</strong></span> <span class='ocrx_word' id='word_1_791' title='bbox 1711 5561 1766 5616; x_wconf 93' lang='lat' dir='ltr'><strong>in</strong></span> <span class='ocrx_word' id='word_1_792' title='bbox 1791 5560 2050 5618; x_wconf 90' lang='lat' dir='ltr'><strong>omnibus</strong></span> 
     </span>
    </p>
   </div>
   <div class='ocr_carea' id='block_1_104' title="bbox 467 5648 2051 5726">
    <p class='ocr_par' dir='ltr' id='par_1_104' title="bbox 467 5648 2051 5726">
     <span class='ocr_line' id='line_1_104' title="bbox 467 5648 2051 5726; baseline 0.001 -22"><span class='ocrx_word' id='word_1_793' title='bbox 467 5664 590 5726; x_wconf 65' lang='lat' dir='ltr'><strong>qua:</strong></span> <span class='ocrx_word' id='word_1_794' title='bbox 617 5648 816 5721; x_wconf 84' lang='lat' dir='ltr'><strong>scripta</strong></span> <span class='ocrx_word' id='word_1_795' title='bbox 845 5661 973 5706; x_wconf 78' lang='lat' dir='ltr'><strong>sunt</strong></span> <span class='ocrx_word' id='word_1_796' title='bbox 1000 5650 1055 5705; x_wconf 94' lang='lat' dir='ltr'><strong>in</strong></span> <span class='ocrx_word' id='word_1_797' title='bbox 1092 5651 1233 5707; x_wconf 92' lang='lat' dir='ltr'><strong>libro</strong></span> <span class='ocrx_word' id='word_1_798' title='bbox 1260 5651 1414 5723; x_wconf 84' lang='lat' dir='ltr'><strong>legis,</strong></span> <span class='ocrx_word' id='word_1_799' title='bbox 1447 5661 1508 5708; x_wconf 91' lang='lat' dir='ltr'><strong>ut</strong></span> <span class='ocrx_word' id='word_1_800' title='bbox 1542 5651 1704 5708; x_wconf 79' lang='lat' dir='ltr'><strong>faciat</strong></span> <span class='ocrx_word' id='word_1_801' title='bbox 1732 5667 1814 5707; x_wconf 93' lang='lat' dir='ltr'><strong>ea.</strong></span> <span class='ocrx_word' id='word_1_802' title='bbox 1853 5649 1960 5708; x_wconf 89' lang='lat' dir='ltr'><strong>Sed</strong></span> <span class='ocrx_word' id='word_1_803' title='bbox 1984 5668 2051 5708; x_wconf 78' lang='lat' dir='ltr'><strong>ex</strong></span> 
     </span>
    </p>
   </div>
   <div class='ocr_carea' id='block_1_105' title="bbox 2153 4820 3750 4894">
    <p class='ocr_par' dir='ltr' id='par_1_105' title="bbox 2153 4820 3750 4894">
     <span class='ocr_line' id='line_1_105' title="bbox 2153 4820 3750 4894; baseline 0 -19"><span class='ocrx_word' id='word_1_804' title='bbox 2153 4825 2232 4885; x_wconf 84' lang='grc' dir='ltr'><strong>είς</strong></span> <span class='ocrx_word' id='word_1_805' title='bbox 2264 4821 2521 4894; x_wconf 75' lang='grc' dir='ltr'>Χριστὸν,</span> <span class='ocrx_word' id='word_1_806' title='bbox 2547 4820 2699 4884; x_wconf 85' lang='grc' dir='ltr'>τέλος</span> <span class='ocrx_word' id='word_1_807' title='bbox 2729 4820 2837 4893; x_wconf 79' lang='grc' dir='ltr'><strong>γὰρ</strong></span> <span class='ocrx_word' id='word_1_808' title='bbox 2872 4820 3036 4891; x_wconf 85' lang='grc' dir='ltr'>νόμου</span> <span class='ocrx_word' id='word_1_809' title='bbox 3069 4821 3163 4874; x_wconf 74' lang='grc' dir='ltr'>καὶ</span> <span class='ocrx_word' id='word_1_810' title='bbox 3206 4820 3500 4892; x_wconf 75' lang='grc' dir='ltr'>προφητῶν</span> <span class='ocrx_word' id='word_1_811' title='bbox 3543 4823 3572 4874; x_wconf 92' lang='lat'><strong>6</strong></span> <span class='ocrx_word' id='word_1_812' title='bbox 3613 4821 3750 4894; x_wconf 83' lang='grc' dir='ltr'>Χρι-</span> 
     </span>
    </p>
   </div>
   <div class='ocr_carea' id='block_1_106' title="bbox 2156 4912 3751 4986">
    <p class='ocr_par' dir='ltr' id='par_1_106' title="bbox 2156 4912 3751 4986">
     <span class='ocr_line' id='line_1_106' title="bbox 2156 4912 3751 4986; baseline -0.003 -17"><span class='ocrx_word' id='word_1_813' title='bbox 2156 4915 2302 4979; x_wconf 83' lang='grc' dir='ltr'>στός.</span> <span class='ocrx_word' id='word_1_814' title='bbox 2343 4915 2630 4986; x_wconf 88' lang='grc' dir='ltr'>Τοιγάρτοι</span> <span class='ocrx_word' id='word_1_815' title='bbox 2675 4913 2768 4966; x_wconf 77' lang='grc' dir='ltr'>καὶ</span> <span class='ocrx_word' id='word_1_816' title='bbox 2807 4912 3046 4982; x_wconf 79' lang='grc' dir='ltr'>ἔφασκεν</span> <span class='ocrx_word' id='word_1_817' title='bbox 3069 4912 3426 4984; x_wconf 79' lang='grc' dir='ltr'>ηπειθηκόσιν</span> <span class='ocrx_word' id='word_1_818' title='bbox 3455 4912 3604 4983; x_wconf 82' lang='grc' dir='ltr'>αὐτῷ</span> <span class='ocrx_word' id='word_1_819' title='bbox 3637 4917 3751 4977; x_wconf 82' lang='grc' dir='ltr'>τοῖς</span> 
     </span>
    </p>
   </div>
   <div class='ocr_carea' id='block_1_107' title="bbox 2169 5007 3748 5072">
    <p class='ocr_par' dir='ltr' id='par_1_107' title="bbox 2169 5007 3748 5072">
     <span class='ocr_line' id='line_1_107' title="bbox 2169 5007 3748 5072; baseline 0.003 -12"><span class='ocrx_word' id='word_1_820' title='bbox 2169 5007 2440 5062; x_wconf 84' lang='grc' dir='ltr'>Ἰουδαίων</span> <span class='ocrx_word' id='word_1_821' title='bbox 2473 5007 2640 5071; x_wconf 74' lang='grc' dir='ltr'>λαοϊςο</span> <span class='ocrx_word' id='word_1_822' title='bbox 2675 5027 2693 5059; x_wconf 82' lang='grc' dir='ltr'>ι</span> <span class='ocrx_word' id='word_1_823' title='bbox 2732 5008 2796 5061; x_wconf 87' lang='grc' dir='ltr'>Εἰ</span> <span class='ocrx_word' id='word_1_824' title='bbox 2826 5007 3146 5062; x_wconf 84' lang='grc' dir='ltr'>ἐπιστεύετε</span> <span class='ocrx_word' id='word_1_825' title='bbox 3180 5009 3400 5072; x_wconf 82' lang='grc' dir='ltr'>Μωσεῖ,</span> <span class='ocrx_word' id='word_1_826' title='bbox 3432 5007 3748 5064; x_wconf 80' lang='grc' dir='ltr'>ἐπιστεύετε</span> 
     </span>
    </p>
   </div>
   <div class='ocr_carea' id='block_1_108' title="bbox 2157 5097 3750 5172">
    <p class='ocr_par' dir='ltr' id='par_1_108' title="bbox 2157 5097 3750 5172">
     <span class='ocr_line' id='line_1_108' title="bbox 2157 5097 3750 5172; baseline -0.001 -20"><span class='ocrx_word' id='word_1_827' title='bbox 2157 5097 2224 5152; x_wconf 82' lang='grc' dir='ltr'>ἂν</span> <span class='ocrx_word' id='word_1_828' title='bbox 2262 5099 2403 5170; x_wconf 84' lang='grc' dir='ltr'>ἐμοί.</span> <span class='ocrx_word' id='word_1_829' title='bbox 2449 5099 2586 5170; x_wconf 77' lang='grc' dir='ltr'>Περὶ</span> <span class='ocrx_word' id='word_1_830' title='bbox 2622 5099 2731 5172; x_wconf 77' lang='grc' dir='ltr'><strong>γάρ</strong></span> <span class='ocrx_word' id='word_1_831' title='bbox 2760 5097 2897 5170; x_wconf 83' lang='grc' dir='ltr'>ἐμοῦ</span> <span class='ocrx_word' id='word_1_832' title='bbox 2937 5100 3143 5163; x_wconf 86' lang='grc' dir='ltr'>ἐκεῖνος</span> <span class='ocrx_word' id='word_1_833' title='bbox 3175 5098 3403 5172; x_wconf 70' lang='grc' dir='ltr'>ἐγραψεο</span> <span class='ocrx_word' id='word_1_834' title='bbox 3443 5118 3462 5152; x_wconf 82' lang='grc'><strong>›</strong></span> <span class='ocrx_word' id='word_1_835' title='bbox 3499 5100 3750 5152; x_wconf 84' lang='grc' dir='ltr'>Δικαιού-</span> 
     </span>
    </p>
   </div>
   <div class='ocr_carea' id='block_1_109' title="bbox 2161 5186 3750 5263">
    <p class='ocr_par' dir='ltr' id='par_1_109' title="bbox 2161 5186 3750 5263">
     <span class='ocr_line' id='line_1_109' title="bbox 2161 5186 3750 5263; baseline -0.001 -19"><span class='ocrx_word' id='word_1_836' title='bbox 2161 5191 2302 5261; x_wconf 89' lang='grc' dir='ltr'>μεθα</span> <span class='ocrx_word' id='word_1_837' title='bbox 2330 5190 2394 5261; x_wconf 77' lang='grc' dir='ltr'>δὴ</span> <span class='ocrx_word' id='word_1_838' title='bbox 2431 5186 2524 5244; x_wconf 83' lang='grc' dir='ltr'>οὖν</span> <span class='ocrx_word' id='word_1_839' title='bbox 2552 5191 2652 5246; x_wconf 81' lang='grc' dir='ltr'>οὐκ</span> <span class='ocrx_word' id='word_1_840' title='bbox 2685 5192 2745 5256; x_wconf 79' lang='grc' dir='ltr'>ἐξ</span> <span class='ocrx_word' id='word_1_841' title='bbox 2783 5189 2959 5263; x_wconf 76' lang='grc' dir='ltr'>ἔργων</span> <span class='ocrx_word' id='word_1_842' title='bbox 2987 5191 3183 5263; x_wconf 88' lang='grc' dir='ltr'>νόμου,</span> <span class='ocrx_word' id='word_1_843' title='bbox 3224 5191 3402 5244; x_wconf 91' lang='grc' dir='ltr'>πίστει</span> <span class='ocrx_word' id='word_1_844' title='bbox 3447 5190 3506 5243; x_wconf 88' lang='grc' dir='ltr'><strong>δέ</strong></span> <span class='ocrx_word' id='word_1_845' title='bbox 3548 5191 3750 5262; x_wconf 81' lang='grc' dir='ltr'>μᾶλλον</span> 
     </span>
    </p>
   </div>
   <div class='ocr_carea' id='block_1_110' title="bbox 2157 5282 3747 5356">
    <p class='ocr_par' dir='ltr' id='par_1_110' title="bbox 2157 5282 3747 5356">
     <span class='ocr_line' id='line_1_110' title="bbox 2157 5282 3747 5356; baseline -0.001 -20"><span class='ocrx_word' id='word_1_846' title='bbox 2157 5285 2222 5354; x_wconf 82' lang='grc' dir='ltr'>τῇ</span> <span class='ocrx_word' id='word_1_847' title='bbox 2265 5284 2345 5347; x_wconf 84' lang='grc' dir='ltr'><strong>είς</strong></span> <span class='ocrx_word' id='word_1_848' title='bbox 2377 5283 2610 5355; x_wconf 86' lang='grc' dir='ltr'>Χριστόν</span> <span class='ocrx_word' id='word_1_849' title='bbox 2634 5301 2648 5315; x_wconf 76' lang='grc' dir='ltr'><strong>ο</strong></span> <span class='ocrx_word' id='word_1_850' title='bbox 2702 5303 2721 5336; x_wconf 83' lang='grc' dir='ltr'>ι</span> <span class='ocrx_word' id='word_1_851' title='bbox 2749 5285 2908 5338; x_wconf 87' lang='grc' dir='ltr'>Ὅσοι</span> <span class='ocrx_word' id='word_1_852' title='bbox 2941 5283 3050 5356; x_wconf 86' lang='grc' dir='ltr'>γὰρ</span> <span class='ocrx_word' id='word_1_853' title='bbox 3079 5283 3138 5349; x_wconf 81' lang='grc' dir='ltr'>ἐξ</span> <span class='ocrx_word' id='word_1_854' title='bbox 3177 5283 3354 5356; x_wconf 78' lang='grc' dir='ltr'>ἔργων</span> <span class='ocrx_word' id='word_1_855' title='bbox 3381 5282 3546 5354; x_wconf 87' lang='grc' dir='ltr'>νόμου</span> <span class='ocrx_word' id='word_1_856' title='bbox 3586 5284 3747 5347; x_wconf 77' lang='grc' dir='ltr'>εἰσὶν,</span> 
     </span>
    </p>
   </div>
   <div class='ocr_carea' id='block_1_111' title="bbox 2155 5373 3748 5450">
    <p class='ocr_par' dir='ltr' id='par_1_111' title="bbox 2155 5373 3748 5450">
     <span class='ocr_line' id='line_1_111' title="bbox 2155 5373 3748 5450; baseline 0 -22"><span class='ocrx_word' id='word_1_857' title='bbox 2155 5373 2259 5428; x_wconf 70' lang='grc' dir='ltr'>ὑπὸ</span> <span class='ocrx_word' id='word_1_858' title='bbox 2278 5374 2519 5446; x_wconf 88' lang='grc' dir='ltr'>κατάραν</span> <span class='ocrx_word' id='word_1_859' title='bbox 2542 5376 2665 5429; x_wconf 91' lang='grc' dir='ltr'>είσί.</span> <span class='ocrx_word' id='word_1_860' title='bbox 2684 5376 2999 5450; x_wconf 74' lang='grc' dir='ltr'>Γέγραπται</span> <span class='ocrx_word' id='word_1_861' title='bbox 3020 5376 3148 5448; x_wconf 82' lang='grc' dir='ltr'>γάρ’</span> <span class='ocrx_word' id='word_1_862' title='bbox 3185 5375 3614 5446; x_wconf 83' lang='grc' dir='ltr'>Ἐπικατάρατος</span> <span class='ocrx_word' id='word_1_863' title='bbox 3639 5376 3748 5439; x_wconf 80' lang='grc' dir='ltr'><strong>πᾶς</strong></span> 
     </span>
    </p>
   </div>
   <div class='ocr_carea' id='block_1_112' title="bbox 2155 5465 3747 5540">
    <p class='ocr_par' dir='ltr' id='par_1_112' title="bbox 2155 5465 3747 5540">
     <span class='ocr_line' id='line_1_112' title="bbox 2155 5465 3747 5540; baseline -0.002 -18"><span class='ocrx_word' id='word_1_864' title='bbox 2155 5468 2333 5532; x_wconf 85' lang='grc' dir='ltr'>δςούκ</span> <span class='ocrx_word' id='word_1_865' title='bbox 2357 5469 2583 5540; x_wconf 87' lang='grc' dir='ltr'>ἐμμένει</span> <span class='ocrx_word' id='word_1_866' title='bbox 2613 5470 2748 5523; x_wconf 69' lang='grc' dir='ltr'>πᾶσι</span> <span class='ocrx_word' id='word_1_867' title='bbox 2779 5470 2892 5533; x_wconf 87' lang='grc' dir='ltr'>τοῖς</span> <span class='ocrx_word' id='word_1_868' title='bbox 2925 5467 3334 5540; x_wconf 81' lang='grc' dir='ltr'>γεγραμμένοις</span> <span class='ocrx_word' id='word_1_869' title='bbox 3364 5467 3421 5519; x_wconf 87' lang='grc' dir='ltr'><strong>ἐν</strong></span> <span class='ocrx_word' id='word_1_870' title='bbox 3450 5466 3526 5538; x_wconf 83' lang='grc' dir='ltr'><strong>τῷ</strong></span> <span class='ocrx_word' id='word_1_871' title='bbox 3557 5465 3747 5536; x_wconf 76' lang='grc' dir='ltr'>βιϐλίῳ</span> 
     </span>
    </p>
   </div>
   <div class='ocr_carea' id='block_1_113' title="bbox 2157 5556 3746 5631">
    <p class='ocr_par' dir='ltr' id='par_1_113' title="bbox 2157 5556 3746 5631">
     <span class='ocr_line' id='line_1_113' title="bbox 2157 5556 3746 5631; baseline -0.003 -19"><span class='ocrx_word' id='word_1_872' title='bbox 2157 5559 2250 5614; x_wconf 90' lang='grc' dir='ltr'><strong>τοῦ</strong></span> <span class='ocrx_word' id='word_1_873' title='bbox 2281 5559 2469 5631; x_wconf 87' lang='grc' dir='ltr'>νόμου,</span> <span class='ocrx_word' id='word_1_874' title='bbox 2501 5559 2596 5613; x_wconf 85' lang='grc' dir='ltr'><strong>τοῦ</strong></span> <span class='ocrx_word' id='word_1_875' title='bbox 2628 5559 2854 5631; x_wconf 81' lang='grc' dir='ltr'>ποιῆσαι</span> <span class='ocrx_word' id='word_1_876' title='bbox 2883 5559 3042 5614; x_wconf 87' lang='grc' dir='ltr'>αὐτά.</span> <span class='ocrx_word' id='word_1_877' title='bbox 3086 5558 3224 5612; x_wconf 83' lang='grc' dir='ltr'>Ἀλλ’</span> <span class='ocrx_word' id='word_1_878' title='bbox 3251 5559 3314 5612; x_wconf 90' lang='grc' dir='ltr'><strong>ἐκ</strong></span> <span class='ocrx_word' id='word_1_879' title='bbox 3342 5557 3440 5625; x_wconf 77' lang='grc' dir='ltr'>τῆς</span> <span class='ocrx_word' id='word_1_880' title='bbox 3458 5556 3550 5609; x_wconf 84' lang='grc' dir='ltr'><strong>τοῦ</strong></span> <span class='ocrx_word' id='word_1_881' title='bbox 3579 5556 3746 5627; x_wconf 74' lang='grc' dir='ltr'>νόμου</span> 
     </span>
    </p>
   </div>
   <div class='ocr_carea' id='block_1_114' title="bbox 2160 5649 3746 5724">
    <p class='ocr_par' dir='ltr' id='par_1_114' title="bbox 2160 5649 3746 5724">
     <span class='ocr_line' id='line_1_114' title="bbox 2160 5649 3746 5724; baseline -0.003 -18"><span class='ocrx_word' id='word_1_882' title='bbox 2160 5653 2403 5724; x_wconf 87' lang='grc' dir='ltr'>κατάρας</span> <span class='ocrx_word' id='word_1_883' title='bbox 2438 5652 2726 5723; x_wconf 83' lang='grc' dir='ltr'>ἐξεπρίατο</span> <span class='ocrx_word' id='word_1_884' title='bbox 2771 5653 2978 5716; x_wconf 86' lang='grc' dir='ltr'>πάντας</span> <span class='ocrx_word' id='word_1_885' title='bbox 3013 5652 3041 5704; x_wconf 89' lang='lat'><strong>6</strong></span> <span class='ocrx_word' id='word_1_886' title='bbox 3087 5650 3341 5721; x_wconf 79' lang='grc' dir='ltr'>Χριστὸς,</span> <span class='ocrx_word' id='word_1_887' title='bbox 3377 5649 3746 5718; x_wconf 77' lang='grc' dir='ltr'>γεγενημένος</span> 
     </span>
    </p>
   </div>
   <div class='ocr_carea' id='block_1_115' title="bbox 541 5823 3738 5898">
    <p class='ocr_par' dir='ltr' id='par_1_115' title="bbox 541 5823 3738 5898">
     <span class='ocr_line' id='line_1_115' title="bbox 541 5823 3738 5898; baseline -0.001 -14"><span class='ocrx_word' id='word_1_888' title='bbox 541 5824 584 5862; x_wconf 77' lang='grc'>⁸⁷</span> <span class='ocrx_word' id='word_1_889' title='bbox 609 5823 763 5885; x_wconf 80' lang='lat' dir='ltr'><strong>Joan.</strong></span> <span class='ocrx_word' id='word_1_890' title='bbox 799 5842 836 5893; x_wconf 82' lang='grc' dir='ltr'>ι,</span> <span class='ocrx_word' id='word_1_891' title='bbox 873 5826 923 5881; x_wconf 79' lang='lat'><strong>5.</strong></span> <span class='ocrx_word' id='word_1_892' title='bbox 997 5828 1060 5860; x_wconf 86' lang='grc'><strong>⁸⁷⁶</strong></span> <span class='ocrx_word' id='word_1_893' title='bbox 1097 5827 1142 5884; x_wconf 89' lang='grc'><strong>11</strong></span> <span class='ocrx_word' id='word_1_894' title='bbox 1180 5827 1304 5882; x_wconf 83' lang='lat' dir='ltr'><strong>Cor.</strong></span> <span class='ocrx_word' id='word_1_895' title='bbox 1350 5843 1441 5896; x_wconf 81' lang='lat' dir='ltr'><strong>xu,</strong></span> <span class='ocrx_word' id='word_1_896' title='bbox 1473 5828 1523 5882; x_wconf 81' lang='lat'><strong>9.</strong></span> <span class='ocrx_word' id='word_1_897' title='bbox 1609 5831 1651 5863; x_wconf 63' lang='grc' dir='ltr'><strong>δε</strong></span> <span class='ocrx_word' id='word_1_898' title='bbox 1678 5829 1853 5886; x_wconf 85' lang='lat' dir='ltr'><strong>Galat.</strong></span> <span class='ocrx_word' id='word_1_899' title='bbox 1891 5847 1967 5898; x_wconf 83' lang='lat' dir='ltr'><strong>Ill,</strong></span> <span class='ocrx_word' id='word_1_900' title='bbox 2005 5830 2087 5886; x_wconf 84' lang='lat' dir='ltr'><strong>l9.</strong></span> <span class='ocrx_word' id='word_1_901' title='bbox 2169 5831 2209 5862; x_wconf 78' lang='lat'>&quot;</span> <span class='ocrx_word' id='word_1_902' title='bbox 2241 5829 2404 5895; x_wconf 83' lang='lat' dir='ltr'><strong>lbid.,</strong></span> <span class='ocrx_word' id='word_1_903' title='bbox 2440 5829 2628 5885; x_wconf 74' lang='lat' dir='ltr'><strong>‘2l—26.</strong></span> <span class='ocrx_word' id='word_1_904' title='bbox 2712 5829 2752 5860; x_wconf 74' lang='grc' dir='ltr'><strong>εο</strong></span> <span class='ocrx_word' id='word_1_905' title='bbox 2782 5826 2946 5892; x_wconf 87' lang='lat' dir='ltr'><strong>Ibid.,</strong></span> <span class='ocrx_word' id='word_1_906' title='bbox 2984 5827 3065 5892; x_wconf 89' lang='grc'>17,</span> <span class='ocrx_word' id='word_1_907' title='bbox 3108 5828 3187 5881; x_wconf 78' lang='grc'>18.</span> <span class='ocrx_word' id='word_1_908' title='bbox 3270 5829 3308 5859; x_wconf 73' lang='grc'><strong>⁶¹</strong></span> <span class='ocrx_word' id='word_1_909' title='bbox 3352 5825 3506 5880; x_wconf 79' lang='lat' dir='ltr'><strong>Jean.</strong></span> <span class='ocrx_word' id='word_1_910' title='bbox 3555 5841 3607 5892; x_wconf 85' lang='lat' dir='ltr'><strong>v,</strong></span> <span class='ocrx_word' id='word_1_911' title='bbox 3646 5824 3738 5883; x_wconf 78' lang='grc'><strong>56.</strong></span> 
     </span>
    </p>
   </div>
  </div>
