4082 6304
266 402 378 458 221·

1021 394 1602 467 ὒΕξΑΒΟΒΑΤΙΟΝΕ
1630 395 1701 455 ΙΝ
1736 394 2006 452 SPlRlTU
2042 394 2133 450 ET
2167 391 2542 451 VERITATE.
2566 341 2714 446 \LIB.
2753 390 2818 447 Il.

3433 386 3549 443 2‘32

267 517 410 589 ὑπὲρ
437 516 600 588 ἡμῶν
632 510 871 584 κατάρα.
898 509 1216 580 Εέγραπται
1245 512 1377 584 γὰρ,
1399 513 1483 567 ὅτι
1512 513 1853 585 ἑπικατάραο

1959 510 2249 566 maledicto
2268 508 2406 581 legis
2438 507 2695 564 Christus
2729 505 2966 561 redemit
2997 519 3210 569 omnes,
3237 502 3415 559 factus
3444 518 3542 573 pro
3602 582 3611 591 ⁸

262 627 358 673 τος
389 610 499 673 πᾶς
524 608 554 662 ὁ
578 607 928 678 κρεμάμενος
956 603 1049 660 ἐπὶ
1092 601 1276 673 ξύλου,
1310 605 1398 659 ἵνα
1440 607 1523 669 εἰς
1562 605 1637 664 τὰ
1659 604 1788 674 ἔθνη
1817 606 1854 677 ἡ

263 700 487 771 εὐλογία
509 699 607 755 τοῦ
649 697 911 770 ’Δύραὰμ
928 696 1143 765 γένοιτο
1175 697 1234 751 ἐν
1263 698 1489 771 Χριστῷ
1531 696 1726 770 Ἰησοῦ,
1767 699 1856 753 ἵνα

262 794 365 865 τὴν
409 790 747 861 ἐπαγγελίαν
788 788 886 843 τοῦ
945 785 1260 858 πνεύματος
1304 787 1558 859 λάϐοιμεν
1602 787 1694 849 διὰ
1754 789 1855 861 τῆς

264 886 531 949 πίστεως.
571 902 597 937 ›

338 943 550 1033 um.
600 971 773 1042 Ἀλλ’,
796 967 843 1029 ὦ
866 974 1083 1043 γενναῖε
1100 1015 1119 1039 ,
1151 971 1331 1043 βούλει
1349 1012 1367 1038 ,
1394 971 1443 1025 ιι
1476 971 1655 1037 δοκεῖ,
1685 943 1897 1042 rapti

267 1072 335 1143 δὴ
368 1068 569 1143 μᾶλλον
599 1067 686 1137 ἐφ’
709 1066 899 1138 ἔτερόν
919 1084 973 1120 τι
1005 1063 1370 1139 χριστομαθές
1400 1062 1512 1136 (ι)·
1544 1064 1711 1136 νόμου
1743 1062 1855 1136 γὰρ

271 1165 369 1225 καὶ
392 1165 495 1235 τῆς
525 1160 646 1215 κατ’
677 1158 845 1217 αὐτὸν
870 1158 1186 1231 οἰκονομίας
1217 1156 1437 1227 ἀπόχρη
1463 1156 1646 1217 ταυτί»

344 1342 508 1398 ΚΥΡ.
533 1338 713 1411 Φράζε
742 1338 809 1411 δὴ
826 1335 923 1394 οὖν
946 1340 976 1394 ὃ
1001 1356 1056 1393 τι
1075 1338 1172 1393 καὶ
1198 1336 1347 1409 αὐτῷ
1375 1354 1460 1395 σοι
1478 1337 1653 1409 φίλον,
1687 1337 1857 1409 κάμοὶ

271 1433 331 1495 δὲ
360 1434 535 1487 είπεῖν
557 1431 620 1489 οὐ
643 1430 755 1485 τῶν
783 1430 1093 1500 ὰνεφίκτων
1126 1429 1290 1499 ἄγαν.

344 1622 553 1678 ΠΔΔΛ-.
576 1621 691 1676 Καὶ
727 1619 836 1692 μὴν
866 1619 977 1674 ούκν
993 1618 1228 1690 ἀνάντης
1255 1619 1398 1685 λίαν,
1436 1619 1608 1691 ἤγουν
1625 1619 1857 1693 ἀστιϐὴς

272 1719 311 1786 ἠ
341 1716 713 1787 ὲπαπόρησις.
753 1711 997 1784 Ἀλοίηδ⁹
1021 1711 1110 1775 ἂν,
1139 1708 1319 1783 οἶμαι,
1342 1713 1439 1767 καὶ
1460 1711 1586 1766 λίαν
1615 1710 1857 1783 ἀμογητὶ

271 1811 335 1863 τδ
353 1806 713 1879 ζητούμενον,
749 1802 987 1874 Χριστοῦ
1015 1802 1076 1857 τδ
1100 1803 1244 1857 θεῖον
1283 1804 1418 1875 ἡμῖν
1450 1803 1685 1867 ὲνιέντος
1714 1802 1855 1872 φῶς,

270 1896 401 1973 Ἆρ’
427 1884 533 1954 ὀὖν
578 1896 703 1969 οὐχὶ
746 1898 871 1961 ταῖς
914 1894 1278 1967 ἀναιμάκτοις
1321 1895 1682 1968 δωροφορίαις
1721 1894 1855 1950 Θεὸν

274 1995 610 2064 τιμήσομεν,
643 1990 696 2044 οι
742 1990 842 2058 τὴν
887 1989 950 2042 ὲν
993 1987 1177 2042 πίστει
1223 1987 1506 2042 δικαίωσιν
1551 1987 1857 2058 παραδεδο-

273 2087 490 2158 γμένοι,
521 2084 617 2138 καὶ
651 2082 753 2155 τὴν
781 2083 841 2135 ὲν
889 2081 1068 2144 σκιαῖς
1107 2079 1206 2137 καὶ
1238 2078 1432 2145 τύποις
1477 2078 1732 2150 λατρείαν
1766 2078 1856 2148 ἐξ·

271 2178 417 2235 ιυθού
424 2194 575 2251 μενοι
592 2193 608 2243 ;

341 2362 510 2423 ΚΥΡ.
538 2357 615 2419 Εὖ
642 2362 845 2432 λέγεις.
888 2358 1204 2434 Γέγραπται
1232 2358 1344 2431 γὰρ
1386 2359 1490 2426 ὅτι,
1526 2376 1546 2412 ι
1580 2359 1729 2432 Τίμα
1764 2348 1862 2414 τεν

270 2457 479 2530 Κύριον
496 2456 609 2510 ἀπὸ
628 2454 742 2509 σῶν
780 2453 1004 2509 δικαίων
1046 2452 1256 2516 πόνων,
1283 2452 1380 2506 καὶ
1416 2451 1669 2523 ἀπάρχου
1709 2451 1859 2525 αύτῷ

272 2550 384 2604 ἀπὸ
425 2549 535 2603 σι’ὖν
576 2546 810 2620 καρπῶν
856 2545 1226 2617 δικαιοσύνης*
1263 2563 1282 2597 ι
1342 2562 1361 2596 ι
1413 2543 1695 2608 τοιαύταις
1740 2544 1853 2616 γὰρ

271 2637 486 2703 θυσίαις
516 2637 896 2709 εὐαρεστεῖται
928 2637 958 2690 ὁ
984 2635 1155 2702 Θεὸς,
1189 2651 1211 2686 ι
1248 2633 1392 2687 κατὰ
1411 2632 1510 2697 τὰς
1537 2633 1646 2690 τῶν
1687 2633 1860 2703 ἁγίων

272 2732 478 2803 φωνάς.

339 2825 552 2879 ΠΑΛΛ.
576 2823 802 2879 Εῑκαῖσν
842 2814 939 2877 οὖν
978 2818 1087 2891 ἄρα
1117 2818 1179 2871 ea
1218 2818 1539 2888 ἐπείγεσθαι
1577 2818 1859 2890 βουθυτεῖν

272 2915 366 2970 καὶ
395 2916 466 2971 τὰ
490 2914 581 2970 διὰ
599 2916 700 2985 τῆς
729 2913 963 2986 ἀρχαίας
986 2913 1123 2984 ἡμῖν
1140 2912 1364 2983 ἐντολῆς
1394 2912 1858 2984 είσκεκομισμένα

275 3008 536 3080 κληροῦν.
572 3006 961 3081 Μηλοσφαγίαι
1002 3021 1062 3065 τε
1103 3004 1214 3076 γὰρ
1258 3004 1353 3058 καὶ
1399 3004 1725 3073 λιϐανωτοὶ,
1757 3005 1857 3060 λά-

270 3100 416 3169 γανά
449 3117 514 3153 τε
559 3100 696 3170 πρὸς
741 3097 1114 3165 τούτοις,κα“ι
1160 3096 1442 3167 σεμίδαλις
1489 3096 1855 3162 ὲλαιόδευτος,

1958 603 2122 658 nobis
2156 601 2546 667 maledictum;
2582 599 2713 670 quia
2743 597 3010 668 scriptum
3050 605 3138 653 est
3173 615 3187 651 :
3220 596 3546 652 Haledictus
3589 610 3594 622 '

1956 695 2138 750 omnis
2176 693 2273 764 qui
2296 692 2503 765 pendet
2544 691 2604 746 in
2632 690 2803 761 ligno,
2834 698 2895 744 ut
2929 691 2989 744 in
3029 690 3286 761 gentibus
3312 688 3541 743 benedi-

1956 785 2068 841 ctio
2092 784 2327 853 Abrahae
2346 783 2502 839 ﬂeret
2517 783 2575 838 in
2593 781 2816 838 Christo
2834 781 2985 848 Jesu;
3009 789 3071 836 ut
3090 780 3541 851 pollicitationem

1955 877 2186 948 spiritus
2208 876 2547 947 accipiamus
2580 889 2681 945 per
2712 864 2884 928 fidem
2907 873 2974 927 “.
3002 889 3023 923 ι

2028 967 2229 1024 PALL.
2280 965 2387 1024 Sed
2435 967 2505 1023 de
2560 967 2648 1022 his
2695 965 2919 1037 quidem
2961 964 3249 1029 hactenus,
3295 962 3541 1034 Cyrillc:

1957 1067 2302 1119 transeamus
2350 1062 2492 1132 jam,
2541 1058 2588 1115 si
2624 1059 2826 1129 placet,
2857 1056 2926 1112 ad
2974 1056 3213 1127 aliquam
3260 1056 3446 1126 potius
3475 1054 3545 1109 de

1955 1152 2180 1213 Christo
2207 1154 2640 1225 disputationem
2674 1169 2688 1205 :
2719 1150 2791 1206 de
2827 1151 2947 1221 lege
2982 1151 3132 1205 enim
3160 1150 3390 1221 ejusque
3428 1148 3545 1203 dis-

1957 1245 2281 1317 pensatione
2308 1245 2462 1302 satis.

2031 1359 2190 1416 CYR.
2235 1360 2508 1430 Eloquere
2557 1358 2727 1432 igitur
2772 1355 3041 1430 quidquid
3091 1350 3194 1411 tibi
3238 1355 3546 1411 collibitum

1958 1450 2153 1515 fuerit,
2185 1450 2315 1505 dum
2362 1460 2544 1507 tamen
2571 1449 2724 1507 illud
2768 1466 2880 1506 non
2918 1447 3155 1505 nimium
3190 1447 3398 1524 ingenii
3437 1448 3546 1503 mei
3590 1453 3593 1456 ‘

1958 1551 2180 1614 captum
2209 1544 2459 1601 excedat.

2031 1632 2229 1688 PALL.
2260 1632 2427 1704 Atqui
2460 1648 2572 1689 non
2603 1631 2899 1689 admodum
2936 1631 3107 1687 ardua
3139 1630 3412 1686 dubitatio
3439 1638 3553 1696 est,

1958 1733 2056 1781 aut
2075 1724 2355 1797 ejusmodi
2377 1732 2441 1780 ut
2460 1725 2530 1781 ad
2553 1740 2674 1781 eam
2705 1724 3023 1781 solvendam
3051 1722 3190 1778 adiri
3213 1723 3365 1777 nullo
3384 1722 3555 1779 modo

1957 1815 2165 1888 possit;
2200 1823 2366 1887 atque
2406 1815 2544 1873 adeo
2583 1814 2872 1881 facillime,
2906 1813 3055 1885 quod
3097 1827 3315 1883 qurere,
3347 1811 3547 1883 deprc-

1958 1904 2123 1961 hendi
2146 1911 2347 1976 potest,
2372 1904 2593 1961 Christo
2618 1904 2861 1961 divinam
2890 1904 3039 1963 illam
3057 1903 3220 1959 nobis
3246 1903 3425 1959 lucem
3443 1903 3550 1957 im-

1956 1995 2229 2051 mitteute.
2274 1993 2538 2066 Nunquid
2581 1994 2769 2067 igitur,
2816 1993 2911 2065 qui
2952 1993 3060 2050 ﬁde
3097 1991 3549 2066 justiﬁcationem

1957 2086 2292 2157 accepimus,
2314 2094 2372 2143 et
2399 2086 2554 2142 illum
2583 2085 2682 2143 Dei
2711 2086 2769 2141 in
2792 2085 3007 2141 umbris
3034 2099 3100 2141 ac
3122 2083 3311 2157 ﬁguris
3338 2083 3555 2139 cultum

1957 2177 2282 2249 abiecimus,
2309 2193 2421 2234 non
2443 2179 2753 2236 incruentis
2777 2176 3150 2235 oblationibus
3165 2176 3340 2232 Deum
3365 2177 3549 2232 colere

1958 2269 2262 2331 debemus?
2666 2282 2681 2291 ‘

2026 2384 2185 2441 CYR.
2219 2385 2389 2443 Recte
2426 2385 2586 2443 dicis.
2623 2385 2901 2458 Scriptum
2928 2396 3015 2444 est
3045 2386 3233 2446 enim:
3270 2405 3288 2439 ι
3327 2385 3548 2441 Honora

1957 2474 2131 2531 Deum
2158 2477 2227 2533 de
2255 2478 2364 2534 tuis
2383 2479 2550 2550 justis
2578 2478 2890 2546 laboribus;
2915 2486 2971 2535 et
3000 2477 3276 2550 primitias
3307 2476 3387 2531 illi
3413 2475 3551 2534 atl‘er

1958 2567 2026 2624 de
2058 2570 2167 2626 tuis
2207 2569 2747 2642 fructibus'justitiae
2773 2572 2860 2639 ⁸³;;
2906 2591 2925 2624 ι
2971 2590 2991 2624 ι
3028 2571 3233 2627 talibus
3258 2555 3413 2624 enim
3443 2568 3549 2622 ho-

1958 2660 2079 2719 stiis
2122 2669 2474 2732 promeretur
2516 2662 2664 2719 Deus
2708 2661 2774 2729 “,
2824 2682 2844 2715 ι
2884 2664 3042 2735 juxta
3088 2671 3402 2719 sanctorum
3446 2658 3549 2714 ho-

1957 2752 2169 2807 minum
2203 2770 2387 2810 voces.

2025 2842 2224 2898 PALL.
2257 2843 2400 2915 Ergo
2434 2842 2663 2899 stultum
2696 2850 2783 2898 est
2818 2858 3015 2899 vacare
3047 2841 3229 2899 bobus
3258 2840 3552 2897 immolan-

1958 2930 2073 2998 dis,
2108 2941 2166 2989 et
2222 2950 2345 3004 quae
2383 2935 2562 2989 veteri
2601 2934 2862 2993 mandato
2904 2941 3036 2990 sunt
3073 2933 3238 2989 nobis
3272 2931 3555 3004 iujuncta,

1959 3024 2255 3096 complere.
2292 3024 2491 3080 Ovium
2528 3042 2764 3096 namque
2798 3025 3037 3081 victimae
3065 3034 3122 3080 et
3144 3025 3328 3090 thura,
3358 3022 3553 3095 lagaua

1960 3130 2199 3188 quoque,
2221 3132 2286 3172 ac
2304 3117 2483 3171 simila
2506 3117 2627 3173 oleo
2649 3116 2891 3187 perfusa,
2920 3124 3165 3171 turtures
3193 3117 3358 3171 etiam
3387 3124 3555 3185 atque

270 3196 607 3268 τρυγόνεςτε
637 3197 732 3250 καὶ
761 3199 1109 3268 περιστεραὶ,
1141 3193 1212 3248 τὰ
1252 3196 1376 3249 κατ’
1402 3196 1580 3248 ἐκεῖνο
1604 3194 1700 3248 τοῦ
1734 3212 1855 3249 και-

1959 3208 2246 3273 columbae,
2274 3224 2374 3279 pro
2413 3209 2677 3285 temporis
2704 3208 2852 3263 illius
2883 3208 3219 3273 conditione,
3245 3208 3417 3262 Deum
3458 3207 3561 3262 ad~

275 3285 393 3356 ροῦ,
412 3284 527 3338 τῶν
556 3282 1006 3355 προσκυνούντων
1023 3282 1375 3355 ἀναθήματα.
1406 3283 1568 3338 Ἀλλά
1601 3300 1693 3356 μοι
1721 3285 1861 3358 φρά-

276 3392 368 3437 σον
400 3375 521 3430 ἀνθ’
551 3377 675 3430 ὅτου
710 3374 785 3448 μὴ
815 3377 873 3430 ὲν
901 3376 1096 3448 ἀρχαῖς
1130 3374 1468 3445 ἁπόπεμπτα
1503 3376 1601 3446 μὲν
1627 3377 1862 3429 ἐποιεῖτο

272 3468 449 3533 ταυτὶ,
471 3468 544 3522 τὰ
576 3467 635 3521 δὲ
675 3462 757 3532 οἷς
798 3468 1058 3540 ἑφῄδεται
1097 3468 1215 3522 νυνὶ
1265 3466 1612 3537 θεσμοθετῶν
1663 3468 1859 3538 ὁρᾶται

274 3550 433 3629 Θεὸς,
461 3562 560 3617 καὶ
588 3561 717 3626 τοὺς
758 3559 954 3625 θυσίας
981 3560 1115 3632 ἡμῖν
1150 3561 1252 3632 τῆς
1284 3559 1663 3631 πνευματικῆς
1694 3559 1862 3617 ἐκκαφ

275 3654 467 3710 λύπτει
490 3653 749 3726 τρόπους.
936 3669 945 3715 ς

346 3746 509 3803 ΚΥΡ.
541 3740 670 3819 'Ap’
698 3739 792 3800 οὖν
823 3744 948 3811 οίει,
982 3744 1077 3797 καὶ
1120 3742 1290 3815 φάναι
1314 3741 1550 3814 τολμᾷς,
1578 3738 1863 3812 βεϐουλεῶ

278 3845 398 3900 σθαι
427 3840 528 3912 μὲν
551 3839 652 3893 οὐκ
678 3837 854 3909 ὀρθῶς
883 3840 942 3893 ἐν
969 3838 1161 3907 ἀρχαῖς
1190 3835 1252 3890 τὸ
1274 3835 1437 3901 θεῖον,
1462 3834 1863 3906 ἀφημαρτηκδς

276 3934 333 3988 δὲ
357 3932 548 4006 ὥσπερ
568 3932 664 3988 τοῦ
694 3931 916 3994 τελείως
951 3927 1260 3997 ἀγαθοῦ,τδ
1291 3926 1475 3999 μεῖζον
1499 3928 1681 3999 εὑρεῖν
1712 3927 1863 3984 δεδυτ·

279 4026 470 4096 νῆσθαι
524 4025 711 4096 adite;
762 4024 800 4095 ἢ
829 4021 962 4092 γοῦν
1002 4020 1220 4075 ἑλέσθαι
1267 4021 1367 4090 μὲν
1412 4020 1533 4075 τότε
1562 4020 1631 4073 τὰ
1674 4020 1751 4084 ὡς
1803 4020 1862 4072 ἐν

279 4120 482 4183 σκιαῖς,
512 4119 589 4180 ὡς
615 4115 854 4187 διαρκῶς
880 4113 1074 4184 ἔχοντα
1100 4112 1162 4167 τὸ
1190 4110 1381 4167 δοκοῦν
1408 4109 1579 4181 αὐτῷ,
1614 4110 1863 4180 φιλόκαι-

277 4226 365 4263 νον
406 4208 465 4263 δέ
504 4225 556 4261 τι
591 4206 711 4261 καθ’
756 4207 909 4277 ἡμᾶς
937 4205 1229 4275 ὑπομεῖναι
1274 4203 1480 4269 πάθος,
1525 4203 1734 4276 ἑτέροις
1774 4202 1863 4256 νέαν

281 4318 448 4372 μοντα
474 4300 577 4371 τὴν
617 4297 818 4371 ῥοπὴν,
850 4297 944 4353 καὶ
983 4296 1239 4369 λατρείαν
1278 4296 1414 4367 ἡμῖν
1453 4294 1554 4366 τὴν
1586 4295 1648 4357 οὐ
1688 4294 1860 4355 πάλαι

276 4390 693 4462 διεγνωσμένην,
709 4404 1072 4460 κεκαινουργη
1080 4385 1214 4440 κότα
1233 4402 1250 4451 ;

1962 3301 2235 3357 orantium
2259 3300 2565 3356 oblationes
2592 3299 2767 3356 fuere.
2802 3299 2909 3355 Sed
2936 3299 3074 3353 mihi
3102 3315 3344 3371 exponas
3388 3299 3554 3355 velim

1959 3408 2068 3463 qua
2101 3392 2168 3447 de
2195 3406 2360 3451 causa
2390 3406 2500 3445 non
2527 3391 2644 3445 haec
2670 3407 2701 3446 a
2724 3389 3001 3462 principio
3026 3390 3174 3444 Deus
3205 3387 3554 3458 improbave-

1960 3480 2058 3548 rit;
2093 3495 2186 3536 eas
2224 3493 2374 3546 vero,
2424 3481 2626 3550 quibus
2656 3480 2877 3552 gaudet,
2916 3480 3243 3544 oblationes,
3275 3494 3423 3532 nunc
3454 3476 3553 3531 de-

1959 3588 2111 3628 mum
2138 3573 2467 3628 sanciendas
2487 3573 2730 3637 duxerit,
2756 3573 3069 3644 quibusque
3092 3571 3271 3626 modis
3295 3571 3557 3642 spiritua-

1958 3663 2041 3718 les
2068 3663 2262 3719 hostia:
2291 3662 2585 3718 oll‘erendre
2619 3663 2751 3729 sint,
2789 3664 3088 3735 aperuerit.
3558 3732 3561 3741 η

2027 3755 2186 3812 CYR.
2211 3752 2354 3821 Quid
2380 3762 2439 3809 tu
2465 3754 2632 3825 igitur
2662 3770 2876 3820 censes,
2912 3754 3019 3827 56
3041 3769 3105 3809 ac
3135 3752 3321 3809 dicere
3359 3751 3550 3817 audes,

1960 3846 2134 3903 Deum
2163 3847 2387 3918 quidem
2417 3846 2597 3918 ipsum
2627 3863 2659 3903 a
2691 3846 2967 3917 principio
2998 3861 3111 3901 non
3149 3853 3299 3901 recte
3330 3843 3553 3900 consul-

1963 3947 2127 4006 tasse,
2153 3939 2250 3995 sed
2284 3946 2493 4010 postea,
2526 3954 2648 3995 cum
2681 3954 2739 3994 se
2774 3938 2844 3993 ab
2872 3954 2939 3993 eo
2967 3937 3114 4008 quod
3137 3937 3430 4009 'optimum
3462 3950 3551 3989 es-

1960 4039 2046 4086 set
2093 4030 2378 4089 aberrasse
2429 4032 2693 4097 sentiret,
2737 4032 2957 4087 tandem
2998 4032 3149 4103 quod
3191 4031 3392 4086 melius
3434 4035 3555 4084 erat

1962 4123 2211 4179 invenire
2246 4124 2525 4194 potuisse?
2549 4124 2633 4178 Au
2667 4132 2780 4179 tum
2821 4125 3044 4195 quidem
3077 4132 3227 4180 certe
3256 4124 3408 4179 cultu
3455 4121 3551 4192 qui

1962 4211 2019 4265 in
2047 4212 2258 4268 umbris
2289 4222 2428 4279 erat,
2453 4229 2581 4269 eum
2607 4223 2927 4269 contentum
2950 4215 3121 4270 fuisse
3144 4222 3323 4284 putas,
3353 4212 3553 4267 deinde

1963 4301 2203 4360 humano
2223 4322 2375 4362 more
2400 4322 2539 4365 vana
2563 4306 2799 4376 quadam
2827 4305 3129 4377 cupiditate
3155 4313 3399 4375 captum,
3417 4303 3551 4357 illud

1962 4393 2193 4455 alterum
2227 4396 2492 4452 oﬂerendi
2519 4413 2691 4469 genus
2726 4396 3009 4467 probasse,
3042 4396 3361 4467 cultumque
3392 4395 3554 4450 nobis

1962 4501 2165 4540 novum
2200 4494 2364 4556 atque
2394 4489 2629 4543 antehac
2659 4488 2995 4559 incognitum
3036 4486 3377 4543 instituisse?

353 4565 570 4619 ΠΑΛΔ.
622 4564 696 4618 Οὐ
731 4563 832 4635 μὲν
869 4556 984 4618 οὖν.
1038 4561 1219 4635 Λῆρος
1266 4561 1407 4633 γὰρ,
1459 4555 1643 4634 οἶμαι,
1679 4565 1864 4625 ταυτίι,

2033 4577 2231 4633 PALL.
2254 4555 2476 4633 Minime
2498 4595 2663 4637 vero:
2694 4555 2820 4633 nam
2843 4579 2896 4634 id
2912 4578 3135 4649 quidem
3150 4578 3458 4634 fabulosum
3489 4594 3554 4633 ac

282 4653 399 4709 οὐδ’
423 4653 493 4709 ἂν
516 4653 812 4725 οἱησαίμην
835 4653 918 4707 ὅτι
944 4652 1005 4706 τὸ
1033 4653 1380 4723 ἀφαμαρτεῖν
1413 4650 1673 4705 δύνασθαι
1715 4652 1858 4708 κατά

280 4758 331 4803 τι
360 4742 491 4812 γοῦν
529 4744 666 4806 ὅλως
697 4742 892 4802 ἕποιτο⁸
914 4742 1082 4813 αύτῷ.
1117 4740 1363 4812 Μάθοιμι
1395 4740 1533 4796 δ”ἂν
1557 4743 1632 4806 ὠς
1664 4744 1859 4815 ἥδιστά

282 4850 343 4902 γε
367 4836 424 4888 τί
461 4835 526 4889 τὸ
560 4835 857 4889 ἀναπεῖθον
902 4833 1281 4907 θεσμοθετεῖν,
1317 4836 1431 4898 τοῖς
1462 4834 1559 4892 ἐπὶ
1590 4835 1689 4907 τῆς
1716 4836 1856 4908 γῆς,

282 4928 462 4983 ἐκεῖνα
497 4930 598 5001 μὲν
625 4928 771 4994 τότε,
799 4927 920 4984 νυνὶ
941 4927 999 4982 δὲ
1023 4928 1202 4982 ταυτί.

349 5107 514 5165 ΚΥΡ.
548 5107 763 5162 Ἀνόπιν
783 5108 974 5179 ὥσπερ
1003 5106 1139 5165 ἰέναι
1165 5106 1376 5163 πάλιν.ὁ
1403 5106 1495 5171 σὸς
1513 5107 1660 5178 ἡμᾶς
1690 5108 1864 5177 ἀναγο

280 5201 436 5267 κάιζει
473 5201 654 5270 λόγος.
688 5202 762 5255 Ἢ
801 5201 905 5254 οὐκ
941 5200 1080 5271 ἔφην
1120 5202 1203 5255 ὅτι
1231 5201 1581 5270 παιδαγωγὸς
1619 5196 1687 5272 ἦν
1717 5204 1747 5255 ὁ
1775 5202 1864 5255 νό-

285 5310 403 5364 μος,
437 5293 585 5347 τοῦτ’
628 5293 777 5358 ἐστι,
820 5294 932 5346 τῶν
962 5292 1042 5347 ἔτι
1081 5293 1291 5364 νηπίων
1328 5296 1356 5346 ὁ
1400 5294 1725 5366 παιδευτής;
1772 5294 1865 5348 καὶ

278 5387 393 5448 τοῖς
411 5384 567 5439 οὔπω
594 5385 839 5439 συνιέναι
867 5380 1193 5456 δυναμένοις
1213 5386 1266 5439 τί
1294 5385 1354 5439 τὸ
1381 5386 1598 5457 ἀληθῶς
1626 5389 1859 5457 ἀγαθόν;

1965 4667 2257 4723 ridiculum
2276 4677 2431 4740 puto,
2446 4685 2628 4740 neque
2647 4686 2888 4740 unquam
2908 4669 3334 4725 existimaverim
3357 4670 3553 4725 cadere

1964 4759 2072 4815 hoc
2103 4759 2159 4815 in
2193 4761 2389 4827 Deum,
2422 4769 2485 4817 ut
2504 4762 2591 4816 vel
2616 4761 2843 4817 minima
2873 4762 3096 4833 quidem
3126 4762 3182 4818 in
3209 4780 3267 4819 re
3295 4764 3552 4820 aberrare

1965 4853 2155 4927 possit.
2185 4853 2336 4909 Aveo
2362 4862 2545 4910 tamen
2580 4854 2772 4910 audire
2811 4872 2919 4926 qua
2961 4870 3021 4910 re
3058 4865 3362 4926 permotus,
3390 4855 3553 4912 nobis

1966 4943 2061 5013 qui
2092 4943 2148 4998 in
2176 4944 2340 4999 terris
2366 4958 2672 5011 versamur,
2706 4951 2822 5000 tum
2850 4944 3073 5017 quidem
3101 4945 3212 5012 illa,
3242 4960 3391 5001 nunc
3418 4961 3563 5002 vero.

1966 5032 2084 5088 haec
2116 5033 2222 5088 alia
2258 5034 2520 5089 sanxerit.

2035 5124 2193 5180 CYR.
2229 5126 2443 5182 Rursus
2469 5141 2536 5183 ea
2576 5141 2698 5198 quae
2739 5127 2993 5200 superius
3029 5125 3175 5185 dicta
3222 5132 3351 5180 sunt
3388 5138 3550 5194 repe-

1963 5223 2079 5272 tere
2115 5226 2208 5273 tua
2235 5219 2379 5291 cogit
2401 5220 2597 5275 oratio.
2628 5220 2820 5275 Nonne
2844 5221 2956 5275 dixi
2986 5219 3337 5290 pmdagogum
3360 5233 3559 5289 quem-.

1965 5305 2091 5362 dam
2120 5307 2288 5365 fuisse
2317 5311 2516 5382 legem,
2546 5311 2600 5366 id
2644 5318 2747 5375 est,
2780 5310 3097 5382 magistrum
3122 5324 3316 5364 eorum
3342 5309 3435 5380 qui
3466 5309 3562 5364 in-.

1956 5397 2135 5456 iantes
2165 5401 2348 5459 adhuc
2376 5412 2583 5468 essent,
2612 5410 2669 5457 et
2693 5403 2787 5473 qui
2813 5402 3058 5457 nondum
3090 5402 3393 5474 intelligere
3425 5418 3547 5472 pes:

282 5474 375 5533 καί
406 5477 559 5528 ποῖον
588 5475 657 5529 ἂν
693 5475 781 5547 είη
812 5475 873 5527 τὸ
901 5474 1112 5547 θέλημα
1139 5474 1234 5529 τοῦ
1262 5476 1421 5541 Θεοῦ,
1448 5477 1510 5530 τὸ
1538 5478 1743 5534 τέλειον
1768 5481 1863 5534 καὶ

1959 5498 2102 5557 sent,
2141 5492 2210 5548 iis
2247 5494 2379 5564 quid
2407 5510 2536 5549 vere
2577 5493 2784 5547 bonum
2816 5492 2907 5559 sit,
2947 5508 3069 5563 qua:
3097 5492 3263 5547 etiam
3296 5493 3565 5557 voluntas.

283 5567 612 5638 εὐάρεστον,
662 5568 733 5621 δι’
782 5567 1105 5639 αἰνίγματος
1160 5568 1477 5640 ὑποδηλῶν;
1529 5572 1624 5625 καὶ
1673 5571 1750 5636 ὡς
1805 5574 1867 5628 ὲν

1961 5580 2057 5637 Dei
2098 5585 2340 5655 perfecta
2366 5592 2422 5640 et
2448 5584 2814 5655 bencplacens
2856 5600 2956 5657 per
2992 5583 3224 5657 aenigma
3253 5584 3565 5649 ευὺοειειιπ

351 5704 396 5737 ⁸³
420 5703 602 5760 Galat.
627 5721 707 5772 ιιι,
740 5703 925 5759 10-14.
1001 5708 1046 5739 ⁸³
1069 5708 1229 5762 Prov.
1263 5724 1341 5776 ιιι,
1367 5709 1420 5764 9.
1499 5710 1544 5743 “
1568 5710 1736 5768 Hebr.
1766 5729 1880 5770 xm.
1909 5715 1994 5774 l6.

357 5823 432 5897 (Ι)
461 5824 591 5898 Leg.
634 5824 1032 5899 χρηστομαθές.
1073 5827 1221 5883 Eon.
