  <div class='ocr_page' id='page_1' title='image "/cluster/home/n/w/nwhite01/storage/ocr_20150623/68/mdp.39015078384438/119.png"; bbox 0 0 4082 6304; ppageno 0'>
   <div class='ocr_carea' id='block_1_1' title="bbox 459 393 568 450">
    <p class='ocr_par' dir='ltr' id='par_1_1' title="bbox 459 393 568 450">
     <span class='ocr_line' id='line_1_1' title="bbox 459 393 568 450; baseline 0.028 -3"><span class='ocrx_word' id='word_1_1' title='bbox 459 393 568 450; x_wconf 68' lang='lat'><strong>9:23</strong></span> 
     </span>
    </p>
   </div>
   <div class='ocr_carea' id='block_1_2' title="bbox 1463 372 2718 442">
    <p class='ocr_par' dir='ltr' id='par_1_2' title="bbox 1463 372 2718 442">
     <span class='ocr_line' id='line_1_2' title="bbox 1463 372 2718 442; baseline -0.002 0"><span class='ocrx_word' id='word_1_2' title='bbox 1463 383 1521 442; x_wconf 89' lang='lat' dir='ltr'><strong>s.</strong></span> <span class='ocrx_word' id='word_1_3' title='bbox 1569 372 1843 442; x_wconf 81' lang='lat' dir='ltr'><strong>CYRILLI</strong></span> <span class='ocrx_word' id='word_1_4' title='bbox 1883 386 2358 442; x_wconf 74' lang='lat' dir='ltr'><strong>ALEXANDRINI</strong></span> <span class='ocrx_word' id='word_1_5' title='bbox 2399 384 2718 442; x_wconf 81' lang='lat' dir='ltr'><strong>ARClllEP.</strong></span> 
     </span>
    </p>
   </div>
   <div class='ocr_carea' id='block_1_3' title="bbox 3643 385 3743 442">
    <p class='ocr_par' dir='ltr' id='par_1_3' title="bbox 3643 385 3743 442">
     <span class='ocr_line' id='line_1_3' title="bbox 3643 385 3743 442; baseline 0.02 -2"><span class='ocrx_word' id='word_1_6' title='bbox 3643 385 3743 442; x_wconf 65' lang='lat' dir='ltr'><strong>est</strong></span> 
     </span>
    </p>
   </div>
   <div class='ocr_carea' id='block_1_4' title="bbox 460 496 2054 570">
    <p class='ocr_par' dir='ltr' id='par_1_4' title="bbox 460 497 2046 570">
     <span class='ocr_line' id='line_1_4' title="bbox 460 497 2046 570; baseline -0.004 -11"><span class='ocrx_word' id='word_1_7' title='bbox 460 507 630 568; x_wconf 80' lang='lat' dir='ltr'><strong>disse,</strong></span> <span class='ocrx_word' id='word_1_8' title='bbox 650 519 713 558; x_wconf 89' lang='lat' dir='ltr'><strong>ac</strong></span> <span class='ocrx_word' id='word_1_9' title='bbox 731 500 903 557; x_wconf 87' lang='lat' dir='ltr'><strong>veluti</strong></span> <span class='ocrx_word' id='word_1_10' title='bbox 925 497 1243 554; x_wconf 85' lang='lat' dir='ltr'><strong>rudioribus</strong></span> <span class='ocrx_word' id='word_1_11' title='bbox 1263 497 1444 554; x_wconf 89' lang='lat' dir='ltr'><strong>adhuc</strong></span> <span class='ocrx_word' id='word_1_12' title='bbox 1468 498 1660 569; x_wconf 80' lang='lat' dir='ltr'><strong>ﬁguris</strong></span> <span class='ocrx_word' id='word_1_13' title='bbox 1680 498 2046 570; x_wconf 74' lang='lat' dir='ltr'><strong>signiﬁcasse?</strong></span> 
     </span>
    </p>
   </div>
   <div class='ocr_carea' id='block_1_5' title="bbox 2160 496 3738 570">
    <p class='ocr_par' dir='ltr' id='par_1_5' title="bbox 2160 496 3738 570">
     <span class='ocr_line' id='line_1_5' title="bbox 2160 496 3738 570; baseline -0.001 -20"><span class='ocrx_word' id='word_1_14' title='bbox 2160 499 2385 569; x_wconf 76' lang='grc' dir='ltr'><strong>παχέσιν.</strong></span> <span class='ocrx_word' id='word_1_15' title='bbox 2421 498 2501 551; x_wconf 77' lang='grc' dir='ltr'>ἔτι</span> <span class='ocrx_word' id='word_1_16' title='bbox 2532 498 2958 568; x_wconf 76' lang='grc' dir='ltr'>κατασημαίνωυ</span> <span class='ocrx_word' id='word_1_17' title='bbox 2995 496 3222 563; x_wconf 71' lang='grc' dir='ltr'>τύποιςς</span> <span class='ocrx_word' id='word_1_18' title='bbox 3259 498 3380 570; x_wconf 54' lang='lat' dir='ltr'><strong>smn</strong></span> <span class='ocrx_word' id='word_1_19' title='bbox 3409 496 3538 568; x_wconf 79' lang='grc' dir='ltr'>γὰρ,</span> <span class='ocrx_word' id='word_1_20' title='bbox 3585 500 3738 570; x_wconf 76' lang='grc' dir='ltr'>εἴσῃ,</span> 
     </span>
    </p>
   </div>
   <div class='ocr_carea' id='block_1_6' title="bbox 463 590 2045 666">
    <p class='ocr_par' dir='ltr' id='par_1_6' title="bbox 463 590 2045 666">
     <span class='ocr_line' id='line_1_6' title="bbox 463 590 2045 666; baseline -0.004 -15"><span class='ocrx_word' id='word_1_21' title='bbox 463 597 770 666; x_wconf 88' lang='lat' dir='ltr'><strong>Intelligere</strong></span> <span class='ocrx_word' id='word_1_22' title='bbox 793 593 964 657; x_wconf 89' lang='lat' dir='ltr'><strong>enim,</strong></span> <span class='ocrx_word' id='word_1_23' title='bbox 985 606 1165 661; x_wconf 90' lang='lat' dir='ltr'><strong>neque</strong></span> <span class='ocrx_word' id='word_1_24' title='bbox 1190 590 1245 645; x_wconf 88' lang='lat' dir='ltr'><strong>id</strong></span> <span class='ocrx_word' id='word_1_25' title='bbox 1272 606 1469 661; x_wconf 83' lang='lat' dir='ltr'><strong>magno</strong></span> <span class='ocrx_word' id='word_1_26' title='bbox 1495 591 1716 662; x_wconf 88' lang='lat' dir='ltr'><strong>negotio</strong></span> <span class='ocrx_word' id='word_1_27' title='bbox 1735 600 1911 661; x_wconf 92' lang='lat' dir='ltr'><strong>potes,</strong></span> <span class='ocrx_word' id='word_1_28' title='bbox 1932 591 2045 660; x_wconf 90' lang='lat' dir='ltr'><strong>spi—</strong></span> 
     </span>
    </p>
   </div>
   <div class='ocr_carea' id='block_1_7' title="bbox 463 681 2046 752">
    <p class='ocr_par' dir='ltr' id='par_1_7' title="bbox 463 681 2046 752">
     <span class='ocr_line' id='line_1_7' title="bbox 463 681 2046 752; baseline -0.004 -10"><span class='ocrx_word' id='word_1_29' title='bbox 463 687 679 742; x_wconf 86' lang='lat' dir='ltr'><strong>ritualis</strong></span> <span class='ocrx_word' id='word_1_30' title='bbox 699 686 883 740; x_wconf 90' lang='lat' dir='ltr'><strong>cultus</strong></span> <span class='ocrx_word' id='word_1_31' title='bbox 904 683 1174 738; x_wconf 89' lang='lat' dir='ltr'><strong>rationem</strong></span> <span class='ocrx_word' id='word_1_32' title='bbox 1201 681 1370 738; x_wconf 80' lang='lat' dir='ltr'><strong>fuisse</strong></span> <span class='ocrx_word' id='word_1_33' title='bbox 1393 681 1615 752; x_wconf 81' lang='lat' dir='ltr'><strong>quidem</strong></span> <span class='ocrx_word' id='word_1_34' title='bbox 1637 697 1855 752; x_wconf 85' lang='lat' dir='ltr'><strong>semper</strong></span> <span class='ocrx_word' id='word_1_35' title='bbox 1880 683 2046 738; x_wconf 91' lang='lat' dir='ltr'><strong>etiam</strong></span> 
     </span>
    </p>
   </div>
   <div class='ocr_carea' id='block_1_8' title="bbox 459 772 2047 844">
    <p class='ocr_par' dir='ltr' id='par_1_8' title="bbox 459 772 2047 844">
     <span class='ocr_line' id='line_1_8' title="bbox 459 772 2047 844; baseline -0.004 -9"><span class='ocrx_word' id='word_1_36' title='bbox 459 779 588 835; x_wconf 87' lang='lat' dir='ltr'><strong>inde</strong></span> <span class='ocrx_word' id='word_1_37' title='bbox 631 778 701 832; x_wconf 88' lang='lat' dir='ltr'><strong>ab</strong></span> <span class='ocrx_word' id='word_1_38' title='bbox 749 776 909 831; x_wconf 87' lang='lat' dir='ltr'><strong>initio</strong></span> <span class='ocrx_word' id='word_1_39' title='bbox 953 776 1066 830; x_wconf 91' lang='lat' dir='ltr'><strong>Deo</strong></span> <span class='ocrx_word' id='word_1_40' title='bbox 1116 773 1516 844; x_wconf 87' lang='lat' dir='ltr'><strong>gratissimam;</strong></span> <span class='ocrx_word' id='word_1_41' title='bbox 1574 772 1821 828; x_wconf 90' lang='lat' dir='ltr'><strong>nondum</strong></span> <span class='ocrx_word' id='word_1_42' title='bbox 1865 782 2047 828; x_wconf 90' lang='lat' dir='ltr'><strong>tamen</strong></span> 
     </span>
    </p>
   </div>
   <div class='ocr_carea' id='block_1_9' title="bbox 459 867 2048 940">
    <p class='ocr_par' dir='ltr' id='par_1_9' title="bbox 459 867 2048 940">
     <span class='ocr_line' id='line_1_9' title="bbox 459 867 2048 940; baseline -0.003 -14"><span class='ocrx_word' id='word_1_43' title='bbox 459 869 730 940; x_wconf 85' lang='lat' dir='ltr'><strong>ejusmodi</strong></span> <span class='ocrx_word' id='word_1_44' title='bbox 771 877 832 924; x_wconf 90' lang='lat' dir='ltr'><strong>ut</strong></span> <span class='ocrx_word' id='word_1_45' title='bbox 858 867 926 922; x_wconf 89' lang='lat' dir='ltr'><strong>ad</strong></span> <span class='ocrx_word' id='word_1_46' title='bbox 954 881 1074 922; x_wconf 88' lang='lat' dir='ltr'><strong>eam</strong></span> <span class='ocrx_word' id='word_1_47' title='bbox 1103 873 1398 938; x_wconf 85' lang='lat' dir='ltr'><strong>penetrare</strong></span> <span class='ocrx_word' id='word_1_48' title='bbox 1423 873 1585 935; x_wconf 86' lang='lat' dir='ltr'><strong>atque</strong></span> <span class='ocrx_word' id='word_1_49' title='bbox 1611 867 1922 937; x_wconf 79' lang='lat' dir='ltr'><strong>pertingere</strong></span> <span class='ocrx_word' id='word_1_50' title='bbox 1949 867 2048 922; x_wconf 87' lang='lat' dir='ltr'><strong>Ju-</strong></span> 
     </span>
    </p>
   </div>
   <div class='ocr_carea' id='block_1_10' title="bbox 458 957 2048 1029">
    <p class='ocr_par' dir='ltr' id='par_1_10' title="bbox 458 957 2048 1029">
     <span class='ocr_line' id='line_1_10' title="bbox 458 957 2048 1029; baseline -0.002 -15"><span class='ocrx_word' id='word_1_51' title='bbox 458 961 700 1016; x_wconf 69' lang='lat' dir='ltr'><strong>dmorum</strong></span> <span class='ocrx_word' id='word_1_52' title='bbox 729 959 897 1014; x_wconf 90' lang='lat' dir='ltr'><strong>animi</strong></span> <span class='ocrx_word' id='word_1_53' title='bbox 924 967 1164 1029; x_wconf 80' lang='lat' dir='ltr'><strong>possent.</strong></span> <span class='ocrx_word' id='word_1_54' title='bbox 1201 958 1386 1028; x_wconf 76' lang='lat' dir='ltr'><strong>Itaque</strong></span> <span class='ocrx_word' id='word_1_55' title='bbox 1421 957 1609 1012; x_wconf 83' lang='lat' dir='ltr'><strong>verbis</strong></span> <span class='ocrx_word' id='word_1_56' title='bbox 1650 957 1718 1012; x_wconf 89' lang='lat' dir='ltr'><strong>ad</strong></span> <span class='ocrx_word' id='word_1_57' title='bbox 1760 957 2048 1012; x_wconf 80' lang='lat' dir='ltr'><strong>infantiam</strong></span> 
     </span>
    </p>
   </div>
   <div class='ocr_carea' id='block_1_11' title="bbox 459 1049 2047 1122">
    <p class='ocr_par' dir='ltr' id='par_1_11' title="bbox 459 1049 2047 1122">
     <span class='ocr_line' id='line_1_11' title="bbox 459 1049 2047 1122; baseline -0.001 -16"><span class='ocrx_word' id='word_1_58' title='bbox 459 1052 622 1122; x_wconf 86' lang='lat' dir='ltr'><strong>aptis,</strong></span> <span class='ocrx_word' id='word_1_59' title='bbox 659 1051 1010 1122; x_wconf 82' lang='lat' dir='ltr'><strong>simplicique</strong></span> <span class='ocrx_word' id='word_1_60' title='bbox 1033 1049 1322 1121; x_wconf 86' lang='lat' dir='ltr'><strong>disciplina</strong></span> <span class='ocrx_word' id='word_1_61' title='bbox 1367 1058 1530 1120; x_wconf 87' lang='lat' dir='ltr'><strong>atque</strong></span> <span class='ocrx_word' id='word_1_62' title='bbox 1559 1049 1889 1104; x_wconf 85' lang='lat' dir='ltr'><strong>educatione</strong></span> <span class='ocrx_word' id='word_1_63' title='bbox 1925 1065 2047 1104; x_wconf 90' lang='lat' dir='ltr'><strong>mo-</strong></span> 
     </span>
    </p>
   </div>
   <div class='ocr_carea' id='block_1_12' title="bbox 458 1141 2047 1215">
    <p class='ocr_par' dir='ltr' id='par_1_12' title="bbox 458 1141 2047 1215">
     <span class='ocr_line' id='line_1_12' title="bbox 458 1141 2047 1215; baseline -0.003 -16"><span class='ocrx_word' id='word_1_64' title='bbox 458 1147 646 1200; x_wconf 88' lang='lat' dir='ltr'><strong>derata</strong></span> <span class='ocrx_word' id='word_1_65' title='bbox 683 1160 822 1215; x_wconf 82' lang='lat' dir='ltr'><strong>Opus</strong></span> <span class='ocrx_word' id='word_1_66' title='bbox 852 1142 976 1209; x_wconf 83' lang='lat' dir='ltr'><strong>fuit,</strong></span> <span class='ocrx_word' id='word_1_67' title='bbox 1005 1159 1127 1213; x_wconf 71' lang='lat' dir='ltr'><strong>quae</strong></span> <span class='ocrx_word' id='word_1_68' title='bbox 1166 1141 1304 1196; x_wconf 89' lang='lat' dir='ltr'><strong>nihil</strong></span> <span class='ocrx_word' id='word_1_69' title='bbox 1337 1141 1593 1206; x_wconf 89' lang='lat' dir='ltr'><strong>arduum,</strong></span> <span class='ocrx_word' id='word_1_70' title='bbox 1625 1141 1764 1196; x_wconf 88' lang='lat' dir='ltr'><strong>nihil</strong></span> <span class='ocrx_word' id='word_1_71' title='bbox 1792 1157 2047 1212; x_wconf 84' lang='lat' dir='ltr'><strong>asperum</strong></span> 
     </span>
    </p>
   </div>
   <div class='ocr_carea' id='block_1_13' title="bbox 460 1235 2047 1306">
    <p class='ocr_par' dir='ltr' id='par_1_13' title="bbox 460 1235 2047 1306">
     <span class='ocr_line' id='line_1_13' title="bbox 460 1235 2047 1306; baseline 0 -16"><span class='ocrx_word' id='word_1_72' title='bbox 460 1239 710 1294; x_wconf 83' lang='lat' dir='ltr'><strong>haberet.</strong></span> <span class='ocrx_word' id='word_1_73' title='bbox 763 1237 899 1292; x_wconf 89' lang='lat' dir='ltr'><strong>Nam</strong></span> <span class='ocrx_word' id='word_1_74' title='bbox 942 1245 998 1291; x_wconf 92' lang='lat' dir='ltr'><strong>et</strong></span> <span class='ocrx_word' id='word_1_75' title='bbox 1030 1245 1190 1290; x_wconf 85' lang='lat' dir='ltr'><strong>antea</strong></span> <span class='ocrx_word' id='word_1_76' title='bbox 1236 1235 1478 1290; x_wconf 90' lang='lat' dir='ltr'><strong>instituit</strong></span> <span class='ocrx_word' id='word_1_77' title='bbox 1523 1235 1748 1306; x_wconf 86' lang='lat' dir='ltr'><strong>quidem</strong></span> <span class='ocrx_word' id='word_1_78' title='bbox 1797 1235 1944 1290; x_wconf 88' lang='lat' dir='ltr'><strong>Deus</strong></span> <span class='ocrx_word' id='word_1_79' title='bbox 1982 1250 2047 1290; x_wconf 90' lang='lat' dir='ltr'><strong>ea</strong></span> 
     </span>
    </p>
   </div>
   <div class='ocr_carea' id='block_1_14' title="bbox 459 1326 2045 1402">
    <p class='ocr_par' dir='ltr' id='par_1_14' title="bbox 459 1326 2045 1402">
     <span class='ocr_line' id='line_1_14' title="bbox 459 1326 2045 1402; baseline -0.004 -15"><span class='ocrx_word' id='word_1_80' title='bbox 459 1347 582 1402; x_wconf 67' lang='lat' dir='ltr'><strong>qua:</strong></span> <span class='ocrx_word' id='word_1_81' title='bbox 635 1331 692 1385; x_wconf 91' lang='lat' dir='ltr'><strong>in</strong></span> <span class='ocrx_word' id='word_1_82' title='bbox 739 1329 928 1401; x_wconf 84' lang='lat' dir='ltr'><strong>ﬁguris</strong></span> <span class='ocrx_word' id='word_1_83' title='bbox 967 1327 1326 1399; x_wconf 82' lang='lat' dir='ltr'><strong>gerebantur;</strong></span> <span class='ocrx_word' id='word_1_84' title='bbox 1371 1326 1809 1396; x_wconf 68' lang='lat' dir='ltr'><strong>prasmonstravit</strong></span> <span class='ocrx_word' id='word_1_85' title='bbox 1866 1333 2045 1382; x_wconf 86' lang='lat' dir='ltr'><strong>tamen</strong></span> 
     </span>
    </p>
   </div>
   <div class='ocr_carea' id='block_1_15' title="bbox 457 1417 2047 1486">
    <p class='ocr_par' dir='ltr' id='par_1_15' title="bbox 457 1417 2047 1486">
     <span class='ocr_line' id='line_1_15' title="bbox 457 1417 2047 1486; baseline -0.003 -10"><span class='ocrx_word' id='word_1_86' title='bbox 457 1437 523 1476; x_wconf 84' lang='lat' dir='ltr'><strong>ca</strong></span> <span class='ocrx_word' id='word_1_87' title='bbox 574 1421 795 1475; x_wconf 83' lang='lat' dir='ltr'><strong>tandem</strong></span> <span class='ocrx_word' id='word_1_88' title='bbox 857 1427 1090 1474; x_wconf 87' lang='lat' dir='ltr'><strong>ventura</strong></span> <span class='ocrx_word' id='word_1_89' title='bbox 1132 1427 1297 1486; x_wconf 89' lang='lat' dir='ltr'><strong>atque</strong></span> <span class='ocrx_word' id='word_1_90' title='bbox 1349 1417 1604 1472; x_wconf 82' lang='lat' dir='ltr'><strong>adfutura</strong></span> <span class='ocrx_word' id='word_1_91' title='bbox 1647 1432 1749 1470; x_wconf 84' lang='lat' dir='ltr'><strong>suo</strong></span> <span class='ocrx_word' id='word_1_92' title='bbox 1801 1425 2047 1486; x_wconf 92' lang='lat' dir='ltr'><strong>tempore</strong></span> 
     </span>
    </p>
   </div>
   <div class='ocr_carea' id='block_1_16' title="bbox 457 1508 2046 1584">
    <p class='ocr_par' dir='ltr' id='par_1_16' title="bbox 457 1508 2046 1584">
     <span class='ocr_line' id='line_1_16' title="bbox 457 1508 2046 1584; baseline -0.004 -15"><span class='ocrx_word' id='word_1_93' title='bbox 457 1531 580 1584; x_wconf 76' lang='lat' dir='ltr'><strong>qua:</strong></span> <span class='ocrx_word' id='word_1_94' title='bbox 601 1513 666 1568; x_wconf 92' lang='lat' dir='ltr'><strong>ad</strong></span> <span class='ocrx_word' id='word_1_95' title='bbox 688 1527 884 1568; x_wconf 85' lang='lat' dir='ltr'><strong>verum</strong></span> <span class='ocrx_word' id='word_1_96' title='bbox 906 1511 1003 1565; x_wconf 90' lang='lat' dir='ltr'><strong>Dei</strong></span> <span class='ocrx_word' id='word_1_97' title='bbox 1030 1509 1238 1564; x_wconf 91' lang='lat' dir='ltr'><strong>cultum</strong></span> <span class='ocrx_word' id='word_1_98' title='bbox 1262 1509 1622 1578; x_wconf 86' lang='lat' dir='ltr'><strong>pertinerent.</strong></span> <span class='ocrx_word' id='word_1_99' title='bbox 1646 1508 1837 1580; x_wconf 82' lang='lat' dir='ltr'><strong>Itaque</strong></span> <span class='ocrx_word' id='word_1_100' title='bbox 1861 1524 2046 1564; x_wconf 88' lang='lat' dir='ltr'><strong>acces-</strong></span> 
     </span>
    </p>
   </div>
   <div class='ocr_carea' id='block_1_17' title="bbox 458 1600 2051 1673">
    <p class='ocr_par' dir='ltr' id='par_1_17' title="bbox 458 1600 2051 1673">
     <span class='ocr_line' id='line_1_17' title="bbox 458 1600 2051 1673; baseline -0.003 -15"><span class='ocrx_word' id='word_1_101' title='bbox 458 1620 578 1659; x_wconf 91' lang='lat' dir='ltr'><strong>sum</strong></span> <span class='ocrx_word' id='word_1_102' title='bbox 607 1604 782 1667; x_wconf 91' lang='lat' dir='ltr'><strong>illum,</strong></span> <span class='ocrx_word' id='word_1_103' title='bbox 811 1617 923 1673; x_wconf 93' lang='lat' dir='ltr'><strong>quo</strong></span> <span class='ocrx_word' id='word_1_104' title='bbox 947 1616 1046 1672; x_wconf 90' lang='lat' dir='ltr'><strong>per</strong></span> <span class='ocrx_word' id='word_1_105' title='bbox 1068 1600 1372 1656; x_wconf 89' lang='lat' dir='ltr'><strong>hostiarum</strong></span> <span class='ocrx_word' id='word_1_106' title='bbox 1400 1615 1654 1655; x_wconf 89' lang='lat' dir='ltr'><strong>cruorem</strong></span> <span class='ocrx_word' id='word_1_107' title='bbox 1683 1601 1750 1657; x_wconf 90' lang='lat' dir='ltr'><strong>ad</strong></span> <span class='ocrx_word' id='word_1_108' title='bbox 1775 1617 1902 1656; x_wconf 94' lang='lat' dir='ltr'><strong>eum</strong></span> <span class='ocrx_word' id='word_1_109' title='bbox 1933 1601 2051 1658; x_wconf 89' lang='lat' dir='ltr'><strong>adi-</strong></span> 
     </span>
    </p>
   </div>
   <div class='ocr_carea' id='block_1_18' title="bbox 460 1689 2047 1763">
    <p class='ocr_par' dir='ltr' id='par_1_18' title="bbox 460 1689 2047 1763">
     <span class='ocr_line' id='line_1_18' title="bbox 460 1689 2047 1763; baseline -0.001 -15"><span class='ocrx_word' id='word_1_110' title='bbox 460 1694 640 1758; x_wconf 84' lang='lat' dir='ltr'><strong>batur,</strong></span> <span class='ocrx_word' id='word_1_111' title='bbox 671 1692 875 1763; x_wconf 76' lang='lat' dir='ltr'><strong>abjecit</strong></span> <span class='ocrx_word' id='word_1_112' title='bbox 918 1707 982 1751; x_wconf 85' lang='lat' dir='ltr'><strong>ac</strong></span> <span class='ocrx_word' id='word_1_113' title='bbox 1023 1690 1246 1762; x_wconf 89' lang='lat' dir='ltr'><strong>repulit,</strong></span> <span class='ocrx_word' id='word_1_114' title='bbox 1273 1705 1373 1762; x_wconf 91' lang='lat' dir='ltr'><strong>per</strong></span> <span class='ocrx_word' id='word_1_115' title='bbox 1401 1689 1567 1744; x_wconf 85' lang='lat' dir='ltr'><strong>Amos</strong></span> <span class='ocrx_word' id='word_1_116' title='bbox 1605 1690 1927 1762; x_wconf 85' lang='lat' dir='ltr'><strong>prophetam</strong></span> <span class='ocrx_word' id='word_1_117' title='bbox 1961 1690 2047 1746; x_wconf 86' lang='lat' dir='ltr'><strong>di-</strong></span> 
     </span>
    </p>
   </div>
   <div class='ocr_carea' id='block_1_19' title="bbox 459 1782 2046 1856">
    <p class='ocr_par' dir='ltr' id='par_1_19' title="bbox 459 1782 2046 1856">
     <span class='ocr_line' id='line_1_19' title="bbox 459 1782 2046 1856; baseline -0.001 -17"><span class='ocrx_word' id='word_1_118' title='bbox 459 1801 592 1844; x_wconf 84' lang='lat' dir='ltr'><strong>cens</strong></span> <span class='ocrx_word' id='word_1_119' title='bbox 626 1804 639 1841; x_wconf 87' lang='lat'><strong>:</strong></span> <span class='ocrx_word' id='word_1_120' title='bbox 671 1805 689 1837; x_wconf 78' lang='grc' dir='ltr'><strong>ι</strong></span> <span class='ocrx_word' id='word_1_121' title='bbox 725 1784 849 1849; x_wconf 91' lang='lat' dir='ltr'><strong>Odi,</strong></span> <span class='ocrx_word' id='word_1_122' title='bbox 887 1783 1063 1856; x_wconf 86' lang='lat' dir='ltr'><strong>repuli</strong></span> <span class='ocrx_word' id='word_1_123' title='bbox 1093 1783 1421 1841; x_wconf 80' lang='lat' dir='ltr'><strong>festivitates</strong></span> <span class='ocrx_word' id='word_1_124' title='bbox 1451 1789 1682 1847; x_wconf 84' lang='lat' dir='ltr'><strong>vestras,</strong></span> <span class='ocrx_word' id='word_1_125' title='bbox 1714 1799 1818 1840; x_wconf 89' lang='lat' dir='ltr'><strong>nec</strong></span> <span class='ocrx_word' id='word_1_126' title='bbox 1846 1782 2046 1837; x_wconf 89' lang='lat' dir='ltr'><strong>odora-</strong></span> 
     </span>
    </p>
   </div>
   <div class='ocr_carea' id='block_1_20' title="bbox 2155 589 3741 661">
    <p class='ocr_par' dir='ltr' id='par_1_20' title="bbox 2155 589 3741 661">
     <span class='ocr_line' id='line_1_20' title="bbox 2155 589 3741 661; baseline -0.002 -17"><span class='ocrx_word' id='word_1_127' title='bbox 2155 592 2249 644; x_wconf 70' lang='grc' dir='ltr'>καὶ</span> <span class='ocrx_word' id='word_1_128' title='bbox 2279 591 2340 644; x_wconf 78' lang='grc' dir='ltr'>οὔ</span> <span class='ocrx_word' id='word_1_129' title='bbox 2368 590 2466 644; x_wconf 81' lang='grc' dir='ltr'><strong>σὺν</strong></span> <span class='ocrx_word' id='word_1_130' title='bbox 2495 589 2679 660; x_wconf 78' lang='grc' dir='ltr'>ἱδρῶτι</span> <span class='ocrx_word' id='word_1_131' title='bbox 2723 589 2920 660; x_wconf 82' lang='grc' dir='ltr'>μακρῷ</span> <span class='ocrx_word' id='word_1_132' title='bbox 2949 589 3048 658; x_wconf 79' lang='grc' dir='ltr'>τῆς</span> <span class='ocrx_word' id='word_1_133' title='bbox 3086 589 3464 659; x_wconf 76' lang='grc' dir='ltr'>πνευματικῆς</span> <span class='ocrx_word' id='word_1_134' title='bbox 3487 590 3741 661; x_wconf 79' lang='grc' dir='ltr'>λατρείας</span> 
     </span>
    </p>
   </div>
   <div class='ocr_carea' id='block_1_21' title="bbox 2153 677 3740 755">
    <p class='ocr_par' dir='ltr' id='par_1_21' title="bbox 2153 677 3740 755">
     <span class='ocr_line' id='line_1_21' title="bbox 2153 677 3740 755; baseline -0.001 -19"><span class='ocrx_word' id='word_1_135' title='bbox 2153 684 2183 736; x_wconf 85' lang='grc' dir='ltr'><strong>ό</strong></span> <span class='ocrx_word' id='word_1_136' title='bbox 2214 683 2434 755; x_wconf 83' lang='grc' dir='ltr'><strong>τρόπος,</strong></span> <span class='ocrx_word' id='word_1_137' title='bbox 2457 681 2533 746; x_wconf 84' lang='grc' dir='ltr'>ὡς</span> <span class='ocrx_word' id='word_1_138' title='bbox 2563 677 2632 752; x_wconf 83' lang='grc' dir='ltr'>ἦν</span> <span class='ocrx_word' id='word_1_139' title='bbox 2658 681 2776 752; x_wconf 82' lang='grc' dir='ltr'>μὲν,</span> <span class='ocrx_word' id='word_1_140' title='bbox 2815 681 2902 735; x_wconf 88' lang='grc' dir='ltr'><strong>ἀεί</strong></span> <span class='ocrx_word' id='word_1_141' title='bbox 2931 697 2993 734; x_wconf 87' lang='grc' dir='ltr'><strong>τε</strong></span> <span class='ocrx_word' id='word_1_142' title='bbox 3019 681 3115 736; x_wconf 74' lang='grc' dir='ltr'>καὶ</span> <span class='ocrx_word' id='word_1_143' title='bbox 3144 683 3204 735; x_wconf 87' lang='grc' dir='ltr'><strong>ἐν</strong></span> <span class='ocrx_word' id='word_1_144' title='bbox 3245 682 3444 752; x_wconf 79' lang='grc' dir='ltr'><strong>ἀρχαῖς</strong></span> <span class='ocrx_word' id='word_1_145' title='bbox 3472 681 3740 754; x_wconf 84' lang='grc' dir='ltr'>τριπόθη-</span> 
     </span>
    </p>
   </div>
   <div class='ocr_carea' id='block_1_22' title="bbox 2153 773 3742 846">
    <p class='ocr_par' dir='ltr' id='par_1_22' title="bbox 2153 773 3742 846">
     <span class='ocr_line' id='line_1_22' title="bbox 2153 773 3742 846; baseline -0.001 -18"><span class='ocrx_word' id='word_1_146' title='bbox 2153 793 2245 838; x_wconf 81' lang='grc' dir='ltr'><strong>τος</strong></span> <span class='ocrx_word' id='word_1_147' title='bbox 2271 775 2426 846; x_wconf 82' lang='grc' dir='ltr'>Θεῷ,</span> <span class='ocrx_word' id='word_1_148' title='bbox 2462 774 2803 846; x_wconf 81' lang='grc' dir='ltr'>δυσέμϐατος</span> <span class='ocrx_word' id='word_1_149' title='bbox 2853 774 2910 828; x_wconf 84' lang='grc' dir='ltr'>δὲ</span> <span class='ocrx_word' id='word_1_150' title='bbox 2949 775 3044 828; x_wconf 75' lang='grc' dir='ltr'><strong>καὶ</strong></span> <span class='ocrx_word' id='word_1_151' title='bbox 3081 773 3298 843; x_wconf 80' lang='grc' dir='ltr'>ἀναφὴς</span> <span class='ocrx_word' id='word_1_152' title='bbox 3338 773 3420 827; x_wconf 79' lang='grc' dir='ltr'><strong>ἐτι</strong></span> <span class='ocrx_word' id='word_1_153' title='bbox 3467 777 3588 838; x_wconf 83' lang='grc' dir='ltr'>ταῖς</span> <span class='ocrx_word' id='word_1_154' title='bbox 3633 774 3742 827; x_wconf 89' lang='grc' dir='ltr'><strong>τῶν</strong></span> 
     </span>
    </p>
   </div>
   <div class='ocr_carea' id='block_1_23' title="bbox 2167 865 3740 938">
    <p class='ocr_par' dir='ltr' id='par_1_23' title="bbox 2167 865 3740 938">
     <span class='ocr_line' id='line_1_23' title="bbox 2167 865 3740 938; baseline 0 -18"><span class='ocrx_word' id='word_1_155' title='bbox 2167 867 2439 921; x_wconf 85' lang='grc' dir='ltr'><strong>Ἰουδαίων</strong></span> <span class='ocrx_word' id='word_1_156' title='bbox 2470 866 2694 938; x_wconf 72' lang='grc' dir='ltr'>ψυχαῖς.</span> <span class='ocrx_word' id='word_1_157' title='bbox 2739 865 2841 919; x_wconf 89' lang='grc' dir='ltr'>Διά</span> <span class='ocrx_word' id='word_1_158' title='bbox 2874 883 2957 920; x_wconf 88' lang='grc' dir='ltr'><strong>τοι</strong></span> <span class='ocrx_word' id='word_1_159' title='bbox 3009 866 3171 920; x_wconf 87' lang='grc' dir='ltr'>τοῦτο</span> <span class='ocrx_word' id='word_1_160' title='bbox 3209 866 3417 920; x_wconf 88' lang='grc' dir='ltr'>δεῖσθαι</span> <span class='ocrx_word' id='word_1_161' title='bbox 3448 866 3611 935; x_wconf 92' lang='grc' dir='ltr'>λόγου</span> <span class='ocrx_word' id='word_1_162' title='bbox 3643 884 3740 938; x_wconf 81' lang='grc' dir='ltr'>νη-</span> 
     </span>
    </p>
   </div>
   <div class='ocr_carea' id='block_1_24' title="bbox 2155 956 3742 1029">
    <p class='ocr_par' dir='ltr' id='par_1_24' title="bbox 2155 956 3742 1029">
     <span class='ocr_line' id='line_1_24' title="bbox 2155 956 3742 1029; baseline 0.001 -19"><span class='ocrx_word' id='word_1_163' title='bbox 2155 958 2533 1029; x_wconf 87' lang='grc' dir='ltr'>πιοπρεποῦς,</span> <span class='ocrx_word' id='word_1_164' title='bbox 2578 959 2672 1011; x_wconf 73' lang='grc' dir='ltr'><strong>καὶ</strong></span> <span class='ocrx_word' id='word_1_165' title='bbox 2706 957 3046 1029; x_wconf 80' lang='grc' dir='ltr'><strong>μαθημάτων</strong></span> <span class='ocrx_word' id='word_1_166' title='bbox 3081 956 3268 1010; x_wconf 85' lang='grc' dir='ltr'>ἁπλῶν</span> <span class='ocrx_word' id='word_1_167' title='bbox 3289 998 3305 1024; x_wconf 91' lang='grc'><strong>,</strong></span> <span class='ocrx_word' id='word_1_168' title='bbox 3339 959 3434 1010; x_wconf 69' lang='grc' dir='ltr'><strong>καὶ</strong></span> <span class='ocrx_word' id='word_1_169' title='bbox 3485 957 3742 1012; x_wconf 74' lang='grc' dir='ltr'>παιδοκο-</span> 
     </span>
    </p>
   </div>
   <div class='ocr_carea' id='block_1_25' title="bbox 2159 1047 3741 1121">
    <p class='ocr_par' dir='ltr' id='par_1_25' title="bbox 2159 1047 3741 1121">
     <span class='ocr_line' id='line_1_25' title="bbox 2159 1047 3741 1121; baseline 0.001 -20"><span class='ocrx_word' id='word_1_170' title='bbox 2159 1049 2287 1120; x_wconf 81' lang='grc' dir='ltr'>μίας</span> <span class='ocrx_word' id='word_1_171' title='bbox 2310 1049 2662 1121; x_wconf 78' lang='grc' dir='ltr'><strong>οἰκονομικῆς</strong></span> <span class='ocrx_word' id='word_1_172' title='bbox 2690 1049 2842 1102; x_wconf 80' lang='grc' dir='ltr'>οὐδὲν</span> <span class='ocrx_word' id='word_1_173' title='bbox 2868 1047 3101 1120; x_wconf 84' lang='grc' dir='ltr'>ἐχούσης</span> <span class='ocrx_word' id='word_1_174' title='bbox 3130 1049 3191 1102; x_wconf 79' lang='grc' dir='ltr'>τὸ</span> <span class='ocrx_word' id='word_1_175' title='bbox 3220 1048 3448 1112; x_wconf 76' lang='grc' dir='ltr'>ἄναντες</span> <span class='ocrx_word' id='word_1_176' title='bbox 3474 1049 3508 1118; x_wconf 82' lang='grc' dir='ltr'>ἢ</span> <span class='ocrx_word' id='word_1_177' title='bbox 3543 1051 3741 1120; x_wconf 79' lang='grc' dir='ltr'>τραχὺ,</span> 
     </span>
    </p>
   </div>
   <div class='ocr_carea' id='block_1_26' title="bbox 2155 1140 3738 1212">
    <p class='ocr_par' dir='ltr' id='par_1_26' title="bbox 2155 1140 3738 1212">
     <span class='ocr_line' id='line_1_26' title="bbox 2155 1140 3738 1212; baseline -0.003 -14"><span class='ocrx_word' id='word_1_178' title='bbox 2155 1141 2466 1212; x_wconf 70' lang='grc' dir='ltr'>ἐνομοθέτει</span> <span class='ocrx_word' id='word_1_179' title='bbox 2497 1141 2596 1211; x_wconf 83' lang='grc' dir='ltr'><strong>μὲν</strong></span> <span class='ocrx_word' id='word_1_180' title='bbox 2643 1141 2753 1212; x_wconf 83' lang='grc' dir='ltr'><strong>γάρ</strong></span> <span class='ocrx_word' id='word_1_181' title='bbox 2779 1141 2876 1197; x_wconf 65' lang='grc' dir='ltr'>καὶ</span> <span class='ocrx_word' id='word_1_182' title='bbox 2913 1141 3084 1194; x_wconf 87' lang='grc' dir='ltr'>πάλαι</span> <span class='ocrx_word' id='word_1_183' title='bbox 3130 1141 3202 1194; x_wconf 85' lang='grc' dir='ltr'><strong>τά</strong></span> <span class='ocrx_word' id='word_1_184' title='bbox 3257 1143 3317 1194; x_wconf 88' lang='grc' dir='ltr'><strong>ἐν</strong></span> <span class='ocrx_word' id='word_1_185' title='bbox 3360 1140 3554 1205; x_wconf 78' lang='grc' dir='ltr'>τύποις</span> <span class='ocrx_word' id='word_1_186' title='bbox 3585 1141 3738 1206; x_wconf 75' lang='grc' dir='ltr'>Θεό-ς.</span> 
     </span>
    </p>
   </div>
   <div class='ocr_carea' id='block_1_27' title="bbox 2156 1232 3744 1305">
    <p class='ocr_par' dir='ltr' id='par_1_27' title="bbox 2156 1232 3744 1305">
     <span class='ocr_line' id='line_1_27' title="bbox 2156 1232 3744 1305; baseline -0.001 -17"><span class='ocrx_word' id='word_1_187' title='bbox 2156 1232 2563 1305; x_wconf 85' lang='grc' dir='ltr'>Προῦπεδείκνυ</span> <span class='ocrx_word' id='word_1_188' title='bbox 2595 1233 2654 1286; x_wconf 84' lang='grc' dir='ltr'>δὲ</span> <span class='ocrx_word' id='word_1_189' title='bbox 2694 1233 2879 1299; x_wconf 90' lang='grc' dir='ltr'>πάλιν,</span> <span class='ocrx_word' id='word_1_190' title='bbox 2907 1233 2984 1298; x_wconf 84' lang='grc' dir='ltr'>ὡς</span> <span class='ocrx_word' id='word_1_191' title='bbox 3023 1232 3228 1304; x_wconf 74' lang='grc' dir='ltr'>ἥξοντά</span> <span class='ocrx_word' id='word_1_192' title='bbox 3261 1249 3322 1286; x_wconf 89' lang='grc' dir='ltr'><strong>τε</strong></span> <span class='ocrx_word' id='word_1_193' title='bbox 3373 1235 3466 1286; x_wconf 75' lang='grc' dir='ltr'><strong>καὶ</strong></span> <span class='ocrx_word' id='word_1_194' title='bbox 3506 1233 3744 1303; x_wconf 84' lang='grc' dir='ltr'>παρεσό-</span> 
     </span>
    </p>
   </div>
   <div class='ocr_carea' id='block_1_28' title="bbox 2159 1323 3740 1396">
    <p class='ocr_par' dir='ltr' id='par_1_28' title="bbox 2159 1323 3740 1396">
     <span class='ocr_line' id='line_1_28' title="bbox 2159 1323 3740 1396; baseline 0.001 -19"><span class='ocrx_word' id='word_1_195' title='bbox 2159 1341 2300 1395; x_wconf 88' lang='grc' dir='ltr'>μενα</span> <span class='ocrx_word' id='word_1_196' title='bbox 2346 1323 2490 1378; x_wconf 82' lang='grc' dir='ltr'>κατὰ</span> <span class='ocrx_word' id='word_1_197' title='bbox 2536 1324 2764 1396; x_wconf 77' lang='grc' dir='ltr'>καιροὺς</span> <span class='ocrx_word' id='word_1_198' title='bbox 2808 1323 2877 1378; x_wconf 81' lang='grc' dir='ltr'><strong>τά</strong></span> <span class='ocrx_word' id='word_1_199' title='bbox 2925 1326 2991 1378; x_wconf 86' lang='grc' dir='ltr'><strong>ἐκ</strong></span> <span class='ocrx_word' id='word_1_200' title='bbox 3037 1325 3138 1394; x_wconf 83' lang='grc' dir='ltr'><strong>τῆς</strong></span> <span class='ocrx_word' id='word_1_201' title='bbox 3180 1323 3416 1395; x_wconf 81' lang='grc' dir='ltr'><strong>ἀληθοῦς</strong></span> <span class='ocrx_word' id='word_1_202' title='bbox 3463 1324 3740 1395; x_wconf 78' lang='grc' dir='ltr'>λατρείας-ο</span> 
     </span>
    </p>
   </div>
   <div class='ocr_carea' id='block_1_29' title="bbox 2155 1415 3740 1489">
    <p class='ocr_par' dir='ltr' id='par_1_29' title="bbox 2155 1415 3740 1489">
     <span class='ocr_line' id='line_1_29' title="bbox 2155 1415 3740 1489; baseline 0.001 -21"><span class='ocrx_word' id='word_1_203' title='bbox 2155 1416 2250 1469; x_wconf 78' lang='grc' dir='ltr'><strong>καὶ</strong></span> <span class='ocrx_word' id='word_1_204' title='bbox 2275 1415 2579 1485; x_wconf 80' lang='grc' dir='ltr'>ἀπόῦλητον</span> <span class='ocrx_word' id='word_1_205' title='bbox 2625 1415 2724 1485; x_wconf 83' lang='grc' dir='ltr'><strong>μὲν</strong></span> <span class='ocrx_word' id='word_1_206' title='bbox 2754 1417 2928 1469; x_wconf 79' lang='grc' dir='ltr'>ἐποίει</span> <span class='ocrx_word' id='word_1_207' title='bbox 2961 1416 3022 1468; x_wconf 80' lang='grc' dir='ltr'>τὺ</span> <span class='ocrx_word' id='word_1_208' title='bbox 3051 1415 3148 1488; x_wconf 83' lang='grc' dir='ltr'>τὴν</span> <span class='ocrx_word' id='word_1_209' title='bbox 3177 1416 3244 1469; x_wconf 87' lang='grc' dir='ltr'>δι’</span> <span class='ocrx_word' id='word_1_210' title='bbox 3275 1416 3527 1486; x_wconf 87' lang='grc' dir='ltr'>αἱμάτων</span> <span class='ocrx_word' id='word_1_211' title='bbox 3567 1417 3740 1489; x_wconf 86' lang='grc' dir='ltr'>πρόσ-</span> 
     </span>
    </p>
   </div>
   <div class='ocr_carea' id='block_1_30' title="bbox 2155 1507 3741 1579">
    <p class='ocr_par' dir='ltr' id='par_1_30' title="bbox 2155 1507 3741 1579">
     <span class='ocr_line' id='line_1_30' title="bbox 2155 1507 3741 1579; baseline 0.001 -19"><span class='ocrx_word' id='word_1_212' title='bbox 2155 1507 2294 1572; x_wconf 82' lang='grc' dir='ltr'>οδον,</span> <span class='ocrx_word' id='word_1_213' title='bbox 2327 1507 2424 1560; x_wconf 67' lang='grc' dir='ltr'><strong>καὶ</strong></span> <span class='ocrx_word' id='word_1_214' title='bbox 2452 1507 2552 1577; x_wconf 78' lang='grc' dir='ltr'>τὴν</span> <span class='ocrx_word' id='word_1_215' title='bbox 2592 1507 2750 1562; x_wconf 88' lang='grc' dir='ltr'>σκιάν</span> <span class='ocrx_word' id='word_1_216' title='bbox 2780 1523 2794 1536; x_wconf 77' lang='grc'><strong>⁸</strong></span> <span class='ocrx_word' id='word_1_217' title='bbox 2830 1508 3121 1562; x_wconf 82' lang='grc' dir='ltr'>ἀπεσείετο</span> <span class='ocrx_word' id='word_1_218' title='bbox 3155 1507 3214 1560; x_wconf 85' lang='grc' dir='ltr'>δὲ</span> <span class='ocrx_word' id='word_1_219' title='bbox 3255 1507 3343 1561; x_wconf 81' lang='grc' dir='ltr'><strong>διὰ</strong></span> <span class='ocrx_word' id='word_1_220' title='bbox 3385 1508 3481 1561; x_wconf 82' lang='grc' dir='ltr'><strong>τοῦ</strong></span> <span class='ocrx_word' id='word_1_221' title='bbox 3519 1511 3741 1579; x_wconf 80' lang='grc' dir='ltr'>προφή-</span> 
     </span>
    </p>
   </div>
   <div class='ocr_carea' id='block_1_31' title="bbox 2154 1597 3745 1672">
    <p class='ocr_par' dir='ltr' id='par_1_31' title="bbox 2154 1597 3745 1672">
     <span class='ocr_line' id='line_1_31' title="bbox 2154 1597 3745 1672; baseline 0.003 -22"><span class='ocrx_word' id='word_1_222' title='bbox 2154 1614 2249 1650; x_wconf 88' lang='grc' dir='ltr'><strong>του</strong></span> <span class='ocrx_word' id='word_1_223' title='bbox 2280 1597 2455 1666; x_wconf 86' lang='grc' dir='ltr'>λέγων</span> <span class='ocrx_word' id='word_1_224' title='bbox 2492 1597 2692 1669; x_wconf 72' lang='grc' dir='ltr'>Ἀμώςο</span> <span class='ocrx_word' id='word_1_225' title='bbox 2727 1617 2744 1650; x_wconf 78' lang='grc' dir='ltr'><strong>ι</strong></span> <span class='ocrx_word' id='word_1_226' title='bbox 2777 1599 3100 1669; x_wconf 87' lang='grc' dir='ltr'>Μεμίσηκα,</span> <span class='ocrx_word' id='word_1_227' title='bbox 3130 1599 3396 1669; x_wconf 82' lang='grc' dir='ltr'>ἀπῶσμαι</span> <span class='ocrx_word' id='word_1_228' title='bbox 3421 1601 3520 1664; x_wconf 78' lang='grc' dir='ltr'>τὰς</span> <span class='ocrx_word' id='word_1_229' title='bbox 3551 1601 3745 1672; x_wconf 86' lang='grc' dir='ltr'>ἐορτάς</span> 
     </span>
    </p>
   </div>
   <div class='ocr_carea' id='block_1_32' title="bbox 2157 1687 3744 1762">
    <p class='ocr_par' dir='ltr' id='par_1_32' title="bbox 2157 1687 3744 1762">
     <span class='ocr_line' id='line_1_32' title="bbox 2157 1687 3744 1762; baseline 0.002 -19"><span class='ocrx_word' id='word_1_230' title='bbox 2157 1687 2334 1761; x_wconf 84' lang='grc' dir='ltr'>ὑμῶν,</span> <span class='ocrx_word' id='word_1_231' title='bbox 2383 1689 2477 1745; x_wconf 71' lang='grc' dir='ltr'>καὶ</span> <span class='ocrx_word' id='word_1_232' title='bbox 2513 1690 2574 1744; x_wconf 86' lang='grc' dir='ltr'><strong>οὐ</strong></span> <span class='ocrx_word' id='word_1_233' title='bbox 2629 1690 2704 1761; x_wconf 85' lang='grc' dir='ltr'>μὴ</span> <span class='ocrx_word' id='word_1_234' title='bbox 2751 1690 3044 1761; x_wconf 79' lang='grc' dir='ltr'>όσφρανθῶ</span> <span class='ocrx_word' id='word_1_235' title='bbox 3097 1693 3156 1744; x_wconf 84' lang='grc' dir='ltr'>ὲν</span> <span class='ocrx_word' id='word_1_236' title='bbox 3205 1693 3325 1753; x_wconf 85' lang='grc' dir='ltr'>ταῖς</span> <span class='ocrx_word' id='word_1_237' title='bbox 3370 1692 3744 1762; x_wconf 75' lang='grc' dir='ltr'>πανηγύρεσιν</span> 
     </span>
    </p>
   </div>
   <div class='ocr_carea' id='block_1_33' title="bbox 2156 1777 3744 1852">
    <p class='ocr_par' dir='ltr' id='par_1_33' title="bbox 2156 1777 3744 1852">
     <span class='ocr_line' id='line_1_33' title="bbox 2156 1777 3744 1852; baseline 0.003 -22"><span class='ocrx_word' id='word_1_238' title='bbox 2156 1777 2331 1849; x_wconf 78' lang='grc' dir='ltr'>ὑμῶν’</span> <span class='ocrx_word' id='word_1_239' title='bbox 2381 1777 2516 1834; x_wconf 80' lang='grc' dir='ltr'>διότι</span> <span class='ocrx_word' id='word_1_240' title='bbox 2575 1777 2670 1831; x_wconf 78' lang='grc' dir='ltr'><strong>ἐὰν</strong></span> <span class='ocrx_word' id='word_1_241' title='bbox 2723 1779 2984 1850; x_wconf 69' lang='grc' dir='ltr'>ἐνέγκητέ</span> <span class='ocrx_word' id='word_1_242' title='bbox 3039 1798 3130 1851; x_wconf 90' lang='grc' dir='ltr'><strong>μοι</strong></span> <span class='ocrx_word' id='word_1_243' title='bbox 3179 1779 3611 1852; x_wconf 78' lang='grc' dir='ltr'>ὁλοκαυτώματα</span> <span class='ocrx_word' id='word_1_244' title='bbox 3650 1783 3744 1836; x_wconf 79' lang='grc' dir='ltr'>καὶ</span> 
     </span>
    </p>
   </div>
   <div class='ocr_carea' id='block_1_34' title="bbox 460 1871 2054 1942">
    <p class='ocr_par' dir='ltr' id='par_1_34' title="bbox 460 1875 2049 1933">
     <span class='ocr_line' id='line_1_34' title="bbox 460 1875 2049 1933; baseline -0.001 -1"><span class='ocrx_word' id='word_1_245' title='bbox 460 1880 562 1933; x_wconf 89' lang='lat' dir='ltr'><strong>bor</strong></span> <span class='ocrx_word' id='word_1_246' title='bbox 590 1879 645 1932; x_wconf 91' lang='lat' dir='ltr'><strong>in</strong></span> <span class='ocrx_word' id='word_1_247' title='bbox 679 1875 1044 1933; x_wconf 86' lang='lat' dir='ltr'><strong>conventibus</strong></span> <span class='ocrx_word' id='word_1_248' title='bbox 1069 1876 1268 1930; x_wconf 79' lang='lat' dir='ltr'><strong>vestris</strong></span> <span class='ocrx_word' id='word_1_249' title='bbox 1296 1893 1308 1929; x_wconf 89' lang='lat'><strong>:</strong></span> <span class='ocrx_word' id='word_1_250' title='bbox 1340 1891 1466 1929; x_wconf 90' lang='lat' dir='ltr'><strong>nam</strong></span> <span class='ocrx_word' id='word_1_251' title='bbox 1501 1876 1546 1931; x_wconf 91' lang='lat' dir='ltr'><strong>si</strong></span> <span class='ocrx_word' id='word_1_252' title='bbox 1576 1875 1887 1930; x_wconf 87' lang='lat' dir='ltr'><strong>obtuleritis</strong></span> <span class='ocrx_word' id='word_1_253' title='bbox 1914 1875 2049 1930; x_wconf 85' lang='lat' dir='ltr'><strong>mihi</strong></span> 
     </span>
    </p>
   </div>
   <div class='ocr_carea' id='block_1_35' title="bbox 2160 1871 3743 1942">
    <p class='ocr_par' dir='ltr' id='par_1_35' title="bbox 2160 1871 3743 1942">
     <span class='ocr_line' id='line_1_35' title="bbox 2160 1871 3743 1942; baseline 0.001 -16"><span class='ocrx_word' id='word_1_254' title='bbox 2160 1871 2343 1935; x_wconf 82' lang='grc' dir='ltr'>θυσίας</span> <span class='ocrx_word' id='word_1_255' title='bbox 2387 1871 2574 1942; x_wconf 83' lang='grc' dir='ltr'>ὑμῶν,</span> <span class='ocrx_word' id='word_1_256' title='bbox 2620 1871 2720 1924; x_wconf 70' lang='grc' dir='ltr'><strong>οὐκ</strong></span> <span class='ocrx_word' id='word_1_257' title='bbox 2785 1871 3172 1942; x_wconf 78' lang='grc' dir='ltr'>ἐπιϐλέψομαι.</span> <span class='ocrx_word' id='word_1_258' title='bbox 3221 1871 3582 1942; x_wconf 83' lang='grc' dir='ltr'>Μετάστησον</span> <span class='ocrx_word' id='word_1_259' title='bbox 3647 1874 3743 1928; x_wconf 72' lang='grc' dir='ltr'>ἀπ’</span> 
     </span>
    </p>
   </div>
   <div class='ocr_carea' id='block_1_36' title="bbox 461 1966 2052 2036">
    <p class='ocr_par' dir='ltr' id='par_1_36' title="bbox 461 1966 2052 2036">
     <span class='ocr_line' id='line_1_36' title="bbox 461 1966 2052 2036; baseline -0.004 -10"><span class='ocrx_word' id='word_1_260' title='bbox 461 1969 782 2026; x_wconf 83' lang='lat' dir='ltr'><strong>holocausta</strong></span> <span class='ocrx_word' id='word_1_261' title='bbox 817 1973 875 2020; x_wconf 93' lang='lat' dir='ltr'><strong>et</strong></span> <span class='ocrx_word' id='word_1_262' title='bbox 904 1966 1112 2020; x_wconf 90' lang='lat' dir='ltr'><strong>hostias</strong></span> <span class='ocrx_word' id='word_1_263' title='bbox 1142 1974 1353 2021; x_wconf 88' lang='lat' dir='ltr'><strong>vestras</strong></span> <span class='ocrx_word' id='word_1_264' title='bbox 1373 2007 1388 2031; x_wconf 96' lang='lat'><strong>,</strong></span> <span class='ocrx_word' id='word_1_265' title='bbox 1423 1982 1531 2020; x_wconf 92' lang='lat' dir='ltr'><strong>non</strong></span> <span class='ocrx_word' id='word_1_266' title='bbox 1563 1966 1845 2036; x_wconf 90' lang='lat' dir='ltr'><strong>aspiciam.</strong></span> <span class='ocrx_word' id='word_1_267' title='bbox 1884 1966 2052 2022; x_wconf 83' lang='lat' dir='ltr'><strong>Aufer</strong></span> 
     </span>
    </p>
   </div>
   <div class='ocr_carea' id='block_1_37' title="bbox 460 2057 2050 2129">
    <p class='ocr_par' dir='ltr' id='par_1_37' title="bbox 460 2057 2050 2129">
     <span class='ocr_line' id='line_1_37' title="bbox 460 2057 2050 2129; baseline -0.002 -12"><span class='ocrx_word' id='word_1_268' title='bbox 460 2077 492 2118; x_wconf 85' lang='lat' dir='ltr'><strong>a</strong></span> <span class='ocrx_word' id='word_1_269' title='bbox 519 2075 606 2114; x_wconf 90' lang='lat' dir='ltr'><strong>me</strong></span> <span class='ocrx_word' id='word_1_270' title='bbox 640 2074 838 2114; x_wconf 91' lang='lat' dir='ltr'><strong>sonum</strong></span> <span class='ocrx_word' id='word_1_271' title='bbox 859 2057 1167 2113; x_wconf 88' lang='lat' dir='ltr'><strong>carminum</strong></span> <span class='ocrx_word' id='word_1_272' title='bbox 1193 2067 1435 2123; x_wconf 89' lang='lat' dir='ltr'><strong>tuorum,</strong></span> <span class='ocrx_word' id='word_1_273' title='bbox 1488 2065 1546 2113; x_wconf 91' lang='lat' dir='ltr'><strong>et</strong></span> <span class='ocrx_word' id='word_1_274' title='bbox 1571 2074 1901 2129; x_wconf 87' lang='lat' dir='ltr'><strong>organorum</strong></span> <span class='ocrx_word' id='word_1_275' title='bbox 1929 2066 2050 2114; x_wconf 91' lang='lat' dir='ltr'><strong>tuo-</strong></span> 
     </span>
    </p>
   </div>
   <div class='ocr_carea' id='block_1_38' title="bbox 461 2149 2053 2220">
    <p class='ocr_par' dir='ltr' id='par_1_38' title="bbox 461 2149 2053 2220">
     <span class='ocr_line' id='line_1_38' title="bbox 461 2149 2053 2220; baseline -0.003 -12"><span class='ocrx_word' id='word_1_276' title='bbox 461 2167 586 2208; x_wconf 75' lang='lat' dir='ltr'><strong>rum</strong></span> <span class='ocrx_word' id='word_1_277' title='bbox 630 2151 901 2220; x_wconf 90' lang='lat' dir='ltr'><strong>psalmum</strong></span> <span class='ocrx_word' id='word_1_278' title='bbox 946 2165 1058 2204; x_wconf 90' lang='lat' dir='ltr'><strong>non</strong></span> <span class='ocrx_word' id='word_1_279' title='bbox 1100 2149 1391 2204; x_wconf 78' lang='lat' dir='ltr'><strong>exaudiam</strong></span> <span class='ocrx_word' id='word_1_280' title='bbox 1441 2150 1507 2204; x_wconf 78' lang='lat'><strong>“.</strong></span> <span class='ocrx_word' id='word_1_281' title='bbox 1564 2169 1582 2200; x_wconf 74' lang='grc' dir='ltr'><strong>ι</strong></span> <span class='ocrx_word' id='word_1_282' title='bbox 1626 2150 1846 2205; x_wconf 80' lang='lat' dir='ltr'><strong>lnduxit</strong></span> <span class='ocrx_word' id='word_1_283' title='bbox 1886 2153 2053 2207; x_wconf 89' lang='lat' dir='ltr'><strong>etiam</strong></span> 
     </span>
    </p>
   </div>
   <div class='ocr_carea' id='block_1_39' title="bbox 461 2241 2052 2314">
    <p class='ocr_par' dir='ltr' id='par_1_39' title="bbox 461 2241 2052 2314">
     <span class='ocr_line' id='line_1_39' title="bbox 461 2241 2052 2314; baseline -0.001 -14"><span class='ocrx_word' id='word_1_284' title='bbox 461 2262 559 2314; x_wconf 92' lang='lat' dir='ltr'><strong>per</strong></span> <span class='ocrx_word' id='word_1_285' title='bbox 586 2245 868 2300; x_wconf 69' lang='lat' dir='ltr'><strong>Michzeam</strong></span> <span class='ocrx_word' id='word_1_286' title='bbox 917 2257 1209 2313; x_wconf 88' lang='lat' dir='ltr'><strong>personam</strong></span> <span class='ocrx_word' id='word_1_287' title='bbox 1254 2241 1380 2306; x_wconf 89' lang='lat' dir='ltr'><strong>viri,</strong></span> <span class='ocrx_word' id='word_1_288' title='bbox 1428 2257 1664 2312; x_wconf 90' lang='lat' dir='ltr'><strong>quanam</strong></span> <span class='ocrx_word' id='word_1_289' title='bbox 1701 2244 1913 2298; x_wconf 89' lang='lat' dir='ltr'><strong>ratione</strong></span> <span class='ocrx_word' id='word_1_290' title='bbox 1950 2243 2052 2298; x_wconf 90' lang='lat' dir='ltr'><strong>bo-</strong></span> 
     </span>
    </p>
   </div>
   <div class='ocr_carea' id='block_1_40' title="bbox 460 2333 2052 2407">
    <p class='ocr_par' dir='ltr' id='par_1_40' title="bbox 460 2333 2052 2407">
     <span class='ocr_line' id='line_1_40' title="bbox 460 2333 2052 2407; baseline 0.001 -18"><span class='ocrx_word' id='word_1_291' title='bbox 460 2353 592 2391; x_wconf 86' lang='lat' dir='ltr'><strong>num</strong></span> <span class='ocrx_word' id='word_1_292' title='bbox 627 2337 844 2391; x_wconf 87' lang='lat' dir='ltr'><strong>elIicerc</strong></span> <span class='ocrx_word' id='word_1_293' title='bbox 893 2334 1086 2405; x_wconf 89' lang='lat' dir='ltr'><strong>possit,</strong></span> <span class='ocrx_word' id='word_1_294' title='bbox 1129 2333 1274 2404; x_wconf 87' lang='lat' dir='ltr'><strong>quod</strong></span> <span class='ocrx_word' id='word_1_295' title='bbox 1316 2349 1711 2406; x_wconf 90' lang='lat' dir='ltr'><strong>usquequaque</strong></span> <span class='ocrx_word' id='word_1_296' title='bbox 1763 2336 1923 2407; x_wconf 89' lang='lat' dir='ltr'><strong>culpa</strong></span> <span class='ocrx_word' id='word_1_297' title='bbox 1955 2352 2052 2391; x_wconf 89' lang='lat' dir='ltr'><strong>va-</strong></span> 
     </span>
    </p>
   </div>
   <div class='ocr_carea' id='block_1_41' title="bbox 459 2426 2055 2502">
    <p class='ocr_par' dir='ltr' id='par_1_41' title="bbox 459 2426 2055 2502">
     <span class='ocr_line' id='line_1_41' title="bbox 459 2426 2055 2502; baseline -0.001 -19"><span class='ocrx_word' id='word_1_298' title='bbox 459 2438 567 2493; x_wconf 75' lang='lat' dir='ltr'><strong>cet,</strong></span> <span class='ocrx_word' id='word_1_299' title='bbox 611 2429 924 2499; x_wconf 86' lang='lat' dir='ltr'><strong>perdiscere</strong></span> <span class='ocrx_word' id='word_1_300' title='bbox 967 2427 1241 2498; x_wconf 91' lang='lat' dir='ltr'><strong>cupientis</strong></span> <span class='ocrx_word' id='word_1_301' title='bbox 1280 2446 1291 2480; x_wconf 91' lang='lat'>:</span> <span class='ocrx_word' id='word_1_302' title='bbox 1331 2446 1349 2478; x_wconf 85' lang='grc'><em>‹</em></span> <span class='ocrx_word' id='word_1_303' title='bbox 1397 2426 1457 2481; x_wconf 89' lang='lat' dir='ltr'><strong>In</strong></span> <span class='ocrx_word' id='word_1_304' title='bbox 1496 2443 1608 2498; x_wconf 89' lang='lat' dir='ltr'><strong>quo</strong></span> <span class='ocrx_word' id='word_1_305' title='bbox 1645 2427 2055 2502; x_wconf 79' lang='lat' dir='ltr'><strong>apprehendam</strong></span> 
     </span>
    </p>
   </div>
   <div class='ocr_carea' id='block_1_42' title="bbox 463 2519 2055 2590">
    <p class='ocr_par' dir='ltr' id='par_1_42' title="bbox 463 2519 2055 2590">
     <span class='ocr_line' id='line_1_42' title="bbox 463 2519 2055 2590; baseline 0 -16"><span class='ocrx_word' id='word_1_306' title='bbox 463 2521 778 2582; x_wconf 76' lang='lat' dir='ltr'><strong>hominum,</strong></span> <span class='ocrx_word' id='word_1_307' title='bbox 825 2519 1121 2590; x_wconf 90' lang='lat' dir='ltr'><strong>suscipiam</strong></span> <span class='ocrx_word' id='word_1_308' title='bbox 1155 2520 1330 2574; x_wconf 90' lang='lat' dir='ltr'><strong>Deum</strong></span> <span class='ocrx_word' id='word_1_309' title='bbox 1360 2534 1546 2573; x_wconf 89' lang='lat' dir='ltr'><strong>meum</strong></span> <span class='ocrx_word' id='word_1_310' title='bbox 1588 2519 1956 2578; x_wconf 90' lang='lat' dir='ltr'><strong>altissimum?</strong></span> <span class='ocrx_word' id='word_1_311' title='bbox 1997 2519 2055 2576; x_wconf 88' lang='lat' dir='ltr'><strong>Si</strong></span> 
     </span>
    </p>
   </div>
   <div class='ocr_carea' id='block_1_43' title="bbox 463 2611 2058 2686">
    <p class='ocr_par' dir='ltr' id='par_1_43' title="bbox 463 2611 2058 2686">
     <span class='ocr_line' id='line_1_43' title="bbox 463 2611 2058 2686; baseline 0.002 -20"><span class='ocrx_word' id='word_1_312' title='bbox 463 2612 873 2686; x_wconf 81' lang='lat' dir='ltr'><strong>apprehendam</strong></span> <span class='ocrx_word' id='word_1_313' title='bbox 897 2628 1024 2666; x_wconf 91' lang='lat' dir='ltr'><strong>eum</strong></span> <span class='ocrx_word' id='word_1_314' title='bbox 1053 2612 1109 2666; x_wconf 92' lang='lat' dir='ltr'><strong>in</strong></span> <span class='ocrx_word' id='word_1_315' title='bbox 1135 2611 1498 2676; x_wconf 87' lang='lat' dir='ltr'><strong>holocaustis,</strong></span> <span class='ocrx_word' id='word_1_316' title='bbox 1530 2611 1586 2664; x_wconf 92' lang='lat' dir='ltr'><strong>in</strong></span> <span class='ocrx_word' id='word_1_317' title='bbox 1611 2611 1802 2666; x_wconf 88' lang='lat' dir='ltr'><strong>vitulis</strong></span> <span class='ocrx_word' id='word_1_318' title='bbox 1829 2611 2058 2669; x_wconf 85' lang='lat' dir='ltr'><strong>annicu-</strong></span> 
     </span>
    </p>
   </div>
   <div class='ocr_carea' id='block_1_44' title="bbox 460 2701 2059 2773">
    <p class='ocr_par' dir='ltr' id='par_1_44' title="bbox 460 2701 2059 2773">
     <span class='ocr_line' id='line_1_44' title="bbox 460 2701 2059 2773; baseline -0.002 -15"><span class='ocrx_word' id='word_1_319' title='bbox 460 2705 564 2759; x_wconf 77' lang='lat' dir='ltr'><strong>lis?</strong></span> <span class='ocrx_word' id='word_1_320' title='bbox 593 2703 650 2759; x_wconf 92' lang='lat' dir='ltr'><strong>Si</strong></span> <span class='ocrx_word' id='word_1_321' title='bbox 674 2703 984 2773; x_wconf 89' lang='lat' dir='ltr'><strong>placabitur</strong></span> <span class='ocrx_word' id='word_1_322' title='bbox 1011 2701 1279 2756; x_wconf 87' lang='lat' dir='ltr'><strong>Dominus</strong></span> <span class='ocrx_word' id='word_1_323' title='bbox 1308 2703 1365 2756; x_wconf 93' lang='lat' dir='ltr'><strong>in</strong></span> <span class='ocrx_word' id='word_1_324' title='bbox 1395 2701 1640 2755; x_wconf 88' lang='lat' dir='ltr'><strong>millibus</strong></span> <span class='ocrx_word' id='word_1_325' title='bbox 1671 2702 1928 2766; x_wconf 87' lang='lat' dir='ltr'><strong>arietum,</strong></span> <span class='ocrx_word' id='word_1_326' title='bbox 1961 2711 2059 2761; x_wconf 84' lang='lat' dir='ltr'><strong>aut</strong></span> 
     </span>
    </p>
   </div>
   <div class='ocr_carea' id='block_1_45' title="bbox 463 2793 2056 2868">
    <p class='ocr_par' dir='ltr' id='par_1_45' title="bbox 463 2793 2056 2868">
     <span class='ocr_line' id='line_1_45' title="bbox 463 2793 2056 2868; baseline -0.002 -16"><span class='ocrx_word' id='word_1_327' title='bbox 463 2797 520 2852; x_wconf 90' lang='lat' dir='ltr'><strong>in</strong></span> <span class='ocrx_word' id='word_1_328' title='bbox 563 2795 760 2852; x_wconf 88' lang='lat' dir='ltr'><strong>decem</strong></span> <span class='ocrx_word' id='word_1_329' title='bbox 794 2795 1042 2854; x_wconf 91' lang='lat' dir='ltr'><strong>millibus</strong></span> <span class='ocrx_word' id='word_1_330' title='bbox 1069 2793 1352 2850; x_wconf 88' lang='lat' dir='ltr'><strong>hircorum</strong></span> <span class='ocrx_word' id='word_1_331' title='bbox 1395 2793 1717 2868; x_wconf 85' lang='lat' dir='ltr'><strong>pinguium?</strong></span> <span class='ocrx_word' id='word_1_332' title='bbox 1748 2793 1806 2849; x_wconf 91' lang='lat' dir='ltr'><strong>Si</strong></span> <span class='ocrx_word' id='word_1_333' title='bbox 1851 2794 2056 2850; x_wconf 88' lang='lat' dir='ltr'><strong>dedero</strong></span> 
     </span>
    </p>
   </div>
   <div class='ocr_carea' id='block_1_46' title="bbox 461 2885 2057 2960">
    <p class='ocr_par' dir='ltr' id='par_1_46' title="bbox 461 2885 2057 2960">
     <span class='ocr_line' id='line_1_46' title="bbox 461 2885 2057 2960; baseline 0.001 -20"><span class='ocrx_word' id='word_1_334' title='bbox 461 2887 827 2960; x_wconf 81' lang='lat' dir='ltr'><strong>primogenita</strong></span> <span class='ocrx_word' id='word_1_335' title='bbox 867 2903 1010 2952; x_wconf 89' lang='lat' dir='ltr'><strong>mea,</strong></span> <span class='ocrx_word' id='word_1_336' title='bbox 1044 2885 1284 2942; x_wconf 81' lang='lat' dir='ltr'><strong>fructum</strong></span> <span class='ocrx_word' id='word_1_337' title='bbox 1310 2886 1519 2942; x_wconf 83' lang='lat' dir='ltr'><strong>ventris</strong></span> <span class='ocrx_word' id='word_1_338' title='bbox 1545 2886 1676 2951; x_wconf 90' lang='lat' dir='ltr'><strong>mei,</strong></span> <span class='ocrx_word' id='word_1_339' title='bbox 1707 2902 1807 2958; x_wconf 91' lang='lat' dir='ltr'><strong>pro</strong></span> <span class='ocrx_word' id='word_1_340' title='bbox 1831 2894 2057 2958; x_wconf 90' lang='lat' dir='ltr'><strong>peccato</strong></span> 
     </span>
    </p>
   </div>
   <div class='ocr_carea' id='block_1_47' title="bbox 462 2978 2057 3052">
    <p class='ocr_par' dir='ltr' id='par_1_47' title="bbox 462 2978 2057 3052">
     <span class='ocr_line' id='line_1_47' title="bbox 462 2978 2057 3052; baseline 0.001 -18"><span class='ocrx_word' id='word_1_341' title='bbox 462 2980 659 3040; x_wconf 76' lang='lat' dir='ltr'><strong>anima:</strong></span> <span class='ocrx_word' id='word_1_342' title='bbox 683 2996 820 3036; x_wconf 70' lang='lat' dir='ltr'><strong>mea:</strong></span> <span class='ocrx_word' id='word_1_343' title='bbox 848 2979 928 3033; x_wconf 69' lang='grc' dir='ltr'><strong>ἀἳ</strong></span> <span class='ocrx_word' id='word_1_344' title='bbox 951 3000 968 3031; x_wconf 76' lang='grc' dir='ltr'><strong>ι</strong></span> <span class='ocrx_word' id='word_1_345' title='bbox 987 2979 1196 3035; x_wconf 93' lang='lat' dir='ltr'><strong>Deinde</strong></span> <span class='ocrx_word' id='word_1_346' title='bbox 1214 2979 1318 3050; x_wconf 83' lang='lat'><strong>57</strong></span> <span class='ocrx_word' id='word_1_347' title='bbox 1337 2979 1602 3034; x_wconf 90' lang='lat' dir='ltr'><strong>continuo</strong></span> <span class='ocrx_word' id='word_1_348' title='bbox 1630 2979 1974 3052; x_wconf 68' lang='lat' dir='ltr'><strong>subjungitzt</strong></span> <span class='ocrx_word' id='word_1_349' title='bbox 1998 2978 2057 3036; x_wconf 89' lang='lat' dir='ltr'><strong>Si</strong></span> 
     </span>
    </p>
   </div>
   <div class='ocr_carea' id='block_1_48' title="bbox 461 3071 2052 3143">
    <p class='ocr_par' dir='ltr' id='par_1_48' title="bbox 461 3071 2052 3143">
     <span class='ocr_line' id='line_1_48' title="bbox 461 3071 2052 3143; baseline 0 -17"><span class='ocrx_word' id='word_1_350' title='bbox 461 3072 848 3127; x_wconf 86' lang='lat' dir='ltr'><strong>annuntiatum</strong></span> <span class='ocrx_word' id='word_1_351' title='bbox 869 3080 954 3127; x_wconf 91' lang='lat' dir='ltr'><strong>est</strong></span> <span class='ocrx_word' id='word_1_352' title='bbox 983 3072 1103 3137; x_wconf 91' lang='lat' dir='ltr'><strong>tibi,</strong></span> <span class='ocrx_word' id='word_1_353' title='bbox 1127 3071 1326 3142; x_wconf 87' lang='lat' dir='ltr'><strong>inquit,</strong></span> <span class='ocrx_word' id='word_1_354' title='bbox 1351 3071 1538 3136; x_wconf 89' lang='lat' dir='ltr'><strong>homo,</strong></span> <span class='ocrx_word' id='word_1_355' title='bbox 1567 3071 1699 3143; x_wconf 89' lang='lat' dir='ltr'><strong>quid</strong></span> <span class='ocrx_word' id='word_1_356' title='bbox 1727 3072 1800 3128; x_wconf 92' lang='lat' dir='ltr'><strong>sit</strong></span> <span class='ocrx_word' id='word_1_357' title='bbox 1824 3073 2052 3139; x_wconf 91' lang='lat' dir='ltr'><strong>bonum,</strong></span> 
     </span>
    </p>
   </div>
   <div class='ocr_carea' id='block_1_49' title="bbox 2154 1959 3745 2036">
    <p class='ocr_par' dir='ltr' id='par_1_49' title="bbox 2154 1959 3745 2036">
     <span class='ocr_line' id='line_1_49' title="bbox 2154 1959 3745 2036; baseline 0.001 -19"><span class='ocrx_word' id='word_1_358' title='bbox 2154 1963 2288 2035; x_wconf 81' lang='grc' dir='ltr'>ἐμοῦ</span> <span class='ocrx_word' id='word_1_359' title='bbox 2316 1959 2451 2035; x_wconf 82' lang='grc' dir='ltr'>ἦχον</span> <span class='ocrx_word' id='word_1_360' title='bbox 2493 1963 2647 2034; x_wconf 78' lang='grc' dir='ltr'>ᾠδῶν</span> <span class='ocrx_word' id='word_1_361' title='bbox 2679 1980 2795 2028; x_wconf 91' lang='grc' dir='ltr'>σου,</span> <span class='ocrx_word' id='word_1_362' title='bbox 2829 1963 2925 2016; x_wconf 72' lang='grc' dir='ltr'>καὶ</span> <span class='ocrx_word' id='word_1_363' title='bbox 2966 1963 3180 2033; x_wconf 77' lang='grc' dir='ltr'>ψαλμὸν</span> <span class='ocrx_word' id='word_1_364' title='bbox 3213 1963 3464 2036; x_wconf 86' lang='grc' dir='ltr'>ὀργάνων</span> <span class='ocrx_word' id='word_1_365' title='bbox 3507 1983 3602 2018; x_wconf 85' lang='grc' dir='ltr'><strong>σου</strong></span> <span class='ocrx_word' id='word_1_366' title='bbox 3643 1966 3745 2018; x_wconf 80' lang='grc' dir='ltr'>οὐκ</span> 
     </span>
    </p>
   </div>
   <div class='ocr_carea' id='block_1_50' title="bbox 2154 2055 3746 2128">
    <p class='ocr_par' dir='ltr' id='par_1_50' title="bbox 2154 2055 3746 2128">
     <span class='ocr_line' id='line_1_50' title="bbox 2154 2055 3746 2128; baseline 0 -18"><span class='ocrx_word' id='word_1_367' title='bbox 2154 2056 2478 2128; x_wconf 84' lang='grc' dir='ltr'>ἀκούσομαι.</span> <span class='ocrx_word' id='word_1_368' title='bbox 2517 2075 2534 2107; x_wconf 75' lang='grc' dir='ltr'><strong>ι</strong></span> <span class='ocrx_word' id='word_1_369' title='bbox 2589 2055 2956 2125; x_wconf 83' lang='grc' dir='ltr'>Εἰσκεκόμικε</span> <span class='ocrx_word' id='word_1_370' title='bbox 3022 2055 3080 2109; x_wconf 81' lang='grc' dir='ltr'>δὲ</span> <span class='ocrx_word' id='word_1_371' title='bbox 3124 2056 3214 2109; x_wconf 90' lang='grc' dir='ltr'><strong>διά</strong></span> <span class='ocrx_word' id='word_1_372' title='bbox 3273 2056 3510 2127; x_wconf 80' lang='grc' dir='ltr'>Μιχαίου</span> <span class='ocrx_word' id='word_1_373' title='bbox 3576 2059 3746 2126; x_wconf 81' lang='grc' dir='ltr'>πρόσ-</span> 
     </span>
    </p>
   </div>
   <div class='ocr_carea' id='block_1_51' title="bbox 2155 2146 3744 2218">
    <p class='ocr_par' dir='ltr' id='par_1_51' title="bbox 2155 2146 3744 2218">
     <span class='ocr_line' id='line_1_51' title="bbox 2155 2146 3744 2218; baseline 0.002 -19"><span class='ocrx_word' id='word_1_374' title='bbox 2155 2164 2304 2200; x_wconf 86' lang='grc' dir='ltr'>ωπον</span> <span class='ocrx_word' id='word_1_375' title='bbox 2333 2146 2547 2216; x_wconf 83' lang='grc' dir='ltr'>ἀνδρὸς,</span> <span class='ocrx_word' id='word_1_376' title='bbox 2587 2146 2708 2200; x_wconf 88' lang='grc' dir='ltr'>τίνα</span> <span class='ocrx_word' id='word_1_377' title='bbox 2739 2146 2802 2214; x_wconf 86' lang='grc' dir='ltr'>δὴ</span> <span class='ocrx_word' id='word_1_378' title='bbox 2845 2146 3047 2217; x_wconf 83' lang='grc' dir='ltr'>τρόπον</span> <span class='ocrx_word' id='word_1_379' title='bbox 3069 2146 3469 2218; x_wconf 83' lang='grc' dir='ltr'>κατορθώσειεν</span> <span class='ocrx_word' id='word_1_380' title='bbox 3500 2148 3566 2201; x_wconf 81' lang='grc' dir='ltr'><strong>ἂν</strong></span> <span class='ocrx_word' id='word_1_381' title='bbox 3588 2149 3744 2218; x_wconf 80' lang='grc' dir='ltr'>ἀμωο</span> 
     </span>
    </p>
   </div>
   <div class='ocr_carea' id='block_1_52' title="bbox 2159 2238 3745 2313">
    <p class='ocr_par' dir='ltr' id='par_1_52' title="bbox 2159 2238 3745 2313">
     <span class='ocr_line' id='line_1_52' title="bbox 2159 2238 3745 2313; baseline 0.004 -23"><span class='ocrx_word' id='word_1_382' title='bbox 2159 2241 2347 2311; x_wconf 86' lang='grc' dir='ltr'>μήτως</span> <span class='ocrx_word' id='word_1_383' title='bbox 2375 2239 2434 2292; x_wconf 83' lang='grc' dir='ltr'><strong>τὸ</strong></span> <span class='ocrx_word' id='word_1_384' title='bbox 2466 2238 2692 2308; x_wconf 82' lang='grc' dir='ltr'>ἀγαθὸν,</span> <span class='ocrx_word' id='word_1_385' title='bbox 2734 2238 3092 2310; x_wconf 86' lang='grc' dir='ltr'>όρεκτιῶντος</span> <span class='ocrx_word' id='word_1_386' title='bbox 3131 2241 3487 2313; x_wconf 75' lang='grc' dir='ltr'>ἀναμαθείν·«</span> <span class='ocrx_word' id='word_1_387' title='bbox 3508 2243 3594 2295; x_wconf 80' lang='grc' dir='ltr'>Ἐν</span> <span class='ocrx_word' id='word_1_388' title='bbox 3639 2244 3745 2297; x_wconf 80' lang='grc' dir='ltr'>τίνι</span> 
     </span>
    </p>
   </div>
   <div class='ocr_carea' id='block_1_53' title="bbox 2156 2330 3747 2404">
    <p class='ocr_par' dir='ltr' id='par_1_53' title="bbox 2156 2330 3747 2404">
     <span class='ocr_line' id='line_1_53' title="bbox 2156 2330 3747 2404; baseline 0.001 -20"><span class='ocrx_word' id='word_1_389' title='bbox 2156 2330 2264 2403; x_wconf 85' lang='grc' dir='ltr'><strong>γὰρ</strong></span> <span class='ocrx_word' id='word_1_390' title='bbox 2293 2331 2588 2386; x_wconf 81' lang='grc' dir='ltr'>καταλάϐω</span> <span class='ocrx_word' id='word_1_391' title='bbox 2626 2331 2719 2384; x_wconf 84' lang='grc' dir='ltr'><strong>τὸν</strong></span> <span class='ocrx_word' id='word_1_392' title='bbox 2759 2330 3000 2402; x_wconf 81' lang='grc' dir='ltr'>Κύριον,</span> <span class='ocrx_word' id='word_1_393' title='bbox 3045 2332 3414 2404; x_wconf 66' lang='grc' dir='ltr'>ἀντιλήψομαι</span> <span class='ocrx_word' id='word_1_394' title='bbox 3457 2332 3594 2388; x_wconf 88' lang='grc' dir='ltr'>Θεοῦ</span> <span class='ocrx_word' id='word_1_395' title='bbox 3633 2335 3747 2404; x_wconf 71' lang='grc' dir='ltr'>ὑψί-</span> 
     </span>
    </p>
   </div>
   <div class='ocr_carea' id='block_1_54' title="bbox 2159 2421 3745 2497">
    <p class='ocr_par' dir='ltr' id='par_1_54' title="bbox 2159 2421 3745 2497">
     <span class='ocr_line' id='line_1_54' title="bbox 2159 2421 3745 2497; baseline 0.004 -22"><span class='ocrx_word' id='word_1_396' title='bbox 2159 2438 2320 2488; x_wconf 87' lang='grc' dir='ltr'>στου;</span> <span class='ocrx_word' id='word_1_397' title='bbox 2359 2422 2424 2476; x_wconf 86' lang='grc' dir='ltr'><strong>Εἰ</strong></span> <span class='ocrx_word' id='word_1_398' title='bbox 2469 2421 2857 2493; x_wconf 77' lang='grc' dir='ltr'>καταλήψομαι</span> <span class='ocrx_word' id='word_1_399' title='bbox 2889 2422 3054 2479; x_wconf 74' lang='grc' dir='ltr'>αὑτὸν</span> <span class='ocrx_word' id='word_1_400' title='bbox 3089 2425 3148 2478; x_wconf 90' lang='grc' dir='ltr'><strong>ἐν</strong></span> <span class='ocrx_word' id='word_1_401' title='bbox 3179 2424 3652 2497; x_wconf 78' lang='grc' dir='ltr'>ὁλοκαυτώμασιν,</span> <span class='ocrx_word' id='word_1_402' title='bbox 3688 2429 3745 2481; x_wconf 83' lang='grc' dir='ltr'><strong>ἐν</strong></span> 
     </span>
    </p>
   </div>
   <div class='ocr_carea' id='block_1_55' title="bbox 2161 2510 3746 2586">
    <p class='ocr_par' dir='ltr' id='par_1_55' title="bbox 2161 2510 3746 2586">
     <span class='ocr_line' id='line_1_55' title="bbox 2161 2510 3746 2586; baseline 0.003 -22"><span class='ocrx_word' id='word_1_403' title='bbox 2161 2513 2384 2582; x_wconf 84' lang='grc' dir='ltr'>μόσχοις</span> <span class='ocrx_word' id='word_1_404' title='bbox 2407 2511 2732 2578; x_wconf 54' lang='grc' dir='ltr'>ἐνιαυσίοις</span> <span class='ocrx_word' id='word_1_405' title='bbox 2755 2510 2818 2563; x_wconf 78' lang='grc' dir='ltr'><strong>Εἰ</strong></span> <span class='ocrx_word' id='word_1_406' title='bbox 2843 2513 3198 2584; x_wconf 79' lang='grc' dir='ltr'>προσδέξεται</span> <span class='ocrx_word' id='word_1_407' title='bbox 3222 2514 3427 2584; x_wconf 84' lang='grc' dir='ltr'>Κύριος</span> <span class='ocrx_word' id='word_1_408' title='bbox 3453 2518 3511 2568; x_wconf 83' lang='grc' dir='ltr'><strong>ἐν</strong></span> <span class='ocrx_word' id='word_1_409' title='bbox 3543 2515 3746 2586; x_wconf 80' lang='grc' dir='ltr'>χιλιάσι</span> 
     </span>
    </p>
   </div>
   <div class='ocr_carea' id='block_1_56' title="bbox 2159 2602 3746 2676">
    <p class='ocr_par' dir='ltr' id='par_1_56' title="bbox 2159 2602 3746 2676">
     <span class='ocr_line' id='line_1_56' title="bbox 2159 2602 3746 2676; baseline 0.002 -19"><span class='ocrx_word' id='word_1_410' title='bbox 2159 2602 2353 2673; x_wconf 82' lang='grc' dir='ltr'>κριῶν,</span> <span class='ocrx_word' id='word_1_411' title='bbox 2379 2602 2412 2672; x_wconf 82' lang='grc' dir='ltr'>ἢ</span> <span class='ocrx_word' id='word_1_412' title='bbox 2442 2603 2499 2654; x_wconf 90' lang='grc' dir='ltr'><strong>ἐν</strong></span> <span class='ocrx_word' id='word_1_413' title='bbox 2531 2602 2760 2674; x_wconf 89' lang='grc' dir='ltr'>μυριάσι</span> <span class='ocrx_word' id='word_1_414' title='bbox 2791 2603 3045 2675; x_wconf 85' lang='grc' dir='ltr'>χιμάρων</span> <span class='ocrx_word' id='word_1_415' title='bbox 3071 2604 3273 2658; x_wconf 88' lang='grc' dir='ltr'>πιόνων</span> <span class='ocrx_word' id='word_1_416' title='bbox 3299 2622 3314 2671; x_wconf 89' lang='lat'><strong>;</strong></span> <span class='ocrx_word' id='word_1_417' title='bbox 3347 2606 3408 2660; x_wconf 84' lang='lat' dir='ltr'><strong>Et</strong></span> <span class='ocrx_word' id='word_1_418' title='bbox 3435 2606 3510 2659; x_wconf 86' lang='grc' dir='ltr'><strong>δῶ</strong></span> <span class='ocrx_word' id='word_1_419' title='bbox 3532 2609 3746 2676; x_wconf 69' lang='grc' dir='ltr'>πρωτόο</span> 
     </span>
    </p>
   </div>
   <div class='ocr_carea' id='block_1_57' title="bbox 2157 2693 3747 2769">
    <p class='ocr_par' dir='ltr' id='par_1_57' title="bbox 2157 2693 3747 2769">
     <span class='ocr_line' id='line_1_57' title="bbox 2157 2693 3747 2769; baseline 0.004 -23"><span class='ocrx_word' id='word_1_420' title='bbox 2157 2694 2293 2747; x_wconf 86' lang='grc' dir='ltr'>τοκά</span> <span class='ocrx_word' id='word_1_421' title='bbox 2323 2711 2447 2764; x_wconf 90' lang='grc' dir='ltr'>μου,</span> <span class='ocrx_word' id='word_1_422' title='bbox 2476 2693 2728 2758; x_wconf 77' lang='grc' dir='ltr'>ἀσεϐείας</span> <span class='ocrx_word' id='word_1_423' title='bbox 2754 2695 2967 2766; x_wconf 81' lang='grc' dir='ltr'>καρπὸν</span> <span class='ocrx_word' id='word_1_424' title='bbox 2997 2695 3206 2760; x_wconf 78' lang='grc' dir='ltr'>κοιλίας</span> <span class='ocrx_word' id='word_1_425' title='bbox 3233 2714 3360 2767; x_wconf 90' lang='grc' dir='ltr'>μου,</span> <span class='ocrx_word' id='word_1_426' title='bbox 3389 2697 3530 2768; x_wconf 83' lang='grc' dir='ltr'>ὑπὲρ</span> <span class='ocrx_word' id='word_1_427' title='bbox 3565 2699 3747 2769; x_wconf 82' lang='grc' dir='ltr'>ἁμαρ-</span> 
     </span>
    </p>
   </div>
   <div class='ocr_carea' id='block_1_58' title="bbox 2158 2781 3741 2859">
    <p class='ocr_par' dir='ltr' id='par_1_58' title="bbox 2158 2781 3741 2859">
     <span class='ocr_line' id='line_1_58' title="bbox 2158 2781 3741 2859; baseline 0.003 -21"><span class='ocrx_word' id='word_1_428' title='bbox 2158 2786 2278 2850; x_wconf 84' lang='grc' dir='ltr'>τίας</span> <span class='ocrx_word' id='word_1_429' title='bbox 2310 2786 2489 2858; x_wconf 78' lang='grc' dir='ltr'>ψυχῆς</span> <span class='ocrx_word' id='word_1_430' title='bbox 2530 2803 2672 2857; x_wconf 88' lang='grc' dir='ltr'>μου;</span> <span class='ocrx_word' id='word_1_431' title='bbox 2715 2806 2734 2840; x_wconf 77' lang='grc' dir='ltr'><strong>ι</strong></span> <span class='ocrx_word' id='word_1_432' title='bbox 2791 2781 2933 2842; x_wconf 84' lang='grc' dir='ltr'>Εἶτα</span> <span class='ocrx_word' id='word_1_433' title='bbox 2971 2789 3334 2859; x_wconf 87' lang='grc' dir='ltr'>συνημμένως</span> <span class='ocrx_word' id='word_1_434' title='bbox 3373 2789 3468 2842; x_wconf 69' lang='grc' dir='ltr'><strong>καὶ</strong></span> <span class='ocrx_word' id='word_1_435' title='bbox 3517 2789 3741 2859; x_wconf 80' lang='grc' dir='ltr'>ἐφεξῆς·</span> 
     </span>
    </p>
   </div>
   <div class='ocr_carea' id='block_1_59' title="bbox 2166 2877 3745 2950">
    <p class='ocr_par' dir='ltr' id='par_1_59' title="bbox 2166 2877 3745 2950">
     <span class='ocr_line' id='line_1_59' title="bbox 2166 2877 3745 2950; baseline 0 -19"><span class='ocrx_word' id='word_1_436' title='bbox 2166 2899 2186 2931; x_wconf 80' lang='grc' dir='ltr'><strong>ι</strong></span> <span class='ocrx_word' id='word_1_437' title='bbox 2223 2878 2286 2931; x_wconf 82' lang='grc' dir='ltr'>Εἰ</span> <span class='ocrx_word' id='word_1_438' title='bbox 2313 2877 2590 2950; x_wconf 78' lang='grc' dir='ltr'>ἀνηγγέλη</span> <span class='ocrx_word' id='word_1_439' title='bbox 2625 2894 2708 2932; x_wconf 88' lang='grc' dir='ltr'><strong>σοι</strong></span> <span class='ocrx_word' id='word_1_440' title='bbox 2728 2917 2744 2942; x_wconf 90' lang='grc'><strong>,</strong></span> <span class='ocrx_word' id='word_1_441' title='bbox 2772 2878 2938 2948; x_wconf 75' lang='grc' dir='ltr'>φησὶν</span> <span class='ocrx_word' id='word_1_442' title='bbox 2959 2919 2976 2946; x_wconf 85' lang='grc'><strong>,</strong></span> <span class='ocrx_word' id='word_1_443' title='bbox 3007 2878 3264 2948; x_wconf 76' lang='grc' dir='ltr'>ἄνθρωπε</span> <span class='ocrx_word' id='word_1_444' title='bbox 3282 2919 3298 2945; x_wconf 89' lang='grc'><strong>,</strong></span> <span class='ocrx_word' id='word_1_445' title='bbox 3336 2877 3390 2932; x_wconf 82' lang='grc' dir='ltr'><strong>τί</strong></span> <span class='ocrx_word' id='word_1_446' title='bbox 3409 2879 3471 2932; x_wconf 84' lang='grc' dir='ltr'><strong>τὸ</strong></span> <span class='ocrx_word' id='word_1_447' title='bbox 3493 2879 3680 2933; x_wconf 62' lang='grc' dir='ltr'>καλὸν</span> <span class='ocrx_word' id='word_1_448' title='bbox 3710 2877 3745 2949; x_wconf 67' lang='grc' dir='ltr'><strong>ἢ</strong></span> 
     </span>
    </p>
   </div>
   <div class='ocr_carea' id='block_1_60' title="bbox 2156 2967 3748 3042">
    <p class='ocr_par' dir='ltr' id='par_1_60' title="bbox 2156 2967 3748 3042">
     <span class='ocr_line' id='line_1_60' title="bbox 2156 2967 3748 3042; baseline 0.003 -20"><span class='ocrx_word' id='word_1_449' title='bbox 2156 2968 2211 3022; x_wconf 84' lang='grc' dir='ltr'><strong>τί</strong></span> <span class='ocrx_word' id='word_1_450' title='bbox 2234 2967 2437 3040; x_wconf 82' lang='grc' dir='ltr'>Κῦριος</span> <span class='ocrx_word' id='word_1_451' title='bbox 2471 2968 2695 3040; x_wconf 77' lang='grc' dir='ltr'>ἐκζητεϊ</span> <span class='ocrx_word' id='word_1_452' title='bbox 2717 2969 2870 3038; x_wconf 86' lang='grc' dir='ltr'><strong>παρά</strong></span> <span class='ocrx_word' id='word_1_453' title='bbox 2896 2970 3012 3036; x_wconf 89' lang='grc' dir='ltr'>σοῦ,</span> <span class='ocrx_word' id='word_1_454' title='bbox 3036 2971 3154 3024; x_wconf 88' lang='grc' dir='ltr'>ἀλλ’</span> <span class='ocrx_word' id='word_1_455' title='bbox 3181 2971 3216 3042; x_wconf 79' lang='grc' dir='ltr'>ἢ</span> <span class='ocrx_word' id='word_1_456' title='bbox 3247 2969 3342 3027; x_wconf 84' lang='grc' dir='ltr'><strong>τοῦ</strong></span> <span class='ocrx_word' id='word_1_457' title='bbox 3367 2973 3543 3026; x_wconf 87' lang='grc' dir='ltr'>ποιεῖν</span> <span class='ocrx_word' id='word_1_458' title='bbox 3575 2970 3748 3042; x_wconf 80' lang='grc' dir='ltr'>κρίμα</span> 
     </span>
    </p>
   </div>
   <div class='ocr_carea' id='block_1_61' title="bbox 2158 3057 3750 3136">
    <p class='ocr_par' dir='ltr' id='par_1_61' title="bbox 2158 3057 3750 3136">
     <span class='ocr_line' id='line_1_61' title="bbox 2158 3057 3750 3136; baseline 0.003 -22"><span class='ocrx_word' id='word_1_459' title='bbox 2158 3059 2252 3114; x_wconf 67' lang='grc' dir='ltr'><strong>καὶ</strong></span> <span class='ocrx_word' id='word_1_460' title='bbox 2284 3060 2502 3132; x_wconf 79' lang='grc' dir='ltr'>ἀγαπᾷν</span> <span class='ocrx_word' id='word_1_461' title='bbox 2531 3059 2701 3124; x_wconf 78' lang='grc' dir='ltr'>ἕλεος·</span> <span class='ocrx_word' id='word_1_462' title='bbox 2733 3061 2828 3115; x_wconf 79' lang='grc' dir='ltr'>καὶ</span> <span class='ocrx_word' id='word_1_463' title='bbox 2860 3060 3078 3131; x_wconf 76' lang='grc' dir='ltr'>ἕτοιμον</span> <span class='ocrx_word' id='word_1_464' title='bbox 3117 3057 3258 3119; x_wconf 80' lang='grc' dir='ltr'>εἶναι</span> <span class='ocrx_word' id='word_1_465' title='bbox 3291 3060 3388 3116; x_wconf 89' lang='grc' dir='ltr'><strong>τοῦ</strong></span> <span class='ocrx_word' id='word_1_466' title='bbox 3415 3062 3750 3136; x_wconf 81' lang='grc' dir='ltr'>πορεύεσθαι</span> 
     </span>
    </p>
   </div>
   <div class='ocr_carea' id='block_1_62' title="bbox 462 3149 2054 3236">
    <p class='ocr_par' dir='ltr' id='par_1_62' title="bbox 462 3153 2054 3236">
     <span class='ocr_line' id='line_1_62' title="bbox 462 3153 2054 3236; baseline 0.001 -19"><span class='ocrx_word' id='word_1_467' title='bbox 462 3165 548 3219; x_wconf 82' lang='lat' dir='ltr'><strong>vel</strong></span> <span class='ocrx_word' id='word_1_468' title='bbox 569 3165 702 3236; x_wconf 87' lang='lat' dir='ltr'><strong>quid</strong></span> <span class='ocrx_word' id='word_1_469' title='bbox 729 3165 998 3221; x_wconf 91' lang='lat' dir='ltr'><strong>Dominus</strong></span> <span class='ocrx_word' id='word_1_470' title='bbox 1012 3153 1315 3235; x_wconf 76' lang='lat' dir='ltr'><strong>exquirata</strong></span> <span class='ocrx_word' id='word_1_471' title='bbox 1343 3173 1414 3229; x_wconf 91' lang='lat' dir='ltr'><strong>te,</strong></span> <span class='ocrx_word' id='word_1_472' title='bbox 1444 3164 1551 3220; x_wconf 90' lang='lat' dir='ltr'><strong>nisi</strong></span> <span class='ocrx_word' id='word_1_473' title='bbox 1579 3163 1760 3220; x_wconf 77' lang='lat' dir='ltr'><strong>facere</strong></span> <span class='ocrx_word' id='word_1_474' title='bbox 1779 3164 2054 3236; x_wconf 84' lang='lat' dir='ltr'><strong>judicium</strong></span> 
     </span>
    </p>
   </div>
   <div class='ocr_carea' id='block_1_63' title="bbox 2160 3149 3754 3236">
    <p class='ocr_par' dir='ltr' id='par_1_63' title="bbox 2162 3149 3754 3226">
     <span class='ocr_line' id='line_1_63' title="bbox 2162 3149 3754 3226; baseline 0.003 -22"><span class='ocrx_word' id='word_1_475' title='bbox 2162 3149 2304 3223; x_wconf 86' lang='grc' dir='ltr'><strong>μετά</strong></span> <span class='ocrx_word' id='word_1_476' title='bbox 2347 3150 2554 3223; x_wconf 80' lang='grc' dir='ltr'>Κυρίου</span> <span class='ocrx_word' id='word_1_477' title='bbox 2587 3151 2682 3206; x_wconf 90' lang='grc' dir='ltr'><strong>τοῦ</strong></span> <span class='ocrx_word' id='word_1_478' title='bbox 2721 3150 2858 3206; x_wconf 82' lang='grc' dir='ltr'>Θεοῦ</span> <span class='ocrx_word' id='word_1_479' title='bbox 2891 3169 3022 3218; x_wconf 86' lang='grc' dir='ltr'>σου;</span> <span class='ocrx_word' id='word_1_480' title='bbox 3079 3172 3101 3206; x_wconf 72' lang='grc' dir='ltr'><strong>ι</strong></span> <span class='ocrx_word' id='word_1_481' title='bbox 3145 3149 3273 3225; x_wconf 64' lang='grc' dir='ltr'><strong>’Ἆρ’</strong></span> <span class='ocrx_word' id='word_1_482' title='bbox 3313 3150 3408 3209; x_wconf 76' lang='grc' dir='ltr'><strong>οὖν</strong></span> <span class='ocrx_word' id='word_1_483' title='bbox 3437 3155 3560 3226; x_wconf 79' lang='grc' dir='ltr'>οὐχὶ</span> <span class='ocrx_word' id='word_1_484' title='bbox 3591 3155 3754 3209; x_wconf 83' lang='grc' dir='ltr'>τοῦτό</span> 
     </span>
    </p>
   </div>
   <div class='ocr_carea' id='block_1_64' title="bbox 462 3233 2054 3328">
    <p class='ocr_par' dir='ltr' id='par_1_64' title="bbox 462 3256 2054 3328">
     <span class='ocr_line' id='line_1_64' title="bbox 462 3256 2054 3328; baseline 0.003 -20"><span class='ocrx_word' id='word_1_485' title='bbox 462 3267 520 3312; x_wconf 75' lang='lat' dir='ltr'><strong>et</strong></span> <span class='ocrx_word' id='word_1_486' title='bbox 549 3256 779 3328; x_wconf 81' lang='lat' dir='ltr'><strong>diligere</strong></span> <span class='ocrx_word' id='word_1_487' title='bbox 819 3257 1278 3322; x_wconf 88' lang='lat' dir='ltr'><strong>misericordiam,</strong></span> <span class='ocrx_word' id='word_1_488' title='bbox 1309 3263 1367 3311; x_wconf 91' lang='lat' dir='ltr'><strong>et</strong></span> <span class='ocrx_word' id='word_1_489' title='bbox 1401 3265 1652 3327; x_wconf 90' lang='lat' dir='ltr'><strong>paratum</strong></span> <span class='ocrx_word' id='word_1_490' title='bbox 1695 3271 1818 3312; x_wconf 90' lang='lat' dir='ltr'><strong>esse</strong></span> <span class='ocrx_word' id='word_1_491' title='bbox 1856 3257 2054 3312; x_wconf 86' lang='lat' dir='ltr'><strong>ambu-</strong></span> 
     </span>
    </p>
   </div>
   <div class='ocr_carea' id='block_1_65' title="bbox 2160 3233 3754 3328">
    <p class='ocr_par' dir='ltr' id='par_1_65' title="bbox 2161 3241 3754 3316">
     <span class='ocr_line' id='line_1_65' title="bbox 2161 3241 3754 3316; baseline 0.003 -20"><span class='ocrx_word' id='word_1_492' title='bbox 2161 3244 2308 3297; x_wconf 82' lang='grc' dir='ltr'>ὲστιν</span> <span class='ocrx_word' id='word_1_493' title='bbox 2339 3242 2624 3315; x_wconf 85' lang='grc' dir='ltr'>ἐναργῶς,</span> <span class='ocrx_word' id='word_1_494' title='bbox 2657 3243 2796 3314; x_wconf 82' lang='grc' dir='ltr'>ὅπερ</span> <span class='ocrx_word' id='word_1_495' title='bbox 2842 3241 2948 3314; x_wconf 84' lang='grc' dir='ltr'><strong>ἐφη</strong></span> <span class='ocrx_word' id='word_1_496' title='bbox 2994 3244 3253 3316; x_wconf 83' lang='grc' dir='ltr'>Χριστός·</span> <span class='ocrx_word' id='word_1_497' title='bbox 3292 3266 3311 3298; x_wconf 71' lang='grc' dir='ltr'><strong>ι</strong></span> <span class='ocrx_word' id='word_1_498' title='bbox 3360 3246 3430 3300; x_wconf 78' lang='grc' dir='ltr'><strong>Εἰ</strong></span> <span class='ocrx_word' id='word_1_499' title='bbox 3475 3264 3562 3311; x_wconf 88' lang='grc' dir='ltr'><strong>τις</strong></span> <span class='ocrx_word' id='word_1_500' title='bbox 3607 3247 3754 3301; x_wconf 81' lang='grc' dir='ltr'>θέλει</span> 
     </span>
    </p>
   </div>
   <div class='ocr_carea' id='block_1_66' title="bbox 463 3347 2058 3420">
    <p class='ocr_par' dir='ltr' id='par_1_66' title="bbox 463 3347 2058 3420">
     <span class='ocr_line' id='line_1_66' title="bbox 463 3347 2058 3420; baseline -0.001 -15"><span class='ocrx_word' id='word_1_501' title='bbox 463 3351 578 3405; x_wconf 83' lang='lat' dir='ltr'><strong>lare</strong></span> <span class='ocrx_word' id='word_1_502' title='bbox 620 3365 746 3405; x_wconf 94' lang='lat' dir='ltr'><strong>cum</strong></span> <span class='ocrx_word' id='word_1_503' title='bbox 792 3349 1026 3403; x_wconf 90' lang='lat' dir='ltr'><strong>Domino</strong></span> <span class='ocrx_word' id='word_1_504' title='bbox 1056 3348 1167 3403; x_wconf 92' lang='lat' dir='ltr'><strong>Deo</strong></span> <span class='ocrx_word' id='word_1_505' title='bbox 1193 3357 1290 3402; x_wconf 94' lang='lat' dir='ltr'><strong>tuo</strong></span> <span class='ocrx_word' id='word_1_506' title='bbox 1319 3347 1400 3400; x_wconf 70' lang='lat'><strong>‘7?</strong></span> <span class='ocrx_word' id='word_1_507' title='bbox 1438 3367 1456 3399; x_wconf 73' lang='grc' dir='ltr'><strong>ι</strong></span> <span class='ocrx_word' id='word_1_508' title='bbox 1491 3348 1685 3404; x_wconf 89' lang='lat' dir='ltr'><strong>Nonne</strong></span> <span class='ocrx_word' id='word_1_509' title='bbox 1729 3348 1896 3420; x_wconf 83' lang='lat' dir='ltr'><strong>igitur</strong></span> <span class='ocrx_word' id='word_1_510' title='bbox 1933 3364 2058 3420; x_wconf 89' lang='lat' dir='ltr'><strong>per-</strong></span> 
     </span>
    </p>
   </div>
   <div class='ocr_carea' id='block_1_67' title="bbox 464 3437 2058 3516">
    <p class='ocr_par' dir='ltr' id='par_1_67' title="bbox 464 3437 2058 3516">
     <span class='ocr_line' id='line_1_67' title="bbox 464 3437 2058 3516; baseline 0.003 -23"><span class='ocrx_word' id='word_1_511' title='bbox 464 3441 654 3516; x_wconf 82' lang='lat' dir='ltr'><strong>spicue</strong></span> <span class='ocrx_word' id='word_1_512' title='bbox 674 3441 782 3494; x_wconf 92' lang='lat' dir='ltr'><strong>hoc</strong></span> <span class='ocrx_word' id='word_1_513' title='bbox 806 3439 941 3494; x_wconf 91' lang='lat' dir='ltr'><strong>illud</strong></span> <span class='ocrx_word' id='word_1_514' title='bbox 964 3448 1050 3493; x_wconf 91' lang='lat' dir='ltr'><strong>est</strong></span> <span class='ocrx_word' id='word_1_515' title='bbox 1071 3439 1219 3509; x_wconf 89' lang='lat' dir='ltr'><strong>quod</strong></span> <span class='ocrx_word' id='word_1_516' title='bbox 1254 3439 1436 3509; x_wconf 90' lang='lat' dir='ltr'><strong>inquit</strong></span> <span class='ocrx_word' id='word_1_517' title='bbox 1461 3437 1714 3494; x_wconf 90' lang='lat' dir='ltr'><strong>Christus</strong></span> <span class='ocrx_word' id='word_1_518' title='bbox 1745 3458 1758 3493; x_wconf 92' lang='lat'>:</span> <span class='ocrx_word' id='word_1_519' title='bbox 1792 3459 1810 3492; x_wconf 82' lang='grc' dir='ltr'><strong>ι</strong></span> <span class='ocrx_word' id='word_1_520' title='bbox 1843 3440 1900 3496; x_wconf 91' lang='lat' dir='ltr'><strong>Si</strong></span> <span class='ocrx_word' id='word_1_521' title='bbox 1933 3442 2058 3512; x_wconf 90' lang='lat' dir='ltr'><strong>quis</strong></span> 
     </span>
    </p>
   </div>
   <div class='ocr_carea' id='block_1_68' title="bbox 465 3530 2060 3602">
    <p class='ocr_par' dir='ltr' id='par_1_68' title="bbox 465 3530 2060 3602">
     <span class='ocr_line' id='line_1_68' title="bbox 465 3530 2060 3602; baseline 0.003 -18"><span class='ocrx_word' id='word_1_522' title='bbox 465 3533 585 3593; x_wconf 81' lang='lat' dir='ltr'><strong>vult</strong></span> <span class='ocrx_word' id='word_1_523' title='bbox 608 3530 798 3586; x_wconf 89' lang='lat' dir='ltr'><strong>venire</strong></span> <span class='ocrx_word' id='word_1_524' title='bbox 839 3540 964 3600; x_wconf 90' lang='lat' dir='ltr'><strong>post</strong></span> <span class='ocrx_word' id='word_1_525' title='bbox 993 3545 1101 3594; x_wconf 87' lang='lat' dir='ltr'><strong>me,</strong></span> <span class='ocrx_word' id='word_1_526' title='bbox 1143 3531 1377 3602; x_wconf 86' lang='lat' dir='ltr'><strong>abneget</strong></span> <span class='ocrx_word' id='word_1_527' title='bbox 1407 3531 1786 3602; x_wconf 91' lang='lat' dir='ltr'><strong>semetipsum,</strong></span> <span class='ocrx_word' id='word_1_528' title='bbox 1815 3541 1871 3586; x_wconf 94' lang='lat' dir='ltr'><strong>et</strong></span> <span class='ocrx_word' id='word_1_529' title='bbox 1907 3534 2060 3588; x_wconf 89' lang='lat' dir='ltr'><strong>tollat</strong></span> 
     </span>
    </p>
   </div>
   <div class='ocr_carea' id='block_1_69' title="bbox 466 3620 2055 3690">
    <p class='ocr_par' dir='ltr' id='par_1_69' title="bbox 466 3620 2055 3690">
     <span class='ocr_line' id='line_1_69' title="bbox 466 3620 2055 3690; baseline 0.001 -15"><span class='ocrx_word' id='word_1_530' title='bbox 466 3635 687 3675; x_wconf 81' lang='lat' dir='ltr'><strong>erucem</strong></span> <span class='ocrx_word' id='word_1_531' title='bbox 729 3635 915 3684; x_wconf 90' lang='lat' dir='ltr'><strong>suam,</strong></span> <span class='ocrx_word' id='word_1_532' title='bbox 958 3627 1014 3673; x_wconf 90' lang='lat' dir='ltr'><strong>et</strong></span> <span class='ocrx_word' id='word_1_533' title='bbox 1048 3627 1313 3690; x_wconf 84' lang='lat' dir='ltr'><strong>sequatur</strong></span> <span class='ocrx_word' id='word_1_534' title='bbox 1354 3635 1442 3675; x_wconf 90' lang='lat' dir='ltr'><strong>me</strong></span> <span class='ocrx_word' id='word_1_535' title='bbox 1476 3620 1630 3674; x_wconf 65' lang='lat'><strong>‘7&#39;?»</strong></span> <span class='ocrx_word' id='word_1_536' title='bbox 1680 3620 1750 3680; x_wconf 84' lang='lat' dir='ltr'><strong>Et</strong></span> <span class='ocrx_word' id='word_1_537' title='bbox 1793 3620 1996 3680; x_wconf 85' lang='lat' dir='ltr'><strong>iterum</strong></span> <span class='ocrx_word' id='word_1_538' title='bbox 2042 3640 2055 3677; x_wconf 95' lang='lat'><strong>:</strong></span> 
     </span>
    </p>
   </div>
   <div class='ocr_carea' id='block_1_70' title="bbox 477 3710 2061 3783">
    <p class='ocr_par' dir='ltr' id='par_1_70' title="bbox 477 3710 2061 3783">
     <span class='ocr_line' id='line_1_70' title="bbox 477 3710 2061 3783; baseline 0.004 -21"><span class='ocrx_word' id='word_1_539' title='bbox 477 3732 495 3762; x_wconf 74' lang='grc' dir='ltr'><strong>ι</strong></span> <span class='ocrx_word' id='word_1_540' title='bbox 521 3711 625 3782; x_wconf 86' lang='lat' dir='ltr'><strong>Qui</strong></span> <span class='ocrx_word' id='word_1_541' title='bbox 651 3726 739 3766; x_wconf 91' lang='lat' dir='ltr'><strong>me</strong></span> <span class='ocrx_word' id='word_1_542' title='bbox 764 3710 962 3782; x_wconf 87' lang='lat' dir='ltr'><strong>diligit,</strong></span> <span class='ocrx_word' id='word_1_543' title='bbox 990 3727 1076 3767; x_wconf 90' lang='lat' dir='ltr'><strong>me</strong></span> <span class='ocrx_word' id='word_1_544' title='bbox 1105 3719 1388 3783; x_wconf 90' lang='lat' dir='ltr'><strong>sequatur,</strong></span> <span class='ocrx_word' id='word_1_545' title='bbox 1422 3721 1480 3772; x_wconf 89' lang='lat' dir='ltr'><strong>et</strong></span> <span class='ocrx_word' id='word_1_546' title='bbox 1513 3711 1606 3768; x_wconf 91' lang='lat' dir='ltr'><strong>ubi</strong></span> <span class='ocrx_word' id='word_1_547' title='bbox 1637 3727 1740 3783; x_wconf 86' lang='lat' dir='ltr'><strong>ego</strong></span> <span class='ocrx_word' id='word_1_548' title='bbox 1777 3729 1920 3779; x_wconf 90' lang='lat' dir='ltr'><strong>sum,</strong></span> <span class='ocrx_word' id='word_1_549' title='bbox 1947 3713 2061 3769; x_wconf 91' lang='lat' dir='ltr'><strong>illic</strong></span> 
     </span>
    </p>
   </div>
   <div class='ocr_carea' id='block_1_71' title="bbox 466 3801 2060 3874">
    <p class='ocr_par' dir='ltr' id='par_1_71' title="bbox 466 3801 2060 3874">
     <span class='ocr_line' id='line_1_71' title="bbox 466 3801 2060 3874; baseline 0.001 -17"><span class='ocrx_word' id='word_1_550' title='bbox 466 3812 524 3863; x_wconf 85' lang='lat' dir='ltr'><strong>et</strong></span> <span class='ocrx_word' id='word_1_551' title='bbox 571 3801 823 3858; x_wconf 90' lang='lat' dir='ltr'><strong>minister</strong></span> <span class='ocrx_word' id='word_1_552' title='bbox 881 3818 1036 3858; x_wconf 90' lang='lat' dir='ltr'><strong>meus</strong></span> <span class='ocrx_word' id='word_1_553' title='bbox 1087 3803 1160 3858; x_wconf 91' lang='lat' dir='ltr'><strong>sit</strong></span> <span class='ocrx_word' id='word_1_554' title='bbox 1205 3804 1272 3858; x_wconf 78' lang='grc'><strong>⁸⁸.</strong></span> <span class='ocrx_word' id='word_1_555' title='bbox 1325 3823 1343 3855; x_wconf 74' lang='grc' dir='ltr'><strong>ι</strong></span> <span class='ocrx_word' id='word_1_556' title='bbox 1391 3804 1508 3860; x_wconf 81' lang='lat' dir='ltr'><strong>Non</strong></span> <span class='ocrx_word' id='word_1_557' title='bbox 1564 3803 1621 3858; x_wconf 94' lang='lat' dir='ltr'><strong>in</strong></span> <span class='ocrx_word' id='word_1_558' title='bbox 1685 3803 1847 3874; x_wconf 87' lang='lat' dir='ltr'><strong>legali</strong></span> <span class='ocrx_word' id='word_1_559' title='bbox 1906 3804 2060 3859; x_wconf 91' lang='lat' dir='ltr'><strong>cultu</strong></span> 
     </span>
    </p>
   </div>
   <div class='ocr_carea' id='block_1_72' title="bbox 463 3895 2062 3969">
    <p class='ocr_par' dir='ltr' id='par_1_72' title="bbox 463 3895 2062 3969">
     <span class='ocr_line' id='line_1_72' title="bbox 463 3895 2062 3969; baseline 0 -19"><span class='ocrx_word' id='word_1_560' title='bbox 463 3895 780 3951; x_wconf 78' lang='lat' dir='ltr'><strong>Christiana</strong></span> <span class='ocrx_word' id='word_1_561' title='bbox 806 3895 1020 3966; x_wconf 86' lang='lat' dir='ltr'><strong>religio,</strong></span> <span class='ocrx_word' id='word_1_562' title='bbox 1045 3895 1140 3951; x_wconf 88' lang='lat' dir='ltr'><strong>sed</strong></span> <span class='ocrx_word' id='word_1_563' title='bbox 1169 3895 1226 3950; x_wconf 92' lang='lat' dir='ltr'><strong>in</strong></span> <span class='ocrx_word' id='word_1_564' title='bbox 1241 3903 1439 3958; x_wconf 76' lang='lat' dir='ltr'><strong>sancto</strong></span> <span class='ocrx_word' id='word_1_565' title='bbox 1460 3904 1624 3966; x_wconf 87' lang='lat' dir='ltr'><strong>atque</strong></span> <span class='ocrx_word' id='word_1_566' title='bbox 1649 3895 1926 3969; x_wconf 88' lang='lat' dir='ltr'><strong>spirituali</strong></span> <span class='ocrx_word' id='word_1_567' title='bbox 1955 3896 2062 3957; x_wconf 88' lang='lat' dir='ltr'><strong>sita</strong></span> 
     </span>
    </p>
   </div>
   <div class='ocr_carea' id='block_1_73' title="bbox 469 3994 1413 4046">
    <p class='ocr_par' dir='ltr' id='par_1_73' title="bbox 469 3994 1413 4046">
     <span class='ocr_line' id='line_1_73' title="bbox 469 3994 1413 4046; baseline -0.005 0"><span class='ocrx_word' id='word_1_568' title='bbox 469 3994 577 4046; x_wconf 75' lang='lat' dir='ltr'><strong>t‘st.</strong></span> <span class='ocrx_word' id='word_1_569' title='bbox 1408 4009 1413 4015; x_wconf 87' lang='lat'>&#39;</span> 
     </span>
    </p>
   </div>
   <div class='ocr_carea' id='block_1_74' title="bbox 539 4076 1336 4134">
    <p class='ocr_par' dir='ltr' id='par_1_74' title="bbox 539 4076 1336 4134">
     <span class='ocr_line' id='line_1_74' title="bbox 539 4076 1336 4134; baseline -0.003 -1"><span class='ocrx_word' id='word_1_570' title='bbox 539 4076 739 4133; x_wconf 80' lang='lat' dir='ltr'><strong>PALL.</strong></span> <span class='ocrx_word' id='word_1_571' title='bbox 771 4076 1097 4134; x_wconf 86' lang='lat' dir='ltr'><strong>Rectissime</strong></span> <span class='ocrx_word' id='word_1_572' title='bbox 1128 4076 1336 4132; x_wconf 82' lang='lat' dir='ltr'><strong>dixisti.</strong></span> 
     </span>
    </p>
   </div>
   <div class='ocr_carea' id='block_1_75' title="bbox 535 4168 2058 4243">
    <p class='ocr_par' dir='ltr' id='par_1_75' title="bbox 535 4168 2058 4243">
     <span class='ocr_line' id='line_1_75' title="bbox 535 4168 2058 4243; baseline -0.001 -17"><span class='ocrx_word' id='word_1_573' title='bbox 535 4169 694 4227; x_wconf 80' lang='lat' dir='ltr'><strong>CYR.</strong></span> <span class='ocrx_word' id='word_1_574' title='bbox 727 4169 1059 4237; x_wconf 87' lang='lat' dir='ltr'><strong>Quinetiam</strong></span> <span class='ocrx_word' id='word_1_575' title='bbox 1091 4183 1190 4239; x_wconf 89' lang='lat' dir='ltr'><strong>per</strong></span> <span class='ocrx_word' id='word_1_576' title='bbox 1229 4168 1424 4224; x_wconf 86' lang='lat' dir='ltr'><strong>Isaiam</strong></span> <span class='ocrx_word' id='word_1_577' title='bbox 1464 4169 1849 4230; x_wconf 88' lang='lat' dir='ltr'><strong>vehementius</strong></span> <span class='ocrx_word' id='word_1_578' title='bbox 1868 4171 2058 4243; x_wconf 75' lang='lat' dir='ltr'><strong>objur-</strong></span> 
     </span>
    </p>
   </div>
   <div class='ocr_carea' id='block_1_76' title="bbox 466 4260 2058 4333">
    <p class='ocr_par' dir='ltr' id='par_1_76' title="bbox 466 4260 2058 4333">
     <span class='ocr_line' id='line_1_76' title="bbox 466 4260 2058 4333; baseline 0 -17"><span class='ocrx_word' id='word_1_579' title='bbox 466 4279 602 4333; x_wconf 84' lang='lat' dir='ltr'><strong>gans</strong></span> <span class='ocrx_word' id='word_1_580' title='bbox 624 4261 934 4327; x_wconf 86' lang='lat' dir='ltr'><strong>lsraelitas,</strong></span> <span class='ocrx_word' id='word_1_581' title='bbox 972 4279 991 4313; x_wconf 75' lang='grc' dir='ltr'><strong>ι</strong></span> <span class='ocrx_word' id='word_1_582' title='bbox 1021 4260 1245 4327; x_wconf 84' lang='lat' dir='ltr'><strong>Audite,</strong></span> <span class='ocrx_word' id='word_1_583' title='bbox 1287 4279 1304 4312; x_wconf 79' lang='grc' dir='ltr'><strong>ι</strong></span> <span class='ocrx_word' id='word_1_584' title='bbox 1333 4260 1534 4331; x_wconf 90' lang='lat' dir='ltr'><strong>inquit,</strong></span> <span class='ocrx_word' id='word_1_585' title='bbox 1566 4281 1585 4314; x_wconf 74' lang='grc' dir='ltr'><strong>ι</strong></span> <span class='ocrx_word' id='word_1_586' title='bbox 1614 4262 1786 4320; x_wconf 91' lang='lat' dir='ltr'><strong>verba</strong></span> <span class='ocrx_word' id='word_1_587' title='bbox 1807 4262 2058 4328; x_wconf 91' lang='lat' dir='ltr'><strong>Domini,</strong></span> 
     </span>
    </p>
   </div>
   <div class='ocr_carea' id='block_1_77' title="bbox 468 4350 2053 4428">
    <p class='ocr_par' dir='ltr' id='par_1_77' title="bbox 468 4350 2053 4428">
     <span class='ocr_line' id='line_1_77' title="bbox 468 4350 2053 4428; baseline 0.001 -23"><span class='ocrx_word' id='word_1_588' title='bbox 468 4353 746 4428; x_wconf 83' lang='lat' dir='ltr'><strong>principes</strong></span> <span class='ocrx_word' id='word_1_589' title='bbox 775 4351 1175 4418; x_wconf 89' lang='lat' dir='ltr'><strong>Sodomorum;</strong></span> <span class='ocrx_word' id='word_1_590' title='bbox 1206 4350 1476 4406; x_wconf 90' lang='lat' dir='ltr'><strong>attendite</strong></span> <span class='ocrx_word' id='word_1_591' title='bbox 1520 4351 1695 4423; x_wconf 88' lang='lat' dir='ltr'><strong>legem</strong></span> <span class='ocrx_word' id='word_1_592' title='bbox 1725 4352 1844 4419; x_wconf 88' lang='lat' dir='ltr'><strong>Dei,</strong></span> <span class='ocrx_word' id='word_1_593' title='bbox 1881 4368 2053 4424; x_wconf 89' lang='lat' dir='ltr'><strong>popu-</strong></span> 
     </span>
    </p>
   </div>
   <div class='ocr_carea' id='block_1_78' title="bbox 468 4443 2061 4510">
    <p class='ocr_par' dir='ltr' id='par_1_78' title="bbox 468 4443 2061 4510">
     <span class='ocr_line' id='line_1_78' title="bbox 468 4443 2061 4510; baseline 0.001 -13"><span class='ocrx_word' id='word_1_594' title='bbox 468 4447 556 4500; x_wconf 90' lang='lat' dir='ltr'><strong>lus</strong></span> <span class='ocrx_word' id='word_1_595' title='bbox 601 4444 943 4503; x_wconf 69' lang='lat' dir='ltr'><strong>Gomorrhae.</strong></span> <span class='ocrx_word' id='word_1_596' title='bbox 993 4443 1114 4510; x_wconf 87' lang='lat' dir='ltr'><strong>Quo</strong></span> <span class='ocrx_word' id='word_1_597' title='bbox 1178 4443 1315 4498; x_wconf 91' lang='lat' dir='ltr'><strong>mihi</strong></span> <span class='ocrx_word' id='word_1_598' title='bbox 1367 4443 1666 4499; x_wconf 91' lang='lat' dir='ltr'><strong>multitudo</strong></span> <span class='ocrx_word' id='word_1_599' title='bbox 1713 4444 2061 4500; x_wconf 89' lang='lat' dir='ltr'><strong>victimarum</strong></span> 
     </span>
    </p>
   </div>
   <div class='ocr_carea' id='block_1_79' title="bbox 467 4535 2060 4602">
    <p class='ocr_par' dir='ltr' id='par_1_79' title="bbox 467 4535 2060 4602">
     <span class='ocr_line' id='line_1_79' title="bbox 467 4535 2060 4602; baseline 0.001 -12"><span class='ocrx_word' id='word_1_600' title='bbox 467 4545 798 4602; x_wconf 77' lang='lat' dir='ltr'><strong>vestrarum,</strong></span> <span class='ocrx_word' id='word_1_601' title='bbox 842 4535 981 4592; x_wconf 89' lang='lat' dir='ltr'><strong>dicit</strong></span> <span class='ocrx_word' id='word_1_602' title='bbox 1024 4535 1328 4596; x_wconf 87' lang='lat' dir='ltr'><strong>Dominus?</strong></span> <span class='ocrx_word' id='word_1_603' title='bbox 1373 4536 1574 4592; x_wconf 87' lang='lat' dir='ltr'><strong>Plenus</strong></span> <span class='ocrx_word' id='word_1_604' title='bbox 1622 4552 1746 4592; x_wconf 92' lang='lat' dir='ltr'><strong>sum</strong></span> <span class='ocrx_word' id='word_1_605' title='bbox 1794 4537 2060 4593; x_wconf 91' lang='lat' dir='ltr'><strong>holocau-</strong></span> 
     </span>
    </p>
   </div>
   <div class='ocr_carea' id='block_1_80' title="bbox 2162 3333 3756 3411">
    <p class='ocr_par' dir='ltr' id='par_1_80' title="bbox 2162 3333 3756 3411">
     <span class='ocr_line' id='line_1_80' title="bbox 2162 3333 3756 3411; baseline 0.002 -23"><span class='ocrx_word' id='word_1_606' title='bbox 2162 3333 2336 3388; x_wconf 84' lang='grc' dir='ltr'>ὀπίσω</span> <span class='ocrx_word' id='word_1_607' title='bbox 2369 3351 2472 3405; x_wconf 88' lang='grc' dir='ltr'><strong>μου</strong></span> <span class='ocrx_word' id='word_1_608' title='bbox 2504 3333 2701 3400; x_wconf 81' lang='grc' dir='ltr'>ἐλθεῖν,</span> <span class='ocrx_word' id='word_1_609' title='bbox 2735 3336 3158 3408; x_wconf 81' lang='grc' dir='ltr'>ἀπαρνησάσθω.</span> <span class='ocrx_word' id='word_1_610' title='bbox 3177 3337 3404 3406; x_wconf 77' lang='grc' dir='ltr'>ἑαυτὸν,</span> <span class='ocrx_word' id='word_1_611' title='bbox 3433 3341 3529 3394; x_wconf 75' lang='grc' dir='ltr'><strong>καὶ</strong></span> <span class='ocrx_word' id='word_1_612' title='bbox 3561 3338 3756 3411; x_wconf 82' lang='grc' dir='ltr'>ἀράτω</span> 
     </span>
    </p>
   </div>
   <div class='ocr_carea' id='block_1_81' title="bbox 2161 3426 3758 3501">
    <p class='ocr_par' dir='ltr' id='par_1_81' title="bbox 2161 3426 3758 3501">
     <span class='ocr_line' id='line_1_81' title="bbox 2161 3426 3758 3501; baseline 0.004 -21"><span class='ocrx_word' id='word_1_613' title='bbox 2161 3426 2252 3481; x_wconf 84' lang='grc' dir='ltr'><strong>τὸν</strong></span> <span class='ocrx_word' id='word_1_614' title='bbox 2279 3426 2512 3498; x_wconf 84' lang='grc' dir='ltr'>σταυρὸν</span> <span class='ocrx_word' id='word_1_615' title='bbox 2539 3426 2728 3494; x_wconf 84' lang='grc' dir='ltr'>αὐτοῦ,</span> <span class='ocrx_word' id='word_1_616' title='bbox 2757 3428 2852 3482; x_wconf 76' lang='grc' dir='ltr'><strong>καὶ</strong></span> <span class='ocrx_word' id='word_1_617' title='bbox 2871 3427 3238 3484; x_wconf 80' lang='grc' dir='ltr'>ἀκολουθείτω</span> <span class='ocrx_word' id='word_1_618' title='bbox 3278 3447 3369 3501; x_wconf 92' lang='grc' dir='ltr'><strong>μοι</strong></span> <span class='ocrx_word' id='word_1_619' title='bbox 3396 3447 3412 3497; x_wconf 89' lang='lat'><strong>;</strong></span> <span class='ocrx_word' id='word_1_620' title='bbox 3451 3449 3470 3483; x_wconf 75' lang='grc' dir='ltr'><strong>ι</strong></span> <span class='ocrx_word' id='word_1_621' title='bbox 3508 3430 3622 3485; x_wconf 79' lang='grc' dir='ltr'><strong>Καὶ</strong></span> <span class='ocrx_word' id='word_1_622' title='bbox 3653 3430 3758 3486; x_wconf 85' lang='grc' dir='ltr'>πά-</span> 
     </span>
    </p>
   </div>
   <div class='ocr_carea' id='block_1_82' title="bbox 2161 3518 3754 3592">
    <p class='ocr_par' dir='ltr' id='par_1_82' title="bbox 2161 3518 3754 3592">
     <span class='ocr_line' id='line_1_82' title="bbox 2161 3518 3754 3592; baseline 0.003 -20"><span class='ocrx_word' id='word_1_623' title='bbox 2161 3518 2265 3574; x_wconf 85' lang='grc' dir='ltr'>λιν·</span> <span class='ocrx_word' id='word_1_624' title='bbox 2301 3538 2320 3572; x_wconf 76' lang='grc' dir='ltr'><strong>ι</strong></span> <span class='ocrx_word' id='word_1_625' title='bbox 2379 3520 2438 3574; x_wconf 88' lang='lat'><strong>&#39;0</strong></span> <span class='ocrx_word' id='word_1_626' title='bbox 2470 3521 2572 3592; x_wconf 85' lang='grc' dir='ltr'>ἐμὲ</span> <span class='ocrx_word' id='word_1_627' title='bbox 2602 3520 2855 3590; x_wconf 87' lang='grc' dir='ltr'>ἀγαπῶν,</span> <span class='ocrx_word' id='word_1_628' title='bbox 2887 3521 3014 3592; x_wconf 74' lang='grc' dir='ltr'><strong>ἐμοῖ¹</strong></span> <span class='ocrx_word' id='word_1_629' title='bbox 3059 3521 3458 3589; x_wconf 86' lang='grc' dir='ltr'>ἀκολουθείτω,</span> <span class='ocrx_word' id='word_1_630' title='bbox 3490 3523 3588 3577; x_wconf 80' lang='grc' dir='ltr'><strong>καὶ</strong></span> <span class='ocrx_word' id='word_1_631' title='bbox 3616 3523 3754 3577; x_wconf 79' lang='grc' dir='ltr'>ὅπου</span> 
     </span>
    </p>
   </div>
   <div class='ocr_carea' id='block_1_83' title="bbox 2162 3611 3753 3685">
    <p class='ocr_par' dir='ltr' id='par_1_83' title="bbox 2162 3611 3753 3685">
     <span class='ocr_line' id='line_1_83' title="bbox 2162 3611 3753 3685; baseline 0.002 -21"><span class='ocrx_word' id='word_1_632' title='bbox 2162 3612 2278 3683; x_wconf 75' lang='grc' dir='ltr'>εἰμὶ</span> <span class='ocrx_word' id='word_1_633' title='bbox 2311 3611 2457 3682; x_wconf 85' lang='grc' dir='ltr'>ἐγὼ,</span> <span class='ocrx_word' id='word_1_634' title='bbox 2491 3614 2610 3667; x_wconf 82' lang='grc' dir='ltr'>ἐκεῖ</span> <span class='ocrx_word' id='word_1_635' title='bbox 2646 3612 2742 3667; x_wconf 73' lang='grc' dir='ltr'>καὶ</span> <span class='ocrx_word' id='word_1_636' title='bbox 2784 3613 2813 3667; x_wconf 84' lang='grc' dir='ltr'>ὁ</span> <span class='ocrx_word' id='word_1_637' title='bbox 2855 3612 3104 3678; x_wconf 88' lang='grc' dir='ltr'>διάκονος</span> <span class='ocrx_word' id='word_1_638' title='bbox 3135 3615 3163 3668; x_wconf 90' lang='grc' dir='ltr'><strong>ό</strong></span> <span class='ocrx_word' id='word_1_639' title='bbox 3202 3613 3336 3685; x_wconf 84' lang='grc' dir='ltr'>ἐμὸς</span> <span class='ocrx_word' id='word_1_640' title='bbox 3375 3613 3538 3668; x_wconf 77' lang='grc' dir='ltr'>ἔστω.</span> <span class='ocrx_word' id='word_1_641' title='bbox 3580 3633 3600 3666; x_wconf 72' lang='grc' dir='ltr'><strong>ι</strong></span> <span class='ocrx_word' id='word_1_642' title='bbox 3637 3614 3753 3674; x_wconf 75' lang='grc' dir='ltr'><strong>Οὐκ</strong></span> 
     </span>
    </p>
   </div>
   <div class='ocr_carea' id='block_1_84' title="bbox 2163 3701 3756 3776">
    <p class='ocr_par' dir='ltr' id='par_1_84' title="bbox 2163 3701 3756 3776">
     <span class='ocr_line' id='line_1_84' title="bbox 2163 3701 3756 3776; baseline 0.001 -23"><span class='ocrx_word' id='word_1_643' title='bbox 2163 3701 2220 3754; x_wconf 88' lang='grc' dir='ltr'><strong>ἐν</strong></span> <span class='ocrx_word' id='word_1_644' title='bbox 2241 3706 2442 3776; x_wconf 83' lang='grc' dir='ltr'>νομικῇ</span> <span class='ocrx_word' id='word_1_645' title='bbox 2477 3703 2578 3774; x_wconf 83' lang='grc' dir='ltr'>μὲν</span> <span class='ocrx_word' id='word_1_646' title='bbox 2605 3701 2834 3775; x_wconf 68' lang='grc' dir='ltr'>λατρεία</span> <span class='ocrx_word' id='word_1_647' title='bbox 2863 3703 2932 3774; x_wconf 71' lang='grc' dir='ltr'>τῇ</span> <span class='ocrx_word' id='word_1_648' title='bbox 2973 3704 3118 3760; x_wconf 80' lang='grc' dir='ltr'><strong>κατά</strong></span> <span class='ocrx_word' id='word_1_649' title='bbox 3143 3703 3412 3774; x_wconf 80' lang='grc' dir='ltr'>Χριστὸν,</span> <span class='ocrx_word' id='word_1_650' title='bbox 3443 3704 3582 3760; x_wconf 86' lang='grc' dir='ltr'><strong>ἀλλά</strong></span> <span class='ocrx_word' id='word_1_651' title='bbox 3622 3703 3756 3775; x_wconf 63' lang='grc' dir='ltr'>ἁγίᾳ</span> 
     </span>
    </p>
   </div>
   <div class='ocr_carea' id='block_1_85' title="bbox 2162 3795 2754 3868">
    <p class='ocr_par' dir='ltr' id='par_1_85' title="bbox 2162 3795 2754 3868">
     <span class='ocr_line' id='line_1_85' title="bbox 2162 3795 2754 3868; baseline 0.007 -22"><span class='ocrx_word' id='word_1_652' title='bbox 2162 3809 2222 3846; x_wconf 87' lang='grc' dir='ltr'><strong>τε</strong></span> <span class='ocrx_word' id='word_1_653' title='bbox 2253 3795 2349 3848; x_wconf 72' lang='grc' dir='ltr'><strong>καὶ</strong></span> <span class='ocrx_word' id='word_1_654' title='bbox 2378 3799 2754 3868; x_wconf 79' lang='grc' dir='ltr'>πνευματικῇ.</span> 
     </span>
    </p>
   </div>
   <div class='ocr_carea' id='block_1_86' title="bbox 2235 4080 2973 4154">
    <p class='ocr_par' dir='ltr' id='par_1_86' title="bbox 2235 4080 2973 4154">
     <span class='ocr_line' id='line_1_86' title="bbox 2235 4080 2973 4154; baseline 0.007 -20"><span class='ocrx_word' id='word_1_655' title='bbox 2235 4080 2444 4136; x_wconf 83' lang='grc' dir='ltr'><strong>ΠΑΛΛ.</strong></span> <span class='ocrx_word' id='word_1_656' title='bbox 2481 4081 2780 4153; x_wconf 84' lang='grc' dir='ltr'>Ὀρθότατα</span> <span class='ocrx_word' id='word_1_657' title='bbox 2809 4081 2973 4154; x_wconf 78' lang='grc' dir='ltr'>ἔφης.</span> 
     </span>
    </p>
   </div>
   <div class='ocr_carea' id='block_1_87' title="bbox 2235 4173 3753 4248">
    <p class='ocr_par' dir='ltr' id='par_1_87' title="bbox 2235 4173 3753 4248">
     <span class='ocr_line' id='line_1_87' title="bbox 2235 4173 3753 4248; baseline 0.001 -22"><span class='ocrx_word' id='word_1_658' title='bbox 2235 4174 2400 4229; x_wconf 88' lang='grc' dir='ltr'>ΚΥΡ.</span> <span class='ocrx_word' id='word_1_659' title='bbox 2431 4175 2541 4229; x_wconf 75' lang='grc' dir='ltr'><strong>Καὶ</strong></span> <span class='ocrx_word' id='word_1_660' title='bbox 2569 4174 2657 4229; x_wconf 79' lang='grc' dir='ltr'>διὰ</span> <span class='ocrx_word' id='word_1_661' title='bbox 2701 4176 2800 4246; x_wconf 81' lang='grc' dir='ltr'><strong>μὲν</strong></span> <span class='ocrx_word' id='word_1_662' title='bbox 2829 4176 2926 4246; x_wconf 83' lang='grc' dir='ltr'>τῆς</span> <span class='ocrx_word' id='word_1_663' title='bbox 2968 4175 3197 4233; x_wconf 78' lang='grc' dir='ltr'>Ἡσαΐου</span> <span class='ocrx_word' id='word_1_664' title='bbox 3235 4175 3422 4248; x_wconf 79' lang='grc' dir='ltr'>φωνῆς</span> <span class='ocrx_word' id='word_1_665' title='bbox 3444 4215 3460 4244; x_wconf 87' lang='grc'><strong>,</strong></span> <span class='ocrx_word' id='word_1_666' title='bbox 3489 4173 3753 4246; x_wconf 84' lang='grc' dir='ltr'>θερμότε-</span> 
     </span>
    </p>
   </div>
   <div class='ocr_carea' id='block_1_88' title="bbox 2169 4265 3755 4341">
    <p class='ocr_par' dir='ltr' id='par_1_88' title="bbox 2169 4265 3755 4341">
     <span class='ocr_line' id='line_1_88' title="bbox 2169 4265 3755 4341; baseline 0.002 -23"><span class='ocrx_word' id='word_1_667' title='bbox 2169 4282 2259 4336; x_wconf 90' lang='grc' dir='ltr'><strong>ρον</strong></span> <span class='ocrx_word' id='word_1_668' title='bbox 2287 4265 2610 4337; x_wconf 83' lang='grc' dir='ltr'>ἐπιπλήττει</span> <span class='ocrx_word' id='word_1_669' title='bbox 2652 4269 2767 4332; x_wconf 88' lang='grc' dir='ltr'>τοῖς</span> <span class='ocrx_word' id='word_1_670' title='bbox 2805 4267 2868 4333; x_wconf 79' lang='grc' dir='ltr'>ἐξ</span> <span class='ocrx_word' id='word_1_671' title='bbox 2906 4269 3123 4341; x_wconf 84' lang='grc' dir='ltr'>Ἰσραὴλ</span> <span class='ocrx_word' id='word_1_672' title='bbox 3167 4269 3362 4339; x_wconf 86' lang='grc' dir='ltr'>λέγων·</span> <span class='ocrx_word' id='word_1_673' title='bbox 3389 4285 3408 4321; x_wconf 75' lang='grc' dir='ltr'><strong>ι</strong></span> <span class='ocrx_word' id='word_1_674' title='bbox 3456 4268 3755 4322; x_wconf 69' lang='grc' dir='ltr'>Ἀκούσατε</span> 
     </span>
    </p>
   </div>
   <div class='ocr_carea' id='block_1_89' title="bbox 2163 4355 3754 4432">
    <p class='ocr_par' dir='ltr' id='par_1_89' title="bbox 2163 4355 3754 4432">
     <span class='ocr_line' id='line_1_89' title="bbox 2163 4355 3754 4432; baseline 0.003 -24"><span class='ocrx_word' id='word_1_675' title='bbox 2163 4355 2338 4424; x_wconf 88' lang='grc' dir='ltr'>λόγων</span> <span class='ocrx_word' id='word_1_676' title='bbox 2369 4356 2577 4428; x_wconf 84' lang='grc' dir='ltr'>Κυρίου</span> <span class='ocrx_word' id='word_1_677' title='bbox 2598 4397 2614 4424; x_wconf 92' lang='grc'><strong>,</strong></span> <span class='ocrx_word' id='word_1_678' title='bbox 2650 4358 2908 4430; x_wconf 86' lang='grc' dir='ltr'>ἄρχοντες</span> <span class='ocrx_word' id='word_1_679' title='bbox 2937 4360 3221 4432; x_wconf 84' lang='grc' dir='ltr'>Σοδόμων,</span> <span class='ocrx_word' id='word_1_680' title='bbox 3256 4359 3558 4432; x_wconf 82' lang='grc' dir='ltr'>προσέχετε</span> <span class='ocrx_word' id='word_1_681' title='bbox 3585 4359 3754 4430; x_wconf 82' lang='grc' dir='ltr'>νόμον</span> 
     </span>
    </p>
   </div>
   <div class='ocr_carea' id='block_1_90' title="bbox 2164 4446 3752 4526">
    <p class='ocr_par' dir='ltr' id='par_1_90' title="bbox 2164 4446 3752 4526">
     <span class='ocr_line' id='line_1_90' title="bbox 2164 4446 3752 4526; baseline 0.002 -26"><span class='ocrx_word' id='word_1_682' title='bbox 2164 4446 2322 4513; x_wconf 80' lang='grc' dir='ltr'>Θεοῦ,</span> <span class='ocrx_word' id='word_1_683' title='bbox 2351 4447 2480 4513; x_wconf 82' lang='grc' dir='ltr'>λαὸς</span> <span class='ocrx_word' id='word_1_684' title='bbox 2522 4449 2838 4522; x_wconf 79' lang='grc' dir='ltr'>Γομόρρων.</span> <span class='ocrx_word' id='word_1_685' title='bbox 2890 4451 2956 4506; x_wconf 83' lang='grc' dir='ltr'><strong>Τί</strong></span> <span class='ocrx_word' id='word_1_686' title='bbox 3011 4470 3102 4524; x_wconf 90' lang='grc' dir='ltr'><strong>μοι</strong></span> <span class='ocrx_word' id='word_1_687' title='bbox 3145 4451 3352 4526; x_wconf 81' lang='grc' dir='ltr'>πλῆθος</span> <span class='ocrx_word' id='word_1_688' title='bbox 3386 4452 3495 4506; x_wconf 89' lang='grc' dir='ltr'><strong>τῶν</strong></span> <span class='ocrx_word' id='word_1_689' title='bbox 3548 4451 3752 4505; x_wconf 85' lang='grc' dir='ltr'>θυσιῶν</span> 
     </span>
    </p>
   </div>
   <div class='ocr_carea' id='block_1_91' title="bbox 2167 4538 3756 4616">
    <p class='ocr_par' dir='ltr' id='par_1_91' title="bbox 2167 4538 3756 4616">
     <span class='ocr_line' id='line_1_91' title="bbox 2167 4538 3756 4616; baseline 0.003 -24"><span class='ocrx_word' id='word_1_690' title='bbox 2167 4538 2357 4610; x_wconf 86' lang='grc' dir='ltr'>ὑμῶν,</span> <span class='ocrx_word' id='word_1_691' title='bbox 2392 4539 2542 4609; x_wconf 86' lang='grc' dir='ltr'>λέγει</span> <span class='ocrx_word' id='word_1_692' title='bbox 2583 4539 2824 4612; x_wconf 87' lang='grc' dir='ltr'>Κύριος;</span> <span class='ocrx_word' id='word_1_693' title='bbox 2871 4543 3096 4616; x_wconf 80' lang='grc' dir='ltr'>Πλήρης</span> <span class='ocrx_word' id='word_1_694' title='bbox 3131 4545 3250 4614; x_wconf 79' lang='grc' dir='ltr'>εἰμὶ</span> <span class='ocrx_word' id='word_1_695' title='bbox 3281 4543 3756 4613; x_wconf 87' lang='grc' dir='ltr'>ὁλοκαυτωμάτων</span> 
     </span>
    </p>
   </div>
   <div class='ocr_carea' id='block_1_92' title="bbox 467 4599 2054 4707">
    <p class='ocr_par' dir='ltr' id='par_1_92' title="bbox 467 4599 2054 4702">
     <span class='ocr_line' id='line_1_92' title="bbox 467 4599 2054 4702; baseline 0.001 -21"><span class='ocrx_word' id='word_1_696' title='bbox 467 4629 568 4682; x_wconf 83' lang='lat' dir='ltr'><strong>stis</strong></span> <span class='ocrx_word' id='word_1_697' title='bbox 615 4599 884 4692; x_wconf 85' lang='lat' dir='ltr'><strong>arietum;</strong></span> <span class='ocrx_word' id='word_1_698' title='bbox 923 4633 980 4682; x_wconf 90' lang='lat' dir='ltr'><strong>et</strong></span> <span class='ocrx_word' id='word_1_699' title='bbox 1011 4625 1231 4702; x_wconf 88' lang='lat' dir='ltr'><strong>adipem</strong></span> <span class='ocrx_word' id='word_1_700' title='bbox 1281 4642 1579 4701; x_wconf 90' lang='lat' dir='ltr'><strong>agnorum,</strong></span> <span class='ocrx_word' id='word_1_701' title='bbox 1629 4635 1686 4683; x_wconf 92' lang='lat' dir='ltr'><strong>et</strong></span> <span class='ocrx_word' id='word_1_702' title='bbox 1736 4629 2054 4700; x_wconf 84' lang='lat' dir='ltr'><strong>sanguinem</strong></span> 
     </span>
    </p>
   </div>
   <div class='ocr_carea' id='block_1_93' title="bbox 2160 4599 3752 4707">
    <p class='ocr_par' dir='ltr' id='par_1_93' title="bbox 2166 4599 3752 4707">
     <span class='ocr_line' id='line_1_93' title="bbox 2166 4599 3752 4707; baseline 0.003 -22"><span class='ocrx_word' id='word_1_703' title='bbox 2166 4599 2372 4701; x_wconf 73' lang='grc' dir='ltr'>κριῶν,</span> <span class='ocrx_word' id='word_1_704' title='bbox 2414 4599 2510 4686; x_wconf 75' lang='grc' dir='ltr'><strong>καὶ</strong></span> <span class='ocrx_word' id='word_1_705' title='bbox 2555 4599 2722 4706; x_wconf 64' lang='grc' dir='ltr'>στέαρ</span> <span class='ocrx_word' id='word_1_706' title='bbox 2761 4599 2942 4707; x_wconf 83' lang='grc' dir='ltr'>ἀρνῶν</span> <span class='ocrx_word' id='word_1_707' title='bbox 2973 4599 3091 4689; x_wconf 59' lang='grc' dir='ltr'><strong>ζέαῖ</strong></span> <span class='ocrx_word' id='word_1_708' title='bbox 3113 4599 3332 4707; x_wconf 79' lang='grc' dir='ltr'>τράγων</span> <span class='ocrx_word' id='word_1_709' title='bbox 3375 4637 3439 4690; x_wconf 74' lang='grc' dir='ltr'><strong>οὐ</strong></span> <span class='ocrx_word' id='word_1_710' title='bbox 3468 4599 3752 4706; x_wconf 79' lang='grc' dir='ltr'>βούλομαι·</span> 
     </span>
    </p>
   </div>
   <div class='ocr_carea' id='block_1_94' title="bbox 469 4717 2064 4792">
    <p class='ocr_par' dir='ltr' id='par_1_94' title="bbox 469 4717 2064 4792">
     <span class='ocr_line' id='line_1_94' title="bbox 469 4717 2064 4792; baseline 0.003 -21"><span class='ocrx_word' id='word_1_711' title='bbox 469 4728 750 4776; x_wconf 88' lang='lat' dir='ltr'><strong>taurorum</strong></span> <span class='ocrx_word' id='word_1_712' title='bbox 780 4725 838 4774; x_wconf 91' lang='lat' dir='ltr'><strong>et</strong></span> <span class='ocrx_word' id='word_1_713' title='bbox 867 4717 1148 4775; x_wconf 87' lang='lat' dir='ltr'><strong>hircorum</strong></span> <span class='ocrx_word' id='word_1_714' title='bbox 1192 4719 1319 4774; x_wconf 91' lang='lat' dir='ltr'><strong>nolo</strong></span> <span class='ocrx_word' id='word_1_715' title='bbox 1346 4737 1359 4773; x_wconf 90' lang='lat'><strong>:</strong></span> <span class='ocrx_word' id='word_1_716' title='bbox 1387 4734 1565 4792; x_wconf 86' lang='lat' dir='ltr'><strong>neque</strong></span> <span class='ocrx_word' id='word_1_717' title='bbox 1605 4721 1870 4776; x_wconf 87' lang='lat' dir='ltr'><strong>veneritis</strong></span> <span class='ocrx_word' id='word_1_718' title='bbox 1898 4736 2064 4791; x_wconf 88' lang='lat' dir='ltr'><strong>appa-</strong></span> 
     </span>
    </p>
   </div>
   <div class='ocr_carea' id='block_1_95' title="bbox 467 4809 2065 4880">
    <p class='ocr_par' dir='ltr' id='par_1_95' title="bbox 467 4809 2065 4880">
     <span class='ocr_line' id='line_1_95' title="bbox 467 4809 2065 4880; baseline 0.004 -16"><span class='ocrx_word' id='word_1_719' title='bbox 467 4825 590 4866; x_wconf 91' lang='lat' dir='ltr'><strong>rere</strong></span> <span class='ocrx_word' id='word_1_720' title='bbox 639 4810 812 4876; x_wconf 89' lang='lat' dir='ltr'><strong>mihi;</strong></span> <span class='ocrx_word' id='word_1_721' title='bbox 863 4809 991 4879; x_wconf 89' lang='lat' dir='ltr'><strong>quis</strong></span> <span class='ocrx_word' id='word_1_722' title='bbox 1034 4810 1184 4863; x_wconf 91' lang='lat' dir='ltr'><strong>enim</strong></span> <span class='ocrx_word' id='word_1_723' title='bbox 1232 4812 1488 4880; x_wconf 67' lang='lat' dir='ltr'><strong>quaesivit</strong></span> <span class='ocrx_word' id='word_1_724' title='bbox 1533 4811 1652 4872; x_wconf 65' lang='lat' dir='ltr'><strong>haec</strong></span> <span class='ocrx_word' id='word_1_725' title='bbox 1698 4811 1767 4867; x_wconf 90' lang='lat' dir='ltr'><strong>de</strong></span> <span class='ocrx_word' id='word_1_726' title='bbox 1808 4812 2065 4870; x_wconf 89' lang='lat' dir='ltr'><strong>manibus</strong></span> 
     </span>
    </p>
   </div>
   <div class='ocr_carea' id='block_1_96' title="bbox 465 4900 2064 4976">
    <p class='ocr_par' dir='ltr' id='par_1_96' title="bbox 465 4900 2064 4976">
     <span class='ocr_line' id='line_1_96' title="bbox 465 4900 2064 4976; baseline 0.005 -23"><span class='ocrx_word' id='word_1_727' title='bbox 465 4900 703 4956; x_wconf 74' lang='lat' dir='ltr'><strong>vestris?</strong></span> <span class='ocrx_word' id='word_1_728' title='bbox 736 4900 949 4956; x_wconf 89' lang='lat' dir='ltr'><strong>calcare</strong></span> <span class='ocrx_word' id='word_1_729' title='bbox 980 4900 1036 4953; x_wconf 92' lang='lat' dir='ltr'><strong>in</strong></span> <span class='ocrx_word' id='word_1_730' title='bbox 1068 4901 1271 4954; x_wconf 90' lang='lat' dir='ltr'><strong>atrium</strong></span> <span class='ocrx_word' id='word_1_731' title='bbox 1299 4917 1483 4959; x_wconf 91' lang='lat' dir='ltr'><strong>meum</strong></span> <span class='ocrx_word' id='word_1_732' title='bbox 1520 4919 1630 4958; x_wconf 92' lang='lat' dir='ltr'><strong>non</strong></span> <span class='ocrx_word' id='word_1_733' title='bbox 1665 4903 1970 4976; x_wconf 86' lang='lat' dir='ltr'><strong>apponetis.</strong></span> <span class='ocrx_word' id='word_1_734' title='bbox 2005 4904 2064 4961; x_wconf 91' lang='lat' dir='ltr'><strong>Si</strong></span> 
     </span>
    </p>
   </div>
   <div class='ocr_carea' id='block_1_97' title="bbox 468 4989 2064 5062">
    <p class='ocr_par' dir='ltr' id='par_1_97' title="bbox 468 4989 2064 5062">
     <span class='ocr_line' id='line_1_97' title="bbox 468 4989 2064 5062; baseline 0.002 -14"><span class='ocrx_word' id='word_1_735' title='bbox 468 4991 785 5048; x_wconf 89' lang='lat' dir='ltr'><strong>obtuleritis</strong></span> <span class='ocrx_word' id='word_1_736' title='bbox 814 4989 1110 5062; x_wconf 88' lang='lat' dir='ltr'><strong>siliginem,</strong></span> <span class='ocrx_word' id='word_1_737' title='bbox 1139 5007 1377 5060; x_wconf 87' lang='lat' dir='ltr'><strong>vanum;</strong></span> <span class='ocrx_word' id='word_1_738' title='bbox 1403 4993 1688 5050; x_wconf 87' lang='lat' dir='ltr'><strong>incensum</strong></span> <span class='ocrx_word' id='word_1_739' title='bbox 1723 4996 2064 5052; x_wconf 91' lang='lat' dir='ltr'><strong>abominatio</strong></span> 
     </span>
    </p>
   </div>
   <div class='ocr_carea' id='block_1_98' title="bbox 465 5085 2059 5160">
    <p class='ocr_par' dir='ltr' id='par_1_98' title="bbox 465 5085 2059 5160">
     <span class='ocr_line' id='line_1_98' title="bbox 465 5085 2059 5160; baseline 0 -19"><span class='ocrx_word' id='word_1_740' title='bbox 465 5093 551 5146; x_wconf 86' lang='lat' dir='ltr'><strong>est</strong></span> <span class='ocrx_word' id='word_1_741' title='bbox 591 5085 764 5160; x_wconf 77' lang='lat' dir='ltr'><strong>mihi;</strong></span> <span class='ocrx_word' id='word_1_742' title='bbox 801 5085 1122 5140; x_wconf 85' lang='lat' dir='ltr'><strong>neomenias</strong></span> <span class='ocrx_word' id='word_1_743' title='bbox 1155 5090 1385 5149; x_wconf 87' lang='lat' dir='ltr'><strong>vestras,</strong></span> <span class='ocrx_word' id='word_1_744' title='bbox 1424 5093 1481 5140; x_wconf 91' lang='lat' dir='ltr'><strong>et</strong></span> <span class='ocrx_word' id='word_1_745' title='bbox 1522 5085 1781 5153; x_wconf 90' lang='lat' dir='ltr'><strong>Sabbata,</strong></span> <span class='ocrx_word' id='word_1_746' title='bbox 1815 5096 1873 5144; x_wconf 90' lang='lat' dir='ltr'><strong>et</strong></span> <span class='ocrx_word' id='word_1_747' title='bbox 1912 5086 2059 5143; x_wconf 91' lang='lat' dir='ltr'><strong>diem</strong></span> 
     </span>
    </p>
   </div>
   <div class='ocr_carea' id='block_1_99' title="bbox 469 5175 2060 5250">
    <p class='ocr_par' dir='ltr' id='par_1_99' title="bbox 469 5175 2060 5250">
     <span class='ocr_line' id='line_1_99' title="bbox 469 5175 2060 5250; baseline 0.001 -19"><span class='ocrx_word' id='word_1_748' title='bbox 469 5195 728 5250; x_wconf 88' lang='lat' dir='ltr'><strong>magnum</strong></span> <span class='ocrx_word' id='word_1_749' title='bbox 757 5193 870 5235; x_wconf 88' lang='lat' dir='ltr'><strong>non</strong></span> <span class='ocrx_word' id='word_1_750' title='bbox 899 5177 1091 5233; x_wconf 81' lang='lat' dir='ltr'><strong>feram.</strong></span> <span class='ocrx_word' id='word_1_751' title='bbox 1123 5175 1402 5248; x_wconf 80' lang='lat' dir='ltr'><strong>Jejunium</strong></span> <span class='ocrx_word' id='word_1_752' title='bbox 1430 5184 1488 5231; x_wconf 88' lang='lat' dir='ltr'><strong>et</strong></span> <span class='ocrx_word' id='word_1_753' title='bbox 1514 5177 1710 5243; x_wconf 93' lang='lat' dir='ltr'><strong>otium,</strong></span> <span class='ocrx_word' id='word_1_754' title='bbox 1753 5189 1810 5234; x_wconf 90' lang='lat' dir='ltr'><strong>et</strong></span> <span class='ocrx_word' id='word_1_755' title='bbox 1846 5179 2060 5236; x_wconf 83' lang='lat' dir='ltr'><strong>festivi-</strong></span> 
     </span>
    </p>
   </div>
   <div class='ocr_carea' id='block_1_100' title="bbox 470 5267 2060 5334">
    <p class='ocr_par' dir='ltr' id='par_1_100' title="bbox 470 5267 2060 5334">
     <span class='ocr_line' id='line_1_100' title="bbox 470 5267 2060 5334; baseline 0 -10"><span class='ocrx_word' id='word_1_756' title='bbox 470 5278 610 5324; x_wconf 89' lang='lat' dir='ltr'><strong>tates</strong></span> <span class='ocrx_word' id='word_1_757' title='bbox 646 5278 858 5326; x_wconf 87' lang='lat' dir='ltr'><strong>vestras</strong></span> <span class='ocrx_word' id='word_1_758' title='bbox 900 5268 1019 5325; x_wconf 90' lang='lat' dir='ltr'><strong>odit</strong></span> <span class='ocrx_word' id='word_1_759' title='bbox 1059 5267 1240 5324; x_wconf 89' lang='lat' dir='ltr'><strong>anima</strong></span> <span class='ocrx_word' id='word_1_760' title='bbox 1289 5283 1445 5334; x_wconf 88' lang='lat' dir='ltr'><strong>mea;</strong></span> <span class='ocrx_word' id='word_1_761' title='bbox 1479 5267 1605 5322; x_wconf 87' lang='lat' dir='ltr'><strong>facti</strong></span> <span class='ocrx_word' id='word_1_762' title='bbox 1643 5270 1777 5324; x_wconf 88' lang='lat' dir='ltr'><strong>estis</strong></span> <span class='ocrx_word' id='word_1_763' title='bbox 1823 5270 1960 5325; x_wconf 91' lang='lat' dir='ltr'><strong>mihi</strong></span> <span class='ocrx_word' id='word_1_764' title='bbox 2005 5270 2060 5324; x_wconf 93' lang='lat' dir='ltr'><strong>in</strong></span> 
     </span>
    </p>
   </div>
   <div class='ocr_carea' id='block_1_101' title="bbox 469 5359 2062 5432">
    <p class='ocr_par' dir='ltr' id='par_1_101' title="bbox 469 5359 2062 5432">
     <span class='ocr_line' id='line_1_101' title="bbox 469 5359 2062 5432; baseline 0.001 -16"><span class='ocrx_word' id='word_1_765' title='bbox 469 5359 778 5416; x_wconf 86' lang='lat' dir='ltr'><strong>satietatem</strong></span> <span class='ocrx_word' id='word_1_766' title='bbox 803 5362 872 5418; x_wconf 82' lang='lat'><strong>“.</strong></span> <span class='ocrx_word' id='word_1_767' title='bbox 911 5381 930 5414; x_wconf 68' lang='grc' dir='ltr'><strong>ι</strong></span> <span class='ocrx_word' id='word_1_768' title='bbox 963 5362 1068 5417; x_wconf 89' lang='lat' dir='ltr'><strong>Per</strong></span> <span class='ocrx_word' id='word_1_769' title='bbox 1097 5359 1418 5416; x_wconf 83' lang='lat' dir='ltr'><strong>Malachiam</strong></span> <span class='ocrx_word' id='word_1_770' title='bbox 1452 5371 1713 5430; x_wconf 72' lang='lat' dir='ltr'><strong>praeterea</strong></span> <span class='ocrx_word' id='word_1_771' title='bbox 1737 5362 2062 5432; x_wconf 89' lang='lat' dir='ltr'><strong>prophetam</strong></span> 
     </span>
    </p>
   </div>
   <div class='ocr_carea' id='block_1_102' title="bbox 467 5443 2062 5523">
    <p class='ocr_par' dir='ltr' id='par_1_102' title="bbox 467 5443 2062 5523">
     <span class='ocr_line' id='line_1_102' title="bbox 467 5443 2062 5523; baseline -0.001 -15"><span class='ocrx_word' id='word_1_772' title='bbox 467 5449 835 5508; x_wconf 86' lang='lat' dir='ltr'><strong>odiosissimis</strong></span> <span class='ocrx_word' id='word_1_773' title='bbox 883 5452 1204 5508; x_wconf 92' lang='lat' dir='ltr'><strong>hominibus</strong></span> <span class='ocrx_word' id='word_1_774' title='bbox 1245 5443 1440 5508; x_wconf 88' lang='lat' dir='ltr'><strong>eadem</strong></span> <span class='ocrx_word' id='word_1_775' title='bbox 1489 5451 1653 5518; x_wconf 91' lang='lat' dir='ltr'><strong>dicit,</strong></span> <span class='ocrx_word' id='word_1_776' title='bbox 1690 5462 1855 5523; x_wconf 89' lang='lat' dir='ltr'><strong>atque</strong></span> <span class='ocrx_word' id='word_1_777' title='bbox 1895 5453 2062 5509; x_wconf 86' lang='lat' dir='ltr'><strong>etiam</strong></span> 
     </span>
    </p>
   </div>
   <div class='ocr_carea' id='block_1_103' title="bbox 471 5543 2061 5620">
    <p class='ocr_par' dir='ltr' id='par_1_103' title="bbox 471 5543 2061 5620">
     <span class='ocr_line' id='line_1_103' title="bbox 471 5543 2061 5620; baseline 0.004 -22"><span class='ocrx_word' id='word_1_778' title='bbox 471 5548 783 5616; x_wconf 85' lang='lat' dir='ltr'><strong>temporum</strong></span> <span class='ocrx_word' id='word_1_779' title='bbox 811 5543 1082 5611; x_wconf 88' lang='lat' dir='ltr'><strong>meminit,</strong></span> <span class='ocrx_word' id='word_1_780' title='bbox 1125 5544 1330 5620; x_wconf 90' lang='lat' dir='ltr'><strong>quibus</strong></span> <span class='ocrx_word' id='word_1_781' title='bbox 1366 5560 1466 5616; x_wconf 91' lang='lat' dir='ltr'><strong>per</strong></span> <span class='ocrx_word' id='word_1_782' title='bbox 1510 5560 1702 5602; x_wconf 86' lang='lat' dir='ltr'><strong>omnes</strong></span> <span class='ocrx_word' id='word_1_783' title='bbox 1747 5553 1924 5604; x_wconf 89' lang='lat' dir='ltr'><strong>terras</strong></span> <span class='ocrx_word' id='word_1_784' title='bbox 1955 5548 2061 5604; x_wconf 93' lang='lat' dir='ltr'><strong>sibi</strong></span> 
     </span>
    </p>
   </div>
   <div class='ocr_carea' id='block_1_104' title="bbox 470 5632 2061 5711">
    <p class='ocr_par' dir='ltr' id='par_1_104' title="bbox 470 5632 2061 5711">
     <span class='ocr_line' id='line_1_104' title="bbox 470 5632 2061 5711; baseline 0.006 -24"><span class='ocrx_word' id='word_1_785' title='bbox 470 5632 771 5693; x_wconf 78' lang='lat' dir='ltr'><strong>lncruenue</strong></span> <span class='ocrx_word' id='word_1_786' title='bbox 798 5649 863 5690; x_wconf 89' lang='lat' dir='ltr'><strong>ac</strong></span> <span class='ocrx_word' id='word_1_787' title='bbox 906 5635 1210 5706; x_wconf 86' lang='lat' dir='ltr'><strong>spiritualls</strong></span> <span class='ocrx_word' id='word_1_788' title='bbox 1237 5637 1431 5694; x_wconf 79' lang='lat' dir='ltr'><strong>hostia:</strong></span> <span class='ocrx_word' id='word_1_789' title='bbox 1460 5639 1685 5696; x_wconf 90' lang='lat' dir='ltr'><strong>odorem</strong></span> <span class='ocrx_word' id='word_1_790' title='bbox 1711 5639 2061 5711; x_wconf 84' lang='lat' dir='ltr'><strong>incompara-</strong></span> 
     </span>
    </p>
   </div>
   <div class='ocr_carea' id='block_1_105' title="bbox 540 5817 2070 5894">
    <p class='ocr_par' dir='ltr' id='par_1_105' title="bbox 540 5817 2070 5894">
     <span class='ocr_line' id='line_1_105' title="bbox 540 5817 2070 5894; baseline 0.003 -15"><span class='ocrx_word' id='word_1_791' title='bbox 540 5817 586 5854; x_wconf 81' lang='lat'>”</span> <span class='ocrx_word' id='word_1_792' title='bbox 617 5817 804 5888; x_wconf 73' lang='lat' dir='ltr'><strong>Alnos,</strong></span> <span class='ocrx_word' id='word_1_793' title='bbox 840 5838 892 5888; x_wconf 88' lang='lat' dir='ltr'><strong>v,</strong></span> <span class='ocrx_word' id='word_1_794' title='bbox 915 5822 1006 5888; x_wconf 68' lang='lat'><strong>‘21,</strong></span> <span class='ocrx_word' id='word_1_795' title='bbox 1031 5821 1118 5878; x_wconf 66' lang='lat'><strong>29.</strong></span> <span class='ocrx_word' id='word_1_796' title='bbox 1197 5824 1239 5862; x_wconf 68' lang='grc'><strong>⁸⁸</strong></span> <span class='ocrx_word' id='word_1_797' title='bbox 1265 5824 1427 5879; x_wconf 79' lang='lat' dir='ltr'><strong>Mich.</strong></span> <span class='ocrx_word' id='word_1_798' title='bbox 1460 5842 1532 5892; x_wconf 86' lang='lat' dir='ltr'><strong>vl,</strong></span> <span class='ocrx_word' id='word_1_799' title='bbox 1557 5827 1682 5894; x_wconf 85' lang='lat'><strong>6,7.</strong></span> <span class='ocrx_word' id='word_1_800' title='bbox 1747 5830 1789 5862; x_wconf 76' lang='grc'><strong>⁸⁷</strong></span> <span class='ocrx_word' id='word_1_801' title='bbox 1825 5828 1988 5893; x_wconf 85' lang='lat' dir='ltr'><strong>lbid.,</strong></span> <span class='ocrx_word' id='word_1_802' title='bbox 2021 5830 2070 5884; x_wconf 88' lang='lat'><strong>8.</strong></span> 
     </span>
    </p>
   </div>
   <div class='ocr_carea' id='block_1_106' title="bbox 2165 4721 3754 4797">
    <p class='ocr_par' dir='ltr' id='par_1_106' title="bbox 2165 4721 3754 4797">
     <span class='ocr_line' id='line_1_106' title="bbox 2165 4721 3754 4797; baseline 0.003 -23"><span class='ocrx_word' id='word_1_803' title='bbox 2165 4721 2274 4775; x_wconf 77' lang='grc' dir='ltr'>οὐδ’</span> <span class='ocrx_word' id='word_1_804' title='bbox 2322 4722 2388 4776; x_wconf 81' lang='grc' dir='ltr'><strong>ἂν</strong></span> <span class='ocrx_word' id='word_1_805' title='bbox 2437 4722 2675 4794; x_wconf 82' lang='grc' dir='ltr'>ἕρχησθε</span> <span class='ocrx_word' id='word_1_806' title='bbox 2721 4723 2953 4796; x_wconf 84' lang='grc' dir='ltr'>ὀφθῆναί</span> <span class='ocrx_word' id='word_1_807' title='bbox 3005 4743 3126 4796; x_wconf 85' lang='grc' dir='ltr'>μοι,</span> <span class='ocrx_word' id='word_1_808' title='bbox 3166 4725 3252 4790; x_wconf 85' lang='grc' dir='ltr'><strong>τίς</strong></span> <span class='ocrx_word' id='word_1_809' title='bbox 3297 4725 3409 4795; x_wconf 90' lang='grc' dir='ltr'><strong>γάρ</strong></span> <span class='ocrx_word' id='word_1_810' title='bbox 3453 4725 3754 4797; x_wconf 81' lang='grc' dir='ltr'>ἐξεζήτησε</span> 
     </span>
    </p>
   </div>
   <div class='ocr_carea' id='block_1_107' title="bbox 2163 4815 3754 4889">
    <p class='ocr_par' dir='ltr' id='par_1_107' title="bbox 2163 4815 3754 4889">
     <span class='ocr_line' id='line_1_107' title="bbox 2163 4815 3754 4889; baseline 0.002 -19"><span class='ocrx_word' id='word_1_811' title='bbox 2163 4815 2335 4870; x_wconf 75' lang='grc' dir='ltr'>ταῦτα</span> <span class='ocrx_word' id='word_1_812' title='bbox 2364 4817 2430 4872; x_wconf 82' lang='grc' dir='ltr'><strong>ἐκ</strong></span> <span class='ocrx_word' id='word_1_813' title='bbox 2462 4815 2570 4870; x_wconf 88' lang='grc' dir='ltr'><strong>τῶν</strong></span> <span class='ocrx_word' id='word_1_814' title='bbox 2599 4816 2800 4889; x_wconf 88' lang='grc' dir='ltr'>χειρῶν</span> <span class='ocrx_word' id='word_1_815' title='bbox 2845 4817 3036 4889; x_wconf 86' lang='grc' dir='ltr'>ὑμῶν;</span> <span class='ocrx_word' id='word_1_816' title='bbox 3069 4818 3268 4872; x_wconf 88' lang='grc' dir='ltr'>Πατεῖν</span> <span class='ocrx_word' id='word_1_817' title='bbox 3295 4819 3396 4889; x_wconf 82' lang='grc' dir='ltr'>τὴν</span> <span class='ocrx_word' id='word_1_818' title='bbox 3432 4818 3606 4888; x_wconf 84' lang='grc' dir='ltr'>αὐλήν</span> <span class='ocrx_word' id='word_1_819' title='bbox 3651 4835 3754 4888; x_wconf 85' lang='grc' dir='ltr'><strong>μου</strong></span> 
     </span>
    </p>
   </div>
   <div class='ocr_carea' id='block_1_108' title="bbox 2167 4907 3772 4983">
    <p class='ocr_par' dir='ltr' id='par_1_108' title="bbox 2167 4907 3772 4983">
     <span class='ocr_line' id='line_1_108' title="bbox 2167 4907 3772 4983; baseline 0.004 -23"><span class='ocrx_word' id='word_1_820' title='bbox 2167 4907 2229 4960; x_wconf 85' lang='grc' dir='ltr'><strong>οὐ</strong></span> <span class='ocrx_word' id='word_1_821' title='bbox 2261 4907 2663 4978; x_wconf 84' lang='grc' dir='ltr'>προσθήσεσθε.</span> <span class='ocrx_word' id='word_1_822' title='bbox 2721 4910 2846 4964; x_wconf 87' lang='grc' dir='ltr'><strong>Ἐἀν</strong></span> <span class='ocrx_word' id='word_1_823' title='bbox 2889 4910 3098 4983; x_wconf 83' lang='grc' dir='ltr'>φέρητε</span> <span class='ocrx_word' id='word_1_824' title='bbox 3143 4909 3460 4982; x_wconf 88' lang='grc' dir='ltr'>σεμίδαλιν,</span> <span class='ocrx_word' id='word_1_825' title='bbox 3495 4909 3772 4980; x_wconf 87' lang='grc' dir='ltr'>μάταιον.’</span> 
     </span>
    </p>
   </div>
   <div class='ocr_carea' id='block_1_109' title="bbox 2167 4998 3754 5073">
    <p class='ocr_par' dir='ltr' id='par_1_109' title="bbox 2167 4998 3754 5073">
     <span class='ocr_line' id='line_1_109' title="bbox 2167 4998 3754 5073; baseline 0.001 -20"><span class='ocrx_word' id='word_1_826' title='bbox 2167 4998 2434 5070; x_wconf 84' lang='grc' dir='ltr'>Θυμίαμα</span> <span class='ocrx_word' id='word_1_827' title='bbox 2479 4999 2752 5072; x_wconf 85' lang='grc' dir='ltr'>βδέλυγμά</span> <span class='ocrx_word' id='word_1_828' title='bbox 2782 5002 2872 5072; x_wconf 90' lang='grc' dir='ltr'><strong>μοί</strong></span> <span class='ocrx_word' id='word_1_829' title='bbox 2913 5004 3062 5069; x_wconf 84' lang='grc' dir='ltr'>ἐστι,</span> <span class='ocrx_word' id='word_1_830' title='bbox 3091 5001 3192 5066; x_wconf 85' lang='grc' dir='ltr'>τὰς</span> <span class='ocrx_word' id='word_1_831' title='bbox 3221 5000 3520 5073; x_wconf 85' lang='grc' dir='ltr'>νουμηνίας</span> <span class='ocrx_word' id='word_1_832' title='bbox 3561 5000 3754 5072; x_wconf 83' lang='grc' dir='ltr'>ὑμῶν,</span> 
     </span>
    </p>
   </div>
   <div class='ocr_carea' id='block_1_110' title="bbox 2171 5090 3752 5166">
    <p class='ocr_par' dir='ltr' id='par_1_110' title="bbox 2171 5090 3752 5166">
     <span class='ocr_line' id='line_1_110' title="bbox 2171 5090 3752 5166; baseline 0.003 -22"><span class='ocrx_word' id='word_1_833' title='bbox 2171 5091 2266 5144; x_wconf 75' lang='grc' dir='ltr'><strong>καὶ</strong></span> <span class='ocrx_word' id='word_1_834' title='bbox 2298 5090 2370 5145; x_wconf 85' lang='grc' dir='ltr'><strong>τά</strong></span> <span class='ocrx_word' id='word_1_835' title='bbox 2397 5091 2674 5161; x_wconf 78' lang='grc' dir='ltr'>Σάϐϐατα,</span> <span class='ocrx_word' id='word_1_836' title='bbox 2697 5094 2791 5148; x_wconf 74' lang='grc' dir='ltr'><strong>καὶ</strong></span> <span class='ocrx_word' id='word_1_837' title='bbox 2815 5095 3031 5166; x_wconf 77' lang='grc' dir='ltr'>ἡμέραν</span> <span class='ocrx_word' id='word_1_838' title='bbox 3057 5093 3303 5165; x_wconf 88' lang='grc' dir='ltr'>μεγάλην</span> <span class='ocrx_word' id='word_1_839' title='bbox 3331 5093 3431 5148; x_wconf 82' lang='grc' dir='ltr'><strong>οὐκ</strong></span> <span class='ocrx_word' id='word_1_840' title='bbox 3463 5093 3752 5164; x_wconf 80' lang='grc' dir='ltr'>ἀνέχομαι.</span> 
     </span>
    </p>
   </div>
   <div class='ocr_carea' id='block_1_111' title="bbox 2170 5179 3754 5255">
    <p class='ocr_par' dir='ltr' id='par_1_111' title="bbox 2170 5179 3754 5255">
     <span class='ocr_line' id='line_1_111' title="bbox 2170 5179 3754 5255; baseline 0.002 -22"><span class='ocrx_word' id='word_1_841' title='bbox 2170 5179 2446 5252; x_wconf 83' lang='grc' dir='ltr'>Νηστείαν</span> <span class='ocrx_word' id='word_1_842' title='bbox 2479 5181 2575 5236; x_wconf 78' lang='grc' dir='ltr'><strong>καὶ</strong></span> <span class='ocrx_word' id='word_1_843' title='bbox 2613 5183 2814 5254; x_wconf 89' lang='grc' dir='ltr'>ἀργίαν</span> <span class='ocrx_word' id='word_1_844' title='bbox 2835 5223 2849 5249; x_wconf 92' lang='grc'><strong>,</strong></span> <span class='ocrx_word' id='word_1_845' title='bbox 2877 5183 2974 5237; x_wconf 72' lang='grc' dir='ltr'>καὶ</span> <span class='ocrx_word' id='word_1_846' title='bbox 2997 5181 3098 5246; x_wconf 82' lang='grc' dir='ltr'>τὰς</span> <span class='ocrx_word' id='word_1_847' title='bbox 3133 5182 3329 5255; x_wconf 85' lang='grc' dir='ltr'>ὲορτάς</span> <span class='ocrx_word' id='word_1_848' title='bbox 3359 5181 3511 5253; x_wconf 84' lang='grc' dir='ltr'>ὑμῶν</span> <span class='ocrx_word' id='word_1_849' title='bbox 3558 5182 3754 5254; x_wconf 85' lang='grc' dir='ltr'>ἐμίση-</span> 
     </span>
    </p>
   </div>
   <div class='ocr_carea' id='block_1_112' title="bbox 2174 5272 3750 5345">
    <p class='ocr_par' dir='ltr' id='par_1_112' title="bbox 2174 5272 3750 5345">
     <span class='ocr_line' id='line_1_112' title="bbox 2174 5272 3750 5345; baseline 0.001 -21"><span class='ocrx_word' id='word_1_850' title='bbox 2174 5287 2264 5325; x_wconf 91' lang='grc' dir='ltr'><strong>σεν</strong></span> <span class='ocrx_word' id='word_1_851' title='bbox 2305 5276 2340 5342; x_wconf 85' lang='grc' dir='ltr'><strong>ἡ</strong></span> <span class='ocrx_word' id='word_1_852' title='bbox 2380 5272 2526 5344; x_wconf 67' lang='grc' dir='ltr'>ψυχή</span> <span class='ocrx_word' id='word_1_853' title='bbox 2560 5291 2684 5344; x_wconf 80' lang='grc' dir='ltr'>μου·</span> <span class='ocrx_word' id='word_1_854' title='bbox 2719 5274 3018 5345; x_wconf 70' lang='grc' dir='ltr'>ἐγενήθητε</span> <span class='ocrx_word' id='word_1_855' title='bbox 3066 5290 3157 5344; x_wconf 85' lang='grc' dir='ltr'><strong>μοι</strong></span> <span class='ocrx_word' id='word_1_856' title='bbox 3201 5273 3282 5338; x_wconf 78' lang='grc' dir='ltr'><strong>είς</strong></span> <span class='ocrx_word' id='word_1_857' title='bbox 3333 5273 3680 5345; x_wconf 85' lang='grc' dir='ltr'>πλησμονήν.</span> <span class='ocrx_word' id='word_1_858' title='bbox 3730 5291 3750 5326; x_wconf 78' lang='grc' dir='ltr'><strong>ι</strong></span> 
     </span>
    </p>
   </div>
   <div class='ocr_carea' id='block_1_113' title="bbox 2173 5364 3756 5438">
    <p class='ocr_par' dir='ltr' id='par_1_113' title="bbox 2173 5364 3756 5438">
     <span class='ocr_line' id='line_1_113' title="bbox 2173 5364 3756 5438; baseline 0 -21"><span class='ocrx_word' id='word_1_859' title='bbox 2173 5365 2273 5418; x_wconf 88' lang='grc' dir='ltr'>Διά</span> <span class='ocrx_word' id='word_1_860' title='bbox 2315 5382 2374 5418; x_wconf 90' lang='grc' dir='ltr'><strong>τε</strong></span> <span class='ocrx_word' id='word_1_861' title='bbox 2419 5365 2514 5418; x_wconf 86' lang='grc' dir='ltr'><strong>τοῦ</strong></span> <span class='ocrx_word' id='word_1_862' title='bbox 2556 5367 2840 5438; x_wconf 84' lang='grc' dir='ltr'>προφήτου</span> <span class='ocrx_word' id='word_1_863' title='bbox 2890 5365 3214 5436; x_wconf 81' lang='grc' dir='ltr'>Μαλαχίου,</span> <span class='ocrx_word' id='word_1_864' title='bbox 3258 5365 3428 5420; x_wconf 84' lang='grc' dir='ltr'>ταυτὺ</span> <span class='ocrx_word' id='word_1_865' title='bbox 3478 5365 3629 5432; x_wconf 82' lang='grc' dir='ltr'>λέγει</span> <span class='ocrx_word' id='word_1_866' title='bbox 3675 5364 3756 5418; x_wconf 78' lang='grc' dir='ltr'>ἔτι</span> 
     </span>
    </p>
   </div>
   <div class='ocr_carea' id='block_1_114' title="bbox 2169 5457 3755 5530">
    <p class='ocr_par' dir='ltr' id='par_1_114' title="bbox 2169 5457 3755 5530">
     <span class='ocr_line' id='line_1_114' title="bbox 2169 5457 3755 5530; baseline 0 -21"><span class='ocrx_word' id='word_1_867' title='bbox 2169 5457 2306 5527; x_wconf 83' lang='grc' dir='ltr'>πρὸς</span> <span class='ocrx_word' id='word_1_868' title='bbox 2346 5457 2466 5511; x_wconf 88' lang='grc' dir='ltr'>λίαν</span> <span class='ocrx_word' id='word_1_869' title='bbox 2511 5458 2956 5530; x_wconf 82' lang='grc' dir='ltr'>ἀπηχθημένους’</span> <span class='ocrx_word' id='word_1_870' title='bbox 3005 5458 3377 5530; x_wconf 82' lang='grc' dir='ltr'>διαμέμνηται</span> <span class='ocrx_word' id='word_1_871' title='bbox 3423 5457 3482 5512; x_wconf 85' lang='grc' dir='ltr'><strong>δέ</strong></span> <span class='ocrx_word' id='word_1_872' title='bbox 3525 5457 3755 5528; x_wconf 87' lang='grc' dir='ltr'>καιρῶν,</span> 
     </span>
    </p>
   </div>
   <div class='ocr_carea' id='block_1_115' title="bbox 2169 5545 3759 5620">
    <p class='ocr_par' dir='ltr' id='par_1_115' title="bbox 2169 5545 3759 5620">
     <span class='ocr_line' id='line_1_115' title="bbox 2169 5545 3759 5620; baseline 0.002 -22"><span class='ocrx_word' id='word_1_873' title='bbox 2169 5545 2290 5599; x_wconf 79' lang='grc' dir='ltr'>καθ’</span> <span class='ocrx_word' id='word_1_874' title='bbox 2339 5546 2431 5612; x_wconf 77' lang='grc' dir='ltr'><strong>οὓς</strong></span> <span class='ocrx_word' id='word_1_875' title='bbox 2477 5546 2544 5602; x_wconf 82' lang='grc' dir='ltr'>ἂν</span> <span class='ocrx_word' id='word_1_876' title='bbox 2601 5548 2753 5619; x_wconf 87' lang='grc' dir='ltr'><strong>αὐτῷ</strong></span> <span class='ocrx_word' id='word_1_877' title='bbox 2795 5549 3145 5620; x_wconf 84' lang='grc' dir='ltr'>προσοίσειαν</span> <span class='ocrx_word' id='word_1_878' title='bbox 3197 5552 3246 5604; x_wconf 78' lang='grc' dir='ltr'>οἱ</span> <span class='ocrx_word' id='word_1_879' title='bbox 3291 5550 3396 5605; x_wconf 77' lang='grc' dir='ltr'><strong>ἀνά</strong></span> <span class='ocrx_word' id='word_1_880' title='bbox 3441 5552 3624 5604; x_wconf 79' lang='grc' dir='ltr'>πᾶσαν</span> <span class='ocrx_word' id='word_1_881' title='bbox 3657 5548 3759 5620; x_wconf 77' lang='grc' dir='ltr'>τὴν</span> 
     </span>
    </p>
   </div>
   <div class='ocr_carea' id='block_1_116' title="bbox 2165 5639 3756 5715">
    <p class='ocr_par' dir='ltr' id='par_1_116' title="bbox 2165 5639 3756 5715">
     <span class='ocr_line' id='line_1_116' title="bbox 2165 5639 3756 5715; baseline 0.002 -23"><span class='ocrx_word' id='word_1_882' title='bbox 2165 5639 2269 5709; x_wconf 77' lang='grc' dir='ltr'>γῆν</span> <span class='ocrx_word' id='word_1_883' title='bbox 2312 5641 2421 5712; x_wconf 63' lang='grc' dir='ltr'><strong>τῆςξ</strong></span> <span class='ocrx_word' id='word_1_884' title='bbox 2445 5641 2783 5712; x_wconf 83' lang='grc' dir='ltr'>ἀναιμάκτου</span> <span class='ocrx_word' id='word_1_885' title='bbox 2808 5643 2900 5696; x_wconf 71' lang='grc' dir='ltr'><strong>καὶ</strong></span> <span class='ocrx_word' id='word_1_886' title='bbox 2928 5643 3126 5714; x_wconf 80' lang='grc' dir='ltr'>νοητῆς</span> <span class='ocrx_word' id='word_1_887' title='bbox 3154 5642 3344 5707; x_wconf 82' lang='grc' dir='ltr'>θυσίας</span> <span class='ocrx_word' id='word_1_888' title='bbox 3372 5642 3469 5714; x_wconf 84' lang='grc' dir='ltr'><strong>τὴν</strong></span> <span class='ocrx_word' id='word_1_889' title='bbox 3495 5642 3756 5715; x_wconf 77' lang='grc' dir='ltr'>ἀσύγκρι-</span> 
     </span>
    </p>
   </div>
   <div class='ocr_carea' id='block_1_117' title="bbox 2151 5825 3752 5897">
    <p class='ocr_par' dir='ltr' id='par_1_117' title="bbox 2151 5825 3752 5897">
     <span class='ocr_line' id='line_1_117' title="bbox 2151 5825 3752 5897; baseline -0.002 -13"><span class='ocrx_word' id='word_1_890' title='bbox 2151 5830 2215 5861; x_wconf 69' lang='lat'><strong>‘7’</strong></span> <span class='ocrx_word' id='word_1_891' title='bbox 2246 5827 2436 5884; x_wconf 77' lang='lat' dir='ltr'><strong>Matth.</strong></span> <span class='ocrx_word' id='word_1_892' title='bbox 2461 5846 2566 5895; x_wconf 73' lang='lat' dir='ltr'><strong>xu,</strong></span> <span class='ocrx_word' id='word_1_893' title='bbox 2591 5830 2681 5884; x_wconf 66' lang='grc' dir='ltr'>ει.</span> <span class='ocrx_word' id='word_1_894' title='bbox 2752 5833 2794 5864; x_wconf 75' lang='grc'>⁶⁸</span> <span class='ocrx_word' id='word_1_895' title='bbox 2819 5832 2974 5888; x_wconf 75' lang='lat' dir='ltr'><strong>Joan.</strong></span> <span class='ocrx_word' id='word_1_896' title='bbox 3009 5849 3102 5897; x_wconf 77' lang='lat' dir='ltr'><strong>xu,</strong></span> <span class='ocrx_word' id='word_1_897' title='bbox 3132 5833 3217 5888; x_wconf 75' lang='lat'><strong>26.</strong></span> <span class='ocrx_word' id='word_1_898' title='bbox 3278 5830 3445 5887; x_wconf 80' lang='lat' dir='ltr'><strong>“Isa.</strong></span> <span class='ocrx_word' id='word_1_899' title='bbox 3470 5845 3508 5896; x_wconf 83' lang='grc' dir='ltr'><strong>ι,</strong></span> <span class='ocrx_word' id='word_1_900' title='bbox 3545 5827 3627 5895; x_wconf 77' lang='grc'><strong>10,</strong></span> <span class='ocrx_word' id='word_1_901' title='bbox 3665 5825 3752 5881; x_wconf 67' lang='grc'><strong>15.</strong></span> 
     </span>
    </p>
   </div>
  </div>
