4082 6304
267 340 374 377 om:

270 364 377 397 εἰπὲ)

1014 341 1101 396 DE
1133 338 1574 397 ADURATIONE
1612 340 1678 396 1N
1710 338 1980 397 δῐιιιιιτυ
2024 340 2112 395 ΕΤ
2151 339 2519 402 ΥΕΙΠΤΑΤΕ.
2567 339 2694 394 LIB.
2739 338 2801 393 ll.

3442 337 3547 391 ἓέϐ

269 475 636 535 τονεῦωδίαν.
673 477 818 548 Ἔφη
862 478 972 550 γὰρ
1012 472 1112 533 ὧδε
1147 479 1341 534 πάλιν·
1387 480 1559 535 «Οὐκ
1594 479 1711 535 ἔστι
1745 499 1845 553 μου

1975 477 2118 533 ιίιθω
2137 484 2323 534 essent
2345 476 2603 532 oblaturi.
2626 474 2717 530 Sic
2738 474 2887 529 enim
2911 474 3110 528 iterum
3141 471 3356 543 inquit:
3384 491 3403 524 ι
3428 473 3549 527 Non

272 571 492 642 θέλημα
539 573 598 624 ἐν
620 571 784 642 ὑμῖν,
833 571 985 642 λέγει
1033 571 1236 644 Κύριος
1284 572 1719 645 παντοκράτωρ-,ο
1764 575 1857 628 καὶ

270 664 468 719 θυσίαν
494 665 559 717 οὐ
597 665 959 736 προσδέξομαι
1001 665 1066 717 ἐκ
1105 664 1214 718 τῶν
1242 664 1441 738 χειρῶν
1486 664 1675 736 ὑμῶν,
1722 660 1857 719 διότι

267 754 382 808 ἀπὸ
409 752 686 807 ἀνατολῶν
729 752 883 823 ἡλίου
920 754 1013 807 καὶ
1042 751 1149 817 ἕως
1192 753 1414 824 δυσμῶν
1448 753 1510 806 τὸ
1550 753 1720 824 δνομά
1753 770 1856 823 μου

268 844 589 911 δεδόξασται
647 847 706 898 tv
742 846 857 907 τοῖς
903 843 1116 909 ἔθνεσι,
1153 846 1250 900 καλ¹
1290 847 1347 899 tv
1377 845 1538 899 παντὶ
1576 844 1727 914 τόπῳ
1759 844 1857 898 θυ-

272 940 461 1010 μίαμα
526 936 894 1009 προσφέρεται
962 934 1043 1006 τῷ
1098 935 1325 1007 ὀνόματί
1379 954 1479 1009 μου
1550 936 1645 991 καὶ
1696 935 1859 991 θυσία

271 1028 530 1099 καθαρά,
575 1023 709 1081 διότι
760 1025 903 1097 μέγα
941 1026 1002 1080 τὸ
1041 1025 1216 1097 δνομά
1261 1040 1363 1098 μου
1400 1025 1458 1080 tv
1500 1030 1612 1092 τοῖς
1657 1026 1855 1090 ἔθνεσι,

269 1119 427 1188 λέγει
464 1117 669 1187 Κύριος
717 1118 1140 1188 παντοκράτωρ.
1180 1137 1199 1170 ι
1240 1119 1436 1190 Συνίης
1481 1120 1562 1174 ὅτι
1608 1118 1860 1191 θυμίαμά

270 1228 335 1265 τε
390 1210 488 1264 καὶ
538 1208 729 1263 θυσίαν
780 1208 927 1280 αὐτῷ
975 1208 1225 1281 καθαρὰν
1271 1210 1381 1263 ἀπὸ
1427 1211 1627 1276 παντὸς
1673 1210 1860 1276 ἔθνους

276 1303 738 1374 άνενεχθήσεσθαί
780 1319 965 1373 φησιν.
992 1303 1203 1375 ’Ὥσπερ
1232 1302 1289 1356 δὲ
1318 1303 1417 1375 τὴν
1446 1304 1572 1359 νέαν
1600 1306 1732 1376 ἡμῖν
1766 1304 1858 1359 καὶ

274 1397 337 1449 ὲν
368 1393 586 1466 Χριστῷ
619 1395 883 1465 διαθήκην
904 1434 919 1459 ,
953 1395 1147 1465 καινὴν
1171 1394 1465 1467 ὀνομάσας,
1503 1395 1858 1450 πεπαλαίωκε

276 1487 379 1559 τὴν
414 1485 652 1558 πρώτην.
689 1486 896 1557 Γράφει
935 1487 1046 1558 γὰρ
1080 1488 1212 1558 ἡμῖν
1244 1486 1418 1551 οὕτως
1469 1494 1565 1540 και¹
1593 1491 1622 1542 ὁ
1662 1487 1859 1541 θεσπέ-

286 1595 404 1640 σιος
423 1575 651 1639 Παῦλος.
698 1576 786 1639 Ὧς
831 1575 1064 1630 κάνθάδε
1085 1615 1100 1641 ,
1133 1575 1378 1646 καθαρὰν
1409 1575 1578 1629 εἰπὼν
1617 1574 1717 1646 τὴν
1750 1576 1860 1629 ἀπὸ

277 1669 484 1732 παντὸς
510 1668 692 1731 ἔθνους
746 1667 936 1721 θυσίαν
970 1668 1236 1739 ἐσομένην
1283 1668 1425 1722 κατὰ
1464 1668 1723 1738 καιροὺς,
1772 1665 1854 1738 τῷ

281 1761 362 1833 μὴ
411 1760 584 1824 οὕτως
630 1760 772 1831 ἔχειν
812 1760 912 1830 τῆς
968 1760 1201 1832 ἀρχαίας
1249 1760 1703 1831 καταψηφίζεται.
1740 1760 1859 1813 Κα-

1954 577 2041 624 est
2065 569 2321 624 voluntas
2358 584 2482 624 mea
2514 568 2569 621 in
2602 567 2782 633 vobis,
2826 565 2963 621 dicit
3000 564 3266 620 Dominus
3294 563 3549 634 omnipo-

1949 670 2108 741 tens;
2164 669 2222 715 et
2267 650 2600 715 sacrificium
2663 673 2777 713 non
2832 657 3127 728 suscipiam
3173 656 3243 712 de
3293 657 3552 712 manibus

1953 750 2185 816 vestris;
2217 750 2349 821 quia
2390 749 2461 805 ab
2503 758 2630 804 ortu
2664 748 2797 803 solis
2828 762 3002 817 usque
3044 745 3111 801 ad
3145 760 3402 801 occasum
3444 761 3549 800 no-

1955 857 2085 896 men
2111 857 2298 896 meum
2336 840 2704 913 gloriﬁcatum
2728 848 2814 894 est
2839 838 2896 893 in
2923 838 3210 910 gentibus;
3238 846 3294 893 et
3320 838 3377 892 in
3400 837 3553 893 omni

1956 933 2080 989 loco
2114 934 2401 991 incensum
2430 934 2663 990 oﬁ‘ertUr
2690 933 2902 989 nomini
2947 947 3092 997 meo,
3137 940 3194 987 et
3225 930 3555 986 sacriﬁcium

1955 1026 2226 1082 mundum
2274 1025 2451 1097 :quia
2496 1038 2754 1097 magnum
2794 1036 3000 1079 nomen
3036 1036 3221 1078 meum
3271 1022 3330 1076 in
3372 1024 3554 1093 genti-

1957 1119 2085 1185 bus,
2109 1119 2245 1175 dicit
2277 1118 2547 1175 Dominus
2575 1116 3007 1187 omnipotens".
3040 1133 3058 1167 ι
3094 1113 3361 1183 lntelligis
3386 1113 3556 1183 igitur

1959 1209 2108 1281 quod
2158 1211 2445 1266 incensum
2491 1224 2556 1264 ac
2614 1206 2951 1264 sacriﬁcium
3006 1205 3113 1260 sibi
3164 1203 3433 1263 mundum
3484 1202 3555 1256 ab

1960 1299 2111 1355 omni
2145 1308 2306 1371 gente
2340 1314 2462 1355 esse
2514 1297 2857 1353 offerendum
2891 1298 2988 1352 ait.
3036 1296 3107 1353 Ut
3153 1304 3339 1349 autem
3383 1294 3440 1349 in
3488 1308 3556 1348 eo

1961 1393 2109 1464 quod
2145 1407 2342 1447 recens
2370 1390 2505 1446 illud
2541 1390 2598 1445 in
2638 1388 2860 1446 Christo
2893 1395 3305 1452 testamentum,
3349 1402 3555 1441 novum

1961 1484 2289 1556 appellavit,
2336 1482 2473 1537 illud
2542 1480 2696 1552 prius
2758 1495 2823 1535 ac
2874 1486 3034 1535 vetus
3085 1478 3410 1548 autiquavit.
3465 1477 3559 1533 Sic

1962 1577 2110 1633 enim
2147 1577 2347 1631 beatus
2384 1575 2589 1630 Paulus
2617 1573 2813 1628 scribit
2843 1573 2910 1626 "'.
2941 1571 3076 1627 Item
3108 1571 3163 1624 in
3202 1570 3309 1625 hoc
3347 1570 3470 1625 loco
3500 1569 3557 1624 in

1962 1682 2030 1723 eo
2061 1667 2208 1737 quod
2242 1667 2401 1732 dixit,
2432 1665 2701 1720 mundum
2741 1664 2810 1718 ab
2841 1664 2991 1718 omni
3024 1670 3186 1735 gente
3228 1661 3557 1717 sacriﬁcium

1964 1757 2081 1811 suis
2111 1756 2455 1827 temporibus
2485 1755 2755 1819 futurum,
2799 1752 2867 1808 de
2906 1753 3003 1808 illo
3035 1751 3230 1817 veteri,
3269 1752 3415 1822 quod
3445 1767 3557 1806 non

280 1850 429 1924 θαρά
453 1849 563 1920 γάρ
585 1866 710 1903 τινα
731 1850 954 1921 τρόπον,
981 1850 1015 1919 ἡ
1039 1850 1177 1919 μήτε
1207 1847 1567 1920 καθαίρουσα,
1594 1849 1731 1919 μήτε
1759 1846 1863 1918 μὴν

1975 1847 2233 1919 ejusmodi
2262 1846 2352 1912 sit,
2385 1845 2716 1901 sententiam
2740 1845 2889 1899 tulit.
2926 1842 3210 1910 Quomodo
3244 1843 3393 1899 enim
3421 1842 3557 1897 illud

281 1940 484 2009 ἔχουσα
520 1936 586 1991 τὸ
633 1934 874 1990 τελειοῦν
911 1935 1170 1991 δύνασθαι
1222 1937 1357 2009 πρὸς
1396 1939 1634 2008 ἀρετήν;
1678 1936 1861 2008 Ταύτῃ

280 2031 367 2084 τοί
405 2047 566 2101 φησιν
594 2030 624 2083 ὁ
654 2029 924 2101 μακάριος
954 2027 1187 2092 Παῦλος,
1209 2029 1284 2093 ὡς
1316 2025 1383 2100 ἦν
1421 2030 1518 2101 μὲν
1545 2029 1646 2083 οὐκ
1674 2030 1861 2100 ἄμεμ-

283 2140 445 2187 πτος,
480 2120 893 2193 είσκεκομίσθαι
927 2120 985 2174 δὲ
1024 2121 1338 2190 ἀναγκαίως
1375 2121 1445 2175 τὰ
1472 2121 1561 2175 διὰ
1589 2120 1826 2191 Χριστοῦ
1847 2158 1863 2183 ,

283 2216 384 2271 καὶ
409 2215 497 2269 τὸν
523 2215 618 2286 τῆς
640 2213 899 2285 δευτέρας
928 2212 1273 2283 ὲγζητεῖσθαι
1294 2213 1476 2268 τόπον.

362 2497 570 2552 ΠΛΔΛ.
631 2493 958 2567 ’Δδούλητος
1009 2495 1119 2566 ἄρα
1168 2492 1450 2556 παντελῶς
1488 2492 1522 2563 ἠ
1574 2492 1631 2545 tv
1690 2493 1870 2555 σκιαῖς

282 2589 514 2661 λατρεία
546 2587 799 2657 παναγίῳ
829 2586 948 2657 Θεῷ
968 2604 982 2654 ;
1393 2576 1399 2584 ’

359 2680 526 2733 ΚΥΡ.
574 2676 899 2731 Παντάπασι
946 2675 1046 2746 μὲν
1095 2669 1211 2729 οῦν.
1260 2673 1420 2744 Πάρα
1472 2673 1530 2727 δέ
1568 2690 1634 2741 γε
1687 2670 1870 2741 σαφῶς

286 2771 501 2826 ἐπαΐειν
523 2769 776 2838 λέγοντος
809 2771 925 2833 τοῖς
966 2768 1027 2832 ἐξ
1066 2766 1314 2840 Ἰσραὴλ,
1348 2766 1438 2820 διὰ
1466 2768 1565 2836 τῆς
1605 2765 1869 2836 Ἰερεμίου

286 2863 494 2935 φωνῆς’
526 2881 545 2915 ι
577 2862 715 2916 Τάδε
737 2861 888 2930 λέγει
913 2859 1136 2931 Κύριος’
1164 2860 1244 2912 Τὰ
1263 2855 1691 2927 ὁλοκαυτώματα
1717 2857 1746 2909 ὑ
1755 2853 1871 2927 μῶν

288 2954 630 3022 συναγάγετε
685 2951 822 3022 μετά
868 2949 978 3003 τῶν
1029 2949 1229 3003 θυσιῶν
1283 2948 1439 3018 ὑμῶν
1461 2987 1477 3012 ,
1523 2946 1619 2999 καὶ
1666 2945 1870 3013 φάγετε

286 3045 451 3117 κρέα.
479 3044 603 3098 Ὅτι
643 3043 746 3096 οὐκ
778 3042 1017 3111 ἐλάλησα
1052 3039 1187 3111 πρὸς
1233 3040 1359 3101 τοὺς
1405 3037 1648 3108 πατέρας
1694 3035 1869 3107 ὑμῶν,

293 3139 391 3191 καὶ
419 3136 520 3189 οῦκ
550 3132 909 3204 ἐνετειλάμην
952 3131 1135 3194 αὐτοῖς
1177 3131 1236 3182 tv
1280 3122 1552 3201 ήμέρᾳ,ᾕ
1597 3128 1870 3199 ἀνήγαγον

1967 1939 2077 2010 58
2119 1940 2388 1995 mundum
2422 1939 2515 2003 sit,
2553 1937 2700 2009 quod
2746 1952 2928 2007 neque
2975 1937 3226 2003 mundat,
3269 1950 3449 2006 neque
3487 1936 3556 1990 ad

1966 2034 2264 2103 perfectam
2310 2032 2573 2087 virtutem
2620 2046 2725 2086 nos
2773 2030 2977 2086 ducere
3029 2030 3247 2100 petest?
3291 2027 3558 2096 Quocirca

1965 2123 2164 2178 beatus
2182 2125 2385 2179 Paulus
2411 2122 2610 2193 inquit,
2631 2131 2792 2178 vetus
2818 2122 2955 2178 illud
2978 2139 3090 2177 non
3113 2134 3337 2178 vacasse
3365 2122 3555 2194 culpa;

1966 2216 2152 2285 itaque
2196 2214 2509 2269 necessario
2548 2214 2684 2269 illud
2728 2215 3059 2270 successisse
3089 2214 3236 2284 quod
3266 2228 3365 2284 per
3395 2212 3558 2269 Chri-

1967 2316 2117 2362 stum
2165 2307 2435 2362 sancitum
2475 2314 2594 2373 est,
2625 2315 2682 2360 et
2728 2307 2956 2362 secundi
2998 2307 3181 2362 locum
3232 2305 3560 2376 inquisitum

1967 2399 2159 2455 fuisse.

2042 2492 2241 2547 PALL.
2273 2492 2491 2565 Ergone
2520 2503 2749 2565 prorsus
2793 2500 2995 2564 praeter
3039 2490 3438 2563 omnipotentis
3461 2487 3561 2546 Dei

1970 2585 2312 2640 voluntatem
2342 2586 2526 2641 cultus
2562 2586 2654 2641 ille
2685 2584 2998 2640 umbratilis
3025 2583 3167 2639 fuit?

2042 2676 2200 2733 CYR.
2235 2676 2492 2732 Omnino.
2525 2678 2621 2731 Est
2647 2684 2831 2732 autem
2860 2677 2915 2731 in
2944 2684 3226 2746 promptu,
3255 2675 3430 2730 Deum
3460 2691 3562 2730 au-

1970 2767 2091 2822 dire
2132 2766 2478 2838 apertissime
2499 2767 2774 2822 dicentem
2816 2767 2945 2822 ﬁliis
2977 2767 3163 2833 Israel,
3191 2781 3290 2837 per
3314 2761 3564 2823 Jeremiae

1971 2873 2164 2912 vocem
2208 2875 2220 2911 :
2262 2876 2281 2909 ι
2321 2856 2449 2913 Haec
2489 2856 2626 2913 dicit
2667 2857 2976 2913 Dominus:
3006 2857 3337 2914 Holocausta
3382 2867 3565 2914 vestra

1970 2959 2297 3020 congregato
2326 2965 2450 3004 cum
2475 2949 2764 3005 sacriﬁciis
2797 2949 3017 3016 vestris,
3047 2959 3105 3005 et
3134 2951 3407 3006 comedite
3439 2967 3564 3006 car-

1969 3057 2090 3096 nes.
2117 3040 2257 3108 Quia
2276 3057 2389 3096 non
2416 3057 2539 3096 sum
2567 3042 2790 3098 locutus
2817 3042 2886 3097 ad
2919 3050 3105 3113 patres
3126 3052 3357 3109 vestros,
3372 3060 3565 3115 neque

1974 3131 2228 3186 mandavi
2254 3131 2336 3186 eis
2373 3131 2428 3187 in
2462 3132 2552 3187 die
2598 3149 2708 3203 qua
2733 3133 3031 3189 ascendere
3064 3148 3160 3189 eos
3190 3134 3296 3190 feci
3327 3135 3394 3189 de
3423 3142 3567 3190 terra

293 3229 493 3291 αὐτοὺς
528 3228 593 3280 ὲκ
626 3226 732 3296 γῆς
782 3224 1063 3293 Αἰγύπτου
1112 3222 1239 3293 περὶ
1269 3218 1738 3290 ὁλοκαυτωμάτων
1778 3218 1874 3271 καὶ

1975 3221 2215 3294 Egypti,
2252 3221 2321 3277 de
2354 3222 2711 3287 holocaustis,
2747 3230 2804 3278 et
2842 3222 3146 3278 sacriﬁciis.
3196 3222 3303 3279 Sed
3335 3224 3568 3279 verbum

291 3319 518 3374 θυσιῶν.
566 3317 707 3371 Ἀλλ’
746 3317 780 3386 ἢ
824 3316 885 3369 τὸ
917 3315 1067 3387 ῥῆμα
1099 3314 1256 3367 τοῦτο
1302 3310 1655 3383 ἐνετειλάμην
1694 3311 1878 3373 αὐτοῖς

291 3411 467 3479 λέγων
487 3448 502 3473 ,
534 3407 831 3462 Ἀκούσατε
860 3406 963 3477 τῆς
1000 3406 1184 3476 φωνῆς
1216 3422 1335 3476 μου.
1377 3424 1396 3456 ι
1429 3404 1595 3456 Ὅσον
1645 3401 1743 3472 μὲν
1771 3399 1880 3470 γάρ

290 3499 428 3575 ἧκεν
469 3502 550 3566 είς
582 3519 649 3570 γε
674 3501 737 3554 τὸ
780 3499 1008 3572 ἀκριϐὲς
1032 3497 1111 3568 τῷ
1139 3496 1404 3569 νομοθέτῃ
1433 3493 1645 3557 δοκοῦν,
1679 3492 1786 3546 οόδ’
1814 3491 1880 3545 ἀν

294 3594 428 3658 ὅλως
454 3595 510 3647 tv
535 3593 732 3665 ἀρχαῖς
770 3594 800 3645 ὁ
827 3593 885 3645 tv
914 3592 1093 3654 σκιαῖς
1132 3588 1212 3642 ἔτι
1249 3583 1759 3658 κατεχρησμωδήθη
1792 3581 1880 3635 νό-

299 3702 421 3757 μος,
441 3684 543 3755 τῆς
567 3685 625 3737 tv
655 3681 927 3753 πνεύματι
952 3679 1207 3751 λατρείας
1235 3676 1621 3747 σεσιγημένης.
1662 3672 1880 3743 Ἐπειδὴ

297 3776 355 3830 δὲ
377 3772 449 3848 ἦν
477 3775 541 3828 τὸ
580 3775 770 3847 χρῆμα
813 3771 1070 3844 φορτικὸν
1089 3813 1104 3836 ,
1137 3770 1232 3823 καὶ
1260 3769 1319 3822 τὸ
1345 3766 1605 3820 δύνασθαι
1641 3761 1882 3835 πληροῦν

300 3870 362 3924 τὸ
398 3868 623 3932 τελείως
665 3866 903 3936 ἀγαθὸν,
958 3867 1071 3927 τοῖς
1100 3863 1160 3916 τὸ
1206 3860 1462 3932 τηνικάδε
1513 3859 1741 3929 βάσιμον
1784 3856 1883 3927 μὲν

299 3962 440 4032 οὐχὶ,
474 3959 642 4030 φαίην
678 3957 723 4035 δ’
755 3950 819 4011 ἂν
850 3957 933 4010 ὅτι
974 3955 1206 4036 σκληρὸν
1234 3950 1466 4036 καλέοῦκ
1501 3950 1743 4020 άτραχυ,
1787 3964 1883 4017 νη-

254 4059 270 4067 “
300 4024 767 4135 πιοπρεξτὴξῗοῖἶ
800 4044 899 4116 τις
940 4024 1237 4122 ’μἐλέτησις
1258 4088 1272 4113 ,
1294 4024 1415 4118 ’τὴν
1465 4045 1565 4115 τῆς
1629 4041 1886 4114 ἀληθείας

251 4138 277 4172 θ’
301 4132 834 4216 ζέουσαμόρφωσιν,
861 4143 889 4194 ὁ
915 4143 972 4194 tv
1004 4142 1291 4212 γράμμασι
1319 4137 1504 4207 νόμος,
1527 4132 1887 4205 οἰκονομικῶς

300 4237 644 4301 ἑθεσπίζετο.
693 4236 840 4306 Πλὴν
879 4234 1066 4303 ἐδήλου
1113 4231 1300 4301 σαφῶς
1332 4232 1360 4285 ὁ
1385 4229 1494 4283 τῶν
1537 4229 1717 4299 νόμων
1757 4227 1887 4296 ἡμῖν

304 4329 561 4400 ὁριστὴς,
600 4327 684 4380 ὅτι
731 4325 806 4397 μὴ
847 4327 1029 4378 ἐκεῖνα
1064 4323 1260 4395 μᾶλλον
1296 4320 1443 4392 αὐτῷ
1476 4318 1886 4390 θυμηρέστατα,

303 4420 611 4492 τριπόθητα
639 4418 695 4471 δὲ
727 4418 795 4471 τὰ
827 4417 915 4472 διὰ
952 4414 1211 4489 Χριστοῦ.
1241 4415 1352 4467 Καὶ
1401 4411 1530 4480 γοῦν
1562 4410 1668 4480 ἔφη
1704 4408 1886 4464 πάλινσ

310 4532 330 4565 ι
371 4511 472 4566 Διά
514 4511 674 4565 τοῦτο
713 4510 1015 4580 ἀπεθέρισα
1056 4510 1183 4571 τοὺς
1224 4507 1508 4577 προφήτας
1543 4503 1728 4574 ὑμῶν,
1783 4502 1890 4555 ἀπ-

288 4605 524 4658 κέκτεινα
544 4603 742 4667 αὐτοῦς
767 4604 823 4654 tv
847 4602 1052 4674 ῥήμασι
1081 4599 1347 4670 στόματός
1369 4615 1492 4667 μου,
1520 4596 1616 4649 καὶ
1635 4594 1697 4647 τὸ
1718 4595 1891 4666 κρίμα

313 4715 408 4767 μου
447 4696 525 4760 ὡς
569 4694 687 4765 φῶς
723 4693 1089 4759 ἐξελεύσεται·
1136 4691 1272 4744 διότι
1305 4689 1452 4752 ἕλεος
1498 4687 1667 4749 θέλω,
1702 4686 1796 4751 καὶ
1827 4683 1889 4737 οὐ

311 4787 530 4852 θυσίαν,
560 4785 657 4837 καὶ
708 4783 1003 4851 ἐπίγνωσιν
1050 4779 1219 4844 Θεοῦ,
1270 4778 1303 4849 ἥ
1355 4774 1804 4845 ὁλοκαυτώματα.
1865 4792 1884 4826 ι

310 4876 447 4932 Πολὺ
481 4876 593 4945 γὰρ
620 4875 843 4945 ἄμεινον
874 4874 1023 4945 παρά
1051 4871 1170 4943 Θεῷ
1201 4872 1297 4924 καὶ
1338 4871 1540 4941 μόσχου
1575 4868 1886 4931 πίπτοντος,

311 4970 403 5021 καὶ
430 4967 707 5039 προϐάτου
736 4958 973 5036 σφαγῆς,
1005 4968 1038 5035 ἡ
1076 4966 1156 5028 εἰς
1188 4962 1450 5031 ἀδελφοὺς
1479 4961 1689 5030 ἀγάπη,
1721 4961 1801 5023 είς
1830 4960 1889 5013 τὸ

308 5060 401 5113 τοῦ
434 5061 603 5129 νόμου
644 5058 938 5129 πλήρωμα,
972 5057 1067 5109 καὶ
1104 5055 1166 5108 τὸ
1212 5055 1473 5125 ὑπερέχον
1503 5054 1601 5123 τῆς
1635 5050 1889 5120 γνώσεως

307 5148 545 5220 Χριστοῦ
569 5188 584 5212 ,
623 5147 688 5201 δι’
714 5143 884 5216 οὗπερ
924 5146 991 5198 ἂν
1020 5144 1230 5212 γένοιτο
1259 5144 1351 5197 καὶ
1382 5143 1544 5206 αὐτὸς
1576 5144 1711 5214 ἡμῖν
1751 5158 1891 5209 γνω-

312 5239 492 5303 στὸςκὸ
523 5238 734 5309 Πατήρ.
769 5237 1037 5308 Πρόξενον
1067 5235 1122 5288 δὲ
1151 5235 1239 5287 ὅτι
1263 5237 1363 5306 τῆς
1410 5234 1631 5288 αἰωνίου
1659 5232 1804 5303 ζωῆς
1830 5231 1892 5286 τὸ

310 5329 502 5402 χρῆμά
528 5330 697 5393 ἐστιν,
724 5328 825 5381 οὐκ
856 5325 1112 5398 ἐνδοιάσῃ
1147 5342 1232 5389 τις
1261 5324 1348 5390 ἂν,
1381 5322 1618 5395 Χριστοῦ
1644 5322 1893 5392 λέγοντος

310 5420 449 5491 πρὸς
472 5421 565 5476 τὸν
599 5422 657 5474 tv
685 5422 799 5483 τοῖς
824 5419 1073 5490 οὐρανοῖς
1114 5417 1353 5489 Πατέρα·
1377 5411 1556 5490 «Αὕτη
1577 5416 1634 5470 δέ
1677 5418 1825 5470 ἐστιν
1857 5416 1891 5487 ἡ

310 5512 530 5577 αἰώνιος
562 5511 712 5584 ζωὴ,
749 5511 839 5565 ἵνα
871 5510 1180 5579 γινώσκωσί
1211 5526 1272 5562 σε
1310 5510 1401 5562 τὸν
1436 5509 1595 5579 μόνον
1637 5507 1890 5579 ἀληθινὸν

311 5606 465 5673 Θεὸν,
492 5606 591 5659 καὶ
620 5605 680 5658 ὃν
715 5602 1044 5667 ἀπέστειλας
1078 5600 1285 5672 Ἰησοῦν
1324 5600 1580 5670 Χριστόν.
1619 5619 1638 5654 ι
1690 5600 1885 5671 Ἀψευ-

392 5784 439 5816 ⁹⁶
460 5780 691 5837 Malaeh.
730 5797 768 5845 1,
809 5780 892 5845 10,
948 5781 1031 5834 il.

1107 5780 1148 5810 τ¹
1175 5779 1340 5834 liebr.
1370 5780 1595 5846 vm,15.
1674 5781 1718 5811 τ’
1745 5778 1947 5836 Jcrcm.
1984 5796 2077 5847 vn,
2110 5780 2295 5835 Cll-‘23.

1981 3314 2088 3369 hoc
2120 3312 2373 3368 mandavi
2409 3314 2491 3369 eis
2522 3314 2715 3370 dicens
2737 3332 2750 3367 :
2771 3314 2972 3370 Audite
3004 3330 3196 3370 vocem
3228 3331 3406 3370 meam
3434 3318 3502 3372 "’.
3540 3336 3562 3370 ι

1981 3401 2137 3469 Quod
2172 3403 2320 3457 enim
2367 3402 2435 3458 ad
2474 3404 2804 3475 pmcipuam
2855 3404 3189 3460 institutoris
3228 3406 3569 3462 voluntatem

1981 3495 2244 3567 pertinet,
2275 3510 2345 3550 ne
2392 3510 2423 3549 a
2470 3496 2740 3567 principio
2768 3496 2993 3567 quidem
3026 3498 3139 3552 ullo
3171 3498 3337 3554 modo
3366 3499 3571 3556 divinis

1982 3586 2222 3642 oraculis
2254 3586 2452 3641 tradita
2487 3587 2683 3643 fuisset
2712 3589 2806 3643 illa
2838 3589 3021 3644 adhuc
3064 3588 3120 3643 in
3148 3591 3361 3647 umbris
3393 3593 3570 3662 posita

1984 3681 2093 3745 lex,
2126 3679 2172 3733 si
2203 3678 2271 3734 de
2297 3679 2447 3733 cultu
2470 3679 2740 3749 spirituali
2762 3681 3036 3736 silendum
3069 3681 3286 3738 fuisset.
3315 3683 3422 3739 Sed
3441 3685 3571 3755 quia

1984 3772 2164 3844 gravis
2192 3780 2312 3826 erat
2356 3787 2420 3826 ea
2457 3788 2563 3837 res,
2598 3781 2656 3827 et
2687 3773 2755 3827 ad
2801 3774 3059 3845 perfecta:
3089 3773 3308 3832 virtutis
3348 3778 3572 3833 absolu-

1984 3865 2190 3920 tionem
2219 3863 2370 3919 illius
2400 3864 2661 3935 temporis
2696 3865 3014 3923 hominibus
3040 3867 3186 3923 haud
3214 3864 3393 3924 facilis
3415 3880 3571 3941 pate-

1985 3954 2079 4009 bat
2108 3970 2392 4021 accessus;
2418 3954 2529 4010 imo
2555 3971 2705 4021 vero,
2736 3972 2860 4012 mea
2884 3958 3109 4028 quidem
3136 3962 3429 4028 sententia,
3466 3962 3571 4018 du-
3625 4006 3633 4015 .

1986 4060 2108 4101 rum
2138 4047 2192 4100 id
2236 4053 2356 4101 erat
2381 4054 2437 4101 et
2462 4063 2748 4116 asperum;
2790 4048 2879 4103 lex
2920 4050 3121 4120 scripta
3151 4051 3304 4106 velut
3345 4048 3574 4122 puerilis

1986 4139 2237 4209 quaedam
2267 4137 2609 4203 exercitatio,
2640 4154 2763 4208 qua:
2788 4139 3019 4194 formam
3048 4141 3297 4195 veritatis
3318 4142 3571 4205 haberet,

1989 4232 2223 4302 sapienti
2247 4231 2621 4286 moderatione
2661 4231 2961 4285 constituta
2989 4239 3091 4285 est.
3122 4230 3393 4286 Caeterum
3426 4232 3575 4289 haud

1989 4324 2223 4378 obscure
2270 4322 2600 4394 signiﬁcavit
2648 4321 2809 4376 nobis
2851 4321 2943 4375 ille
2988 4320 3269 4391 legislator
3311 4338 3421 4376 non
3454 4339 3576 4380 esse

1992 4415 2087 4469 illa
2129 4414 2236 4470 sibi
2271 4413 2613 4485 gratissima,
2652 4412 2787 4481 quin
2833 4412 3018 4481 potius
3061 4411 3468 4482 exoptatissima
3518 4430 3577 4471 sc

1994 4508 2218 4568 habere,
2263 4521 2385 4575 qua:
2427 4512 2616 4574 postea
2646 4519 2745 4573 per
2783 4503 3062 4559 Christum
3092 4500 3458 4575 prmcipienda
3486 4522 3575 4562 es-

1997 4607 2139 4653 sent.
2181 4597 2370 4666 Itaque
2396 4595 2534 4649 dixit
2566 4594 2767 4649 iterum
2799 4612 2812 4648 :
2852 4614 2870 4647 ι
2907 4596 3137 4666 Propter
3164 4597 3270 4652 hoc
3303 4593 3576 4654 deincssui

1996 4687 2294 4758 preplietas
2316 4696 2548 4751 vestros,
2580 4685 2757 4741 occidi
2795 4700 2892 4741 eos
2930 4686 2987 4740 in
3015 4687 3201 4743 verbis
3228 4688 3341 4743 oris
3367 4690 3494 4754 mei,
3523 4698 3578 4745 et

1991 4778 2263 4851 judicium
2298 4792 2482 4832 meum
2511 4775 2669 4845 quasi
2700 4776 2792 4832 lux
2825 4776 3168 4847 egredietur;
3199 4778 3327 4848 quia
3358 4777 3576 4833 miseri-

1997 4870 2241 4924 cordiam
2269 4870 2412 4935 volo,
2442 4878 2499 4924 et
2524 4873 2636 4923 no'n
2664 4869 3016 4934 sacriﬁcium,
3058 4878 3114 4924 et
3154 4868 3437 4925 scientiam
3480 4871 3577 4927 Dei

1992 4963 2165 5032 magis
2193 4977 2360 5031 quam
2407 4962 2791 5018 holocaustum
2820 4964 2886 5017 ’³.
2928 4982 2945 5015 ι
2980 4964 3092 5019 Deo
3136 4964 3338 5035 quippe
3383 4970 3440 5019 et
3483 4980 3577 5018 ca-

1992 5053 2157 5107 dente
2220 5054 2426 5119 vitulo,
2473 5064 2530 5110 et
2566 5070 2668 5111 ove
2729 5072 2866 5111 caesa
2925 5055 3133 5127 gratior
3204 5066 3289 5109 est
3358 5054 3448 5109 illa
3521 5056 3577 5111 in

1990 5144 2190 5199 fratres
2231 5145 2474 5212 dilectio,
2518 5160 2626 5217 qua
2652 5149 2739 5202 lex
2784 5149 3063 5219 impletur,
3103 5152 3159 5202 et
3200 5147 3292 5201 illa
3327 5147 3577 5203 eminens

1992 5237 2222 5293 scientia
2241 5236 2465 5303 Christi,
2491 5254 2590 5309 per
2610 5255 2772 5309 quam
2799 5236 2914 5309 ipse
2938 5250 3157 5308 quoque
3184 5238 3344 5293 Pater
3364 5254 3394 5293 a
3416 5236 3577 5295 nobis

1991 5330 2360 5399 cognoscitur.
2411 5329 2708 5385 Conciliari
2766 5346 2898 5385 vero
2943 5328 3104 5385 nobis
3153 5330 3255 5386 hac
3298 5346 3357 5386 re
3407 5331 3575 5387 vitam

1988 5428 2268 5484 aaternam,
2296 5435 2459 5474 nemo
2488 5418 2842 5482 dubitaverit,
2874 5416 3090 5472 Christo
3116 5418 3182 5473 ad
3213 5415 3450 5487 Patrem,
3479 5421 3575 5491 qui

1990 5511 2046 5565 in
2073 5512 2227 5567 caelis
2250 5521 2356 5576 est,
2403 5510 2621 5565 dicente
2651 5511 2698 5541 ⁷⁸
2741 5528 2754 5563 :
2794 5530 2811 5561 ι
2847 5510 2971 5564 llaec
2998 5518 3082 5565 cst
3122 5511 3233 5567 vita
3256 5521 3480 5577 mterna,
3514 5523 3575 5567 ut

1987 5614 2319 5674 cognoscant
2345 5611 2396 5658 te
2425 5603 2601 5657 solum
2643 5618 2835 5656 verum
2867 5603 3060 5669 Deum,
3088 5613 3145 5659 et
3168 5620 3330 5674 quem
3354 5604 3573 5671 misisti,

2376 5782 2419 5814 ⁷³
2446 5780 2604 5846 Osce,
2634 5798 2704 5849 τι,
2746 5783 2797 5850 5,
2827 5784 2877 5839 6.
2948 5783 2993 5816 ⁷⁸
3010 5785 3165 5841 Joan.
3190 5801 3320 5849 xvu,
3344 5783 3398 5840 3.
