4082 6304
464 340 575 397 227

1492 330 1549 388 S.
1589 328 1869 388 CYRILLI
1908 302 2377 383 ALEXANDRINI
2416 323 2730 380 ARCIIIEP.

3549 260 3555 265 ’
3640 302 3747 358 223

468 439 658 495 Jesum
673 433 1005 493 ChriStum.)
1026 432 1147 488 Non
1168 430 1388 487 ment-iri
1407 438 1592 485 autem
1613 444 1845 499 usquam
1870 426 2055 496 aliquo

2172 425 2312 494 Βήσει
2339 421 2394 474 δὲ
2425 422 2507 475 ὅτι
2549 421 2726 491 πάντη
2770 434 2830 471 τε
2868 415 2965 470 καὶ
3003 412 3222 478 πάντως
3257 414 3290 486 ή
3331 408 3598 481 ἀλήθεια,
3624 402 3747 477 πῶς
3790 422 3807 453 κ

466 538 635 600 pacto
672 526 990 591 Veritatem,
1029 522 1313 595 quomodo
1341 520 1548 594 ambigi
1591 520 1812 592 potest?

540 620 738 675 PALL.
767 619 990 676 Minime
1021 633 1173 672 vero.

507 712 664 768 CYB.
684 709 790 767 Sed
806 716 1161 782 posteaquam
1179 705 1343 761 Israel
1359 705 1427 760 ab
1442 706 1561 778 ejus
1576 713 1660 762 est
1675 701 2062 775 conjunctione

471 804 750 875 dilapsus;
786 800 988 872 quippe
1018 798 1183 854 ﬁdem
1216 812 1513 868 respuens,
1542 812 1652 852 non
1684 795 1792 867 59
1807 794 2063 865 cognovit

472 894 680 958 Deum,
714 889 1061 962 apertissime
1095 895 1332 942 testatur
1379 902 1496 943 non
1542 886 1658 941 alia
1700 884 1910 941 ratione
1942 882 2062 938 fore

473 994 539 1040 ut
574 984 643 1040 ad
677 984 965 1054 antiquam
1006 981 1159 1037 illam
1188 980 1511 1053 dignitatem
1555 978 1766 1043 redeat,
1812 976 1918 1031 nisi
1958 990 2063 1046 per

475 1078 758 1135 Christum
788 1075 965 1133 solum
990 1114 1006 1141 ,
1038 1072 1272 1145 abjectis
1310 1071 1420 1127 illis
1454 1071 1731 1143 legalibus
1772 1067 2057 1123 institutis.

476 1166 667 1236 Itaque
695 1164 962 1234 scriptum
989 1171 1107 1219 est:
1145 1180 1163 1214 ι
1200 1161 1339 1228 Quia
1356 1161 1557 1217 diebus
1579 1159 1772 1215 multis
1787 1157 2063 1214 sedebunt

476 1254 576 1310 ﬁlii
612 1253 777 1309 Israel
808 1254 928 1308 sine
949 1268 1097 1324 rege,
1126 1252 1253 1308 sine
1284 1251 1559 1323 principe,
1599 1249 1723 1305 sine
1765 1246 2058 1314 sacriﬁcio,

477 1346 597 1402 sine
622 1346 801 1410 altari,
824 1345 943 1401 sine
975 1343 1303 1409 sacerdotio,
1334 1341 1456 1398 sine
1479 1339 2018 1396 manifestationibus
2044 1356 2058 1392 :

476 1446 533 1492 et
561 1444 686 1507 post
711 1436 828 1490 haec
853 1441 1204 1490 revertentur
1224 1432 1323 1488 ﬁlii
1351 1431 1541 1497 Israel,
1567 1439 1624 1487 et
1655 1438 1904 1501 quaerent
1955 1431 2063 1486 Do-

477 1529 691 1583 minum
716 1528 891 1582 Deum
918 1541 1103 1591 suum,
1136 1533 1194 1580 et
1210 1524 1382 1581 David
1410 1538 1597 1596 regem
1628 1538 1816 1589 suum,
1853 1531 1910 1578 et
1947 1529 2063 1578 stu—

476 1620 688 1692 pcbunt
713 1618 768 1673 in
798 1617 1030 1673 Domino
1061 1625 1119 1672 et
1174 1616 1232 1671 in
1264 1614 1428 1671 bonis
1453 1615 1596 1686 ejus,
1653 1613 1710 1669 in
1755 1612 2061 1669 novissimo

478 1711 569 1766 die
603 1710 671 1764 ⁷⁸.
724 1729 743 1761 ι
783 1708 922 1765 Cum
945 1708 1093 1764 enim
1132 1706 1423 1780 plenitudo
1449 1706 1700 1778 gentium
1740 1706 2057 1774 intraverit,

2160 514 2310 567 ἔστιν
2338 512 2670 584 ἀμφιϐαλεῖν
2689 529 2704 578 ;

2230 600 2445 659 ΠΛΛΛ.
2472 596 2713 658 δἨκιστά.
2744 618 2831 671 γε.

2231 698 2396 754 ΚΥΡ.
2438 695 2904 769 ’Λπολισθήσαντα
2926 694 2984 748 δὲ
3011 694 3108 765 τῆς
3134 690 3272 764 πρὸς
3299 691 3461 745 αὐτὸν
3484 691 3746 763 οἰκειότη-

2161 806 2254 856 τος
2298 789 2391 845 τὸν
2449 787 2686 860 Ἰσραὴλ,
2737 786 2858 841 ἐπεί
2887 802 2969 840 τοι
3002 784 3100 856 τὴν
3133 784 3314 837 πίστιν
3353 783 3415 836 οὐ
3457 784 3744 854 προσηκά-

2165 899 2344 954 μενος,
2375 881 2477 936 οὐκ
2497 880 2637 951 ἔγνω
2666 880 2800 935 Θεδν
2820 919 2836 946 ,
2866 880 2966 951 ούχ
3010 878 3211 949 ἑτέρως
3243 874 3538 946 ἐπανήξειν
3565 877 3647 939 εἱς
3683 875 3747 929 τὸ

2160 970 2419 1043 ἀπαρχῆς
2446 967 2507 1025 εὖ
2535 970 2681 1041 μάλα
2704 969 2891 1040 φησὶν,
2915 967 3053 1039 πλὴν
3079 968 3160 1021 ὅτι
3182 965 3269 1020 διὰ
3290 965 3456 1036 μόνου
3481 963 3745 1037 Χριστοῦ,

2160 1061 2543 1132 καταλήξαντα
2573 1059 2684 1114 τῶν
2714 1059 2854 1114 ἐθῶν
2878 1057 2985 1113 τῶν
3011 1057 3151 1112 κατὰ
3183 1057 3368 1128 νόμον.
3403 1056 3745 1125 Γέγραπται,

2157 1153 2217 1207 δὲ
2244 1149 2350 1209 αὖθι
2373 1172 2391 1204 ι
2425 1153 2572 1207 Διότι
2598 1151 2813 1224 ήμέρας
2843 1149 3044 1213 πολλὰς
3075 1148 3389 1204 καθίσονται
3413 1148 3464 1201 οἱ
3493 1148 3599 1202 υἱοὶ
3643 1149 3746 1201 Ἰσο

2164 1246 2322 1319 ραὴλ,
2351 1247 2452 1299 οὐκ
2485 1245 2635 1309 ὄντος
2677 1244 3066 1316 θυσιαστηρίου
3086 1282 3102 1308 ,
3136 1242 3259 1297 ούδέ
3306 1242 3599 1314 ἱερατείας,
3626 1241 3746 1296 οὐδὲ

2136 1339 2359 1412 -δήλωψ
2386 1340 2483 1394 καὶ
2509 1338 2650 1410 μετὰ
2676 1336 2849 1391 ταῦτα
2876 1335 3295 1409 ἐπιστρέφουσιν
3318 1336 3368 1389 οί
3391 1336 3500 1388 υἱοὶ
3532 1334 3746 1405 Ἰσραὴλ

2161 1430 2256 1484 καὶ
2278 1429 2671 1502 ἐπιζητήρουσι
2698 1428 2904 1500 Κύριον
2928 1429 3019 1481 τὸν
3048 1428 3181 1482 Θεὸν
3215 1425 3419 1491 αὐτῶν,
3452 1424 3547 1478 καὶ
3582 1423 3746 1477 Δαϐὶδ

2160 1523 2251 1575 τὸν
2280 1521 2512 1593 βασιλέα
2543 1520 2746 1588 αὐτῶν,
2790 1520 2884 1577 καὶ⁸
2912 1520 3271 1592 ἐκστήσονται
3298 1519 3392 1572 ἐπὶ
3425 1517 3503 1589 τῷ
3531 1515 3743 1587 Κυρίῳ,

2162 1613 2259 1666 καὶ
2282 1611 2376 1665 ἐπὶ
2409 1612 2523 1675 τοῖς
2561 1610 2788 1679 ἀγαθοῖς
2818 1606 2984 1665 αὑτοῦ
3015 1609 3102 1664 ἐπ’
3133 1610 3381 1681 ἐσχάτων
3407 1603 3615 1663 τούτων
3637 1605 3745 1660 τῶν

2160 1702 2406 1775 ἡμερῶν.
2433 1721 2457 1755 ›
2494 1704 2663 1759 Ὅταν
2696 1702 2805 1775 γὰρ
2848 1703 2910 1757 τὸ
2951 1703 3224 1774 πλήρωμα
3271 1701 3381 1756 τῶν
3415 1701 3585 1757 ἐθνῶν
3631 1703 3746 1755 εἰσ-

390 1820 395 1825 ’
479 1809 615 1857 tunc
636 1800 819 1856 omnis
848 1799 1011 1855 Israel
1040 1797 1380 1865 salvabitur;
1407 1797 1505 1853 sed
1538 1796 1596 1851 in
1610 1795 1834 1852 Christo
1854 1804 2058 1864 tamen,

2172 1795 2331 1870 ἔλθῃ,
2383 1795 2506 1850 τότε
2548 1797 2656 1861 πᾶς
2716 1794 2936 1869 Ἰσραὴλ
2983 1794 3310 1867 σωθήσεται·
3343 1793 3486 1866 πλὴν
3532 1796 3589 1847 ἐν
3617 1793 3751 1864 Χρι-

479 1892 577 1966 qui
620 1892 924 1963 appellatus
955 1899 1040 1947 est
1077 1890 1272 1957 David,
1327 1889 1477 1962 quod
1514 1905 1583 1946 ex
1634 1890 1844 1947 semine
1886 1890 1961 1946 sit
2007 1900 2065 1948 et

480 1983 629 2039 tribu
660 1982 853 2038 David.
882 1982 1018 2039 Esse
1069 1982 1203 2039 item
1250 1981 1369 2054 ipsa
1392 1997 1614 2053 quoque
1644 1998 1713 2037 ex
1739 1982 1861 2054 lege
1890 1982 2065 2039 sacri-

480 2076 605 2133 ﬁcia
629 2076 890 2143 tollenda,
925 2075 1211 2132 conﬁrmat
1245 2090 1349 2146 per
1372 2074 1581 2132 Joelem
1629 2074 1857 2133 dicens:
1906 2094 1925 2128 ι
1954 2075 2064 2133 Aea-

482 2168 765 2241 eingimini
795 2177 853 2224 et
883 2167 1146 2239 plangite,
1188 2167 1536 2234 sacerdotes;
1558 2166 1936 2222 lamentamini
1970 2166 2067 2237 qui

480 2258 807 2314 ministratis
832 2257 991 2313 altari
1029 2256 1283 2324 Domini;
1319 2255 1696 2328 ingredimini,
1746 2256 1983 2312 dormite
2011 2256 2068 2311 in

482 2349 678 2415 saccis,
703 2348 1080 2406 ministrantes
1104 2348 1254 2414 Deo;
1289 2348 1422 2418 quia
1454 2346 1660 2403 defecit
1691 2347 1761 2404 de
1788 2348 1952 2404 domo
1967 2346 2068 2403 Dei

480 2440 649 2495 vestri
697 2438 1028 2495 sacriﬁcium
1086 2446 1143 2495 et
1180 2438 1379 2494 libatio
1425 2439 1493 2494 ".
1539 2457 1560 2492 ι
1602 2439 1673 2495 Et
1723 2439 1925 2496 iterum
1968 2455 2071 2510 per

480 2518 736 2586 eumdem
760 2531 1117 2602 prophetam:
1152 2549 1171 2581 ι
1192 2529 1490 2597 sublatum
1525 2537 1612 2587 est
1647 2530 1979 2586 sacriﬁcium
2013 2539 2071 2586 et

481 2623 673 2679 libatio
723 2622 793 2679 de
842 2622 1006 2677 domo
1056 2620 1312 2688 Domini;
1359 2620 1566 2691 lugete,
1603 2620 1936 2687 sacerdotes,
1967 2621 2071 2676 mi~

482 2714 644 2769 nistri
674 2714 895 2769 Domini
923 2715 989 2767 ".
1031 2732 1049 2766 ›
1080 2712 1165 2768 Ad
1197 2713 1321 2769 haec
1344 2712 1527 2786 ipsum
1557 2728 1780 2785 quoque
1811 2712 2069 2768 taberna-

485 2805 672 2859 culum
701 2803 818 2860 fore
838 2810 900 2859 ut
927 2820 958 2859 e
984 2803 1169 2860 medio
1194 2805 1507 2871 tolleretur,
1553 2803 1834 2875 pollicitus
1870 2812 1955 2859 est
1982 2804 2071 2860 his

484 2897 705 2953 verbis:
737 2916 755 2948 ι
784 2896 995 2963 Eterit,
1019 2896 1065 2951 si
1092 2896 1445 2967 multiplicati
1467 2895 1706 2963 fueritis,
1738 2904 1795 2952 et
1823 2895 2066 2952 creveri-

486 2987 560 3045 tis
587 3004 756 3061 super
813 2996 1038 3056 terram,
1086 2987 1222 3043 dicit
1264 2988 1552 3056 Dominus,
1600 2987 1659 3043 in
1713 2986 1911 3043 diebus
1936 2986 2067 3054 illis,

486 3096 601 3139 non
616 3081 803 3137 dicent
824 3080 999 3136 ultra:
1029 3080 1172 3136 Area
1196 3081 1513 3137 testamenti
1539 3079 1716 3135 sancti
1762 3079 1928 3135 Israel
1958 3094 2071 3135 non

488 3174 753 3232 ascendet
776 3174 834 3230 in
859 3189 975 3241 cor,
1006 3189 1191 3245 neque
1222 3173 1624 3240 nominabitur,
1658 3187 1842 3244 neque
1876 3172 2070 3228 visita-
2097 3147 2142 3207 θ

490 3264 661 3334 b'itur,
699 3282 883 3339 neque
907 3265 1001 3323 ﬁet
1035 3267 1177 3323 ultra
1204 3266 1270 3322 ⁷⁸.
1308 3286 1327 3320 ι
1365 3265 1595 3323 Sublato
1636 3280 1876 3337 namque
1908 3264 2072 3336 peni-

492 3367 578 3413 tus
594 3357 775 3430 typico
804 3366 1145 3427 emeatoque
1171 3356 1460 3423 sacriﬁcio,
1479 3356 1880 3423 necessarium,
1899 3371 2074 3428 prope

432 3469 441 3477 ι
490 3446 747 3513 dixerim,
775 3448 900 3513 fuit,
931 3447 1100 3507 etiam
1131 3448 1313 3518 ipsum
1347 3448 1467 3503 tolli
1494 3447 1564 3504 de
1601 3447 1789 3504 medio
1813 3448 2076 3505 taberna-

491 3537 715 3604 culum;
746 3538 951 3609 quippe
967 3552 1095 3594 cum
1124 3538 1313 3594 verius
1351 3539 1488 3595 illud
1513 3555 1582 3596 ex
1601 3539 1837 3596 adverso
1863 3539 2076 3597 excita-

494 3638 612 3684 tum
671 3638 839 3697 esset,
898 3629 955 3685 id
1006 3639 1111 3697 est,
1167 3630 1437 3698 Ecclesia,
1473 3631 1543 3688 de
1609 3648 1721 3703 qua
1776 3632 1894 3705 ipse
1927 3631 2077 3688 idem

492 3719 748 3776 Christus
762 3722 857 3788 ait,
885 3741 903 3774 ι
925 3722 1028 3779 Ηίο
1055 3723 1336 3791 habitabo,
1361 3725 1623 3795 quoniam
1645 3725 1785 3797 elegi
1803 3740 1926 3781 eam
1945 3725 2023 3779 ".
2051 3743 2070 3776 ι

492 3810 612 3867 Jam
651 3827 783 3868 vero
811 3813 1021 3868 cultum
1054 3814 1210 3869 illum
1254 3815 1660 3871 immutandum
1696 3815 1889 3882 fuisse,
1913 3822 1970 3872 et
2020 3815 2078 3871 in

495 3905 781 3960 meliorem
806 3905 1040 3961 formam
1086 3905 1545 3973 transferendum,
1564 3907 1622 3962 in
1653 3923 1801 3974 eum,
1829 3907 2077 3978 inquam,

378 4001 387 4009 '
495 3995 727 4062 cultum,
780 3996 876 4066 qui
927 3996 985 4050 in
1043 3994 1263 4052 Christo
1289 3996 1602 4063 exhibetur,
1651 4013 1715 4053 ac
1751 4013 1926 4053 novus
1970 4005 2077 4065 est,

498 4085 854 4160 perspicuum
900 4086 996 4144 ﬁet
1026 4087 1095 4144 iis
1121 4086 1309 4144 verbis
1333 4103 1456 4159 quae
1483 4088 1555 4143 de
1576 4088 1690 4145 Deo
1718 4089 1938 4160 scripsit
1963 4089 2079 4145 lla-

497 4180 726 4249 lachias,
789 4200 808 4234 ι
864 4182 935 4237 Et
976 4180 1236 4253 purgabit
1275 4180 1418 4237 ﬁlios
1467 4179 1623 4247 Levi,
1657 4188 1715 4236 et
1754 4180 1949 4238 fundet
1985 4196 2082 4238 eos

496 4274 650 4329 velut
686 4288 885 4329 aurum
924 4282 982 4329 et
1020 4272 1174 4329 velut
1209 4280 1497 4345 argentum
1538 4280 1636 4328 :et
1653 4280 1815 4330 erunt
1850 4274 2082 4330 Domino

496 4363 796 4419 oﬁ'erentes
835 4361 1168 4419 sacriﬁcium
1212 4362 1271 4418 in
1315 4362 1568 4434 iustitia,
1599 4370 1658 4419 et
1696 4362 1934 4433 placebit
1968 4364 2083 4420 Deo

2168 1888 2298 1960 στῷ·
2340 1889 2760 1961 κατωνόμασται
2806 1888 2864 1941 δὲ
2895 1888 3063 1942 Δαϐἱδ
3096 1887 3184 1942 διὰ
3228 1887 3290 1941 τὸ
3332 1888 3396 1940 ἐκ
3432 1887 3752 1957 σπέρματος

2160 1976 2307 2036 εἷναι
2338 1983 2432 2035 καὶ
2473 1982 2538 2035 ἐκ
2569 1980 2743 2051 φυλῆς
2786 1980 2880 2034 τοῦ
2920 1980 3104 2036 Δαϐίδ.
3160 1978 3647 2051 Ἀναιρεθήσεσθαι
3694 1977 3752 2032 δὲ

2170 2076 2265 2130 καὶ
2286 2056 2457 2139 αὐτὰς
2474 2073 2574 2139 τὰς
2595 2073 2739 2128 κατὰ
2767 2072 2930 2144 νόμον
2957 2072 3148 2137 Θυσίας
3173 2070 3540 2126 διεϐεϐαιοῦτο
3565 2070 3750 2141 σαφῶς

2167 2164 2257 2218 διὰ
2294 2163 2446 2236 Ἰωὴλ
2474 2163 2651 2233 λέγων
2682 2181 2696 2194 ·
2748 2182 2767 2216 ι
2806 2161 3196 2236 Περιζώσασθε
3249 2162 3346 2217 καὶ
3394 2160 3662 2216 κόπτεσθε
3702 2162 3751 2215 οἱ

2171 2257 2373 2327 ἱερεῖς,
2445 2255 2696 2328 θρηνεῖτε
2724 2256 2774 2309 οἱ
2838 2255 3284 2328 λειτουργοῦντες
3344 2254 3749 2326 θυσιαστηρίῳ,

2169 2346 2478 2415 εἱσέλθετε,
2536 2347 2824 2401 ὐπνώσατε
2884 2349 2944 2401 ἐν
3015 2348 3240 2411 σάκκοις
3306 2346 3750 2420 λειτουργοῦντες

2170 2440 2311 2512 Θεῷ·
2352 2441 2436 2496 ὅτι
2467 2441 2769 2512 ἀπέσχικεν
2804 2439 2863 2507 ἐξ
2912 2438 3061 2495 οἴκου
3091 2438 3225 2493 θεοῦ
3265 2440 3421 2511 ὑμῶν
3469 2439 3633 2495 θυσία
3659 2439 3753 2494 καὶ

2174 2532 2399 2604 σπονδή.
2421 2551 2439 2584 ι
2463 2533 2576 2588 Καὶ
2596 2533 2757 2587 πάλιν
2780 2533 2852 2588 δι’
2876 2532 3044 2587 αὐτοῦ
3063 2532 3158 2587 τοῦ
3186 2534 3494 2605 προφήτοψ
3522 2552 3542 2586 ι
3564 2532 3755 2607 Ἐξῆρ-

2172 2643 2262 2681 ται
2301 2625 2461 2680 θυσία
2504 2626 2598 2680 καὶ
2640 2626 2840 2698 σπονδή
2877 2625 2938 2691 ἐξ
2966 2625 3117 2680 οἴκου
3153 2625 3386 2700 Κυρίου·
3427 2626 3675 2680 πενθεῖτε
3705 2627 3752 2680 οἱ

2172 2721 2338 2790 ἱερεῖς
2368 2718 2812 2790 λειτουργοῦντες
2857 2718 2936 2792 τῷ
2978 2718 3373 2792 θυσιαστηρίῳ.
3408 2739 3442 2773 .r
3480 2720 3592 2776 Καὶ
3622 2721 3755 2793 πρός

2172 2827 2239 2881 γε
2282 2810 2347 2882 δὴ
2376 2809 2616 2876 τούτοις,
2644 2809 2742 2867 καὶ⁷
2769 2808 2940 2883 αὐτὴν
2980 2811 3045 2864 ἐκ
3086 2810 3252 2882 μέσου
3290 2811 3619 2883 γενήσεσθαι
3660 2811 3758 2884 τὴν

2179 2904 2386 2977 σκηνὴν
2413 2902 2747 2974 ὑπισχνεῖτο,
2769 2901 2965 2971 λέγων’
2995 2921 3015 2955 ι
3049 2899 3159 2957 Καὶ
3188 2900 3364 2968 ἔσται,
3396 2903 3493 2957 ἐὰν
3523 2902 3759 2974 πληθυν-

2172 2991 2308 3068 θῆτε
2330 3035 2345 3062 ,
2389 2995 2485 3051 καὶ
2522 2992 2796 3067 αὐξηθῆτε
2825 2995 2921 3047 ἐπὶ
2949 2994 3049 3066 τῆς
3091 2994 3217 3066 γῆς,
3248 2994 3396 3064 λέγει
3430 2994 3666 3068 Κύριος,
3701 2997 3759 3051 ἐν

2172 3091 2293 3153 ταῖς
2329 3087 2568 3159 ἡμέραις
2597 3084 2837 3151 ἐκείναις
2867 3085 2968 3139 οὐκ
2988 3084 3207 3157 ἐροῦσιν
3234 3085 3338 3152 ἐτι,
3373 3085 3622 3151 Κιϐωτὸς
3648 3087 3761 3143 διαμ-

2174 3179 2348 3252 θήκης
2400 3176 2611 3249 Κυρίου
2661 3159 2820 3246 ἁγίου
2876 3173 3095 3248 Ἰσραήλ
3136 3175 3236 3230 οὐκ
3289 3175 3625 3249 ἀναϐήσεται
3669 3174 3769 3233 ἐπὶ

2174 3272 2424 3345 καρδίαν,
2454 3270 2579 3326 οὐδὲ
2618 3267 3080 3341 όνομασθήσεται,
3111 3269 3233 3322 οὺδέ
3276 3268 3762 3340 ἐπισκεφθήσεται,

2175 3364 2271 3420 καὶ
2300 3364 2361 3418 ού
2387 3362 2748 3434 ποιηθήσεται
2776 3360 2880 3415 ἔτι.
2925 3380 2944 3414 ι
2998 3361 3517 3435 Ἀνατετραμμένης
3544 3361 3657 3432 γὰρ
3681 3362 3760 3427 είς

2174 3457 2237 3512 τὸ
2266 3455 2526 3518 παντελὲς
2563 3453 2662 3526 τῆς
2696 3453 2756 3506 ἐν
2796 3451 2989 3517 τύποις
3021 3451 3104 3505 ἐτι
3141 3453 3236 3506 καὶ
3268 3452 3337 3505 δι’
3368 3452 3620 3525 αἱμάτων
3663 3452 3761 3507 θυ-

2178 3547 2321 3611 σίας,
2354 3543 2570 3615 ἀνάγκη
2601 3560 2719 3606 πως
2745 3538 2835 3615 ἦν,
2866 3542 2963 3596 καὶ
2989 3540 3162 3613 αὐτὴν
3195 3543 3262 3597 ἐκ
3293 3542 3465 3613 μέσου
3491 3543 3761 3598 ποιεῖσθαι

2177 3639 2278 3710 τὴν
2309 3635 2534 3706 σκηνὴν,
2568 3632 2665 3687 ἆτε
2701 3632 2768 3705 δὴ
2801 3632 2901 3704 τῆς
2948 3631 3318 3706 ἀληθεστέρας
3349 3634 3761 3708 ἀντεγηγερμέε

2178 3746 2277 3801 νης
2295 3771 2310 3797 ,
2332 3727 2477 3782 τοῦτ’
2511 3726 2659 3792 ἐστι,
2687 3725 2787 3796 τῆς
2830 3724 3178 3796 Ἐκκλησίας,
3212 3725 3353 3797 ὑπὲρ
3380 3722 3449 3800 ἦς
3478 3728 3573 3781 καὶ
3600 3727 3762 3791 αὐτὸς

2178 3822 2286 3893 εφη
2308 3818 2564 3893 Χριστός·
2604 3836 2623 3870 ι
2654 3811 2784 3871 Ὧδε
2813 3817 3143 3888 κατοικήσω,
3178 3817 3261 3870 ὅτι
3295 3816 3641 3891 ᾑρετισάμην
3668 3818 3763 3872 αὐ-

2178 3910 2302 3981 τήν.
2342 3928 2362 3962 ι
2389 3908 2500 3963 Καὶ
2536 3908 2619 3961 ὅτι
2647 3906 3159 3979 μεταχωρήσεικαὶ
3199 3908 3602 3980 μεταστήσεται
3630 3905 3765 3981 πρὸς

2179 3998 2242 4055 τὸ
2270 4001 2493 4072 ἄμεινον
2523 3999 2623 4069 τῆς
2655 3996 2910 4069 λατρείας
2941 3999 2971 4050 ὁ
3006 3997 3204 4069 τρόπος
3242 3997 3381 4069 πρὸς
3404 3997 3505 4070 τήν
3534 4000 3594 4053 ὲν
3626 4001 3765 4073 Χρι-

2184 4089 2295 4163 στῷ
2318 4091 2412 4144 καὶ
2437 4089 2586 4154 νέαν,
2613 4089 2782 4157 σαφὲς
2806 4087 2873 4143 ἂν
2898 4087 3130 4158 γένοιτο,
3150 4087 3453 4161 γράφοντος
3477 4090 3611 4162 ήμΐν
3638 4078 3768 4165 περὶ

2182 4181 2322 4238 Θεοῦ
2346 4180 2440 4237 τοῦ
2461 4180 2768 4252 Μαλαχὶου·
2799 4198 2819 4233 ι
2858 4179 2971 4234 Καὶ
2991 4179 3250 4252 καθαριεῖ
3275 4182 3402 4245 τοὺς
3435 4183 3584 4247 υἱοὺς
3609 4180 3765 4252 Acut,

2183 4276 2281 4332 καὶ
2308 4276 2424 4348 χεεί
2450 4274 2538 4328 ἐπ’
2569 4273 2766 4337 αὐτοὺς
2795 4271 2986 4344 ὥσπερ
3012 4270 3074 4328 τὸ
3096 4273 3341 4345 χρυσίον,
3369 4275 3464 4329 καὶ
3490 4273 3569 4338 ὡς
3594 4274 3767 4345 ams-

2186 4384 2320 4443 ριον·
2343 4368 2440 4423 καὶ
2474 4366 2689 4422 ἔσονται
2734 4365 2814 4437 τῷ
2850 4365 3040 4439 Κυρίῳ
3077 4365 3447 4438 προσάγοντες
3480 4364 3675 4422 θυσίαν
3707 4369 3769 4423 ἐν

496 4455 829 4511 sacriﬁcium
850 4456 1011 4523 Juda,
1040 4464 1097 4513 et
1125 4455 1453 4523 Jerusalem,
1477 4456 1623 4512 sicut
1648 4455 1767 4512 dies
1788 4456 1992 4523 saeculi,
2022 4465 2071 4513 el

2183 4459 2520 4531 δικαιοσύνῃ,
2552 4458 2649 4514 καὶ
2691 4457 2880 4531 ἁρέσει
2923 4456 3002 4529 τῷ
3029 4456 3148 4528 Θεῷ
3177 4457 3212 4529 ή
3246 4456 3407 4512 θυσία
3448 4456 3640 4523 Ἰούδα,
3672 4460 3769 4514 καὶ

499 4547 643 4601 sicut
666 4547 796 4602 anni
833 4547 1048 4618 priores
1070 4548 1138 4603 ⁸ο.
1180 4567 1198 4599 ι
1230 4547 1497 4621 Intelligis
1531 4547 1703 4621 igitur
1724 4548 2082 4619 quemadmo-

499 4637 632 4693 dum
684 4639 857 4694 veluti
908 4655 1107 4696 novam
1155 4640 1556 4712 propemodum
1618 4639 1964 4696 reensionem
2015 4655 2081 4695 ac

501 4730 946 4787 reformationem
968 4732 1264 4789 sacerdotii
1292 4733 1455 4790 simul
1482 4739 1649 4804 atque
1681 4731 2079 4786 sacriﬁciorum

501 4820 742 4875 futuram
770 4821 944 4876 dicit?
2014 4830 2019 4835 ‘

577 4910 778 4966 PALL.
814 4911 1094 4983 Intelligo.
1629 4990 1637 4999 ο

570 5001 728 5059 CYR.
764 5002 875 5077 60
896 5002 1010 5059 Hoc
1034 5002 1183 5058 enim
1206 5004 1458 5071 verbum,
1485 5005 1686 5075 fundet,
1716 5010 1792 5070 et,
1819 5004 2083 5076 purgabit,

2196 4551 2574 4624 Ἰερουσαλὴμ,
2599 4549 2785 4614 καθὼς
2808 4551 2842 4622 ή
2870 4548 3055 4623 ήμέρα
3079 4546 3175 4603 τοῦ
3207 4548 3425 4616 αἱῶνος,
3457 4551 3553 4605 καί
3581 4550 3769 4616 καθὼς

2183 4644 2252 4698 τὰ
2280 4643 2376 4714 ἐτη
2405 4642 2475 4696 τὰ
2500 4640 2830 4714 ἔμπροσθεν.
2868 4660 2888 4695 ι
2923 4639 3120 4711 Συνίης
3144 4638 3209 4712 δή
3229 4634 3343 4707 οῦν,
3372 4640 3452 4694 ὅτι
3484 4642 3768 4712 μονονουχὶ

2189 4734 2618 4808 μεταχάλκευσίν
2647 4750 2772 4788 τινα
2812 4732 2908 4786 καὶ
2955 4732 3317 4806 ἀναπλασμὸν
3370 4733 3673 4807 ἱερωσύνης
3706 4749 3766 4787 τε

2187 4824 2305 4895 ἅμα
2331 4824 2424 4877 καὶ
2446 4822 2645 4877 θυσιῶν
2677 4821 2897 4875 ἔσεσθαί
2925 4838 3091 4892 (pnas;

2256 4915 2466 4969 ΠΑΛΛ.
2492 4914 2747 4986 Συνίημι.

2254 5007 2422 5061 ΚΥΡ.
2458 5006 2531 5060 Τὸ
2574 5006 2684 5079 γάρ
2720 5023 2824 5071 τοι,
2859 5006 2992 5077 χεεῒ
3028 5005 3121 5061 καὶ
3148 5009 3481 5078 καθαρίσει,
3515 5010 3765 5086 καθάπερ

502 5098 659 5168 quasi
692 5097 760 5153 de
782 5112 917 5154 auro
942 5104 1106 5168 atque
1133 5095 1359 5152 auriﬁce
1389 5096 1620 5164 dictum,
1649 5112 1831 5153 nonne
1853 5097 1921 5153 ad
1946 5098 2071 5152 ham

2184 5097 2278 5150 ἐπὶ
2314 5095 2517 5168 χρυσοῦ
2545 5113 2606 5149 τε
2633 5097 2728 5149 καὶ⁵
2759 5092 3103 5168 χρυσουργοῦ
3149 5098 3495 5170 λελεγμένον,
3520 5098 3611 5175 ἆρ’
3645 5104 3768 5176 οὐχὶ
3848 5132 3857 5143 -

503 5206 605 5247 nos
642 5191 1065 5264 intelligentiam
1111 5188 1311 5246 ducit?

575 5283 770 5338 PALL.
794 5285 1025 5341 Maxime
1050 5299 1202 5339 vero.

573 5374 730 5430 CYR.
769 5376 935 5448 Atqui
968 5378 1311 5433 inearnatum
1347 5373 1589 5430 Verbum
1621 5371 1890 5444 ejusmodi
1920 5371 2083 5442 quid-

508 5466 652 5535 piam
687 5465 1011 5523 eﬁ‘ecturum
1033 5484 1155 5524 esse
1171 5465 1523 5524 conﬁrmavit
1558 5465 1704 5520 Deus
1726 5463 1908 5528 Pater,
1956 5478 2082 5516 cum

508 5557 681 5613 dixit:
722 5576 740 5607 ι
778 5558 846 5613 Ει
868 5560 1050 5615 statim
1081 5560 1270 5617 veniet
1296 5559 1366 5616 ad
1395 5556 1659 5629 templum
1679 5569 1841 5611 suum
1892 5554 2081 5610 Domi-

570 5736 614 5767 ”
641 5735 802 5807 Osce,
836 5753 913 5804 ιη,
936 5737 968 5792 4
997 5752 1115 5808 seq.
1180 5739 1229 5772 "
1251 5739 1390 5796 Joel.
1412 5755 1451 5805 ι,
1479 5738 1564 5793 IS.

1639 5738 1685 5770 "
1718 5733 1881 5800 lbid.,
1911 5732 1963 5786 9.
2044 5731 2091 5763 ⁷⁸
2114 5730 2228 5789 Jcr.
2264 5746 2342 5797 Ill,
2374 5731 2458 5786 16.

2186 5190 2324 5262 πρὸς
2350 5188 2511 5242 τοῦτο
2538 5188 2759 5243 ἐννοιῶν
2780 5189 2934 5259 ,ήμᾶς
2966 5188 3105 5244 ἱέναι
3138 5189 3390 5261 βούλεται
3414 5209 3429 5260 ;

2263 5282 2471 5337 ΠΑΛΛ.
2511 5282 2661 5336 Πάνυ
2694 5280 2793 5353 μὲν
2817 5276 2931 5336 οῦν.

2259 5366 2429 5422 ΚΥΡ.
2455 5369 2579 5423 Ὅτι
2607 5369 2715 5442 γὰρ
2759 5370 2955 5443 ἔμελλε
2984 5371 3190 5444 νοητῶς
3220 5372 3462 5428 τοιοῦτόν
3485 5392 3539 5428 τι
3566 5391 3768 5448 κατορ-

2191 5458 2339 5526 θοῦν,
2363 5462 2789 5534 ἐνανθρωπήσας
2806 5465 2835 5519 ὁ
2862 5465 3055 5535 Λόγος,
3082 5466 3577 5538 πεπληροφόρηκεν
3600 5467 3770 5521 εἰπὼν

2190 5555 2219 5607 ὁ
2241 5554 2371 5619 Θεὸς
2396 5556 2490 5610 καὶ
2510 5556 2723 5628 Πατὴρ,
2748 5556 2831 5611 ὅτι
2864 5575 2883 5609 ι
2928 5559 3218 5631 Ἐξαὶφνης
3243 5560 3364 5633 ἥξει
3396 5561 3476 5625 εξς
3512 5560 3604 5615 τὸν
3640 5560 3768 5617 ναλν

2535 5732 2580 5764 "
2609 5733 2753 5789 Psal.
2785 5751 2963 5802 cxxxl,
3006 5739 3089 5794 ll.
3134 5742 3179 5772 ⁸⁵
3221 5741 3427 5797 Μειιπὶι
3489 5757 3569 5803 nl.
3601 5742 3656 5799 3.
