4082 6304
270 339 383 400 229
1018 330 1111 389 DE
1142 328 1589 389 ADORATIONE
1622 327 1692 385 IN
1732 324 2004 387 Sl’lltlTU
2040 327 2129 384 ET
2160 328 2535 387 VERITATE.
2577 330 2706 388 LIB.
2754 332 2814 387 ll.
3460 334 3562 394 1'50

272 458 444 515 αὐτοῦ
469 455 698 528 Κύριος,
728 448 791 507 δν
821 452 979 525 ὑμεῖς
1014 453 1250 522 ζητεῖτε,
1286 451 1381 504 καὶ
1424 452 1453 503 ὁ
1490 450 1724 519 ἄγγελος
1765 450 1863 519 τῆς

1972 459 2147 516 nator,
2192 467 2359 522 quem
2392 468 2491 508 vos
2528 453 2797 523 quaeritis,
2841 438 3176 524 et‘Angelus
3219 459 3561 523 testamenti,

272 548 566 620 διαθήκης,
595 547 656 601 ὃν
700 545 858 617 ὑμεῖς
888 543 1093 597 θέλετε.
1142 542 1275 595 Ἰδοὺ
1305 541 1549 613 ἔρχεται,
1574 539 1724 608 λέγει
1752 539 1866 592 Κύ-

1972 558 2135 614 quem
2163 558 2261 599 vos
2288 545 2477 600 vultis.
2506 545 2650 601 Ecce
2672 544 2849 609 venit,
2882 543 3020 598 dicit
3057 543 3326 599 Dominus
3375 544 3560 600 omni-

277 659 394 713 ριος
422 637 845 709 παντοκράτωρ
874 635 970 688 καὶ
1002 634 1086 697 τίς
1115 633 1378 704 ὑπομενεῖ
1407 632 1623 703 ἡμέραν
1655 631 1864 684 είσόδου

1972 630 2184 708 potens,
2216 644 2274 692 et
2298 638 2427 708 quis
2450 638 2759 694 sustinebit
2786 637 2935 694 diem
2978 637 3264 710 ingressus
3278 638 3441 707 ejus?
3462 650 3562 695 aut

275 729 483 797 αὑτοῦ;
530 729 566 800 ἢ
607 728 693 791 τίς
736 726 1098 796 ὑποστήσεται
1151 725 1211 778 ἐν
1249 726 1316 795 τῇ
1371 723 1609 794 ὀπτασίᾳ
1657 721 1864 787 αὐτοῦ;

1972 727 2094 797 quis
2126 727 2400 785 subsistet
2428 728 2487 784 in
2513 728 2730 785 visione
2746 729 2906 801 ejus?
2932 729 3064 800 quia
3108 732 3228 800 ipse
3250 729 3581 811 ingreditur

268 823 414 876 διότι
447 820 610 885 αὐτὸς
653 816 1037 889 εἰσπορεύεται
1063 815 1138 880 ὼς
1203 815 1315 888 πῦρ
1352 813 1741 886 χωνευτηρίου,
1773 813 1868 866 καὶ

1972 818 2129 888 quasi
2150 819 2296 891 ignis
2323 819 2658 888 conﬂatorii,
2703 830 2762 877 et
2813 823 2971 893 quasi
3000 821 3176 878 herba
3230 823 3561 888 lavantium,

266 915 355 978 ὡς
410 912 519 965 πόα
578 912 909 964 πλυνόντων.
963 908 1076 963 Καὶ
1138 907 1411 962 καθιεῖται
1459 906 1713 978 χωνεύων
1773 904 1869 959 καὶ

1972 917 2022 965 et
2060 910 2279 966 sedebit
2314 911 2565 969 conﬁans
2592 921 2652 969 et
2677 913 2986 969 emundans
3009 913 3156 969 sicut
3183 924 3475 986 argentum
3501 924 3557 972 et

276 1008 593 1080 καθαρίζων
629 998 718 1069 ὡς’
750 1004 814 1058 τὸ
858 1005 1125 1076 ἀργύριον
1156 1047 1173 1070 ,
1222 1004 1318 1057 καὶ
1359 1002 1439 1065 ὡς
1483 1003 1546 1056 τὺ
1592 1002 1871 1074 χρυσίονί

277 1100 651 1171 καινουργίαν
683 1094 777 1152 οὖν
809 1097 918 1168 ἄρα
939 1097 1031 1149 καὶ
1064 1094 1424 1165 ἀναπλασμόν
1437 1095 1535 1165 τῆς
1564 1093 1865 1164 ἱερωσύνης

280 1194 503 1247 ἔσεσθαί
535 1206 699 1260 φησιν
720 1206 733 1220 ο
770 1193 864 1243 καὶ
892 1189 983 1242 τόν
1022 1206 1086 1257 γε
1118 1188 1219 1258 τῆς
1251 1185 1596 1256 λειτουργίας
1641 1186 1864 1255 τρόπον,

279 1286 381 1355 οὐχ
413 1283 600 1355 ἕτερον
624 1300 677 1335 τι
720 1281 1106 1353 παραδεικνὺς,
1149 1278 1288 1350 πλὴν
1314 1279 1418 1343 ὅτι,
1448 1279 1602 1331 τουτὶ
1630 1277 1866 1343 Χριστοῦ

279 1375 604 1445 μυστήριον.
646 1372 792 1441 Ἔφη
849 1370 1012 1423 πάλιν
1057 1369 1146 1422 διὰ
1183 1366 1369 1437 φωνῆς
1433 1365 1696 1436 Ἱεζεκιὴλ
1738 1366 1867 1437 περὶ

273 1466 389 1518 τῶν
426 1463 681 1535 ίερῶσθαι
729 1460 1187 1533 κεκληρωμένων·
1244 1476 1263 1511 ι
1316 1453 1475 1514 Οὗτοι
1529 1456 1867 1531 προσάξουσι

276 1559 417 1630 πρὶς
440 1557 506 1628 μὲ
525 1556 618 1611 τοῦ
642 1555 973 1625 λειτουργεῖν
1000 1570 1110 1624 μοι,
1141 1552 1236 1606 καὶ
1261 1553 1547 1623 στήσονται
1572 1551 1675 1623 πρὸ
1699 1564 1869 1622 προσ-

276 1650 432 1702 ώπου
480 1664 581 1718 μου
609 1646 705 1700 τοῦ
757 1644 1090 1716 προσφέρειν
1139 1659 1229 1713 μοι
1288 1640 1513 1706 θυσίαν,
1564 1642 1731 1713 στέαρ
1771 1643 1869 1697 καὶ

277 1735 444 1809 αἷμα,
487 1738 637 1806 λέγει
673 1736 876 1809 Κύριος
903 1738 932 1790 ό
964 1734 1115 1797 Θεός.
1168 1728 1329 1788 Οῦτοι
1368 1732 1765 1786 εἰσελεύσονται
1788 1735 1868 1796 είς

1966 1016 2165 1057 aurum
2206 1003 2273 1058 ⁸⁸.
2311 1023 2331 1056 ι
2366 1003 2782 1062 lnnovationem
2821 1020 2953 1077 ergo
3001 1006 3563 1079 reformationequ
3622 1016 3627 1019 ‘

1967 1094 2262 1150 sacerdotii
2293 1095 2538 1151 futuram
2564 1096 2727 1163 dicit,
2754 1106 2923 1168 atque
2958 1097 3139 1168 ipsam”
3162 1107 3313 1155 certe
3339 1100 3559 1155 colendi

1965 1184 2220 1251 formam,
2268 1202 2381 1241 non
2422 1187 2575 1243 aliud
2636 1188 2924 1259 quidpiam
2975 1189 3096 1245 fore
3135 1188 3345 1245 iudicat
3392 1206 3560 1261 quam

1967 1291 2208 1346 praesens
2235 1277 2439 1334 Christi
2470 1280 2814 1351 mysterium.
2849 1282 3064 1337 Rursus
3083 1296 3182 1352 per
3203 1282 3557 1338 Ezechielem

1968 1367 2199 1426 dixitde
2238 1370 2308 1426 iis
2365 1372 2460 1440 qui
2498 1371 2665 1432 electi
2698 1378 2974 1438 erant,'ut
3014 1374 3328 1430 sacerdotio
3360 1374 3559 1447 funge-

1967 1469 2161 1516 rentur
2190 1478 2205 1516 :
2236 1480 2255 1514 ι
2276 1462 2373 1518 Isti
2395 1463 2660 1520 accedent
2688 1465 2757 1519 ad
2784 1480 2894 1531 me,
2927 1473 2990 1520 ut
3031 1466 3350 1523 ministrent
3381 1468 3557 1536 mihi;

1966 1557 2024 1606 et
2056 1552 2283 1609 stabunt
2312 1561 2441 1609 ante
2466 1552 2668 1611 faciem
2688 1571 2889 1622 meam,
2915 1564 2977 1611 ut
3005 1556 3241 1612 oﬂ‘erant
3280 1558 3416 1613 mihi
3458 1559 3559 1614 ho-

1967 1640 2150 1708 stium,
2198 1641 2419 1713 adipem
2476 1651 2533 1699 et
2568 1645 2913 1714 sanguinem,
2946 1644 3083 1701 dicit
3109 1646 3560 1704 Dominus‘Deus.

1968 1732 2063 1787 lsti
2095 1733 2477 1805 ingredientur
2510 1736 2566 1790 in
2594 1745 2783 1792 sancta
2814 1752 2958 1803 mea,
2986 1745 3045 1794 et
3076 1739 3166 1793 isti
3195 1739 3462 1794 accedent
3487 1740 3560 1794 ad

275 1833 350 1886 τὰ
379 1831 511 1899 ἇγιά
542 1847 665 1901 μου,
698 1830 791 1882 καὶ
815 1822 962 1882 οὗτοι
988 1826 1440 1899 προσελεύσονταί
1468 1843 1558 1896 μοι
1600 1826 1736 1896 πρὸς
1768 1825 1865 1897 τὴν

1972 1840 2215 1880 mensam
2236 1842 2436 1893 meam,
2470 1835 2533 1881 ut
2560 1828 2878 1884 ministrent
2901 1828 2968 1882 ⁸⁸.
3000 1849 3019 1880 ι
3055 1829 3289 1900 Adipem
3320 1846 3485 1901 porro
3503 1839 3563 1886 et

276 1921 558 1993 τράπεζάν
590 1937 717 1990 μου,
737 1918 831 1972 τοῦ
855 1917 1188 1988 λειτουργεῖν
1221 1934 1332 1988 μοι.
1376 1937 1395 1970 ι
1433 1916 1542 1971 Καὶ
1574 1919 1738 1987 στέαρ
1770 1917 1867 1971 καὶ⁵

272 2012 424 2081 αἷμα
452 2016 546 2067 καὶ
578 2012 676 2076 τὰς
709 2011 803 2064 ἐπὶ
830 2012 897 2083 τῇ
931 2008 1183 2083 τραπέζῃ
1214 2009 1559 2079 λειτουργίας
1579 2048 1594 2074 ,
1626 2005 1714 2081 ἆρ’
1743 2011 1868 2081 οὐχὶ

278 2108 440 2175 φαῖεν
464 2106 530 2160 ἂν
560 2106 809 2170 είκότως,
832 2104 893 2156 τὸ
920 2100 1161 2175 Χριστοῦ
1208 2102 1508 2173 μυστήριον
1531 2118 1547 2167 ;

352 2200 561 2252 ﬂAAA.
600 2193 673 2251 Εὖ
703 2196 827 2264 λέγε
836 2213 904 2259 ις.

351 2290 517 2342 ΚΥΡ.
566 2286 979 2358 Ἀριδηλότατον
1016 2283 1074 2338 δὲ
1108 2285 1203 2338 καὶ
1245 2284 1409 2339 αὑτὸν
1447 2286 1579 2355 ἡμῖν
1615 2284 1708 2338 τὸν
1740 2302 1867 2340 και-

270 2381 398 2451 ρὸν,
415 2379 538 2433 καθ’
559 2380 618 2432 ὃν
646 2381 680 2442 ἡ
704 2369 921 2432 πάντων
939 2377 1032 2431 ἐπὶ
1050 2377 1111 2430 τὸ
1130 2376 1357 2448 ἄμεινον
1380 2376 1531 2430 ἔσται
1558 2377 1869 2449 μεταδρομὴ

275 2474 383 2542 τῆς
432 2470 792 2542 καινουργίας
831 2473 861 2523 ὁ
900 2470 1140 2540 τρόπος,
1183 2469 1357 2523 ἐποίει
1416 2468 1589 2538 λέγων
1640 2473 1669 2524 ὁ
1711 2472 1865 2534 Θεός’

276 2577 303 2612 ι
338 2559 450 2611 Καὶ
474 2558 625 2611 ἔσται
648 2558 759 2612 ἀπὸ
785 2560 883 2628 τῆς
904 2557 1117 2629 ἡμέρας
1144 2558 1244 2629 τῆς
1268 2559 1461 2629 ὀγδόης
1484 2560 1579 2612 καὶ
1607 2561 1869 2614 ἐπέκεινα

277 2653 601 2721 ποιήσουσιν
633 2651 683 2703 οἱ
726 2650 889 2722 ἱερεῖς
929 2649 1020 2703 ἐπὶ
1050 2648 1112 2702 τδ
1138 2649 1523 2722 θυσιαστήριον
1550 2650 1618 2705 τὰ
1644 2650 1869 2705 ὁλοκαυ-

275 2737 511 2807 ςώματα
563 2736 747 2806 ὑμῶν,
790 2737 994 2791 καὶτὰ
1064 2737 1159 2791 τοῦ
1213 2738 1724 2810 σωτηρίου.ὑμῶν,
1774 2741 1870 2794 καὶ

277 2828 648 2900 ⁴ιτροιῖδὲξομαι
684 2831 861 2901 ὑμᾶς,
890 2830 1038 2898 λέγει
1076 2829 1302 2901 Κύριος.
1341 2851 1361 2885 ο
1411 2832 1657 2906 Ἦμέραν
1691 2834 1747 2887 δὲ
1770 2834 1870 2905 τὴν

274 2922 471 2993 ὀγδόην
511 2922 604 2976 τὸν
633 2922 734 2993 τῆς
764 2921 861 2975 τοῦ
893 2923 1145 2994 Σωτῆρος
1179 2924 1337 2996 ἡμῶν
1376 2925 1724 2989 ἀναστάσεως
1754 2927 1869 2980 ὀνο-

274 3014 447 3085 μάζει
478 3013 693 3085 καιρόνο
718 3013 842 3068 καθ’
871 3013 931 3067 ὃν
955 3014 1023 3068 τὰ
1053 3014 1511 3084 ὁλοκαυτώματα,
1530 3014 1675 3069 τοῦτ’
1700 3015 1867 3082 ἐστιν,

274 3107 314 3177 ἡ
360 3105 545 3159 τελεία
595 3105 692 3159 καὶ
742 3105 1041 3177 ὁλοσχερὴς
1101 3106 1182 3168 εἰς
1227 3106 1358 3159 Θεὸν
1415 3107 1714 3179 άφιέρωσις
1761 3106 1869 3161 τῶν

276 3198 752 3261 πεπιστευκότων,
776 3197 943 3265 δεκτὴ
970 3195 1051 3267 τῷ
1079 3194 1220 3268 Θεῷ,
1251 3197 1347 3250 καὶ
1374 3196 1681 3269 δωροφορία
1708 3214 1871 3252 πνευ-

283 3290 512 3359 ματική.
561 3288 674 3342 Καὶ
723 3287 883 3341 τοῦτο
931 3287 1174 3342 διδάσκει
1226 3289 1454 3359 γράφων
1502 3290 1531 3342 ὁ
1584 3288 1871 3354 θεσπέσιος

279 3381 518 3445 Παῦλος
554 3399 574 3433 ι
605 3383 683 3433 Δι’
707 3379 873 3433 αὐτοῦ
898 3376 990 3434 οὖν
1021 3382 1367 3454 άναφέρομεν
1390 3381 1580 3436 θυσίαν
1609 3383 1871 3448 αἰνέσεως

279 3473 576 3538 διαπαντὸς
608 3474 685 3544 τῷ
718 3473 856 3544 Θεῷ·
889 3472 1035 3527 τοῦτ’
1066 3472 1182 3528 ἔστι
1203 3517 1218 3541 ,
1247 3474 1463 3547 καρπὸν
1486 3475 1712 3546 χειλέων
1742 3478 1872 3547 ὁμο·-

278 3565 586 3635 λογούντων
610 3566 690 3637 τῷ
712 3567 939 3638 ὀνόματι
968 3567 1157 3623 αὐτοῦ.
1201 3587 1219 3620 ι
1256 3569 1367 3623 Καὶ
1398 3568 1577 3623 πάλιν·
1616 3588 1636 3621 t
1675 3571 1786 3640 Τῆς
1813 3570 1871 3623 δὲ

280 3657 536 3721 εὐποιίας
565 3657 661 3711 καὶ
681 3657 967 3721 κοινωνίας
1002 3657 1078 3729 μὴ
1098 3657 1550 3729 ὲπιλανθάνησθε.
1581 3658 1872 3723 Τοιαύταις

282 3750 394 3821 γὰρ
436 3748 649 3813 θυσίαις
691 3749 1069 3820 εὐαρεστεῖται
1107 3751 1135 3802 ὁ
1166 3748 1320 3811 Θεός.
1370 3768 1387 3799 ι
1428 3750 1645 3820 Καρποὶ
1681 3750 1790 3821 γὰρ
1821 3751 1871 3803 οἱ

282 3842 424 3915 πρὸς
459 3840 618 3912 ἡμῶν
647 3839 725 3911 τῷ
769 3840 891 3911 Θεῷ
940 3841 1050 3893 τῶν
1089 3843 1148 3892 ἔν
1178 3839 1359 3893 πίστει
1409 3839 1869 3909 δεδικαιωμένων,

282 3935 430 3997 τίνες
462 3932 529 3988 ἂν
554 3928 665 3986 εἷεν
693 3933 908 4002 ἕτεροι,
943 3929 1083 4001 πλὴν
1116 3930 1199 3983 ὅτι
1228 3928 1506 3998 δοξολογία
1554 3929 1743 4001 μακρὰ
1780 3931 1873 3984 καὶ

280 4028 577 4099 διηνεκής;
610 4026 722 4080 Καὶ
747 4025 898 4096 θῦμα
921 4024 984 4078 τὸ
1008 4021 1400 4096 καθαρώτατον
1437 4023 1536 4093 τῆς
1569 4023 1872 4096 ἀμωμήτου

285 4120 456 4190 ζωῆς,
486 4123 523 4191 ἡ
557 4117 949 4190 άπαράδλητος
980 4116 1196 4171 εὐωδία.

356 4213 569 4268 ΠΔΔΛ.
611 4210 917 4280 Παγκάλως
944 4211 1076 4280 ἡμῖν
1105 4211 1134 4262 ὁ
1158 4209 1315 4278 λόγος
1346 4208 1479 4281 ἔχει,
1511 4210 1608 4265 καὶ
1640 4210 1873 4282 άληθὶς,

285 4307 368 4360 ὅτι
396 4304 705 4359 δικαιοῦται
736 4321 822 4368 τις
861 4304 1062 4374 ἥκιστα
1096 4304 1193 4375 μὲν
1226 4304 1284 4356 ὲν
1316 4303 1484 4375 νόμῳ,
1527 4304 1617 4357 διὰ
1641 4305 1875 4369 πίστεως

287 4395 344 4451 δὲ
375 4397 581 4467 μᾶλλον
621 4397 724 4467 τῆς
752 4398 810 4451 ἐν
837 4395 1079 4468 Χριστῷ,
1110 4396 1205 4449 καὶ
1236 4397 1620 4467 μυσταγωγίας
1644 4397 1873 4467 εὐαγγε-

1967 1919 2312 1988 sanguinem,
2341 1928 2400 1975 et
2562 1936 2769 1976 mensa;
2793 1921 3103 1976 ministeria
3133 1936 3247 1977 non
3271 1923 3394 1995 jure
3416 1923 3563 1994 opti-

1966 2004 2059 2068 mo
2088 2011 2339 2068 dicemus
2364 2027 2487 2069 esse
2517 2012 2656 2068 illud
2678 2012 2885 2069 Christi
2909 2013 3271 2086 mysterium?

2039 2185 2238 2240 PALL.
2269 2187 2441 2243 Recte
2471 2187 2632 2243 dicis.

2039 2276 2198 2333 CYR.
2239 2278 2386 2345 Quin
2437 2279 2621 2349 ipsum
2685 2294 2909 2350 quoque
2960 2287 3181 2353 tempus
3225 2297 3337 2353 quo
3378 2298 3561 2339 rerum

1968 2370 2217 2424 omnium
2242 2369 2296 2423 in
2324 2370 2610 2424 meliorem
2632 2377 2837 2424 statum
2871 2387 3151 2438 recursus,
3178 2381 3235 2429 et
3270 2374 3363 2429 ille
3398 2374 3562 2428 inno-

1966 2461 2206 2516 vatioais
2228 2461 2425 2517 modus
2443 2471 2591 2517 esset
2616 2460 2860 2528 futurus,
2896 2463 3248 2535 perspicuum
3278 2465 3440 2521 nobis
3461 2465 3562 2521 ad-

1970 2553 2197 2608 modum
2267 2553 2420 2619 fecit,
2467 2569 2595 2609 cum
2645 2554 2788 2609 dixit
2815 2555 2964 2611 Deus
3009 2574 3022 2611 :
3071 2575 3091 2608 ι
3135 2557 3205 2612 Et
3255 2557 3371 2620 erit.
3398 2572 3430 2612 a
3471 2557 3562 2613 die

1969 2653 2181 2717 octava,
2212 2654 2269 2700 et
2300 2647 2442 2701 ultra
2476 2646 2682 2703 facient
2711 2648 3034 2703 sacerdotes
3064 2663 3232 2719 super
3259 2649 3432 2705 altare
3454 2650 3561 2704 bo-

1968 2738 2212 2793 loeausta
2250 2745 2455 2803 vestra,
2492 2746 2551 2793 et
2590 2752 2714 2808 qua:
2746 2738 2943 2797 salutis
2977 2746 3177 2794 vestrae
3212 2754 3380 2795 causa
3420 2740 3563 2797 οσο-

1969 2836 2169 2882 runtur
2206 2844 2219 2881 :
2251 2836 2309 2882 et
2326 2828 2626 2898 suscipiam
2650 2845 2770 2895 vos,
2802 2828 2941 2885 dicit
2963 2830 3233 2887 Dominus
3259 2832 3324 2885 ³³.
3361 2850 3380 2883 ι
3403 2832 3562 2888 Diem

1970 2927 2250 2986 octavum,
2290 2921 2593 2977 Salvatoris
2634 2922 2810 2978 nostri
2860 2924 3290 2980 resurrectionis
3344 2933 3564 2996 tempus

1968 3013 2229 3081 appellat,
2271 3029 2382 3083 quo
2401 3013 2744 3079 holocausta,
2783 3014 2838 3068 id
2856 3024 2946 3070 est
2972 3016 3218 3084 perfecta
3238 3017 3564 3089 integraque

1970 3104 2318 3160 credentium
2358 3107 2725 3172 consecratio,
2779 3107 2893 3163 Deo
2929 3108 3241 3177 gratissima
3276 3125 3340 3164 ac
3393 3109 3561 3179 spiri-

1973 3195 2146 3251 tualia
2172 3211 2403 3252 munera
2425 3196 2775 3262 oﬂ‘eruntur;
2810 3196 2977 3266 idque
3013 3196 3178 3252 docet
3209 3198 3406 3253 beatus
3421 3198 3563 3254 Pau-

1970 3286 2078 3352 lus,
2118 3302 2244 3341 cum
2296 3286 2493 3341 scribit
2539 3300 2551 3338 :
2609 3304 2627 3336 ι
2670 3286 2777 3343 Per
2824 3285 3004 3356 ipsum
3050 3286 3220 3357 igitur
3276 3286 3565 3343 otl‘erimus

1972 3379 2210 3435 hostiam
2239 3379 2420 3434 laudis
2443 3394 2662 3448 semper
2708 3379 2842 3443 Deo,
2874 3378 2931 3433 id
2960 3385 3084 3443 est,
3114 3378 3358 3433 fructum
3384 3377 3563 3433 labio-

1972 3485 2098 3527 rum
2126 3470 2509 3527 conﬁtentium
2527 3469 2739 3525 nomini
2756 3470 2877 3541 ejus
2923 3468 3000 3541 (l)
3034 3468 3102 3523 “.
3140 3488 3158 3521 ι
3212 3468 3281 3523 Et
3301 3468 3505 3523 iterum
3544 3483 3561 3523 :

1981 3583 2000 3615 ι
2036 3562 2420 3617 Beneﬁcentiae
2451 3569 2634 3615 autem
2662 3568 2718 3615 et
2750 3560 3162 3615 communionis
3208 3558 3384 3614 nolite
3417 3557 3563 3613 obli-

1970 3655 2144 3720 visci;
2178 3654 2383 3709 talibus
2421 3654 2571 3709 enim
2610 3653 2807 3707 hostiis
2854 3660 3205 3723 promeretur
3251 3653 3398 3707 Deus
3430 3651 3497 3706 ⁸⁸.
3535 3671 3555 3705 ι

1973 3747 2207 3802 Fructus
2232 3746 2378 3801 enim
2407 3761 2439 3800 a
2467 3745 2649 3811 nobis,
2685 3747 2780 3816 qui
2800 3746 2857 3800 in
2890 3744 2999 3800 ﬁde
3029 3742 3314 3815 iustiﬁcati
3348 3759 3562 3811 sumus,

1972 3838 2194 3908 quinam
2213 3836 2325 3893 Deo
2340 3838 2527 3893 oﬂ'erri
2561 3847 2793 3909 possunt
2821 3839 2915 3894 alii
2944 3852 3107 3910 quam
3125 3838 3230 3909 δι
3252 3838 3372 3909 ejus
3394 3837 3564 3909 glori-

1974 3929 2156 3985 ﬁcatio
2182 3931 2330 4002 jugis
2354 3941 2520 4001 atque
2547 3941 2819 4002 perpetua
2836 3932 2859 3986 ?
2876 3932 3067 3987 Hostia
3098 3931 3232 3988 item
3265 3932 3566 4003 purissima

1973 4028 2077 4084 est,
2120 4019 2413 4076 laudabilis
2440 4021 2568 4077 vitae
2589 4021 2728 4077 odor
2754 4022 3010 4079 eximius.

2043 4209 2240 4269 PALL.
2271 4214 2540 4270 Prmelare
2574 4229 2633 4270 se
2665 4214 2836 4271 habet
2862 4215 3061 4281 oratio,
3100 4214 3563 4285 verissimumque

1975 4313 2059 4360 est
2095 4306 2323 4362 minime
2369 4321 2472 4377 per
2520 4306 2698 4377 legem
2731 4305 3025 4377 just-iﬁcari
3071 4304 3423 4374 quempiam,
3467 4304 3565 4359 sed

1976 4397 2162 4468 potius
2192 4413 2291 4468 per
2307 4398 2472 4453 ﬁdem
2504 4399 2575 4467 in}
2601 4397 2885 4453 Christum
2919 4407 2976 4453 et
3001 4397 3372 4468 evangelicam
3400 4395 3570 4451 disci-

290 4488 467 4559 λικῆς.
511 4485 787 4557 Ἐθέλοιμι
828 4485 871 4539 δ’
909 4484 976 4540 ἂν
1027 4486 1122 4539 καὶ
1164 4484 1231 4539 δι’
1267 4487 1516 4557 ἐναργῶν
1564 4488 1695 4557 ἡμῖν
1743 4487 1870 4541 ἰέναι

1980 4489 2210 4559 plinam.
2261 4489 2534 4545 Caeterum
2577 4490 2747 4545 velim
2786 4489 3193 4560 expositionem
3232 4488 3378 4543 hanc
3415 4496 3564 4543 tuam

292 4579 752 4653 παραδειγμάτων
781 4578 880 4650 τὴν
908 4579 1208 4649 ἀφήγησιν,
1236 4576 1333 4632 καὶ
1363 4577 1423 4642 ἐξ
1443 4577 1622 4633 αὐτῶν
1666 4579 1873 4633 τούτων

295 4672 487 4744 μαθεῖν
512 4671 625 4726 τῶν
652 4670 812 4743 ιερῶν
844 4669 1221 4740 Γραμμάτων.

358 4766 526 4820 ΚΥΡ.
568 4764 799 4829 Οὐκοῦν,
846 4757 892 4817 ὦ
949 4760 1195 4832 φιλότης,
1255 4756 1373 4832 εἶμι
1426 4760 1526 4832 μὲν
1570 4760 1682 4831 ἐγὼ
1739 4762 1877 4834 πρὸς

288 4858 447 4913 τοῦτο
488 4859 744 4928 ἑτοίμως,
788 4855 910 4909 ἐπεί
948 4870 1028 4908 σοι
1073 4854 1239 4908 δοκεῖ.
1276 4854 1349 4907 Σὺ
1381 4854 1438 4907 δὲ
1486 4853 1547 4926 δή
1587 4871 1676 4925 μοι
1712 4855 1877 4910 πάλιν

291 4949 381 5004 τὸν
427 4947 631 5019 ἀκριὸῆ
678 4964 741 5001 τε
790 4947 886 5001 καὶ
935 4945 1306 5015 άπεξεσμένον
1355 4947 1440 5015 ἐφ’
1496 4946 1712 5018 ἑκάστῳ
1766 4947 1877 5000 τῶν

291 5041 668 5112 θεωρημάτων
702 5037 924 5104 ἐξέταζε
953 5037 1098 5092 νοῦν.
1132 5037 1244 5091 Καὶ
1284 5038 1338 5091 εἴ
1364 5037 1447 5091 σοί
1473 5056 1526 5091 τι
1552 5038 1766 5109 δόξαιμι
1802 5037 1877 5110 μὴ

290 5132 408 5187 λίαν
434 5131 613 5203 ὀρθῶς
634 5133 795 5195 νοεῖν,
828 5129 862 5199 ἢ
901 5128 1109 5197 λέγειν,
1142 5128 1419 5198 νηφαλίως
1452 5129 1752 5201 ἐπανόρθου
1784 5130 1878 5183 καὶ

294 5221 595 5294 μεθόρμιζε
620 5218 831 5291 σαφῶς,
869 5220 995 5283 τοὺς
1023 5219 1133 5271 τῶν
1153 5218 1424 5272 τεκτόνων
1455 5219 1711 5290 ἀρίστους
1741 5222 1878 5274 άπο-

295 5315 651 5387 μιμούμενος,
677 5313 727 5367 οἳ
763 5309 982 5365 ἐπειδὰν
1013 5309 1197 5381 ἐξήκοι
1230 5309 1324 5363 τοῦ
1358 5311 1690 5382 καθήκοντος
1714 5312 1874 5381 λόγου

1977 4581 2245 4651 exemplis
2259 4581 2393 4635 item
2420 4581 2729 4652 perspicuis
2749 4580 3087 4648 conﬁrmari,
3118 4590 3285 4652 atque
3300 4596 3369 4637 ex
3392 4579 3568 4636 sacris

1978 4668 2203 4730 Litteris
2229 4673 2365 4729 mihi
2394 4674 2537 4730 idem
2567 4675 2789 4745 planum
2820 4673 2959 4729 fieri.

2050 4764 2208 4821 ΟΥΕ.
2235 4766 2408 4821 Venio
2444 4764 2611 4835 igitur
2646 4764 2764 4835 ipse
2792 4765 2865 4820 ad
2895 4765 3038 4820 hanc
3064 4772 3297 4837 partem,
3333 4763 3563 4829 Palladi,

1980 4857 2239 4923 libenter,
2272 4857 2402 4927 quia
2418 4856 2499 4912 sic
2525 4855 2623 4911 tibi
2654 4857 2891 4913 videtur.
2913 4856 2993 4912 Tu
3009 4872 3140 4912 vero
3168 4856 3303 4911 mihi
3321 4855 3564 4911 vicissim

1983 4951 2244 5005 subtilem
2275 4958 2331 5005 et
2358 4950 2657 5020 expolitum
2686 4951 2743 5005 in
2761 4965 3087 5021 unaquaque
3104 4948 3565 5018 contemplatione

1983 5056 2205 5096 sensum
2236 5042 2496 5112 exquiras
2526 5043 2695 5098 velim
2730 5060 2744 5097 :
2770 5058 2854 5109 ac,
2874 5043 2920 5098 si
2957 5042 3056 5097 tibi
3086 5042 3270 5095 minus
3298 5047 3446 5093 recte
3467 5046 3565 5092 aut

1982 5134 2188 5189 sentire
2206 5135 2456 5200 videbor,
2501 5145 2595 5191 aut
2628 5137 2832 5207 eloqui,
2874 5137 3177 5208 prudenter
3212 5132 3453 5202 corrigas
3508 5139 3563 5187 et

1983 5227 2242 5281 emendes
2261 5238 2468 5299 aperte,
2489 5228 2766 5285 fabrorum
2784 5227 3364 5301 praestantissimorum
3381 5238 3565 5279 exem-

1982 5318 2109 5388 plo,
2147 5320 2242 5390 qui
2267 5361 2281 5386 ,
2316 5321 2492 5376 sicubi
2527 5336 2664 5392 opus
2701 5321 2849 5393 quod
2889 5321 2947 5375 in
2989 5317 3245 5374 manibus
3281 5315 3486 5372 habent
3529 5331 3561 5372 a

359 5514 404 5548 “
434 5515 669 5572 Malacb.
709 5532 790 5581 ιιι,
828 5512 961 5580 2,5.
1038 5514 1084 5546 “
1125 5513 1330 5570 Ezech.
1370 5506 1515 5579 κων,
1552 5513 1639 5578 15,
1677 5511 1765 5567 16.
1844 5512 1863 5544 ⁸

1972 5512 2109 5568 ιεειι.
2138 5531 2283 5581 xuu,
2315 5516 2403 5570 27.
2484 5516 2529 5549 ”
2557 5516 2725 5571 Hebr.
2768 5515 2967 5582 xv,15.
3048 5513 3095 5546 ⁸⁵
3122 5512 3289 5569 Hebr.
3323 5528 3443 5572 xm.
3472 5511 3559 5567 16.

364 5658 438 5731 (1)
471 5654 1327 5731 ῐῖιίιίξιιιῐιιὶειιιὶοινιιιιι,ικιιείιιίίιε⁸
1356 5655 1615 5731 intelligit
1648 5653 1874 5731 hic_Pa-

293 5696 495 5784 torvae.
517 5696 929 5781 sioblationem
968 5696 1242 5780 labiorum
1276 5724 1506 5779 dixisset
1536 5696 1833 5794 Kpostolus
1858 5765 1872 5787 ,

297 5815 401 5870 quo
426 5796 697 5870 loquendi
723 5811 873 5852 more
900 5813 1040 5869 saepe
1081 5794 1223 5852 LXX
1254 5804 1380 5852 sunt
1411 5797 1494 5851 usi
1534 5812 1657 5851 cum
1684 5794 1872 5850 dicunt

1984 5652 2360 5776 ἔαρπρᾳορέαν
2385 5660 2440 5709 et
2471 5653 2841 5725 καρποφορεῖν
2879 5667 2980 5726 pro
3001 5664 3067 5708 eo
3093 5649 3242 5723 quod
3266 5656 3350 5707 est
3372 5645 3562 5702 θυσίαν

2023 5741 2296 5776 ναωωειν.

2023 5741 2296 5793 ναφερειν.
