4082 6304
575 334 677 392 25!

1610 324 1665 388 S.
1706 321 1984 389 CTR'ILLI
2020 321 2489 384 ALEXANBRINI
2528 320 2845 378 ARCHIEP.

3745 323 3841 382 2'59.

577 447 807 506 rationis
834 447 1080 516 artisque
1108 446 1431 516 pt‘zescripto
1445 445 1755 511 deﬂexerit,
1787 444 1841 498 id
1863 441 2157 498 artiﬁciose

2267 439 2324 493 τὸ
2370 439 2646 509 ἐν’χερσὶ,
2694 433 3191 509 μεταρυθμίζουσιν
3238 434 3504 504 εὐτέχνως
3550 435 3647 488 ἐπὶ
3688 435 3840 503 τὸὼς

578 539 993 603 reconcinnant,
1028 546 1199 607 atque
1234 538 1303 591 ad
1330 537 1563 592 formam
1597 544 1860 591 revocant
1901 550 2025 605 quae
2051 533 2161 588 illis

576 630 784 700 optima
808 629 1082 685 videatur.
1124 629 1349 684 lnitium
1371 644 1503 685 vero
1539 628 1596 683 in
1646 628 1752 683 hac
1785 627 2161 697 disputatione

577 736 860 777 sumemus
887 736 919 775 a
937 737 1219 777 sacrorum
1254 721 1555 791 interprete
1581 721 1784 791 Moyse,
1801 719 1962 790 cujus
1982 718 2162 772 histo-

548 864 553 869 .
574 813 713 869 riam
730 814 825 870 ubi
844 812 1054 868 cursim
1085 813 1338 884 attigero,
1367 822 1485 868 tum
1501 827 1634 867 sane
1666 809 1995 867 conﬁrmare
2016 809 2165 864 nitar

575 913 742 974 atque
768 904 1060 960 ostendere
1104 904 1415 975 perspicue,
1439 903 1579 957 nihil
1612 903 1681 957 ad
1720 901 2025 973 perfectum
2061 900 2162 954 ad-

575 995 802 1051 duxisse
845 1004 1023 1067 legem
1044 1036 1060 1063 ,
1082 1011 1318 1067 eamque
1345 1011 1456 1050 non
1486 1010 1608 1051 esse
1644 994 1713 1049 ad
1742 994 1975 1049 salutem
2006 993 2160 1059 satis,

576 1088 937 1159 omniumque
961 1089 1249 1145 hominum
1293 1097 1407 1144 tam
1434 1087 1864 1158 redemptorem,
1894 1093 2011 1141 tum
2052 1085 2163 1141 sal-

577 1189 824 1236 vatorem
850 1196 973 1238 esse
1000 1180 1304 1237 Christum.

646 1269 843 1328 PALL.
875 1275 1040 1343 Atqui
1081 1274 1162 1329 sic
1190 1274 1413 1339 habeto,
1437 1288 1550 1328 non
1570 1272 1906 1327 mediocrem
1942 1278 1996 1325 te
2049 1268 2163 1324 uti—

532 1381 538 1388 ’
576 1363 786 1419 litatem
836 1365 1153 1430 allaturum,
1194 1364 1241 1418 si
1270 1364 1327 1419 in
1363 1364 1466 1418 hac
1505 1378 1727 1434 quoque
1758 1368 1912 1432 parte
1936 1367 2164 1414 cuncta-

578 1455 782 1510 tionem
853 1454 1090 1521 viceris;
1150 1454 1408 1524 quamvis
1469 1454 1620 1510 enim
1677 1450 1998 1507 dillicillima
2055 1449 2167 1504 sint

576 1563 644 1603 ea
700 1562 825 1618 quae
861 1546 1181 1617 aggrederis
1203 1586 1219 1611 ,
1269 1546 1703 1615 diﬂieillimeque
1752 1541 1991 1614 spectari
2034 1556 2165 1612 pos-

572 1638 649 1695 sit
696 1654 887 1694 earum
949 1653 1134 1694 rerum
1178 1653 1317 1709 quas
1369 1637 1701 1708 inquirimus
1742 1634 1981 1701 veritas,
2011 1634 2167 1689 dives
2226 1704 2235 1709 _

574 1738 757 1788 tamen
782 1740 885 1796 est,
914 1730 1009 1802 qui
1031 1730 1235 1785 revelat
1269 1730 1435 1785 Deus.

2261 520 2462 601 ἄριστα
2482 529 2627 599 ἔχειν
2650 527 2861 581 δοκοῦν.
2881 528 3161 598 Ἀπαρχὴν
3180 526 3239 579 δὲ
3260 525 3455 597 ὥσπερ
3483 526 3611 581 τινὰ
3633 527 3740 581 τῶν
3771 531 3841 595 εἷς

2262 638 2328 689 γε
2356 621 2516 674 ταυτὶ
2543 619 2887 690 ποιησόμεθα
2929 619 3107 687 λόγων
3136 618 3228 673 τὸν
3264 618 3596 689 ἱεροφάντην
3624 622 3839 688 Mucia,

2263 712 2359 765 xui.
2388 711 2486 783 τῆς
2508 713 2636 765 κατ’
2664 710 2830 764 αὑτὸν
2863 710 3105 781 ἱστορίας
3137 711 3507 783 ὲπιδρομάδην
3547 710 3840 783 ἁψάμενος,

2264 803 2630 875 πληροφορεω
2680 799 2742 857 εὖ
2788 802 2935 875 μάλα
2988 804 3359 874 πειράσομαι,
3394 804 3490 857 καὶ
3537 806 3842 871 καταδεῖξαι

2267 896 2456 965 σαφῶς
2474 936 2492 961 ,
2530 896 2923 951 τετελειωκότα
2949 896 3047 969 μὲν
3070 897 3161 951 τὸν
3186 897 3352 968 νόμον
3382 896 3565 962 οὐδὲν,
3597 897 3722 952 οὔτε
3745 900 3843 971 μὴν

2262 987 2594 1060 ἀποχρῶντα
2626 988 2766 1062 προς
2807 989 3082 1061 σωτηρίαν
3102 1005 3117 1021 ο
3163 988 3447 1062 -λυτρωτὴν
3481 989 3549 1049 δὲ
3581 990 3691 1044 τῶν
3716 992 3843 1049 ὅλων

2264 1081 2362 1134 καὶ
2397 1081 2619 1152 σωτῆρα
2648 1082 2906 1153 Χριστόν.

2335 1257 2550 1311 ΠΔΛΛι
2592 1258 2669 1312 Οὐ
2707 1257 2938 1330 μετρίαν
2974 1256 3089 1310 ἴσθθι
3139 1274 3222 1311 τοι
3263 1244 3442 1321 διδοὺς
3491 1256 3596 1327 τὴν
3645 1253 3841 1330 ὄνησιν,

2257 1348 2424 1403 ’ὄκνου
2470 1349 2757 1422 κρείττονα
2806 1350 3003 1404 σαυτὸν
3054 1348 3156 1403 κᾶν
3201 1350 3375 1420 τούτῳ
3427 1348 3647 1413 δεικνύς
3670 1366 3683 1379 ·
3730 1350 3844 1406 δυσ-

2266 1438 2464 1508 έφικτα
2489 1438 2595 1510 μὲν
2640 1439 2752 1511 γὰρ
2796 1437 2866 1492 τὰ
2903 1440 2961 1501 ὲν
3000 1438 3159 1510 χερσὶ
3191 1438 3331 1506 λίαν,
3361 1441 3456 1494 καὶ
3480 1440 3842 1508 δυσκάτοπτος

2267 1528 2464 1600 κομιδῇ
2494 1528 2602 1582 τῶν
2641 1528 2990 1601 ζητουμένων
3037 1531 3069 1601 ἡ
3098 1530 3321 1599 γνῶσις,
3362 1529 3623 1595 πλούσιός
3653 1549 3717 1602 γε
3744 1534 3841 1606 μὴν

2266 1622 2296 1674 6
2329 1620 2685 1676 ὲκκαλύπτων
2705 1621 2859 1686 Θεός.

2338 1715 2505 1771 ΚΥΡ.
2548 1710 2623 1769 Εὖ
2651 1714 2850 1785 λέγεις,
2875 1716 2972 1770 καὶ
2991 1716 3053 1787 δή
3082 1733 3151 1787 με
3174 1718 3301 1772 κυσὶ
3321 1720 3442 1783 ταῖς
3462 1718 3845 1791 εὐρινωτάταις

644 1823 803 1880 CYR.
824 1789 992 1879 Recte
1033 1823 1175 1878 dicis
1191 1840 1208 1890 ;
1227 1831 1285 1879 et
1304 1839 1392 1879 me
1407 1824 1520 1895 jam
1544 1837 1701 1893 mque
1726 1837 1791 1877 ac
1823 1818 2160 1893 sagacissimi

2270 1810 2329 1863 ἐν
2365 1806 2488 1879 ι’σῳ,
2516 1808 2637 1864 κατ’
2680 1806 2825 1879 ῐχνος
2858 1808 2998 1864 ἰέναι
3026 1809 3212 1865 λοιπὸν
3247 1811 3355 1865 τῶν
3382 1812 3441 1867 ὲν
3474 1789 3637 1883 βάθει
3673 1831 3731 1867 τε
3760 1814 3847 1868 καὶ

574 1932 744 1972 canes
783 1917 1047 1981 assolent,
1072 1916 1444 1988 pervestigare
1475 1915 1700 1970 abditos
1755 1912 1815 1969 in
1861 1910 2157 1984 profunde,

575 2007 1035 2078 obscurioresque
1062 2021 1278 2072 sensus,
1312 2014 1408 2062 tua
1435 2006 1630 2063 suadet
1660 2004 1859 2061 oratio.
1895 2003 2068 2077 Igitur
2102 2003 2161 2058 in

574 2098 799 2154 deserto
838 2098 1204 2154 Madianiticae
1252 2097 1551 2170 provincia;
1580 2097 1743 2153 beato
1757 2096 1925 2169 Moysi
1968 2110 2163 2169 greges

574 2189 761 2244 ovium
791 2190 1061 2260 paseenti,
1080 2206 1205 2246 cum
1231 2190 1335 2247 sub
1365 2190 1496 2261 ipsis
1519 2190 1801 2245 radicibus
1831 2198 1979 2246 esset
1998 2204 2161 2246 mon-

573 2281 661 2345 tis,
703 2281 907 2347 Horeb,
959 2297 1101 2336 nova
1147 2281 1398 2353 quaedam
1434 2295 1544 2347 res,
1590 2289 1649 2336 et
1683 2280 1936 2336 miraculi
1973 2280 2157 2351 plena,

573 2373 689 2429 Deo
711 2373 969 2440 faciente,
1001 2381 1306 2433 monstrata
1338 2379 1462 2428 est:
1494 2391 1512 2424 ι
1536 2371 1803 2443 Apparuit
1828 2372 1978 2427 enim
2006 2371 2109 2438 illi,
2135 2391 2153 2422 ι

574 2465 775 2537 inquit,
818 2485 837 2518 ι
864 2466 1096 2539 angelus
1125 2466 1183 2521 in
1211 2465 1431 2521 ﬂamma
1456 2464 1600 2537 ignis
1636 2464 1707 2520 de
1735 2465 1897 2532 rubo,
1929 2473 1988 2521 et
2022 2464 2162 2520 vidit

568 2558 722 2629 quod
736 2559 909 2614 rubus
924 2559 1146 2614 arderet
1171 2558 1308 2629 igni,
1341 2566 1399 2613 et
1415 2571 1524 2612 non
1549 2544 1985 2612 combureretur.
2015 2555 2162 2611 Dixit

573 2657 760 2705 autem
804 2648 1016 2719 Moyses
1056 2665 1071 2702 :
1104 2647 1312 2703 Vadam
1360 2661 1426 2701 ac
1457 2645 1662 2701 videbo
1706 2646 1978 2723 visionem
2019 2644 2162 2701 hanc

573 2756 851 2813 magnam,
868 2755 970 2796 cur
987 2755 1099 2795 non
1113 2739 1475 2794 comburatur
1503 2738 1679 2793 rubus
1705 2740 1774 2793 ⁸⁸.
1803 2759 1821 2790 ι
1847 2739 1945 2795 Est
1975 2746 2159 2794 autem

573 2832 752 2887 rubus
785 2845 899 2885 non
932 2829 1152 2887 exculta
1197 2829 1384 2895 arbor,
1435 2828 1534 2885 sed
1566 2829 1835 2886 silvestris
1885 2829 2056 2901 spinea
2097 2844 2162 2886 ac

575 2924 766 2996 stirpis
799 2933 1074 2979 montana:
1089 2937 1285 2994 genus,
1310 2922 1367 2977 in
1387 2932 1497 2993 qua
1519 2922 1845 2978 miraculum
1870 2922 2007 2978 illud
2029 2922 2160 2978 hor-

575 3014 721 3069 roris
744 3013 969 3085 plenum
999 3012 1290 3077 edebatur,
1321 3011 1470 3083 quod
1498 3012 1745 3085 mysterii
1782 3011 2012 3084 ﬁguram
2059 3028 2160 3085 ap~

2262 1901 2649 1972 ἀφανεστέρων
2678 1901 2919 1965 ἐννοιῶν,
2965 1903 2996 1955 6
3028 1900 3121 1966 σὸς
3149 1903 3460 1977 παραθήγει
3495 1904 3682 1975 λόγος.
3712 1906 3843 1960 οὐκ·

2260 1992 2358 2047 οῦν
2399 1997 2458 2049 ὲν
2507 1994 2700 2066 ἐρήμῳ
2735 1993 2865 2049 ποτὲ
2916 1996 2982 2065 τῇ
3036 1994 3183 2050 κατὰ
3228 1994 3329 2067 τὴν
3361 1995 3713 2068 καλουμένην
3736 1997 3846 2051 Μα-

2260 2088 2413 2160 διὰμ,
2442 2088 2570 2142 ὀΐων
2598 2087 2800 2157 ἀγέλας
2826 2087 3265 2158 διαποιμαίνοντι
3290 2087 3369 2160 τῷ
3394 2089 3662 2160 μακαρίῳ
3684 2090 3841 2160 Μωσῇ

2261 2181 2401 2253 πρὸς
2422 2181 2613 2244 αὑταῖς
2630 2196 2690 2234 τε
2716 2182 2836 2245 ταῖς
2860 2181 3156 2253 ὑπωρείαις
3179 2170 3294 2234 δντι
3320 2179 3414 2233 τοῦ
3439 2179 3610 2252 ὅρους
3631 2179 3841 2251 Χωρὴδ,
3872 2188 3879 2197 ’

2262 2273 2454 2345 Χρῆμά
2472 2290 2525 2328 τι
2549 2272 2699 2340 ξένον
2722 2272 2817 2327 καὶ
2843 2273 2946 2327 οὐκ
2975 2272 3323 2344 ἀθαύμαστον
3348 2271 3483 2327 Θεοῦ
3526 2272 3843 2345 πληροῦντας

2263 2367 2557 2420 ἐδείκνυτο.
2599 2385 2617 2418 ι
2656 2365 2835 2435 Ὠςθη
2856 2364 2967 2436 γὰρ
2989 2364 3158 2436 αὐτῷ,
3201 2384 3220 2417 ι
3252 2364 3439 2436 φησὶν,
3466 2384 3486 2417 ι
3534 2365 3760 2435 ἄγγελος
3782 2366 3835 2419 δν

2263 2456 2436 2527 πυρὸς
2466 2456 2629 2527 φλογὶ
2649 2457 2715 2510 ἐκ
2752 2455 2948 2527 βάτου·
2985 2457 3081 2511 καὶ
3106 2455 3253 2528 ἑώρα
3283 2457 3364 2510 ὅτι
3389 2459 3419 2511 6
3444 2456 3616 2527 βάτος
3647 2457 3842 2511 ἐκαίετοο

2263 2551 2419 2622 πυρὶ,
2475 2550 2505 2601 6
2556 2548 2614 2602 δὲ
2659 2548 2820 2618 βάτος
2844 2548 2927 2616 ¹ού
2960 2547 3300 2604 κατεκαίετο.
3339 2544 3477 2604 Εἷπε
3532 2550 3592 2604 δὲ
3632 2549 3836 2620 Μωσῆςο

2263 2638 2559 2711 Παρελθὼν
2606 2639 2811 2710 ὂψομαι
2853 2640 2916 2694 τὸ
2959 2641 3144 2712 ὅραμα
3189 2642 3253 2694 τὸ
3282 2641 3426 2713 μέγα
3450 2642 3643 2708 τοῦτο,
3680 2645 3757 2698 ὅτι
3784 2644 3838 2697 οὐ

2262 2732 2622 2787 κατακαίεται
2648 2733 2677 2786 6
2708 2732 2891 2803 βάτος.
2929 2750 2949 2784 ι
2987 2732 3153 2787 Ξύλον
3190 2733 3247 2787 δὲ
3280 2734 3404 2805 ούχλ⁵
3427 2735 3548 2789 τῶν
3575 2735 3788 2808 ἡμέρων
3811 2735 3838 2788 6

2263 2825 2446 2897 βάτος,
2485 2824 2685 2898 ἀγρίας
2721 2825 2779 2879 δὲ
2809 2825 3010 2898 μᾶλλον
3061 2825 3304 2898 ἀκάνθης
3334 2823 3496 2895 εἶδος,
3538 2830 3634 2884 καὶ
3674 2829 3840 2902 ὀρεσί-

2259 2924 2463 2994 τρόφου
2514 2922 2693 2994 ῥίζης,
2743 2922 2829 2991 ἐφ’
2939 2920 3001 2974 τδ
3038 2920 3267 2994 φρικτὸν
3302 2922 3616 2994 ἐπράττετο
3647 2922 3836 2994 θαῦμα,

2263 3012 2571 3086 μυστηρίου
2618 3011 2790 3067 τύπον
2822 3008 2882 3067 εὖ
2918 3012 3066 3084 μάλα
3115 3012 3379 3085 πληροῦν.
3419 3015 3694 3086 Ἀγγελος
3742 3015 3840 3083 γὰρ

579 3106 789 3162 tissime
818 3106 1065 3178 gerebat.
1103 3103 1348 3176 Angelus
1384 3104 1589 3176 quippe
1625 3104 1674 3160 is
1713 3112 1834 3160 erat
1875 3104 1972 3176 qui
2017 3104 2160 3176 ignis

2267 3102 2332 3179 ἦν
2356 3106 2434 3167 ὡς
2474 3108 2532 3160 ὲν
2575 3103 2704 3159 εῖδει
2741 3103 2915 3176 πυρὸς
2962 3104 3084 3160 ὅλον
3123 3105 3299 3160 διόλου
3351 3106 3836 3177 καταδοσκὸμενος,

576 3200 761 3271 specie
786 3207 963 3254 totum
997 3196 1241 3268 undique
1258 3195 1681 3267 depaseebatur,
1708 3197 1818 3269 62
1835 3212 2015 3268 neque
2026 3198 2082 3253 in
2096 3212 2163 3253 ea

578 3297 763 3346 tamen
793 3289 967 3360 stirpe
989 3288 1280 3360 vestigium
1324 3287 1468 3359 ignis
1489 3287 1665 3343 ullum
1699 3288 2054 3360 imprimebat
2072 3307 2086 3344 :
2104 3305 2169 3346 ac

578 3392 691 3432 non
718 3393 880 3433 secus
903 3393 1067 3447 quam
1098 3377 1145 3432 si
1168 3377 1397 3431 minime
1420 3377 1468 3431 is
1500 3376 1740 3442 adesset,
1780 3393 1849 3434 ne
1883 3378 2168 3435 minimam

578 3466 799 3537 quidem
817 3465 1017 3520 caloris
1030 3473 1241 3535 partem
1264 3465 1335 3519 ab
1355 3465 1479 3536 igne
1494 3465 1661 3521 arbor
1678 3465 1773 3522 illa
1811 3467 2165 3539 suscipiebat.

650 3555 853 3612 PALL.
883 3555 1029 3623 Quid
1059 3555 1230 3626 igitur
1250 3554 1388 3610 illud
1415 3556 1574 3611 erat?

652 3647 810 3704 ΟΥΕ.
867 3647 1055 3703 lsraeli
1106 3646 1383 3714 nimirum,
1421 3656 1679 3719 tanquam
1707 3648 1947 3706 silvestri
1983 3650 2169 3707 arbori

579 3755 646 3797 ac
671 3740 850 3797 dulcis
892 3741 1116 3813 iustitia:
1157 3741 1369 3797 fructus
1408 3743 1591 3797 nullos
1634 3742 1880 3810 habenti,
1921 3743 2069 3813 quod
2106 3743 2164 3797 in

577 3834 957 3907 Egyptiorum
1005 3834 1221 3906 legibus
1263 3835 1528 3901 aleretur,
1567 3837 1887 3907 angelorum
1928 3836 2168 3891 admini-

581 3928 846 3983 stratione
876 3927 1055 3983 danda
1082 3928 1172 3982 lex
1198 3936 1337 3992 erat,
1373 3943 1496 3997 qua:
1525 3927 1874 3983 illuminandi
1897 3928 2010 3984 vim
2040 3928 2167 3998 qui-

581 4020 708 4075 dem
733 4019 981 4085 haberet,
1006 4020 1055 4075 si
1086 4019 1451 4090 spiritualiter
1478 4019 1894 4090 intelligeretur,
1926 4028 1983 4074 et
2012 4035 2168 4074 men-

585 4114 656 4170 tis
709 4113 970 4168 tenebras
1018 4111 1288 4182 repellere
1332 4119 1518 4181 posset
1569 4110 1760 4181 (habet
1820 4110 1969 4165 enim
2026 4110 2169 4181 ignis

580 4216 800 4272 natura,
840 4216 904 4262 ut
930 4204 1132 4262 efficiat
1164 4204 1225 4259 .id
1247 4203 1530 4276 quoque),
1554 4203 1653 4259 sed
1683 4219 1751 4260 ea
1791 4211 1974 4259 tamen
2020 4203 2168 4259 acci-

582 4300 871 4372 pientibus
911 4297 1127 4353 inutilis
1154 4296 1279 4363 fuit,
1332 4296 1484 4352 nulla
1516 4295 1692 4367 ipsius
1722 4296 1917 4367 culpa;
1950 4311 2165 4361 verum,

583 4392 731 4464 quod
764 4391 827 4457 ii,
862 4390 1196 4462 quibuscum
1231 4388 1516 4460 agebatur,
1551 4387 1778 4444 minime
1807 4388 1994 4444 lumen
2030 4387 2167 4443 illud

2267 3198 2522 3269 αἴσθησιν
2569 3197 2630 3251 δὲ
2683 3196 2764 3268 τῷ
2813 3195 2956 3268 ξύλῳ
3002 3195 3275 3268 μηδεμίαν
3322 3196 3566 3262 ἐντιθεὶς
3613 3198 3709 3269 τῆς
3753 3196 3838 3251 τοῦ

2267 3289 2443 3362 πυρὸς
2469 3289 2770 3361 ἐνεργείας,
2803 3291 2861 3343 ὲν
2895 3290 2998 3360 ῐσῳ
3023 3289 3081 3343 δὲ
3113 3288 3304 3361 ῶσπερ
3334 3291 3383 3344 εἰ
3410 3290 3505 3343 καὶ
3549 3290 3624 3363 μὴ
3651 3289 3837 3361 παρῆν,

2271 3380 2395 3453 μηδ’
2442 3380 2567 3435 ὅσον
2608 3381 2786 3434 εἰπεῖν
2831 3379 3135 3451 θερμασίας
3169 3396 3274 3434 που
3319 3381 3461 3451 τάχα
3510 3381 3621 3452 τῆς
3669 3380 3742 3446 ὡς
3777 3380 3835 3433 ἐκ

2268 3473 2441 3545 πυρὸς
2469 3471 2562 3528 τοῦ
2592 3472 2751 3539 ξύλου
2776 3471 3197 3543 μετεσχηκότος.

2342 3567 2552 3623 ΠΑΔΛ.
2594 3566 2660 3619 Τί
2687 3563 2783 3621 οὖν
2810 3566 2969 3620 τοῦτό
2996 3582 3097 3636 γε;
3136 3556 3139 3559 ’

2340 3656 2506 3711 ΚΥΡ,
2534 3655 2688 3728 Ξύλῳ
2709 3655 2818 3728 γὰρ
2838 3655 3027 3728 ὥσπερ
3048 3657 3226 3730 ἀγρίῳ
3244 3658 3491 3728 γεγονότι
3507 3658 3592 3732 τῷ
3621 3656 3835 3730 Ἰσραὴλ,

2270 3749 2365 3801 κοιλ⁵
2394 3748 2641 3820 καρποὺς
2681 3748 2928 3820 ἡμέρους
2964 3748 3311 3820 δικαιοσύνης
3343 3751 3444 3803 ούκ
3477 3749 3691 3822 ἔχοντι·
3738 3749 3838 3811 τοῖς

2269 3836 2380 3910 γὰρ
2427 3836 2741 3907 Αἰγυπτίων
2790 3837 3081 3909 ἐτρέφοντο
3143 3838 3360 3909 νόμοις·
3412 3840 3443 3892 6
3485 3840 3558 3892 δι’
3610 3837 3837 3908 ἀγγέλων

2269 3928 2466 4001 ἔμελλε
2503 3928 2826 3999 δοθήσεσθαι
2872 3929 3058 4000 νόμος,
3112 3929 3367 3998 φωτίζειν
3409 3931 3507 4001 μὲν
3556 3930 3751 3992 ίκανδς,
3794 3927 3838 3979 εί

2270 4020 2403 4090 γοῦν
2425 4022 2599 4075 νοοῖτο
2621 4020 3026 4091 πνευματικῶς,
3048 4020 3260 4075 καὶτὸν
3283 4023 3364 4085 εἰς
3383 4022 3509 4075 νοῦν
3532 4019 3838 4092 ἀποπέμψαι

2273 4111 2485 4178 σκότον,
2514 4111 2764 4190 ἐνέργεια
2792 4110 2898 4183 γὰρ
2944 4111 3038 4165 καὶ
3063 4112 3160 4182 ἥδε
3210 4096 3401 4179 πυρὸς,
3434 4114 3578 4186 πλὴν
3602 4116 3709 4176 τοῖς
3749 4111 3836 4164 λα-

2271 4204 2457 4259 ϐοῦσιν
2502 4204 2780 4276 ἀνόνητος,
2825 4206 2917 4259 καί
2970 4203 3088 4259 οὔτι
3137 4222 3241 4260 που
3270 4207 3490 4272 πάντως
3518 4208 3589 4262 δι’
3637 4205 3833 4268 ἑαυτὸν,

2271 4297 2388 4351 ἀλλ’
2420 4297 2544 4350 ἐπεί
2574 4314 2658 4351 τοι
2706 4298 2768 4351 τὸ
2790 4296 2907 4367 φῶς
2942 4299 3017 4371 μὴ
3053 4301 3135 4364 είς
3165 4300 3291 4354 νοῦν
3323 4301 3569 4372 ἐδέχοντο
3596 4302 3687 4356 καὶ
3712 4312 3836 4368 xop-

2269 4389 2411 4455 δίαν,
2435 4390 2484 4443 οἱ
2502 4390 2652 4460 ,πρὸς
2675 4388 2769 4455 οὓς
2790 4392 2819 4444 6
2845 4390 3251 4461 Myagﬁaoﬂev
3269 4393 3327 4447 δὲ
3348 4392 3540 4465 ὥσπερ
3567 4387 3836 4465 φωτισμώ

587 4485 642 4539 in
672 4485 916 4538 animum
939 4490 1103 4553 atque
1139 4480 1195 4535 in
1245 4497 1343 4537 cor
1371 4480 1726 4537 admitterent
1756 4498 1771 4534 :
1800 4489 1930 4536 nam
1952 4479 2165 4536 extrin-

2270 4482 2493 4554 δόκησιν
2524 4482 2585 4536 τὸ
2618 4481 2852 4554 γράμμα
2880 4482 3307 4554 πλουτήσαντες,
3332 4486 3470 4557 ὅπερ
3499 4485 3642 4557 ἔχειν
3669 4482 3838 4551 ἐνόμι-

584 4592 748 4632 secus
786 4591 912 4631 cum
962 4575 1162 4630 litterze
1216 4573 1417 4645 opibus
1469 4573 1643 4628 veluti
1690 4572 1877 4642 specie
1927 4571 2166 4643 quadam

586 4668 812 4725 luminis
826 4666 1193 4731 abundarent,
1211 4665 1358 4736 quod
1380 4665 1583 4721 habere
1599 4680 1659 4720 se
1669 4664 1956 4735 putabant,
1976 4680 2167 4719 revera

586 4760 815 4815 minime
844 4758 1142 4813 habebant.
1175 4756 1331 4823 Quod
1377 4757 1544 4829 igitur
1574 4756 1721 4812 circa
1773 4756 1972 4810 rubum
2026 4755 2169 4826 ignis

587 4852 880 4907 videbatur
907 4849 1151 4918 quidem,
1184 4864 1365 4918 neque
1405 4857 1585 4904 tamen
1624 4847 1806 4903 arbori
1843 4847 1920 4902 illi
1944 4863 2167 4903 sensum

587 4943 788 5000 caloris
846 4940 1142 5004 inferebat,
1201 4941 1471 5010 ejusmodi
1520 4940 1807 5012 quidpiam
1856 4940 2167 5012 signiﬁcare

586 5035 827 5091 videtur.
853 5032 1047 5088 Fuisse
1088 5038 1273 5085 autem
1304 5030 1501 5090 inutile
1529 5032 1735 5088 Judaeis
1787 5032 1922 5087 illud
1948 5048 2017 5087 ex
2050 5033 2169 5103 lege

588 5128 798 5191 lumen,
829 5123 1074 5180 declarat
1122 5122 1210 5177 his
1236 5121 1428 5177 verbis
1453 5124 1571 5192 ipse
1615 5122 1864 5180 Salvator
1895 5144 1909 5179 :
1946 5145 1964 5178 ι
1999 5125 2170 5181 Scru-

586 5218 781 5274 tamini
813 5216 1142 5287 Scripturas,
1181 5214 1312 5285 quia
1345 5229 1444 5269 vos
1470 5214 1675 5285 putatis
1735 5215 1792 5269 in
1830 5216 1964 5286 ipsis
2000 5219 2171 5273 vitam

588 5322 853 5365 aeternam
913 5308 1155 5373 habere;
1188 5316 1244 5362 et
1300 5306 1408 5361 illae
1441 5314 1570 5361 sunt
1624 5321 1746 5375 qua:
1789 5308 2171 5364 testimonium

593 5400 887 5471 perhibent
925 5400 993 5456 de
1041 5416 1128 5456 me
1163 5418 1175 5453 :
1210 5407 1265 5455 et
1287 5413 1397 5454 non
1419 5397 1586 5453 vultis
1630 5397 1819 5453 venire
1863 5399 1933 5454 ad
1967 5416 2077 5465 me,
2112 5411 2173 5457 ut

592 5493 761 5547 vitam
782 5499 1042 5547 αξιοι-ηοω
1077 5492 1326 5547 habeatis
1352 5492 1417 5544 ⁸⁷.
1444 5511 1461 5543 ι
1495 5491 1562 5545 Ει
1597 5498 1720 5562 post
1761 5506 1958 5561 pauca,
1983 5508 2173 5550 rursus

590 5582 905 5641 Iudaeorum
955 5582 1245 5654 magistros
1309 5581 1703 5653 perstringens,
1783 5598 1848 5638 ac
1903 5585 2168 5655 populum

669 5762 717 5797 ⁸⁸
742 5761 915 5820 Exod.
957 5777 1037 5827 ιιι,
1076 5760 1131 5829 2,
1171 5764 1221 5819 5.
1299 5765 1344 5796 ⁸⁷
1379 5767 1535 5823 .l::an.
1580 5789 1631 5838 v,
1662 5772 1751 5828 59.

2276 4576 2513 4641 ζον,οὐκ
2569 4571 2716 4646 εἶχον
2760 4575 2997 4648 ἀληθῶς.
3035 4576 3325 4648 Τοιγάρτοι
3368 4578 3497 4648 περὶ
3550 4579 3640 4632 τὸν
3688 4574 3837 4645 βάτον

2283 4670 2383 4738 μὲν
2409 4667 2642 4740 ὁρᾶσθαι
2669 4668 2731 4721 τὸ
2757 4667 2888 4740 πῦρ,
2924 4668 3001 4740 μὴ
3033 4668 3138 4739 μὴν
3163 4670 3244 4722 ἔτι
3279 4670 3373 4723 καὶ⁹
3419 4669 3717 4740 θερμασίας
3761 4662 3837 4716 αἴ-

2277 4759 2467 4829 σθησιν
2497 4758 2698 4813 ἐνιέναι
2731 4757 2810 4829 τῷ
2848 4757 3010 4830 ξύλῳ,
3042 4758 3345 4830 παραδηλοῖ
3391 4777 3444 4813 τι
3495 4759 3731 4813 τοιοῦτον
3768 4752 3837 4814 ὦς

2275 4851 2341 4920 γέ
2368 4867 2458 4920 μοι
2478 4850 2775 4904 δοκεῖ.’οτι
2800 4848 2856 4903 δὲ
2879 4851 3134 4920 ἀνόνητον
3185 4851 3455 4916 Ἰουδαίοις
3487 4852 3550 4906 τὸ
3576 4854 3636 4907 ὲκ
3655 4845 3742 4903 τοῦ
3760 4846 3837 4899 νό-

2280 4962 2382 5017 μου
2428 4944 2619 5013 γέγονε
2669 4941 2805 5012 φῶς,
2847 4945 3102 5014 σαφηνιεί
3143 4943 3316 5013 λέγων
3348 4945 3513 5010 αὐτὸς
3558 4947 3587 4999 6
3628 4941 3833 5010 Σωτήρ·

2275 5054 2293 5086 ι
2344 5035 2629 5105 Ἐρευνᾶτε
2661 5033 2758 5095 τὰς
2784 5033 3005 5105 Γραφὰς
3029 5033 3112 5088 ὅτι
3151 5035 3309 5104 ὑμεῖς
3336 5036 3541 5089 δοκεῖτε
3580 5037 3636 5088 ὲν
3661 5029 3834 5089 αὐταῖς

2269 5128 2417 5200 ζωὴν
2460 5127 2675 5182 αίὼνιον
2710 5127 2884 5199 ἔχειν*
2914 5128 3007 5183 καὶ
3047 5129 3251 5183 ἐκεῖναί
3284 5130 3423 5184 εἰσιν
3455 5132 3513 5184 αί
3547 5121 3835 5202 μαρτυροῦ-

2273 5236 2364 5272 σαι
2404 5220 2537 5291 περὶ
2584 5219 2742 5291 ἐμοῦ.
2785 5220 2894 5275 Καὶ
2925 5221 2988 5274 οὐ
3022 5220 3206 5276 θέλετε
3251 5223 3427 5277 ἐλθεῖν
3473 5224 3609 5297 πρὸς
3642 5220 3727 5293 μὲ.
3758 5215 3834 5268 ἵνα

2271 5309 2418 5382 ζωὴν
2465 5311 2681 5365 αἰώνιον
2710 5311 2892 5383 ἔχητε.
2943 5332 2962 5366 ι
2998 5313 3109 5368 Kal.
3151 5315 3271 5386 μεθ’
3302 5316 3465 5389 ἕτερα
3504 5315 3678 5373 πάλιν.
3711 5306 3833 5379 πρὸς

2281 5402 2407 5465 τοὺς
2435 5402 2545 5455 τῶν
2582 5403 2851 5458 Ἰουδαίων
2896 5405 3236 5476 καθηγητὰς,
3279 5408 3374 5460 καὶ
3422 5409 3557 5479 πρὸς
3591 5405 3755 5461 πάντα
3781 5396 3831 5451 δι

2279 5490 2369 5545 τὸν
2418 5490 2575 5546 λαόνο
2625 5513 2643 5547 ι
2674 5495 2766 5565 Μὴ
2798 5496 3007 5550 δοκεῖτε
3034 5500 3118 5553 ὅτι
3162 5498 3275 5568 ἐγὼ
3314 5500 3670 5573 κατηγορήσω
3694 5488 3832 5561 ὑμῶν

2279 5585 2417 5659 πρὸς
2463 5584 2556 5641 τὸν
2603 5586 2852 5660 Πατέραο
2886 5589 3034 5645 ἐστιν
3079 5593 3108 5646 6
3161 5593 3484 5665 κατηγορῶν
3523 5589 3669 5666 ὑμῶν
3715 5582 3832 5640 Μωο
