4082 6304
318 336 417 392 255

309 452 444 521 σῆς,
498 454 583 521 ἐφ’
638 454 700 508 6v
741 457 896 526 ὑμεῖς
948 459 1246 528 ἠλπίκατεο

303 545 496 616 Μωσῇ,
545 547 862 602 ἐπιστεύετε
907 550 973 604 ἀν
1008 552 1148 622 ὲμοί·
1186 553 1448 626 περὶγὰρ
1494 554 1628 624 ἐμοῦ
1671 555 1874 616 ἐκεῖνος

302 636 562 706 ἔγραψεν.
594 639 657 692 Εἰ
685 639 744 692 δὲ
791 644 900 704 τοῖς
945 643 1151 697 ἐκείνου
1203 647 1440 716 ῥήμασιν
1471 647 1532 699 οὐ
1567 644 1871 708 πιστεύετε,

301 728 418 791 πῶς
461 733 574 794 τοῖς
605 732 756 813 ἐμοῖς
798 734 1006 804 ῥήμασι
1042 737 1358 791 πιστεύσετε
1378 754 1398 804 ·;
1449 756 1468 790 ι
1499 737 1564 792 Οί
1598 739 1708 809 γάρ
1736 737 1873 800 ὅλως

296 824 400 892 τὴν
428 823 515 876 διὰ
550 824 718 893 νόμου
755 828 1090 896 στοιχείωσιν
1123 829 1476 898 ἀμαθέστατα·
1499 828 1871 898 διωθούμενοι,

303 914 419 977 πῶς
442 915 510 968 ἂν
531 915 857 980 είσδέξαιντο
889 918 975 971 διὰ
1003 919 1260 990 Χριστοῦ,
1291 919 1383 972 τοῦ
1427 919 1642 984 τελείως
1664 918 1870 988 ἀγαθοῦ

293 1005 398 1075 τὴν
428 1008 632 1074 γνῶσιν
658 1011 1013 1081 είσφὲροντα;
1040 1012 1343 1082 Καιόμενον
1375 1013 1473 1083 μὲν
1502 1012 1732 1082 βλέπων,
1775 1029 1872 1064 καο

293 1096 700 1169 ταφλεγόμενον
719 1100 776 1154 δὲ
806 1102 924 1172 οὐχὶ
942 1103 1033 1155 τὸν
1054 1101 1232 1172 βάτον,
1264 1103 1378 1156 ἀλλ’
1406 1103 1526 1157 οὐδὲ
1553 1104 1769 1158 εἴκοντα
1794 1102 1872 1174 τῷ

298 1188 455 1257 πυρὶ,
484 1188 839 1260 κατετεθὴπει
865 1191 1049 1244 λοιπὸν
1074 1192 1102 1244 6
1163 1192 1430 1262 μακάριος
1457 1193 1681 1262 Μωσῆς,
1711 1191 1762 1245 τί
1793 1193 1875 1245 ὅτι

294 1276 358 1328 οὐ
386 1279 739 1332 κατακαίεται
765 1282 792 1333 6
821 1279 1000 1349 βάτος.
1021 1282 1413 1353 Καταπλαγείη
1443 1283 1550 1354 γὰρ
1583 1283 1650 1338 ἀν
1672 1301 1754 1346 τις
1772 1284 1871 1354 τῆς

293 1368 530 1423 είσάπαν
562 1370 917 1441 ἀναισθησίας
944 1372 1035 1425 τὸν
1079 1373 1314 1444 Ἰσραὴλ,
1347 1377 1396 1428 ot
1435 1374 1776 1446 συλλήπτορά
1809 1393 1870 1428 τε

195 1523 198 1527 _
292 1459 393 1511 καὶ
416 1461 632 1530 ἀρωγὸν
665 1463 756 1516 τὸν
785 1463 935 1534 παρὰ
971 1465 1105 1520 Θεοῦ
1138 1466 1421 1538 δεξάμενοι
1450 1467 1634 1537 νόμον,
1668 1466 1870 1521 καὶτὸν

287 1549 359 1602 δι’
407 1552 572 1605 αὐτοῦ
607 1555 886 1625 φωτισμὸν
939 1555 1360 1630 πλουτήσαντες,
1412 1553 1531 1612 εἶτα
1572 1558 1729 1626 λόγου
1763 1577 1870 1629 μη-

1047 344 1134 399 DE
1173 344 1611 401 ADORATIONE
1653 342 1719 398 IN
1759 343 2027 400 SPIRI'I'U
2065 345 2152 399 ET
2193 345 2572 402 VERITATE.
2617 347 2746 402 LIB.
2790 348 2854 402 II.

3453 346 3560 401 25-6

1297 463 1346 514 si
1401 462 1510 534 γὰρ
1552 462 1859 517 ἐπιστεύετε

1976 461 2300 517 universum
2335 483 2346 518 :
2383 484 2400 516 ι
2435 465 2616 520 Nolite
2638 475 2851 535 putare,
2884 465 3084 536 inquit,
3111 465 3241 536 quia
3260 480 3360 536 ego
3392 480 3556 519 accu—

1977 564 2192 608 saturus
2207 569 2326 608 sum
2338 569 2435 626 vos
2449 555 2593 625 apud
2605 556 2817 611 Patrem
2837 574 2848 608 :
2865 565 2948 611 est
2960 556 3052 626 qui
3075 563 3294 611 accusat
3306 570 3401 612 vos
3411 554 3554 626 Moy-

1975 660 2082 709 ses,
2103 646 2156 699 in
2170 661 2280 715 quo
2292 625 2584 717 sperastis;
2607 649 2651 703 si
2683 649 2830 703 enim
2848 649 3147 704 crederetis
3157 649 3346 722 Moysi,
3365 649 3554 704 crede—

1974 735 2106 790 retis
2121 737 2346 793 forsitan
2369 748 2424 793 et
2442 739 2577 792 mihi
2593 756 2608 803 ;
2626 738 2694 793 de
2717 739 2972 794 meenim
2996 739 3086 794 ille
3111 739 3349 809 scripsit.
3375 739 3430 794 Si
3457 754 3552 793 auo

1927 852 1930 854 ·
1973 838 2084 886 tem
2119 829 2484 884 illiuslitteris
2512 845 2620 884 non
2647 829 2893 894 creditis,
2915 830 3192 900 quomodo
3211 829 3395 885 verbis
3412 831 3549 884 meis

1972 921 2208 976 credetis
2233 919 2369 972 ⁸⁸⁸9»
2425 919 2532 987 Qui
2575 920 2725 976 enim
2777 921 2999 990 penitus
3055 920 3192 990 legis
3241 920 3550 975 rudimenta

1971 1012 2294 1068 stultissime
2320 1014 2644 1084 rejecerant,
2677 1013 2717 1067 ii
2746 1028 2984 1083 quanam
3045 1011 3257 1066 ratione
3291 1010 3550 1080 perfectae

1973 1103 2192 1158 virtutis
2246 1104 2638 1174 cognitionem,
2696 1105 2919 1160 Christo
2971 1103 3241 1166 tradente,
3297 1102 3548 1171 percipe-

1971 1192 2288 1249 rent?Cum
2326 1194 2491 1264 igitur
2543 1194 2735 1249 ardere
2781 1194 3004 1264 quidem
3063 1193 3261 1248 rubum
3310 1191 3544 1256 videret,

1970 1285 2198 1340 minime
2260 1295 2445 1340 tamen
2496 1285 2766 1346 comburi,
2823 1292 2987 1354 atque
3047 1283 3184 1338 adeo
3236 1299 3306 1337 ne
3351 1280 3547 1337 cedere

1970 1375 2194 1446 quidem
2233 1375 2486 1440 ﬂammis,
2551 1375 2836 1447 obstupuit
2888 1376 3083 1430 beatus
3128 1374 3356 1445 Moyses,
3389 1372 3545 1443 quid‘

1969 1483 2098 1523 nam
2134 1476 2301 1534 esset,
2340 1468 2487 1538 quod
2536 1483 2647 1523 non
2707 1467 3126 1522 combureretur
3168 1465 3358 1518 rubus.
3408 1463 3543 1518 Nam

1969 1574 2246 1615 summum
2298 1560 2517 1616 Israelis
2579 1569 2859 1631 stuporem
2914 1557 3173 1614 admirari
3228 1557 3378 1620 licet,
3423 1555 3540 1624 qui,

1968 1666 2094 1706 cum
2127 1649 2416 1705 fautricem
2445 1649 2899 1728 adjutricemque
2939 1663 2970 1702 a
3028 1647 3142 1701 Deo
3175 1646 3350 1716 legem
3379 1659 3541 1720 acce-

1968 1742 2194 1812 pissent,
2246 1743 2474 1813 ejusque
2516 1741 2660 1812 legis
2702 1739 3065 1794 illustratione
3111 1737 3270 1791 ditati
3327 1745 3539 1799 essent,

285 1642 441 1707 δενὸς
482 1646 760 1712 ἀξιοῦντες
806 1647 868 1702 τὸ
909 1649 1120 1721 χρῆμα,
1173 1652 1310 1721 μήτε
1351 1651 1458 1722 μὴν
1501 1653 1581 1715 είς
1614 1649 1738 1705 νοῦν
1775 1653 1868 1705 καὶ⁵

285 1734 521 1805 καρδίαν
562 1740 987 1811 εἰσοικισάμενοι
1021 1742 1082 1794 τὸ
1117 1741 1289 1807 δοθὲν,
1329 1742 1658 1812 ἀνωφέλητοι
1693 1759 1867 1814 μεμε·

283 1829 521 1898 νήκασι·
571 1831 763 1904 νεκρὸς
820 1831 932 1904 γὰρ
979 1832 1164 1904 ὥσπερ
1225 1833 1406 1897 αὐτοῖς
1473 1833 1698 1898 είκότως
1756 1834 1851 1887 καὶ

1957 1848 2075 1888 rem
2107 1839 2314 1888 tantam
2361 1833 2512 1887 nullo
2552 1833 2676 1887 loco
2715 1831 3051 1894 habuerunt,
3117 1843 3299 1898 neque
3334 1827 3540 1882 donum

280 1920 678 1993 ἀπεψυγμένους
715 1928 744 1979 6
771 1927 894 1991 νοῦς
914 1944 927 1958 ·
971 1929 1112 1982 εἴποι
1151 1928 1196 1983 δ’
1233 1929 1300 1983 ἄν
1330 1947 1415 1993 τις
1442 1929 1536 1984 καὶ
1568 1929 1654 1983 ἐπ’
1676 1929 1859 1994 αὐτοῖς

1967 1923 2071 1980 hoc
2103 1923 2160 1979 in
2214 1924 2414 1980 mentis
2442 1923 2736 1993 cordisque
2785 1921 3064 1976 domicilio
3095 1919 3538 1981 collocaverunt;

279 2013 512 2076 εἰκότως
539 2030 551 2044 ·
586 2017 652 2068 Τί
699 2018 781 2070 ὅτι
817 2018 881 2071 οὐ
919 2019 1273 2074 κατακαίεται
1303 2021 1330 2073 6
1363 2020 1557 2090 βάτος;
1587 2016 1624 2093 ἦ
1661 2019 1768 2090 γὰρ
1793 2018 1859 2074 ἂν

1968 2017 2150 2087 itaque
2187 2017 2393 2072 nullam
2427 2016 2720 2072 utilitatem
2753 2030 2819 2071 ex
2853 2030 2915 2068 ea
2940 2019 3346 2084 perceperunt:
3387 2024 3538 2062 mor-

277 2103 533 2169 ὲγένοντο
561 2103 684 2174 μεθ’
703 2106 862 2176 ήμῶν
888 2107 969 2178 τῷ
995 2108 1264 2178 πνεύματι
1298 2106 1531 2172 ζέοντες.

1968 2117 2096 2164 tuus
2125 2110 2272 2164 enim
2302 2117 2386 2164 est
2412 2108 2556 2179 apud
2582 2108 2722 2172 illos,
2756 2106 3038 2170 nimirum,
3079 2112 3244 2174 atque
3271 2100 3541 2158 exanimis

247 2189 578 2275 Scriptura:
635 2208 876 2249 sensus:
939 2211 1118 2266 neque
1183 2195 1416 2252 absurde
1478 2197 1546 2251 de
1600 2196 1704 2251 illis
1749 2197 1856 2251 dici
1896 2206 2094 2266 potest,
2139 2198 2285 2267 quod
2305 2198 2529 2253 minime
2557 2196 2916 2251 comburatur
2967 2195 3172 2258 rubus;
3201 2192 3310 2265 63
3331 2185 3536 2260 alioqui

273 2287 573 2343 nobiscum
606 2297 792 2344 essent
815 2291 1010 2361 spiritu
1035 2290 1330 2348 ferventes.

351 2381 566 2434 ΠΑΛΛ.
599 2367 690 2436 Εδ’
707 2383 860 2454 εφης.

2031 2384 2227 2440 PALL.
2255 2383 2471 2454 Optime
2505 2383 2738 2437 dictum.

346 2471 516 2525 ΚΥΡ.
573 2474 756 2528 Ἔοικε
801 2474 858 2528 δὲ
909 2477 1002 2530 καὶ
1057 2476 1259 2549 ἑτέρων
1313 2479 1447 2548 ἡμῖν
1500 2477 1715 2533 ἐννοιῶν
1763 2479 1859 2533 οὐκ

2029 2476 2186 2534 CYR.
2228 2476 2458 2531 Videtur
2513 2483 2696 2530 autem
2740 2474 2973 2528 aliorum
2998 2486 3214 2542 quoque
3250 2486 3532 2536 sensuum,

268 2563 468 2634 ἀμαθῆ
513 2563 746 2637 θεωρίαν
777 2567 1094 2637 ὑποφαίνειν
1122 2569 1184 2622 τὸ
1215 2570 1423 2642 χρῆμα.
1455 2569 1721 2625 Μέλλουσι
1755 2570 1859 2642 γὰρ

1959 2586 2069 2628 non
2121 2570 2359 2640 ineptam
2417 2567 2834 2637 intelligentiam
2887 2565 2992 2619 hoe
3037 2563 3242 2618 factum
3303 2563 3535 2618 latenter

271 2650 382 2722 ήδη
426 2654 540 2716 τοῖς
571 2652 630 2714 ἐξ
688 2655 903 2728 Ἰσραὴλ
950 2659 1052 2727 γῆς
1095 2658 1193 2728 τῆς
1237 2659 1548 2726 Αἰγυπτίων
1581 2657 1859 2729 ἀπαίρειν,

1960 2660 2248 2717 ostendere
2287 2677 2298 2712 :
2338 2656 2598 2712 Israelitis
2626 2655 2794 2719 enim,
2833 2669 2960 2709 eum
3001 2654 3112 2724 jam
3145 2668 3212 2706 ex
3248 2650 3532 2723 Egyptia-

271 2741 378 2794 καὶ
407 2739 520 2796 οἷον
565 2742 776 2798 οὖδέπω
820 2747 911 2800 τὸν
947 2747 1046 2817 τῆς
1092 2748 1412 2820 ἀνεθελήτου
1463 2749 1682 2821 θητείας
1722 2751 1857 2806 ἀπο-

1963 2767 2084 2808 rum
2108 2758 2251 2805 terra
2276 2746 2571 2818 profecturi
2589 2752 2804 2809 essent,
2843 2759 2908 2800 ac
2932 2743 3096 2814 paulo
3116 2749 3239 2812 post
3265 2743 3532 2814 abjecturi

272 2831 524 2886 σείεσθαι
553 2834 736 2904 ζυγὸν,
763 2835 932 2891 διάτοι
959 2838 1116 2893 τοῦτο
1150 2843 1268 2906 ταῖς
1296 2842 1387 2895 τοῦ
1417 2843 1738 2914 κρατοῦντος
1777 2843 1856 2898 ἔτι

1958 2850 2164 2899 coactas
2207 2839 2489 2896 servitutis
2529 2839 2744 2909 jugum,
2789 2849 3023 2907 eumque
3059 2833 3132 2887 ob
3156 2848 3276 2887 eam
3313 2847 3533 2888 causam

271 2924 646 2994 προσκρούειν
697 2925 887 2997 ὀργαῖς
941 2932 1162 3000 σημεῖον
1193 2932 1363 2986 ὲδέδου
1393 2935 1525 2998 Θεὸς
1553 2935 1614 2988 τὸ
1644 2936 1735 2990 ἐπὶ
1762 2935 1855 2990 τοῦ

1962 2931 2205 2985 futurum
2241 2937 2387 2986 esset
2425 2935 2486 2982 ut
2530 2926 2640 2982 iras
2679 2924 2950 2995 principis
2982 2929 3426 2985 commoverent,
3475 2920 3532 2974 in

273 3013 445 3084 βάτου
471 3015 747 3088 δρώμενον
769 3035 781 3048 ·
811 3020 889 3072 ὅτι
915 3021 1007 3072 καὶ
1036 3022 1202 3076 αὐτοῦ
1227 3025 1397 3096 πυρὸς
1425 3027 1679 3096 ἀμείνους
1709 3027 1856 3081 ἔσον-

1961 3023 2118 3092 cujus
2151 3019 2332 3073 adhuc
2383 3017 2592 3071 ditione
2639 3023 2817 3077 erant,
2850 3012 3086 3083 prodigii
3114 3012 3236 3066 loco
3288 3009 3533 3066 ostendit

271 3122 369 3160 ται
401 3106 560 3170 πολὺ,
597 3109 690 3161 καὶ
725 3111 836 3171 τοῖς
864 3109 1068 3164 ἀδικεῖν
1124 3113 1394 3182 ἰσχύουσιν
1429 3115 1528 3187 οὐχ
1569 3116 1856 3189 ἀλώσιμοι,

1962 3113 2107 3168 Deus
2141 3109 2296 3175 illud,
2337 3109 2484 3179 quod
2509 3107 2774 3178 agebatur
2796 3107 2854 3160 in
2884 3104 3048 3169 rubo,
3094 3118 3204 3173 quo
3233 3100 3530 3172 portende-

272 3195 428 3250 κατά
444 3214 508 3265 γε
531 3197 612 3259 τὸ,
629 3193 801 3268 οἶμαι,
825 3199 1139 3271 θεοπρεπῶς
1159 3204 1444 3274 είρημένον
1463 3220 1477 3236 ο
1502 3223 1520 3256 ι
1547 3207 1638 3278 Μὴ
1667 3206 1855 3275 φοϐοῦ,

1961 3213 2115 3258 retur
2147 3202 2271 3256 illos
2293 3201 2378 3254 vel
2409 3199 2533 3270 igne
2563 3199 2682 3269 ipso
2711 3199 2870 3268 longe
2930 3195 3240 3265 superiores
3289 3193 3526 3256 futuros,

271 3288 364 3341 ὅτι
399 3287 540 3358 μετὰ
582 3287 675 3342 σοῦ
702 3290 835 3359 εἰμι.
863 3288 998 3359 Φλὸξ
1034 3292 1093 3345 ού
1128 3293 1462 3349 κατακαύσει
1506 3313 1588 3363 σε,
1621 3299 1858 3368 ποταμοὶ

1957 3307 2135 3362 neque
2159 3291 2227 3345 ab
2261 3290 2329 3345 iis
2370 3287 2778 3359 expugnandos,
2804 3285 2897 3357 qui
2940 3284 3140 3341 inferre
3175 3291 3399 3353 possent
3442 3281 3529 3336 in-

271 3381 342 3433 οὑ
380 3379 757 3435 συνκλείσουσί
789 3401 871 3437 σε.
913 3403 933 3436 ι

1957 3385 2176 3454 juriam,
2205 3383 2360 3453 juxta
2381 3379 2538 3444 illud,
2571 3379 2789 3450 opinor,
2824 3376 2973 3447 quod
3017 3374 3282 3430 divinitus
3321 3371 3529 3426 dictum

1957 3485 2041 3530 est
2077 3493 2088 3528 :
2121 3494 2138 3526 ι
2192 3475 2271 3529 Ne
2300 3473 2514 3537 timeas,
2557 3471 2819 3542 quoniam
2878 3479 3060 3524 tecum
3099 3482 3224 3522 sum
3261 3483 3274 3518 :
3311 3463 3526 3520 ﬂamma

357 3653 564 3708 [ΙΑΛΛ.
598 3654 818 3726 Εὺφυὴς
848 3659 875 3712 6
904 3657 1079 3726 λόγος.

352 3744 516 3798 ΚΥΡ.
552 3745 757 3801 Οὐκοῦν
788 3748 1043 3819 ἐτεθήπει
1077 3748 1176 3819 μὲν
1201 3743 1303 3802 ὧδε
1329 3750 1389 3802 τὸ
1418 3751 1596 3819 ὅραμα
1619 3750 1849 3816 Μωσῆς·

272 3834 375 3887 καὶ
407 3834 470 3904 δὴ
502 3836 596 3887 καὶ
623 3837 875 3907 προσέθει
907 3839 967 3891 τὸ
988 3838 1159 3909 ἀγχοῦ
1200 3838 1451 3907 γενέσθαι
1476 3837 1673 3892 ποθῶν.
1706 3859 1722 3890 ι
1768 3838 1853 3902 Ὠς

273 3925 339 3976 δὲ
381 3919 512 3988 εἶδε,
550 3927 702 3995 φησὶ,
738 3927 940 3999 Κύριος
971 3930 1052 3983 ὅτι
1099 3930 1365 4001 προσάγει
1412 3930 1565 3992 ίδεῖν,
1600 3928 1852 3981 ἐκάλεσεν

274 4015 443 4069 αὑτὸν
485 4018 550 4068 ὲκ
594 4017 687 4071 τοῦ
735 4017 918 4086 βάτου,
946 4020 1152 4089 λέγων·
1188 4019 1397 4091 Μωσῆ,
1447 4020 1639 4088 Μωσῆ.
1696 4019 1754 4068 ’0
1794 4018 1851 4070 δὲ

276 4100 399 4157 εἷπε
418 4118 432 4129 ’
465 4105 531 4157 Τί
560 4107 703 4173 ἐστι;
729 4107 822 4178 Μή
851 4110 1075 4182 ἐγγίσῃς
1102 4104 1224 4174 ὧδε,
1246 4110 1404 4164 λύσαι
1427 4110 1487 4163 τὸ
1515 4109 1764 4179 ὑπόδημα
1788 4109 1852 4160 ὲκ

276 4193 387 4246 τῶν
429 4195 610 4248 ποδῶν
643 4214 756 4259 σου,
789 4201 816 4251 6
849 4201 956 4269 γὰρ
981 4201 1163 4265 τόπος,
1198 4204 1256 4255 ἐν
1295 4195 1339 4269 ᾧ
1380 4202 1442 4254 σὺ
1474 4201 1729 4270 ἕστηκας,
1783 4201 1849 4271 Υῆ

276 4285 410 4353 ἁγία
440 4287 576 4340 ἐστί.
620 4306 638 4339 ι
671 4289 854 4358 Νόμου
886 4291 941 4344 δὲ
977 4291 1144 4355 τύπος
1182 4283 1311 4364 ἡμῖν
1338 4295 1366 4344 6
1398 4294 1665 4362 μακάριος
1700 4291 1849 4344 ἔσται

277 4378 512 4446 Μωσῆς·
543 4397 562 4429 ι
592 4380 794 4434 Μωσὲα
817 4383 925 4453 γὰρ
948 4383 1127 4452 ἔχουσι
1153 4385 1244 4437 καὶ
1267 4385 1393 4446 τοὺς
1417 4384 1718 4454 προφήτας,
1749 4401 1767 4434 ι
1793 4383 1850 4436 ἐν

280 4469 655 4538 εὐαγγελικοῖς
685 4469 1016 4542 θεσπίσμασί
1041 4491 1202 4544 φησιν
1234 4476 1262 4527 6
1284 4475 1548 4544 μακάριος
1576 4474 1845 4546 Ἀϐραάυ..

281 4560 368 4631 Μή
395 4578 512 4624 πως
537 4561 797 4616 ἀπίθανόν
823 4578 904 4614 σοι
933 4563 992 4614 τὸ
1019 4563 1168 4633 ῥῆμα
1191 4562 1370 4626 δοκεῖ;

352 4735 560 4790 ΠΑΛΛ.
599 4739 671 4792 Οὐ
707 4740 805 4810 μὲν
837 4737 962 4794 οὖν·
994 4741 1157 4811 νόμου
1192 4742 1296 4811 γὰρ
1338 4742 1622 4810 πρόσωπον
1657 4744 1684 4794 6
1724 4743 1853 4796 Μω-

288 4842 404 4894 σης.

354 4918 519 4973 ΚΥΡ.
555 4921 833 4992 Κέκληται
859 4923 1038 4976 τοίνυν
1067 4924 1096 4976 6
1144 4922 1375 4994 Ἰσραὴλ,
1407 4922 1500 4976 καὶ
1536 4923 1568 4993 ἡ
1593 4922 1734 4977 κατά
1764 4923 1854 4976 νὸ-

287 5027 383 5077 μον
421 5011 516 5064 καὶ
554 5013 657 5066 ὑπὸ
697 5015 860 5084 νόμον
902 5015 1089 5086 ἀγέλη.
1133 5033 1151 5066 ι
1189 5015 1394 5086 Κύριος
1428 5014 1558 5087 γὰρ,
1603 5033 1621 5066 ι
1670 5014 1854 5082 φησὶν.

289 5115 307 5147 ι
351 5101 378 5152 6
417 5099 550 5165 Θεὸς
592 5102 698 5155 τῶν
741 5103 1005 5175 Ἐϐραίων
1050 5103 1416 5175 προκέκληται
1449 5103 1613 5174 ἡμᾶς.
1673 5119 1690 5153 ι
1740 5101 1850 5154 Καὶ

284 5185 557 5257 ὑπήκουσε
589 5191 687 5261 μὲν
719 5192 798 5262 τῷ
826 5193 1077 5247 καλοῦντι
1104 5192 1240 5263 Θεῷ,
1279 5193 1422 5247 καθά
1447 5194 1540 5247 καὶ
1565 5193 1593 5245 6
1619 5191 1846 5260 Μωσῆς’

291 5295 308 5328 ι
342 5279 523 5333 Πάντα
546 5281 655 5351 γὰρ
679 5283 779 5336 ὅσα
806 5279 927 5337 εἷπε
955 5285 1160 5357 Κύριος
1181 5289 1208 5339 6
1237 5285 1388 5350 Θεὸς,
1411 5286 1728 5355 ποιήσομεν,
1757 5281 1850 5333 καὶ

285 5366 644 5440 ἀκουσόμεθα.
677 5391 697 5426 ι
734 5373 950 5445 Ἐπειδὴ
978 5375 1034 5428 δὲ
1061 5376 1268 5444 καὶτῆς
1301 5374 1438 5430 κατὰ
1460 5377 1619 5444 νόμον
1647 5374 1846 5426 ὑποτα-

287 5459 384 5527 ﬁt;
414 5460 690 5534 ἠδύναμις
719 5465 816 5536 οὐχ
842 5467 999 5540 ίκανὴ
1021 5467 1153 5539 πρὸς
1188 5467 1449 5537 κάθαρσιν
1468 5507 1483 5532 ,
1510 5485 1529 5518 ι
1569 5463 1849 5519 ’Λδύνατον

287 5554 393 5625 γὰρ
419 5552 558 5626 αἷμα
595 5563 811 5633 ταύρων
842 5565 934 5616 καὶ
975 5565 1187 5635 τράγων
1217 5565 1462 5633 ὑφαιρεῖν
1493 5561 1777 5632 ἁμαρτίας·
1827 5576 1842 5605 ι

459 5672 503 5702 ⁸⁸
529 5676 686 5732 Joan.
722 5695 772 5739 ν,
802 5680 885 5733 45.

291 5755 404 5792 xm-
458 5741 511 5793 '5.

610 5835 876 5891 P.\'I‘R()l..
921 5834 1031 5889 Gn.
1080 5831 1332 5889 LXVIII.

960 5680 1002 5709 ⁸⁹
1028 5681 1131 5732 Isa.
1162 5695 1309 5741 mu,
1347 5679 1399 5732 Pi.
1475 5679 1520 5709 9°
1551 5676 1720 5730 Exod.
1756 5691 1811 5726 ιιι
1865 5673 1896 5727 6
1927 5686 2076 5738 seqq.

1958 3580 2067 3619 non
2087 3572 2282 3619 exuret
2306 3570 2378 3625 te,
2408 3560 2636 3615 ﬂumina
2661 3575 2772 3614 non
2801 3555 3126 3628 cooperient
3143 3563 3197 3610 te
3221 3553 3286 3606 ⁸⁸.
3325 3573 3342 3604 ι

2025 3649 2220 3704 PALL.
2260 3649 2543 3718 Ingeniosa
2571 3648 2863 3718 expositio.

2023 3737 2180 3793 CYR.
2205 3738 2391 3808 Itaque
2413 3737 2644 3808 Moyses,
2665 3737 2770 3791 hoc
2791 3733 3101 3805 spectaculo
3134 3731 3418 3796 attonitus,
3442 3732 3528 3786 vi-

1955 3829 2120 3885 dendi
2165 3830 2347 3884 studio
2383 3828 2608 3899 propius
2645 3826 2885 3882 accurrit
2923 3842 2936 3878 :
2983 3843 3000 3875 ι
3046 3823 3118 3879 Ut
3149 3831 3330 3878 autem
3388 3823 3530 3878 vidit
3606 3864 3612 3872 .

1954 3921 2234 3986 Dominus,
2272 3921 2468 3992 inquit,
2495 3919 2638 3990 quod
2676 3918 3071 3990 propinquaret
3114 3914 3181 3969 ad
3199 3913 3524 3979 videndum,

1953 4012 2166 4068 vocavit
2209 4027 2334 4066 eum
2383 4011 2450 4066 de
2479 4011 2618 4064 rubo
2652 4009 2842 4065 dicens
2876 4025 2890 4062 :
2921 4007 3150 4079 Moyses,
3175 4005 3402 4077 Moyses.
3431 4006 3527 4062 Illo

1953 4112 2136 4158 autem
2165 4101 2448 4173 respondit
2479 4119 2492 4153 ;
2518 4099 2658 4167 Quid
2692 4099 2812 4154 est?
2830 4098 2897 4153 At
2918 4095 3008 4150 ille
3033 4095 3201 4149 dixit:
3227 4094 3304 4148 Ne
3327 4108 3526 4164 appro~

1953 4193 2071 4263 pies
2104 4193 2212 4247 huc
2248 4211 2259 4246 :
2291 4194 2439 4247 solve
2497 4191 2928 4246 calceamentum
2989 4187 3057 4242 de
3095 4185 3330 4256 pedibus
3379 4184 3522 4249 tuis;

1952 4283 2106 4338 locus
2159 4284 2326 4349 enim,
2373 4283 2430 4336 in
2476 4297 2585 4353 quo
2618 4290 2675 4335 tu
2704 4291 2838 4344 stas,
2884 4289 3031 4335 terra
3054 4286 3242 4351 sancta
3264 4285 3349 4332 est
3378 4276 3446 4329 ’°.
3498 4295 3516 4327 ι

1953 4373 2113 4443 Legis
2166 4389 2328 4444 porro
2380 4372 2604 4442 ﬁguram
2684 4371 2881 4426 beatus
2931 4369 3146 4441 Moyses
3208 4367 3429 4422 tenebat
3495 4381 3514 4419 :

1880 4436 1926 4490 θ
1961 4483 1980 4514 ‹
2019 4436 2238 4534 Moysen
2286 4436 2487 4532 quippe
2523 4461 2726 4515 habent
2790 4477 2853 4515 ac
2881 4436 3172 4530 propbetas
3221 4461 3326 4524 “,1
3367 4459 3443 4512 ait
3467 4459 3521 4513 in

1953 4552 2282 4623 cvangelicis
2328 4551 2566 4607 oraculis
2615 4551 2704 4606 ille
2753 4551 2948 4605 beatus
2989 4551 3282 4605 Abraham.
3314 4550 3398 4604 An
3422 4550 3520 4604 tibi

1957 4644 2060 4699 hoc
2098 4643 2302 4697 dictum
2348 4640 2706 4712 improbabile
2749 4640 3002 4695 videtur?

2022 4733 2218 4788 PALL.
2240 4731 2460 4787 Minime
2488 4748 2617 4787 vero
2653 4751 2665 4785 :
2693 4733 2829 4802 legis
2857 4732 3001 4788 enim
3026 4746 3315 4804 personam
3348 4739 3516 4792 susti-

1952 4835 2048 4882 net
2079 4826 2308 4898 Moyses.

2023 4916 2179 4972 ΟΥΕ.
2212 4917 2449 4971 Vocatus
2485 4923 2570 4971 est
2609 4914 2775 4986 igitur
2807 4913 2991 4979 Israel,
3026 4925 3082 4969 et
3116 4916 3207 4972 ille
3258 4934 3387 4990 grex
3424 4923 3517 4990 qui

1954 5007 2254 5063 secundum
2291 5009 2463 5078 legem
2507 5007 2746 5072 vivebat,
2783 5016 2840 5062 et
2876 5007 2978 5063 sub
3016 5007 3136 5077 lege
3173 5019 3308 5064 erat.
3349 5029 3367 5060 ι
3409 5011 3515 5066 Do-

1952 5099 2135 5152 minus
2168 5098 2335 5160 enim,
2382 5115 2399 5148 ι
2435 5088 2630 5167 inquit,
2670 5117 2688 5148 ι
2721 5097 2867 5151 Deus
2907 5095 3255 5151 Hebraeorum
3303 5099 3518 5153 vocavit

1951 5203 2052 5243 nos
2067 5189 2130 5240 ⁹².
2157 5207 2174 5237 ›
2193 5188 2369 5258 Atque
2380 5187 2599 5244 vocanti
2618 5186 2730 5242 Deo
2750 5186 2979 5241 audiens
2996 5185 3100 5240 fuit
3116 5184 3358 5255 quidem,
3378 5186 3518 5242 sicut

1953 5287 2008 5332 et
2043 5278 2252 5348 Moyses
2291 5294 2303 5330 :
2349 5297 2367 5330 ι
2417 5277 2610 5334 Omnia
2652 5278 2820 5340 enim,
2864 5275 3138 5344 inquiunt,
3179 5291 3516 5346 quascunque

1954 5369 2152 5424 dixerit
2169 5369 2331 5432 Deus,
2357 5367 2640 5432 faciemus,
2667 5375 2723 5422 et
2750 5367 3034 5422 audiemus
3061 5351 3126 5420 ⁸⁵.
3175 5384 3192 5418 ›
3239 5366 3365 5432 Sed,
3389 5369 3517 5439 quia

1955 5459 2141 5529 legalis
2155 5456 2480 5513 obedientiae
2505 5473 2615 5512 non
2631 5472 2694 5512 ea
2718 5456 2802 5511 vis
2816 5463 2955 5520 erat,
2997 5463 3057 5511 ut
3083 5456 3150 5512 ad
3174 5458 3515 5528 purgandum

1957 5551 2090 5606 satis
2107 5556 2256 5614 esset
2292 5565 2303 5599 :
2349 5567 2367 5599 ι
2399 5547 2750 5632 Impossibile
2785 5555 2870 5603 est
2906 5547 3052 5603 enim
3085 5548 3348 5620 sanguine
3388 5557 3511 5602 tau-

2170 5663 2208 5694 ⁹¹
2235 5664 2362 5717 Luc.
2393 5679 2500 5722 xvi,
2557 5663 2644 5716 29.
2723 5665 2766 5692 ’³
2797 5662 2964 5717 Exod.
2997 5678 3075 5725 ιιι,
3105 5661 3191 5714 18.
3281 5661 3328 5694 ’³
3371 5657 3509 5715 Ibid.

3116 5825 3150 5877 δ
