4082 6304
564 354 668 409 253

1586 344 1641 399 S.
1684 343 1766 401 ΟΥ
1777 343 1960 400 RILLI
1982 340 2469 399 OALEXANDRINI
2511 338 2830 398 ARCHIEP.

3754 331 3852 388 256

566 482 753 525 rorum
782 476 838 523 et
876 465 1155 520 hircorum
1184 461 1388 518 aulerri
1430 468 1654 531 peccata
1675 462 1754 516 ’δε
1783 482 1800 514 ι
1824 462 1950 517 ideo
1985 461 2140 517 cohi-

2250 461 2489 533 εἴργεται
2518 460 2724 529 Μωσῆς
2753 457 3095 529 πλησιάζειν’”
3107 454 3229 527 Θεῷ
3250 470 3265 486 ο
3302 472 3324 506 ι
3360 451 3460 523 Μὴ
3487 447 3726 518 ὲγγίσῃς
3748 446 3853 519 γὰρ

566 558 727 612 betur
760 555 969 628 Moyses
995 569 1064 609 ne
1092 551 1315 608 accedat
1350 550 1418 605 ad
1443 551 1650 605 Deum:
1677 569 1694 601 ι
1716 550 1795 605 Ne
1825 550 2135 620 appropies,

567 650 765 720 inquit,
798 648 907 704 huc
939 648 1006 701 ⁸³.
1039 665 1055 697 ι
1102 644 1260 715 Legis
1288 645 1434 698 enim
1480 643 1693 698 viribus
1723 642 1938 713 egregia
1964 641 2140 696 virtus

567 740 704 796 adiri
727 755 838 794 non
864 745 1047 809 potest
1075 754 1089 790 :
1113 750 1292 806 neque
1330 734 1420 789 illa
1442 750 1510 790 ex
1548 734 1717 805 Moysi
1757 734 1873 803 lege
1917 730 2140 787 vivendi

567 832 705 887 ratio
734 845 854 886 eam
899 829 1214 883 facultatem
1244 824 1483 879 habebat
1512 828 1644 895 'quze
1685 823 1818 879 satis
1846 822 2141 877 admodum

567 925 734 983 esset,
755 925 816 972 ut
844 916 1095 971 homines
1122 915 1189 969 ad
1212 916 1383 970 Deum
1408 914 1715 985 perducere
1740 920 1947 983 posset.
1983 912 2143 968 Chri-

569 1017 689 1064 stus
725 1006 873 1062 enim
919 1021 1021 1060 nos
1062 1006 1139 1059 illi
1174 1005 1402 1059 exhibet
1452 1019 1551 1073 per
1592 1003 2076 1075 sanctiﬁcationem
2125 1020 2139 1056 :

570 1108 797 1160 sanctos,
820 1099 1023 1170 quippe
1043 1112 1163 1153 esse
1213 1097 1371 1151 decet
1399 1111 1513 1159 eos,
1538 1096 1770 1165 (ιυδῷθο
1800 1101 1989 1149 sancto
2012 1094 2144 1164 jun-

572 1191 733 1263 gendi
760 1199 922 1258 sunt;
958 1209 976 1241 ι
1016 1189 1201 1244 Sancti
1241 1189 1386 1243 enim
1425 1188 1612 1251 eritis,
1653 1187 1848 1257 inquit,
1885 1185 2141 1256 quoniam

571 1301 674 1357 ego
707 1291 929 1339 sanctus
967 1299 1086 1338 sum
1126 1284 1190 1336 "‘.
1233 1302 1250 1332 ι
1300 1281 1455 1348 Quod
1489 1289 1671 1335 autem
1717 1280 1807 1334 illa
1841 1278 2143 1334 secundum

572 1375 745 1445 legem
786 1373 1002 1429 vivendi
1033 1373 1227 1438 forma,
1284 1389 1395 1427 non
1441 1372 1665 1427 omnino
1709 1372 1885 1425 aliena
1924 1377 2069 1425 esset
2114 1386 2145 1425 a

572 1464 753 1534 culpa,
798 1473 924 1518 mox
960 1463 1199 1528 edocuit,
1241 1478 1365 1517 cum
1429 1462 1598 1516 dixit:
1658 1480 1675 1511 ι
1725 1460 1884 1516 Solve
1930 1459 2145 1515 calcea-

570 1564 815 1611 mentum
831 1554 899 1610 de
915 1555 1149 1625 pedibus
1167 1554 1278 1609 tuis
1307 1540 1635 1625 :“ilocus
1671 1553 1841 1617 enim,
1863 1552 1918 1607 in
1944 1568 2055 1622 quo
2085 1559 2145 1605 tu

570 1652 702 1711 stas,
738 1654 884 1701 terra
901 1652 1088 1701 sancta
1125 1652 1210 1701 est
1231 1646 1297 1698 ".
1327 1663 1347 1696 ›
1392 1644 1616 1699 Solvere
1661 1659 1899 1715 namque
1932 1644 2146 1699 calcea-

571 1748 818 1794 mentum
842 1738 910 1794 de
931 1738 1068 1809 pede
1103 1739 1264 1810 jussit
1300 1737 1521 1810 Moysen
1552 1738 1708 1797 illum
1743 1754 2028 1797 sacrorum
2058 1738 2146 1793 in-

2238 547 2363 621 ὦδε,
2408 573 2425 604 ι
2463 553 2646 625 φησίν.
2691 551 3009 623 Ἀπρὸσιτον
3043 549 3151 620 γὰρ
3182 547 3273 601 διά
3301 545 3482 616 νόμου
3511 541 3577 596 τὸ
3608 539 3812 609 ἀγαθόν
3835 553 3852 573 ο

2244 646 2337 700 καὶ
2369 646 2465 717 τῆς
2492 645 2633 698 κατὰ
2668 643 2871 699 Μωσέα
2904 641 3179 704 πολιτείας
3212 641 3245 710 ἡ
3280 637 3531 705 δύναμις
3560 633 3663 702 οὐχ
3699 630 3851 701 ἱκανὴ

2241 738 2362 792 λίαν
2394 738 2473 800 είς
2509 754 2572 806 γε
2602 736 2664 789 τὸ
2699 734 3053 805 ἀποκομίζειν
3083 731 3349 786 δύνασθαι
3394 726 3478 798 τῷ
3523 725 3669 795 Θεῷ.
3707 725 3851 795 Παρ-

2247 830 2426 901 ίστησι
2462 828 2518 881 δὲ
2556 825 2704 897 αύτῷ
2742 826 2808 878 δι’
2847 823 3117 894 ἀγιασμοῦ
3152 819 3423 893 Χριστός.
3487 816 3714 885 Ἃγίους
3747 815 3850 886 γὰρ

2245 917 2384 976 εἶναι
2414 920 2615 993 πρέπει
2650 919 2779 981 τοὺς
2815 916 2894 987 τῷ
2931 915 3072 985 ἀγίῳ
3107 912 3226 984 Θεῷ
3255 909 3575 966 κολλᾶσθαι
3616 907 3850 961 σπουδά-

2246 1012 2435 1077 ζοντας
2461 1026 2474 1042 ·
2515 1030 2535 1063 ι
2583 1011 2767 1079 ⁶Ἅγιοι
2802 1008 2913 1080 γὰρ
2943 1005 3153 1069 ἔσεσθε,
3194 1002 3392 1074 φησὶν,
3427 1001 3517 1053 ὅτι
3554 997 3670 1066 ἐγὼ
3703 996 3851 1065 ἅγιός

2247 1105 2381 1173 είμι.
2409 1120 2427 1153 ι
2454 1102 2575 1155 Ὅτι
2600 1100 2656 1154 δὲ
2686 1101 2787 1171 τῆς
2808 1097 3131 1164 κατά·νόμον
3155 1092 3446 1153 πολιτείας
3477 1090 3508 1141 ὁ
3536 1087 3738 1160 τρόπος
3758 1087 3853 1141 οὐκ

2246 1192 2544 1263 ἀμώμητος
2572 1189 2884 1252 παντελῶς,
2926 1187 3088 1249 εὐθὺς
3123 1182 3393 1249 ἐδίδαξεν,
3431 1178 3645 1234 εἰπών·
3688 1197 3709 1230 ι
3749 1176 3852 1263 Δύξ

2250 1262 2338 1338 σαι
2362 1283 2421 1337 τὸ
2452 1282 2704 1353 ὑπόδημα
2726 1283 2789 1334 ὲκ
2816 1279 2925 1332 τῶν
2952 1277 3128 1331 ποδῶν
3155 1293 3249 1329 σου
3275 1290 3287 1303 ·
3316 1276 3347 1328 6
3377 1271 3496 1343 γὰρ
3518 1270 3708 1335 τόπος,
3730 1271 3785 1323 ὲν
3810 1262 3851 1337 ᾧ

2252 1377 2315 1429 σὺ
2344 1376 2603 1445 ἕστηκας,
2627 1373 2697 1443 γῆ
2738 1373 2870 1440 ἁγία
2904 1370 3071 1423 ἐστίν.
3107 1388 3126 1421 ι
3171 1364 3473 1421 ’Λπολύειν
3494 1362 3610 1432 γὰρ
3639 1360 3853 1413 1:661:6-

2247 1467 2397 1539 δημα
2432 1465 2765 1537 προστέταχε
2805 1462 2901 1517 τοῦ
2932 1462 3087 1524 ποδὸς
3119 1461 3207 1515 τὸν
3243 1458 3591 1530 ἱεροφάντην
3629 1452 3842 1520 Μωσέα,

2249 1559 2402 1614 οὔπω
2438 1558 2704 1627 καθαρὰν,
2739 1556 2859 1611 ούδὲ
2882 1555 2989 1609 τῶν
3014 1555 3122 1609 ἀπὸ
3154 1553 3368 1624 φθορᾶς
3386 1550 3503 1604 ικαὶ
3528 1547 3847 1619 νεκρότητος,

2251 1650 2426 1722 ἔργων
2452 1649 2681 1703 εἰσάπαν
2710 1646 3155 1717 ἀπηλλαγμένην,
3184 1648 3290 1716 τῆς
3322 1640 3475 1696 κατὰ
3506 1640 3676 1710 νόμον
3708 1636 3849 1707 ζωῆς

2250 1744 2352 1817 τὴν
2391 1743 2614 1815 πορείαν
2652 1742 3004 1805 ἀποδεικνὺς,
3053 1739 3163 1792 ἀπὸ
3194 1737 3251 1792 δὲ
3297 1734 3406 1806 τῆς
3451 1731 3590 1805 παρ’
3624 1729 3883 1807 Ἕλλησι,

573 1830 891 1887 stitutorum
909 1830 1283 1901 interpretem,
1323 1830 1620 1885 ostendens
1661 1830 1906 1885 nondum
1949 1844 2147 1901 purum

2256 1835 2540 1908 συνηθείας
2581 1836 2610 1888 6
2650 1834 2791 1897 θεῖος
2831 1835 2964 1905 ἡμῖν
3005 1829 3326 1885 ἐπαιδεύετο
3371 1826 3625 1896 Μωσῆς,
3657 1824 3740 1876 ὅτι
3773 1821 3842 1892 μὴ

571 1938 713 1989 esse,
738 1938 918 1993 neque
951 1922 1176 1976 omnino
1208 1936 1237 1975 a
1281 1921 1665 1990 corruptione,
1704 1936 1768 1975 ac
1799 1931 2147 2001 mortuorum

572 2033 800 2088 operum
827 2016 1091 2087 qualitate
1113 2015 1368 2081 liberum,
1396 2016 1524 2070 vita:
1562 2014 1731 2079 illius,
1762 2030 1885 2085 quze
1929 2031 2007 2069 ex
2029 2015 2147 2085 lege

573 2107 895 2174 ducebatur,
935 2107 1206 2163 incessum
1240 2123 1254 2159 :
1297 2106 1352 2161 in
1392 2120 1505 2176 quo
1522 2113 1705 2161 autem
1740 2106 1990 2177 reliquiae
2022 2122 2149 2162 cor—

575 2202 845 2274 ruptionis
867 2217 931 2257 ac
964 2199 1317 2256 mortalitatis
1350 2198 1539 2263 insint,
1584 2213 1711 2253 eum
1740 2198 1894 2255 nefas
1924 2214 2047 2254 esse
2074 2198 2149 2263 ad

572 2296 745 2351 Deum
773 2293 1056 2360 accedere,
1091 2293 1147 2349 id
1178 2310 1209 2349 a
1229 2294 1516 2365 gentilium
1575 2294 1975 2350 consuetudine
2006 2293 2149 2348 divi-

572 2403 678 2443 nus
726 2388 818 2443 ille
848 2386 1058 2458 Moyses
1093 2386 1380 2442 didicerat.
1425 2388 1614 2458 Neque
1661 2388 1809 2442 enim
1858 2387 1897 2440 ii
1942 2385 2149 2455 templa

573 2479 817 2545 adibant,
842 2478 1011 2549 pedes
1031 2477 1209 2533 induti
1233 2478 1434 2533 calceis
1447 2479 1880 2533 exanimatorum
1898 2478 2149 2533 animan-

574 2569 712 2624 tium
755 2568 898 2639 pelle
932 2566 1231 2632 conl‘ectis;
1268 2565 1321 2619 id
1364 2566 1512 2621 enim
1552 2581 1745 2620 eorum
1777 2566 1988 2635 legibus
2008 2567 2151 2621 inter

575 2656 937 2712 immunditiae
974 2670 1175 2726 genera
1203 2654 1610 2709 recensebatur.
1651 2655 1814 2724 Atqui
1838 2670 1940 2709 nos
1961 2671 2154 2710 amor-

576 2749 803 2812 talitate,
843 2755 1006 2816 atque
1042 2745 1416 2815 corruptione,
1452 2753 1508 2798 et
1531 2745 1744 2800 ueteris
1767 2761 1889 2816 quae
1918 2747 1985 2801 ad
2013 2746 2154 2802 hanc

2248 1927 2404 1998 Θέμις
2438 1924 2677 1995 ἐγγίζειν
2700 1923 2839 1996 Θεῷ,
2859 1925 2951 1978 τὸν
2973 1924 3032 1978 έν
3052 1921 3329 1991 λειψάνοις
3360 1919 3498 1973 ὅντα
3525 1915 3846 1987 νεκρότητος

2247 2019 2342 2071 καὶ
2373 2016 2597 2088 φθορᾶς.
2639 2017 2713 2071 Ού
2742 2016 2851 2087 γὰρ
2881 2015 3108 2084 ἐφοίτων
3138 2015 3195 2068 ἐν
3225 2012 3400 2085 ίεροϊς
3428 2010 3502 2064 τὰ
3530 2010 3597 2061 ὲκ
3624 2002 3845 2060 τεθνεώ-

2246 2127 2354 2164 των
2391 2106 2547 2174 ζὼων
2581 2109 2905 2180 ὑποδήματα
2937 2109 3052 2169 τοῖς
3093 2106 3248 2158 ποσὶν
3288 2102 3636 2173 ἐνδυόμενοι.
3672 2096 3841 2152 Μολυ-

2250 2200 2388 2273 σμοῦ
2424 2201 2481 2255 δὲ
2519 2199 2719 2273 τρόπος
2749 2201 2860 2263 τοῖς
2895 2198 3118 2253 ἐκείνων
3145 2197 3334 2268 νόμοις
3360 2195 3426 2248 τὸ
3454 2193 3649 2265 χρῆμα
3683 2188 3841 2260 ἐγρά-

2250 2309 2398 2361 φετο.
2438 2293 2781 2364 Νεκρότητος
2812 2291 2877 2345 δὲ
2911 2290 3004 2344 καὶ
3033 2288 3239 2361 φθορᾶς
3259 2288 3372 2342 ικαὶ
3414 2286 3526 2340 τῶν
3568 2284 3650 2346 εἰς
3689 2280 3839 2336 τοῦτο

2254 2384 2494 2455 ἡκόντων
2524 2382 2863 2457 ἀκαθαρσίας
2894 2381 3162 2435 ἀπέλυσεν
3194 2381 3347 2451 ἡμᾶς
3376 2377 3480 2447 οὐχ
3517 2378 3548 2430 6
3578 2374 3738 2443 νόμος
3757 2411 3770 2436 ,
3796 2364 3838 2423 ὦ

2253 2477 2354 2530 τᾶν
2371 2516 2387 2541 ,
2414 2476 2533 2529 οὐδὲ
2560 2474 2753 2546 πορεία
2786 2473 2931 2546 ζωῆς
2972 2473 3071 2543 τῆς
3100 2471 3242 2526 κατά
3266 2470 3333 2524 τὸ
3360 2469 3603 2542 γράμμα
3630 2464 3691 2517 τὸ
3715 2463 3833 2518 Μω-

2257 2568 2464 2631 σαϊκὸν,
2492 2568 2675 2630 πίστις
2695 2567 2752 2619 δὲ
2781 2566 2978 2638 μᾶλλον
3005 2568 3038 2636 ἡ
3067 2566 3124 2617 ὲν
3150 2563 3402 2635 Χριστῷ,
3433 2561 3535 2614 καὶ
3570 2558 3670 2629 τῆς
3693 2556 3837 2620 εὒαγο

2256 2658 2478 2730 γελικῆς
2524 2658 2799 2722 πολιτείας
2844 2660 2878 2729 ἡ
2928 2656 3236 2727 τελειοτάτη
3261 2654 3587 2726 εκάθαρσις.
3639 2648 3708 2701 Ἦ
3741 2643 3832 2697 οὐκ

2256 2750 2455 2824 ἀληθὲς
2480 2751 2516 2806 δ
2548 2769 2720 2824 φημι;

577 2842 948 2913 impuritatem
1013 2839 1313 2911 pertinent,
1356 2854 1468 2895 non
1522 2841 1631 2907 lex,
1674 2840 1903 2907 Palladi,
1946 2858 2055 2897 non
2094 2843 2220 2900 vita:
2256 2862 2381 2901 cum
2437 2847 2573 2917 legis
2629 2846 2878 2901 Mosaicae
2937 2845 3121 2899 littera
3188 2838 3555 2912 coagmentis
3616 2830 3831 2903 vestigia

576 2935 980 2999 liberaverunt;
1019 2931 1117 2988 sed
1154 2930 1289 2987 ﬁdes
1340 2932 1397 2986 in
1418 2930 1676 2998 -Christo,
1714 2941 1768 2987 et
1824 2935 2149 3006 evangelicae
2184 2938 2310 2993 vitae
2325 2939 2725 3009 perfectissima
2742 2936 3015 3009 purgatio.
3056 2935 3211 2991 Anne
3231 2947 3438 2989 censes
3481 2941 3676 2986 verum
3723 2937 3836 2979 esse

577 3028 724 3099 quod
754 3026 919 3083 dico‘?

651 3123 847 3180 PALL.
883 3118 1124 3190 Quidni?

612 3216 802 3273 ‘CYR.
830 3214 1001 3286 igitur
1034 3214 1234 3271 calceis
1266 3215 1478 3286 positis,
1514 3228 1903 3274 accurrentem
1928 3220 2063 3290 jam,
2090 3236 2156 3276 ac

578 3308 804 3380 prapius
830 3306 1182 3362 accedentem
1210 3305 1482 3361 allocutus
1506 3316 1593 3362 est
1619 3307 1765 3363 Deus
1792 3326 1805 3361 :
1842 3328 1860 3359 ι
1899 3309 2011 3380 Ego
2031 3325 2154 3365 sum

578 3402 722 3455 Deus
752 3399 925 3470 patris
965 3398 1069 3463 tui,
1099 3398 1244 3452 Deus
1282 3397 1555 3453 Abraham
1576 3439 1589 3464 ,
1624 3408 1681 3454 et
1715 3400 1860 3455 Deus
1893 3402 2061 3469 Isaac,
2098 3412 2155 3458 et

577 3492 723 3546 Deus
746 3489 935 3546 Iacob.
971 3486 1185 3543 Avertit
1222 3494 1406 3543 autem
1430 3488 1640 3560 Moyses
1670 3490 1903 3556 vultum,
1939 3493 2150 3563 inquit;

578 3581 873 3637 verebatur
901 3577 1052 3634 enim
1077 3585 1269 3633 contra
1291 3579 1444 3634 illum
1475 3581 1719 3651 aspicere
1750 3581 1815 3636 "'.
1846 3602 1865 3634 ι
1902 3582 2154 3642 Exanimi

580 3685 815 3741 namque
851 3684 1014 3724 sensu
1045 3668 1315 3739 deposito,
1348 3685 1409 3724 ac
1434 3671 1603 3725 veluti
1635 3673 1840 3727 mundo
1870 3674 2155 3745 liberoque

579 3762 716 3834 pede
734 3779 830 3834 per
855 3762 1182 3819 Christiana:
1208 3763 1640 3819 conversationis
1683 3764 1823 3819 viam
1864 3766 2153 3822 ambulan-

580 3862 661 3909 tes
709 3852 1268 3925 appropinquabimus
1303 3852 1447 3918 Deo,
1489 3869 1602 3909 non
1654 3854 1901 3910 locorum
1955 3859 2151 3926 spatio,

576 3947 672 4001 sed
705 3945 993 4000 aﬂectione
1042 3945 1347 4016 spirituali;
1403 3946 1609 4001 etenim
1663 3962 1751 4002 res
1784 3948 1949 4020 Moysi
1988 3958 2152 4020 gestae.

578 4037 763 4108 ﬁgurae
799 4044 1045 4091 erantet
1081 4036 1308 4092 umbrae.
1353 4036 1431 4092 lta
1475 4036 1695 4092 demum
1739 4053 1965 4094 summa:
2007 4041 2154 4097 illius

577 4131 840 4187 doctrina:
881 4130 1048 4185 verba
1088 4129 1446 4196 lucrabimur,
1494 4142 1551 4186 et
1602 4132 1698 4187 Dei
1754 4133 2037 4189 scientiam
2094 4135 2151 4190 in

574 4223 734 4279 nobis
766 4221 897 4293 ipsis
922 4221 1263 4293 colligemus,
1304 4222 1469 4277 Patre
1508 4222 1769 4278 nimirum
1827 4225 2152 4281 ostendente

574 4327 634 4369 se
680 4313 842 4369 nobis
883 4313 940 4369 in
980 4314 1117 4369 Filio
1170 4330 1184 4366 :
1223 4312 1537 4368 videbimus
1579 4315 1727 4370 enim
1779 4315 1955 4383 illum,
1992 4317 2151 4388 longe

578 4404 927 4473 praestantius
952 4419 1115 4474 quam
1146 4404 1407 4475 antiquus
1429 4404 1531 4467 ille
1540 4406 1795 4477 pOpulus,
1817 4412 1878 4460 ut
1907 4406 1964 4461 in
1979 4407 2148 4479 Moysi

2150 3136 2220 3195 ὀ
2327 3127 2679 3192 ΠΑᾹΛ.Πῶς
2709 3126 2817 3199 γὰρ
2847 3124 2941 3192 οὓς
2991 3156 3002 3166 ~

2312 3222 2492 3277 ΚΝ).
2520 3220 2875 3274 Ἀπολύσαντι
2899 3217 2955 3271 δὲ
2978 3216 3039 3271 τὸ
3061 3216 3312 3287 ὑπόδημα
3329 3212 3441 3269 τοῦ
3467 3211 3645 3276 ποδὸς,
3669 3224 3833 3282 προσ-

2256 3314 2429 3371 θέοντί
2468 3313 2531 3383 γέ
2554 3329 2614 3366 τε
2635 3311 2842 3378 λοιπὸν,
2886 3308 2981 3364 καὶ
3009 3307 3180 3379 ἀγχοῦ
3207 3306 3489 3377 γεγονότι,
3510 3299 3832 3376 προσεφώνει

2255 3408 2419 3473 Θεός·
2471 3426 2489 3459 ι
2532 3404 2677 3473 Ἑγώ
2734 3406 2848 3475 εἰμι
2893 3403 2922 3455 6
2973 3402 3103 3460 Θεὸς
3150 3400 3245 3453 τοῦ
3295 3398 3515 3471 πατρός
3562 3412 3671 3460 σου,
3711 3390 3833 3453 Θεὸς

2268 3496 2554 3568 Ἀϐραὰμ,
2601 3496 2697 3549 καὶ⁵
2726 3493 2858 3557 Θεὸς
2902 3491 3105 3553 Ἰσαάκ.
3140 3491 3235 3544 καὶ
3268 3490 3413 3555 Θεὸς
3458 3486 3674 3543 Ἰακώϐ.
3721 3485 3831 3536 Ἀπ-

2258 3589 2487 3660 ἐστρεψε
2510 3587 2567 3640 δὲ
2591 3586 2793 3657 Μωσῆς
2816 3584 2877 3638 τὸ
2904 3584 3196 3655 πρόσωπον
3221 3581 3421 3646 αὐτοῦ,
3449 3580 3610 3653 φησιν
3631 3595 3643 3608 ·
3670 3575 3826 3647 ηὗλα-

2256 3681 2401 3735 εεϊτο
2437 3681 2544 3752 γὰρ
2571 3677 2943 3748 κατεμϐλέψαι
2973 3674 3199 3730 ἐνώπιον
3230 3673 3325 3728 τοῦ
3349 3673 3515 3728 Θεοῦ.
3555 3692 3573 3725 ι
3615 3666 3823 3723 ’Δποθὲο
3886 3661 3895 3667 ’

2256 3790 2406 3845 μενοι
2431 3772 2540 3845 γὰρ
2574 3770 2825 3843 φρόνημα
2852 3767 2914 3821 τὸ
2950 3766 3161 3838 νεκρὸν,
3192 3765 3286 3819 καὶ
3322 3765 3494 3818 οἱονεὶ
3524 3758 3740 3830 καθαρῷ
3767 3772 3821 3809 τι

2253 3865 2347 3918 καὶ
2383 3861 2649 3932 ἐλευθέρῳ
2674 3860 2794 3914 ποδὶ
2819 3860 2916 3931 τῆς
2941 3861 2998 3912 ὲν
3027 3855 3249 3928 Χριστῷ
3287 3855 3570 3918 πολιτείας
3597 3848 3819 3906 διαστεί-

2253 3972 2437 4027 χοντες
2461 3956 2559 4025 τὴν
2589 3953 2706 4007 ὁδὸν
2732 3993 2746 4017 ,
2779 3949 3012 4020 ἐσόμεθα
3047 3948 3145 4019 μὲν
3184 3947 3353 4019 ἀγχοῦ
3394 3947 3474 4019 τῷ
3516 3943 3653 4014 Θεῷ,
3691 3939 3819 3994 κατά

2254 4047 2439 4117 σχέσιν
2477 4046 2534 4099 δὲ
2566 4042 2803 4115 δηλονότι
2831 4040 2928 4112 τὴν
2968 4039 3342 4110 πνευματικὴν
3364 4080 3379 4101 ,
3417 4038 3510 4093 καὶ
3540 4036 3656 4106 ούχὶ
3688 4030 3818 4086 κατά

2252 4156 2314 4209 γε
2344 4140 2444 4211 τὴν
2466 4139 2523 4189 ὲν
2548 4138 2698 4206 τόπῳ
2723 4135 3021 4188 διάστασιν.
3045 4133 3216 4186 Τύποι
3240 4131 3350 4200 γὰρ
3374 4133 3560 4185 ὲκεῐνα
3580 4128 3671 4181 καὶ
3699 4121 3815 4177 σκιά

2252 4231 2320 4284 τὰ
2348 4230 2612 4291 Μωσέως,
2646 4225 2789 4280 οὓτω
2816 4242 2875 4277 τε
2910 4224 3095 4278 λοιπὸν
3128 4224 3254 4285 τοὺς
3284 4222 3418 4293 περὶ
3443 4221 3544 4291 τῆς
3574 4219 3681 4273 ἀνω
3719 4232 3814 4285 μυ-

2254 4322 2559 4393 σταγωγίας
2613 4318 3126 4387 καταπλουτὴσομεν
3177 4316 3393 4383 λόγους,
3453 4313 3544 4367 καὶ
3591 4310 3683 4381 τὴν
3729 4303 3812 4358 τοῦ

2254 4414 2389 4468 Θεοῦ
2418 4412 2615 4481 γνῶσιν
2648 4413 2705 4464 ὲν
2730 4411 2939 4472 ἑαυτοῖς
2973 4407 3315 4478 συλλέξομεν,
3351 4404 3544 4459 ἑαυτὸν
3567 4403 3693 4472 ἡμῖν
3723 4399 3811 4466 έμ-

575 4510 807 4564 persona
844 4473 986 4549 vidit
1016 4514 1028 4548 :
1055 4495 1103 4550 is
1138 4473 1513 4551 enimvvultum
1540 4473 1738 4552 avertit
1762 4512 1957 4566 suum;
1992 4473 2147 4554 vere-

2256 4473 2570 4575 φανίζοντος
2589 4504 2644 4555 έν
2675 4499 2790 4571 Υίῷ
2817 4499 2912 4553 τοῦ
2946 4498 3177 4569 Πατρός.
3197 4473 3491 4568 ⁷Ὀψόμεθα
3511 4494 3615 4564 γὰρ
3639 4488 3809 4575 αὐτὸν.

577 4590 737 4643 batur
773 4589 919 4643 enim
954 4589 1197 4660 aspicere
1242 4597 1433 4645 contra
1478 4589 1790 4647 Dominum.
1836 4590 1955 4658 Quo
2009 4590 2153 4647 facto

577 4679 913 4751 signiﬁcatur
944 4682 1146 4737 mentis
1174 4696 1364 4737 eorum
1408 4680 1717 4748 infirmitas,
1736 4683 1831 4753 qui
1859 4683 1962 4737 sub
1989 4683 2155 4738 disci-

578 4772 724 4839 plina
756 4770 889 4841 legis
912 4771 1362 4837 instituebantur,
1385 4787 1505 4842 quae
1533 4773 1936 4842 quodammodo
1973 4774 2150 4844 respi-

579 4875 703 4915 cerc
723 4862 893 4914 Deum
927 4875 1037 4916 non
1058 4872 1263 4930 posset,
1285 4879 1463 4934 nequc
1494 4865 1642 4919 illius
1672 4865 1873 4920 intueri
1891 4865 2140 4936 gloriam,

508 4962 514 4973 '
574 4953 730 5021 juxta
763 4949 918 5015 illud,
944 4950 1094 5020 quod
1116 4951 1173 5006 in
1190 4952 1420 5009 Psalmis
1434 4957 1684 5010 canitur:
1721 4956 2141 5012 «‘Obscurentur

578 5043 725 5100 oculi
770 5058 984 5108 eorum,
1027 5059 1099 5099 ne
1141 5043 1364 5100 videant
1401 5048 1446 5078 ”
1491 5064 1504 5099 :
1547 5066 1566 5098 ›
1604 5057 1660 5102 et
1688 5049 1841 5113 illud,
1885 5048 2033 5118 quod
2059 5058 2145 5105 est

578 5135 722 5205 apud
756 5136 1084 5206 prophetam
1109 5152 1123 5189 :
1152 5153 1171 5187 ι
1194 5134 1333 5191 Ecce
1356 5136 1591 5206 populus
1622 5138 1820 5194 stultus
1838 5148 1894 5194 et
1915 5154 2144 5195 excors:

578 5227 723 5282 oculi
752 5237 880 5283 sunt
916 5228 1018 5291 eis,
1056 5236 1113 5283 et
1136 5240 1247 5284 non
1282 5227 1534 5282 vident‘.
1570 5248 1589 5282 ι
1620 5229 1731 5284 Nos
1768 5246 1920 5291 vero,
1954 5231 2048 5300 qui
2078 5230 2147 5285 ad

566 5317 872 5399 'ineﬂ‘abilis
912 5319 1060 5375 illius
1114 5329 1328 5376 natura:
1373 5318 1612 5375 rationes
1647 5334 1816 5390 puros
1868 5321 2147 5375 illumina-

580 5416 772 5476 tosque
804 5410 1003 5465 mentis
1035 5411 1224 5467 oculos
1254 5411 1573 5482 adjicimus,
1618 5412 1965 5481 conspicuam
2001 5412 2147 5466 illam

579 5496 637 5551 in
671 5496 826 5562 Filio,
865 5499 963 5555 Dei
996 5509 1052 5555 et
1085 5502 1264 5558 Patris
1304 5503 1533 5558 formam
1579 5504 2030 5574 contemplamur.
2070 5504 2148 5557 Ac

578 5585 784 5643 Iudaeis
804 5588 1025 5659 quidem
1049 5592 1144 5661 qui
1173 5593 1387 5649 Patrem
1413 5610 1469 5649 se
1512 5596 1713 5651 vidisse
1746 5594 2143 5660 existimarent,

2255 4573 2350 4651 καὶ
2373 4595 2715 4673 ἁσυγκρίτως
2736 4593 2977 4664 ἄμεινον,
3004 4591 3037 4662 ἢ
3066 4593 3094 4644 6
3116 4589 3283 4644 πάλαι
3302 4589 3452 4654 λαὸς,
3468 4588 3541 4651 ὡς
3570 4573 3807 4673 ἑννπροσ·

2253 4686 2388 4757 ώπφ
2427 4672 2691 4747 Μωσέως,
2731 4684 2791 4736 '0
2822 4682 2920 4753 μὲν
2970 4681 3080 4751 γὰρ
3110 4679 3415 4751 ἀπέστρεψε
3449 4677 3511 4732 τὸ
3538 4672 3811 4747 πρόσωπον

2253 4778 2438 4833 αὑτοῦ·
2464 4775 2752 4847 ηὑλαϐεἶτο
2774 4773 2883 4845 γὰρ
2908 4790 3038 4828 κατε
3047 4771 3279 4841 μδλέψαι
3296 4769 3522 4824 ἐνώπιον
3548 4764 3638 4820 τοῦ
3659 4758 3803 4815 Θεοῦ·

2252 4872 2328 4924 Δι’
2349 4862 2410 4923 οὗ
2441 4846 2761 4939 σήμαίνεται
2791 4865 2900 4919 τῶν
2928 4867 2985 4918 ὲν
3011 4864 3160 4935 νόμῳ
3192 4856 3732 4931 παιδαγωγουμένων,
3753 4846 3807 4902 τὸ

2251 4962 2353 5033 τῆς
2387 4960 2626 5023 διανοίας
2656 4956 2898 5020 ἀσθενὲς,
2934 4957 3037 5009 οὐκ
3071 4954 3443 5026 ἀναμενούσης
3473 4951 3665 5024 τρόπον
3695 4939 3803 5033 τινὰ

2254 5028 2391 5122 πρὸς
2422 5048 2554 5102 Θεὸν
2574 5086 2588 5111 ,
2626 5044 2749 5099 οὔτε
2781 5045 2888 5116 μὴν
2927 5044 3044 5108 οἵας
3074 5061 3132 5097 τε
3164 5043 3290 5096 ἰδεῖν
3315 5044 3413 5114 τὴν
3452 5038 3606 5104 δόξαν
3631 5028 3801 5095 αὐτοῦ,

2258 5142 2398 5198 κατά
2428 5157 2492 5209 γε
2515 5138 2575 5193 τὸ
2599 5140 2657 5191 ἐν
2677 5137 2927 5207 Ψαλμοῖς
2954 5135 3312 5207 ὑμνούμενον*
3338 5152 3356 5185 ι
3377 5127 3802 5197 Σκοτισθήτωσαν

2254 5235 2302 5286 οἱ
2327 5231 2592 5300 ὀφθαλμοὶ
2615 5228 2794 5284 αὐτῶν
2813 5227 2906 5281 τοῦ
2938 5227 3010 5297 μὴ
3034 5226 3271 5297 βλέπειν,
3306 5245 3324 5278 ι
3354 5227 3517 5297 ἦγουν
3542 5219 3723 5276 ἐκεῖνο,
3753 5210 3806 5300 τὸ

2262 5342 2281 5374 ι
2314 5299 2440 5375 Ἰδοὺ
2461 5320 2584 5383 λαὸς
2614 5318 2794 5390 μωρὸς
2813 5318 2908 5370 καὶ
2932 5315 3207 5387 ἀκάρδιος·
3227 5312 3493 5386 ὀφθαλμοὶ
3510 5310 3698 5369 αὐτοῖς,
3722 5299 3802 5390 Xa}!

2199 5443 2209 5455 -
2253 5414 2312 5466 ού
2339 5388 2641 5483 βλέπουσιν.
2679 5388 2713 5459 ι⁷
2742 5409 2934 5479 Ἡμεῖς
2958 5407 3015 5462 δὲ
3046 5409 3157 5470 τοῖς
3188 5408 3315 5478 περὶ
3342 5408 3439 5478 τῆς
3463 5402 3688 5473 ἀρῤήτου
3713 5388 3799 5460 95'

2255 5520 2391 5567 σεως
2416 5501 2731 5574 προσιέντες
2756 5499 2955 5567 λόγοις,
2982 5497 3240 5568 καθαροῖς
3274 5497 3369 5551 καὶ
3400 5483 3799 5574 πεφωτισμέννις

2252 5568 2514 5665 ὄμμασιν,
2550 5594 2608 5646 ὲν
2637 5591 2753 5662 Υῐῷ
2780 5589 3078 5662 διαπρέπον
3107 5588 3168 5643 τὸ
3194 5587 3287 5642 τοῦ
3328 5584 3461 5641 Θεοῦ
3493 5581 3583 5635 καὶ
3605 5568 3795 5641 Πατρὶς

646 5697 887 5771 f‘jlcbr.
922 5713 974 5761 ι,
1006 5699 1089 5771 4,-
1137 5702 1182 5733 ⁹⁸
1219 5702 1389 5757 Exod.
1424 5719 1500 5767 ιη,
1537 5705 1587 5759 5.
1666 5707 1712 5741 ⁸⁸
1740 5684 1915 5762 Levit.
1958 5721 2016 5771 ll,
2054 5707 2109 5755 Α.

2281 5703 2451 5759 Exod.
2488 5686 2646 5768 111,3.
2727 5701 2774 5734 "
2823 5699 2937 5755 bid.
3000 5715 3079 5767 ιιι,
3140 5700 3193 5754 6.
3270 5695 3655 5753 "Psal.t.1vm
3709 5680 3785 5736 9‘-

653 5769 669 5801 ¹
702 5768 904 5825 Jerem.
933 5784 988 5835 v,
1026 5768 1120 5823 2i.
