4082 6304
273 5640 285 5669 ι

314 370 418 429 257

1057 374 1144 431 DE
1179 362 1626 433 ADORATIONE
1667 376 1735 433 IN
1775 376 2048 433 SPIRITU
2086 378 2177 435 ET
2214 378 2586 439 VERITATE.
2628 383 2758 439 LIB.
2808 368 2874 439 ll.

3468 389 3575 449 2258

307 472 703 558 xazaﬁstbjtsﬁa
738 488 955 553 καλλος.
1006 491 1114 543 Καὶ
1159 493 1426 563 οἰομένοις
1469 494 1567 566 μὲν
1612 478 1886 559 Ἰουδαίοις

1989 497 2262 566 sapienter
2278 507 2363 554 est
2377 515 2407 554 a
2423 499 2641 555 Christo
2657 500 2863 555 dictum
2885 517 2904 555 ι
2932 498 3039 573 65
3077 522 3094 554 ι
3132 499 3317 573 Neque
3335 505 3574 573 speciem

302 579 383 632 ὅτι
413 577 699 632 τεθέανται
723 579 816 633 τὸν
847 580 1087 652 Πατέρα,
1125 584 1305 652 σοφῶς
1331 584 1545 661 ἐλέγετο
1574 586 1724 659 παρὰ
1751 588 1884 661 Χριο

302 668 395 723 τοῦ
415 687 428 699 ·
454 688 479 721 1
508 668 646 723 Οὔτε
681 667 819 734 εἶδος
842 671 1007 725 αὐτοῦ
1036 673 1337 745 ἑωράκατε,
1363 677 1485 731 οὔτε
1509 677 1689 750 φωνὴν
1718 677 1881 732 αὐτοῦ

302 756 597 825 ἀκηκόατε.
628 775 647 808 ι
682 758 1130 815 Φιλοπευστοῦντι
1158 762 1215 816 δὲ
1243 763 1321 835 τῷ
1351 764 1599 836 Φιλίππῳ
1627 766 1766 832 λίαν,
1791 767 1884 820 καὶ

303 849 612 920 παχύτερον
643 849 743 920 μὲν
776 850 809 921 ἢ
845 851 1029 922 ἐχρῆν,
1061 854 1126 906 ὲκ
1158 856 1509 926 φιλομαθείας
1541 856 1585 910 δ’
1613 854 1705 912 οὖν
1735 859 1884 928 ὅμως

305 940 550 1011 ἐρομένῳ
589 942 686 993 καὶ
724 940 970 1010 λέγοντι·
1002 962 1021 995 ι
1057 945 1263 1016 Κύριε,
1298 946 1467 1012 δεῖξον
1488 950 1619 1021 ἡμῖν
1646 950 1738 1004 τὸν
1772 950 1885 1004 Πα-

305 1029 461 1100 τέρα,
492 1031 585 1083 καὶ
616 1031 777 1102 ἀρκεῖ
808 1033 961 1103 ἡμῖν,
997 1034 1381 1107 »κάπεκρίνατο
1411 1041 1664 1111 Χριστός·
1695 1060 1713 1094 ι
1747 1043 1885 1095 Τοσ-

305 1119 459 1175 οὗτον
499 1122 687 1193 χρόνον
742 1124 859 1194 μεθ’
892 1124 1044 1196 ὑμῶν
1071 1127 1206 1196 εἰμι,
1246 1130 1343 1183 καὶ
1380 1130 1480 1183 οὐκ
1509 1131 1753 1199 ἔγνωκάς
1795 1148 1883 1203 με,

306 1210 575 1276 Φίλιππες
617 1213 677 1267 ’0
714 1214 974 1286 ἑωρακὼς
1011 1218 1131 1288 ἐμὲ,
1162 1218 1378 1290 ἑώρακε
1407 1222 1498 1276 τὸν
1530 1223 1769 1295 Πατέρα.
1809 1224 1886 1278 Οὐ

309 1300 584 1366 πιστεύεις
610 1303 692 1356 ὅτι
719 1303 830 1372 ἐγὼ
857 1307 915 1359 ὲν
948 1306 1025 1377 τῷ
1053 1308 1246 1381 Πατρὶ,
1278 1312 1370 1364 καὶ
1403 1313 1431 1365 ὀ
1459 1312 1647 1384 Πατὴρ
1676 1315 1733 1367 ὲν
1763 1313 1886 1384 ὲμοί

307 1391 453 1445 δστιν
470 1408 488 1456 ;
508 1412 529 1444 ι
565 1393 686 1446 Ὀτι
716 1393 775 1446 δέ
806 1397 953 1450 ἐστιν
981 1398 1081 1451 οὐκ
1108 1399 1368 1471 εύσοενὴς
1395 1403 1564 1471 ἄγαν,
1608 1403 1729 1459 οὔτε
1783 1412 1889 1477 μὴν

310 1483 467 1553 ἱκανὴ
499 1482 634 1553 πρὸς
674 1483 812 1538 Θεοῦ
862 1487 1169 1553 κατάδειξιν
1197 1490 1400 1565 ἀκριϐῆ
1431 1495 1524 1547 καὶ
1567 1494 1887 1567 ἀμώμητον,

309 1573 342 1643 ὴ
369 1572 457 1626 διὰ
487 1574 584 1644 τῆς
614 1574 757 1629 κατὰ
781 1576 944 1646 νόμον
969 1577 1189 1650 ἐντολῆς
1222 1580 1424 1653 θεωρία
1461 1601 1519 1637 τε
1551 1586 1645 1639 καὶ
1672 1587 1893 1641 παίδευ-

310 1679 413 1726 σις.
458 1663 534 1726 ὡς
560 1666 617 1717 ὲν
642 1667 772 1738 σκιᾷ
797 1668 896 1722 καὶ
924 1668 1208 1740 αίνίγματι
1241 1674 1333 1726 καὶ
1355 1672 1443 1728 διὰ
1468 1678 1588 1730 ταῖν
1622 1677 1764 1732 δυοῖν
1796 1678 1888 1732 τοῦ

308 1753 491 1807 Λάϐαν
517 1754 766 1827 ὀψόμεθα
809 1758 1147 1832 θυγατέροιν.
1190 1762 1499 1837 Γέγραπται
1527 1766 1656 1839 γὰρ,
1685 1769 1765 1822 ὅτι
1798 1767 1890 1839 Τῷ

1990 587 2163 657 ipsius
2191 590 2431 656 vidistis,
2470 607 2650 663 neque
2679 609 2871 648 vocem
2914 595 3034 665 ejus
3066 595 3302 650 audistis
3333 597 3373 649 ’.
3410 615 3427 646 ι
3464 595 3572 651 Sed

1986 680 2287 736 sciscitanti
2325 683 2578 754 Philippo
2602 724 2616 750 ,
2650 700 2714 740 ac
2752 684 2946 740 rudius
2979 686 3224 756 quidem,
3270 702 3431 757 quam
3477 703 3574 758 par

1984 781 2125 838 erat,
2158 773 2254 829 sed
2286 781 2470 829 tamen
2491 773 2740 830 discendi
2764 775 2948 830 studio
2981 779 3195 847 roganti
3218 793 3282 832 ac
3304 777 3515 833 dicenti
3556 795 3569 830 λ

1993 885 2011 916 ι
2034 862 2282 930 Domine,
2306 865 2534 921 ostende
2570 864 2731 921 nobis
2747 866 2986 935 Patrem,
3017 877 3073 923 et
3089 867 3287 923 suﬁicit
3303 868 3462 923 nouis
3481 868 3523 933 ³,
3550 888 3569 918 ι

1988 956 2276 1025 respondit
2333 955 2588 1011 Christus
2627 974 2639 1009 :
2686 976 2704 1008 ι
2749 956 2925 1012 Tanto
2989 970 3236 1029 tempore
3287 960 3575 1016 vobiscum

1986 1062 2128 1112 sum,
2158 1054 2214 1102 et
2240 1062 2349 1101 non
2377 1048 2677 1118 cognovisti
2714 1064 2822 1115 me,
2852 1049 3119 1119 Philippe.
3154 1050 3259 1116 Qui
3286 1050 3426 1104 vidit
3462 1066 3574 1108 me.

1985 1137 2124 1191 vidit
2153 1146 2209 1192 et
2234 1138 2481 1195 Patrem.
2506 1138 2627 1194 Non
2647 1139 2849 1205 credis,
2878 1140 3004 1210 quia
3026 1156 3127 1212 ego
3156 1139 3211 1195 in
3263 1142 3447 1207 Patre,
3508 1153 3568 1196 et

1986 1225 2148 1281 Pater
2179 1229 2234 1282 in
2268 1243 2354 1283 me
2386 1237 2470 1285 est
2496 1229 2557 1283 ⁸⁸2
2584 1249 2603 1282 ι
2638 1231 2757 1285 Non
2782 1246 2903 1286 esse
2936 1240 3119 1287 autem
3146 1231 3438 1287 admodum
3478 1231 3574 1288 ﬁr-

1988 1334 2153 1383 mam,
2200 1336 2269 1374 ne
2310 1329 2489 1391 aptam
2529 1320 2753 1391 quidem
2796 1323 2930 1378 satis
2975 1320 3044 1378 ad
3093 1324 3265 1377 Deum
3319 1333 3575 1380 accurato

1989 1411 2454 1482 perspiciendum,
2491 1412 2640 1468 illam
2667 1412 2908 1468 mandati
2926 1414 3114 1484 legalis
3140 1416 3561 1485 contemplatio-

1991 1518 2116 1558 nem
2180 1512 2343 1574 atque
2383 1503 2749 1575 disciplinam,
2801 1514 2862 1560 ut
2905 1521 3025 1576 quae
3062 1504 3118 1559 in
3177 1506 3369 1560 umbra
3407 1507 3480 1561 sit
3515 1515 3574 1561 et

1990 1587 2297 1658 aenigmate,
2346 1588 2403 1643 in
2430 1589 2542 1644 illis
2592 1606 2814 1662 quoque
2876 1592 3092 1647 duabus
3128 1592 3315 1647 Laban
3356 1592 3572 1648 ﬁliabus

1991 1678 2179 1734 videre
2217 1679 2365 1735 licet.
2416 1680 2692 1752 Scriptum
2733 1690 2818 1738 est
2856 1683 3025 1748 enim,
3059 1682 3187 1738 huic
3222 1682 3409 1740 Laban
3430 1685 3571 1741 duas

1993 1767 2160 1824 fuisse
2188 1767 2361 1836 ﬁlias;
2389 1780 2522 1826 natu
2550 1771 2741 1843 majori
2759 1772 2889 1837 Lite,
2924 1772 3372 1828 minori‘Racheli
3394 1774 3565 1830 fuisse

308 1844 363 1900 δὲ
402 1848 592 1903 Δάϐαν
650 1845 793 1922 ἦσαν
842 1852 938 1907 δύο
981 1851 1312 1928 θυγατέρες,
1360 1856 1530 1928 ὀνομα
1570 1862 1636 1932 τῇ
1686 1861 1888 1931 μείζονι

1992 1876 2212 1916 nomen.
2239 1860 2346 1916 Sed
2384 1861 2538 1917 Liam
2559 1863 2751 1919 oculos
2768 1863 3099 1921 inﬁrmiores
3121 1863 3403 1928 habuisse,
3455 1867 3568 1921 Ra-

309 1938 478 2005 Λεία,
508 1942 601 1996 καὶ
627 1942 797 2015 ὄνομα
824 1947 889 2016 τῇ
934 1945 1099 2018 ἑτέρᾳ
1150 1947 1373 2018 Ῥαχήλ.
1421 1951 1484 2002 Ol
1523 1949 1579 2003 δὲ
1620 1952 1888 2024 ὀφθαλμοὶ

310 2032 471 2096 Λείας
490 2032 763 2101 ἀσθενεῖς,
794 2035 993 2109 Ῥαχὴλ
1012 2032 1156 2110 δὲῆν
1177 2037 1316 2111 καλὴ
1340 2039 1416 2111 τῷ
1440 2040 1569 2094 εῖδει
1594 2044 1689 2096 καὶ
1713 2042 1889 2115 ὡραία

307 2128 372 2196 τῇ
415 2126 537 2208 ὕψει
584 2128 825 2200 σφόδρα·
861 2129 955 2184 καλ⁵
1002 2131 1325 2202 προσέκειτο
1367 2133 1466 2204 μὲν
1516 2138 1582 2207 τῇ
1626 2136 1826 2208 Ῥαχὴλ
1862 2138 1891 2190 ὀ

307 2206 652 2291 πατριάρχης
687 2219 903 2285 Ἰακὼϐ,
927 2222 1165 2293 ἠγάγετο
1182 2224 1241 2278 δὲ
1262 2225 1368 2296 πρὸ
1390 2226 1559 2298 αὐτῆς
1572 2206 1678 2300 τὴν
1703 2206 1887 2283 Λείαν.

307 2310 706 2382 Μετοιχομένου
738 2312 801 2383 δὴ
836 2308 928 2369 οὖν
970 2317 1051 2379 είς
1081 2316 1143 2370 τὸ
1192 2316 1394 2389 ἀληθὲς
1441 2317 1533 2371 τοῦ
1576 2312 1780 2388 τύπου,
1833 2320 1892 2374 τὸ

307 2401 547 2471 Χριστοῦ
580 2405 807 2476 κατόψει
849 2408 1167 2479 μυστήριον.
1200 2409 1304 2463 Δύο
1349 2411 1458 2482 γάρ
1487 2412 1625 2464 εἰσιν
1655 2414 1709 2464 αἱ
1756 2412 1891 2485 πρὸς

308 2493 614 2565 οἰκειότητα
640 2497 973 2569 κεκλημέναι
1018 2498 1116 2571 τὴν
1144 2503 1516 2574 πνευματικὴν
1550 2503 1891 2574 ἡρμοσμέναι

308 2600 367 2635 τε
401 2584 552 2655 αύτῷ
582 2589 868 2654 γυναῖκες·
907 2589 1251 2663 πρεσϐυτέρα
1301 2591 1419 2662 μὲν,
1453 2593 1490 2665 ἠ
1539 2592 1762 2663 πρώτη,
1799 2595 1891 2648 καὶ

309 2673 396 2726 διὰ
426 2675 672 2739 Μωσέως
709 2675 783 2740 ὡς
812 2678 869 2730 ἐν
903 2677 1176 2751 προσώπῳ
1207 2680 1305 2750 τῆς
1345 2680 1609 2734 Ἰουδαίων
1645 2700 1892 2753 συναγιιμ

308 2767 428 2835 γῆς.
476 2766 613 2837 πρὸς
642 2768 708 2839 ἣν
741 2769 956 2840 εἴρηται
991 2770 1140 2841 παρὰ
1178 2770 1311 2823 Θεοῦ
1346 2771 1432 2824 διὰ
1459 2774 1640 2843 φωνῆς
1673 2792 1888 2848 προφη-

307 2855 436 2909 τῶν·
473 2874 493 2908 ι
542 2857 671 2911 Ἰδοὺ
696 2859 794 2911 οὐκ
813 2861 953 2914 εἰσὶν
978 2861 1025 2913 ol
1049 2861 1314 2932 ὀφθαλμοί
1346 2880 1458 2928 σου,
1491 2865 1607 2918 οὐδὲ
1632 2869 1664 2938 ή
1695 2867 1891 2938 καρδία

311 2963 404 3001 σου
433 2948 597 3033 καλὴ,
632 2948 748 3003 ἀλλ’
781 2949 815 3022 ἢ
846 2953 925 3015 εἰς
962 2951 1058 3023 τὴν
1095 2952 1407 3019 πλεονεξίαν
1445 2973 1539 3009 σου
1580 2958 1673 3012 καὶ
1713 2959 1792 3022 εἰς
1822 2959 1893 3014 τὰ

308 3039 624 3111 ἀδικῆματά
652 3057 745 3094 σου
766 3085 778 3109 ,
816 3044 910 3096 καὶ
937 3046 1018 3108 εἰς
1053 3046 1212 3115 φόνον
1239 3045 1334 3100 τοῦ
1366 3050 1559 3101 ποιεῖν.
1597 3068 1615 3100 ι
1651 3052 1892 3123 Δευτέρα

307 3128 366 3184 δι
391 3126 459 3202 ἦν
488 3134 521 3202 ἡ
569 3133 749 3198 νεᾶνις
779 3135 873 3188 καὶ
911 3138 1342 3211 ὲκπρεπεστέρα,
1389 3138 1725 3208 τοῦτ’-ἔστιν,
1769 3145 1802 3214 ἡ
1834 3143 1891 3210 ἐξ

306 3195 479 3277 ὲθνέῦν
510 3195 825 3297 Ἐκκλησία,
849 3227 983 3296 πρὸς
1008 3195 1074 3298 ην
1090 3230 1119 3283 ὀ
1142 3195 1284 3294 θεῖος
1308 3195 1408 3302 ε’φη
1431 3232 1611 3285 Δαϐίδ·
1646 3251 1664 3283 ε
1697 3195 1891 3287 ’Ἀέουῖ
1920 3195 1964 3252 C

309 3330 421 3377 σον.
454 3313 713 3387 θύγατερ,
738 3319 831 3370 καὶ
855 3315 952 3385 ίδε,
975 3319 1068 3372 καὶ
1095 3320 1270 3375 κλῖνον
1294 3321 1356 3375 τὸ
1383 3319 1476 3386 οὖς
1498 3341 1612 3387 σου,
1644 3324 1738 3378 καὶ
1765 3326 1886 3378 ἐπι-

308 3405 471 3459 λάθου
498 3406 596 3461 τοῦ
635 3407 765 3462 λαοῦ
801 3426 916 3474 σου,
947 3411 1042 3464 καὶ
1070 3413 1166 3465 τοῦ
1207 3412 1359 3467 οἴκου
1385 3413 1479 3467 τοῦ
1522 3417 1728 3486 πατρός
1755 3430 1847 3471 σου
1873 3434 1886 3448 ·

307 3499 394 3551 ὅτι
417 3499 767 3570 ἐπεθύμησεν
793 3500 823 3553 ὀ
862 3501 1125 3567 Βασιλεὺς
1146 3503 1241 3558 τοῦ
1269 3504 1498 3569 κάλλους
1529 3523 1644 3563 σου.
1680 3528 1700 3561 ι
1734 3508 1890 3582 Εἴρη-

306 3605 397 3644 ται
436 3590 494 3644 δέ
527 3608 631 3645 που
693 3593 830 3665 πρὸς
867 3594 1035 3666 αὐτὴν
1076 3597 1173 3650 καλ⁵
1208 3598 1288 3663 τὸ,
1332 3617 1350 3650 ε
1392 3599 1455 3654 υἱ
1490 3600 1756 3671 ὀφθαλμοί
1796 3620 1888 3656 σου

309 3685 658 3755 περιστερᾶς.
713 3703 731 3736 ι
778 3685 985 3758 Νοητὸν
1034 3687 1091 3739 δὲ
1134 3688 1337 3761 δήπου
1375 3692 1470 3745 καὶ
1516 3692 1890 3763 ὑπερκόσμιον

309 3771 527 3842 ἀληθῶς
561 3776 660 3844 τῆς
700 3775 1024 3846 Ἐκκλησίας
1059 3778 1121 3832 τὸ
1157 3780 1370 3843 κάλλος.
1410 3781 1721 3853 Γέγραπται
1754 3783 1883 3854 γὰρ,

308 3862 389 3915 ὃτι
420 3881 439 3915 ι
469 3864 627 3918 Πᾶσα
648 3866 682 3936 ὴ
703 3865 830 3931 δόξα
851 3867 949 3938 τῆς
986 3869 1258 3942 θυγατρὸς
1285 3870 1378 3924 τοῦ
1415 3872 1697 3942 βασιλέως,
1740 3875 1891 3928 Ἐσε-

309 3954 436 4007 ϐών.
467 3973 488 4007 ι
515 3955 590 4009 Τὸ
606 3957 682 4023 δὲ,
721 3958 977 4024 Ἐσεϐὼν,
1008 3959 1209 4016 ἔσωθέν
1243 3963 1393 4016 ἐστιν
1427 3963 1694 4037 Ἐϐραίων
1714 3969 1882 4039 φωνῇ’

311 4045 562 4116 σώματος
594 4048 824 4121 μὲνγὰρ
855 4051 1154 4122 ὀφθαλμοῖς
1189 4052 1288 4125 οὐχ
1317 4054 1613 4127 ἁλώσιμον,
1646 4056 1886 4130 καθαροῦ

309 4134 367 4188 δὲ
394 4137 488 4190 νοῦ
524 4140 851 4209 προσϐολαῖς
876 4143 1230 4200 εὐκάτοπτον.
1257 4147 1329 4199 Ἦ
1354 4147 1451 4218 οὐχ
1480 4140 1584 4203 ὧδε
1623 4148 1770 4220 ἔχεις

378 4227 586 4283 ΠΑΛΛ.
616 4230 765 4283 Πάνυ
801 4233 901 4303 μὲν
928 4228 1042 4288 οὗν.

378 4319 539 4374 ΚΥΡ.
578 4321 788 4376 Οὐκοῦν
813 4324 873 4377 ού
907 4324 997 4378 διὰ
1021 4327 1122 4397 τῆς
1155 4326 1297 4381 κατὰ
1319 4328 1481 4399 νόμον
1508 4330 1885 4401 παιδαγωγίας

311 4409 514 4463 κατίδοι
551 4427 632 4474 τις
675 4411 743 4465 ἂν
783 4412 845 4466 τὸ
872 4413 1014 4467 θεῖόν
1045 4432 1105 4468 τε
1146 4416 1241 4469 καὶ
1277 4417 1553 4488 ἀκήρατον
1583 4420 1797 4485 κάλλος,
1826 4423 1883 4473 ὲν

311 4498 525 4571 Χριστῷ
555 4500 612 4554 δὲ
648 4503 847 4572 μᾶλλον
874 4506 967 4558 καὶ
993 4508 1104 4570 τοῖς
1131 4506 1197 4559 δι’
1223 4506 1390 4560 αὐτοῦ
1421 4508 1804 4580 παιδεύμασιν.

379 4673 588 4729 ΠΑΑΑ.
627 4675 868 4748 Ἀληθές.

377 4764 542 4820 ΚΥΡ.
588 4767 795 4832 Ἱκανὸς
818 4768 875 4822 δὲ
901 4771 1037 4841 πρὸς
1065 4770 1361 4843 λύτρωσιν,
1395 4766 1440 4825 ὦ
1475 4772 1757 4836 Παλλάδιε,
1789 4775 1883 4829 καὶ

310 4853 442 4923 πρός
482 4872 547 4923 γε
589 4857 652 4910 τὸ
698 4858 957 4913 δύνασθαι
998 4862 1176 4932 χειρός
1215 4879 1274 4915 τε
1315 4862 1408 4915 καὶ
1450 4863 1761 4935 τυραννίδος
1797 4865 1875 4930 ἐξ·

308 4943 520 4999 ελέσθαι
544 4947 871 5021 διαϐολικῆς,
899 4952 1017 5021 οὐχὶ
1045 4954 1269 5024 Μωσῆς,
1299 4954 1331 5024 ἢ
1357 4954 1539 5023 νόμος,
1564 4954 1678 5008 ἀλλ’
1703 4957 1732 5009 ὁ
1753 4957 1883 5009 Μω-

311 5037 443 5100 σέως
479 5030 786 5110 Δεσπότης,
817 5042 958 5096 τοῦτ’
986 5043 1098 5096 ἔστι
1135 5043 1365 5115 Χριστὸς
1388 5085 1401 5107 ,
1442 5046 1535 5098 καὶ
1581 5046 1879 5118 μυστηρίου

309 5127 399 5180 τοῦ
433 5130 555 5182 κατ’
590 5132 751 5185 αὑτὸν
780 5134 813 5203 ἡ
839 5133 1091 5203 δύναμις.
1127 5135 1236 5189 Καὶ
1272 5134 1401 5203 γοῦν
1429 5135 1565 5190 Θεοῦ
1608 5136 1877 5206 λέγοντος·

315 5234 333 5265 ι
373 5216 518 5273 Ἰδὼν
545 5216 686 5274 εἶδον
705 5221 804 5292 τὴν
826 5224 1069 5278 κάκωσιν
1095 5225 1189 5277 τοῦ
1219 5224 1348 5279 λαοῦ
1386 5244 1486 5296 μου
1515 5229 1573 5279 ὲν
1598 5228 1880 5298 Αἰγύπτῳ.

309 5307 402 5360 καὶ
425 5312 533 5380 ,τῆς
571 5312 829 5383 κραυγῆς
865 5314 1047 5367 αὐτῶν
1089 5317 1304 5385 ἀκήκοα
1346 5316 1453 5370 ἀπὸ
1482 5319 1591 5369 τῶν
1631 5318 1887 5388 ἐργοδιω-

310 5397 451 5450 κτῶν
469 5415 483 5429 ·
508 5395 625 5454 οἴδα
648 5401 758 5472 γὰρ
783 5402 975 5474 ὀδύνην
997 5404 1195 5469 αὐτῶν,
1218 5408 1306 5461 καῖ
1336 5408 1574 5479 κατέϐην
1605 5407 1884 5473 ἐξελέσθαι

310 5486 500 5553 αὐτοὺς
529 5493 596 5544 ὲκ
625 5493 812 5563 ’χειρὸς
838 5494 948 5547 τῶν
986 5497 1296 5564 Αἰγυπτίων
1314 5539 1329 5563 ,
1360 5499 1649 5567 ἐξαγαγεῖν
1688 5500 1884 5562 αὐτοὺς

309 5576 370 5630 ἐκ
394 5580 489 5651 τῆς
521 5582 626 5652 γῆς
661 5583 878 5654 ἐκείνης
911 5586 991 5648 εἰς
1025 5589 1128 5655 γῆν
1158 5588 1367 5659 ἀγαθὴν
1395 5592 1488 5643 καὶ
1525 5588 1723 5659 πολλὴν
1746 5631 1758 5653 ,
1806 5592 1884 5651 εἰς

1990 1949 2202 2004 chelem
2247 1951 2529 2021 praestanti
2580 1950 2777 2018 forma,
2815 1968 2880 2009 ac
2923 1952 3105 2024 specie
3157 1970 3288 2009 sane
3338 1962 3570 2010 venusta

1989 2036 2157 2092 fuisse
2182 2054 2197 2091 :
2229 2038 2411 2108 itaque
2430 2038 2598 2095 Iacob
2616 2041 3034 2111 {'patriarcham,
3052 2043 3301 2113 quamvis
3321 2043 3569 2099 deditum

1991 2130 2162 2184 amori
2205 2129 2480 2206 Rachelis,
2532 2131 2752 2201 duxisse
2810 2141 2992 2188 tamen
3055 2133 3243 2198 Liam,
3275 2141 3570 2204 antequam

1991 2222 2625 2293 venustiorijungeretur
2645 2224 2687 2277 '.
2716 2223 2906 2295 Igitur,
2926 2224 2969 2279 si
2995 2224 3163 2295 ﬁgura
3194 2223 3262 2278 ad
3283 2224 3570 2280 veritatem

1995 2311 2366 2379 transferatur,
2390 2312 2591 2369 Christi
2618 2315 2930 2386 mysterium
2953 2314 3267 2386 perspicies.
3291 2315 3422 2371 Duae
3442 2324 3572 2371 sunt

1994 2402 2141 2455 enim
2166 2408 2372 2457 vocata:
2396 2402 2464 2457 ad
2495 2405 2809 2475 conjugium
2826 2386 3140 2475 'spirituale,
3162 2404 3349 2476 illique
3364 2406 3571 2476 juncta:
3602 2448 3609 2455 .

1992 2493 2287 2560 mulieres;
2324 2510 2389 2549 ac
2416 2495 2567 2564 prior
2596 2495 2685 2550 illa
2715 2502 2847 2551 natu
2876 2496 3046 2567 major
3064 2511 3163 2568 per
3184 2496 3423 2569 Moysen,
3447 2512 3571 2567 quae

1992 2600 2283 2654 personam
2319 2586 2614 2659 Synagogaa
2647 2586 2958 2644 Iudaeorum
2993 2588 3222 2653 ferebat,
3243 2590 3332 2644 cui
3359 2589 3570 2644 dictum

1991 2688 2075 2736 est
2108 2695 2137 2733 a
2158 2679 2270 2733 Deo
2295 2695 2393 2749 per
2415 2695 2580 2734 voces
2610 2679 3002 2750 pr0phetarum
3034 2696 3047 2733 :
3090 2699 3107 2729 ι
3140 2678 3280 2735 Ecce
3309 2696 3418 2735 non
3441 2688 3571 2735 sunt

1992 2771 2135 2826 oculi
2160 2770 2281 2837 .tui,
2306 2786 2487 2842 neque
2513 2786 2609 2825 cor
2640 2779 2794 2825 tuum
2835 2770 3147 2841 pulchrum,
3184 2770 3293 2825 nisi
3331 2770 3399 2825 ad
3438 2787 3567 2826 ava-

1992 2863 2197 2928 ritiam,
2237 2870 2293 2919 et
2318 2865 2388 2918 ad
2417 2860 2737 2933 iniquitates
2764 2869 2904 2927 tuas,
2947 2860 3092 2917 etad
3119 2860 3322 2916 cazdem
3362 2861 3567 2916 facien-

1994 2952 2119 3008 dam
2160 2953 2199 3007 ⁸.
2252 2971 2270 3004 ι
2314 2939 2570 3009 Secundo
2615 2953 2738 3008 loco
2786 2951 2949 3006 ducta
2987 2961 3072 3007 est
3110 2950 3451 3015 adolescens,
3504 2967 3569 3006 ac

1993 3044 2278 3098 venustior
2324 3043 2416 3098 illa
2448 3058 2515 3098 ex
2549 3044 2806 3114 gentibus
2842 3040 3107 3106 Ecclesia,
3141 3042 3243 3096 'cui
3285 3043 3455 3097 David
3481 3043 3568 3098 di-

1995 3134 2177 3188 cebat:
2217 3153 2235 3185 ι
2268 3132 2581 3199 Audi,ﬁlia,
2605 3143 2661 3187 et
2691 3132 2839 3198 vide,
2871 3140 2927 3187 et
2958 3132 3159 3187 inclina
3186 3148 3374 3185 aurem
3396 3140 3565 3198 tuam,

2000 3236 2056 3281 et
2082 3226 2410 3281 obliviscere
2449 3226 2713 3296 populum
2744 3233 2898 3279 tuum
2933 3235 2990 3279 et
3021 3222 3243 3278 domum
3268 3223 3439 3292 patris
3461 3224 3563 3288 tui,

1991 3316 2118 3387 quia
2135 3315 2450 3386 concupivit
2489 3313 2606 3370 Rex
2644 3314 2882 3386 speciem
2916 3320 3065 3367 luam
3092 3313 3133 3365 ⁷.
3167 3331 3184 3362 ι
3236 3311 3453 3365 Dictum
3483 3320 3569 3366 est

1990 3408 2040 3462 ei
2071 3407 2305 3478 quodam
2328 3407 2468 3471 loco,
2504 3407 2670 3461 etiam
2701 3404 2856 3471 illud,
2896 3425 2914 3457 ‹
2955 3402 3113 3461 Oculi
3159 3400 3236 3457 tui
3282 3401 3426 3457 sicut
3469 3417 3566 3458 co-

1990 3500 2189 3555 lumbae
2225 3500 2264 3552 ⁸.
2323 3519 2340 3550 ι
2389 3499 2485 3553 Est
2540 3506 2724 3553 autem
2777 3496 3078 3568 spiritualis
3118 3494 3312 3566 procul
3360 3494 3563 3560 dubio,

1990 3600 2153 3661 atque
2222 3589 2465 3645 celestis
2499 3596 2690 3644 revera
2745 3588 2839 3642 illa
2891 3586 3148 3642 Ecclesiae
3189 3584 3560 3656 pulchritudo.

1992 3682 2265 3753 Scriptum
2286 3691 2371 3736 est
2389 3680 2537 3735 enim
2580 3698 2593 3733 :
2646 3678 2864 3735 «Omnis
2902 3678 3075 3749 gloria
3103 3675 3228 3731 ﬁlia:
3252 3675 3396 3746 regis
3427 3675 3562 3729 Ese~

1991 3773 2101 3827 bon
2123 3774 2165 3825 '.
2201 3790 2219 3823 ι
2255 3770 2371 3826 Hoc
2408 3779 2594 3826 autem
2622 3769 2876 3834 verbum,
2923 3767 3163 3832 Esebon,
3204 3765 3562 3821 Hebraeorum

1987 3864 2195 3934 lingua,
2254 3863 2565 3917 intrinsecus
2595 3861 2862 3933 signiﬁcat
2887 3878 2901 3927 ;
2928 3874 3108 3930 neque
3135 3859 3281 3914 enim
3320 3857 3407 3912 illa
3434 3871 3561 3927 spe-

1989 3957 2101 4011 cies
2129 3954 2378 4026 corporis
2435 3953 2610 4009 oculis
2641 3952 2961 4024 percipitur,
3004 3951 3100 4006 sed
3148 3940 3301 4021 purae
3354 3946 3559 4003 mentis

1988 4046 2106 4103 acie
2133 4044 2491 4116 conspicitur.
2523 4044 2719 4098 Annon
2748 4044 2823 4098 ita
2853 4043 2976 4097 est?

2056 4219 2254 4276 PALL.
2289 4219 2520 4274 Maxime
2549 4234 2702 4273 vero.

2054 4309 2213 4365 CYR.
2233 4309 2351 4363 Non
2373 4323 2504 4377 ergo
2529 4308 2819 4376 quisquam
2853 4323 2947 4376 per
2972 4308 3105 4377 legis
3136 4308 3561 4379 institutionem,

1986 4399 2225 4455 divinam
2248 4400 2392 4453 illam
2410 4399 2892 4467 incorruptamque
2931 4398 3396 4467 pulchritudinem
3438 4417 3565 4473 per.

1984 4491 2165 4561 spicit,
2210 4491 2303 4545 sed
2353 4505 2448 4560 per
2487 4488 2767 4544 Christum
2823 4491 3024 4560 potius,
3079 4499 3134 4545 et
3176 4493 3294 4562 ejus
3314 4491 3562 4565 discipli-

1988 4598 2114 4638 nam
2125 4623 2135 4636 .

2060 4673 2255 4728 PALL.
2282 4673 2395 4745 66
2417 4673 2616 4753 Veruln
2650 4682 2751 4729 est.

2058 4766 2219 4821 CYR.
2252 4767 2454 4821 Potens
2482 4775 2661 4821 autem
2695 4766 2762 4821 ad
2791 4781 2892 4821 nos
2922 4764 3274 4822 redimendos
3311 4768 3558 4823 eximen-

1990 4860 2196 4929 dosque
2249 4859 2316 4913 de
2374 4874 2537 4912 manu
2585 4858 2976 4928 dominatuque
3019 4856 3222 4914 diaboli
3268 4858 3388 4923 fuit,
3448 4875 3557 4916 non

1990 4952 2219 5023 Moyses.
2263 4958 2358 5004 aut
2414 4950 2521 5013 lex,
2586 4949 2682 5005 sed
2723 4948 2988 5005 Dominus
3034 4948 3237 5021 Moysi,
3284 4948 3554 5013 Christus,

1993 5041 2235 5112 inquam,
2273 5042 2499 5110 ejusque
2525 5039 2609 5095 vis
2655 5039 3006 5095 sacramenti.
3044 5037 3206 5094 Certe
3250 5054 3373 5093 cum
3412 5039 3556 5094 Deus

1989 5132 2196 5188 diceret
2231 5150 2242 5183 :
2273 5150 2290 5181 ι
2319 5131 2522 5186 Videns
2548 5131 2659 5186 vidi
2698 5126 3043 5187 aﬂlictionem
3079 5128 3264 5199 populi
3307 5128 3435 5191 mei,
3461 5130 3554 5199 qui

1986 5231 2070 5278 est
2103 5223 2158 5278 in
2185 5221 2437 5293 IEgypto,
2470 5231 2526 5276 et
2553 5223 2851 5278 clamorem
2882 5236 3075 5275 eorum
3104 5218 3291 5275 audivi
3333 5229 3554 5290 propter

1983 5321 2266 5369 exactores
2307 5329 2533 5384 operum
2563 5332 2576 5365 :
2630 5314 2745 5367 scio
2786 5311 2933 5365 enim
2963 5309 3209 5364 dolorem
3246 5324 3460 5374 eorum,
3497 5321 3553 5364 et

1984 5403 2239 5459 descendi
2272 5412 2334 5458 ut
2358 5405 2585 5460 liberem
2617 5419 2713 5458 eos
2738 5418 2806 5457 ex
2844 5416 3007 5455 manu
3047 5399 3448 5472 Egyptiorum,
3494 5414 3551 5457 et

1984 5494 2210 5549 educam
2232 5510 2327 5550 eos
2356 5511 2422 5549 ex
2453 5504 2597 5548 terra
2626 5494 2734 5556 illa,
2759 5501 2816 5546 et
2836 5490 3090 5546 inducam
3118 5491 3241 5546 illos
3263 5491 3319 5546 in
3350 5501 3551 5546 terram

1982 5587 2181 5642 bonam
2229 5600 2285 5641 et
2330 5589 2578 5652 multam,
2623 5588 2678 5641 in
2720 5596 2918 5641 terram
2966 5594 3275 5641 manantem
3332 5587 3437 5640 mel
3493 5593 3553 5640 et

375 5696 570 5771 fJoan.
600 5699 778 5771 v,_57.
810 5770 813 5771 ν
851 5698 1057 5771 ξιοοιι.
1098 5717 1206 5761 xxv,
1248 5703 1299 5754 8.
1376 5705 1397 5734 ⁵
1430 5676 1588 5769 lbid.,
1613 5707 1664 5759 9.
1743 5709 1761 5738 ⁵
1784 5706 1918 5757 Gen.
1949 5720 2090 5765 xxix,
2134 5705 2198 5757 -16
2232 5720 2382 5771 seqq.
2462 5705 2480 5730 ⁶
2507 5704 2704 5755 υἷιἾῚῚΠ.
2738 5719 2865 5760 un,
2898 5699 2982 5752 Π.
3060 5701 3079 5730 ⁷
3113 5699 3252 5754 Psal.
3288 5716 3427 5762 xuv,
3457 5697 3547 5751 ll.

308 5765 327 5795 '
352 5763 507 5822 Cant.
542 5785 595 5833 v,
636 5768 719 5821 12.
799 5770 818 5799 '
850 5768 991 5822 Psal.
1033 5786 1172 5831 κων,
1206 5771 1291 5825 Η.
