4082 6304
522 368 626 424 259

1533 359 1590 410 S.
1631 359 1908 414 CYlllLLl
1941 358 2409 414 ALEXANDle
2448 360 2762 416 ARCHIEP.

3675 365 3769 421 2w

524 483 604 536 [ac
636 482 702 546 '0;
735 497 753 530 ›
777 490 1010 546 eumque
1031 474 1098 529 iis
1123 472 1306 528 verbis
1326 471 1590 527 continuo
1607 472 1941 531 addidisset:
1989 492 2004 522 ι
2027 473 2092 528 Et

2207 473 2294 544 γῆν
2324 474 2550 544 ῥέουσαν
2589 473 2729 543 γάλα
2755 476 2849 529 καὶ
2879 474 3021 545 μέλι.
3064 492 3082 526 ι
3127 474 3236 527 Καὶ
3264 476 3648 546 προστιθέντος
3675 483 3758 534 εὐ.

522 590 669 631 nunc
703 587 830 628 ecce
863 571 1070 626 clamor
1099 568 1333 623 ﬁliorum
1375 567 1541 622 lsrael
1587 567 1739 622 venit
1781 566 1849 621 ad
1879 582 1998 633 me;
2037 574 2093 622 et

521 666 632 738 cgo'
653 664 766 719 vidi
807 661 1154 718 aﬂlictionem
1195 675 1301 730 qua
1338 658 1576 730 Egyptii
1605 658 2037 728 opprimunteos
2075 676 2088 711 :

519 766 575 812 et
594 770 740 810 nunc
755 753 898 816 veni,
913 752 1124 807 mittam
1147 757 1200 806 te
1216 749 1284 805 ad
1307 749 1641 804 Pharaonem
1661 763 1839 817 regem
1857 747 2091 818 Egypti,

519 856 575 903 et
627 846 829 901 educes
880 844 1144 916 populum
1192 857 1397 906 meum,
1451 840 1590 895 ﬁlios
1633 840 1797 894 lsrael
1840 855 1906 892 ex
1951 847 2094 894 terra

519 938 736 1010 Egypti
771 937 848 990 ":
886 955 902 988 ι
943 942 1130 1005 aperte
1167 949 1231 988 ac
1267 933 1446 1004 palam
1495 930 1814 986 reclamavit
1839 929 2049 1000 Moyses
2079 947 2090 982 :

527 1048 544 1079 ι
590 1027 724 1094 Quis
766 1041 887 1081 sum
927 1039 1048 1095 ego,
1085 1032 1144 1078 ut
1179 1022 1373 1077 vadam
1434 1020 1501 1075 ad
1551 1021 1890 1075 Pharaonem
1913 1034 2094 1090 regem

518 1120 758 1192 IEgypti,
789 1130 844 1174 et
883 1126 946 1174 ut
976 1117 1204 1173 educam
1249 1115 1394 1169 ﬁlios
1425 1114 1588 1170 Israel
1631 1130 1697 1169 ex
1735 1123 1881 1169 terra
1925 1113 2094 1185 [Egy-

520 1212 598 1280 pti
627 1213 668 1243 ¹²
698 1211 762 1263 ⁸2»
791 1209 931 1264 Num
954 1207 1118 1278 igitur
1141 1221 1332 1277 parum
1363 1214 1448 1260 est
1484 1203 1708 1259 evidens
1739 1204 1855 1259 haec
1889 1203 2098 1274 ﬁgura?

521 1310 577 1356 ct
622 1302 713 1356 hic
761 1299 1051 1354 recusandi
1100 1297 1297 1352 modus
1341 1312 1524 1352 nonne
1566 1295 1635 1350 ad
1677 1311 1803 1350 eum
1835 1294 2093 1360 refertur,

521 1393 615 1462 qui
645 1391 869 1446 inﬁnitis
885 1389 1134 1459 partibus
1163 1387 1412 1457 superior
1433 1395 1520 1441 est
1543 1395 1706 1455 atque
1731 1385 2094 1456 prazstantior,

524 1485 578 1539 id
603 1490 706 1545 est,
747 1481 815 1536 ad
854 1480 1175 1536 Christum?
1209 1479 1428 1548 Alioqui
1479 1478 1584 1532 hoc
1633 1478 1811 1548 ipsum
1870 1476 2094 1534 dicere:

521 1576 655 1644 Quis
673 1575 830 1630 sum?
847 1574 1091 1642 ineptum
1113 1587 1244 1625 sane
1260 1579 1423 1624 esset.
1442 1569 1608 1640 Atqui
1626 1568 1784 1624 facile
1806 1567 2098 1624 admodum

523 1668 735 1731 fuisset,
779 1664 1012 1735 populos
1051 1663 1288 1732 eripere,
1327 1677 1391 1716 ac
1425 1662 1656 1716 salutem
1700 1662 1956 1732 gentibus
2000 1677 2098 1732 pa-

525 1773 666 1822 rere,
692 1757 760 1811 ad
791 1755 1208 1824 libertatemque
1233 1768 1512 1818 revocare,
1554 1752 1601 1807 si
1635 1754 1758 1824 ejus
1802 1752 1966 1815 vires,
2001 1752 2096 1822 qui

527 1849 649 1904 illos
683 1848 738 1900 in
767 1846 1031 1901 servitute
1081 1844 1411 1899 constrictos
1445 1843 1688 1908 tenebat,
1731 1842 1965 1907 Satanae,
2006 1843 2088 1898 in-

485 1968 489 1972 -
526 1947 709 2010 quam,
741 1937 937 1992 attritas
975 1945 1138 2006 atque
1164 1943 1438 1990 enervatae
1461 1933 1714 1989 fuissent.

593 2029 787 2086 PALL.
845 2028 1096 2084 Profecto
1153 2027 1473 2083 facillimum
1528 2045 1539 2079 :
1597 2033 1745 2080 recte
1802 2026 1950 2080 enim
2010 2025 2098 2080 di-

491 2125 621 2181 τοῖς.

591 2214 749 2269 CYR.
794 2212 974 2280 Quid?
1013 2227 1194 2266 nonne
1225 2211 1377 2265 'hinc
1421 2225 1641 2281 quoque
1674 2224 1903 2280 prorsus
1941 2208 2100 2264 facile

525 2314 608 2360 est
663 2303 885 2369 videre,
943 2302 1189 2356 omnium
1241 2300 1527 2356 hominum
1581 2300 1776 2356 salutis
1821 2309 2100 2355 auctorem

527 2397 693 2451 fuiSse
719 2395 1058 2467 unigenitum
1079 2392 1176 2447 Dei
1204 2392 1440 2448 Filium?
1480 2392 1652 2462 ipsius
1685 2391 1832 2446 enim
1871 2407 1973 2462 ope
2013 2407 2101 2446 re-

485 2518 490 2524 ·
525 2490 731 2559 dempti
762 2505 971 2551 sumus,
1002 2495 1188 2557 atque,
1219 2495 1280 2540 ut
1309 2486 1386 2541 ait
1410 2486 1681 2556 propheta
1713 2502 1724 2538 :
1756 2503 1775 2535 ι
1803 2485 1923 2538 Non
1958 2484 2103 2554 lega-

529 2589 634 2644 tus,
705 2595 818 2634 non
875 2578 1102 2650 angelus
1135 2617 1148 2640 ,
1206 2577 1301 2630 sed
1376 2576 1492 2645 ipse
1549 2573 1814 2628 Dominus
1876 2573 2104 2627 salvavit

491 2707 503 2716 ,ι
527 2684 628 2722 nos
648 2668 752 2720 ¹³.“›

598 2756 793 2812 ΡᾹΙᾸ..
813 2754 1134 2812 Undenam?
1159 2767 1364 2822 quaeso.

596 2847 754 2903 CYR.
803 2847 948 2900 Deus
1002 2846 1149 2898 enim
1201 2843 1580 2897 universorum
1622 2841 1882 2912 praecepit
1935 2841 2103 2912 Moysi

529 2938 748 2993 disertis
766 2937 969 3000 verbis,
1001 2941 1063 2989 ut
1087 2933 1205 2988 sine
1223 2931 1570 2987 cunctatione
1595 2940 1850 3003 pergeret
1879 2931 1947 2986 ad
1965 2931 2107 2988 ﬁlios

501 3041 503 3043 ‘
531 3029 717 3092 Israel,
749 3027 924 3096 iisque
941 3026 1119 3096 palam
1152 3024 1381 3088 diceret,
1419 3022 1566 3094 quod
1603 3022 1910 3093 adjutorem
1941 3032 2105 3092 atque

2196 565 2318 630 θύς·
2345 585 2381 618 -ι
2437 567 2546 620 Καὶ
2578 566 2672 621 νύν
2706 567 2813 620 ίδού
2860 569 2894 638 ἡ
2932 568 3150 637 κραυγὴ
3183 567 3291 620 τῶν
3343 567 3474 622 υίῶν
3530 571 3757 644 Ἰσραὴλ,

2193 659 2317 728 ἥκει
2345 657 2479 728 πρὸς
2513 675 2578 729 με
2597 673 2612 690 ⁸
2655 657 2807 727 κάγὼ
2837 658 3057 729 ἑώρακα
3087 658 3177 712 τὸν
3209 658 3476 729 θλιμμὸν,
3508 661 3566 715 ὸν
3597 665 3647 716 οἱ
3673 666 3760 719 Δί-

2195 750 2410 818 γύπτιοι
2439 751 2708 805 θλίϐουσιν
2744 751 2968 816 αὐτούς·
3005 750 3100 804 καὶ
3140 750 3235 805 νῦν
3274 750 3452 824 δεῦρο,
3489 755 3761 811 ἀποστελῶ

2198 860 2257 896 σε
2301 844 2438 914 πρὸς
2469 842 2664 915 (apud)
2702 843 2924 913 βασιλέα
2959 843 3238 913 Αἰγύπτου
3261 885 3276 910 ,
3316 845 3409 898 καὶ
3442 845 3650 910 ἐξάξεις
3678 849 3761 904 τὸν

2185 934 2328 988 ’λαόν
2359 952 2484 1004 μου,
2507 936 2629 999 τούς
2646 936 2793 997 υἱοὺς
2823 934 3058 1006 Ἰσραὴλ,
3089 936 3154 988 ἐκ
3176 935 3279 1004 γῆς
3306 936 3645 1004 Αίγύπτου·›
3675 956 3762 992 σα-

2198 1024 2312 1093 φῶς
2362 1024 2419 1078 δέ
2459 1025 2554 1078 καὶ
2599 1025 2892 1096 διαρρήδην
2937 1026 3297 1097 ἀνεκεκρὰγει
3328 1025 3568 1096 Μωσῆς·
3609 1048 3626 1080 ι
3675 1028 3764 1093 Τίς

2197 1119 2310 1188 εἰμι
2347 1117 2485 1186 ἐγὼ,
2521 1119 2601 1172 ὅτι
2633 1117 2972 1189 πορεύσομαι
3002 1120 3136 1189 πρὸς
3178 1119 3375 1190 Φαραὼ
3421 1119 3641 1189 βασιλέα
3678 1123 3765 1174 Δί·

2197 1195 2425 1275 γύπτου,
2471 1209 2565 1262 καὶ
2610 1209 2693 1262 ὅτι
2720 1206 2907 1273 ’ἐξάξω
2949 1211 3074 1272 τοὺς
3117 1209 3266 1272 υἱοὺς
3317 1209 3535 1281 Ἰσραὴλ
3575 1211 3638 1264 ἐκ
3671 1215 3764 1282 γῆς

2197 1299 2477 1367 Αἰγύπτου
2497 1318 2510 1367 ;
2550 1317 2572 1352 ι
2597 1295 2664 1352 Ἀ
2675 1301 2724 1370 ρ’
2749 1295 2841 1353 οὖν
2865 1301 2966 1353 οὐκ
2988 1301 3225 1370 ἐναργὴς
3249 1303 3278 1353 ό
3301 1300 3496 1365 τύπος,
3519 1301 3611 1355 καὶ
3631 1305 3658 1354 ὁ
3676 1307 3766 1374 τῆς

2201 1392 2580 1462 παραιτήσεως
2607 1392 2807 1462 τρόπος
2832 1391 2951 1462 οὐχὶ
2980 1391 3078 1462 τὴν
3105 1391 3380 1464 ἀναφορὰν
3411 1393 3507 1446 ἐπὶ
3527 1392 3596 1446 τὸ
3613 1394 3770 1463 ἀσυγ-

2199 1482 2401 1552 κρίτως
2427 1483 2526 1535 ὐπε
2537 1483 2758 1555 ρτεροῦν
2785 1484 2877 1537 καὶ
2898 1471 3291 1555 ὑπερκείμενον
3316 1485 3450 1555 ἔχει,
3474 1483 3620 1538 τοῦτ’
3639 1485 3766 1552 ἐστι,

2201 1575 2466 1645 Χριστόν;
2499 1576 2586 1638 Ὡς
2606 1576 2684 1641 τὸ,
2707 1595 2725 1626 ι
2751 1575 2846 1638 Τίς
2863 1577 2976 1648 είμι
2992 1576 3131 1644 ἐγὼ;
3156 1595 3173 1626 ι
3198 1575 3375 1644 λέγειν
3403 1576 3736 1648 ἀνάρμοστον
3752 1595 3766 1609 ο

2201 1666 2424 1729 εὐπετὲς
2445 1667 2502 1720 δέ
2525 1666 2642 1720 λίαν
2668 1668 2727 1719 τὸ
2763 1665 3037 1732 ἐξελέσθαι
3065 1667 3249 1730 λαοὺς,
3277 1667 3372 1721 καὶ
3398 1666 3600 1731 σώζειν
3626 1668 3766 1740 ἔθνη,

2202 1758 2297 1812 καὶ
2319 1757 2673 1828 ἀποκομίζειν
2709 1759 2789 1821 είς
2813 1757 3128 1828 ἐλευθερίαν
3148 1799 3163 1818 ,
3195 1759 3656 1833 συντετριμμένον
3686 1761 3772 1814 καὶ

2200 1849 2578 1918 ἀτονήσαντος,
2592 1846 2683 1900 τοῦ
2706 1847 2840 1922 πρὸς
2861 1847 3103 1902 δουλείαν
3125 1848 3438 1920 συνέχοντος
3482 1851 3623 1904 τοῦτ’
3643 1851 3768 1917 ἐστι,

2201 1937 2292 1992 τοῦ
2325 1939 2560 1993 Σατανᾶ.

2270 2032 2478 2086 ΠΔΛΛ.
2511 2032 2949 2089 Εὐπετέστατονο
2984 2033 3122 2107 ἔφης
3151 2034 3262 2107 γὰρ
3297 2034 3480 2106 ὀρθῶς

2271 2211 2436 2266 ΚΥΡ.
2483 2212 2548 2266 Τί
2594 2212 2684 2275 δέ;
2720 2212 2838 2281 οὐχὶ
2884 2210 3179 2266 κάντεῦθεν
3227 2211 3353 2266 ίδείν
3400 2211 3772 2285 ἀταλαίπωρον

2201 2304 2509 2369 παντελῶς,
2539 2306 2619 2358 ὅτι
2649 2305 2745 2376 τῆς
2783 2304 3040 2358 ἁπάντων
3073 2304 3347 2376 σωτηρίας
3393 2289 3663 2375 πρύτανις
3693 2304 3773 2372 γέ-

2200 2414 2354 2466 γονεν
2388 2399 2417 2451 ὁ
2459 2397 2807 2467 Μονογενής;
2847 2397 2914 2450 δι’
2948 2395 3114 2451 αὐτοῦ
3157 2396 3266 2466 γὰρ
3309 2395 3772 2467 ἐκλελυτρώμεθα,

2202 2484 2295 2538 καί
2325 2501 2488 2552 φησιν
2516 2487 2544 2537 ὁ
2584 2485 2867 2555 προφήτης
2887 2501 2902 2515 ο
2942 2502 2961 2535 ι
3000 2485 3073 2538 Οὐ
3105 2485 3368 2556 πρέσϐυς,
3401 2486 3512 2540 οὐκ
3541 2485 3772 2555 ἄγγελος,

2202 2575 2316 2628 ἀλλ’
2351 2575 2514 2640 αὐτὸς
2550 2577 2578 2628 ὁ
2618 2575 2822 2645 Κύριος
2851 2575 3054 2630 ἔσωσεν
3085 2578 3252 2648 ἡμᾶς.
3299 2596 3319 2628 ι

3629 2663 3661 2701 ἢ

2275 2753 2482 2807 ΠΔΛΛ.
2517 2751 2686 2805 Πόθεν
2717 2752 2853 2822 ἔφης
2871 2771 2885 2819 ;

2275 2845 2440 2898 ΚΥΡ.
2491 2845 2550 2898 '0
2584 2845 2682 2915 μὲν
2717 2845 2826 2915 γὰρ
2861 2845 2970 2898 τῶν
2994 2845 3132 2899 ὅλων
3157 2846 3287 2911 Θεὸς
3317 2849 3496 2920 Μωσῇ
3543 2849 3777 2904 κεκέλευ-

2209 2955 2300 2992 κεν
2340 2937 2620 3009 ἐναργῶς,
2653 2938 2955 2992 ἀοκνότατα
2995 2938 3091 3008 μὲν
3146 2939 3280 2992 ἱέναι
3315 2941 3454 3012 πρὸς
3483 2945 3614 3007 τούς
3646 2945 3780 3008 υίούς

2220 3029 2454 3100 Ἰσραὴλ,
2489 3031 2662 3082 εἰπεῖν
2690 3029 2746 3083 δὲ
2776 3030 3077 3097 ἀναφανδὸν
3113 3031 3189 3093 ῶς
3223 3031 3439 3100 ἀρωγὸν
3469 3035 3572 3088 καὶ
3591 3017 3781 3104 ¹συλλή-

503 3129 820 3192 patronum
853 3117 1123 3172 haberent
1157 3117 1354 3180 Deum,
1395 3116 1486 3186 qui
1517 3116 1702 3169 omnia
1743 3123 1943 3185 potest,
1976 3131 2102 3170 eum

2207 3139 2381 3192 πτορα
2407 3121 2498 3174 τὸν
2545 3123 2722 3177 πάντα
2767 3121 3020 3193 ἰσχύοντα
3059 3123 3313 3186 λαϐόντες
3347 3125 3508 3190 Θεὸν,
3547 3129 3778 3197 ἀποφορ-

528 3213 785 3268 facillime
815 3209 1097 3266 servitutis
1122 3207 1387 3280 Egyptize
1423 3207 1730 3262 molestiam
1760 3207 2102 3273 levaturum;

532 3305 657 3360 illos
694 3305 823 3358 item
857 3301 1080 3357 domum
1117 3301 1298 3356 denuo
1331 3299 1638 3366 redituros;
1673 3308 1729 3354 et
1776 3299 1870 3353 ubi
1908 3299 1977 3354 ad
2006 3315 2105 3369 pa-

535 3405 679 3449 trum
703 3410 929 3449 suorum
967 3393 1276 3447 libertatem
1317 3390 1606 3454 redierint,
1646 3390 1762 3444 fore
1818 3397 1879 3444 ut
1903 3398 2106 3444 terram

534 3491 776 3540 sanetam
817 3481 1154 3546 incolerent;
1203 3479 1388 3548 ibique
1436 3478 1609 3548 copiis
1664 3492 1728 3532 ac
1766 3477 1946 3541 bonis,
1986 3492 2107 3546 quae

537 3582 655 3650 ipse
700 3577 1150 3649 suppeditaturus
1195 3582 1377 3640 esset,
1426 3573 1729 3646 largissime
1771 3574 2103 3629 fruerentur.

541 3671 835 3742 Respondit
854 3677 1058 3734 autem,
1079 3669 1275 3739 inquit,
1304 3667 1532 3740 Moyses,
1560 3682 1626 3721 ac
1653 3665 1789 3721 dixit
1817 3685 1829 3719 :
1861 3685 1878 3718 ι
1918 3665 1974 3721 Si
1998 3681 2107 3720 non

537 3761 874 3818 crediderint
912 3761 1081 3826 mihi,
1120 3775 1298 3830 neque
1341 3759 1618 3814 audierint
1660 3773 1850 3813 vocem
1894 3772 2103 3821 meam;

537 3855 720 3911 dicent
776 3854 945 3918 enim,
991 3852 1136 3922 quod
1162 3852 1282 3906 Non
1317 3851 1568 3922 apparuit
1621 3850 1720 3905 tibi
1767 3850 2107 3920 Deus;quid

537 3947 712 4002 dicam
743 3947 810 4000 ad
836 3945 967 4000 eos?
991 3946 1136 3999 Dixit
1169 3954 1350 3999 autem
1378 3944 1428 3998 ei
1470 3943 1734 3998 Dominus
1759 3961 1772 3997 :
1804 3942 1947 4010 Quid
1968 3944 2107 3999 illud

511 4045 619 4092 test
633 4035 779 4106 quod
795 4035 963 4089 habes
984 4033 1040 4088 in
1057 4034 1256 4088 manu?
1273 4033 1367 4088 llle
1394 4039 1575 4088 autem
1595 4032 1749 4096 dixit,
1772 4032 1879 4104 67
1909 4031 2106 4103 Virga:

535 4134 592 4180 et
625 4125 762 4180 dixit
798 4125 1046 4194 :Projice
1071 4139 1190 4178 eam
1214 4124 1270 4178 in
1331 4133 1553 4178 terram.
1601 4124 1679 4178 .Et
1736 4124 1966 4195 projecit
1987 4140 2108 4180 eam

537 4220 592 4272 in
611 4228 829 4281 terram,
852 4228 907 4273 et
927 4218 1068 4273 facta
1085 4225 1171 4271 est
1192 4216 1448 4282 coluber;
1466 4225 1522 4271 et
1542 4215 1681 4286 fugit
1703 4216 1912 4288 Moyses
1935 4216 2006 4272 ab
2019 4233 2104 4272 eo.

515 4309 603 4364 .Et
629 4307 768 4363 dixit
789 4308 1051 4362 Dominus
1076 4306 1144 4361 ad
1167 4305 1388 4377 Moysen
1407 4324 1418 4358 :
1435 4305 1678 4360 Extende
1696 4321 1918 4360 manum
1939 4314 2106 4373 tuam,

534 4409 590 4454 et
619 4399 970 4470 apprehende
1015 4399 1264 4454 caudam.
1317 4396 1632 4452 Extendens
1671 4395 1839 4467 igitur
1887 4411 2108 4470 manum

2213 3213 2452 3267 τιούνται
2496 3213 2594 3284 μὲν
2641 3213 2877 3278 εὐκόλως
2915 3214 3015 3283 τῆς
3062 3216 3120 3266 ἐν
3152 3215 3414 3288 Αἰγύπτῳ
3450 3217 3697 3282 δουλείας
3726 3219 3780 3271 τὸ

2213 3302 2504 3374 δυσαχθές,
2533 3303 2714 3356 οἴκαδέ
2759 3320 2822 3372 γε
2876 3303 2982 3374 μὴν
3013 3305 3310 3375 ἀπαίρουσι
3349 3307 3547 3373 πάλιν,
3583 3309 3672 3362 καὶ
3709 3309 3782 3372 είς

2213 3395 2309 3466 τὴν
2351 3395 2457 3448 τῶν
2496 3395 2746 3466 πατέρων
2786 3395 3098 3468 ἐλευθερίαν
3152 3398 3616 3469 ἀναφοιτήσαντες
3640 3439 3654 3463 ,
3689 3400 3780 3471 τὴν

2217 3488 2375 3556 ἀγίαν
2402 3489 2684 3558 οἰκήσουσι
2708 3489 2811 3559 γῆν
2832 3505 2844 3518 ·
2877 3489 2993 3540 ἐκεῖ
3015 3505 3073 3542 τε
3103 3489 3370 3554 πλουσίως
3397 3493 3516 3555 τοῖς
3543 3495 3670 3564 παρ’
3692 3493 3782 3545 αὐ-

2213 3577 2307 3632 τοῦ
2363 3578 2740 3649 δοθησομένοις
2801 3580 3285 3652 ἐνσπαταλήσωσιν
3346 3583 3595 3652 ἀγαθοῖς.
3665 3585 3781 3638 Ἀπ-

2215 3669 2427 3741 εκρίθη,
2460 3669 2644 3739 φησιν,
2672 3671 2700 3722 ὁ
2733 3670 2937 3742 Μωσῆς
2973 3671 3068 3724 καὶ
3107 3668 3260 3726 εἶπεν
3283 3691 3294 3703 ·
3342 3691 3360 3725 ι
3415 3675 3549 3728 Ἐὰν
3586 3675 3656 3746 μὴ
3698 3692 3783 3729 πι-

2215 3759 2481 3814 στεύσωσί
2513 3778 2624 3831 μοι,
2657 3760 2790 3832 μηδὲ
2817 3762 3090 3816 ἀκούσωσί
3125 3780 3227 3833 μου
3251 3767 3349 3835 τῆς
3371 3766 3562 3838 φωνῆς
3587 3767 3782 3838 (ἐροῦσι

2215 3854 2344 3924 γὰρ,
2377 3854 2458 3907 ὅτι
2482 3854 2595 3908 Οὐκ
2629 3847 2810 3907 ὦπταί
2833 3857 2961 3908 σοιὸ
2985 3854 3160 3921 Θεὸς),
3183 3856 3236 3908 τί
3262 3856 3372 3926 ἐρῶ
3397 3858 3539 3928 πρὸς
3563 3859 3777 3923 αὐτούςς

2215 3943 2348 3998 Εῐπε
2369 3944 2424 3998 δὲ
2449 3945 2599 4016 αὐτῷ
2626 3947 2654 4000 ό
2684 3945 2905 4016 Κύριος·
2948 3947 2990 3998 Τ
2998 3945 3012 3996 ί
3038 3945 3197 3999 τοῦτό
3233 3948 3349 4001 ἐστι
3385 3947 3445 4002 τὸ
3469 3949 3532 4002 ἐν
3559 3953 3621 4020 τῇ
3649 3949 3782 4021 χειρί

2218 4053 2344 4102 σου;
2379 4037 2435 4089 Ὀ
2465 4037 2521 4089 δέ
2549 4033 2690 4100 εἷπε,
2721 4037 2962 4098 Ῥἁϐδος
2991 4038 3086 4090 καὶ
3113 4033 3256 4091 εῐπε·
3289 4039 3474 4109 Ῥίψον
3502 4042 3670 4112 αὐτὴν
3695 4041 3781 4094 ἐπὶ

2215 4127 2311 4198 τὴν
2333 4127 2454 4197 γῆν.
2480 4128 2588 4181 Καὶ
2619 4127 2842 4199 ἔρριψεν
2869 4127 3035 4199 αὐτὴν
3065 4131 3158 4182 ἐπὶ
3182 4130 3281 4200 τὴν
3307 4131 3430 4201 γῆν,
3458 4134 3558 4186 καὶ
3577 4133 3780 4202 ἐγένετο

2215 4218 2338 4287 ὄφις
2361 4235 2374 4249 ·
2397 4218 2490 4271 καὶ
2521 4217 2688 4288 ἔφυγε
2717 4221 2918 4288 Μωσῆς
2949 4219 3044 4294 ἁπξ
3070 4221 3255 4274 αὐτοῦ.
3297 4223 3409 4276 Καὶ
3440 4219 3564 4277 εἷπε
3587 4222 3780 4294 Κύριος

2217 4310 2352 4380 πρὸς
2390 4310 2614 4381 Μωσῆν·
2648 4309 2898 4363 Ἔκτεινε
2939 4292 3045 4382 τὴν
3067 4312 3225 4382 χεῖρά
3270 4329 3384 4378 σου,
3413 4314 3505 4367 καὶ
3532 4292 3780 4367 ἐπιλαϐοῦ

2215 4401 2314 4470 τῆς
2347 4401 2566 4473 κέρκου.
2605 4402 2714 4454 Καὶ
2751 4402 2997 4465 ἐκτείνας
3031 4402 3128 4474 τὴν
3163 4407 3337 4474 χεῖρα,
3373 4405 3666 4460 ἐπελάϐετο
3688 4407 3782 4474 τῆς

533 4489 897 4560 apprehendit
940 4491 1190 4557 caudam,
1245 4498 1303 4544 et
1344 4488 1486 4544 facta
1524 4495 1609 4543 est
1643 4488 1798 4558 virga
1841 4487 1900 4542 in
1942 4502 2102 4543 manu

2214 4497 2436 4567 κέρκου,
2465 4497 2559 4549 καὶ
2583 4497 2800 4565 ἐγένετο
2819 4497 3012 4567 ῥάϐδος
3035 4499 3095 4552 ἐν
3128 4502 3194 4570 τῇ
3221 4502 3365 4572 χειρὶ⁵
3394 4502 3578 4555 αὐτοῦ.
3624 4522 3643 4552 ι

534 4583 652 4652 ejus
696 4581 759 4635 “.
786 4601 804 4632 ι

603 4673 797 4728 PALL.
818 4673 1102 4728 insuetum
1121 4689 1272 4738 sane,
1316 4687 1630 4742 novumque
1650 4671 1996 4736 miraculum,
2016 4670 2120 4742 Cy-

538 4765 659 4820 rille
693 4784 705 4818 :
744 4766 876 4834 quid
907 4776 1089 4820 autem
1129 4765 1436 4836 signiﬁcare
1473 4765 1629 4829 velit,
1654 4764 1885 4829 dissere,
1919 4764 1964 4818 si
1993 4763 2116 4834 pla-

538 4862 646 4918 cet,
681 4869 711 4906 a
732 4855 932 4922 capite.

605 4943 761 4998 CVR.
817 4942 1084 5012 Equidem
1123 4943 1408 4998 disseram.
1455 4945 1593 5000 Cum
1623 4960 1722 5014 per
1755 4943 1926 4998 multa
1971 4951 2111 4998 tem-

527 5051 668 5106 pora
691 5035 837 5089 inter
884 5033 1171 5105 :Egyptios
1225 5035 1428 5088 versati
1477 5043 1664 5089 essent
1709 5035 2006 5099 Israelita,
2056 5043 2112 5089 et

538 5127 747 5183 nullum
786 5135 933 5183 esset
966 5125 1178 5196 peccati
1225 5139 1398 5196 genus
1434 5124 1490 5178 in
1522 5124 1674 5194 quod
1703 5125 1842 5195 lapsi
1884 5140 1994 5180 non
2019 5139 2111 5180 es-

538 5228 928 5289 sent,cumque
950 5207 1324 5287 voluptatibus
1347 5215 1424 5269 illi
1453 5215 1660 5285 regioni
1688 5216 1924 5286 propriis
1957 5216 2113 5273 oble-

538 5317 837 5374 ctarentur,
875 5325 986 5364 non
1013 5307 1297 5378 ignorabat
1345 5305 1576 5377 Moyses,
1629 5305 1912 5375 segniores
1941 5321 2006 5362 ea
2047 5307 2116 5362 de

537 5412 700 5452 causa
719 5397 893 5452 factos
920 5413 1063 5462 esse,
1089 5407 1254 5466 atque
1288 5393 1578 5466 ejusmodi,
1610 5400 1838 5462 utagre
1868 5392 1936 5446 ad
1967 5408 2119 5447 eom-

539 5487 821 5558 poncndos
858 5504 1038 5543 mores
1086 5488 1297 5544 traduci
1331 5493 1554 5558 possent
1589 5483 1744 5538 :fore
1797 5491 1979 5537 autem
2029 5499 2117 5538 sa-

531 5579 752 5651 pienter
781 5581 1027 5651 putabat,
1073 5591 1130 5653 qi
1175 5595 1402 5652 operum
1419 5577 1591 5646 .labor
1648 5575 2000 5645 compelleret
2049 5575 2117 5630 ad

1757 5766 1795 5796 "
1833 5763 1993 5820 llnid.,
2033 5761 2113 5815 11.

613 5771 653 5800 ¹⁰
693 5767 863 5823 Exod.
898 5783 952 5821 ιιι
1006 5769 1035 5820 7
1061 5784 1212 5835 seqq.
1318 5768 1355 5798 ¹¹
1390 5766 1548 5829 “siti,
1595 5766 1646 5818 9.

2285 4671 2490 4724 ΠΔΛΛ.
2549 4671 2633 4734 Ὠς
2663 4670 2898 4735 ἐξαίσιον
2946 4673 3044 4742 μὲν
3069 4673 3130 4726 τὸ
3162 4673 3371 4744 θαύμα,
3407 4669 3451 4729 ὣ
3479 4677 3597 4729 τᾶν.
3633 4675 3704 4726 Τὸ
3727 4673 3781 4725 δὲ

2213 4759 2265 4815 τί
2303 4760 2369 4814 ἂν
2404 4759 2643 4830 βούλοιτο
2675 4763 3028 4833 καταδηλούν,
3062 4765 3234 4836 φράζε
3264 4767 3332 4839 δὴ
3364 4767 3527 4822 πάλιν
3560 4767 3738 4829 αὐτός.

2274 4937 2437 4991 ΚΥΡ.
2487 4937 2628 5006 Ἐγὼ
2670 4939 2892 5010 φράσωο
2919 4943 3180 5014 Μακρούς
3211 4947 3526 5014 Αἰγυπτίοις
3555 4944 3784 4999 συνδιαι-

2217 5024 2448 5097 τώμενοι
2495 5029 2720 5100 χρόνους
2759 5031 2808 5083 οί
2855 5031 2913 5097 ἐξ
2969 5033 3220 5105 Ἰσραὴλ,
3251 5036 3346 5088 καὶ
3382 5039 3464 5100 είς
3507 5038 3614 5091 πᾶν
3651 5030 3780 5096 εἶδος

2218 5119 2492 5189 ἁμαρτίας
2539 5119 2905 5190 ὠλισθηκότες
2925 5163 2940 5188 ,
2993 5125 3088 5177 καὶ
3118 5129 3350 5195 τρυφαῖς
3383 5127 3631 5197 ἡδόμενοι
3667 5127 3780 5187 ταῖς

2215 5210 2544 5280 ἐπιχωρίοις,
2569 5209 2782 5281 βραδεῖς
2805 5212 2904 5282 μὲν
2922 5213 3003 5266 ὅτι
3029 5214 3123 5267 καὶ
3147 5215 3636 5286 δυσμετακόμιστοι
3663 5215 3778 5266 λίαν

2216 5301 2427 5355 ἔσονται
2466 5302 2602 5372 πρὸς
2648 5303 2982 5374 εὐκοσμίαν,
3020 5307 3123 5360 οὐκ
3167 5307 3436 5378 ἠγνόησεν
3461 5308 3490 5360 ὁ
3538 5305 3736 5374 Μωσῆς
3761 5318 3773 5333 ⁹

2218 5393 2514 5464 συνωθήσει
2553 5395 2609 5448 δὲ
2645 5396 2728 5448 ὅτι
2757 5396 2893 5466 πρὸς
2925 5397 3238 5452 εὐπείθειαν
3264 5397 3376 5452 τῶν
3405 5397 3579 5470 ἔργων
3619 5397 3648 5449 ὁ
3685 5391 3777 5446 πό·

2219 5503 2305 5548 νος
2358 5487 2455 5556 οὐχ
2489 5487 2710 5550 ἑκόντας
2743 5488 2963 5551 αὐτοὺς,
3013 5491 3061 5541 εί
3100 5489 3611 5561 θαυμτουργούντα
3659 5481 3778 5538 θεά-
3889 5495 3894 5500 ·

2223 5593 2438 5639 σαιντο,
2471 5575 2650 5645 σοφῶς
2697 5577 3065 5650 ὑπελάμϐανε.
3105 5580 3308 5651 Χρῆμα
3338 5581 3436 5652 μὲν
3489 5578 3596 5650 γὰρ
3651 5575 3776 5643 ἀλη-

2196 5761 2236 5792 ¹³
2270 5762 2369 5816 l~;a.
2401 5778 2546 5828 rxm,
2585 5762 2637 5825 9,
2707 5763 2943 5818 “Exod.
2980 5781 3047 5817 Iv.
3081 5765 3114 5817 9
3143 5781 3292 5834 seqq.
