4082 6304
328 345 429 405 2-H

1076 349 1165 404 DE
1201 349 1647 408 ADORATIONE
1685 355 1751 410 IN
1790 352 2058 411 SPIRITU
2101 354 2188 411 ET
2231 350 2601 410 VERITATE.
2642 348 2771 404 LIB.
2813 349 2877 404 ll.

3483 344 3592 399 242

331 462 442 527 θῶς
489 460 842 534 δυσεξίτητον
885 462 1048 534 ἡδονὴ
1069 503 1085 528 ,
1141 464 1236 518 καὶ
1286 463 1476 519 παθῶν
1507 466 1767 538 ἅγριότης
1798 467 1909 521 τῶν

2016 466 2430 538 obsequendum
2448 464 2533 521 vel
2558 464 2782 528 invitos,
2804 462 2849 517 si
2868 462 3047 531 ipsum
3072 458 3414 515 admirabilia
3437 472 3588 527 qua:-

329 556 389 609 ἐν
436 556 571 625 ἡμῖν
629 554 731 609 οὐκ
804 554 1046 626 εὐχερῶς
1093 554 1494 612 τιθασσεύεται.
1554 558 1799 631 Ἱδρῶτος
1851 558 1909 611 δὲ

332 645 757 709 καταθλίϐοντος
808 648 904 700 καλ⁵
966 646 1144 701 πόνων
1193 647 1627 721 ἐπηρτημένων,
1682 650 1909 704 ἀναπεί-

333 754 477 793 σειεν
538 737 607 792 ἃν
638 737 878 802 εὐκόλως
913 738 1006 792 καὶ
1048 738 1156 793 τῶν
1198 739 1428 810 ἡδίστων
1486 741 1845 814 ὑπερφρονεῖν
1880 742 1910 796 ὁ

331 828 696 884 ἀπαλλάττειν
723 827 1168 899 ὑπισχνούμενος
1203 823 1359 899 οἶμαι
1390 829 1446 883 δὲ
1480 831 1563 883 ὅτι
1597 831 1691 884 καὶ
1718 832 1747 883 ὁ
1780 846 1910 885 πανο

332 920 424 984 τὸς
449 918 659 988 ἀγαθοῦ
696 919 796 990 τὴν
826 920 1030 990 εῐόησιν
1065 918 1207 989 ἔχων
1244 919 1396 984 Θεὸς,
1421 919 1697 974 δύσοιστόν
1722 936 1783 974 τε
1813 922 1910 975 καὶ

332 1009 573 1081 δυσαλγῆ
624 1010 744 1062 τότε
790 1008 857 1080 δὴ
930 1007 1165 1081 μάλιστα
1231 1010 1343 1072 τοῖς
1412 1006 1480 1075 ἐξ
1547 1009 1763 1082 Ἰσραὴλ
1809 1010 1909 1081 τὴν

332 1102 441 1156 τῶν
476 1102 798 1171 Ἀἰγυπτίων
836 1101 1059 1171 ἐπηφίει
1094 1099 1409 1167 πλεονεξίαν
1438 1101 1908 1172 οἱκονομικώτατά

332 1212 392 1271 τε
416 1195 559 1261 λίαν,
591 1194 666 1258 ὡς
695 1194 762 1248 ἂν
788 1190 899 1248 εἷεν
921 1193 1132 1248 εὔκολοι
1176 1194 1312 1264 πρὸς
1340 1193 1679 1264 ἀποδρομὴν,
1710 1193 1804 1245 καὶ
1834 1193 1908 1264 μὴ

334 1288 453 1349 ταῖς
488 1287 811 1357 συντρόφοις
839 1286 1056 1365 ἡδοναῖς
1101 1284 1444 1355 ἐνδούμενοι,
1472 1283 1700 1354 σκληροί
1729 1300 1789 1336 τε
1819 1283 1913 1351 γὲ-

334 1393 508 1430 νοιντο
539 1377 634 1430 καὶ
651 1375 956 1444 δυσάγωγοι
986 1375 1206 1446 κομιδῇ,
1248 1375 1344 1428 καὶ
1375 1376 1475 1444 τὴν
1499 1372 1591 1427 τοῦ
1623 1374 1912 1437 καλοῦντος

336 1466 417 1530 είς
438 1464 751 1537 ἐλευθερίαν
772 1464 1129 1536 ἀτιμάζοντες
1148 1465 1328 1535 χάριν,
1357 1463 1660 1518 ἐθελούσιον
1676 1467 1914 1528 ποιοῖντο

337 1559 437 1628 τὴν
467 1558 525 1610 ἐν
546 1556 805 1627 Αἰγύπτῳ
835 1556 1074 1627 θητείαν,
1105 1557 1165 1610 τὸ
1191 1556 1502 1626 παραυτίκα
1522 1555 1773 1627 τερπνὸν,
1806 1555 1914 1608 ὀλί-

336 1664 449 1716 γων
486 1645 602 1699 ἐσθ’
642 1648 732 1701 ὅτε
776 1648 1170 1719 προτάττοντες
1217 1648 1415 1703 πόνων.
1460 1647 1678 1702 Μᾶλλον
1713 1648 1771 1701 δὲ
1818 1648 1914 1702 καὶ

336 1735 518 1791 αὐτῶν
549 1738 607 1791 ἐν
640 1736 887 1808 ἀμείνοσι
919 1737 1399 1809 καταλογιζόμενοι
1425 1739 1534 1792 τῶν
1564 1737 1714 1810 παρᾶ
1748 1737 1908 1798 Θεοῦ,

2010 561 2139 617 dam
2166 575 2334 631 opera
2362 558 2573 615 efﬁcere
2604 556 2887 621 viderent;
2913 560 2999 608 est
3026 552 3177 608 enim
3211 551 3462 622 voluptas
3497 549 3588 603 in-

2010 650 2181 707 ﬁxum
2202 650 2425 721 penitus
2460 649 2688 714 malum,
2715 655 2773 702 et
2803 644 3066 700 vitiorum
3102 651 3417 698 nostrorum
3452 638 3588 696 feri-

2013 748 2097 796 tas
2118 739 2340 795 diﬁlcile
2382 736 2758 793 mansuescit:
2788 742 2866 800 at,
2909 734 2956 789 si
2988 732 3161 789 sudor
3202 731 3494 801 deprimat,
3526 743 3591 784 ac

2010 832 2233 887 labores
2256 829 2499 901 impositi
2524 828 2653 890 sint,
2680 834 2798 881 tum
2822 841 2952 881 vero
2977 824 3045 890 is,
3085 823 3180 895 qui
3222 838 3282 877 se
3323 822 3589 877 liberatu-

2010 938 2135 979 rum
2169 922 2239 976 ab
2267 921 2337 977 iis
2365 918 2728 975 incommodis
2767 917 3078 988 pollicetur,
3124 914 3283 969 facile
3302 927 3590 984 persuase-

2011 1016 2104 1081 rit,
2134 1013 2281 1086 ipsas
2322 1026 2543 1083 quoque
2577 1024 2821 1065 summas
2862 1008 3173 1077 voluptates
3215 1015 3587 1059 contemnere.

2012 1104 2156 1173 Quin
2175 1105 2341 1160 etiam
2364 1111 2499 1175 puto
2520 1103 2717 1166 Deum,
2738 1100 2833 1171 qui
2855 1100 3124 1153 bonorum
3144 1095 3389 1150 omnium
3409 1094 3590 1148 scien-

2013 1196 2146 1251 tiam
2174 1204 2346 1261 tenet,
2374 1193 2784 1266 sapientissimo
2818 1189 3052 1246 consilio
3086 1185 3350 1241 Israelitis
3392 1200 3460 1239 eo
3498 1198 3591 1253 po—

2013 1285 2288 1340 tissimum
2352 1292 2599 1354 tempore
2642 1281 2928 1336 molestam
2954 1319 2969 1343 ,
3022 1292 3089 1333 ac
3131 1290 3242 1330 non
3309 1272 3615 1329 ferendam

2013 1376 2394 1448 Egyptiorum
2429 1375 2714 1430 hominum
2741 1371 3006 1428 saevitiam
3042 1367 3335 1424 immisisse
3367 1374 3430 1420 ut
3456 1364 3592 1420 faci-
3626 1430 3629 1432 τ

2014 1456 2097 1523 les
2123 1476 2308 1523 essent
2332 1466 2399 1522 ad
2433 1467 2649 1536 fugam,
2696 1478 2877 1534 neque
2906 1457 3309 1516 consuetudine
3336 1456 3591 1526 volupta-

2014 1567 2134 1615 tum
2173 1559 2366 1624 illecti,
2420 1528 2725 1628 pertinaces
2768 1528 2832 1609 ac
2865 1551 3118 1607 difliciles
3161 1547 3457 1604 admodum
3493 1528 3613 1602 lie-ﬁ

2015 1658 2159 1716 rent,
2212 1659 2375 1720 atque
2409 1650 2575 1713 illius,
2614 1647 2707 1718 qui
2741 1645 2811 1703 ad
2849 1644 3158 1699 libertatem
3194 1649 3437 1701 vocaret,
3467 1653 3591 1708 gra-

2016 1742 2150 1798 tiam
2183 1738 2666 1812 parvipendentcs,
2716 1733 2934 1806 Egypti
2956 1730 3279 1787 servitutem
3317 1734 3511 1795 sponte
3532 1739 3594 1778 ac

339 1826 434 1881 καὶ
466 1826 600 1895 γοῦν
622 1827 996 1898 ἀσμενέστατα
1036 1828 1137 1898 τῆς
1160 1828 1267 1882 τῶν
1292 1830 1460 1884 πάλαι
1497 1830 1912 1903 τετυραννευκὸ-

2018 1832 2257 1887 libenter
2295 1830 2756 1899 amplexarentur,
2801 1838 2926 1879 cum
2970 1821 3117 1875 illam
3142 1814 3429 1889 praesentis
3461 1820 3593 1866 tem-

340 1935 447 1971 των
476 1918 790 1985 πλεονεξίας
813 1921 1179 1986 ἐκδεδυκάτες,
1204 1923 1548 1993 αὐλιζόμενοι
1571 1940 1629 1976 τε
1656 1923 1794 1977 κατὰ
1815 1921 1914 1994 τὴν

340 2007 567 2080 ἐρῆμον,
588 2009 772 2064 καὶτὰ
792 2011 1078 2066 ἄνωθέν-τε
1111 2013 1203 2066 καὶ
1233 2013 1292 2077 ἐξ
1320 2012 1550 2084 οὐρανοῦ
1583 2013 1914 2083 σιτούμενοι,

335 2099 553 2188 τὴνθτοῦ
581 2103 757 2172 μάννα
791 2105 1054 2174 χορηγῑαν
1084 2106 1247 2176 φημὶ,
1280 2104 1381 2175 τῆς
1408 2106 1469 2157 ἐν
1496 2105 1756 2176 Αἰγύπτῳ
1783 2122 1914 2174 τρυ-

338 2190 444 2260 φῆς
505 2191 605 2244 οὐκ
680 2191 942 2263 ἀδακρυτὶ
1022 2195 1478 2265 μνημονεύουσιν.
1567 2195 1921 2250 Ἐκτεθνὰναι

341 2281 562 2353 μᾶλλον,
601 2283 679 2347 ὡς
700 2280 771 2355 ἦν
813 2285 878 2354 δή
921 2303 1024 2339 που
1065 2287 1217 2357 παρὰ
1254 2286 1391 2340 πολὺ
1432 2287 1682 2357 κρεῖττόν
1722 2304 1782 2340 τε
1816 2288 1911 2342 καὶ

337 2373 560 2443 ἄμεινον
584 2376 783 2441 αὐτοῖς,
807 2379 926 2441 ταῖς
948 2378 1005 2430 ἐν
1032 2378 1292 2449 Αἰγύπτῳ
1320 2379 1618 2449 τραπέζαις
1646 2380 1914 2432 ἐνσπατα-

337 2463 568 2531 λῶντας,
598 2467 680 2521 ἐτι
718 2470 1126 2540 διατεινάμενοι,
1176 2472 1271 2524 καὶ
1302 2470 1679 2542 μειρακιωδῶς
1722 2472 1915 2524 ἀνακε-

337 2555 604 2625 κραγότες
622 2573 636 2589 ο
673 2576 691 2609 ι
723 2558 953 2627 Ὄφελον
981 2560 1325 2630 ἀπεθάνομεν
1353 2561 1650 2633 πληγέντες
1676 2562 1781 2614 ὑπὸ
1802 2563 1915 2614 Κυ-

341 2645 457 2717 ρίου
489 2648 546 2700 ἐν
577 2648 858 2721 Αἰγύπτῳ,
891 2650 1024 2705 ὅταν
1056 2652 1389 2722 ἐκαθίσαμεν
1416 2652 1639 2706 ἐπὶτῶν
1666 2652 1910 2721 λεϐήτων

337 2738 447 2793 τῶν
476 2741 655 2811 κρεῶν
685 2744 781 2795 καὶ
810 2743 1068 2813 ἠσθίομεν
1092 2745 1290 2816 ἄρτους
1311 2746 1391 2809 είς
1411 2745 1725 2815 πλησμονήν
1742 2746 1763 2799 ί
1782 2764 1800 2795 ι

2012 1923 2162 1995 poris
2195 1919 2623 1976 oblectationem
2652 1914 2866 1986 exiguis
2888 1922 3287 1979 nonnunquam
3309 1903 3595 1960 laboribus

2013 2014 2390 2078 anteferrent,
2436 2010 2549 2064 imo
2585 2022 2718 2063 vero
2755 2001 3098 2073 etiam‘ipsis
3141 1998 3239 2054 Dei
3282 1994 3587 2057 beneficiis,
3624 2040 3635 2048 .

2014 2103 2415 2175 exoptatiorem
2459 2099 2854 2155 existimarent.
2886 2094 3074 2163 Itaque
3112 2090 3240 2145 licet
3268 2089 3381 2167 jam
3410 2085 3593 2141 liben-

2014 2196 2225 2251 tissime
2247 2210 2317 2249 ex
2334 2193 2429 2247 illa
2442 2191 2740 2260 iniquitate
2764 2195 3012 2243 veterum
3035 2183 3387 2239 dominorum
3408 2191 3592 2233 emer-

2018 2285 2331 2349 sissent,et.
2349 2283 2409 2338 in
2436 2295 2624 2335 eremo
2658 2277 2782 2332 fixis
2816 2274 3073 2332 tentoriis
3120 2278 3493 2332 morarentur,
3538 2273 3594 2321 et
3624 2308 3629 2315 μ

2016 2390 2259 2447 superno
2282 2373 2608 2443 ccelitusque
2631 2370 2757 2425 dato
2786 2368 2911 2423 cibo
2947 2371 3325 2426 vescerentur,
3370 2373 3591 2431 manna,

2014 2466 2259 2535 inquam,
2307 2463 2423 2528 illo,
2459 2461 2606 2532 quod
2639 2459 2859 2531 copiose
2893 2456 3261 2528 pmbebatur,
3316 2453 3463 2506 illam
3508 2459 3592 2504 ta-

2014 2573 2142 2614 men
2163 2557 2220 2612 in
2242 2556 2475 2628 Egypto
2496 2553 2832 2623 voluptatem
2859 2565 2972 2605 non
3001 2547 3121 2603 sine
3155 2544 3409 2617 lacrymis
3440 2557 3595 2597 com-

2014 2655 2344 2712 memorant,
2396 2644 2609 2702 scilicet
2658 2648 2956 2714 querentes
3012 2638 3189 2694 multo
3241 2636 3346 2691 sibi
3397 2633 3647 2688 melius».

2015 2742 2204 2809 fuisse,
2233 2740 2279 2796 si
2307 2749 2422 2795 tum
2445 2746 2630 2795 essent
2667 2733 2892 2801 mortui,
2929 2748 3054 2788 cum
3084 2731 3142 2786 in
3173 2728 3391 2802 Egypti
3436 2742 3594 2782 men-

314 2830 416 2887 sis
475 2833 904 2889 luxuriarentur.
948 2837 1136 2907 Itaque
1178 2852 1389 2892 summa
1450 2838 1799 2892 contentione
1836 2850 1990 2890 more
2026 2849 2325 2905 puerorum
2361 2830 2841 2887 vociferabantur:
2874 2846 2893 2879 ι
2932 2826 3151 2883 Utinam
3198 2823 3401 2879 mortui
3443 2839 3596 2879 esse-

338 2937 464 2977 mus
492 2925 744 2993 percussi
789 2941 820 2981 a
861 2926 1094 2982 Domino
1143 2927 1201 2984 in
1237 2927 1491 2999 Egypto,
1521 2927 1741 2998 quando
1803 2925 2134 2981 sedebamus
2157 2940 2325 2996 super
2345 2922 2483 2979 ollas
2525 2920 2796 2984 carnium,
2834 2926 2891 2973 et
2952 2913 3378 2972 comedebamus
3397 2925 3601 2983 panem.
3634 2946 3643 2961 .

339 3018 396 3074 in
422 3019 710 3079 saturitate
733 3022 806 3076 ιιι
838 3040 860 3073 ι

412 3135 623 3189 ΠΑΛΛ.
654 3130 726 3189 Εὖ
754 3135 955 3205 λὲγεις.

409 3246 572 3298 ΚΥΡ.
613 3244 822 3298 Οὐκοῦν
847 3245 923 3309 ὡς
950 3246 1221 3315 ἀναγκαία
1244 3265 1327 3311 τις
1360 3245 1536 3299 ἔσοιτο
1564 3244 1700 3318 πρὸς
1730 3243 1913 3298 εὐπεί-

342 3333 490 3388 θειαν
546 3333 741 3399 αὐτοῖς
783 3337 817 3406 η
874 3334 1339 3407 θαυματουργία,-
1369 3336 1573 3405 Μωσῆς
1622 3334 1912 3404 ἠπίστατο.

342 3426 630 3497 Τοιγάρτοι
661 3428 854 3497 φησιν’
884 3447 901 3479 ι
944 3427 1070 3482 Ἐὰν
1099 3427 1172 3499 μὴ
1198 3427 1559 3480 είσακούσωσί
1588 3442 1687 3497 μου
1712 3424 1915 3497 (ἐροῦσι

340 3515 469 3584 γὰρ,
488 3516 571 3568 ὅτι
589 3516 701 3568 Οὐκ
734 3510 910 3568 ὦπταί
936 3533 1019 3569 σοι
1035 3519 1061 3569 ὁ
1085 3516 1260 3587 Θεὸς),
1283 3516 1333 3569 τί
1352 3516 1462 3587 ἐρῶ
1478 3515 1611 3587 πρὸς
1634 3512 1863 3580 αὑτούςς
1891 3534 1909 3565 ι

353 3604 411 3659 Ὀ
435 3606 491 3659 δέ
520 3623 583 3675 γε
610 3607 725 3660 τῶν
743 3607 878 3661 ὅλων
907 3608 1037 3670 Θεὸς
1073 3608 1358 3679 μελέτησιν
1386 3607 1574 3679 ὥσπερ
1594 3607 1716 3661 τινὰ
1743 3609 1914 3660 ποιεῖ-

343 3695 464 3747 σοαι
498 3696 560 3747 τὸ
595 3695 779 3766 θαῦμα
806 3699 1147 3767 παραχρῆμα
1194 3697 1556 3750 διεκελεύετο·
1590 3696 1917 3768 προαναπεί-

343 3784 466 3848 θων,
517 3783 691 3857 οἶμαι,
729 3791 794 3859 τῇ
832 3788 996 3860 πείρᾳ
1034 3788 1125 3840 τὸν
1169 3788 1515 3859 λειτουργὸν,
1549 3789 1631 3840 ὅτι
1662 3788 1756 3841 καὶ
1803 3789 1915 3849 τοῖς

341 3875 516 3940 ἄλλοις
564 3879 746 3931 ἅπασι
783 3878 1034 3949 καθάπερ
1079 3879 1227 3949 αὑτῷ
1277 3880 1413 3949 πρὸς
1448 3878 1670 3945 ἔνδειξιν
1714 3860 1913 3949 ἀκριϐῆ

341 3964 432 4016 τοῦ
466 3966 781 4035 κεκλῆσθαι
817 3966 968 4037 παρὰ
1008 3967 1165 4029 Θεοῦ,
1195 3966 1414 4037 διαρκὲς
1441 3965 1593 4019 ἔσται
1618 3965 1678 4019 τὸ
1705 3964 1913 4037 δρώμε-

343 4071 463 4109 νον·
514 4056 618 4109 καὶ·
657 4057 895 4127 ἁρμόσαι
928 4057 1038 4128 γὰρ
1085 4059 1149 4111 ἂν
1197 4058 1295 4128 οὐχ
1339 4056 1509 4128 ἑτέρῳ
1538 4058 1597 4111 τὸ
1650 4058 1911 4129 μεθιστᾷν

342 4148 605 4200 δύνασθαι
636 4149 743 4201 τῶν
770 4149 937 4203 ὄντων
962 4151 1059 4213 τὰς
1091 4148 1285 4219 φύσεις
1316 4150 1452 4221 πρὸς
1477 4151 1613 4220 ὅπερ
1639 4150 1704 4203 ἂν
1741 4149 1916 4204 ἕλοιτο

338 4240 520 4310 τυχὸν,
558 4240 698 4311 πλὴν
734 4241 815 4294 ὅτι
861 4242 956 4294 καὶ
998 4242 1141 4312 μόνῳ
1178 4241 1256 4312 τῷ
1304 4243 1520 4296 πάντων
1564 4240 1912 4312 Δημιουργῷ,

344 4332 574 4401 μήνυσιν
601 4333 657 4385 δέ
696 4332 885 4405 ὥσπερ
914 4337 1011 4404 τῆς
1039 4335 1126 4388 διὰ
1164 4333 1403 4406 Χριστοῦ
1432 4334 1705 4405 σωτηρίας
1737 4335 1916 4402 αἰνιγ-

343 4423 601 4491 ματωδῶς
629 4425 689 4478 τὸ
713 4425 1007 4496 παράδοξον
1038 4422 1096 4479 εὖ
1128 4426 1271 4497 μάλα
1296 4425 1486 4489 τιθείς.
1506 4425 1776 4495 Ὀψόμεθα
1805 4425 1915 4496 γὰρ

339 4514 432 4583 τῆς
470 4515 531 4568 ἐν
563 4515 715 4587 αὐτῷ
750 4518 1093 4587 ἀνθρωπείας
1127 4517 1342 4584 φύσεως
1367 4518 1456 4570 τὸν
1484 4519 1564 4581 εἰς
1596 4517 1656 4570 τὸ
1689 4517 1915 4587 ἀρχαῖον

341 4604 714 4677 ἁναπλασμὸν,
748 4609 842 4662 καὶ
884 4609 983 4680 τὴν
1014 4611 1176 4663 οἱονεὶ
1221 4610 1666 4681 μεταμόρφωσιν,
1709 4608 1807 4678 τὴν
1835 4610 1914 4672 είς

342 4696 472 4770 ὅπερ
502 4695 646 4770 ἦμεν
685 4702 742 4753 ἐν
783 4701 975 4773 Ἀδὰμ,
1013 4701 1175 4765 εὐθὺς
1205 4704 1284 4764 είς
1315 4702 1375 4755 τὸ
1406 4698 1542 4754 εἶναι
1573 4716 1913 4772 παρενηνεγ-

346 4786 517 4894 μενοι,
540 4787 700 4860 δόξης
724 4808 783 4842 τε
820 4790 973 4844 οῦπω
1012 4791 1108 4861 τῆς
1153 4791 1358 4845 ἄνωθεν
1387 4792 1483 4845 καὶ
1517 4789 1791 4861 ἁγιασμοῦ
1824 4806 1913 4860 τη-

341 4895 594 4949 ’τω-μενοι.

1835 3186 1841 3191 .
1934 3135 1980 3195 C
2080 3126 2276 3182 PALL.
2307 3124 2420 3194 68
2441 3123 2607 3177 Recte
2640 3118 2799 3172 dicis.

2084 3239 2241 3295 (ΝΒ.
2260 3237 2381 3292 Non
2408 3242 2529 3290 erat
2562 3232 2728 3304 igitur
2753 3230 2964 3300 Moyses
2984 3228 3227 3298 ignarus,
3262 3223 3409 3277 illam
3432 3220 3635 3275 mira».

2016 3331 2264 3388 culorum
2288 3322 2752 3397 perpetrationem
2783 3306 3159 3375 necessariam.
3200 3312 3337 3369 fore.
3379 3326 3484 3380 qua
3525 3309 3592 3362 il-

2015 3424 2195 3479 lorum
2226 3418 2397 3475 animi
2440 3416 2507 3471 ad
2541 3413 2760 3469 facilius
2803 3405 3296 3480 obtemperantium
3350 3402 3593 3458 adduce-

2016 3528 2204 3570 rentur
2243 3530 2255 3564 :
2296 3510 2479 3580 itaque
2512 3507 2631 3561 ait:
2673 3524 2691 3557 ι
2731 3503 2789 3558 Si
2816 3517 2930 3557 non
2954 3498 3239 3555 audierint
3260 3510 3382 3559 me;
3408 3493 3593 3548 dicent

2017 3604 2163 3659 enim
2202 3602 2361 3655 :Non
2418 3596 2670 3668 apparuit
2722 3593 2824 3648 tibi
2877 3592 3061 3657 Deus;
3103 3586 3237 3659 quid
3291 3585 3470 3641 dicam
3526 3582 3593 3637 ad

2018 3713 2114 3753 eos
2136 3696 2219 3749 '“?
2247 3714 2264 3745 ι
2296 3692 2401 3748 Sed
2426 3690 2809 3744 universorum
2837 3678 3318 3739 Deusmiraculum
3338 3674 3476 3731 illud
3503 3690 3605 3730 rea

2017 3790 2102 3845 lut
2158 3780 2568 3842 exercitationis
2616 3775 2899 3849 cujusdam
2940 3774 3063 3828 loco
3103 3771 3283 3826 facere
3335 3767 3595 3823 continuo

2010 3879 2193 3951 jussit,
2217 3893 2280 3933 ea
2311 3876 2380 3931 de
2416 3887 2598 3936 causa,
2618 3870 2728 3925 nisi
2744 3868 2923 3932 fallor,
2956 3872 3019 3921 ut
3047 3864 3208 3935 prius
3221 3860 3596 3932 experimento

2016 3949 2137 4041 ipso
2170 3968 2430 4039 probaret
2453 3979 2554 4020 suo
2579 3959 2799 4024 cultori,
2825 3966 2888 4014 ut
2908 3954 3055 4027 apud
3081 3969 3159 4019 se,
3190 3953 3271 4008 sic
3299 3949 3443 4021 apud
3472 3964 3592 4003 om-

2016 4040 2117 4117 nes
2146 4060 2303 4125 alios,
2326 4072 2443 4112 rem
2468 4056 2618 4110 illam
2641 4060 2847 4124 gestam
2878 4049 3011 4104 satis
3036 4042 3343 4116 argumenti
3358 4040 3592 4096 habitu-

2017 4167 2155 4216 ram,
2174 4166 2284 4221 quo
2313 4164 2371 4205 se
2401 4162 2429 4201 a
2460 4146 2574 4201 Deo
2591 4149 2845 4199 vocatum
2868 4139 3035 4195 fuisse
3065 4133 3372 4192 certissime
3404 4139 3591 4185 osten-

2017 4244 2278 4309 deretur;
2316 4254 2495 4310 neque
2524 4236 2674 4293 enim
2708 4233 2779 4289 ad
2817 4233 3051 4287 alterum
3086 4225 3419 4298 quempiam,
3453 4237 3592 4291 prte-

2017 4343 2265 4406 terquam
2282 4332 2350 4387 ad
2378 4344 2550 4385 unum
2570 4334 2893 4383 cunctarum
2935 4334 3126 4376 rerum
3162 4315 3428 4387 Opificem
3467 4328 3594 4384 per-

2020 4426 2218 4489 tinere,
2252 4437 2412 4494 posse
2432 4435 2614 4475 rerum
2636 4425 2913 4479 naturam,
2956 4413 3015 4467 in
3040 4425 3206 4481 quam
3242 4406 3377 4462 velit
3403 4404 3588 4467 aliam,

2018 4518 2329 4572 immutare.
2359 4512 2534 4568 Simul
2559 4511 2723 4566 etiam
2753 4506 2985 4578 ﬁgurare
3022 4518 3140 4558 rem
3172 4501 3320 4555 illam
3356 4496 3595 4553 admira-

2020 4606 2187 4662 bilem
2214 4619 2314 4675 pro
2337 4601 2541 4657 indicio
2572 4613 2693 4655 esse
2721 4595 2895 4651 voluit
2933 4593 3125 4649 salutis
3152 4591 3323 4654 illius,
3354 4602 3477 4659 quas
3497 4598 3594 4656 per

2018 4698 2297 4754 Christum
2325 4690 2616 4749 tribuenda
2645 4688 2805 4745 nobis
2838 4693 2992 4742 erat:
3024 4685 3080 4739 in
3104 4699 3171 4739 eo
3194 4681 3343 4737 enim
3370 4676 3589 4750 perspi-

2018 4789 2228 4843 ciemus
2281 4778 2749 4855 quemadmodum
2786 4776 3040 4831 humana:
3089 4778 3301 4826 naturae
3342 4761 3589 4836 quaedam

2017 4879 2089 4934 sit
2113 4878 2165 4933 in
2192 4854 2480 4946 antiquum
2525 4880 2723 4943 statum
2760 4867 2902 4924 facta
2930 4862 3265 4926 reformatio,
3315 4874 3381 4913 ac
3419 4854 3589 4911 veluti

343 4971 744 5043 transfiguratio
790 4974 843 5027 in
869 4991 988 5029 eam
1028 4975 1427 5040 c0nditionem,
1468 4991 1577 5046 qua
1621 4990 1840 5031 eramus
1874 4975 1929 5029 in
1970 4972 2163 5035 Adam,
2224 4986 2349 5025 cum
2384 4966 2633 5039 primum
2658 4980 2701 5019 a:
2743 4963 2857 5019 Deo
2899 4958 3105 5016 conditi
3145 4955 3383 5017 fuimus,
3421 4949 3589 5022 gloria

343 5077 572 5133 superna
589 5074 645 5120 et
666 5066 953 5122 sanctitate
986 5068 1231 5122 nondum
1260 5068 1481 5122 amissa.

411 5174 455 5228 II
473 5176 615 5230 \AA.
650 5175 774 5238 Πῶς
801 5177 965 5245 iung;
997 5177 1322 5248 ἀσυμφανὴς
1356 5176 1462 5249 γὰρ
1491 5179 1520 5230 ὁ
1548 5176 1727 5245 λόγος.

408 5374 569 5429 ΚΥΡ.
619 5375 683 5428 Ἡ
737 5375 927 5445 ῥάϐδος
994 5375 1111 5444 ἦτοι
1152 5376 1213 5429 τὸ
1257 5376 1534 5447 σκῆπτρον
1589 5376 1742 5446 ἡμῖν,
1789 5374 1913 5446 οὐχὶ

343 5466 614 5536 βασιλείας
641 5468 910 5537 σύμϐολον
939 5469 1021 5539 εἴη
1051 5469 1136 5535 ἂν,
1173 5464 1216 5522 ὧ
1256 5469 1553 5533 fiducita;

411 5562 619 5615 ΠΑΛΛ.
658 5561 808 5614 Πάνυ
846 5559 944 5629 μὲν
991 5557 1100 5625 οὖν,
1162 5560 1367 5612 ἐπείτοι
1418 5563 1509 5614 καὶ
1544 5561 1727 5629 ὅρκιον
1782 5559 1913 5612 αὐτὸ

409 5747 450 5777 ¹¹¹
479 5744 633 5801 Exod
692 5760 798 5806 λιιι,
841 5742 893 5796 ’5.
997 5743 1037 5772 ⁸⁸⁸
1072 5743 1243 5797 Exod.
1280 5760 1349 5801 ιγ,
1396 5744 1413 5795 ι

2093 5172 2289 5228 PALL.
2323 5168 2568 5237 Quonam
2592 5164 2795 5221 modo?
2833 5157 3138 5218 obscuriori
3178 5155 3324 5208 enim
3363 5164 3423 5206 cs
3465 5166 3588 5205 ora-

2023 5265 2169 5319 tione
2195 5278 2346 5316 usus.

2091 5377 2248 5433 CYR.
2294 5375 2452 5446 Virga
2519 5373 2609 5426 illa
2631 5412 2644 5434 ,
2681 5366 2908 5429 Palladi,
2943 5379 3038 5418 seu
3071 5368 3370 5430 sceptrum,
3406 5372 3587 5411 nonne

2022 5468 2172 5538 regni
2203 5466 2410 5535 insigne
2442 5457 2645 5518 fuerit?

2092 5557 2289 5613 PALL.
2322 5554 2549 5610 Maximo
2569 5568 2582 5615 ;
2602 5564 2727 5604 nam
2748 5563 2846 5618 per
2870 5544 3003 5600 illud
3040 5545 3222 5616 iurare
3252 5540 3443 5595 solitos
3471 5553 3589 5592 esse
