4082 6304
514 319 623 377 ειδ

1543 316 1598 370 S.
1641 314 1911 370 CYRILLI
1952 311 2419 368 ALEXANDRINI
2458 309 2777 365 ARCIIIEP.

3659 300 3757 360 ω

512 443 731 491 veteres
785 432 1099 495 nonnullos,
1152 430 1306 485 aiunt
1339 429 1376 483 ii
1410 429 1614 499 quibus
1646 429 1961 485 Graecorum
2009 443 2097 482 res

2202 425 2532 494 πεποιῆσθαί
2562 441 2692 493 φασι
2718 421 2826 475 τῶν
2852 417 3222 490 ἀρχαιοτέρων
3256 416 3425 482 τινας,
3462 416 3510 469 oi
3544 415 3612 470 τά
3648 418 3756 473 Ἐλ-

398 592 409 600 ο
514 536 695 600 gestas
718 524 977 581 laudibus
1009 522 1199 577 tollere
1225 522 1468 577 studium
1507 521 1612 576 fuit
1642 521 1740 593 (Ι).

585 617 742 673 CYR.
770 615 914 682 Quid
951 612 1197 669 deinde?
1223 628 1407 667 nonne
1442 612 1681 681 paradisi
1722 611 1948 681 stirpem
1972 625 2094 665 esse

516 707 724 771 fateris,
757 722 901 776 quae,
933 712 1226 774 antequam
1267 702 1594 768 caederetur,
1637 702 1692 760 in
1715 703 1890 756 hortis
1910 701 2093 771 pullu-

515 793 756 849 laverit?

587 886 786 941 PALL.
818 886 1037 942 Fateor.

588 975 744 1031 ΟΥΕ.
776 975 950 1045 Perge
972 989 1140 1037 nunc,
1190 982 1355 1043 atque
1381 971 1630 1028 animum
1661 972 1804 1026 refer
1844 972 1913 1028 ad
1945 980 2096 1027 vete-

516 1084 631 1123 rem
656 1068 812 1121 illnm
842 1066 1035 1129 Adam,
1059 1066 1115 1120 in
1144 1080 1320 1135 eoque
1347 1071 1603 1133 tanquam
1632 1064 1790 1118 initio
1818 1079 1882 1119 ac
1912 1064 2095 1119 radice

513 1160 733 1226 generis
760 1159 953 1223 nostri,
985 1158 1297 1213 universam
1339 1158 1627 1213 hominum
1662 1155 1951 1213 considera
2000 1172 2096 1210 na-

514 1262 697 1306 turam
733 1250 964 1305 :adhsc
1002 1250 1138 1305 illud
1179 1265 1401 1320 quoque
1436 1250 1635 1320 cogita,
1683 1249 1839 1303 illum
1890 1247 2095 1303 factum

514 1343 683 1397 fuisse
720 1342 790 1396 ad
818 1342 1110 1412 imaginem
1136 1341 1453 1397 Conditoris
1482 1351 1646 1411 atque
1682 1339 2009 1411 perfectum,
2035 1347 2095 1394 ut

515 1433 746 1489 terrenis
784 1433 953 1488 rebus
981 1433 1298 1503 imperaret,
1335 1433 1612 1502 fuisseque
1634 1434 1689 1486 in
1715 1420 1812 1487 Dei
1842 1431 2098 1486 manibus

511 1542 579 1581 eo
607 1525 746 1596 ipso,
778 1524 1004 1594 quodin
1035 1524 1332 1579 sanctitate
1358 1525 1580 1579 vivebat
1610 1533 1668 1578 et
1694 1523 2097 1594 quodammodo

511 1617 750 1689 paradisi
780 1633 1002 1687 germen
1022 1615 1491 1681 florentissimum,
1519 1617 1681 1671 simul
1702 1623 1758 1670 et
1783 1616 2095 1687 generosis-

513 1712 737 1766 simum.
769 1709 877 1767 Ubi
907 1724 1041 1764 vero
1071 1708 1347 1778 serpentis
1382 1707 1508 1764 felle
1544 1709 1810 1778 deceptus
1851 1708 1921 1763 ab
1949 1708 2094 1762 anti-

2194 518 2371 588 λήνων
2398 517 2585 586 ὑμνεῖν
2611 511 2884 575 εἰωθότες.

2262 610 2426 664 ΚΥΡ.
2464 608 2527 661 Τί
2563 607 2657 669 δές
2704 606 2825 676 οὐχὶ
2877 602 3203 675 παραδείσου
3252 602 3417 669 φυτὸν
3450 597 3588 656 εἶναι
3631 601 3754 672 φῂς,

2194 701 2289 755 καὶ
2321 698 2690 772 πρεσϐύτερον
2722 696 2823 767 τῆς
2864 694 3071 765 τομῆς,
3101 691 3163 744 τὸ
3195 692 3390 759 κήποις
3423 689 3756 761 ὲκτεθηλέναι

2194 773 2376 862 λαχεῖν
2396 808 2413 858 ;

2266 882 2476 937 ΠΛΛΛ.
2506 879 2677 953 Φημί.

2266 972 2432 1026 ΚΥΡ.
2470 971 2574 1027 Ἴθι
2614 970 2678 1041 δὴ
2720 964 2816 1024 οὖν
2849 972 2969 1033 ταῖς
3005 970 3233 1033 ἐννοίαις
3284 970 3379 1026 ἐπὶ
3416 971 3509 1024 τὸν
3544 970 3759 1042 ἀρχαῖον

2194 1066 2401 1120 ἐκεῖνον
2456 1064 2654 1134 Ἀδάμο
2682 1065 2776 1117 καί
2805 1065 2861 1117 ὲν
2895 1064 3119 1133 ἀπαρχῇ
3153 1061 3245 1114 καὶ
3280 1059 3409 1132 ῥίζῃ
3438 1059 3533 1114 τοῦ
3584 1060 3761 1129 γένους

2196 1159 2324 1230 ὃλην
2340 1157 2529 1229 ὥσπερ
2561 1159 2618 1210 ἐν
2647 1156 2826 1227 ἑαυτῷ
2854 1153 3212 1224 καταλογίζου
3238 1153 3334 1225 τὴν
3356 1153 3758 1225 ἀνθρωπότητα.

2196 1249 2477 1321 Καὶπρός
2521 1265 2586 1318 γε
2622 1247 2781 1303 τοῦτο
2824 1246 3065 1310 διανοοῦ,
3088 1248 3173 1300 ὅτι
3202 1246 3469 1317 πεποίητο
3509 1245 3606 1316 μὲν
3651 1245 3761 1299 κατ’

2198 1343 2383 1397 εἰκόνα
2410 1341 2505 1395 τοῦ
2540 1340 2827 1404 κτίσαντος
2850 1378 2864 1404 ,
2896 1340 3153 1394 ἐτέτακτο
3197 1340 3254 1393 δὲ
3302 1337 3498 1409 ἄρχειν
3528 1337 3632 1391 τῶν
3676 1338 3759 1391 ἐπὶ

2197 1435 2323 1506 γῆς,
2351 1436 2444 1489 καὶ
2464 1430 2533 1506 ἦν
2549 1433 2737 1505 ὥσπερ
2766 1433 2990 1504 ἐνεχειρὶ
3013 1429 3170 1496 Θεοῦ,
3199 1431 3286 1485 διὰ
3309 1432 3408 1501 τῆς
3425 1431 3484 1484 ὲν
3517 1428 3762 1501 ἁγιασμῷ

2200 1525 2367 1596 ζωῆς,
2402 1526 2495 1580 καὶ
2548 1525 2826 1595 μονονουχὶ
2858 1523 3186 1594 παραδείσω
3237 1524 3406 1593 φυτὸν
3452 1521 3669 1584 εὐανθὲς
3707 1539 3761 1576 τε

2199 1619 2292 1673 καὶ
2308 1617 2717 1686 εὐγενέστατον.
2733 1614 2951 1687 Ἐπειδὴ
2978 1615 3034 1668 δὲ
3060 1618 3180 1679 ταῖς
3206 1615 3300 1669 τοῦ
3328 1615 3507 1684 ὄφεως
3533 1615 3761 1686 πικρίαις

2200 1709 2667 1781 πεφενακισμένος
2690 1748 2705 1773 ,
2740 1706 3122 1779 παρεκομίσθη
3167 1708 3276 1762 τῶν
3324 1709 3385 1762 ὲν
3426 1709 3650 1778 ἀρχαῖς,
3679 1707 3764 1760 καὶ

513 1819 625 1875 quo
663 1809 811 1859 statu
844 1801 1119 1855 abductus
1138 1808 1242 1865 est,
1276 1808 1335 1856 et
1357 1800 1529 1855 divini
1566 1800 1810 1855 mandati
1844 1808 2094 1875 contem—

2202 1778 2299 1875 τῆς
2326 1802 2474 1866 θείας
2494 1778 2770 1873 ἀλογήσας
2798 1778 3017 1869 ἐντολῆς
3051 1801 3416 1871 κατεφωρᾶτο
3435 1798 3638 1860 λοιπὸν,
3657 1798 3767 1851 τότε

512 1904 640 1965 ptor
671 1892 1069 1963 deprehensus,
1098 1899 1215 1944 tum
1245 1905 1433 1944 veroa
1462 1890 1568 1944 situ
1602 1905 1666 1944 ac
1698 1889 1881 1944 radice
1912 1874 2096 1959 prio're

512 1987 782 2051 divulsus,
816 2001 884 2042 ex
898 1986 1018 2056 ejus
1038 1999 1223 2047 manu,
1255 1999 1286 2037 a
1313 1999 1424 2053 quo
1453 1982 1506 2037 in
1541 1981 1825 2038 sanctitate
1853 1981 2098 2035 contine-

512 2078 695 2142 batur,
731 2077 917 2146 lapsus
932 2084 1037 2139 est,
1070 2085 1127 2130 et
1148 2075 1205 2129 in
1224 2082 1445 2138 terram,
1466 2074 1571 2128 hoc
1586 2084 1689 2138 est,
1719 2073 1788 2128 ab
1813 2073 1901 2127 illa
1916 2074 2094 2129 virtu-

516 2170 589 2226 tis
619 2169 959 2225 sublimitate
988 2168 1217 2233 decidit,
1251 2176 1307 2222 et
1326 2156 1570 2237 eousque
1591 2167 1825 2237 reptavit
1846 2166 2094 2221 imbecil-

512 2262 603 2318 lus
632 2267 691 2317 et
717 2260 1004 2331 languens,
1038 2269 1101 2314 ut
1146 2259 1390 2314 carnalia
1436 2273 1628 2327 sapere
1679 2258 1865 2321 vellet,
1896 2268 1951 2311 et
1985 2258 2095 2327 jam

515 2365 730 2405 summa
756 2349 1004 2419 nequitia
1036 2348 1334 2413 laboraret,
1372 2362 1473 2401 nec
1494 2346 1606 2418 69
1632 2345 1974 2419 meojudicio
1999 2344 2098 2399 ali—

513 2442 646 2512 quid
694 2458 724 2497 a
757 2451 1013 2513 serpente
1046 2440 1300 2496 distaret.
1353 2440 1433 2495 ita
1485 2454 1655 2510 regno
1697 2448 1753 2493 et
1798 2454 1862 2493 ea
1901 2438 2093 2508 gloria,

516 2550 679 2605 quam
720 2550 752 2590 a
782 2534 1059 2605 principio
1099 2540 1370 2597 tenuerat,
1419 2532 1684 2601 spoliatus
1721 2539 1824 2593 est,
1866 2530 2032 2584 etiam
2066 2546 2096 2584 e

512 2627 770 2699 paradiso
801 2643 865 2681 ac
894 2625 1110 2680 deliciis
1146 2626 1377 2696 ejectus.
1406 2624 1490 2676 An
1521 2638 1655 2677 vero
1683 2638 1794 2676 non
1839 2622 1893 2676 id
1938 2623 2097 2679 nobis

513 2718 711 2774 beatus
744 2716 957 2787 Moyses
987 2714 1170 2769 dixit?

586 2806 956 2863 PALL.Dixit
994 2806 1085 2859 ille
1124 2804 1368 2875 quidem.

584 2899 744 2954 CVR.
766 2897 883 2952 lam
898 2910 1027 2950 vero
1051 2896 1354 2966 legislator,
1391 2910 1517 2949 cum
1545 2894 1612 2949 ad
1643 2909 1762 2948 eam
1793 2895 2094 2970 nequitiam

516 3006 644 3047 cum
674 2988 1003 3061 perductum
1049 2987 1287 3052 videret,
1324 2986 1526 3058 refugit
1564 2987 1992 3057 quodammodo,
2040 2998 2098 3043 et

514 3085 731 3149 vitium,
763 3081 907 3153 quod
943 3080 1000 3135 in
1022 3095 1089 3136 eo
1105 3079 1299 3145 inerat,
1327 3079 1737 3147 detestabatur;
1777 3080 1914 3152 fugit
1938 3096 2096 3135 nam-

515 3192 624 3247 que
650 3183 906 3246 serpente
933 3175 1146 3246 Moyses
1173 3172 1388 3244 abjccto
1417 3191 1428 3225 :
1457 3171 1724 3243 scriptum
1752 3180 1936 3227 autem
1965 3172 2099 3243 legi-

515 3284 639 3324 mus
666 3286 678 3322 :
718 3286 735 3318 ι
763 3265 999 3323 Sanetus
1026 3264 1265 3337 Spiritus
1295 3263 1578 3335 sapientiae
1610 3263 1782 3335 fugiet
1809 3264 2021 3330 dolum,
2045 3274 2102 3321 et

514 3356 731 3414 auferet
770 3372 829 3411 se
881 3371 912 3410 a
966 3354 1395 3424 cogitationibus
1438 3370 1561 3424 quae
1607 3364 1735 3409 sunt
1781 3356 1900 3410 sine
1942 3355 2103 3413 intel-

515 3450 668 3505 lectu
688 3450 752 3502 ".
789 3468 806 3500 ι
841 3448 1031 3517 Neque
1060 3446 1206 3501 enim
1251 3446 1550 3503 convenire
1582 3463 1823 3517 unquam
1857 3448 2001 3502 inter
2044 3465 2102 3504 se

514 3540 1126 3612 possuntsanctificatio
1157 3547 1213 3596 et
1233 3540 1604 3606 immunditia,
1639 3541 1732 3596 lux
1759 3550 1814 3597 et
1837 3543 2098 3609 tenebrae,

512 3634 729 3707 justitia
752 3643 810 3689 et
842 3633 1133 3704 iniustitia.

589 3725 784 3782 PALL
815 3725 892 3783 ita
913 3734 1017 3780 est.

586 3817 745 3873 CYR.
773 3816 930 3882 Quod
972 3816 1139 3887 igitur
1168 3817 1235 3872 de
1267 3833 1429 3873 manu
1474 3819 1639 3891 Moysi
1682 3823 1830 3892 Virga
1879 3822 2097 3887 cecidit,

517 3909 748 3963 fortasse
792 3907 925 3964 illud
967 3906 1262 3977 significet,
1295 3908 1764 3965 lmminemillum
1802 3911 2006 3967 factum
2032 3913 2101 3968 ad

517 3998 812 4071 imaginem
852 3998 969 4063 Dei,
995 4000 1167 4054 fuisse
1206 3999 1274 4053 ab
1302 3998 1461 4053 initio
1488 4002 1727 4070 paradisi
1758 4004 2021 4073 plantam,
2047 4014 2103 4060 et

516 4093 573 4147 in
625 4091 716 4147 illa
750 4092 1092 4163 regnigloria
1117 4108 1181 4147 ac
1197 4092 1295 4147 Dei
1325 4107 1489 4147 manu
1520 4095 2102 4164 positum;eumdem-

516 4198 624 4252 que
654 4181 869 4252 lapsum
898 4181 954 4237 in
1000 4191 1220 4247 terram,
1261 4198 1390 4253 quia
1436 4184 1695 4241 maluerit
1726 4189 1966 4263 carnalia
2013 4206 2101 4244 sa-

517 4289 667 4343 pere,
699 4283 755 4329 et
781 4283 1007 4345 propter
1039 4289 1311 4330 summam
1353 4276 1734 4344 acerbitatem,
1789 4280 2103 4338 Divinitatis

518 4368 692 4438 ipsius
716 4370 891 4424 oculis
916 4369 1087 4424 instar
1110 4369 1384 4440 serpentis
1412 4368 1603 4425 fuisse.
1634 4370 1740 4426 Sed
1771 4382 2103 4444 praeceptum

2201 1895 2288 1967 δὴ,
2329 1895 2451 1949 τότε
2493 1893 2696 1959 θέσεὼς
2724 1910 2787 1947 τε
2822 1894 2917 1947 καὶ
2957 1893 3112 1963 ῥίζης
3136 1892 3236 1963 τῆς
3262 1890 3496 1964 πρώτης
3526 1888 3767 1944 ἀποσπώ-

2205 2004 2392 2057 μενος,
2427 1986 2524 2056 τῆς
2571 1984 2668 2040 τοῦ
2709 1986 3025 2056 συνέχοντος
3067 1987 3147 2049 είς
3198 1984 3476 2056 ἀγιασμδν
3509 1984 3766 2039 amomo:

2203 2078 2405 2150 χειρὸς,
2450 2079 2544 2132 καὶ
2586 2078 3021 2132 καταπέπτωκεν
3064 2079 3145 2141 είς
3178 2079 3302 2149 γῆν,
3341 2077 3489 2132 τοῦτ’
3519 2078 3682 2142 ἐστιν,
3711 2081 3768 2132 ὲκ

2202 2168 2309 2220 τῶν
2356 2169 2453 2238 τῆς
2506 2168 2708 2240 ἀρετῆς
2757 2168 3100 2238 ὑψωμάτων,
3153 2169 3249 2221 καὶ
3303 2168 3769 2240 καταπεφοίτηκεν

2202 2256 2449 2327 ἀδρανῶς
2478 2259 2556 2321 εἰς
2578 2256 2640 2311 τὸ
2668 2261 2883 2329 φρονεῖν
2912 2257 3129 2312 ἑλέσθαι
3150 2257 3220 2312 τὰ
3247 2259 3514 2330 σαρκικὰ,
3552 2259 3770 2329 ἄκρατον

2202 2349 2303 2420 ἤδη
2334 2364 2441 2401 που
2475 2349 2708 2419 νοσήσας
2738 2349 2837 2421 τὴν
2860 2350 3151 2421 πονηρίαν,
3183 2348 3279 2402 καὶ
3300 2349 3506 2419 ὄφεως,
3524 2346 3689 2419 οἶμαι,
3702 2348 3769 2402 δι-

2203 2439 2441 2508 ενεγκὼν
2467 2440 2637 2494 οὐδέν.
2657 2440 3063 2511 Ἀπεγυμνοῦτο
3100 2441 3157 2494 δὲ
3191 2440 3332 2494 οὕτω
3368 2440 3653 2511 βασιλείας
3688 2441 3769 2494 καὶ

2203 2535 2361 2604 δόξης
2383 2535 2481 2604 τῆς
2510 2535 2566 2586 ὲν
2591 2525 2821 2605 ἀρχαῖς,
2861 2534 3200 2604 ἐξεπέμπετό
3223 2552 3283 2587 τε
3313 2535 3643 2606 παραδείσου
3684 2534 3769 2589 καὶ

2202 2625 2436 2695 τρυφῆς.
2483 2626 2552 2677 Ἦ
2592 2625 2701 2709 γὰρ
2731 2625 2850 2701 ορχὶ
2878 2627 3036 2680 ταυτὶ
3080 2626 3216 2698 πρὸς
3252 2627 3409 2703 ἡμᾶς
3453 2628 3481 2679 ὁ
3510 2625 3643 2689 θεῖος
3678 2625 3767 2696 ἔφη

2203 2718 2437 2786 Μωσῆςς

2276 2812 2483 2865 ΠΑΛΛ.
2530 2813 2674 2882 Ἔφη
2709 2812 2817 2884 γὰρ
2842 2810 2955 2866 οὖν.

2275 2903 2437 2956 ΚΥΡ.
2475 2902 2837 2974 Κατηγμένον
2862 2903 2918 2956 δὲ
2950 2902 3051 2973 ἤδη
3088 2902 3224 2974 πρὸς
3257 2901 3427 2956 τοῦτο
3461 2901 3772 2973 φαυλότητος

2203 2994 2230 3045 6
2273 2992 2571 3063 νομοθέτης
2626 2993 2787 3064 ὁρῶν,
2828 2993 3039 3064 ἀπέδρα
3075 2993 3275 3064 τρόπον
3331 2993 3496 3060 τινὰ,
3549 2993 3640 3047 καὶ
3683 2991 3770 3062 τὴν

2204 3084 2427 3138 ἐνοῦσαν
2446 3085 2594 3156 αὑτῷ
2619 3086 2881 3156 πονηρίαν
2913 3102 3038 3139 κατε
3048 3085 3369 3155 μυσάττετο.
3415 3085 3656 3155 Πέφευγε
3675 3084 3770 3154 γὰρ

2202 3174 2231 3227 6
2259 3176 2483 3247 Μωσῆς,
2509 3175 2598 3229 τὸν
2623 3177 2745 3246 ὅφιν
2768 3178 2947 3247 ἀφείς.
2983 3177 3292 3246 Γέγραπται
3320 3174 3401 3240 δὲ,
3442 3178 3522 3231 ὅτι
3550 3197 3567 3230 ι
3598 3177 3772 3245 Ἄγιον

2202 3268 2427 3339 Πνεῦμα
2456 3267 2643 3339 σοφίας
2688 3269 2943 3339 φεύξεται
2973 3268 3145 3332 δόλον,
3171 3269 3265 3322 καὶ¹
3282 3269 3648 3339 ἀναστήσεται
3675 3268 3773 3321 ἀπὸ

2202 3360 2481 3432 λογισμῶν
2540 3359 2835 3416 ἀσυνέτων.
2901 3380 2921 3413 ι
2989 3359 3307 3430 ’Λσύμϐατα
3363 3361 3481 3432 γὰρ
3539 3359 3773 3430 ἀλλήλοις

2203 3453 2478 3525 ἁγιασμὸς
2507 3453 2601 3507 καὶ
2620 3451 2955 3524 ἀκαθαρσία,
2993 3451 3109 3522 φῶς
3141 3468 3199 3506 τε
3223 3451 3318 3504 καὶ
3342 3452 3560 3516 σκότος,
3587 3451 3773 3504 δικαιο-

2204 3544 2336 3599 σύνη
2370 3543 2465 3598 καὶ
2496 3543 2702 3597 ἀδικία.

2277 3730 2483 3785 nam.
2523 3729 2764 3800 Ἀληθές.

2273 3822 2437 3875 ΚΥΡ.
2477 3822 2550 3874 T6
2576 3823 2753 3876 τοίνυν
2788 3822 3060 3876 ἀποπέσαι
3091 3822 3269 3891 χειρὸς
3296 3821 3393 3888 τῆς
3422 3821 3661 3883 Μωσέως
3684 3818 3771 3888 τὴν

2206 3913 2420 3984 ῥάϐδον,
2460 3915 2899 3984 κατασημήνειεν
2944 3913 3028 3979 ἂν,
3068 3914 3144 3978 ὼς
3186 3912 3254 3983 ἦν
3284 3916 3340 3968 ὲν
3375 3914 3572 3985 ¹ἀρχαῖς
3605 3912 3632 3964 6
3662 3909 3770 3963 κατ’

2204 4003 2389 4057 εἰκόνα
2418 4003 2517 4076 τὴν
2545 4004 2693 4058 θείαν
2718 4004 3082 4075 πεποιημένος
3107 4004 3440 4076 παραδείσου
3482 4004 3661 4074 φυτὸν,
3685 3999 3771 4054 καὶ

2205 4097 2263 4150 ὲν
2294 4096 2420 4167 δόξῃ
2477 4096 2789 4167 βασιλείας,
2830 4098 2921 4150 καὶ
2976 4098 3032 4151 ἐν
3071 4099 3212 4169 χειρὶ
3259 4098 3351 4151 τοῦ
3389 4094 3728 4169 Δημιουργοῦ
3754 4108 3769 4124 ⁶

2206 4187 2510 4242 κατώλισθε
2551 4188 2607 4242 δὲ
2639 4190 2718 4252 εἰς
2755 4189 2879 4259 γῆν,
2913 4187 3001 4241 διὰ
3044 4188 3137 4243 τοῦ
3181 4192 3397 4262 φρονεῖν
3459 4187 3669 4242 ἑλέσθαι
3709 4183 3773 4237 τὰ

2207 4279 2465 4351 σαρκικὰ,
2517 4279 2610 4332 καὶ
2644 4278 2732 4332 διὰ
2769 4280 2868 4350 τῆς
2916 4281 2996 4343 είς
3029 4278 3197 4352 ἄκρον
3224 4279 3470 4352 ἡκούσης
3513 4277 3761 4349 πικρίας,

2205 4372 2327 4442 ὄφις
2364 4368 2431 4443 ἦν
2477 4370 2665 4442 ὥσπερ
2721 4388 2803 4433 τις
2851 4372 2964 4434 τοῖς
3004 4372 3103 4441 τῆς
3157 4370 3411 4442 θεότητος
3464 4369 3769 4440 ὀφθαλμοῖς.

518 4468 604 4514 est
630 4460 820 4532 Moysi,
850 4469 911 4516 ut
937 4476 1160 4517 manum
1191 4460 1531 4526 extenderet,
1569 4462 1911 4535 caudamque
1954 4466 2099 4521 illius

2219 4463 2669 4539 Ἀλλξὲκελεύετο
2692 4462 2899 4534 Μωσῆς
2928 4464 3165 4516 ἐκτεῖναι
3203 4464 3301 4529 τὴν
3321 4465 3500 4533 χεῖρα,
3534 4464 3625 4515 καὶ
3663 4464 3774 4512 ἐπιο

518 4548 989 4619 apprehenderet;
1017 4564 1127 4620 quo
1160 4548 1326 4615 facto,
1369 4550 1693 4607 immutatus
1725 4553 1990 4610 continuo
2019 4562 2105 4611 est

520 4639 578 4694 in
612 4640 899 4711 pristinam
940 4641 1194 4706 formam,
1236 4641 1311 4698 ita
1343 4650 1405 4697 ut
1434 4659 1544 4699 non
1578 4644 1814 4715 amplius
1853 4661 2100 4718 serpens,

518 4732 615 4787 sed
645 4733 799 4803 virga
822 4749 1014 4787 rursus
1043 4744 1208 4798 esset,
1240 4743 1297 4790 et
1334 4736 1570 4805 paradisi
1596 4754 1838 4808 germen.
1872 4740 1974 4795 Ubi
2004 4740 2105 4812 igi-

523 4832 612 4875 tur
640 4820 848 4889 placuit
881 4821 995 4874 Deo
1022 4837 1085 4875 ac
1114 4822 1262 4875 Patri
1289 4825 1476 4878 omnia
1511 4825 1817 4881 instaurare
1851 4827 1906 4882 in
1937 4828 2101 4884 Chri-

520 4920 625 4974 sto,
670 4919 834 4980 atque
858 4909 913 4964 id
937 4910 1083 4979 quod
1115 4911 1317 4965 factum
1360 4924 1498 4979 erat,
1532 4917 1586 4971 in
1627 4919 1866 4988 priorem
1895 4927 2103 4974 statum

520 5002 840 5067 reformare,
870 5000 1020 5056 misit
1051 5017 1081 5057 e
1111 5004 1252 5058 cmlo
1278 5005 1437 5060 nobis
1458 5006 2095 5079 Unigenitum,rnanum,

522 5094 769 5166 inquam,
809 5093 960 5150 illam
996 5108 1152 5148 suam
1192 5092 1459 5161 dextram,
1508 5098 1657 5153 illam
1721 5102 2101 5159 universorum

522 5187 776 5255 opiﬁcem
812 5203 878 5243 ac
903 5202 1034 5243 vere
1055 5187 1350 5243 salutarem
1372 5230 1386 5255 ,
1415 5192 1569 5262 juxta
1595 5193 1729 5248 illud
1763 5213 1774 5247 :
1810 5215 1828 5246 ι
1869 5197 2102 5252 Dextera

525 5279 738 5334 Domini
793 5280 921 5335 fecit
968 5281 1252 5347 virtutem,
1304 5282 1526 5340 dextera
1575 5286 1792 5342 Domini
1846 5290 2106 5345 exaltavit

528 5384 614 5427 me
637 5370 698 5423 ¹⁸.
729 5389 746 5421 ι
767 5370 922 5426 Tunc
951 5372 1157 5443 itaque,
1192 5381 1341 5439 tunc,
1375 5375 1617 5448 inquam,
1637 5380 1914 5448 iacentem
1949 5382 2101 5436 humi

622 5527 666 5563 ⁸⁷
698 5526 824 5598 Sep.
856 5544 894 5593 ι,
929 5530 981 5583 5.
1059 5531 1106 5566 ’⁸
1127 5533 1267 5589 Psal.
1303 5548 1462 5599 cxvn,
1499 5535 1581 5590 l6.

531 5638 702 5765 “EDA
724 5636 966 5762 alludit,
1024 5650 1085 5696 ut
1136 5651 1306 5713 puto,
1354 5646 1420 5700 ad
1468 5647 1651 5701 locum
1705 5645 1925 5700 Homeri
1975 5645 2109 5699 Ilia-

556 5780 700 5836 W'
737 5779 807 5836 ἐκ
837 5781 925 5837 τοι
954 5777 1114 5850 ἐρέω,
1146 5782 1241 5836 καὶ
1269 5783 1365 5837 ἐπὶ
1389 5784 1579 5857 μέγαν
1618 5786 1798 5856 ἔριον
1832 5786 2103 5855 ὀμοῦμαι,

2164 4618 2170 4624 ,
2206 4558 2466 4636 λαϐέσθαι
2513 4559 2611 4629 τῆς
2656 4557 2894 4628 κέρκου·
2940 4556 3304 4610 ἀνεπλάττετο
3349 4555 3407 4609 δὲ
3453 4555 3589 4627 πρὸς
3618 4552 3677 4605 τὸ
3720 4552 3773 4603 ὲν

2208 4652 2404 4722 ἀρχαῖς
2435 4649 2616 4713 εὐθύς.
2659 4648 2769 4703 Καὶ
2809 4648 2933 4717 ὄφις
2977 4648 3076 4717 μὲν
3108 4644 3177 4718 ἦν
3227 4646 3450 4712 οὐκέτι,
3503 4643 3690 4716 ῥάϐδος
3721 4640 3773 4693 δὲ

2205 4742 2402 4807 πάλιν,
2431 4741 2527 4794 καὶ
2555 4740 2882 4811 παραδείσου
2937 4738 3124 4807 φυτόν.
3159 4739 3289 4792 Ὅτε
3333 4739 3389 4791 δὲ
3428 4736 3715 4805 εὐδόκησεν
3746 4731 3772 4783 6

2206 4832 2337 4896 Θεὸς
2393 4833 2485 4885 καὶ
2527 4832 2716 4902 Πατὴρ
2759 4828 3340 4898 ἀνακεφαλαιώσασθαι
3392 4829 3458 4883 τὰ
3501 4828 3673 4881 πάντα
3719 4824 3772 4875 ἐν

2209 4923 2286 4991 τῷ
2316 4924 2355 4975 Χ
2369 4922 2533 4994 ριστῷ
2554 4964 2568 4986 ,
2594 4925 2687 4976 καὶ
2705 4922 2991 4976 ἀνακτίσαι
3012 4922 3071 4974 τὸ
3099 4922 3319 4990 ποιηθὲν
3340 4924 3419 4985 εἰς
3434 4920 3493 4974 τὸ
3507 4915 3771 4988 ἀπαρχῆςο

2210 5014 2527 5069 ἀπέστειλεν
2539 5017 2666 5086 ἡμῖν
2676 5014 2733 5082 ὲξ
2748 5015 2807 5068 οὐ
2817 5014 2975 5085 ρανοῦ
2991 5015 3081 5067 τὸν
3097 5014 3396 5084 Μονογενῆ,
3410 5014 3505 5082 τὴν
3521 5012 3674 5081 χεῖρα
3682 5005 3773 5075 τὴν

2209 5107 2410 5174 δεξιὰν,
2446 5107 2546 5177 τὴν
2573 5107 2679 5161 τῶν
2707 5107 2842 5161 ὅλων
2874 5108 3097 5178 ἐργάτιν
3132 5107 3226 5160 καὶ
3255 5104 3519 5176 σώτειραν
3546 5099 3771 5170 ἀληθῶς.

2210 5195 2353 5250 κατά
2383 5212 2447 5264 γε
2483 5196 2565 5262 τὸ,
2609 5214 2627 5247 ι
2662 5195 2821 5261 Δεξιά
2854 5195 3060 5267 Κυρίου
3092 5195 3314 5265 ἐποίησε
3355 5195 3603 5255 δύναμιν,
3634 5183 3773 5252 δεξιὰ

2211 5288 2415 5359 Κυρίου
2446 5286 2628 5357 ὕψωσέ
2672 5305 2790 5359 με.»
2826 5287 2959 5341 Τότε
2987 5287 3073 5357 δὴ,
3100 5286 3220 5339 τότε
3245 5287 3347 5357 τῆς
3379 5290 3436 5340 ὲν
3476 5287 3548 5356 γῇ
3598 5276 3774 5349 κειμέ-

2215 5395 2314 5452 νης
2366 5379 2782 5451 ἀνθρωπόττττος
2835 5378 3127 5435 ἐπελάϐετο
3219 5380 3312 5434 καὶ¹
3365 5375 3587 5450 πικρίας
3636 5367 3773 5441 ἡμᾶς

2210 5644 2343 5711 λ.ιώ
2368 5646 2447 5715 μὰ
2468 5648 2598 5702 τάδε
2631 5647 2967 5727 σκῆπτρον,
2988 5648 3053 5703 τὸ
3069 5648 3185 5719 μὲν
3203 5650 3419 5705 οῦποτε
3452 5635 3769 5781 grata?

3597 5729 3628 5763 0

2207 5788 2339 5841 (hic?
2381 5807 2385 5812 '
2474 5792 2540 5840 ’ἃ
