4082 6304
300 359 411 418 2ι5
1048 370 1136 424 DE
1173 371 1616 429 ADORATIONE
1656 375 1723 430 IN
1765 372 2036 431 SPIRITL'
2076 375 2165 429 ET
2205 374 2577 445 VERITA'FE.
2618 375 2748 430 LIB.
2790 374 2855 428 11.
3456 366 3562 422 240

297 480 616 549 ἀπαλλάξας
665 482 1101 557 θηριοπρεποῦς,
1136 491 1235 560 τῆς
1282 494 1339 545 ὲν
1367 493 1660 563 φαυλότητι
1688 511 1748 547 τε
1781 494 1875 546 καὶ

1978 500 2229 548 naturam
2276 495 2518 549 hominis
2565 488 2964 563 apprehendit;
3014 503 3249 559 cumque
3312 500 3414 539 nos
3475 483 3559 539 te-

296 572 617 643 ἀμαρτίαις,
647 574 941 645 ἀνεκόμισέ
971 595 1030 631 τε
1059 579 1129 632 δι’
1156 582 1427 654 ἀγιασμοῢ
1460 584 1598 653 πρὸς
1630 583 1874 653 βασιλίδα

1979 587 2079 641 rali
2110 587 2390 657 nequitia,
2423 595 2888 657 peccatorumque
2923 596 3137 637 veneno
3173 580 3434 642 exuisset,
3464 593 3561 646 per

291 664 483 734 τιμὴν,
529 665 624 718 καὶ
662 666 978 737 ἡμερότητα
1007 669 1105 739 τὴν
1134 672 1214 735 είς
1252 674 1475 744 ἀρετήν.
1526 675 1873 743 Ἐνδιαίτημα

1978 679 2470 734 sanctiﬁcationem
2524 678 2593 732 ad
2634 677 2903 731 honorem
2954 670 3112 727 illum
3149 671 3383 742 regium,
3409 678 3465 724 et
3491 669 3557 723 ad

293 757 349 811 δὲ
380 758 443 810 τὸ
479 759 702 830 ἀρχαῖον
730 764 843 826 τοῖς
876 764 1189 818 πιστεύουσι
1231 766 1405 831 διδοὺς
1439 752 1747 838 ἐνκάπαρχῇ
1781 767 1874 819 ml

294 846 501 918 πρώτῳ
528 848 604 918 τῷ
642 855 1147 924 συγκεκρεμαμένῳ
1181 855 1370 927 λῃστῇ·
1415 877 1432 908 ι
1498 858 1691 928 ἰὶμὴν,
1727 855 1873 926 ἀμὴν

269 936 443 1081 ,ἒέγω
468 956 572 1005 σοι,
608 942 762 1011 φησὶ,
801 944 1038 1014 σήμερον
1071 949 1188 1016 μετ’
1220 948 1354 1014 ἐμοῦ
1379 948 1478 1020 ἔσῃ
1507 952 1562 1003 ὲν
1592 950 1667 1020 τῷ
1692 964 1872 1019 παρα-

329 1047 483 1081 εισω.
527 1049 547 1081 ι

329 1047 483 1099 εισῳ.
527 1049 547 1082 ι

254 1403 259 1407 4
372 1321 582 1375 ΠᾹΛΛ,
615 1323 915 1395 Πεποίηται
946 1323 1043 1394 μὲν
1070 1324 1147 1388 ὡς
1176 1326 1378 1397 ἄριστά
1408 1344 1470 1396 γε
1502 1329 1635 1399 ἡμῖν
1662 1330 1760 1384 καὶ
1788 1331 1873 1403 ὀρ-

292 1411 401 1475 θῶς
428 1413 457 1464 ό
487 1412 660 1482 λόγος.
686 1415 834 1486 Πλὴν
867 1418 1041 1472 ἐκεῖνο
1063 1420 1290 1489 φράσον,
1324 1421 1439 1496 ἀνθ’
1469 1422 1591 1476 ὅτου
1628 1423 1726 1493 τῆς
1748 1424 1872 1496 κέρ-

290 1518 393 1555 κου
439 1502 700 1559 λαϐέσθαι
750 1507 1000 1576 κελεύει,
1050 1511 1144 1564 καὶ
1192 1512 1313 1581 οὐχὶ
1366 1495 1466 1583 τῆς
1529 1514 1868 1585 κεφαλῆς,ῆ

295 1610 498 1663 μεσων.

363 1741 550 1818 ΚΥΡ.⁸
564 1757 699 1821 ’Ὧδε
748 1769 879 1841 γὰρ,
913 1765 957 1825 ὧ
985 1773 1227 1846 φιλότης,
1258 1776 1656 1848 ὲκπράττεσθαι
1677 1779 1869 1850 ἐχρῆν·

1976 769 2197 825 virtutis
2222 768 2704 823 mansuetudinem
2722 765 2973 830 reduxit;
3002 763 3248 832 illudque
3274 770 3436 816 vetus
3455 761 3558 815 do-

1975 863 2240 919 micilium
2289 860 2648 915 credentibus
2709 859 2763 912 in
2803 873 2871 912 eo
2911 857 3124 910 latrone
3153 895 3168 919 ,
3224 854 3320 923 qui
3366 868 3558 908 eorum

1974 959 2234 1021 tanquam
2266 948 2526 1020 primitiae
2545 945 2799 1016 quaedam
2827 960 2892 999 ac
2926 945 3180 1013 princeps
3224 942 3347 1005 fuit,
3402 949 3459 995 et
3488 941 3562 994 si-

1975 1042 2089 1096 mul
2114 1057 2299 1097 secum
2334 1049 2422 1095 est
2456 1038 2771 1101 cruciﬁxus,
2800 1034 3115 1091 restituitn
3138 1034 3310 1087 Amen
3332 1072 3347 1095 ,
3375 1047 3557 1095 amen,

1974 1133 2249 1203 inquiens,
2301 1132 2426 1186 dico
2474 1131 2597 1195 tibi,
2624 1129 2787 1184 hodie
2834 1141 3049 1181 mecum
3092 1123 3203 1178 eris
3245 1122 3302 1184 in
3340 1122 3557 1192 paradi-

1977 1238 2043 1279 so
2066 1225 2128 1277 ³³.
2163 1244 2181 1275 ι
2302 1288 2321 1293 ξ

2044 1314 2241 1370 PALL.
2269 1315 2486 1386 Optime
2524 1330 2655 1370 sane
2678 1312 2838 1368 nobis
2875 1326 2939 1364 ac
2961 1308 3267 1364 rectissime
3304 1308 3420 1363 haec
3445 1307 3560 1360 dis-

1973 1403 2182 1475 putatio
2218 1404 2465 1459 cont'ecta
2489 1411 2593 1457 est.
2637 1400 2777 1457 Illud
2816 1399 2951 1453 mihi
2988 1407 3168 1452 tamen
3199 1396 3438 1467 explices
3459 1411 3555 1451 ve-

1973 1492 2069 1547 lim
2094 1534 2109 1558 ,
2143 1509 2264 1563 qua:
2305 1509 2468 1548 causa
2510 1492 2698 1557 fuerit,
2734 1505 2832 1546 cur
2885 1487 3115 1543 caudam
3153 1487 3338 1557 potius
3366 1502 3561 1556 appre-

1974 1584 2143 1640 hendi
2178 1585 2426 1656 jusserit,
2453 1599 2617 1653 quam
2659 1589 2842 1651 caput,
2887 1587 2981 1634 aut
3023 1578 3259 1633 mediam
3308 1579 3557 1647 corporis

1972 1684 2207 1746 partem.
2731 1707 2742 1721 ι
2782 1694 2809 1733 δ

2045 1769 2203 1853 CYR,
2231 1770 2322 1824 Sic
2345 1769 2517 1833 enim,
2559 1767 2787 1833 Palladi,
2832 1765 2950 1822 ﬁeri
2996 1777 3215 1833 aequum
3250 1768 3406 1827 erat;
3434 1776 3555 1816 nam

292 1855 500 1909 ἑπείτοι
544 1856 605 1910 τὸ
637 1861 836 1930 κέρκου
870 1863 1159 1931 λαϐέσθαι,
1196 1869 1290 1922 καὶ
1324 1846 1444 1940 uixi.
1495 1870 1675 1939 μέσων
1708 1846 1866 1944 κε-

1976 1862 2077 1928 h_oc
2100 1846 2300 1931 ipsum,
2348 1860 2581 1916 caudam
2622 1856 3057 1929 apprehendere,
3101 1869 3212 1908 non
3238 1850 3419 1906 media
3464 1860 3561 1907 aut

293 1946 493 2016 φαλῆςν
523 1950 602 2020 τῷ
636 1955 916 2025 μυστηρίῳ
944 1958 1232 2029 χρήσιμον·

368 2036 576 2091 ΠΑΛΛ.
610 2040 741 2094 Τίνα
764 2042 962 2111 τρόπον
985 2061 999 2109 ;

364 2132 526 2185 ΚΥΡ.
548 2132 711 2206 Ἀρχὴ
738 2138 834 2206 μὲν
857 2138 964 2210 γὰρ
988 2139 1176 2213 ὥσπερ
1198 2145 1397 2207 παντὸς
1419 2145 1609 2217 ζώουή
1636 2145 1864 2220 γζενραλὴ,

292 2221 492 2291 κέρκος
524 2224 583 2278 δὲ
609 2227 800 2296 πέρας,
822 2230 959 2300 Φέρε
977 2230 1039 2300 δὴ
1068 2227 1161 2285 οὖν
1189 2234 1264 2297 ὡς
1287 2232 1371 2288 ετξ
1386 2235 1545 2300 ζῶον,
1563 2238 1624 2290 τὸ
1646 2238 1867 2307 σύμπαν

292 2315 427 2383 ἡμῖν
467 2317 565 2371 τοῦ
607 2319 894 2389 ἀνθρώπου
941 2324 1097 2392 γένος
1143 2328 1588 2395 καταλογιζέσθω
1632 2332 1771 2400 πρὸς
1807 2332 1869 2384 τὸ

291 2406 486 2474 παρόν.
528 2408 856 2465 Ἐπελάϐετο
886 2414 1062 2468 τοίνυν
1090 2416 1192 2486 τῆς
1219 2418 1419 2488 κέρκου
1446 2420 1697 2491 Χριστὸς.
1723 2421 1868 2475 τοῦτ’

294 2493 432 2561 ἔστι,
451 2497 561 2551 τῶν
579 2500 637 2552 ὲν
657 2502 905 2571 ἐσχάτοις
935 2506 1028 2558 καὶ
1045 2506 1369 2561 τελευταίων
1385 2526 1396 2538 ·
1422 2511 1865 2582 καταπενροίτηκε

295 2586 408 2658 γὰρ
452 2589 511 2641 ὲν
553 2592 803 2662 ἐσχάτοις
849 2595 941 2647 τοῦ
981 2595 1177 2661 αἰῶνος
1232 2601 1464 2670 καιροῖς.
1505 2600 1644 2653 Ἀλλ’
1681 2600 1869 2673 ὥσπερ

296 2678 347 2728 εί
390 2677 483 2729 καὶ
516 2678 616 2763 τῇς
680 2681 878 2752 κέρκου
920 2685 1123 2756 Μωσῆς
1172 2687 1471 2742 ἐπελάϐετο
1496 2728 1510 2752 ,
1569 2690 1663 2743 καὶ
1708 2691 1867 2762 μέχρι

292 2767 464 2837 αὐτῆς
491 2769 668 2823 ἀνέθει
698 2774 794 2842 τῆς
820 2775 1059 2845 κεφαλῆς
1089 2777 1118 2829 ό
1149 2779 1534 2849 μεταπλασμὸς
1566 2780 1864 2851 (μετεστοι-

292 2858 509 2927 χειοῦτο
537 2864 646 2933 γὰρ
671 2863 978 2935 ὁλοκλήρως
999 2869 1079 2931 είς
1115 2868 1308 2938 ῥάϐδον
1334 2872 1362 2920 ό
1390 2870 1535 2938 ὄφις)
1564 2888 1577 2901 ·
1608 2873 1750 2926 κατά
1780 2874 1869 2926 τὸν

294 2950 412 3002 ἴσον
451 2955 660 3006 τουτονὶ
688 2954 906 3025 τρόπον,
941 2958 1046 3012 κᾶν
1078 2961 1249 3014 είτῶν
1272 2963 1516 3032 ὲσχάτων
1541 2963 1866 3018 ἀντελάϐετο

294 3040 560 3107 Χριστὸς,
590 3045 707 3098 ἀλλ’
734 3048 815 3110 εἰς
856 3050 965 3101 πᾶν
1000 3050 1174 3119 διήκει
1211 3052 1272 3105 τὸ
1302 3053 1480 3122 γένος,
1528 3056 1623 3107 καὶ
1674 3055 1870 3127 μέχρις

295 3133 467 3246 25:71;
489 3136 796 3246 ἀφικνεῖται
814 3141 916 3246 τῆς
942 3143 1204 3214 κεφαλῆς,
1224 3145 1368 3198 τοῦτ’
1392 3144 1529 3210 ἐστι,
1550 3146 1643 3200 τοῦ
1672 3147 1866 3217 Ἀδὰμ,
1896 3190 1938 3246 C

297 3222 332 3290 ή
356 3222 446 3275 διὰ
475 3224 696 3295 χάριτος
729 3229 1134 3305 ἀναμόρφωσις.
1164 3234 1477 3305 Γέγραπται
1507 3236 1613 3307 γὰρ
1634 3278 1648 3302 ,
1678 3237 1760 3291 ὅτι
1790 3239 1869 3302 είς

298 3313 455 3367 τοῦτο
494 3317 725 3386 Χριστὸς
755 3320 991 3375 ἀπέθανε
1023 3324 1114 3377 καὶ
1148 3325 1347 3397 ἀνέστη
1373 3366 1389 3390 ,
1422 3328 1510 3380 ἵνα
1539 3328 1631 3382 καὶ
1659 3329 1868 3399 νεκρῶν

302 3407 396 3460 aut
437 3407 653 3471 ζώντων
686 3413 965 3485 κυριεύσῃ.
1015 3416 1222 3469 Οὐκοῦν
1263 3421 1376 3480 τοῖς
1409 3419 1657 3490 ἐσχάτοις
1695 3420 1789 3474 καὶ
1835 3421 1869 3489 ἡ

304 3495 409 3547 τῶν
446 3497 505 3548 ἐν
536 3499 733 3568 ἀρχαῖς
746 3501 1222 3573 βυγκατορθοῦται
1246 3504 1532 3576 λύτρωσις.

374 3586 581 3639 ΠΑΛΛ.
617 3588 841 3653 Πιθανδς
875 3592 903 3643 ὁ
925 3592 1078 3660 λόγος
1106 3592 1223 3646 ἐστί
1253 3610 1312 3646 τε
1334 3599 1493 3666 ἡμῖν,
1522 3596 1618 3649 καὶ
1642 3597 1739 3650 οὐκ
1764 3597 1871 3650 ἀπὸ

307 3674 508 3727 σκοποῦ
540 3676 601 3729 τὸ
624 3677 895 3750 διήγημα.

376 3765 539 3819 ΚΥΡ.
573 3765 946 3839 Ἐδραιότατον
990 3769 1085 3829 οὖν
1106 3776 1242 3846 πρὸς
1264 3777 1365 3845 τὴν
1390 3779 1482 3831 ἐπὶ
1500 3777 1636 3847 τῷδε
1670 3780 1870 3846 πίστιν,

308 3855 400 3908 καὶ
439 3857 562 3910 δυσὶ
593 3860 885 3931 δυνάμεσιν
930 3864 1091 3918 αὑτὸν
1136 3866 1354 3939 ἑτέραις
1399 3868 1637 3920 ἐποιεῖτο
1687 3868 1875 3937 θεοση-

312 3946 508 4015 μείαις.
542 3949 851 4019 Γέγραπται
874 3953 983 4025 γὰρ
1011 3955 1192 4021 εὐθύς·
1236 3977 1253 4007 ι
1294 3952 1424 4011 Εἴπε
1463 3957 1570 4028 γὰρ
1593 3958 1741 4028 αὑτῴ
1770 3958 1878 4011 Κύ-

311 4052 421 4106 ριος
444 4040 609 4092 πάλιν
635 4059 647 4070 ο
678 4042 968 4112 Εἱσένεγκε
1005 4045 1105 4117 τὴν
1144 4048 1301 4118 χεῖρά
1342 4066 1436 4101 σου
1456 4051 1535 4113 είς
1564 4051 1653 4103 τὸν
1681 4049 1878 4103 κόλπον

311 4143 419 4180 σου.
475 4132 588 4183 Καὶ
631 4134 916 4203 εἰσήνεγκε
948 4138 1046 4209 τὴν
1076 4142 1231 4209 χεῖρα
1268 4140 1455 4201 αὑτοῦ,
1508 4141 1600 4194 καὶ
1649 4141 1879 4211 ἐγενήθη

307 4221 338 4288 ή
375 4222 494 4291 χεὶρ
546 4223 711 4277 αὑτοῦ
758 4225 1013 4296 λεπρῶσα
1064 4229 1331 4301 ὡςχιών.
1369 4233 1480 4286 Καὶ
1516 4228 1635 4285 εἶπε
1688 4234 1877 4288 πάλιν·

308 4311 602 4382 Είσένεγκε
633 4315 733 4386 τὴν
770 4321 929 4389 χεῖρά
960 4336 1052 4372 σου
1102 4323 1180 4385 εἰς
1230 4323 1320 4375 τὸν
1362 4323 1559 4377 κόλπον
1606 4341 1721 4379 σου.
1774 4325 1884 4380 Καὶ

308 4402 589 4471 είσήνεγκε
621 4407 720 4476 τὴν
773 4409 931 4477 χεῖρα
987 4410 1149 4463 αὑτοῦ
1200 4414 1280 4474 εἰς
1326 4413 1416 4465 τὸν
1446 4415 1644 4467 κόλπον
1698 4415 1884 4480 αὑτοῦ,

308 4492 395 4544 καὶ
421 4492 685 4562 ἐξήνεγκε
715 4496 812 4566 τὴν
843 4499 1194 4569 χεῖρα›αὐτοῦ
1226 4504 1292 4554 ἐκ
1330 4504 1426 4556 τοῦ
1460 4505 1660 4558 κόλπου
1685 4507 1877 4559 αὐτοῦ·

313 4584 401 4635 καὶ
438 4583 602 4638 πάλιν
630 4587 1043 4660 ἀποκατεστάθη
1098 4593 1176 4655 εἰς
1220 4592 1317 4661 τὴν
1347 4592 1512 4662 χρόαν
1540 4596 1638 4663 τῆς
1664 4594 1867 4662 σαρκὸς

313 4672 494 4726 αὐτοῦ.
534 4694 554 4726 ι
595 4675 785 4747 Ἀθρει
810 4678 873 4750 δὴ
893 4675 986 4732 οὖν
1009 4681 1084 4743 ὡς
1131 4681 1247 4733 ἔστι
1286 4681 1617 4752 θεοπρεπὲς,
1658 4684 1751 4737 καὶ
1774 4684 1880 4739 τῶν

311 4760 443 4829 ἄγαν
459 4764 706 4833 ἡκόντων
730 4756 821 4828 εἰς’
850 4768 909 4820 τὸ
932 4768 1305 4839 θαυμάζεσθαι
1335 4772 1567 4842 πρέπειν
1595 4773 1657 4826 τὸ
1685 4791 1881 4846 κατορ-

313 4851 397 4904 θού
407 4871 568 4924 μενον
588 4896 603 4921 ,
636 4857 916 4910 συνωδτνον
949 4859 1005 4912 δὲ
1052 4859 1243 4931 ὥσπερ
1271 4861 1348 4932 τῷ
1378 4860 1579 4936 πρώτῳ
1604 4861 1698 4915 τοῦ
1742 4864 1881 4917 κατά

313 4944 549 5014 Χριστὸν
577 4950 875 5019 μυστηρίου
902 4951 1000 5022 τὴν
1026 4953 1276 5023 δήλωσιν.

382 5037 590 5121 ΠΑᾼΛ..
625 5040 832 5093 Οὐκοῦν
859 5042 1140 5110 διασάφειο
1168 5044 1388 5115 συνίημι
1420 5045 1528 5117 γὰρ
1557 5045 1673 5100 οὔτι
1704 5064 1809 5100 πω.

383 5224 551 5277 ΚΥΡ.
583 5225 794 5296 Σαρκὸς
845 5228 945 5299 μὲν
990 5230 1022 5299 ἡ
1055 5230 1231 5299 λέπρα
1280 5227 1445 5294 πάθος
1466 5272 1480 5297 ,
1511 5229 1730 5302 ἄμεινον
1765 5232 1820 5285 δὲ
1856 5231 1888 5301 ἢ

319 5314 455 5397 κατά
489 5315 737 5388 ἰατροὺς,
770 5318 864 5370 καὶ
901 5321 1022 5381 ταῖς
1051 5320 1178 5389 παρ’
1203 5320 1425 5374 ἐκείνων
1452 5320 1764 5391 ἐμπειρίαις
1786 5322 1884 5390 οὐχ

319 5403 608 5476 ἁλώσιμον.
652 5408 888 5479 Ἀνιερὸς
912 5410 969 5463 δὲ
990 5411 1080 5463 καὶ
1102 5411 1408 5482 ἀκάθαρτος
1441 5414 1468 5462 ὁ
1493 5412 1713 5481 λεπρὸς,
1739 5413 1884 5466 κατά

320 5512 392 5562 γε·
409 5497 506 5568 τὴν
545 5498 714 5552 πάλαι
754 5499 842 5553 διὰ
875 5502 1116 5564 Μωσέως
1146 5501 1382 5571 ἐντολὴν,
1410 5502 1799 5572 ἀπηχθημένος
1829 5504 1884 5556 δὲ

320 5583 439 5643 λίαν
465 5590 560 5645 καὶ
605 5590 757 5661 παρὰ
778 5593 891 5653 τοῖς
916 5581 984 5643 edi
1023 5591 1286 5662 Ἑλλήνων
1310 5592 1537 5662 τιμῶσιν
1567 5593 1682 5663 ἔθη.
1731 5594 1886 5664 Ἡμι-

395 5771 438 5803 ¹⁹
466 5769 601 5826 Luc.
630 5787 781 5837 xxut,
814 5772 899 5824 45.
1001 5773 1044 5804 ⁸³
1077 5773 1234 5827 Ilum.
1269 5791 1371 5839 xn,
1409 5776 1460 5829 θ.

1966 1962 2150 2024 caput,
2182 1953 2443 2024 mysterio
2465 1958 2903 2018 consentaneum,
2918 1955 3057 2004 erat.

2037 2044 2234 2100 PALL.
2264 2043 2551 2110 Quomodo
2594 2038 2854 2101 tandem?

2036 2138 2194 2193 ΟΥΕ.
2216 2135 2353 2202 Quia
2376 2144 2545 2206 caput
2568 2138 2720 2190 velut
2758 2135 2979 2190 initium
3004 2134 3112 2204 7o
3154 2132 3428 2203 quoddam
3475 2139 3559 2184 est

1970 2231 2138 2285 totius
2163 2228 2481 2293 animantis,
2507 2236 2565 2283 ut
2587 2227 2760 2283 cauda
2786 2227 2929 2282 ﬁnis.
2953 2226 3064 2297 Age
3109 2225 3297 2295 igitur,
3339 2223 3559 2277 univer—

1970 2335 2092 2374 sum
2134 2335 2307 2389 genus
2354 2317 2664 2379 hominum,
2712 2323 2774 2369 ut
2815 2330 2986 2369 unum
3036 2314 3236 2368 animal
3290 2313 3559 2366 hactenus

1969 2406 2276 2476 cogitemus
2322 2424 2334 2459 :
2380 2403 2747 2475 apprehendit
2792 2402 2959 2474 igitur
3002 2402 3231 2456 caudam
3270 2400 3556 2461 Christus,

1969 2498 2024 2552 id
2077 2506 2180 2561 est,
2232 2508 2508 2552 extremas
2557 2505 2742 2566 partes
2781 2503 2948 2566 atque
2994 2495 3254 2559 ultimas;
3294 2493 3560 2549 extremis

1968 2588 2169 2658 quippe
2192 2590 2519 2642 saeculorum
2550 2586 2889 2656 temporibus
2931 2585 3174 2640 advenit.
3228 2585 3452 2644 Verum,
3500 2589 3561 2635 ut

1970 2681 2180 2751 Moyses
2236 2681 2489 2749 quamvis
2545 2679 2773 2733 caudam
2835 2676 3327 2747 apprehendisset,
3379 2683 3558 2727 tamen

1969 2789 2144 2843 usque
2177 2772 2244 2827 ad
2267 2773 2449 2842 ipsum
2473 2785 2693 2841 quoque
2718 2776 2883 2840 caput
2904 2770 2999 2823 illa
3024 2767 3347 2823 reformatio
3371 2782 3563 2820 recur-

1971 2865 2044 2919 rit
2073 2864 2344 2933 (estenim
2379 2871 2529 2917 totus
2554 2863 2643 2916 ille
2692 2877 2921 2931 serpens
2948 2861 3005 2914 in
3049 2860 3259 2928 virgam
3302 2858 3558 2911 immuta-

1972 2959 2105 3029 tus),
2133 2958 2200 3012 ad
2227 2957 2484 3012 eumdem
2517 2955 2763 3018 modum,
2788 2953 2980 3006 ultima
3006 2951 3135 3005 licet
3179 2948 3558 3019 apprchende—

1973 3049 2048 3102 rit
2075 3048 2346 3109 Christus,
2374 3054 2616 3100 attamen
2646 3043 2702 3096 in
2743 3042 3068 3096 universum
3101 3054 3273 3109 genus
3297 3039 3556 3108 pertinet,

1972 3144 2029 3192 et
2050 3136 2119 3190 ad
2142 3145 2308 3205 caput
2342 3135 2523 3204 ipsum
2577 3146 2776 3201 usque,
2820 3130 2876 3184 id
2919 3138 3025 3191 est,
3074 3128 3268 3191 Adam,
3316 3128 3406 3181 illa
3460 3143 3559 3196 per

1973 3230 2199 3301 gratiam
2246 3226 2561 3282 reformatio
2602 3224 2881 3295 pertingit.
2933 3220 3207 3290 Scriptum
3259 3228 3344 3273 est
3386 3220 3555 3281 enim,

1976 3322 2100 3375 ideo
2123 3320 2404 3376 Christum
2436 3333 2556 3373 esse
2582 3324 2857 3371 mortuum
2899 3321 2956 3368 et
2998 3312 3281 3375 revixisse,
3324 3319 3387 3365 ut
3421 3312 3560 3365 vivis

1975 3429 2039 3468 ac
2083 3411 2319 3465 mortuis
2365 3409 2683 3464 dominetur
2703 3406 2747 3437 ²⁰
2776 3423 2788 3458 :
2818 3404 2983 3475 igitur
3033 3403 3090 3456 in
3134 3400 3396 3456 extremis
3442 3401 3557 3469 ipsa

1975 3520 2193 3576 quoque
2215 3501 2615 3575 principiorum
2641 3499 2806 3554 simul
2836 3504 2922 3552 est
2953 3494 3196 3566 perfecta
3230 3492 3556 3562 redemptio.

2046 3596 2244 3652 PALL.
2269 3592 2580 3649 Probabilis
2625 3606 2757 3646 sane
2800 3589 2999 3653 oratio,
3037 3601 3140 3641 nec
3182 3586 3250 3641 ab
3291 3600 3383 3649 eo,
3411 3585 3558 3655 quod

1976 3685 2390 3759 proposuimus,
2415 3684 2593 3737 aliena
2608 3681 2889 3736 narratio;

2047 3799 2203 3855 CVR;
2220 3797 2301 3851 Ad
2324 3796 2382 3851 id
2409 3810 2542 3849 vero
2564 3781 3081 3849 credendum'etiam
3106 3792 3320 3846 duobus
3342 3790 3462 3844 aliis
3476 3790 3560 3844 di-

1979 3889 2121 3945 vina:
2141 3888 2362 3941 virtutis
2393 3884 2562 3955 signis
2586 3883 2740 3936 illum
2765 3884 2997 3938 maxime
3025 3881 3386 3937 conﬁrmavit.
3413 3880 3560 3933 Seri-

1981 3985 2137 4047 ptmn
2162 3982 2247 4029 est
2268 3975 2415 4028 enim
2441 3973 2732 4043 deinceps:
2761 3992 2778 4023 ‹
2802 3973 2871 4027 Ει
2893 3972 3031 4027 dixit
3054 3972 3132 4025 illi
3152 3971 3415 4024 Dominus
3446 3985 3553 4022 rur-

1985 4081 2105 4121 sum
2136 4083 2147 4118 :
2176 4064 2328 4119 Mitte
2366 4078 2588 4117 manum
2627 4070 2770 4116 tuam
2810 4061 2864 4115 in
2900 4062 3079 4116 sinum
3112 4071 3287 4116 tuum.
3318 4062 3385 4115 Et
3415 4061 3565 4114 misit

1986 4172 2207 4211 manum
2227 4171 2381 4210 suam
2410 4155 2464 4207 in
2481 4154 2660 4208 sinum
2685 4170 2864 4209 suum.
2885 4154 2951 4207 Et
2972 4154 3107 4207 dixit
3134 4171 3146 4206 :
3174 4154 3326 4207 Edue
3341 4169 3561 4206 manum

1997 4257 2144 4302 tuam
2169 4263 2232 4301 ex
2263 4246 2387 4299 sinu
2416 4254 2531 4300 tuo.
2559 4245 2626 4299 Et
2648 4243 2839 4298 eduxit
2876 4243 3021 4296 illam
3059 4258 3126 4296 ex
3167 4244 3291 4297 sinu
3335 4258 3462 4305 suo,
3508 4252 3563 4295 et

1992 4338 2132 4393 facta
2147 4347 2230 4393 est
2244 4353 2439 4391 manus
2454 4338 2572 4407 ejus
2586 4336 2799 4405 leprosa
2818 4335 2958 4388 sicut
2974 4335 3085 4387 nix.
3101 4335 3169 4388 Et
3184 4335 3559 4388 dixit-rursus:

1994 4430 2144 4483 Mitte
2173 4444 2396 4482 manum
2419 4436 2566 4481 tuam
2596 4427 2649 4480 in
2676 4428 2857 4479 sinum
2883 4434 3057 4480 tuum.
3089 4425 3560 4480 Etmisitmanum

1921 4538 1963 4593 ι)
1994 4536 2146 4575 suam
2170 4520 2225 4573 in
2242 4519 2421 4572 sinum
2438 4531 2595 4570 suum
2616 4560 2630 4582 ,
2656 4525 2712 4571 et
2730 4515 2916 4569 eduxit
2934 4532 3152 4570 manum
3173 4531 3323 4570 suam
3349 4516 3415 4570 de
3439 4516 3560 4570 sinu

1987 4624 2107 4672 suo,
2126 4615 2181 4663 et
2204 4621 2396 4661 rursus
2412 4606 2664 4659 restituta
2686 4613 2771 4659 est
2791 4604 2847 4657 in
2867 4606 3106 4659 colorem
3121 4606 3302 4660 carnis
3315 4622 3425 4660 suae
3444 4607 3486 4637 ²¹
3511 4626 3554 4660 .›

1985 4700 2122 4755 Vide
2165 4698 2331 4769 igitur
2358 4711 2520 4766 quam
2548 4695 2602 4749 id
2651 4694 2853 4749 factum
2878 4695 2990 4749 Deo
3015 4696 3334 4759 conveniat,
3373 4711 3563 4765 quam-

1987 4807 2092 4860 que
2118 4791 2188 4844 sit
2215 4787 2578 4843 admiratione
2605 4786 2854 4856 dignum,
2885 4794 3048 4855 atque
3088 4803 3195 4841 una
3218 4803 3341 4841 cum
3362 4804 3429 4841 eo
3456 4788 3560 4843 mi—

1984 4884 2171 4938 raculo
2208 4881 2353 4958 quod
2398 4879 2647 4949 proxime
2682 4878 3041 4943 narravimus,
3073 4878 3275 4934 Christi
3315 4880 3559 4950 mysterii

1986 4968 2440 5037 signiﬁcationem
2465 4965 2867 5035 quodammodo
2890 4967 3188 5021 contineat.

2055 5053 2251 5108 PALL.
2275 5054 2415 5124 Ergo
2433 5053 2566 5108 illud
2586 5055 2830 5125 explica;
2875 5055 3015 5111 nihil
3054 5056 3203 5110 enim
3231 5055 3361 5109 dum
3402 5056 3561 5110 intel-

1983 5142 2115 5214 ligo.

2057 5231 2212 5287 CYR.
2231 5232 2424 5288 Carnis
2443 5243 2525 5289 est
2546 5237 2770 5292 morbus
2790 5238 2961 5308 lepra,
2987 5236 3140 5305 isque
3161 5235 3377 5306 gravior
3393 5252 3554 5305 quam

1988 5323 2346 5379 utamedicis
2381 5325 2433 5379 ei
2471 5328 2717 5380 succurri
2757 5328 2949 5396 possit,
2991 5335 3086 5380 aut
3107 5327 3325 5381 illorum
3348 5343 3450 5381 usu
3471 5336 3555 5381 at-

1988 5429 2094 5484 que
2131 5413 2326 5483 peritia
2345 5415 2646 5484 expugnari
2681 5434 2692 5467 :
2716 5432 2780 5469 ac
2799 5417 3049 5484 leprosus
3087 5414 3201 5485 ipse
3223 5416 3485 5486 profanus
3503 5426 3559 5471 et

1987 5505 2233 5575 impurus
2269 5513 2372 5569 est,
2412 5522 2478 5558 ex
2508 5507 2728 5575 antiqua
2764 5507 2856 5560 illa
2880 5506 3046 5578 Moysi
3068 5508 3203 5579 lege,
3228 5525 3444 5564 necnon
3490 5509 3556 5562 iis

1989 5614 2205 5667 quoque
2241 5599 2639 5665 odiosissimus,
2680 5600 2771 5670 qui
2810 5600 3094 5671 gentilium
3133 5617 3311 5658 mores
3349 5600 3546 5671 magni.

1560 5780 1597 5807 ²¹
1631 5777 1799 5830 Exod.
1847 5796 1919 5840 ιν,
1953 5780 1983 5833 6
2017 5796 2168 5848 seqq.
