4082 6304
566 352 669 410 υτ
903 309 906 312 ί
1595 360 1653 417 S.
1693 361 1968 417 CYRILLI
2007 365 2123 419 AL!

2225 368 2480 426 tNDRlNl
2509 373 2826 433 ARCHIEP.

3603 417 3609 430 κ
3702 386 3791 443 248

567 472 849 542 pendunt:
889 473 983 542 qui
1004 473 1150 528 enim
1190 476 1489 531 eolaborat
1523 479 1734 543 morbo,
1758 480 2123 538 semimortuu:

2249 487 2378 560 θνὴς
2412 490 2519 562 γὰρ
2542 493 2660 572 ,ἤδη
2703 512 2821 558 πως
2848 493 2878 548 ὁ
2904 495 3062 550 τοῦτο
3101 494 3310 563 παθὼν,
3349 497 3598 570 βδελυρὸς
3620 499 3675 554 δὲ
3708 503 3792 558 καὶ

565 561 968 629 quodammodo
987 573 1073 618 est
1097 581 1110 617 :
1133 573 1190 618 at
1211 580 1347 621 vero
1364 569 1732 624 aversandum
1753 570 2142 643 impurumque

564 662 644 706 egi
670 653 870 707 mortui
891 654 1145 710 cadaver.
1187 656 1375 728 Itaque
1412 673 1605 714 curare
1642 656 1802 730 posse
1841 663 2141 732 leprosum,

564 755 823 811 tanquam
843 743 1107 798 eximium
1128 747 1410 816 quiddam,
1450 758 1507 805 et
1523 750 1670 819 quod
1709 760 2020 807 nostrarum
2056 753 2140 806 vi-

567 834 707 886 rium
729 834 952 889 modum
987 835 1145 906 longe
1182 847 1424 908 superet,
1463 839 1567 894 soli
1587 839 1786 895 divinae
1805 849 2034 906 natum,
2055 851 2139 897 at-

564 939 671 993 que
690 925 893 980 eﬂicaci
917 927 1243 983 attributum
1266 939 1368 985 est.
1407 931 1645 1002 Ideoque
1681 932 1738 986 in
1779 933 2141 989 admiratione

566 1013 869 1070 habebatur
887 1016 1158 1084 Christus,
1181 1021 1418 1090 quicum
1440 1031 1706 1092 potestate
1730 1024 1947 1094 leproso
1967 1025 2139 1079 incla-

567 1106 739 1160 mavit
763 1124 776 1159 :
807 1127 826 1157 ‹
852 1108 1005 1174 Volo,
1030 1111 1296 1167 mundare
1317 1114 1382 1166 “.
1413 1133 1430 1164 ι
1457 1114 1553 1168 Illa
1573 1130 1810 1184 namque
1844 1132 1976 1181 vox,
1999 1132 2136 1171 cun—

566 1205 779 1251 ctarum
817 1199 1001 1270 opifex
1029 1217 1233 1269 rerum,
1258 1219 1379 1278 quae
1417 1205 1564 1275 ipsos
1602 1207 1766 1261 etiam
1805 1223 1835 1261 e
1872 1209 2141 1278 sepulcris

565 1287 771 1342 excitat
804 1299 1070 1356 mortuos,
1116 1293 1219 1362 71
1261 1275 1320 1348 et
1355 1304 1530 1349 morte
1568 1306 1652 1351 est
1687 1307 1742 1351 et
1783 1275 2138 1367 corruptione

565 1380 934 1447 prazstantior,
957 1382 1062 1437 hoc
1100 1383 1154 1436 in
1192 1399 1258 1438 eo
1281 1385 1502 1440 homine
1524 1387 1849 1442 miraculum
1885 1390 2137 1459 perfecit.

560 1467 732 1521 Jussit
769 1469 956 1538 igitur,
980 1479 1041 1524 ut
1078 1487 1300 1526 manum
1335 1475 1390 1527 in
1430 1475 1611 1529 sinum
1647 1476 1898 1542 abderet,
1937 1479 2136 1536 deinde

483 1547 486 1550 ’
560 1565 856 1612 extractam
876 1575 906 1615 e
928 1562 1138 1617 latebra
1158 1564 1333 1631 sinus,
1350 1567 1462 1636 jam
1485 1576 1653 1622 totam
1690 1569 1840 1638 lepra
1878 1570 2134 1627 infectam

560 1651 906 1718 ostenderet;
929 1653 1111 1708 denuo
1131 1664 1314 1709 autem
1352 1673 1477 1711 cum
1501 1659 1556 1712 in
1593 1659 1776 1715 sinum
1813 1662 2130 1729 abdidisset,

563 1741 711 1797 illico
729 1743 796 1797 ab
815 1744 869 1798 vi
891 1746 1065 1801 morbi
1088 1747 1216 1802 inde
1234 1747 1464 1804 liberam
1486 1752 1744 1820 protulit;
1769 1764 1829 1809 ut
1868 1771 1934 1810 ex
1971 1771 2036 1810 ea
2074 1772 2133 1811 re

2246 581 2554 656 ἀκάθαρτος
2579 588 2608 638 ὀ
2628 587 2837 657 νεκρός.
2889 586 3152 663 Ἀνῆπται
3173 587 3236 662 δὴ
3275 585 3368 646 οὖν
3395 590 3471 656 ὡς
3494 592 3754 663 ὑπερφυὲς
3774 634 3787 659 ,

2244 677 2337 730 καὶ
2365 677 2474 731 τῶν
2503 679 2626 733 καθ’
2653 681 2800 750 ἡμᾶς
2823 661 3079 734 ἐπέκεινα
3106 661 3341 752 μέτρων,
3371 670 3437 736 ’τὺ
3473 661 3786 755 θεραπεῦσαι

2243 769 2500 825 δύνασθαι
2525 771 2745 845 λεπρὸν,
2776 773 2809 844 ἢ
2847 774 2982 846 μόνῃ
3002 778 3069 846 τῇ
3090 774 3212 845 θείᾳ
3235 775 3328 828 καὶ
3361 775 3624 846 ἀφράστῳ
3648 776 3791 845 φύσει

2241 875 2300 910 τε
2325 859 2418 912 καὶ
2457 859 2728 932 ἐνεργείᾳ.
2763 862 3051 934 Τοιγάρτοι
3087 865 3180 916 καὶ
3210 861 3556 934 ἐθαυμάζετο
3579 865 3795 934 Χριστὸς

2240 950 2318 1022 τῷ
2350 951 2743 1026 λελεπρωμένῳ
2778 955 2896 1024 μετ’
2928 956 3174 1022 ἐξουσίας
3212 956 3535 1026 ἐπιφωνῶν·
3573 975 3591 1008 ι
3635 957 3789 1024 Θέλω,

2240 1041 2620 1114 καθαρίσθητι.
2652 1065 2670 1096 ι
2697 1046 2850 1116 Φωνὴ
2876 1045 3035 1117 γὰρὴ
3064 1046 3423 1116 παντουργὺς,
3450 1048 3483 1116 ἡ
3500 1046 3593 1099 καὶ
3613 1049 3792 1112 αὐτοὺς

2201 1179 2206 1197 ι
2239 1134 2302 1184 ἐκ
2336 1132 2630 1203 μνημάτων
2657 1133 2973 1187 διανιστᾶσα
3008 1135 3133 1199 τοὺς
3159 1136 3416 1206 νεκροὺς,
3446 1137 3540 1189 καὶ
3583 1136 3789 1190 θανάτου

2239 1223 2486 1290 κρεῖττον
2533 1222 2626 1274 καὶ
2655 1221 2895 1294 φθορᾶς,
2939 1223 2999 1275 τὸ
3038 1224 3125 1277 ἐπ’
3161 1224 3354 1294 ἐκείνῳ
3389 1223 3572 1293 θαῦμα
3603 1224 3789 1295 πεπλή-

2240 1330 2405 1384 ρωκε.
2437 1314 2776 1386 Προστέταχε
2803 1313 3092 1385 τοιγαροῦν
3119 1314 3388 1386 ἐγκρύψαι
3409 1313 3487 1384 τῷ
3508 1314 3684 1385 κόλπῳ
3704 1315 3788 1387 τὴν

2238 1406 2394 1478 χεῖρα
2411 1444 2426 1469 ,
2454 1402 2573 1458 εἶτα
2601 1423 2666 1474 γυ
2676 1403 2962 1475 μνώσαντα
2987 1406 3090 1475 τῆς
3118 1405 3212 1458 τοῦ
3244 1405 3448 1458 κόλπου
3481 1405 3782 1475 περιϐολῆς,

2235 1495 2363 1565 ὃλην
2403 1495 2469 1548 δι’
2517 1495 2639 1548 ὅλου
2671 1495 2961 1566 λεπρῶσαν
2999 1495 3168 1566 αὐτὴν
3214 1494 3526 1560 ἐπιδεῖξαι,
3561 1495 3710 1548 ⁸πᾶλιν
3739 1495 3788 1549 δὲ

2237 1587 2586 1657 ἐγκρύψαντα
2623 1587 2701 1658 τῷ
2740 1587 2926 1657 κόλπῳ
2951 1587 3011 1639 τὸ
3037 1587 3307 1658 δεύτερον,
3341 1586 3439 1640 τοῦ
3472 1586 3790 1658 συμϐεϐηκὸ-

2234 1693 2324 1739 τος
2349 1677 2771 1748 ἀπηλλαγμένην
2804 1677 3213 1731 καταδείκνυσιν
3242 1676 3440 1739 εὐθύς·
3474 1676 3549 1740 ὡς
3585 1676 3646 1730 ἃν
3679 1693 3789 1730 συν-

2237 1770 2346 1818 εῖεν
2384 1765 2631 1820 ἐντεῦθεν
2678 1769 2726 1819 οἱ
2774 1767 2833 1833 ἐξ
2880 1767 3128 1839 Ἰσραὴλ,
3171 1767 3248 1831 (bc
3285 1767 3519 1838 ἀρῥήτῳ
3564 1768 3664 1818 τινὶ
3711 1768 3792 1819 καὶ

475 1851 478 1854 ·
560 1831 930 1904 intelligerent
963 1837 1220 1894 Israelita:
1243 1880 1257 1904 ,
1297 1841 1454 1897 illum
1507 1842 1771 1899 ineffabili
1810 1847 2042 1915 quadam
2076 1857 2123 1902 el

2235 1858 2496 1928 ἀφράστῳ
2533 1857 2758 1926 δυνάμει
2804 1831 3087 1928 μονον-ουχὶ
3115 1831 3623 1929 τεθωρακισμένος,
3670 1875 3790 1928 προ·

560 1921 916 1980 inenarrabili
935 1928 986 1982 vi
1009 1931 1403 2000 propemodum
1441 1943 1733 2001 armatum,
1775 1952 1966 1991 eorum
2003 1953 2132 2008 pro-

557 2026 916 2084 pugnatorem
937 2017 1182 2074 futurum
1202 2037 1342 2088 esse,
1367 2025 1462 2094 qui
1479 2024 1666 2080 violati
1687 2038 1872 2083 essent
1907 2029 2130 2100 injuria,

559 2113 634 2169 et,
657 2117 844 2164 contra
854 2109 954 2176 fas,
973 2109 1348 2184 [Egyptiorum
1361 2115 1859 2186 iniquodominatui
1880 2121 2130 2190 subjecti.

558 2201 736 2269 Atque
773 2201 888 2256 haec
907 2204 1129 2273 quidem
1165 2210 1326 2272 ratio,
1365 2210 1617 2277 quamvis
1652 2211 1708 2264 in
1745 2221 2001 2281 promptu
2039 2212 2128 2274 sit,

557 2296 643 2342 est
661 2297 841 2345 tamen
864 2291 1108 2348 historia:
1127 2303 1453 2365 Opportuna.
1476 2297 1614 2352 lllud
1635 2315 1700 2353 au
1710 2306 1818 2353 tem
1837 2316 1945 2355 non
1983 2301 2052 2355 ab
2072 2315 2131 2354 re

557 2377 675 2434 fore
695 2391 848 2450 puto,
871 2383 913 2437 si
935 2385 1195 2441 subtilius
1212 2389 1478 2458 propositi
1513 2391 1619 2447 loci
1659 2407 1880 2447 sensum
1902 2395 2132 2448 scrutati

557 2470 846 2540 fuerimus,
865 2484 1027 2545 atque
1044 2475 1474 2546 inquisierimus,
1495 2482 1690 2551 ecquid
1714 2483 1846 2537 illud
1871 2483 1960 2545 sit,
1982 2483 2128 2553 quod

559 2563 616 2617 in
652 2564 774 2619 sinu
814 2583 1040 2622 manum
1071 2568 1304 2634 abdidit,
1345 2572 1478 2640 quid
1515 2574 1704 2636 etiam,
1743 2575 1889 2644 quod
1929 2576 2127 2631 educta

557 2671 680 2710 cum
703 2657 913 2723 fuisset,
934 2661 1171 2729 graviter
1187 2661 1337 2732 lepra
1367 2679 1618 2734 respersa
1637 2676 1722 2720 est
1745 2684 1759 2718 :
1784 2666 1971 2722 adhaec
1993 2683 2125 2737 pur-

557 2746 791 2814 gationis
809 2749 1030 2803 modum
1066 2749 1391 2824 investigare
1429 2763 1683 2824 oportet;
1723 2773 1849 2811 nam
1893 2758 1985 2812 ubi
2011 2773 2130 2814 ma-

558 2853 688 2891 num
711 2837 765 2891 in
804 2840 983 2894 sinum
1009 2842 1181 2908 misit,
1203 2844 1270 2898 ab
1287 2860 1354 2899 eo
1376 2846 1568 2900 morbo
1606 2846 1837 2902 liberam
1861 2849 2125 2903 reddidit.

625 2929 822 2984 PALL.
842 2932 1011 2988 Recte
1041 2933 1139 2989 ais.
1169 2935 1357 3006 Neque
1386 2937 1538 2992 enim
1562 2953 1756 3006 parum
1788 2955 1890 2995 nos
1916 2941 2128 3010 juverit

557 3017 674 3072 haec
699 3019 912 3092 singula
941 3025 1250 3094 exquirere.

626 3108 784 3164 CYB.
819 3110 990 3182 Igitur
1018 3130 1138 3170 mea
1184 3116 1409 3186 quidem
1465 3119 1739 3173 sententia
1766 3135 1855 3175 res
1884 3129 1991 3175 tam
2022 3121 2122 3177 ad-

555 3197 805 3255 miranda
858 3201 1172 3274 hujusmodi
1215 3205 1481 3274 quiddam
1529 3215 1787 3278 tanquam
1820 3208 1875 3263 in
1925 3213 2122 3267 umbra

553 3292 862 3364 signiﬁcare
885 3296 1122 3351 videtur.
1155 3297 1406 3363 Quandiu
1431 3315 1664 3370 namque
1691 3301 1854 3357 homo
1884 3304 1952 3358 ad
1984 3305 2123 3360 ima-

553 3383 736 3453 ginem
775 3386 873 3440 Dei
904 3389 1157 3442 conditus
1189 3389 1583 3457 propemodum
1628 3391 1684 3444 in
1732 3393 1853 3446 sinu
1893 3395 1988 3450 Dei
2018 3412 2121 3449 nu-

555 3475 845 3539 triebatur,
871 3477 1105 3532 necdum
1135 3487 1467 3548 przeceptum
1517 3481 1623 3536 sibi
1653 3498 1683 3538 a
1722 3485 1834 3540 Deo
1859 3487 2120 3542 traditum

554 3566 987 3633 conculcaverat,
1039 3569 1382 3639 providentia
1425 3581 1484 3627 et
1537 3589 1723 3631 amore
1755 3593 1883 3648 erga
1933 3595 1989 3633 se
2025 3579 2122 3635 Dei

559 3666 757 3723 tectus,
793 3675 966 3730 purus
995 3669 1158 3731 atque
1182 3671 1404 3719 sanctus
1433 3674 1488 3720 et
1523 3667 1718 3722 mortis
1750 3668 1976 3739 ignarus
1997 3686 2124 3740 per-

551 3750 842 3805 manebat:
871 3751 965 3806 ubi
1010 3762 1195 3808 autem
1221 3755 1315 3809 Dei
1341 3757 1598 3826 prazsidio
1663 3768 1830 3829 atque
1874 3762 2123 3816 amicitia-

550 3841 810 3905 excessit,
861 3843 1008 3912 quod
1041 3845 1096 3898 in
1152 3845 1292 3899 vitia
1320 3847 1618 3916 proclivior
1672 3847 1791 3904 esse
1841 3852 2121 3920 coepisset,

551 3938 668 3986 tum
697 3947 829 3987 vero
858 3933 1124 4003 profanus
1179 3943 1345 4005 atque
1391 3940 1780 4004 exsccrandus,
1811 3948 1868 3994 et
1920 3944 2118 3998 mortis

550 4024 867 4094 impuritate
928 4026 1183 4082 laborans
1240 4028 1527 4084 manifeste
1575 4030 1950 4100 deprehensus
2001 4042 2110 4089 est.

549 4113 654 4166 Sed
678 4129 803 4168 cum
833 4131 1025 4171 rursus
1066 4132 1166 4171 nos
1196 4117 1309 4186 ipse
1327 4119 1470 4174 Deus
1496 4135 1560 4174 ac
1596 4120 1758 4175 Pater
1787 4123 2118 4193 suscepisset

549 4207 602 4257 in
624 4203 863 4272 Christo,
915 4216 973 4262 et
1003 4208 1202 4263 divina:
1231 4210 1419 4278 gratiae
1462 4212 1714 4280 praesidio
1737 4197 2118 4271 cireumteiis-

546 4306 649 4361 set,
690 4309 758 4352 ac-
789 4307 1042 4368 tanquam
1097 4299 1154 4354 in
1200 4300 1326 4356 sinu
1379 4317 1476 4372 per
1524 4303 1836 4374 adoptionis
1905 4305 2111 4360 donum

545 4387 878 4454 contineret,
925 4390 1074 4446 illico
1097 4407 1209 4446 una
1255 4407 1381 4447 cum
1433 4393 1843 4464 impuritatibus
1905 4407 2114 4453 morta-

2237 1952 2494 2020 στήσεται
2519 1952 2624 2004 τῶν
2647 1951 3008 2021 ἠδικημένων,
3031 1951 3124 2004 καὶ
3145 1952 3266 2014 ταῖς
3287 1950 3605 2018 Δίγυπτίων
3624 1949 3792 2004 πλεον-

2232 2043 2401 2109 εξίαις
2427 2043 2654 2107 ἀνοσίως
2692 2043 3134 2114 ὑπεζευγμένων.
3169 2045 3278 2096 Kal
3311 2043 3477 2112 λόγος
3520 2043 3614 2112 μὲν
3653 2035 3792 2105 οὗτος

2231 2134 2292 2187 ού
2329 2134 2494 2204 βαθὺς
2521 2174 2535 2198 ,
2572 2137 2637 2204 τῇ
2669 2135 2724 2187 δὲ
2759 2134 2971 2205 ἱστορίᾳ
2997 2135 3287 2206 χρήσιμος.
3322 2135 3366 2186 Χ
3385 2134 3543 2204 ρῆναι
3570 2133 3624 2186 δὲ
3651 2129 3789 2202 οἶμαι

2229 2226 2327 2297 τὴν
2365 2225 2460 2278 τοῦ
2502 2226 2861 2296 προκειμένου
2897 2225 3136 2278 διάνοιαν
3166 2224 3626 2289 ὲκϐασανίςοντας
3649 2224 3790 2294 ἀκριρ

2232 2317 2364 2383 σῶς,
2401 2320 2576 2372 έκεῖνο
2617 2319 2823 2388 ζητεῖν,
2852 2317 2906 2370 τί
2937 2316 3035 2387 μὲν
3077 2314 3144 2370 ἂν
3187 2315 3272 2384 εἴη
3305 2316 3366 2370 τὸ
3417 2317 3476 2368 ὲν
3509 2314 3584 2386 τῷ
3622 2313 3788 2384 κόλπῳ

2233 2408 2541 2480 συγκρύψαι
2580 2409 2678 2480 τὴν
2722 2413 2878 2479 χεῖρα
2903 2424 2914 2438 ·
2952 2408 3003 2462 τί
3046 2407 3102 2461 δὲ
3137 2407 3200 2461 τὸ
3250 2406 3356 2474 ἔξω
3413 2404 3786 2476 γεγενημένην,

2233 2499 2710 2573 καταλεπροῦσθαι
2761 2500 2979 2564 δεινῶς
3025 2501 3120 2554 καὶ
3161 2501 3298 2570 πρὸς
3336 2499 3556 2561 τούτοις
3594 2497 3669 2549 ἔτι
3705 2497 3785 2550 τὸν

2226 2593 2327 2662 τῆς
2355 2592 2672 2662 καθάρσεως
2688 2593 2906 2662 τρόπον.
2945 2593 3138 2656 Ἐνιεὶς
3161 2591 3271 2663 γὰρ
3297 2591 3362 2663 δὴ
3390 2591 3471 2663 τῷ
3504 2590 3677 2660 κόλπῳ
3698 2587 3783 2659 τὴν

2228 2687 2406 2755 χεῖρα,
2442 2683 2534 2737 τοῦ
2567 2685 2772 2749 πάθους
2802 2684 3158 2756 ἀπήλλαττεν.

2298 2953 2506 3007 ΠΑΛΛ.
2543 2947 2614 3006 Εὖ
2646 2951 2847 3020 λέγεις.
2905 2949 3147 3020 Ὀνῆσειε
3193 2948 3407 3017 γὰρᾶν
3453 2947 3514 3002 οὐ
3562 2945 3781 3018 μετρίως

2227 3048 2373 3118 ημᾶς
2407 3047 2440 3115 ἡ
2470 3045 2554 3114 ἐφ’
2591 3045 2803 3112 ἑκάστῳ
2833 3042 3086 3112 βάσανος.

2298 3135 2459 3190 ΚΥΡ.
2493 3134 2702 3190 Οὐκοῦν
2723 3135 2846 3206 ὲμοί
2888 3151 2950 3202 γε
2986 3133 3133 3187 δοκεῖ
3173 3131 3422 3186 τοιοῦτόν
3458 3149 3511 3184 τι
3560 3127 3784 3200 παραδηο

2223 3228 2349 3282 λοῦν
2375 3229 2448 3292 ὡς
2486 3230 2543 3283 ὲν
2575 3229 2703 3298 σκιᾷ
2743 3228 2808 3280 τὸ
2837 3226 3158 3296 παράδοξον.
3197 3221 3344 3286 Ἕως
3389 3224 3494 3296 μὲν
3533 3221 3637 3293 γὰρ
3671 3216 3784 3290 ἦνὸ

2223 3320 2344 3372 κατ’
2381 3319 2564 3372 εἰκόνα
2593 3318 2692 3388 τὴν
2715 3317 2866 3370 θείαν
2899 3317 3266 3386 πεποιημένος
3293 3313 3389 3368 ἀνθ
3402 3330 3582 3387 ρωπος
3610 3326 3782 3382 μονον-

2221 3410 2342 3482 ουχὶ
2368 3409 2750 3482 τιθηνούμενος
2787 3410 2845 3462 ὲν
2877 3408 3064 3480 κόλπῳ
3092 3407 3247 3471 Θεοῦ,
3296 3409 3393 3460 καὶ
3431 3407 3528 3477 τὴν
3555 3404 3783 3459 δοθεῖσαν

2220 3499 2372 3552 οὔπω
2389 3499 2638 3569 πατήσας
2654 3497 2890 3568 ἐντολὴν,
2910 3497 3082 3568 φειδοῖ
3093 3499 3183 3550 καὶ
3197 3497 3387 3569 ἀγάπῃ
3406 3499 3473 3568 τῇ
3493 3497 3616 3564 παρ’
3632 3489 3780 3548 αὑτοῦ

2219 3588 2721 3660 κατημφιεσμένος,
2763 3587 3003 3659 καθαρὸς
3045 3589 3139 3640 καὶ
3176 3587 3532 3658 ήγιασμὲνος,
3563 3584 3654 3636 καὶ
3691 3580 3781 3651 τὴν

2219 3681 2306 3735 διὰ
2335 3681 2566 3734 Θανάτου
2588 3680 2853 3751 νέκρωσιν
2888 3681 2988 3734 οὐκ
3017 3678 3170 3741 εἰδὼς
3189 3678 3417 3731 διετέλει
3443 3694 3456 3707 ·
3501 3674 3707 3743 Ἐπειδὴ
3731 3671 3780 3723 δὲ

2218 3771 2318 3840 τῆς
2353 3769 2458 3824 ὑπὸ
2481 3769 2600 3841 Θεῷ
2625 3771 2833 3840 σκέπης
2860 3787 2919 3823 τε
2954 3770 3048 3823 καὶ
3071 3769 3250 3838 φιλίας
3281 3767 3552 3838 ἐκϐέϐηκε
3583 3765 3666 3819 διὰ.
3682 3763 3779 3815 τῶν

2218 3865 2296 3927 εἰς
2321 3864 2381 3916 τὸ
2413 3863 2616 3933 φαῦλον
2648 3863 3062 3934 ἀπονευμάτων,
3089 3861 3302 3932 ἀνίερός
3320 3877 3380 3913 τε
3409 3863 3502 3914 καὶ
3522 3857 3777 3930 βδελυρὸς,

2218 3957 2311 4009 καὶ
2337 3956 2434 4026 τὴν
2459 3956 2555 4010 τοῦ
2587 3956 2820 4010 Θανάτου
2863 3956 3096 4025 νοσήσας
3131 3953 3496 4023 ἀκαθαρσίαν,
3544 3949 3776 4023 ἐναργῶς

2215 4048 2493 4117 ἠλέγχετο.
2542 4046 2933 4116 Είσδεξαμένου
2978 4045 3036 4099 δὲ
3079 4045 3238 4100 πάλιν
3279 4046 3429 4115 ἡμᾶς
3478 4045 3534 4097 ἐν
3572 4038 3777 4112 Χριστῴ

2214 4134 2311 4189 τοῦ
2339 4135 2473 4188 Θεοῦ
2507 4136 2602 4188 καὶ
2638 4136 2852 4206 Πατρὸς
2880 4135 2975 4189 καὶ
3002 4138 3068 4206 τῇ
3103 4135 3224 4206 θείᾳ
3246 4136 3431 4206 χάριτι
3465 4131 3774 4205 περιϐεϐλη-

2217 4229 2393 4292 κὸτος,
2419 4227 2513 4282 καὶ
2533 4228 2693 4282 οἱονεί
2709 4245 2812 4281 που
2837 4228 2895 4282 ὲν
2913 4228 3135 4292 κόλποις
3162 4228 3376 4299 ἔχοντος
3394 4228 3482 4281 διὰ
3498 4227 3595 4297 τῆς
3610 4223 3774 4277 υἱοθε-

2216 4320 2356 4384 σίας,
2379 4319 2513 4391 ὁμοῦ
2539 4323 2659 4383 ταῖς
2683 4319 3049 4391 ἀκαθαρσίαις
3080 4321 3174 4372 καὶ
3207 4319 3301 4390 τὴν
3333 4321 3396 4373 ὲκ
3427 4320 3525 4390 τῆς
3554 4316 3772 4388 ἀρχαίας

2214 4411 2354 4483 ἀρᾶς
2391 4409 2758 4472 ἀποϐαλόντες
2798 4409 3086 4481 νέκρωσιν,
3130 4409 3210 4472 εἰς
3240 4407 3300 4461 τὸ
3342 4410 3400 4460 ὲν
3427 4409 3618 4477 ἀρχαῖς
3659 4403 3775 4456 ἀνα·

545 4477 700 4534 litate
733 4495 954 4550 quoque
994 4484 1198 4539 veteris
1229 4483 1375 4540 illius
1427 4486 1831 4543 maledictionis
1871 4489 2104 4559 abjecta,

546 4569 610 4595 ,λ
643 4569 918 4595 “dum.
951 4571 1094 4595 ηιμ,
1555 4577 1598 4595 ..
1655 4594 1690 4595 η
1733 4594 1736 4595 ν
1783 4594 1792 4595 ,
1905 4580 1915 4590 ι
1998 4581 2008 4591 .
2056 4580 2066 4590 -

2225 4477 2557 4574 θρώσκομεν.
2583 4477 3027 4573 Γέγραπται-γὰρ
3047 4501 3176 4572 περὶ
3199 4499 3298 4569 τῆς
3319 4499 3560 4595 Μωσέως
3578 4495 3769 4595 χειρξς,

543 4569 612 4624 ad
641 4569 922 4641 antiquam
951 4571 1101 4628 illam
1126 4575 1521 4639 conditionem,
1553 4577 1608 4632 in
1642 4594 1750 4647 qua
1775 4594 1804 4634 a
1834 4580 2108 4650 principio

2225 4569 2296 4648 ὅτι
2328 4569 2807 4670 ιἈποκατεστάθη
2825 4597 2903 4657 είς
2920 4569 3018 4665 τὴν
3033 4569 3199 4664 χρύαν
3224 4592 3324 4662 τῆς
3346 4591 3542 4663 σαρκὸς
3563 4585 3736 4643 αὑτοῦ.
3751 4603 3767 4634 ι

543 4663 770 4731 fuimus,
797 4666 1002 4721 reversi
1020 4683 1228 4723 sumus.
1257 4668 1533 4738 Scriptum
1556 4680 1640 4725 est
1670 4671 1871 4740 quippe
1892 4670 1960 4724 de
1989 4687 2106 4726 ma-

543 4770 616 4808 nu
648 4755 816 4825 Moysi
843 4774 858 4809 :
900 4775 918 4807 ι
941 4757 1212 4812 Restituta
1227 4765 1310 4813 est
1333 4759 1400 4813 ad
1417 4760 1658 4815 colorem
1683 4760 1864 4814 carnis
1879 4761 2100 4816 παρ’.»

613 4844 808 4898 PALL.
843 4846 1256 4916 Elegantissime
1283 4849 1508 4906 dictum.

611 4934 774 4990 CYR.
820 4934 940 4990 Jam
977 4951 1110 4992 vero
1170 4940 1391 4994 tertium
1428 4942 1561 4997 illud
1607 4943 1663 4998 in
1693 4957 1764 4999 ea.
1797 4958 1854 5017 re
1889 4942 2103 5014 signum

537 5026 986 5082 manifestissime
1004 5035 1167 5099 atque
1192 5030 1531 5099 apertissime
1554 5032 1759 5090 Christi
1786 5035 2103 5106 mysterium

539 5135 674 5175 voce
696 5135 837 5190 pene
860 5119 1101 5176 declarat
1126 5138 1138 5174 :
1161 5120 1242 5175 sic
1255 5121 1403 5175 enim
1419 5122 1563 5177 Deus
1586 5139 1775 5179 rursus
1790 5135 1873 5180 est
1888 5125 2104 5197 Moysen

540 5211 811 5267 allocutus
843 5229 858 5266 :
888 5231 907 5266 ι
935 5213 994 5269 Si
1051 5229 1184 5270 vero
1234 5229 1346 5268 non
1377 5214 1718 5271 crediderint
1757 5217 1880 5282 tibi,
1923 5234 2102 5289 neque

541 5300 820 5357 audierint
852 5320 1046 5361 vocem
1081 5305 1220 5377 signi
1257 5305 1478 5376 prioris,
1507 5296 1730 5362 credent
1753 5308 1854 5362 tibi
1884 5326 1982 5379 per
2006 5325 2106 5365 vo-

451 5444 455 5449 .
541 5405 659 5446 cem
688 5393 828 5465 signi
891 5398 1172 5467 sequentis
1205 5399 1317 5452 ³⁸.»
1357 5399 1416 5454 ld
1472 5405 1655 5454 autem
1707 5399 1968 5469 quidnam
2013 5402 2104 5467 sit,

546 5478 806 5547 declarat,
853 5485 1083 5543 dicens:
1147 5509 1166 5542 ι
1194 5489 1442 5560 Eritque,
1495 5489 1542 5544 si
1594 5505 1704 5544 non
1768 5490 2108 5546 crediderint

539 5569 712 5643 signis
748 5573 965 5634 duobus
996 5579 1103 5644 his,
1149 5595 1330 5651 neque
1385 5579 1664 5635 audierint
1694 5595 1883 5636 vocem
1934 5590 2103 5652 tuam,

608 5759 659 5792 υ
684 5758 872 5814 Διπιιιι.
907 5773 1020 5818 vm.
1045 5757 1094 5808 5.
1175 5758 1216 5788 ’³
1248 5757 1418 5812 Exod.
1453 5775 1522 5826 ιγ,
1557 5759 1608 5811 7.
1684 5762 1727 5793 "'
1755 5761 1885 5817 ibid.
1918 5762 1974 5818 8.

2283 4863 2493 4918 ΠΑΛΛ.
2536 4862 2881 4916 Ἀστειότατα
2913 4859 3067 4932 ἔφης.

2283 4953 2448 5007 ΚΥΡ.
2480 4953 2553 5006 Τὸ
2588 4953 2644 5006 δὲ
2671 4935 2850 5024 τρίτον
2879 4955 3009 5024 ἡμῖν
3053 4953 3146 5006 ἐπὶ
3178 4953 3350 5023 τούτῳ
3380 4953 3618 5022 σημεῖον,
3652 4948 3739 5017 apt

2211 5043 2482 5113 δηλότατα
2512 5046 2604 5098 καὶ
2635 5045 2940 5114 ἀναφανδὸν
2971 5046 3032 5098 τὸ
3061 5044 3296 5115 Χριστοῦ
3331 5045 3428 5115 βοᾷ
3463 5041 3764 5114 μυστήριον.

2215 5136 2360 5207 Ἔφη
2386 5135 2496 5204 γάρ
2534 5135 2631 5188 ὡδὶ
2664 5136 2822 5190 πάλιν
2878 5136 3013 5208 πρὸς
3045 5139 3247 5192 Μωσέα
3272 5138 3403 5201 Θεὸς
3424 5155 3438 5168 ·
3481 5155 3501 5185 ι
3553 5134 3671 5186 Ἐὰν
3716 5130 3765 5183 δὲ

2210 5227 2284 5300 μὴ
2317 5231 2648 5283 πιστεύσωσί
2673 5247 2775 5297 σοι,
2808 5231 2942 5301 μηδὲ
2967 5230 3325 5284 είσακούσωσι
3352 5231 3452 5300 τῆς
3477 5228 3656 5298 φωνῆς
3677 5221 3763 5321 τοῦ

2209 5319 2437 5387 σημείου
2458 5319 2552 5371 τοῦ
2585 5319 2824 5389 πρώτου,
2852 5319 3200 5373 πιστεύσουσί
3236 5339 3317 5373 σοι
3343 5321 3443 5389 τῆς
3473 5317 3652 5388 φωνῆς
3679 5317 3765 5364 τοῦ

2209 5408 2437 5478 σημείου
2470 5409 2564 5461 τοῦ
2594 5411 2867 5482 δευτέρου.
2902 5430 2919 5462 ι
2957 5411 3068 5465 Καὶ
3095 5412 3158 5483 δὴ
3182 5413 3233 5465 τί
3254 5412 3412 5466 τοῦτό
3441 5413 3577 5471 ἐστι,
3598 5401 3766 5460 διεσά-

2207 5515 2315 5566 φει,
2341 5497 2512 5566 λέγων
2531 5514 2545 5528 ·
2572 5518 2592 5550 ‹
2632 5500 2742 5553 Kal.
2766 5501 2918 5554 ἔσται
2942 5501 3036 5554 ὲάν
3061 5502 3136 5572 μὴ
3162 5502 3495 5555 πιστεύσωσι
3515 5500 3626 5560 τοῖς
3653 5491 3765 5547 δυσὶ

2207 5589 2455 5660 σημείοις
2488 5590 2714 5656 τούτοις,
2751 5592 2887 5663 μηδὲ
2921 5593 3290 5650 εἰσακούσωσι.
3316 5594 3417 5665 τῆς
3451 5589 3632 5662 φωνῆς
3653 5599 3762 5651 σου,
