4082 6304
278 395 389 451 240

1025 389 1114 444 DE
1145 385 1587 442 ADORATIONE
1627 384 1695 439 IN
1743 383 2013 440 SPlRlTU
2041 382 2132 437 ET
2171 381 2539 438 VERITATE.
2583 381 2710 436 LIB.
2743 379 2806 434 ll.

3351 396 3356 402 ·
3425 373 3529 428 250

277 513 426 585 λήψῃ
458 512 570 566 ἀπο
588 513 684 567 τοῦ
699 511 894 574 ὓδατος
919 509 1014 564 τοῦ
1041 507 1306 578 ποταμοῦ,
1334 506 1661 576 καὶὲκχεεϊς
1689 508 1782 559 ἐπὶ
1801 499 1860 559 τί)

1965 503 2154 574 capies
2170 519 2367 573 aquam
2399 502 2662 566 ﬂuminis,
2689 501 2794 571 72
2821 513 3051 569 eamque
3085 496 3284 553 tundes
3316 495 3373 550 in
3417 493 3529 549 ari-

283 599 470 672 ξηρὸν,
501 599 598 652 καὶ
635 597 788 652 ἔσται
813 599 877 652 τὸ
910 596 1074 667 ὓδωρ,
1106 596 1134 648 ὃ
1159 596 1258 649 ἐὰν
1289 596 1461 666 λάϐῃς
1504 597 1609 649 ἀπὸ
1639 595 1732 648 τοῦ
1760 612 1857 648 πο-

279 689 482 760 ταμοῦ,
532 685 673 760 αἷμα
722 690 817 742 ἐπὶ
858 690 951 742 τοῦ
996 687 1180 759 ξηροῦ.
1218 706 1236 739 ι
1274 689 1316 740 Τ
1321 689 1592 741 ελευταῖον
1621 687 1729 757 γὰρ
1778 687 1855 756 τῷ

282 782 475 850 κόσμῳ
511 783 736 850 σημεῖον
766 783 794 833 6
820 779 1057 850 Χριστοῦ
1093 781 1283 847 γέγονε
1311 778 1559 840 θάνατος,
1587 778 1734 846 καὶή
1769 778 1856 829 διὰ

283 871 378 924 τοῦ
414 870 605 931 ῦδατὸς
635 885 694 920 τε
737 869 830 922 καὶ
864 869 1093 938 αἵματος
1125 867 1410 936 κάθαρσις,
1457 867 1852 936 προσκειμένου

287 965 532 1031 δηλονότι
580 961 672 1014 καὶ
696 959 789 1012 τοῦ
844 960 998 1027 ἁγίου
1035 957 1307 1027 σώματος.
1343 957 1373 1009 6
1412 957 1499 1010 διὰ
1542 957 1641 1026 τῆς
1684 957 1855 1026 ξηρᾶς

289 1055 645 1121 σημαίνεταιο
683 1054 763 1103 ὅτι
809 1052 863 1102 δὲ
894 1049 1037 1118 ὕδωρ
1084 1050 1176 1102 καὶ
1206 1045 1343 1118 αἷμα
1373 1049 1469 1118 τῆς
1516 1047 1676 1114 ἁγίας
1726 1049 1856 1117 ἡμῖν

288 1144 505 1214 ἐξεδόθη
560 1143 816 1212 πλευρᾶς.
860 1141 1199 1210 διανυγείσης
1261 1142 1328 1210 τῇ
1381 1140 1572 1210 λόγχῃ,
1628 1140 1857 1209 παρήσω

285 1237 492 1305 λέγειν,
534 1235 624 1287 διὰ
654 1236 716 1287 τὸ
755 1237 921 1288 πᾶσιν
949 1228 1088 1285 εἶναι
1119 1233 1567 1303 γνωριμώτατον.
1604 1232 1750 1301 Πλὴν
1778 1233 1857 1284 ὅτι

291 1331 520 1398 σημεῖον
555 1329 584 1379 6
608 1325 700 1378 τοῦ
735 1326 983 1395 Σωτῆρος
1013 1324 1327 1395 ὠνόμασται
1362 1323 1608 1388 Θάνατος,
1642 1322 1857 1392 ἀναμά-

290 1416 372 1469 θοι
394 1434 481 1479 τις
511 1416 576 1469 ἂν
604 1416 699 1468 κα)⁸
741 1413 899 1468 τοῦτο
933 1415 1119 1482 σαφῶς
1173 1415 1231 1480 ἐξ
1277 1413 1434 1484 ἱερῶν
1465 1413 1814 1484 Γραμμάτων
1837 1429 1852 1443 ο

286 1509 569 1578 Φαρισαῖοι
603 1507 700 1576 μὲν
748 1505 857 1576 γὰρ
886 1505 936 1557 οἱ
963 1503 1279 1574 πάντολμοι,
1311 1503 1488 1558 καίτοι
1529 1501 1738 1556 πολλῶν
1759 1502 1859 1573 ’ήδη

290 1597 846 1670 προκατωρθωμένων
873 1596 1186 1668 θαυμάτων,
1204 1595 1281 1659 ὡς
1304 1594 1518 1659 οὗδενδς
1548 1593 1857 1663 γεγονότος,

289 1688 588 1759 προσίεσαν
635 1687 885 1754 λέγοντες
913 1687 988 1756 τῷ
1016 1687 1239 1758 Χριστῷ
1259 1700 1271 1714 ·
1317 1703 1335 1737 ι
1359 1684 1676 1747 Διδάσκαλε,
1703 1702 1722 1735 ι
1759 1700 1862 1753 φα-

291 1782 399 1843 σὶν,
435 1801 455 1833 ι
483 1780 703 1851 θέλομεν
747 1780 855 1832 ἀπὸ
901 1779 994 1832 σοῦ
1040 1780 1265 1847 σημεῖον
1306 1777 1455 1831 ἰδεῖν.
1485 1797 1503 1829 ι
1556 1777 1612 1830 Ὀ
1640 1776 1697 1828 δὲ
1724 1775 1862 1845 πρὸς

289 1874 522 1937 αὐτούς·
581 1893 598 1925 ι
655 1873 822 1925 Γενεὰ
889 1870 1101 1940 πονηρὰ
1160 1859 1256 1922 καὶ
1321 1869 1568 1940 μοιχαλὶς
1637 1869 1862 1938 σημεῖον

291 1965 557 2034 ἐπιζητεῖ,
602 1966 696 2018 καὶ
731 1966 956 2034 σημεῖον
992 1963 1052 2015 ού
1078 1962 1365 2030 δοθήσεται
1395 1962 1552 2032 αὐτῇ,
1614 1963 1662 2014 εί
1699 1959 1776 2031 μή
1800 1959 1863 2012 τὸ

292 2061 518 2129 σημεῖον
559 2057 713 2110 Ἰωνᾶ
737 2055 833 2108 τοῦ
863 2055 1163 2125 προφήτου.
1196 2053 1404 2123 Ὥσπερ
1429 2053 1536 2124 γὰρ
1569 2048 1640 2122 ἦν
1677 2052 1861 2114 Ἰωνᾶς

287 2153 444 2221 ἐντῇ
480 2148 656 2218 κοιλίᾳ
705 2147 798 2200 τοῦ
863 2148 1060 2218 κήτους
1107 2146 1254 2216 τρεῖς
1306 2143 1518 2214 ἡμέρας
1572 2143 1666 2196 καὶ
1712 2145 1860 2213 τρεῖς

282 2241 510 2304 νύκτας,
536 2238 708 2301 οὕτως
743 2239 899 2290 ἔσται
944 2237 1036 2290 καὶ
1063 2237 1090 2288 6
1125 2235 1251 2297 Υἱὸς
1277 2234 1368 2288 τοῦ
1396 2232 1684 2304 ἀνθρώπου
1710 2235 1766 2288 ὲν
1793 2234 1862 2305 τῇ

284 2333 490 2404 καρδίᾳ
526 2332 628 2401 τῆς
657 2331 762 2400 γῆς
794 2331 941 2400 τρεῖς
982 2325 1197 2399 ἡμέρας
1249 2326 1344 2380 καὶ
1389 2328 1536 2396 τρεῖς
1578 2325 1799 2388 νύκτας.
1837 2345 1858 2377 ι

284 2423 505 2478 οὐκοῦν
543 2422 734 2494 πρώτη
771 2420 870 2491 μὲν
918 2419 1200 2489 ἀντίληψις
1241 2419 1374 2486 ἡμῖν
1405 2417 1464 2468 ἐν
1505 2415 1747 2487 Χριστῷ,
1777 2415 1866 2471 διὰ

285 2519 458 2587 νόμου
493 2516 586 2568 τοῦ
638 2515 779 2567 κατὰ
819 2510 1048 2566 Μωσέα·
1084 2529 1103 2560 ι
1137 2508 1320 2578 Νόμον
1364 2507 1473 2579 γὰρ
1503 2509 1582 2570 εἰς
1613 2505 1862 2576 βοήθειαν

284 2611 510 2670 δέδωκε,
575 2626 592 2658 ι
633 2606 770 2658 κατὰ
824 2604 923 2674 τὴν
951 2602 1044 2655 τοῦ
1072 2601 1353 2671 προφήτου
1389 2600 1592 2668 φωνήν.
1639 2596 1865 2651 Ἐπελά-

288 2700 417 2754 Geta
445 2699 501 2752 δὲ
539 2699 634 2768 τῆ,
663 2696 862 2766 κέρκου
894 2692 1131 2762 Μωσῆς..
1157 2691 1396 2761 Δευτέρα
1427 2690 1481 2742 δὲ
1517 2688 1781 2758 κάθαρσις
1805 2689 1864 2739 ὲν

286 2790 511 2862 Χριστῷ
551 2789 616 2859 δὴ
649 2787 806 2841 πάλιν
836 2785 922 2839 διὰ
965 2783 1258 2855 προφητῶν
1291 2781 1483 2849 ἁγίων,
1515 2779 1609 2833 καὶ
1645 2777 1734 2830 διὰ
1767 2777 1864 2848 τῆς

299 2882 552 2934 Ἰωάννου
579 2877 765 2946 φωνῆς
791 2877 886 2928 καὶ
913 2873 1236 2944 ἀποστολῆς.
1266 2873 1329 2925 Οἱ
1354 2872 1450 2942 μὲν
1470 2870 1580 2940 γὰρ
1602 2869 1859 2937 ἔφασκον·

294 2992 314 3025 ο
359 2970 663 3034 Λούσασθε,
702 2967 934 3039 καθαροὶ
962 2966 1187 3035 γένεσθε
1208 2981 1222 2994 ’
1263 2983 1282 3016 ι
1323 2966 1352 3018 6
1379 2964 1434 3017 δὲ
1468 2965 1546 3025 είς
1580 2961 1864 3032 βάπτισμα

295 3063 590 3136 μετανοίας
627 3062 830 3116 ἐκάλει.
868 3060 1060 3131 Τρίτον
1090 3059 1146 3112 δὲ
1180 3059 1435 3128 σημεῖον,
1458 3056 1486 3108 ὃ
1511 3056 1604 3108 καὶ
1635 3053 1864 3124 ἔσχατον

1961 596 2108 660 dam,
2140 605 2197 650 et
2219 596 2328 649 erit
2363 611 2528 664 aqua,
2567 608 2731 663 quam
2757 591 3039 661 acceperis
3064 606 3094 644 a
3119 587 3363 652 ﬂumine,
3401 601 3530 642 san-

1957 689 2077 758 guis
2104 703 2273 757 super
2301 688 2512 742 aridam
2538 688 2610 739 ".
2643 686 2911 741 Ultimum
2940 697 3176 751 namque
3223 679 3430 735 mundo
3451 677 3529 733 si-

1958 795 2125 851 gnum
2147 778 2351 847 Christi
2381 794 2532 833 mors
2576 777 2704 840 fuit,
2735 785 2794 831 et
2822 776 2915 830 illa
2945 790 3043 844 per
3085 789 3283 842 aquam
3320 781 3378 826 et
3402 786 3530 825 san-

1960 873 2180 943 guinem
2204 871 2438 936 ablutio,
2480 871 2740 940 adjuncto
2796 868 3060 921 nimirum
3115 865 3286 918 etiam
3343 868 3533 941 sancto

1960 940 2209 1031 corpore,
2235 962 2380 1032 quod
2425 978 2525 1032 per
2571 961 2779 1015 aridam
2831 957 3210 1028 signiﬁcatur:
3259 940 3534 1009 efﬂuxisse

1962 1063 2143 1108 autem
2167 1055 2326 1108 nobis
2357 1069 2553 1123 aquam
2576 1061 2634 1108 et
2700 1051 3018 1121 sanguinem
3046 1064 3112 1102 ex
3163 1047 3255 1101 illo
3299 1044 3533 1099 sanctis-

1961 1146 2102 1202 simo
2130 1147 2296 1201 latere
2322 1147 2512 1200 lancea
2548 1144 2816 1214 perfosso,
2844 1143 2922 1196 nil
2947 1141 3144 1196 attinet
3172 1139 3380 1201 dicere,
3409 1149 3534 1190 cum

1960 1237 2218 1292 omnibus
2259 1238 2332 1292 sit
2382 1236 2753 1291 notissimum.
2805 1235 2957 1288 Illam
3016 1245 3179 1302 porro
3237 1225 3536 1284 Salvatoris

1960 1330 2135 1386 nostri
2164 1338 2396 1384 mortem
2433 1329 2650 1399 signum
2686 1327 3012 1397 appellatam
3061 1323 3250 1385 fuisse,
3297 1319 3351 1374 id
3394 1333 3536 1389 quo-

1960 1435 2068 1489 que
2093 1434 2161 1474 ex
2181 1420 2352 1474 sacris
2379 1418 2602 1473 Litteris
2638 1417 2820 1487 quivis
2857 1424 3044 1485 aperte
3094 1412 3397 1481 intelligere
3433 1423 3536 1478 po-

1962 1516 2108 1576 test;
2145 1507 2495 1564 audacissimi
2523 1508 2672 1563 enim
2695 1507 2774 1561 illi
2807 1504 3090 1568 Phariswi,
3114 1501 3367 1572 quamvis
3396 1500 3537 1554 mul-

1963 1608 2016 1655 ta
2038 1599 2195 1670 prius
2217 1599 2366 1654 edita
2389 1607 2575 1654 essent
2604 1598 2891 1661 miracula,
2933 1605 3115 1650 tamen
3140 1592 3296 1663 quasi
3324 1592 3536 1646 nullum

1962 1689 2144 1744 adhuc
2191 1688 2447 1744 eﬁ‘ectum
2497 1688 2712 1751 fuisset,
2747 1687 2836 1742 his
2883 1685 3070 1740 verbis
3111 1683 3393 1739 Christum
3439 1697 3535 1752 ag-

1963 1779 2135 1850 gressi
2164 1787 2330 1834 sunt:
2370 1778 2674 1848 «Magister,
2707 1776 2984 1846 inquiunt,
3021 1775 3276 1828 volumus
3304 1788 3334 1825 a
3366 1780 3419 1825 te
3457 1771 3534 1825 si-

1962 1885 2130 1940 gnum
2181 1869 2368 1924 videre
2403 1870 2468 1922 ".
2495 1887 2512 1919 »
2564 1868 2660 1922 Ille
2722 1883 2853 1922 vero
2888 1874 3084 1921 contra
3123 1882 3135 1918 :
3188 1884 3204 1915 ι
3241 1862 3537 1918 Generatio

1961 1977 2128 2032 prava
2144 1968 2306 2030 atque
2334 1959 2583 2014 adultera
2613 1958 2829 2028 signum
2857 1958 3078 2027 quaerit,
3107 1966 3163 2010 et
3193 1956 3409 2026 signum
3427 1968 3536 2006 non

1963 2053 2270 2117 dabiturei,
2303 2051 2408 2106 nisi
2432 2051 2647 2122 signum
2673 2050 2823 2106 Iona:
2854 2050 3157 2119 prophetae.
3185 2047 3341 2102 Sicut
3389 2046 3537 2099 enim

1963 2144 2070 2198 fuit
2105 2144 2270 2200 Jonas
2301 2143 2358 2197 in
2394 2151 2585 2198 ventre
2633 2141 2737 2196 ceti
2797 2141 2977 2195 tribus
3013 2140 3210 2195 diebus
3255 2155 3319 2193 ac
3362 2138 3538 2191 tribus

1964 2234 2240 2298 noctibus,
2287 2233 2367 2288 sic
2422 2234 2531 2288 erit
2562 2233 2735 2287 Filius
2773 2231 3013 2287 hominis
3061 2231 3118 2284 in
3172 2229 3336 2284 corde
3382 2236 3540 2282 terra}

1965 2326 2144 2381 tribus
2190 2325 2388 2379 diebus
2442 2331 2501 2378 et
2532 2324 2710 2378 tribus
2758 2323 3017 2378 noctibus
3059 2323 3126 2375 ³⁷.
3156 2322 3368 2392 »Ῑςίιιιι-
3423 2319 3538 2390 pri-

1964 2433 2117 2473 mum
2145 2417 2414 2472 auxilium
2455 2417 2512 2469 in
2541 2414 2765 2470 Christo
2786 2413 2948 2468 nobis
2992 2412 3284 2483 praabitum
3331 2421 3418 2466 est
3443 2425 3540 2479 per

1963 2509 2142 2578 legem
2174 2506 2377 2578 Moysi:
2413 2505 2650 2575 «Legem
2698 2518 2934 2573 namque
2967 2502 3024 2556 in
3072 2501 3406 2571 adiutorium
3440 2499 3539 2554 de-

1960 2601 2046 2656 dit
2073 2601 2140 2664 ”,
2170 2620 2188 2650 ι
2215 2601 2368 2669 juxta
2422 2597 2706 2668 prophetae
2742 2610 2954 2650 vocem.
3006 2593 3113 2648 Sed
3151 2592 3380 2648 caudam
3439 2606 3540 2660 ap-

1961 2691 2260 2763 prehendit
2297 2690 2526 2760 Moyses.
2573 2686 2827 2744 Secunda
2879 2699 3045 2756 porro
3098 2682 3312 2738 ablutio
3348 2695 3542 2736 rursus

1964 2784 2021 2838 in
2047 2784 2267 2844 Christo
2290 2798 2388 2852 per
2426 2781 2727 2851 prophetas
2773 2786 3012 2842 sanctos,
3061 2791 3125 2832 ac
3161 2791 3262 2845 per
3315 2773 3543 2829 Joannis

1961 2891 2153 2931 vocem
2183 2859 2348 2944 atque
2402 2873 2722 2927 missionem
2756 2870 2960 2924 tributa
2999 2875 3101 2923 est.
3142 2867 3228 2922 Illi
3277 2865 3424 2920 enim
3459 2863 3545 2918 di-

1963 2968 2200 3024 cebant:
2237 2986 2254 3018 (
2293 2963 2599 3028 Lavamini,
2637 2961 2828 3016 mundi
2861 2967 3038 3014 estote
3065 2958 3148 3024 ";
3181 2977 3198 3008 ι
3238 2956 3329 3010 hic
3357 2965 3542 3010 autem

1966 3060 2036 3115 ad
2060 3060 2394 3128 baptismum
2431 3054 2776 3126 pamitentize
2801 3053 3056 3108 vocabat.
3089 3050 3340 3105 Tertium
3380 3046 3541 3102 deni-

290 3154 429 3210 εἴναί
451 3171 639 3223 φασιν,
651 3157 678 3207 6
694 3152 930 3225 Χριστοῦ
950 3152 1198 3214 θάνατος,
1213 3151 1297 3218 ἐφ’
1311 3143 1354 3216 ᾧ
1373 3149 1465 3200 καὶ
1481 3146 1661 3209 πίστις
1682 3164 1693 3175 ·
1706 3167 1723 3198 ι
1735 3145 1792 3200 ’Έ
1804 3145 1863 3198 5w

1965 3168 2072 3223 que
2089 3153 2325 3222 signum,
2365 3149 2512 3219 quod
2539 3148 2685 3202 idem
2720 3146 3079 3201 novissimum
3110 3157 3230 3197 esse
3259 3141 3355 3204 ait,
3381 3138 3545 3194 Chri-

289 3249 399 3320 γὰρ
435 3247 511 3317 μὴ
549 3243 878 3299 πιστεύσωσί
914 3259 1016 3309 σοι,
1043 3261 1062 3294 ι
1087 3241 1239 3312 φησὶ,
1280 3260 1298 3292 ο
1326 3238 1458 3310 μηδὲ
1503 3236 1861 3291 είσακούσωσι

1965 3245 2033 3300 sti
2067 3259 2215 3299 mors
2236 3243 2378 3307 fuit;
2419 3255 2529 3310 quo
2556 3239 2704 3302 dato,
2755 3238 2892 3291 ﬁdes
2936 3243 3022 3290 est
3068 3235 3397 3289 subsecuta:
3443 3250 3460 3282 ι
3486 3231 3542 3285 Si

290 3340 390 3409 τῆς
428 3338 613 3408 φωνῆς
633 3336 727 3389 τοῦ
753 3334 979 3405 σημείου
1011 3332 1105 3385 τοῦ
1148 3329 1400 3402 πρώτου,
1421 3329 1771 3382 πιστεύσουσι
1796 3329 1862 3397 τῇ

293 3434 445 3503 φωνῇ
463 3430 556 3484 τοῦ
584 3427 810 3498 σημείου
825 3425 919 3478 τοῦ
941 3423 1093 3478 δευτέ
1102 3439 1214 3494 ρου.
1228 3441 1246 3473 ι
1282 3422 1445 3492 Ὁρᾷς
1466 3410 1548 3474 ὅτι
1565 3418 1665 3489 τήν
1685 3417 1864 3471 πίστιν

294 3522 678 3592 ἀκολουθήσειν
706 3513 764 3572 εὖ
787 3517 928 3588 μάλα
954 3519 1139 3587 φησὶν,
1164 3515 1283 3583 οὐχὶ
1308 3513 1386 3584 τῷ
1409 3513 1608 3584 πρώτῳ
1632 3508 1863 3580 σημείῳ,

292 3615 437 3669 τοῦτ’
470 3613 638 3679 ἐστιν,
666 3611 726 3664 ού
748 3613 813 3681 τῇ
832 3607 1116 3678 ἀντιλήψει
1141 3609 1205 3677 τῇ
1237 3605 1379 3659 κατὰ
1400 3602 1583 3671 νόμον,
1610 3601 1732 3655 οὔτε
1761 3601 1865 3671 μὴν

294 3711 361 3778 τῇ
390 3707 481 3759 διὰ
514 3709 680 3774 μέσου
717 3701 1005 3773 καθάρσει,
1038 3697 1340 3764 τοῦτ”ἔστι,
1371 3699 1435 3767 τῇ
1455 3696 1541 3750 διὰ
1571 3691 1864 3767 προφητῶν

293 3800 486 3868 ἁγίων,
515 3797 610 3850 καὶ
644 3795 889 3850 Ἰωάννου
914 3791 1099 3862 τυχὸν,
1130 3790 1266 3861 μόνῃ
1288 3791 1344 3842 δὲ
1373 3792 1437 3860 τῇ
1469 3791 1618 3858 φωνῇ
1648 3786 1739 3840 τοῦ
1767 3802 1864 3856 ση-

298 3891 450 3960 μείου
499 3888 594 3941 τοῦ
651 3888 900 3957 ἐσχάτου.
973 3884 1046 3937 Ού
1097 3882 1204 3954 γὰρ
1257 3882 1470 3949 ἄφωνον
1513 3879 1575 3932 τὸ
1629 3877 1864 3950 Χριστοῦ

300 3983 624 4054 μυστήριον,
653 3980 810 4034 καλεῖ
826 3979 882 4031 δὲ
915 3977 1239 4048 σύμπαντας
1270 3973 1396 4038 τοὺς
1425 3971 1528 4026 ἀνὰ
1560 3973 1744 4024 πᾶσαν
1770 3965 1867 4039 τὴν

295 4074 395 4144 γῆν
433 4071 626 4142 ὑψηλῷ
667 4073 759 4124 καὶ
787 4068 1094 4141 διαπρυσίῳ
1161 4065 1477 4138 κηρύγματι
1511 4064 1645 4134 πρὸς
1673 4063 1772 4133 τὴν
1799 4062 1864 4115 δι’

299 4163 486 4226 ὕδατός
532 4179 592 4214 τε
633 4162 728 4214 καὶ
769 4161 1002 4229 αἵματος
1054 4157 1337 4225 κάθαρσιν,
1372 4157 1464 4209 καὶ
1514 4155 1618 4226 μὴν
1653 4154 1750 4207 καὶ
1787 4155 1867 4216 είς

299 4253 624 4322 ζωοποίησιν
649 4250 745 4320 τήν
779 4249 920 4302 κατὰ
955 4248 1251 4319 μετάληψιν
1290 4247 1388 4317 τῆς
1431 4246 1590 4314 ἁγίας
1642 4245 1861 4317 σαρκός.

309 4341 603 4413 ’Υπηρέτει
655 4337 939 4408 τοιγαροῦν
991 4339 1019 4390 6
1066 4338 1227 4406 νόμος
1287 4338 1398 4398 τοῖς
1450 4335 1580 4405 περὶ
1628 4333 1863 4404 Χριστοῦ

302 4430 772 4504 προαγγέλμασιν,
808 4425 969 4488 αὐτὸς
991 4426 1048 4477 δέ
1080 4427 1226 4478 ἐστιν
1254 4425 1313 4477 οὐ
1339 4424 1457 4478 λίαν
1485 4423 1667 4485 ἱκανὸς
1697 4425 1774 4484 είς
1807 4421 1868 4474 τὸ

1961 3333 2110 3388 enim
2138 3347 2249 3386 non
2284 3327 2626 3384 crediderint
2669 3327 2792 3390 tibi,
2823 3323 3023 3395 inquit,
3061 3336 3239 3391 neque
3261 3318 3542 3374 audierint

1964 3436 2153 3478 vocem
2194 3421 2335 3490 signi
2397 3418 2620 3489 prioris,
2657 3417 2884 3472 credent
2935 3413 3056 3469 voci
3118 3410 3258 3481 signi
3305 3423 3544 3478 sequen-

1966 3513 2036 3568 tis
2063 3511 2134 3564 ⁸ο.
2154 3529 2172 3562 ›
2200 3510 2366 3564 Vides
2388 3516 2451 3562 ut
2475 3507 2640 3564 fidem
2664 3512 2857 3576 aperte
2893 3503 2970 3557 ait
2987 3508 3410 3557 consecuturam
3435 3510 3543 3551 non

1965 3605 2148 3673 primo
2177 3601 2332 3671 signo
2368 3600 2540 3663 edito,
2571 3599 2626 3652 id
2658 3606 2763 3661 est,
2797 3612 2906 3651 non
2946 3593 3213 3650 continuo
3256 3600 3382 3661 post
3409 3588 3544 3659 legis

1966 3692 2457 3761 auxilium,.neque
2504 3696 2629 3758 post
2680 3687 2916 3741 mediam
2947 3684 3312 3745 ablutionem,
3351 3680 3406 3734 id
3461 3689 3546 3734 est

1966 3802 2086 3843 eam
2131 3801 2243 3854 qua
2291 3784 2571 3854 propheta:
2616 3779 2813 3841 sancti,
2843 3787 2900 3832 et
2923 3777 3165 3831 Joannes
3213 3773 3541 3836 abluerunt;

1966 3883 2062 3936 sed
2096 3880 2270 3933 solum
2304 3884 2429 3946 post
2453 3889 2646 3930 vocem
2677 3872 2816 3942 signi
2837 3867 3100 3941 postremi
3127 3884 3142 3922 :
3173 3879 3354 3937 neque
3397 3863 3544 3918 enim

1966 3984 2099 4024 voce
2142 3975 2294 4025 caret
2331 3968 2510 4037 ipsum
2561 3963 2770 4019 Christi
2833 3969 3238 4016 sacramentum
3286 3960 3362 4022 ";
3435 3954 3546 4009 imo

1966 4077 2097 4117 vero
2146 4061 2438 4116 universos
2477 4064 2636 4110 vocat
2681 4071 2781 4126 per
2838 4061 3014 4108 totum
3062 4050 3275 4112 orbem,
3334 4046 3546 4102 excelsa

1966 4153 2202 4224 quadam
2223 4151 2650 4219 vehementique
2683 4145 3096 4217 praedicatione,
3133 4141 3199 4196 ad
3224 4154 3379 4209 aqua;
3414 4153 3542 4191 san-

1967 4245 2255 4316 guinisque
2282 4245 2584 4307 lavacrum,
2609 4239 2922 4310 etquidem
2964 4245 3134 4291 etiam
3179 4233 3246 4288 ad
3299 4229 3544 4284 viviﬁca-

1969 4315 2210 4398 tionem,
2285 4348 2448 4402 quam
2493 4339 2696 4386 sanetae
2750 4326 2934 4382 carnis
2981 4324 3131 4378 illius
3198 4315 3548 4390 participatio

1968 4433 2208 4496 praestat.
2243 4425 2358 4478 Lex
2387 4437 2518 4492 ergo
2573 4419 2856 4474 Christum
2899 4411 3340 4485 pmnuntiandn,
3379 4407 3546 4462 mini-

301 4497 598 4585 ἀνασώζειν
631 4518 888 4573 δύνασθαί
921 4534 1086 4580 τινας.
1109 4515 1457 4587 Παραδείξειε
1489 4515 1545 4567 δ’
1574 4514 1659 4578 ἂν,
1687 4510 1863 4583 οἶμαι,

1971 4517 2198 4570 sterium
2231 4512 2519 4568 exhibuit:
2550 4510 2605 4563 in
2642 4525 2707 4563 ea
2741 4517 2924 4561 tamen
2963 4519 3073 4558 non
3122 4501 3255 4557 satis
3293 4497 3548 4570 {praesidii

299 4617 375 4679 τὶς
405 4615 502 4667 καὶ
549 4610 709 4665 τοῦτο
765 4608 948 4678 σαφῶς
993 4607 1356 4678 ὁμολογοῦντα
1407 4606 1608 4658 Μωσέα
1661 4607 1754 4659 καὶ
1781 4604 1868 4658 διὰ

301 4709 392 4780 τῆς
439 4703 814 4777 προκειμένης
853 4701 1192 4771 συγγραφῆς.
1232 4698 1423 4750 Καίτοι
1463 4699 1569 4766 γὰρ
1622 4696 1868 4765 λέγοντος

300 4810 387 4863 τοῦ
411 4807 570 4867 θεοῦ,
599 4807 680 4858 ὅτι
709 4805 943 4872 ’Ἑσομαι
986 4801 1125 4872 μετὰ
1158 4799 1274 4863 σοῦ,
1297 4796 1787 4868 προανατέίθοντος
1811 4796 1866 4848 δὲ

303 4905 760 4980 θαυματουργίαις
788 4903 964 4959 αὑτὸν,
990 4901 1236 4970 ἐλιπάρει
1265 4899 1458 4966 λέγων’
1489 4918 1505 4949 ι
1543 4898 1734 4969 Κύριε,
1758 4899 1856 4968 οὐχ

304 5013 482 5075 ἱκανός
508 5013 625 5080 είμι
667 5007 772 5079 πρὸ
798 5009 896 5076 τῆς
923 5005 1065 5074 χθὲς,
1096 5003 1215 5055 οὐδὲ
1252 5003 1354 5073 πρὸ
1383 5004 1481 5072 τῆς
1519 5002 1710 5073 τρίτης
1733 5002 1869 5071 ἡμέ-

307 5129 420 5174 σας,
466 5109 585 5162 οῦδὲ
625 5108 716 5176 ἀφ’
750 5099 810 5158 οῦ
868 5103 1017 5174 ἤρξω
1065 5102 1244 5154 λαλεῖν
1288 5101 1363 5169 τῷ
1410 5100 1700 5172 θεράποντε
1751 5117 1867 5154 σου.

331 5213 662 5281 Ισχνόφωνος
702 5208 796 5261 καὶ
837 5204 1250 5276 βραδύγλωσσος
1299 5202 1410 5270 ἐγώ
1448 5204 1585 5271 είμι.
1638 5197 1772 5253 Εἷπε
1811 5200 1867 5252 δὲ

307 5312 503 5383 κύριος
524 5310 658 5381 πρὸς
680 5305 886 5376 Μωσῆν
909 5322 922 5335 ⁸
945 5305 1038 5367 Τίς
1064 5304 1230 5357 ἔδωκε
1259 5302 1431 5372 στύμα
1460 5301 1752 5373 ἀνθρώπῳ,
1773 5301 1868 5356 καὶ
1900 5309 1906 5315 ’

313 5412 381 5476 τίς
421 5410 646 5480 ἐποίησε
671 5407 955 5474 δύσκωφον
987 5405 1079 5458 καὶ
1104 5402 1316 5471 κωφὸν,
1352 5403 1615 5473 βλέποντα
1649 5404 1744 5456 καὶ
1776 5421 1869 5456 τυ-
1889 5431 1904 5449 ι

308 5513 466 5581 φλόνς
491 5510 593 5564 οῦκ
617 5508 726 5576 ἐγὼ
756 5507 960 5577 Κύριος
979 5507 1006 5558 6
1035 5505 1194 5570 0:26;;
1229 5503 1339 5556 Καὶ
1367 5503 1462 5555 νῦν
1489 5503 1746 5574 πορεύου,
1777 5504 1874 5557 καὶ

305 5611 412 5678 ἐγὼ
431 5610 628 5676 ἀνοίξω
661 5607 722 5663 τὸ
755 5606 930 5675 στόμα
966 5620 1079 5667 σου,
1113 5601 1207 5654 καὶ
1236 5601 1553 5670 συμϐιϐάσω
1589 5618 1645 5653 σε
1669 5601 1703 5656 ἃ
1737 5602 1868 5670 μέλ-

306 5710 413 5776 λεις
463 5709 719 5777 λαλῆσαι.
782 5705 891 5758 Καὶ
956 5697 1078 5755 εἷπε
1123 5699 1352 5768 Μωσῆς’
1396 5700 1615 5769 Δέομαι,
1671 5700 1864 5769 Κύριε,

375 5801 781 5866 υΕποά.ιν,ο.
852 5800 896 5831 ιε
931 5797 1094 5850 Matth
1150 5793 1366 5857 mss.
1437 5795 1904 5858 ττιυίει.,δο,ιο.

1968 4608 2071 4678 73
2097 4614 2182 4661 est
2226 4605 2292 4659 ad
2338 4604 2571 4658 salutem
2616 4600 2895 4669 aliquibus
2945 4595 3334 4660 tribuendam;
3376 4593 3546 4661 idque

1968 4706 2155 4768 aperte
2211 4696 2432 4767 Moysen
2492 4691 2763 4755 conﬁteri,
2831 4690 2991 4744 facile
3051 4687 3235 4758 quivis
3296 4683 3549 4739 ostendat

1968 4792 2132 4844 etiam
2169 4805 2238 4845 ex
2282 4787 2586 4858 proposita:
2621 4784 2921 4856 Scriptura:
2940 4783 3096 4836 loco:
3124 4775 3378 4850 quamvis
3398 4774 3552 4829 enim

1969 4881 2202 4936 dixisset
2265 4881 2431 4941 Deus,
2498 4893 2556 4931 se
2616 4891 2740 4931 cum
2800 4889 2867 4929 eo
2895 4872 3166 4934 futurum,
3191 4869 3355 4939 idque
3392 4865 3560 4937 prius.

1969 4970 2132 5024 editis
2181 4967 2462 5023 miraculis
2513 4966 2563 5020 ei
2617 4964 2894 5029 suaderet,
2953 4961 3049 5016 ille
3086 4968 3270 5016 tamen
3319 4955 3549 5027 rogabat

1967 5078 2096 5117 eum
2125 5061 2352 5115 dicens:
2393 5079 2410 5110 ι
2434 5058 2683 5121 Domine,
2720 5074 2831 5112 non
2877 5071 2998 5111 sum
3023 5063 3184 5124 aptus
3215 5060 3342 5104 ante
3396 5045 3546 5110 heri,

1967 5169 2146 5224 neque
2195 5161 2320 5206 ante
2363 5151 2578 5206 tertiam
2623 5151 2790 5214 diem,
2838 5162 3018 5217 neque
3073 5160 3139 5198 ex
3172 5156 3282 5212 quo
3326 5136 3546 5207 coepisti

1968 5245 2117 5314 loqui
2143 5259 2303 5298 servo
2333 5251 2465 5298 tuo:
2508 5242 2697 5313 gracili
2731 5256 2886 5302 voce,
2920 5246 2978 5293 et
3014 5234 3170 5290 tarda
3213 5231 3401 5300 lingua
3445 5243 3555 5298 ego

1969 5351 2110 5390 sum.
2139 5335 2285 5390 Dixit
2333 5344 2520 5390 autem
2568 5332 2855 5392 Dominus,
2885 5326 3088 5397 inquit,
3117 5323 3184 5378 ad
3211 5337 3338 5376 eum
3363 5339 3374 5373 :
3412 5318 3554 5385 Quis

1968 5427 2120 5482 dedit
2145 5443 2206 5482 os
2233 5427 2464 5490 homini,
2513 5435 2569 5478 et
2615 5423 2740 5491 quis
2778 5420 2909 5474 fecit
2951 5426 3164 5470 mutum
3203 5421 3259 5469 et
3293 5410 3555 5473 surdum,

1969 5517 2248 5572 videntem
2314 5526 2371 5570 et
2430 5529 2673 5577 caecum;
2723 5524 2904 5565 nonne
2940 5522 3040 5578 ego
3072 5504 3337 5560 Dominus
3363 5497 3552 5554 Deus?

1973 5608 2040 5662 Et
2083 5625 2228 5662 nunc
2291 5607 2447 5669 vade,
2496 5615 2553 5659 et
2628 5618 2729 5672 ego
2810 5598 3050 5669 aperiam
3108 5612 3170 5651 os
3248 5603 3440 5651 tuum,
3495 5598 3550 5641 et

1977 5703 2240 5756 instruam
2296 5715 2367 5766 te,
2429 5715 2551 5769 qua:
2607 5698 2775 5751 debes
2824 5693 3011 5763 loqui;
3064 5701 3120 5745 et
3174 5689 3252 5742 ait
3305 5686 3551 5753 Moyses:

1975 5798 2133 5851 "lia.
2165 5815 2232 5852 ix.
2282 5802 2322 5830 ³³
2352 5797 2461 5851 bid.
2496 5812 2530 5854 ι,
2566 5795 2644 5848 l6.
2689 5793 2732 5823 ³ο
2757 5789 2927 5845 Exod.
2957 5805 3029 5856 IV,
3055 5785 3106 5838 8.
3185 5782 3222 5814 ³¹
3251 5774 3549 5836 Ριονλκιδί
