4082 6304
567 345 665 401 251

569 550 755 604 mittes
787 550 849 602 ³³.
877 568 896 598 ι
940 549 1129 619 Neque
1172 550 1329 604 enim
1360 550 1450 604 lex
1489 548 1785 603 admodum
1812 557 2010 617 potens
2041 554 2144 611 est,

570 655 746 709 neque
789 638 921 694 satis
969 640 1123 695 valet
1181 639 1255 694 ad
1301 640 1621 694 universum
1674 638 1863 692 orbem
1925 652 2147 693 conser-

571 731 828 795 vandum,
852 738 1015 800 atque
1041 731 1321 786 hominem
1344 747 1413 786 ex
1448 725 1655 785 diaboli
1680 729 1971 783 dominatu
2006 728 2147 783 libe-

570 824 824 878 randum.
850 825 963 880 Nec
1012 840 1146 880 vero
1185 825 1477 896 ignorabat
1514 823 1726 894 Moyses
1751 863 1765 886 ,
1803 837 1862 876 se
1920 820 2147 875 tardilo-

570 922 826 984 quentem
861 931 1001 979 esse,
1033 924 1089 970 et
1116 917 1307 987 gracili
1353 931 1510 978 voce,
1539 931 1607 970 ex
1652 930 1720 969 eo
1739 913 1975 968 maxime
2008 920 2148 967 tem-

571 1023 724 1074 pore,
758 1023 867 1076 quo
889 1023 1014 1061 cum
1043 1022 1110 1062 eo
1145 1007 1299 1078 loqui
1335 1006 1594 1076 coepisset
1624 1006 1790 1068 Deus,
1817 1004 1983 1074 eique
2008 1018 2147 1073 prae-

570 1099 776 1168 cipere,
814 1109 873 1155 ut
897 1101 965 1155 de
995 1116 1053 1156 se
1077 1116 1390 1156 sermonem
1450 1099 1714 1165 haberet;
1753 1098 1831 1152 ait
1873 1110 2144 1165 namque:

577 1209 595 1241 ι
627 1190 732 1246 Sic-
772 1193 924 1248 dices
987 1192 1115 1247 [iliis
1170 1193 1375 1248 Israel:
1413 1192 1527 1263 Ego
1580 1208 1702 1246 sum
1733 1189 1829 1260 qui
1855 1204 1978 1244 sum
2004 1206 2017 1240 :
2046 1187 2151 1242 hoc

573 1281 707 1336 mihi
731 1297 932 1337 nomen
966 1283 1028 1337 ³³.
1051 1303 1069 1334 ›
1101 1283 1367 1338 Tardiore
1398 1282 1604 1337 etenim
1632 1281 1817 1352 lingua
1838 1281 1928 1334 lex
1966 1278 2150 1349 loqui-

572 1381 684 1439 tur,
737 1389 904 1443 quam
949 1385 1012 1428 ut
1043 1376 1178 1431 satis
1211 1391 1470 1445 expresse
1502 1375 1571 1430 de
1595 1390 1682 1439 eo,
1719 1375 1813 1443 qui
1843 1380 1948 1435 est,
1981 1372 2152 1426 verba

571 1466 770 1531 faciat;
810 1481 992 1536 neque
1053 1473 1141 1520 est
1197 1466 1490 1537 ejusmodi,
1536 1472 1600 1518 ut
1637 1463 1964 1518 veneranda:
2002 1461 2152 1516 illius

572 1555 976 1625 ineli‘abilisque
1038 1566 1253 1611 natura:
1337 1556 1629 1628 mysteria,
1691 1571 1814 1625 quae
1856 1556 1912 1608 in
1962 1562 2152 1610 sancta

572 1648 845 1703 Trinitate
891 1647 1155 1701 aduratur
1177 1656 1233 1702 et
1259 1647 1479 1711 colitur,
1523 1646 1802 1716 explicare
1832 1652 1889 1699 et
1931 1644 2150 1701 tradere

573 1748 762 1809 queat.
796 1739 874 1793 Ad
912 1739 1028 1794 hate
1057 1739 1248 1809 gracili
1269 1745 1355 1793 est
1403 1738 1730 1807 inﬁrmaque
1750 1753 1908 1801 voce,
1956 1736 2051 1791 vix
2091 1742 2152 1790 ut

1599 344 1656 400 S.
1697 341 1974 400 CYRILLI
2012 330 2484 396 ALEXANDRINI
2522 335 2841 393 ARCHIEP.
3708 330 3796 395 252

568 460 813 515 Obsecro
843 499 858 524 ,
913 459 1181 525 Domine,
1238 459 1379 529 elige
1425 457 1594 511 alium
1659 464 1939 527 potentem
1984 469 2142 525 quem

2256 453 2600 525 προχείρισαι
2650 451 2808 505 ἄλλον
2840 447 3158 518 δυνάμενον,
3200 443 3260 499 ὃν
3313 442 3638 508 ἀποστελεῖς.
3664 464 3681 497 ι
3730 445 3790 500 Οὐ

2250 544 2356 615 γὰρ
2382 543 2640 615 εὐσθενὴς
2663 544 2697 595 6
2722 542 2906 612 νόμος,
2937 538 3067 593 οὑδέ
3087 535 3455 608 ἀποχρώντως
3484 534 3615 607 ἔχων
3642 538 3715 601 είς
3746 537 3794 593 τὸ

2250 640 2432 690 πᾶσαν
2469 635 2726 689 δύνασθαι
2760 631 3021 687 διασῶσαι
3061 630 3163 703 τὴν
3187 632 3314 699 γῆν,
3343 629 3439 683 καὶ
3467 628 3564 698 τῆς
3587 629 3675 683 τοῦ
3699 630 3795 684 δια-

2250 730 2407 784 ϐόλου
2418 727 2731 798 τυραννίδος
2742 724 3021 789 ἐξελέσθαι
3030 723 3122 776 τὸν
3138 720 3236 777 ἀνθ
3247 737 3447 793 ρωπον.
3466 721 3794 793 υὺκήγνόηκε
3866 731 3877 745 ·

2249 823 2305 876 δέ
2342 824 2370 875 6
2403 820 2632 891 Μωσῆς,
2673 818 2749 882 ὡς
2785 815 3201 888 βραδύγλωσσός
3243 830 3303 866 τε
3345 813 3437 866 καὶ
3474 812 3794 883 ἰσχνόφωνος,

2250 913 2558 984 ἀρξαμένου
2589 910 2822 982 μάλιστα
2836 906 3180 976 διαλέγεσθαι
3208 906 3346 977 πρὸς
3368 905 3528 960 αὐτὸν
3546 906 3634 960 τοῦ
3660 906 3796 974 Θεοῦ,

2250 1007 2346 1059 καὶ
2393 1005 2585 1073 λόγους
2618 1001 2900 1061 ,ποιεῖσθαι
2959 1001 3089 1071 περὶ
3149 998 3315 1053 αὑτοῦ
3370 999 3796 1068 προστάττοντος·

2257 1114 2275 1146 ι
2295 1093 2479 1156 Οῦτως
2504 1111 2523 1143 ι
2563 1091 2690 1163 γὰρ,
2713 1090 2897 1162 φησὶν,
2936 1109 2958 1141 ι
2978 1090 3121 1161 ἐρεῖς
3140 1090 3253 1150 τοῖς
3275 1087 3412 1151 υἱοῖς
3429 1087 3660 1158 Ἰσραήλ·
3677 1087 3800 1156 Ἐγὼ

2251 1186 2364 1253 εἰμι
2389 1185 2419 1237 ὁ
2441 1181 2535 1237 ὢν,
2569 1181 2738 1236 Τοῦτό
2770 1198 2873 1251 μου
2899 1180 3015 1234 ἐστὶ
3038 1179 3099 1232 τὸ
3125 1178 3353 1249 ὄνομα.»
3406 1176 3801 1248 Βραδύγλωσσος

2250 1275 2358 1346 γὰρ
2401 1278 2430 1329 6
2459 1274 2641 1347 νόμος,
2675 1273 2810 1345 πρὸς
2850 1264 2912 1326 τὸ
2965 1270 3257 1343 διαρθροῦν
3300 1265 3360 1324 εὖ
3399 1270 3541 1341 μάλα
3573 1269 3658 1324 τὸν
3693 1271 3802 1335 περὶ

2250 1368 2343 1424 τοῦ
2377 1368 2528 1433 ὄντος
2595 1368 2751 1437 λόγον
2772 1383 2787 1398 ο
2824 1364 2948 1419 οὕτε
3002 1365 3108 1435 μὴν
3156 1360 3267 1427 οἷός
3337 1380 3398 1416 τε
3456 1367 3803 1433 μυσταγωγεῖν

2234 1462 2389 1533 ’πρὸς
2417 1461 2516 1532 τὴν
2542 1462 2599 1513 ἐν
2628 1460 2761 1531 ἁγίᾳ
2783 1458 2974 1530 Τριάδι
3003 1455 3487 1528 προσκυνουμένην
3512 1455 3702 1527 σεπτὴν
3727 1457 3803 1510 καὶ

2251 1552 2489 1624 ἄρρητον
2524 1551 2704 1621 φύσιν.
2762 1549 3110 1621 ’ἰσχνόφωνος
3150 1548 3209 1602 δὲ
3251 1548 3393 1621 πρὸς
3430 1547 3605 1611 τοῦτο,
3648 1549 3805 1618 μόνοις

2251 1662 2310 1698 τε
2346 1644 2441 1698 καὶ
2470 1644 2622 1715 μόλις
2660 1645 2774 1707 τοῖς
2808 1641 2868 1707 ἐξ
2905 1640 3126 1713 Ἰσραὴλ
3161 1640 3489 1713 προσλαλεῖν
3516 1641 3804 1711 δυνάμενος,

2253 1737 2584 1807 ἀκουόμενός
2612 1753 2671 1790 τε
2695 1734 2838 1790 κατά
2865 1734 3032 1806 μόνην
3062 1733 3162 1804 τὴν
3196 1731 3484 1794 Ἰουδαίαν,
3528 1733 3694 1786 καίτοι
3715 1732 3806 1787 τῶν

572 1801 698 1885 cum
737 1830 867 1885 solis
889 1801 1152 1885 lsraelitis
1174 1830 1414 1899 colloqui
1434 1801 1717 1899 possim-ac
1738 1843 1837 1898 per
1859 1827 2063 1884 Iudaea:
2087 1827 2142 1882 ﬁ-

2254 1801 2437 1884 άλλων
2452 1827 2707 1882 ἁπάντων
2731 1801 2900 1880 ἐθνῶν
2928 1801 3070 1889 οὐδὲ,
3098 1801 3222 1877 δσον
3248 1826 3450 1888 εἰπεῖν,
3472 1824 3551 1888 εἰς
3574 1818 3662 1887 οῦς
3680 1822 3808 1875 ἑλόν-

574 1935 672 1975 nes
711 1926 920 1973 tantum
960 1919 1277 1983 exauditur,
1311 1934 1436 1972 cum
1476 1919 1598 1972 alia:
1631 1927 1825 1988 gentes
1857 1933 2052 1973 omnes
2077 1934 2149 1974 ne

572 2012 738 2067 fando
783 2013 1010 2083 quidem
1062 2028 1260 2068 sonum
1311 2013 1435 2083 ejus
1475 2011 1887 2082 praedicationis
1918 2011 2151 2066 auribus

571 2107 903 2177 acceperint.
949 2105 1089 2161 Cum
1113 2106 1300 2176 itaque
1331 2104 1660 2175 praevideret
1696 2103 1895 2158 beatus
1937 2104 2149 2176 Moyses

569 2211 719 2261 eum,
768 2197 862 2266 qui
904 2196 1111 2267 optime
1166 2204 1354 2266 posset
1408 2212 1729 2266 expressum
1779 2204 1944 2267 atque
1976 2212 2146 2266 expo-

568 2288 728 2343 litum
752 2289 818 2344 de
833 2290 946 2345 Deo
973 2304 1282 2345 sermonem
1312 2287 1878 2343 auditorum-auribus
1894 2287 2144 2354 fundere,

566 2366 627 2434 et
660 2380 919 2435 universo
951 2379 1074 2434 orbi
1109 2379 1270 2435 facile
1284 2379 1608 2450 praedicare,
1634 2378 1691 2433 id
1714 2386 1819 2444 est,
1837 2378 2142 2446 Christum,

574 2490 593 2522 ι
622 2470 887 2537 Obsecro,
954 2470 1207 2535 Domine,
1241 2490 1259 2523 ο
1318 2470 1521 2541 inquit,
1587 2489 1606 2522 ι
1646 2471 1788 2543 elige
1840 2478 2142 2542 potentem,

565 2578 728 2632 quem
759 2563 946 2618 mittes
978 2561 1045 2615 ³⁸.
1072 2582 1112 2639 ικ
1127 2562 1395 2618 Christus
1417 2562 1575 2617 enim
1609 2570 1695 2618 est
1735 2563 1830 2616 ille
1871 2578 2002 2618 vere
2041 2577 2143 2632 po-

566 2665 710 2721 tens,
745 2672 910 2725 quem
946 2656 1064 2711 suis
1111 2656 1455 2726 temporibus
1493 2673 1562 2712 ex
1589 2656 1937 2727 beneplaeito
1963 2655 2146 2711 Deiac

563 2746 746 2802 Patris
776 2747 834 2801 in
866 2761 987 2801 eam
1016 2761 1132 2801 rem
1151 2746 1469 2817 eligendum
1495 2749 1637 2813 fore,
1663 2762 1765 2818 per
1800 2748 1978 2818 legem
2000 2761 2143 2817 quo-

564 2854 673 2909 que
703 2838 1030 2909 praedictum
1063 2839 1188 2896 fuit.
1220 2841 1318 2896 llla
1344 2848 1530 2897 autem
1568 2849 1694 2912 post
1730 2842 1828 2896 Dei
1864 2841 2142 2912 pollicita-

564 2930 796 2995 tionem,
822 2931 1235 3002 multorumque
1264 2932 1543 3005 signorum
1571 2920 1965 2998 ostensionem,
1990 2933 2142 3005 Moy-

564 3018 611 3075 si
641 3021 934 3088 recusatio,
957 3037 1071 3077 non
1092 3022 1331 3079 absurde
1356 3024 1525 3080 fuerit
1557 3024 1869 3079 cunctantis
1899 3024 2138 3090 Israelis,

563 3112 839 3183 simulque
910 3114 1015 3169 sub
1067 3100 1273 3171 Christi
1322 3115 1556 3186 imperio
1607 3114 1819 3169 divinis
1860 3116 2140 3185 evangeli-

561 3204 752 3276 cisque
801 3204 1131 3261 ministeriis
1172 3206 1397 3277 defungi
1435 3213 1492 3260 et
1551 3205 1934 3274 obtemperare
1975 3219 2140 3259 recu-

561 3299 754 3363 santis,
774 3298 869 3368 qui
907 3305 1033 3368 post
1073 3298 1509 3354 innumerabiles
1541 3296 1762 3351 habitos
1798 3296 1867 3351 de
1889 3296 1996 3352 ﬁde
2027 3312 2145 3352 ser-

560 3403 773 3452 mones,
801 3385 1214 3458 multorumque
1247 3389 1529 3458 signorum
1552 3386 1946 3453 ostensionem,
1978 3388 2142 3443 audi-

562 3487 680 3533 tum
731 3488 915 3534 tamen
965 3478 1122 3534 illum
1156 3495 1393 3550 gravem.
1415 3485 1581 3549 atque
1626 3477 1841 3532 tardum
1894 3478 2142 3548 pertina-

562 3568 702 3623 citer
750 3575 1087 3635 tenuerunt,
1131 3578 1298 3641 atque
1359 3568 1633 3625 increduli
1689 3578 2138 3640 permanserunt.

561 3656 672 3729 74
705 3657 775 3712 Et
803 3657 893 3712 bis
937 3658 1161 3729 quidem
1211 3659 1427 3731 Moyses
1470 3659 1784 3714 recusavit:
1824 3657 1935 3714 duo
1992 3659 2142 3714 enim

560 3757 807 3822 tempora
837 3749 1170 3818 inciderunt,
1202 3752 1260 3806 in
1289 3751 1493 3822 quibus
1524 3731 1825 3807 effrenatus
1858 3758 1915 3806 et
1944 3760 2142 3806 contu-

558 3857 685 3897 max
707 3842 880 3898 fuerit
910 3844 1100 3909 Israel,
1144 3844 1249 3899 sub
1287 3843 1470 3915 Moyse
1510 3851 1567 3899 et
1599 3844 1788 3908 Iosue,
1828 3859 1895 3899 ac
1928 3842 2140 3898 Judiei-

559 3933 685 4000 bus,
739 3943 797 3990 et
834 3944 1214 4006 consequente
1268 3935 1533 4006 deinceps
1567 3941 1837 4006 tempore,
1872 3950 1983 4005 quo
2011 3950 2141 4005 pro-

557 4025 741 4096 pheta:
772 4024 1018 4092 fuerunt,
1070 4042 1136 4081 ac
1165 4026 1427 4093 Joannes,
1478 4025 1574 4096 qui
1612 4025 1717 4080 fuit
1770 4027 1924 4081 velut
1961 4025 2016 4080 in
2053 4026 2141 4080 in-

557 4118 798 4174 terstitio
826 4117 1041 4187 positus
1058 4118 1431 4189 apostolorum
1454 4133 1519 4173 ac
1547 4117 1983 4187 prophetarum;
2017 4116 2142 4172 linis

555 4208 762 4280 quippe
789 4207 897 4262 fuit
927 4207 1239 4279 prophetici
1279 4206 1548 4271 muneris,
1603 4206 1860 4276 idemque
1912 4205 2139 4260 initium

554 4316 622 4357 ac
659 4299 832 4356 veluti
853 4299 1115 4370 primitiae
1133 4298 1447 4369 splendoris
1466 4297 1777 4368 apostolici.
1823 4296 1931 4352 Sed
1972 4296 2141 4369 Moysi

554 4393 834 4450 recusatio
856 4392 925 4447 ad
972 4392 1109 4447 iram
1154 4391 1476 4462 provocavit
1523 4392 1721 4455 Deum,
1773 4389 2015 4461 denique
2051 4405 2142 4445 res

2253 1937 2363 1973 των
2396 1920 2456 1973 τὸ
2485 1921 2766 1992 κήρυγμα.
2814 1918 3106 1990 Τοιγάρτοι
3135 1917 3533 1989 προγινώσκων
3560 1919 3588 1971 6
3631 1917 3803 1971 θεσπέ·

2257 2027 2370 2073 σιος
2390 2011 2615 2081 Μωσῆς,
2651 2009 2742 2064 τὸν
2763 2009 3001 2082 διαρκῶς
3029 2010 3224 2082 ἔχοντα
3251 2009 3394 2081 πρὸς
3418 2011 3476 2064 τὸ
3502 2009 3715 2081 ἀκριϐὲς
3730 1992 3808 2064 κάι

2253 2101 2624 2173 ἀπεξεσμένον
2660 2106 2775 2167 τοῖς
2805 2102 3179 2174 ἀκροωμένοις
3206 2103 3511 2174 ἐμποιῆσαι
3539 2102 3687 2172 λόγον
3729 2103 3806 2157 τὸν

2254 2194 2383 2264 περὶ
2429 2192 2590 2257 Θεοῦ,
2635 2194 2730 2249 καὶ
2771 2196 2851 2259 εἰς
2880 2194 2942 2248 τὸ
2977 2194 3125 2265 πάσῃ
3157 2194 3363 2266 ῥᾳδίως
3410 2192 3723 2266 διακηρύξαι
3748 2196 3804 2266 τῇ

2251 2286 2346 2355 γῇ,
2389 2283 2532 2338 τοῦτ’
2561 2284 2676 2339 ἐστι
2731 2286 2968 2357 Χριστόν
2991 2302 3005 2316 ·
3054 2306 3073 2340 ι
3117 2287 3355 2358 Δέομαι,
3394 2287 3590 2359 Κύριε,
3614 2307 3633 2339 ³
3670 2289 3804 2358 φησὶν

2259 2398 2277 2429 ι
2309 2378 2655 2448 προχείρισαι
2678 2377 2836 2432 ἄλλον
2863 2378 3180 2449 δυνάμενον,
3200 2378 3259 2433 ὃν
3276 2379 3613 2443 ἀποστελεῖς.
3642 2398 3660 2431 ι
3688 2380 3805 2449 Χρι-

2253 2468 2375 2532 στὸς
2401 2468 2510 2539 γάρ
2531 2470 2678 2522 ἐστιν
2695 2470 2724 2523 6
2752 2469 3049 2539 δυνάμενος
3077 2470 3315 2540 ἀληθῶςο
3350 2471 3445 2525 καὶ
3460 2471 3540 2525 ὅτι
3557 2469 3689 2525 κατά
3709 2488 3806 2524 και-

2254 2560 2381 2631 ροὺς
2406 2562 2526 2614 κατ’
2552 2560 2803 2617 εὐδοκίαν
2825 2560 2960 2615 Θεοῦ
2985 2562 3080 2615 καλ⁸
3117 2562 3362 2635 Πατρδς,
3395 2565 3475 2627 είς
3508 2561 3659 2617 τοῦτο
3688 2580 3803 2634 προ-

2250 2651 2679 2721 χειρισθήσεται,
2713 2652 2809 2705 καὶ
2846 2651 2937 2705 διὰ
2968 2651 3134 2723 νόμου
3168 2652 3535 2724 προήγγελτο.
3571 2653 3633 2706 Ἦ
3664 2652 3716 2705 δέ
3749 2668 3803 2720 γε

2249 2743 2495 2807 Μωσέως
2518 2742 2875 2815 παραίτησις,
2912 2745 3007 2799 καὶ
3040 2743 3181 2815 μετὰ
3203 2744 3360 2799 θείαν
3387 2744 3690 2816 ὑπόσχεσιν,
3725 2744 3806 2797 καὶ

2254 2834 2391 2905 μετά
2419 2834 2631 2888 πολλῶν
2665 2836 2911 2907 σημείων
2941 2836 3223 2901 ἐπίδειξιν,
3251 2836 3430 2901 τύπος
3462 2836 3527 2892 ἂν
3555 2835 3657 2907 εἴη,
3696 2852 3806 2889 κατ-

2246 2926 2533 2991 οκνοῦντός
2566 2945 2627 2980 τε
2667 2927 2784 2997 ἅμα
2821 2928 2918 2982 καὶ
2965 2925 3419 3000 παραιτουμένου
3452 2929 3546 2983 τοῦ
3591 2928 3803 2999 Ἰσραὴλ,

2247 3018 2345 3090 τήν
2368 3017 2472 3071 ὑπὸ
2484 3016 2721 3090 Χριστοῦ
2736 3019 2888 3073 θείαν
2902 3037 2958 3072 τε
2976 3021 3068 3074 καὶ
3088 3019 3803 3093 εὐαγγελικὴνλειτουργίαν,

2248 3110 2343 3163 καὶ
2372 3110 2638 3182 ὑπακοὴν,
2672 3110 2721 3164 οἳ
2752 3111 2890 3182 μετά
2925 3111 3152 3184 μυρίους
3194 3113 3360 3178 ὅσους
3397 3114 3522 3178 τοὺς
3556 3113 3678 3183 περὶ
3726 3111 3803 3164 πί-

2246 3217 2412 3265 στεως
2442 3202 2630 3270 λόγους
2657 3203 2752 3256 καὶ
2778 3203 3475 3275 τερατουργίαςέπίδειξιν,
3498 3204 3805 3276 τετηρήκασι

2244 3291 2306 3345 τὸ
2327 3290 2616 3363 δυσήκοον,
2643 3294 2739 3347 καὶ
2765 3296 3141 3365 μεμενήκασιν
3164 3297 3438 3361 ἀπειθεῖς.
3459 3298 3569 3351 Kal.
3587 3298 3728 3366 διττή
3748 3312 3804 3363 γι

2246 3386 2280 3457 ἡ
2317 3384 2563 3450 Μωσέως
2612 3386 2968 3457 παραίτησις.
3015 3386 3122 3440 Δύο
3169 3386 3278 3459 γὰρ
3328 3391 3513 3461 χρόνοι
3564 3389 3679 3444 καθ’
3724 3386 3806 3452 οὓς

2246 3474 2458 3548 ἐξήνιος
2490 3479 2585 3532 καὶ
2612 3476 2931 3547 δυσάγωγος
2951 3474 3018 3549 ἦν
3044 3479 3072 3531 6
3112 3480 3337 3551 Ἰσραήλ
3359 3498 3372 3510 ·
3396 3481 3485 3536 διὰ
3504 3481 3733 3544 Μωσέως
3750 3495 3802 3532 τε

2244 3568 2340 3623 καὶ
2400 3566 2595 3641 Ἰησοῦ,
2646 3568 2742 3622 xal.
2790 3569 3047 3639 Κριτῶν,
3090 3569 3186 3623 καὶ
3240 3573 3363 3639 μετ’
3396 3574 3596 3626 ἐκεῖνον
3640 3571 3801 3633 εὐθὺς,

2244 3658 2367 3713 καθ’
2387 3659 2447 3714 ὃν
2470 3660 2728 3728 γεγόνασι
2758 3662 3055 3732 προφῆται,
3086 3661 3184 3714 καὶ
3212 3661 3495 3736 Ἰωάννης,
3516 3665 3545 3718 6
3575 3661 3803 3730 καθάπερ

2245 3750 2307 3804 ἐν
2331 3748 2639 3820 μεταιχμίῳ
2673 3748 2924 3819 κείμενος
2948 3749 3263 3805 ἀποστόλων
3284 3768 3350 3805 τε
3388 3755 3481 3807 καὶ
3510 3750 3801 3824 προφητῶν.

2245 3839 2428 3909 Πέρας
2468 3840 2568 3910 μὲν
2602 3838 2712 3912 γὰρ
2736 3836 2806 3912 ἦν
2832 3842 3178 3913 προφητικῆς
3205 3842 3572 3914 λειτουργίας,
3601 3840 3804 3912 ἀπαρχὴ

2243 3931 2298 3984 δὲ
2320 3930 2513 4004 ὥσπερ
2534 3929 2919 4004 λαμπρότητος
2934 3933 3316 4005 ἀποστολικῆς.
3360 3936 3499 3990 Ἀλλ’
3529 3937 3561 4005 ή
3587 3932 3807 3994 Μωσέως

2247 4020 2578 4092 παραίτησις
2602 4020 2741 4093 πρὸς
2767 4020 2939 4093 ὀργὰς
2967 4022 3148 4077 ἐκάλει
3179 4022 3335 4077 Θεόν.
3375 4024 3485 4078 Kal.
3519 4022 3730 4096 μεθίστη
3754 4020 3806 4073 τὸ

2247 4112 2437 4183 χρῆμα
2475 4110 2662 4165 λοιπὸν
2709 4112 2790 4176 είς
2834 4111 3028 4183 ἑτέραν
3072 4113 3264 4186 ὥσπερ
3299 4115 3628 4186 οίκονομίαν,
3657 4113 3718 4166 δι’
3746 4106 3805 4183 ἧς

2244 4201 2619 4267 ἀνασώζεσθαι
2643 4203 2781 4274 χρῆν
2808 4204 2933 4268 τοὺς
2965 4206 3086 4269 ταῖς
3126 4206 3236 4259 τῶν
3261 4205 3577 4275 Αἰγυπτίων
3619 4206 3798 4258 πλεον-

2243 4294 2417 4358 εξίαις
2457 4294 2931 4367 κατηχθημένους.
2976 4315 2997 4349 ι
3040 4297 3155 4350 Kal.
3183 4298 3458 4370 θυμωθεὶς
3494 4297 3691 4370 Κύριος
3721 4294 3804 4348 ἐπὶ

2243 4385 2473 4457 Μωσῆν,
2526 4381 2710 4441 εἶπεν·
2750 4388 2866 4442 Οὐκ
2907 4389 3015 4443 ίδοὺ
3059 4388 3270 4462 Ἀαρὼν
3319 4393 3353 4444 6
3392 4390 3615 4465 ἀδελφός
3665 4404 3752 4442 σου
3776 4386 3802 4438 ὁ

555 4482 626 4537 ad
654 4483 819 4539 aliam
843 4482 1273 4555 dispensationis
1300 4483 1574 4540 rationem
1602 4482 1863 4537 translata
1896 4488 2000 4546 est,
2028 4496 2141 4552 qua

2246 4477 2508 4549 Λευίτης
2560 4478 2905 4551 Ἐπίσταμαι
2929 4481 3011 4535 ὅτι
3054 4480 3234 4537 λαλῶν
3272 4482 3495 4554 λαλήσει
3523 4480 3679 4544 αὐτός
3707 4495 3798 4541 σοιν

556 4575 812 4631 servandi
836 4584 1012 4642 erant,
1045 4576 1137 4647 qui
1162 4575 1544 4647 Egyptiorum
1596 4575 1891 4645 iniquitate
1911 4588 2137 4644 preme-

555 4667 779 4723 bantur.
832 4687 851 4720 ι
880 4668 949 4723 Et
1006 4668 1182 4723 iratus
1216 4667 1484 4722 Dominus
1543 4667 1601 4720 in
1650 4665 1893 4737 Moysen,
1955 4663 2133 4718 dixit:

553 4761 749 4816 Nonne
773 4776 903 4817 ecce
941 4759 1113 4815 frater
1139 4769 1269 4815 tuus
1316 4760 1503 4814 Aaron
1549 4757 1787 4813 Levita?
1824 4756 1941 4813 scio
1984 4755 2133 4826 quod

553 4851 788 4923 loquens
814 4851 1074 4921 loquetur
1104 4851 1222 4922 ipse
1257 4851 1385 4906 tibi:
1426 4860 1485 4906 et
1520 4866 1648 4906 ecce
1676 4851 1794 4921 ipse
1821 4849 2139 4921 egredietur

482 4936 487 4941 ’
553 4941 612 4998 in
648 4954 941 4996 occursum
983 4940 1105 5005 tibi,
1126 4947 1184 4994 et
1208 4940 1403 4995 videns
1438 4948 1512 5005 te,
1535 4940 1812 4995 laetabitur
1835 4939 1891 4994 in
1912 4954 1971 4994 se
1994 4939 2133 5009 ipso:

550 5041 608 5089 et
632 5032 787 5090 dices
815 5031 884 5088 ad
912 5047 1062 5097 eum,
1080 5040 1140 5087 et
1167 5031 1327 5086 dabis
1350 5032 1519 5086 verba
1548 5047 1673 5087 mea
1706 5032 1765 5086 in
1798 5047 1861 5087 os
1887 5033 2007 5103 ejus
2026 5048 2057 5097 ;*
2079 5038 2137 5086 et

551 5141 653 5197 ego
681 5123 924 5196 aperiam
946 5138 1010 5178 os
1036 5130 1217 5187 tuum,
1247 5128 1311 5176 et
1332 5137 1395 5177 os
1422 5122 1564 5192 ejus,
1605 5129 1662 5175 et
1710 5122 1980 5177 instruam
2009 5135 2130 5186 vos,

553 5231 676 5286 qua
706 5216 921 5272 facietis
946 5233 961 5282 ;
997 5223 1055 5271 et
1083 5214 1206 5286 ipse
1241 5213 1501 5283 loquetur
1528 5211 1596 5266 ad
1623 5213 1983 5282 populum,et
2015 5213 2132 5283 ipse

552 5306 663 5361 erit
678 5315 832 5362 tuum
853 5324 935 5373 os,
956 5315 1015 5362 tu
1037 5321 1169 5362 vero
1187 5305 1266 5361 illi
1282 5305 1396 5361 eris
1419 5304 1478 5359 in
1503 5303 1571 5359 iis
1599 5319 1720 5374 quae
1733 5303 1802 5358 ad
1818 5304 1990 5359 Deum
2008 5305 2074 5357 ³⁸.
2103 5322 2121 5354 ι

551 5395 692 5452 Cum
751 5400 901 5454 enim
946 5400 1031 5455 lex
1081 5398 1423 5460 offendisset,
1467 5404 1527 5451 ut
1576 5394 1815 5459 infirma,
1866 5404 1924 5450 et
1962 5396 2133 5450 Israe-

554 5484 667 5543 lita:
695 5501 892 5557 parere
919 5490 1162 5556 nollent;
1192 5488 1441 5559 adjectus
1462 5496 1547 5543 est
1572 5485 1849 5551 Christus,
1886 5485 1979 5539 ille
2003 5499 2133 5540 vere

559 5576 771 5643 Levita,
801 5595 1142 5651 magnusque
1192 5581 1540 5637 sacerdotum
1597 5578 1875 5650 princeps,
1915 5577 2007 5633 ille
2037 5577 2132 5646 qui

2238 4569 2333 4623 καὶ
2364 4569 2472 4624 ίδοὺ
2504 4570 2663 4635 αὐτὸς
2697 4570 3039 4638 ἐξελεύσεται
3071 4574 3153 4636 είς
3186 4575 3512 4646 συνάντησίν
3560 4588 3670 4627 σοι’
3717 4568 3801 4624 καὶ

2242 4660 2365 4715 ιδὼν
2404 4678 2464 4715 σε
2495 4664 2794 4735 χαρήσεται
2831 4665 2889 4717 ἐν
2928 4662 3126 4736 ἐαυτῷ,
3152 4666 3248 4719 καὶ
3275 4666 3422 4736 ἐρεῖς
3448 4665 3582 4737 πρὸς
3613 4662 3762 4716 αὐτόν
3784 4676 3797 4690 ·

2239 4752 2550 4819 καὶοδὼσεις
2572 4754 2645 4809 τὰ.
2672 4754 2897 4826 ῥήματά
2928 4773 3028 4826 μου
3077 4757 3158 4819 είς
3185 4757 3247 4810 τὸ
3277 4756 3455 4827 στόμα
3485 4753 3647 4811 αὐτοῦ
3671 4771 3685 4785 ·
3714 4750 3800 4805 καὶ

2239 4846 2351 4915 ἐγὼ
2384 4846 2586 4913 ἀνοίξω
2612 4846 2676 4900 τὸ
2715 4847 2890 4918 στόμα
2916 4865 3032 4915 σου,
3077 4849 3174 4902 καὶ
3205 4847 3267 4902 τὸ
3296 4849 3471 4918 στόμα
3502 4844 3682 4909 αὑτοῦ,
3714 4841 3798 4897 καὶ

2243 4937 2568 5008 συμϐιϐάσω
2609 4938 2753 5008 ὑμᾶς
2792 4938 2829 4992 ἀ
2858 4942 3132 5011 ποιήσετε,
3158 4940 3253 4994 καὶ
3279 4939 3440 5004 αὑτός
3471 4955 3553 4992 σοι
3582 4934 3797 5006 προσλαι

2240 5030 2409 5102 λήσει
2439 5030 2577 5101 πρὸς
2613 5030 2705 5085 τὸν
2737 5031 2865 5085 λαόν
2888 5048 2903 5064 ο
2936 5032 3032 5085 καὶ
3062 5032 3226 5096 αὐτὸς
3266 5031 3419 5086 ἔσται
3460 5047 3553 5084 σου
3599 5029 3762 5097 στόμα
3782 5038 3795 5052 ⁸

2243 5121 2307 5175 σὺ
2331 5121 2389 5174 δὲ
2417 5119 2566 5190 αὐτῷ
2590 5120 2689 5194 ἔσῃ
2707 5121 2777 5176 τά
2805 5123 2941 5190 πρὸς
2964 5122 3056 5175 τὸν
3078 5122 3234 5176 Θεόν.
3260 5141 3280 5175 ι
3303 5115 3795 5194 Προσκεκρουκότος

2237 5213 2349 5284 γὰρ
2374 5211 2562 5284 ὥσπερ
2611 5212 2876 5285 ἀδρανοῦς
2926 5213 3023 5266 τοῦ
3071 5213 3260 5284 νόμου,
3300 5212 3393 5268 καὶ
3438 5207 3793 5281 ὴπειθηκότων

2237 5304 2377 5374 ἄγαν
2424 5304 2533 5358 τῶν
2561 5304 2621 5369 ἐξ
2656 5304 2895 5377 Ἰσραὴλ,
2933 5306 3233 5377 προσετέθη
3267 5305 3515 5377 Χριστὸς,
3547 5303 3577 5355 6
3604 5296 3792 5367 ἀληθὴς

2239 5394 2492 5465 Λευττης,
2523 5394 2551 5446 6
2582 5395 2753 5465 μέγας
2782 5395 3094 5466 ἀρχιερεὺς,
3115 5399 3144 5450 6
3165 5399 3279 5459 τοῖς
3307 5395 3411 5449 ὑπὸ
3438 5394 3600 5465 νόμον
3622 5402 3790 5445 συντε-

2238 5486 2531 5556 ταγμένος,
2557 5486 2634 5550 ὡς
2662 5485 2891 5556 ἀδελφὸς
2945 5486 3036 5541 διὰ
3071 5487 3134 5541 τὸ
3176 5487 3533 5560 ἀνθρώπινον,
3562 5486 3591 5537 6
3632 5477 3788 5547 Μωσῇ

2245 5576 2344 5645 μὲν
2368 5575 2608 5645 λαλήσας
2648 5576 2724 5641 ὼς
2757 5576 2913 5646 Θεὸς,
2944 5578 3412 5652 συμσιδαξόμενος
3439 5576 3503 5632 δὶ
3536 5571 3683 5647 παρά
3703 5565 3790 5625 τοῦ

631 5761 675 5794 ⁸³
701 5759 874 5829 Exod,
926 5758 1219 5829 ιν,1οι15.
1296 5760 1340 5793 ³³
1391 5760 1572 5816 Exod.
1609 5774 1688 5826 ιιι,
1720 5758 1804 5812 ll.
1884 5758 1929 5791 ³⁵
1987 5773 2060 5823 ιτ,
2114 5757 2142 5845 l-

2276 5754 2515 5829 "_lbid.,
2566 5755 2664 5820 ιι.
