4082 6304
287 354 396 410 253

1030 358 1120 414 DE
1156 358 1598 416 ADORATIONE
1635 361 1702 416 ΙΝ
1743 361 2013 418 SPIRJTU
2048 364 2139 419 ET
2177 366 2559 424 VEBITATE.
2598 370 2727 425 LIB.
2763 372 2828 427 ll.
2898 361 2905 365 ”

3435 374 3540 430 254

283 470 502 540 Πατρὺς
532 467 678 522 κατά
725 482 793 538 τι
818 469 887 524 τδ
914 470 1100 543 σχῆμα
1142 472 1203 524 τὸ
1248 473 1603 544 προφητικὸν,
1658 477 1707 529 εί
1761 476 1853 529 καὶ

1958 480 2047 547 iis,
2079 483 2176 552 qui
2205 485 2309 539 sub
2344 485 2462 555 lege
2507 494 2684 551 erant,
2732 488 3037 543 associatus
3088 496 3174 545 est
3225 497 3288 546 ut
3344 490 3535 557 frater,

282 560 400 613 ἔστι
433 558 665 629 Κύριος·
707 576 727 611 ι
763 560 1058 632 Προφήτην
1089 560 1198 631 γὰρ
1235 562 1523 633 ἀναστήσω
1569 563 1753 628 αὐτοῖς
1796 566 1861 618 ἐκ

279 650 398 705 τῶν
425 650 673 720 ἀδελφῶν
700 652 912 706 αὐτῶν·
940 653 1034 706 καὶ
1070 652 1225 724 Θήσω
1247 654 1375 718 τοὺς
1411 655 1602 723 λόγους
1641 671 1741 725 μου
1779 656 1860 720 είς

277 742 341 796 τὺ
371 742 549 812 στόμα
575 740 742 796 αὐτοῦ
764 757 779 771 ·
808 741 904 794 καὶ
926 741 1149 811 λαλήσει
1177 743 1360 808 αὐτοῖς
1382 743 1525 797 κατὰ
1557 744 1734 798 πάντα
1760 745 1860 797 ὅσα

279 833 350 887 ἂν
398 833 721 903 ὲντεὶλωμαι
766 818 973 896 αὐτοῖςζ
1029 850 1049 884 ι
1114 832 1459 902 Ἔφασκεκδὲ
1505 835 1600 887 καὶ
1643 834 1858 899 αὑτὺςὸ

278 924 545 996 Χριστός·
584 942 603 975 ι
650 925 771 977 Ἀπ’
816 922 1062 994 ἐμαυτοῦ.
1104 924 1171 977 οὑ
1201 924 1378 977 λαλῶ⁹
1423 923 1541 978 ἀλλ’
1582 928 1611 979 6
1634 925 1858 996 πέμψας

252 1058 257 1059 ,
283 1031 351 1083 με
380 1012 587 1083 Πατὴρ,
615 1012 781 1077 αὐτός
809 1029 898 1083 μοι
927 1012 1145 1083 ἐντολὴν
1167 1013 1391 1077 δέδωκε,
1414 1014 1466 1068 τί
1492 1015 1651 1078 εῐπω,
1682 1016 1779 1070 καὶ
1803 1017 1857 1070 τί

281 1100 527 1169 λαλήσω.
571 1120 589 1152 ι
628 1101 862 1171 Χριστὸς
892 1101 1000 1172 ἄρα
1044 1101 1435 1173 προσεφώνησε
1463 1103 1542 1174 τῷ
1585 1104 1720 1174 λαῷ,
1762 1106 1857 1159 καὶ

281 1192 461 1262 Μωσῇ
502 1189 598 1261 μὲν
620 1190 829 1257 γίνεται
861 1192 1036 1262 στόμα
1061 1191 1433 1263 διερμηνεύων
1457 1195 1589 1264 ἡμῖν
1617 1210 1857 1263 πνευμα-

280 1282 452 1346 τικῶς
481 1282 571 1335 τὸν
595 1281 779 1352 νόμον,
803 1283 1010 1351 Μωσῆς
1027 1282 1084 1336 δὲ
1108 1283 1256 1354 αὑτῷ
1280 1284 1522 1338 πάλιντά
1542 1285 1676 1357 πρὸς
1700 1285 1852 1341 Θεὸν.

278 1376 439 1426 Δοκεῖ
484 1373 590 1444 γάρ
607 1390 706 1426 που
754 1368 894 1426 εἶναι
933 1374 1052 1445 Θεῷ
1095 1376 1522 1447 προσεχέστερος
1553 1378 1581 1429 6
1625 1377 1850 1447 Μωσῆς,

281 1465 489 1518 ἑπείτοι
518 1465 738 1533 γέγονεν
769 1467 874 1520 ὑπὸ
900 1468 1063 1538 νόμον
1094 1470 1122 1522 6
1159 1468 1525 1539 Ἐμμανουὴλ,
1554 1469 1647 1521 καὶ
1675 1470 1743 1522 τὰ
1765 1470 1855 1524 διὰ

275 1555 377 1606 τοῦ
416 1554 689 1622 πανσόφου
722 1556 966 1621 Μωσέως
1020 1560 1207 1630 τηρεῖν
1239 1558 1604 1628 ἐπηγγέλλετο
1636 1558 1810 1627 λέγων
1832 1574 1848 1591 ⁶
1874 1620 1875 1623 η

285 1666 305 1699 ι
330 1644 423 1719 Μὴ
448 1648 704 1718 νομίσητε
723 1650 808 1702 ὅτι
826 1644 989 1720 ἦλθον
1024 1648 1325 1703 καταλῦσαι
1350 1648 1439 1702 τὸν
1460 1649 1642 1720 νόμον,
1667 1650 1700 1721 ἢ
1726 1651 1851 1714 τοὺς

279 1740 585 1808 προφήτας·
619 1739 719 1793 οὐκ
764 1735 928 1810 ἦλθον
953 1738 1274 1802 καταλῦσαι,
1310 1739 1447 1793 ἀλλὰ
1481 1739 1784 1811 πληρῶσαι.
1824 1760 1842 1792 ι

1965 580 2190 642 propter
2219 575 2653 643 humanitatem;
2688 577 2780 633 ille
2803 580 2898 648 qui
2924 594 3051 635 cum
3087 580 3269 652 Moyse
3313 582 3535 651 quidem
3626 606 3635 611 -

1963 662 2296 734 loquebatur
2319 674 2380 721 ut
2411 668 2576 732 Deus,
2612 683 2643 721 a
2667 668 2828 723 Patre
2857 676 3041 725 autem
3081 671 3443 738 edocebatur,
3467 688 3538 729 ex

1964 753 2288 822 prophetica
2310 771 2566 826 persona,
2603 758 3045 826 quam.tenebat,
3071 760 3203 816 licet
3237 762 3385 817 idem
3427 764 3535 819 Do-

1963 842 2146 900 minus
2171 853 2355 901 esset:
2399 847 2763 917 «Prophetam
2792 849 2976 918 fenim,
3022 851 3226 921 inquit,
3281 854 3536 909 excitabo

1964 933 2076 991 illis
2100 951 2169 991 ex
2196 935 2462 993 fratribus
2483 954 2698 1005 eorum,
2732 946 2788 994 et
2821 956 3022 1010 ponam
3049 942 3214 997 verba
3236 958 3357 999 mea
3386 945 3441 999 in
3473 960 3537 1001 os

1962 1025 2102 1095 ejus,
2158 1034 2216 1080 et
2251 1026 2508 1096 loquetur
2559 1027 2629 1082 ad
2661 1043 2758 1084 eos
2783 1030 2937 1100 juxta
2986 1031 3172 1085 omnia
3221 1047 3344 1101 qua:
3376 1048 3534 1087 man-

1961 1116 2167 1172 davero
2195 1118 2272 1172 illi
2306 1119 2368 1172 ³⁸.
2393 1138 2410 1169 ι
2448 1119 2570 1190 ipse
2594 1135 2814 1190 quoque
2846 1120 3102 1177 Christus
3132 1122 3391 1177 dicebat:
3425 1142 3444 1174 ι
3488 1122 3535 1178 Α

1962 1223 2050 1263 me
2077 1209 2196 1279 ipso
2226 1226 2336 1264 non
2370 1211 2588 1280 loquor,
2620 1211 2716 1267 sed
2752 1213 2849 1282 qui
2883 1213 3037 1268 misit
3079 1228 3189 1277 me,
3221 1213 3405 1278 Pater,
3442 1213 3535 1269 ille

1960 1298 2096 1353 mihi
2110 1300 2423 1355 mandatum
2444 1301 2617 1367 dedit,
2633 1301 2767 1372 quid
2783 1303 2980 1367 dicam,
2998 1312 3056 1358 et
3069 1303 3203 1373 quid
3217 1304 3413 1373 loquar
3430 1304 3495 1357 "’.
3507 1322 3527 1355 ι

1958 1388 2210 1446 Christus
2251 1408 2382 1463 ergo
2439 1394 2704 1463 populum
2743 1403 2828 1449 est
2877 1395 3188 1461 allocutus,
3252 1410 3317 1450 ac
3365 1395 3535 1466 Moysi

1959 1480 2183 1549 quidem
2206 1481 2266 1535 (it
2285 1497 2369 1545 os,
2400 1497 2526 1537 eum
2566 1483 2933 1552 spiritualiter
2952 1483 3115 1539 nobis
3146 1484 3321 1554 legem
3357 1483 3532 1538 inter-

1958 1579 2235 1640 pretatur:
2262 1572 2474 1645 Moyses
2521 1574 2600 1628 illi
2630 1588 2830 1630 rursus
2855 1575 2912 1628 in
2948 1574 3036 1639 iis,
3073 1590 3196 1644 quae
3222 1575 3292 1629 ad
3314 1575 3527 1630 Deum:

1960 1661 2180 1716 videtur
2202 1662 2351 1716 enim
2380 1663 2786 1732 quodammodo
2818 1665 2933 1719 Deo
2960 1664 3196 1719 vicinior
3222 1664 3531 1745 esse/Moy-

1957 1767 2065 1817 ses,
2089 1753 2533 1823 quandoquidem
2564 1754 2710 1809 idem
2734 1754 3057 1809 Emmanuel
3086 1754 3190 1808 sub
3216 1754 3335 1823 lege
3357 1752 3532 1809 factus

278 1830 657 1899 Μυσταγωγὸς
689 1828 782 1885 οὖν
809 1830 917 1902 ἄρα
941 1831 1120 1902 σαφὴς
1144 1834 1172 1886 6
1201 1832 1456 1903 Χριστὸς,
1486 1833 1555 1885 τὰ
1584 1832 1678 1884 τοῦ
1730 1832 1853 1903 βρα-

1957 1848 2043 1896 est
2071 1842 2137 1907 ³³,
2176 1850 2234 1896 et
2273 1858 2397 1912 qua:
2440 1857 2540 1912 per
2585 1843 2807 1914 Moysen
2869 1843 3272 1913 sapientissime
3324 1844 3529 1899 sancita

278 1921 592 1990 δυγλώσσου
638 1923 803 1993 νόμον
848 1923 989 1995 πρὸς
1031 1924 1339 1995 τρανότητα
1380 1923 1709 1994 μετατιθεὶς,
1761 1923 1856 1976 καὶ

278 2012 379 2084 τὴν
424 2013 519 2067 τοῦ
566 2014 895 2085 γράμματος
955 2016 1310 2085 ίσχνοφωνίαν
1355 2017 1437 2080 εις
1486 2016 1856 2087 εὐηχεστάτην

277 2101 470 2174 ὥσπερ
517 2104 911 2174 μεταπλὰττων
948 2104 1225 2177 ἐξήγησιν.
1268 2107 1641 2177 Πνευματικὸς
1690 2106 1799 2178 γὰρ
1826 2107 1854 2159 6

273 2194 446 2263 νόμος
468 2196 525 2247 ὲν
550 2194 792 2265 Χριστῷ,
821 2196 912 2249 καὶ
932 2196 1141 2264 ἀδελφὰ
1157 2199 1268 2261 τοῖς
1293 2196 1460 2253 πάλαι
1488 2197 1556 2250 τὰ
1588 2197 1652 2250 δι’
1686 2196 1851 2250 αὐτοῦ

271 2285 628 2355 κηρύγματα·
660 2287 903 2350 Μωσέως
931 2288 1034 2358 γὰρ
1064 2283 1132 2359 ἦν
1161 2288 1388 2356 ἁδελφὸς
1411 2289 1440 2341 6
1478 2287 1709 2358 Ἀαρὼν.

1950 1939 2132 1995 erant,
2169 1946 2393 1988 servare
2427 1949 2486 1989 se
2522 1934 2907 2004 proﬁtebatur,
2943 1949 3069 1989 cum
3103 1933 3350 1989 diceret:
3396 1934 3530 1990 «Νο-

1949 2021 2047 2075 lite
2080 2030 2274 2091 putare
2308 2024 2456 2093 quod
2486 2025 2730 2079 venerim
2773 2025 2985 2079 solvere
3020 2024 3197 2095 legem
3251 2034 3347 2079 aut
3398 2040 3529 2095 pro-

1949 2111 2167 2180 pbetas;
2206 2128 2316 2168 non
2348 2115 2475 2168 veni
2507 2114 2748 2179 solvere,
2789 2114 2886 2169 sed
2926 2114 3229 2184 adimplere
3264 2115 3329 2169 ’9.
3358 2134 3376 2166 ι
3433 2115 3531 2170 Est

1950 2198 2118 2269 igitur
2146 2200 2403 2257 Christus
2452 2204 2615 2271 plane
2650 2204 3042 2279 mysteriorum
3100 2204 3396 2274 interpres,
3431 2202 3527 2273 qui

1950 2289 2137 2359 legem
2168 2291 2395 2345 tardiori
2444 2292 2632 2362 lingua
2666 2293 2981 2362 loquentem
3010 2293 3079 2348 ad
3110 2294 3399 2350 clariorem
3441 2309 3531 2349 so-

266 2391 409 2430 num
462 2377 774 2443 transferat,
806 2379 1257 2449 graeilioremque
1298 2366 1504 2433 litterae
1555 2393 1746 2434 vocem
1813 2378 1882 2433 ad
1921 2379 2429 2450 interpretationem
2455 2383 2613 2452 longe
2640 2384 3077 2439 resonantiorem
3109 2386 3282 2441 veluti
3348 2386 3524 2442 refor-

266 2467 479 2523 mando
510 2477 828 2524 commutet.
863 2470 966 2541 75
998 2469 1312 2539 Spiritualis
1343 2478 1428 2524 est
1460 2470 1610 2524 enim
1657 2470 1747 2523 lex
1781 2470 1836 2524 in
1874 2469 2127 2538 Christo;
2195 2472 2315 2542 ejus
2353 2488 2574 2543 quoque
2606 2474 2925 2542 prazdicatio
2948 2475 3028 2530 illi
3053 2485 3139 2531 est
3175 2476 3350 2537 veteri
3405 2492 3531 2547 per-

263 2565 475 2621 similis
504 2565 577 2632 “;
612 2565 781 2638 Moysi
807 2582 1042 2636 namque
1059 2565 1232 2622 frater
1263 2573 1349 2621 est
1376 2567 1577 2622 Aaron.

349 2657 558 2710 ΠΑΛΛ.
599 2657 858 2729 Ἀδρανὴς
888 2645 1069 2713 οὖν’τό
1100 2675 1163 2727 γε
1201 2660 1282 2723 είς
1320 2660 1511 2714 ἑαυτὸν
1541 2650 1672 2727 ἧκον
1699 2660 1729 2714 6
1761 2658 1848 2714 νό-

272 2762 396 2819 μος
428 2748 743 2804 τετελείωκε
768 2751 875 2821 γὰρ
900 2750 1071 2806 οὐδέν.
1150 2786 1155 2789 ‹

344 2840 502 2893 ΚΥΡ.
520 2840 729 2905 Οὕτως,
756 2859 828 2911 φη
838 2843 917 2911 μὶ,
949 2843 1041 2895 καὶ
1066 2842 1127 2896 τό
1155 2859 1217 2910 γε
1245 2843 1321 2905 ὡς
1351 2842 1723 2914 μικροπρεπὲς
1754 2841 1850 2910 τῆς

270 2933 396 2984 κατ’
426 2931 588 2986 αὑτὸν
615 2932 889 2996 πολιτείας
927 2933 1268 3005 καταϐρήσαι
1296 2952 1379 2995 τις
1410 2933 1474 2987 ἂν
1504 2934 1596 2986 καὶ
1627 2933 1715 2987 διὰ
1741 2931 1850 2986 τῶν

269 3020 493 3091 ἐφεξῆς.
537 3023 850 3095 Γέγραπται
887 3025 1015 3096 γὰρ,
1059 3026 1138 3078 ὅτι
1175 3043 1194 3076 ι
1245 3024 1544 3097 Ἐπορεύθη
1602 3022 1845 3093 Μωσῆς.

270 3110 368 3163 καὶ
398 3111 705 3184 ἀπέστρεψε
737 3113 873 3185 πρὸς
914 3115 1082 3185 Ἰοθὸρ
1121 3114 1212 3168 τὸν
1241 3115 1488 3187 γαμϐρὸν
1522 3113 1682 3168 αὐτοῦ
1703 3153 1718 3179 ,
1754 3113 1848 3166 καὶ

270 3199 428 3256 εἶπεν
455 3202 634 3274 αὐτῷ·
675 3204 1028 3275 Πορεύσομαι·
1062 3207 1155 3257 καὶ
1187 3205 1515 3275 ἀποοτρέψω
1552 3204 1696 3286 πρὸς
1720 3203 1846 3265 τοὺς

2023 2657 2221 2713 PALL.
2244 2658 2471 2714 lnﬂrma
2492 2658 2659 2729 igitur
2687 2665 2775 2712 est
2800 2658 2887 2713 lex
2923 2657 3039 2728 ipsa
3085 2671 3183 2727 per
3221 2670 3280 2711 se
3323 2675 3334 2708 :
3388 2655 3528 2712 nihil

1953 2749 2102 2805 enim
2143 2749 2212 2804 ad
2247 2750 2555 2819 perfectum
2592 2749 2841 2804 adduxit.

2022 2840 2180 2896 CYR.
2209 2840 2461 2905 Maxime,
2498 2840 2750 2910 inquam;
2782 2838 2931 2909 quod
2960 2846 3143 2893 autem
3182 2829 3417 2892 obscura
3443 2826 3534 2891 at:

1955 2946 2062 3000 que
2092 2930 2320 2986 humilis
2345 2931 2513 2986 fuerit
2549 2932 2641 2984 illa
2670 2947 2739 2985 ex
2776 2931 2896 3000 ejus
2933 2936 3253 3000 praescripto
3296 2940 3525 2982 cumer-

1953 3025 2116 3089 satio,
2173 3040 2243 3079 ex
2300 3024 2390 3089 iis,
2440 3039 2563 3093 quae
2613 3030 2940 3091 sequuntur,
2996 3021 3298 3091 intelligere
3344 3017 3524 3089 quivis

1951 3116 2141 3184 possit.
2160 3114 2437 3183 Scriptum
2449 3121 2533 3167 est
2547 3114 2692 3167 enim
2714 3133 2727 3166 :
2749 3133 2767 3164 ι
2784 3113 2936 3167 Abiit
2958 3113 3186 3183 Moyses,
3204 3120 3260 3166 et
3275 3124 3525 3165 reversus

1949 3210 2035 3257 est
2054 3202 2122 3257 ad
2137 3202 2330 3258 Jethro
2354 3217 2606 3256 socerum
2634 3217 2814 3264 suum,
2843 3209 2899 3255 et
2926 3200 3064 3252 dixit
3087 3200 3198 3252 illi:
3224 3199 3319 3252 lbo
3343 3205 3403 3250 et
3430 3213 3522 3251 re-

271 3295 537 3365 ἀδελφούς
580 3312 679 3366 μου
712 3296 838 3359 τοὺς
888 3299 946 3349 ἐν
993 3296 1284 3368 Αἰγύπτῳ·
1318 3297 1410 3349 καὶ
1444 3296 1644 3365 ὄψομαι
1674 3296 1723 3346 εί
1766 3293 1846 3346 ἔτι

1956 3299 2131 3346 vertat
2168 3291 2238 3347 ad
2275 3292 2473 3345 fratres
2531 3306 2703 3355 meos,
2764 3290 2858 3360 qui
2911 3297 3039 3343 sunt
3085 3289 3139 3341 in
3170 3287 3436 3358 Egypto;
3470 3295 3528 3341 et

283 3385 440 3449 ζῶσι.
473 3386 583 3439 Καὶ
616 3382 769 3440 εἶπεν
808 3387 838 3440 6
879 3387 1047 3458 Ἰοθὺρ
1079 3386 1156 3457 τῷ
1203 3389 1374 3458 Μωσῇ
1396 3402 1407 3415 ·
1446 3385 1642 3450 Βάδιζε
1673 3384 1851 3453 ὑγιαί-

275 3494 403 3531 νων.
438 3476 594 3532 Μετὰ
634 3478 689 3531 δὲ
718 3477 817 3542 τὰς
851 3480 1060 3550 ἡμέρας
1097 3478 1195 3543 τὰς
1230 3479 1429 3541 πολλὰς
1459 3477 1700 3541 ὲκείνας,
1736 3479 1852 3529 ὲτε-

276 3570 539 3640 λεύτησεν
563 3570 592 3622 6
616 3569 866 3639 βασιλεὺς
893 3570 1183 3639 Αἰγύπτου·
1214 3570 1331 3623 εἷπε
1353 3571 1409 3624 δὲ
1434 3571 1462 3623 6
1482 3566 1686 3642 Κύριος
1715 3568 1851 3636 πρὸς

278 3663 454 3733 Μωσῆ
503 3663 561 3713 ὲν
610 3662 855 3732 Μαδιάμ⁸
902 3662 1126 3727 Βάδιζε,
1178 3662 1378 3717 ἄπελθε
1427 3663 1505 3726 είς
1532 3662 1802 3730 Αἴγυπτον
1832 3677 1846 3692 ·

278 3749 574 3819 τεθνήκασι
589 3751 701 3820 γὰρ
716 3753 765 3804 οἱ
789 3752 984 3815 πάντες
1001 3755 1048 3805 oi
1068 3752 1353 3824 ζητοῦντες
1372 3752 1467 3824 τὴν
1492 3752 1668 3824 ψυχήν
1687 3771 1800 3807 σου.
1828 3772 1845 3805 ι

290 3839 608 3894 Ἀναλαϐὼν
640 3842 697 3894 δὲ
745 3842 950 3913 Μωσῆς
980 3843 1078 3913 τὴν
1114 3845 1345 3912 γυναῖκα
1398 3845 1491 3898 καὶ
1528 3846 1596 3898 τὰ
1644 3845 1849 3910 παιδία,

278 3929 605 3983 ἀνεϐίϐασεν
637 3931 775 3985 αὐτὰ
816 3932 908 3985 ἐπὶ
957 3932 1026 3986 τὰ
1060 3932 1348 4002 ὑποζύγια,
1384 3932 1477 3987 καὶ
1515 3933 1852 4006 ἀπέστρεψεν

278 4024 356 4085 εἰς
385 4023 679 4090 Αἴγυπτον.

348 4115 556 4168 ΠΑΛᾹ.
605 4114 711 4166 Καὶ
742 4114 792 4167 τί
825 4116 882 4167 ἐν
908 4114 1145 4180 τούτοις
1188 4117 1248 4169 οὐ
1288 4117 1395 4187 γὰρ
1424 4116 1531 4187 ἔχω
1566 4120 1724 4183 νοεῖν,
1758 4117 1852 4171 καὶ

279 4207 502 4273 φράσαι,
520 4201 696 4276 ἐερόἶς
721 4206 945 4270 εἰκότως
960 4208 1055 4278 τὴν
1076 4206 1216 4261 κατὰ
1240 4208 1402 4277 νόμον
1422 4206 1564 4279 ζωὴν
1588 4207 1842 4279 ἐπαιτιῷ-

283 4295 341 4348 τό
364 4314 453 4360 τις
480 4298 565 4351 ἄν.

354 4389 522 4442 ΚΥΡ.
574 4390 766 4443 Καίτοι
828 4390 1087 4461 πλείστης
1140 4394 1273 4464 ὅσης
1316 4394 1591 4465 ὠχρῆμα
1636 4398 1854 4465 μομφῆς

281 4478 765 4551 ὲκμεμεστωμένον
811 4484 1013 4538 κατίδοι
1053 4502 1135 4547 τις
1182 4485 1271 4550 ἂν,
1319 4481 1363 4538 ὧ
1397 4486 1687 4551 Παλλάδιε,
1733 4489 1854 4549 ταῖς

281 4571 381 4623 τῶν
424 4574 806 4642 προκειμένων
840 4575 1067 4639 ἐννοίαις
1105 4576 1390 4646 προϐαλὼν
1420 4577 1845 4647 ὀξυωπέστερονο

1951 3383 2150 3438 videbo
2178 3383 2223 3438 si
2252 3382 2436 3437 adhuc
2468 3382 2673 3437 vivant.
2693 3382 2763 3435 Et
2794 3381 2934 3435 dixit
2960 3380 3155 3435 Jethro
3178 3380 3348 3449 Moysi
3374 3395 3387 3431 :
3421 3378 3528 3433 Va-

1950 3474 2018 3529 de
2050 3490 2259 3544 sospes.
2292 3474 2423 3529 Post
2475 3473 2596 3528 dies
2629 3483 2817 3527 autem
2849 3473 3052 3526 multos
3096 3470 3222 3524 illos
3278 3476 3530 3524 mortuus

1950 3574 2035 3623 est
2080 3581 2174 3620 rex
2216 3565 2434 3636 Egypti
2466 3583 2479 3617 :
2521 3565 2662 3619 dixit
2694 3572 2878 3618 autem
2912 3563 3179 3617 Dominus
3214 3561 3281 3616 ad
3311 3561 3528 3632 Moysen

1952 3657 2007 3710 in
2030 3656 2281 3710 Madian:
2308 3655 2477 3717 Vade,
2511 3654 2861 3724 proﬁciscere
2893 3652 2946 3706 in
2969 3652 3259 3724 zEgyptum
3289 3668 3304 3718 ;
3331 3651 3528 3706 mortui

1950 3755 2081 3802 sunt
2104 3748 2251 3801 enim
2277 3762 2471 3802 omnes
2498 3746 2592 3816 qui
2629 3746 2946 3815 quaerebant
2968 3746 3205 3798 animam
3242 3752 3390 3798 tuam
3415 3744 3478 3797 ⁵³.
3504 3761 3523 3794 ι

1946 3838 2094 3893 Cum
2141 3838 2315 3909 igitur
2365 3838 2673 3906 accepisset
2742 3836 2954 3907 Moyses
3024 3851 3253 3909 uxorem
3333 3851 3397 3890 ac
3449 3835 3524 3890 li-

1954 3928 2140 3993 beros,
2176 3929 2439 3999 imposuit
2462 3943 2559 3983 eos
2603 3942 2770 3997 super
2822 3927 3148 3997 subjugalia,
3176 3934 3233 3981 et
3270 3941 3529 3981 reversus

1952 4026 2038 4072 est
2059 4019 2113 4072 in
2144 4017 2456 4088 Egyptum.

2024 4108 2223 4164 PALL.
2244 4108 2515 4175 Quorsum
2535 4107 2649 4161 haec
2681 4106 2995 4176 pertinent?
3021 4122 3131 4160 non
3171 4105 3317 4159 enim
3362 4104 3529 4159 intel-

1953 4203 2099 4272 ligo;
2133 4209 2229 4255 aut
2293 4199 2508 4269 explica
2562 4214 2671 4268 quo
2705 4199 3070 4267 nominejure
3118 4195 3328 4265 culpari
3357 4194 3532 4263 possit

1954 4293 2046 4347 illa
2074 4292 2291 4346 vivendi
2325 4292 2485 4355 ratio,
2525 4306 2594 4345 ex
2626 4291 2746 4359 lege
2772 4289 3045 4343 instituta.
3490 4337 3498 4345 ,

2025 4382 2183 4437 CYR.
2210 4382 2402 4450 Atqui,
2429 4379 2660 4443 Palladi,
2711 4377 2966 4446 plurimis
3008 4374 3304 4430 accusandi
3349 4374 3531 4428 causis

1954 4487 2083 4525 eam
2109 4487 2230 4526 esse
2258 4472 2539 4534 refertam,
2572 4469 2757 4539 quivis
2784 4468 3006 4531 viderit,
3039 4467 3083 4521 si
3119 4465 3529 4535 propositorum

1954 4562 2250 4616 verborum
2285 4559 2615 4613 sententiam
2641 4557 2858 4613 acutius
2881 4548 3180 4626 inspexerit
3209 4573 3221 4607 :
3259 4566 3384 4609 nam
3413 4554 3525 4608 ele-

281 4661 351 4725 ὠς
404 4665 924 4735 προκεχειρισμένος
979 4668 1058 4729 είς
1126 4667 1429 4737 ἀποστολὴν
1481 4669 1509 4720 6
1569 4667 1852 4732 θεσπέσιος

1957 4660 2078 4708 ctus
2114 4652 2183 4706 ad
2204 4652 2346 4707 hanc
2369 4650 2697 4721 legationem
2718 4648 2950 4719 Moyses,
2991 4663 3102 4700 non
3132 4645 3201 4700 ad
3229 4661 3350 4699 eam
3378 4652 3531 4699 recto

282 4755 506 4824 Μωσῆς,
539 4756 638 4809 οὐκ
668 4756 988 4828 εὐθυδρομεῖ
1019 4757 1151 4828 πρδς
1175 4758 1333 4810 τοῦτο
1355 4758 1423 4810 τὰ
1454 4759 1510 4810 ὲν
1537 4757 1724 4827 κόσμῳ
1759 4774 1851 4826 με·

282 4847 410 4911 θεὶς,
446 4847 728 4918 μερίζεται
775 4850 831 4902 δὲ
870 4850 963 4903 καὶ
998 4852 1075 4914 είς
1123 4851 1377 4921 φροντίδα
1422 4851 1711 4921 σαρκικὴν,
1757 4848 1851 4902 καὶ

280 4941 387 5001 τοῖς
450 4939 593 4992 κατὰ
634 4939 787 5007 γένος
835 4941 1317 5010 προαεδακοινοῦται
1361 4941 1459 5011 τὴν
1520 4940 1847 5010 ἀποδημίαν.

284 5029 386 5081 Καὶ
417 5030 481 5082 οὐ
509 5031 771 5101 ’πρότερον
800 5032 973 5096 ὲξέθει
1020 5034 1118 5102 τῆς
1150 5033 1498 5102 Μαδιηναίων
1519 5072 1534 5097 ,
1574 5034 1622 5084 εί
1656 5033 1729 5102 μὴ
1767 5048 1852 5084 τε·

285 5119 485 5173 Θνεῶτα
513 5122 694 5175 λοιπὸν
721 5123 812 5175 τὸν
850 5123 948 5192 τῆς
986 5125 1293 5191 Αἰγυπτίων
1347 5123 1614 5193 ἐμάνθανε
1655 5122 1854 5188 τύραν-

285 5225 370 5260 νον
394 5226 407 5239 ·
453 5211 642 5264 ἐδεδίει
671 5212 779 5283 γὰρ
814 5214 1063 5267 τεθνάναι
1094 5215 1231 5267 λίαν.
1279 5216 1496 5285 Ἐπειδὴ
1536 5215 1590 5267 δὲ
1620 5213 1726 5266 τῶν
1765 5214 1855 5266 ἐπὶ

286 5298 489 5362 τούτοις
508 5300 772 5370 δειμάτων
794 5303 1109 5373 ἀπήλλακτο
1130 5306 1560 5376 προηγγελκότος
1585 5304 1732 5375 αὐτῷ
1758 5305 1851 5357 τοῦ

286 5386 437 5453 Θεοῦ,
467 5390 585 5443 τότε
621 5391 685 5461 δὴ
720 5393 869 5461 μόλις
907 5395 1187 5448 ἀναλαϐὼν
1227 5396 1324 5467 τὴν
1374 5400 1608 5465 γυναῖκα
1653 5398 1746 5451 καὶ
1786 5396 1854 5450 τὰ

288 5479 489 5543 παιδία,
531 5484 773 5536 κάτεισιν
807 5487 886 5550 εἰς
910 5487 1005 5558 τὴν
1029 5489 1357 5556 Αίγυπτίων,
1385 5491 1762 5558 ἀποπεραίνων
1788 5489 1856 5541 τὰ

292 5571 753 5640 προστεταγμένα.
779 5571 957 5637 Τόπος
978 5574 1021 5626 δ’
1044 5573 1110 5627 ἂν
1134 5574 1215 5645 εἴη
1238 5575 1392 5627 ταυτὶ
1412 5575 1511 5643 τῆς
1532 5574 1669 5626 κατὰ
1694 5574 1853 5643 νόμον
1895 5594 1904 5601 η

1957 4762 2131 4801 cursu
2155 4745 2350 4810 tendit,
2386 4744 2552 4799 rebus
2589 4741 2883 4797 mundanis
2924 4739 3181 4810 abjectis;
3208 4737 3532 4792 distrahitur

1959 4845 2143 4891 autem
2177 4838 2342 4892 etiam
2376 4837 2428 4890 in
2459 4850 2623 4890 curas
2675 4833 2942 4896 carnales,
2976 4846 3040 4885 ac
3068 4831 3225 4900 prius
3278 4843 3404 4883 cum
3439 4842 3533 4882 eo-

1957 4929 2136 5000 gnatis
2167 4930 2234 4984 de
2266 4928 2603 4998 perfectione
2646 4942 2746 4980 sua
2780 4923 3186 4986 communicat,
3220 4936 3325 4975 nec
3374 4919 3530 4989 prius

1957 5020 2194 5075 excessit
2247 5036 2277 5073 e
2321 5018 2740 5073 Madianitarum
2786 5014 3027 5085 regione,
3076 5026 3239 5081 quam
3288 5010 3530 5063 audisset

1959 5120 2236 5167 mortuum
2267 5124 2387 5164 esse
2436 5108 2810 5179 Egyptiorum
2866 5113 3160 5177 tyrannum
3194 5119 3206 5153 :
3249 5098 3530 5152 metuebat

1960 5204 2108 5260 enim
2128 5202 2422 5257 admodum
2447 5216 2516 5255 ne
2540 5194 3107 5259 occideretur.At,ubi
3129 5188 3529 5245 histerroribus

1960 5305 2066 5359 est,
2097 5296 2210 5349 Deo
2244 5295 2552 5356 nuntiante,
2580 5292 2865 5351 liberatus,
2894 5296 3006 5342 tum
3029 5299 3160 5339 vero
3184 5282 3271 5335 vix
3287 5279 3524 5343 tandem,

1960 5395 2183 5457 accepta
2218 5401 2387 5440 uxore
2416 5401 2480 5439 ac
2504 5381 2716 5444 liberis,
2749 5375 3033 5432 descendit
3063 5374 3118 5427 in
3144 5371 3523 5443 Egyptiorum

1960 5478 2116 5541 lines,
2145 5493 2207 5532 ac
2235 5476 2329 5530 Dei
2355 5476 2505 5545 jussa
2559 5468 2897 5537 exsequitur.
2933 5465 3057 5519 Haec
3079 5479 3207 5517 vero
3250 5461 3431 5517 omnia
3459 5460 3525 5513 ﬁ-

1960 5584 2106 5637 gura
2139 5575 2266 5621 sunt
2298 5565 2445 5625 vitm,
2506 5559 2806 5615 secundum
2850 5557 3026 5625 legem
3073 5553 3355 5616 institute,
3405 5564 3526 5619 qua

362 5680 404 5712 ⁸⁸
430 5682 591 5753 Deut.
638 5701 786 5752 xvm,
821 5687 905 5741 18..
977 5690 1018 5722 ³⁷
1050 5690 1205 5745 Joan.
1240 5705 1331 5753 xu,
1364 5690 1443 5743 l9.
1523 5688 1567 5720 ³⁸
1594 5689 1759 5743 Rom.
1784 5702 1896 5749 vm,
1926 5685 1976 5736 7.
2054 5684 2097 5714 ³⁵
2127 5680 2291 5733 Matth
2348 5694 2398 5741 ν,
2434 5677 2517 5730 l7.
2592 5676 2634 5705 ’⁸ο
2666 5672 2828 5727 llebr.
2876 5684 2967 5733 vn,
3012 5667 3094 5722 ll.
3173 5667 3213 5698 δ’
3244 5663 3417 5741 Exod.
3448 5679 3524 5731 tv,

299 5749 382 5815 13,
424 5752 509 5804 l‘J.
