4082 6304
1627 331 1682 388 S.
1722 331 2000 392 CYRlLLI
2038 329 2510 388 ALEXANDRINI
2550 329 2868 384 ARCHIEP.
3743 335 3826 390 9.56

604 447 779 500 divisa
825 443 1230 513 quodammodo
1263 452 1370 508 est,
1425 446 1572 500 etin
1630 455 1923 517 utramque
1970 457 2177 517 partem

2284 445 2449 515 ζωῆς,
2485 443 2892 515 μεμερισμένης
2919 442 3116 513 τρόπον
3141 444 3282 510 τινὰ,
3312 447 3404 499 καὶ
3439 447 3523 500 ἐπ*
3550 447 3704 517 ἄμφω
3729 448 3826 519 βλε.

605 543 837 605 spectat,
872 535 939 590 ad
973 535 1208 601 divinas,
1247 536 1493 605 inquam,
1529 553 1619 592 res
1649 547 1707 592 et
1745 532 2179 607 humanas;'ne,-

601 641 709 696 que
731 633 816 680 est
841 626 988 680 enim
1020 643 1052 680 a
1086 627 1236 682 curis
1291 628 1527 683 terrenis
1551 643 1616 684 ac
1643 629 1941 684 mundanis
1986 629 2177 693 libera,

603 731 780 787 neque
801 719 950 772 omni
983 733 1051 771 ex
1079 726 1236 787 parte
1259 733 1431 772 sacra.
1474 718 1638 789 Atqui
1683 722 1998 791 evangelica
2047 737 2179 776 con-

2281 533 2512 602 πούσης,
2544 533 2679 604 πρός
2709 550 2768 585 τε
2795 533 2863 586 τά
2892 533 3011 586 θεῖά
3040 549 3181 603 φημι
3209 534 3303 586 καὶ
3331 535 3659 606 ἀνθρώπινα.
3697 540 3825 594 Ἐστι

2281 630 2388 697 γὰρ
2433 625 2496 696 δὴ
2543 624 2821 696 φροντίδος
2859 625 2959 678 οὐκ
3006 625 3264 696 ἐλευθέρα
3297 626 3528 694 γεώδους
3558 645 3614 681 τε
3650 631 3734 682 καὶ
3758 649 3831 686 ιω-

2283 718 2506 788 σμικῆς,
2535 716 2659 770 οὒτε
2721 717 2826 786 μὴν
2855 717 3088 770 είσάπαν
3132 717 3270 784 ιερὰ.
3306 718 3481 771 καίτοι
3517 719 3611 787 τῆς
3639 721 3832 790 suam.

605 810 845 864 versatio
875 809 1026 864 nullo
1064 809 1228 864 modo
1262 825 1487 879 prorsus
1515 811 1570 865 in
1591 827 1655 865 ea
1686 828 1806 880 qua:
1836 812 2019 866 carnis
2055 819 2177 866 sunt

2278 810 2436 878 λικῆς
2463 809 2736 872 πολιτείας
2771 809 2871 862 οὐκ
2898 808 3127 879 ἐχούσης
3149 809 3284 872 ὅλως
3313 811 3371 862 τὸ
3396 811 3700 881 μερίζεσθαι
3720 816 3830 883 πρὸς

602 899 909 963 dividitur,
965 906 1061 953 aut
1119 899 1522 954 mundanorum
1582 902 1925 970 negotiorum
1991 916 2178 967 curas;

2284 900 2352 954 τὰ
2381 901 2604 971 σαρκὸς,
2636 901 2804 971 ἡγουν
2831 899 2967 970 πρὸς
2999 900 3067 952 τὰ
3095 901 3152 952 ὲν
3183 901 3372 970 κόσμῳ
3409 903 3713 970 πράγματα.
3737 905 3832 958 ὁλο-

2281 989 2497 1060 τρόπως
2538 989 2622 1050 δὲ,
2681 987 2870 1058 ὥσπερ
2923 986 3256 1060 ἁφιερούσης
3314 989 3391 1058 τῷ
3440 990 3555 1058 Θεῴ
3589 995 3703 1054 τοὺς
3749 995 3833 1045 ὑπὸ

2281 1079 2502 1151 Χριστῷ
2551 1080 2862 1148 γεγονότας.
2895 1098 2914 1130 ι
2951 1081 3014 1133 Ol
3057 1080 3164 1150 γὰρ
3191 1078 3284 1132 τοῦ
3329 1081 3504 1148 Ἰησοῦ
3549 1083 3825 1152 Χριστοῦ,›

2283 1172 2436 1241 φησὶ,
2461 1190 2480 1222 ι
2511 1169 2608 1240 τὴν
2637 1171 2811 1239 σάρκα
2832 1171 3182 1242 ἐσταύρωσαν
3208 1172 3304 1224 σὺν
3328 1176 3440 1234 τοῖς
3473 1173 3736 1241 παθήμασι
3757 1177 3830 1228 καὶ

2280 1264 2400 1324 ταῖς
2436 1262 2770 1331 ἐπιθυμίαις.
2799 1281 2817 1313 ι
2845 1263 2952 1315 Kal
2973 1260 3104 1330 γοῦν
3143 1263 3330 1334 ἐπειδή
3362 1280 3446 1326 τις
3477 1263 3581 1315 τῶν
3611 1265 3830 1334 μαθητῶν

2284 1350 2596 1422 προσελθὼν
2624 1350 2829 1420 ἔφασκε
2867 1350 2946 1422 τῷ
2973 1353 3214 1423 Χριστῷ·
3257 1371 3275 1402 ι
3303 1353 3617 1414 Διδάσκαλε,
3647 1356 3831 1425 ἐπίτρε-

2281 1441 2381 1510 ψόν
2408 1458 2498 1510 μοι
2520 1441 2734 1512 πρῶτον
2758 1440 3016 1495 ἀπελθεῖν
3033 1443 3126 1496 καὶ
3151 1442 3318 1512 θάψαι
3348 1443 3441 1497 τὸν
3469 1444 3671 1515 πατέρα
3693 1463 3824 1515 μον»

2282 1533 2379 1600 τὴν
2414 1532 2563 1602 ίεράν
2613 1531 2920 1603 όλοτρόπως
2971 1533 3278 1587 ἐδιδάσκετο
3314 1533 3606 1597 πολιτείαν,
3639 1535 3822 1589 ἀκούων

541 1057 547 1068 κ
583 992 737 1059 .quin
771 991 954 1062 potius
978 1006 1092 1054 eos,
1117 991 1213 1060 qui
1239 992 1342 1046 sub
1364 991 1574 1068 Christi
1605 992 1820 1047 ditioue
1856 1001 2004 1056 sunt,
2038 1001 2182 1048 totos

603 1085 833 1139 omnino
867 1085 996 1147 Deo,
1033 1084 1205 1138 veluti
1233 1066 1520 1139 consecrat
1557 1093 1721 1154 atque
1748 1085 2004 1140 dedicat:
2042 1105 2059 1135 ι
2080 1084 2182 1150 Qui

609 1175 755 1229 cnim
789 1183 917 1230 sunt
949 1175 1078 1230 Jesu
1109 1174 1338 1240 Christi,
1382 1176 1582 1244 inquit,
1613 1192 1836 1230 carnem
1867 1191 2021 1231 suam
2059 1192 2190 1231 cru-
2242 1233 2245 1236 _

606 1265 898 1320 ciﬁxerunt
936 1281 1060 1320 cum
1094 1267 1326 1321 vitiis-et
1359 1267 1825 1336 concupiscentiis
1865 1267 1930 1322 ⁵⁸.
1953 1287 1971 1318 ι
1995 1268 2183 1338 Itaque

605 1357 716 1426 76
745 1356 1052 1424 discipulus
1078 1358 1322 1426 quidam,
1355 1373 1480 1412 cum
1505 1358 1773 1413 accedens
1798 1359 2182 1414 diceretChri-

605 1455 690 1501 sto
719 1465 733 1500 :
772 1466 790 1496 ι
817 1448 1092 1518 Magister,
1119 1450 1379 1518 permitte
1424 1449 1564 1503 mihi
1595 1451 1749 1519 prius
1788 1451 1890 1516 ire,
1924 1460 1980 1506 et
2021 1467 2184 1522 sepe-

603 1537 708 1592 lire
736 1545 945 1606 patrem
999 1554 1182 1594 meum
1215 1540 1281 1605 “,
1311 1560 1329 1591 ι
1377 1557 1547 1596 sacrae
1573 1543 1722 1597 omni
1769 1559 1838 1599 ex
1873 1553 2028 1614 parte
2059 1545 2188 1601 vita:

604 1625 872 1681 rationem
899 1626 1113 1692 didicit,
1145 1643 1272 1682 cum
1301 1629 1450 1684 illico
1478 1631 1724 1686 audivit:
1757 1651 1775 1683 ι
1804 1631 2046 1702 Sequere
2073 1651 2177 1702 me;

2283 1622 2476 1686 5686;°'
2498 1640 2516 1673 ι
2551 1622 2866 1675 Ἀκολούθει
2891 1640 3001 1694 μοι,
3023 1623 3118 1677 καὶ
3142 1624 3279 1692 ἄφες
3301 1623 3432 1684 τοὺς
3453 1626 3670 1696 νεκροὺς
3689 1623 3827 1694 θάψαι

603 1722 662 1768 et
709 1714 928 1770 dimitte
974 1726 1226 1774 mortuos
1281 1720 1519 1789 sepelire
1576 1729 1827 1777 mortuos
1887 1739 2016 1779 suos
2063 1725 2128 1778 “.
2157 1744 2176 1776 ι

2282 1713 2408 1777 τοὺς
2433 1713 2641 1768 ἑαυτῶν
2666 1713 2912 1785 νεκρούς.
2957 1733 2977 1766 ι
3022 1714 3229 1785 Γράφει
3262 1713 3318 1766 δέ
3355 1731 3470 1768 τισι
3495 1715 3584 1768 καὶ
3613 1716 3639 1767 6
3663 1714 3828 1768 θεσπέ-

603 1805 749 1873 Quin
795 1807 960 1862 etiam
1019 1811 1212 1864 scribit
1252 1811 1320 1864 ad
1385 1811 1654 1880 quosdam
1704 1813 2046 1869 admirabilis
2093 1815 2177 1870 vir

2280 1820 2391 1866 σιος
2421 1803 2657 1865 Παῦλος’
2697 1822 2714 1854 ι
2741 1803 2870 1856 Ὅτε
2905 1803 3204 1873 ηὐδόκησεν
3247 1806 3275 1856 6
3318 1802 3456 1867 Θεὸς
3515 1805 3831 1873 ἀποκαλύψαι

605 1897 845 1952 Paulus:
887 1917 904 1949 ι
937 1897 1073 1954 Cum
1101 1901 1309 1970 placuit
1335 1902 1446 1956 Deo
1485 1905 1727 1958 revelare
1777 1905 1977 1958 Filium
2019 1922 2177 1961 suum

2287 1895 2377 1947 τὸν
2398 1894 2524 1947 Υἱὸν
2563 1894 2725 1948 αὐτοῦ
2759 1896 2815 1946 ὲν
2855 1895 2997 1964 ἐμοὶ,
3037 1895 3124 1948 ἵνα
3154 1895 3594 1964 εὐαγγελίζωμαι
3621 1897 3763 1949 αὑτὸν
3786 1898 3832 1951 ὲν

2283 1986 2396 2046 τοῖς
2422 1983 2650 2047 ἔθνεσιν,
2687 1983 2887 2046 εὐθέως
2919 1985 2979 2035 οὐ
3023 1983 3445 2054 προσανεθέμην
3472 1985 3627 2054 σαρκὶ
3655 1985 3738 2036 καὶ
3763 1985 3832 2036 αἴ-

2287 2091 2436 2144 ματι.
2473 2093 2492 2126 ι
2525 2075 2984 2145 Προσανατίοεται
3013 2075 3071 2127 δὲ
3100 2075 3324 2143 Μωσῆς.
3371 2073 3695 2145 Μεμέρισται
3721 2075 3826 2146 γὰρ,

2281 2165 2355 2228 ὡς
2383 2164 2539 2235 ἔφην,
2577 2168 2610 2235 ή
2656 2166 2797 2219 κατὰ
2831 2166 2993 2236 νόμον
3028 2166 3139 2234 ζωὴ
3160 2206 3174 2231 ,
3209 2169 3390 2220 κεῖται
3425 2166 3481 2218 δὲ
3533 2165 3608 2220 ἔτι
3636 2168 3721 2219 καὶ
3748 2167 3831 2219 ὑπὸ

2279 2256 2371 2308 τὸν
2398 2255 2491 2308 τοῦ
2523 2256 2750 2309 θανάτου
2781 2257 2964 2325 φόϐον.
3019 2257 3236 2308 Ἑδεδίει
3269 2257 3391 2328 γὰρ
3415 2260 3442 2310 6
3467 2258 3662 2327 Μωσῆς
3691 2273 3825 2310 κατε-

2279 2347 2486 2400 δαίνειν
2529 2348 2610 2409 είς
2649 2347 2945 2415 Αῐγυπτον,
2996 2347 3056 2400 τὸ
3105 2347 3357 2400 τεθνάναι
3419 2347 3828 2417 παραιτούμενος.

606 1988 664 2042 in
695 2005 806 2055 me,
833 1997 897 2044 ut
921 1994 1361 2065 ~evangelizarem
1403 1994 1557 2048 illum
1601 1996 1659 2049 in
1689 1997 1965 2066 gentibus,
2001 1999 2179 2053 conti-

603 2095 718 2134 nuo
751 2097 863 2136 non
891 2085 1199 2138 consultavi
1234 2101 1372 2139 eum.
1399 2101 1562 2141 carne
1584 2095 1641 2141 et
1659 2089 1926 2158 sanguine
1961 2088 2026 2142 “'.
2050 2110 2067 2141 ι
2111 2089 2190 2146 At‘

604 2185 670 2226 ea
702 2172 914 2244 Moyses
947 2175 1174 2230 adhibet
1197 2176 1254 2230 in
1287 2178 1615 2244 consilium;
1657 2178 1832 2233 divisa
1871 2180 2020 2234 enim
2069 2189 2176 2247 est,

605 2273 668 2320 ut
705 2264 838 2329 dixi,
869 2266 962 2320 illa
1013 2281 1078 2320 ex
1107 2267 1226 2336 lege
1279 2267 1500 2322 vivendi
1541 2269 1700 2332 ratio,
1741 2271 1913 2324 metui
1961 2285 2180 2340 quoque

603 2357 796 2411 mortis
822 2357 1074 2412 obnoxia.
1134 2359 1386 2413 Timebat
1429 2375 1664 2429 namque
1691 2361 1899 2432 Moyses
1946 2363 2182 2418 descen-

602 2446 734 2504 dere
767 2448 824 2502 in
860 2447 1176 2520 Egyptum,
1226 2449 1423 2504 mortis
1453 2451 1760 2519 periculum
1807 2453 2102 2523 refugiens.
2130 2455 2179 2508 Is

602 2548 785 2594 autem
817 2547 997 2595 metus
1032 2542 1087 2594 in
1115 2540 1338 2595 Christo
1370 2549 1668 2595 evacuatus
1712 2551 1815 2596 est.
1844 2543 2013 2612 quue
2042 2544 2184 2597 Pau-

601 2630 690 2685 lus
733 2631 879 2685 idem
919 2631 1208 2686 confirmat
1241 2641 1354 2685 tum
1386 2632 1455 2686 de
1493 2633 1732 2698 Christo,
1763 2641 1878 2687 tum
1918 2635 2084 2689 etiam
2109 2636 2177 2690 de

601 2719 765 2773 nobis
793 2720 1042 2788 loquens,
1084 2739 1102 2769 ι
1133 2720 1271 2786 Quia
1316 2721 1464 2775 enim
1520 2723 1678 2792 pueri
1729 2727 2175 2781 communicave-

601 2817 734 2863 runt
787 2810 941 2864 carni
986 2818 1042 2863 et
1070 2811 1343 2881 sanguini,
1387 2819 1444 2866 et
1492 2813 1607 2882 ipse
1654 2814 1911 2869 similiter
1947 2818 2176 2886 partici-

600 2899 751 2969 pavit
779 2900 1008 2964 eisdem,
1044 2912 1106 2955 ut
1142 2917 1240 2971 per
1273 2912 1505 2958 mortem
1535 2903 1848 2960 destrueret
1881 2923 2029 2972 eum,
2079 2909 2185 2979 qui-

2280 2438 2636 2507 Κατήργηται
2669 2436 2724 2489 δὲ
2758 2438 2852 2490 καὶ
2884 2437 3041 2489 τοῦτο
3077 2440 3134 2490 ὲν
3182 2437 3433 2507 Χριστῷ.
3465 2438 3568 2490 Kal
3602 2436 3832 2491 πιστώσεο

2279 2513 2378 2580 ται·
2395 2527 2568 2596 λέγων
2589 2529 2617 2580 ὁ
2639 2528 2782 2598 ἱερὸς
2811 2527 3020 2591 Παῦλος
3053 2528 3180 2599 περί
3207 2546 3265 2580 τε
3292 2528 3537 2599 Χριστοῦ
3570 2531 3654 2582 καὶ
3678 2529 3826 2598 ἡμῶν·

2283 2635 2303 2668 ι
2346 2616 2564 2688 Ἐπειδὴ
2607 2618 2716 2689 γὰρ
2761 2619 2828 2671 τὰ
2863 2618 3050 2671 παιδία
3097 2619 3470 2689 κεκοινώνηκε
3518 2619 3705 2691 σαρκὸς
3748 2620 3828 2674 καὶ

2276 2707 2526 2776 αἵματος,
2553 2709 2647 2760 καὶ
2671 2709 2831 2772 αὐτὸς
2852 2708 3243 2780 παραπλησίως
3271 2710 3508 2781 μετέσχε
3532 2711 3633 2763 τῶν
3654 2711 3824 2765 αὐτῶν·

2277 2805 2365 2859 ἵνα
2392 2804 2479 2859 διὰ
2503 2805 2598 2859 τοῦ
2625 2805 2854 2859 θανάτου
2884 2811 3210 2879 καταργήσῃ
3235 2806 3325 2859 τὸν
3357 2807 3428 2859 τὸ
3457 2807 3646 2878 κράτος
3672 2805 3829 2876 ἔχοντα

2274 2897 2368 2951 τοῦ
2405 2899 2656 2960 θανάτου,
2684 2898 2826 2951 τοῦτ’
2854 2898 2990 2960 ἐστι,
3023 2898 3112 2951 τὸν
3155 2897 3428 2963 διάϐολον,
3467 2900 3557 2952 καὶ
3584 2899 3830 2969 ἀπαλλάξῃ

601 2991 838 3046 habebat
866 2991 1059 3048 mortis
1094 2993 1408 3062 imperium,
1443 2994 1496 3048 id
1527 3002 1632 3059 est,
1682 2995 1984 3063 diabolum,
2019 3007 2074 3054 et
2105 3001 2172 3054 li-

2275 2987 2516 3051 τούτους,
2547 2990 2660 3042 ὅσοι
2685 2988 2831 3058 φόϐῳ
2849 2988 3075 3042 θανάτου
3097 2989 3185 3042 διὰ
3215 2990 3425 3054 παντὸς
3446 2991 3534 3043 τοῦ
3555 2991 3648 3061 ζῇν
3678 2990 3827 3060 ἔνοχοι

600 3082 951 3148 berareteos,
971 3085 1065 3154 qui
1097 3085 1290 3140 timore
1321 3087 1528 3141 mortis
1548 3103 1646 3157 per
1677 3094 1843 3142 totam
1865 3090 2031 3145 vitam
2071 3092 2174 3147 ob—

2275 3075 2414 3150 ἧσαν
2447 3080 2705 3142 δουλείας.
2740 3100 2758 3132 ›
2791 3081 3092 3151 ,Τοιγάρτοι
3152 3083 3246 3135 καὶ
3286 3084 3460 3136 αὑτοῦ
3491 3084 3578 3136 τοῦ
3612 3085 3828 3136 τεθνάναι

599 3175 749 3229 noxii
795 3183 952 3230 erant
991 3175 1244 3231 servituti
1297 3175 1362 3230 ‘°.
1389 3197 1406 3228 ι
1449 3178 1636 3247 Itaque
1695 3179 1958 3236 adversus
1999 3183 2172 3252 ipsam

2280 3172 2482 3239 λοιπὸν,
2516 3175 2544 3226 6
2569 3172 2676 3225 τῶν
2703 3174 2872 3240 ἁγίων
2895 3174 3360 3246 καταθρασύνεται
3398 3176 3539 3240 νοῦς.
3577 3178 3708 3248 Ἔφη
3740 3177 3829 3244 γὰρ

599 3281 817 3335 quoque
855 3279 1087 3322 mortem
1123 3276 1437 3323 sanctorum
1474 3269 1720 3324 virorum
1751 3271 1966 3327 animus
2000 3273 2173 3327 auda-

2280 3261 2441 3316 πάλιν
2465 3262 2493 3314 6
2535 3261 2762 3324 Παῦλος·
2798 3280 2816 3313 ι
2865 3264 3018 3333 Ἐμοὶ
3049 3266 3154 3335 γὰρ
3181 3265 3240 3318 τὸ
3266 3266 3365 3332 ζῇν
3401 3268 3654 3338 Χριστὸς,
3679 3267 3828 3320 καὶτὸ

598 3367 717 3412 cter
755 3358 1009 3430 insurgit.
1040 3359 1130 3412 Ait
1150 3360 1294 3413 enim
1323 3361 1526 3416 Paulus
1547 3378 1795 3416 rursum:
1824 3364 1982 3418 «Mihi
2015 3382 2176 3421 nam-

2278 3352 2568 3406 ἀποθανείν
2600 3353 2806 3422 κέρδος.
2843 3372 2864 3405 ι
2911 3356 3018 3407 Καὶ
3047 3355 3228 3408 πάλιν·
3277 3376 3296 3407 ι
3330 3357 3433 3422 Τίς
3462 3361 3604 3429 ἡμᾶς
3634 3359 3826 3429 χωρίσει

597 3463 705 3516 que
752 3449 938 3504 vivere
985 3449 1237 3504 Christus
1269 3458 1375 3514 est,
1432 3460 1488 3505 et
1535 3453 1673 3506 mori
1708 3453 1924 3507 lucrum
1949 3455 2014 3510 ".
2047 3475 2064 3506 ›
2105 3457 2172 3511 Ει

2277 3445 2384 3498 ἀπὸ
2421 3445 2522 3514 τῆς
2552 3444 2772 3515 ἀγάπης
2796 3445 2888 3498 τοῦ
2923 3447 3192 3516 Χριστοῦ;
3230 3447 3418 3516 θλίψις
3447 3451 3479 3521 ἢ
3511 3453 3823 3520 στενοχωρία,

598 3540 829 3593 iterum:
863 3558 882 3591 ι
904 3539 1038 3606 Quis
1066 3556 1167 3595 nos
1203 3543 1483 3611 separabit
1539 3559 1568 3597 a
1611 3545 1876 3600 charitate
1925 3545 2172 3601 Christi?

2276 3535 2310 3604 ἦ
2351 3536 2684 3607 διωγμὸς,-ἣ
2717 3535 2901 3606 λιμὸς,
2933 3537 2966 3607 ἢ
2997 3539 3290 3608 γυμνότης,
3328 3541 3374 3610 ή
3399 3542 3652 3603 κίνδυνος,
3681 3542 3709 3610 ἢ
3739 3542 3824 3610 μά-

599 3627 930 3693 Tribulatio,
950 3645 1018 3683 an
1040 3629 1308 3700 angustia,
1337 3645 1404 3682 an
1426 3632 1756 3699 persecutio,
1788 3648 1856 3686 an
1883 3632 2071 3698 fames,
2101 3649 2168 3688 an

2276 3644 2473 3698 χωρας
2506 3647 2524 3680 ι
2555 3629 2676 3682 Ὅτι
2709 3628 2764 3681 δὲ
2804 3632 2916 3693 τοῖς
2938 3631 3032 3683 τοῦ
3074 3631 3303 3685 θανάτου
3331 3632 3592 3703 δείμασιν
3614 3634 3824 3704 ἐνέχεται

597 3722 836 3787 nuditas,
867 3740 934 3778 an
957 3724 1285 3794 periculum,
1319 3741 1387 3779 an
1428 3725 1651 3794 gladius
1676 3726 1757 3778 ‘5?
1783 3745 1800 3776 ι
1842 3726 2042 3784 Teucri
2069 3742 2170 3780 au-

2280 3719 2377 3786 μὲν
2402 3721 2434 3788 ή
2462 3719 2602 3772 κατὰ
2625 3719 2785 3790 νόμον
2813 3720 2944 3792 ζωὴ,
2977 3721 3161 3792 διέδρα
3182 3721 3237 3775 δὲ
3257 3722 3420 3776 τοῦτο
3443 3725 3540 3794 τῆς
3561 3726 3616 3777 ἐν
3636 3722 3826 3794 Χριστῷ

596 3821 707 3867 tem
761 3822 909 3868 metu
937 3816 1134 3870 mortis
1166 3818 1357 3882 vitam,
1392 3833 1513 3886 quae
1544 3833 1613 3872 ex
1653 3818 1796 3888 legis
1830 3819 2018 3888 regula
2063 3817 2168 3870 du-

2278 3809 2550 3874 πολιτείας
2581 3811 2642 3864 τὸ
2671 3811 2930 3882 καύχημα
2948 3853 2963 3878 ,
2991 3814 3159 3879 σαφὲς
3186 3813 3252 3867 ἂν
3277 3815 3512 3882 γένοιτο,
3544 3815 3828 3886 βεϐασιλευ-

597 3913 772 3969 catur;
825 3914 1125 3975 contraque
1173 3907 1368 3960 mortis
1413 3906 1686 3961 devitasse
1750 3907 1994 3976 la'queos'
2026 3907 2167 3961 hanc

2278 3900 2430 3953 κέναι
2478 3901 2568 3954 τὸν
2600 3901 2829 3955 θάνατον
2867 3903 2975 3955 ἀπὺ
3017 3902 3188 3968 Ἀδὰμ
3233 3903 3328 3958 καὶ
3373 3906 3538 3976 μέχρι
3578 3905 3825 3967 Μωσέως,

596 3993 783 4062 gloria:
815 3994 1031 4062 plenam
1063 3995 1119 4047 in
1162 3994 1383 4049 Christo
1432 3995 1927 4057 conversationem,
1958 3995 2012 4049 id
2031 4011 2172 4064 quo-

2277 3993 2418 4062 ἱεροῦ
2453 3994 2678 4062 βοῶντος
2713 3995 3061 4064 Γράμματος.
3112 3994 3248 4048 Ἀλλ’
3296 3998 3324 4049 ό
3363 4000 3708 4069 καταργήσας
3750 3997 3826 4048 τὸν

595 4098 703 4152 que
727 4082 948 4152 planum
981 4082 1041 4136 ﬁt
1089 4097 1156 4136 ex
1201 4097 1288 4146 eo,
1320 4082 1469 4152 quod
1509 4097 1664 4136 sacra
1713 4081 1998 4152 Scriptura
2046 4084 2165 4137 cla-

2275 4083 2518 4148 θάνατον,
2572 4085 2665 4137 καὶ
2717 4089 2816 4156 τῆς
2865 4086 3068 4157 φθορᾶς
3121 4090 3458 4154 κατασείσας
3500 4093 3559 4144 τὸ
3612 4091 3824 4162 κράτος,

594 4182 726 4238 mat,
769 4188 1024 4244 regnasse
1052 4182 1290 4229 mortem
1315 4174 1383 4228 ab
1421 4173 1596 4228 Adam
1623 4188 1797 4243 usque
1821 4174 1889 4228 ad
1919 4174 2160 4246 Moysen.

2275 4173 2555 4239 ἀνασώσας
2575 4192 2633 4229 τε
2662 4177 2796 4248 όμοῦ
2825 4180 2936 4242 τοῖς
2961 4179 3276 4234 πιστεύουσι
3305 4183 3398 4235 καὶ
3429 4184 3553 4246 τοὺς
3577 4183 3674 4237 ὑπὸ
3695 4183 3824 4250 νόμῳ

593 4264 728 4331 Quis
769 4281 904 4320 vero
939 4266 1082 4320 alius
1099 4265 1372 4320 destruxit
1402 4272 1658 4329 mortem,
1678 4272 1772 4319 aut
1794 4264 2169 4334 corruptionis

2275 4265 2785 4337 παιδαγωγηθέντας
2819 4269 2984 4336 ποτὲ,
3020 4271 3104 4334 τίς
3143 4271 3208 4325 ἂν
3240 4273 3324 4342 εἴη
3357 4273 3564 4345 ἕτερος,
3600 4273 3728 4344 πλὴν
3756 4273 3825 4324 ὅτι

592 4354 884 4423 imperium
916 4355 1136 4426 dejecit,
1169 4355 1516 4426 servavitque
1542 4369 1654 4409 non
1675 4354 1962 4410 credentes
1976 4355 2159 4421 modo,

2275 4355 2363 4408 καὶ
2407 4355 2563 4425 μόνος
2603 4357 2630 4408 6
2669 4357 2871 4427 Κύριος
2915 4359 3073 4429 ἡμῶν
3119 4360 3326 4432 Ἰησοῦς
3357 4363 3386 4414 6
3416 4363 3672 4434 Χριστός;
3711 4380 3727 4412 ι
3759 4360 3821 4413 Οὐ

591 4445 687 4499 sed
715 4461 811 4499 eos
852 4461 1090 4516 quoque,
1140 4448 1236 4516 qui
1269 4447 1372 4502 sub
1415 4447 1554 4517 legis
1597 4445 1890 4516 disciplina
1922 4447 2161 4503 instituti

2275 4445 2376 4514 γὰρ
2400 4445 2653 4516 πρέσϐυς,
2682 4447 2780 4500 οὐκ
2809 4448 3057 4516 ἄγγελος,
3085 4449 3199 4502 ἀλλ’
3233 4452 3398 4516 αὐτὸς
3425 4455 3452 4506 6
3482 4451 3678 4522 Κύριος
3706 4450 3823 4502 ἔσω-

591 4535 835 4602 fuerant,
897 4538 1005 4593 nisi
1057 4539 1208 4594 solus
1260 4540 1527 4594 Dominus
1560 4549 1751 4595 noster
1785 4540 1947 4596 Jesus
1999 4540 2160 4596 Chri-

2275 4510 2358 4592 σεν
2387 4510 2579 4601 αῦτοὺς
2598 4580 2612 4603 ,
2644 4510 2675 4590 ν»
2710 4510 3054 4610 προφητικὸν,
3093 4541 3198 4611 ἔφη
3238 4510 3635 4614 χρησνμῴδημα.
3659 4510 3822 4602 ⁷Ἴδοις

589 4636 707 4682 stus
728 4626 770 4659 “
796 4627 820 4680 ?
857 4647 874 4678 ι
898 4628 1016 4682 Non
1039 4630 1187 4684 enim
1226 4628 1456 4700 legatus,
1495 4645 1604 4684 non
1634 4631 1878 4700 angelus,
1910 4631 2007 4686 sed
2042 4633 2160 4702 ipse

2275 4629 2309 4681 δ’
2339 4630 2404 4683 ἂν
2439 4631 2532 4683 καὶ
2567 4629 2712 4700 μάλα
2741 4631 2922 4700 σαφῶς
2951 4632 3010 4684 τὸ
3040 4633 3132 4685 ἐπὶ
3186 4632 3322 4703 τῷδε
3360 4636 3650 4703 μυστήριον
3679 4631 3748 4694 ὡς
3773 4631 3822 4681 ἐν

588 4718 854 4774 Dominus
875 4720 1106 4774 salvavit
1127 4737 1220 4788 eos
1237 4723 1304 4787 ⁵ο,
1329 4741 1346 4772 ι
1378 4723 1699 4793 prophetico
1725 4738 1988 4794 responso
2018 4741 2162 4794 prae-

2275 4721 2418 4790 τῦπῳ
2461 4721 2622 4773 πάλιν
2663 4725 2774 4784 τοῖς
2826 4723 3195 4792 συμϐεϐηκόσι
3241 4722 3318 4794 τῷ
3360 4725 3612 4794 μακαρίῳ
3642 4721 3818 4789 Μωσῇ.

591 4809 798 4864 dictum
828 4817 930 4865 est.
956 4811 1109 4866 Licet
1138 4821 1320 4868 autem
1374 4815 1475 4868 tibi
1501 4816 1837 4886 perspicere,
1884 4832 2064 4886 neque
2103 4816 2158 4870 id

2278 4811 2632 4882 Ἐξοιχομὲνῳ
2658 4812 2766 4883 γὰρ
2801 4814 2900 4883 ἤδη
2931 4815 3029 4884 τῆς
3059 4815 3426 4886 Μαδιηναίων,
3467 4810 3820 4869 διασπεύδοντί

591 4899 848 4965 obscure,
890 4901 1053 4970 hujus
1078 4903 1159 4956 rei
1186 4906 1507 4974 mysterium
1535 4908 1688 4961 velut
1722 4907 1777 4960 in
1823 4906 1991 4977 ﬁgura
2023 4924 2159 4977 qua-

2275 4915 2315 4954 τε
2349 4900 2533 4953 λοιπὸν
2561 4903 2638 4963 εἰς
2667 4901 2965 4970 Αἴγυπτον,
2995 4902 3099 4974 ἔφη
3125 4905 3274 4969 Θεός·
3315 4925 3332 4958 ι
3371 4903 3817 4976 Είσπορευομένου

591 4991 718 5046 dam
751 4991 807 5046 in
866 4991 933 5046 iis
961 4991 1147 5055 rebus,
1200 5009 1320 5062 quae
1349 4995 1510 5049 beato
1542 4997 1710 5068 Moysi
1769 4998 2119 5068 contigerunt
2146 5017 2158 5051 :

584 5083 696 5152 jam
723 5084 870 5140 enim
900 5083 1266 5154 proﬁciscenti
1297 5101 1365 5139 ex
1395 5086 1812 5142 Madianitarum
1850 5089 2075 5154 ﬁnibus,
2099 5106 2163 5145 ac

589 5177 906 5246 properanti
947 5177 1003 5231 in
1042 5175 1357 5246 Egyptum,
1420 5176 1560 5230 dixit
1615 5178 1802 5232 Deus:
1853 5200 1870 5230 ι
1905 5181 2043 5235 Dum
2073 5180 2161 5234 in-

589 5268 836 5335 grederis
881 5285 946 5324 ac
982 5269 1276 5324 reverteris
1314 5267 1369 5321 in
1401 5267 1712 5339 Egyptum,
1751 5270 1876 5324 vide
1906 5272 2154 5342 prodigia

590 5357 792 5413 omnia.
823 5373 944 5428 qua:
972 5358 1096 5413 dedi
1127 5359 1180 5413 in
1220 5359 1476 5413 manibus
1506 5358 1638 5422 tuis,
1669 5357 1840 5414 facies
1877 5376 1940 5416 ea
1967 5376 2152 5415 coram

588 5443 868 5501 Pharaone
889 5447 952 5501 ".
979 5467 996 5498 ι
1043 5449 1148 5518 7'7
1177 5449 1245 5507 Et
1267 5447 1594 5518 quibusdam
1630 5446 2004 5516 interpositis:
2039 5467 2055 5498 ι
2086 5449 2156 5503 Et

587 5535 810 5601 accidit,
857 5537 1058 5608 inquit,
1091 5540 1147 5594 in
1182 5540 1402 5605 itinere,
1456 5539 1512 5594 in
1555 5539 1864 5594 diversorio
1909 5540 2155 5595 occurrit

660 5651 704 5680 ιι
733 5649 906 5727 (ξιιμ.
947 5669 998 5716 v,
1029 5652 1117 5706 ει.
1179 5655 1243 5727 3
1272 5655 1618 5727 Matth._vm,
1649 5657 1737 5711 al.
1820 5657 1864 5690 ιι
1909 5658 2153 5713 1ὺίι1.⁶22.

2275 5660 2479 5715 ‘Galat.
2514 5677 2552 5722 ι,
2598 5660 2678 5714 16.
2760 5661 2986 5717 "Hebr.
3024 5664 3240 5727 vm,ll,
3285 5664 3370 5718 15.

2261 5009 2353 5045 σου
2381 4995 2474 5046 καὶ
2505 4995 2936 5066 ἀποστρέψαντος
2961 4998 3042 5060 εἰς
3074 4997 3369 5064 Αἴγυπτον,
3403 4999 3504 5068 ὅρα
3537 4996 3604 5050 τά
3632 4995 3816 5064 τέρατα

2260 5085 2466 5150 πάντα,
2504 5085 2540 5139 ὃ.
2573 5086 2780 5140 δέδωκα
2815 5089 2872 5140 ὲν
2915 5091 3035 5152 ταῖς
3079 5090 3235 5159 χερσί
3269 5106 3385 5156 σου,
3420 5089 3661 5158 ποιήσεις
3693 5080 3816 5136 αὐτὰ

2259 5177 2500 5232 ἐναντίον
2527 5178 2745 5250 Φαραώ.
2785 5198 2802 5231 ι
2837 5181 2959 5234 ’Καὶ
3003 5181 3122 5250 μεθ’
3159 5183 3339 5252 ἕτεραο
3397 5200 3416 5232 ι
3452 5181 3556 5234 Kal
3580 5178 3810 5246 ἐγένετο,

2263 5268 2446 5336 φησὶν,
2499 5270 2558 5321 ὲν
2594 5271 2660 5339 τῇ
2697 5269 2834 5340 ὀδῷ,
2883 5272 2942 5324 ὲν
2985 5272 3063 5342 τῷ
3107 5273 3448 5342 καταλύματι
3509 5271 3812 5339 συνήντησεν

2260 5359 2410 5430 αὐτῷ
2435 5360 2661 5428 ἄγγελος
2691 5363 2896 5434 Κυρίου
2915 5401 2930 5425 ,
2967 5365 3062 5416 καὶ
3093 5366 3272 5434 ἐζήτει
3302 5363 3463 5418 αὐτὸν
3492 5359 3807 5416 ἀποκτεῖναν

2261 5452 2355 5504 καὶ
2382 5450 2618 5506 λαϐοῦσα
2648 5452 2921 5524 Σεπφώρα
2952 5454 3150 5524 ψῆφον,
3203 5457 3497 5527 περιέτεμε
3535 5452 3628 5522 τὴν
3658 5451 3807 5518 ἀκρο-

2260 5541 2484 5596 ϐυστίαν
2517 5543 2610 5596 τοῦ
2655 5542 2770 5596 υἱοῦ
2797 5544 3016 5614 ,ο.ὺτῆς,
3049 5546 3143 5599 καὶ
3187 5547 3492 5617 προσέπεσε
3530 5542 3660 5612 πρὸς
3697 5537 3807 5598 τρὺξ

3449 5662 3495 5694 ⁸⁷
3525 5656 3746 5726 Philipp.
3770 5664 3802 5716 I,

590 5720 680 5774 21.
760 5719 804 5752 ⁵⁸
833 5721 988 5778 Rom.
1025 5739 1136 5792 vm,
1179 5723 1265 5778 55.
1344 5727 1385 5758 δ’
1432 5725 1546 5781 bid.
1605 5719 1656 5795 ν,
1692 5727 1776 5787 12.
1853 5730 1897 5762 ⁵ο
1939 5730 2037 5785 Isa.
2083 5747 2177 5784 LXII

2275 5731 2310 5785 l.
2390 5732 2430 5762 "
2481 5719 2648 5785 Ιίίιιιί.
2689 5747 2758 5788 Iv.
2789 5732 2878 5784 ‘ll.
