4082 6304
251 339 360 398 ΞΒΊ

992 338 1092 396 ‘DE
1127 341 1574 398 ADORATIONE
1609 342 1676 397 1N
1718 339 1926 398 SPIRI'I
1944 343 1983 396 li
2026 344 2114 398 ET
2143 344 2516 400 VERITATE.
2557 347 2685 401 LIB.
2724 348 2792 402 II.

3401 346 3504 403 258

249 454 421 517 πόδας
456 451 620 508 αὑτοῦ
644 496 660 520 ,
718 455 810 508 καὶ
846 448 1028 510 εἶπεν·
1083 458 1252 529 "Ea-tn
1294 458 1355 511 τὸ
1401 452 1542 529 αἷμα
1592 459 1694 526 τῆς
1737 475 1832 512 πε-

1945 460 2017 513 illi
2046 461 2274 530 angelus
2326 463 2566 527 Domini,
2603 473 2661 518 et
2711 462 2990 533 quaerebat
3046 462 3300 518 occidere
3333 478 3501 528 eum;

253 543 484 616 ριτομῆς
531 545 627 599 τοῦ
672 545 886 600 παιδίου
930 564 1057 618 μου.
1096 566 1117 600 ι
1149 543 1298 620 Ἀρά.
1331 567 1412 603 σοι
1445 549 1658 621 μακροῦ
1698 549 1834 621 πρὸς

253 641 551 709 σαφήνειαν
578 639 760 710 δεήσει
782 639 976 706 λόγους
1002 640 1166 710 ἤγουν
1195 643 1424 715 ἐναργὲς
1453 643 1514 696 τὺ
1539 642 1830 714 θεώρημα;

1940 567 2064 606 cum
2098 563 2283 608 autem
2319 555 2621 624 accepisset
2637 556 2922 626 Sepphora
2951 555 3244 619 calculum,
3266 555 3503 609 circum-

1939 643 2074 697 cidit
2106 645 2433 713 praeputium
2460 645 2560 699 ﬁlii
2592 647 2700 710 sui,
2731 654 2788 700 et
2810 645 3049 716 procidit
3077 646 3146 700 ad
3175 645 3344 714 pedes
3362 647 3506 715 ejus,

254 740 312 785 et
342 731 482 785 dixit
507 749 520 784 :
551 729 716 814 Stetit
748 732 970 802 sanguis
997 733 1436 789 circumcisionis
1452 734 1549 789 ﬁlii
1565 735 1676 789 mei
1711 753 1724 787 :
1754 743 1812 789 et
1847 733 2186 790 discessitab
2223 752 2312 802 eo,
2342 737 2472 806 quia
2495 738 2670 791 dixit:
2702 738 2863 793 Stetit
2882 739 3107 810 sanguis
3124 739 3504 794 circumcisio-

250 823 338 876 nis
383 821 482 875 ﬁlii
505 822 614 876 mei
649 822 717 873 δ’.
748 840 766 872 ι
797 822 994 878 Utrum
1038 824 1207 895 igitur
1244 826 1358 880 .tibi
1396 826 1628 897 longiori
1679 839 1823 896 opus
1887 833 1976 879 est
2039 826 2285 881 oratione
2340 829 2409 882 ad
2448 828 2875 898 explicandum?
2919 843 2988 882 an
3042 829 3366 899 perspicuus
3420 836 3505 883 est

251 920 411 973 locus
444 915 512 970 ad
547 917 1026 987 contemplandum
1057 920 1418 988 propositus?

331 1005 534 1056 ΠΑΛΛ.
559 1004 632 1056 Οὐ
657 1005 755 1073 μὲν
777 999 870 1057 οὖν
887 1021 901 1035 ·
931 1005 1152 1076 συνίημι
1177 1008 1286 1076 γάρ
1309 1006 1554 1078 οὐδαμῶς
1574 1008 1602 1060 ὃ
1622 1008 1675 1058 τί
1703 1006 1834 1059 ποτέ

259 1096 379 1146 ἐστι
412 1094 472 1147 τὸ
515 1093 588 1156 ὡς
639 1094 697 1146 ὲν
735 1096 862 1164 σκιᾷ
906 1093 984 1165 τῷ
1038 1095 1405 1166 συμϐεϐηκότι
1479 1096 1832 1152 καταδεικνύ-

259 1203 440 1256 μενον.

327 1279 493 1332 ΚΥΡ.
521 1277 595 1331 Οὐ
623 1276 730 1348 γὰρ
750 1318 769 1344 ,
799 1269 845 1330 ὧ
891 1276 1140 1348 φιλότης,
1180 1277 1380 1349 ἀληθὲς
1405 1274 1546 1332 εἷναι
1579 1280 1684 1349 φῂς
1704 1318 1719 1344 ,
1751 1279 1831 1332 ὅτι

255 1369 490 1422 Θανάτου
529 1368 756 1438 κάτοχος
788 1369 822 1439 ἡ
853 1367 1139 1438 ἀνθρώπου
1171 1369 1332 1438 φύσις
1365 1371 1430 1423 ὲκ
1469 1373 1567 1442 τῆς
1600 1371 1833 1442 ἀρχαίας

256 1460 471 1530 ἐκείνης
499 1459 718 1527 γέγονεν
750 1458 925 1528 ἀρᾶς;
976 1458 1190 1530 εἴρηται
1219 1459 1327 1530 γάρ
1360 1460 1496 1532 πρὸς
1539 1462 1723 1531 ἡμᾶς,
1757 1461 1833 1524 ὡς

256 1551 316 1602 ὲν
355 1551 576 1622 ἀπαρχῇ
630 1549 724 1603 τοῦ
771 1549 962 1618 γένους
1017 1552 1116 1604 καὶ
1173 1551 1298 1622 ῥίζῃ
1335 1554 1402 1623 τῇ
1452 1553 1715 1607 ἀνωτάτω
1756 1552 1835 1624 τῷ

270 1641 462 1711 Ἀδάμ·
499 1659 518 1692 ι
552 1640 628 1711 Γῆ
655 1634 727 1706 εἴ,
758 1640 850 1694 καὶ
870 1642 950 1704 εἰς
976 1640 1078 1712 γῆν
1110 1641 1404 1714 ἀπελεύσῃ.
1450 1662 1470 1697 ι

335 1819 540 1874 ΠΑΛΛ.
573 1819 720 1872 Πάνυ
754 1817 850 1888 μὲν
880 1813 993 1874 οὖν.
1529 1873 1536 1880 _

340 1910 505 1964 ΚΥΡ.
550 1907 758 1962 Οὐκοῦν
807 1909 1104 1980 ἐπειδήπερ
1134 1910 1231 1982 τὴν
1271 1909 1364 1965 τοῦ
1409 1911 1596 1981 γένους
1640 1914 1834 1985 ἀρχὴν,

259 2001 355 2054 τὸν
388 2003 452 2054 ὲκ
479 2000 578 2070 τῆς
604 2001 879 2072 ἁμαρτίας
908 2000 1255 2072 συμϐέϐηκεν
1279 2003 1630 2074 ἀῤῥωστῆσαι
1673 2004 1836 2058 θάνα·

260 2107 377 2156 τον,
407 2092 718 2160 ἀναγκαίως
751 2091 848 2144 καὶ
866 2093 944 2155 εἰς
971 2093 1116 2162 ἡμᾶς
1153 2091 1348 2156 αὐτοὺς
1367 2093 1430 2146 τὸ
1451 2095 1639 2166 χρῆμα
1661 2095 1834 2166 διέϐη,

266 2182 364 2234 καὶ
392 2180 526 2251 ὁμοῦ
559 2183 624 2252 τῇ
650 2180 776 2255 ῥίζῃ
809 2181 898 2235 καὶ
917 2182 985 2235 τά
1019 2183 1266 2254 ἐξαυτῆς
1288 2184 1583 2238 ἀναθέοντα
1613 2203 1837 2240 κατενε-

263 2273 413 2343 μήθη
434 2272 595 2342 φυτά.
624 2272 866 2344 Φθαρτοῦ
884 2273 992 2346 γάρ
1018 2273 1268 2346 σώματος
1292 2275 1526 2346 φθαρτὸς
1548 2278 1576 2329 6
1601 2276 1836 2346 καρπός.

261 2360 422 2414 Οὕτω
458 2360 804 2430 βεϐασίλευκε
838 2362 978 2416 κατά
1013 2363 1227 2418 πάντων
1256 2367 1284 2417 6
1323 2363 1550 2428 θάνατος
1571 2406 1586 2430 ,
1616 2366 1712 2419 καὶ
1742 2366 1840 2436 μέ-

262 2470 388 2524 χρις
414 2451 578 2506 αὐτοῦ⁹
610 2453 874 2518 Μωσέως,
894 2454 1037 2508 τοῦτ’
1067 2453 1205 2523 ἔστι,
1229 2455 1339 2509 τῶν
1370 2456 1511 2510 κατά
1535 2458 1697 2528 νόμον
1723 2475 1844 2512 και-

265 2542 397 2613 ρῶν.
424 2541 603 2606 Τόπος
627 2537 720 2597 οὖν
747 2545 854 2616 ἀρα
890 2547 1069 2616 σαφής
1094 2563 1156 2598 τε
1187 2547 1277 2600 καὶ
1303 2549 1537 2617 ἐναργὴς
1560 2548 1652 2601 τοῦ
1681 2549 1842 2619 μέχρι

263 2633 510 2698 Μωσέως
538 2633 749 2705 ἰσχύσαι
781 2635 871 2688 τὸν
908 2635 1158 2705 θάνατον,
1194 2638 1287 2690 καὶ
1322 2638 1642 2707 ῥποκείσθαι
1669 2640 1844 2711 φθορᾷ

263 2725 337 2778 τὰ
363 2725 674 2796 ἀνθρώπινα
698 2766 713 2790 ,
752 2726 813 2779 τὸ
854 2727 1139 2796 ἀγγελικδν
1181 2731 1486 2801 ἐγχείρημα
1528 2731 1669 2785 κατά
1716 2734 1845 2787 Μω-

271 2818 408 2881 σέως
429 2819 566 2871 τότε.
592 2818 739 2890 Πλὴν
756 2819 1121 2873 ἐδυσώπειτὸν
1139 2821 1505 2892 ὀλοθρεύοντα,
1530 2825 1625 2878 καὶ
1644 2825 1847 2893 ἀφίστη

267 2908 531 2972 Μωσέως,
563 2910 598 2979 ἡ
627 2907 870 2973 σύνοικός
896 2927 956 2962 τε
978 2912 1516 2984 καὶεωνηρμοσμένη
1551 2915 1844 2986 Σεπφώρα,

267 3005 435 3075 ψήψῳ
467 3003 527 3056 τὸ
557 3005 755 3057 οἳκεῖον
792 3002 1156 3076 περιτεμοῦσα
1194 3004 1434 3068 παιδίον,
1475 3004 1845 3076 έκλιπαροῦσά
1871 2980 1914 3036 C

268 3111 333 3146 τε
375 3094 469 3146 καὶ
500 3093 754 3164 λέγουσαο
791 3113 812 3146 ι
850 3095 1017 3164 Ἐστη
1049 3095 1107 3146 τὸ
1143 3091 1280 3165 αἷμα
1301 3095 1400 3164 τῆς
1427 3096 1726 3166 περιτομῆς
1753 3095 1844 3149 τοῦ

271 3183 480 3236 παιδίου
525 3201 645 3254 μου.
683 3202 703 3234 ι
739 3184 909 3252 Ἐστη
940 3183 996 3235 δὲ
1026 3183 1087 3236 τὸ
1116 3179 1274 3254 αἷμα,
1307 3185 1491 3254 φησὶν,
1526 3184 1623 3254 οὐχ
1644 3186 1718 3248 ὼς
1747 3189 1847 3257 τῆς

267 3274 364 3329 τοῦ
385 3275 613 3344 αἵματος
636 3272 840 3345 ῥύσεως
864 3274 1322 3347 ἀποπαυσαμένης
1341 3291 1354 3304 ·
1379 3275 1497 3328 οὐδὲ
1519 3277 1648 3349 γὰρ,
1671 3275 1844 3348 οἶμαι,

269 3362 430 3416 τοῦτο
461 3361 683 3433 μεθίστη
713 3361 842 3414 ποτὲ
897 3361 989 3414 τοῦ
1031 3365 1193 3434 φονᾷν
1225 3364 1428 3418 ἐθέλειν
1463 3367 1554 3420 τὸν
1600 3367 1849 3438 ὀλοθρευο

271 3457 390 3528 τὴν,
422 3457 536 3510 ἀλλ’
563 3457 827 3510 οἱονείπου
863 3457 1012 3526 ἔλεγε
1039 3474 1051 3489 ’
1085 3458 1402 3529 Πέπρακται
1433 3459 1526 3512 καὶ
1559 3457 1850 3528 πεπλήρω-

271 3565 364 3602 ται
395 3547 457 3600 τὸ
485 3548 674 3602 δοκοῦν
698 3547 776 3618 τῷ
805 3548 942 3620 Θεῷ,
992 3548 1135 3602 τοῦτ’
1171 3551 1338 3616 ἐστιν,
1383 3553 1416 3621 ἡ
1451 3551 1718 3621 περιτομὴ
1755 3549 1848 3603 τοῦ

273 3639 506 3692 παιδίουο
547 3639 736 3709 ὥσπερ
776 3639 841 3694 ἂν
879 3642 1040 3703 εἴτις
1088 3642 1234 3710 λέγοι
1288 3642 1546 3713 τυχόν-’0
1574 3642 1721 3695 τοῦδε
1755 3641 1848 3694 τοῦ

274 3729 598 3798 πράγματος
654 3728 781 3798 έστη
815 3727 1000 3795 τύπος,
1034 3729 1221 3799 ἤγουν,
1252 3731 1420 3800 Ἐστη
1454 3730 1614 3800 τυχὸν
1641 3732 1673 3783 ὁ
1716 3731 1851 3800 πρὸς

275 3817 388 3870 τόδε
421 3818 597 3886 λόγος.
634 3818 779 3871 ’Δντὶ
827 3818 954 3884 τοῦ,
998 3819 1139 3891 Πρὸς
1179 3819 1347 3889 πέρας
1375 3821 1498 3890 ἥκει
1543 3819 1637 3873 καὶ
1690 3819 1852 3874 δέδει-

277 3924 421 3964 κται.
627 3927 630 3929 ’

350 4185 558 4238 ΠΑΛΛ.
591 4183 725 4236 Εἶτα
757 4183 839 4246 τίς
873 4182 1008 4252 πρὸς
1047 4183 1202 4252 ἡμῶν
1247 4184 1280 4253 ἡ
1326 4183 1597 4255 Σεπφώρει
1646 4189 1850 4254 νοοῖτο;

2011 1003 2207 1058 PALL.
2242 1005 2459 1059 Minime
2518 1006 2776 1075 quidem:
2819 1020 3000 1075 neque
3055 1005 3204 1060 enim
3238 1005 3504 1076 intelligo,

1938 1094 2204 1163 quidnam
2253 1095 2392 1149 illud
2448 1096 2541 1161 sit,
2575 1097 2724 1166 quod
2777 1098 2931 1152 velut
2979 1112 3078 1166 per
3108 1094 3360 1149 umbram
3398 1096 3510 1150 hoc

1925 1183 2089 1239 efacto
2111 1185 2478 1254 signiﬁcetur.

2008 1272 2165 1328 (ΠΒ.
2201 1275 2413 1340 Nonne,
2447 1276 2676 1341 Palladi,
2700 1292 2892 1332 verum
2920 1292 3041 1332 esse
3079 1278 3179 1344 ais,
3211 1278 3377 1333 morti
3405 1278 3507 1333 ob-

1939 1365 2157 1418 noxiam
2181 1365 2380 1420 l‘actam
2432 1382 2552 1421 esse
2587 1368 2870 1422 hominum
2923 1378 3176 1427 naturam
3234 1385 3301 1423 ex
3337 1371 3508 1424 male-

1939 1454 2087 1510 dicto
2119 1457 2439 1511 illo.veteri?
2471 1457 2680 1512 dictum
2713 1471 2948 1528 namque
2983 1459 3249 1513 adversus
3276 1475 3378 1514 nos
3393 1468 3506 1524 est,

1932 1547 2089 1616 quod
2115 1557 2199 1603 est
2228 1549 2330 1618 ipsi
2364 1549 2560 1614 Adam,
2594 1550 2764 1604 veluti
2794 1550 3057 1619 primitiis
3077 1549 3250 1604 nostri
3272 1551 3508 1621 generis,

1869 1636 1912 1691 Β
1942 1645 2000 1691 et
2030 1652 2298 1706 suprema:
2334 1638 2510 1692 radici
2545 1638 2785 1704 dictum;
2825 1657 2844 1689 ‹
2873 1638 3042 1693 Terra
3071 1653 3152 1703 es,
3187 1648 3245 1694 et
3297 1639 3362 1692 .in
3383 1648 3508 1724 fer-

1929 1741 2054 1781 ram
2083 1727 2190 1781 ibis
2217 1728 2284 1779 ⁵³.
2310 1746 2328 1776 ι

1995 1817 2206 1872 .PALL.
2237 1818 2467 1873 Maxime
2487 1835 2642 1873 vero.
3157 1873 3172 1882 _

1993 1910 2164 1965 CYR.
2211 1910 2348 1965 Cum
2407 1911 2575 1981 igitur
2623 1910 2918 1980 evenisset,
2959 1921 3021 1966 ut
3070 1911 3246 1981 ipsum
3295 1927 3513 1982 generis

1937 2001 2110 2056 nostri
2155 2001 2373 2056 initium
2404 2002 2589 2067 morti,
2639 2017 2762 2072 qua:
2790 2017 2861 2058 ex
2911 2011 3136 2072 peccato
3186 2003 3509 2066 exstiterat,

1938 2092 2245 2162 subjectum
2286 2100 2458 2155 esset,
2505 2090 2820 2146 necessario
2875 2091 2930 2146 in
2965 2107 3067 2146 nos
3109 2093 3257 2162 ipsos
3293 2108 3513 2162 quoque

1931 2184 2045 2237 .hoc
2095 2183 2297 2237 malum
2333 2184 2709 2253 pertransivit,
2753 2191 2810 2238 et
2841 2199 2952 2238 una
3004 2199 3130 2237 cum
3170 2183 3357 2237 radice
3381 2199 3512 2253 ger-

1940 2278 2090 2332 mina
2127 2293 2346 2347 quoque
2395 2292 2463 2331 ex
2510 2278 2602 2331 illa
2661 2279 2991 2346 prodeuntia
3041 2279 3331 2347 depastum
3386 2288 3510 2344 est;

1939 2381 2067 2420 nam
2099 2366 2476 2436 corruptibilis
2505 2368 2756 2437 corporis
2811 2367 3024 2422 fructus
3053 2368 3219 2421 etiam
3239 2369 3515 2437 corrupti-

1943 2458 2071 2513 bilis
2104 2460 2198 2520 sit,
2235 2473 2463 2513 necesse
2521 2467 2640 2524 est;
2688 2457 2764 2512 ita
2827 2477 2844 2508 ‹
2870 2458 3123 2528 regnavit
3155 2474 3304 2514 mors
3349 2475 3517 2529 super

1942 2565 2154 2615 omnes,
2200 2549 2268 2605 ad
2309 2550 2490 2620 ipsum
2534 2566 2714 2620 usque
2770 2550 3013 2620 Moysen,
3039 2570 3057 2602 ι
3103 2551 3158 2604 id
3203 2561 3309 2616 est,
3342 2567 3516 2620 usque

1942 2641 2010 2695 ad
2039 2641 2156 2710 ipsa
2186 2641 2323 2711 legis
2359 2648 2605 2710 tempora
2630 2641 2700 2694 “.
2749 2641 2977 2696 Mortem
3007 2641 3172 2710 igitur
3224 2655 3403 2710 usque
3447 2640 3516 2695 ad

1943 2733 2166 2804 Moysen
2195 2733 2344 2787 vires
2371 2733 2655 2795 habuisse,
2690 2747 2763 2787 .ac
2813 2747 2903 2786 res
2935 2732 3204 2786 humanas
3233 2731 3400 2785 fuisse
3425 2730 3512 2785 in-

1947 2825 2134 2878 teritui
2166 2824 2461 2894 subjectas,
2492 2824 2585 2877 ille
2634 2823 2813 2894 angeli
2843 2831 2974 2877 tunc
3003 2822 3266 2877 adversus
3297 2807 3517 2894 Moysen

1947 2924 2180 2970 conatus
2219 2915 2390 2986 ﬁgura
2436 2915 2664 2970 evidens
2721 2930 2785 2969 ac
2834 2915 3124 2985 perspicua
3163 2915 3289 2968 fuit.
3340 2913 3515 2970 Caute-

1947 3020 2070 3057 rum
2093 3004 2429 3074 compescuit
2482 3005 2962 3058 exterminatorcm
2988 3044 3002 3068 ,
3039 3014 3095 3058 et
3142 3021 3172 3058 a
3201 3005 3382 3069 Moyse
3417 3004 3517 3057 de-

1945 3097 2086 3166 pulit
2133 3112 2273 3150 uxor
2310 3095 2610 3165 Sepphora,
2663 3111 2788 3150 cum
2821 3111 2979 3150 suum
3022 3096 3136 3164 ipsa
3186 3097 3358 3149 ﬁlium
3403 3097 3516 3150 cal-

1947 3187 2071 3240 culo
2147 3185 2602 3249 circumcidisset,
2677 3194 2839 3252 atque
2891 3185 3208 3253 supplicans
3271 3185 3512 3238 diceret:

1953 3295 1973 3326 ‹
2009 3275 2171 3330 Stetit
2208 3275 2432 3345 sanguis
2489 3273 2927 3328 circumcisionis
2969 3273 3065 3326 ﬁlii
3103 3274 3210 3327 mei
3246 3274 3315 3327 ⁵⁸.
3342 3292 3359 3324 ›
3394 3275 3517 3328 Ste-

1948 3367 2016 3420 tit
2043 3375 2227 3420 autem
2248 3366 2491 3436 sanguis,
2517 3381 2627 3420 non
2659 3380 2728 3420 eo
2766 3380 2931 3420 sensu
2955 3364 3114 3430 dixit,
3147 3365 3302 3435 quasi
3350 3365 3520 3420 ﬂuere

1950 3457 2169 3528 sanguis
2210 3457 2494 3522 desiisset;
2534 3472 2713 3526 neque
2745 3457 2894 3512 enim
2947 3456 3024 3521 id,
3066 3457 3284 3526 opinor,
3336 3464 3518 3511 exter-

1951 3549 2275 3602 minatorem
2306 3563 2336 3600 a
2371 3549 2654 3601 voluntate
2685 3547 2850 3600 cadis
2879 3547 3145 3601 facienda;
3169 3547 3516 3601 retraxisset:

1952 3635 2047 3689 sed
2077 3649 2217 3703 pene
2245 3635 2351 3688 hoc
2376 3634 2554 3688 dixit:
2587 3635 2898 3689 Perfectum
2941 3644 3025 3690 est
3064 3644 3227 3705 atque
3278 3636 3520 3704 comple-

1950 3735 2090 3790 tum,
2117 3725 2262 3795 quod
2292 3726 2405 3780 Deo
2437 3725 2618 3780 visum
2649 3735 2764 3792 est;
2801 3727 2854 3780 id
2902 3735 3085 3780 autem
3126 3734 3244 3781 erat
3283 3725 3381 3779 ﬁlii
3412 3726 3522 3780 mei

1953 3818 2334 3884 circumcisio;
2364 3826 2426 3872 ut
2451 3818 2496 3872 si
2522 3818 2664 3888 quis,
2686 3817 2842 3872 verbi
2866 3819 3056 3888 gratia,
3084 3817 3292 3871 diceret
3319 3835 3330 3868 :
3352 3816 3524 3886 Hujus

1953 3909 2032 3963 rei
2062 3908 2235 3979 ﬁgura
2261 3910 2449 3975 stetit;
2503 3917 2599 3962 aut
2628 3916 2777 3962 certe
2803 3925 2816 3960 ε
2845 3908 3017 3978 Hujus
3053 3907 3166 3970 rei,
3213 3906 3365 3961 verbi
3397 3922 3525 3976 gra-

1954 4001 2050 4065 tia,
2080 3993 2220 4054 ratio
2247 4001 2399 4054 stetit
2422 4017 2435 4065 ;
2463 4000 2610 4070 quod
2638 4000 2781 4054 idem
2806 4001 2970 4064 valet,
2995 4014 3059 4054 ac
3104 3999 3149 4053 si
3185 3999 3462 4054 diceretur
3490 4017 3502 4050 :

1954 4091 2038 4146 Ad
2068 4091 2232 4146 ﬁnem
2256 4091 2532 4160 pervenit,
2560 4106 2627 4144 ac
2655 4091 3034 4145 demonstrata
3063 4104 3154 4143 res
3186 4098 3290 4142 est.

2022 4181 2218 4236 PALL.
2258 4182 2529 4237 Caeterum
2587 4182 2718 4251 quid
2771 4181 3077 4250 intelligere
3113 4196 3410 4250 possumus
3447 4181 3524 4233 si-

364 4274 421 4326 δὲ
447 4276 479 4344 ἡ
512 4273 715 4342 ψῆφος,
744 4271 836 4324 καὶ
873 4273 905 4341 ἡ
946 4271 1011 4323 δι’
1041 4271 1208 4342 αὐτῆς
1252 4274 1516 4345 γενομένη
1543 4280 1846 4350 περιτομή;

1957 4272 2216 4341 gniﬁcare
2246 4273 2585 4342 Sepp-horam
2609 4273 2631 4325 ?
2652 4272 2787 4341 quid
2837 4272 2967 4325 item
2996 4270 3291 4333 calculum,
3310 4285 3374 4323 ac
3413 4270 3527 4323 eir-

279 4365 650 4436 δεδυσῲπηται
691 4364 748 4417 δὲ
785 4365 931 4426 ὅπως
975 4365 1003 4415 6
1041 4362 1183 4427 θεῖος
1233 4365 1495 4432 ἄγγελος,
1541 4368 1633 4419 καὶ
1677 4370 1846 4442 διέδρα

1956 4365 2345 4418 cumcisionem
2394 4365 2608 4418 calculo
2639 4363 2874 4418 factam?
2901 4360 3360 4430 quemadmodum
3401 4377 3531 4430 por-

281 4457 482 4528 Μωσῆς
512 4456 600 4508 τὸν
638 4454 1014 4526 ἐπηρτημένον
1047 4454 1191 4524 αὐτῷ
1236 4455 1330 4508 καλ⁸
1375 4456 1720 4528 ὀφειλόμενον
1763 4463 1858 4516 θά-

283 4565 456 4615 νατον,
490 4547 706 4601 παιδίου
736 4546 1207 4617 περιτετμημένου
1245 4563 1261 4612 ;

350 4745 514 4798 ΚΥΡ.
564 4744 803 4813 Ἀσαςρὴς
855 4744 884 4796 6
936 4742 1093 4812 λόγος
1117 4782 1132 4807 ,
1169 4743 1260 4794 καὶ
1289 4743 1608 4811 δυσέφικτος
1640 4746 1854 4815 ἀληθῶς

280 4836 384 4891 τῶν
413 4833 760 4906 ζητουμένων
789 4835 817 4886 6
849 4832 991 4896 νοῦς·
1024 4832 1144 4904 Θεῷ
1172 4833 1228 4886 δὲ
1263 4833 1485 4896 πίσυνος
1504 4874 1518 4898 ,
1544 4834 1618 4897 ὡς
1656 4835 1721 4889 ἂν
1744 4831 1856 4900 οἶός

281 4944 339 4980 τε
390 4921 457 4990 ὧ,
490 4925 653 4979 πάλιν
691 4922 818 4994 ἐρῶ.
861 4923 924 4976 'H
972 4921 1265 4993 Σεπφώρει,
1303 4922 1544 4993 θυγάτηρ
1584 4919 1718 4977 οὖσα
1760 4923 1854 4978 τοῦ

283 5018 469 5089 ἱερέως
509 5015 605 5070 τοῦ
659 5013 890 5084 Μαδιάμ
921 5013 1080 5084 (ἀνὴρ
1122 5013 1178 5065 δὲ
1216 5007 1367 5076 οὗτος
1399 5013 1724 5084 ἀλλογενὴς,
1760 5015 1856 5068 καὶ

281 5111 377 5164 οὐκ
415 5110 475 5175 ἐξ
509 5109 736 5179 αἵματος
779 5105 1037 5177 Ἰσραὴλ),
1072 5107 1239 5158 τύπον
1269 5108 1400 5176 ἡμῖν
1447 5107 1542 5159 καὶ
1569 5107 1856 5177 πρόσωπον

279 5202 376 5270 τῆς
429 5200 489 5265 ἐξ
534 5200 702 5253 ὲθνῶν
764 5196 1460 5270 Ἐκκλησίαςβποπληροῆ
1515 5199 1855 5268 κεκλημένης

283 5292 412 5363 πρὸς
456 5290 589 5344 Θεὸν
618 5289 693 5352 ὼς
737 5289 802 5341 ὲκ
839 5287 1092 5357 λατρείας
1128 5290 1418 5357 κοσμικῆς.
1469 5288 1698 5358 Εἴρηται
1745 5289 1853 5359 γάρ

283 5401 382 5436 που
409 5383 548 5454 πρὸς
599 5381 769 5454 αὐτὴν
797 5380 887 5434 διὰ
918 5380 1099 5450 φωνῆς
1126 5380 1219 5433 τοῦ
1270 5381 1458 5434 Δαϐίδ·
1497 5399 1514 5432 ι
1566 5383 1851 5447 ¹Ἄκουσον,

284 5475 537 5545 θύγατερ,
566 5473 660 5526 καὶ
688 5471 765 5524 ῐδε
791 5511 806 5537 ,
844 5471 939 5524 καὶ
971 5471 1146 5525 κλῖνον
1175 5471 1236 5524 τὸ
1263 5467 1354 5534 οὖς
1390 5490 1504 5534 σου,
1540 5473 1634 5526 καὶ
1662 5473 1853 5526 ἐπιλά-

285 5565 374 5620 θου
399 5564 494 5619 τοῦ
542 5560 676 5616 λαοῦ
708 5578 832 5627 σου,
877 5560 969 5614 καὶ
1004 5561 1099 5614 τοῦ
1147 5563 1297 5616 οῐκου
1332 5561 1427 5615 τοῦ
1479 5563 1682 5633 πατρός
1727 5579 1849 5625 σου,

360 5751 404 5783 ⁸²
433 5749 604 5804 Exod.
629 5763 703 5811 ιν,
724 5746 793 5800 24
817 5761 967 5814 seqq.
1048 5746 1092 5777 "
1115 5746 1249 5800 Gen.
1288 5761 1361 5805 Ill,
1392 5744 1473 5797 19.

1954 4470 2016 4508 ro
2042 4456 2319 4508 cohibitus
2363 4463 2449 4509 est
2505 4454 2728 4508 divinus
2781 4453 3028 4523 angelus,
3063 4461 3124 4506 ut
3150 4453 3380 4523 Moyses,
3414 4451 3528 4507 ﬁlio

1948 4543 2300 4608 circumciso,
2356 4543 2735 4596 imminentem
2783 4542 2888 4595 sibi
2925 4548 3159 4594 mortem
3189 4556 3252 4596 ac
3285 4541 3528 4599 debitam

1954 4635 2213 4689 evaderet
2233 4636 2256 4688 ?

2029 4748 2138 4817 78
2163 4747 2320 4802 CYR.
2354 4746 2636 4802 Obscurus
2667 4753 2751 4800 est
2778 4753 2907 4800 sane
2936 4744 3113 4808 locus,
3139 4759 3242 4798 nec
3265 4742 3422 4799 facile
3458 4743 3528 4797 ad

1957 4838 2361 4906 propositarum
2390 4836 2754 4905 quaestionum
2803 4835 3218 4905 intelligentiam
3253 4834 3528 4904 perveniri

1957 4934 2169 4995 potest:
2199 4935 2404 4990 tamen,
2435 4927 2548 4979 Deo
2571 4926 2761 4991 fretus,
2797 4925 2972 4980 dicam
3008 4940 3201 4980 rursus
3221 4933 3280 4979 ut
3313 4933 3524 4995 potero.

1959 5017 2259 5087 Scpphora,
2287 5016 2395 5070 ﬁlia
2419 5017 2716 5071 sacerdotis
2757 5017 2970 5071 Madian
2996 5016 3064 5088 (is
3105 5026 3287 5071 autem
3331 5016 3528 5072 alieni-

1958 5123 2094 5177 gena
2141 5117 2280 5172 erat,
2312 5123 2490 5177 neque
2545 5108 2612 5160 ad
2670 5107 2887 5162 lsraelis
2920 5107 3240 5177 sanguinem
3279 5105 3530 5172 pertine-

1960 5195 2097 5266 bat),
2124 5195 2352 5265 ﬁguram
2384 5211 2447 5250 ac
2470 5211 2759 5265 personam
2790 5195 3047 5250 Ecclesia:
3068 5210 3130 5247 ex
3161 5191 3415 5262 gentibus
3443 5200 3527 5247 tc-

1958 5294 2069 5351 net,
2094 5285 2309 5355 quaead
2355 5287 2526 5340 Deum
2553 5302 2620 5340 ex
2665 5285 2856 5339 mundi
2916 5285 3078 5353 hujus
3135 5281 3289 5335 cultu
3337 5291 3529 5337 vocata

1958 5387 2076 5444 est;
2106 5379 2311 5433 dictum
2332 5378 2532 5449 quippe
2572 5384 2655 5432 est
2677 5375 2745 5431 ad
2778 5376 2923 5429 illam
2952 5390 3050 5443 per
3079 5387 3269 5426 vocem
3316 5371 3485 5426 David
3511 5390 3525 5427 :

1967 5491 1982 5520 ι
2011 5469 2171 5537 Audi,
2191 5471 2319 5535 ﬁlia,
2348 5479 2403 5525 et
2423 5471 2568 5534 vide,
2601 5478 2655 5523 ct
2681 5468 2881 5523 inclina
2907 5479 3092 5520 aurem
3120 5473 3291 5528 tuam,
3309 5474 3365 5518 et
3386 5465 3529 5518 obli-

1958 5563 2168 5616 viscere
2212 5564 2473 5632 populum
2523 5569 2678 5614 tuum
2701 5569 2756 5614 et
2801 5559 3021 5614 domum
3052 5555 3222 5628 patris
3251 5555 3328 5610 tui
3357 5573 3370 5611 :
3403 5555 3528 5624 quia

1589 5742 1634 5775 ’δ
1662 5743 1818 5797 Rom.
1868 5757 1919 5805 ν,
1964 5743 2048 5794 Η.
2129 5741 2171 5770 ³³
2204 5738 2372 5792 Evoti.
2409 5754 2456 5790 iv
2528 5736 2595 5791 26
