4082 6304
566 341 674 401 959

1605 331 1667 387 S.
1709 331 1982 387 CY-Rll.”
2012 328 2487 385 ALEXANDRINI
2520 325 2836 384 ARCHIEP.

3745 316 3837 373 260

569 462 886 534 concupivit
924 461 1039 517 Rex
1079 459 1338 515 decorem
1381 464 1537 512 tuum
1572 473 1584 509 :
1621 456 1881 526 quoniam
1915 454 2033 524 ipse
2059 462 2144 508 est

2264 456 2326 506 ἱτι
2350 451 2693 522 ἐπεθύμησεν
2712 451 2740 502 6
2763 445 3021 509 Βασιλεὺς
3043 443 3135 499 τοῦ
3162 444 3400 506 κάλλους
3426 457 3552 504 σου,
3580 437 3668 491 δτι
3692 437 3839 504 αὐτός

568 550 837 613 Dominus
865 561 996 608 tuus
1035 552 1104 606 ⁵⁵.
1124 571 1142 605 ι
1172 551 1376 606 Vocata
1425 549 1594 620 igitur
1625 563 1689 603 ea
1726 556 1831 613 est,
1899 546 2030 600 dum
2057 560 2149 599 se-

569 652 833 714 queretur
859 643 1059 712 legem,
1095 656 1160 696 ac
1189 649 1449 710 tanquam
1484 653 1612 693 cum
1649 637 1832 708 Moyse
1860 635 2152 706 paedagogo

571 732 923 787 matrimonio
940 732 1152 803 juncta,
1209 730 1306 800 qui
1342 729 1551 800 optime
1581 728 1651 783 ad
1694 727 1903 783 Christi
1947 734 2151 797 myste-

576 824 723 877 rium
754 823 1012 894 perducit
1053 823 1120 875 ".
1163 822 1263 876 Est
1309 820 1461 875 enim
1507 820 1597 875 lex
1630 819 1893 889 magister
1931 818 2153 887 quidam

572 911 982 976 elementarius,
1014 910 1110 980 qui
1137 909 1391 981 perducit
1423 908 1492 963 ad
1513 908 1668 963 initia
1691 922 2003 962 sermonum
2032 906 2151 970 Dei,

575 1017 639 1056 ac
664 1018 761 1072 per
797 1003 1089 1072 mnigmata
1132 1009 1191 1055 et
1224 1001 1451 1054 umbras
1482 999 1817 1070 cognitionis
1862 998 2001 1068 ejus,
2044 1010 2154 1067 qua

575 1093 785 1149 Christi
818 1094 1145 1165 mysterium
1178 1093 1507 1163 percipitur,
1533 1092 1705 1147 veluti
1734 1090 1943 1145 semina
2001 1104 2154 1158 qua:-

579 1187 705 1241 dam
764 1186 822 1239 in
878 1184 1040 1238 nobis
1096 1183 1312 1237 inserit.
1347 1183 1537 1251 itaque
1582 1181 1805 1245 Iudaeis,
1843 1179 1937 1249 qui
1975 1179 2152 1248 ipsum

579 1293 798 1349 quoque
822 1277 1042 1349 Moysen
1076 1275 1506 1330 sacratissimum
1560 1273 1897 1344 abjecerant,
1939 1270 2158 1325 dicebat

579 1370 864 1424 Christus:
907 1386 926 1419 ι
955 1367 1037 1422 An
1094 1366 1321 1437 putatis,
1353 1365 1499 1435 quod
1534 1379 1645 1435 ego,
1669 1370 2030 1418 accusaturus
2053 1361 2157 1417 sim

580 1474 679 1514 vos
719 1458 863 1528 apud
889 1456 1155 1511 Patrem?
1199 1462 1285 1509 est
1316 1454 1413 1524 qui
1440 1461 1663 1509 accuset
1698 1467 1816 1516 vos,
1843 1451 2073 1522 Moyses,
2099 1450 2158 1505 in

581 1564 745 1620 quem
770 1563 868 1603 vos
903 1546 1159 1617 speratis.
1191 1545 1250 1600 Si
1283 1545 1432 1599 enim
1479 1543 1780 1599 crederetis
1805 1542 1998 1613 Moysi,
2029 1556 2155 1596 cre-

591 1634 799 1689 deretis
826 1634 1018 1702 utique
1042 1637 1099 1687 et
1123 1631 1281 1697 mihi,
1306 1632 1375 1687 de
1397 1647 1485 1687 me
1507 1632 1656 1687 enim
1680 1632 1772 1686 ille
1798 1631 2021 1701 scripsit
2035 1630 2104 1684 ³⁸.
2130 1649 2149 1681 ι

583 1726 726 1795 Ergo
751 1740 876 1779 cum
904 1724 1189 1794 Sepphora
1219 1723 1480 1777 Ecclesia:
1496 1723 1620 1776 loco
1658 1737 1726 1775 ex
1756 1721 2012 1792 gentibus
2030 1720 2156 1775 col-

2252 546 2399 599 έστιν
2430 545 2459 597 6
2486 541 2689 612 Κύριός
2732 556 2847 593 σου.
2887 556 2906 589 ι
2947 536 3226 607 Κέκληται
3253 534 3447 590 τοίνυν
3478 529 3840 586 ἀκολουθοῦσα

2249 635 2328 706 τῷ
2377 634 2545 705 νόμῳ,
2595 630 2690 684 καὶ
2744 627 3024 700 μονονουχὶ
3070 623 3514 695 συνηρμοσμένη
3563 621 3740 691 Minoi}
3771 618 3840 689 τῷ

2253 720 2587 793 παιδαγωγῷ
2609 763 2623 789 ,
2654 721 2749 775 καὶ
2780 718 3107 792 ἀποφέροντι
3133 716 3314 779 καλῶς
3348 712 3497 785 πρὸς
3531 712 3593 766 τὸ
3616 712 3840 782 Χριστοῦ

2257 818 2572 889 μυστήριον.
2614 813 2969 884 Στοιχειωτὴς
3011 811 3119 882 γὰρ
3160 812 3189 864 6
3217 809 3422 879 νόμος,
3457 804 3559 858 καὶ
3595 803 3842 877 ἀναφέρει

2263 911 2362 982 μὲν
2394 911 2472 973 είς
2501 908 2675 981 ἀρχὰς
2703 907 2811 959 τῶν
2840 904 3036 973 λογίων
3066 901 3161 955 τοῦ
3195 898 3359 963 Θεοῦ,
3399 893 3771 968 σπερματίζει
3793 894 3843 947 δὲ

2256 1002 2445 1071 ὥσπερ
2475 1001 2532 1054 έν
2587 1001 2718 1069 ἡμῖν
2752 996 2819 1050 δι’
2866 995 3201 1065 αἰνιγμάτων
3237 992 3333 1044 καὶ
3369 989 3541 1050 σκιᾶς
3593 985 3687 1039 τοῦ
3717 986 3845 1038 κατὰ

2254 1090 2488 1164 Χριστὸν
2521 1088 2816 1160 μυστηρίου
2851 1087 2950 1158 τὴν
2977 1085 3197 1154 γνῶσιν.
3244 1081 3361 1135 Καὶ
3398 1079 3540 1149 γοῦν
3571 1077 3843 1141 Ἰουδαίοις

2255 1184 2491 1254 έφασκεν
2521 1185 2548 1237 6
2589 1181 2840 1253 Χριστὸς,
2881 1181 2972 1234 καὶ
3006 1178 3167 1233 αὑτὸν
3201 1173 3509 1246 ⁴1·λθετηκόσι
3531 1171 3737 1225 Μωσέα
3764 1169 3844 1223 τον

2258 1276 2301 1329 ίε
2312 1275 2569 1348 ρώτατον·
2582 1293 2601 1325 ‹
2624 1275 2695 1327 Ἢ
2710 1273 2915 1327 δοκεῖτε
2931 1272 3013 1323 ὅτι
3029 1268 3138 1338 ἐγὼ
3152 1265 3445 1338 κατηγορή
3455 1280 3537 1317 σω
3550 1260 3581 1314 ῦ
3591 1260 3704 1331 μῶν
3721 1261 3843 1332 πρὸς

2256 1369 2347 1422 τὸν
2375 1367 2596 1437 Πατέρα
2621 1383 2636 1432 ;
2677 1365 2865 1419 Ἔστιν
2904 1363 2934 1415 6
2964 1360 3284 1433 κατηγορῶν
3314 1354 3483 1427 ὑμῶν
3514 1353 3743 1423 Μωσῆς,
3773 1354 3843 1414 εἰς

2254 1455 2314 1508 6v
2351 1455 2508 1525 ὑμεῖς
2551 1453 2838 1529 ἠλπίκατε.
2883 1452 2947 1505 Et
2979 1450 3089 1522 γὰρ
3119 1446 3445 1502 ἐπιστεύετε
3479 1443 3659 1512 Μωσῇ
3686 1481 3700 1504 ,
3734 1441 3842 1492 trct-

2264 1545 2479 1599 στεύετε
2497 1544 2562 1599 ἂν
2589 1544 2709 1614 ἐμοί
2727 1561 2740 1575 ·
2761 1543 2888 1614 περὶ
2908 1541 3015 1613 γὰρ
3034 1540 3168 1612 ἐμοῦ
3198 1540 3413 1600 ἐκεῖνος
3442 1533 3678 1604 ἔγραψε.
3703 1550 3720 1582 ι
3742 1533 3845 1585 Πα-

2262 1630 2916 1707 ραδεχθείσηςτοιγαροῦν
2942 1631 3077 1702 πρὸς
3103 1628 3260 1701 ἡμῶν
3292 1627 3398 1697 τῆς
3421 1621 3737 1709 ’Σεπφῶρας
3774 1622 3847 1685 εἰς

2262 1726 2553 1798 πρόσωπον
2576 1725 2675 1795 τῆς
2704 1723 2763 1788 ἐξ
2792 1721 2961 1776 ἐθνῶν
2995 1718 3352 1790 Ἐκκλησίας,
3389 1715 3557 1769 ἔσται
3594 1731 3698 1767 που
3725 1712 3848 1767 πάν-

589 1813 745 1871 lecta:
792 1814 1093 1883 accipiatur
1125 1829 1157 1868 a
1189 1812 1369 1876 nobis,
1405 1813 1595 1882 procul
1621 1811 1811 1875 dubio,
1852 1810 1947 1880 qui
1971 1816 2057 1866 est
2087 1825 2157 1864 ex

2264 1835 2363 1881 τως
2394 1817 2457 1870 τδ
2495 1815 2555 1882 ἐξ
2611 1815 2779 1887 αὐτῆς
2810 1812 3020 1868 παιδίον
3054 1813 3134 1876 είς
3174 1809 3347 1864 τύπον
3381 1805 3485 1861 τοῦ
3522 1804 3649 1859 νέου
3706 1801 3848 1869 λαοῦ,

586 1921 652 1960 ea
700 1905 868 1971 ﬁlius,
918 1904 1242 1961 recentioris
1268 1902 1455 1973 populi
1501 1902 1729 1971 ﬁguram
1762 1900 2017 1965 tenebit;
2060 1914 2129 1954 eo

587 1996 734 2066 quod
756 1996 929 2060 illam,
980 2011 1145 2067 quam
1190 1993 1418 2064 spiritus
1443 1991 1607 2046 efficit
1631 1992 1688 2046 in
1721 1990 1947 2046 Christo
1974 1989 2160 2060 pueri-

591 2089 744 2151 tiam,
774 2095 939 2156 atque
964 2087 1021 2141 in
1041 2087 1219 2141 Deum
1253 2083 1723 2156 regenerationem
1748 2082 2042 2135 credentes
2065 2095 2160 2135 ac-

589 2179 859 2249 ceperint,
882 2193 1022 2248 quos
1056 2175 1531 2247 etiampOpulum,
1579 2173 1674 2242 qui
1721 2170 2018 2233 creabitur,
2062 2183 2161 2239 ap-

590 2268 757 2338 pellat
799 2267 1037 2337 quodam
1070 2266 1193 2320 loco
1248 2264 1421 2320 David
1463 2264 1529 2317 5’.
1568 2264 1625 2317 vis
1670 2260 1837 2333 igitur
1881 2275 2058 2329 nuper
2105 2258 2162 2312 in

589 2351 812 2416 Christo
838 2359 1057 2429 genitus
1090 2372 1249 2427 puer,
1280 2356 1575 2420 recentior,
1604 2354 1850 2423 inquam,
1879 2368 1980 2422 per
2000 2350 2162 2404 ﬁdem

587 2452 847 2522 populus,
871 2466 971 2520 per
993 2447 1475 2505 circumcisionem
1502 2446 1779 2516 inspiritu
1806 2452 2044 2499 mortem
2074 2457 2167 2497 co-

590 2542 745 2597 hibet
777 2559 790 2595 :
840 2548 925 2596 est
960 2541 1114 2598 enim
1152 2540 1398 2595 calculus
1418 2546 1632 2592 natura:
1651 2537 1798 2591 illius
1840 2534 2167 2589 ﬁrmissima:

593 2642 766 2696 nota;
795 2631 916 2699 ejus
937 2630 1086 2684 enim
1121 2629 1295 2684 robur
1312 2637 1483 2697 atque
1506 2626 1754 2681 soliditas
1785 2641 1883 2695 per
1905 2623 2164 2693 lapidem,

592 2721 765 2790 utqui
785 2720 958 2774 durus
979 2719 1275 2773 admodum
1299 2719 1390 2782 sit,
1415 2717 1773 2787 signiﬁcatur.
1791 2717 1979 2785 Itaque
2002 2716 2168 2770 etiam

592 2809 752 2866 Jesus
775 2809 945 2872 Nave,
991 2823 1117 2863 cum
1142 2808 1477 2863 Israeliticas
1499 2808 1690 2877 copias
1716 2822 1816 2877 per
1860 2807 2159 2862 Iordanem

597 2899 920 2969 traiecisset,
947 2899 1200 2969 gladiolis
1237 2912 1334 2954 eos
1360 2898 1592 2968 lapideis
1626 2898 1995 2963 circumcidit,
2019 2897 2171 2967 vide-

594 2986 727 3042 licet
747 2986 897 3041 illam
923 2985 980 3040 in
1003 2985 1225 3067 Christo
1250 3002 1349 3058 per
1404 2986 1657 3056 spiritum
1697 2986 2168 3042 circumcisionem

602 3077 991 3148 praeﬁgurabat
1018 3095 1031 3132 :
1061 3086 1216 3147 petra
1245 3078 1392 3132 enim
1420 3077 1692 3143 Christus,
1714 3093 1877 3148 quem
1911 3084 2169 3148 tanquam

597 3142 654 3221 in
677 3142 871 3236 ﬁgura,
898 3173 957 3220 ut
993 3142 1156 3220 modo
1182 3164 1318 3230 dixi,
1367 3165 1459 3219 ille
1501 3142 1750 3235 quoque-
1767 3142 2169 3233 calculusprae-
2195 3142 2238 3202 (ἶ

595 3263 774 3322 notat,
801 3271 912 3326 quo
952 3255 1251 3326 Sepphorm
1273 3263 1359 3310 est
1389 3254 1536 3309 ﬁlius
1576 3256 1938 3331 circumcisus
1961 3256 2026 3307 ‘°.
2053 3253 2172 3320 Quo

600 3354 849 3417 tempore
883 3347 1047 3401 etiam
1072 3361 1220 3402 mors
1255 3346 1488 3417 aufugit,
1512 3354 1687 3414 atque
1711 3361 1741 3400 a
1764 3345 1944 3416 Moyse
1968 3345 2174 3400 disces-

597 3436 669 3492 sit
691 3437 759 3500 is,
789 3437 882 3506 qui
931 3437 1088 3490 illum
1132 3437 1417 3507 quaerebat
1443 3436 1720 3501 occidere,
1765 3436 1913 3505 quod
1944 3436 2093 3490 illius
2116 3435 2171 3490 in

598 3525 823 3581 Christo
861 3525 1309 3580 circumcisionis
1353 3525 1678 3597 mysterium
1718 3526 2060 3593 honoraret;
2117 3527 2170 3581 in

594 3633 709 3689 quo
733 3633 821 3672 res
845 3617 962 3687 ipsa
984 3626 1135 3688 gesta
1161 3618 1391 3689 ﬁgurate
1430 3618 1592 3674 nobis
1634 3618 1978 3674 subclamare
2019 3618 2174 3674 vide-

599 3715 712 3774 tur,
761 3723 872 3763 non
907 3708 976 3763 ab
1007 3709 1076 3763 iis
1122 3709 1307 3775 modo,
1354 3710 1454 3780 qui
1495 3709 1703 3766 Christi
1754 3711 2172 3767 circumcisione

597 3801 804 3872 dignati
829 3809 977 3866 sunt,
999 3802 1292 3857 recessisse
1314 3807 1583 3868 mortem;
1609 3802 1717 3872 79
1737 3802 1832 3857 sed
1857 3803 1988 3872 ipsis
2008 3803 2174 3857 etiam

597 3893 846 3964 patribus
890 3908 1012 3948 eam
1062 3907 1218 3957 rem,
1266 3890 1495 3952 Christi,
1540 3892 1783 3961 inquam,
1829 3893 2170 3963 mysterium,

597 3982 802 4037 auxilio
828 3981 1016 4036 fuisse.
1064 3981 1136 4037 Ut
1156 3981 1304 4036 enim
1327 3996 1519 4036 omnes
1544 3981 1601 4035 in
1637 3981 1809 4047 Adam
1854 3986 2057 4038 mortui
2078 4000 2174 4039 su-

470 4136 481 4141 _
597 4088 742 4137 mus,
787 4072 869 4127 sic
922 4073 979 4127 in
1018 4086 1214 4127 omnes
1236 4086 1459 4142 quoque
1483 4072 1575 4126 illa
1595 4086 1696 4142 per
1724 4071 2005 4127 Christum
2048 4090 2175 4144 gra-

598 4162 676 4218 tia
698 4162 874 4217 fertur
899 4179 964 4217 ac
988 4162 1260 4218 funditur.
1287 4163 1416 4218 Ideo
1440 4177 1677 4232 namque
1709 4171 1962 4218 mortuus
1982 4173 2086 4231 est,
2116 4173 2177 4219 ut

595 4260 655 4308 et
675 4254 912 4309 mortuis
932 4261 989 4308 et
1014 4253 1157 4309 vivis
1179 4252 1584 4307 dominaretur.
1609 4253 1754 4323 Ergo
1781 4252 1875 4308 illo
1898 4253 2019 4324 ipso
2041 4261 2177 4308 tem-

596 4359 752 4415 pore,
781 4360 891 4415 quo
907 4346 1096 4416 junior
1121 4345 1358 4415 populus
1381 4344 1816 4411 circumciditur,
1839 4347 2003 4401 simul
2035 4363 2175 4418 quo-

600 4448 707 4505 que
719 4437 967 4505 patribus
978 4437 1094 4494 vita
1116 4437 1634 4508 praestaturNivunt
1654 4438 1799 4514 enim
1820 4439 1934 4493 Deo
1951 4455 2039 4506 eo,
2056 4441 2175 4511 ipso

600 4525 748 4596 quod
771 4527 968 4581 victuri
998 4535 1126 4583 sunt
1151 4546 1164 4582 :
1198 4529 1255 4584 id
1277 4530 1426 4584 enim
1482 4530 1658 4585 sacris
1679 4530 1859 4585 Libris
1879 4539 1964 4587 est
1984 4532 2174 4602 prodi-

603 4622 719 4670 tum
769 4616 837 4670 “.
883 4616 1201 4688 Spiritualis
1255 4635 1423 4690 porro
1464 4621 1907 4677 circumcisionis
1959 4630 2177 4692 tempus

600 4704 807 4761 Christi
832 4707 1102 4765 adventus
1124 4718 1242 4765 est:
1268 4713 1386 4782 qui,
1412 4714 1665 4783 quamvis
1692 4713 1875 4785 Moyse
1923 4714 1995 4768 sit
2035 4715 2178 4769 anti-

601 4797 783 4866 quior,
811 4806 875 4852 ut
899 4800 1075 4865 Deus;
1104 4801 1248 4855 idem
1306 4811 1493 4858 tamen
1539 4804 1818 4873 posterior
1862 4812 1969 4870 est,
1998 4821 2066 4860 ex
2109 4822 2177 4861 eo

602 4885 752 4954 quod
773 4886 940 4940 homo
961 4878 1216 4957 apparuit
1236 4890 1436 4946 missus
1479 4892 1548 4947 ad
1590 4894 1958 4950 ministerium
1991 4906 2174 4952 nostra

604 4993 768 5033 causa
817 4987 1152 5050 susceptum.
1206 4979 1381 5035 Velim
1433 4998 1670 5054 namque
1731 4986 2135 5043 animadvertas
2157 5030 2172 5053 ,

603 5069 824 5143 Moysen
872 5070 1028 5141 prius
1062 5071 1298 5127 electum
1338 5087 1369 5126 a
1411 5073 1523 5128 Deo
1573 5074 1764 5141 fuisse,
1806 5086 1997 5147 postea
2041 5095 2176 5135 vero

603 5159 787 5216 Aaron
821 5161 1183 5233 adjunctum:
1230 5161 1289 5215 in
1312 5175 1423 5231 quo
1451 5159 1545 5215 ille
1590 5162 1981 5234 prazﬁguravit,
2010 5167 2174 5224 Chri-

606 5251 676 5304 sti
731 5251 1159 5309 declarationem
1226 5253 1500 5324 legatione
1545 5269 1611 5309 ac
1657 5255 1968 5315 ministerio
2009 5260 2176 5333 Moysi

608 5349 852 5410 tempore
874 5344 1238 5412 posteriorem
1268 5344 1467 5411 fuisse;
1495 5346 1588 5416 qui
1613 5346 1840 5416 aequalis
1859 5356 1979 5403 erat
2006 5351 2177 5423 Moysi

608 5440 832 5500 propter
874 5432 1292 5501 humanitatem,
1345 5436 1441 5491 sed
1466 5436 1612 5507 quod
1646 5443 1762 5492 erat
1800 5437 1913 5493 Deo
1954 5451 2178 5510 parente

607 5524 845 5594 genitus,
892 5526 1075 5583 divina
1123 5531 1513 5601 praestantique
1554 5531 1876 5586 excellentia
1915 5534 2172 5603 pollebat.

681 5638 726 5667 ⁵³
754 5637 896 5692 Psal.
932 5655 1074 5705 xuv,
1116 5641 1204 5707 Η,
1238 5642 1325 5695 12.

530 5696 553 5709 κ
614 5707 653 5714 __
681 5643 896 5714 ‘_“_Psal.
932 5655 1074 5705 xuv,
1108 5643 1204 5714 μ,
1238 5643 1325 5695 12.
1442 5645 1486 5676 "
1521 5643 1686 5698 llehr.
1725 5660 1778 5708 v,
1810 5646 2039 5714 passim.

612 5707 655 5738 "
696 5707 882 5761 Matth.
934 5725 1064 5776 xx",
1102 5710 1171 5764 24

2259 1910 2357 1981 τὴν
2403 1910 2460 1963 έν
2508 1907 2729 1979 Χριστῷ
2778 1907 2866 1960 διὰ
2932 1907 3240 1975 πνεύματος
3285 1900 3606 1974 νηπιδτητα
3644 1896 3738 1950 καὶ
3777 1897 3849 1958 εἰς

2259 2000 2391 2053 Θεὸν
2413 1998 2765 2069 ἀναγέννησιν
2794 1997 3101 2067 δεξαμένων
3121 1995 3230 2048 τῶν
3256 1989 3738 2052 πεπιστευκότων,
3765 1984 3850 2048 οὓς

2261 2093 2355 2145 καὶ
2374 2090 2502 2144 λαὸν
2531 2087 2845 2160 κτιζόμενον
2875 2087 2978 2158 ἔφη
3009 2104 3111 2141 που
3155 2084 3339 2140 Δαϐίδ.
3379 2084 3457 2138 Τὸ
3488 2082 3672 2136 τοίνυν
3706 2081 3846 2148 ἀρτι-

2260 2183 2414 2252 γενὲς
2448 2183 2505 2236 ὲν
2530 2181 2751 2255 Χριστῷ
2781 2180 3010 2246 παιδίον,
3042 2177 3184 2233 τοῦτ’
3230 2177 3410 2241 ἔστιν,
3446 2177 3477 2229 6
3504 2173 3630 2235 νέος
3669 2187 3729 2224 τε
3765 2169 3848 2222 καὶ

2261 2273 2350 2326 διὰ
2389 2272 2624 2335 πίστεως
2654 2269 2779 2335 λαὸς
2813 2268 3113 2342 περιτομῆς
3149 2267 3397 2320 δυσωπεῖ
3426 2263 3681 2318 θάνατον.
3710 2258 3845 2329 Σύμ-

2262 2364 2416 2418 ϐολον
2448 2363 2556 2436 γὰρ
2581 2364 2614 2435 ὴ
2637 2362 2816 2435 ψῆφος
2840 2364 2940 2434 τῆς
2982 2361 3259 2433 ἀρῤήκτου
3289 2356 3542 2427 φύσεως,
3580 2349 3649 2426 ἧς
3672 2351 3733 2406 τὺ
3767 2350 3849 2403 εὑ-

2268 2456 2451 2520 σθενές
2494 2473 2554 2508 τε
2601 2457 2696 2508 καὶ
2747 2455 3046 2525 ἄθραυστον
3093 2452 3169 2516 ὡς
3218 2452 3273 2503 έν
3320 2448 3550 2520 σκληρᾷ
3605 2447 3673 2517 τῇ
3726 2442 3846 2513 λίθῳ

2268 2548 2610 2620 σημαίνεται.
2647 2547 2758 2600 Καὶ
2796 2545 2926 2615 γοῦν
2970 2544 3174 2617 Ἰησοῦς
3210 2546 3238 2598 6
3274 2541 3371 2596 τοῦ
3409 2540 3574 2612 Ναυῆ
3609 2535 3843 2592 διαϐιϐά-

2268 2659 2367 2705 σας
2394 2642 2482 2695 τδν
2506 2640 2780 2713 Ἰορδάνην
2811 2640 2936 2702 τοὺς
2963 2637 3021 2705 ἐξ
3052 2635 3292 2708 Ἰσραὴλ,
3321 2633 3635 2706 μαχαίραις
3661 2630 3843 2694 αὐτοὺς

2269 2732 2559 2804 περιέτεμε
2603 2729 2902 2802 πετρίναις,
2940 2728 3038 2800 τὴν
3082 2729 3140 2781 έν
3169 2726 3395 2799 Χριστῷ
3424 2726 3517 2780 διὰ
3550 2723 3847 2793 πνεύματος

2269 2822 2570 2894 περιτομὴν
2607 2819 3026 2893 προανατυπῶν.
3060 2819 3242 2889 Πέτρα
3270 2817 3382 2890 γὰρ
3428 2817 3459 2870 6
3503 2814 3757 2887 Χριστὸς,
3788 2812 3841 2865 δν

2269 2915 2344 2978 ὡς
2370 2917 2426 2968 έν
2453 2912 2606 2985 τύπῳ
2633 2911 2904 2985 προδηλοῖ,
2931 2910 3180 2982 καθάπερ
3207 2910 3343 2980 ἔφην
3362 2908 3599 2981 ἀρτίως,
3624 2904 3765 2975 καὶὴ
3792 2902 3846 2954 τὸ

2271 3005 2573 3076 Σεπφὼρας
2609 3005 2815 3058 παιδίον
2848 3003 3214 3076 περιτεμοῦσα
3234 3001 3443 3071 ψῆφος.
3467 3001 3599 3052 Ὅτε
3634 2996 3725 3051 καὶ
3758 2996 3845 3049 ἁπ-

2274 3096 2401 3167 έδρα
2435 3095 2681 3160 Θάνατος,
2710 3096 2802 3148 καὶ
2835 3094 2935 3164 τῆς
2966 3096 3024 3147 έν
3052 3091 3271 3164 Χριστῷ
3298 3089 3615 3162 περιτομῆς
3642 3101 3845 3155 τετιμη-

2273 3185 2383 3248 κὼς
2408 3183 2469 3238 τὸ
2499 3185 2793 3254 μυστήριον
2823 3171 3228 3252 ἀποπεφοίτηκε
3253 3179 3342 3233 τοῦ
3372 3178 3628 3241 Μωσέως
3656 3178 3684 3229 6
3720 3175 3846 3229 ἀπο·

2273 3278 2477 3329 κτεῖναι
2507 3274 2707 3346 ζητῶν,
2730 3262 3141 3346 αἰνιγματωδῶς
3168 3274 3300 3344 ἡμῖν
3321 3268 3742 3339 ὑποφωνοῦντος
3763 3263 3845 3317 τοῦ

2274 3366 2621 3437 πράγματος,
2674 3364 2748 3428 ὼς
2804 3365 2865 3418 ού
2918 3365 3075 3434 μόνον
3118 3363 3225 3416 τῶν
3272 3356 3602 3431 ἠξιωμένων
3654 3359 3749 3428 τῆς
3795 3357 3847 3409 ἐν

2273 3458 2492 3530 Χριστῷ
2531 3457 2831 3528 περιτομῆς
2854 3456 3062 3525 ἀπέστη
3107 3454 3355 3521 θάνατος,
3384 3454 3529 3509 ἀλλὰ
3553 3454 3648 3508 καὶ
3678 3452 3846 3513 αὐτοῖς

2274 3550 2332 3602 τὸ
2357 3549 2564 3620 χρῆμα,
2599 3548 2742 3617 φημὶ
2768 3547 2824 3599 δὲ
2850 3547 2912 3616 δὴ
2936 3547 2997 3599 τὸ
3032 3545 3265 3615 Χριστοῦ
3294 3546 3628 3617 μυστήριον,
3671 3539 3847 3612 $560+,-

2275 3640 2408 3711 θηκε
2431 3642 2543 3702 τοῖς
2579 3638 2866 3707 πατράσιν.
2899 3637 3110 3706 ’Ὠσπερ
3138 3637 3247 3706 γὰρ
3276 3636 3483 3699 πάντες
3516 3632 3845 3700 ἀπεθάνομεν

2275 3734 2332 3785 έν
2369 3730 2561 3801 Ἀδὰμ,
2586 3729 2728 3782 οὕτω
2748 3728 2842 3781 καὶ
2864 3730 2939 3790 είς
2964 3727 3171 3789 πάντας
3194 3729 3227 3797 ἡ
3250 3727 3336 3780 διὰ
3358 3724 3605 3798 Χριστοῦ
3636 3723 3845 3793 φέρεται

2275 3824 2455 3895 χάρις.
2503 3822 2760 3875 Ἀπέθανε
2794 3821 2903 3891 γὰρ
2933 3820 3020 3874 διὰ
3059 3819 3234 3882 τοῦτο,
3270 3819 3355 3871 ἴνα
3384 3818 3484 3871 καὶ
3520 3814 3730 3887 νεκρῶν
3762 3810 3844 3865 καὶ

2275 3914 2490 3979 ζώντων
2511 3912 2794 3985 κυριεύσῃ.
2823 3910 3030 3964 Οὐκοῦν
3059 3912 3116 3965 έν
3139 3908 3315 3980 καιρῷ
3337 3908 3436 3979 τῆς
3458 3906 3706 3970 τοῦ,νέου
3725 3899 3843 3956 λαοῦ

2276 4004 2577 4076 περιτομῆς
2604 4005 2697 4057 καὶ
2734 4005 2768 4073 ἡ
2797 4003 2903 4056 τῶν
2934 4001 3184 4071 πατέρων
3227 3997 3684 4071 συγκατωρθοῦτο
3719 3994 3841 4062 ζωή.

2276 4095 2418 4150 Ζῶσι
2448 4095 2557 4165 γὰρ
2585 4094 2705 4165 Θεῷ
2728 4134 2742 4157 ,
2794 4093 2981 4165 ζήσειν
3022 4093 3327 4163 μέλλοντες·
3367 4091 3523 4144 τουτὶ
3570 4089 3678 4159 γὰρ
3706 4085 3844 4154 iiiP-IV

2276 4185 2369 4238 καὶ
2401 4185 2544 4255 ἱερὸς
2587 4184 2689 4254 ἔφη
2736 4184 2912 4252 λόγος.
2948 4183 3156 4255 Καιρδς
3197 4183 3255 4236 δὲ
3306 4182 3612 4253 περιτομῆς
3655 4177 3752 4246 τῆς
3790 4176 3843 4227 tv

2277 4273 2547 4344 πνεύματι
2566 4274 2861 4345 νοουμένης
2884 4276 2916 4345 ἡ
2937 4273 3172 4345 Χριστοῦ
3197 4273 3490 4345 παρουσία,
3515 4272 3591 4334 ὡς
3611 4266 3841 4325 Μωσέως

2281 4365 2377 4435 μὲν
2399 4363 2665 4435 πρεσϐύτε
2676 4382 2784 4436 ρος,
2807 4364 2881 4428 ὼς
2898 4364 3054 4428 Θεὸς,
3076 4363 3324 4435 δεύτερος
3341 4363 3397 4416 δὲ
3413 4364 3507 4417 καὶ
3532 4363 3646 4433 μετ’
3668 4355 3838 4415 αὐτὸν,

2204 4468 2248 4524 ι)
2279 4456 2412 4509 καθὸ
2445 4458 2686 4527 πέφηνεν
2724 4454 3007 4527 ἄνθρωπος
3036 4456 3113 4518 είς
3146 4453 3417 4507 διακονίαν
3450 4451 3549 4525 τὴν
3582 4452 3664 4520 ἐφ’
3698 4447 3837 4518 ἡμῖν.

2285 4547 2564 4618 Ἐπιτήρει
2597 4546 2724 4618 γὰρ.
2758 4547 2840 4599 ὅτι
2882 4543 3286 4617 προεχειρίζετο
3321 4545 3488 4609 Θεδς,
3517 4541 3716 4599 Μωσέα
3749 4535 3838 4606 μὲν

2276 4635 2511 4706 πρῶτον.
2532 4633 2649 4689 εἶτα
2675 4635 2877 4705 συνῆψε
2903 4635 2992 4688 τὸν
3029 4633 3259 4704 Ἀαρὼν,
3292 4633 3393 4703 τῆς
3424 4632 3666 4692 Μωσέως
3716 4627 3837 4679 ἀπο-

2277 4726 2468 4796 στολῆς
2498 4744 2559 4780 τε
2575 4728 2667 4779 καὶ
2686 4726 2957 4788 διακονίας
2983 4725 3240 4796 δευτέραν
3269 4710 3325 4778 έν
3350 4724 3526 4794 χρόνῳ
3549 4731 3835 4791 προανατυ-

2276 4813 2392 4867 πῶν
2415 4813 2512 4885 τὴν
2541 4814 2808 4879 ἀνάδειξιν
2846 4814 2941 4866 τοῦ
2962 4813 3219 4885 Χριστοῦ,
3250 4814 3309 4876 ὃς
3335 4808 3403 4884 ἦν
3426 4815 3482 4864 έν
3515 4811 3712 4879 ίσότητι
3747 4803 3837 4874 μὲν

2279 4909 2346 4975 τῇ
2379 4905 2514 4975 πρὸς
2552 4905 2754 4959 Μωσέα
2784 4903 2873 4957 διὰ
2917 4904 2979 4957 τὺ
3018 4904 3378 4975 ἀνθρώπινον,
3425 4906 3482 4957 ὲν
3524 4898 3754 4970 ὑπεροχῇ
3782 4892 3832 4946 δὲ

2285 4993 2407 5064 θείᾳ
2436 4993 2531 5048 καὶ
2556 4993 2872 5064 ἁσυγκρίτῳ
2891 4993 2980 5047 διὰ
3001 4993 3062 5046 τὸ
3092 4994 3156 5046 ἐκ
3178 4993 3314 5046 Θεοῦ
3343 4989 3694 5062 γεγεννῆσθαι
3728 4985 3831 5039 Πα-

2283 5086 2432 5154 τρός.
2468 5082 2626 5156 Πάρα
2666 5084 2723 5137 δέ
2761 5101 2844 5138 σοι
2870 5084 2980 5138 ’καὶ
3012 5085 3170 5139 τοῦτο
3211 5084 3337 5138 ίδεῖν
3367 5085 3427 5151 ἐξ
3463 5084 3656 5148 αὐτῶν,
3689 5079 3830 5145 είπερ

2284 5177 2443 5241 ἕλοιο,
2462 5177 2568 5231 τῶν
2590 5177 2749 5249 ἱερῶν
2765 5177 3131 5249 Γραμμάτων.
3158 5196 3176 5227 ι
3199 5179 3487 5247 Ἐποίησαν
3509 5195 3526 5228 ι
3553 5167 3847 5249 γὰρ,φησὶ.ν

2292 5288 2311 5321 ‹
2338 5270 2540 5341 Μωσῆς
2563 5270 2656 5324 καὶ
2685 5270 2915 5343 Ἀαρὼν,
2940 5271 3188 5341 καθάπερ
3212 5272 3511 5326 ἐνετείλατο
3534 5269 3708 5328 αὐτοῖς
3730 5259 3829 5316 Κύ-

2293 5373 2424 5428 Ριοςν
2455 5359 2626 5423 οὕτως
2650 5361 2931 5430 ἐποίησαν·
2956 5362 3159 5426 Μωσῆς
3180 5360 3237 5414 δὲ
3254 5356 3322 5432 ἦν
3343 5361 3477 5415 έτῶν
3501 5355 3823 5427 ὁγδοήκοντα,

2296 5449 2503 5521 Ἀαρὼν
2517 5451 2574 5504 δὲ
2592 5452 2622 5504 6
2641 5450 2867 5519 ἀδελφὸς
2889 5450 3053 5503 αὐτοῦ
3074 5450 3401 5521 ὀγδοήκοντα
3416 5447 3580 5521 τριῶν
3598 5440 3663 5516 ἦν
3682 5438 3825 5504 ἑτῶν)

2232 5524 2241 5525 7
2283 5541 2444 5612 ἡνίκα
2470 5542 2738 5612 ἐλάλησαν
2767 5541 2905 5613 πρὸς
2930 5541 3149 5613 Φαραώ.
3183 5561 3202 5593 ι
3238 5542 3480 5606 Ἀκούεις
3507 5543 3650 5601 ὅπως
3680 5533 3826 5602 ἄμφω

2153 5650 2200 5683 ⁸⁸
2224 5651 2381 5707 Joan.
2414 5670 2468 5719 v,
2502 5654 2590 5720 45,
2622 5654 2709 5709 46.
2790 5655 2835 5687 ⁸³
2867 5655 3009 5709 Psal.
3048 5671 3136 5709 cn.
3219 5657 3263 5688 °°
3308 5656 3474 5713 Iosue
3522 5670 3589 5718 ν,
3628 5647 3825 5723 Ριιεεῖτηι
