4082 6304
282 350 398 409 ac:
1031 356 1135 412 ne
1170 335 1612 418 AbbnA'rwNE
1646 363 1717 419 IN
1756 361 1858 420 sm

1957 366 2028 424 ru
2068 368 2157 424 ET
2190 354 2568 429 vernum.
2611 373 2739 429 LIB.
2781 375 2847 430 ιι.
3462 383 3567 443 262

300 463 400 535 μὲν
440 464 615 536 ἤστην
659 466 716 520 ἐν
744 465 843 539 ῐσῳ
874 467 1015 523 κατά
1053 487 1114 539 γε
1149 471 1210 525 τὸ
1238 473 1394 544 ἥκειν
1419 477 1498 540 είς
1528 476 1859 548 ὀγδοηκοστδλ

1986 479 2137 537 Licet
2159 493 2343 539 autem
2362 501 2429 539 ex
2449 485 2584 557 ipsis
2608 503 2828 559 quoque
2854 489 3027 546 sacris
3042 490 3273 548 Litteris
3294 493 3412 550 haec
3427 513 3560 565 per-

293 557 447 623 ἔτος,
479 560 530 612 εί
574 561 670 615 καὶ
712 561 830 632 μετ’
861 562 1024 616 αὑτὸν
1062 565 1143 628 είς
1178 565 1490 635 διακονίανϊ
1519 568 1674 624 Οὕτω
1719 570 1812 625 καὶ
1852 592 1859 622 ι

1983 574 2219 645 spicere,
2248 577 2293 631 si
2350 579 2509 633 velis.
2548 598 2565 630 ι
2598 557 2875 637 Fecerunt
2899 584 3070 650 enim,
3124 585 3324 657 inquit,
3351 557 3566 661 Moyses
3626 588 3675 651 ’.

291 651 549 722 Χριστός.
587 655 728 718 Ἰσος
762 653 862 725 μὲν
890 655 1032 710 κατά
1067 675 1119 710 τι
1152 657 1230 729 τῷ
1251 661 1446 733 Μωσῇ,
1468 661 1555 715 διὰ
1578 662 1641 716 τὺ
1663 662 1877 734 ἀνθρώ-

294 761 473 809 πινον,
507 745 604 799 καὶ
639 745 893 818 δεύτερος
924 748 1002 811 είς
1037 749 1373 821 οἰκονομίαν,
1407 752 1799 824 ὑπερκείμενος
1822 754 1859 806 δί

1976 763 2130 810 runt.
2153 756 2365 829 Moyses
2403 768 2585 814 autem
2608 771 2729 815 erat
2754 778 3029 819 annorum
3056 770 3353 838 octoginta,
3371 770 3563 825 .Aaron

290 835 386 888 καί
420 836 911 908 ὑπερανεστηκὼς,
954 839 1038 905 ’ὦς
1084 840 1141 895 ὲν
1166 841 1390 913 Θεότητί
1428 861 1487 897 τε
1515 844 1608 898 καὶ
1647 845 1776 918 δόξῃ
1810 849 1859 917 τῇ

1982 863 2116 903 vero
2160 849 2333 904 frater
2381 851 2503 922 ejus
2561 854 2839 923 octoginta
2880 857 3052 911 trium
3103 873 3374 916 annorum
3412 872 3557 929 erat,

291 928 439 981 κατὰ
459 929 557 1002 τὴν
580 930 743 1000 ἁγίαν
770 933 993 1003 Τριάδα.

1983 939 2204 1010 quando
2252 941 2424 996 locuti
2479 951 2608 997 sunt
2652 944 2720 998 ad
2765 945 3105 1003 Pharaonem
3150 951 3214 1005 ⁸³.
3245 971 3263 1002 ι
3317 946 3560 1010 Audisne

290 1024 781 1092 quemadmodum,
827 1042 912 1081 ex.
942 1043 1010 1082 eo
1056 1027 1279 1097 quidem
1345 1030 1493 1100 quod
1535 1031 1603 1086 ad
1668 1031 2061 1103 octogesimum
2111 1048 2315 1087 annum
2368 1028 2759 1104 pervenerunt,
2829 1038 2992 1092 ambo
3031 1043 3268 1111 aequales
3331 1043 3556 1114 fuerint,

287 1116 393 1170 sed
417 1116 607 1171 Aaron
624 1133 859 1173 numero
903 1120 1166 1176 trinitatis
1210 1122 1473 1178 excellat?
1526 1139 1656 1195 ergo
1698 1124 1880 1195 Moyse
1924 1124 2222 1193 antiquior,
2292 1126 2397 1180 etsi
2448 1126 2505 1181 in
2537 1128 2852 1184 ministerio
2903 1133 3177 1200 posterior
3232 1134 3416 1190 fuerit.
3468 1136 3561 1192 Sic

287 1215 351 1263 et
375 1208 628 1266 Christus
648 1212 876 1281 aqualis
897 1221 982 1268 est
1003 1213 1238 1283 quadam
1271 1231 1339 1270 ex
1383 1224 1539 1286 parte
1568 1216 1733 1288 Moysi
1781 1231 1880 1287 per
1940 1215 2364 1282 humanitatem,
2425 1234 2491 1273 ac
2543 1219 2953 1290 dispensatione
2985 1226 3306 1293 posterior;
3342 1226 3437 1281 sed
3479 1227 3560 1281 ei-

289 1301 419 1360 dem
448 1313 652 1370 tamen,
686 1307 833 1386 quod
861 1308 931 1362 ad
989 1308 1259 1365 Deitatem
1298 1326 1362 1365 ac
1389 1321 1592 1368 sanctae
1634 1312 1920 1368 Trinitatis
1956 1310 2183 1381 gloriam
2236 1314 2497 1383 pertinet,
2534 1314 2694 1386 longe
2748 1319 3091 1388 praeponitur
3132 1329 3187 1375 et
3227 1323 3554 1378 antefertur.

1980 671 2039 719 et
2063 665 2265 730 Aaron,
2301 667 2444 723 sicut
2470 680 2808 740 prameperat
2855 673 2937 728 eis
2971 675 3255 742 Dominus,
3306 679 3385 735 sic
3412 680 3563 736 fece-

363 1399 572 1454 IIAAA.
626 1401 712 1466 Ὦς
749 1403 927 1474 σαφής
956 1420 1017 1458 τε
1046 1404 1139 1457 καὶ
1180 1406 1417 1477 ἐναργὴς
1444 1410 1473 1460 6
1501 1407 1677 1477 λόγος.

360 1495 524 1548 ΚΥΡ.
582 1495 649 1548 Τί
690 1495 781 1563 δέ;
834 1495 955 1568 οὐχὶ
1024 1499 1245 1552 κάκεῖνο
1288 1500 1425 1571 πρὸς
1464 1500 1671 1566 τούτοις
1722 1501 1871 1568 ἄξιον

294 1572 433 1639 ἰδεῖν
449 1601 465 1649 ;

353 1585 465 1649 εἶν;

317 1585 569 1730 δῐΙΔΛΛ.
611 1677 685 1731 Τὸ
714 1678 901 1745 ποῖον;

2048 1406 2249 1461 PALL.
2279 1407 2482 1478 Aperta
2510 1424 2641 1465 sane
2671 1426 2737 1466 ac
2771 1414 3063 1483 perspicua
3098 1417 3388 1486 expositio.

2043 1497 2200 1553 CYR.
2231 1498 2417 1566 Quid?
2474 1516 2658 1556 nonne
2704 1503 2838 1558 illud
2889 1514 3155 1575 praaterea
3199 1508 3425 1579 dignum
3469 1517 3556 1565 est

1971 1589 2118 1660 quod
2144 1591 2659 1647 animadvertatur?

2040 1677 2239 1733 PALL.
2274 1678 2547 1745 Quidnam
2575 1680 2720 1736 istud
2756 1682 2884 1737 est?

358 1768 525 1823 ΚΥΡ.
566 1769 642 1823 Οὐ
676 1770 868 1841 γάρτοι
903 1771 1004 1843 τῆς
1058 1773 1166 1826 τῶν
1196 1774 1506 1843 Αἰγυπτίων
1535 1774 1859 1848 ὲκδεδραμή-

1966 1804 1983 1815 ο
2038 1769 2197 1826 CYR.
2229 1771 2351 1825 Non
2374 1772 2521 1826 enim
2547 1781 2676 1828 ante
2702 1791 2770 1829 ex
2818 1775 3197 1846 Egyptiorum
3250 1778 3414 1833 terris
3453 1794 3553 1834 ex-

281 1874 418 1912 κασι
446 1859 549 1931 γῆς
577 1861 626 1913 οἱ
651 1859 711 1926 ἐξ
731 1863 986 1934 Ἶσραήλ.
1029 1863 1168 1918 ἈλλἸ
1207 1865 1316 1918 οὐδ’
1347 1864 1412 1919 ἂν
1440 1864 1581 1919 οὕτω
1609 1871 1707 1938 τὴν
1738 1867 1865 1921 δυσ-

284 1950 430 2021 αχθῆ
478 1967 538 2003 τε
605 1953 699 2005 καὶ
744 1954 1227 2026 κατεστυγημένην
1286 1957 1471 2021 αὐτοῖς
1527 1958 1866 2012 ἀπελύσαντο

279 2040 553 2105 δουλείαν,
578 2043 777 2112 μᾶλλον
806 2043 885 2109 δὲ,
920 2044 1028 2098 οὐδ’
1061 2044 1289 2109 ἃν.ὄλως
1321 2045 1610 2119 διέδρασαν.
1634 2047 1725 2101 τὸν
1752 2050 1865 2112 τοῖς

278 2134 344 2187 ἑν
378 2132 635 2205 Αἰγύπτῳ
671 2135 1035 2207 πρωτοτόκοις
1076 2137 1431 2209 ἑπιῤῥιφέντα
1475 2135 1730 2202 θάνατον,
1773 2138 1863 2191 καὶ

273 2225 384 2296 τὴν
413 2227 802 2295 δυσδιάφυκτον
844 2232 999 2300 χεῖρα
1021 2229 1113 2282 τοῦ
1143 2228 1482 2300 ὀλοθρευτοῦ,
1515 2230 1564 2281 εἰ
1593 2230 1668 2300 μὴ
1698 2247 1865 2284 κατα-

276 2317 549 2381 θύσαντες
580 2319 674 2371 τὺν
701 2319 872 2390 ἀμνὸν
904 2321 984 2383 είς
1017 2320 1187 2374 τύπον
1212 2318 1449 2392 Χριστοῦ
1490 2320 1584 2373 τοῦ
1619 2321 1862 2390 αἴροντος

271 2409 384 2473 τὰς
425 2410 700 2481 ἁμαρτίας
743 2410 838 2465 τοῦ
875 2411 1098 2482 κόσμου,
1133 2413 1391 2485 Ἐχρισαν
1426 2410 1524 2481 μὲν
1559 2411 1639 2482 τῷ
1670 2413 1861 2481 αἵματι

269 2500 383 2562 τὰς
418 2500 597 2571 φλιὰς,
643 2500 785 2556 κατὰ
826 2501 916 2555 τὸν
948 2503 1100 2565 σφίσι
1146 2501 1235 2556 διὰ
1283 2503 1526 2566 Μωσέως
1575 2501 1861 2573 ὁρισθέντα

276 2590 453 2662 νόμον
472 2603 488 2621 ⁸
515 2590 577 2645 τὺ
605 2591 662 2644 δὲ
686 2590 923 2662 Χριστοῦ
960 2593 1257 2663 μυστήριον
1283 2591 1442 2645 ὅπλον
1467 2591 1656 2667 ὥσπερ
1684 2608 1736 2644 τι
1766 2590 1860 2645 καὶ

274 2681 647 2752 ἁνατείχισμα
671 2681 775 2752 τῆς
818 2682 1033 2736 ἑαυτῶν
1079 2682 1356 2737 ἐποιοῦντο
1378 2683 1575 2754 ψυχῆς.
1622 2682 1860 2756 Λυ[κ]τι-

272 2772 376 2828 κδν
403 2773 512 2845 γὰρ
546 2774 778 2829 θανάτου
837 2776 1123 2845 φάρμακον
1149 2777 1177 2828 6
1203 2774 1439 2846 Χριστοῦ
1483 2775 1729 2840 θάνατος,
1758 2776 1859 2830 καὶ

271 2866 487 2940 φθορᾶς
519 2867 777 2938 ἀμείνους
809 2870 856 2921 οἱ
885 2868 982 2938 τῆς
1015 2868 1282 2939 μυστικῆς
1312 2868 1558 2937 εὐλογίας
1617 2869 1855 2940 μέτοχοι,

270 2958 421 3013 κατά
462 2976 525 3028 γε
553 2958 634 3025 τὸ,
673 2976 693 3011 ι
746 2959 938 3033 ’Δμὴν,
978 2961 1124 3033 ἀμὴν
1171 2961 1313 3029 λέγω
1365 2961 1524 3031 ὑμῖνο
1556 2963 1585 3014 6
1628 2962 1856 3035 τρώγων

274 3068 383 3122 μου
412 3051 513 3123 τὴν
562 3052 762 3123 σάρκα,
802 3054 896 3108 καὶ
930 3055 1098 3109 πίνων
1130 3072 1230 3125 μου
1271 3054 1332 3107 τὸ
1360 3048 1521 3125 αἷμα,
1566 3053 1678 3125 ἔχει
1711 3054 1855 3127 ζωὴν

272 3141 513 3198 αἰώνιον.
548 3163 573 3197 ι
604 3146 1041 3216 Κατεδηδοκότες
1068 3145 1125 3199 δὲ
1152 3147 1243 3199 τὸν
1270 3145 1462 3217 ἀμνὸν,
1497 3146 1695 3221 ἄρτους
1718 3145 1853 3209 ἀζύ-
1881 3161 1926 3221 C

271 3254 411 3307 μους
438 3237 628 3308 ἤσθιον
656 3238 740 3292 ἐπ’
757 3238 924 3310 αὐτῷ,
948 3239 1062 3292 τῶν
1083 3238 1448 3307 εὖαγγελικῶν
1465 3238 1850 3310 παιδευμάτων

268 3330 349 3393 ὼς
364 3331 422 3383 ὲν
446 3330 641 3401 ἁζύμῳ
654 3347 715 3382 τε
728 3331 827 3399 καὶ
850 3330 1212 3401 καθαρωτάτη
1233 3333 1403 3403 τροφῇ
1424 3331 1857 3403 παραδηλοῦντος

267 3420 365 3475 τοῦ
397 3422 572 3475 τύπου
628 3420 725 3494 τὴν
762 3423 1105 3494 άστειότητα,
1142 3422 1282 3495 πλὴν
1336 3423 1600 3494 ἐσομένην
1638 3424 1737 3476 οὐκ
1764 3423 1858 3477 άν-

273 3514 482 3585 ιδρωτὶ,
515 3514 611 3568 καὶ
637 3515 860 3586 πικρίας
889 3514 1013 3586 δίχα
1049 3516 1146 3584 τῆς
1174 3516 1315 3569 κατὰ
1347 3516 1444 3578 τὰς
1467 3515 1699 3585 θλίψεις.
1735 3516 1857 3570 Τοι-

269 3611 465 3681 γάρτοι
506 3610 760 3681 πικρίδας
808 3606 1185 3663 συνεσθίεσοαι
1228 3613 1338 3672 τοῖς
1377 3611 1562 3680 ἄρτοις
1603 3612 1716 3673 τοῖς
1754 3610 1854 3664 οὐκ

269 3700 671 3773 ὲζυμωμένοις,
695 3700 791 3771 τὴν
809 3701 994 3755 ἄδολον
1018 3701 1112 3755 καὶ
1134 3700 1525 3772 καθαρωτάτην
1561 3704 1617 3754 ὲν
1633 3701 1853 3773 Χριστῷ

268 3793 414 3863 ζωὴν
443 3793 505 3847 ού
537 3791 660 3863 δίχα
706 3792 932 3863 πικρίας
973 3791 1236 3862 ἐσομένην
1263 3791 1533 3858 ὑποδηλοῖ.
1571 3793 1853 3845 Συνεισκο-

272 3886 490 3956 μιστέον
535 3884 823 3954 τοιγαροῦν
860 3884 1171 3952 ἀναγκαίως
1202 3887 1323 3947 ταῖς
1364 3882 1592 3954 ἀζύμοις
1624 3887 1852 3954 τροφαῖς

268 3979 363 4050 τὴν
390 3977 640 4047 πικρίδα.
673 3994 691 4028 ι
714 3976 921 4036 Πάντες
942 3977 1053 4047 γὰρ
1075 3976 1124 4028 σί
1155 3975 1400 4037 θέλοντες
1428 3974 1526 4045 ζῇν
1556 3978 1613 4027 ἐν
1630 3974 1850 4045 Χριστῷ

268 4068 680 4140 διωχθήσονται.
736 4087 753 4120 ι
802 4068 988 4138 φησίν.
1025 4066 1172 4138 Πλὴν
1221 4066 1335 4135 οἵγε
1363 4066 1520 4119 τοῦτο
1555 4065 1846 4130 παθόντες,

272 4161 552 4231 μακάριοι.
595 4161 1015 4230 Συμπάσχοντες
1061 4158 1170 4230 γὰρ
1214 4158 1306 4213 καὶ
1337 4158 1842 4229 συμϐασιλεύσουσι,

269 4252 403 4306 κατὰ
444 4251 510 4305 τὸ
562 4250 974 4322 γεγραμμένον.
1022 4251 1115 4321 Μὴ
1151 4250 1413 4320 ἐξοίχεταί
1460 4269 1549 4305 ποι
1597 4251 1732 4323 πρὸς
1787 4251 1848 4305 τὸ

268 4342 495 4407 ἀκαλλὲς
517 4346 546 4397 6
573 4343 733 4411 λόγος
758 4361 773 4409 ;

330 4585 535 4639 ΠΑΛΛ.
581 4584 871 4655 οὐδαμῶς.

1968 1861 2262 1916 cessissent
2314 1863 2595 1928 Israelita,
2645 1880 2825 1935 neque
2873 1868 3197 1923 servitutem
3232 1884 3275 1923 τι
3320 1885 3385 1925 se
3412 1871 3554 1926 adeo

1967 1954 2255 2009 molestam
2284 1964 2449 2024 atque
2498 1956 2747 2012 odiosam
2798 1961 3192 2028 excussissem,
3245 1962 3551 2032 quinetiam

1966 2047 2172 2101 illatam
2212 2046 2603 2119 Aigyptiorum
2648 2051 3030 2123 primogenitis
3081 2063 3336 2121 mortem,
3382 2065 3550 2126 atque

1962 2135 2341 2192 inevitabilem
2404 2139 2554 2194 illam
2602 2143 3053 2199 exterminatoris
3125 2160 3349 2199 manum
3396 2147 3549 2202 haud

1966 2226 2305 2299 etfugissent,
2333 2230 2439 2283 nisi
2467 2233 2621 2300 prius
2656 2248 2857 2303 agnum
2904 2233 3281 2291 immolassent
3306 2237 3361 2291 in
3382 2235 3548 2292 Chri-

1966 2318 2034 2372 sti
2060 2318 2309 2388 ﬁguram,
2329 2320 2423 2390 qui
2452 2322 2591 2376 tollit
2615 2333 2839 2392 peccata
2870 2326 3084 2380 mundi.
3110 2327 3395 2383 Unxerant
3415 2345 3549 2400 ergo

1966 2406 2041 2461 illi
2066 2408 2289 2477 quidem
2314 2419 2503 2479 postes
2528 2413 2815 2482 sanguine,
2844 2423 2904 2468 ut
2924 2415 3013 2469 lex
3058 2430 3087 2469 a
3135 2416 3316 2487 Moyse
3339 2418 3548 2473 sancita

1961 2497 2218 2568 jubebat,
2252 2498 2347 2553 sed
2370 2498 2576 2555 Christi
2604 2503 2869 2573 mysterio
2896 2518 3026 2558 suos
3049 2505 3261 2560 animos
3287 2516 3546 2576 tanquam

1962 2596 2119 2642 scuto
2137 2589 2374 2658 quodam
2408 2599 2573 2661 atque
2607 2593 2749 2647 vallo
2793 2596 3128 2651 munierant.
3178 2598 3291 2667 80
3333 2597 3544 2653 Christi

1959 2694 2195 2749 namque
2211 2697 2359 2736 mors
2382 2683 2656 2739 medicina
2699 2694 2784 2739 est
2818 2686 2896 2739 ad
2940 2696 3176 2741 mortem
3222 2688 3542 2744 solvendam

1958 2774 2167 2837 valens,
2206 2784 2267 2829 et
2304 2777 2407 2845 'qni
2462 2777 2706 2847 mysticae
2773 2778 3181 2835 benedictionis
3239 2783 3543 2852 participes

1959 2862 2118 2929 ﬁunt,
2146 2863 2184 2918 ii
2209 2874 2336 2919 sunt
2361 2868 2557 2921 mortis
2579 2875 2745 2937 atque
2768 2867 3036 2923 interitus
3058 2870 3321 2935 victores,
3361 2880 3421 2926 ut
3445 2872 3538 2927 illa

1957 2956 2125 3010 verba
2164 2963 2438 3013 testantur
2480 2976 2493 3010 :
2548 2977 2566 3009 ι
2597 2957 2794 3023 Amen,
2849 2976 3009 3016 amen
3050 2960 3175 3016 dico
3225 2962 3406 3029 vobis,
3447 2964 3541 3034 qui

1958 3047 2253 3101 manducat
2280 3064 2457 3102 meam
2482 3064 2704 3103 carnem
2729 3058 2788 3104 et
2811 3050 2955 3105 bibit
2979 3067 3162 3106 meum
3190 3054 3537 3123 sanguinem,

1958 3135 2125 3191 habet
2170 3136 2340 3191 vitam
2377 3146 2636 3193 aeternam
2682 3138 2747 3191 “.
2788 3158 2808 3190 ι
2845 3139 3089 3194 Edentes
3128 3157 3264 3196 vero
3315 3149 3537 3213 agnum,

1956 3241 2126 3296 panes
2151 3242 2389 3298 azymos,
2406 3226 2483 3282 ad
2502 3243 2628 3281 eum
2652 3228 2837 3282 cibum
2856 3229 3158 3284 adhibebat
3185 3249 3196 3283 :
3223 3247 3345 3301 qua:
3368 3232 3541 3302 ﬁgura

1959 3330 2060 3383 per
2094 3331 2342 3386 azymum
2368 3333 2677 3388 purumque
2700 3319 2883 3373 cibum
2910 3320 3347 3391 evangelicarum
3371 3322 3541 3377 disci-

1952 3406 2229 3476 plinarum
2253 3408 2584 3479 elegantiam
2633 3410 3019 3480 signiﬁcabat;
3071 3412 3167 3466 sed
3220 3414 3293 3468 ita
3326 3423 3534 3480 tamen,

1955 3503 2017 3550 ut
2032 3511 2155 3550 eam
2180 3512 2290 3552 non
2312 3498 2519 3568 absque
2536 3499 2736 3554 sudore
2763 3507 2925 3570 atque
2942 3516 3324 3570 pressurarum
3338 3505 3540 3558 amari-

1950 3588 2146 3643 tudine
2168 3589 2407 3643 l‘uturam
2426 3606 2545 3645 esse
2558 3591 2935 3661 praetiguraret
2951 3611 2963 3646 :
2982 3608 3105 3647 nam
3128 3595 3332 3650 amaris
3346 3596 3536 3651 herbis
3576 3610 3583 3615 ‘

1952 3680 2116 3734 simul
2142 3696 2272 3735 cum
2323 3680 2731 3736 infermentatis
2759 3684 2997 3752 panibus
3026 3684 3176 3739 vesci
3226 3687 3330 3741 hoc
3360 3688 3535 3742 laten-

1956 3770 2360 3840 tersigniticat,
2414 3772 2563 3826 illam
2615 3768 3045 3831 sincerissimam
3074 3787 3238 3847 atque
3262 3782 3536 3850 purgatis-

1952 3861 2147 3915 simam
2199 3861 2255 3915 in
2311 3861 2538 3918 Christo
2576 3865 2745 3919 vitam
2772 3881 2881 3921 non
2908 3882 3070 3937 posse
3118 3869 3236 3924 sine
3268 3872 3532 3926 amaritu-

1950 3950 2077 4006 dine
2110 3950 2261 4006 duci.
2288 3954 2431 4024 Ergo
2454 3954 2521 4009 ad
2545 3970 2765 4027 azymos
2784 3957 2939 4013 cibos
2980 3961 3290 4017 amaritudo
3313 3978 3531 4033 quoque

1939 4051 2033 4098 est
2054 4046 2369 4100 necessario
2393 4046 2739 4118 adjungenda
2768 4066 2781 4102 :
2834 4069 2851 4101 ι
2875 4049 3081 4107 Omnes
3117 4053 3263 4107 enim
3302 4055 3397 4124 qui
3432 4070 3529 4109 vo-

1948 4133 2070 4188 lunt
2096 4136 2183 4205 pie
2218 4136 2404 4191 vivere
2451 4137 2507 4191 in
2541 4138 2785 4206 Christo,
2824 4143 3265 4209 persecutionem
3312 4144 3528 4213 patien-

1942 4226 2123 4291 tur“,
2160 4245 2177 4277 ι
2214 4227 2412 4297 inquit.
2441 4227 2549 4283 Sed
2576 4238 2780 4294 tamen,
2829 4232 3151 4301 quicunque
3200 4232 3254 4285 id
3282 4233 3525 4301 perpessi

1948 4315 2172 4379 fuerint,
2211 4316 2356 4373 beati
2397 4327 2567 4373 sunt:
2616 4336 2743 4374 nam
2789 4320 2953 4375 simul
3006 4321 3284 4391 patiendo,
3329 4336 3527 4378 conse-

1946 4418 2186 4478 quentur
2204 4410 2372 4464 etiam
2397 4420 2459 4464 ut
2487 4412 2651 4465 simul
2679 4420 2933 4481 regnent,
2965 4424 3025 4466 ut
3047 4412 3314 4482 scriptum
3344 4422 3431 4468 est
3453 4414 3522 4472 “.

1946 4500 2085 4554 Num
2107 4502 2278 4570 igitur
2301 4502 2477 4556 oratio
2502 4518 2533 4556 a
2559 4503 2762 4558 decoro
2785 4502 3037 4560 deviasse
3064 4504 3165 4560 tibi
3190 4506 3241 4561 v.‘
3245 4506 3410 4561 detur
3430 4507 3456 4563 ?

2022 4592 2218 4646 PALL.
2256 4594 2478 4649 Minime
2500 4611 2653 4650 vero.

324 4741 368 4772 “
397 4738 580 4798 Exod.
626 4754 723 4805 vn,
761 4739 814 4807 6,
842 4739 894 4793 7.
973 4739 1018 4771 ⁵³
1044 4739 1202 4796 Joan.
1234 4754 1307 4806 γι,
1338 4739 1429 4795 55.
1511 4739 1555 4771 “
1581 4739 1645 4796 ll.
1693 4741 1834 4798 Tim.

1977 4743 2064 4800 12.
2142 4746 2186 4781 ⁸⁸
2222 4746 2380 4802 Rom.
2418 4763 2530 4815 vui,
2562 4749 2651 4808 18.

1842 5036 1910 5048 Μ
