4082 6304
261 284 371 341 265

994 281 1084 336 DE
1123 278 1563 337 ADORATIONE
1602 279 1666 335 IN
1704 278 1973 335 SPIRITU
2014 278 2102 332 ET
2143 276 2513 333 VERITATE.
2554 274 2681 329 LIB.
2724 273 2812 328 lll.

3414 268 3520 324 266

260 398 454 451 ἐλπίδα
496 395 596 467 τὴν
640 395 791 468 παρά
822 396 963 467 Θεῷ,
1009 400 1192 463 πίστις
1233 401 1267 470 ἡ
1314 400 1371 452 ὲν
1405 397 1645 470 Χριστῷ,
1679 398 1771 452 καὶ
1814 399 1847 467 ἡ

1961 394 2461 459 ianetificationem,
2521 406 2787 463 spemque
2818 404 2941 445 eam
2973 402 3138 459 quam
3170 387 3226 440 in
3264 384 3382 461 Deo
3432 402 3524 440 re-

261 491 385 542 κατ’
416 488 578 541 αὐτὸν
618 488 922 554 δικαίωσις,
965 492 1106 546 κατά
1136 508 1199 560 γε
1236 491 1298 544 τὸ
1343 491 1448 544 ὑπὸ
1494 490 1587 544 τοῦ
1634 489 1845 544 Παύλου

271 580 451 650 σοφῶς
494 581 817 653 εἰρημένον·
872 601 891 632 ι
938 582 1134 652 Ἐγγύς
1179 600 1272 636 σου
1304 583 1364 636 τὸ
1399 582 1552 654 ῥῆμά
1593 583 1740 637 ἐστιν
1788 584 1847 635 ὲν

270 670 351 742 τῷ
376 671 607 742 στόματί
641 689 756 737 σου,
785 673 879 725 καὶ
907 673 965 726 ὲν
988 676 1052 744 τῇ
1084 673 1281 755 καρδία
1319 691 1435 738 σου,
1460 673 1604 727 τοῦτ’
1642 672 1759 726 ἔστι
1785 673 1848 727 τὸ

262 762 419 834 ῥῆμα
442 763 541 834 τῆς
566 763 802 827 πίστεως
820 762 849 816 ὂ
881 764 1228 837 κηρύσσομεν
1248 807 1263 831 ,
1284 767 1365 819 ὅτι
1387 765 1479 819 ἐὰν
1503 764 1846 836 ὁμολογήσῃς

261 854 322 907 ὲν
355 852 434 925 τῷ
465 854 692 925 στόματί
724 872 817 909 σου
856 857 937 910 ὅτι
964 856 1168 929 Κύριος
1215 857 1444 929 Ἰησοῦς,
1479 858 1574 912 καὶ
1624 856 1847 912 πιστεύ-

269 961 369 1016 σῃς
402 948 459 998 ὲν
489 948 555 1016 τῇ
586 945 783 1017 καρδίᾳ
827 964 920 1001 σου
957 948 1039 1001 ὅτι
1070 951 1099 1002 ὁ
1141 948 1274 1013 θεὸς
1318 949 1477 1002 αὑτὸν
1519 950 1738 1020 ἤγειρεν
1782 949 1846 1002 ὲκ

263 1037 496 1108 νεκρῶν,
524 1036 747 1110 σωθήσῃ
769 1054 784 1069 ·
813 1038 1011 1110 καρδία
1049 1038 1156 1112 γὰρ
1184 1039 1497 1093 πιστεύεται
1538 1041 1618 1102 εἰς
1643 1040 1848 1093 δικαιο-

267 1130 471 1200 σύνην·
532 1131 759 1202 στόματι
822 1131 881 1186 δὲ
935 1132 1275 1203 ὁμολογεῖται
1343 1133 1424 1196 είς
1479 1130 1779 1203 σωτηρίαν.
1821 1152 1841 1184 ι

266 1222 485 1293 Ταύτην
511 1219 601 1276 οῦν
623 1224 731 1294 ἀρα
758 1223 858 1294 τὴν
888 1223 1059 1286 οὕτως
1083 1223 1253 1295 ἀγχοῦ
1284 1225 1379 1277 καὶ
1411 1223 1848 1295 συνεσταλμένην

266 1313 391 1366 ὁδὸν
436 1314 760 1384 διαστείχειν
775 1316 876 1368 οὐκ
904 1315 1056 1385 ἠφίει
1086 1317 1212 1379 τοὺς
1238 1315 1406 1369 πάλαι
1443 1315 1606 1380 Θεός·
1638 1317 1848 1370 ἐπενόει

265 1404 323 1458 δὲ
351 1405 538 1474 ὥσπερ
574 1406 695 1460 τινὰ
737 1404 934 1459 κύκλον
965 1405 1064 1476 τὴν
1097 1408 1182 1459 ἐπ’
1217 1407 1432 1471 εὐθείας
1476 1409 1577 1461 οὐκ
1624 1408 1847 1480 ἔχοντα,

268 1496 362 1548 τὸν
390 1498 448 1549 ὲν
480 1496 868 1568 περιστροφαίς
917 1496 1090 1566 λόγων
1132 1498 1227 1551 καὶ
1265 1499 1323 1551 ὲν
1371 1498 1657 1570 αἰνίγμασι
1687 1500 1850 1571 νόμον

274 1587 623 1659 μακροτέραν
655 1588 844 1658 ἔχοντα
873 1590 967 1642 καὶ¹
999 1590 1098 1642 οὐκ
1130 1590 1512 1661 ἀταλαίπωρον
1545 1591 1646 1663 τὴν
1686 1592 1850 1645 παιδ-

270 1678 537 1746 αγωγίαν,
569 1678 634 1733 ἵν’
680 1680 869 1751 ὥσπερ
896 1680 1018 1736 τινὰ
1050 1680 1337 1753 μελέτησιν
1362 1681 1471 1735 τῶν
1503 1682 1850 1754 τελειοτέρων

1947 488 2183 559 positam
2207 488 2498 551 habemus,
2530 485 2689 549 ﬁdes,
2716 484 2963 555 inquam,
3000 481 3054 534 in
3075 479 3318 545 Christo,
3344 486 3400 533 et
3432 478 3525 533 illa

1944 578 2003 634 in
2026 579 2222 634 eodem
2240 577 2581 650 justiﬁcatio,
2602 582 2666 628 ut
2695 572 2970 643 sapienter
3001 578 3085 626 est
3115 586 3146 624 a
3175 569 3335 623 beato
3357 567 3527 622 Paulo

1944 671 2194 727 dictum:
2232 692 2250 722 ι
2284 671 2460 740 Prope
2485 677 2536 724 te
2568 675 2654 723 est
2702 654 2937 721 verbum
2962 664 3067 718 hoc
3102 663 3161 716 in
3206 677 3302 717 ore
3344 672 3441 715 tuo
3471 669 3528 715 et

1943 762 2001 817 in
2021 762 2188 819 corde
2212 771 2326 827 tuo,
2362 761 2469 815 hoc
2491 767 2595 825 est,
2618 757 2851 813 verbum
2885 748 3034 819 ﬁdei,
3080 753 3230 824 quod
3259 751 3526 823 praedica-

1944 872 2068 911 mus
2111 874 2123 909 :
2157 855 2440 925 quoniam,
2468 852 2513 906 si
2547 848 2865 905 conﬁtearis
2905 847 2961 901 in
2985 861 3081 901 ore
3104 853 3201 899 tuo
3236 842 3385 914 quod
3424 843 3531 898 Do-

1918 947 2130 1001 <minus
2168 944 2350 1008 .lesus,
2391 949 2448 997 et
2474 939 2779 996 credideris
2808 938 2866 991 in
2904 936 3071 992 corde
3099 943 3193 990 tuo
3217 934 3365 1005 quod
3385 934 3532 988 Deus

1944 1039 2126 1109 ipsum
2160 1033 2448 1090 suscitavit
2471 1048 2502 1087 a
2531 1030 2788 1095 mortuis,
2815 1029 3000 1109 salvus
3019 1027 3167 1083 eris:
3195 1025 3361 1080 corde
3380 1024 3530 1078 enim

1948 1102 2195 1184 creditur
2232 1127 2301 1182 ad
2336 1124 2632 1198 justitiam,
2675 1138 2773 1177 ore
2819 1102 3005 1177 autem
3045 1117 3319 1174 confessio
3364 1116 3426 1171 ﬁt
3462 1116 3531 1170 ad

1947 1222 2181 1277 salutem
2215 1221 2301 1273 ‘“.
2332 1239 2350 1271 ο
2399 1220 2505 1274 Per
2549 1217 2691 1271 hanc
2735 1215 2907 1287 igitur
2948 1213 3088 1268 adeo
3119 1210 3361 1266 vicinam
3398 1209 3531 1264 bre-

1948 1328 2184 1385 vemque
2216 1312 2363 1367 viam
2386 1310 2671 1366 ambulare
2702 1308 2966 1379 antiquos
2991 1306 3118 1361 illos
3139 1303 3397 1360 homines
3419 1316 3532 1358 non

1948 1407 2203 1479 permisit
2233 1405 2400 1470 Deus,
2435 1405 2533 1460 sed
2579 1404 2733 1459 velut
2775 1401 3071 1457 circuitum
3114 1397 3407 1468 quemdam
3439 1410 3534 1451 ex-

1950 1501 2231 1572 cogitavit,
2258 1508 2472 1553 rectum
2490 1498 2597 1552 iter
2620 1496 2846 1551 minime
2876 1492 3193 1555 habentem,
3228 1490 3424 1560 legem,
3446 1488 3533 1543 in-

1951 1607 2137 1663 quam,
2193 1605 2315 1660 qum
2358 1604 2458 1659 per
2505 1586 2775 1643 orationis
2819 1583 3100 1638 anfractus
3144 1589 3202 1637 et
3245 1579 3534 1650 aenigmata

1951 1686 2260 1759 longiorem
2306 1685 2539 1739 haberet
2582 1681 3113 1748 laboriosioremque
3157 1674 3531 1745 disciplinam,

269 1769 343 1822 τὰ
377 1772 435 1823 ὲν
485 1774 664 1835 σκιαῖς
700 1771 947 1843 ἔχοντες,
990 1774 1084 1828 καὶ
1121 1773 1628 1845 προκατηχούμενοι
1658 1776 1851 1851 τὸαμυ-

1961 1788 2011 1835 ιιι
2037 1779 2126 1845 iis,
2159 1794 2283 1849 qua:
2327 1777 2690 1832 tradebantur
2733 1775 2790 1829 in
2829 1771 3063 1836 umbris,
3112 1768 3266 1824 velut
3306 1765 3537 1823 medita-

275 1862 521 1932 στήριον,
561 1862 636 1933 μὴ
670 1867 785 1927 τοῖς
816 1863 1069 1935 τυχοῦσιν
1098 1863 1284 1929 ἀπλῶς
1316 1869 1705 1921 καταπτοοῖντο
1738 1866 1850 1921 δεί-

279 1972 469 2025 μασιν,
515 1957 595 2020 ei;
630 1958 948 2031 ἀποδρομὴν
986 1959 1080 2013 καὶ
1125 1960 1423 2014 ἀπόστασιν
1450 1960 1550 2031 τὴν
1584 1960 1692 2014 ἀπὺ
1717 1960 1851 2031 Χρι·

276 2047 431 2115 στοῦ,
469 2050 1017 2120 προγεγυμνασμένοι
1064 2051 1121 2103 δὲ
1158 2049 1347 2121 ὥσπερ
1388 2051 1486 2105 καὶ
1537 2053 1851 2123 ἀναμανθὰ-

271 2158 457 2204 νοντες
491 2141 554 2194 τὸ
584 2141 799 2212 άληθῶς
826 2142 1087 2211 ὠφελοῦν,
1117 2144 1450 2216 ἐτοιμότεροι
1494 2145 1593 2215 μὲν
1623 2144 1689 2200 ἂν
1742 2142 1852 2198 εἷεν

269 2232 415 2304 πρὸς
457 2232 556 2303 τὴν
600 2234 701 2305 τῆς
749 2234 1002 2305 ἀληθείας
1042 2235 1226 2305 ἔφεσίν
1264 2254 1325 2290 τε
1378 2238 1471 2291 καὶ
1522 2238 1849 2309 προθυμίαν,

270 2324 679 2396 ἐρηρεισμένην
702 2325 760 2379 δὲ
781 2327 874 2379 καὶ
917 2326 1425 2399 ἁ[να]κατάσειστον
1447 2329 1620 2400 ἔχοιεν
1642 2330 1742 2400 τὴν
1774 2331 1854 2394 είς

268 2413 409 2466 Θεὸν
431 2414 730 2485 ἀγάπησιν.
770 2416 865 2470 Διά
901 2419 1116 2489 μακρᾶς
1151 2416 1244 2472 οῦν
1270 2417 1457 2488 ὥσπερ
1509 2419 1605 2474 καὶ
1634 2420 1734 2473 οὐκ
1765 2420 1856 2474 εὐ-

271 2503 430 2569 θείας
448 2505 589 2570 όδοῦ,
606 2507 705 2577 τῆς
723 2508 862 2561 κατὰ
882 2509 939 2561 τὸ
961 2510 1193 2581 γράμμα
1214 2510 1487 2582 λατρείας,
1511 2510 1856 2579 παιδαγωγὸς

272 2593 344 2665 ἦν
389 2598 419 2649 ὁ
474 2597 656 2668 νόμος.
698 2599 931 2671 Χριστὸς
976 2602 1031 2655 δὲ
1068 2602 1167 2673 ούχ
1210 2602 1370 2656 οῦτω.
1418 2601 1707 2674 ΙῙαρέδειξε
1747 2603 1856 2673 γὰρ

274 2688 413 2758 ἡμῖν
472 2687 571 2759 τὴν
620 2690 699 2754 είς
734 2690 863 2745 εὐθὺ
895 2693 987 2745 καὶ
1033 2693 1224 2763 ἀγχοῦ,
1270 2693 1416 2747 τοῦτ’
1457 2694 1593 2761 ἐστι,
1629 2696 1727 2767 τὴν
1768 2695 1856 2749 διὰ

278 2779 536 2843 πίστεως,
581 2784 999 2853 μεταχαλκεύων
1051 2788 1129 2848 είς
1173 2785 1483 2856 εὐτολμίαν,
1533 2789 1627 2840 καὶ
1673 2789 1754 2851 είς
1797 2789 1857 2842 τὸ

277 2872 478 2943 χρῆναι
531 2871 717 2927 λοιπὸν
763 2877 1211 2948 κατανδρίζεσθαι
1261 2876 1371 2931 τῶν
1410 2878 1854 2949 ἀνθεστηκότων’

277 2962 581 3032 τληπαθείν
601 2965 657 3019 δὲ
685 2966 765 3018 ὅτι
791 2965 1023 3035 μάλιστα
1052 2966 1224 3036 φιλεῖν
1249 2968 1389 3040 ὑπέρ
1417 2986 1476 3021 τε
1505 2968 1599 3022 τοῦ
1626 2968 1854 3039 ἀγαθοῦ,

280 3054 380 3109 καὶ
394 3058 514 3120 ταῖς
527 3056 620 3110 τοῦ
642 3057 887 3111 διαϐόλου
913 3058 1263 3131 μεθοδ[ε]ίαις
1280 3060 1664 3130 ἀντιφέρεσθαι
1685 3079 1858 3131 γεννι-

281 3144 417 3210 κιῖις,
476 3147 654 3200 ἐκεῖνό
707 3165 809 3201 που
858 3149 997 3219 τάχα
1046 3150 1107 3203 τὸ
1154 3153 1211 3202 ὲν
1261 3152 1517 3223 προφήτῃ
1570 3151 1851 3221 λέγοντας

287 3253 310 3290 ι
357 3237 486 3291 Ἰδοὺ
520 3238 724 3311 Κύριος
752 3240 933 3310 βοηθεῖ
973 3259 1081 3312 μοι,
1111 3241 1194 3305 τίς
1218 3242 1455 3296 κακώσει
1493 3260 1594 3314 με;
1639 3263 1657 3295 ι
1696 3244 1769 3298 Τὸ
1801 3246 1858 3298 δὲ

282 3328 351 3398 δὴ
379 3328 478 3400 τὴν
527 3327 698 3393 οὕτως
741 3333 872 3402 ἡμῖν
922 3332 1248 3400 ἀξιάγαστον
1278 3333 1566 3404 εὐτολμίαν
1601 3336 1862 3405 ἐμποιοῦν

285 3420 374 3491 εἴη
405 3421 468 3492 δή
511 3439 613 3474 που
654 3423 870 3476 πάντων
922 3423 986 3477 ἂν
1032 3425 1217 3496 ’ἕτερον
1262 3424 1434 3490 οὐδὲν,
1471 3425 1621 3496 παρά
1668 3427 1765 3497 τὴν
1804 3427 1864 3493 ἐξ

288 3510 456 3579 ὕψους
484 3511 733 3583 δύναμιν,
763 3513 905 3567 τοῦτ’
935 3514 1078 3581 ἔστι,
1114 3515 1212 3586 τὴν
1233 3516 1326 3569 τοῦ
1362 3516 1517 3584 ἁγίου
1548 3518 1863 3589 Πνεύματος

292 3602 509 3673 μέθεξίν
535 3621 594 3656 τε
627 3604 724 3659 καὶ
754 3606 1057 3660 κοινωνίαν.

1951 1875 2099 1928 tione
2133 1864 2370 1942 quadam
2405 1884 2593 1925 rerum
2617 1865 3009 1939 perfectiorum
3032 1868 3273 1926 utentes,
3299 1874 3364 1913 ac
3381 1858 3537 1930 prius

1950 1961 2202 2034 mysterii
2236 1958 2568 2014 rudimentis
2600 1955 2822 2020 imbuti,
2859 1968 2972 2007 non
3002 1960 3207 2006 temere
3247 1946 3538 2018 quibusvis

1953 2053 2261 2110 terroribus
2283 2052 2669 2114 turbarentur,
2692 2057 2748 2103 et
2773 2064 2803 2102 a
2825 2046 3048 2102 Christo
3072 2042 3349 2099 resilirent
3371 2048 3536 2110 atque

1951 2150 2341 2211 desciscerent,
2364 2146 2458 2201 sed
2477 2146 2627 2199 velut
2648 2142 3042 2199 exercitatione
3068 2138 3305 2210 quadam
3330 2137 3538 2192 instru-

1953 2243 2048 2307 cti,
2088 2256 2214 2295 cum
2247 2239 2575 2294 didicissent
2599 2251 2763 2306 quam
2801 2235 2956 2289 utilis
3001 2241 3147 2287 esset
3176 2230 3402 2296 veritas,
3436 2244 3538 2299 pa-

1954 2326 2189 2383 ratiores
2221 2326 2292 2381 ad
2328 2324 2714 2396 ex‘p‘etendam,
2744 2322 3106 2391 alacriterque
3150 2317 3538 2390 capessendam

1954 2420 2245 2474 veritatem
2294 2418 2661 2473 redderentur
2685 2456 2700 2481 ,
2741 2413 3145 2483 dilectioneque
3198 2425 3327 2481 erga
3365 2410 3541 2464 Deum

1954 2519 2141 2567 essent
2161 2510 2318 2564 ﬁrma
2348 2517 2404 2563 et
2427 2510 2673 2562 immota.
2712 2506 2825 2561 Lex
2851 2505 3017 2577 igitur
3043 2502 3374 2575 paedagogus
3397 2509 3537 2563 erat,

1954 2607 2062 2677 83
2098 2604 2191 2675 qui
2242 2604 2415 2658 veluti
2454 2617 2555 2672 per
2600 2598 2909 2671 longiorem
2948 2612 3013 2651 ac
3061 2595 3365 2651 ﬂexuosam
3391 2593 3539 2647 viam

1957 2700 2204 2761 duceret,
2232 2714 2331 2769 per
2370 2697 2548 2761 illum,
2586 2697 2835 2766 inquam,
2858 2693 3088 2755 cultum,
3115 2688 3211 2760 qui
3236 2686 3541 2743 secundum

1957 2792 2192 2846 litteram
2219 2790 2606 2845 exhibebatur.
2632 2787 2702 2841 At
2750 2802 2860 2840 non
2910 2784 3043 2838 item
3090 2780 3367 2837 Christus.
3405 2778 3543 2833 Nam

1960 2889 2075 2935 tum
2100 2881 2323 2935 brevem
2353 2880 2515 2935 nobis
2538 2875 2998 2934 commonstravit
3020 2874 3189 2939 viam,
3231 2872 3403 2935 illam,
3455 2870 3543 2924 in-

1960 2988 2146 3042 quam,
2175 2987 2275 3043 per
2305 2972 2467 3027 ﬁdem
2494 2989 2509 3038 ;
2549 2970 2798 3039 adeoque
2832 2967 3099 3022 audentes
3124 2979 3226 3019 nos
3281 2961 3541 3025 reddidit,

1960 3072 2023 3117 ut
2075 3080 2187 3118 non
2245 3063 2564 3117 dubitemus
2612 3062 2726 3132 jam
2781 3059 3046 3114 adversus
3098 3072 3166 3112 ea
3214 3071 3337 3126 qua:
3384 3054 3548 3109 nobis

1962 3155 2340 3219 obluctantur,
2408 3154 2636 3207 fortiter
2682 3152 2981 3216 dimicare,
3031 3151 3441 3220 optandumque
3490 3149 3547 3203 in

1965 3246 2164 3315 primis
2214 3245 2593 3301 existimemus
2652 3259 2756 3314 pro
2801 3244 2919 3313 ipso
2948 3242 3095 3296 bono
3137 3240 3419 3312 quidpiam
3459 3249 3548 3297 to-

1962 3337 2162 3402 lerare,
2189 3351 2253 3390 ac
2285 3336 2491 3391 diaboli
2519 3335 2803 3390 insidiosis
2826 3334 3150 3390 occursibus
3188 3333 3408 3388 fortiter
3449 3333 3550 3387 ob-

1964 3428 2181 3492 sistere,
2208 3427 2345 3483 illud
2371 3443 2402 3483 e
2446 3428 2716 3498 propheta
2764 3427 2819 3481 in
2843 3442 2938 3481 ore
2990 3426 3257 3481 habentes
3306 3443 3319 3478 :
3360 3444 3378 3476 ι
3407 3424 3548 3479 Ecce

1965 3520 2112 3575 Deus
2135 3520 2357 3591 adjuvat
2389 3535 2515 3585 me;
2563 3519 2688 3589 quis
2721 3518 2923 3587 afﬂiget
2964 3532 3051 3572 me
3083 3517 3171 3570 '7?
3196 3536 3214 3568 ι
3253 3515 3411 3583 Quod
3447 3531 3548 3569 au-

1969 3619 2077 3665 tem
2104 3613 2159 3666 in
2182 3613 2344 3668 nobis
2373 3613 2512 3667 adeo
2535 3610 2710 3666 miros
2730 3611 2899 3665 animi
2924 3626 3091 3665 ausus
3109 3608 3295 3675 eﬁicit,
3317 3609 3372 3663 id
3400 3616 3550 3663 certe

290 3711 403 3751 non
461 3697 611 3752 aliud
673 3697 902 3753 omnino
953 3708 1058 3764 est,
1111 3715 1277 3769 quam
1337 3701 1430 3755 illa
1475 3717 1543 3756 ex
1592 3703 1703 3758 alto
1742 3702 1937 3769 virtus,
1980 3703 2036 3758 id
2077 3712 2182 3767 est,
2233 3704 2405 3759 sancti
2455 3703 2695 3774 Spiritus
2760 3704 3113 3774 participatio
3165 3711 3328 3771 atque
3396 3716 3550 3755 com-

290 3809 499 3849 munto.

362 3886 572 3939 ΠΑΛΛ.
640 3885 927 3958 Συνίημιό
982 3889 1121 3958 φῂς,
1172 3888 1264 3940 καί
1325 3905 1384 3941 σε
1430 3888 1531 3960 τῆς
1589 3890 1869 3960 ἀγχινοίας

293 3976 524 4046 ἄγαμαι.

359 4067 525 4122 ΚΥΡ.
569 4069 679 4122 Καὶ
702 4069 793 4122 τόν
821 4086 884 4138 γε
916 4069 1013 4140 τῆς
1047 4070 1149 4142 διὰ⁴
1174 4070 1410 4143 Χριστοῦ
1445 4074 1716 4144 σωτηρίας
1747 4091 1867 4126 και-

297 4159 387 4229 ρὸν
466 4161 906 4231 κατασημήνειεν
964 4162 1029 4216 ἂν
1076 4163 1235 4227 εὐθὺς
1283 4165 1344 4216 τὸ
1401 4164 1863 4236 παρεζευγμένον.

301 4269 318 4302 ι
351 4251 584 4323 Πέμπτῃ
611 4252 736 4324 γὰρ,
775 4253 927 4323 φησι,
957 4256 1118 4325 γενεᾷ
1136 4254 1406 4325 ἀνέϐησαν
1433 4258 1481 4309 οἱ
1514 4258 1619 4311 υἱοὶ
1651 4256 1868 4328 Ἰσραὴλ
1903 4242 1948 4299 D

299 4343 358 4395 ὲκ
384 4342 485 4411 γῆς
510 4342 812 4411 Αἰγύπτου.
843 4363 861 4396 ι
901 4345 1380 4418 Ἐκλελυτρώμεθα
1400 4348 1504 4420 γὰρ
1529 4351 1590 4402 ἐκ
1606 4349 1866 4417 δουλείας,

300 4435 386 4487 καὶ
425 4435 533 4506 μὴν
575 4434 669 4487 καὶ
731 4435 907 4489 πόνων
949 4436 1054 4489 τῶν
1082 4441 1138 4491 ἐν
1171 4440 1399 4502 είκαίοις
1443 4444 1866 4512 περισπασμοῖς,

300 4528 386 4579 καὶ
410 4526 790 4596 ταλαιπωρίας
823 4526 925 4597 τῆς
968 4529 1096 4598 περὶ
1124 4530 1228 4600 γῆν
1269 4547 1327 4582 τε
1369 4532 1462 4584 καὶ
1488 4532 1615 4601 χοῦν
1660 4532 1871 4604 (συνίης

302 4616 353 4670 δὲ
381 4618 410 4670 ὅ
434 4617 633 4688 φημι),
667 4618 809 4670 κατά
832 4618 929 4689 τὴν
963 4620 1322 4691 εὐαγγελικὴν
1351 4622 1685 4693 παραϐολὴν,
1704 4625 1778 4687 ὡς
1814 4626 1871 4679 ὲν

303 4709 520 4780 πέμπτῃ
577 4711 759 4779 γενεᾷ,
812 4710 889 4779 τῷ
938 4710 1173 4781 πέμπτῳ
1221 4711 1419 4782 καιρῷ.
1461 4730 1479 4763 ι
1532 4714 1721 4783 Ὀμοία
1765 4716 1871 4785 γάρ

306 4803 441 4854 ἐστιν
465 4804 501 4872 ἡ
531 4800 777 4870 βασιλεία
800 4803 907 4855 τῶν
929 4804 1170 4874 οὐρανῶν
1198 4804 1293 4857 ἀνθ
1304 4804 1469 4876 ρώπῳ
1502 4807 1870 4879 οἰκοδεσπότῃ,

301 4894 439 4956 ὅστις
487 4893 713 4961 ἐξῆλθεν
765 4893 881 4965 ἅμα
928 4895 1071 4965 πρωῒ
1108 4896 1480 4964 μισθώσασθαι
1518 4899 1753 4968 ἐργάτας
1794 4903 1872 4965 είς

301 4985 385 5036 τὸν
417 4982 716 5053 ἀμπελῶνα
759 4984 945 5038 αὐτοῦ.
985 5004 1003 5037 ι
1036 4986 1196 5039 Τουτὶ
1222 4986 1278 5039 δὲ
1308 4987 1403 5039 καὶ
1433 4989 1560 5057 περὶ
1581 4987 1679 5059 τὴν
1708 4988 1873 5058 ἕκτην

302 5093 355 5127 τε
386 5078 481 5130 καὶ
512 5076 613 5145 τὴν
651 5077 848 5147 ἐνάτην
892 5076 993 5148 ἔφη
1029 5079 1193 5149 δρᾷνο
1254 5098 1272 5130 ι
1311 5080 1446 5149 Περὶ
1485 5080 1542 5132 δὲ
1588 5082 1686 5150 τὴν
1734 5082 1874 5134 ἑνδε-

302 5168 491 5239 κάτην,
525 5164 682 5240 εὗρεν
712 5169 905 5232 ἄλλους
934 5171 1157 5240 ἀργοὺς,
1192 5170 1294 5241 ἔφη
1337 5187 1398 5223 τε
1429 5171 1563 5241 πρὸς
1595 5171 1835 5237 ἐκείνους
1857 5190 1868 5202 '

303 5259 364 5310 Τί
407 5261 672 5331 ἑστήκατε
705 5254 807 5317 ὧδε
849 5261 976 5331 ὅλην
1012 5262 1108 5332 τὴν
1141 5263 1350 5332 ἡμέραν
1380 5263 1567 5333 ἀργοί;
1611 5263 1869 5332 ὑπάγετε,

305 5350 392 5403 καὶ
421 5350 576 5420 ὑμεῖς
601 5352 898 5423 ἐργάζεσθε
925 5353 1004 5415 είς
1033 5353 1122 5405 τὸν
1150 5352 1449 5422 ἀμπελῶνὰ
1481 5373 1601 5424 μου.
1639 5373 1656 5406 ι
1686 5355 1873 5426 Ἀθρει

304 5441 367 5511 δὴ
394 5438 508 5509 οὖν,
555 5442 630 5506 ὡς
675 5446 731 5497 ὲν
770 5443 999 5515 πέμπτῃ
1050 5446 1212 5514 γενεᾷ
1251 5447 1635 5516 πεμπομένους
1676 5449 1753 5510 είς
1784 5448 1873 5500 τὸν

316 5534 604 5602 ἀμπελῶνα
649 5536 774 5599 τοὺς
822 5535 1181 5602 τελευταίους,
1232 5537 1326 5589 καὶ
1385 5539 1442 5590 ὲν
1507 5541 1718 5609 καιροῖς
1762 5542 1875 5603 τοῖς

385 5712 445 5746 ⁸⁸⁵
478 5716 635 5772 Rom.
672 5734 726 5781 κ,
773 5717 928 5782 840.
1004 5718 1047 5749 ⁸⁷
1088 5719 1192 5773 Isa.
1236 5733 1285 5779 ι,
1322 5719 1372 5771 7.
1451 5720 1514 5752 ⁸⁷·
1550 5720 1720 5777 Exod.
1755 5737 1859 5776 xm.

2037 5723 2081 5755 ⁸⁸
2112 5725 2300 5783 Matth.
2333 5744 2421 5797 xx,
2461 5728 2476 5782 !
2521 5742 2673 5799 seqq.

620 5810 894 5868 PATROL.
943 5809 1055 5870 GR.
1101 5810 1341 5871 LXVIlI

1976 3891 1995 3921 ’λ
2046 3888 2242 3944 PALL.
2275 3887 2525 3959 Intelligo
2552 3885 2701 3957 quod
2736 3885 2895 3950 dicis,
2923 3900 2987 3941 ac
3013 3894 3160 3941 tuam
3188 3884 3347 3940 istam
3375 3885 3553 3940 soler-

1974 3982 2104 4036 tiam
2130 3982 2395 4037 admiror.

2040 4076 2197 4130 CYR.
2246 4076 2424 4146 Atque
2469 4076 2650 4146 ipsum
2672 4090 2891 4146 quoque
2924 4074 3116 4129 salutis
3153 4089 3251 4143 per
3271 4073 3550 4128 Christum

1974 4167 2281 4221 tribuenda:
2303 4176 2539 4237 tempus,
2573 4177 2635 4222 ut
2695 4176 2850 4237 puto,
2899 4165 3264 4235 signiﬁcatur,
3313 4179 3381 4218 eo
3434 4164 3552 4232 ipso

1975 4261 2126 4329 quod
2162 4255 2423 4330 deinceps
2469 4260 2788 4330 adjunctum
2821 4267 2904 4311 est
2943 4274 2954 4307 :
2999 4276 3015 4306 ι
3045 4254 3248 4320 Quinta
3294 4270 3551 4323 namque,

1978 4352 2074 4416 ait,
2115 4351 2469 4421 generatione
2533 4349 2904 4403 ascenderunt
2950 4346 3047 4399 ﬁlii
3079 4345 3241 4399 Israel
3289 4346 3357 4399 de
3408 4356 3555 4399 terra

1976 4440 2193 4511 Egypti
2218 4442 2302 4492 στ’.
2338 4461 2355 4491 ι
2398 4441 2642 4509 Namque
2670 4455 2700 4493 a
2742 4438 3008 4493 servitute
3055 4447 3217 4506 atque
3250 4436 3551 4503 laboribus,

1981 4530 2184 4598 quibus
2207 4529 2409 4583 frustra
2452 4529 2610 4584 vanis
2630 4529 2685 4582 in
2719 4528 2887 4582 rebus
2912 4526 3335 4590 distiuebamur,
3358 4541 3556 4580 aerum-

1979 4622 2065 4676 nis
2089 4622 2254 4676 etiam
2290 4637 2429 4691 quas
2465 4621 2520 4675 in
2560 4630 2719 4675 terra:
2746 4636 2809 4675 ac
2842 4619 3088 4690 pulveris
3121 4618 3382 4689 operibus
3418 4618 3556 4674 tole-

1980 4714 2236 4768 rabamus
2261 4713 2425 4784 (nosti
2452 4712 2599 4767 enim
2629 4713 2775 4782 quod
2798 4710 2968 4782 dico),
2997 4709 3187 4780 quinta
3210 4708 3557 4764 successione

1981 4816 2313 4876 temporum,
2345 4817 2406 4861 ut
2440 4814 2525 4860 est
2554 4807 2609 4858 in
2637 4805 2950 4875 evangelica
2979 4803 3070 4857 illa
3096 4801 3376 4873 parabola,
3399 4800 3556 4871 quasi

1980 4902 2171 4971 quinta
2196 4901 2430 4971 quadam
2464 4898 2819 4970 generatione
2846 4895 3114 4965 redempti
3166 4909 3376 4949 sumus.
3422 4912 3438 4943 ι
3470 4892 3557 4946 Si-

1981 4995 2108 5048 mile
2135 5003 2219 5048 est
2242 4993 2389 5047 enim
2412 5006 2638 5061 regnum
2688 4990 2955 5046 malorum
3000 4987 3208 5042 homini
3254 4984 3558 5055 patrifami-

1982 5085 2104 5149 lias,
2140 5085 2235 5155 qui
2263 5084 2398 5138 exiit
2426 5083 2607 5152 primo
2628 5097 2788 5136 mane
2844 5080 3155 5135 conducere
3188 5076 3470 5146 operarios
3502 5075 3557 5127 in

1980 5178 2195 5231 vineam
2218 5191 2373 5231 suam
2400 5176 2465 5229 “.
2494 5195 2512 5227 ›
2542 5174 2699 5242 Quod
2733 5174 2878 5228 idem
2904 5174 3048 5227 circa
3074 5169 3292 5223 tertiam
3315 5182 3555 5237 quoque,

1982 5274 2191 5320 sextam
2217 5281 2281 5320 ac
2307 5282 2507 5320 nonam
2553 5266 2748 5320 horam
2780 5264 2975 5318 fecisse
3001 5264 3098 5316 ait.
3149 5282 3165 5312 ι
3188 5260 3348 5315 Circa
3382 5259 3558 5314 unde-

1983 5358 2179 5412 cimam
2212 5373 2341 5412 vero
2375 5358 2589 5412 invenit
2612 5356 2749 5410 alios
2771 5354 2997 5418 otiosos,
3050 5353 3235 5422 aitque
3267 5351 3335 5407 ad
3386 5350 3511 5405 illos
3540 5367 3553 5404 :

1981 5448 2121 5515 Quid
2161 5448 2318 5503 statis
2351 5456 2463 5503 tota
2512 5448 2600 5503 die
2634 5448 2714 5500 sic
2745 5444 2954 5499 otiosi?
2984 5444 3060 5499 ite
3099 5453 3155 5498 et
3183 5459 3279 5499 vos
3330 5442 3399 5498 ad
3422 5458 3555 5514 ope-

1984 5541 2213 5597 randum
2249 5541 2305 5595 in
2343 5541 2561 5596 vineam
2608 5553 2789 5593 meam
2808 5537 2874 5591 ‘9.
2905 5554 2923 5588 ›
2957 5536 3203 5609 lntellige
3225 5537 3407 5608 _igilur
3458 5534 3559 5588 hos

2774 5730 2814 5761 σε
2848 5727 3014 5797 Ibid,
3047 5730 3107 5870 δέ)
