4082 6304
565 281 668 335 9.67

1595 275 1652 328 S.
1693 271 1968 328 CYRILLI
2007 272 2475 328 ALEXANDRINI
2513 272 2826 328 ARCIIIEP.

3703 280 3792 337 268

564 405 838 449 extremos
871 392 924 446 in
957 389 1173 445 vineam
1215 389 1357 444 mitti
1389 389 1580 460 quinta
1608 388 2016 459 quodammodo
2043 406 2137 460 ge-

2245 391 2523 462 ἐσχάτοις,
2568 391 2655 444 ὅτε
2695 391 2914 460 γέγονεν
2947 387 3228 460 ἄνθρωπος
3275 391 3304 443 6
3360 393 3679 466 Μονογενὴς.
3713 402 3792 453 καὶ

566 485 870 546 iteratione,
905 481 957 535 id
981 489 1085 545 est,
1135 477 1449 535 novissimis
1491 481 1852 551 temporibus,
1896 496 2020 535 cum
2055 481 2144 536 ille

571 575 892 647 Unigenitus
932 573 1108 628 factus
1139 572 1302 627 homo
1329 580 1433 638 est,
1472 588 1536 627 ac
1591 588 1782 629 necem
1830 589 1931 644 pro
1971 573 2146 627 salute

563 667 806 720 omnium
836 665 1082 735 pertulit.
1135 664 1328 733 Itaque
1367 662 1534 734 Moysi
1584 679 1804 734 quoque
1847 663 1966 735 lege
2002 679 2144 734 pra:-

564 760 830 829 seriptum
876 767 997 812 erat
1029 765 1090 810 ut
1134 772 1309 826 agnus
1349 756 1694 825 acciperetur
1722 755 1944 826 quidem
1993 755 2144 810 deci-

563 867 652 906 mo
684 849 845 921 primi
867 847 1072 903 mensis
1087 845 1194 910 die,
1211 846 1554 901 occideretur
1572 854 1753 900 autem
1774 846 1841 900 ad
1858 861 2142 916 vesperam

561 943 810 1015 ejusdem
867 939 1074 994 mensis
1104 936 1541 1008 quartodecimo,
1575 945 1638 992 ut
1671 937 1835 992 simul
1883 948 1939 992 et
1985 939 2146 1007 quin-

565 1046 679 1091 tum
702 1033 865 1088 nobis
891 1040 1108 1100 tempus
1135 1028 1225 1083 die
1249 1029 1465 1098 quinto,
1504 1036 1562 1082 et
1589 1029 1646 1082 in
1679 1028 1787 1084 ﬁne
1811 1029 1996 1084 saeculi
2027 1029 2145 1084 Sal-

563 1126 775 1183 vatoris
822 1122 997 1178 nostri
1045 1122 1221 1177 caedes
1269 1120 1456 1176 futura
1486 1134 1583 1190 per
1604 1135 1886 1192 vesperam
1931 1120 2143 1193 signifi-

561 1227 805 1272 curetur.

635 1308 832 1363 PALL.
863 1305 1037 1362 Omne
1060 1305 1248 1375 igitur,
1276 1312 1337 1357 ut
1391 1312 1821 1358 consentaneum
1847 1309 1951 1366 est,
1995 1300 2138 1355 divi-

563 1403 710 1456 nitus
734 1399 1014 1468 inspirata:
1066 1395 1368 1467 Scriptura:
1423 1395 1765 1466 propositum
1813 1394 1881 1449 ad
1931 1393 2140 1450 Christi

563 1486 886 1557 mysterium
923 1492 1135 1554 spectat
1167 1484 1268 1537 6"‘i
1594 1497 1600 1505 '

625 1575 782 1632 CYR.
817 1574 894 1628 Ita
920 1587 1184 1644 prorsus:
1215 1573 1340 1628 linis
1360 1589 1595 1645 namque
1631 1575 1767 1646 legis
1804 1590 1866 1629 ac
1894 1574 2137 1646 prophe-

2242 485 2340 555 τὴν
2373 485 2512 555 ὑπὲρ
2548 483 2648 554 τῆς
2679 483 2934 538 ἁπάντων
2980 481 3122 554 ζωῆς
3150 483 3536 558 ὑπομεμένηκε
3579 491 3790 561 σφαγήν.

2242 575 2533 644 Τοιγάρτοι
2576 575 2670 629 καὶ
2709 576 2737 626 6
2775 574 3017 639 Μωσέως
3045 575 3300 629 διετύπου
3328 576 3514 648 νόμος,
3543 578 3790 651 λαμϐάνε⁸

2244 666 2368 721 σθαι
2401 668 2499 738 μὲν
2532 668 2622 721 τὸν
2647 668 2818 739 ἀμνὸν
2847 668 2956 722 άπὸ
2987 668 3219 739 δεκάτης
3247 668 3346 722 τοῦ
3375 668 3591 742 πρώτου
3624 667 3796 745 μηνὸς,

2244 760 2544 828 σφάζεσθαι
2576 761 2632 814 δὲ
2662 761 2794 834 πρὸς
2822 762 3058 834 ἑσπέραν
3089 762 3188 834 τῆς
3217 767 3794 838 τεσσαρεσκαιδεκάτης

2241 852 2334 906 τοῦ
2377 852 2540 906 αὐτοῦ
2584 853 2772 925 μηνὸς,
2810 853 2877 906 ἵν’
2918 856 2976 909 ἐν
3007 855 3191 926 ταύτῷ
3216 857 3312 909 καὶ
3339 857 3368 910 6
3401 857 3644 928 πέμπτος
3680 860 3793 930 ἡμῖν

2241 947 2451 1018 καιρὸς,
2480 948 2556 1012 ὡς
2601 949 2658 1002 ἐν
2696 947 2880 1019 ἡμέρᾳ
2908 951 2973 1018 τῇ
3005 950 3251 1023 πέμπτῃ,
3281 949 3380 1003 καὶ
3419 953 3529 1015 τοῖς
3554 953 3643 1004 ἐπὶ
3668 953 3794 1006 τέλει

2240 1036 2334 1091 τοῦ
2368 1039 2581 1105 αἰῶνος,
2616 1040 2716 1110 τὴν
2757 1039 2852 1093 τοῦ
2897 1039 3148 1112 Σωτῆρος
3193 1040 3452 1109 γενέσθαι
3493 1041 3696 1115 σφαγὴν
3721 1045 3794 1097 διὰ

2239 1131 2355 1197 τοῦ,
2375 1132 2511 1203 πρὸς
2538 1134 2796 1206 ἑσπέραν,
2824 1134 3178 1206 σημαίνηται.

2313 1313 2523 1367 ΠΑΛΛ.
2549 1312 2728 1376 Ἅπας
2751 1307 2863 1377 οῦν,
2890 1311 2964 1375 ὡς
2982 1311 3148 1377 ἔοικε,
3169 1313 3268 1383 τῆς
3292 1311 3648 1366 θεοπνεύστου
3673 1313 3796 1384 Γρα-

2240 1404 2345 1476 φῆς
2367 1405 2396 1457 6
2418 1403 2616 1468 σκοπὸς
2649 1407 2728 1467 εἰς
2753 1404 2812 1457 τὸ
2847 1403 3084 1476 Χριστοῦ
3113 1403 3303 1474 βλέπει
3331 1406 3627 1476 μυστήριον
3657 1423 3670 1470 ;

2310 1584 2472 1638 ΚΥΡ.
2515 1581 2835 1638 Παντάπασι
2885 1583 2984 1654 μὲν
3028 1579 3149 1638 οὖν’
3185 1584 3340 1646 τέλος
3377 1583 3486 1655 γὰρ
3513 1585 3670 1656 νόμου
3713 1587 3795 1638 καὶ
3853 1557 3856 1559 ί

563 1679 743 1722 tarum
773 1665 1028 1722 Christus
1052 1683 1064 1719 :
1097 1685 1114 1716 ι
1142 1666 1330 1736 Neque
1361 1667 1509 1722 enim
1532 1675 1617 1722 est
1639 1683 1839 1723 nomen
1865 1668 1968 1724 sub
1997 1667 2138 1723 caalo

2245 1676 2536 1750 προφητῶν
2566 1679 2594 1730 6
2623 1677 2888 1748 Χριστόςξ·
2927 1695 2947 1730 ι
2990 1675 3144 1730 Ἐπεὶ
3175 1669 3312 1746 μηδέ
3343 1677 3492 1730 ἐστιν
3523 1676 3685 1748 ὄνομα
3705 1678 3795 1731 ὑπὸ

560 1762 750 1816 datum
808 1758 1149 1823 hominibus,
1186 1757 1296 1829 84,
1326 1757 1381 1812 in
1404 1773 1515 1828 quo
1546 1767 1799 1829 oporteat
1830 1775 1930 1814 nos
1957 1759 2137 1814 salvos

2245 1746 2327 1822 c6v
2365 1746 2596 1840 roflpavbv
2639 1746 2701 1820 τδ
2745 1767 3024 1838 δεδομένον
3073 1769 3131 1820 ἐν
3178 1766 3525 1838 ἀνθρώποις,
3560 1746 3688 1836 ἐντῷ
3726 1770 3797 1824 δεῖ

565 1851 682 1907 fieri
717 1851 799 1903 τοι
832 1869 850 1901 ι
890 1849 969 1904 sic
1012 1849 1160 1902 enim
1195 1847 1332 1903 dixit
1356 1847 1448 1902 ille
1480 1847 1784 1904 Salvatoris
1825 1850 2000 1904 nostri
2045 1849 2132 1904 di-

561 1942 842 2014 scipulus;
875 1941 1034 2012 cujus
1065 1941 1142 1994 rei
1165 1939 1420 2018 probatio
1457 1939 1512 1994 in
1549 1950 1806 2011 promptu
1851 1950 1956 2008 est,
1992 1942 2038 1996 si
2063 1942 2132 1997 ad

551 2053 626 2091 .ca
647 2051 767 2106 quae
791 2043 1099 2105 sequuntur
1132 2032 1544 2103 aspexerimus:
1579 2052 1595 2083 ι
1623 2034 1894 2100 Profecti,
1933 2035 2130 2106 inquit,

564 2129 656 2182 lilii
689 2128 853 2182 Israel
888 2142 955 2181 ex
986 2125 1211 2190 Socotb,
1244 2125 1609 2180 eastrametati
1648 2135 1777 2180 sunt
1812 2126 1869 2180 in
1910 2126 2131 2195 Othom,

561 2235 734 2291 prope
773 2220 1094 2284 desertum;
1125 2219 1272 2275 Deus
1297 2227 1480 2273 autem
1527 2217 1757 2288 praeibat
1799 2217 1926 2284 illis,
1960 2219 2134 2273 inter-

562 2313 657 2368 diu
694 2314 918 2383 quidem
974 2313 1030 2368 in
1071 2311 1330 2368 columna
1369 2311 1553 2376 nubis,
1597 2317 1660 2364 ut
1699 2311 2014 2367 ostenderet
2053 2311 2134 2367 eis

559 2405 705 2460 viam
729 2423 742 2473 ;
768 2405 836 2460 de
861 2411 1020 2460 nocte
1035 2412 1222 2459 autem
1244 2403 1300 2458 in
1326 2403 1580 2458 columna
1605 2402 1779 2474 ignis:
1803 2419 1913 2459 non
1935 2403 2137 2460 defecit

561 2501 815 2554 columna
831 2497 1009 2555 nubis
1036 2513 1138 2568 per
1173 2495 1343 2561 diem,
1371 2511 1552 2566 neque
1589 2497 1847 2552 columna
1877 2497 2016 2566 ignis
2037 2511 2136 2566 per

563 2600 778 2646 noctem
807 2603 993 2644 coram
1019 2587 1168 2642 omni
1197 2585 1399 2657 populo
1439 2587 1508 2638 ".
1539 2604 1556 2636 ι
1589 2584 1756 2640 Vides
1779 2594 1840 2639 ut
1871 2585 2136 2640 Israelitis

558 2685 672 2754 jam
723 2697 792 2736 ex
845 2677 1224 2750 ngyptiorum
1270 2677 1492 2766 regione
1539 2675 1800 2746 profectis
1832 2675 2028 2731 ducem
2077 2691 2137 2732 se

555 2771 877 2844 praestiterit
902 2771 1046 2824 Deus
1076 2768 1134 2823 in
1156 2768 1412 2824 columna
1456 2767 1626 2823 nubis
1658 2775 1716 2821 et
1750 2766 1930 2838 ignis;
1954 2767 2135 2822 utrin-

563 2880 672 2936 que
711 2871 899 2919 autem
919 2861 1171 2918 Christus
1209 2859 1724 2931 repraesentabatur.

635 2956 832 3013 PALL.
860 2955 980 3023 Quo
1020 2954 1240 3010 tandem
1272 2953 1469 3008 modo?

2241 1862 2476 1932 σωθῆναι
2505 1863 2670 1934 ἡμᾶς.
2699 1881 2720 1913 υ
2757 1862 2903 1930 Ἔφη
2930 1860 3037 1931 γὰρ
3064 1857 3165 1915 ὧδε
3190 1859 3285 1914 τοῦ
3317 1861 3567 1931 Σωτῆρος
3591 1863 3618 1915 6
3639 1863 3794 1934 μαθηο

2238 1954 2354 2026 τὴς,
2385 1955 2479 2008 καὶ
2503 1953 2699 2021 γείτων
2729 1954 2761 2024 ἡ
2794 1952 2976 2019 δεῖξις,
3013 1955 3194 2017 εί·τοίς
3221 1953 3426 2023 ἐφεξῆς
3468 1955 3797 2025 προσϐάλλοι-

2240 2065 2361 2118 μεν.
2394 2066 2413 2099 ι
2455 2045 2799 2116 Ἐξάραντες,
2820 2045 3008 2116 φησιν,
3029 2048 3077 2100 οἱ
3104 2045 3210 2098 υἱοὶ
3241 2044 3463 2117 Ἰσραὴλ
3481 2046 3544 2099 ὲκ
3572 2045 3792 2116 Σοκχὼθ,

2235 2139 2731 2211 ἐστρατοπέδευσαν
2771 2139 2830 2190 ἐν
2879 2137 3063 2209 Ὀθὼμ
3098 2136 3250 2210 παρὰ
3280 2138 3384 2210 τὴν
3434 2136 3659 2208 ἔρημον·
3697 2140 3723 2190 6
3745 2137 3794 2190 δὲ

2234 2233 2365 2296 Θεὸς
2403 2233 2588 2302 ἡγεῖτο
2621 2229 2820 2294 αὐτῶν,
2849 2229 3059 2300 ἡμέρας
3091 2229 3188 2300 μὲν
3234 2231 3293 2283 ἐν
3349 2229 3527 2300 στύλῳ
3565 2227 3792 2299 νεφέλης,

2235 2323 2406 2388 δεῖξαι
2436 2322 2620 2384 αὐτοῖς
2657 2319 2753 2392 τὴν
2774 2320 2911 2385 ὁδὸν,
2945 2318 3042 2390 τὴν
3065 2319 3121 2372 δὲ
3140 2319 3313 2373 νύκτα
3345 2322 3403 2373 ἐν
3423 2319 3595 2392 στύλῳ
3621 2320 3792 2390 πυρός·

2234 2417 2334 2469 οὐκ
2384 2413 2629 2478 ἐξέλιπεν
2671 2415 2700 2466 6
2741 2411 2931 2476 στύλος
2979 2410 3072 2463 τοῦ
3117 2410 3290 2481 πυρὸς
3349 2410 3543 2473 νυκτὸς
3576 2410 3794 2464 ἐναντίον

2237 2506 2438 2570 παντὸς
2469 2504 2564 2558 τοῦ
2605 2503 2756 2558 λαοῦ.
2796 2522 2816 2556 ι
2857 2504 3021 2574 Ὀρᾷς
3051 2503 3200 2566 ὅπως
3237 2503 3343 2572 τῆς
3371 2503 3480 2557 τῶν
3505 2501 3793 2572 Αἰγυπτίων

2236 2599 2341 2668 γῆς
2366 2595 2840 2666 ὲκπεφοιτηκότων
2865 2595 2971 2648 τῶν
2994 2593 3054 2660 ἐξ
3089 2595 3306 2666 Ἰσραὴλ
3335 2595 3627 2668 καθηγεῖτο
3677 2593 3792 2658 Θεὸς

2237 2691 2294 2744 ἐν
2325 2687 2502 2760 στύλῳ
2540 2687 2772 2759 νεφέλης
2794 2687 2886 2741 καὶ
2915 2686 3080 2758 πυρός
3104 2703 3118 2752 ;
3149 2686 3426 2758 ἐγράφετο
3447 2687 3502 2742 δὲ
3523 2687 3589 2742 δι’
3613 2686 3794 2760 ἀμφοῖν

2237 2783 2265 2836 6
2294 2780 2549 2852 Χριστός.

2314 2960 2522 3016 ΠΑΛΛ.
2563 2957 2696 3012 Τίνα
2717 2956 2945 3028 τρόπον;

633 3046 790 3102 CYR.
817 3045 1060 3115 Primum
1102 3042 1346 3113 quidem,
1396 3041 1524 3113 quia
1553 3042 1809 3098 columna
1855 3053 1912 3097 et
1947 3042 2134 3098 firma-

2307 3039 2476 3108 ΚΥΡ.
2517 3049 2739 3122 Πρῶτον
2775 3049 2895 3120 μὲν,
2929 3048 3011 3102 ὅτι
3051 3047 3241 3112 στύλος
3277 3048 3377 3102 καὶ
3415 3047 3684 3121 ἑδραίωμα
3707 3043 3795 3118 τῆς

567 3145 812 3192 mentum
835 3135 1086 3191 veritatis
1115 3143 1221 3201 est,
1243 3133 1442 3189 deinde
1465 3133 1612 3204 quod
1635 3133 1788 3188 nullo
1812 3133 1973 3189 modo
2002 3149 2136 3189 con-

565 3230 678 3286 cuti
711 3243 774 3284 ac
802 3226 1098 3283 disturbari
1135 3232 1336 3296 potest,
1372 3241 1403 3280 a
1429 3232 1576 3280 terra
1607 3239 1827 3280 sursum
1859 3225 2135 3294 attollens;

567 3337 693 3378 nam
726 3321 782 3375 in
805 3318 1026 3375 ChriSto
1069 3317 1336 3373 desiimus
1379 3332 1502 3388 quae
1543 3317 1726 3372 carnis
1769 3325 1898 3372 sunt
1923 3332 2136 3387 sapere,

567 3429 632 3467 ac
676 3428 774 3481 per
820 3419 1040 3464 terrena
1089 3409 1328 3463 volutari
1369 3409 1508 3462 mala
1551 3425 1564 3461 :
1601 3424 1665 3464 ac
1704 3408 1873 3463 veluti
1919 3424 2139 3464 sursum

568 3507 688 3576 ejus
717 3517 822 3573 ope
862 3500 1129 3567 tollimur,
1175 3515 1301 3555 cum
1340 3515 1404 3555 ea
1430 3516 1553 3571 quae
1593 3515 1811 3556 sursum
1839 3509 1968 3556 sunt
1993 3503 2140 3574 sapi-

567 3598 768 3667 pimus,
795 3604 850 3649 et
877 3594 931 3648 in
957 3594 1097 3650 coelo
1139 3608 1423 3649 versamur
1459 3612 1474 3650 :
1509 3596 1774 3667 scriptum
1818 3605 1902 3652 est
1951 3597 2136 3652 enim:

577 3710 592 3739 ι
618 3689 713 3743 Dei
757 3689 927 3742 fortes
959 3703 990 3741 a
1019 3695 1167 3741 terra
1207 3686 1565 3744 vehementer
1618 3689 1818 3744 elevati
1846 3699 1976 3745 sunt
2006 3692 2073 3743 τ’.
2114 3710 2132 3741 ι

565 3780 902 3852 Dixit‘etiam
927 3788 1076 3833 certe
1115 3777 1370 3834 Christus
1402 3779 1648 3850 ejusdem
1702 3781 1874 3835 David
1913 3796 2048 3836 voce
2072 3781 2140 3837 de

574 3882 720 3924 terra
747 3878 802 3924 et
829 3869 896 3924 de
927 3869 1134 3923 sanctis
1157 3869 1460 3940 apostolis_:
1497 3890 1512 3920 ι
1533 3871 1646 3940 Ego
1674 3870 1886 3925 firmavi
1929 3872 2139 3926 colum-

571 3977 670 4017 nas
691 3962 810 4031 ejus
843 3960 908 4013 τ’..
941 3979 956 4008 ι
991 3959 1218 4013 Firmati
1267 3961 1470 4030 quippe
1501 3971 1630 4016 sunt
1675 3963 1909 4032 apostoli
1942 3964 2139 4031 sancti,

571 4051 663 4121 qui
699 4065 864 4120 supra
909 4057 1112 4102 terram
1164 4049 1430 4115 eminent,
1471 4065 1596 4104 cum
1645 4054 1850 4108 virtute
1896 4071 1964 4109 ex
2009 4055 2138 4122 alto,

571 4143 746 4214 gratia
790 4158 987 4212 nempe
1036 4149 1165 4194 sunt
1225 4143 1396 4197 sancti
1431 4143 1671 4214 Spiritus
1715 4145 1914 4200 induti.
1973 4147 2143 4204 Iidem

570 4243 728 4289 erant
749 4233 914 4288 etiam
965 4233 1251 4298 columnae,
1298 4249 1364 4287 eo
1397 4233 1514 4304 ipso
1561 4234 1706 4303 quod
1755 4235 1975 4290 Christo
2008 4252 2142 4293 con-

572 4327 777 4380 formes
808 4333 989 4390 erant,
1017 4325 1180 4396 eique
1209 4325 1417 4380 similes
1438 4340 1538 4395 per
1563 4325 1792 4395 gratiam
1817 4327 1989 4383 sancti
2025 4328 2145 4400 Spi-

2240 3145 2496 3218 ἀληθείας
2522 3143 2670 3197 ἐστὶν
2707 3140 3102 3195 άκατάσειστὸν
3125 3157 3186 3193 τε
3215 3139 3309 3193 καὶ
3341 3140 3643 3212 ἄθραυστον
3675 3157 3796 3192 παν·

2238 3239 2430 3304 τελῶς,
2483 3237 2579 3290 καὶ
2630 3234 2836 3305 ἀνέχων
2881 3235 2982 3304 τῆς
3029 3233 3130 3303 γῆς
3175 3232 3334 3302 ὑψοῦ.
3397 3230 3798 3304 Ἀπηλλάγμεθα

2238 3333 2348 3404 γὰρ
2391 3333 2449 3384 ἐν
2493 3326 2716 3400 Χριστῷ
2775 3323 2870 3378 τοῦ
2925 3327 3142 3396 φρονεῖν
3194 3325 3262 3378 τὰ
3304 3324 3534 3397 σαρκὸς,
3569 3323 3660 3376 καὶ
3700 3324 3802 3384 τοῖς

2240 3422 2500 3492 ἐπιγείοις
2540 3416 2970 3489 ἐγκαλινδεῖσθαι
2997 3417 3208 3478 κακοῖς·
3241 3415 3519 3488 σίρὸμεθα
3541 3415 3596 3469 δὲ
3634 3413 3803 3482 ὥσπερ

2242 3512 2376 3584 ὑψοῦ
2403 3512 2469 3566 δι’
2499 3508 2686 3573 αὐτοῦ,
2733 3509 2844 3562 ἄνω
2872 3503 3214 3577 φρονοῦντες,
3249 3507 3344 3558 καὶ
3373 3507 3442 3558 ἐν
3485 3501 3691 3576 οὐρανῷ
3719 3517 3804 3553 πο·

2240 3603 2590 3674 λιτευόμενοι.
2620 3599 2934 3670 Γέγραπται
2960 3596 3101 3664 γὰρ,
3137 3596 3220 3649 ὃτι
3260 3614 3277 3648 ι
3315 3595 3432 3650 Τοῦ
3463 3594 3593 3649 Θεοῦ
3617 3594 3666 3646 οἱ
3689 3608 3802 3663 κρα-

2243 3692 2432 3766 tamet
2452 3693 2549 3762 τῆς
2575 3690 2680 3760 γῆς
2701 3688 2905 3759 σφόδρα
2927 3685 3262 3758 ἐπήρθησαν.
3279 3687 3460 3758 »Ἔφη
3485 3687 3540 3740 δέ
3563 3702 3660 3738 που
3683 3685 3802 3753 Χρι-

2246 3786 2369 3850 στὸς
2401 3784 2492 3838 καὶ
2524 3783 2613 3837 διὰ
2651 3781 2834 3851 φωνῆς
2861 3778 2955 3832 τοῦ
2998 3778 3161 3832 Δα6“ιδ
3199 3779 3326 3849 περί
3349 3796 3416 3832 τε
3453 3779 3550 3850 τῆς
3575 3778 3676 3848 γῆς
3720 3774 3802 3828 καὶ

2241 3877 2350 3932 τῶν
2399 3876 2568 3945 ἁγίων
2605 3872 2919 3927 ἀποστόλων
2941 3887 2954 3901 ·
2991 3890 3010 3922 ι
3057 3869 3196 3940 Ἐγὼ
3216 3872 3530 3942 ὲστερέωσα
3554 3872 3672 3932 τοὺς
3698 3866 3802 3920 στύ-

2243 3969 2364 4031 λους
2386 3966 2575 4034 αὐτῆς.
2605 3983 2622 4015 ι
2662 3960 3102 4033 Ἐστερεώθησαν
3132 3963 3238 4033 γὰρ
3274 3963 3323 4014 οἱ
3353 3963 3456 4032 τὴν
3478 3962 3577 4031 γῆν
3601 3959 3802 4030 ἀνέχον⁴

2242 4076 2332 4122 τες
2359 4057 2502 4125 ἆγιοι
2532 4054 2770 4126 μαθηταὶ
2809 4052 2905 4122 τὴν
2953 4052 3013 4116 ἐξ
3039 4051 3205 4121 ὕψους
3229 4053 3480 4122 δύναμιν,
3510 4051 3646 4106 τοῦτ’
3675 4051 3798 4116 ἔστι,

2242 4149 2338 4221 τὴν
2382 4149 2468 4202 διὰ
2497 4145 2588 4200 τοῦ
2627 4145 2781 4214 ἁγίου
2837 4143 3153 4214 Πνεῦματος
3195 4145 3354 4215 χάριν
3385 4146 3799 4218 ἀμφιασάμενοι.

2245 4240 2430 4295 Στύλοι
2453 4239 2509 4290 δὲ
2529 4234 2668 4308 ἦσαν
2692 4237 2867 4301 αὐτοὶ,
2897 4237 3036 4289 κατὰ
3058 4237 3410 4307 συμμορφίαν
3444 4239 3542 4308 τὴν
3565 4237 3640 4300 ὡς
3676 4235 3801 4306 πρὸς

2245 4330 2495 4403 Χριστὸν,
2532 4325 2770 4382 κα¹ικαθ¹
2813 4326 3068 4396 ὁμοίωσιν
3101 4325 3198 4397 τὴν
3239 4329 3296 4380 ἐν
3324 4327 3508 4397 χάριτι
3531 4325 3616 4380 διὰ
3643 4323 3800 4378 Πνεῦ-

575 4419 730 4472 ritus.
767 4415 857 4470 Sic
883 4417 1051 4487 igitur
1074 4416 1283 4487 accipe,
1319 4432 1430 4472 non
1473 4416 1580 4470 alia
1626 4417 1693 4472 de
1725 4433 1908 4484 causa,
1944 4429 2141 4490 praeter

2255 4437 2441 4494 ματος.
2485 4415 2798 4489 Ἐκδέξῃςδὴ
2833 4412 2924 4469 οὖν
2951 4417 3050 4486 οὐχ
3091 4417 3276 4488 ἐτέρου
3303 4434 3396 4470 του
3437 4417 3620 4488 χάριν,
3663 4414 3694 4485 ἢ
3733 4406 3801 4466 ὧν

575 4523 668 4561 eas
699 4522 834 4575 quas
894 4505 1058 4560 modo
1108 4506 1380 4571 diximus,
1443 4509 1754 4562 columnam
1816 4511 2146 4580 appellatum

587 4614 710 4654 esse
743 4599 1020 4653 Christum
1046 4615 1060 4665 ;
1087 4598 1396 4655 deducebat
1421 4609 1604 4654 autem
1651 4601 1892 4655 interdiu
1923 4604 2147 4671 quidem

579 4692 635 4744 in
673 4691 926 4746 columna
948 4690 1131 4755 nubis,
1163 4690 1230 4746 de
1255 4700 1415 4746 nocte
1448 4705 1597 4756 vero,
1625 4691 1820 4762 inquit,
1857 4693 1914 4746 in
1936 4695 2146 4748 colum-

580 4799 654 4836 na'
697 4783 871 4852 ignis,
918 4789 980 4835 ut
1011 4791 1345 4837 monstraret
1387 4783 1494 4838 illis
1542 4784 1687 4838 viam
1712 4784 1791 4837 ’δε
1830 4799 1896 4839 ac
1934 4795 2149 4841 noctem

581 4873 804 4944 quidem
829 4872 1102 4942 appellare
1134 4871 1417 4942 Scriptura
1442 4875 1728 4929 consuevit
1761 4883 1977 4946 tempus
2017 4877 2153 4933 illud

582 4973 708 5020 ante
735 4961 1036 5018 Salvatoris
1062 4960 1379 5028 adventum,
1405 4979 1535 5032 quo,
1565 4967 1750 5021 adhuc
1795 4966 1996 5021 Satana
2051 4967 2153 5022 do-

586 5058 850 5120 minante,
897 5054 933 5108 ii
966 5053 1057 5124 qui
1094 5062 1207 5108 tum
1239 5054 1294 5107 in
1342 5056 1503 5110 terris
1544 5068 1722 5122 erant,
1773 5060 2068 5129 impietatis
2101 5070 2157 5124 et

585 5149 902 5219 ignorantiae
936 5145 1183 5202 tenebris
1207 5144 1553 5199 tenebantur.
1580 5147 1647 5201 At
1689 5158 1878 5203 contra
1907 5150 2018 5205 diei
2051 5166 2153 5204 no-

586 5242 731 5295 mine
761 5249 974 5311 tempus
1019 5238 1154 5293 illud
1206 5237 1464 5307 appellat,
1522 5253 1629 5306 quo
1687 5239 1932 5295 Salvator
1963 5252 2152 5297 noster

587 5329 840 5382 advenit:
866 5344 974 5397 quo
1000 5336 1244 5398 tempore
1273 5341 1464 5381 sumus
1489 5326 1800 5392 illuminati,
1824 5344 1947 5383 cum
1970 5331 2152 5400 splen-

588 5419 774 5473 dorem
802 5420 954 5472 illum
982 5435 1125 5474 verte
1172 5420 1267 5474 Dei
1304 5419 1636 5490 cognitionis
1693 5429 1876 5475 mente
1907 5423 2156 5491 suscepi-

588 5524 748 5568 mus:
780 5507 1043 5578 illumque
1061 5511 1288 5581 justitiae
1317 5512 1488 5567 solem
1516 5512 1698 5567 cordis
1740 5513 1914 5568 oculis
1971 5514 2152 5569 intue-

671 5627 736 5659 "'
787 5625 829 5679 ll
870 5626 1009 5680 Tim.
1048 5642 1126 5691 ιιι,
1155 5629 1240 5682 16.

590 5696 823 5752 "Exod.
854 5711 968 5762 xm,
990 5696 1077 5764 21,
1109 5698 1196 5751 22.

1353 5633 1396 5663 ⁷⁸
1427 5632 1545 5686 Act.
1581 5648 1651 5697 ιν,
1690 5631 1774 5685 12.
1851 5633 1892 5664 ⁷¹
1932 5631 2100 5685 Exod.
2155 5649 2266 5699 xm,
2312 5632 2399 5699 9.0,
2445 5633 2532 5684 2f.

2252 4515 2457 4585 ἔφαμεν
2493 4512 2714 4582 ἀρτίως,
2760 4509 2950 4562 στύλον
3001 4510 3130 4578 ἡμῖν
3188 4508 3502 4578 ὠνομάσθαι
3549 4505 3799 4580 Χριστόν·

2253 4605 2541 4676 καθηγεῖτό
2568 4618 2631 4670 γε
2661 4600 2766 4671 μὴν
2800 4599 3010 4670 ἡμέρας
3041 4598 3140 4668 μὲν
3164 4596 3352 4668 οὔσης,
3379 4600 3437 4652 ὲν
3463 4599 3634 4671 στύλῳ
3659 4596 3801 4665 νεφέ-

2253 4700 2384 4769 λης,
2415 4695 2510 4766 τὴν
2560 4694 2617 4748 δέ
2647 4692 2841 4758 νύκτα,
2878 4691 3062 4760 φησὶν,
3097 4691 3156 4742 ἐν
3191 4691 3368 4761 στύλῳ
3401 4692 3590 4763 πυρὸς,
3643 4688 3797 4752 δεῖξαι

2253 4790 2432 4851 αὐτοῖς
2464 4787 2562 4855 τὴν
2594 4783 2734 4838 ὀδόν.
2767 4781 2956 4834 Νύκτα
2988 4781 3086 4850 μὲν
3130 4781 3415 4850 ὀνομάζειν
3455 4781 3572 4844 ἔθος
3601 4781 3661 4850 τῇ
3689 4777 3799 4846 θείᾳ

2251 4881 2463 4950 Γραφῇ,
2498 4877 2586 4930 τὸν
2632 4874 2737 4946 πρὸ
2782 4874 2880 4944 τῆς
2911 4872 3205 4944 ἐπιδημίας
3235 4875 3444 4947 καιρὸν,
3482 4871 3600 4927 καθ’
3643 4871 3699 4924 ὃν
3728 4868 3798 4920 ἔτι

2251 4969 2632 5042 τυραννοῦντος
2682 4965 2775 5020 τοῦ
2819 4966 3050 5032 Σατανᾶ,
3107 4968 3434 5039 κατεκράτει
3464 4966 3571 5019 τῶν
3597 4963 3685 5017 ἐπὶ
3711 4961 3800 5030 τῆς

2252 5063 2353 5132 γῆς
2377 5063 2473 5130 τῆς
2505 5058 2776 5128 ἀγνωσίας
2809 5059 2838 5110 ὁ
2877 5057 3103 5120 σκότος·
3135 5058 3344 5130 ἡμέραν
3375 5059 3431 5112 δὲ
3479 5053 3568 5117 αὖ,
3595 5055 3687 5126 τῆς
3713 5049 3798 5104 τοῦ

2257 5150 2504 5221 Σωτῆρος
2531 5147 2686 5218 ἡμῶν
2713 5147 3008 5225 ἐπιδημίας
3034 5147 3123 5200 τὸν
3155 5149 3365 5218 χρόνον,
3394 5147 3514 5202 καθ’
3547 5146 3604 5199 ὃν
3634 5158 3799 5210 πεφω-

2258 5240 2519 5310 τίσμεθα,
2563 5239 2659 5302 τὰς
2696 5241 2795 5308 τῆς
2832 5237 3062 5308 ἀληθοῦς
3113 5239 3438 5306 θεογνωσίας
3487 5235 3654 5304 αὐγὰς
3697 5232 3800 5284 εἱσ-

2258 5330 2535 5401 δεξάμενοι
2561 5329 2702 5383 κατὰ
2739 5328 2884 5395 νοῦν,
2915 5330 3009 5383 καὶ
3041 5329 3132 5382 τὸν
3162 5331 3258 5400 τῆς
3285 5331 3622 5398 δικαιοσύνης
3664 5325 3798 5394 ἥλιον

2258 5425 2369 5485 τοῖς
2395 5422 2496 5490 τῆς
2524 5421 2747 5492 καρδίας
2774 5420 2981 5491 ὖμμασι
3015 5420 3328 5490 βλέποντες·
3360 5424 3449 5476 καὶ
3481 5416 3797 5490 μαρτυρήσει

2262 5515 2432 5583 λέγων
2460 5515 2488 5566 ὁ
2514 5514 2722 5576 Παῦλος
2757 5513 2883 5583 περὶ
2910 5513 3000 5565 τοῦ
3026 5513 3217 5583 χρόνου
3243 5515 3336 5567 τοῦ
3373 5513 3476 5585 πρὸ
3504 5511 3598 5582 τῆς
3628 5504 3798 5572 ἐπιδη-

2629 5633 2672 5664 ⁷²
2737 5629 2878 5684 Psal.
2935 5644 3072 5695 τινι,
3114 5629 3197 5682 10.
3315 5630 3360 5661 ⁷³
3390 5627 3717 5686 Psal.Lntv,
3747 5615 3795 5674 ι.
