4082 6304
346 292 453 348 9.89

1062 297 1180 385 ,ΒΕ
1217 297 1659 355 ADORA'I'IONE
1699 300 1766 356 IN
1807 299 2076 359 SPIRITU
2119 306 2209 361 ET
2246 307 2614 367 VERI‘I‘ATE.
2643 311 2771 370 [ΠΒ.
2814 317 2903 372 III.
3016 320 3022 324 ’

3505 332 3609 387 270

348 412 479 481 μίας
531 410 629 462 καὶ
655 407 751 462 τοῦ
790 410 910 463 κατ’
939 410 1108 481 αὑτήν
1127 428 1139 441 ·
1173 431 1191 462 ι
1233 411 1298 465 Ἦ
1322 411 1419 476 νὺξ
1450 412 1775 484 προέκοψεν,
1808 415 1841 484 ἡ
1873 413 1905 468 δ

2034 430 2193 484 mur;
2223 419 2372 488 quod
2423 421 2628 479 Paulus
2684 433 2937 495 testatur,
2979 430 3073 485 ubi
3125 432 3192 488 de
3217 442 3459 507 tempore
3494 450 3608 496 tum

344 502 526 572 ήμέρα
555 499 784 570 ήγγικεν
805 515 818 530 '
852 500 1182 571 ἀποθώμεθα
1201 497 1294 555 οὖν
1311 503 1379 556 τὰ
1399 502 1539 575 ἔργα
1559 502 1653 557 τοῦ
1677 505 1921 572 σκότους,

342 592 441 644 καὶ
491 589 840 661 ἐνδυσώμεθα
880 591 950 644 τά
994 591 1132 644 ὅπλα
1161 591 1256 646 τοῦ
1302 594 1500 662 φωτὸς,
1548 595 1626 660 ὡς
1653 596 1713 648 ἐν
1741 596 1925 669 ἡμέρᾳ

340 682 697 752 εὐσχημόνως
728 683 1213 753 περιπατήσωμεν.
1250 701 1270 734 ι
1305 684 1616 755 Νοουμένου
1638 686 1925 758 τοιγαροῦν

339 774 424 838 εἰς
473 773 645 827 νύκτα
682 771 774 825 τοῦ
816 772 984 827 πάλαι
1021 770 1240 845 καιροῦ,
1274 776 1354 838 εἰς
1400 774 1613 846 ἡμέραν
1645 774 1701 828 δὲ
1736 772 1802 829 αὖ
1829 776 1924 830 τοῦ

341 864 466 918 καθ’
506 865 567 919 ὃν
610 864 834 933 γέγονεν
865 864 1152 936 ἄνθρωπος
1205 865 1583 936 ὀΜονογενὴς.
1613 866 1794 936 φαμὲν
1842 867 1925 921 ὅτι

342 960 635 1028 προηγεῖτο
665 956 764 1028 μὲν
805 956 916 1011 τῶν
943 957 1003 1022 ἐξ
1041 956 1258 1028 Ἰσραὴλ
1287 960 1343 1010 ἐν
1378 957 1506 1010 εῖδει
1533 958 1725 1028 πυρὸς,
1752 958 1828 1021 ὡς
1852 958 1912 1012 ἐν

339 1048 420 1120 τῷ
468 1048 846 1119 κατακρίνοντί
882 1065 943 1102 τε
982 1049 1076 1104 καὶ
1105 1047 1386 1113 κολάζοντι
1422 1048 1570 1118 νόμῳ
1617 1048 1913 1119 (κολάσεως

338 1138 449 1211 γὰρ
476 1140 696 1209 σημεῖον
725 1137 786 1191 τὸ
809 1138 942 1209 πῦρ)
962 1154 975 1168 ⁶
1000 1140 1033 1207 ἡ
1043 1137 1158 1209 μῶν
1180 1138 1237 1191 δὲ
1258 1140 1315 1191 ἐν
1337 1137 1467 1192 εἴδει
1492 1137 1740 1208 νεφέλης,
1757 1138 1832 1203 ὡς
1854 1142 1913 1194 ἐν

2033 507 2181 576 quod
2229 517 2357 566 ante
2397 513 2727 579 adventum,
2767 524 2883 573 tum
2928 524 3073 591 quod
3116 525 3171 579 in
3208 526 3329 597 ipso
3371 532 3607 591 adventu

2036 597 2160 664 fuit,
2186 600 2435 671 loquitur
2459 622 2470 658 :
2504 623 2523 656 ι
2550 606 2667 661 Nox
2694 616 2997 679 praecessit,
3023 615 3140 671 dies
3193 628 3377 675 autem
3409 638 3609 696 appro-

2030 691 2351 762 pinquavit:
2378 696 2702 767 abjiciamus
2751 716 2885 774 ergo
2940 719 3108 775 opera
3154 691 3526 782 tenebrarum,
3553 727 3609 773 et

2029 783 2330 842 induamur
2352 803 2505 844 arma
2529 790 2671 847 lucis
2692 832 2706 857 ,
2748 793 2829 849 sic
2852 804 2915 850 ut
2942 797 2998 851 in
3025 798 3115 853 die
3158 800 3389 860 honeste
3416 808 3611 864 ambu-

2028 872 2207 929 lemus
2226 877 2291 930 ⁷⁸.
2329 895 2350 928 ι
2383 877 2591 949 Itaque,
2621 896 2747 937 cum
2771 893 2988 956 tempus
3012 889 3145 946 illud
3172 899 3334 950 vetus
3364 896 3421 951 in
3447 909 3607 957 nocte

2011 966 2384 1038 ponatur,”
2400 985 2699 1042 rursusque
2723 973 2857 1030 illud
2875 976 3131 1046 alterum,
3151 998 3260 1052 quo
3284 986 3379 1041 Dei
3403 987 3608 1061 Unige-

2012 1054 2163 1111 nitus
2183 1067 2270 1113 est
2299 1059 2466 1116 homo
2493 1061 2691 1130 factus,
2712 1066 2767 1120 in
2793 1066 2883 1122 die
2924 1082 3269 1143 numeretur,
3312 1080 3608 1137 asserimus

2010 1146 2163 1202 illum
2176 1148 2437 1207 Israelitis
2461 1154 2684 1225 quidem
2701 1157 2842 1228 ignis
2858 1161 3040 1231 specie
3062 1172 3318 1236 tanquam
3343 1171 3606 1227 condem-

335 1227 495 1298 τύπῳ
533 1226 627 1281 τοῦ
674 1226 829 1295 ἁγίου
878 1226 1251 1298 βαπτίσματος
1304 1227 1399 1281 καὶ
1443 1229 1547 1298 τῆς
1588 1227 1656 1281 δι’
1719 1226 1911 1294 ὓδατος

278 1312 289 1327 ’
317 1303 633 1438 ἱσωτηρίας.
669 1317 856 1389 Ἧοῦχ
877 1316 1074 1390 ὕδωρή
1106 1318 1301 1389 νεφέλη
1324 1336 1340 1384 ;

337 1412 608 1438 κήδωμαι..
667 1397 968 1438 -..ιηῒεΜ-..Α
1012 1411 1156 1438 nn..-
1197 1427 1340 1438 -..η-υ

2009 1245 2177 1294 nante
2198 1255 2264 1297 ac
2283 1244 2546 1312 puniente
2564 1247 2683 1319 lege
2703 1248 2807 1320 (est
2820 1252 2965 1309 enim
2987 1254 3129 1325 ignis
3151 1273 3325 1327 poena:
3343 1262 3604 1337 signum);

1850 1392 1855 1397 δ
2008 1327 2174 1383 nobis
2195 1345 2328 1386 vero
2353 1334 2516 1390 nubis
2544 1337 2725 1407 specie
2744 1345 3006 1411 tanquam
3029 1345 3087 1400 in
3107 1344 3280 1417 ﬁgura
3300 1327 3475 1407 sancti
3505 1327 3606 1409 ba;

336 1412 638 1481 ptisinatis,
667 1397 969 1482 salu'tisque
1010 1411 1159 1468 illius
1194 1427 1358 1483 quam
1381 1428 1481 1483 per
1518 1429 1716 1484 aquam
1759 1420 2171 1489 consequimur,
2206 1440 2265 1481 se
2289 1426 2485 1485 ducem
2506 1433 2824 1501 praebuisse.
2849 1437 2933 1492 An
2973 1397 3293 1499 nubesanon
3322 1459 3463 1516 aqua
3487 1450 3607 1506 est?

410 1506 620 1559 IIAAA.
650 1504 777 1568 Πῶς
799 1506 908 1576 γὰρ
937 1504 1031 1571 οὓς

2088 1518 2293 1576 PALL.
2335 1523 2540 1591 Quidni
2563 1527 2588 1581 ?

407 1597 573 1651 ΚΥΡ.
618 1598 1121 1669 Ἐκπεφοιτηκότων
1153 1598 1212 1652 δὲ
1235 1599 1335 1670 τῆς
1361 1599 1676 1667 Αἰγυπτίων
1711 1600 1905 1704 τῶν-ἐξ

2087 1607 2245 1664 CYR.
2298 1611 2565 1673 Israelitis
2602 1617 2773 1689 igitur
2817 1637 2885 1678 ex
2939 1623 3317 1698 Egyptiorum
3382 1632 3603 1704 regione

350 1688 584 1759 Ἰσραὴλ,
617 1689 902 1742 ἀνεκαίετο
932 1689 1068 1760 πρὸς
1098 1690 1267 1761 ὀργὰς
1300 1690 1328 1741 ὀ
1357 1690 1527 1744 πάλαι
1554 1691 1905 1759 πλεονεκτῶν1

2023 1698 2300 1768 profectis,
2335 1719 2600 1764 accensus
2628 1721 2713 1767 est
2747 1712 2828 1769 ira
2870 1724 3032 1772 vetus
3071 1717 3163 1774 ille
3209 1719 3602 1782 dominationis

333 1779 479 1832 τοῦτ’
503 1779 648 1833 ἐστιν
673 1783 700 1833 ὀ
718 1778 940 1852 Φαραὼ,
961 1780 1056 1834 καὶ
1077 1779 1292 1836 διώκειν
1318 1783 1609 1855 ἐπεχείρει.
1635 1801 1655 1835 ι
1693 1782 1905 1851 Ἔξευξε

2023 1799 2343 1860 usurpator,
2376 1796 2609 1864 Pharao,
2652 1801 2896 1873 inquam,
2922 1820 3128 1877 eosque
3158 1809 3375 1882 insequi
3406 1815 3601 1870 molie-

334 1868 444 1941 γάρ
471 1889 519 1936 ι,
549 1871 713 1941 φησὶ,
747 1889 767 1923 ι
792 1871 861 1923 τὰ
890 1872 1110 1943 ἅρματα
1142 1872 1307 1927 αὐτοῦ
1334 1875 1429 1927 καὶ
1458 1874 1637 1928 πάντα
1663 1876 1757 1929 τὸν
1790 1876 1905 1931 labi

2023 1877 2207 1936 batur.
2236 1902 2254 1933 ι
2278 1884 2468 1942 Junxit
2490 1889 2659 1957 enim,
2691 1893 2928 1965 «inquit,
2956 1916 2973 1949 ι
2997 1899 3209 1956 Pb‘arao
3228 1912 3425 1959 currus
3446 1921 3597 1976 suos,

338 1960 734 2029 συναπενέγκαι
748 1961 864 2032 μεθ’
878 1962 1095 2026 ἐαυτοῦ,
1116 1964 1211 2016 καί
1230 1963 1408 2020 λαϐὼν
1421 1964 1680 2030 ἑξακόσια
1695 1967 1905 2065 ἅρματε

2017 1982 2074 2027 et
2098 1990 2317 2032 omnem
2351 1982 2615 2051 populum
2654 2000 2815 2043 suum
2852 1994 3149 2063 assumpsit
3195 2009 3403 2065 secum,
3427 2009 3483 2055 et
3503 2016 3601 2057 ac-

332 2047 569 2102 ἐκλεκτά
588 2089 604 2113 ,
636 2051 730 2105 καὶ
762 2052 942 2105 πᾶσαν
968 2051 1069 2122 τὴν
1099 2052 1264 2108 ἵππον
1299 2054 1410 2108 τῶν
1437 2057 1782 2125 Αἰγυπτίων,
1817 2057 1905 2113 καί

2016 2064 2165 2134 cepit
2224 2080 2512 2128 sexcentos
2563 2089 2761 2133 currus

331 2141 625 2210 τριστάτας
676 2141 769 2196 ἐπὶ
813 2143 1049 2199 πάντων.
1117 2163 1135 2196 ι
1181 2147 1290 2200 Καὶ¹
1341 2147 1462 2216 μεθ’
1514 2149 1677 2218 ’ἐτερα
1729 2149 1911 2205 πάλιν

338 2248 360 2283 ι
398 2232 831 2303 Ἀναδλέψαντες
869 2235 926 2287 δέ
967 2236 1017 2288 οἰ
1058 2237 1164 2290 υἱοὶ
1209 2238 1426 2309 Ἰσραὴλ
1465 2242 1577 2304 τοῖς
1615 2239 1914 2311 ὀφθαλμοῖς

329 2324 555 2396 ὁρῶσιν,
576 2327 668 2379 καὶ
697 2326 807 2380 ἰδοὺ
827 2328 874 2381 οἰ
899 2327 1183 2397 Αἰγύπτιοι
1212 2329 1711 2399 ἐστρατοπέδευσαν
1737 2332 1911 2386 ὀπίσω

2816 2080 3041 2147 electos,
3071 2089 3128 2137 et
3169 2098 3388 2141 omnem
3439 2089 3600 2159 equi-

2018 2159 2188 2211 tatum
2225 2157 2625 2231 Egyptiorum,
2659 2177 2715 2221 et
2748 2168 2915 2225 duces
2955 2187 3122 2243 super
3152 2189 3344 2232 omnes
3365 2178 3445 2246 ";
3479 2157 3506 2231 ι⁷
3542 2188 3601 2237 et

2012 2251 2138 2311 post
2176 2246 2280 2302 alia
2317 2265 2547 2306 rursus:
2588 2273 2606 2305 ι
2648 2255 3027 2331 Respicientes
3071 2271 3254 2319 autem
3294 2265 3390 2320 ﬁlii
3430 2268 3597 2326 Israel

2012 2335 2185 2391 oculis
2208 2339 2417 2406 vident,
2439 2353 2638 2400 etecce
2653 2346 2895 2419 JEgyptii
2913 2358 3287 2411 castrametati
3306 2367 3600 2431 erantpost

328 2415 532 2479 αὐτῶν,
579 2417 674 2469 καὶ
714 2417 1059 2488 ἐφοϐήθησαν
1101 2419 1326 2490 σφόδρα.
1392 2421 1716 2493 ’Δνεϐίῇισαν
1752 2422 1808 2476 δὲ
1857 2425 1905 2476 οἱ

2010 2426 2197 2495 ipsos,
2249 2440 2305 2486 et
2361 2435 2667 2492 timuerunt
2724 2415 2904 2497 valde.
2950 2443 3021 2498 Et
3069 2415 3598 2509 clamaverunt‘ﬁlii

328 2506 437 2560 υἱοὶ
478 2507 691 2579 Ἰσραὴλ
720 2509 856 2580 πρὸς
883 2510 1107 2580 Κύριον,
1144 2512 1237 2565 καὶ
1265 2513 1629 2584 κατεφέροντο
1658 2514 1753 2568 τοῦ
1786 2517 1905 2569 Μω-

2009 2512 2172 2570 Israel
2198 2517 2266 2571 ad
2296 2520 2611 2590 Dominum,
2631 2534 2687 2581 et
2715 2526 3069 2600 insurgebant
3091 2532 3148 2587 in
3170 2534 3390 2611 Moysen
3418 2506 3597 2608 palam

339 2601 482 2662 σέως
531 2601 830 2670 ἀναφανδὸν
876 2602 1143 2671 λέγοντες·
1202 2603 1360 2674 Παρὰ
1409 2604 1470 2659 τὸ
1519 2605 1593 2677 μὴ
1641 2606 1905 2678 ὑπάρχειν

2007 2602 2250 2661 dicentes
2271 2609 2401 2678 quia
2426 2625 2537 2666 non
2556 2622 2712 2669 erant
2739 2617 2992 2687 sepulcra
3025 2619 3082 2674 in
3110 2601 3369 2695 ﬁgypto,
3399 2601 3599 2683 e-duxia

335 2693 595 2763 μνήματα
622 2694 681 2747 ἐν
713 2696 785 2765 γῇ
818 2694 1096 2766 Αἰγύπτῳ,
1129 2696 1396 2768 ἐξήγαγες
1424 2699 1572 2768 ἡμᾶς
1598 2699 1903 2753 θανατῶσαι

2007 2694 2074 2748 sti
2110 2711 2229 2763 nos,
2278 2706 2341 2755 ut
2383 2700 2730 2761 interﬁceres
2753 2706 2811 2762 in
2841 2708 3092 2765 deserto?
3123 2693 3377 2772 Gurihoc
3415 2716 3595 2775 fecisti

327 2785 390 2837 ὲν
432 2788 498 2857 τῇ
533 2787 763 2858 sgf-“up;
802 2788 856 2841 τί
903 2788 1061 2843 τοῦτο
1129 2790 1392 2859 ἐποίησας
1435 2792 1565 2861 ἡμῖν
1617 2790 1900 2859 ἐξαγαγὼν

2007 2786 2160 2843 nobis
2178 2830 2192 2855 ,
2217 2791 2457 2849 educens
2480 2810 2582 2851 nos
2606 2812 2673 2851 ex
2696 2797 2970 2870 Egypto?
3002 2803 3197 2861 Nonne
3236 2807 3340 2863 iste
3370 2818 3455 2865 est
3481 2826 3596 2868 ser-

330 2876 480 2947 ἠμᾶς
526 2878 587 2944 ἐξ
629 2878 944 2947 Δίγύπτου;
1012 2882 1085 2935 Οὐ
1113 2881 1267 2935 τοῦτο
1298 2878 1365 2953 ἦν
1385 2882 1447 2934 τὸ
1474 2882 1624 2952 ῥῆμα
1648 2883 1676 2934 ὃ
1706 2882 1899 2954 ἐλαλή-

2007 2892 2093 2956 mQ
2127 2894 2290 2949 quem
2341 2884 2703 2956 loquebamur
2736 2890 2807 2945 ad
2836 2898 2889 2946 te
2926 2891 2983 2948 in
3017 2894 3271 2968 Egypto,
3306 2898 3592 2959 dicentes:

330 2983 503 3037 σαμεν
534 2969 671 3039 πρὸς
717 2970 775 3022 σὲ
808 2972 864 3024 ἐν
896 2972 1186 3042 Αἰγύπτῳ,
1219 2971 1464 3039 λέγοντες
1478 2989 1503 3060 ’Δ
1541 2972 1720 3043 Πάρες
1751 2975 1781 3043 ἡ
1792 2975 1897 3042 μᾶς

2007 2968 2215 3027 Recede
2263 2988 2295 3028 a
2346 2977 2526 3043 nobis,
2573 2987 2636 3033 ut
2685 2982 2990 3039 serviamus
3051 2967 3362 3060 Egvptiis?
3424 2992 3594 3049 Multo

330 3060 479 3123 ὅπως
500 3060 874 3133 δουλεύσωμεν
922 3064 1274 3131 Αἰγυπτίοις;
1314 3055 1578 3133 Κρεῖσσον
1611 3063 1719 3135 γὰρ
1751 3065 1898 3134 ἡμᾶς

2007 3060 2147 3114 enim
2176 3065 2375 3121 melius
2424 3078 2545 3123 erat
2569 3071 2782 3126 servire
2819 3073 2922 3139 eis,
2984 3091 3153 3146 quam
3199 3081 3343 3135 mori
3404 3081 3461 3137 in
3490 3084 3595 3140 hac

328 3150 599 3205 δουλεύειν
655 3151 994 3219 Αἰγυπτίοις,
1050 3154 1082 3224 ἢ
1142 3153 1432 3207 ἀποθανεῖν
1472 3155 1529 3206 ἐν
1577 3156 1644 3225 τῇ
1708 3155 1899 3225 ἐρήμῳ

2007 3151 2295 3209 solitudine
2319 3157 2384 3208 ⁷⁷.
2412 3176 2431 3209 ι
2456 3157 2540 3213 Ad
2584 3159 2701 3216 haec
2723 3179 2857 3218 vero
2885 3164 3097 3236 Moyses
3125 3185 3139 3222 :
3174 3187 3193 3220 ι
3222 3169 3374 3226 Bono
3408 3174 3593 3229 animo

328 3241 522 3314 ταύτῃ.
562 3262 581 3295 ι
611 3243 756 3314 Πρὸς
784 3243 851 3296 τὰ
878 3244 1059 3297 τοιάδε
1106 3244 1331 3314 Μωσῆς·
1370 3263 1388 3295 ι
1426 3242 1708 3315 Θαρσεῖτε,
1742 3247 1894 3315 φησὶ,

2007 3249 2202 3308 estote,
2239 3244 2449 3313 inquit;
2477 3256 2639 3315 state,
2685 3259 2741 3307 et
2770 3253 2953 3311 videte
2984 3257 3216 3314 salutem
3251 3278 3373 3332 qua
3413 3280 3444 3318 a
3479 3265 3587 3319 Do-

330 3332 489 3402 στῆτε
523 3333 619 3387 καὶ
644 3335 806 3403 ὁρᾶτε
826 3334 923 3404 τὴν
957 3333 1227 3404 σωτηρίαν
1254 3334 1353 3404 τὴν
1382 3336 1535 3406 παρὰ
1563 3335 1656 3387 τοῦ
1691 3337 1896 3407 Κυρίου

325 3423 392 3492 ἢν
427 3423 642 3493 ποιήσει
674 3424 806 3492 ἡμῖν
832 3425 1092 3493 σήμερον.
1134 3424 1228 3476 Ὃν
1260 3423 1459 3493 τρόπον
1483 3423 1590 3495 γὰρ
1618 3425 1898 3497 ἑωράκατε

325 3513 653 3583 Αἰγυπτίους
679 3515 938 3585 σήμερον,
973 3514 1033 3565 οὑ
1058 3514 1431 3585 προσθήσεσθε
1455 3514 1535 3567 ἔτι
1559 3514 1684 3567 ἰδεῖν
1704 3517 1898 3580 αὐτοὺς

325 3607 405 3669 εἰς
433 3606 526 3659 τὸν
557 3606 727 3675 αἰῶνα
751 3605 959 3676 χρόνον.
986 3606 1189 3677 Κύριος
1219 3606 1514 3677 πολεμήσει
1547 3607 1686 3678 ὑπὲρ
1719 3609 1895 3679 ἡμῶν,
1933 3638 1937 3647 ι

325 3701 419 3753 καὶ
447 3700 607 3768 ὑμεῖς
632 3698 901 3768 σιγήσετε.
928 3693 1062 3750 Εἷπε
1092 3697 1151 3751 δὲ
1180 3698 1382 3769 Κύριος
1415 3698 1550 3769 πρὸς
1574 3699 1800 3769 Μωσῆν·
1834 3700 1898 3753 Τί

327 3790 453 3860 βοᾷς
479 3789 624 3860 πρός
652 3805 756 3855 με;
799 3788 1030 3858 λάλησον
1063 3791 1174 3851 τοῖς
1199 3790 1336 3851 υἱοῖς
1377 3788 1615 3859 Ἰσραὴλ,
1640 3790 1733 3843 καὶ
1767 3792 1894 3844 ἁνα-

324 3879 698 3945 ζευξάτωσανο
739 3878 833 3930 καὶ
864 3879 928 3931 σὺ
958 3877 1162 3948 ἐπαρον
1192 3878 1289 3948 τὴν
1317 3878 1510 3948 ῥάϐδον
1542 3896 1661 3941 σου,
1688 3882 1782 3933 καὶ
1815 3882 1902 3935 ἐκ·

324 3987 494 4024 τεινον
517 3970 615 4040 τὴν
637 3970 795 4040 χεῖρά
822 3987 915 4024 σου
959 3971 1052 4022 ἐπὶ
1079 3969 1176 4040 τὴν
1210 3970 1510 4031 θάλασσαν,
1546 3972 1638 4024 καί¹
1667 3969 1899 4042 ξήρανον

323 4063 513 4133 αὐτήν.
550 4063 660 4115 Καὶ
701 4060 1089 4115 εἰσελθέτωσαν
1114 4063 1165 4114 οἰ
1191 4061 1297 4113 υἱοὶ
1335 4060 1548 4132 Ἰσραὴλ
1598 4063 1679 4125 εἰς
1737 4062 1899 4133 μέσον

321 4154 414 4222 τῆς
443 4152 720 4223 θαλάσσης
752 4156 895 4205 κατὰ
918 4152 979 4204 τὸ
1021 4152 1204 4222 ξηρόν.
1241 4171 1259 4204 ι
1289 4153 1400 4205 Καὶ
1433 4153 1524 4204 τόν
1554 4169 1617 4220 γε
1656 4155 1754 4223 τῆς
1775 4155 1898 4206 ἐπι-

320 4243 545 4313 κουρίας
567 4241 765 4312 τρόπον
795 4240 1024 4310 φανερὸν
1050 4241 1221 4292 ἐποίει
1266 4240 1424 4303 Θεός·
1457 4259 1475 4291 ι
1515 4240 1707 4310 Ἑξῆρε
1739 4241 1845 4311 γὰρ
1871 4242 1900 4293 ὀ

1996 3334 2147 3389 mino
2165 3336 2293 3402 erit,
2344 3352 2509 3407 quam
2543 3341 2709 3398 faciet
2745 3346 2904 3402 vobis
2931 3347 3123 3416 hodie;
3165 3366 3278 3406 non
3316 3352 3588 3425 adjicietis

1997 3425 2143 3480 ultra
2177 3427 2370 3484 videre
2400 3429 2553 3500 ipsos
2589 3432 2646 3487 in
2693 3438 2976 3493 saeculum.
3019 3426 3287 3497 Dominus
3324 3445 3593 3515 pugnabit

1996 3531 2099 3585 pro
2145 3519 2327 3586 nobis,
2375 3529 2431 3576 et
2476 3537 2577 3578 vos
2618 3526 2893 3583 tacebitis.
2936 3529 3085 3584 Dixit
3109 3539 3291 3587 autem
3323 3533 3591 3591 Dominus

2000 3609 2068 3662 ad
2108 3609 2329 3681 Moysen
2366 3630 2378 3665 :
2412 3613 2528 3669 Cur
2549 3616 2751 3673 clamas
2787 3618 2855 3674 ad
2887 3621 3016 3676 me?
3046 3621 3297 3693 Loquere
3331 3625 3459 3682 ﬁliis
3500 3627 3584 3684 Is-

2000 3700 2134 3765 rael,
2173 3709 2229 3755 et
2273 3703 2731 3774 proﬁciscantur;
2771 3719 2828 3766 et
2854 3720 2914 3766 tu
2948 3714 3103 3769 eleva
3146 3716 3356 3787 virgam
3406 3727 3587 3787 tuam,

1997 3800 2054 3846 et
2097 3793 2332 3849 extende
2361 3811 2585 3852 manum
2614 3808 2763 3855 tuam
2810 3803 2879 3858 ad
2911 3820 3081 3872 mare,
3123 3816 3179 3862 et
3222 3809 3368 3864 sicca
3411 3811 3582 3879 illud,

2000 3892 2059 3937 et
2103 3885 2486 3956 ingrediantur
2537 3890 2635 3945 ﬁlii
2682 3893 2850 3949 Israel
2888 3895 2945 3949 in
2990 3897 3233 3953 medium
3286 3901 3454 3958 maris
3487 3919 3587 3973 per

1999 3975 2207 4030 siccum
2227 3978 2297 4036 ".
2331 3998 2349 4030 ι
2384 3980 2563 4050 Atque
2614 3985 2804 4039 auxilii
2857 3987 3081 4043 modum
3110 3992 3467 4062 perspicuum
3503 3995 3586 4050 fe-

2002 4065 2077 4119 cit
2107 4067 2296 4123 Deus:
2338 4088 2357 4121 ι
2404 4071 2639 4127 Sustulit
2682 4090 2762 4154 se,
2810 4096 2829 4129 ›
2864 4076 3076 4148 inquit,
3122 4100 3142 4133 ι
3191 4085 3418 4154 angelus
3472 4086 3585 4141 Do-

2003 4158 2179 4224 mini,
2244 4162 2343 4230 qui
2402 4148 2749 4232 prazcedebat
2821 4179 3000 4226 castra
3068 4171 3309 4228 filiorum
3373 4176 3583 4244 Israel,

2004 4256 2059 4301 et
2079 4251 2356 4318 profectus
2388 4263 2473 4307 est
2514 4264 2813 4311 retrorsum
2850 4274 2864 4310 ε
2902 4260 3126 4313 sustulit
3169 4262 3332 4315 etiam
3380 4278 3439 4318 se
3491 4280 3586 4319 co-

319 4329 548 4401 άγγελὸς
575 4332 669 4385 τοῦ
692 4333 826 4386 Θεοῦ
858 4335 887 4386 ὀ
914 4334 1383 4404 προπορευόμενος
1409 4333 1507 4399 τῆς
1542 4334 1894 4405 παρεμϐολῆς

2007 4339 2187 4395 lumna
2219 4343 2384 4398 nubis
2424 4360 2455 4398 a
2495 4345 2632 4401 facie
2679 4364 2894 4413 eorum,
2935 4358 2991 4404 et
3037 4353 3191 4406 stetit
3224 4363 3348 4423 post
3383 4370 3499 4422 eos,
3530 4367 3587 4413 et

318 4426 422 4480 τῶν
466 4426 600 4479 υἰῶν
652 4425 886 4495 Ἰσραὴλ,
926 4427 1022 4478 καὶ
1071 4425 1338 4496 ἐπορεύθη
1388 4427 1449 4478 ἐκ
1496 4427 1604 4478 τῶν
1653 4425 1896 4478 ὄπισθεν·

318 4517 478 4589 ἐξῆρε
514 4517 573 4570 δὲ
629 4518 724 4571 καὶ
766 4520 795 4571 ὀ
824 4517 1013 4581 στύλος
1076 4518 1175 4586 τῆς
1212 4517 1440 4585 νεφέλης
1467 4516 1574 4569 ἀπὸ
1612 4516 1903 4588 προσώπου

317 4608 517 4671 αὐτῶν,
557 4609 650 4661 καὶ
686 4608 815 4680 ἔστη
850 4609 913 4663 ὲκ
941 4607 1050 4661 τῶν
1075 4608 1251 4661 ὀπίσω
1277 4607 1455 4661 αὐτῶν
1478 4624 1491 4638 ·
1529 4609 1623 4661 καὶ
1658 4608 1904 4680 εἰσῆλθεν

316 4701 416 4755 ἀνὰ
472 4701 638 4771 μέσον
699 4702 799 4772 τῆς
860 4700 1210 4772 παρεμϐολῆς
1265 4699 1371 4752 τῶν
1419 4698 1753 4766 Αἰγυπτίων,
1807 4699 1902 4753 καί

315 4792 411 4846 ἀνὰ
474 4791 640 4861 μέσον
702 4792 1055 4862 παρεμϐολῆς
1127 4790 1364 4861 Ἰσραὴλ,
1432 4792 1524 4842 καὶ
1591 4789 1718 4860 ἔστη
1740 4832 1756 4852 ,
1808 4791 1902 4844 καὶ

315 4882 530 4950 ἐγένετο
562 4884 752 4943 σκότος
778 4885 872 4938 καὶ
896 4884 1113 4952 γνόφος.
1143 4883 1251 4935 Καὶ
1280 4881 1494 4952 διῆλθεν
1516 4884 1548 4951 ὴ
1581 4880 1696 4945 νὺξ,
1721 4882 1815 4935 καὶ
1840 4884 1901 4936 οὐ

316 4974 603 5045 συνέμιξαν
624 4974 872 5044 ἀλλήλοις
901 4975 1029 5043 ὃλην
1055 4975 1151 5044 τὴν
1180 4973 1369 5026 νύκτα.
1405 4991 1424 5024 ι
1485 4974 1591 5026 Καὶ
1628 4974 1784 5026 ταυτί
1804 4975 1902 5044 μὲν

2009 4427 2253 4499 ingressa
2281 4442 2367 4486 est
2416 4433 2561 4489 inter
2596 4445 2775 4491 castra
2810 4438 3190 4511 ngyptiorum
3230 4454 3288 4498 et
3326 4445 3471 4501 inter
3497 4463 3587 4504 ca~

2009 4527 2122 4573 stra
2148 4521 2337 4588 Israel,
2370 4532 2427 4579 et
2456 4527 2628 4594 stetit,
2656 4538 2713 4582 et
2733 4529 2873 4584 facta
2898 4539 2982 4585 est
3021 4533 3194 4605 caligo
3221 4544 3278 4589 et
3322 4538 3582 4606 tenebrae,

2009 4617 2066 4662 et
2088 4612 2354 4678 praeteriit
2384 4630 2513 4679 nox,
2541 4625 2599 4671 et
2625 4632 2736 4671 non
2759 4621 3033 4677 commisti
3055 4631 3183 4677 sunt
3212 4624 3444 4680 invicem
3472 4636 3584 4684 tota

2008 4708 2171 4756 nocte
2188 4702 2252 4756 ⁷⁵.
2292 4722 2310 4755 ι
2347 4704 2523 4775 Atque
2566 4707 2687 4763 haac
2724 4709 2949 4779 quidem
3000 4721 3165 4782 gestae
3212 4715 3294 4769 rei
3341 4719 3585 4773 narratio

2007 4795 2268 4848 contexit.
2321 4796 2512 4868 Operae
2557 4802 2796 4871 pretium
2849 4813 3034 4859 autem
3084 4806 3340 4865 existimo
3393 4826 3584 4869 rursus

2008 4884 2353 4942 subtiliorem
2401 4890 2598 4945 horum
2645 4895 2942 4951 verborum
2995 4914 3217 4956 sensum
3270 4901 3581 4975 inspicere,

2008 4976 2389 5049 acrioremque
2418 4985 2622 5040 mentis
2649 4989 2825 5043 aciem
2864 4990 2953 5045 his
2982 4991 3186 5048 litteris
3214 4994 3474 5065 adjicere.

314 5068 442 5136 ἡμῖν
478 5067 508 5118 ὀ
547 5066 646 5135 τῆς
703 5066 943 5136 ἱστορίας
992 5064 1269 5132 ἐξυφαίνει
1324 5062 1498 5129 λόγος’
1542 5063 1738 5155 ζρῆναι
1789 5064 1847 5117 δὲ
1893 5060 2046 5138 οἶμαι
2082 5067 2246 5140 πάλιν
2277 5071 2427 5140 ἡμᾶς
2457 5074 2554 5145 τὴν
2578 5075 2686 5131 τῶν
2711 5081 2996 5151 νοημάτων
3019 5060 3304 5153 ἀκρίσειαν
3329 5086 3405 5155 ll)
3431 5086 3559 5138 ἰδεῖν

314 5154 506 5210 λεπτὸν
536 5155 767 5217 ἐνιέντες
798 5157 908 5216 τοῖς
936 5152 1342 5223 γεγραμμένοις
1367 5153 1458 5205 τὸν
1488 5152 1632 5206 νοῦν.

378 5247 588 5300 ΠΑΛΛ.
616 5240 766 5298 Πάνυ
799 5245 897 5315 μὲν
920 5240 1033 5297 οὖν.

377 5338 540 5391 ΚΥΡ.
589 5335 893 5406 Ἑξαίρουσι
920 5332 1207 5404 τοιγαροῦν
1236 5335 1285 5386 οἰ
1330 5333 1389 5398 ἐξ
1424 5336 1638 5407 Ἰσραὴλ
1678 5339 1759 5402 εἰς
1787 5338 1887 5410 τὴν

312 5427 466 5495 ἁγίαν
499 5427 820 5489 σπεύδοντες
849 5426 974 5494 γῆν,
1004 5426 1079 5488 ώς
1108 5426 1165 5478 ἐν
1197 5425 1371 5494 στύλῳ
1408 5427 1579 5496 πυρὸς
1610 5428 1705 5480 καί⁸
1729 5431 1885 5497 νεφέ-

312 5514 403 5586 λης
459 5514 882 5583 προϐιὸἀζοντός
911 5531 969 5567 τε
1011 5514 1103 5566 καί
1133 5515 1440 5582 ἡγουμένου
1472 5514 1630 5569 Θεοῦ.
1664 5517 1739 5569 Οὐ
1772 5519 1881 5590 γάρ

314 5606 472 5672 ἐστιν,
489 5607 590 5659 οὐκ
613 5605 759 5658 ἐστιν
789 5606 868 5668 εἰ,
888 5604 985 5674 τὴν
1013 5604 1126 5658 ἄνω
1144 5621 1201 5655 τε
1228 5606 1319 5656 καὶ
1347 5604 1506 5672 ἁγίαν
1533 5608 1878 5675 ἀφικνεῖσθαι

2064 5251 2263 5307 PALL.
2295 5255 2374 5310 lta
2398 5273 2625 5327 prorsus
2657 5277 2876 5318 censeo.

2063 5340 2222 5396 CYR.
2256 5345 2690 5407 Proﬁciscuntur
2720 5353 2891 5423 igitur
2920 5353 3016 5408 ﬁlii
3052 5355 3214 5413 Israel
3238 5359 3307 5415 ad
3370 5370 3573 5420 terram

1991 5443 2234 5487 sanctam
2289 5451 2673 5509 properantes,
2729 5443 2842 5514 86
2887 5453 3149 5516 tanquam
3202 5450 3258 5505 in
3317 5456 3573 5513 columna

1988 5525 2129 5594 ignis
2160 5542 2223 5582 ac
2245 5530 2410 5585 nubis
2440 5532 2553 5586 Deo
2577 5543 2855 5602 praeeunte
2885 5544 3047 5606 atque
3073 5538 3309 5599 ducente
3334 5563 3347 5612 ;
3393 5562 3572 5617 neque

1985 5617 2132 5671 enim
2162 5619 2275 5674 ullo
2308 5622 2477 5677 modo
2510 5623 2643 5678 licet
2674 5626 2742 5680 ad
2769 5642 3063 5699 supernam
3123 5632 3273 5688 illam
3326 5647 3569 5695 sanctam

372 5723 419 5755 τι
439 5723 597 5778 Rom,
631 5734 745 5787 χιιι,
787 5722 873 5786 12,
926 5722 1011 5774 15.
1088 5722 1136 5751 ⁷⁸
1162 5719 1333 5774 Exod.
1372 5737 1481 5785 xlv,
1513 5723 1545 5775 6
1574 5739 1725 5797 seqq.
1801 5729 1846 5761 "
1885 5729 1905 5783 I

2009 5772 2046 5798 ,.
2084 5735 2268 5793 10-12.
2349 5740 2392 5774 ⁷³
2425 5741 2586 5809 Ibid.,
2642 5742 2820 5801 15-16.
2899 5747 2944 5780 ⁷⁸
2985 5747 3147 5817 Ibid.,
3182 5749 3267 5817 I9,
3303 5749 3385 5806 20.

374 5815 450 5881 (I)
483 5816 575 5872 Sic
608 5816 730 5871 cod.
761 5816 939 5871 Vatic.
975 5813 1109 5871 Cod.
1143 5813 1354 5879 Sirleti,
1391 5814 1638 5886 καρδίαν.
