4082 6304
519 288 626 342 27-!

1541 291 1607 347 'S.
1649 288 1923 345 CYRlLLl
1964 283 2432 342 ALEXANDRINI
2472 281 2788 340 ARCHIEP.

3699 283 3799 338 2ἷὲ

523 421 630 474 que
662 404 937 460 civitatem
968 408 1275 476 pervenire,
1305 408 1407 464 nisi
1433 408 1652 464 Christo
1691 410 1854 475 duce,
1885 407 1978 477 qui
2019 421 2106 460 sa-

2218 402 2397 464 πόλιν,
2438 399 2512 471 μὴ
2541 400 2660 469 οὐχὶ
2693 395 3105 467 καθηγουμένου
3141 395 3388 466 Χριστςρῦ
3411 435 3425 460 ,
3469 396 3564 449 καὶ
3597 397 3790 470 ἐναργῆ

526 495 662 549 lutis
697 495 802 549 iter
832 496 1182 566 perspicuum
1216 498 1438 566 reddat;
1473 500 1528 554 in
1565 515 1660 555 eos
1695 508 1877 554 tamen
1907 497 2003 568 qui
2043 497 2096 551 id

524 584 703 640 facere
740 593 1074 652 statuerunt,
1104 587 1346 644 fremunt
1366 591 1625 645 dentibus
1650 591 1856 654 hostes,
1901 589 1995 658 qui
2043 588 2098 641 in

525 677 629 732 hoc
653 677 858 732 mundo
884 689 1208 745 versantur;
1241 680 1327 734 lex
1352 689 1540 734 contra
1561 681 1628 734 ad
1653 680 1869 735 fortiter
1897 677 2102 734 auden-

525 767 654 821 dum
683 767 955 834 hortatur,
978 777 1143 840 atque
1176 771 1464 825 conﬁrmat
1506 779 1655 826 metu
1696 771 1996 840 perculsos,
2039 784 2103 823 ac

512 857 642 912 fore
668 867 728 913 ut
752 859 1194 916 adversariorum
1224 863 1425 918 cohors
1455 862 1633 927 cadat,
1675 861 1961 916 manifeste
2004 861 2102 915 ad-

528 949 751 1004 modum
774 951 1046 1006 declarat:
1081 969 1207 1007 nam
1239 968 1306 1007 ex
1329 969 1439 1024 quo
1459 952 1698 1025 Egyptii
1715 969 1745 1008 e
1766 951 1945 1007 medio
1971 950 2103 1005 sub-

511 1041 623 1096 lati
659 1051 808 1107 sunt,
863 1042 969 1097 hoc
999 1044 1190 1113 procul
1218 1043 1388 1099 dubio
1443 1043 1811 1116 signiﬁcatur;
1857 1058 1953 1098 eos
2003 1058 2103 1098 au-

529 1140 641 1185 tem
671 1131 766 1201 qui
808 1131 1130 1188 imminente
1161 1134 1304 1188 malo
1349 1133 1713 1199 terrebantur,
1751 1140 2006 1202 tanquam
2049 1133 2105 1187 in

531 1220 702 1292 ﬁgura
735 1238 929 1278 rursus
955 1223 1128 1279 sancti
1169 1225 1511 1295 baptismatis
1556 1224 1736 1278 salvos
1775 1223 1908 1279 fecit
1940 1226 2102 1279 Deus.

538 1330 555 1362 ‹
583 1311 830 1382 Loquere
847 1313 1048 1378 enim,»
1077 1313 1173 1377 ait,
1207 1333 1225 1364 (
1251 1313 1378 1368 ﬁliis
1390 1310 2101 1384 Israel,etproﬁciscantur:

509 1412 584 1458 -οι
615 1413 673 1458 ιιι
709 1404 840 1458 tolle
877 1405 1088 1474 virgam
1115 1413 1261 1458 tuam
1284 1445 1298 1468 ,
1330 1412 1386 1459 et
1423 1405 1657 1460 extende
1706 1420 1928 1458 manum
1957 1412 2106 1460 tuam

529 1507 710 1581 super'
732 1505 881 1545 mare
905 1530 920 1555 ,
950 1499 1008 1545 et
1035 1490 1180 1545 sicca
1210 1491 1344 1545 illud
1369 1509 1383 1559 ;
1414 1501 1471 1548 et
1501 1492 1882 1563 ingrediantur
1907 1490 2004 1545 ﬁlii
2027 1492 2106 1546 ls-

530 1580 641 1633 rael
681 1579 736 1633 in
788 1579 1031 1634 medium
1081 1580 1326 1634 maris“.
1373 1601 1392 1634 ι
1455 1581 1635 1649 Quid?
1676 1597 1858 1637 nonne
1890 1581 2109 1637 divinus

512 1665 622 1726 "ille
647 1671 849 1726 Paulus
873 1671 940 1726 de
975 1671 1102 1728 ﬁliis
1133 1672 1298 1727 lsrael
1329 1673 1544 1739 scribit,
1583 1689 1772 1729 omnes
1799 1674 1854 1729 in
1886 1674 2108 1747 Moysen

533 1762 838 1832 baptizatos
875 1760 1042 1817 fuisse
1071 1761 1127 1816 in
1158 1761 1304 1817 nube
1336 1771 1393 1816 et
1422 1762 1476 1817 in
1509 1764 1647 1818 mari
1668 1763 1752 1816 ’ἑιῖ

605 1945 802 1998 PALL.
838 1945 1054 1999 Fateor.

600 2035 757 2090 CYR.
780 2035 929 2105 Opus
958 2036 1124 2107 igitur
1140 2043 1244 2102 est,
1262 2037 1355 2107 qui
1381 2036 1534 2107 sequi
1557 2034 1837 2091 Christum
1859 2034 2107 2104 cupiunt,

532 2139 588 2182 et
620 2128 687 2182 ad
724 2143 1021 2198 supernam
1049 2129 1196 2184 illam
1227 2129 1502 2183 civitatem
1528 2135 1843 2198 prOperant,
1873 2143 1968 2183 eos
2002 2143 2112 2181 non

521 2217 591 2274 in
624 2222 741 2290 lege
771 2221 1071 2276 consistere
1102 2235 1281 2291 neque
1317 2219 1591 2274 mandatis
1619 2234 1740 2288 quae
1768 2234 1867 2288 per
1893 2218 2113 2289 Moysen

537 2313 662 2366 data
689 2311 1076 2366 suntﬁrmiter
1115 2312 1402 2378 inhaerere,
1429 2314 1566 2367 etin
1607 2311 1843 2377 umbris,
1893 2309 2111 2381 ﬁguris-

532 2419 639 2474 que
695 2402 940 2468 versari;
1001 2404 1094 2458 sed
1144 2404 1444 2474 proﬁcisci,
1493 2412 1549 2458 et
1592 2403 1701 2458 alio
1757 2403 2014 2466 transire,
2043 2401 2112 2455 ad

533 2507 781 2553 sanctum
820 2511 1016 2566 nempe
1047 2496 1315 2566 baptisma
1352 2514 1363 2548 :
1395 2495 1447 2549 id
1471 2495 1619 2550 enim
1653 2495 1831 2550 fecere
1879 2494 1959 2546 illi
2011 2493 2113 2548 ho-

533 2590 710 2645 mines
739 2590 834 2660 qui
862 2589 993 2644 olim
1026 2601 1093 2641 ex
1134 2585 1230 2640 Dei
1266 2591 1543 2655 praecepto
1576 2598 1674 2653 per
1703 2583 1879 2637 undas
1906 2581 2114 2635 medias

534 2681 764 2752 ingressi
808 2687 957 2744 sunt,
998 2685 1074 2742 et,
1117 2685 1176 2730 ut
1201 2676 1403 2732 Paulus
1435 2676 1532 2740 ait,
1581 2675 1637 2728 in
1675 2674 1812 2728 mari
1868 2672 2111 2742 baptiza-

503 2771 773 2835 bantur;
808 2776 922 2822 tum
952 2766 1099 2822 enim
1138 2765 1374 2834 denique
1415 2765 1594 2835 ipsum
1615 2763 1714 2818 Dei
1740 2771 1796 2818 et
1826 2762 2112 2816 hominum

535 2858 894 2913 mediatorem
927 2855 1204 2910 Christum
1239 2855 1428 2910 Jesum
1460 2854 1765 2924 adjutorem
1809 2849 2110 2906 habebunt.

535 2949 775 3004 Verbum
803 2948 949 3003 enim
976 2962 1098 3001 cum
1123 2955 1267 3002 esset
1295 2947 1459 3011 Deus,
1481 2959 1608 3000 caro
1636 2944 1838 2999 factum
1867 2951 1987 3007 est;
2017 2942 2113 3012 qui

534 3038 679 3094 idem
719 3039 824 3094 alia
851 3054 1068 3108 quoque
1093 3038 1302 3092 ratione
1342 3037 1611 3091 mediator
1637 3045 1740 3101 est,
1773 3034 2111 3106 gubernandi

533 3146 731 3202 nempe
758 3131 990 3195 ratione,
1024 3139 1084 3186 ut
1110 3130 1202 3201 qui
1231 3131 1446 3185 medius
1474 3129 1727 3184 incedere
1767 3128 1937 3183 soleat
1970 3129 2112 3182 inter

534 3224 773 3281 cultores
796 3239 927 3278 suos
960 3229 1017 3279 et
1058 3238 1248 3278 eorum
1288 3223 1667 3284 insectatores,
1703 3235 1809 3275 nec
1851 3219 2110 3291 congredi

533 3331 630 3370 eos
653 3317 798 3371 inter
819 3331 876 3371 se
895 3315 1271 3386 permittat,fet
1287 3315 1474 3369 hostes
1496 3312 1565 3366 ab
1582 3311 1898 3366 incursione
1921 3310 2110 3382 prohi-

533 3406 679 3461 beat.
713 3425 731 3458 ι
769 3405 1006 3460 Sustulit
1026 3405 1173 3459 enim
1194 3419 1272 3469 se,
1309 3423 1326 3454 ι
1364 3403 1564 3472 inquit,
1603 3421 1621 3454 ι
1659 3402 1886 3473 angelus
1909 3401 2028 3466 Dei,
2055 3411 2110 3456 et

533 3497 788 3552 columna
814 3495 998 3560 nubis,
1017 3502 1073 3550 et
1093 3495 1336 3566 ingressa
1362 3500 1446 3548 est
1467 3494 1611 3548 inter
1631 3502 1807 3548 castra
1825 3493 2025 3548 Israel:
2054 3501 2111 3547 et

536 3603 646 3641 non
681 3583 956 3641 commisti
997 3591 1126 3637 Sunt
1160 3582 1304 3636 inter
1338 3596 1394 3636 se
1430 3587 1542 3635 tota
1573 3589 1734 3635 nocte
1752 3581 1817 3632 δ’.
1861 3599 1880 3631 ι
1927 3579 1986 3634 ln
2011 3595 2110 3633 an-

533 3679 655 3750 gelo
692 3685 880 3731 autem
903 3675 1108 3738 denuo,
1148 3682 1311 3744 atque
1338 3672 1395 3726 in
1437 3672 1690 3727 columna
1737 3671 1903 3727 nubis
1947 3670 2107 3726 Chri-

535 3777 653 3822 stus
678 3767 1044 3838 signiﬁcatur;
1085 3771 1312 3820 vocatur
1343 3763 1490 3819 enim
1519 3777 1721 3819 nomen
1747 3765 1884 3835 ejus,
1938 3783 1955 3814 ι
1990 3779 2107 3817 ma-

535 3859 628 3929 gni
651 3858 866 3914 consilii
895 3857 1133 3928 Angelus
1153 3857 1216 3909 ⁸³.
1250 3875 1267 3907 ι

607 4048 805 4105 PALL.
839 4049 1001 4119 Ergo,
1037 4047 1166 4103 dum
1209 4048 1462 4104 Christus
1481 4057 1571 4103 est
1601 4045 1813 4102 medius
1851 4045 2106 4116 interjec-
2171 4061 2175 4069 '

539 4152 646 4206 tus,
674 4156 787 4197 non
812 4156 1167 4197 conseremus
1198 4157 1392 4196 manus
1407 4155 1536 4195 cum
1561 4139 1629 4194 iis
1668 4139 1762 4209 qui
1792 4153 2105 4210 oppugnare

535 4249 635 4289 nos
659 4234 910 4304 cupiunt.

603 4323 764 4380 CYR.
803 4325 882 4379 lta
923 4340 1010 4380 res
1039 4331 1157 4390 est;
1207 4331 1355 4378 recte
1405 4320 1682 4391 intelligis.
1729 4319 1866 4374 lllud
1925 4328 2106 4374 tamen

534 4417 735 4480 dicam,
772 4416 881 4486 87
915 4408 1146 4485 nequea
1175 4427 1296 4468 mea
1351 4412 1642 4476 sententia,
1688 4419 1749 4465 ut
1797 4410 2010 4480 opinor,
2060 4411 2107 4465 is

533 4509 815 4564 aberrabit
836 4509 932 4579 qui
959 4508 1179 4573 dixerit,
1204 4523 1324 4572 nos,
1350 4506 1395 4561 si
1437 4505 1678 4577 superati
1716 4521 1748 4559 a
1783 4505 2108 4576 voluptuosa

534 4600 919 4670 mundanaque
943 4600 1054 4654 vita
1079 4598 1360 4654 discedere
1387 4597 1813 4662 decreverimus,
1847 4612 1911 4651 ac
1951 4595 2106 4666 sequi

532 4710 698 4763 quam
750 4692 988 4748 maximo
1020 4692 1205 4748 studio
1264 4692 1360 4747 Dei
1415 4692 1564 4763 leges
1623 4688 2104 4754 constituerimus,

533 4784 779 4838 nondum
820 4791 1005 4837 tamen
1038 4781 1306 4836 fuerimus
1362 4781 1536 4836 sancti
1587 4777 1928 4849 baptismatis
1983 4793 2107 4848 gra-

534 4875 667 4929 tiam
693 4871 998 4935 consecuti,
1028 4885 1370 4940 nequequam
1393 4871 1524 4926 satis
1553 4869 1723 4924 fortes
1757 4875 1851 4922 aut
1889 4874 2108 4936 paratos

534 4971 684 5018 certe
731 4960 799 5016 ad
844 4957 1121 5013 molestias
1167 4958 1474 5013 tolerandas
1522 4957 1656 5022 fore,
1688 4966 1745 5012 et
1793 4955 2110 5011 subeundos

535 5069 635 5124 pro
688 5051 891 5107 virtute
942 5047 1178 5112 labores,
1227 5055 1390 5114 atque
1446 5047 1513 5100 ad
1561 5046 1830 5100 bellorum
1865 5045 2109 5116 pericula

534 5136 877 5208 perferenda.
901 5132 1376 5203 Quemadmodum
1409 5133 1555 5186 enim
1595 5141 1796 5188 tenerae
1839 5134 2105 5188 arbuscu-

535 5235 598 5286 lm
615 5229 1126 5287 vehementissimos
1153 5227 1284 5283 solis
1307 5226 1490 5282 radios
1511 5227 1654 5281 ferre
1700 5237 1980 5289 recusant.
2006 5243 2107 5282 ne—

534 5339 849 5393 queparum
869 5323 1138 5379 laedantur
1162 5322 1207 5377 si
1233 5329 1524 5376 ventorum
1547 5318 1870 5374 violentiore
1901 5319 2108 5389 impetu

537 5415 874 5484 quatiantur,
905 5415 1138 5485 ideoque
1172 5429 1399 5486 prorsus
1435 5427 1574 5483 opus
1610 5410 2113 5466 habentnonnullis

533 5523 600 5561 ex
627 5514 744 5561 arte
778 5505 1126 5576 adjumentis,
1159 5516 1323 5577 atque
1363 5505 1704 5560 munimento
1723 5509 1841 5573 jquo
1872 5500 2110 5557 circum-

535 5606 790 5669 tegantur
828 5598 969 5663 :sic,
1007 5599 1220 5668 opinor,
1266 5598 1434 5653 etiam
1478 5595 1718 5652 hominis
1757 5595 1937 5650 anima
1990 5609 2112 5663 quae

605 5694 849 5750 ".Exod.
889 5695 1190 5759 ΧιγΛῦ-ίϐ.

2206 492 2564 554 καθιστάντος
2611 491 2708 561 τὴν
2756 489 2853 560 τῆς
2904 487 3178 557 σωτηρίας
3216 485 3356 557 ὁδόν.
3409 487 3538 551 Τοῖς
3575 502 3639 555 γε
3688 487 3787 559 μὴν

2200 585 2358 638 τοῦτο
2385 585 2519 657 δρᾷν
2545 583 2845 655 ᾑρημένοις
2864 622 2878 647 ,
2911 579 3249 652 ἐπιτρίζουσι
3279 579 3380 650 μὲν
3408 581 3541 643 τοὺς
3574 581 3785 644 ὀδόντας
3896 579 3904 588 ’

2201 677 2251 728 οἰ
2271 675 2409 730 κατὰ
2439 675 2587 728 τόνδε
2624 673 2716 726 τὸν
2747 672 2946 743 κόσμον
2976 671 3198 743 ἐχθροὶ,
3232 669 3553 742 παραθήγει
3589 687 3654 738 γε
3690 671 3790 742 μὴν

2204 767 2283 828 εἰς
2308 764 2595 834 εὐτολμίαν
2625 764 2652 816 ὁ
2673 763 2837 833 νόμος
2898 763 2993 816 xui.
3025 761 3441 832 παραθαρσύνει
3485 761 3791 832 πεφοϐημέ-

2206 874 2334 922 νους
2358 873 2372 888 ·
2411 857 2505 911 καὶ
2547 857 2630 910 ὅτι
2660 859 2908 909 πεσεῖται
2940 855 3049 907 τῶν
3085 854 3342 907 ἐναντίων
3381 853 3448 906 τὸ
3493 855 3705 922 στῖφος,
3735 850 3790 908 εὖ

2209 948 2352 1019 μάλα
2380 946 2676 1018 καταδηλοῖ
2696 963 2709 977 ·
2733 945 2795 998 τὸ
2827 945 2936 1016 γὰρ
2960 946 3024 997 ἐκ
3056 942 3232 997 ποδῶν
3268 941 3532 1011 γενέσθαι
3557 942 3684 1007 τοὺς
3712 945 3793 998 Δί-

2205 1040 2464 1110 γυπτίους
2492 1039 2641 1092 τουτί
2668 1054 2768 1090 που
2803 1038 3020 1100 πάντως
3044 1037 3179 1107 ἡμῖν
3205 1033 3594 1088 ὑπαινίττεται
3625 1050 3642 1065 ⁶
3673 1035 3793 1099 τοὺς

2205 1131 2261 1184 δέ
2282 1132 2337 1182 ἐν
2365 1129 2547 1198 φόϐοις
2566 1128 2726 1191 ὄντας
2754 1125 2848 1181 τοῦ
2874 1125 3089 1190 παθεῖν,
3115 1125 3191 1188 ὼς
3221 1126 3278 1178 ἐν
3307 1125 3473 1195 τύπῳ
3515 1124 3680 1178 πάλιν
3701 1124 3791 1178 τοῦ

2209 1223 2364 1291 ἁγίου
2396 1219 2766 1291 βαπτίσματος
2802 1215 3024 1281 διέσωζε
3079 1216 3233 1280 Θεός.
3262 1235 3280 1269 ι
3319 1215 3580 1288 Λάλησον
3609 1215 3736 1286 γὰρ,
3771 1235 3787 1266 ι

2208 1313 2360 1383 φησὶ,
2401 1330 2418 1362 ι
2460 1313 2572 1374 τοῖς
2603 1312 2735 1373 υἱοῖς
2781 1308 3015 1380 Ἰσραὴλ,
3046 1308 3144 1362 καὶ
3181 1305 3669 1372 ἀναζευξάτωσαν·
3705 1309 3790 1361 καὶ

2209 1405 2273 1457 σὺ
2306 1402 2505 1473 ἔπαρον
2535 1403 2634 1474 τὴν
2671 1401 2864 1472 ῥάϐδον
2895 1417 3011 1462 σου,
3059 1400 3154 1454 καὶ
3189 1398 3450 1453 ἔκτεινον
3493 1399 3598 1470 τὴν
3642 1399 3791 1470 χεῖρά

2211 1511 2302 1547 σου
2331 1495 2423 1548 ἐπὶ
2457 1494 2554 1566 τὴν
2591 1493 2884 1560 θάλασσαν,
2917 1495 3011 1547 xui
3038 1493 3268 1564 ξήρανον
3305 1491 3488 1563 αὐτήν
3517 1509 3532 1523 ο
3567 1492 3662 1545 καὶ
3690 1494 3791 1545 εἰσ-

2207 1587 2508 1641 ελθέτωσαν
2567 1588 2616 1640 οἱ
2669 1587 2776 1639 υἱοὶ
2834 1586 3052 1658 Ἰσραὴλ
3118 1587 3198 1649 εἰς
3245 1585 3414 1657 μέσον
3449 1585 3551 1652 τῆς
3595 1584 3791 1638 θαλάσ-

2212 1698 2329 1751 σης.
2393 1697 2412 1729 ι
2453 1680 2525 1732 Ἦ
2573 1678 2671 1749 οὐχ
2724 1680 2753 1730 ό
2811 1677 3100 1741 θεσπέσιος
3150 1678 3354 1748 γράφει
3399 1676 3618 1741 Παῦλος
3673 1679 3793 1748 περὶ

2210 1773 2318 1825 τῶν
2351 1771 2482 1825 υἱῶν
2521 1770 2738 1842 Ἰσραὴλ
2761 1810 2776 1835 ,
2818 1771 2901 1823 ὅτι
2954 1771 3158 1834 πάντες
3191 1771 3272 1832 εἰς
3308 1769 3408 1823 τὸν
3459 1769 3639 1841 Μωσῆ
3673 1769 3788 1822 ἐϐα-

2144 1844 2184 1898 Β
2217 1863 2516 1934 πτίσθησαν
2544 1867 2601 1918 ἐν
2645 1866 2710 1936 τῇ
2743 1863 2941 1934 νεφέλῃ
2975 1863 3068 1916 καὶ
3099 1853 3161 1916 ἐν
3186 1863 3251 1933 τῇ
3283 1860 3577 1932 θαλάσσῃ;

2283 1954 2490 2009 ΠΑΛΛ.
2518 1955 2590 2008 Σύ
2599 1972 2715 2027 μφη
2723 1973 2802 2026 μι.

2283 2049 2450 2103 ΚΥΡ.
2498 2049 2618 2119 Χρὴ
2660 2047 2950 2119 τοιγαροῦν
2996 2048 3121 2110 τοὺς
3159 2045 3482 2100 ἀκολουθεῖν
3521 2042 3794 2106 ἐθέλοντας

2211 2138 2289 2210 τῷ
2320 2141 2560 2211 Χριστῷ,
2593 2139 2688 2193 καὶ
2712 2139 2848 2209 πρὸς
2880 2140 2979 2210 τὴν
3011 2140 3122 2194 ἄνω
3155 2139 3495 2202 σπεύδοντας
3525 2137 3698 2202 πόλιν,
3724 2136 3792 2206 μὴ

2213 2233 2458 2303 ἐνιζῆσαι
2495 2231 2572 2302 τῷ
2612 2231 2762 2302 νόμῳ
2788 2273 2802 2297 ,
2846 2231 2979 2302 μηδέ
3005 2232 3126 2295 ταῖς
3162 2230 3251 2284 διὰ
3277 2229 3537 2292 Μωσέως
3563 2227 3794 2290 ἐντολαῖς

2212 2323 2604 2396 ἀμεταστάτως
2633 2322 3142 2392 ἐγκαταυλίζεσθαι,
3171 2323 3265 2377 xui
3288 2325 3479 2385 σκιαῖς
3500 2323 3596 2376 καὶ
3612 2321 3791 2384 τύποις

2212 2415 2635 2484 ἐμφιλοχωρὶεῖν⁸
2672 2414 3065 2484 ἀναζευγνύναι
3102 2416 3158 2469 δὲ
3190 2414 3398 2486 μᾶλλον
3431 2415 3528 2468 καὶ
3561 2430 3792 2484 μεταχω-

2217 2506 2326 2573 ρεῖν
2368 2504 2632 2575 ἑτέρωσε,
2670 2504 2813 2557 τοῦτ’
2842 2505 3010 2570 ἔστιν,
3057 2505 3149 2558 ἐπὶ
3193 2505 3255 2558 τὸ
3298 2503 3463 2572 ἅγιον
3497 2503 3787 2574 βάπτισμα.

2213 2595 2382 2648 Τοῦτο
2405 2595 2514 2666 γὰρ
2559 2596 2728 2667 ἔδρων
2761 2597 2809 2648 οἱ
2840 2596 3010 2651 πάλαι
3040 2595 3182 2650 κατὰ
3216 2596 3524 2668 πρόσταξιν
3552 2594 3685 2648 Θεοῦ
3712 2595 3790 2648 διὰ

2216 2684 2394 2754 μέσων
2429 2685 2611 2749 ’ἰόντες
2646 2687 2924 2755 κυμάτων,
2955 2686 3049 2740 xui.
3083 2687 3156 2750 ὡς
3182 2687 3210 2739 ό
3239 2686 3458 2749 Παῦλός
3505 2702 3686 2758 φησιν,
3739 2685 3791 2736 ἐν

2213 2775 2453 2848 θαλάσσῃ
2487 2776 2903 2846 βαπτιζόμενοι·
2936 2777 3059 2830 τότε
3088 2777 3197 2849 γὰρ
3220 2777 3284 2849 δὴ
3308 2820 3323 2844 ,
3352 2777 3484 2831 τότε
3521 2778 3616 2832 xui.
3643 2775 3790 2829 αὑτὸν

2211 2865 2418 2932 ἕξουσιν
2456 2869 2668 2938 ἀρωγὸν
2688 2869 2779 2922 τὸν
2808 2867 2943 2923 Θεοῦ
2972 2886 3031 2921 τε
3065 2869 3159 2922 xui.
3188 2868 3502 2940 ἀνθρώπων
3534 2867 3782 2939 μεσίτην,

2212 2959 2443 3031 Χριστὸν
2483 2959 2710 3032 Ἰησοῦν.
2754 2961 2886 3025 Θεὸς
2913 2961 3022 3032 γὰρ
3047 2959 3122 3015 ῶν
3147 2962 3175 3014 ὁ
3197 2960 3395 3029 Λόγος,
3423 2961 3615 3029 γέγονε
3643 2958 3787 3029 σάρξ“

2212 3052 2306 3104 xui.
2335 3051 2456 3105 καθ’
2482 3051 2671 3121 ἓτερον
2700 3052 2756 3105 δὲ
2796 3052 3016 3122 τρόπον,
3057 3052 3284 3122 μεσίτην
3321 3050 3686 3122 οἰκονομικῶς
3715 3049 3786 3112 ὡς

2213 3142 2300 3195 διὰ
2342 3141 2508 3212 μέσου
2542 3145 2742 3212 χωρεῖν
2775 3144 3005 3198 εἰωθότα
3042 3142 3151 3196 τῶν
3190 3161 3247 3196 τε
3286 3142 3602 3216 σεϐομένων
3639 3141 3788 3195 αὑτὸν

2217 3233 2312 3287 καὶ
2335 3233 2442 3286 τῶν
2465 3232 2770 3288 διωκόντων
2787 3235 3099 3300 αὐτοὺς,κα“ι
3118 3235 3459 3305 συμμίσγειν
3480 3235 3580 3288 οὐκ
3599 3232 3785 3294 ἐῶντα,

2215 3323 2313 3387 τάς
2342 3341 2402 3376 τε
2424 3322 2533 3376 τῶν
2564 3324 2821 3378 ἐναντίων
2841 3325 3064 3394 ἐφόδους
3086 3326 3502 3380 ἀποκωλύοντα.
3542 3345 3564 3378 ε
3603 3324 3786 3393 Ἐξῆρέ

2216 3415 2343 3486 γὰρ,
2371 3432 2390 3465 ι
2425 3413 2610 3483 φησὶν,
2646 3431 2665 3465 ι
2695 3413 2723 3465 ό
2748 3413 2978 3483 ἄγγελος
2998 3413 3091 3466 τοῦ
3121 3414 3278 3476 Θεοῦ,
3298 3414 3394 3467 καὶ
3418 3416 3449 3467 ὁ
3492 3412 3677 3474 στύλος
3695 3410 3786 3480 τῆς

2217 3505 2443 3575 νεφέλης
2467 3543 2484 3569 ,
2528 3507 2625 3559 καὶ
2670 3505 2918 3575 εἰσῆλθεν
2967 3506 3069 3559 ἀνὰ
3105 3506 3269 3577 μέσον
3303 3506 3406 3576 τῆς
3446 3503 3785 3577 παρεμϐολῆς

2215 3590 2321 3644 τῶν
2351 3592 2680 3660 Αἰγυπτίων,
2709 3594 2802 3645 καὶ
2838 3593 2940 3646 ἀνὰ
2976 3593 3138 3663 μέσον
3167 3594 3267 3665 τῆς
3297 3594 3651 3666 παρεμϐολῆς
3689 3593 3783 3644 Ἰσ-

2217 3681 2375 3752 ραὴλ,
2405 3682 2500 3735 καὶ
2522 3683 2581 3735 οὐ
2625 3681 2920 3754 συνέμιξαν
2947 3683 3198 3755 ἀλλήλοις
3235 3684 3366 3755 ὃλην
3399 3685 3504 3757 τὴν
3533 3685 3715 3738 νύκτα.
3760 3699 3776 3730 ι

2228 3771 2314 3834 Ὠς
2343 3772 2400 3823 ἐν
2429 3771 2647 3843 ἀγγέλῳ
2675 3772 2732 3825 δέ
2769 3772 2930 3827 πάλιν
2985 3774 3081 3826 xui.
3105 3773 3184 3838 ὡς
3214 3774 3274 3826 ἐν
3305 3773 3485 3844 στύλῳ
3511 3770 3735 3841 νεφέλης
3757 3769 3783 3820 ὁ

2215 3859 2450 3930 Χριστὸς
2479 3861 2824 3932 σημαίνεται.
2869 3862 3130 3916 Καλεῖται
3157 3863 3265 3936 γὰρ
3299 3864 3366 3918 τὸ
3398 3864 3573 3935 ὄνομα
3605 3860 3780 3923 αὐτοῦ,

2223 3973 2240 4003 ι
2269 3953 2509 4022 μεγάλης
2542 3953 2736 4026 βουλῆς
2766 3955 3046 4023 Ἄγγελος.
3074 3975 3091 4006 ι

2209 4109 2220 4115 _
2284 4045 2488 4096 ΠΑΛΛ.
2518 4045 2957 4109 Μεσολαϐοῦντος
2987 4047 3094 4118 ἄρα
3114 4047 3372 4119 Χριστοῦ,
3392 4051 3508 4112 τοῖς
3538 4046 3778 4116 πολεμεῖν

2215 4134 2488 4189 ἐθέλουσιν
2517 4136 2578 4190 οὐ
2611 4136 2954 4208 συμμίξομεν
2983 4157 2996 4205 ;

2283 4310 2582 4368 ΚΥΡ.Ὦδε
2602 4315 2696 4385 μὲν
2716 4316 2828 4387 ἔχει
2841 4317 2896 4371 τὸ
2915 4317 3120 4388 χρῆμα·
3145 4320 3284 4382 νοεῖς
3302 4319 3408 4391 γὰρ
3425 4317 3620 4390 ὀρθῶς.
3638 4317 3777 4384 Πλὴν

2214 4407 2387 4460 ἐκεῖνό
2418 4424 2580 4478 φημι,
2612 4409 2703 4461 καὶ
2732 4410 2831 4462 οὐκ
2863 4410 2970 4463 ἀπὸ
3017 4410 3240 4477 σκοποῦ,
3281 4412 3530 4484 καθάπερ
3552 4405 3773 4481 ἐγῷμαι,

2147 4541 2188 4594 D
2214 4499 2491 4594 tbﬁoxofw
2522 4502 2828 4594 οἰχήσεται·
2859 4502 2982 4571 ἄρτι
3026 4505 3125 4574 μὲν
3160 4505 3265 4576 γὰρ
3297 4506 3400 4575 τῆς
3427 4505 3700 4577 φιληδόνου
3722 4517 3775 4554 τε

2215 4593 2308 4646 xui.
2337 4593 2632 4664 ἐγκοσμίου
2661 4593 2807 4664 ζωῆς
2835 4595 3136 4667 ἁποφοιτᾷν
3161 4597 3447 4668 ᾑρημένοι,
3473 4593 3697 4651 ἐπεσθαί
3719 4609 3773 4644 τε

2213 4685 2321 4738 δεῖν
2346 4687 2426 4739 ὅτι
2445 4687 2678 4756 μάλιστα
2705 4687 3147 4753 διεσπουδακότες
3166 4691 3279 4753 τοῖς
3299 4689 3393 4744 τοῦ
3417 4691 3550 4745 Θεοῦ
3577 4689 3772 4759 νόμοις,

2214 4777 2366 4831 οὔπω
2397 4796 2460 4848 γε
2497 4779 2602 4850 μὴν
2631 4779 2728 4851 τὴν
2763 4779 2850 4834 διὰ
2887 4780 2980 4834 τοῦ
3025 4781 3184 4850 ἁγίου
3218 4783 3590 4856 βαπτίσματος
3618 4795 3772 4834 κατα-

2214 4870 2612 4940 πλουτήσαντες
2637 4872 2815 4943 χάριν,
2850 4872 2908 4924 οὐ
2948 4871 3066 4926 λίαν
3096 4874 3262 4945 ἐσμέν
3286 4877 3588 4938 εὐσθενεῖς,
3616 4873 3772 4943 ῆγουν

2215 4960 2510 5030 ἐπιτήδειοι
2533 4964 2669 5032 πρὸς
2693 4962 2755 5014 τὸ
2784 4965 2978 5033 χρῆναι
2996 4965 3314 5037 ’τληπαθεῖν,
3343 4968 3435 5022 xui.
3458 4960 3769 5036 ἀνασχέσθαι

2217 5050 2391 5104 πόνων
2423 5051 2528 5105 τῶν
2563 5053 2702 5124 ὑπὲρ
2734 5054 2935 5124 ἀρετῆς
2956 5095 2970 5118 ,
3010 5057 3105 5109 xui.
3158 5058 3411 5128 πολέμων
3455 5059 3644 5127 πεῖραν
3687 5049 3781 5136 δύ’,

2216 5141 2406 5195 νασθαι
2425 5142 2955 5215 διενεγκεῖν.Ὧσπερ
2978 5146 3035 5200 δὲ
3061 5147 3130 5200 τὰ
3158 5148 3421 5221 άρτιθαλῆ
3452 5148 3559 5202 τῶν
3577 5141 3764 5215 φυτῶν,

2212 5233 2313 5303 τῆς
2345 5235 2721 5304 ἀκμαιοτάτης
2765 5237 2862 5307 μὲν
2894 5237 2989 5290 τοῦ
3036 5239 3190 5310 ἡλίου
3231 5240 3391 5312 βολῆς
3436 5236 3764 5312 παραιτεῖται

2206 5324 2267 5377 τὸ
2300 5319 2515 5394 βλάϐος,
2541 5326 2806 5382 ἀδικοῖντο
2831 5328 2874 5381 δ’
2909 5330 2974 5384 ἂν
3004 5331 3068 5383 οὐ
3095 5331 3351 5402 μετρίως,
3383 5334 3431 5385 εἰ
3458 5326 3764 5399 πνευμάτων

2206 5415 2463 5484 ἐμϐολαῖς
2505 5418 2871 5489 άγριωτέραις
2923 5420 3423 5494 διακραδαίνοιντο,
3479 5423 3557 5476 δεῖ
3602 5417 3656 5472 δὲ
3702 5412 3760 5482 δὴ

2209 5505 2424 5571 πάντως
2457 5508 2642 5572 αὐτοῖς
2682 5509 2794 5562 τῶν
2833 5511 2896 5563 ἐκ
2929 5512 3124 5583 τέχνης
3167 5512 3640 5585 ἐπικουρημάτων.
3676 5501 3760 5556 καὶ

2209 5597 2307 5668 τῆς
2326 5600 2382 5653 ἐν
2407 5598 2591 5670 κύκλῳ
2612 5617 2678 5652 πε
2689 5599 2906 5671 ριϐολῆς
2933 5619 2945 5633 ·
2975 5603 3114 5658 κατὰ
3136 5606 3226 5660 τὸν
3250 5606 3436 5675 αὐτὸν,
3456 5601 3622 5675 οἶμαι,
3648 5610 3760 5650 τον-

1264 5697 1303 5727 ⁸¹
1343 5697 1362 5750 1
1396 5694 1523 5751 Cor.
1570 5712 1621 5762 κ,
1647 5695 1732 5748 2.-
1779 5694 1823 5726 ³³
1855 5692 2026 5749 Exod.
2062 5709 2168 5760 xw,
2216 5695 2306 5760 20,
2356 5695 2445 5749 τι.
2513 5697 2557 5727 ⁸³
2600 5696 2723 5752 lsai.
2759 5713 2832 5763 Ix,
2863 5699 2893 5753 6
