4082 6304
265 433 375 492 973

1009 430 1098 489 DE
1134 429 1578 489 ADORATIONE
1611 429 1680 486 IN
1717 427 1989 489 SPIRITU
2027 433 2116 491 El‘
2151 434 2520 494 VERITATE.
2554 437 2684 494 LIB.
2728 438 2817 494 III.

3414 437 3481 491 2'7
3488 436 3531 493 4⁸

266 547 382 604 τονί
418 546 623 621 τρόπον
667 545 817 617 καὶὴ
847 542 941 600 τοῦ
983 543 1270 618 ἀνθρώπου
1296 545 1465 617 ψυχὴ,
1499 545 1625 617 ἄρτι
1647 543 1750 615 τῆς
1779 547 1843 599 ἐκ

1964 562 2120 622 Iuper
2156 567 2187 607 e
2216 554 2479 611 servitute
2502 556 2767 614 vitiorum
2790 554 3100 620 emersertt,
3126 553 3193 610 ad
3212 554 3524 610 meliorem-

267 639 458 697 παθῶν
476 639 719 703 δουλείας
738 638 1093 711 ἐκτρέχουσα,
1122 638 1370 710 καὶπρὸς
1391 638 1459 693 τά
1479 637 1688 709 ἀμείνω
1714 637 1846 709 μεθ-

267 731 612 806 ορμιζομένη
638 772 655 798 ,
712 729 810 785 καὶ
844 730 924 802 τῷ
962 729 1091 801 θείῳ
1121 730 1540 785 κατακολουθεῖν
1587 730 1848 785 ἐθέλουσα

268 824 440 895 νόμῳ,
462 821 832 893 τρυφερόνους
854 819 917 874 τέ
948 822 1189 875 ἐστικαὶ
1211 821 1571 893 εύαφεστέρα,
1599 821 1693 876 καὶ
1718 821 1850 875 ἀνα-

272 916 485 969 σοϐοῖτο
516 912 773 978 εὐκόλως,
806 911 998 966 ἀνόπιν
1029 911 1231 983 ἱδρῶτα
1266 912 1565 984 τεθεαμένη
1625 913 1721 967 καὶ
1756 930 1853 968 πο-

272 1007 440 1077 λέμου
458 1005 642 1077 νόμον,
671 1002 946 1059 ἀσπαστὸν
965 1003 1022 1057 δέ
1041 1004 1305 1075 ἡγήσεται
1329 1004 1391 1058 τὸ
1415 1006 1474 1059 ἐν
1493 999 1575 1069 οἷς
1603 999 1673 1076 ῆν
1720 1021 1852 1058 ποτε

270 1097 609 1168 διαγενέσθαι
645 1095 829 1151 πάλιν.
870 1095 979 1150 Καὶ
1021 1094 1152 1165 γοῦν
1181 1097 1232 1149 οἰ
1274 1094 1336 1163 ἐξ
1375 1094 1595 1169 Ἰσραὴλ
1617 1094 1716 1167 τὴν
1743 1094 1853 1150 τῶν

273 1188 586 1258 Αἰγυπτίων
620 1179 940 1258 τεθεαμένοι
972 1183 1350 1259 παρασκευὴν,
1386 1186 1642 1261 καὶπρὸς
1685 1186 1854 1260 μόνην

272 1277 370 1331 τοῦ
395 1276 635 1347 πολέμου
665 1276 762 1348 τὴν
787 1275 919 1330 θέαν
945 1276 1331 1349 ἀπειρηκότες,
1356 1277 1653 1348 ἐπεφύοντο
1670 1279 1855 1349 λέγον-

273 1385 366 1432 τες
392 1367 472 1439 τῷ
494 1360 762 1438 θεσπεσᾰρ
785 1368 983 1440 Μωσῇο
1024 1386 1044 1420 ι
1082 1368 1157 1422 Οὐ
1186 1366 1346 1423 τοῦτο
1379 1370 1529 1441 ῥῆμα
1551 1364 1620 1440 ἦν
1656 1369 1686 1423 δ
1730 1370 1856 1423 ἐλα-

274 1458 519 1531 λήσαμεν
541 1460 598 1512 ἐν
633 1457 894 1531 Αἰγύπτῳ
920 1459 1055 1531 πρὸς
1084 1460 1145 1514 σὲ
1166 1460 1437 1530 λέγοντες,
1465 1461 1645 1534 Πάρες
1670 1462 1841 1533 ἡμᾶς,

222 1604 233 1611 ς
274 1553 427 1616 ὅπως
473 1550 851 1622 δουλεύσωμεν
890 1553 1004 1616 τοῖς
1047 1552 1402 1622 Αἰγυπτίοις;
1451 1556 1707 1627 κρεῖσσον
1748 1553 1857 1625 γάρ

276 1644 425 1715 ἡμᾶς
449 1642 717 1698 δουλεύειν
743 1642 1062 1714 Αἰγυπτίοις
1077 1683 1093 1709 ,
1115 1644 1460 1716 ἢάποθανεῖν
1481 1647 1539 1699 ἐν
1569 1649 1634 1719 τῇ
1666 1647 1858 1718 ἐρήμῳ

276 1735 471 1809 ταύτῃ.
514 1754 535 1788 ι
581 1735 792 1791 Οὐκοῦν
821 1735 1061 1809 ἀδρανὴς
1096 1737 1178 1801 εἰς
1210 1737 1414 1809 μάχην,
1443 1737 1538 1792 καὶ
1567 1737 1705 1809 πρὸς
1732 1737 1855 1792 δου-

276 1827 445 1881 λείανί
465 1826 820 1898 ἐτοιμοτάτη,
865 1828 961 1883 καὶ
1031 1828 1471 1900 εὐκαταπτόητος
1513 1828 1706 1901 κομιδῇ
1751 1828 1858 1900 πρὸ

277 1918 374 1973 τοῦ
397 1919 557 1988 ἁγίου
596 1918 965 1993 βαπτίσματος
1004 1922 1040 1991 ἡ
1067 1920 1159 1974 τοῦ
1197 1920 1484 1994 ἀνθρώπου
1512 1921 1688 1992 ψυχή’
1728 1922 1776 1974 εἰ
1802 1921 1861 1975 δὲ

277 2012 344 2085 δὴ
365 2013 605 2083 τυχοῦσα
630 2013 729 2085 τῆς
746 2013 967 2085 χάριτος
987 2013 1087 2085 τὴν
1116 2013 1178 2079 ἐξ
1197 2013 1366 2084 ὕψους
1393 2014 1622 2086 δύναμιν
1649 2015 1859 2086 ἀμφιά-

282 2119 437 2157 σαιτο
462 2143 479 2168 ,
535 2103 932 2158 εὐσθενέστατα
972 2103 1072 2174 μὲν
1111 2104 1463 2176 ἀντεγκομιεῖ
1489 2109 1603 2170 τοῖς
1639 2105 1861 2159 διώκειν

279 2195 547 2261 ἐθέλουσι,
569 2195 665 2250 καί⁵
687 2196 1034 2267 διαμαχεῖται
1053 2198 1340 2266 γενναίως,
1366 2200 1540 2271 ῥᾷστα
1570 2199 1617 2253 δ’
1651 2197 1720 2253 ἂν
1746 2198 1864 2253 δια-

279 2286 577 2357 κρούσαιτο
603 2287 705 2353 τὰς
726 2288 837 2343 τῶν
864 2288 1137 2360 πολεμίων
1163 2291 1562 2353 ἐπαναστάσεις
1578 2328 1595 2354 ,
1629 2307 1864 2363 στρατη-

279 2380 506 2448 γοῦντός
529 2398 590 2435 τε
616 2382 711 2435 καὶ
744 2380 1175 2453 προασπίζοντος
1198 2382 1457 2454 Χριστοῦ.
1489 2382 1863 2455 Περιεσόμεθα

279 2470 389 2543 γάρ
421 2472 523 2545 οὐχ
554 2472 810 2544 ἐτέρωςῆ
843 2473 988 2527 κατά
1016 2473 1207 2527 τοῦτον
1233 2472 1395 2527 αὑτὸν
1422 2472 1514 2527 τὸν
1533 2473 1753 2543 τρόπον.

354 2563 564 2619 ΠΑΔΛ.
608 2562 813 2617 Σκόπει
852 2563 919 2636 δὴ
962 2560 1056 2617 οὖν
1094 2563 1183 2617 διά
1211 2564 1381 2618 ποίων
1418 2565 1549 2635 ἡμῖν
1578 2564 1672 2618 καὶ
1706 2563 1865 2618 τοῦτο

284 2654 665 2726 παραστήσεις
703 2655 1199 2727 παραδειγμάτων·
1246 2655 1545 2727 ἀπορήσεις
1591 2654 1699 2727 γάρ
1745 2653 1862 2709 οὔτι

285 2763 410 2801 που.
592 2798 599 2806 ,

354 2841 526 2897 ΚΥΡ.
546 2839 647 2895 Διά
672 2841 940 2896 πλείστων
960 2841 1058 2914 μὲν
1086 2836 1181 2896 οῦν
1212 2842 1352 2896 ὅσων
1376 2840 1686 2907 καταδεῖξαι
1710 2841 1861 2912 ῥᾷον,

290 2930 431 3004 πλὴν
459 2932 569 2987 ἀπό
618 2932 932 3004 γε-πρώτου
955 2933 1050 2987 τοῦ
1084 2933 1354 3002 γείτονος,
1384 2934 1478 2987 καὶ
1508 2933 1568 3001 ἐξ
1598 2926 1673 2988 ὧν
1703 2933 1866 2997 αὐτὸς

291 3025 575 3097 γέγραφεν
604 3027 633 3080 ό
659 3026 867 3098 Μωσῆς
890 3043 903 3057 ·
926 3028 975 3080 οἰ
1000 3026 1106 3099 γάρ
1133 3027 1268 3098 πρὸς
1312 3027 1479 3100 μόνην
1507 3026 1867 3099 ἀπειρηκότες

288 3118 397 3173 τῶν
427 3118 743 3186 Αἰγυπτίων
785 3117 885 3191 τὴν
911 3117 1063 3181 θέαν,
1093 3117 1281 3190 ἐπειδὴ
1325 3118 1425 3190 τὴν
1471 3118 1739 3191 Ἐρυθρὰν
1785 3119 1866 3172 δι-

1946 658 2053 714 que
2076 642 2287 716 frugem
2328 647 2585 713 evaserit,
2614 664 2680 704 ac
2712 647 2811 704 Dei
2847 647 3024 718 legem
3064 646 3221 717 sequi
3265 646 3522 710 voluerit;

1948 737 2182 796 delicata
2201 740 2383 797 adhuc
2408 749 2467 802 et
2486 740 2707 797 mollior
2741 755 2867 796 cum
2891 740 2982 805 sit,
3012 739 3107 795 ubi
3144 739 3400 796 sudorem
3436 738 3524 793 vi-

1949 829 2094 886 derit
2136 831 2493 902 laboremque
2548 847 2764 903 pugnae,
2808 838 2959 887 metu
2999 831 3317 902 perterrita,
3367 829 3527 886 facile

1950 929 2103 996 terga
2139 931 2335 990 vertet,
2366 923 2719 995 Optabileque
2753 923 2920 978 ducet
2940 938 3006 978 ea
3042 929 3291 994 repetere
3326 923 3382 978 in
3407 922 3530 992 qui-

1950 1013 2055 1070 bus
2086 1022 2247 1071 antea
2278 1015 2619 1071 versabatur.
2663 1015 2853 1086 Itaque
2898 1013 3182 1080 Israelita),
3215 1028 3342 1068 cum
3366 1011 3531 1084 Egy-

1950 1103 2190 1174 ptiorum
2227 1115 2543 1177 apparatum
2572 1105 2862 1171 vidissent,
2889 1113 3053 1176 atque
3079 1105 3145 1162 ad
3173 1120 3368 1177 pugna:
3395 1120 3531 1160 con-

1952 1202 2200 1266 spectum
2227 1195 2492 1253 duntaxat
2523 1196 2736 1255 animos
2770 1197 3122 1269 abjecissent,
3151 1196 3529 1268 insurgebant,

1954 1286 2202 1344 dicentes
2222 1287 2392 1361 Moysi
2426 1306 2440 1343 :
2490 1307 2509 1340 ι
2545 1288 2739 1346 Nonne
2788 1289 2896 1345 hoc
2943 1297 3065 1345 erat
3104 1288 3335 1344 verbum
3383 1286 3532 1358 quod

1955 1378 2125 1435 locuti
2148 1394 2337 1436 sumus
2357 1380 2427 1436 ad
2446 1389 2499 1437 te
2527 1381 2585 1437 in
2608 1380 2857 1453 Egypto,
2886 1380 3161 1436 dicentes:
3186 1380 3409 1436 Dimitte
3431 1395 3534 1434 nos

1961 1477 2024 1525 ut
2072 1471 2380 1528 serviamus
2402 1471 2709 1545 Egyptiis?
2732 1471 2932 1528 melius
2959 1470 3108 1527 enim
3139 1478 3261 1527 erat
3282 1485 3383 1526 nos
3415 1485 3533 1526 ser-

1955 1560 2073 1616 vire
2099 1560 2388 1633 Egyptiis,
2412 1578 2576 1633 quam
2605 1564 2746 1619 mori
2784 1565 2843 1620 in
2878 1564 3099 1620 deserto
3125 1563 3232 1618 hoc
3246 1562 3294 1595 ‘”
3319 1602 3333 1614 .
3371 1580 3391 1614 ι
3428 1561 3535 1616 Im-

1955 1652 2115 1709 bellis
2134 1669 2267 1725 ergo
2288 1654 2357 1710 ad
2379 1670 2616 1727 pugnam
2634 1664 2799 1727 atque
2837 1657 2905 1712 ad
2933 1653 3289 1711 metuendum
3331 1653 3534 1724 proeli:

1954 1744 2072 1810 vis,
2125 1755 2182 1802 et
2217 1745 2489 1816 ejusmodi
2543 1762 2665 1817 qum
2708 1746 3005 1802 admodum
3057 1745 3216 1801 facile
3265 1743 3558 1799 deterreri

1959 1836 2153 1907 possit,
2187 1837 2367 1892 anima
2396 1837 2637 1894 hominis
2673 1844 2758 1894 est
2786 1845 2914 1894 ante
2961 1852 3181 1894 sacrum
3227 1836 3499 1908 baptisma
3519 1855 3558 1890 :~

1962 1933 2037 1991 at,
2070 1926 2115 1981 si
2141 1927 2254 1998 jam
2284 1924 2429 1983 facta
2451 1928 2572 2001 ejus
2610 1929 2800 2000 gratiae
2836 1943 3079 1999 compos,
3116 1927 3269 1984 illam
3312 1943 3381 1982 ex
3425 1926 3536 1982 alto

1960 2016 2222 2073 virtutem
2260 2017 2452 2074 induta
2475 2019 2663 2087 fuerit,
2700 2026 2817 2076 tum
2859 2035 2991 2076 vero
3029 2019 3329 2076 fortissime
3390 2018 3538 2075 obsié

1960 2115 2069 2163 stet
2090 2108 2345 2179 persequi
2378 2110 2751 2181 cupientibus,
2784 2127 2849 2168 ac
2888 2120 3111 2169 strenue
3144 2112 3429 2184 pugnabit;
3460 2110 3539 2167 fa-

1961 2199 2165 2255 cillime
2189 2216 2408 2272 quoque
2439 2201 2705 2272 impetum
2732 2203 2977 2259 hostium
3008 2204 3286 2269 retundet,
3316 2201 3538 2263 Christo

1963 2298 2079 2345 tum
2116 2290 2275 2357 duce,
2317 2298 2432 2346 tum
2469 2300 2898 2364 propugnatore.
2936 2293 3129 2364 Neque
3175 2294 3324 2350 enim
3379 2293 3561 2349 aliter-

1963 2397 2127 2452 quam
2156 2383 2260 2438 hac
2284 2399 2392 2438 una
2424 2383 2635 2440 ratione
2663 2383 2979 2455 superiores
2993 2386 3220 2441 erimus.

2033 2577 2231 2632 PALL.
2257 2570 2404 2633 'Vide
2450 2577 2619 2649 igitur
2660 2577 2865 2648 quibus
2898 2578 3005 2635 hoc
3030 2576 3222 2634 'etiam
3277 2579 3571 2650 exemplis.

1963 2669 2391 2725 confirmaturus
2425 2670 2540 2737 sis;
2568 2685 2749 2742 neque
2786 2670 2935 2726 enim
2966 2686 3159 2726 eorum
3199 2671 3412 2743 copiam
3441 2671 3541 2727 tibi

1964 2758 2272 2815 defuturam
2301 2767 2456 2830 puto.

2031 2849 2191 2906 CYR.
2226 2849 2657 2921 Quamplurimis
2692 2850 2749 2907 id
2776 2851 3000 2923 quidem
3025 2853 3291 2924 exemplis
3318 2853 3546 2910 demon-

1965 2946 2141 2996 strare
2187 2940 2446 3010 perfacile
2494 2952 2612 3012 est;
2672 2951 3089 3011 verumtamen,
3124 2945 3364 3016 primum
3409 2945 3544 3000 illud

1966 3030 2092 3097 erit,
2127 3030 2275 3101 quod
2296 3039 2353 3087 et
2377 3032 2689 3101 proximum
2716 3039 2820 3099 est,
2860 3038 2918 3089 et
2949 3034 3065 3103 ipse
3093 3034 3305 3107 Moyses
3345 3033 3545 3089 litteris

1968 3120 2281 3176 mandavit:
2310 3122 2405 3192 qui
2437 3122 2586 3176 enim
2614 3123 2732 3178 solo
2773 3133 2999 3193 aspectu
3036 3122 3413 3195 Egyptiorum
3443 3123 3543 3179 de-

290 3211 495 3279 έϐησαν
546 3209 975 3276 θάλασσαννκαὶ
1021 3213 1113 3267 τδν
1150 3211 1245 3265 τοῦ
1291 3211 1448 3280 ἀγίου
1497 3212 1862 3282 βαπτίσματος

1973 3209 2306 3280 sponderant
2353 3210 2586 3276 animos,
2633 3220 2823 3282 postea
2882 3228 3047 3282 quam
3098 3212 3349 3269 Rubrum
3395 3228 3545 3268 mare

289 3304 560 3377 ἐπλήρουν
589 3303 761 3357 τύπον
787 3304 1228 3376 (ἐϐαπτίσθησαν
1251 3305 1382 3377 γὰρ,
1411 3305 1596 3376 φησὶν,
1631 3307 1711 3368 εἰς
1740 3305 1868 3359 Μω-

292 3392 429 3456 σέα,
460 3391 715 3465 καθάπερ
760 3392 858 3446 καὶ
891 3393 921 3445 ό
960 3395 1123 3463 σοφὸς
1167 3394 1370 3466 γράφει
1416 3384 1660 3458 Παῦλος,
1705 3395 1764 3447 ἐν
1800 3396 1868 3465 τῇ

291 3482 487 3555 νεφέλῃ
514 3482 608 3537 καὶ
627 3483 689 3537 ἐν
707 3485 773 3554 τῇ
792 3483 1077 3557 θαλάσσῃ),
1118 3486 1343 3557 μάχιμοί
1363 3505 1422 3541 τε
1454 3488 1552 3560 ἤδη
1586 3489 1679 3542 καί¹
1711 3487 1872 3542 δεινοὶ

293 3573 431 3644 πρὸς
458 3573 773 3629 ἀντίστασιν
802 3577 1175 3633 ἀνεδείκνυντο
1193 3582 1307 3643 τοῖς
1331 3580 1566 3651 ἐχθροῖς,
1595 3580 1735 3652 πλὴν
1785 3579 1873 3635 διά

292 3664 549 3736 Χριστοῦ.
582 3666 899 3739 Γέγραπται
931 3670 988 3723 δέ
1011 3668 1206 3732 οὕτως’
1257 3687 1276 3720 ι
1316 3666 1493 3724 Ἦλθε
1518 3672 1576 3725 δέ
1618 3670 1871 3744 Ἀμαλὴκ

294 3757 389 3811 καὶ
433 3757 694 3828 ἐπολέμει
749 3760 967 3831 Ἰσραὴλ
1004 3761 1063 3813 ἐν
1106 3760 1347 3830 Ῥαφδίν.
1391 3757 1541 3822 Εἴπε,
1569 3763 1627 3816 δὲ
1667 3763 1873 3834 Μωσῆς

293 3847 373 3920 τῷ
419 3847 631 3920 Ἰησοῦ*
668 3848 947 3918 Ἐπίλεξαι
982 3851 1194 3924 σεαυτῷ
1222 3852 1424 3923 ἀνδρας
1453 3853 1741 3918 δυνατοὺς,
1779 3856 1873 3909 καὶ

295 3945 528 4011 ἐξελθὼν
572 3945 884 4016 παράταξαι
931 3945 1009 4017 τῷ
1055 3946 1303 4018 Ἀμαλὴκ
1350 3944 1575 4018 αὔριον·
1621 3947 1717 4002 καὶ
1765 3948 1891 4002 ἰδοὺ.

299 4037 407 4106 ἐγὼ
437 4036 651 4107 ἕστηκα
674 4036 767 4090 ἐπὶ
788 4037 888 4108 τῆς
923 4037 1172 4109 κορυφῆς
1240 4037 1335 4090 τοῦ
1361 4036 1570 4108 βουνοῦ,
1601 4037 1750 4110 καὶὴ
1782 4040 1876 4108 ῥά-

297 4128 418 4193 ϐδος
439 4125 537 4182 τοῦ
565 4126 701 4181 Θεοῦ
726 4130 783 4181 ἐν
809 4130 875 4200 τῇ
906 4128 1050 4200 χειρί
1079 4146 1201 4200 μου.
1225 4130 1336 4184 Καὶ
1358 4130 1612 4201 ἐποίησεν
1651 4130 1875 4202 Ἰησοῦς,

300 4217 553 4289 καθάπερ
577 4215 726 4287 αὒτῷ
750 4213 871 4270 εἰπε
891 4216 1119 4289 Μωσῆς,
1144 4218 1238 4272 καὶ
1264 4216 1499 4283 ἐξελθὼν
1528 4221 1877 4292 παρετάξατο

300 4307 376 4378 τῷ
412 4307 661 4379 ’Δμαλήκ
680 4322 694 4337 ’
717 4307 810 4360 καὶ
839 4307 1074 4376 Μωσῆς,
1108 4308 1203 4361 καὶ
1252 4307 1484 4379 Ἀαρὼν,
1514 4310 1608 4364 καὶ
1635 4311 1736 4383 Ὥρ
1783 4311 1879 4364 ἀν-

1974 3301 2328 3370 trajecerunt,
2353 3315 2416 3356 ac
2442 3300 2618 3356 sancti
2651 3301 2997 3371 baptismatis
3031 3300 3261 3374 figuram
3296 3302 3550 3377 expleve-

1971 3398 2101 3446 runt
2132 3390 2418 3463 (baptizati
2448 3406 2684 3462 namque
2709 3400 2836 3447 sunt
2870 3392 2928 3447 in
2953 3391 3193 3465 Moysen,
3236 3399 3299 3447 ut
3328 3391 3548 3463 sapien-

1973 3483 2179 3539 tissime
2199 3482 2392 3539 scribit
2417 3484 2697 3550 Paulus“,
2724 3483 2782 3538 in
2825 3484 2940 3555 88
2980 3485 3128 3540 nube
3169 3492 3227 3539 et
3267 3484 3324 3539 in
3360 3483 3547 3556 mari),

1972 3574 2142 3630 fortes
2168 3576 2280 3646 jam
2312 3590 2376 3629 ac
2409 3583 2665 3631 strenuos
2689 3591 2746 3630 se
2776 3576 2844 3630 ad
2884 3576 3249 3632 resistendum
3296 3576 3548 3633 hostibus

1972 3665 2361 3735 praebuerunt;
2413 3681 2524 3721 non
2574 3674 2755 3721 tamen
2798 3666 2917 3721 sine
2956 3664 3196 3725 Christo.
3246 3665 3336 3722 Sic
3399 3668 3547 3722 enim

1975 3758 2242 3828 scripturn
2267 3766 2351 3813 est
2375 3776 2388 3811 :
2431 3758 2621 3815 «Venit
2645 3767 2829 3814 autem
2860 3758 3101 3824 Amalec,
3124 3765 3180 3813 et
3201 3761 3549 3830 oppugnabat

1975 3850 2140 3905 Israel
2162 3850 2220 3904 in
2247 3850 2562 3921 Raphidim.
2602 3851 2749 3907 Dixit
2782 3859 2964 3928 autem
2986 3850 3196 3924 Moyses
3215 3851 3408 3906 Iosue:
3439 3850 3550 3909 Eli-

1976 3958 2041 4013 ge
2075 3942 2173 3998 tibi
2203 3941 2356 3998 viros
2382 3950 2654 4014 potentes,
2682 3949 2738 3997 et
2766 3957 3018 4014 egressus
3058 3942 3395 4014 congredere
3423 3957 3550 3998 cum

1976 4035 2197 4090 Amalec
2229 4051 2383 4102 cras;
2418 4043 2616 4091 eteccc
2647 4051 2748 4106 ego
2776 4034 2933 4090 stabo
2968 4034 3025 4093 in
3049 4036 3251 4094 vertice
3284 4035 3461 4099 collis,
3495 4043 3552 4089 et

1976 4124 2125 4195 virga
2155 4125 2252 4180 Dei
2292 4124 2347 4179 in
2383 4141 2549 4181 manu
2571 4140 2711 4180 mea.
2752 4125 2820 4180 Et
2845 4124 2975 4180 fecit
2999 4124 3186 4192 Josue,
3226 4127 3368 4180 sicut
3414 4125 3554 4179 dixit

1979 4216 2032 4271 ei
2062 4216 2292 4288 Moyses,
2320 4224 2376 4270 et
2399 4217 2589 4272 exiens
2633 4231 2959 4287 congressus
3008 4223 3094 4271 est
3126 4231 3252 4271 cum
3295 4216 3549 4271 Amalec:

1981 4318 2037 4364 et
2067 4309 2277 4381 Moyses
2298 4318 2354 4364 et
2382 4309 2563 4363 Aaron
2585 4316 2642 4363 et
2673 4309 2788 4363 IIur
2813 4307 3179 4362 ascenderunt
3209 4307 3266 4361 in
3290 4307 3551 4362 verticem

304 4398 503 4468 έϐησαν
523 4397 618 4451 ἐπὶ
635 4396 732 4469 τὴν
762 4396 1002 4468 κορυφὴν
1025 4396 1119 4450 τοῦ
1143 4398 1470 4468 βουνοῦ.Καὶ
1497 4401 1728 4470 ἐγίνετο,
1754 4401 1862 4455 bra:

1984 4399 2157 4455 collis.
2187 4401 2254 4454 Et
2284 4399 2489 4453 factum
2513 4406 2616 4463 cst,
2648 4396 2868 4467 quando
2911 4397 3163 4452 elevabat
3201 4397 3411 4470 Moyses
3436 4414 3555 4453 ma-

304 4488 473 4561 ἐπῆρε
497 4488 704 4559 Μωσῆς
726 4488 825 4551 τὰς
849 4489 1034 4559 χεῖρας
1072 4489 1364 4561 κατίσχυεν
1400 4491 1635 4563 Ἰσραὴλ,
1669 4493 1796 4546 ὅταν
1823 4492 1862 4546 δί

1984 4506 2110 4554 nus,
2146 4490 2476 4559 praevalebat
2499 4489 2698 4555 Israel;
2744 4487 2965 4557 quando
3015 4494 3197 4542 autem
3243 4486 3557 4544 remittebat

305 4579 509 4649 καθῆκε
532 4579 632 4643 τὰς
665 4581 871 4651 χεῖρας,
901 4582 1191 4652 κατίσχυεν
1233 4561 1498 4662 Ἀμαλῄκ.
1525 4561 1669 4637 Αἰδέ
1698 4586 1862 4654 χεῖρες

1984 4596 2198 4647 manus,
2242 4579 2576 4650 praevalebat
2620 4579 2862 4634 Amalec.
2917 4577 3107 4635 Manus
3149 4587 3334 4635 autem
3385 4580 3553 4653 Moysi

308 4670 477 4740 Μωσῆ
497 4668 732 4741 βαρεῖαι,
746 4671 841 4723 καὶ
861 4669 1112 4734 λαϐόντες
1125 4670 1270 4724 λίθον
1295 4670 1572 4742 ἐπέθηκαν
1592 4672 1683 4724 ὑπ’
1698 4673 1858 4726 αὐτὸν

1980 4686 2171 4743 graves
2192 4680 2379 4725 erant:
2413 4678 2469 4725 et
2501 4669 2836 4740 accipientes
2872 4669 3129 4740 lapidem,
3154 4682 3559 4749 supposuerunt

310 4760 398 4815 καὶ
413 4760 648 4831 ἐκάθητο
659 4761 746 4813 ἐπ’
775 4760 960 4827 αὐτοῦ,
979 4761 1072 4815 καὶ
1104 4760 1334 4834 Ἀαρὼν,
1367 4763 1460 4815 καὶ
1482 4764 1581 4834 Ὦρ
1600 4763 1862 4834 ἐστήριζο·

1981 4761 2084 4816 sub
2110 4777 2197 4826 eo,
2224 4767 2281 4815 et
2309 4760 2453 4815 sedit
2484 4774 2652 4830 super
2673 4775 2822 4827 eum,
2860 4767 2916 4816 et
2942 4760 3123 4817 Aaron
3164 4772 3223 4818 et
3268 4763 3386 4819 Hur
3434 4779 3558 4824 sus-

309 4853 400 4918 τὰς
442 4856 635 4926 χεῖρας
670 4853 868 4919 αὐτοῦ,
897 4854 1148 4911 ἐντεῦθεν
1180 4851 1294 4922 εἷς,
1344 4860 1438 4911 καὶ
1471 4857 1719 4912 ἐντεῦθεν
1762 4854 1844 4923 εἷς

1984 4852 2270 4908 tentabant
2298 4868 2494 4907 manus
2520 4853 2661 4922 ejus,
2690 4851 2821 4908 hinc
2845 4869 3008 4919 unus,
3037 4863 3095 4909 et
3126 4854 3258 4910 hinc
3295 4854 3463 4912 alter:
3503 4865 3561 4911 et

310 4946 400 5000 καὶ
424 4946 668 5016 ἐγίνοντο
711 4948 767 5000 αἰ
804 4949 983 5019 χεῖρες
1016 4950 1186 5020 Μωσῇ
1220 4950 1610 5022 ἐστηριγμέναι
1652 4952 1756 5018 ἕως
1795 4953 1862 5006 δυ

1984 4946 2209 5001 fuerunt
2232 4960 2425 5000 manus
2445 4944 2615 5017 Moysi
2640 4952 2958 5002 sustentatae
2979 4962 3154 5018 usque
3187 4947 3256 5009 ad
3304 4962 3559 5003 occasum

310 5027 480 5109 σμῶν’
508 5038 663 5108 ἡλίου
688 5054 702 5069 ’
758 5038 850 5092 καὶ
889 5037 1153 5110 ἐτρέψατο
1203 5041 1408 5111 Ἰησοῦς
1441 5042 1532 5095 τὸν
1592 5043 1840 5114 Ἀμαλὴκ

1987 5038 2147 5092 solis:
2176 5046 2232 5092 et
2264 5036 2470 5107 fugavit
2496 5037 2658 5093 Josue
2689 5034 2910 5093 Amalec
2947 5047 3003 5092 et
3046 5053 3262 5093 omnem
3297 5039 3557 5107 populum

310 5129 401 5181 καὶ
437 5127 614 5182 πάντα
649 5126 741 5179 τὸν
781 5125 907 5179 λαὸν
936 5126 1100 5181 αὑτοῦ
1148 5129 1206 5180 ἐν
1239 5129 1383 5199 φόνῳ
1418 5130 1710 5202 μαχαίρας.
1745 5126 1862 5184 Εῖπι

1987 5128 2107 5196 ejus
2142 5125 2200 5180 in
2239 5123 2513 5180 occisione
2552 5123 2737 5194 gladii.
2787 5122 2935 5178 Dixit
2974 5130 3156 5178 autem
3189 5122 3455 5177 Dominus
3492 5121 3573 5175 ad'

310 5220 365 5274 δέ
394 5220 601 5293 Κύριος
630 5219 767 5292 πρὸς
790 5219 995 5288 Μωσῆν
1018 5234 1032 5249 ⁸
1058 5219 1424 5290 Κατάγραψον
1457 5219 1616 5275 τοῦτο
1642 5223 1720 5286 εἰς
1745 5239 1862 5293 μνη

1990 5218 2252 5289 Moysen:
2294 5213 2484 5271 Scribe
2510 5215 2615 5270 hoc
2639 5214 2707 5269 ad
2747 5213 3070 5269 memoriam
3112 5211 3347 5276 inlibro,
3383 5218 3440 5267 et
3469 5211 3563 5266 da-

315 5312 545 5383 μόσυνον
576 5312 634 5364 ἐν
669 5309 859 5381 βιϐλίῳ
883 5350 898 5374 ,
931 5309 1025 5362 καὶ
1063 5310 1150 5373 δὸς
1183 5311 1263 5374 εἰς
1289 5310 1360 5363 τὰ
1383 5304 1499 5366 ὦτα
1557 5311 1732 5383 Ἰησοῦ
1757 5357 1772 5379 ,
1800 5314 1858 5367 ὂτ

1989 5309 2076 5365 bis
2111 5310 2165 5364 in
2194 5323 2351 5364 aures
2382 5307 2549 5363 Josue
2573 5324 2588 5373 ;
2638 5306 2898 5375 quoniam
2919 5302 3192 5357 deletione
3220 5300 3415 5357 delebo
3444 5319 3562 5357 ωε·-

315 5401 508 5473 ἀλοιφῇ
531 5400 797 5470 ἐξαλείψω
836 5397 898 5453 τὸ
927 5399 1266 5469 μνημόσυνον
1300 5399 1545 5471 Ἀμαλὴκ
1565 5402 1629 5454 ἐκ
1646 5402 1748 5472 τῆς
1778 5402 1862 5455 ύπὲ

1983 5402 2212 5457 moriam
2238 5400 2457 5455 Amalec
2496 5398 2565 5453 de
2594 5397 2698 5452 sub
2727 5396 2886 5450 coelo.
2926 5394 2996 5448 Et
3028 5391 3318 5447 aedificavit
3354 5393 3565 5466 Moyses

316 5494 405 5548 τὸν
448 5492 696 5565 οὐρανόν.
740 5492 851 5545 Καὶ
894 5491 1209 5562 ᾠκοδόμησε
1246 5492 1451 5563 Μωσῆς
1500 5493 1862 5565 θυσιαστήρια

1983 5493 2155 5548 altare
2184 5490 2433 5555 Domino,
2487 5496 2543 5543 et
2591 5486 2808 5543 vocavit
2854 5499 3055 5539 nomen
3116 5484 3252 5555 ejus,
3301 5484 3566 5540 Dominus

318 5585 390 5656 τῷ
428 5585 654 5657 Κυρίῳ,
687 5583 781 5638 καὶ
814 5582 1138 5653 ἐπωνόμασε
1166 5582 1227 5636 τὸ
1262 5583 1430 5654 ὄνομα
1467 5584 1654 5650 αὐτοῦ,
1680 5586 1862 5657 Κύριοι

1987 5584 2260 5655 refugium
2304 5596 2526 5646 meum;
2554 5577 2813 5648 quoniam
2854 5576 2910 5631 in
2933 5591 3098 5630 manu
3122 5575 3335 5629 occulta
3366 5582 3568 5646 pugnat

321 5677 607 5748 καταφυγή
640 5692 762 5744 μου,
798 5676 879 5728 ὅτι
901 5675 960 5726 ἐν
988 5674 1129 5744 χειρὶ
1161 5674 1404 5745 κρυφαία
1426 5674 1652 5745 πολεμεῖ
1682 5677 1862 5747 Κύριοη

1988 5677 2251 5731 Dominus
2275 5680 2464 5729 contra
2493 5671 2713 5730 Amalec
2743 5688 2774 5728 a
2815 5667 3259 5742 generationibus
3299 5668 3356 5722 in
3401 5681 3568 5737 genc‘

320 5767 412 5820 ἐπὶ
451 5765 698 5838 Ἀμαλὴκ
733 5764 839 5818 ἀπὸ
861 5764 1061 5832 γενεῶν
1093 5766 1171 5826 εἰς
1205 5766 1412 5833 γενεάς.
1455 5786 1472 5817 ι

1989 5769 2232 5823 rationes
2250 5768 2313 5818 ‘5.
2352 5785 2369 5818 ι

382 5880 426 5913 ⁸³
457 5879 629 5937 Exod.
661 5893 768 5949 xlv,
832 5878 914 5935 i2.
991 5877 1033 5913 οδ
1091 5877 1108 5933 Ι
1140 5877 1264 5934 Cor.
1318 5896 1368 5947 χ,
1405 5879 1455 5933 "2.
1538 5881 1581 5911 ‘5
1620 5881 1790 5938 Exod.
1824 5899 1948 5952 xm,
1977 5882 2120 5936 8—16.
