4082 6304
518 410 624 445 9'79:

527 417 624 467 ἴξΞὶ
1571 419 1626 474 S.
1669 419 1944 475 CYRILLI
1977 417 2446 476 ALEXANDRINI
2484 422 2800 479 ARCHIEP.

3658 431 3752 484 276

592 530 786 584 PALL.
831 531 896 584 Et
929 533 1181 601 quisnam
1225 544 1308 589 est
1349 537 1514 608 hujus
1539 536 1822 606 scriptura:
1858 539 2089 594 sensus?

2263 539 2471 593 HAAA.
2514 541 2624 593 Kal.
2661 540 2743 604 τίς
2788 539 2854 595 ἂν
2899 539 3106 609 γένοιτο
3152 539 3258 595 τῶν
3305 542 3749 615 γεγραμμένωνὸ

484 696 488 701 ν
520 631 700 689 neque
726 621 874 674 enim
903 623 1035 676 satis
1068 621 1332 696 intelligo.

588 713 744 766 ΟΥΕ.
769 711 954 782 Atqui,
985 723 1044 768 ut
1077 715 1292 786 opinor,
1328 718 1465 772 nihil
1494 719 1710 776 diﬂicile
1740 729 1822 776 est
1853 721 2090 792 inspice-

523 819 581 857 re
609 804 952 871 volentibus;
980 823 1103 862 nam
1134 809 1180 862 si
1211 811 1412 881 cogitet
1450 814 1721 884 quispiam
1762 823 2091 885 praeceptum

520 911 639 949 esse
667 911 697 948 a
726 896 906 968 Moyse
948 900 1132 964 Josue,
1173 902 1304 970 quid
1353 904 1501 958 aliud
1547 906 1810 976 suSpicari
1869 905 2089 976 poterit,

522 1000 685 1052 quam
712 986 846 1040 illud
873 990 1117 1055 omnino,
1148 993 1314 1062 quod,
1340 1010 1464 1048 cum
1489 997 1729 1050 Verbum
1759 1004 1904 1051 esset
1926 998 2089 1064 Deus,

521 1073 725 1129 factum
754 1087 838 1132 est
870 1081 973 1134 sub
1001 1081 1137 1152 lege,
1171 1084 1315 1152 quod
1348 1086 1413 1139 ad
1440 1086 1796 1142 humanitatis
1845 1087 2092 1142 habitum

523 1167 781 1236 pertinet,
811 1184 874 1224 ac
907 1171 1186 1227 subditum
1223 1175 1456 1244 quodam
1490 1177 1653 1231 modo
1678 1178 1841 1249 Moysi
1873 1178 2095 1232 manda-

529 1258 630 1324 tis;
666 1260 830 1331 idque
879 1265 1130 1332 pluribus
1177 1269 1373 1334 modis,
1420 1286 1569 1324 nunc
1617 1271 2096 1325 circumcisionem

528 1349 814 1417 perferens
850 1371 970 1409 eam
1021 1374 1140 1427 quae
1186 1369 1270 1414 est
1315 1362 1615 1416 secundum
1671 1377 1910 1427 carnem,
1947 1377 2096 1416 nunc

528 1439 849 1499 didrachma
877 1447 1128 1515 solvens;
1160 1459 1424 1520 prasterea
1461 1467 1600 1520 cum_
1631 1451 1699 1506 iis
1731 1451 1827 1521 qui
1852 1452 1954 1506 sub
1977 1452 2095 1522 lege

526 1542 703 1598 erant,
733 1543 988 1606 tanquam
1017 1540 1120 1594 sub
1158 1540 1277 1611 lege
1322 1551 1486 1607 esset,
1522 1557 1581 1597 se
1612 1556 1997 1606 annumerans,
2037 1551 2093 1595 et

527 1625 869 1693 apertissime
897 1629 1123 1686 dicens:
1168 1652 1186 1683 ‹
1225 1633 1344 1688 Non
1381 1635 1504 1689 veni
1526 1635 1737 1689 solvere
1774 1635 1969 1705 legem,
2001 1634 2097 1688 sed

527 1711 903 1786 adimplere”.
941 1739 958 1770 ι
1005 1720 1228 1788 Verum,
1279 1725 1383 1778 etsi
1440 1724 1642 1779 factum
1686 1733 1769 1779 est
1822 1725 1924 1779 sub
1979 1725 2098 1794 lege

2191 632 2344 697 νοῦς;
2374 632 2592 705 συνίημι
2618 633 2726 706 γὰρ
2757 634 2818 687 οὗ
2847 633 3072 704 σφόδρα.

2257 723 2423 778 ΚΥΡ,
2464 725 2575 778 Καὶ
2622 725 2748 796 μὴν,
2790 725 2866 789 ὡς
2903 720 3140 796 έγῷμαι,
3184 725 3421 796 χαλεπὸν
3466 725 3614 778 οὐδὲν
3649 728 3750 790 τοῖς

2191 812 2464 869 ἐθέλουσιν
2515 815 2678 870 ἰδεῖν·
2723 818 3190 888 προσταττόμενον
3225 817 3336 888 γὰρ
3376 817 3481 870 ὑπὸ
3520 817 3749 881 Μωσέως

2192 908 2453 978 ἐννοήσας
2501 907 2728 978 Ἰησοῦν,
2765 909 2819 962 τί
2856 909 2921 963 ἂν
2961 909 3146 978 ἕτερον
3171 908 3515 978 ὑποτοπήσαι
3548 924 3628 969 τις
3658 907 3746 969 ἂν,

2192 999 2226 1068 ἢ
2267 999 2442 1052 ἐκεῖνό
2475 1016 2577 1053 που
2606 1001 2840 1064 πάντως,
2871 1001 2952 1072 ὅτι
2990 1000 3121 1064 Θεὸς
3150 999 3226 1053 ὢν
3263 1000 3291 1052 6
3321 999 3515 1067 Λόγος,
3547 997 3750 1065 γέγονεν

2191 1089 2294 1143 ὑπὸ
2323 1090 2510 1158 νόμον,
2535 1090 2677 1144 κατά
2701 1107 2762 1158 γε
2782 1091 2844 1142 τὸ
2865 1093 2963 1162 τῆς
2990 1090 3086 1144 ἀνθ
3096 1091 3412 1163 ρωπότητος
3437 1092 3637 1161 σχῆμα,
3669 1091 3753 1142 καὶ

2193 1179 2468 1252 ὑπετάχθη
2515 1181 2712 1251 τρόπον
2775 1180 2895 1234 τινὰ
2942 1184 3063 1244 ταῖς
3103 1181 3192 1235 διὰ
3236 1181 3483 1244 Μωσέως
3529 1182 3754 1246 ἐντολαῖς

2195 1269 2338 1324 κατά
2377 1271 2670 1342 διαφόρους
2715 1272 2950 1343 τρόπους
2979 1313 2992 1332 ,
3048 1266 3148 1327 ὦδε
3193 1273 3292 1343 μὲν
3344 1272 3631 1343 ὑπομένων
3669 1274 3755 1345 τὴν

2195 1358 2336 1412 κατὰ
2372 1358 2549 1428 σάρκα
2600 1362 2921 1432 περιτομὴν,
2950 1354 3051 1414 ὧδε
3080 1361 3138 1413 δὲ
3167 1360 3236 1413 τὰ
3275 1359 3551 1432 δίδραχμα
3579 1361 3752 1424 τελῶν,

2198 1449 2292 1500 καὶ
2320 1451 2429 1512 τοῖς
2462 1449 2566 1502 ὑπὸ
2597 1450 2759 1520 νόμον
2793 1451 2867 1512 ὡς
2916 1450 3019 1503 ὑπὸ
3043 1449 3206 1520 νόμον
3240 1447 3755 1518 συγκαθιστάμενος,

2194 1536 2368 1604 λέγων
2397 1554 2456 1590 τε
2488 1537 2670 1608 σαφῶς
2693 1553 2706 1569 ·
2739 1556 2759 1589 ι
2794 1540 2906 1592 Οὐκ
2929 1534 3090 1610 ἦλθον
3131 1535 3435 1590 καταλῦσαι
3463 1538 3553 1590 τὸν
3587 1537 3755 1605 νόμον,

2197 1627 2335 1681 ἀλλὰ
2361 1628 2665 1700 πληρῶσαι.
2696 1648 2715 1681 ι
2760 1630 2898 1682 Ἀλλ’
2923 1631 2971 1682 εί
3001 1629 3094 1684 ml.
3117 1629 3344 1698 γέγονεν
3374 1628 3481 1682 ὑπὸ
3502 1628 3659 1698 νόμον
3680 1626 3760 1679 διὰ

2198 1721 2258 1772 τὸ
2297 1719 2664 1792 ἀνθρώπινον,
2719 1721 2832 1775 ἀλλ’
2873 1718 2942 1793 ἦν
2980 1723 3074 1775 καὶ⁹
3109 1721 3250 1775 οὕτω
3280 1719 3418 1782 Θεός
3443 1761 3457 1782 ,
3488 1719 3672 1788 Σωτήρ
3705 1734 3756 1770 τε

528 1814 752 1875 propter
785 1808 1080 1866 humanam
1139 1824 1414 1880 naturam,
1468 1826 1650 1872 tamen
1700 1826 1814 1873 tum
1876 1833 2094 1888 quoque

2202 1811 2292 1864 ml
2327 1811 2623 1882 Λυτρωτὴς
2659 1812 2857 1876 παντὸς
2881 1812 2974 1867 τοῦ
3012 1811 3164 1867 λαοῦ.
3210 1809 3632 1879 Ἐπιλεξάμενος
3660 1808 3759 1879 γὰρ

529 1893 674 1950 Deus
703 1905 841 1964 erat,
867 1900 1210 1974 salvatorque
1239 1921 1303 1960 ac
1348 1907 1660 1977 redemptor
1701 1908 1940 1963 universi
1991 1924 2092 1978 po-

2202 1900 2258 1952 ὲκ
2295 1899 2493 1964 παντὸς
2528 1900 2622 1953 τοῦ
2656 1899 2785 1954 λαοῦ
2822 1900 3031 1971 Ἰσραὴλ
3055 1941 3068 1965 ,
3111 1901 3205 1954 καὶ
3242 1902 3309 1953 ἐκ
3344 1897 3546 1962 παντὸς
3589 1897 3761 1960 ἔθνους

528 1985 665 2053 puli.
692 1987 827 2042 Nam
861 2005 985 2044 eum
1036 2008 1102 2047 ex
1147 1995 1404 2050 universo
1451 1998 1652 2066 populo
1686 1998 1873 2062 Israel,
1915 2006 1972 2053 et
2027 2013 2095 2052 ex

528 2075 678 2128 omni
710 2085 870 2147 gente
907 2079 1058 2135 viros
1111 2089 1361 2152 potentes
1401 2083 1671 2153 elegisset,
1721 2093 1956 2148 sanctos,
2009 2083 2096 2137 in-

529 2178 712 2232 quam,
744 2169 1037 2237 apostolos,
1067 2181 1122 2225 et
1148 2187 1242 2227 eos
1281 2173 1371 2243 qui
1409 2189 1501 2244 per
1527 2172 1688 2227 ﬁdem
1730 2173 1903 2227 vocati
1949 2181 2094 2238 sunt,

527 2253 641 2324 89
666 2256 868 2325 quibus
896 2267 1042 2313 recte
1081 2259 1190 2313 dici
1245 2260 1414 2329 possit
1449 2279 1460 2312 :
1491 2278 1508 2311 ι
1558 2260 1666 2314 Vos
1703 2269 1884 2314 autem
1927 2275 2098 2329 genus

528 2346 784 2412 electum,
818 2349 998 2419 regale
1038 2351 1404 2405 sacerdotium
1424 2391 1437 2417 ,
1465 2367 1598 2422 gens
1625 2360 1833 2414 sancta,
1863 2349 2098 2420 populus

529 2439 986 2508 acquisitionis",
1017 2464 1034 2494 ι
1081 2460 1188 2498 una
1228 2460 1351 2499 cum
1375 2445 1461 2500 his
1495 2460 1822 2515 congressus
1851 2453 1934 2499 est
1972 2460 2097 2498 eum

528 2531 693 2601 hujus
731 2533 922 2587 mundi
953 2535 1244 2606 principe;
1285 2537 1354 2591 de
1385 2553 1494 2606 quo
1527 2537 1604 2590 ait
1639 2537 1884 2590 omnium
1910 2536 2098 2590 Domi-

526 2635 633 2675 nus
673 2621 762 2676 ille
809 2622 925 2692 ipse
968 2625 1061 2694 qui
1101 2626 1286 2680 omnia
1331 2626 1537 2682 vincit:
1579 2644 1596 2674 ι
1632 2627 1790 2680 Nunc
1828 2625 2096 2696 judicium

528 2720 613 2766 est
639 2714 821 2768 saeculi
848 2714 1031 2785 hujus,
1055 2732 1204 2772 nunc
1230 2717 1483 2786 princeps
1524 2718 1714 2771 mundi
1739 2718 1898 2787 hujus
1918 2718 2101 2788 ejicie-

528 2809 620 2856 tur
646 2803 794 2858 foras
811 2805 875 2858 ⁸⁸.
895 2824 913 2856 ι
957 2807 1131 2862 Donat
1165 2807 1330 2862 etiam
1363 2822 1560 2862 corona
1591 2808 1810 2864 divinus
1833 2808 1918 2862 vir
1940 2808 2102 2863 Joan—

529 2907 629 2948 nes
655 2896 917 2964 przeclaro
947 2897 1038 2952 illo
1075 2913 1176 2953 suo
1204 2898 1462 2971 suffragio
1489 2915 1583 2954 eos
1607 2899 1700 2969 qui
1727 2915 1852 2954 cum
1884 2898 2002 2968 ipso
2044 2907 2101 2953 et

529 3000 630 3054 per
661 2986 840 3056 ipsum
872 2989 1141 3056 vicerunt,
1189 3010 1207 3043 ι
1241 2989 1455 3057 Scribo,
1487 3012 1505 3043 ι
1540 2991 1795 3061 inquiens
1816 3031 1830 3056 ,
1872 3011 1890 3042 ι
1919 2991 2096 3056 vobis,

526 3077 775 3146 iuvenes,
806 3080 951 3151 quod
978 3082 1146 3138 fortes
1173 3083 1326 3148 estis,
1350 3093 1407 3138 et
1434 3083 1644 3138 vicistis
1670 3084 1964 3155 malignum
1977 3083 2044 3136 εν.
2073 3103 2092 3135 ›

528 3166 724 3224 Annon
747 3187 936 3227 verum
959 3183 1044 3229 est
1071 3174 1217 3244 quod
1255 3175 1418 3230 dico?

599 3259 795 3317 PALL.
826 3263 1056 3320 Maxime
1086 3281 1237 3321 vero.

531 3443 664 3499 dum
689 3461 808 3499 esse
840 3446 978 3502 dixit
1005 3448 1214 3519 Moyses
1232 3451 1277 3481 9°
1303 3468 1313 3502 :
1353 3466 1532 3520 neque
1555 3451 1702 3505 enim
1735 3452 1853 3523 ejus
1898 3461 2106 3520 tempo-

533 3535 684 3588 ribus
706 3533 911 3590 Christi
941 3538 1201 3606 praaclara
1227 3547 1374 3608 gesta
1409 3541 1779 3611 contigerunt,
1824 3539 1919 3594 sed
1964 3547 2105 3593 tem—

531 3637 665 3692 pore
693 3628 1049 3695 consequenti
1079 3641 1143 3682 ac
1168 3629 1437 3698 proximo,
1468 3629 1524 3684 id
1551 3637 1656 3696 est.
1705 3639 1829 3701 post
1862 3631 2102 3702 Moysen,

533 3725 695 3786 atque
734 3725 856 3786 post
897 3718 1073 3790 legem
1125 3719 1365 3790 perfecta
1413 3730 1561 3777 sunt.
1605 3723 1743 3777 Tum
1803 3723 1859 3777 in
1911 3723 2104 3777 collem

533 3807 843 3876 quemdam,
873 3824 936 3864 ac
982 3811 1246 3865 verticem
1293 3813 1490 3866 tumuli
1536 3814 1819 3884 cujusdam
1862 3813 2108 3869 ascendit

535 3896 765 3967 Moyses,
793 3905 854 3949 ut
883 3897 1006 3950 inde
1035 3913 1273 3968 pugnam
1294 3907 1458 3968 atque
1491 3901 1665 3969 ipsius
1699 3903 1864 3958 Josue
1906 3902 1962 3955 in
2001 3918 2105 3971 pu-

534 3987 748 4057 gnando
773 3987 948 4042 felicia
977 3999 1125 4059 gesta
1149 3999 1438 4060 spectaret.
1473 3993 1691 4047 Attollit
1722 3994 1868 4048 enim
1894 3996 2106 4049 modice

534 4079 625 4133 illa
670 4091 889 4149 quoque
923 4080 1060 4151 legis
1095 4081 1406 4152 disciplina,
1443 4100 1616 4154 usque
1646 4100 1712 4138 eo
1746 4093 1805 4138 ut
1834 4085 2108 4154 possimus

533 4179 793 4240 tanquam
818 4171 1034 4226 eminus
1061 4172 1440 4242 imperatorias
1479 4174 1682 4229 Christi
1727 4176 1975 4231 actiones
2015 4193 2106 4231 as—

532 4262 732 4334 picere.
756 4263 981 4329 Deinde,
1012 4265 1294 4319 attollente
1315 4281 1510 4320 manus
1528 4265 1728 4337 Moyse,
1765 4266 1956 4321 fortior
1990 4277 2108 4322 erat

533 4355 722 4421 Israel;
741 4356 1378 4428 remittente,languebat
1393 4367 1449 4412 et
1469 4357 2070 4413 invalescebatAmalec
2089 4376 2102 4411 :

534 4435 710 4517 neque
728 4447 874 4501 enim
893 4465 922 4502 a
938 4447 1361 4518 diabolo,neque
1373 4464 1403 4502 a
1419 4448 1613 4518 quovis
1626 4449 1892 4504 aliohoste
1911 4465 2106 4520 quam-

531 4539 616 4592 vis
647 4540 990 4609 expugnandi
1021 4540 1378 4611 cupidissimo
1399 4540 1544 4595 vinei
1573 4541 1685 4596 ullo
1727 4541 1890 4597 modo
1928 4549 2108 4612 potest

2127 3299 2174 3360 Ω

601 3352 759 3408 CYR.
791 3355 1043 3411 Crastino
1066 3366 1249 3412 autem
1270 3358 1357 3414 die
1382 3375 1506 3414 cum
1552 3360 1709 3414 hoste
1740 3355 2128 3430 congredien-J

2195 1989 2394 2060 ἄνδρας
2416 1991 2697 2057 δυνατοὺς,
2727 1993 2868 2061 φημὶ
2902 1991 2960 2044 δὲ
2991 1991 3056 2063 δὴ
3079 1991 3238 2045 πάλιν
3257 1993 3388 2056 τοὺς
3408 1991 3596 2060 ἁγίους
3633 1990 3758 2042 ἀπο·-

2197 2083 2415 2146 στόλους
2469 2084 2563 2138 καὶ
2595 2087 2722 2149 τοὺς
2767 2085 2855 2138 διὰ
2903 2085 3132 2149 πίστεως
3165 2083 3562 2154 κεκλημένους,
3597 2077 3676 2144 οἷς
3699 2081 3758 2135 ἂν

2195 2174 2404 2244 λέγοιτο
2426 2178 2625 2242 καλῶς’
2665 2197 2683 2230 ι
2735 2179 2922 2248 Ὑμεῖς
2943 2178 3000 2231 δὲ
3019 2178 3173 2247 γένος
3193 2176 3474 2240 ἐκλεκτὸν,
3504 2173 3758 2245 βασίλειον

2201 2268 2530 2339 ἱεράτευμα,
2573 2270 2727 2335 ἔθνος
2780 2271 2964 2340 ἅγιον,
3015 2269 3140 2332 λαὸς
3191 2269 3271 2332 είς
3331 2266 3692 2337 περιποίησιν.
3735 2284 3752 2315 ι

2197 2361 2551 2430 Παρετὰξατο
2568 2363 2663 2416 σὺν
2685 2364 2867 2425 αὐτοῖς
2882 2362 2960 2433 τῷ
2974 2362 3194 2432 ἄρχοντι
3211 2359 3304 2413 τοῦ
3328 2358 3526 2419 αἰῶνος
3546 2358 3724 2410 τούτου
3741 2369 3754 2385 ·

2198 2454 2327 2524 περὶ
2355 2447 2416 2507 οὗ
2456 2472 2620 2525 φησιν
2669 2456 2697 2507 6
2737 2455 2957 2509 πάντων
2999 2453 3302 2520 δεσπότης,
3344 2449 3508 2512 αὐτὸς
3536 2450 3562 2501 6
3595 2447 3758 2500 πάντα

2198 2543 2362 2598 νικῶν
2395 2561 2410 2574 ·
2445 2564 2464 2597 ι
2499 2545 2613 2599 Νῦν
2657 2548 2841 2618 κρίσις
2874 2548 2991 2599 ἐστὶ
3015 2545 3113 2599 τοῦ
3151 2545 3351 2607 αἰῶνος
3378 2542 3589 2607 τούτου,
3617 2540 3704 2594 νῦν
3733 2539 3757 2591 6

2199 2635 2382 2706 ἄρχων
2414 2636 2508 2690 τοῦ
2536 2638 2732 2702 αἰῶνος
2764 2638 2954 2692 τούτου
2986 2638 3392 2708 ἐκϐληθήσεται
3413 2635 3547 2703 ἐξω.
3594 2650 3612 2684 ι
3644 2632 3758 2684 Στε-

2201 2729 2359 2795 φανοῖ
2386 2727 2441 2780 δὲ
2457 2727 2622 2799 ψήφῳ
2650 2730 2877 2801 λαμπρᾷ
2906 2730 3000 2783 καὶ
3025 2731 3149 2793 τοὺς
3178 2730 3274 2782 σὺν
3310 2726 3464 2797 αὑτῷ
3492 2743 3550 2778 τε
3581 2724 3670 2777 καὶ
3697 2721 3757 2774 δι’

2200 2817 2364 2871 αὐτοῦ
2414 2820 2741 2890 νικήσαντας
2787 2822 2816 2873 6
2854 2820 3137 2883 θεσπέσιος
3181 2819 3461 2888 Ἰωάννης*
3508 2833 3526 2866 ι
3573 2814 3759 2885 Γράφω

2201 2909 2350 2980 ὑμῖν,
2381 2928 2400 2961 ι
2434 2910 2587 2980 φησὶ,
2626 2925 2644 2962 ι
2663 2909 2953 2976 νεανίσκοι,
2977 2911 3062 2964 ὅτι
3095 2907 3302 2980 ἰσχυροί
3338 2909 3486 2972 ἐστε,
3517 2905 3610 2959 ml.
3629 2919 3757 2958 νενι-

2201 3005 2408 3076 κήκατε
2430 3004 2520 3060 τὸν
2539 3004 2803 3076 Πονηρόν.
2843 3023 2863 3057 ι
2891 3004 2963 3056 Ἦ
2996 3002 3096 3056 οὐκ
3127 2998 3326 3071 ἀληθὲς
3353 2998 3384 3053 ὅ
3412 3014 3578 3068 φημι;

2274 3251 2481 3307 ΠΑΛΛ.
2520 3251 2631 3304 Καὶ
2667 3249 2829 3318 μάλα.

2273 3346 2438 3400 ΚΥΡ.
2489 3345 2599 3397 Kal.
2648 3344 2729 3404 εἰς
2768 3339 2956 3411 αῦριον
2994 3337 3092 3408 μὲν
3127 3337 3226 3406 τὴν
3261 3332 3571 3406 παράταξιν
3599 3331 3763 3383 ἐπιτε-

2204 3437 2410 3490 λεῖσθαι
2447 3435 2557 3488 δεῖν
2594 3433 2696 3503 ἔφη
2730 3430 2964 3500 Μωσῆς·
2990 3429 3049 3480 οὺ
3090 3428 3274 3499 γὰρέν
3321 3426 3502 3496 χρόνῳ
3547 3422 3620 3492 τῷ
3651 3417 3761 3472 κατ’

2203 3527 2363 3580 αὐτὸν
2409 3523 2478 3577 τὰ
2503 3519 2740 3595 Χριστοῦ
2765 3508 2974 3589 πέφηνε
3003 3513 3405 3586 κατορθώματα
3425 3531 3438 3544 ο
3466 3511 3764 3581 πέπρακται

2203 3616 2260 3669 δὲ
2305 3615 2504 3686 μᾶλλον
2539 3613 2596 3666 ἐν
2621 3610 2699 3682 τῷ
2737 3607 2865 3679 ἑξῆς
2897 3609 2988 3662 καὶ
3020 3605 3244 3676 γείτονι,
3281 3603 3432 3657 τοῦτ’
3469 3603 3604 3664 ἐστι,
3634 3597 3764 3686 κατα

2204 3684 2409 3760 Μωσέα
2453 3705 2549 3757 καὶ
2585 3701 2768 3771 νόμον.
2806 3695 2940 3752 Εἶτα
2973 3696 3108 3768 πρός
3135 3711 3258 3749 τινα
3303 3693 3494 3766 βουνὸν
3551 3691 3643 3744 καὶ
3681 3684 3766 3739 ἐπὶ

2205 3795 2450 3868 κορυφὴν
2479 3793 2654 3847 ἄνεισι
2681 3791 2918 3862 γηλόφου
2943 3787 3169 3857 Μωσῆς,
3210 3783 3384 3876 ὠςῗᾷν
3408 3783 3766 3876 δύναιτο-κατῖ

2206 3887 2393 3959 αθρεῖν
2444 3885 2543 3956 τὴν
2572 3885 2750 3955 μάχην
2775 3880 2870 3934 ml.
2893 3879 2961 3932 τά
2982 3880 3039 3932 ἐν
3070 3878 3206 3947 αὐτῇ
3233 3874 3326 3928 τοῦ
3350 3875 3568 3928 πάντων
3603 3872 3765 3959 Ἰησοῦ

2206 3957 2623 4051 κατορθώματα.
2677 3971 3020 4036 Ἀναϐιὸἀζει
3071 3969 3180 4039 γὰρ
3229 3966 3562 4037 συμμέτρως
3608 3957 3763 4051 καλή

2207 4048 2355 4126 κατὰ⁷
2378 4048 2542 4140 νόμον
2591 4064 2948 4138 μυσταγωγία
2996 4061 3131 4134 πρὸς
3181 4058 3241 4112 τὸ
3287 4057 3458 4113 οἱονεὶ
3508 4048 3765 4140 μακρόθεν

2206 4139 2468 4217 δύνασθαι
2491 4157 2730 4230 καθορᾷν
2762 4154 2831 4208 τὰ
2872 4149 3112 4224 Χριστοῦ
3162 4150 3614 4227 στρατηγήματα.
3665 4139 3767 4193 Καὶ

2207 4251 2577 4313 ἀνατείνοντος
2635 4248 2732 4318 μὲν
2787 4245 3034 4309 Μωσέως
3082 4244 3181 4307 τὰς
3229 4245 3440 4313 χεῖρας,
3489 4237 3767 4304 κατίσχυεν

2221 4342 2455 4414 Ἰσραήλ⁸
2479 4340 2758 4402 καθιέντος
2775 4338 2853 4402 δὲ,
2871 4334 3212 4407 ὴσθένει,καὶ
3231 4333 3490 4402 κατίσχυε
3506 4330 3561 4382 Ἀ
3571 4324 3761 4397 μαλήκ⁶

2208 4435 2480 4496 ἀνάλωτος
2512 4431 2620 4502 γὰρ
2643 4428 2788 4500 αὑτῷ
2800 4445 2860 4482 τε
2885 4427 2961 4498 τῷ
2983 4427 3012 4479 δ
3027 4425 3225 4498 ιαῦόλῳ
3253 4423 3348 4477 καὶ
3368 4421 3530 4477 παντὶ
3556 4417 3764 4486 γέγονεν

2209 4523 2411 4596 ἐχθρῷ,
2443 4523 2537 4577 καὶ
2561 4520 2866 4592 καταδῃοῦν
2904 4518 3143 4572 ἐθέλοντι
3174 4513 3408 4586 πικρῶς,
3436 4511 3555 4581 οὐχὶ
3579 4508 3640 4578 δή
3668 4519 3762 4596 που

534 4645 645 4684 non
686 4630 851 4685 modo
881 4631 1172 4688 universus
1200 4634 1388 4699 Israel,
1419 4633 1513 4690 sed
1542 4634 1856 4704 quicunque
1888 4633 2103 4688 Christo

2360 4613 2598 4687 Ἰσραὴλ,
2628 4613 2746 4666 ἀλλ’
2795 4612 2908 4665 ὅσοι
2939 4610 3036 4680 τὴν
3085 4609 3221 4679 πρὸς
3270 4605 3506 4677 Χριστδν
3549 4595 3762 4704 τετιμῇ-

533 4722 844 4777 eonformes
882 4739 1002 4778 esse
1041 4725 1358 4793 praclarum
1392 4724 1702 4789 duxerunt,
1743 4725 1864 4794 ejus
1909 4738 2110 4793 oppro-

534 4813 738 4875 brium,
759 4811 815 4865 id
831 4821 934 4874 est,
954 4827 1174 4865 erucem
1195 4813 1343 4867 illius
1357 4812 1724 4868 venerandam
1743 4811 2069 4882 perferendo
2093 4829 2106 4866 :

533 4916 729 4956 manus
743 4900 890 4956 enim
910 4899 966 4952 in
982 4914 1165 4953 aerem
1181 4910 1413 4956 extentae
1431 4903 1611 4957 crucis
1632 4901 1868 4973 speciem
1891 4916 2002 4955 non
2013 4901 2111 4956 ob-

532 5010 693 5050 scure
725 4991 1065 5047 describunt.
1107 4988 1399 5056 Caeterum,
1434 4994 1748 5064 quicunque
1791 5010 1902 5049 non
1948 5009 2109 5048 acce-

534 5093 733 5155 perunt
760 5098 1004 5149 crucem,
1030 5082 1090 5147 ii,
1126 5082 1273 5152 quod
1320 5082 1426 5136 hoc
1458 5084 1782 5138 auxiliatore
1829 5092 2103 5148 carerent,

533 5177 776 5232 hostium
805 5173 1217 5230 incursionibus
1238 5179 1551 5242 patuerunt.
1577 5171 1732 5237 Quod
1765 5172 1947 5243 itaque
1989 5190 2108 5228 ma-

535 5283 639 5321 nus
657 5266 902 5322 extendit
939 5266 1168 5338 Moyses,
1197 5263 1378 5320 crucis
1414 5264 1651 5333 speciem
1695 5265 2009 5330 ostendens,
2052 5274 2109 5319 et

535 5357 755 5412 Amalec
812 5358 1127 5412 debilitatus
1170 5355 1356 5421 cadit,
1397 5370 1463 5410 ea
1524 5370 1632 5420 res,
1670 5362 1732 5408 ut
1763 5355 1979 5424 opinor,
2013 5371 2109 5410 eos

537 5463 761 5518 prorsus
793 5449 1062 5519 significat
1096 5449 1190 5519 qui
1230 5464 1328 5519 per
1371 5448 1518 5502 illam
1552 5462 1774 5502 erucem
1835 5461 2107 5501 veneran-

537 5538 662 5592 dam
691 5537 946 5593 Satanam
995 5540 1242 5603 vineunt,
1271 5549 1327 5595 et
1367 5540 1630 5594 adversus
1669 5539 1855 5594 hostes
1899 5537 2106 5592 invale-

538 5635 717 5682 scunt.
741 5627 813 5682 At
835 5643 960 5681 cum
987 5627 1238 5682 eumdem
1259 5643 1453 5682 manus
1482 5626 1852 5681 remittentem
1879 5640 2105 5695 aspexe-

539 5719 732 5785 rimus,
766 5727 930 5789 atque
957 5717 1177 5773 Amalec
1207 5734 1396 5772 rursus
1424 5717 1869 5781 invalescentem,
1897 5731 1992 5770 eos
2016 5731 2108 5770 eo-

609 5837 654 5867 “
705 5835 891 5892 Matth.
935 5849 985 5896 v,
1029 5830 1110 5884 l'l.
1190 5831 1231 5862 ⁸⁷
1269 5831 1288 5885 l
1339 5832 1482 5886 Petr.
1512 5847 1568 5895 ιι,
1611 5832 1662 5885 9.
1711 5831 1753 5863 ⁸⁸
1792 5831 1945 5886 Joan.
1992 5846 2083 5896 xu,
2135 5827 2220 5881 51.

2211 4725 2338 4762 κασι
2373 4685 2743 4778 συμμορφίαν,
2796 4703 2883 4755 διὰ
2927 4700 3020 4754 τοῦ
3070 4699 3296 4771 φορέσαι
3327 4697 3418 4752 τὸν
3477 4685 3768 4778 όνειδισμδν

2209 4798 2393 4863 αὐτοῦ,
2450 4775 2597 4850 τοῦτ’
2627 4798 2759 4860 ἔστι,
2799 4795 2889 4846 τὸν
2922 4791 3102 4862 τίμιον
3136 4788 3398 4860 σταυρόν⁶
3449 4787 3623 4856 χεῖρες
3663 4775 3763 4844 γὰρ

2210 4890 2482 4958 ἀποτάδην
2495 4891 2575 4951 είς
2605 4887 2742 4957 ἀέρα
2757 4881 3125 4954 δεικνύμεναι,
3143 4880 3204 4933 τὸ
3231 4878 3324 4932 τοῦ
3347 4873 3574 4948 σταυροῦ
3592 4867 3762 4958 σχῆμα

2209 4954 2508 5054 γράφουσιν
2535 4954 2800 5048 ἐναργῶς.
2839 4975 2992 5027 Ὅσοι
3013 4990 3076 5042 γε
3103 4970 3208 5043 μὴν
3235 4971 3296 5024 οὐ
3321 4968 3657 5062 προσηκαντο
3679 4954 3760 5062 τςδν

2215 5071 2469 5144 σταυρὸν,
2499 5069 2898 5139 εὐκατάδρομοι
2956 5065 3216 5134 γεγόνασι
3257 5063 3372 5124 τοῖς
3414 5055 3640 5129 ἐχθροῖς,
3672 5055 3761 5144 ουκ

2212 5136 2429 5235 ἔχοντες
2464 5161 2556 5214 τὸν
2587 5136 2892 5230 ἐπαρωγόν.
2938 5158 3108 5210 Ὅταν
3155 5150 3247 5208 οὖν
3284 5155 3416 5225 ἡμῖν
3442 5136 3761 5235 ἐκτείνῃᾹτὰς

2213 5231 2401 5328 χεῖρας
2443 5253 2670 5322 Μωσῆς,
2721 5251 2781 5303 τὸ
2837 5247 2931 5301 τοῦ
2981 5245 3212 5317 σταυροῦ
3262 5245 3450 5315 σχῆμα
3500 5231 3759 5328 δεικνύων,

2215 5319 2401 5400 πίπτει
2450 5345 2506 5398 δὲ
2544 5319 2814 5414 ἀτονήσας
2855 5341 2883 5393 6
2921 5337 3186 5410 Ἀμαλὴκ,
3225 5335 3478 5407 σημαίνει
3512 5343 3610 5380 που
3641 5319 3746 5420 ita“

2214 5456 2319 5502 τως
2351 5437 2412 5490 τδ
2446 5436 2630 5506 σχῆμα
2657 5435 2787 5504 ἡμῖν
2827 5432 2952 5494 τοὺς
2996 5428 3084 5483 διὰ
3111 5426 3204 5481 τοῦ
3232 5426 3416 5498 τιμίου
3447 5429 3667 5510 σταυρου
3681 5423 3754 5510 -νισ

2215 5530 2428 5590 κῶν-τας
2454 5527 2544 5580 τὸν
2574 5525 2839 5587 Σατανᾶν,
2867 5523 2961 5575 ml.
2996 5519 3386 5590 κατισχύοντας
3415 5513 3522 5568 τῶν
3547 5505 3740 5576 ἐχθρων

2217 5621 2383 5674 Ὅταν
2408 5618 2465 5671 δὲ
2496 5617 2750 5670 καθιέντα
2789 5614 2884 5677 τὰς
2914 5615 3102 5684 χεῖρας
3145 5609 3447 5679 βλέπωμεν,
3493 5595 3604 5652 εἶτα
3639 5604 3741 5644 κατ·

2217 5711 2468 5784 ισχῦοντα
2491 5711 2580 5762 τὸν
2615 5708 2883 5778 Ἀμαλὴκ,
2913 5706 3038 5768 τοὺς
3074 5702 3179 5756 ὑπὸ
3201 5699 3276 5771 τῷ
3298 5697 3525 5762 διαϐόλῳ
3558 5694 3746 5756 γεγεντι

2327 5825 2369 5858 ³³
2418 5823 2621 5879 lJoan.
2668 5838 2724 5886 ιι,
2763 5821 2847 5875 Μ.
2917 5820 2961 5850 ⁰⁰
2998 5817 3167 5873 Exod.
3213 5831 3340 5882 ιιι-ιι,
3371 5813 3426 5880 9,
3460 5807 3540 5860 10.
