4082 6304
306 373 435 456 an

1078 397 1165 452 DE
1202 397 1642 455 ADORATIONE
1676 401 1741 455 ΙΝ
1781 399 2049 456 SPII’JTU
2092 399 2179 455 ET
2219 400 2588 455 VERITATE.
2633 400 2758 453 LIB.
2801 399 2888 452 III.

3480 398 3583 451 9.78

330 518 527 586 μένους
560 515 655 567 καὶ
689 513 1076 582 νενικημένους
1112 514 1463 586 ὲννοήσομεν,
1490 516 1578 570 διὰ
1604 517 1665 570 τὸ
1699 516 1776 588 μὴ
1802 517 1905 576 δεῖν

2011 517 2308 588 gitabimus
2347 518 2464 587 qui,
2496 517 2642 587 quod
2673 532 2894 572 crucem
2927 517 3171 590 accipere
3202 515 3521 581 noluissent,
3554 536 3588 572 a

329 604 539 659 ἐθέλειν
568 602 953 676 προσήκασθαι
983 604 1076 657 τὸν
1106 606 1359 676 σταυρὸν,
1387 600 1470 671 οἷς
1497 609 1592 660 καὶ
1617 607 1645 659 ὀ
1677 609 1909 680 Χριστὸς

330 696 672 769 προσεφώνει
703 696 908 764 λέγων·
941 715 959 748 ι
1011 696 1202 768 Ἀμὴν,
1239 697 1388 770 ἀμὴν
1439 699 1582 770 λέγω
1619 701 1768 771 ὑμῖν,
1814 704 1908 758 ἐὰν

330 790 408 862 μὴ
436 789 791 859 πιστεύσητε,
813 790 896 842 ὅτι
913 788 1023 857 ἐγώ
1055 790 1193 858 ειμι,
1224 792 1282 844 ὲν
1297 792 1417 855 ταῖς
1435 792 1733 864 ἁμαρτίαις
1755 794 1908 864 ὑμῶν

327 881 712 936 ἀποθανεῖσθε.
769 899 788 932 ι
826 881 1060 952 Βαρείας
1105 882 1163 935 δὲ
1208 880 1350 936 εἷναί
1382 901 1513 954 φησι
1567 884 1669 948 τὰς
1720 889 1908 956 χεῖρας

330 976 599 1040 Μωσέως,
633 974 728 1029 καὶ
763 973 916 1044 μόλις
964 974 1353 1046 ἐπαιρομένας,
1401 976 1650 1048 ὀκνηρῶς
1683 995 1742 1032 τε
1787 977 1907 1033 λίαν

328 1067 733 1137 ὲκτεινομένας,
771 1069 852 1130 είς
894 1067 957 1120 τὸ
986 1066 1297 1133 καταδεῖξαι
1323 1068 1434 1122 δεῖν
1460 1070 1522 1122 τὸ
1548 1069 1642 1124 τοῦ
1672 1070 1906 1144 σταυροῦ

327 1161 509 1232 τίμιον
541 1161 746 1230 σχῆμα,
770 1161 947 1214 ἐκεῖνο
970 1154 1123 1230 οἶμαί
1155 1178 1256 1214 που
1280 1161 1456 1234 δηλῶν
1473 1164 1904 1235 αἰνιγματωδῶς,

326 1251 405 1314 ὡς
435 1252 499 1304 οὐ
553 1250 674 1304 λίαν
736 1248 953 1320 ἕτοιμος
997 1244 1066 1319 ἦν
1129 1251 1210 1313 είς
1251 1252 1312 1304 τὸ
1353 1253 1752 1323 παραδέχεσθαι
1807 1253 1907 1326 τὴν

330 1343 517 1396 πίστιν
548 1345 578 1397 ὀ
619 1341 856 1413 Ἰσραὴλ,
884 1343 1249 1399 δυσοκνότατά
1273 1363 1331 1398 τε
1366 1347 1460 1399 καὶ
1493 1347 1646 1417 μόλις
1675 1348 1906 1419 ἐρχόμε-

329 1448 420 1494 νος
446 1433 527 1495 είς
571 1431 634 1484 τὸ
665 1431 841 1485 θέλειν
873 1432 1164 1486 ἀναλαϐεῖν
1191 1434 1282 1488 τὸν
1321 1436 1621 1508 ὀνειδισμὸν
1649 1438 1743 1492 τοῦ
1770 1441 1905 1510 Χρι-

331 1523 460 1576 στοῦ
481 1541 494 1554 ·
532 1523 832 1579 σκάνδαλον
859 1522 970 1596 γὰρ
1006 1525 1278 1590 Ἰουδαίοις
1309 1528 1398 1582 διά
1425 1545 1506 1581 τοι
1539 1529 1698 1582 τοῦτο
1730 1530 1906 1596 καλῶς

329 1612 587 1682 ὀνομάζει
610 1612 702 1666 τὸν
734 1614 981 1685 σταυρὸν
1006 1616 1100 1669 καὶ
1121 1617 1149 1668 ὁ
1174 1614 1459 1682 θεσπέσιος
1480 1618 1714 1684 Παῦλος.
1745 1639 1764 1672 ι
1795 1622 1906 1674 Καὶ

329 1701 603 1769 λαϐόντες,
629 1721 648 1755 ι
675 1704 831 1775 φησὶ,
876 1723 896 1755 ι
928 1703 1094 1771 λίθον,
1131 1707 1410 1778 ὑπέθηκαν
1465 1710 1558 1762 ὑπ’
1598 1710 1782 1775 αὐτὸν,
1813 1713 1906 1765 καὶ

328 1795 564 1866 ἐκάθητο
592 1794 858 1850 ὲπάὐτοῦ
875 1837 889 1860 ,
909 1799 1002 1850 καὶ
1031 1798 1241 1870 Ἀαρὼν
1263 1801 1357 1853 καὶ
1382 1801 1484 1870 Ὦρ
1502 1801 1787 1873 ὲστήριζον
1805 1802 1905 1866 τὰς

2010 608 2230 663 diabolo
2273 610 2514 678 superati
2557 617 2613 663 et
2653 607 2784 662 victi
2825 615 2972 671 sunt,
3009 621 3147 676 quos
3206 606 3586 676 alloquebatur

2009 702 2176 757 etiam
2213 700 2483 766 Christus,
2509 716 2634 755 cum
2657 700 2901 754 diceret:
2949 719 2966 750 ι
3023 698 3216 765 Amen,
3266 716 3422 755 amen
3462 701 3584 756 dico

2007 791 2184 859 vobis,
2215 793 2321 848 nisi
2357 792 2706 848 credideritis
2743 791 2888 860 quod
2932 806 3032 862 ego
3058 807 3199 855 sum,
3245 792 3300 846 in
3349 793 3587 861 peccatis

2008 883 2205 938 vestris
2231 882 2624 938 moriemini".
2658 902 2676 934 ι
2715 883 2884 936 Porro
2917 897 3110 951 graves
3148 883 3224 936 ait
3263 898 3382 937 esse
3417 885 3585 955 Moysi

2009 992 2223 1041 manus,
2252 987 2414 1046 atque
2445 990 2587 1046 aegre
2630 975 2892 1040 sublatas,
2925 984 3251 1044 gravateque
3293 975 3584 1030 admodum

1955 1091 1960 1114 ς
2007 1066 2076 1121 ad
2116 1067 2434 1137 praeclaram
2479 1065 2660 1120 crucis
2699 1064 2938 1134 speciem
2969 1063 3363 1119 ostendendam
3392 1074 3586 1119 exten-

2010 1158 2242 1229 tas,9o
2278 1157 2434 1223 illud,
2467 1165 2527 1212 ut
2577 1157 2791 1226 opinor,
2842 1156 3070 1226 ﬁgurate
3116 1154 3447 1226 signiﬁcans,
3476 1171 3586 1209 non

2008 1251 2140 1305 satis
2167 1259 2416 1320 paratum
2453 1248 2623 1304 fuisse
2664 1248 2827 1303 Israel
2870 1247 2937 1301 ad
2963 1245 3147 1311 ﬁdem
3189 1245 3582 1316 accipiendam,

2009 1355 2070 1395 ac
2099 1355 2209 1394 non
2237 1341 2355 1395 sine
2384 1339 2755 1403 cunctatione,
2783 1338 2984 1408 vixque
3015 1336 3084 1392 ad
3129 1336 3333 1392 Christi
3385 1352 3586 1407 oppro-

2014 1433 2198 1487 brium
2228 1431 2637 1502 suscipiendum
2674 1429 3023 1485 descendisse
3049 1446 3062 1493 ;
3093 1429 3162 1483 ob
3193 1444 3424 1498 eamque
3453 1445 3586 1483 cau-

2007 1540 2124 1579 sam
2149 1531 2296 1579 recte
2326 1523 2521 1578 beatus
2543 1523 2744 1578 Paulus
2768 1537 2988 1575 erucem
3019 1519 3333 1574 scandalum
3367 1520 3585 1575 Judaeo-

2008 1630 2130 1669 rum
2169 1613 2425 1684 appellat.
2457 1632 2476 1664 ι
2507 1613 2576 1667 Ει
2614 1611 2967 1681 accipientes,
3003 1629 3021 1660 ›
3065 1610 3263 1680 inquit,
3305 1609 3584 1680 «lapidem

2007 1711 2416 1774 supposuerunt
2441 1703 2544 1759 sub
2575 1704 2713 1773 ipso,
2741 1711 2798 1758 et
2831 1702 2971 1757 sedit
2999 1717 3163 1771 super
3197 1716 3324 1755 eum
3350 1719 3362 1754 :
3406 1701 3586 1756 Aaron

2005 1807 2060 1853 et
2090 1799 2204 1853 Hur
2233 1799 2613 1854 sustentabant
2639 1811 2835 1850 manus
2854 1795 2992 1866 ejus,
3031 1810 3173 1848 unus
3204 1793 3352 1860 hinc,
3392 1803 3448 1849 et
3505 1796 3584 1848 al-

327 1891 519 1959 χεῖρας
544 1886 730 1953 αὑτοῦ,
759 1884 1006 1942 ἐντεῦθεν
1029 1885 1130 1956 εἷς,
1160 1891 1254 1944 καὶ
1275 1891 1523 1946 ἐντεῦθεν
1555 1887 1656 1958 εἷς.
1695 1914 1714 1946 ι
1745 1895 1905 1960 Λίθος

2006 1900 2091 1945 ιει·
2120 1890 2334 1944 hinc".
2374 1908 2391 1941 ι
2426 1888 2590 1958 Lapis
2614 1896 2797 1942 autem
2826 1886 3121 1955 pretiosus,
3156 1887 3385 1950 electus,
3411 1901 3585 1956 angu—

326 1981 385 2034 δὲ
402 1980 602 2050 τίμιος,
626 1979 900 2045 ἐκλεκτὸς,
919 1981 1331 2054 ἀκρογωνιαῖος,
1359 1983 1577 2056 ἔντιμος
1600 1989 1628 2040 ὀ
1646 1988 1903 2059 Χριστὸς,

327 2072 415 2140 ἐφ’
443 2065 489 2139 ᾧ
537 2073 630 2125 καὶ
659 2073 1060 2144 ἀναπαυόμενοι
1104 2073 1276 2146 (δηλοῖ
1304 2076 1414 2146 γὰρ
1465 2079 1497 2146 ἡ
1544 2077 1776 2149 κάθησις
1807 2082 1906 2151 τὴν

325 2163 672 2235 ἀνάπαυσιν)
717 2165 768 2218 οἱ
810 2166 1205 2238 ἐπιεικέστεροι
1257 2168 1314 2221 δὲ
1371 2171 1467 2222 καὶ
1516 2170 1904 2245 εὐμαθέστεροι

322 2253 436 2307 τῶν
464 2254 527 2319 ἐξ
563 2255 802 2326 Ἰσραὴλ,
823 2257 886 2310 τὸ
915 2256 1112 2328 λῆμμα
1135 2259 1235 2329 τῆς
1263 2260 1486 2330 χάριτος
1522 2261 1622 2331 τῆς
1650 2263 1770 2315 κατ’
1813 2265 1905 2317 ὲκ-

321 2344 513 2417 λογὴν,
542 2346 774 2401 ἁπλοῦσι
801 2348 900 2412 τὰς
932 2352 1142 2421 χεῖρας,
1168 2350 1312 2404 τοῦτ’
1338 2351 1476 2416 ἔστι,
1519 2355 1904 2426 καταδέχονται

318 2436 416 2490 τὸν
453 2439 708 2510 σταυρὸν,
737 2439 1081 2511 στηρίζοντος
1107 2442 1270 2495 οἱονεί
1293 2459 1398 2496 που
1431 2445 1525 2497 καὶ
1552 2445 1906 2516 διακρατοῦν-

319 2547 414 2596 τος
439 2532 640 2596 αὐτοὺς
681 2533 777 2588 καὶ
808 2533 944 2605 πρός
967 2551 1031 2602 γε
1051 2534 1212 2588 τοῦτο
1235 2537 1497 2607 Χριστοῦ,
1524 2537 1600 2602 ὡς
1625 2539 1682 2591 ὲν
1713 2539 1824 2610 Ὠρ
1846 2556 1904 2591 τε

323 2624 421 2676 καὶ
463 2623 672 2694 ’Δαρὼν
706 2626 1054 2696 σημαίνεται,
1088 2626 1376 2697 νοούμενος
1405 2629 1464 2682 έν
1500 2629 1682 2700 ταὺτῷ
1713 2631 1904 2702 κριτὴς

322 2714 424 2768 καὶ
452 2715 764 2788 ἀρχιερεύς.
818 2717 918 2788 “Op
959 2717 1058 2787 μὲν
1090 2717 1200 2789 γὰρ
1232 2713 1302 2790 ἦν
1345 2719 1642 2785 ἀδέκαστος
1673 2722 1864 2793 κριτής
1885 2737 1900 2753 ⁸

337 2805 554 2877 Ἀαρὼν
579 2807 638 2860 δὲ
670 2809 984 2881 ἀρχιερεὺς,
1018 2810 1048 2862 ὀ
1076 2810 1138 2861 τὸ
1160 2809 1360 2881 λῆμμα
1393 2811 1653 2882 συνέχων,
1698 2813 1758 2866 τὸ
1783 2815 1903 2868 κατ’

323 2898 559 2972 ἐκλογὴν
590 2900 814 2972 χάριτος
845 2901 955 2954 τῶν
987 2901 1047 2967 ἐξ
1088 2901 1324 2974 Ἰσραὴλ,
1375 2904 1513 2974 πρὸς
1541 2903 1639 2976 τὴν
1681 2905 1769 2962 διὰ
1817 2907 1906 2959 πί-

324 3007 498 3055 στεως
544 2991 840 3064 σωτηρίαν.
891 2993 1055 3046 Τουτὶ
1102 2994 1210 3066 γὰρ
1257 2991 1410 3067 οἶμαι
1455 2996 1651 3067 δηλοῦν
1709 2998 1773 3051 τὸ
1817 2996 1906 3052 διὰ

325 3085 512 3156 φωνῆς
546 3085 768 3138 Ἡσαΐου
805 3087 1158 3156 προφητικῶς
1195 3089 1520 3162 εἰρημένονο
1553 3110 1572 3143 ι
1610 3090 1722 3145 Καὶ
1752 3092 1801 3144 εί
1829 3092 1903 3163 μὴ

2005 1982 2156 2048 laris,
2186 1983 2450 2054 probatus
2468 1982 2534 2047 ",
2565 1981 2820 2037 Christus
2854 1988 2958 2045 est,
2995 1995 3159 2049 super
3204 1995 3316 2049 quo
3363 1980 3585 2048 requie-

2005 2083 2222 2130 scentes
2255 2073 2465 2147 (sessio
2492 2088 2728 2143 namque
2767 2073 3071 2143 requietem
3118 2069 3463 2141 signiﬁcat),
3492 2070 3584 2138 qui

2003 2179 2074 2217 ex
2120 2164 2286 2220 Israel
2323 2165 2777 2235 obsequentiores
2823 2179 2888 2218 ac
2934 2163 3229 2218 dociliores
3277 2169 3423 2223 sunt,
3459 2162 3582 2222 illae,

2007 2259 2255 2327 inquam,
2285 2257 2532 2328 reliquiae
2562 2258 2751 2328 gratia:
2789 2271 2910 2326 qua:
2936 2255 3237 2311 secundum
3261 2253 3585 2309 electionem

2005 2359 2109 2415 est,
2142 2351 2457 2421 expandunt
2485 2366 2698 2415 manus,
2735 2349 2790 2404 id
2832 2356 2936 2414 est,
2978 2363 3200 2403 crucem
3255 2345 3583 2415 suscipiunt,

2004 2442 2224 2498 Christo
2274 2441 2400 2496 illos
2445 2441 2807 2497 conﬁrmante
2859 2449 3024 2510 atque
3089 2440 3440 2504 continente,
3493 2441 3585 2509 qui

2005 2549 2104 2604 per
2134 2533 2250 2587 Hur
2282 2541 2448 2603 atque
2489 2533 2671 2588 Aaron
2722 2531 3079 2603 signiﬁcatur,
3123 2539 3180 2586 et
3209 2531 3379 2602 judex
3424 2531 3585 2585 simul

2004 2634 2061 2680 et
2097 2639 2345 2679 summus
2369 2623 2628 2679 sacerdos
2677 2623 3022 2694 intelligitur,
3059 2622 3174 2676 Hur
3203 2621 3474 2692 siquidem
3495 2624 3584 2693 ju-

2004 2715 2110 2771 dex
2143 2715 2533 2785 integerrimus
2560 2723 2718 2782 erat;
2746 2715 2930 2770 Aaron
2975 2721 3159 2768 autem
3202 2727 3452 2768 summus
3499 2729 3587 2767 sa-

2005 2806 2217 2862 cerdos.
2245 2806 2401 2862 Unus
2435 2806 2602 2877 igitur
2648 2814 2909 2877 tanquam
2958 2805 3015 2860 in
3057 2813 3291 2874 utroque
3335 2804 3589 2860 Christus

2004 2906 2107 2961 est,
2133 2897 2302 2969 judex
2327 2906 2384 2953 et
2416 2913 2666 2954 summus
2696 2897 2974 2964 sacerdos,
3012 2897 3108 2968 qui
3152 2897 3412 2967 reliquias
3444 2896 3588 2951 ﬁlio-

2006 3005 2128 3043 rum
2172 2989 2338 3044 Israel
2375 2987 2547 3044 factas
2587 3004 2686 3060 per
2733 2989 3058 3044 electionem
3099 2988 3306 3059 gratiae,
3346 2988 3414 3043 ad
3465 3003 3586 3043 eam

2005 3097 2127 3151 quae
2149 3087 2234 3135 est
2270 3097 2338 3136 ex
2369 3081 2476 3137 ﬁde
2505 3082 2739 3136 salutem
2785 3080 3122 3136 continebat.
3159 3080 3275 3135 Hoc
3319 3081 3470 3134 enim
3509 3081 3585 3135 si-

325 3177 533 3247 Κύριος
553 3176 778 3232 Σαϐαὼθ
795 3179 1153 3246 ἐγκατέλιπεν
1165 3161 1298 3251 ἡμῖν
1319 3182 1560 3254 σπέρμα,
1579 3185 1655 3247 ὼς
1697 3161 1905 3254 Σόδομα

2007 3161 2251 3244 gniﬁcari
2305 3178 2437 3241 puto
2484 3170 2670 3226 verbis
2715 3170 2825 3224 illis
2877 3183 2998 3238 quat
3041 3184 3140 3239 per
3187 3169 3338 3224 Isaiae
3395 3185 3586 3224 vocem

326 3269 396 3324 ἂν
432 3269 794 3342 ἐγενήθημεν,
825 3273 923 3325 καὶ
962 3271 1038 3335 ὡς
1062 3273 1320 3345 Γόμορρα
1353 3273 1419 3328 ἂν
1456 3274 1841 3347 ὡμοιώθημεν.
1882 3295 1902 3329 ι

324 3363 685 3426 Πεπτωκότος
703 3363 992 3434 τοιγαροῦν
1011 3364 1107 3418 τοῦ
1127 3365 1543 3436 ὀινθεστηκότος,
1565 3368 1708 3440 φημὶ
1724 3367 1788 3440 δὴ
1813 3368 1906 3422 τοῦ

339 3455 622 3527 Ἀμαλήκ’
653 3473 673 3509 t
709 3456 1098 3530 Κατάγραψον,
1130 3477 1149 3510 ι
1186 3458 1372 3528 φησιν,
1410 3477 1429 3510 ‹
1454 3462 1535 3523 εἰς
1567 3461 1908 3532 μνημόσυνον

323 3546 484 3600 τοῦτο
515 3549 597 3610 είς
645 3546 869 3616 βιϐλίον,
914 3549 1010 3602 καὶ
1061 3549 1151 3614 δὸς
1197 3551 1278 3613 είς
1319 3551 1389 3604 τὰ
1437 3543 1554 3604 ὦτα
1620 3552 1817 3622 Ἰησοῦ.
1882 3573 1901 3606 ι

330 3636 566 3707 Ἔμελλε
607 3637 716 3708 γὰρ
740 3637 830 3690 διὰ
862 3637 964 3708 τῆς
992 3638 1100 3692 τῶν
1147 3637 1315 3707 ἁγίων
1338 3638 1744 3709 εὐαγγελιστῶν
1778 3657 1908 3708 συγ-

325 3728 552 3800 γραφῆς
607 3731 687 3793 είς
729 3730 1088 3800 ἀτελεύτητον
1136 3731 1231 3784 καὶ
1283 3731 1501 3800 μακρὰν
1569 3732 1906 3786 ἐπιτείνεσθαι

329 3819 552 3890 μνήμην
604 3821 673 3874 τὰ
703 3821 792 3875 διὰ
826 3823 1065 3892 Χριστοῦ
1092 3821 1517 3892 κατορθώματα.
1571 3822 1816 3877 Δίδοσθαί
1844 3841 1907 3893 γε

330 3909 437 3980 μὴν
481 3911 588 3982 ἐφη
630 3912 729 3983 τὴν
771 3913 1097 3984 συγγραφὴν
1145 3915 1226 3977 είς
1267 3913 1337 3967 τὰ
1386 3907 1502 3968 ὦτα
1551 3914 1645 3968 τοῦ
1713 3916 1904 3986 Ἰησοῦ.

341 4001 623 4073 ’Δνάθημα
666 4005 774 4074 γὰρ
822 4004 1011 4076 ὥσπερ
1058 4005 1272 4058 ἔπαινοί
1311 4019 1372 4058 τε
1412 4007 1505 4061 καὶ
1550 4005 1803 4078 ἐγκώμια
1834 4008 1909 4080 τῷ

327 4093 552 4165 Χριστῷ
591 4095 662 4149 τὰ
702 4096 811 4149 τῶν
857 4094 1028 4166 ἁγίων
1084 4098 1511 4170 συγγράμματα.
1551 4100 1910 4164 Πεπτωκότος

326 4183 383 4236 δὲ
429 4184 534 4255 ήδη
566 4185 660 4239 καὶ
705 4187 1056 4257 νενικημένου
1100 4187 1191 4240 τοῦ
1237 4189 1502 4260 Ἀμαλὴκ,
1558 4190 1841 4261 ἀνίστησιν
1880 4193 1909 4244 ὀ

326 4276 532 4347 Μωσῆς
591 4276 977 4349 θυσιαστήριον
1025 4279 1103 4350 τῷ
1152 4279 1301 4350 Θείβ-
1334 4280 1676 4352 καταγράφει
1721 4282 1779 4335 δὲ
1817 4283 1909 4336 καὶ

326 4367 476 4438 αὐτῷ
508 4367 700 4438 ὄνομα,
738 4389 757 4424 ι
797 4371 1000 4441 Κύριός
1035 4389 1158 4442 μου,
1193 4375 1481 4445 καταφυγή
1510 4391 1634 4444 μου.
1667 4393 1686 4425 ι
1727 4374 1909 4438 Τόπος

325 4457 380 4510 δὲ
411 4457 480 4512 ἂν
504 4459 589 4529 εἴη
618 4459 712 4512 καὶ
740 4459 896 4514 τοῦτο
910 4462 1168 4532 Χριστοῦ.
1191 4463 1394 4532 Κύριος
1436 4463 1544 4534 γὰρ
1567 4467 1697 4535 ἡμῖν
1718 4465 1907 4533 γέγονε

2009 3261 2328 3334 prophetice
2354 3262 2502 3318 dicta
2525 3272 2688 3318 sunt:
2731 3281 2748 3314 ‹
2789 3263 2859 3317 Ει
2889 3262 2998 3317 nisi
3038 3262 3306 3318 Dominus
3349 3263 3586 3318 Sabaoth

2010 3356 2327 3426 reliquisset
2354 3354 2517 3414 nobis
2552 3369 2762 3419 semen,
2791 3361 2851 3409 ut
2880 3353 3116 3410 Sodoma
3164 3354 3482 3420 fuissemus,
3533 3365 3590 3411 et

2010 3447 2166 3518 quasi
2208 3446 2512 3503 Gomorrha
2556 3446 2763 3502 similes
2801 3445 2929 3501 facti
2981 3461 3228 3501 essemus
3264 3447 3330 3500 ⁸⁸.
3379 3466 3397 3498 ι
3448 3447 3586 3503 Cum

2011 3542 2177 3614 igitur
2198 3543 2246 3598 is
2267 3541 2363 3613 qui
2387 3541 2708 3607 obsistebat,
2744 3541 2984 3608 Amalec,
3010 3542 3255 3612 inquam,
3272 3543 3585 3607 cecidisset,

2018 3655 2035 3686 ι
2067 3634 2280 3699 Scribe,
2312 3653 2331 3685 ι
2370 3633 2570 3702 inquit,
2611 3651 2627 3683 ι
2659 3633 2766 3689 hoc
2803 3633 2871 3688 ad
2896 3634 3218 3688 memoriam
3257 3634 3312 3688 in
3335 3635 3499 3699 libro,
3532 3647 3589 3691 et

2010 3725 2167 3780 dabis
2196 3725 2252 3778 in
2282 3740 2444 3779 aures
2471 3725 2637 3780 Iosue
2672 3723 2740 3776 ’⁸.
2773 3744 2791 3776 ι
2825 3726 2995 3779 Erant
3033 3726 3180 3780 enim
3206 3726 3468 3794 praeclara
3497 3727 3587 3781 illa

2008 3816 2213 3874 Christi
2270 3823 2422 3888 gesta
2484 3816 2758 3871 diuturnae
2802 3818 3262 3888 sempitcmreque
3310 3819 3589 3874 memoria:

2008 3915 2325 3963 sanctorum
2367 3907 2826 3978 evangelistarum
2869 3907 3089 3978 scriptis
3136 3908 3586 3963 commendanda.

2008 3997 2135 4052 Dari
2161 4013 2380 4069 quoque
2407 3999 2572 4069 jussit
2596 3998 2801 4069 scripta
2835 4000 2927 4054 illa
2951 4001 3007 4054 in
3027 4014 3191 4054 aures
3225 4001 3424 4055 Josue:
3465 4001 3588 4055 illo-

2008 4105 2131 4143 rum
2151 4105 2388 4160 namque
2416 4099 2734 4146 sanctorum
2765 4091 3011 4146 virorum
3033 4101 3411 4156 monumenta,
3437 4093 3591 4146 velut

2010 4181 2210 4236 selecta
2229 4181 2374 4236 dona
2393 4181 2733 4252 quaedam,ac
2756 4189 3014 4252 tanquam
3036 4183 3227 4238 laudes
3242 4191 3296 4236 et
3316 4182 3587 4251 przeconia

2007 4269 2228 4327 Christo
2248 4272 2426 4327 dicata
2445 4280 2592 4328 sunt.
2634 4272 2926 4343 Proﬁigato
2962 4274 3130 4343 igitur
3165 4288 3231 4328 ac
3265 4274 3410 4327 victo
3429 4275 3589 4327 Ama-

2009 4361 2113 4428 lec,
2151 4363 2314 4434 erigit
2349 4362 2560 4434 Moyses
2594 4362 2766 4418 altare
2815 4364 2948 4426 Deo,
2987 4363 3178 4432 illique
3231 4363 3338 4419 hoc
3388 4379 3584 4418 nomen

2011 4451 2263 4524 imponit,
2278 4474 2296 4505 (
2326 4454 2591 4508 Dominus
2613 4468 2788 4518 meus,
2810 4453 3082 4525 refugium
3102 4470 3284 4510 meum
3307 4455 3372 4508 ".
3388 4476 3405 4506 ›
3429 4455 3582 4522 Quod

325 4549 420 4602 καὶ
445 4552 739 4622 καταφυγή
761 4566 776 4580 ·
804 4553 1105 4623 νενικηκὼς
1133 4555 1242 4624 γὰρ
1267 4555 1359 4608 τὸν
1392 4555 1626 4626 ἄρχοντα
1657 4555 1749 4610 τοῦ
1776 4556 1905 4610 αἰῶ-

2013 4543 2190 4612 ipsum
2211 4544 2376 4598 etiam
2397 4543 2600 4599 Christi
2643 4544 2873 4614 ﬁguram
2911 4544 3154 4615 praefert.
3187 4546 3238 4602 Is
3273 4547 3420 4602 enim
3477 4547 3584 4601 Do-

322 4658 410 4705 νος
442 4642 654 4709 τούτου,
701 4645 949 4714 πατήσας
980 4645 1038 4698 δὲ
1065 4645 1159 4699 τοῦ
1204 4645 1435 4700 θανάτου
1459 4648 1519 4700 τὸ
1559 4648 1781 4718 κράτος,
1814 4649 1907 4702 καὶ

323 4734 546 4797 ἀναθεὶς
579 4735 768 4788 ἑαυτὸν
800 4736 942 4807 ὑπὲρ
982 4737 1143 4809 ἡμῶν
1185 4738 1376 4809 ὥσπερ
1415 4739 1644 4809 ἄμωμον
1689 4742 1903 4809 ἱερεῖον,

322 4825 402 4888 εἰς
446 4825 624 4896 ὀσμὴν
664 4826 1012 4898 εὐωδίας·τῷ
1057 4827 1177 4898 Θεῷ
1212 4829 1306 4884 καὶ
1350 4829 1545 4901 Πατρί.
1587 4829 1768 4894 Τύπος
1813 4828 1905 4885 οῦν

323 4915 434 4985 ἄρα
463 4916 725 4987 Χριστοῦ,
764 4918 826 4970 τὸ
859 4918 1261 4992 θυσιαστήριον,
1292 4913 1337 4989 ᾧ
1373 4923 1468 4976 καὶ
1493 4923 1703 4994 πρέπον
1735 4941 1793 4978 τε
1815 4926 1905 4980 καὶ

322 5007 522 5078 ἀληθὲς
555 5008 750 5079 ὄνομα,
790 5029 806 5061 ι
843 5011 1046 5082 Κύριός
1083 5029 1208 5082 μου,
1243 5016 1532 5087 καταφυγή
1565 5032 1687 5086 μου.
1727 5035 1746 5068 ι

398 5273 602 5327 ΠΑΛΛ.
640 5273 904 5343 Σύμφημι
925 5289 939 5304 ·
967 5276 1104 5338 νοεῖς
1135 5274 1242 5345 γὰρ
1277 5275 1471 5345 ὀρθῶς.

400 5451 562 5504 ΚΥΡ.
618 5451 704 5504 Ἐν
739 5452 883 5521 χειρὶ
910 5451 964 5504 δὲ
991 5453 1232 5523 κρυφαία
1260 5455 1571 5525 πολεμήσας
1601 5455 1690 5508 τὸν
1712 5455 1898 5524 νοητὸν

339 5541 582 5612 Ἀμαλὴκ
635 5545 730 5595 καὶ
789 5541 1088 5611 νενικηκὼς
1138 5545 1166 5594 ὁ
1217 5545 1468 5613 Χριστὸς,
1526 5546 1900 5616 κατεκράτησε

327 5632 435 5683 τῶν
477 5633 666 5696 ἐθνῶν,
723 5635 814 5687 καί
847 5634 1145 5704 διήρπασεν
1198 5634 1360 5686 αὐτοῦ
1406 5635 1472 5688 τὰ
1519 5637 1707 5706 σκεύη,
1762 5639 1902 5691 καθὰ

469 5748 798 5823 ,³,οὲης-,νιιῃ
837 5750 923 5805 2-1.
1002 5751 1067 5823 θ’
1109 5750 1279 5805 Exod.
1322 5769 1446 5818 xm,
1485 5753 1565 5806 19..

331 5818 377 5848 ”
409 5816 561 5872 lbid..
614 5819 697 5874 13.

1641 5757 1734 5810 ’³³1
1772 5757 1916 5811 Petr.
1966 5773 2021 5822 ιι,
2067 5757 2129 5825 7;
2164 5757 2287 5812 Isai.
2312 5773 2494 5824 xxuu,
2525 5756 2603 5812 I6.

2005 4635 2189 4689 minus
2224 4642 2410 4690 noster
2463 4643 2548 4690 est
2602 4635 2799 4701 factus,
2855 4652 2919 4692 ac
2974 4637 3269 4709 refugium,
3309 4655 3432 4693 cum
3487 4638 3583 4693 dc-

2004 4727 2224 4782 bellarit
2273 4727 2464 4782 mundi
2536 4727 2702 4797 hujus
2769 4728 3114 4799 principem,
3185 4731 3583 4800 calcaveritque

2005 4819 2197 4874 mortis
2223 4819 2536 4889 imperium,
2575 4835 2639 4874 ac
2675 4819 2918 4889 seipsum
2958 4821 3223 4876 obtulerit
3272 4837 3374 4892 pro
3426 4825 3585 4879 nobis

2004 4919 2066 4966 ut
2103 4910 2504 4966 immaculatam
2544 4911 2776 4965 hostiam
2815 4912 2871 4965 in
2907 4913 3131 4968 odorem
3166 4915 3453 4972 suavitatis
3473 4917 3583 4971 Deo

2003 5020 2066 5060 ac
2102 5001 2268 5058 Patri.
2309 5002 2436 5057 Fuit
2472 5002 2640 5074 igitur
2676 5004 2848 5061 altare
2877 5004 3011 5059 illud
3032 5005 3236 5061 Christi
3275 5007 3468 5077 ﬁgura,
3493 5010 3580 5062 cui

2001 5089 2203 5146 decens
2237 5106 2302 5145 ac
2337 5107 2530 5146 verum
2567 5108 2767 5148 nomen
2807 5102 2911 5159 est,
2954 5094 3220 5149 Dominus
3274 5111 3448 5159 meus,
3491 5113 3579 5150 ro-

2001 5183 2210 5254 fugium
2249 5198 2455 5236 meum.

2070 5274 2266 5330 PALL.
2304 5274 2588 5330 Assentior
2634 5293 2645 5327 :
2687 5275 2890 5344 optimc
2940 5292 3174 5346 namque
3221 5278 3425 5333 sentire
3502 5281 3582 5332 vi-

2001 5368 2168 5423 deris.

2070 5458 2227 5514 CYII.
2250 5458 2399 5513 Bello
2435 5459 2616 5528 itaque
2641 5466 2791 5527 gesto
2839 5458 3099 5513 adversus
3115 5459 3218 5530 91
3244 5461 3582 5531 spiritualem

2003 5551 2221 5605 Amalec
2240 5550 2294 5603 in
2326 5565 2489 5603 manu
2515 5550 2747 5614 occulta,
2788 5564 2964 5618 eoque
3001 5549 3166 5611 victo,
3205 5552 3461 5608 Christus
3479 5554 3579 5608 ob-

2006 5639 2172 5694 tinuit
2209 5645 2418 5709 gentes,
2459 5638 2734 5708 ligathue
2775 5639 2924 5703 forti,
2967 5649 3027 5695 ut
3067 5641 3182 5712 ipse
3225 5643 3420 5714 inquit,
3461 5646 3580 5713 ejus

2682 5758 2726 5790 Μ
2751 5758 2871 5814 Isai.
2896 5777 2931 5826 I,
2950 5761 2998 5814 9.
3080 5761 3122 5793 ’⁸
3148 5761 3314 5816 Exod.
3339 5775 3462 5822 xm,
3495 5757 3578 5814 14.
