4082 6304
562 402 670 461 27)

1587 399 1642 456 S.
1683 399 1958 458 CYRILLI
1993 396 2463 456 ALEXANDRI'NI
2501 393 2818 452 ARCHIEP.

3718 388 3812 443 280

563 531 694 572 vasa
729 513 960 584 diripuit
976 513 1042 566 ³⁷.
1070 512 1300 585 Gregem
1337 513 1506 580 enim,
1542 517 1636 585 qui
1673 515 1805 571 olim
1846 516 1951 572 sub
1996 515 2143 570 illius

2246 531 2410 587 φησιν
2435 515 2620 580 αὐτὸς,
2665 511 2976 582 καταδήσας
3006 507 3096 561 τὸν
3143 507 3384 580 ἰσχυρόν.
3430 505 3548 576 Τὴν
3587 503 3695 576 γὰρ
3731 505 3813 558 ὑπ’

564 604 772 660 ditione
809 602 1010 668 fuerat,
1031 604 1281 675 gentiles,
1306 603 1550 674 inquam,
1572 620 1699 660 cum
1718 605 1998 662 veteribus
2023 620 2147 677 gre-

561 693 722 764 gibus
758 693 1062 764 conjunxit,
1100 693 1336 764 ideoque
1373 693 1592 750 dicebat
1628 712 1640 746 :
1681 713 1716 746 ι.
1742 695 1811 750 Ει
1847 695 1982 750 alias
2015 709 2146 749 oves

563 784 761 850 habeo,
802 800 925 856 quae
961 800 1074 840 non
1111 793 1241 840 sunt
1276 802 1344 841 ex
1377 785 1484 842 hoc
1519 785 1688 842 ovili:
1728 793 1786 842 et
1821 786 1943 841 illas
1982 800 2146 856 opor-

565 881 641 928 tet
676 890 765 930 me
806 873 1082 930 adducere
1106 915 1120 940 ,
1159 884 1216 931 et
1253 891 1443 932 vocem
1481 893 1658 932 meam
1696 877 1942 943 audient,
1965 887 2020 932 et
2051 877 2146 932 ﬁet

563 979 736 1020 unum
758 967 922 1032 ovile,
962 983 1106 1022 unus
1135 976 1322 1038 pastor
1341 968 1406 1022 ⁸⁸.
1435 989 1454 1020 ι
1497 968 1753 1025 Christus
1813 977 1996 1025 autem
2038 985 2145 1041 pax

560 1063 750 1112 nostra
806 1065 910 1124 est,
964 1058 1119 1129 juxta
1173 1057 1522 1130 Scripturas,
1581 1061 1676 1130 qui
1727 1059 1857 1116 fecit
1911 1068 2144 1131 utraque

564 1164 758 1215 unum,
813 1157 871 1204 et
921 1150 1166 1206 medium
1218 1151 1487 1222 parietem
1539 1151 1794 1206 maceria:
1845 1152 2029 1218 solvit,
2089 1160 2146 1208 et

565 1237 882 1296 inimicitias
926 1238 981 1294 in
1021 1255 1186 1295 carne
1241 1257 1360 1306 sua,
1415 1241 1590 1312 legem
1646 1241 2033 1296 mandatorum
2086 1241 2145 1296 in

563 1327 800 1384 decretis
845 1330 1216 1395 evacuavit”,
1255 1337 1421 1400 atque
1459 1331 1514 1385 in
1548 1347 1722 1386 unum
1783 1346 1988 1385 novum
2041 1329 2142 1385 ho-

561 1418 767 1474 minem
818 1429 935 1475 tum
970 1435 1067 1474 eos
1115 1421 1210 1490 qui
1253 1436 1322 1476 ex
1377 1421 1820 1487 circumcisione,
1877 1429 1992 1476 tum
2047 1421 2144 1492 qui

561 1514 716 1561 extra
751 1507 927 1580 legem
959 1516 1138 1574 erant,
1181 1509 1520 1566 conciliavit.
1557 1510 1678 1566 Iam
1712 1526 1848 1566 vero
1887 1511 2142 1567 conside-

561 1613 652 1653 res
683 1597 885 1654 iterum
915 1599 1080 1654 velim
1109 1615 1366 1672 magnum
1384 1601 1492 1656 hoc
1506 1600 1877 1674 :mysterium,
1900 1603 2058 1672 quasi
2085 1602 2142 1658 in

448 1727 457 1736 .
528 1678 755 1745 lumbra
789 1698 847 1746 et
879 1692 1197 1764 aenigmate,
1235 1692 1383 1768 quod
1425 1693 1494 1748 iis
1527 1709 1651 1765 qua:
1687 1695 1850 1750 modo
1888 1711 1919 1750 a
1983 1695 2144 1750 nobis

560 1781 708 1836 dicta
737 1790 888 1847 sunt,
929 1781 1076 1838 illico
1111 1782 1434 1854 adjunctum
1475 1792 1580 1840 est.
1609 1803 1628 1836 ‹
1654 1783 1882 1840 Audivit
1919 1784 2088 1850 enim,
2117 1803 2135 1834 ι

560 1870 762 1942 inquit,
803 1891 821 1924 ι
845 1872 1036 1928 Jethro
1067 1872 1327 1928 sacerdos
1357 1873 1574 1928 Madian
1593 1888 1749 1929 socer
1771 1874 1942 1946 Moysi
1961 1873 2146 1928 omnia
2177 1854 2219 1909 Β

559 1978 902 2034 quaecunque
923 1963 1056 2019 fecit
1089 1963 1359 2018 Dominus
1380 1963 1569 2020 lsraeli
1598 1980 1700 2020 suo
1725 1966 1966 2036 populo;
2006 1965 2144 2021 edu-

560 2055 641 2109 xit
670 2055 815 2110 enim
855 2055 1122 2111 Dominus
1159 2055 1328 2112 Israel
1354 2071 1422 2112 ex
1444 2056 1696 2129 Egypto.
1718 2059 1943 2128 Accepit
1961 2065 2145 2112 autem

557 2143 752 2201 Jethro
789 2161 948 2202 socer
974 2146 1144 2219 Moysi
1173 2145 1515 2218 Sepphoram
1552 2163 1778 2204 uxorem
1813 2148 1984 2220 Moysi
2024 2159 2147 2219 post

559 2235 937 2292 dimissionem
971 2237 1112 2309 ejus,
1153 2244 1211 2292 et
1237 2236 1376 2291 duos
1425 2235 1569 2292 ﬁlios
1613 2238 1771 2308 ejus;
1811 2253 2016 2294 nomen
2048 2231 2144 2292 uni

557 2329 806 2398 Gersam,
829 2331 1055 2388 dicens:
1081 2331 1307 2388 Advena
1345 2330 1425 2386 fui
1458 2331 1516 2386 in
1557 2341 1706 2388 terra
1741 2333 1940 2388 aliena:
1966 2340 2022 2388 et
2042 2348 2142 2388 no-

559 2437 687 2478 men
711 2424 938 2480 secundi
975 2425 1212 2493 Eliezer,
1240 2427 1434 2483 dicens
1457 2445 1469 2480 :
1491 2425 1640 2482 Deus
1657 2426 1806 2481 enim
1839 2425 2012 2496 patris
2035 2425 2142 2481 mei

557 2515 780 2588 adjutor
813 2533 990 2584 meus,
1029 2527 1087 2574 et
1121 2519 1378 2576 liberavit
1429 2534 1516 2574 me
1563 2518 1632 2574 de
1679 2535 1847 2574 manu
1901 2519 2142 2575 Pharao-

558 2605 666 2662 nis.
691 2607 760 2662 Et
793 2609 948 2664 venit
980 2609 1172 2665 Jethro
1204 2625 1362 2665 socer
1399 2608 1591 2681 Moysi,
1628 2619 1686 2664 et
1723 2609 1822 2664 ﬁlii
1872 2617 1928 2665 et
1980 2625 2139 2676 uxor,

557 2697 630 2754 ad
665 2699 888 2772 Moysen
915 2701 972 2754 in
992 2699 1294 2767 desertum,
1335 2701 1430 2756 ubi
1469 2710 1886 2758 castrametatus
1931 2709 2050 2756 erat
2084 2702 2141 2756 in

561 2801 804 2847 montem
825 2793 944 2848 Dei.
964 2793 1289 2848 Nuntiatum
1331 2803 1418 2850 est
1443 2801 1628 2850 autem
1645 2795 1814 2866 Moysi
1837 2811 1868 2848 a
1904 2792 2140 2850 dicenti-

559 2883 666 2938 bus
689 2900 702 2937 :
725 2883 867 2939 Ecce
889 2898 1048 2940 socer
1072 2893 1200 2940 tuus
1223 2884 1414 2940 Jethro
1431 2885 1582 2941 venit
1600 2885 1667 2940 ad
1690 2895 1763 2951 te,
1787 2893 1844 2940 et
1879 2899 2017 2938 uxor
2051 2890 2141 2938 tua

560 2981 619 3028 et
636 2973 748 3029 duo
771 2973 873 3030 ﬁlii
893 2975 972 3029 tui
996 2989 1122 3030 cum
1150 2990 1238 3031 eo.
1279 2976 1546 3048 Egressus
1587 2984 1674 3030 est
1699 2985 1883 3030 autem
1932 2975 2142 3046 Moyses

561 3064 621 3120 in
654 3079 945 3123 occursum
984 3082 1177 3123 socero
1223 3083 1344 3133 suo,
1382 3077 1440 3124 et
1477 3068 1728 3124 adoravit
1763 3081 1913 3132 eum,
1953 3074 2010 3121 et
2047 3081 2140 3121 os-

559 3157 779 3212 culatus
803 3173 952 3224 eum,
981 3166 1037 3214 et
1054 3159 1292 3229 amplexi
1329 3168 1458 3214 sunt
1478 3159 1734 3226 invicem,
1761 3168 1818 3216 et
1838 3158 2142 3214 introduxit

559 3261 686 3302 eum
707 3246 764 3302 in
783 3248 1222 3314 tabernaculum,
1243 3258 1299 3304 et
1318 3251 1564 3306 narravit
1581 3251 1792 3321 Moyses
1811 3265 2005 3304 socero
2042 3265 2144 3306 suo

559 3337 744 3393 omnia
777 3353 1119 3410 quaecunque
1157 3339 1287 3394 fecit
1324 3340 1590 3394 Dominus
1626 3341 1900 3395 Pharaoni
1923 3340 2148 3412 etlEgy-

558 3430 694 3501 ptiis
715 3437 942 3500 propter
979 3430 1170 3496 Israel,
1207 3440 1264 3485 et
1292 3446 1512 3486 omnem
1548 3431 1791 3486 laborem
1813 3433 1910 3502 qui
1945 3433 2148 3488 accidit

559 3521 644 3576 eis
661 3523 720 3574 in
739 3519 850 3586 via,
871 3527 932 3575 et
947 3520 1094 3593 quod
1116 3521 1266 3576 eruit
1283 3537 1382 3577 eos
1403 3521 1668 3578 Dominus
1693 3521 1760 3578 de
1798 3539 1962 3578 manu
2002 3524 2145 3601 Pha-

563 3611 768 3678 raonis,
788 3619 846 3668 et
883 3611 952 3668 de
987 3628 1155 3668 manu
1188 3613 1588 3687 Egyptiorum.
1628 3613 1928 3687 Obstupuit
1963 3627 2146 3673 autem

557 3697 752 3754 Jethro
771 3714 936 3771 super
967 3701 1225 3758 omnibus
1244 3703 1404 3759 benis
1433 3719 1555 3774 quae
1591 3703 1723 3760 fecit
1756 3706 1838 3763 eis
1856 3705 2142 3774 Dominus,

559 3789 708 3860 quod
733 3791 882 3846 eruit
901 3805 998 3848 eos
1017 3793 1283 3848 Dominus
1299 3793 1367 3849 de
1387 3794 1961 3868 manuASgyptiorum,
1984 3805 2040 3853 et
2075 3798 2146 3854 de

562 3896 726 3937 manu
746 3883 1069 3942 Pharaonis.
1093 3886 1162 3940 Et
1183 3885 1321 3941 dixit
1344 3886 1538 3943 Jethro
1564 3905 1578 3941 ε
1605 3889 1933 3949 Benedictus
1956 3891 2145 3946 Domi-

561 3991 686 4045 nus,
717 3979 975 4049 quoniam
992 3981 1139 4036 eruit
1158 3983 1422 4052 populum
1437 3997 1597 4038 suum
1610 3983 1676 4037 de
1689 3999 1850 4039 manu
1862 3983 2145 4056 Egyptia-

562 4084 706 4136 rum,
726 4077 784 4125 et
803 4069 874 4126 de
891 4085 1060 4126 manu
1081 4072 1418 4130 Pharaonis:
1440 4090 1588 4130 nunc
1612 4077 1838 4148 cognovi
1861 4077 2010 4148 quod
2033 4093 2148 4132 ma-

556 4177 698 4235 gnus
718 4165 985 4222 Dominus
1009 4165 1118 4238 92
1148 4182 1315 4238 super
1344 4183 1536 4224 omnes
1568 4167 1723 4236 deos,
1770 4178 1996 4240 propter
2041 4169 2148 4227 hoc

557 4258 706 4328 quod
761 4259 1000 4330 superbe
1034 4269 1268 4331 egerunt
1308 4261 1409 4316 eis.
1428 4261 1498 4316 Et
1527 4262 1740 4333 accepit
1761 4247 1955 4318 Jethro
1987 4278 2147 4320 socer

565 4350 735 4423 Moysi
770 4350 1087 4408 holocausta
1117 4361 1175 4408 et
1209 4351 1461 4409 victimas
1501 4353 1614 4408 Deo
1642 4354 1833 4410 :venit
1873 4362 2056 4410 autem
2090 4363 2146 4410 et

555 4444 760 4510 Aaron,
781 4450 838 4500 et
857 4459 1051 4501 omnes
1089 4445 1338 4502 seniores
1348 4445 1517 4501 Israel
1537 4446 1605 4500 ad
1627 4447 2027 4503 comedendum
2049 4464 2146 4520 pa-

2247 607 2441 678 ἐκείνῳ
2482 605 2825 678 πράττουσαν
2881 601 3082 671 ἀγέλην
3120 598 3271 665 ποτὲ,
3315 599 3464 670 φημὶ
3511 597 3577 670 δὴ
3604 600 3728 662 τοὺς
3762 598 3816 664 ἐξ

2245 697 2435 765 ἐθνῶν,
2477 700 2590 762 τοῖς
2621 694 3001 768 ἀρχαιοτέροις
3035 691 3238 762 συνῆψε
3267 689 3578 761 ποιμνίοιςο
3611 689 3814 762 τοιγάρ-

2244 807 2328 844 τοι
2376 789 2470 844 καί
2517 788 2722 858 ἔφασκε
2745 804 2758 816 ·
2803 803 2824 838 ‹
2868 784 2980 840 Kal
3023 783 3160 838 ἄλλα
3201 781 3452 856 πρόϐατα
3497 780 3626 852 ἔχω,
3667 779 3701 834 ἃ
3726 783 3814 836 οὐκ

2245 879 2392 934 ἐστιν
2413 881 2476 934 ὲκ
2504 881 2604 952 τῆς
2637 879 2808 950 αὒλῆς
2835 876 3060 948 ταύτης,
3089 875 3320 929 κάκεῖνά
3352 891 3423 945 με
3461 873 3544 926 δεῖ
3585 873 3814 942 ἀγαγεῖν,

2245 969 2340 1023 καὶ⁹
2383 969 2482 1041 τῆς
2521 967 2706 1038 φωνῆς
2754 984 2854 1037 μου
2885 965 3212 1020 ἀκούσουσι’
3258 963 3353 1018 καὶ
3393 961 3686 1032 γενήσεται
3729 961 3818 1033 μία

2245 1060 2471 1132 ποίμνη,
2501 1055 2582 1124 εἷς
2629 1059 2856 1130 ποιμήν.
2899 1076 2918 1110 ι
2964 1056 3200 1128 Χριστὸς
3244 1055 3304 1108 δὲ
3360 1055 3516 1108 ἐστιν
3564 1054 3599 1124 ἡ
3640 1053 3813 1125 εἰρήνη

2247 1152 2424 1222 ἡμῶν,
2457 1150 2600 1205 κατὰ
2626 1150 2726 1214 τὰς
2747 1148 2990 1222 Γραφὰς,
3021 1149 3050 1200 ό
3074 1147 3309 1218 ποιήσας
3337 1145 3408 1198 τὰ
3428 1142 3714 1216 ἀμφότερα
3742 1144 3810 1212 ἒν,

2247 1245 2342 1298 καὶ
2364 1244 2425 1298 τὸ
2459 1244 2773 1315 μεσότοιχον
2803 1240 2898 1296 τοῦ
2939 1239 3197 1313 φραγμοῦ
3227 1237 3423 1302 λύσας,
3472 1237 3570 1292 καὶ
3605 1236 3699 1307 τὴν
3733 1236 3814 1306 ἒχ-

2246 1333 2382 1404 θραν
2409 1336 2466 1388 ὲν
2507 1336 2574 1406 τῇ
2605 1333 2770 1402 σαρκί
2799 1331 2988 1396 αὑτοῦ,
3023 1331 3116 1384 τὸν
3153 1331 3320 1400 νόμον
3351 1328 3470 1382 τῶν
3495 1326 3720 1382 ἐντολῶν
3764 1329 3815 1380 ὲν

2243 1424 2475 1495 δόγμασι
2522 1425 2913 1495 καταργήσας,
2983 1422 3077 1476 καὶ
3115 1423 3193 1485 εἰς
3250 1419 3350 1475 ἕνα
3387 1418 3578 1472 καινὸν
3621 1417 3814 1490 ἄνθρω-

2249 1531 2346 1568 πον
2406 1513 2530 1578 τούς
2560 1531 2620 1568 τε
2665 1516 2730 1568 ἐκ
2761 1513 3064 1586 περιτομῆς
3091 1511 3185 1566 καὶ
3212 1511 3340 1575 τοὺς
3385 1509 3493 1574 ἔξω
3522 1510 3684 1580 νόμου
3709 1525 3816 1562 συν-

2245 1605 2502 1675 ενεγκών.
2529 1606 2720 1679 Ἀθρει
2747 1605 2812 1677 δὴ
2843 1600 2937 1661 οὖν
2963 1603 3124 1658 πάλιν
3151 1603 3308 1657 τοῦτο
3331 1600 3482 1673 μέγα
3513 1602 3814 1672 μυστήριον,

2245 1701 2357 1762 τοῖς
2403 1698 2606 1768 ἀρτίως
2643 1700 2774 1770 ἡμῖν
2808 1697 3120 1770 εἰρημένοις
3166 1693 3642 1768 παρεζευγμένον,
3668 1692 3740 1756 ὼς
3765 1693 3816 1746 ὲν

2247 1788 2376 1857 σκιᾷ
2393 1787 2835 1858 καὶαίνίγμασιν.
2857 1805 2874 1837 ι
2902 1787 3142 1839 Ἤκουσε
3162 1783 3294 1854 γὰρ,
3321 1802 3339 1834 ι
3371 1781 3602 1854 φησίν,‹
3644 1779 3812 1852 Ἰοθδρ,

2245 1879 2274 1930 ὁ
2299 1876 2476 1948 ἱερεὺς
2491 1875 2740 1946 Μαδιάμ,
2763 1876 2792 1927 ὁ
2817 1872 3064 1944 γαμϐρὸς
3077 1870 3275 1940 Μωσῆ,
3291 1869 3476 1923 πάντα
3498 1869 3598 1920 ὅσα
3612 1866 3815 1938 ἐποίησε

2247 1969 2450 2040 Κύριος
2491 1967 2707 2040 Ἰσραὴλ
2733 1967 2810 2038 τῷ
2831 1964 3026 2020 ἑαυτοῦ
3049 1963 3165 2035 λαῷ
3188 1980 3202 1996 ο
3229 1963 3474 2034 ἐξήγαγε
3501 1961 3610 2031 γὰρ
3631 1957 3816 2030 Κύριος

2245 2041 2336 2116 τόν
2391 2062 2608 2134 Ἰσραὴλ
2654 2061 2714 2128 ἐξ
2755 2059 3054 2128 Αἰγύπτου.
3092 2055 3294 2110 Ἔλαϐε
3343 2053 3410 2108 δὲ
3466 2053 3562 2107 καὶ
3610 2051 3816 2122 Ἰοθδρό

2246 2155 2498 2227 γαμϐρὸς
2517 2153 2760 2218 Μωσέως
2787 2149 3090 2222 Σεπφώραν
3111 2147 3210 2219 τὴν
3237 2149 3485 2217 γυναῖκα
3509 2146 3676 2215 Μωσῆ
3693 2143 3814 2213 μετᾶ

2245 2248 2346 2320 τὴν
2372 2247 2564 2316 ἄφεσιν
2605 2244 2797 2315 αὐτῆς,
2825 2243 2921 2298 καὶ
2951 2242 3076 2305 τοὺς
3116 2239 3211 2293 δύο
3237 2239 3395 2302 υἱοὺς
3419 2237 3591 2306 αὐτῆς
3617 2250 3632 2265 ·
3661 2234 3813 2304 ὄνομα

2244 2341 2323 2411 τῷ
2363 2341 2444 2395 ἑνὶ
2484 2339 2716 2413 Γερσὰν,
2749 2337 2924 2406 λέγων
2942 2355 2956 2370 ’
2986 2335 3258 2408 Πάροικος
3286 2333 3443 2404 ἤμην
3473 2332 3532 2384 ὲν
3559 2331 3629 2401 γῇ
3671 2327 3812 2383 ἁλλο-

2243 2425 2390 2505 τρίᾳ·
2414 2433 2510 2488 καὶ
2532 2433 2593 2486 τὸ
2611 2431 2782 2503 ὄνομα
2805 2429 2902 2485 τοῦ
2939 2427 3190 2503 δευτέρου
3224 2423 3438 2489 Ἑλιεζὲ
3449 2441 3500 2496 ρ,
3528 2423 3718 2491 λέγων’
3757 2419 3812 2474 '0

2243 2526 2352 2598 γὰρ
2391 2524 2524 2589 Θεὸς
2570 2523 2663 2590 τοῦ
2695 2523 2900 2594 πατρός
2933 2538 3036 2592 μου
3072 2519 3264 2590 βοηθός
3305 2533 3439 2588 μου,
3474 2515 3570 2570 καὶ
3599 2513 3810 2578 ἑξείλετό

2248 2634 2315 2689 με
2343 2617 2408 2670 ὲκ
2435 2615 2619 2688 χειρὸς
2658 2612 2875 2685 Φαραὼ.
2925 2611 3036 2664 Καὶ
3075 2605 3239 2680 ἦλθεν
3280 2606 3458 2678 Ἱοθὸρ
3507 2607 3536 2659 ὁ
3580 2601 3810 2674 γαμϐρὸς

2243 2707 2442 2780 Μωσῆ,
2472 2709 2570 2762 καὶ
2597 2707 2647 2760 οἱ
2680 2705 2789 2761 υίοὶ
2817 2703 2911 2758 καὶ
2952 2704 2986 2773 ἡ
3031 2699 3192 2772 γυνὴ,
3227 2698 3362 2772 πρὸς
3393 2697 3602 2766 Μωσῆν
3629 2697 3704 2758 εἰς
3719 2693 3808 2762 τὴν

2243 2803 2467 2876 ἔρημον,
2488 2795 2880 2872 οὖοπαρέλαϐεν
2897 2795 2991 2850 ἐπὶ
3009 2795 3070 2848 τὸ
3085 2793 3208 2866 ὅρος
3223 2792 3318 2846 τοῦ
3339 2790 3510 2846 Θεοῦ.
3523 2787 3809 2859 ’Δνηγγέλη

2241 2895 2296 2949 δὲ
2328 2895 2501 2966 Μωσῇ
2535 2893 2789 2961 λέγοντες
2808 2905 2824 2921 ο
2871 2888 3001 2941 ’ἰδοὺ
3032 2889 3060 2940 ό
3088 2884 3338 2956 γαμϐρός
3367 2900 3468 2938 σου
3522 2880 3682 2951 Ἰοθδρ
3712 2895 3806 2932 πα-

2244 2987 2524 3062 ραγίνεται
2561 2985 2698 3058 πρὸς
2733 2983 2812 3050 σὲ,
2847 2983 2941 3037 καὶ
2979 2983 3014 3054 ή
3042 2979 3182 3052 γυνὴ
3224 2977 3320 3033 καὶ
3357 2977 3416 3030 οἰ
3443 2975 3537 3030 δύο
3585 2971 3688 3026 υἰοί
3725 2986 3807 3062 σου

2247 3059 2365 3153 μετ’
2407 3078 2622 3134 αὑτοῦ..
2647 3073 2870 3148 Ἐξῆλθε
2923 3074 2982 3127 δὲ
3017 3071 3224 3143 Μωσῆς
3276 3070 3358 3133 εἰς
3391 3067 3715 3137 συνάντησιν
3739 3059 3808 3130 τῷ

2245 3171 2482 3245 γαμϐρῷ
2511 3169 2678 3226 αὐτοῦ
2707 3167 2913 3240 Ἰοθὸρ,
2945 3166 3039 3222 καὶ
3077 3161 3495 3238 προσεκύνησεν
3524 3157 3686 3230 αὐτῷ,
3725 3156 3809 3209 καὶ

2249 3264 2614 3335 κατεφίλησεν
2663 3260 2847 3324 αὐτὸν,
2897 3259 2993 3314 καὶ
3037 3256 3357 3328 ἠσπάσαντο
3395 3254 3680 3326 ἀλλήλους,
3725 3249 3809 3303 καὶ

2247 3353 2776 3431 εἰσήγαγεναύτοὺς
2824 3353 2904 3416 εἰς
2947 3351 3047 3422 τὴν
3090 3349 3298 3421 σκηνήν
3321 3361 3336 3378 ⁶
3399 3347 3499 3402 καὶ
3534 3343 3810 3431 διηγήσατο

2247 3430 2454 3522 Μωσῆς
2479 3448 2558 3520 τῷ
2580 3443 2825 3522 γαμϐρῷ
2841 3443 3022 3498 πάντα
3046 3443 3148 3496 ὅσα
3180 3439 3442 3510 ἐποίησεν
3467 3439 3496 3492 ό
3519 3435 3716 3507 Κύριος
3739 3430 3810 3500 τῷ

2247 3519 2449 3612 Φαραῶ
2491 3541 2587 3594 καὶ
2629 3541 2739 3602 τοῖς
2770 3519 3090 3606 Αἰγυπτίοις
3117 3533 3281 3588 ἓνεκα
3311 3529 3407 3584 τοῦ
3470 3527 3699 3601 Ἰσραὴλ,
3724 3523 3809 3612 καί

2250 3611 2428 3688 πάντα
2461 3631 2553 3686 τὸν
2587 3627 2786 3702 μόχθον
2823 3627 2917 3681 τὸν
2951 3627 3242 3697 γενόμενον
3289 3622 3480 3686 αὐτοῖς
3510 3621 3568 3674 ὲν
3594 3619 3658 3688 τῇ
3693 3611 3805 3683 ὀδῷ,

2247 3725 2341 3780 καὶ
2379 3725 2459 3780 ὃτι
2509 3722 2745 3791 ἐξείλετο
2789 3721 2990 3783 αὐτοὺς
3021 3717 3228 3788 Κύριος
3277 3716 3341 3768 ὲκ
3377 3711 3562 3785 χειρὸς
3601 3702 3805 3778 Φαραὼ.

2248 3817 2342 3872 καὶ
2371 3817 2438 3870 ἐκ
2481 3813 2664 3886 χειρὸς
2699 3811 2807 3866 τῶν
2850 3808 3182 3879 Αἰγυπτίων.
3227 3805 3455 3876 Ἐξὲστη
3489 3803 3546 3856 δὲ
3587 3802 3616 3854 ὁ
3656 3795 3807 3866 Ἷοθδρ

2247 3908 2340 3962 ἐπὶ
2381 3908 2517 3961 πᾶσι
2553 3907 2667 3968 τοῖς
2699 3901 2926 3972 ἀγαθοῖς
2965 3895 3047 3965 οἷς
3077 3898 3334 3970 ἐποίησεν
3365 3896 3568 3959 αὐτοὺς
3597 3891 3806 3962 Κύριος,

2245 4000 2326 4053 ὃτι
2364 3997 2600 4062 ἐξείλετο
2629 3995 2826 4058 αὐτοὺς
2855 3991 3061 4064 Κύριος
3091 3993 3155 4045 ὲκ
3174 3989 3357 4062 χειρὸς
3381 3984 3692 4057 Αἰγυπτίων
3721 3978 3806 4035 καὶ

2246 4091 2310 4143 ὲκ
2347 4087 2529 4160 χειρὸς
2547 4084 2766 4156 Φαραώ.
2797 4083 2909 4137 Καὶ
2939 4079 3092 4136 εἶπεν
3125 4079 3312 4150 ἰοθόρ·
3367 4074 3671 4148 Εὐλογητὸς
3699 4068 3804 4124 K6-

2247 4198 2382 4253 ριος,
2411 4180 2492 4232 ὅτι
2513 4175 2741 4243 ἐξείλετο
2759 4176 2854 4229 τὸν
2875 4173 3005 4228 λαὸν
3032 4171 3196 4226 αὑτοῦ
3227 4173 3292 4225 ὲκ
3315 4171 3500 4242 χειρὸς
3524 4167 3630 4222 τῶν
3657 4164 3806 4231 Δίγυ-

2246 4273 2438 4338 πτίων,
2461 4270 2556 4324 καὶ
2587 4270 2652 4323 ὲκ
2680 4266 2862 4340 χειρὸς
2889 4264 3118 4336 Φαραώ.
3151 4261 3268 4317 Νῦν
3299 4261 3502 4332 ἔγνων,
3533 4261 3614 4314 ὅτι
3641 4255 3805 4326 μέγας

2247 4363 2449 4432 Κύριος
2474 4358 2627 4432 παρὰ
2659 4357 2866 4422 πάντας
2892 4357 3019 4420 τοὺς
3052 4355 3229 4419 θεοὺς,
3258 4352 3448 4406 ἕνεκεν
3476 4351 3688 4411 τούτου,
3731 4342 3804 4396 ὅτι

2246 4431 2500 4508 ἐπέθεντο
2525 4451 2725 4515 αὐτοῖς.
2763 4449 2874 4503 Καὶ
2917 4447 3106 4502 ἔλαϐεν
3144 4445 3314 4516 Ἰοθὸρ
3357 4441 3604 4516 γαμϐρὸς
3644 4431 3802 4500 Μωσῆ

555 4549 683 4589 nem
700 4549 826 4590 cum
846 4551 1037 4593 socero
1059 4536 1226 4609 Moysi
1247 4552 1433 4594 coram
1453 4539 1585 4593 Deo.
1603 4538 1671 4592 Et
1690 4537 1894 4594 factum
1913 4547 1997 4595 est
2017 4547 2142 4610 post

2246 4543 2668 4616 ὁλοκαυτώματα
2705 4543 2800 4598 καί
2831 4541 3021 4605 Θυσίας
3059 4537 3139 4610 τῷ
3174 4536 3294 4608 Θεῷ
3315 4554 3330 4568 ·
3367 4533 3720 4608 παρεγένοντο
3753 4524 3804 4577 δὲ

555 4626 855 4683 crastinum
877 4629 1126 4684 consedit
1145 4629 1356 4702 Moyses
1375 4628 1442 4684 ad
1457 4629 1718 4701 judicand
1727 4646 1816 4684 um
1837 4631 2099 4702 populum
2123 4648 2140 4698 ;

555 4717 846 4774 assistebat
879 4729 1064 4776 autem
1095 4721 1273 4775 omnis
1289 4719 1527 4791 populus
1546 4719 1713 4792 Moysi
1734 4736 1765 4774 a
1787 4736 1946 4776 mane
1968 4737 2142 4792 usque

556 4809 625 4863 ad
643 4821 956 4878 vesperum.
970 4809 1176 4865 Videris
1187 4818 1368 4864 autem
1389 4809 1581 4865 Jethro
1591 4809 1778 4864 omnia
1800 4826 2144 4882 quaecunque

557 4899 793 4956 faciebat
806 4899 1030 4969 populo,
1052 4899 1231 4968 inquit
1253 4919 1266 4953 :
1288 4899 1431 4966 Quid
1451 4900 1556 4954 hoc
1574 4908 1630 4954 tu
1650 4899 1786 4956 facis
1801 4901 2028 4972 populo?
2047 4917 2147 4958 cur

557 5001 618 5049 tu
637 4990 798 5048 sedes
817 4991 987 5058 solus,
1007 4997 1064 5046 et
1082 4991 1262 5046 omnis
1276 4980 1674 5062 p0pulus'astat
1690 4993 1792 5048 tibi
1817 5007 1849 5046 a
1867 5005 2026 5046 mane
2045 5006 2140 5046 us-

556 5100 664 5156 que
678 5083 748 5142 ad
767 5083 1100 5156 vesperum?
1126 5083 1196 5138 Et
1212 5081 1348 5138 dicit
1381 5082 1592 5154 Moyses
1627 5099 1822 5140 socero
1838 5101 1940 5142 suo
1965 5103 1978 5139 :
2001 5084 2141 5153 Quia

557 5177 710 5232 venit
727 5176 797 5232 ad
819 5191 906 5232 me
925 5176 1164 5247 populus
1180 5188 1428 5244 quaerere
1444 5173 1715 5244 judicium
1733 5190 1764 5230 a
1785 5176 1918 5232 Deo.
1949 5175 2140 5244 Quan-

559 5266 631 5322 do
647 5268 795 5323 enim
813 5267 982 5325 fuerit
999 5267 1081 5324 eis
1101 5264 1496 5331 controversia,
1533 5271 1592 5318 et
1625 5267 1880 5322 venerint
1919 5269 1988 5323 ad
2027 5283 2142 5333 me,

553 5359 744 5432 judico
788 5360 933 5416 inter
955 5360 1218 5432 singulos,
1239 5366 1294 5414 et
1313 5357 1484 5414 doceo
1507 5357 1629 5412 illos
1667 5358 1922 5414 mandata
1953 5361 2050 5416 Dei
2089 5369 2146 5416 et

547 5451 737 5523 legem
754 5449 894 5520 ejus.
917 5449 1064 5504 Dixit
1081 5457 1267 5504 autem
1305 5461 1465 5503 socer
1499 5445 1668 5518 Moysi
1709 5445 1778 5501 ad
1815 5461 1981 5502 eum:
2023 5450 2143 5504 Non

561 5546 712 5596 recte
745 5537 883 5594 facis
918 5540 1149 5596 verbum
1204 5539 1349 5606 hoc;
1403 5537 1756 5608 corruptione
1802 5540 2144 5596 c0nsumeris

569 5629 896 5690 intolerabili
935 5639 994 5686 et
1018 5639 1102 5698 tu,
1136 5639 1196 5688 et
1227 5629 1408 5687 omnis
1427 5629 1663 5699 populus
1692 5628 1784 5684 hic
1806 5628 1900 5699 qui
1931 5639 2016 5686 est
2060 5639 2142 5687 te-

2251 4635 2462 4708 Ἀαρὼν
2493 4635 2588 4690 καί
2615 4635 2812 4700 πάντες
2844 4635 2894 4687 οἰ
2927 4630 3294 4704 πρεσϐύτεροι
3353 4625 3571 4700 Ἰσραὴλ
3603 4632 3804 4714 συμιραῑ

2239 4729 2356 4795 γεῖν
2384 4727 2549 4798 ἄρτον
2581 4725 2721 4797 μετὰ
2756 4726 2850 4778 τοῦ
2883 4721 3137 4794 γαμϐροῦ
3167 4721 3417 4784 Μωσέως
3449 4713 3685 4773 ἐναντίον
3705 4713 3800 4798 τοῦ

2243 4815 2400 4870 Θεοῦ.
2425 4797 2562 4869 ῨΚαὶ
2609 4814 2828 4882 ἐγένετο
2878 4812 3016 4882 μετὰ
3040 4811 3140 4882 τὴν
3173 4809 3460 4881 ἐπαύριον,
3503 4797 3802 4860 συνεκάθισι

2241 4908 2446 4978 Μωσῆς
2470 4907 2674 4978 κρίνειν
2699 4905 2792 4959 τὸν
2834 4905 2963 4958 λαόν
2982 4920 2995 4934 ο
3033 4903 3391 4974 παρειστήκει
3423 4900 3481 4954 δὲ
3503 4900 3532 4952 ὁ
3551 4893 3674 4954 λαὸς
3704 4887 3802 4948 πᾶς

2247 4977 2419 5072 Μωσῇ
2465 4977 2573 5052 ἀπὸ
2623 4995 2864 5069 πρωῖθεν
2911 4995 3015 5058 ἕως
3062 4993 3322 5066 ἑσπέρας.
3373 4989 3516 5046 Ἰδὼν
3543 4987 3600 5042 δὲ
3649 4977 3802 5072 Ἰοθδρ

2250 5067 2430 5146 πάντα
2453 5091 2554 5144 ὅσα
2587 5067 2810 5159 ἐποίησε
2861 5087 2942 5158 τῷ
2982 5085 3116 5156 λαῷ,
3157 5085 3342 5165 λέγει·
3395 5083 3460 5138 Τί
3501 5071 3707 5165 τοῦτοό
3745 5067 3801 5165 σὺ

2249 5182 2424 5244 ποιεῖς
2441 5180 2519 5251 τῷ
2549 5178 2700 5249 λαῷ;
2725 5157 2814 5231 διὰ
2839 5176 2894 5230 τί
2917 5157 2980 5230 σὺ
3003 5157 3240 5245 κάθησαι
3273 5175 3452 5246 μόνος,
3481 5171 3586 5234 πᾶς
3613 5164 3666 5218 δὲ
3689 5157 3798 5251 λαὸς

2251 5249 2564 5342 παρέστηκὲ
2591 5285 2674 5322 σοι
2703 5267 2811 5321 ἀπὸ
2850 5265 2996 5338 ’πρωῒ
3022 5265 3129 5329 ἓως
3149 5264 3329 5336 δείλης
3351 5282 3366 5330 ;
3394 5262 3506 5318 Καὶ
3522 5259 3664 5326 λέγει
3689 5249 3802 5304 Μω-

2251 5363 2348 5433 σῆς
2375 5361 2453 5432 τῷ
2484 5358 2721 5432 γαμϐρῷ
2741 5375 2755 5390 ⁸
2793 5359 2912 5412 Ὅτι
2945 5357 3307 5428 παραγίνεται
3343 5359 3372 5410 ό
3401 5353 3526 5417 λαὸς
3569 5345 3697 5419 πρός
3734 5353 3794 5408 με

2249 5448 2544 5521 ἐκζητῆσαι
2588 5447 2768 5520 κρίσιν
2809 5445 2958 5516 παρὰ
3001 5445 3160 5500 Θεοῦ.
3218 5446 3390 5499 Ὅταν
3426 5443 3532 5514 γὰρ
3593 5435 3796 5506 γένηται

2248 5542 2431 5604 αὐτοῖς
2457 5538 2738 5607 ἀντιλογία
2760 5539 2852 5592 καί
2873 5537 3066 5591 ἔλθωσι
3100 5536 3236 5606 πρός
3270 5554 3358 5606 με,
3391 5531 3640 5604 διακρίνω
3676 5522 3793 5614 Eata:

2249 5650 2395 5699 στον,
2428 5633 2523 5686 καὶ
2557 5630 2880 5702 συμϐιϐάξω
2912 5631 3109 5696 αὐτοὺς
3155 5628 3222 5683 τὰ
3271 5626 3656 5700 προστάγματα
3705 5620 3792 5662 του

631 5816 677 5849 ’⁷
719 5815 907 5874 Matth.
934 5832 1048 5886 xm,
1088 5816 1178 5873 29.
1225 5817 1450 5872 "Joan.
1493 5833 1546 5885 κ,
1577 5817 1661 5873 ἐϐ.
1741 5816 1784 5848 ⁹⁹
1836 5815 2021 5886 Ephes
2099 5831 2137 5879 ι,
2176 5813 2259 5878 Η,
2311 5811 2396 5868 l5.
