4082 6304
283 398 398 458 281

1038 397 1128 451 DE
1165 394 1614 453 ADORATIONE
1645 395 1714 450 IN
1754 393 2030 454 SPIRITU
2060 397 2150 453 ET
2189 388 2560 458 VERITATE.
2604 402 2734 458 LIB.
2774 403 2863 459 lll.

3457 405 3565 461 25-9.

287 515 429 569 Θεοῦ
484 512 576 568 καὶ
602 513 695 565 τὸν
712 512 878 584 νόμον
907 513 1091 567 αὐτοῦ.
1126 508 1261 568 Εῐπε
1282 514 1340 568 δὲ
1367 516 1396 568 ὀ
1421 513 1670 585 γαμϐρὸς
1698 514 1872 585 Μωσῆ

1984 532 2105 572 cum
2131 535 2144 571 :
2167 534 2332 589 grave
2368 520 2468 575 tibi
2504 521 2736 576 verbum
2763 521 2887 586 hoc,
2908 535 3018 575 non
3045 528 3253 592 poteris
3291 528 3352 575 tu
3385 521 3566 576 facere

288 608 430 679 πρὸς
470 606 633 660 αὐτόν
658 622 673 636 ι
716 606 831 660 Οὐκ
859 605 1036 677 ὀρθῶς
1079 607 1143 660 σὺ
1173 609 1349 675 ποιεῖς
1387 607 1449 661 τὸ
1501 607 1653 678 ῥῆμα
1691 605 1867 672 τοῦτο,

285 701 347 752 οὐ
380 698 586 769 δυνήσῃ
619 697 684 750 σὺ
707 700 884 751 ποιεῖν
915 698 1092 768 μόνος.
1117 698 1232 752 Νῦν
1265 698 1322 752 δὲ
1354 698 1585 753 ἄκουσόν
1619 715 1743 769 μου.
1774 697 1870 751 καὶ

288 788 682 860 συμϐουλεύσω
717 804 822 852 σοι,
850 787 944 841 κα)⁵
983 787 1137 840 ἔσται
1167 788 1196 839 ὁ
1223 787 1357 851 Θεὸς
1394 786 1534 858 μετὰ
1564 785 1679 840 σοῦ.
1710 785 1867 837 Γίνου

287 886 357 939 σὺ
383 868 463 955 τῷ
495 882 610 954 λαῷ
638 881 708 936 τὰ
740 883 878 952 πρὸς
905 882 996 936 τὸν
1034 881 1188 945 Θεὸν,
1228 881 1324 934 καὶ
1352 879 1587 942 ἀνοίσεις
1624 877 1752 940 τοὺς
1784 876 1869 929 λό-

288 992 422 1044 γους
447 973 628 1027 αὐτῶν
661 972 800 1043 πρὸς
846 970 938 1026 τὸν
965 971 1119 1035 Θεὸν,
1153 971 1248 1024 καὶ
1290 969 1651 1047 διαμαρτύρει
1683 968 1869 1031 αὐτοῖς

286 1068 361 1120 τά
382 1064 781 1137 προστάγματα
803 1060 897 1115 τοῦ
940 1060 1075 1115 Θεοῦ
1110 1060 1206 1114 καὶ
1237 1060 1328 1115 τὸν
1364 1059 1529 1131 νόμον
1558 1058 1744 1124 αὑτοῦ,
1776 1056 1872 1111 καὶ

290 1158 556 1228 σημανεῖς
613 1156 799 1219 αὐτοῖς
841 1153 940 1217 τὰς
972 1152 1149 1217 ὀδοὺς,
1174 1154 1232 1205 ὲν
1283 1148 1372 1215 αἷς
1406 1149 1765 1222 πορεύσονται
1807 1148 1864 1200 ὲν

287 1251 502 1314 αὐταῖς,
536 1248 632 1300 καὶ
693 1245 764 1299 τὰ
812 1245 949 1318 ἔργα
1004 1242 1040 1298 ἃ
1089 1245 1397 1313 ποιήσουσι.
1445 1243 1554 1296 Καὶ
1586 1243 1650 1296 σὺ
1693 1237 1874 1309 σαυτῷ

291 1340 490 1410 σκέψαι
514 1338 623 1393 ἀπὸ
651 1336 851 1400 παντὸς
878 1336 972 1389 τοῦ
994 1334 1128 1390 λαοῦ
1163 1335 1384 1405 ἄνδρας,
1408 1335 1564 1404 φησὶ,
1583 1334 1866 1397 δυνατοὺς,

1978 607 2148 662 solus.
2188 607 2348 662 Nunc
2370 609 2538 680 igitur
2554 609 2686 664 audi
2725 625 2834 675 me,
2857 618 2914 664 et
2953 609 3243 665 consilium
3279 608 3379 664 tibi
3401 608 3546 664 dabo
3585 648 3589 655 ε

1978 698 2112 753 Esto
2155 706 2213 753 tu
2261 700 2467 769 populo
2505 699 2562 754 in
2611 700 2700 765 iis,
2732 696 2854 770 qua:
2890 699 2958 755 ad
3012 701 3216 765 Deum,
3254 701 3311 755 et
3355 699 3565 756 referes

1976 805 2263 846 sermones
2292 805 2486 845 eorum
2508 791 2576 847 ad
2601 792 2796 857 Deum,
2820 800 2878 847 et
2908 790 3199 847 testiﬁcare
3240 792 3323 847 eis
3362 806 3569 862 praece-

1978 886 2072 949 pta
2106 879 2206 934 Dei
2242 888 2300 934 et
2324 879 2501 950 legem
2535 880 2676 950 ejus,
2695 888 2752 935 et
2783 880 3041 936 ostendes
3071 882 3153 935 eis
3198 882 3315 936 vias
3349 882 3404 936 in
3442 881 3568 951 qui-

1980 968 2085 1025 bus
2109 969 2398 1026 ambulent
2436 972 2494 1026 in
2528 971 2685 1042 ipsis,
2718 979 2776 1026 et
2813 987 2981 1042 opera
3014 988 3136 1042 quae
3162 972 3383 1027 facient.
3413 973 3481 1028 Et
3511 982 3567 1028 tu

1980 1062 2081 1117 tibi
2115 1064 2344 1133 provide
2366 1064 2436 1119 ab
2469 1066 2619 1120 omni
2652 1065 2854 1137 pupulo
2885 1064 3054 1127 viros,
3080 1064 3279 1133 inquit,
3295 1073 3568 1135 potentes,

1978 1163 2036 1208 et
2050 1154 2382 1225 judicabunt
2402 1158 2666 1231 populum
2684 1161 2722 1210 ⁸.
2750 1177 2769 1209 ι
2803 1158 2871 1211 Ει
2895 1156 3224 1227 quibusdam
3247 1156 3568 1228 interjectis,

1981 1245 2185 1301 iterum
2217 1264 2230 1300 :
2265 1266 2283 1298 ι
2317 1246 2545 1303 Audivit
2568 1256 2776 1313 autem,
2811 1268 2829 1299 ›
2864 1247 3063 1318 inquit,
3094 1268 3111 1300 ι
3142 1248 3353 1320 Moyses
3376 1263 3568 1303 vocem

1974 1336 2154 1389 soceri
2190 1338 2297 1403 sui,
2328 1347 2385 1393 et
2414 1339 2548 1395 fecit
2582 1355 2924 1410 quaecunque
2960 1340 3178 1395 dixerat
3200 1340 3365 1410 ipsi'.
3403 1358 3422 1391 ι

286 1435 384 1487 καὶ
422 1430 665 1503 κρινοῦσι
711 1429 803 1482 τὸν
844 1428 991 1483 λαόν.
1048 1446 1067 1479 ι
1120 1427 1231 1479 Καὶ
1271 1425 1390 1496 μεθ’
1438 1426 1602 1496 ἕτερα
1657 1423 1820 1480 πάλιν
1844 1439 1861 1457 ⁸
1907 1445 1925 1476 ι
1969 1428 2215 1483 Ἤκουσε
2248 1430 2327 1496 δὲ,
2376 1450 2396 1484 ι
2434 1431 2593 1505 φησὶ,
2624 1451 2643 1483 ι
2695 1433 2899 1505 Μωσῆς
2930 1432 3028 1503 τῆς
3070 1433 3255 1502 φωνῆς
3295 1432 3391 1485 τοῦ
3421 1446 3570 1501 γαμ-

286 1525 424 1600 ϐροῦ
455 1526 646 1591 αὑτοῦ,
677 1524 771 1579 καὶ
793 1523 1049 1592 ἐποίησεν
1082 1522 1181 1575 ὅσα
1212 1520 1360 1591 αὐτῷ
1386 1516 1593 1575 εἶπεν.»

364 1640 575 1695 ΠΛΛΛ.
612 1638 718 1692 Ἴθι
752 1637 816 1708 δή
856 1654 946 1709 μοι
981 1636 1164 1704 πάλιν,
1196 1636 1292 1692 καὶ
1318 1635 1421 1691 άνά
1455 1634 1620 1707 μέρος
1666 1634 1872 1690 ἕκαστα

287 1730 582 1793 διαλαϐὼν,
616 1729 892 1798 διασάφει.

363 1822 530 1876 ΚΥΡ.
560 1815 640 1874 Ἦ
672 1822 774 1874 οὐκ
805 1815 946 1874 εἶναι
977 1822 1084 1890 φῂς
1117 1819 1383 1888 ἀλλογενῆ
1406 1834 1466 1872 τε
1505 1819 1598 1873 καὶ
1620 1816 1681 1883 ἐξ
1707 1817 1876 1871 ἐθνῶν

289 1915 385 1969 τὸν
428 1912 792 1981 Μαδιηναῖον;
845 1913 919 1965 Οὐ
966 1911 1076 1981 γάρ
1116 1927 1217 1963 που
1266 1908 1422 1981 ῥίζης
1468 1908 1570 1979 τῆς
1630 1908 1879 1980 Ἀϐραὰμ

289 2004 458 2073 ἐξέφυ
479 2019 491 2032 ·
516 1998 586 2075 ἦν
607 2002 663 2056 δὲ
686 2004 782 2056 καὶ.
812 2002 1014 2073 ἑτέρως
1052 2001 1336 2073 ίερουργός
1360 2018 1418 2054 τε
1447 2001 1542 2054 καὶ
1564 1999 1751 2071 λάτρις
1781 1999 1879 2069 τῆς

291 2099 413 2152 κατ’
441 2098 621 2150 ἐκεῖνο
658 2095 853 2167 καιροῦ
878 2094 1279 2166 νενομισμένης
1313 2093 1405 2147 ἐπὶ
1440 2094 1540 2165 τῆς
1567 2095 1669 2163 γῆς
1700 2091 1879 2145 ἐθελο-

292 2190 617 2262 θρησκείας.
674 2187 1057 2259 Προσεκύνουν
1120 2188 1220 2258 μὲν
1257 2187 1390 2258 γὰρ,
1446 2186 1522 2249 ὡς
1551 2185 1718 2248 πολὺς
1767 2183 1881 2254 ἔχει

288 2281 470 2349 λόγος,
511 2278 679 2350 ᾤοντό
715 2296 774 2332 τε
820 2278 974 2332 αὐτοὶ
1030 2277 1173 2331 κατὰ
1220 2279 1361 2346 σφᾶς
1404 2276 1624 2340 αὐτοὺς,
1675 2275 1881 2346 ὑψίστῳ

289 2371 413 2440 Θεῷ
443 2371 698 2442 καθάπερ
726 2370 918 2442 ἀμέλει
959 2369 1053 2423 καὶ
1090 2368 1427 2439 Μελχισεδέκ
1452 2384 1466 2399 ’
1492 2367 1901 2440 προσεδέχοντο

293 2465 353 2519 δὲ
380 2465 475 2520 καὶ
495 2465 718 2535 ἐτέρους
743 2464 883 2534 τάχα
912 2479 1014 2515 που
1058 2461 1236 2524 θεοὺς,
1276 2458 1699 2531 ὲναριθμοῦντες
1731 2457 1882 2528 αὐτῷ

289 2558 362 2611 τὰ
390 2557 652 2629 ἐξαίρετα
687 2555 798 2609 τῶν
849 2556 1185 2623 κτισμάτων,
1236 2554 1341 2625 γῆν
1386 2570 1448 2606 τε
1492 2552 1588 2607 καὶ
1630 2551 1880 2622 οὐρανὸν,

292 2649 447 2720 ἣλιον
470 2649 567 2703 καὶ
590 2647 844 2719 σελήνην,
866 2648 961 2701 καὶ
982 2648 1051 2702 τὰ
1072 2648 1182 2699 τῶν
1221 2645 1439 2717 ἄστρων
1469 2644 1848 2715 ὲπισημότερα
1864 2657 1878 2672 ·

296 2737 393 2792 καὶ
424 2736 804 2809 πλημμέλημα
841 2735 940 2806 μὲν
965 2736 1188 2808 ἀρχαῖον
1212 2736 1246 2806 ὴ
1287 2735 1382 2787 ἐπὶ
1402 2732 1538 2803 τῷδε
1565 2730 1883 2803 καταφθορά

295 2831 392 2884 καὶ
414 2828 703 2899 πλάνησις,
728 2828 908 2899 διήκει
936 2827 994 2879 δὲ
1027 2826 1121 2879 καὶ
1152 2827 1232 2889 εἰς
1264 2824 1422 2896 δεῦρο
1448 2825 1543 2879 καὶ
1566 2822 1883 2895 παρατείνε-

296 2939 412 2976 ται.
442 2920 704 2991 Φρονοῦσι
745 2920 854 2991 γὰρ
886 2913 988 2973 ὧδε
1019 2918 1464 2990 παραληροῦντες
1490 2916 1570 2969 ἔτι
1597 2916 1704 2970 τῶν
1733 2916 1789 2968 ὲν
1814 2918 1881 2987 τῇ

296 3012 526 3085 Φοινίκῃ
574 3011 670 3066 καὶ
707 3009 1042 3083 Παλαιστίνῃ
1079 3010 1244 3074 τινὲς,
1292 3007 1343 3061 οἳ
1386 3009 1527 3077 σφᾶς
1559 3006 1658 3079 μὲν
1689 3006 1883 3068 αὐτοὺς

301 3104 576 3168 θεοσεϐεῖς
613 3103 993 3173 ὀνομάζουσιν,
1018 3097 1174 3172 οἷμον
1201 3101 1258 3154 δέ
1286 3118 1408 3153 τινα
1442 3098 1740 3171 θρησκείας
1766 3096 1884 3151 δια-

303 3197 578 3267 στείχουσι
605 3196 798 3266 μέσην,
831 3193 955 3248 οὕτε
980 3196 1093 3256 τοῖς
1129 3192 1399 3246 Ἰουδαίων
1430 3190 1575 3244 ἔθεσι
1600 3189 1879 3260 καθαρῶς,

2048 1636 2246 1692 PALL.
2307 1636 2480 1708 Perge
2530 1635 2698 1707 igitur
2750 1636 2885 1690 mihi
2943 1652 3171 1701 rursus,
3229 1644 3287 1691 et
3341 1634 3572 1707 singulis

1977 1730 2205 1785 seorsim
2236 1727 2550 1783 distributis
2572 1743 2671 1797 per
2695 1738 2880 1797 partes
2908 1727 3140 1797 explica.

2047 1821 2205 1877 CYR.
2245 1820 2439 1874 Nonne
2472 1828 2720 1874 exterum
2751 1834 2872 1873 esse
2904 1818 3111 1882 fateris,
3135 1823 3190 1873 et
3221 1833 3285 1871 ex
3315 1817 3572 1887 gentibus

1910 1942 1951 1997 Β
1979 1912 2261 1968 hominem
2288 1911 2676 1966 Madianitam?
2713 1911 2903 1982 Neque
2924 1911 3073 1965 enim
3105 1919 3186 1965 est
3208 1926 3275 1965 cx
3296 1910 3569 1964 Abraham

1980 2005 2151 2074 stirpe
2194 2003 2519 2075 progenitus
2568 2020 2582 2056 :
2629 2010 2749 2057 erat
2803 2002 2968 2057 etiam
3025 2001 3232 2071 alioqui
3289 2000 3572 2071 religionis

1979 2098 2099 2168 ejus
2161 2112 2284 2166 quae
2331 2111 2430 2166 per
2474 2094 2667 2149 orbem
2716 2103 2990 2149 terrarum
3038 2103 3156 2147 erat
3204 2107 3271 2148 eo
3323 2100 3572 2161 tempore

1981 2192 2322 2262 pervulgata,
2354 2188 2614 2244 sacerdos
2641 2198 2698 2244 et
2726 2189 2926 2244 cultor.
2954 2186 3371 2243 Venerabantur
3400 2185 3572 2249 enim,

1981 2292 2043 2337 ut
2083 2292 2169 2337 est
2209 2284 2507 2336 multorum
2550 2295 2804 2335 sermone
2846 2279 3203 2343 celebratum,
3240 2286 3297 2331 et
3332 2278 3433 2348 ipsi
3474 2292 3575 2346 per

1982 2391 2041 2430 se
2080 2374 2371 2445 putabant,
2406 2373 2580 2427 Deum
2622 2371 2977 2434 altissimum,
3017 2378 3076 2424 ut
3118 2371 3283 2424 etiam
3329 2367 3577 2437 profecto

1982 2464 2423 2530 Melchisedech;
2474 2464 2613 2518 alios
2662 2478 2884 2533 quoque
2933 2462 3067 2516 deos
3118 2461 3480 2530 recipiebant,
3519 2470 3575 2514 et

1984 2561 2039 2614 in
2072 2560 2306 2615 deorum
2333 2573 2622 2614 numerum
2651 2573 2761 2611 una
2801 2572 2927 2611 cum
2967 2556 3061 2610 illo
3089 2554 3412 2609 referebant
3455 2552 3575 2608 exi-

1981 2651 2121 2706 mias
2170 2658 2470 2715 creaturas,
2508 2659 2711 2705 terram
2760 2648 2887 2703 dico
2938 2656 2995 2702 et
3048 2646 3269 2709 caelum,
3306 2644 3476 2698 solem
3521 2653 3581 2697 et

1981 2745 2191 2806 lunam,
2226 2749 2283 2797 et
2316 2750 2461 2795 astra
2502 2740 2842 2810 insigniora;
2875 2748 3039 2809 atque
3071 2735 3342 2808 ejusmodi
3383 2736 3486 2789 hac
3520 2734 3575 2787 in

1940 2906 1943 2909 γ
1982 2851 2041 2889 re
2081 2834 2233 2889 labes
2283 2842 2341 2886 et
2391 2847 2549 2886 error
2600 2839 2762 2885 vetus
2814 2829 3038 2900 quidem
3082 2827 3276 2880 vitium
3320 2824 3442 2889 fuit,
3478 2823 3574 2879 sed

1982 2925 2131 2995 quod
2181 2938 2353 2993 usque
2392 2922 2461 2977 ad
2496 2933 2684 2977 nostra
2732 2930 2979 2989 tempora
3037 2914 3372 2987 pervenerit,
3412 2922 3578 2984 atque

1982 3018 2305 3086 pervaserit.
2350 3014 2442 3071 Sic
2472 3015 2621 3069 enim
2654 3013 2836 3068 adhuc
2867 3010 3088 3081 quidam
3143 3008 3199 3062 in
3234 3006 3493 3062 Phoenice
3522 3013 3580 3059 et

1983 3108 2273 3163 Palaestina
2326 3105 2662 3176 desipientes
2712 3104 2979 3165 sentiunt,
3024 3101 3139 3170 qui,
3186 3115 3312 3154 cum
3361 3115 3419 3154 se
3472 3097 3576 3168 ipsi

1983 3201 2269 3272 religiosos
2305 3200 2602 3270 appellent,
2636 3198 2779 3252 viam
2812 3205 2992 3250 tamen
3036 3193 3274 3247 mediam
3301 3190 3583 3262 religionis

299 3287 422 3344 οὔτε
444 3288 560 3349 τοῖς
591 3286 858 3355 Ἐλλήνων
874 3284 1259 3356 προσκείμενοι
1282 3324 1297 3347 ,
1322 3284 1402 3346 εἰς
1424 3280 1590 3351 ἄμφω
1610 3281 1666 3334 δὲ
1690 3280 1879 3351 ὥσπερ

1984 3290 2387 3362 ingrediuntur,
2433 3303 2614 3357 neque
2671 3286 2985 3342 Judaeorum
3033 3282 3283 3337 moribus
3314 3281 3421 3351 93
3453 3296 3576 3335 om-

300 3376 787 3451 διαῤῥιπτούμενοι
836 3376 932 3429 καὶ
988 3375 1407 3446 μεμερισμένοι.
1473 3372 1778 3441 Ἑλομένοις
1826 3372 1883 3424 δέ

301 3488 434 3525 ποτε
473 3473 589 3533 τοῖς
637 3470 697 3537 ἐξ
756 3469 972 3540 Ἰσραὴλ
1015 3470 1076 3521 τὸ
1122 3461 1225 3521 ὦδε
1268 3468 1484 3538 φρονεῖν
1528 3468 1556 3519 ὁ
1598 3466 1884 3538 προφήτης

315 3563 504 3628 Ἠλίας
537 3562 777 3632 ἐπετίμα
814 3561 1020 3629 λέγων’
1064 3580 1082 3611 ι
1127 3560 1271 3623 Ἕως
1308 3559 1441 3611 πότε
1471 3556 1765 3628 χωλανείτε
1797 3555 1885 3609 ἐπ’

304 3655 645 3727 ἀμφοτέραις
682 3656 805 3717 ταῖς
830 3652 1077 3723 ίγνύαις;
1110 3651 1143 3721 ἢ
1177 3651 1343 3716 Βάαλ,
1378 3650 1547 3714 Βάαλ,
1574 3649 1608 3719 ἢ
1638 3647 1716 3720 τῷ
1743 3646 1882 3718 Θεῷ,

303 3748 474 3820 Θεῷ.»
500 3744 610 3801 Ἦν
638 3744 731 3802 οὖν
759 3747 867 3819 ἄρα
886 3747 983 3800 καὶ
1012 3744 1180 3815 Ἰοθὸρ
1209 3744 1470 3797 τοιουτονί
1493 3760 1635 3808 τινα,
1658 3740 1797 3795 κατὰ
1826 3740 1887 3793 τὸ

304 3841 475 3909 εἰκὸς,
506 3840 807 3911 θρησκείας
849 3837 1053 3891 διέπων
1093 3836 1316 3906 τρόπον.
1356 3836 1450 3896 Ὃς
1474 3832 1704 3903 ἐπείπερ
1747 3832 1888 3899 ἔγνω

305 3936 371 3990 τά
414 3935 571 4006 παρά
625 3932 760 3986 Θεοῦ
818 3930 1082 4000 γεγονότα
1130 3928 1265 3998 πρὸς
1337 3927 1611 3997 σωτηρίαν
1660 3923 1767 3977 τῶν
1829 3922 1888 3988 ἐξ

317 4027 552 4099 Ἰσραὴλ,
590 4025 807 4088 σεπτοῖς
836 4023 933 4077 καὶ
980 4020 1332 4088 ἀξιαγάστοις
1373 4018 1676 4089 διηγήμασι
1721 4034 1887 4070 κατα-

308 4119 662 4190 κηλούμενος,
691 4113 908 4169 πανοικί
931 4130 989 4168 τε
1023 4115 1118 4167 καὶ
1156 4111 1419 4180 παγγενεὶ
1450 4110 1587 4181 πρὸς
1615 4109 1704 4162 τὸν
1747 4108 1887 4179 ἱερὸν

308 4212 620 4281 ἀφικνεῖται
652 4207 877 4261 Μωσέαο
922 4203 982 4268 ὃς
1016 4204 1248 4274 ἐπείπερ
1295 4197 1456 4263 εἶδεν,
1486 4199 1736 4270 ἁσμένως
1773 4202 1885 4252 εἱσ-

310 4304 527 4371 εδέξατό
550 4319 611 4356 τε
649 4301 746 4355 καὶ
788 4298 1174 4368 εἰσκεκόμικεν
1199 4298 1279 4358 εἰς
1317 4294 1455 4351 ἰδίαν
1484 4294 1712 4363 σκηνήν.
1761 4291 1889 4361 Ἀφ-

309 4400 518 4468 ηγεῖται
549 4396 607 4449 δὲ
652 4392 1043 4463 ἀκριϐέστερον
1070 4389 1139 4442 τὰ
1163 4387 1253 4441 διὰ
1298 4387 1396 4456 τῆς
1427 4386 1575 4449 θείας
1612 4384 1793 4455 ἰσχύος
1827 4378 1885 4437 εὖ

311 4489 453 4559 μάλα
488 4484 915 4558 κατορθώματα.
945 4480 1057 4535 Καὶ
1088 4480 1155 4534 τά
1202 4480 1401 4542 παντὸς
1436 4478 1692 4532 ἐπέκεινα
1728 4476 1888 4544 λόγου

300 4579 821 4651 ἴτερατουργήματα.
871 4573 1135 4634 Καλείται
1166 4571 1276 4642 γὰρ
1309 4571 1388 4633 είς
1422 4570 1761 4641 μετάγνωσιν
1789 4567 1885 4637 τὴν

309 4668 379 4733 ὡς
413 4668 557 4739 πρὸς
595 4666 729 4719 Θεὸν
779 4667 816 4736 ὴ
848 4664 957 4717 τῶν
988 4663 1360 4733 πλανωμένων
1383 4662 1615 4732 πληθὺς,
1648 4661 1792 4729 φημὶ
1822 4658 1886 4731 δὴ

309 4760 373 4814 τά
403 4760 559 4830 ἔθνη,
608 4760 667 4811 ὲν
696 4757 931 4829 πρώτοις
968 4757 1067 4825 μὲν
1099 4755 1164 4808 ὲκ
1202 4753 1683 4825 παρακουσμάτων
1710 4745 1784 4807 ὧν
1823 4753 1887 4805 ἄν

309 4868 388 4914 τις
418 4852 631 4905 ποιοῖτο
660 4849 788 4918 περὶ
814 4847 973 4910 Θεοῦ,
1022 4842 1122 4899 εἷθ’
1153 4844 1329 4909 οὕτως
1388 4844 1530 4898 αὐτὰ
1562 4844 1630 4896 δι’
1679 4842 1889 4896 ἑαυτῶν

312 4939 446 5010 πρὸς
487 4937 581 4991 τὸν
628 4936 771 4990 θεῖον
830 4935 1019 5004 ὥσπερ
1065 4932 1471 5004 αὐτομολοῦντα
1508 4932 1694 5003 νόμον,
1746 4930 1889 4984 τοῦτ’

313 5033 447 5098 ἔστι,
479 5032 582 5103 τὴν
602 5030 694 5084 διά
717 5030 1044 5101 γράμματος
1076 5026 1221 5101 ἱεροῦ
1247 5028 1569 5097 κατήχησιν.
1609 5026 1768 5078 Ὥστε
1797 5024 1891 5077 καὶ

315 5127 392 5191 είς
428 5126 530 5197 τὴν
560 5123 785 5198 πρώτην
815 5123 1086 5194 εἰστρέχει
1118 5122 1344 5193 σκηνήν.
1374 5117 1752 5187 Εἰσαγωγικὸς
1782 5117 1891 5188 γὰρ

314 5217 340 5270 ὁ
362 5218 550 5288 νόμος·
580 5212 700 5269 εἶτα
736 5217 850 5279 τοῖς
886 5216 1262 5286 ἀρχαιοτέροις
1302 5214 1651 5284 διηγήμασιν“
1681 5212 1888 5264 ἀναπε-

318 5309 601 5380 πεισμένα,
638 5308 945 5378 μεταχωρεῖ
971 5307 1067 5360 καὶ
1091 5308 1169 5370 είς
1192 5306 1252 5359 τὸ
1278 5308 1495 5377 φρονεῖν
1523 5304 1738 5357 ἑλέσθαι
1782 5302 1889 5356 λοι⁶

318 5399 436 5463 πὸν,
462 5400 545 5453 ὅτι
568 5398 634 5469 δὴ
659 5397 792 5461 Θεὸς
822 5394 904 5461 εἷς
930 5398 991 5451 τέ
1029 5399 1147 5451 ἐστι
1192 5398 1287 5451 καὶ
1317 5398 1500 5468 μόνος,
1533 5397 1625 5449 καὶ
1654 5395 1761 5466 μὴν
1794 5395 1888 5447 καὶ

319 5491 394 5553 εἰς
417 5490 479 5542 τὸ
517 5491 715 5559 χρῆναι
743 5490 1116 5560 καρποφορεῖν
1157 5488 1325 5559 αὐτῷ.
1358 5489 1469 5556 Τὴν
1500 5488 1606 5560 γάρ
1635 5504 1717 5540 τοι
1756 5487 1889 5541 Μω·

322 5579 452 5644 σέως
477 5581 728 5651 διήγησιν
754 5579 1009 5651 ἀκηκοὼς
1031 5581 1059 5633 ὁ
1085 5580 1414 5649 Μαδιηναῖος
1432 5619 1446 5643 ,
1472 5579 1615 5632 «Νῦν
1640 5579 1830 5647 ἔγνων,
1864 5598 1881 5629 ›

323 5672 505 5740 φησὶν,
552 5670 631 5723 δτι
669 5670 839 5739 μέγας
877 5667 1081 5751 Κύριος
1106 5669 1257 5737 παρὰ
1291 5668 1498 5730 πάντας
1528 5667 1652 5729 τοὺς
1691 5665 1848 5728 θεούς
1874 5683 1889 5700 ο

396 5845 407 5878 ³
434 5844 605 5899 Exod.
646 5860 792 5909 .\\’tll,
824 5845 962 5896 L22.

1988 3383 2143 3447 nino,
2178 3397 2358 3451 neque
2398 3379 2685 3452 gentilium
2727 3376 2953 3441 addicti,
2991 3377 3137 3429 inter
3180 3381 3443 3441 utrosque
3478 3387 3579 3424 au-

1990 3482 2101 3527 tem
2142 3469 2548 3541 quodammodo
2582 3467 2771 3539 jactati
2818 3475 2983 3537 atque
3023 3463 3267 3519 dissecti.
3304 3461 3582 3516 lsraelitas

1989 3572 2173 3618 autem
2200 3562 2352 3626 olim,
2380 3577 2506 3617 cum
2542 3561 2610 3615 ad
2640 3559 2898 3615 eumdem
2948 3556 3173 3613 modum
3224 3554 3430 3610 sentire
3466 3568 3580 3608 ca:-

1988 3656 2239 3726 pissent,
2292 3653 2441 3708 Elias
2497 3653 2766 3723 propheta
2827 3650 3138 3722 objurgavit
3194 3648 3282 3702 his
3342 3645 3578 3701 verbis:

1998 3767 2016 3799 ι
2057 3734 2356 3815 Quousque
2404 3743 2728 3799 claudicatis
2778 3742 3047 3797 ambobus
3096 3736 3443 3809 poplitibus?
3489 3743 3585 3790 aut

1989 3841 2140 3905 Baal,
2184 3839 2334 3904 Baal,
2365 3846 2461 3893 aut
2488 3838 2620 3902 Deo,
2649 3837 2764 3891 Deo
2794 3835 2833 3889 ³.
2866 3854 2884 3886 ι
2921 3832 3228 3888 Verisimile
3268 3830 3435 3901 igitur
3476 3837 3583 3888 est.

1990 3934 2185 3989 Jethro
2219 3946 2440 4003 quoque
2468 3927 2739 4000 ejusmodi
2779 3926 3019 3996 aliquam
3058 3930 3306 3979 secutum
3343 3934 3464 3975 esse
3492 3933 3582 3971 re-

1990 4025 2211 4096 ligionis
2249 4024 2499 4079 formam.
2548 4019 2675 4087 Qui,
2723 4026 3082 4089 posteaquam
3120 4013 3374 4085 cognovit
3405 4025 3526 4080 qua:
3551 4024 3584 4062 a

1990 4117 2103 4171 Deo
2126 4115 2369 4187 profecta
2393 4114 2631 4168 fuissent
2666 4110 2734 4165 ad
2765 4111 2998 4165 salutem
3028 4106 3293 4162 lsraelitis
3315 4110 3581 4173 prmstan-

1991 4207 2138 4271 dam,
2176 4204 2482 4276 magniﬁcis
2515 4211 2681 4272 atque
2716 4198 3137 4255 admirabilibus
3179 4191 3587 4249 narrationibus

1990 4299 2231 4360 illectus,
2262 4312 2389 4350 cum
2418 4295 2584 4349 domo
2624 4299 2741 4347 tota
2794 4306 2858 4345 ac
2887 4303 3087 4359 genere
3121 4293 3234 4339 toto
3269 4284 3334 4337 ad
3363 4283 3584 4354 Moysen

1992 4387 2163 4441 venit.
2191 4385 2262 4450 ls,
2296 4400 2419 4439 cum
2441 4384 2681 4437 libenter
2708 4395 2834 4434 eum
2877 4377 3200 4447 aspexisset,
3232 4372 3470 4442 excepit,
3502 4372 3587 4426 in-

1992 4494 2099 4548 que
2146 4493 2306 4531 suum
2354 4473 2772 4529 tabernaculum
2820 4469 3058 4533 induxit,
3090 4466 3474 4536 exposuitque
3502 4480 3589 4519 ac-

1993 4568 2240 4622 curatius
2284 4565 2378 4618 illa
2415 4562 2616 4617 divinas
2654 4560 2883 4615 virtutis
2916 4558 3177 4628 pneclam
3213 4564 3383 4626 gesta,
3418 4554 3591 4609 admi-

1992 4661 2271 4729 randaquc
2300 4657 2464 4721 facta,
2492 4670 2614 4727 qua:
2639 4653 2751 4706 vim
2789 4650 3063 4708 sermonis
3100 4665 3319 4703 omnem
3362 4663 3589 4718 supera-

1988 4763 2134 4810 rent.
2199 4753 2437 4807 Vocatur
2499 4747 2665 4816 igitur
2714 4762 2744 4800 a
2806 4745 2944 4799 falsa
2993 4743 3267 4798 sententia
3335 4740 3401 4795 ad
3471 4755 3591 4795 eam

1991 4862 2113 4917 quas
2169 4843 2237 4897 ad
2291 4843 2466 4896 Deum
2520 4838 2693 4903 ducit,
2737 4836 3046 4892 errantium
3101 4833 3285 4898 turba,
3337 4832 3589 4902 gentiles.

1991 4938 2218 5007 inquam
2250 4952 2261 4987 :
2299 4948 2363 4988 ac
2404 4931 2648 5002 primum
2687 4927 2916 4999 quidem
2935 4942 3004 4981 ex
3041 4940 3109 4979 eo
3143 4924 3292 4995 quod
3337 4920 3592 4978 nonnihil

1995 5029 2064 5082 de
2110 5028 2224 5081 Deo
2273 5022 2663 5089 inaudierunt,
2715 5017 2915 5074 deinde
2967 5017 3072 5087 ipsi
3128 5032 3228 5084 per
3278 5030 3337 5068 se
3397 5022 3593 5081 sponte

1999 5113 2406 5187 quodammodo
2432 5112 2499 5167 ad
2529 5110 2627 5166 Dei
2648 5109 2850 5180 legem,
2875 5106 2931 5161 id
2960 5116 3066 5169 est,
3096 5105 3162 5158 ad
3191 5100 3592 5157 institutionem

2001 5221 2282 5263 sacrarum
2313 5205 2650 5260 Litterarum
2686 5206 3006 5255 accurrunt.
3047 5197 3236 5264 Itaque
3273 5201 3329 5247 et
3365 5191 3432 5246 ad
3475 5192 3589 5260 pri-

1998 5315 2149 5354 mum
2179 5295 2596 5353 tabernaculum
2625 5296 2961 5363 properant;
3003 5282 3392 5339 introduccndi
3427 5297 3588 5336 nam-

1997 5408 2104 5462 que
2124 5391 2235 5447 vim
2267 5390 2355 5444 lex
2383 5388 2551 5442 habet
2579 5404 2590 5438 :
2618 5383 2818 5438 deinde
2845 5377 3244 5434 vetustioribus
3270 5375 3378 5430 illis
3403 5390 3589 5429 narra-

1996 5484 2239 5539 tionibus
2274 5477 2543 5551 persuasi,
2584 5476 2639 5528 in
2679 5488 2800 5528 eam
2843 5469 3084 5538 denique
3123 5465 3455 5522 sententiam
3492 5479 3587 5519 ve-

1996 5575 2178 5637 niunt,
2226 5579 2288 5624 ut
2342 5566 2571 5623 credant
2634 5576 2804 5617 unum
2862 5573 2984 5612 esse
3040 5573 3104 5611 ac
3159 5556 3335 5611 solum
3390 5554 3589 5617 Deum,

1998 5665 2187 5734 illique
2244 5660 2552 5716 oblationes
2595 5653 2765 5710 dicari
2825 5659 3103 5722 oportere.
3150 5647 3317 5719 Moysi
3357 5658 3592 5712 namque

1038 5848 1055 5875 ²
1093 5841 1257 5906 Ibid,
1302 5841 1389 5896 “ll.
1462 5843 1479 5874 ³
1536 5841 1605 5895 lll
1635 5840 1768 5909 Reg.
1822 5838 2082 5904 xvm,21.
