4082 6304
573 365 678 420 235

1603 363 1656 419 S.
1699 365 1973 421 CYRILLI
2011 366 2477 429 ALEXANDRINI
2515 375 2830 434 ARCHIEP.

3735 393 3824 448 983

574 481 888 536 narratione
909 478 1114 542 audita,
1141 478 1462 532 Madianites
1494 478 1604 543 ille,
1639 497 1657 528 ι
1694 479 1871 543 Nunc,
1905 499 1924 531 ›
1952 480 2130 550 inquit

2229 535 2230 540 η
2262 486 2448 541 ἕνεκεν
2478 491 2688 554 τούτου,
2710 495 2792 546 ὅτι
2814 494 3069 548 ἐπέθεντο
3095 497 3300 560 αὐτοῖς.
3326 497 3441 550 Καὶ
3463 498 3653 553 ἔλαϐεν
3679 503 3824 577 Ἰοθδρ

581 588 598 620 ι
624 571 853 640 cognovi
876 569 1023 639 quod
1050 585 1278 640 magnus
1301 569 1565 624 Dominus
1584 585 1750 638 super
1775 586 1967 626 omnes
1984 571 2150 638 deos;

571 669 862 730 propterea
899 660 1045 728 quod
1105 659 1344 730 superbe
1398 669 1633 730 egerunt
1673 669 1864 714 contra
1915 676 2030 716 eos.
2087 664 2154 718 Et

569 749 782 818 accepit
831 749 1022 804 Jethro
1068 764 1224 803 socer
1279 749 1447 819 Moysi
1501 749 1818 804 holocausta
1883 759 1939 804 et
1993 750 2152 804 victi-

570 855 687 896 mas
723 841 836 895 Deo
857 840 895 893 ⁵.
943 860 960 892 ι
1023 841 1119 894 Est
1154 855 1286 910 ergo
1323 840 1547 908 quidam
1593 841 1980 896 elementarius
2033 856 2151 896 ma-

569 931 756 999 gister,
793 941 850 986 et
903 932 970 986 ad
1026 931 1234 1001 primos
1285 931 1473 985 aditus
1523 947 1668 986 vera:
1711 932 1778 986 de
1813 932 1926 986 Deo
1962 933 2151 1004 cogni-

571 1020 740 1074 tionis
764 1036 864 1074 nos
889 1021 1115 1075 adducit
1150 1020 1380 1090 Moyses,
1421 1019 1475 1074 id
1513 1031 1616 1084 est,
1660 1020 1751 1075 illa
1788 1023 2149 1076 vetustiorum

572 1108 902 1164 Litterarum
941 1125 1220 1165 sacrarum
1258 1110 1560 1166 catechesis
1593 1119 1650 1165 ct
1687 1112 2042 1167 introductio.

647 1201 842 1255 PALL.
885 1202 1109 1257 Certum
1141 1210 1243 1256 est.

640 1293 800 1347 CYR.
861 1293 1142 1348 Perfectos
1182 1301 1364 1348 autem
1411 1292 1592 1346 reddit
1628 1291 1882 1347 Christus
1928 1306 2024 1345 eos
2053 1293 2146 1362 qui

571 1400 669 1453 per
705 1385 878 1452 legem
925 1384 1102 1439 levius
1139 1384 1335 1438 imbuti
1375 1393 1538 1448 sunt;
1583 1399 1710 1438 cum
1750 1392 1933 1438 autem
1972 1385 2146 1453 legem

568 1472 713 1535 dico,
757 1488 948 1528 rursus
995 1482 1385 1530 testamentum
1427 1483 1586 1528 vetus
1643 1473 1905 1545 intellige.
1959 1474 2146 1544 Itaque

565 1577 695 1632 erga
735 1563 922 1617 Jethro
975 1564 1108 1618 solis
1155 1565 1223 1620 de
1267 1564 1380 1620 Deo
1428 1565 1840 1621 narrationibus
1882 1577 1968 1622 est
2015 1585 2147 1623 usus

563 1651 797 1722 Moyses,
825 1652 883 1708 in
919 1671 1152 1725 eamque
1181 1657 1292 1728 jam
1330 1657 1485 1710 illum
1515 1658 1843 1712 sententiam
1883 1659 2142 1725 traduxit,

564 1753 624 1803 ut
648 1745 870 1798 disertis
901 1746 1082 1801 verbis
1110 1747 1377 1802 fateretur
1404 1765 1513 1802 non
1541 1764 1661 1804 esse
1685 1751 1915 1804 alterum
1945 1752 2139 1818 Deum,

2255 579 2284 630 6
2328 581 2577 652 γαμϐρὸς
2633 585 2806 656 Μωσῆ
2868 587 3300 658 ὁλοκαυτώματα
3359 592 3460 643 καὶ
3507 589 3695 655 Θυσίας
3759 599 3825 667 τῷ

2255 671 2462 744 Κυρίῳ.
2524 693 2543 727 ι
2613 676 2972 749 Στειχειωτὴς
3009 675 3102 733 οὖν
3154 681 3286 751 ἄρα,
3341 681 3443 734 καὶ
3490 684 3574 746 είς
3624 686 3826 756 πρώτας

2255 760 2505 825 είσσολὰς
2556 765 2705 834 ἡμᾶς
2748 764 2850 834 τῆς
2892 765 3129 837 ἀληθοῦς
3180 768 3525 836 θεογνωσίας
3579 770 3824 841 ἀποφέρει

2253 852 2477 923 Μωσῆς,
2509 855 2652 908 τοῦτ’
2680 855 2846 921 ἔστιν,
2873 859 2904 928 ἡ
2929 858 3016 910 διὰ
3036 859 3144 911 τῶν
3175 860 3559 930 ἀρχαιοτέρων
3580 860 3825 932 Γραμμα-

2254 960 2362 998 των
2388 949 2689 1018 κατήχησις
2718 951 3082 1022 εἰσαγωγική.
3559 940 3564 948 ’

2321 1188 2527 1242 ΠΑΛΛ.
2566 1191 2825 1262 Ἀραρεν.

2320 1277 2484 1330 ΚΥΡ.
2519 1279 2728 1332 Τελειοί
2757 1281 2812 1332 δὲ
2843 1283 3079 1354 Χριστὸς
3099 1284 3224 1347 τοὺς
3250 1284 3347 1338 διὰ
3373 1285 3547 1356 νόμου
3577 1303 3820 1359 κατηκον-

2252 1365 2464 1436 μένους.
2497 1369 2680 1440 Νόμον
2720 1371 2776 1424 δὲ
2818 1374 2866 1426 εί
2896 1373 3112 1444 λέγοιμι
3140 1375 3326 1440 πάλιν,
3370 1376 3642 1449 διαθήκην
3669 1381 3819 1433 ἐννόει

2246 1456 2345 1527 τὴν
2375 1459 2632 1515 παλαιάν.
2665 1463 2772 1516 Καὶ
2798 1463 2928 1530 γοῦν
2971 1466 3108 1534 πρὸς
3142 1466 3240 1536 μὲν
3290 1467 3390 1520 τὸν
3437 1468 3608 1540 Ἰοθὸρ
3657 1470 3822 1540 μόνοις

2247 1547 2444 1619 ἐχρῆτο
2472 1554 2583 1616 τοῖς
2611 1555 2736 1625 περὶ
2763 1555 2897 1608 Θεοῦ
2927 1557 3309 1629 διηγήμασινό
3340 1561 3554 1632 Μωσῆς
3575 1580 3588 1595 ·
3613 1564 3818 1634 γνώμης

2245 1655 2303 1692 τε
2335 1641 2414 1704 είς
2443 1641 2601 1695 τοῦτο
2639 1644 2864 1718 μεθίστη
2891 1646 3094 1713 λοιπὸν,
3119 1651 3194 1714 ὡς
3226 1650 3538 1723 διαρρήδην
3561 1655 3820 1724 ὁμολογεῖν

2245 1729 2344 1782 οὐκ
2367 1727 2504 1785 εἶναι
2535 1733 2666 1787 Θεὸν
2699 1735 2904 1806 ἕτερον,
2937 1738 3074 1810 πλὴν
3098 1741 3178 1793 ὅτι
3227 1741 3397 1811 μόνος
3434 1744 3464 1796 6
3494 1740 3596 1810 εἷς,
3675 1745 3817 1814 φύσει

561 1833 659 1887 sed
689 1833 864 1888 solum
903 1838 1045 1904 cum:
1077 1837 1170 1905 qui
1214 1854 1356 1892 unus
1393 1847 1449 1892 et
1484 1847 1715 1903 natura,
1745 1849 1802 1895 et
1838 1857 1965 1897 vere
2000 1843 2130 1899 Deus

2246 1819 2340 1873 καὶ
2367 1820 2600 1892 ἀληθῶς.
2636 1825 2824 1889 Πίστις
2851 1827 2908 1880 δέ
2931 1828 3069 1900 αὕτη
3096 1833 3586 1904 κατηχουμένωνὴ
3619 1814 3815 1907 πρώτη,

561 1923 652 1978 sit.
695 1923 820 1979 Haac
848 1935 1034 1980 autem
1063 1927 1236 1996 prima
1275 1934 1360 1981 cst
1399 1929 1918 1985 catechumenorum
1947 1931 2081 1988 ﬁdes
2111 1950 2143 1988 a

560 2013 862 2069 multorum
919 2016 1148 2072 deorum
1203 2018 1461 2088 opinione
1514 2019 1817 2086 discedere,
1862 2031 1918 2076 et
1972 2041 2142 2079 unum

557 2103 746 2167 illum,
802 2120 930 2159 vere
973 2113 1029 2160 et
1075 2114 1269 2160 natura
1338 2108 1508 2162 Deum
1579 2111 1896 2180 amplexari.
1962 2114 2141 2172 Aaron

555 2208 687 2247 vero
721 2193 900 2263 ipsum
944 2196 1137 2251 Jethro
1176 2211 1364 2252 mensa
1396 2199 1668 2269 dignatur,
1700 2210 1756 2256 et
1786 2203 1896 2275 94
1927 2205 1995 2259 ad
2041 2223 2139 2275 pa-

556 2295 680 2335 nem
696 2282 967 2337 edendum
990 2285 1202 2339 invitat.
1231 2305 1247 2336 ι
1275 2287 1617 2355 Venitenim,
1645 2308 1662 2340 ι
1691 2289 1886 2360 inquit,
1909 2293 2135 2362 «Aaron,

552 2380 610 2424 ct
653 2386 845 2427 omnes
889 2374 1134 2429 seniores
1177 2375 1342 2429 Israel
1384 2376 1452 2431 ad
1493 2378 1892 2434 comedendum
1939 2398 2136 2452 panem

552 2478 680 2517 cum
725 2479 918 2520 socero
964 2467 1134 2538 Moysi
1168 2481 1351 2521 coram
1391 2469 1566 2523 Deo“.
1601 2487 1619 2520 ι
1669 2470 1946 2527 Perfectos
1987 2475 2135 2528 enim

551 2553 716 2609 eﬁicit
761 2571 862 2610 nos
900 2573 1040 2626 pane
1073 2558 1276 2612 viventi
1314 2556 1584 2624 Christus,
1624 2561 1809 2615 verior
1847 2561 2046 2628 Aaron,
2081 2573 2138 2619 et

552 2645 826 2716 perfectos
857 2648 1039 2701 reddit
1078 2665 1189 2702 non
1225 2650 1457 2719 gentiles
1499 2657 1731 2713 tantum,
1767 2652 1862 2705 sed
1905 2669 2001 2708 eos
2033 2671 2135 2724 po-

554 2735 664 2789 tius
709 2739 1027 2805 promiscue
1075 2739 1170 2807 qui
1211 2739 1279 2794 de
1324 2755 1524 2810 genere
1569 2741 1733 2795 Israel
1779 2743 1939 2798 electi
1979 2749 2130 2809 'sunt,

550 2841 787 2894 quorum
846 2826 1076 2898 ﬁguram
1137 2837 1327 2883 tenent
1376 2829 1456 2883 illi
1516 2831 1780 2886 seniores.
1832 2833 1945 2888 Nec
1999 2850 2133 2890 vero

548 2929 772 2986 parvam
805 2917 1259 2988 signiﬁcationem
1309 2920 1756 2978 sanctiﬁcationis
1786 2938 1898 2992 prae
1935 2939 1992 2980 se
2025 2925 2132 2982 fert

549 3006 708 3073 illud,
739 3008 884 3078 quod
920 3018 1177 3080 tanquam
1209 3011 1264 3065 in
1291 3021 1583 3081 conspectu
1621 3013 1716 3067 Dei
1746 3027 1940 3083 panem
1971 3031 2128 3071 man-

549 3097 754 3154 ducare
796 3109 1063 3170 oporteat.
1110 3100 1252 3168 Quid
1288 3102 1436 3156 enim
1480 3103 1617 3158 adeo
1658 3104 1761 3158 sub
1798 3105 1895 3159 Dei
1929 3104 2125 3174 oculis,

547 3198 710 3260 atque
743 3201 1061 3261 conspectu,
1112 3208 1274 3263 quam
1312 3193 1540 3265 mystica
1586 3204 1794 3262 mensa,
1829 3203 1886 3250 et
1926 3197 2126 3267 hostia,
2156 3224 2201 3283 ο

545 3284 750 3355 quique
777 3285 896 3355 ejus
925 3284 1220 3354 participes
1251 3282 1432 3338 ﬁunt?

622 3373 818 3428 PALL.
861 3375 1029 3428 Recte
1063 3374 1162 3428 ais.

616 3462 773 3518 CYR.
814 3463 934 3517 Jam
971 3478 1102 3517 vero
1135 3479 1254 3527 nos,
1288 3465 1383 3534 qui
1430 3464 1746 3534 perﬁcimur
1789 3467 1843 3522 in
1881 3468 2122 3536 Christo,

546 3554 614 3608 ad
665 3553 985 3622 ampliorem
1038 3555 1360 3624 sapientiam
1389 3596 1403 3621 ,
1451 3571 1615 3626 quam
1665 3573 1786 3627 quae
1836 3575 1936 3630 per
1990 3561 2127 3632 legis

545 3645 949 3700 institutionem
1012 3647 1426 3717 acquirebatur,
1481 3651 1797 3719 pervenire,
1859 3652 1915 3706 id
1977 3662 2125 3710 certe

544 3737 695 3792 nullo
723 3737 908 3792 labore
937 3738 1264 3801 videbimus,
1283 3740 1329 3796 si
1359 3741 1477 3812 ejus
1507 3741 1584 3796 rei
1615 3742 1958 3812 perspicuam
1985 3744 2122 3800 ima-

542 3827 723 3898 ginem
763 3831 1138 3899 acceperimus
1193 3831 1412 3903 Moysen
1467 3841 1523 3886 et
1569 3832 1761 3887 Jethro
1799 3851 1810 3887 :
1858 3853 1877 3886 ‹
1912 3831 2122 3907 Moyses

540 3933 776 3986 namque
796 3919 1040 3985 sedebat,
1068 3939 1084 3971 ι
1113 3920 1312 3989 inquit,
1351 3941 1369 3972 ι
1387 3920 1677 3992 judicans;
1703 3925 1914 3980 astabat
1939 3935 2122 3982 autem

541 4006 621 4062 illi
667 4009 958 4064 universus
1010 4010 1245 4079 populus
1296 4025 1329 4064 a
1375 4025 1535 4065 mane
1583 4027 1757 4082 usque
1807 4015 1876 4070 ad
1922 4032 2119 4087 vespe-

540 4114 653 4156 ram
693 4101 732 4155 ‘.
773 4120 792 4153 ι
826 4101 1032 4156 Auctor
1068 4113 1250 4157 autem
1290 4111 1374 4158 est
1409 4102 1601 4158 Jethro
1640 4103 1791 4160 illius
1835 4113 2120 4165 sententia:

536 4205 700 4259 quam
750 4199 974 4246 secutus
1011 4199 1095 4246 est
1128 4190 1338 4264 Moyses
1377 4209 1390 4245 :
1426 4198 1483 4247 et
1530 4207 1655 4247 cum
1698 4195 1960 4265 optimam
1996 4213 2117 4254 esse

537 4279 886 4352 inteiligeret,
915 4282 1198 4351 amplexus
1234 4288 1336 4336 est.
1368 4297 1387 4333 ι
1408 4281 1634 4338 Audivit
1657 4283 1826 4349 enim,
1857 4303 1875 4336 ι
1915 4285 2112 4357 inquit,

541 4395 560 4423 ι
595 4370 805 4443 Moyses
827 4387 1019 4427 vocem
1039 4373 1214 4428 soceri
1259 4373 1364 4438 sui,
1389 4379 1446 4429 et
1473 4373 1606 4429 fecit
1631 4389 1972 4446 quaecunque
2008 4379 2114 4434 sibi

534 4461 672 4516 dixit
701 4461 744 4516 ⁷.
779 4481 798 4513 ι
843 4462 986 4529 Quid
1026 4463 1217 4518 enim?
1261 4464 1356 4534 qui
1394 4463 1592 4520 melius
1628 4466 1920 4520 consilium
1958 4468 2108 4537 dare,

532 4557 925 4628 melioremque
975 4560 1303 4615 sententiam
1349 4561 1532 4618 dicere
1580 4564 1859 4632 potuerit,
1909 4565 1956 4620 is
2001 4583 2110 4623 non
2143 4549 2187 4605 Ῐ)

532 4662 921 4720 usquequaque
951 4651 1241 4720 prudentia
1275 4662 1534 4723 prastare
1566 4655 1842 4724 putandus
1868 4657 1994 4712 est?

601 4738 798 4792 PALL.
839 4738 1142 4794 Assentior.

596 4826 754 4882 CYR.
793 4828 944 4881 IIanc
977 4844 1110 4883 vero
1143 4845 1240 4898 per
1275 4828 1554 4886 Christum
1586 4832 1979 4902 perfectionem
2014 4835 2106 4891 illa

529 4919 666 4989 legis
698 4917 1042 4972 institutione
1074 4921 1508 4988 praestantiorem
1539 4939 1681 4992 esse,
1711 4925 1979 4996 longeque
2011 4942 2108 4980 ex-

524 5011 923 5075 cellentiorem,
956 5018 1019 5066 ut
1053 5025 1175 5080 qua:
1213 5011 1278 5064 ad
1317 5028 1437 5067 eam
1476 5029 1579 5068 nos
1620 5017 1985 5087 cognitionem
2022 5026 2106 5072 at-

529 5105 702 5169 tollat,
733 5118 856 5173 quze
885 5102 956 5156 sit
986 5103 1146 5173 longe
1175 5103 1464 5172 superior;
1503 5104 1559 5159 id
1601 5121 1731 5162 vero
1769 5109 1928 5165 facile
1975 5109 2106 5164 bea-

529 5195 773 5250 tissimus
817 5195 1019 5251 Paulus
1064 5193 1326 5259 ostendit,
1363 5194 1458 5264 qui
1507 5202 1732 5265 propter
1772 5201 2105 5255 eminentem

527 5285 810 5340 scientiam
836 5285 1062 5352 Christi,
1103 5294 1168 5342 ut
1202 5285 1318 5356 ipse
1361 5284 1478 5350 ait,
1506 5299 1698 5340 eorum
1731 5302 1852 5356 quae
1891 5290 1944 5343 in
1985 5290 2105 5359 lege

523 5375 678 5430 lucra
717 5386 894 5442 erant,
941 5378 1304 5434 libentissime
1347 5377 1616 5448 iacturam
1667 5377 1817 5444 facit,
1861 5387 1918 5434 et
1964 5388 2103 5433 ster-

523 5482 653 5520 cora
710 5467 1029 5536 arbitratur,
1073 5479 1134 5524 ut
1181 5469 1462 5526 Christum
1487 5468 1874 5524 \lucrifaciat‘.
1925 5469 2102 5539 Atque

523 5555 786 5612 adversus
829 5573 925 5613 eos
967 5561 1222 5629 quidem,
1263 5559 1358 5631 qui
1403 5559 1516 5616 sola
1570 5576 1693 5632 quae
1735 5577 1835 5631 per
1882 5560 2099 5631 Moysen

523 5650 722 5706 tradita
757 5660 902 5716 sunt,
927 5651 1107 5708 adhuc
1133 5669 1322 5724 magna
1353 5663 1642 5722 putarent;
1675 5653 2098 5726 perfectionem-

2246 1911 2306 1964 τὸ
2334 1911 2431 1982 τῆς
2463 1915 2724 1970 πολυθέου
2756 1918 2911 1990 δόξης
2941 1921 3386 1977 ἀπαλλάττεσθαι
3426 1943 3592 1996 φημι,
3622 1927 3710 1980 καὶ
3736 1929 3816 1982 τὸν

2243 2004 2458 2076 άληθῶς
2488 2007 2583 2061 ’ένα
2603 2027 2659 2063 τε
2683 2011 2777 2064 καὶ
2808 2013 2967 2081 φύσει
2991 2015 3398 2086 παραδέχεσθαι
3425 2016 3581 2072 Θεόν.
3623 2017 3816 2089 Ἀαρὼν

2240 2093 2297 2145 δὲ
2348 2096 2440 2148 τὸν
2495 2097 2660 2168 ’1οθὸρ
2699 2100 2792 2152 καὶ
2836 2102 3113 2174 τραπέζης
3163 2104 3345 2173 ἠξίου,
3394 2106 3487 2159 καὶ
3542 2107 3622 2170 εἰς
3662 2109 3812 2178 ἄρτου

2241 2181 2444 2252 βρῶσιν
2475 2185 2680 2241 ἐκάλει.
2722 2205 2740 2239 ι
2764 2189 3146 2260 Παραγέγονει
3183 2192 3319 2262 γὰρ,
3341 2194 3534 2263 φησὶν,
3570 2213 3587 2244 ι
3620 2197 3814 2267 Ἀαρὼν

2241 2275 2334 2328 καὶ
2354 2275 2555 2340 πάντες
2578 2279 2627 2331 οἱ
2662 2279 3020 2353 πρεσϐύτεροι
3054 2283 3268 2354 Ἰσραὴλ
3292 2325 3308 2350 ,
3332 2289 3646 2355 συμφαγεῖν
3663 2289 3810 2358 ἄρτον

2240 2367 2378 2438 μετὰ
2397 2369 2489 2423 τοῦ
2522 2369 2772 2442 γαμϐροῦ
2792 2373 2962 2443 Μωσῆ
2991 2375 3231 2428 ἐναντίον
3257 2373 3360 2429 τοῦ
3382 2377 3543 2432 Θεοῦ.
3577 2397 3595 2430 ›
3622 2378 3812 2432 τελειοί

2235 2458 2344 2530 γὰρ
2378 2461 2524 2529 ἡμᾶς
2563 2460 2712 2530 ἄρτῳ
2745 2460 2824 2531 τῷ
2865 2461 3028 2526 ζῶντι
3069 2465 3330 2535 Χριστὸς,
3381 2469 3411 2521 ὁ
3464 2468 3808 2541 ἀληθέστερος

2249 2549 2487 2619 Ἀαρών·
2534 2551 2731 2606 τελειοϊ
2758 2554 2814 2607 δέ
2847 2555 2906 2607 οὐ
2938 2557 3099 2625 μόνον
3137 2559 3264 2620 τοὺς
3299 2559 3362 2626 ἐξ
3393 2559 3587 2626 ἐθνῶν,
3623 2563 3806 2632 ἀναμὶξ

2233 2637 2522 2710 δὲμᾶλλον
2572 2645 2698 2708 τοὺς
2731 2644 3139 2717 ἐξειλεγμένους
3177 2648 3238 2714 ἐξ
3288 2652 3534 2722 αἵματος
3587 2652 3802 2724 Ἰσραὴλ,

2233 2725 2308 2786 ὧν
2337 2731 2403 2786 ἂν
2430 2727 2540 2787 εἷεν
2571 2735 2740 2800 τύπος
2774 2740 2824 2790 οἱ
2867 2740 3250 2811 πρεσϐύτεροι.
3285 2745 3573 2812 Ἐμφασιν
3601 2743 3654 2796 δὲ
3684 2744 3804 2814 πρὸς

2233 2825 2505 2896 ἁγιασμδν
2537 2827 2597 2880 οὐ
2633 2829 2861 2900 μετρίαν
2894 2830 3008 2901 ἔχει
3057 2832 3117 2885 τὸ
3142 2833 3218 2897 ὡς
3271 2835 3514 2890 ἐνώπιον
3542 2835 3635 2889 τοῦ
3680 2834 3801 2889 Θεοῦ

2231 2915 2322 2969 τὸν
2343 2917 2504 2987 ἄρτον
2533 2919 2728 2990 χρῆναι
2760 2923 2972 2990 φαγεῖν.
3007 2921 3073 2976 Τί
3097 2923 3203 2996 γὰρ
3230 2925 3410 2991 οὕτως
3431 2929 3490 2980 ἐν
3511 2927 3628 2997 ὄψει
3655 2926 3799 2993 Θεοῦ,

2229 3009 2306 3071 ὡς
2337 3010 2573 3082 μυστικὴ
2597 3011 2868 3082 τράπεζα,
2908 3014 3004 3068 καὶ
3033 3015 3214 3083 θυσία,
3247 3019 3348 3073 καὶ⁸
3377 3020 3429 3072 oi
3460 3019 3662 3091 ταύτης
3683 3017 3800 3091 μέτ-

2228 3114 2342 3169 οχοι
2361 3116 2377 3167 ;

2299 3385 2507 3442 ΠΑΛᾹ.
2541 3383 2616 3443 Εὖ
2639 3389 2839 3458 λέγεις.

2299 3479 2463 3532 ΚΥΡ.
2501 3479 2624 3534 Ὅτι
2651 3480 2740 3534 διὰ
2787 3480 3025 3552 Χριστοῦ
3057 3481 3448 3554 τελειούμενοι,
3485 3484 3579 3539 καὶ
3622 3484 3717 3555 τῆς
3743 3487 3796 3538 ἐν

2227 3571 2376 3642 νόμῳ
2411 3571 2788 3640 παιδαγωγίας
2817 3573 2953 3644 πρὸς
2979 3574 3189 3645 ἀμείνω
3212 3576 3434 3630 σύνεσιν
3461 3576 3794 3649 ἀναθρώσκο-

2229 3677 2350 3732 μεν,
2385 3663 2616 3734 ἀπονητὶ
2643 3665 2700 3718 δέ
2730 3664 2973 3736 ὀψόμεθα
2992 3667 3137 3736 σαφῆ
3159 3667 3254 3720 τοῦ
3273 3669 3602 3740 πράγματος
3622 3668 3792 3721 εἰκόνα

2223 3751 2520 3824 δεχόμενοι,
2556 3756 2759 3810 Μωσέα
2788 3775 2848 3810 τε
2888 3758 2981 3811 καὶ
3030 3758 3231 3828 Ἰοθόρο
3267 3777 3286 3810 ι
3321 3761 3530 3830 Μωσῆς
3573 3759 3668 3830 μὲν
3692 3757 3791 3828 γὰρ

2222 3845 2551 3910 ὁθεσπέσιος
2577 3847 2812 3919 ἐκάθητο
2833 3849 3056 3920 κρίνων,
3082 3869 3099 3900 ι
3135 3848 3291 3921 φησί·
3321 3871 3340 3902 ι
3372 3850 3719 3922 παρειστήκει
3738 3846 3788 3898 δὲ

2222 3936 2372 4008 αὐτῷ
2399 3940 2506 4002 πᾶς
2530 3940 2556 3992 6
2584 3939 2714 4003 λαὸς
2752 3940 2859 3993 ἀπὸ
2892 3941 3038 4012 πρωῒ
3073 3942 3178 4006 ἕως
3203 3945 3464 4016 ἑσπέρας.
3504 3962 3523 3995 ι
3551 3940 3786 4011 Είσηγεῐ-

2219 4045 2308 4082 ται
2337 4030 2393 4083 δὲ
2437 4030 2662 4103 γνώμην
2700 4031 2886 4102 Ίοθὸρ,
2918 4034 2984 4104 ἣν
3014 4035 3280 4105 τετίμηκε
3327 4036 3564 4106 Μωσῆς,
3599 4029 3784 4104 ἄριστά

2219 4140 2277 4176 τε
2302 4122 2446 4194 ἔχειν
2479 4122 2809 4195 ἐννενοηκὼς
2832 4127 3222 4197 προσεδέξατο·
3257 4147 3276 4179 ι
3317 4130 3557 4182 Ἤκουσε
3602 4125 3775 4196 γὰρῆν

2219 4215 2370 4286 φησὶ.
2404 4233 2422 4266 ⁴
2445 4201 2650 4286 λῖωάῆς
2679 4216 2779 4287 τῆς
2802 4217 2982 4288 φωνῆς
3006 4218 3098 4272 τοῦ
3130 4218 3405 4290 γαμϐροῦ,
3430 4219 3521 4274 καὶ
3542 4218 3780 4287 ἐποίησιν

2216 4306 2317 4360 ὃσα
2345 4305 2493 4378 αὑτῷ
2523 4302 2693 4362 εἶπεν.
2724 4327 2742 4360 ι
2773 4310 2844 4362 Ἦ
2860 4310 2969 4382 γὰρ
2998 4311 3120 4382 οὐχὶ
3150 4313 3327 4384 πάντη
3359 4330 3419 4366 τε
3452 4313 3544 4368 καὶ
3577 4311 3778 4368 πάντως

2214 4397 2244 4450 6
2283 4399 2382 4470 τὴν
2419 4399 2627 4469 ἀμείνω
2679 4399 2872 4470 βουλὴν
2910 4402 3006 4456 καὶ
3050 4401 3278 4475 γνώμην
3331 4400 3445 4468 οἷός
3490 4419 3548 4455 τε
3609 4399 3775 4466 λέγειν

2215 4492 2371 4544 νοοῖτ*
2394 4491 2460 4547 ἂν
2490 4491 2753 4563 ὑπάρχειν
2786 4492 2876 4547 καὶ
2899 4493 2956 4546 ἐν
2988 4493 3199 4547 συνέσει
3231 4491 3672 4566 προφερεστὲρᾳς

2276 4737 2482 4794 ΠΑΛᾹ.
2515 4739 2682 4810 Φημί.

2275 4831 2442 4884 ΚΥΡ.
2473 4827 2594 4884 Ὅτι
2625 4831 2683 4884 δέ
2723 4831 2963 4902 ἀμείνων
3008 4831 3105 4886 καὶ
3144 4833 3400 4886 ἐπέκεινα
3435 4830 3567 4885 πολὺ
3594 4826 3686 4896 τῆς
3711 4823 3763 4876 δν

2203 4920 2353 4992 νόμῳ
2405 4921 2760 4992 κατηχήσεως
2817 4924 2852 4994 ή
2899 4922 3000 4988 ξδιά
3044 4923 3281 4995 Χριστοῦ
3329 4923 3630 4982 τελείωσις.
3691 4914 3762 4973 εις

2210 5009 2411 5078 γνῶσιν
2439 5011 2588 5080 ἡμᾶς
2614 5011 3003 5083 ὑπερφέρουσα
3025 5011 3123 5082 τὴν
3155 5012 3501 5084 ἀσυγκρίτως
3522 5010 3760 5076 ὑπερκει-

2211 5100 2402 5170 μένην,
2435 5100 2724 5166 ὲκδείξειεν
2753 5101 2819 5155 ἂν
2864 5101 3101 5166 εὐκόλως
3144 5105 3174 5156 6
3210 5103 3497 5174 ἱερώτατος
3541 5095 3754 5154 Παῦλος.

2206 5192 2295 5246 διὰ
2335 5193 2396 5246 τὸ
2439 5192 2702 5264 ὑπερέχον
2749 5193 2848 5263 τῆς
2893 5192 3147 5262 γνώσεως
3203 5194 3298 5248 τοῦ
3347 5189 3594 5265 Χριστοῦ,
3625 5182 3754 5239 καθά

2207 5301 2373 5354 φησιν
2389 5284 2571 5348 αὐτὸς.
2601 5284 2669 5337 τὰ
2692 5285 2750 5337 ἐν
2783 5283 2932 5354 νόμῳ
2953 5283 3118 5354 κέρδη
3145 5284 3526 5356 προθυμότατα
3551 5271 3752 5347 ζημιούι

2209 5390 2386 5442 μενος,
2423 5372 2668 5427 σκύϐαλά
2694 5389 2754 5424 τε
2794 5368 2932 5425 εῖναι
2961 5371 3216 5441 νομίζων,
3254 5373 3340 5425 ἵνα
3371 5368 3594 5442 Χριστὸν
3636 5375 3748 5426 κερ·

2203 5461 2362 5536 δήσηέ
2390 5465 2500 5518 Καὶ
2543 5465 2678 5536 πρὸς
2708 5463 2806 5534 μὲν
2841 5464 2967 5527 τοὺς
3015 5463 3150 5533 μόνα
3177 5463 3458 5532 τιμῶντας
3486 5458 3562 5509 ἐτι
3586 5451 3651 5504 τὰ
3677 5447 3755 5500 διὰ

2205 5557 2465 5622 Μωσέως,
2497 5555 2558 5610 οὐ
2606 5555 2995 5627 προσιεμένους
3027 5555 3085 5609 δέ
3115 5556 3214 5625 τήν
3262 5554 3352 5608 διὰ
3402 5541 3632 5620 Χριστοῦ
3675 5553 3750 5589 τι·

2203 5651 2437 5716 λείωσιν,
2473 5651 2501 5703 ὁ
2529 5649 2812 5719 προφήτης
2844 5647 3082 5716 ἔφασκεν
3121 5647 3416 5718 Ἱερεμίας·
3466 5639 3576 5701 Πῶς
3597 5631 3750 5703 ἐρεῖτε

508 5817 515 5833 ,
555 5768 578 5800 ⁸
615 5767 784 5825 Exod.
821 5785 965 5834 XVIII,
1000 5769 1190 5836 11,Ιῖ.
1269 5770 1288 5802 ⁸
1320 5769 1480 5835 Ibid,
1521 5769 1597 5822 l2.
1679 5770 1697 5799 “
1729 5768 1889 5836 lbid.,
1924 5770 2009 5826 I3.
2089 5772 2107 5802 ⁷
2147 5770 2314 5837 Ibid,
2355 5769 2442 5823 9.4.
2522 5765 2546 5804 ⁸
2608 5765 2840 5836 Philipp.
2897 5782 2973 5828 ιιι,
3012 5767 3061 5818 5.
