4082 6304
276 326 416 386 2-35

1058 335 1148 390 DE
1185 336 1621 397 ADORATIONE
1661 342 1731 397 IN
1766 342 2037 401 SPIRITU
2076 346 2166 401 ΕΤ
2204 346 2574 408 VERITATE.
2614 354 2744 409 LIB.
2782 355 2872 410 Ill.

3469 355 3574 412 286

178 452 183 457 ‘
285 418 600 537 suadeo:
624 428 805 513 ἔσμεν
837 445 1018 515 ἡμεῖς,
1057 446 1153 499 καὶ
1184 448 1344 518 νόμος
1378 451 1586 521 Κυρίου
1616 454 1734 507 ἐστὶ
1768 454 1869 525 μεθ

1992 472 2100 527 que
2152 473 2275 514 eam
2330 477 2452 531 quae
2498 466 2803 535 acquiritur
2850 482 2951 537 per
2998 466 3203 523 Christi
3251 466 3580 532 doctrinam,

290 532 501 602 ἡμῶνς
540 533 634 596 Εἰς
665 534 843 605 μάτην
882 535 1115 608 ἐγενήθη
1165 542 1374 608 σχοῖνος
1398 540 1596 613 ψευδὴς
1624 544 1891 617 Γραμμα-

290 623 494 676 τεῦσιν
514 624 898 696 ’ᾐσχύνθησαν
917 628 1089 696 σοφοὶ,
1116 630 1462 703 ὲπτοήθησαν
1484 635 1578 688 καὶ
1606 636 1850 692 ἑάλωσαν
1870 654 1887 672 -

291 715 475 782 σοφία
504 715 591 780 τίς
634 718 784 771 ἐστιν
814 721 873 772 ὲν
906 720 1110 787 αὐτοῖς,
1139 723 1222 776 ὃτι
1248 724 1341 777 τὸν
1376 724 1533 792 λόγον
1559 727 1766 798 Κυρίου
1788 730 1888 783 ἀπ-

287 805 643 877 εδοκίμασαν
666 824 681 874 ;
709 828 727 861 ι
748 810 911 880 Ἡμῖν
933 811 989 864 δὲ
1015 816 1127 877 τοῖς
1156 813 1248 868 τὸν
1274 819 1541 886 σωτήριον
1563 819 1662 871 οὐκ
1689 819 1885 873 ἀποδο-

289 895 606 965 κιμάζουσι
656 897 812 966 λόγον
850 900 1213 972 (προσιέμεθα
1255 905 1363 976 γὰρ
1410 908 1661 978 ἀσμένως
1697 910 1765 964 τὰ
1799 910 1889 965 διὰ

1998 548 2391 619 repudiarent;
2442 553 2661 611 dicebat
2712 557 2980 627 propheta
3034 560 3346 614 Jeremias:
3387 578 3406 610 ‹
3436 559 3586 625 Quo-

1996 640 2160 694 modo
2209 641 2406 698 dicetis
2472 646 2619 714 quod
2670 650 2947 718 sapientes
2997 664 3189 704 sumus
3234 665 3354 715 nos,
3395 659 3451 705 et
3489 651 3584 705 Dei

1995 730 2083 784 lex
2127 733 2458 788 nobiscum?
2510 736 2715 793 frustra
2758 739 2936 794 factus
2977 749 3063 794 est
3103 741 3305 811 juncus
3351 741 3584 796 mendax

1997 820 2239 890 Scribis;
2269 825 2482 881 confusi
2517 838 2645 883 sunt
2676 830 2973 899 sapientes,
3024 831 3303 902 perterriti
3350 841 3480 886 sunt
3526 840 3584 887 et

1996 915 2139 983 capti
2171 925 2326 983 sunt;
2360 919 2625 988 sapientia
2654 937 2775 991 quae
2799 930 2882 976 est
2912 922 2968 975 in
3002 922 3154 991 ipsis,
3184 922 3310 992 quia
3348 922 3580 977 verbum

290 986 548 1057 Χριστοῦ
571 988 924 1061 κηρύγματα)
943 992 1168 1060 γέγονεν
1193 995 1355 1059 αὐτὸς
1369 997 1529 1066 σοφία
1552 998 1702 1070 παρὰ
1729 1000 1884 1055 Θεοῦ.

250 1076 255 1077 ⁷
295 1070 868 1150 Πεπλεονεκτήκαμεν
901 1078 994 1135 οὖν
1028 1083 1138 1154 ἄρα
1185 1085 1281 1138 καὶ
1326 1086 1467 1140 κατά
1513 1088 1726 1143 σύνεσιν
1762 1092 1869 1149 τοὺς

1995 1103 2110 1151 tare
2152 1098 2380 1154 verbum
2421 1116 2532 1155 non
2576 1104 2936 1173 reprobamus
2967 1103 3228 1174 (libenter
3265 1104 3413 1158 enim
3458 1119 3578 1157 am-

294 1169 360 1219 ὲν
397 1168 569 1265 νύμῳ,
610 1172 703 1223 καὶ
738 1173 789 1225 oi
837 1176 952 1236 τοῖς
976 1175 1120 1228 κατὰ
1157 1176 1322 1247 νόμον
1365 1179 1701 1251 διηγήμασιν
1755 1199 1869 1235 κατ

1988 1188 2279 1258 plectimur
2323 1191 2528 1247 Christi
2577 1168 3067 1265 praedicationem),
3108 1195 3287 1251 factus
3331 1204 3417 1249 est
3457 1194 3576 1265 ipse

292 1258 628 1328 ηχούμενοι,
662 1263 931 1331 φαγόντες
959 1265 1050 1318 τὸν
1070 1266 1231 1338 ἄρτον
1254 1268 1481 1324 ἐνώπιον
1511 1271 1607 1324 τοῦ
1637 1271 1796 1333 Θεοῦ,
1816 1272 1869 1326 τέ

1987 1277 2256 1347 sapientia
2298 1297 2331 1335 a
2358 1282 2491 1337 Deo.
2537 1258 2610 1339 lis
2643 1284 2812 1355 igitur
2851 1284 2947 1355 qui
2977 1258 3108 1339 sunt
3143 1284 3200 1339 in
3235 1284 3374 1354 lege,
3407 1258 3575 1337 etiam

293 1349 519 1420 ἀμείνω
546 1354 641 1406 καὶ
673 1354 853 1409 λαλεῖν
880 1356 974 1409 καὶ
1008 1361 1225 1428 φρονεῖν
1270 1361 1703 1434 πεπαιδεύμεθα.
1737 1365 1869 1417 Γνω-

1986 1367 2294 1436 prudentiae
2334 1372 2558 1428 nomine
2602 1375 2915 1444 superiores
2957 1374 3066 1446 95
3102 1391 3295 1431 sumus
3334 1393 3346 1428 :
3387 1383 3445 1430 et
3480 1376 3575 1444 qui

300 1440 531 1509 μοδοτεῖ
552 1442 663 1515 γὰρ
708 1444 895 1517 ’Ῑοθὸρ,
938 1448 1033 1500 καὶ
1062 1449 1321 1503 ἐπακούει
1348 1451 1576 1520 Μωσῆς.
1609 1452 1709 1522 Είη
1738 1451 1795 1505 δὲ
1816 1453 1869 1507 hi

1989 1458 2125 1529 legis
2201 1462 2551 1520 sermonibus
2606 1462 2928 1532 imbuimur,
2986 1475 3340 1537 posteaquam
3392 1479 3574 1519 come‘

296 1532 532 1625 fixam;
565 1536 859 1606 πρόσωπον
908 1537 1009 1608 μὲν
1031 1537 1218 1613 ῶσπερ
1246 1540 1354 1595 τῶν
1388 1542 1449 1607 ἐξ
1474 1542 1643 1599 ἐθνῶν
1691 1544 1869 1616 ἰοθὸρ1

1989 1546 2172 1603 dimus
2204 1564 2404 1620 panem
2447 1553 2504 1608 in
2534 1563 2831 1625 conspectu
2869 1558 2989 1623 Dei,
3030 1557 3259 1611 meliora
3295 1565 3412 1611 tum
3442 1570 3571 1609 sen-

294 1621 512 1693 Μωσῆς
536 1625 594 1678 δὲ
613 1627 722 1680 τῶν
748 1628 888 1682 κατὰ
914 1630 1096 1701 νόμον.

1989 1639 2116 1703 tire,
2156 1649 2271 1695 tum
2310 1644 2460 1714 loqui
2501 1621 2814 1703 didicimus.
2863 1621 3146 1704 Estrenim
3201 1658 3394 1703 auctor
3442 1660 3572 1701 sen-

296 1716 492 1771 tentias
529 1717 739 1783 Jethro,
783 1719 994 1793 Moyses
1068 1724 1431 1795 obtemperat.
1478 1726 1595 1785 Nec
1624 1740 1762 1784 vero
1810 1724 2048 1786 absurde
2081 1732 2274 1788 Jethro
2352 1737 2575 1805 quidem
2638 1740 2922 1811 gentilium
2958 1754 3247 1809 personam
3312 1738 3567 1805 sustinet,

294 1813 519 1884 Moyses
550 1821 736 1868 autem
772 1828 963 1869 eorum
998 1816 1093 1886 qui
1132 1826 1261 1872 sunt
1296 1832 1364 1873 ex
1400 1818 1537 1890 lege.

258 1920 265 1925 ’
373 1928 585 1985 ΠΑΛΛ.
627 1928 831 1998 Ὀρθῶς
862 1928 1023 2001 ἔφης.

369 2020 540 2073 ΚΥΡ.
577 2018 788 2073 Οὐκοῦν
811 2020 848 2089 ἡ
877 2019 965 2073 διὰ
1010 2022 1248 2092 Χριστοῦ
1296 2022 1596 2089 τελείωσις,
1645 2023 1739 2078 καὶ
1771 2022 1878 2078 τῶν

1996 1005 2212 1061 Domini
2264 1011 2699 1079 reprobaverunt
2723 1013 2787 1066 ’?
2814 1032 2833 1065 ι
2885 1013 3055 1068 Nobis
3096 1029 3250 1077 vero,
3291 1014 3387 1083 qui
3428 1016 3578 1068 salu-

1912 1941 1956 1997 B
2054 1931 2252 1987 PALL.
2294 1932 2463 1989 Recte
2495 1934 2594 1989 ais.

2049 2018 2207 2074 CYR.
2238 2021 2382 2090 Ergo
2413 2021 2514 2090 illa,
2534 2037 2658 2091 quae
2706 2038 2807 2093 per
2836 2023 3118 2080 Christum
3146 2026 3409 2082 tribuitur
3435 2043 3567 2098 pcr-

295 2112 422 2165 κατ⁹
470 2110 632 2164 αὑτὸν
678 2111 990 2182 μυστηρίων
1019 2114 1052 2184 ή
1087 2112 1336 2185 δύναμις,
1378 2117 1473 2168 καὶ
1505 2118 1699 2184 σοφοὺς
1730 2117 1869 2187 ἡμᾶς

1978 2108 2164 2176 fectio,
2207 2119 2263 2166 et
2295 2113 2415 2181 ejus
2450 2122 2919 2169 sacramentorum
2954 2117 3152 2181 virtus,
3185 2125 3301 2172 tum
3344 2119 3566 2189 sapien-

294 2203 578 2266 ἀποτελεῖ,
613 2203 707 2254 καὶ
731 2200 963 2255 θανάτου
989 2204 1304 2273 κρείττονας
1337 2206 1567 2277 ὁρᾶσθαι
1602 2209 1763 2271 ποιεῖ,
1786 2204 1869 2263 τὸν

1983 2210 2063 2257 tes
2094 2218 2194 2257 nos
2224 2201 2410 2265 cilicii,
2442 2212 2560 2257 tum
2606 2220 2739 2258 vero
2781 2217 2960 2261 morte
3008 2206 3266 2264 fortiores
3304 2210 3563 2275 ostendit,

294 2292 684 2363 κεκρυμμένον
707 2309 766 2347 τε
795 2294 891 2348 καὶ
912 2295 1098 2366 νοητὸν
1135 2297 1385 2367 Ἀμαλὴκ
1406 2298 1869 2370 καταστρέφουσα,

1978 2293 2254 2348 occultum
2292 2293 2445 2347 illum
2490 2309 2553 2348 ac
2600 2294 2940 2363 spiritualem
2990 2297 3231 2364 Amalec,
3284 2299 3563 2365 Satanam,

295 2382 445 2437 τοῦτ’
474 2382 613 2449 ἔστι,
647 2383 740 2437 τὸν
769 2383 1036 2440 Σατανᾶν.
1080 2386 1190 2441 Καὶ
1217 2388 1396 2460 ὀρθῶς
1424 2405 1488 2457 γε
1516 2390 1636 2444 λίαν
1664 2393 1692 2443 ὁ
1727 2390 1869 2444 Ψάλ-

1980 2382 2222 2451 inquam,
2261 2396 2602 2452 expugnans.
2648 2382 2716 2437 Et
2762 2390 2910 2436 recte
2953 2383 3248 2438 admodum
3284 2385 3375 2439 ille
3412 2385 3565 2440 Psal-

296 2474 408 2528 λων
432 2474 675 2542 ἔφασκεν
694 2491 708 2505 ·
751 2494 771 2527 ι
811 2475 933 2529 Ὅτι
963 2477 1021 2530 ὲν
1053 2477 1131 2549 τῷ
1158 2480 1277 2549 Θεῷ
1301 2482 1599 2552 ποιήσομεν
1626 2482 1869 2549 δύναμιν,

1979 2480 2061 2525 tes
2089 2471 2306 2526 aiebat:
2344 2490 2363 2521 ι
2401 2470 2668 2537 Quoniam
2715 2470 2771 2524 in
2812 2471 2925 2525 Deo
2962 2471 3229 2528 faciemus
3271 2474 3562 2541 virtutem;

299 2564 398 2618 καὶ
417 2563 582 2628 αὐτὸς
604 2564 948 2630 ὲξουδενώσει
974 2570 1098 2632 τοὺς
1120 2570 1399 2636 θλίϐοντας
1423 2574 1589 2642 ἡμᾶς.
1629 2591 1648 2623 ›
1692 2573 1753 2626 Ἦ
1762 2572 1877 2643 μῶν

297 2655 358 2709 δὲ
390 2655 456 2729 δὴ
481 2657 611 2728 περὶ
638 2656 745 2710 τῶν
768 2660 825 2714 ὲν
854 2659 1035 2714 πίστει
1062 2659 1582 2734 λελαμπρυσμένων,
1612 2664 1876 2734 ἀνεφώνει

298 2746 466 2801 πᾶλιν
495 2748 572 2811 ὡς
604 2749 740 2819 πρὸς
765 2749 926 2804 αὐτόν
945 2766 960 2782 ο
990 2770 1010 2803 ι
1037 2739 1159 2806 ’ὁτι
1185 2755 1444 2826 καύχημα
1472 2756 1571 2825 τῆς
1597 2755 1877 2826 δυνάμεως

299 2836 484 2892 αὐτῶν
521 2838 586 2892 σὺ
631 2832 826 2902 εῐ,’καὶ
862 2842 921 2894 ὲν
968 2838 1045 2910 τῷ
1084 2840 1308 2912 ὀνόματί
1339 2859 1430 2895 σου
1459 2842 1875 2911 ἀγαλλιάσονται

300 2926 431 2998 ὅλην
464 2927 568 2998 τὴν
604 2927 844 2999 ἡμέραν.
874 2948 893 2983 ι
932 2929 1280 3001 Καυχώμεθα
1311 2932 1421 3002 γὰρ
1444 2932 1503 2985 ὲν
1529 2932 1750 3004 Χριστῷ
1772 2950 1877 2987 σω-

302 3017 542 3089 ζὸμενοι,
568 3019 665 3072 καὶ
693 3019 856 3073 αὑτὸν
879 3019 1095 3090 ἔχοντες
1120 3020 1284 3074 ὅπλον
1314 3021 1580 3087 εὐδοκίας,
1615 3021 1757 3076 κατὰ
1779 3022 1877 3086 τὰς

301 3110 546 3181 Γραφάς.
571 3110 774 3164 Τούτου
803 3111 861 3165 δὲ
882 3108 949 3165 αὖ
977 3112 1145 3176 τύπος
1175 3115 1306 3183 ἡμῖν
1335 3112 1427 3166 καὶ
1449 3113 1610 3168 εἰκὼν
1640 3115 1876 3186 ἐναργὴς

1976 2569 2034 2617 et
2073 2562 2190 2631 ipse
2239 2562 2306 2616 ad
2352 2561 2588 2616 nihilum
2639 2561 2876 2617 deducet
2927 2562 3255 2618 tribulantes
3303 2580 3404 2619 nos
3432 2564 3494 2619 ³ο.
3538 2583 3557 2616 ι

1975 2652 2053 2708 De
2092 2651 2253 2707 nobis
2292 2652 2444 2717 item,
2477 2652 2572 2723 qui
2620 2651 2746 2707 fidei
2791 2652 3082 2723 splendore
3128 2668 3319 2709 sumus
3360 2655 3559 2718 ornati,

1976 2737 2193 2798 dicebat
2223 2743 2289 2797 ad
2333 2743 2506 2797 Deum
2551 2757 2685 2798 voce
2723 2758 2989 2799 conversa
3030 2763 3044 2799 :
3082 2763 3101 2795 ι
3136 2743 3402 2811 Quoniam
3442 2743 3562 2815 glo-

1976 2832 2059 2888 ria
2083 2833 2303 2889 virtutis
2331 2849 2523 2889 eorum
2557 2841 2617 2889 tu
2646 2850 2727 2898 es,
2754 2843 2810 2889 et
2845 2834 2901 2889 in
2932 2834 3154 2890 nomine
3191 2842 3286 2889 tuo
3317 2836 3561 2890 exsulta-

1975 2929 2115 2983 bunt
2155 2936 2267 2983 tota
2314 2928 2403 2983 die
2426 2929 2503 2994 ,“.
2543 2947 2562 2979 ι
2618 2927 2970 2984 Exsultamus
3010 2928 3158 2983 enim
3211 2928 3268 2982 iri
3316 2926 3558 2994 Christo,

1974 3036 2098 3076 cum
2152 3020 2448 3083 salvamur,
2493 3026 2550 3073 et
2595 3019 2776 3089 ipsum
2822 3020 3120 3084 habemus,
3168 3026 3230 3073 ut
3279 3028 3364 3075 est
3414 3021 3559 3090 apud

1976 3110 2287 3180 Scripturas
2328 3127 2341 3162 :
2381 3128 2399 3161 ι
2440 3110 2670 3165 Scutum
2708 3110 2868 3165 bonae
2903 3111 3205 3165 voluntatis
3232 3112 3295 3165 ι’.
3332 3130 3351 3163 ι
3390 3111 3563 3182 Cujus

304 3202 371 3255 ἂν
398 3201 611 3270 γένοιτο
645 3201 827 3265 πάλιν,
853 3202 913 3255 τὸ
946 3204 1004 3257 ὲν
1033 3203 1112 3273 τῷ
1158 3202 1301 3256 τέλει
1342 3204 1441 3275 τῆς
1469 3204 1726 3277 δευτέρας
1767 3205 1869 3259 τῶν

1975 3203 2057 3258 rei
2091 3202 2251 3257 nobis
2298 3201 2471 3272 figura
2521 3216 2641 3257 esse
2693 3216 2887 3256 rursus
2936 3208 3136 3271 potest,
3172 3211 3337 3272 atque
3382 3205 3561 3274 imago

303 3293 600 3348 Βασιλειῶν
621 3296 1025 3367 γεγραμμένον·
1053 3271 1164 3368 ἔχει
1183 3296 1238 3350 δὲ
1264 3271 1435 3359 οὕτως
1456 3313 1469 3327 ο
1501 3316 1520 3348 ι
1547 3271 1657 3350 Καὶ
1672 3296 1869 3367 ἀνέστη

1972 3292 2297 3364 perspicua,
2345 3271 2492 3362 quod
2549 3291 2607 3346 in
2662 3300 2910 3347 extremo
2963 3292 3193 3347 secundi
3243 3271 3559 3365 Regnorum

301 3384 462 3437 Δαόὶδ
498 3384 670 3455 πρωῒ,
701 3386 794 3439 καὶ
825 3386 978 3455 λόγος
1003 3386 1209 3457 Κυρίου
1237 3387 1453 3455 ἐγένετο
1482 3386 1619 3455 πρὸς
1645 3385 1753 3438 Γὰδ
1781 3384 1874 3439 τὸν

302 3477 588 3546 προφήτην
635 3476 727 3529 τὸν
769 3476 981 3551 ὁρῶντα
1015 3478 1151 3548 πρὸς
1191 3477 1389 3541 Δαόὶδ,
1424 3478 1633 3547 λέγων⁹
1663 3474 1870 3546 Πορεύ-

302 3568 422 3639 θητι
464 3567 561 3620 καὶ⁵
605 3567 837 3636 λάλησον
867 3568 1002 3638 πρὸς
1048 3569 1231 3633 Δαὸὶδ,
1272 3568 1482 3637 λέγων·
1541 3566 1682 3622 Τάδε
1724 3565 1871 3634 λέγει

301 3660 501 3733 Κύριος
520 3677 537 3692 ·
568 3660 709 3731 Τρία
735 3658 845 3729 ἐγὼ
869 3660 979 3732 ἐρῶ
1003 3661 1094 3713 ἐπὶ
1127 3661 1207 3722 σὲ,
1241 3659 1452 3724 έκλεξαι
1477 3660 1689 3732 σεαυτῷ
1720 3657 1782 3712 ἒν
1813 3656 1873 3724 ἐξ

301 3754 499 3820 αὐτῶν,
530 3755 624 3806 καὶ
651 3754 861 3822 ποιήσω
894 3769 997 3805 σοι.
1024 3751 1135 3805 Καὶ
1162 3750 1378 3821 εἰσῆλθε
1400 3750 1508 3804 Γὰδ
1529 3748 1664 3820 πρὸς
1688 3748 1870 3813 Δαὸὶδ,

1969 3382 2099 3441 libri
2128 3384 2391 3454 scriptum
2424 3393 2525 3450 est;
2557 3399 2622 3439 ea
2645 3384 2814 3439 verba
2852 3384 2933 3439 sic
2978 3383 3184 3440 habent
3216 3403 3230 3439 :
3275 3406 3293 3438 ι
3329 3386 3397 3441 Et
3429 3402 3558 3442 sur~

1970 3473 2112 3528 rexit
2148 3474 2318 3528 David
2363 3490 2542 3538 mane,
2578 3482 2633 3528 et
2677 3490 2859 3529 sermo
2896 3475 3114 3530 Domini
3156 3475 3336 3531 factus
3367 3485 3450 3532 est
3489 3476 3558 3531 ad

1968 3562 2083 3620 Gad
2125 3565 2469 3635 prophetam,
2502 3565 2778 3620 videntem
2818 3566 3009 3632 David,
3040 3567 3229 3623 dicens
3257 3586 3270 3621 :
3302 3568 3429 3623 Haec
3467 3569 3556 3623 di»

1967 3655 2047 3711 cit
2090 3656 2373 3723 Dominus,
2429 3656 2556 3713 Tria
2607 3673 2708 3728 ego
2754 3659 2930 3713 dicam
2981 3666 3173 3713 contra
3230 3669 3302 3723 te,
3347 3660 3553 3727 David;

1968 3747 2106 3820 elige
2136 3762 2305 3803 unum
2347 3765 2414 3803 ex
2448 3748 2602 3819 ipsis,
2638 3757 2695 3804 et
2728 3749 2921 3804 faciam
2967 3750 3089 3804 tibi.
3130 3749 3197 3804 Et
3241 3750 3396 3804 venit
3441 3750 3555 3805 Gad

302 3846 389 3899 καὶ
406 3845 735 3915 ἀπήγγειλε,
767 3844 863 3898 καὶ
889 3841 1044 3896 εἶπεν
1072 3843 1242 3913 αὐτῷ·
1266 3841 1526 3906 Ἔκλεξαι
1553 3839 1764 3911 σεαυτῷ
1779 3854 1869 3911 γε-

1972 3840 2038 3895 ad
2084 3841 2276 3905 David,
2317 3847 2373 3896 et
2416 3841 2689 3897 nuntiavit
2727 3849 2783 3896 et
2830 3841 2968 3896 dixit
3012 3841 3085 3906 ei,
3127 3841 3317 3896 dicens
3351 3859 3363 3894 :
3405 3840 3555 3913 Elige

299 3936 479 3991 νέσθαι
504 3976 524 4005 ,
552 3935 587 4007 ἢ
627 3935 756 4008 ἔλθῃ
806 3953 890 3989 σοι
922 3935 1047 4006 τρία
1080 3934 1173 4006 ἐτη
1206 3934 1364 4004 λιμὸς
1407 3935 1465 3987 ἐν
1497 3936 1563 4004 τῇ
1595 3935 1664 4005 γῆ
1695 3948 1811 3999 σου,
1831 3930 1869 4007 ἢ

1972 3931 2069 3987 tibi
2116 3940 2177 3986 ut
2223 3931 2375 3997 fiant,
2409 3933 2495 3987 vel
2539 3943 2603 3988 ut
2650 3933 2876 3988 veniant
2922 3933 3022 3988 tibi
3067 3942 3180 3989 tres
3220 3933 3349 3988 anni
3392 3933 3556 3989 fhmis

261 4004 269 4013 ’
301 4030 444 4098 τρεῖς
471 4004 653 4099 μῆνας
696 4004 918 4097 φεύγειν
952 4004 1011 4081 σε
1041 4004 1348 4099 ἔμπροσθεν
1371 4024 1482 4080 τῶν
1513 4004 1723 4098 ἐχθρῶν
1751 4004 1867 4089 σου,

1972 4033 2134 4089 super
2169 4027 2370 4074 terram
2422 4029 2609 4088 tuam;
2650 4021 2738 4076 vel
2781 4031 2893 4077 tres
2930 4038 3146 4078 menses
3183 4022 3359 4098 fugias
3396 4031 3453 4077 tu
3486 4023 3556 4077 de

302 4121 392 4175 καὶ
407 4120 627 4175 ἔσονται
647 4120 1006 4175 καταδιώκειν
1031 4139 1091 4173 σε
1110 4138 1124 4152 ο
1161 4121 1195 4193 ἦ
1218 4123 1364 4192 τρεῖς
1384 4120 1596 4191 ἡμέρας
1616 4116 1869 4189 γενέσθαι

1972 4111 2104 4166 facie
2138 4111 2486 4169 inimicorum
2526 4122 2767 4180 tuorum,
2794 4124 2851 4170 et
2888 4114 2993 4184 ipsi
3025 4123 3426 4184 persequantur
3456 4122 3508 4168 te
3537 4131 3552 4169 :

302 4211 525 4266 θάνατον
559 4213 619 4266 ὲν
648 4215 716 4282 τῇ
767 4214 837 4283 γῇ
878 4229 995 4266 σου.
1044 4212 1160 4266 Νῦν
1206 4208 1300 4265 οὖν
1343 4210 1509 4280 γνῶθι
1544 4209 1640 4266 καὶ
1687 4209 1765 4263 ίδε
1816 4208 1867 4261 τί

1972 4205 2050 4261 vel
2082 4212 2143 4260 ut
2175 4206 2270 4261 fiat
2298 4208 2478 4262 tribus
2513 4206 2710 4262 diebus
2751 4223 2902 4263 mors
2945 4207 3002 4261 in
3053 4216 3197 4262 terra
3242 4216 3356 4260 tua.
3398 4207 3556 4262 Nunc

300 4301 580 4374 ἀποκριθῶ
609 4301 686 4372 τῷ
708 4301 1089 4356 ἀποστείλαντι
1118 4320 1187 4373 με
1216 4302 1386 4374 ῥῆμα.
1424 4302 1534 4356 Καὶ
1562 4296 1683 4356 εἷπε
1705 4298 1869 4355 Δαόὶδ

1972 4294 2130 4366 igitur
2168 4295 2430 4361 delibera,
2474 4305 2530 4351 et
2574 4296 2700 4350 vide
2736 4296 2883 4365 quod
2920 4297 3152 4351 verbum
3195 4296 3553 4365 respondeam

302 4392 428 4463 πρὸς
458 4392 569 4447 Γάδ
594 4408 608 4424 ⁸
646 4392 817 4445 Στενὰ
857 4410 946 4462 μοι
983 4393 1246 4448 πάντοθεν
1295 4393 1497 4462 σφόδρα
1525 4391 1641 4445 ἐστὶ
1673 4389 1766 4445 καὶ
1796 4388 1866 4444 τὰ

1972 4387 2015 4441 ei
2072 4387 2167 4456 qui
2208 4387 2359 4442 misit
2400 4402 2508 4441 me.
2553 4387 2622 4441 Et
2661 4387 2801 4441 dixit
2842 4386 3015 4441 David
3067 4387 3135 4441 ad
3187 4385 3303 4441 Gad
3339 4403 3354 4440 :
3388 4387 3552 4442 Arcta

285 4484 437 4556 ,τρίασ
480 4484 832 4556 ἐμπεσοῦμαι
862 4484 928 4556 δὴ
958 4486 1039 4549 είς
1081 4486 1269 4555 χεῖρας
1299 4484 1530 4554 Κυρίου,
1568 4482 1650 4536 ὅτι
1681 4480 1864 4535 πολλοὶ

283 4568 345 4628 ὀἱ
380 4575 656 4646 οίιιτιρμολ⁴
685 4574 851 4630 αὑτοῦ
888 4576 1122 4648 σφόδρα·
1162 4578 1244 4640 είς
1267 4576 1323 4628 δὲ
1351 4577 1537 4645 χεῖρας
1559 4570 1861 4646 ἀνθρώπων

299 4662 355 4717 οὐ
385 4662 459 4734 μὴ
479 4665 728 4734 ἐμπέσω.
757 4664 868 4718 Καὶ
892 4664 1174 4730 ἐξελέξατο
1197 4662 1374 4734 ἐαυτῷ
1402 4662 1565 4715 Δαὸὶδ
1585 4662 1678 4716 τὸν
1704 4663 1861 4717 θάνα-

297 4771 412 4807 τον·
445 4750 590 4824 ἦσαν
614 4754 671 4807 δὲ
708 4756 764 4807 αί
793 4753 997 4827 ἡμέραι
1024 4753 1285 4827 θερισμοῦ
1325 4753 1534 4825 πυρῶν,
1559 4752 1657 4807 καὶ
1696 4752 1861 4807 ἔδωκε

297 4844 494 4914 Κύριος
525 4845 758 4899 θάνατον
802 4848 861 4899 ὲν
902 4845 1120 4918 Ἰσραὴλ
1148 4847 1255 4900 ἀπὸ
1294 4844 1534 4917 πρωῖθεν
1581 4844 1687 4909 ἕως
1715 4844 1861 4916 ὥρας

294 4935 512 5006 ἀρίστου
531 4953 545 4967 ο
582 4938 678 4990 καὶ
702 4935 904 5008 ἧρξατο
941 4940 974 5009 ἡ
1000 4937 1228 5009 θραῦσις
1264 4939 1322 4990 ὲν
1355 4934 1433 5008 τῷ
1452 4935 1568 5007 λαῷ
1587 4975 1602 5000 ,
1632 4937 1726 4990 καὶ
1751 4937 1861 4989 ἀπ-

295 5025 474 5078 έθανεν
501 5028 568 5080 ὲκ
594 5026 687 5080 τοῦ
704 5027 832 5081 λαοῦ
850 5028 1057 5100 Κυρίου
1080 5028 1187 5082 ἀπὸ
1210 5028 1315 5082 Δὰν
1337 5030 1430 5082 καὶ⁸
1442 5028 1545 5092 ἕως
1561 5026 1856 5101 Βερσαϐεὲ,

294 5114 659 5186 ἐϐδομήκοντα
687 5116 923 5189 χιλιάδες
958 5119 1189 5190 ἀνδρῶν’
1219 5120 1314 5174 καὶ
1342 5119 1606 5186 ἐξέτεινεν
1628 5121 1659 5175 ὁ
1693 5119 1858 5190 ἄγγε-

292 5204 378 5267 λος
402 5206 496 5259 τοῦ
544 5207 676 5262 Θεοῦ
710 5208 808 5280 τὴν
837 5211 993 5280 χεῖρα
1042 5211 1206 5265 αὑτοῦ
1254 5214 1331 5275 είς
1376 5211 1732 5283 Ἰερουσαλὴμ
1759 5209 1852 5266 τοῦ

290 5293 592 5366 διαφθεῖραι
642 5299 838 5370 αὐτήν·
870 5301 966 5353 καὶ⁵
1015 5301 1330 5372 παρεκλήθη
1382 5302 1585 5371 Κύριος
1636 5304 1727 5355 ἐπὶ
1784 5304 1847 5372 τῇ

293 5386 472 5454 κακίᾳ,
505 5387 601 5439 καὶ
646 5383 765 5440 εἷπε
800 5389 876 5459 τῷ
920 5390 1135 5462 ἀγγέλῳ
1169 5390 1247 5461 τῷ
1283 5391 1646 5462 διαφθείροντι
1681 5393 1739 5445 ὲν
1775 5391 1852 5460 τῷ

291 5471 434 5543 λαῷο
476 5473 706 5541 Ἱκανὺν,
742 5479 866 5542 ἄνες
905 5479 1005 5550 τὴν
1038 5480 1196 5550 χεῖρά
1237 5498 1352 5534 σου.
1409 5482 1518 5535 Καὶ
1550 5483 1579 5534 ὁ
1627 5480 1855 5548 ἄγγελος

293 5564 379 5618 τοῦ
410 5565 544 5619 Θεοῦ
581 5562 651 5638 ἦν
695 5570 863 5633 ἑστὼς
893 5572 1021 5643 περὶ
1067 5574 1134 5641 τῇ
1161 5572 1273 5642 ἆλῳ
1311 5574 1471 5643 Ὀρνᾶ
1507 5572 1599 5626 τοῦ
1658 5575 1854 5627 Ἰεὸου-

362 5698 379 5729 ⁸
409 5698 517 5754 Jer.
555 5716 665 5767 nn,
714 5702 767 5772 8,
794 5704 845 5758 9.

1964 4490 2094 4533 sunt
2128 4478 2263 4532 mihi
2309 4477 2552 4547 undique
2590 4479 2747 4533 valde
2783 4479 2900 4534 haec
2931 4480 3034 4534 tria
3067 4499 3080 4533 :
3113 4480 3554 4551 incidamigitur

1963 4568 2019 4622 in
2073 4581 2269 4623 manus
2312 4567 2550 4631 Domini,
2588 4567 2718 4637 quia
2764 4569 2952 4623 multa
3002 4569 3384 4625 miserationes
3430 4572 3553 4642 ejus

1961 4659 2153 4725 nimis;
2187 4659 2243 4713 in
2283 4674 2480 4714 manus
2512 4666 2696 4714 autem
2726 4659 3012 4714 hominum
3049 4677 3163 4716 non
3196 4660 3451 4715 incidam.
3480 4662 3553 4717 Et

1960 4751 2124 4822 elegit
2162 4750 2267 4805 sibi
2305 4750 2476 4805 David
2519 4758 2753 4805 mortem
2787 4769 2799 4804 :
2833 4759 2990 4807 erant
3027 4761 3212 4807 autem
3246 4752 3365 4808 dies
3401 4766 3549 4808 mes-

1959 4842 2035 4898 sis
2082 4841 2273 4907 tritici,
2313 4848 2370 4896 et
2410 4842 2567 4897 dedit
2617 4841 2882 4898 Dominus
2928 4852 3162 4899 mortem
3212 4843 3269 4899 in
3312 4845 3476 4900 Israel
3518 4860 3550 4900 a

1962 4946 2120 4986 mane
2156 4947 2331 5001 usque
2365 4931 2432 4985 ad
2463 4931 2657 4985 horam
2696 4933 2911 5002 prandii
2948 4951 2960 4986 :
2993 4942 3050 4988 et
3086 4933 3254 5004 coepit
3288 4934 3448 4988 ruina
3493 4934 3547 4987 in

1964 5024 2186 5093 pepnlo,
2211 5032 2267 5077 et
2294 5022 2498 5077 mortui
2530 5030 2659 5077 sunt
2685 5024 2753 5078 de
2775 5025 2979 5094 populo
3006 5039 3037 5077 a
3065 5025 3180 5077 Dan
3213 5039 3385 5093 usque
3414 5025 3547 5077 Ber-

1962 5114 2123 5168 sabee
2158 5113 2498 5184 septuaginta
2528 5114 2702 5169 millia
2738 5115 2984 5169 virorum
3013 5131 3025 5167 :
3058 5122 3114 5169 et
3154 5114 3400 5168 extendit
3445 5129 3547 5167 an-

1959 5206 2112 5277 gelus
2144 5206 2241 5260 Dei
2278 5220 2499 5261 manum
2538 5220 2693 5261 suam
2723 5207 2779 5261 in
2816 5207 3141 5271 Jerusalem,
3170 5212 3231 5259 ut
3258 5204 3543 5274 diSperde-

1958 5303 2041 5350 ret
2070 5311 2191 5351 eam
2224 5312 2237 5348 :
2269 5304 2325 5351 et
2355 5296 2614 5351 misertus
2643 5303 2728 5350 est
2756 5296 3022 5350 Dominus
3053 5311 3219 5365 super
3250 5294 3545 5366 96malo,

1957 5396 2014 5442 et
2063 5387 2201 5442 dixit
2256 5387 2450 5458 angelo
2502 5388 2876 5455 corrumpenti
2935 5387 2989 5440 in
3038 5386 3239 5456 populo
3281 5405 3293 5440 :
3333 5385 3547 5441 Sufﬁcit

1959 5496 2136 5547 nunc;
2193 5482 2411 5536 remitte
2467 5494 2688 5533 manum
2732 5486 2901 5532 tuam.
2947 5479 3013 5533 Et
3052 5480 3277 5550 angelus
3323 5478 3543 5534 Domini

1961 5580 2079 5627 erat
2106 5582 2254 5627 stans
2278 5573 2429 5642 juxta
2473 5585 2655 5624 aream
2688 5569 2834 5624 Orna
2870 5570 3122 5627 Jebuszei.
3152 5573 3219 5627 Et
3259 5571 3395 5627 dixit
3432 5568 3549 5624 Βιι*

964 5707 1004 5739 ⁸⁸
1058 5708 1199 5764 Psal.
1255 5725 1359 5779 Lix,
1393 5709 1477 5766 Η.
1547 5714 1584 5743 ”
1626 5712 2034 5767 Psalixxxvm.
2092 5712 2174 5777 l7,
2210 5711 2306 5781 ‘18.
2387 5710 2426 5740 "
2466 5710 2606 5765 Psal.
2638 5726 2689 5774 ν,
2716 5710 2799 5762 12.
