4082 6304
528 358 638 416 2-87

1538 353 1594 411 S.
1629 354 1903 411 CYRILLI
1944 354 2409 411 ALEXANDRINI
2439 355 2758 412 ARCHIEP.

3731 315 3830 400 ess

531 474 620 528 vid
664 473 730 528 ad
771 472 1082 536 Dominum,
1113 486 1236 526 cum
1278 469 1506 525 vidisset
1537 469 1664 539 ipse
1703 469 1951 539 angelum
2002 484 2108 522 ca:-

2215 468 2387 520 σαίου.
2421 467 2532 520 Kal
2565 463 2685 520 εἶκε
2716 465 2878 518 Δαϐὶδ
2913 464 3048 536 πρὸς
3080 463 3324 536 Κύριον,
3365 460 3430 513 ἐν
3460 457 3546 530 τῷ
3582 457 3716 511 ίδεῑν
3739 458 3828 512 αὑ-

531 565 750 619 (leutem
790 564 846 617 in
876 565 1098 633 populo,
1131 571 1187 617 et
1225 562 1362 616 dixit
1391 581 1403 614 :
1436 561 1578 616 Ecce
1614 576 1716 631 ego
1747 574 1866 614 sum
1902 569 2106 629 pastor;

530 670 630 724 ego
670 654 890 724 peccavi
927 672 938 706 :
970 662 1026 708 et
1055 669 1156 724 ego
1194 660 1380 723 pastor
1421 651 1560 706 male
1597 651 1728 716 feci;
1762 659 1818 705 et
1853 651 1943 705 isti
1983 665 2111 705 oves

530 744 664 813 quid
691 744 984 799 fecerunt?
1008 744 1126 798 Fiat
1154 759 1348 798 manus
1374 754 1465 798 tua
1495 750 1684 798 contra
1712 756 1798 795 me
1842 750 1899 796 et
1923 750 2112 795 contra

531 835 754 891 domum
793 838 964 907 patris
1008 836 1137 892 mei.
1181 838 1251 891 Et
1276 836 1429 891 venit
1464 833 1578 890 Gad
1620 833 1686 888 ad
1721 833 1889 888 David
1927 833 1982 886 in
2022 832 2111 887 die

531 924 644 990 illa,
677 934 733 980 et
763 925 901 980 dixit
945 926 1022 980 illi
1069 943 1083 980 :
1121 926 1386 990 Ascende,
1429 934 1485 980 et
1529 925 1799 979 constitue
1845 924 2012 978 altare
2055 923 2112 977 in

533 1031 658 1070 area
684 1015 829 1070 Orna
856 1017 1112 1071 Jebusaei.
1145 1018 1217 1096 Et
1231 1016 1482 1072 ascendit
1511 1016 1677 1070 David
1705 1017 1856 1086 juxta
1881 1015 2110 1069 verbum

532 1106 649 1161 Gad
693 1108 994 1177 pr0phet:e,
1038 1109 1496 1178 quemadmodum
1545 1115 1879 1177 praeceperat
1914 1105 1965 1159 ei
2003 1105 2109 1159 Do-

534 1197 760 1250 minus:
794 1211 850 1252 et
902 1199 1186 1253 inclinavit
1237 1215 1296 1253 se
1341 1198 1507 1264 Orna,
1550 1207 1606 1252 et
1651 1198 1790 1251 vidit
1832 1212 2011 1267 regem
2057 1205 2112 1251 et

533 1299 722 1338 servos
752 1287 870 1355 ejus
901 1296 1346 1355 pertranseuntes
1385 1303 1547 1358 supra
1581 1288 1759 1356 ipsum
1791 1305 1801 1339 :
1833 1293 1889 1340 et
1925 1301 2108 1355 egres-

534 1391 629 1429 sus
660 1385 744 1430 est
767 1375 934 1440 Orna,
964 1385 1020 1431 et
1047 1378 1294 1432 adoravit
1321 1393 1502 1448 regem
1531 1377 1586 1431 in
1615 1376 1807 1431 faciem
1835 1390 1989 1430 suam
2016 1389 2108 1428 su-

535 1481 633 1533 per
661 1475 880 1519 terram.
913 1467 980 1520 Et
1008 1467 1147 1522 dixit
1173 1467 1353 1522 Orna:
1379 1467 1492 1522 Cur
1509 1467 1658 1521 venit
1679 1467 1934 1520 dominus
1956 1481 2111 1520 meus

535 1571 628 1608 rex
669 1554 736 1609 ad
778 1570 996 1610 servum
1029 1557 1225 1612 suum?
1263 1557 1331 1610 Et
1365 1556 1502 1611 dixit
1531 1557 1697 1610 David
1727 1574 1740 1609 :
1773 1557 1844 1612 Ut
1875 1571 2052 1611 emam
2079 1572 2109 1610 a

534 1655 588 1699 te
635 1661 837 1710 aream,
878 1656 938 1701 ut
973 1647 1238 1703 aediﬁcem
1291 1649 1461 1702 altare
1510 1648 1776 1713 Domino,
1831 1656 1887 1702 et
1935 1658 2111 1704 cesset

537 1737 696 1791 ruina
723 1754 753 1792 a
780 1741 1001 1808 populo.
1045 1741 1115 1794 Et
1143 1739 1280 1794 dixit
1319 1738 1466 1794 Orna
1515 1739 1582 1793 ad
1618 1739 1787 1792 David
1821 1757 1834 1792 :
1864 1739 2110 1809 Accipiat

2211 560 2302 612 τὸν
2339 559 2429 613 τὸν
2461 559 2688 628 ἄγγελον
2711 558 2802 610 τὸν
2831 557 3102 610 τύπτοντα
3129 558 3187 608 ἐν
3212 554 3303 625 τῷ
3340 551 3492 622 λαῷ,
3522 550 3624 604 καὶ
3645 546 3796 602 εἶπεν
3813 567 3826 582 ο

2223 650 2353 705 Ἰδοὺ
2381 650 2492 719 ἐγώ
2531 651 2646 720 είμι
2675 650 2705 702 6
2733 647 2956 719 ποιμὴν,
2991 646 3103 716 ἐγὼ
3135 647 3493 718 ἡμάρτηκα,
3537 639 3640 693 καὶ
3669 637 3778 708 ἐγὼ
3802 642 3828 693 ὁ

2213 742 2417 811 ποιμὴν
2438 739 2814 810 ἐκακοποίησα
2830 755 2844 768 ο
2871 738 2965 793 καὶ
2989 731 3137 792 οὗτοι
3154 737 3227 790 τὰ
3259 733 3541 807 πρόϐατα
3561 731 3619 784 τί
3647 731 3827 799 ἐποίη-

2213 850 2344 900 σαν;
2372 833 2617 886 Γενέσθω
2643 833 2707 902 δὴ
2737 835 2770 902 ή
2793 831 2914 903 χείρ
2941 848 3034 884 σου
3064 831 3122 884 ἐν
3150 829 3308 900 ἐμοὶ,
3345 827 3452 880 καὶ
3489 827 3553 877 ἐν
3587 822 3669 894 τῷ
3701 824 3828 894 οῐκῳ

2210 924 2304 978 τοῦ
2338 924 2542 995 πατρός
2587 942 2708 994 μου.
2744 923 2855 976 Kal
2889 919 3020 994 ἦλθε
3071 921 3180 975 Γὰδ
3225 919 3384 991 πρὸς
3436 915 3614 970 Δαόὶδ
3662 916 3720 967 ἐν
3764 917 3826 986 τῇ

2212 1010 2394 1082 ἡμέρα
2419 1010 2620 1082 ἐκείνῃ,
2653 1010 2746 1064 καὶ
2771 1005 2922 1064 εἶπεν
2945 1007 3092 1080 αὑτῷ
3115 1026 3130 1043 ο
3166 1005 3480 1077 Ἀνάσηθι,
3509 1005 3612 1058 καὶ
3636 1006 3828 1074 στῆσον

2210 1098 2288 1168 τῷ
2316 1099 2506 1170 Κυρίῳ
2531 1098 2913 1171 θυσιαστήριον
2935 1101 2992 1153 ἐν
3019 1101 3085 1170 τῇ
3117 1098 3230 1168 ἅλῳ
3273 1096 3462 1168 Ὀρνᾶ
3483 1093 3586 1147 τοῦ
3633 1094 3826 1148 Ἰεϐου-

2213 1190 2385 1244 σαίου.
2423 1190 2533 1244 Kal
2569 1190 2735 1261 ἀνέϐη
2770 1190 2934 1244 Δαϐὶδ
2958 1189 3100 1244 κατὰ
3127 1190 3188 1242 τὸ
3220 1188 3395 1259 ῥῆμα
3427 1185 3549 1240 Γὰδ
3574 1183 3673 1238 τοῦ
3699 1202 3827 1257 προ-

2211 1282 2404 1352 φήτου,
2435 1281 2492 1333 ὃν
2513 1282 2710 1353 τρόπον
2735 1282 3034 1335 ἐνετείλατο
3063 1279 3211 1351 αὐτῷ
3237 1278 3496 1350 Κύριος·
3525 1276 3628 1330 καὶ
3652 1275 3824 1329 διέκυ-

2208 1372 2308 1442 ψεν
2341 1373 2525 1443 ’ορνᾶ,
2575 1373 2668 1426 καὶ
2719 1368 2828 1426 εἶδε
2863 1371 2955 1424 τὸν
2995 1371 3225 1442 βασιλέα
3280 1368 3390 1422 καὶ
3445 1367 3586 1428 τοὺς
3633 1365 3822 1427 παῖδας

2210 1463 2394 1528 αὑτοῦ,
2426 1463 2977 1535 παραπορευομένους
2995 1464 3180 1518 ἐπάνω
3200 1459 3388 1515 αὐτοῦ
3419 1473 3435 1489 ⁸
3474 1457 3576 1513 καὶ
3601 1455 3820 1526 ἐξῆλθεν

2223 1555 2403 1624 ὐρνᾶ,
2444 1556 2540 1608 καὶ
2581 1555 2958 1626 προσεκύνησε
2995 1553 3074 1624 τῷ
3122 1552 3346 1624 βασιλεῖ
3390 1549 3494 1601 ἐπὶ
3530 1547 3822 1619 πρόσωπον

2209 1647 2372 1700 αὐτοῦ
2415 1648 2508 1701 ἐπὶ
2538 1646 2634 1716 τὴν
2673 1650 2798 1718 γῆν.
2830 1648 2940 1700 Καὶ
2969 1643 3122 1700 εἶπεν
3156 1645 3358 1715 Ὀρνᾶ·
3391 1642 3464 1695 Τί
3492 1641 3580 1696 ὅτι
3609 1636 3772 1711 ἦλθεν
3794 1640 3820 1692 6

2211 1737 2397 1808 κύριός
2427 1755 2525 1809 μου
2555 1739 2583 1791 ὁ
2626 1737 2878 1808 βασιλεὺς
2909 1738 3045 1808 πρὸς
3089 1736 3181 1790 τὸν
3231 1734 3443 1788 δοῦλον
3489 1731 3689 1796 αὑτοῦ;
3717 1731 3820 1783 Kal

534 1836 590 1881 et
623 1827 816 1884 offerat
855 1830 1110 1885 dominus
1152 1845 1308 1885 meus
1334 1845 1430 1883 rex
1453 1829 1686 1884 Domino
1728 1830 1874 1899 quod
1898 1831 2101 1884 bonum

2210 1823 2330 1881 εἶπε
2365 1829 2530 1881 Δαϐίδ
2552 1846 2566 1859 ·
2598 1829 2922 1898 Κτήσασθαι
2950 1827 3104 1899 παρὰ
3139 1824 3233 1879 σοῦ
3261 1825 3374 1896 τὴν
3405 1823 3529 1878 ἅλω
3555 1820 3653 1875 τοῦ
3681 1821 3818 1874 οἰκο-

534 1929 618 1975 est
663 1921 720 1975 in
757 1921 933 1978 oculis
975 1923 1089 1978 suis
1119 1942 1130 1976 :
1161 1939 1288 1978 ecce
1325 1923 1481 1978 vituli
1527 1923 1584 1978 in
1621 1924 2022 1990 holocaustum,
2059 1924 2143 1980 et'

535 2022 668 2068 rotae
707 2023 764 2069 et
813 2015 1175 2071 instrumenta
1213 2017 1380 2071 boum
1424 2016 1480 2070 in
1525 2016 1688 2086 ligna.
1731 2015 1923 2071 Omnia
1963 2017 2116 2072 dedit

533 2103 678 2160 Orna
706 2106 838 2177 regi.
875 2107 943 2161 Et
969 2107 1107 2161 dixit
1137 2107 1281 2162 Orna
1313 2107 1381 2161 ad
1421 2121 1600 2176 regem
1633 2126 1645 2160 :
1676 2109 1940 2164 Dominus
1969 2110 2114 2164 Deus

535 2203 662 2249 tuus
689 2195 978 2252 benedicat
999 2198 1117 2252 tibi.
1159 2199 1226 2252 Et
1256 2198 1389 2252 dixit
1415 2215 1508 2251 rex
1531 2198 1598 2251 ad
1629 2197 1826 2252 Ornam
1857 2216 1869 2251 :
1897 2199 2113 2270 Nequa-

490 2302 492 2304 ·
532 2303 728 2356 quam;
757 2289 851 2343 sed
879 2303 1067 2344 emens
1086 2305 1263 2344 emam
1293 2306 1322 2344 a
1353 2298 1402 2344 te
1427 2291 1622 2360 pretio,
1653 2299 1708 2345 et
1740 2307 1851 2345 non
1882 2292 2104 2347 offeram

532 2377 762 2433 Domino
807 2381 916 2435 Deo
982 2395 1108 2435 meo
1173 2381 1550 2435 holocaustum
1606 2383 1792 2452 gratis.
1852 2384 1921 2437 Et
1973 2383 2107 2437 emit

532 2455 912 2524 David-aream
940 2480 996 2524 et
1024 2470 1190 2525 boves
1219 2480 1460 2540 argento,
1492 2471 1886 2542 quinquaginta
1920 2473 2101 2537 siclis;

529 2564 586 2609 et
612 2555 899 2612 aedificavit
959 2558 1034 2612 ibi
1067 2558 1236 2612 David
1277 2560 1445 2614 altare
1486 2559 1755 2624 Domino,
1805 2567 1862 2613 et
1909 2559 2109 2614 obtulit

529 2643 847 2700 holocausta
903 2655 959 2700 et
1013 2645 1255 2714 pacifica.
1307 2647 1374 2700 Et
1426 2647 1576 2700 auxit
1631 2645 1886 2700 Salomon
1938 2647 2108 2703 altare

530 2743 754 2804 postea,
809 2736 938 2805 quia
987 2736 1243 2807 exiguum
1297 2746 1414 2790 erat
1465 2737 1658 2806 prius;
1717 2742 1775 2791 et
1831 2737 2108 2792 exaudivit

531 2824 795 2880 Dominus
858 2834 1095 2893 terram,
1156 2836 1213 2882 et
1278 2827 1520 2882 cohibita
1577 2834 1661 2882 est
1724 2826 1883 2881 ruina
1944 2843 2108 2898 super

531 2916 696 2970 Israel
734 2916 797 2970 ⁸³.
836 2936 854 2968 ι

2209 1919 2443 1989 δομῆσαι
2482 1920 2863 1990 θυσιαστήριον
2921 1919 3000 1990 τῷ
3050 1918 3266 1989 Κυρίῳ,
3331 1915 3437 1969 καὶ
3495 1911 3739 1983 συσχεθῇ
3785 1913 3816 1980 ἡ

2211 2009 2434 2080 θραῦσις
2469 2010 2746 2063 ἐπάνωθεν
2788 2010 2881 2063 τοῦ
2913 2009 3063 2065 λαοῦ.
3115 2009 3230 2063 Καὶ
3265 2003 3436 2061 εἶπεν
3482 2004 3656 2075 Ὀρνᾶ
3685 2001 3816 2074 πρὸς

2209 2101 2373 2155 Δαὸίδ
2390 2115 2404 2130 ⁸
2435 2102 2663 2155 Λαὸέτω
2681 2103 2774 2156 καὶ
2801 2102 3150 2170 ἀνενεγκὰτω
3170 2106 3197 2154 ὁ
3221 2099 3428 2172 κύριός
3461 2115 3569 2169 μου
3598 2098 3627 2150 6
3664 2095 3807 2166 βασι-

2210 2192 2333 2256 λεὺς
2354 2193 2432 2263 τῷ
2466 2195 2654 2265 Κυρίῳ
2698 2195 2758 2248 τὸ
2791 2193 2993 2263 ἀγαθὸν
3015 2197 3072 2248 ἐν
3106 2193 3425 2264 ὀφθαλμοῖς
3459 2189 3633 2244 αὑτοῦ
3654 2205 3667 2217 ·
3707 2187 3809 2241 ίδοὺ

2209 2288 2257 2339 οἱ
2295 2285 2413 2356 βόες
2443 2288 2522 2350 είς
2547 2287 2922 2357 ὁλοκαύτωμα,
2963 2286 3056 2339 καὶ
3096 2287 3146 2338 οἱ
3176 2285 3375 2355 τροχοὶ
3401 2283 3503 2337 καὶ
3548 2281 3620 2335 τὰ
3648 2279 3807 2348 σκεύη

2211 2376 2320 2430 τῶν
2345 2376 2481 2447 βοῶν
2509 2379 2588 2440 είς
2622 2376 2773 2443 ξύλα.
2811 2377 2892 2430 Τὰ
2923 2378 3099 2431 πάντα
3138 2377 3349 2430 ἔδωκεν
3401 2376 3577 2444 Ὀρνᾶ
3603 2371 3683 2436 τῷ
3719 2371 3808 2441 βα-

2214 2469 2368 2521 σιλεῖ.
2400 2470 2511 2522 Καὶ
2540 2465 2692 2522 εἶπεν
2735 2471 2898 2540 Ὀρνᾶ
2948 2469 3083 2540 πρὸς
3112 2469 3201 2521 τὸν
3231 2466 3475 2539 βασιλέα
3495 2483 3509 2497 '
3553 2464 3751 2536 Κύριος
3778 2464 3804 2513 ὁ

2212 2559 2341 2622 Θεός
2376 2576 2467 2612 σου
2502 2561 2790 2631 εὖλογήσαι
2819 2578 2900 2614 σε.
2946 2562 3057 2614 Kal
3095 2557 3250 2614 εἷπεν
3298 2563 3330 2614 6
3368 2557 3638 2630 βασιλεὺς
3676 2554 3800 2626 πρὸς

2225 2649 2436 2720 Ὀρνᾶψ
2468 2651 2626 2721 Οὐχί·
2661 2651 2798 2704 ἀλλὰ
2821 2651 3100 2722 κτώμενος
3126 2654 3414 2724 κτήσομαι
3439 2649 3597 2720 παρὰ
3622 2649 3714 2702 σοῦ
3748 2649 3800 2700 ἐν

2212 2738 2540 2810 ἀλλάγματι.
2577 2741 2686 2794 Kal
2711 2741 2811 2794 οὐκ
2839 2742 3038 2796 ἀνοίσω
3071 2741 3262 2812 Κυρίῳ
3293 2741 3376 2812 τῷ
3401 2740 3528 2812 Θεῷ
3561 2757 3663 2810 μου
3691 2738 3802 2791 ὁλο-

2213 2829 2480 2900 καύτωμα
2509 2831 2739 2902 δωρεάν.
2766 2833 2877 2886 Kal
2904 2832 3175 2902 ἐκτήσατο
3195 2832 3370 2885 Δαόὶδ
3394 2830 3515 2886 ἅλω
3540 2831 3636 2882 καὶ
3678 2827 3798 2890 τοὺς

2213 2921 2340 2990 βόας
2385 2925 2444 2976 ἐν
2473 2925 2719 2995 ἀργυρίῳ
2753 2924 2951 2978 σίκλων
2991 2926 3357 2997 πεντήκοντα,
3395 2925 3495 2979 καὶ
3525 2921 3800 2994 ᾠκοδόμη-

533 3025 624 3062 σεν
652 3011 768 3064 ἐκεῖ
782 3011 944 3066 Δαϐὶδ
965 3012 1344 3085 θυσιαστήριον
1372 3013 1448 3083 τῷ
1464 3012 1672 3083 Κυρίῳ,
1698 3009 1790 3065 καὶ
1805 3011 2101 3084 ἀνήνεγκεν
2127 3015 2518 3081 ὁλοκαυτώσεις
2557 3019 2652 3072 καὶ
2672 3019 2976 3089 εἰρηνικάς.
3036 3020 3148 3074 Καὶ
3197 3018 3523 3090 προσέθηκε
3542 3013 3795 3086 Σαλομὼν

529 3101 610 3164 εἰς
638 3102 698 3155 τὸ
733 3103 1112 3176 θυσιαστήριον
1155 3107 1240 3160 ἐπ’
1289 3105 1552 3174 ἐσχάτων,
1579 3104 1660 3156 ὅτι
1707 3102 1904 3174 μικρὸν
1947 3099 2014 3176 ἦν
2045 3107 2101 3158 ἐν
2127 3106 2386 3178 πρώτοις.
2409 3110 2519 3162 Kal
2543 3111 2814 3181 ἐπήκουσε
2844 3111 3050 3182 Κύριος
3087 3114 3153 3182 τῇ
3175 3115 3269 3183 γῇ,
3333 3112 3436 3166 καὶ
3499 3107 3793 3180 συνεσχέθη

528 3195 564 3266 ή
595 3193 819 3264 θραῦσις
844 3195 1118 3249 ὲπὰνωοεν
1136 3196 1369 3267 Ἰσραήλ.

599 3288 795 3343 PALL.
837 3290 1097 3356 Quisnam
1131 3290 1185 3342 in
1223 3290 1311 3343 his
1342 3290 1526 3344 verbis
1565 3304 1759 3345 sensus
1799 3291 1975 3346 inesse
2003 3306 2108 3361 pu-

2281 3289 2488 3344 ΠΑΛΛ.
2517 3291 2626 3344 Kal
2665 3290 2750 3354 τίς
2790 3292 2856 3345 ἂν
2885 3292 2970 3362 εἴη
3003 3291 3165 3348 πάλιν
3210 3291 3268 3347 ἔν
3309 3310 3382 3362 γε
3433 3294 3503 3364 δὴ
3541 3291 3747 3353 τούτοις
3770 3290 3797 3341 6

531 3379 729 3443 tandus
765 3381 887 3434 est?
927 3395 1054 3432 nam
1084 3378 1321 3432 difﬁcilis
1350 3388 1433 3433 est
1465 3395 1593 3434 sane
1623 3381 1788 3452 hujus
1826 3381 1933 3437 loci
1975 3397 2107 3436 con-

533 3470 832 3539 templatio.

597 3558 753 3615 CYR.
794 3559 1037 3615 DilIicilis
1083 3561 1281 3630 plane,
1334 3577 1398 3616 ac
1463 3579 1650 3618 revera
1715 3563 1980 3635 ejusmodi
2050 3573 2110 3620 ut

528 3665 671 3721 aegre
712 3649 920 3720 percipi
959 3651 1148 3721 possit.
1186 3651 1390 3706 Tamen
1423 3652 1556 3708 illud
1590 3653 1788 3719 dicam,
1819 3656 2111 3725 propositae

529 3739 826 3810 Scriptura:
871 3741 1197 3799 exteriorem
1226 3743 1381 3812 quasi
1413 3758 1629 3797 sensum
1677 3743 1730 3797 in
1767 3760 1937 3814 pauca
1975 3762 2108 3800 con-

527 3831 731 3895 ferens,
766 3839 822 3887 et
845 3833 910 3886 ad
943 3833 1258 3887 interiorem
1300 3833 1712 3903 intelligentiam
1754 3835 2106 3890 transferens.

526 3920 825 3978 Considera
872 3923 1056 3993 igitur,
1094 3924 1318 3988 Palladi,
1361 3933 1616 3994 tanquam
1665 3925 1720 3979 in
1765 3927 1988 3996 speculo
2045 3943 2110 3982 ac

528 4015 794 4068 tenuibus
832 4014 1165 4085 imaginibus
1195 4014 1399 4070 Christi
1440 4017 1778 4087 mysterium,
1810 4032 1874 4071 ac
1908 4028 2109 4074 nostra:

527 4106 945 4180 gubernationis
979 4107 1268 4162 rationem.
2007 4098 2009 4101 ’

599 4199 796 4254 PALL.
828 4198 1042 4268 Optime
1066 4198 1122 4252 id
1143 4198 1258 4268 ipse
1271 4198 1576 4268 praestabis,
1612 4199 1724 4254 Deo
1751 4199 1857 4270 97
1882 4200 2108 4255 faculta-

530 4302 640 4347 tem
663 4291 1006 4361 intelligendi
1038 4297 1380 4361 suggerente.

593 4384 750 4439 CYR.
782 4383 924 4438 Audi
952 4383 1159 4453 itaque.
1187 4383 1306 4441 Jam
1337 4382 1483 4438 enim
1511 4383 1790 4455 ingrediar
1814 4385 1882 4439 ad
1907 4384 2103 4439 dicen-

528 4475 679 4531 dum.
702 4473 1132 4530 Divina'factum
1171 4482 1256 4529 est
1287 4475 1390 4540 ira,
1419 4482 1482 4529 ut
1520 4492 1668 4531 mors
1703 4477 1798 4531 Dei
1844 4477 2106 4545 populum

527 4566 936 4635 depasceretur,
971 4575 1135 4636 atque
1166 4567 1232 4622 ad
1277 4567 1468 4622 horam
1512 4583 1687 4638 usque
1737 4569 1976 4638 prandii,
2011 4584 2108 4622 ne-

2208 3383 2352 3452 νοῦς;
2385 3383 2460 3447 ὡς
2489 3383 2807 3454 δυσέφικτον
2841 3386 3035 3458 κομιδῇ
3063 3387 3123 3440 τὸ
3148 3387 3454 3459 θεώρημα.

2269 3563 2435 3616 ΚΥΡ.
2456 3563 2788 3631 Δυσέφικτον
2811 3563 2909 3633 μὲν
2931 3563 3413 3635 ὁμολογουμένως,
3442 3565 3537 3618 καὶ
3558 3562 3790 3617 δυσάλω-

2208 3670 2298 3707 τον
2329 3653 2562 3724 ἀληθῶς.
2591 3653 2736 3724 Πλὴν
2762 3655 2938 3707 ἐκεῖνό
2973 3672 3113 3724 φημι
3145 3655 3242 3726 τὴν
3275 3655 3381 3709 τοῦ
3430 3655 3786 3729 προκειμένου

2209 3747 2504 3815 περίνοιαν,
2545 3746 2619 3810 ὡς
2664 3747 2721 3800 ἐν
2755 3746 2955 3815 ὀλίγοις
2999 3744 3058 3801 εὖ
3103 3749 3247 3818 μάλα
3287 3748 3659 3817 συνενεγκὼν,
3701 3747 3786 3800 καὶ

2210 3837 2578 3910 περιστρέψας
2624 3840 2703 3902 είς
2733 3840 2878 3895 νοῦν.
2927 3840 3120 3911 Ἀθρει
3153 3842 3216 3913 δὴ
3245 3836 3359 3907 οὖν,
3411 3837 3458 3895 ὧ
3505 3839 3781 3898 Παλλάδιε,

2209 3929 2457 4000 καθάπερ
2488 3932 2544 3984 ἐν
2592 3931 2842 4001 ἐσόπτρῳ
2895 3931 2990 3984 καὶ
3030 3932 3087 3983 ἐν
3125 3932 3331 4002 ίσχναῖς
3368 3930 3695 4002 φαντασίαις
3725 3925 3781 3979 τὸ

2207 4019 2443 4088 Χριστοῦ
2479 4021 2798 4091 μυστήριον,
2846 4021 2941 4073 καὶ
2965 4020 3064 4091 τῆς
3092 4023 3177 4090 ἐφ’
3202 4023 3332 4092 ήμῖν
3357 4019 3672 4092 οἰκονομίας
3694 4018 3778 4070 τὸν

2206 4111 2426 4182 τρόπον.
2502 4135 2508 4143 ·

2272 4203 2480 4255 ΠΑΛΛ.
2514 4199 2722 4256 Οὐκοῦν
2767 4202 2944 4274 δρῴης
2990 4205 3056 4259 ἂν
3104 4206 3264 4270 αὐτὸς
3316 4201 3448 4277 εὖγε
3501 4205 3668 4269 τουτὶ,
3719 4199 3776 4252 τὸ

2208 4290 2444 4345 συνιέναι
2471 4290 2731 4347 δύνασθαι
2766 4295 3125 4367 χορηγοῦντος
3160 4296 3318 4352 Θεοῦ.

2276 4385 2442 4438 ΚΥΡ.
2489 4387 2688 4439 Ἀκουε
2711 4387 2796 4458 δή.
2823 4388 3115 4459 Βαδιοῦμαι
3139 4391 3245 4461 γὰρ
3263 4390 3360 4461 ήδη
3383 4390 3477 4444 ἐπὶ
3504 4389 3561 4442 τὸ
3585 4387 3771 4458 χρῆναι

2205 4474 2404 4543 λέγειν.
2442 4476 2535 4528 Ἐκ
2564 4475 2712 4540 θείας
2731 4477 2898 4548 ὀργῆς
2919 4479 3262 4552 κατενεμήθη
3286 4480 3514 4543 θάνατος
3533 4478 3625 4531 τὸν
3651 4474 3771 4530 λαὸν

2205 4567 2432 4635 Κυρίου,
2463 4567 2558 4622 καὶ
2592 4568 2782 4639 μέχρις
2813 4568 2960 4639 ὥρας
2993 4570 3239 4640 ἀρίστου,
3271 4571 3656 4631 διακωλύοντος
3685 4565 3769 4618 ού-

529 4653 675 4708 mine
706 4655 1056 4723 prohibente,
1113 4655 1473 4711 invalesceret
1515 4655 1926 4715 exterminator.
1965 4656 2101 4711 Cum

2210 4656 2372 4721 δενὸς,
2433 4659 2658 4742 ἴσχυσεν,
2703 4662 2732 4713 6
2781 4659 3162 4746 6XoOpsu'rfjc'.
3193 4662 3455 4731 μέλλοντα
3496 4661 3553 4715 δὲ
3594 4657 3766 4719 αὐτοῖς

529 4761 662 4801 vero
702 4748 922 4816 jamjam
953 4747 1301 4803 immissurus
1324 4755 1468 4804 esset
1501 4762 1724 4801 manum
1750 4748 1805 4801 in
1845 4748 2106 4803 Hieroso-

528 4837 692 4908 lyma,
720 4838 976 4906 prohibet
1005 4838 1158 4891 illum
1189 4840 1362 4906 Deus;
1387 4849 1681 4910 conspecto
1707 4849 1889 4896 autem
1918 4843 2108 4912 angelo

529 4928 858 5000 supplicavit
881 4928 1051 4982 David
1082 4944 1140 4984 se
1173 4946 1446 4999 peccasse,
1472 4933 1662 4988 dicens
1687 4952 1698 4986 :
1721 4934 1925 4988 rectius
1945 4950 2107 5004 porro

527 5037 649 5078 esse
697 5037 763 5077 ac
807 5021 1012 5092 justius
1035 5029 1307 5092 pastorem
1335 5039 1400 5078 ac
1428 5023 1622 5078 ducem
1653 5027 1837 5094 potius
1873 5033 2106 5081 mortem

531 5110 686 5166 obire
707 5127 872 5181 quam
905 5126 1055 5176 oves,
1091 5126 1212 5181 qua:
1244 5111 1381 5165 nihil
1408 5123 1751 5181 peccassent:
1780 5115 1853 5168 ita
1877 5117 1988 5170 Deo
2015 5117 2104 5186 ju-

533 5202 715 5268 bente,
740 5202 905 5274 erigit
946 5203 1116 5257 altare
1148 5201 1204 5255 in
1233 5217 1361 5257 area
1394 5201 1558 5267 Orna,
1590 5219 1752 5272 quam
1788 5205 1947 5261 simul
1977 5222 2102 5260 cum

534 5291 709 5346 bobus
767 5293 1156 5348 triturantibus
1209 5301 1416 5348 emerat
1475 5291 1624 5348 siclis
1687 5293 2100 5366 quinquaginta.

535 5380 729 5434 Postea
751 5397 881 5436 vero
904 5398 1064 5453 quam
1087 5383 1358 5438 exstruxit
1380 5383 1570 5446 altare,
1590 5382 1798 5436 hostias
1824 5399 1989 5452 super
2039 5400 2106 5439 eo

535 5471 856 5536 immolavit,
871 5473 1309 5529 holocautomata
1356 5476 1599 5546 inquam,
1627 5483 1682 5529 et
1705 5475 1927 5544 pacifica
1948 5493 1961 5542 ;
1985 5492 2106 5532 ces-

535 5562 1050 5634 savitconsequenti
1080 5575 1320 5636 tempore
1345 5567 1528 5634 ruina,
1559 5577 1614 5622 et
1639 5567 1723 5621 illa
1753 5567 1903 5637 prius
1931 5569 2107 5638 gravis

605 5737 647 5770 ¹³
676 5735 720 5791 ll
745 5737 874 5808 Reg.
915 5756 1054 5808 χειν,
1100 5741 1154 5802 ιι
1207 5757 1378 5811 usque
1418 5742 1486 5799 ad
1521 5743 1706 5799 ﬁnem.

2203 4749 2493 4818 ἐπαφεῖναι
2543 4750 2642 4819 τὴν
2689 4753 2846 4822 χεῖρα
2889 4753 3001 4815 τοῖς
3064 4752 3475 4824 Ἰεροσολύμοις,
3525 4749 3764 4820 ἀπείργει

2203 4838 2361 4902 Θεός·
2399 4838 2726 4910 τεθεαμένος
2750 4840 2808 4894 δὲ
2844 4841 2938 4895 τὸν
2981 4841 3230 4909 ἄγγελον,
3278 4841 3526 4912 ἐλιπάρει
3573 4837 3765 4907 Κύριον

2203 4930 2386 4995 Δαϐὶδ,
2414 4930 2586 4999 λέγων
2633 4932 3158 5002 πεπλημμεληκέναι
3210 4933 3429 4987 ἐαυτόνο
3461 4932 3674 5002 ἄμεινον
3709 4925 3761 4978 δέ

2203 5018 2341 5076 εἶναι
2371 5026 2465 5078 καὶ
2489 5024 2823 5097 δικαιότερον
2844 5028 2935 5078 τὸν
2967 5025 3199 5096 ποιμένα
3225 5025 3318 5079 καὶ
3355 5023 3651 5097 ήγούμενον
3681 5019 3761 5069 ἐκ-

2209 5112 2453 5166 τεθνάναι
2484 5113 2702 5183 μᾶλλον,
2737 5114 2903 5183 ήγουν
2929 5113 3000 5166 τὰ
3025 5114 3294 5185 πρόϐατα,
3333 5115 3423 5169 διά
3451 5131 3530 5167 τοι
3549 5110 3608 5163 τὸ
3635 5103 3757 5160 ειδέ-

2206 5218 2293 5254 ναι
2336 5203 2534 5272 μηδέν·
2583 5199 2701 5256 εἶτα
2747 5203 2882 5257 Θεοῦ
2927 5205 3302 5276 σημαίνοντος,
3347 5205 3545 5274 ἐγείρει
3585 5201 3754 5254 θυσια-

2209 5295 2427 5365 στήριον
2464 5297 2520 5348 έν
2564 5298 2629 5366 τῇ
2663 5296 2776 5365 ἆλφ
2816 5295 2999 5372 Ὀργᾶ,
3030 5299 3096 5366 ἣν
3133 5299 3248 5369 ἅμα
3276 5301 3386 5362 τοῖς
3420 5293 3609 5351 ἀλοῶσι
3641 5290 3747 5360 βου-

2208 5386 2292 5438 σὶν
2335 5385 2624 5456 ἐξεπρίατο
2675 5385 2873 5440 σίκλων
2920 5391 3272 5460 πεντήκοντα.
3337 5387 3553 5456 Ἐπειδὴ
3601 5382 3654 5434 δὲ
3697 5376 3750 5430 τὸ

2209 5475 2352 5530 Θεῖον
2403 5472 2463 5530 εὖ
2517 5476 2659 5545 μάλα
2706 5477 3087 5549 θυσιαστήριον
3136 5479 3476 5550 ἀνεδείματο,
3527 5474 3618 5535 τὰς
3669 5469 3747 5520 ἐπ’

2210 5567 2356 5638 αὑτῷ
2391 5568 2581 5634 θυσίας
2629 5569 2819 5638 ἐτέλει,
2864 5569 3286 5642 ὁλοκαυτώματα
3325 5572 3414 5625 καὶ
3457 5560 3740 5638 εἰρηνικάς“
