4082 6304
262 286 374 342 289

963 290 1057 346 DE
1097 283 1539 343 ADORATIONE
1573 284 1640 339 IN
1682 284 1956 342 SPIRITU
1992 272 2085 342 ΕΤ
2125 287 2496 344 VEBITATE.
2540 289 2669 345 LIB.
2710 292 2800 347 Ill.

3435 297 3541 355 290

263 410 403 478 ἔστη
434 406 492 461 δὲ
536 404 680 460 οὕτω
723 406 909 463 λοιπὸν
956 409 991 479 ή
1030 404 1279 478 θραῦσις,
1312 402 1407 457 καὶ
1435 404 1464 456 6
1491 402 1659 457 πὰλαι
1689 400 1841 466 δεινὸς

1960 420 2112 460 mors
2136 406 2370 463 inhibita
2401 417 2504 465 est.
2529 409 2824 466 Adnotavit
2849 420 3034 468 autem
3068 411 3350 484 Scriptura
3384 430 3537 471 saera

262 500 505 570 ἐνεκόπη
546 497 797 563 θάνατος.
843 497 1276 569 Ἐπεσημαίνετο
1312 494 1373 548 δὲ
1403 495 1466 547 τὸ
1510 493 1752 565 Γράμμα
1791 492 1841 546 τί

1953 498 2124 554 altare
2155 500 2292 555 illud
2330 516 2559 572 parvum
2601 502 2672 558 ab
2712 503 2870 559 initio
2902 504 3107 571 fuisse,
3148 514 3369 561 auctum
3400 523 3537 563 vero

266 590 436 663 ἱερὸν,
472 590 554 643 ὅτι
584 589 760 662 βραχὺ
798 588 899 660 μὲν
933 584 1001 660 ἦν
1039 591 1098 642 ὲν
1127 588 1325 658 ἀρχαῖς
1353 585 1416 640 τὸ
1447 586 1849 658 θυσιαστήριον,

1952 598 2145 658 postea
2188 606 2220 644 a
2253 589 2563 647 Salomone.
2616 594 2885 650 Utrumne
2925 596 3092 666 igitur
3129 597 3186 651 in
3224 597 3313 653 his
3348 598 3536 654 verbis

264 680 583 754 προσέθηκέ
620 698 686 750 γε
739 680 848 752 μὴν
888 683 947 734 ἐν
974 679 1226 751 ἐσχάτοις
1280 678 1542 751 Σαλομὼν
1577 677 1743 748 αὐτῷ.
1780 677 1841 731 Ἢ

1951 691 2118 747 quam
2151 677 2477 735 brevissime
2513 682 2778 754 propositi
2820 684 2926 740 loci
2952 687 3278 742 exteriorem
3312 702 3532 743 sensum

262 772 366 825 οὐκ
406 766 549 825 εἷναι
573 771 683 842 φῂς
733 770 808 836 ὡς
837 770 895 825 ἐν
916 787 979 840 γε
1007 769 1202 842 βραχεῖ
1223 770 1323 842 τὴν
1355 768 1451 823 τοῦ
1490 768 1851 841 προκειμένου

266 864 551 935 περίνοιαν
574 864 633 916 ὲν
650 861 863 927 τούτοις
883 879 898 928 ;

335 956 549 1010 ΗΔΔΛ.
590 955 759 1026 Φημί·
786 954 905 1019 πῶς
929 953 974 1008 δ’
997 954 1064 1008 ἂν
1085 953 1298 1024 γένοιτο
1324 952 1498 1025 σαφὴς
1522 954 1552 1007 6
1579 953 1723 1020 νοῦς,
1746 953 1846 1027 ήδη

259 1047 573 1117 ἅατρὰνου.

336 1139 507 1196 ΚΥΡ.
544 1135 622 1194 Ἦ
675 1139 779 1194 οὐκ
836 1132 1015 1204 οἶσθα,
1051 1139 1135 1193 ὅτι
1183 1136 1516 1193 κατώλισθεν
1553 1138 1849 1210 ὁμολογου-

266 1228 450 1300 μένως
480 1231 563 1294 είς
611 1228 841 1285 θάνατον
868 1230 965 1283 καὶ
999 1226 1204 1299 φθορὰν
1232 1229 1266 1299 ή
1320 1226 1611 1300 ἀνθρώπου
1650 1227 1845 1298 φύσις,

263 1317 621 1392 καταθήξασα
662 1319 799 1393 πρὸς
828 1319 999 1391 ὀργὰς
1041 1317 1134 1372 τὸν
1170 1317 1535 1391 Δημιουργδν,
1576 1316 1654 1382 ὡς
1687 1318 1745 1371 ἐν
1779 1318 1847 1388 τῇ

260 1407 460 1475 γένους
491 1407 649 1480 ἡμῶν
695 1408 946 1479 ἁπαρχῇ,
1000 1405 1147 1461 τοῦτ’
1197 1407 1366 1473 ἔστιν,
1419 1405 1619 1477 Ἀδὰμ,
1665 1405 1725 1469 6;
1748 1405 1849 1475 τὴν

148 1550 151 1553 .
261 1497 418 1553 θείαν
444 1501 503 1553 ὲν
539 1499 736 1571 ἀρχαῖς
781 1499 1047 1570 ἡθέτησεν
1077 1498 1317 1572 ἐντολὴν,
1351 1500 1557 1572 ἀκήκοε
1590 1500 1648 1555 δὲ
1680 1498 1845 1553 οὕτω·

268 1610 288 1641 ι
320 1590 405 1663 Γῆ
431 1589 501 1658 εἶ,
532 1591 631 1646 καὶ
650 1592 735 1656 είς
754 1591 857 1662 γῆν
885 1590 1199 1663 ἀπελεύσῃς
1234 1611 1253 1644 ι

338 1770 552 1825 ΠΔΛΔ.
589 1768 832 1841 ἳΔληθέςτ

332 1860 500 1915 ΚΥΡ.
582 1859 716 1914 Ἀπὸ
780 1857 928 1931 πρωῒ
978 1854 1291 1930 τοιγαροῦν,
1356 1857 1501 1913 τοῦτ’
1548 1858 1713 1926 ἔστιν,
1774 1860 1841 1916 ἐκ

259 1951 496 2025 πρώτων
530 1951 628 2007 τοῦ
674 1949 943 2023 παρόντος
989 1947 1184 2013 αίῶνος
1225 1949 1458 2022 καιρῶν,
1492 1950 1842 2023 κατενεμήθη

259 2043 674 2111 θάνατος-τοὺς
726 2042 820 2095 ἐπὶ
870 2041 969 2113 τῆς
1016 2043 1139 2113 γῆς,
1192 2040 1385 2113 μέχρις
1412 2041 1561 2114 ὥρας
1593 2043 1841 2114 ἀρίστου,

259 2135 409 2189 τοῦτ’
422 2134 701 2200 ἔστιν,ἕως
711 2133 904 2205 καιρὸς
919 2130 1361 2204 τραπέζης.⁶’οτε
1380 2132 1488 2205 γὰρ
1504 2136 1634 2205 ἡμῖν
1650 2135 1842 2205 ἐνέστη

254 2228 450 2300 καιρὸς
502 2228 602 2300 τῆς
645 2225 814 2296 ἁγίας
870 2223 1185 2297 τραπέζης,
1216 2223 1398 2295 ·δῆλον
1441 2223 1499 2278 δέ
1529 2225 1611 2278 ὅτι
1653 2224 1754 2295 τῆς
1783 2225 1842 2278 ὲν

254 2315 487 2390 Χριστῷ
516 2317 610 2371 καὶ
642 2314 936 2387 μυστικῆς,
968 2315 1055 2385 ἐφ’
1094 2308 1129 2388 ᾖ
1158 2314 1249 2368 τὸν
1277 2313 1442 2385 ἄρτον
1471 2312 1722 2384 ἐσθίομεν
1749 2313 1842 2367 τὸν

254 2409 314 2476 ἐξ
346 2407 583 2479 οὐρανοῦ
609 2408 705 2461 καὶ
736 2406 1021 2472 ζωοποιὺν,
1047 2406 1077 2460 6
1117 2405 1285 2462 πάλαι
1322 2404 1492 2469 δεινὸς
1523 2405 1620 2459 καὶ
1647 2405 1842 2459 δυσάν-

256 2516 420 2572 τητος
470 2499 792 2571 κατηργήθη
820 2498 1080 2563 θάνατος,
1113 2496 1610 2568 παρακεκλημένου
1662 2496 1798 2551 Θεοῦ
1824 2513 1838 2528 ⁸

257 2592 353 2647 καὶ
398 2590 779 2663 δεδυσώπηται
829 2590 982 2663 μόλις
1024 2592 1054 2645 6
1104 2589 1449 2661 όλοθρευτὴς,
1503 2589 1563 2653 ὃς
1610 2589 1841 2661 ἐπείπερ

257 2681 418 2753 ήθελε
446 2681 541 2736 καὶ
565 2684 679 2746 τοῖς
720 2681 820 2754 τὴν
854 2681 1015 2752 ἁγίαν
1042 2680 1252 2735 οίκοῦσι
1286 2680 1460 2748 πόλιν,
1503 2679 1604 2751 τὴν
1643 2679 1840 2751 νοητὴν

269 2773 665 2847 Ἰερουσαλὴμ,
714 2775 814 2845 τήν
863 2773 1281 2845 διαφθείρουσαν
1326 2773 1616 2842 ἐπαφεῖναι
1656 2774 1836 2844 χεῖρα,

255 2862 393 2919 Θεοῦ
452 2864 986 2937 παρακεκλημένου,
1047 2866 1168 2919 τότε
1228 2863 1294 2936 δὴ
1357 2864 1510 2936 μόλις
1564 2864 1837 2934 εἴργεταιο

260 2975 281 3009 ι
324 2957 489 3021 ’Δνες
512 2955 623 3025 γὰρ
651 2956 769 3023 νῦν,
799 2974 819 3008 ι
849 2956 1034 3027 φησιν,
1075 2974 1092 3008 ι
1125 2956 1309 3009 ἱκανόν
1338 2957 1504 3010 ἐστιν.
1532 2975 1550 3010 ι
1597 2956 1753 3024 Ἀγία
1782 2956 1840 3011 δὲ

254 3046 436 3114 πόλις,
450 3048 486 3118 ή
522 3036 836 3118 Ἐκκλησία,
858 3042 928 3119 ἦς
946 3041 1056 3101 εἷεν
1079 3043 1145 3101 ἂν
1161 3046 1443 3117 οἰκήτορες
1463 3047 1512 3099 οἱ
1528 3045 1616 3100 διὰ
1640 3045 1840 3111 ζῶντος

254 3139 427 3210 ἁρτου
470 3135 676 3190 τελειού
685 3150 834 3206 μενοι
855 3136 992 3208 πρὸς
1009 3137 1301 3208 ἁγιασμόν.
1325 3138 1437 3207 Τῆς
1462 3136 1606 3191 οὕτω
1634 3139 1839 3210 σεπτῆς

256 3230 353 3284 καὶ
377 3227 709 3299 ἀξιαγὰστου
744 3229 953 3301 πόλεισς
986 3230 1081 3283 καὶ¹
1108 3229 1138 3280 6
1181 3229 1324 3293 θεῖος
1351 3229 1517 3284 Δαὸὶδ
1537 3228 1840 3303 διαμέμνη-

252 3337 349 3375 ται
366 3319 575 3388 λέγων·
605 3339 625 3372 ι
646 3319 1022 3392 Δεδοξασμένα
1044 3320 1280 3392 ἐλαλήθη
1300 3322 1430 3393 περὶ
1464 3321 1583 3388 σοῦ,
1619 3324 1653 3391 ή
1685 3322 1839 3387 πόλις

255 3411 351 3466 τοῦ
375 3410 536 3467 Θεοῦ.
571 3432 592 3467 ι
624 3413 933 3485 Κατῴκησε
962 3411 1072 3484 γὰρ
1100 3413 1156 3466 ὲν
1179 3413 1311 3484 ἡμῖν
1349 3414 1605 3484 Χριστὸς,
1634 3414 1692 3476 ὃς
1723 3415 1839 3468 ὲστι

254 3504 370 3576 ζωὴ
430 3507 528 3559 καὶ
568 3503 854 3569 ζωοποιός.
934 3505 1225 3576 Τοιγάρτοι
1276 3507 1372 3559 καὶ
1421 3506 1680 3561 ἀποσοϐεῖ
1708 3506 1840 3572 Θεὸς

250 3595 365 3651 τῶν
412 3595 764 3667 ήγιασμένων
815 3594 908 3649 τὸν
958 3595 1306 3668 ὀλοθρευτὴν,
1359 3597 1435 3662 ὡς
1465 3598 1648 3651 οὐκέτι
1682 3599 1839 3669 νικᾷν

250 3687 543 3757 ὀφείλοντα
577 3687 715 3760 μετὰ
743 3687 844 3759 τὴν
890 3688 1161 3756 ἀνάδειξιν
1195 3687 1290 3742 τοῦ
1321 3690 1515 3762 καιροῦ
1547 3689 1648 3761 τῆς
1678 3690 1840 3759 ἁγίας

249 3772 563 3854 τραπέζης,
613 3782 680 3853 ἢν
727 3782 757 3834 6
788 3781 885 3836 τοῦ
937 3782 1162 3853 ἀρίστου
1207 3783 1396 3854 καιρὸς
1445 3781 1833 3836 ὑπαινίττεται.

265 3873 538 3940 Ἕξείλετο
585 3874 765 3927 τοίνυν
815 3875 965 3945 ἡμᾶς
1000 3877 1029 3929 6
1066 3873 1321 3946 Χριστὸς,
1354 3872 1431 3937 ὼς
1474 3875 1532 3929 ὲν
1565 3872 1839 3945 προσώπῳ

253 3966 550 4036 νοούμενος
574 3964 671 4018 τοῦ
700 3965 886 4019 Δαϐίδ.
926 3964 1142 4036 Ἐπειδὴ
1168 3964 1278 4035 γὰρ
1303 3964 1492 4019 ἐθεᾶτο
1519 3963 1840 4019 δαπανῶντα

252 4056 346 4109 τὸν
394 4056 628 4112 θάνατον
657 4056 784 4121 τοὺς
813 4057 907 4109 ἐπὶ
939 4054 1041 4126 τῆς
1081 4055 1206 4126 γῆς,
1242 4054 1593 4127 παράκλητος
1615 4055 1838 4124 γέγονεν

254 4144 398 4218 ὑπὲρ
413 4146 573 4217 ήμῶν
601 4145 736 4217 πρὸς
748 4145 840 4199 τὸν
868 4146 1111 4217 Πατέρα·
1136 4143 1496 4216 προσεκόμιζε
1523 4144 1630 4216 γὰρ
1648 4144 1837 4200 ἑαυτὸν

251 4236 394 4309 ὑπὲρ
446 4234 634 4308 ήμῶν,
679 4237 776 4290 καὶ
826 4234 1098 4305 ὑπέθηκεν
1130 4234 1271 4289 ἑκὼν
1299 4235 1378 4308 τῷ
1407 4234 1643 4306 θανάτῳ,
1683 4235 1837 4288 δεδυ-

254 4328 484 4399 σώπηκὲ
517 4345 578 4382 τε
615 4327 708 4383 τὸν
744 4327 1089 4400 ὀλοθρευτὴν,
1136 4325 1332 4381 ἑαυτοῦ
1373 4326 1545 4396 λέγων
1578 4323 1837 4398 εἶναιτὴν

1951 768 2226 825 contineri
2251 769 2475 826 fateris?

2021 947 2221 1003 PALL.
2250 948 2469 1017 Fateor,
2512 951 2609 1007 sed
2651 951 2928 1022 quomodo
2967 952 3168 1008 clarior
3208 954 3328 1010 ﬁeri
3361 957 3534 1027 possit

1948 1035 2070 1107 ejus
2096 1036 2205 1092 loci
2241 1038 2572 1106 intellectus,
2606 1041 2718 1111 jam
2751 1040 3000 1111 explana.

2017 1127 2175 1185 CYR.
2224 1128 2312 1185 An
2336 1131 2556 1202 ignoras
2596 1131 2838 1187 hominis
2877 1141 3164 1198 naturam,
3200 1134 3348 1203 quod
3389 1136 3533 1192 inter

1948 1234 2142 1278 omnes
2179 1224 2458 1289 convenit,
2485 1224 2544 1279 in
2571 1232 2803 1281 mortem
2837 1234 3000 1296 atque
3030 1225 3316 1283 interitum
3335 1270 3351 1294 ,
3380 1233 3530 1300 quod

1948 1326 2110 1368 suum
2130 1314 2381 1385 opiﬁcem
2403 1316 2472 1371 ad
2493 1316 2630 1373 iram
2644 1318 3045 1383 eoneitavisset,
3058 1318 3114 1373 in
3129 1319 3249 1389 ipso
3270 1327 3529 1391 tanquam

1948 1403 2126 1458 nostri
2169 1406 2391 1475 generis
2435 1406 2614 1473 initio,
2642 1408 2700 1463 id
2727 1416 2833 1475 est,
2862 1409 2918 1463 in
2950 1410 3158 1475 Adam,
3189 1413 3528 1484 precipitem

1950 1493 2164 1549 ruisse?
2189 1495 2283 1565 qui
2326 1511 2450 1551 cum
2485 1497 2736 1552 divinum
2762 1498 2831 1552 ab
2861 1494 3027 1554 initio
3048 1501 3368 1557 mandatum
3393 1518 3528 1558 con-

1948 1586 2278 1656 tempsisset,
2301 1587 2550 1644 audivit:
2583 1609 2601 1641 ι
2626 1589 2795 1645 Terra
2817 1605 2896 1657 es,
2921 1598 2978 1646 et
3022 1590 3079 1646 in
3113 1600 3314 1647 terram
3343 1609 3528 1650 rever-

1951 1677 2083 1733 teris
2103 1678 2164 1732 ¹⁸.
2200 1697 2219 1730 ι

1873 1756 1918 1813 Β
2017 1768 2214 1824 PALL.
2246 1769 2390 1825 Vera
2417 1770 2580 1827 dicis.

2012 1854 2170 1910 CYR.
2205 1855 2252 1911 A
2285 1872 2445 1913 mane
2468 1858 2654 1929 igitur,
2681 1858 2789 1915 hoc
2824 1870 2944 1927 est,
2965 1877 2997 1916 a
3020 1862 3216 1932 primis
3241 1864 3407 1936 hujus
3426 1881 3526 1922 sa:-

1940 1946 2051 2001 culi
2084 1950 2422 2019 temporibus
2461 1967 2611 2008 mors
2648 1952 2873 2023 depasta
2912 1962 2999 2008 est
3030 1969 3128 2010 eos
3163 1956 3258 2025 qui
3292 1957 3348 2011 in
3384 1965 3530 2014 terra

1939 2048 2133 2107 erant,
2160 2056 2334 2110 usque
2372 2042 2442 2098 ad
2472 2044 2664 2099 horam
2698 2044 2936 2115 prandii,
2979 2045 3086 2101 hoc
3115 2055 3220 2112 est,
3256 2064 3431 2120 usque
3457 2050 3526 2104 ad

1940 2144 2144 2187 mensae
2194 2141 2431 2204 tempus.
2481 2136 2588 2192 Ubi
2633 2137 2785 2191 enim
2837 2136 3063 2192 advenit
3114 2139 3276 2194 nobis
3327 2150 3529 2197 sanctaa

1940 2237 2144 2279 mensa:
2182 2233 2419 2296 tempus,
2450 2227 2712 2282 nimirum
2751 2228 2901 2284 illius
2943 2228 3001 2283 in
3039 2230 3260 2287 Christo
3291 2246 3356 2288 ac
3412 2249 3529 2305 my-

1943 2313 2114 2379 sticae,
2142 2315 2199 2369 in
2221 2330 2330 2385 qua
2358 2332 2500 2386 pane
2532 2319 2810 2373 vescimur
2835 2319 2929 2375 illo
2951 2321 3171 2377 cautus
3203 2322 3331 2378 dato
3362 2332 3526 2395 atque

1943 2403 2127 2468 vitali,
2167 2422 2290 2476 quae
2337 2407 2492 2476 prius
2538 2409 2803 2465 terribilis
2859 2420 2997 2476 erat,
3052 2411 3252 2482 cuique
3303 2413 3526 2476 difﬁcile

1944 2491 2140 2547 obsisti
2162 2503 2396 2564 poterat,
2420 2512 2567 2552 mors
2589 2499 2845 2563 cessavit,
2862 2500 2976 2555 Deo
2997 2500 3065 2555 ad
3086 2502 3523 2559 misericordiam

1941 2592 2197 2639 revocato
2220 2625 2235 2650 ,
2290 2602 2417 2641 cum
2460 2588 2553 2643 vix
2598 2588 2871 2645 inhibitus
2902 2599 3051 2645 esset
3089 2593 3521 2648 exterminator:

1943 2673 2035 2744 qui
2066 2690 2192 2729 cum
2218 2678 2383 2732 vellet
2409 2678 2463 2733 in
2490 2694 2587 2734 eos
2614 2696 2834 2751 quoque
2863 2682 2959 2752 qui
2995 2683 3051 2748 in
3086 2692 3273 2739 sancta
3302 2684 3527 2741 civitate

1943 2764 2284 2833 habitarent,
2312 2768 2368 2823 in
2408 2769 2680 2839 spirituali
2713 2787 2911 2842 nempe
2941 2772 3267 2838 Jerusalem,
3296 2774 3522 2843 pestife-
3614 2788 3637 2799 ’

1940 2872 2056 2911 ram
2080 2857 2378 2914 immittere
2409 2875 2655 2926 manum,
2676 2861 2788 2916 Deo
2817 2862 2884 2917 ad
2906 2863 3342 2920 misericordiam
3358 2864 3522 2929 ﬂexo,

1938 2948 2030 3003 vix
2060 2951 2278 3005 tandem
2295 2952 2605 3017 cohibetur,
2629 2972 2647 3003 ι
2681 2953 2921 3010 Remitte
2937 2971 3104 3021 nunc,
3128 2975 3145 3008 ι
3175 2956 3408 3026 ἰηιιυίι,‹
3442 2966 3526 3011 sat

1940 3050 2044 3096 est.
2078 3061 2097 3094 ι
2130 3042 2329 3098 Sancta
2360 3059 2526 3112 porro
2554 3042 2751 3097 civitas
2778 3044 3023 3100 Ecclesia
3054 3054 3157 3111 est,
3180 3048 3338 3118 cujus
3360 3047 3522 3102 habi-

1942 3141 2146 3190 tatores
2186 3150 2283 3189 eos
2326 3150 2449 3189 esse
2487 3143 2622 3204 puto
2660 3134 2754 3204 qui
2794 3152 2932 3205 pane
2978 3137 3072 3191 illo
3112 3139 3325 3193 viventi
3354 3140 3523 3210 perli-

1940 3225 2166 3280 ciuntur
2197 3224 2264 3279 ad
2296 3224 2805 3280 sanetiticationem.
2833 3226 3009 3297 Hujus
3032 3228 3170 3283 adeo
3198 3237 3445 3300 augustae
3467 3239 3525 3285 et

1940 3314 2282 3369 admirabilis
2308 3313 2548 3370 civitatis
2566 3314 2734 3369 etiam
2759 3314 2981 3370 divinus
3012 3316 3101 3371 ille
3127 3318 3297 3372 David
3331 3319 3525 3373 memi-

1940 3406 2044 3472 nit,
2095 3406 2288 3462 dicens
2326 3423 2338 3459 :
2389 3425 2407 3457 ι
2445 3405 2693 3462 Gloriosa
2734 3406 2879 3462 dicta
2932 3417 3062 3463 sunt
3100 3408 3169 3463 de
3221 3417 3296 3474 te,
3329 3409 3525 3465 civitas

1940 3499 2041 3554 Dei
2061 3500 2123 3552 η.
2136 3519 2155 3550 ι
2178 3498 2453 3553 Habitavit
2468 3499 2615 3554 enim
2632 3499 2687 3553 in
2704 3499 2863 3554 nobis
2878 3498 3150 3565 Christus,
3169 3500 3263 3570 qui
3280 3500 3392 3554 vita
3412 3509 3519 3565 est,

1941 3596 1998 3644 et
2018 3587 2132 3663 98
2148 3587 2314 3641 vitam
2338 3595 2589 3657 praestat:
2615 3589 2975 3659 quamobrem
2998 3606 3028 3644 a
3046 3590 3401 3645 sanctiﬁcatis
3419 3590 3520 3646 de-

1942 3679 2257 3749 pellitDeus
2285 3679 2799 3735 exterminatorem:
2828 3696 3007 3751 neque
3027 3683 3176 3736 enim
3200 3683 3421 3737 vincere
3439 3682 3518 3737 illi

1942 3770 2178 3840 amplius
2198 3769 2347 3835 licet,
2378 3779 2668 3841 postquam
2691 3780 2893 3827 sanctae
2917 3772 3064 3827 illius
3084 3789 3287 3829 mensae
3305 3783 3523 3846 tempus

1942 3861 2185 3927 advenit,
2214 3877 2377 3932 quam
2420 3862 2637 3932 prandii
2681 3871 2897 3933 tempus
2945 3864 3183 3919 latenter
3226 3866 3519 3937 signiﬁcat.

1940 3951 2161 4022 Eripuit
2181 3967 2310 4024 ergo
2339 3968 2443 4008 nos
2463 3951 2734 4020 Christus,
2770 3955 2864 4025 qui
2890 3955 2945 4009 in
2980 3968 3210 4025 persona
3238 3940 3407 4012 David
3432 3959 3520 4014 in-

1941 4041 2223 4113 telligitur.
2246 4042 2403 4109 Nam,
2439 4051 2795 4114 posteaquam
2819 4045 2960 4099 vidit
2990 4060 3086 4099 eos
3124 4044 3220 4114 qui
3270 4045 3326 4100 in
3377 4054 3521 4102 terra

1940 4138 2099 4186 erant
2127 4147 2159 4186 a
2189 4140 2364 4188 morte
2392 4133 2662 4198 consumi,
2691 4134 3001 4203 paracletus
3028 4143 3193 4204 atque
3222 4135 3522 4190 advocatus

1941 4230 2027 4277 est
2060 4238 2163 4293 pro
2202 4224 2366 4279 nobis
2397 4223 2466 4278 ad
2497 4225 2745 4291 Patrem;
2780 4225 2981 4279 obtulit
3002 4240 3237 4292 namque
3278 4226 3521 4294 seipsum

1940 4329 2042 4384 pro
2066 4314 2246 4381 nobis,
2271 4324 2327 4369 et
2346 4314 2510 4369 morti
2532 4323 2725 4385 sponte
2751 4314 3004 4385 subjecit,
3039 4313 3398 4382 cohibuitque
3423 4331 3520 4370 ex-

253 4420 569 4493 ἁμαρτίαν’
629 4420 728 4490 οὐχ
774 4421 857 4474 ὅτι
910 4419 1181 4490 πεποίηκε
1228 4418 1327 4490 τὴν
1377 4419 1674 4490 ἁμαρτίαν,
1721 4418 1836 4472 ἀλλ’

1943 4405 2373 4470 terminatorem,
2395 4422 2552 4460 suum
2570 4422 2689 4460 esse
2708 4415 2992 4475 peccatum
3014 4404 3230 4470 dicens;
3248 4421 3358 4459 non
3373 4407 3521 4476 quod

251 4512 361 4576 ὅτι,
404 4509 553 4565 κατά
581 4508 681 4572 τὰς
716 4509 960 4580 Γραφάς,
1010 4527 1030 4560 ι
1068 4509 1229 4572 αἰτὸς
1249 4508 1349 4572 τὰς
1376 4509 1650 4580 ἁμαρτίας
1679 4509 1837 4579 ἡμῶν

253 4601 421 4670 αἴρει,
456 4599 556 4652 καὶ
598 4597 729 4669 περὶ
754 4596 910 4669 ήμῶν
953 4597 1228 4661 όδυνᾶται,
1274 4597 1369 4650 καὶ
1394 4598 1452 4651 ὲν
1480 4600 1592 4660 τοῖς
1616 4597 1838 4669 ἀνόμοις

253 4690 535 4762 ἐλογίσθη,
571 4709 592 4742 ι
627 4690 806 4745 καίτοι
846 4690 922 4761 μὴ
982 4690 1135 4754 εἰδὼς
1193 4688 1501 4761 ἁμαρτίαν·
1561 4708 1580 4741 ι
1622 4690 1716 4743 καὶ
1748 4689 1839 4758 γέ-

254 4799 414 4851 γονεν
463 4781 612 4853 ὑπὲρ
650 4779 811 4853 ήμῶν
857 4780 1090 4852 κατάρα.
1135 4798 1152 4830 ι
1189 4779 1401 4851 Χρῆναι
1450 4777 1509 4831 δέ
1548 4795 1703 4849 φησι,
1746 4777 1838 4833 τὸν

253 4873 495 4946 ποιμένα
529 4872 730 4945 μᾶλλον
766 4872 800 4943 ἢ
827 4873 898 4926 τὰ
928 4871 1179 4943 πρόϐατα
1212 4871 1435 4926 παθεῖν·
1469 4870 1545 4935 ὡς
1576 4871 1685 4942 γὰρ
1714 4887 1835 4924 ποι-

254 4967 366 5041 μὴν
412 4967 618 5037 ἀγαθὸς
659 4965 761 5038 τὴν
809 4964 987 5036 ψυχὴν
1034 4964 1200 5018 αὐτοῦ
1250 4963 1494 5018 τέθεικεν
1553 4962 1693 5035 ὑπὲρ
1728 4963 1837 5018 τῶν

253 5060 568 5133 προϐάτων.
604 5052 740 5114 Εἶτα
768 5056 912 5111 κατὰ
949 5056 1099 5113 θείαν
1133 5057 1460 5128 ὑπόμνησιν,
1493 5057 1521 5110 6
1553 5056 1839 5119 θεσπέσιος

249 5145 442 5215 Δαὸὶδ,
473 5144 603 5200 ἔνθα
627 5145 718 5199 τὸν
739 5144 968 5215 ἄγγελον
989 5144 1081 5200 τὸν
1110 5144 1231 5198 όλοθ
1240 5145 1433 5217 ρευτὴν
1453 5144 1838 5217 ἀπρακτοῦντα

252 5237 362 5310 ήδη
394 5238 490 5292 καὶ
524 5237 797 5310 ἑστηκότα
838 5236 1092 5291 τεθέαται
1161 5233 1289 5308 (εἶδε
1338 5236 1448 5308 γὰρ
1483 5237 1645 5291 αὐτὸν
1687 5237 1841 5308 παρὰ

250 5330 357 5400 τὴν
387 5328 521 5395 ἅλω,
542 5329 751 5401 φησιν),
781 5331 898 5383 ἐκεῖ
915 5327 1180 5400 διαπήξας
1196 5328 1598 5402 θυσιαστήριον,
1614 5329 1841 5385 ὁλοκαυ-

254 5418 494 5490 τώματα
515 5417 908 5492 καὶείρηνικὰς
936 5416 1157 5489 (θυσιῶν
1180 5416 1237 5470 δὲ
1264 5417 1371 5471 τῶν
1398 5418 1541 5473 κατὰ
1561 5418 1652 5472 τὸν
1678 5419 1841 5490 νόμον

258 5512 381 5583 εἴδη
409 5528 469 5566 τε
499 5513 594 5566 καὶ
634 5512 828 5585 τρόποι
865 5508 1043 5580 ταυτὶ)
1075 5511 1422 5581 προσαγήοχε
1453 5510 1531 5582 τῷ
1563 5509 1701 5582 Θεῷ.
1733 5510 1844 5564 Καὶ

257 5602 355 5658 διὰ
398 5604 498 5675 μὲν
532 5603 634 5675 τῆς
682 5603 796 5659 ἅλω
844 5602 1057 5673 νοήσεις
1103 5602 1202 5673 τὴν
1248 5602 1595 5673 Ἐκκλησίαν,
1643 5602 1724 5665 είς
1777 5603 1844 5671 ἢν

266 5834 273 5837 _
346 5758 604 5818 “Cenes.
630 5776 709 5829 ιιι,
734 5760 817 5817 l9.
899 5758 1432 5828 “Psal.Lxxxvi,3.
1510 5761 1902 5825 “lsa.uu,4.

1931 4505 2219 4568 peccatum
2243 4499 2357 4569 ipse
2386 4498 2745 4563 commiserit,
2775 4497 2870 4552 sed
2892 4497 3062 4566 quod,
3085 4498 3239 4568 juxta
3270 4496 3520 4569 Scriptu—

1934 4605 2041 4655 ras,
2077 4607 2095 4639 ι
2133 4588 2248 4658 ipse
2269 4598 2492 4659 peccata
2523 4596 2710 4643 nostra
2736 4596 2933 4659 portat,
2956 4598 3013 4643 et
3032 4603 3134 4658 pro
3163 4589 3326 4644 nobis
3349 4590 3517 4656 dolet,

1933 4689 1990 4736 et
2018 4681 2166 4736 inter
2206 4680 2502 4735 sceleratos
2531 4688 2817 4749 reputatus
2838 4689 2925 4735 est
2951 4682 3024 4745 ¹⁶,
3061 4699 3078 4732 ι
3112 4681 3364 4751 quamvis
3387 4697 3519 4751 pec-

1934 4781 2116 4828 catum
2139 4788 2252 4828 non
2282 4777 2489 4838 nosset,
2524 4791 2543 4823 ι
2570 4780 2626 4826 et
2654 4771 2831 4827 factus
2855 4782 2939 4827 est
2968 4788 3067 4843 pro
3104 4773 3263 4829 nobis
3288 4773 3520 4829 maledi-

1935 4866 2162 4921 ctum”.
2197 4885 2215 4917 ι
2255 4863 2489 4934 Ᾱῐιιιιὶιιε
2531 4872 2716 4919 autem
2752 4880 2873 4920 esse
2909 4865 2987 4918 ait
3013 4874 3286 4934 pastorem
3311 4906 3326 4931 ,
3354 4881 3520 4936 quam

1940 4973 2070 5014 oves
2107 4973 2298 5028 poenas
2331 4957 2516 5012 luere:
2553 4972 2680 5012 nam
2738 4964 2799 5011 ut
2840 4957 3019 5013 bonus
3056 4965 3243 5028 pastor
3280 4957 3519 5014 animam

1940 5064 2097 5104 suam
2148 5050 2332 5119 posuit
2375 5064 2475 5120 pro
2514 5049 2729 5105 ovibus.
2756 5049 2966 5105 Deinde
3000 5050 3188 5105 divino
3235 5049 3516 5105 admonitu

1940 5140 2137 5196 beatus
2170 5139 2360 5205 David,
2399 5138 2494 5194 ubi
2513 5139 2766 5210 angelum
2793 5139 3273 5195 exterminatorem
3295 5152 3516 5191 cessan-

1939 5240 2052 5288 tem
2069 5233 2180 5303 jam
2222 5240 2281 5286 et
2301 5239 2534 5287 stantem
2561 5232 2847 5302 conspexit
2869 5230 3189 5302 (viditenim
3211 5242 3335 5282 eum
3348 5243 3517 5298 prope

1939 5337 2144 5388 aream,
2169 5322 2392 5393 inquit),
2417 5322 2494 5378 ibi
2529 5322 2636 5378 ﬁxo
2665 5322 2845 5387 altari,
2874 5321 3192 5375 holocausta
3214 5326 3272 5373 et
3291 5317 3517 5389 paciﬁca

1941 5414 2161 5486 (genera
2200 5422 2385 5467 autem
2407 5427 2473 5468 ea
2498 5420 2626 5467 sunt
2658 5426 2725 5464 ex
2743 5410 2881 5481 legis
2909 5407 3250 5480 praescripto,
3273 5421 3338 5464 ac
3367 5408 3517 5465 modi

1942 5502 2290 5577 hostiarum),
2329 5503 2533 5559 obtulit
2585 5503 2716 5557 Deo.
2764 5500 2843 5555 Ac
2875 5514 2972 5570 per
3011 5513 3195 5553 aream
3252 5497 3520 5568 intelliges

1943 5597 2273 5662 Ecclesiam,
2303 5595 2371 5649 ad
2416 5609 2581 5664 quam
2623 5606 2749 5650 cum
2795 5586 3164 5664 pervenisset,
3209 5588 3358 5645 Stetit
3403 5597 3520 5643 tan-

2038 5758 2077 5790 ¹⁷
2099 5756 2273 5814 Galat.
2301 5772 2377 5822 ιιι,
2407 5753 2493 5809 15.
