4082 6304
635 261 733 318 291

1622 257 1678 311 S.
1724 252 2001 311 CYRILLI
2037 249 2510 306 ALEXANDRINI
2547 248 2865 306 ARCHIEP.

3816 249 3904 306 29⁸2

637 372 784 435 dem,
811 379 867 425 et
890 369 1167 424 destructa
1193 383 1340 423 mors
1366 376 1480 435 est;
1502 378 1560 423 et
1579 368 1726 424 illam
1753 369 1906 438 prius
1926 364 2222 420 violentam

2326 363 2649 432 ἀφιγμένος,
2687 364 2818 434 ἓστη
2843 380 2904 415 τε
2929 363 3133 428 λοιπὸν,
3176 365 3281 416 καὶ
3308 359 3648 432 κατηργήθη
3683 360 3902 427 θάνατος,

635 471 692 515 ει
712 461 1086 516 devastantem
1123 461 1307 516 omnia
1334 477 1555 516 manum
1585 459 1860 515 contraxit
1886 456 2218 512 extermina-

639 562 750 619 tor;
780 561 864 608 est
881 551 1029 608 enim
1061 553 1211 608 illius
1233 553 1377 615 vitae,
1399 567 1522 622 qua:
1545 559 1736 620 suapte
1758 557 1955 603 natura
1976 547 2088 602 vita
2113 554 2218 610 est,

638 644 746 700 hoc
797 653 887 698 est
939 644 1146 699 Christi
1182 644 1400 698 domus.
1449 644 1646 698 Aream
1683 658 1816 697 vero
1850 640 2087 695 dicimus
2115 639 2221 692 Ec-

635 736 858 792 clesiam
879 753 946 791 ex
968 737 1204 806 imagine
1227 736 1461 806 quadam
1485 745 1649 805 atque
1672 733 2054 798 similitudine,
2075 731 2221 801 quod

638 828 693 881 in
722 842 788 882 ea
830 826 1239 897 manipulorum
1271 827 1655 896 spicarumque
1685 841 1839 880 more
1867 817 2219 894 colliguntur,

637 919 734 987 qui
763 935 794 973 a
826 919 1076 973 saeculari
1109 918 1226 972 vita
1261 926 1578 972 sanctorum
1617 929 1923 970 messorum
1944 955 1958 979 ,
1982 913 2088 967 hoc
2115 921 2219 977 est,

639 1011 1014 1080 apostolorum
1081 1009 1649 1080 evangelistarumque
1693 1006 2080 1078 praedicatione
2123 1003 2222 1058 de-

639 1112 942 1166 metuntur,
972 1109 1033 1156 ut
1055 1101 1111 1155 in
1141 1101 1263 1155 illas
1288 1115 1516 1170 superas
1542 1100 1693 1154 aulas
1712 1104 2145 1168 comportentur,
2168 1103 2224 1149 et

643 1204 903 1262 tanquam
935 1193 993 1246 in
1026 1193 1373 1247 Dominicum
1401 1193 1682 1246 'horreum
1702 1233 1716 1257 ,
1749 1192 1805 1246 in
1835 1192 2115 1246 cmlestem
2152 1190 2222 1244 il-

641 1285 748 1338 lam
783 1283 1086 1338 Jerusalem
1119 1283 1291 1338 veluti
1339 1291 1629 1353 purgatum
1654 1284 1766 1353 jam
1807 1282 2050 1336 triticum
2081 1279 2223 1334 infe-

642 1384 855 1437 rantur,
923 1373 1191 1442 depositis
1251 1373 1540 1429 inutilibus
1582 1381 1639 1428 et
1690 1370 2045 1442 supervacuis
2110 1385 2224 1425 non

639 1463 803 1517 modo
823 1462 1152 1526 actionibus,
1177 1461 1273 1515 sed
1305 1462 1471 1515 etiam
1504 1462 1674 1517 animi
1700 1461 1974 1526 sensibus,
1999 1460 2094 1530 qui
2112 1461 2226 1515 vel-

638 1565 702 1609 ut
738 1553 794 1607 in
839 1553 1076 1622 imagine
1109 1551 1344 1622 quadam
1383 1553 1665 1622 palearum
1698 1551 2100 1622 intelliguntur.
2135 1551 2225 1606 Di-

639 1655 788 1700 ctum
813 1651 897 1698 est
921 1650 1105 1697 autem
1129 1658 1159 1696 a
1182 1641 1402 1697 Christo
1427 1641 1632 1696 sanctis
1673 1641 1964 1711 apostolis:
1992 1660 2010 1692 ‹
2031 1640 2224 1695 Nonne

642 1749 738 1789 vos
781 1733 964 1787 dicitis
1004 1732 1151 1801 quod
1202 1731 1382 1786 adhuc
1442 1739 1679 1800 quatuor
1721 1746 1938 1786 menses
1985 1739 2135 1795 sunt,
2173 1737 2223 1785 et

2329 1733 2409 1784 ὅτι
2437 1731 2777 1802 τετράμηνός
2820 1732 2959 1795 ἐστι,
2997 1734 3092 1784 καὶ
3120 1735 3148 1786 6
3185 1731 3464 1804 θερισμὸς
3497 1730 3751 1801 ἕρχεται;
3797 1732 3905 1785 ’1δοῦ

639 1827 834 1883 messis
877 1824 1380 1890 venit?Ecce,dico
1435 1823 1634 1879 vobis:
1662 1824 1862 1879 Levate
1912 1824 2101 1878 oculos
2129 1840 2226 1878 ve-

637 1930 804 1986 stros,
835 1929 892 1975 et
916 1918 1098 1973 videte
1125 1918 1394 1988 regiones,
1421 1917 1680 1986 quoniam
1713 1916 1851 1970 albae
1873 1923 2004 1970 sunt
2021 1915 2134 1986 jam
2159 1914 2228 1968 ad

637 2026 894 2068 messem.
923 2010 990 2066 Et
1011 2009 1108 2079 qui
1130 2009 1308 2074 metit,
1334 2008 1646 2063 mercedem
1668 2008 1889 2077 accipit,
1913 2016 1972 2062 e't
1994 2021 2228 2078 congre-

637 2113 726 2176 gat
745 2103 981 2159 fructum
1005 2102 1060 2156 in
1089 2102 1256 2155 vitam
1273 2108 1530 2160 aeternam
1551 2100 1593 2131 ¹⁸
1614 2116 1628 2166 ;
1657 2119 1673 2150 ι
1693 2108 1749 2154 et
1763 2099 1965 2153 iterum
1983 2116 1995 2150 :
2011 2097 2227 2153 «Messis

636 2193 859 2264 quidem
880 2192 1072 2256 multa,
1095 2189 1332 2261 operarii
1359 2198 1542 2244 autem
1559 2189 1741 2260 pauci;
1764 2189 1875 2258 99
1891 2197 2075 2260 rogate
2097 2203 2226 2258 ergo

637 2283 924 2338 dominum
975 2281 1190 2346 messis,
1220 2288 1283 2335 ut
1332 2280 1516 2334 mittat
1547 2280 1828 2349 operarios
1874 2280 1931 2333 in
1988 2294 2224 2334 messem

637 2375 872 2430 suam".
903 2393 922 2425 ι
959 2373 1210 2437 Messem,
1253 2372 1470 2442 opinor,
1503 2371 1867 2442 spiritualem,
1908 2371 2224 2441 eorum.qui

635 2465 898 2520 credituri
935 2471 1125 2528 erant,
1154 2463 1569 2518 multitudinem
1616 2463 1956 2532 appellavit:
2005 2471 2224 2517 sanctos

637 2571 767 2611 vero
808 2570 1078 2610 messores
1144 2570 1243 2609 eos
1287 2554 1428 2608 dixit
1475 2554 1570 2623 qui
1609 2554 1860 2608 divinum
1896 2554 2127 2608 verbum
2166 2553 2223 2608 in

636 2653 821 2701 mente
859 2660 924 2699 ac
958 2644 1144 2714 lingua
1176 2644 1402 2709 habent,
1436 2662 1454 2695 ι
1484 2644 1632 2713 quod
1661 2644 1849 2698 vivum
1886 2653 1990 2709 est,
2021 2653 2076 2699 et
2104 2643 2222 2699 elli-

635 2751 758 2800 cax,
794 2743 848 2790 et
885 2735 1283 2804 penetrabilius
1315 2734 1466 2790 omni
1503 2734 1686 2805 gladio
1713 2733 1976 2804 ancipiti,
2016 2743 2072 2790 et
2100 2751 2225 2805 pcr-

637 2826 801 2896 tingit
824 2841 999 2894 usque
1028 2826 1097 2880 ad
1134 2826 1461 2882 divisionem
1485 2826 1682 2881 animae
1714 2842 1779 2880 ac
1802 2827 2048 2896 spiritus,
2075 2841 2224 2881 com-

634 2932 838 2987 pagum
875 2932 1097 2987 quoque
1151 2932 1216 2972 ac
1268 2916 1633 2971 medullarum
1665 2916 1731 2969 ¹⁰.
1782 2935 1800 2966 ι
1845 2914 2001 2969 Area:
2055 2930 2221 2984 porro

636 3007 882 3073 nomine,
922 3007 1116 3062 beatus
1156 3023 1374 3078 quoque
1402 3007 1643 3077 Baptista
1673 3006 1998 3077 signiﬁcavit
2034 3007 2222 3062 Eccle-

637 3097 798 3162 siam,
821 3111 947 3152 cum
975 3097 1044 3152 de
1059 3096 1281 3153 Christo
1301 3098 1380 3152 sic
1403 3097 1543 3151 dixit
1578 3113 1592 3150 :
1647 3115 1665 3147 ι
1693 3094 1808 3166 Ego
1833 3095 2055 3165 quidem
2077 3111 2216 3166 aqua

599 3217 602 3220 ν
637 3188 856 3259 baptizo
893 3203 1025 3256 vos;
1083 3190 1237 3244 venit
1273 3197 1458 3244 autem
1493 3187 1690 3244 fortior
1726 3204 1844 3253 me,
1895 3189 2053 3258 cujus
2104 3203 2217 3241 non

634 3297 758 3336 sum
797 3281 996 3353 dignus
1059 3283 1272 3336 solvere
1331 3279 1623 3350 corrigiam
1683 3281 2213 3336 calceamentorum:

637 3372 754 3442 ipse
790 3389 890 3427 vos
926 3372 1229 3441 baptizabit
1267 3371 1324 3424 in
1359 3370 1570 3438 Spiritu
1608 3379 1799 3424 sancto
1836 3379 1892 3425 et
1928 3371 2075 3442 igni:
2119 3388 2218 3425 cu-

633 3464 724 3534 jus
760 3463 1130 3517 ventilabrum
1160 3461 1217 3514 in
1248 3476 1414 3514 manu
1443 3476 1540 3514 sua
1562 3501 1577 3526 ,
1616 3469 1673 3515 et
1710 3462 2001 3517 mundabit
2036 3479 2221 3518 aream

638 3569 816 3618 suam,
853 3562 910 3607 et
942 3552 1297 3622 congregabit
1339 3553 1585 3607 triticum
1630 3569 1791 3608 suum
1839 3555 1897 3608 in
1934 3555 2218 3619 horreum,

637 3648 823 3716 paleas
871 3652 1054 3700 autem
1116 3643 1406 3698 comburet
1453 3644 1566 3716 igni
1624 3645 2148 3716 inexstinguibili“.
2197 3664 2214 3696 ι

639 3737 792 3792 Hanc
816 3738 982 3807 igitur
1019 3737 1360 3806 spiritualem
1393 3736 1944 3801 aream,Ecclesiam,
1974 3737 2220 3806 inquam,

639 3827 774 3881 emit
809 3827 1063 3881 Christus
1102 3827 1500 3898 quinquaginta
1555 3828 1742 3893 siclis,
1789 3828 1895 3883 hoc
1950 3836 2072 3892 est,
2113 3843 2225 3881 non

639 3915 839 3984 exiguo
905 3917 1084 3984 pretio
1130 3933 1145 3981 ;
1218 3932 1276 3971 se
1315 3918 1495 3987 ipsum
1535 3933 1773 3987 namque
1813 3918 1966 3973 dedit
2006 3933 2108 3988 pro
2135 3934 2220 3983 ea,

643 4007 700 4061 in
735 4021 909 4074 eaque
941 4006 1059 4060 ﬁxit
1085 4008 1292 4061 altare:
1335 4023 1572 4078 cumque
1606 4007 1750 4062 idem
1789 4019 1935 4064 esset
1973 4010 2228 4065 sacerdos

647 4097 844 4169 (factus
869 4113 1107 4168 namque
1132 4107 1218 4154 est
1232 4099 1480 4168 pontifex
1508 4115 1756 4153 summus
1791 4101 1880 4171 ²¹),
1896 4100 2042 4154 idem
2062 4101 2226 4156 victi-

643 4206 753 4254 ma,
795 4205 853 4246 se
881 4191 1059 4260 ipsum
1099 4192 1323 4256 obtulit,
1356 4199 1612 4262 tanquam
1642 4192 1699 4246 in
1737 4193 1918 4262 specie
1955 4208 2019 4247 ac
2055 4192 2229 4264 ﬁgura

640 4283 799 4337 vituli
825 4283 1159 4348 triturantis,
1183 4291 1240 4337 et
1263 4283 1438 4338 factus
1463 4293 1548 4338 est
1569 4284 1949 4338 holocaustum
1977 4292 2032 4338 et
2053 4285 2230 4339 hostia

2319 456 2414 510 καὶ
2465 456 2564 525 τὴν
2595 455 2760 509 πάλαι
2809 456 2989 527 δεινήν
3015 472 3074 508 τε
3127 457 3225 508 καὶ
3271 454 3708 526 διαφθείρουσαν
3772 459 3903 528 χεῖρα

2321 548 2658 602 συνέστειλεν
2701 550 2731 601 6
2773 546 3131 618 ὁλοθρευτής·
3164 541 3322 611 οἶκος
3354 545 3475 618 γάρ
3499 547 3622 599 ἐστι
3651 547 3747 616 τῆς
3787 553 3906 603 κατὰ

2321 641 2482 710 φύσιν
2521 640 2687 711 ζωῆς,
2721 638 2865 692 τοῦτ’
2912 639 3028 693 ἐστι
3060 639 3330 709 Χριστοῦ.
3378 637 3542 690 Ἀλω
3572 636 3631 689 δὲ
3660 634 3794 690 εἷναί
3820 657 3906 708 φα-

2324 747 2422 800 μεν
2446 732 2521 794 ὡς
2551 729 2610 794 ἐξ
2635 729 2946 800 ὁμοιώσεως
2962 731 3056 782 καὶ
3081 728 3296 792 εἰκόνος
3323 727 3430 799 τὴν
3469 726 3816 796 Ἐκκλησίαν,
3836 730 3907 799 ἐφ’

2320 814 2354 892 ᾖ
2383 820 2740 890 δραγμάτων,
2778 820 2946 890 ἧγουν
2971 818 3289 890 ἀσταχύων,
3333 816 3749 889 συλλέγοντα[ι]
3775 819 3907 890 δίκην

2319 914 2370 966 οἱ
2418 912 2519 982 τῆς
2555 911 2664 965 ἀπὸ
2703 910 2912 981 κόσμου
2953 910 3100 980 ζωῆς
3141 909 3230 963 διὰ
3269 907 3376 962 τοῦ
3419 908 3590 977 λόγου
3620 909 3727 961 τῶν
3762 910 3907 978 ἁγίων

2321 1005 2628 1076 κειρόμενοι
2671 1003 2959 1075 θεριστῶν,
2985 1003 3129 1056 τοῦτ’
3170 1003 3348 1067 ἔστιν,
3385 1001 3716 1054 ἀποστόλων
3745 1019 3801 1054 τε
3829 1003 3909 1056 καὶ

2321 1097 2740 1168 εύαγγελιστῶν,
2788 1097 2879 1151 ἵνα
2928 1097 3026 1152 καὶ
3065 1098 3146 1158 εἰς
3182 1097 3286 1159 τὰς
3339 1095 3464 1149 ἄνω
3512 1093 3908 1164 συγκομισθείεν

2323 1190 2510 1257 αὐλὰς,
2533 1191 2627 1244 καὶ
2655 1189 2908 1260 καθάπερ
2929 1191 3011 1252 είς
3031 1187 3324 1259 ἀποθήκην
3347 1185 3714 1255 δεσποτικὴν,
3731 1189 3806 1249 είς
3827 1187 3909 1256 τὴν

2321 1281 2641 1351 ἐπουράνιον
2688 1279 3066 1351 Ἰερουσαλὴμ,
3114 1274 3202 1331 οἷά
3241 1294 3334 1340 τις
3385 1278 3544 1339 σῖτος
3596 1275 3909 1347 είσφέροιντο

2323 1367 2584 1438 καθαρὸς,
2616 1367 2756 1422 κατὰ
2791 1367 2890 1439 τὴν
2929 1368 3040 1421 τῶν
3077 1366 3465 1439 ἀχρειοτέρων
3503 1367 3606 1420 καὶ
3665 1367 3908 1437 περιττῶν

2323 1458 2583 1513 ἀπόθεσιν
2618 1459 2961 1530 πραγμάτων
2990 1476 3051 1512 τε
3081 1459 3196 1530 ἅμα
3225 1458 3328 1512 καὶ
3365 1457 3764 1528 φρονημάτων,
3785 1459 3906 1528 ἁπερ

2325 1550 2400 1612 ὡς
2425 1552 2482 1602 ἐν
2503 1550 2632 1603 εῖδει
2651 1550 2759 1603 τῶν
2787 1549 3007 1620 ἀχύρων
3033 1551 3252 1604 νοεῖται.
3283 1549 3536 1620 Εἴρηται
3562 1549 3622 1601 δέ
3652 1566 3753 1601 που
3780 1549 3909 1620 παρὰ

2325 1640 2563 1712 Χριστοῦ
2596 1643 2708 1704 τοῖς
2733 1641 2908 1709 ἁγίοις
2939 1639 3286 1704 ἀποστόλοις·
3323 1659 3343 1691 ι
3386 1639 3531 1708 Οὐχὶ
3566 1639 3726 1709 ὑμεῖς
3747 1639 3906 1708 λέγετε

2329 1823 2472 1892 λέγω
2504 1824 2672 1893 ὑμῖνο
2728 1824 2999 1894 Ἐπὰρατε
3041 1825 3166 1887 τοὺς
3216 1823 3554 1893 ὀφθαλμοὺς
3608 1823 3778 1894 ὑμῶν,
3831 1825 3906 1877 καὶ

2328 1914 2594 1969 θεάσασθε
2623 1915 2722 1979 τὰς
2759 1915 2964 1986 χώρας,
3001 1917 3080 1970 ὅτι
3124 1915 3320 1969 λευκαί
3350 1917 3463 1968 εἰσι
3504 1915 3644 1985 πρὸς
3671 1916 3905 1986 θερισμὸν

2325 2006 2449 2078 ἤδη.
2477 2007 2560 2060 .'0
2596 2005 2823 2078 θερίζων
2846 2006 3035 2077 μισθὸν
3071 2007 3370 2075 λαμϐάνει,
3415 2007 3517 2059 καὶ
3546 2006 3766 2074 συνάγει
3788 2024 3902 2078 καρ-

2328 2099 2430 2152 πὸν
2463 2100 2542 2162 εἰς
2577 2097 2721 2169 ζωὴν
2761 2097 2999 2153 αἰώνιον.
3031 2116 3050 2149 ι
3087 2100 3196 2152 Καὶ
3237 2100 3441 2152 πάλιν·
3481 2119 3500 2150 ‹
3548 2099 3608 2151 '0
3653 2100 3746 2168 μὲν
3778 2099 3902 2170 θερι-

2328 2192 2464 2262 σμὸς
2501 2191 2687 2255 πολὺς,
2725 2193 2775 2244 οί
2814 2192 2872 2245 δέ
2902 2191 3136 2264 ἐργάται
3167 2193 3367 2261 ὀλίγοι.
3422 2192 3672 2262 Δεήθητε
3702 2187 3788 2244 οὖν
3825 2192 3902 2245 τοῦ

2325 2283 2530 2356 Κυρίου
2553 2282 2647 2337 τοῦ
2665 2283 2947 2354 θερισμοῦ,
2969 2284 3055 2338 ἴνα
3077 2283 3284 2356 ἐκϐάλῃ
3308 2285 3560 2354 ἐργάτας
3577 2287 3656 2347 είς
3671 2284 3901 2354 θερισμὸν

2326 2374 2512 2430 αὐτοῦ.
2575 2394 2592 2426 ι
2655 2375 2959 2446 Θερισμὺν,
3023 2371 3211 2445 οἶμαι,
3261 2376 3362 2429 τὸν
3419 2376 3618 2447 νοητὸν
3666 2377 3761 2446 τὴν
3810 2375 3899 2427 τῶν

2328 2463 2632 2534 μελλόντων
2677 2463 2954 2517 πιστεύειν
3004 2461 3288 2535 ὀνομάζων
3344 2463 3597 2536 πληθὺν,
3651 2464 3896 2534 ἁγίουςδέ

2324 2555 2577 2628 θεριστὰς
2629 2551 2768 2609 εἶναι
2819 2556 2992 2624 λέγων
3040 2558 3168 2620 τοὺς
3218 2559 3303 2622 είς
3357 2557 3490 2612 νοῦν
3531 2560 3628 2610 καὶ
3677 2555 3896 2626 γλῶτταν

2322 2647 2414 2701 τὸν
2448 2647 2591 2699 θεῖον
2625 2646 2850 2716 ἔχοντας
2870 2647 3050 2716 λόγον,
3076 2649 3134 2711 ὅς
3170 2651 3289 2702 ἐστι
3315 2649 3428 2714 ζῶν
3454 2667 3514 2702 τε
3542 2649 3637 2701 καὶ
3663 2647 3891 2718 ἐναργὴς,

2323 2738 2419 2793 καὶ⁹
2457 2737 2772 2809 τομώτατος
2806 2739 2948 2810 ὑπὲρ
2983 2740 3164 2792 πᾶσαν
3195 2740 3484 2810 μάχαιραν
3513 2739 3778 2807 δίστομον,
3814 2734 3894 2788 καὶ

2321 2829 2691 2901 διικνούμενος
2711 2829 2838 2901 ἄχρι
2868 2829 3136 2901 μερισμοῦ
3165 2830 3348 2900 ψυχῆς
3375 2847 3438 2882 τε
3465 2829 3562 2883 καὶ
3591 2827 3888 2896 πνεύματος,

2321 2921 2515 2991 ἁρμῶν
2541 2937 2602 2972 τε
2633 2920 2728 2973 καὶ
2762 2919 2998 2990 μυελῶν.
3038 2938 3056 2969 ι
3097 2919 3358 2988 ὐνόματι
3397 2918 3457 2970 δὲ
3507 2917 3606 2985 τῆς
3653 2914 3761 2968 ἅλω
3813 2911 3892 2963 καὶ

2323 3013 2352 3063 6
2389 3010 2662 3081 μακάριος
2708 3009 3021 3078 Βαπτιστὴς
3061 3008 3361 3077 κατεδήλου
3414 3007 3518 3078 τὴν
3573 3002 3887 3073 Ἐκκλησίαν,

2317 3103 2414 3157 ὡδί
2431 3120 2532 3155 που
2554 3102 2877 3172 λέγων,περὶ⁵
2899 3100 3189 3172 Χριστοῦοι
3213 3100 3360 3166 Ἐγὼ
3384 3099 3485 3170 μὲν
3507 3097 3656 3149 ὕδατι
3673 3092 3890 3165 βαπτίζω

2319 3199 2500 3269 ὑμᾶς,
2558 3175 2780 3266 ἔρχεται
2813 3195 2871 3247 δὲ
2907 3197 2935 3247 6
2977 3191 3326 3263 ἰσχυρότερός
3361 3209 3502 3262 μου,
3549 3183 3610 3243 οὗ
3650 3189 3745 3240 οὐκ
3788 3183 3885 3252 είμὶ

2321 3290 2504 3352 ἱκανὸς
2548 3289 2706 3340 λῦσαι
2755 3287 2846 3340 τὸν
2901 3287 3099 3354 ἱμάντα
3139 3284 3248 3338 τῶν
3294 3283 3666 3353 ὑποδημάτων
3717 3275 3886 3331 αὑτοῦ·

2321 3381 2482 3444 αὐτὸς
2521 3381 2665 3450 ὑμᾶς
2719 3378 2970 3448 βαπτίσει
3007 3379 3064 3429 ἐν
3107 3377 3398 3448 Πνεύματι
3442 3376 3585 3442 ἁγίῳ
3626 3373 3715 3427 καὶ
3745 3367 3890 3439 πυρί·

2321 3466 2382 3527 οῦ
2412 3473 2473 3526 τὸ
2505 3472 2673 3524 πτύον
2711 3473 2768 3525 ἐν
2801 3475 2866 3541 τῇ
2903 3471 3047 3540 χειρὶ
3092 3469 3282 3531 αὐτοῦ,
3308 3469 3415 3522 καὶ
3450 3464 3786 3534 διακαθαριεῖ
3811 3457 3893 3528 τὴν

2325 3565 2505 3619 ἅλωνα
2546 3563 2736 3626 αὑτοῦ,
2783 3562 2879 3615 καὶ
2924 3559 3142 3624 συνάξει
3179 3558 3272 3610 τὸν
3317 3561 3476 3611 σῖτον
3508 3553 3669 3610 αὐτοῦ
3706 3554 3780 3614 εὶς
3809 3548 3890 3618 τὴν

2327 3657 2635 3727 ἀποθήκην,
2665 3655 2727 3708 τὸ
2752 3653 2808 3707 δὲ
2829 3655 3030 3724 ἄχυρον
3055 3650 3405 3705 κατακαύσει
3437 3649 3572 3720 πυρὶ
3593 3645 3840 3710 ἀσϐέστῳ.
3869 3657 3884 3690 ι

2326 3750 2543 3820 Ταύτην
2581 3743 2674 3802 οὖν
2705 3749 2813 3818 ἄρα
2845 3749 2943 3817 τὴν
2981 3745 3094 3799 ἁλω
3138 3744 3237 3816 τὴν
3270 3744 3499 3814 νοητὴν,
3545 3739 3686 3810 φημὶ
3722 3735 3780 3804 δὴ
3807 3733 3888 3802 τὴν

2340 3841 2690 3912 Ἐκκλησίαν,
2725 3838 3015 3909 ἐξεπρίατο
3049 3835 3284 3907 Χριστὸς
3319 3835 3660 3905 πεντήκοντα
3693 3825 3884 3884 σίκλων,

2325 3934 2468 3987 τοῦτ’
2507 3933 2675 3996 ἐστιν,
2723 3932 2823 3984 οὐκ
2873 3929 3124 3998 ἐλαφρῶν
3165 3926 3501 3998 τιμημάτων
3527 3940 3539 3952 ·
3586 3919 3767 3974 ἑαυτὸν
3795 3914 3887 3984 γὰρ

2327 4026 2561 4078 δέδωκεν
2595 4024 2736 4093 ὑπὲρ
2778 4022 2971 4090 αὐτῆς,
3001 4021 3094 4072 καὶ
3131 4018 3330 4088 ἔπηξεν
3363 4019 3426 4070 ἐν
3454 4016 3590 4085 αὐτῇ
3625 4013 3685 4064 τὸ
3719 4011 3882 4062 θυσια-

2332 4118 2569 4187 στήριον·
2598 4115 2690 4168 καὶ
2715 4113 2942 4183 ἐπείπερ
2967 4110 3124 4172 αὐτός
3151 4111 3297 4161 ἐστιν
3331 4109 3360 4159 6
3389 4105 3669 4178 ἱερουργὸς
3697 4100 3881 4169 (γέγονε

2330 4208 2441 4279 γὰρ
2487 4204 2828 4278 ἀρχιερεὺς),
2875 4204 2968 4256 καὶ
3021 4201 3181 4264 αὐτὸς
3234 4201 3296 4253 τὸ
3326 4200 3476 4270 θῦμα
3516 4191 3880 4270 προσεκόμισεν

2333 4301 2542 4363 ἐαυτὸν,
2582 4299 2657 4362 ὡς
2687 4300 2743 4350 ἐν
2778 4297 2906 4349 εἴδει
2939 4295 3034 4349 καὶ
3059 4293 3216 4364 τύπῳ
3245 4292 3336 4346 τοῦ
3380 4291 3647 4349 ἁλοῶντος
3683 4283 3876 4354 μόσχους

645 4373 890 4445 paciﬁca.
936 4373 1162 4430 Solutus
1212 4384 1298 4430 est
1334 4375 1483 4430 enim
1525 4375 1615 4430 ille
1654 4376 1872 4432 medius
1908 4377 2092 4446 paries
2131 4392 2223 4446 per

2335 4393 2428 4447 καὶ
2457 4393 2681 4460 γέγονεν
2715 4389 3078 4459 ὁλοκαύτωμα
3121 4387 3215 4440 καὶ
3246 4385 3498 4458 εἰρηνικὴ
3533 4379 3701 4434 θυσία.
3734 4372 3877 4426 Λέλυ·

641 4465 944 4530 Christum,
975 4475 1033 4521 et
1067 4468 1162 4537 qui
1217 4466 1348 4521 olim
1386 4467 1648 4538 disjuncti
1693 4484 1757 4523 ac
1795 4469 2062 4538 segregati
2099 4483 2224 4522 era-

646 4571 768 4610 mus
805 4555 1016 4625 peccati
1044 4557 1234 4627 culpa,
1276 4571 1375 4626 per
1403 4557 1582 4627 ipsum
1624 4567 1682 4614 et
1712 4559 1768 4613 in
1801 4560 1920 4629 ipso
1946 4575 2072 4614 cum
2112 4559 2225 4613 Deo

643 4652 700 4698 et
737 4644 896 4699 Patre
934 4633 1342 4715 conjungimur,
1368 4648 1613 4717 antiquis
1647 4649 1758 4702 illis
1795 4649 2101 4703 inimicitiis
2125 4664 2223 4703 ex-

644 4735 895 4791 stinctis:
928 4755 946 4786 ι
972 4735 1092 4805 Ipse
1111 4745 1196 4791 est
1224 4738 1372 4793 enim
1393 4754 1495 4808 pax
1515 4748 1702 4795 nostra
1724 4739 1822 4806 “,n
1850 4748 1911 4793 ut
1929 4740 2226 4810 Scriptura

645 4836 936 4881 testantur.

715 4971 912 5026 PALL.
947 4971 1187 5028 Vitulum
1208 4974 1371 5043 igitur
1401 4976 1749 5034 triturantem
1778 4978 2110 5034 intellecturi
2139 4996 2232 5034 su-

644 5081 767 5118 mus
784 5063 1109 5119 Christum?
1142 5081 1380 5136 quonam
1410 5065 1463 5120 id
1491 5067 1654 5121 modo
1688 5069 1950 5125 tandem?

711 5153 868 5210 CYR.
886 5157 970 5210 An
995 5154 1390 5220 vero,Palladi,
1406 5169 1516 5208 non
1533 5155 1832 5212 vitulorum
1856 5160 2232 5216 triturantium

645 5247 864 5301 nomine
893 5247 980 5302 lex
1014 5246 1182 5320 Moysi
1209 5245 1517 5316 discipulos,
1545 5255 1763 5301 sanctos
1788 5251 2122 5318 appellavit?
2153 5250 2233 5305 sic

645 5336 790 5390 enim
838 5354 937 5407 per
981 5339 1211 5409 aenigma
1260 5338 1430 5392 dixit:
1476 5356 1494 5388 ‹
1535 5336 1656 5391 Non
1705 5338 1954 5408 alligabis
1993 5358 2055 5396 os
2103 5342 2229 5397 bovi

648 5426 920 5483 trituranti
939 5432 1003 5485 “.
1041 5449 1058 5481 ι
1087 5429 1242 5497 Quod
1268 5430 1445 5499 ipsum
1468 5444 1594 5483 cum
1622 5427 2032 5486 evidentissime
2060 5432 2221 5486 intel-

643 5513 866 5571 lexisset
913 5518 1108 5575 beatus
1138 5520 1360 5586 Paulus,
1419 5521 1496 5574 ait
1527 5536 1540 5574 :
1590 5538 1608 5570 ι
1643 5519 1902 5591 Nunquid
1939 5521 2007 5577 de
2048 5523 2225 5580 bobus

2331 4501 2419 4536 ται
2461 4483 2570 4551 γὰρ
2617 4481 2678 4533 τὸ
2723 4478 3052 4550 μεσολαϐοῦν
3103 4480 3159 4549 ἐν
3215 4475 3458 4547 Χριστῷ,
3510 4473 3603 4526 καὶ
3647 4469 3694 4520 οί
3734 4461 3876 4516 πάλαι

2331 4574 2678 4645 διεστηκότες
2710 4590 2770 4624 τε
2805 4573 2899 4624 καὶ
2943 4569 3319 4639 ἁφωρισμένοι
3372 4567 3464 4620 διά
3499 4564 3596 4633 τὴν
3633 4551 3874 4645 ἁμαρτίαν

2333 4664 2752 4736 συνεισδυόμεθα
2783 4664 2850 4716 δι’
2889 4662 3052 4716 αὐτοῦ
3083 4679 3143 4714 τε
3170 4661 3263 4714 καὶ
3295 4662 3354 4712 ἐν
3387 4655 3535 4727 αὐτῷ
3559 4653 3634 4723 τῷ
3661 4645 3769 4736 Θεῷ
3797 4642 3874 4696 κειὶ

2335 4761 2531 4832 Πατρὶ,
2577 4735 2678 4828 τὴν
2713 4755 2948 4827 ἀρχαίαν
2989 4753 3204 4821 ἐκείνην
3250 4749 3641 4805 καταλύσαντες
3677 4735 3866 4832 ἐχθροξν-

2336 4825 2507 4915 Αὐτός
2537 4825 2644 4920 γάρ
2673 4825 2818 4902 ἐστιν
2853 4850 2887 4916 ἡ
2931 4848 3118 4916 εἰρήνη
3160 4843 3338 4915 ἡμῶν,
3369 4840 3510 4896 κατά
3533 4837 3625 4898 τὰς
3653 4825 3866 4920 Γραξράςο

2405 4917 2625 4999 ΠΑΛᾸ.
2653 4942 2867 5011 Μόσχον
2913 4935 3005 4992 οὖν
3053 4938 3162 5006 ἄρα
3218 4937 3482 5006 νοήσομεν
3526 4928 3616 4982 τὸν
3654 4917 3866 4977 ἀλοῶντα

2334 5039 2566 5111 Χριστόν
2588 5053 2602 5102 ;
2623 5033 2744 5088 τὶνα
2775 5032 2975 5103 τρόπον
3007 5034 3112 5102 φής
3128 5047 3142 5094 ;

2400 5152 2567 5206 ΚΥΡ.
2627 5151 2702 5202 Ού
2746 5147 2888 5218 γὰρ,
2924 5141 2969 5200 ὧ
3011 5145 3265 5215 φιλότης,
3308 5143 3536 5212 μόσχους
3587 5119 3863 5202 ήμῖντοὺς

2329 5245 2601 5306 ἁλοῶντας
2626 5244 2653 5295 6
2682 5241 2769 5293 διὰ
2800 5217 3044 5301 Μωσέως
3071 5236 3232 5307 νόμος
3261 5237 3388 5298 τοὺς
3431 5230 3610 5299 ἁγίους
3643 5217 3860 5285 ὠνόμασε

2333 5337 2612 5409 μαθητάς;
2655 5335 2758 5405 ἔφη
2801 5333 2908 5402 γὰρ
2957 5327 3406 5400 αἰνιγματωδῶς·
3467 5343 3484 5375 ι
3526 5319 3594 5373 Οὐ
3628 5307 3858 5409 φιμώσξιξ

2333 5405 2749 5502 βοῦνγάλοῶντα.
2797 5445 2814 5476 ι
2851 5428 2916 5478 '0
2937 5424 3001 5495 δὴ
3043 5423 3137 5475 καὶ
3166 5421 3310 5492 μάλα
3333 5414 3532 5487 ,σαφῶς
3569 5405 3856 5506 stivave???

2331 5487 2358 5575 δ
2386 5523 2656 5594 μακάριος
2690 5519 2900 5583 Παῦλος
2921 5534 2934 5547 ·
3041 5515 3134 5586 Μὴ
3167 5487 3278 5566 *τῶν
3296 5511 3436 5583 βοῶν
3465 5504 3602 5578 μέλει
3627 5493 3695 5564 τῷ
3727 5487 3850 5550 Θεῷ;

718 5670 1137 5746 ¹⁸Ᾱ⁰³¹¹κτ¹1δδεν
1177 5675 1264 5730 ⁵6·
1329 5674 1805 5746 “Matth-1x37,
1840 5676 1927 5734 38.
2002 5681 2046 5714 πο
2081 5679 2460 5746 llebr.lv,l2.
2510 5677 2707 5734 “Luc.
2733 5672 3037 5741 “1,16,”.
3111 5653 3555 5725 "llebnvrﬂo.
3615 5638 3845 5712 "Ephcs'

626 5758 705 5813 In,
747 5740 833 5796 M.
906 5743 1124 5800 “Deut.
1152 5761 1274 5814 xxv,
1312 5745 1366 5800 4.
