4082 6304
307 329 425 387 295

1007 323 1097 378 DE
1136 317 1574 378 ΑὉΟΒΑΤΙΟΝΕ
1617 316 1683 371 IN
1719 313 1988 370 sruuru
2031 313 2119 368 ET
2157 293 2527 370 vnainrn.
2569 316 2696 371 LIB.
2738 317 2825 372 ιιι.

3471 320 3578 378 294

309 452 388 505 Ἤ
414 449 482 503 δι’
521 447 667 518 ἡμᾶς
689 444 909 507 πάντως
941 441 1118 511 λέγεις
1149 442 1224 492 Δι’
1245 441 1392 510 ἡμᾶς
1414 438 1521 507 γὰρ
1542 437 1781 507 ἐγράφη,
1813 434 1885 487 ὅτι

1997 448 2128 488 cura
2172 441 2258 487 est
2291 433 2442 488 Deo?
2477 449 2546 487 an
2578 442 2802 504 propter
2831 447 2932 488 nos
2991 435 3180 503 utique
3224 434 3401 489 dicit?
3447 450 3579 505 pro-

304 539 515 610 ὀφείλει
538 537 624 590 ἐπ’
657 534 832 590 ἐλπίδι
852 535 880 587 ὀ
907 530 1176 604 ἀροτριῶν
1194 530 1474 601 ἀροτριᾷν,
1497 527 1588 580 καὶ
1613 525 1786 579 ἀλοῶν
1811 525 1897 576 ἐπ’

305 631 493 685 ἐλπίδι
514 627 608 682 τοῦ
639 627 906 698 μετέχειν.
938 643 956 675 ι
989 623 1196 691 Μόσχοι
1217 618 1528 691 τοιγαροῦν,
1563 618 1682 671 κατ’
1713 616 1897 669 εἰκόνα

1997 532 2118 595 pter
2144 541 2244 580 nos
2272 527 2421 581 enim
2445 527 2712 596 scriptum
2744 535 2850 591 est,
2889 524 3158 592 Quoniam
3199 526 3363 581 debet
3389 527 3444 580 in
3481 542 3578 598 spe

1997 633 2158 672 arans
2177 633 2353 681 arare,
2372 627 2428 673 et
2449 619 2714 673 triturans
2736 619 2791 672 in
2816 633 2911 687 spe
2932 617 3298 687 participandi
3319 619 3385 672 ⁸³.
3402 619 3578 674 Vituli

305 717 408 770 τοῦ
434 715 676 785 πρώτου,
701 713 848 767 τοῦτ’
875 709 1290 782 ἔστι,Χριστοῦ,
1321 711 1416 763 καὶ
1444 709 1492 761 οἱ
1525 706 1781 778 μακάριοι
1801 722 1885 776 μαι

2000 709 2184 778 itaque
2235 710 2303 763 ad
2341 709 2633 779 imaginem
2675 709 2824 763 illius
2865 709 3052 779 primi,
3093 709 3148 764 id
3197 718 3301 776 est,
3347 709 3576 778 Christi,

307 808 496 877 θηταί.
528 807 743 875 Μόσχος
782 803 839 856 δὲ
863 803 954 855 καὶ
977 801 1178 871 ἑτέρως
1199 799 1450 870 ἀλωητὴς
1478 799 1507 850 ό
1539 796 1798 867 Χριστόςο
1827 794 1894 847 δι’

304 897 480 951 αὑτοῦ
503 898 610 968 γὰρ
632 897 666 967 ἡ
688 895 952 967 κάθαρσις
972 894 1062 946 καὶ
1078 895 1112 964 ἡ
1142 893 1248 946 τῶν
1270 889 1538 962 περιττῶν
1556 887 1893 959 πραγμάτων

307 990 596 1051 ἀπόθεσις,
644 984 1046 1058 περισπασμῶν
1086 984 1148 1037 τέ
1217 1000 1362 1053 φημι
1425 982 1521 1034 καὶ
1574 980 1682 1031 τῶν
1752 979 1894 1032 κατά

305 1081 406 1134 τὸν
435 1081 636 1150 κόσμον
658 1075 1023 1148 φρονημάτων
1055 1073 1355 1142 σαρκικῶν,
1392 1071 1427 1125 ἃ
1452 1072 1544 1125 καὶ
1565 1070 1760 1140 φλογός
1785 1069 1891 1122 εισι

304 1174 514 1246 τροφὴ,
540 1171 790 1241 καθάπερ
821 1169 913 1222 καὶ¹
940 1167 999 1221 τὸ
1026 1168 1246 1238 ἄχυρον.
1290 1163 1692 1237 Ἐγηγερμένου
1721 1163 1777 1216 δὲ
1798 1162 1891 1215 τοῦ

306 1263 720 1336 θυσιαστηρίου,
747 1263 832 1332 ἐφ’
925 1261 1020 1330 κα).
1039 1257 1289 1330 εἰρηνικὴ
1309 1258 1402 1310 καὶ
1423 1255 1484 1309 τὸ
1510 1254 1889 1324 ὁλοκαύτωμα,

303 1359 530 1412 λέλυται
557 1358 618 1410 τὸ
653 1354 878 1408 λυποῦν·
913 1353 1185 1422 ἐπήκουσε
1211 1349 1319 1420 γὰρ
1350 1349 1551 1420 Κύριος
1582 1351 1648 1418 τῇ
1672 1349 1763 1417 γῇ,
1801 1348 1892 1400 καὶ

307 1449 614 1520 συνεσχέθη
655 1452 688 1519 ἡ
725 1446 971 1518 θραῦσις.
1016 1443 1238 1497 Ἑαυτὸν
1261 1442 1366 1513 γὰρ
1393 1440 1534 1510 ὑπὲρ
1558 1439 1717 1510 ἡμῶν
1745 1441 1893 1510 ἱερα-

300 1542 604 1605 τεύσαντος
648 1539 741 1593 τοῦ
799 1538 1070 1609 Χριστοῦ,
1129 1533 1451 1606 κατηργήθη
1503 1532 1750 1598 θάνατος,
1799 1531 1892 1584 καὶ

303 1634 593 1705 ἀνετράπη
624 1629 820 1702 φθορὰ,
849 1629 1065 1698 ἕτοιμον
1099 1625 1202 1696 ἤδη
1223 1642 1340 1688 πως
1371 1626 1491 1683 ταῖς
1521 1623 1778 1677 ἁπάντων
1803 1621 1890 1674 εὑ-

302 1728 436 1795 χαῖς
494 1723 822 1794 ὑποσχόντος
864 1721 926 1774 τὸ
958 1717 1052 1784 οὖς
1080 1717 1175 1772 τοῦ
1209 1717 1388 1772 πάντα
1429 1715 1698 1784 ἰσχύοντος
1729 1712 1885 1766 Θεοῧ’

314 1837 335 1868 ι
354 1817 481 1869 ¹ἹΞῖτι
511 1815 618 1886 γὰρ
646 1812 934 1875 λαλοῦντός
951 1798 1068 1875 σου,
1099 1809 1282 1881 φησὶν,
1314 1807 1448 1880 ἐρῶ⁶
1475 1806 1539 1859 Τί
1569 1809 1751 1870 ὲστιν;
1780 1806 1890 1859 »Τὸ

304 1909 369 1961 δέ
397 1926 460 1976 γε
500 1905 691 1977 μικρὸν
715 1900 936 1958 εἶναιτὸ
965 1905 1022 1956 ὲν
1047 1905 1241 1974 ἀρχαῖς
1281 1901 1686 1972 θυσιαστήριον,
1720 1916 1889 1967 προσ-

302 1998 583 2052 τεθεῖσθαι
615 1997 671 2049 δὲ
696 1996 876 2064 λέγειν
904 1995 1128 2066 ὕστερον
1162 1993 1329 2067 αὐτῷ,
1359 1993 1458 2065 τὴν
1496 1991 1636 2045 κατά
1664 1992 1892 2062 καιροὺς

306 2088 579 2160 ἐσομένην
610 2087 704 2146 τοῦ
745 2073 1086 2156 Εὐαγγελίου
1126 2084 1408 2156 προκοπὴν
1451 2083 1621 2154 δηλοῖ,
1650 2083 1746 2136 καὶ
1781 2081 1890 2134 τῶν

305 2181 487 2250 ἁγίων
546 2179 881 2251 Ἐκκλησιῶν
942 2178 1003 2230 τὸ
1061 2175 1485 2246 συνεσταλμένον
1537 2175 1596 2227 ἐν
1657 2173 1888 2244 ἀρχαῖς,

305 2275 514 2338 πλάτος
542 2274 595 2328 δὲ
617 2273 808 2344 ὥσπερ
864 2271 956 2326 καὶ
981 2272 1038 2324 ὲν
1065 2273 1176 2334 τοῖς
1205 2269 1424 2338 ἐφεξῆς.
1457 2265 1756 2336 Εὐρύνεται
1783 2265 1892 2335 γὰρ

303 2362 422 2420 οἷον
450 2367 535 2420 ἀεὶ
563 2367 631 2419 τὰ
657 2367 1037 2438 θυσιαστήρια,
1072 2362 1514 2434 προστιθεμένων
1553 2357 1891 2428 Ἐκκλησιῶν

302 2458 393 2511 ἀεί
412 2475 531 2522 πως
551 2460 667 2521 ταῖς
693 2457 938 2529 πρώταις
960 2456 1042 2509 ἑτέ
1053 2473 1180 2527 ρων,
1213 2454 1309 2509 καὶ
1331 2455 1409 2516 εἰς
1431 2451 1892 2522 πληθὺνιάμέτρη-

304 2567 397 2601 τον
422 2550 814 2620 ἐκτεινομένων
842 2548 952 2602 τῶν
978 2546 1143 2611 λαῶν,
1167 2545 1217 2599 οἳ
1244 2544 1333 2598 διὰ
1352 2544 1455 2614 τῆς
1475 2545 1532 2595 ἐν
1554 2539 1775 2614 Χριστῷ
1795 2540 1889 2592 θυσ

307 2641 432 2702 σίας
460 2639 842 2711 λελύτρωνται,
882 2639 1042 2692 αὑτὸν
1071 2637 1285 2708 ἔχοντες
1312 2632 1593 2705 ἱερουργὸν
1620 2632 1713 2685 καὶ
1743 2629 1890 2700 θῦμα

305 2733 370 2784 τὸ
403 2732 576 2800 ἅγιον,
617 2731 712 2784 καὶ
749 2728 983 2802 εὔοσμον
1017 2727 1390 2797 διακαθαίρον,
1437 2726 1531 2778 καὶ
1563 2724 1639 2786 ὡς
1663 2721 1889 2790 ἀξιάτα-

309 2842 433 2878 στον
456 2825 858 2896 θυσιαστήριον,
889 2823 984 2878 καὶ
1011 2821 1085 2886 ὠς
1111 2824 1168 2875 ὲν
1195 2820 1325 2873 εἴδει
1353 2818 1452 2889 τῆς
1482 2816 1595 2870 ἆλω
1628 2814 1728 2885 τῆς
1764 2814 1888 2867 Ἐκ-

306 2919 535 2990 κλησιας
570 2918 624 2972 δε
634 2917 858 2987 σπότην.

378 3181 588 3234 ΠΑΛΔ.
645 3181 733 3244 Ὧς
763 3178 943 3249 σαφής
965 3178 1112 3232 ἐστιν
1139 3174 1232 3230 καὶ
1253 3174 1487 3247 ἐναργὴς
1513 3177 1540 3229 ὁ
1561 3174 1718 3245 λόγος
1740 3192 1756 3208 ο
1789 3190 1886 3226 πε-

305 3272 526 3343 ποίηται
559 3271 669 3343 γὰρ
699 3270 983 3342 εὐτέχνως.

374 3445 540 3501 ΚΥΡ.
580 3445 652 3498 Ἤ
672 3445 780 3515 γὰρ
800 3445 918 3516 οὐχ).
951 3445 1052 3500 κᾶν
1074 3446 1234 3510 αὐτὸς
1255 3447 1531 3509 ἐνδοιάσας
1552 3445 1722 3509 οὐδὲν,
1750 3445 1885 3515 ἔφης

301 3538 376 3599 ὡς
404 3536 522 3590 ἔστι
553 3536 792 3606 Χριστὸς
824 3539 856 3606 ή
887 3537 1102 3590 πάντων
1138 3536 1250 3607 ζωὴ
1283 3539 1374 3591 καὶ⁸
1405 3537 1705 3606 λύτρωσις;

379 3628 583 3681 ΠΑΛΛ.
612 3628 780 3698 Φαίην
808 3627 896 3692 ἂν,
925 3629 1149 3681 τσθιτοι.
1174 3630 1358 3700 Φρονῶ
1385 3630 1493 3702 γὰρ
1519 3630 1635 3683 ὡδί.

372 3721 540 3774 ΚΥΡ.
579 3717 674 3784 Εἷς
707 3721 816 3789 γὰρ
861 3719 1002 3790 ὑπὲρ
1043 3721 1260 3774 πάντων
1310 3721 1580 3775 ἀπέθανεν
1610 3723 1636 3774 ὁ
1668 3722 1882 3775 πάντων

301 3811 553 3874 ἀντάξιος
572 3827 585 3841 ο
610 3810 704 3863 καὶ
722 3808 820 3880 τὴν
847 3809 982 3862 ἰδίαν
1005 3808 1184 3877 ψυχὴν
1233 3809 1588 3879 ἀντάλλαγμα
1608 3813 1706 3880 τῆς
1727 3811 1883 3880 ἡμῶν

301 3902 615 3970 ἐποιήσατο,
641 3899 739 3969 τὴν
766 3897 860 3952 τοῦ
893 3897 1138 3952 διαϐόλου
1167 3898 1496 3969 δυστροπίαν
1531 3901 1879 3965 ἐκδυσωπῶν,

303 3994 392 4046 καε
430 3990 597 4045 οἱονεί
639 4009 753 4054 πως
804 3990 957 4053 ῑστάς
995 3989 1095 4059 τῆς
1146 3990 1266 4043 καθ’
1314 3990 1470 4058 ἡμῶν
1514 3988 1882 4062 τυραννούσης

303 4084 576 4155 ἁμαρτίας
597 4083 700 4163 τὴν
738 4083 1100 4154 κατάῤῥησιν,
1131 4082 1224 4136 καὶ
1251 4081 1348 4153 τὴν
1379 4082 1470 4134 ἐπὶ
1493 4084 1603 4146 τοῖς
1627 4083 1880 4137 ἁπάντων

301 4176 639 4246 ἐγκλήμασιν
667 4171 1123 4244 ἀθυρογλωττίαν.
1147 4235 1156 4244 ν

367 4348 577 4402 ΠΑΛΛ.
619 4346 754 4398 Τίνα
787 4346 893 4414 φῂς
917 4345 1141 4414 τρόπον;

1996 799 2166 852 sancti
2209 814 2428 869 quoque
2466 799 2724 868 discipuli
2772 807 2920 853 sunt.
2973 799 3096 853 Alia
3143 800 3310 854 etiam
3363 801 3576 856 ratione

1994 889 2200 945 vitulus
2241 891 2505 945 triturans
2538 900 2624 945 est
2657 890 2942 945 Christus:
2977 907 3078 961 per
3117 893 3297 961 ipsum
3338 909 3578 964 namque
3679 964 3696 974 _

1993 981 2246 1050 purgatio
2276 979 2356 1044 ﬁt,
2387 988 2444 1034 et
2493 995 3029 1050 supervacaneorum
3059 997 3289 1052 operum
3311 1024 3325 1048 ,
3372 985 3576 1038 distra-

1993 1072 2258 1134 ctionum,
2308 1072 2550 1142 inquam,
2605 1081 2661 1127 et
2704 1073 3110 1129 mundanorum
3161 1076 3578 1147 carnaliumque

1992 1175 2252 1215 sensuum
2277 1160 2572 1231 depositio,
2597 1178 2719 1232 qua:
2743 1172 2873 1217 sunt
2899 1173 2962 1219 ut
2980 1165 3149 1234 paleae
3171 1181 3391 1236 quoque
3420 1167 3576 1222 ﬂam-

1992 1267 2204 1306 marum
2226 1253 2505 1308 alimenta.
2526 1255 2772 1309 Excitato
2796 1265 2981 1310 autem
3019 1257 3205 1322 altari,
3238 1272 3404 1328 super
3429 1259 3576 1328 quod

1993 1357 2049 1403 et
2100 1349 2326 1419 paciﬁca
2359 1349 2605 1414 victima,
2636 1359 2694 1406 et
2739 1351 3125 1406 holocaustum
3175 1353 3574 1422 imponeretur,

1992 1441 2266 1496 sublatum
2289 1449 2375 1495 est
2399 1457 2644 1511 praesens
2679 1442 2811 1496 illud
2838 1444 3040 1497 malum
3071 1461 3084 1496 :
3116 1444 3274 1514 100
3297 1446 3580 1502 exaudivit

1991 1546 2229 1600 namque
2271 1531 2536 1586 Dominus
2563 1538 2784 1596 terram,
2809 1540 2865 1585 et
2888 1532 3131 1587 cohibita
3153 1540 3236 1587 est
3257 1535 3578 1590 ruina.Nam

1989 1629 2343 1692 posteaquam
2367 1623 2607 1693 seipsum
2635 1639 2736 1694 pro
2756 1623 2920 1679 nobis
2943 1623 3273 1679 sacriﬁcavit
3301 1624 3575 1692 Christus,

1991 1713 2191 1767 abolita
2217 1729 2368 1768 mors
2396 1723 2502 1778 est,
2531 1715 2780 1770 sublatus
2803 1715 3082 1776 interitus,
3117 1729 3243 1769 cum
3281 1715 3427 1771 Deus
3455 1733 3576 1772 om-

1992 1806 2247 1875 nipotens
2273 1815 2496 1876 paratas
2523 1807 2636 1876 jam
2671 1806 3080 1876 quodammodo
3111 1808 3366 1862 omnium
3398 1809 3577 1864 homiu

1993 1911 2124 1950 num
2147 1896 2411 1965 precibus
2428 1911 2590 1950 aures
2615 1896 2858 1966 praebeat
2882 1915 2894 1949 :
2922 1914 2941 1946 ι
2967 1896 3149 1951 adhuc
3170 1904 3222 1952 te
3239 1897 3522 1968 loquente,
3549 1919 3567 1950 ι

1993 1989 2193 2058 inquit,
2221 2006 2238 2038 ι
2267 1988 2468 2052 dicam,
2496 1987 2639 2054 Quid
2663 1995 2749 2043 est
2772 1987 2866 2041 "?
2901 2005 2919 2039 ι
2949 1987 3107 2055 Quod
3142 1996 3326 2043 autem
3365 1989 3575 2046 dictum

1991 2087 2095 2140 est,
2152 2078 2327 2132 altare
2377 2093 2606 2148 parvum
2652 2077 2877 2148 quidem
2921 2077 2990 2132 ab
3033 2078 3194 2133 initio
3230 2079 3433 2144 fuisse,
3476 2081 3572 2135 sed

1993 2176 2212 2222 auctum
2241 2184 2362 2222 esse
2400 2177 2610 2237 postea,
2648 2168 2892 2222 futuram
2917 2169 3034 2223 suis
3071 2169 3417 2238 temporibus
3442 2185 3572 2239 pro-

1993 2258 2332 2329 gressionem
2369 2258 2672 2328 Evangelii,
2731 2267 2787 2313 et
2835 2267 3146 2314 sanctarum
3201 2261 3574 2316 Ecclesiarum

1992 2350 2062 2403 ab
2108 2349 2266 2402 initio
2303 2349 2602 2418 angustias,
2651 2349 2967 2404 earumdem
3027 2353 3387 2421 consequenti
3435 2361 3576 2407 tem-

1991 2456 2126 2510 pore
2150 2441 2570 2511 amplitudinem
2598 2442 2889 2511 signiﬁcat.
2917 2442 3228 2497 Dilatantur
3254 2445 3402 2498 enim
3437 2461 3575 2514 quo-

1992 2534 2288 2590 dammodo
2307 2536 2361 2590 in
2384 2537 2502 2592 dies
2531 2537 2744 2602 altaria,
2769 2553 2894 2592 cum
2925 2553 3146 2608 semper
3175 2538 3297 2593 aliae
3315 2539 3578 2596 Ecclesia:
3639 2575 3641 2577 -

1990 2625 2268 2694 prioribus
2316 2626 2671 2696 adjiciuntur,
2722 2634 2887 2697 atque
2923 2629 2979 2682 in
3011 2629 3334 2684 immensam
3383 2631 3577 2684 multi-

1989 2715 2237 2768 tudinem
2286 2725 2616 2770 excrescunt
2641 2717 2861 2786 populi,
2901 2718 2995 2787 qui
3037 2734 3136 2788 pcr
3163 2717 3370 2774 Christi
3403 2721 3575 2775 sacri-

1989 2807 2174 2862 ﬁcium
2206 2807 2475 2878 redempti
2504 2818 2652 2872 sunt,
2675 2809 2985 2879 quibusque
3015 2808 3107 2864 ille
3145 2810 3291 2865 idem
3318 2811 3576 2868 sacerdos

1987 2905 2072 2952 est
2102 2905 2158 2953 et
2186 2897 2368 2952 hostia
2409 2907 2615 2963 sancta,
2639 2907 2695 2953 et
2719 2899 2991 2954 odorifera
3024 2915 3285 2971 purgans,
3306 2910 3364 2956 et
3397 2905 3469 2968 ut
3493 2901 3576 2956 οἰ-

1989 2998 2103 3046 tare
2134 2990 2504 3056 sanctiﬁcans,
2541 2999 2592 3046 el
2625 2992 2779 3060 ut,in
2819 3007 2959 3046 areae
2983 2993 3165 3061 specie
3191 2992 3450 3049 Ecclesia:
3473 2994 3575 3049 do-

1989 3083 2190 3138 minus.
2984 3060 2992 3078 ’

2059 3175 2257 3230 PALL.
2285 3172 2566 3228 Manifesta
2602 3187 2732 3227 sane
2755 3183 2812 3227 et
2845 3172 3075 3228 evidens
3115 3175 3416 3243 expositio:
3445 3190 3574 3230 nam

1989 3265 2283 3320 artiﬁciose
2333 3263 2634 3333 composita
2661 3269 2763 3316 est.

2057 3355 2215 3410 CYR.
2247 3353 2392 3420 Quid
2443 3353 2613 3416 enim,
2650 3366 2834 3406 nonne
2882 3359 2942 3405 tu
3009 3351 3127 3422 ipse
3173 3367 3394 3423 quoque
3432 3353 3572 3408 nihil

1988 3453 2278 3513 cunctatus
2313 3444 2646 3498 conﬁtebere
2663 3443 2942 3497 Christum
2974 3458 3095 3498 esse
3131 3445 3377 3499 omnium
3399 3445 3570 3500 vitam

1987 3545 2152 3606 atque
2187 3534 2662 3604 redemptionem?

2047 3627 2245 3683 PALL.
2277 3627 2473 3680 Fateor
2505 3625 2801 3694 equidem;
2831 3625 2912 3680 sic
2935 3624 3083 3679 enim
3112 3626 3313 3680 sentio.

2054 3719 2211 3774 ΟΥΕ.
2250 3718 2404 3774 Unus
2429 3719 2576 3772 enim
2617 3733 2719 3788 pro
2751 3717 3010 3771 omnibus
3045 3726 3298 3773 mortuus
3334 3727 3439 3784 est,
3471 3718 3564 3789 qui

1983 3826 2086 3881 pro
2102 3809 2377 3864 universis
2396 3811 2604 3880 justum
2631 3809 2869 3877 pretium
2895 3814 3038 3873 erat;
3067 3808 3380 3862 etanimam
3411 3824 3565 3862 suam

1983 3901 2444 3972 permutationem
2471 3917 2572 3971 pro
2594 3909 2781 3955 nostra
2804 3901 2958 3955 dedit
2983 3919 2994 3953 :
3021 3916 3131 3971 quo
3162 3899 3329 3965 facto,
3359 3899 3564 3956 diaboli

1982 3994 2399 4064 perversitatem
2421 3993 2782 4063 compescuit,
2804 4009 2867 4048 ac
2887 3993 3052 4048 modo
3075 3993 3312 4063 quodam
3326 3994 3562 4063 peccati,

1981 4090 2130 4160 quod
2169 4089 2331 4144 nobis
2365 4088 2776 4152 dominabatur,
2823 4087 3290 4151 criminationem,
3319 4096 3373 4141 et
3415 4089 3564 4141 illam

1981 4181 2039 4234 in
2088 4180 2337 4234 omnium
2373 4179 2661 4233 hominum
2697 4177 2875 4247 culpis
2929 4177 3256 4232 accusandis
3296 4177 3562 4230 eil‘renem

1979 4269 2219 4340 linguam
2252 4271 2521 4326 cohibuit.

2051 4362 2249 4416 PALL.
2284 4360 2612 4444 Quomodo?

368 4438 536 4492 ΚΥΡ.
593 4435 814 4504 Ἐπειδὴ
859 4435 967 4506 γὰρ
1006 4435 1371 4504 βεϐασίλευκεξ
1387 4435 1494 4488 τῶν
1533 4437 1624 4489 ἐπὶ
1651 4437 1750 4507 τῆς
1777 4439 1877 4508 γῆς

2051 4452 2207 4507 CYR.
2249 4439 2406 4516 Nam,
2437 4467 2502 4506 ex
2526 4467 2635 4520 quo
2658 4449 2908 4518 regnavit
2933 4455 3220 4518 peccatum
3251 4464 3416 4518 super
3446 4465 3560 4505 οω-

301 4529 624 4600 ἡάμαρτία,
671 4527 805 4580 πολὺ
848 4527 1265 4581 διανενευκότων
1311 4527 1404 4578 ἐπὶ
1447 4529 1515 4581 τὰ
1556 4530 1767 4600 πονηρὰ
1812 4533 1876 4585 ἐκ

299 4621 567 4690 νεότητος,
601 4617 744 4671 καθὰ
770 4617 1101 4688 γέγραπται,
1130 4618 1224 4670 καὶ
1248 4617 1521 4687 ἐπιμελῶς
1550 4620 1876 4692 ἐγκειμένης

297 4714 391 4784 τῆς
447 4712 706 4767 ἀπάντων
749 4711 975 4782 καρδίας
1014 4710 1107 4763 ἐπὶ
1133 4710 1194 4762 τὸ
1227 4709 1422 4780 χρῆναι
1454 4711 1548 4763 καὶ
1589 4713 1874 4782 βούλεσθαι

297 4805 594 4876 κατορθοῦν
643 4805 804 4869 αὐτὰ,
847 4803 1218 4874 πεπτώκαμεν
1269 4803 1579 4872 ἀναγκαίως
1630 4807 1725 4859 καὶ
1770 4809 1875 4861 ὑπὸ

295 4899 527 4952 θανάτου
575 4897 750 4966 δίκην.
797 4897 982 4967 Νόμου
1034 4897 1144 4965 γὰρ
1191 4895 1334 4950 θείου
1390 4897 1724 4968 παράϐασις,
1777 4902 1872 4954 καὶ

294 4989 614 5059 θελημάτων
653 4988 908 5058 ἀθέτησις
941 4987 1048 5040 τῶν
1076 4988 1443 5053 Δεσποτικῶν,
1482 4990 1710 5045 θάνατον
1758 4991 1871 5064 ἔχει

291 5082 389 5152 τὴν
429 5081 608 5151 δίκην.
650 5080 1117 5151 Κατειρθαρμένην
1152 5080 1207 5132 δὲ
1255 5080 1397 5134 οὕτω
1440 5081 1538 5153 τὴν
1581 5084 1867 5154 ἀνθρώπου

293 5172 473 5240 φύσιν,
516 5171 817 5242 ὲπῴκτειρε
851 5171 946 5240 μὲν
977 5174 1004 5223 ὁ
1039 5171 1397 5242 Δημιουργὸς,
1443 5173 1634 5242 γέγονε
1672 5176 1730 5229 δὲ
1770 5177 1869 5231 ἄν-

292 5264 507 5333 θρωπος
536 5265 907 5333 ὀΜονογενὴς,
940 5265 1034 5316 καὶ
1061 5263 1140 5332 τῷ
1165 5263 1378 5334 θανάτῳ
1410 5267 1655 5333 φυσικῶς
1685 5269 1868 5339 ἐνεχό-

295 5371 453 5423 μενον
486 5354 764 5425 πεφόρηκε
807 5353 988 5424 σῶμα,
1028 5354 1120 5406 καὶ
1158 5356 1530 5425 κεχρημάτικε
1571 5358 1728 5428 σὰρξ,
1781 5363 1867 5416 ἵνα

293 5444 431 5515 ὑπὲρ
474 5445 633 5515 ἡμῶν
669 5444 905 5508 ἀνατλὰς
940 5444 1038 5501 ,τὸν
1068 5444 1126 5510 ἐξ
1158 5445 1428 5515 ἁμαρτίας
1462 5449 1592 5518 ἡμῖν
1624 5451 1866 5523 ὲπαρτη-

294 5533 452 5588 θέντα
486 5535 732 5603 θάνατον,
757 5537 1079 5608 καταργήσῃ
1113 5535 1208 5608 τὴν
1239 5538 1532 5608 ἁμαρτίαν,
1561 5542 1654 5594 καὶ
1683 5544 1866 5620 παύσῃ

370 5735 418 5768 ’⁸
447 5733 615 5791 lCor.
643 5753 714 5803 ιι,
743 5738 796 5804 9,
839 5739 921 5794 lO.
1005 5745 1046 5776 "
1086 5745 1345 5810 lsai.l.xv,
1369 5746 1417 5801 l.
1491 5750 1533 5780 "
1558 5751 1758 5808 Cenes.
1782 5771 1856 5822 vi,
1879 5757 1932 5810 5.

1983 4556 2080 4596 nes
2133 4542 2228 4610 qui
2266 4542 2324 4594 in
2365 4541 2529 4595 terris
2577 4546 2899 4603 versantur,
2941 4554 3067 4592 cum
3121 4538 3357 4592 maxime
3398 4541 3558 4610 proni

1980 4633 2093 4686 sint
2129 4631 2197 4686 ad
2235 4631 2376 4686 mala
2424 4631 2493 4686 ab
2530 4630 2898 4686 adolescentia
2925 4631 2992 4696 ’⁷,
3034 4639 3096 4684 ut
3146 4631 3412 4701 scriptum
3451 4642 3554 4698 est,

1979 4733 2034 4779 et
2087 4725 2335 4780 omnium
2377 4724 2549 4780 corda
2592 4723 2883 4794 diligenter
2921 4722 3242 4778 incumbant
3285 4723 3354 4778 ad
3393 4722 3558 4795 perli-

1978 4815 2159 4870 ciendi
2180 4816 2539 4880 voluntatem,
2561 4814 2874 4869 necessario
2899 4814 3092 4868 mortis
3117 4829 3334 4884 poenam
3366 4814 3557 4868 incur-

1981 4907 2172 4961 rimus.
2210 4908 2369 4976 Legis
2394 4921 2630 4976 namque
2663 4905 2860 4960 divinae
2888 4905 3194 4971 violationi,
3226 4887 3555 4961 Dominiczc-

1979 5014 2085 5068 que
2110 4999 2408 5052 voluntatis
2430 4998 2766 5068 contemptui
2789 5013 2948 5066 pinna
2970 4997 3265 5053 constituta
3279 5008 3365 5052 est
3385 5013 3552 5052 mors.

1980 5089 2086 5144 Sed
2111 5099 2419 5160 corruptam
2451 5091 2686 5145 hominis
2718 5100 2966 5145 naturam
2990 5100 3179 5146 auctor
3213 5090 3325 5160 ipse
3357 5091 3554 5144 miser-

1981 5190 2066 5235 tus
2093 5192 2204 5248 est;
2236 5182 2416 5252 itaque
2447 5183 2536 5238 ille
2554 5183 2879 5255 Unigenitus
2904 5183 3080 5238 factus
3112 5191 3196 5236 est
3224 5182 3409 5248 homo,
3435 5198 3557 5236 cor-

1970 5289 2179 5342 pusque
2222 5284 2416 5329 natura
2468 5277 2630 5330 morti
2679 5276 2976 5330 obnoxium
3029 5273 3280 5344 gestavit,
3317 5280 3374 5327 et
3425 5289 3552 5328 caro

1967 5364 2144 5421 factus
2167 5376 2268 5432 est,
2298 5377 2357 5422 ut
2389 5375 2564 5422 morte
2597 5369 2844 5431 tolerata,
2869 5382 2989 5435 qua:
3021 5366 3225 5436 peccati
3257 5365 3414 5436 culpa
3447 5381 3552 5423 n0-

1970 5457 2053 5512 bis
2075 5459 2184 5528 jam
2216 5460 2557 5525 imminebat,
2585 5461 2893 5514 destrueret
2913 5468 3216 5529 peccatum,
3241 5475 3303 5514 ac
3327 5458 3550 5514 demum

1970 5550 2180 5608 Satanm
2213 5555 2692 5610 criminationibus
2731 5554 2895 5610 ﬁnem
2948 5555 3251 5626 imponeret
3289 5573 3300 5607 :
3347 5555 3549 5625 quippe
