  <div class='ocr_page' id='page_1' title='image "/cluster/home/n/w/nwhite01/storage/ocr_20150623/68/mdp.39015078384438/155.png"; bbox 0 0 4082 6304; ppageno 0'>
   <div class='ocr_carea' id='block_1_1' title="bbox 526 259 635 315">
    <p class='ocr_par' dir='ltr' id='par_1_1' title="bbox 526 259 635 315">
     <span class='ocr_line' id='line_1_1' title="bbox 526 259 635 315; baseline 0 -1"><span class='ocrx_word' id='word_1_1' title='bbox 526 259 635 315; x_wconf 64' lang='grc'><strong>205</strong></span> 
     </span>
    </p>
   </div>
   <div class='ocr_carea' id='block_1_2' title="bbox 1514 248 2753 306">
    <p class='ocr_par' dir='ltr' id='par_1_2' title="bbox 1514 248 2753 306">
     <span class='ocr_line' id='line_1_2' title="bbox 1514 248 2753 306; baseline -0.001 -1"><span class='ocrx_word' id='word_1_2' title='bbox 1514 248 1569 305; x_wconf 88' lang='lat' dir='ltr'><strong>S.</strong></span> <span class='ocrx_word' id='word_1_3' title='bbox 1612 249 1891 306; x_wconf 78' lang='lat' dir='ltr'><strong>CYRILLI</strong></span> <span class='ocrx_word' id='word_1_4' title='bbox 1930 248 2402 305; x_wconf 78' lang='lat' dir='ltr'><strong>ALEXANDRINI</strong></span> <span class='ocrx_word' id='word_1_5' title='bbox 2439 249 2753 306; x_wconf 74' lang='lat' dir='ltr'><strong>ARCIHEP.</strong></span> 
     </span>
    </p>
   </div>
   <div class='ocr_carea' id='block_1_3' title="bbox 3727 240 3824 298">
    <p class='ocr_par' dir='ltr' id='par_1_3' title="bbox 3727 240 3824 298">
     <span class='ocr_line' id='line_1_3' title="bbox 3727 240 3824 298; baseline 0.031 -3"><span class='ocrx_word' id='word_1_6' title='bbox 3727 240 3824 298; x_wconf 65' lang='lat'><strong>295</strong></span> 
     </span>
    </p>
   </div>
   <div class='ocr_carea' id='block_1_4' title="bbox 537 354 2138 436">
    <p class='ocr_par' dir='ltr' id='par_1_4' title="bbox 537 365 2114 436">
     <span class='ocr_line' id='line_1_4' title="bbox 537 365 2114 436; baseline -0.003 -11"><span class='ocrx_word' id='word_1_7' title='bbox 537 383 661 425; x_wconf 82' lang='lat' dir='ltr'><strong>cum</strong></span> <span class='ocrx_word' id='word_1_8' title='bbox 684 367 740 423; x_wconf 86' lang='lat' dir='ltr'><strong>in</strong></span> <span class='ocrx_word' id='word_1_9' title='bbox 767 367 886 436; x_wconf 91' lang='lat' dir='ltr'><strong>ipso</strong></span> <span class='ocrx_word' id='word_1_10' title='bbox 909 365 1148 429; x_wconf 76' lang='lat' dir='ltr'><strong>Christo,</strong></span> <span class='ocrx_word' id='word_1_11' title='bbox 1171 374 1539 435; x_wconf 74' lang='lat' dir='ltr'><strong>peccatorum,</strong></span> <span class='ocrx_word' id='word_1_12' title='bbox 1571 366 1639 420; x_wconf 91' lang='lat' dir='ltr'><strong>de</strong></span> <span class='ocrx_word' id='word_1_13' title='bbox 1669 366 1872 436; x_wconf 86' lang='lat' dir='ltr'><strong>quibus</strong></span> <span class='ocrx_word' id='word_1_14' title='bbox 1893 380 2114 421; x_wconf 88' lang='lat' dir='ltr'><strong>accusa-</strong></span> 
     </span>
    </p>
   </div>
   <div class='ocr_carea' id='block_1_5' title="bbox 2242 354 3827 436">
    <p class='ocr_par' dir='ltr' id='par_1_5' title="bbox 2242 354 3827 434">
     <span class='ocr_line' id='line_1_5' title="bbox 2242 354 3827 434; baseline -0.008 -14"><span class='ocrx_word' id='word_1_15' title='bbox 2242 367 2398 420; x_wconf 73' lang='lat' dir='ltr'><strong>ombv</strong></span> <span class='ocrx_word' id='word_1_16' title='bbox 2420 364 2752 434; x_wconf 74' lang='grc' dir='ltr'><strong>ἐγκαλοῦντα</strong></span> <span class='ocrx_word' id='word_1_17' title='bbox 2772 364 2862 417; x_wconf 75' lang='grc' dir='ltr'><strong>τὸν</strong></span> <span class='ocrx_word' id='word_1_18' title='bbox 2884 363 3147 424; x_wconf 74' lang='grc' dir='ltr'>Σατανᾶν,</span> <span class='ocrx_word' id='word_1_19' title='bbox 3166 363 3253 424; x_wconf 82' lang='grc' dir='ltr'>ὡς</span> <span class='ocrx_word' id='word_1_20' title='bbox 3278 354 3661 412; x_wconf 84' lang='grc' dir='ltr'>ὲκτετικότων</span> <span class='ocrx_word' id='word_1_21' title='bbox 3678 358 3827 430; x_wconf 79' lang='grc' dir='ltr'>ήμῶν</span> 
     </span>
    </p>
   </div>
   <div class='ocr_carea' id='block_1_6' title="bbox 534 455 2116 527">
    <p class='ocr_par' dir='ltr' id='par_1_6' title="bbox 534 455 2116 527">
     <span class='ocr_line' id='line_1_6' title="bbox 534 455 2116 527; baseline -0.002 -13"><span class='ocrx_word' id='word_1_22' title='bbox 534 458 739 522; x_wconf 81' lang='lat' dir='ltr'><strong>bimur,</strong></span> <span class='ocrx_word' id='word_1_23' title='bbox 779 470 969 526; x_wconf 65' lang='lat' dir='ltr'><strong>poenas</strong></span> <span class='ocrx_word' id='word_1_24' title='bbox 996 455 1424 523; x_wconf 86' lang='lat' dir='ltr'><strong>exsolverimus;</strong></span> <span class='ocrx_word' id='word_1_25' title='bbox 1462 476 1481 508; x_wconf 73' lang='grc' dir='ltr'><strong>ι</strong></span> <span class='ocrx_word' id='word_1_26' title='bbox 1526 457 1668 512; x_wconf 92' lang='lat' dir='ltr'><strong>tollit</strong></span> <span class='ocrx_word' id='word_1_27' title='bbox 1708 458 1856 512; x_wconf 90' lang='lat' dir='ltr'><strong>enim</strong></span> <span class='ocrx_word' id='word_1_28' title='bbox 1896 464 2116 527; x_wconf 89' lang='lat' dir='ltr'><strong>peccata</strong></span> 
     </span>
    </p>
   </div>
   <div class='ocr_carea' id='block_1_7' title="bbox 536 546 2116 620">
    <p class='ocr_par' dir='ltr' id='par_1_7' title="bbox 536 546 2116 620">
     <span class='ocr_line' id='line_1_7' title="bbox 536 546 2116 620; baseline -0.001 -16"><span class='ocrx_word' id='word_1_29' title='bbox 536 558 744 613; x_wconf 88' lang='lat' dir='ltr'><strong>nostra,</strong></span> <span class='ocrx_word' id='word_1_30' title='bbox 769 554 827 601; x_wconf 89' lang='lat' dir='ltr'><strong>et</strong></span> <span class='ocrx_word' id='word_1_31' title='bbox 870 562 970 617; x_wconf 93' lang='lat' dir='ltr'><strong>pro</strong></span> <span class='ocrx_word' id='word_1_32' title='bbox 1011 546 1173 603; x_wconf 87' lang='lat' dir='ltr'><strong>nobis</strong></span> <span class='ocrx_word' id='word_1_33' title='bbox 1214 547 1424 603; x_wconf 73' lang='lat' dir='ltr'><strong>dolet“</strong></span> <span class='ocrx_word' id='word_1_34' title='bbox 1450 567 1469 600; x_wconf 72' lang='grc' dir='ltr'><strong>ι</strong></span> <span class='ocrx_word' id='word_1_35' title='bbox 1513 549 1666 620; x_wconf 90' lang='lat' dir='ltr'><strong>juxta</strong></span> <span class='ocrx_word' id='word_1_36' title='bbox 1702 549 1983 619; x_wconf 60' lang='lat' dir='ltr'><strong>pr0phetae</strong></span> <span class='ocrx_word' id='word_1_37' title='bbox 2016 564 2116 603; x_wconf 87' lang='lat' dir='ltr'><strong>vo-</strong></span> 
     </span>
    </p>
   </div>
   <div class='ocr_carea' id='block_1_8' title="bbox 537 637 2119 711">
    <p class='ocr_par' dir='ltr' id='par_1_8' title="bbox 537 637 2119 711">
     <span class='ocr_line' id='line_1_8' title="bbox 537 637 2119 711; baseline -0.001 -15"><span class='ocrx_word' id='word_1_38' title='bbox 537 654 678 696; x_wconf 83' lang='lat' dir='ltr'><strong>cem.</strong></span> <span class='ocrx_word' id='word_1_39' title='bbox 695 637 850 707; x_wconf 78' lang='lat'><strong>101</strong></span> <span class='ocrx_word' id='word_1_40' title='bbox 869 638 951 693; x_wconf 80' lang='lat' dir='ltr'><strong>An</strong></span> <span class='ocrx_word' id='word_1_41' title='bbox 967 653 1076 693; x_wconf 90' lang='lat' dir='ltr'><strong>non</strong></span> <span class='ocrx_word' id='word_1_42' title='bbox 1096 639 1242 694; x_wconf 90' lang='lat' dir='ltr'><strong>enim</strong></span> <span class='ocrx_word' id='word_1_43' title='bbox 1262 654 1364 695; x_wconf 91' lang='lat' dir='ltr'><strong>nos</strong></span> <span class='ocrx_word' id='word_1_44' title='bbox 1381 639 1555 695; x_wconf 78' lang='lat' dir='ltr'><strong>livore</strong></span> <span class='ocrx_word' id='word_1_45' title='bbox 1569 640 1688 711; x_wconf 89' lang='lat' dir='ltr'><strong>ejus</strong></span> <span class='ocrx_word' id='word_1_46' title='bbox 1703 639 1878 697; x_wconf 89' lang='lat' dir='ltr'><strong>sanati</strong></span> <span class='ocrx_word' id='word_1_47' title='bbox 1895 639 2119 696; x_wconf 80' lang='lat' dir='ltr'><strong>sumus?</strong></span> 
     </span>
    </p>
   </div>
   <div class='ocr_carea' id='block_1_9' title="bbox 605 828 2121 900">
    <p class='ocr_par' dir='ltr' id='par_1_9' title="bbox 605 828 2121 900">
     <span class='ocr_line' id='line_1_9' title="bbox 605 828 2121 900; baseline -0.001 -14"><span class='ocrx_word' id='word_1_48' title='bbox 605 829 806 886; x_wconf 78' lang='lat' dir='ltr'><strong>PALL.</strong></span> <span class='ocrx_word' id='word_1_49' title='bbox 844 830 1047 885; x_wconf 79' lang='lat' dir='ltr'><strong>Verum</strong></span> <span class='ocrx_word' id='word_1_50' title='bbox 1089 828 1244 884; x_wconf 89' lang='lat' dir='ltr'><strong>dicis.</strong></span> <span class='ocrx_word' id='word_1_51' title='bbox 1285 848 1303 879; x_wconf 78' lang='grc' dir='ltr'><strong>ι</strong></span> <span class='ocrx_word' id='word_1_52' title='bbox 1337 830 1666 886; x_wconf 81' lang='lat' dir='ltr'><strong>Vulneratus</strong></span> <span class='ocrx_word' id='word_1_53' title='bbox 1696 838 1783 886; x_wconf 88' lang='lat' dir='ltr'><strong>est</strong></span> <span class='ocrx_word' id='word_1_54' title='bbox 1820 831 1966 886; x_wconf 90' lang='lat' dir='ltr'><strong>enim</strong></span> <span class='ocrx_word' id='word_1_55' title='bbox 1994 846 2121 900; x_wconf 89' lang='lat' dir='ltr'><strong>pro-</strong></span> 
     </span>
    </p>
   </div>
   <div class='ocr_carea' id='block_1_10' title="bbox 538 921 2120 995">
    <p class='ocr_par' dir='ltr' id='par_1_10' title="bbox 538 921 2120 995">
     <span class='ocr_line' id='line_1_10' title="bbox 538 921 2120 995; baseline -0.003 -17"><span class='ocrx_word' id='word_1_56' title='bbox 538 933 662 995; x_wconf 85' lang='lat' dir='ltr'><strong>pter</strong></span> <span class='ocrx_word' id='word_1_57' title='bbox 699 930 926 992; x_wconf 89' lang='lat' dir='ltr'><strong>peccata</strong></span> <span class='ocrx_word' id='word_1_58' title='bbox 972 929 1194 987; x_wconf 87' lang='lat' dir='ltr'><strong>nostra,</strong></span> <span class='ocrx_word' id='word_1_59' title='bbox 1235 930 1294 976; x_wconf 91' lang='lat' dir='ltr'><strong>et</strong></span> <span class='ocrx_word' id='word_1_60' title='bbox 1347 922 1453 976; x_wconf 80' lang='lat' dir='ltr'><strong>fuit</strong></span> <span class='ocrx_word' id='word_1_61' title='bbox 1505 922 1563 976; x_wconf 91' lang='lat' dir='ltr'><strong>in</strong></span> <span class='ocrx_word' id='word_1_62' title='bbox 1616 921 1909 977; x_wconf 84' lang='lat' dir='ltr'><strong>alllictione</strong></span> <span class='ocrx_word' id='word_1_63' title='bbox 1970 929 2027 976; x_wconf 91' lang='lat' dir='ltr'><strong>et</strong></span> <span class='ocrx_word' id='word_1_64' title='bbox 2063 921 2120 975; x_wconf 90' lang='lat' dir='ltr'><strong>in</strong></span> 
     </span>
    </p>
   </div>
   <div class='ocr_carea' id='block_1_11' title="bbox 541 1010 2009 1085">
    <p class='ocr_par' dir='ltr' id='par_1_11' title="bbox 541 1010 2009 1085">
     <span class='ocr_line' id='line_1_11' title="bbox 541 1010 2009 1085; baseline -0.004 -19"><span class='ocrx_word' id='word_1_65' title='bbox 541 1014 696 1082; x_wconf 79' lang='lat' dir='ltr'><strong>plaga</strong></span> <span class='ocrx_word' id='word_1_66' title='bbox 728 1010 794 1063; x_wconf 77' lang='grc'><strong>’⁸.</strong></span> <span class='ocrx_word' id='word_1_67' title='bbox 832 1030 851 1062; x_wconf 76' lang='grc' dir='ltr'><strong>ι</strong></span> <span class='ocrx_word' id='word_1_68' title='bbox 2006 1082 2009 1085; x_wconf 18' lang='grc' dir='ltr'><strong>γ</strong></span> 
     </span>
    </p>
   </div>
   <div class='ocr_carea' id='block_1_12' title="bbox 611 1101 2116 1173">
    <p class='ocr_par' dir='ltr' id='par_1_12' title="bbox 611 1101 2116 1173">
     <span class='ocr_line' id='line_1_12' title="bbox 611 1101 2116 1173; baseline -0.001 -16"><span class='ocrx_word' id='word_1_69' title='bbox 611 1102 770 1158; x_wconf 80' lang='lat' dir='ltr'><strong>CYR.</strong></span> <span class='ocrx_word' id='word_1_70' title='bbox 812 1101 1099 1157; x_wconf 90' lang='lat' dir='ltr'><strong>Sublatum</strong></span> <span class='ocrx_word' id='word_1_71' title='bbox 1148 1102 1315 1173; x_wconf 81' lang='lat' dir='ltr'><strong>igitur</strong></span> <span class='ocrx_word' id='word_1_72' title='bbox 1357 1111 1441 1157; x_wconf 91' lang='lat' dir='ltr'><strong>est</strong></span> <span class='ocrx_word' id='word_1_73' title='bbox 1480 1103 1549 1157; x_wconf 90' lang='lat' dir='ltr'><strong>de</strong></span> <span class='ocrx_word' id='word_1_74' title='bbox 1586 1102 1769 1157; x_wconf 91' lang='lat' dir='ltr'><strong>medio</strong></span> <span class='ocrx_word' id='word_1_75' title='bbox 1800 1110 2116 1172; x_wconf 91' lang='lat' dir='ltr'><strong>peccatum,</strong></span> 
     </span>
    </p>
   </div>
   <div class='ocr_carea' id='block_1_13' title="bbox 543 1178 2121 1264">
    <p class='ocr_par' dir='ltr' id='par_1_13' title="bbox 543 1178 2121 1264">
     <span class='ocr_line' id='line_1_13' title="bbox 543 1178 2121 1264; baseline -0.001 -15"><span class='ocrx_word' id='word_1_76' title='bbox 543 1178 898 1264; x_wconf 75' lang='lat' dir='ltr'><strong>posteaquam</strong></span> <span class='ocrx_word' id='word_1_77' title='bbox 931 1208 1033 1263; x_wconf 89' lang='lat' dir='ltr'><strong>pro</strong></span> <span class='ocrx_word' id='word_1_78' title='bbox 1064 1193 1227 1247; x_wconf 90' lang='lat' dir='ltr'><strong>nobis</strong></span> <span class='ocrx_word' id='word_1_79' title='bbox 1262 1209 1456 1263; x_wconf 90' lang='lat' dir='ltr'><strong>passus</strong></span> <span class='ocrx_word' id='word_1_80' title='bbox 1502 1203 1588 1249; x_wconf 89' lang='lat' dir='ltr'><strong>est</strong></span> <span class='ocrx_word' id='word_1_81' title='bbox 1629 1192 1901 1257; x_wconf 85' lang='lat' dir='ltr'><strong>Christus,</strong></span> <span class='ocrx_word' id='word_1_82' title='bbox 1943 1207 2121 1263; x_wconf 85' lang='lat' dir='ltr'><strong>neque</strong></span> 
     </span>
    </p>
   </div>
   <div class='ocr_carea' id='block_1_14' title="bbox 547 1282 2123 1354">
    <p class='ocr_par' dir='ltr' id='par_1_14' title="bbox 547 1282 2123 1354">
     <span class='ocr_line' id='line_1_14' title="bbox 547 1282 2123 1354; baseline -0.002 -15"><span class='ocrx_word' id='word_1_83' title='bbox 547 1284 811 1354; x_wconf 82' lang='lat' dir='ltr'><strong>posthac,</strong></span> <span class='ocrx_word' id='word_1_84' title='bbox 849 1284 1066 1354; x_wconf 85' lang='lat' dir='ltr'><strong>opinor,</strong></span> <span class='ocrx_word' id='word_1_85' title='bbox 1114 1284 1384 1338; x_wconf 89' lang='lat' dir='ltr'><strong>violenter</strong></span> <span class='ocrx_word' id='word_1_86' title='bbox 1423 1283 1686 1347; x_wconf 84' lang='lat' dir='ltr'><strong>adversus</strong></span> <span class='ocrx_word' id='word_1_87' title='bbox 1740 1298 1837 1337; x_wconf 91' lang='lat' dir='ltr'><strong>eos</strong></span> <span class='ocrx_word' id='word_1_88' title='bbox 1887 1282 1983 1352; x_wconf 91' lang='lat' dir='ltr'><strong>qui</strong></span> <span class='ocrx_word' id='word_1_89' title='bbox 2023 1298 2123 1353; x_wconf 90' lang='lat' dir='ltr'><strong>per</strong></span> 
     </span>
    </p>
   </div>
   <div class='ocr_carea' id='block_1_15' title="bbox 488 1372 2123 1442">
    <p class='ocr_par' dir='ltr' id='par_1_15' title="bbox 488 1372 2123 1442">
     <span class='ocr_line' id='line_1_15' title="bbox 488 1372 2123 1442; baseline -0.002 -12"><span class='ocrx_word' id='word_1_90' title='bbox 488 1372 493 1377; x_wconf 79' lang='grc'><strong>’</strong></span> <span class='ocrx_word' id='word_1_91' title='bbox 544 1375 825 1430; x_wconf 89' lang='lat' dir='ltr'><strong>Christum</strong></span> <span class='ocrx_word' id='word_1_92' title='bbox 866 1373 1188 1429; x_wconf 86' lang='lat' dir='ltr'><strong>sanctiﬁcati</strong></span> <span class='ocrx_word' id='word_1_93' title='bbox 1243 1381 1404 1438; x_wconf 88' lang='lat' dir='ltr'><strong>sunt,</strong></span> <span class='ocrx_word' id='word_1_94' title='bbox 1450 1372 1847 1428; x_wconf 82' lang='lat' dir='ltr'><strong>vociferabitur</strong></span> <span class='ocrx_word' id='word_1_95' title='bbox 1893 1391 1905 1426; x_wconf 89' lang='lat'><strong>:</strong></span> <span class='ocrx_word' id='word_1_96' title='bbox 1957 1372 2123 1442; x_wconf 90' lang='lat' dir='ltr'><strong>idque</strong></span> 
     </span>
    </p>
   </div>
   <div class='ocr_carea' id='block_1_16' title="bbox 546 1463 2125 1535">
    <p class='ocr_par' dir='ltr' id='par_1_16' title="bbox 546 1463 2125 1535">
     <span class='ocr_line' id='line_1_16' title="bbox 546 1463 2125 1535; baseline -0.001 -15"><span class='ocrx_word' id='word_1_97' title='bbox 546 1464 897 1535; x_wconf 89' lang='lat' dir='ltr'><strong>perspicuum</strong></span> <span class='ocrx_word' id='word_1_98' title='bbox 942 1463 1103 1518; x_wconf 89' lang='lat' dir='ltr'><strong>nobis</strong></span> <span class='ocrx_word' id='word_1_99' title='bbox 1133 1463 1297 1519; x_wconf 82' lang='lat' dir='ltr'><strong>faciet</strong></span> <span class='ocrx_word' id='word_1_100' title='bbox 1338 1465 1606 1534; x_wconf 84' lang='lat' dir='ltr'><strong>prOpheta</strong></span> <span class='ocrx_word' id='word_1_101' title='bbox 1647 1465 1937 1520; x_wconf 85' lang='lat' dir='ltr'><strong>Zacharias</strong></span> <span class='ocrx_word' id='word_1_102' title='bbox 1973 1465 2125 1520; x_wconf 89' lang='lat' dir='ltr'><strong>velut</strong></span> 
     </span>
    </p>
   </div>
   <div class='ocr_carea' id='block_1_17' title="bbox 546 1551 2123 1637">
    <p class='ocr_par' dir='ltr' id='par_1_17' title="bbox 546 1551 2123 1637">
     <span class='ocr_line' id='line_1_17' title="bbox 546 1551 2123 1637; baseline 0 -29"><span class='ocrx_word' id='word_1_103' title='bbox 546 1569 645 1625; x_wconf 89' lang='lat' dir='ltr'><strong>per</strong></span> <span class='ocrx_word' id='word_1_104' title='bbox 674 1553 943 1607; x_wconf 79' lang='lat' dir='ltr'><strong>visionem</strong></span> <span class='ocrx_word' id='word_1_105' title='bbox 971 1551 1192 1608; x_wconf 88' lang='lat' dir='ltr'><strong>dicens:</strong></span> <span class='ocrx_word' id='word_1_106' title='bbox 1228 1553 1773 1637; x_wconf 41' lang='lat' dir='ltr'><strong>«Etexivitangeluse</strong></span> <span class='ocrx_word' id='word_1_107' title='bbox 1808 1554 1902 1624; x_wconf 91' lang='lat' dir='ltr'><strong>qui</strong></span> <span class='ocrx_word' id='word_1_108' title='bbox 1929 1554 2123 1624; x_wconf 84' lang='lat' dir='ltr'><strong>loque-</strong></span> 
     </span>
    </p>
   </div>
   <div class='ocr_carea' id='block_1_18' title="bbox 548 1645 2119 1717">
    <p class='ocr_par' dir='ltr' id='par_1_18' title="bbox 548 1645 2119 1717">
     <span class='ocr_line' id='line_1_18' title="bbox 548 1645 2119 1717; baseline 0.001 -16"><span class='ocrx_word' id='word_1_109' title='bbox 548 1647 709 1702; x_wconf 87' lang='lat' dir='ltr'><strong>batur</strong></span> <span class='ocrx_word' id='word_1_110' title='bbox 746 1645 802 1701; x_wconf 89' lang='lat' dir='ltr'><strong>in</strong></span> <span class='ocrx_word' id='word_1_111' title='bbox 835 1660 944 1711; x_wconf 88' lang='lat' dir='ltr'><strong>me,</strong></span> <span class='ocrx_word' id='word_1_112' title='bbox 979 1654 1037 1701; x_wconf 91' lang='lat' dir='ltr'><strong>et</strong></span> <span class='ocrx_word' id='word_1_113' title='bbox 1062 1646 1201 1700; x_wconf 82' lang='lat' dir='ltr'><strong>dixit</strong></span> <span class='ocrx_word' id='word_1_114' title='bbox 1234 1646 1301 1701; x_wconf 89' lang='lat' dir='ltr'><strong>ad</strong></span> <span class='ocrx_word' id='word_1_115' title='bbox 1331 1662 1418 1701; x_wconf 88' lang='lat' dir='ltr'><strong>me</strong></span> <span class='ocrx_word' id='word_1_116' title='bbox 1461 1664 1473 1699; x_wconf 94' lang='lat'><strong>:</strong></span> <span class='ocrx_word' id='word_1_117' title='bbox 1521 1647 1751 1717; x_wconf 79' lang='lat' dir='ltr'><strong>Respice</strong></span> <span class='ocrx_word' id='word_1_118' title='bbox 1789 1647 1962 1702; x_wconf 91' lang='lat' dir='ltr'><strong>oculis</strong></span> <span class='ocrx_word' id='word_1_119' title='bbox 1988 1648 2119 1713; x_wconf 90' lang='lat' dir='ltr'><strong>tuis,</strong></span> 
     </span>
    </p>
   </div>
   <div class='ocr_carea' id='block_1_19' title="bbox 2221 448 3829 527">
    <p class='ocr_par' dir='ltr' id='par_1_19' title="bbox 2221 448 3829 527">
     <span class='ocr_line' id='line_1_19' title="bbox 2221 448 3829 527; baseline -0.004 -16"><span class='ocrx_word' id='word_1_120' title='bbox 2221 460 2280 511; x_wconf 81' lang='grc' dir='ltr'>ὲν</span> <span class='ocrx_word' id='word_1_121' title='bbox 2308 455 2456 523; x_wconf 84' lang='grc' dir='ltr'>αύτῷ</span> <span class='ocrx_word' id='word_1_122' title='bbox 2501 456 2581 527; x_wconf 85' lang='grc' dir='ltr'><strong>τῷ</strong></span> <span class='ocrx_word' id='word_1_123' title='bbox 2627 454 2847 526; x_wconf 84' lang='grc' dir='ltr'><strong>Χριστῷ</strong></span> <span class='ocrx_word' id='word_1_124' title='bbox 2882 454 2988 508; x_wconf 86' lang='grc' dir='ltr'><strong>τῶν</strong></span> <span class='ocrx_word' id='word_1_125' title='bbox 3016 453 3096 516; x_wconf 85' lang='grc' dir='ltr'><strong>είς</strong></span> <span class='ocrx_word' id='word_1_126' title='bbox 3134 449 3434 523; x_wconf 81' lang='grc' dir='ltr'><strong>ἁμαρτίαν</strong></span> <span class='ocrx_word' id='word_1_127' title='bbox 3486 448 3829 519; x_wconf 80' lang='grc' dir='ltr'>αἰτιαμάτων</span> 
     </span>
    </p>
   </div>
   <div class='ocr_carea' id='block_1_20' title="bbox 2222 542 3830 619">
    <p class='ocr_par' dir='ltr' id='par_1_20' title="bbox 2222 542 3830 619">
     <span class='ocr_line' id='line_1_20' title="bbox 2222 542 3830 619; baseline -0.003 -16"><span class='ocrx_word' id='word_1_128' title='bbox 2222 549 2323 613; x_wconf 86' lang='grc' dir='ltr'><strong>τὰς</strong></span> <span class='ocrx_word' id='word_1_129' title='bbox 2352 549 2506 612; x_wconf 81' lang='grc' dir='ltr'>δίκας</span> <span class='ocrx_word' id='word_1_130' title='bbox 2527 565 2540 579; x_wconf 91' lang='grc'><strong>·</strong></span> <span class='ocrx_word' id='word_1_131' title='bbox 2574 567 2592 601; x_wconf 77' lang='grc' dir='ltr'><strong>ι</strong></span> <span class='ocrx_word' id='word_1_132' title='bbox 2620 547 2765 619; x_wconf 75' lang='grc' dir='ltr'>αἴρει</span> <span class='ocrx_word' id='word_1_133' title='bbox 2785 546 2893 616; x_wconf 81' lang='grc' dir='ltr'><strong>γὰρ</strong></span> <span class='ocrx_word' id='word_1_134' title='bbox 2924 544 3081 616; x_wconf 76' lang='grc' dir='ltr'>ἡμῶν</span> <span class='ocrx_word' id='word_1_135' title='bbox 3100 545 3200 607; x_wconf 83' lang='grc' dir='ltr'>τὰς</span> <span class='ocrx_word' id='word_1_136' title='bbox 3228 542 3559 614; x_wconf 76' lang='grc' dir='ltr'>ἁμαρτίας,</span> <span class='ocrx_word' id='word_1_137' title='bbox 3587 542 3685 595; x_wconf 76' lang='grc' dir='ltr'><strong>καὶ</strong></span> <span class='ocrx_word' id='word_1_138' title='bbox 3708 544 3830 613; x_wconf 71' lang='grc' dir='ltr'>περὶ</span> 
     </span>
    </p>
   </div>
   <div class='ocr_carea' id='block_1_21' title="bbox 2224 636 3832 712">
    <p class='ocr_par' dir='ltr' id='par_1_21' title="bbox 2224 636 3832 712">
     <span class='ocr_line' id='line_1_21' title="bbox 2224 636 3832 712; baseline -0.002 -18"><span class='ocrx_word' id='word_1_139' title='bbox 2224 640 2380 712; x_wconf 82' lang='grc' dir='ltr'>ἡμῶν</span> <span class='ocrx_word' id='word_1_140' title='bbox 2411 641 2683 704; x_wconf 79' lang='grc' dir='ltr'>ὀδυνᾶται,</span> <span class='ocrx_word' id='word_1_141' title='bbox 2716 657 2734 691; x_wconf 73' lang='grc' dir='ltr'><strong>ι</strong></span> <span class='ocrx_word' id='word_1_142' title='bbox 2781 638 2920 692; x_wconf 83' lang='grc' dir='ltr'>κατὰ</span> <span class='ocrx_word' id='word_1_143' title='bbox 2953 637 3052 707; x_wconf 78' lang='grc' dir='ltr'>τὴν</span> <span class='ocrx_word' id='word_1_144' title='bbox 3071 636 3165 691; x_wconf 88' lang='grc' dir='ltr'><strong>τοῦ</strong></span> <span class='ocrx_word' id='word_1_145' title='bbox 3194 637 3509 709; x_wconf 82' lang='grc' dir='ltr'><strong>προφήτου</strong></span> <span class='ocrx_word' id='word_1_146' title='bbox 3533 636 3743 707; x_wconf 85' lang='grc' dir='ltr'>φωνήν.</span> <span class='ocrx_word' id='word_1_147' title='bbox 3764 637 3832 691; x_wconf 84' lang='grc' dir='ltr'><strong>Ἦ</strong></span> 
     </span>
    </p>
   </div>
   <div class='ocr_carea' id='block_1_22' title="bbox 2187 722 3427 797">
    <p class='ocr_par' dir='ltr' id='par_1_22' title="bbox 2187 722 3427 797">
     <span class='ocr_line' id='line_1_22' title="bbox 2187 722 3427 797; baseline -0.006 -17"><span class='ocrx_word' id='word_1_148' title='bbox 2187 736 2206 756; x_wconf 84' lang='grc'><strong><em>⁸</em></strong></span> <span class='ocrx_word' id='word_1_149' title='bbox 2225 727 2348 797; x_wconf 73' lang='grc' dir='ltr'>οὐχὶ</span> <span class='ocrx_word' id='word_1_150' title='bbox 2374 725 2451 796; x_wconf 86' lang='grc' dir='ltr'>τῷ</span> <span class='ocrx_word' id='word_1_151' title='bbox 2477 724 2704 796; x_wconf 78' lang='grc' dir='ltr'><strong>μώλωπι</strong></span> <span class='ocrx_word' id='word_1_152' title='bbox 2740 723 2906 777; x_wconf 83' lang='grc' dir='ltr'>αὐτοῦ</span> <span class='ocrx_word' id='word_1_153' title='bbox 2950 725 3110 794; x_wconf 78' lang='grc' dir='ltr'>ἡμεῖς</span> <span class='ocrx_word' id='word_1_154' title='bbox 3135 722 3427 793; x_wconf 84' lang='grc' dir='ltr'>ίάθημεν;</span> 
     </span>
    </p>
   </div>
   <div class='ocr_carea' id='block_1_23' title="bbox 2294 810 3834 885">
    <p class='ocr_par' dir='ltr' id='par_1_23' title="bbox 2294 810 3834 885">
     <span class='ocr_line' id='line_1_23' title="bbox 2294 810 3834 885; baseline -0.003 -14"><span class='ocrx_word' id='word_1_155' title='bbox 2294 816 2502 871; x_wconf 81' lang='grc' dir='ltr'><strong>ΠΔΛΛ.</strong></span> <span class='ocrx_word' id='word_1_156' title='bbox 2557 813 2799 885; x_wconf 82' lang='grc' dir='ltr'>Ἀληθές.</span> <span class='ocrx_word' id='word_1_157' title='bbox 2848 834 2867 866; x_wconf 73' lang='grc' dir='ltr'><strong>ε</strong></span> <span class='ocrx_word' id='word_1_158' title='bbox 2910 813 3364 885; x_wconf 86' lang='grc' dir='ltr'>Ἐτραυματίσθη</span> <span class='ocrx_word' id='word_1_159' title='bbox 3397 810 3519 881; x_wconf 86' lang='grc' dir='ltr'><strong>γὰρ</strong></span> <span class='ocrx_word' id='word_1_160' title='bbox 3548 810 3696 882; x_wconf 78' lang='grc' dir='ltr'>ὑπὲρ</span> <span class='ocrx_word' id='word_1_161' title='bbox 3730 811 3834 866; x_wconf 85' lang='grc' dir='ltr'>τῶν</span> 
     </span>
    </p>
   </div>
   <div class='ocr_carea' id='block_1_24' title="bbox 2226 898 3833 980">
    <p class='ocr_par' dir='ltr' id='par_1_24' title="bbox 2226 898 3833 980">
     <span class='ocr_line' id='line_1_24' title="bbox 2226 898 3833 980; baseline -0.004 -17"><span class='ocrx_word' id='word_1_162' title='bbox 2226 906 2511 980; x_wconf 85' lang='grc' dir='ltr'>ἀμαρτιῶν</span> <span class='ocrx_word' id='word_1_163' title='bbox 2570 905 2747 977; x_wconf 77' lang='grc' dir='ltr'>ἡμῶν,</span> <span class='ocrx_word' id='word_1_164' title='bbox 2804 905 2897 958; x_wconf 75' lang='grc' dir='ltr'>καὶ</span> <span class='ocrx_word' id='word_1_165' title='bbox 2942 906 3167 974; x_wconf 87' lang='grc' dir='ltr'>γέγονεν</span> <span class='ocrx_word' id='word_1_166' title='bbox 3223 905 3293 957; x_wconf 80' lang='grc' dir='ltr'>ὲν</span> <span class='ocrx_word' id='word_1_167' title='bbox 3331 898 3616 972; x_wconf 51' lang='grc' dir='ltr'>κακώσει,</span> <span class='ocrx_word' id='word_1_168' title='bbox 3644 900 3740 955; x_wconf 77' lang='grc' dir='ltr'><strong>καὶ</strong></span> <span class='ocrx_word' id='word_1_169' title='bbox 3781 904 3833 956; x_wconf 85' lang='grc' dir='ltr'>ὲν</span> 
     </span>
    </p>
   </div>
   <div class='ocr_carea' id='block_1_25' title="bbox 2226 1000 2488 1068">
    <p class='ocr_par' dir='ltr' id='par_1_25' title="bbox 2226 1000 2488 1068">
     <span class='ocr_line' id='line_1_25' title="bbox 2226 1000 2488 1068; baseline -0.004 -16"><span class='ocrx_word' id='word_1_170' title='bbox 2226 1000 2407 1068; x_wconf 83' lang='grc' dir='ltr'><strong>πληγῇ</strong></span> <span class='ocrx_word' id='word_1_171' title='bbox 2417 1041 2427 1053; x_wconf 96' lang='grc'><strong>.</strong></span> <span class='ocrx_word' id='word_1_172' title='bbox 2469 1018 2488 1050; x_wconf 73' lang='grc' dir='ltr'><strong>ι</strong></span> 
     </span>
    </p>
   </div>
   <div class='ocr_carea' id='block_1_26' title="bbox 2294 1002 3835 1154">
    <p class='ocr_par' dir='ltr' id='par_1_26' title="bbox 2294 1002 3835 1154">
     <span class='ocr_line' id='line_1_26' title="bbox 2294 1002 3835 1154; baseline -0.006 -11"><span class='ocrx_word' id='word_1_173' title='bbox 2294 1002 2731 1143; x_wconf 50' lang='grc' dir='ltr'>ἒξῇέ.’Λέλυται</span> <span class='ocrx_word' id='word_1_174' title='bbox 2759 1084 2937 1138; x_wconf 79' lang='grc' dir='ltr'>τοίνυν</span> <span class='ocrx_word' id='word_1_175' title='bbox 2971 1085 3004 1154; x_wconf 89' lang='grc' dir='ltr'><strong>ή</strong></span> <span class='ocrx_word' id='word_1_176' title='bbox 3049 1082 3327 1154; x_wconf 80' lang='grc' dir='ltr'>ἁμαρτία,</span> <span class='ocrx_word' id='word_1_177' title='bbox 3356 1076 3616 1150; x_wconf 80' lang='grc' dir='ltr'><strong>Χριστοῦ</strong></span> <span class='ocrx_word' id='word_1_178' title='bbox 3639 1077 3835 1133; x_wconf 86' lang='grc' dir='ltr'>παθόν-</span> 
     </span>
    </p>
   </div>
   <div class='ocr_carea' id='block_1_27' title="bbox 2226 1170 3834 1250">
    <p class='ocr_par' dir='ltr' id='par_1_27' title="bbox 2226 1170 3834 1250">
     <span class='ocr_line' id='line_1_27' title="bbox 2226 1170 3834 1250; baseline -0.008 -16"><span class='ocrx_word' id='word_1_179' title='bbox 2226 1198 2317 1244; x_wconf 86' lang='grc' dir='ltr'>τος</span> <span class='ocrx_word' id='word_1_180' title='bbox 2339 1180 2478 1250; x_wconf 86' lang='grc' dir='ltr'>ύπὲρ</span> <span class='ocrx_word' id='word_1_181' title='bbox 2505 1176 2690 1249; x_wconf 82' lang='grc' dir='ltr'>ἡμῶν,</span> <span class='ocrx_word' id='word_1_182' title='bbox 2717 1177 2811 1231; x_wconf 63' lang='grc' dir='ltr'><strong>καὶ¹</strong></span> <span class='ocrx_word' id='word_1_183' title='bbox 2831 1177 2930 1230; x_wconf 81' lang='grc' dir='ltr'><strong>οὐκ</strong></span> <span class='ocrx_word' id='word_1_184' title='bbox 2958 1175 3024 1230; x_wconf 76' lang='grc' dir='ltr'><strong>ἂν</strong></span> <span class='ocrx_word' id='word_1_185' title='bbox 3046 1170 3200 1245; x_wconf 74' lang='grc' dir='ltr'>οἶμαι</span> <span class='ocrx_word' id='word_1_186' title='bbox 3217 1172 3649 1241; x_wconf 86' lang='grc' dir='ltr'>καταϐοήσειεν</span> <span class='ocrx_word' id='word_1_187' title='bbox 3670 1171 3834 1237; x_wconf 83' lang='grc' dir='ltr'>ἀναγ-</span> 
     </span>
    </p>
   </div>
   <div class='ocr_carea' id='block_1_28' title="bbox 2228 1259 3832 1338">
    <p class='ocr_par' dir='ltr' id='par_1_28' title="bbox 2228 1259 3832 1338">
     <span class='ocr_line' id='line_1_28' title="bbox 2228 1259 3832 1338; baseline -0.005 -16"><span class='ocrx_word' id='word_1_188' title='bbox 2228 1269 2400 1331; x_wconf 89' lang='grc' dir='ltr'>καίως</span> <span class='ocrx_word' id='word_1_189' title='bbox 2416 1267 2496 1321; x_wconf 77' lang='grc' dir='ltr'>ἔτι</span> <span class='ocrx_word' id='word_1_190' title='bbox 2510 1267 2617 1321; x_wconf 83' lang='grc' dir='ltr'><strong>τῶν</strong></span> <span class='ocrx_word' id='word_1_191' title='bbox 2638 1265 2982 1338; x_wconf 85' lang='grc' dir='ltr'>ήγιασμένων</span> <span class='ocrx_word' id='word_1_192' title='bbox 3001 1264 3088 1318; x_wconf 83' lang='grc' dir='ltr'>διὰ</span> <span class='ocrx_word' id='word_1_193' title='bbox 3104 1261 3381 1335; x_wconf 81' lang='grc' dir='ltr'>Χριστοῦ,</span> <span class='ocrx_word' id='word_1_194' title='bbox 3410 1262 3511 1315; x_wconf 78' lang='grc' dir='ltr'><strong>καὶ</strong></span> <span class='ocrx_word' id='word_1_195' title='bbox 3531 1259 3695 1314; x_wconf 88' lang='grc' dir='ltr'>τοῦτο</span> <span class='ocrx_word' id='word_1_196' title='bbox 3710 1263 3832 1331; x_wconf 79' lang='grc' dir='ltr'>ἡμῖν</span> 
     </span>
    </p>
   </div>
   <div class='ocr_carea' id='block_1_29' title="bbox 2227 1350 3831 1428">
    <p class='ocr_par' dir='ltr' id='par_1_29' title="bbox 2227 1350 3831 1428">
     <span class='ocr_line' id='line_1_29' title="bbox 2227 1350 3831 1428; baseline -0.006 -16"><span class='ocrx_word' id='word_1_197' title='bbox 2227 1358 2476 1423; x_wconf 82' lang='grc' dir='ltr'>διαδείξει</span> <span class='ocrx_word' id='word_1_198' title='bbox 2505 1358 2690 1425; x_wconf 80' lang='grc' dir='ltr'>σαφῶς</span> <span class='ocrx_word' id='word_1_199' title='bbox 2726 1358 2755 1409; x_wconf 90' lang='lat'><strong>6</strong></span> <span class='ocrx_word' id='word_1_200' title='bbox 2788 1355 3075 1428; x_wconf 82' lang='grc' dir='ltr'>προφήτης</span> <span class='ocrx_word' id='word_1_201' title='bbox 3118 1352 3414 1425; x_wconf 83' lang='grc' dir='ltr'><strong>Ζαχαρίας</strong></span> <span class='ocrx_word' id='word_1_202' title='bbox 3450 1350 3532 1415; x_wconf 84' lang='grc' dir='ltr'>ὼς</span> <span class='ocrx_word' id='word_1_203' title='bbox 3562 1350 3831 1421; x_wconf 50' lang='grc' dir='ltr'>έννὸράσει</span> 
     </span>
    </p>
   </div>
   <div class='ocr_carea' id='block_1_30' title="bbox 2228 1441 3824 1519">
    <p class='ocr_par' dir='ltr' id='par_1_30' title="bbox 2228 1441 3824 1519">
     <span class='ocr_line' id='line_1_30' title="bbox 2228 1441 3824 1519; baseline -0.008 -15"><span class='ocrx_word' id='word_1_204' title='bbox 2228 1451 2429 1519; x_wconf 86' lang='grc' dir='ltr'>λέγων·</span> <span class='ocrx_word' id='word_1_205' title='bbox 2465 1468 2483 1501; x_wconf 85' lang='grc'><em>‹</em></span> <span class='ocrx_word' id='word_1_206' title='bbox 2522 1449 2634 1504; x_wconf 98' lang='lat' dir='ltr'><strong>Kal</strong></span> <span class='ocrx_word' id='word_1_207' title='bbox 2674 1447 2896 1516; x_wconf 75' lang='grc' dir='ltr'>ἐξῆλθεν</span> <span class='ocrx_word' id='word_1_208' title='bbox 2940 1449 2970 1500; x_wconf 98' lang='lat'><strong>6</strong></span> <span class='ocrx_word' id='word_1_209' title='bbox 3018 1444 3246 1514; x_wconf 78' lang='grc' dir='ltr'>ἄγγελος</span> <span class='ocrx_word' id='word_1_210' title='bbox 3283 1444 3316 1496; x_wconf 90' lang='lat'><strong>6</strong></span> <span class='ocrx_word' id='word_1_211' title='bbox 3344 1441 3544 1495; x_wconf 84' lang='grc' dir='ltr'>λαλῶν</span> <span class='ocrx_word' id='word_1_212' title='bbox 3596 1442 3656 1495; x_wconf 83' lang='grc' dir='ltr'>ὲν</span> <span class='ocrx_word' id='word_1_213' title='bbox 3692 1441 3824 1512; x_wconf 73' lang='grc' dir='ltr'>ἐμοὶ,</span> 
     </span>
    </p>
   </div>
   <div class='ocr_carea' id='block_1_31' title="bbox 2232 1534 3828 1613">
    <p class='ocr_par' dir='ltr' id='par_1_31' title="bbox 2232 1534 3828 1613">
     <span class='ocr_line' id='line_1_31' title="bbox 2232 1534 3828 1613; baseline -0.009 -15"><span class='ocrx_word' id='word_1_214' title='bbox 2232 1545 2325 1598; x_wconf 73' lang='grc' dir='ltr'><strong>καὶ</strong></span> <span class='ocrx_word' id='word_1_215' title='bbox 2370 1539 2491 1596; x_wconf 77' lang='grc' dir='ltr'>εἶπε</span> <span class='ocrx_word' id='word_1_216' title='bbox 2524 1542 2658 1613; x_wconf 89' lang='grc' dir='ltr'>πρός</span> <span class='ocrx_word' id='word_1_217' title='bbox 2690 1556 2794 1612; x_wconf 80' lang='grc' dir='ltr'><strong>με⁶</strong></span> <span class='ocrx_word' id='word_1_218' title='bbox 2847 1537 3174 1608; x_wconf 72' lang='grc' dir='ltr'>Ἀνάϐλεψον</span> <span class='ocrx_word' id='word_1_219' title='bbox 3210 1539 3332 1598; x_wconf 82' lang='grc' dir='ltr'>τοῖς</span> <span class='ocrx_word' id='word_1_220' title='bbox 3367 1534 3684 1604; x_wconf 80' lang='grc' dir='ltr'>ὀφθαλμοῖς</span> <span class='ocrx_word' id='word_1_221' title='bbox 3721 1550 3828 1593; x_wconf 87' lang='grc' dir='ltr'>σου,</span> 
     </span>
    </p>
   </div>
   <div class='ocr_carea' id='block_1_32' title="bbox 2230 1623 3827 1704">
    <p class='ocr_par' dir='ltr' id='par_1_32' title="bbox 2230 1623 3827 1704">
     <span class='ocr_line' id='line_1_32' title="bbox 2230 1623 3827 1704; baseline -0.007 -15"><span class='ocrx_word' id='word_1_222' title='bbox 2230 1637 2329 1689; x_wconf 71' lang='grc' dir='ltr'>καὶ</span> <span class='ocrx_word' id='word_1_223' title='bbox 2358 1636 2434 1689; x_wconf 77' lang='grc' dir='ltr'><strong>ἴδε</strong></span> <span class='ocrx_word' id='word_1_224' title='bbox 2457 1634 2517 1688; x_wconf 80' lang='grc' dir='ltr'><strong>τὸ</strong></span> <span class='ocrx_word' id='word_1_225' title='bbox 2546 1633 2978 1704; x_wconf 75' lang='grc' dir='ltr'>ἐκπορευόμενον</span> <span class='ocrx_word' id='word_1_226' title='bbox 2997 1629 3183 1684; x_wconf 83' lang='grc' dir='ltr'>τοῦτο.</span> <span class='ocrx_word' id='word_1_227' title='bbox 3218 1629 3341 1683; x_wconf 77' lang='lat' dir='ltr'><strong>Kal</strong></span> <span class='ocrx_word' id='word_1_228' title='bbox 3372 1623 3554 1692; x_wconf 69' lang='grc' dir='ltr'>εἶπας</span> <span class='ocrx_word' id='word_1_229' title='bbox 3590 1627 3657 1679; x_wconf 88' lang='grc' dir='ltr'>Τί</span> <span class='ocrx_word' id='word_1_230' title='bbox 3682 1628 3827 1691; x_wconf 62' lang='lat' dir='ltr'><strong>eam;</strong></span> 
     </span>
    </p>
   </div>
   <div class='ocr_carea' id='block_1_33' title="bbox 547 1717 2138 1811">
    <p class='ocr_par' dir='ltr' id='par_1_33' title="bbox 547 1738 2125 1811">
     <span class='ocr_line' id='line_1_33' title="bbox 547 1738 2125 1811; baseline 0.003 -18"><span class='ocrx_word' id='word_1_231' title='bbox 547 1748 605 1793; x_wconf 86' lang='lat' dir='ltr'><strong>et</strong></span> <span class='ocrx_word' id='word_1_232' title='bbox 629 1739 756 1794; x_wconf 86' lang='lat' dir='ltr'><strong>vide</strong></span> <span class='ocrx_word' id='word_1_233' title='bbox 785 1739 893 1794; x_wconf 90' lang='lat' dir='ltr'><strong>hoc</strong></span> <span class='ocrx_word' id='word_1_234' title='bbox 915 1738 1063 1809; x_wconf 89' lang='lat' dir='ltr'><strong>quod</strong></span> <span class='ocrx_word' id='word_1_235' title='bbox 1091 1739 1361 1811; x_wconf 85' lang='lat' dir='ltr'><strong>procedit.</strong></span> <span class='ocrx_word' id='word_1_236' title='bbox 1409 1740 1478 1794; x_wconf 90' lang='lat' dir='ltr'><strong>Et</strong></span> <span class='ocrx_word' id='word_1_237' title='bbox 1509 1739 1654 1795; x_wconf 88' lang='lat' dir='ltr'><strong>dixi:</strong></span> <span class='ocrx_word' id='word_1_238' title='bbox 1676 1739 1818 1808; x_wconf 86' lang='lat' dir='ltr'><strong>Quid</strong></span> <span class='ocrx_word' id='word_1_239' title='bbox 1841 1741 1977 1796; x_wconf 89' lang='lat' dir='ltr'><strong>illud</strong></span> <span class='ocrx_word' id='word_1_240' title='bbox 2004 1741 2125 1797; x_wconf 88' lang='lat' dir='ltr'><strong>est?</strong></span> 
     </span>
    </p>
   </div>
   <div class='ocr_carea' id='block_1_34' title="bbox 2242 1717 3830 1811">
    <p class='ocr_par' dir='ltr' id='par_1_34' title="bbox 2242 1717 3830 1795">
     <span class='ocr_line' id='line_1_34' title="bbox 2242 1717 3830 1795; baseline -0.008 -13"><span class='ocrx_word' id='word_1_241' title='bbox 2242 1729 2323 1783; x_wconf 64' lang='grc' dir='ltr'>καὶ</span> <span class='ocrx_word' id='word_1_242' title='bbox 2363 1723 2484 1780; x_wconf 80' lang='grc' dir='ltr'>εἷπε</span> <span class='ocrx_word' id='word_1_243' title='bbox 2507 1745 2519 1757; x_wconf 81' lang='grc'><em>’</em></span> <span class='ocrx_word' id='word_1_244' title='bbox 2552 1724 2723 1778; x_wconf 88' lang='grc' dir='ltr'>Τοῦτο</span> <span class='ocrx_word' id='word_1_245' title='bbox 2745 1725 2805 1777; x_wconf 81' lang='grc' dir='ltr'><strong>τὸ</strong></span> <span class='ocrx_word' id='word_1_246' title='bbox 2862 1723 3057 1795; x_wconf 83' lang='grc' dir='ltr'>μέτρον</span> <span class='ocrx_word' id='word_1_247' title='bbox 3100 1721 3162 1775; x_wconf 80' lang='grc' dir='ltr'><strong>τὸ</strong></span> <span class='ocrx_word' id='word_1_248' title='bbox 3205 1718 3690 1790; x_wconf 73' lang='grc' dir='ltr'>ἐκπορευόμενον.</span> <span class='ocrx_word' id='word_1_249' title='bbox 3729 1717 3830 1770; x_wconf 80' lang='grc' dir='ltr'><strong>Καὶ</strong></span> 
     </span>
    </p>
   </div>
   <div class='ocr_carea' id='block_1_35' title="bbox 549 1830 2121 1902">
    <p class='ocr_par' dir='ltr' id='par_1_35' title="bbox 549 1830 2121 1902">
     <span class='ocr_line' id='line_1_35' title="bbox 549 1830 2121 1902; baseline 0.001 -16"><span class='ocrx_word' id='word_1_250' title='bbox 549 1839 607 1886; x_wconf 92' lang='lat' dir='ltr'><strong>et</strong></span> <span class='ocrx_word' id='word_1_251' title='bbox 638 1830 777 1885; x_wconf 80' lang='lat' dir='ltr'><strong>dixit</strong></span> <span class='ocrx_word' id='word_1_252' title='bbox 810 1849 822 1884; x_wconf 89' lang='lat'><strong>:</strong></span> <span class='ocrx_word' id='word_1_253' title='bbox 850 1831 977 1887; x_wconf 68' lang='lat' dir='ltr'><strong>Haec</strong></span> <span class='ocrx_word' id='word_1_254' title='bbox 1006 1839 1091 1886; x_wconf 90' lang='lat' dir='ltr'><strong>est</strong></span> <span class='ocrx_word' id='word_1_255' title='bbox 1119 1846 1377 1886; x_wconf 87' lang='lat' dir='ltr'><strong>mensura</strong></span> <span class='ocrx_word' id='word_1_256' title='bbox 1401 1847 1521 1902; x_wconf 73' lang='lat' dir='ltr'><strong>qua:</strong></span> <span class='ocrx_word' id='word_1_257' title='bbox 1548 1832 1817 1902; x_wconf 82' lang='lat' dir='ltr'><strong>procedit.</strong></span> <span class='ocrx_word' id='word_1_258' title='bbox 1852 1833 1921 1887; x_wconf 91' lang='lat' dir='ltr'><strong>Et</strong></span> <span class='ocrx_word' id='word_1_259' title='bbox 1952 1833 2121 1888; x_wconf 81' lang='lat' dir='ltr'><strong>dixit:</strong></span> 
     </span>
    </p>
   </div>
   <div class='ocr_carea' id='block_1_36' title="bbox 550 1921 2129 1991">
    <p class='ocr_par' dir='ltr' id='par_1_36' title="bbox 550 1921 2129 1991">
     <span class='ocr_line' id='line_1_36' title="bbox 550 1921 2129 1991; baseline 0 -14"><span class='ocrx_word' id='word_1_260' title='bbox 550 1922 680 1977; x_wconf 66' lang='lat' dir='ltr'><strong>llaec</strong></span> <span class='ocrx_word' id='word_1_261' title='bbox 709 1932 794 1977; x_wconf 88' lang='lat' dir='ltr'><strong>est</strong></span> <span class='ocrx_word' id='word_1_262' title='bbox 827 1921 1088 1991; x_wconf 88' lang='lat' dir='ltr'><strong>iniquitas</strong></span> <span class='ocrx_word' id='word_1_263' title='bbox 1115 1936 1308 1975; x_wconf 90' lang='lat' dir='ltr'><strong>eorum</strong></span> <span class='ocrx_word' id='word_1_264' title='bbox 1334 1921 1389 1975; x_wconf 90' lang='lat' dir='ltr'><strong>in</strong></span> <span class='ocrx_word' id='word_1_265' title='bbox 1419 1922 1676 1976; x_wconf 90' lang='lat' dir='ltr'><strong>universa</strong></span> <span class='ocrx_word' id='word_1_266' title='bbox 1713 1929 1878 1976; x_wconf 88' lang='lat' dir='ltr'><strong>terra.</strong></span> <span class='ocrx_word' id='word_1_267' title='bbox 1907 1923 1975 1977; x_wconf 90' lang='lat' dir='ltr'><strong>Et</strong></span> <span class='ocrx_word' id='word_1_268' title='bbox 2000 1937 2129 1978; x_wconf 89' lang='lat' dir='ltr'><strong>ecce</strong></span> 
     </span>
    </p>
   </div>
   <div class='ocr_carea' id='block_1_37' title="bbox 551 2011 2127 2082">
    <p class='ocr_par' dir='ltr' id='par_1_37' title="bbox 551 2011 2127 2082">
     <span class='ocr_line' id='line_1_37' title="bbox 551 2011 2127 2082; baseline 0.001 -15"><span class='ocrx_word' id='word_1_269' title='bbox 551 2014 821 2067; x_wconf 88' lang='lat' dir='ltr'><strong>talentum</strong></span> <span class='ocrx_word' id='word_1_270' title='bbox 849 2011 1065 2082; x_wconf 81' lang='lat' dir='ltr'><strong>plumbi</strong></span> <span class='ocrx_word' id='word_1_271' title='bbox 1096 2012 1393 2076; x_wconf 90' lang='lat' dir='ltr'><strong>elevatum,</strong></span> <span class='ocrx_word' id='word_1_272' title='bbox 1423 2019 1480 2066; x_wconf 92' lang='lat' dir='ltr'><strong>et</strong></span> <span class='ocrx_word' id='word_1_273' title='bbox 1501 2027 1632 2067; x_wconf 89' lang='lat' dir='ltr'><strong>ecce</strong></span> <span class='ocrx_word' id='word_1_274' title='bbox 1661 2028 1770 2067; x_wconf 91' lang='lat' dir='ltr'><strong>una</strong></span> <span class='ocrx_word' id='word_1_275' title='bbox 1807 2014 2006 2069; x_wconf 89' lang='lat' dir='ltr'><strong>mulier</strong></span> <span class='ocrx_word' id='word_1_276' title='bbox 2040 2030 2127 2069; x_wconf 89' lang='lat' dir='ltr'><strong>se-</strong></span> 
     </span>
    </p>
   </div>
   <div class='ocr_carea' id='block_1_38' title="bbox 551 2101 2130 2173">
    <p class='ocr_par' dir='ltr' id='par_1_38' title="bbox 551 2101 2130 2173">
     <span class='ocr_line' id='line_1_38' title="bbox 551 2101 2130 2173; baseline 0.001 -17"><span class='ocrx_word' id='word_1_277' title='bbox 551 2102 719 2159; x_wconf 91' lang='lat' dir='ltr'><strong>debat</strong></span> <span class='ocrx_word' id='word_1_278' title='bbox 737 2102 795 2155; x_wconf 89' lang='lat' dir='ltr'><strong>in</strong></span> <span class='ocrx_word' id='word_1_279' title='bbox 816 2101 998 2157; x_wconf 90' lang='lat' dir='ltr'><strong>medio</strong></span> <span class='ocrx_word' id='word_1_280' title='bbox 1016 2116 1305 2165; x_wconf 65' lang='lat' dir='ltr'><strong>mensurae,</strong></span> <span class='ocrx_word' id='word_1_281' title='bbox 1336 2108 1393 2156; x_wconf 89' lang='lat' dir='ltr'><strong>et</strong></span> <span class='ocrx_word' id='word_1_282' title='bbox 1418 2102 1652 2173; x_wconf 88' lang='lat' dir='ltr'><strong>projecit</strong></span> <span class='ocrx_word' id='word_1_283' title='bbox 1665 2101 1903 2172; x_wconf 89' lang='lat' dir='ltr'><strong>lapidem</strong></span> <span class='ocrx_word' id='word_1_284' title='bbox 1920 2102 2130 2173; x_wconf 89' lang='lat' dir='ltr'><strong>plumbi</strong></span> 
     </span>
    </p>
   </div>
   <div class='ocr_carea' id='block_1_39' title="bbox 556 2192 2130 2265">
    <p class='ocr_par' dir='ltr' id='par_1_39' title="bbox 556 2192 2130 2265">
     <span class='ocr_line' id='line_1_39' title="bbox 556 2192 2130 2265; baseline 0.001 -17"><span class='ocrx_word' id='word_1_285' title='bbox 556 2195 613 2248; x_wconf 89' lang='lat' dir='ltr'><strong>in</strong></span> <span class='ocrx_word' id='word_1_286' title='bbox 652 2208 716 2248; x_wconf 90' lang='lat' dir='ltr'><strong>os</strong></span> <span class='ocrx_word' id='word_1_287' title='bbox 742 2195 863 2265; x_wconf 83' lang='lat' dir='ltr'><strong>ejus</strong></span> <span class='ocrx_word' id='word_1_288' title='bbox 903 2211 915 2246; x_wconf 94' lang='lat'><strong>:</strong></span> <span class='ocrx_word' id='word_1_289' title='bbox 956 2201 1013 2250; x_wconf 88' lang='lat' dir='ltr'><strong>et</strong></span> <span class='ocrx_word' id='word_1_290' title='bbox 1039 2193 1215 2247; x_wconf 87' lang='lat' dir='ltr'><strong>levavi</strong></span> <span class='ocrx_word' id='word_1_291' title='bbox 1245 2192 1434 2246; x_wconf 91' lang='lat' dir='ltr'><strong>oculos</strong></span> <span class='ocrx_word' id='word_1_292' title='bbox 1479 2207 1652 2258; x_wconf 90' lang='lat' dir='ltr'><strong>meos,</strong></span> <span class='ocrx_word' id='word_1_293' title='bbox 1674 2203 1732 2249; x_wconf 92' lang='lat' dir='ltr'><strong>et</strong></span> <span class='ocrx_word' id='word_1_294' title='bbox 1762 2194 1899 2261; x_wconf 86' lang='lat' dir='ltr'><strong>vidi,</strong></span> <span class='ocrx_word' id='word_1_295' title='bbox 1921 2204 1977 2249; x_wconf 94' lang='lat' dir='ltr'><strong>et</strong></span> <span class='ocrx_word' id='word_1_296' title='bbox 2003 2210 2130 2249; x_wconf 86' lang='lat' dir='ltr'><strong>ecce</strong></span> 
     </span>
    </p>
   </div>
   <div class='ocr_carea' id='block_1_40' title="bbox 555 2281 2128 2352">
    <p class='ocr_par' dir='ltr' id='par_1_40' title="bbox 555 2281 2128 2352">
     <span class='ocr_line' id='line_1_40' title="bbox 555 2281 2128 2352; baseline 0.003 -17"><span class='ocrx_word' id='word_1_297' title='bbox 555 2281 679 2337; x_wconf 72' lang='lat' dir='ltr'><strong>duae</strong></span> <span class='ocrx_word' id='word_1_298' title='bbox 698 2282 959 2337; x_wconf 90' lang='lat' dir='ltr'><strong>mulieres</strong></span> <span class='ocrx_word' id='word_1_299' title='bbox 982 2281 1437 2351; x_wconf 86' lang='lat' dir='ltr'><strong>procedentes,et</strong></span> <span class='ocrx_word' id='word_1_300' title='bbox 1461 2282 1686 2352; x_wconf 90' lang='lat' dir='ltr'><strong>spiritus</strong></span> <span class='ocrx_word' id='word_1_301' title='bbox 1701 2283 1757 2338; x_wconf 90' lang='lat' dir='ltr'><strong>in</strong></span> <span class='ocrx_word' id='word_1_302' title='bbox 1790 2284 1894 2339; x_wconf 89' lang='lat' dir='ltr'><strong>alis</strong></span> <span class='ocrx_word' id='word_1_303' title='bbox 1918 2300 2128 2350; x_wconf 87' lang='lat' dir='ltr'><strong>earum,</strong></span> 
     </span>
    </p>
   </div>
   <div class='ocr_carea' id='block_1_41' title="bbox 553 2372 2134 2444">
    <p class='ocr_par' dir='ltr' id='par_1_41' title="bbox 553 2372 2134 2444">
     <span class='ocr_line' id='line_1_41' title="bbox 553 2372 2134 2444; baseline 0.001 -15"><span class='ocrx_word' id='word_1_304' title='bbox 553 2381 611 2429; x_wconf 87' lang='lat' dir='ltr'><strong>et</strong></span> <span class='ocrx_word' id='word_1_305' title='bbox 637 2374 722 2428; x_wconf 84' lang='lat' dir='ltr'><strong>hae</strong></span> <span class='ocrx_word' id='word_1_306' title='bbox 761 2373 1038 2427; x_wconf 85' lang='lat' dir='ltr'><strong>habebant</strong></span> <span class='ocrx_word' id='word_1_307' title='bbox 1064 2373 1178 2427; x_wconf 89' lang='lat' dir='ltr'><strong>alas</strong></span> <span class='ocrx_word' id='word_1_308' title='bbox 1204 2379 1265 2426; x_wconf 90' lang='lat' dir='ltr'><strong>nt</strong></span> <span class='ocrx_word' id='word_1_309' title='bbox 1300 2372 1415 2428; x_wconf 90' lang='lat' dir='ltr'><strong>alas</strong></span> <span class='ocrx_word' id='word_1_310' title='bbox 1446 2389 1644 2444; x_wconf 66' lang='lat' dir='ltr'><strong>upupa:</strong></span> <span class='ocrx_word' id='word_1_311' title='bbox 1665 2414 1679 2440; x_wconf 91' lang='lat'><strong>,</strong></span> <span class='ocrx_word' id='word_1_312' title='bbox 1710 2385 1767 2431; x_wconf 87' lang='lat' dir='ltr'><strong>et</strong></span> <span class='ocrx_word' id='word_1_313' title='bbox 1786 2377 2134 2431; x_wconf 87' lang='lat' dir='ltr'><strong>sustulerunt</strong></span> 
     </span>
    </p>
   </div>
   <div class='ocr_carea' id='block_1_42' title="bbox 555 2463 2134 2521">
    <p class='ocr_par' dir='ltr' id='par_1_42' title="bbox 555 2463 2134 2521">
     <span class='ocr_line' id='line_1_42' title="bbox 555 2463 2134 2521; baseline 0.002 -3"><span class='ocrx_word' id='word_1_314' title='bbox 555 2479 867 2519; x_wconf 90' lang='lat' dir='ltr'><strong>mensuram</strong></span> <span class='ocrx_word' id='word_1_315' title='bbox 894 2463 1037 2518; x_wconf 88' lang='lat' dir='ltr'><strong>inter</strong></span> <span class='ocrx_word' id='word_1_316' title='bbox 1083 2472 1283 2518; x_wconf 89' lang='lat' dir='ltr'><strong>terram</strong></span> <span class='ocrx_word' id='word_1_317' title='bbox 1309 2472 1367 2518; x_wconf 89' lang='lat' dir='ltr'><strong>et</strong></span> <span class='ocrx_word' id='word_1_318' title='bbox 1404 2464 1603 2518; x_wconf 62' lang='lat' dir='ltr'><strong>malum</strong></span> <span class='ocrx_word' id='word_1_319' title='bbox 1642 2483 1656 2519; x_wconf 90' lang='lat'><strong>:</strong></span> <span class='ocrx_word' id='word_1_320' title='bbox 1696 2474 1753 2521; x_wconf 93' lang='lat' dir='ltr'><strong>et</strong></span> <span class='ocrx_word' id='word_1_321' title='bbox 1780 2466 1892 2521; x_wconf 82' lang='lat' dir='ltr'><strong>dixi</strong></span> <span class='ocrx_word' id='word_1_322' title='bbox 1931 2467 1999 2521; x_wconf 93' lang='lat' dir='ltr'><strong>ad</strong></span> <span class='ocrx_word' id='word_1_323' title='bbox 2034 2483 2134 2521; x_wconf 88' lang='lat' dir='ltr'><strong>an-</strong></span> 
     </span>
    </p>
   </div>
   <div class='ocr_carea' id='block_1_43' title="bbox 554 2553 2133 2624">
    <p class='ocr_par' dir='ltr' id='par_1_43' title="bbox 554 2553 2133 2624">
     <span class='ocr_line' id='line_1_43' title="bbox 554 2553 2133 2624; baseline 0.001 -16"><span class='ocrx_word' id='word_1_324' title='bbox 554 2555 735 2621; x_wconf 74' lang='lat' dir='ltr'><strong>gelum</strong></span> <span class='ocrx_word' id='word_1_325' title='bbox 762 2554 857 2624; x_wconf 91' lang='lat' dir='ltr'><strong>qui</strong></span> <span class='ocrx_word' id='word_1_326' title='bbox 886 2554 1215 2624; x_wconf 87' lang='lat' dir='ltr'><strong>loquebatur</strong></span> <span class='ocrx_word' id='word_1_327' title='bbox 1255 2554 1314 2607; x_wconf 90' lang='lat' dir='ltr'><strong>in</strong></span> <span class='ocrx_word' id='word_1_328' title='bbox 1344 2569 1432 2608; x_wconf 90' lang='lat' dir='ltr'><strong>me</strong></span> <span class='ocrx_word' id='word_1_329' title='bbox 1468 2573 1480 2607; x_wconf 96' lang='lat'><strong>:</strong></span> <span class='ocrx_word' id='word_1_330' title='bbox 1506 2553 1625 2620; x_wconf 86' lang='lat' dir='ltr'><strong>Quo</strong></span> <span class='ocrx_word' id='word_1_331' title='bbox 1657 2556 1739 2610; x_wconf 65' lang='lat' dir='ltr'><strong>ha:</strong></span> <span class='ocrx_word' id='word_1_332' title='bbox 1766 2556 1948 2611; x_wconf 79' lang='lat' dir='ltr'><strong>ferunt</strong></span> <span class='ocrx_word' id='word_1_333' title='bbox 1976 2572 2133 2611; x_wconf 89' lang='lat' dir='ltr'><strong>men-</strong></span> 
     </span>
    </p>
   </div>
   <div class='ocr_carea' id='block_1_44' title="bbox 555 2640 2135 2699">
    <p class='ocr_par' dir='ltr' id='par_1_44' title="bbox 555 2640 2135 2699">
     <span class='ocr_line' id='line_1_44' title="bbox 555 2640 2135 2699; baseline 0.003 -6"><span class='ocrx_word' id='word_1_334' title='bbox 555 2641 779 2694; x_wconf 85' lang='lat' dir='ltr'><strong>suram?</strong></span> <span class='ocrx_word' id='word_1_335' title='bbox 810 2641 877 2694; x_wconf 88' lang='lat' dir='ltr'><strong>Et</strong></span> <span class='ocrx_word' id='word_1_336' title='bbox 920 2640 1060 2695; x_wconf 81' lang='lat' dir='ltr'><strong>dixit</strong></span> <span class='ocrx_word' id='word_1_337' title='bbox 1102 2640 1171 2694; x_wconf 87' lang='lat' dir='ltr'><strong>ad</strong></span> <span class='ocrx_word' id='word_1_338' title='bbox 1213 2656 1300 2695; x_wconf 91' lang='lat' dir='ltr'><strong>me</strong></span> <span class='ocrx_word' id='word_1_339' title='bbox 1344 2660 1356 2694; x_wconf 94' lang='lat'><strong>:</strong></span> <span class='ocrx_word' id='word_1_340' title='bbox 1396 2642 1467 2698; x_wconf 92' lang='lat' dir='ltr'><strong>Ut</strong></span> <span class='ocrx_word' id='word_1_341' title='bbox 1502 2643 1777 2698; x_wconf 69' lang='lat' dir='ltr'><strong>aediﬁcent</strong></span> <span class='ocrx_word' id='word_1_342' title='bbox 1812 2644 1863 2698; x_wconf 88' lang='lat' dir='ltr'><strong>ei</strong></span> <span class='ocrx_word' id='word_1_343' title='bbox 1913 2645 2135 2699; x_wconf 85' lang='lat' dir='ltr'><strong>domum</strong></span> 
     </span>
    </p>
   </div>
   <div class='ocr_carea' id='block_1_45' title="bbox 556 2730 2137 2802">
    <p class='ocr_par' dir='ltr' id='par_1_45' title="bbox 556 2730 2137 2802">
     <span class='ocr_line' id='line_1_45' title="bbox 556 2730 2137 2802; baseline 0.002 -17"><span class='ocrx_word' id='word_1_344' title='bbox 556 2731 617 2785; x_wconf 90' lang='lat' dir='ltr'><strong>iu</strong></span> <span class='ocrx_word' id='word_1_345' title='bbox 649 2740 794 2785; x_wconf 89' lang='lat' dir='ltr'><strong>terra</strong></span> <span class='ocrx_word' id='word_1_346' title='bbox 820 2730 1133 2802; x_wconf 79' lang='lat' dir='ltr'><strong>Babylonis,</strong></span> <span class='ocrx_word' id='word_1_347' title='bbox 1169 2739 1574 2802; x_wconf 81' lang='lat' dir='ltr'><strong>etpraeparent,</strong></span> <span class='ocrx_word' id='word_1_348' title='bbox 1612 2740 1669 2786; x_wconf 87' lang='lat' dir='ltr'><strong>et</strong></span> <span class='ocrx_word' id='word_1_349' title='bbox 1694 2733 1965 2788; x_wconf 89' lang='lat' dir='ltr'><strong>collocent</strong></span> <span class='ocrx_word' id='word_1_350' title='bbox 1987 2734 2137 2788; x_wconf 89' lang='lat' dir='ltr'><strong>illam</strong></span> 
     </span>
    </p>
   </div>
   <div class='ocr_carea' id='block_1_46' title="bbox 558 2819 2137 2894">
    <p class='ocr_par' dir='ltr' id='par_1_46' title="bbox 558 2819 2137 2894">
     <span class='ocr_line' id='line_1_46' title="bbox 558 2819 2137 2894; baseline 0.003 -18"><span class='ocrx_word' id='word_1_351' title='bbox 558 2819 636 2876; x_wconf 88' lang='lat' dir='ltr'><strong>ibi</strong></span> <span class='ocrx_word' id='word_1_352' title='bbox 671 2821 728 2875; x_wconf 91' lang='lat' dir='ltr'><strong>in</strong></span> <span class='ocrx_word' id='word_1_353' title='bbox 769 2821 1167 2891; x_wconf 64' lang='lat' dir='ltr'><strong>prasparatione</strong></span> <span class='ocrx_word' id='word_1_354' title='bbox 1210 2823 1331 2894; x_wconf 89' lang='lat' dir='ltr'><strong>ejus</strong></span> <span class='ocrx_word' id='word_1_355' title='bbox 1360 2823 1424 2875; x_wconf 80' lang='grc' dir='ltr'><strong>³ο.</strong></span> <span class='ocrx_word' id='word_1_356' title='bbox 1477 2842 1495 2875; x_wconf 73' lang='grc' dir='ltr'><strong>ι</strong></span> <span class='ocrx_word' id='word_1_357' title='bbox 1548 2823 1710 2879; x_wconf 82' lang='lat' dir='ltr'><strong>Visne</strong></span> <span class='ocrx_word' id='word_1_358' title='bbox 1747 2829 1806 2877; x_wconf 90' lang='lat' dir='ltr'><strong>ut</strong></span> <span class='ocrx_word' id='word_1_359' title='bbox 1847 2839 2041 2878; x_wconf 91' lang='lat' dir='ltr'><strong>rursus</strong></span> <span class='ocrx_word' id='word_1_360' title='bbox 2069 2824 2137 2880; x_wconf 93' lang='lat' dir='ltr'><strong>de</strong></span> 
     </span>
    </p>
   </div>
   <div class='ocr_carea' id='block_1_47' title="bbox 559 2909 2138 2982">
    <p class='ocr_par' dir='ltr' id='par_1_47' title="bbox 559 2909 2138 2982">
     <span class='ocr_line' id='line_1_47' title="bbox 559 2909 2138 2982; baseline 0.001 -16"><span class='ocrx_word' id='word_1_361' title='bbox 559 2910 793 2982; x_wconf 79' lang='lat' dir='ltr'><strong>singulis</strong></span> <span class='ocrx_word' id='word_1_362' title='bbox 815 2909 1185 2977; x_wconf 87' lang='lat' dir='ltr'><strong>disseramus,</strong></span> <span class='ocrx_word' id='word_1_363' title='bbox 1224 2920 1301 2977; x_wconf 91' lang='lat' dir='ltr'><strong>et,</strong></span> <span class='ocrx_word' id='word_1_364' title='bbox 1337 2918 1603 2981; x_wconf 88' lang='lat' dir='ltr'><strong>quantum</strong></span> <span class='ocrx_word' id='word_1_365' title='bbox 1627 2912 1787 2968; x_wconf 92' lang='lat' dir='ltr'><strong>nobis</strong></span> <span class='ocrx_word' id='word_1_366' title='bbox 1816 2913 1966 2979; x_wconf 87' lang='lat' dir='ltr'><strong>licet,</strong></span> <span class='ocrx_word' id='word_1_367' title='bbox 2003 2928 2138 2969; x_wconf 89' lang='lat' dir='ltr'><strong>con-</strong></span> 
     </span>
    </p>
   </div>
   <div class='ocr_carea' id='block_1_48' title="bbox 560 3002 908 3058">
    <p class='ocr_par' dir='ltr' id='par_1_48' title="bbox 560 3002 908 3058">
     <span class='ocr_line' id='line_1_48' title="bbox 560 3002 908 3058; baseline -0.003 -1"><span class='ocrx_word' id='word_1_368' title='bbox 560 3002 908 3058; x_wconf 86' lang='lat' dir='ltr'><strong>sideremus?</strong></span> 
     </span>
    </p>
   </div>
   <div class='ocr_carea' id='block_1_49' title="bbox 628 3093 1264 3150">
    <p class='ocr_par' dir='ltr' id='par_1_49' title="bbox 628 3093 1264 3150">
     <span class='ocr_line' id='line_1_49' title="bbox 628 3093 1264 3150; baseline 0.002 -2"><span class='ocrx_word' id='word_1_369' title='bbox 628 3093 827 3149; x_wconf 81' lang='lat' dir='ltr'><strong>PALL.</strong></span> <span class='ocrx_word' id='word_1_370' title='bbox 854 3094 1085 3150; x_wconf 79' lang='lat' dir='ltr'><strong>Maxime</strong></span> <span class='ocrx_word' id='word_1_371' title='bbox 1114 3110 1264 3150; x_wconf 86' lang='lat' dir='ltr'><strong>vero.</strong></span> 
     </span>
    </p>
   </div>
   <div class='ocr_carea' id='block_1_50' title="bbox 561 3275 2140 3348">
    <p class='ocr_par' dir='ltr' id='par_1_50' title="bbox 561 3275 2140 3348">
     <span class='ocr_line' id='line_1_50' title="bbox 561 3275 2140 3348; baseline 0.001 -16"><span class='ocrx_word' id='word_1_372' title='bbox 561 3275 764 3342; x_wconf 80' lang='lat' dir='ltr'><strong>exibat,</strong></span> <span class='ocrx_word' id='word_1_373' title='bbox 803 3276 944 3331; x_wconf 90' lang='lat' dir='ltr'><strong>vidit</strong></span> <span class='ocrx_word' id='word_1_374' title='bbox 976 3277 1267 3347; x_wconf 85' lang='lat' dir='ltr'><strong>prepheta,</strong></span> <span class='ocrx_word' id='word_1_375' title='bbox 1304 3276 1626 3348; x_wconf 86' lang='lat' dir='ltr'><strong>rogantique</strong></span> <span class='ocrx_word' id='word_1_376' title='bbox 1653 3277 1785 3346; x_wconf 90' lang='lat' dir='ltr'><strong>quid</strong></span> <span class='ocrx_word' id='word_1_377' title='bbox 1817 3278 1951 3334; x_wconf 91' lang='lat' dir='ltr'><strong>illud</strong></span> <span class='ocrx_word' id='word_1_378' title='bbox 1976 3287 2140 3345; x_wconf 81' lang='lat' dir='ltr'><strong>esset,</strong></span> 
     </span>
    </p>
   </div>
   <div class='ocr_carea' id='block_1_51' title="bbox 564 3366 2144 3438">
    <p class='ocr_par' dir='ltr' id='par_1_51' title="bbox 564 3366 2144 3438">
     <span class='ocr_line' id='line_1_51' title="bbox 564 3366 2144 3438; baseline 0.002 -18"><span class='ocrx_word' id='word_1_379' title='bbox 564 3366 849 3435; x_wconf 85' lang='lat' dir='ltr'><strong>respondit</strong></span> <span class='ocrx_word' id='word_1_380' title='bbox 881 3367 1143 3435; x_wconf 82' lang='lat' dir='ltr'><strong>angelus:</strong></span> <span class='ocrx_word' id='word_1_381' title='bbox 1178 3386 1195 3416; x_wconf 83' lang='grc'><strong>‹</strong></span> <span class='ocrx_word' id='word_1_382' title='bbox 1232 3366 1358 3421; x_wconf 67' lang='lat' dir='ltr'><strong>Haec</strong></span> <span class='ocrx_word' id='word_1_383' title='bbox 1392 3376 1471 3421; x_wconf 90' lang='lat' dir='ltr'><strong>est</strong></span> <span class='ocrx_word' id='word_1_384' title='bbox 1508 3367 1769 3437; x_wconf 88' lang='lat' dir='ltr'><strong>iniquitas</strong></span> <span class='ocrx_word' id='word_1_385' title='bbox 1818 3369 2061 3438; x_wconf 91' lang='lat' dir='ltr'><strong>ipsorum</strong></span> <span class='ocrx_word' id='word_1_386' title='bbox 2086 3369 2144 3423; x_wconf 90' lang='lat' dir='ltr'><strong>in</strong></span> 
     </span>
    </p>
   </div>
   <div class='ocr_carea' id='block_1_52' title="bbox 567 3454 2146 3526">
    <p class='ocr_par' dir='ltr' id='par_1_52' title="bbox 567 3454 2146 3526">
     <span class='ocr_line' id='line_1_52' title="bbox 567 3454 2146 3526; baseline 0.001 -16"><span class='ocrx_word' id='word_1_387' title='bbox 567 3455 821 3510; x_wconf 90' lang='lat' dir='ltr'><strong>universa</strong></span> <span class='ocrx_word' id='word_1_388' title='bbox 868 3463 1017 3508; x_wconf 86' lang='lat' dir='ltr'><strong>terra</strong></span> <span class='ocrx_word' id='word_1_389' title='bbox 1042 3456 1084 3486; x_wconf 76' lang='grc'><strong>³¹</strong></span> <span class='ocrx_word' id='word_1_390' title='bbox 1114 3473 1124 3507; x_wconf 95' lang='lat'><strong>:</strong></span> <span class='ocrx_word' id='word_1_391' title='bbox 1156 3475 1173 3506; x_wconf 72' lang='grc' dir='ltr'><strong>ι</strong></span> <span class='ocrx_word' id='word_1_392' title='bbox 1209 3454 1367 3521; x_wconf 84' lang='lat' dir='ltr'><strong>Quod</strong></span> <span class='ocrx_word' id='word_1_393' title='bbox 1401 3457 1635 3526; x_wconf 87' lang='lat' dir='ltr'><strong>perinde</strong></span> <span class='ocrx_word' id='word_1_394' title='bbox 1674 3467 1763 3512; x_wconf 88' lang='lat' dir='ltr'><strong>est</strong></span> <span class='ocrx_word' id='word_1_395' title='bbox 1807 3473 1871 3513; x_wconf 92' lang='lat' dir='ltr'><strong>ac</strong></span> <span class='ocrx_word' id='word_1_396' title='bbox 1897 3457 1941 3512; x_wconf 91' lang='lat' dir='ltr'><strong>si</strong></span> <span class='ocrx_word' id='word_1_397' title='bbox 1973 3458 2146 3512; x_wconf 81' lang='lat' dir='ltr'><strong>dixis-</strong></span> 
     </span>
    </p>
   </div>
   <div class='ocr_carea' id='block_1_53' title="bbox 564 3546 2146 3621">
    <p class='ocr_par' dir='ltr' id='par_1_53' title="bbox 564 3546 2146 3621">
     <span class='ocr_line' id='line_1_53' title="bbox 564 3546 2146 3621; baseline 0.003 -20"><span class='ocrx_word' id='word_1_398' title='bbox 564 3555 670 3612; x_wconf 90' lang='lat' dir='ltr'><strong>set,</strong></span> <span class='ocrx_word' id='word_1_399' title='bbox 696 3546 809 3601; x_wconf 85' lang='lat' dir='ltr'><strong>Hac</strong></span> <span class='ocrx_word' id='word_1_400' title='bbox 838 3562 1100 3601; x_wconf 88' lang='lat' dir='ltr'><strong>mensura</strong></span> <span class='ocrx_word' id='word_1_401' title='bbox 1125 3547 1312 3621; x_wconf 85' lang='lat' dir='ltr'><strong>omnia</strong></span> <span class='ocrx_word' id='word_1_402' title='bbox 1328 3548 1715 3618; x_wconf 90' lang='lat' dir='ltr'><strong>appenduntur</strong></span> <span class='ocrx_word' id='word_1_403' title='bbox 1730 3558 1975 3619; x_wconf 88' lang='lat' dir='ltr'><strong>peccata,</strong></span> <span class='ocrx_word' id='word_1_404' title='bbox 1994 3566 2146 3620; x_wconf 68' lang='lat' dir='ltr'><strong>quaa-</strong></span> 
     </span>
    </p>
   </div>
   <div class='ocr_carea' id='block_1_54' title="bbox 565 3639 2147 3713">
    <p class='ocr_par' dir='ltr' id='par_1_54' title="bbox 565 3639 2147 3713">
     <span class='ocr_line' id='line_1_54' title="bbox 565 3639 2147 3713; baseline 0.003 -20"><span class='ocrx_word' id='word_1_405' title='bbox 565 3653 786 3708; x_wconf 89' lang='lat' dir='ltr'><strong>cunque</strong></span> <span class='ocrx_word' id='word_1_406' title='bbox 820 3653 922 3710; x_wconf 90' lang='lat' dir='ltr'><strong>per</strong></span> <span class='ocrx_word' id='word_1_407' title='bbox 968 3639 1281 3697; x_wconf 86' lang='lat' dir='ltr'><strong>universam</strong></span> <span class='ocrx_word' id='word_1_408' title='bbox 1327 3649 1531 3696; x_wconf 88' lang='lat' dir='ltr'><strong>terram</strong></span> <span class='ocrx_word' id='word_1_409' title='bbox 1573 3641 1802 3713; x_wconf 80' lang='lat' dir='ltr'><strong>singulis</strong></span> <span class='ocrx_word' id='word_1_410' title='bbox 1833 3642 2147 3712; x_wconf 89' lang='lat' dir='ltr'><strong>quibusque</strong></span> 
     </span>
    </p>
   </div>
   <div class='ocr_carea' id='block_1_55' title="bbox 566 3730 2150 3806">
    <p class='ocr_par' dir='ltr' id='par_1_55' title="bbox 566 3730 2150 3806">
     <span class='ocr_line' id='line_1_55' title="bbox 566 3730 2150 3806; baseline 0.004 -21"><span class='ocrx_word' id='word_1_411' title='bbox 566 3730 913 3801; x_wconf 81' lang='lat' dir='ltr'><strong>temporibus</strong></span> <span class='ocrx_word' id='word_1_412' title='bbox 945 3740 1348 3802; x_wconf 89' lang='lat' dir='ltr'><strong>perpetrantur.</strong></span> <span class='ocrx_word' id='word_1_413' title='bbox 1391 3733 1495 3789; x_wconf 90' lang='lat' dir='ltr'><strong>Ubi</strong></span> <span class='ocrx_word' id='word_1_414' title='bbox 1528 3733 1677 3788; x_wconf 90' lang='lat' dir='ltr'><strong>enim</strong></span> <span class='ocrx_word' id='word_1_415' title='bbox 1719 3744 1908 3790; x_wconf 91' lang='lat' dir='ltr'><strong>nostra</strong></span> <span class='ocrx_word' id='word_1_416' title='bbox 1928 3746 2150 3806; x_wconf 89' lang='lat' dir='ltr'><strong>peccata</strong></span> 
     </span>
    </p>
   </div>
   <div class='ocr_carea' id='block_1_56' title="bbox 566 3823 2147 3896">
    <p class='ocr_par' dir='ltr' id='par_1_56' title="bbox 566 3823 2147 3896">
     <span class='ocr_line' id='line_1_56' title="bbox 566 3823 2147 3896; baseline 0.002 -17"><span class='ocrx_word' id='word_1_417' title='bbox 566 3839 745 3894; x_wconf 76' lang='lat' dir='ltr'><strong>usque</strong></span> <span class='ocrx_word' id='word_1_418' title='bbox 786 3823 855 3879; x_wconf 88' lang='lat' dir='ltr'><strong>ad</strong></span> <span class='ocrx_word' id='word_1_419' title='bbox 902 3825 1248 3879; x_wconf 83' lang='lat' dir='ltr'><strong>manifestam</strong></span> <span class='ocrx_word' id='word_1_420' title='bbox 1280 3827 1635 3894; x_wconf 89' lang='lat' dir='ltr'><strong>pervenerint</strong></span> <span class='ocrx_word' id='word_1_421' title='bbox 1680 3825 2147 3896; x_wconf 85' lang='lat' dir='ltr'><strong>magnitudinem,</strong></span> 
     </span>
    </p>
   </div>
   <div class='ocr_carea' id='block_1_57' title="bbox 568 3914 2151 3991">
    <p class='ocr_par' dir='ltr' id='par_1_57' title="bbox 568 3914 2151 3991">
     <span class='ocr_line' id='line_1_57' title="bbox 568 3914 2151 3991; baseline 0.004 -22"><span class='ocrx_word' id='word_1_422' title='bbox 568 3923 686 3969; x_wconf 92' lang='lat' dir='ltr'><strong>tum</strong></span> <span class='ocrx_word' id='word_1_423' title='bbox 706 3929 840 3969; x_wconf 89' lang='lat' dir='ltr'><strong>vero</strong></span> <span class='ocrx_word' id='word_1_424' title='bbox 870 3914 1114 3968; x_wconf 82' lang='lat' dir='ltr'><strong>offensus</strong></span> <span class='ocrx_word' id='word_1_425' title='bbox 1133 3929 1325 3982; x_wconf 67' lang='lat' dir='ltr'><strong>poenas</strong></span> <span class='ocrx_word' id='word_1_426' title='bbox 1351 3930 1382 3968; x_wconf 91' lang='lat' dir='ltr'><strong>a</strong></span> <span class='ocrx_word' id='word_1_427' title='bbox 1405 3914 1568 3969; x_wconf 87' lang='lat' dir='ltr'><strong>nobis</strong></span> <span class='ocrx_word' id='word_1_428' title='bbox 1597 3918 1798 3985; x_wconf 88' lang='lat' dir='ltr'><strong>repetit</strong></span> <span class='ocrx_word' id='word_1_429' title='bbox 1820 3918 1935 3988; x_wconf 90' lang='lat' dir='ltr'><strong>ipse</strong></span> <span class='ocrx_word' id='word_1_430' title='bbox 1970 3920 2151 3991; x_wconf 85' lang='lat' dir='ltr'><strong>legum</strong></span> 
     </span>
    </p>
   </div>
   <div class='ocr_carea' id='block_1_58' title="bbox 569 4004 2152 4077">
    <p class='ocr_par' dir='ltr' id='par_1_58' title="bbox 569 4004 2152 4077">
     <span class='ocr_line' id='line_1_58' title="bbox 569 4004 2152 4077; baseline 0.003 -16"><span class='ocrx_word' id='word_1_431' title='bbox 569 4005 869 4061; x_wconf 90' lang='lat' dir='ltr'><strong>conditor:</strong></span> <span class='ocrx_word' id='word_1_432' title='bbox 906 4004 1228 4075; x_wconf 78' lang='lat' dir='ltr'><strong>frequenter</strong></span> <span class='ocrx_word' id='word_1_433' title='bbox 1273 4014 1455 4060; x_wconf 88' lang='lat' dir='ltr'><strong>autem</strong></span> <span class='ocrx_word' id='word_1_434' title='bbox 1510 4006 1674 4061; x_wconf 89' lang='lat' dir='ltr'><strong>insita</strong></span> <span class='ocrx_word' id='word_1_435' title='bbox 1707 4009 1946 4077; x_wconf 89' lang='lat' dir='ltr'><strong>quadam</strong></span> <span class='ocrx_word' id='word_1_436' title='bbox 1992 4011 2152 4066; x_wconf 89' lang='lat' dir='ltr'><strong>beni-</strong></span> 
     </span>
    </p>
   </div>
   <div class='ocr_carea' id='block_1_59' title="bbox 569 4096 2150 4170">
    <p class='ocr_par' dir='ltr' id='par_1_59' title="bbox 569 4096 2150 4170">
     <span class='ocr_line' id='line_1_59' title="bbox 569 4096 2150 4170; baseline 0.005 -21"><span class='ocrx_word' id='word_1_437' title='bbox 569 4096 779 4167; x_wconf 84' lang='lat' dir='ltr'><strong>gnitate</strong></span> <span class='ocrx_word' id='word_1_438' title='bbox 808 4096 1024 4159; x_wconf 89' lang='lat' dir='ltr'><strong>tolerat,</strong></span> <span class='ocrx_word' id='word_1_439' title='bbox 1060 4103 1460 4166; x_wconf 88' lang='lat' dir='ltr'><strong>peceantesque</strong></span> <span class='ocrx_word' id='word_1_440' title='bbox 1505 4098 1773 4165; x_wconf 85' lang='lat' dir='ltr'><strong>sustinet;</strong></span> <span class='ocrx_word' id='word_1_441' title='bbox 1799 4116 2000 4170; x_wconf 84' lang='lat' dir='ltr'><strong>neque,</strong></span> <span class='ocrx_word' id='word_1_442' title='bbox 2051 4117 2150 4157; x_wconf 91' lang='lat' dir='ltr'><strong>an-</strong></span> 
     </span>
    </p>
   </div>
   <div class='ocr_carea' id='block_1_60' title="bbox 569 4186 2155 4258">
    <p class='ocr_par' dir='ltr' id='par_1_60' title="bbox 569 4186 2155 4258">
     <span class='ocr_line' id='line_1_60' title="bbox 569 4186 2155 4258; baseline 0.004 -16"><span class='ocrx_word' id='word_1_443' title='bbox 569 4197 791 4257; x_wconf 91' lang='lat' dir='ltr'><strong>tequam</strong></span> <span class='ocrx_word' id='word_1_444' title='bbox 837 4187 908 4242; x_wconf 90' lang='lat' dir='ltr'><strong>sit</strong></span> <span class='ocrx_word' id='word_1_445' title='bbox 950 4186 1148 4243; x_wconf 88' lang='lat' dir='ltr'><strong>modus</strong></span> <span class='ocrx_word' id='word_1_446' title='bbox 1201 4188 1525 4258; x_wconf 87' lang='lat' dir='ltr'><strong>completus,</strong></span> <span class='ocrx_word' id='word_1_447' title='bbox 1572 4191 1882 4246; x_wconf 87' lang='lat' dir='ltr'><strong>universam</strong></span> <span class='ocrx_word' id='word_1_448' title='bbox 1923 4192 2155 4248; x_wconf 81' lang='lat' dir='ltr'><strong>ell‘undit</strong></span> 
     </span>
    </p>
   </div>
   <div class='ocr_carea' id='block_1_61' title="bbox 574 4276 2151 4353">
    <p class='ocr_par' dir='ltr' id='par_1_61' title="bbox 574 4276 2151 4353">
     <span class='ocr_line' id='line_1_61' title="bbox 574 4276 2151 4353; baseline 0.004 -22"><span class='ocrx_word' id='word_1_449' title='bbox 574 4278 730 4332; x_wconf 91' lang='lat' dir='ltr'><strong>iram.</strong></span> <span class='ocrx_word' id='word_1_450' title='bbox 753 4277 942 4347; x_wconf 83' lang='lat' dir='ltr'><strong>Itaque</strong></span> <span class='ocrx_word' id='word_1_451' title='bbox 970 4276 1109 4332; x_wconf 85' lang='lat' dir='ltr'><strong>dixit</strong></span> <span class='ocrx_word' id='word_1_452' title='bbox 1123 4278 1356 4333; x_wconf 59' lang='lat' dir='ltr'><strong>Abrahae</strong></span> <span class='ocrx_word' id='word_1_453' title='bbox 1380 4296 1391 4330; x_wconf 95' lang='lat'><strong>:</strong></span> <span class='ocrx_word' id='word_1_454' title='bbox 1434 4296 1450 4328; x_wconf 77' lang='grc' dir='ltr'><strong>ι</strong></span> <span class='ocrx_word' id='word_1_455' title='bbox 1479 4278 1732 4334; x_wconf 84' lang='lat' dir='ltr'><strong>Nondum</strong></span> <span class='ocrx_word' id='word_1_456' title='bbox 1759 4281 1907 4334; x_wconf 90' lang='lat' dir='ltr'><strong>enim</strong></span> <span class='ocrx_word' id='word_1_457' title='bbox 1930 4282 2151 4353; x_wconf 88' lang='lat' dir='ltr'><strong>impleta</strong></span> 
     </span>
    </p>
   </div>
   <div class='ocr_carea' id='block_1_62' title="bbox 2228 1809 3828 1895">
    <p class='ocr_par' dir='ltr' id='par_1_62' title="bbox 2228 1809 3828 1895">
     <span class='ocr_line' id='line_1_62' title="bbox 2228 1809 3828 1895; baseline -0.008 -20"><span class='ocrx_word' id='word_1_458' title='bbox 2228 1819 2415 1895; x_wconf 75' lang='grc' dir='ltr'>εἶπενο</span> <span class='ocrx_word' id='word_1_459' title='bbox 2468 1819 2618 1891; x_wconf 78' lang='grc' dir='ltr'>Αῦτη</span> <span class='ocrx_word' id='word_1_460' title='bbox 2659 1821 2692 1889; x_wconf 81' lang='grc' dir='ltr'>ἡ</span> <span class='ocrx_word' id='word_1_461' title='bbox 2739 1817 2922 1871; x_wconf 81' lang='grc' dir='ltr'><strong>ἀδικία</strong></span> <span class='ocrx_word' id='word_1_462' title='bbox 2950 1815 3128 1871; x_wconf 76' lang='grc' dir='ltr'>αὐτῶν</span> <span class='ocrx_word' id='word_1_463' title='bbox 3170 1815 3230 1869; x_wconf 82' lang='grc' dir='ltr'>ὲν</span> <span class='ocrx_word' id='word_1_464' title='bbox 3262 1812 3430 1883; x_wconf 79' lang='grc' dir='ltr'>πάσῃ</span> <span class='ocrx_word' id='word_1_465' title='bbox 3475 1813 3545 1882; x_wconf 83' lang='grc' dir='ltr'>τῇ</span> <span class='ocrx_word' id='word_1_466' title='bbox 3586 1813 3679 1880; x_wconf 81' lang='grc' dir='ltr'><strong>γῇ.</strong></span> <span class='ocrx_word' id='word_1_467' title='bbox 3727 1809 3828 1863; x_wconf 86' lang='lat' dir='ltr'><strong>Kal</strong></span> 
     </span>
    </p>
   </div>
   <div class='ocr_carea' id='block_1_63' title="bbox 2232 1901 3825 1981">
    <p class='ocr_par' dir='ltr' id='par_1_63' title="bbox 2232 1901 3825 1981">
     <span class='ocr_line' id='line_1_63' title="bbox 2232 1901 3825 1981; baseline -0.009 -13"><span class='ocrx_word' id='word_1_468' title='bbox 2232 1914 2338 1968; x_wconf 80' lang='grc' dir='ltr'>ἰδοὺ</span> <span class='ocrx_word' id='word_1_469' title='bbox 2390 1911 2652 1966; x_wconf 87' lang='grc' dir='ltr'>τάλαντον</span> <span class='ocrx_word' id='word_1_470' title='bbox 2709 1908 2956 1981; x_wconf 84' lang='grc' dir='ltr'>μολίϐδου</span> <span class='ocrx_word' id='word_1_471' title='bbox 3000 1906 3381 1979; x_wconf 83' lang='grc' dir='ltr'>ὲξαιρόμενον,</span> <span class='ocrx_word' id='word_1_472' title='bbox 3444 1903 3545 1956; x_wconf 80' lang='grc' dir='ltr'><strong>καὶ</strong></span> <span class='ocrx_word' id='word_1_473' title='bbox 3595 1901 3704 1954; x_wconf 78' lang='grc' dir='ltr'>ἰδοὺ</span> <span class='ocrx_word' id='word_1_474' title='bbox 3738 1901 3825 1970; x_wconf 81' lang='grc' dir='ltr'><strong>μία</strong></span> 
     </span>
    </p>
   </div>
   <div class='ocr_carea' id='block_1_64' title="bbox 2228 1990 3824 2074">
    <p class='ocr_par' dir='ltr' id='par_1_64' title="bbox 2228 1990 3824 2074">
     <span class='ocr_line' id='line_1_64' title="bbox 2228 1990 3824 2074; baseline -0.008 -18"><span class='ocrx_word' id='word_1_475' title='bbox 2228 2002 2364 2074; x_wconf 82' lang='grc' dir='ltr'>γυνὴ</span> <span class='ocrx_word' id='word_1_476' title='bbox 2393 2002 2626 2071; x_wconf 79' lang='grc' dir='ltr'>ἐκάθητο</span> <span class='ocrx_word' id='word_1_477' title='bbox 2668 2002 2726 2053; x_wconf 82' lang='grc' dir='ltr'>ὲν</span> <span class='ocrx_word' id='word_1_478' title='bbox 2767 1999 2915 2071; x_wconf 83' lang='grc' dir='ltr'>μέσῳ</span> <span class='ocrx_word' id='word_1_479' title='bbox 2951 1999 3045 2052; x_wconf 89' lang='grc' dir='ltr'><strong>τοῦ</strong></span> <span class='ocrx_word' id='word_1_480' title='bbox 3087 1998 3290 2069; x_wconf 84' lang='grc' dir='ltr'>μέτρου</span> <span class='ocrx_word' id='word_1_481' title='bbox 3313 2012 3328 2026; x_wconf 83' lang='lat'><strong><em>°</em></strong></span> <span class='ocrx_word' id='word_1_482' title='bbox 3366 1995 3472 2049; x_wconf 75' lang='grc' dir='ltr'>καὶ</span> <span class='ocrx_word' id='word_1_483' title='bbox 3504 1992 3699 2065; x_wconf 68' lang='grc' dir='ltr'>ἔρριψε</span> <span class='ocrx_word' id='word_1_484' title='bbox 3740 1990 3824 2044; x_wconf 81' lang='grc' dir='ltr'>τὸν</span> 
     </span>
    </p>
   </div>
   <div class='ocr_carea' id='block_1_65' title="bbox 2228 2081 3823 2163">
    <p class='ocr_par' dir='ltr' id='par_1_65' title="bbox 2228 2081 3823 2163">
     <span class='ocr_line' id='line_1_65' title="bbox 2228 2081 3823 2163; baseline -0.007 -16"><span class='ocrx_word' id='word_1_485' title='bbox 2228 2094 2375 2148; x_wconf 85' lang='grc' dir='ltr'>λίθον</span> <span class='ocrx_word' id='word_1_486' title='bbox 2403 2092 2496 2147; x_wconf 89' lang='grc' dir='ltr'><strong>τοῦ</strong></span> <span class='ocrx_word' id='word_1_487' title='bbox 2529 2092 2777 2163; x_wconf 87' lang='grc' dir='ltr'>μολίϐδου</span> <span class='ocrx_word' id='word_1_488' title='bbox 2802 2093 2882 2155; x_wconf 86' lang='grc' dir='ltr'><strong>είς</strong></span> <span class='ocrx_word' id='word_1_489' title='bbox 2905 2091 2968 2144; x_wconf 82' lang='grc' dir='ltr'><strong>τὸ</strong></span> <span class='ocrx_word' id='word_1_490' title='bbox 2994 2090 3169 2161; x_wconf 82' lang='grc' dir='ltr'>στόμα</span> <span class='ocrx_word' id='word_1_491' title='bbox 3197 2088 3381 2158; x_wconf 79' lang='grc' dir='ltr'>αὐτῆς</span> <span class='ocrx_word' id='word_1_492' title='bbox 3399 2104 3413 2118; x_wconf 81' lang='grc'><strong>⁸</strong></span> <span class='ocrx_word' id='word_1_493' title='bbox 3443 2086 3544 2141; x_wconf 72' lang='grc' dir='ltr'><strong>καὶ</strong></span> <span class='ocrx_word' id='word_1_494' title='bbox 3567 2081 3682 2156; x_wconf 83' lang='grc' dir='ltr'>ἦρα</span> <span class='ocrx_word' id='word_1_495' title='bbox 3704 2086 3823 2148; x_wconf 80' lang='grc' dir='ltr'>τοὺς</span> 
     </span>
    </p>
   </div>
   <div class='ocr_carea' id='block_1_66' title="bbox 2236 2176 3823 2257">
    <p class='ocr_par' dir='ltr' id='par_1_66' title="bbox 2236 2176 3823 2257">
     <span class='ocr_line' id='line_1_66' title="bbox 2236 2176 3823 2257; baseline -0.008 -17"><span class='ocrx_word' id='word_1_496' title='bbox 2236 2184 2567 2257; x_wconf 78' lang='grc' dir='ltr'>ὀφθαλμοὺς,</span> <span class='ocrx_word' id='word_1_497' title='bbox 2606 2183 2701 2238; x_wconf 66' lang='grc' dir='ltr'><strong>καὶ</strong></span> <span class='ocrx_word' id='word_1_498' title='bbox 2731 2179 2867 2236; x_wconf 77' lang='grc' dir='ltr'>εἶδον</span> <span class='ocrx_word' id='word_1_499' title='bbox 2893 2198 2907 2212; x_wconf 72' lang='grc' dir='ltr'><strong>ο</strong></span> <span class='ocrx_word' id='word_1_500' title='bbox 2942 2183 3039 2235; x_wconf 77' lang='grc' dir='ltr'>καὶ</span> <span class='ocrx_word' id='word_1_501' title='bbox 3068 2180 3177 2234; x_wconf 80' lang='grc' dir='ltr'>ἰδοὺ</span> <span class='ocrx_word' id='word_1_502' title='bbox 3225 2179 3324 2233; x_wconf 92' lang='grc' dir='ltr'><strong>δύο</strong></span> <span class='ocrx_word' id='word_1_503' title='bbox 3359 2179 3632 2247; x_wconf 84' lang='grc' dir='ltr'>γυναῖκες</span> <span class='ocrx_word' id='word_1_504' title='bbox 3671 2176 3823 2229; x_wconf 76' lang='grc' dir='ltr'>ἔκπο-</span> 
     </span>
    </p>
   </div>
   <div class='ocr_carea' id='block_1_67' title="bbox 2233 2266 3818 2350">
    <p class='ocr_par' dir='ltr' id='par_1_67' title="bbox 2233 2266 3818 2350">
     <span class='ocr_line' id='line_1_67' title="bbox 2233 2266 3818 2350; baseline -0.008 -20"><span class='ocrx_word' id='word_1_505' title='bbox 2233 2277 2541 2350; x_wconf 84' lang='grc' dir='ltr'>ρευόμεναι,</span> <span class='ocrx_word' id='word_1_506' title='bbox 2574 2273 2669 2328; x_wconf 63' lang='grc' dir='ltr'><strong>καὶ⁹</strong></span> <span class='ocrx_word' id='word_1_507' title='bbox 2701 2271 2919 2342; x_wconf 88' lang='grc' dir='ltr'>πνεῦμα</span> <span class='ocrx_word' id='word_1_508' title='bbox 2940 2272 3000 2324; x_wconf 85' lang='grc' dir='ltr'>ὲν</span> <span class='ocrx_word' id='word_1_509' title='bbox 3027 2273 3146 2334; x_wconf 85' lang='grc' dir='ltr'>ταῖς</span> <span class='ocrx_word' id='word_1_510' title='bbox 3184 2266 3671 2339; x_wconf 65' lang='grc' dir='ltr'>πτέρυξινιαύτῶν</span> <span class='ocrx_word' id='word_1_511' title='bbox 3690 2284 3705 2298; x_wconf 77' lang='grc' dir='ltr'><strong>ο</strong></span> <span class='ocrx_word' id='word_1_512' title='bbox 3734 2268 3818 2320; x_wconf 75' lang='grc' dir='ltr'><strong>καὶ</strong></span> 
     </span>
    </p>
   </div>
   <div class='ocr_carea' id='block_1_68' title="bbox 2231 2358 3819 2436">
    <p class='ocr_par' dir='ltr' id='par_1_68' title="bbox 2231 2358 3819 2436">
     <span class='ocr_line' id='line_1_68' title="bbox 2231 2358 3819 2436; baseline -0.008 -15"><span class='ocrx_word' id='word_1_513' title='bbox 2231 2360 2389 2421; x_wconf 76' lang='grc' dir='ltr'>αὗται</span> <span class='ocrx_word' id='word_1_514' title='bbox 2442 2365 2589 2436; x_wconf 84' lang='grc' dir='ltr'>εἶχον</span> <span class='ocrx_word' id='word_1_515' title='bbox 2645 2363 2922 2435; x_wconf 87' lang='grc' dir='ltr'>πτέρυγας</span> <span class='ocrx_word' id='word_1_516' title='bbox 2968 2360 3044 2424; x_wconf 79' lang='grc' dir='ltr'>ὡς</span> <span class='ocrx_word' id='word_1_517' title='bbox 3095 2361 3374 2432; x_wconf 80' lang='grc' dir='ltr'>πτέρυγες</span> <span class='ocrx_word' id='word_1_518' title='bbox 3429 2358 3680 2420; x_wconf 76' lang='grc' dir='ltr'>ἔποπος·</span> <span class='ocrx_word' id='word_1_519' title='bbox 3734 2358 3819 2409; x_wconf 75' lang='grc' dir='ltr'><strong>καὶ</strong></span> 
     </span>
    </p>
   </div>
   <div class='ocr_carea' id='block_1_69' title="bbox 2232 2438 3821 2524">
    <p class='ocr_par' dir='ltr' id='par_1_69' title="bbox 2232 2438 3821 2524">
     <span class='ocr_line' id='line_1_69' title="bbox 2232 2438 3821 2524; baseline -0.006 -15"><span class='ocrx_word' id='word_1_520' title='bbox 2232 2454 2491 2510; x_wconf 84' lang='grc' dir='ltr'>ἀνέλαϐον</span> <span class='ocrx_word' id='word_1_521' title='bbox 2536 2455 2598 2507; x_wconf 85' lang='grc' dir='ltr'><strong>τὸ</strong></span> <span class='ocrx_word' id='word_1_522' title='bbox 2654 2452 2852 2524; x_wconf 85' lang='grc' dir='ltr'>μέτρον</span> <span class='ocrx_word' id='word_1_523' title='bbox 2901 2451 3004 2504; x_wconf 88' lang='grc' dir='ltr'><strong>ἀνά</strong></span> <span class='ocrx_word' id='word_1_524' title='bbox 3041 2449 3205 2519; x_wconf 86' lang='grc' dir='ltr'>μέσον</span> <span class='ocrx_word' id='word_1_525' title='bbox 3256 2450 3364 2520; x_wconf 81' lang='grc' dir='ltr'>τῆς</span> <span class='ocrx_word' id='word_1_526' title='bbox 3421 2449 3553 2518; x_wconf 82' lang='grc' dir='ltr'>γῆς,</span> <span class='ocrx_word' id='word_1_527' title='bbox 3591 2447 3686 2501; x_wconf 56' lang='grc' dir='ltr'>καὶ.</span> <span class='ocrx_word' id='word_1_528' title='bbox 3724 2438 3821 2500; x_wconf 75' lang='grc' dir='ltr'><strong>άνά</strong></span> 
     </span>
    </p>
   </div>
   <div class='ocr_carea' id='block_1_70' title="bbox 2237 2537 3824 2616">
    <p class='ocr_par' dir='ltr' id='par_1_70' title="bbox 2237 2537 3824 2616">
     <span class='ocr_line' id='line_1_70' title="bbox 2237 2537 3824 2616; baseline -0.008 -16"><span class='ocrx_word' id='word_1_529' title='bbox 2237 2547 2400 2616; x_wconf 80' lang='grc' dir='ltr'>μέσον</span> <span class='ocrx_word' id='word_1_530' title='bbox 2432 2544 2525 2600; x_wconf 89' lang='grc' dir='ltr'><strong>τοῦ</strong></span> <span class='ocrx_word' id='word_1_531' title='bbox 2552 2543 2802 2616; x_wconf 79' lang='grc' dir='ltr'>ούρανοῦ.</span> <span class='ocrx_word' id='word_1_532' title='bbox 2832 2544 2941 2597; x_wconf 80' lang='lat' dir='ltr'><strong>Kal</strong></span> <span class='ocrx_word' id='word_1_533' title='bbox 2973 2538 3102 2596; x_wconf 71' lang='grc' dir='ltr'>εἶπα</span> <span class='ocrx_word' id='word_1_534' title='bbox 3144 2542 3283 2614; x_wconf 68' lang='grc' dir='ltr'>πρὸς</span> <span class='ocrx_word' id='word_1_535' title='bbox 3321 2540 3427 2594; x_wconf 78' lang='grc' dir='ltr'><strong>τὸν</strong></span> <span class='ocrx_word' id='word_1_536' title='bbox 3476 2538 3708 2608; x_wconf 79' lang='grc' dir='ltr'>ἄγγελον</span> <span class='ocrx_word' id='word_1_537' title='bbox 3744 2537 3824 2588; x_wconf 76' lang='grc' dir='ltr'>τὸν</span> 
     </span>
    </p>
   </div>
   <div class='ocr_carea' id='block_1_71' title="bbox 2234 2626 3821 2706">
    <p class='ocr_par' dir='ltr' id='par_1_71' title="bbox 2234 2626 3821 2706">
     <span class='ocr_line' id='line_1_71' title="bbox 2234 2626 3821 2706; baseline -0.006 -17"><span class='ocrx_word' id='word_1_538' title='bbox 2234 2634 2497 2689; x_wconf 78' lang='grc' dir='ltr'>λαλοῦντα</span> <span class='ocrx_word' id='word_1_539' title='bbox 2522 2638 2577 2689; x_wconf 79' lang='grc' dir='ltr'>ὲν</span> <span class='ocrx_word' id='word_1_540' title='bbox 2607 2634 2730 2706; x_wconf 76' lang='grc' dir='ltr'>ἐμοί</span> <span class='ocrx_word' id='word_1_541' title='bbox 2751 2652 2765 2666; x_wconf 68' lang='grc' dir='ltr'><strong>ι</strong></span> <span class='ocrx_word' id='word_1_542' title='bbox 2792 2634 2901 2688; x_wconf 86' lang='grc' dir='ltr'>Ποῦ</span> <span class='ocrx_word' id='word_1_543' title='bbox 2928 2626 3090 2688; x_wconf 70' lang='grc' dir='ltr'>αὗται</span> <span class='ocrx_word' id='word_1_544' title='bbox 3120 2632 3482 2704; x_wconf 76' lang='grc' dir='ltr'>ἀποφέρουσι</span> <span class='ocrx_word' id='word_1_545' title='bbox 3514 2629 3575 2683; x_wconf 85' lang='grc' dir='ltr'><strong>τὸ</strong></span> <span class='ocrx_word' id='word_1_546' title='bbox 3606 2629 3821 2700; x_wconf 85' lang='grc' dir='ltr'>μέτρον;</span> 
     </span>
    </p>
   </div>
   <div class='ocr_carea' id='block_1_72' title="bbox 2237 2720 3820 2798">
    <p class='ocr_par' dir='ltr' id='par_1_72' title="bbox 2237 2720 3820 2798">
     <span class='ocr_line' id='line_1_72' title="bbox 2237 2720 3820 2798; baseline -0.006 -18"><span class='ocrx_word' id='word_1_547' title='bbox 2237 2728 2348 2781; x_wconf 88' lang='lat' dir='ltr'><strong>Kal</strong></span> <span class='ocrx_word' id='word_1_548' title='bbox 2386 2725 2505 2780; x_wconf 77' lang='grc' dir='ltr'>εἷπε</span> <span class='ocrx_word' id='word_1_549' title='bbox 2536 2725 2672 2798; x_wconf 89' lang='grc' dir='ltr'>πρός</span> <span class='ocrx_word' id='word_1_550' title='bbox 2705 2741 2800 2796; x_wconf 81' lang='grc' dir='ltr'>με’</span> <span class='ocrx_word' id='word_1_551' title='bbox 2850 2724 3218 2796; x_wconf 83' lang='grc' dir='ltr'>Οἰκοδομῆσαι</span> <span class='ocrx_word' id='word_1_552' title='bbox 3269 2720 3440 2793; x_wconf 71' lang='grc' dir='ltr'>αὺτῷ</span> <span class='ocrx_word' id='word_1_553' title='bbox 3469 2720 3649 2775; x_wconf 79' lang='grc' dir='ltr'>οἰκίαν</span> <span class='ocrx_word' id='word_1_554' title='bbox 3674 2721 3728 2771; x_wconf 79' lang='grc' dir='ltr'>ὲν</span> <span class='ocrx_word' id='word_1_555' title='bbox 3758 2720 3820 2788; x_wconf 77' lang='grc' dir='ltr'>γῇ</span> 
     </span>
    </p>
   </div>
   <div class='ocr_carea' id='block_1_73' title="bbox 2237 2813 3823 2889">
    <p class='ocr_par' dir='ltr' id='par_1_73' title="bbox 2237 2813 3823 2889">
     <span class='ocr_line' id='line_1_73' title="bbox 2237 2813 3823 2889; baseline -0.006 -15"><span class='ocrx_word' id='word_1_556' title='bbox 2237 2820 2577 2883; x_wconf 80' lang='grc' dir='ltr'>Βαϐυλῶνος,</span> <span class='ocrx_word' id='word_1_557' title='bbox 2626 2821 2718 2873; x_wconf 71' lang='grc' dir='ltr'><strong>καὶ</strong></span> <span class='ocrx_word' id='word_1_558' title='bbox 2756 2819 3060 2889; x_wconf 78' lang='grc' dir='ltr'>ἑτοιμάσαι,</span> <span class='ocrx_word' id='word_1_559' title='bbox 3095 2817 3190 2870; x_wconf 66' lang='grc' dir='ltr'><strong>καὶ</strong></span> <span class='ocrx_word' id='word_1_560' title='bbox 3234 2816 3513 2886; x_wconf 83' lang='grc' dir='ltr'>Θήσ-ουσιν</span> <span class='ocrx_word' id='word_1_561' title='bbox 3557 2813 3688 2866; x_wconf 83' lang='grc' dir='ltr'>αὐτὸ</span> <span class='ocrx_word' id='word_1_562' title='bbox 3717 2813 3823 2865; x_wconf 74' lang='grc' dir='ltr'>ἐκεῖ</span> 
     </span>
    </p>
   </div>
   <div class='ocr_carea' id='block_1_74' title="bbox 2239 2906 3821 2983">
    <p class='ocr_par' dir='ltr' id='par_1_74' title="bbox 2239 2906 3821 2983">
     <span class='ocr_line' id='line_1_74' title="bbox 2239 2906 3821 2983; baseline -0.004 -18"><span class='ocrx_word' id='word_1_563' title='bbox 2239 2908 2331 2965; x_wconf 72' lang='grc' dir='ltr'>ἐπὶ</span> <span class='ocrx_word' id='word_1_564' title='bbox 2358 2913 2458 2983; x_wconf 82' lang='grc' dir='ltr'>τὴν</span> <span class='ocrx_word' id='word_1_565' title='bbox 2494 2911 2809 2983; x_wconf 84' lang='grc' dir='ltr'>έτοιμασίαν</span> <span class='ocrx_word' id='word_1_566' title='bbox 2842 2910 3029 2964; x_wconf 83' lang='grc' dir='ltr'>αὐτοῦ.</span> <span class='ocrx_word' id='word_1_567' title='bbox 3067 2929 3085 2961; x_wconf 74' lang='grc' dir='ltr'><strong>ι</strong></span> <span class='ocrx_word' id='word_1_568' title='bbox 3111 2908 3300 2962; x_wconf 82' lang='grc' dir='ltr'>Βούλει</span> <span class='ocrx_word' id='word_1_569' title='bbox 3359 2907 3615 2978; x_wconf 86' lang='grc' dir='ltr'>λέγωμεν</span> <span class='ocrx_word' id='word_1_570' title='bbox 3654 2906 3720 2958; x_wconf 79' lang='grc' dir='ltr'>τὰ</span> <span class='ocrx_word' id='word_1_571' title='bbox 3746 2906 3821 2971; x_wconf 74' lang='grc' dir='ltr'><strong>ἐφ’</strong></span> 
     </span>
    </p>
   </div>
   <div class='ocr_carea' id='block_1_75' title="bbox 2242 3000 3385 3075">
    <p class='ocr_par' dir='ltr' id='par_1_75' title="bbox 2242 3000 3385 3075">
     <span class='ocr_line' id='line_1_75' title="bbox 2242 3000 3385 3075; baseline -0.004 -17"><span class='ocrx_word' id='word_1_572' title='bbox 2242 3005 2458 3075; x_wconf 78' lang='grc' dir='ltr'>ἑκάστῳ</span> <span class='ocrx_word' id='word_1_573' title='bbox 2483 3004 2666 3070; x_wconf 85' lang='grc' dir='ltr'>πάλιν,</span> <span class='ocrx_word' id='word_1_574' title='bbox 2703 3004 2798 3057; x_wconf 73' lang='grc' dir='ltr'>καὶ</span> <span class='ocrx_word' id='word_1_575' title='bbox 2836 3001 3129 3074; x_wconf 84' lang='grc' dir='ltr'>θεωρῶμεν</span> <span class='ocrx_word' id='word_1_576' title='bbox 3156 3001 3231 3066; x_wconf 88' lang='grc' dir='ltr'>ὼς</span> <span class='ocrx_word' id='word_1_577' title='bbox 3259 3000 3339 3056; x_wconf 76' lang='grc' dir='ltr'>ἔνι</span> <span class='ocrx_word' id='word_1_578' title='bbox 3369 3018 3385 3069; x_wconf 89' lang='grc'><strong>;</strong></span> 
     </span>
    </p>
   </div>
   <div class='ocr_carea' id='block_1_76' title="bbox 2169 3078 2972 3165">
    <p class='ocr_par' dir='ltr' id='par_1_76' title="bbox 2169 3078 2972 3165">
     <span class='ocr_line' id='line_1_76' title="bbox 2169 3078 2972 3165; baseline -0.001 -15"><span class='ocrx_word' id='word_1_579' title='bbox 2169 3078 2210 3135; x_wconf 76' lang='lat' dir='ltr'><strong><em>C</em></strong></span> <span class='ocrx_word' id='word_1_580' title='bbox 2315 3096 2522 3150; x_wconf 81' lang='grc' dir='ltr'><strong>ΠΑΛΛ.</strong></span> <span class='ocrx_word' id='word_1_581' title='bbox 2558 3095 2705 3149; x_wconf 85' lang='grc' dir='ltr'>Πάνυ</span> <span class='ocrx_word' id='word_1_582' title='bbox 2736 3095 2832 3165; x_wconf 80' lang='grc' dir='ltr'><strong>μὲν</strong></span> <span class='ocrx_word' id='word_1_583' title='bbox 2858 3090 2972 3149; x_wconf 77' lang='grc' dir='ltr'>οὖν.</span> 
     </span>
    </p>
   </div>
   <div class='ocr_carea' id='block_1_77' title="bbox 630 3186 2181 3258">
    <p class='ocr_par' dir='ltr' id='par_1_77' title="bbox 630 3186 2181 3258">
     <span class='ocr_line' id='line_1_77' title="bbox 630 3186 2181 3258; baseline 0 -16"><span class='ocrx_word' id='word_1_584' title='bbox 630 3186 788 3242; x_wconf 82' lang='lat' dir='ltr'><strong>CYR.</strong></span> <span class='ocrx_word' id='word_1_585' title='bbox 833 3186 1148 3242; x_wconf 82' lang='lat' dir='ltr'><strong>Mensuram</strong></span> <span class='ocrx_word' id='word_1_586' title='bbox 1199 3186 1526 3258; x_wconf 88' lang='lat' dir='ltr'><strong>quamdam,</strong></span> <span class='ocrx_word' id='word_1_587' title='bbox 1576 3202 1698 3257; x_wconf 81' lang='lat' dir='ltr'><strong>quae</strong></span> <span class='ocrx_word' id='word_1_588' title='bbox 1731 3188 1800 3242; x_wconf 87' lang='lat' dir='ltr'><strong>ab</strong></span> <span class='ocrx_word' id='word_1_589' title='bbox 1835 3188 2141 3244; x_wconf 80' lang='lat' dir='ltr'><strong>Jerusalem</strong></span> <span class='ocrx_word' id='word_1_590' title='bbox 2178 3248 2181 3251; x_wconf 29' lang='grc' dir='ltr'><strong>η</strong></span> 
     </span>
    </p>
   </div>
   <div class='ocr_carea' id='block_1_78' title="bbox 2314 3180 3818 3257">
    <p class='ocr_par' dir='ltr' id='par_1_78' title="bbox 2314 3180 3818 3257">
     <span class='ocr_line' id='line_1_78' title="bbox 2314 3180 3818 3257; baseline -0.006 -16"><span class='ocrx_word' id='word_1_591' title='bbox 2314 3186 2478 3241; x_wconf 83' lang='grc' dir='ltr'><strong>ΚΥΡ.</strong></span> <span class='ocrx_word' id='word_1_592' title='bbox 2521 3185 2736 3257; x_wconf 87' lang='grc' dir='ltr'>Μέτρον</span> <span class='ocrx_word' id='word_1_593' title='bbox 2774 3202 2828 3237; x_wconf 90' lang='grc' dir='ltr'><strong>τι</strong></span> <span class='ocrx_word' id='word_1_594' title='bbox 2869 3184 2968 3256; x_wconf 82' lang='grc' dir='ltr'>τῆς</span> <span class='ocrx_word' id='word_1_595' title='bbox 3026 3182 3397 3255; x_wconf 85' lang='grc' dir='ltr'>Ἰερουσαλὴμ</span> <span class='ocrx_word' id='word_1_596' title='bbox 3441 3180 3697 3254; x_wconf 84' lang='grc' dir='ltr'>ὲκτρέχον</span> <span class='ocrx_word' id='word_1_597' title='bbox 3737 3194 3818 3232; x_wconf 81' lang='grc' dir='ltr'>τε·</span> 
     </span>
    </p>
   </div>
   <div class='ocr_carea' id='block_1_79' title="bbox 2250 3272 3815 3344">
    <p class='ocr_par' dir='ltr' id='par_1_79' title="bbox 2250 3272 3815 3344">
     <span class='ocr_line' id='line_1_79' title="bbox 2250 3272 3815 3344; baseline -0.007 -14"><span class='ocrx_word' id='word_1_598' title='bbox 2250 3276 2436 3330; x_wconf 87' lang='grc' dir='ltr'>θέαται</span> <span class='ocrx_word' id='word_1_599' title='bbox 2471 3276 2569 3344; x_wconf 84' lang='grc' dir='ltr'><strong>μὲν</strong></span> <span class='ocrx_word' id='word_1_600' title='bbox 2600 3274 2628 3325; x_wconf 89' lang='grc' dir='ltr'>ὁ</span> <span class='ocrx_word' id='word_1_601' title='bbox 2654 3274 2961 3343; x_wconf 82' lang='grc' dir='ltr'>προφήτης,</span> <span class='ocrx_word' id='word_1_602' title='bbox 2996 3273 3240 3344; x_wconf 75' lang='grc' dir='ltr'>ἐρομένῳ</span> <span class='ocrx_word' id='word_1_603' title='bbox 3266 3273 3322 3327; x_wconf 85' lang='grc' dir='ltr'><strong>δὲ</strong></span> <span class='ocrx_word' id='word_1_604' title='bbox 3359 3275 3393 3327; x_wconf 87' lang='grc' dir='ltr'><strong>ὃ</strong></span> <span class='ocrx_word' id='word_1_605' title='bbox 3415 3273 3483 3341; x_wconf 42' lang='grc' dir='ltr'>τί,</span> <span class='ocrx_word' id='word_1_606' title='bbox 3516 3273 3631 3324; x_wconf 78' lang='grc' dir='ltr'>ποτ’</span> <span class='ocrx_word' id='word_1_607' title='bbox 3662 3272 3815 3331; x_wconf 82' lang='grc' dir='ltr'>ἐστιν,</span> 
     </span>
    </p>
   </div>
   <div class='ocr_carea' id='block_1_80' title="bbox 2245 3362 3814 3439">
    <p class='ocr_par' dir='ltr' id='par_1_80' title="bbox 2245 3362 3814 3439">
     <span class='ocr_line' id='line_1_80' title="bbox 2245 3362 3814 3439; baseline -0.008 -15"><span class='ocrx_word' id='word_1_608' title='bbox 2245 3372 2274 3423; x_wconf 93' lang='lat'><strong>6</strong></span> <span class='ocrx_word' id='word_1_609' title='bbox 2312 3368 2543 3439; x_wconf 83' lang='grc' dir='ltr'>ἀγγελος</span> <span class='ocrx_word' id='word_1_610' title='bbox 2573 3366 2676 3437; x_wconf 83' lang='grc' dir='ltr'>ἔφη</span> <span class='ocrx_word' id='word_1_611' title='bbox 2698 3382 2712 3397; x_wconf 91' lang='grc'><strong>·</strong></span> <span class='ocrx_word' id='word_1_612' title='bbox 2743 3386 2762 3418; x_wconf 73' lang='grc' dir='ltr'><strong>ι</strong></span> <span class='ocrx_word' id='word_1_613' title='bbox 2797 3365 2944 3436; x_wconf 77' lang='grc' dir='ltr'>Αὕτη</span> <span class='ocrx_word' id='word_1_614' title='bbox 2981 3367 3013 3437; x_wconf 86' lang='grc' dir='ltr'><strong>ή</strong></span> <span class='ocrx_word' id='word_1_615' title='bbox 3048 3365 3229 3420; x_wconf 83' lang='grc' dir='ltr'>ἀδικία</span> <span class='ocrx_word' id='word_1_616' title='bbox 3272 3366 3461 3420; x_wconf 80' lang='grc' dir='ltr'>αὐτῶν</span> <span class='ocrx_word' id='word_1_617' title='bbox 3496 3366 3556 3418; x_wconf 82' lang='grc' dir='ltr'><strong>έν</strong></span> <span class='ocrx_word' id='word_1_618' title='bbox 3586 3363 3729 3433; x_wconf 83' lang='grc' dir='ltr'>πάσῃ</span> <span class='ocrx_word' id='word_1_619' title='bbox 3754 3362 3814 3430; x_wconf 77' lang='grc' dir='ltr'>τῇ</span> 
     </span>
    </p>
   </div>
   <div class='ocr_carea' id='block_1_81' title="bbox 2246 3451 3814 3534">
    <p class='ocr_par' dir='ltr' id='par_1_81' title="bbox 2246 3451 3814 3534">
     <span class='ocr_line' id='line_1_81' title="bbox 2246 3451 3814 3534; baseline -0.006 -20"><span class='ocrx_word' id='word_1_620' title='bbox 2246 3466 2337 3534; x_wconf 83' lang='grc' dir='ltr'>γῇ.</span> <span class='ocrx_word' id='word_1_621' title='bbox 2379 3481 2396 3513; x_wconf 79' lang='grc' dir='ltr'><strong>ι</strong></span> <span class='ocrx_word' id='word_1_622' title='bbox 2433 3462 2658 3531; x_wconf 87' lang='grc' dir='ltr'>Ὅμοιον</span> <span class='ocrx_word' id='word_1_623' title='bbox 2696 3459 2774 3523; x_wconf 82' lang='grc' dir='ltr'><strong>δὲ,</strong></span> <span class='ocrx_word' id='word_1_624' title='bbox 2802 3460 2877 3523; x_wconf 86' lang='grc' dir='ltr'>ὼς</span> <span class='ocrx_word' id='word_1_625' title='bbox 2925 3462 2974 3513; x_wconf 79' lang='grc' dir='ltr'><strong>εἰ</strong></span> <span class='ocrx_word' id='word_1_626' title='bbox 3015 3459 3166 3527; x_wconf 82' lang='grc' dir='ltr'>λέγοι</span> <span class='ocrx_word' id='word_1_627' title='bbox 3203 3459 3397 3529; x_wconf 88' lang='grc' dir='ltr'>τυχόν·</span> <span class='ocrx_word' id='word_1_628' title='bbox 3454 3459 3546 3511; x_wconf 87' lang='grc' dir='ltr'><strong>Ἐν</strong></span> <span class='ocrx_word' id='word_1_629' title='bbox 3588 3456 3719 3526; x_wconf 82' lang='grc' dir='ltr'>τῷδε</span> <span class='ocrx_word' id='word_1_630' title='bbox 3747 3451 3814 3518; x_wconf 75' lang='grc' dir='ltr'>τῷ</span> 
     </span>
    </p>
   </div>
   <div class='ocr_carea' id='block_1_82' title="bbox 2252 3545 3813 3626">
    <p class='ocr_par' dir='ltr' id='par_1_82' title="bbox 2252 3545 3813 3626">
     <span class='ocr_line' id='line_1_82' title="bbox 2252 3545 3813 3626; baseline -0.008 -18"><span class='ocrx_word' id='word_1_631' title='bbox 2252 3555 2434 3626; x_wconf 88' lang='grc' dir='ltr'>μέτρῳ</span> <span class='ocrx_word' id='word_1_632' title='bbox 2467 3555 2745 3624; x_wconf 79' lang='grc' dir='ltr'>μετρεῖται</span> <span class='ocrx_word' id='word_1_633' title='bbox 2776 3550 2886 3605; x_wconf 86' lang='grc' dir='ltr'><strong>τῶν</strong></span> <span class='ocrx_word' id='word_1_634' title='bbox 2919 3551 3024 3605; x_wconf 86' lang='grc' dir='ltr'>ἀνὰ</span> <span class='ocrx_word' id='word_1_635' title='bbox 3052 3552 3233 3605; x_wconf 77' lang='grc' dir='ltr'>πᾶσαν</span> <span class='ocrx_word' id='word_1_636' title='bbox 3278 3550 3382 3622; x_wconf 87' lang='grc' dir='ltr'>τὴν</span> <span class='ocrx_word' id='word_1_637' title='bbox 3428 3552 3533 3621; x_wconf 79' lang='grc' dir='ltr'>γῆν</span> <span class='ocrx_word' id='word_1_638' title='bbox 3568 3547 3637 3602; x_wconf 58' lang='lat' dir='ltr'><strong>ea</strong></span> <span class='ocrx_word' id='word_1_639' title='bbox 3687 3545 3813 3600; x_wconf 77' lang='grc' dir='ltr'><strong>κατά</strong></span> 
     </span>
    </p>
   </div>
   <div class='ocr_carea' id='block_1_83' title="bbox 2250 3638 3811 3717">
    <p class='ocr_par' dir='ltr' id='par_1_83' title="bbox 2250 3638 3811 3717">
     <span class='ocr_line' id='line_1_83' title="bbox 2250 3638 3811 3717; baseline -0.007 -18"><span class='ocrx_word' id='word_1_640' title='bbox 2250 3645 2478 3717; x_wconf 79' lang='grc' dir='ltr'>καιροὺς</span> <span class='ocrx_word' id='word_1_641' title='bbox 2523 3641 2992 3714; x_wconf 84' lang='grc' dir='ltr'>πλημμελήματα.</span> <span class='ocrx_word' id='word_1_642' title='bbox 3044 3642 3224 3712; x_wconf 81' lang='grc' dir='ltr'>Μέχρι</span> <span class='ocrx_word' id='word_1_643' title='bbox 3264 3641 3380 3712; x_wconf 79' lang='grc' dir='ltr'>γὰρ</span> <span class='ocrx_word' id='word_1_644' title='bbox 3420 3641 3487 3712; x_wconf 81' lang='grc' dir='ltr'>δὴ</span> <span class='ocrx_word' id='word_1_645' title='bbox 3534 3638 3811 3707; x_wconf 83' lang='grc' dir='ltr'>ποσότητος</span> 
     </span>
    </p>
   </div>
   <div class='ocr_carea' id='block_1_84' title="bbox 2251 3728 3810 3808">
    <p class='ocr_par' dir='ltr' id='par_1_84' title="bbox 2251 3728 3810 3808">
     <span class='ocr_line' id='line_1_84' title="bbox 2251 3728 3810 3808; baseline -0.009 -16"><span class='ocrx_word' id='word_1_646' title='bbox 2251 3738 2493 3808; x_wconf 84' lang='grc' dir='ltr'>φανερᾶς</span> <span class='ocrx_word' id='word_1_647' title='bbox 2517 3735 2758 3806; x_wconf 78' lang='grc' dir='ltr'>ἡκούσης</span> <span class='ocrx_word' id='word_1_648' title='bbox 2777 3734 2934 3805; x_wconf 81' lang='grc' dir='ltr'>ἡμῶν</span> <span class='ocrx_word' id='word_1_649' title='bbox 2959 3736 3057 3805; x_wconf 85' lang='grc' dir='ltr'>τῆς</span> <span class='ocrx_word' id='word_1_650' title='bbox 3083 3733 3381 3805; x_wconf 84' lang='grc' dir='ltr'>ἁμαρτίας,</span> <span class='ocrx_word' id='word_1_651' title='bbox 3406 3732 3602 3800; x_wconf 72' lang='grc' dir='ltr'>ἐπάγει</span> <span class='ocrx_word' id='word_1_652' title='bbox 3621 3729 3682 3801; x_wconf 83' lang='grc' dir='ltr'>δὴ</span> <span class='ocrx_word' id='word_1_653' title='bbox 3702 3728 3810 3781; x_wconf 76' lang='grc' dir='ltr'>τότε</span> 
     </span>
    </p>
   </div>
   <div class='ocr_carea' id='block_1_85' title="bbox 2251 3818 3810 3898">
    <p class='ocr_par' dir='ltr' id='par_1_85' title="bbox 2251 3818 3810 3898">
     <span class='ocr_line' id='line_1_85' title="bbox 2251 3818 3810 3898; baseline -0.008 -14"><span class='ocrx_word' id='word_1_654' title='bbox 2251 3831 2349 3894; x_wconf 85' lang='grc' dir='ltr'>τὰς</span> <span class='ocrx_word' id='word_1_655' title='bbox 2390 3829 2546 3893; x_wconf 85' lang='grc' dir='ltr'>δίκας</span> <span class='ocrx_word' id='word_1_656' title='bbox 2576 3827 2948 3898; x_wconf 73' lang='grc' dir='ltr'>λελυπημένος</span> <span class='ocrx_word' id='word_1_657' title='bbox 2973 3827 3003 3879; x_wconf 93' lang='lat'><strong>6</strong></span> <span class='ocrx_word' id='word_1_658' title='bbox 3036 3825 3357 3896; x_wconf 83' lang='grc' dir='ltr'>νομοθέτης·</span> <span class='ocrx_word' id='word_1_659' title='bbox 3396 3823 3739 3896; x_wconf 82' lang='grc' dir='ltr'>διακαρτερεῖ</span> <span class='ocrx_word' id='word_1_660' title='bbox 3760 3818 3810 3872; x_wconf 78' lang='grc' dir='ltr'>δὲ</span> 
     </span>
    </p>
   </div>
   <div class='ocr_carea' id='block_1_86' title="bbox 2254 3914 3811 3989">
    <p class='ocr_par' dir='ltr' id='par_1_86' title="bbox 2254 3914 3811 3989">
     <span class='ocr_line' id='line_1_86' title="bbox 2254 3914 3811 3989; baseline -0.006 -13"><span class='ocrx_word' id='word_1_661' title='bbox 2254 3920 2513 3984; x_wconf 86' lang='grc' dir='ltr'>πολλάκις</span> <span class='ocrx_word' id='word_1_662' title='bbox 2561 3919 2620 3987; x_wconf 73' lang='grc' dir='ltr'>ἐξ</span> <span class='ocrx_word' id='word_1_663' title='bbox 2660 3919 2904 3989; x_wconf 73' lang='grc' dir='ltr'>ἐμφύτου</span> <span class='ocrx_word' id='word_1_664' title='bbox 2947 3917 3372 3989; x_wconf 81' lang='grc' dir='ltr'>φιλανθρωπίας,</span> <span class='ocrx_word' id='word_1_665' title='bbox 3431 3916 3528 3971; x_wconf 76' lang='grc' dir='ltr'>καὶ</span> <span class='ocrx_word' id='word_1_666' title='bbox 3574 3914 3811 3983; x_wconf 80' lang='grc' dir='ltr'>πλημμεο</span> 
     </span>
    </p>
   </div>
   <div class='ocr_carea' id='block_1_87' title="bbox 2252 4003 3809 4082">
    <p class='ocr_par' dir='ltr' id='par_1_87' title="bbox 2252 4003 3809 4082">
     <span class='ocr_line' id='line_1_87' title="bbox 2252 4003 3809 4082; baseline -0.009 -15"><span class='ocrx_word' id='word_1_667' title='bbox 2252 4014 2486 4067; x_wconf 89' lang='grc' dir='ltr'>λούντων</span> <span class='ocrx_word' id='word_1_668' title='bbox 2518 4012 2790 4082; x_wconf 81' lang='grc' dir='ltr'>ἀνέχεται,</span> <span class='ocrx_word' id='word_1_669' title='bbox 2823 4011 2930 4081; x_wconf 85' lang='grc' dir='ltr'><strong>πρὸ</strong></span> <span class='ocrx_word' id='word_1_670' title='bbox 2962 4010 3063 4080; x_wconf 83' lang='grc' dir='ltr'><strong>τῆς</strong></span> <span class='ocrx_word' id='word_1_671' title='bbox 3104 4008 3551 4080; x_wconf 83' lang='grc' dir='ltr'>συμπληρώσεως</span> <span class='ocrx_word' id='word_1_672' title='bbox 3585 4006 3681 4059; x_wconf 76' lang='grc' dir='ltr'><strong>οὐκ</strong></span> <span class='ocrx_word' id='word_1_673' title='bbox 3710 4003 3809 4056; x_wconf 75' lang='lat' dir='ltr'><strong>eic-</strong></span> 
     </span>
    </p>
   </div>
   <div class='ocr_carea' id='block_1_88' title="bbox 2253 4088 3809 4171">
    <p class='ocr_par' dir='ltr' id='par_1_88' title="bbox 2253 4088 3809 4171">
     <span class='ocr_line' id='line_1_88' title="bbox 2253 4088 3809 4171; baseline -0.012 -11"><span class='ocrx_word' id='word_1_674' title='bbox 2253 4106 2400 4160; x_wconf 87' lang='grc' dir='ltr'>άπαν</span> <span class='ocrx_word' id='word_1_675' title='bbox 2438 4101 2781 4171; x_wconf 81' lang='grc' dir='ltr'>ἀγανακτῶν.</span> <span class='ocrx_word' id='word_1_676' title='bbox 2823 4101 2934 4153; x_wconf 82' lang='lat' dir='ltr'><strong>Kal</strong></span> <span class='ocrx_word' id='word_1_677' title='bbox 2960 4098 3092 4168; x_wconf 90' lang='grc' dir='ltr'>γοῦν</span> <span class='ocrx_word' id='word_1_678' title='bbox 3129 4099 3232 4170; x_wconf 76' lang='grc' dir='ltr'>ἔφη</span> <span class='ocrx_word' id='word_1_679' title='bbox 3262 4099 3400 4169; x_wconf 87' lang='grc' dir='ltr'>πρὸς</span> <span class='ocrx_word' id='word_1_680' title='bbox 3442 4088 3694 4165; x_wconf 82' lang='grc' dir='ltr'><strong>¹Ἀϐραὰμ</strong></span> <span class='ocrx_word' id='word_1_681' title='bbox 3727 4090 3809 4142; x_wconf 84' lang='grc' dir='ltr'>τὸν</span> 
     </span>
    </p>
   </div>
   <div class='ocr_carea' id='block_1_89' title="bbox 2258 4182 3808 4268">
    <p class='ocr_par' dir='ltr' id='par_1_89' title="bbox 2258 4182 3808 4268">
     <span class='ocr_line' id='line_1_89' title="bbox 2258 4182 3808 4268; baseline -0.006 -20"><span class='ocrx_word' id='word_1_682' title='bbox 2258 4197 2430 4268; x_wconf 83' lang='grc' dir='ltr'>ἱερόν·</span> <span class='ocrx_word' id='word_1_683' title='bbox 2484 4213 2503 4246; x_wconf 75' lang='grc' dir='ltr'><strong>ι</strong></span> <span class='ocrx_word' id='word_1_684' title='bbox 2553 4191 2719 4246; x_wconf 76' lang='grc' dir='ltr'>Οὔπω</span> <span class='ocrx_word' id='word_1_685' title='bbox 2758 4193 2866 4264; x_wconf 84' lang='grc' dir='ltr'>γὰρ</span> <span class='ocrx_word' id='word_1_686' title='bbox 2910 4191 3406 4263; x_wconf 85' lang='grc' dir='ltr'>ἀναπεπλήρωνται</span> <span class='ocrx_word' id='word_1_687' title='bbox 3453 4190 3511 4244; x_wconf 78' lang='grc' dir='ltr'>αἱ</span> <span class='ocrx_word' id='word_1_688' title='bbox 3560 4182 3808 4257; x_wconf 80' lang='grc' dir='ltr'>ἁμαρτίαι</span> 
     </span>
    </p>
   </div>
   <div class='ocr_carea' id='block_1_90' title="bbox 2253 4277 3808 4357">
    <p class='ocr_par' dir='ltr' id='par_1_90' title="bbox 2253 4277 3808 4357">
     <span class='ocr_line' id='line_1_90' title="bbox 2253 4277 3808 4357; baseline -0.009 -16"><span class='ocrx_word' id='word_1_689' title='bbox 2253 4287 2362 4341; x_wconf 85' lang='grc' dir='ltr'>τῶν</span> <span class='ocrx_word' id='word_1_690' title='bbox 2399 4285 2741 4357; x_wconf 74' lang='grc' dir='ltr'>’Δμορῤαίων</span> <span class='ocrx_word' id='word_1_691' title='bbox 2793 4284 2898 4347; x_wconf 73' lang='grc' dir='ltr'>ἕως</span> <span class='ocrx_word' id='word_1_692' title='bbox 2933 4281 3027 4336; x_wconf 87' lang='grc' dir='ltr'><strong>τοῦ</strong></span> <span class='ocrx_word' id='word_1_693' title='bbox 3051 4282 3166 4337; x_wconf 85' lang='grc' dir='ltr'>νῦν.</span> <span class='ocrx_word' id='word_1_694' title='bbox 3203 4302 3221 4335; x_wconf 84' lang='grc'><strong>›</strong></span> <span class='ocrx_word' id='word_1_695' title='bbox 3265 4281 3411 4354; x_wconf 83' lang='grc' dir='ltr'>Πρὸς</span> <span class='ocrx_word' id='word_1_696' title='bbox 3445 4281 3643 4341; x_wconf 79' lang='grc' dir='ltr'>δὲτοὺς</span> <span class='ocrx_word' id='word_1_697' title='bbox 3663 4277 3808 4344; x_wconf 76' lang='grc' dir='ltr'>Φαρι-</span> 
     </span>
    </p>
   </div>
   <div class='ocr_carea' id='block_1_91' title="bbox 572 4364 2138 4463">
    <p class='ocr_par' dir='ltr' id='par_1_91' title="bbox 572 4368 2138 4441">
     <span class='ocr_line' id='line_1_91' title="bbox 572 4368 2138 4441; baseline 0.005 -19"><span class='ocrx_word' id='word_1_698' title='bbox 572 4377 702 4423; x_wconf 91' lang='lat' dir='ltr'><strong>sunt</strong></span> <span class='ocrx_word' id='word_1_699' title='bbox 730 4376 953 4439; x_wconf 89' lang='lat' dir='ltr'><strong>peccata</strong></span> <span class='ocrx_word' id='word_1_700' title='bbox 987 4368 1430 4424; x_wconf 71' lang='lat' dir='ltr'><strong>Amorrhaeorum</strong></span> <span class='ocrx_word' id='word_1_701' title='bbox 1463 4386 1636 4441; x_wconf 90' lang='lat' dir='ltr'><strong>usque</strong></span> <span class='ocrx_word' id='word_1_702' title='bbox 1660 4372 1841 4429; x_wconf 90' lang='lat' dir='ltr'><strong>adhuc</strong></span> <span class='ocrx_word' id='word_1_703' title='bbox 1862 4375 1926 4427; x_wconf 80' lang='lat'><strong>&quot;.</strong></span> <span class='ocrx_word' id='word_1_704' title='bbox 1965 4393 1983 4425; x_wconf 75' lang='grc' dir='ltr'><strong>ι</strong></span> <span class='ocrx_word' id='word_1_705' title='bbox 2010 4374 2138 4430; x_wconf 90' lang='lat' dir='ltr'><strong>Pha-</strong></span> 
     </span>
    </p>
   </div>
   <div class='ocr_carea' id='block_1_92' title="bbox 2242 4364 3803 4463">
    <p class='ocr_par' dir='ltr' id='par_1_92' title="bbox 2258 4364 3803 4463">
     <span class='ocr_line' id='line_1_92' title="bbox 2258 4364 3803 4463; baseline -0.01 -29"><span class='ocrx_word' id='word_1_706' title='bbox 2258 4381 2443 4442; x_wconf 87' lang='grc' dir='ltr'>σαίους</span> <span class='ocrx_word' id='word_1_707' title='bbox 2474 4377 2718 4448; x_wconf 84' lang='grc' dir='ltr'>ἀσχέτως</span> <span class='ocrx_word' id='word_1_708' title='bbox 2745 4376 3202 4446; x_wconf 82' lang='grc' dir='ltr'>ὲκλελυττηκότας</span> <span class='ocrx_word' id='word_1_709' title='bbox 3231 4374 3335 4453; x_wconf 81' lang='grc' dir='ltr'>ἔφη</span> <span class='ocrx_word' id='word_1_710' title='bbox 3374 4372 3626 4447; x_wconf 73' lang='grc' dir='ltr'><strong>Χριστός⁹</strong></span> <span class='ocrx_word' id='word_1_711' title='bbox 3656 4364 3803 4463; x_wconf 48' lang='grc' dir='ltr'><strong>σ-Καὶ</strong></span> 
     </span>
    </p>
   </div>
   <div class='ocr_carea' id='block_1_93' title="bbox 575 4457 2138 4542">
    <p class='ocr_par' dir='ltr' id='par_1_93' title="bbox 575 4461 2138 4534">
     <span class='ocr_line' id='line_1_93' title="bbox 575 4461 2138 4534; baseline 0.003 -21"><span class='ocrx_word' id='word_1_712' title='bbox 575 4461 747 4516; x_wconf 70' lang='grc' dir='ltr'>τίεεοὶε</span> <span class='ocrx_word' id='word_1_713' title='bbox 785 4471 990 4527; x_wconf 81' lang='lat' dir='ltr'><strong>autem,</strong></span> <span class='ocrx_word' id='word_1_714' title='bbox 1020 4462 1397 4531; x_wconf 82' lang='lat' dir='ltr'><strong>quiell‘renate</strong></span> <span class='ocrx_word' id='word_1_715' title='bbox 1428 4464 1583 4519; x_wconf 88' lang='lat' dir='ltr'><strong>illum</strong></span> <span class='ocrx_word' id='word_1_716' title='bbox 1613 4465 1994 4534; x_wconf 70' lang='lat' dir='ltr'><strong>offendissent,</strong></span> <span class='ocrx_word' id='word_1_717' title='bbox 2018 4468 2138 4523; x_wconf 76' lang='lat' dir='ltr'><strong>dixil</strong></span> 
     </span>
    </p>
   </div>
   <div class='ocr_carea' id='block_1_94' title="bbox 2242 4457 3799 4542">
    <p class='ocr_par' dir='ltr' id='par_1_94' title="bbox 2258 4457 3799 4542">
     <span class='ocr_line' id='line_1_94' title="bbox 2258 4457 3799 4542; baseline -0.011 -17"><span class='ocrx_word' id='word_1_718' title='bbox 2258 4474 2414 4542; x_wconf 79' lang='grc' dir='ltr'>ὑμεῖς</span> <span class='ocrx_word' id='word_1_719' title='bbox 2458 4468 2781 4540; x_wconf 88' lang='grc' dir='ltr'>πληρώσατε</span> <span class='ocrx_word' id='word_1_720' title='bbox 2813 4467 2876 4520; x_wconf 83' lang='grc' dir='ltr'><strong>τὸ</strong></span> <span class='ocrx_word' id='word_1_721' title='bbox 2910 4467 3105 4539; x_wconf 80' lang='grc' dir='ltr'>μέτρον</span> <span class='ocrx_word' id='word_1_722' title='bbox 3146 4466 3255 4520; x_wconf 84' lang='grc' dir='ltr'><strong>τῶν</strong></span> <span class='ocrx_word' id='word_1_723' title='bbox 3294 4466 3545 4536; x_wconf 82' lang='grc' dir='ltr'>πατέρων</span> <span class='ocrx_word' id='word_1_724' title='bbox 3589 4457 3750 4530; x_wconf 86' lang='grc' dir='ltr'>ὑμῶν.</span> <span class='ocrx_word' id='word_1_725' title='bbox 3779 4470 3799 4504; x_wconf 70' lang='grc' dir='ltr'><strong>ι</strong></span> 
     </span>
    </p>
   </div>
   <div class='ocr_carea' id='block_1_95' title="bbox 574 4551 2156 4628">
    <p class='ocr_par' dir='ltr' id='par_1_95' title="bbox 574 4551 2156 4628">
     <span class='ocr_line' id='line_1_95' title="bbox 574 4551 2156 4628; baseline 0.005 -21"><span class='ocrx_word' id='word_1_726' title='bbox 574 4551 862 4608; x_wconf 85' lang='lat' dir='ltr'><strong>Christus:</strong></span> <span class='ocrx_word' id='word_1_727' title='bbox 906 4572 923 4604; x_wconf 74' lang='grc' dir='ltr'><strong>ι</strong></span> <span class='ocrx_word' id='word_1_728' title='bbox 969 4554 1037 4609; x_wconf 90' lang='lat' dir='ltr'><strong>Et</strong></span> <span class='ocrx_word' id='word_1_729' title='bbox 1064 4570 1162 4609; x_wconf 88' lang='lat' dir='ltr'><strong>vos</strong></span> <span class='ocrx_word' id='word_1_730' title='bbox 1192 4555 1413 4625; x_wconf 88' lang='lat' dir='ltr'><strong>implete</strong></span> <span class='ocrx_word' id='word_1_731' title='bbox 1448 4571 1765 4611; x_wconf 89' lang='lat' dir='ltr'><strong>mensuram</strong></span> <span class='ocrx_word' id='word_1_732' title='bbox 1805 4567 2023 4628; x_wconf 89' lang='lat' dir='ltr'><strong>patrum</strong></span> <span class='ocrx_word' id='word_1_733' title='bbox 2057 4575 2156 4615; x_wconf 84' lang='lat' dir='ltr'><strong>ve-</strong></span> 
     </span>
    </p>
   </div>
   <div class='ocr_carea' id='block_1_96' title="bbox 578 4645 2155 4718">
    <p class='ocr_par' dir='ltr' id='par_1_96' title="bbox 578 4645 2155 4718">
     <span class='ocr_line' id='line_1_96' title="bbox 578 4645 2155 4718; baseline 0.004 -20"><span class='ocrx_word' id='word_1_734' title='bbox 578 4652 818 4699; x_wconf 90' lang='lat' dir='ltr'><strong>strorum</strong></span> <span class='ocrx_word' id='word_1_735' title='bbox 846 4645 913 4700; x_wconf 84' lang='grc'><strong>³³.</strong></span> <span class='ocrx_word' id='word_1_736' title='bbox 954 4664 973 4697; x_wconf 85' lang='grc'><strong>‹</strong></span> <span class='ocrx_word' id='word_1_737' title='bbox 1008 4646 1348 4703; x_wconf 86' lang='lat' dir='ltr'><strong>Procedente</strong></span> <span class='ocrx_word' id='word_1_738' title='bbox 1380 4648 1548 4718; x_wconf 87' lang='lat' dir='ltr'><strong>igitur</strong></span> <span class='ocrx_word' id='word_1_739' title='bbox 1568 4664 1857 4716; x_wconf 87' lang='lat' dir='ltr'><strong>mensura,</strong></span> <span class='ocrx_word' id='word_1_740' title='bbox 1887 4651 2155 4706; x_wconf 88' lang='lat' dir='ltr'><strong>talentum</strong></span> 
     </span>
    </p>
   </div>
   <div class='ocr_carea' id='block_1_97' title="bbox 577 4736 2158 4808">
    <p class='ocr_par' dir='ltr' id='par_1_97' title="bbox 577 4736 2158 4808">
     <span class='ocr_line' id='line_1_97' title="bbox 577 4736 2158 4808; baseline 0.004 -18"><span class='ocrx_word' id='word_1_741' title='bbox 577 4736 786 4807; x_wconf 90' lang='lat' dir='ltr'><strong>plumbi</strong></span> <span class='ocrx_word' id='word_1_742' title='bbox 833 4736 1124 4801; x_wconf 86' lang='lat' dir='ltr'><strong>attollitur,</strong></span> <span class='ocrx_word' id='word_1_743' title='bbox 1165 4737 1519 4808; x_wconf 90' lang='lat' dir='ltr'><strong>injiciturque</strong></span> <span class='ocrx_word' id='word_1_744' title='bbox 1571 4739 1628 4795; x_wconf 88' lang='lat' dir='ltr'><strong>in</strong></span> <span class='ocrx_word' id='word_1_745' title='bbox 1675 4740 1917 4795; x_wconf 89' lang='lat' dir='ltr'><strong>medium</strong></span> <span class='ocrx_word' id='word_1_746' title='bbox 1959 4742 2158 4796; x_wconf 90' lang='lat' dir='ltr'><strong>mulier</strong></span> 
     </span>
    </p>
   </div>
   <div class='ocr_carea' id='block_1_98' title="bbox 580 4824 2155 4898">
    <p class='ocr_par' dir='ltr' id='par_1_98' title="bbox 580 4824 2155 4898">
     <span class='ocr_line' id='line_1_98' title="bbox 580 4824 2155 4898; baseline 0.003 -19"><span class='ocrx_word' id='word_1_747' title='bbox 580 4841 702 4895; x_wconf 64' lang='lat' dir='ltr'><strong>quae</strong></span> <span class='ocrx_word' id='word_1_748' title='bbox 743 4839 1057 4877; x_wconf 89' lang='lat' dir='ltr'><strong>mensuram</strong></span> <span class='ocrx_word' id='word_1_749' title='bbox 1104 4824 1356 4893; x_wconf 90' lang='lat' dir='ltr'><strong>impleret</strong></span> <span class='ocrx_word' id='word_1_750' title='bbox 1380 4867 1395 4891; x_wconf 90' lang='lat'><strong>,</strong></span> <span class='ocrx_word' id='word_1_751' title='bbox 1432 4843 1554 4897; x_wconf 64' lang='lat' dir='ltr'><strong>quae</strong></span> <span class='ocrx_word' id='word_1_752' title='bbox 1603 4827 1767 4883; x_wconf 87' lang='lat' dir='ltr'><strong>etiam</strong></span> <span class='ocrx_word' id='word_1_753' title='bbox 1812 4844 1906 4883; x_wconf 89' lang='lat' dir='ltr'><strong>ore</strong></span> <span class='ocrx_word' id='word_1_754' title='bbox 1942 4829 2155 4898; x_wconf 87' lang='lat' dir='ltr'><strong>plumbi</strong></span> 
     </span>
    </p>
   </div>
   <div class='ocr_carea' id='block_1_99' title="bbox 581 4913 2153 4999">
    <p class='ocr_par' dir='ltr' id='par_1_99' title="bbox 581 4913 2153 4999">
     <span class='ocr_line' id='line_1_99' title="bbox 581 4913 2153 4999; baseline 0.003 -28"><span class='ocrx_word' id='word_1_755' title='bbox 581 4914 817 4986; x_wconf 86' lang='lat' dir='ltr'><strong>lapidem</strong></span> <span class='ocrx_word' id='word_1_756' title='bbox 835 4913 1083 4983; x_wconf 87' lang='lat' dir='ltr'><strong>excepit;</strong></span> <span class='ocrx_word' id='word_1_757' title='bbox 1116 4913 1747 4999; x_wconf 85' lang='lat' dir='ltr'><strong>deindeinquitdivinus</strong></span> <span class='ocrx_word' id='word_1_758' title='bbox 1774 4920 1866 4975; x_wconf 93' lang='lat' dir='ltr'><strong>ille</strong></span> <span class='ocrx_word' id='word_1_759' title='bbox 1894 4922 2153 4992; x_wconf 89' lang='lat' dir='ltr'><strong>angelus:</strong></span> 
     </span>
    </p>
   </div>
   <div class='ocr_carea' id='block_1_100' title="bbox 585 5004 1126 5075">
    <p class='ocr_par' dir='ltr' id='par_1_100' title="bbox 585 5004 1126 5075">
     <span class='ocr_line' id='line_1_100' title="bbox 585 5004 1126 5075; baseline -0.013 -11"><span class='ocrx_word' id='word_1_760' title='bbox 585 5008 709 5064; x_wconf 71' lang='lat' dir='ltr'><strong>Ilaec</strong></span> <span class='ocrx_word' id='word_1_761' title='bbox 732 5013 818 5061; x_wconf 88' lang='lat' dir='ltr'><strong>est</strong></span> <span class='ocrx_word' id='word_1_762' title='bbox 846 5004 1126 5075; x_wconf 82' lang='lat' dir='ltr'><strong>iniquitas.</strong></span> 
     </span>
    </p>
   </div>
   <div class='ocr_carea' id='block_1_101' title="bbox 657 5093 2157 5174">
    <p class='ocr_par' dir='ltr' id='par_1_101' title="bbox 657 5093 2157 5174">
     <span class='ocr_line' id='line_1_101' title="bbox 657 5093 2157 5174; baseline 0.005 -23"><span class='ocrx_word' id='word_1_763' title='bbox 657 5096 814 5167; x_wconf 73' lang='lat'><strong>102</strong></span> <span class='ocrx_word' id='word_1_764' title='bbox 855 5093 1053 5150; x_wconf 82' lang='lat' dir='ltr'><strong>PALL.</strong></span> <span class='ocrx_word' id='word_1_765' title='bbox 1085 5094 1204 5151; x_wconf 84' lang='lat' dir='ltr'><strong>Non</strong></span> <span class='ocrx_word' id='word_1_766' title='bbox 1230 5106 1312 5152; x_wconf 88' lang='lat' dir='ltr'><strong>est</strong></span> <span class='ocrx_word' id='word_1_767' title='bbox 1346 5097 1525 5153; x_wconf 86' lang='lat' dir='ltr'><strong>adhuc</strong></span> <span class='ocrx_word' id='word_1_768' title='bbox 1555 5102 1685 5155; x_wconf 90' lang='lat' dir='ltr'><strong>satis</strong></span> <span class='ocrx_word' id='word_1_769' title='bbox 1722 5102 2044 5174; x_wconf 88' lang='lat' dir='ltr'><strong>perspicuus</strong></span> <span class='ocrx_word' id='word_1_770' title='bbox 2067 5104 2157 5158; x_wconf 84' lang='lat' dir='ltr'><strong>hic</strong></span> 
     </span>
    </p>
   </div>
   <div class='ocr_carea' id='block_1_102' title="bbox 584 5188 1080 5260">
    <p class='ocr_par' dir='ltr' id='par_1_102' title="bbox 584 5188 1080 5260">
     <span class='ocr_line' id='line_1_102' title="bbox 584 5188 1080 5260; baseline 0.002 -16"><span class='ocrx_word' id='word_1_771' title='bbox 584 5188 876 5260; x_wconf 65' lang='lat' dir='ltr'><strong>Scriptura:</strong></span> <span class='ocrx_word' id='word_1_772' title='bbox 906 5188 1080 5245; x_wconf 91' lang='lat' dir='ltr'><strong>locus.</strong></span> 
     </span>
    </p>
   </div>
   <div class='ocr_carea' id='block_1_103' title="bbox 653 5276 2154 5353">
    <p class='ocr_par' dir='ltr' id='par_1_103' title="bbox 653 5276 2154 5353">
     <span class='ocr_line' id='line_1_103' title="bbox 653 5276 2154 5353; baseline 0.005 -20"><span class='ocrx_word' id='word_1_773' title='bbox 653 5278 808 5333; x_wconf 68' lang='lat' dir='ltr'><strong>CYll.</strong></span> <span class='ocrx_word' id='word_1_774' title='bbox 853 5276 960 5332; x_wconf 88' lang='lat' dir='ltr'><strong>Sed</strong></span> <span class='ocrx_word' id='word_1_775' title='bbox 996 5278 1102 5334; x_wconf 90' lang='lat' dir='ltr'><strong>erit</strong></span> <span class='ocrx_word' id='word_1_776' title='bbox 1161 5279 1426 5351; x_wconf 83' lang='lat' dir='ltr'><strong>profecto,</strong></span> <span class='ocrx_word' id='word_1_777' title='bbox 1465 5292 1629 5353; x_wconf 86' lang='lat' dir='ltr'><strong>atque</strong></span> <span class='ocrx_word' id='word_1_778' title='bbox 1672 5283 1820 5339; x_wconf 89' lang='lat' dir='ltr'><strong>haud</strong></span> <span class='ocrx_word' id='word_1_779' title='bbox 1860 5286 1940 5341; x_wconf 92' lang='lat' dir='ltr'><strong>ita</strong></span> <span class='ocrx_word' id='word_1_780' title='bbox 1980 5287 2154 5341; x_wconf 87' lang='lat' dir='ltr'><strong>multo</strong></span> 
     </span>
    </p>
   </div>
   <div class='ocr_carea' id='block_1_104' title="bbox 585 5369 2157 5447">
    <p class='ocr_par' dir='ltr' id='par_1_104' title="bbox 585 5369 2157 5447">
     <span class='ocr_line' id='line_1_104' title="bbox 585 5369 2157 5447; baseline 0.004 -24"><span class='ocrx_word' id='word_1_781' title='bbox 585 5378 708 5443; x_wconf 85' lang='lat' dir='ltr'><strong>post</strong></span> <span class='ocrx_word' id='word_1_782' title='bbox 733 5386 747 5421; x_wconf 73' lang='grc' dir='ltr'>ε</span> <span class='ocrx_word' id='word_1_783' title='bbox 778 5383 903 5423; x_wconf 91' lang='lat' dir='ltr'><strong>nam</strong></span> <span class='ocrx_word' id='word_1_784' title='bbox 924 5369 1136 5439; x_wconf 90' lang='lat' dir='ltr'><strong>plumbi</strong></span> <span class='ocrx_word' id='word_1_785' title='bbox 1171 5374 1437 5430; x_wconf 89' lang='lat' dir='ltr'><strong>talentum</strong></span> <span class='ocrx_word' id='word_1_786' title='bbox 1465 5375 1581 5445; x_wconf 91' lang='lat' dir='ltr'><strong>ipse</strong></span> <span class='ocrx_word' id='word_1_787' title='bbox 1612 5374 1867 5432; x_wconf 88' lang='lat' dir='ltr'><strong>Christus</strong></span> <span class='ocrx_word' id='word_1_788' title='bbox 1897 5385 2001 5443; x_wconf 91' lang='lat' dir='ltr'><strong>est,</strong></span> <span class='ocrx_word' id='word_1_789' title='bbox 2032 5377 2157 5447; x_wconf 84' lang='lat' dir='ltr'><strong>opi-</strong></span> 
     </span>
    </p>
   </div>
   <div class='ocr_carea' id='block_1_105' title="bbox 586 5459 2157 5537">
    <p class='ocr_par' dir='ltr' id='par_1_105' title="bbox 586 5459 2157 5537">
     <span class='ocr_line' id='line_1_105' title="bbox 586 5459 2157 5537; baseline 0.005 -23"><span class='ocrx_word' id='word_1_790' title='bbox 586 5476 709 5524; x_wconf 89' lang='lat' dir='ltr'><strong>nor,</strong></span> <span class='ocrx_word' id='word_1_791' title='bbox 738 5459 833 5528; x_wconf 88' lang='lat' dir='ltr'><strong>qui</strong></span> <span class='ocrx_word' id='word_1_792' title='bbox 892 5462 1160 5519; x_wconf 88' lang='lat' dir='ltr'><strong>attollitur</strong></span> <span class='ocrx_word' id='word_1_793' title='bbox 1190 5465 1412 5535; x_wconf 89' lang='lat' dir='ltr'><strong>quidem</strong></span> <span class='ocrx_word' id='word_1_794' title='bbox 1439 5507 1453 5531; x_wconf 92' lang='lat'><strong>,</strong></span> <span class='ocrx_word' id='word_1_795' title='bbox 1499 5466 1553 5522; x_wconf 94' lang='lat' dir='ltr'><strong>id</strong></span> <span class='ocrx_word' id='word_1_796' title='bbox 1596 5474 1699 5533; x_wconf 91' lang='lat' dir='ltr'><strong>est,</strong></span> <span class='ocrx_word' id='word_1_797' title='bbox 1742 5466 2013 5523; x_wconf 88' lang='lat' dir='ltr'><strong>exaltatur</strong></span> <span class='ocrx_word' id='word_1_798' title='bbox 2058 5483 2157 5537; x_wconf 89' lang='lat' dir='ltr'><strong>per</strong></span> 
     </span>
    </p>
   </div>
   <div class='ocr_carea' id='block_1_106' title="bbox 2270 4536 3809 4643">
    <p class='ocr_par' dir='ltr' id='par_1_106' title="bbox 2270 4536 3809 4643">
     <span class='ocr_line' id='line_1_106' title="bbox 2270 4536 3809 4643; baseline -0.016 -24"><span class='ocrx_word' id='word_1_799' title='bbox 2270 4536 2737 4634; x_wconf 76' lang='grc' dir='ltr'>Ἐκπορευομένου</span> <span class='ocrx_word' id='word_1_800' title='bbox 2780 4536 3069 4629; x_wconf 81' lang='grc' dir='ltr'>τοιγαροῦν</span> <span class='ocrx_word' id='word_1_801' title='bbox 3117 4556 3243 4643; x_wconf 59' lang='grc' dir='ltr'><strong>τοῦΧ</strong></span> <span class='ocrx_word' id='word_1_802' title='bbox 3273 4555 3492 4627; x_wconf 85' lang='grc' dir='ltr'>μέτρου,</span> <span class='ocrx_word' id='word_1_803' title='bbox 3548 4536 3809 4643; x_wconf 68' lang='grc' dir='ltr'>ἐξαίρεταί</span> 
     </span>
    </p>
   </div>
   <div class='ocr_carea' id='block_1_107' title="bbox 2260 4639 3803 4726">
    <p class='ocr_par' dir='ltr' id='par_1_107' title="bbox 2260 4639 3803 4726">
     <span class='ocr_line' id='line_1_107' title="bbox 2260 4639 3803 4726; baseline -0.013 -17"><span class='ocrx_word' id='word_1_804' title='bbox 2260 4656 2357 4726; x_wconf 81' lang='grc' dir='ltr'>μὲν</span> <span class='ocrx_word' id='word_1_805' title='bbox 2384 4654 2477 4707; x_wconf 89' lang='grc' dir='ltr'><strong>τοῦ</strong></span> <span class='ocrx_word' id='word_1_806' title='bbox 2510 4650 2759 4723; x_wconf 86' lang='grc' dir='ltr'>μολίϐδου</span> <span class='ocrx_word' id='word_1_807' title='bbox 2786 4652 2848 4705; x_wconf 83' lang='grc' dir='ltr'><strong>τὸ</strong></span> <span class='ocrx_word' id='word_1_808' title='bbox 2883 4650 3168 4713; x_wconf 75' lang='grc' dir='ltr'>τάλαντον,</span> <span class='ocrx_word' id='word_1_809' title='bbox 3184 4639 3438 4719; x_wconf 71' lang='grc' dir='ltr'>ἔρριπται</span> <span class='ocrx_word' id='word_1_810' title='bbox 3461 4646 3518 4700; x_wconf 75' lang='grc' dir='ltr'>δὲ</span> <span class='ocrx_word' id='word_1_811' title='bbox 3550 4645 3626 4706; x_wconf 86' lang='grc' dir='ltr'><strong>είς</strong></span> <span class='ocrx_word' id='word_1_812' title='bbox 3656 4639 3803 4710; x_wconf 84' lang='grc' dir='ltr'>μέσον</span> 
     </span>
    </p>
   </div>
   <div class='ocr_carea' id='block_1_108' title="bbox 2256 4727 3799 4819">
    <p class='ocr_par' dir='ltr' id='par_1_108' title="bbox 2256 4727 3799 4819">
     <span class='ocr_line' id='line_1_108' title="bbox 2256 4727 3799 4819; baseline -0.003 -19"><span class='ocrx_word' id='word_1_813' title='bbox 2256 4752 2291 4819; x_wconf 79' lang='grc' dir='ltr'><strong>η</strong></span> <span class='ocrx_word' id='word_1_814' title='bbox 2319 4748 2455 4818; x_wconf 78' lang='grc' dir='ltr'>γυνὴ</span> <span class='ocrx_word' id='word_1_815' title='bbox 2500 4745 2782 4818; x_wconf 83' lang='grc' dir='ltr'>πληροῦσα</span> <span class='ocrx_word' id='word_1_816' title='bbox 2820 4746 2880 4799; x_wconf 81' lang='grc' dir='ltr'><strong>τὸ</strong></span> <span class='ocrx_word' id='word_1_817' title='bbox 2914 4745 3131 4816; x_wconf 80' lang='grc' dir='ltr'>μέτρον,</span> <span class='ocrx_word' id='word_1_818' title='bbox 3174 4745 3208 4814; x_wconf 84' lang='grc' dir='ltr'>ἢ</span> <span class='ocrx_word' id='word_1_819' title='bbox 3253 4743 3351 4799; x_wconf 80' lang='grc' dir='ltr'>καὶ</span> <span class='ocrx_word' id='word_1_820' title='bbox 3385 4745 3443 4797; x_wconf 78' lang='grc' dir='ltr'><strong>έν</strong></span> <span class='ocrx_word' id='word_1_821' title='bbox 3482 4740 3696 4809; x_wconf 85' lang='grc' dir='ltr'>στόματι</span> <span class='ocrx_word' id='word_1_822' title='bbox 3732 4727 3799 4796; x_wconf 69' lang='grc' dir='ltr'>τῷ</span> 
     </span>
    </p>
   </div>
   <div class='ocr_carea' id='block_1_109' title="bbox 2262 4822 3801 4910">
    <p class='ocr_par' dir='ltr' id='par_1_109' title="bbox 2262 4822 3801 4910">
     <span class='ocr_line' id='line_1_109' title="bbox 2262 4822 3801 4910; baseline -0.006 -18"><span class='ocrx_word' id='word_1_823' title='bbox 2262 4840 2377 4910; x_wconf 83' lang='grc' dir='ltr'>ἰδίῳ</span> <span class='ocrx_word' id='word_1_824' title='bbox 2405 4838 2495 4892; x_wconf 81' lang='grc' dir='ltr'><strong>τὸν</strong></span> <span class='ocrx_word' id='word_1_825' title='bbox 2543 4836 2638 4891; x_wconf 87' lang='grc' dir='ltr'><strong>τοῦ</strong></span> <span class='ocrx_word' id='word_1_826' title='bbox 2685 4836 2931 4907; x_wconf 85' lang='grc' dir='ltr'>μολίϐδου</span> <span class='ocrx_word' id='word_1_827' title='bbox 2972 4835 3117 4889; x_wconf 85' lang='grc' dir='ltr'>λίθον</span> <span class='ocrx_word' id='word_1_828' title='bbox 3156 4835 3402 4906; x_wconf 75' lang='grc' dir='ltr'>ἐδέχετο·</span> <span class='ocrx_word' id='word_1_829' title='bbox 3439 4829 3557 4888; x_wconf 74' lang='grc' dir='ltr'>εἶτά</span> <span class='ocrx_word' id='word_1_830' title='bbox 3592 4842 3743 4899; x_wconf 80' lang='grc' dir='ltr'>φησιν</span> <span class='ocrx_word' id='word_1_831' title='bbox 3776 4822 3801 4872; x_wconf 78' lang='grc'>6</span> 
     </span>
    </p>
   </div>
   <div class='ocr_carea' id='block_1_110' title="bbox 2259 4923 3512 4997">
    <p class='ocr_par' dir='ltr' id='par_1_110' title="bbox 2259 4923 3512 4997">
     <span class='ocr_line' id='line_1_110' title="bbox 2259 4923 3512 4997; baseline -0.005 -15"><span class='ocrx_word' id='word_1_832' title='bbox 2259 4927 2545 4990; x_wconf 84' lang='grc' dir='ltr'>θεσπέσιος</span> <span class='ocrx_word' id='word_1_833' title='bbox 2583 4925 2813 4993; x_wconf 76' lang='grc' dir='ltr'>ἄγγελος</span> <span class='ocrx_word' id='word_1_834' title='bbox 2834 4942 2847 4957; x_wconf 88' lang='grc'><strong>·</strong></span> <span class='ocrx_word' id='word_1_835' title='bbox 2878 4923 3027 4995; x_wconf 75' lang='grc' dir='ltr'>Αὕτη</span> <span class='ocrx_word' id='word_1_836' title='bbox 3057 4925 3206 4978; x_wconf 71' lang='grc' dir='ltr'>ἐστὶν</span> <span class='ocrx_word' id='word_1_837' title='bbox 3232 4926 3265 4995; x_wconf 89' lang='grc' dir='ltr'><strong>ή</strong></span> <span class='ocrx_word' id='word_1_838' title='bbox 3297 4923 3512 4997; x_wconf 83' lang='grc' dir='ltr'>ἀνομία.</span> 
     </span>
    </p>
   </div>
   <div class='ocr_carea' id='block_1_111' title="bbox 2331 5100 3665 5173">
    <p class='ocr_par' dir='ltr' id='par_1_111' title="bbox 2331 5100 3665 5173">
     <span class='ocr_line' id='line_1_111' title="bbox 2331 5100 3665 5173; baseline -0.01 -11"><span class='ocrx_word' id='word_1_839' title='bbox 2331 5108 2536 5162; x_wconf 80' lang='grc' dir='ltr'><strong>ΠΔΛΛ.</strong></span> <span class='ocrx_word' id='word_1_840' title='bbox 2580 5105 2744 5160; x_wconf 74' lang='grc' dir='ltr'>Οὔπω</span> <span class='ocrx_word' id='word_1_841' title='bbox 2768 5104 2890 5159; x_wconf 88' lang='grc' dir='ltr'>λίαν</span> <span class='ocrx_word' id='word_1_842' title='bbox 2921 5101 3067 5156; x_wconf 75' lang='grc' dir='ltr'>ἐστὶν</span> <span class='ocrx_word' id='word_1_843' title='bbox 3094 5102 3333 5173; x_wconf 77' lang='grc' dir='ltr'>ἐναργὴς</span> <span class='ocrx_word' id='word_1_844' title='bbox 3365 5103 3395 5155; x_wconf 88' lang='lat'><strong>6</strong></span> <span class='ocrx_word' id='word_1_845' title='bbox 3420 5100 3588 5169; x_wconf 82' lang='grc' dir='ltr'>λόγος.</span> <span class='ocrx_word' id='word_1_846' title='bbox 3662 5108 3665 5109; x_wconf 62' lang='grc'><strong><em>⁷</em></strong></span> 
     </span>
    </p>
   </div>
   <div class='ocr_carea' id='block_1_112' title="bbox 2326 5260 3798 5349">
    <p class='ocr_par' dir='ltr' id='par_1_112' title="bbox 2326 5260 3798 5349">
     <span class='ocr_line' id='line_1_112' title="bbox 2326 5260 3798 5349; baseline -0.011 -9"><span class='ocrx_word' id='word_1_847' title='bbox 2326 5286 2492 5340; x_wconf 84' lang='grc' dir='ltr'>ΚΥΡ.</span> <span class='ocrx_word' id='word_1_848' title='bbox 2554 5284 2762 5338; x_wconf 78' lang='grc' dir='ltr'>Οὐκοῦν</span> <span class='ocrx_word' id='word_1_849' title='bbox 2820 5282 2994 5347; x_wconf 72' lang='grc' dir='ltr'>ἔσται,</span> <span class='ocrx_word' id='word_1_850' title='bbox 3054 5283 3149 5336; x_wconf 74' lang='grc' dir='ltr'><strong>καὶ</strong></span> <span class='ocrx_word' id='word_1_851' title='bbox 3182 5282 3283 5335; x_wconf 87' lang='grc' dir='ltr'><strong>οὐκ</strong></span> <span class='ocrx_word' id='word_1_852' title='bbox 3332 5282 3414 5344; x_wconf 80' lang='grc' dir='ltr'>εἰς</span> <span class='ocrx_word' id='word_1_853' title='bbox 3465 5270 3684 5349; x_wconf 83' lang='grc' dir='ltr'>μακράν.</span> <span class='ocrx_word' id='word_1_854' title='bbox 3733 5260 3798 5315; x_wconf 78' lang='grc' dir='ltr'><strong>Τδ</strong></span> 
     </span>
    </p>
   </div>
   <div class='ocr_carea' id='block_1_113' title="bbox 2261 5352 3789 5449">
    <p class='ocr_par' dir='ltr' id='par_1_113' title="bbox 2261 5352 3789 5449">
     <span class='ocr_line' id='line_1_113' title="bbox 2261 5352 3789 5449; baseline -0.012 -18"><span class='ocrx_word' id='word_1_855' title='bbox 2261 5376 2368 5449; x_wconf 84' lang='grc' dir='ltr'><strong>γάρ</strong></span> <span class='ocrx_word' id='word_1_856' title='bbox 2396 5393 2480 5429; x_wconf 87' lang='grc' dir='ltr'><strong>τοι</strong></span> <span class='ocrx_word' id='word_1_857' title='bbox 2508 5375 2602 5428; x_wconf 88' lang='grc' dir='ltr'><strong>τοῦ</strong></span> <span class='ocrx_word' id='word_1_858' title='bbox 2636 5373 2883 5444; x_wconf 84' lang='grc' dir='ltr'>μολίϐδου</span> <span class='ocrx_word' id='word_1_859' title='bbox 2911 5373 3171 5428; x_wconf 80' lang='grc' dir='ltr'>τάλαντον</span> <span class='ocrx_word' id='word_1_860' title='bbox 3198 5370 3357 5434; x_wconf 79' lang='grc' dir='ltr'>αὐτὸς</span> <span class='ocrx_word' id='word_1_861' title='bbox 3377 5370 3441 5424; x_wconf 78' lang='grc' dir='ltr'>ἂν</span> <span class='ocrx_word' id='word_1_862' title='bbox 3463 5364 3543 5435; x_wconf 77' lang='grc' dir='ltr'>εἴη</span> <span class='ocrx_word' id='word_1_863' title='bbox 3565 5352 3789 5431; x_wconf 71' lang='grc' dir='ltr'>Χριστδςν</span> 
     </span>
    </p>
   </div>
   <div class='ocr_carea' id='block_1_114' title="bbox 2262 5450 3791 5536">
    <p class='ocr_par' dir='ltr' id='par_1_114' title="bbox 2262 5450 3791 5536">
     <span class='ocr_line' id='line_1_114' title="bbox 2262 5450 3791 5536; baseline -0.019 -13"><span class='ocrx_word' id='word_1_864' title='bbox 2262 5468 2321 5531; x_wconf 80' lang='grc' dir='ltr'>ὃς</span> <span class='ocrx_word' id='word_1_865' title='bbox 2346 5466 2621 5536; x_wconf 66' lang='grc' dir='ltr'>ἐξαίρεται</span> <span class='ocrx_word' id='word_1_866' title='bbox 2658 5464 2778 5534; x_wconf 81' lang='grc' dir='ltr'>μὲν,</span> <span class='ocrx_word' id='word_1_867' title='bbox 2803 5463 2945 5517; x_wconf 78' lang='grc' dir='ltr'>τοῦτ’</span> <span class='ocrx_word' id='word_1_868' title='bbox 2969 5462 3136 5530; x_wconf 73' lang='grc' dir='ltr'>ἐστιν,</span> <span class='ocrx_word' id='word_1_869' title='bbox 3170 5459 3398 5532; x_wconf 75' lang='grc' dir='ltr'>ὑψοῦται</span> <span class='ocrx_word' id='word_1_870' title='bbox 3419 5455 3503 5526; x_wconf 65' lang='grc' dir='ltr'><strong>διὰ</strong></span> <span class='ocrx_word' id='word_1_871' title='bbox 3537 5450 3624 5507; x_wconf 82' lang='grc' dir='ltr'><strong>τοῦ</strong></span> <span class='ocrx_word' id='word_1_872' title='bbox 3658 5458 3791 5498; x_wconf 68' lang='lat' dir='ltr'><strong>atan</strong></span> 
     </span>
    </p>
   </div>
   <div class='ocr_carea' id='block_1_115' title="bbox 657 5642 3567 5735">
    <p class='ocr_par' dir='ltr' id='par_1_115' title="bbox 657 5642 3567 5735">
     <span class='ocr_line' id='line_1_115' title="bbox 657 5642 3567 5735; baseline -0.002 -35"><span class='ocrx_word' id='word_1_873' title='bbox 657 5644 703 5678; x_wconf 79' lang='grc'><strong>³⁸</strong></span> <span class='ocrx_word' id='word_1_874' title='bbox 728 5643 884 5700; x_wconf 86' lang='lat' dir='ltr'><strong>Joan.</strong></span> <span class='ocrx_word' id='word_1_875' title='bbox 913 5661 951 5713; x_wconf 88' lang='grc' dir='ltr'><strong>ι,</strong></span> <span class='ocrx_word' id='word_1_876' title='bbox 982 5645 1070 5701; x_wconf 70' lang='lat'><strong>29.</strong></span> <span class='ocrx_word' id='word_1_877' title='bbox 1149 5648 1193 5681; x_wconf 82' lang='grc'><strong>²⁹</strong></span> <span class='ocrx_word' id='word_1_878' title='bbox 1214 5648 1315 5704; x_wconf 87' lang='lat' dir='ltr'><strong>lsa.</strong></span> <span class='ocrx_word' id='word_1_879' title='bbox 1357 5664 1467 5715; x_wconf 84' lang='lat' dir='ltr'><strong>un,</strong></span> <span class='ocrx_word' id='word_1_880' title='bbox 1498 5649 1548 5703; x_wconf 82' lang='lat'><strong>5.</strong></span> <span class='ocrx_word' id='word_1_881' title='bbox 1611 5650 1655 5682; x_wconf 79' lang='grc' dir='ltr'><strong>³ο</strong></span> <span class='ocrx_word' id='word_1_882' title='bbox 1677 5648 1905 5705; x_wconf 86' lang='lat' dir='ltr'><strong>Zachar.</strong></span> <span class='ocrx_word' id='word_1_883' title='bbox 1929 5664 1981 5714; x_wconf 89' lang='lat' dir='ltr'><strong>v,</strong></span> <span class='ocrx_word' id='word_1_884' title='bbox 2004 5648 2158 5705; x_wconf 74' lang='lat' dir='ltr'><strong>S—ll.</strong></span> <span class='ocrx_word' id='word_1_885' title='bbox 2184 5649 2241 5722; x_wconf 69' lang='lat'><strong>_”</strong></span> <span class='ocrx_word' id='word_1_886' title='bbox 2271 5648 2501 5735; x_wconf 66' lang='lat' dir='ltr'><strong>Zacliar.</strong></span> <span class='ocrx_word' id='word_1_887' title='bbox 2530 5665 2605 5716; x_wconf 75' lang='lat' dir='ltr'><strong>vi,</strong></span> <span class='ocrx_word' id='word_1_888' title='bbox 2639 5648 2691 5705; x_wconf 84' lang='lat'><strong>5.</strong></span> <span class='ocrx_word' id='word_1_889' title='bbox 2750 5649 2792 5682; x_wconf 79' lang='grc'><strong>³³</strong></span> <span class='ocrx_word' id='word_1_890' title='bbox 2818 5649 3016 5706; x_wconf 80' lang='lat' dir='ltr'><strong>Cenes.</strong></span> <span class='ocrx_word' id='word_1_891' title='bbox 3036 5664 3129 5718; x_wconf 85' lang='lat' dir='ltr'><strong>xv,</strong></span> <span class='ocrx_word' id='word_1_892' title='bbox 3152 5649 3236 5705; x_wconf 81' lang='grc'><strong>16.</strong></span> <span class='ocrx_word' id='word_1_893' title='bbox 3317 5642 3567 5703; x_wconf 78' lang='lat' dir='ltr'><strong>&quot;Matth.</strong></span> 
     </span>
    </p>
   </div>
  </div>
