4082 6304
327 371 437 433 297

1037 374 1124 428 DE
1159 370 1601 427 ADORA‘I‘IONE
1636 370 1703 425 IN
1746 369 2016 426 SPIRITU
2054 368 2142 423 ET
2183 367 2551 423 VER‘ITATE.
2584 367 2711 421 LIB.
2740 368 2830 421 111.

3462 364 3566 420 298

330 492 450 564 ροῦ,
480 490 574 545 καὶ
622 491 733 553 τοῖς
764 489 862 558 τῆς
910 488 1159 560 θεότητος
1204 487 1506 558 ἀξιώμασιν
1547 488 1739 559 ὁρᾶται
1776 485 1895 539 δια-

2019 499 2246 549 :rucem,
2282 499 2345 538 ac
2375 482 2636 554 dignitate
2660 481 2963 536 divinitatis
3003 490 3277 551 spectatur
3304 481 3564 553 insignis:

328 584 569 655 πρεπής.
626 583 686 634 ’0
707 580 815 652 γὰρ
839 581 970 644 Θεὸς
1008 581 1171 635 αὑτὸν
1208 580 1555 652 ὑπερύψωσε,
1596 578 1691 632 καὶ
1720 577 1899 648 ἐχαρί-

329 691 461 728 σατο
498 672 649 743 αὐτῷ
682 672 849 742 ὄνομα
888 672 948 725 τὸ
987 672 1125 742 ὑπὲρ
1162 673 1272 725 πᾶν
1325 672 1514 741 ὄνομα.
1572 667 1901 722 Κατακλείει

326 766 386 820 δὲ
434 764 536 834 τῆς
576 763 852 834 ἁμαρτίας
891 762 956 815 τὸ
1002 762 1205 832 στόμα,
1259 761 1401 816 κατὰ
1445 762 1505 814 τὸ
1554 762 1612 814 ἐν
1654 760 1903 830 Ψαλμοῖς

330 853 691 925 ὑμνούμενον⁹
734 870 753 904 ι
792 853 903 906 Καὶ
935 852 1083 905 πᾶσα
1107 851 1308 922 ἀνομία
1342 849 1687 921 ἐμφράξειτδ
1731 851 1905 920 στόμα

329 947 500 1018 αὐτῆς
520 963 535 977 ’
565 965 585 998 ι
618 943 881 1015 εἰρημένη
906 937 1190 996 καταϐοῶν
1209 941 1319 995 τῶν
1344 939 1405 1004 ἐξ
1426 939 1704 1001 ἀσθενείας
1727 941 1902 1010 ἡμαρ-

328 1035 596 1107 τηκότων,
626 1033 720 1086 καὶ
740 1034 798 1086 ἐν
828 1031 1007 1085 πίστει
1032 1031 1486 1099 δεδικαιωμένων.
1528 1048 1545 1079 ι
1581 1028 1712 1091 Θεὸς
1739 1029 1846 1098 γὰρ
1877 1029 1905 1080 ὁ

328 1125 577 1189 δικαιῶν,
608 1125 692 1188 τίς
725 1124 755 1176 ὁ
797 1123 1177 1195 κατακρίνων;
1231 1141 1249 1174 ι
1279 1122 1519 1194 Χριστοῦ
1553 1121 1609 1175 δὲ
1642 1122 1906 1184 παθόντος

330 1216 474 1286 ὑπὲρ
500 1215 677 1286 ἡμῶν,
723 1214 840 1278 πῶς
867 1210 935 1286 ἦν
977 1212 1267 1268 ἀκόλουθον
1296 1216 1390 1267 καὶ
1423 1215 1569 1285 ἡμᾶς
1601 1214 1797 1277 αὐτοὺς
1826 1213 1905 1268 ἔτι

330 1303 431 1367 τὰς
483 1304 623 1376 ὑπὲρ
677 1304 785 1357 τῶν
834 1303 980 1359 ίδίων
1033 1303 1519 1376 πλημμελημάτων
1582 1303 1906 1368 ἐξαιτεῖσθαι

329 1394 489 1460 δίκας
508 1413 523 1460 ;

402 1573 613 1629 IIAAA.
679 1571 975 1644 Ὀρθότατα
1026 1572 1182 1644 ἔφης.
1236 1572 1640 1644 Δεδικαιώμεθα
1687 1574 1796 1645 γὰρ
1851 1577 1908 1628 tv

330 1663 579 1737 Χριστῷ,
624 1665 718 1719 καὶ
773 1663 870 1736 τὴν
915 1666 979 1719 ἐκ
1029 1665 1128 1737 τῆς
1180 1665 1453 1737 ἁμαρτίας
1508 1665 1782 1737 καταϐοὴν
1846 1662 1906 1719 εὖ

335 1755 484 1827 μάλα
511 1754 961 1827 διεκρουσάμεθα.
984 1757 1217 1813 Ἥδιστα
1244 1757 1289 1811 δ’
1322 1755 1388 1811 ἂν
1415 1754 1750 1828 ἀναμάθοιμί
1782 1771 1907 1821 σου,

2004 576 2148 631 Deus
2173 576 2319 630 enim
2346 575 2503 630 illum
2557 590 2723 645 super
2765 573 2949 628 omnia
2979 574 3237 628 exaltavit
3265 583 3321 628 et
3340 575 3569 646 largitus

2004 673 2088 720 est
2141 664 2216 718 illi
2266 680 2483 729 nomen,
2528 664 2672 732 quod
2713 672 2796 717 est
2855 678 3020 732 super
3051 677 3212 717 omne
3263 678 3462 718 nomen
3501 665 3566 721 ³⁸.

2003 757 2249 811 Obstruit
2286 764 2469 811 autem
2509 770 2570 810 os
2607 754 2929 825 iniquitatis,
2964 754 3116 824 juxta
3165 754 3297 810 illud
3333 754 3478 824 quod
3514 756 3570 812 in

2012 849 2247 904 Psalmis
2284 848 2533 903 canitur:
2572 866 2589 897 ι
2619 846 2690 901 Ει
2710 846 2887 901 omnis
2913 846 3172 915 iniquitas
3206 847 3472 917 oppilabit
3511 863 3573 901 os

2006 955 2165 994 suum
2189 941 2267 1007 ³⁸,
2304 959 2321 991 ι
2356 939 2503 1010 quod
2530 954 2593 993 ea
2640 938 2999 1009 prohibeatur
3044 938 3307 993 adversus
3340 955 3436 993 eos
3465 941 3575 993 cla-

2005 1046 2154 1085 mare
2181 1030 2275 1100 qui
2317 1045 2385 1084 ex
2408 1028 2731 1083 inﬁrmitate
2761 1027 3134 1100 peccaverint,
3162 1035 3217 1081 et
3240 1027 3346 1081 ﬁde
3378 1029 3575 1099 justiﬁ-

2006 1121 2112 1174 cati
2158 1120 2287 1174 sint.
2343 1139 2361 1170 ι
2388 1121 2542 1175 ‘Deus
2560 1119 2706 1174 enim
2728 1129 2812 1173 est
2835 1119 2948 1184 ille,
2988 1118 3082 1189 qui
3122 1118 3404 1190 justiﬁcat,
3450 1121 3575 1190 quis

2008 1219 2112 1276 est,
2152 1211 2247 1280 qui
2284 1210 2614 1266 condemnet
2632 1209 2715 1264 ὀἳ
2749 1228 2768 1259 ι
2796 1209 2989 1279 Itaque
3015 1224 3139 1264 eum
3164 1208 3419 1265 Christus
3448 1227 3574 1280 pas-

2009 1317 2103 1357 sus
2124 1302 2196 1356 sit
2215 1318 2314 1373 pro
2335 1301 2515 1368 nobis,
2549 1300 2824 1372 quomodo
2861 1315 3203 1370 consequens
3238 1310 3384 1356 esset
3412 1303 3577 1356 etiam

2009 1408 2039 1447 a
2072 1393 2234 1448 nobis
2279 1393 2413 1466 ipsis
2466 1393 2639 1463 repeti
2690 1401 3008 1448 nostrorum
3058 1401 3408 1463 peccatorum
3458 1410 3576 1464 pce-

2009 1484 2146 1539 nas?

2079 1574 2277 1631 PALL.
2340 1574 2662 1630 Rectissime
2714 1575 2940 1629 dictum.
3005 1572 3294 1629 Justiﬁcati
3345 1589 3580 1644 namque

2011 1678 2201 1719 sumus
2251 1662 2308 1717 in
2360 1662 2600 1730 Christo,
2638 1672 2804 1734 atque
2828 1664 3124 1719 clamorem
3149 1663 3442 1719 adversum
3479 1682 3581 1721 nos

2012 1754 2554 1825 criminationemque
2597 1754 2807 1825 peccati
2857 1754 3176 1825 repulimus.
3235 1756 3579 1812 Iucundissi-

332 1849 422 1903 διὰ
459 1849 618 1903 ποίαν
638 1848 818 1902 αίτίαν
848 1849 1175 1920 σημαίνεται
1203 1852 1301 1920 μὲν
1320 1848 1395 1912 ὡς
1422 1849 1480 1903 tv
1515 1847 1748 1919 μολίϐδῳ
1778 1847 1914 1919 Χρι-

2019 1859 2165 1897 mum
2192 1859 2325 1898 vero
2373 1844 2591 1910 feceris,
2645 1844 2690 1899 si
2733 1844 2988 1900 docueris
3036 1860 3198 1915 quam
3243 1845 3315 1900 ob
3361 1862 3582 1905 causam

337 1940 482 2005 στὺς,
508 1940 584 2006 ὡς
610 1940 667 1994 ἐν
695 1940 972 2013 προσώπῳ
996 1942 1052 1996 δέ
1079 1940 1332 2011 γυναικὸς
1356 1942 1389 2011 ή
1414 1938 1613 2011 ἀνομία
1642 1939 1911 2009 φαίνεται.

408 2131 576 2185 ΚῙῬ.
618 2131 729 2184 Kal
777 2131 883 2202 μὴν
924 2131 1020 2186 καὶ
1062 2131 1220 2185 τοῦτό
1252 2147 1315 2199 γε
1344 2129 1490 2182 ἔστιν
1517 2128 1736 2184 εὔκολον
1789 2127 1915 2182 ίδείν

336 2221 447 2275 ἀπό
475 2238 537 2289 γε
564 2222 672 2275 τῶν
702 2221 866 2294 ίερῶν
897 2221 1279 2293 Γραμμάτων·
1311 2218 1527 2282 πολλοῖς
1555 2219 1664 2289 γάρ
1693 2219 1793 2290 ἤδη
1819 2220 1914 2273 καὶ

336 2307 544 2377 ἑτέροις
570 2310 805 2380 Χριστὸς
827 2310 1242 2381 παρεικάζεται,
1273 2309 1360 2363 διὰ
1386 2308 1484 2380 τῆς
1512 2309 1618 2363 τῶν
1653 2325 1915 2380 σημαινο-

338 2401 519 2472 μένων
542 2402 846 2474 ποιότητος,
874 2402 982 2457 τῶν
1012 2404 1102 2455 ἐπ’
1131 2400 1280 2471 αὐτῷ
1309 2400 1629 2471 νοουμένων.

408 2578 620 2632 ΠΑΛΔ.
652 2575 779 2632 Οἷον
809 2578 862 2631 τί
889 2579 996 2649 φής
1016 2619 1036 2645 ,

406 2668 578 2724 ΚΥΡ.
627 2668 856 2738 Γέγονεν
909 2672 1041 2740 ἡμῖν
1090 2672 1293 2741 κρηπὶς
1344 2670 1437 2727 καὶ
1487 2669 1774 2740 ἀσφάλεια,
1823 2668 1918 2724 καὶ

340 2760 638 2832 ἀκλὸνητος
683 2760 992 2832 ύποϐάθρα,
1040 2761 1135 2815 καὶ
1177 2762 1428 2834 θεμέλιος
1457 2762 1741 2835 ἀρραγής’
1785 2761 1918 2815 ὠνό-

345 2869 549 2923 μασται
578 2851 637 2905 δὲ
670 2851 760 2906 διὰ
781 2850 939 2905 τοῦτο
961 2852 1131 2917 λίθος.
1159 2872 1179 2904 ι
1225 2855 1355 2908 Ἰδοὺ
1383 2854 1511 2927 γὰρ,
1544 2857 1695 2927 φησι,
1726 2856 1917 2927 τίθημι

342 2944 421 3005 είς
447 2941 516 2994 τὰ
560 2942 792 3012 θεμέλια
828 2941 967 2996 Σιὼν
994 2941 1139 2997 λίθον
1183 2944 1460 3013 ἐκλεκτὸν,
1504 2947 1916 3017 ἀκρογωνιαῖον,

343 3032 580 3104 ἔντιμον.
616 3035 730 3087 Καὶ
763 3034 791 3087 ό
836 3034 1108 3088 πιστεύων
1148 3036 1236 3089 ἐπ’
1273 3037 1443 3108 αὐτῷ,
1485 3039 1548 3092 ού
1600 3038 1675 3110 μὴ
1727 3055 1919 3093 καται-

345 3124 571 3195 σχυνθῇ.
603 3143 624 3177 ι
660 3125 818 3178 Ἐστι
849 3125 906 3179 δὲ
937 3125 1100 3179 πάλιν
1138 3128 1319 3192 αὐτὸς,
1350 3129 1410 3182 τὸ
1441 3128 1693 3201 λαμπρόν
1719 3147 1781 3183 τε
1823 3129 1919 3184 καὶ
1945 3166 1991 3228 c

345 3217 676 3286 ἀξιάγαστον
723 3217 825 3287 τῆς
882 3217 1210 3288 Ἐκκλησίας
1256 3219 1565 3290 κειμήλιον,
1620 3221 1650 3274 ό
1692 3217 1920 3283 πλοῦτος

345 3309 501 3380 ἡμῶν
533 3309 562 3362 ὁ
588 3309 957 3378 πνευματικός
981 3324 995 3338 ·
1027 3308 1241 3380 εἴρηται
1261 3310 1317 3365 δὲ
1338 3311 1703 3383 μαργαρίτης.
1733 3311 1923 3381 Ὁμοία

344 3401 451 3472 γάρ
487 3400 627 3468 ἐστι,
671 3400 859 3471 φησὶν,
893 3402 926 3472 ἡ
974 3399 1217 3471 βασιλεία
1254 3402 1363 3455 τῶν
1411 3401 1655 3472 οὐρανῶν
1697 3401 1923 3472 ἐμπόρῳ

347 3489 602 3560 ζητοῦντι
631 3490 832 3554 καλοὺς
878 3492 1243 3563 μαργαρίτας.
1277 3491 1466 3563 Εύρὼν
1490 3493 1546 3546 δέ
1578 3491 1673 3545 Eva
1706 3490 1924 3545 πολύτι-

350 3597 448 3650 μον
502 3581 848 3653 μαργαρίτην
891 3582 1174 3649 ἀπελθὼν,
1229 3584 1537 3655 ἐπίπρασκε
1592 3582 1770 3636 πάντα
1824 3583 1925 3638 ὅσα

347 3668 482 3742 εἶχε,
508 3674 604 3725 καὶ
634 3672 907 3743 ἠγόρασεν
933 3673 1117 3731 αὐτόν.
1153 3691 1172 3725 ι
1208 3674 1419 3745 Συνῆψε
1440 3674 1496 3727 δὲ
1522 3676 1665 3746 ἡμᾶς
1695 3674 1761 3728 δι’
1796 3675 1925 3727 ἐαυ-

344 3763 443 3818 τοῦ
488 3765 569 3836 τῷ
605 3760 724 3836 Θεῷ
764 3768 856 3819 καλ⁵
904 3765 1099 3835 Πατρὶ,
1145 3764 1455 3828 καταλύσας
1485 3763 1582 3834 τήν
1635 3763 1834 3836 ἔχθραν
1865 3766 1924 3817 ἐν

346 3857 423 3928 τῷ
453 3857 668 3928 σώματι
704 3857 893 3924 αὐτοῦ,
950 3858 1095 3912 καθὰ
1136 3858 1471 3929 γέγραπται·
1525 3859 1619 3910 καὶ
1657 3859 1787 3926 γοῦν
1817 3858 1922 3931 ἔφη

347 3948 486 4020 πρὸς
528 3949 617 4002 τὸν
652 3949 712 4001 ἐν
744 3949 994 4020 οὐρανοῖς
1017 3947 1235 4019 Πατέρα
1259 3948 1351 4001 καὶ
1386 3946 1537 4012 Θεὸν,
1566 3946 1827 4018 περὶτῶν
1866 3950 1924 4002 ἐν

347 4040 529 4093 πίστει
553 4043 621 4111 τῇ
656 4041 735 4104 είς
781 4040 941 4094 αὐτὸν
978 4039 1446 4110 δεδικαιωμένων,·
1483 4057 1502 4090 ι
1554 4040 1754 4111 Πάτερ,
1787 4040 1924 4093 θέλω

349 4130 436 4185 ῖνα
467 4130 659 4201 ῶσπερ
686 4131 798 4199 ἐγὼ
837 4130 932 4184 καὶ
961 4131 1026 4184 σὺ
1054 4130 1115 4183 ἐν
1149 4132 1338 4201 ἐσμεν,
1375 4130 1518 4184 οὕτω
1549 4130 1643 4184 καὶ
1673 4131 1829 4185 αὐτοὶ
1865 4132 1923 4184 ἐν

349 4223 481 4293 ἡμῖν
528 4220 587 4275 ἓν
630 4215 752 4275 ὦσι.
805 4240 824 4272 ›
876 4221 1158 4291 Κέκληται
1201 4221 1370 4293 ταύτῃ
1420 4238 1503 4275 τοι
1549 4222 1923 4295 κασσιτέρινος

350 4313 521 4376 λίθος,
549 4312 862 4384 κασσιτέρῳ
891 4311 1000 4383 γὰρ
1031 4312 1287 4366 κολλᾶται
1313 4313 1381 4365 τὰ
1406 4311 1739 4383 κολλώμενα.
1777 4312 1922 4385 Ἔφη

348 4397 404 4451 δέ
433 4413 534 4450 που
570 4396 703 4460 Θεὸς
738 4396 827 4449 διὰ
857 4397 1039 4466 φωνῆς
1066 4396 1357 4465 Ζαχαρίου,
1386 4396 1476 4449 τὸν
1505 4395 1634 4449 ίδιον
1666 4398 1797 4467 ἡμῖν
1827 4413 1925 4449 κα-

2017 1936 2226 2005 plumbi
2256 1935 2428 2007 ﬁgura
2461 1935 2798 2007 signiﬁcetur
2823 1936 3108 2005 Christus;
3138 1938 3384 1993 mulieris
3398 1949 3583 1996 autem

2012 2042 2247 2096 persona
2272 2027 2546 2084 indicetur
2587 2028 2866 2099 iniquitas.

2082 2117 2236 2173 CYR.
2270 2118 2435 2190 Atqui
2461 2118 2607 2174 haud
2633 2118 2850 2175 diﬁlcile
2895 2127 2977 2176 est
3011 2121 3067 2176 id
3097 2137 3128 2177 e
3160 2122 3328 2178 sacris
3359 2122 3584 2180 Litteris

2016 2208 2363 2278 perspicere;
2416 2210 2608 2264 multis
2641 2209 2789 2265 enim
2852 2211 3082 2267 aliarum
3133 2230 3351 2284 quoque
3398 2233 3584 2273 rerum

2018 2298 2349 2370 imaginibus
2379 2299 2634 2356 Christus
2664 2301 3042 2370 adumbratur,
3086 2320 3210 2360 cum
3236 2322 3267 2361 e
3307 2308 3583 2379 signiﬁca-

2016 2395 2196 2443 tarum
2241 2390 2503 2460 qualitate
2554 2406 2739 2447 rerum
2781 2394 3179 2465 proprietates,
3221 2413 3341 2467 quae
3396 2399 3453 2453 in
3492 2400 3586 2454 illo

2017 2485 2167 2543 sunt,
2204 2478 2605 2550 intelligantur.

2087 2568 2282 2623 PALL.
2309 2570 2370 2625 Id
2395 2586 2528 2627 vero
2563 2572 2724 2641 quale
2755 2581 2840 2628 est
2867 2573 3013 2644 quod
3038 2575 3156 2631 ais?

2092 2660 2250 2716 CYR.
2284 2661 2484 2717 Factus
2515 2670 2598 2718 est
2627 2662 2787 2718 nobis
2811 2663 2958 2720 basis
2988 2666 3233 2737 quaedam
3263 2677 3319 2724 et
3337 2667 3586 2736 ﬁrmitas,
3620 2688 3621 2695 η

2018 2759 2074 2808 et
2100 2752 2395 2809 immobilis
2420 2754 2640 2824 gradus,
2668 2762 2722 2810 et
2764 2755 2995 2811 solidum
3030 2757 3445 2815 fundamentum
3483 2776 3591 2818 :ea

2019 2845 2088 2900 de
2116 2859 2279 2901 causa
2310 2847 2612 2917 appellatus
2642 2856 2725 2903 est
2760 2847 2916 2919 lapis.
2954 2868 2972 2901 ι
3019 2850 3160 2906 Ecce
3184 2851 3352 2919 enim,
3390 2852 3586 2923 inquit,

2019 2951 2165 3007 pono
2194 2936 2250 2990 in
2290 2935 2646 2992 fundamenta
2677 2937 2810 2993 Sion
2848 2939 3084 3010 lapidem
3115 2942 3373 3010 electum,
3415 2959 3589 3014 angu-

2023 3026 2213 3092 larem,
2240 3028 2559 3097 pretiosum.
2595 3028 2667 3083 Et
2691 3030 2786 3099 qui
2813 3031 2990 3086 credit
3016 3031 3072 3086 in
3102 3032 3301 3102 ipsum,
3319 3050 3430 3090 non
3454 3050 3589 3089 con-

2023 3118 2283 3173 fundetur
2303 3119 2366 3173 ³⁷.
2401 3140 2419 3170 ι
2455 3120 2551 3174 Est
2574 3135 2764 3175 rursus
2808 3121 2952 3175 idem
2977 3125 3270 3192 praeclarus
3292 3132 3455 3194 atque
3490 3124 3591 3180 ad-

2023 3208 2289 3263 mirabilis
2325 3209 2583 3266 Ecclesiae
2619 3210 2928 3277 thesaurus,
2975 3211 3178 3268 divitia:
3237 3213 3342 3271 illa:
3391 3223 3594 3270 nostra:

2023 3299 2363 3371 spirituales;
2399 3301 2581 3371 itaque
2615 3302 2904 3372 margarita
2944 3309 3027 3356 est
3063 3303 3384 3373 appellatus.
3440 3324 3459 3356 ι
3504 3305 3592 3360 Si-

2023 3391 2152 3447 mile
2180 3391 2328 3446 enim
2358 3402 2462 3458 est,
2482 3392 2678 3463 inquit,
2707 3408 2934 3464 regnum
2967 3393 3232 3449 caelorum
3270 3396 3595 3467 negotiatori

2023 3484 2289 3553 quaerenti
2312 3483 2486 3539 bonas
2512 3485 2860 3555 margaritas;
2891 3484 3113 3540 inventa
3132 3492 3317 3540 autem
3350 3502 3457 3541 una
3473 3502 3597 3557 pre-

2024 3576 2160 3632 tiosa
2209 3578 2525 3648 margarita,
2596 3578 2790 3634 abiens
2847 3580 3095 3635 vendidit
3146 3580 3401 3637 universa
3474 3599 3596 3653 qum

2024 3668 2237 3734 habuit,
2263 3676 2320 3724 et
2354 3670 2488 3724 emit
2516 3686 2637 3725 eam
2671 3670 2733 3725 ³⁸.
2770 3691 2788 3722 ι
2820 3670 3115 3743 Conjunxit
3163 3674 3329 3729 etiam
3360 3689 3463 3729 nos
3498 3691 3598 3745 per

2025 3773 2082 3812 se
2107 3759 2220 3813 Deo
2249 3766 2307 3813 et
2332 3759 2503 3825 Patri,
2532 3760 2725 3816 solutis
2761 3761 3061 3816 inimicitiis
3099 3762 3155 3816 in
3200 3778 3428 3833 corpore
3458 3779 3559 3818 suo
3580 3805 3593 3828 ,

2025 3858 2086 3904 ut
2108 3849 2373 3920 scriptum
2398 3860 2483 3906 est
2499 3851 2565 3919 ³⁹;
2608 3852 2844 3923 ideoque
2863 3852 2931 3907 ad
2960 3853 3197 3919 Patrem,
3221 3854 3316 3925 qui
3352 3854 3409 3908 in
3443 3855 3598 3910 caelis

2024 3952 2127 4009 est,
2168 3958 2232 3998 ac
2250 3943 2424 3999 Deum
2450 3944 2519 4000 de
2550 3944 2618 3999 iis
2642 3948 2735 4016 qui
2759 3945 3040 4017 justiﬁcati
3060 3953 3216 3999 erant
3270 3960 3370 4015 per
3396 3944 3557 4001 ﬁdem
3579 3986 3594 4010 ,
3678 4007 3682 4019 γ

2024 4052 2130 4107 qua
2161 4036 2219 4089 in
2244 4035 2424 4106 ipsum
2475 4036 2792 4102 credebant,
2827 4037 2965 4103 dixit
3000 4055 3012 4090 :
3058 4055 3076 4087 ι
3113 4036 3296 4101 Pater,
3338 4036 3461 4091 volo
3501 4046 3589 4100 ut,

2024 4127 2168 4182 sicut
2194 4142 2295 4198 ego
2323 4135 2379 4181 et
2407 4137 2466 4182 tu
2503 4143 2673 4183 unum
2703 4144 2912 4194 sumus,
2932 4129 3009 4183 sic
3034 4127 3133 4198 ipsi
3157 4141 3376 4197 quoque
3415 4128 3470 4181 in
3490 4142 3592 4181 no-

2024 4219 2110 4274 bis
2140 4235 2312 4274 unum
2361 4220 2473 4275 sint
2499 4221 2570 4274 ⁵ο.
2610 4240 2627 4272 ι
2680 4220 2792 4276 Hac
2819 4220 3027 4276 ratione
3070 4229 3293 4273 vocatus
3327 4227 3410 4272 est
3438 4217 3594 4289 103

2024 4309 2162 4380 lapis
2218 4319 2515 4376 stanneus,
2559 4310 2706 4380 quod
2749 4321 2944 4365 stanno
2991 4308 3433 4379 conglutinantur
3476 4325 3597 4379 qua:

2026 4401 2452 4471 conglutinanda
2483 4409 2631 4455 sunt.
2664 4400 2811 4454 Dixit
2847 4408 3029 4455 autem
3064 4398 3307 4469 profecto
3332 4398 3476 4455 Deus
3497 4417 3597 4471 per

348 4488 683 4542 ταδεικνύων
712 4487 860 4553 Υίὸν,
909 4487 985 4551 ὼς
1032 4488 1173 4542 κατὰ
1221 4487 1448 4556 καιροὺς
1491 4486 1690 4557 ἥξοντα
1722 4506 1784 4541 τε
1830 4489 1920 4543 καὶ

2028 4505 2089 4544 os
2110 4489 2409 4555 Zachariae,
2449 4505 2574 4544 cum
2600 4488 2796 4544 Filium
2829 4505 2988 4545 suum
3011 4488 3170 4544 nobis
3197 4489 3599 4546 demonstraret

351 4576 784 4647 πορευσόμενον·
819 4594 838 4627 ι
882 4576 994 4630 Kal.
1041 4577 1395 4648 χαρήσονται,
1445 4576 1538 4628 καὶ
1591 4576 1810 4646 ὄψονται
1838 4579 1930 4632 τὸν

348 4666 497 4720 λίθον
528 4666 623 4720 τὸν
663 4666 1035 4737 κασσιτέρινον
1064 4666 1123 4719 ἐν
1150 4665 1293 4737 χειρὶ
1338 4664 1660 4735 Ζοροϐάϐελ.
1700 4684 1719 4717 ι
1776 4666 1929 4720 Οὕτω

348 4756 643 4827 τοιγαροῦν
677 4757 909 4812 κάνθάδε
951 4757 1211 4812 τάλαντον
1251 4756 1502 4827 μολίϐδου
1553 4759 1718 4829 φησὶν
1747 4760 1926 4814 αὐτόν.

351 4847 463 4901 Kal.
509 4847 597 4910 τίς
627 4850 654 4901 ό
688 4847 841 4900 τοῦδε
874 4847 1049 4916 λόγος,
1088 4847 1198 4918 ἐρῶ
1236 4845 1299 4917 δὴ
1345 4846 1527 4902 πάλιν.
1576 4848 1633 4901 Ὀ
1675 4848 1930 4919 ἀδόκιμος

349 4938 595 5009 ἄργυρος
621 4935 823 5008 ἀναμὶξ
866 4937 1096 5008 μολίϐδῳ
1125 4937 1445 5008 τηκόμενος,
1471 4933 1528 4992 εὖ
1562 4938 1707 5009 μάλα
1743 4940 1931 4994 διακα-

351 5023 618 5101 θαίρέται,
646 5029 727 5092 είς
754 5028 943 5082 ἑαυτὸν
994 5027 1330 5098 ἁρπάζοντος
1361 5028 1455 5081 τοῦ
1491 5029 1740 5099 μολίϐδου
1775 5048 1930 5099 φυσι-

351 5119 484 5186 κῶς,
515 5121 611 5174 τοῢ
648 5121 1042 5192 συγκαιομένου
1088 5121 1178 5174 τὸν
1227 5120 1424 5190 ῥύπον·
1461 5121 1702 5175 τοιοῦτόν
1740 5140 1789 5175 τι
1836 5126 1918 5175 κα’

353 5214 433 5276 είς
459 5214 607 5284 ἡμᾶς
645 5214 843 5278 αὐτοὺς
870 5213 1153 5285 ἐπλήρωσε
1190 5213 1443 5284 Χριστός.
1485 5214 1788 5284 Ἀδοκίμοις
1821 5213 1930 5283 γὰρ

354 5300 508 5359 οὖσιν
555 5306 755 5378 ἐμίχθη
794 5304 1120 5377 σωματικῶς
1146 5321 1205 5358 τε
1230 5303 1349 5374 ἅμα
1382 5304 1477 5357 καὶ
1516 5304 1924 5376 πνευματικῶς,

356 5393 496 5448 οὕτω
524 5412 585 5447 τε
629 5394 815 5449 λοιπὸν
856 5394 947 5447 τὸν
988 5396 1046 5448 ἐν
1089 5394 1221 5464 ἡμῖν
1252 5391 1514 5463 κατέτηξε
1550 5392 1740 5464 ῥύπον.
1773 5395 1927 5465 Ατρει

2027 4579 2325 4649 aliquando
2363 4588 2654 4635 venturum
2702 4587 2865 4649 atque
2911 4579 3252 4645 adfuturum,
3293 4599 3311 4631 ι
3354 4581 3422 4635 Ει
3447 4582 3597 4635 laeta-

2028 4671 2254 4737 buntur,
2283 4679 2340 4726 et
2368 4670 2638 4725 videbunt
2660 4669 2895 4739 lapidem
2925 4680 3214 4725 stanneum
3238 4670 3293 4725 in
3311 4686 3474 4724 manu
3491 4670 3597 4724 Zo-

2028 4763 2250 4818 robabel
2280 4763 2346 4817 ⁸¹.
2396 4783 2414 4814 ι
2447 4761 2529 4817 Ad
2554 4761 2805 4817 eumdem
2855 4761 3074 4816 modum
3115 4762 3281 4832 igitur
3317 4762 3422 4816 hoc
3461 4777 3600 4831 quo-

2031 4870 2135 4923 que
2164 4854 2285 4909 loco
2315 4853 2526 4924 plumbi
2566 4854 2831 4907 talentum
2854 4852 3107 4907 eumdem
3138 4861 3314 4909 vocat.
3346 4853 3475 4920 Qua:
3496 4869 3597 4907 au-

2029 4953 2138 5000 tem
2180 4945 2344 5015 hujus
2378 4944 2457 4999 rei
2497 4945 2568 4999 sit
2613 4944 2789 5009 ratio,
2828 4960 3019 4999 rursus
3064 4944 3261 4999 dicam.
3298 4945 3599 5015 Argentum

2030 5035 2326 5105 reprobum
2366 5035 2529 5090 simul
2569 5051 2693 5091 cum
2727 5035 2953 5105 plumbo
2994 5035 3039 5090 si
3092 5034 3354 5104 liqueﬁat,
3396 5035 3601 5104 optime

2029 5133 2295 5195 purgatur
2334 5144 2347 5179 ε
2389 5127 2531 5197 rapit
2567 5127 2712 5182 enim
2752 5127 3039 5197 plumbum
3089 5125 3157 5179 ad
3201 5140 3257 5179 se
3299 5133 3507 5179 natura:
3546 5141 3598 5180 γι

2031 5215 2195 5269 simul
2241 5216 2450 5271 excocti
2491 5217 2698 5272 metalli
2739 5217 2930 5273 sordes
2966 5235 2977 5268 :
3025 5230 3135 5269 non
3176 5213 3442 5268 dissimile
3496 5212 3603 5268 fuit

2034 5307 2190 5373 illud,
2212 5309 2358 5379 quod
2384 5309 2637 5365 Christus
2660 5325 2787 5380 erga
2819 5323 2921 5363 nos
2954 5308 3101 5376 ipsos
3140 5304 3400 5375 implevit.
3431 5304 3602 5359 Nobis

2034 5398 2201 5463 enim,
2232 5414 2355 5453 cum
2380 5400 2597 5469 reprobi
2622 5413 2886 5462 essemus,
2908 5412 3018 5451 non
3047 5394 3399 5465 corporaliter
3416 5394 3602 5457 modo,

354 5486 463 5558 γὰρ
488 5488 645 5559 ἡμῶν
681 5488 779 5550 τὰς
823 5486 1113 5558 ἁμαρτίας,
1147 5485 1214 5539 ἵν’
1245 5487 1407 5556 ἡμεῖς
1442 5486 1509 5539 δι’
1548 5485 1709 5540 αὐτόν
1736 5502 1797 5538 τε
1833 5486 1920 5539 καὶ

2035 5491 2132 5547 sed
2160 5492 2517 5561 spiritualiter
2560 5491 2826 5544 admistus
2861 5498 2983 5554 est;
3022 5488 3096 5542 ita
3135 5487 3371 5558 denique
3413 5484 3606 5540 sordes

354 5575 423 5631 δι’
451 5578 615 5632 αὐτοῦ
651 5576 879 5650 καθαροί
898 5595 957 5630 τε
981 5572 1130 5648 ὦμεν
1155 5576 1249 5629 καὶ
1292 5577 1788 5648 λελαμπρυσμένοι.
1817 5578 1920 5632 Kal

2035 5582 2402 5653 colliquefecit
2452 5598 2546 5637 eas
2583 5599 2703 5653 qum
2747 5582 2908 5637 nobis
2943 5581 3176 5636 inerant.
3209 5581 3259 5636 Is
3295 5580 3443 5634 enim
3467 5576 3608 5631 tollit

418 5690 719 5761 ‘jPhilipp.
741 5690 873 5761 11,9.
908 5689 997 5761 ηπ,
1034 5689 1179 5742 Psal.
1231 5687 1447 5761 cvr_,_4'2.
1504 5689 1567 5761 7’:
1587 5689 1745 5761 Rom.
1791 5703 1907 5761 νηί,

2019 5691 2052 5757 ἱ,
2094 5695 2181 5749 δι.
2251 5697 2294 5728 ³⁷
2333 5696 2436 5750 Isa.
2504 5711 2663 5749 xxvm
2691 5736 2703 5759 ,
2750 5694 2836 5749 16.
2904 5693 2948 5724 ⁸⁸
2985 5693 3175 5746 Matth.
3227 5707 3342 5755 xm,
3378 5687 3467 5753 45,
3513 5683 3630 5750 46⁸,

348 5755 828 5832 .³⁹Εριιθε.’ῐι,16.
904 5758 1387 5820 δοιοειη.χνιι,24.
1470 5755 1963 5835 “Zachar.rv,10,

674 5852 950 5913 PATROL.
996 5850 1110 5910 Gn.
1155 5848 1409 5909 LXVIII.
3134 5842 3203 5905 10
