4082 6304
551 329 654 381 299

1538 323 1596 389 S,
1634 323 1912 379 CYRlLLl
1951 323 2430 382 ALEXANDRINI
2463 327 2779 384 ARCIllEP.

3676 332 3770 388 300

552 448 776 511 peccata
805 446 1010 502 nostra,
1038 446 1100 491 ut
1128 451 1227 491 nos
1256 443 1478 506 propter
1508 437 1684 505 ipsum
1716 444 1773 488 et
1810 450 1908 504 per
1940 434 2119 505 ipsum

2223 437 2352 504 γοῦν
2383 439 2411 490 6
2442 438 2725 509 προφήτης
2759 435 3026 508 Ἱερεμίας
3047 435 3173 501 τοὺς
3193 435 3302 492 τῶν
3343 435 3603 494 Ἰουδαίων
3621 440 3766 506 λαοὺς

551 531 674 604 puri
701 545 764 584 ac
787 527 1059 599 splendidi
1084 529 1273 582 simus.
1302 528 1371 582 Et
1396 535 1544 581 certe
1557 526 1826 596 propheta
1857 525 2123 580 Jeremias

550 620 620 674 de
671 615 986 672 Judaeorum
1033 614 1250 686 populis
1291 615 1386 684 qui
1435 615 1814 684 purgationem
1859 614 2120 684 repudia-

548 717 672 763 rent
707 723 829 762 eam
845 723 965 776 quae
984 722 1084 776 per
1103 704 1382 761 Christum
1407 705 1712 775 perﬁcitur,
1743 704 2121 773 conqueritur,

548 800 769 854 dicens:
809 797 1045 853 (Defecit
1067 797 1424 852 suﬁlatorium
1449 796 1518 851 ab
1546 795 1691 867 igne,
1724 795 1924 850 defecit
1947 796 2126 866 plum-

549 890 702 955 bum,
751 887 954 943 frustm
993 887 1336 958 argentarius
1381 884 1604 950 conﬁat,
1640 885 1899 956 nequitia:
1927 901 2120 942 eorum

549 997 658 1035 non
696 987 826 1035 ευηι
862 987 1100 1034 εχοοοιαι
1135 995 1150 1032 ς
1187 986 1478 1048 argentum
1527 977 1880 1046 reprobatum
1927 984 2124 1033 vocate

543 1071 691 1134 illos,
709 1069 840 1140 quia
859 1067 1173 1139 reprobavit
1189 1069 1312 1122 illos
1333 1069 1597 1122 Dominus
1616 1068 1678 1120 “.
1693 1087 1710 1118 ι
1735 1067 2000 1138 Intelligis
2020 1067 2124 1138 igi-

549 1170 641 1214 tur
664 1175 773 1215 non
806 1159 1083 1229 ignorasse
1107 1157 1442 1228 Scripturam
1455 1157 1694 1212 divinam
1740 1157 2124 1229 purgationem

553 1251 762 1322 argenti
797 1251 914 1306 sine
935 1250 1156 1320 plumbo
1185 1248 1301 1303 ﬁeri
1329 1265 1439 1304 non
1465 1265 1644 1320 posse.
1668 1250 1829 1320 Ergo,
1849 1249 1978 1319 quia
2001 1265 2122 1312 nos,

553 1358 679 1398 cum
697 1343 914 1412 reprobi
933 1357 1201 1405 essemus,
1237 1357 1268 1395 a
1289 1339 1509 1396 Christo
1533 1341 1746 1412 purgati
1773 1355 1982 1404 sumus,
2002 1340 2125 1394 ideo

551 1434 642 1505 ille
677 1448 776 1502 per
821 1433 1106 1502 plumbum
1148 1431 1431 1502 ﬁguratur.
1476 1431 1739 1502 Idemque
1777 1431 2014 1486 obstruit
2062 1446 2126 1488 os

549 1523 872 1593 iniquitatis,
897 1538 1017 1592 qua:
1031 1522 1212 1592 specie
1237 1521 1483 1576 mulieris
1505 1521 1779 1576 indicatur
1801 1539 1814 1574 :
1841 1530 1924 1576 est
1939 1529 2124 1576 autem

548 1613 747 1667 mulier
774 1610 1111 1666 inﬁrmitatis
1141 1611 1304 1667 simul
1335 1619 1393 1665 et
1416 1611 1714 1681 voluptatis
1744 1621 1892 1666 nota.
1922 1613 2127 1682 Iniqui-

549 1715 634 1758 tas
675 1717 842 1772 porro
891 1702 1070 1757 omnis
1111 1715 1210 1772 per
1253 1700 1371 1755 huic
1425 1699 1536 1756 duo
1577 1700 1978 1768 committitur;
2029 1701 2124 1757 tibi

2223 529 2320 600 τὴν
2336 529 2423 584 διὰ
2452 529 2688 602 Χριστοῦ
2710 527 2974 599 κάθαρσιν
2993 529 3056 582 οὐ
3076 529 3489 602 προσιεμένους,
3507 533 3770 590 ἐποτνιᾶτο

2222 616 2394 686 λέγων
2415 635 2428 648 ο
2466 636 2484 669 ι
2527 617 2768 682 Ἐξέλιπε
2799 615 3050 693 φυσητὴρ
3081 617 3190 670 ἀπὸ
3222 618 3417 690 πυρὸς,
3451 619 3655 684 ἐξέλιπε
3685 626 3770 693 μό-

2223 707 2420 772 λιϐδος,
2447 708 2528 772 είς
2549 709 2704 762 κενδν
2725 709 3100 781 ἀργυροκόπος
3124 709 3513 781 ἀργυροκοπεῖ,
3544 715 3769 786 πονηρίαι

2224 797 2404 851 αὐτῶν
2433 797 2534 850 οὐκ
2580 797 2890 868 ὲοτάκησαν⁹
2941 795 3202 867 ἀργύριον
3229 795 3770 869 ἀποδεδοκιμασμένον
3884 809 3898 828 ⁸

2223 887 2490 942 καλέσατε
2517 889 2729 951 αὐτοὺς,
2763 888 2844 941 ὅτι
2872 884 3271 956 ἀπεδοκίμασεν
3289 885 3487 949 αὐτοὺς
3507 885 3712 959 Κύριος.
3748 910 3766 940 ι

2224 977 2416 1048 Συνίης
2437 973 2530 1032 οὖν
2562 979 2709 1042 ὅπως
2733 978 2835 1031 ούκ
2861 977 3126 1048 ἠγνόηκεν
3155 977 3190 1046 ἠ
3221 975 3342 1028 θεία
3365 976 3555 1049 Γραφὴ
3581 977 3672 1050 τὴν
3694 981 3769 1034 ἐπ’

2221 1067 2450 1140 ἀργύρῳ
2473 1068 2737 1138 κάθαρσιν
2763 1069 2823 1120 οὐ
2851 1068 2973 1140 δίχα
2992 1067 3242 1139 μολίϐδου
3277 1068 3608 1140 πράττεσθαι
3632 1071 3772 1126 δυνα-

2227 1160 2414 1230 μένην.
2471 1157 2681 1213 Οὐκοῦν
2746 1159 3045 1230 ἐπειδήπερ
3090 1157 3386 1228 ἀδοκίμους
3438 1158 3592 1223 ὄντας
3641 1163 3770 1232 ἡμᾶς

2223 1247 2555 1320 ὲξεκάθηρεν
2587 1251 2616 1302 6
2660 1247 2912 1320 Χριστὸς,
2960 1246 3191 1318 μολίϐδῳ
3237 1248 3650 1318 παρεικάζεται,
3689 1253 3772 1308 καὶ

2223 1340 2384 1404 αὐτὸς
2423 1341 2722 1411 ἐμφράττει
2747 1339 2845 1410 τῆς
2879 1338 3150 1410 ἁμαρτίας
3180 1339 3240 1392 τὸ
3279 1339 3474 1411 στόμα,
3500 1345 3597 1413 τῆς
3623 1343 3691 1409 ὡς
3721 1349 3770 1400 ὲν

2223 1430 2352 1483 εἴδει
2392 1428 2670 1498 γυναικός.
2705 1428 2844 1499 Γυνὴ
2885 1427 2942 1480 δὲ
2977 1426 3246 1498 σύμϐολον
3273 1427 3554 1493 ἀσθενείας
3582 1447 3638 1484 τε
3670 1433 3772 1503 ἅμα

2224 1521 2320 1575 καὶ
2346 1520 2560 1592 ἡδονῆς,
2591 1517 2792 1588 ἀνομία
2820 1535 2885 1570 τε
2919 1519 3068 1571 πᾶσα
3095 1517 3183 1572 διὰ
3225 1517 3435 1572 τούτων
3474 1521 3768 1590 πράττεται.

2235 1612 2426 1682 Ἡδονῇ
2451 1611 2560 1682 γὰρ
2584 1609 2692 1663 τινὶ
2719 1611 2783 1680 τῇ
2805 1609 2887 1671 είς
2903 1608 2962 1662 τὸ
2982 1607 3162 1678 τυχὸν,
3187 1607 3220 1679 ἦ
3250 1609 3371 1663 τόδε
3388 1613 3773 1688 προκατεφθαρ-

2229 1703 2388 1772 μένος
2437 1701 2466 1753 ό
2498 1700 2642 1764 νοῦς,
2688 1699 2832 1754 οὓτω
2880 1716 2942 1752 τε
2989 1700 3497 1772 ἀπονευρούμενος,
3543 1705 3660 1768 τοὺς
3703 1705 3778 1767 εἰς’

549 1795 697 1849 enim
725 1793 877 1864 prius
902 1808 1057 1849 mens
1077 1793 1355 1864 voluptate
1381 1792 1588 1862 aliqua,
1613 1807 1777 1862 quam
1803 1808 1871 1847 ex
1897 1793 1999 1848 hac
2031 1801 2121 1848 aut

2225 1792 2426 1864 ἀρετὴν
2464 1791 2838 1862 ἀποφέροντας
2876 1789 3057 1858 ἀνίησι
3090 1790 3308 1855 πόνους,
3345 1792 3529 1848 πίπτει
3572 1795 3626 1848 δὲ
3654 1798 3772 1866 πρὸς

551 1886 644 1941 illa
670 1902 728 1941 re
753 1885 1078 1957 perceperit,
1109 1891 1364 1955 corrupta
1379 1883 1565 1950 fuerit,
1603 1890 1718 1938 tum
1749 1892 2007 1940 enervata
2041 1885 2122 1939 la-

552 1975 714 2030 bores
744 1975 1132 2038 remittitillos,
1173 1973 1266 2044 qui
1307 1973 1376 2029 ad
1415 1973 1674 2028 virtutem
1715 1974 1917 2040 ferunt,
1965 1983 2020 2030 et
2055 1975 2123 2030 ad

553 2073 836 2135 peccatum
859 2064 1064 2119 labitur
1085 2065 1356 2119 humanus
1383 2063 1597 2118 animus
1621 2081 1634 2117 :
1678 2064 1861 2134 itaque
1875 2064 2122 2135 volupta-

556 2156 626 2210 tis
649 2156 834 2226 potiu‘s
865 2163 1136 2211 amatores
1171 2171 1334 2226 quam
1375 2156 1472 2211 Dei
1511 2155 1740 2226 quidam
1766 2155 2026 2210 dicuntur
2057 2155 2122 2210 ⁸³.

552 2247 864 2316 Alloquitur
903 2247 1066 2301 etiam
1112 2246 1378 2317 propheta
1417 2261 1513 2301 eos
1571 2246 1665 2316 qui
1701 2261 1770 2300 ex
1808 2245 2123 2302 inﬁrmitate

553 2334 720 2388 animi
758 2335 968 2404 peccati
1006 2350 1070 2388 ac
1103 2334 1314 2390 vitiosae
1354 2333 1735 2390 dissolutionis
1773 2336 1965 2390 morbo
2004 2338 2124 2392 lan-

553 2423 794 2492 guebant
820 2439 833 2476 :
875 2442 893 2472 ¢
934 2421 1351 2489 Confortamini,
1370 2438 1563 2478 manus
1591 2422 1854 2489 remissae,
1879 2433 1934 2479 et
1950 2441 2124 2496 genua

548 2513 820 2570 dissoluta
850 2513 916 2570 “.
953 2535 971 2566 ι

624 2603 819 2659 PALL.
863 2605 968 2660 Sed
1003 2605 1072 2661 de
1109 2607 1215 2662 hoc
1259 2606 1411 2662 satis.
1460 2606 1602 2662 Illud
1651 2622 1783 2663 vero
1834 2609 2124 2664 mulierum

554 2713 674 2768 par,
697 2713 902 2767 quaeso,
952 2715 1074 2770 quae
1110 2713 1422 2755 mensuram
1461 2706 1623 2770 atque
1675 2699 2020 2770 iniquitatem
2069 2700 2125 2756 in

552 2787 907 2859 Babyloniam
965 2790 1247 2861 regionem
1291 2789 1588 2855 deferunt,
1632 2789 1766 2860 quid
1821 2789 1929 2846 sibi
1973 2791 2135 2863 vult?_

553 2878 753 2949 quidve
777 2879 1083 2951 signiﬁcat?

621 2971 778 3026 CYR.
810 2971 1162 3028 Obstructum
1201 2980 1306 3037 est,
1351 2971 1576 3037 Palladi,
1614 2987 1714 3043 per
1747 2971 2027 3030 Christum
2062 2989 2126 3030 os

553 3063 891 3135 iniquitatis;
909 3065 1193 3138 iustiﬁcati
1223 3079 1459 3134 namque
1498 3064 1553 3119 in
1587 3063 1680 3119 illo
1709 3079 1920 3131 sumus,
1958 3073 2122 3137 atque

553 3158 623 3212 ab
655 3149 813 3230 Ῑοά.
852 3157 1000 3212 omni
1048 3156 1430 3212 criminatione
1475 3155 1720 3222 liberati,
1765 3156 1962 3228 illaque
2009 3158 2119 3213 ini-

551 3248 777 3318 quitatis
807 3248 1101 3303 adversum
1138 3262 1239 3302 nos
1275 3247 1550 3302 accusatio
1589 3247 1924 3317 conquievit.
1962 3249 2120 3308 Hunc

549 3337 698 3391 enim
737 3338 904 3392 totius
947 3336 1372 3406 dispensationis
1413 3351 1525 3391 sua:
1564 3333 1728 3392 ﬁnem
1778 3339 2120 3408 propositum

551 3427 745 3480 habuit
783 3427 849 3489 is,
877 3426 972 3496 qui
1005 3434 1228 3496 propter
1262 3441 1382 3492 nos,
1425 3427 1726 3483 secundum
1769 3444 1891 3494 nos,
1926 3440 1983 3486 et
2019 3447 2120 3501 pro

550 3516 713 3570 nobis
737 3524 968 3570 mortem
993 3515 1298 3581 subiit,etsi
1309 3515 1489 3572 denuo
1514 3518 1738 3584 revixit;
1771 3534 1949 3590 neque
1971 3520 2118 3576 enim

552 3608 795 3671 faserat,
837 3616 898 3661 ut
933 3606 1045 3662 vita
1090 3607 1253 3662 morti
1304 3609 1706 3665 succumberet.
1731 3609 1840 3666 Sed
1868 3612 2118 3667 nonnulli

552 3712 664 3753 non
689 3696 1045 3752 crediderunt
1059 3697 1261 3754 Christi
1285 3697 1614 3771 Evangelia;
1641 3699 1895 3772 ideoque,
1931 3717 2056 3757 cum
2087 3719 2119 3758 a
2186 3741 2192 3750 ς

554 3799 780 3860 peccato
815 3789 1012 3846 redimi
1050 3791 1350 3858 noluerint,
1389 3793 1469 3848 nil
1491 3792 1712 3861 mirum,
1745 3794 1792 3850 si
1817 3795 1937 3866 ejus
1986 3811 2118 3866 pec-

552 3879 660 3934 cati
689 3881 960 3936 sarcinam
993 3882 1174 3937 denuo
1198 3881 1402 3948 ferunt,
1433 3899 1597 3955 quam
1618 3885 1734 3941 suis
1758 3885 1862 3958 ipsi
1884 3887 2116 3943 cervici-

551 3972 658 4026 bus
679 3969 998 4028 inﬁrmitate
1035 3973 1282 4038 rationis,
1308 3983 1364 4028 ct
1384 3974 1644 4044 languore
1662 3977 1882 4042 mentis,
1905 3986 1961 4033 et
1976 3978 2117 4032 mol-

549 4061 668 4115 litie
720 4061 886 4115 animi
951 4078 1145 4133 parum
1185 4063 1362 4120 virilis
1415 4065 1809 4135 imposuerunt.
1854 4066 1919 4120 lii
1969 4067 2117 4122 omni

549 4149 742 4221 spiritu
787 4150 1038 4222 improbo
1081 4153 1564 4219 circumferuntur,
1625 4164 1682 4209 et
1724 4155 1792 4210 ad
1831 4170 1992 4244 qmne
2021 4173 2118 4228 ge-

547 4257 654 4297 nus
707 4242 1042 4313 impuritatis
1085 4243 1564 4299 vehementissime
1621 4242 1910 4316 compulsi,
1971 4262 2120 4302 sum-

547 4348 698 4387 mum
751 4332 992 4388 studium
1063 4333 1229 4388 rebus
1283 4332 1496 4388 vitiosis
1545 4333 1887 4404 impendunt.
1941 4335 2117 4391 Studii

546 4438 711 4492 porro
728 4421 937 4494 insigne
957 4433 1087 4480 sunt
1101 4437 1312 4494 pemue,
1329 4437 1464 4494 quas
1478 4423 1640 4478 etiam
1656 4438 1777 4478 esse
1789 4423 1865 4478 ait
1888 4440 2083 4495 upupa:
2101 4443 2114 4478 :

545 4529 719 4584 genus
759 4522 844 4569 est
891 4525 1074 4574 autem
1129 4514 1184 4570 id
1241 4514 1485 4580 aviculae,
1549 4530 1671 4585 quae
1721 4529 1938 4585 semper
1972 4517 2118 4571 circa

546 4607 720 4660 lutum
749 4607 988 4676 pessime
1011 4606 1165 4662 olens
1194 4606 1360 4671 volat,
1380 4615 1544 4676 atque
1576 4622 1643 4662 ex
1669 4621 1826 4662 coeno
1853 4616 1909 4662 et
1937 4607 2117 4662 sordi-

545 4697 648 4753 bus
687 4705 901 4764 pastum
932 4695 1090 4766 petit.
1127 4693 1296 4765 lgitur
1340 4693 1652 4764 quicunque
1695 4708 1792 4747 sua
1837 4693 2017 4749 studia
2061 4694 2118 4748 in

546 4785 918 4856 impuritatem
979 4783 1280 4845 insumunt,
1334 4781 1392 4834 hi
1447 4781 1637 4850 procul
1695 4779 1866 4836 dubio
1911 4796 2119 4850 pennas

545 4890 744 4947 upupa:
765 4875 888 4945 jure
923 4872 1132 4941 optimo
1171 4870 1376 4924 habere
1413 4870 1629 4925 dicendi
1675 4879 1822 4926 sunt.
1866 4871 2116 4925 Muliebri

545 4967 714 5022 iidem
753 4961 936 5034 specie
981 4966 1112 5016 sunt
1149 4967 1205 5013 et
1239 4958 1536 5014 effeminati
1585 4979 1598 5013 :
1643 4961 1881 5030 denique
1925 4959 2117 5014 eadem

545 5057 717 5112 forma
749 5062 877 5110 sunt
934 5067 1042 5123 qua
1069 5064 1188 5104 esse
1237 5045 1441 5103 dicitur
1486 5047 1748 5118 iniquitas
1783 5065 1972 5104 eorum
2015 5048 2116 5102 do-

544 5146 712 5201 mina.
737 5145 808 5202 Ut
835 5142 984 5199 enim
1017 5137 1326 5196 conformes
1347 5133 1567 5190 Christo
1588 5151 1685 5205 per
1725 5135 2115 5190 sanctiﬁcatio-

545 5252 672 5292 nem
696 5236 832 5290 ﬁunt
863 5234 956 5306 qui
984 5231 1087 5288 sub
1130 5230 1250 5300 ipso
1284 5235 1343 5282 et
1372 5241 1498 5280 cum
1532 5226 1649 5296 ipso
1697 5235 1826 5280 sunt
1862 5244 1874 5278 :
1909 5227 1989 5280 sic
2010 5225 2112 5279 ini-

544 5325 740 5398 quitati
781 5323 1088 5380 conformes
1135 5336 1199 5376 ac
1233 5317 1442 5376 similes
1501 5324 1630 5370 sunt
1673 5315 1766 5384 qui
1810 5315 2114 5384 iniquitatis

545 5417 812 5474 sarcinam
851 5413 1212 5476 sustulerunt,
1252 5410 1717 5478 institueruntque
1780 5406 1948 5459 vitam
1990 5419 2114 5460 cum

543 5506 808 5566 vitiorum
871 5504 1184 5574 impuritate
1249 5501 1556 5558 traducere.
1617 5499 1678 5554 in
1734 5496 2114 5567 Babylonicam

621 5703 797 5761 “Jer.
819 5717 890 5766 vi,
920 5701 1008 5764 ‘29,
1047 5700 1129 5753 ὅθ.
1207 5700 1247 5731 ⁸³
1271 5701 1312 5754 ll
1337 5698 1478 5755 'l‘im.
1518 5699 1650 5766 1",?
1673 5714 1823 5771 seqq.

2228 1881 2500 1954 ἁμαρτίαν
2525 1883 2559 1950 ἡ
2585 1881 2679 1934 τοῦ
2710 1881 2998 1952 ἀνθρώπου
3023 1880 3168 1952 ψυχή
3187 1897 3202 1912 °
3221 1882 3502 1954 τοιγάρτοι
3527 1884 3772 1956 φιλήδονοι

2229 1970 2428 2043 μᾶλλον
2457 1970 2490 2042 ἢ
2521 1970 2754 2039 φιλόθεοι
2803 1969 3049 2038 λέγονταί
3080 1986 3246 2032 τινες.
3291 1972 3580 2042 Ἐπιφωνεῖ
3611 1973 3662 2026 δὲ
3693 1976 3772 2028 καὶ

2225 2063 2254 2114 6
2287 2061 2576 2132 προφήτης
2595 2062 2707 2124 τοῖς
2740 2059 2798 2127 ἐξ
2827 2058 3106 2122 ἀσθενείας
3135 2059 3379 2130 ψυχικῆς
3407 2063 3770 2134 κατηρῤωστη-

2227 2151 2346 2206 κόσι
2383 2150 2480 2223 τὴν
2503 2151 2794 2223 ἁμαρτίαν,
2820 2151 2914 2204 καὶ
2946 2148 3043 2220 τὴν
3069 2151 3149 2214 είς
3191 2149 3503 2222 φαυλότητα
3531 2153 3766 2224 πάρεσιν·

2233 2260 2251 2292 ι
2299 2241 2574 2312 ’ἰσχύσατε
2603 2243 2781 2312 χεῖρες
2815 2239 3118 2312 ἀνειμέναι,
3150 2239 3246 2294 καὶ
3265 2239 3468 2310 γόνατα
3493 2240 3772 2314 παραλελυ-

2229 2333 2385 2404 μένα.
2420 2353 2438 2386 ι

2296 2603 2504 2655 ΠΑΛΛ.
2553 2599 2692 2652 Ἀλλ’
2719 2591 2820 2654 ὧδε
2849 2597 2950 2668 μὲν
2980 2597 3118 2654 τόδε.
3161 2595 3408 2672 Ξυνωρίς
3427 2617 3508 2664 τε,
3535 2597 3651 2654 είπέ
3671 2617 3766 2670 μοι,

2225 2686 2518 2756 γυναικῶν,
2553 2687 2607 2740 αἳ
2641 2686 2702 2740 τὸ
2749 2686 2944 2757 μέτρον
2990 2686 3085 2740 καὶ
3141 2687 3241 2759 τὴν
3290 2689 3519 2760 ἀνομίαν
3561 2689 3638 2753 είς
3681 2690 3770 2758 γῆν

2225 2777 2560 2850 ἀποφέρουσι
2583 2777 2682 2847 τὴν
2710 2777 3086 2842 Βαϐυλωνίων,
3112 2777 3166 2831 τί
3199 2778 3264 2832 ἂν
3299 2779 3542 2850 βούλοιτο
3559 2778 3766 2851 δηλοῦν;

2289 2955 2454 3010 ΚΥΡ.
2500 2953 2917 3026 Ἐμπέφρακται
2957 2955 3076 3026 μὲν,
3111 2948 3157 3006 ὦ
3177 2959 3420 3023 γενναῖε,
3444 2955 3542 3026 τῆς
3567 2955 3771 3027 ἀνομίας

2223 3046 2284 3100 τὸ
2315 3046 2488 3117 στόμα
2511 3045 2600 3100 διὰ
2643 3045 2914 3118 Χριστοῦ·
2949 3045 3345 3118 δεδικαιὼμεθα
3383 3049 3490 3120 γὰρ
3527 3050 3582 3102 ὲν
3619 3047 3769 3116 αύτῷ.

2150 3114 2192 3173 C
2225 3114 2626 3208 ἀπηλλάγμεθά
2671 3114 2731 3192 τε
2769 3135 2970 3200 παντὸς
3001 3114 3346 3208 αἰτιάματος,
3521 3114 3770 3192 πέπαυται

2225 3231 2350 3286 καθ’
2396 3230 2552 3302 ἡμῶν
2578 3231 2612 3302 ἡ
2641 3231 2740 3302 τῆς
2780 3229 3010 3300 ἀνομίας
3051 3232 3420 3303 κατάῥρησις,
3456 3232 3639 3301 Γέγονε
3674 3230 3770 3300 γὰρ

2225 3313 2382 3384 οὗτος
2410 3320 2508 3390 τῆς
2531 3321 2776 3390 είςήμᾶς
2803 3321 3112 3390 οἰκονομίας
3135 3324 3164 3376 6
3194 3324 3418 3390 σκοπὸς,
3442 3322 3517 3394 τῷ
3537 3322 3600 3376 δι’
3621 3323 3768 3392 ἡμᾶς.

2225 3408 2348 3463 καθ’
2372 3410 2542 3479 ἡμᾶς,
2577 3408 2671 3462 καὶ
2701 3407 2843 3480 ὑπὲρ
2867 3408 3043 3478 ἡμῶν,
3072 3411 3152 3473 είς
3177 3408 3428 3475 θάνατον,
3457 3413 3505 3463 εί
3545 3409 3633 3464 καὶ
3658 3410 3770 3462 ἀνευ

2227 3497 2330 3552 ϐίω
2355 3497 2516 3552 πάλιν
2533 3515 2547 3528 ο
2571 3499 2633 3553 ού
2659 3498 2769 3570 γὰρ
2796 3498 3071 3570 ἐνεδέχετο
3095 3500 3195 3570 τὴν
3224 3499 3372 3572 ζωὴν
3407 3497 3660 3573 ἡττᾶσθαι
3685 3495 3768 3549 θα-

2225 3589 2391 3660 νάτῳ.
2429 3588 2569 3642 Ἀλλ’
2594 3589 2900 3660 ὴπείθησάν
2923 3607 3065 3654 τινες
3091 3590 3170 3662 τῷ
3197 3591 3513 3664 Εύαγγελίῳ
3536 3590 3623 3645 τοῦ
3650 3591 3768 3660 Χρι-

2226 3678 2376 3744 στοῦ,
2408 3680 2500 3733 καὶ
2522 3677 2620 3751 τὴν
2648 3681 2713 3732 ὲκ
2745 3681 2845 3750 τῆς
2873 3680 3146 3750 ἁμαρτίας
3179 3681 3240 3734 ού
3264 3683 3661 3754 προσηκάμενοι
3687 3678 3767 3732 λύ-

2223 3787 2445 3842 τρωσιν,
2486 3769 2846 3842 ἀχθοφοροῦσι
2870 3772 3033 3824 πάλιν
3061 3772 3252 3838 αὐτὴν,
3284 3777 3406 3840 ταῖς
3432 3774 3576 3844 σφῶν
3606 3769 3766 3827 αὐτῶν

2224 3863 2630 3936 ὲπαρτήσαντες
2647 3863 2911 3934 κεφαλαῖς
2931 3863 3020 3918 διὰ
3045 3865 3238 3937 φρενὸς
3265 3867 3566 3932 ἀσθένειαν,
3586 3867 3671 3920 καὶ
3684 3863 3767 3918 νοῦ

2227 3955 2501 4026 μαλακίαν
2549 3955 2646 4010 καὶ
2677 3956 2967 4028 ἀνανδρίαν
2997 3957 3198 4028 ψυχῆς.
3243 3954 3406 4015 Οὗτοι
3439 3960 3594 4015 παντὶ
3621 3959 3767 4012 πνεύ-

2228 4061 2358 4114 ματι
2395 4043 2784 4114 περιφέρονται
2825 4045 3068 4116 πονηρῷ,
3104 4047 3196 4100 καὶ
3244 4049 3326 4112 είς
3357 4051 3463 4104 πᾶν
3488 4045 3619 4113 εἶδος
3645 4050 3766 4103 ἀκα-

2225 4134 2453 4206 θαρσίας
2521 4133 2804 4204 βιαιότατα
2871 4135 3266 4208 συνωθούμενοι
3338 4141 3587 4210 πλείστην
3649 4139 3765 4208 ὅσην

2225 4222 2499 4278 ποιοῦνται
2523 4223 2620 4296 τὴν
2640 4224 2720 4288 είς
2740 4223 2808 4278 τὰ
2838 4225 3015 4294 φαῦλα
3039 4228 3298 4300 σπουδήν.
3335 4231 3570 4302 Σπουδῆς
3604 4230 3656 4284 δὲ
3679 4246 3764 4298 ση-

2227 4315 2378 4384 μεῖον
2403 4314 2436 4383 ἠ
2467 4311 2692 4383 πτέρυξ,
2724 4313 2789 4383 ἣν
2819 4316 2914 4367 καὶ
2941 4313 3145 4381 ἔποπος
3181 4313 3324 4370 εῐναί
3357 4335 3535 4389 φησιν,
3560 4314 3688 4382 εἶδος
3713 4316 3763 4369 δὲ

2221 4403 2380 4458 τοῦτο
2413 4403 2716 4474 στρουθίου,
2742 4403 2811 4458 τὰ
2838 4403 2946 4458 τῶν
2979 4405 3260 4477 τελμάτων
3292 4409 3380 4462 ἀεὶ
3418 4408 3762 4464 δυσωδέστατα

2221 4495 2588 4566 περιθέοντος,
2629 4496 2724 4550 καὶ
2767 4496 2838 4550 τά
2882 4499 2946 4551 ὲκ
2996 4496 3258 4569 βορϐόρου
3304 4501 3398 4554 καὶ
3451 4497 3763 4570 ἀκαθαρσίας

2225 4587 2572 4656 συλλέγοντος
2599 4589 2679 4652 είς
2714 4589 2944 4660 τροφήν.
2963 4589 3117 4644 Ὅσοι
3142 4591 3431 4664 τοιγαροῦν
3462 4590 3557 4656 τάς
3577 4588 3764 4642 ἑαυτῶν

2224 4680 2458 4744 σπουδὰς
2494 4679 2802 4734 δαπανῶσιν
2833 4681 2914 4744 είς
2962 4679 3258 4753 μολυσμὸν,
3287 4677 3432 4738 οὗτοι
3472 4683 3535 4754 δὴ
3569 4681 3763 4739 πάντως

2222 4769 2322 4834 τάς
2364 4769 2463 4841 μὲν
2492 4771 2771 4842 πτέρυγας
2794 4769 3001 4834 ἔποπος
3020 4772 3245 4838 εἰκότως
3272 4773 3339 4828 ἂν
3363 4774 3502 4845 ἔχειν
3524 4771 3758 4839 λέγοιντο.

2222 4859 2613 4924 Γυναικοειδεῖς
2668 4860 2726 4914 δὲ
2773 4861 2871 4915 καὶ
2929 4861 3104 4924 αὐτοὶ.
3150 4862 3246 4917 καὶ
3305 4860 3758 4932 ὲκτεθηλυμμένοι,

2225 4949 2540 5023 σύμμορφοί
2562 4969 2620 5006 τε
2647 4951 2831 5006 λοιπὸν
2877 4954 2941 5024 τῇ
2990 4954 3394 5028 τυραννευούσῃ
3440 4953 3574 5008 κατά
3627 4948 3760 5017 σφῶν

2222 5041 2488 5112 ἁμαρτίᾳ.
2523 5043 2728 5114 Ὀνπερ
2745 5042 2854 5115 γάρ
2880 5041 3100 5113 τρόπον,
3137 5043 3446 5116 σύμμορφοι
3464 5043 3538 5114 τῷ
3561 5037 3760 5112 Χριστῷ

2222 5131 2290 5184 δι’
2313 5132 2584 5204 ἀγιασμοῦ
2617 5135 2902 5203 γεγόνασιν
2930 5136 2978 5189 oi
3003 5134 3096 5188 ὑπ’
3117 5135 3266 5204 αὐτῷ
3279 5152 3338 5189 τε
3369 5135 3460 5190 καὶ
3481 5134 3573 5186 σὺν
3597 5126 3759 5198 αὐτῷ’

2223 5222 2366 5278 οὓτω
2398 5218 2494 5278 καὶ
2521 5226 2586 5296 τῇ
2636 5225 2836 5297 ἀνομίᾳ
2867 5225 3180 5298 σύμμορφοί
3211 5244 3270 5280 τε
3317 5226 3409 5280 καὶ
3436 5221 3684 5294 ὁμοειδεῖς
3715 5219 3758 5270 οῖ

2224 5316 2427 5388 ταύτην
2461 5316 2875 5390 ὲπηχθισμένοι,
2905 5317 2999 5370 καὶ
3038 5320 3104 5388 τῇ
3153 5316 3448 5387 ἀκαθάρτῳ
3486 5310 3754 5384 φαυλότητι

2225 5409 2392 5480 συζῇν
2419 5409 2706 5481 ᾑρημένοι.
2758 5408 3118 5480 Ἀποφέρουσι
3152 5407 3210 5461 δὲ
3238 5407 3299 5461 τὸ
3334 5407 3526 5478 μέτρον
3559 5403 3634 5466 είς
3660 5399 3753 5452 Βα-

2226 5495 2457 5565 ϐυλῶνα,
2489 5497 2583 5551 καὶ
2609 5491 2755 5553 οἷκον
2781 5495 2930 5568 αὐτῷ
2980 5493 3233 5568 ζητοῦσιν
3273 5495 3408 5564 ἐκεῖ,
3447 5493 3752 5562 αίνιγματω-

1900 5698 1944 5731 ⁸⁸
1979 5699 2078 5754 lsa.
2105 5714 2263 5768 xxxv,
2305 5701 2354 5759 3.
