4082 6304
351 255 451 310 SOI

1055 254 1142 310 DE
1180 254 1619 310 ADORATIONE
1660 253 1723 308 IN
1767 253 2036 309 SPIRITU
2081 255 2170 310 ET
2215 257 2584 315 YERITATE.
2629 256 2758 311 LIB.
2800 256 2889 310 IV.

3490 257 3594 312 502

351 369 478 433 δῶς,
503 362 656 438 οἶμαί
686 383 813 430 που,
838 367 931 419 καὶ
951 366 1101 420 τοῦδε
1136 369 1510 439 σημαίνοντος,
1543 368 1619 432 ὡς
1649 371 1697 422 εἰ
1732 371 1806 439 μή
1842 387 1925 433 τις

2029 385 2193 439 porro
2231 372 2508 442 regionem
2530 388 2840 427 mensuram
2864 371 3133 435 deferunt,
3168 372 3349 441 ibique
3373 374 3595 431 domum

349 461 528 515 ἕλοιτο
554 458 621 510 τὰ
649 456 737 510 διὰ
776 458 1034 526 Χριστοῦ,
1063 459 1158 511 καὶ
1194 461 1294 529 τῆς
1332 458 1608 529 ἁμαρτίας
1651 461 1926 530 ἀγαπήσει

348 551 448 621 τὴν
479 546 773 618 ἐμφραξιν,
817 547 907 600 διὰ
937 548 998 600 τὸ
1032 549 1166 618 πρὸς
1205 550 1372 619 μόνας
1404 549 1547 619 ἔχειν
1590 551 1927 623 ἀκαθαρσίας

347 640 409 694 τὸ
437 638 784 708 σπούδασμα,
826 638 1164 709 ἐξοιχήσεται
1207 640 1306 709 μὲν
1334 640 1436 709 τῆς
1468 641 1628 709 ἁγίας
1666 644 1929 714 Ἰερουσα.

347 732 480 802 λὴμ,
509 730 657 784 τοῦτ’
686 729 826 793 ἔστι,
865 731 963 799 τῆς
990 730 1101 784 τῶν
1135 732 1497 803 πρωτοτόκων
1514 734 1674 801 ἁγίας
1699 736 1924 806 μητρὸς,

350 821 720 884 καλλιπόλεως
768 821 827 875 δὲ
854 821 954 891 τῆς
986 821 1132 875 ἀνωο
1177 825 1461 893 μονονουχὶ
1491 825 1548 877 δὲ
1590 825 1926 898 δυσφόρητον

352 912 492 982 ἔχων
513 912 613 982 τὴν
657 909 931 981 ἁμαρτίαν
977 910 1218 981 φορτίον,
1252 914 1565 983 συνοικήσει
1600 916 1713 976 τοῖς
1750 913 1925 967 Βαϐυ-

351 1001 587 1065 λωνίοις,
618 1000 763 1055 τοῦτ’
788 1000 928 1064 ἐστι,
951 1001 1141 1072 μερίδα
1166 1003 1260 1056 καὶ
1288 1003 1485 1075 κλῆρον
1509 1004 1620 1069 ἔξει
1655 1005 1791 1074 μετά
1818 1006 1927 1060 τῶν

351 1092 534 1147 ἀθέων
564 1091 989 1162 εἰδωλολατρῶν.
1027 1092 1114 1145 Ἑν
1135 1093 1234 1162 ἴσῳ
1262 1094 1370 1165 γὰρ
1395 1097 1510 1158 τοῖς
1534 1094 1737 1160 ἀθέοις,
1756 1098 1806 1150 oi
1829 1097 1928 1168 τὴν

352 1183 444 1237 διὰ
472 1181 711 1253 Χριστοῦ
741 1182 1009 1254 λύτρωσιν
1038 1184 1427 1255 ἀτιμάσαντες.
1462 1188 1574 1241 Καὶ
1597 1188 1729 1257 γοῦν
1760 1190 1789 1242 ὁ
1817 1191 1930 1242 Σω-

350 1274 480 1343 τήρ
512 1292 531 1323 ι
578 1272 701 1326 Ἐἀν
731 1273 1045 1346 ἁμαρτήσῃ,
1076 1276 1260 1345 φησὶν,
1283 1277 1313 1328 ὁ
1335 1277 1562 1347 ἁδελφός
1585 1295 1699 1344 σου,
1727 1278 1926 1349 ὕπαγε,

351 1363 573 1432 ἔλεγξον
596 1363 759 1417 αὐτὸν
797 1365 1003 1435 μεταξύ
1037 1383 1129 1419 σου
1160 1368 1252 1421 καὶ
1278 1368 1443 1422 αὐτοῦ
1481 1370 1642 1438 μόνου
1665 1387 1681 1403 ο
1711 1372 1806 1425 ἐάν
1836 1388 1930 1425 σου

351 1456 587 1527 ἀκούσῃ,
619 1456 921 1528 ἐκέρδησας
970 1454 1061 1509 τδν
1089 1456 1317 1526 ἀδελφόν
1344 1474 1461 1512 σου’
1503 1459 1601 1513 ἐάν
1629 1459 1685 1513 δὲ
1728 1464 1800 1531 μή
1836 1479 1929 1515 σου

352 1546 583 1618 ἀκούσῃ,
620 1546 907 1616 παράλαϐε
944 1547 1083 1618 μετά
1107 1547 1202 1601 σοῦ
1226 1548 1379 1619 ἕναῆ
1416 1548 1528 1614 δύο,
1559 1550 1645 1604 ἴνα
1685 1552 1777 1604 ἐπὶ
1807 1554 1928 1607 στό-

370 1656 545 1708 ματος
571 1637 665 1691 δύο
696 1639 728 1710 ἢ
766 1637 937 1709 τριῶν
967 1639 1263 1711 μαρτύρων
1288 1643 1458 1713 σταθῇ
1499 1644 1607 1696 πᾶν
1640 1643 1809 1714 ῥῆμα·
1834 1645 1930 1698 ἐὰν

2028 459 2079 512 ei
2118 468 2373 529 qumrunt
2402 479 2412 513 :
2438 477 2561 530 qua:
2585 478 2694 527 res,
2719 463 2776 516 ui
2808 461 2984 525 fallor,
3026 461 3130 515 hoc
3156 462 3382 534 ﬁgurate
3424 467 3595 537 signi-

2027 546 2172 613 ﬁcat,
2219 548 2311 619 qui
2349 565 2413 603 ea
2466 550 2608 604 bona
2656 554 2947 622 respuerit,
3010 570 3132 626 quae
3184 569 3282 624 per
3317 554 3596 610 Christum

2026 646 2181 707 parta
2209 639 2370 693 nobis
2426 648 2587 707 sunt;
2632 643 3079 717 adamaveritque
3123 646 3554 702 obstructionem
3581 689 3596 713 ,

2026 742 2148 796 qua:
2179 744 2248 782 ex
2275 739 2501 798 peccato
2531 741 2636 797 est,
2686 735 2742 789 in
2809 751 2877 791 eo
2917 739 3064 807 quod
3128 739 3371 794 studium
3437 755 3601 793 omne

2027 820 2082 873 in
2117 820 2432 890 impuritate
2476 824 2797 881 collocatum
2852 828 3037 893 habet,
3089 829 3207 884 fore
3248 840 3309 886 ut
3351 831 3397 885 is
3443 841 3602 886 exeat

2026 924 2095 964 ex
2150 909 2371 966 civitate
2428 924 2616 968 sancta
2671 915 2997 981 Jerusalem,
3054 918 3161 973 hoc
3224 929 3328 982 est,
3392 936 3423 974 c
3474 936 3599 974 sau-

2028 1012 2116 1058 cta
2203 1003 2296 1057 illa
2360 1014 2591 1074 parente
2660 1008 3189 1080 primogenitorum,
3252 1028 3602 1083 supernaque

2028 1108 2094 1148 ac
2158 1093 2529 1164 pulcherrima
2604 1098 2827 1155 civitate
2860 1141 2874 1165 ,
2950 1117 3015 1157 ac
3083 1102 3327 1172 pondere
3391 1106 3601 1172 peccati

2027 1199 2169 1256 pene
2205 1202 2317 1241 non
2362 1186 2592 1243 ferendo
2646 1207 2890 1261 pressus,
2950 1208 3057 1248 una
3122 1209 3247 1248 cum
3291 1193 3603 1266 Babyloniis

2030 1275 2258 1341 habitet,
2322 1278 2377 1333 id
2436 1288 2551 1344 est,
2584 1289 2793 1351 partem
2869 1299 2933 1339 ac
2993 1293 3195 1339 sortem
3228 1301 3353 1339 cum
3418 1285 3603 1355 impiis

2029 1366 2303 1421 idolorum
2330 1367 2637 1423 cultoribus
2666 1368 2881 1424 habeat.
2932 1369 3034 1437 Qui
3061 1372 3208 1425 enim
3265 1370 3470 1425 Christi
3509 1386 3601 1425 re—

2029 1458 2398 1529 demptionem
2414 1468 2803 1525 contemnunt,
2827 1461 2863 1514 ii
2882 1461 2951 1515 ab
2983 1462 3165 1532 impiis
3187 1477 3298 1515 non
3318 1461 3599 1516 differunt.

2029 1550 2216 1619 Itaque
2238 1549 2539 1615 Salvator,c
2561 1550 2618 1605 Si
2656 1552 2988 1622 peccaverit.
3028 1552 3227 1622 inquit,
3266 1552 3433 1607 frater
3455 1561 3601 1616 tuus,

2028 1639 2187 1702 vade,
2229 1654 2393 1711 argue
2432 1640 2588 1694 illum
2626 1642 2771 1694 inter
2807 1649 2860 1696 te
2909 1649 2965 1695 et
2989 1641 3166 1711 ipsum
3214 1641 3429 1706 solum;
3462 1640 3506 1694 si
3551 1650 3605 1695 te

367 1729 430 1783 δὲ
463 1730 785 1784 καὶτούτων
814 1731 1161 1803 παρακούσῃ,
1206 1734 1326 1786 εἰπὲ
1354 1736 1420 1804 τῇ
1472 1734 1800 1807 Ἐκκλησίᾳ·
1837 1737 1928 1790 ὲάν

2035 1730 2308 1794 audierit,
2346 1730 2593 1785 lucratus
2651 1732 2764 1786 eris
2804 1730 3028 1785 fratrem
3082 1740 3275 1801 tuum;
3332 1731 3376 1785 si
3421 1740 3605 1785 autem

350 1818 411 1873 δὲ
441 1821 535 1873 καὶ
562 1821 662 1891 τῆς
707 1819 1036 1891 Ἐκκλησίας
1066 1822 1410 1896 παρακούσῃ,
1450 1824 1591 1877 ἔστω
1631 1843 1711 1879 σοι
1737 1825 1925 1900 ὥσπερ

2029 1840 2134 1879 non
2162 1823 2423 1888 audierit,
2455 1822 2657 1878 adhibe
2686 1831 2869 1879 tecum
2912 1839 3080 1878 unum
3121 1825 3208 1878 vel
3248 1823 3406 1887 duos,
3443 1832 3505 1878 ut
3548 1824 3603 1877 iu

353 1914 385 1965 ὁ
412 1910 627 1975 ἐθνικὸς
655 1913 750 1966 καὶ
786 1914 814 1966 ὁ
854 1911 1112 1984 τελώνης.
1156 1933 1175 1965 ι
1214 1915 1371 1969 Ἔστι
1400 1915 1578 1969 τοίνυν
1610 1917 1710 1969 οὐκ
1751 1919 1929 1987 ἀσυμ-

354 2004 544 2073 φανὲς,
578 2006 778 2077 μᾶλλον
808 2005 863 2060 δὲ
884 2006 972 2059 διὰ
1002 2007 1183 2077 πάσης
1218 2008 1348 2079 ἡμῖν
1378 2007 1798 2080 μεμαρτύρηται
1825 2010 1927 2076 τῆς

353 2096 506 2161 θείας
528 2099 773 2170 Γραφῆς,
801 2101 882 2155 ὅτι
905 2104 1054 2157 πᾶσα
1073 2101 1352 2185 δικαίωσις
1371 2100 1466 2155 καὶ
1489 2101 1638 2153 πᾶσα
1660 2099 1929 2173 λύτρωσις

352 2193 415 2241 ἐν
444 2190 487 2241 Χ
496 2190 687 2262 ριστῷ.

2026 1931 2122 1971 ore
2150 1915 2387 1971 duorum
2416 1915 2502 1969 vel
2546 1916 2711 1970 trium
2750 1916 2971 1970 testium
3002 1922 3110 1970 stet
3137 1930 3300 1970 omne
3344 1915 3599 1969 verbum.

2028 2008 2083 2063 Si
2102 2015 2284 2062 autem
2317 2023 2497 2078 neque
2519 2008 2622 2062 hos
2649 2007 2804 2077 105
2818 2007 3077 2071 audierit,
3106 2006 3196 2061 dic
3226 2007 3516 2071 Ecclesiae;
3559 2010 3604 2061 si

2028 2109 2210 2153 autem
2222 2099 2387 2153 etiam
2406 2098 2705 2153 Eeclesiam
2722 2097 3130 2167 contempserit,
3146 2096 3219 2151 sit
3235 2096 3334 2150 tibi
3348 2105 3605 2167 tanquam

2027 2190 2280 2245 ethnicus
2311 2199 2368 2245 et
2406 2192 2732 2261 publicanus
2756 2192 2823 2246 ".
2853 2212 2870 2245 ι
2914 2193 3011 2248 Est
3049 2192 3218 2263 igitur
3239 2191 3466 2247 minime
3502 2191 3603 2246 oh-

350 2294 597 2346 scurum,
665 2292 828 2353 atque
880 2284 1017 2339 adeo
1055 2283 1223 2339 totius
1263 2282 1461 2338 divinae
1498 2283 1794 2353 Scriptura:
1841 2281 2153 2336 testimonio
2192 2280 2599 2346 conﬁrmatum,
2633 2297 2852 2337 omnem
2888 2282 3338 2354 justiﬁeationem
3380 2293 3438 2338 et
3476 2282 3603 2336 red-

348 2377 687 2447 emptionem
709 2395 828 2435 esse
875 2380 932 2434 in
964 2378 1194 2435 Christo.

423 2467 630 2523 IIAAA.
665 2465 741 2523 Εὖ
777 2469 931 2539 ἔφης.

426 2640 473 2671 ⁸⁵
496 2638 707 2697 Matth.
744 2655 895 2707 xvui,
932 2642 1122 2697 15-17.

2098 2464 2300 2543 BALL.
2333 2465 2500 2520 Recte
2530 2463 2733 2518 dixisti.

346 2833 3595 2862 mw

981 2992 1375 3120 ΠΕΡΙ
1447 2992 1787 3119 ΤΗΣ
1864 2992 2070 3116 ΕΝ
2152 2988 3029 3125 ΠΝΕΥΜΑΤΙ

1600 3254 1791 3336 ΚΑΙ
1861 3251 2401 3340 ΛΛΗΘΕΙΑΙ

325 3499 333 3506 ”
448 3557 457 3586 ς
786 3474 1999 3592 ΠΡΟΣΚΥΝΗΣΕΩΣ
2088 3473 2364 3585 ΚΑΙ
2456 3464 3191 3585 ΛΑΤΡΕΙΑΣ

338 3699 387 3763 ἰ
455 3683 462 3692 ’
1468 3696 1830 3781 ΛΟΓΟΣ
1907 3694 2498 3779 ΤΕΤΑΡΤΟΣ.

519 4053 703 4169 DE
790 3966 1741 4173 ADORATIONE'
1806 4063 1987 4174 ET
2075 4061 2555 4177 CULTU
2646 4058 2789 4175 IN
2873 4058 3446 4176 SPIRITU

1538 4328 1705 4428 ET
1798 4323 2451 4434 VERITATE

1466 4571 1832 4649 LIBER
1921 4569 2504 4662 QUARTUS.

369 4891 496 4968 Ὀτι
512 4891 619 4968 τὸν
642 4892 1014 4968 κεκᾼημένοκ
1037 4893 1123 4968 είς
1146 4892 1459 4968 δικαίωσιν
1479 4892 1641 4968 ,παρὰ
1662 4894 1811 4968 Θεοῦ
1836 4894 1928 4968 καί

2041 4897 2200 4968 106
2252 4892 2351 4958 Qui
2409 4893 2477 4945 ad
2496 4963 2506 4968 _
2513 4891 2945 4968 justiﬁcationem
2979 4910 3011 4946 a
3066 4890 3175 4968 Deo
3201 4898 3409 4946 vocatus
3431 4893 3518 4955 sit,
3553 4900 3603 4945 et

432 4961 904 5032 λελυτρωμένον,
946 4962 1105 5027 αὐτῷ
1144 4963 1614 5016 κατακολουθεῖν
1649 4963 1788 5032 χρὴ.
1826 4965 1925 5016 καὶ

434 5031 843 5102 παραιτξξσθαι
876 5032 993 5102 μὲν
1018 5033 1124 5085 τὸν
1158 5035 1246 5097 εἰς
1283 5031 1926 5101 φαυλότηταμαλακι-

436 5100 611 5170 σμὸν,
638 5099 742 5179 ζῇν
773 5102 840 5154 δὲ
859 5099 1096 5171 μᾶλλον
1115 5102 1453 5169 ἐπείγεσθαι
1481 5099 1801 5173 συννόμως
1827 5104 1926 5156 καὶ

435 5185 740 5235 νεανικως.

439 5259 712 5331 Σφαλερὸν
749 5262 845 5331 μὲν
882 5255 994 5326 οὖν,
1032 5262 1108 5324 ὡς
1136 5260 1329 5327 ἔοικεν,
1358 5254 1404 5314 ὦ
1449 5261 1735 5327 Παλλάδιε,
1767 5263 1934 5332 φαίην

368 5347 412 5401 δ’
442 5350 507 5403 ἂν
532 5350 611 5403 ὅτι
638 5351 732 5404 καὶ
767 5349 1188 5422 βδελυρώτατον,
1225 5352 1357 5405 εἴσω
1393 5369 1451 5405 τε
1479 5353 1656 5423 πάσης
1700 5352 1936 5423 βεϐηκὸς

368 5440 616 5505 ἀτοπίας,
649 5442 722 5511 μὴ
750 5442 811 5495 τὺ
831 5442 1278 5512 κατανδρίζεσθαι
1305 5443 1478 5512 φιλεῖν
1512 5444 1843 5513 φαυλότητός
1873 5462 1934 5497 τε

369 5530 464 5583 καὶ
500 5532 771 5603 ἁμαρτίας
794 5552 809 5566 ο
837 5533 1240 5605 Θρυπτομένους
1264 5534 1318 5587 δὲ
1345 5534 1535 5606 ὥσπερ
1563 5537 1642 5598 εἰς
1668 5536 1935 5599 ἐκτύπους

369 5619 580 5688 ἡδονὰς,
619 5622 712 5675 καὶ
754 5623 1115 5695 Θηλυπρεπεῖς
1157 5624 1426 5693 μαλακίας
1461 5624 1814 5692 ὲγκαθιέντας
1851 5626 1929 5695 τῷ

2107 4962 2423 5045 Figite-raptus,
2460 4963 2507 5015 ei
2736 4978 2864 5045 esse_
2904 4962 3243 5045 sequendum,
3286 4971 3335 5014 et
3387 4978 3601 5015 excussa

2108 5031 2329 5090 mollitie
2361 5048 2477 5102 qua:
2510 5031 2580 5102 ad
2617 5032 2799 5085 vitium
2831 5031 2991 5097 ducit,
3042 5032 3110 5084 ad
3143 5033 3287 5101 piam
3312 5040 3358 5083 et
3392 5047 3605 5099 genero-

2107 5124 2221 5160 sam
2257 5101 2417 5158 vitam
2449 5101 2765 5156 enitendum.

2110 5264 2485 5319 Periculosum
2525 5263 2747 5333 quidem
2778 5271 2881 5325 est,
2922 5259 3146 5323 Palladi,
3188 5258 3419 5312 nimium
3440 5267 3603 5328 atque

2039 5356 2226 5418 etiam,
2262 5356 2308 5409 si
2361 5354 2547 5409 dicere
2592 5354 2773 5416 liceat,
2814 5352 3106 5406 scelestum
3148 5350 3402 5412 maxime,
3454 5360 3509 5403 et
3547 5352 3602 5405 in

2038 5446 2230 5517 primis
2278 5445 2670 5503 facinorosum.
2716 5442 2861 5496 nolle
2901 5441 3162 5495 adversus
3201 5440 3502 5509 nequitiam
3543 5455 3606 5494 ac

2038 5548 2320 5607 peceatum
2360 5535 2574 5588 fortiter
2609 5550 2665 5588 se
2700 5549 2930 5602 gerere;
2962 5533 3079 5597 sed,
3114 5531 3298 5587 animo
3324 5532 3603 5587 indecoris

2039 5627 2409 5697 voluptatibus
2449 5633 2706 5679 enervato
2750 5636 2805 5681 et
2855 5626 2920 5679 ad
2954 5625 3276 5681 muliebrem
3314 5623 3599 5678 mollitiem
