4082 6304
485 312 586 368 505
1461 303 1521 358 S.
1562 304 1838 361 CYRILLl
1875 303 2344 358 ALEXANDRINI
2382 303 2698 360 ARCHIEP.
3645 297 3758 354 504

485 429 719 498 dejecto,
769 423 987 479 virtutis
1027 429 1265 476 conatus
1323 418 1652 483 detrectare,
1689 419 1949 488 quamvis
1999 419 2048 473 in

2160 420 2256 490 νῷ,
2281 420 2378 490 τῆς
2424 420 2504 483 εἰς
2549 419 2747 498 ἀρετὴν
2791 416 3081 487 εὐτολμίας
3127 418 3458 488 ἀποφοιτᾷν,
3515 416 3618 466 καί
3668 428 3753 466 τοι

482 493 737 588 promptu
758 515 828 568 sit
850 527 1008 584 posse
1026 511 1232 567 Christi
1253 525 1355 580 ope
1386 509 1453 574 ad
1473 509 1838 579 quodcunque
1866 524 2048 564 rerum

2157 511 2330 580 παρὸν
2369 503 2429 562 εὖ
2463 509 2608 579 μάλα
2652 493 2743 562 διὰ
2777 505 3014 578 Χριστοῦ
3049 506 3185 577 πρὸς
3229 508 3339 560 πᾶν
3376 505 3578 560 ὁτιοῦν
3618 505 3751 558 ἀνα-

482 606 878 663 laudandarum
929 617 1102 674 genus
1154 601 1489 666 ascendere;
1547 600 1616 654 ad
1653 615 1882 670 eamque
1934 614 2048 653 rem

2157 601 2422 672 θρώσκειν
2457 599 2716 654 δύνασθαι
2746 599 2854 652 τῶν
2885 599 3316 670 ἐπαινουμένων,
3363 599 3467 651 καὶ
3511 595 3660 666 πρός
3688 612 3754 662 γε

483 700 855 767 horteturnos
886 695 996 750 illis
1038 694 1224 764 verbis
1260 692 1611 758 beatissimus
1653 691 1875 755 Paulus,
1919 709 1937 739 ‹
1975 691 2048 743 De

2157 693 2347 764 τούτῳ,
2392 694 2542 764 ἡμᾶς
2579 691 2911 762 παραθήγει,
2941 691 3131 758 λέγων,
3166 691 3195 742 ὁ
3245 689 3557 760 ἱερώτατος
3591 685 3755 750 ,Παῦο

485 799 682 846 caetero
707 789 862 858 107
873 785 1267 842 confortamini
1293 785 1348 839 in
1370 784 1620 848 Domino,
1654 792 1711 838 et
1732 783 1785 836 in
1808 781 2048 852 potentia

2157 783 2270 848 λος·
2310 803 2326 835 ι
2362 782 2467 836 Τοῦ
2493 783 2679 837 λοιποῦ
2707 781 3100 854 ἐνδυναμοῦσθε
3122 783 3179 835 ὲν
3204 782 3414 853 Κυρίῳ,
3454 781 3560 833 καὶ
3592 780 3654 831 ὲν
3675 778 3756 848 τῷ

481 878 703 934 virtutis
732 877 854 947 ejus
877 877 942 929 ιθ.
991 894 1010 927 ›

2157 876 2344 945 κράτει
2371 874 2472 944 τῆς
2508 874 2691 944 ἰσχύος
2711 872 2896 928 αὑτοῦ.
2937 892 2956 925 ι

549 969 746 1024 PALL.
792 967 1005 1037 Optime
1035 966 1191 1032 dicis.
1427 1035 1430 1040 ι

2225 969 2434 1020 ΠΑΛΛ.
2472 962 2542 1020 Εὖ
2576 966 2774 1035 λέγεις.

553 1059 712 1114 CYR.
737 1059 798 1114 In
821 1059 1044 1128 Christo
1073 1042 1308 1126 namque
1328 1056 1592 1111 faciemus
1613 1056 1908 1118 virtutem;
1948 1067 2049 1106 nec

485 1161 690 1215 tamen,
730 1151 950 1220 opinor,
981 1149 1082 1220 ulli
1122 1148 1409 1218 contingit,
1456 1157 1518 1200 ut
1561 1146 1677 1201 sine
1722 1146 1913 1218 labore
1951 1142 2050 1196 ad-

491 1256 678 1296 versus
710 1241 843 1296 vitia
874 1241 1088 1294 fortiter
1114 1254 1171 1294 se
1209 1246 1380 1309 gerat,
1413 1238 1480 1292 ad
1517 1253 1749 1306 eamque
1779 1251 1894 1290 rem
1929 1234 2050 1288 ani-

2225 1058 2386 1110 ΚΥΡ.
2424 1058 2729 1127 Ποιήσωμεν
2774 1056 2883 1127 γὰρ
2931 1056 3159 1126 δύναμιν
3208 1057 3266 1136 εν
3307 1052 3567 1127 Χριστῷ’
3609 1053 3756 1122 πλὴν

2152 1149 2250 1201 οὐκ
2289 1148 2353 1201 ἂν
2382 1144 2533 1217 οἶμαί
2565 1165 2649 1212 τις
2689 1148 2942 1218 ἀνιδρωτὶ
2975 1147 3337 1218 κατορθώσειε
3375 1147 3435 1198 τὸ
3471 1161 3758 1198 κατανεα-

2153 1239 2420 1292 νιεύεσθαι
2452 1239 2657 1306 παθῶν,
2686 1241 2777 1292 καὶ
2805 1238 3075 1310 ἀπορθοῦν
3121 1241 3198 1302 εἰς
3229 1238 3385 1292 τοῦτο
3411 1236 3513 1290 τὸν
3547 1239 3756 1290 οἰκεῖον

483 1345 636 1394 mum
684 1331 896 1400 erigere
934 1329 1124 1398 possit.

556 1419 757 1486 PALL._
791 1418 1092 1472 Assentior.

550 1506 710 1564 (ΠΒ.
758 1508 1023 1562 Praeclara
1079 1522 1315 1582 namque
1351 1521 1417 1560 ea
1464 1521 1551 1560 res
1586 1515 1690 1572 est,
1739 1513 1795 1559 et
1833 1503 1888 1558 in
1944 1518 2052 1573 qua

483 1601 869 1672 consequenda
907 1615 1086 1669 operae
1117 1600 1351 1669 pretium
1392 1600 1484 1664 sit,
1524 1599 1766 1654 studium
1811 1613 2050 1668 ponere,

2159 1330 2372 1399 ἰσχῦσαι
2400 1329 2541 1383 νοῦν.

2224 1420 2430 1474 ΠΛΛΑ.
2459 1419 2740 1490 Σύμφημι.

2223 1510 2383 1564 ΚΥΡ.
2415 1510 2703 1580 Τοιγάρτοι
2739 1511 2937 1580 χρῆμα
2974 1508 3234 1579 διαφανὲς
3277 1527 3338 1562 τε
3376 1511 3475 1564 καὶ
3523 1510 3754 1579 ἀξιόλη-

2155 1619 2308 1667 πτον,
2343 1603 2437 1656 καὶ
2464 1602 2825 1656 ἀναπίπτουσι
2860 1603 2956 1672 μὲν
2983 1603 3080 1672 οὐχ
3117 1601 3409 1672 ἁλώσιμον,
3439 1604 3754 1671 ἐκτετιμηο

477 1711 609 1766 quae
639 1710 671 1748 a
710 1693 918 1762 supinis
956 1691 1270 1746 hominibus
1304 1690 1479 1744 teneri
1501 1705 1609 1744 non
1643 1697 1861 1760 potest;
1901 1687 2048 1742 facil-

2157 1695 2273 1748 κὸσι
2314 1695 2370 1746 δὲ
2400 1694 2462 1747 τὸ
2499 1697 2698 1760 πονεῖν,
2755 1693 3092 1764 εὐπόριστον.
3155 1693 3472 1764 Γέγραπται
3521 1693 3619 1755 δὲ,
3666 1693 3754 1746 ὃτι

487 1758 615 1850 lime
631 1758 812 1839 autem
836 1784 903 1837 ab
923 1783 989 1837 iis
1011 1791 1256 1852 paratur,
1282 1782 1376 1851 qui
1413 1758 1656 1850 laborem
1682 1758 1892 1834 inertia:
1911 1793 2048 1850 pra“:—

2167 1805 2184 1838 ι
2240 1786 2400 1856 Ἀνὴρ
2433 1786 2490 1838 ὲν
2523 1758 2702 1848 πόνοις
2737 1758 3110 1854 πονεῖ-ἐαυτῷ,
3143 1758 3587 1847 καὶ-ἐκϐιάζεται
3614 1781 3751 1834 ἐαυ-

481 1879 752 1942 tulerunt.
802 1875 1073 1944 Scriptum
1127 1882 1211 1928 est
1248 1873 1431 1940 enim:
1479 1891 1496 1922 ι
1542 1871 1638 1926 Vir
1673 1870 1732 1924 in
1774 1869 2055 1944 laboribus

488 1970 596 2024 sibi
625 1969 858 2031 laborat,
889 1975 945 2021 et
963 1967 1069 2020 vim
1103 1964 1232 2019 facit
1270 1979 1395 2031 sum
1416 1961 1710 2033 perditioni
1744 1960 1808 2030 ‘7.
1856 1979 1876 2012 ι
1922 1960 2051 2014 Exi-

485 2063 608 2131 guis
635 2068 816 2116 autem
848 2057 1130 2124 laboribus
1155 2071 1338 2110 rerum
1364 2055 1686 2122 eximiarum
1725 2067 1882 2126 posse
1935 2051 2052 2107 ﬁeri

473 2151 1066 2222 -compotem,_stultum
1087 2157 1188 2216 est,
1221 2146 1434 2219 opinor,
1473 2145 1557 2218 vel
1588 2143 1848 2214 cogitare.
1879 2141 2052 2208 Quid?

484 2259 667 2299 nonne
690 2243 933 2296 omnium
983 2255 1164 2294 rerum
1201 2237 1666 2310 exoptatissimum
1699 2243 1782 2291 est
1814 2236 2050 2290 animant

485 2349 727 2397 servare,
764 2348 827 2386 ac
849 2347 948 2402 pro
969 2347 1064 2386 sua
1091 2318 1362 2400 quemque
1391 2328 1502 2381 vita
1529 2327 1812 2382 retinenda
1856 2326 2047 2381 decer-

483 2433 600 2478 tare
619 2425 642 2477 ?

556 2511 749 2568 PALL.
783 2511 1011 2566 Maxnne
1048 2525 1198 2564 vero.

551 2604 707 2659 (ΠΒ.
735 2604 883 2657 Illam
905 2618 1034 2656 vero
1051 2601 1235 2672 gloria:
1269 2599 1573 2655 claritatem
1595 2599 1796 2668 quibus
1829 2597 2050 2652 athletis

474 2695 776 2750 convenire
817 2694 1049 2747 maxime
1075 2700 1256 2761 putas,
1309 2702 1530 2745 rectene
1571 2699 1625 2744 et
1655 2691 2048 2745 exercitatione

479 2784 727 2839 adhibita
762 2782 1118 2844 certantibus,
1159 2792 1216 2836 et
1239 2779 1334 2850 qui
1363 2780 1601 2835 victoria:
1628 2781 1920 2834 maximam
1959 2796 2045 2834 ra-

481 2877 686 2932 tionem
708 2874 946 2938 habent;
975 2889 1044 2927 an
1079 2873 1165 2937 iis,
1197 2872 1288 2941 qui
1318 2871 1714 2943 jucundissime
1757 2872 2048 2941 voluptati-

474 2971 586 3023 bus
636 2965 908 3029 diﬂluunt,
945 2972 999 3019 et
1027 2963 1357 3044 desidiosam
1397 2963 1567 3017 vitam
1622 2963 1840 3032 optimae
1885 2971 2047 3033 atque

474 3057 942 3131 praestantissimae
970 3039 1371 3126 praetulerunt?

2159 1876 2253 1931 τοῦ
2301 1878 2400 1947 τὴν
2451 1876 2744 1930 ἀπώλειαν.
2800 1894 2818 1928 ι
2862 1876 3092 1944 Μικροῖς
3136 1875 3193 1927 δὲ
3233 1873 3420 1944 ἱδρῶσι
3468 1871 3751 1926 δύνασθαι

2161 1967 2459 2039 κατορθοῦν
2506 1967 2575 2021 τὰ
2628 1966 2882 2037 ἐξαίρετα
2931 1965 3038 2018 τῶν
3096 1964 3458 2035 πραγμάτων,
3523 1961 3751 2032 ἀμαθὲς

2158 2059 2310 2131 οῖμαί
2338 2077 2460 2121 που.
2491 2061 2584 2113 καὶ
2624 2059 2684 2112 τὸ
2714 2045 2884 2134 ¹μόνον
2921 2060 3139 2110 ἐννοεῖν.
3173 2059 3245 2110 Ἢ
3274 2059 3393 2127 οὐχὶ
3424 2056 3534 2109 τῶν
3564 2054 3752 2109 ἄλλων

2159 2155 2411 2206 ἁπάντων
2450 2153 2578 2222 ἡμῖν
2603 2152 2684 2203 ὅτι
2719 2150 2949 2220 μάλιστα
2976 2149 3411 2219 τιμαλφέστατον
3437 2150 3520 2220 εἴη
3554 2149 3653 2211 ἂν,
3686 2148 3750 2200 τὸ

2155 2244 2414 2298 διασῶσαι
2463 2244 2562 2313 τὴν
2607 2243 2812 2312 ψυχὴν,
2875 2243 2969 2296 καὶ
3021 2241 3123 2310 τῆς
3171 2241 3306 2305 ἰδίας
3357 2242 3746 2312 ύπεραθλῆσαι

2157 2333 2327 2406 ζωῆς

2227 2513 2431 2565 ΠΑΛΛ.
2467 2511 2718 2566 Μάλιστα
2747 2527 2831 2578 γε.

2227 2601 2383 2656 ΚΥΡ.
2425 2603 2496 2654 Τὸ
2525 2603 2580 2655 δὲ
2607 2603 2706 2672 ἤδη
2741 2599 3037 2670 περιφανὲς
3067 2601 3124 2654 ὲν
3153 2599 3308 2672 δόξῃ,
3347 2601 3453 2653 τίσι
3497 2600 3740 2668 μάλιστα

2155 2694 2263 2748 τῶν
2298 2692 2544 2762 ἀθλητῶν
2581 2693 2737 2762 οἰήσῃ
2777 2691 3030 2762 πρέπειν,
3072 2691 3277 2760 πότερα
3317 2693 3431 2754 τοῖς
3477 2689 3740 2744 ἀθλοῦσιν

2154 2783 2328 2855 ὀρθῶς
2350 2782 2441 2835 καὶ
2466 2779 2853 2851 ὲξησκημένως
2874 2820 2887 2842 ,
2930 2779 3022 2832 καὶ
3061 2776 3141 2842 οἷς
3180 2780 3239 2833 ἐν
3263 2779 3406 2850 λόγῳ
3437 2779 3498 2832 τὸ
3530 2779 3738 2849 χρῆναι

2154 2876 2330 2946 νικᾷν,
2363 2873 2396 2940 ἢ
2428 2875 2540 2934 τοῖς
2565 2872 2639 2935 ὡς
2662 2871 2853 2941 ἥδιστα
2882 2871 3243 2942 διαχεομένοις
3280 2871 3358 2932 εἱς
3381 2868 3617 2942 τρυφὰς,
3641 2871 3735 2923 καὶ

2153 2965 2252 3037 τὴν
2288 2966 2346 3020 ὲν
2374 2963 2621 3035 ῥᾳστώνῃ
2650 2963 2812 3034 ζωὴν,
2849 2965 2946 3033 τῆς
2973 2962 3200 3032 ἀρίστης
3233 2961 3667 3032 ἀνθῃρημένοις;

551 3107 1461 3216 ﬁvero,
1514 3153 1608 3199 aut
1653 3144 1924 3199 undenam
1946 3144 2048 3199 du-

2224 3139 2431 3193 ΠΑΛΛ.
2465 3138 2576 3192 Καὶ
2607 3137 2752 3202 πῶς,
2786 3138 2819 3208 ἢ
2852 3137 3015 3190 πόθεν
3058 3139 3380 3208 ἀμφίλογον,
3419 3139 3494 3202 ὼς
3527 3139 3735 3207 ἥκιστα

481 3244 633 3298 bium
655 3243 910 3312 cuiquam
944 3241 1118 3311 possit
1144 3254 1284 3302 esse,
1326 3238 1459 3306 quin
1483 3237 1706 3290 minime
1740 3237 1806 3308 iis
1831 3251 2051 3310 conve-

481 3335 598 3388 niat
642 3335 882 3396 vincere,
928 3331 1022 3400 qui
1050 3328 1564 3390 desidialaborant,
1607 3326 1700 3380 sed
1743 3326 1954 3394 aequius
1983 3326 2052 3382 sit

479 3425 708 3478 victoria
742 3421 908 3492 potiri
943 3420 1040 3494 qui
1081 3419 1388 3492 alacriores
1414 3417 1664 3492 fuerint?

549 3513 704 3568 CYR.
735 3491 876 3565 Num
902 3491 1067 3580 igitur
1089 3491 1354 3573 dicemus,
1389 3501 1488 3577 qui
1519 3491 1801 3561 laboribus
1826 3506 2050 3560 multam

478 3603 712 3658 salutem
748 3598 1006 3662 dixerint,
1052 3595 1530 3665 remissioremque
1576 3595 1745 3648 vitam
1791 3609 1855 3648 ac
1892 3594 2052 3648 volu-

472 3703 731 3764 ptuosam
760 3689 988 3760 amplexi
1018 3689 1146 3754 sint,
1179 3687 1283 3742 hoc
1319 3687 1496 3757 ipsum
1529 3687 1639 3743 illis
1672 3685 1860 3758 gloriae
1899 3685 2050 3741 futu-

483 3800 605 3839 rum
625 3783 648 3836 ?

550 3871 747 3927 PALL.
782 3870 1002 3924 Minime
1020 3884 1172 3923 vero.

549 3963 705 4017 CYB.
753 3961 922 4031 Igitur
965 3973 1304 4028 consequens
1339 3967 1442 4023 est,
1467 3967 1528 4012 ut
1562 3959 1600 4014 ii
1629 3959 1793 4013 modo
1831 3957 2050 4012 laudem

481 4061 832 4130 mereantur,
875 4045 990 4136 qui.
1027 4046 1245 4134 labores
1301 4041 1660 4130 libentissime
1705 4042 2047 4128 suscipiunt;

481 4163 658 4218 neque
687 4147 804 4202 sine
834 4131 1132 4200 certamine
1179 4131 1463 4213 contingat
1501 4131 1760 4211 cuiquam
1810 4139 2050 4195 nominis

481 4239 717 4293 claritas.

550 4327 746 4383 PALL.
769 4326 846 4381 lta
872 4339 1172 4396 congruere
1211 4321 1447 4378 videtur.

2157 3231 2253 3300 μὲν
2287 3230 2346 3283 τὸ
2374 3231 2529 3302 νικᾷν
2561 3229 2760 3298 πρέποι
2795 3229 2860 3282 ἂν
2896 3232 3008 3292 τοῖς
3032 3230 3412 3302 ἡρρωστηκόσι
3453 3232 3514 3284 τὸ
3561 3231 3734 3302 ρᾳθυ-

2156 3325 2295 3394 μεῖν,
2321 3324 2381 3376 τό
2404 3339 2468 3390 γε
2501 3323 2607 3394 μὴν
2627 3321 2882 3375 δύνασθαι
2905 3325 3125 3393 κρατεῖν
3144 3325 3254 3386 τοῖς
3278 3325 3730 3396 ὲπιεικεστέροιςς

2221 3507 2384 3561 ΚΥΡ.
2424 3506 2536 3578 Ἆρ’
2581 3498 2672 3565 οὖν
2705 3505 2936 3577 ἐροῦμεν
2972 3507 3048 3569 ὡς
3077 3506 3173 3560 καὶ
3204 3508 3470 3579 προσήκοι
3500 3509 3577 3573 είς
3632 3509 3727 3562 εύ-

2151 3599 2335 3663 κλείας
2363 3599 2591 3670 δύναμιν
2621 3598 2681 3651 τὸ
2701 3599 2887 3669 χρῆμα
2920 3599 3121 3662 αὐτοῖς,
3153 3600 3426 3669 ἐρρῶσθαι
3459 3601 3556 3670 μὲν
3591 3602 3729 3672 φρά-

2153 3711 2305 3746 σουσι
2327 3692 2388 3745 τὸ
2422 3693 2619 3763 χρῆναι
2653 3693 2855 3756 πονεῖν,
2887 3691 3013 3761 τόγε
3057 3692 3164 3762 μὴν
3194 3693 3434 3747 ἀνεῖσθαι
3473 3694 3568 3747 καὶ
3596 3711 3725 3764 τρυ-

2153 3785 2258 3855 φᾷν
2286 3783 2578 3854 ἑλομένοις.

2221 3874 2429 3926 ΠΑΛΛ.
2471 3873 2546 3926 Οὐ
2587 3873 2684 3944 μὲν
2713 3868 2825 3928 οῦν.

2221 3965 2387 4017 ΚΥΡ.
2427 3964 2652 4032 Ἕψεται
2681 3963 2744 4033 δὴ
2772 3959 2865 4018 οὖν
2895 3966 3006 4029 τοῖς
3035 3966 3116 4019 ὅτι
3150 3966 3384 4036 μάλιστα
3426 3966 3722 4035 φιλοπονω-

2150 4056 2348 4118 τάτοις,
2382 4055 2444 4107 τὺ
2475 4055 2776 4126 εὐδοκιμεῖν
2806 4054 2899 4109 καὶ
2927 4056 3152 4126 ἀγώνων
3177 4059 3299 4130 δίχα
3327 4057 3721 4132 κατορθώσειεν

2150 4145 2216 4200 ἂν
2245 4146 2418 4209 οὐδεὶς
2433 4146 2494 4199 τὸ
2515 4142 2654 4201 εἶναι
2688 4149 3008 4220 περιφανής.

2218 4315 2424 4371 ΠΑΛΛ.
2461 4311 2717 4390 ’Ᾱραρεν.

549 4419 705 4476 CYR.
755 4419 923 4472 Recta
964 4385 1149 4488 igitur,
1204 4414 1432 4478 Palladi,
1486 4413 1553 4468 ad
1610 4428 1700 4468 res
1746 4385 2047 4468 laudandas

2231 4409 2395 4463 ΚΥΡ.
2456 4385 2620 4464 ’1τέυᾲ
2667 4411 2727 4482 δὴ
2779 4407 2892 4479 οὖν,
2944 4413 3238 4479 Παλλάδιε,
3288 4416 3406 4468 κατ’
3437 4416 3565 4471 εὐθὺ
3615 4417 3721 4471 τῶν

479 4524 710 4580 pergere
745 4514 993 4577 oportet;
1047 4521 1111 4560 ac
1152 4503 1487 4568 fortitudini,
1519 4519 1641 4572 qua:
1683 4502 1750 4558 ad
1787 4503 2046 4574 virtutem

2157 4500 2574 4581 επαινουμένων,
2602 4503 2696 4558 καὶ
2719 4503 2970 4574 ἀνδρείας
2999 4505 3098 4576 τῆς
3129 4508 3208 4570 είς
3240 4507 3440 4579 ἀρετὴν
3461 4509 3721 4581 ἐπιμελη-

480 4600 674 4663 tendit,
704 4597 1171 4668 magnitudinique
1197 4595 1365 4650 animi
1396 4594 1476 4648 illi
1498 4593 1791 4649 excellenti
1813 4587 2050 4649 'studen—

481 4689 611 4740 dum
637 4695 739 4749 est,
781 4698 944 4754 quam
975 4684 1263 4752 Scriptura
1302 4683 1567 4738 divinitus
1605 4683 1868 4752 inspirata
1914 4684 2054 4738 solet

479 4777 758 4840 admirari,
802 4785 859 4831 ct
894 4791 1014 4844 qua:
1054 4784 1366 4830 sanctorum
1411 4775 1655 4830 virorum
1703 4774 1900 4829 animis
1965 4773 2048 4829 fa-

480 4865 708 4920 miliaris
756 4872 812 4918 ct
849 4866 1022 4918 amica
1066 4873 1170 4919 est.
1201 4859 1387 4933 Itaque
1424 4865 1508 4919 vir
1547 4865 1638 4919 ille
1692 4864 2047 4919 admirandus

479 4955 669 5020 David,
705 4954 825 5024 ejus
846 4952 1066 5007 virtutis
1087 4951 1361 5008 studiosos
1388 4954 1792 5023 alloquebatur,
1814 4954 2002 5008 dicens
2025 4971 2038 5006 :

485 5069 502 5100 ι
535 5048 773 5103 Virilitcr
796 5047 960 5117 agite,
997 5053 1052 5100 et
1074 5045 1412 5103 confortetur
1441 5062 1536 5101 eor
1560 5053 1825 5104 vestrum.
1855 5061 2045 5102 omnes

479 5142 824 5211 quisperatis
847 5140 902 5193 in
937 5137 1251 5193 Domind‘“.
1298 5159 1315 5190 ι
1343 5139 1684 5211 Ettanquam
1723 5138 2042 5206 hocipsum,

478 5209 532 5287 et
558 5209 776 5303 quidem
806 5247 916 5302 prae
936 5229 1148 5286 caeteris
1173 5229 1536 5300 praestitisset,
1567 5209 1684 5297 ipse
1728 5227 1796 5282 de
1836 5243 1896 5280 se
1935 5243 2047 5281 ma-

470 5321 671 5390 gniﬁce
699 5321 959 5390 loquitur,
980 5319 1132 5374 etait
1163 5337 1174 5372 :
1221 5337 1237 5370 ι
1265 5317 1528 5372 Dominus
1555 5314 1880 5368 illuminatio
1902 5329 2042 5378 mea,

2150 4579 2291 4656 τίον,
2325 4583 2582 4663 εὐψυχίας
2606 4611 2665 4646 τε
2687 4595 2788 4664 τῆς
2811 4595 2950 4664 ἄγαν
2974 4597 3066 4650 καὶ
3093 4597 3544 4671 τεθαυμασμένης
3562 4579 3722 4672 *παρὰ

2150 4697 2209 4733 τε
2229 4683 2295 4752 τῇ
2321 4681 2660 4754 θεοπνεύστῳ
2678 4685 2892 4756 Γραφῇ,
2914 4686 3124 4756 καὶτῆς
3142 4688 3418 4758 ὲντριϐοῦς
3441 4692 3535 4744 καὶ
3565 4693 3722 4761 φίλης

2149 4772 2259 4826 τῶν
2294 4773 2462 4841 ἁγίων
2491 4773 2707 4845 ψυχαῖς.
2748 4777 3033 4848 Τοιγάρτοι
3065 4779 3159 4832 καὶ
3188 4779 3216 4830 ὁ
3246 4778 3530 4844 θεσπέσιος
3561 4782 3722 4834 Δαϐὶδ

2151 4867 2230 4927 είς
2258 4865 2416 4918 τοῦτο
2440 4866 2835 4921 διανενευκόσιν
2863 4865 2922 4922 εὖ
2953 4868 3119 4939 μάλα,
3157 4871 3498 4941 προσεφώνει
3525 4871 3716 4942 λέγων·

2159 4973 2177 5006 ι
2239 4955 2616 5032 Ἀνδρίζεσθε,
2652 4957 2746 5009 καὶ
2795 4958 3170 5028 κραταιούσθω
3211 4962 3245 5030 ἡ
3301 4961 3498 5032 καρδία
3544 4963 3720 5030 ὑμῶν,

2152 5033 2350 5109 πάντες
2380 5047 2430 5099 oi
2461 5046 2770 5112 ἐλπίζοντες
2800 5049 2893 5102 ἐπὶ
2937 5049 3161 5120 Κύριον.
3205 5070 3224 5104 ι
3269 5052 3359 5123 Ὠς
3397 5052 3452 5104 δὲ
3491 5053 3621 5106 αὐτὸ
3655 5051 3717 5123 δὴ

2144 5139 2294 5191 τουτὶ
2343 5139 2436 5192 καὶ
2485 5140 2590 5209 πρό
2631 5156 2695 5208 γε
2742 5141 2849 5195 τῶν
2893 5142 3069 5196 ἄλλων
3107 5144 3486 5216 κατωρθωκὼς
3506 5187 3521 5208 ,
3558 5147 3718 5210 αὐτὸς

2147 5227 2326 5298 ἑαυτῷ
2374 5230 2732 5298 σεμνύνεται,
2782 5231 2876 5285 καί
2909 5249 3074 5301 φησισ
3134 5251 3152 5284 ι
3202 5234 3407 5306 Κύριος
3441 5237 3716 5306 φωτισμὸς

2147 5337 2250 5388 μου
2295 5321 2388 5374 καὶ
2447 5323 2637 5393 Σωτήρ
2685 5339 2822 5392 μου,
2876 5323 2996 5376 τίνα
3046 5325 3462 5398 φοϐηθήσομαι;
3515 5327 3715 5398 Κύριος

479 5425 538 5469 et
573 5413 720 5468 salus
757 5429 913 5477 mea;
959 5427 1124 5482 quem
1173 5410 1418 5467 timebo?
1460 5408 1724 5464 Dominus
1768 5415 2047 5477 protector

2157 5409 2553 5482 ὕπερασπιστὴς
2581 5413 2678 5483 τῆς
2703 5414 2848 5484 ζωῆς
2876 5431 3000 5485 μου,
3032 5415 3140 5468 ἀπὸ
3185 5416 3328 5480 τίνος
3357 5417 3643 5481 δειλιάσω;
3691 5437 3709 5469 ι

476 5503 604 5559 vitae
647 5502 806 5572 108
831 5517 982 5568 mete,
1013 5519 1042 5558 a
1071 5519 1179 5573 quo
1218 5500 1502 5570 trepidabo
1533 5498 1621 5554 “1'
1666 5517 1684 5550 ι
1725 5497 2046 5576 innumera-

2143 5498 2329 5570 Μύρια
2357 5500 2466 5572 γὰρ
2496 5502 2596 5555 ὅσα
2637 5504 2764 5575 περὶ
2816 5506 2962 5576 ἡμᾶς
2998 5506 3069 5562 τὰ
3114 5507 3420 5576 σκάνδαλα,
3455 5507 3714 5581 κρείττων

549 5678 911 5748 “Ephesvi,
943 5679 1024 5731 10.
1104 5679 1146 5711 ⁸⁷
1185 5680 1479 5745 Prov.xvx,
1521 5679 1610 5733 26.
1689 5676 1898 5733 l"Psal.
1938 5691 2063 5743 xxx,
2113 5678 2202 5733 25.
2270 5681 2486 5736 "Psal.
2527 5698 2670 5749 xxvi,
2709 5684 2761 5740 1.
