4082 6304
310 421 415 478 505

1047 420 1134 476 DE
1168 418 1612 477 ADORATIONE
1652 419 1720 474 IN
1761 415 2031 473 SPIRITU
2060 419 2149 474 ET
2190 421 2554 511 V’lZRlTATE.
2597 424 2724 479 LIB.
2765 426 2852 482 IV.

3450 426 3553 481 506

309 538 389 604 δὲ,
410 530 586 607 οἶμαι,
623 534 824 599 παντὸς
847 534 1081 606 ἀριθμοῦ
1108 535 1314 608 πληθὺς
1338 534 1631 606 δαιμονίων
1661 550 1883 604 κατερε-

1987 535 2115 590 bilia
2145 552 2380 608 namque
2412 541 2667 596 scandala
2695 557 2795 596 nos
2818 543 3175 598 circumstant
3207 560 3221 596 :
3259 544 3429 599 vincit
3456 561 3552 599 au-

310 625 449 689 θίζει
477 623 617 695 πρὸς
644 625 937 696 ἁμαρτίαν,
963 625 1057 678 καὶ.
1083 624 1310 695 προσέτι
1336 623 1446 677 τῶν
1477 621 1730 693 ἐμφύτων
1756 622 1881 693 ἠδο-

310 715 415 770 νῶν
439 716 540 770 οὐκ
588 715 821 788 ἀγεννὴς
872 712 1152 787 ἀγριότης,
1190 706 1626 787 ’φιλοχρηματίαι
1674 731 1733 768 τε
1787 713 1883 766 καὶ

310 800 617 873 ἀλαζονίαι,
642 807 736 860 καὶ
783 807 834 859 οί
866 807 1027 876 φόνου
1056 802 1300 874 γείτονες
1331 806 1723 876 ἐπισκήπτουσι
1755 802 1884 873 φθό-

310 917 410 966 νοι,
436 902 614 971 μῖσος
651 900 746 953 καὶ
797 898 1156 963 καταλαλιαὶ,
1210 898 1306 952 καὶ
1347 896 1400 950 τί
1440 895 1548 966 γάρ
1596 895 1719 966 οὐχὶ
1773 893 1883 947 τῶν

311 991 511 1061 ὁμοίων
539 989 746 1045 κακῶν.
790 989 929 1044 Ἀλλ’
950 991 999 1042 οἱ
1030 989 1128 1061 μὲν
1153 988 1364 1044 εὔκολοι
1392 988 1529 1060 πρὸς
1557 984 1881 1058 ἀπαγωγὴν,

311 1083 420 1137 οὐδ’
452 1084 572 1136 ὅσον
598 1084 771 1137 εἰπεῖν
800 1080 893 1135 τοῦ
932 1081 1130 1153 χρῆναι
1166 1079 1429 1149 γενναίως
1469 1078 1538 1133 τά
1588 1077 1767 1132 τοιάδε
1806 1076 1886 1130 δι-

312 1175 556 1242 ενεγκεῖν
601 1173 757 1244 ἄκρῳ
799 1173 940 1243 τάχα
991 1187 1094 1226 που
1144 1170 1389 1240 δακτύλῳ
1414 1169 1882 1241 προσψαύσοντες,

311 1258 555 1338 ἀμελητῖ
579 1266 639 1320 τὸ
676 1266 834 1336 νικᾷν
857 1263 1185 1337 ἀπονέμοντι
1226 1263 1340 1323 τοῖς
1379 1262 1613 1333 ἐχθροῖς,
1644 1258 1898 1319 σευτλίονα

311 1359 596 1429 ἡμίεφθον,
629 1355 770 1411 κατά
797 1355 895 1428 τὴν
917 1353 1012 1409 τοῦ
1041 1354 1318 1426 προφήτου
1350 1352 1553 1421 φωνὴν,
1580 1346 1742 1403 οἱονεί
1768 1364 1884 1412 πως

310 1450 391 1511 εἰς
419 1447 524 1517 γῆν
553 1445 893 1518 ἐρριμμένοι,
927 1445 1020 1499 καὶ
1046 1443 1252 1515 ἀμαχελ⁸
1276 1442 1476 1514 τρόπον
1502 1439 1625 1494 τινὰ
1646 1441 1758 1502 τοῖς
1786 1435 1885 1508 τῆς

312 1537 641 1606 φαυλότητος
652 1533 1077 1608 ὑπενηνεγμένοι
1091 1533 1269 1588 ποσίν.
1284 1533 1347 1587 Ol
1362 1531 1418 1585 δὲ
1435 1549 1470 1600 φ
1479 1529 1711 1600 ιλάρετοί
1721 1545 1779 1583 τε
1791 1527 1885 1581 καὶ

311 1622 732 1696 ἀγαθοὶ,καὶτῆς
744 1626 951 1680 ἀνωθεν
966 1625 1241 1696 ἐφιέμενοι
1259 1616 1437 1694 δόξης,
1451 1616 1593 1693 ζωῆς
1612 1638 1671 1675 τε
1687 1620 1786 1691 τῆς
1802 1619 1884 1683 είς

310 1718 484 1772 αἰῶνα
515 1712 835 1788 μεταλαχεῖν
856 1714 1201 1786 γλιχόμενοι,
1224 1711 1574 1783 γενναιότατα
1595 1711 1689 1764 καὶ
1710 1709 1886 1765 εὐτολ-

313 1807 522 1876 μότατα
531 1807 646 1869 ταῖς
653 1804 764 1859 τῶν
779 1805 924 1859 ίδίων
936 1802 1122 1858 παθῶν
1137 1801 1526 1866 ὑπαντιάζουσι
1537 1798 1880 1873 προσϐολαῖς,

311 1873 774 1968 κατανεκροῦντες
810 1895 909 1967 τὴν
938 1895 1138 1966 σάρκα,
1162 1895 1257 1949 καὶ
1295 1893 1405 1947 τῶν
1442 1894 1500 1948 ἑν
1530 1893 1667 1964 αὑτῇ
1702 1908 1761 1945 τε
1790 1890 1883 1945 καὶ
1912 1873 1957 1929 Β

310 1990 370 2056 ἐξ
396 1985 1097 2058 αὐτῆςκατεξανιστάμενοι
1125 1987 1460 2058 κινημάτων.
1482 1984 1669 2058 Ταύτῃ
1686 1998 1768 2037 τοι
1789 1982 1885 2037 καὶ

311 2082 422 2135 πᾶν
448 2077 589 2144 εἶδος
616 2079 947 2151 φαυλότητός
972 2096 1034 2133 τε
1063 2081 1158 2134 καὶ
1186 2076 1459 2151 ἁμαρτίας
1494 2077 1883 2149 εύτεχνέστατα

310 2169 757 2243 παρωθούμενοι,
782 2171 881 2242 τὴν
911 2170 1060 2243 ίεράν
1098 2171 1195 2224 καὶ
1229 2169 1531 2241 ἀμώμητον
1559 2166 1883 2240 κατορθοῦσι

309 2265 477 2334 ζωὴν,
505 2257 586 2327 οἷς
613 2264 712 2317 καὶ
736 2262 766 2317 ό
799 2262 1083 2326 θεσπέσιος
1116 2260 1329 2325 Παῦλος
1362 2261 1622 2330 ὲπιφωνεῐ
1641 2301 1659 2326 ,
1685 2258 1880 2328 λέγων’

314 2376 333 2409 ι
368 2356 541 2427 Στῆτε
569 2350 663 2410 οῦν
693 2352 1125 2427 περιζωσάμενοι
1163 2352 1262 2425 τὴν
1284 2352 1452 2421 ὀσφὺν
1485 2349 1639 2421 ὑμῶν
1662 2350 1721 2402 ὲν
1747 2348 1883 2420 ἀλη-

307 2447 455 2520 θείᾳ,
486 2448 586 2502 καὶ
616 2445 968 2517 ἐνδυσάμενοι
995 2445 1087 2499 τὸν
1124 2442 1351 2515 θώρακα
1382 2440 1482 2512 τῆς
1517 2438 1883 2511 δικαιοσύνης,

307 2538 404 2592 καὶ
431 2536 829 2607 ὑποδησάμενοι
854 2535 981 2598 τοὺς
1007 2535 1174 2597 πόδας
1194 2534 1253 2586 ἐν
1278 2529 1564 2602 ἑτοιμασίᾳ
1588 2528 1681 2583 τοῦ
1708 2529 1886 2598 Εὐαγ-

306 2628 492 2696 γελίου
526 2627 623 2699 τῆς
659 2627 914 2698 εἰρήνης·
948 2625 1043 2679 ἐπὶ
1072 2626 1238 2678 πᾶσιν
1276 2621 1634 2683 ἀναλαϐόντες
1663 2620 1755 2676 τὸν
1792 2620 1885 2675 θυ-

311 2719 433 2790 ρεὸν
467 2719 570 2790 τῆς
610 2718 847 2781 πίστεως
868 2757 884 2783 ,
918 2718 976 2770 ὲν
1018 2710 1063 2784 ᾧ
1094 2713 1386 2787 δυνήσεσθε
1436 2714 1613 2767 πάντα
1654 2711 1726 2767 τά
1755 2710 1883 2783 βέλη

307 2808 401 2862 τοῦ
445 2804 683 2878 πονηροῦ
724 2804 795 2859 τὰ
840 2804 1216 2877 πεπυρωμένα
1262 2803 1472 2858 σϐέσαι.
1518 2822 1536 2856 ι
1580 2803 1886 2877 ῌαντευχία

309 2897 416 2970 γὰρ
460 2900 495 2969 ή
542 2897 885 2969 πνευματικὴ
927 2898 1041 2960 τοῖς
1088 2894 1266 2964 ἁγίοις
1313 2892 1770 2969 πρεπωδεστάτη,
1816 2889 1885 2963 ἦς

310 2987 557 3055 ἐφίεσθαι
577 2988 686 3059 δεῖν
708 2989 875 3059 ἡμᾶς,
898 2988 946 3040 εἰ
968 2987 1062 3039 καὶ
1083 2984 1204 3039 καθ’
1225 2985 1411 3056 ἓτερον
1430 2983 1649 3054 τρόπον,
1674 2982 1884 3038 κελεύει

310 3078 355 3130 δ’
388 3074 479 3132 οῦν
523 3080 676 3148 ὅμως
724 3079 820 3132 καὶ
858 3078 1020 3141 αὐτὸς
1066 3077 1094 3130 ό
1127 3077 1347 3147 Σωτήρ·
1401 3093 1420 3127 ι
1460 3075 1744 3136 Ἔστωσαν
1775 3074 1883 3147 γὰρ

311 3168 464 3240 ὑμῶν
496 3172 551 3223 αἱ
585 3169 804 3238 ὀσφύες,
849 3169 1003 3238 φησι,
1040 3165 1497 3241 περιεζωσμέναι,
1524 3164 1619 3218 καὶ
1646 3165 1715 3219 τὰ
1745 3165 1883 3223 ὑπο-

1987 3173 2103 3222 tere
2124 3167 2289 3223 etiam
2345 3168 2461 3238 ipse
2511 3169 2763 3227 Salvator
2801 3190 2815 3225 :

310 3260 371 3327 δή
380 3276 524 3328 ματα
546 3260 604 3312 ὲν
626 3263 739 3322 τοῖς
766 3260 923 3313 ποσὶν
944 3260 973 3312 ύ
982 3259 1117 3330 μῶν,
1142 3259 1235 3312 καὶ
1255 3260 1304 3311 οἱ
1324 3259 1509 3329 λύχνοι
1535 3258 1831 3329 καιόμενοι·
1858 3277 1879 3313 ι

311 3351 371 3403 τὸ
402 3350 501 3422 μὲν
526 3351 761 3414 εὔζωνόν
781 3368 839 3404 τε
876 3351 969 3423 καὶ
990 3349 1154 3404 οἱονεί
1182 3366 1285 3403 που
1318 3350 1764 3420 συνεσταλμένον,
1792 3351 1887 3406 ἐπὶ

310 3442 371 3494 τδ
401 3445 601 3512 χρῆναι
626 3441 922 3512 τληπαθεῖν
952 3441 1093 3513 ὑπέρ
1130 3459 1194 3510 γε
1238 3440 1334 3495 τοῦ
1380 3440 1584 3510 ἀγαθοῦ
1606 3482 1621 3504 ,
1656 3443 1750 3495 καὶ
1787 3443 1888 3511 τῆς

315 3534 394 3595 είς
422 3532 555 3586 Θεὸν
582 3534 832 3603 ἀγάπης,
874 3533 967 3586 τοῦ
997 3532 1283 3599 διεζῶσθαι
1327 3534 1712 3605 σημαίνοντος·
1751 3533 1814 3587 τὸ
1841 3534 1886 3588 δ’

312 3623 574 3693 εὐτρεπές
601 3641 658 3677 τε
688 3625 779 3699 καὶ
813 3625 1089 3694 πρόθυμον
1108 3666 1124 3691 ,
1164 3627 1242 3688 είς
1273 3624 1372 3696 τὴν
1406 3625 1513 3679 ἀπὸ
1543 3625 1637 3679 τοῦ
1679 3625 1885 3695 κόσμου

314 3717 677 3780 κατάστασιν,
710 3715 805 3769 τοῦ
837 3715 1188 3771 ὑποδεδέσθαι
1220 3717 1345 3779 τοὺς
1381 3716 1566 3779 πόδας,
1590 3716 1664 3779 ὡς
1688 3715 1885 3770 αὐτίκα

310 3806 374 3878 δὴ
408 3807 553 3877 μάλα
585 3806 985 3877 βαδιουμένους,
1016 3803 1176 3877 οἷπερ
1207 3805 1273 3860 ἂν
1305 3807 1454 3876 ἡμᾶς
1505 3809 1534 3860 ὁ
1572 3806 1713 3871 θεῖος
1752 3806 1885 3861 ίέναι

316 3895 555 3965 βούλοιτο
588 3896 783 3967 νόμον
832 3896 894 3950 τὺ
935 3896 993 3951 δὲ
1042 3895 1293 3951 καίεσθαι
1342 3896 1468 3958 τοὺς
1496 3894 1756 3965 λύχνους,
1791 3894 1884 3950 τοῦ

317 3987 390 4058 μὴ
426 3987 500 4049 ὡς
524 3988 582 4039 ὲν
612 3988 790 4040 σκότει
826 4004 885 4041 τε
913 3987 1009 4041 καὶ
1038 3986 1249 4057 ἀμαθίᾳ
1273 3985 1374 4059 ζῇν
1404 3984 1689 4055 ἀνέχεσθαί
1712 4000 1883 4049 τινας,

313 4078 374 4130 ὲν
397 4078 537 4146 φωτὶ
557 4077 614 4131 δὲ
645 4078 842 4148 μᾶλλον
869 4077 947 4146 τῷ
972 4076 1062 4129 διὰ
1086 4074 1322 4147 Χριστοῦ
1351 4077 1450 4145 τὴν
1471 4077 1550 4138 εις
1578 4078 1685 4130 πᾶν
1708 4075 1885 4130 ὁτιοῦν

313 4169 422 4225 τῶν
475 4169 939 4240 τεθαυμασμένων
989 4169 1258 4223 ποιεῖσθαι
1308 4167 1554 4238 πορείαν.
1617 4166 1887 4229 Ἰουδαίοις

319 4260 417 4329 μὲν
446 4263 513 4313 ὲκ
557 4259 977 4331 φρενοϐλαϐείας
1024 4258 1181 4313 τοῦτο
1209 4258 1340 4331 δρᾷν
1386 4259 1487 4311 οὐκ
1518 4259 1882 4330 ἀνεχομένοις,

316 4350 655 4420 προσεφώνει
689 4350 954 4422 Χριστόςο
998 4370 1016 4401 ι
1058 4350 1205 4413 Ἕως
1244 4348 1305 4402 τὸ
1333 4348 1449 4417 φῶς
1477 4349 1628 4420 ἔχετε
1653 4365 1886 4420 περιπα-

315 4444 454 4494 τεῖτε
494 4443 554 4494 ὲν
583 4440 662 4512 τῷ
693 4441 852 4509 φωτὶ,
896 4441 985 4496 ἶνα
1020 4440 1093 4511 μὴ
1126 4440 1312 4494 σκοτία
1345 4441 1488 4509 ὑμᾶς
1521 4439 1820 4510 καταλάϐῃ.
1862 4459 1880 4491 ι

1985 628 2117 691 teni,
2161 637 2221 682 ut
2265 630 2497 699 opinor,
2540 647 2832 686 numerum
2876 648 3095 688 omnem
3161 633 3552 690 daemoniorum

1983 706 2303 797 multitudo,
2326 722 2449 791 quae
2474 738 2577 777 nos
2597 723 2665 777 ad
2700 724 3038 793 peccandum
3064 724 3246 781 irritat.
3277 722 3301 777 εἶ
3334 726 3401 780 ad
3436 726 3554 782 haec

1984 806 2281 864 insitarum
2302 810 2359 865 in
2377 812 2537 867 nobis
2581 813 2923 883 voluptatum
2967 808 3280 872 immanitas
3325 818 3552 875 minime

1982 899 2244 968 vulgaris,
2294 900 2545 967 avaritia,
2586 901 2890 971 iactantia,
2936 903 3141 959 invidia
3190 922 3301 960 non
3336 902 3495 978 longe
3522 925 3552 962 a

1984 989 2383 1055 eaede‘remota,
2411 990 2542 1045 odia
2564 1006 2805 1061 quoque,
2827 1000 2885 1046 et
2905 988 3278 1048 detractiones
3308 994 3550 1061 ir'ruunt,

1983 1084 2289 1150 caeteraque
2316 1081 2584 1150 ejusmodi
2600 1082 2753 1137 vitia.
2790 1080 2895 1149 Qui
2929 1082 3095 1154 igitur
3138 1084 3273 1139 sunt
3295 1086 3464 1151 leves,
3489 1104 3555 1141 ac

1982 1181 2102 1222 sese
2130 1166 2290 1223 facile
2312 1167 2513 1223 abduci
2555 1164 2763 1235 sinunt,
2796 1186 2921 1225 cum
2965 1182 3034 1226 ne
3064 1172 3293 1227 summis
3331 1174 3555 1242 quidem

1982 1256 2188 1329 digitis,
2217 1259 2364 1329 quod
2402 1259 2669 1316 adversus
2712 1262 2984 1332 ejusmodi
3024 1262 3165 1318 vitia‘
3212 1265 3513 1335 suscipitur
3536 1305 3551 1328 ,
3635 1332 3641 1338 .

1983 1358 2261 1405 certamen
2289 1350 2578 1421 attingant,
2619 1346 2765 1406 nihil
2805 1348 3024 1418 morati,
3074 1355 3362 1409 victoriam
3408 1355 3554 1410 hosti
3644 1344 3657 1351 “

1982 1440 2290 1496 concedunt
2368 1441 2530 1513 (betae
2578 1442 2750 1498 instar
2798 1444 3172 1516 semicoctae),
3218 1447 3372 1517 juxta
3421 1461 3547 1516 pro-

1980 1530 2161 1600 phetae
2178 1544 2393 1595 vocem,
2428 1532 2485 1587 in
2532 1539 2732 1587 terram
2771 1530 2992 1605 abjecti,
3025 1550 3094 1589 ac
3139 1536 3276 1590 citra
3317 1551 3561 1607 pugnam-

1981 1619 2384 1690 quodammodo
2435 1623 2540 1677 sub
2576 1623 2834 1693 nequitiae
2878 1623 3110 1693 pedibus
3167 1626 3443 1695 prostrati.
3485 1625 3559 1681 At

1981 1726 2114 1766 vero
2150 1711 2375 1768 virtutis
2408 1723 2702 1779 amatores,
2742 1730 2807 1769 ac
2842 1715 3003 1785 probi
3044 1715 3170 1780 viri,
3204 1716 3409 1785 quique
3440 1731 3555 1772 cte-

1983 1802 2177 1858 lestem
2211 1802 2361 1858 illam
2385 1805 2612 1876 gloriam
2645 1812 2926 1876 exoptant,
2959 1802 3193 1876 vitaeque
3232 1806 3381 1862 illius
3399 1800 3561 1862 aster-

1983 1907 2069 1948 nae
2103 1894 2403 1965 participes
2450 1903 2571 1950 esse
2621 1895 2873 1966 cupiunt,
2929 1894 3153 1952 fortiter
3226 1911 3290 1952 ac
3334 1894 3560 1956 strenue

1982 1984 2494 2054 perturbationibus
2533 1987 2873 2043 irruentibus
2919 1997 3238 2055 occurrunt,
3280 2004 3406 2045 cum
3433 2006 3558 2047 car-

1983 2088 2111 2130 nem
2155 2076 2510 2143 mortiﬁcant,
2562 2078 2939 2148 adversusque
2984 2086 3169 2135 motus
3208 2095 3324 2145 eos,
3353 2080 3450 2150 qui
3500 2078 3565 2135 in

1989 2166 2109 2237 ipsa
2157 2175 2215 2222 et
2242 2182 2311 2222 ex
2354 2168 2473 2238 ipsa
2503 2172 2654 2235 sunt,
2695 2169 3007 2241 insurgunt.
3042 2170 3231 2241 Itaque
3274 2172 3428 2227 omni
3457 2187 3557 2227 ne-

1984 2256 2172 2327 quitiae
2199 2272 2265 2313 ac
2285 2259 2497 2329 peccati
2523 2260 2723 2330 genere
2760 2275 2975 2316 summa
3011 2270 3128 2317 arte
3174 2270 3338 2332 atque
3390 2263 3559 2319 indu-

1985 2349 2117 2405 stria
2153 2349 2402 2420 depulso,
2419 2358 2661 2406 sanctam
2691 2359 2857 2421 atque
2880 2352 3031 2406 omni
3059 2352 3182 2407 labe
3213 2354 3440 2409 vacuam
3480 2353 3567 2408 vi-

1987 2444 2097 2495 tam
2124 2439 2385 2511 exigunt:
2417 2444 2556 2512 quos
2597 2441 2765 2496 etiam
2805 2440 3029 2496 divinus
3065 2441 3151 2495 vir
3193 2442 3396 2497 Paulus
3422 2444 3560 2499 allo-

1984 2530 2195 2602 quitur,
2225 2530 2417 2587 dicens
2446 2549 2461 2585 :
2490 2538 2523 2583 ‹’
2553 2532 2702 2588 State
2728 2531 2896 2603 igitur
2919 2532 3185 2588 succincti
3228 2534 3446 2589 lumbos
3462 2549 3561 2590 ve-

1984 2630 2128 2680 stros
2168 2624 2226 2681 in
2271 2627 2527 2694 veritate,
2567 2636 2624 2683 et
2668 2627 2850 2684 induti
2916 2629 3144 2684 loricam
3187 2629 3448 2701 ju'stitiaz,
3503 2640 3562 2685 et

1983 2713 2206 2770 calceati
2242 2716 2413 2786 pedes
2457 2716 2512 2771 in
2552 2717 3003 2789 praeparationem
3052 2719 3331 2790 Evangelii
3370 2720 3520 2790 pacis
3542 2737 3583 2784 ς’

1983 2805 2051 2859 ad
2090 2806 2207 2862 hac
2229 2808 2415 2863 omnia
2429 2816 2709 2865 sumentes
2746 2820 2961 2866 scutum
2990 2809 3139 2876 ﬁdei,
3174 2810 3230 2864 in
3261 2826 3372 2880 quo
3407 2802 3584 2880 pote;

1984 2894 2105 2950 ritis
2141 2898 2327 2952 omnia
2370 2898 2479 2954 tela
2515 2899 2847 2970 nequissimi
2875 2901 3033 2972 ignea
3059 2900 3407 2971 exstinguere
3438 2899 3506 2954 ⁸⁸.
3533 2918 3553 2951 ι

1983 2984 2275 3041 Armatura
2294 2998 2530 3059 namque
2565 2989 2866 3057 spiritualis
2903 2998 3122 3044 sanctos
3145 2989 3299 3045 viros
3322 2989 3573 3044 maxime-

1986 3076 2161 3144 decet,
2181 3093 2347 3148 quam
2375 3094 2497 3145 nos,
2520 3079 2626 3134 etsi
2653 3080 2761 3135 alio
2780 3081 2965 3146 modo,
2987 3081 3146 3151 jubet
3171 3090 3283 3137 tam
3294 3096 3365 3136 en
3397 3097 3565 3151 expe-

2882 3190 2900 3223 ι
2944 3173 3064 3227 Sint
3118 3172 3306 3236 enim,
3358 3172 3559 3241 inquit,

1987 3256 2161 3319 lumbi
2191 3259 2695 3329 vestri‘prtecincti,
2732 3270 2791 3316 et
2810 3261 2982 3316 calcei
3003 3261 3060 3317 in
3084 3262 3322 3332 pedibus
3339 3261 3558 3324 vestris,

1987 3357 2046 3404 et
2083 3349 2323 3405 lucernae
2368 3350 2626 3406 ardentes
2661 3353 2706 3384 "
2751 3369 2764 3405 :
2823 3371 2844 3404 ι
2909 3351 3277 3422 praecingendi
3324 3365 3567 3421 namque

1987 3442 2159 3497 verbo
2189 3441 2528 3512 signiﬁcatur
2545 3446 2843 3508 accinctos,
2864 3459 2929 3501 ac
2955 3445 3139 3501 veluti'
3155 3445 3385 3500 collecta
3402 3457 3560 3498 com-

1987 3546 2284 3602 pressaque
2330 3542 2480 3588 veste
2521 3534 2809 3604 expeditos
2858 3534 2926 3591 ad
2959 3535 3100 3591 mala
3132 3548 3234 3604 pro
3261 3533 3463 3587 virtute
3506 3539 3565 3585 et

1988 3624 2085 3678 Dei
2109 3623 2378 3681 charitate
2397 3624 2679 3679 toleranda
2698 3641 2820 3680 esse
2840 3633 3096 3695 oportere
3124 3643 3137 3679 :
3156 3624 3412 3695 subligati
3433 3638 3562 3679 vero

1988 3712 2157 3783 pedes
2181 3712 2427 3768 indicant
2470 3722 2689 3784 paratos
2734 3715 3056 3783 alacresque
3099 3714 3167 3769 ad
3216 3714 3563 3784 migrandum

1987 3819 2053 3857 ex
2076 3804 2181 3879 hoc
2213 3804 2439 3869 mundo,
2483 3812 2545 3859 ut
2589 3803 2994 3874 quamprimum
3045 3803 3387 3873 profecturos
3423 3819 3564 3872 quo-

1988 3911 2206 3965 cunque
2247 3896 2328 3950 irc
2378 3895 2627 3953 divinum
2680 3895 2971 3964 imperium
3016 3893 3279 3963 jusserit;
3326 3893 3566 3947 lucernae

1988 3984 2222 4054 denique
2249 3984 2503 4040 ardentes
2534 3983 2861 4054 signiﬁcant,
2897 3998 3005 4038 non
3052 3997 3173 4038 esse
3216 3982 3473 4051 cuiquam
3507 3982 3567 4035 in

1991 4074 2232 4129 tenebris
2277 4081 2441 4144 atque
2488 4075 2704 4129 inscitia
2743 4073 3057 4137 vivendum,
3111 4074 3207 4129 sed
3254 4073 3308 4128 in
3360 4071 3564 4128 Christi

1988 4164 2196 4219 lumine
2230 4164 2298 4219 ad
2335 4176 2400 4218 ea
2447 4164 2634 4217 omnia
2681 4180 2804 4233 quae
2841 4162 3137 4218 laudabilia
3162 4169 3291 4217 sunt
3333 4171 3563 4217 conten-

1987 4256 2245 4311 dendum.
2308 4255 2522 4309 Judaeos
2606 4254 2766 4323 109
2836 4251 3095 4321 quidem,
3152 4251 3299 4322 quod
3382 4260 3567 4305 essent

1987 4362 2178 4416 parum
2229 4359 2358 4400 sana
2412 4352 2596 4398 mente
2625 4383 2640 4407 ,
2696 4343 2749 4396 id
2798 4341 2976 4396 facere
3022 4349 3338 4395 recusantes
3372 4380 3386 4404 ,
3434 4342 3568 4395 allo-

1988 4437 2262 4508 quebatur
2280 4435 2549 4498 Christus,
2585 4453 2603 4484 ι
2638 4432 2994 4496 Dumlucem,
3017 4431 3289 4501 inquiens,
3328 4431 3561 4494 habetis,

318 4528 523 4581 Οὐκοῦν
571 4529 854 4598 ἑτοιμότης
883 4531 963 4591 είς
1001 4527 1203 4599 ἀρετὴν
1240 4529 1335 4581 καὶ
1377 4528 1598 4598 ἀνδρεία
1635 4531 1890 4599 φρονήσει

1995 4527 2269 4582 ambulate
2320 4525 2375 4578 in
2435 4525 2579 4587 luce,
2631 4538 2701 4577 ne
2752 4536 2850 4576 vos
2913 4521 3151 4576 tenebrae
3200 4522 3556 4590 comprehen-

320 4619 750 4689 συνεζευγμένη,
785 4619 1035 4689 λαμπρὸν
1110 4620 1203 4671 καὶ
1235 4619 1526 4689 περίοπτον
1562 4619 1889 4689 ἀποφήνειεν

319 4707 383 4761 ἂν
414 4709 515 4778 τῆς
542 4709 822 4773 εὐσεϐείας
847 4710 938 4762 τὸν
972 4710 1228 4780 ἐραστήν.

389 4879 600 4933 ΠΑΛΛ.
637 4874 710 4934 Εὖ
744 4879 941 4948 λέγεις.

389 4971 555 5025 ΚΥΡ.
601 4971 675 5025 Ού
714 4971 823 5042 γὰρ
848 4973 906 5024 ὲν
931 4970 1012 5040 τῷ
1052 4969 1296 5023 ἀνεῖσθαι
1334 4969 1542 5038 φιλεῖν,
1575 4968 1635 5021 τὸ
1679 4968 1895 5031 εὐκλεὲς
1935 4949 1963 4973 θ

321 5063 653 5133 εὑρήσομεν·
684 5062 802 5117 ἀλλ’
822 5062 981 5134 είπερ
1017 5060 1198 5131 ἱδροῦν
1212 5061 1396 5114 ’ἕλοιτό
1424 5078 1529 5135 τις,
1562 5061 1682 5115 τότε
1704 5061 1768 5131 δὴ
1796 5061 1894 5132 μό-

321 5151 402 5223 λις
440 5152 593 5206 ἔσται
638 5154 890 5225 λαμπρός
917 5172 977 5208 τε
1013 5157 1108 5210 καὶ
1142 5156 1589 5224 εὐδοκιμώτατος.
1620 5157 1727 5208 Καὶ
1767 5155 1897 5223 γοῦν

324 5247 662 5315 ποιουμένοις
692 5246 769 5299 ἔτι
798 5247 894 5310 τὰς
925 5248 985 5300 ὲν
1017 5247 1277 5318 Αἰγύπτῳ
1311 5246 1592 5318 διατριϐὰς
1619 5248 1732 5310 τοῖς
1759 5249 1893 5309 υἱοῖς

334 5335 570 5406 Ἰσραὴλ,
600 5337 850 5406 ἐφίστησι
881 5337 979 5407 μὲν
1007 5322 1440 5400 ἐπιστάταςτῶν
1479 5337 1654 5407 ἔργων
1687 5337 1890 5409 δεινοὺς

327 5424 419 5475 καὶ
446 5427 671 5494 πικροὺς
692 5428 721 5480 ὁ
745 5426 971 5497 βέϐηλος
1007 5425 1206 5497 Φαραὼ
1230 5443 1243 5456 '
1269 5428 1316 5479 oi
1343 5426 1418 5486 δὲ.
1448 5427 1547 5494 τὴν
1575 5426 1889 5496 ἀνεθέλητόν

327 5529 385 5564 τε
407 5514 587 5578 αὐτοῖς
607 5554 621 5579 ,
646 5515 739 5568 καὶ
782 5517 856 5579 ὡς
883 5516 942 5579 ἐξ
977 5517 1219 5586 ἀνάγκης
1244 5517 1652 5587 ὲπερριμμὲνην
1692 5517 1824 5585 σκλη
1835 5534 1882 5586 ρ·

330 5603 568 5670 αγωγίαν
622 5605 916 5675 γύμνασμα
964 5605 1269 5676 ποιούμενοι
1326 5608 1457 5677 πρὸς
1496 5608 1552 5659 το
1588 5608 1888 5678 τληπαθὲς,

1998 4619 2130 4673 dant
2150 4619 2216 4669 δ’.
2250 4634 2269 4667 ι
2299 4613 2524 4671 Pietatis
2546 4613 2710 4684 igitur
2738 4620 3036 4667 amatorem
3067 4611 3320 4666 alacritas
3351 4612 3417 4666 ad
3458 4613 3577 4665 vir-

1999 4716 2172 4764 tutem
2217 4704 2644 4775 capessendam,
2690 4718 2754 4757 ac
2798 4702 3066 4770 fortitudo
3104 4718 3228 4756 cum
3275 4703 3563 4772 prudentia

1999 4799 2286 4873 conjuncta
2330 4796 2536 4850 clarum
2566 4804 2729 4862 atque
2771 4793 3127 4863 conspicuum
3157 4792 3353 4848 reddit.

2069 4887 2263 4942 PALL.
2300 4884 2515 4955 Optime
2543 4883 2698 4938 dicis.

2064 4976 2220 5030 (ΝΒ.
2255 4974 2376 5029 Νοιι
2419 4971 2566 5026 enim
2608 4968 2873 5026 dissoluta
2916 4969 3250 5037 remissaquc
3292 4967 3402 5020 vita
3448 4967 3562 5035 glo-

1995 5067 2130 5121 riam
2167 5063 2426 5132 consequi
2457 5055 2617 5126 licet;
2647 5060 2780 5130 quin
2814 5059 3015 5129 potius,
3048 5057 3259 5112 etiamsi
3294 5055 3568 5125 quispiam

1996 5157 2210 5212 labores
2258 5170 2323 5209 ac
2367 5152 2597 5208 sudores
2632 5151 2874 5222 perferre
2922 5148 3195 5212 statuerit,
3247 5147 3336 5199 vix
3387 5153 3573 5198 tamen

2001 5245 2342 5315 splendorem
2384 5242 2709 5313 laudemque
2750 5240 3017 5310 insignem
3061 5237 3410 5305 adipiscetur.
3458 5235 3567 5289 Ita-

1999 5355 2104 5410 quc
2149 5337 2275 5392 [iliis
2307 5328 2492 5400 Israel,
2530 5350 2652 5388 cum
2688 5332 2869 5386 adhuc
2909 5331 2964 5383 in
3011 5328 3241 5398 Egypto
3283 5326 3578 5397 degerent,

2000 5429 2259 5502 imposuit
2303 5428 2524 5497 quidem
2574 5439 2801 5497 operum
2851 5419 3134 5490 prmfectos
3172 5433 3363 5489 graves
3413 5431 3566 5471 accr-

2000 5516 2207 5586 bosque
2250 5513 2509 5586 profanus
2546 5513 2635 5566 ille
2675 5511 2886 5565 Pharao
2920 5527 2931 5560 :
2969 5518 3023 5561 at
3071 5505 3170 5572 iiIi,
3205 5507 3333 5578 quia
3377 5505 3567 5561 duram

2002 5606 2146 5661 illam
2180 5605 2395 5659 vivendi
2428 5605 2623 5672 legmn,
2655 5600 2901 5670 quamvis
2938 5598 3121 5654 invitis
3155 5606 3210 5652 ct
3243 5596 3573 5653 necessitate

404 5775 447 5805 “
476 5777 675 5847 Ephes.
718 5794 787 5843 γι,
826 5779 1007 5834 ιι-ιδ.
1085 5780 1124 5809 ⁸³
1166 5778 1295 5833 Luc.
1331 5796 1421 5843 xu,
1462 5782 1545 5835 55.
1626 5783 1668 5813 ⁵³
1697 5781 1849 5835 Joan.
1876 5797 1968 5846 xu,
2009 5783 2095 5836 55.
