4082 6304
516 465 618 520 507

1502 467 1558 524 S.
1601 469 1876 526 CYRILLI
1914 470 2382 527 ALEXANDRINI
2419 470 2734 529 ARCIIIEP.

3666 479 3768 536 308

515 579 722 636 coactis
751 579 1082 650 impositam,
1112 596 1216 652 pro
1247 583 1637 639 exercitatione
1667 583 2000 650 habuerunt,
2025 583 2093 638 ad

2209 583 2501 656 ὒφέληνται
2535 586 2752 656 μᾶλλον,
2785 587 2928 657 ήπερ
2955 585 3240 658 ἠδίκηνται
3268 589 3416 644 κατά
3453 589 3520 643 τδ
3555 590 3768 662 ἀληθές.

516 671 786 728 tolerandi
813 673 1266 729 consuetudinem
1302 675 1717 744 acquirendam;
1762 676 1884 732 ideo
1915 676 2086 730 bene-

516 760 644 816 ﬂcio
673 761 858 831 potius
889 777 1100 828 revera,
1127 779 1292 834 quam
1334 763 1443 818 ulla
1483 764 1682 835 injuria
1725 773 1855 819 sunt
1883 763 2087 819 affecti.

516 854 793 910 Metuebat
821 855 968 910 enim
1011 856 1270 912 Hebraeos
1295 857 1528 922 Pharao,
1556 872 1682 912 cum
1726 858 1848 913 illos
1880 857 2092 912 videret

517 945 577 1001 in
606 947 928 1003 immensam
949 947 1359 1004 multitudinem
1385 964 1662 1016 crescere;
1699 966 1934 1020 cumque
1973 966 2090 1004 ma-

518 1039 766 1110 lignitate
789 1055 1002 1096 summa
1031 1048 1325 1095 conaretur
1353 1049 1562 1096 tantum
1588 1041 1739 1096 illius
1765 1042 1942 1112 gentis
1968 1057 2094 1112 pro-

519 1140 748 1186 ventum
775 1139 939 1200 atque
987 1130 1386 1189 incrementum
1415 1133 1677 1188 cohibere
1707 1151 1719 1186 :
1753 1151 1771 1184 ι
1807 1133 2091 1203 Imposuit,

2205 674 2422 729 Ἐδεδίει
2452 678 2550 747 μὲν
2573 679 2680 750 γὰρ
2703 680 2732 732 ό
2756 677 2953 748 Φαραὼ
2980 681 3105 744 τοὺς
3139 680 3426 753 Ἐϐραίους
3461 684 3543 746 είς
3569 682 3770 754 πληθὺν

2192 764 2498 837 ἀμέτρητον
2545 769 2950 839 ὲκτεινομένους
3002 770 3178 841 ὁρῶν
3239 771 3662 844 κακουργότατα
3714 775 3770 830 δὲ

2193 853 2442 920 κολάζειν
2479 858 2768 929 ἐπιχειρῶν
2809 857 2906 930 τὴν
2940 857 2996 914 έν
3023 877 3086 928 γε
3121 861 3186 933 δὴ
3233 861 3416 932 τούτῳ
3465 862 3640 932 φορὰν
3682 865 3773 920 καὶ

2193 946 2428 1001 ἐπίδοσιν
2445 985 2462 1011 ,
2482 968 2501 1000 ι
2546 949 2872 1020 Ἐπέστησεν
2893 952 3096 1016 αὐτοῖς,
3124 951 3306 1024 φησὶν,
3334 953 3641 1017 ἐπιστάτας
3667 954 3771 1012 τῶν

2195 1033 2392 1106 ἔργων,
2421 1037 2510 1092 ’ίνα
2537 1039 2860 1095 κακώσωσιν
2880 1043 3076 1106 αὐτοὺς
3099 1043 3157 1096 ὲν
3182 1046 3293 1108 τοῖς
3318 1043 3530 1114 ἔργοις.
3571 1063 3590 1096 ι
3621 1047 3774 1117 Περι-

2195 1128 2450 1202 τρέπεται
2477 1130 2534 1184 δὲ
2562 1133 2744 1196 αὐτοῖς
2760 1133 2894 1204 πρὸς
2915 1133 2975 1187 τὸ
3003 1135 3240 1190 ὲναντίον
3259 1138 3293 1207 ἡ
3325 1135 3546 1206 σκέψις.
3579 1137 3642 1190 Ἠ
3671 1139 3773 1210 γάρ

521 1222 724 1293 inquit,
766 1223 846 1278 eis
867 1222 1152 1293 praafectos
1177 1239 1425 1294 Operum,
1445 1231 1506 1278 ut
1527 1225 1828 1296 aﬂligerent
1855 1243 1950 1281 eos
1968 1241 2098 1296 ope-

2209 1222 2599 1296 ὲπενηνεγμένη
2622 1225 2862 1289 κάκωσις
2894 1227 3164 1297 πρόφασις
3193 1229 3381 1291 αὐτοῖς
3406 1227 3512 1298 τῆς
3540 1228 3620 1292 είς
3645 1229 3774 1300 πληο

521 1315 678 1371 ribus
705 1316 752 1348 "
779 1333 792 1368 :
823 1334 844 1367 ›
875 1315 983 1370 Sed
1018 1315 1124 1370 hoc
1151 1317 1270 1386 ejus
1295 1316 1584 1371 consilium
1605 1318 1909 1373 contrarios
1933 1333 2098 1372 even-

2209 1312 2292 1366 Ξὺν
2319 1315 2608 1380 ἐπιδόσεως
2635 1313 2724 1388 ἦν,
2751 1316 2885 1370 Θεοῦ
2916 1317 2977 1370 τὸ
3010 1321 3196 1390 χρῆμα
3215 1319 3658 1390 οίκονομοῦντος,
3689 1323 3774 1376 καὶ

522 1416 612 1462 tus
647 1406 872 1472 habuit;
907 1421 1035 1460 nam
1067 1421 1133 1461 ea
1175 1407 1314 1476 ipsa,
1343 1422 1464 1476 quae
1489 1406 1825 1462 inferebatur
1857 1409 2094 1476 vexatio,

2209 1405 2316 1467 ταῖς
2353 1405 2560 1458 ἐκείνου
2589 1406 2955 1477 ρᾳδιουργίαις
2983 1409 3082 1478 τὴν
3109 1410 3318 1464 οἰκείαν
3347 1407 3546 1481 ὥσπερ
3564 1411 3776 1477 ἀντεξά-

445 1509 454 1522 ·
520 1497 738 1554 occasio
763 1497 872 1551 illis
891 1497 1216 1554 incrementi
1239 1497 1376 1561 fuit,
1399 1513 1524 1552 cum
1543 1499 1689 1553 Deus
1709 1514 1830 1553 eam
1859 1515 1973 1554 rem
1999 1515 2098 1555 sua

2209 1509 2384 1562 γοντος
2407 1493 2584 1566 χάριν.
2616 1516 2632 1548 ι
2661 1495 2861 1552 Καθότι
2887 1499 2994 1570 γὰρ
3017 1499 3212 1564 αὐτοὺς
3245 1500 3594 1565 ὲταπείνουν,
3629 1501 3774 1570 φησι,

520 1587 790 1658 sapientia
810 1587 1210 1654 moderaretur,
1227 1597 1284 1643 et
1309 1589 1609 1644 Pharaonis
1637 1589 1851 1645 astutiae
1867 1591 2099 1660 gratiam

2209 1587 2436 1658 τοσούτῳ
2481 1587 2696 1652 πλείους
2736 1588 2974 1658 ἐγίνοντο
3022 1591 3115 1644 καὶ
3151 1591 3361 1662 ἴσχυον.
3426 1612 3446 1644 ι
3503 1593 3778 1664 Ἐπιφέρει

522 1694 677 1734 suam
704 1686 1025 1748 opponeret.
1039 1677 1280 1744 «Quanto
1302 1694 1538 1749 namque
1556 1695 1653 1735 eos
1674 1680 2058 1747 humiliabant,
2072 1702 2090 1732 ι

2209 1677 2302 1748 μὲν
2326 1678 2432 1750 γὰρ
2457 1677 2556 1742 τὰς
2583 1679 2789 1750 θλίψεις
2818 1683 2846 1734 ὁ
2874 1681 3137 1746 Σατανᾶς,
3164 1683 3291 1747 τοὺς
3316 1683 3548 1746 ὀδόντας
3578 1683 3779 1754 ἐπιτρί-

522 1771 725 1842 inquit,
764 1790 782 1822 ι
817 1778 970 1826 tanto
1009 1771 1194 1842 plures
1229 1771 1435 1826 ﬁebant
1461 1780 1516 1827 et
1544 1773 2028 1829 invalescebant“.
2073 1793 2092 1826 ι

2209 1767 2309 1834 ζων
2345 1773 2460 1834 τοῖς
2488 1771 2684 1840 ἁγίοις,
2712 1773 2807 1826 καὶ
2839 1765 3023 1846 ὧνπερ
3058 1774 3124 1828 ἂν
3152 1775 3228 1838 ὡς
3258 1775 3412 1829 ἰδίων
3451 1778 3782 1846 μετεποιεῖτο

521 1863 782 1931 Quamvis
800 1864 946 1918 enim
966 1863 1350 1918 tribulationes
1365 1863 1564 1919 inferat
1580 1863 1828 1930 Satanas,
1841 1865 2102 1921 dentibus

2209 1861 2354 1926 Θεὸς,
2389 1863 2598 1927 τούτοις
2641 1864 2727 1918 ἀεί
2767 1882 2885 1928 πως
2913 1865 3216 1938 ἀπολέγδην
3266 1865 3598 1937 ὲπιπηδῶν·
3642 1887 3662 1919 ι
3705 1867 3782 1920 Τὰ

524 1957 642 2012 suis
662 1956 714 2010 in
731 1963 1046 2011 sanctorum
1061 1970 1233 2025 genus
1249 1955 1505 2022 fremens;
1523 1964 1578 2010 et
1589 1971 1728 2026 quos
1741 1956 1886 2012 Deus
1901 1969 1963 2013 ut
1977 1973 2100 2028 pro-

2209 1952 2311 2023 γὰρ
2338 1951 2602 2024 βρώματα
2628 1953 2790 2008 αὑτοῦ
2849 1932 3106 2021 ὲκλεκτά,
3141 1932 3366 2028 θ’φησίν
3392 1973 3408 1986 '
3438 1932 3564 2010 *ἀλλ’
3602 1960 3650 2012 ot
3687 1975 3780 2010 πο-

523 2047 675 2118 prios
708 2047 811 2102 sibi
834 2047 1148 2111 asseruerit,
1171 2047 1226 2101 in
1254 2061 1352 2102 eos
1393 2063 1609 2118 semper
1637 2047 1885 2119 egregios
1910 2050 2100 2105 obser-

2209 2044 2418 2109 νοῦντες
2447 2047 2506 2099 ὲν
2532 2045 2762 2110 τούτοις,
2791 2047 2969 2102 αὐτῶν
3001 2048 3259 2118 ἀμείνους
3283 2048 3512 2104 ἔσονται
3539 2049 3782 2120 πειραζό-

523 2157 660 2197 vans
700 2142 893 2207 irruat,
927 2161 944 2193 ι
973 2141 1126 2197 Escae
1151 2157 1390 2211 namque
1423 2141 1574 2197 illius
1614 2141 1803 2196 electae
1832 2149 2010 2208 sunt,»
2054 2141 2101 2174 ⁸³

2209 2153 2383 2209 μενοιι
2408 2137 2502 2190 καὶ
2522 2137 2882 2209 τὸ.καρτερὸν
2909 2138 3198 2230 ὲνχάγῶσιν
3226 2141 3531 2210 ἀποφαίνει
3560 2141 3624 2212 δὴ
3655 2143 3778 2196 πάν-

524 2233 738 2304 inquit:
765 2243 965 2299 tamen,
985 2234 1080 2304 qui
1101 2233 1158 2287 in
1185 2233 1564 2305 hujuscemodi
1587 2233 1754 2289 rebus
1780 2233 2007 2304 impigre
2025 2232 2105 2288 la-

2209 2247 2311 2294 τως
2329 2229 2764 2301 εὐκλεεστέρους,
2791 2231 2868 2294 ὥς
2897 2248 2956 2284 τε
2980 2225 3055 2285 ’δι’
3081 2225 3156 2286 ὦν
3181 2232 3247 2287 ἂν
3269 2235 3456 2287 νοοῖτο
3487 2235 3674 2287 λυπεῖν
3693 2233 3779 2286 καὶ

523 2323 743 2390 borant,
759 2341 826 2380 eo
848 2325 986 2396 ipso,
999 2341 1110 2396 quo
1125 2334 1428 2392 tentantur,
1441 2342 1500 2382 se
1516 2325 1649 2396 ipsis
1663 2325 1920 2382 meliores
1941 2325 2100 2392 fiunt,

2209 2321 2431 2386 κακοῦν,
2464 2321 2553 2376 διὰ
2583 2321 2786 2376 τούτων
2818 2322 3051 2394 μάλιστα
3082 2325 3176 2378 καὶ
3213 2325 3310 2394 οὐχ
3360 2323 3526 2388 ἑκὼν,
3550 2325 3780 2395 ὀνήσειεν

524 2430 730 2486 eosque
767 2417 1128 2472 certaminum
1160 2417 1447 2472 tolerantia
1481 2417 1673 2488 procul
1705 2417 1874 2473 dubio
1901 2417 2102 2472 clario-

2209 2415 2291 2480 ἂν,
2327 2415 2421 2470 καὶ
2460 2416 2529 2469 δι’
2565 2409 2640 2471 ὧν
2671 2418 2918 2489 αἱρήσειν
2957 2417 3280 2488 ὑπείληφεν,
3330 2419 3780 2489 εύσθενεστέρους

523 2524 618 2564 res
647 2510 858 2575 reddit,
901 2511 976 2565 ita
1001 2517 1063 2565 ut
1101 2525 1200 2580 per
1225 2525 1346 2580 quae
1375 2509 1467 2565 ille
1499 2511 1763 2566 molestus
1791 2525 1911 2565 esse
1939 2518 2105 2580 atque

2209 2509 2477 2563 ἀποτελεῖ.
2521 2509 2738 2582 Ἐπειδὴ
2771 2510 2830 2564 δὲ
2860 2509 2920 2562 τὸ
2959 2509 3266 2580 πανοῦργον
3295 2511 3552 2582 σόφισμα
3580 2510 3655 2580 τῷ
3679 2511 3777 2563 Φα-

525 2616 724 2657 vcxare
765 2603 1037 2673 cogitarit,
1065 2618 1167 2672 per
1195 2617 1262 2656 ea
1301 2601 1535 2656 maxime
1573 2601 1739 2656 etiam
1781 2601 1986 2655 invitus
2011 2601 2104 2671 ju—

529 2700 700 2756 vet,et
719 2707 818 2761 per
831 2707 953 2761 quae
973 2692 1097 2746 illos
1112 2692 1331 2748 vincere
1355 2691 1688 2763 putarit,per
1706 2691 1900 2746 eadem
1917 2690 2106 2745 valen-

528 2783 702 2840 tiores
742 2781 955 2838 el'ﬁciat.
987 2783 1124 2840 Cum
1151 2799 1282 2840 vero
1307 2785 1522 2840 vafrum
1568 2784 1705 2839 illud
1735 2793 2106 2840 commentum

527 2875 742 2932 Pharao
765 2875 934 2930 alium
966 2891 1131 2946 quam
1157 2884 1378 2947 putarat
1404 2877 1612 2931 exitum
1656 2875 1916 2931 habuisse
1949 2875 2106 2930 vide-

529 2976 635 3032 ret,
671 2976 726 3023 et
756 2969 813 3022 in
845 2983 912 3024 eo
941 2969 1079 3040 ipso,
1120 2969 1268 3040 quod
1310 2969 1508 3024 laedere
1550 2983 1610 3024 se
1651 2968 1898 3039 putabat,
1942 2969 2106 3025 etiam

527 3056 741 3128 juvare,
763 3074 908 3126 sero,
929 3075 993 3116 ac
1013 3060 1105 3116 vix
1128 3059 1349 3115 tandem
1371 3059 1575 3115 sentire
1601 3059 1877 3128 coepisset,
1906 3058 2108 3114 immu-

529 3160 612 3206 tat
634 3151 782 3207 illico
807 3151 1103 3208 insidiandi
1132 3153 1422 3208 rationem.
1436 3151 1730 3208 Accersitis
1749 3166 1983 3222 namque
2005 3152 2111 3206 He-

530 3239 804 3297 braeorum
836 3243 1250 3309 obstetricibus,
1293 3261 1310 3294 ι
1340 3242 1478 3299 Cum
1524 3242 1953 3299 ohstetricabitis
1997 3242 2106 3298 He-
2135 3270 2180 3332 ο

530 3333 726 3398 bracas,
751 3335 948 3404 inquit,
975 3343 1033 3391 et
1055 3343 1245 3404 partus
1266 3343 1482 3404 tempus
1502 3336 1803 3401 advenerit,
1839 3335 2109 3407 siquidem

531 3425 812 3479 masculus
849 3423 1036 3489 fuerit,
1072 3423 1365 3480 interficite
1395 3424 1583 3492 illum;
1619 3426 1778 3496 110
1805 3425 1890 3481 sin
1927 3435 2110 3481 autem

530 3514 758 3582 femina,
795 3525 1008 3572 servate
1035 3516 1204 3571 illam.
1229 3515 1557 3574 Timuerunt
1576 3528 1760 3574 autem
1785 3517 2112 3573 obstetrices

530 3605 746 3669 Deum,
779 3613 836 3660 et
874 3620 986 3661 non
1026 3605 1281 3661 fecerunt
1326 3605 1470 3662 sicut
1511 3615 1848 3679 praeceperat
1888 3608 1970 3662 eis
2015 3623 2112 3661 rex

531 3693 771 3766 Egypti,
804 3703 861 3750 et
887 3695 1237 3751 vivificabant
1268 3697 1541 3754 masculos
1575 3699 1641 3752 ⁸⁸.
1677 3717 1696 3750 ι
1731 3698 1980 3769 Cumque
2017 3697 2112 3752 illa

535 3788 798 3843 adversus
819 3787 1174 3844 Hebraeorum
1201 3803 1374 3858 genus
1409 3788 1679 3859 impietas,
1709 3797 2111 3859 cruentumque

535 3875 827 3932 consilium
870 3875 1089 3932 irritum
1127 3877 1418 3932 cecidisset
1450 3876 1649 3947 (neque
1673 3877 1819 3932 enim
1861 3876 2112 3948 permisit

533 3965 683 4020 Deus
718 3965 1044 4021 obstetrices
1087 3973 1298 4020 tantum
1343 3965 1524 4021 scelus
1552 3965 1942 4036 committere),
1976 3982 2111 4021 con-

535 4055 702 4110 vertit
724 4071 782 4111 se
797 4056 910 4126 jam
931 4056 999 4111 ad
1029 4063 1272 4126 apertam
1297 4055 1409 4110 vim
1434 4065 1599 4126 atque
1631 4056 1907 4128 iniuriam,
1933 4073 2112 4127 neque

535 4146 719 4203 adhuc
747 4147 888 4203 clam
909 4162 1108 4203 vexare
1135 4155 1444 4213 contentus,
1475 4155 1724 4218 apertum
1755 4148 1960 4204 bellum
1988 4163 2112 4204 sus-

534 4238 688 4309 cipit,
731 4253 1037 4309 necemque
1081 4239 1438 4294 inbumanam
1481 4239 1568 4304 iis,
1623 4238 1720 4308 qui
1757 4247 2115 4296 nascerentur

535 4330 802 4386 decernit.
833 4349 852 4381 ι
886 4331 1151 4402 Praecepit
1181 4331 1351 4397 enim,
1381 4330 1580 4402 inquit,
1601 4331 1814 4386 Pharao
1843 4331 1993 4388 omni
2011 4347 2112 4402 po-

535 4419 669 4488 pulo
687 4433 810 4485 suo,
841 4419 1032 4476 dicens
1068 4437 1081 4474 :
1122 4439 1140 4470 ι
1165 4418 1338 4476 Omne
1372 4419 1699 4486 masculum,
1730 4420 1878 4491 quod
1924 4428 2112 4475 natum

535 4510 703 4566 fuerit
725 4510 989 4573 Hebraeis,
1013 4510 1262 4582 projicite
1293 4511 1350 4565 in
1373 4509 1610 4577 flumen;
1633 4518 1692 4566 et
1711 4527 1932 4566 omnem
1957 4509 2114 4566 femi-

2209 2599 2324 2670 ραὼ
2367 2600 2503 2672 πρὸς
2552 2599 2812 2671 ἀδόκητον
2867 2601 3037 2672 πέρας
3071 2601 3410 2673 ὲκτελευτᾷ,
3468 2602 3564 2657 καὶ
3603 2601 3668 2654 δι’
3709 2593 3778 2654 ὧν

2208 2692 2432 2759 ἐκάκου,
2458 2693 2552 2747 καὶ
2583 2694 2950 2766 προσωφελῶν
2979 2690 3076 2766 ἦν,
3095 2695 3192 2766 ὀψὲ
3221 2695 3316 2750 καὶ
3353 2695 3512 2768 μόλις
3539 2693 3778 2748 αἰσθάνε-

2205 2801 2319 2849 ται,
2367 2785 2464 2840 καὶ
2497 2785 2784 2858 μεθίστησι
2819 2787 3162 2858 παραχρῆμα
3205 2787 3306 2858 τῆς
3360 2786 3655 2857 ἐπιϐουλῆς
3695 2785 3780 2838 τὸν

2206 2877 2436 2948 τρόπον·
2495 2877 2992 2949 μεταπεμψάμενος
3044 2878 3154 2951 γὰρ
3200 2878 3309 2932 τῶν
3373 2878 3639 2950 Ἐϐραίων
3687 2875 3778 2938 τὰς

2212 2968 2396 3039 μαίας,
2434 2986 2454 3020 ι
2480 2969 2649 3023 Ὅταν
2679 2968 2939 3040 μαιοῦσθε
2989 2971 3089 3033 τάς
3140 2968 3426 3040 Ἐϐραίας,
3464 2969 3656 3040 φησὶν,
3692 2966 3780 3020 καὶ

2209 3052 2311 3112 ὦσι
2344 3059 2480 3131 πρὸς
2505 3062 2568 3112 τὸ
2597 3059 2835 3124 τίκτειν,
2863 3060 2958 3114 ἐὰν
3002 3060 3102 3130 μὲν
3139 3060 3304 3132 ἄρσεν
3335 3056 3401 3133 ᾗ,
3437 3058 3778 3114 ἀποκτείνατε

2211 3149 2362 3215 αὐτὸ,
2396 3151 2490 3204 ἐὰν
2519 3150 2576 3204 δὲ
2617 3150 2770 3221 θῆλυ,
2802 3152 3173 3222 περιποιεῖσθε
3203 3152 3358 3206 αὐτό.
3410 3172 3429 3206 ι
3481 3149 3775 3222 Ἐφοεήθη-

2215 3256 2313 3294 σαν
2355 3240 2411 3294 δὲ
2445 3241 2502 3294 αί
2531 3243 2690 3312 μαῖαι
2721 3242 2812 3297 τὸν
2846 3242 3000 3309 Θεὸν,
3035 3244 3130 3298 καὶ
3159 3243 3261 3296 ούκ
3295 3243 3568 3314 ἐποίησαν
3604 3242 3778 3296 καθότι

2213 3332 2498 3398 συνέταξεν
2526 3334 2710 3398 αὐτοῖς
2749 3335 2779 3387 ό
2817 3333 3068 3404 βασιλεὺς
3103 3334 3385 3404 Αἰγύπτου
3418 3336 3515 3391 καὶ
3559 3333 3780 3400 ὲζωογὸ·

2211 3439 2333 3478 νουν
2360 3423 2429 3477 τὰ
2461 3423 2685 3496 ἄρσενα.
2724 3443 2745 3478 ι
2791 3425 3203 3498 ’Δπρακτούσης
3235 3427 3295 3481 δὲ
3327 3426 3485 3500 αὐτῷ
3516 3425 3614 3497 τῆς
3651 3423 3780 3479 κατά

2209 3516 2304 3570 τοῦ
2345 3516 2533 3586 γένους
2575 3517 2938 3588 ἀνοσιότητος,
2993 3517 3088 3572 καὶ
3132 3518 3420 3588 μιαιφόνου
3472 3515 3690 3588 βουλῆς,
3720 3512 3777 3566 οὐ

2211 3606 2320 3677 γὰρ
2345 3605 2494 3676 ἠφίει
2526 3606 2656 3670 Θεὸς
2686 3605 2966 3660 δυσσεϐεῖν
2998 3607 3097 3670 τὰς
3130 3607 3316 3677 μαίας,
3365 3607 3579 3678 μέτεισι
3608 3601 3778 3656 λοιπὸν

2212 3697 2304 3752 ἐπὶ
2343 3696 2404 3750 τδ
2429 3696 2702 3767 ἑκφάνδην
2730 3695 2934 3751 ἀδικεῖν
2954 3734 2969 3760 ,
2997 3697 3094 3750 καὶ
3121 3695 3430 3767 λεληθότως
3459 3695 3575 3765 μὲν,
3605 3689 3777 3744 οὐκέτι

2211 3789 2401 3843 λυπεῖν
2424 3787 2601 3859 ἠξίου,
2632 3787 2854 3860 γυμνῶς
2885 3788 2941 3841 δὲ
2971 3788 3073 3859 ήδη
3112 3805 3228 3850 πως
3262 3789 3502 3858 αἱρεῖται
3534 3783 3775 3851 πόλεμον,

2211 3879 2306 3934 καλ⁵
2338 3877 2564 3932 θάνατον
2593 3877 2776 3948 ἀπηνῆ
2816 3877 2924 3930 τῶν
2954 3877 3291 3947 τικτομένων
3323 3873 3774 3947 καταψηφίζεται.

2219 3987 2237 4022 ι
2277 3969 2539 4034 Συνέταξε
2567 3969 2696 4040 γὰρ,
2733 3970 2885 4038 φησὶ,
2914 3968 3112 4040 Φαραὼ
3154 3970 3318 4022 παντὶ
3349 3969 3430 4040 τῷ
3471 3967 3583 4040 λαῷ
3621 3960 3774 4018 αὐτοῦ

2211 4059 2383 4129 λέγων
2401 4076 2416 4090 ο
2443 4061 2558 4112 Πᾶν
2578 4059 2744 4132 ἄρσεν
2767 4060 2796 4113 ὃ
2822 4061 2916 4114 ἐὰν
2942 4060 3111 4131 τεχθῇ
3131 4063 3244 4124 τοῖς
3277 4059 3568 4134 Ἑϐραίοις,
3595 4057 3670 4118 είς
3691 4053 3775 4106 τὸν

2213 4150 2456 4222 ποταμὸν
2487 4151 2702 4222 ῥίψατε,
2737 4151 2831 4206 καὶ
2860 4153 2969 4204 πᾶν
3005 4150 3163 4222 θῆλυ,
3196 4150 3514 4218 ζωογονεῖτε
3559 4144 3704 4200 αὑτό.
3750 4161 3768 4194 ι

2212 4240 2380 4294 Μέλει
2417 4241 2522 4312 γὰρ
2563 4241 2712 4312 αὐτῷ
2735 4240 2828 4294 τοῦ
2855 4241 3059 4312 θήλεως
3090 4239 3356 4312 οὐδαμῶς,
3393 4234 3774 4308 ἀφιλοπόλεμον

2214 4331 2320 4403 γὰρ
2343 4331 2532 4403 χρῆμα
2559 4332 2720 4404 γυνὴ,
2755 4334 2846 4387 καὶ
2874 4335 2974 4387 οὐκ
2999 4335 3208 4387 ἀστεῖον
3237 4335 3316 4396 εἰς
3349 4331 3562 4385 σύνεσιν
3581 4346 3596 4360 ·
3624 4325 3773 4379 λυπεῖ

2213 4423 2268 4476 δὲ
2311 4426 2428 4476 κατ’
2457 4424 2623 4494 ἄμφω
2649 4424 2709 4476 τὸ
2749 4423 2935 4495 ἄρσεν,
2963 4424 3040 4488 ὼς
3075 4424 3238 4494 σοφόν
3260 4441 3318 4476 τε
3345 4425 3438 4477 καὶ
3468 4415 3771 4492 μαχιμώτα-

2214 4533 2324 4570 τον.
2359 4515 2568 4570 Ούκοῦν
2595 4517 2811 4587 ἥδιστόν
2851 4534 2915 4586 γε
2956 4517 3051 4570 καὶ
3092 4516 3428 4586 καταθύμιον
3469 4511 3660 4584 κομιδῆ
3700 4501 3771 4574 τῷ

534 4617 663 4656 nam
697 4602 970 4658 viviﬁcate
997 4603 1064 4658 ".
1103 4622 1122 4654 ι
1147 4603 1336 4674 Neque
1369 4603 1516 4658 enim
1550 4601 1620 4656 de
1657 4601 1987 4658 feminarum
2018 4619 2109 4674 ge-

2219 4608 2488 4680 μιαιφόνῳ
2519 4608 2791 4680 δράκοντι,
2821 4610 2964 4680 φημὶ
2991 4608 3056 4680 δὴ
3083 4609 3161 4680 τῷ
3190 4609 3423 4679 Σατανᾷ,
3451 4603 3622 4676 ψυχῆς
3651 4597 3770 4670 φρό⁴

535 4707 668 4748 nere
698 4694 776 4749 illi
807 4711 941 4750 cura
971 4703 1092 4752 erat
1118 4697 1262 4762 ulla;
1304 4695 1542 4751 imbellis
1569 4703 1656 4752 est
1685 4710 1922 4764 namque
1953 4709 2116 4750 sexus

426 4817 436 4822 -
535 4786 856 4852 muliebris,
890 4803 994 4842 nec
1043 4787 1112 4842 ad
1159 4787 1504 4856 prudentiam
1543 4786 2012 4852 accommodatus;
2057 4785 2113 4841 iu

536 4885 772 4948 utroque
804 4887 988 4932 autem
1014 4877 1188 4932 virilis
1215 4879 1480 4934 molestus
1504 4885 1608 4944 est,
1636 4885 1697 4933 ut
1725 4879 1818 4948 qui
1868 4886 1983 4932 tum
2026 4891 2116 4932 sa-

535 4969 695 5039 piens
723 4969 813 5034 sit,
845 4979 960 5024 tum
989 4969 1155 5025 etiam
1185 4970 1253 5024 ad
1293 4970 1498 5024 bellum
1531 4971 1866 5040 aptissimus.
1906 4969 2116 5026 lucun-

535 5061 794 5116 dissimus
817 5069 902 5117 est
932 5061 1096 5133 igitur
1125 5071 1285 5132 atque
1315 5063 1654 5132 gratissimus
1687 5073 1826 5118 tetro
1864 5062 1942 5118 illi
1981 5062 2112 5116 dra-

535 5151 681 5216 coni,
713 5151 928 5207 Satanae
967 5151 1211 5223 inquam,
1242 5153 1527 5208 muliebris
1561 5154 1652 5209 ille
1691 5154 1859 5208 animi
1887 5167 2110 5218 sensus,

534 5241 882 5299 effeminatus
911 5254 966 5299 et
999 5244 1254 5310 imbellis,
1291 5245 1359 5299 ad
1377 5245 1493 5301 haec
1524 5246 1591 5300 ad
1619 5245 1940 5314 sapientiam
1971 5260 2112 5315 quo-

536 5347 643 5399 que
668 5347 862 5402 parum
892 5343 1090 5404 aptus:
1126 5334 1347 5391 inimica
1388 5351 1555 5406 porro
1586 5344 1642 5389 et
1673 5335 1862 5390 odiosa
1907 5335 2000 5390 illa
2045 5335 2113 5390 ad

536 5421 915 5479 fortitudinem
941 5425 1212 5491 alacritas,
1247 5438 1304 5482 et
1335 5426 1502 5480 animi
1536 5425 1616 5481 vis
1643 5425 1902 5496 languore
1932 5435 2114 5481 metu-

537 5529 644 5582 que
669 5516 940 5586 superior,
965 5534 1121 5572 mens
1145 5519 1272 5574 item
1303 5535 1515 5573 summa
1549 5517 1837 5588 prudentia
1864 5517 2111 5588 praedita.

539 5607 830 5679 Propterea
857 5609 1180 5664 muliebrem
1209 5626 1398 5665 sexum
1427 5609 1613 5664 vivum
1651 5618 1852 5676 servat,
1879 5620 1935 5666 et
1963 5611 2017 5666 in
2047 5628 2114 5668 eo

2217 4718 2366 4771 νημα
2391 4701 2850 4772 γυναικοπρεπές,
2877 4700 3348 4772 ἐκτεθηλυμμένον
3369 4717 3428 4754 τε
3457 4699 3548 4752 καὶ
3570 4691 3768 4749 ἄναλκιο

2217 4792 2312 4846 καὶ
2339 4792 2474 4862 πρός
2499 4807 2562 4859 γε
2585 4790 2759 4860 τούτῳ
2784 4789 2973 4844 νοσοῦν
2994 4790 3055 4842 τὸ
3075 4791 3156 4854 είς
3181 4789 3370 4858 σοφίαν
3394 4783 3767 4854 ἀνεπιτήδειον,

2159 4925 2178 4947 ,
2217 4881 2410 4954 ἐχθρὸν
2437 4882 2495 4936 δὲ
2521 4882 2618 4936 καὶ
2659 4881 3137 4952 κατεστυγημένον
3164 4880 3225 4934 τὸ
3260 4881 3536 4953 πρόθυμον
3573 4877 3650 4936 είς
3685 4871 3770 4923 ἀν·

2217 4973 2419 5046 δρείαν,
2445 4972 2538 5026 καὶ
2564 4969 2908 5042 μαλακισμοῦ
2935 4971 3034 5040 μὲν
3057 4970 3298 5041 ἄμεινον,
3320 4969 3517 5032 δειλίας
3539 4966 3593 5019 δὲ
3616 4959 3768 5016 καθυ-

2217 5062 2538 5135 περτεροῦν,
2595 5063 2691 5116 καὶ
2741 5061 2802 5114 τὸ
2851 5060 2990 5130 ἄγαν
3045 5062 3496 5132 ὲμφρονέστατον.
3547 5054 3643 5109 Διά
3691 5063 3766 5102 τοι

2218 5155 2394 5220 τοῦτο,
2429 5155 2685 5224 ζωογονεῖ
2715 5154 2812 5224 μὲν
2843 5153 2905 5206 τὸ
2933 5153 3090 5223 θῆλυ,
3131 5155 3224 5206 καὶ
3261 5149 3500 5220 ἐξίστησι
3528 5161 3640 5206 πως
3677 5139 3766 5208 τὴν

2218 5247 2305 5300 ἐπ’
2325 5244 2474 5315 αὑτῷ
2497 5243 2775 5316 μιαιφόνον
2797 5242 2988 5314 βουλήν
3008 5259 3065 5295 τε
3091 5244 3185 5296 καὶ
3208 5243 3418 5312 σκέψιν.
3447 5236 3644 5307 Εὔηθες
3665 5229 3764 5298 γὰρ

2215 5336 2366 5410 οἶμαι
2405 5338 2468 5392 τὸ
2511 5335 2780 5408 μάχεσθαι
2814 5335 2996 5405 ζητεῖν
3025 5336 3139 5396 τοῖς
3177 5333 3401 5386 αὐτόθεν
3431 5316 3762 5394 ὑπεστρωμέ-

2216 5448 2347 5495 νοις,
2369 5429 2578 5483 οἴκοθέν
2605 5445 2665 5481 τε
2693 5425 2908 5480 νοσοῦσι
2933 5425 2994 5478 τὸ
3022 5423 3350 5494 ὑπεζεῦχθαι
3379 5421 3576 5493 φιλεῖν,
3608 5424 3760 5464 κατα-

2217 5521 2398 5590 πνίγει
2429 5520 2484 5574 δὲ
2507 5519 2695 5590 ὥσπερ
2725 5517 2788 5570 τὸ
2819 5516 2984 5588 ἄρσεν
3009 5519 3128 5580 ταῖς
3155 5517 3263 5569 τῶν
3290 5507 3598 5585 πειρασμῶν
3627 5513 3761 5590 περιρ

2219 5584 2471 5667 στάσεσιν
2493 5609 2570 5680 (l)
2601 5584 2782 5672 ὲνιείς.
2806 5584 2974 5662 Τοῦτό
3006 5625 3094 5679 μοι
3125 5608 3270 5662 δοκεῖ
3288 5584 3427 5661 καὶὸ
3459 5601 3592 5658 θεῖος
3611 5584 3757 5644 iam

609 5758 654 5788 ³³
693 5755 927 5820 Exod],
977 5755 1057 5810 ll.
1127 5757 1329 5811 “ibid.
1365 5757 1442 5810 1‘2.
1507 5755 1838 5820 "IlabaeJ,
1889 5756 1978 5810 l6.
2038 5758 2109 5810 υ]

2209 5753 2446 5818 »(1.ι.16,
2473 5753 2554 5806 l7.
2627 5751 2831 5806 "ibid.
2855 5751 2949 5808 2‘2.

611 5903 687 5966 (ι)
717 5903 900 5958 lem
928 5901 1134 5965 Sirleli,
1169 5900 1564 5973 περιπττατμῶν
1593 5900 1989 5970 περιτῖακςιν,
2023 5899 2109 5953 Ilio.

2212 5898 2421 5950 'liomun
2452 5892 2734 5946 molestius.
