4082 6304
379 317 486 374 309
1113 328 1200 384 DE
1232 328 1672 386 ADORA'I'IONE
1711 331 1775 387 IN
1819 333 2088 392 SPIRITU
2129 338 2216 393 ET
2256 337 2621 395 VERITATE.
2666 335 2792 392 LIB.
2836 337 2921 392 IV.
3521 327 3630 383 510

378 434 747 538 ἀναμελῳδεῖν
778 437 872 491 καὶ
909 437 1089 507 λέγειν
1110 454 1123 468 '
1161 459 1180 492 ο
1218 441 1282 493 ΕΞ
1321 444 1396 513 μὴ
1429 444 1510 496 ὅτι
1551 444 1756 514 Κύριος
1790 439 1861 516 ἦν
1896 446 1952 499 ἐν

2061 451 2171 504 solo
2198 449 2423 519 deponit
2471 459 2753 505 cruentam
2803 449 2948 502 illam
2984 447 3428 502 deliberationem
3466 456 3633 516 atque

379 524 512 592 ἡμῖν
540 525 602 579 ἐν
642 527 721 598 τῷ
751 529 1119 599 ἐπαναστῆναι
1163 531 1483 603 ἀνθρώπους
1511 534 1597 603 ἐφ’
1639 537 1804 606 ἡμᾶς,
1843 538 1951 610 ἄρα

2061 538 2366 593 consilium.
2401 538 2637 592 Stultum
2676 538 2823 592 enim
2863 545 2967 601 est,
3013 536 3227 604 opinor,
3260 550 3384 587 cum
3420 533 3486 588 iis
3527 549 3629 603 pu-

380 610 588 681 ζῶντας
635 618 702 672 ἃν
749 621 1004 675 κατέπιον
1049 624 1231 693 ἡμᾶς·
1266 627 1324 677 ἐν
1368 626 1447 697 τῷ
1496 626 1810 698 ὀργισθῆναι
1858 628 1951 683 τὸν

2061 644 2222 698 gnare
2255 628 2413 690 velle,
2442 627 2536 697 qui
2564 626 2664 696 ipsi
2688 643 2785 696 per
2806 642 2863 681 se
2896 626 3151 697 prostrati
3182 633 3329 688 sunt,
3352 639 3416 677 ac
3440 630 3633 693 sponte

380 700 552 773 θυμὸν
573 709 752 763 αὐτῶν
773 713 858 780 ἐφ’
884 715 1052 782 ἡμᾶς,
1078 714 1185 784 ἄρα
1215 715 1278 768 τὸ
1308 716 1449 789 ὕδωρ
1474 716 1540 771 ἂν
1567 720 1951 773 κατεπόντισεν

2061 718 2136 773 sic
2165 717 2364 782 affecti,
2397 726 2457 771 ut
2490 717 2719 787 subjecti
2763 731 2886 770 esse
2926 715 3120 769 malint
3147 732 3159 767 :
3190 714 3422 769 suﬂ‘ocat
3450 720 3632 768 autem

378 794 526 863 ἡμᾶς
547 811 561 825 ·
608 800 911 874 χείμαρρον
945 802 1157 872 διῆλθεν
1190 807 1222 875 ἡ
1268 805 1413 878 ψυχὴ
1441 807 1616 878 ἡμῶν.
1666 827 1685 859 ι

2056 806 2292 876 quodam
2317 806 2480 861 modo
2508 806 2833 871 masculum,
2859 820 2983 860 cum
3016 820 3143 860 eum
3179 804 3235 857 in
3271 805 3637 859 tentationnm

378 887 626 955 pericula
658 892 896 962 conjicit.
936 894 1050 949 Hoc
1095 896 1230 950 mihi
1272 896 1488 952 videtur
1528 899 1692 953 etiam
1734 899 1954 953 divinus
1990 897 2161 953 David
2195 912 2412 962 canere,
2448 911 2572 951 cum
2607 895 2740 950 dicit
2777 912 2790 947 :
2829 914 2847 947 ι
2886 895 2999 950 Nisi
3033 895 3162 964 quia
3198 895 3461 948 Dominus
3518 901 3636 949 erat

380 979 435 1034 in
462 980 642 1047 nobis,
668 997 792 1036 cum
813 994 1169 1055 exsurgerent
1196 987 1448 1043 homines
1477 988 1531 1043 in
1561 1005 1684 1054 nos,
1710 989 1851 1044 forte
1897 988 2053 1044 vivos
2096 987 2459 1059 deglutissent
2520 1002 2651 1053 nos;
2708 1002 2834 1041 cum
2867 985 3196 1041 irasceretur
3224 986 3377 1042 furor
3442 999 3633 1041 eorum

378 1068 436 1123 in
479 1084 600 1135 nos,
636 1069 866 1126 forsitan
890 1087 1035 1142 aqua
1075 1073 1451 1131 absorbuissct
1494 1091 1623 1142 nos;
1654 1085 1951 1131 torrentem
1987 1074 2343 1147 pertransivit
2367 1074 2548 1129 anima
2574 1081 2757 1129 nostra
2782 1073 2848 1126 ⁸⁸.
2887 1092 2904 1123 ι

448 1162 656 1217 ΠΑΛΔ.
692 1154 821 1215 Ὧδε
858 1161 990 1233 ἔχει.

450 1252 617 1305 ΚΥΡ.
650 1251 841 1322 Ἀθρει
865 1252 930 1322 δὴ
956 1254 1056 1324 τῆς
1076 1253 1363 1325 ἐπιϐουλῆς
1384 1257 1474 1311 τὸν
1497 1257 1714 1329 τρόπον.
1738 1257 1956 1331 Πρῶτον

380 1342 485 1411 μὲν
512 1340 623 1411 γάρ
648 1340 845 1404 αὐτοὺς
874 1342 1087 1413 ἀγρίοις
1120 1346 1440 1416 κατῃκίζετο
1464 1347 1664 1412 πόνοις,
1688 1348 1748 1400 τὸ
1779 1348 1854 1420 μὴ
1880 1349 1959 1411 είς

379 1432 596 1504 πληθὺν
634 1431 771 1486 ἰέναι
799 1433 1021 1504 πολλὴν,
1051 1436 1467 1507 κακουργότατα
1494 1439 1867 1509 σοφιζόμενος,
1890 1438 1957 1492 δι’

375 1516 455 1575 ὧν
479 1521 632 1592 ἠξίου
663 1521 864 1577 κακοῦν
886 1539 900 1551 ·
934 1525 1027 1577 καὶ¹
1059 1523 1313 1596 λαθραῖον
1356 1522 1424 1597 ἦν
1463 1526 1543 1580 ἐτι
1582 1527 1643 1580 τὸ
1683 1527 1948 1599 ἀδίκημα,

377 1614 476 1665 καὶ
497 1614 559 1666 οὐ
605 1614 724 1666 λίαν
761 1613 1008 1685 ἐμφανὴς
1050 1616 1080 1668 ό
1115 1615 1209 1669 τοῦ
1245 1616 1507 1689 τυράννου
1548 1617 1770 1682 σκοπὸς,
1824 1619 1953 1671 ἀντ-

376 1704 604 1776 εφέρετο
619 1704 677 1757 δὲ
707 1704 953 1775 καθάπερ
978 1704 1113 1774 ἔφην
1134 1706 1354 1778 ἀρτίως,
1377 1708 1409 1778 ἡ
1431 1707 1526 1760 τοῦ
1549 1708 1953 1779 κατοικτείρον-

374 1812 472 1858 τος
514 1796 691 1867 χάρις.
740 1795 1167 1866 Ταπεινούμενοι
1213 1796 1298 1862 δέ,
1351 1796 1551 1867 μᾶλλον
1599 1800 1679 1862 είς
1725 1797 1953 1870 αὔξησιν

377 1886 560 1949 ἵεσαν,
594 1884 765 1955 ἀλκῆς
806 1902 867 1938 τε
911 1886 1004 1939 καὶ⁸
1040 1884 1295 1956 ἀριθμοῦ.
1333 1883 1466 1941 Εἶτα
1510 1887 1598 1942 διά
1642 1887 1810 1959 μέσου
1855 1890 1953 1953 τὰς

2127 1166 2323 1223 PALL.
2365 1166 2456 1221 Sic
2483 1182 2541 1221 se
2571 1182 2659 1221 res
2686 1167 2869 1221 habet.

2124 1259 2280 1314 CYR.
2310 1257 2443 1313 Vide
2468 1259 2580 1329 jam
2609 1274 2716 1327 qua
2740 1258 3208 1313 insidiarumarte
3232 1259 3309 1313 sit
3333 1275 3483 1315 usus.
3513 1260 3635 1318 Pri-
3726 1252 3739 1255 _

2056 1364 2208 1403 mum
2254 1347 2476 1417 quidem
2529 1348 2687 1403 saavis
2733 1364 2828 1403 eos
2881 1349 3164 1404 laboribus
3218 1350 3524 1416 divexavit,
3577 1350 3636 1407 id

2054 1456 2223 1511 agens
2247 1438 2540 1494 vaferrimo
2573 1438 2668 1493 illo
2693 1448 3037 1504 commento,
3075 1448 3137 1494 ut
3182 1440 3292 1494 illis
3330 1442 3635 1496 vexationi-

2057 1531 2162 1585 bns
2185 1547 2254 1585 ne
2278 1528 2495 1600 generis
2518 1529 2817 1584 multitudo
2839 1539 3250 1600 propagaretur.
3284 1529 3391 1585 Sed
3420 1532 3638 1588 occulta

2057 1629 2177 1676 erat
2216 1621 2398 1675 adhuc
2442 1620 2670 1691 injuria,
2721 1636 2901 1691 neque
2934 1620 3227 1675 admodum
3266 1628 3514 1691 apertum
3547 1628 3637 1694 ty-

2057 1709 2214 1764 ranni
2245 1711 2606 1780 propositum,
2632 1712 3014 1782 Opponebatur
3041 1719 3225 1764 autem
3254 1710 3352 1775 illi,
3382 1719 3443 1765 ut
3472 1709 3651 1768 modo

2056 1800 2191 1868 dixi,
2219 1802 2532 1857 miserantis
2574 1802 2767 1874 gratia.
2816 1802 3026 1871 Itaque,
3073 1816 3182 1871 quo
3216 1800 3390 1873 magis
3426 1800 3634 1872 aﬂIigc-

2058 1893 2278 1959 bantur,
2313 1908 2381 1948 eo
2420 1894 2591 1965 magis
2630 1908 2822 1949 eorum
2856 1892 3180 1959 tum'vires,
3215 1900 3332 1947 tum
3370 1908 3638 1949 numerus

380 1976 551 2045 μαίας
592 1980 711 2040 ταῖς
752 1976 1018 2049 Ἐϐραίων
1062 1979 1337 2046 γυναιξὶν,
1388 1977 1690 2043 ἐξοπλίζειν
1736 1978 1948 2048 ἢθελεν.

2061 1984 2371 2054 augebatur.
2404 1983 2552 2039 Inter
2574 1984 2694 2040 haec
2724 1983 3050 2039 obstetrices
3078 1982 3341 2038 adversus
3370 1981 3653 2037 mulieres-

389 2067 531 2120 Ἀλλ’
557 2067 676 2120 οὑδέ
702 2067 859 2121 τοῦτο
889 2070 1109 2139 κρατεῖν
1145 2068 1294 2137 ἠφίει
1333 2067 1485 2132 Θεός.
1529 2068 1857 2138 Ἐπιϐουλῆς
1896 2068 1953 2121 δὲ

376 2156 586 2219 λοιπὸν,
617 2156 691 2219 ὼς
719 2157 777 2210 ἐν
802 2157 972 2229 τρίτῳ
1000 2174 1059 2211 τε
1103 2159 1195 2211 καὶ
1237 2158 1531 2227 τελευταίῳ
1569 2159 1757 2230 τρόπῳ
1792 2159 1955 2213 παντὶ

371 2247 459 2319 τῷ
491 2249 606 2320 ἰδίῳ
646 2248 981 2319 προστέταχε
1024 2249 1138 2322 λαῷ
1176 2251 1530 2320 καταπνίγειν
1557 2250 1617 2304 τὸ
1656 2250 1859 2322 ἄρσεν,
1896 2252 1955 2304 τὸ

374 2338 680 2408 λεληθότως
728 2340 1071 2394 πλεονεκτεῖν
1118 2342 1302 2396 οὐκέτι
1350 2341 1806 2413 παραιτούμενος.
1850 2344 1956 2396 Οὐ-

376 2428 514 2483 κοῦν
548 2433 659 2496 τοῖς
683 2430 1085 2503 ἀνδριζομένοις
1105 2472 1119 2497 ,
1158 2433 1387 2503 πολεμεῖ
1426 2433 1525 2503 μὲν
1554 2433 1804 2503 ἀοράτως
1830 2434 1902 2505 (I)
1929 2437 1959 2488 ό

372 2520 653 2587 Σατανᾶς,
698 2519 976 2591 συντίθησι
1013 2521 1069 2574 δὲ
1096 2520 1166 2573 τά
1197 2521 1298 2591 τῆς
1342 2520 1662 2593 ἐπιϐουλῆς,
1691 2522 1765 2586 ὡς
1803 2521 1860 2575 ἐν
1893 2539 1956 2591 γε

374 2612 566 2683 τρόπῳ
604 2609 846 2684 τριπλῷο
876 2613 970 2664 καὶ
1016 2611 1324 2682 ἀπάρχεται
1369 2612 1469 2683 μέν
1511 2612 1609 2683 τῆς
1653 2612 1832 2683 μάχης
1867 2614 1957 2667 διά

376 2702 704 2774 κακούργων
760 2701 1124 2772 σκεμμάτων,
1179 2702 1278 2773 τὴν
1331 2705 1411 2765 είς
1464 2702 1662 2774 ἀρετὴν
1719 2703 1957 2758 ἐπίδοσιν

377 2792 717 2849 ἀποκωλύων
774 2792 869 2845 τοῦ
931 2791 1052 2845 νοῦ·
1120 2790 1473 2862 ἐντρύχεσθαι
1524 2795 1631 2864 γάρ
1677 2792 1957 2861 ἀδοκήτοις

380 2880 792 2955 παρασκευάζει
836 2883 1019 2945 πόνοις
1053 2882 1146 2934 καὶ
1186 2882 1439 2951 σκληροῖς
1481 2882 1689 2951 ἀγῶσιν
1723 2882 1953 2952 ὁμιλεῖν.

394 2979 626 3031 ’Λδικεῖν
654 2976 711 3029 δὲ
758 2976 985 3046 ἰσχύσας
1013 2975 1101 3028 διὰ
1134 2973 1336 3026 τούτων
1369 2973 1552 3037 οωέν,
1588 2972 1958 3045 ἐπαμύνοντος

381 3067 474 3122 τοῦ
512 3066 669 3135 Θεοῦ,
699 3067 826 3130 τοὺς
871 3065 1013 3120 κατά
1057 3064 1237 3119 πίστιν
1267 3066 1397 3136 ἡμῖν
1431 3065 1591 3130 ίδίους
1633 3066 1728 3119 καὶ
1762 3081 1958 3119 ταυτο-

382 3158 556 3221 εθνεῖς
586 3155 913 3228 παροτρύνει
943 3155 1224 3219 πολλάκις,
1254 3156 1350 3208 καὶ
1384 3154 1715 3225 καταθήγειν
1753 3155 1959 3225 ἐπιχειο

384 3252 471 3319 ρεῖ
501 3248 637 3321 πρὸς
671 3245 965 3317 ἀπέχθειάν
1008 3263 1069 3299 τε
1103 3247 1198 3300 καὶ
1238 3247 1438 3318 μάχην.
1469 3247 1579 3298 Καὶ
1621 3247 1960 3317 μαρτυρήσει

380 3342 555 3410 λέγων
584 3341 612 3393 ό
640 3338 849 3403 Παῦλος
870 3356 885 3369 ο
927 3358 945 3391 ι
987 3338 1267 3402 Κινδύνοις
1296 3341 1355 3392 ἐν
1386 3337 1772 3407 ψευδαδέλφοις
1790 3379 1805 3404 ,
1846 3356 1961 3391 κιν-
1988 3320 2029 3377 C

382 3430 558 3493 δύνοις
592 3431 655 3483 ἐκ
688 3429 898 3497 γένους.
940 3448 959 3482 ι
998 3429 1061 3482 Ei
1084 3428 1141 3481 δέ
1173 3428 1239 3500 δὴ
1267 3430 1475 3498 γένοιτο
1504 3428 1599 3481 καὶ
1624 3427 1815 3481 τούτου
1846 3428 1962 3482 δια-

388 3524 647 3594 μαρτεῖν,
690 3522 783 3575 τὸν
832 3520 972 3575 θεῖον
1013 3522 1196 3583 αὐτοῖς
1242 3519 1477 3582 ἐνιέντος
1507 3519 1670 3589 φόϐον
1716 3519 1811 3572 τοῦ
1852 3519 1961 3572 τῶν

386 3615 554 3684 ἁγίων
587 3615 1006 3686 προεστηκότος,
1024 3612 1170 3666 καθὰ
1195 3612 1290 3666 καὶ
1315 3613 1384 3666 τὰ
1416 3613 1580 3667 πάλαι
1600 3614 1722 3676 ταῖς
1749 3612 1959 3683 μαίαιςο

385 3708 686 3777 ἀναφανδὸν
700 3707 903 3778 ἐγείρει
924 3705 1112 3759 λοιπὸν
1129 3705 1255 3767 τοὺς
1273 3704 1567 3774 σφετέρους
1588 3704 1955 3771 ὑπασπιστάς,

386 3805 466 3865 εἰς
501 3800 799 3873 ἀγριότητα
840 3800 933 3852 καὶ
978 3797 1308 3869 μιαιφονίαν.
1380 3796 1737 3868 ’Λνθεξόμεθα
1775 3798 1832 3851 δὲ
1867 3798 1962 3851 καὶ

388 3895 556 3956 οὕτως
577 3892 677 3962 τῆς
697 3893 776 3954 εἰς
800 3890 1090 3960 εὐτολμίαν
1113 3888 1352 3958 ἀγάπης,
1383 3889 1477 3940 καὶ
1494 3888 1595 3958 τῆς
1615 3890 1693 3951 εις
1712 3888 1961 3961 ἀνδρείαν

391 3983 627 4053 σπουδῆς
648 4021 662 4046 ,
694 3983 792 4035 οὐκ
816 3981 1148 4052 ἠγνοηκότες
1167 4021 1180 4043 ,
1212 3980 1294 4032 ὅτι
1327 3979 1387 4032 τὸ
1416 3979 1801 4051 ἀπηχθημένον
1834 3982 1962 4051 παρ’

391 4076 616 4146 ἐκείνῳ,
649 4072 768 4142 Θεῷ
807 4073 1006 4144 τίμιον.
1041 4071 1288 4126 Τέθειται
1317 4070 1426 4142 γὰρ
1463 4072 1519 4124 ἐν
1559 4070 1701 4141 λόγῳ
1726 4071 1821 4125 καὶ
1846 4088 1962 4141 φει-

389 4166 512 4229 δοῦς
536 4166 697 4232 ἀξιοῖ,
726 4164 787 4217 τδ
814 4162 1069 4233 ἀνωτέρω
1103 4160 1468 4232 μαλακισμοῦ.

459 4255 667 4309 ΠΑΛΛ.
693 4253 977 4323 Πείθομαι.
1005 4252 1184 4323 Παρὺν
1204 4252 1260 4305 δέ
1282 4249 1437 4323 οἶμαι
1467 4252 1561 4305 καὶ
1584 4250 1742 4306 τοῦτο
1776 4253 1959 4318 πάλιν,

392 4347 489 4400 καὶ
528 4347 587 4413 ἐξ
616 4344 784 4415 αὐτῆς
825 4345 957 4414 ἡμῖν
988 4342 1089 4412 τῆς
1112 4343 1274 4411 ἀγίας
1310 4341 1685 4397 καταθεᾶσθαι
1717 4344 1959 4414 Γραφῆς.

403 4436 696 4509 Ἀπόρησις
724 4436 832 4507 γάρ
860 4434 1098 4499 ἐννοιῶν,
1128 4433 1244 4487 οῦτι
1277 4452 1399 4488 που.

462 4614 627 4666 ΚΥΡ.
664 4612 871 4665 Οὐκοῦν
904 4609 1039 4664 Θεοῦ
1077 4609 1313 4672 διδόντος
1353 4610 1601 4680 λέγομεν,
1654 4614 1728 4673 ὡς
1764 4614 1822 4664 ἐν
1852 4616 1963 4677 τοῖς

2054 2072 2406 2137 Hebr-morum
2444 2089 2658 2129 armare
2682 2074 2900 2129 volebat
2928 2092 2939 2126 :
2971 2088 3041 2128 ne
3074 2073 3178 2127 hoc
3204 2073 3427 2143 quidem
3451 2080 3511 2127 ut
3533 2087 3628 2127 va-

2055 2164 2193 2218 leret
2224 2164 2491 2233 permittit
2519 2165 2685 2219 Deus.
2717 2165 2870 2234 ιιι
2901 2165 3147 2235 Denique
3190 2163 3354 2219 tertio
3390 2162 3629 2232 quodam

2056 2262 2112 2308 et
2142 2254 2337 2309 ultimo
2383 2254 2707 2311 insidiarum
2751 2270 2951 2325 genere
2995 2256 3250 2310 universo
3294 2270 3395 2309 suo
3427 2253 3632 2324 popqu

2057 2346 2369 2419 imperavit,
2413 2354 2475 2401 ut
2517 2347 2792 2403 masculos
2834 2347 3197 2411 suﬂocarent,
3241 2346 3503 2400 latentem
3547 2352 3633 2417 ty-

2057 2437 2344 2493 rannidem
2368 2452 2479 2492 non
2504 2437 2737 2508 amplius
2756 2436 3128 2492 dissimulans.
3159 2436 3329 2507 Igitur
3352 2451 3478 2491 cum
3501 2434 3639 2489 viris

2056 2528 2294 2585 fortibus
2336 2530 2544 2586 bellum
2590 2530 2730 2601 gerit
2776 2529 2989 2585 occulte
3038 2528 3294 2590 Satanas,
3337 2536 3395 2582 et
3435 2524 3639 2597 triplici

2057 2618 2232 2673 forma
2260 2619 2541 2689 componit
2563 2619 2792 2677 insidias
2817 2636 2830 2672 :
2854 2633 2918 2673 ac
2938 2634 3132 2689 pugna;
3162 2617 3385 2688 quidem
3417 2616 3645 2671 initium

2056 2708 2207 2773 facit,
2236 2725 2360 2765 cum
2395 2709 2609 2766 callidis
2637 2709 2884 2765 consiliis
2912 2709 2981 2763 ab
3009 2709 3193 2763 animo
3218 2708 3438 2763 virtutis
3459 2707 3640 2762 incre-

2058 2811 2302 2856 mentum
2328 2802 2525 2857 avertit
2552 2819 2566 2855 :
2592 2802 2703 2872 agit
2754 2802 2902 2857 enim
2934 2810 2997 2857 ut
3029 2800 3325 2872 inopinatis
3356 2798 3663 2854 laboribus-

2059 2884 2374 2950 conteratu’r
2420 2904 2582 2964 atque
2627 2894 2682 2948 in
2716 2893 3027 2948 durissimis
3064 2899 3317 2948 versetur
3356 2889 3637 2945 aarumnis.

2058 2987 2129 3040 At
2158 2986 2254 3041 ubi
2290 3001 2391 3055 per
2424 2986 2540 3044 haec
2572 2984 2649 3039 nil
2679 2985 2923 3055 potuerit
2959 2983 3180 3049 laedere,
3216 2997 3374 3052 opem
3416 2981 3528 3034 Deo
3556 2979 3639 3034 fe-

2030 3062 2033 3069 ’
2059 3082 2235 3139 rente,
2267 3089 2363 3129 eos
2390 3074 2484 3143 qui
2518 3072 2624 3128 fide
2653 3073 2813 3129 nobis
2843 3072 3058 3143 cognati
3120 3080 3249 3127 sunt
3283 3071 3643 3141 ejusdemque

2060 3165 2238 3233 gentis
2283 3162 2474 3216 incitat
2496 3176 2659 3231 saepe,
2687 3171 2850 3230 atque
2878 3161 2945 3215 ad
2976 3159 3280 3214 simultates
3308 3174 3371 3212 ac
3402 3174 3670 3229 pugnam.

2061 3267 2329 3309 exacuere
2377 3252 2593 3308 nititur.
2638 3252 2698 3306 Id
2746 3259 2977 3307 testatur
3020 3250 3222 3305 Paulus
3268 3249 3379 3305 illis
3419 3249 3637 3305 verbis:

2072 3363 2089 3394 ι
2116 3342 2383 3398 Periculis
2396 3342 2453 3397 in
2470 3340 2622 3397 falsis
2642 3340 2926 3405 fratribus,
2942 3339 3204 3410 periculis
3219 3353 3287 3393 ex
3303 3354 3500 3409 genere
3520 3339 3587 3391 ⁵³³.
3612 3356 3633 3388 ι

2061 3433 2351 3499 Caeterum,
2379 3434 2425 3488 si
2453 3433 2570 3487 haec
2598 3448 2737 3487 vana
2769 3440 2935 3502 atque
2957 3431 3114 3487 irrita
3132 3430 3358 3495 fuerint,
3384 3430 3497 3485 Deo
3515 3444 3643 3485 san-

2061 3534 2274 3581 ctorum
2296 3532 2700 3595 propugnatore
2720 3523 2968 3579 divinum
2984 3523 3094 3579 illis
3107 3531 3315 3578 metum
3335 3521 3639 3593 injiciente,

2060 3623 2124 3669 ut
2146 3615 2277 3669 olim
2306 3614 2729 3680 obstetricibus;
2758 3622 2872 3669 tum
2895 3630 3030 3670 vero
3057 3622 3243 3684 aperte
3278 3628 3411 3669 suos
3436 3612 3642 3667 satelli-

2061 3711 2144 3758 tes
2170 3702 2371 3758 excitat
2408 3702 2476 3757 ad
2511 3699 2776 3758 saevitiam
2805 3713 2969 3772 atque
3007 3703 3232 3759 aedem.
3263 3703 3332 3756 At
3356 3717 3487 3755 vero
3521 3708 3640 3755 tum

2059 3809 2279 3865 quoque
2305 3809 2404 3848 nos
2425 3810 2665 3849 amorem
2690 3795 2846 3849 illum
2868 3793 3196 3850 conﬁdentia
3218 3793 3408 3857 animi,
3434 3807 3499 3846 ac
3522 3792 3638 3846 for-

2060 3885 2314 3963 titudinis
2339 3886 2582 3941 studium
2604 3886 2987 3951 retinebimus,
3017 3901 3125 3940 non
3154 3884 3349 3955 ignari,
3382 3882 3528 3952 quod
3559 3881 3637 3935 illi

2060 3964 2186 4032 odio
2208 3978 2301 4042 sit,
2339 3978 2393 4032 id
2418 3994 2540 4033 esse
2567 3980 2680 4034 Deo
2705 3979 3088 4035 charissimum
3120 3996 3131 4030 :
3166 3992 3261 4031 eos
3294 3976 3497 4045 quippe
3534 3974 3636 4028 ali-

2059 4085 2171 4140 quo
2189 4086 2438 4132 numero,
2463 4079 2521 4123 et
2555 4086 2653 4124 sua
2685 4086 2815 4124 cura
2838 4071 3033 4140 dignos
3066 4068 3250 4130 habet,
3281 4066 3374 4137 qui
3409 4067 3635 4135 languo-

2060 4176 2175 4215 rem
2201 4176 2265 4215 ac
2294 4160 2580 4215 mollitiem
2609 4160 2778 4214 animi
2806 4159 3132 4229 superarint.
3675 4220 3685 4228 _

2130 4252 2326 4306 PALL.
2359 4252 2662 4307 Assentior.
2694 4253 2753 4305 In
2783 4258 3039 4320 promptu
3070 4256 3154 4302 est
3180 4255 3387 4309 autem,
3420 4252 3482 4297 ut
3512 4242 3636 4313 opi-

2060 4361 2180 4406 nor,
2217 4343 2270 4397 id
2303 4359 2522 4413 quoque
2549 4342 2709 4397 nobis
2737 4358 2803 4395 ex
2836 4342 2951 4410 ipsa
2997 4355 3151 4395 sacra
3186 4337 3468 4405 Scriptura
3509 4349 3636 4403 per-

2061 4433 2273 4503 spicere
2303 4452 2315 4485 :
2347 4448 2525 4502 neque
2552 4432 2697 4487 enim
2730 4431 2824 4486 tibi
2854 4431 3044 4485 deesse
3079 4437 3337 4499 poterunt
3368 4424 3639 4497 ejusmodi

2063 4526 2364 4581 sentcntiae.

2132 4618 2289 4673 (ΝΒ.
2318 4618 2507 4689 Igitur,
2549 4619 2669 4673 Deo.
2705 4618 2988 4682 donante,.
3008 4616 3256 4672 dicamus
3295 4611 3442 4682 quod
3487 4611 3542 4663 in
3573 4626 3640 4663 eo

392 4705 621 4770 ἐπίκλην
678 4703 993 4775 Ἀριθμοῖς,
1064 4700 1352 4754 Μωσαῖκὸν
1425 4700 1484 4753 δὲ
1528 4700 1685 4754 τοῦτο
1737 4702 1955 4771 βιϐλίον·

2065 4710 2211 4765 libro
2239 4710 2491 4775 habetur,
2522 4712 2681 4781 cujus
2710 4710 2993 4780 inscriptio
3021 4718 3106 4763 est
3128 4706 3527 4769 Numerorum;
3556 4711 3642 4756 est

400 4815 421 4849 ι
472 4797 583 4850 Καὶ
638 4796 902 4867 ἐλάλησε,
954 4794 1126 4864 φησὶ,
1182 4792 1384 4862 Κύριος
1430 4791 1565 4862 πρὸς
1612 4792 1859 4861 Μωσῆν,
1904 4795 1964 4846 ἐν

394 4889 461 4958 τῇ
502 4886 697 4957 ἐρήμῳ
746 4886 895 4947 ma,
938 4885 995 4936 ἐν
1018 4886 1084 4953 τῇ
1112 4885 1281 4952 σκηνῇ
1308 4880 1401 4934 τοῦ
1429 4883 1750 4953 μαρτυρίου,
1780 4884 1837 4937 ἐν
1867 4887 1965 4954 μιᾷ

396 4978 490 5033 τοῦ
527 4977 696 5048 μηνὸς
725 4975 819 5029 τοῦ
852 4975 1103 5045 δευτέρου
1136 4974 1309 5037 ἔτους,
1330 4973 1651 5038 ἐξελθόντων
1678 4973 1857 5029 αὐτῶν
1902 4976 1966 5028 ἐκ

398 5072 497 5141 γῆς
549 5068 848 5138 Αἰγύπτου.
889 5068 1061 5136 λέγων
1080 5086 1092 5099 ·
1126 5065 1334 5119 Λάϐετε
1364 5065 1538 5135 ἀρχὴν
1560 5065 1740 5135 πάσης
1768 5083 1963 5133 συγγε-

398 5162 544 5225 νείας
582 5162 712 5214 υἱῶν
737 5160 981 5231 Ἰσραὴλ,
1008 5159 1100 5212 καὶ
1125 5158 1265 5212 κατὰ
1295 5158 1613 5226 συγγενείας
1630 5157 1808 5211 αὐτῶν
1826 5199 1842 5225 ,
1871 5159 1963 5211 καὶ

402 5255 517 5305 κατ’
550 5252 731 5316 οἴκους
767 5253 1015 5322 πατριῶν
1040 5251 1239 5317 αὐτῶν,
1274 5251 1415 5304 κατά
1440 5250 1671 5322 ἀριθμὸν
1694 5252 1752 5317 ἐξ
1773 5253 1968 5322 ὀνόμα-

399 5362 488 5405 τος
513 5344 709 5409 αὐτῶν,
740 5345 880 5397 κατά
913 5342 1153 5411 κεφαλὴν
1191 5342 1366 5395 αὐτῶν
1384 5360 1397 5374 ·
1436 5345 1542 5406 πᾶς
1569 5345 1740 5413 ἄρσην
1754 5344 1861 5397 ἀπὸ
1888 5348 1967 5396 εί-

402 5453 466 5489 κο
478 5439 692 5495 ⁴ιὀιετοῦς
738 5437 833 5490 καὶ
853 5436 1169 5499 ἐπάνω,πᾶς
1188 5437 1214 5487 ὁ
1232 5436 1655 5504 ἐκπορευόμενος
1676 5440 1728 5489 ἐν
1747 5438 1967 5506 δυνάμει

478 5574 518 5603 ⁵⁸
542 5574 879 5636 Psal.cxxlu,
910 5574 1019 5626 1-5.
1090 5574 1132 5603 δι’
1162 5573 1203 5625 11
1239 5573 1359 5626 Cor.
1401 5589 1451 5637 κ,
1477 5576 1561 5627 :26.

482 5709 677 5776 (USIC
708 5710 829 5765 COtI.
892 5709 1058 5763 Vatic.
1132 5710 1249 5762 t'ml.
1306 5711 1510 5776 Sil‘lt‘li,
1580 5712 1875 5782 ἀςιςῐρότισνς,
1916 5725 2053 5783 apte.

2070 4810 2253 4855 autem
2297 4800 2344 4854 is
2373 4800 2541 4871 Moysi
2574 4801 2794 4854 libellus
2835 4817 2848 4853 :
2890 4819 2907 4849 ι
2935 4799 3005 4853 Ει
3044 4798 3261 4852 locutus
3283 4803 3386 4858 est,
3439 4792 3636 4861 inquit,

2069 4890 2332 4944 Dominus
2370 4890 2438 4944 ad
2470 4890 2687 4959 Moysen
2711 4889 2767 4943 in
2794 4888 3010 4943 deserto
3034 4887 3182 4949 Sina,
3216 4885 3271 4938 in
3290 4882 3640 4937 tabernaculo

2071 4978 2389 5043 testimonii,
2419 4980 2472 5033 in
2500 4995 2607 5034 una
2643 4978 2866 5038 mensis,
2906 4977 3033 5031 anni
3074 4972 3321 5036 secundi,
3354 4980 3641 5040 postquam

2070 5071 2273 5140 egressi
2294 5079 2421 5125 sunt
2445 5070 2512 5125 de
2538 5079 2681 5124 terra
2705 5068 2942 5139 Aﬂgypti,
2967 5067 3158 5121 dicens
3184 5083 3196 5116 :
3232 5060 3472 5129 Accipite
3495 5074 3641 5112 sum-

2074 5177 2216 5216 mam
2248 5161 2427 5216 omnis
2459 5161 2799 5231 cognationis
2831 5160 3066 5213 Iiliorum
3109 5153 3271 5208 Israel
3307 5167 3403 5220 per
3440 5166 3637 5219 cogna—

2076 5251 2250 5306 tiones
2276 5268 2420 5315 suas,
2464 5260 2521 5307 et
2552 5269 2649 5321 per
2691 5252 2882 5305 domos
2913 5246 3241 5302 familiarum
3273 5256 3514 5302 suarum,
3545 5255 3641 5308 per

2074 5360 2360 5399 numerum
2403 5360 2467 5397 ex
2512 5344 2731 5397 nomine
2777 5342 3020 5409 ipsorum
3074 5350 3169 5405 per
3209 5332 3382 5402 capita
3414 5345 3638 5393 eorum;

2078 5457 2238 5494 UlllIlt)
2287 5439 2642 5495 masculinum
2676 5455 2703 5490 ιι
2735 5434 2924 5505 viginti
2970 5431 3128 5486 annis
3162 5438 3215 5483 et
3245 5441 3428 5497 supra,
3459 5424 3650 5482 omnis,
