4082 6304
522 304 626 365 3M

1509 305 1564 362 S.
1606 303 1881 362 CYRILLI
1918 304 2390 362 ALEXANDRINI
2428 304 2746 362 ARCHIEP.

3676 297 3775 356 312

519 422 616 493 qui
648 417 927 492 egreditur
957 416 1015 472 in
1045 416 1286 472 exercitu
1312 415 1498 481 Israel,
1524 422 1809 470 numerate
1838 428 1933 469 eos
1966 430 2064 470 cun

2204 413 2448 486 Ἰσραὴλ,
2483 413 2853 485 ἐπισκέψασθε
2882 413 3077 478 αὐτοὺς
3114 412 3171 467 ἐν
3198 409 3435 482 δυνάμει
3477 409 3682 473 αὐτῶν,
3715 412 3777 467 σὺ

517 509 760 565 exercitu
782 521 971 560 eorum
1000 524 1012 559 :
1039 512 1096 559 tu
1123 512 1180 559 et
1203 504 1380 558 Aaron
1408 512 1695 558 numerate
1718 518 1813 558 eos
1838 504 1902 557 ⁸ο.
1941 523 1958 554 ›
1986 503 2089 570 Qui

517 600 686 671 igitur
711 612 828 651 mas
863 597 954 661 sit,
994 604 1050 650 et
1077 596 1144 649 ad
1172 610 1405 666 pugnam
1435 594 1771 664 aptissimus,
1802 602 1859 649 et
1887 595 1953 649 ad
1984 612 2088 665 pu-

518 691 784 746 bertatem
796 688 1128 759 pervenerit,
1143 688 1198 742 id
1212 695 1297 742 est
1319 687 1385 741 ad
1399 687 1711 742 ﬁrmitatem
1726 687 2085 757 spiritualcm,

514 790 571 838 et
599 782 669 837 ad
706 796 1017 837 mensuram
1046 780 1221 834 aetatis
1242 778 1600 849 plenitudinis
1626 778 1847 845 Christi,
1878 794 2005 834 eum
2031 779 2087 835 in

515 872 943 943 descriptionem
970 870 1231 935 divinam,
1266 877 1323 925 et
1369 869 1427 925 in
1467 870 1669 923 librum
1712 869 1809 924 Dei
1852 870 2085 925 relatum

511 980 632 1022 esse
657 965 1008 1036 perspicuum
1035 978 1154 1018 esse
1180 960 1381 1032 poterit
1400 962 1485 1016 vel
1510 961 1743 1017 maxime
1766 975 1831 1015 ex
1857 960 1944 1016 his
1964 977 2087 1016 ver-

509 1055 596 1112 bis
632 1074 645 1108 :
675 1070 854 1125 neque
886 1054 1033 1109 enim
1068 1053 1174 1108 alia
1210 1053 1278 1109 de
1307 1068 1470 1109 causa
1499 1060 1839 1119 numeratur,
1872 1061 1932 1108 ut
1962 1053 2082 1124 opi-

512 1163 633 1214 nor,
669 1148 945 1202 masculus
967 1186 981 1212 ,
1006 1156 1061 1201 et
1088 1145 1411 1217 vigesimum
1431 1160 1637 1200 annum
1672 1146 1829 1216 112
1859 1153 1954 1200 aut
1986 1160 2080 1201 su-

508 1254 607 1308 pra
639 1247 821 1304 natus,
856 1253 1023 1308 quam
1056 1244 1117 1292 ut
1159 1252 1260 1291 nos
1305 1252 1523 1307 quoque
1568 1236 1670 1306 ipsi
1712 1236 2082 1308 intelligamus

430 1354 433 1359 λ
484 1330 663 1400 rejici
694 1345 726 1384 a
752 1330 884 1395 Deo,
914 1338 1079 1399 atque
1112 1328 1429 1399 improbari,
1464 1329 1611 1399 quod
1644 1328 1862 1386 imbelle
1897 1329 1987 1395 sit,
2016 1345 2081 1386 ac

507 1436 673 1476 sensu
714 1422 937 1477 minime
978 1421 1241 1491 perfecto,
1286 1436 1523 1492 quorum
1567 1430 1863 1493 utrumque
1900 1421 2079 1477 inesse

504 1512 741 1568 dicimus
772 1512 862 1579 iis,
893 1513 990 1583 qui
1019 1512 1200 1569 adhuc
1227 1528 1357 1568 sane
1373 1513 1751 1571 adolescentes
1777 1521 1925 1578 sunt,
1953 1528 2080 1570 ncc-

503 1601 634 1657 dum
664 1602 733 1657 ad
763 1602 1071 1673 pubertatis
1099 1618 1414 1658 mensuram
1441 1611 1813 1677 pervenerunt
1857 1620 1871 1656 :
1913 1618 2077 1675 quam

502 1693 724 1764 quidem
768 1710 1082 1751 mensuram
1126 1694 1308 1751 divina
1345 1696 1435 1750 lex
1474 1701 1532 1750 et
1568 1694 1721 1750 novit
1758 1702 1815 1751 et
1844 1694 2073 1763 desinit,

2196 506 2289 559 καὶ
2327 504 2537 577 Ἀαρὼν
2576 506 2943 576 ἐπισκέψασθε
2974 504 3190 567 αὐτούς.
3237 522 3254 554 ι
3294 505 3427 556 ’Ὁτι
3474 501 3577 570 μὲν
3608 498 3781 557 οὖντὸ

2194 597 2359 666 άρσεν
2388 598 2482 651 καὶ
2529 597 2934 670 μαχιμώτατον,
2971 596 3066 652 καὶ
3106 598 3186 660 είς
3221 596 3367 667 ἥϐην
3411 594 3777 665 ἀναϐεϐηκὸς,

2191 687 2500 752 τουτέστιν,
2554 690 2634 752 είς
2687 688 2898 754 εὐεξίαν
2946 688 3044 759 τὴν
3102 684 3496 756 πνευματικὴν
3558 684 3656 738 καὶ
3703 686 3780 749 είς

2194 778 2392 848 μέτρον
2440 779 2659 850 ἡλικίας
2697 780 2789 833 τοῦ
2843 778 3206 849 πληρώματος
3258 778 3354 831 τοῦ
3402 776 3684 849 Χριστοῦ,
3724 778 3779 829 ὲν

2190 871 2483 941 ἀπογραφῇ
2533 874 2600 942 τῇ
2647 871 2798 942 θείᾳ,
2831 871 2925 924 καὶ
2955 872 3013 924 ἐν
3065 868 3254 942 βιϐλίῳ
3294 870 3569 923 τέτακται
3610 868 3776 934 Θεοῦ,

2192 958 2356 1026 σαφὲς
2385 958 2451 1012 ἂν
2476 959 2683 1027 γένοιτο
2712 961 2805 1013 κα)⁵
2826 960 2913 1013 διὰ
2942 959 3147 1013 τούτων
3169 954 3228 1012 εὖ
3262 958 3435 1028 μάλαα
3461 956 3777 1028 ἀριθμεῖται

2190 1048 2298 1121 γὰρ
2346 1049 2445 1122 οὐχ
2498 1050 2683 1120 ἐτέρου
2738 1068 2831 1104 του
2879 1051 3071 1122 χάριν,
3120 1050 3376 1121 καθάπερ
3431 1042 3674 1117 ἐγῷμαι,
3718 1048 3777 1101 τδ

2186 1136 2351 1208 ἄρσεν
2372 1140 2427 1193 ἐν
2456 1139 2685 1210 εἰκοστῷ
2701 1157 2761 1193 τε
2795 1141 2886 1195 καὶ
2921 1140 3001 1194 ἐτι
3035 1140 3256 1211 γεγονὸς
3281 1137 3605 1209 ἐνιαυτῷ,ῆ
3639 1136 3774 1191 ὥστε

2185 1227 2442 1285 δύνασθαι
2473 1231 2612 1283 νοεῖν
2643 1232 2739 1284 καὶ
2776 1232 2924 1302 ἡμᾶς
2955 1231 3173 1294 αὐτοὺς,
3205 1229 3280 1292 ὡς
3326 1228 3651 1298 ἀπόϐλητον
3681 1227 3775 1298 μὲν

2184 1317 2279 1372 καὶ
2305 1318 2560 1389 ἀδόκιμον
2585 1320 2646 1374 τὸ
2686 1320 2882 1376 άναλκί
2915 1338 2975 1374 τε
3012 1321 3103 1376 καὶ
3128 1319 3316 1383 ἀτελὲς
3348 1320 3435 1382 εἰς
3469 1318 3711 1382 σύνεσιν,
3739 1317 3775 1371 ἃ

2181 1408 2245 1479 δὴ
2268 1410 2549 1480 προσεῖναί
2603 1428 2784 1481 φαμεν
2821 1413 2935 1474 τοῖς
2981 1410 3062 1464 ἔτι
3110 1410 3209 1481 μὲν
3248 1410 3398 1472 νέοις
3423 1407 3662 1479 κομιδῆ,
3687 1408 3774 1460 καὶ

2182 1498 2332 1552 οὔπω
2362 1501 2498 1572 πρὸς
2528 1502 2668 1573 ἥϐης
2698 1502 2890 1572 ἥκουσι
2928 1502 3146 1575 μέτρον,
3167 1504 3196 1558 ὅ
3222 1520 3331 1573 περ
3352 1504 3383 1556 ὁ
3415 1500 3565 1563 θεῖος
3586 1496 3693 1552 οίδέ
3716 1515 3770 1551 τε

2180 1592 2276 1644 καὶ⁸
2319 1592 2490 1663 ὁρίζει
2551 1593 2748 1665 νόμος,
2800 1594 3045 1648 τουτέστι
3103 1595 3164 1650 τὸ
3223 1595 3345 1657 ἔτος
3391 1593 3455 1647 τὸ
3506 1590 3768 1646 εἰκοστόνο

2178 1681 2357 1752 τίμιον
2389 1682 2445 1736 δὲ
2468 1683 2561 1736 καὶ
2584 1684 2642 1736 ἐν
2676 1684 2896 1755 ἀριθμῷ
2926 1687 3021 1741 καὶ
3061 1685 3413 1757 ἐγνωσμένον
3443 1685 3601 1756 παρὰ
3630 1686 3767 1757 Θεῷ,

500 1782 677 1853 iisque
697 1793 780 1841 est
799 1801 976 1840 annus
994 1786 1290 1856 vigesimus
1314 1803 1326 1839 :
1353 1787 1409 1841 in
1427 1785 1605 1857 pretio
1628 1793 1811 1841 autem
1833 1785 1879 1840 is
1896 1793 1999 1850 est,
2020 1795 2064 1841 el

2179 1773 2321 1827 κατά
2345 1791 2403 1828 τε
2428 1774 2636 1845 πληθὺν
2655 1815 2669 1840 ,
2694 1776 2790 1831 καὶ
2822 1777 2953 1849 γένη
2986 1779 3082 1831 καὶ
3111 1777 3357 1848 κεφαλὰς
3375 1817 3391 1843 ,
3441 1778 3540 1831 καὶ
3581 1778 3769 1850 ὀνομα-

498 1870 556 1925 in
588 1888 816 1929 numero
839 1874 1092 1939 habetur,
1125 1882 1181 1930 et
1210 1890 1241 1929 a
1265 1875 1377 1930 Deo
1400 1876 1748 1946 cognoscitur
1770 1890 1868 1945 per
1899 1891 2075 1946 popu-

495 1961 610 2017 lum
638 1971 696 2017 et
724 1979 916 2034 genus,
950 1973 1006 2020 et
1030 1965 1228 2036 capita,
1266 1973 1322 2022 et
1356 1980 1577 2033 nomen,
1612 1966 1862 2038 quisquis
1892 1967 2077 2023 adulta

486 2055 601 2123 jam
626 2062 806 2121 aetate,
832 2064 889 2111 et
916 2058 1194 2113 masculus
1225 2068 1329 2114 est.
1361 2058 1575 2114 Sanctis
1612 2060 1760 2114 enim
1794 2060 2071 2130 apostolis,

490 2144 586 2213 qui
615 2145 886 2215 ejusmodi
914 2148 1061 2203 virili
1084 2157 1244 2205 aetate
1259 2150 1374 2220 jam
1399 2159 1601 2217 essent,
1630 2159 1688 2206 et
1712 2151 1768 2206 in
1797 2166 1916 2206 eam
1944 2166 2072 2221 per-

489 2236 772 2292 venissent
804 2239 1032 2297 rationis
1068 2256 1404 2308 mensuram,
1434 2241 1642 2298 dictum
1676 2257 1708 2296 a
1743 2241 1962 2297 Christo
1988 2251 2075 2298 est

488 2326 786 2397 aliquando
838 2331 1062 2400 quidem
1123 2350 1135 2385 :
1181 2351 1201 2384 ι
1246 2333 1427 2390 Nolite
1481 2333 1719 2405 gaudere
1781 2334 1911 2409 quia
1959 2333 2071 2389 dae-

487 2419 670 2476 monia
701 2421 1070 2493 subjiciuntur
1102 2424 1286 2490 vobis;
1318 2425 1414 2481 sed
1444 2425 1627 2495 potius
1658 2426 1911 2496 gaudete,
1943 2426 2071 2497 quia

486 2509 711 2567 nomina
736 2519 919 2567 vestra
944 2513 1149 2584 scripta
1179 2523 1309 2570 sunt
1347 2514 1403 2569 in
1444 2515 1584 2570 cmlo
1618 2516 1683 2569 ⁶¹.
1718 2533 1737 2568 ι
1762 2516 2069 2591 Aliquando

484 2616 713 2657 rursus:
741 2623 759 2654 ι
782 2603 975 2659 Nonne
999 2604 1111 2660 duo
1136 2620 1385 2675 passeres
1404 2621 1525 2661 asse
1540 2607 1821 2661 veneunt?
1849 2615 1905 2662 et
1927 2623 2068 2663 unus

483 2708 552 2747 ex
574 2693 682 2749 illis
709 2710 820 2749 non
845 2695 1005 2750 cadet
1032 2710 1198 2764 super
1226 2704 1427 2751 terram
1459 2695 1579 2753 sine
1610 2693 1769 2752 Patre
1799 2712 1942 2761 meo,
1972 2697 2069 2767 qui

483 2791 570 2839 est
599 2782 655 2838 in
689 2783 876 2839 caelis?
903 2784 1083 2839 Vestri
1121 2792 1306 2841 autem
1330 2793 1389 2841 et
1417 2786 1601 2857 capilli
1644 2786 1840 2857 capitis
1870 2803 2067 2844 nume-

483 2875 591 2931 rati
617 2881 747 2931 sunt
769 2875 833 2929 “.
867 2894 887 2927 ι
915 2875 976 2931 In
1014 2891 1127 2946 quo
1150 2892 1277 2933 eum
1309 2877 1448 2933 dixit
1472 2885 1793 2934 numeratos
1824 2894 1944 2935 esse
1973 2895 2065 2935 ea-

481 2965 665 3036 pillos,
689 2965 894 3023 diserte
921 2966 1270 3040 signiﬁcavit,
1297 2979 1358 3025 ut
1393 2970 1610 3041 opinor,
1631 2987 1796 3042 quam
1817 2971 2065 3044 diligenti

482 3070 616 3111 cura
660 3072 755 3113 eos
796 3068 1244 3130 prosequeretur.
1290 3062 1349 3118 ln
1383 3061 1587 3117 librum
1623 3062 1790 3133 igitur
1815 3063 1933 3129 Dei,
1969 3066 2064 3135 qui

2182 1865 2287 1928 στὶ,
2322 1863 2384 1918 τδ
2403 1867 2459 1920 ἐν
2493 1867 2698 1937 ἀκμαῖς
2725 1885 2785 1921 τε
2828 1870 2922 1923 καὶ
2956 1870 3142 1941 ἄρσεν.
3187 1868 3634 1943 Ἀνδριζομένοις
3665 1872 3768 1944 γὰρ

2176 1955 2350 2022 οὕτω,
2397 1957 2491 2011 καὶ
2539 1958 2619 2022 είς
2668 1958 2825 2013 τοῦτο
2877 1962 3182 2031 προήκουσι
3230 1960 3483 2024 διανοίας
3547 1962 3762 2033 μέτρον,

2175 2056 2286 2119 τοῖς
2328 2055 2504 2123 ἁγίοις
2550 2058 2871 2123 ἀποστόλοις
2904 2059 3119 2131 εἴρηται
3167 2061 3255 2114 διὰ
3305 2062 3558 2133 Χριστοῦ
3584 2106 3597 2129 ,
3639 2064 3764 2117 ποτὲ

2179 2144 2310 2214 μὲν,
2344 2146 2447 2213 ὅτι,
2484 2166 2502 2198 ι
2536 2146 2622 2218 Μὴ
2658 2148 2877 2220 χαίρετε
2906 2151 2987 2204 ὅτι
3016 2151 3087 2205 τά
3114 2152 3371 2223 δαιμόνια
3397 2154 3762 2207 ὑποτάσσεται

2176 2236 2325 2308 ὑμῖν,
2352 2238 2574 2309 χαίρετε
2597 2240 2653 2293 δὲ
2684 2242 2884 2311 μᾶλλον
2909 2243 2989 2297 ὅτι
3013 2244 3080 2298 τὰ
3106 2244 3352 2316 ὀνόματα
3378 2246 3409 2298 ὑ
3419 2245 3540 2317 μῶν
3562 2246 3761 2319 γέγρα-

2174 2345 2303 2382 πται
2337 2330 2394 2382 ἐν
2433 2332 2547 2395 τοῖς
2578 2334 2830 2404 οὐρανοῖς
2858 2350 2871 2363 ·
2903 2354 2921 2385 ι
2956 2336 3086 2389 ποτέ
3127 2336 3184 2391 δὲ
3227 2337 3415 2391 πάλιν
3456 2358 3474 2388 ι
3514 2339 3649 2409 Οὐχὶ
3673 2339 3760 2391 δύο

2175 2420 2433 2490 στρουθία
2483 2423 2744 2494 ἀσσαρίου
2792 2425 3089 2490 πωλεῖται,
3125 2428 3218 2481 καὶ
3250 2426 3308 2481 ἒν
3361 2426 3427 2494 ἐξ
3474 2427 3657 2481 αὐτῶν
3700 2429 3758 2480 οὐ

2172 2513 2417 2565 πεσεῖται
2451 2514 2547 2567 ἐπὶ
2573 2513 2672 2584 τὴν
2701 2516 2835 2586 γῆν,
2870 2517 2996 2573 ἄνευ
3046 2516 3141 2570 τοῦ
3182 2517 3396 2589 πατρός
3445 2534 3549 2587 μου
3582 2516 3674 2570 τοῦ
3703 2518 3758 2569 ἐν

2171 2599 2455 2670 οὐρανοῖςς
2499 2602 2683 2672 Ύμῶν
2710 2603 2768 2656 δὲ
2794 2606 2890 2658 καὶ
2918 2606 2975 2658 αί
3005 2606 3193 2677 τρίχες
3224 2606 3326 2676 τῆς
3356 2606 3612 2676 κεφαλῆς
3643 2608 3758 2676 ἠρι-

2172 2690 2448 2761 θμημέναι
2496 2692 2653 2747 είσίν.
2714 2713 2732 2746 ι
2784 2694 2860 2747 Τὸ
2910 2697 3137 2766 ἀκριϐὲς
3180 2694 3333 2767 οἶμαί
3378 2716 3486 2752 που
3529 2699 3628 2770 τῆς
3673 2699 3754 2750 ἐπ’

2170 2783 2356 2848 αὐτοῖς
2390 2785 2704 2858 φροντίδος,
2750 2786 2843 2840 τοῦ
2891 2788 3062 2853 αὐτὰς
3102 2790 3275 2843 εἰπεῖν
3316 2789 3755 2860 άπαριθμεῖσθαι

2168 2874 2268 2939 τὰς
2290 2875 2482 2946 τρίχας
2513 2877 2942 2948 καταδηλοῦντος
2970 2874 3030 2933 εὖ
3064 2878 3224 2950 μάλα.
3243 2880 3462 2934 Οὐκοῦν
3487 2884 3545 2935 ἐν
3572 2880 3754 2952 βιϐλίῳ

2167 2964 2303 3020 Θεοῦ
2338 2966 2401 3019 τὸ
2436 2968 2495 3021 ἐν
2538 2968 2745 3038 ἀκμαῖς
2781 2986 2842 3022 τε
2881 2970 2976 3023 καὶ
3005 2969 3193 3042 ἄρσεν.
3240 2970 3582 3042 Ἐπράττετο
3607 2970 3661 3024 δὲ
3690 2969 3755 3024 τὰ

2166 3057 2266 3128 τῆς
2291 3059 2648 3131 ἀπογραφῆς-ν
2706 3061 2797 3116 διά
2833 3079 2893 3117 τε
2938 3062 3182 3127 Μωσέως
3220 3064 3315 3127 καὶ
3365 3063 3621 3138 Ἀαρὼν,
3667 3064 3751 3118 ἵνα

481 3147 670 3204 adulta
699 3159 828 3206 sunt
857 3158 1037 3219 aetate,
1075 3167 1140 3209 ac
1178 3167 1358 3210 mares
1394 3152 1729 3209 referuntur.
1762 3153 1838 3209 Ea
1882 3163 2064 3210 autem

2170 3149 2237 3206 δι’
2282 3153 2485 3224 ἀμφοῖν
2537 3152 2630 3207 τὸν
2677 3153 2774 3209 ἕνα
2816 3154 3025 3226 νοῶμεν
3060 3153 3317 3228 Χριστὸν,
3350 3157 3433 3223 ὡς
3471 3136 3530 3211 ἐν
3558 3158 3748 3227 Μωσῇ,

481 3256 681 3298 census
708 3243 1007 3315 descriptio
1048 3259 1149 3315 per
1193 3245 1418 3317 Moysen
1462 3254 1520 3305 ct
1556 3246 1739 3303 Aaron
1781 3247 1968 3313 ﬁebat,
2004 3258 2067 3303 ut

454 3334 581 3404 'per
617 3343 912 3407 utrumque
945 3352 1118 3392 unum
1156 3336 1524 3408 intelligamus
1544 3338 1861 3423 .Christum,
1905 3350 1967 3396 ut
2007 3341 2065 3396 in

477 3426 662 3499 Moyse
706 3429 841 3499 legis
869 3429 1236 3495 conditorem,
1262 3437 1325 3484 ut
1358 3429 1415 3484 in
1456 3431 1640 3487 Aaron
1667 3447 1943 3489 summum
1972 3448 2062 3489 sa-

480 3518 762 3574 cerdotem
794 3538 807 3572 :
836 3520 1014 3575 factus
1041 3528 1128 3575 est
1156 3522 1306 3576 enim
1344 3529 1536 3577 noster
1580 3523 1860 3595 legislator
1898 3524 2064 3581 simul

479 3618 537 3665 ct
564 3619 788 3666 sanctus
827 3620 885 3667 et
930 3611 1196 3667 innocens
1239 3628 1490 3669 summus
1529 3615 1806 3681 sacerdos,
1835 3617 2063 3689 ejusque

479 3701 798 3759 mediatoris
833 3719 1000 3775 opera
1033 3719 1227 3761 eorum
1251 3705 1347 3776 qui
1368 3707 1516 3762 virili
1541 3716 1670 3763 sunt
1694 3717 1852 3766 aetate
1880 3716 1937 3765 et
1954 3696 2073 3764 viri

478 3802 595 3851 tute
621 3812 736 3866 prae
762 3798 979 3853 caeteris
995 3776 1322 3869 conspicua,
1347 3799 1405 3855 in
1434 3799 1639 3856 divinis
1657 3800 1844 3858 Libris
1855 3801 2062 3856 deseri-

478 3886 631 3942 bitur
662 3903 879 3946 census.
921 3888 1072 3958 Quos
1099 3891 1481 3961 alloquebatur
1516 3891 1682 3947 etiam
1715 3892 2057 3963 sapientissi-

476 3995 601 4035 mus
642 3980 734 4036 ille
761 3981 1018 4049 Joannes,
1050 3998 1177 4039 cum
1213 3984 1426 4039 diceret
1449 3984 1493 4016 "
1535 4025 1547 4037 .
1584 4003 1603 4035 ‹
1652 3983 1848 4041 Scribe
1876 3983 2055 4051 vobis,

469 4070 725 4142 juvenes,
767 4073 898 4144 quia
943 4073 1117 4130 fortes
1149 4075 1283 4131 estis
1317 4084 1375 4130 et
1407 4074 1617 4130 vicistis
1663 4076 1982 4146 malignum.
2031 4096 2049 4127 ι

474 4164 800 4237 llujusmodi
824 4176 1008 4229 autem
1030 4166 1213 4222 suntii
1257 4167 1326 4223 de
1349 4167 1553 4239 quibus
1581 4168 1744 4223 modo
1774 4167 2052 4224 diximus:

480 4275 498 4306 ι
530 4254 723 4313 Omnis
750 4258 1028 4314 masculus
1070 4273 1103 4313 a
1134 4258 1328 4330 viginti
1371 4259 1530 4314 annis
1562 4268 1619 4314 et
1648 4274 1834 4330 supra,
1876 4260 2055 4317 omnis

470 4349 567 4418 qui
592 4350 871 4420 egreditur
896 4350 949 4405 in
982 4351 1228 4407 exercitu
1263 4352 1427 4411 Israel
1459 4351 1523 4407 “.
1564 4371 1581 4405 ι
1614 4352 1712 4408 His
1752 4353 1821 4409 ab
1860 4368 2053 4409 eorum

2166 3244 2498 3317 νομοθέτην,
2539 3246 2616 3311 ὡς
2667 3251 2726 3302 ἐν
2771 3247 3016 3320 Ἀαρὼν,
3066 3249 3348 3321 ἀρχιερέα.
3404 3251 3605 3320 Γέγονε
3647 3249 3750 3320 γὰρ

2164 3337 2251 3407 ἐφ’
2284 3340 2433 3409 ἡμᾶς
2471 3338 2764 3411 νομοθέτης
2813 3357 2871 3393 τε
2906 3340 3053 3411 ἅμα,
3102 3342 3197 3395 καὶ
3225 3341 3376 3405 ὅσιος
3411 3342 3509 3396 καὶ
3550 3340 3749 3402 ἄκακος

2164 3431 2474 3502 ἀρχιερεὺς,
2506 3432 2602 3485 καὶ
2639 3432 2728 3484 διὰ
2753 3432 2853 3502 τῆς
2879 3432 3044 3487 αὑτοῦ
3072 3432 3352 3503 μεσιτείας
3371 3475 3387 3498 ,
3433 3433 3545 3487 τῶν
3574 3432 3747 3501 ἀνδρι-

2166 3521 2409 3592 ζομένων
2442 3522 2538 3576 καὶ
2570 3522 3030 3594 ὲκπρεπεστέρων
3088 3524 3168 3587 είς
3204 3523 3445 3595 ἀρετὴν,
3490 3525 3549 3577 ἐν
3580 3524 3747 3585 θείαις

2165 3610 2370 3684 βίϐλοις
2399 3614 2714 3687 ἀπογραφή.
2748 3615 3097 3687 Προσεφώνει
3127 3616 3185 3671 δὲ
3213 3617 3435 3684 τούτοις
3461 3618 3554 3671 καὶ
3590 3615 3745 3685 σοφὸς

2175 3705 2430 3777 Ἰωάννης
2455 3706 2646 3776 λέγων·
2681 3727 2699 3759 ι
2733 3708 2937 3779 Γράφω
2968 3708 3119 3778 ὑμῖν,
3153 3709 3457 3776 νεανίσκοι,
3484 3710 3566 3764 ὅτι
3606 3711 3744 3777 ίσχυ-

2165 3798 2248 3867 ροί
2300 3797 2453 3864 ἐστε,
2486 3799 2583 3852 καὶ
2629 3798 2953 3869 νενικήκατε
2997 3798 3088 3852 τὸν
3135 3800 3396 3870 πονηρόν.
3463 3819 3482 3853 ι
3533 3797 3739 3853 Οὐκοῦν

2161 3885 2272 3943 εἷεν
2310 3888 2378 3944 ἂν
2404 3884 2586 3953 οὗτοι,
2628 3890 2754 3961 περὶ
2801 3882 2876 3944 ὧν
2923 3889 3131 3961 ἔφαμεν
3173 3890 3413 3962 ἀρτίωςο
3447 3893 3532 3946 ὅτι
3566 3909 3584 3942 ι
3628 3889 3739 3942 Πᾶν

2160 3980 2326 4050 ἄρσεν
2352 3981 2462 4035 άπὸ
2488 3979 2833 4044 είκοσαετοῦς
2890 3980 2985 4033 καὶ
3014 3980 3219 4048 ἐπάνω,
3249 3982 3359 4046 πᾶς
3382 3983 3413 4034 ὁ
3446 3977 3736 4052 ἐκπορευό-

2162 4089 2320 4141 μενος
2364 4073 2423 4125 ἐν
2464 4072 2691 4143 δυνάμει
2750 4072 3001 4144 Ἰσραήλ·
3041 4092 3062 4126 θ
3107 4072 3201 4137 οὒς
3238 4074 3322 4126 ὅτι
3367 4077 3606 4128 ποιεῖται
3649 4070 3733 4124 διά

2159 4160 2396 4230 φειδοῦς,
2420 4163 2516 4217 καὶ
2541 4160 2820 4235 φροντίδος
2841 4160 3001 4226 ἀξιοῖ,
3027 4160 3317 4234 φιλάρετος
3336 4162 3415 4217 ὢν
3436 4165 3466 4216 ό
3487 4164 3551 4233 δη
3559 4175 3735 4233 μιουρ-

2156 4254 2252 4324 γὸς
2272 4294 2287 4320 ,
2317 4254 2557 4319 κατίδοις
2578 4294 2591 4319 ,
2624 4246 2669 4307 ὦ
2703 4253 2969 4308 Παλλάδιε
2988 4296 3002 4320 ,
3031 4255 3125 4308 καὶ
3148 4254 3236 4309 διὰ
3260 4254 3370 4308 τῶν
3410 4252 3611 4325 ἐφεξῆς
3638 4267 3731 4319 γε·

2156 4345 2511 4418 γραμμένων.
2549 4344 2845 4417 Ἐφηηγὰρ
2888 4344 3050 4398 πάλιν
3077 4348 3188 4407 τοῖς
3230 4345 3375 4415 ἀμφὶ
3405 4343 3609 4399 Μωσέα
3640 4340 3731 4393 καὶ

470 4439 666 4509 Opiﬁcc
697 4441 809 4496 Deo
837 4443 1134 4511 provideri,
1171 4460 1473 4515 eorumque
1502 4443 1580 4499 illi
1606 4460 1794 4500 curam
1821 4460 1962 4511 esse,
1991 4453 2053 4501 ut

2169 4437 2397 4511 Ἀαρὼν,
2424 4436 2580 4508 δῆλον
2605 4436 2660 4489 δὲ
2690 4438 2772 4489 ὅτι
2800 4436 2954 4501 Θεὸς,
2994 4456 3012 4489 ι
3051 4436 3162 4491 Καὶ
3196 4436 3313 4507 μεθ’
3337 4436 3493 4507 ὑμῶν
3518 4435 3727 4488 ἔσονται

469 4530 565 4600 qui
609 4531 681 4586 sit
728 4533 950 4589 virtutis
990 4544 1223 4601 amator,
1264 4537 1429 4591 etiam
1473 4553 1572 4607 per
1600 4552 1663 4593 ea
1702 4553 1823 4607 qua:
1850 4552 2048 4594 conse-

360 4639 365 4643 ·
468 4630 702 4691 quenter
730 4625 936 4695 scripta
963 4634 1111 4693 sunt,
1142 4629 1476 4698 perspicere,
1507 4629 1736 4695 Palladi,
1763 4629 1921 4686 facile
1944 4647 2045 4701 po-

416 5794 425 5823 ι

467 4715 618 4769 teris.
647 4717 739 4771 Ait
759 4718 905 4771 enim
932 4719 1130 4773 iterum
1153 4720 1320 4791 Moysi
1344 4730 1401 4775 et
1427 4720 1627 4786 Aaron,
1657 4721 1804 4776 Deus
1853 4723 2047 4792 procul

466 4802 671 4868 dubio,
728 4824 745 4854 ι
799 4807 868 4858 Ει
910 4806 1194 4860 vobiscum
1244 4817 1409 4862 erunt
1452 4809 1650 4880 singuli
1693 4825 1792 4879 per
1840 4811 2046 4867 tribum

467 4894 898 4965 uniuscujusque
961 4896 1256 4966 principis,
1323 4915 1421 4968 per
1471 4901 1663 4956 domos
1715 4901 2044 4957 familiarum

466 4993 630 5042 erunt
661 5004 674 5040 :
711 4995 768 5042 et
797 4987 913 5043 haec
940 4987 1164 5043 nomina
1196 4989 1442 5044 virorum
1461 4992 1556 5060 qui
1592 4993 1819 5048 stabunt
1853 4993 2041 5048 vobis-

467 5095 593 5135 cum
635 5080 724 5133 “:
780 5099 799 5132 ι
840 5087 1189 5151 ‘unaquzeque
1242 5082 1390 5136 enim
1442 5083 1621 5137 tribus
1652 5101 1800 5149 eum,
1847 5087 1942 5156 qui
1988 5095 2046 5141 et

467 5170 639 5242 gloria
666 5180 721 5227 et
743 5173 948 5228 virtute
987 5172 1263 5246 pugnandi
1304 5181 1533 5227 caateros
1562 5174 1815 5239 anteiret,
1846 5176 2042 5232 ducem

468 5260 709 5317 instituit
736 5278 799 5320 ac
820 5271 1306 5335 pmpugnatorem,
1329 5269 1387 5317 et
1409 5263 1693 5318 sententiae
1716 5265 2042 5335 principem,

466 5359 522 5406 et
559 5366 744 5405 rerum
776 5355 1139 5424 gerendarum
1172 5362 1453 5409 auctorem
1496 5371 1508 5405 :
1542 5369 1779 5423 quorum
1811 5354 2041 5425 ﬁguram

466 5442 765 5514 prafernnt
789 5448 989 5516 angeli,
1014 5448 1109 5517 qui
1133 5447 1354 5502 selectis
1382 5446 1490 5501 illis
1518 5446 1670 5511 viris,
1699 5454 1755 5501 ct
1781 5446 1837 5501 in
1895 5447 2041 5502 libro

464 5537 593 5594 vita:
607 5535 899 5605 descriptis
914 5538 1153 5607 praefecti
1172 5547 1318 5593 sunt.
1338 5539 1380 5607 1
1394 5539 1493 5609 13
1508 5537 1783 5608 Scriptqu
1797 5546 2042 5593 estnam-

2154 4527 2384 4591 ἐκαστος
2412 4527 2553 4581 κατὰ
2589 4526 2761 4598 φυλὴν
2796 4527 3031 4581 ἑκάστου
3060 4527 3321 4600 ἄρχοντος
3340 4568 3354 4590 ,
3400 4529 3520 4581 κατ’
3552 4527 3727 4586 οἴκους

2157 4620 2402 4691 πατριῶν
2421 4619 2658 4685 ἔσονται,
2682 4620 2777 4673 καὶ
2802 4618 2975 4674 ταῦτα
3007 4617 3077 4671 τά
3101 4619 3343 4689 ὀνόματα
3368 4619 3480 4673 τῶν
3500 4615 3721 4687 ἀνδρῶν,

2154 4712 2350 4775 οἵτινες
2424 4711 2867 4781 παραστήσονται
2922 4708 3041 4780 μεθ’
3093 4709 3272 4780 ὑμῶν.
3329 4729 3349 4761 ι
3402 4709 3547 4780 Φυλὴ
3618 4706 3723 4777 γάρ

2157 4804 2359 4875 ἑκάστη
2393 4802 2486 4858 τὸν
2520 4801 2902 4871 εὐκλεέστερον
2945 4802 3039 4855 καὶ
3080 4801 3469 4872 μαχιμώτατον
3504 4800 3719 4871 ἐφίστη-

2159 4913 2245 4950 σιν
2284 4895 2559 4966 ήγεμόνα,
2603 4893 2699 4948 καὶ
2740 4892 3151 4965 προασπιστὴν,
3185 4893 3279 4946 καὶ
3330 4892 3526 4965 βουλῆς
3567 4890 3719 4959 ἐξάρ·

2151 5005 2333 5058 χοντα,
2367 4987 2463 5042 καὶ
2488 4986 2595 5040 τῶν
2620 4986 2911 5058 πρακτέων
2940 4986 3261 5058 εἰσηγητὴν,
3296 4979 3372 5041 ὧν
3404 4987 3470 5040 ἂν
3508 4980 3613 5038 εἷεν
3642 4981 3714 5042 είς

2150 5078 2340 5144 τύπον,
2363 5078 2414 5132 of.
2432 5080 2545 5142 τοῖς
2575 5077 2898 5139 ἀπολέκτοις
2939 5076 3034 5131 καὶ
3069 5078 3127 5129 ἐν
3156 5076 3324 5147 βίϐλῳ
3365 5076 3509 5149 ζωῆς
3533 5069 3714 5142 κειμέ-

2151 5187 2296 5236 νοις,
2352 5169 2713 5240 ἐφεστηκότες
2765 5166 3009 5237 ἇγγελοι.
3069 5167 3387 5239 Γέγραπται
3433 5168 3540 5237 γὰρ
3593 5158 3713 5230 περὶ

2150 5261 2349 5325 παντὸς
2378 5260 2605 5316 δικαίαν
2655 5278 2674 5308 ι
2719 5260 3071 5331 Παρεμὼλεῖ
3106 5258 3337 5329 ἄγγελος
3383 5257 3586 5332 Κυρίου
3616 5250 3707 5306 κύ·

2150 5352 2263 5423 κλῳ
2292 5352 2400 5407 τῶν
2441 5351 2794 5421 φοϐουμένων
2820 5351 3013 5415 αὑτὸν,
3044 5349 3138 5403 καὶ
3178 5348 3401 5421 ῥύσεται
3444 5343 3652 5406 αὐτούς.
3684 5357 3703 5390 ι

2151 5447 2271 5499 Ὀτι
2303 5444 2360 5497 δὲ
2404 5442 2718 5511 ἁγγελικαῖς
2764 5441 3105 5512 ἐπικουρίαις
3131 5438 3546 5512 διασεσὼσμεθα
3576 5428 3705 5487 κατὰ

2149 5538 2399 5607 βούλησιν
2440 5533 2604 5598 Θεοῦ,
2652 5534 2987 5605 πανταχόθεν
3024 5533 3088 5586 ἂν
3121 5532 3329 5600 γένοιτο
3378 5532 3573 5601 σαφὲς,
3617 5520 3703 5578 καὶ

538 5714 581 5748 ⁸⁸
618 5714 779 5770 Num.
821 5714 905 5780 ι,1
948 5716 995 5769 5.
1026 5715 1064 5746 ⁶¹
1090 5715 1221 5769 Luc.
1252 5734 1302 5783 χ,
1326 5719 1415 5772 20.
1452 5720 1492 5751 ⁶²
1517 5718 1704 5774 Matth.
1738 5716 2016 5784 1929,30.

2169 5716 2364 5772 lJoan.
2405 5731 2474 5780 ιι,
2506 5716 2588 5770 15.
2669 5717 2710 5747 “‘
2747 5716 2917 5771 Exod.
2946 5733 3085 5780 xxx,
3133 5714 3214 5771 Η.
3291 5714 3573 5771 ὕθὶῖιιηω.
3612 5699 3693 5760 18-
