4082 6304
802 283 833 319 Γ

210 326 345 403 ’313
971 341 1062 400 DE
1098 342 1536 401 ADORATIONE
1573 344 1641 400 IN
1679 344 1808 400 SPII

1908 345 1949 405 U
1990 346 2079 402 ET
2120 349 2488 409 VERITATE.
2544 353 2675 410 LIB.
2718 355 2805 411 IV.
3371 359 3478 422 ’5ιὸ

225 456 483 527 περιττὸν
519 451 673 528 οῐμαι
707 456 983 527 συλλέγειν
1010 460 1089 522 εἰς
1117 463 1179 512 τὸ
1214 460 1407 531 παρὸν,
1444 460 1543 524 τὰς
1573 460 1784 526 δείξεις·

1908 477 1997 535 [ue
2014 464 2082 521 de
2094 480 2427 537 unoquoque
2438 469 2586 539 justo
2617 470 2899 540 proboque
2911 468 3030 526 viro
3050 487 3060 526 :
3085 491 3102 523 ι
3123 472 3484 532 Castrameta-

226 547 411 601 καίτοι
435 548 546 608 τοῖς
578 546 822 601 ἐθέλουσι
869 549 1026 620 μετδν
1073 549 1169 603 καὶ
1209 546 1329 604 λίαν
1359 550 1597 615 εὐκόλως
1638 551 1797 622 εἰπερ

1908 556 2055 612 bitur
2083 559 2309 630 angelus
2341 560 2559 617 Domini
2599 561 2656 616 in
2702 562 2937 617 circuitu
2976 563 3286 621 timentium
3327 584 3477 635 eum,

228 637 434 690 ἐλοιντο
455 635 618 691 τοῦτο
646 638 805 710 δρᾷν.

1904 656 1962 703 ει
1988 648 2185 720 eripiet
2212 665 2309 706 eos
2350 650 2416 705 “.
2455 669 2475 703 ι
2500 650 2659 718 Quod
2688 660 2872 708 autem
2908 654 3222 724 angelorum
3254 657 3478 723 auxilio,

230 727 312 784 sic
337 728 451 784 Deo
480 730 720 797 volente,
752 732 918 787 cincti
958 733 1147 798 simus,
1183 733 1530 791 manifestum
1565 736 1806 808 undique
1842 739 1960 797 fieri
2001 752 2201 812 potest,
2267 760 2332 800 ac
2397 759 2864 817 supervacaneum
2902 756 3037 816 puto
3069 748 3125 802 in
3154 760 3480 820 prasentem

230 820 412 875 locum
437 835 740 892 congerere
764 823 885 893 ejus
906 822 985 878 rei
1010 824 1362 893 probationes
1381 868 1396 894 ,
1420 844 1545 884 cum
1572 832 1876 900 praesertim
1906 836 2221 892 volentibus
2271 836 2328 891 id
2355 835 2538 892 facere
2569 837 2628 891 in
2689 844 2947 908 promptu
3013 838 3103 904 sit,
3137 849 3196 894 et
3258 842 3479 912 quidem

229 913 512 980 facillime,
548 916 595 971 si
621 916 785 972 modo
815 919 891 973 ita
917 919 1283 976 decreverint.

304 1007 516 1061 ΠΑΛΛ.
541 1007 752 1061 Οὐκοῦν
788 1008 865 1073 ὡς
897 1012 955 1065 ἐν
986 1009 1141 1081 τύπῳ
1178 1010 1258 1082 τῷ
1288 1012 1429 1068 κατά
1480 1014 1684 1071 Μωσέα
1707 1017 1803 1071 καὶ

243 1098 455 1171 Ἃαρὼν
482 1098 569 1153 διά
603 1100 841 1172 Χριστοῦ
875 1100 1070 1169 γένοιτ’
1100 1101 1166 1157 ἂν
1197 1102 1306 1159 τῶν
1331 1103 1730 1181 ἀνδριζομένων
1768 1110 1803 1181 ἠ

232 1189 551 1260 ἀπογραφήο

304 1282 473 1337 ΚΥΡ.
523 1282 678 1337 Οῦτω
730 1284 894 1355 φημί·
940 1285 1205 1358 ἀποφέρει
1252 1286 1362 1360 γὰρ
1409 1290 1561 1361 ἡμᾶς
1603 1291 1685 1355 είς
1714 1291 1805 1346 τὸν

233 1373 329 1427 ἐπὶ
380 1373 518 1444 τῷδε
557 1373 712 1445 λόγον
730 1415 746 1442 ,
778 1376 880 1429 οὐκ
909 1377 1172 1432 ἀπίθανον
1198 1378 1320 1450 ἔχον
1355 1379 1454 1451 τὴν
1484 1382 1718 1457 ὑποψίαν
1743 1382 1806 1437 τὺ

236 1466 393 1539 παρά
419 1466 499 1538 τῷ
530 1466 785 1539 μακαρίῳ
814 1468 1034 1539 Δανιήλ.

304 1559 518 1613 ΠΔΔΛ.
552 1558 624 1612 Τὸ
658 1561 811 1612 ποῖον
843 1560 894 1613 τί
927 1562 1071 1632 φής;

304 1651 472 1705 ΚΥΡ.
497 1651 761 1705 Τεθέαται
794 1653 892 1723 μὲν
915 1652 1046 1725 γὰρ,
1077 1654 1154 1718 ώς
1177 1656 1237 1709 ἐν
1264 1656 1450 1729 ἡλικίᾳ
1471 1659 1538 1730 τῇ
1569 1658 1806 1730 πρεσϐυ-

234 1743 360 1811 τικῇ
380 1740 472 1794 τὸν
504 1741 760 1813 Πατέρα,
793 1740 958 1814 λευκῇ
1008 1742 1107 1813 μέν
1148 1744 1310 1816 πολιᾷ
1347 1746 1803 1818 κατεστεμμένον,

234 1832 499 1903 ἐνδύμασι
558 1831 615 1885 δὲ
655 1834 768 1898 τοῖς
802 1835 862 1887 ἐν
912 1834 1040 1888 εἴδει
1084 1835 1261 1905 χιόνος
1303 1837 1581 1908 ἐκπρεπῆ,
1613 1837 1718 1908 ἐφη
1749 1838 1807 1892 δὲ

234 1924 319 1977 ὅτι
349 1943 369 1975 ι
398 1923 508 1976 Καὶ
537 1922 709 1993 βίϐλοι
741 1923 1113 1995 ἠνεῴχθησαν,
1131 1927 1227 1982 καὶ
1247 1928 1529 2000 κριτήριον
1552 1928 1804 1995 ἐκάθισε,

234 2015 333 2067 καὶ
364 2011 524 2069 εἶδον.
551 2016 663 2068 Καὶ
691 2015 800 2069 ίδοὺ
846 2015 983 2087 μετὰ
1022 2015 1131 2071 τῶν
1162 2016 1402 2086 νεφελῶν
1444 2016 1539 2075 τοῦ
1577 2018 1805 2090 οὐρανοῦ

237 2105 315 2169 ὡς
344 2106 473 2170 Υἱὸς
507 2106 793 2177 ἀνθρώπου
829 2108 1141 2179 ἐρχόμενος,
1175 2108 1268 2163 καὶ
1305 2108 1410 2174 ἕως
1433 2108 1526 2163 τοῦ
1565 2109 1803 2166 Παλαιοῦ

232 2196 347 2249 τῶν
371 2197 595 2268 ἡμερῶν
622 2198 847 2268 ἔφθασε,
870 2200 964 2254 καὶ
987 2199 1216 2255 ἐνώπιον
1244 2201 1407 2256 αὑτοῦ
1438 2202 1802 2274 προσηνέχθηο

233 2287 334 2340 καὶ
358 2287 506 2359 αὐτῷ
528 2287 684 2360 ἐδόθη
715 2290 749 2360 ή
777 2290 938 2362 ἀρχὴ,
968 2292 1061 2346 καὶ
1086 2292 1120 2364 ἡ
1149 2292 1285 2364 τιμὴ
1307 2292 1458 2363 καὶιή
1491 2291 1753 2363 βασιλεία.
1780 2311 1800 2346 ι

234 2378 373 2430 Ὅτε
401 2378 511 2448 γὰρ
530 2380 589 2432 ἐν
616 2378 833 2451 εἴδειτῷ
858 2379 978 2434 καθ’
1003 2382 1151 2452 ἡμᾶς
1167 2381 1389 2451 γέγονεν
1416 2383 1446 2436 ὁ
1473 2383 1803 2453 Μονογενὴς,

235 2469 358 2522 τότε
397 2469 493 2523 καὶ
535 2470 753 2540 βίϐλους
785 2470 1021 2542 ἠνέῳξεν
1053 2473 1082 2525 ὁ
1114 2472 1328 2544 Πατὴρ,
1362 2473 1457 2528 καὶ
1500 2473 1671 2543 ἀνῆκε
1707 2474 1808 2544 μὲν

237 2561 331 2614 τοῦ
362 2561 646 2632 κρίνεσθαι
672 2562 799 2625 τοὺς
831 2562 1048 2633 ἐνόχους
1073 2563 1388 2634 ἁμαρτίαιςο
1412 2566 1584 2637 ἐφῆκε
1612 2564 1670 2619 δέ
1695 2567 1806 2630 τοῖς

240 2650 644 2722 ἀνδριζομένοις
673 2651 736 2704 τὸ
774 2652 1147 2722 ἐγγράφεσθαι
1178 2671 1239 2706 τε
1280 2653 1372 2708 καὶ
1400 2654 1806 2727 ἐναριθμεῖσθαι

239 2744 425 2797 λοιπὸν
455 2745 566 2806 τοῖς
600 2742 714 2797 ἀνω
737 2745 940 2813 χοροῖς,
972 2743 1068 2797 καὶ
1101 2744 1158 2799 ἐν
1187 2744 1375 2816 μνήμῃ
1408 2743 1620 2798 κεῖσθαι
1648 2742 1803 2800 Θεοῦ.

253 2835 461 2888 ’Δκούω
498 2834 556 2887 δὲ
591 2833 885 2907 ψάλλοντος
920 2833 1014 2888 τοῦ
1045 2835 1316 2907 μακαρίου
1349 2834 1512 2887 Δαϐὶδ
1539 2833 1667 2906 περὶ
1697 2832 1807 2889 τῶν

242 2928 318 2990 είς
365 2925 602 2998 Χριστὸν
659 2925 1156 2997 πεπαρῳνηκότωνο
1212 2942 1231 2978 ι
1307 2924 1807 2996 Ἐξαλειφθήτωσαν

241 3019 304 3070 ἐκ
336 3016 517 3087 βίϐλου
546 3014 795 3082 ζώντων,
833 3016 928 3069 καὶ
973 3016 1112 3087 μετά
1151 3016 1375 3072 δικαίων
1414 3018 1477 3072 οὐ
1508 3018 1807 3090 γραφήτω-

244 3128 360 3166 σαν.
400 3130 419 3164 ι
473 3109 801 3165 Πεπτώκασι
847 3109 945 3182 μὲν
994 3110 1104 3181 γὰρ
1138 3110 1197 3177 ἐξ
1247 3109 1505 3176 ἀσθενοῦς
1547 3109 1807 3183 λογισμοῦ

245 3204 334 3256 καί⁵
362 3202 461 3274 τῆς
487 3204 566 3267 είς
596 3201 830 3273 Χριστὸν
865 3200 1136 3264 πολιτείας
1161 3200 1221 3265 ἐξ
1255 3201 1538 3273 ἀνανδρίας
1560 3203 1811 3273 ἡμαρτη-

245 3294 397 3358 κότες
418 3336 433 3361 ,
462 3294 511 3346 oi
541 3292 759 3365 χρηστῷ
790 3309 849 3345 τε
897 3292 989 3347 καὶ
1041 3290 1407 3365 φιλανθρώπῳ
1448 3292 1672 3364 νεύματι
1715 3291 1808 3347 τοῦ

245 3384 375 3438 Θεοῦ
401 3385 498 3438 καὶ
537 3384 753 3455 Πατρδς
783 3384 1220 3455 ἐκτετιμημένον
1249 3383 1546 3454 κέκληνται
1580 3384 1678 3454 μὲν
1701 3383 1810 3455 γὰρ

247 3475 321 3538 εἰς
347 3475 474 3539 τοὺς
507 3474 753 3545 γάμους,
786 3472 1043 3544 μαλακῶς
1083 3472 1140 3527 δὲ
1175 3473 1271 3534 καὶ
1312 3473 1656 3543 παρειμένως
1697 3474 1811 3536 τοῖς
1835 3511 1878 3568 c

245 3567 418 3635 ἁγίοις
466 3566 933 3637 δειπνοκλήτορσιν
993 3563 1390 3636 ἀπεκρίναντο,
1448 3564 1724 3632 λέγοντες·
1778 3565 1807 3616 ὁ

249 3660 377 3730 μὲν,
408 3659 489 3711 ὅτι
528 3658 695 3727 ἀγρὸν
736 3658 1003 3728 ὴγόρασαο
1038 3657 1067 3708 ὁ
1108 3655 1196 3721 δὲ,
1225 3658 1306 3710 ὅτι
1334 3657 1569 3723 γυναῖκα
1603 3653 1803 3724 ἔγημα,

247 3752 339 3805 καὶ
364 3751 428 3803 οὐ
468 3749 704 3820 δύναμαι
733 3749 923 3804 ἐλθεῖν.
966 3746 1210 3810 ’Δκοῦεις
1241 3746 1506 3813 λεγόντων
1535 3747 1805 3817 πανταχῆ,

245 3842 325 3894 ὅτι
355 3841 432 3893 Οὐ
460 3838 713 3910 δύναμαι·
743 3839 864 3904 νοῦς
896 3837 1006 3909 γὰρ
1036 3838 1065 3890 ὁ
1102 3837 1441 3908 ἀνθρώπινος
1473 3838 1552 3903 είς
1594 3837 1810 3908 φιληδο-

247 3933 363 3985 νίαν
411 3933 681 4003 κοσμικὴν
727 3929 1136 3995 άπονενευκὼς,
1173 3929 1410 3998 ἀδρανής
1455 3927 1513 3981 τέ
1553 3930 1668 3981 ἐστι
1716 3928 1810 3981 καὶ

248 4024 473 4086 ἄναλκις
522 4024 601 4086 είς
641 4022 702 4074 τὸ
741 4020 1069 4093 ἐργάζεσθαι
1111 4019 1181 4074 τὰ
1217 4017 1311 4074 τοῦ
1356 4018 1513 4072 Θεοῦ·
1553 4017 1706 4072 ἔσται
1754 4017 1810 4071 δέ

251 4110 401 4179 οὗτος
431 4114 528 4168 καὶ
569 4114 666 4184 τῆς
695 4112 943 4184 οὐρανίου
972 4112 1066 4165 καὶ
1098 4111 1246 4174 θείας
1294 4111 1561 4181 ἀμέτοχος
1593 4110 1807 4182 ἐορτῆς.

317 4205 527 4258 ΠΔΛΛ.
569 4203 745 4258 Μόνον
785 4198 879 4256 οὖν
922 4202 1027 4273 ἄρα
1062 4202 1123 4254 τὸ
1160 4201 1368 4272 ήϐηκὸς
1415 4201 1510 4254 καὶ
1546 4201 1806 4271 ἀνδρεῖον,

255 4296 344 4349 καὶ
372 4295 581 4365 ἔμφρον
617 4294 716 4363 ἤδη
733 4311 878 4356 πως,
913 4295 969 4346 ἐν
998 4293 1288 4364 ἀπογραφῇ
1319 4291 1453 4344 Θεοῦ
1473 4332 1487 4356 ,
1520 4291 1613 4344 καὶ
1641 4291 1698 4343 ἐν
1729 4290 1809 4360 βί-

255 4387 361 4457 ϐλῳ
396 4385 646 4450 ζώντων,
686 4384 747 4437 τὺ
770 4384 826 4438 δέ
856 4382 930 4455 μὴ
972 4382 1210 4437 τοιοῦτον
1246 4382 1391 4436 ἅπαν
1412 4422 1426 4449 ,
1449 4381 1707 4452 ἀδόκιμον
1771 4380 1805 4452 ἢ

256 4496 398 4542 πωςὲ

321 4569 484 4622 ΚΥΡ.
536 4566 763 4637 Ἀκριϐῆ
806 4566 898 4618 καὶ
931 4563 1297 4635 ἐγηγερμένον
1344 4561 1507 4626 ἐνιεὶς
1555 4561 1645 4615 τὸν
1686 4560 1809 4617 νοῦν

259 4661 361 4721 τοῖς
396 4656 828 4728 Γεγραμμένοις,
862 4656 984 4726 εῐσῃ
1007 4671 1089 4707 τοι
1118 4653 1180 4706 τὸ
1209 4651 1430 4722 ἀληθές.
1477 4651 1813 4720 ’Λπογράφε-

255 4765 338 4801 ται
358 4749 468 4820 γὰρ
499 4748 620 4817 οὐχὶ
639 4747 700 4800 τὸ
725 4748 781 4800 ἐν
802 4746 913 4819 ἥϐῃ
940 4746 1116 4816 μόνον,
1147 4743 1242 4796 καί
1268 4744 1325 4795 ἐν
1346 4741 1455 4794 ἔτει
1480 4742 1558 4812 τῷ
1587 4741 1812 4812 εἰκοστῷ

1970 1015 2166 1077 PALL.
2198 1017 2342 1090 Ergo
2374 1019 2431 1074 in
2462 1018 2633 1092 ﬁgura
2676 1020 2846 1091 Moysi
2871 1027 2927 1076 et
2969 1021 3175 1086 Aaron,
3197 1037 3295 1091 per
3325 1022 3481 1081 Chri-

1902 1116 2049 1164 stum
2078 1107 2199 1163 ﬁeri
2228 1118 2391 1181 putas
2417 1109 2841 1182 descriptionem
2890 1125 2956 1166 ac
2986 1126 3212 1167 censum
3236 1112 3480 1169 virorum

1903 1199 2169 1254 fortium?

1974 1290 2131 1346 CYR.
2165 1290 2242 1345 Ita
2279 1306 2479 1348 censeo
2510 1308 2523 1347 :
2559 1292 2628 1347 ad
2657 1292 2801 1347 hanc
2824 1307 3063 1363 namque
3092 1293 3364 1363 eponendi
3388 1310 3476 1349 ra-

1906 1382 2110 1439 tionem
2144 1382 2291 1439 haud
2323 1384 2673 1454 improbabili
2718 1385 3033 1456 conjectura
3084 1400 3186 1441 nos
3227 1385 3479 1455 perducit

1905 1472 2041 1530 illud
2069 1472 2217 1543 quod
2246 1481 2331 1528 est
2360 1472 2506 1543 apud
2538 1474 2839 1530 Danielem:

1974 1562 2172 1627 PALL,
2203 1561 2488 1629 Quodnam
2518 1563 2655 1619 illud
2684 1565 2809 1620 est?

1974 1652 2133 1709 CYR.
2163 1653 2577 1726 Contemplatus
2605 1662 2691 1712 est
2718 1656 2867 1711 enim
2896 1656 2986 1711 ille
3022 1663 3278 1730 tanquam
3318 1658 3477 1714 senili

1904 1750 2064 1801 aetate
2092 1745 2342 1811 Patrem,
2376 1746 2606 1802 candida
2647 1748 2872 1803 caesarie
2906 1760 3189 1817 ρος-..ριιιηι
3210 1788 3225 1814 ,
3275 1750 3477 1805 vestitu

1905 1834 2046 1890 nivis
2083 1834 2255 1891 instar
2280 1836 2514 1891 candido
2556 1838 2865 1909 insignem,
2922 1837 3172 1908 dixitque
3204 1855 3218 1892 :
3258 1857 3277 1890 ι
3322 1839 3476 1895 Libri

1914 1926 2087 1996 aperti
2120 1936 2247 1982 sunt
2273 1936 2331 1984 et
2347 1929 2617 2000 judicium
2644 1931 2809 1997 sedit,
2844 1931 3053 1987 etvidi.
3075 1932 3143 1987 Et
3179 1947 3307 1988 ecce
3345 1948 3471 1988 cum

1905 2018 2147 2074 nubibus
2168 2020 2296 2075 coeli
2329 2029 2392 2076 ut
2416 2020 2589 2078 Filius
2610 2021 2855 2078 hominis
2882 2022 3161 2088 veniebat,
3208 2031 3266 2078 et
3301 2038 3475 2093 usque

1911 2108 1979 2165 ad
2001 2109 2300 2180 Antiquam
2329 2111 2547 2169 dierum
2587 2114 2862 2184 pervenit,
2920 2122 2978 2169 et
3026 2114 3081 2169 in
3120 2120 3474 2184 conspectum

1904 2201 2024 2271 ejus
2040 2201 2340 2271 perductus
2355 2212 2461 2269 est,
2485 2209 2543 2258 et
2583 2204 2688 2273 ipsi
2739 2203 2900 2259 datus
2932 2213 3018 2260 est
3047 2203 3388 2274 principatus
3421 2212 3478 2260 et

1905 2290 2100 2358 honor,
2120 2300 2177 2347 et
2212 2306 2441 2363 regnum
2456 2293 2521 2346 ".
2552 2311 2571 2344 ι
2606 2292 2741 2347 Cum
2761 2292 2908 2348 enim
2937 2294 3029 2349 ille
3059 2293 3381 2364 Unigenitus
3420 2294 3475 2349 in

1906 2392 2090 2438 nostra
2109 2382 2291 2452 specie
2303 2382 2478 2439 factus
2494 2390 2599 2450 est,
2618 2391 2750 2439 tunc
2778 2393 2835 2439 ει
2854 2385 3026 2439 libros
3050 2384 3263 2454 aperuit
3294 2385 3474 2450 Pater,

1906 2479 1963 2529 et
1991 2473 2059 2527 ab
2080 2473 2148 2530 iis
2160 2472 2494 2546 judicandis,
2524 2474 2618 2545 qui
2641 2474 2721 2530 rei
2744 2485 3095 2545 peccatorum
3129 2487 3305 2542 erant,
3343 2493 3476 2533 con-

1906 2564 2116 2634 quievit
2154 2582 2168 2618 :
2208 2572 2531 2635 potestatem
2583 2581 2804 2637 quoque
2853 2566 2983 2622 fecit
3030 2566 3269 2624 fortibus
3311 2568 3470 2633 viris,

1906 2670 2014 2727 qua
2069 2655 2179 2711 illis
2209 2656 2407 2711 liceret
2458 2656 2719 2721 describi,
2754 2671 2819 2713 ac
2890 2656 3110 2727 superis
3142 2655 3255 2712 illis
3292 2655 3478 2714 choris

1906 2747 2277 2813 annumerari,
2301 2756 2358 2803 et
2387 2747 2487 2804 Dei
2515 2748 2780 2803 memoria
2799 2748 3093 2803 contineri.
3129 2747 3270 2803 Audi
3309 2747 3477 2804 etiam

1907 2837 2126 2893 beatum
2161 2838 2333 2893 David
2368 2839 2693 2908 psallentem
2730 2838 2799 2894 de
2844 2839 2933 2905 iis,
2983 2839 3077 2909 qui
3107 2838 3163 2895 in
3198 2838 3477 2895 Christum

1907 2929 2225 2985 debacchati
2264 2936 2393 2991 sunt
2433 2947 2447 2983 :
2491 2948 2508 2980 ι
2548 2929 2845 2985 Deleantur
2881 2929 2951 2985 de
2989 2929 3134 2985 libro
3151 2928 3476 2995 viventium,

1906 3028 1966 3077 et
2000 3037 2123 3076 cum
2138 3021 2307 3091 justis
2339 3035 2452 3073 non
2489 3020 2798 3076 scribantur
2817 3020 2880 3073 ⁸⁸.
2909 3038 2929 3071 ι
2965 3019 3299 3077 Exciderunt
3331 3018 3477 3074 enim

1908 3112 2225 3170 inﬁrmitate
2257 3111 2508 3180 rationis,
2549 3118 2606 3166 et
2640 3126 2672 3166 a
2704 3110 2907 3173 Christi
2925 3110 3339 3166 conversatione
3367 3125 3479 3180 prze

1910 3204 2123 3275 ignavia
2159 3210 2405 3265 extorres
2437 3200 2569 3263 facti
2621 3208 2770 3266 sunt,
2810 3216 2935 3255 cum
2990 3200 3185 3259 iisdem
3243 3199 3478 3270 benigna

1910 3296 2274 3364 clementique
2310 3293 2407 3359 Dei
2426 3301 2481 3349 et
2517 3293 2695 3351 Patris
2743 3292 3022 3346 voluntate
3054 3291 3230 3345 honor
3264 3290 3479 3345 delatus

1910 3398 2089 3447 esset:
2124 3387 2303 3444 vocati
2337 3401 2575 3455 namque
2612 3391 2740 3439 sunt
2757 3383 2825 3438 ad
2860 3381 3105 3455 nuptias,
3144 3381 3480 3453 negligenter

1910 3490 2094 3538 autem
2131 3480 2467 3549 remisseque
2508 3477 2713 3535 sanctis
2760 3473 3146 3530 invitatoribus
3184 3472 3480 3543 responde-

1912 3578 2062 3637 runt,
2094 3571 2359 3634 dicentes,
2398 3584 2542 3627 unus
2574 3566 2797 3638 quidem
2822 3605 2836 3631 ,
2879 3579 3071 3635 agrum
3102 3579 3161 3618 se
3191 3563 3477 3628 coemisse,

1911 3665 2050 3720 alter
2075 3678 2207 3717 vero
2253 3675 2479 3716 uxorem
2514 3658 2756 3723 duxisse,
2785 3673 2888 3711 nec
2924 3672 3083 3725 posse
3114 3656 3322 3711 venire.
3362 3654 3479 3713 Au-

1911 3751 1996 3806 dis
2025 3750 2228 3819 ubique
2260 3764 2355 3803 eos
2373 3748 2555 3801 dicere
2579 3764 2591 3798 :
2613 3747 2733 3800 Non
2776 3760 2998 3815 possum
3018 3745 3062 3777 "
3100 3744 3338 3799 :etenim
3370 3743 3475 3798 hu-

1910 3857 2105 3898 manus
2123 3842 2337 3897 animus
2374 3839 2440 3894 ad
2478 3837 2667 3893 mundi
2704 3837 3014 3907 voluptates
3048 3848 3356 3906 propensus
3393 3833 3476 3888 in-

1913 3935 2100 3988 firmus
2136 3940 2221 3987 est
2267 3940 2320 3986 et
2379 3929 2651 3984 invalidus
2711 3928 2777 3982 ad
2834 3943 2899 3983 ea
2958 3925 3307 3997 exsequenda
3354 3942 3478 3995 quae

1910 4026 2007 4080 Dei
2027 4031 2157 4081 sunt
2188 4041 2202 4078 :
2242 4023 2387 4079 idem
2413 4037 2578 4093 porro
2611 4021 2718 4078 erit
2748 4019 2922 4077 divini
2955 4019 3305 4089 cmlestisque
3343 4034 3476 4073 eon-

1911 4115 2043 4170 vivii
2081 4130 2297 4186 expers.

1979 4204 2176 4260 PALL.
2199 4204 2311 4259 Soli
2339 4203 2506 4274 igitur
2524 4201 2696 4257 adulti
2724 4210 2780 4258 et
2798 4200 2969 4256 fortes
2990 4199 3119 4263 viri,
3153 4205 3209 4252 et
3236 4196 3475 4267 pruden-

1914 4297 1987 4353 tia
2003 4298 2112 4366 jam
2130 4295 2329 4358 ornati,
2352 4294 2409 4348 in
2436 4292 2534 4347 Dei
2566 4291 2938 4361 descriptione
2974 4298 3292 4351 censentur,
3331 4294 3387 4339 et
3423 4285 3477 4339 in

1914 4387 2055 4440 libro
2070 4386 2214 4451 vitaz;
2235 4384 2436 4453 quique
2457 4382 2681 4439 minime
2699 4378 2968 4450 ejusmodi
2988 4385 3133 4443 sunt,
3169 4391 3360 4431 omnes
3381 4375 3479 4428 im-

1914 4476 2233 4546 probantur,
2253 4490 2320 4527 an
2346 4472 2545 4528 secus?

1990 4565 2151 4639 1,ῙῆΙ
2180 4564 2338 4619 CYR.
2391 4562 2448 4617 Si
2481 4569 2735 4629 accurate
2770 4559 3168 4632 vigilanterque
3200 4555 3268 4612 ad
3294 4554 3478 4624 Scrip-

1916 4668 1972 4714 tu
1980 4673 2091 4712 ram
2101 4656 2339 4711 animum
2356 4652 2679 4721 intenderis,
2697 4650 2970 4721 intelliges
2981 4649 3226 4720 profecto
3242 4647 3371 4720 quid
3388 4661 3480 4701 ve-

1916 4764 2039 4804 rum
2071 4748 2160 4803 sit.
2181 4745 2519 4817 Describitur
2537 4744 2774 4813 namque
2805 4756 2913 4797 non
2935 4740 3110 4795 solum
3147 4738 3240 4808 qui
3261 4737 3479 4793 adultus

258 4840 510 4907 γεγονὸς,
540 4838 938 4909 προστέτακται
967 4837 1023 4890 δὲ
1081 4837 1193 4900 ὅτι,
1231 4837 1337 4887 πᾶν
1375 4834 1566 4905 ἄρσεν.
1611 4835 1682 4891 Ἢ
1709 4835 1808 4889 οὐκ

1911 4849 2014 4905 est,
2028 4846 2188 4908 atque
2199 4851 2403 4899 annum
2416 4842 2576 4899 natus
2591 4831 2934 4903 vigesimum,
2947 4830 3042 4885 sed
3059 4828 3237 4884 omnis
3251 4826 3478 4883 masculi

256 4931 448 4999 ἐννοεῖς
478 4928 514 4983 δι
532 4928 703 4997 λέγω;

320 5106 521 5159 ΙΙᾹΛΛ.
546 5104 798 5175 Συνίημι.

320 5204 480 5256 ΚΥΡ.
515 5205 757 5269 Οὐκοῦν,
797 5206 845 5257 εί
894 5204 990 5273 μὲν
1016 5204 1115 5274 τῆς
1161 5205 1218 5257 ἐν
1252 5203 1474 5273 Χριστῷ
1518 5200 1813 5271 νοουμένης

256 5293 486 5363 ἀνδρίας,
516 5296 611 5349 καὶ
635 5298 661 5349 ὁ
682 5296 788 5348 τῶν
817 5296 1136 5365 ἐπιτηδείων
1159 5297 1236 5358 είς
1255 5295 1315 5348 τὸ
1335 5294 1591 5348 δύνασθαι
1616 5310 1813 5363 κατορ-

218 5380 375 5438 ’θοῦν
425 5382 484 5439 εῦ
541 5386 684 5457 μάλα
729 5387 829 5456 τὴν
873 5387 1076 5457 ἀρετὴν
1121 5386 1533 5456 περιεργάζοιτο
1577 5385 1806 5455 τρόπος,

1916 4930 2180 5000 imperata
2217 4934 2302 4981 est
2324 4924 2643 4994 descriptio.
2681 4921 2765 4977 An
2808 4929 2865 4977 tu
2899 4936 3090 4993 parum
3131 4919 3263 4991 quid
3299 4919 3477 4976 dicam

1914 5019 2220 5091 intelligis?

1984 5111 2179 5165 PALL.
2203 5106 2470 5178 Intelligo.

1983 5201 2139 5257 CYR.
2181 5200 2237 5256 Si
2275 5199 2442 5270 igitur
2474 5213 2599 5253 cum
2624 5195 2968 5252 fortitudinis
3020 5194 3280 5249 duntaxat
3332 5190 3479 5246 illius

1910 5308 2031 5362 qua:
2050 5292 2105 5346 in
2120 5291 2338 5346 Christo
2359 5290 2706 5359 intelligitur,
2735 5298 3004 5342 eteorum
3029 5285 3122 5353 qui
3152 5283 3330 5341 idonei
3349 5295 3479 5339 sunt

1909 5385 1977 5440 ad
1997 5399 2220 5439 munera
2256 5382 2480 5437 virtutis
2516 5380 2867 5448 exsequenda
2902 5377 3100 5435 modus
3134 5375 3472 5446 exquiritur,

261 5475 391 5527 ίδίαν
420 5476 597 5540 ἕξουσι
647 5478 747 5545 τὴν
790 5477 1149 5547 ἀπογραφὴν,
1184 5478 1233 5528 οἱ
1270 5478 1414 5545 ,πρὸς
1465 5476 1622 5529 τοῦτο
1651 5474 1808 5545 δόξης

1908 5493 2057 5532 suam
2085 5475 2163 5530 illi
2182 5474 2606 5543 descriptionem
2641 5469 2885 5525 habituri
2923 5476 3070 5534 sunt,
3106 5467 3200 5538 qui
3237 5466 3304 5522 ad
3335 5467 3475 5522 hanc

262 5568 562 5635 ἐλάσαντες,
594 5572 668 5635 ὡς
692 5572 920 5642 ἀνδρεῖοί
946 5590 1003 5624 τε
1046 5571 1144 5640 ἥδη
1169 5571 1260 5622 καὶ
1291 5568 1682 5640 μαχιμώτατοι,
1714 5567 1805 5621 καὶ

1908 5569 2129 5638 gloriam
2150 5562 2724 5635 pervencrint,quippe
2744 5561 2840 5630 qui
2859 5559 3028 5615 fortes
3043 5562 3153 5632 jam
3176 5560 3304 5628 sint,
3327 5567 3380 5614 et
3400 5556 3471 5613 ad

327 5746 527 5803 6“I’sal.
561 5764 741 5815 χχχιιι,
783 5749 832 5803 8.
913 5750 954 5781 ετ
987 5748 1174 5815 Daniel
1208 5764 1303 5814 vn,
1348 5748 1428 5816 l0,
1458 5749 1539 5817 l5,
1571 5749 1653 5804 M.
1732 5750 1773 5781 ⁸⁸

1908 5750 1953 5803 ι1.
1994 5763 2171 5815 vanl,
2196 5748 2281 5804 ‘29.
2360 5747 2401 5779 ⁶⁹
2432 5746 2564 5801 Luc.
2613 5761 2719 5814 xw,
2758 5744 2849 5799 20.
