4082 6304
465 365 574 425 315
1461 371 1515 429 S.
1555 375 1830 434 CYRILL-l
1867 379 2336 442 ALEXANDRINI
2372 387 2688 449 ARCHIEP.
3605 393 3712 451 51ιὶ

469 494 704 551 pugnam
724 480 1137 550 promptissimi,
1181 490 1235 538 et
1268 497 1487 538 sensum
1517 489 1786 556 puerilem
1825 506 2029 560 supera-

2150 501 2486 573 μειρακιώδη
2533 505 2793 576 φρόνησιν
2838 505 3294 578 ὑπερϐεϐηκότες,
3341 509 3462 579 οὒχὶ
3496 509 3712 582 ἑκάστῳ

470 568 599 634 rint,
622 571 1055 637 nonne,Palladi,
1077 574 1328 643 quisquis
1347 576 1520 630 nostri
1556 578 1749 634 similis
1777 579 1964 647 fuerit,
1984 583 2029 636 ei

2143 568 2257 641 τῶν
2293 591 2411 644 καθ’
2433 568 2587 663 ἡμᾶς’
2623 568 2914 666 ἀρ’μόσειεν
2947 568 3056 664 ἀν,
3179 568 3596 668 ὲτάίρείλτόπος
3626 568 3710 666 τις

465 675 684 730 quoque
709 661 862 716 locus
885 662 1083 732 aliquis
1101 663 1488 735 descriptionis
1506 675 1562 722 et
1581 671 1768 740 gloriae
1785 674 2029 743 proprius

2144 677 2272 744 ἴδιός
2300 699 2360 734 τε
2404 661 2498 736 καλ
2544 661 2770 755 πρέπων
2801 661 3130 759 ἀπογραφῆς
3167 689 3262 743 καὶ
3289 661 3466 760 δόξης,
3501 661 3708 762 τῇτῶ

465 765 530 804 ac
584 751 786 807 decens
833 755 1144 819 conveniet,
1205 756 1301 826 qui
1339 773 1466 812 cum
1511 769 1784 830 gestarum
1851 778 2029 818 rerum

2142 767 2433 842 δρωμένων
2469 751 2812 847 λαμπρότητι
2846 751 3350 850 συμμετρούμενοςς

466 842 762 911 splendore
797 847 1148 915 coaequetur?

534 932 730 987 PALL.
753 935 966 989 Fateor.

533 1021 690 1078 CYR.
717 1025 906 1095 Neque
932 1025 1079 1081 enim
1101 1026 1158 1081 in
1195 1039 1507 1084 sanctorum
1529 1033 1900 1100 apostolorum
1927 1049 2033 1087 nu-

466 1127 618 1168 mero
659 1131 904 1186 unquam
963 1118 1072 1174 erit
1109 1119 1206 1190 qui
1247 1119 1470 1177 illorum
1517 1122 1803 1180 dissimilis
1838 1125 2032 1193 fuerit;

465 1204 709 1272 minime,
732 1207 974 1278 inquam.

537 1296 732 1350 PALL.
755 1299 835 1353 Ita
869 1307 972 1354 est.

533 1384 692 1441 CYR.
731 1387 919 1456 Neque
956 1403 1088 1443 vero
1117 1387 1253 1443 illud
1285 1405 1478 1446 rursus
1513 1391 1830 1456 asserimus,
1868 1408 2032 1462 quem

462 1475 690 1543 gradum
719 1478 955 1532 assecuti
993 1485 1124 1532 sunt
1149 1481 1324 1534 sancti
1355 1481 1607 1537 homines
1627 1482 1687 1546 ii,
1727 1483 1822 1552 qui
1842 1485 2034 1540 multis

460 1565 726 1618 virtutum
749 1568 1042 1636 generibus
1064 1569 1313 1623 illustres
1339 1570 1632 1625 admodum
1681 1572 1924 1640 fuerint,
1967 1591 2032 1630 ac

2214 951 2424 1004 ΠΑΛΛ.
2454 953 2619 1024 Φημί.

2210 1039 2374 1095 ΚΥΡ.
2406 1044 2481 1096 Οὐ
2513 1045 2621 1116 γάρ
2651 1045 2709 1098 ἕν
2755 1063 2818 1115 γε
2859 1050 2972 1112 τοῖς
3015 1049 3188 1118 ἁγίοις
3223 1049 3537 1114 ἀποστόλοις
3561 1051 3591 1104 ὁ
3628 1049 3706 1122 μὴ

2139 1129 2260 1180 κατ’
2291 1130 2491 1195 αὐτοὺς
2512 1131 2663 1187 ἔσται
2694 1135 2876 1189 ποθέν
2925 1138 3120 1192 πολλοῦ
3147 1156 3211 1208 γε
3239 1139 3331 1192 καὶ
3356 1139 3454 1194 δεῖ.

2203 1316 2413 1372 ΠΑΛΛ.
2465 1316 2707 1393 Ἀληθές.

2201 1408 2366 1464 ΚΥΡ.
2409 1406 2534 1465 Οὐδ’
2568 1409 2636 1468 αὖ
2666 1417 2841 1472 ἐκεῖνό
2877 1435 3078 1490 φαμεν,
3110 1420 3187 1484 ὡς
3229 1424 3342 1486 τοῖς
3374 1422 3515 1492 ἄγαν
3545 1425 3704 1481 ἐκλε-

2131 1494 2574 1569 λαμπρυσμὲνοις
2615 1503 2682 1556 ἐκ
2715 1505 3024 1571 πολυειδοῦς
3055 1509 3278 1581 ἀρετῆς,
3303 1513 3396 1566 καὶ
3422 1512 3536 1583 βίου
3570 1531 3702 1570 κατ-

2131 1584 2364 1675 όρθωσιν
2425 1588 2526 1658 τὴν
2602 1591 2985 1666 ἐννομωτάτην
3055 1583 3455 1670 ἐπησκηκόσιν,
3527 1606 3556 1657 ὀ
3625 1603 3704 1675 μὴ

459 1657 678 1712 vivendi
719 1659 987 1714 rationem
1007 1661 1114 1731 legi
1134 1662 1335 1717 divina:
1354 1663 1588 1718 maxime
1608 1673 2029 1722 consentaneam

2129 1672 2370 1740 τοιοῦτος
2400 1657 2808 1746 συντετάξεται,
2833 1657 3232 1758 κληρονομήσει
3259 1657 3319 1743 δὲ
3349 1657 3455 1758 ὅτι,
3473 1657 3703 1746 κατά1τί

459 1745 748 1812 coluerint,
767 1749 1018 1803 eumdem
1051 1750 1279 1820 gradum
1317 1758 1694 1806 assecuturum
1725 1768 1852 1808 eum
1889 1773 2029 1826 quo-

2131 1761 2261 1817 τδιον
2288 1765 2486 1836 μέτρον
2501 1807 2517 1833 ,
2535 1770 2632 1823 οὐκ
2659 1771 2997 1842 ἀσυμφανές.

459 1853 567 1908 que
597 1839 690 1908 qui
729 1840 952 1898 minime
991 1843 1260 1911 ejusmodi
1307 1843 1506 1910 fuerit;
1545 1845 1641 1900 sed
1677 1861 1797 1902 eam
1841 1855 2020 1906 tamen
2062 1853 2249 1924 gloriae
2267 1859 2580 1928 portionem
2600 1862 2936 1932 habiturum,
2959 1885 3080 1938 quae
3121 1886 3233 1927 suae
3285 1889 3557 1929 mensura:
3610 1892 3696 1931 re-

457 1931 742 2000 spondeat,
766 1947 876 1986 non
894 1941 979 1986 est
997 1935 1313 1988 obscurum.

529 2019 724 2074 PALL.
768 2022 934 2078 Recte
971 2023 1128 2078 dicis.

525 2109 684 2166 CYR.
715 2111 888 2184 Igitur
925 2115 980 2168 in
1001 2130 1067 2170 eo
1104 2115 1251 2186 quod
1288 2115 1564 2174 credimus
1599 2118 1654 2172 in
1694 2119 2030 2177 Salvatorem

457 2203 840 2260 universorum
889 2222 952 2262 ac
989 2207 1432 2278 Redemptorem,
1473 2219 1528 2266 et
1561 2227 1662 2282 per
1697 2213 2029 2283 baptismum

458 2294 604 2350 illam
633 2297 852 2352 coalitus
869 2313 932 2352 ac
961 2314 1201 2368 superne
1217 2300 1402 2355 datam
1423 2301 1801 2358 fortitudinem
1839 2321 2031 2362 conse-

458 2387 571 2440 cuti
629 2403 873 2452 sumus;
912 2389 1088 2444 induti
1153 2406 1389 2461 namque
1454 2407 1645 2449 sumus
1701 2395 1908 2452 virtute
1962 2413 2030 2452 ex

456 2477 567 2531 alto
598 2479 681 2544 ⁷ο,
723 2477 971 2548 (Spiritu
1022 2480 1234 2536 scilicet
1277 2483 1450 2537 notati
1506 2491 1669 2554 atque
1721 2485 2024 2558 insigniti),

457 2576 684 2626 eatenus
703 2573 858 2626 relati
880 2590 980 2629 nos
995 2591 1214 2646 quoque
1247 2591 1438 2633 sumus
1458 2578 1516 2632 in
1555 2579 1920 2635 masculorum
1940 2597 2030 2635 or-

457 2659 641 2716 dinem
661 2679 724 2718 ae
741 2679 1054 2732 numerum,
1076 2677 1133 2722 et
1152 2668 1205 2722 in
1226 2669 1320 2724 Dei
1342 2669 1486 2724 libro
1521 2671 1797 2727 recensiti.
1819 2672 1917 2726 Est
1951 2680 2031 2728 ta-

457 2765 582 2805 men
604 2755 863 2808 nonnulla
884 2755 974 2812 hic
993 2773 1209 2828 quoque
1245 2758 1528 2814 distinctio
1551 2779 1563 2812 :
1588 2761 1749 2831 primi
1787 2777 2027 2832 namque

457 2841 861 2910 quodammodo
889 2846 944 2901 in
973 2847 1076 2903 hac
1125 2849 1493 2920 descriptione
1521 2851 1775 2906 collocati
1807 2861 1933 2908 sunt
1961 2869 2030 2910 ac

457 2930 704 3000 proxime
723 2934 792 2988 ad
811 2935 984 2990 Deum
1025 2938 1300 2993 accedunt
1334 2939 1428 3008 qui
1451 2941 1776 2997 sacratiores
1806 2952 1934 2998 sunt
1964 2959 2029 2999 ac

457 3023 778 3080 sanctiores.
811 3025 1069 3092 Quamvis
1083 3029 1232 3084 enim
1254 3047 1362 3085 una
1384 3032 1457 3086 sit
1493 3032 1548 3086 in
1566 3030 1844 3088 Christum
1867 3034 2026 3102 fides,

455 3129 566 3168 non
591 3129 782 3172 omnes
799 3123 978 3172 tamen
1003 3119 1190 3175 ﬁdeles
1209 3137 1366 3190 pares
1385 3129 1512 3176 sunt
1554 3139 1768 3178 morum
1805 3140 1870 3180 ac
1901 3125 2028 3180 vitae

2055 2041 2099 2097 Β
2199 2036 2405 2092 ΠΑΛΛ.
2457 2037 2662 2108 Ὀρθῶς
2692 2041 2846 2114 ἔφης.

2202 2127 2366 2182 ΚΥΡ.
2401 2129 2632 2196 Οὐκοῦν,
2671 2131 2805 2186 καθὸ
2851 2133 3290 2207 πεπιστεύκαμεν
3337 2138 3418 2202 είς
3463 2137 3556 2193 τὸν
3589 2137 3705 2196 τῶν

2130 2217 2268 2272 ὅλων
2301 2220 2532 2294 Σωτῆρα
2553 2223 2648 2278 καὶ
2687 2225 3003 2296 Λυτρωτὴν,
3033 2227 3130 2282 καὶ
3155 2227 3241 2282 διά
3261 2229 3353 2282 τοῦ
3387 2228 3702 2300 βαπτίσμα-

2120 2326 2220 2392 τος
2242 2311 2342 2382 τὴν
2384 2312 2442 2380 ἐξ
2481 2313 2712 2385 οὐρανοῦ
2757 2316 2852 2370 καὶ
2883 2318 3091 2372 ἀνωθεν
3120 2320 3274 2390 ίσχὺν
3316 2320 3696 2392 πεπλουτήκα·

2129 2417 2229 2470 μεν
2255 2416 2269 2430 ·
2329 2402 2699 2475 ἐνεδυσάμεθα
2733 2405 2842 2478 γὰρ
2887 2409 2988 2481 τὴν
3027 2409 3086 2476 ἐξ
3124 2409 3294 2480 ὕψους
3359 2411 3590 2483 δύναμιν
3619 2414 3702 2485 τῷ

2129 2491 2302 2564 ἁγίῳ·
2343 2497 2878 2568 κατεσφραγισμένοι
2916 2501 3216 2574 Πνεύματι,
3276 2503 3568 2576 τεθείμεθα
3605 2507 3701 2562 καὶ

2130 2584 2294 2654 ἡμεῖς
2315 2586 2391 2650 ὡς
2419 2587 2477 2639 ἐν
2514 2587 2758 2659 ἀρσένων
2783 2591 2932 2656 τάξει
2953 2609 3014 2645 τε
3049 2594 3142 2649 καὶ
3171 2594 3335 2666 λόγῳ,
3359 2595 3455 2649 καὶ
3479 2597 3701 2650 κατελο-

2129 2677 2396 2748 γίσθημεν
2422 2679 2480 2731 ἐν
2523 2679 2690 2751 βίϐλῳ
2715 2681 2870 2738 Θεοῦ.
2905 2683 3050 2756 Πλὴν
3079 2684 3192 2739 ἔστι
3214 2705 3296 2752 τις
3333 2688 3561 2744 κάνθάδε
3591 2691 3702 2744 δια-

2129 2766 2289 2837 φορά.
2337 2767 2551 2838 Πρῶτοι
2593 2769 2702 2840 γὰρ
2724 2769 2912 2843 ῶσπερ
2942 2775 3000 2836 ἐν
3043 2775 3370 2848 ἀπογραφῇ,
3403 2778 3498 2832 καὶ
3528 2779 3700 2850 ἀγχοῦ

2128 2855 2262 2910 Θεοῦ
2311 2859 2510 2928 μᾶλλον
2555 2861 2605 2913 oi
2654 2860 2932 2932 ἱερώτεροί
2979 2880 3038 2916 τε
3081 2865 3177 2918 καὶ
3221 2866 3532 2940 ἀγιώτεροι.
3583 2867 3700 2922 Μία

2131 2948 2232 3019 μὲν
2261 2950 2294 3020 ἠ
2329 2950 2510 3015 πίστις
2553 2953 2586 3022 ἡ
2638 2954 2718 3015 είς
2758 2955 3010 3024 Χριστόν·
3045 2955 3218 3027 πλὴν,
3245 2958 3340 3028 οὑχ
3370 2959 3608 3022 ἅπαντες
3645 2961 3702 3013 oi

2127 3042 2552 3106 πεπιστευκότες
2579 3043 2637 3098 ἐν
2680 3046 2851 3117 ὁμοίῳ
2883 3048 2975 3100 καὶ
3017 3047 3116 3118 ἴσῳ
3144 3049 3330 3120 τρόπῳ
3373 3050 3434 3104 τέ
3465 3053 3570 3104 είσι
3603 3050 3704 3104 καὶ

2129 3131 2249 3204 βίῳ,
2275 3133 2389 3187 ἀλλ’
2421 3136 2470 3187 οί
2503 3136 2632 3205 μὲν,
2661 3135 2853 3202 οὕτως·
2883 3139 2932 3191 οἱ
2979 3137 3035 3192 δέ
3073 3136 3265 3204 οὕτως,
3297 3141 3438 3194 κατὰ
3472 3142 3571 3212 τὴν
3599 3143 3698 3194 τοῦ

454 3213 684 3269 genere;
711 3203 807 3258 sed
829 3205 920 3259 alii
961 3207 1184 3275 quidem
1204 3207 1305 3274 sic,
1335 3209 1429 3264 alii
1463 3225 1595 3266 vero
1615 3212 1712 3277 sic,
1752 3220 1814 3266 ut
1832 3213 2026 3270 beatus

2130 3203 2402 3295 μακαρίου
2430 3203 2644 3279 Παύλου
2671 3229 2874 3298 φωνήν.
2901 3229 3128 3296 Οὐκοῦν,
3150 3231 3200 3282 οί
3233 3231 3330 3301 μὲν
3355 3229 3468 3301 βίου
3501 3203 3698 3302 σεμνός

453 3291 656 3349 Paulus
673 3297 833 3350 ait".
871 3297 1044 3368 Igitur
1064 3300 1158 3370 qui
1191 3301 1317 3356 vine
1345 3303 1609 3372 gravitate
1645 3305 1857 3359 caeteris
1883 3321 2025 3375 pra:-

2128 3291 2250 3384 τητι
2287 3291 2652 3386 προῦχοντες,
2682 3291 2984 3391 -άγιῶτεροι
3032 3291 3438 3390 δέξδιάποῦτο,
3473 3291 3698 3394 πρωτην

453 3391 618 3450 stant,
657 3387 891 3458 ideoque
927 3396 1057 3443 sunt
1087 3391 1414 3457 sanctiores,
1456 3393 1695 3462 primum
1733 3394 1788 3448 in
1817 3394 2026 3449 descri-

2128 3381 2469 3476 ἔχουσι
2501 3381 2656 3474 τάξιν
2712 3381 2769 3461 ἐν
2819 3381 3113 3482 ἀπογραφῇ
3165 3381 3230 3483 τῆ
3285 3381 3437 3484 θεία,
3491 3381 3585 3466 καὶ
3635 3381 3698 3467 ἐν

453 3475 640 3543 ptionc
661 3479 845 3533 divina
865 3495 930 3536 ac
963 3481 1063 3536 Dei
1101 3484 1477 3538 monumentis
1499 3485 1679 3538 locum
1707 3495 1927 3540 tenent:
1971 3495 2028 3542 at

2128 3497 2312 3567 μνήμῃ
2369 3475 2526 3550 θεοῦ·
2563 3501 2612 3552 οἱ
2657 3496 2798 3550 δέ-τὺ
2838 3475 2986 3570 μεῖον
3039 3475 3272 3572 siem},
3307 3475 3695 3572 ἐν’ἀγιασμῷ,

455 3564 509 3637 in
530 3569 731 3638 quibus
757 3570 937 3625 minor
956 3580 1041 3627 est
1054 3572 1334 3638 sanctitas,
1354 3589 1422 3629 eo
1440 3575 1559 3645 ipso
1577 3577 1720 3646 quod
1741 3576 2028 3633 inferiores

2341 3588 2490 3657 μεῖον
2522 3589 2576 3643 ἐν
2609 3589 2800 3660 ἀρετῇ,
2834 3564 3212 3662 δεύτεροῖπου
3251 3564 3470 3657 πάντως
3511 3564 3605 3647 καὶ

453 3657 652 3715 virtute
675 3668 822 3724 sunt,
845 3663 1148 3718 secundum
1164 3665 1354 3734 procul
1375 3665 1544 3723 dubio
1567 3667 1624 3722 in
1645 3667 2027 3738 descriptioni-
2123 3674 2496 3747 ἀπογραφαῖς.

453 3748 557 3805 bus
576 3751 756 3806 locum
775 3751 1044 3809 obtinent.

523 3842 846 3898 PALL.Sed
865 3860 974 3914 qua
994 3845 1204 3902 ratione
1245 3847 1352 3902 hoc
1376 3847 1510 3903 item
1557 3847 1712 3920 115
1749 3848 1866 3906 ﬁeri
1901 3865 2026 3920 per-

453 3933 706 4001 spicuum
725 3935 940 4002 potest?

521 4021 676 4078 CYR.
707 4024 788 4080 Ab
810 4027 928 4095 ipso
950 4027 1210 4084 nimirum
1234 4029 1406 4100 ipsius
1424 4031 1720 4103 Scriptum
1766 4035 2018 4092 testimo-

2191 4029 2356 4083 ΚΥΡ.
2401 4029 2536 4082 Ἀπὸ
2564 4045 2627 4098 γε
2657 4027 2765 4082 τῶν
2795 4029 3218 4100 Γεγραμμένων.
3247 4031 3404 4084 Ἐστι
3433 4030 3538 4102 γὰρ
3560 4032 3696 4102 ἡμῖν

452 4115 585 4169 nio:
621 4129 798 4186 neque
824 4119 970 4172 enim
1018 4119 1074 4175 id
1123 4128 1328 4178 temere
1383 4123 1654 4181 dicimus:
1711 4143 1836 4182 nam
1898 4138 2023 4200 post

2128 4123 2181 4176 οὐ
2213 4121 2452 4194 προαλὴς
2485 4123 2514 4175 ὁ
2541 4121 2699 4192 λόγος
2718 4138 2734 4154 ο
2771 4121 2908 4193 μετά
2941 4124 3050 4194 γάρ
3080 4141 3163 4178 τοι
3193 4125 3293 4194 τὴν
3318 4125 3695 4197 ὲπαρίθμησιν

453 4202 599 4257 illam
631 4207 1124 4274 enumerationem,
1183 4225 1292 4280 qua
1333 4213 1606 4268 masculos
1653 4223 1818 4284 atque
1856 4231 2018 4288 vege-

2128 4213 2188 4284 ἢν
2219 4213 2313 4266 ἐπὶ
2335 4215 2446 4278 τοῖς
2481 4213 2676 4284 appear
2707 4231 2768 4268 τε
2807 4215 2902 4269 καὶ
2939 4216 3328 4287 ἀκμαιοτάτοις
3357 4217 3653 4288 ἐποιήσατο
3675 4260 3691 4280 ,

453 4296 610 4352 tioris
632 4297 808 4354 aetatis
839 4299 1087 4356 homines
1117 4304 1416 4369 recensuit,
1457 4305 1683 4360 modum
1726 4309 1888 4364 nobis
1931 4312 2015 4366 al-

2128 4301 2319 4372 τρόπον
2347 4303 2478 4372 ἡμῖν
2502 4301 2686 4372 ἕτερον
2711 4302 3038 4374 ἀπογραφῆς
3058 4302 3309 4356 διετύπου
3343 4303 3503 4356 πάλιν
3529 4304 3558 4356 ὀ
3583 4303 3694 4356 τῶν

452 4393 630 4440 terum
671 4385 1059 4459 descriptionis
1116 4391 1318 4447 iterum
1362 4380 1668 4465 designavit
1711 4397 1803 4454 ille
1827 4416 2017 4456 rerum

2128 4394 2254 4448 ὅλων
2284 4394 2436 4458 Θεός.
2469 4395 2622 4466 Ἔχει
2649 4395 2704 4448 δέ
2728 4395 2922 4460 οὕτως’
2963 4414 2982 4446 ι
3031 4395 3291 4464 Ἐλάλησε
3323 4395 3526 4466 Κύριος
3555 4394 3693 4466 πρὸς

451 4473 832 4531 universarum
855 4479 1021 4537 Deus.
1047 4479 1099 4536 ls
1123 4489 1306 4538 autem
1331 4483 1600 4554 ejusmodi
1619 4495 1706 4542 est
1733 4505 1749 4541 :
1789 4508 1808 4540 ‹
1840 4490 1910 4546 Et
1934 4490 2020 4545 lo-

2128 4485 2325 4556 Μωσῆν
2369 4487 2428 4540 ἐν
2473 4489 2536 4558 τῇ
2571 4487 2764 4558 ἐρήμῳ
2789 4487 2918 4560 Σινᾷ
2947 4487 3138 4556 λέγων’
3186 4488 3510 4558 Ἐπίσκεψαι
3564 4489 3696 4554 τοὺς

447 4573 610 4622 cutus
631 4577 718 4623 est
741 4569 1006 4630 Dominus
1028 4573 1098 4629 ad
1130 4575 1350 4648 Moysen
1375 4575 1432 4630 in
1457 4577 1680 4634 deserto
1707 4579 1878 4645 Sinai,
1929 4582 2016 4637 di-

2128 4577 2268 4639 υἱοὺς
2297 4577 2428 4630 Λευὶ
2461 4579 2581 4630 κατ’
2610 4577 2790 4641 οἴκους
2819 4579 3060 4648 πατριῶν
3091 4578 3289 4640 αὐτῶν,
3321 4576 3465 4631 κατὰ
3493 4593 3692 4646 συγγε-

447 4670 578 4712 cens
607 4675 622 4712 :
651 4657 890 4718 Numera
937 4663 1078 4720 filios
1126 4665 1257 4722 Levi
1305 4681 1408 4737 per
1446 4667 1640 4724 domos
1685 4669 2015 4727 familiarum

2128 4663 2266 4726 νείας
2298 4663 2511 4730 αὐτῶν,
2557 4665 2699 4719 κατά
2727 4666 2952 4736 δήμους.
2989 4667 3104 4720 Πᾶν
3129 4665 3412 4735 ἀρσενικὸν
3439 4665 3546 4719 ἀπὸ
3579 4683 3691 4736 μη-

447 4759 690 4812 suarum,
719 4763 821 4818 per
845 4753 1200 4821 cognationes
1243 4770 1392 4821 suas,
1416 4770 1516 4824 per
1539 4757 1806 4826 populos;
1851 4775 2015 4816 omne

2128 4755 2294 4807 νιαίου
2323 4755 2418 4808 καὶ
2448 4755 2632 4811 ἐπάνω
2655 4757 2944 4828 ἐπισκέψῃ
2971 4757 3186 4821 αὐτούς.
3210 4757 3320 4811 Καὶ
3345 4757 3692 4826 ἐπεσκέψατο

447 4833 810 4889 masculinum
829 4838 898 4891 ab
921 4855 1031 4893 uno
1055 4856 1238 4896 mense
1258 4851 1316 4898 et
1360 4858 1525 4914 supra
1545 4848 1867 4904 numerabis
1890 4866 2009 4906 eos.

2128 4845 2319 4908 αὐτοὺς
2349 4845 2378 4897 ὁ
2403 4845 2606 4915 Μωσῆς
2651 4844 2746 4898 καὶ
2801 4845 3006 4916 Ἀαρὼν
3038 4846 3126 4900 διὰ
3157 4846 3341 4916 φωνῆς
3374 4847 3600 4918 Κυρίου,
3627 4847 3689 4900 ὃν

450 4920 516 4974 Ει
541 4927 856 4980 numeravit
880 4944 974 4982 eos
1001 4930 1210 5001 Moyses
1251 4941 1306 4988 et
1329 4932 1513 4988 Aaron
1547 4950 1645 5004 per
1699 4950 1888 4992 vocem
1910 4940 2017 4994 Do-

2128 4933 2316 5002 τρόπον
2342 4932 2626 4998 συνέταξεν
2645 4933 2825 4997 αὐτοῖς
2846 4934 3068 5005 Κύριος.
3100 4955 3118 4986 ι
3150 4935 3454 5007 Γενομένης
3473 4937 3529 4990 δὲ
3549 4937 3691 4991 οὕτω

445 5012 602 5078 mini,
651 5017 1112 5084 quemadmodum
1155 5023 1412 5092 praecepit
1454 5025 1536 5079 eis
1583 5026 1847 5084 Dominus
1887 5031 1952 5083 τ’.
1986 5050 2004 5082 ι

2128 5024 2216 5093 τῆς
2252 5024 2579 5094 ἀπογραφῆς
2621 5024 2763 5078 κατά
2803 5024 3038 5097 δήμους,
3073 5027 3166 5081 καὶ
3202 5029 3324 5080 κατ’
3360 5029 3540 5092 οἴκους
3579 5045 3686 5082 πα-

446 5103 557 5160 llac
580 5105 951 5178 descriptione
1003 5109 1142 5164 facta
1197 5128 1293 5182 per
1327 5117 1558 5185 populos
1594 5127 1652 5173 et
1695 5133 1794 5188 per
1818 5121 2011 5176 domos

2128 5119 2302 5190 τριῶν,
2333 5118 2453 5172 ὅλον
2481 5118 2642 5182 εὐθὺς
2678 5119 2769 5172 τὸν
2803 5119 3126 5190 ἐκλογισμὸν
3164 5121 3438 5192 ἐπιφέρει,
3471 5121 3644 5190 λέγων
3668 5140 3682 5154 ·

443 5193 798 5264 familiarum,
849 5207 1018 5255 totam
1081 5203 1343 5258 continuo
1386 5221 1654 5263 summam
1697 5208 1884 5275 infert,
1929 5210 2014 5264 di-

2128 5230 2139 5261 ι
2181 5211 2342 5263 Πᾶσα
2366 5213 2400 5278 ἡ
2429 5209 2714 5280 ἐπίσκεψις
2739 5209 2847 5264 τῶν
2879 5211 3011 5265 υἱῶν
3041 5211 3194 5276 Λευὶ,
3221 5211 3316 5276 οὒς
3344 5213 3686 5282 ἐπεσκέψατο

443 5300 606 5342 cens:
637 5307 657 5340 ι
678 5287 868 5346 Omnis
898 5294 1208 5350 numeratio
1239 5294 1477 5353 filiorum
1519 5298 1674 5363 Levi,
1730 5315 1871 5369 quos
1902 5317 2010 5356 nu-

2128 5303 2318 5373 ιίωσῆς
2353 5302 2447 5355 καὶ
2485 5301 2692 5374 Ἀαρὼν
2719 5301 2806 5356 διὰ
2836 5304 3020 5374 φωνῆς
3059 5304 3264 5376 Κυρίου
3300 5306 3440 5360 κατά
3477 5304 3685 5376 δήμους

445 5379 674 5434 meravit
701 5381 910 5454 Moyses
957 5392 1012 5440 et
1040 5384 1222 5442 Aaron
1275 5404 1375 5457 per
1418 5405 1604 5444 vocem
1658 5391 1873 5444 Domini
1918 5408 2016 5461 per

2128 5393 2312 5453 κύτῶν,
2348 5393 2456 5445 πᾶν
2483 5391 2767 5462 ἀρσενικὸν
2795 5395 2901 5448 ἀπὸ
2936 5395 3184 5464 μηνιαίου
3217 5397 3309 5448 καὶ
3339 5396 3540 5460 ὲπάνω,
3571 5395 3684 5450 δύω

444 5469 676 5537 populos
702 5487 914 5537 eorum,
937 5491 1098 5530 omne
1121 5479 1484 5533 masculinum
1509 5479 1578 5533 ab
1601 5495 1712 5533 uno
1737 5495 1924 5534 mense
1957 5489 2015 5536 et

2128 5484 2208 5536 καὶ
2233 5483 2401 5536 εἴκοσι
2423 5483 2672 5554 χιλιάδες.
2688 5504 2704 5534 ι
2727 5485 3110 5541 Ἐπισυνάπτει
3126 5488 3182 5540 δέ
3206 5488 3562 5560 παραχρῆμα,
3587 5487 3682 5539 καί

443 5572 629 5627 supra,
655 5560 765 5616 duo
787 5569 844 5617 et
881 5566 1069 5636 viginti
1103 5569 1271 5624 millia
1302 5571 1389 5622 7".
1424 5591 1440 5621 ν
1478 5571 1572 5624 llis
1602 5570 1746 5625 illico
1769 5572 2014 5642 atljungit

2128 5593 2267 5644 ρησισ
2327 5595 2345 5625 ι
2411 5577 2519 5630 Καὶ
2567 5572 2684 5630 εἶπε
2743 5579 2944 5649 Κύριος
2989 5581 3123 5650 πρὸς
3183 5581 3402 5650 Μωσῆν,
3459 5579 3680 5646 λέγων·

2194 3853 2405 3908 ΠΛΔΛ.
2441 3853 2553 3908 Καὶ
2581 3854 2698 3916 πῶς
2736 3853 2803 3909 ἂν
2829 3854 3040 3924 γένοιτο
3070 3857 3162 3911 καὶ
3187 3856 3346 3912 τοῦτο
3376 3857 3545 3928 σαφές
3569 3876 3584 3925 ;

521 5738 563 5766 ⁷⁸⁵
591 5737 720 5792 Luc.
757 5755 896 5800 xm'.
932 5745 1016 5798 l9.
1096 5746 1138 5780 ⁷¹
1172 5747 1336 5802 ICor.
1362 5764 1451 5812 vn,
1478 5749 1527 5802 7.
1607 5753 1649 5783 "
1681 5752 1838 5807 Num.
1868 5769 1903 5818 l,
1949 5753 2029 5817 1,1

2154 5756 2215 5786 ⁷¹¹
2254 5754 2414 5809 Num.
2459 5771 2554 5822 ιιι,
2597 5755 2689 5810 28.
