4082 6304
311 457 415 517 317
1047 447 1135 503 DE
1170 441 1606 503 ADORA'I‘IONE
1644 440 1711 499 IN
1745 440 2012 499 SPIRITU
2051 438 2139 497 ET
2181 437 2546 499 \‘ERITATE.
2588 443 2715 497 LIB.
2753 441 2838 497 IV.
3439 435 3543 491 518

322 569 649 641 Ἐπίσκεψαι
681 566 788 622 πᾶν
814 563 1154 636 πρωτότοκον
1182 564 1348 634 ἄρσεν
1374 559 1482 615 τῶν
1506 556 1637 614 υἱῶν
1668 558 1881 630 Ἰσραὴλ
1908 586 1922 620 λ

2023 559 2164 613 tait:
2200 578 2218 609 ι
2246 558 2315 613 Ει
2335 559 2552 614 loeutus
2582 565 2666 612 est
2688 554 2952 611 Dominus
2984 552 3050 608 ad
3075 552 3293 624 Moysen
3315 550 3538 606 dicens:

309 663 415 717 ἀπὸ
445 660 698 732 μηνιαίου
726 658 821 711 καὶ
852 655 1036 709 ἐπάνω
1058 693 1073 718 ,
1106 655 1199 707 καὶ
1231 652 1363 706 λάϐε
1391 652 1485 703 τὸν
1505 649 1739 720 ἀριθμὸν
1773 648 1874 700 αύ-

2031 664 2219 704 umera
2259 665 2420 704 omne
2466 646 2894 718 primogenitum
2947 646 3251 699 masculum
3308 642 3543 697 ﬁliorum

308 753 413 806 τῶν
443 751 505 816 ἐξ
535 751 797 820 ὀνόματος
826 789 841 814 ,
868 747 962 801 καὶ
991 746 1135 816 λήψῃ
1169 746 1294 808 τοὺς
1320 743 1552 805 Λευίτας
1591 741 1735 810 ἐμοὶ,
1768 736 1879 807 ἐγὼ

2023 742 2143 796 srael
2172 742 2242 795 ab
2269 757 2380 795 uno
2412 757 2602 796 mense
2627 749 2684 796 et
2712 756 2896 809 supra,
2931 748 2988 794 et
3026 739 3211 808 accipe
3251 751 3546 792 numerum

309 843 511 913 Κύριος
538 882 554 905 ,
587 841 710 895 ἀντὶ
761 840 979 893 πάντων
1024 836 1132 890 τῶν
1176 834 1537 906 πρωτοτόκων
1583 832 1690 885 τῶν
1746 828 1880 882 υἱῶν

2023 846 2171 885 orum
2193 846 2260 884 ex
2297 831 2541 895 nomine,
2574 838 2631 886 et
2684 830 2920 899 accipies
2980 828 3198 882 Levitas
3242 827 3379 880 mihi
3426 827 3547 896 (ego

321 933 552 1006 Ἰσραὴλ,
580 934 675 986 καὶ
702 933 768 985 τὰ
789 934 958 1003 κτήνη
979 928 1086 983 τῶν
1108 926 1347 981 Λευιτῶν
1376 927 1497 979 ἀντὶ
1528 923 1746 977 πάντων
1772 919 1881 974 τῶν

2023 919 2262 993 ominus)
2290 937 2391 991 pro
2411 921 2669 975 omnibus
2694 918 3072 991 primogenitis
3089 917 3326 991 ﬁliorum
3356 918 3545 979 Israel,

315 1004 669 1100 πρωτοτόκων
703 1026 760 1077 ὲν
801 1024 913 1085 τοῖς
938 1022 1158 1090 κτήνεσι
1186 1017 1295 1069 τῶν
1331 1015 1457 1070 υἱῶν
1505 1013 1739 1086 Ἰσραήλ.
1773 1011 1882 1063 Καὶ

2023 1017 2036 1064 t
2083 1011 2332 1080 jumenta
2372 1009 2689 1064 Levitarum
2727 1024 2829 1079 pro
2871 1007 3128 1062 omnibus
3173 1004 3550 1076 primogenitis

319 1096 652 1185 ἐπεσκέψατο
698 1111 943 1181 Μωσῆς,
989 1109 1048 1161 ὃν
1094 1107 1293 1178 τρόπον
1342 1103 1643 1157 ἐνετείλατο
1679 1100 1882 1173 Κύριος

2023 1110 2351 1156 tmentorum
2374 1101 2612 1155 ﬁliorum
2634 1101 2820 1155 Israel.
2870 1100 2939 1153 Et
2969 1097 3279 1152 numeravit
3314 1096 3546 1166 Moyses,

319 1209 460 1279 αύτῷ
492 1208 589 1261 καὶ
618 1205 837 1275 ἐγένετο
866 1202 1045 1255 πάντα
1073 1200 1142 1253 τὰ
1174 1197 1497 1270 πρωτότοκα
1526 1195 1593 1248 τὰ
1618 1190 1883 1266 ἀρσενικὰ

2023 1192 2440 1247 uemadmodum
2472 1199 2806 1263 praeceperat
2827 1192 2879 1245 ei
2919 1191 3201 1253 Dominus,
3252 1202 3411 1241 omne
3435 1185 3550 1255 pri-

318 1277 451 1355 κατᾶ
479 1297 711 1368 ἀριθμὸν
743 1292 804 1359 ἐξ
831 1293 1096 1362 ὀνόματος
1128 1291 1239 1343 ἀπὸ
1274 1287 1526 1359 μηνιαίου
1556 1286 1651 1338 καὶ
1676 1284 1882 1349 ὲπάνω,

2023 1284 2319 1351 iogenitum
2344 1283 2402 1337 in
2460 1284 2591 1338 ﬁliis
2622 1283 2822 1350 Israel;
2862 1289 2918 1336 et
2940 1281 3168 1335 fuerunt
3197 1278 3382 1333 omnia
3439 1277 3553 1346 pri-

317 1395 377 1446 ὲκ
412 1392 512 1461 τῆς
542 1386 881 1454 ἐπισκέψεως
914 1382 1120 1447 αὐτῶν,
1158 1380 1251 1433 δύο
1295 1379 1390 1431 καὶ
1420 1376 1593 1461 εἴκοσι
1625 1375 1883 1445 χιλιάδες,

2023 1375 2260 1445 iogenita
2290 1376 2592 1430 masculina
2635 1374 2935 1431 secundum
2964 1386 3255 1426 numerum
3281 1386 3349 1423 ex
3371 1368 3550 1422 nomi-

316 1458 584 1555 tpeigvxai.
614 1476 988 1547 ἐϐδομήκοντα
1032 1473 1124 1524 καὶ
1170 1458 1451 1524 διακόσιοί.
1498 1468 1609 1520 Καὶ
1657 1465 1886 1535 ὲλάλησε

2024 1480 2054 1518 e
2105 1464 2173 1518 ab
2228 1480 2340 1519 uno
2413 1481 2601 1519 mense
2676 1471 2732 1518 et
2790 1479 2993 1532 supra,
3046 1478 3115 1516 ex
3174 1460 3552 1514 numeratioue

315 1549 517 1644 Ιξύριος
547 1570 679 1642 πρὸς
704 1567 929 1636 Μωσῆν,
957 1564 1156 1632 λέγων·
1189 1561 1335 1615 Λάϐε
1368 1560 1493 1625 τοὺς
1514 1554 1742 1620 Λέυίτας
1767 1557 1888 1610 ἀντὶ

2023 1570 2210 1620 orum,
2271 1556 2464 1625 viginti
2520 1556 2630 1609 duo
2679 1555 2868 1618 millia,
2906 1562 3015 1607 tres
3072 1560 3128 1606 et
3186 1549 3550 1618 septuaginta,

321 1663 534 1715 πάντων
569 1658 677 1712 τῶν
710 1655 1067 1728 πρωτοτόκων
1099 1651 1206 1704 τῶν
1239 1649 1371 1703 υἱῶν
1417 1647 1655 1719 Ἰσραὴλ,
1696 1645 1791 1699 καὶ
1820 1645 1889 1697 τὰ

2023 1642 2309 1696 tducenti.
2340 1642 2407 1696 Et
2430 1644 2649 1697 locutus
2687 1651 2771 1697 est
2801 1641 3066 1696 Dominus
3113 1640 3179 1693 ad
3233 1639 3451 1708 Moysen
3473 1636 3557 1692 di-

322 1754 486 1823 κτήνη
538 1750 649 1804 τῶν
691 1746 935 1802 Λευιτῶν
970 1743 1091 1798 ἀντὶ
1140 1741 1244 1795 τῶν
1285 1739 1500 1811 κτηνῶν
1545 1736 1744 1802 αὐτῶν,
1796 1736 1889 1788 καὶ

2023 1745 2155 1784 ens:
2190 1730 2389 1800 Accipe
2424 1732 2640 1786 Levitas
2666 1748 2766 1802 pro
2787 1732 3043 1785 omnibus
3083 1727 3465 1800 primogenitis
3492 1725 3557 1778 fi-

322 1816 529 1897 ἔσονται
562 1840 685 1912 ἐμοὶ
706 1841 754 1891 οἱ
785 1838 1041 1891 Λευῖται·
1079 1831 1187 1899 ἐγὼ
1221 1831 1460 1901 Κύριος·
1507 1828 1603 1885 καὶ
1625 1827 1691 1880 τὰ
1720 1827 1889 1897 λύτρα

2028 1836 2187 1876 orum
2211 1822 2399 1887 Israel,
2431 1824 2748 1894 etjumenta
2786 1822 3101 1876 Levitarum
3151 1835 3252 1887 pro
3296 1816 3560 1887 iumentis

322 1932 482 2003 τριῶν
520 1908 615 1985 καῖ
646 1927 1023 1998 ἑϐδομήκοντα
1054 1921 1147 1976 καὶ
1176 1920 1463 1974 διακοσίων
1490 1918 1540 1971 οἱ
1572 1915 1890 1979 πλεονάζον-

2023 1928 2213 1967 orum:
2245 1922 2301 1968 et
2339 1922 2505 1969 erunt
2529 1914 2665 1968 mihi
2688 1913 2891 1968 Levitae
2918 1913 3039 1983 (ego
3062 1908 3347 1978 Dominus)
3368 1919 3425 1964 et
3471 1921 3559 1961 re-

322 2000 412 2095 τες
447 2022 599 2093 παρὰ
641 2021 768 2083 τοὺς
808 2015 1039 2078 Λευίτας
1084 2013 1192 2067 ἀπὸ
1236 2012 1345 2066 τῶν
1393 2009 1749 2081 πρωτοτόκων
1780 2005 1889 2059 τῶν

2023 2003 2335 2073 emptioncs
2370 2004 2537 2058 trium
2582 2011 2638 2060 et
2690 2004 3030 2073 septuaginta
3065 2010 3121 2056 et
3171 2000 3557 2061 ducentorum,

325 2085 451 2168 υἱῶν
483 2085 730 2184 Ἰσραήλ·
763 2109 858 2163 καὶ
883 2108 1027 2179 λήψῃ
1058 2106 1219 2159 πέντε
1247 2104 1462 2166 σίκλους
1481 2102 1621 2156 κατὰ
1654 2097 1893 2168 κεφαλὰς

2023 2096 2087 2164 ;ιιὶ
2110 2105 2407 2165 supersunt
2435 2112 2599 2166 supra
2648 2094 2867 2150 Levitas
2890 2094 2957 2147 de
2989 2089 3372 2162 primogenitis
3424 2085 3564 2140 ﬁlio~

327 2204 466 2259 κατὰ
498 2203 560 2257 τὸ
609 2201 882 2272 δίδραχμα
912 2199 973 2251 τὸ
1009 2198 1161 2266 ἆγιον
1184 2212 1197 2225 ο
1244 2194 1390 2266 λήψῃ
1441 2194 1643 2247 εἴκοσιν
1675 2189 1894 2252 ὀϐολοὺς

2028 2204 2119 2242 um
2160 2190 2359 2255 Israel;
2388 2196 2439 2243 et
2466 2188 2700 2258 accipies
2751 2186 2995 2255 quinque
3031 2184 3195 2239 siclos
3236 2197 3334 2252 per
3379 2185 3562 2248 caput,

326 2295 418 2348 τοῦ
446 2292 626 2347 σίκλου
644 2332 661 2357 ,
685 2271 781 2345 καὶ
807 2289 997 2352 δώσεις
1022 2287 1083 2341 τὸ
1112 2285 1373 2358 ἀργύριον
1417 2282 1622 2352 Ἀαρὼν
1661 2279 1756 2334 καὶ
1784 2282 1894 2342 τοῖς

2023 2287 2143 2335 uxta
2172 2280 2491 2334 didraciima
2524 2287 2772 2334 sanctum
2807 2296 2818 2329 :
2860 2277 3097 2346 accipies
3127 2274 3325 2344 viginti
3373 2271 3566 2326 obolos

327 2386 459 2448 υἱοῖς
495 2381 659 2437 αὐτοῦ
680 2423 696 2448 ,
740 2379 912 2451 λύτρα
941 2378 1049 2431 τῶν
1094 2375 1493 2439 πλεοναζόντων
1528 2373 1586 2425 ὲν
1622 2371 1825 2433 αὐτοῖς.
1870 2385 1888 2418 ι

2023 2390 2096 2429 ier
2120 2374 2337 2439 siclum,
2367 2383 2424 2428 et
2446 2373 2604 2428 dabis
2647 2381 2933 2442 argentum
2963 2371 3142 2424 Aaron
3175 2378 3231 2423 et
3262 2370 3388 2424 ﬁliis
3423 2369 3564 2437 ejus,

339 2476 424 2540 Ὣς
459 2473 593 2544 βαθὺ
634 2472 695 2525 τὸ
723 2471 913 2542 χρῆμα
944 2469 1038 2522 καὶ
1064 2466 1404 2535 δυσέφικτον,
1445 2456 1490 2515 ὦ
1523 2460 1809 2523 Παλλάδιε,
1837 2458 1898 2511 τὸ

2023 2463 2407 2533 ἐᾶθιιιριίοιιθε
2475 2476 2666 2516 eorum
2721 2462 2815 2529 qui
2867 2466 3162 2528 supersunt
3214 2458 3271 2510 in
3328 2457 3411 2511 eis
3453 2457 3559 2509 η.»

328 2564 651 2637 προσϐαλεῖν
668 2560 949 2624 δύνασθαι,
978 2577 1051 2629 φη
1061 2558 1121 2629 μὶ
1142 2557 1206 2627 δὴ
1226 2557 1338 2619 τοῖς
1358 2547 1461 2608 ὧδε
1477 2551 1687 2607 διεσταλ
1695 2550 1895 2621 μένοις,

2023 2554 2171 2621 luam
2205 2554 2432 2608 minime
2480 2553 2536 2607 in
2568 2558 2830 2622 promptu
2889 2556 2994 2615 est,
3026 2548 3253 2610 Palladi,
3298 2561 3571 2617 quamque

329 2656 538 2721 λεπτῶς
568 2671 627 2708 τε
656 2655 750 2708 καὶ
781 2650 1042 2724 ἀκριϐῶς.

2023 2645 2240 2711 liﬂieile,
2273 2660 2361 2699 res
2384 2653 2495 2699 tam
2524 2644 2673 2698 tenui
2698 2643 2994 2712 subtilique
3027 2640 3347 2695 discrimine
3372 2637 3571 2692 distin-

2004 2746 2120 2793 ctas
2146 2753 2307 2808 posse
2344 2737 2545 2791 intueri
2565 2738 2578 2789 ῑ

403 2831 605 2886 ΠΛΛΛ.
638 2825 945 2896 Εῦ,λέγεις·
988 2825 1167 2879 καθίει
1194 2824 1238 2877 δ’
1258 2816 1349 2876 οὖν
1377 2822 1524 2891 ὅμως
1548 2819 1636 2873 τὸν
1673 2817 1794 2871 νοῦν
1824 2817 1902 2881 είς

2074 2828 2272 2885 PALL.
2301 2828 2467 2881 Recte
2492 2825 2631 2880 dicis
2658 2842 2671 2878 :
2705 2833 2886 2879 tamen
2909 2822 3081 2893 adjice
3119 2820 3380 2885 animum,
3423 2834 3576 2889 quaa-

338 2922 587 2994 βὰσανον,
621 2918 844 2993 Χριστῷ
872 2916 949 2988 τῷ
977 2916 1175 2978 παντὸς
1201 2912 1408 2982 ἀγαθοῦ
1438 2911 1623 2981 δοτῆρι
1660 2908 1899 2970 πίσυνος.

2023 2936 2088 2985 ιο,
2115 2920 2182 2975 ad
2217 2934 2311 2973 eas
2338 2934 2426 2972 res
2450 2915 2845 2986 exquirendas,
2876 2913 3098 2970 Christo
3140 2912 3414 2966 bonorum
3455 2925 3578 2965 om-

2006 3013 2160 3067 nium
2183 3011 2372 3065 datore
2402 3009 2593 3063 fretus.

406 3097 567 3153 KYP.
610 3095 777 3159 Σύνες
805 3094 888 3166 δὴ,
920 3094 1001 3147 ὅτι
1029 3094 1088 3147 ἐν
1120 3093 1412 3162 ἀπογραφῇ
1445 3090 1512 3161 τῇ
1546 3087 1759 3159 πρώτῃ,
1798 3087 1906 3138 πᾶν

2084 3100 2244 3170 116
2272 3098 2430 3153 ΟΥΕ.
2467 3096 2854 3151 Animadverte
2907 3095 3077 3165 igitur
3136 3110 3193 3147 in
3258 3092 3441 3162 priore
3487 3089 3584 3145 de-

343 3188 440 3258 μὲν
474 3183 543 3257 ἦν
574 3188 762 3258 ἄρσεν,
809 3187 905 3241 καὶ
932 3186 1235 3247 εἰκοσαετὲς
1277 3184 1337 3237 τὸ
1380 3180 1726 3253 ζητούμενον,
1756 3194 1910 3231 τουτ-

2023 3187 2305 3259 scriptione
2331 3201 2442 3240 non
2467 3184 2575 3238 nisi
2600 3183 2924 3245 masculum,
2957 3188 3013 3235 et
3056 3179 3151 3249 qui
3190 3185 3337 3232 esset
3387 3174 3582 3245 viginti

344 3280 459 3333 ἐστι
499 3278 562 3330 τὸ
587 3277 795 3348 ἔμφρον
820 3293 881 3329 τε
914 3278 1007 3329 καὶ
1047 3275 1311 3345 ἀνδρεῖον,
1337 3272 1432 3326 καὶ
1470 3273 1527 3325 ὲν
1572 3270 1775 3338 ἀκμαῖς
1810 3265 1904 3319 τοῦ

2023 3294 2178 3333 mnos
2232 3284 2413 3339 natus,
2468 3273 2713 3343 requiri,
2764 3271 2818 3325 id
2875 3279 2981 3335 est,
3039 3269 3134 3339 qui
3182 3277 3241 3323 et
3288 3264 3585 3337 prudentia

343 3369 592 3425 δύνασθαι
612 3367 926 3440 κατορθοῦν,
945 3367 980 3422 ἃ
1006 3366 1072 3420 ἂν
1091 3365 1329 3436 βούλοιτο
1343 3364 1492 3426 Θεός.
1512 3359 1712 3431 Ἐχέτω
1723 3357 1778 3410 δὲ
1794 3357 1911 3421 ait;

2023 3376 2155 3426 esset
2177 3375 2233 3422 et
2260 3364 2583 3421 fortitudine
2603 3362 2867 3432 praeditus
2898 3367 2954 3414 et
2976 3359 3191 3413 viribus
3231 3356 3467 3411 maxime
3504 3351 3586 3408 vi-

345 3461 471 3530 ήμῖν
489 3461 517 3512 ὁ
541 3458 667 3529 περὶ
689 3457 842 3511 τοῦδε
868 3456 1044 3525 λόγος.
1077 3453 1372 3523 Πεποίηται
1399 3450 1529 3522 γὰρ,
1577 3450 1653 3512 ὡς
1699 3443 1911 3517 ἐγῷμαι

345 3550 462 3605 λίαν
494 3550 855 3620 ἀποχρώντως
902 3548 1060 3618 ἔχων.
1099 3546 1197 3597 Ἔν
1229 3561 1294 3613 γε
1329 3542 1575 3595 ταυταινὶ
1620 3542 1739 3594 ταῖν
1760 3539 1912 3593 δυαῖν

347 3642 712 3713 ἀπογραφαῖν,
748 3638 891 3693 ἅπαν
919 3639 1017 3707 μὲν
1046 3637 1211 3704 ἄρσεν
1239 3635 1298 3688 τὸ
1323 3636 1388 3687 ὲκ
1420 3633 1590 3703 φυλῆς
1620 3628 1771 3695 Λευῖ,
1794 3631 1914 3692 ταῖς

351 3734 517 3798 θείαις
542 3749 601 3786 τε
634 3732 729 3785 καὶ
756 3731 924 3801 ἱεραῖς
945 3728 1258 3781 ἐντάττεται
1284 3726 1506 3795 ψήφοις.
1550 3723 1681 3775 Ἀπό
1715 3739 1778 3791 γε
1815 3720 1916 3789 τῆς

351 3825 536 3897 ἑτέρας
572 3821 839 3894 πληθύος,
873 3820 1053 3873 οὐκέτι
1102 3820 1209 3871 πᾶν
1255 3818 1419 3887 ἄρσεν
1456 3814 1664 3877 ἁπλῶς,
1695 3811 1831 3865 ἀλλὰ
1857 3810 1918 3863 τὸ

352 3915 708 3986 πρωτότοκον,
725 3913 832 3968 ἀπὸ
849 3909 1096 3982 μηνιαίου
1117 3908 1172 3962 δὲ
1188 3908 1404 3978 σύμπαν
1418 3906 1508 3960 καὶ
1529 3906 1712 3958 ἐπάνω
1726 3904 1785 3957 τὸ
1799 3904 1920 3974 ἀρι-

355 4008 677 4079 θμούμενον.
704 4007 863 4075 Καὶὴ
894 4004 991 4074 μὲν
1004 4001 1110 4055 τῶν
1127 3999 1423 4054 Λευιτικῶν
1453 3997 1666 4069 βρεφῶν
1686 3993 1919 4066 ἀπαρίθ-

360 4114 542 4169 μησις,
575 4096 669 4149 δύο
698 4095 791 4148 καὶ
815 4094 985 4147 εἴκοσι
1010 4091 1248 4163 χιλιάδες
1266 4106 1278 4118 ·
1299 4091 1333 4160 ἡ
1357 4088 1412 4141 δὲ
1427 4088 1534 4141 τῶν
1564 4085 1921 4157 πρωτοτόκων

358 4188 447 4242 δύο
485 4188 580 4241 καὶ
625 4185 796 4239 εἴκοσι
830 4183 1069 4254 χιλιάδες
1106 4180 1202 4233 καὶ
1228 4181 1374 4250 τρεῖς
1413 4178 1507 4232 καὶ
1539 4176 1798 4230 διακόσιοι
1828 4174 1922 4227 καὶ

361 4278 746 4349 ἑϐδομήκοντα.
768 4270 902 4328 Εἶτα
927 4272 1169 4337 θεσπίζει
1197 4270 1349 4334 Θεὸς,
1381 4270 1499 4323 ἀντὶ
1519 4268 1626 4321 τῶν
1651 4266 1923 4338 πρωτοτὸ-

364 4386 469 4422 κων
487 4370 612 4431 τοὺς
633 4365 862 4427 Λευίτας
882 4362 1226 4416 ἀνατίθεσθαι
1254 4363 1381 4413 δεῖν.
1425 4358 1641 4429 Ἐπειδὴ
1670 4357 1724 4410 δὲ
1754 4357 1924 4424 ὑπερ-

362 4459 548 4532 τεροῦν
573 4460 689 4529 ἦτοι
718 4452 998 4518 πλεονάζοι
1027 4452 1243 4524 ἀριθμῷ
1268 4452 1329 4505 τὸ
1360 4450 1648 4521 δημοτικὸν
1677 4447 1926 4518 εὑρίσκε-

364 4568 490 4613 ται,
523 4548 821 4610 διακοσίαις
873 4545 1246 4615 ἑϐδομήκοντα
1299 4542 1394 4595 καὶ
1442 4542 1590 4612 τρισὶ
1642 4539 1926 4607 κεφαλαῖς,

2012 3466 2165 3530 geret
2195 3457 2262 3512 ad
2289 3473 2353 3512 ea
2405 3452 2756 3524 exsequenda
2793 3466 2916 3521 quae
2967 3450 3113 3503 Deus
3162 3446 3367 3502 vellet:
3401 3443 3495 3498 sed
3518 3442 3586 3498 de

2012 3549 2114 3603 bac
2144 3563 2203 3603 re
2238 3547 2534 3610 hactenus;
2574 3542 2708 3598 satis
2742 3541 2912 3604 enim,
2965 3546 3027 3593 ut
3059 3546 3214 3607 puto,
3246 3543 3330 3590 est
3367 3550 3397 3588 a
3427 3532 3591 3587 nobis

2012 3638 2241 3691 dictum.
2268 3636 2329 3690 In
2366 3635 2455 3689 his
2486 3647 2620 3685 vero
2654 3630 2870 3685 duabus
2915 3624 3385 3695 descriptionibus
3428 3636 3590 3677 omne

2013 3727 2235 3796 quidem
2263 3723 2626 3779 masculinum
2655 3738 2721 3776 ex
2749 3720 2896 3775 tribu
2924 3717 3057 3772 Levi
3079 3713 3286 3769 divinis
3312 3711 3591 3781 sacrisque

2015 3815 2288 3885 suﬁ‘ragiis
2302 3814 2592 3868 aseiscitur
2610 3830 2622 3865 :
2641 3811 2710 3866 ab
2735 3810 2909 3864 altera
2933 3823 3065 3862 vero
3086 3802 3462 3864 multitudine,
3480 3816 3589 3853 nou

2015 3921 2175 3961 omne
2229 3902 2588 3958 masculinum
2617 3900 2950 3971 promiscue,
2984 3895 3078 3951 sed
3118 3891 3547 3965 primogenitum
3578 3907 3589 3940 :

2018 3996 2154 4051 illud
2182 4005 2365 4050 tamen
2407 3993 2665 4047 omnibus
2697 4003 2991 4045 commune
3037 3995 3140 4059 est,
3196 3982 3344 4053 quod
3389 3981 3459 4035 ab
3485 3993 3596 4033 uno

2020 4101 2207 4141 mense
2232 4093 2287 4139 et
2303 4100 2468 4154 supra
2494 4078 2954 4137 receiisentur.Ac
2979 4076 3349 4131 Leviticorum
3374 4070 3597 4140 quidem

2021 4190 2312 4249 puerorum
2327 4188 2535 4227 summa
2553 4171 2663 4225 duo
2690 4178 2746 4224 et
2770 4168 2963 4239 viginti
2988 4166 3158 4219 millia
3194 4160 3597 4231 complectitur;

2021 4277 2077 4323 at
2122 4264 2621 4338 primogenitorum
2672 4274 2884 4314 summa
2927 4256 3038 4309 duo
3081 4262 3138 4308 et
3185 4249 3380 4321 viginti
3431 4245 3600 4299 millia

2024 4336 2140 4413 tres
2164 4358 2389 4426 insuper
2413 4364 2468 4409 et
2487 4353 2754 4407 ducentos
2787 4344 3152 4416 septuaginta.
3203 4337 3412 4394 Deinde
3446 4336 3604 4406 jubet

2025 4451 2168 4503 Deus
2206 4448 2327 4501 loco
2353 4441 2847 4516 primogenitorum
2869 4435 3089 4489 Levitas
3111 4431 3213 4485 sibi
3268 4427 3460 4484 dicari.
3496 4426 3591 4479 Vc-

2030 4555 2172 4602 rum,
2208 4537 2339 4607 quia
2369 4532 2648 4605 popularis
2678 4543 2879 4584 census
2916 4537 3150 4580 numero
3193 4518 3442 4590 superior
3484 4532 3604 4571 esse

365 4609 710 4696 δεδικαίωκεν
748 4641 776 4691 ό
818 4609 1131 4708 νομοθέτης,
1164 4609 1624 4705 προσκομίζεσθαι
1654 4632 1763 4684 δεῖν
1788 4630 1922 4699 ὑπὲρ

2033 4628 2433 4699 reperiebatur,
2470 4621 2861 4688 abundareque
2917 4615 3192 4684 capitibus
3232 4609 3484 4665 ducentis
3523 4622 3606 4661 sc-

366 4734 541 4789 αύτῶν
568 4731 637 4785 τὰ
660 4730 829 4801 λύτρα
849 4731 914 4800 τῇ
942 4728 1081 4798 φυλῇ
1097 4730 1162 4797 τῇ
1186 4725 1462 4793 Λευιτικῇ,
1491 4722 1564 4784 ὡς
1588 4721 1651 4774 ἂν
1671 4721 1764 4773 καὶ
1786 4720 1924 4790 ὑπὲρ

2032 4698 2310 4791 ptuaginta
2330 4713 2710 4779 tribus,sanxit
2725 4710 2859 4780 legis
2879 4707 3216 4769 conditor,ut
3242 4704 3460 4756 illorum
3490 4698 3609 4753 vice

367 4826 538 4880 αὐτῶν
566 4826 799 4877 ποιοῖντο
826 4824 921 4884 τὰς
959 4817 1295 4887 λειτουργίας
1316 4856 1329 4877 ,
1367 4815 1459 4867 καὶ
1487 4806 1805 4883 ἀναφέροιεν
1832 4813 1922 4875 τὰς

2032 4790 2208 4883 pretia
2239 4808 2306 4862 ad
2338 4807 2540 4861 tribum
2571 4802 2870 4857 Leviticam
2897 4798 3266 4859 deferrentur,
3289 4803 3351 4847 ut
3372 4807 3470 4862 pro
3500 4790 3610 4844 illis

367 4917 657 4987 λατρείας,
732 4882 919 4984 μισθὸν
964 4882 1150 4979 ῶσπερ
1186 4882 1321 4960 τινὰ
1369 4904 1467 4977 τὴν
1520 4882 1922 4974 ἀπερισπάστου

2033 4882 2214 4957 eultus
2246 4899 2462 4955 divinos
2495 4894 2840 4956 exhiberent,
2880 4899 2937 4945 et
2987 4886 3254 4943 sacriﬁcia
3305 4882 3608 4945 oﬁ‘erreut;

373 5006 719 5079 προσεδρείας
751 5002 959 5056 τουτονὶ
983 5001 1339 5072 κομιζόμενος
1371 4999 1499 5066 παρ’
1526 4997 1722 5049 αὐτῶν.
1749 4997 1817 5048 Ἦ
1833 4995 1922 5047 οὐκ

2034 4996 2137 5050 hac
2178 4992 2345 5048 veluti
2409 4987 2662 5043 mercede
2706 4984 2774 5039 ab
2821 4982 2928 5037 illis
2977 4987 3220 5048 accepta,
3252 4992 3360 5046 quo
3377 4974 3526 5028 nulla
3552 4986 3611 5024 re

372 5101 427 5155 ὲν
450 5098 656 5161 τούτοις
683 5097 788 5167 φὴς
809 5096 905 5166 τὴν
931 5095 1037 5147 τῶν
1070 5090 1444 5163 προκειμένων
1474 5089 1750 5160 περίνοιαν
1772 5105 1786 5153 ;

1900 5142 1918 5155 _
2023 5086 2222 5141 divulsi
2274 5080 2648 5149 distractique,
2698 5074 2916 5131 assidue
2959 5070 3208 5140 religioni
3251 5065 3610 5121 deservirent.

371 5196 455 5251 An
501 5193 728 5248 minime
776 5190 969 5244 fateris
1024 5188 1111 5241 his
1175 5185 1363 5241 verbis
1413 5184 1657 5239 breviter
1707 5182 2166 5251 comprehensum
2188 5194 2308 5234 esse
2331 5173 2622 5246 proposita:
2642 5170 2939 5240 Scripturae
2971 5162 3231 5219 sensum?

441 5291 648 5344 ΠΑΛΛ.
676 5288 839 5358 Φημί.

444 5381 607 5434 ΚΥΡ.
645 5376 853 5430 Οὐκοῦν
885 5378 1058 5429 ἐκεῖνο
1086 5373 1194 5446 ἐρῶ
1222 5391 1234 5403 ’
1267 5372 1359 5425 καί
1392 5389 1480 5443 μοι
1521 5371 1678 5425 πάλιν
1726 5373 1754 5423 ὁ
1782 5369 1939 5438 λόγος

2115 5276 2314 5332 PALL.
2338 5274 2558 5327 Fateor.

2116 5367 2271 5421 CYR.
2301 5362 2440 5417 Illud
2486 5359 2653 5429 igitur
2696 5353 2830 5408 milii
2880 5347 3177 5406 dicendum
3235 5341 3477 5403 videtur,
3515 5353 3615 5395 nec

381 5469 473 5521 οὐκ
500 5468 607 5522 ἀπὸ
637 5465 841 5520 σκοποῦ
879 5465 1161 5534 βαδιεῖται,
1194 5462 1334 5515 κατά
1360 5478 1423 5529 γε
1451 5460 1511 5513 τὸ
1541 5461 1686 5523 εἰκὸς
1720 5459 1813 5513 καὶ
1843 5460 1922 5510 of):

2048 5472 2166 5511 mea
2190 5453 2363 5509 oratio
2387 5468 2415 5505 a
2442 5446 2720 5519 proposita
2753 5458 2812 5495 rc
2832 5439 3151 5501 eritalieua,
3185 5442 3453 5504 quatenus
3477 5446 3614 5485 con-

378 5559 654 5621 ἀπιθὰνως
694 5557 844 5627 ἔχονο
879 5521 984 5625 ἓήτε
1039 5521 1273 5624 μὲνιγὰρ
1319 5521 1534 5621 ἀνδρίας
1582 5568 1642 5603 τε
1668 5521 1817 5619 νόμοῦ
1852 5567 1922 5601 κα

2047 5554 2308 5619 gruentcr
2337 5553 2503 5611 atque
2532 5533 2893 5606 probabiliter
2939 5529 3047 5584 dici
3078 5526 3249 5597 possit
3276 5542 3289 5576 :
3331 5522 3424 5577 ubi
3464 5521 3611 5576 enim

382 5652 689 5722 φρονήσεως
719 5648 820 5715 τῆς
853 5649 908 5698 ἐν
940 5644 1159 5714 Χριστῷ
1190 5643 1484 5712 νοουμένης
1515 5642 1821 5709 ἀνάμνησις
1854 5637 1941 5708 ἦν,

384 5744 475 5796 καὶ
500 5742 573 5804 ὡς
594 5745 650 5794 ὲν
674 5740 830 5807 τύπῳ
867 5738 1110 5807 ζήτησις,
1160 5736 1508 5805 ἀπεγράφετο
1540 5734 1596 5786 τὸ
1631 5734 1817 5802 ἄρσεν,
1848 5733 1946 5784 οὐκ

386 5858 429 5891 ’³
454 5858 610 5913 Num.
646 5870 723 5918 ιιι,
758 5852 815 5907 i0
847 5867 991 5920 seqq.

2053 5607 2575 5691 Iortitudiuissimul
2599 5632 2654 5677 et
2674 5618 2999 5690 prudentiae,
3041 5632 3160 5685 qum
3194 5616 3247 5667 in
3268 5612 3487 5665 Christo
3523 5607 3609 5658 in-

2052 5727 2334 5795 telligitur,
2360 5717 2564 5774 mentio
2592 5713 2975 5781 ﬁebat,alquc,
3011 5717 3067 5761 ut
3091 5708 3143 5760 iu
3170 5707 3360 5774 ﬁgura,
3391 5700 3618 5767 qua‘stlo
