4082 6304
418 298 526 360 819

1403 304 1459 363 S.
1498 307 1773 364 CYRILLI
1809 305 2279 365 ALEXANDle
2311 308 2627 368 ARCHIEP.

2971 232 3098 245 ’νηνν-

3560 309 3664 368 330

420 429 562 486 erat,
614 426 729 475 tum
784 416 1199 478 describebatur
1242 424 1582 481 masculinus
1640 441 1804 487 sexus
1835 466 1850 491 ,
1896 426 1990 496 qui

2093 426 2270 500 ἀφανῆ
2308 428 2407 499 τὴν
2447 428 2540 481 τοῦ
2590 427 2840 500 σώματος
2890 426 3102 499 ἡλικίαν
3135 428 3278 505 ἔχον.
3340 429 3561 499 Ἐπειδὴ
3601 432 3660 486 δὲ

422 510 570 567 haud
592 510 870 568 imbecilla
890 520 1037 569 esset
1060 514 1308 585 corporis
1341 522 1524 572 aetate.
1557 515 1665 572 Sed
1690 518 1819 587 quia
1850 533 1989 589 prae-

423 610 574 658 terea
605 616 746 674 opus
768 611 890 659 erat
912 603 1061 659 illam
1084 620 1304 676 quoque
1367 594 1817 677 descriptionem,
1867 622 1991 678 qua:

422 707 520 762 per
542 692 702 749 ﬁdem
725 703 783 750 et
809 695 1133 751 charitatem
1157 696 1215 751 in
1239 695 1520 753 Christum
1551 696 1634 764 ﬁt,
1686 705 1873 768 aperte
1911 697 1989 753 si-

423 781 691 853 gniﬁcari,
724 784 887 839 simul
922 785 1324 855 comprehenso
1350 785 1446 842 illo
1473 772 1818 854 discrimine,
1838 788 1989 863 quod

423 873 481 928 in
506 873 575 928 iis
606 873 700 944 qui
749 874 985 930 credunt
1027 877 1378 947 perspicitur,
1413 893 1482 933 ex
1530 862 1733 957 quibus
1785 879 1878 932 alii
1906 879 1987 934 είς

420 966 537 1020 mul
587 973 750 1036 atque
794 965 959 1021 ﬁdem
996 975 1348 1038 acceperunt,
1395 969 1567 1024 sacris
1615 968 1877 1043 operibus
1924 983 1991 1047 ac

423 1055 518 1111 Dei
549 1056 829 1127 obsequiis
868 1058 1212 1124 incumbunt,
1244 1059 1340 1114 alii
1370 1070 1430 1115 se
1454 1075 1566 1114 non
1606 1059 1848 1139 integros
1874 1059 1991 1135 Deo

420 1144 627 1213 dicant,
668 1149 763 1204 sed
790 1149 954 1205 divisi
979 1158 1126 1216 sunt,
1153 1165 1218 1206 ac
1239 1151 1324 1206 sui
1355 1158 1569 1221 partem
1614 1152 1782 1215 rebus
1823 1167 1993 1225 sacu-

421 1237 634 1293 laribus
673 1239 962 1306 tribuunt;
1006 1255 1072 1295 ea
1130 1240 1199 1296 de
1248 1255 1415 1296 causa
1439 1241 1564 1312 jure
1614 1242 1823 1321 optimo
1856 1242 1995 1321 legis

422 1328 674 1383 conditor
696 1344 910 1385 sacrum
934 1330 1072 1386 illud
1096 1331 1382 1386 hominum
1406 1318 1729 1397 discrimen,
1754 1333 1903 1403 quod
1934 1318 1993 1405 in

421 1435 623 1490 genere
656 1419 902 1477 Levitico
932 1430 1191 1493 tanquam
1228 1423 1285 1478 in
1311 1423 1488 1495 ﬁgura
1535 1424 1881 1496 intelligitur,
1931 1436 1994 1491 ut

421 1511 579 1565 alteri
622 1511 979 1579 anteferatur,
1006 1514 1207 1585 jussit;
1233 1504 1585 1585 primumque
1618 1515 1801 1573 locum
1827 1522 1890 1571 ut
1937 1516 1994 1571 in

420 1601 787 1673 descriptione
814 1612 1016 1671 teneat,
1039 1605 1465 1683 imperavit.Hac
1489 1605 1556 1662 de
1572 1622 1735 1682 causa
1753 1607 1992 1679 primum

422 1691 655 1747 Levitici
695 1697 914 1764 generis
943 1696 1278 1763 mentionem
1303 1696 1452 1753 fecit.
1495 1696 1757 1767 Sequitur
1783 1705 1990 1771 autem,

2096 516 2232 589 πρὸς
2242 515 2452 580 τούτοις
2476 516 2644 589 ἐχρῆν
2670 518 2766 572 καὶ
2786 516 2885 589 τὴν
2907 517 2981 582 ὡς
3001 518 3059 572 ἐν
3072 518 3253 572 πίστει
3280 536 3340 571 τε
3361 518 3453 572 καὶ
3474 519 3666 595 ἀγάπῃ

2094 607 2162 677 τῇ
2212 606 2294 671 εἰς
2326 606 2559 676 Χριστὸν
2590 606 2887 679 γενομένην
2919 607 3249 679 ἀπογραφὴν
3291 602 3350 661 εὖ
3384 608 3530 678 μάλα
3561 625 3664 662 κα-

2092 715 2230 771 ταση
2239 697 2540 770 μαίνεσθαι,
2558 697 3052 771 συμπεπλεγμένης
3062 690 3341 771 διαφορᾶς,
3357 700 3423 771 ἣν
3437 701 3511 764 ὠς
3527 700 3582 754 ἐν
3605 716 3663 770 γε

2092 797 2205 859 τοῖς
2256 793 2603 849 πιστεύουσιν
2635 794 2781 849 ἐστιν
2829 795 2976 849 ἰδεῖν.
3014 797 3077 859 Oi.
3110 795 3207 866 μὲν
3246 780 3374 866 γάρ,
3405 796 3542 864 όμοῦ
3584 795 3663 865 τῷ

2096 882 2495 955 παραδέχεσθαι
2521 884 2620 954 τὴν
2647 874 2845 949 πίστιν,
2875 886 2968 938 καὶ
2990 885 3051 938 τὸ
3078 885 3135 939 ἐν
3159 885 3338 955 ἔργοις
3375 876 3540 955 ἱερὸν,
3569 886 3664 953 κει).

2093 971 2191 1043 τὴν
2242 972 2347 1026 ὑπὸ
2387 972 2507 1044 Θεῷ
2551 973 2792 1028 δουλείαν
2845 968 3253 1046 ἐπιτηδεύουσιν
3280 992 3295 1007 ⁶
3324 966 3401 1028 ὀἱ
3458 975 3515 1028 δὲ
3562 976 3662 1046 οὐχ

2091 1062 2381 1134 όλόκληρον
2426 1063 2701 1131 ποιοῦνται
2749 1064 2849 1137 τὴν
2894 1065 3230 1137 ἀφιέρωσιν,
3273 1065 3663 1139 μεμερισμένοι

2093 1153 2232 1225 πρὸς
2262 1153 2331 1208 τὰ
2378 1157 2438 1209 ὲν
2485 1155 2674 1227 κόσμῳ
2699 1173 2713 1187 ·
2742 1155 2917 1230 ταύτῃ
2943 1146 3024 1211 τοι
3057 1157 3282 1225 δικαίως
3312 1159 3341 1210 ό
3367 1156 3663 1228 νομοθέτης

2093 1243 2465 1315 προτιμᾶσθαι
2493 1243 2723 1316 θατέρου
2771 1245 2982 1299 κελεύει
3010 1246 3070 1300 τὸ
3108 1232 3273 1317 ἱερὸν,
3306 1246 3382 1311 ὡς
3425 1249 3482 1301 ἐν
3507 1247 3663 1318 τύπῳ

2093 1335 2383 1407 νοούμενον
2410 1335 2559 1405 γένει
2586 1335 2666 1407 τῷ
2691 1335 2962 1407 Λευιτικῷ
2984 1353 2996 1367 ·
3026 1338 3118 1391 καὶ
3146 1337 3236 1391 τὸν
3272 1336 3487 1408 πρῶτον
3518 1337 3663 1409 ἔχειν

2092 1427 2150 1487 ἐν
2183 1426 2498 1498 ἀπογραφῇ,
2531 1427 2865 1499 προστέταχε
2894 1418 3077 1481 τόπον.
3106 1427 3329 1499 Πρώτου
3361 1428 3426 1500 δὴ
3450 1426 3544 1482 οὖν
3576 1429 3666 1483 διά

2094 1515 2250 1569 τοῦτο
2285 1508 2613 1589 μνημονεύει
2640 1514 2735 1570 τοῦ
2759 1508 3066 1605 Ιξευιτικοῢ,
3093 1516 3285 1581 ἕπεται
3313 1517 3372 1599 δὲ
3401 1516 3551 1589 αὑτῷ
3571 1519 3665 1571 καὶ

2095 1604 2462 1677 παρέζευκταί
2505 1623 2623 1681 πως
2646 1646 2662 1672 ,
2690 1605 2751 1659 τὸ
2778 1604 2941 1677 ἄρσεν
2966 1624 3027 1660 τε
3060 1607 3154 1660 καὶ
3196 1607 3257 1675 τὸ
3285 1608 3628 1678 πρωτότοκον
3648 1647 3664 1663 .

2107 1695 2488 1777 Ἐκτετίμηται
2520 1698 2631 1769 γὰρ
2660 1696 2812 1769 παρὰ
2839 1688 2956 1768 Θεῷ
2982 1696 3121 1762 λίαν,
3156 1697 3216 1751 τὸ
3253 1698 3329 1763 ὡς
3359 1700 3417 1767 ἐν
3446 1698 3668 1770 ἀνδρείᾳ

426 1783 617 1854 illique
649 1784 905 1856 adjuncta
933 1794 1020 1841 est
1068 1788 1439 1847 masculorum
1478 1804 1541 1859 ac
1599 1789 1991 1861 primogenito-

2097 1788 2162 1858 τῇ
2217 1784 2558 1877 πνευματικῇ
2610 1789 2705 1844 καὶ
2758 1791 2816 1875 ἐν
2868 1780 3192 1877 συμμορφίᾳ
3235 1780 3544 1860 νοούμενον,
3597 1793 3666 1861 τῇ

424 1890 549 1928 rum
576 1876 846 1931 recensio.
889 1878 1045 1948 117
1074 1879 1295 1953 Etenim
1321 1879 1379 1947 in
1414 1880 1596 1950 pretio
1641 1879 1788 1950 apud
1817 1880 1992 1935 Deum

422 1974 507 2021 est
524 1967 659 2022 illud
691 1954 977 2023 hominum
1007 1985 1200 2040 genus,
1237 1971 1384 2043 quod
1431 1979 1687 2044 tanquam
1720 1972 1993 2044 spirituali

422 2056 745 2115 fortitudine
772 2061 1084 2130 praeditum,
1113 2070 1171 2117 et
1198 2058 1441 2129 Christo,
1467 2064 1560 2134 qui
1606 2071 1691 2119 est
1715 2065 1991 2136 primoge-

423 2151 591 2217 nitus,
620 2141 900 2208 conforrne
929 2162 1225 2223 spectatur.
1254 2153 1441 2227 Itaque
1466 2154 1658 2209 beatus
1700 2152 1901 2208 Paulus
1925 2155 1994 2209 ad

423 2243 712 2312 quosdam,
738 2244 831 2315 qui
859 2244 1233 2299 claudicarent
1253 2244 1399 2299 circa
1428 2244 1612 2319 ﬁdem,
1642 2253 1698 2300 et
1745 2246 1803 2300 in
1836 2245 1993 2321 frigi-

422 2334 521 2389 das
544 2335 836 2405 Opiniones
882 2335 1183 2390 effeminati
1234 2344 1441 2402 essent,
1491 2324 1716 2409 scribit:
1764 2356 1781 2388 ι
1812 2336 1993 2409 Filioli

421 2425 550 2491 mei,
577 2441 714 2495 quos
735 2426 933 2481 iterum
961 2427 1233 2497 parturio;
1286 2427 1464 2482 donec
1511 2427 1783 2483 formetur
1827 2427 1993 2501 Chri-

419 2526 537 2572 stus
573 2518 630 2571 in
651 2518 808 2572 vobis
822 2517 910 2572 "'.
936 2537 953 2569 ι
982 2518 1310 2574 Admittitur
1331 2532 1464 2589 ergo
1514 2517 1574 2572 in
1612 2518 1711 2573 Dei
1760 2518 1990 2587 librum,

418 2605 672 2675 quisquis
715 2606 1115 2677 primogenitus
1169 2606 1356 2673 fuerit,
1408 2614 1473 2660 ut
1518 2606 1614 2676 qui
1661 2607 1733 2662 sit
1772 2608 1994 2685 Christo

419 2693 719 2748 conformis
751 2711 763 2746 :
810 2695 1088 2749 masculus
1119 2694 1253 2751 item
1300 2703 1357 2751 et
1389 2695 1683 2766 prudentia
1740 2705 1988 2763 ornatus.

420 2784 558 2838 lllud
579 2800 713 2839 vero
741 2785 1144 2842 animadvertas
1156 2786 1342 2852 velim,
1370 2787 1441 2842 ab
1486 2787 1610 2842 aliis
1640 2788 1863 2860 quidem
1891 2789 1993 2843 tri-

421 2877 623 2941 bubus,
663 2885 725 2931 ut
747 2877 911 2932 modo
945 2877 1082 2944 dixi,
1107 2893 1221 2933 non
1246 2893 1467 2933 omnem
1503 2879 1805 2941 masculum
1839 2879 1994 2937 nullo

420 2965 736 3021 discrimine
762 2967 1059 3032 recenseri,
1075 2967 1171 3021 sed
1193 2967 1370 3022 solum
1395 2968 1821 3041 primogenitum
1848 2986 1860 3021 :
1890 2984 1991 3033 ne-

420 3072 527 3127 que
578 3056 727 3112 enim
770 3072 962 3121 omnes
1016 3057 1268 3113 homines
1304 3057 1413 3113 ﬁde
1465 3046 1707 3135 insignes
1737 3069 1884 3124 sunt,
1934 3069 1991 3117 et

2095 1878 2237 1959 κατὰ
2267 1870 2545 1953 Χριστὸν,’
2566 1880 2625 1943 ὃς
2651 1882 2767 1959 ἐστι
2792 1870 3158 1959 πρωτότοκος.
3195 1881 3307 1935 Καὶ
3338 1881 3469 1950 γοῦν
3497 1884 3525 1936 ό
3551 1882 3671 1935 θεσ-

2094 1956 2280 2030 πέσιος
2309 1962 2521 2043 Παῦλος
2548 1956 2849 2039 ἐπιστέλλει
2880 1962 2990 2037 τισὶ
3021 1962 3130 2035 τῶν
3167 1964 3503 2037 ὀκλαζόντων
3537 1973 3666 2044 περὶ

2092 2057 2193 2129 τὴν
2226 2057 2430 2127 πίστιν,
2453 2060 2545 2127 καὶ
2573 2060 2651 2145 είς
2674 2054 3117 2147 ἐννοίας’ψυχράς
3148 2061 3660 2147 ἐκτεθηλυμμένων·

2101 2168 2121 2219 ς
2161 2150 2358 2221 Τεκνία
2405 2167 2528 2221 μου,
2574 2142 2667 2218 οὒς
2701 2142 3091 2227 πάλινώδίνω,
3119 2144 3278 2225 ἄχρις
3305 2142 3369 2209 οὖν
3406 2155 3666 2227 μορφωθῇ

2093 2242 2328 2319 Χριστὸς
2358 2244 2416 2296 ἐν
2444 2244 2590 2321 ὑμῖν.
2626 2264 2645 2296 ι
2662 2236 2868 2309 ῆΔεκτὸς
2894 2232 2986 2301 οὖν
3006 2235 3112 2321 ἄρα
3134 2248 3227 2299 καὶ
3256 2249 3313 2299 ἐν
3344 2245 3511 2316 βίϐλῳ
3531 2245 3667 2301 Θεοῦ

2096 2314 2224 2398 πᾶς,
2248 2336 2277 2388 ὁ
2302 2332 2377 2398 ὡς
2392 2337 2450 2417 ἐν
2487 2314 2763 2417 μορφώσει
2789 2326 2859 2409 τῇ
2881 2337 3021 2397 κατὰ
3040 2314 3271 2413 Χριστὸν
3303 2314 3667 2408 πρωτότοκος,

2093 2424 2269 2496 ἄρσην
2290 2442 2349 2479 τε
2383 2414 2474 2480 καὶ
2503 2414 2959 2498 ἐμφρονέστατος.
3001 2416 3281 2500 Ἐπιτήρει
3309 2428 3364 2481 δὲ
3387 2429 3468 2480 ὅτι
3498 2426 3668 2481 καθά-

2095 2532 2200 2587 περ
2239 2514 2375 2586 ἐφην
2407 2516 2627 2587 ἀρτίως,
2666 2506 2775 2571 ἀπὸ
2806 2518 2906 2588 μὲν
2934 2518 3043 2571 τῶν
3082 2518 3437 2589 ἐτεροφύλων,
3465 2518 3525 2571 οὐ
3558 2518 3668 2570 πᾶν

2093 2608 2259 2679 ἄρσεν
2288 2609 2471 2673 ἁπλῶς
2500 2609 2834 2681 ἐναρίθμιον,
2863 2609 2999 2664 ἀλλὰ
3020 2611 3181 2682 μόνον
3210 2611 3272 2663 τὸ
3299 2611 3661 2683 πρωτότοκον·

2093 2697 2152 2755 ού
2182 2697 2290 2770 γάρ
2317 2716 2401 2754 τοι
2438 2699 2544 2762 πᾶς
2576 2698 2863 2771 ἄνθρωπος
2907 2701 2965 2753 ἐν
2995 2699 3177 2753 πίστει
3205 2701 3539 2772 διαπρεπὴς,
3569 2701 3667 2755 καὶ

2074 2780 2152 2869 ἐν
2183 2790 2505 2862 συμμορφίᾳ
2542 2790 2610 2862 τῇ
2652 2789 2797 2845 κατὰ
2828 2791 3084 2863 Χριστὸν,
3122 2790 3308 2846 πολλοὶ
3356 2793 3464 2862 γὰρ
3493 2793 3542 2846 οἱ
3591 2791 3668 2864 μὴ

2093 2877 2509 2944 πιστεύσαντες,
2547 2878 2896 2950 ἀνάγραπτον
2928 2880 2985 2934 δὲ
3022 2881 3118 2935 καὶ
3147 2881 3204 2934 ἐν
3232 2881 3452 2953 ἀριθμῷ
3507 2883 3670 2953 μόνον

2091 2966 2206 3019 ἐστὶ
2220 2966 2278 3019 τὸ
2294 2967 2653 3036 πρωτότοκον,
2674 2966 2763 3022 διὰ
2776 2966 2865 3021 τὸν
2881 2970 2939 3021 ἐν
2955 2971 3086 3039 ἡμῖν
3105 2971 3466 3045 πρωτότοκον,
3490 2971 3584 3024 καὶ
3606 2972 3667 3023 ἐν

2092 3055 2308 3137 πολλοῖς
2331 3055 2599 3125 ἀδελφοῖς.
2627 3057 2807 3111 Ἀπαν
2831 3057 2887 3114 δὲ
2908 3057 3071 3130 ἀρσεν
3099 3059 3285 3137 ἀπλῶς
3310 3061 3402 3113 καὶ
3422 3060 3671 3131 ἀδιακρίο

419 3124 638 3209 Christo
669 3148 1012 3217 conformes;
1071 3157 1206 3204 sunt
1235 3149 1382 3205 enim
1408 3124 1660 3225 plerique.
1701 3148 1984 3225 inﬁdeles:

2093 3124 2199 3229 τως
2231 3136 2293 3229 ἓν⁴
2321 3163 2385 3216 γε
2412 3124 2524 3211 τοῖς
2558 3148 2862 3227 Λευιτικοῖς
2892 3124 2959 3202 ἐν⁷
2975 3130 3269 3225 ἀπογραφῇ
3300 3150 3394 3203 καὶ
3430 3124 3670 3223 ἐν’ἐκλο-

420 3237 516 3297 sed
552 3238 643 3293 ille
700 3237 1035 3295 describitur
1086 3240 1266 3295 solum
1295 3249 1461 3311 atque
1506 3249 1852 3313 numeratur,
1895 3242 1989 3314 qui

420 3327 822 3399 primogenitus
841 3330 1030 3395 fuerit,
1055 3338 1280 3401 propter
1317 3346 1465 3397 eum,
1499 3332 1594 3401 qui
1636 3331 1692 3386 in
1740 3330 1993 3407 nobisin

420 3416 715 3487 multisque
736 3417 1003 3474 fratribus
1022 3419 1428 3490 Primogenitus
1451 3428 1536 3475 est
1558 3421 1625 3475 ⁷⁸.
1678 3420 1748 3476 At
1774 3438 1907 3477 vero
1934 3424 1991 3478 in

421 3508 736 3563 Levitarum
785 3523 955 3566 censu
997 3524 1161 3565 omne
1220 3512 1587 3589 masculinum
1639 3515 1988 3584 promiscue,

420 3598 572 3652 nullo
603 3598 817 3653 delectu
841 3599 897 3655 in
930 3600 1337 3675 descriptiones
1360 3603 1624 3670 refertur,
1642 3598 1708 3660 'et
1734 3604 1790 3659 in
1839 3620 1993 3660 sum-

421 3703 565 3742 mam
608 3689 915 3761 colligitur:
941 3708 1091 3759 nam,
1142 3694 1291 3765 quod
1335 3706 1587 3752 sanctum
1613 3703 1719 3762 est,
1749 3696 1806 3751 id
1843 3697 1992 3751 omni

420 3800 487 3839 ex
515 3794 670 3856 parte
711 3794 796 3842 est
842 3788 957 3855 Deo
982 3796 1295 3859 cognatum.
1320 3787 1403 3853 Ab
1428 3805 1539 3845 uno
1561 3805 1696 3844 vero
1721 3804 1909 3853 mense
1939 3795 1996 3851 et

420 3888 590 3945 supra
619 3876 1008 3931 describuntur
1051 3880 1323 3949 :ejusque
1374 3879 1453 3933 rei
1499 3894 1751 3949 quaenam
1808 3877 1993 3933 afferri

420 3967 561 4021 ratio
584 3970 802 4037 potest?
828 3970 907 4024 Ea
932 3984 1150 4039 nempe,
1186 3970 1333 4040 quod
1354 3970 1445 4026 illa
1471 3970 1713 4037 ﬁdelium
1739 3971 1795 4025 in
1834 3970 1994 4027 Chri-

418 4064 503 4113 sto
528 4058 754 4113 infantia
780 4059 1006 4113 minime
1036 4075 1066 4113 a
1099 4061 1210 4125 Deo
1234 4061 1521 4132 rejicitur;
1570 4077 1698 4116 nam
1741 4062 1833 4116 illa
1859 4070 1991 4117 aeta-

419 4147 489 4201 tis
527 4149 796 4219 exiguitas
821 4151 993 4211 veluti
1019 4158 1148 4206 nota
1186 4159 1271 4206 est
1317 4152 1465 4208 illius
1510 4153 1567 4219 in
1610 4151 1832 4231 Christo
1862 4153 1994 4223 sim—

416 4241 677 4310 plicitatis
701 4257 767 4297 ac
781 4243 1085 4313 spiritualis
1116 4242 1377 4300 infantiae.
1402 4244 1475 4303 Ut
1498 4243 1645 4299 enim
1671 4244 1993 4323 dicebamus

418 4341 673 4403 tanquam
698 4347 910 4401 eorum,
955 4334 1050 4405 qui
1082 4340 1269 4393 essent
1298 4335 1367 4391 ad
1405 4350 1640 4406 pugnam
1688 4334 1989 4407 promptis-

2092 3224 2311 3309 γισμοΐς
2331 3252 2345 3267 ⁸
2381 3236 2501 3307 Θεῷ
2533 3222 2641 3310 γὰρ
2668 3239 2867 3291 οἰκεῖον
2897 3222 3205 3310 ὁλοκλήρως
3244 3239 3303 3293 τὸ
3333 3240 3508 3317 ᾂγιον.
3541 3222 3668 3317 Μη-

2092 3318 2237 3380 νιαῐα
2251 3326 2308 3381 δὲ
2340 3327 2432 3405 καὶ
2459 3316 2643 3403 ἐπάνω
2663 3325 2731 3379 τὰ
2760 3328 3211 3398 ἀπογραφόμενοι·
3246 3312 3446 3405 καὶτίς

2095 3434 2295 3497 φασις;
2334 3400 2457 3471 Ὅτι
2477 3400 2584 3470 τῶν
2613 3418 3055 3497 πεπιστευκότων
3085 3420 3118 3488 ἡ
3146 3420 3204 3473 ἐν
3225 3400 3446 3497 Χριστῷ
3477 3400 3671 3490 νηπιό-

2093 3492 2354 3591 τηςξοὺκ
2383 3508 2688 3579 ἀπόϐλητος
2726 3508 2880 3591 παρά
2906 3492 3044 3580 Θεῷ,
3087 3492 3355 3587 σύμβολος
3393 3512 3451 3566 δὲ
3480 3512 3671 3583 ὥσπερ

2092 3588 2193 3671 τῆς
2228 3588 2529 3671 ἁπλότητος
2557 3599 2658 3671 τῆς
2688 3600 2746 3652 ἐν
2778 3588 3021 3679 Χριστῷ,
3052 3602 3145 3679 καὶ
3175 3603 3549 3680 πνευματικῆς
3575 3620 3671 3673 νη-

2094 3692 2366 3762 πιότητος,
2397 3692 2458 3757 τδ
2492 3692 2591 3760 τῆς
2628 3690 2843 3769 ἡλικίας
2865 3693 3055 3762 κομιδῆ
3085 3692 3279 3766 βραχύ.
3321 3694 3530 3769 Ὥσπερ
3559 3693 3671 3763 γὰρ

2095 3770 2352 3854 ἐλέγομεν
2396 3783 2471 3846 ὠς
2512 3770 2570 3836 ἐν
2616 3786 2728 3847 τοῖς
2777 3783 3189 3855 μαχιμωτάτοις
3212 3823 3228 3849 ,
3261 3784 3438 3848 καλῶς
3477 3801 3535 3837 τε
3572 3785 3670 3838 καὶ

2095 3876 2410 3947 ἀμωμήτως
2436 3876 2762 3947 γεγενῆσθαι
2799 3862 2896 3947 τὴν
2925 3876 3247 3948 ἀπογραφὴν
3278 3877 3386 3931 ἀπὸ
3420 3878 3671 3929 εἰκοσαεο

2094 3967 2221 4029 τοῦς
2245 3967 2340 4033 καὶ
2361 3965 2567 4032 ἐπάνω,
2598 3967 2741 4020 οὕτω
2765 3967 2963 4037 φαμὲν,
2998 3970 3081 4021 ὅτι
3110 3968 3209 4039 τῆς
3232 3969 3290 4021 ἐν
3318 3967 3537 4039 Χριστῷ
3567 3986 3665 4037 νη-

2095 4058 2345 4128 πιότητος
2370 4096 2385 4119 ,
2424 4060 2651 4129 σημεῖον
2683 4058 2749 4112 ἂν
2778 4057 2985 4126 γένοιτο
3023 4059 3226 4129 σαφὲς,
3253 4061 3282 4112 ό
3316 4059 3379 4113 ἐκ
3411 4060 3668 4130 μηνιαίου

2093 4148 2302 4220 καιρός.
2332 4148 2606 4205 Τοιουτονὶ
2633 4148 2691 4201 δὲ
2708 4148 2803 4201 καὶ
2829 4149 2858 4201 ό
2886 4148 3099 4213 Παῦλός
3126 4166 3310 4225 φησιν·
3339 4169 3357 4202 ι
3398 4149 3666 4225 ’ᾼδελφοὶ,

2095 4238 2170 4310 μὴ
2191 4237 2381 4292 παιδία
2413 4236 2627 4315 γίνεσθε
2652 4240 2768 4302 ταῖς
2792 4240 3006 4311 φρεσὶν,
3032 4240 3168 4293 ἀλλά
3189 4243 3253 4313 τῇ
3278 4241 3445 4313 κακίᾳ
3473 4240 3671 4312 νηπιά-

2093 4330 2241 4393 ζετε·
2278 4330 2395 4393 ταῖς
2420 4328 2476 4381 δὲ
2508 4328 2719 4400 φρεσὶν,
2746 4329 2941 4383 τέλειοι
2972 4331 3206 4407 γίνεσθε.
3242 4349 3260 4381 ι

415 4428 539 4485 simi
566 4412 713 4486 recte
741 4439 905 4502 atque
940 4432 1149 4507 ratione
1171 4430 1369 4487 factam
1396 4446 1518 4487 esse
1540 4410 1976 4505 descriptionem
2005 4443 2036 4482 a
2058 4424 2319 4501 vigesimo
2364 4439 2510 4502 anno
2558 4430 2615 4479 et
2645 4438 2829 4497 supra,
2886 4424 2967 4479 sic
3022 4423 3257 4504 dicimus
3295 4426 3429 4496 illud
3461 4427 3671 4497 mensis

346 4528 355 4535 '
416 4522 579 4578 unius
617 4531 852 4595 tempus,
896 4525 1044 4581 illius
1080 4526 1137 4593 in
1189 4525 1411 4582 Christo
1462 4525 1705 4599 infantiae
1757 4526 1972 4599 signum
2008 4536 2128 4578 esse
2184 4518 2558 4595 perspicuum.
2589 4519 2720 4575 Tale
2776 4518 3037 4590 quiddam
3094 4523 3259 4577 etiam
3292 4524 3484 4579 beatus
3524 4524 3668 4578 Pau-

417 4612 501 4667 lus
524 4614 600 4669 ait
628 4633 639 4668 :
673 4615 948 4682 «Fratres,
977 4618 1147 4673 nolite
1177 4618 1335 4689 pueri
1379 4618 1519 4674 eﬁici
1565 4620 1843 4691 sensibus,
1878 4617 1976 4674 sed
2014 4614 2224 4671 malitia
2248 4612 2462 4685 parvuli
2495 4621 2694 4677 estote,
2728 4612 2984 4667 sensibus
3043 4622 3227 4694 autem
3291 4618 3521 4688 perfecti
3544 4618 3611 4671 ⁷⁸.
3635 4636 3655 4667 ι

486 4706 683 4761 PALL.
719 4707 813 4764 Sic
837 4709 1004 4780 igitur
1025 4710 1133 4765 erit
1156 4710 1322 4766 nobis
1364 4710 1808 4784 existimandum,
1856 4727 1987 4783 par—

2162 4706 2368 4760 ΠΑΔΛ.
2403 4703 2712 4775 Οίησόμεθα
2752 4702 2815 4773 δὴ
2853 4694 2968 4789 οὖν,
3006 4703 3081 4769 ὼς
3111 4707 3523 4777 συμμεθέξομεν
3548 4711 3661 4771 τοῖς

417 4798 611 4870 ticipes
638 4814 740 4854 nos
761 4798 977 4871 futuros
996 4814 1187 4857 eorum
1226 4818 1349 4875 qua:
1369 4804 1543 4873 sancti
1576 4804 1681 4867 ,viri
1699 4820 1799 4863 suo
1828 4805 1986 4876 quis-

2093 4796 2298 4865 ἀγίοις,
2361 4788 2544 4865 ὦνπερ
2587 4796 2654 4848 ἂν
2698 4794 2886 4859 αὐτοὶ,
2925 4798 3046 4863 ταῖς
3077 4812 3140 4864 γε
3188 4797 3252 4868 δὴ
3285 4799 3436 4868 σφῶν
3481 4797 3663 4852 αὐτῶν

414 4905 523 4961 que
546 4889 793 4962 periculo
808 4890 1045 4948 feliciter
1066 4895 1355 4965 gesserint,
1391 4897 1449 4966 in
1467 4911 1537 4961 eo
1572 4897 1895 4974 qpodyiros
1925 4912 1984 4952 se

2093 4886 2491 4960 κατορθώσειαν
2522 4884 2588 4940 ἂν
2622 4887 2912 4956 κεφαλαῖς,
2946 4888 3322 4960 ἀνδριζόμενοι
3351 4906 3411 4943 τε
3450 4890 3543 4944 καὶ
3570 4889 3661 4941 si»

415 4979 795 5051 praestiterint,
846 4995 1170 5053 summoque
1217 4985 1401 5057 studio
1426 4989 1695 5057 curarint,
1759 4996 1822 5043 ut
1863 4988 1985 5044 lau-

2093 4981 2327 5057 δοκιμεῖν
2354 4978 2436 5032 ὅτι
2468 4975 2706 5048 μάλιστα
2733 4977 3199 5043 διεσπουδακότες.

414 5068 538 5123 dem
562 5070 763 5125 mereri
788 5079 1034 5147 possent.
1218 5054 1223 5055 ί
1330 5054 1337 5055 ί
1396 5054 1399 5057 ’
1527 5054 1553 5057 iv
1602 5054 1623 5057 ’⁷
2119 5054 2144 5073 ’

480 5158 639 5214 CYR.
674 5158 905 5216 Maxime
932 5175 1066 5216 vero
1105 5178 1117 5213 :
1153 5160 1404 5231 quamvis
1450 5161 1600 5216 enim
1646 5176 1838 5225 revera
1878 5161 1981 5232 ipsi

412 5247 615 5331 divinis
635 5252 784 5323 pleni
809 5259 940 5309 sunt
960 5252 1328 5334 charismatis,
1367 5238 1757 5333 laboribusque
1795 5268 1859 5307 ac
1889 5268 1982 5327 su-

413 5336 641 5411 doribus
660 5340 766 5405 hoc
790 5341 996 5407 donum
1034 5342 1400 5421 perceperint,
1432 5339 1753 5419 inﬁnitaque
1804 5350 1982 5397 certa-

416 5428 564 5503 mina
588 5432 971 5499 percurrcrint
999 5449 1013 5499 ;
1060 5440 1241 5503 tamen
1269 5432 1324 5487 in
1353 5447 1455 5489 nos
1487 5446 1706 5503 quoque
1748 5447 1816 5486 ex
1854 5432 1984 5487 cha-

416 5519 578 5576 ritatc
616 5520 712 5574 Dei
748 5536 844 5576 sua
871 5522 1013 5578 dona
1048 5523 1367 5579 refundunt.
1408 5523 1597 5595 Itaque
1621 5522 1813 5579 beatus
1840 5523 1985 5577 Pau-

2157 5155 2318 5211 ΚΥΡ.
2363 5155 2511 5209 Πάνυ
2568 5156 2666 5227 μὲν
2697 5150 2790 5209 οὗν
2812 5195 2826 5222 ,
2863 5155 3022 5228 εἴπερ
3051 5158 3186 5211 εἰσὶν
3215 5154 3428 5228 άληθῶς
3448 5197 3463 5220 ,
3504 5155 3660 5208 αὐτοὶ

2090 5247 2186 5318 μέν
2208 5246 2367 5301 θείων
2390 5247 2683 5318 ἀνάμεστοι
2711 5248 3085 5319 χαρισμάτων,
3115 5246 3295 5310 πόνοις
3320 5247 3413 5300 καὶ
3440 5244 3661 5315 ἱδρῶσιν

2089 5339 2298 5402 ἑλόντες
2323 5338 2385 5395 τὸ
2418 5338 2607 5410 δῶρον,
2642 5339 2734 5392 καὶ
2766 5339 2852 5393 διὰ
2886 5340 3093 5410 μυρίων
3116 5341 3253 5392 ὅσων
3286 5337 3509 5405 ἀγώνων
3531 5336 3658 5389 ἐλά-

2095 5446 2315 5492 σαντες·
2354 5429 2737 5501 ριναπιμπλᾶσι
2772 5429 2827 5485 δὲ
2866 5416 2957 5483 καὶ
2988 5430 3133 5499 ἡμᾶς
3173 5429 3282 5482 τῶν
3313 5428 3461 5499 σφίσι
3496 5426 3660 5479 δεδω-

2100 5521 2346 5593 ρημένων
2394 5522 2451 5587 ἐξ
2495 5524 2712 5596 ἀγάπης
2751 5522 2903 5577 Θεοῦ.
2957 5524 3064 5577 Καὶ
3118 5524 3245 5591 γοῦν
3293 5521 3321 5575 ό
3370 5519 3653 5582 θεσπέσιος

482 5701 547 5742 ⁷³⁸
583 5699 757 5757 Galat.
801 5717 871 5767 Iv,
928 5702 1008 5758 19.
1086 5705 1130 5737 ⁷⁸
1154 5704 1311 5758 Rom.
1369 5720 1485 5770 vin,
1525 5703 1615 5758 29.
1724 5699 1955 5757 "lCor.
1987 5698 2202 5768 m,2o.
