4082 6304
294 365 383 421 521

1027 361 1118 417 ne
1154 350 1598 417 ADORATIONE
1636 356 1705 416 IN
1741 318 2014 417 suam)
2054 357 2144 415 ET
2181 352 2558 418 VERITATE.
2589 361 2717 417 ue.
2741 363 2829 419 tv.

3432 367 3539 425 322

294 461 497 548 Ϊιαῦλος
517 480 855 552 προσεφώνει
877 480 989 535 τισὶ
1012 480 1122 533 τῶν
1141 481 1584 538 πεπιστευκότων
1605 501 1619 514 ·
1647 500 1668 534 ι
1709 481 1861 535 Ἐπι-

1972 477 2050 533 lus
2072 478 2359 551 quosdam,
2406 478 2500 548 qui
2523 468 2896 546 Credideram,
2923 479 3305 552 alloquebatur
3334 504 3346 537 :
3387 504 3406 538 ι
3435 486 3539 544 De-

296 574 438 630 ποθῶ
462 574 575 647 γάρ
622 574 751 628 ίδεῖν
785 574 930 645 ὑμᾶς
970 572 1056 628 ἴνα
1104 590 1156 626 τι
1195 573 1410 644 μεταδῶ
1452 574 1581 645 ὑμῖν
1612 574 1859 644 χάρισμα

295 665 676 736 πνευματικόν.
716 683 737 717 ι
783 665 853 717 Ἢ
883 665 991 736 γὰρ
1013 703 1029 728 ,
1063 663 1187 734 οὐχ)⁸
1234 664 1410 729 ξένιον
1448 663 1720 735 οὐράνιον,
1764 662 1862 733 χὰ-

1963 569 2148 625 sidero
2164 558 2320 624 enim
2342 564 2531 626 videre
2554 587 2673 649 vos,
2705 572 2765 626 ut
2815 552 3039 642 aliquod
3070 574 3227 630 vobis
3256 576 3540 648 impertiar

1961 650 2245 718 charisma
2295 650 2590 731 spirituale
2636 663 2702 718 ⁷⁸.
2758 656 2783 714 ἰ
2828 650 2913 725 An
2942 672 3000 719 tu
3075 667 3297 722 caeleste
3340 685 3541 728 munus

296 757 457 834 ρισμά
495 773 555 812 τε
580 754 952 826 πνευματικὸν
985 748 1123 809 εἷναι
1164 754 1292 827 φὴς,
1325 755 1426 825 τὴν
1468 752 1768 825 ἁμώμητόν
1800 768 1861 805 τε

1972 742 2344 837 :harismaque
2389 740 2673 823 spirituale
2695 770 2817 809 esse
2843 770 3012 827 negas
3058 757 3209 813 illam
3238 760 3543 828 reprehen-

296 850 377 905 καὶ
401 847 617 918 ἀπλανῆ
643 846 773 920 περὶ
792 845 928 901 Θεοῦ
950 847 1172 915 γνῶσιν,
1195 847 1289 901 καὶ
1315 846 1413 918 τὴν
1437 845 1523 915 ἐφ’
1547 846 1720 901 ἅπασι
1748 847 1861 909 τοῖς

296 940 521 1013 ἀρίστοις
555 938 759 1010 εἴδησιν
778 937 1017 1011 ἁκρι6ἦ;

356 1094 561 1170 ΙΪΑΛΛ.
595 1115 722 1169 Ναί.
757 1114 930 1184 Εἴπερ
954 1098 1079 1167 ¹ἐστὶ
1115 1113 1176 1167 τὺ
1209 1114 1397 1185 χρῆμα
1427 1112 1707 1179 ζωοποιόν.
1740 1113 1863 1167 Τοι-

300 1210 470 1279 γάρτοι
495 1206 681 1277 σαφῶς
700 1186 954 1259 ’διειδέναι
983 1205 1068 1267 τίς
1095 1206 1193 1275 μὲν
1221 1188 1422 1273 όφύσει
1444 1221 1503 1258 τε
1527 1205 1620 1259 καὶ
1649 1202 1863 1275 ἀληθῶς

298 1299 390 1354 τῶν
408 1299 543 1352 ὅλων
562 1297 909 1370 δημιουργὸς,
941 1296 1033 1350 καὶ
1055 1280 1206 1362 Θεὸς,
1234 1296 1361 1348 ποία
1384 1295 1439 1347 δὲ
1455 1295 1591 1379 ζωὴ,
1615 1284 1860 1366 η’ἁρίστη

295 1390 488 1463 τρίϐος,
519 1393 598 1454 εἰς
627 1389 952 1461 μακραίωνὰ
978 1405 1038 1440 τε
1071 1388 1163 1441 καὶ
1200 1386 1556 1474 ἀτελεύτητον
1589 1386 1862 1457 ἀποκομί-

294 1482 366 1547 ζει
401 1482 571 1553 ζωήν.

354 1573 519 1627 ΚΥΡ.
562 1569 764 1643 Ὀρθῶς
788 1570 943 1641 ἔφης.
978 1568 1163 1625 Ταῦτά
1184 1588 1265 1623 τοι
1292 1569 1560 1624 διδάσκων
1589 1571 1738 1640 ἡμᾶς
1769 1571 1863 1624 καὶ

293 1664 444 1727 αὐτὸς
474 1665 504 1716 6
530 1660 784 1733 Χριστὸς,
814 1665 925 1726 τοῖς
958 1663 1131 1732 ἁγίοις
1159 1661 1474 1725 ἀποστόλοις
1506 1661 1860 1728 διεκελεύετο,

295 1756 456 1826 λέγων
483 1772 497 1786 ο
539 1775 558 1809 ι
598 1755 816 1826 Δωρεὰν
853 1753 1094 1821 ἐλάϐετε,
1126 1755 1332 1825 δωρεὰν
1363 1752 1501 1808 δότε.
1541 1770 1561 1805 ι
1596 1738 1698 1824 Είη
1720 1754 1763 1807 δ’
1797 1753 1864 1807 ἂν

296 1823 378 1903 καί
415 1847 621 1919 ἑτέρως
653 1823 754 1900 οῦκ
799 1845 1036 1918 ἁκερδὴς
1087 1823 1412 1915 τοῖςήάλλοις
1453 1849 1488 1918 ἠ
1531 1846 1642 1902 τῶν
1690 1823 1862 1918 ἁγίων
1896 1823 1938 1878 Β

297 1938 626 2009 λαμπρότης·
644 1939 703 1991 ὲν
720 1936 829 2007 γάρ
847 1938 965 2000 ταῖς
986 1936 1209 1989 ἐκείνων
1224 1937 1859 2009 εὐδοκιμήσεσιν,ἁφανί-

297 2029 435 2094 ζεταί
456 2046 560 2082 που
580 2028 649 2082 τὰ
667 2029 825 2099 ἡμῶν
844 2029 1152 2100 ἡττήματα,
1173 2030 1265 2083 καὶ
1285 2034 1407 2095 ταῖς
1424 2031 1531 2085 τῶν
1554 2032 1839 2086 εὐκλεεστέ
1853 2063 1867 2073 -

298 2138 398 2194 ρων
418 2120 813 2191 προσεσχηκὼς
839 2120 1145 2190 εὐψυχίαις,
1168 2123 1197 2174 6
1223 2120 1513 2192 φιλὰρετος
1535 2123 1691 2195 ἡμῶν
1711 2124 1865 2190 Θεὸς,

305 2216 411 2276 τοῖς
441 2212 853 2283 ἀσθενεστέροις
891 2211 1073 2284 ἀνίησι
1103 2212 1172 2266 τὰ
1214 2212 1558 2285 ἐγκλήματα.
1599 2215 1708 2268 Καὶ¹
1738 2214 1869 2283 γοῦν

293 2307 339 2358 oi
366 2306 424 2371 ἐξ
456 2304 671 2376 Ἰσραὴλ
687 2304 1435 2370 ἁκαθέκτωςάπονενευκότες
1457 2309 1535 2371 είς
1562 2308 1868 2379 παρακοὴν,

295 2397 383 2451 καὶ
410 2397 522 2450 τῶν
555 2395 775 2466 φαύλων
803 2396 957 2450 οὐδὲν
991 2395 1190 2460 ἐῶντες
1249 2398 1686 2468 ἀνεπιτήδευτον,
1732 2415 1871 2470 παρ-

295 2488 533 2560 ώτρυναν
560 2487 873 2556 ἀναγκαίως
890 2487 981 2541 τὸν
1000 2480 1292 2558 νομοθέτην
1316 2487 1399 2556 ἐφ’
1423 2489 1652 2552 ἑαυτοῖς·
1684 2489 1871 2558 ἐπειδὴ

292 2581 347 2634 δὲ
368 2580 527 2645 δίκας
556 2580 656 2650 ἤδη
679 2579 789 2633 τῶν
817 2578 1238 2650 τετολμημένων
1264 2579 1524 2649 πράττειν
1558 2578 1714 2649 ἤθελε
1745 2581 1873 2644 τοὺς

294 2672 499 2742 ἀγρίως
528 2670 669 2724 οὕτω
695 2669 1085 2741 λελυπηκότας,
1119 2669 1480 2742 προσεκόμιζε
1518 2670 1616 2741 μὲν
1638 2669 1736 2733 τάς
1762 2672 1871 2723 ἱκε-

294 2764 489 2834 τηρίας
538 2764 568 2815 ό
616 2763 900 2834 προφήτης
965 2761 1260 2832 Ἱερεμίας.
1314 2764 1379 2816 Τί
1426 2762 1661 2833 δέπρδς
1717 2761 1874 2817 τοῦτο

295 2853 463 2917 Θεόςς
496 2871 517 2906 ι
571 2853 946 2925 Περιδρὰμετε
970 2896 987 2920 ,
1022 2854 1207 2924 φησὶν,
1250 2854 1308 2906 ἐν
1337 2856 1459 2917 ταῖς
1495 2856 1632 2917 ὁδοῖς
1675 2853 1873 2926 Ἰερου-

296 2930 503 3017 σαλὴμ,
549 2946 643 2998 καὶ
678 2944 833 3023 ⁵ῐδετε
881 2945 976 2999 καὶ
1011 2945 1207 3013 γνῶτε,
1243 2946 1335 2998 καὶ
1369 2946 1635 3017 ζητήσατε
1668 2947 1725 2999 ἐν
1756 2948 1875 3009 ταῖς

298 3028 582 3101 πλατείαις
616 3037 820 3108 αὐτῆς,
853 3038 950 3091 ἐὰν
1002 3036 1197 3109 εὕρητε
1252 3039 1419 3109 ἄνδρα
1466 3041 1512 3091 εί
1543 3037 1657 3090 ἔστι
1707 3039 1874 3093 ποιῶν

1960 842 2115 900 sione
2186 858 2482 915 erroreque
2527 840 2813 920 vacantem
2871 845 2939 901 de
2975 847 3087 902 Deo
3148 850 3536 920 cognitionem,

1961 922 2444 1014 certissimamque
2495 932 2564 990 de
2614 917 2794 990 rebus
2863 917 3333 1007 praestantissimis
3381 942 3544 1014 118

1962 1010 2384 1113 intelligentiam
2399 1027 2423 1111 ’ί

2028 1104 2226 1174 PALL.
2259 1120 2375 1174 Imo
2400 1104 2609 1176 fateor:
2637 1117 3020 1189 siquidem'est
3043 1135 3108 1176 ea
3138 1135 3228 1177 res
3249 1123 3375 1178 vita:
3403 1122 3541 1180 eﬂ‘e—

1967 1196 2376 1268 ctrixfEtenim
2398 1227 2561 1268 nosse
2604 1212 2731 1283 quis
2760 1220 2959 1268 natura
3005 1227 3070 1268 ac
3123 1229 3315 1270 revera
3363 1215 3436 1270 sit
3459 1232 3546 1272 re-

1963 1318 2087 1358 rum
2111 1292 2359 1357 omnium
2395 1288 2581 1373 opifex
2604 1317 2670 1359 ac
2696 1303 2862 1376 Deus,
2884 1303 3032 1373 quod
3085 1302 3219 1358 item
3273 1306 3544 1375 optimum

1954 1393 2092 1477 iter,
2120 1389 2176 1447 id
2209 1408 2344 1449 vero
2370 1393 2437 1448 ad
2480 1392 2805 1464 perpetuam
2860 1393 3010 1449 illam
3039 1399 3413 1464 aeternamque
3464 1396 3546 1450 vi-

1964 1496 2077 1565 tam
2103 1486 2375 1567 perducit.
3605 1562 3609 1565 .

2035 1575 2192 1632 CYR.
2220 1578 2391 1632 Recte
2422 1577 2523 1633 ais.
2568 1577 2748 1648 Atque
2776 1577 2883 1633 hoc
2921 1592 3024 1633 nos
3065 1576 3256 1633 docuit
3293 1576 3546 1634 Christus

1956 1648 2104 1737 ipse,
2141 1682 2268 1721 cum
2295 1668 2501 1723 sanctis
2523 1670 2787 1739 apostolis
2800 1667 3081 1740 praecepit,
3115 1668 3341 1724 dicens:
3374 1688 3393 1720 ι
3413 1668 3547 1725 Gra-

1970 1761 2040 1814 tis
2067 1759 2382 1830 accepistis,
2419 1759 2588 1830 gratis
2607 1758 2733 1814 date
2758 1760 2825 1812 ".
2856 1779 2875 1811 »
2909 1759 3030 1814 Alia
3062 1773 3285 1828 quoque
3334 1758 3545 1811 ratione

1967 1866 2079 1905 non
2107 1848 2318 1905 inutilis
2350 1858 2435 1905 est
2473 1851 2686 1905 caeteris
2713 1850 3036 1905 hominibus
3073 1849 3168 1904 ille
3227 1855 3545 1904 sanctorum

1970 1944 2219 2000 virorum
2252 1942 2544 2012 splendor:
2566 1942 2787 1997 illorum
2818 1958 3055 2012 namque
3096 1942 3263 1996 rebus
3286 1941 3428 1997 bene
3450 1957 3545 2013 ge-

1969 2034 2089 2099 stis,
2128 2040 2332 2089 nostrae
2365 2032 2659 2088 infelieiter
2709 2041 2874 2103 gestae
2924 2033 3260 2099 obruuntur,
3313 2040 3370 2088 et
3420 2048 3548 2089 cum

1968 2125 2315 2181 nobiliorum’
2354 2124 2602 2179 virorum
2659 2125 2828 2179 animi
2888 2124 3269 2181 fortitudinem
3312 2124 3549 2181 attendit

1970 2226 2159 2272 noster
2188 2217 2279 2271 ille
2306 2216 2532 2271 virtutis
2557 2224 2772 2270 amator
2817 2217 2983 2281 Deus,
3020 2216 3417 2273 inﬁrmioribus
3436 2217 3548 2272 cri-

1972 2308 2123 2363 mina
2155 2307 2449 2364 condonat.
2479 2307 2672 2378 Itaque
2709 2308 2990 2372 lsraelitae,
3026 2324 3150 2363 cum
3190 2310 3457 2365 effrenate
3480 2307 3548 2364 ad

1972 2400 2375 2455 contemnenda
2413 2399 2601 2456 divina
2632 2400 2888 2456 mandata
2914 2401 3197 2471 proclives
3242 2401 3547 2467 ferrentur,

1971 2491 2289 2561 nullamque
2314 2491 2573 2560 nequitia:
2628 2502 2841 2562 partem
2886 2492 3227 2557 omitterent,
3285 2492 3340 2546 in
3384 2504 3549 2561 quam

1972 2598 2083 2639 non
2105 2583 2349 2638 studium
2376 2583 2783 2654 impenderent,
2829 2583 3162 2653 legislatdris
3184 2583 3321 2637 iram
3352 2584 3550 2639 adver-

1973 2686 2094 2725 sum
2126 2686 2185 2727 se
2216 2673 2533 2728 necessario
2577 2681 3022 2728 commoverunt:
3060 2672 3155 2742 qui
3199 2688 3323 2728 cum
3362 2682 3553 2744 patinas

1973 2762 2280 2818 facinorum
2297 2764 2376 2843 ab
2405 2763 2494 2829 iis,
2526 2764 2623 2834 qui
2647 2779 2706 2819 se
2759 2764 2898 2819 adeo
2927 2764 3244 2818 immaniter
3285 2764 3551 2819 oti'cndis-

1975 2861 2116 2919 sent,
2142 2869 2363 2909 sumere
2394 2854 2582 2919 vellet,
2613 2853 3048 2924 supplicationes
3097 2854 3149 2908 ei
3176 2853 3375 2908 detulit
3418 2868 3553 2923 pro-

1974 2945 2141 3016 pheta
2167 2946 2453 3002 Jeremias.
2481 2945 2623 3012 Quid
2645 2961 2778 2999 vero
2805 2946 2873 2999 ad
2898 2945 3014 3000 hac
3031 2946 3214 3000 Deus?
3251 2966 3267 2997 ι
3286 2928 3552 3010 Οἰτουῖιθ,

1976 3038 2173 3107 inquit,
2213 3036 2271 3090 in
2296 3037 2400 3091 viis
2420 3037 2746 3101 Jerusalem,
2774 3046 2830 3090 et
2863 3036 3046 3091 videte
3075 3045 3131 3092 et
3156 3036 3469 3107 intelligitc,
3498 3044 3555 3092 et

299 3130 494 3201 κρίμα,
530 3131 626 3183 καὶ
653 3128 832 3200 ζητῶν
881 3130 1085 3194 πίστιν,
1120 3130 1216 3183 καὶ
1256 3130 1415 3197 ἵλεως
1445 3129 1638 3199 ἔσομαι
1669 3130 1870 3195 αὐτοῖς,

1977 3126 2205 3194 (ιυιετίιο
2235 3125 2301 3179 ἰη
2320 3124 2520 3205 plateis
2569 3126 2726 3195 ejus;
2768 3131 2845 3189 et,
2875 3124 2921 3178 si
2962 3124 3286 3179 inveneritis
3335 3124 3553 3191 virum;

300 3220 444 3289 λέγει
490 3218 714 3289 Κύριος.
757 3238 776 3270 ι
820 3219 1063 3291 Ἀνήσειν
1103 3219 1161 3273 δὲ
1209 3221 1299 3273 καὶ
1350 3219 1605 3290 Σοδόμοις
1656 3220 1876 3291 τὴνδιὰ

299 3313 468 3383 πυρὸς
493 3312 600 3381 ἔφη
640 3312 820 3384 δίκην,
852 3314 900 3366 εί
939 3311 1098 3366 πέντε
1126 3315 1272 3375 τινὲς
1303 3307 1415 3365 εἶεν
1440 3312 1497 3366 ἐν
1524 3313 1707 3377 αὐτοῖς
1736 3312 1875 3365 ὅσιοι

300 3400 393 3452 καὶ
412 3399 627 3469 ἀγαθοί.
651 3400 858 3454 Οὐκοῦν
884 3400 1042 3471 ἡτῶν
1072 3401 1243 3469 ἁγίων
1268 3401 1612 3473 λαμπρότης,
1646 3403 1875 3466 καὶτοῖς

301 3491 439 3560 ἁγαν
478 3492 821 3563 ἁμαρτωλοῖς
843 3533 857 3557 ,
905 3492 1019 3545 ἐσθ’
1045 3494 1135 3547 ὅτε
1158 3533 1173 3557 ,
1201 3493 1265 3546 τὸ
1295 3494 1370 3564 μὴ
1412 3492 1736 3557 κολάζεσθαι
1767 3494 1874 3549 δεῖν

300 3583 643 3655 παραχρῆμα
673 3581 953 3655 προξενεῖ,
980 3583 1071 3637 τὸν
1095 3584 1237 3637 θεῖον
1273 3585 1461 3657 ὥσπερ
1486 3585 1876 3640 ἐκδυσωποῦσα

300 3673 470 3743 θυμὸν
524 3675 617 3727 καὶ
663 3673 1096 3743 ἁνασειράζουσα
1135 3675 1229 3746 τὴν
1271 3676 1440 3748 ὀργήν
1464 3694 1478 3708 ·
1523 3679 1638 3742 τοῖς
1679 3678 1737 3731 δὲ
1772 3677 1875 3749 τὴν

297 3766 484 3821 πίστιν
511 3765 748 3843 γνησίως
796 3765 1238 3838 είσδεδεγμένοις,
1272 3768 1532 3839 εὐψυχίας
1556 3787 1620 3838 γε
1651 3770 1758 3841 μὴν
1792 3771 1873 3835 είς

294 3854 459 3909 τοῦτο
480 3856 617 3909 ίέναι
643 3855 717 3926 μὴ
746 3855 1086 3927 δυναμένοις,
1115 3857 1189 3920 ὡς
1219 3857 1398 3922 πόνοις
1428 3858 1569 3913 ἑλεῖν
1595 3859 1873 3928 δύνασθαι,

294 3946 395 4011 τὺ,
451 3946 548 4002 καὶ
603 3947 762 4002 θείων
824 3948 1021 4011 αὐτοὺς
1077 3948 1446 4018 ἐμπίπλασθαι
1497 3951 1875 4023 χαρισμάτων,

298 4040 591 4110 μονονουχὶ
642 4040 1071 4111 συμμερίζονται
1105 4041 1202 4105 τὰς
1236 4042 1617 4114 εὐδοκιμήσεις
1638 4084 1653 4107 ,
1684 4044 1875 4099 παιδαο

293 4129 629 4199 γωγοῦντες,
657 4130 733 4194 ὡς
751 4130 850 4203 ἔνι,
879 4131 1131 4204 καὶπρὸς
1161 4132 1266 4184 πᾶν
1305 4131 1481 4186 ὁτιοῦν
1512 4120 1876 4206 ἀποφέροντες

291 4220 412 4273 τῶν
448 4220 793 4292 ἀρεσκόντων
828 4219 980 4302 Θεῷ,
1014 4220 1242 4274 καὶτῶν
1279 4221 1425 4275 ίδίων
1454 4223 1651 4286 αὐτοὺς
1676 4225 1875 4297 ἀνδρα-

292 4309 640 4381 γαθημάτων
685 4309 1076 4379 ἀποφαίνοντες
1114 4308 1411 4377 κοινωνούς
1436 4331 1449 4344 ·
1500 4315 1594 4368 καλ⁵
1635 4314 1673 4370 ἁ
1724 4316 1877 4386 μόλις

293 4403 456 4458 αὐτοὶ
484 4402 573 4457 διὰ
607 4402 876 4456 πλείστων
924 4404 1065 4456 ὅσων
1102 4402 1415 4474 εὑρίσκουσι
1460 4405 1659 4472 πόνων,
1701 4406 1879 4461 ταῦτα

1980 3218 2026 3272 si
2064 3216 2232 3271 fuerit
2258 3200 2354 3286 qui
2381 3214 2544 3269 faciat
2558 3214 2851 3286 judicium,
2885 3220 2943 3268 et
2973 3229 3226 3284 quaerens
3269 3213 3432 3268 ﬁdem
3462 3233 3476 3279 ;
3502 3222 3559 3269 et

1980 3306 2256 3378 propitius
2302 3322 2400 3361 cro
2433 3306 2587 3376 ipsis,
2644 3305 2782 3359 dicit
2824 3305 3092 3359 Dominus
3136 3303 3201 3356 ⁷⁸.
3234 3323 3252 3355 ι
3304 3302 3558 3358 Sodomis

1980 3413 2201 3468 quoque
2240 3397 2680 3452 condonaturum
2719 3410 2778 3451 se
2817 3409 3009 3465 poenas
3070 3393 3281 3464 ignium
3322 3394 3478 3458 dixit,
3508 3392 3557 3448 si

1980 3491 2227 3561 quinque
2240 3488 2404 3544 modo
2424 3488 2501 3543 ibi
2527 3495 2712 3544 essent
2732 3487 2807 3558 pii
2833 3497 3002 3558 atque
3028 3486 3185 3557 probi
3209 3486 3555 3541 bomines"‘.

1981 3580 2126 3651 Ergo
2151 3586 2486 3635 sanctorum
2507 3579 2751 3633 virorum
2776 3579 3039 3634 nobilitas
3059 3575 3314 3631 maximis
3338 3589 3558 3646 quoque

1980 3668 2363 3741 peccatoribus
2384 3666 2733 3737 quandoque,
2751 3682 2821 3721 ne
2874 3666 3060 3721 statim
3104 3665 3427 3743 puniantur,
3453 3664 3558 3718 im-

1981 3770 2183 3833 petrat,
2208 3777 2332 3816 cum
2357 3761 2600 3817 divinam
2650 3761 3084 3832 indignationem
3112 3760 3296 3816 ﬂectat
3319 3768 3376 3815 et
3419 3761 3558 3815 iram

1983 3861 2241 3911 revocet:
2277 3869 2403 3909 cum
2429 3853 2497 3909 iis
2526 3869 2681 3921 vero,
2708 3855 2803 3926 qui
2834 3856 2998 3911 ﬁdem
3041 3856 3256 3911 sincere
3298 3872 3561 3929 suscepe-

1983 3954 2135 4011 runt,
2162 3962 2267 4002 nec
2298 3953 2479 4001 tamen
2504 3944 2572 4000 ad
2623 3960 2745 4001 eam
2770 3947 3212 4018 magnitudinem
3267 3951 3558 4020 pervenire

1981 4048 2303 4110 potuerunt,
2354 4047 2417 4094 ut
2460 4037 2652 4093 labore
2685 4038 2999 4095 divinarum
3043 4039 3441 4096 charismatum
3462 4056 3559 4096 co-

1982 4133 2127 4204 piam
2148 4132 2255 4189 sibi
2286 4140 2687 4202 compararent,
2710 4133 3109 4202 propemodum
3124 4148 3350 4188 suarum
3373 4148 3559 4188 rerum

1966 4232 2257 4295 'gcstarum
2282 4224 2500 4279 laudem
2523 4225 2952 4290 communicant,
2980 4225 3037 4278 in
3058 4240 3127 4279 eo
3158 4222 3308 4293 quod
3339 4237 3456 4287 eos,
3498 4232 3561 4278 ut

1983 4315 2327 4385 ﬁeri-potest,
2353 4314 2668 4381 instituunt,
2694 4315 2763 4370 ad
2785 4328 2958 4384 eaque
2982 4315 3187 4381 omnia,
3211 4328 3558 4385 quaecunque

1966 4408 2356 4478 'D‘eoplacent,
2382 4406 2726 4477 perducunt;
2782 4410 2945 4473 atque
2980 4404 3036 4457 in
3080 4405 3398 4459 societatem
3428 4419 3562 4459 suo-

289 4495 423 4557 ταίς
454 4493 660 4564 ἐτέρων
685 4492 911 4556 ἐνιέντες
939 4493 1159 4562 ψυχαῖς.
1186 4494 1306 4546 Ὅτι
1334 4492 1444 4563 γὰρ
1472 4496 1872 4570 συμμεθέξομει

1990 4511 2114 4550 rum
2134 4492 2359 4549 fortium
2384 4493 2653 4548 factorum
2696 4492 2822 4547 illos
2862 4492 3143 4547 asciscunt
3170 4509 3185 4559 ;
3216 4501 3273 4547 et
3297 4508 3420 4563 quae
3454 4492 3558 4563 ipsi

290 4585 418 4648 τοῖς
449 4585 624 4653 ἁγίοις
646 4585 741 4639 καὶ
767 4586 867 4655 τῆς
899 4583 1126 4655 ἐνούσης
1154 4583 1339 4647 αὐτοῖς
1362 4583 1762 4658 λαμπρότητος,
1787 4592 1872 4644 καλ

1983 4589 2076 4643 vix
2111 4588 2342 4643 suinmis
2377 4585 2662 4642 laboribus
2715 4594 3070 4656 pepererunt,
3117 4598 3181 4639 ea
3226 4585 3285 4638 in
3323 4580 3559 4639 aliorum

290 4675 414 4729 τῶν
445 4676 955 4747 ἀνδραγαθημάτων
997 4675 1237 4746 ἐσόμεθα
1269 4676 1516 4730 κοινωνοὶ
1543 4719 1557 4744 ,
1599 4678 1659 4743 ἐξ
1688 4681 1872 4753 ήμερό

1992 4679 2278 4734 hominum
2296 4676 2495 4732 animis
2514 4676 2784 4731 inserunt.
2809 4675 2955 4729 Fore
2982 4676 3188 4739 autem,
3206 4683 3406 4730 ut'una
3433 4687 3558 4728 cum

289 4783 464 4836 τητος
504 4767 599 4821 καὶ
642 4766 1082 4839 φιλανθρωπίας,
1130 4766 1197 4821 τὰ
1245 4768 1401 4839 ἡμῶν
1434 4770 1722 4840 ἡττήματα
1771 4776 1872 4838 τοῖς

1986 4771 2190 4826 sanctis
2219 4769 2354 4824 viris
2375 4768 2701 4832 claritatem,
2729 4782 2852 4837 quae
2886 4766 2998 4821 illis
3046 4765 3211 4831 inest,
3262 4766 3558 4836 participe-

290 4858 527 4913 ἐκείνων
572 4859 1012 4932 κατορθώμασιν,
1054 4860 1217 4913 οἱονεὶ.
1275 4861 1652 4933 συμφύροντός
1695 4880 1754 4917 τε
1787 4868 1872 4920 καὶ

1986 4877 2127 4928 mus,
2157 4870 2214 4916 et
2236 4875 2427 4915 eorum
2457 4861 2712 4930 praeclare
2737 4868 3015 4931 gestorum
3055 4858 3190 4915 socii
3222 4858 3415 4925 simus,
3449 4858 3560 4912 Deo

290 4949 704 5020 ἀνακιρνῶντος
744 4949 914 5012 Θεοῦ,
956 4951 1050 5003 καὶ
1093 4951 1152 5003 τὸ
1209 4952 1387 5016 ἐνδεὲς
1433 4951 1510 5024 τῷ
1561 4953 1880 5026 τελειοτέρῳ

296 5039 676 5113 συνείροντος,
707 5041 774 5093 ἵν’
804 5041 890 5111 εἴη
934 5041 1119 5095 δεκτόν
1147 5059 1160 5073 ο
1197 5043 1367 5112 σαφὲς
1424 5042 1490 5096 ἂν
1520 5043 1729 5112 γένοιτο
1787 5047 1880 5100 καὶ

291 5131 391 5184 διὰ
420 5133 608 5187 τούτου
636 5132 824 5187 πάλιν.

1985 4969 2053 5008 ex
2082 4952 2422 5023 benignitate
2442 4962 2606 5021 atque
2638 4952 2926 5007 clementia
2941 4960 3160 5007 nostras
3182 4951 3370 5022 culpas
3400 4959 3456 5005 et
3479 4950 3562 5005 in—

1986 5045 2274 5101 ﬁrmitates
2295 5062 2419 5101 cum
2443 5045 2661 5100 illorum
2684 5054 2830 5101 recte
2846 5045 2985 5100 actis
3004 5044 3173 5099 veluti
3188 5041 3559 5097 confundente

1988 5153 2053 5193 ac
2077 5138 2469 5208 permiscente,
2502 5137 2666 5207 idque
2701 5135 2851 5207 quod
2886 5135 3202 5190 inchoatam
3244 5141 3336 5188 est
3365 5142 3423 5187 et
3451 5132 3556 5185 im-

293 5222 631 5292 perfectum,
670 5240 795 5280 cum
859 5240 926 5280 eo
986 5225 1133 5295 quod
1185 5234 1270 5282 est
1311 5225 1628 5297 perfectius,
1668 5236 1729 5283 ut
1759 5236 1973 5300 gratum
2031 5237 2425 5300 acceptumque
2482 5228 2596 5295 ﬁat,
2664 5229 3024 5293 cenferente;
3056 5226 3113 5283 id
3180 5226 3288 5282 hoc
3337 5235 3559 5295 quoque

292 5315 624 5371 testimonio
663 5316 823 5386 119
848 5316 1196 5372 manifestum
1239 5316 1355 5373 ﬁeri
1392 5321 1592 5388 potest.

373 5408 583 5462 HAAA.
624 5407 781 5460 Ποίου
804 5408 867 5480 δή
894 5426 1034 5472 τινος
1060 5410 1194 5479 φήςὶ

372 5500 542 5552 ΚΥΡ.
574 5499 861 5554 Μωαϐῖται
890 5501 981 5553 καὶ
1028 5499 1370 5569 Μαδιηναὶρι,
1421 5498 1547 5567 ἔθνη
1584 5501 1681 5569 μὲν
1713 5501 1883 5569 ήστην

2068 5406 2265 5464 PALL.
2301 5404 2524 5476 Ecquod
2560 5403 2693 5458 illud
2723 5403 2845 5457 est?

2064 5500 2220 5557 (ΝΒ.
2273 5499 2522 5554 Moabita:
2571 5512 2634 5550 ac
2683 5493 3010 5557 Madianitaa,
3071 5490 3250 5561 impiae
3313 5487 3576 5562 quaedam.

290 5591 497 5646 ἀνόσιὰ
518 5608 577 5645 τε
590 5596 684 5646 καὶ
703 5592 972 5663 βάρϐαρα,
990 5593 1349 5661 κατενέμοντο
1374 5591 1428 5644 δὲ
1442 5592 1542 5660 τῆς
1556 5592 1872 5660 ἐπαγγελίας

1993 5598 2153 5646 erant
2203 5606 2266 5644 ac
2299 5591 2545 5644 barbara:
2590 5595 2805 5658 gentes;
2858 5583 3171 5641 incolebant
3201 5591 3388 5640 autem
3426 5574 3578 5652 pro-ﬁ

374 5769 429 5801 "
459 5768 616 5824 Rom.
640 5785 677 5837 ι,
707 5769 794 5822 il.
872 5770 916 5807 ⁷⁷
955 5767 1146 5834 Matth,
1170 5781 1219 5829 x,
1245 5766 1296 5819 8.
1375 5766 1420 5799 ⁷⁸
1439 5766 1617 5832 Jcr.v,
1651 5767 1701 5822 l.

1802 5769 1868 5800 ⁷⁸⁸
1923 5768 2058 5825 Gen.
2084 5784 2233 5830 xml,
2257 5770 2345 5823 32.
