4082 6304
517 315 619 381 3:2;
1533 308 1587 364 s.
1629 304 1903 363 cmeu
1945 262 2417 357 ALEXANDRINI
2455 299 2773 356 ARCHIEP.
3663 286 3767 363 se;

518 424 794 485 missionis
812 433 1033 487 terram,
1052 439 1214 493 quam
1236 433 1393 479 erant
1415 421 1511 476 ﬁlii
1536 422 1701 476 Israel
1722 419 2029 490 possessuri
2066 434 2078 471 :

2207 416 2282 487 τῆν
2307 416 2445 484 γῆν,
2479 417 2545 486 ἣν
2588 410 3001 484 κληρονομίζειν
3033 407 3254 479 ἔμελλον
3296 406 3346 459 οί
3370 406 3478 459 υἱοὶ
3519 402 3761 474 Ἰσραήλ.

517 531 753 587 cumque
782 517 1091 587 proximum
1138 526 1285 572 esset
1312 518 1426 587 jam
1476 516 1831 584 vicinumque
1858 513 2084 576 bellum,

2207 505 2421 574 Ἐπειδὴ
2451 505 2508 557 δὲ
2544 503 2714 575 άγχοῖἱ
2757 520 2817 556 τε
2873 500 3058 554 λοιπον
3105 498 3200 552 καὶ
3238 496 3434 566 γείτων
3469 496 3497 548 ὁ
3527 493 3764 562 πόλεμος

518 624 582 664 ac
610 584 1030 679 quam—primum
1063 616 1244 663 essent
1267 584 1523 679 perituri,
1546 616 1603 662 et
1631 607 1697 661 ad
1727 605 2088 676 congredien-

2207 596 2255 671 ειν
2289 599 2389 670 ⁴ἤδη
2430 614 2547 659 πως
2570 637 2584 661 ,
2635 596 2710 658 ὡς
2738 594 2937 649 αὐτίκα
2969 591 3034 662 δὴ
3068 590 3212 660 μάλα
3244 586 3608 679 ἀπολούμενοι
3651 584 3760 679 (Ι),

518 698 647 753 dum
667 714 789 753 cum
811 699 1174 753 lsraelitarum
1192 699 1433 754 exercitu
1454 699 1709 768 impares,
1739 703 2091 752 tentaverunt

2207 691 2286 744 ιαῖ
2312 691 2430 754 ταῖς
2463 685 2556 740 τοῦ
2593 685 2808 756 Ἰσραὴλ
2836 684 3128 753 δυνάμεσιν
3168 678 3485 747 ἀντεξάγειν
3530 676 3631 747 οὐχ
3664 670 3763 729 οἷοί

518 789 745 860 magicis
784 788 1016 853 artibus,
1067 788 1405 858 nefariisque
1455 787 1672 853 studiis,
1730 786 1932 856 quibus
1986 783 2091 853 ipsi

2207 800 2273 844 τε,
2301 777 2737 853 προσεπειρῶντο
2770 776 2889 847 μὲν,
2920 774 3110 846 μάγων
3139 772 3321 843 τέχνῃ,
3351 771 3453 860 καὶ,
3478 771 3591 860 τοῖς
3615 768 3762 860 παρὰ

515 880 690 936 dediti
716 887 872 934 erant
893 920 907 945 ,
942 880 1153 935 hostem
1187 879 1533 950 propulsare.
1572 879 1709 934 Cum
1740 893 1871 933 vero
1909 875 2094 932 omnia

519 971 859 1034 molirentur,
894 970 1140 1041 nihilque
1165 968 1637 1024 incommodarent
1679 969 1825 1023 hosti
1870 966 2092 1040 (quippe

517 1064 674 1133 cujus
721 1064 868 1117 Deus
905 1070 1050 1117 esset
1105 1073 1496 1134 propugnator,
1559 1062 1874 1131 falsumque
1910 1068 2093 1114 vatem

518 1152 756 1217 Balaam,
779 1152 894 1221 qui,
916 1160 976 1206 ut
991 1153 1129 1208 male
1150 1159 1489 1223 precaretur,
1512 1153 1814 1208 conductus
1839 1149 2095 1205 mercede

517 1242 717 1306 fuerat,
762 1242 831 1295 ad
858 1243 1296 1298 benedicendum
1341 1240 1748 1312 convertisset),
1788 1249 1849 1295 ut
1887 1241 1982 1310 qui
2023 1239 2094 1295 ad

519 1346 790 1387 summam
815 1332 1029 1385 consilii
1058 1332 1298 1402 inepiam
1329 1340 1514 1387 essent
1532 1334 1644 1403 jam
1677 1331 1921 1397 adducti,
1954 1332 2097 1387 hanc

518 1422 622 1490 ipsi
647 1436 835 1475 secum
862 1423 1130 1476 rationem
1157 1423 1420 1487 inierunt,
1461 1438 1571 1477 non
1604 1439 1662 1477 se
1693 1423 1799 1476 alia
1822 1423 1909 1477 via
1931 1437 2094 1490 posse

517 1510 790 1565 Israelitas
817 1510 1035 1577 laedere,
1062 1512 1167 1566 nisi
1189 1513 1381 1576 Deum,
1404 1512 1461 1566 in
1488 1527 1598 1582 quo
1617 1511 1930 1582 praesidium
1961 1512 2095 1582 ipsis

517 1608 638 1654 erat
670 1602 1067 1667 constitutum,
1111 1601 1494 1667 offendissent,
1536 1617 1600 1657 ac
1630 1602 1825 1657 nudati
1857 1617 2097 1672 superno

521 1691 749 1757 auxilio,
769 1707 1007 1762 pugnam
1028 1690 1292 1747 adversus
1315 1692 1463 1762 ipsos
1486 1692 1783 1746 ineundam
1798 1691 2091 1747 ducerent.

2195 872 2374 942 σφίσιν
2408 869 2645 929 ἀνοσίοις
2668 864 3080 936 ἐπιτηδεύμασι,
3115 858 3613 932 προσαποσείεσθαι
3639 857 3763 919 τοὺς

2193 962 2440 1033 ἐχθρούς.
2487 958 2704 1030 Ἐπειδὴ
2733 957 2789 1011 δὲ
2821 956 2998 1010 πάντα
3038 953 3273 1026 δρῶντες
3299 990 3314 1015 ,
3345 949 3564 1020 ἠδίκουν
3592 947 3760 1010 οὐδὲν,

2193 1053 2326 1107 Θεοῦ
2369 1050 2835 1122 προασπίζοντος,
2883 1046 3097 1101 καὶτὸν
3142 1042 3506 1114 ψευδόμαντιν
3535 1039 3763 1108 Βαλαάμ

2195 1141 2276 1204 είς
2303 1140 2364 1193 τὸ
2397 1139 2640 1208 εὐλογεῖν
2667 1135 3109 1208 περιτρέποντος,
3149 1132 3242 1184 καί
3263 1147 3347 1183 τοι
3373 1129 3510 1201 πρὸς
3542 1129 3602 1182 τὸ
3630 1130 3762 1180 ἐπα-

2198 1233 2394 1305 ρᾶσθαι
2427 1230 2538 1285 δεῖν
2574 1226 3057 1302 μεμισθαρνηκότα
3080 1225 3155 1286 ὼς
3176 1224 3233 1276 ὲν
3261 1221 3520 1292 ἀπορίαις
3549 1219 3651 1290 ήδη
3680 1236 3764 1287 γε·

2195 1327 2408 1397 νόμενοι
2440 1326 2558 1386 ταῖς
2584 1322 2860 1392 ἐσχάταις,
2888 1315 3195 1386 ἐλογίζοντο
3218 1314 3364 1369 κατὰ
3390 1315 3530 1383 σφᾶς
3548 1311 3762 1375 αὐτοὺς,

2201 1419 2275 1489 μὴ
2305 1416 2370 1471 ἂν
2398 1416 2596 1486 ἑτέρως
2628 1411 2868 1482 ἰσχύσειν
2894 1408 3148 1477 ἀδικῆσαι
3186 1405 3277 1458 τὸν
3322 1401 3562 1474 Ἰσραὴλ,
3608 1403 3655 1454 εί
3693 1400 3764 1471 μὴ

2200 1506 2318 1576 Θεῷ
2347 1504 2422 1575 τῷ
2445 1501 2802 1575 προεστηκότι
2832 1495 3285 1570 προσκρούσειαν,
3317 1494 3411 1546 καὶ
3438 1493 3638 1563 γυμνοὶ
3670 1494 3766 1561 τῆς

2197 1596 2402 1653 ἄνωθεν
2438 1591 2756 1664 ἐπικουρίας
2782 1590 2882 1660 τῆς
2914 1589 3052 1662 πρὸς
3092 1586 3289 1649 αὐτοὺς
3313 1627 3328 1651 ,
3359 1585 3515 1654 είπερ
3543 1583 3763 1646 ἕλοιντο,

2199 1688 2545 1756 συγκροτοῖεν
2587 1683 2786 1755 μάχην.
2841 1680 3054 1743 Είδότες
3109 1679 3155 1732 δ’
3192 1679 3274 1731 ὅτι
3323 1676 3525 1747 θερμόν
3572 1692 3631 1728 τε
3676 1674 3767 1727 καὶ

519 1783 729 1852 Itaque,
749 1797 873 1836 cum
892 1781 1096 1836 scirent
1113 1781 1386 1836 fervidum
1407 1797 1526 1836 esse
1549 1782 1907 1837 masculinum
1925 1797 2097 1853 genus

2207 1778 2432 1852 προαλὲς
2462 1779 2541 1841 είς
2577 1793 2640 1845 γε
2667 1775 2733 1829 τὸ
2758 1773 2889 1845 Θῆλυ
2920 1772 2982 1826 τὸ
3008 1771 3196 1843 ἄρσεν,
3227 1771 3322 1824 καὶ
3362 1772 3478 1831 ταῖς
3508 1769 3587 1831 είς
3613 1766 3767 1820 τοῦτο

521 1887 585 1926 ac
610 1885 853 1941 praeceps
874 1870 931 1924 in
949 1869 1216 1936 feminas;
1241 1879 1297 1925 et
1323 1870 1586 1925 adversus
1610 1868 1877 1941 ejusmodi
1900 1870 2095 1924 obsce-

520 1962 777 2016 nissimas
809 1961 1120 2031 voluptates
1152 1976 1264 2014 non
1287 1975 1408 2016 esse
1446 1968 1617 2015 tutam
1648 1959 2094 2026 adolescentiam,

522 2051 878 2107 mulierculas
924 2051 1300 2105 submiserunt
1354 2058 1667 2116 exornatas,
1711 2066 1831 2121 qua:
1858 2048 2096 2105 ﬁliosIs-

522 2143 637 2197 rael
662 2141 729 2195 ad
771 2148 987 2211 turpem
1016 2140 1469 2197 consuetudinem
1500 2141 1915 2211 pertraherent;
1959 2154 2097 2210 qua-

532 2250 656 2288 rum
720 2233 902 2304 specie
954 2232 1211 2288 facillime
1258 2231 1617 2303 capiebantur
1669 2232 1981 2302 quicunque
2030 2230 2099 2285 ad

524 2325 706 2382 carnis
733 2324 867 2378 vitia
904 2323 1177 2394 proclives
1201 2331 1395 2390 erant;
1430 2332 1488 2378 et
1512 2323 1733 2378 illarum
1767 2322 2101 2378 sententiam

525 2424 818 2485 sequentes
837 2413 1040 2469 sensim
1067 2429 1098 2468 a
1125 2414 1222 2468 Dei
1253 2414 1407 2469 cultu
1444 2412 1875 2469 deducebantur.
1910 2412 2098 2480 Itaque

525 2507 634 2561 illis
679 2506 747 2560 ad
797 2504 1178 2560 fornicationis
1234 2505 1488 2560 morbum
1532 2504 1816 2575 apostasia:
1871 2504 2098 2573 languor

525 2595 838 2652 accedebat.
868 2594 1144 2664 Scriptum
1168 2603 1253 2647 est
1273 2594 1422 2648 enim
1450 2612 1462 2647 :
1508 2595 1604 2649 «Et
1627 2594 1878 2647 initiatus
1898 2602 1983 2648 est
2000 2607 2101 2662 po-

526 2688 689 2758 pulus
710 2686 1046 2755 Beelphegor
1069 2686 1134 2738 ".
1150 2703 1167 2735 ι
1195 2685 1253 2739 Id
1281 2686 1459 2755 ipsum
1484 2684 1875 2754 prophetarum
1886 2700 2102 2754 quoque

527 2789 661 2829 voce
699 2774 778 2828 sic
804 2772 940 2827 dixit
977 2773 1120 2827 Deus
1156 2789 1170 2824 :
1209 2791 1228 2824 ι
1263 2774 1331 2827 Et
1364 2773 1602 2844 populus
1629 2772 1938 2844 intelligens
1970 2788 2102 2826 con-

526 2867 748 2939 iunctus
773 2874 857 2921 est
868 2881 993 2921 cum
1009 2866 1293 2922 meretrice
1310 2868 1374 2920 ³ο.
1388 2887 1405 2918 ι
1424 2867 1551 2922 Haec
1566 2866 1767 2939 ﬂagitia
1784 2866 2101 2938 gravissime

529 2950 678 3024 tulit,
732 2973 837 3014 nec
881 2957 1193 3022 immerito,
1242 2956 1556 3029 Iegislator;
1611 2971 1788 3027 neque
1835 2957 2101 3027 impunita

532 3051 789 3107 lsraelitis
806 3066 868 3107 ea
889 3065 977 3106 res
1010 3049 1148 3115 fuit;
1179 3049 1323 3104 illico
1335 3064 1571 3119 namque
1595 3049 1713 3120 ejus
1729 3048 1916 3119 flagitii
1939 3063 2101 3103 causa

533 3144 675 3198 mala
720 3142 863 3213 passi
906 3149 1036 3197 sunt
1080 3157 1192 3196 non
1236 3139 1496 3195 ferenda:
1549 3153 1672 3193 cum
1709 3138 1804 3208 qui
1848 3137 2103 3192 fornicati

533 3233 786 3296 fuissent,
809 3232 995 3288 fratris
1031 3247 1093 3306 ac
1116 3230 1351 3302 proximi
1373 3229 1459 3285 sui
1478 3228 1710 3299 quisque
1745 3244 1909 3283 manu
1940 3228 2107 3283 inter-

534 3325 842 3381 ﬁcerentur.
876 3324 1138 3394 Praecepit
1167 3331 1348 3378 autem
1382 3322 1526 3376 Deus
1539 3322 1798 3378 continuo
1818 3329 1880 3377 ut
1911 3321 2104 3377 adver-

534 3429 629 3468 sus
656 3413 974 3467 Madianitas
998 3412 1202 3466 bellum
1231 3409 1621 3480 susciperetur,
1644 3410 1834 3467 dicens
1867 3410 1935 3465 ad
1955 3412 2104 3484 Moy-

536 3517 654 3567 sen,
689 3502 843 3558 illum
872 3488 1150 3555 sacrorum
1175 3500 1531 3570 interpretem
1557 3520 1570 3555 :
1599 3521 1615 3551 ι
1645 3502 1922 3559 Ulciscere
1945 3504 2108 3559 ultio-

536 3606 662 3646 nem
683 3590 920 3645 ﬁliorum
941 3591 1105 3645 Israel
1130 3591 1197 3646 de
1231 3590 1576 3659 Madianitis;
1613 3598 1669 3648 et
1700 3592 1768 3648 ad
1797 3602 2106 3650 extremum

538 3683 757 3739 adderis
783 3683 848 3737 ad
871 3683 1130 3753 populum
1160 3692 1337 3737 tuum.
1373 3682 1443 3739 Et
1466 3684 1683 3740 locutus
1702 3693 1785 3740 est
1807 3686 2018 3758 Moyses
2038 3686 2107 3741 ad

539 3774 823 3844 populum,
843 3773 1033 3828 dicens
1057 3790 1069 3825 :
1093 3771 1314 3828 Armate
1336 3788 1405 3827 ex
1422 3774 1580 3829 vobis
1605 3774 1774 3840 viros,
1806 3783 2107 3846 etpugnate

539 3878 722 3917 coram
760 3862 990 3917 Domino
1034 3871 1225 3917 contra
1253 3863 1484 3928 Madian,
1529 3864 1763 3919 reddere
1809 3865 2105 3921 vindictam

541 3952 772 4007 Domino
794 3952 861 4006 de
883 3952 1117 4016 Madian,
1141 3952 1290 4006 mille
1320 3967 1389 4006 ex
1415 3953 1585 4017 tribu,
1613 3962 1669 4008 et
1690 3956 1839 4010 mille
1859 3971 1927 4010 ex
1959 3957 2108 4011 tribu

540 4058 607 4097 ex
628 4042 882 4096 omnibus
906 4040 1161 4095 tribubus
1194 4040 1358 4096 Israel
1396 4041 1597 4097 mittite
1637 4043 1703 4097 ad
1733 4046 2105 4114 pugnandum.

546 4132 706 4202 120
718 4132 786 4187 Et
799 4137 1158 4186 numerarunt
1176 4145 1242 4183 ex
1260 4130 1501 4185 millibus
1520 4130 1683 4186 Israel
1696 4132 1845 4187 mille
1855 4149 1922 4188 ex
1941 4135 2106 4202 tribu,

540 4221 834 4276 duodecim
886 4220 1057 4275 millia
1097 4226 1431 4275 armatorum
1468 4220 1525 4274 in
1567 4236 1833 4292 pugnam,
1868 4231 1925 4279 et
1961 4225 2110 4280 misit

540 4327 637 4367 eos
688 4312 901 4383 Moyses
940 4310 1089 4365 mille
1130 4310 1199 4366 de
1233 4309 1403 4374 tribu,
1440 4317 1496 4365 et
1527 4310 1675 4365 mille
1721 4312 1788 4366 de
1811 4313 1956 4369 tribu
1984 4332 2110 4371 cum

2200 1869 2617 1943 μυσαρωτάταις
2644 1866 2859 1938 ἡδοναῖς
2888 1865 2988 1917 οὐκ
3009 1862 3257 1932 ἀσφαλὴς
3277 1863 3311 1932 ἡ
3336 1861 3543 1931 νεότης,
3575 1858 3768 1927 γύναια

2197 1961 2458 2017 καθίεσαν
2496 1958 2906 2031 ἐξωραῖσμένα,
2954 1956 3092 2028 πρὸς
3131 1953 3349 2025 ὁμιλίαν
3380 1950 3480 2005 οὐκ
3519 1948 3769 2022 εὐπρεπῆ

2198 2055 2314 2117 τοῖς
2348 2051 2409 2117 ἐξ
2453 2050 2689 2122 Ἰσραὴλ,
2730 2042 2806 2104 ὧν
2834 2050 2957 2113 ταῖς
3002 2047 3173 2119 ὥραις
3207 2044 3530 2114 ἐτοιμότατα
3570 2057 3770 2112 συνηρ-

2200 2143 2401 2208 πάζετο
2423 2142 2530 2196 πᾶν
2554 2141 2677 2194 ὅσον
2698 2134 2764 2209 ῆν
2790 2137 3012 2200 εὐπετὲς
3045 2138 3125 2198 είς
3152 2136 3214 2188 τὸ
3249 2137 3425 2188 νοσεῖν
3451 2132 3521 2186 τά
3547 2131 3770 2203 σαρκὸς,

2199 2232 2597 2305 παρεκομίζετό
2619 2248 2679 2284 τε
2713 2229 2856 2284 κατὰ
2877 2229 3051 2300 βραχὺ
3089 2226 3191 2297 τῆς
3215 2227 3294 2290 είς
3332 2225 3464 2279 Θεδν
3494 2223 3771 2294 λατρείας.

2199 2326 2318 2388 ταῖς
2345 2324 2567 2377 ἐκείνων
2593 2322 2847 2393 ἑπόμενοι
2876 2318 3142 2389 γνώμαις.
3169 2316 3601 2389 Συνηρρώστουν
3621 2330 3680 2367 τε
3702 2315 3771 2384 τῇ

2206 2415 2431 2487 πορνείᾳ
2480 2414 2579 2485 τὴν
2607 2399 2927 2467 ἀπόστασιν.
2957 2411 3269 2481 Γέγραπται
3290 2408 3398 2478 γάρ
3421 2422 3434 2436 ο
3471 2424 3489 2456 ι
3521 2405 3632 2459 Kal.
3654 2405 3773 2457 ἐτε-

2206 2508 2372 2576 λέσθη
2401 2508 2430 2558 ὁ
2455 2505 2582 2568 λαὸς
2607 2504 2687 2575 τῷ
2712 2502 3053 2574 Βεελφεγὼρ.
3083 2521 3102 2554 ι
3136 2499 3279 2553 Αὐτὸ
3307 2498 3364 2550 δὲ
3388 2497 3537 2550 τουτὶ
3563 2497 3659 2549 καὶ
3686 2495 3774 2549 διά

2202 2598 2387 2668 φωνῆς
2419 2596 2716 2668 προφητῶν
2764 2595 2870 2666 ἔφη
2906 2594 3072 2657 Θεός·
3107 2611 3125 2645 ι
3169 2591 3279 2645 Καὶ
3309 2592 3337 2644 ὁ
3362 2588 3489 2653 λαὸς
3512 2590 3542 2642 ὁ
3574 2586 3773 2641 συνιὼν

2205 2689 2561 2743 συνεπλέκετο
2597 2686 2735 2758 μετὰ
2762 2687 2987 2758 πόρνης.
3023 2704 3042 2736 ι
3093 2683 3419 2752 Ἠγανάκτει
3442 2682 3541 2753 μὲν
3560 2675 3654 2734 οὖν
3677 2677 3774 2733 καὶ

2207 2780 2442 2853 μάλιστα
2475 2780 2700 2844 εἰκότως
2735 2780 2826 2832 ἐπὶ
2850 2777 3062 2840 τούτοις
3093 2778 3121 2829 ὁ
3145 2773 3473 2846 νομοθέτης,
3506 2771 3601 2825 καὶ
3619 2766 3689 2839 ῆν
3710 2768 3773 2822 τὺ

2209 2873 2398 2945 χρῆμα
2422 2875 2534 2934 τοῖς
2563 2872 2623 2936 ἐξ
2672 2869 2887 2940 Ἰσραὴλ
2915 2870 3016 2922 οὐκ
3057 2868 3311 2938 ἀζήμιον.
3355 2865 3443 2918 Ἐν
3479 2862 3774 2934 ἀφορήτοις

2207 2964 2317 3034 γάρ
2349 2959 2489 3034 ἦσαν
2531 2962 2691 3026 εὐθὺς
2723 2962 2811 3016 διά
2839 2959 2997 3015 τοῦτο
3038 2961 3384 3031 συμφοραῖς,
3414 2954 3646 3024 ἀδελφοῦ
3679 2952 3774 3007 καὶ

2206 3056 2447 3125 γείτονος
2495 3054 2899 3125 δαπανωμένων
2949 3052 3093 3123 χειρὶ
3140 3051 3248 3105 τῶν
3305 3046 3773 3121 πεπορνευκότων.

2209 3145 2491 3218 Αίρεῖσοαι
2526 3144 2584 3198 δὲ
2616 3144 2753 3215 πρὸς
2790 3142 3155 3214 Μαδιηναίους
3189 3140 3349 3204 εὐθὺς
3378 3138 3631 3193 διετύπου
3677 3137 3778 3190 πό-

2208 3239 2372 3309 λεμον
2426 3237 2602 3306 λέγων
2641 3236 2777 3307 πρὸς
2804 3236 2897 3288 τὸν
2935 3234 3260 3308 ἱεροφάντην
3306 3232 3509 3289 Μωσέα
3543 3231 3709 3294 Θεός·

2192 3330 2455 3385 «Ἐκδίκει
2497 3329 2599 3401 τὴν
2648 3328 2926 3400 ἐκδίκησιν
2960 3328 3067 3384 τῶν
3121 3327 3253 3381 υίῶν
3294 3324 3510 3397 Ἰσραὴλ
3561 3326 3625 3377 ἐκ
3670 3322 3782 3376 τῶν

2209 3421 2551 3477 Μαδιανιτῶν
2575 3462 2591 3488 ,
2623 3421 2720 3474 καὶ
2764 3419 2986 3491 ἔσχατον
3034 3418 3315 3492 προσθήσῃ
3360 3416 3496 3487 πρὸς
3535 3414 3625 3470 τὸν
3652 3414 3784 3468 λαόν

2215 3531 2329 3567 σου.
2359 3513 2469 3566 Καὶ
2500 3511 2728 3583 ἐλάλησε
2747 3512 2951 3582 Μωσῆς
2982 3511 3118 3582 πρὸς
3140 3510 3229 3564 τὸν
3248 3509 3395 3574 λαὸν,
3423 3508 3617 3577 λέγων’
3635 3506 3784 3571 Ἐξο-

2213 3602 2441 3656 πλίσατε
2487 3603 2612 3666 τοὺς
2658 3602 2857 3673 ἄνδρας
2911 3600 2971 3666 ἐξ
3017 3601 3190 3672 ὑμῶν,
3240 3599 3336 3652 καὶ
3394 3594 3784 3669 παρατάξασοε

2214 3694 2393 3747 ἔναντι
2430 3693 2633 3765 Κυρίου
2678 3693 2768 3746 ἐπὶ
2795 3692 3043 3764 Μαδιάμ,
3080 3689 3368 3745 ἀποδοῦναι
3398 3689 3674 3760 ἐκδίκησιν
3704 3687 3786 3758 τῷ

2212 3784 2403 3857 Κυρίῳ
2434 3786 2499 3856 τῇ
2534 3783 2761 3855 Μαδιάμ
2783 3823 2798 3847 ,
2832 3783 3038 3854 χιλίους
3066 3782 3132 3835 ἐκ
3162 3780 3337 3851 φυλῆς
3363 3821 3383 3847 ,
3432 3780 3527 3833 καὶ
3574 3778 3785 3851 χιλίους

2214 3877 2278 3929 ἐκ
2303 3874 2493 3946 φυλῆς,
2529 3875 2593 3926 ἐκ
2631 3872 2821 3926 πασῶν
2860 3869 3040 3940 φυλῶν
3069 3869 3201 3923 υἱῶν
3247 3866 3486 3939 Ἰσραὴλ,
3526 3865 3788 3919 ἀποστεί-

2213 3965 2341 4019 λατε
2388 3964 2822 4037 παρατάξασθαι.
2876 3963 2986 4016 Καὶ
3035 3961 3411 4032 ἐξηρίθμησαν
3460 3960 3524 4011 ὲκ
3558 3958 3670 4011 τῶν
3701 3975 3788 4027 χι-

2213 4057 2408 4111 λιάδων
2443 4056 2661 4128 Ἰσραὴλ
2710 4055 2915 4127 χιλίους
2964 4056 3030 4108 ἐκ
3071 4053 3244 4123 φυλῆς
3286 4051 3493 4105 δώδεκα
3536 4049 3786 4120 χιλιάδας

2214 4146 2649 4218 ἐνωπλισμένους
2676 4148 2755 4210 είς
2777 4144 3104 4217 παράταξιν,
3124 4145 3220 4198 καὶ
3244 4142 3565 4198 ἀπέστειλεν
3587 4141 3788 4204 αὐτοὺς

2213 4236 2416 4306 Μωσῆς
2443 4235 2646 4306 χιλίους
2674 4237 2737 4289 ἐκ
2772 4235 2969 4304 φυλῆς,
2997 4236 3090 4290 καὶ
3117 4234 3322 4306 χιλίους
3359 4235 3423 4287 ἐκ
3460 4233 3652 4303 φυλῆς,
3688 4234 3790 4286 σὺν

2213 4328 2439 4398 δυνάμει
2487 4327 2663 4381 αὐτῶν
2686 4342 2701 4358 ·
2734 4327 2828 4381 καὶ
2871 4327 2962 4380 τὸν
3004 4327 3190 4391 Φινεὲς
3216 4325 3330 4379 υἱὸν
3372 4322 3633 4393 Ἐλεάζαρ
3667 4321 3787 4376 υἱοῦ

541 4401 786 4459 exercitu
843 4417 1034 4457 eorum
1077 4419 1091 4456 :
1149 4409 1206 4457 et
1242 4400 1483 4457 Phinees
1534 4401 1680 4459 ﬁlius
1742 4404 1968 4461 Eleazar
2013 4407 2103 4462 ﬁlii

2230 4418 2441 4490 Ἀαρὼν
2467 4417 2562 4471 τοῦ
2597 4419 2786 4489 ἱερέως
2806 4459 2820 4483 ,
2856 4419 2949 4472 καὶ
2993 4417 3065 4472 τά
3098 4419 3266 4489 σκεύη
3299 4419 3366 4471 τά
3399 4417 3564 4484 ἇγια.
3602 4415 3699 4468 καὶ
3728 4414 3790 4466 αί

552 4495 732 4549 Aaron
758 4495 1078 4561 sacerdotis,
1120 4503 1178 4549 et
1196 4509 1325 4550 vasa
1352 4502 1557 4560 sancta,
1591 4502 1648 4550 et
1673 4497 1816 4553 tuba:
1835 4498 2103 4570 signorum

2221 4510 2519 4580 σάλπιγγες
2539 4510 2647 4564 τῶν
2678 4510 2962 4582 σημασιῶν
2994 4511 3053 4564 ἐν
3078 4513 3200 4573 ταῖς
3233 4509 3422 4581 χερσὶν
3447 4506 3625 4561 αὐτῶν
3643 4545 3660 4570 ,
3688 4506 3792 4558 καὶ

543 4587 601 4640 in
627 4587 881 4642 manibus
910 4582 1124 4641 eorum.
1159 4586 1227 4641 Et
1254 4596 1636 4657 pugnaverunt
1656 4600 1845 4644 contra
1875 4588 2110 4656 Madian,

542 4678 686 4733 sicut
722 4677 984 4748 prazcepit
1014 4676 1279 4732 Dominus
1306 4678 1494 4749 Moysi,
1519 4687 1575 4733 et
1600 4679 1924 4735 occiderunt
1950 4696 2113 4737 omne

543 4769 927 4832 masculinum,
971 4775 1029 4823 et
1076 4784 1232 4839 reges
1300 4768 1514 4825 Madian
1579 4771 1901 4826 occiderunt
1949 4774 2112 4828 simul

544 4857 984 4912 cumvulneratis
1006 4872 1218 4923 eorum,
1248 4870 1305 4915 et
1334 4861 1453 4927 Evi,
1485 4871 1540 4915 et
1570 4862 1797 4928 Rocom,
1825 4872 1880 4919 et
1909 4864 2034 4928 Sur,
2057 4872 2113 4920 et

547 4947 645 5011 Ur,
688 4956 745 5002 et
792 4946 1003 5011 Roboc,
1047 4948 1291 5019 quinque
1342 4967 1500 5023 reges
1532 4953 1764 5018 Madian,
1804 4961 1858 5008 et
1903 4954 2119 5009 Balaam

545 5037 721 5094 lilium
758 5037 899 5092 Beor
927 5037 1255 5093 occiderunt
1288 5041 1467 5110 gladio
1494 5043 1656 5098 simul
1677 5059 1801 5098 cum
1818 5044 2122 5101 vulneratis

546 5145 773 5197 eorum;
822 5138 880 5185 et
906 5128 1150 5200 captivas
1189 5129 1465 5184 duxerunt
1506 5133 1764 5189 mulieres
1804 5134 2036 5200 Madian,
2065 5145 2122 5190 et

549 5221 941 5292 supellectilem
975 5234 1191 5287 eorum,
1222 5228 1279 5276 et
1305 5234 1502 5289 pecora
1535 5235 1745 5290 eorum,
1770 5240 1901 5295 opes
1923 5242 2114 5280 eorum

548 5324 604 5368 et
630 5314 940 5372 facultatem
982 5329 1174 5369 eorum
1204 5311 1517 5383 depopulati
1560 5322 1706 5377 sunt,
1733 5324 1788 5369 et
1811 5331 2002 5371 omnes
2033 5317 2113 5371 ci-

555 5404 747 5464 vitates
766 5425 979 5477 eorum,
1001 5422 1125 5481 quae
1140 5411 1299 5463 erant
1329 5403 1385 5457 in
1418 5402 1853 5460 habitationibus
1890 5422 2108 5475 eorum,

625 5542 669 5574 τ’
687 5544 848 5601 Num.
890 5564 1013 5615 xxv,
1034 5548 1089 5603 3.
1163 5546 1209 5579 ”
1226 5545 1364 5602 Osee
1388 5560 1462 5609 γι,
1489 5543 1576 5598 14.
1621 5581 1625 5585 ρ

627 5685 702 5756 (l)
731 5687 861 5742 God.
895 5690 1067 5745 Vattc.
1089 5729 1103 5755 ,
1141 5684 1554 5758 πολεμούμενοι,
1596 5681 1863 5739 bellaturi.

2218 4596 2594 4668 παρετάξαντο
2626 4599 2718 4651 ἐπὶ
2772 4598 3030 4668 Μαδιάμ,
3066 4596 3211 4651 καθά
3244 4596 3547 4651 ἐνετείλατο
3579 4593 3788 4664 Κύριος

2215 4688 2295 4759 τῷ
2322 4690 2529 4754 Μωσεῖ,
2568 4689 2663 4744 καὶ
2695 4688 3022 4744 ἀπέκτειναν
3052 4690 3159 4742 πᾶν
3189 4687 3499 4759 ἀρσενικὸν,
3538 4685 3630 4740 καὶ
3658 4684 3789 4747 τοὺς

2218 4778 2455 4849 βασιλεῖς
2489 4778 2716 4849 Μαδιάμ
2740 4818 2755 4843 ,
2787 4778 3115 4833 ἀπέκτειναν
3143 4778 3257 4848 ἅμα
3289 4781 3400 4841 τοῖς
3422 4774 3790 4849 τραυματίαις

2217 4869 2414 4922 αὐτῶν·
2444 4870 2539 4923 καὶ
2557 4870 2648 4924 τὸν
2673 4870 2889 4932 Νευεὶν,
2913 4870 3007 4923 καὶ
3030 4869 3122 4924 τὸν
3153 4870 3360 4935 Ῥοκὸν,
3385 4871 3477 4924 καὶ
3504 4869 3594 4923 τὸν
3621 4869 3786 4937 Σοὺρ,

2217 4960 2312 5014 καὶ
2335 4960 2426 5012 τὸν
2448 4959 2581 5031 Οὒρ,
2612 4962 2705 5015 καὶ
2723 4962 2813 5015 τὸν
2853 4962 3065 5026 Ῥοῧὸκ,
3096 4962 3257 5016 πέντε
3289 4962 3526 5032 βασιλεῖς
3540 4960 3789 5029 Μαδιάμ,

2218 5052 2313 5104 καὶ
2344 5052 2435 5104 τὸν
2466 5050 2696 5122 Βαλαάμ
2731 5053 2846 5105 υίδν
2875 5051 3049 5123 Βεὼρ,
3090 5051 3418 5106 ἀπέκτειναν
3447 5051 3507 5103 ἐν
3540 5048 3791 5123 ῥομφαίᾳ

2221 5139 2319 5191 σὺν
2351 5141 2464 5203 τοῖς
2494 5140 2860 5210 τραυματίαις
2890 5140 3066 5194 αὐτῶν
3089 5157 3101 5170 ·
3134 5139 3227 5193 καὶ
3250 5140 3655 5211 προενόμευσαν
3688 5138 3795 5201 τάς

2220 5232 2485 5297 γυναῖκας
2515 5231 2760 5302 Μαδιάμ,
2794 5232 2888 5285 καὶ
2912 5231 3009 5302 τὴν
3034 5231 3345 5298 ἀποσκευὴν
3371 5230 3549 5283 αὐτῶν
3569 5271 3583 5293 ,
3606 5228 3795 5283 καὶτὰ

2220 5321 2390 5392 κτήνη
2416 5321 2616 5385 αὐτῶν,
2640 5322 2734 5374 καὶ
2756 5323 2931 5377 πάντα
2968 5324 3035 5376 τά
3063 5321 3304 5390 ἔγκτητα
3334 5318 3533 5386 αὐτῶν,
3566 5318 3796 5389 καὶτὴν

2218 5409 2445 5481 δύναμιν
2479 5412 2658 5467 αὐτῶν
2693 5414 3115 5486 προενόμευσαν,
3146 5413 3241 5466 καὶ
3266 5412 3444 5475 πάσας
3473 5410 3574 5474 τάς
3605 5411 3802 5480 πόλεις
