4082 6304
332 312 446 370 525
1079 318 1167 373 DE
1208 318 1647 376 ADORATIONE
1685 318 1751 373 IN
1788 313 2059 372 SPIRITU
2099 315 2187 370 ET
2225 315 2599 373 VERITATE.
2630 316 2758 372 LIB.
2794 316 2881 373 IV.
3479 318 3584 376 526

337 430 521 482 αὐτῶν
550 427 645 490 τὰς
679 428 736 480 ἐν
770 429 888 492 ταῖς
916 430 1223 494 κατοικίαις
1246 431 1446 493 αὐτῶν,
1487 432 1582 485 xui
1608 431 1709 495 τὰς
1740 430 1894 485 ὲπαό·

2014 440 2069 486 et
2088 428 2238 484 vicos
2257 444 2447 484 eorum
2471 432 2893 486 combusserunt
2916 430 3045 501 igni,
3076 439 3130 486 et
3160 440 3423 502 ceperunt
3448 448 3578 487 om-

336 518 448 581 λεις
470 517 647 571 αὐτῶν
666 516 973 587 ἐνέπρησαν
1002 520 1061 571 ὲν
1084 519 1249 590 πυρὶ,
1271 522 1364 574 xui
1385 519 1574 574 ἔλαϐον
1610 522 1789 574 πᾶσαν
1815 522 1894 590 τὴε

2016 536 2141 575 nem
2191 521 2432 590 praedam
2478 538 2691 585 eorum,
2739 532 2795 577 et
2830 524 3013 577 omnia
3053 524 3226 594 spolia
3267 540 3459 580 eorum
3513 526 3583 581 ab

334 604 618 677 προνομὴν
648 605 826 659 αὐτῶν
842 623 855 635 ·
882 608 974 661 xui
1003 609 1177 662 πάντα
1196 608 1263 662 τὰ
1286 608 1457 664 σκῦλα
1480 610 1659 665 αὐτῶν
1686 610 1795 664 ἀπὸ
1822 612 1894 665 ἀν

2014 609 2235 664 homine
2262 625 2433 679 usque
2454 610 2522 665 ad
2562 626 2749 680 pecus,
2776 620 2833 665 et
2876 610 3151 665 duxerunt
3186 611 3255 665 ad
3288 613 3506 684 Moysen
3527 628 3585 668 et

275 714 283 729 ι
338 695 556 766 θρώπου
573 696 677 757 ἓως
693 697 1053 774 κτήνοι›ς,.κα“ι
1073 698 1277 769 ἤγαγον
1289 700 1426 771 πρὸς
1444 701 1646 770 Μωσῆν
1666 702 1760 754 καὶ
1776 701 1913 771 πρὸς

347 784 609 858 Ἐλεάζαρ
636 786 726 839 τὸν
758 787 928 858 ίερέα,
955 789 1048 842 xui
1073 789 1211 860 πρὸς
1242 790 1451 855 πάντας
1475 792 1600 853 τοὺς
1626 792 1773 856 υἱοὺς
1812 792 1911 844 Ἰσ-

336 876 472 948 ραὴλ
486 862 586 945 τὴν
598 876 970 946 αἰχμαλωσίαν
989 879 1089 933 xui
1116 878 1184 933 τὰ
1202 879 1374 933 σκῦλα
1400 880 1494 933 xui
1512 881 1609 951 τὴν
1630 881 1910 952 προνομὴν

335 971 412 1033 είς
424 967 523 1038 τὴν
541 966 886 1038 παρεμϐολὴν
900 969 979 1031 εἰς
1011 968 1256 1039 ’Δραὸὼθ
1272 968 1463 1034 Μωὰϐ,
1483 971 1518 1042 ἦ
1540 972 1685 1024 ἐστιν
1710 971 1803 1023 ἐπὶ
1814 968 1907 1026 τοῦ

348 1057 608 1129 Ἰορδάνου
631 1058 770 1112 κατὰ
794 1057 1019 1128 Ἰεριχώ.
1040 1060 1150 1112 Καὶ
1173 1059 1361 1130 ἐξῆλθε
1377 1062 1579 1132 Μωσῆς
1597 1061 1690 1114 xui
1728 1061 1909 1117 Ἔλεάο

336 1149 434 1215 ξαρ
455 1152 482 1203 ό
504 1150 683 1219 ἱερεὺς
705 1189 720 1214 ,
759 1150 851 1203 xui
876 1150 1076 1213 πάντες
1095 1152 1146 1203 oi
1179 1150 1437 1222 ἄρχοντες
1459 1154 1556 1222 τῆς
1588 1155 1906 1225 συναγωγῆς

335 1243 412 1304 εἰς
426 1241 746 1311 συνάντησιν
757 1240 938 1303 αὐτοῖς
950 1239 1055 1304 ἔξω
1068 1240 1163 1310 τῆς
1182 1241 1650 1313 παρεμϐολῆς,καὶ
1660 1242 1902 1315 ὠργίσθη

334 1332 538 1400 Μωσῆς
561 1332 654 1384 ἐπὶ
690 1334 802 1395 τοῖς
831 1332 1146 1396 ἐπισκόποις
1174 1334 1272 1404 τῆς
1304 1331 1585 1404 δυνάμεως
1603 1333 1905 1405 χιλιάρχοις

252 1448 255 1451 ι
335 1424 431 1477 xui
482 1423 903 1495 ἑκατοντάρχοις
932 1426 1043 1487 τοῖς
1084 1423 1400 1511 ὲρχρμιένοις
1431 1425 1496 1477 ὲκ
1532 1427 1629 1495 τῆς
1658 1426 1906 1496 παρατά-

333 1512 466 1576 ξεως
499 1511 595 1565 τοῦ
627 1512 867 1583 πολέμου
889 1529 900 1541 ·
958 1513 1053 1566 καὶ
1081 1508 1235 1567 εἶπεν
1268 1508 1461 1578 ἀὐτοῖς
1490 1515 1694 1585 Μωσῆς
1716 1532 1731 1547 ο
1785 1517 1901 1569 Ἵνα

328 1605 382 1657 τί
405 1605 756 1675 ἐζωγρήσατε
796 1606 904 1658 πᾶν
934 1604 1065 1674 Θῆλυ
1094 1623 1108 1671 ;
1136 1599 1295 1659 αὗται
1322 1606 1430 1678 γὰρ
1458 1600 1600 1676 ἦσαν
1625 1608 1735 1670 τοῖς
1767 1608 1901 1671 υἱοῖς

2012 699 2081 753 ad
2126 699 2350 753 Eleazar
2386 700 2751 764 sacerdotem,
2790 708 2849 754 et
2891 700 2958 754 ad
3000 715 3194 756 omnes
3233 701 3373 758 ﬁlios
3417 704 3581 759 Israel

2012 789 2405 859 captivitatem,
2426 798 2483 844 et
2505 778 2678 859 spolia
2702 798 2759 843 et
2780 791 3019 861 praedam
3052 793 3107 846 in
3133 802 3329 857 castra,
3356 794 3408 848 in
3444 795 3581 850 Ara-

2010 880 2147 935 both
2173 881 2349 946 Moab,
2390 897 2513 951 qua:
2542 882 2709 936 estin
2739 883 2978 939 Jordane
3022 893 3213 939 contra
3235 885 3475 940 Iericho.
3515 887 3582 944 Et

2008 972 2146 1028 exiit
2167 971 2376 1045 Moyses
2399 974 2696 1030 etEleazar
2718 973 2991 1040 sacerdos,
3011 983 3067 1029 et
3095 990 3285 1031 omnes
3306 977 3580 1047 principes

2007 1078 2288 1134 synagoga:
2318 1063 2373 1119 in
2397 1079 2687 1120 occursum
2701 1080 2892 1120 eorum
2928 1072 3081 1120 extra
3105 1074 3304 1131 castra,
3331 1074 3386 1121 et
3410 1068 3581 1123 iratus

2006 1160 2090 1207 est
2117 1151 2299 1207 furore
2330 1152 2536 1226 Moyses
2555 1162 2747 1209 contra
2771 1154 3129 1224 imperatores
3146 1157 3421 1210 exercitus
3452 1158 3578 1212 mil-

2005 1241 2246 1297 lenarios
2277 1250 2335 1298 et
2363 1244 2716 1300 centuriones
2753 1246 3044 1301 venientes
3088 1262 3155 1301 ex
3187 1264 3368 1318 pugna
3408 1248 3575 1315 belli;

2004 1341 2061 1389 et
2096 1332 2236 1389 dixit
2262 1334 2343 1389 eis
2388 1335 2625 1407 Moyses:
2661 1337 2732 1393 Ut
2779 1337 2912 1407 quid
2939 1337 3122 1391 vivum
3152 1340 3375 1408 cepistis
3416 1356 3578 1395 onme

2004 1423 2372 1481 femininum?
2404 1427 2509 1484 Ila!
2521 1428 2668 1483 enim
2690 1428 2915 1484 fuerunt
2941 1429 3068 1484 ﬁliis
3103 1429 3267 1484 Israel
3285 1433 3436 1501 juxta
3455 1446 3579 1487 ver-

2014 1515 2147 1571 bum
2203 1518 2443 1585 Balaam,
2499 1528 2560 1574 ut
2613 1522 3017 1590 apostataretis,
3048 1529 3105 1577 et
3156 1524 3579 1579 contemneretis

2000 1612 2231 1667 verbum
2266 1610 2483 1665 Domini
2514 1618 2741 1681 propter
2777 1611 3027 1683 Pbogor:
3064 1618 3121 1666 et
3143 1611 3285 1666 facta
3318 1621 3401 1667 est
3421 1614 3575 1684 plaga

343 1694 558 1765 Ἰσραὴλ
586 1694 727 1747 κατὰ
749 1693 810 1747 τὸ
832 1694 982 1764 ῥῆμα
1007 1694 1254 1764 Βαλαὰμ,
1281 1693 1374 1748 τοῦ
1399 1696 1775 1766 ἀποστατῆσαι
1806 1697 1894 1749 xui

2002 1703 2056 1758 in
2082 1718 2351 1775 synagoga
2372 1701 2588 1756 Domini
2614 1719 2627 1754 :
2650 1710 2706 1757 et
2732 1717 2879 1755 nunc
2913 1702 3145 1757 occidite
3174 1718 3334 1758 omne
3358 1719 3575 1758 mascu-

332 1784 604 1853 ὑπεριδεῖν
626 1782 688 1836 τὸ
726 1783 878 1853 ῥῆμα
907 1783 1110 1854 Κυρίου
1130 1821 1146 1846 ,
1170 1783 1354 1837 ἕνεκεν
1387 1782 1578 1855 Φογὼρ
1598 1798 1613 1813 ⁸
1644 1786 1736 1839 καὶ
1773 1785 1894 1854 ὲγέ-

2002 1794 2176 1850 linum
2208 1796 2265 1849 in
2287 1794 2434 1849 omni
2462 1808 2675 1848 summa
2695 1799 2753 1847 et
2777 1809 2994 1848 omnem
3017 1793 3453 1864 mulierem,qu2e
3473 1811 3573 1850 no-

332 1892 450 1929 νετο
489 1877 519 1945 ἡ
551 1874 734 1946 πληγὴ
772 1876 830 1927 ὲν
870 1877 936 1945 τῇ
976 1878 1264 1947 συναγωγῇ
1313 1876 1522 1947 Κυρίου
1546 1895 1559 1909 ·
1621 1877 1716 1932 νῦν
1756 1879 1897 1933 ἁποο

330 1967 574 2020 κτείνατε
592 1968 703 2020 πᾶν
732 1967 1039 2037 ἀρσενικὸν,
1061 1968 1118 2019 ὲν
1144 1969 1292 2037 πάσῃ
1315 1967 1582 2040 ἁπαρτίᾳ,
1599 1969 1695 2024 xui
1715 1971 1895 2025 πᾶσαν

329 2056 583 2124 γυναῖκα,
605 2056 726 2126 ἣτις
756 2054 897 2124 ἔγνω
918 2056 1104 2127 κοίτην
1120 2056 1363 2129 ἄρσενος,
1394 2057 1771 2114 ἀποκτείνατε¹
1802 2060 1897 2114 καὶ

330 2146 505 2198 πᾶσαν
550 2143 650 2216 τὴν
696 2144 970 2217 ἁπαρτίαν
1002 2145 1110 2199 τῶν
1136 2146 1440 2213 γυναικῶν,
1480 2148 1603 2219 ἥτις
1646 2149 1748 2203 οὐκ
1789 2144 1895 2204 οἶδε

326 2236 513 2307 κοίτην
556 2236 827 2307 ἄρσενος,
873 2235 1190 2308 ζωγρήσατε
1242 2238 1432 2303 αὐτάς.
1478 2258 1497 2291 ι
1544 2241 1729 2294 Ταῦτα
1760 2241 1895 2297 Θεοῦ

325 2327 886 2399 κεχρησμῳδηκότος,
924 2327 1217 2383 ἀπόλεκτοι
1253 2330 1461 2384 νεανίαι
1494 2332 1632 2403 πρὸς
1660 2332 1761 2404 τὴν
1798 2331 1894 2388 τοῦ

325 2419 563 2489 πολέμου
598 2419 1014 2491 συνεκομίζοντο
1046 2420 1236 2492 χρείαν
1258 2438 1273 2454 ’
1308 2423 1403 2477 καὶ
1423 2423 1734 2495 ἀπδπάσης
1766 2442 1894 2479 συν-

320 2514 471 2583 ἐρρει
505 2512 681 2582 φυλῆς
703 2552 718 2575 ,
744 2512 806 2566 τὸ
834 2513 915 2566 ὃτι
950 2513 1189 2583 μάλιστα
1238 2514 1514 2585 τληπαθὲς
1541 2517 1636 2571 xui
1663 2517 1896 2589 δοκιμὺ-

323 2621 504 2670 τατον,
539 2604 625 2658 ἵνα
643 2605 702 2657 τὸ
729 2603 821 2673 ἀφ’
847 2605 1084 2675 ἑκάστης
1114 2607 1451 2679 εὐδοκιμοῦν,
1483 2607 1707 2680 αὔχημα
1731 2610 1901 2682 γένη-³

322 2713 412 2749 ται
452 2695 548 2749 τοῦ
591 2695 829 2761 παντὸς,
877 2696 973 2750 xui
1004 2698 1038 2767 ἡ
1082 2696 1178 2751 τοῦ
1215 2700 1412 2770 μέρους
1460 2700 1783 2771 λαμπρότης
1815 2704 1895 2765 είς

321 2787 440 2839 ὅλον
471 2788 542 2840 τοι
577 2787 637 2840 τὸ
667 2786 964 2859 πλήρωμα.
996 2788 1137 2842 κατά
1168 2806 1230 2857 γε
1255 2790 1316 2842 τδ
1346 2791 1451 2843 ὑπὸ
1478 2792 1693 2845 Παύλου
1718 2792 1894 2862 σοφῶς

327 2878 641 2948 εἰρημένον⁶
683 2896 702 2930 ι
749 2878 873 2931 Είτε
906 2879 1016 2947 γὰρ
1052 2879 1249 2949 πάσχει
1281 2880 1338 2934 ἓν
1366 2882 1546 2952 μέλος,
1583 2884 1893 2954 συμπάσχει

332 2971 508 3024 πάντα
548 2970 618 3037 τὰ
650 2970 821 3041 μέλη·
854 2972 964 3024 εἴτε
987 2970 1268 3036 δοξάζεται
1294 2972 1351 3026 ἓν
1386 2973 1567 3044 μέλος,
1604 2976 1888 3047 συγχαίρει

328 3060 504 3115 πάντα
533 3062 602 3116 τὰ
628 3063 784 3135 μέλη.

394 3154 605 3209 ΠΑΛΛ.
648 3154 853 3225 Ὀρθῶς
880 3155 1083 3226 διανοῇ.

392 3244 559 3298 ΚΙῬ.
603 3245 1081 3316 Κατεστρατεύετο
1112 3246 1293 3299 τοίνυν
1330 3247 1439 3298 τῶν
1474 3247 1821 3318 Μαδιηναίων
1859 3249 1893 3319 η

324 3338 430 3390 τῶν
463 3339 779 3394 ἀπολέκτων
829 3340 1185 3410 ἁλκιμωτάτη
1224 3340 1434 3411 πληθὺς
1457 3380 1472 3404 ,
1511 3341 1760 3403 συνόντος
1796 3341 1895 3395 uir

328 3434 437 3492 τοῖς
468 3431 651 3495 Φινεές
680 3449 740 3485 τε
773 3431 867 3484 τοῦ
897 3434 1085 3503 ἱερέως
1106 3471 1120 3496 ,
1173 3432 1265 3485 xui
1302 3431 1410 3484 τῶν
1443 3432 1612 3500 ἁγίων
1642 3432 1849 3485 σκευῶν
1877 3471 1891 3497 ,

326 3525 420 3576 xui
446 3523 549 3593 μὴν
583 3524 677 3577 xui
708 3524 1040 3593 σαλπίγγων,
1075 3524 1182 3577 τῶν
1211 3523 1555 3595 καλουμένων
1587 3524 1891 3594 σημασιῶν.

332 3614 435 3667 Kui
466 3613 574 3684 γάρ
612 3615 759 3667 ἐστιν
792 3613 880 3667 ἀεὶ
915 3612 1175 3675 σύνοπλός
1208 3630 1267 3665 τε
1301 3613 1396 3665 xui
1430 3612 1893 3682 συμπαραστάτης

327 3711 435 3770 τοῖς
467 3706 871 3778 ἀνδριζομένοις
894 3708 923 3759 ὁ
958 3705 1190 3776 Χριστὸς
1218 3745 1232 3769 ,
1265 3706 1294 3757 ὁ
1325 3704 1497 3774 μέγας
1530 3704 1683 3773 ἡμῶν
1709 3704 1894 3775 ἀρχιε-

328 3799 475 3867 ρεύς·
513 3798 833 3851 συναθλοῦσι
858 3798 913 3851 δὲ
936 3798 1029 3849 xui
1047 3796 1289 3865 ἄγγελοι,
1321 3796 1569 3865 καθάπερ
1594 3797 1651 3848 ἐν
1677 3798 1893 3849 σκεύεσι

324 3894 435 3953 τοῖς
465 3891 638 3957 ἁγίοις
670 3889 1112 3959 ὑποδηλούμενοι.
1153 3887 1333 3958 Σκεύη
1363 3888 1469 3959 γὰρ
1499 3887 1629 3955 ἅγια
1659 3888 1752 3940 xui
1782 3886 1892 3939 λει-

323 3983 608 4054 τουργικὰ,
650 3981 720 4035 τὰ
749 3984 806 4035 ὲν
835 3980 1049 4054 οὐρανῷ
1076 3979 1269 4049 λογικὰ
1301 3978 1606 4048 πνεύματα·
1638 3978 1892 4031 τέτακται

325 4074 431 4145 γὰρ
468 4073 622 4145 παρὰ
659 4072 794 4125 Θεοῦ
841 4073 979 4140 πρὸς
1011 4070 1330 4143 ἐπικουρίαν
1361 4069 1539 4142 ἡμῶν.
1576 4069 1803 4139 Πάρεισι
1834 4067 1891 4119 δὲ

325 4168 471 4220 οὐδὲν
507 4162 669 4237 ἦττον
707 4165 800 4219 xui
828 4165 883 4217 ui
921 4163 1221 4230 σάλπιγγες
1248 4160 1357 4214 τῶν
1384 4159 1668 4231 σημασιῶν
1688 4202 1702 4226 ,
1736 4174 1891 4211 τουτ-

327 4258 438 4312 έστι
474 4258 584 4311 τῶν
620 4256 899 4326 θεηγόρων
942 4255 991 4307 οἱ
1038 4254 1219 4321 λόγοι,
1271 4251 1332 4305 τὸ
1371 4252 1493 4304 τίνα
1538 4251 1643 4321 χρὴ
1690 4249 1889 4320 τρόπον

326 4348 780 4419 κατανδρίζεσῦαι
812 4345 920 4398 τῶν
942 4344 1175 4416 ἐχθρῶν,
1204 4344 1323 4413 ἦτοι
1344 4342 1450 4395 τῶν
1474 4343 1529 4394 ὲν
1558 4342 1688 4411 ἡμῖν
1721 4340 1888 4392 ὄντων

2002 1887 2084 1941 vit
2118 1887 2325 1941 lectum
2363 1885 2630 1952 masculi;
2674 1886 2912 1941 occidite
2949 1893 3007 1940 et
3056 1901 3274 1940 omnem
3306 1903 3571 1942 summam

2000 1978 2332 2035 feminarum
2358 2019 2372 2043 ,
2404 1981 2536 2048 quae;
2564 1994 2676 2033 non
2709 1979 2861 2034 novit
2898 1979 3101 2034 lectum
3134 1980 3382 2045 masculi,
3423 1980 3576 2036 vivas

2003 2072 2188 2142 capite
2208 2086 2303 2126 eas
2336 2071 2403 2126 ".
2432 2068 2559 2125 Haec
2579 2085 2704 2124 cum
2723 2070 2975 2141 iussisset
2998 2071 3161 2136 Deus,
3185 2071 3309 2126 lecti
3345 2071 3575 2142 juvenes

2002 2164 2071 2219 ad
2115 2164 2327 2219 bellum
2379 2161 2681 2234 gerendum
2733 2161 3152 2226 conveniebant,
3184 2172 3240 2217 et
3280 2178 3311 2217 a
3348 2162 3574 2233 singulis

2021 2256 2301 2320 tribubus,
2345 2255 2439 2326 qui
2470 2255 2705 2310 maxime
2732 2254 3013 2308 laboribus
3043 2254 3340 2309 tolerandis
3369 2256 3569 2311 assueti

2002 2356 2181 2412 erant,
2218 2355 2273 2401 et
2303 2346 2368 2401 ad
2406 2346 2756 2417 pugnandum
2782 2345 3173 2415 probatissimi,
3202 2346 3569 2404 conﬂuebant.

2000 2443 2065 2490 ut
2103 2435 2421 2505 quicunque
2443 2435 2510 2489 de
2553 2435 2781 2505 singulis
2816 2434 3071 2489 tribubus
3098 2437 3504 2501 excelluissent,
3532 2438 3570 2491 ii

2000 2527 2187 2596 gloria:
2209 2527 2411 2596 populo
2444 2525 2700 2581 universo
2721 2532 2924 2590 essent,
2946 2532 3003 2580 et
3022 2526 3196 2595 partis
3224 2526 3388 2581 unius
3409 2527 3570 2581 nobi-

2001 2617 2128 2671 litas
2161 2617 2229 2672 ad
2275 2616 2676 2687 plenitudinem
2721 2623 2888 2671 totam
2929 2616 3264 2685 pertineret;
3316 2617 3572 2673 similiter

2000 2716 2165 2777 atque
2199 2715 2288 2763 est
2336 2722 2367 2763 a
2414 2708 2583 2763 Paulo
2630 2707 3030 2777 sapientissime
3075 2707 3329 2763 dictum:
3387 2728 3405 2761 ι
3441 2707 3570 2763 Sive

2000 2796 2146 2850 enim
2166 2796 2373 2867 patitur
2395 2812 2563 2851 unum
2586 2796 2914 2859 membrum,
2944 2797 3353 2866 compatiuntur
3386 2798 3569 2853 omnia

2001 2888 2279 2954 membra;
2322 2889 2436 2943 sive
2483 2886 2819 2959 gloriﬁcatur
2865 2903 3033 2941 unum
3069 2888 3396 2955 membrum,
3435 2905 3568 2943 con-

1999 2977 2239 3046 gaudent
2269 2978 2421 3045 121
2448 2978 2630 3032 omnia
2664 2978 2910 3031 membra
2936 2978 3002 3031 δ’.
3039 2996 3055 3028 ι

2072 3064 2269 3119 PALL.
2294 3066 2459 3120 Recte
2484 3066 2757 3137 intelligis.

1921 3123 1963 3180 C
2065 3155 2223 3211 cvn.
2280 3123 2686 3212 Contendebatv
2717 3157 2881 3227 igitur
2937 3136 3196 3214 adversu's
3252 3161 3570 3217 Madianitas

1995 3248 2293 3302 fortissima
2320 3249 2740 3304 lectissimorum
2764 3250 3027 3319 juvenum
3066 3251 3211 3306 acies
3231 3292 3245 3316 ,
3273 3252 3567 3323 aderatque

1996 3358 2105 3397 una
2126 3342 2362 3397 Phinees
2399 3340 2695 3405 sacerdos,
2728 3340 2955 3395 aderant
2976 3342 3140 3397 etiam
3169 3357 3296 3396 vasa
3326 3357 3480 3397 sacra
3506 3359 3568 3397 ac

1996 3432 2160 3497 tuba},
2192 3446 2313 3501 qua:
2341 3431 2621 3502 signorum
2648 3430 2991 3486 dicebantur.
3029 3431 3257 3503 Semper
3287 3432 3432 3486 enim
3458 3450 3566 3488 una

1994 3539 2118 3579 cum
2147 3523 2233 3587 iis,
2258 3523 2352 3592 qui
2378 3538 2435 3576 se
2457 3521 2673 3576 fortiter
2698 3531 2913 3592 gerunt,
2940 3522 3102 3576 simul
3129 3522 3186 3576 in
3214 3522 3400 3586 armis,
3420 3531 3475 3578 et
3499 3524 3566 3578 ad

1993 3631 2154 3686 apem
2207 3614 2482 3668 ferendam
2516 3622 2716 3682 prmsto
2755 3624 2840 3668 est
2890 3613 3160 3679 Christus,
3203 3629 3432 3684 magnus
3477 3615 3567 3668 illc

1994 3704 2238 3776 pontifex
2284 3710 2505 3758 noster:
2541 3703 2706 3756 simul
2743 3717 2960 3772 quoque
2994 3703 3170 3772 angeli
3204 3710 3446 3767 certant,
3470 3704 3565 3773 qui

1993 3795 2163 3851 sacris
2184 3795 2330 3849 vasis
2361 3792 2755 3864 significantur.
2778 3792 2975 3847 Sancta
3009 3793 3211 3862 quippe
3240 3808 3366 3846 vasa
3389 3832 3403 3857 ,
3429 3792 3568 3846 divi-

1993 3889 2188 3956 nisque
2223 3885 2543 3940 ministeriis
2565 3891 2710 3954 apta,
2738 3891 2865 3939 sunt
2902 3884 3197 3938 rationales
3231 3883 3309 3937 illi
3343 3884 3397 3937 in
3426 3886 3566 3940 cmlo

1992 3976 2216 4047 spiritus
2245 3993 2257 4029 :
2290 3984 2418 4030 sunt
2446 3975 2592 4029 enim
2615 3992 2646 4029 a
2673 3975 2784 4029 Deo
2809 3975 2875 4030 ad
2904 3990 3063 4045 opem
3093 3975 3255 4030 nobis
3285 3974 3563 4031 ferendam

1991 4066 2258 4123 collocati.
2277 4065 2488 4120 Adsunt
2506 4065 2670 4119 etiam
2692 4065 3051 4120 nihilominus
3093 4064 3235 4119 tubae
3261 4064 3560 4134 signorum,

1993 4160 2048 4214 id
2068 4167 2153 4214 est
2176 4158 2486 4212 divinorum
2507 4155 2924 4226 praedicatorum
2948 4171 3250 4219 sermones,
3283 4157 3377 4224 qui
3400 4171 3561 4225 aper-

1992 4251 2197 4306 tissime
2226 4249 2554 4320 signiﬁcent,
2582 4247 3040 4318 quemadmodum
3070 4246 3332 4300 adversus
3355 4246 3561 4311 hostes,

1990 4342 2046 4397 id
2080 4351 2163 4397 est
2184 4357 2296 4405 eas,
2328 4356 2450 4410 quae
2472 4340 2630 4394 nobis
2658 4339 2835 4392 insita:
2864 4345 3021 4399 sunt,
3065 4335 3230 4389 animi
3269 4336 3561 4405 perturba-

322 4443 529 4505 τταοῶν,
551 4437 610 4495 εὖ
638 4440 782 4511 μάλα
814 4437 1330 4507 κατασημαίνοντες.
1364 4434 1573 4487 Οὐκοῦν
1601 4433 1886 4486 ὑποτύπω-

1996 4433 2189 4495 tiones,
2226 4442 2447 4487 strenue
2474 4428 2823 4500 pugnandum
2859 4428 2950 4482 sit.
2984 4427 3124 4496 Ergo
3150 4426 3401 4480 sacerdos
3435 4427 3559 4495 qui—

325 4550 407 4595 σις
436 4530 673 4601 Χριστοῦ
709 4530 826 4600 μὲν,
860 4530 888 4580 ό
917 4528 1096 4596 ἱερεὺς
1116 4565 1131 4587 ,
1158 4524 1452 4586 τουτέστιν,
1485 4525 1513 4576 ό
1549 4524 1754 4585 Φινεὲς,
1785 4522 1885 4588 ἀγ-

325 4623 491 4689 γέλων
524 4623 616 4685 δὲ,
663 4619 830 4689 σκεύη
867 4618 932 4671 τὰ
985 4618 1147 4685 ἆγια·
1189 4615 1298 4667 τῶν
1329 4614 1386 4667 δὲ
1432 4613 1523 4666 τὸν
1572 4611 1714 4664 θεῖον
1754 4613 1887 4681 ἡμῖν

326 4709 761 4781 διακεκραγότων
803 4707 983 4775 λόγον,
1016 4706 1070 4759 αἱ
1105 4704 1403 4772 σάλπιγγες
1431 4701 1539 4754 τῶν
1579 4700 1885 4771 σημασιῶν.

322 4799 477 4852 οὕτω
510 4798 621 4869 γὰρ
655 4796 893 4866 ἀμογητὶ
928 4793 1293 4866 περιεσόμεθα
1340 4791 1449 4843 τῶν
1478 4788 1886 4859 ἀνθεστηκότων

322 4892 380 4943 ἑν
405 4888 646 4959 Χριστῷ,
678 4886 925 4955 λέγοντες
953 4885 1012 4937 τὺ
1044 4885 1100 4937 ἐν
1139 4883 1389 4953 Ψαλμοῖς
1422 4882 1698 4953 ᾀδόμενον⁹
1732 4899 1749 4931 ι
1800 4880 1886 4932 Ἐν

325 4983 405 5035 σοὶ
432 4983 558 5044 τοὺς
597 4978 823 5050 ἐχθροὺς
855 4980 885 5049 ἡ
895 4977 1011 5047 μῶν
1040 4976 1420 5047 κερατιοῦμεν,
1458 4975 1551 5027 xui
1578 4975 1634 5026 ὲν
1668 4971 1743 5043 τῷ
1768 4972 1886 5025 όνό-

326 5075 451 5144 ματί
478 5090 573 5127 σου
596 5070 1019 5139 ὲξουδενώσομεν
1046 5070 1168 5131 τοὺς
1191 5066 1651 5135 ἐπανισταμένους
1675 5066 1705 5134 ἡ
1714 5067 1823 5135 μίν.
1861 5083 1878 5113 ι

329 5170 392 5219 Ὀ
422 5166 487 5236 δὴ
531 5164 628 5218 xui
679 5160 1026 5232 πεπράχασιν
1071 5160 1119 5212 οἱ
1173 5159 1231 5223 ἐξ
1272 5159 1524 5229 Ἰσραήλ·
1560 5158 1741 5211 πᾶσαν
1778 5155 1884 5226 γὰρ

317 5258 424 5310 τῶν
449 5253 797 5323 Μαδιηναίων
819 5251 973 5304 πόλιν
1001 5267 1061 5303 τε
1089 5250 1184 5303 xui
1209 5250 1392 5319 χώραν
1418 5248 1884 5319 καταδῃώσαντες,

320 5345 759 5418 παρεκομίζοντο
806 5342 941 5413 πρὸς
988 5339 1247 5410 Ἐλεάζαρ
1276 5341 1365 5392 τὸν
1410 5339 1555 5408 ἱερέα
1577 5380 1592 5406 ,
1622 5339 1717 5392 xui
1752 5339 1885 5407 πρὶς

324 5440 396 5489 πᾶ
405 5454 500 5489 σαν
518 5436 618 5506 τὴν
634 5434 953 5502 συναγωγὴν
970 5432 1100 5484 υἱῶν
1137 5431 1354 5500 Ἰσραὴλ
1370 5430 1467 5498 τὴν
1486 5429 1879 5499 αἰχμαλωσίαν·

325 5527 443 5597 ἱερὰ
474 5528 582 5597 γὰρ
609 5525 796 5595 ῶσπερ
831 5523 1154 5592 ἀναθήματα
1183 5519 1260 5589 τῷ
1305 5520 1523 5589 Χριστῷ
1552 5519 1628 5587 τῷ
1673 5520 1886 5572 πάντων

395 5710 439 5744 ⁶¹
467 5711 628 5768 Num.
655 5726 730 5775 ιιι,
762 5709 777 5761 l
827 5723 977 5777 seqq.

1986 4525 2133 4589 dem,
2163 4523 2397 4577 Phinees
2418 4521 2662 4590 inquam,
2691 4519 2895 4574 Christi
2927 4518 3096 4588 ﬁgura
3122 4527 3224 4583 est,
3246 4520 3559 4589 angelorum

1985 4632 2117 4671 vero
2144 4630 2298 4670 sacra
2320 4629 2465 4677 vasa,
2489 4627 2678 4667 eorum
2711 4626 2895 4681 porro,
2918 4610 3011 4680 qui
3034 4610 3192 4665 nobis
3216 4610 3309 4664 Dei
3329 4610 3559 4665 verbum

1987 4708 2288 4780 prmdicant
2310 4748 2324 4771 ,
2349 4707 2627 4777 signorum
2654 4703 2816 4758 tuine.
2845 4702 2924 4757 Ita
2957 4701 3161 4772 quippe
3195 4702 3347 4756 nullo
3375 4702 3558 4757 labore

1987 4801 2198 4854 hostem
2228 4799 2283 4852 in
2305 4796 2525 4852 Christo
2549 4795 2947 4865 superabimus,
2983 4793 3115 4848 illud
3134 4793 3395 4857 dicentes,
3414 4794 3558 4864 quod

1994 4890 2049 4943 in
2072 4887 2299 4942 Psalmis
2315 4886 2561 4941 canitur:
2588 4905 2605 4936 ι
2631 4885 2691 4940 In
2711 4894 2763 4940 te
2800 4885 3051 4940 inimicos
3079 4893 3296 4940 nostros
3329 4885 3559 4941 ventila-

1996 4977 2185 5045 bimus
2212 4991 2404 5039 cornu,
2448 4982 2504 5028 et
2542 4975 2597 5029 in
2637 4974 2857 5029 nomine
2896 4980 2989 5029 tuo
3023 4989 3342 5045 Spememus
3376 4975 3559 5029 insur-

1991 5036 2204 5137 gentes~
2208 5068 2260 5120 in
2283 5066 2443 5121 nobis
2457 5066 2519 5119 ⁸³.
2552 5086 2568 5116 ι
2597 5065 2751 5133 Quod
2782 5066 2957 5137 ipsum
2996 5036 3253 5120 Isi-aelitaa
3272 5064 3517 5117 fecerunt
3542 5083 3554 5118 :

1992 5172 2137 5221 nam,
2178 5171 2302 5209 cum
2338 5155 2619 5210 universas
2653 5156 2846 5222 urbes,
2879 5167 3204 5223 omnemque
3236 5150 3557 5205 Madianita-

1989 5264 2108 5302 rum
2180 5247 2455 5317 regionem
2519 5248 2793 5303 hostiliter
2851 5248 3263 5306 devastassent,
3317 5242 3559 5312 captivos

1988 5356 2177 5394 omnes
2228 5339 2295 5393 ad
2346 5340 2662 5394 Eleazarum
2710 5338 3080 5400 sacerdotem,
3118 5345 3173 5391 et
3222 5334 3289 5388 ad
3338 5349 3556 5388 omnem

1988 5430 2462 5499 congregationem
2505 5429 2739 5482 ﬁliorum
2770 5427 2928 5480 Israel
2950 5426 3253 5481 attulerunt
3270 5442 3281 5477 :
3298 5423 3555 5494 przeclara

1991 5536 2223 5589 namque
2249 5529 2559 5573 sanctorum
2590 5521 2830 5574 virorum
2857 5528 3005 5589 gesta
3030 5519 3179 5572 velut
3208 5531 3358 5572 sacra
3386 5516 3554 5570 lecta-

1057 5705 1100 5736 ⁸³
1145 5705 1159 5757 l
1197 5703 1321 5757 Cor.
1371 5718 1462 5764 xu,
1515 5703 1602 5758 9.6.
1680 5703 1883 5756 a“Psal.
1929 5716 2072 5769 xuu,
2100 5706 2149 5756 ﬁ.
