4082 6304
553 368 659 430 527

1576 371 1631 428 S.
1674 370 1962 429 CYRILLI
2001 374 2474 437 ALEXANDRINI
2512 381 2828 441 ARCHIEP.

3698 388 3800 445 528

557 500 666 557 que
693 483 835 540 dona
878 483 1098 540 Christo
1144 481 1388 538 omnium
1424 483 1669 550 pontifici
1713 485 1988 552 dicantur,
2027 501 2124 542 nec

2230 491 2495 564 ἀρχιερεῖ,
2523 496 2617 550 καὶ
2634 497 2732 550 οὐκ
2761 497 3059 569 ἀσυμφανῆ
3082 499 3195 563 τοῖς
3218 498 3367 562 λαοῖς
3393 497 3461 552 τά
3490 464 3606 553 τῶν
3635 499 3802 570 ἁγίων

556 576 774 647 populis
798 575 1033 631 obscura
1069 582 1218 640 sunt,
1249 576 1403 646 juxta
1430 574 1600 630 illud:
1640 595 1658 628 ι
1694 576 1815 631 Non
1836 585 1920 632 est
1948 580 2132 634 occul-

556 674 695 732 tum,
717 665 865 737 quod
912 681 1023 723 non
1066 664 1477 731 manifestetur;
1514 678 1695 737 neque
1738 666 2123 723 absconditum

555 756 701 824 quod
726 772 837 812 non
860 764 1239 827 cognoscatur,
1263 765 1320 812 et
1338 758 1393 812 in
1415 765 1665 829 apertum
1679 758 1863 813 veniat
1879 757 1944 811 ".
1969 777 1987 809 ι
2017 758 2130 813 Βιι-

557 847 703 903 citur
727 847 911 918 itaque
937 846 991 901 in
1019 854 1371 917 conspectum
1394 846 1713 913 sacerdotis,
1735 847 2014 917 totiusque
2034 861 2132 917 po-

557 934 671 1008 puli
697 937 877 993 omnis
906 935 999 991 illa
1044 951 1111 990 ex
1133 935 1448 1007 captivitate
1469 936 1673 1006 pmda,
1704 936 1929 1008 ﬁgurate
1967 945 2131 1008 atque

555 1026 789 1098 sapienti
816 1026 1306 1083 administratione.
1337 1028 1608 1084 Caeterum
1649 1024 1861 1100 Moyses
1897 1029 2131 1084 victores

555 1116 885 1188 objurgavit,
910 1116 1058 1186 quod
1085 1133 1197 1173 non
1223 1126 1476 1173 accurata
1505 1118 1636 1174 satis
1668 1119 1898 1183 ratione,
1922 1126 1979 1173 et
2008 1133 2131 1188 quae

555 1208 884 1279 reprehendi
921 1209 1071 1263 nullo
1107 1209 1269 1264 modo
1307 1218 1529 1281 posset,
1569 1225 1685 1264 rem
1734 1209 2125 1265 confecissent:

554 1312 731 1366 neque
751 1297 899 1351 enim
924 1296 1191 1369 oportuit,
1214 1296 1413 1367 inquit,
1437 1297 1592 1352 vivos
1622 1310 1816 1366 capere
1835 1296 2126 1362 masculos,

551 1403 729 1457 neque
752 1388 880 1443 item
907 1388 1159 1454 feminas,
1181 1403 1303 1458 quae
1326 1389 1548 1459 nuptias
1576 1395 1759 1445 essent
1781 1388 2131 1458 expertam:

551 1479 690 1546 ratio
724 1472 947 1548 quidem
974 1478 1219 1533 historia:
1242 1479 1548 1549 probabilis
1572 1484 1691 1535 est:
1722 1478 1947 1533 omnino
1969 1492 2129 1533 nam-

550 1585 657 1639 que
681 1585 819 1639 opus
838 1576 977 1634 erat,
1012 1578 1076 1625 ut
1103 1570 1171 1624 ab
1191 1585 1257 1625 ea
1286 1572 1531 1642 regione,
1567 1584 1688 1640 qua
1721 1570 1885 1640 paulo
1922 1576 2046 1640 post
2064 1570 2131 1625 'in

548 1674 741 1715 eorum
764 1656 972 1715 ditione
1008 1659 1192 1716 futura
1230 1670 1375 1728 erat,
1404 1660 1562 1717 virile
1594 1660 2128 1733 genusexScindere-

552 1760 663 1818 tur,
722 1751 870 1822 quod
906 1748 1072 1807 brevi
1103 1762 1350 1821 tempore
1409 1768 1533 1807 cum
1581 1751 1639 1807 in
1701 1751 1943 1807 adultam
1995 1759 2127 1808 atta-

546 1931 835 1986 futurum:
880 1935 1147 1990 muliebre
1183 1952 1404 2007 quoque
1447 1935 1610 1992 simul
1651 1936 1954 1992 tollendum
1981 1943 2123 2003 erat,

546 2023 694 2093 quod
720 2027 1064 2082 occasionem
1094 2029 1339 2084 scandali
1390 2029 1753 2099 praebuisset:
1789 2029 1947 2099 122
1975 2037 2051 2094 et,
2079 2030 2127 2084 si

547 2125 881 2183 servaretur,
905 2120 1104 2175 iterum
1134 2120 1362 2175 fortasse
1384 2129 1529 2195 esset
1558 2121 1936 2191 praebiturum.
1956 2118 2127 2186 ‘Quod

2235 583 2655 654 κατορθώματα,
2682 588 2824 643 κατά
2850 606 2916 658 γε
2946 589 3007 643 τό
3036 605 3050 620 ·
3078 590 3182 644 «οὺ
3211 590 3321 661 γάρ
3347 590 3745 661 ἐστικρυπτδν,
3775 593 3803 647 ὃ

2233 670 2297 723 ού
2352 672 2426 743 μὴ
2482 675 2947 748 φανερωθήσεται,
2985 679 3106 732 οὐδὲ
3146 680 3485 751 ἀπόκρυφον,
3547 680 3577 734 ὃ
3633 682 3693 735 ού
3731 682 3803 755 μὴ

2235 762 2485 833 γνωσθῇ,
2517 765 2613 818 καὶ
2645 767 2725 830 είς
2747 769 2980 835 φανερὸν
3008 768 3161 840 ἔλθῃ.
3202 787 3221 819 ι
3267 771 3496 838 Ἀγεται
3525 770 3707 825 τοίνυν
3748 774 3805 825 ἐν

2234 849 2355 921 ὄψει
2384 852 2481 906 τοῦ
2531 855 2742 927 ἱερέως,
2795 859 2891 910 καὶ
2920 857 3120 922 παντὸς
3146 858 3241 913 τοῦ
3269 859 3403 914 λαοῦ
3427 899 3441 926 ,
3480 862 3550 915 τά
3594 863 3661 915 ἐκ
3708 863 3803 934 τῆς

2236 942 2634 1023 αἰχμαλωσίας,
2690 947 2938 1011 τυπικῶς
2974 948 3030 1002 δέ
3067 949 3161 1002 καὶ
3199 951 3582 1022 οἰκονομικῶς.
3633 952 3800 1023 Πλὴν,

2235 1027 2469 1101 ἐπετίμα
2504 1012 2711 1104 Μωσῆς
2738 1037 2853 1098 τοῖς
2892 1038 3238 1108 νενικηκόσιν
3279 1038 3355 1103 ὡς
3386 1012 3447 1093 ού
3481 1012 3624 1096 κατὰ
3652 1012 3805 1110 λόγον

2233 1117 2326 1172 τὸν
2366 1121 2567 1192 ἀκριϐῆ
2601 1125 2699 1177 καὶ
2747 1124 3068 1197 ἀδιάϐλητον
3116 1128 3396 1193 παντελῶς
3420 1170 3434 1194 ,
3469 1132 3530 1186 τὸ
3574 1134 3803 1204 πρᾶγμα

2238 1210 2639 1266 συντεθεικόσιν
2662 1229 2676 1243 ·
2710 1214 2772 1269 οὐ
2806 1214 2913 1287 γὰρ
2943 1215 3072 1283 ἔδει,
3109 1216 3263 1289 φησὶ,
3296 1218 3583 1291 ζωγρῆσαι
3613 1222 3675 1275 τὸ
3706 1223 3803 1293 ἀρ-

2237 1318 2351 1370 σεν,
2381 1301 2490 1356 οὐδ’
2521 1301 2589 1357 ἂν
2616 1300 2682 1359 αὖ
2710 1304 2846 1378 θῆλυ
2890 1308 2952 1361 τὺ
2979 1309 3411 1381 ἐμπειρόγαμον.
3447 1311 3551 1367 Kal
3584 1314 3801 1378 πιθανὸς

2238 1391 2337 1461 μὲν
2357 1391 2456 1461 τῆς
2496 1393 2732 1464 ἱστορίας
2787 1397 2815 1449 ό
2860 1396 3018 1464 λόγος
3041 1414 3056 1432 ο
3085 1398 3192 1452 ἔδει
3242 1399 3373 1471 γὰρ,
3404 1400 3514 1455 ἔδει
3554 1402 3654 1473 τῆς
3682 1405 3802 1458 ὅσον

2233 1478 2446 1535 οὐδέπω
2481 1480 2784 1555 μελλούσης
2816 1485 2921 1540 ὑπὸ
2952 1488 3139 1552 αὐτοῖς
3177 1488 3394 1544 ἔσεσθαι
3428 1492 3551 1563 γῆς,
3583 1493 3803 1547 ἀποκεί-

2235 1570 2428 1643 ρεσθαι
2458 1571 2521 1626 τὸ
2563 1571 2753 1658 ἄρσεν,
2793 1576 2869 1642 ὡς
2914 1574 3043 1652 ἦξον
3078 1581 3215 1651 μετά
3255 1581 3430 1653 βραχὺ
3484 1584 3620 1655 πρὸς
3666 1585 3802 1658 ἥϐην

2232 1677 2292 1715 τε
2324 1663 2420 1717 καὶ¹
2448 1663 2640 1736 ἀλκὴν,
2678 1656 2774 1720 καὶ
2805 1668 3063 1740 πολέμιον
3090 1670 3350 1742 ἐσόμενον
3391 1673 3469 1744 τῷ
3496 1672 3611 1745 λαῷ
3630 1689 3646 1705 ο
3684 1656 3802 1726 συν-

2232 1755 2572 1826 αναιρεῖσθαι
2603 1757 2661 1811 δὲ
2707 1760 2803 1813 καὶ
2850 1760 2911 1813 τὸ
2953 1760 3108 1831 θῆλυ,
3143 1763 3447 1817 σκανδάλου
3505 1764 3798 1835 παραίτιον

452 1880 459 1883 ς
551 1851 662 1899 tem
724 1859 787 1899 ac
804 1845 974 1900 robur
1018 1847 1382 1917 pervenisset,
1412 1847 1614 1902 hostile
1651 1854 1798 1901 esset
1826 1845 1906 1900 illi
1927 1846 2124 1917 populo

2234 1844 2490 1912 γεγονὸς,
2518 1845 2611 1899 καὶ
2643 1847 2692 1900 εί
2727 1847 2988 1914 σέσωστο,
3015 1850 3157 1920 τάχα
3184 1868 3289 1904 που
3324 1851 3485 1906 πάλιν
3524 1853 3798 1924 ἐσόμενον*

2231 1937 2353 1990 ὅσον
2397 1937 2456 1991 δέ
2482 1931 2618 2010 ἧκον
2647 1941 2726 2004 εἰς
2760 1940 2993 2013 Θεωρίαν
3039 1942 3137 2014 τὴν
3168 1947 3566 2015 πνευματικὴν,
3622 1948 3797 2000 ἐκεῖνο

2231 2022 2382 2099 οῐμαί
2414 2045 2516 2082 που
2546 2030 2754 2086 κατίδοι
2788 2049 2872 2096 τις
2908 2031 2974 2087 ἂν
3001 2031 3059 2086 ἐν
3091 2050 3156 2103 γε
3183 2034 3249 2105 δὴ
3292 2035 3502 2100 τούτοις
3532 2038 3663 2107 ἡμῖν
3707 2038 3801 2091 ἀσ-

2232 2120 2394 2184 τείως
2428 2120 2694 2193 ὑποδηλού
2702 2140 2884 2195 μενον.

547 2216 731 2264 autem
783 2211 850 2267 ad
881 2213 1397 2283 contemplationem
1434 2213 1714 2284 pertinent
1745 2214 2120 2285 Spiritualem,
2160 2212 2317 2282 illud,
2352 2215 2459 2271 nisi
2489 2214 2672 2284 fallor,
2703 2217 2933 2290 intelligi
2964 2222 3143 2291 possit
3172 2220 3228 2276 in
3272 2220 3374 2277 hac
3419 2236 3479 2277 re
3541 2237 3651 2277 non
3714 2221 3804 2278 in-

546 2303 830 2359 commode
863 2305 1177 2376 signiﬁcari.

617 2390 813 2446 PALL.
840 2392 982 2458 Quid
1016 2393 1189 2448 illud?

613 2481 772 2538 CYR.
813 2483 966 2539 Lecti
995 2484 1074 2539 illi
1106 2501 1136 2540 a
1173 2484 1426 2541 tribubus
1452 2484 1673 2552 milites,
1697 2486 1946 2556 quamvis
1971 2494 2126 2556 parta

541 2572 795 2641 victoria,
829 2576 1045 2647 culpam
1085 2584 1268 2632 tamen
1297 2593 1409 2632 non
1435 2575 1778 2649 effugerunt:
1814 2592 1922 2647 quo
1956 2577 2123 2648 signi-

541 2665 757 2731 ficatur,
780 2674 945 2737 atque
974 2667 1112 2722 adeo
1137 2666 1449 2731 manifeste,
1476 2681 1545 2721 ne
1582 2667 1715 2736 ipsis
1744 2667 1967 2736 quidem
1991 2667 2119 2734 illis,

542 2756 638 2827 qui
674 2772 732 2811 se
769 2756 987 2811 fortiter
1007 2764 1222 2827 gerunt,
1246 2757 1567 2827 contingere
1591 2766 1852 2827 unquam,
1868 2765 1944 2812 ‘ut
1972 2758 2121 2812 omni

541 2846 609 2901 ex
647 2857 802 2917 parte
831 2847 1259 2918 reprehensione
1282 2855 1496 2902 vacent.
1516 2847 1739 2903 Etenim
1774 2847 1893 2902 ‘hoc
1918 2847 2117 2918 ipsum,

541 2940 689 3009 quod
734 2949 879 2995 recte
924 2939 1119 2995 fecisse
1158 2939 1432 3007 videmur,
1481 2940 1636 2994 nullo
1675 2939 1840 2994 modo
1883 2937 1992 2994 erit
2030 2953 2119 2993 re-

540 3030 927 3101 prehensionis
976 3037 1033 3085 et
1067 3031 1243 3101 culpae
1287 3046 1513 3102 expers,
1552 3030 1599 3086 si
1652 3046 1768 3085 rem
1806 3030 2123 3102 diligentius

539 3121 797 3192 exquirat
820 3128 878 3174 et
900 3120 1201 3191 investiget
1228 3121 1394 3175 Deus.
1429 3120 1665 3190 Ideoque
1699 3121 1965 3191 scriptum
1993 3128 2114 3176 est:

547 3229 567 3262 ‹
595 3210 652 3266 Si
682 3209 998 3280 iniquitates
1021 3208 1417 3276 observaveris,
1437 3209 1688 3275 Domine,
1717 3209 1971 3277 Domine,
1994 3210 2120 3279 quis

555 3300 954 3357 sustinebit“?
983 3318 1002 3351 ι
1062 3303 1238 3369 Atque
1272 3300 1505 3355 iterum:
1544 3318 1563 3351 ι
1599 3299 1682 3371 Ab
1720 3299 1951 3355 occultis
1980 3299 2118 3355 meis

540 3391 744 3448 munda
770 3407 879 3456 me,
902 3390 1043 3447 etab
1072 3390 1263 3445 alienis
1279 3405 1443 3460 parce
1475 3405 1632 3446 servo
1657 3398 1782 3457 tuo;
1807 3391 1852 3446 si
1877 3391 1987 3447 mei
2008 3406 2119 3446 non
2149 3415 2193 3474 ρ

539 3481 751 3536 fuerint
802 3479 1091 3544 dominati,
1141 3486 1274 3534 tunc
1315 3479 1700 3535 immaculatus
1742 3481 1917 3536 ero“.
1958 3500 1978 3533 ι
2018 3481 2124 3537 ‘Est

541 3570 707 3641 igitur
732 3568 1059 3640 quandoque
1092 3569 1148 3623 in
1178 3568 1311 3639 ipsis
1350 3583 1567 3639 quoque
1595 3570 1941 3641 egregiorum
1970 3569 2122 3626 viro-

541 3677 665 3716 rum
705 3660 940 3717 fortibus
976 3660 1162 3729 faetusj
1181 3661 1341 3732 justas
1369 3659 1704 3716 accusationi
1733 3661 1922 3729 locus,
1956 3676 2122 3732 quem

542 3752 871 3824 legislatoris
905 3752 1198 3824 prudentia
1244 3753 1540 3824 perspicit,
1591 3753 1842 3825 quamvis
1879 3761 2123 3809 nostram

528 3840 717 3905 aciem
753 3848 1014 3919 effugiat:
1050 3862 1230 3918 neque
1256 3847 1405 3901 enim
1440 3846 1495 3901 id
1521 3846 1985 3918 deprehendimus
2010 3847 2123 3902 ullo

541 3938 705 3993 modo
752 3941 907 4009 juxta
954 3937 1135 3992 illud:
1194 3955 1213 3988 ι
1247 3936 1456 3991 Delicta
1514 3937 1638 4007 quis
1686 3937 2054 4010 intelliget"?
2096 3957 2115 3989 ι

541 4029 854 4098 Quinetiam
879 4029 1048 4084 Isaias
1096 4028 1175 4082 ait
1199 4042 1417 4083 omnem
1435 4027 1704 4100 justitiam
1740 4036 1984 4084 nestram
2001 4044 2122 4086 esse

541 4122 696 4194 quasi
742 4135 986 4191 pannum
1032 4127 1386 4174 menstruam:
1438 4119 1708 4174 mulieris.
1763 4118 1901 4174 Nam
1960 4119 2120 4187 illud,

541 4213 692 4269 omni
722 4228 791 4267 ex
832 4218 987 4282 parte
1047 4208 1341 4280 puritatem
1384 4209 1865 4281 integritatemque
1903 4220 2122 4267 servare

542 4320 701 4377 posse
721 4345 737 4370 ,
778 4302 1004 4357 minime
1037 4300 1199 4355 nobis
1241 4297 1526 4371 contingit.
1552 4300 1754 4356 Paulus
1784 4312 2003 4371 quoque
2038 4301 2123 4357 vir

544 4394 1002 4465 sapientissimus,
1041 4389 1291 4462 quamvis
1312 4389 1569 4445 dixisset:
1602 4409 1620 4442 ι
1658 4390 1807 4446 Nihil
1828 4391 1962 4445 mihi
1985 4404 2121 4446 con-

545 4486 691 4540 scius
745 4499 905 4551 sum;
960 4504 979 4535 ι
1023 4482 1237 4539 addidit
1283 4486 1494 4539 tamen:
1550 4502 1568 4534 ι
1609 4481 1706 4537 sed
1743 4496 1853 4536 non
1910 4480 1967 4534 in
2013 4481 2122 4536 hoc

539 4576 869 4649 justiﬁeatus
899 4592 1053 4642 sum;
1101 4574 1197 4646 qui
1234 4578 1415 4631 autem
1445 4573 1656 4646 judicat
1696 4587 1816 4638 me,
1857 4571 2120 4627 Dominus

543 4678 630 4724 est
646 4668 714 4721 ⁸⁸.
748 4686 767 4719 ι
814 4666 910 4722 llla
943 4681 1112 4739 porro
1158 4665 1327 4737 Moysi
1383 4664 1736 4737 reprehensio
1764 4678 1877 4719 non
1929 4678 2120 4720 omnes

2298 2391 2510 2446 IIAAA.
2550 2391 2763 2448 Ὀποῖον
2793 2393 2846 2447 τί
2874 2395 3011 2466 φθιςί

2292 2482 2462 2537 ΚΥΡ.
2491 2482 2605 2537 Οὐκ
2632 2483 3007 2539 ἀκαταιτίατοι
3032 2488 3408 2559 μεμενήκασιν
3432 2489 3480 2542 οί
3514 2490 3802 2547 ἀπόλεκτοι

2222 2572 2334 2627 τῶν
2368 2572 2570 2642 φυλῶν,
2608 2575 2701 2628 καί
2739 2591 2822 2629 τοι
2867 2576 2968 2647 τὴν
3001 2578 3157 2649 νίκην
3188 2580 3487 2650 ἀράμενοι·
3518 2580 3586 2634 δι’
3610 2575 3672 2634 οὗ
3706 2599 3804 2654 ση-

2220 2662 2498 2733 μαίνεται,
2521 2663 2617 2718 καὶ
2639 2664 2783 2735 μάλα
2807 2666 3013 2735 σαφῶς,
3044 2669 3120 2731 ὡς
3136 2669 3195 2722 τὸ
3219 2671 3453 2724 εἰσάπαν
3480 2672 3800 2745 ἀμώμητον,

2225 2752 2334 2807 οὐδ’
2368 2753 2436 2807 ἂν
2464 2752 2647 2818 αὐτοῖς
2675 2757 2790 2820 τοῖς
2821 2756 3228 2829 ἀνδριζομένοις
3254 2761 3472 2833 ὑπάρξῃ
3504 2764 3657 2816 ποτε.
3690 2765 3801 2819 Kal

2225 2844 2356 2897 αὐτὸ
2388 2844 2496 2915 γάρ
2530 2846 2687 2917 ἡμῶν
2717 2848 2778 2901 τὸ
2806 2849 2980 2920 ὀρθῶς
3012 2850 3300 2922 εἰργάσθαι
3333 2853 3546 2918 δοκοῦν,
3580 2856 3801 2927 μομφῆς

2239 2936 2334 2988 καὶ
2370 2936 2549 3000 αἰτίας
2574 2939 2927 3010 ἀμοιρήσειεν
2960 2940 3026 2994 ἂν
3054 2940 3169 2995 οὔτι
3208 2960 3334 3008 που,
3368 2947 3801 3018 περιεργαζομέ-
3856 3004 3861 3009 ,

2226 3043 2319 3081 νου
2334 3045 2395 3082 τε
2412 3031 2513 3083 ’καὶ
2549 3030 3107 3101 βασανίζοντος-Θεοῦ.
3147 3035 3439 3107 Τοιγάρτοι
3474 3038 3570 3092 καὶ
3603 3038 3800 3110 γέγρα-

2232 3134 2398 3172 πται·
2429 3137 2449 3171 ι
2493 3119 2618 3175 Ἐάν
2650 3121 2880 3193 ἀνομίας
2915 3127 3336 3197 παρατηρήσῃς.
3363 3125 3558 3199 Κύριε,
3600 3130 3797 3201 Κύριε,

2222 3206 2308 3271 τίς
2338 3208 2737 3281 ὑποστήσεται;
2781 3230 2800 3264 ι
2841 3213 2953 3266 Καὶ
2980 3213 3142 3268 πάλιν
3166 3229 3181 3244 ο
3221 3232 3240 3266 ι
3291 3215 3386 3271 Ἐκ
3412 3218 3522 3273 τῶν
3553 3220 3799 3291 κρυφίων

2227 3312 2328 3367 μου
2348 3297 2645 3368 καθάρισόν
2675 3316 2764 3370 με,
2794 3302 2890 3355 καὶ
2916 3302 3024 3355 ἀπὸ
3044 3302 3339 3376 ἀλλοτρίων
3359 3310 3539 3377 φεῖσαι
3564 3309 3658 3363 τοῦ
3682 3310 3801 3363 δού-

2223 3386 2317 3440 λου
2348 3404 2440 3441 σου
2465 3405 2480 3421 ο
2513 3388 2611 3442 ἐὰν
2639 3390 2714 3461 μή
2755 3407 2857 3461 μου
2891 3395 3389 3464 κατακυριεύσωσι,
3417 3397 3539 3452 τότε
3570 3399 3799 3470 ἄμωμος

2236 3477 2457 3549 ἔσομαι.
2496 3498 2516 3532 ι
2572 3480 2788 3534 Ἔνεστι
2817 3481 2881 3552 δὴ
2911 3478 3003 3537 οὖν
3034 3483 3146 3538 ἔσθ’
3194 3486 3281 3540 ὅτε
3314 3489 3408 3542 καὶ
3448 3490 3506 3543 ἐν
3541 3492 3663 3554 ταῖς
3691 3491 3799 3547 τῶν

2227 3568 2543 3623 ἀπολέκτων
2582 3570 2877 3641 ἀνδρείαις,
2910 3574 3131 3646 μομφὴν
3164 3577 3320 3631 ὁσίαν
3357 3578 3503 3644 ἰδεῖν,
3538 3581 3605 3649 ἣν
3629 3582 3664 3652 ἡ
3700 3579 3794 3636 τοῦ

2223 3658 2511 3732 νομοθέτου
2531 3660 2729 3729 γνῶσις
2745 3662 2974 3736 καθορᾷ,
3007 3669 3340 3739 παρατρέχει
3369 3669 3426 3722 δὲ
3453 3672 3599 3741 ἡμᾶς
3621 3690 3637 3703 η
3673 3690 3800 3727 συν-

2228 3749 2378 3822 ίεμεν
2429 3749 2538 3823 γάρ
2577 3749 2694 3806 οὔτι
2746 3770 2891 3820 που,
2931 3755 3076 3810 κατὰ
3122 3757 3222 3810 τό·
3298 3778 3317 3812 ι
3369 3760 3801 3834 Παραπτώματα

2224 3841 2308 3906 τίς
2338 3843 2598 3913 συνήσει;
2640 3860 2659 3894 ι
2698 3845 2809 3898 Kal
2853 3844 3078 3911 Ἡσαΐας
3098 3847 3157 3901 δέ
3196 3848 3298 3902 πού
3332 3867 3521 3922 φησιν,
3548 3854 3628 3908 ὅτι
3650 3857 3799 3910 πᾶσα

2224 3932 2384 4005 ήμῶν
2403 3935 2437 4004 ἡ
2472 3933 2782 4007 δικαιοσύνη
2798 3973 2813 4000 ,
2835 3934 2911 3999 ὡς
2934 3936 3100 4007 ῥάκος
3127 3938 3574 4013 ἀποκαθημένης.
3591 3944 3691 3999 Διά
3711 3963 3795 4000 τοι

2223 4022 2286 4075 τὸ
2309 4024 2390 4085 είς
2408 4022 2551 4091 ἄγαν
2577 4024 2808 4088 ἀστείως
2835 4024 2930 4079 καὶ⁹
2955 4026 3294 4099 ἀμωμήτως,
3329 4029 3403 4102 μὴ
3427 4030 3493 4085 ἂν
3529 4034 3675 4103 ἔχειν
3701 4034 3799 4089 δύ-

2227 4112 2420 4168 νασθαί
2463 4131 2616 4168 ποτε.
2645 4114 2854 4180 Παῦλος
2883 4116 2939 4169 δὲ
2962 4117 2997 4170 ό
3035 4119 3376 4189 σοφώτατος.
3428 4142 3448 4175 ι
3483 4125 3651 4178 Οὐδὲν
3687 4126 3800 4197 γὰρ

2226 4205 2447 4277 ἐμαυτῷ
2491 4204 2705 4261 σύνοιδα
2738 4225 2757 4258 ι
2806 4208 3101 4279 γεγραφὼς
3123 4251 3139 4279 ,
3177 4228 3196 4263 ι
3243 4211 3384 4265 Ἀλλ’
3415 4213 3516 4267 οὐκ
3542 4216 3600 4268 ἐν
3623 4215 3800 4286 τούτῳ

2226 4298 2608 4369 δεδικαίωμαι,
2649 4297 2813 4369 φησίν
2836 4315 2850 4330 °
2874 4301 2903 4353 ὁ
2930 4300 2986 4355 δὲ
3016 4302 3324 4374 ἀνακρίνων
3351 4321 3420 4375 με
3440 4345 3455 4369 ,
3487 4306 3691 4377 Κύριός
3716 4310 3802 4361 ἐσ-

2225 4405 2328 4443 τιν.
2369 4405 2392 4443 ι
2437 4386 2501 4440 Ἣ
2524 4386 2582 4441 δέ
2626 4386 2832 4458 μέμψις
2857 4390 2891 4460 ἡ
2923 4390 3075 4461 παρά
3102 4390 3346 4455 Μωσέως
3379 4394 3439 4445 οὐ
3464 4394 3602 4464 πρὸς
3631 4395 3802 4449 ἀπανο

2225 4496 2323 4543 τας
2376 4478 2562 4543 ἁπλῶς
2580 4518 2596 4546 ,
2628 4478 2768 4532 ἀλλά
2811 4480 2947 4550 πρὸς
2997 4480 3191 4551 μόνους
3217 4481 3517 4553 ἐπράττετο
3540 4483 3665 4547 τοὺς
3694 4484 3800 4555 τῆς

2221 4568 2505 4641 δυνάμεως
2529 4569 2879 4635 ἐπισκόπους,
2898 4571 2994 4624 καὶ
3022 4570 3160 4642 πρὸς
3189 4571 3511 4644 χιλιάρχους
3541 4575 3639 4630 καὶ
3667 4575 3802 4629 ἐκα-

2223 4662 2547 4735 τοντάρχους
2569 4680 2584 4697 ·
2613 4680 2632 4714 ι
2667 4663 2892 4717 Δυνοιτολ¹
2913 4662 3041 4734 γὰρ,
3064 4662 3300 4726 δυνατῶς
3326 4664 3727 4733 ἐτασθήσονται,
3773 4683 3795 4717 ι

544 4760 664 4814 sine
703 4758 1022 4815 discrimine
1071 4757 1508 4828 perstringebat,
1548 4756 1644 4811 sed
1686 4756 1861 4811 solum
1901 4754 2119 4826 episco-

2228 4756 2319 4810 καὶ
2339 4757 2459 4809 κατ’
2480 4754 2659 4809 αὐτῶν
2705 4755 2938 4826 μάλιστα
2968 4754 3029 4808 τὸ
3061 4754 3287 4827 ἀκριϐὲς
3310 4756 3407 4811 τοῦ
3427 4757 3593 4829 νόμου
3614 4773 3629 4789 ο
3669 4774 3688 4809 ι
3724 4750 3803 4831 τῷ

542 4864 645 4918 pos
689 4863 752 4903 ac
810 4847 976 4901 duces
1013 4846 1286 4901 exercitus
1321 4846 1377 4902 et
1413 4845 1771 4911 millenarios,
1809 4860 1873 4900 ac
1916 4856 2109 4900 centu-

542 4937 766 4992 riones:
824 4955 842 4986 ι
883 4935 961 4990 De
1013 4936 1330 5005 potentibus
1379 4937 1526 4991 enim
1574 4944 1827 5007 potenter
1883 4937 2111 5006 quaestio

543 5028 639 5085 fiet
654 5028 722 5094 ”,
756 5046 775 5079 ι
811 5042 877 5081 ac
913 5040 1127 5081 summo
1151 5026 1273 5096 jure
1304 5041 1427 5079 eum
1472 5028 1579 5085 illis
1611 5026 1844 5082 maxime
1894 5027 1977 5097 agi
2015 5042 2114 5097 par

542 5130 663 5179 est:
698 5139 717 5173 ι
759 5118 919 5191 Apud
946 5131 1110 5188 quem
1134 5116 1304 5181 enim,
1345 5116 1543 5185 inquit,
1571 5119 1805 5171 multum
1843 5118 2116 5188 deposue-

542 5221 694 5279 runt,
716 5212 950 5268 multum
980 5206 1048 5262 ab
1070 5222 1137 5261 eo
1165 5205 1491 5278 quaerent".
1521 5227 1540 5259 ι
1582 5207 1816 5279 Ideoque
1855 5211 2119 5282 scriptum

547 5303 771 5375 reliquit
807 5302 901 5358 ille
943 5297 1241 5356 Salvatoris
1294 5296 1469 5351 nostri
1507 5295 1843 5365 discipulus:
1892 5318 1910 5349 ι
1943 5299 2123 5356 Nolite

544 5397 733 5465 plures
760 5392 1006 5466 magistri
1039 5388 1393 5457 ﬁeri,fratres
1422 5386 1807 5453 mei,scientes
1830 5390 1975 5459 quod
2005 5404 2123 5444 ma-

540 5484 635 5555 jus
667 5484 938 5556 judicium
972 5495 1253 5539 sumemus
1271 5480 1338 5533 ".
1365 5498 1383 5529 ι
1425 5478 1487 5533 In
1522 5478 1813 5549 episcopos
1841 5479 2029 5549 igitur,
2069 5487 2126 5534 et

545 5587 661 5641 eos,
689 5575 784 5645 qui
808 5574 1094 5629 ordinibus
1115 5578 1374 5643 praesunt,
1399 5568 1705 5625 communis
1727 5569 1885 5641 culpa
1907 5568 2123 5625 confer-

617 5689 665 5723 “
685 5687 821 5743 Luc.
864 5704 977 5753 Vl",
1020 5689 1108 5741 l7.
1211 5687 1256 5719 ³⁸
1295 5686 1714 5753 Psal.cxx1x,5.

549 5758 606 5818 ’1.
677 5759 724 5792 ⁹⁰
752 5757 887 5814 Luc.
909 5773 1004 5823 xu,
1029 5758 1116 5811 48.
1193 5758 1236 5791 ⁹¹
1259 5756 1375 5811 Jac.
1403 5771 1482 5820 ιιι,
1518 5756 1567 5812 l.

1822 5687 1868 5721 '°
1902 5687 2046 5745 Psal.
2090 5704 2241 5758 xmt,
2278 5689 2366 5756 l5,
2396 5689 2483 5744 l4.
2561 5689 2604 5724 ⁸⁷
2628 5689 2765 5746 ibid.
2808 5690 2893 5746 l3.

2219 4847 2326 4917 γὰρ
2360 4846 2496 4900 πολῦ
2534 4845 2831 4917 παρέθεντο
2855 4885 2870 4909 ,
2923 4846 3057 4916 φησι
3081 4886 3096 4911 ,
3134 4846 3270 4900 πολὺ
3317 4845 3641 4918 ζητήσουσιν
3696 4843 3815 4901 ἀπ’

2220 4937 2406 4992 αὑτοῦ.
2456 4956 2474 4990 ι
2507 4936 2795 5010 Τοιγάρτοι
2822 4938 2916 4991 καὶ
2956 4938 3200 5007 γέγραφε
3229 4937 3320 4990 τοῦ
3359 4939 3609 5011 Σωτῆρος
3638 4941 3666 4992 ό
3692 4956 3804 5008 μα-

2223 5026 2390 5099 θητής
2418 5045 2430 5058 ·
2461 5046 2478 5079 ι
2502 5028 2599 5098 Μὴ
2629 5027 2813 5081 πολλοὶ
2844 5026 3150 5083 διδάσκαλοι
3178 5028 3638 5099 γίνεσθε,ἀδελφοί
3667 5046 3802 5100 μου,

2226 5118 2428 5182 ειδότες
2455 5119 2537 5173 ὅτι
2563 5118 2747 5190 μεῖξον
2774 5121 2946 5189 κρῖμα
2967 5118 3270 5187 ληψόμεθα.
3308 5138 3326 5170 ι
3355 5120 3584 5190 Φέρεται
3615 5120 3804 5175 τοίνυν

2229 5210 2323 5262 ἐπὶ
2349 5208 2478 5272 τοὺς
2507 5208 2838 5270 ἐπισκόπους
2864 5206 2962 5261 καὶ
2993 5206 3099 5261 τῶν
3127 5210 3423 5278 ταγμάτων
3465 5210 3813 5280 προεστηκό-

2224 5312 2323 5361 τας
2357 5300 2392 5369 ἡ
2421 5297 2562 5352 κατά
2590 5298 2809 5352 πάντων
2837 5296 3091 5359 αἱτίασις.
3140 5298 3250 5351 Ἀεὶ
3270 5299 3380 5369 γάρ
3410 5314 3516 5352 που
3547 5302 3666 5362 ταῖς
3696 5302 3807 5369 νή-

2223 5384 2350 5456 ψεσι
2380 5386 2489 5440 τῶν
2516 5386 2941 5459 καθηγουμένων
2987 5386 3264 5457 εὐδοκιμεῖ
3288 5387 3348 5441 τὸ
3381 5388 3640 5459 ὑπήκοον.
3673 5386 3808 5444 Τοι-

2224 5475 2418 5547 γάρτοι
2437 5477 2532 5531 καὶ
2549 5478 2855 5549 γέγραπται
2880 5480 2995 5542 τοῖς
3011 5477 3115 5531 ὑπὸ
3137 5480 3294 5549 χεῖρα
3311 5477 3480 5542 λαοῖς·
3505 5478 3810 5536 «Πείθεσθε

2226 5572 2339 5634 τοῖς
2369 5570 2694 5642 ἡγουμένοις
2718 5570 2870 5643 ὑμῶν
2888 5572 2983 5626 καὶ
3015 5571 3287 5625 ὑπείκετε·
3311 5572 3464 5625 αὐτοὶ
3486 5572 3592 5645 γὰρ
3620 5575 3813 5644 ἀγρυ-

2998 5688 3226 5746 ⁸⁸Ιῦοι·.
3258 5704 3329 5753 tv,
3353 5690 3405 5744 4.
3482 5689 3527 5722 ⁸⁹
3565 5688 3694 5767 Sap.
3722 5707 3811 5766 τι,
