4082 6304
276 355 374 410 5³29

1011 352 1098 409 DE
1140 333 1580 408 ADORATlO-NE
1617 347 1686 404 lN
1727 345 1998 403 SPIRITU
2037 346 2125 400 ΕΤ
2166 346 2538 404 VERIT‘ATE:
2561 348 2689 404 LIB.
2732 347 2818 403 IV.

3421 339 3525 405 ειη

273 475 494 531 most
528 472 663 544 ὑπὲρ
699 471 805 524 τῶν
833 469 1021 541 ψυχῶν
1051 469 1225 540 ὑμῶν,
1253 468 1327 530 ὡς
1348 467 1504 536 λόγον
1541 463 1841 519 ἀποδὼτον-

1954 470 2051 517 tur.
2077 463 2305 532 Semper
2333 464 2479 517 enim
2501 463 2614 518 fere
2642 462 2950 532 principum
2987 461 3266 533 vigilantia
3293 465 3352 522 fit
3387 479 3444 523 ut
3488 472 3522 525 il

271 585 380 632 τες.
431 585 452 618 ι
499 563 655 620 Μετὰ
691 562 747 616 δὲ
793 563 890 632 τὴν
934 561 1042 616 τῶν
1087 559 1361 629 γυναικῶν
1391 575 1452 612 τε
1491 557 1585 611 καὶ
1623 555 1846 610 παιδίων

270 658 572 730 ἀναίρεσιν,
617 654 1021 716 ἀναπονίπτους
1057 653 1153 706 οὐκ
1183 652 1250 721 ἐᾷ
1291 651 1418 712 τοὺς
1451 645 1782 718 πολεμιστὰς
1821 647 1850 698 6

272 744 557 809 θεσπέσιος
592 742 796 817 Μωσῆς
826 742 1200 808 ἐναυλίζεσθαι
1229 745 1294 812 τῇ
1321 737 1641 812 παρεμϐολῇ
1669 779 1684 802 ,
1716 754 1850 807 προ-

271 838 744 908 αποκαθαίρεσθαι
765 835 824 890 δὲ
845 836 956 890 δεῖν
978 834 1277 900 ἐπιτάττει,
1294 832 1466 901 λέγων
1485 849 1498 862 ·
1513 851 1530 883 ι
1563 831 1673 885 Καὶ
1693 830 1850 900 ὑμεῖς

273 930 678 1004 παρεμϐαλεῖτε
738 929 842 994 ἔξω
875 927 973 999 τῆς
1019 926 1376 1000 παρεμϐολῆς
1419 924 1558 978 ἑπτὰ
1606 923 1847 994 ἡμέρας’

271 1026 376 1086 πᾶς
400 1025 429 1076 6
448 1021 654 1076 ἀνελὼν
675 1021 770 1075 καὶ
788 1023 818 1074 6
847 1021 1152 1092 ἁπτόμενος
1177 1018 1274 1072 τοῦ
1301 1016 1644 1088 τετρωμένου
1699 1016 1852 1084 ἀγνιο

275 1111 530 1185 σθήσεται
559 1113 626 1182 τῇ
659 1113 846 1183 ἡμέρᾳ
878 1111 1066 1183 τρίτῃ,
1100 1111 1194 1164 καὶ
1231 1112 1298 1181 τῇ
1344 1109 1527 1180 ἡμέρᾳ
1551 1108 1616 1178 τῇ
1645 1105 1850 1180 ἑϐδόμῃ

273 1208 428 1276 ὑμεῖς
461 1205 561 1258 καὶ
587 1207 620 1276 ἡ
652 1204 1001 1274 αἰχμαλωσία
1028 1203 1204 1273 ὑμῶν,
1235 1202 1330 1256 καὶ
1369 1203 1478 1255 πᾶν
1503 1198 1848 1272 περίδλημα,

276 1295 370 1350 καὶ
415 1297 526 1348 πᾶν
575 1293 770 1357 σκεῦος
819 1293 1164 1364 δερμάτινον,
1203 1293 1299 1346 καὶ
1338 1293 1525 1345 πᾶσαν
1586 1289 1852 1359 ἐργασίαν

270 1387 329 1453 ἐξ
365 1387 611 1454 αἱγείας,
651 1386 746 1440 καὶ
792 1386 900 1440 πᾶν
945 1385 1137 1456 σκεῦος
1163 1383 1370 1452 ξύλινον
1413 1380 1785 1451 ἀφαγνιεῖσθε.
1826 1398 1844 1432 ι

283 1478 447 1550 Ὁρᾷς
488 1479 570 1530 ὅτι
611 1476 705 1531 καὶ
744 1476 806 1528 τὸ
843 1475 1066 1548 ἄριστόν
1100 1491 1159 1528 τε
1188 1474 1284 1527 καὶ
1327 1473 1610 1543 εὐδόκιμον
1637 1473 1694 1524 ἐν
1717 1473 1852 1541 ἡμῖν

268 1570 378 1624 τῶν
429 1569 746 1623 ἁπολέκτων
798 1567 956 1637 γένος
1009 1566 1109 1620 οὐκ
1163 1563 1466 1636 ἀμώμητον
1534 1555 1847 1624 παντελῶς·

275 1669 296 1716 ι
333 1661 594 1732 Καθαρδς
623 1661 732 1732 γὰρ
761 1661 936 1723 οὐδεὶς
981 1659 1090 1713 ἀπὸ
1127 1657 1335 1728 ῥύπου,
1375 1675 1393 1707 ι
1429 1656 1522 1709 καὶ
1559 1655 1607 1708 εί
1637 1653 1842 1723 σφόδρα

269 1754 354 1818 τις
375 1752 462 1824 εἴη
486 1753 594 1807 τῶν
635 1752 946 1822 εὐδοκιμεῖν
974 1749 1244 1804 εἰωθότων
1266 1765 1279 1780 ο
1312 1748 1608 1818 τετήρηται
1653 1745 1762 1816 γὰρ
1791 1745 1850 1798 τὸ

270 1844 486 1906 τελείως
523 1843 676 1912 ἆγιον
707 1843 788 1904 εἰς
814 1839 984 1894 αἰῶνα
1017 1839 1108 1892 τὸν
1143 1838 1425 1910 μέλλοντα.
1447 1836 1594 1902 Ἔξω
1631 1851 1850 1904 τοιγαρ-

269 1935 360 1990 οῦν
437 1934 654 1999 καθίζει
716 1933 817 2003 τῆς
885 1930 1244 2004 παρεμϐολῆς
1293 1929 1420 1992 τοὺς
1477 1926 1848 1998 νενικηκότας,

269 2029 363 2084 καὶ
407 2025 809 2097 ἀφαγνίζεσθαι
851 2024 962 2077 δεῖν
1009 2024 1206 2086 αὐτοὺς
1257 2023 1314 2076 ἐν
1361 2020 1546 2092 ἡμέρᾳ
1600 2017 1734 2090 φησὶ
1781 2019 1847 2088 τῇ

281 2120 438 2192 τρίτῃ
481 2119 576 2172 καὶ
615 2119 682 2189 τῇ
731 2116 960 2187 ἐϐδόμῃ.
999 2115 1110 2187 Τῆς
1145 2113 1246 2186 μὲν
1274 2112 1487 2184 ἡμέρας
1527 2112 1626 2180 τῆς
1662 2109 1852 2182 τρίτης

267 2211 415 2282 ἧτὺν
452 2209 637 2280 τρίτον
671 2210 805 2280 ἡμῖν
841 2205 1222 2278 σημαινούσης
1253 2204 1345 2257 τὸν
1373 2203 1590 2274 καιρὸν,
1637 2199 1758 2254 καθ’
1791 2199 1851 2251 ὃν

268 2305 300 2374 ἠ
333 2303 422 2357 διὰ
447 2300 688 2374 Χριστοῦ
709 2303 902 2369 γέγονε
933 2298 1200 2368 κάθαρσις
1229 2295 1365 2366 μετὰ
1387 2295 1574 2366 χρόνον
1595 2293 1684 2346 τὸν
1710 2292 1851 2346 κατὰ

265 2395 474 2450 Μωσέα
495 2436 510 2460 ,
539 2393 636 2448 καὶ
659 2391 780 2447 καθ’
804 2391 864 2445 ὃν
884 2390 912 2442 6
938 2389 1047 2444 τῶν
1067 2389 1238 2457 ἁγίων
1257 2386 1556 2458 προφητῶν
1567 2383 1850 2456 ἀνεδείχθη

268 2487 429 2560 χορὸς
455 2527 470 2552 ,
511 2486 630 2557 ἦτοι
659 2470 749 2538 τδν
792 2484 890 2554 τῆς
930 2480 1280 2542 ἀναστάσεως
1304 2519 1318 2544 ,
1369 2477 1493 2532 καθ’
1537 2476 1596 2530 ὃν
1651 2474 1851 2530 ἀνεϐίω

264 2579 521 2652 Χριστὸς,
555 2574 915 2648 προσηλώσας
933 2572 1012 2645 τῷ
1033 2573 1198 2643 τιμίῳ
1221 2569 1438 2642 σταυρῷ
1458 2570 1518 2622 τὸ
1543 2569 1668 2624 καθ’
1695 2571 1728 2640 ἡ
1737 2568 1850 2640 μῶν

263 2669 666 2746 χειρόγραφον,
727 2667 822 2722 καὶ
876 2665 1094 2720 λυτικδν
1144 2662 1420 2735 ἁμαρτίας
1469 2661 1532 2714 τὸ
1574 2661 1642 2714 δι’
1700 2663 1850 2732 ἡμᾶς

266 2763 568 2834 ὑπομείνας
602 2758 794 2822 πάθος.
831 2758 942 2829 Τῆς
991 2773 1054 2825 γε
1111 2757 1218 2828 μὴν
1249 2754 1486 2825 ἑϐδόμης
1531 2753 1621 2807 τὸν
1654 2755 1747 2806 ἐπὶ
1783 2756 1848 2825 τῇ

265 2851 548 2922 συντελείᾳ
577 2850 672 2905 τοῦ
703 2848 966 2922 παρόντος
995 2849 1188 2910 αἰῶνος
1218 2845 1411 2916 καιρὸν
1449 2843 1852 2916 ἀναπειθούσης

265 2949 428 3010 νοεῖν,
468 2945 590 2999 καθ’
641 2943 700 2997 ὃν
745 2941 1050 3013 όλοτρόπως
1105 2940 1166 2992 τὸ
1213 2939 1314 3008 τῆς
1371 2937 1644 3008 ἁμαρτίας
1691 2935 1852 3007 ἄχθος

268 3038 723 3107 ἀποσεισάμενοι,
763 3034 858 3088 καὶ
884 3033 964 3096 είς
992 3030 1144 3102 λῆξιν
1191 3029 1360 3094 ἰόντες
1390 3027 1687 3098 ἁγιασμοῦ,
1729 3038 1853 3080 συν-

1947 555 2042 626 qui
2071 563 2285 626 parent,
2311 555 2658 610 laudabiliter
2685 570 2744 609 se
2767 563 2984 624 gerant;
3011 555 3242 626 ideoque
3259 562 3526 630 scriptum

1947 654 2032 700 est
2063 647 2281 716 populis
2313 646 2407 716 qui
2437 646 2542 700 sub
2579 645 2808 716 imperio
2837 654 3028 701 erant:
3061 667 3080 698 ‹
3111 648 3342 705 Ohedite
3379 667 3524 722 pra:-

1947 737 2143 808 positis
2180 737 2398 802 vestris,
2422 744 2479 792 et
2510 737 2787 807 subjaeete
2825 737 2940 804 eis;
2969 737 3070 807 ipsi
3118 740 3264 794 enim
3300 741 3555 811 vigilant'

1949 843 2048 899 pro
2095 827 2384 882 animabus
2429 827 2658 892 vestris,
2703 835 2961 897 tanquam
3017 829 3284 884 rationem
3339 831 3527 886 reddi-

1950 921 2136 976 turi".
2163 941 2181 972 ι
2221 921 2350 976 Post
2377 935 2569 976 necem
2607 928 2738 974 vero
2785 921 3080 975 mulierum
3133 935 3196 976 ac
3229 937 3526 991 puerorum

1949 1029 2060 1068 non
2087 1012 2358 1083 permittit
2387 1013 2579 1067 beatus
2607 1011 2819 1082 Moyses
2859 1019 2918 1066 ut
2954 1011 3156 1066 milites
3199 1013 3338 1067 illoti
3375 1029 3434 1069 se
3473 1016 3526 1068 in

1950 1113 2128 1160 castra
2153 1104 2449 1174 recipiant;
2480 1103 2575 1158 sed
2606 1110 2667 1158 ut
2699 1103 2853 1173 prius
2891 1103 3195 1158 lustrcntur
3223 1103 3412 1174 jubet,
3441 1105 3529 1158 di-

1951 1208 2112 1249 cens:
2146 1195 2302 1264 123
2330 1213 2348 1245 ι
2379 1194 2448 1249 Ει
2484 1208 2583 1248 vos
2616 1192 3138 1249 eastrametabimini
3177 1202 3331 1250 extra
3353 1205 3530 1250 castra

1952 1294 2160 1355 septem
2213 1285 2361 1340 dies:
2407 1285 2590 1340 omnis
2629 1286 2722 1356 qui
2764 1285 3104 1342 interfecerit
3155 1289 3430 1353 animam,
3474 1299 3531 1344 et

1951 1379 2131 1432 omnis
2173 1378 2266 1448 qui
2309 1377 2550 1449 tetigerit
2588 1379 2968 1442 vulneratum,
3011 1379 3337 1434 lustrabitur
3369 1379 3531 1434 tertio

1952 1471 2042 1526 die
2091 1479 2148 1526 et
2171 1471 2260 1525 die
2289 1471 2542 1541 septimo,
2569 1484 2664 1526 vos
2684 1479 2739 1526 et
2763 1472 3047 1541 captivitas
3067 1481 3269 1537 vestra,
3291 1481 3347 1527 et
3368 1488 3530 1528 omne

1953 1559 2356 1626 indumentum,
2397 1568 2453 1614 et
2475 1575 2637 1616 omne
2661 1575 2754 1615 vas
2778 1561 3092 1630 pelliceum,
3119 1570 3175 1616 et
3202 1577 3364 1617 omne
3393 1579 3533 1633 opus

1951 1667 2018 1705 ex
2051 1651 2272 1720 caprina
2289 1653 2450 1722 pelle,
2465 1661 2521 1707 et
2541 1667 2704 1708 omne
2723 1669 2819 1707 vas
2849 1653 3090 1724 ligneum
3119 1655 3524 1724 expiabitis'h

1952 1738 2116 1793 Vides
2135 1740 2298 1793 etiam
2322 1741 2654 1796 selectorum
2678 1757 2872 1812 genus,
2906 1743 3053 1812 quod
3091 1744 3234 1813 apud
3258 1761 3358 1800 nos
3384 1747 3531 1815 opti-

1955 1846 2102 1886 mum
2145 1846 2208 1885 ac
2257 1833 2768 1902 praestantissimum
2823 1833 3086 1898 habetur,
3135 1851 3245 1890 non
3304 1838 3533 1892 omnino

1951 1924 2111 1993 culpa
2143 1939 2335 1979 vacare
2363 1941 2374 1976 :
2405 1943 2420 1974 ι
2440 1923 2617 1978 Nemo
2638 1923 2786 1978 enim
2817 1925 3058 1980 mundus
3087 1941 3117 1979 a
3146 1926 3306 1982 sorde
3322 1929 3390 1992 οδ,
3426 1949 3442 1978 ι
3473 1939 3534 1984 ιιι

1950 2017 2183 2070 maxime
2238 2015 2364 2086 quis
2401 2015 2544 2071 inter
2581 2016 3002 2087 probatissimos
3052 2019 3324 2076 habeatur
3361 2039 3374 2076 :
3440 2024 3533 2078 illa

1951 2123 2186 2177 namque
2217 2107 2458 2178 perfecta
2480 2109 2740 2163 sanctitas
2775 2109 2830 2164 in
2868 2107 3114 2165 futurum
3155 2113 3414 2168 saeculum
3441 2130 3532 2169 re—

1952 2210 2164 2254 servata
2187 2208 2290 2255 est.
2318 2200 2488 2270 Igitur
2506 2208 2661 2254 extra
2679 2209 2857 2256 castra
2880 2201 3117 2257 victores
3138 2205 3423 2261 considere
3439 2207 3532 2278 ju-

1951 2291 2064 2354 bet,
2097 2304 2302 2360 eosque
2340 2291 2564 2346 lustrari
2606 2297 2862 2361 oportere
2895 2292 3074 2363 inquit
3125 2296 3290 2351 tertio
3341 2297 3430 2353 die
3469 2313 3537 2354 ac

1951 2383 2206 2454 septimo.
2229 2383 2308 2438 Ac
2345 2383 2544 2438 tertius
2563 2382 2784 2452 quidem
2815 2383 2936 2438 dies
2981 2392 3075 2440 aut
3109 2387 3330 2442 tertium
3359 2391 3532 2462 signi-

1951 2476 2079 2533 ﬁcat
2115 2485 2352 2547 tempus,
2387 2491 2498 2546 quo
2531 2475 2621 2530 illa
2658 2491 2758 2546 per
2791 2475 3070 2532 Christum
3099 2481 3351 2550 purgatio
3391 2481 3536 2537 facta

1949 2574 2054 2632 est,
2082 2575 2208 2640 post
2237 2567 2404 2638 Moysi
2439 2575 2676 2637 tempus,
2709 2575 2766 2621 et
2795 2574 2921 2636 post
2954 2567 3087 2622 illud
3124 2579 3388 2640 praeterea
3423 2589 3535 2642 quo

1951 2661 2150 2718 claruit
2175 2671 2487 2718 sanctorum
2517 2659 2908 2729 prophetarum
2930 2661 3158 2717 chorus:
3194 2673 3288 2719 aut
3319 2673 3538 2735 tempus

1951 2752 2378 2808 resurrectionis
2399 2792 2412 2817 ,
2463 2766 2576 2822 quo
2609 2751 2865 2808 Christus
2905 2755 3138 2819 revixit,
3168 2770 3295 2810 cum
3333 2756 3536 2812 allixis-

1951 2854 2036 2902 set
2071 2846 2396 2901 veneranda
2432 2845 2590 2900 cruci
2616 2846 3041 2920 chirographum
3079 2849 3227 2918 quod
3260 2857 3386 2904 erat
3434 2849 3536 2903 ad-

1955 2951 2177 2991 versum
2201 2950 2332 3002 nos,
2366 2952 2429 2992 ac
2455 2937 2787 3008 passionem,
2820 2956 2946 3010 quae
2972 2949 3258 3010 peccatum
3289 2941 3531 3002 sustulit,

1957 3029 2131 3083 nostri
2165 3043 2328 3083 causa
2372 3029 2651 3084 subiisset.
2691 3031 2968 3100 Septimus
3003 3048 3134 3086 vero
3172 3032 3292 3086 dies
3323 3042 3539 3101 tempus

269 3129 511 3200 εσόμεθα
538 3127 617 3198 τῷ
647 3123 888 3198 Χριστῷ,
933 3121 1184 3194 καθαρὰν
1231 3123 1327 3175 καὶ
1359 3119 1694 3192 ἡγνισμένην
1713 3161 1728 3185 ,
1759 3119 1852 3173 καὶ

1957 3119 2092 3175 illud
2116 3121 2263 3189 quod
2285 3121 2392 3174 erit
2423 3121 2479 3175 in
2512 3123 2980 3177 consummatione
3006 3123 3291 3191 praesentis
3329 3122 3534 3186 saeculi,

277 3221 337 3275 ἒν
367 3219 736 3293 μακαριότητι
769 3219 836 3289 τῇ
871 3214 1015 3270 κατὰ
1055 3211 1288 3285 Χριστὸν
1317 3211 1595 3281 τρίϐοντες
1621 3209 1791 3281 ζωήν.

1967 3226 2070 3272 nos
2106 3209 2366 3265 admonet
2393 3211 2735 3283 intelligere;
2773 3228 2921 3277 cum,
2953 3214 3104 3268 omni
3125 3229 3194 3268 ex
3231 3223 3388 3284 parte
3417 3230 3538 3268 sar-

268 3313 397 3371 cina
447 3321 804 3382 peccatorum
842 3323 1103 3372 excussa,
1140 3317 1410 3361 summam
1457 3303 1568 3373 jam
1621 3301 2107 3360 sanctiﬁcationem
2157 3305 2414 3370 assecuti,
2477 3305 2638 3360 simul
2677 3321 2802 3361 cum
2839 3305 3058 3362 Christo
3114 3308 3346 3372 erimus,
3387 3318 3444 3363 et
3482 3309 3536 3366 in

267 3403 654 3477 purgatissima
686 3402 778 3457 illa
809 3400 1279 3468 mundissimaque
1307 3397 1444 3460 vita,
1465 3402 1521 3449 et
1546 3394 1642 3448 Dei
1678 3395 2020 3452 beatitudine
2045 3397 2360 3453 felicissima
2385 3399 2753 3454 versabimur.

342 3497 548 3552 HAAA.
583 3489 655 3548 Εὖ
680 3493 812 3563 ἔχει,
849 3493 991 3546 κατὰ
1017 3507 1080 3560 γε
1109 3491 1167 3544 τὸ
1196 3491 1318 3561 ἐμοὶ
1345 3489 1555 3542 δοκοῦν.

343 3676 506 3730 ΚΥΡ.
553 3674 873 3744 Θαυμάσαις
917 3673 961 3725 δ’
1001 3670 1065 3724 ἂν
1098 3672 1191 3723 καὶ
1239 3670 1375 3741 πρὸς
1405 3669 1616 3730 τούτοις
1665 3667 1743 3721 ἔτι
1791 3666 1848 3720 τὸ

270 3763 469 3835 ἑφεξῆς
490 3765 808 3836 μυιινιτήριον⁹
839 3761 1140 3832 διαδέχεται
1163 3759 1270 3832 γὰρ
1294 3761 1456 3822 εὐθὺς
1483 3759 1580 3829 τὴν
1608 3757 1852 3821 Μωσέως

269 3857 460 3910 λαλιὰν
502 3855 764 3927 Ἐλεάζαρ
793 3857 823 3908 6
845 3855 1042 3924 ἱερεὺς,
1068 3853 1162 3906 καί
1185 3869 1316 3924 φησι
1337 3851 1474 3922 πρὸς
1504 3850 1631 3913 τοὺς
1651 3848 1852 3920 ἄνδρας

268 3947 381 4018 τῆς
409 3946 694 4017 δυνάμεως
727 3945 852 4008 τοὺς
896 3943 1222 4014 ἐρχομένους
1271 3943 1334 3995 ὲκ
1366 3943 1462 4012 τῆς
1497 3939 1854 4010 παρατάξεως

271 4040 366 4094 τοῦ
395 4040 634 4111 πολέμου
656 4056 670 4070 ·
698 4059 717 4092 ι
751 4037 922 4092 Τοῦτο
944 4037 1003 4090 τὸ
1027 4035 1298 4106 δικαίωμα
1322 4033 1416 4087 τοῦ
1443 4033 1608 4104 νόμου
1636 4032 1694 4084 ὃν
1729 4048 1853 4083 συν-

270 4135 427 4199 έταξε
456 4133 665 4204 Κύριος
703 4131 782 4201 τῷ
811 4129 1008 4200 Μωσῇ,
1053 4129 1190 4199 πλὴν
1235 4126 1329 4180 τοῦ
1357 4125 1582 4196 χρυσίου
1619 4124 1712 4176 καὶ
1759 4121 1854 4177 τοῦ

271 4225 558 4298 ἀργυρίου,
593 4223 688 4277 καὶ
708 4220 930 4293 χαλκοῦ,
955 4221 1049 4273 καὶ
1073 4219 1312 4289 σιδήρου,
1339 4216 1434 4270 καὶ
1460 4215 1729 4286 μολίϐδου,
1763 4212 1858 4267 καὶ

271 4317 630 4389 κασσιτέρου,
664 4317 774 4370 πᾶν
810 4315 1042 4385 πρᾶγμα
1067 4311 1094 4364 ὃ
1133 4311 1463 4364 διελεύσεται
1505 4309 1562 4362 ἐν
1607 4307 1738 4376 πυρὶ
1766 4306 1860 4359 καὶ

271 4407 744 4480 καθαρισθὴσεται
764 4447 778 4470 ,
824 4404 938 4458 ἀλλ’
968 4403 1000 4474 ἢ
1029 4401 1106 4474 τῷ
1137 4401 1290 4454 ὕδατι
1323 4399 1419 4453 τοῦ
1465 4399 1732 4468 ἁγνισμοῦ
1764 4398 1862 4464 ἁτ-

2022 3489 2221 3546 PALL.
2243 3491 2389 3546 Bene
2433 3506 2490 3546 se
2523 3491 2691 3547 habet
2721 3492 2920 3558 oratio,
2941 3499 3000 3547 ut
3026 3493 3160 3546 mihi
3195 3493 3418 3563 quidem
3451 3495 3537 3548 vi-

1955 3583 2132 3636 detur.

2023 3673 2183 3733 ΟΥΕ..
2204 3673 2282 3728 Ad
2305 3673 2419 3729 haec
2450 3676 2769 3746 mysterium
2799 3675 2947 3746 quod
2979 3677 3242 3733 continuo
3268 3679 3540 3748 sequitur,

1954 3763 2200 3835 profecto
2229 3765 2498 3821 mirabere
2524 3785 2535 3818 :
2559 3766 2765 3837 excipit
2796 3768 2945 3822 enim
2971 3768 3121 3822 illico
3135 3769 3299 3840 Moysi
3325 3785 3545 3824 sermo-

1955 3873 2081 3912 nem
2108 3858 2363 3914 sacerdos
2393 3858 2636 3923 Eleazar,
2677 3869 2734 3914 et
2767 3861 2842 3915 ait
2868 3862 2935 3916 ad
2967 3863 3116 3918 viros
3145 3864 3420 3918 exercitus
3442 3863 3536 3934 qui

1955 3943 2251 3999 veniebant
2296 3959 2363 3999 ex
2400 3945 2517 4000 acie
2546 3945 2710 4001 belli:
2763 3967 2782 3999 ‹
2821 3949 3014 4005 Nonne
3067 3951 3184 4006 haec
3217 3959 3303 4006 est
3335 3953 3541 4024 justiﬁ-

1959 4037 2101 4092 catio
2125 4038 2262 4108 legis
2283 4053 2446 4108 quam
2485 4041 2746 4110 praecepit
2789 4043 3058 4099 Dominus
3083 4045 3296 4116 Moysi?
3341 4057 3542 4116 prmter

1960 4144 2176 4193 aurum,
2198 4137 2254 4183 et
2281 4139 2590 4200 argentum,
2623 4139 2678 4186 et
2699 4148 2791 4198 tes,
2823 4141 2878 4187 et
2909 4135 3136 4200 ferrum,
3169 4142 3224 4190 et
3258 4138 3542 4206 plumbum

1960 4227 2014 4272 et
2041 4227 2320 4285 stannum,
2369 4223 2550 4278 omnis
2589 4239 2680 4278 res
2703 4239 2827 4293 quae
2863 4226 3120 4279 transibit
3150 4227 3206 4280 in
3245 4225 3392 4295 igne,
3438 4227 3548 4280 du-

1963 4317 2118 4364 cetur
2145 4327 2246 4380 per
2273 4310 2454 4381 ignem
2490 4321 2548 4366 et
2593 4315 2940 4384 purgabitur,
2970 4326 3066 4370 aut
3105 4332 3244 4386 aqua
3269 4317 3542 4387 expiatio-

1962 4401 2050 4455 nis
2086 4403 2394 4471 expiabitur
2437 4421 2449 4456 :
2488 4413 2544 4458 et
2587 4406 2770 4459 omnia
2809 4423 2930 4476 qua:
2972 4423 3083 4462 non
3124 4415 3412 4463 transeunt
3446 4427 3546 4480 per

271 4497 588 4567 νῑσθήσεται
617 4511 628 4523 ·
679 4497 772 4548 καὶ
817 4493 994 4546 πάντα
1033 4493 1133 4545 ὅσα
1189 4489 1263 4561 μὴ
1311 4488 1728 4560 διαπορεύσεται
1775 4486 1852 4540 διᾶ

1968 4490 2146 4560 ignem
2196 4493 2505 4547 transibunt
2553 4509 2651 4564 per
2696 4510 2935 4563 aquam:
2972 4505 3028 4550 et
3083 4497 3338 4552 lavabitis
3376 4502 3544 4555 vesti-

275 4588 468 4659 πυρὸς,
502 4587 835 4641 διελεύσεται
875 4585 940 4638 δι’
979 4583 1172 4646 ὓδατος
1201 4598 1213 4611 ·
1245 4583 1338 4635 καὶ
1361 4581 1609 4634 πλυνεῖ-,τε
1639 4580 1706 4633 τὰ
1743 4579 1864 4648 ίμὰ·

1969 4590 2152 4636 menta
2183 4571 2369 4636 vestra
2403 4583 2492 4638 die
2519 4585 2769 4654 septima,
2792 4594 2848 4641 et
2883 4587 3304 4654 mundabimini,
3348 4599 3547 4662 etpost

270 4689 363 4734 τια
379 4681 534 4751 ὑμῶν
548 4683 616 4751 τῇ
631 4679 812 4750 ἡμέρᾳ
829 4681 894 4748 τῇ
913 4677 1136 4749 ἐϐδόμῃ,
1155 4675 1248 4728 καὶ
1267 4673 1754 4744 καθαρισθήσεσθε,
1775 4672 1852 4724 καὶ

1971 4674 2086 4729 haec
2106 4674 2400 4730 introibitis
2421 4675 2474 4730 in
2496 4685 2672 4732 castra
2692 4680 2756 4731 9“.
2771 4698 2788 4729 ι
2816 4679 2950 4734 Illud
2973 4680 3140 4750 igitur
3173 4681 3432 4739 observes
3449 4701 3545 4739 ve-

278 4774 412 4842 μετὰ
430 4774 610 4828 ταῦτα
633 4771 1002 4826 εἰσελεύσεσθε
1023 4772 1100 4833 εἰς
1118 4768 1216 4840 τὴν
1240 4765 1614 4838 παρεμϐολήν.
1651 4785 1668 4816 ι
1712 4765 1852 4816 Ἐπι-

1958 4765 2074 4830 lim,
2111 4765 2327 4837 Moysen
2377 4767 2532 4836 prius
2577 4767 2886 4825 victoribus
2917 4779 3134 4842 tempus
3173 4773 3394 4842 quidem
3433 4791 3544 4845 quo

273 4865 509 4937 τήρησον
528 4867 612 4918 ὅτι
637 4863 842 4933 Μωσῆς
871 4862 968 4934 μὲν
1020 4861 1284 4934 πρότερος
1299 4861 1412 4922 τοῖς
1434 4855 1744 4927 νενικηκόσι
1771 4853 1858 4908 τὴν

271 4958 366 5014 τοῦ
395 4957 792 5028 διασμήχεσθαι
811 4956 1105 5028 κατεδήλου
1127 4953 1342 5026 καιρὸν,
1363 4951 1545 5005 οὐκέτι
1572 4949 1626 5002 δὲ
1648 4949 1742 5002 καὶ
1769 4949 1860 5001 τὸν

271 5050 494 5121 τρόπον.
519 5047 1005 5122 Προανακηρύττει
1021 5047 1128 5118 γὰρ
1147 5047 1176 5098 6
1201 5045 1364 5115 νόμος
1392 5043 1490 5113 τῆς
1509 5041 1598 5094 διὰ
1623 5038 1858 5112 Χριστοῦ

271 5141 598 5213 καθάρσεως
620 5140 712 5194 τὸν
743 5140 963 5211 καιρόνο
997 5139 1246 5209 δεύτερος
1273 5135 1328 5190 δὲ
1355 5136 1449 5189 καὶ
1475 5134 1614 5206 μετὰ
1654 5131 1859 5187 Mmoria

271 5219 751 5305 τιτροςςτιειριλῖινηκεν
797 5235 826 5286 6
873 5234 1085 5304 ἱερεὺς,
1140 5231 1442 5291 τουτέστιν,
1493 5230 1522 5282 6
1566 5226 1852 5296 Ἐλεάζαρ.

271 5323 561 5378 Διατάττει
595 5323 694 5393 μὲν
727 5321 835 5392 γὰρ
879 5321 1016 5392 μετὰ
1054 5320 1260 5374 Μωσέα
1309 5317 1580 5390 Χριστὸς,
1625 5315 1720 5368 καὶ
1762 5313 1856 5366 τὸν

1965 4859 2342 4926 abluerentur,
2383 4862 2722 4930 exposuisse,
2763 4878 2872 4917 non
2913 4864 3079 4920 etiam
3117 4865 3362 4920 modum.
3403 4867 3552 4922 Prae-

1964 4949 2109 5004 dicat
2128 4967 2365 5022 namque
2397 4953 2484 5007 lex
2509 4962 2720 5024 tempus
2747 4957 3086 5028 purgationis
3115 4975 3236 5028 qum
3265 4975 3364 5028 per
3382 4959 3542 5014 Chri—

1965 5051 2108 5096 stum
2129 5043 2376 5098 facienda
2397 5054 2511 5100 erat
2534 5049 2548 5099 :'
2572 5048 2873 5118 posteriore
2895 5059 3076 5104 autem
3109 5051 3230 5104 loco
3251 5062 3376 5120 post
3395 5051 3545 5121 Moy-

1966 5148 2063 5188 sen
2099 5135 2352 5191 sacerdos
2387 5137 2658 5207 loquitur,
2693 5141 2740 5195 is
2774 5155 2856 5196 est
2878 5143 3120 5198 Eleazar.
3164 5142 3324 5213 124
3357 5143 3548 5197 Tradit

1965 5225 2112 5281 enim
2132 5237 2401 5298 praecepta
2422 5239 2546 5299 post
2569 5231 2741 5301 legem
2775 5233 3050 5294 Christus,
3089 5248 3150 5286 ac
3176 5240 3389 5300 tempus
3425 5233 3554 5301 qui-

1963 5317 2088 5372 dem
2108 5320 2448 5390 purgationis
2483 5323 2723 5376 strenuis
2745 5322 3086 5391 fortibusque
3116 5321 3250 5375 viris
3280 5337 3389 5376 non
3425 5337 3544 5375 am-

270 5415 469 5486 καιρὸν
493 5415 594 5486 μὲν
611 5413 794 5468 οὐκέτι
820 5413 913 5466 τοῦ
935 5410 1277 5484 καθαρισμοῦ
1305 5413 1418 5474 τοῖς
1453 5407 1852 5480 ἀνδριζομένοις

1957 5409 2102 5479 plius
2121 5409 2390 5466 declarat:
2431 5411 2564 5466 illud
2601 5413 2744 5468 enim
2783 5413 2962 5480 ipsum
2997 5419 3114 5466 erat
3155 5419 3408 5482 tempus:
3447 5413 3543 5467 sed

269 5509 604 5579 καταδηλοῖ·
651 5507 812 5570 αὐτὸς
849 5506 958 5578 γὰρ
991 5503 1058 5577 ἦν
1097 5507 1126 5557 6
1169 5505 1360 5575 καιρός
1382 5519 1395 5532 ·
1426 5505 1516 5556 τὸν
1545 5503 1600 5555 δὲ
1655 5503 1852 5572 τρόπον

1958 5500 2181 5554 modum
2205 5502 2446 5570 exponit,
2466 5510 2627 5570 atque
2651 5501 2849 5570 ipsum,
2866 5517 3036 5570 prope
3056 5501 3309 5566 dixerim,
3325 5503 3396 5557 ob
3417 5519 3548 5558 ocuo

269 5600 614 5673 εἰσηγεῖται,
651 5600 746 5654 καὶ
781 5599 911 5654 αὐτό
941 5617 1056 5661 πως
1091 5599 1191 5668 ἥδη
1225 5596 1408 5650 λοιπδν
1439 5597 1494 5648 ἐν
1519 5594 1638 5663 ὄψει
1676 5594 1852 5663 τίθησι

1956 5592 2038 5646 los
2057 5593 2210 5660 ponit
2227 5595 2698 5664 mysterium,cum
2717 5593 2846 5662 quid
2863 5594 3134 5663 praecipue
3155 5595 3239 5650 lcx
3255 5605 3433 5666 specta
3444 5604 3518 5649 re!
3533 5629 3547 5656 ,

351 5787 395 5820 "
418 5785 586 5844 Hebr.
614 5801 726 5848 xm,
751 5784 836 5836 l7.
895 5785 940 5817 93
960 5763 1124 5838 Num.
1146 5796 1292 5843 xxxv,
1317 5779 1514 5842 19.9.0.
1587 5780 1634 5811 "‘
1673 5778 1796 5832 Joh.
1827 5795 1936 5842 xlv,
1966 5779 2018 5831 4.
2097 5778 2141 5810 ’⁸
2162 5779 2370 5832 Coloss.
2399 5785 2468 5840 ιι,
2503 5777 2585 5830 Η.
2665 5775 2888 5830 "Num.
2919 5779 3063 5840 xxxi,
3111 5774 3296 5828 ill-21.

591 5880 872 5940 PATROL.
916 5879 1030 5942 Gn.
1078 5875 1340 5953 LXVIII,
2956 5869 3016 5926 ii
