4082 6304
447 315 542 374 ττι

1471 313 1526 368 S.
1569 311 1842 368 CYRILLI
1883 309 2351 368 ALEXANDRINI
2392 313 2709 370 AllClllEl".

3604 307 3705 363 532

445 435 858 506 interpretatur.
884 435 1146 506 Praecepit
1164 449 1399 504 namque
1425 443 1484 488 ut
1504 449 1650 499 vasa,
1684 448 2026 504 quaecunque

2131 434 2193 488 rb
2243 402 2569 506 μυστήριον,
2603 435 2694 488 τὸν
2743 435 2943 506 ἀκριϐῆ
2987 434 3080 488 τοῦ
3124 433 3286 505 νόμου
3335 433 3708 504 διερμηνεύων

447 525 554 581 vim
577 527 718 598 ignis
739 527 848 598 pati
869 535 1111 607 possent,
1133 542 1196 581 ea
1228 541 1325 596 per
1345 525 1526 596 ignem
1561 523 2020 607 traducerentur;

445 601 1314 688 qutecunqueautem‘ﬁrmitatem
1335 633 1364 670 a
1385 626 1583 672 natura
1603 601 1714 670 non
1734 615 2022 682 baberent,

443 710 540 766 sed
561 709 833 764 imbecilla
853 717 1056 774 essent,
1076 717 1132 765 et
1167 725 1288 780 qua:
1317 707 1476 764 facile
1495 707 1774 778 corrumpi
1808 707 2028 778 penitus

443 809 686 872 possent,
722 801 914 867 vestis,
951 801 1108 858 verbi
1129 802 1323 872 gratia,
1360 809 1418 857 et
1437 800 1705 870 quidquid
1727 815 1756 855 e
1791 799 2027 870 pellibus

443 895 702 966 lignoque
736 894 1046 950 confectum
1079 902 1246 960 esset,
1269 909 1334 948 ea
1367 908 1466 963 per
1498 909 1696 963 aquam
1716 891 2022 958 ferrentur;

442 985 702 1040 videlicet
719 985 942 1040 nomine
962 999 1218 1039 vasorum
1240 999 1533 1039 aureorum
1555 991 1718 1052 atque
1735 991 2026 1053 argenteo-

444 1093 588 1142 rum,
609 1082 666 1130 et
699 1091 822 1146 qua:
856 1091 887 1130 e
906 1075 1120 1130 caeteris
1151 1074 1389 1129 metallis
1409 1072 1674 1128 fabricata
1692 1078 1898 1136 essent,
1923 1087 2025 1126 nos

445 1166 672 1238 ﬁgurate
691 1165 1024 1236 significans,
1047 1163 1142 1234 qui
1176 1163 1498 1234 purgatione
1521 1162 1612 1217 illa
1633 1176 1730 1232 per
1745 1159 2025 1216 Christum

380 1257 417 1326 ‘z
442 1259 604 1324 facta,
625 1257 874 1314 mundati
915 1271 1106 1312 sumus
1127 1264 1386 1325 tanquam
1417 1254 1533 1324 igni
1552 1261 1767 1322 etaqua
1798 1269 1810 1304 :
1843 1251 2024 1321 bapti-

443 1352 550 1406 zati
568 1351 772 1406 etenim
792 1364 983 1404 sumus
1016 1349 1075 1402 in
1115 1347 1323 1418 Spiritu
1357 1355 1548 1400 sancto
1569 1355 1625 1400 et
1647 1345 1756 1415 igni
1778 1345 1844 1397 ⁸⁷.
1869 1344 2027 1410 Quod

412 1432 610 1512 ‘igitur
639 1455 704 1494 ea
729 1453 851 1508 quae
887 1453 956 1492 ex
991 1436 1306 1506 captivitate
1326 1435 1556 1490 collecta
1591 1441 1798 1498 essent,
1818 1448 1918 1503 per
1943 1433 2026 1504 ig-

412 1521 567 1612 ‘ilnem
600 1542 658 1588 et
695 1546 891 1602 aquam
946 1529 1346 1592 traducuntur,
1387 1535 1630 1582 nostram
1684 1526 1849 1595 paulo
1901 1532 2028 1580 ante

440 1624 638 1680 factam
672 1623 1056 1694 purgationem
1077 1627 1203 1690 apte
1233 1617 1523 1689 signiﬁcat,
1546 1632 1684 1687 quos
1715 1617 1868 1672 velut
1896 1632 2028 1687 opes

429 1716 706 1828 ‘quasdam
726 1713 1026 1770 diabolicas
1054 1711 1162 1767 sibi
1181 1710 1434 1766 Christus
1451 1709 1771 1774 vindicavit,
1795 1725 1920 1764 cum
1944 1709 2028 1762 in-

451 1825 657 1828 ,,,,-_-_U_
687 1807 898 1828 1-..---.μ
938 1804 1092 1828 9.-..2-
1135 1819 1260 1828 --.υ-,ι
1297 1803 1410 1828 ΛΞ..-
1447 1801 1673 1828 Αε..ι....;ι
1728 1817 1789 1828 ιιι.
1827 1799 2022 1828 ΡΛ-οΑ-νι

441 1901 765 1978 alligavit”.
804 1898 944 1954 Tum
977 1912 1109 1952 vero
1133 1895 1350 1950 tandem
1391 1894 1604 1964 ingredi
1643 1893 1813 1949 licere
1849 1899 2027 1947 castra

441 1991 748 2048 victoribus
787 1991 1014 2046 Eleazar
1055 1986 1254 2058 inquit,
1287 2000 1412 2040 cum
1453 1985 1684 2056 septima
1721 1983 1810 2039 die
1846 1991 2028 2038 vestes

441 2083 778 2140 abluissent:
815 2089 978 2152 atque
1017 2080 1092 2134 ita
1122 2077 1358 2148 denique
1381 2091 1549 2147 puros
1585 2077 1724 2132 fore.
1747 2076 1844 2131 Illa
1879 2075 2027 2129 enim

441 2175 686 2246 perfecta
714 2174 966 2246 purgatio
1013 2181 1070 2228 et
1095 2169 1460 2225 immunditiae
1477 2169 1658 2236 omnis
1679 2166 1952 2239 depositio
1971 2165 2029 2221 in

440 2268 702 2326 extremis
721 2268 828 2323 erit
852 2262 1339 2322 consummationis
1366 2261 1552 2318 seaculi
1583 2260 1946 2332 temporibus,
1967 2265 2030 2314 ut

441 2361 606 2416 modo
625 2359 771 2426 dixi;
807 2373 954 2424 cum,
977 2357 1193 2413 sublato
1224 2354 1372 2412 omni
1408 2371 1476 2410 ex
1502 2362 1657 2425 parte
1677 2358 1901 2424 peccato
1922 2393 1938 2419 ,
1959 2351 2030 2407 ad

439 2465 684 2510 veterem
726 2453 877 2508 illam
922 2450 1325 2522 pristinamque
1355 2446 1822 2518 pulchritudinem
1847 2443 2029 2499 homi-

438 2547 528 2604 nis
560 2554 754 2600 natura
789 2541 1158 2598 revocabitur.
1209 2559 1226 2591 ι
1254 2539 1374 2594 Erit
1393 2538 1540 2593 enim
1582 2545 1732 2602 tunc,
1761 2554 1780 2586 ι
1827 2533 2026 2604 inquit,

448 2659 466 2690 ι
486 2638 575 2693 via
595 2635 824 2699 munda,
843 2641 900 2688 et
915 2633 1004 2688 via
1023 2638 1211 2687 sancta
1227 2629 1533 2693 vocabitur,
1552 2641 1656 2682 nec
1673 2623 2030 2695 pertransibit

440 2743 540 2799 per
559 2743 678 2782 eam
699 2723 1016 2780 immundus
1033 2721 1253 2792 aliquis,
1275 2719 1372 2776 sed
1391 2717 1752 2774 ambulabunt
1771 2716 1826 2771 in
1859 2732 1924 2772 ea
1943 2730 2030 2770 re-

441 2817 647 2888 dempti
670 2832 701 2870 a
719 2814 1028 2870 Domino".
1058 2833 1076 2864 ι
1104 2813 1255 2867 Hanc
1273 2818 1457 2866 autem
1484 2808 1902 2880 explicationem
1921 2807 2028 2863 bu-

437 2911 530 2980 jus
563 2908 670 2964 loci
705 2922 817 2962 non
852 2920 976 2962 esse
1013 2920 1044 2960 a
1075 2903 1358 2974 proposito
1393 2901 1628 2958 alienam
1657 2909 1810 2972 puto.
1832 2899 1946 2956 Sed
1981 2899 2030 2955 si

442 2999 570 3072 quis
606 2999 766 3055 aliter
799 2995 1220 3068 intelligendum
1260 2994 1557 3060 existimet,
1599 2993 1736 3048 illud
1771 2992 2024 3056 dicimus,

441 3095 708 3166 cujusque
729 3090 954 3146 victoris
973 3104 1088 3155 vas,
1103 3088 1218 3144 sive
1239 3087 1374 3143 illud
1392 3102 1621 3143 aureum
1642 3085 1894 3146 fortasse,
1914 3083 2028 3139 sive

2130 525 2348 578 σκοπόν.
2378 525 2719 596 Προστέταχε
2739 525 2842 594 γὰρ
2857 526 2955 579 ὅσα
2975 524 3072 596 μὲν
3089 519 3154 594 ἦν
3173 525 3230 576 ὲν
3245 525 3356 588 τοῖς
3371 523 3593 577 σκεύεσι
3609 523 3707 594 τὴν

2127 615 2299 687 πυρὸς
2315 615 2498 685 ἀκμὴν
2519 614 2746 685 διήκειν,
2769 609 2857 668 οἶά
2880 632 2935 667 τε
2964 612 3366 684 παρενεχθῆναι
3385 612 3473 666 διὰ
3503 612 3674 684 πυρός
3690 628 3704 642 ·

2125 707 2194 760 τὰ
2221 706 2276 760 δὲ
2302 707 2402 760 ὅσα
2435 705 2533 776 μὲν
2555 704 2866 760 εὐσθένειαν
2887 707 2988 758 οὐκ
3017 703 3208 776 ἔχοντα
3228 703 3485 774 φυσικὴν,
3531 703 3706 776 σαθρά

2125 797 2182 850 δὲ
2229 795 2324 850 καὶ
2357 795 2677 868 ἑτοιμότερά
2713 813 2828 860 πως
2872 798 2952 859 εἰς
2987 795 3048 850 rb
3083 795 3276 849 παθεῖν
3325 793 3586 850 δύνασθαι
3617 795 3704 848 τὸν

2127 885 2358 941 είσάπαν
2385 885 2710 956 ἀφανισμὸν,
2737 885 2936 955 ἐσθῆτα
2969 885 3026 938 δὲ
3054 885 3248 954 λέγων,
3283 884 3377 938 καὶ
3405 885 3466 938 rb
3487 887 3554 938 ὲκ
3583 883 3704 957 δερ-

2131 975 2315 1047 μάτων
2359 977 2454 1030 καὶ
2489 976 2661 1042 ξύλων
2689 977 2756 1030 δι’
2785 975 2976 1041 ὓδατος
3013 976 3298 1048 φέρεσθαι,
3320 977 3396 1040 ὼς
3424 979 3482 1030 ὲν
3517 977 3706 1031 σκεύε-

2128 1085 2212 1122 σιν
2247 1070 2395 1138 ἡμᾶς
2427 1070 2650 1140 χρυσοῖς
2679 1084 2738 1120 τε
2776 1069 2870 1122 καὶ
2900 1069 3166 1140 ἀργυροῖς
3219 1068 3316 1122 καὶ
3351 1069 3410 1122 ὲν
3442 1071 3556 1134 τοῖς
3589 1069 3698 1123 ὲτὲο

2129 1176 2246 1230 ροις
2295 1159 2708 1228 αἰνιγματωδῶς
2758 1159 3096 1228 ὑποφαίνων,
3137 1153 3220 1223 οἷς
3267 1160 3301 1230 ἡ
3332 1157 3421 1213 διὰ
3464 1159 3703 1230 Χριστοῦ

2126 1245 2315 1315 γέγονε
2342 1245 2607 1317 κάθαρσις
2636 1245 2711 1310 ὡς
2749 1248 2808 1300 ἐν
2847 1246 2981 1318 πυρί
3011 1265 3071 1300 τε
3099 1248 3194 1302 καὶ
3229 1247 3400 1302 ὕδατι.
3431 1247 3704 1302 Βεϐαπτί-

2129 1335 2302 1408 σμεθα
2337 1337 2446 1409 γὰρ
2490 1339 2547 1390 ὲν
2587 1337 2867 1408 Πνεύματι
2919 1339 3058 1410 ἁγίῳ
3091 1341 3184 1394 καὶ
3215 1339 3368 1411 πυρί.
3406 1339 3618 1394 Οὐκοῦν
3647 1341 3708 1396 rb

2132 1426 2548 1498 διακομίζεσθαι
2583 1429 2671 1481 διὰ
2721 1428 2892 1498 πυρός
2941 1447 3001 1482 τε
3036 1430 3131 1484 καὶ
3174 1429 3367 1495 ὕδατος
3397 1431 3466 1485 τὰ
3499 1433 3563 1484 ἐκ
3609 1433 3708 1502 τῆς

2127 1519 2504 1590 αἰχμαλωσίας
2538 1521 2950 1592 συνειλεγμένα,
2993 1522 3094 1593 τὴν
3140 1523 3295 1594 ἡμῶν
3340 1523 3545 1594 ἀρτίως
3577 1524 3709 1578 ὐπο-

2127 1611 2276 1682 δηλοί
2304 1611 2590 1682 κάθαρσιν,
2622 1611 2714 1676 οὓς
2740 1612 2900 1678 ὄντας
2947 1614 3079 1666 ποτὲ
3111 1613 3344 1668 πλοῦτον
3378 1614 3568 1688 ὥσπερ
3587 1614 3709 1669 τινὰ

2127 1701 2432 1756 διαϐολικὸν¹
2459 1702 2638 1773 ἑαυτῷ
2671 1706 3103 1776 περιεποιήσατο
3130 1701 3397 1776 Χριστὸς..
3451 1705 3708 1760 εἰσελθὼν

437 1791 661 1881 'gressus
681 1807 903 1863 domum
938 1804 1115 1872 fortis,
1135 1819 1264 1858 vasa
1295 1803 1414 1873 ejus
1444 1801 1677 1872 diripuit
1727 1817 1791 1856 ac
1826 1799 2026 1855 fortem

2130 1793 2208 1855 εἰς
2249 1791 2348 1864 τὴν
2387 1793 2564 1846 οὶκίαν
2618 1793 2714 1847 τοῦ
2772 1794 2995 1866 ἰσχυροῦ
3026 1835 3042 1860 ,
3077 1796 3172 1850 καὶ
3219 1796 3288 1850 τὰ
3322 1795 3491 1868 σκεύη
3540 1797 3705 1852 αὐτοῦ

2127 1879 2454 1952 διαρπάσας,
2485 1883 2578 1936 καὶ
2603 1883 2772 1954 δήσας
2805 1883 2898 1937 τὸν
2929 1885 3170 1958 ἰσχυρόν.
3213 1883 3705 1940 Εἰσελεύσεσθαιδὲ

2127 1972 2248 2025 τότε
2299 1973 2454 2043 μόλις
2480 1975 2562 2039 είς
2590 1974 2688 2046 τὴν
2737 1977 3091 2048 παρεμϐολὴν
3123 1978 3252 2042 τοὺς
3294 1978 3650 2050 νενικηκότας
3681 1981 3710 2032 ό

2141 2063 2403 2134 Ἐλεάζαρ
2469 2065 2652 2135 φησὶν,
2705 2065 2838 2120 ὅταν
2883 2065 3254 2122 ἀποπλύνειαν
3293 2071 3360 2140 τῇ
3404 2069 3594 2142 ἡμέρᾳ
3641 2071 3707 2141 τῇ

2129 2155 2332 2227 ἑϐδόμῃ
2372 2155 2443 2209 τὰ
2501 2157 2731 2228 ἱμάτια,
2769 2157 2866 2212 καὶ⁸
2911 2157 3084 2223 οὕτως
3133 2159 3354 2214 ἔσεσθαι
3410 2161 3706 2234 καθαρούς.

2141 2245 2206 2298 Ἠ
2253 2247 2366 2317 γὰρ
2390 2247 2571 2301 τελεία
2601 2247 2890 2320 κάθαρσις,
2919 2250 3016 2304 καὶ
3059 2249 3234 2322 ῥύπου
3268 2253 3470 2318 παντὸς
3501 2253 3703 2309 ἀπόθε-

2131 2353 2254 2404 σις,
2295 2341 2354 2392 ὲν
2412 2340 2661 2412 ἐσχάτοις
2713 2339 2868 2395 ἔσται
2928 2345 3028 2414 τῆς
3082 2345 3393 2410 συντελείας
3459 2349 3707 2420 καιροῖς,

2129 2431 2378 2503 καθάπερ
2421 2431 2558 2504 ἔφην
2601 2433 2827 2505 ἀρτίως,
2885 2435 3288 2508 ἀναιρουμένης
3319 2438 3556 2492 είσάπαν
3607 2439 3705 2510 τῆς

2128 2521 2437 2594 ἁμαρτίας,
2481 2525 2580 2578 καὶ
2630 2527 2710 2590 εἰς
2738 2527 2800 2580 τὸ
2845 2527 3050 2582 ἄνωθέν
3088 2545 3150 2581 τε
3199 2528 3296 2582 καὶ
3335 2529 3708 2601 πρεσϐύτατον

2129 2613 2325 2678 κάλλος
2345 2614 2444 2686 τῆς
2459 2614 2982 2688 ἀνθρώπουφύσεως
3003 2619 3438 2692 ἀναφερομένης.
3465 2641 3484 2674 ι
3518 2623 3709 2679 Ἔσται

2127 2705 2236 2777 γὰρ
2257 2705 2401 2773 τότε,
2429 2726 2447 2758 ι
2475 2709 2660 2778 φησιν,
2683 2728 2703 2762 ι
2722 2710 2840 2774 ὁδὸς
2855 2710 3091 2784 καθαρὰ,
3109 2713 3202 2768 καὶ
3217 2713 3336 2778 ὁδὸς
3362 2715 3497 2784 ἁγία
3509 2714 3709 2789 κληθήο

2131 2813 2302 2852 σεται.
2334 2801 2444 2853 Καὶ
2473 2801 2534 2854 οὐ
2565 2800 2642 2871 μὴ
2672 2801 2919 2874 παρέλθῃ
2948 2805 3137 2876 ἐκείνῃ
3163 2805 3340 2870 οὐδεὶς
3363 2807 3706 2878 ἀκάθαρτος,

2129 2887 2266 2942 ἀλλά
2285 2889 2637 2959 πορεύσονται
2660 2893 2716 2945 ὲν
2737 2894 2874 2964 αὐτῇ
2901 2893 3400 2966 λελυτρωμένοιδιὰ
3431 2899 3658 2970 Κυρίου.
3685 2919 3703 2952 ι

2130 2975 2298 3050 Οἶμαι
2337 2981 2436 3051 μὲν
2486 2978 2578 3037 οὖν
2610 2983 2786 3052 ἔγωγε
2819 2985 2919 3055 τῆς
2955 2987 3256 3057 σαφηνείας
3285 2989 3376 3042 τὸν
3429 2989 3586 3059 λόγον
3612 2991 3710 3044 οὐκ

2131 3068 2235 3134 ἔξω
2265 3073 2525 3143 φέρεσθαι
2560 3073 2654 3127 τοῦ
2688 3074 2914 3128 σκοποῦ.
2943 3076 3112 3148 Πλὴν,
3140 3079 3189 3130 εἰ
3214 3077 3392 3131 ’ἐλοιτό
3415 3095 3499 3143 τις
3529 3080 3588 3132 τὸ
3619 3086 3710 3134 καὶ

443 3193 782 3257 argenteum,
803 3183 920 3239 sive
948 3183 1115 3239 etiam
1152 3197 1220 3237 ex
1257 3195 1398 3245 aere,
1423 3187 1518 3234 aut
1553 3194 1620 3234 ex
1655 3177 1762 3233 alia
1797 3175 2026 3232 materia

2132 3161 2334 3232 ἑτέρως
2362 3163 2561 3235 χρῆναι
2591 3165 2733 3218 νοεῖν
2756 3205 2771 3230 ,
2811 3165 2988 3218 ἐκεῖνό
3016 3182 3217 3237 φαμεν,
3253 3167 3314 3221 rb
3336 3168 3572 3222 ἑκάστου
3601 3169 3710 3223 τῶν

442 3272 772 3338 confectum,
793 3287 893 3342 per
913 3271 1093 3343 ignem
1114 3270 1347 3326 transire
1362 3268 1558 3340 jussit:
1582 3274 1643 3323 ut
1659 3267 1808 3322 enim
1829 3265 2022 3321 scribit

445 3365 637 3420 beatus
682 3364 906 3426 Paulus,
967 3382 984 3412 ι
1031 3361 1474 3430 Uniuscujusque
1525 3374 1664 3429 opus
1713 3356 1873 3427 quale
1927 3356 2019 3420 sit,

442 3459 586 3530 ignis
615 3457 870 3528 probabit
891 3458 928 3509 '.
971 3475 988 3506 ι
1028 3455 1196 3511 Jussit
1227 3453 1396 3508 etiam
1415 3461 1479 3508 ut
1495 3467 1594 3522 per
1614 3467 1810 3522 aquam
1839 3459 2017 3506 trans—

2136 3254 2506 3324 νενικηκότων
2556 3255 2782 3320 σκεῦος,
2813 3256 2923 3309 εἴτε
2965 3257 3201 3328 χρυσοῦν
3237 3257 3322 3330 εἴη
3366 3260 3564 3331 τυχὸν,
3601 3257 3710 3314 εἴτε

2125 3344 2421 3417 ἀργυροῦν,
2469 3345 2581 3400 εἴτε
2632 3347 2728 3400 καὶ
2765 3347 2829 3400 ὲκ
2867 3347 3092 3418 χαλκοῦ,
3132 3351 3227 3403 καὶ
3263 3349 3322 3414 ἐξ
3349 3350 3542 3422 ἑτέρας
3581 3349 3713 3422 ὕλης

2126 3437 2514 3509 πεποιημένον,
2565 3437 2653 3493 διὰ
2679 3439 2853 3512 πυρὸς
2882 3440 3019 3494 ίέναι
3052 3441 3450 3514 προστέταχεν·
3493 3443 3569 3505 ὡς
3603 3443 3712 3514 γὰρ

443 3550 620 3615 irent;
642 3563 822 3618 neque
845 3547 992 3602 enim
1015 3545 1175 3600 aliter
1193 3542 1413 3616 probari
1434 3550 1748 3598 sanctorum
1772 3536 2020 3596 virorum

2130 3528 2150 3580 ό
2197 3528 2466 3599 μακάριος
2507 3529 2710 3599 γράφει
2761 3531 2996 3596 Παῦλος,
3040 3552 3059 3584 ι
3111 3532 3380 3586 Ἐκάστου
3426 3534 3488 3586 rb
3545 3533 3708 3606 ἔργον

443 3639 652 3695 animas
669 3637 868 3694 Psalmi
887 3637 1054 3693 verba
1070 3637 1230 3693 nobis
1249 3637 1548 3700 insinuant,
1565 3634 1678 3689 nisi
1698 3632 2028 3704 quibusdam

439 3731 718 3786 similibus
754 3731 948 3786 modis.
980 3731 1170 3800 Itaque
1195 3728 1366 3784 David
1394 3727 1694 3798 psallebat:
1727 3745 1745 3776 ί
1774 3721 2031 3779 Probasti

445 3835 566 3883 nos,
583 3820 754 3886 Deus;
776 3819 900 3890 igne
920 3835 1021 3874 nos
1040 3817 1384 3883 examinasti,
1409 3816 1554 3872 sicut
1573 3813 1922 3870 exammatur
1939 3827 2030 3865 ar-

442 3917 665 3983 sentum
685 3928 704 3975 ~;
743 3909 1092 3965 transivimus
1112 3925 1211 3978 per
1243 3908 1422 3978 ignem
1449 3913 1504 3962 et
1539 3920 1758 3976 aquam,
1786 3905 1828 3972 ι
1849 3901 1955 3973 25
1975 3908 2032 3957 et

441 4001 648 4055 duxisti
673 4015 771 4056 nos
790 4000 845 4054 in
866 3999 1209 4068 refrigerium
1231 4000 1271 4052 ’.
1304 4017 1322 4050 ι

2131 3618 2316 3672 ὁποῖόν
2374 3621 2512 3687 ἐστι,
2560 3621 2620 3674 rb
2687 3621 2800 3693 πῦρ
2849 3622 3155 3694 δοκιμάσει.
3214 3643 3234 3676 ι
3274 3626 3622 3698 Προστέταχε
3651 3625 3708 3680 δὲ

2131 3711 2225 3764 καὶ
2269 3711 2338 3765 δι’
2389 3711 2582 3776 ὓδατος
2623 3711 2894 3784 ,ἔρχεσθαί
2953 3731 3108 3770 τινα·
3156 3717 3547 3790 δοκιμάζεσθαι
3596 3721 3708 3790 γὰρ

2129 3803 2228 3874 οὐχ
2255 3803 2457 3876 ἑτέρως
2481 3805 2508 3858 ό
2536 3804 2638 3874 τῆς
2677 3803 3000 3876 ψαλμῳδίας
3041 3809 3174 3880 ἡμῖν
3209 3810 3590 3865 ὑπαινίττεται
3623 3811 3712 3866 λόο

2131 3911 2228 3964 γος
2247 3935 2260 3960 ,
2283 3895 2382 3959 τὰς
2409 3895 2517 3950 τῶν
2549 3897 2721 3965 ἁγίων
2765 3897 2969 3968 ψυχὰς,
3013 3900 3154 3972 πλὴν
3182 3901 3266 3955 ὅτι
3297 3901 3438 3955 κατά
3471 3903 3717 3956 τοιούσδε

2129 3987 2283 4049 τινὰς
2303 3987 2555 4057 τρόπους.
2580 3988 2692 4042 Καὶ
2723 3989 2853 4058 γοῦν
2877 3992 2904 4044 ό
2929 3991 3090 4045 Δαϐὶδ
3116 3993 3364 4063 ἔψαλλεν,
3397 3996 3476 4048 ὅτι
3509 4013 3529 4047 ι
3571 3994 3714 4048 Ἐδο-

448 4093 687 4162 κέμασας
731 4089 898 4162 ἡμᾶς,
925 4081 970 4142 ὧ
1003 4087 1172 4152 Θεὸς,
1216 4085 1506 4158 ἐπύρωσας
1567 4087 1745 4158 ἡμᾶς,
1787 4083 1864 4150 ὡς
1931 4075 2200 4154 πυροῦται
2264 4077 2326 4130 τὸ
2370 4077 2660 4150 ἀργύριον·
2693 4079 2978 4153 διήλθομεν
3022 4083 3111 4139 διὰ
3163 4086 3332 4158 πυρὸς
3363 4087 3456 4141 καὶ
3499 4087 3710 4156 ὓδατος,

447 4188 540 4240 καὶ
577 4184 844 4254 ἐξήγαγες
875 4180 1023 4252 ἡμᾶς
1052 4181 1131 4243 εἰς
1161 4178 1462 4249 ἀναψυχήν.

517 4274 715 4332 PALL.
741 4273 869 4337 Sed,
900 4271 1095 4328 amabo
1113 4280 1186 4338 te,
1209 4271 1394 4328 dicent
1413 4269 1642 4326 fortasse
1679 4269 1773 4340 qui
1809 4269 2024 4324 studio-

447 4370 623 4426 siores
657 4373 823 4422 sunt:
848 4363 1134 4432 Quomodo
1171 4379 1296 4419 cum
1341 4361 1650 4418 Madianitis
1683 4358 2029 4415 conflixerint

447 4468 611 4528 atque
648 4455 885 4512 vicerint
917 4455 1045 4512 lecti
1094 4453 1173 4509 illi
1214 4467 1314 4525 per
1349 4452 1528 4507 tribus
1575 4451 1716 4516 viri,
1753 4448 2028 4521 quomodo

446 4549 614 4604 etiam
651 4547 891 4601 maculas
936 4560 1003 4600 ex
1052 4560 1233 4617 pugna
1275 4551 1584 4599 contractas
1631 4539 2027 4612 absterserint,

447 4639 667 4696 abunde
687 4637 847 4694 nobis
867 4649 960 4692 tua
986 4635 1381 4691 demonstravit
1397 4635 1570 4689 oratio
1593 4650 1606 4686 :
1633 4632 1727 4688 sed
1742 4633 1856 4703 jam
1875 4631 2032 4686 locus

449 4740 536 4787 cst
555 4739 616 4786 ut
645 4729 864 4800 probes,
899 4743 1032 4782 num
1065 4742 1256 4781 revera
1278 4735 1626 4782 strenuorum
1645 4725 1889 4779 virorum
1915 4721 2028 4776 for-

453 4817 705 4874 titudinis
725 4817 1020 4886 participes
1048 4815 1215 4870 futuri
1255 4817 1454 4879 simus,
1478 4831 1541 4868 ac
1561 4815 1815 4884 praeclare
1846 4818 2029 4883 gesto-

453 4926 576 4964 rum
595 4907 1012 4977 socii,quamvis
1032 4923 1128 4976 par
1148 4909 1372 4962 omnino
1393 4909 1448 4962 in
1467 4908 1669 4962 virtute
1690 4911 2027 4959 momentum

453 5001 680 5058 minime
717 4997 1050 5060 habeamus,
1091 5011 1390 5066 eorumque
1437 4998 1606 5052 animi
1655 4994 2028 5066 magnitudine

453 5093 613 5162 longe
635 5089 923 5146 inferiores
942 5087 1113 5140 simus
1133 5103 1144 5140 :
1169 5085 1221 5139 id
1251 5087 1394 5141 enim
1425 5096 1515 5142 tua
1537 5087 1695 5142 nobis
1717 5086 1892 5142 oratio
1911 5085 2028 5156 pol-

456 5185 744 5240 licebatur.

525 5271 853 5344 CYR.Atqui
875 5269 1119 5342 proxime
1135 5267 1401 5337 sequitur,
1415 5267 1734 5337 etadjuncta
1746 5268 1944 5322 estbac
1956 5266 2024 5320 de

459 5380 518 5418 re
554 5364 848 5418 constituta
867 5363 976 5424 lex,
1010 5357 1474 5415 evidentissimam
1497 5371 1626 5412 sane
1649 5357 2026 5426 probationem

458 5453 689 5518 habens,
713 5469 892 5524 neque
921 5452 1146 5508 arduam
1183 5467 1246 5506 ac
1280 5448 1554 5504 difﬁcilem
1578 5447 2024 5517 intelligentiam:

464 5562 488 5598 4
521 5543 590 5600 Et
617 5544 832 5598 locutus
849 5554 954 5608 cst,
982 5564 998 5594 ι
1028 5542 1224 5612 inquit,
1253 5561 1270 5592 ε
1312 5539 1573 5595 Dominus
1595 5537 1661 5592 ad
1685 5537 1922 5607 Moysen,
1941 5536 2029 5590 di-

2206 4255 2412 4310 IIAAA.
2461 4255 2624 4323 ’Λλλ’,
2673 4251 2720 4311 ὦ
2751 4261 2988 4327 γενναῖε,
3021 4263 3179 4330 φαῖεν
3222 4261 3290 4316 ἂν
3333 4263 3461 4328 ἴσως
3503 4267 3635 4338 ἡμῖν
3663 4267 3711 4319 οἱ

2133 4347 2585 4421 φιλομαθέστεροι
2607 4365 2620 4380 ο
2657 4348 2730 4404 Τὺ
2767 4352 2865 4422 μὲν
2890 4352 3000 4425 γὰρ
3031 4355 3180 4418 ὅπως
3209 4357 3322 4418 τοῖς
3355 4355 3714 4428 Μαδιηναίοις

2135 4440 2511 4512 παρετάξαντό
2537 4458 2668 4496 ποτε
2715 4443 2810 4497 καὶ
2843 4447 3198 4518 νενικήκασιν
3239 4448 3289 4501 οί
3323 4447 3712 4518 ἐξειλεγμένοι,

2134 4533 2255 4586 τίνα
2283 4550 2342 4586 τε
2373 4533 2573 4605 τρόπον
2605 4535 2694 4589 τὸν
2717 4535 2782 4590 ὲκ
2815 4536 2910 4590 τοῦ
2948 4537 3185 4608 πολέμου
3215 4539 3575 4612 διεσμήξαντο
3617 4559 3717 4612 μο-

2133 4624 2356 4696 λυσμὸν,
2393 4625 2634 4697 διαρκῶς
2672 4628 2806 4698 ἡμῖν
2836 4626 2865 4680 ὁ
2899 4627 3058 4697 λόγος
3095 4629 3397 4700 ἐκδέδειχε·
3439 4631 3629 4703 καιρὸς
3656 4633 3716 4686 δὲ

2130 4718 2230 4789 ἤδη
2262 4717 2646 4790 πληροφορεῖν,
2678 4721 2726 4773 εί
2763 4721 2857 4774 καὶ
2879 4721 3097 4792 μέτοχοι
3131 4721 3274 4776 κατά
3301 4723 3362 4776 τὸ
3390 4725 3586 4794 ἀληθὲς
3611 4723 3716 4794 τῆς

2129 4807 2237 4862 τῶν
2260 4807 2660 4880 ἀνδριζομένων
2689 4811 2980 4882 εὐτολμίας
3009 4813 3269 4885 ἐσόμεθα,
3311 4815 3408 4869 καὶ
3432 4816 3715 4886 συμμεθέ-

2131 4897 2293 4968 ξομεν
2313 4899 2497 4964 αὐτοῖς
2539 4900 2648 4954 τῶν
2682 4903 3146 4976 κατορθωμάτων,
3177 4907 3356 4961 καίτοι
3386 4907 3446 4961 rb
3479 4907 3718 4962 είσάπαν

2133 4989 2451 5044 ἰσοστατοῦν
2476 4991 2575 5046 οὐκ
2605 4993 2820 5064 ἔχοντες
2847 4997 2905 5048 ὲν
2935 4999 3128 5070 ἀρετῇ,
3160 4999 3628 5071 μειονεκτούμενοι
3652 5003 3717 5056 δέ

2135 5097 2252 5142 πως
2278 5081 2379 5150 τῆς
2424 5082 2650 5137 ἐκείνων
2694 5085 2976 5156 εὐψυχίας.
3023 5089 3194 5144 Ταυτὶ
3234 5091 3344 5162 γάρ
3388 5093 3520 5162 ἡμῖν
3548 5093 3577 5145 ό
3622 5093 3720 5158 σὸς

2135 5172 2476 5242 ὑπισχνεῖται
2515 5173 2690 5242 λόγος.

2203 5263 2366 5318 ΚΥΡ.
2398 5265 2507 5318 Καὶ
2543 5267 2650 5337 μὴν
2675 5267 2843 5338 ἀγχοῦ
2877 5270 2936 5323 τέ
2973 5271 3089 5324 ἐστι
3133 5273 3226 5326 καὶ
3265 5274 3461 5342 γείτων
3493 5275 3656 5340 εὐθὺς
3687 5281 3720 5332 ὁ

2133 5356 2226 5408 ἐπὶ
2253 5356 2388 5426 τῷδε
2424 5356 2606 5427 νόμος,
2652 5361 3052 5432 ἐναργεστάτην
3086 5359 3145 5416 εὖ
3189 5365 3332 5434 μάλα
3369 5365 3468 5436 τὴν
3499 5367 3726 5422 ἀπόδει-

2138 5445 2217 5509 ξιν
2253 5447 2410 5515 ἔχων,
2447 5450 2541 5502 καλ⁵
2593 5450 2692 5503 οὐκ
2743 5452 2946 5522 ἀνάντη
2999 5455 3099 5524 τὴν
3149 5457 3487 5527 προσϐολήν·
3525 5478 3543 5508 ι
3603 5460 3724 5515 Καὶ

2137 5537 2364 5606 ἑλάλησε
2390 5539 2640 5610 Κύριος,ι
2680 5543 2830 5612 φησι,
2860 5562 2879 5595 ι
2911 5545 3046 5614 πρὸς
3079 5547 3307 5617 Μωσῆν,
3341 5547 3532 5616 λέγων⁸
3565 5553 3724 5606 ,ἱκεὲς

580 5715 623 5748 ”
645 5723 834 5778 Matth.
857 5739 934 5790 ιιι,
967 5724 1047 5777 Η.
1108 5727 1152 5756 ’³
1195 5723 1380 5778 Matth.
1409 5739 1500 5786 xu,
1529 5722 1617 5775 29.
1676 5721 1718 5751 ³⁵
1760 5719 1860 5772 lsa.
1892 5733 2026 5771 xxxv

2130 5756 2142 5771 .
2221 5717 2237 5748 ⁸
2266 5716 2430 5771 lCor.
2461 5735 2539 5785 ιιι,
2566 5721 2650 5774 «15.
2713 5725 2730 5752 ³
2772 5722 2912 5777 Psal.
2938 5739 3058 5788 va,
3095 5722 3278 5777 10—12.
