4082 6304
387 322 497 348 129*

390 344 499 378 ους)

1140 314 1227 373 DE
1264 307 1705 371 ADOBATIONE
1742 316 1810 371 ιν
1854 302 2126 371 smm'ru
2168 316 2255 370 ET
2279 304 2645 371 VERITATE.
2690 316 2818 371 LIB.
2859 310 2949 375 iv.

3555 311 3658 371 573

393 440 456 493 τὸ
503 434 795 505 κεφάλαιον
831 426 937 484 τῶν
970 424 1180 484 σκύλων
1214 432 1311 500 τῆς
1339 430 1714 499 αἰχμαλωσίας
1746 429 1852 483 ἀπὸ
1878 430 1968 482 ἀν-

2073 431 2204 483 cens
2226 446 2239 480 :
2262 428 2462 498 Accipe
2484 444 2751 483 summam
2775 428 3075 499 spoliorum
3095 425 3424 497 captivitatis
3452 427 3520 481 ab
3556 429 3656 483 lio-

394 528 618 599 θρώπου
647 525 752 587 ἕως
793 522 1044 594 κτήνους,
1078 524 1141 576 σὺ
1170 522 1262 575 καὶ
1303 520 1563 591 Ἐλεάζαρ
1593 523 1621 574 6
1651 521 1848 590 ἱερεὺς,
1881 521 1974 574 καὶ

392 623 441 673 οἱ
466 619 724 686 ἄρχοντες
750 612 855 665 τῶν
878 613 1124 682 πατριῶν
1144 612 1242 680 τῆς
1272 611 1611 681 συναγωγῆς,
1639 610 1733 663 καὶ
1754 609 1974 663 διελεῖτε

391 711 458 765 τὰ
495 707 666 761 σκύλα
699 703 802 757 ἀνὰ
829 703 994 775 μέσον
1016 702 1123 755 τῶν
1148 701 1487 772 πολεμιστῶν
1504 701 1612 754 τῶν
1641 702 1976 771 ἐκπεπορευ-

396 794 575 868 μένων
614 797 697 859 εἰς
746 794 1078 865 παράταξιν,
1125 793 1219 847 καὶ
1267 792 1372 846 ἀνά
1429 793 1590 863 μέσον
1650 793 1830 859 πάσης
1874 793 1974 860 τῆς

395 887 744 956 συναγωγῆς,
769 876 864 935 καὶ
894 883 1145 953 ἂφελεῖτε
1177 882 1238 935 τὸ
1264 881 1416 943 τέλος
1445 879 1651 951 Κυρίῳ,
1683 877 1834 949 παρὰ
1866 878 1975 930 τῶν

393 979 698 1052 ἀνθρώπων
729 978 843 1031 τῶν
877 973 1225 1045 πολεμιστῶν
1257 973 1367 1027 τῶν
1419 971 1862 1043 ἐκπορευομένων
1896 970 1976 1031 εἰς

392 1066 491 1145 τὴν
521 1072 852 1142 παράταξιν,
887 1070 1016 1140 μίαν
1057 1068 1239 1138 ψυχὴν
1272 1066 1379 1120 ἀπὸ
1409 1063 1795 1119 πεντακοσίων.
1844 1060 1976 1114 Ἀπὸ

391 1168 501 1219 τῶν
538 1165 839 1234 ἀνθρώπων
886 1162 979 1214 καὶ
1025 1160 1133 1213 ἀπὸ
1183 1158 1292 1211 τῶν
1333 1156 1566 1227 κτηνῶν,
1599 1155 1692 1208 καὶ
1733 1153 1840 1207 ἀπὸ
1867 1150 1975 1206 τῶν

394 1256 535 1329 βοῶν
598 1258 690 1310 καὶ
718 1256 825 1310 ἀπὸ
854 1254 962 1307 τῶν
993 1251 1300 1324 προϐάτων,
1326 1250 1419 1303 καὶ
1442 1249 1547 1301 ἀπὸ
1572 1248 1680 1299 τῶν
1708 1246 1846 1298 ὄνων
1880 1245 1977 1299 καὶ

394 1353 502 1405 ἀπὸ
522 1350 613 1404 τοῦ
632 1349 864 1419 ἡμίσους
877 1345 1055 1399 αὐτῶν
1076 1342 1313 1414 λήψεσθε
1337 1358 1349 1371 ·
1376 1343 1468 1393 καὶ
1490 1340 1682 1402 δώσεις
1714 1336 1975 1409 Ἐλεάζαρ

392 1443 471 1513 τῷ
510 1444 646 1512 ἱερεῖ
666 1440 765 1503 τὰς
798 1437 1050 1509 ἀπαρχὰς
1090 1435 1319 1508 Κυρίου,
1359 1432 1453 1487 καὶ
1488 1432 1595 1485 ἀπὸ
1628 1430 1720 1483 τοῦ
1746 1430 1975 1502 ἡμίσους

393 1533 490 1586 τοῦ
517 1531 626 1585 τῶν
659 1531 791 1584 υἱῶν
817 1529 1036 1600 Ἰσραὴλ
1063 1528 1207 1600 λήψῃ
1229 1523 1323 1579 ένα
1342 1525 1448 1579 ἀπὸ
1477 1523 1596 1593 ,τῶν
1616 1524 1971 1592 πεντήκοντα,

392 1625 501 1678 ἀπὸ
528 1623 637 1675 τῶν
667 1621 993 1693 ἀνθρώπων,
1036 1616 1130 1673 καὶ
1161 1618 1267 1672 ἀπὸ
1289 1617 1395 1670 τῶν
1418 1615 1576 1685 βοῶν,
1609 1614 1703 1667 καὶ
1736 1613 1842 1665 ἀπὸ
1867 1614 1974 1666 τῶν

394 1716 703 1787 προϐάτων,
747 1714 840 1767 καὶ
872 1712 979 1766 ἀπὸ
1020 1711 1127 1763 τῶν
1158 1711 1315 1774 ὄνων,
1362 1709 1454 1761 καὶ
1480 1706 1585 1760 ἀπὸ
1608 1706 1823 1759 πάντων
1862 1705 1972 1757 τῶν

2077 517 2226 571 mine
2246 532 2419 586 usque
2439 518 2506 572 ad
2525 533 2713 588 pecus,
2737 527 2795 573 tu
2815 525 2872 572 et
2889 518 3115 573 Eleazar
3134 517 3411 583 sacerdos,
3435 529 3490 573 ct
3506 521 3661 589 prin‘

2077 608 2226 678 cipes
2257 608 2588 663 familiarum
2616 609 3086 680 congregationis:
3124 618 3180 665 et
3209 610 3467 668 dividetis
3487 616 3658 684 spolia

2077 699 2221 755 inter
2247 701 2538 756 bellatores
2564 716 2816 771 egressos
2840 701 2907 756 ad
2928 702 3155 767 bellum,
3179 711 3236 757 et
3271 704 3414 759 inter
3440 721 3657 762 omnem

2076 791 2556 860 congregationem
2588 807 2600 842 :
2627 800 2683 845 et
2702 791 3031 860 separabitis
3049 792 3315 846 tributum
3336 794 3567 850 Domino
3590 796 3660 850 ab

2076 881 2396 937 hominibus
2438 881 2797 936 bellatoribus
2847 882 3258 951 egredientibus
3306 884 3375 940 ad
3417 885 3656 951 bellum,

2076 988 2241 1027 unam
2274 974 2511 1029 animam
2542 990 2572 1028 a
2606 974 2920 1044 quingentis
2943 992 2955 1027 :
2976 974 3046 1029 ab
3076 974 3394 1031 hominibus
3422 984 3479 1031 et
3508 995 3539 1032 a
3573 980 3660 1049 ju-

2077 1065 2297 1131 mentis,
2318 1074 2375 1120 et
2410 1081 2441 1120 a
2467 1065 2666 1131 bobus,
2686 1076 2742 1121 et
2777 1067 2847 1121 ab
2881 1067 3098 1133 ovibus,
3139 1074 3195 1121 et
3229 1068 3298 1121 ab
3328 1067 3518 1133 asinis,
3548 1079 3604 1125 et
3628 1087 3658 1125 a

2077 1157 2264 1222 mulis,
2280 1165 2337 1213 et
2372 1158 2441 1225 ab
2478 1158 2739 1214 omnibus
2770 1158 3037 1229 jumentis
3070 1158 3389 1228 accipietis;
3412 1167 3469 1214 et
3503 1160 3660 1215 dabis

2078 1249 2339 1303 Eleazaro
2367 1248 2640 1304 sacerdoti
2677 1249 2949 1320 primitias
2986 1249 3237 1303 Domini:
3265 1258 3323 1304 et
3359 1266 3390 1304 a
3427 1250 3658 1306 dimidio

2080 1339 2316 1394 filiorum
2355 1341 2522 1395 Israel
2553 1342 2811 1412 accipies,
2836 1358 3009 1396 unum
3046 1341 3114 1396 de
3137 1342 3557 1414 quinquaginta,
3588 1344 3659 1398 ab

2078 1433 2421 1498 hominibus,
2457 1443 2513 1487 et
2533 1449 2563 1488 a
2585 1434 2781 1495 bobus,
2807 1442 2862 1489 et
2883 1435 2952 1488 ab
2972 1434 3191 1501 ovibus,
3216 1443 3272 1490 et
3290 1436 3358 1489 ab
3382 1436 3572 1501 asinis,
3603 1452 3659 1493 et

2078 1526 2148 1580 ab
2183 1523 2443 1581 omnibus
2454 1526 2719 1597 jumentis
2740 1544 2754 1592 ;
2777 1535 2834 1581 et
2855 1527 3012 1582 dabis
3030 1544 3094 1582 ea
3114 1528 3322 1583 Levitis
3343 1530 3660 1585 custodiens

2079 1618 2230 1672 tibus
2287 1619 2568 1673 custodias
2617 1619 2673 1672 in
2724 1620 3075 1674 tabernaculo
3131 1620 3368 1675 Domini.
3412 1622 3482 1677 Et
3528 1622 3660 1678 iecit

2077 1711 2308 1783 Moyses,
2322 1720 2377 1765 et
2401 1712 2627 1766 Eleazar
2646 1711 2923 1775 sacerdos,
2945 1711 3089 1765 sicut
3109 1711 3366 1781 prmcepit
3393 1712 3659 1769 Dominus

394 1807 627 1878 κτηνῶν,
666 1806 759 1860 καὶ
788 1798 982 1867 δώσεις
1010 1803 1146 1857 αὐτὰ
1189 1804 1301 1865 τοῖς
1333 1800 1588 1862 Λευῖταις
1620 1799 1730 1860 τοῖς
1766 1795 1968 1865 φυλάσ-

2074 1803 2243 1873 Moysi
2270 1802 2310 1855 ³.
2349 1822 2367 1853 ι
2409 1802 2686 1857 Continuo
2723 1818 2960 1873 namque
3012 1806 3160 1872 quod
3209 1803 3399 1858 divino
3441 1805 3656 1875 jussum

396 1915 546 1951 σουσι
572 1896 671 1959 τὰς
701 1896 947 1965 φυλακάς
968 1896 1024 1948 έν
1046 1897 1112 1964 τῇ
1148 1894 1321 1962 σκηνῇ
1353 1890 1577 1960 Κυρίου.
1616 1889 1726 1941 Καὶ
1748 1886 1970 1954 ἐποίησε

394 1981 596 2060 Μωσῆς
619 1988 715 2043 καὶ
754 1988 1017 2058 Ἐλεάζαρ
1040 1989 1067 2040 6
1091 1987 1289 2057 ἱερεὺς,
1321 1982 1464 2037 καθὰ
1486 1982 1742 2047 συνέταξε
1770 1981 1973 2052 Κύριος

393 2080 470 2150 τῷ
516 2082 712 2150 Μωσῇ.
755 2100 774 2133 ι
818 2080 1202 2150 Διεπεραίνετο
1240 2077 1348 2147 γάρ
1371 2075 1531 2140 εὐθὺς
1570 2075 1630 2128 τὸ
1662 2075 1804 2129 θεῖον
1837 2091 1962 2145 χρη-

398 2171 692 2243 σμῴδημα,
746 2162 952 2243 λεπτῆς
994 2189 1054 2224 τε
1098 2172 1194 2225 καὶ
1240 2169 1501 2240 ἀκριῦοὖς
1547 2168 1846 2239 γενομένης
1872 2167 1971 2236 τῆς

393 2266 824 2338 ἀπαριθμήσεως
857 2264 967 2319 τῶν
984 2264 1219 2326 σκύλων,
1251 2262 1469 2333 καὶτῆς
1494 2263 1549 2313 ὲν
1585 2254 1973 2331 ἠμίσειδιανο-

395 2359 525 2430 μῆς,
559 2359 654 2412 καὶ¹
685 2357 1055 2411 άποδοθέντων
1084 2355 1191 2409 τῶν
1226 2353 1641 2425 ἀφαιρεμάτων,
1684 2353 1804 2423 ἤτοι
1860 2350 1971 2402 τῶν

392 2440 658 2520 ἄπαρχῶν
696 2449 904 2520 Κυρίῳ,
951 2447 1028 2519 τῷ
1075 2447 1212 2519 ἱερεῖ
1238 2445 1315 2515 τῷ
1354 2442 1640 2514 Ἐλεάζαρ,
1678 2444 1842 2514 φημὶ,
1877 2441 1972 2495 καὶ

392 2543 501 2604 τοῖς
531 2543 596 2594 ὲκ
639 2537 812 2610 φυλῆς
840 2539 971 2593 Λευῒ
991 2556 1003 2567 ·
1031 2535 1144 2611 ἆρά
1179 2554 1259 2590 σοι
1292 2536 1463 2608 λήθης
1497 2535 1736 2606 ἀμείνων
1761 2538 1789 2588 6
1822 2533 1966 2598 νοῦς,

390 2630 484 2684 καὶ
511 2632 593 2695 είς
619 2632 757 2703 ὅπερ
785 2629 996 2700 ἔφαμεν
1017 2629 1073 2683 ὲν
1100 2627 1297 2701 ἀρχαῖς
1323 2627 1541 2681 ἀναθεῖν
1570 2624 1830 2696 εὐσθενής
1852 2640 1868 2691 ;

462 2721 670 2773 ΠΑΛΛ.
699 2720 773 2772 Τὸ
804 2722 953 2773 ποῖον
973 2737 987 2786 ;

460 2811 624 2865 ΚΥΡ.
659 2813 735 2865 Οὐ
769 2811 878 2882 γάρ
904 2810 966 2882 δὴ
995 2809 1198 2882 χιλίους
1231 2811 1356 2873 τοὺς
1403 2810 1495 2879 ἀφ’
1523 2808 1763 2880 ἑκάστης
1797 2809 1969 2880 φυλῆς

393 2896 471 2969 εἰς
496 2904 592 2977 τὴν
628 2903 724 2958 τοῦ
759 2898 997 2974 πολέμου
1040 2902 1473 2973 συγκεκομίσθαι
1517 2902 1707 2973 χρείαν
1755 2903 1782 2953 6
1827 2903 1968 2974 ἱερὸς

393 2994 493 3066 ἔφη
518 2995 674 3063 λόγος
702 3011 717 3060 ;

463 3089 669 3142 ΠΑΛΛ.
707 3088 852 3158 Ἔφη
885 3086 994 3156 γὰρ
1021 3083 1133 3139 οὖν.

461 3174 624 3229 ΚΥΡ.
659 3173 771 3246 Τὴν
794 3175 850 3227 δέ
886 3191 950 3244 γε
972 3175 1065 3227 τοῦ
1097 3175 1296 3244 μέρους
1325 3170 1684 3244 λαμπρότητα
1700 3173 1794 3226 καὶ
1825 3171 1965 3225 εὐδο·

413 3267 639 3339 κίμησιν
670 3268 750 3328 είς
777 3267 895 3318 ὅλον
933 3265 1085 3335 ἥξειν
1125 3264 1187 3315 τὸ
1230 3264 1522 3336 πλήρωμα,
1554 3261 1740 3331 σαφῶς
1779 3279 1838 3314 τε
1871 3261 1965 3315 καὶ

393 3357 631 3429 ἐναργῶς
667 3355 951 3425 ἐλέγομεν,
987 3354 1321 3426 ἡμερότητος
1350 3371 1409 3405 τε
1432 3354 1524 3406 καὶ
1556 3350 1966 3421 φιλανθρωπίας

393 3450 524 3503 Θεοῦ
581 3450 675 3503 καὶ
707 3448 867 3501 τοῦτο
889 3449 971 3516 ἐφ’
999 3448 1130 3518 ἡμῖν
1167 3444 1226 3500 εὖ
1272 3445 1415 3517 μάλα
1456 3445 1856 3515 διοικουμένης,
1897 3443 1963 3495 ἶν’

392 3540 575 3612 ῶσπερ
592 3540 712 3602 ἐνὸς
732 3536 827 3592 καὶ
845 3538 1211 3607 εὐοσμοτάτου
1228 3536 1591 3607 θυμιάματος,
1606 3537 1671 3589 ἐκ
1691 3535 1965 3606 διαφόρων

394 3633 542 3687 εἱδῶν
568 3631 959 3702 πεποιημένου,
996 3631 1093 3700 μία
1131 3646 1213 3691 τις
1248 3630 1278 3699 ἡ
1316 3629 1532 3682 πάντων
1556 3628 1752 3681 εὐωδία
1778 3626 1963 3680 λοιπὸν

393 3726 725 3797 ἀναφέρηται
749 3723 828 3794 τῷ
857 3722 994 3793 Θεῷ,
1026 3722 1120 3775 καὶ
1145 3722 1222 3790 τῷ
1248 3720 1366 3773 λίαν
1397 3720 1814 3791 εὐδοκιμωτάτῳ
1838 3737 1965 3790 συγ-

392 3818 898 3889 καταλαμπρύνοιτό
918 3834 1035 3879 πως
1067 3815 1129 3867 τὸ
1162 3815 1234 3885 μὴ
1266 3814 1440 3876 οὕτως
1473 3814 1817 3884 εὐδοκιμοῦν.

455 3907 668 3966 ΠΑΛΛ.
705 3909 953 3978 Ἀληθές.
987 3906 1158 3961 Ταυτὶ
1186 3906 1294 3976 γὰρ
1322 3907 1452 3975 ἡμῖν
1474 3906 1501 3957 6
1542 3905 1696 3974 λόγος
1727 3905 1963 3959 ἐκδασα-

390 4002 549 4066 νίζειν
579 4000 763 4072 ἤθελε.

458 4094 622 4146 ΚΥΡ.
666 4090 857 4161 Ἀθρει
878 4090 941 4161 δὴ
970 4085 1061 4143 οὖν
1089 4087 1557 4158 ὰπημφιεσμένως
1572 4085 1744 4140 ταῦτα
1766 4089 1878 4150 τοῖς
1905 4085 1963 4151 ἐξ

402 4180 610 4256 Ἰσραὴλ
652 4183 1049 4254 νομοθετοῦντα
1094 4180 1254 4233 Θεόν·
1285 4181 1334 4232 οί
1385 4180 1483 4250 μὲν
1524 4180 1634 4251 γὰρ
1671 4180 1960 4233 ἀπόλεκτοι

389 4277 542 4347 χίλιοι
572 4276 716 4330 κατὰ
742 4276 914 4346 φυλὴν
941 4273 1433 4343 κατεστρατεύοντο
1454 4271 1563 4325 τῶν
1583 4271 1926 4341 Μαδιηναίων
1945 4290 1957 4302 ·

392 4369 558 4423 καὶτὸ
579 4371 759 4440 νικᾷν,
789 4364 941 4438 οἶμαί
970 4385 1094 4432 που,
1120 4367 1265 4435 πόνῳ
1306 4366 1399 4418 καὶ
1443 4364 1625 4435 ἱδρῶτι
1659 4364 1962 4435 κερδαίνον-

388 4472 490 4525 τες,
538 4461 879 4531 διενείμαντο
921 4458 989 4512 τὰ
1033 4461 1098 4511 ὲκ
1143 4457 1236 4511 τοῦ
1281 4456 1521 4526 πολέμου
1571 4456 1964 4525 συνειλεγμένα
1993 4471 2040 4528 ι)

390 4552 519 4624 πρὸς
562 4554 746 4606 πᾶσαν
786 4551 948 4614 εὐθὺς
995 4551 1095 4619 τὴν
1153 4548 1498 4616 συναγωγὴν,
1549 4548 1641 4599 καὶ
1686 4550 1799 4610 τοῖς
1851 4547 1958 4599 τῶν

387 4644 784 4717 ἀνδριζομένων
837 4641 1255 4711 κατορθώμασιν
1288 4643 1321 4712 ἡ
1351 4641 1512 4707 έτέρα
1559 4638 1770 4707 πληθὺς
1825 4656 1957 4691 κατ-

388 4734 727 4804 εσεμνύνετο·
751 4753 767 4784 ι
789 4732 1019 4784 Διελεῖτε
1042 4730 1170 4801 γάρ,
1205 4749 1221 4780 ›
1246 4730 1398 4800 φησὶ,
1433 4750 1447 4779 ι
1473 4729 1540 4782 τὰ
1558 4729 1750 4794 σκῦλα,
1780 4730 1843 4782 σὺ
1863 4731 1957 4781 καὶ

397 4828 657 4897 Ἐλεάζαρ
681 4829 709 4879 ὁ
741 4826 938 4895 ἱερεὺς,
974 4825 1066 4877 καὶ
1096 4826 1143 4876 οἱ
1174 4824 1433 4893 ἄρχοντες
1455 4823 1562 4874 τῶν
1587 4822 1828 4893 πατριῶν
1858 4823 1957 4891 τῆς

386 4921 745 4989 συναγωγῆςο
803 4919 894 4972 καὶ
938 4918 1159 4970 διελεῖτε
1192 4916 1260 4968 τὰ
1313 4917 1485 4969 σκῦλα
1524 4916 1821 4987 ἀναμέσονι
1850 4918 1957 4970 τῶν
2002 4962 2017 4968 -

384 5009 727 5081 πολεμιστῶν
761 5009 867 5061 τῶν
903 5006 1350 5078 ἐκπορευομένων
1387 5009 1465 5069 εἰς
1500 5006 1598 5077 τὴν
1628 5007 1954 5077 παράταξιν,

383 5103 473 5155 καὶ
510 5100 616 5154 ἀνὰ
650 5098 812 5169 μέσον
839 5098 936 5167 τῆς
965 5098 1307 5166 συναγωγῆς.
1341 5115 1358 5146 ι
1400 5099 1522 5149 Ὅτι
1562 5096 1672 5169 γάρ
1707 5098 1955 5152 συνευδο-

383 5193 607 5261 κιμήσει
639 5189 750 5249 τοῖς
772 5186 909 5254 ἄγαν
935 5185 1329 5255 ἐξειλεγμένοις
1354 5188 1443 5238 καὶ
1473 5189 1954 5258 περιφανεστέροις

382 5285 441 5335 τὸ
471 5281 640 5352 βραχύ
670 5298 722 5332 τι
760 5279 1037 5340 καταδεὲς,
1082 5277 1176 5329 καὶ
1219 5278 1448 5339 κατόπιν
1494 5279 1569 5330 ίὸν
1601 5282 1700 5348 τῆς
1730 5279 1953 5332 ἐκείνων

389 5374 778 5444 μεγαλοφυῖας,
814 5368 1217 5439 ὑπεσημαίνετό
1272 5387 1387 5432 πως
1443 5370 1538 5423 καὶ
1591 5373 1619 5423 6
1668 5370 1956 5434 θεσπέσιος

386 5465 611 5527 Παῦλος.
673 5459 1221 5530 Ἀπαριθμησάμενος
1265 5461 1373 5529 γὰρ
1421 5460 1529 5512 τῶν
1584 5462 1954 5533 ἀρχαιοτέρων

387 5558 554 5626 ἁγίων
574 5556 700 5617 τοὺς
719 5553 806 5606 διὰ
823 5553 1058 5615 πίστεως
1075 5551 1505 5621 εὐδοκιμηκότας
1536 5553 1630 5604 καὶ
1655 5548 1737 5616 οἷς
1766 5556 1798 5624 ἡ
1830 5553 1954 5618 δόξα

457 5737 475 5768 ³
511 5738 674 5789 .‘Intn.
709 5751 827 5788 xm
854 5775 863 5791 ,
890 5734 1079 5787 Eli—5|.
1162 5733 1361 5785 ".‘Inm.
1410 5750 1553 5793 xxxx,
1721 5737 1807 5791 :17.

2073 1903 2191 1948 erat
2219 1894 2463 1958 oraculo,
2489 1894 2898 1964 perﬁciebaturt
2930 1896 3092 1965 Ergo,
3123 1910 3248 1950 cum
3286 1896 3657 1954 minutissima

2074 1994 2237 2057 atque
2254 1987 2669 2057 diligentissima
2688 1987 2828 2041 facta
2843 1995 2989 2042 esset
3003 1989 3312 2044 numeratio
3330 1990 3655 2060 spoliorum,

2074 2095 2136 2133 ac
2166 2079 2343 2134 media
2374 2090 2441 2133 ex
2478 2087 2632 2149 parte
2662 2078 3016 2146 distributio;
3053 2095 3288 2150 cumque
3323 2092 3507 2139 essent
3535 2085 3661 2139 red-

2075 2171 2201 2225 dita:
2252 2171 2625 2242 separationes
2661 2187 2757 2225 seu
2798 2172 3054 2240 primitiae
3105 2174 3345 2240 Domini,
3385 2177 3653 2233 sacerdoti

2073 2264 2351 2327 Eleazaro,
2392 2263 2635 2333 inquam,
2673 2272 2730 2317 et
2764 2262 2997 2330 Levitis;
3033 2280 3164 2319 num
3204 2266 3303 2320 tibi
3338 2277 3421 2323 est
3440 2269 3658 2325 animus

2073 2357 2211 2411 adeo
2230 2372 2442 2411 memor
2460 2364 2523 2410 ut
2546 2356 2878 2411 oblivionem
2900 2357 3105 2422 vincat,
3127 2366 3289 2429 atque
3323 2360 3390 2414 ad
3421 2360 3474 2415 id
3507 2363 3655 2432 quod

2074 2447 2232 2502 initio
2261 2447 2599 2512 dicebamus,
2634 2463 2920 2503 recurrere
2955 2449 3175 2505 valeat?

2141 2702 2339 2765 PALL.
2372 2698 2599 2780 Ecquod
2631 2709 2766 2765 illud
2795 2713 2912 2765 est?
3065 2788 3071 2794 _
3218 2789 3224 2797 .
3356 2792 3381 2797 Γ

2094 2826 2097 2829 ·
2138 2802 2294 2857 CYR.
2330 2801 2471 2855 Num
2506 2802 2652 2856 enim
2680 2803 2932 2858 millenos
2957 2819 2987 2856 a
3034 2802 3261 2874 singulis
3301 2805 3554 2861 tribubus
3586 2806 3656 2862 ad

2070 2894 2276 2950 bellum
2309 2895 2609 2965 gerendum
2653 2896 2975 2953 convenisse
3010 2912 3178 2952 sacra:
3205 2896 3427 2952 Littera:
3465 2900 3651 2968 prodi-

2070 2985 2310 3041 derunt?

2140 3072 2334 3127 PALL.
2362 3074 2729 3130 Prodiderunt
2756 3078 2861 3133 illm
2881 3079 3122 3148 quidem.

1993 3125 2033 3181 ϐ
2872 3125 3223 3240 splendorem
3249 3189 3311 3228 ac
3344 3175 3559 3230 laudem
3581 3174 3648 3230 ad

2070 3255 2379 3312 Universam
2416 3257 2815 3327 plenitudinem
2853 3260 2972 3316 fore
3010 3270 3069 3316 ut
3108 3265 3428 3334 pertineret,
3469 3281 3653 3321 annon

2066 3356 2256 3416 aperte
2288 3360 2351 3403 ac
2384 3350 2673 3406 manifeste
2713 3352 3072 3409 dicebamus?
3125 3358 3286 3428 126
3315 3359 3651 3431 benignitate

2065 3440 2161 3494 Dei
2181 3450 2345 3511 atque
2382 3442 2672 3499 clementia
2711 3444 2816 3500 hoc
2851 3462 3071 3517 quoque
3102 3448 3157 3502 in
3196 3450 3357 3506 nobis
3376 3455 3654 3523 sapienter

2065 3531 2503 3599 administrante,
2540 3543 2598 3589 ut
2622 3530 2880 3607 tanquam
2921 3540 3088 3595 unius
3124 3541 3495 3600 odoratissimi
3531 3549 3654 3620 thy-

2066 3621 2359 3687 miamatis,
2398 3639 2468 3677 ex
2502 3624 2673 3679 variis
2708 3627 3047 3683 aromatibus
3075 3631 3330 3696 confecti,
3364 3651 3508 3690 unus
3536 3651 3654 3690 om-

2064 3713 2215 3767 nium
2235 3714 2371 3770 odor
2384 3716 2497 3771 Deo
2516 3717 2797 3784 oll‘eratur,
2817 3728 2872 3774 ct
2889 3720 3051 3775 simul
3070 3736 3194 3776 cum
3216 3733 3368 3793 parte
3383 3727 3655 3795 probatis-

2065 3804 2203 3861 sima
2222 3807 2440 3863 laudem
2471 3808 2722 3878 acquirat
2741 3826 2805 3865 ea
2835 3828 2957 3882 quae
2985 3830 3093 3868 non
3127 3816 3265 3872 adeo
3289 3820 3520 3888 probata
3541 3833 3648 3879 est.

2136 3897 2334 3952 PALL.
2358 3899 2436 3956 Ita
2459 3908 2562 3955 est.
2585 3901 2643 3955 Id
2679 3901 2858 3972 ipsum
2887 3920 3122 3976 namque
3142 3917 3329 3966 nostra
3352 3912 3652 3984 disputatio

2065 3987 2499 4059 investigandum
2520 4004 2855 4063 susceperat.

2132 4078 2288 4134 CYR.
2304 4082 2436 4137 Vide
2457 4083 2624 4153 igitur
2642 4086 2747 4141 hoc
2775 4087 2917 4141 idem
2940 4088 3067 4145 ﬁliis
3086 4091 3250 4149 Israel
3270 4095 3443 4149 Deum
3463 4106 3651 4167 aperte

2064 4171 2361 4240 praecipere
2386 4190 2397 4223 :
2440 4174 2517 4227 illi
2543 4191 2778 4247 namque
2800 4179 2929 4232 lecti
2951 4180 3152 4237 milites
3175 4185 3381 4238 milleni
3406 4203 3504 4256 per
3532 4190 3650 4242 sin-

2064 4264 2219 4332 gulas
2274 4265 2451 4319 tribus
2498 4268 2763 4323 adversus
2826 4272 3151 4327 Madianitas
3204 4279 3645 4348 contendebant;

2064 4370 2299 4426 cumque
2347 4359 2633 4413 victoriam
2686 4364 2877 4430 procul
2916 4363 3085 4419 dubio
3121 4366 3309 4423 labore
3348 4386 3409 4425 ac
3448 4374 3649 4429 sudore

2065 4443 2249 4513 adepti
2281 4456 2486 4510 essent,
2501 4464 2622 4517 qua:
2640 4465 2707 4503 ex
2728 4450 2873 4509 bello
2894 4453 3227 4524 collegerant
3246 4473 3370 4513 cum
3390 4462 3649 4520 universa

2068 4537 2248 4591 statim
2269 4554 2536 4609 synagoga
2558 4540 2885 4610 diviserunt,
2907 4555 3071 4616 atque
3098 4550 3375 4617 praeclaris
3404 4554 3511 4609 illis
3531 4555 3647 4610 for-

2069 4630 2205 4683 tium
2242 4630 2485 4684 virorum
2506 4632 2663 4687 factis
2681 4644 2877 4690 caetera
2902 4639 3195 4695 multitudo
3218 4642 3503 4699 honestata
3533 4656 3643 4709 est:

2075 4740 2091 4770 ι
2129 4721 2394 4777 Dividetis
2412 4725 2579 4789 enim,
2603 4745 2618 4775 ι
2655 4727 2853 4797 inquit,
2889 4750 2905 4778 ι
2933 4732 3127 4800 spolia,
3147 4741 3205 4788 tu
3226 4745 3278 4791 et
3302 4737 3528 4793 Eleazar
3557 4755 3644 4794 sa-

2066 4814 2278 4879 cerdos,
2297 4825 2350 4869 et
2367 4817 2645 4887 principes
2665 4818 2993 4876 familiarum
3024 4840 3307 4897 synagoga:
3324 4870 3337 4895 ,
3357 4838 3412 4885 et
3437 4831 3647 4889 divide-

2066 4908 2135 4961 tis
2166 4909 2337 4978 spolia
2360 4910 2502 4964 inter
2526 4911 2818 4967 bellatores
2837 4930 3087 4985 egressos
3106 4919 3172 4972 ad
3190 4937 3447 4992 pugnam,
3475 4935 3530 4979 et
3561 4928 3645 4980 in-

2067 5009 2149 5053 ter
2182 5017 2398 5055 omnem
2439 5005 2966 5075 congregationem“.
2998 5029 3015 5061 ›
3059 5011 3195 5065 Fore
3229 5025 3413 5068 autem
3436 5026 3639 5072 utcum

2063 5092 2375 5147 lectissimis
2414 5093 2828 5166 illustribusque
2866 5099 3001 5155 viris
3039 5101 3257 5155 laudem
3309 5104 3387 5156 illi
3418 5120 3639 5175 quoque

2063 5196 2490 5255 consequantur,
2524 5189 2724 5257 quibus
2748 5193 2995 5246 nonnihil
3018 5194 3082 5246 ad
3106 5195 3365 5249 virtutem
3385 5196 3558 5263 deest,
3583 5209 3639 5254 et

2062 5279 2283 5332 illorum
2319 5281 2483 5334 animi
2508 5283 2850 5338 nobilitatem
2871 5301 2898 5338 a
2924 5294 3073 5355 tergo
3093 5297 3421 5356 sequuntur,
3444 5290 3639 5348 beatus

2062 5387 2279 5443 quoque
2313 5374 2513 5428 Paulus
2534 5376 2767 5429 latenter
2786 5376 3065 5431 indicavit.
3088 5379 3223 5433 Nam
3254 5397 3376 5436 cum
3409 5400 3636 5439 enume-

2062 5473 2233 5518 rasset
2248 5466 2458 5535 priscos
2474 5465 2596 5518 illos
2617 5473 2939 5535 sanctosque
2958 5469 3105 5523 viros
3130 5471 3222 5540 qui
3243 5472 3345 5546 (ide
3363 5489 3633 5530 commen-

2063 5556 2173 5611 dati
2204 5557 2453 5620 fuissent,
2477 5558 2680 5625 quique
2703 5560 2979 5626 przestanti
3019 5560 3071 5614 in
3101 5563 3269 5619 Deum
3291 5566 3489 5635 pietate
3520 5567 3628 5637 glo-
