4082 6304
453 327 561 382 Z33

1487 323 1541 378 S.
1583 323 1858 380 CYRILLI
1901 321 2372 380 ALEXANDRINI
2415 321 2732 379 ARCIIIEP.

3639 319 3744 377 551’

458 440 594 493 riam
614 438 881 494 illustrem
905 434 1007 491 sibi
1030 435 1498 506 comparavissent
1519 439 1653 492 :iEx
1686 439 1814 504 ﬁde,
1840 439 2032 511 inquit,

2149 438 2476 511 περιφανὴς,
2499 439 2606 492 ἀπό
2633 455 2694 507 γε
2724 437 2823 509 τῆς
2853 439 2932 501 εἰς
2953 435 3085 490 Θεὺν
3120 436 3383 508 ἀκριϐοῦς
3415 436 3701 500 εὖσείείας
3725 445 3738 456 “

455 531 660 588 mortui
693 537 824 586 sunt
859 530 913 584 hi
944 545 1156 595 omnes,
1189 539 1246 585 et
1266 540 1728 602 nonaereperunt
1750 535 2044 603 repromis-

452 625 637 678 siones
657 664 671 680 .
695 623 810 677 Deo
841 637 945 692 pro
966 622 1128 677 nobis
1147 621 1356 692 aliquid
1393 623 1591 679 melius
1609 624 1953 694 providente,
1977 641 2046 680 ne

453 717 572 770 sine
593 715 753 770 nobis
771 723 1228 770 consummentur
1247 716 1288 769 ⁵.
1327 733 1346 766 ι
1374 714 1580 770 Scribit
1597 715 1766 772 etiam
1785 716 1854 771 ad
1867 716 2005 772 alios
2030 735 2042 770 :

459 825 475 858 ι
502 809 621 864 Jam
659 807 890 879 perfecti
913 808 1072 872 estis,
1099 807 1220 863 sine
1239 807 1401 862 nobis
1436 808 1734 879 regnastis,
1758 818 1815 864 et
1833 809 2044 864 utinam

451 901 801 972 regnassetis,
825 907 887 955 ut
902 908 960 955 et
992 915 1096 954 nos
1117 915 1223 954 una
1243 915 1368 955 cum
1387 899 1546 956 vobis
1567 914 1930 971 regnareinus
1947 901 1968 931 ⁶
1993 901 2038 954 ί»

449 993 616 1049 Vides
646 1009 744 1049 eos
771 992 868 1064 qui
896 991 1092 1048 ordine
1122 1001 1249 1047 sunt
1287 990 1560 1056 inferiori,
1581 993 1742 1048 simul
1765 1007 1889 1047 cum
1914 1007 2043 1062 per-

446 1085 608 1142 fectis
638 1084 1003 1157 perﬁciendos
1036 1099 1193 1149 esse;
1233 1099 1360 1139 cum
1397 1083 1616 1139 selectis
1652 1099 1870 1153 quoque
1909 1083 2046 1137 viris

436 1171 886 1242 'fienedicuntur,
914 1173 1008 1245 qui
1039 1189 1150 1229 non
1182 1189 1338 1245 teque
1365 1172 1581 1226 viribus
1621 1173 1819 1226 valent.
1857 1171 2045 1226 Psallit

440 1259 646 1340 nempe
683 1269 882 1324 beatus
901 1267 1100 1323 David:
1132 1285 1150 1318 ι
1179 1265 1460 1321 Benedicti
1484 1283 1584 1320 vos
1614 1281 1645 1320 a
1669 1265 1922 1327 Domino,
1947 1265 2041 1334 qui

445 1361 578 1417 fecit
609 1361 808 1416 ccelum
845 1366 902 1414 et
938 1368 1176 1424 terram;
1221 1357 1502 1412 benedixit
1548 1356 1816 1412 Dominus
1853 1344 2042 1410 dbmui

434 1437 631 1508 'Aaron
656 1469 671 1518 ;
699 1450 980 1522 benedixit
1014 1449 1280 1504 Dominus
1301 1448 1491 1503 domui
1527 1447 1697 1502 Israel
1721 1465 1736 1513 ;
1758 1446 2042 1502 benedixit

445 1543 714 1601 Dominus
734 1543 802 1598 iis
833 1542 926 1611 qui
955 1550 1148 1597 timent
1168 1541 1480 1611 se,pusillis
1499 1556 1626 1596 cum
1648 1541 2033 1612 niajoribush

445 1635 622 1692 Simul
655 1637 802 1690 enim
825 1649 949 1688 cum
977 1631 1277 1704 majoribus
1307 1631 1713 1687 benedicuntur
1741 1631 1775 1685 ii
1811 1631 1906 1702 qui
1939 1647 2042 1702 pu-

444 1727 554 1786 silli
591 1733 883 1790 vocantur,
919 1724 1010 1795 qui
1037 1723 1106 1778 de
1145 1723 1265 1793 pari
1309 1721 1633 1789 fortitudine
1670 1722 1893 1792 gloriari
1928 1738 2038 1776 non

2157 552 2174 582 «
2203 533 2362 585 Κατὰ
2386 531 2590 594 πίστιν,
2617 549 2634 580 ι
2662 531 2847 602 φησιν,
2877 550 2894 580 ι
2924 513 3196 584 ἀπέθανον
3221 525 3365 584 οὗτοι
3390 529 3613 594 πάντες,
3649 530 3744 584 καὶ

2148 624 2248 676 οὐκ
2283 624 2610 694 ἐκομίσαντο
2637 623 2736 687 τὰς
2761 623 3116 692 ἐπαγγελίας,
3159 621 3253 676 τοῦ
3278 621 3416 676 Θεοῦ
3441 623 3740 696 περιήμῶν

2150 713 2398 784 κρεῖττόν
2448 731 2500 766 τι
2555 712 3029 786 προϐλεψαμένου,
3091 713 3180 766 ἵνα
3240 712 3316 785 μὴ
3371 714 3542 786 χωρὶς
3579 715 3740 785 ήμῶν

2146 806 2530 860 τελειωθῶσιν.
2572 825 2590 857 ι
2641 806 2977 860 Ἐπιστέλλει
3019 807 3078 860 δὲ
3116 807 3210 861 καὶ
3241 806 3484 877 ἑτέροις·
3535 825 3558 862 ι
3595 809 3738 879 Ἤδη

2147 900 2556 970 τετελειωμένοι
2586 900 2710 952 ἐστέ
2733 916 2746 930 ο
2780 899 2950 971 χωρὶς
2993 897 3151 970 ἡμῶν
3185 898 3602 964 ἐϐασιλεύσατε,
3643 901 3740 955 καὶ

2147 990 2354 1059 ὤφελόν
2385 1007 2448 1060 γε
2483 990 2877 1045 ἐϐασιλεύσατε
2899 1030 2912 1052 ,
2945 990 3033 1042 ἵνα
3064 990 3158 1052 καὶ
3191 991 3352 1061 ἡμεῖς
3379 991 3508 1060 ὑμῖν
3536 991 3720 1062 συμδα

2150 1084 2506 1155 σιλεύσωμεν.
2551 1103 2570 1134 ι
2611 1084 2778 1154 Ὀρᾷς
2836 1083 2988 1145 ὅπως
3031 1080 3579 1153 συντελειωθὴσονται
3627 1085 3740 1144 τοῖς

2145 1176 2203 1228 ἐν
2229 1175 2395 1238 τέλει,
2427 1178 2522 1229 καὶ
2549 1177 2598 1228 οἱ
2628 1174 2780 1241 τάξιν
2803 1174 3020 1246 ἔχοντες
3045 1175 3146 1246 τὴν
3181 1173 3420 1228 καταδεᾶ
3443 1212 3460 1237 ,
3487 1175 3582 1228 καὶ
3611 1191 3738 1228 συν-

2157 1264 2506 1334 ευλογοῦνται
2551 1268 2664 1329 τοῖς
2703 1264 3100 1336 ἐξειλεγμένοις
3141 1264 3190 1318 οἱ
3247 1263 3322 1335 μὴ
3375 1263 3498 1316 κατ’
3539 1264 3738 1327 αὐτοὺς

2143 1358 2451 1424 εύσθενεῖς;
2486 1358 2694 1413 Ψάλλει
2727 1359 2785 1413 δέ
2835 1376 2938 1412 που
2988 1357 3085 1413 καὶ
3129 1359 3158 1411 ὁ
3210 1356 3498 1422 θεσπέσιος
3539 1356 3734 1410 Δαϐίδυ

2149 1467 2169 1499 ι
2207 1447 2578 1520 Εὑλογημένοι
2597 1449 2755 1518 ὑμεῖς
2778 1447 2856 1520 τῷ
2876 1447 3088 1520 Κυρίῳ,
3116 1445 3193 1517 τῷ
3211 1447 3494 1516 ποιήσαντι
3529 1446 3620 1499 τδν
3645 1446 3736 1498 οὐ·

2147 1535 2308 1608 ρανὸν
2347 1537 2442 1590 καλ⁵
2481 1540 2579 1609 τὴν
2608 1539 2713 1608 γῆν
2737 1554 2751 1569 ⁸
2782 1537 3048 1608 εύλόγησε
3077 1537 3282 1606 Κύριος
3306 1536 3398 1590 τὸν
3424 1534 3570 1590 οἷκον
3611 1537 3732 1592 Ἀα-

2147 1628 2256 1698 ρών
2275 1644 2290 1660 ο
2319 1629 2584 1701 εὐλόγησε
2614 1629 2820 1702 Κύριος
2847 1630 2940 1685 τὸν
2976 1625 3127 1684 οἷκον
3177 1629 3396 1700 Ἰσραήλ
3423 1645 3436 1660 ·
3470 1629 3736 1700 εὐλόγησε

2148 1719 2361 1792 Κύριος
2403 1721 2531 1785 τοὺς
2565 1721 2935 1792 φοϐουμένους
2961 1721 3145 1786 αὑτὸν,
3179 1721 3305 1784 τοὺς
3333 1723 3563 1794 μικροὺς
3597 1722 3736 1794 μετὰ

444 1823 716 1888 possunt,
753 1815 958 1886 quique
997 1823 1128 1869 sunt
1175 1811 1344 1868 animi
1381 1811 1664 1868 alacritate
1708 1812 1775 1867 ad
1820 1813 2032 1868 labores

2141 1811 2253 1866 τῶν
2296 1813 2572 1883 μεγάλων.
2635 1832 2652 1865 ι
2702 1811 3161 1882 Συνευλογοῦνται
3211 1816 3324 1878 τοῖς
3377 1813 3636 1885 μεγάλοις
3683 1816 3734 1866 οἱ

445 1905 762 1962 tolerandos
821 1903 1136 1967 inferiores,
1193 1906 1311 1960 zelo
1368 1915 1502 1956 vero
1557 1907 1614 1956 et
1651 1900 1756 1957 fide
1811 1903 2032 1958 forsitan

2146 1901 2472 1974 καλούμενοι
2495 1905 2702 1975 μικροὶ,
2735 1907 2794 1960 ὲν
2823 1905 2984 1978 ῥώμῃ
3008 1905 3107 1976 μὲν
3127 1907 3388 1977 ἐπαυχεῖν
3405 1907 3505 1960 οὑκ
3519 1905 3736 1978 ἔχοντες

442 1995 683 2065 aequales
703 2000 904 2063 ,atque
937 1990 1259 2047 fortitudine
1295 2005 1395 2062 pro
1420 2005 1535 2046 suae
1573 1990 1851 2048 facultatis
1880 1994 2032 2049 modo

2148 1992 2258 2066 ἴσῃ,
2312 1995 2408 2048 καὶ
2450 1997 2573 2060 ταῖς
2617 1998 2696 2060 είς
2748 1995 2811 2049 τὸ
2865 1997 3067 2067 χρῆναι
3100 1997 3401 2066 τληπαθείν
3429 1997 3734 2070 ἡττώμενοι

447 2087 606 2158 127
624 2085 906 2143 Christum
927 2084 1256 2141 exhilarant.
1272 2085 1348 2139 Ae
1371 2083 1580 2154 Moyses
1600 2095 1656 2138 et
1689 2084 1912 2140 Eleazar
1931 2102 2032 2140 non

2145 2085 2499 2158 προθυμίαις,
2532 2088 2682 2160 ζήλῳ
2719 2088 2776 2142 δέ
2811 2089 2954 2160 τάχα
2981 2089 3076 2142 καὶ
3105 2089 3282 2142 πίστει
3315 2091 3732 2161 παρισούμενοι,

441 2178 682 2236 absurde
704 2179 935 2250 ﬁgurant
957 2186 1148 2234 tenent
1165 2174 1394 2242 Christi,
1417 2174 1510 2245 qui
1543 2175 1687 2231 idem
1711 2187 1765 2232 et
1785 2178 2042 2234 sacerdos

441 2279 528 2329 est
556 2279 612 2329 et
637 2271 940 2344 legislator,
977 2270 1372 2340 distribuitque
1395 2270 1596 2339 populo
1618 2269 1813 2340 spolia,
1837 2271 2042 2327 sanctis

441 2365 652 2438 angelis
669 2363 834 2420 simul
849 2361 1157 2418 astantibus
1177 2403 1192 2428 ,
1215 2377 1452 2432 quorum
1477 2363 1704 2433 figuram
1725 2371 1923 2433 gerunt
1959 2361 2038 2417 illi

441 2455 724 2530 prlncipes
749 2453 1086 2509 familiarum
1116 2467 1420 2524 synagoga.
1442 2452 1524 2507 An
1550 2462 1604 2506 tu
1627 2449 1855 2508 minime
1880 2463 2038 2522 putas

440 2549 644 2606 multos
660 2563 783 2604 esse
802 2547 857 2602 in
880 2546 1044 2602 terris
1078 2552 1299 2600 sanctos
1319 2545 1544 2614 angelos
1566 2559 1596 2596 a
1620 2543 1729 2598 Deo
1764 2543 2034 2598 constitu-

443 2649 529 2696 tos
577 2639 646 2696 ad
681 2653 843 2708 opem
880 2635 1166 2692 ferendam
1210 2633 1487 2696 ﬁdelibus,
1527 2648 1590 2686 ac
1627 2633 1858 2702 populos
1893 2649 2034 2702 quo-

437 2733 502 2790 da
515 2731 736 2788 mmodo
759 2728 1164 2784 moderandos?
1233 2738 1242 2746 ·

511 2991 710 3048 PALL.
753 2989 868 3063 Ego
889 3004 1023 3045 vero
1050 2988 1225 3044 fateor
1257 3003 1270 3040 :
1303 3002 1403 3041 cur
1440 2984 1590 3042 enim
1621 2986 1858 3058 negem?

509 3083 668 3142 CYR.
703 3084 982 3140 Venturus
1007 3098 1038 3138 e
1067 3081 1210 3138 ctelo
1237 3088 1590 3150 exspectatur
1621 3079 1874 3136 Christus
1904 3095 2028 3136 eum

437 3177 646 3235 sanctis
679 3176 917 3249 angelis;
953 3185 1012 3232 et
1052 3174 1270 3231 sedebit
1312 3149 1368 3229 in
1403 3173 1534 3230 sede
1569 3173 1757 3242 gloria:
1800 3190 1933 3242 suae,
1966 3189 2032 3230 ac
2057 3149 2100 3207 θ

437 3271 737 3329 distribuct
785 3269 950 3340 digna
998 3268 1201 3340 cuique
1249 3266 1493 3336 praemia.
1540 3270 1884 3338 honoresque
1933 3283 2030 3338 pro

435 3371 588 3422 recte
641 3363 917 3419 factorum
973 3363 1188 3416 ratione
1235 3360 1523 3431 rependet.
1582 3360 1817 3430 Ideoque
1866 3360 2031 3417 Isaias

435 3455 528 3512 ille
557 3454 778 3525 sapiens
805 3453 873 3509 de
901 3452 1124 3516 Christo
1160 3451 1334 3506 dicit:
1375 3469 1395 3504 ι
1442 3453 1736 3522 Propterea
1775 3452 1890 3523 ipse
1927 3453 2026 3509 do-

434 3545 741 3602 minabitur
783 3542 993 3610 muitis,
1035 3551 1091 3598 et
1131 3541 1354 3598 fortium
1409 3541 1618 3597 dividet
1661 3541 1854 3612 spolia,
1896 3557 2026 3612 pro-

433 3646 626 3712 pterea
655 3635 806 3709 quod
846 3633 1050 3692 tradita
1087 3641 1175 3693 est
1214 3635 1268 3690 iu
1316 3646 1545 3694 martem
1581 3635 1760 3690 aniina
1795 3637 1935 3706 ejus,
1970 3644 2028 3692 et

431 3745 561 3788 cum
605 3728 792 3800 impiis
835 3734 1121 3798 reputatus
1148 3735 1232 3784 est
1264 3727 1305 3781 ⁸.
1341 3747 1360 3778 ι
1401 3727 1507 3783 Per
1547 3725 1826 3783 Christum
1861 3727 2026 3798 igitur

433 3822 788 3892 praemiorum
825 3821 1146 3878 distributio
1180 3825 1290 3885 liet,
1321 3821 1413 3891 qui
1453 3830 1710 3890 tanquam
1753 3837 1848 3890 per
1879 3821 2025 3894 Moy-

432 3928 533 3970 sen
569 3921 627 3969 et
661 3915 888 3970 Eleazar
931 3911 1218 3982 figuratiir.
1264 3912 1516 3967 Christus
1553 3913 1701 3967 enim
1748 3913 2024 3986 legislator

431 4013 521 4062 est
549 4005 711 4060 simul
741 4013 795 4060 et
832 4003 1097 4074 pontifex.

423 4098 430 4116 '
502 4096 715 4153 PALL.
741 4095 960 4167 Optime
991 4095 1220 4150 dictum.

501 4189 641 4247 CVR
702 4187 767 4244 Si
805 4196 991 4243 autem
1025 4187 1498 4244 animadvertatur
1541 4204 1662 4258 quae
1698 4198 1912 4246 servata
1949 4191 2021 4246 sit

431 4285 488 4340 in
521 4281 910 4339 distribuendo
958 4281 1118 4346 ratio,
1149 4297 1220 4335 an
1260 4297 1366 4336 non
1402 4282 1762 4338 admiratione
1806 4284 2016 4355 dignis-

431 4375 569 4430 sima
606 4373 978 4444 iudicabitur?

2144 2179 2236 2232 καλ⁵
2259 2181 2380 2244 ταῖς
2398 2179 2540 2234 κατά
2560 2179 2790 2252 δύναμιν
2805 2179 3138 2244 εὐσθενείαις
3150 2183 3386 2254 Χριστὸν
3415 2182 3734 2255 εὐφραίνον-

2145 2286 2257 2334 τες.
2294 2271 2406 2325 Καὶ
2430 2271 2602 2337 τύπος
2636 2272 2702 2326 ἂν
2725 2267 2834 2326 εἷεν
2863 2273 3070 2343 Μωσῆς
3102 2291 3161 2327 τε
3191 2274 3286 2327 καὶ
3325 2273 3590 2348 Ἐλεάζαρ
3611 2275 3733 2340 ἐνὸς

2141 2359 2236 2413 τοῦ
2263 2361 2566 2433 ἀρχιερέως
2585 2378 2644 2415 τε
2666 2362 2762 2416 καὶ
2780 2363 3077 2434 νομοθέτου
3107 2364 3368 2437 Χριστοῦ,
3384 2363 3733 2436 διανέμοντος

2139 2451 2218 2524 τῷ
2243 2452 2357 2525 λαῷ
2387 2453 2456 2508 τὰ
2475 2453 2670 2517 σκῦλα,
2703 2471 2766 2507 συ
2776 2455 3244 2526 μπαρεστηκὸτων
3266 2457 3512 2526 ἀγγέλων
3534 2459 3727 2527 ἁγίων,

2139 2539 2217 2598 ὢν
2239 2545 2332 2598 καὶ
2365 2545 2536 2611 τύπος
2566 2541 2676 2599 εἷεν
2706 2545 2773 2600 ἂν
2808 2547 2858 2600 οἱ
2891 2547 3153 2619 ἄρχοντες
3195 2547 3302 2601 τῶν
3351 2549 3598 2621 πατριῶν
3631 2551 3730 2621 τῆς

2140 2638 2495 2708 συναγωγῆς.
2528 2639 2598 2692 Ἦ
2644 2638 2747 2693 οὐκ
2773 2635 2914 2694 εἶναι
2950 2639 3058 2712 φὴς
3086 2639 3313 2704 πολλοὺς
3358 2643 3450 2695 ἐπὶ
3489 2643 3592 2716 γῆς
3617 2643 3730 2697 τῶν

2136 2726 2308 2796 ἁγίων
2355 2729 2627 2798 ἀγγέλων,
2673 2731 2827 2802 παρὰ
2869 2731 3006 2785 Θεοῦ
3032 2733 3420 2804 τεταγμένους,
3469 2735 3550 2799 εἷς
3570 2751 3634 2804 γε
3665 2737 3729 2789 τὸ

2135 2819 2246 2874 δεῖν
2275 2825 2391 2886 τοῖς
2450 2824 2874 2879 πεπιστευκόσιν
2907 2825 3242 2896 ἐπικουρεῖν,
3275 2826 3369 2881 καὶ
3401 2827 3565 2880 οἱονεὶ
3594 2829 3725 2882 καθ-

2134 2913 2386 2984 ηγεῖσθαι
2417 2915 2563 2968 λαῶν
2588 2934 2602 2982 ;

2208 3001 2419 3057 ΠΑΔΛ.
2457 3005 2627 3075 Φημί·
2666 3005 2786 3070 πῶς
2810 3006 2918 3078 γὰρ
2942 3005 3036 3071 οῦς

2199 3093 2368 3148 ΚΥΡ.
2417 3095 2607 3162 Ἤξειν
2652 3096 2748 3150 ἀπ’
2798 3095 3032 3170 ούρανοῦ
3084 3098 3449 3171 προσδοκᾶται
3489 3100 3726 3172 Χριστὸς

2137 3182 2274 3254 μετὰ
2296 3183 2408 3238 τῶν
2437 3185 2608 3254 ἁγίων
2637 3187 2906 3256 ἀγγέλων,
2935 3187 3031 3242 καὶ
3061 3189 3334 3244 καθιεῖται
3363 3190 3460 3262 μὲν
3480 3193 3572 3246 ἐπὶ
3598 3191 3726 3264 096-

2133 3292 2222 3328 vou
2269 3273 2430 3346 δόξης
2479 3275 2668 3344 αὐτοῦ,
2729 3278 3066 3348 διανεμεῖται
3098 3279 3156 3334 δὲ
3209 3279 3426 3353 ἑκάστῳ
3468 3283 3537 3336 τὰ
3572 3283 3724 3356 αὐτῷ

2133 3367 2418 3442 πρέποντα
2437 3370 2597 3442 γέρα,
2624 3371 2718 3425 καὶ
2751 3371 3031 3440 ἀναλόγως
3058 3375 3172 3437 τοῖς
3208 3373 3596 3446 κατορθώμασι
3623 3375 3722 3439 τὰς

2129 3462 2332 3532 τιμάς·
2365 3462 2645 3534 τοιγάρτοι
2707 3464 2804 3517 καὶ
2845 3464 2875 3516 ὁ
2919 3465 3082 3534 σοφὸς
3131 3465 3265 3536 ἡμῖν
3315 3467 3545 3533 Ἡσαΐας
3590 3471 3722 3542 περὶ

2128 3555 2369 3627 Χριστοῦ
2404 3573 2540 3626 φησι
2560 3573 2574 3588 ·
2610 3576 2629 3610 ι
2658 3557 2758 3612 Διὰ
2784 3557 2943 3612 τοῦτο
2971 3560 3136 3626 αὐτὸς
3168 3562 3448 3636 κυριεύσει
3487 3564 3718 3632 πολλῶν,

2129 3647 2353 3704 καὶτῶν
2383 3649 2618 3721 ίσχυρῶν
2651 3652 2832 3722 μεριεῖ
2863 3649 3054 3716 σκῦλα,
3079 3651 3196 3706 ἀνθ’
3223 3647 3298 3710 ὧν
3327 3656 3601 3729 παρεδόθη
3635 3659 3718 3722 είς

2129 3739 2358 3796 θάνατον
2386 3743 2420 3812 ἡ
2444 3741 2591 3814 ψυχὴ
2613 3741 2798 3807 αὑτοῦ,
2819 3745 2912 3796 καὶ
2940 3739 3124 3810 ἐντοῖς
3149 3747 3372 3818 ἀνόμοις
3392 3749 3664 3824 ἐλογίσθη.
3693 3773 3711 3805 ι

2141 3833 2231 3886 Ἐν
2255 3833 2480 3905 Χριστῷ
2500 3833 2791 3906 τοιγαροῦν
2834 3835 2867 3906 ἡ
2904 3835 3013 3889 τῶν
3041 3836 3262 3905 ἀγαθῶν
3282 3838 3621 3912 διανέμησις,
3639 3843 3719 3908 ὼς

2125 3923 2184 3976 ὲν
2213 3923 2387 3995 Μωσῇ
2421 3939 2482 3976 τε
2533 3922 2628 3976 καὶ
2672 3923 2936 3995 Ἐλεάζαρ
2981 3928 3426 4000 ἐκτυπουμένων.
3470 3930 3714 4004 Νομοθέ-

2124 4033 2226 4087 της
2263 4017 2372 4086 γὰρ
2409 4018 2469 4070 ἐν
2489 4015 2670 4086 ταυτῷ
2703 4018 2797 4070 καὶ
2827 4018 3115 4089 ἀρχιερεὺς
3145 4022 3173 4074 ὁ
3200 4021 3455 4094 Χριστός.

2198 4109 2413 4162 [ΙΛΛΔ.
2455 4110 2691 4180 Ἀριστα
2724 4108 2884 4180 ἔφης.

2189 4198 2356 4252 ΚΥΡ.
2393 4198 2492 4262 Τίς
2523 4199 2580 4252 δέ
2607 4198 2672 4270 δὴ
2697 4200 2790 4252 καὶ
2815 4199 2978 4265 αὐτὸς
3001 4202 3030 4254 ὁ
3063 4203 3156 4257 τοῦ
3181 4205 3562 4278 διανείμασθαι
3587 4210 3714 4282 τρό-

2122 4307 2242 4355 πος,
2278 4285 2367 4362 ἆρ’
2401 4289 2525 4362 οὐχὶ
2550 4289 2853 4362 θαυμάζειν
2883 4291 3062 4361 deteri;

499 4466 696 4522 PALL.
741 4466 884 4522 Sane
910 4467 1171 4536 quidem:
1197 4483 1352 4538 :equa
1382 4468 1528 4522 enim
1559 4477 1734 4539 parte,
1765 4469 1859 4539 qui
1897 4469 2016 4524 bel-

2186 4469 2398 4524 ΠΑΛΛ.
2433 4469 2584 4524 Πάνυ
2621 4470 2723 4541 μὲν
2756 4465 2870 4528 οῦν.
2913 4471 3003 4527 Ἐν
3034 4473 3122 4546 ἴσῃ
3154 4473 3264 4546 γὰρ
3291 4473 3454 4547 μοίρᾳ
3481 4475 3712 4549 τετίμηο

429 4556 545 4613 lum
575 4565 880 4628 gesserant,
911 4567 968 4613 et
997 4559 1092 4629 qui
1120 4557 1459 4622 resederant,
1493 4559 1678 4614 donati
1708 4567 1856 4614 sunt.

497 4647 656 4704 ΟΥΕ.
692 4649 917 4705 Minime
952 4665 1088 4705 vero
1122 4665 1299 4719 aequa,
1325 4650 1573 4714 minime,
1597 4649 1856 4719 inquam;
1891 4650 2030 4706 licet

427 4739 629 4812 praeda:
667 4741 838 4796 totius
886 4750 1098 4811 partem
1141 4741 1425 4797 dimidiam
1468 4740 1766 4796 habuerint
1804 4757 2016 4812 pugna-

429 4840 601 4894 tores,
639 4831 868 4886 alteram
900 4848 1032 4886 vero
1065 4833 1348 4888 dimidiam
1389 4843 1500 4888 tota
1544 4849 1813 4904 synagoga
1847 4851 1860 4886 :
1893 4833 2020 4888 uni-

427 4935 627 4978 versus
667 4935 906 4992 namque
952 4938 1218 4978 numerus
1261 4924 1498 4980 filiorum
1535 4926 1702 4981 Israel
1746 4939 2016 4980 summam

427 5021 815 5075 sexcentarum
874 5013 1109 5069 millium
1165 5017 1474 5083 efficiebat,
1540 5019 1742 5074 additis
1794 5017 1862 5074 ad
1913 5019 2018 5074 tria

425 5107 600 5164 millia
652 5107 970 5180 quingentis
1020 5107 1452 5178 quinquaginta,
1503 5112 1750 5180 seiuncta
1796 5128 1864 5166 ex
1912 5112 2018 5168 hoc

425 5213 660 5257 numero
708 5210 872 5272 atque
921 5209 1174 5270 exempta
1222 5215 1434 5255 summa
1479 5203 1648 5257 sacris
1694 5204 2014 5260 ministeriis

427 5290 623 5350 dicatre
685 5292 918 5348 tribus:
973 5307 1241 5348 numerus
1295 5301 1478 5347 autem
1532 5304 1650 5349 erat
1701 5295 2022 5366 aptissimus

426 5396 624 5451 pugnat
653 5398 762 5438 non
792 5385 967 5455 major
992 5399 1156 5455 quam
1184 5384 1394 5440 milleni
1427 5401 1525 5457 per
1551 5385 1792 5457 singulas
1821 5387 2016 5443 tribus.

427 5471 632 5544 Spoliis
672 5474 838 5546 igitur
884 5478 939 5533 in
985 5493 1173 5550 aequas
1214 5479 1495 5551 portiones
1518 5478 1855 5544 distributis,
1889 5497 2015 5536 cum

427 5564 700 5621 universa:
733 5569 929 5636 prterire
972 5572 1200 5628 dimidia
1248 5587 1376 5641 pars
1412 5572 1634 5642 utrique
1674 5571 2015 5628 multitudini

2126 4578 2215 4615 ται
2247 4560 2324 4632 τῷ
2357 4561 2582 4634 μαχίμῳ
2611 4562 2671 4616 τὸ
2693 4563 2955 4634 ἠρεμοῦν.

2189 4656 2355 4710 ΚΥΡ.
2388 4655 2504 4725 Ορκ
2536 4653 2626 4726 ἴση
2657 4655 2756 4725 μὲν
2785 4651 2899 4717 οὖν,
2939 4657 3138 4710 πολλοῦ
3171 4675 3234 4727 γε
3263 4659 3360 4713 καὶ
3389 4659 3490 4724 δεῖ,
3521 4635 3624 4713 κᾶν
3660 4661 3714 4714 εί

2122 4745 2222 4818 τὴν
2279 4746 2372 4800 τοῦ
2425 4745 2626 4810 παντὸς
2661 4746 2917 4816 ἡμίσειαν
2972 4747 3071 4820 ἔχῃ
3120 4749 3181 4802 τὸ
3226 4750 3487 4821 μάχιμον,
3524 4752 3624 4822 τὴν
3653 4751 3711 4805 δὲ

2121 4837 2314 4908 ἑτέραν
2335 4837 2590 4908 ἡμίσειαν
2617 4837 2650 4908 ή
2685 4838 2833 4890 πᾶσα
2866 4841 3186 4910 συναγωγή·
3219 4840 3440 4911 σύμπας
3473 4843 3572 4913 μὲν
3599 4842 3709 4914 γὰρ

2121 4926 2230 4980 τῶν
2267 4925 2327 4991 ἐξ
2385 4926 2602 4998 Ἰσραὴλ
2638 4927 2666 4980 ὁ
2699 4928 2928 4999 ἀριθμὸς
2976 4931 3056 4992 είς
3106 4931 3398 4998 ἑξακοσίας
3453 4933 3706 5004 χιλιάδας

2120 5014 2212 5091 ἦν,
2243 5019 2340 5072 καὶ
2371 5019 2763 5084 πεντακοσίους
2793 5021 3134 5092 πεντήκοντα
3176 5027 3310 5095 πρὸς
3351 5027 3703 5098 τρισχιλίους.

2119 5111 2223 5164 ἀνά
2254 5109 2420 5182 μέρος
2443 5108 2610 5181 οὔσης
2643 5111 2737 5164 καὶ
2769 5109 3118 5184 ἐξῃρημένης
3159 5115 3253 5169 τοῦ
3281 5117 3584 5186 καταλόγου
3609 5119 3710 5188 τῆς

2121 5201 2506 5274 ἱερατευούσης
2540 5201 2730 5272 φυλῆς.
2765 5203 2982 5273 mnes;
3009 5205 3066 5259 δὲ
3099 5203 3166 5278 ἦν
3197 5211 3581 5280 μαχιμωτάτη,
3619 5211 3707 5280 χε-

2117 5294 2222 5348 λιοι
2268 5294 2406 5370 κατὰ
2451 5294 2646 5367 φυλήν.
2709 5295 2798 5350 Ἐν
2851 5298 2951 5369 ἴσῳ
3001 5299 3067 5370 δὴ
3107 5296 3201 5353 οὖν
3239 5301 3707 5372 διαμοιρηθέντων

2115 5387 2224 5440 τῶν
2259 5385 2492 5449 σκύλων,
2524 5387 2619 5440 καὶ
2643 5388 2742 5459 τὴν
2767 5387 2861 5442 τοῦ
2909 5391 3106 5454 παντὸς
3139 5392 3394 5462 ἡμίσειαν
3433 5392 3707 5464 ἑκατέρας

2115 5479 2387 5552 λαχούσης
2423 5479 2685 5549 πληθύος,
2715 5482 2773 5534 ἐν
2812 5482 2994 5552 πολλῷ
3027 5483 3233 5538 πλείονι
3264 5488 3375 5549 τοῖς
3399 5485 3702 5548 ἐλάττοσιν,

2115 5575 2170 5626 αί
2207 5573 2390 5642 τιμαὶ,
2419 5574 2512 5626 καὶ
2545 5573 2666 5644 ούχὶ
2687 5575 2801 5637 τοῖς
2823 5574 3035 5629 πλείοσι
3067 5576 3161 5631 καὶ
3192 5577 3610 5648 ὑπερκειμένοις
3643 5575 3708 5631 ἐν

495 5751 516 5785 ³
544 5750 715 5808 Hebr.
750 5766 825 5817 ιι,
864 5752 952 5808 59.
1031 5754 1093 5809 ‘I
1120 5753 1249 5808 Cor.
1272 5771 1344 5820 iv,
1382 5756 1438 5810 8.
1514 5757 1533 5787 τ
1561 5757 1704 5811 Psal.
1743 5772 1888 5822 C\'lll,
1941 5757 2022 5824 l2,

2135 5804 2139 5815 .
2221 5765 2240 5794 ⁸
2281 5763 2383 5818 lsa.
2430 5779 2538 5828 Liii,
2585 5766 2671 5819 12.
