4082 6304
314 414 418 471 537

1046 413 1107 467 ιΕ
1147 411 1581 467 ΑΒΟΒΑΤΙΟΝΕ
1621 414 1687 468 ΙΝ
1728 414 1998 471 SPlRlTU
2039 415 2125 469 ET
2166 415 2532 470 VERITATE.
2573 416 2701 471 LIB.
2740 418 2831 472 Π.

3467 415 3570 470 ὗζθ

318 530 558 603 ἀριθμῷ.
594 528 804 584 Οὐκοῦν
837 530 958 600 ἥτις
1005 531 1136 582 ποτέ
1178 532 1325 584 ἐστιν
1376 534 1407 602 ἡ
1463 534 1624 585 παντὶ
1671 532 1748 603 τῷ
1781 532 1894 603 λαῷ

2022 535 2330 606 :ontigisset,
2362 536 2537 591 multo
2576 537 2728 605 plura
2772 536 2992 604 praemia
3035 536 3320 605 pauciores
3360 534 3570 588 habue-

317 622 653 693 δοθησομένη
700 620 827 685 δόξα
881 620 1024 673 κατά
1068 623 1311 693 καιροὺς,
1364 624 1458 675 καὶ
1504 624 1600 693 τῆς
1644 623 1893 695 οὐρανίου

318 708 526 779 δωρεᾶς
553 707 614 761 τὸ
638 708 855 779 μέτρον,
885 708 1088 780 ταύτης
1115 711 1147 778 ὴ
1170 710 1400 782 ἀκριϐὴς
1428 712 1590 765 οἱονεί
1620 730 1735 775 πως
1764 713 1895 783 ἡμί-

323 816 441 853 σεια
492 802 606 862 τοῖς
647 797 1047 869 ἐξειλεγμένοις
1093 802 1595 875 ἀπονεμηθὴσεται,
1653 804 1749 856 καὶ
1795 804 1899 875 τῆς

324 891 470 955 Θείας
502 890 843 961 ἐπισκέψεως
861 892 1044 956 ἀξίους
1068 892 1227 956 ὄντας
1256 895 1479 958 ἑαυτοὺς
1505 892 1865 961 ἀποφαίνουσι
1884 911 1897 924 ’

325 983 419 1052 τῆς
446 982 505 1035 δὲ
539 982 736 1054 ὲτέρας
760 983 1016 1053 ἡμισείας
1068 983 1147 1055 τῷ
1188 984 1350 1038 παντὶ
1379 984 1571 1056 πλήθει
1603 984 1901 1056 δοθησομέ-

340 1091 442 1143 νης,
459 1074 639 1128 καίτοι
667 1074 1079 1129 πλεονεκτοῦντι
1094 1076 1346 1131 τοσοῦτον
1361 1077 1417 1130 ὲν
1443 1075 1683 1148 ἀριθμῷ·
1714 1096 1733 1129 ι
1765 1078 1903 1131 Πολ-

328 1165 407 1217 λοὶ
422 1165 530 1237 γάρ
557 1167 663 1218 είσι
682 1165 893 1236 κλητοὶ,
913 1165 1082 1236 ὀλίγοι
1103 1166 1159 1220 δὲ
1184 1167 1430 1221 ἐκλεκτοί
1455 1186 1476 1220 ι
1505 1206 1520 1222 .
1549 1208 1563 1222 .
1581 1206 1609 1222 ς.
1640 1209 1654 1223 .
1692 1209 1707 1225 .
1737 1168 1903 1241 βαθὺς

328 1256 435 1328 γὰρ
463 1259 491 1311 ὁ
520 1257 697 1326 λόγος.

1998 633 2148 690 runt,
2185 641 2349 695 quam
2381 626 2494 691 alii,
2526 628 2619 695 qui
2660 628 2845 695 plures
2873 634 3045 690 erant,
3075 634 3132 680 et
3158 640 3385 679 numero
3415 625 3572 694 longe

2000 716 2330 785 superiores.
2363 716 2532 786 lgitur
2569 731 2911 784 quaecunque.
2950 715 3039 769 illa
3076 724 3162 770 est
3196 715 3366 785 gloria
3416 730 3571 768 men—

2000 821 2239 875 suraque
2283 806 2414 860 doni
2453 808 2709 873 cmlestis,
2745 824 2866 876 quae
2900 823 3001 860 suo
3039 815 3283 876 tempore
3321 807 3576 860 universo

1999 898 2203 968 populo
2243 898 2487 964 dabitur,
2525 901 2645 970 ejus
2690 914 2815 969 pars
2855 898 3082 953 dimidia
3125 899 3277 952 velut
3327 897 3576 967 diligenti

2000 989 2213 1045 ratione
2257 989 2432 1044 divisa
2473 991 2692 1045 selectis
2730 990 2863 1046 viris
2915 991 3009 1060 qui
3057 1006 3115 1045 se
3152 989 3337 1044 divina
3394 989 3579 1056 inspe-

2000 1081 2182 1135 ctione
2225 1080 2420 1152 dignos
2464 1083 2857 1152 prtestiteruut,
2903 1082 3206 1147 tribuetur;
3247 1081 3418 1135 altera
3455 1093 3581 1149 pars

2002 1169 2231 1225 dimidia
2290 1171 2560 1227 universae
2625 1173 2963 1228 multitudini
3031 1172 3281 1237 dabitur,
3332 1168 3584 1241 quamvis

2003 1277 2068 1317 ea
2126 1263 2424 1319 multitudo
2476 1282 2708 1321 numero
2753 1267 2825 1321 sit
2862 1267 3023 1337 longe
3067 1265 3241 1336 major
3291 1282 3303 1317 :
3357 1282 3375 1315 ι
3428 1259 3584 1317 Multi

333 1350 478 1405 enim
534 1349 734 1415 vocati,
779 1350 940 1422 pauci
976 1367 1107 1407 vero
1142 1352 1370 1408 electi’.
1409 1372 1428 1405 ι
1482 1352 1565 1407 An
1598 1367 1670 1409 ne
1731 1351 1989 1424 intelligis
2027 1355 2174 1425 quod
2231 1355 2387 1411 dico?
2442 1373 2567 1412 nam
2621 1358 2911 1413 obscurius
2956 1367 3039 1412 est
3080 1357 3381 1426 aliquanto,
3438 1352 3585 1425 quod

331 1442 587 1498 diximus.

401 1539 608 1593 IIAAA.
660 1538 911 1610 Συνίημι.
965 1539 1030 1593 El
1083 1539 1191 1611 γὰρ
1236 1542 1332 1595 καὶ
1393 1539 1608 1612 μέτοχοι
1664 1540 1763 1611 τῆς
1796 1539 1904 1593 τῶν

331 1629 503 1698 ἁγίων
538 1629 774 1700 ἐσόμεθα
802 1631 980 1703 δόξης,
1019 1632 1136 1687 ἀλλ’
1185 1628 1278 1686 οὖν
1330 1634 1388 1687 έν
1447 1632 1653 1704 μείοσιν
1698 1632 1731 1703 ἢ
1783 1632 1906 1685 κατ’

335 1721 550 1786 αὐτούς·
597 1724 749 1777 τουτὶ
793 1723 903 1796 γὰρ
928 1727 1061 1796 ἡμῖν
1086 1726 1115 1780 ὁ
1150 1725 1306 1794 λόγος
1334 1727 1364 1778 ὁ
1402 1725 1491 1790 σὸς
1521 1724 1621 1778 οὐκ
1649 1723 1907 1797 ἀμυδρῶς

338 1816 729 1872 ὐπαινίττεται.

403 1905 568 1960 ΚΥΡ.
611 1906 815 1980 Ὀρθῶς
837 1907 994 1979 ἔφης.
1015 1909 1123 1964 Θέα
1148 1910 1204 1964 δὲ
1218 1909 1281 1981 δὴ
1298 1909 1436 1981 πρὸς
1460 1908 1669 1972 τούτοις
1697 1910 1902 1981 ἕτερον,

336 1999 401 2053 δι’
427 1993 487 2054 οὗ
518 2000 752 2069 μάλιστα
785 2001 895 2054 τῶν
918 2002 1314 2073 ἀνδριζομένων
1346 2002 1445 2074 τὴν
1490 2006 1569 2067 είς
1598 2003 1728 2056 Θεὸν
1764 2004 1909 2074 παῤ-

343 2089 535 2161 ρησίαν
569 2089 791 2145 εὔκολον
829 2093 975 2149 ίδεῖν.

409 2182 613 2236 ΠΑΛΛ.
653 2184 725 2237 Τὸ
756 2185 808 2237 τί
840 2184 896 2238 δὲ
928 2188 1071 2256 φήςς
1635 2221 1639 2225 -

406 2274 575 2327 ΚΥΡ.
610 2273 722 2339 Ta;
746 2276 843 2345 μὲν
872 2277 982 2348 γὰρ
1005 2278 1329 2331 δυοκαίδεκα
1355 2277 1597 2348 χιλιάδας
1626 2277 1733 2330 τῶν
1762 2276 1914 2330 πολε-

344 2366 573 2434 μιστῶν,
603 2369 714 2422 ἀπὸ
743 2370 840 2440 τῆς
875 2368 969 2422 τοῦ
1017 2370 1218 2445 παντὸς
1256 2371 1509 2442 ἡμισείας
1542 2371 1642 2441 τῆς
1676 2371 1913 2441 ὲκνεμη-

342 2457 526 2528 θείσης
555 2459 739 2523 αὐτοῖς
765 2460 1158 2531 προσκομίζειν
1188 2461 1524 2532 προστέταχε
1567 2460 1645 2532 τῷ
1671 2462 1918 2531 ἀρχιερεῖ

346 2551 473 2620 μίαν
528 2553 769 2624 κεφαλὴν
804 2554 911 2609 ἀπὸ
946 2554 1337 2618 πεντακοσίων,
1383 2552 1440 2606 έν
1466 2571 1525 2606 τε
1565 2556 1678 2617 τοῖς
1708 2552 1916 2624 ἀνθρὼ-

342 2660 464 2706 ποις
496 2644 592 2698 καὶ
638 2647 694 2696 ὲν
727 2647 835 2709 τοῖς
892 2646 1152 2717 κτήνεσι·
1195 2645 1290 2698 καὶ
1339 2644 1499 2698 τοῦτο
1526 2640 1592 2714 ἦν
1622 2644 1804 2707 αὐτοῖς
1839 2642 1917 2713 τῷ

346 2736 533 2806 Κυρίῳ
573 2736 632 2789 τὸ
658 2737 827 2799 τέλος.
875 2737 1092 2808 Πληθύν
1135 2754 1197 2806 γε
1244 2736 1349 2808 μὴν
1379 2736 1478 2806 τὴν
1515 2737 1728 2807 ἑτέραν,
1790 2735 1917 2803 μίαν

338 2827 519 2899 ψυχὴν
562 2829 670 2881 ἀπὸ
718 2830 1078 2899 πεντήκοντα,
1127 2830 1192 2899 τῇ
1225 2829 1353 2898 ἱερᾷ
1396 2826 1536 2897 φυλῇ
1584 2824 1916 2880 καταθέσθαι

336 2918 451 2973 δεῖν
485 2920 769 2973 ἐδικαίωσε
802 2921 1023 2991 Κύριος.
1069 2917 1496 2982 Ἀνατυποῦντος
1520 2917 1576 2971 δὲ
1601 2917 1762 2975 πάλιν
1784 2918 1918 2987 ἡμῖν

338 3011 437 3065 τοῦ
472 3012 737 3084 Ἐλεάζαρ
756 3014 839 3082 ἐφ’
867 3012 1063 3083 ἐαυτῷ,
1084 3012 1174 3065 τὸν
1199 3012 1294 3064 ἕνα
1312 3029 1371 3064 τε
1399 3012 1493 3071 καὶ
1523 3010 1680 3080 μόνον
1705 3007 1916 3073 ἀληθῶς

341 3104 629 3175 ἀρχιερέα,
673 3091 924 3158 τουτέστι
952 3104 1211 3176 Χριστὸν,
1242 3103 1537 3174 ἐξαιρέτως
1578 3102 1674 3155 καὶ
1702 3098 1918 3170 ἀληθῶς

344 3196 440 3253 καὶ
470 3197 635 3251 οἱονεί
660 3215 777 3261 πως
799 3196 948 3267 αὐτῷ
974 3195 1113 3251 κατὰ
1144 3196 1435 3267 πρόσωπον
1468 3182 1669 3260 ίδικῶς,
1699 3191 1919 3246 ἀνακεί·

346 3304 497 3342 σεται
523 3287 633 3341 τῶν
649 3287 1035 3358 ὲξειλεγμένων
1052 3288 1085 3358 ἡ
1105 3287 1434 3359 δωροφορίαο
1455 3285 1604 3356 αὐτῷ
1618 3285 1919 3355 γάρςπροσ-

345 3379 562 3450 ἁγουσι,
590 3380 1016 3451 μεσολαδοῦντος
1056 3381 1302 3443 οὐδενός·
1351 3378 1379 3431 ὃ
1426 3378 1489 3449 δὴ
1523 3378 1617 3430 καὶ
1660 3376 1828 3445 ἔδρων
1873 3375 1920 3426 οἱ
1950 3402 1991 3459 c

351 3469 610 3539 μακάριοι
656 3469 915 3540 μαθηταὶ,
961 3468 1129 3540 δρῶσι
1176 3468 1231 3521 δὲ
1272 3467 1352 3521 ἔτι
1407 3467 1504 3520 καὶ
1548 3465 1642 3518 νῦν
1687 3466 1736 3517 οἱ
1778 3462 1921 3516 λαῶν

347 3564 657 3634 ἡγούμενοι,
696 3566 822 3628 τοὺς
855 3565 947 3615 ἐπὶ
986 3564 1061 3632 τῷ
1094 3563 1220 3631 θείῳ
1250 3560 1567 3632 κηρύγματι
1602 3559 1796 3623 πόνους
1829 3559 1924 3612 ἰδι-

351 3655 442 3708 κὸν
471 3655 727 3725 ἀνάθημα
762 3655 1075 3726 ποιούμενοι
1100 3654 1176 3724 τῷ
1208 3651 1460 3723 Χριστῷ·
1488 3653 1520 3721 ἡ
1550 3650 1606 3703 δὲ
1637 3650 1798 3720 έτέρα
1818 3648 1922 3702 τῶν

350 3747 778 3816 εὐδοκιμούντων
812 3748 1020 3817 πληθὺς
1051 3748 1286 3798 ποιεῖται
1329 3743 1426 3813 μὲν
1462 3742 1559 3806 τὰς
1586 3741 1924 3811 δωροφορίας

350 3839 428 3899 είς
443 3837 599 3900 δόξαν
629 3836 889 3907 Χριστοῦ,
916 3834 1054 3904 πλὴν
1087 3835 1176 3886 διὰ
1205 3830 1389 3903 μέσον,
1428 3829 1696 3899 κειμένων
1731 3829 1920 3895 ἁγίων,

351 3928 424 3992 ὡς
435 3928 491 3981 έν
510 3946 572 3996 γε
592 3931 656 3998 τῇ
679 3930 801 3998 ἱερᾷ
823 3929 960 3998 φυλῇ
983 3926 1305 3995 νοουμένων·
1332 3925 1545 3993 εἴρηται
1576 3921 1682 3993 γάρ
1699 3939 1711 3951 ⁸
1727 3942 1744 3972 ι
1766 3921 1924 3984 Γένος

353 4018 625 4083 ἐκλεκτὸν,
669 4017 935 4087 βασίλειον
977 4018 1294 4088 ἱεράτευμα.
1335 4033 1353 4065 ι
1390 4012 1598 4067 Οὐκοῦν
1632 4011 1718 4065 διὰ
1747 4012 1925 4083 μέσων

353 4109 519 4178 ἁγίων
546 4112 577 4180 ἠ
605 4113 683 4174 εἰς
709 4109 840 4162 Θεὸν
885 4108 1049 4170 αἰδὼς
1080 4109 1173 4161 καὶ
1200 4107 1258 4160 τὸ
1286 4106 1448 4169 σέὸας
1482 4104 1683 4169 αὐτῶν,
1718 4120 1924 4173 καρπο·

356 4202 658 4271 φορούντων
697 4204 815 4273 μὲν,
854 4203 913 4254 οὺ
962 4201 1066 4271 μὴν
1102 4201 1409 4270 ἀνήκουσαν
1442 4197 1627 4260 ίδικῶς
1664 4196 1742 4266 τῷ
1760 4214 1918 4268 προσ-

356 4292 484 4363 ὠπῳ
511 4293 748 4364 Χριστοῦ
802 4292 1142 4360 ποιουμένων
1181 4291 1278 4360 τὴν
1311 4288 1673 4361 δωροφορίαν.
1717 4286 1925 4340 ὐποῐόν

358 4403 405 4438 τι
434 4384 729 4457 κατορθοῦν
768 4383 1099 4447 ἐσπούδαζον
1130 4385 1179 4436 οἱ
1222 4385 1320 4447 τὰς
1351 4382 1692 4452 καλουμένας
1741 4382 1927 4449 λογίας

361 4476 747 4546 συμφέροντες,
785 4474 879 4528 καὶ
902 4473 1176 4536 διακονίας
1207 4473 1518 4542 πέμποντες
1546 4475 1656 4535 τοῖς
1678 4473 1851 4541 ἀγίοις
1871 4473 1927 4524 ὲν

371 4566 738 4638 Ἰερουσαλὴμ,
765 4567 797 4636 ἢ
830 4567 926 4619 καὶ
954 4566 1022 4618 δι’
1062 4564 1379 4634 ἡστινοσοῦν
1410 4564 1598 4635 ἐτέρας
1633 4562 1927 4633 θεραπείας

358 4659 728 4729 ἀνακτώμενοι
770 4661 896 4721 τοὺς
949 4658 1341 4728 ἀνακειμένους
1399 4657 1537 4728 Θεῷ.
1601 4657 1788 4710 Ίδικὸν
1834 4652 1926 4711 οὖν

2078 1538 2276 1594 PALL.
2335 1539 2605 1611 Intelligo.
2661 1540 2798 1595 Nam
2865 1540 2968 1594 etsi
3023 1546 3340 1593 sanctorum
3404 1537 3593 1608 gloriae

2014 1630 2179 1700 128
2207 1645 2399 1686 sumus
2451 1631 2623 1687 futuri
2665 1631 2984 1702 participes,
3036 1638 3278 1685 attamen
3328 1628 3590 1699 pauciora

2006 1737 2169 1792 quam
2192 1722 2270 1776 illi
2292 1738 2694 1795 consequemur
2723 1743 2739 1781 :.
2760 1725 2815 1780 id
2837 1725 2987 1779 enim
3012 1724 3172 1780 nobis
3192 1720 3337 1777 haud
3358 1721 3590 1776 obscure

2012 1822 2105 1869 tua
2134 1814 2379 1870 insinuat
2406 1817 2602 1871 oratio.

2082 1906 2242 1962 CYR.
2280 1908 2450 1963 Recte
2487 1910 2586 1963 ais.
2627 1908 2734 1964 Sed
2776 1908 3001 1963 adverte
3030 1905 3180 1961 aliud
3216 1913 3503 1976 praeterea,
3536 1901 3594 1955 in

2014 2014 2125 2068 quo
2174 2002 2410 2058 maxime
2459 2001 2705 2056 virorum
2742 2009 3095 2057 strenuorum
3146 2000 3204 2055 in
3246 1999 3423 2053 Deum
3453 1994 3595 2051 [ldu-

2014 2088 2156 2144 ciam
2194 2089 2385 2144 videre
2419 2090 2579 2147 facile
2619 2091 2816 2162 possis.

2086 2180 2284 2237 PALL.
2326 2182 2470 2249 Quid
2510 2183 2644 2240 illud
2681 2186 2799 2240 est?

2084 2273 2242 2330 CYR.
2283 2275 2398 2331 lllis
2443 2292 2681 2346 namque
2724 2277 3017 2333 duodecim
3061 2284 3431 2347 pugnatorum
3470 2272 3596 2329 mil-

2015 2365 2163 2422 libus
2212 2381 2279 2420 ex
2336 2366 2429 2421 illa
2478 2368 2648 2421 totius
2698 2367 2893 2437 praedae
2959 2366 3186 2423 dimidia
3254 2375 3409 2437 parte
3478 2378 3600 2433 qua:

2018 2457 2152 2528 ipsis
2197 2457 2404 2512 tributa
2454 2457 2652 2523 fuerat,
2698 2459 2912 2531 singula
2964 2475 2995 2514 e
3050 2457 3366 2528 quingentis
3421 2454 3601 2525 capita

2020 2559 2130 2606 tam
2173 2567 2239 2605 ex
2286 2551 2605 2606 hominibus
2649 2568 2812 2621 quam
2848 2568 2917 2607 ex
2956 2551 3251 2623 pecoribus
3293 2548 3492 2604 afferre
3532 2546 3600 2602 ad

2018 2642 2338 2712 pontificem
2359 2643 2553 2713 jussit;
2590 2641 2646 2696 id
2675 2654 2796 2697 erat
2830 2643 2939 2698 illis
2981 2641 3173 2696 tributi
3210 2641 3332 2695 loco
3368 2638 3602 2693 Domino

2019 2731 2380 2787 solvendum:
2438 2732 2534 2787 sed
2595 2733 3006 2790 multitudinem
3065 2733 3293 2787 alteram
3330 2730 3540 2785 animas
3571 2743 3603 2783 ο

2020 2823 2425 2894 quinquagenis
2485 2824 2729 2894 singulas
2799 2825 2970 2879 tribui
3035 2838 3206 2879 sacrae
3253 2832 3313 2878 ut
3368 2823 3605 2877 solveret

2022 2914 2287 2970 Dominus
2329 2916 2509 2986 jussit.
2566 2916 2704 2971 Cum
2763 2917 2930 2988 igitur
2985 2916 3044 2971 in
3103 2931 3159 2972 se
3205 2915 3323 2986 ipso
3375 2914 3603 2973 Eleazar

2026 3005 2252 3076 figuram
2300 3016 2455 3077 gerat
2508 3008 2656 3063 illius
2708 3009 2803 3078 qui
2861 3023 3004 3062 unus
3047 3015 3132 3061 est
3175 3022 3239 3060 ac
3286 3005 3436 3060 solus
3470 3019 3601 3059 vero

2025 3114 2274 3155 summus
2309 3100 2575 3168 pontifex,
2599 3100 2655 3154 id
2690 3109 2793 3165 est,
2832 3099 3060 3164 Christi,
3083 3099 3184 3169 ipsi
3222 3099 3496 3169 praecipue
3542 3113 3607 3153 ac

2026 3209 2175 3260 vere,
2211 3204 2270 3249 et
2302 3194 2706 3264 quodammodo
2758 3194 3005 3264 proxime
3046 3209 3111 3247 ac
3146 3194 3366 3263 pr0prie
3408 3207 3606 3248 conse-

2025 3292 2177 3339 crata
2199 3293 2329 3339 sunt
2352 3286 2654 3341 electorum
2683 3286 2927 3339 virorum
2954 3285 3097 3339 dona
3129 3303 3140 3337 :
3168 3285 3267 3353 ipsi
3296 3284 3445 3339 enim
3474 3284 3607 3338 olfe-

2026 3386 2176 3441 runt,
2202 3392 2309 3431 non
2339 3377 2468 3442 alio,
2492 3377 2585 3447 qui
2613 3375 2863 3446 accipiat,
2889 3375 3239 3445 interposito;
3265 3375 3410 3445 quod
3428 3374 3605 3445 ipsum

2026 3467 2174 3524 beati
2203 3468 2281 3523 illi
2306 3468 2560 3538 discipuli
2588 3467 2867 3534 fecerunt;
2901 3467 3110 3523 faciunt
3138 3468 3303 3525 etiam
3335 3468 3441 3522 hoc
3474 3477 3609 3522 tem-

2025 3574 2159 3629 pore
2190 3558 2517 3629 populorum
2551 3558 2844 3628 principes,
2879 3559 2973 3627 qui
3014 3568 3298 3628 susceptos
3331 3558 3386 3612 in
3423 3558 3607 3614 divina

2027 3650 2414 3720 praedicatione
2461 3649 2681 3705 labores
2728 3651 2878 3703 velut
2919 3649 3124 3705 donum
3164 3648 3437 3718 quoddam
3479 3665 3607 3719 pro—

2026 3742 2207 3812 prium
2239 3741 2461 3799 Christo
2499 3742 2776 3797 dedicant.
2811 3742 2903 3796 [lla
2934 3758 3100 3812 porro
3141 3743 3310 3796 altera
3349 3743 3608 3811 probato~

2028 3853 2151 3890 rum
2194 3837 2478 3891 hominum
2528 3835 2843 3901 multitudo,
2884 3835 3045 3889 offert
3089 3834 3312 3904 quidem
3361 3835 3506 3889 dona
3553 3835 3609 3889 in

2027 3928 2231 3981 Christi
2264 3928 2512 3998 gloriam,
2546 3943 2655 3982 non
2692 3936 2875 3983 tamen
2913 3928 3019 3982 nisi
3064 3944 3162 3998 per
3205 3937 3424 3983 sanctos
3460 3927 3612 3983 viros

2028 4020 2401 4089 interpositos,
2433 4020 2527 4089 qui
2558 4036 2656 4091 per
2691 4035 2899 4075 sacram
2942 4020 3143 4075 tribum
3179 4020 3560 4091 intelliguntur
3592 4040 3605 4072 :

2028 4113 2234 4167 dictum
2281 4128 2518 4182 namque
2558 4121 2642 4166 est
2674 4131 2686 4165 :
2729 4132 2745 4163 ι
2782 4112 2967 4169 Genus
3008 4114 3264 4178 electum,
3298 4112 3477 4183 regale
3520 4127 3609 4165 sa-

2028 4203 2333 4257 cerdotium
2368 4203 2430 4257 ὀ.
2474 4224 2492 4255 ι
2548 4203 2719 4273 lgitur
2767 4212 3079 4259 sanctorum
3134 4204 3380 4259 virorum
3433 4204 3608 4258 inter-

2023 4295 2173 4364 jectu
2232 4293 2525 4348 exhibetur
2581 4292 2806 4362 quidem
2865 4293 2935 4346 ab
2994 4291 3355 4346 offerentibus
3408 4290 3502 4345 illa
3551 4290 3625 4345 in.

2029 4385 2200 4438 Deum
2250 4383 2563 4438 reverentia
2610 4399 2671 4439 ac
2717 4384 3034 4448 veneratio;
3081 4398 3193 4437 non
3235 4390 3417 4436 tamen
3458 4382 3608 4453 ejus-

2030 4475 2175 4529 modi
2213 4475 2416 4543 donum
2447 4476 2516 4529 ab
2548 4475 2614 4529 iis
2642 4475 2891 4539 offertur,
2927 4475 3072 4545 quod
3104 4475 3324 4545 proprie
3351 4475 3419 4530 ad
3447 4473 3608 4530 Chri-

2030 4568 2098 4622 sti
2148 4583 2437 4638 personam
2492 4567 2737 4637 proxime
2790 4568 3076 4636 pertineat.
3131 4568 3409 4639 Ejusmodi
3475 4568 3610 4623 illud

2029 4657 2166 4723 fuit,
2210 4657 2358 4728 quod
2404 4656 2621 4712 eﬂicere
2668 4658 2961 4713 studebant
3008 4659 3045 4713 ii
3097 4660 3190 4729 qui
3237 4660 3490 4715 collectas
3530 4660 3612 4716 sic

358 4751 614 4823 ἀνάθημα
639 4753 716 4821 τῷ
744 4751 882 4823 Θεῷ,
913 4752 1020 4804 τῶν
1047 4749 1503 4822 ὲκπρεπεστέρων
1531 4750 1599 4823 τὰ
1633 4750 1804 4820 δῶρα·
1839 4751 1920 4805 διὰ

2034 4762 2149 4807 tum
2206 4752 2505 4822 appellatas
2553 4751 2927 4816 conferebant,
2967 4759 3023 4807 et
3074 4753 3375 4809 ministeria
3427 4756 3609 4813 mitte-

364 4822 545 4912 μέσων
566 4845 609 4897 δ’
641 4822 1047 4915 ὥσπερὰγίων,
1079 4844 1174 4896 καὶ
1199 4841 1273 4906 ὡς
1304 4844 1362 4896 έν
1383 4822 1610 4912 δευτέρᾳ
1630 4841 1800 4905 τάξει,
1836 4841 1932 4895 καὶ

360 4936 523 5006 ἡτῶν
564 4935 987 5007 ὑποδεεστέρων.
1020 4937 1131 4988 Καὶ
1177 4937 1225 4988 οἱ
1260 4934 1358 5005 μὲν
1391 4934 1499 4988 ἀπὸ
1554 4933 1928 4987 πεντακοσίων

362 5027 488 5095 μίαν
530 5026 867 5099 προσάγουσι
906 5026 1103 5097 ψυχὴν,
1144 5028 1189 5078 οἱ
1220 5026 1277 5078 δὲ
1316 5023 1422 5078 ἀπὸ
1461 5026 1832 5095 πεντήκοντα·
1875 5026 1932 5077 έν

358 5117 603 5172 ἐλάττοσι
628 5117 736 5188 γὰρ
761 5118 1038 5188 ὀφλήμασι
1072 5118 1133 5170 τὸ
1162 5119 1504 5189 εὐδοκιμοῦν,
1523 5118 1602 5171 διὸ
1634 5118 1728 5172 καὶ
1765 5119 1931 5188 μείων

359 5213 392 5280 ἡ
426 5210 733 5282 προσφορά”
757 5213 812 5265 ὲν
837 5211 1015 5282 πολλῷ
1038 5212 1093 5265 δὲ
1132 5211 1342 5264 πλείοσι
1376 5212 1435 5265 τὸ
1460 5210 1705 5279 ὐποδεὲς,
1738 5212 1819 5265 διὸ
1838 5211 1927 5265 καὶ

360 5304 417 5353 ἐν
455 5302 675 5372 ἀριθμῷ
723 5302 925 5356 πλείονι
958 5301 1024 5356 τὰ
1052 5303 1531 5374 προσκομιζόμενα
1562 5305 1691 5374 παρ’
1728 5305 1928 5371 αὐτῶν,

360 5394 636 5464 ἀναλόγως
677 5399 787 5458 τοῖς
837 5396 1065 5451 ἑκάστου
1101 5397 1424 5467 πταίσμασι,
1455 5398 1524 5450 τὰ
1564 5398 1703 5469 ὑπὲρ
1752 5398 1932 5451 αὐτῶν

371 5486 735 5557 προσφέρεται
760 5502 773 5515 ⁸
818 5506 835 5538 ι
870 5481 940 5557 ’ᾫ
966 5487 1074 5556 γὰρ
1104 5487 1283 5539 πλεῖον
1330 5489 1687 5558 ἀφεθήσεται,
1719 5508 1733 5538 ι
1772 5491 1927 5558 φησὶ,

370 5595 387 5625 ι
413 5576 591 5630 πλεῖον
615 5578 912 5648 ἀγαπήσειο
940 5578 1035 5630 καὶ
1056 5571 1098 5645 ᾧ
1124 5578 1180 5629 τὸ
1203 5579 1418 5632 ἔλαττον
1440 5581 1676 5649 ἀφίεται,
1713 5580 1930 5633 ἔλαττον

364 5670 662 5740 ἀγαπήσει.
703 5690 719 5721 ι
751 5672 1165 5724 Δεκαπλασίονα
1205 5672 1492 5741 τοιγαροῦν
1563 5673 1929 5743 προσφέρουσι

469 5856 488 5888 ⁹
531 5854 716 5909 Matth.
749 5871 833 5918 χλ,
869 5853 946 5904 lli.

2036 4846 2169 4900 bant
2206 4844 2410 4900 sanctis
2440 4844 2534 4913 qui
2577 4856 2737 4897 erant
2776 4843 2828 4897 in
2859 4844 3157 4900 Jerusalem
3179 4888 3193 4911 ,
3240 4848 3327 4902 vel
3361 4864 3610 4918 quocun-

2035 4954 2141 5008 que
2180 4938 2286 4992 alio
2323 4936 2572 5006 obsequii
2613 4953 2812 5007 genere
2859 4938 3108 4994 homines
3145 4940 3364 4996 Christo
3403 4943 3614 4999 dicatos

2035 5030 2361 5085 recreabant
2392 5030 2454 5082 “.
2509 5030 2650 5099 Ergo
2703 5029 2922 5085 Christo
2976 5033 3198 5102 proprie
3256 5034 3434 5089 dicata
3483 5048 3613 5091 sunt

2035 5121 2477 5191 praestantiorum
2535 5121 2818 5176 hominum
2869 5124 3059 5178 dona:
3108 5125 3201 5178 sed
3253 5126 3342 5178 illa
3394 5141 3611 5194 quoque

2039 5213 2362 5267 inferiorum
2403 5213 2609 5268 oblatio
2650 5231 2749 5284 per
2788 5226 3003 5270 sanctos
3037 5216 3207 5269 veluti
3243 5232 3342 5284 per
3375 5216 3610 5271 mediam

2036 5321 2259 5360 manum
2311 5305 2378 5360 ad
2429 5308 2683 5363 eumdem
2722 5308 2979 5376 pertinet,
3016 5322 3079 5360 ac
3129 5307 3306 5360 locum
3343 5309 3608 5377 quodam-

2037 5400 2200 5453 modo
2254 5399 2553 5453 secundum
2609 5406 2774 5451 tenet.
2828 5399 3095 5452 Praeterea
3147 5396 3224 5450 illi
3277 5398 3497 5467 quidem
3544 5418 3609 5456 ex

2035 5485 2369 5555 quingentis,
2403 5486 2457 5539 hi
2491 5502 2620 5539 vero
2657 5502 2723 5539 ex
2754 5484 3143 5553 quinquaginta
3180 5503 3342 5541 unam
3375 5492 3607 5546 animam

2035 5577 2273 5631 offerunt
2308 5595 2318 5628 :
2354 5578 2535 5631 minus
2568 5577 2768 5645 quippe
2808 5576 3007 5629 debent
3053 5576 3129 5630 illi
3162 5583 3607 5647 przestantiures;

2035 5669 2268 5736 ideoque
2300 5670 2479 5723 minor
2509 5679 2589 5724 est
2620 5683 2810 5722 eorum
2842 5667 3044 5723 oblatio
3081 5688 3091 5720 :
3129 5679 3184 5726 at
3219 5690 3348 5728 vero
3382 5674 3606 5727 infcriu~

1032 5853 1069 5881 ιο
1101 5852 1284 5910 ll’etr.
1312 5866 1365 5913 ιι,
1390 5853 1441 5905 ‘J.
1489 5855 1527 5883 ”
1552 5854 1710 5907 Num.
1739 5868 1821 5916 λγ,
1851 5852 1865 5903 ί
1897 5868 1920 5904 5

2022 5865 2084 5918 s_.;
2116 5851 2336 5915 Aetii,
2368 5853 2447 5917 l7;
2482 5855 2517 5907 ll
2551 5856 2673 5903 Clear.
2699 5871 2768 5917 I‘.
2807 5855 2821 5905 ί
2860 5870 3011 5923 Si“l'l-
