4082 6304
476 399 580 454 33’)

1472 399 1526 452 S.
1569 399 1841 454 CYRILLI
1879 399 2348 456 ALEXANDRINI
2387 401 2704 463 ARCHlEP.

3627 397 3732 452 540

473 539 563 578 res
596 521 674 576 illi
703 521 861 591 longe
890 519 1046 588 plura
1085 519 1288 574 debent
1325 537 1337 572 :
1374 535 1484 590 quo
1517 521 1578 576 ﬁt
1625 530 1684 576 ut
1717 523 1872 592 plura
1908 537 2025 592 quo

2154 523 2304 594 παρὰ
2335 527 2462 587 τοὺς
2492 525 2918 597 ἐξειλεγμένους,
2948 525 2996 578 οἰ
3018 525 3092 596 μὴ
3127 522 3247 576 κατ’
3277 522 3496 587 αὐτοὺς,
3519 522 3618 594 οὐχ
3655 523 3732 586 ὡς

468 627 574 682 que
602 611 712 666 sint
741 625 970 665 numero
1021 626 1142 681 qua:
1173 611 1243 665 ab
1276 612 1384 666 illis
1414 611 1749 678 oﬂ‘eruntur;
1779 615 2049 683 siquidem

465 719 568 774 pro
607 705 873 774 cujusque
908 702 1242 758 oll‘ensarum
1282 703 1493 760 ratione
1528 703 1668 760 dona
1697 720 1916 773 quoque
1948 720 2049 774 pro

465 795 659 850 iisdem
685 796 1025 852 offeruntur:
1055 815 1072 846 ι
1103 795 1204 850 Cui
1232 796 1378 850 enim
1409 797 1532 866 plus
1559 797 1876 862 dimittitur,
1915 817 1931 848 ι
1961 798 2046 851 in-

462 887 604 956 quit,
642 908 660 940 ι
694 888 818 958 plus
846 888 1066 959 diliget;
1097 899 1154 944 et
1176 891 1265 944 cui
1297 889 1478 945 minus
1504 890 1824 956 dimittitur,
1858 892 2042 946 minus

461 981 652 1052 diliget
691 983 753 1036 ¹³.
801 1001 820 1034 ι
891 984 1050 1053 129
1097 985 1293 1040 Decem
1357 985 1524 1056 igitur
1583 985 1830 1055 partibus
1884 986 2036 1056 plura

461 1089 626 1141 quam
662 1073 740 1128 illi
779 1075 966 1130 selecti
999 1077 1240 1131 offerunt
1285 1079 1321 1131 ii
1376 1077 1468 1146 qui
1498 1076 1722 1131 minime
1764 1084 1893 1130 sunt
1935 1075 2042 1129 illis

458 1165 665 1221 virtute
697 1183 892 1237 pares:
925 1185 1034 1223 non
1063 1169 1210 1239 quod
1229 1169 1596 1240 religiosiores
1629 1168 1759 1231 sint,
1792 1165 2041 1221 laudabi—

459 1255 676 1329 liusque
718 1261 926 1326 vivant,
964 1262 1058 1316 sed
1106 1262 1252 1332 quod
1304 1261 1478 1317 multo
1524 1259 1774 1331 pluribus
1826 1257 2042 1312 delictis

2153 617 2532 689 εὐλαϐέστεροι
2591 618 2684 671 καὶ
2738 619 2936 683 ζῶντες
2985 615 3428 687 ἐπιεικέστερον,
3487 613 3603 668 ἀλλ’
3653 614 3730 678 ὼς

2152 706 2331 776 πολλῷ
2361 707 2604 761 πλείοσιν
2627 709 2935 780 ἐνεχόμενοι
2954 706 3280 778 πταίσμασι,
3303 707 3400 760 καὶ
3417 705 3732 760 πολλαπλαο

2151 797 2324 860 σίονος
2347 798 2652 866 ἀναγκαίας
2679 799 2922 868 δεόμενοι
2955 797 3048 852 τοῦ
3091 794 3458 868 καθαρισμοῦ.
3497 796 3588 859 Ὠς
3618 795 3730 867 γὰρ

2147 888 2367 958 εἴρηκεν
2393 892 2421 942 ὁ
2459 891 2684 962 Σωτήρ·
2722 910 2741 943 ι
2791 892 2848 944 '0
2885 890 3206 961 λελουμένος
3261 891 3324 943 οὐ
3363 887 3553 958 χρείαν
3589 889 3728 957 ἔχει,

2147 982 2194 1032 εἰ
2225 980 2299 1052 μὴ
2322 981 2449 1046 τοὺς
2473 983 2640 1046 πόδας
2665 983 2942 1054 νίψασθαι,
2977 982 3092 1037 ἀλλ’
3121 982 3237 1036 ἐστι
3257 981 3497 1052 καθαρὸς
3526 980 3664 1044 ὅλος.
3701 998 3722 1032 ›

2149 1073 2530 1144 Σμικροτάτης
2561 1075 2618 1128 δὲ
2663 1077 2856 1147 κομιδῇ
2883 1079 2996 1139 τοῖς
3041 1075 3218 1144 ἁγίοις
3254 1073 3577 1143 καθάρσεως
3612 1071 3723 1124 δεῖο

2147 1166 2294 1216 νοσεῖ
2318 1165 2426 1236 γὰρ
2467 1167 2500 1236 ή
2533 1166 2712 1236 φύσις,
2756 1168 2816 1221 τὸ
2857 1167 2932 1240 μὴ
2963 1166 3224 1222 δύνασθαι
3255 1163 3538 1226 παντελῶς
3569 1163 3728 1234 ἀμοιν
3831 1237 3838 1240 _

2149 1259 2262 1327 ρεῖν
2301 1259 2592 1330 ἁμαρτίας.

459 1356 685 1411 obnoxii
720 1365 1030 1422 teneantur,
1079 1358 1296 1426 illisque
1339 1357 1500 1426 longe
1551 1355 1756 1426 majore
1783 1352 2106 1424 purgatione
2145 1351 2217 1406 sit
2253 1367 2410 1422 opus.
2461 1354 2531 1409 llt
2575 1356 2723 1410 enim
2772 1356 2850 1410 ait
2888 1354 3135 1410 Salvator
3170 1373 3183 1408 ι
3223 1373 3241 1405 ι
3279 1353 3384 1420 Qui
3438 1353 3584 1408 lotus
3617 1357 3723 1415 est,

459 1465 570 1505 non
613 1449 821 1520 indiget
863 1450 968 1504 nisi
1017 1457 1078 1504 ut
1119 1451 1288 1521 pedes
1325 1451 1502 1514 lavet;
1541 1449 1636 1503 sed
1676 1456 1762 1503 est
1795 1443 2034 1501 mundus
2070 1450 2220 1498 totus
2247 1445 2310 1500 ¹³.
2347 1467 2364 1498 ι
2401 1447 2608 1518 Exigua
2671 1464 2834 1518 porro
2894 1447 3218 1518 purgatione
3246 1445 3448 1501 sanctis
3478 1444 3612 1500 viris
3640 1454 3728 1500 est

457 1560 632 1616 opus;
663 1544 876 1600 laborat
911 1545 1060 1600 enim
1092 1561 1159 1602 eo
1191 1545 1385 1601 morbo
1424 1543 1711 1600 hominum
1753 1547 1969 1604 natura,
2005 1541 2068 1590 ut
2099 1538 2308 1605 peccati
2338 1555 2536 1610 expers
2561 1557 2682 1597 esse
2707 1542 2932 1597 omnino
2962 1556 3072 1595 non
3106 1538 3298 1609 possit.

527 1636 726 1692 PALL.
768 1637 940 1693 Recte
973 1637 1074 1692 ais.
1149 1639 1156 1644 ’

525 1728 685 1784 CYR.
727 1729 810 1784 llli
844 1731 1010 1801 igitur
1053 1747 1085 1786 e
1125 1731 1384 1786 tribubus
1427 1730 1553 1785 lecti
1589 1728 1694 1783 viri
1731 1723 1934 1781 divinis
1959 1721 2042 1776 le-

455 1819 618 1890 gibus
665 1820 944 1885 obsecuti,
991 1837 1116 1876 cum
1166 1829 1280 1876 tota
1325 1836 1594 1893 synagoga
1633 1817 1762 1873 belli
1800 1813 2043 1887 praedam

455 1909 642 1979 partiti
673 1918 822 1975 sunt,
853 1910 1266 1980 oblationesque
1308 1912 1421 1965 Deo
1453 1909 1794 1972 obtulerunt,
1826 1913 1888 1960 ut
1923 1904 2042 1974 lege

455 2000 816 2056 constitutum
842 2011 960 2056 erat
987 2020 998 2055 :
1031 2011 1086 2057 at
1120 2018 1250 2057 vero
1279 2001 1608 2056 selectorum
1633 1999 1823 2063 duces,
1854 2006 1916 2053 ut
1945 1995 2041 2067 qui

454 2093 627 2160 gloria
682 2109 846 2163 quam
885 2095 1066 2148 caeteri
1101 2102 1286 2150 essent
1321 2092 1668 2156 illustriores,
1705 2091 1866 2146 donis
1898 2103 2038 2160 quo-

453 2200 562 2253 que
612 2187 1090 2254 praestantioribus
1132 2189 1304 2242 Deum
1356 2196 1708 2243 venerantur.
1756 2183 1848 2239 Sic
1889 2182 2036 2238 enim

453 2275 650 2332 scribit
687 2294 880 2334 rursus
914 2296 927 2334 :
966 2299 984 2330 ι
1020 2281 1088 2334 Ει
1117 2288 1468 2334 accesserunt
1495 2279 1563 2334 ad
1595 2278 1815 2348 Moysen
1847 2289 2039 2329 omnes

451 2367 737 2423 constituti
797 2371 854 2423 in
917 2370 1202 2425 tribunatu
1261 2371 1568 2433 exercitus,
1629 2365 1922 2422 millenarii
1981 2371 2038 2419 et

449 2460 841 2526 centuriones,
898 2469 955 2517 et
1013 2463 1273 2518 dixerunt
1325 2463 1394 2518 ad
1452 2463 1722 2535 Moysen:
1761 2461 1914 2516 Servi
1957 2457 2034 2513 tui

449 2559 782 2618 acceperunt
808 2567 1076 2607 summam
1101 2554 1350 2608 virorum
1389 2553 1714 2608 bellatorum
1763 2551 1858 2622 qui
1888 2549 2033 2620 apud

449 2655 554 2694 nos
581 2650 730 2706 sunt,
761 2651 818 2696 et
851 2659 961 2697 non
989 2643 1164 2698 defuit
1196 2644 1266 2698 ab
1298 2644 1407 2698 illis
1439 2660 1508 2699 ne
1537 2660 1680 2699 unus
1710 2643 1953 2713 quidem,
1977 2649 2034 2696 et

448 2732 755 2789 obtulimus
801 2734 1008 2788 donum
1058 2735 1321 2800 Domino,
1373 2736 1460 2789 vir
1513 2735 1608 2806 qui
1680 2734 1892 2789 invenit
1937 2749 2032 2790 vas

447 2838 700 2890 aureum,
730 2833 787 2880 et
811 2827 1154 2881 murenulam
1183 2836 1239 2882 et
1268 2827 1556 2892 armillam,
1589 2835 1646 2882 et
1674 2827 1941 2891 dextrale,
1975 2834 2032 2881 et

448 2926 721 2986 torquem,
771 2926 832 2972 ut
877 2918 950 2972 sit
992 2919 1308 2988 propitiatio
1344 2935 1445 2989 pro
1491 2919 1650 2975 nobis
1691 2935 1876 2975 coram
1919 2919 2028 2974 Do-

446 3007 615 3063 mino.
646 3009 715 3064 Et
743 3011 956 3080 accepit
982 3011 1192 3083 Moyses
1215 3019 1271 3066 et
1298 3011 1522 3066 Eleazar
1549 3011 1806 3068 sacerdos
1829 3027 2027 3067 aurum

444 3099 516 3155 ab
550 3100 679 3167 illis,
713 3118 876 3158 omne
920 3118 1016 3158 vas
1065 3103 1428 3168 elaboratum,
1470 3113 1526 3160 et
1571 3103 1676 3158 fuit
1723 3118 1884 3158 omne
1925 3119 2027 3158 au-

445 3207 567 3246 rum
627 3193 933 3264 segregatio
975 3209 1139 3264 quam
1188 3203 1614 3267 segregaverunt
1644 3193 1896 3260 Domino,
1932 3209 2029 3248 sex

443 3291 502 3337 et
530 3281 720 3339 decem
757 3285 928 3342 millia
949 3295 1006 3342 et
1031 3285 1359 3356 septingenti
1394 3283 1792 3356 quinquaginta
1821 3282 1964 3348 sicli,
1995 3297 2028 3337 a

444 3375 684 3432 tribunis
709 3385 764 3432 et
792 3394 821 3432 a
849 3378 1267 3432 centurionibus
1297 3396 1310 3431 :
1343 3386 1401 3432 et
1426 3378 1532 3432 viri
1562 3377 1858 3432 bellatores
1885 3391 2027 3446 pra:-

443 3466 557 3521 dati
593 3474 722 3522 sunt
754 3467 987 3537 quilibet
1027 3467 1152 3522 sibi.
1195 3468 1263 3522 Et
1293 3468 1506 3538 accepit
1537 3468 1748 3540 Moyses
1779 3477 1836 3522 et
1860 3468 2025 3523 Elea-

440 3574 535 3612 zar
561 3559 820 3612 sacerdos
851 3574 1044 3612 aurum
1086 3574 1118 3612 a
1157 3558 1396 3615 tribunis
1426 3569 1483 3615 et
1513 3576 1543 3614 a
1584 3559 2020 3624 centurionibus,

441 3657 497 3702 et
525 3649 830 3706 intulerunt
855 3666 918 3706 ea
947 3652 1002 3705 in
1033 3651 1451 3708 tabernaculum
1478 3643 1780 3707 testimonii
1809 3667 2021 3708 memo-

437 3741 573 3794 riale
625 3740 862 3796 filiorum
922 3742 1086 3797 Israel
1148 3759 1332 3798 coram
1390 3743 1623 3799 Domino
1653 3746 1716 3797 “.
1765 3762 1783 3796 ι
1849 3743 2022 3798 Audis

435 3850 601 3904 quam
631 3834 924 3906 diligenter
956 3835 1034 3890 ait
1061 3837 1362 3890 recensitos
1395 3852 1516 3891 esse
1555 3843 1908 3906 pugnatores,
1943 3834 2019 3889 ita

435 3935 500 3981 ut
535 3941 698 3980 nemo
733 3927 993 3993 abfuerit,
1037 3927 1171 3997 quin
1207 3928 1435 3992 donum,
1467 3935 1529 3982 ut
1566 3929 1678 3982 Deo
1717 3927 2016 3997 placuerat,

431 4019 702 4074 afferret?
737 4019 1048 4089 Sequoque
1092 4019 1444 4073 constituisse
1498 4018 1754 4088 inquiunt
1817 4017 2017 4072 offerre

431 4111 666 4167 Domino
689 4112 854 4168 etiam
884 4129 1006 4183 quae
1034 4113 1146 4179 ille,
1178 4123 1236 4167 ut
1264 4112 1618 4174 offerrentur,
1645 4109 1870 4164 minime
1903 4111 2020 4179 jus-

429 4205 612 4270 sisset,
650 4205 1016 4272 murenulam,
1053 4205 1299 4275 inquam,
1331 4211 1386 4257 et
1417 4201 1708 4266 armillam,
1741 4208 1798 4256 et
1835 4215 2014 4254 annu-

427 4299 566 4365 lum,
602 4308 659 4354 et
690 4307 1014 4354 ornamenta
1043 4307 1238 4352 caetera
1271 4312 1336 4350 ex
1367 4308 1502 4350 auro
1533 4292 1850 4348 fabrefacta.
1883 4293 2011 4348 Jus-
2045 4328 2088 4382 Β

426 4397 576 4445 serat
621 4389 770 4444 enim
809 4389 1089 4461 legislator
1139 4395 1199 4442 ut
1241 4387 1310 4441 ab
1349 4384 1666 4441 hominibus
1693 4393 1750 4440 et
1781 4400 1812 4438 a
1840 4399 2006 4454 peco-

425 4481 582 4536 ribus
621 4481 765 4536 dona
813 4481 1079 4552 legerent,
1119 4480 1277 4550 130
1325 4493 1498 4548 eaque
1528 4477 1662 4548 jam,
1710 4484 1774 4532 ut
1818 4475 2008 4530 divino

423 4573 747 4643 cmlestique
790 4581 1064 4642 praecepto
1095 4573 1308 4642 jussum
1348 4569 1546 4634 fuerat,
1576 4569 1760 4624 oblata
1798 4575 1959 4623 erant
1990 4585 2004 4619 :

423 4667 520 4720 sed
551 4681 616 4721 ex
645 4665 713 4720 iis
739 4673 1004 4735 praeterea
1031 4680 1154 4734 quae
1189 4680 1252 4718 ex
1294 4662 1476 4733 praeda
1529 4662 1801 4732 praecipua
1834 4659 2006 4715 habe-

425 4755 578 4819 bant,
625 4754 933 4808 voluntaria
979 4753 1122 4807 dona
1169 4752 1412 4808 offerunt
1454 4755 1724 4806 lectorum
1769 4748 2006 4804 militum

424 4846 614 4908 duces,
645 4842 1133 4912 praescriptumque
1163 4843 1297 4912 legis
1326 4843 1620 4898 terminum
1653 4840 2006 4911 magniﬁcen-

424 4937 498 4992 tia
537 4934 786 4990 vincunt.
831 4933 1019 5001 Itaque
1064 4948 1188 4985 cum
1237 4933 1579 5004 accepissent
1613 4949 1675 4988 ea
1715 4932 1926 5003 Moyses
1949 4939 2006 4986 et

418 5031 626 5089 Aaron,
658 5023 966 5080 intulerunt
991 5021 1047 5076 in
1077 5029 1323 5077 sanctum
1360 5025 1798 5089 tabernaculum,
1829 5038 2004 5094 eaque

421 5118 706 5174 recondita
735 5122 1181 5175 utmonumenta
1215 5123 1400 5169 essent
1426 5123 1553 5170 ante
1584 5114 1874 5170 Dominum
1905 5129 2005 5168 cu-

421 5218 713 5278 raverunt;
749 5208 844 5280 qui
879 5205 1028 5265 enim
1060 5205 1278 5276 populis
1311 5205 1551 5276 prafecti
1585 5214 1735 5271 sunt,
1765 5215 1822 5262 et
1850 5208 2009 5277 prin-

423 5302 574 5374 cipes
616 5303 924 5366 constituti,
967 5298 1360 5359 illustrioribus
1401 5305 1564 5367 atque
1614 5298 2009 5370 insignioribus

424 5394 586 5450 donis
621 5396 794 5450 Deum
832 5395 1126 5457 honorant,
1162 5391 1596 5458 varietatemque
1640 5389 1862 5446 virtutis
1888 5393 2006 5447 vel-

424 5495 487 5541 ut
527 5496 911 5541 ornamentum
951 5485 1227 5556 quoddam
1279 5483 1360 5538 illi
1409 5480 1653 5536 offerunt
1696 5469 1860 5550 atque
1919 5483 2006 5537 di-

423 5587 551 5635 cant
583 5595 596 5630 :
632 5593 865 5646 cumque
905 5578 1080 5648 ipsum
1124 5577 1260 5648 legis
1296 5575 1519 5631 modum
1563 5573 1892 5639 transiliant,
1931 5575 1996 5629 il-

425 5669 739 5730 lustriorem
773 5668 988 5724 Iaudem
1017 5677 1448 5740 consequuntur.

503 5856 540 5886 ίε
575 5854 703 5909 Luc.
737 5870 827 5914 vn.
858 5855 944 5907 57.

2069 1634 2112 1690 B
2217 1631 2422 1686 ﬂAAA.
2451 1628 2522 1686 Εὖ
2553 1633 2754 1702 λέγεις.

2219 1725 2382 1780 ΚΥΡ.
2414 1727 2477 1780 Οί
2509 1727 2607 1797 μὲν
2629 1724 2724 1782 οὖν
2751 1728 3039 1783 ἀπόλεκτοι
3067 1725 3180 1780 τῶν
3207 1724 3391 1796 φυλῶν
3415 1726 3526 1788 τοῖς
3559 1722 3726 1786 θείοις

2146 1815 2383 1880 εἴκοντες
2426 1818 2634 1888 νόμοις,
2683 1819 3097 1892 διεμοιρήσαντο
3145 1819 3214 1873 τά
3243 1820 3308 1872 ὲκ
3343 1817 3438 1872 τοῦ
3485 1815 3724 1886 πολέμου

2148 1908 2284 1980 πρὸς
2324 1911 2505 1964 πᾶσαν
2537 1911 2636 1982 τὴν
2687 1911 3030 1984 συναγωγὴν,
3069 1913 3163 1966 καὶ
3207 1911 3621 1982 προσαγηόχασι
3651 1907 3724 1964 τὰ

2143 2002 2290 2075 δῶρα
2317 2005 2509 2076 Κυρίῳ
2546 2005 2690 2059 κατὰ
2716 2005 2813 2078 τὴν
2855 2007 2951 2061 τοῦ
2987 2009 3155 2078 νόμου
3191 2003 3442 2070 σύνταξιν
3463 2021 3478 2035 ο
3520 2001 3727 2072 ἀναθή-

2146 2113 2280 2166 μασι
2307 2095 2364 2150 δὲ
2397 2099 2511 2161 τοῖς
2529 2099 2990 2171 εὐπρεπεστέροις
3020 2097 3484 2170 καταγεραίρουσι
3515 2093 3647 2148 Θεὸν
3669 2094 3721 2146 oi

2139 2186 2249 2242 τῶν
2294 2188 2608 2242 ἀπολέκτων
2662 2189 2980 2260 ἡγούμενοι,
3027 2189 3104 2254 ὡς
3158 2189 3252 2242 καί
3304 2185 3722 2258 ἐμφανεστέραν

2140 2277 2354 2348 ἔχοντες
2391 2277 2424 2349 ἧ
2478 2278 2598 2333 κατ’
2650 2279 2847 2344 αὐτοὺς
2885 2279 2983 2350 τὴν
3020 2279 3198 2346 δόξαν.
3235 2277 3442 2350 Γράφει
3476 2275 3585 2345 γὰρ
3613 2267 3720 2328 ὧδε

2139 2366 2302 2420 πάλιν
2323 2385 2337 2398 ο
2371 2385 2390 2419 ι
2433 2368 2543 2422 Καὶ
2585 2369 2891 2440 προσῆλθον
2909 2371 3082 2440 Μωσῇ
3115 2368 3318 2431 πάντες
3353 2367 3403 2419 οἰ
3449 2365 3720 2420 καθεσταη

2139 2459 2292 2527 μένοι
2315 2460 2393 2524 εἰς
2423 2460 2522 2523 τὰς
2545 2460 2624 2530 χι)
2638 2460 2856 2531 ιαρχίας
2875 2462 2973 2532 τῆς
3003 2461 3306 2532 δυνάμεως,
3329 2459 3600 2531 χιλίαρχοι
3619 2459 3718 2512 καὶ

2135 2551 2544 2622 ἑκατόνταρχοι,
2573 2555 2669 2606 καὶ
2692 2549 2853 2608 εἶπαν
2877 2554 3013 2626 πρὸς
3045 2555 3250 2625 Μωσῆν
3273 2571 3286 2584 ·
3311 2555 3374 2607 Οί
3404 2552 3593 2616 παῖδές
3616 2569 3715 2606 σου

2135 2641 2391 2712 εἰλήφασι
2417 2643 2477 2696 τὸ
2503 2643 2798 2712 κεφάλαιον
2836 2643 2947 2697 τῶν
2983 2643 3191 2716 ἀνδρῶν
3220 2643 3328 2696 τῶν
3371 2641 3717 2712 πολεμιστῶν

2132 2731 2243 2785 τῶν
2267 2733 2399 2805 παρ’
2433 2736 2590 2805 ἡμῖν,
2622 2737 2716 2788 καὶ
2748 2736 2808 2789 ού
2829 2736 3244 2807 διαπεφώνηκεν
3266 2734 3360 2789 ἀπ’
3379 2734 3560 2790 αὐτῶν
3587 2732 3713 2786 οὐδὲ

2133 2818 2234 2888 εἷς,
2269 2823 2366 2878 καὶ
2415 2827 2892 2898 προσενηνόχαμεν
2923 2828 2986 2880 τὸ
3013 2827 3187 2899 δῶρον
3221 2825 3435 2898 Κυρίῳ,
3485 2823 3622 2896 ἀνὴρ
3649 2823 3713 2888 ὃς

2132 2910 2258 2988 εὗρε
2300 2916 2494 2981 σκεῦος
2531 2918 2788 2990 χρυσοῦν,
2815 2920 2911 2974 καὶ
2943 2919 3195 2991 χλιδῶνα,
3235 2917 3331 2971 καὶ
3352 2917 3590 2986 ψέλλιον,
3614 2915 3714 2969 καὶ

2131 3009 2440 3075 δακτύλιον,
2461 3011 2557 3064 καὶ
2571 3009 2895 3082 περιδέξιον,
2921 3013 3018 3065 καὶ
3035 3010 3330 3082 έμπλόκιον
3351 3007 3712 3076 ἐξιλάσασθαι

2131 3102 2262 3173 περὶ
2291 3101 2448 3174 ἡμῶν
2499 3103 2682 3157 ἔναντι
2737 3103 2964 3176 Κυρίου.
3009 3104 3121 3159 Καὶ
3173 3103 3332 3158 ἔλασε
3376 3103 3582 3173 Μωσῆς
3613 3101 3712 3156 καὶ

2141 3193 2406 3266 Ἐλεάζαρ
2436 3195 2465 3248 ό
2495 3196 2673 3267 ἰερεὺς
2691 3196 2752 3249 τὸ
2781 3196 3001 3266 χρυσίον
3026 3197 3158 3267 παρ’
3178 3195 3356 3250 αὐτῶν
3380 3196 3488 3250 πᾶν
3513 3192 3711 3258 σκεῦος

2126 3287 2519 3360 εἰργασμένον·
2557 3289 2648 3344 καὶ
2683 3289 2900 3358 ἐγένετο
2939 3290 3046 3354 πᾶν
3077 3289 3139 3342 τὸ
3168 3289 3393 3360 χρυσίον
3435 3287 3498 3341 τὸ
3539 3285 3710 3356 ἀφαί-

2133 3396 2272 3450 ρεμα
2303 3380 2331 3433 ὃ
2353 3379 2572 3450 ἀφεῖλον
2596 3381 2785 3452 Κυρίῳ
2809 3380 3102 3436 ἑκκαίδεκα
3137 3380 3370 3450 χιλιάδες
3401 3380 3494 3434 καὶ
3533 3381 3708 3432 έπτα-

2127 3471 2296 3525 κόσιοι
2335 3473 2428 3526 καὶ
2459 3452 2796 3544 πεῧτήκοντα
2842 3473 3015 3528 σίκλοι
3062 3471 3214 3542 παρὰ
3253 3472 3362 3524 τῶν
3409 3471 3710 3542 χιλιάρχων

2127 3563 2221 3616 καὶ
2261 3563 2410 3635 παρά
2437 3564 2546 3616 τῶν
2577 3565 3010 3636 ἑκατοντάρχων,
3041 3566 3137 3618 καὶ
3161 3567 3212 3618 οἱ
3240 3563 3433 3634 ἄνδρες
3464 3563 3515 3616 οἰ
3540 3559 3705 3614 πολε-

2127 3659 2320 3728 μισταὶ
2347 3657 2758 3727 ὲπρονόμευσαν
2778 3657 3008 3722 ἕκαστος
3043 3656 3208 3727 αὐτῷ.
3243 3657 3354 3710 Καὶ
3383 3653 3540 3708 έλαὸε
3567 3655 3707 3708 Μω-

2126 3749 2220 3817 σῆς
2267 3747 2361 3802 καὶ
2410 3748 2675 3820 Ἐλεάζαρ
2721 3750 2749 3802 ὁ
2801 3744 2980 3818 ἱερεὺς
3027 3747 3088 3800 τὸ
3122 3748 3344 3818 χρυσίον
3403 3745 3555 3816 παρὰ
3589 3745 3704 3798 τῶν

2123 3838 2414 3910 χιλιάρχων
2470 3838 2562 3891 καὶ
2599 3839 3030 3908 ἑκατοντάρχων,
3064 3838 3157 3890 καὶ
3199 3837 3516 3908 εἰσήνεγκεν
3561 3835 3705 3889 αὐτὰ

2121 3933 2199 3994 είς
2227 3930 2326 4000 τὴν
2361 3929 2565 4000 σκηνὴν
2591 3929 2684 3980 τοῦ
2732 3927 3032 3998 μαρτυρίου
3065 3928 3410 3997 μνημόσυνον
3429 3925 3537 3978 τῶν
3565 3924 3702 3977 υἱῶν

2132 4019 2366 4090 Ἰσραὴλ,
2397 4019 2576 4074 ἔναντι
2598 4019 2827 4089 Κυρίου.
2865 4037 2885 4070 ι
2935 4016 3176 4081 Ἀκούεις
3194 4017 3340 4080 ὅπως
3369 4015 3570 4086 ἀκριϐῆ
3598 4015 3702 4084 μὲν

2119 4110 2375 4178 γενέσθαι
2397 4111 2531 4180 φησὶ
2564 4107 2671 4162 τῶν
2704 4109 3107 4179 μεμαχημένων
3127 4109 3220 4162 τὸν
3251 4107 3595 4178 ἐκλογισμὸν,
3620 4107 3700 4170 ὡς

2119 4204 2408 4272 ἁπομεϊναι
2443 4202 2650 4272 μηδένα
2683 4201 2814 4271 παρ’
2839 4195 2899 4255 οὗ
2926 4199 2989 4253 τὸ
3016 4201 3189 4270 δῶρον
3229 4201 3290 4254 ού
3321 4199 3697 4272 προσκεκόμι-

2121 4311 2262 4356 σται,
2287 4292 2430 4345 κατά
2449 4309 2512 4360 γε
2546 4290 2607 4344 τὸ
2631 4293 2742 4354 τοῖς
2779 4289 2943 4354 θείοις
2980 4290 3213 4362 νεύμασι
3239 4289 3464 4356 δοκοῦν;
3493 4289 3697 4345 85601;-

2117 4385 2311 4456 λῆσθαι
2339 4384 2396 4438 δὲ
2422 4385 2516 4438 καὶ
2542 4383 2696 4436 αὐτοὶ
2725 4383 3092 4455 προσκομίσαι
3117 4383 3332 4452 λέγουσι
3356 4383 3566 4456 Κυρίῳ,
3597 4383 3696 4438 καὶ

2116 4477 2153 4532 ά
2190 4479 2264 4549 μὴ
2299 4476 2498 4549 χρῆναι
2530 4476 2826 4546 προσάγειν
2855 4474 3204 4528 δεδικαίωκεν
3228 4474 3410 4538 αὐτὸς,
3463 4474 3695 4545 χλιδῶνα

2117 4572 2210 4626 καὶ
2247 4569 2483 4640 ψέλλιον,
2528 4566 2623 4620 καὶ
2678 4564 3000 4637 περιδέξιον,
3045 4565 3140 4618 καὶ
3171 4567 3379 4636 ὅσαπερ
3403 4567 3463 4618 ὲν
3501 4566 3694 4638 κόσμῳ

2117 4661 2410 4731 πεποίηται
2458 4657 2664 4730 χρυσῷ.
2715 4656 3062 4728 Προστέταχε
3119 4656 3228 4728 γὰρ
3280 4659 3310 4710 ὁ
3367 4657 3686 4728 νομοθέτης,

2114 4753 2224 4808 ἀπὸ
2253 4753 2361 4806 τῶν
2386 4751 2688 4823 ἀνθρώπων
2719 4751 2814 4804 καὶ
2836 4748 2942 4802 ἀπὸ
2957 4748 3062 4802 τῶν
3087 4749 3300 4819 κτηνῶν
3324 4750 3592 4805 ποιεῖσθαι
3619 4751 3689 4804 τά

2113 4844 2282 4916 δῶρω
2317 4845 2412 4897 καὶ
2447 4843 2512 4913 δὴ
2545 4842 3014 4913 προσκεκόμισται
3057 4841 3200 4894 κατά
3228 4842 3289 4895 τὸ
3323 4842 3466 4897 θεῖόν
3489 4861 3550 4897 τε
3591 4844 3690 4898 καὶ

2111 4939 2360 5001 οὐράνιον
2385 4935 2666 5005 σύνταγμα
2686 4951 2700 4964 ·
2732 4932 3034 4987 ἐθελούσιον
3062 4933 3118 4988 δὲ
3143 4933 3424 4989 ποιοῦνται
3449 4953 3687 5006 προσκο-

2116 5029 2272 5101 μιδὴν
2302 5027 2370 5081 τὰ
2403 5029 2458 5080 ὲν
2504 5025 2806 5096 κειμηλίοις
2838 5025 3090 5096 ἐξαίρετα
3114 5043 3128 5056 ·
3185 5027 3278 5080 καὶ
3334 5027 3527 5080 νικῶσι
3559 5031 3680 5091 ταῖς

2112 5119 2443 5190 φιλοτιμίαις
2489 5117 2584 5171 τοῦ
2633 5119 2800 5188 νόμου
2834 5117 2924 5170 τὸν
2971 5119 3096 5190 ὅρον
3129 5119 3175 5170 οἱ
3210 5117 3318 5170 τῶν
3361 5119 3682 5171 ἀπολέκτων

2106 5212 2422 5284 ἡγούμενοι.
2453 5211 2565 5264 Καὶ
2596 5210 2662 5280 δὴ
2691 5210 2949 5275 λαϐόντες
2973 5211 3180 5280 Μωσῆς
3211 5228 3268 5262 τε
3313 5213 3408 5265 καὶ
3447 5211 3680 5284 Ἀαρὼν,

2107 5304 2522 5374 εἰσκεκομίκασι
2555 5303 2651 5372 μὲν
2681 5303 2758 5365 εἰς
2782 5303 2881 5372 τὴν
2899 5303 3060 5370 ἁγίαν
3085 5303 3292 5372 σκηνήν
3315 5320 3328 5334 ·
3363 5303 3603 5357 ἀπόθετα
3624 5300 3682 5356 δὲ

2105 5394 2381 5457 ποιοῦντες
2442 5393 2780 5464 μνημόσυνον
2822 5392 3000 5447 ἔναντι
3050 5393 3286 5462 Κυρίου·
3333 5394 3383 5446 οἰ
3434 5393 3544 5464 γάρ
3595 5410 3678 5446 τοι

2114 5484 2258 5537 λαῶν
2323 5481 2656 5554 ἡγούμενοι,
2716 5482 2806 5534 καὶ
2877 5483 2954 5545 εἰς
3007 5482 3271 5552 ἄρχοντας
3325 5481 3674 5554 τεταγμένοι,

2107 5577 2378 5645 λαμπροῖς
2439 5574 2534 5626 καὶ
2602 5572 3061 5644 εὐπρεπεστέροις
3114 5573 3423 5644 ἀναθήμασι
3474 5573 3672 5643 τιμῶσι

2105 5665 2258 5730 Θεὸν,
2313 5662 2514 5733 κόσμον
2560 5662 2748 5734 ὥσπερ
2774 5661 2896 5716 τινὰ
2931 5661 3298 5732 προσάγοντες
3347 5664 3440 5716 καὶ
3482 5665 3670 5721 ἀνατι-

1027 5854 1066 5884 ¹³
1106 5855 1259 5914 νιοειη.
1307 5872 1418 5922 χιιι,
1451 5857 1528 5910 10.
1607 5855 1648 5888 ιδ
1677 5857 1840 5912 Num.
1873 5874 2015 5922 xxxi,
2050 5857 2223 5919 £8435.
