4082 6304
376 394 478 448 Sil

1112 390 1200 444 DE
1237 386 1680 444 ADORATIONE
1720 384 1786 441 IN
1828 382 2095 440 SPIRITU
2141 383 2227 436 ΕΤ
2269 383 2637 439 VERITATE.
2680 384 2939 449 LlB._IV.

3542 385 3649 437 5&3

376 514 568 580 θέντες
591 504 749 580 νΘεῷ,
778 507 841 561 τὸ
889 504 1166 569 πολυειδὲς
1205 508 1262 559 ἐν
1307 505 1501 577 ἀρετῇ,
1543 504 1639 559 καὶ
1669 501 1832 558 οἱονεὶ
1868 501 1963 555 καὶ
2000 498 2134 553 αὐτὸ
2164 498 2255 551 τοῦ
2289 500 2452 570 νόμου
2491 502 2553 554 τὸ
2618 503 2818 574 μέτρον
2859 503 3237 580 ύπερθέεντες,
3304 503 3649 575 εὐδοκιμοῦσι

379 575 782 649 λαμπρότερον.

453 670 663 725 ΠΑΛΛ.
696 666 822 722 Οἷον
860 667 925 737 δὴ
942 668 996 722 τί
1035 669 1171 739 φής;

456 762 623 817 ΚΥΡ.
650 763 776 825 Τοῖς
804 761 864 815 τὸ
889 761 1227 830 Εὑαγγέλιον
1258 759 1725 829 καταγγέλλουσιν
1771 758 1837 810 ἐκ
1864 757 1959 810 τοῦ

385 853 721 923 Εὐαγγελίου
749 852 848 925 ζῇν
869 852 1151 919 διετάξατο
1182 851 1441 924 Χριστὸς,
1467 851 1496 904 ὃ
1521 851 1587 922 δὴ
1619 850 1711 904 καὶ
1734 852 1799 902 ἐκ
1823 865 1971 919 νομι-

399 948 505 1018 κῆς
529 946 745 1016 ἐντολῆς
787 944 1037 1016 βεϐαιοῦν
1073 944 1371 1008 ἐσπούδαζε
1404 944 1632 1015 γράφων
1673 945 1701 997 6
1734 941 1967 1009 Παῦλος,

388 1040 521 1093 ποτὲ
553 1040 667 1110 μὲν,
692 1040 774 1093 ὅτι
806 1059 825 1091 ι
858 1040 919 1091 Οί
943 1037 1212 1100 ἐσθίοντες
1232 1037 1332 1100 τὰς
1359 1035 1550 1100 θυσίας
1590 1036 1838 1089 κοινωνοὶ
1860 1034 1969 1087 τῶν

389 1129 794 1201 θυσιαστηρίων
828 1129 975 1182 εἰσί·
1015 1148 1033 1181 ι
1084 1130 1217 1182 ποτὲ
1258 1130 1316 1182 δὲ
1362 1131 1544 1196 πάλιν,
1581 1130 1658 1195 ὡς
1692 1129 1751 1196 ἐξ
1796 1131 1969 1198 ἀναγ-

390 1217 562 1271 καίων
616 1217 1070 1288 παραδειγμάτων
1111 1219 1493 1272 άκαταιτίατον
1541 1218 1822 1283 παντελῶς
1866 1220 1970 1271 ἀπ-

394 1311 658 1376 εδείκνυε,
692 1311 904 1379 λέγων’
944 1330 963 1362 ι
1002 1311 1098 1374 Τίς
1150 1311 1372 1380 φυτεύει
1426 1311 1745 1381 ἀμπελῶνα,
1779 1311 1872 1364 καὶ
1908 1311 1973 1363 ἐκ

390 1403 486 1454 τοῦ
539 1402 752 1473 καρποῦ
816 1400 982 1456 αὐτοῦ
1033 1401 1133 1453 ούκ
1186 1401 1389 1467 ἐσθίει;
1423 1399 1491 1454 Ἢ
1544 1400 1629 1464 τίς
1695 1400 1973 1470 ποιμαίνει

394 1493 649 1566 ποίμνην,
669 1493 763 1547 καὶ
782 1494 844 1545 ἐκ
867 1491 959 1546 τοῦ
978 1492 1254 1561 γάλακτος
1274 1493 1374 1563 τῆς
1395 1491 1629 1563 ποίμνης
1650 1492 1750 1544 ούκ
1768 1490 1936 1544 ἐσθίει
1957 1507 1971 1557 ;

392 1584 486 1655 Μὴ
525 1584 664 1638 κατά
707 1584 994 1657 ἄνθρωπον
1039 1584 1212 1637 ταῦτα
1255 1570 1440 1651 λαλῶ;
1480 1585 1550 1636 Ἢ
1585 1583 1704 1654 οὐχὶ
1753 1585 1780 1637 6
1810 1583 1973 1653 νόμος

393 1675 568 1729 ταῦτα
589 1676 771 1744 λέγεις
820 1677 907 1729 Ἑν
931 1677 1040 1748 γὰρ
1073 1675 1149 1746 τῷ
1189 1676 1433 1739 Μωσέως
1457 1677 1606 1746 νόμῳ
1640 1675 1971 1745 γέγραπται,

397 1768 478 1821 Οὐ
511 1766 779 1838 φιμώσεις
813 1766 941 1838 βοῦν
982 1766 1248 1822 ἀλοῶντα.
1279 1766 1370 1836 Μὴ
1409 1766 1516 1820 τῶν
1544 1765 1682 1836 βοῶν
1716 1766 1867 1835 μέλει
1896 1766 1974 1838 τῷ

394 1857 545 1928 Θεῷ;
605 1858 638 1929 ἢ
683 1858 750 1911 δι’
803 1860 953 1929 ἡμᾶς
1013 1859 1229 1922 πάντως
1290 1858 1475 1926 λέγει;
1525 1859 1604 1912 Δι’
1666 1860 1817 1930 ἡμᾶς
1864 1859 1974 1930 γὰρ

395 1948 633 2017 ἐγράφη,
664 1948 747 2000 ὅτι
775 1947 862 2000 ἐπ’
881 1946 1055 2000 ἐλπίδι
1078 1948 1280 2015 ὀφείλει
1319 1949 1347 2000 6
1393 1948 1664 2020 ἀροτριῶν
1692 1949 1971 2021 ἀροτριᾷν,

396 2039 492 2091 καὶ
520 2040 546 2091 6
581 2036 753 2091 ἀλοῶν
794 2039 881 2091 ἐπ’
915 2038 1090 2093 ἐλπίδι
1113 2037 1208 2091 τοῦ
1245 2037 1514 2109 μετέχειν.
1549 2058 1567 2090 ι
1600 2034 1737 2092 Εἶτα
1760 2039 1971 2102 τούτοις

395 2134 699 2202 ἐπήνεγκεν
747 2130 934 2195 εὐθύς·
970 2151 987 2184 ι
1030 2133 1092 2185 El
1136 2133 1300 2202 ἡμεῖς
1339 2131 1468 2202 ὑμῖν
1504 2129 1573 2185 τά
1623 2131 1971 2201 πνευματικὰ

395 2225 753 2294 ἐσπείραμεν,
776 2224 939 2294 μέγα,
972 2224 1021 2276 εἰ
1038 2224 1199 2293 ἡμεῖς
1224 2223 1378 2293 ὑμῶν
1407 2222 1474 2276 τὰ
1499 2223 1739 2294 σαρκικὰ
1764 2223 1973 2296 θερίσοο

397 2333 534 2386 μεν;
564 2317 625 2369 Εἰ
648 2316 799 2369 ἄλλοι
821 2316 917 2387 τῆς
946 2315 1195 2381 ἐξουσίας
1213 2316 1368 2387 ὑμῶν
1396 2317 1738 2388 μετέχουσιν,
1759 2317 1816 2371 οὐ
1839 2319 1974 2389 μᾶλ-

395 2408 484 2462 λον
517 2410 714 2480 ήμεῖς;
761 2409 900 2461 Ἀλλ’
927 2410 1027 2463 οὐκ
1053 2409 1406 2482 ἐχρησάμεθα
1440 2414 1507 2481 τῇ
1537 2411 1755 2482 ἐξουσίᾳ
1775 2411 1971 2483 ταύτῃ,

396 2499 535 2554 ἀλλά
586 2501 767 2555 πάντα
806 2502 1090 2571 στέγομεν,
1126 2501 1216 2556 ἵνα
1258 2502 1333 2574 μὴ
1360 2503 1601 2574 ἐγκοπήν
1638 2520 1759 2556 τινα
1797 2503 1975 2575 δῶμεν

396 2590 472 2662 τῷ
509 2592 823 2664 Εὑαγγελίῳ
849 2592 944 2645 τοῦ
983 2594 1246 2665 Χριστοῦ.
1292 2614 1310 2647 ι
1344 2590 1477 2647 Εἶτα
1508 2594 1668 2648 πάλιν
1694 2595 1976 2666 ἐπιστηρί-

398 2686 480 2749 ζει
516 2684 630 2757 (1)·
670 2705 689 2739 ι
726 2687 822 2748 Τίς
844 2681 938 2739 οῦν
975 2686 1077 2757 μού
1109 2689 1257 2740 ἐστιν
1285 2689 1313 2740 6
1341 2686 1567 2758 μισθός;
1601 2687 1718 2740 Ἵνα
1746 2689 1977 2755 εὐαγγε-

396 2775 681 2847 λιζόμενος
713 2776 988 2830 ἀδάπανον
1037 2777 1187 2849 θήσω
1218 2778 1279 2830 τὸ
1324 2778 1677 2845 Εύαγγέλιον.
1733 2797 1752 2830 ›
1814 2779 1976 2849 Ὁρᾷς

397 2868 546 2931 ὅπως
578 2868 718 2940 ὑπὲρ
741 2869 802 2922 τὸ
820 2868 1011 2922 δοκοῦν
1031 2867 1108 2938 τῷ
1127 2869 1351 2940 Χριστῷ
1380 2871 1473 2922 καὶ
1506 2868 1583 2939 τῷ
1612 2870 1779 2924 πάλαι
1805 2870 1976 2941 νόμῳ,

399 2959 649 3026 ἐξουσίαν
704 2961 843 3032 ἔχων
876 2962 952 3015 ’ἐκ
1002 2961 1098 3015 τοῦ
1148 2962 1483 3031 Εὑαγγελίου
1539 2961 1660 3033 ζῇν,
1706 2962 1978 3017 ἀδάπανον

402 3050 566 3105 ἐτίθει
595 3052 656 3105 τὸ
690 3053 1046 3121 Εὐαγγέλιον,
1080 3054 1251 3127 δῶρον
1297 3053 1486 3126 ὥσπερ
1528 3054 1773 3107 ἑκούσιον
1805 3056 1981 3108 ἀνατι-

402 3142 515 3206 θεὶς
544 3144 608 3196 τὸ
642 3145 832 3216 χρῆμα
875 3145 1055 3216 αύτῷ;
1102 3145 1176 3198 Τὸ
1202 3146 1259 3199 δὲ
1300 3145 1363 3216 δὴ
1407 3145 1481 3216 μὴ
1519 3145 1718 3216 χρῆναι
1758 3147 1977 3215 γαμεῖν,

401 3233 526 3288 οὔτε
555 3236 584 3288 6
626 3237 859 3300 παλαιὸς
900 3237 1087 3308 νόμος,
1132 3235 1255 3290 οὔτε
1280 3237 1341 3290 τὸ
1372 3238 1490 3291 νέον
1528 3239 1661 3308 ἡμῖν
1694 3237 1981 3291 τεθέσπικε

1995 669 2041 724 Δ
2142 664 2337 721 PALL.
2380 662 2436 717 ld
2466 677 2596 718 vero
2634 661 2796 732 quale
2827 660 3048 716 tandem
3078 662 3195 715 est?

2141 754 2297 812 CYR.
2331 753 2403 808 Iis
2436 753 2530 823 qui
2562 752 2916 822 Evangelium
2946 751 3354 816 annuntiarent,
3379 767 3444 806 ex
3467 750 3648 805 Evam-

2071 865 2214 935 gelio
2261 864 2448 920 vivere
2495 862 2781 918 constituit
2833 863 3086 918 Christus
3131 882 3143 916 :
3188 864 3244 917 id
3296 864 3472 932 ipsum
3518 864 3653 934 legis

2072 972 2288 1027 quoque
2335 964 2609 1026 pracepto
2652 953 2977 1010 conﬁrmare
3017 954 3231 1009 curavit
3265 955 3485 1019 Paulus,
3525 970 3651 1009 cum

2074 1049 2330 1119 scripsit,
2381 1064 2531 1103 nunc
2572 1046 2795 1118 quidem
2833 1064 2891 1099 ιι
2936 1046 3040 1113 Qui
3091 1046 3289 1100 hostiis
3333 1057 3655 1110 vescuntur,

2073 1139 2208 1193 socii
2258 1154 2322 1192 ac
2371 1137 2667 1208 participes
2728 1144 2856 1191 sunt
2905 1136 3091 1190 altaris
3132 1136 3205 1201 ¹⁸;
3245 1154 3263 1185 ι
3323 1149 3473 1187 nunc
3522 1148 3657 1187 vero

2072 1244 2284 1294 rursus,
2320 1244 2444 1283 cum
2498 1229 2554 1283 id
2599 1228 2748 1283 omni
2799 1243 3026 1297 prorsus
3079 1241 3272 1281 vacare
3324 1225 3485 1295 culpa
3540 1233 3659 1279 tan-

2075 1336 2238 1391 quam
2274 1321 2602 1377 necessariis
2635 1320 2896 1389 exemplis
2918 1318 3182 1393 ostendit,
3210 1317 3436 1372 dicens:
3474 1336 3491 1367 ί
3519 1316 3658 1383 Quis

2075 1414 2286 1483 plantat
2332 1413 2572 1478 vineam,
2616 1421 2673 1467 et
2712 1412 2779 1467 de
2819 1411 3002 1466 fructu
3044 1412 3165 1482 ejus
3200 1426 3312 1464 non
3347 1409 3493 1464 edit?
3525 1407 3658 1475 Quis

2075 1503 2252 1571 pascit
2286 1518 2526 1573 gregem,
2555 1511 2612 1557 et
2657 1502 2724 1558 de
2768 1502 2910 1558 lacte
2957 1502 3135 1573 gregis
3172 1514 3284 1554 non
3327 1499 3665 1556 manducat?

2075 1594 2159 1649 An
2197 1595 2499 1650 secundum
2538 1594 2819 1650 hominem
2872 1595 2991 1649 haec
3044 1593 3207 1648 dico?
3253 1591 3519 1661 numquid
3548 1606 3663 1647 nox

2076 1686 2240 1742 etiam
2270 1685 2358 1740 lex
2382 1687 2487 1740 hoc
2508 1685 2678 1740 dicit?
2706 1686 2764 1742 ln
2786 1686 2906 1757 lege
2933 1700 3170 1755 namque
3195 1684 3359 1755 Moysi
3392 1683 3659 1752 scriptum

2077 1784 2160 1831 est
2192 1795 2205 1830 :
2239 1777 2360 1832 Non
2388 1778 2646 1854 Ialligabis
2678 1794 2741 1833 os
2773 1779 2899 1833 bovi
2936 1777 3232 1833 trituranti.
3275 1774 3537 1845 Nunquid
3590 1775 3659 1829 de

2078 1866 2257 1925 bobus
2295 1882 2427 1922 cura
2469 1876 2552 1922 est
2590 1868 2738 1923 Deo?
2780 1884 2850 1922 an
2889 1876 3115 1938 propter
3153 1882 3256 1921 nos
3297 1865 3521 1921 omnino
3555 1865 3662 1920 hoc

2078 1957 2251 2012 dicit?
2289 1958 2519 2028 Propter
2559 1974 2661 2014 nos
2702 1958 2851 2012 enim
2894 1959 3156 2027 scriptum
3193 1964 3298 2021 est,
3336 1955 3464 2026 quia
3499 1955 3664 2009 debet

2080 2049 2136 2104 in
2168 2065 2287 2120 spe,
2318 2051 2411 2120 qui
2446 2058 2582 2116 arat,
2613 2066 2800 2116 arare;
2833 2057 2888 2105 et
2912 2049 3005 2120 qui
3038 2049 3279 2113 triturat,
3312 2048 3370 2102 in
3411 2062 3506 2117 spe
3534 2061 3662 2117 par-

2080 2141 2345 2211 ticipandi
2377 2144 2442 2194 ¹⁶.
2481 2163 2500 2194 ι
2542 2144 2638 2197 His
2671 2142 2871 2196 deinde
2904 2141 3087 2205 dictis,
3128 2141 3319 2196 intulit
3355 2140 3660 2195 continuo:

2090 2250 2107 2283 ι
2153 2230 2210 2285 Si
2253 2247 2355 2286 nos
2402 2233 2559 2287 vobis
2606 2233 2913 2302 spiritualia
2953 2232 3365 2297 seminavimus,
3406 2246 3665 2301 magnum

2081 2331 2185 2389 est,
2213 2324 2259 2378 si
2283 2340 2385 2378 nos
2410 2325 2652 2379 carnalia
2676 2333 2858 2379 vestra
2884 2325 3186 2379 metamus?
3215 2324 3271 2379 Si
3303 2324 3395 2378 alii
3428 2330 3667 2393 potesta-

2082 2413 2154 2469 tis
2191 2422 2389 2469 vestrae
2425 2415 2720 2486 participes
2765 2423 2913 2483 sunt,
2948 2430 3117 2486 quare
3162 2431 3272 2469 non
3313 2415 3498 2485 potius
3530 2415 3666 2469 nos?

2084 2504 2193 2561 Sed
2222 2521 2332 2560 non
2363 2506 2448 2560 usi
2478 2522 2667 2562 sumus
2694 2508 2797 2562 hac
2825 2515 3124 2578 potestate;
3159 2506 3255 2561 sed
3284 2506 3468 2561 omnia
3496 2507 3664 2561 susti-

2082 2610 2300 2659 nemus,
2340 2610 2411 2650 ne
2449 2594 2671 2666 aliquod
2714 2596 3168 2665 impedimentum
3198 2596 3394 2651 demus
3417 2597 3671 2668 Evange-

2082 2686 2159 2741 lio
2202 2685 2409 2741 Christi
2447 2689 2512 2741 ¹⁷.
2545 2708 2563 2739 ›
2614 2686 2824 2742 Deinde
2867 2687 3050 2743 denuo
3094 2687 3382 2744 conﬁrmat
3424 2706 3437 2742 :
3487 2708 3505 2739 ι
3537 2687 3667 2754 Quae

2085 2777 2251 2848 igitur
2277 2786 2363 2834 est
2391 2794 2603 2833 merces
2634 2782 2794 2834 mea?
2830 2781 2901 2836 Ut
2942 2780 3298 2851 Evangelium
3339 2778 3667 2850 praedicans,

2086 2868 2204 2924 sine
2245 2879 2467 2941 sumptu
2507 2887 2707 2941 ponam
2748 2872 3105 2943 Evangelium
3131 2870 3194 2924 ιθ.
3228 2890 3247 2922 ι
3292 2870 3460 2927 Vides
3501 2868 3670 2942 igitur

2087 2962 2570 3050 quemadmodum,
2629 2978 2796 3034 supra
2864 2980 3028 3034 quam
3083 2963 3337 3019 Christus
3380 2978 3444 3017 ac
3487 2962 3667 3033 prisca

2087 3052 2175 3107 lex
2227 3054 2593 3118 constituerit,
2643 3054 2894 3124 quamvis
2954 3055 3269 3109 facultatem
3321 3054 3553 3108 haberet
3601 3069 3672 3108 ex

2089 3146 2384 3218 Evangelio
2412 3145 2653 3209 vivendi,
2680 3147 2797 3201 sine
2824 3156 3043 3217 sumptu
3079 3155 3263 3200 tamen
3290 3154 3457 3215 ponat
3487 3146 3669 3199 Evan-

2090 3238 2322 3308 gelium;
2348 3236 2513 3307 idque
2552 3237 2757 3291 factum
2788 3238 2953 3292 veluti
2988 3236 3358 3291 voluntarium
3396 3233 3671 3305 quoddam

401 3329 688 3401 κήρυγμα.
724 3332 837 3384 Καὶ
876 3330 1007 3399 γοῦν
1036 3334 1063 3384 6
1092 3329 1304 3393 Παῦλός
1352 3347 1484 3401 φησι
1506 3344 1520 3359 ·
1560 3350 1577 3382 ι
1612 3331 1749 3400 Περὶ
1782 3331 1839 3383 δὲ
1870 3330 1980 3384 τῶν

2091 3329 2299 3384 donum
2348 3329 2428 3383 illi
2473 3329 2792 3383 consecret?
2828 3329 2906 3383 De
2956 3343 3126 3382 uxore
3167 3342 3386 3398 quoque
3423 3341 3533 3380 non
3571 3324 3674 3379 du-

404 3420 689 3491 παρθένων
736 3423 1005 3493 ἐπιταγὴν
1029 3421 1235 3492 Κυρίου
1271 3422 1370 3474 οὐκ
1395 3420 1522 3491 ἔχω.
1564 3440 1583 3474 ι
1617 3420 1756 3473 Ἀλλ’
1787 3422 1837 3473 ot
1863 3420 1989 3488 σφό-

401 3514 508 3585 δρα
551 3515 793 3569 νεανικοὶ
842 3515 977 3587 πρὸς
1015 3514 1332 3576 εὐσέϐειαν,
1379 3511 1844 3582 κατανεκροῦντες
1889 3513 1988 3582 τὴν

407 3605 611 3675 σάρκα,
639 3604 891 3677 λαμπρὸν
925 3605 1182 3675 ἀνάθημα
1229 3604 1563 3676 προσάγουσι
1603 3603 1679 3674 τῷ
1724 3603 1862 3673 Θεῷ,
1889 3603 1988 3670 τὴν

405 3694 548 3767 ὑπὲρ
578 3694 739 3765 νόμον
778 3695 1127 3766 ἐγκράτειαν,
1158 3696 1251 3747 καὶ
1280 3694 1469 3765 ὥσπερ
1501 3693 1624 3748 τινὰ
1652 3694 1856 3762 κόσμον
1900 3694 1989 3744 εύ-

403 3787 614 3856 τέχνως
646 3787 1008 3859 εἰργασμένον
1044 3787 1142 3858 τὴν
1172 3786 1230 3852 ἐξ
1256 3785 1416 3855 ἔργου
1454 3801 1512 3836 τε
1548 3785 1641 3837 καὶ
1668 3784 1828 3852 λόγου
1867 3802 1991 3837 συν·

406 3877 731 3948 τεθειμένην
765 3879 993 3949 ἀρίστην
1013 3877 1182 3947 ζωήν.
1213 3875 1579 3946 Εἰσεκόμισαν
1607 3875 1664 3927 δὲ
1691 3875 1897 3943 Μωσῆς
1930 3892 1992 3928 τε

406 3970 505 4023 καὶ
546 3970 758 4042 Ἀαρὼν
802 3973 882 4033 είς
918 3971 1017 4041 τὴν
1067 3968 1230 4036 ἁγίαν
1272 3966 1480 4038 σκηνὴν
1518 3966 1586 4019 τὰ
1628 3983 1994 4039 προσκεκομι-

411 4063 614 4134 σμένα·
658 4062 822 4117 δεκτά
853 4065 963 4134 γὰρ
1000 4060 1243 4133 Χριστῷ,
1279 4060 1375 4113 καὶ
1420 4058 1647 4122 πλοῦτος
1677 4058 1902 4130 αὕχημά
1934 4076 1993 4112 τε

411 4157 687 4228 λαμπρὸν,
725 4158 794 4211 τὰ
821 4157 931 4210 τῶν
966 4155 1135 4225 ἁγίων
1179 4152 1668 4224 ἀνδραγαθήματα,
1703 4152 1772 4205 δι’
1793 4144 1867 4205 ὧν
1898 4152 1995 4206 καὶ

417 4251 656 4323 μακρὰν,
683 4250 885 4323 μᾶλλον
921 4249 978 4302 δὲ
1002 4247 1357 4317 ἀτελεύτητον
1389 4245 1841 4315 ἀποκερδαίνουσι
1861 4247 1996 4318 μνή-

420 4362 547 4414 μην,
576 4344 669 4396 καὶ
702 4343 800 4413 τῆς
831 4342 983 4405 θείας
1007 4341 1349 4410 ἐπισκέψεως
1374 4340 1557 4406 ἀξίους
1581 4340 1742 4402 ὄντας
1771 4339 1997 4402 ἑαυτοὺς

417 4434 778 4502 ἀποφαίνουσι
801 4448 815 4463 ⁶
844 4432 906 4486 τὸ
939 4433 1047 4503 γὰρ
1076 4432 1256 4486 ἔναντι
1282 4431 1489 4501 Κυρίου
1509 4430 1783 4483 τεθεῖσθαι
1819 4430 1998 4498 λέγειν

417 4528 487 4581 τὰ
507 4528 856 4599 ἀναθήματα,
889 4526 1131 4579 τοιοῦτον
1161 4544 1213 4578 τι
1247 4524 1414 4593 δηλοῖ.
1448 4523 1608 4591 Μέγα
1635 4523 1690 4574 δὲ
1726 4522 1819 4576 καὶ
1857 4523 2002 4588 ἐξαί-

424 4636 577 4689 ρετον
603 4619 663 4671 τὸ
692 4618 768 4682 ὡς
803 4621 860 4671 ἐν
911 4617 1031 4687 ὄψει
1073 4615 1287 4670 κεῖσθαι
1319 4613 1456 4666 Θεοῦ
1477 4632 1490 4644 ·
1520 4617 1654 4685 τιμᾷ
1694 4613 1803 4684 γάρ
1836 4615 2002 4685 ὑπερ-

420 4709 587 4778 φυῶς,
627 4709 722 4773 οὓς
752 4711 842 4762 καὶ
876 4710 1078 4780 ἐφορᾷν
1110 4707 1273 4772 ἀξιοῖ.

2091 3422 2264 3476 cenda
2324 3436 2503 3491 neque
2551 3429 2712 3476 vetus
2753 3421 2842 3476 lex
2889 3420 3094 3491 aliquid
3144 3419 3326 3485 nobis,
3356 3434 3535 3488 neque
3582 3433 3672 3472 re-

2091 3529 2221 3569 cens
2270 3515 2550 3585 Evangelii
2605 3514 2924 3584 praedicatio
2974 3512 3173 3567 sanxit.
3226 3513 3415 3582 Itaque
3470 3512 3676 3566 Paulus

2090 3606 2202 3659 ait:
2238 3624 2255 3655 ι
2283 3605 2359 3659 De
2388 3604 2696 3675 virginibus
2728 3613 2914 3659 autem
2954 3611 3288 3674 praeceptum
3318 3603 3535 3658 Domini
3566 3619 3676 3656 non

2091 3696 2270 3750 habeo
2298 3699 2362 3750 ".
2402 3717 2419 3747 ι
2455 3697 2544 3762 At,
2582 3696 2676 3766 qui
2719 3696 3013 3753 admodum
3055 3696 3265 3751 strenui
3301 3704 3431 3749 sunt
3459 3695 3526 3749 ad
3559 3704 3677 3749 stu-

2092 3790 2246 3843 dium
2285 3789 2524 3859 pietatis,
2563 3789 2715 3860 131
2743 3805 2963 3844 carnem
2999 3788 3299 3843 conficiunt
3335 3796 3496 3859 atque
3528 3803 3678 3842 mor-

2094 3880 2303 3936 tificant
2367 3899 2378 3934 :
2452 3883 2636 3951 itaque
2691 3888 2948 3951 tanquam
3013 3881 3221 3935 clarum
3294 3881 3408 3935 Deo
3472 3880 3681 3935 donum

2094 3974 2511 4039 continentiam,
2559 3989 2679 4043 quae
2728 3975 2872 4027 ultra
2927 3973 3100 4044 legem
3142 3982 3245 4039 est,
3295 3982 3353 4028 et
3397 3973 3565 4027 vitam
3613 3989 3681 4027 ex

2093 4065 2264 4119 verbo
2302 4073 2357 4119 et
2388 4080 2551 4135 opere
2598 4065 2860 4135 prazclare
2906 4065 3283 4135 compositam,
3318 4065 3468 4119 velut
3515 4078 3680 4118 orna—

2096 4167 2342 4212 mentum
2377 4158 2671 4214 artiliciose
2701 4157 3044 4212 elaboratum
3078 4158 3337 4212 oﬁ‘erunt.
3373 4156 3685 4211 lntulerunt

2097 4260 2279 4304 autem
2311 4250 2522 4322 Moyses
2552 4257 2608 4304 et
2638 4248 2816 4305 Aaron
2855 4249 2912 4301 in
2950 4256 3199 4304 sanctum
3243 4246 3679 4310 tabernaculum,

2098 4356 2219 4408 qua:
2272 4341 2452 4394 oblata
2506 4338 2723 4393 fuerant
2760 4356 2772 4390 :
2818 4353 2945 4391 nam
2988 4336 3211 4392 fortium
3247 4337 3490 4390 virorum
3540 4335 3684 4389 facta

2098 4432 2317 4485 Christo
2354 4438 2504 4501 grata
2545 4437 2693 4494 sunt,
2729 4438 2784 4484 et
2828 4437 3094 4499 praeterea
3127 4437 3384 4497 tanquam
3423 4427 3684 4481 Ecclesiaa

2101 4538 2233 4593 opes
2271 4538 2333 4577 ac
2379 4522 2641 4592 prmclara
2682 4528 3023 4584 ornamenta,
3064 4536 3163 4590 per
3209 4535 3330 4589 qua:
3371 4519 3449 4572 illi
3488 4532 3683 4572 conse-

2103 4622 2347 4684 quuntur
2392 4621 2453 4666 ut
2501 4613 2793 4675 diuturnae,
2852 4612 2964 4671 imo
2998 4628 3133 4668 vero
3180 4611 3530 4680 sempiternae
3572 4625 3688 4663 me-

2029 4703 2072 4756 D
2102 4706 2289 4762 moria:
2337 4712 2758 4771 consecrentur;
2816 4706 3060 4774 talesque
3110 4720 3169 4759 se
3212 4711 3471 4774 praestant
3499 4709 3561 4756 ut
3597 4701 3683 4755 in-

420 4802 698 4871 Spectione
764 4801 947 4857 divina
999 4799 1149 4869 digni
1193 4799 1499 4852 habeantur
1536 4815 1547 4849 :
1585 4812 1731 4860 nam,
1802 4798 1949 4867 quod
2018 4799 2226 4854 dictum
2259 4807 2361 4865 est,
2403 4799 2459 4853 in
2510 4806 2803 4867 conspectu
2856 4796 3072 4850 Domini
3115 4795 3292 4866 posita
3361 4811 3483 4851 esse
3517 4794 3682 4859 dona,

418 4898 733 4968 huiusmodi
793 4897 1052 4968 quiddam
1108 4893 1396 4965 signiﬁcat.
1458 4892 1709 4963 Magnum
1762 4910 1895 4948 vero
1946 4903 2002 4949 et
2034 4896 2297 4951 eximium
2348 4902 2450 4958 est,
2525 4895 2582 4947 in
2657 4892 2831 4947 oculis
2870 4892 2968 4946 Dei
3008 4889 3409 4962 quodammodo
3442 4888 3677 4960 positum

418 5006 586 5045 esse:
620 5005 747 5044 nam
797 5005 894 5044 eos
927 4986 1149 5057 plurimi
1190 4984 1279 5039 ille
1321 4984 1469 5049 facit,
1510 5001 1649 5054 quos
1687 4995 1905 5055 aspectu
1945 5002 2044 5040 suo
2083 4986 2356 5058 dignatur.

493 5082 700 5135 ΠΛΛΔ.
740 5079 835 5133 Ἐκ
862 5077 1073 5132 πολλῶν
1115 5076 1211 5146 μὲν
1240 5077 1391 5146 ἡμῖν,
1410 5074 1484 5139 ὡς
1535 5075 1677 5128 ἔοικε
1697 5115 1710 5138 ,
1747 5076 1998 5146 σημαίνει

416 5175 614 5243 λέγων,
643 5174 703 5226 τὸ
736 5170 1122 5226 ἁναπείθεσθαι
1152 5170 1245 5223 καὶ
1277 5170 1522 5239 φρονεῖν,
1555 5166 1630 5230 ὡς
1657 5167 1719 5219 τό
1755 5185 1837 5220 τοι
1867 5167 2001 5237 χρῆ-

417 5284 509 5320 ναι
546 5267 913 5337 καρποφορεῖν
960 5263 1159 5335 πρέπει
1201 5261 1266 5315 ἂν
1304 5262 1401 5331 οὐχ
1437 5260 1644 5333 ἑτέροις
1697 5259 1920 5329 μᾶλλον,
1966 5259 1998 5328 ἣ

418 5362 533 5423 τοῖς
563 5360 699 5428 ἄγαν
729 5357 1132 5429 ἀνδριζομένοις
1163 5354 1254 5408 καὶ
1292 5354 1534 5406 εἰωθόσιν
1566 5353 1891 5420 εὐδοκιμεῖν.

500 5690 541 5720 ⁸³
565 5691 582 5744 l
610 5690 735 5745 Cor.
780 5706 834 5747 χ,
867 5688 948 5741 18.

503 5829 578 5898 (Ι)
619 5828 755 5884 Cod.
799 5826 943 5889 Vult,
979 5821 1294 5876 ἐπιστέλλει.

1034 5685 1074 5716 ¹⁶
1101 5684 1118 5737 l
1145 5683 1269 5737 Cor.
1309 5699 1379 5745 Ix,
1410 5681 1561 5734 7-H).
1642 5682 1681 5712 ¹⁷
1720 5681 1880 5745 lbirl.,
1922 5680 2003 5744 ll,
2042 5679 2119 5732 l2.
2201 5680 2242 5708 ”
2270 5678 2428 5741 lliill.,
2467 5678 2546 5729 13.

2184 5076 2381 5131 PALL.
2417 5074 2601 5129 Multis
2650 5073 2816 5143 igitur
2854 5071 3041 5127 verbis
3083 5071 3137 5125 id
3168 5071 3329 5125 nobis
3374 5070 3683 5140 signiﬁcare

2109 5170 2350 5232 videtur,
2399 5169 2473 5221 ita
2512 5182 2837 5236 persuasum
2871 5165 3033 5221 nobis
3065 5180 3185 5219 esse
3239 5163 3443 5217 debere
3500 5164 3684 5232 itaque

2113 5259 2483 5324 sentiendum,
2508 5260 2611 5314 hoc
2640 5260 2838 5329 ipsum,
2864 5259 3008 5313 dona
3039 5257 3240 5311 oll‘erre
3259 5256 3392 5317 Deo,
3422 5268 3532 5308 non
3565 5254 3687 5309 aliis

2113 5353 2285 5424 magis
2316 5355 2610 5409 convenire
2650 5370 2811 5423 quam
2853 5353 2948 5422 qui
2995 5364 3054 5404 se
3098 5357 3321 5404 strenue
3366 5363 3430 5401 ac
3468 5347 3686 5402 fortiter

2111 5456 2319 5516 gerant,
2355 5457 2411 5501 ct
2446 5462 2585 5515 saepe
2612 5462 2678 5500 ex
2732 5451 2876 5498 recte
2919 5442 3076 5497 factis
3105 5441 3323 5495 laudem
3367 5439 3470 5495 sibi
3516 5455 3684 5510 βεβο-

2112 5538 2301 5591 rerint.

2644 5676 2684 5704 ”
2721 5675 2737 5727 l
2773 5674 2897 5728 (lor.
2933 5687 3024 5735 vn,
3077 5671 3164 5724 23.
