4082 6304
485 343 594 409 διδ

1486 349 1540 404 S.
1581 350 1862 410 CYRILLI
1899 353 2370 414 ALEXANDRIM
2403 357 2726 418 ARCHIEP.

3651 368 3758 427 534

553 459 713 516 CYR.
739 463 909 531 Euge,
941 463 1169 530 Palladi,
1200 475 1346 521 recte
1395 485 1632 539 namque
1683 473 1985 542 existimas,
2011 492 2042 531 e

2241 479 2406 535 ΚΥΡ.
2437 476 2602 552 Εὖγε,
2633 478 2678 537 ὦ
2711 483 2998 553 Παλλάδιε,
3027 485 3210 558 διανοῇ
3236 488 3345 560 γὰρ
3368 489 3561 562 ὀρθῶς.
3596 491 3752 563 Ἔχει

483 568 595 613 non
625 550 789 605 modo
811 551 929 621 ipsa
953 567 1040 608 res
1065 555 1140 610 ita
1165 570 1222 610 se
1257 556 1440 623 habet,
1459 560 1555 614 sed
1585 563 1750 617 etiam
1769 563 2065 637 Scriptura:

481 657 649 696 sacrae
700 642 1020 699 testimonio
1083 647 1467 706 conﬁrmatur.
1539 652 1677 709 Cum
1729 659 1880 712 enim
1937 659 2066 715 ﬁliis

480 734 646 788 lsrael
666 733 850 792 adhuc
881 737 936 792 in
968 753 1157 795 eremo
1181 747 1655 804 commorantibus
1683 765 1900 806 sacrum
1926 753 2063 808 illud

481 825 897 883 tabernaculum
939 830 1152 904 erigere
1209 835 1375 892 vellet
1408 839 1574 904 Deus,
1617 845 1765 912 quod
1803 845 2063 903 Ecclesia:

477 936 545 974 ex
583 921 840 991 gentibus
883 925 1126 982 collectae
1150 926 1380 998 ﬁguram
1415 939 1472 988 et
1499 933 1794 1006 imaginem
1819 950 2057 1011 gereret,

471 1011 638 1080 jussit
674 1020 753 1078 ut,
781 1031 904 1086 quae
937 1017 995 1072 in
1041 1034 1162 1074 eam
1195 1038 1313 1077 rem
1341 1039 1482 1095 opus
1513 1037 1720 1095 essent,
1763 1045 2062 1104 congrega-

475 1111 690 1159 rentur.
727 1105 917 1176 ltaque
964 1110 1046 1165 sic
1077 1125 1362 1172 sacrorum
1416 1116 1782 1189 interpretem
1836 1123 2060 1195 Moysen

474 1203 561 1250 est
607 1197 912 1258 allocutus:
978 1222 997 1255 ι
1029 1203 1086 1260 Si
1143 1211 1424 1279 acceperis
1482 1226 1754 1269 summam
1817 1215 2058 1272 ﬁliorum

475 1287 664 1354 Israel,
705 1292 763 1346 in
798 1297 1118 1353 recensione
1165 1315 1360 1358 eorum
1414 1303 1626 1360 dabunt
1676 1309 2058 1381 unusquisque

473 1379 653 1448 pretia
686 1383 1082 1456 redemptionis
1138 1393 1334 1454 anima:
1376 1411 1488 1451 sua:
1541 1398 1794 1466 Domino,
1849 1410 1906 1456 et
1943 1418 2056 1458 non

469 1470 580 1524 erit
609 1471 666 1526 in
689 1475 771 1530 eis
797 1491 958 1534 casus
984 1479 1040 1534 in
1073 1485 1398 1542 recensione
1436 1503 1660 1559 eorum;
1693 1502 1750 1548 et
1793 1493 1900 1550 hoc
1923 1497 2052 1564 erit,

471 1562 618 1630 quod
664 1564 893 1634 dabunt,
937 1571 1254 1644 quicunque
1303 1587 1593 1639 transeunt
1633 1585 1701 1640 ad
1753 1562 2053 1659 inspectio;

469 1669 618 1718 nem,
645 1657 882 1715 mediam
926 1673 1139 1732 partem
1196 1668 1337 1735 sicli,
1399 1675 1496 1742 qui
1526 1685 1614 1731 est
1659 1679 1815 1750 juxta
1855 1682 2054 1738 siclum

473 1753 724 1802 sanctum
789 1751 1003 1823 (viginti
1063 1757 1256 1815 obolos
1285 1761 1451 1818 habet
1483 1765 1697 1839 siclus),
1759 1770 2052 1829 dimidium

469 1848 658 1896 autem
713 1843 834 1899 sicli
870 1847 1138 1904 tributum
1192 1853 1443 1911 Domino.
1479 1855 1670 1916 Omnis
1713 1862 1807 1932 qui
1857 1865 2054 1922 transit

470 1931 526 1984 in
580 1932 980 2005 inspectionem
1025 1957 1056 1995 a
1095 1943 1288 2015 viginti
1311 1948 1472 2004 annis
1501 1960 1558 2005 et
1608 1967 1794 2024 supra,
1841 1955 2052 2012 dabunt

467 2023 739 2084 tributum
785 2029 1037 2088 Domino.
1087 2034 1250 2092 Dives
1288 2053 1400 2094 non
1453 2023 1698 2114 adjiciet,
1737 2054 1795 2101 et
1842 2063 2052 2119 pauper

463 2131 580 2173 non
611 2120 882 2178 minueta
930 2125 1162 2188 dimidio
1198 2130 1340 2197 sicli,
1397 2131 1523 2188 c'um
1559 2135 1724 2192 datur
1776 2140 2049 2196 tributum

463 2209 699 2267 Domino
724 2215 793 2269 ad
823 2217 1234 2288 propitiandum
1265 2237 1367 2295 pro
1401 2227 1692 2286 animabus
1732 2233 1964 2289 vestris:
1993 2243 2050 2291 et

461 2301 702 2372 accipies
747 2316 1034 2377 argentum
1065 2311 1256 2368 tributi
1287 2330 1318 2369 ιι
1343 2314 1470 2374 ﬁliis
1508 2319 1695 2388 Israel,
1729 2331 1785 2378 et
1808 2323 1967 2380 dabis
1986 2325 2049 2380 il-

461 2391 557 2448 lud
579 2394 650 2449 ad
662 2411 802 2466 opus
819 2399 1159 2459 tabernaculi
1177 2407 1510 2476 testimonii;
1538 2421 1594 2467 et
1610 2415 1718 2470 erit
1735 2415 1864 2471 ﬁliis
1879 2417 2046 2474 Israel

461 2497 885 2547 monumentum
939 2510 1126 2552 coram
1182 2499 1436 2568 Domino,
1489 2512 1550 2558 ut
1584 2508 1915 2578 propitietur
1943 2525 2046 2581 pro

461 2576 756 2639 animabus
781 2583 1096 2638 vestris'h
1145 2588 1302 2658 132
1330 2590 1472 2646 Ecce
1501 2576 1704 2649 iterum
1723 2576 2044 2668 diligentem

457 2671 835 2727 rccensionem
854 2675 1051 2731 conﬁci
1073 2687 1330 2746 oportere
1347 2681 1628 2752 legislator
1651 2687 1746 2752 ait,
1767 2687 2046 2744 conferre-

457 2776 566 2830 que
591 2763 758 2832 jussit
787 2766 931 2823 dona
955 2769 1190 2826 Domino
1231 2770 1524 2829 dimidium
1556 2777 1696 2832 sicli.
1724 2777 1828 2844 Qui
1856 2789 2041 2836 autem

457 2851 570 2909 sint
591 2855 688 2924 qui
718 2856 919 2914 oﬁ‘erre
943 2861 1200 2928 debeant,
1236 2872 1426 2935 aperte
1449 2865 1674 2936 deﬁnit;
1694 2886 1872 2941 neque
1895 2874 2042 2928 enim

454 2947 788 3004 mulieribus
812 2951 867 3006 id
900 2951 1105 3019 facere,
1155 2970 1336 3026 neque
1391 2957 1572 3014 adhuc
1608 2961 1798 3030 pueris
1833 2964 2040 3032 permi-

457 3037 530 3092 sit
554 3039 729 3095 Deus:
758 3041 814 3097 in
842 3060 974 3114 quo,
1011 3047 1116 3102 nisi
1143 3047 1325 3116 fallor,
1353 3050 1685 3122 improbavit
1705 3055 1956 3114 imbelles
1979 3074 2043 3115 ac

2165 572 2222 626 δέ
2238 567 2340 626 ὧδε
2359 574 2420 628 τὸ
2441 574 2630 646 χρῆμα
2651 579 2718 648 τῇ
2743 575 2926 645 φύσει,
2951 579 3043 631 κοιλ⁸
3066 582 3406 652 μαρτυρήσει
3431 582 3494 636 τὸ
3515 585 3753 658 γράμμα

2141 656 2226 718 ’τὸ
2271 667 2433 738 ἱερόν.
2477 667 2696 739 Ἐπειδὴ
2739 669 2846 740 γὰρ
2891 672 3004 734 τοῖς
3037 672 3174 736 υἱοῖς
3217 673 3433 746 Ἰσραὴλ
3465 656 3756 750 αὐλιζομέ-

2167 771 2276 818 νοις
2302 755 2383 808 ἔτι
2413 757 2554 810 κατὰ
2583 758 2682 829 τὴν
2713 757 2917 830 ἔρημον
2965 761 3062 831 τὴν
3095 761 3257 831 ἁγίαν
3289 765 3493 836 σκηνὴν
3520 767 3754 840 ἐγείρειν

2165 846 2418 902 ἐϐούλετο
2454 851 2482 902 6
2509 849 2660 916 Θεὸς,
2707 852 2786 914 είς
2824 851 3008 905 εἰκόνα
3039 854 3134 906 καὶ
3169 853 3338 908 τύπον
3366 857 3466 926 τῆς
3494 856 3554 926 ἐξ
3583 860 3752 916 ἐθνῶν

2177 941 2522 1012 Ἐκκλησίας,
2557 942 2974 1014 συναγείρεσθαι
2991 945 3102 999 δεῖν
3125 945 3196 1000 τὰ
3222 949 3302 1010 είς
3324 946 3484 1002 τοῦτο
3506 952 3751 1023 χρήσιμα

2163 1032 2417 1087 διετύπου
2451 1035 2630 1090 πάλιν.
2669 1036 2814 1108 Ἔφη
2850 1053 2908 1090 τε
2946 1037 3088 1091 οὕτω
3130 1039 3266 1110 πρὸς
3293 1039 3384 1094 τὸν
3429 1043 3750 1116 ἱεροφάντην

2163 1125 2398 1178 Μωσέαο
2437 1145 2454 1177 ι
2525 1126 2648 1180 Ἐὰν
2705 1126 2876 1200 λάϐῃς
2920 1127 3012 1181 τὸν
3050 1129 3411 1202 συλλογισμὸν
3457 1131 3566 1186 τῶν
3617 1134 3750 1190 υἱῶν

2175 1220 2389 1290 Ἰσραὴλ
2409 1223 2466 1274 ἐν
2488 1223 2554 1293 τῇ
2577 1223 2849 1294 ἐπισκοπῇ
2881 1223 3079 1293 αὐτῶν,
3107 1225 3202 1280 καὶ
3226 1227 3490 1283 δώσουσιν
3518 1229 3750 1298 ἕκαστος

2161 1310 2331 1380 λύτρα
2368 1312 2468 1383 τῆς
2513 1312 2692 1384 ψυχῆς
2743 1314 2910 1369 αὑτοῦ
2943 1316 3166 1388 Κυρίῳ,
3210 1319 3306 1374 καὶ
3347 1320 3448 1375 οὐκ
3482 1321 3636 1378 ἔσται
3689 1327 3748 1380 ἐν

2160 1403 2346 1466 αὐτοῖς
2391 1403 2598 1468 πτῶσις
2645 1407 2702 1460 ἐν
2749 1408 2814 1478 τῇ
2858 1407 3132 1480 ἐπισκοπῇ
3177 1409 3396 1466 αὐτῶν·
3447 1415 3542 1467 καὶ
3593 1415 3749 1470 τοῦτό

2159 1499 2306 1550 ἐστιν
2330 1495 2358 1550 ὃ
2377 1495 2658 1562 δώσουσιν,
2677 1499 2790 1553 ὅσοι
2818 1499 2915 1554 ἐὰν
2945 1500 3284 1572 πορεύωνται
3306 1503 3404 1575 τὴν
3425 1505 3738 1578 ἐπίσκεψιν,

2156 1588 2219 1642 τὸ
2249 1589 2420 1660 ἦμισυ
2454 1589 2546 1643 τοῦ
2576 1590 2906 1663 διδράχμου,
2953 1593 2982 1646 ὅ
3029 1596 3145 1648 ἐστι
3181 1595 3324 1651 κατὰ
3365 1597 3660 1668 δίδραχμον
3686 1601 3748 1655 τὸ

2158 1680 2310 1748 ἅγιον
2337 1721 2351 1749 ,
2389 1680 2593 1736 εἴκοσιν
2637 1683 2816 1738 ὀϐολοὶ
2859 1685 2921 1738 τὺ
2975 1685 3299 1758 δίδραχμον,
3331 1688 3393 1742 τὸ
3439 1691 3612 1762 ἥμισυ
3650 1693 3745 1746 τοῦ

2157 1772 2454 1846 διδράχμου
2489 1775 2718 1848 εἰσφορᾶ
2743 1776 2820 1848 τῷ
2850 1778 3058 1849 Κυρίῳ.
3093 1781 3208 1843 Πᾶς
3235 1782 3263 1834 6
3290 1787 3748 1854 παραπορευόμε-

2089 1843 2127 1898 Β
2157 1843 2254 1930 νος.
2289 1868 2368 1930 εἰς
2410 1865 2510 1938 τὴν
2550 1867 2858 1938 ἐπίσκεψιν,
2891 1869 3000 1923 ἀπὸ
3027 1872 3369 1936 εἰκοσαετοῦς
3417 1875 3512 1928 καὶ
3563 1874 3748 1931 ἐπάνω

2153 1956 2384 2012 δώσουσι
2435 1957 2533 2030 τὴν
2587 1958 2850 2031 εἰσφορὰν
2897 1959 2974 2031 τῷ
3016 1961 3230 2034 Κυρίῳ.
3278 1962 3339 2017 '0
3387 1963 3634 2019 πλουτῶν
3681 1967 3745 2020 οῦ

2153 2052 2472 2124 προσθήσει,
2505 2051 2598 2106 καὶ
2630 2053 2659 2105 6
2693 2053 2990 2124 πενόμενος
3013 2055 3114 2108 οὐκ
3137 2054 3481 2127 ἐλαττονήσει
3505 2057 3615 2112 ἀπὸ
3645 2057 3743 2112 τοῦ

2151 2142 2383 2214 ἡμίσους
2407 2142 2502 2197 τοῦ
2536 2143 2832 2216 διδράχμου
2853 2187 2871 2212 ,
2899 2146 2992 2198 ἐπὶ
3019 2146 3079 2198 τὸ
3114 2145 3317 2200 διδόναι
3347 2148 3447 2220 τὴν
3483 2149 3744 2219 εἰσφορὰν

2149 2233 2228 2304 τῷ
2258 2234 2448 2306 Κυρίῳ
2472 2249 2484 2265 ·
2523 2234 2872 2300 ἐξιλάσασθαι
2903 2236 3031 2308 περὶ
3063 2235 3172 2290 τῶν
3199 2236 3388 2309 ψυχῶν
3422 2238 3577 2309 ὑμῶν
3597 2255 3612 2270 ο
3647 2239 3744 2294 καὶ

2149 2326 2296 2398 λήψῃ
2345 2327 2406 2381 τὸ
2455 2327 2716 2400 ἀργύριον
2769 2328 2868 2398 τῆς
2929 2329 3191 2400 εἰσφορᾶς
3237 2329 3389 2400 παρὰ
3436 2330 3546 2384 τῶν
3598 2331 3731 2386 υίῶν

2163 2419 2398 2491 Ἰσραὴλ,
2431 2421 2522 2473 καὶ
2557 2419 2748 2484 δώσεις
2772 2419 2955 2484 αὐτοῖς
2983 2421 3064 2484 εἰς
3103 2419 3370 2493 κάτεργον
3401 2423 3502 2492 τῆς
3533 2422 3742 2494 σκηνῆς

2146 2510 2240 2562 τοῦ
2289 2511 2612 2581 μαρτυρίου,
2647 2511 2738 2564 καὶ
2767 2509 2918 2564 ἔσται
2945 2512 3060 2575 τοῖς
3087 2512 3224 2574 υἱοῖς
3271 2511 3490 2584 Ἰσραὴλ
3527 2514 3740 2584 μνημό-

2149 2618 2308 2656 συνον
2339 2601 2579 2656 ἐναντίον
2610 2602 2817 2674 Κυρίου
2860 2601 3211 2666 ἐξιλάσασθαι
3255 2604 3386 2676 περὶ
3414 2603 3523 2656 τῶν
3551 2603 3740 2675 ψυχῶν

2147 2695 2322 2766 ὑμῶν.
2372 2715 2390 2747 ι
2437 2696 2568 2750 Ἰδοὺ
2610 2694 2674 2767 δὴ
2708 2695 2868 2750 πάλιν
2897 2696 3102 2768 ἀκριὸῆ
3133 2701 3226 2751 τδν
3258 2697 3586 2769 ἐκλογισμὸν
3617 2697 3738 2752 δια-

2147 2788 2504 2861 περαίνεσθαι
2545 2789 2655 2843 δεῖν
2692 2791 2721 2844 6
2752 2789 3049 2861 νομοθέτης
3086 2788 3255 2860 φησί·
3293 2791 3634 2858 συνενεγκεῖν
3678 2787 3740 2843 δέ

2145 2881 2481 2953 προστέταχε
2519 2881 2590 2935 τὰ
2633 2883 2782 2954 δῶρα
2829 2881 3042 2954 Κυρίῳ,
3075 2881 3140 2936 τὸ
3175 2881 3348 2952 ἥμισυ
3391 2881 3486 2936 τοῦ
3519 2881 3739 2956 διδράχ-

2147 2991 2272 3044 μου.
2315 2974 2472 3038 Τίνες
2515 2974 2563 3027 δ’
2590 2973 2656 3028 ἂν
2703 2971 2812 3028 εἷεν
2854 2977 2904 3028 οἱ
2969 2973 3362 3046 προσκομίζειν
3405 2973 3734 3043 ὀφείλοντες,

2143 3063 2369 3137 διορίζει
2400 3065 2587 3136 σαφῶς
2607 3082 2621 3100 ο
2652 3066 2713 3119 οὐ
2740 3067 2853 3139 γὰρ
2875 3065 2940 3138 δὴ
2969 3066 3217 3136 γυναίοις
3241 3065 3402 3120 τοῦτο
3430 3065 3584 3138 δρᾷν,
3609 3064 3737 3120 οὔτε

453 3127 672 3194 molles,
731 3137 786 3185 et
833 3134 926 3204 qui
971 3137 1267 3206 prudentia
1330 3141 1516 3197 minus
1558 3144 1802 3214 perfecta
1853 3155 1983 3204 sunt
2023 3167 2035 3202 :

2147 3127 2254 3228 μῆλ’
2277 3127 2390 3222 ’έοῖῖ
2422 3127 2502 3211 ἔτί
2531 3127 2946 3230 νηπίοιςέιρῆκε
2979 3127 3114 3220 δεός
3134 3177 3146 3190 ·
3175 3127 3616 3228 αποδοκιμαέων,
3652 3151 3735 3211 οῖ-

453 3219 824 3292 ascripsitque
851 3225 906 3280 in
940 3227 1292 3287 oﬁ‘erentium
1318 3249 1611 3291 numerum
1650 3237 1897 3294 adultum
1925 3241 2038 3312 jam

2146 3219 2245 3320 ξισίι
2270 3219 2392 3316 που,
2429 3249 2489 3312 τὸ
2526 3219 2930 3320 ἄναλκί-τεΙκαὶ
2965 3249 3243 3322 μαλθακὸν
3266 3290 3281 3316 ,
3315 3219 3513 3305 καὶ-τὸ⁷
3547 3219 3737 3314 ἀτελὲς

453 3319 511 3364 et
533 3311 808 3382 vigentem
835 3317 1116 3387 juvenem,
1139 3332 1195 3380 et
1223 3328 1318 3398 qui
1336 3327 1405 3398 ad
1439 3328 1837 3399 inspectionem
1858 3340 2038 3388 trans-

454 3400 592 3467 iret,
629 3404 835 3471 quibus
861 3410 1040 3464 telatis
1067 3427 1274 3468 annum
1321 3420 1634 3486 prazscribit
1687 3421 2035 3480 vicesimum.

453 3487 570 3544 Soli
597 3491 744 3545 enim
780 3493 930 3564 digni
962 3511 1092 3556 sunt
1115 3503 1316 3561 oﬁ'erre
1340 3507 1483 3564 dona
1517 3511 1752 3568 Domino
1776 3515 1931 3585 juxta
1957 3517 2038 3572 le—

453 3581 538 3651 gis
569 3582 973 3658 praescriptum,
1007 3594 1102 3664 qui
1133 3599 1400 3666 puerilem
1443 3618 1668 3660 sensum
1714 3581 1878 3678 atque
1913 3625 2036 3666 mu-

452 3669 686 3728 liebrem
728 3677 974 3736 animum
1025 3685 1373 3756 transiliunt,
1417 3691 1642 3763 jamque
1693 3697 1763 3753 ad
1819 3699 2037 3756 virilem

454 3771 772 3814 mensuram
805 3778 1202 3836 pervenerunt,
1240 3787 1365 3826 cum
1393 3782 1554 3831 aetate
1582 3793 1706 3848 qua
1733 3779 1788 3834 in
1815 3780 2037 3840 Christo

456 3845 786 3919 intelligitur
837 3862 894 3908 et
946 3857 1254 3926 spiritualis
1293 3870 1398 3928 est,
1444 3845 1617 3934 plena
1645 3869 1756 3923 sint
1791 3879 1847 3925 et
1891 3872 2034 3929 inte-

452 3954 568 4008 gra.
608 3940 674 3996 Hi
721 3951 1012 4004 transeunt
1055 3949 1126 4004 ad
1170 3952 1589 4024 inspectionem,
1627 3959 1684 4014 id
1715 3969 1820 4026 est,
1857 3978 1916 4019 se
1947 3965 2035 4024 di-

450 4044 588 4097 gnos
619 4033 869 4102 praebent
915 4038 1010 4107 qui
1043 4038 1102 4094 in
1154 4042 1332 4098 oculis
1371 4045 1470 4099 Dei
1515 4059 1829 4116 versentur,
1865 4061 1926 4108 ut
1977 4055 2034 4110 in

449 4119 682 4177 Psalmis
705 4125 956 4182 canitur:
1000 4150 1018 4180 ‹
1041 4128 1200 4186 Oculi
1253 4133 1470 4190 Domini
1505 4153 1674 4209 super
1707 4143 1886 4213 justos
1910 4147 1973 4200 “.
2009 4167 2026 4200 ›

448 4211 525 4265 L‘a
551 4227 719 4282 porro
741 4217 1136 4290 redemptionis
1155 4225 1333 4294 pretia
1348 4242 1448 4296 pro
1465 4230 1640 4286 salute
1658 4211 2028 4304 oﬁ‘erentium,

447 4313 503 4357 et
525 4303 594 4358 ad
622 4307 799 4362 sancti
829 4311 1171 4370 tabernaculi
1195 4332 1395 4386 opera,
1426 4328 1482 4374 et
1523 4321 1582 4376 in
1613 4338 2030 4386 monumentum

448 4414 632 4454 coram
695 4403 928 4460 Domino
1001 4408 1416 4468 offerebantur:
1481 4419 1750 4487 praeclara
1794 4437 2032 4495 namque

2143 3345 2222 3412 είς
2259 3343 2472 3398 σύνεσιν
2493 3359 2506 3378 π
2539 3343 2976 3415 ἐγκαταγράφων
3019 3343 3076 3403 δέ
3107 3341 3298 3414 ὥσπερ
3323 3344 3436 3406 τοῖς
3460 3341 3736 3410 ὀφείλουσι

2144 3407 2516 3507 καρποφορεῖν
2535 3407 2627 3488 τδν
2646 3407 2892 3508 ὴ6ηκότα
2913 3435 3018 3506 ήδη
3037 3435 3134 3490 καὶ
3155 3407 3472 3506 σφριγῶντα
3492 3407 3731 3500 νεανίαν,

2143 3529 2238 3580 καὶ
2263 3529 2780 3600 παραπορευόμενον
2811 3529 2892 3592 εἰς
2917 3527 3014 3598 τὴν
3042 3527 3352 3597 ἐπίσκεψιν,
3387 3521 3468 3591 οἷς
3495 3527 3590 3579 καὶ
3615 3524 3734 3589 ἔτος

2141 3615 2312 3686 ὁρίζει
2341 3617 2401 3670 τό
2432 3617 2695 3672 εἰκοστόν.
2717 3615 2887 3672 Μόνοι
2917 3617 3026 3688 γὰρ
3050 3617 3188 3682 ἄξιοι
3217 3615 3312 3670 τοῦ
3339 3617 3539 3689 χρῆναι
3565 3632 3734 3688 προσ-

2140 3709 2293 3777 ἀγειν
2321 3708 2393 3762 τὰ
2422 3709 2570 3782 δῶρα
2613 3711 2841 3780 Κυρίῳ,
2877 3709 3023 3763 κατὰ
3075 3709 3168 3763 τὸν
3201 3710 3398 3780 νόμον,
3444 3709 3493 3762 οἱ
3540 3724 3734 3780 μειρα·

2141 3799 2306 3872 κιώδη
2343 3801 2605 3872 φρόνησιν
2630 3801 2725 3855 καὶ
2765 3801 3077 3872 θηλύφρονα
3109 3800 3236 3854 νοῦν
3265 3799 3730 3872 ἀναθρώσκοντες,

2139 3893 2233 3947 καὶ
2259 3894 2338 3957 εἰς
2371 3893 2563 3966 ἀνδρὸς
2589 3893 2687 3966 ἤδη
2715 3893 2996 3962 τελοῦντες
3023 3893 3240 3965 μέτρον,
3269 3893 3492 3965 ἡλικίας
3514 3891 3730 3963 ἔχοντες

2140 3985 2416 4057 πλήρωμα
2450 3986 2524 4056 (1)
2558 3985 2658 4056 τῆς
2691 3987 2748 4039 ἐν
2779 3983 3002 4056 Χριστῷ
3042 3985 3338 4058 νοουμένης
3363 3986 3454 4039 καὶ
3487 4000 3732 4056 πνευμαο

2137 4079 2315 4148 τικῆς.
2336 4069 2494 4130 Οὗτοι
2525 4075 2997 4146 παραπορεύονται
3021 4079 3100 4141 είς
3117 4077 3216 4148 τὴν
3239 4075 3548 4146 ἐπίσκεψιν.
3573 4092 3728 4132 τουτ-

2139 4171 2287 4224 έστιν
2311 4211 2324 4232 ,
2363 4167 2548 4239 ἀξίους
2583 4169 2812 4232 ἑαυτοὺς
2855 4169 3217 4239 ἀποφαίνουσι
3257 4169 3352 4223 τοῦ
3386 4171 3482 4224 καὶ
3518 4169 3575 4223 ἐν
3607 4167 3728 4238 δψει

2141 4261 2392 4330 γενέσθαι
2444 4234 2602 4324 Θεοῦ,
2659 4257 2800 4312 κατὰ
2848 4260 2912 4312 τὸ
2961 4234 3021 4314 ἐν
3067 4259 3317 4331 Ψαλμοῖς
3366 4234 3722 4330 ὑμνούμενον·

2147 4370 2166 4404 ι
2213 4347 2513 4420 Ὀφθαλμοὶ
2538 4347 2744 4419 Κυρίου
2767 4348 2859 4402 ἐπὶ
2885 4348 3144 4412 δικαίους.
3183 4368 3202 4402 ι
3248 4349 3418 4420 ’Υπὲρ
3450 4347 3725 4420 σωτηρίας

2138 4442 2196 4496 δὲ
2222 4442 2321 4512 τῆς
2353 4439 2463 4494 τῶν
2501 4439 2890 4510 προσαγόντων
2933 4439 2999 4494 τὰ
3028 4441 3199 4512 λύτρα
3217 4481 3232 4506 ,
3268 4441 3363 4494 καὶ
3388 4442 3470 4503 εἰς
3495 4439 3566 4492 τὰ
3592 4438 3724 4493 κάτ-

447 4499 768 4550 sanctorum
788 4495 1073 4554 hominum
1097 4511 1249 4574 gesta
1291 4507 1556 4565 ecclesias
1579 4513 1946 4583 constituunt,
1977 4527 2032 4572 et

448 4581 512 4604 ...l
539 4593 731 4604 -.Α-.-.η
759 4603 785 4604 η
832 4603 838 4604 ,
951 4591 962 4602 ο
999 4601 1007 4604 _
1050 4593 1065 4604 ι
1301 4597 1336 4604 --
1440 4599 1490 4604 ,μ

2146 4495 2410 4604 εργαιῖτῆς
2443 4495 2606 4600 ἁγίας
2641 4495 2867 4603 σκηνῆς,
2911 4535 3006 4591 καὶ
3041 4495 3142 4596 είς⁵
3163 4495 3506 4604 μνημόσυνον
3541 4530 3716 4587 ἔναντι

447 4581 794 4640 adornatum
823 4591 966 4644 sacri
993 4593 1338 4652 tabernaculi
1373 4599 1530 4657 utilia
1563 4614 1711 4670 sunt,
1761 4617 1818 4662 ct
1859 4609 2022 4664 simul

449 4673 642 4700 ..ηῗυηηιι
674 4678 897 4700 ..Λιμιλᾲκ
938 4683 1065 4700 κων·
1156 4697 1165 4700 -
1292 4699 1296 4700 ,
1372 4691 1384 4700 ε
1460 4693 1470 4700 .
1717 4699 1722 4700 ,

2146 4581 2694 4700 εῃσῦνίστησι
2732 4581 3214 4697 γὰρ’ὲκκλησίαέ,
3257 4581 3356 4679 real
3389 4627 3470 4690 είς
3515 4625 3718 4694 κόσμον

446 4673 644 4731 anima:
674 4678 904 4735 salutem
929 4683 1192 4753 efﬁciunt,
1247 4699 1304 4745 et
1336 4691 1522 4762 glorize
1555 4699 1906 4768 sempiternus
1930 4718 2026 4757 co-

447 4778 583 4820 rona
618 4769 765 4824 viros
791 4773 962 4828 fortes
999 4792 1284 4837 exornant.
1325 4785 1405 4840 An
1434 4787 1528 4850 tibi
1559 4806 1754 4858 parum
1787 4810 1916 4850 vere
1941 4796 2026 4849 (li-

448 4875 573 4924 cere
618 4861 913 4939 videmur?
1465 4859 1469 4863 ’
1567 4877 1570 4880 ”

513 5130 710 5187 PALL.
738 5133 870 5189 Mihi
899 5135 1122 5206 quidem
1142 5138 1451 5197 verissime.

512 5224 671 5282 CYR.
689 5228 1107 5304 Redemptionis
1129 5235 1298 5308 igitur
1317 5242 1556 5307 pretium
1575 5261 1671 5303 seu
1696 5251 2023 5310 siclum‘vel-

443 5317 522 5372 uti
561 5335 788 5378 censum
813 5327 1105 5396 quemdam
1133 5333 1277 5403 exigi
1321 5335 1488 5406 jussit
1517 5337 1682 5405 Deus,
1712 5341 1878 5412 idque
1901 5355 2021 5400 erat

441 5423 639 5468 eorum
665 5413 957 5484 tributum,
993 5420 1088 5490 qui
1120 5423 1186 5477 ad
1228 5425 1444 5482 virilem
1483 5436 1701 5483 aetatem
1737 5436 2021 5501 pervenis-

441 5510 582 5564 sent.
617 5503 686 5557 At
710 5521 838 5562 vero
859 5511 1140 5584 principes
1183 5517 1425 5574 tribuum
1466 5520 1784 5591 adjecerunt
1807 5524 1872 5581 iis
1900 5543 2020 5596 qum

516 5655 561 5687 ⁸³
607 5655 779 5710 Exod.
811 5674 934 5713 xxx.
987 5661 1172 5720 12-16.
1251 5669 1291 5700 “
1320 5670 1460 5725 Psal.
1493 5689 1677 5726 xxxm.
1709 5675 1790 5730 16.

511 5792 586 5866 (Ι)
612 5794 795 5848 ’ὀὶγίριί
839 5796 1030 5862 codex,
1071 5801 1374 5872 γνώριπέι-α-

2129 4720 2375 4791 χρήσιμα
2401 4719 2497 4790 τῆς
2527 4718 2688 4786 ἁγίας
2721 4717 2957 4788 σκηνῆς,
2993 4715 3060 4770 τὰ
3089 4715 3197 4823 τῶν
3225 4715 3416 4817 ,ἁγίων
3445 4716 3717 4823 ἁνδραγα;

2132 4806 2374 4876 θήματα,
2411 4808 2549 4876 μετὰ
2590 4805 2682 4859 τοῦ
2715 4806 2808 4859 καὶ
2841 4805 2938 4878 τὴν
2971 4806 3070 4877 τῆς
3110 4805 3292 4878 ψυχῆς
3327 4807 3604 4879 σωτηρίαν
3654 4805 3712 4858 εὖ

2141 4897 2286 4968 μάλα
2313 4896 2738 4968 συγκατορθοῦν,
2769 4899 2866 4951 καὶ
2895 4899 3237 4970 ἀτελευτήτῳ
3258 4899 3386 4972 δόξῃ
3415 4897 3713 4968 στεφανοῦν

2135 4991 2260 5053 τοὺς
2285 4989 2722 5060 ἁνδριζομένους.
2755 4992 2824 5044 Ἢ
2844 4991 2946 5044 οὐκ
2975 4991 3178 5064 ἀληθὴς
3208 4993 3236 5056 6
3261 4991 3417 5061 λόγος
3455 4985 3598 5047 εἷναί
3631 5006 3710 5044 σοι

2133 5081 2314 5145 δοκεῖ;

2205 5175 2410 5228 ΠΑΛΛ.
2445 5175 2592 5228 Πάνυ
2625 5175 2723 5245 μὲν
2761 5172 2873 5230 οὖν.

2196 5268 2362 5320 ΚΥΡ.
2391 5267 2464 5322 T6
2484 5268 2584 5338 μὲν
2605 5265 2699 5324 οὖν
2731 5269 2945 5342 λύτρον.
2967 5271 3084 5341 ἦτοι
3101 5269 3487 5340 τὸδίδραχμον,
3503 5268 3706 5338 δασμο-

2121 5358 2399 5426 λογεῖσθαι
2427 5360 2537 5414 δεῖν
2568 5362 2999 5433 κεχρησμῲδηκε
3031 5361 3182 5426 Θεὸς,
3234 5361 3328 5414 καὶ
3363 5357 3432 5432 ἦν
3461 5359 3570 5413 τῶν
3613 5359 3705 5412 ἀν-

2122 5448 2454 5520 δριζομένων
2481 5452 2538 5504 ἐν
2564 5453 2737 5522 τούτῳ
2761 5452 2830 5505 τὰ
2861 5451 3009 5521 τέλη.
3037 5453 3098 5504 Οἱ
3127 5450 3184 5504 δέ
3209 5448 3318 5502 τῶν
3343 5446 3525 5518 φυλῶν
3551 5443 3704 5517 ἡγού-

2127 5556 2296 5608 μενοι,
2333 5541 2713 5612 προστιθέντες
2745 5545 2859 5606 τοῖς
2887 5544 2950 5595 ἐκ
2979 5543 3145 5611 νόμον
3187 5536 3696 5610 προστεταγμένοις,
