4082 6304
377 344 483 400 δι’]
1382 349 1438 404 S.
1497 349 1772 406 CYRILLI
1813 351 2286 409 ALEXANDRINI
2327 354 2648 414 ARCHIEP.
3537 349 3644 406 M8

376 463 696 520 ostendistis
723 463 780 518 in
801 477 1001 518 nomen
1052 464 1172 535 ejus
1205 463 1276 517 ".
1305 482 1322 514 ι
1363 465 1540 536 Atque
1573 463 1665 520 ille
1720 465 1946 537 quidem
1976 492 1988 530 λ

2052 469 2150 539 μὲν
2179 469 2378 541 ἥκιστά
2405 487 2492 539 γε,
2521 471 2769 544 διανεμεῖ
2797 470 2854 526 δέ
2881 470 2965 525 ὅτι
2992 469 3114 526 ’τῶν
3157 468 3336 524 πόνων
3371 468 3441 523 τὰ
3479 469 3639 543 γέρα,

379 556 608 610 minime
666 554 1062 621 obliviscetur;
1099 554 1218 610 fore
1256 563 1440 610 autem
1489 563 1550 610 ut
1597 555 1665 610 iis
1701 556 1954 611 laborum

2056 565 2167 625 τοῖς
2195 552 2452 635 ὀῖνωτέρω
2488 564 2854 636 μαλακισμοῦ,
2884 564 2978 619 τοῦ
3007 562 3436 628 καταϐιάζοντος
3469 564 3548 628 εἱς
3580 563 3642 616 τὸ

379 649 605 718 praemia
643 647 871 712 tribuat,
902 648 995 718 qui
1025 647 1194 701 animi
1219 647 1540 718 languorem
1569 647 1638 702 ad
1668 656 1956 718 peccatum

2058 649 2408 721 πλημμελὲς,
2454 653 2860 725 πληροφορήσει
2913 653 3076 707 πάλιν
3117 653 3187 707 τὰ
3235 655 3292 707 ἐν
3335 655 3447 716 τοῖς
3491 653 3639 722 Ἀρι-

377 739 771 808 perducentem
803 739 1136 809 superarint,
1170 745 1492 809 argumento
1521 747 1650 792 sunt
1677 754 1742 794 ea
1761 751 1958 796 rursus

2060 738 2088 792 θ
2097 744 2215 810 μοῖς
2237 743 2619 814 γεγραμμένα·
2650 763 2668 796 ι
2699 745 2809 799 Kal
2831 744 3062 814 ἐλάλησε
3079 744 3285 816 Κύριος
3310 744 3448 814 πρὸς
3467 743 3639 813 Μωσῆ

379 844 503 898 qua:
524 830 727 899 scripta
755 839 884 885 sunt
909 831 964 883 in
989 830 1274 884 Numeris:
1323 848 1341 880 ι
1367 830 1438 884 Et
1459 830 1683 884 locutus
1714 839 1800 885 est
1853 833 1958 886 Do-

2048 833 2155 886 ’καὶ
2222 833 2486 906 Ἐλεάζαρ
2538 835 2630 891 τὸν
2679 836 2826 908 ἱερέα
2875 837 3081 904 λέγων·
3117 835 3264 890 Λάϐε
3313 835 3415 906 τὴν
3467 833 3640 905 ἀρχὴν

380 923 565 978 minus
597 924 666 978 ad
713 924 934 995 Moysen
963 931 1022 978 et
1075 923 1404 978 Eleazarum
1467 923 1836 988 sacerdotem,
1871 924 1959 978 di-

2062 923 2240 994 πάσης
2269 927 2587 996 συναγωγῆς
2614 925 2744 979 υἱῶν
2781 927 3018 998 Ἰσραὴλ,
3043 927 3152 980 ἀπὸ
3181 923 3526 987 εἱκοσαετοῦς
3547 925 3641 979 xal

380 1030 544 1068 cens:
569 1016 812 1085 Accipite
835 1033 1101 1070 summam
1127 1019 1304 1072 omnis
1329 1017 1773 1091 congregationis
1793 1017 1961 1072 Israel

2063 1014 2266 1080 ἐπάνω,
2294 1016 2416 1069 κατ’
2438 1017 2618 1080 οἴκους
2645 1017 2890 1089 πατριῶν
2916 1017 3117 1072 αὐτῶνσ
3163 1018 3271 1079 πᾶς
3293 1017 3322 1068 ὀ
3351 1015 3642 1086 ἐκπορευό-

390 1121 421 1159 a
444 1107 638 1177 viginti
671 1109 828 1163 annis
863 1119 920 1163 et
947 1125 1132 1180 supra,
1165 1113 1328 1184 135
1355 1129 1455 1184 per
1503 1113 1696 1167 dumos
1729 1109 1961 1166 familia-

2067 1123 2226 1176 μενος
2275 1107 2688 1176 παρατάξασθαι
2731 1109 2788 1161 ἐν
2833 1107 3066 1180 Ἰσραήλ.
3113 1125 3132 1158 ι
3171 1103 3304 1160 Εἶτα
3348 1105 3643 1176 γενομένης

382 1213 507 1250 rum
576 1200 822 1269 ipsorum
860 1220 873 1256 :
917 1205 1098 1258 omnis
1141 1205 1234 1273 qui
1281 1204 1563 1275 egreditur
1606 1203 1675 1258 ad
1711 1215 1962 1272 pugnan-

2063 1196 2166 1265 τῆς
2203 1197 2630 1270 ἀπαριθμήσεως
2669 1199 2809 1254 κατὰ
2839 1199 3066 1270 δήμους,
3121 1199 3218 1251 καὶ
3249 1196 3392 1250 κατὰ
3436 1195 3640 1266 φυλὰς,

381 1289 512 1344 dum
549 1293 602 1346 in
647 1294 812 1349 Israel
837 1295 902 1347 ’⁸.
937 1315 954 1345 ›
981 1295 1216 1360 Deinde,
1250 1295 1392 1351 facta
1421 1293 1835 1350 enumeratione
1869 1307 1969 1362 per

2066 1289 2316 1360 ἐπιφέρει
2348 1290 2528 1344 πάλινο
2568 1310 2586 1343 ι
2622 1291 2732 1346 Kal
2763 1291 2992 1362 ἐλάλησε
3033 1291 3238 1361 Κύριος
3272 1288 3406 1361 πρὸς
3446 1287 3640 1358 Μωσῆ.

381 1383 616 1452 populos
651 1393 707 1438 et
743 1387 942 1448 tribus,
973 1386 1141 1442 infert
1173 1387 1374 1442 iterum
1411 1405 1426 1442 :
1472 1409 1490 1438 ι
1517 1388 1586 1442 Et
1622 1387 1842 1440 locutus
1887 1393 1972 1440 est

2067 1380 2268 1449 λέγων·
2315 1381 2538 1448 Τούτοις
2573 1383 2962 1455 μερισθήσεται
2995 1385 3028 1455 ή
3061 1383 3130 1452 γῆ
3181 1381 3536 1454 κληρονομεῖν
3585 1378 3647 1444 ἐξ

379 1476 650 1532 Dominus
673 1477 742 1532 ad
796 1478 1042 1549 Moysen,
1085 1481 1274 1536 dicens
1300 1481 1432 1537 :IIis
1463 1467 1826 1536 distribuetu'r
1853 1487 1969 1533 ter-

2069 1471 2302 1544 άριθμοῦ
2332 1475 2609 1544 ὀνομάτων
2629 1491 2644 1506 ·
2675 1477 2787 1538 τοῖς
2817 1475 3026 1528 πλείοσι
3058 1475 3371 1538 πλεονάσεις
3396 1473 3494 1544 τὴν
3521 1471 3647 1544 κλη-

379 1583 462 1629 ra,
488 1577 550 1624 ut
582 1585 705 1624 eam
762 1571 1080 1640 possideant
1111 1588 1179 1628 ex
1219 1589 1456 1629 numero
1487 1574 1809 1628 nominum:
1845 1571 1966 1642 plu-

2045 1570 2052 1580 '
2075 1564 2348 1635 ρονομίαν,
2370 1566 2594 1629 καὶτοῖς
2615 1566 2888 1620 ἐλάττοσιν
2911 1565 3234 1630 ἐλαττώσεις
3262 1566 3362 1636 τὴν
3389 1565 3646 1636 κληρονο-

379 1659 536 1716 ribus
575 1662 836 1732 majorem
871 1663 1256 1720 haereditatem
1293 1665 1473 1731 dabis,
1511 1671 1566 1720 ct
1615 1663 1973 1736 paucioribus

2077 1654 2204 1724 μίαν
2253 1656 2458 1710 αὐτῶνθ
2491 1659 2734 1729 ἑκάστῳ,
2765 1657 2947 1722 καθὼς
2974 1658 3395 1728 ἐπεσκέπησαν,
3425 1656 3647 1727 δοθήσε-

379 1751 655 1806 minorem
705 1753 864 1810 dabis
911 1756 1296 1811 [nereditatem
1353 1755 1972 1828 ipsorumzunicuique,

2072 1762 2162 1798 ται
2193 1747 2227 1817 ή
2248 1747 2580 1819 κληρονομία
2614 1749 2826 1814 αὐτῶν,
2853 1749 2962 1807 ἀνὰ
2995 1751 3163 1820 μέσον
3191 1748 3401 1803 πολλῶν
3427 1747 3522 1802 καὶ
3542 1747 3649 1801 ὀλίσ

379 1841 523 1896 sicut
552 1845 810 1899 recensiti
827 1854 973 1910 sunt,
993 1847 1216 1902 dabitur
1241 1847 1538 1903 heereditas
1570 1863 1764 1903 eorum
1795 1865 1808 1900 :
1833 1845 1962 1918 [per

2035 1868 2036 1871 η
2063 1853 2194 1906 γων.
2231 1857 2250 1890 ι
2281 1840 2390 1892 Kal
2422 1839 2584 1911 νόμος
2619 1841 2718 1912 μὲν
2747 1834 2902 1906 οὗτος
2933 1839 3024 1894 ἐπί
3055 1858 3119 1908 γε
3147 1841 3208 1894 τὸ
3230 1839 3428 1912 χρῆναι
3459 1839 3647 1910 κληρο-

380 1940 559 1988 sortes
587 1935 872 1990 dividetur
892 1947 1040 1992 terra
1074 1938 1428 2006 nominibus;
1461 1954 1561 2009 per
1585 1938 1761 1992 tribus
1803 1937 1962 1992 fami-

2063 1931 2248 2000 νομεῖν
2277 1931 2405 1994 τοὺς
2441 1932 2502 1986 τὸ
2533 1933 2777 1987 εἱκοστδν
2804 1933 2907 2004 ήδη
2934 1931 3216 2003 τρίϐοντας
3247 1931 3384 1995 ἔτος.
3411 1931 3565 1985 Μετὰ
3587 1929 3645 1984 δέ

378 2023 579 2080 liarum
611 2043 831 2082 suarum
865 2028 1244 2084 beereditatem
1268 2038 1709 2101 consequentur:
1733 2045 1800 2083 ex
1816 2037 1964 2084 sorte

2064 2035 2129 2088 γε
2157 2020 2249 2073 τὸν
2286 2021 2611 2093 ἐκλογισμὸν
2638 2024 2736 2094 τῆς
2757 2023 3010 2093 ἀγελαίου
3033 2021 3271 2093 πληθύος
3289 2061 3303 2084 ,
3325 2021 3649 2092 ἐπαριθμεῖ-

380 2115 594 2172 divides
621 2117 999 2173 baereditatem
1040 2121 1285 2190 ipsorum
1318 2119 1438 2192 (1)]
1485 2119 1631 2174 inter
1681 2121 1884 2175 multos
1909 2126 1965 2175 et

2063 2125 2152 2162 ται
2178 2108 2240 2162 τὸ
2264 2109 2416 2178 γένος
2444 2109 2505 2164 τὸ
2529 2110 2830 2164 Λευῖτικόν·
2861 2129 2880 2162 ι
2905 2111 3015 2164 Kal
3029 2111 3078 2163 οἱ
3100 2109 3260 2173 υἱο⁴ι,›
3295 2108 3480 2178 φησιν,
3504 2125 3523 2158 ι
3553 2105 3647 2160 τοῦ

381 2221 584 2276 paucos
601 2207 666 2262 ⁸ο.
691 2228 710 2260 ι
733 2208 910 2278 Atque
937 2209 1053 2264 haec
1075 2211 1295 2280 quidem
1314 2211 1400 2264 lex
1417 2219 1520 2275 est,
1543 2226 1650 2280 qua
1671 2219 1815 2264 sorte
1836 2225 1965 2280 pos-

2065 2201 2198 2254 Λευῒ
2223 2202 2366 2256 κατὰ
2392 2204 2599 2275 δήμους
2633 2203 2814 2258 αὐτῶν
2850 2203 2928 2275 τῷ
2967 2201 3214 2268 Γεδσὼν,
3255 2201 3427 2271 δῆμος
3459 2202 3488 2254 ὀ
3530 2197 3651 2252 Γεδ-

380 2299 584 2354 sessuri
615 2309 775 2354 erant
801 2299 1177 2354 haereditatem
1209 2299 1248 2353 ii
1270 2299 1364 2369 qui
1387 2315 1592 2354 annum
1615 2303 1726 2371 jam
1761 2299 1964 2371 vigesi-

2069 2295 2217 2360 σωνὶ,
2245 2294 2322 2366 τῷ
2352 2295 2508 2350 Καὰο
2527 2340 2542 2360 ,
2573 2296 2744 2366 δῆμος
2773 2297 2800 2349 ὁ
2835 2295 3036 2359 Κααθὶ,
3075 2293 3154 2366 τῷ
3187 2294 3409 2364 Μεραρὶ
3428 2331 3444 2356 ,
3477 2291 3648 2362 δῆμος

379 2404 530 2444 mum
553 2397 793 2462 agerent.
821 2391 950 2446 Post
979 2392 1356 2448 recensionem
1382 2393 1550 2464 igitur
1576 2393 1816 2462 vulgaris
1849 2402 1966 2447 tur—

2065 2387 2094 2439 ὀ
2119 2387 2362 2458 Μεραρὶ·
2390 2381 2534 2442 οὗτοι
2561 2387 2722 2459 δῆμοι
2761 2387 2890 2440 υἱῶν
2921 2387 3074 2440 Λευῒ.
3107 2404 3126 2437 ι
3162 2384 3274 2438 Kal
3316 2381 3521 2454 μεταξὺ
3551 2399 3647 2450 γε·

381 2478 482 2546 bae,
523 2497 695 2552 genus
723 2481 1029 2537 Leviticum
1059 2492 1313 2538 numerat
1340 2501 1352 2536 :
1393 2502 1410 2534 ι
1443 2483 1510 2537 Ει
1540 2481 1658 2546 ﬁlii,
1702 2502 1720 2534 ι
1753 2483 1954 2552 inquit,

2066 2477 2400 2550 νεαλογήσας
2443 2479 2687 2542 Μωσέως
2731 2495 2793 2532 τε
2827 2478 2956 2550 πέρι
2993 2478 3086 2532 καὶ
3127 2475 3359 2548 Ἀαρὼν,
3401 2474 3649 2544 ἐπιφέρει

388 2588 408 2621 ι
433 2569 567 2624 Levi
602 2587 702 2640 per
726 2573 960 2642 populos
991 2589 1184 2627 eorum
1215 2591 1228 2626 :
1254 2571 1464 2628 Gerson
1498 2574 1734 2643 populus
1761 2572 1966 2628 Gerso-

2067 2569 2230 2622 πάλιν
2275 2570 2405 2640 περὶ
2446 2571 2555 2624 τῶν
2588 2571 2721 2623 υἱῶν
2760 2569 2925 2624 Λευῒ·
2965 2589 2984 2622 ι
3045 2569 3156 2623 Kal
3202 2565 3540 2638 ἐγενήθησαν
3590 2564 3651 2630 ἐξ

379 2661 645 2726 nitarum,
679 2662 848 2718 Caath
871 2663 1110 2732 populus
1139 2663 1543 2729 Caatliitarum,
1567 2662 1764 2717 Merari
1788 2679 1963 2733 popu-

2067 2659 2406 2729 ὲπισκέψεως
2451 2659 2630 2713 αὐτῶν
2676 2663 2827 2732 τρεῖς
2879 2661 2973 2714 καὶ
3020 2659 3192 2712 εἴκοσι
3235 2657 3506 2728 χιλιάδες,
3540 2657 3650 2708 πᾶν

380 2751 471 2806 lus
502 2753 888 2809 Meraritarum
915 2772 928 2808 :
963 2754 1020 2808 hi
1066 2754 1253 2824 populi
1284 2754 1522 2809 ﬁliorum
1569 2753 1701 2810 Levi
1725 2754 1790 2808 “.
1823 2774 1842 2805 ›
1874 2754 1966 2808 Ιη-

2066 2750 2354 2820 ἀρσενικδν
2385 2749 2493 2803 ἀπὸ
2529 2751 2778 2820 μηνιαίου
2807 2749 2902 2802 καὶ
2927 2749 3112 2803 ἐπάνω
3132 2767 3144 2778 ·
3195 2748 3256 2802 ού
3303 2751 3412 2819 γὰρ
3461 2761 3653 2799 συνεπ-

382 2849 468 2896 ter
488 2842 623 2906 haec,
653 2858 777 2897 cum
825 2859 998 2914 genus
1033 2845 1204 2916 Moysi
1247 2852 1302 2898 et
1334 2843 1519 2899 Aaron
1577 2844 1963 2909 recensuisset,

2067 2842 2380 2909 εσκέπησαν
2408 2841 2466 2893 ἐν
2483 2845 2592 2904 τοῖς
2607 2842 2740 2904 υἱοῖς
2765 2841 3003 2911 Ἰσραήλ.
3024 2840 3132 2892 Kal
3155 2837 3343 2909 αὖτηή
3366 2834 3653 2906 ἐπίσκεψις

384 2928 551 2985 infert
574 2931 773 2986 iterum
806 2933 874 2988 de
909 2932 1036 2989 ﬁliis
1070 2933 1201 2989 Levi
1228 2951 1242 2988 :
1281 2953 1300 2984 ι
1326 2935 1396 2988 Ει
1426 2933 1656 2988 fuerunt
1675 2948 1742 2988 ex
1768 2948 1964 2987 recen-

2067 2931 2240 3000 Μωσῆ
2269 2931 2364 2984 καὶ
2405 2931 2668 2998 Ἐλεάζαρ
2696 2930 2791 2984 τοῦ
2817 2932 3026 3002 ἱερέως,
3054 2928 3102 2982 οἳ
3127 2927 3500 2998 ἐπεσκέψαντο
3525 2927 3651 2989 τοὺς

383 3019 538 3073 sione
557 3035 752 3075 eorum
768 3023 870 3076 tria
890 3021 1148 3094 etviginti
1189 3021 1362 3076 millia
1382 3039 1396 3075 :
1419 3037 1580 3076 omne
1599 3021 1967 3076 masculinum

2071 3024 2220 3086 υἱοὺς
2258 3023 2474 3094 Ἰσραὴλ
2503 3024 2560 3077 ἐν
2611 3021 2855 3094 Ἀραϐὼθ
2897 3021 3070 3076 Μωὰϐ
3093 3022 3210 3074 ίέπὶ
3249 3019 3344 3073 τοῦ
3390 3018 3649 3090 Ἰορδάνου

383 3110 453 3165 ab
486 3126 595 3166 uno
616 3127 802 3168 mense
829 3120 884 3168 et
907 3129 1102 3184 supra:
1123 3130 1235 3169 non
1259 3113 1410 3168 enim
1435 3113 1819 3168 connumerati
1838 3119 1968 3167 sunt

384 3201 438 3222 3..
480 3200 604 3222 (MSS-
635 3202 801 3222 'l-____i
891 3205 997 3222 ,,,,-,
1040 3221 1047 3222 ,
1092 3221 1099 3222 ,
1184 3213 1251 3222 ,,.
1298 3205 1335 3222 κ·
1415 3205 1513 3222 ικιγ
1555 3220 1667 3222 __,,m
1697 3203 1745 3222 9,-
1786 3203 1957 3222 ,4-an

2073 3112 2214 3168 κατὰ
2266 3113 2496 3186 Ἱεριχὼ.
2539 3114 2648 3168 Kal
2675 3116 2733 3168 ἐν
2761 3113 2972 3177 τούτοις
2999 3115 3100 3168 οὐκ
3127 3109 3194 3185 ἦν
3227 3113 3511 3183 ἄνθρωπος
3541 3113 3649 3167 τῶν

2073 3207 2086 3222 .
2371 3205 2384 3222 .
2536 3204 2830 3222 ..ηη
3329 3203 3617 3222 ..θλ

384 3201 443 3256 in
479 3200 608 3256 ﬁliis
635 3202 803 3259 Israel
829 3222 843 3270 ;
881 3205 1010 3274 quia
1039 3221 1151 3259 non
1169 3213 1254 3260 est
1286 3205 1368 3260 eis
1399 3205 1525 3260 data
1551 3220 1672 3260 sors
1697 3203 1754 3258 in
1784 3203 1968 3258 medio
1995 3200 1996 3205 “

2070 3205 2496 3276 ἐπεσκεμμένων
2528 3204 2634 3260 ὑπὸ
2664 3205 2834 3276 Μωσῆ
2877 3205 2973 3258 καὶ
3015 3205 3258 3276 Ἀαρὼν,
3298 3203 3392 3270 οὓς
3418 3203 3651 3258 ἐπεσκέ-

385 3290 628 3347 ﬁliorum
659 3294 851 3350 Israel.
892 3296 962 3350 Et
1011 3296 1128 3350 lune
1159 3297 1471 3350 numeratio
1499 3297 1700 3366 Moysis
1721 3303 1778 3352 et
1804 3297 1968 3351 Elea-

2069 3297 2238 3367 ψαντο
2265 3299 2392 3362 τοὺς
2419 3299 2567 3362 υἱοὺς
2600 3297 2818 3370 Ἰσραὴλ
2848 3301 2904 3352 ἐν
2926 3299 2992 3370 τῇ
3023 3297 3216 3370 ἐρήμῳ
3239 3299 3391 3370 Σινᾷ,
3424 3297 3505 3352 ὅτι
3530 3292 3652 3350 εἷπε

386 3397 480 3436 zar
508 3384 834 3449 sacerdotis,
885 3385 980 3454 qui
1019 3396 1453 3440 numeraverunt
1513 3385 1656 3442 ﬁlios
1705 3389 1870 3442 Israel
1909 3387 1967 3443 in

2068 3388 2274 3462 Κύριος
2305 3391 2519 3453 αὐτοῖς’
2557 3389 2784 3462 Θανάτῳ
2811 3390 3210 3445 ἀποθανοῦνται
3252 3391 3310 3444 ἐν
3335 3392 3403 3461 τῇ
3439 3389 3649 3460 ἐρήμῳ,

382 3471 631 3529 Araboth
658 3477 837 3542 Moab,
867 3477 921 3530 In
945 3478 1204 3543 Iordane,
1235 3487 1422 3534 contra
1444 3481 1684 3536 Jericho.
1715 3482 1783 3536 Et
1805 3481 1857 3536 in
1882 3483 1970 3538 his

2069 3481 2166 3532 καὶ¹
2207 3478 2268 3532 οὐ
2299 3478 2630 3552 κατελείφθη
2663 3479 2724 3545 ἐξ
2764 3480 2942 3534 αὐτῶν
2985 3480 3104 3534 οὐδὲ
3147 3475 3248 3546 εἷς,
3299 3479 3438 3551 πλὴν
3471 3477 3655 3532 Χαλέσ

382 3577 494 3617 non
529 3575 650 3618 erat
680 3565 846 3621 homo
871 3583 939 3622 ex
973 3569 1042 3624 iis
1086 3571 1181 3639 qui
1215 3573 1490 3628 numerati
1511 3572 1735 3628 fuerant
1765 3591 1795 3630 a
1823 3575 1971 3648 Moy-

2069 3571 2183 3635 υἱδς
2224 3571 2470 3641 ’ἱεφωνῆ,
2517 3572 2612 3625 καὶ
2671 3570 2878 3642 Ἰησοῦς
2921 3573 2948 3625 ὀ
2981 3571 3072 3626 τοῦ
3099 3571 3277 3642 Ναυῆ.
3324 3590 3343 3623 ι
3378 3571 3488 3625 Kal
3519 3569 3653 3641 φέρε

383 3671 442 3711 se
465 3663 522 3709 et
557 3656 758 3724 Aaron,
793 3675 932 3730 quos
954 3671 1389 3718 numeraverunt
1422 3665 1562 3720 ﬁlios
1589 3665 1756 3720 Israel
1785 3667 1842 3722 in
1867 3667 1965 3721 de-

2074 3665 2160 3732 ἂν,
2189 3664 2351 3718 πάλιν
2385 3664 2746 3737 ἐπιτροχάδην
2801 3665 2898 3719 καὶ
2925 3663 3030 3720 άνὰ
3064 3664 3229 3736 μέρος
3259 3663 3466 3716 ἕκαστα
3493 3661 3653 3715 διῖόν-

383 3759 532 3804 serto
560 3751 876 3822 Sina;quia
929 3754 1358 3812 dixitDominus
1414 3757 1585 3828 ipsis:
1616 3757 1791 3813 Morte
1843 3773 1966 3812 mo-

1895 3773 1966 3812 ;o-
2071 3772 2184 3820 τες,
2212 3755 2459 3827 λέγωμεν
2501 3755 2835 3827 σαφέστερόν
2864 3775 2925 3810 τε
2957 3757 3052 3810 καὶ
3077 3756 3507 3828 εὐκρινέστερον.

384 3845 596 3900 rientur
624 3847 680 3901 in
705 3847 955 3914 deserto;
987 3857 1042 3904 et
1092 3867 1202 3907 non
1229 3849 1335 3904 fuit
1362 3851 1591 3906 relictus
1619 3868 1688 3906 ex
1708 3851 1790 3907 eis
1821 3867 2003 3922 neque
2049 3867 2212 3917 unus,
2245 3862 2611 3923 praeterquam
2659 3851 2826 3908 Caleb
2858 3852 3004 3907 ﬁlius
3027 3851 3292 3922 Jephone,
3317 3857 3372 3903 et
3391 3847 3551 3903 Iesus
3584 3843 3652 3900 fl-

382 3936 492 3995 lius
517 3937 664 3992 Nave
681 3938 745 3992 ³⁹.
772 3958 790 3990 ι
829 3939 940 4010 Age
965 3941 1150 4010 igitur,
1178 3941 1360 3996 denuo
1381 3943 1583 3996 cursim
1603 3959 1666 3998 ac
1691 3959 1790 4014 per
1811 3953 1995 4014 partes
2029 3945 2241 4016 singula
2266 3954 2684 4015 prosequentes,
2711 3944 2956 3999 dicamus
2999 3943 3202 4000 clarius
3220 3957 3285 3998 ac
3315 3941 3656 3998 distinctius.

452 4031 651 4087 PALL.
679 4032 952 4103 Eloquere
980 4034 1163 4104 itaque
1198 4035 1339 4090 nihil
1369 4044 1692 4103 cunctatus;
1725 4054 1852 4092 nam
1903 4039 1961 4092 in

2143 4040 2346 4094 IIAAA.
2379 4038 2557 4109 Φράζε
2592 4039 2653 4108 δή
2691 4035 2783 4092 οὖν
2815 4039 3050 4109 ὀκνήσας
3089 4037 3262 4103 οὐδὲν,
3301 4037 3378 4102 ὡς
3407 4037 3464 4092 ἐν
3495 4055 3560 4108 γε
3585 4038 3649 4110 δὴ

381 4123 652 4195 ejusmodi
679 4125 844 4178 rebus
869 4125 1176 4196 jucundum
1198 4135 1281 4182 est
1305 4137 1498 4198 argute
1533 4128 1828 4182 disserere.

1313 4137 1498 4198 argute
1533 4128 1828 4182 disserere.
2063 4129 2272 4194 τούτοις
2304 4131 2402 4201 ἡδὺ
2443 4130 2504 4183 τὸ
2539 4131 2925 4200 στενολεσχεῖν.

444 4215 602 4272 CYR.
660 4216 834 4288 Igitur
885 4216 942 4271 in
971 4233 1148 4288 pauca
1208 4219 1620 4289 propositorum
1664 4221 1960 4275 verborum

2140 4220 2304 4273 ΚΥΡ.
2355 4218 2564 4273 οὐκοῦν
2615 4220 2672 4270 ἐν
2719 4218 2918 4286 ὀλίγοις
2970 4217 3081 4272 τῶν
3133 4217 3512 4289 προκειμένων
3556 4216 3647 4272 τὸν

383 4322 608 4363 sensum
641 4308 1008 4374 conferentes,
1043 4309 1180 4364 illud
1201 4311 1477 4366 dicimus:
1533 4310 1791 4366 Adultam
1841 4328 1966 4366 rur-

2065 4313 2192 4368 νοῦν
2249 4312 2682 4383 συναγείροντες,
2731 4311 2907 4364 ἐκεῖνό
2951 4327 3164 4380 φαμεν·
3206 4311 3278 4362 To
3331 4309 3538 4381 ήὸηκός
3583 4307 3647 4380 δὴ

383 4415 478 4455 sus
507 4409 563 4455 et
599 4401 732 4456 belli
771 4417 883 4456 non
932 4403 1177 4474 ignaram
1209 4412 1428 4458 aetatem
1477 4405 1757 4460 numerari
1807 4405 1967 4477 jubet

2067 4403 2250 4468 πάλιν,
2281 4403 2376 4455 καὶ
2416 4400 2516 4472 τήν
2549 4399 3018 4470 ἐμπειροπόλεμον
3053 4399 3265 4470 ήλικίαν
3311 4397 3644 4469 ἀπαριθμεῖ-

383 4491 549 4546 Deus.
586 4491 658 4547 Ut
687 4493 836 4547 enim
858 4495 972 4564 jam
1019 4497 1174 4566 prius
1211 4496 1470 4562 diximus,
1511 4497 1714 4568 cogniti
1753 4505 1810 4551 et
1861 4497 1960 4551 de-

2067 4495 2188 4549 σθαι
2230 4496 2338 4548 δεῖν
2380 4493 2707 4566 προστάττει
2739 4491 2890 4554 Θεός.
2942 4492 3031 4552 Ὠς
3062 4491 3166 4560 γὰρ
3205 4491 3304 4561 ήδη
3341 4489 3649 4560 φθάσαντες

384 4582 575 4653 scripti
609 4593 739 4638 sunt
766 4585 910 4655 apud
959 4587 1152 4653 Deum,
1203 4598 1260 4644 et
1293 4589 1350 4643 in
1388 4589 1594 4644 librum
1655 4589 1964 4644 viventium

2061 4587 2309 4656 εἴπομεν,
2346 4587 2403 4637 ἐν
2433 4582 2634 4652 γνώσει
2680 4599 2740 4635 τε
2774 4582 2866 4634 καὶ
2899 4581 3194 4652 ἀπογραφῇ
3229 4583 3292 4651 τῇ
3321 4580 3472 4650 παρὰ
3503 4577 3644 4648 Θεῷ,

384 4675 565 4740 relati,
592 4692 701 4732 non
726 4677 977 4733 imbelles
1003 4688 1060 4734 et
1095 4679 1321 4747 inﬁrmi,
1353 4697 1532 4751 neque
1568 4681 1729 4751 pueri
1779 4681 1963 4736 adhuc

2059 4680 2152 4733 καὶ
2175 4680 2232 4731 ἐν
2261 4677 2427 4748 βίϐλῳ
2459 4677 2695 4742 ζώντων,
2729 4674 2788 4728 οὐ
2822 4675 2882 4726 τὸ
2905 4673 3098 4728 άναλκι
3123 4674 3216 4726 καὶ
3244 4672 3492 4744 ἀδρανὲς,
3523 4670 3645 4725 οὔτε

383 4780 570 4829 sensu,
598 4766 694 4820 sed
722 4768 1038 4840 quicunque
1095 4771 1267 4827 fortes
1313 4779 1370 4827 et
1415 4771 1590 4842 parati
1627 4771 1696 4825 ad
1752 4771 1960 4826 bellum

2063 4770 2169 4842 μὴν
2202 4769 2262 4822 τὸ
2293 4769 2374 4822 ἔτι
2415 4767 2684 4840 νηπιάζον
2715 4765 2852 4821 κατὰ
2880 4766 2978 4836 τὴν
3027 4765 3288 4836 φρόνησιν
3307 4807 3321 4829 ,
3371 4763 3506 4817 ἀλλὰ
3537 4763 3643 4816 πᾶν

383 4871 512 4910 cum
556 4855 707 4910 vitiis
737 4866 902 4926 atque
959 4867 1185 4927 peccato
1213 4863 1540 4932 gerendum,
1593 4873 1649 4920 et
1683 4863 1846 4920 ﬁrma
1899 4880 1963 4921 ac

2057 4861 2182 4914 ὅσον
2220 4861 2369 4914 ἐστὶν
2425 4859 2680 4922 εὐσθενές
2727 4875 2786 4911 τε
2819 4857 2918 4928 ’ήδη
2948 4857 3040 4908 καὶ
3081 4855 3294 4924 ἕτοιμον
3343 4855 3426 4917 εἱς
3468 4853 3645 4923 παρά-

384 4947 568 5003 stabili
623 4957 752 5002 sunt
801 4948 1115 5019 sapientia,
1177 4963 1233 5009 et
1298 4957 1410 5026 apti
1466 4959 1576 5033 jam
1628 4957 1698 5012 ad
1751 4974 1817 5013 ea
1865 4974 1962 5028 ge-

2054 4955 2207 5022 ταξιν
2247 4953 2346 5024 τὴν
2405 4950 2550 5006 κατὰ
2589 4950 2780 5003 παθῶν
2820 4965 2878 5000 τε
2910 4947 3002 5000 καὶ
3032 4945 3327 5016 ἁμαρτίας,
3361 4944 3455 4998 καὶ
3486 4944 3645 5014 βεϐη-

382 5041 556 5098 renda
608 5057 674 5098 ac
728 5041 1100 5113 perﬁcienda,
1154 5062 1277 5116 quae
1348 5048 1492 5104 Deus
1541 5050 1674 5108 velit
1722 5068 1735 5105 :
1801 5050 1957 5121 135

2069 5047 2162 5111 κὸς
2193 5049 2273 5111 εἱς
2316 5044 2568 5107 σύνεσιν,
2619 5039 2894 5112 εὐπρεπές
2933 5038 3132 5114 τευήδη
3177 5037 3310 5108 πρὸς
3343 5036 3405 5088 τὸ
3448 5035 3646 5107 χρῆναι

383 5133 552 5191 iidem
599 5149 698 5205 per
753 5135 952 5201 tribus,
999 5145 1057 5192 et
1113 5151 1182 5191 ex
1245 5137 1487 5203 nomine,
1540 5149 1597 5195 et
1645 5143 1962 5213 singulatim

2067 5140 2198 5210 δρᾷν
2235 5139 2326 5193 καὶ
2353 5136 2612 5191 δύνασθαι
2658 5130 2988 5204 κατορθοῦν,
3025 5129 3062 5185 ἃ
3097 5129 3161 5184 ἂν
3192 5129 3433 5201 βούλοιτο
3475 5128 3606 5192 Θεὸς
3627 5145 3641 5158 ·

387 5234 588 5284 terram
614 5229 796 5299 partiti
829 5238 976 5285 sunt.
1008 5229 1266 5285 Ilaaredes
1288 5244 1521 5299 namque
1545 5238 1710 5286 terra:
1739 5240 1960 5299 sanctae,

2068 5221 2216 5282 οὗτοί
2235 5246 2292 5282 τε
2313 5227 2410 5299 τήν
2431 5227 2534 5298 γῆν
2563 5225 2704 5279 κατά
2728 5238 2787 5278 τε
2815 5223 2912 5286 τὰς
2935 5221 3128 5292 φυλὰς,
3150 5219 3245 5273 καὶ
3272 5219 3332 5283 ἐξ
3360 5219 3641 5290 ὀνόματος,

385 5327 444 5374 et
459 5328 800 5388 speratorum
818 5319 1090 5376 bonorum
1120 5319 1418 5394 participes
1432 5329 1595 5374 erunt
1619 5320 1656 5374 ii
1675 5321 1741 5375 de
1762 5321 1964 5390 quibus

2071 5320 2166 5375 καὶ
2202 5319 2322 5375 καθ’
2353 5319 2582 5374 ἕκαστον
2615 5311 2674 5371 εὖ
2713 5315 2856 5388 μάλα
2887 5314 3306 5385 διεμοιρήσαντο
3327 5327 3340 5342 ⁸
3385 5310 3642 5382 κληρονό-

387 5409 686 5479 loquimur,
711 5428 810 5481 per
833 5413 1012 5469 tribus
1043 5421 1102 5469 et
1137 5411 1394 5477 familias,
1430 5421 1492 5465 ut
1519 5411 1575 5466 in
1599 5411 1711 5466 illis
1742 5411 1924 5467 verbis
1949 5431 1961 5466 :

2075 5431 2164 5484 μοι
2209 5413 2319 5484 γὰρ
2363 5412 2574 5465 ἔσονται
2603 5410 2703 5480 τῆς
2741 5407 2902 5479 ἁγίας
2927 5408 3050 5477 γῆς,
3091 5406 3184 5460 καὶ
3225 5404 3335 5458 τῶν
3375 5406 3432 5458 ἐν
3463 5402 3641 5458 ἐλπίσι

397 5519 414 5552 ι
442 5500 593 5556 Beati
623 5502 784 5558 mites
807 5544 822 5567 ,
854 5507 1114 5575 quoniam
1153 5504 1259 5574 ipsi
1293 5504 1700 5559 haareditabunt
1727 5513 1962 5570 terram;

2077 5502 2392 5575 μεθέξουσιν
2427 5501 2668 5571 ἀγαθῶν,
2699 5503 2749 5556 οἱ
2789 5501 2917 5570 περὶ
2949 5492 3022 5553 ὧν
3054 5499 3081 5552 ὁ
3113 5497 3272 5567 λόγος
3308 5498 3450 5550 κατὰ
3476 5493 3641 5565 φυλάς

389 5594 536 5650 beati
578 5593 999 5662 misericordes,
1049 5596 1310 5668 quoniam
1364 5595 1468 5666 ipsi
1532 5595 1964 5652 misericordiam

2072 5613 2132 5648 τε
2161 5595 2254 5648 καὶ
2289 5595 2430 5648 κατὰ
2452 5594 2626 5664 γένος,
2655 5595 2729 5658 ὡς
2758 5595 2814 5647 ἐν
2841 5593 2936 5664 τῷ,
2977 5611 2995 5644 ι
3037 5591 3312 5664 Μακάριοι
3340 5591 3390 5643 οἱ
3428 5587 3637 5660 πραεῖς,

359 5721 395 5744 ’
465 5713 511 5744 "'
544 5713 710 5768 Hebr.
741 5729 814 5779 vr,
859 5714 941 5769 I0.
1019 5716 1063 5747 ³³
1103 5715 1261 5769 Num.
1305 5731 1449 5780 mm,
1521 5715 1576 5778 Ξ,
1615 5716 1667 5770 5.
1781 5715 1824 5746 ³⁰
1860 5713 2020 5780 Ibid.,
2064 5714 2244 5769 Sil-SI.
2322 5714 2363 5745 "
2393 5712 2554 5776 Ibid.,
2613 5714 2700 5777 57,
2762 5712 2847 5766 58.
2960 5710 3004 5741 ³³
3045 5708 3206 5774 Ibid.,
3248 5707 3438 5764 6‘2-65.

467 5809 547 5876 Μ)
581 5807 746 5864 Uncis
772 5807 978 5862 inclusa
1001 5806 1200 5861 desunt
1229 5809 1280 5862 in
1310 5818 1458 5862 textu
1483 5807 1691 5864 Grteco.
1719 5809 1868 5865 Eutr.
1961 5828 1992 5844 κ
