4082 6304
417 340 522 397 349

1136 339 1223 395 DE
1263 339 1706 398 ADORATIONE
1744 342 1812 397 IN
1853 341 2126 400 SPIRITU
2165 341 2254 398 ΕΤ
2296 342 2668 398 VERITATE.
2707 342 2838 397 LIB.
2873 342 2960 398 iV.

3580 345 3686 404 550

417 460 500 512 ὅτι
521 458 677 512 αὐτοὶ
710 457 1177 530 κληρονομήσουσι
1209 459 1306 532 τὴν
1336 463 1473 533 γῆνο
1506 457 1765 535 μακάριοι
1789 465 1836 517 oi
1860 463 1996 533 ἐλεή-

2109 472 2520 533 consequentur
2536 463 2613 530 ³³;
2641 481 2660 516 ι
2684 471 2742 519 ει
2761 463 2817 518 in
2837 463 2960 518 aliis
2992 460 3123 518 item
3145 461 3582 521 beatitudinibus
3597 463 3685 520 vi-

419 565 614 618 μονες,
655 551 739 605 ὄτι
787 551 943 604 αὐτοὶ
994 551 1412 623 ἐλεηθήσονται’
1469 573 1486 606 ι
1543 555 1636 608 καὶ
1675 556 1751 619 ὡς
1785 557 1844 608 ἐν
1887 558 2000 618 τοῖς

418 641 626 712 ἑτέροις
659 645 1049 712 μακαρισμοῖς.
1076 643 1292 716 Κλῆρος
1318 644 1428 717 γὰρ
1459 640 1611 709 οὗτος
1639 647 1784 698 ἐστιν
1810 645 2000 716 ὥσπερ

421 751 501 790 τις
520 733 650 794 ἴδιος
673 732 784 784 τῶν
808 731 1146 802 ὴλεημένων,
1175 731 1397 804 πραέων
1427 750 1487 786 τε
1515 734 1610 786 καὶ
1631 733 1741 787 τῶν
1769 732 1999 802 πτωχῶν

421 826 478 878 ἐν
501 824 793 893 πνεύματι,
819 825 924 876 καὶ
935 823 1309 893 δεδιωγμένων
1329 825 1492 878 ἕνεκα
1517 825 1613 895 τῆς
1628 824 1994 894 δικαιοσύνης.

423 915 570 979 Πλὴν
600 916 696 968 καὶ
729 913 851 968 καθ’
881 914 977 968 ἕνα
1019 915 1114 968 καὶ
1151 915 1208 981 ἐξ
1247 915 1510 984 ὀνόματος
1555 915 1654 985 τῆς
1691 914 1942 978 εὐκλείας
1971 915 2000 967 6

427 1005 708 1075 στέφανος,
769 1006 1044 1074 ἀναλόγως
1087 1007 1318 1060 ἕκαστον
1353 1008 1464 1068 τοῖς
1513 1005 1676 1061 αὐτοῦ
1722 1003 2000 1076 κατορθώ-

429 1115 558 1171 μασι
601 1091 868 1168 τιμῶντος
895 1095 1032 1150 Θεοῦ
1053 1137 1067 1160 ,
1102 1098 1198 1151 καὶ
1224 1099 1322 1168 τὴν
1350 1097 1574 1153 δέουσαν
1613 1099 1722 1160 τοῖς
1754 1097 1998 1170 ἀνδριζο-

428 1188 610 1259 μένοις
655 1187 1078 1258 ἐπιμετροῦντος
1127 1190 1318 1260 χάριν,
1365 1189 1414 1242 εί
1452 1194 1545 1242 καὶ
1593 1189 1749 1263 Hart.
1785 1190 1818 1260 ἦ
1859 1188 1990 1261 καὶ]

423 1281 590 1332 νοοῖτο
617 1279 800 1349 τυχὸν,
835 1279 910 1345 ὡς
938 1282 995 1333 ἐν
1029 1279 1213 1351 μέτρῳ
1245 1281 1468 1345 πλείονι,
1499 1281 1593 1334 καὶ
1626 1281 2000 1354 πλουσιωτέρα

421 1369 671 1439 διανομῇ·
705 1387 722 1418 ι
749 1369 964 1442 Μέτρον
989 1369 1150 1440 γὰρ.»
1183 1371 1338 1440 φησὶ,
1367 1390 1386 1423 ι
1414 1371 1579 1424 καλὸν
1613 1371 1996 1442 πεπιεσμένον,

423 1461 851 1530 σεσαλευμένον,
901 1462 1407 1532 ὑπερεκχυνόμενον
1460 1462 1725 1516 δώσουσιν
1777 1464 1858 1526 είς
1908 1462 1998 1516 τὸν

421 1551 618 1604 κόλπον
651 1551 836 1620 ὑμῶν·
873 1571 892 1602 ι
933 1552 1027 1604 καὶ
1057 1552 1186 1605 αὐτὸ
1219 1552 1282 1621 δὴ
1308 1553 1468 1606 τοῦτο
1492 1552 1685 1623 δηλοῦν
1711 1551 1866 1624 οἶμαί
1895 1569 1996 1606 που

417 1643 480 1714 τρ
500 1643 662 1712 φάναι
684 1643 816 1696 Θεόν
837 1661 850 1674 ·
881 1663 900 1696 ι
931 1645 1057 1708 Τοῖς
1091 1644 1302 1699 πλείοσι
1332 1645 1646 1710 πλεονάσεις
1681 1645 1778 1717 τὴν
1803 1646 1998 1716 κληρο-

419 1737 610 1806 νομίαν
664 1735 877 1801 αὐτῶν,
921 1739 1014 1791 καὶ
1062 1741 1174 1801 τοῖς
1221 1738 1500 1792 ἐλάττοσιν
1538 1737 1862 1801 ἐλαττώσεις
1897 1738 1997 1809 τὴν

2103 554 2234 609 dere
2259 553 2390 610 licet
2420 572 2432 608 :
2457 554 2728 626 ejusmodi
2750 554 2898 609 enim
2918 553 3209 609 haereditas
3243 553 3686 612 misericordium

2102 653 2160 701 et
2189 644 2406 700 mitium
2426 661 2492 700 ac
2511 661 2815 716 pauperum
2843 645 3063 715 spiritu,
3099 652 3159 700 et
3187 661 3384 706 eorum
3419 647 3514 716 qui
3553 661 3684 716 per-

2101 735 2440 790 secutionem
2471 735 2758 804 patiuntur
2785 742 3010 804 propter
3039 735 3332 804 justitiam,
3376 736 3530 806 quasi
3553 751 3686 806 pro-

2101 827 2220 895 pria
2261 834 2364 881 est.
2427 826 2535 881 Sed
2582 835 2761 882 tamen
2810 826 3121 895 singulatim
3177 841 3396 896 quoque
3432 834 3487 881 et
3529 827 3686 896 juxta

2101 919 2324 973 nomina
2350 934 2550 973 corona
2578 919 2763 988 gloria:
2811 918 2993 982 datur,
3037 933 3163 971 cum
3192 919 3337 972 Deus
3368 918 3565 986 cuique
3585 932 3687 986 pro

2101 1017 2249 1065 recte
2276 1009 2544 1065 factorum
2584 1010 2795 1064 ratione
2826 1009 3066 1063 honores
3089 1009 3388 1078 persolvat,
3430 1009 3690 1076 gratiaru-

2101 1117 2208 1172 que
2234 1101 2470 1156 fortibus
2483 1101 2638 1166 viris,
2673 1117 2800 1172 quae
2817 1101 3029 1166 deerat,
3061 1099 3413 1154 admetiendo
3430 1099 3646 1167 adjiciat
3671 1115 3686 1164 ;

2101 1193 2352 1263 quamvis
2383 1209 2448 1248 ea
2480 1194 2710 1248 fortasse
2741 1201 2998 1262 tanquam
3050 1192 3258 1261 majore
3301 1205 3559 1244 mensura
3595 1205 3692 1243 cu-

2101 1286 2501 1355 mulatiorcque
2523 1283 2780 1340 distribui
2811 1283 3170 1354 intelligenda
3193 1282 3266 1336 sit
3293 1301 3306 1335 :
3335 1301 3352 1332 ι
3378 1280 3690 1334 Mensuram
3743 1268 3752 1277 ’

2099 1375 2303 1445 quippe
2320 1374 2541 1440 bonam,
2567 1393 2584 1424 ι
2605 1375 2802 1444 inquit,
2816 1394 2833 1424 ι
2861 1381 2917 1428 et
2932 1372 3252 1436 confertam,
3271 1379 3327 1425 et
3341 1369 3686 1440 coagitatam,

2099 1475 2156 1521 et
2175 1466 2659 1536 superciliuentem
2675 1466 2884 1522 dabunt
2912 1466 2966 1520 in
3001 1465 3184 1520 sinum
3207 1471 3451 1518 vestrum
3475 1460 3521 1491 “
3545 1458 3690 1512 υἱά-

2099 1571 2207 1626 que
2225 1556 2406 1625 ipsum
2431 1555 2738 1626 signiﬁcare
2755 1556 2972 1626 opinor,
2995 1570 3122 1610 cum
3141 1551 3277 1608 dicit
3298 1552 3474 1606 Deus:
3513 1567 3531 1598 ι
3560 1547 3690 1601 Plu-

2099 1645 2255 1700 ribus
2276 1646 2538 1715 majorem
2575 1645 2956 1700 haereditatem
2985 1645 3221 1709 tribues,
3252 1651 3309 1697 et
3333 1638 3691 1712 paucioribus

2099 1735 2368 1806 minorem
2409 1736 2786 1790 haereditatem
2819 1737 2976 1792 dabis
3011 1754 3029 1808 :_
3053 1735 3374 1804 unicuique,
3405 1740 3468 1786 ut
3496 1745 3694 1784 recen-

419 1828 778 1900 κληρονομίαν
808 1830 985 1883 αὐτῶν
1006 1870 1020 1894 ,
1063 1830 1299 1899 ἑκάστῳ,
1356 1828 1544 1894 καθὼς
1576 1829 1992 1900 ἐπεσκέπησαν,

2099 1828 2192 1884 siti
2213 1801 2380 1895 sunt,
2413 1829 2638 1884 dabitur
2686 1828 2982 1883 haereditas
3016 1801 3282 1897 ipsorum‘
3303 1824 3368 1877 ³⁵.
3421 1840 3440 1874 ι
3472 1821 3692 1876 Etenim

417 1919 698 1990 δοθήσεται
750 1923 782 1992 ή
822 1920 1156 1993 κληρονομία
1207 1923 1408 1978 αὐτῶν.
1457 1942 1476 1975 ι
1534 1923 1607 1976 Τὸ
1655 1922 1765 1995 γὰρ
1815 1923 1892 1986 ὡς
1937 1923 1996 1976 ἐν

415 2012 632 2083 ἀριθμῷ
663 2013 771 2067 τῶν
800 2013 1080 2083 ὀνομάτων
1111 2013 1336 2078 πλείονι,
1361 2013 1530 2077 τύπος
1561 2013 1626 2068 ἂν
1655 2014 1865 2083 γένοιτο
1895 2030 1996 2067 σοι⁸

417 2102 521 2173 φὴς
552 2103 646 2157 τοῦ
677 2105 1072 2176 ὑπερκειμένου
1105 2105 1198 2159 καὶ
1230 2106 1613 2171 πλεονάζοντος
1643 2108 1702 2160 ἐν
1732 2107 1902 2178 ἀρετῇ
1926 2127 1937 2138 ·
1969 2109 2000 2160 6

419 2198 520 2266 μὲν
545 2197 654 2268 γὰρ
690 2198 882 2264 οὕτως,
916 2201 945 2253 6
977 2199 1033 2252 δὲ
1080 2197 1252 2262 οὕτως
1277 2200 1572 2268 εὐδοκιμεῖ,
1607 2197 1750 2252 κατὰ
1779 2198 1874 2251 τὸν
1896 2216 2000 2269 μα·-

409 2281 608 2354 οιὰριυν
649 2283 881 2338 Παῦλον.
925 2284 1197 2356 Κληρωτὴ
1233 2285 1289 2338 δὲ
1320 2287 1353 2354 ὴ
1384 2285 1479 2354 γῆ,
1521 2285 1641 2337 κατ’
1678 2283 1853 2337 ἐκεῖνό
1894 2300 1998 2338 που

413 2376 554 2445 τάχα
586 2377 679 2430 τό·
721 2397 740 2428 ι
785 2379 872 2430 Ἐν
899 2380 1020 2440 ταῖς
1043 2380 1200 2448 χερσί
1233 2396 1327 2430 σου
1355 2379 1403 2431 oi
1436 2376 1628 2448 κλῆροί
1661 2395 1780 2448 μου·
1815 2397 1833 2428 ι
1865 2376 2000 2447 πρὸς

414 2467 547 2520 Θεὸν
575 2467 884 2538 εἰρημένον.
915 2469 1045 2540 Θείᾳ
1071 2468 1180 2540 γὰρ
1205 2469 1370 2538 ψήφῳ
1397 2469 1688 2539 γενήσεται
1725 2467 1836 2522 τῶν
1877 2470 2000 2522 ἐσο-

418 2559 596 2630 μένων
641 2561 861 2628 ἁγαοῶν
905 2563 937 2630 ἡ
983 2560 1229 2632 ἀπλανὴς
1280 2560 1628 2635 διανέμησις,
1678 2561 1892 2630 ἑκάστῳ
1939 2560 2000 2612 τὸ

417 2651 627 2724 πρέπον
656 2654 734 2714 είς
759 2653 1143 2724 ἀποκλήρωσιν
1172 2653 1248 2720 (1)
1271 2651 1546 2722 ὁρίζοντος
1568 2651 1687 2704 τότε
1705 2649 1799 2704 τοῦ
1823 2650 2002 2705 πάντα

415 2743 616 2807 εἰδότος
644 2744 712 2797 τὰ
737 2743 859 2798 καθ’
889 2745 1058 2814 ἡμᾶς.
1101 2743 1266 2815 Ἰδικὴ
1290 2743 1346 2797 δέ
1379 2744 1541 2796 πάλιν
1570 2744 1732 2814 ἡτῶν
1761 2743 2002 2798 Λευῖτῶν

414 2835 814 2907 ἀπαρίθμησις,
847 2837 954 2888 ἀπο
995 2835 1245 2906 μηνιαίου
1278 2835 1372 2888 καὶ
1417 2836 1624 2888 ἐπάνω.
1660 2835 1769 2890 Καὶ
1801 2836 2003 2908 κλῆρος

415 2928 596 2990 αὐτοῖς
631 2929 690 2980 οὐ
726 2929 928 2982 δίδοται
976 2930 1034 2980 ἐν
1071 2929 1223 3000 μέσῳ
1267 2927 1375 2980 τῶν
1423 2928 1556 2980 υἱῶν
1601 2927 1847 2998 Ἰσραὴλ,
1881 2927 2002 2982 οὐδὲ

420 3021 900 3091 πνεπεσκέπησαν
934 3021 1138 3082 αὐτοῖς.
1184 3018 1511 3091 Ἀγιώτερον
1544 3021 1651 3090 γὰρ
1683 3021 1768 3074 ἀεί
1799 3038 1902 3074 που
1941 3021 2003 3073 τὺ

2096 1936 2360 1977 numerus
2409 1921 2502 1976 ille
2563 1921 2847 1976 nominum
2911 1919 3119 1989 major,
3159 1917 3334 1987 ﬁgura
3373 1921 3458 1968 est
3501 1917 3712 1981 aperta,

2096 2013 2493 2084 praestantioris
2508 2011 3026 2080 excellentior-isque
3043 2007 3263 2063 virtutis
3283 2024 3298 2073 ;
3316 2007 3408 2060 hic
3423 2004 3571 2060 enim
3588 2005 3689 2069 sic,

2097 2105 2189 2161 ille
2219 2121 2350 2161 vero
2388 2106 2468 2160 sic
2483 2105 2700 2160 laudem
2725 2111 2992 2169 meretur,
3015 2110 3078 2157 ut
3094 2101 3172 2156 ait
3194 2099 3391 2155 beatus
3416 2094 3690 2152 Paulus“.

2100 2197 2258 2254 Sorte
2311 2205 2497 2252 autem
2553 2197 2820 2251 dividitur
2867 2203 3037 2272 terrp,
3075 2209 3140 2249 ea
3196 2192 3430 2246 fortasse
3478 2187 3695 2242 ratione

2099 2304 2208 2360 qua
2253 2288 2464 2344 dictum
2511 2296 2598 2342 est
2639 2289 2754 2342 Deo
2792 2305 2806 2341 :
2853 2307 2873 2339 ι
2924 2287 2986 2342 in
3044 2285 3302 2340 manibus
3358 2281 3466 2336 tuis
3517 2285 3696 2334 sortes

2099 2393 2236 2434 meae
2273 2380 2338 2433 ³⁷.
2385 2399 2403 2432 ›
2448 2379 2650 2436 Divino
2700 2378 2906 2448 quippe
2946 2374 3178 2431 arbitrio
3234 2373 3329 2428 ﬁet
3377 2371 3695 2425 futurorum
3763 2399 3768 2403 -

2100 2471 2370 2526 bonorum
2400 2472 2558 2528 ﬁrma
2595 2471 2937 2535 distributio,
2972 2485 3100 2524 cum
3124 2508 3138 2533 ,
3179 2465 3316 2537 quid
3347 2463 3548 2532 cuique
3590 2461 3694 2515 tri-

2099 2565 2272 2621 buere
2304 2575 2574 2636 Oporteat,
2602 2583 2670 2622 eo
2707 2575 2954 2636 tempore
2995 2563 3085 2618 ille
3123 2561 3454 2617 deliniturus
3488 2557 3579 2620 sit,
3602 2555 3694 2610 cui

2101 2658 2285 2712 omnia
2329 2667 2520 2713 nostra
2553 2657 2773 2729 cegnita
2807 2663 2958 2712 sunt.
3017 2653 3248 2724 Propria
3276 2660 3462 2706 autem
3501 2661 3695 2702 rursus

2101 2748 2163 2804 ﬁt
2194 2749 2514 2805 Levitarum
2559 2748 2910 2804 enumeratio
2946 2746 3016 2800 ab
3048 2759 3161 2799 uno
3192 2757 3381 2798 mense
3410 2749 3690 2808 etsupra;

2100 2858 2281 2913 neque
2317 2858 2436 2898 sors
2483 2842 2593 2898 illis
2643 2841 2806 2896 datur
2859 2841 2915 2896 in
2974 2839 3162 2894 medio
3201 2837 3442 2892 ﬁliorum
3488 2831 3689 2894 lsrael.

2100 2951 2280 3004 neque
2319 2951 2444 2990 cum
2462 2935 2570 2990 illis
2587 2941 2970 2989 recensentur.
2992 2931 3222 3000 Semper
3259 2927 3409 2984 enim
3448 2923 3694 2980 sanctius

2101 3037 2185 3082 est
2207 3027 2420 3082 caeteris
2455 3041 2628 3096 genus
2680 3023 2816 3078 illud
2866 3023 3155 3076 sacratius.
3199 3018 3438 3087 Ideoque
3471 3015 3695 3070 illorum

420 3111 707 3182 ἱερώτερον
764 3111 934 3179 γένος.
986 3110 1076 3163 Διὸ
1125 3112 1219 3164 καὶ
1273 3110 1584 3182 ἐξῃρημένη
1617 3111 1724 3164 τῶν
1758 3111 1996 3183 ἄλλων-ί]

2103 3117 2400 3187 descriptio
2430 3117 2498 3170 ab
2513 3116 2637 3170 aliis
2671 3113 2924 3170 tribubus
2944 3119 3196 3182 exempta
3221 3116 3325 3173 est,
3359 3121 3540 3176 neque
3569 3105 3696 3158 iilo-

415 3203 709 3274 ἀπογραφὴ
746 3203 872 3273 περὶ
895 3201 1080 3266 αὐτοῦ,
1099 3203 1192 3256 καὶ
1216 3201 1414 3272 κλῆρος
1439 3203 1618 3266 αὐτοῖς
1648 3203 1709 3256 οὐ
1737 3202 1872 3272 μετᾶ
1893 3201 2000 3256 τῶν

415 3291 624 3357 ἄλλων,
661 3291 795 3344 ἀλλὰ
839 3293 933 3345 καὶ
977 3291 1260 3362 ἐπίσκεψις
1297 3292 1474 3364 ίδική’
1516 3293 1674 3363 μερὶς
1719 3293 1777 3345 δὲ
1816 3293 2000 3357 αὐτοῖς

415 3383 512 3447 καὶ
537 3383 758 3454 κλῆρος,
789 3383 950 3446 αὐτὸς
975 3384 1003 3434 ὁ
1031 3381 1137 3437 τῶν
1157 3383 1292 3436 ὅλων
1323 3384 1477 3448 Θεὸς,
1517 3385 1658 3456 κατὰ
1680 3383 1740 3436 τὸ
1767 3425 1782 3448 ,
1821 3402 1837 3434 ι
1879 3385 2001 3437 Μα-

417 3475 599 3546 κάριοι
635 3478 683 3529 οί
731 3475 961 3545 καθαρεῖ
1002 3477 1067 3544 τῇ
1122 3475 1356 3546 καρδίᾳ,
1404 3475 1487 3528 ὅτι
1533 3474 1687 3527 αὐτοὶ
1722 3474 1814 3526 τὸν
1866 3473 1998 3526 Θεὸν

417 3569 658 3638 ὄψονται.
691 3587 710 3620 ι
733 3568 854 3622 Τῶν
873 3567 942 3634 γὰ
949 3584 980 3638 ρ
1008 3566 1354 3636 καλουμένων
1379 3564 1608 3635 πτωχῶν
1626 3563 1702 3634 τῷ
1727 3563 1996 3634 πνεύματι

418 3661 516 3731 τὴν
545 3660 655 3714 τῶν
686 3659 932 3729 οὐρανῶν
969 3657 1244 3729 βασιλείαν
1285 3658 1587 3728 μελλόντων
1622 3659 1992 3730 κληρονομεῖν,

420 3750 995 3822 παρακληοησομένων
1024 3749 1080 3801 δὲ
1106 3749 1200 3802 καὶ
1231 3747 1340 3802 τῶν
1372 3747 1640 3818 ἑλομένων
1671 3749 1730 3802 τὸ
1759 3749 1991 3814 πενθεῖν,

417 3843 856 3914 ἐλεηοησομένων
890 3842 944 3895 δὲ
983 3843 1078 3894 καὶ
1127 3840 1238 3894 τῶν
1275 3839 1582 3911 ἐλεημόνων
1607 3857 1620 3871 ο
1662 3841 1723 3894 Oi
1768 3841 1995 3912 καθαροὶ

413 3939 482 4007 τῇ
510 3934 724 4006 καρδίᾳ,
762 3934 916 4004 φησι,
951 3931 1232 4003 μακάριοι,
1257 3933 1338 3990 ὅτι
1370 3932 1522 3985 αὐτοὶ
1553 3931 1644 3985 τὸν
1677 3932 1811 3985 Θεὸν
1838 3933 1994 4002 ὄψον-

414 4045 524 4082 ται.
553 4021 786 4080 Οὗτοιδ
824 4024 890 4078 ἂν
923 4021 1032 4078 εἷεν
1079 4025 1129 4076 οί
1165 4023 1316 4096 παρὰ
1345 4025 1470 4088 τοὺς
1515 4023 1707 4088 ἄλλους
1747 4024 1994 4090 ἅπαντας

417 4116 697 4188 ίερὼτεροί
731 4132 790 4168 τε
830 4116 924 4168 καὶ
961 4112 1269 4186 ἁγιώτεροι,
1313 4113 1406 4167 καὶ
1443 4113 1638 4185 κλῆρος
1674 4116 1858 4178 αὐτοῖς
1899 4117 1993 4169 καὶ

421 4210 576 4281 μερὶς
618 4209 652 4278 ἡ
698 4207 932 4277 ἀκριϐὴς
971 4207 1219 4270 θεοπτία,
1263 4205 1406 4258 τοῦτ’
1441 4205 1622 4270 ἐστιν,
1659 4206 1692 4275 ἡ
1738 4207 1992 4277 περὶτῆς

416 4302 666 4371 Θεὸτητος
693 4299 914 4368 γνῶσις.
947 4297 1116 4350 Τοῦτό
1143 4314 1224 4350 τοι
1253 4297 1486 4367 Χριστὸς
1515 4299 1628 4360 τοῖς
1655 4297 1828 4364 ἁγίοις
1857 4298 1994 4351 ἀπο·

418 4391 621 4455 στόλοις
649 4388 1016 4461 ἐπηγγέλλετο
1044 4387 1374 4458 χαριεῖσθαι,
1411 4385 1582 4454 λέγων
1607 4403 1618 4416 '
1661 4407 1679 4439 ι
1719 4388 1904 4442 Ταῦτα
1934 4389 1991 4441 ἐν

2107 3225 2230 3263 rum
2269 3224 2392 3264 sors
2413 3223 2539 3262 cum
2565 3207 2687 3262 aliis
2702 3206 3001 3276 permista;
3027 3203 3124 3257 sed
3153 3210 3268 3255 tum
3296 3197 3696 3268 inspectionem

2103 3309 2268 3372 atque
2286 3300 2666 3356 recensionem
2692 3297 2974 3368 propriam
3015 3293 3243 3356 habent,
3279 3299 3397 3346 tum
3418 3303 3552 3342 vero
3571 3299 3699 3356 pars

2102 3391 2323 3446 illorum
2351 3399 2514 3459 atque
2541 3403 2662 3443 sors
2693 3387 2783 3441 ille
2817 3387 2936 3456 ipse
2977 3393 3062 3439 εει
3105 3383 3488 3437 universorum
3529 3376 3694 3437 Deus,

2094 3485 2252 3554 juxta
2286 3480 2418 3536 illud
2463 3498 2476 3533 :
2523 3499 2541 3530 ι
2587 3478 2741 3533 Beati
2789 3477 2998 3532 mundo
3044 3473 3233 3538 corde,
3281 3470 3542 3540 quoniam
3591 3465 3695 3534 ipsi

2101 3575 2272 3628 Deum
2293 3571 2562 3626 videbunt
2594 3569 2657 3624 ³⁸.
2689 3589 2706 3621 ι
2741 3569 2875 3623 Nam
2911 3583 3036 3622 cum
3077 3564 3116 3618 ii
3144 3562 3238 3634 qui
3265 3573 3537 3633 pauperes
3585 3554 3698 3624 Spi-

2099 3665 2211 3720 ritu
2243 3670 2530 3725 vocantur,
2563 3673 2794 3729 regnum
2823 3658 3091 3712 cmlorum
3125 3651 3448 3708 hmreditate
3477 3660 3694 3720 posses-

2098 3757 2214 3814 suri
2240 3757 2382 3822 sint;
2418 3755 2566 3824 iique
2605 3751 3036 3807 consolationem
3075 3747 3342 3810 habituri,
3390 3745 3483 3813 qui
3506 3742 3694 3814 lugere

2096 3851 2517 3924 proposuerint;
2561 3846 3108 3916 misericordiamque
3171 3841 3546 3907 consecuturi,
3597 3843 3693 3912 qui

2096 3943 2482 4000 misericordes
2515 3941 2724 3997 fuerint
2754 3958 2768 4002 ξ
2803 3937 3012 4001 Mundi,
3055 3935 3264 4006 inquit,
3323 3933 3489 3987 corde
3546 3931 3694 3986 beati

2095 4049 2244 4104 sunt,
2277 4039 2437 4110 I36
2456 4038 2718 4108 quoniam
2747 4035 2850 4106 ipsi
2901 4034 3078 4088 Deum
3131 4029 3437 4094 videbunt;
3469 4026 3528 4080 hi
3563 4041 3694 4080 vero

2097 4139 2225 4184 sunt
2241 4129 2334 4198 qui
2367 4143 2477 4198 pra:
2501 4127 2716 4182 caneris
2731 4123 2988 4179 omnibus
3011 4120 3338 4174 sacratiores
3357 4131 3420 4170 ac
3451 4115 3694 4168 sanctio-

2094 4237 2184 4276 res
2203 4221 2497 4282 habentur,
2533 4231 2760 4284 sorsque
2797 4213 2903 4266 illis
2921 4221 2977 4266 et
3005 4225 3132 4280 pars
3169 4206 3468 4262 constituta
3499 4202 3694 4258 estilla

2093 4311 2364 4368 excellens
2385 4309 2480 4362 Dei
2501 4307 2662 4370 visio,
2697 4305 2751 4359 id
2781 4313 2886 4366 est,
2909 4302 3082 4379 ipsius
3102 4297 3410 4353 divinitatis
3427 4295 3690 4365 cognitio.

2094 4401 2404 4470 ﬂocipsum
2425 4399 2680 4454 Christus
2714 4395 2920 4450 sanctis
2941 4391 3206 4462 apostolis
3263 4389 3590 4458 largiturum
3631 4403 3690 4441 se

416 4483 732 4554 παροιμίαις
763 4481 1035 4550 λελάληκα
1057 4481 1183 4550 ὑμῖν
1205 4493 1218 4507 ’
1257 4479 1474 4549 ἔρχεται
1499 4478 1618 4550 ὥρα
1638 4521 1652 4546 ,
1675 4480 1762 4532 ὅτε
1801 4481 1984 4533 οὐκέτι

2098 4493 2472 4563 pollicebatur,
2507 4505 2634 4545 cum
2663 4487 2904 4542 diceret:
2928 4504 2944 4536 ι
2974 4483 3169 4538 Haecin
3197 4479 3508 4552 proverbiis
3539 4479 3690 4532 locu-

415 4578 472 4640 ἐν
513 4573 836 4646 παροιμίαις
877 4572 1094 4642 λαλήσω
1149 4571 1307 4641 ὑμῖν,
1357 4569 1496 4624 ἀλλὰ
1535 4573 1818 4642 παρρησίᾳ
1860 4573 1990 4643 περὶ

414 4667 506 4729 τοῦ
540 4667 750 4738 [ἰατρὸς
778 4664 1075 4732 ἀπαγγελῶ
1103 4663 1251 4732 ὑμῖν.
1298 4682 1315 4714 ι
1359 4661 1490 4714 Ἀπὸ
1517 4663 1768 4732 μηνιαίου
1798 4663 1856 4717 δὲ
1883 4663 1992 4716 τῶν

417 4760 714 4832 ἱερωτέρων
735 4762 770 4831 ἡ
795 4756 1112 4828 ἀπογραφὴ,
1143 4755 1394 4824 καθάπερ
1419 4754 1555 4826 ἔφην
1579 4753 1800 4826 ἀρτίως.
1831 4755 1986 4810 Ἀνά-

417 4867 660 4922 γραπτον
704 4848 836 4920 γὰρ,
887 4848 980 4901 καὶ
1015 4849 1072 4899 ἐν
1105 4845 1274 4916 βίϐλῳ
1301 4845 1472 4910 Θεοῦ,
1527 4845 1634 4898 τῶν
1678 4845 1992 4916 ἁγιωτέρων

414 4944 531 5013 οὐχὶ
554 4943 618 5015 δὴ
656 4943 814 5012 μόνον
856 4941 918 4994 τὸ
953 4943 1008 4994 ἐν
1053 4939 1196 5010 ἰσχύϊ
1235 4940 1579 5008 πνευματικῇ
1610 4939 1702 4991 καὶ
1733 4941 1790 4992 ἐν
1836 4939 1996 5010 σοφίᾳ

417 5033 896 5106 περιφανέστερον,
933 5031 1070 5086 ἁλλὰ
1099 5033 1193 5084 καὶ
1220 5031 1342 5084 ὅσον
1369 5029 1518 5082 ἐστὶν
1545 5031 1601 5082 ἐν
1633 5029 1895 5098 ἁπλότητι
1928 5034 1994 5102 τῇ

416 5125 556 5179 κατὰ
588 5123 845 5196 Χριστὸν,
876 5125 970 5178 καὶ
995 5125 1052 5176 ἐν
1076 5123 1243 5194 κακίᾳ
1284 5123 1569 5194 νηπιὰζον.
1621 5121 1994 5192 Ἀνὰγραπτον

415 5213 506 5270 οὖν
535 5219 681 5272 ἁπαν
723 5216 840 5270 ἐστὶ
872 5215 933 5268 τὸ
975 5215 1132 5284 γένος
1169 5213 1230 5266 τὸ
1267 5214 1578 5284 ἱερώτερον,
1611 5214 1708 5266 καὶ
1741 5213 1801 5265 τὸ
1833 5211 1994 5282 σοφόν

415 5327 472 5362 τε
498 5310 590 5362 καὶ
620 5309 846 5364 ἁπλοῦν.
876 5307 1034 5370 Ἰδοις
1059 5305 1102 5358 δ’
1132 5305 1220 5368 ἂν,
1250 5299 1295 5359 ὦ
1321 5305 1606 5370 Παλλάδιε,
1630 5305 1840 5359 τοιάνδε
1869 5305 1995 5360 τινὰ

413 5402 675 5473 διαφορὰν
705 5403 764 5454 ἐν
795 5403 914 5462 ταῖς
945 5400 1052 5452 τῶν
1078 5397 1248 5464 ἁγίων
1279 5397 1498 5468 ψυχαῖς,
1532 5395 1778 5468 γνώμαις
1810 5415 1868 5451 τε
1903 5399 2000 5452 καὶ

415 5493 656 5564 τρόποις.
691 5491 1052 5560 Προστέοεικε
1091 5489 1148 5542 δέ
1167 5489 1248 5541 ὅτι
1283 5489 1383 5541 οὐκ
1406 5485 1474 5560 ἦν
1501 5488 1782 5560 ἄνθρωπος
1808 5490 1866 5543 ἐν
1885 5494 2000 5556 τοῖς

2097 4593 2186 4636 tus
2203 4597 2324 4635 sum
2342 4581 2521 4644 vobis;
2551 4580 2700 4634 venit
2715 4578 2850 4632 hora
2867 4591 2990 4630 cum
3008 4590 3117 4628 non
3134 4571 3369 4643 amplius
3391 4571 3447 4624 in
3469 4585 3690 4640 prover-

2099 4674 2204 4728 biis
2236 4673 2430 4742 loquar
2457 4671 2634 4735 vobis,
2659 4669 2753 4724 sed
2769 4668 2947 4738 palam
2961 4665 3028 4719 de
3043 4665 3203 4720 Patre
3221 4661 3563 4718 annuntiabo
3587 4675 3688 4714 vo-

2094 4769 2180 4824 bis
2198 4765 2339 4820 ³⁹-’⁸⁰.
2368 4785 2385 4816 ι
2410 4766 2582 4819 Porro
2598 4763 2668 4818 ab
2695 4777 2804 4816 uno
2835 4775 3026 4815 mense
3047 4757 3406 4813 sacratiorum
3440 4753 3688 4807 virorum

2097 4862 2156 4915 lit
2179 4857 2500 4928 descriptio,
2526 4865 2588 4912 ut
2607 4855 2770 4910 modo
2799 4854 2912 4909 dixi
2941 4870 2954 4904 :
2988 4868 3060 4907 ex
3090 4851 3187 4906 illo
3214 4861 3454 4916 namque
3475 4852 3692 4900 sancto-

2101 4967 2227 5006 rum
2279 4962 2514 5004 numero
2559 4963 2670 5002 non
2707 4946 2745 5000 ii
2797 4945 2976 5000 solum
3010 4943 3066 4997 in
3101 4941 3242 4996 libro
3277 4939 3373 4993 Dei
3423 4933 3686 5004 descripti

2095 5051 2226 5100 sunt
2257 5041 2353 5112 qui
2391 5039 2604 5094 viribus
2631 5035 3011 5108 spiritualibus
3045 5032 3274 5102 pollent,
3311 5034 3369 5080 et
3401 5023 3686 5093 sapientia:

2096 5133 2321 5189 nomine
2344 5137 2474 5186 sunt
2510 5129 2793 5193 clariores,
2823 5126 2918 5182 sed
2938 5126 3254 5195 quicunque
3279 5117 3683 5186 simplicitatem

2097 5241 2221 5280 eam
2251 5239 2372 5293 quae
2405 5221 2706 5278 secundum
2741 5220 3016 5276 Christum
3065 5223 3168 5276 est,
3205 5208 3494 5281 amplexati
3529 5217 3676 5264 sunt.

2098 5323 2154 5370 et
2187 5314 2392 5369 malitia
2420 5321 2546 5368 sunt
2600 5310 2833 5382 parvuli.
2868 5305 3212 5376 Descriptum
3264 5301 3434 5372 igitur
3460 5307 3544 5354 est
3585 5313 3682 5368 ge-

2098 5421 2206 5460 nus
2265 5403 2403 5458 illud
2449 5403 2717 5467 sacratius
2767 5400 3126 5454 universum.
3183 5391 3301 5448 tuin
3343 5390 3383 5446 ii
3422 5387 3681 5444 nimirum

2101 5493 2508 5568 quisapientia,
2554 5503 2666 5545 tum
2701 5491 2794 5561 qui
2823 5486 3172 5558 simplicitate
3207 5482 3436 5555 pollent.
3499 5480 3682 5534 Facile

485 5603 530 5635 ⁸³
556 5603 750 5658 Matth.
776 5619 828 5666 γ,
860 5604 909 5656 4.
987 5605 1033 5637 ³³
1062 5603 1194 5657 Luc.
1222 5619 1295 5668 vr,
1325 5603 1411 5658 38.
1469 5602 1514 5636 ⁸⁵
1541 5602 1700 5656 Num.
1721 5619 1864 5668 xxvr,
1884 5605 1972 5670 55,

2155 5609 2198 5639 ³⁶
2231 5608 2512 5670 1Cor.xu,
2548 5605 2628 5658 ll.
2707 5603 2749 5634 ³⁷
2781 5603 2921 5658 Psal.
2951 5599 3184 5668 xxxﬂﬁ.
3258 5597 3302 5628 ³⁵
3327 5589 3516 5648 Matth.
3541 5601 3592 5655 κ’,
3617 5584 3673 5640 8.

413 5670 542 5713 ³⁹-⁵⁰
567 5674 729 5730 Joan.
754 5689 861 5738 xw,

493 5789 569 5863 (l)
603 5789 742 5846 Cod.
779 5789 925 5855 νειμ,
964 5789 1370 5862 ἀποπλήρωσιν.
1407 5791 1572 5862 Magis
1595 5791 1765 5860 probo
1789 5789 1996 5844 lectioxr

2111 5787 2314 5842 cozlit'is
2341 5803 2446 5856 quo
2477 5802 2607 5840 usus
2632 5803 2768 5839 sum.
