4082 6304
407 382 508 440 .551

1430 375 1486 432 S.
1529 374 1808 432 CYRILLI
1847 373 2324 465 ADEXANDRINI
2359 374 2677 433 ARCHIEP.
3587 378 3687 432 εἴ,ίῖ

407 509 494 556 est
529 506 734 562 autem,
761 495 990 560 Palladi,
1037 495 1310 567 ejusmodi
1350 494 1648 551 discrimen
1684 495 1738 550 in
1780 501 1996 550 sancto-

2106 493 2532 566 ὲπεσκεμμένοις
2563 493 2667 548 ὑπὸ
2703 495 2877 567 Μωσῆ
2911 495 3005 550 καὶ
3049 495 3280 568 ⁹Δαρὼν,
3320 494 3415 561 οὓς
3447 495 3695 550 ἀπεσκέ-

411 606 535 646 rum
589 589 825 653 animis,
899 589 1160 644 sensibus
1221 603 1285 644 ac
1346 588 1598 644 moribus
1656 587 1988 658 perspicere.

411 683 550 739 Illud
595 695 816 753 quoque
855 681 1125 753 adjunxit,
1164 683 1445 738 neminem
1479 698 1546 738 ex
1577 682 1646 738 iis
1674 681 1844 737 fuisse
1895 681 1992 751 qui

407 774 662 830 recensiti
716 775 869 845 prius
913 775 1131 832 fuerant
1179 791 1209 830 a
1274 776 1457 848 Moyse
1493 785 1550 832 et
1591 775 1796 842 Aaron,
1853 789 1994 846 quos

408 877 812 923 recensuerant
841 867 982 923 ﬁlios
1018 868 1182 923 Israel
1207 868 1262 922 in
1299 868 1522 924 deserto
1558 867 1709 933 Sina,
1748 867 1878 939 quia
1911 867 1995 922 di-

409 957 488 1011 xit
515 957 782 1012 Dominus
814 959 948 1029 ipsis
983 976 996 1012 :
1023 958 1195 1014 Morte
1224 959 1533 1014 morientur
1562 960 1616 1014 in
1664 959 1902 1026 deserto,
1939 969 1996 1016 et

409 1061 521 1100 non
541 1057 625 1102 est
651 1049 880 1106 relictus
903 1065 972 1103 ne
994 1065 1138 1105 unus
1164 1050 1388 1120 quidem
1413 1066 1479 1105 ex
1507 1050 1661 1121 ipsis,
1689 1051 1798 1106 nisi
1827 1049 1994 1107 Caleb

409 1133 555 1191 ﬁlius
594 1137 864 1208 Jephone,
915 1149 972 1196 et
1012 1141 1173 1196 Jesus
1223 1140 1370 1196 ﬁlius
1415 1141 1564 1197 Nave
1622 1143 1666 1175 ιι
1716 1161 1728 1196 :
1775 1144 1832 1198 in
1871 1158 1993 1214 'quo

408 1229 704 1298 perspicue
740 1229 1016 1295 ostendit,
1062 1247 1174 1286 non
1231 1232 1301 1286 ad
1347 1231 1661 1289 incredulos
1717 1233 1996 1304 pertinere

407 1321 820 1388 possessionum
857 1322 1326 1389 distributionem,
1354 1333 1410 1380 et
1454 1323 1606 1378 illam
1635 1323 1692 1378 in
1734 1324 1831 1379 Dei
1855 1324 1997 1380 libro

409 1410 859 1482 descriptionem,
890 1415 984 1470 sed
1003 1415 1084 1470 eis
1100 1417 1284 1486 potius
1300 1417 1597 1472 convenire
1627 1416 1721 1487 qui
1740 1415 1903 1472 ﬁdem
1918 1418 2003 1472 ni-e

409 1503 613 1558 mirum
632 1503 688 1558 in
707 1503 986 1560 Christum
1019 1508 1258 1578 amplexi
1274 1516 1403 1563 sunt
1426 1525 1439 1562 :
1460 1523 1586 1563 nam
1606 1508 1674 1564 de
1695 1507 1998 1564 incredulis

409 1593 488 1650 ait
516 1594 736 1652 divinus
774 1597 979 1652 David:
1014 1617 1032 1650 ι
1063 1598 1362 1654 Deleantur
1389 1599 1458 1654 de
1483 1599 1629 1655 libro
1667 1600 1992 1666 viventium,

408 1695 466 1742 et
499 1699 625 1742 cum
649 1689 814 1759 justis
847 1706 956 1746 non
989 1691 1304 1746 scribantur
1333 1691 1398 1745 “.
1437 1711 1456 1744 ι
1492 1691 1556 1747 In
1584 1693 1788 1763 quibus
1829 1694 1996 1750 etiam

408 1777 596 1833 verbis
636 1780 857 1836 divinus
895 1797 1078 1838 sermo
1123 1783 1285 1838 nobis
1304 1783 1541 1840 latenter
1582 1784 1842 1849 ostendit,
1873 1801 1996 1842 cre-

2097 585 2268 655 ψαντο
2287 587 2414 650 τοὺς
2440 585 2592 650 υἱοὺς
2636 586 2854 659 Ἰσραὴλ
2883 589 2940 641 tv
2959 590 3024 659 τῇ
3047 588 3240 660 ἐρήμῳ
3267 587 3418 660 Σινᾷ,
3451 588 3534 642 ὅτι
3560 583 3684 642 εἷπε

2100 677 2306 750 Κύριος
2337 678 2538 742 αὐτοῖς·
2568 677 2799 751 Θανάτῳ
2835 679 3232 734 ἀποθανοῦνται
3265 681 3324 734 tv
3357 682 3426 751 τῇ
3463 679 3680 753 ἐρήμῳ,

2101 771 2196 822 καὶ
2228 771 2289 823 οὐ
2316 771 2646 844 κατελείφθη
2684 771 2743 837 ἐξ
2781 773 2960 828 αὐτῶν
2988 771 3109 826 οὐδὲ
3133 767 3248 838 εἷς,
3278 771 3418 844 πλὴν
3447 771 3628 827 Χαλὲϐ
3651 773 3682 826 6

2098 862 2213 926 υίὸς
2258 863 2464 934 ’ῐεφονῆ
2485 904 2499 928 ,
2533 865 2628 918 καλ⁵
2669 863 2874 934 Ἰησοῦς
2898 865 2928 918 6
2967 863 3063 919 τοῦ
3092 864 3282 936 Navi;
3314 864 3682 935 παραδεικνὺς

2099 952 2368 1025 ἐναργῶς,
2405 955 2490 1008 ὅτι
2544 953 2620 1026 μὴ
2671 957 2784 1018 τοῖς
2820 955 3186 1027 ἀπειθήσασιν
3221 958 3256 1028 ή
3308 955 3680 1026 κληρονομία,

2096 1048 2193 1101 καὶ
2226 1048 2286 1100 τὸ
2317 1051 2374 1102 tv
2407 1047 2574 1120 βίϐλῳ
2597 1049 2907 1120 γεγράφθαι
2937 1047 3073 1102 Θεοῦ
3095 1065 3107 1078 ·
3138 1047 3343 1121 πρέποι
3364 1047 3409 1102 δ’
3440 1047 3507 1103 ἂν
3543 1049 3680 1120 μᾶλ-

2096 1140 2189 1196 λον
2231 1143 2346 1205 τοῖς
2386 1140 2483 1213 τὴν
2519 1141 2705 1196 πίστιν
2727 1139 3187 1212 είσδεδεγμένοις,
3215 1140 3374 1212 δῆλον
3395 1140 3451 1194 δὲ
3481 1141 3564 1194 ὅτι
3583 1138 3682 1212 τὴν

2101 1237 2157 1288 tv
2203 1233 2457 1306 Χριστῷ·
2506 1233 2636 1306 περὶ
2685 1233 2784 1304 μὲν
2829 1231 2939 1304 γὰρ
2990 1231 3100 1286 τῶν
3152 1229 3540 1302 ἡπειθηκότων
3596 1229 3678 1296 τὸ,

2105 1343 2124 1378 ι
2181 1323 2688 1396 Ἐξαλειφθήτωσαν
2744 1324 2809 1378 ὲκ
2861 1322 3047 1394 βίϐλου
3104 1320 3344 1388 ζώντων,
3401 1320 3496 1375 καὶ
3545 1320 3682 1388 μετά

2098 1417 2324 1472 δικαίων
2360 1416 2436 1489 μὴ
2479 1419 2852 1489 γραφήτωσαν
2871 1457 2885 1484 ,
2935 1435 2955 1468 ι
2982 1416 3011 1468 6
3035 1414 3326 1476 θεσπέσιος
3358 1412 3466 1484 ἔφη
3496 1411 3679 1468 Δαϐίδ.

2112 1508 2476 1579 ’Υπεμφαίνει
2508 1508 2565 1562 δὲ
2592 1509 2723 1580 ἡμῖν
2749 1507 2845 1562 καὶ
2870 1507 2932 1562 τὸ
2969 1505 3112 1561 θεῖον
3139 1507 3196 1561 tv
3227 1504 3439 1568 τούτοις
3480 1501 3680 1572 λόγιον,

2099 1601 2182 1654 ὅτι
2219 1603 2334 1664 τοῖς
2379 1597 2729 1654 πιστεύουσιν
2774 1601 2810 1670 ὴ
2852 1597 3050 1670 χάρις·
3101 1597 3190 1650 διά
3243 1595 3354 1668 γάρ
3393 1612 3477 1649 τοι
3527 1593 3683 1648 τοῦτο

2101 1691 2238 1761 πρὸς
2281 1689 2358 1761 τῷ
2421 1689 2658 1763 Ἰορδάνῃ
2713 1691 2812 1762 τὴν
2868 1688 3192 1762 ἀπογραφὴν
3244 1687 3502 1758 γενέσθαι
3551 1685 3685 1758 φησὶ

2105 1781 2384 1854 μυστικῶς
2409 1784 2438 1836 ό
2457 1782 2634 1851 λόγος·
2660 1781 3014 1854 ἀνάγραπτος
3039 1780 3149 1853 γὰρ
3169 1781 3198 1833 6
3226 1777 3677 1850 βεϐαπτισμένοςο

413 1868 674 1928 dentibus
702 1873 820 1928 dari
846 1875 1075 1945 gratiam
1117 1875 1393 1946 :ideoque
1435 1877 1665 1950 mystice
1715 1875 1998 1948 Scriptura

2106 1874 2242 1946 πλὴν
2290 1875 2392 1946 οὐχ
2440 1873 2750 1946 ὁλοκλήρως
2799 1873 3170 1928 ἀποπέπτωκε
3223 1871 3326 1943 τῆς
3384 1870 3600 1935 ἐλπίδος
3656 1872 3686 1926 6

413 1961 571 2028 dicit,
607 1980 779 2036 prope
802 1964 1097 2022 Iordanem
1131 1966 1332 2024 factam
1365 1981 1488 2022 esse
1527 1967 1995 2040 descriptionem;

415 2051 464 2108 is
491 2055 642 2110 enim
701 2055 1056 2122 describitur,
1087 2057 1182 2128 qui
1224 2057 1534 2128 baptizatus
1573 2057 1759 2114 fuerit.
1808 2058 2000 2128 Neque

413 2157 597 2202 tamen
629 2147 921 2202 universus
952 2146 1116 2202 Israel
1146 2162 1244 2219 spe
1292 2148 1516 2204 excidit.
1559 2148 1801 2206 Servata:
1841 2165 1999 2206 nam-

411 2253 520 2308 que
554 2247 684 2293 sunt
717 2239 984 2310 reliquiae,
1007 2241 1164 2311 juxta
1195 2241 1482 2312 prophetae
1505 2257 1700 2298 vocem
1724 2242 1770 2275 ”
1800 2260 1812 2297 :
1839 2243 2000 2314 cujus

411 2328 492 2384 rei
520 2327 750 2400 ﬁguram
783 2330 1173 2401 geruntCaleb
1211 2341 1268 2388 et
1296 2332 1476 2399 Jesus,
1506 2333 1609 2388 soli
1641 2349 1710 2389 ex
1740 2335 2002 2390 omnibus

412 2423 628 2483 relicti.
677 2424 773 2495 qui
824 2425 1172 2481 haereditaria
1216 2426 1311 2482 illa
1346 2435 1496 2483 sorte
1538 2429 1886 2500 potirentur,
1945 2437 2002 2484 et

412 2514 863 2572 describerentur
889 2533 1000 2572 una
1023 2533 1148 2572 cum
1176 2519 1244 2574 iis
1271 2518 1366 2588 qui
1397 2518 1741 2576 inﬁdelitatis
1765 2520 1999 2576 crimine

409 2623 525 2662 non
551 2609 904 2664 tenebantur.
933 2608 1326 2665 Animadverte
1348 2617 1534 2664 autem
1559 2611 1768 2681 ubique
1786 2619 2004 2666 sancto-

411 2715 536 2756 rum
562 2701 846 2756 hominum
871 2701 1302 2770 descriptionem
1347 2707 1406 2756 et
1443 2715 1701 2771 agrorum
1737 2701 2004 2758 distribu-

413 2791 676 2846 tionem:
717 2792 933 2864 geritur
989 2792 1136 2846 enim
1187 2807 1283 2864 per
1340 2793 1562 2864 Moysen
1617 2800 1676 2848 et
1731 2809 1858 2849 eum
1907 2795 2000 2865 qui

413 2884 726 2940 sacerdotio
749 2885 1204 2956 praestantissimo
1237 2885 1588 2957 fungebatur,
1612 2894 1694 2952 ut,
1724 2887 1869 2942 sicut
1889 2888 2002 2958 jam

412 2984 574 3030 antea
590 2975 724 3042 dixi,
754 2991 852 3046 per
872 2984 1170 3047 utrumque
1208 2992 1377 3032 unum
1399 2975 1680 3033 Christum
1707 2977 1998 3048 intelligas,

419 3065 578 3138 I37
605 3075 865 3139 tanquam
891 3068 1238 3123 sacerdotem
1279 3082 1556 3134 summum
1581 3077 1747 3140 atque
1787 3069 2003 3141 legisla-

414 3165 622 3226 torem;
655 3176 754 3232 per
785 3157 950 3232 quem
973 3161 1152 3217 omnis
1175 3161 1352 3232 gratia
1391 3161 1686 3226 tribuitur,
1720 3170 1777 3216 et
1817 3161 1910 3216 illa
1944 3161 2006 3216 ﬁt

2115 1966 2354 2040 Ἰσραήλ.
2396 1967 2670 2021 Σέσωσται
2713 1967 2824 2040 γὰρ
2855 1967 2916 2020 τὸ
2967 1965 3350 2036 κατάλειμμα,
3395 1962 3538 2017 κατά
3587 1963 3686 2036 τὴν

2101 2055 2194 2111 τοῦ
2222 2057 2503 2129 προφήτου
2551 2056 2759 2128 φωνὴν,
2805 2049 2866 2111 οὗ
2893 2055 3066 2120 τύπος
3108 2054 3174 2110 ἂν
3207 2050 3334 2110 ἐἷεν
3370 2056 3420 2108 oi
3457 2055 3521 2108 ὲκ
3549 2053 3690 2108 πάν-

2101 2166 2210 2204 των
2244 2149 2730 2220 καταλελειμμένοι
2775 2149 2926 2222 μόνοι
2973 2147 3156 2203 Χαλέϐ
3202 2166 3264 2204 τε
3306 2147 3401 2202 καὶ
3458 2145 3686 2218 Ἰησοῦς,

2106 2242 2679 2315 συγκληρονομοῦντές
2715 2259 2775 2296 τε
2823 2243 2918 2297 καὶ
2959 2243 3408 2313 ἀπογραφόμενοι
3439 2242 3552 2304 τοῖς
3587 2237 3688 2310 τῆς

2104 2337 2364 2402 ἀπιστίας
2395 2337 2737 2408 ἐγκλήμασιν
2773 2338 2875 2391 οὐκ
2903 2335 3266 2408 ὲνεχομένοις.
3313 2335 3596 2405 Ἐπιτήρει
3631 2331 3688 2386 δὲ

2104 2431 2356 2501 πανταχῆ
2399 2430 2498 2503 τὴν
2537 2429 2646 2484 τῶν
2692 2431 2864 2500 ἁγίων
2913 2429 3242 2502 ἀπογραφὴν
3288 2429 3383 2482 καὶ
3430 2425 3688 2497 κληροδοο

2106 2521 2246 2574 σίαν.
2277 2521 2586 2592 Πράττεται
2613 2521 2722 2593 γὰρ
2761 2521 2851 2576 διά
2884 2538 2941 2574 τε
2973 2519 3219 2584 Μωσέως
3267 2519 3363 2574 καὶ
3403 2516 3498 2572 τοῦ
3525 2515 3692 2589 πρού-

2105 2627 2292 2681 χοντος
2324 2612 2383 2664 ὲν
2411 2611 2704 2686 ἱερωσύνῃ,
2740 2612 2846 2672 ἵνα,
2873 2611 3124 2683 καθάπερ
3150 2612 3250 2682 ἤδη
3287 2611 3568 2682 προεῖπον,
3599 2607 3692 2662 τὸν

2105 2701 2202 2756 ἕνα
2241 2701 2311 2756 δι’
2336 2702 2541 2773 ἀμφοῖν
2570 2704 2770 2775 νοήσῃς
2798 2702 3057 2774 Χριστὸν,
3085 2701 3160 2766 ὼς
3188 2701 3452 2772 ἀρχιερέα
3490 2701 3584 2753 καὶ
3612 2716 3694 2751 vo-

2109 2792 2363 2866 μοθέτην,
2389 2793 2458 2847 δι’
2479 2789 2540 2850 οὗ
2566 2795 2718 2849 πᾶσα
2747 2795 2929 2866 χάρις,
2963 2793 3062 2849 καὶ
3096 2793 3158 2848 τὸ
3185 2795 3242 2848 ὲν
3286 2793 3407 2858 ταῖς
3444 2791 3558 2846 ἀνω
3592 2789 3693 2860 φέ-

2107 2884 2296 2956 ρεσθαι
2332 2885 2556 2956 βίϐλοις,
2585 2885 2653 2950 ἃς
2679 2887 2774 2940 καὶ
2798 2887 2828 2940 6
2868 2887 3140 2958 μακάριος
3169 2884 3369 2955 Δανιὴλ
3405 2880 3694 2939 τεθεᾶσθαι

2108 2995 2272 3049 φησιν
2337 2978 2531 3034 ἑαυτόν
2553 3019 2566 3034 .
2620 2998 2638 3031 ι
2686 2979 2868 3033 Βίϐλοι
2907 2979 3015 3052 γάρ
3039 2975 3415 3050 ἠνεῴχθησαν,
3452 2993 3472 3028 ι
3505 2975 3691 3049 φησὶν,

2105 3072 2188 3126 ὅτι
2234 3071 2402 3144 πολλή
2439 3089 2544 3126 που
2592 3072 2810 3127 πάντων
2853 3073 2949 3128 καὶ
2989 3072 3244 3143 διάφορος
3287 3071 3322 3142 ἡ
3365 3067 3692 3141 ἀπογραφὴν

2106 3163 2194 3218 διὰ
2221 3163 2284 3236 δή
2313 3181 2395 3218 τοι
2415 3165 2573 3220 τοῦτο
2600 3165 2792 3231 πολλὰ,
2823 3165 2920 3219 καὶ
2940 3165 3041 3236 οὐχ
3064 3163 3122 3218 ἓν
3145 3164 3206 3217 τὸ
3236 3161 3460 3233 βιϐλίον.

413 3251 471 3308 in
487 3253 744 3326 supernis
765 3254 875 3310 illis
895 3253 1054 3310 libris
1078 3254 1378 3325 descriptio
1411 3269 1589 3324 :quos
1617 3253 1786 3308 etiam
1810 3253 2006 3309 beatus
2032 3255 2220 3312 Daniel
2265 3273 2325 3313 se
2359 3257 2566 3314 vidisse
2603 3257 2756 3314 dicit.
2812 3277 2830 3310 ι
2867 3257 3044 3323 Libri,
3085 3276 3103 3308 ο
3155 3255 3447 3327 inquiens,
3477 3272 3496 3306 ι
3519 3258 3694 3324 aperti

415 3355 546 3401 sunt
575 3345 622 3378 “
653 3363 666 3399 :
701 3365 719 3398 ι
747 3361 875 3400 nam
901 3346 1032 3416 quia
1047 3346 1337 3416 multiplex
1376 3354 1434 3401 et
1487 3345 1704 3400 diversa
1761 3343 2062 3416 descriptio
2095 3358 2200 3416 est,
2237 3348 2363 3406 ideo
2388 3350 2600 3422 plures,
2623 3366 2736 3406 non
2771 3364 2916 3405 unus
2939 3348 3101 3406 liber.

484 3459 686 3514 PALL.
717 3460 888 3514 Recte
914 3459 1082 3530 igitur
1105 3475 1171 3513 ac
1193 3459 1329 3514 scite
1358 3458 1568 3513 dictum
1624 3458 1762 3513 illud
1791 3473 1822 3513 e
1862 3459 1998 3514 Pro-

2173 3464 2382 3517 IIAAA.
2437 3461 2648 3536 Ὀρθῶς
2680 3457 2774 3518 οὖν
2805 3461 2913 3534 ἄρα
2953 3462 3047 3516 καὶ
3087 3459 3268 3532 σοφῶς
3300 3461 3328 3514 6
3359 3459 3460 3532 τῆς
3493 3460 3695 3532 [lapat-

415 3551 926 3613 verbiisadmonet;
961 3550 1318 3604 «Divitiarum
1341 3549 1483 3621 pigri
1508 3548 1818 3622 indigentes
1841 3551 2000 3619 ﬁunt;

417 3642 628 3698 strenui
665 3652 848 3697 autem
881 3640 1186 3704 fulciuntur
1215 3642 1416 3714 opibus
1455 3643 1522 3696 ⁸³.
1554 3662 1573 3694 ι

488 3735 646 3792 CVR.
683 3735 1012 3792 Fulciuntur
1047 3737 1128 3792 illi
1188 3736 1436 3814 quidem,
1476 3737 1763 3806 Deumque
1802 3737 2008 3793 habent

419 3825 720 3896 propitium
753 3842 818 3883 ac
843 3837 1335 3900 propugnatorem,
1379 3827 1475 3897 qui
1521 3827 1842 3883 coelestibus
1884 3827 2008 3884 illos

419 3917 907 3977 benedictionibus
934 3926 1520 3989 augeat,coronetque,
1545 3933 1611 3972 ac
1643 3917 2008 3988 praeclarissi-

426 4010 853 4068 mishonoribus
889 4020 946 4067 et
971 4011 1172 4082 insigni
1191 4011 1364 4082 gloria
1401 4011 1738 4081 amplissime
1757 4023 2006 4069 exornet.

420 4107 506 4164 An
524 4105 708 4160 minus
722 4121 852 4160 vere
869 4105 1020 4176 loqui
1038 4115 1217 4176 putas,
1235 4119 1362 4159 cum
1380 4103 1514 4160 dicit
1540 4123 1552 4158 :
1584 4124 1603 4156 ι
1627 4105 1764 4160 Vivo
1777 4121 1900 4176 ego,
1921 4105 2008 4162 di-

421 4197 499 4262 cit
523 4199 808 4264 Dominus,
833 4197 963 4269 quia
990 4195 1361 4270 gloriﬁcantes
1395 4212 1482 4251 me
1529 4195 1850 4268 gloriﬁcabo
1877 4197 1957 4252 “?
1982 4216 2002 4248 ι

492 4289 693 4346 PALL.
720 4289 992 4360 Equidem
1023 4289 1283 4344 maxime.

493 4381 650 4438 (ΝΒ.
679 4381 847 4453 Atqui
879 4382 1099 4454 perﬁcit
1151 4393 1301 4438 certe
1351 4398 1475 4453 quae
1509 4382 1578 4438 ad
1632 4381 1729 4438 Dei
1778 4381 2010 4453 gloriam

423 4475 722 4547 pertinent,
761 4486 823 4532 ut
855 4477 1080 4547 Opinor,
1121 4476 1373 4547 quisquis
1426 4476 1594 4532 fuerit
1635 4486 1916 4541 strenuus,
1956 4485 2012 4532 et

423 4567 1103 4638 excolueritSpiritualem
1157 4567 1564 4632 fortitudinem,
1617 4573 1675 4623 et
1735 4565 1804 4622 ad
1863 4567 2012 4622 obsi-

425 4659 684 4715 stendum
723 4661 1118 4730 spectabilibus
1141 4661 1483 4731 occultisque
1531 4659 1788 4716 hostibus
1841 4659 2014 4716 fuerit

424 4753 784 4818 exercitatus,
815 4768 983 4823 seque
1020 4759 1077 4808 et
1131 4763 1362 4810 caeteros
1410 4767 1633 4808 servare
1684 4752 1924 4818 noverit,
1953 4759 2013 4810 et

426 4843 612 4897 omnia
638 4843 695 4896 in
724 4844 838 4898 Deo
862 4844 1123 4913 potuerit.

499 4935 697 4992 PALL.
730 4935 1038 4990 Assentior.

497 5027 656 5086 CYR.
683 5027 848 5084 Visne
870 5027 1038 5100 igitur
1067 5028 1174 5085 hoc
1210 5031 1390 5102 ipsum
1420 5033 1477 5088 in
1516 5033 1585 5090 iis
1609 5051 1731 5106 qua:
1761 5035 1830 5092 de
1885 5033 2014 5092 hea-

429 5130 487 5175 ιο
518 5119 797 5176 Abraham
831 5118 900 5180 ad
930 5119 1224 5175 maximam
1273 5121 1569 5177 utilitatem
1604 5135 1852 5182 nostram
1883 5142 2012 5181 nar-

432 5220 645 5278 rantur,
676 5213 833 5269 velut
889 5211 947 5268 in
973 5211 1163 5269 tabula
1195 5212 1435 5284 quadam
1459 5215 1660 5272 leviter
1717 5218 2015 5275 adumbra-

427 5306 548 5358 tum
577 5304 1054 5376 contemplemur?

503 5394 701 5450 PALL.
719 5397 895 5452 Velim
917 5399 1175 5472 equidem
1197 5399 1598 5467 libentissime;
1631 5398 1826 5469 quidni
1848 5400 1872 5453 τ

501 5484 662 5543 CYR.
698 5487 978 5561 Scriptum
1020 5503 1105 5548 est
1145 5492 1334 5565 igitur,
1377 5491 1483 5547 Lot
1522 5491 1803 5546 habitasse
1827 5506 2016 5546 versa-

434 5584 663 5650 tumque
693 5595 812 5636 esse
839 5581 1092 5640 Sodomis
1110 5585 1154 5618 "
1183 5602 1197 5653 ;
1233 5599 1362 5640 eum
1402 5599 1536 5639 vero
1562 5598 1726 5655 grave
1767 5594 1822 5639 et
1857 5586 2020 5653 aspe-

509 5765 549 5795 "
581 5763 742 5818 Num.
772 5779 915 5817 xw.
942 5763 1027 5820 65.
1111 5765 1150 5798 ⁵³
1183 5764 1324 5821 Psal.
1353 5780 1534 5831 vatn,
1575 5763 1663 5818 29.
1751 5763 1792 5795 ⁸³
1819 5764 1922 5818 Isa.
1965 5761 2124 5824 x.2l.

439 5834 483 5877 ‘7
501 5833 638 5892 Gen.
665 5849 773 5902 xiv,
798 5833 882 5888 η.

2111 3555 2240 3628 μίας
2273 3559 2404 3628 ἡμῖν
2434 3557 2538 3628 ἔφη
2563 3556 2740 3626 λόγος’
2787 3577 2805 3608 ι
2849 3555 3088 3609 Πλούτου
3119 3555 3343 3626 ὀκνηροί.
3373 3554 3572 3618 ἐνδεεῖς
3608 3554 3696 3624 γί-

2109 3665 2310 3702 νονται*
2338 3651 2387 3702 oi
2419 3649 2475 3702 δὲ
2501 3649 2734 3722 ἀνδρεῖοι
2758 3647 3056 3725 ὲρείδοχται
3092 3645 3328 3718 πλούτῳ.
3362 3665 3382 3698 ι

2179 3741 2345 3796 ΚΥΡ.
2386 3741 2713 3813 Ἑρείδονται
2739 3740 2848 3813 γὰρ
2889 3735 3007 3804 οὖν,
3038 3739 3133 3792 καὶ
3177 3738 3311 3792 Θεὸν
3358 3737 3573 3810 ἔχουσιν
3609 3738 3699 3791 εύ-

2113 3829 2254 3899 μενῆ
2276 3828 2372 3882 καὶ⁵
2401 3828 2801 3900 προεστηκότα,
2832 3827 2929 3882 καὶ
2953 3827 3387 3882 καταπιαίνοντα
3423 3827 3524 3899 μὲν
3551 3827 3700 3882 εὐλο-

2110 3919 2256 3989 γίαις
2279 3923 2402 3984 ταῖς
2427 3921 2652 3984 ἄνωθεν,
2680 3919 3086 3994 διαφανεστάτῃ
3109 3920 3167 3974 δὲ
3184 3919 3306 3974 λίαν
3331 3919 3701 3988 στεφανοῦνται

2111 4014 2265 4084 τιμῇ,
2295 4015 2390 4066 καὶ
2417 4012 2724 4084 διαϐοήτοις
2762 4011 3044 4082 αὐχήμασι
3101 4010 3372 4076 πλουσίως
3418 4011 3693 4066 κατακαλ-

2110 4103 2356 4160 λύνοντσ..
2385 4103 2456 4156 Ἦ
2491 4103 2592 4157 οὐκ
2633 4102 2923 4174 ἀληθεύει,
2954 4101 3146 4173 λέγων·
3183 4122 3202 4156 ι
3266 4102 3354 4159 Ζῶ
3385 4103 3521 4174 ἐγὼ.
3549 4103 3701 4174 λέγει

2111 4193 2337 4266 Κύριος,
2373 4195 2455 4249 ὅτι
2481 4195 2606 4259 τοὺς
2631 4192 2953 4260 δοξάζοντάς
2987 4211 3056 4264 με
3087 4193 3332 4261 δοξάσω;
3370 4214 3390 4248 ι

2184 4287 2394 4341 ΠΔΛΛ.
2427 4287 2576 4341 Πάνυ
2607 4286 2704 4359 μὲν
2737 4281 2852 4344 οὖν.

2183 4378 2350 4434 ΚΥΡ.
2397 4379 2781 4453 Ἀποπεραίνει
2804 4395 2868 4450 γε
2895 4380 3002 4452 μὴν
3021 4378 3094 4434 τά
3129 4379 3210 4444 είς
3237 4377 3394 4446 δόξαν
3427 4376 3562 4432 Θεοῦ
3594 4378 3702 4440 πᾶς

2112 4488 2197 4535 τις
2221 4466 2346 4538 οὖν,
2381 4465 2539 4542 οἶμαι
2561 4513 2576 4539 ,
2605 4471 2890 4538 νεανικὸς,
2925 4471 3018 4526 καὶ
3065 4469 3398 4542 ὲπησκηκὼς
3449 4469 3702 4542 ἀνδρείαν

2114 4563 2212 4638 τὴν
2250 4562 2668 4634 πνευματικὴν,
2701 4563 2796 4617 καὶ
2841 4563 3264 4619 ἀντανίστασθαι
3312 4559 3702 4633 μεμελετηκὼς

2113 4658 2328 4728 ὁρατοῖς
2352 4673 2414 4710 τε
2453 4657 2546 4710 καὶ
2573 4657 2825 4727 ἀοράτοις
2853 4655 3106 4727 ἐχθροῖς,
3141 4654 3334 4710 ἑαυτόν
3365 4671 3426 4708 τε
3461 4653 3554 4708 καὶ
3585 4651 3700 4707 έτέε

2119 4766 2246 4820 ρους
2295 4746 2598 4814 ἀνασώζειν
2651 4747 2840 4814 είδὼς,
2897 4748 2993 4803 καὶ
3037 4749 3098 4802 ὲν
3145 4748 3267 4820 Θεῷ
3315 4749 3492 4804 πάντα
3539 4745 3701 4802 δυνά-

2045 4823 2089 4880 Ῑ)
2122 4857 2306 4912 μενος.

2192 4935 2402 4988 ΠΑΛΔ.
2437 4933 2510 4988 Σύ
2520 4952 2724 5006 μφημι.

2196 5027 2362 5080 ΚΥΡ.
2398 5026 2587 5080 Βούλει
2619 5026 2684 5098 δὴ
2717 5020 2810 5080 οὖν
2857 5023 2990 5079 αὐτὸ
3028 5023 3094 5095 δὴ
3138 5021 3298 5078 τοῦτο
3343 5022 3703 5095 καταθρῶμεν

2117 5114 2176 5174 εὖ
2207 5117 2390 5190 μάλα,
2419 5116 2670 5190 καθάπερ
2701 5119 2758 5171 tv
2801 5115 2990 5171 πίνακι
3029 5115 3476 5188 σκιαγραφηθὲν,
3506 5117 3566 5170 tv
3593 5117 3702 5180 τοῖς

2121 5211 2264 5268 κατὰ
2305 5212 2396 5266 τὸν
2429 5212 2714 5266 θεσπέσιον
2771 5211 3026 5284 Ἀϐραὰμ
3071 5208 3544 5279 ἑπωφελεστάτοις
3572 5211 3703 5280 ἡμῖν

2119 5301 2452 5374 διηγήμασιν
2471 5321 2486 5369 ;

2194 5396 2404 5452 [ΙΛΛΛ.
2445 5393 2700 5465 Ἐλοίμην
2727 5392 2794 5447 ἂν
2833 5393 3060 5466 σφόδρα.
3098 5393 3224 5456 Πῶς
3257 5393 3364 5466 γὰρ
3396 5391 3490 5458 ob;

2189 5487 2353 5542 ΚΥΡ.
2372 5487 2690 5559 Γέγραπται
2713 5485 2891 5540 τοίνυν
2913 5527 2928 5553 ,
2961 5486 3037 5549 ὡς
3077 5485 3318 5558 κατῴκει
3352 5502 3410 5539 τε
3443 5482 3540 5538 καὶ
3574 5498 3705 5536 κατ·

2108 5580 2372 5651 ·ηυλίζετο
2409 5579 2505 5650 μὲν
2535 5580 2590 5632 ὲν
2624 5577 2880 5648 Σοδόμοις
2937 5579 2966 5631 ὁ
2995 5574 3138 5630 Λὼτο
3171 5574 3361 5645 ἐπειδὴ
3390 5573 3446 5627 δὲ
3480 5572 3578 5642 τὴν
3603 5570 3706 5637 γῆν

2203 5763 2247 5792 ⁸⁸
2275 5763 2408 5816 Dan.
2438 5777 2532 5827 vn,
2571 5759 2654 5812 IO.
2735 5759 2776 5789 ⁵³
2812 5759 2968 5813 Prov.
2997 5773 3068 5821 xt,
3093 5755 3170 5809 l'2.
3253 5755 3332 5809 “I
3362 5754 3492 5824 Reg.
3527 5768 3588 5818 ιι,
3613 5749 3701 5806 3'30.
