4082 6304
386 332 489 386 53$":
1090 328 1177 386 DE
1216 327 1656 387 ADORAT-IONE
1694 323 1763 381 IN
1804 322 2074 379 SPIRITU
2115 322 2203 377 ET
2243 319 2610 379 V’ERITATE.
2658 324 2783 379 LIB.
2815 322 2902 381 Ν.

3543 328 3648 384 534

385 446 556 509 δεινὸς
600 446 694 500 καὶ
746 444 915 517 βαρὺς
960 446 1176 501 κατέθει
1218 450 1474 518 πόλεμος,
1510 446 1618 501 τῶν
1664 463 1723 499 τε
1772 442 1968 514 ἀγχοῦ,

2073 460 2195 497 rum
2229 444 2436 498 bellum
2468 445 2522 498 in
2551 460 2672 499 eam
2716 446 2995 515 regionem
3047 444 3357 511 invasisset,
3412 461 3591 518 cumq:
3616 466 3648 502 c

386 539 479 592 καὶ
509 536 620 589 τῶν
651 538 718 591 ὲκ
748 538 847 607 τῆς
877 539 1079 609 ὁμόρου
1131 539 1317 611 χώρας
1337 581 1350 605 ,
1377 538 1514 609 ὁμοῦ
1550 539 1660 601 τοῖς
1716 535 1967 607 ἡγεῖσθαι

383 630 606 704 λαχοῦσι
643 630 786 684 κατὰ
814 632 1016 702 κράτος
1055 631 1285 686 ἑλόντων
1312 633 1411 705 τὴν
1444 632 1632 697 πόλιν,
1668 647 1967 685 συναπεκο-

388 723 573 794 μίζετο
599 725 712 786 τοῖς
740 722 1095 788 ὲξαναστᾶσιν
1128 725 1156 777 ὁ
1190 724 1335 790 Λὼτ,
1361 725 1454 777 καὶ
1479 723 1613 794 ὁμοῦ
1635 726 1747 787 τοίς
1788 723 1968 785 ἄλλοις

384 815 719 889 δορύληπτος
745 811 835 887 ἦν·
874 817 1318 888 παραγενόμενος
1345 817 1401 871 δέ
1430 833 1515 880 τις
1547 816 1654 869 τῶν
1691 816 1967 869 ἀνασεσω-

388 909 619 977 σμένων,
664 926 682 957 ι
706 907 1077 977 Ἀπηγγέλη,ι
1104 910 1288 979 φησὶν,
1315 927 1331 959 ι
1357 906 1608 977 Ἀϐραὰμ
1627 906 1705 977 τῷ
1729 905 1964 977 περάτῃ,

387 1000 547 1063 αὐτὸς
578 998 637 1052 δὲ
667 998 905 1069 κατῴκει
934 1000 1070 1070 πρὸς
1100 1003 1165 1071 τῇ
1195 999 1318 1070 δρυῒ
1354 1002 1419 1071 τῇ
1454 999 1696 1070 Μοιμὸρῇ
1715 1039 1729 1061 ,
1771 999 1967 1070 Ἀμορ-

389 1092 542 1161 ραίου
569 1089 663 1143 τοῦ
693 1090 927 1159 ἀδελφοῦ
967 1090 1206 1161 Ἑσχὼλ,
1236 1090 1332 1144 καὶ⁵
1375 1091 1469 1144 τοῦ
1500 1091 1730 1160 ἀδελφοῦ
1761 1091 1962 1156 Αὑνᾶν,

386 1183 435 1236 οἳ
512 1178 653 1253 ἦσαν
721 1182 1030 1253 συνωμόται
1090 1181 1185 1235 τοῦ
1273 1181 1509 1253 Ἀϐρὰμ.
1572 1182 1837 1245 Ἀκούσας
1900 1183 1958 1235 δὲ

399 1272 631 1345 Ἀδρὰμ,
661 1273 743 1325 δτι
775 1270 1195 1343 ῂχμαλώτευται
1224 1270 1347 1325 Λὼτ
1368 1275 1397 1324 ὁ
1432 1272 1747 1340 ἀδελφιδοῦς
1778 1272 1963 1341 αὐτοῦ,

388 1366 659 1435 ἠρίθμησε
680 1367 807 1430 τοὺς
852 1365 1013 1431 ἰδίους
1043 1367 1340 1434 οἰκογενεῖς
1387 1366 1552 1419 αὑτοῦ
1572 1405 1587 1430 ,
1621 1368 1967 1438 τριακοσίους

386 1455 517 1507 δέκα
547 1455 640 1508 καὶ
683 1454 845 1507 ὀκτώ.
893 1455 1003 1507 Kal
1051 1455 1376 1520 κατεδίωξεν
1425 1455 1602 1509 ὀπίσω
1657 1458 1834 1510 αὑτῶν
1861 1457 1967 1521 ἕως

386 1544 513 1599 Δάν·
561 1546 655 1599 καὶ
684 1545 953 1598 ἐπέπεσεν
991 1546 1076 1599 ἐπ’
1104 1545 1299 1610 αὐτοὺς
1326 1545 1424 1619 τὴν
1455 1545 1627 1600 νύκτα
1660 1548 1841 1613 αὑτὸς,
1873 1549 1967 1604 καὶ

387 1637 436 1688 οί
459 1636 643 1699 παῖδες
663 1634 852 1690 αὑτοῦ.
869 1636 978 1689 Kal
996 1635 1266 1700 ἐπάταξεν
1287 1637 1505 1700 αὐτοὺς,
1532 1637 1623 1689 καὶ
1641 1638 1965 1704 κατεδίωξεν

390 1726 586 1788 αὑτοὺς
617 1724 723 1787 ’έως
768 1725 918 1777 Χοϐὰ
939 1766 954 1790 ,
987 1726 1022 1796 ἦ
1056 1725 1208 1778 ἐστιν
1253 1727 1310 1778 ἐν
1343 1727 1607 1798 ἀριστερᾷ
1646 1728 1961 1798 Δαμασκοῦ.

386 1814 497 1868 Kal
525 1813 836 1884 ἀπέστρεψε
865 1815 1047 1868 πᾶσαν
1071 1813 1169 1883 τὴν
1197 1814 1364 1868 ἵππον
1403 1815 1677 1886 Σοδόμων,
1709 1817 1805 1871 καὶ
1839 1817 1965 1873 Λὼτ

383 1905 476 1958 τὸν
532 1905 846 1974 ἀδελφιδοῦν
897 1904 1062 1959 αὑτοῦ
1122 1905 1434 1974 ἀπέστρεψε
1462 1947 1476 1971 ,
1527 1908 1621 1961 καὶ
1673 1910 1852 1965 πάντα
1898 1910 1967 1965 τὰ

386 1997 700 2066 ὑπάρχοντα
731 1995 896 2051 αὑτοῦ
920 2036 934 2060 ,
968 1998 1063 2050 καὶ
1096 1997 1193 2061 τὰς
1235 2001 1522 2066 γυναῖκας,
1558 2000 1654 2055 xal
1694 2001 1783 2055 τὸν
1817 2002 1964 2056 λαόν.

395 2088 618 2160 Ἐξῆλθε
649 2089 706 2141 δὲ
747 2088 1001 2157 βασιλεὺς
1036 2090 1285 2160 Σοδόμων
1316 2093 1394 2154 είς
1427 2092 1749 2162 συνάντησιν
1776 2092 1965 2160 αὑτοῦ,

386 2178 528 2250 μετὰ
562 2178 625 2231 τὸ
654 2178 994 2248 ὑποστρέψαι
1034 2179 1198 2233 αὑτὸν
1226 2179 1335 2233 ἀπὸ
1365 2180 1466 2250 τῆς
1506 2183 1683 2251 κοπῆς
1712 2183 1970 2236 Χοδολλο-

381 2269 591 2342 γομὸρ,
627 2270 722 2323 καὶ
766 2269 875 2323 τῶν
923 2269 1190 2340 βασιλέων
1235 2272 1344 2325 τῶν
1378 2272 1517 2343 μετὰ
1546 2274 1713 2328 αὑτοῦ
1746 2277 1827 2339 είς
1867 2277 1969 2347 τὴν

382 2360 613 2415 κοιλάδα
638 2360 734 2415 τοῦ
757 2360 928 2431 Σαϐἧ.
959 2360 1129 2414 Τοῦτο
1163 2358 1232 2434 ἦν
1257 2364 1317 2416 τὸ
1345 2363 1524 2417 πεδίον
1547 2365 1656 2418 τῶν
1684 2365 1964 2435 βασιλέων.

382 2454 495 2508 Καὶ
556 2453 895 2524 Μελχισεδὲκ
930 2454 1181 2525 βασιλεὺς
1219 2455 1406 2527 Σαλὴμ
1447 2457 1734 2528 ἐξήνεγκεν
1770 2457 1969 2529 ἄρτους

384 2544 482 2598 καὶ
519 2540 680 2597 οἶνον·
721 2539 790 2615 ἦν
817 2543 874 2596 δὲ
896 2545 1076 2616 ἱερεὺς
1114 2542 1205 2597 τοῦ
1233 2544 1366 2598 Θεοῦ
1403 2546 1653 2616 ὑψίστου·
1689 2549 1782 2600 καὶ
1816 2547 1966 2600 εὑλό-

382 2652 519 2709 γησε
548 2637 639 2691 τὸν
684 2635 930 2707 Ἀδρὰμ,
965 2638 1059 2691 καὶ
1107 2631 1282 2690 εἶπεν·
1328 2636 1709 2709 Εὐλογημένος
1754 2639 1968 2710 ’Λϐρὰμ

383 2730 465 2801 τῷ
492 2727 610 2801 Θεῴ
646 2729 724 2801 τῷ
753 2729 994 2800 ὑψίστῳ,
1025 2730 1084 2793 ὃς
1131 2730 1318 2782 ἔκτισε
1352 2730 1441 2784 τὸν
1482 2732 1710 2803 οὐρανὸν
1745 2733 1838 2786 καὶ
1870 2732 1969 2803 τὴν

385 2821 512 2891 γῆν.
548 2819 660 2874 Kal
699 2818 988 2892 εὐλογητὸς
1020 2823 1046 2874 ὁ
1087 2820 1220 2885 Θεὸς
1257 2823 1286 2873 ὁ
1316 2821 1571 2892 ὕψιστος,
1598 2823 1657 2886 ὃς
1685 2824 1968 2895 παρέδωκε

385 2915 511 2977 τοὺς
542 2912 768 2984 ἐχθρούς
802 2929 895 2965 σου
925 2913 1270 2985 ὑποχειρίους
1299 2930 1403 2967 σοι.
1446 2914 1555 2968 Kal
1593 2914 1792 2968 ἔδωκεν
1822 2913 1970 2984 αὐτῷ

386 3005 619 3076 δεκάτην
657 3008 848 3076 μοῖραν
874 3004 982 3058 ἀπὸ
1014 3006 1253 3060 πάντων.
1280 3002 1417 3059 Eine
1444 3006 1500 3060 δὲ
1525 3005 1780 3076 βασιλεὺς
1810 3006 1969 3058 Σοδό-

392 3111 506 3163 μων
542 3094 677 3164 πρὸς
716 3093 951 3165 Ἁϐράμ·
989 3094 1090 3157 Δός
1123 3113 1215 3164 μοι
1243 3096 1370 3159 τοὺς
1403 3095 1622 3165 ἄνδρας,
1663 3096 1763 3166 τὴν
1793 3094 1850 3147 δὲ
1882 3095 1971 3147 ἴπ-

388 3195 489 3232 πον
521 3181 653 3234 λάϐε
679 3182 907 3251 σεαυτῷ.
939 3179 1073 3235 Εἶπε
1103 3182 1160 3234 δὲ
1203 3182 1417 3254 Ἀϐρὰμ
1451 3184 1586 3255 πρὸς
1617 3183 1706 3235 τὸν
1745 3183 1968 3253 βασιλέα

388 3270 658 3341 Σοδόμων·
710 3272 943 3326 Ἐκτενῶ
995 3272 1093 3342 τὴν
1141 3274 1301 3347 χεῖρά
1334 3292 1434 3345 μου
1476 3274 1612 3345 πρὸς
1644 3274 1847 3344 Κύριον
1877 3275 1969 3329 τὸν

387 3366 520 3420 Θεὸν
542 3366 630 3421 τὸν
660 3367 905 3437 ὕψιστον,
931 3369 989 3433 ὃς
1028 3371 1208 3423 ἔκτισε
1234 3370 1325 3424 τὸν
1353 3371 1580 3441 οὐρανὸν
1601 3370 1694 3424 καὶ
1723 3369 1819 3440 τὴν
1840 3370 1968 3439 γῆν,

389 3460 441 3514 εί
460 3459 569 3514 ἀπὸ
594 3461 863 3532 σπαρτίου
897 3460 1001 3525 ἕως
1031 3464 1392 3534 σφυρωτῆρος
1422 3463 1772 3533 ὑποδήματος
1801 3461 1969 3532 λήψο-

376 3548 491 3623 ’μαι
542 3551 651 3604 ἀπὸ
700 3552 919 3605 πάντων
954 3551 1062 3605 τῶν
1107 3552 1247 3617 σῶν,
1289 3552 1376 3605 ἵνα
1410 3554 1484 3623 μὴ
1509 3553 1667 3622 εἴπῃς
1698 3553 1780 3604 ὅτι
1828 3550 1970 3620 Ἐγὼ

389 3639 678 3694 ὲπλούτισα
705 3642 795 3695 τὸν
824 3641 1058 3713 Ἀϐρὰμ,
1084 3642 1221 3712 πλὴν
1249 3635 1324 3695 ὧν
1357 3640 1559 3709 έςαγον
1588 3642 1638 3693 οί
1668 3640 1963 3706 νεανίσκοι,

391 3731 487 3784 καὶ
516 3730 614 3801 τῆς
663 3731 879 3802 μερίδος
913 3731 1021 3785 τῶν
1064 3731 1276 3802 ἀνδρῶν
1321 3731 1429 3783 τῶν
1476 3730 1969 3801 συμπορευθέντων

394 3822 512 3892 μετ’
543 3821 699 3893 ὲμοῦ,
735 3822 960 3894 Ἐσχὼλ,
997 3824 1196 3887 Αὑνᾶν,
1229 3822 1506 3893 Μαμῦρῆ·
1536 3815 1682 3875 οὗτοι
1710 3822 1972 3893 λήψονται

380 3915 614 3995 μερίδα.
672 3914 829 3970 Μετὰ
869 3915 926 3967 δὲ
971 3916 1056 3995 τὰ.
1084 3917 1305 3986 ῥήματα
1343 3912 1516 3967 ταῦτα
1560 3913 1792 3983 ἐγενήθη
1825 3912 1974 3983 ῥῆμα

394 4009 597 4077 Κυρίου
623 4008 757 4079 πρὸς
800 4008 1015 4080 Ἀὁρὰμ
1048 3990 1106 4061 έν
1129 4007 1370 4080 ὁράματι
1397 4007 1497 4077 τῆς
1525 4006 1738 4070 νυκτὸς,
1774 4005 1971 4075 λέγων·

389 4100 485 4171 Μὴ
528 4100 715 4170 φοϐοῦ,
750 4100 984 4170 Ἀδρὰμ,
1018 4098 1127 4168 ἐγὼ
1166 4098 1525 4170 ὑπερασπίζω
1552 4116 1672 4164 σου,
1728 4099 1756 4150 ὁ
1780 4098 1974 4169 μισθός

367 4207 488 4243 ,σου
523 4191 692 4254 πολὺς
728 4191 880 4244 ἔσται
910 4190 1136 4261 σφόδρα.
1172 4190 1336 4259 Λέγει
1360 4190 1416 4243 δὲ
1459 4190 1695 4261 Ἀϐρὰμ,
1727 4190 1974 4242 Δέσποτα

393 4282 568 4355 Κύριε
591 4321 606 4347 ,
639 4283 692 4334 τί
723 4299 812 4354 μοι
836 4282 1058 4347 δώσεις;
1097 4280 1208 4350 ἐγὼ
1238 4282 1293 4334 δὲ
1338 4281 1647 4352 ἀπολύομαι
1676 4283 1919 4345 ἄτεκνος,
1946 4282 1974 4333 ὁ

391 4378 448 4429 δὲ
478 4375 593 4440 υἱὸς
622 4375 811 4446 Μασὲχ
843 4376 943 4444 τῆς
972 4373 1284 4442 οἰκογενοῦς
1329 4390 1461 4443 μου,
1495 4369 1647 4435 οὗτος
1678 4370 1973 4442 Δαμασκὸς

407 4468 678 4539 Ἐλιέζερ·
732 4468 828 4521 καὶ
890 4463 1042 4519 εἶπεν
1101 4465 1334 4535 ’Λὸράμ’

395 4560 602 4622 ἔδωκας
646 4559 906 4630 σπέρμα,
940 4560 967 4610 ὁ
997 4558 1052 4610 δὲ
1095 4556 1380 4627 οἰκογενής
1432 4573 1532 4624 μου
1578 4556 1976 4626 κληρονομήσει

399 4668 490 4720 μεθ
519 4653 629 4704 Kal
670 4651 833 4710 εὐθὺς
888 4649 1040 4720 φωνὴ
1085 4648 1293 4719 Κυρίου
1346 4648 1560 4715 ἐγένετο
1608 4648 1743 4718 πρὸς
1783 4647 1977 4709 αὑτὸν,

396 4741 651 4810 λέγουσα·
691 4742 767 4794 Οὐ
810 4742 1212 4811 κληρονομήσει
1258 4756 1316 4791 σε
1356 4735 1530 4802 οὗτος·
1564 4738 1721 4801 ἄλλος
1769 4737 1979 4803 ἐξελεύ-

400 4849 552 4886 σεται
576 4835 641 4886 ὲκ
680 4833 775 4886 σοῦ
799 4876 813 4899 ,
857 4828 1012 4895 οὗτος
1042 4832 1442 4903 κληρονομήσει
1487 4848 1568 4885 σε.
1624 4830 1890 4900 Ἑξὴγαγε
1922 4831 1978 4883 δὲ

342 4988 357 5003 ο
398 4924 560 4977 αὑτὸν
600 4922 705 4988 ἔξω
728 4964 741 4987 ,
766 4924 862 4977 καὶ
890 4920 1043 4976 εἶπεν
1083 4922 1252 4994 αὑτῷ·
1295 4922 1622 4993 Ἀνάϐλεψον
1665 4922 1728 4993 δὴ
1767 4924 1847 4986 εἰς
1886 4921 1977 4976 τὸν

399 5018 624 5087 οὐρανὸν
652 5017 745 5070 καί
787 5016 1089 5087 ἁρίθμησον
1117 5016 1242 5077 τοὺς
1285 5017 1543 5086 ἀστέρας,
1580 5018 1626 5069 εί
1660 5015 1862 5086 δυνήσῃ
1893 5012 1979 5079 ἐξ·

400 5106 702 5177 αριθμῆσαι
760 5106 993 5170 αὐτούς.
1056 5106 1166 5159 Kal
1225 5105 1393 5160 εἶπεν·
1451 5106 1638 5170 Οὕτως
1709 5107 1860 5159 ἔσται
1917 5105 1979 5158 τὸ

404 5197 623 5269 σπέρμα
661 5214 775 5251 σου.
818 5216 836 5249 ι
888 5198 1049 5267 Ὁρᾷς
1088 5198 1196 5249 τῶν
1233 5199 1403 5265 ἁγίων
1428 5198 1488 5251 τὸ
1522 5198 1737 5269 ἕτοιμον
1778 5199 1857 5260 είς
1885 5197 1978 5249 εὑ-

400 5288 658 5359 τολμίαν,
691 5291 786 5343 καὶ
829 5289 976 5351 ὅπως
1011 5288 1195 5358 ἔχουσι
1233 5290 1291 5342 τὸ
1329 5290 1603 5359 τληπαθὲς
1638 5288 1986 5354 ὲΘελούσιον;

404 5379 559 5450 Ἀμα
588 5380 697 5450 γὰρ
740 5377 975 5432 ἐπύθετο
1025 5378 1476 5433 κεκινδυνευκότα
1518 5381 1608 5434 τὸν
1651 5380 1815 5444 Λὼτ,
1853 5397 1978 5434 κατ-

402 5471 549 5543 ηλέει
583 5471 681 5542 μὲν
700 5470 862 5534 εὐθὺς
887 5469 980 5523 τοῦ
1013 5470 1345 5539 προσγενοῦς
1375 5472 1474 5539 τὴν
1524 5473 1844 5543 συμφορὰν,
1882 5472 1983 5542 ἀρ-

404 5564 583 5626 πάσας
611 5562 669 5616 δὲ
693 5562 819 5625 τοὺς
853 5562 1169 5628 οἰκογενεῖς,
1196 5560 1289 5612 καί
1312 5578 1463 5623 τινας
1495 5561 1603 5616 τῶν
1632 5560 1981 5631 συνωμοτῶν,

473 5741 518 5772 ’⁸
545 5740 685 5796 Gen.
729 5754 837 5801 xxv,
875 5738 1077 5802 lii-2i;
1113 5752 1203 5801 xv,
1240 5738 1359 5790 1-5.

2068 535 2330 605 proximaa
2349 551 2413 589 ac
2458 535 2706 590 ﬁnitima:
2736 546 2926 606 gentes
2955 551 3063 590 una
3088 552 3214 590 cum
3257 537 3494 592 ducibus
3523 539 3640 593 suis

2066 627 2121 682 vi
2158 642 2280 681 eam
2324 626 2519 680 urbem
2544 627 2852 696 cepissent,
2892 641 3002 680 una
3044 641 3171 680 cum
3207 627 3275 681 iis
3309 628 3403 697 qui
3443 630 3646 698 captivi

2067 717 2393 787 agebantur,
2427 716 2532 772 Lot
2557 732 2776 786 quoque
2819 717 3121 771 abductum
3171 717 3334 771 simul
3370 733 3494 773 cum
3525 718 3647 773 aliis

2068 809 2125 865 in
2152 809 2393 864 hostium
2428 816 2753 878 potestatem
2792 809 3047 863 venisse:
3078 808 3195 873 sed,
3245 825 3370 863 cum
3420 810 3646 881 quidam

2066 899 2217 954 exiis
2247 900 2339 970 qui
2364 908 2653 953 evaserant
2672 897 3004 959 advenisset,
3043 898 3337 954 cNuntiata
3373 915 3463 953 res
3486 909 3591 965 est,
3620 919 3640 951 ι

2068 993 2267 1065 inquit,
2310 1013 2327 1043 ‹
2356 992 2630 1047 Abraham
2658 990 3017 1046 transﬂuviali
3038 1007 3051 1044 :
3076 991 3190 1061 ipse
3223 1000 3407 1046 autem
3432 992 3649 1046 habita-

2067 1087 2163 1141 bat
2188 1087 2257 1141 ad
2290 1101 2555 1156 quercum
2587 1084 2850 1149 Mambre,
2880 1083 3181 1137 Amorrhaai
3210 1083 3396 1138 fratris
3421 1083 3644 1145 Eschol,

2066 1188 2122 1233 et
2158 1178 2345 1232 fratris
2402 1176 2619 1242 Aunan,
2682 1175 2778 1246 qui
2816 1184 2974 1230 erant
3017 1174 3288 1245 conjurati
3348 1174 3646 1228 Abraham.

2066 1269 2312 1323 Audiens
2336 1276 2522 1323 autem
2562 1268 2843 1322 Abraham
2883 1267 3031 1336 quod
3056 1267 3308 1336 captivus
3336 1267 3512 1321 factus
3556 1282 3647 1321 es-

2067 1370 2152 1416 set
2205 1360 2308 1416 Lot
2355 1360 2542 1415 fratris
2580 1360 2746 1421 filius,
2796 1359 3108 1415 numeravit
3148 1360 3402 1429 preprios
3448 1376 3646 1415 verna-

2068 1451 2223 1506 culos
2246 1467 2378 1505 suos
2406 1460 2683 1505 trecentos
2726 1450 2916 1505 decem
2946 1461 3002 1505 ct
3036 1461 3189 1515 octo;
3223 1460 3279 1505 et
3325 1460 3649 1520 persecutus

2066 1552 2152 1598 est
2166 1558 2261 1598 eos
2283 1559 2454 1612 usque
2475 1542 2610 1606 Dan,
2629 1551 2686 1597 et
2701 1543 2863 1597 irruit
2880 1558 3048 1612 super
3075 1558 3172 1597 eos
3193 1550 3306 1596 tota
3324 1551 3505 1609 nocte,
3533 1544 3650 1614 ipse

2067 1643 2124 1688 et
2161 1636 2319 1705 pueri
2348 1637 2470 1706 ejus
2495 1652 2508 1689 :
2532 1645 2588 1691 et
2633 1635 2908 1705 percussit
2959 1650 3075 1698 eos,
3105 1643 3161 1689 et
3211 1645 3537 1704 persecutus
3566 1645 3652 1690 est

2067 1741 2243 1795 usque
2265 1725 2496 1790 Chobal,
2535 1741 2659 1795 quae
2683 1732 2769 1779 est
2817 1724 2885 1779 ad
2915 1726 3106 1778 laevam
3139 1725 3411 1789 Damasci,
3444 1736 3501 1779 et
3554 1741 3653 1780 rc-

2068 1818 2226 1872 duxit
2253 1833 2474 1872 omnem
2496 1818 2807 1887 equitatum
2837 1816 3228 1879 Sodomorum,
3264 1823 3321 1870 et
3347 1815 3450 1870 Lot
3476 1815 3651 1871 ﬁlium

2068 1909 2257 1964 fratris
2277 1910 2363 1964 sui
2386 1909 2628 1973 reduxit,
2656 1917 2711 1963 et
2733 1923 2954 1962 omnem
2997 1908 3365 1963 substantiam
3409 1910 3550 1980 ejus,
3594 1917 3653 1964 et

2067 2000 2350 2065 mulieres,
2379 2010 2435 2056 et
2483 2000 2769 2071 populum.
2812 2000 2974 2069 138
3023 2000 3292 2070 Egressus
3322 2009 3406 2055 est
3465 2008 3651 2056 autem

2069 2107 2163 2146 rex
2196 2091 2562 2146 Sodomorum
2595 2092 2651 2145 in
2686 2106 2981 2145 occursum
3022 2091 3190 2155 illius,
3242 2099 3531 2162 postquam
3567 2108 3655 2146 rc-

2067 2199 2261 2238 versus
2290 2192 2373 2239 est
2400 2199 2431 2238 a
2460 2184 2607 2238 caede
2639 2182 3096 2248 Chodorlaomor,
3122 2191 3178 2238 et
3197 2191 3527 2239 caeterorum
3560 2200 3651 2239 rc—

2069 2290 2198 2345 gum
2236 2275 2330 2344 qui
2359 2290 2484 2329 cum
2514 2275 2609 2328 illo
2654 2284 2833 2340 erant,
2860 2277 2919 2330 in
2948 2277 3146 2330 vallem
3187 2275 3350 2330 Sabe.
3402 2276 3505 2330 Hic
3534 2282 3655 2330 erat

2069 2382 2297 2437 campus
2320 2383 2535 2438 regum,
2576 2376 2632 2422 et
2654 2367 3059 2422 Melchisedech
3109 2383 3209 2421 rex
3244 2366 3425 2421 Salem
3456 2376 3657 2437 protu-

2068 2457 2133 2511 lit
2160 2472 2332 2527 panes
2356 2464 2413 2512 et
2434 2456 2625 2510 vinum
2653 2474 2668 2523 ;
2706 2465 2826 2511 erat
2886 2456 3035 2509 enim
3082 2456 3342 2510 sacerdos
3374 2456 3471 2510 Dei
3498 2455 3659 2511 altis-

2070 2548 2215 2611 simi,
2245 2555 2301 2602 et
2339 2547 2626 2601 benedixit
2669 2546 2971 2611 Abraham,
3007 2554 3065 2601 et
3117 2546 3294 2601 dixit:
3324 2546 3656 2602 Benedictus

2069 2638 2344 2692 Abraham
2374 2639 2487 2692 Deo
2530 2639 2818 2703 altissimo,
2872 2639 2967 2708 qui
3003 2638 3142 2693 fecit
3196 2638 3400 2692 malum
3448 2647 3505 2693 et
3544 2646 3669 2693 ter-

2070 2746 2222 2796 ram;
2257 2740 2313 2785 et
2339 2730 2666 2785 benedictus
2690 2731 2837 2784 Deus
2858 2730 3183 2792 altissimus,
3211 2730 3307 2798 qui
3345 2718 3500 2785 dedit
3546 2729 3655 2785 hoc

2071 2828 2182 2875 stes
2217 2828 2342 2876 tuos
2378 2821 2633 2876 subditos
2672 2822 2793 2876 tibi.
2824 2821 2892 2875 Et
2917 2821 3071 2876 dedit
3099 2821 3152 2876 ei
3202 2821 3472 2876 decimam
3521 2837 3655 2892 par-

2072 2919 2181 2965 tem
2210 2912 2279 2966 ab
2304 2912 2582 2966 omnibus.
2619 2913 2764 2966 Dixit
2801 2920 2988 2967 autem
3031 2928 3131 2967 rex
3192 2912 3557 2967 Sodomorum
3588 2912 3657 2969 ad

2069 3003 2377 3059 Abraham:
2410 3005 2488 3059 Da
2527 3005 2664 3059 mihi
2693 3006 2863 3070 viros,
2901 3014 2956 3060 at
2986 3007 3296 3076 equitatum
3333 3007 3522 3077 accipe
3548 3004 3657 3063 tibi

1996 3130 2037 3184 ϐ
2073 3095 2196 3164 ipsi.
2219 3096 2366 3149 Dixit
2391 3103 2576 3150 autem
2618 3096 2893 3151 Abraham
2932 3097 3001 3151 ad
3034 3113 3217 3167 regem
3247 3097 3653 3155 Sodomorum:

2072 3186 2375 3240 Extendam
2397 3201 2620 3240 manum
2658 3201 2834 3239 meam
2869 3187 2938 3240 ad
2978 3189 3151 3241 Deum
3189 3188 3538 3253 altissimum,
3560 3188 3656 3258 qui

2048 3277 2279 3343 ,creavit
2306 3278 2506 3331 coelum
2537 3284 2594 3331 et
2622 3288 2847 3342 terram,
2881 3278 2932 3332 si
2974 3278 3119 3332 afilo
3152 3294 3327 3347 usque
3368 3278 3437 3332 ad
3477 3280 3656 3333 corri-

2071 3368 2215 3440 giam
2256 3368 2610 3424 calceamenti
2628 3370 2892 3438 accipiam
2920 3370 2988 3425 de
3016 3370 3275 3424 omnibus
3307 3370 3436 3434 tuis,
3467 3386 3536 3424 ne
3567 3369 3655 3424 di-

2073 3476 2195 3526 cas,
2254 3461 2370 3531 Ego
2417 3461 2586 3515 ditavi
2652 3461 2965 3527 Abraham,
3018 3470 3217 3531 prazter
3283 3478 3348 3517 ea
3392 3477 3514 3532 quae
3561 3477 3659 3517 co-

2072 3554 2365 3608 mederunt
2423 3555 2679 3624 juvenes,
2715 3563 2773 3608 et
2801 3561 3016 3624 partem
3050 3555 3294 3609 virorum
3341 3554 3435 3625 qui
3488 3570 3662 3609 vene-

2074 3652 2204 3699 runt
2243 3661 2482 3711 mecum,
2508 3645 2729 3711 Eschol,
2766 3645 3003 3710 Annam,
3053 3645 3328 3711 Mambre;
3378 3646 3468 3700 isti
3511 3644 3661 3701 acci-

2075 3734 2230 3806 pient
2258 3743 2491 3806 partem.
2525 3735 2655 3789 Post
2706 3734 2874 3789 verba
2925 3743 3110 3789 autem
3156 3736 3273 3789 haec
3316 3735 3520 3789 factum
3574 3740 3662 3790 est

2075 3827 2304 3880 verbum
2324 3826 2541 3881 Domini
2568 3826 2636 3881 ad
2671 3825 2951 3880 Abraham
2984 3826 3039 3880 in
3074 3826 3307 3890 visione,
3333 3826 3524 3881 dicens
3547 3845 3558 3879 :
3580 3827 3660 3881 Ne

2076 3917 2291 3981 timeas,
2354 3915 2669 3981 Abraham;
2720 3929 2821 3985 ego
2867 3921 3155 3985 protegam
3214 3923 3288 3978 te,
3324 3931 3538 3971 merces
3569 3905 3682 3971 tua‘

2074 4010 2247 4063 multa
2272 4009 2381 4063 erit
2407 4008 2593 4062 nimis.
2640 4007 2786 4062 Dicit
2814 4015 2999 4061 autem
3053 4007 3330 4061 Abraham
3358 4024 3371 4059 ι
3408 4008 3661 4071 Domine,

2075 4100 2208 4169 quid
2247 4100 2409 4154 dabis
2434 4096 2612 4151 mihi?
2644 4112 2745 4167 ego
2770 4105 2954 4151 autem
2977 4096 3227 4150 dimittor
3265 4097 3384 4149 sine
3428 4096 3659 4161 liberis;

2076 4191 2223 4245 ﬁlius
2255 4199 2439 4244 autem
2467 4189 2687 4243 Masech
2719 4188 3031 4241 vernacula
3054 4203 3210 4249 meae,
3242 4186 3334 4239 hic
3360 4186 3665 4239 Damascus

2076 4284 2326 4338 Eliezer:
2355 4291 2412 4337 et
2444 4281 2584 4337 dixit
2611 4280 2887 4334 Abraham
2911 4319 2925 4343 ,
2966 4277 3105 4343 Quia
3142 4277 3278 4329 mihi
3318 4276 3437 4329 non
3463 4275 3669 4330 dedisti

2079 4392 2287 4441 semen,
2312 4374 2644 4428 vernaculus
2701 4387 2859 4424 meus
2891 4370 3069 4423 haeres
3095 4382 3253 4422 meus
3284 4367 3411 4421 erit.
3446 4368 3515 4421 Et
3549 4375 3669 4421 stas

1414 4464 1633 4535 Ἐπειδὴ
1693 4466 1817 4535 ἐμοὶ
1874 4463 1970 4516 οὑκ

2081 4469 2176 4521 tim
2202 4481 2307 4519 vox
2337 4464 2556 4518 Domini
2596 4461 2739 4515 facta
2777 4468 2862 4513 est
2891 4458 2959 4512 ad
2984 4472 3143 4522 eum,
3169 4456 3391 4509 dicens:
3429 4457 3547 4509 Non
3575 4456 3665 4510 hic

2079 4556 2186 4611 erit
2223 4556 2420 4617 hieres,
2458 4552 2554 4606 sed
2601 4551 2696 4620 qui
2742 4550 2917 4603 exibit
2963 4564 3030 4602 ex
3074 4555 3147 4610 te,
3181 4546 3274 4601 hic
3322 4545 3430 4599 erit
3490 4545 3671 4600 haeres

2082 4657 2227 4703 tuus.
2300 4645 2505 4702 Eduxit
2567 4653 2752 4698 autem
2810 4658 2937 4697 eum
2988 4640 3167 4705 foras,
3227 4647 3284 4694 et
3337 4639 3476 4692 dixit
3538 4637 3590 4691 ei
3646 4654 3667 4690 ι

2082 4739 2310 4808 Suspice
2371 4738 2428 4790 in
2480 4736 2704 4797 coelum,
2743 4741 2800 4787 ct
2845 4747 3075 4785 numera
3128 4730 3336 4794 stellas,
3372 4729 3419 4783 si
3458 4728 3671 4799 poteris

2078 4844 2371 4885 numerare
2394 4844 2506 4882 eas.
2541 4828 2610 4881 Et
2637 4824 2795 4888 dixit,
2828 4823 2919 4878 Sic
2947 4823 3056 4877 erit
3095 4836 3282 4876 semen
3338 4826 3495 4872 tuum
3546 4818 3613 4871 ⁵⁸.
3638 4837 3661 4869 ι

2083 4924 2251 4980 Vides
2278 4937 2439 4992 quam
2458 4918 2699 4990 prompti
2728 4916 2839 4971 sint
2857 4915 2924 4969 ad
2962 4913 3284 4969 audendum
3333 4910 3509 4965 sancti
3533 4909 3667 4973 viri,

2086 5030 2361 5086 quamque
2392 5019 2587 5082 sponte
2617 5025 2715 5065 sua
2748 5007 2815 5063 ad
2861 5006 3149 5062 subeunda
3190 5003 3436 5074 pericula
3464 5000 3663 5070 parati.

2088 5105 2263 5161 Simul
2297 5103 2445 5159 enim
2480 5109 2643 5170 atque
2679 5098 2890 5153 audivit
2913 5097 3092 5166 ipsum
3126 5095 3229 5148 Lot
3271 5094 3327 5146 in
3367 5091 3666 5145 discrimen

2085 5193 2324 5255 venisse,
2346 5191 2638 5245 miseratus
2660 5186 2959 5257 propinqui
2983 5182 3374 5242 calamitatem,
3397 5177 3664 5247 arreptis-

2084 5299 2192 5355 que
2228 5280 2537 5338 vernaculis
2568 5286 2625 5333 et
2677 5277 2967 5332 foederatis
3019 5270 3373 5342 quibusdam,
3414 5266 3507 5336 qui
3558 5268 3668 5322 lie-

2084 5375 2217 5431 δι·εεί
2266 5390 2377 5429 non
2427 5381 2606 5435 erant,
2634 5369 2889 5423 celeriter
2939 5364 3225 5433 profectus
3264 5367 3349 5413 est
3403 5357 3668 5413 adversus

2084 5484 2180 5523 eos
2207 5467 2301 5537 qui
2337 5464 2584 5519 dolorem
2618 5461 2960 5517 inusserant,
3006 5466 3211 5520 eosque
3261 5449 3412 5502 nullo
3447 5450 3669 5518 negotio

2088 5560 2324 5632 subegit,
2349 5555 2713 5622 liberavitque
2739 5568 2769 5606 e
2792 5546 3109 5618 captivitate
3141 5553 3255 5598 tum
3285 5543 3463 5612 ipsum
3484 5543 3670 5597 fratris
