4082 6304
397 305 500 364 355

1416 296 1472 352 S.
1513 296 1788 354 CYRILLI
1826 295 2299 354 ALEXANDRINI
2337 293 2659 355 ARCIIIEP:

3561 288 3669 355 356

401 425 571 480 tilium
610 421 733 487 Lot,
763 429 876 476 tum
904 434 1001 474 eos
1044 432 1262 488 quoque
1292 417 1388 488 qui
1437 417 1492 472 in
1539 432 1736 472 manus
1793 418 1970 472 victo-

2093 419 2175 472 ιὺκ
2220 418 2380 483 ὄντας
2415 419 2728 492 Ἐϐραίους,
2759 416 2956 490 ἐχώρει
2992 415 3189 492 ῥᾳδίως
3217 419 3358 474 κατά
3378 410 3488 474 τῶν
3517 417 3670 474 λελυ-

399 531 524 570 rum
555 520 836 569 venerant.
869 510 1096 575 Deinde,
1121 517 1182 564 ut
1209 509 1407 565 victori
1432 509 1682 566 debitum
1701 510 1972 564 honorem

398 606 749 670 exhiberent,
782 603 1000 659 obviam
1029 603 1105 657 illi
1149 603 1406 674 prodiere
1434 603 1593 673 139
1640 612 1756 657 tum
1799 601 1974 657 Sodo-

402 715 616 758 morum
641 715 756 763 rex,
788 706 903 752 tum
916 695 1170 751 sacerdos
1189 711 1407 766 quoque
1432 696 1530 750 Dei
1561 695 1813 750 altissimi
1842 695 1977 750 Mel-

401 789 720 853 chisedech,
749 797 811 843 ut
835 787 1099 856 scriptum
1131 791 1255 850 est;
1291 784 1447 854 isque
1494 785 1720 838 minime
1765 785 1974 850 inanis;

401 884 583 938 attulit
625 881 828 952 quippe
879 877 1169 935 sacerdotii
1203 876 1450 949 symbola
1491 877 1638 931 illius
1678 877 1825 946 quod
1863 885 1980 931 tum

401 975 597 1032 eratin
620 989 796 1038 more,
824 986 1016 1042 panes,
1049 971 1296 1040 inquam,
1341 974 1400 1023 et
1448 968 1664 1030 vinum,
1715 975 1773 1022 et
1813 969 1982 1024 bene-

401 1067 543 1123 dixit
565 1066 859 1130 Abraham,
886 1073 942 1119 et
972 1079 1156 1118 sacras
1177 1061 1256 1116 illi
1289 1076 1454 1116 voces
1483 1061 1696 1131 praemii
1723 1061 1848 1116 loco
1874 1061 1980 1114 tri-

401 1157 544 1212 buit.
577 1157 852 1212 Abraham
899 1156 1068 1226 igitur
1095 1163 1320 1209 strenue
1353 1169 1468 1208 rem
1504 1153 1674 1224 gessit
1721 1168 1784 1206 ac
1813 1152 1978 1207 vicit:

403 1251 541 1306 tales
587 1249 791 1320 quippe
825 1263 1044 1316 semper
1081 1246 1196 1302 fere
1223 1255 1354 1301 sunt
1377 1247 1456 1300 illi
1485 1245 1792 1300 secundum
1817 1243 1982 1300 Chri-

401 1351 547 1397 stum
572 1341 742 1394 fortes
759 1339 886 1403 viri,
919 1337 1126 1406 quique
1149 1337 1260 1390 Deo
1293 1336 1659 1406 gratissimam
1689 1335 1834 1388 illam
1861 1333 1983 1387 ani-

400 1433 477 1487 mi
521 1431 848 1488 contidentis
902 1428 1248 1482 alacritatem
1299 1433 1482 1484 mente
1533 1435 1853 1495 conceptam
1898 1435 1983 1480 te-

403 1533 556 1578 nent.
591 1521 670 1574 Ac
699 1521 850 1574 velut
881 1514 1120 1586 exempli
1158 1517 1282 1572 loco
1342 1517 1412 1571 ad
1453 1516 1618 1571 fidem
1670 1516 1858 1571 verbis
1899 1515 1984 1570 fa-

403 1613 654 1670 ciendam
687 1621 906 1667 sanctos
927 1609 1206 1680 apostolos
1229 1608 1508 1679 adjiciam,
1544 1608 1660 1678 qui,
1710 1624 1834 1664 cum
1883 1607 1985 1663 Sa-

405 1718 561 1762 tanas
587 1705 772 1760 omnia
804 1701 1062 1756 facillime
1092 1700 1380 1769 diriperet,
1421 1699 1459 1753 ii
1513 1701 1678 1754 etiam
1714 1700 1808 1769 qui
1835 1699 1985 1754 veri—

405 1798 535 1852 tatis
559 1794 828 1866 dogmatis
851 1791 1213 1854 obsistebant,
1253 1791 1655 1861 simpliciorum
1692 1789 1982 1844 hominum

405 1889 616 1944 animas
645 1885 1116 1956 depraedarentur,
1149 1898 1270 1938 sese
1317 1882 1536 1938 fortiter
1584 1890 1980 1953 opposuerunt,

403 1987 462 2033 et
493 1993 679 2032 secum
721 1991 830 2030 una
872 1974 1199 2028 vernaculos
1248 1973 1420 2028 armis
1466 1973 1880 2037 instruxerunt,
1927 1972 1983 2027 id

403 2078 510 2134 est,
537 2084 632 2124 eos
667 2067 761 2138 qui
781 2073 938 2121 erant
968 2065 1024 2119 in
1058 2065 1230 2119 sacris
1279 2063 1506 2118 Litteris
1535 2063 1752 2118 educati
1777 2078 1985 2133 :quos—

303 2211 306 2217 ,
407 2157 533 2211 dam
553 2155 719 2210 etiam
749 2153 1047 2209 fmderatos
1097 2151 1190 2222 qui
1237 2152 1454 2208 Hebraei
1501 2168 1616 2207 non
1663 2161 1840 2216 erant,
1891 2168 1988 2208 eos

405 2261 605 2316 nempe
651 2245 768 2314 qui,
814 2244 1067 2314 quamvis
1115 2244 1297 2300 adhuc
1349 2259 1415 2299 ea
1459 2260 1581 2314 qua:
1630 2253 1758 2300 sunt
1794 2244 1988 2300 mundi

407 2341 686 2406 saperent,
727 2343 910 2389 tamen
939 2334 1100 2388 simul
1123 2349 1251 2389 cum
1295 2335 1501 2390 sanctis
1529 2333 1664 2390 viris
1707 2345 1988 2391 certamen

407 2429 690 2495 subibant,
719 2444 924 2498 eosque
951 2428 1157 2484 imitari
1174 2429 1492 2484 studebant.
1519 2431 1730 2501 Itaque,
1770 2447 1896 2486 cum
1928 2446 1988 2486 se

407 2526 631 2574 strenue
682 2519 1002 2590 gessissent,
1049 2519 1337 2574 victoriam
1393 2531 1751 2592 pepererunt,
1806 2530 1864 2577 et
1921 2538 1990 2576 ex

407 2607 558 2663 illius
603 2607 888 2678 tyrannico
935 2605 1229 2660 dominatu
1276 2608 1523 2676 captivos
1584 2608 1986 2678 abripuerunt:

407 2699 546 2754 alios
583 2699 732 2752 enim
756 2713 823 2752 ex
845 2697 1118 2752 idolorum
1134 2698 1308 2762 cultu,
1329 2707 1388 2751 et
1409 2699 1478 2752 ab
1489 2698 1808 2755 adoratioue
1833 2716 1988 2756 crea-

409 2797 549 2845 turae
573 2786 758 2854 potius
795 2801 966 2856 quam
999 2786 1304 2851 Creatoris,
1336 2786 1473 2841 alios
1505 2802 1536 2842 a
1581 2787 1703 2842 falsi
1750 2789 1992 2846 nominis

409 2880 642 2936 scientia
667 2887 946 2935 extractos
967 2887 1210 2933 servant.
1239 2878 1346 2934 Sed
1369 2894 1437 2934 ex
1471 2879 1575 2934 hac
1617 2880 1756 2936 adeo
1791 2882 1990 2938 illustri

408 2967 919 3038 excelsaqueanimi
952 2968 1330 3038 magnitudine
1373 2984 1494 3024 eam
1538 2971 1852 3026 mercedem
1900 2988 1991 3028 as-

2081 511 2365 580 πηκότων,
2394 511 2492 565 καὶ
2523 512 2910 582 κατεχειροῦτο
2941 511 3040 582 μὲν
3065 511 3324 574 εὐκόλως,
3351 510 3663 582 ἀπήλλαττε

2079 601 2138 654 δέ
2195 601 2296 672 τῆς
2353 600 2766 671 αἰχμαλωσίας,
2821 600 2981 653 αὑτόν
3034 615 3095 652 τε
3148 598 3242 651 τὸν
3296 597 3662 668 ἀδελφόπαιδα

2085 693 2234 765 Λὼτ,
2263 693 2357 746 καὶ
2383 693 2508 756 τοὺς
2537 691 2640 745 ὑπὸ
2689 694 2850 763 χεῖρα
2891 691 3156 754 πεσόντας
3182 690 3288 744 τῶν
3323 690 3668 762 κεκρατηκό-

2081 801 2210 838 των.
2244 780 2377 837 Εἶτα
2416 783 2626 845 λοιπὸν,
2669 783 2744 846 ὡς
2771 785 3080 854 νενικηκότι
3115 783 3214 854 τὴν
3247 784 3394 855 αὑτῷ
3425 787 3666 856 πρέπου-

2085 893 2183 928 σαν
2249 876 2414 946 τιμὴν
2481 874 2890 938 ἁποσώζοντες,
2929 875 3181 946 ὑπήντων
3234 874 3494 941 εἰκότως,
3541 876 3570 930 ὅ
3603 891 3664 930 τε

2085 966 2341 1036 βασιλεὺς
2387 966 2674 1036 Σοδόμων,
2715 967 2809 1020 καὶ
2860 965 3200 1036 Μελχισεδὲκ
3263 969 3292 1020 ὁ
3338 969 3516 1038 ἱερεὺς
3569 967 3664 1023 τοῦ

2083 1058 2216 1112 Θεοῦ
2259 1058 2352 1111 τοῦ
2409 1059 2668 1128 ὑψίστου,
2727 1057 2870 1111 καθὰ
2923 1059 3258 1130 γέγραπται.
3317 1060 3565 1132 ’Υπήντα
3607 1061 3668 1116 δέ

2083 1151 2144 1203 οὑ
2167 1149 2360 1220 ψιλῶς,
2384 1147 2744 1218 ἐπεκομίζετο
2763 1149 2819 1202 δὲ
2847 1149 2944 1218 τῆς
2975 1149 3274 1221 ἱερωσύνης
3297 1149 3366 1202 τὰ
3399 1133 3663 1219 σύμϐολα,

2083 1243 2182 1313 τῆς
2211 1242 2271 1295 τὸ
2295 1241 2549 1311 τηνικάδε
2579 1240 2976 1310 νενομισμένης
2997 1279 3011 1302 ,
3059 1239 3260 1311 ἄρτους
3283 1257 3342 1294 τε
3373 1241 3467 1295 καὶ
3500 1239 3663 1307 οἶνον,

2085 1335 2180 1387 καὶ
2234 1331 2560 1403 κατηυλόγει
2622 1333 2714 1384 τὸν
2784 1330 3073 1402 Ἀϐραὰμ,
3121 1331 3218 1384 καὶ
3271 1332 3441 1403 γέρας
3493 1333 3663 1387 ἐδίδου

2087 1426 2272 1497 φωνὰς
2318 1426 2489 1498 ίεράς.
2557 1423 2877 1496 ’Πνδρίσατο
2925 1423 3217 1496 τοιγαροῦν
3243 1426 3338 1478 καὶ
3383 1421 3668 1497 νενίκηκεν

2098 1517 2370 1589 Ἀϐραάμ)
2399 1518 2632 1572 τοιοῦτοι
2674 1517 2785 1588 γὰρ
2810 1517 2896 1571 ἀεί
2929 1515 3048 1580 πώς
3089 1519 3227 1570 εἰσιν
3270 1519 3320 1570 οἱ
3371 1517 3512 1571 κατὰ
3535 1519 3670 1590 Χρι-

2088 1611 2212 1664 στὸν
2243 1610 2512 1682 ἀνδρεῖοι,
2561 1609 2654 1664 καὶ
2706 1609 3132 1679 θεοφιλεστάτην
3179 1613 3258 1673 είς
3291 1609 3416 1663 νοῦν
3451 1610 3670 1681 ἔχοντες

2086 1703 2185 1774 τὴν
2211 1703 2521 1774 εὐτολμίαν.
2551 1701 2856 1774 Προσοὴσω
2883 1701 2963 1767 δὲ,
2998 1700 3188 1774 ὥσπερ
3211 1703 3291 1765 εἰς
3321 1701 3670 1773 παράδειγμα

2087 1794 2184 1848 καὶ
2217 1794 2398 1847 πίστιν
2435 1792 2531 1846 τοῦ
2571 1793 2756 1860 λόγου,
2791 1793 2918 1853 τοὺς
2966 1791 3155 1860 ἁγίους
3199 1791 3558 1856 ἀποστόλους,
3587 1791 3660 1858 οἶ,

2087 1885 2267 1939 πάντα
2297 1885 2537 1949 εὐκόλως
2575 1883 2970 1956 διαρπάζοντος
3002 1883 3096 1937 τοῦ
3137 1884 3389 1950 Σατανᾶ,
3427 1885 3522 1938 καὶ
3565 1883 3672 1956 μὴν

2085 1975 2194 2030 τῶν
2231 1975 2641 2048 ἀνθεστηκότων
2672 1979 2786 2039 τοῖς
2831 1975 2936 2045 τῆς
2986 1975 3246 2048 ἀληθείας
3278 1976 3544 2047 δόγμασι,
3572 1977 3672 2041 τὰς

2087 2067 2196 2121 τῶν
2219 2067 2602 2139 ἁπλουστέρων
2625 2066 3104 2138 καταληῖζομένων
3130 2067 3328 2138 ψυχὰς,
3351 2069 3672 2139 ἀντεφέρον-

2089 2177 2150 2214 το
2169 2160 2450 2224 νεανικῶς,
2477 2159 2942 2224 συνεξοπλίζοντες
2973 2161 3184 2224 ἑαυτοῖς
3214 2160 3338 2222 τοὺς
3356 2162 3670 2228 οἰκογενεῖς,

2089 2253 2354 2318 τουτέστι,
2379 2255 2506 2316 τοὺς
2525 2255 2642 2316 τοῖς
2665 2254 2830 2325 ἱεροῖς
2857 2252 3331 2324 ἐντεθραμμένους
3354 2253 3672 2324 Γράμμασι,

2088 2346 2183 2400 και
2228 2363 2380 2411 τινας
2425 2345 2536 2400 τῶν
2590 2345 2948 2417 συνωμοτῶν,
2995 2345 3095 2398 οὑκ
3137 2345 3298 2409 ὄντας
3366 2345 3674 2416 Ἐϐραίους,

2091 2439 2238 2511 φημὶ
2280 2439 2338 2492 δὲ
2379 2439 2444 2508 δὴ
2492 2438 2688 2501 πάλιν,
2717 2438 2842 2501 τοὺς
2874 2437 3209 2508 φρονοῦντας
3260 2437 3360 2508 μὲν
3396 2437 3476 2491 ἔτι
3514 2437 3584 2491 τὰ
3616 2439 3676 2490 ἐν

2091 2531 2302 2601 κόσμῳ,
2332 2529 2734 2594 συναθλοῦντας
2773 2529 2828 2584 δέ
2863 2532 2978 2594 τοῖς
3010 2529 3186 2598 ἁγίοις
3207 2570 3222 2594 ,
3252 2530 3346 2582 καὶ
3378 2527 3677 2601 ζηλοῦντας

2093 2621 2334 2685 αὑτοὺς,
2367 2620 2742 2692 ἀνδριζόμενοι
2787 2621 2844 2674 δέ
2885 2621 3028 2674 οὕτω
3070 2621 3422 2692 νενικήκασι,
3453 2621 3548 2676 καὶ
3575 2619 3678 2692 τῆς

2091 2711 2302 2766 ἐκείνου
2335 2712 2649 2780 πλεονεξίας
2683 2712 2992 2784 ἐξήρπαζον
3016 2715 3143 2778 τοὺς
3178 2714 3507 2778 ἑαλωκότας.
3537 2712 3676 2776 Τοὺς

2097 2801 2195 2872 μὲν
2225 2801 2334 2874 γὰρ
2367 2803 2430 2854 ἐκ
2469 2803 2568 2871 τῆς
2608 2800 3056 2872 είδωλολατρείας
3098 2801 3175 2871 (1)
3197 2842 3210 2862 ,
3248 2800 3345 2854 καὶ
3379 2799 3472 2854 τοῦ
3506 2815 3678 2869 προσ-

2094 2894 2278 2946 κυνεῖν
2309 2893 2376 2962 τῇ
2423 2891 2598 2946 κτίσει
2644 2890 2796 2964 παρὰ
2820 2893 2912 2945 τὸν
2955 2893 3215 2946 κτίσαντα
3234 2932 3250 2958 ,
3279 2893 3405 2956 τοὺς
3449 2891 3507 2944 δὲ
3533 2931 3547 2952 ,
3576 2890 3676 2959 τῆς

2092 2982 2451 3054 ψευδωνύμου
2529 2982 2787 3050 γνώσεως
2859 2983 3204 3051 ἐξέλκοντες,
3283 2980 3675 3046 ἀνασῴζουσιν·

409 3069 739 3132 sequuntur,
769 3071 830 3117 ut
853 3077 966 3117 non
992 3061 1168 3116 solum
1192 3062 1261 3117 ab
1279 3063 1348 3117 iis
1376 3064 1472 3132 qui
1505 3063 1561 3118 in
1600 3064 1808 3120 mundo
1840 3074 1988 3130 sunt,

2096 3075 2232 3130 ἀλλά
2262 3075 2361 3144 τῆς
2387 3075 2530 3128 οὑτω
2559 3075 2826 3146 λαμπρᾶς
2857 3077 2950 3130 καὶ
2987 3075 3362 3146 μεγαλοφυοῦς
3391 3075 3676 3146 εὐψυχίας,

409 3147 717 3206 honoribus
735 3149 1040 3205 adiciantur
1068 3168 1082 3204 :
1107 3169 1124 3202 ι
1153 3151 1422 3222 Egressus
1441 3161 1528 3207 est
1548 3153 1718 3218 enim,
1741 3175 1759 3206 ι
1791 3155 1990 3226 inquit,

420 3257 558 3298 «rex
581 3241 948 3297 Sodomorum
991 3241 1045 3295 in
1085 3257 1378 3297 occursum
1425 3242 1704 3298 Abraham
1723 3244 1802 3310 ‘9;
1837 3264 1855 3297 ι
1895 3247 1993 3300 sed

410 3333 574 3390 etiam
603 3334 1046 3390 benedictionem
1093 3342 1500 3404 consequantur
1543 3335 1692 3388 illam
1737 3351 1860 3406 quae
1895 3353 1995 3407 per

409 3423 688 3480 Christum
715 3425 896 3488 datur,
925 3425 1022 3494 qui
1062 3439 1164 3479 nos
1183 3424 1496 3479 vivificante
1527 3427 1701 3496 gratia
1735 3436 1994 3498 tanquam

409 3532 554 3588 pane
574 3532 640 3570 ac
661 3517 793 3570 vino
832 3516 1093 3571 laetificat.
1123 3515 1312 3586 Itaque
1355 3516 1423 3572 de
1452 3533 1509 3572 se
1536 3518 1671 3588 ipsis
1707 3520 1995 3576 verissime

413 3607 608 3662 dicunt
633 3623 646 3658 :
689 3625 706 3656 ι
734 3605 1019 3662 Benedicti
1043 3621 1144 3660 nos
1167 3621 1198 3660 a
1224 3606 1478 3673 Domino,
1507 3608 1602 3678 qui
1628 3608 1760 3663 fecit
1792 3610 1994 3666 coelum

412 3705 470 3750 et
491 3706 694 3752 terram
730 3697 796 3751 “.
824 3717 841 3749 ι
881 3697 979 3752 Est
1030 3705 1214 3752 autem
1241 3697 1452 3753 Christi
1491 3700 1787 3755 sacerdotii
1821 3699 1996 3772 ﬁgura

413 3788 862 3856 Melchisedech;
931 3804 1037 3844 nec
1073 3790 1351 3859 pluribus,
1379 3799 1442 3845 ut
1487 3792 1706 3861 Opinor,
1755 3792 1824 3847 ad
1873 3808 1996 3848 eam

418 3896 537 3936 rem
560 3881 1044 3936 demonstrandam
1070 3896 1209 3950 opus
1239 3881 1380 3947 erit;
1424 3897 1549 3936 cum
1583 3882 1640 3936 in
1685 3883 1792 3937 hac
1836 3891 1995 3953 parte

414 3987 583 4028 sacrae
608 3971 834 4026 Littera:
859 3971 972 4025 sint
994 3971 1145 4025 satis.
1171 3969 1305 4025 Cum
1331 3987 1464 4027 vero
1502 3972 1866 4028 Sodomorum
1900 3991 1997 4030 rex

417 4060 584 4118 beato
622 4059 858 4114 Abrahae
881 4067 1142 4128 tanquam
1177 4059 1378 4114 victori
1425 4060 1696 4115 dixisset:
1738 4062 1814 4116 Da
1858 4063 1996 4118 mihi

413 4153 586 4218 viros,
607 4165 782 4222 equos
803 4158 990 4204 autem
1015 4149 1119 4204 tibi
1141 4149 1246 4220 ipsi
1293 4150 1524 4219 accipe;
1570 4149 1709 4203 nihil
1743 4165 1801 4205 se
1844 4167 2000 4207 acce-

414 4254 640 4314 pturum
675 4241 822 4296 illico
855 4239 1150 4310 dejuravit,
1186 4240 1295 4295 nisi
1335 4239 1474 4295 forte
1499 4240 1653 4295 cibos
1677 4256 1869 4296 eorum
1905 4243 1998 4313 qui

415 4351 525 4390 una
549 4335 796 4390 laborem
820 4331 1218 4402 suscepissent,
1245 4339 1302 4387 et
1344 4341 1558 4402 partem
1605 4331 1998 4388 foederatorum

414 4429 638 4493 Eschol,
665 4427 898 4492 Annam,
925 4433 984 4480 et
1011 4426 1275 4481 lllambre.
1304 4425 1564 4492 Quamvis
1586 4426 1733 4482 enim
1757 4441 1860 4497 pro
1882 4426 1984 4482 ho-
2030 4426 2074 4482 D

415 4521 628 4575 minum
665 4518 761 4589 qui
800 4517 1070 4588 perierint
1110 4518 1288 4574 salute
1325 4519 1500 4574 sancti
1526 4519 1631 4574 viri
1673 4519 1878 4574 bellum
1905 4537 2002 4592 ge-

415 4621 562 4680 rant,
591 4628 657 4668 ac
685 4621 911 4668 strenue
932 4619 1172 4677 certent,
1206 4609 1364 4682 140
1391 4627 1726 4682 omnemque
1750 4613 2002 4668 laborem

415 4707 691 4772 subeant;
725 4721 758 4761 a
788 4706 996 4760 mundo
1044 4713 1228 4759 tamen
1267 4701 1408 4756 nihil
1455 4704 1756 4774 accipiunt,
1822 4721 2002 4776 neque

419 4807 674 4854 terrenas
696 4811 829 4864 opes
861 4796 1133 4864 colligunt
1158 4812 1172 4846 ι
1224 4794 1282 4848 in
1309 4809 1421 4863 quo
1442 4797 1652 4850 evitant
1676 4797 1912 4852 maxime
1936 4799 2002 4852 il-

419 4891 549 4954 lam,
575 4902 698 4958 quae
717 4887 982 4941 exsistere
1003 4885 1130 4939 inde
1155 4885 1316 4949 solet,
1335 4888 1814 4954 exprobrationem
1843 4907 1856 4943 :
1895 4891 2002 4945 «Ne

419 4979 624 5047 dicas,»
655 4976 888 5048 inquit,¢
915 4974 1073 5042 Quod
1093 4991 1195 5046 ego
1216 4975 1384 5029 ditavi
1409 4977 1714 5046 Abraham;
1737 4999 1755 5031 ›
1787 4988 2002 5036 tantum

419 5095 576 5152 cibos
619 5091 894 5163 accipient
935 5087 1030 5160 qui
1060 5088 1130 5142 ab
1166 5087 1236 5142 iis
1263 5102 1404 5158 quos
1444 5089 1692 5158 iuverint
1735 5091 2001 5162 suppedi_

421 5194 658 5242 tantum
682 5184 890 5255 Dignus
911 5191 997 5238 est
1011 5179 1161 5236 enim
1183 5178 1474 5250 operarius
1495 5182 1750 5236 mercede
1771 5199 1870 5238 sua
1895 5184 1994 5248 ",p

423 5277 570 5332 etiis
594 5277 689 5346 qui
727 5275 1084 5345 Evangelium
1107 5270 1461 5337 annuntiant,
1487 5289 1554 5327 ex
1591 5273 1894 5344 Evangelia
1915 5277 2001 5329 via

422 5382 553 5424 vere
575 5366 834 5436 praecepit
855 5366 1112 5422 Christus
1133 5366 1200 5418 η.
1250 5363 1523 5420 Foederati
1577 5372 1756 5418 tamen
1812 5376 2000 5436 partes

419 5459 719 5526 accipiunt,
745 5467 1037 5526 propterea
1062 5457 1226 5528 quod,
1259 5456 1550 5527 utopinor,
1585 5455 1641 5509 in
1667 5454 1734 5510 iis
1777 5471 1999 5528 quoque

495 5589 541 5622 δ’
568 5589 704 5644 Gen.
737 5604 847 5650 xiv,
879 5588 964 5643 17.
1043 5589 1090 5621 ⁸⁸
1117 5590 1260 5644 Psal.
1295 5607 1441 5657 cxm,
1471 5591 1560 5647 24.
1633 5593 1678 5626 ³¹
1710 5591 1846 5649 Luc.
1878 5609 1930 5659 ι,
1974 5593 2026 5648 7.

494 5725 570 5796 (1)
602 5723 736 5780 Cod.
769 5723 967 5792 Vatic.,
1000 5724 1166 5779 ἑώλου
1191 5725 1464 5799 λατρείας.

2096 3168 2267 3220 ἁποκε
2277 3165 2579 3237 ρδαίνουσιν
2598 3165 2837 3237 ἀμοιϐὴν
2855 3209 2868 3232 ,
2891 3166 2990 3229 τάς
3011 3184 3070 3220 τε
3093 3167 3245 3237 παρὰ
3268 3165 3378 3220 τῶν
3399 3167 3457 3218 ἐν
3486 3167 3678 3238 κόσμῳ

2095 3259 2260 3330 τιμάς
2285 3274 2298 3290 ο
2337 3275 2360 3310 ‹
2409 3256 2628 3327 Ἐξῆλθε
2661 3257 2794 3328 γὰρ,
2824 3258 2980 3328 φησὶ,
3017 3257 3270 3328 βασιλεὺς
3299 3257 3549 3326 Σοδόμων
3596 3258 3678 3318 εἰς

2097 3351 2420 3420 συνάντησιν
2461 3347 2537 3418 τῷ
2591 3349 2870 3422 Ἀϐραὰμ,
2923 3349 3019 3403 καὶ
3049 3349 3406 3418 Μελχισεδὲκ,
3436 3349 3465 3400 ό
3499 3347 3680 3420 ἱερεὺς

2095 3445 2188 3498 τοῦ
2201 3442 2336 3498 Θεοῦ
2359 3443 2450 3496 τοῦ
2481 3442 2729 3512 ὑψίστου,
2761 3462 2779 3493 ι
2798 3443 3052 3510 εὐλογίαν
3078 3441 3174 3512 τὴν
3204 3441 3294 3495 διὰ
3319 3441 3582 3514 Χριστοῦ,
3610 3439 3677 3512 τῇ

2097 3537 2350 3605 ζωοποιῷ
2381 3534 2568 3606 χάριτι
2599 3533 3093 3606 κατευφραίνοντος
3122 3534 3270 3604 ἄρτῳ
3304 3551 3360 3586 τε
3399 3534 3493 3588 καὶ
3525 3533 3675 3604 οἴνῳ.

2098 3627 2391 3696 Τοιγάρτοι
2443 3624 2538 3678 καὶ
2586 3623 2945 3694 ἀληθεύοντες
2994 3625 3371 3692 ἐφ’·ὲαυτοῖς,
3417 3619 3476 3678 εὖ
3533 3623 3680 3694 μάλα

2101 3719 2284 3789 φασίν·
2318 3736 2336 3768 ι
2374 3716 2744 3788 Εὑλογημένοι
2771 3716 2930 3788 ὑμεῖς
2957 3717 3032 3786 τῷ
3066 3717 3255 3787 Κυρίῳ
3285 3715 3362 3787 τῷ
3391 3718 3678 3786 ποιήσαντι

2096 3813 2194 3866 τὸν
2233 3811 2460 3883 ούρανδν
2509 3812 2606 3864 καὶ
2649 3808 2749 3880 τὴν
2797 3810 2921 3880 γῆν.
2970 3828 2988 3860 ι
3039 3809 3220 3872 Τύπος
3251 3809 3292 3860 δ’
3334 3809 3399 3863 ἂν
3443 3807 3530 3880 εῐη
3578 3810 3680 3879 τῆς

2098 3903 2242 3960 κατά
2267 3903 2500 3974 Χριστὸν
2535 3900 2836 3974 ἱερωσύνης
2865 3903 2894 3954 ὁ
2923 3899 3260 3970 Μελχισεδὲκ
3281 3943 3295 3965 ,
3336 3901 3428 3954 καὶ
3455 3900 3516 3953 οὑ
3545 3899 3680 3952 πολ-

2097 3996 2226 4065 λῶν,
2249 3993 2424 4066 οἶμαι,
2449 3995 2510 4048 τὸ
2533 3995 2719 4065 χρῆμα
2741 3993 2876 4062 πρὸς
2908 3991 3180 4056 ἀπόδειξιν
3209 3993 3462 4062 δεήσεται
3482 3991 3680 4060 λόγων,

2099 4087 2458 4160 ἐξαρκοῦντος
2487 4087 2566 4148 είς
2598 4084 2756 4137 τοῦτο
2800 4084 3134 4154 Γράμματος
3169 4082 3337 4152 ἱεροῦ.
3373 4082 3682 4144 Φάσκοντος

2099 4181 2156 4234 δέ
2171 4179 2266 4233 τοῦ
2288 4177 2536 4248 Σοδόμων
2560 4175 2823 4246 βασιλέως
2845 4175 2979 4245 πρὸς
2995 4175 3086 4228 τὸν
3107 4174 3390 4227 Θεσπέσιον
3407 4173 3680 4245 Ἀϐραὰμ,

2100 4273 2175 4334 ὡς
2203 4269 2546 4340 νενικηκότα·
2577 4267 2676 4330 Δός
2711 4285 2800 4336 μοι
2827 4267 2952 4329 τοὺς
2983 4266 3202 4337 ἄνδρας,
3237 4268 3364 4329 τοῦς
3393 4265 3450 4317 δὲ
3479 4267 3683 4328 ἵππους

2101 4363 2231 4419 λάϐε
2267 4361 2514 4431 σεαυτῷ,
2551 4361 2714 4432 μηδὲν
2763 4361 2824 4412 τὸ
2870 4359 3091 4428 σύμπαν
3141 4354 3327 4412 λαϐεῖν
3381 4359 3684 4426 ἀπώμνυτο

2103 4457 2466 4528 παραχρῆμα,
2494 4455 2633 4524 πλὴν
2665 4454 2712 4506 εί
2737 4453 2844 4524 ἄρα
2871 4452 2969 4516 τὰς
3000 4452 3205 4524 τροφὰς
3227 4452 3335 4504 τῶν
3365 4463 3682 4521 συγκεκμη·

2101 4549 2297 4613 κότων,
2337 4549 2432 4601 καὶ
2471 4549 2585 4608 τοῖς
2619 4545 2958 4614 συνωμόταις
2991 4543 3185 4614 μερίδα
3222 4540 3449 4614 Ἐσχὼλ,
3479 4538 3678 4606 Λύνᾶν,

2101 4639 2195 4694 καὶ
2231 4638 2499 4711 Μαμϐρῆ.
2546 4636 2924 4708 Πολεμοῦντες
2964 4634 3074 4706 γὰρ
3117 4634 3213 4686 καὶ
3251 4633 3680 4704 ὑπεραϐλοῦντες

2099 4729 2368 4800 γεννικῶς
2410 4731 2550 4800 ὑπὲρ
2592 4729 2690 4798 τῆς
2731 4728 2838 4780 τῶν
2879 4726 3233 4782 ἀπολωλότων
3280 4726 3594 4796 ἐλευθερίας
3629 4727 3678 4778 οξ

2101 4823 2282 4890 ἅγιοι,
2331 4821 2424 4874 καὶ
2482 4821 2658 4874 πάντα
2706 4820 2866 4872 πόνον
2930 4818 3321 4881 είσϐαίνοντες,
3375 4817 3526 4873 οὐδὲν
3575 4817 3680 4872 ἀπὸ

2101 4915 2307 4985 κόσμου
2348 4913 2721 4982 λαμϐάνουσιν
2745 4953 2759 4975 ,
2787 4912 2911 4966 οὔτε
2945 4912 3048 4982 μὴν
3083 4913 3174 4964 τὸν
3220 4911 3462 4980 ἐπίγειον
3493 4911 3680 4965 συλλέ-

2101 5021 2260 5073 γουσι
2302 5003 2562 5067 πλοῦτον,
2599 5003 3029 5075 παραιτούμενοι
3072 5003 3277 5074 σφόδρα
3307 5001 3396 5056 τόν
3428 5003 3680 5057 ἐντεῦθεν

2100 5096 2420 5166 ὀνειδισμόν·
2447 5113 2464 5146 ι
2492 5095 2606 5148 Ἵνα
2631 5093 2705 5165 μὴ
2731 5095 2940 5168 εἴπης,›
2965 5096 3146 5165 φησὶν,
3171 5113 3188 5144 ι
3214 5096 3295 5148 ὅτι
3327 5094 3470 5162 Ἐγὼ
3493 5095 3682 5149 ἐπλού-

2100 5200 2224 5240 τισα
2250 5187 2343 5240 τὸν
2387 5186 2652 5256 Ἀϐραὰμ·
2707 5205 2725 5238 ι
2759 5187 2896 5257 πλὴν
2940 5187 3024 5240 ὅτι
3071 5187 3238 5257 μόνας
3264 5187 3510 5257 δέχονται
3553 5203 3680 5257 τρο-

2104 5277 2231 5345 φὰς,
2253 5276 2354 5340 τὰς
2381 5279 2446 5331 ἐκ
2475 5275 2583 5329 τῶν
2614 5276 3025 5347 ὠφελουμένων.
3067 5295 3085 5328 ι
3118 5279 3300 5344 ’Ἄξιος
3328 5278 3436 5349 γὰρ
3461 5279 3490 5331 ό
3519 5277 3682 5346 ἐργά-

2103 5385 2202 5436 της
2252 5368 2348 5421 τοῦ
2405 5367 2597 5438 μισθοῦ
2651 5367 2838 5422 αὑτοῦ·
2899 5388 2916 5419 ι
2964 5368 3058 5422 καὶ
3098 5372 3208 5432 τοῖς
3240 5369 3300 5422 τὸ
3346 5369 3680 5438 Εὑαγγέλιον

2104 5459 2564 5528 καταγγέλλουσιν
2615 5462 2678 5514 ἐκ
2707 5459 2801 5514 τοῦ
2842 5459 3174 5529 Εὑαγγελίου
3222 5461 3319 5531 ζῇν
3369 5460 3618 5515 ἐκέλευεν
3653 5459 3680 5512 ό

2105 5597 2150 5628 ⁵²
2180 5595 2199 5649 1
2227 5594 2354 5650 Cor.
2384 5611 2456 5654 rx,
2495 5597 2578 5649 li.
