4082 6304
418 353 528 410 ὗὸτ

1111 360 1197 414 DE
1236 358 1678 414 ADORATIONE
1716 359 1785 415 IN
1825 359 2098 417 SPIRITU
2139 360 2228 415 ET
2267 363 2637 422 VERITATE.
2679 366 2807 422 LIB.
2850 367 2939 423 IV.

3558 365 3669 426 553

425 468 677 531 Χριστός.
732 468 801 522 Ol
830 486 891 536 γε
943 471 1049 541 μὴν
1109 473 1413 542 συνωμόται
1463 472 1708 543 δέχονται
1755 472 1994 543 μερίδας,

2104 471 2272 527 rebus
2301 490 2424 544 quae
2456 477 2523 531 ad
2548 458 2873 548 présentem
2911 478 3077 533 vitam
3122 480 3423 550 pertinent,
3451 489 3673 536 sancto-

421 557 773 624 ιύλογοῦντος
811 552 964 628 οἶμαι
995 575 1096 612 που
1129 558 1295 623 Θεοῦ,
1342 559 1437 613 καὶ
1474 560 1531 613 ἐν
1559 561 1671 623 τοῖς
1704 559 1844 612 κατὰ
1872 556 1994 611 τόν·

418 642 474 696 δε
516 644 608 697 τὸν
647 643 759 715 βίον
799 645 1089 716 πράγμασι
1129 649 1255 711 τοὺς
1298 648 1405 701 τῶν
1446 648 1618 718 ἁγίων
1659 648 1991 720 συζηλωτάς·

420 735 709 801 πλεονάζει
742 736 853 807 γὰρ
875 737 1059 801 αὐτοῖς
1088 739 1154 790 ἐκ
1179 737 1395 803 δικαίας
1415 737 1534 793 ὁδοῦ
1560 740 1888 813 συμμέτρως
1924 740 1996 793 τὰ

420 827 571 880 ὄντα·
614 830 727 891 τοῖς
760 827 869 899 γὰρ
912 827 1063 882 οὔπω
1102 829 1380 892 παντελῶς
1418 829 1526 883 τῶν
1572 830 1828 898 ἐπιγείων
1861 830 1996 883 ἁπο-

422 921 747 991 φοιτήσασι,
794 920 1216 991 μεμερισμένοις
1267 921 1324 973 δὲ
1372 920 1561 991 ὥσπερ
1616 919 1737 991 Θεῷ
1791 938 1849 974 τε
1901 922 1994 975 καὶ

394 992 641 1083 ξκόσμῳ,
682 1011 778 1063 καὶ
820 1011 921 1075 τὰς
975 1012 1068 1063 ἐπὶ
1111 1012 1215 1080 γῆς
1258 1012 1506 1081 εὐλογίας
1553 1012 1794 1083 διανέμει
1838 1012 1990 1075 Θεός.

424 1101 611 1166 Οὕτως
654 1101 879 1173 ηὐλόγει
927 1102 1019 1157 τὸν
1082 1101 1297 1169 Ἰακὼϐ,
1355 1105 1434 1168 είς
1485 1104 1686 1175 πλῆθος
1737 1103 1883 1173 ἄγων
1928 1104 1995 1158 τὰ

425 1193 738 1264 θρέμματα.

493 1287 699 1339 ΠΑΛΛ.
732 1280 804 1339 Εὖ
841 1284 1043 1354 λέγεις.

494 1377 656 1431 ΚΥΡ.
708 1376 1070 1447 Εύδοκιμοῦσι
1114 1376 1170 1429 δὲ
1202 1375 1403 1442 οὕτως,
1440 1378 1535 1431 καὶ⁸
1571 1376 1993 1449 λελαμπρυσμέ-

425 1485 556 1533 νοις,
586 1469 660 1530 ὼς
692 1468 791 1537 ἤδη
810 1467 1072 1538 γνησίοις,
1106 1467 1167 1519 τὸ
1223 1469 1360 1539 μήτε
1403 1469 1597 1539 χρῆναι
1645 1472 1995 1541 καταναρκᾷν

426 1576 589 1630 φησιν
637 1560 665 1611 ὁ
698 1558 894 1622 σώζειν
935 1557 1121 1621 εἰδὼς,
1172 1559 1266 1610 καὶ
1311 1558 1413 1629 μὴν
1458 1560 1538 1611 ὅτι
1574 1560 1667 1612 καὶ
1706 1559 1993 1630 ἀμφιλαφῆ

425 1651 742 1721 κομιοῦνται
815 1648 1042 1725 μισθὸν,
1108 1651 1396 1722 χρησίμως
1461 1651 1991 1720 κατεπαγγέλλεταιο

423 1744 556 1815 ὁμοῦ
588 1745 650 1799 τὸ
699 1744 892 1799 ἄναλκί
940 1761 998 1798 τε
1048 1748 1142 1798 xui.
1189 1746 1623 1816 ἀποτολμότατον
1690 1746 1861 1808 πάθος
1919 1746 1995 1809 ὡς

423 1834 696 1892 ἀπωτάτω
723 1837 893 1901 τιθεὶς
920 1839 1018 1908 τῆς
1051 1837 1159 1891 τῶν
1194 1838 1546 1910 φοϐουμένων
1580 1839 1742 1892 αὐτὸν
1772 1838 1992 1908 ἀγέλης,
2031 1823 2070 1877 Β

426 1930 517 1984 καὶ
564 1928 741 1982 ἐλπίδι
783 1928 891 1982 τῶν
924 1929 1352 2000 ἐπηγγελμένων
1384 1930 1711 2002 καταθήγων
1740 1933 1820 1996 είς
1857 1949 1993 2003 προ-

424 2021 650 2092 θυμίας,
682 2020 775 2074 καὶ⁵
818 2020 1078 2084 καθιστὰς
1120 2019 1657 2092 ἐρρωμενεστέρους.
1707 2024 1995 2096 Τοιγάρτοι

424 2114 517 2168 καὶ
554 2117 582 2168 ὁ
628 2113 911 2177 θεσπέσιος
944 2113 1181 2179 Παῦλος,
1223 2113 1365 2167 οὕτω
1411 2114 1699 2179 διατιθεὶς,
1731 2115 1861 2169 ποτε
1897 2116 1998 2185 μὲν

423 2204 649 2274 ἔφασκε
682 2222 700 2256 ι
737 2206 923 2259 Πάντα
960 2204 1128 2275 ἰσχύω
1175 2209 1232 2259 ἐν
1274 2206 1351 2276 τῷ
1396 2207 1718 2277 δυναμοῦντί
1752 2225 1818 2278 με
1863 2209 1998 2279 Χρι-

425 2295 553 2367 στῷ’
590 2316 611 2351 ι
649 2297 778 2352 ποτέ
805 2296 861 2349 δέ
908 2293 996 2350 αὖ·
1032 2316 1049 2348 ι
1093 2298 1196 2351 Τὸν
1225 2298 1422 2368 δρόμον
1461 2300 1745 2365 τετέλεκα,
1779 2300 1878 2371 τὴν
1906 2301 1997 2355 πί-

426 2403 543 2441 στιν
580 2388 882 2459 τετήρηκα·
934 2387 1120 2440 λοιπὸν
1149 2388 1437 2442 ἀπόκειταί
1469 2406 1557 2459 μοι
1598 2389 1627 2441 ό
1658 2390 1754 2460 τῆς
1796 2390 1999 2442 δικαιο-

426 2480 593 2549 σύνης
642 2480 928 2548 στέφανος.
986 2501 1005 2533 ι
1051 2481 1334 2551 Ἀσχάλλει
1380 2480 1437 2534 δέ
1477 2480 1597 2534 λίαν
1640 2482 1669 2533 ό
1713 2482 1999 2545 Θεσπέσιος

437 2570 718 2642 Ἀϐραὰμ,
746 2572 840 2624 κα)⁸
895 2571 1010 2623 υἱὸν
1055 2570 1191 2641 ἔχων
1233 2567 1512 2640 οἰκογενῆ,
1548 2570 1848 2642 δυσθυμίας
1898 2574 1999 2626 οὐκ

426 2665 663 2734 ἀμοιρεῖ.
710 2662 774 2715 Τί
824 2663 931 2734 γάρ
998 2680 1089 2733 μοι
1151 2661 1379 2726 δώσεις,
1425 2664 1617 2733 φησὶν,
1670 2665 1718 2716 εί
1776 2665 1998 2727 ἄτεκνος

426 2755 764 2825 ἀπολύομαι;
788 2755 884 2809 καὶ
927 2754 1185 2816 ἀπαιδίας
1221 2755 1278 2807 ἐν
1314 2753 1413 2824 ἴσῳ
1459 2756 1694 2808 ποιεῖται
1746 2756 1808 2809 τὸ
1838 2755 1990 2810 νόθον

426 2846 568 2916 ἔχειν
598 2847 831 2919 καρπόν.
873 2842 1006 2901 Εἶτα
1033 2847 1164 2909 Θεὸς
1202 2845 1596 2914 ἐπαγγέλλεται
1632 2846 1721 2899 τδν
1749 2848 1807 2914 ἐξ
1847 2848 1998 2901 ἐλευο

426 2935 591 3006 θέρας
622 2935 737 2989 υἱὸν
758 2977 773 3001 ,
799 2935 1046 2988 τουτέστι
1077 2932 1168 2988 τὸν
1208 2935 1393 2989 Ἰσαὰκ
1412 2973 1429 3000 ,
1460 2937 1554 2989 καὶ
1587 2935 1804 2989 ἔσεσθαί
1835 2956 1997 3011 φησιν

427 3029 588 3082 αὑτὸν
615 3029 675 3082 ἐν
715 3027 907 3097 ἐκείνῳ
945 3027 1159 3097 πατέρα
1187 3026 1398 3079 πολλῶν
1443 3025 1644 3092 ἐθνῶν,
1684 3027 1825 3092 ἕξειν
1855 3030 1910 3083 δὲ
1938 3031 1998 3083 τὸ

430 3119 652 3191 σπέρμα
688 3118 870 3181 καθὼς
913 3118 980 3171 τὰ
1013 3118 1189 3189 ἄστρα
1219 3117 1313 3171 τοῦ
1363 3118 1613 3189 οὐρανοῦ·
1660 3119 1845 3173 ἐλύπει
1890 3121 1997 3192 γὰρ
2026 3152 2067 3207 C

425 3212 545 3265 λίαν
590 3214 715 3275 τοὺς
751 3211 939 3279 ἁγίους
982 3210 1313 3273 ἀποστόλους
1333 3249 1359 3289 ,‘
1376 3210 1438 3261 τὸ
1477 3209 1667 3282 ὥσπερ
1705 3212 1812 3265 ἀπό
1854 3230 1997 3275 τινος

425 3303 649 3375 δούλης,
680 3304 784 3373 τῆς
818 3303 959 3357 κατὰ
991 3303 1155 3372 νόμον
1190 3302 1465 3374 λατρείας,
1498 3303 1650 3355 νόθον
1687 3303 1830 3373 ἔχειν
1859 3323 1995 3375 καρ-

427 3397 545 3451 πόν.
574 3396 828 3467 Ἐζήτουν
848 3396 905 3448 δὲ
931 3395 1129 3467 μᾶλλον
1150 3395 1241 3447 τὸν
1266 3397 1329 3448 ἐκ
1355 3396 1453 3465 τῆς
1481 3395 1812 3466 ἐλευθερίας,
1842 3415 1997 3450 τουτ-

427 3488 571 3552 έστι,
616 3488 707 3541 τὸν
738 3489 801 3540 ἐκ
842 3487 940 3556 τῆς
970 3486 1174 3555 Καινῆς
1226 3485 1519 3558 Διαθήκης.
1561 3482 1729 3552 Οὗτος
1776 3489 1832 3541 δὲ
1872 3486 1939 3561 ἦν
1971 3490 1999 3543 ό

427 3579 683 3651 Χριστὸς,
707 3572 766 3632 οὗ
795 3578 891 3632 καὶ
936 3581 1015 3641 εἰς
1043 3578 1211 3632 τύπον
1238 3581 1265 3632 ὁ
1310 3579 1491 3631 Ἰσαὰκ
1520 3582 1639 3632 κατ’
1669 3581 1997 3648 ἐπαγγελίαν

427 3672 647 3734 νοεῖται,
682 3669 775 3722 καὶ
797 3668 885 3721 διὰ
917 3668 1170 3733 πίστεως.
1209 3669 1319 3722 Καὶ
1347 3668 1477 3737 γοῦν
1505 3672 1532 3723 ό
1563 3673 1831 3741 μακάριος
1860 3673 1999 3725 Παῦ-

426 3762 538 3826 λος,
570 3763 697 3833 περὶ
738 3760 846 3815 τῶν
895 3762 954 3814 ἐν
997 3761 1175 3832 ἐαυτῷ
1217 3761 1382 3831 νόμον
1432 3761 1595 3830 φησὶν
1640 3763 1993 3832 αὐχημάτων,

433 3877 450 3908 ι
497 3856 690 3909 Ἀτινα
727 3850 794 3926 ἦν
841 3872 930 3926 μοι
959 3855 1153 3926 κέρδη,
1184 3853 1356 3907 ταῦτα
1383 3854 1595 3924 ἥγημαι
1633 3854 1717 3906 διὰ
1752 3855 1839 3907 τὸν
1866 3853 1998 3925 Χρι·

428 3947 551 4003 στὸν
582 3947 805 4017 ζημίαν*
859 3947 996 4000 ἀλλὰ
1032 3946 1130 4016 μὲν
1173 3940 1266 3999 οὖν
1302 3962 1366 4014 γε
1403 3945 1497 3999 καὶ
1535 3945 1771 4016 ἡγοῦμαι
1819 3947 1997 4000 πάντα

425 4038 631 4108 ζημίαν
678 4033 817 4091 εἶναι
863 4037 951 4090 διὰ
991 4039 1051 4090 τὸ
1085 4039 1349 4107 ὑπερέχον
1397 4037 1496 4107 τῆς
1528 4035 1780 4105 γνώσεως
1820 4038 1996 4109 Ἰησοῦ

412 4129 661 4201 Χριστοῦ
694 4129 789 4183 τοῦ
833 4127 1037 4199 Κυρίου
1070 4128 1247 4199 ἡμῶν,
1275 4128 1340 4181 δι’
1372 4128 1429 4181 ὃν
1456 4128 1522 4182 τὰ
1551 4130 1726 4183 πάντα
1756 4130 1997 4201 ἐξημιώ-

427 4221 558 4289 θην,
579 4220 672 4273 καὶ
703 4218 944 4291 ἠγοῦμαι
987 4218 1228 4272 σκύϐαλα
1270 4212 1437 4281 εἶναι,
1489 4219 1574 4272 τνα
1603 4219 1838 4290 Χριστὸν
1872 4237 1999 4291 κερ-

425 4309 594 4382 δήσω,
615 4309 708 4362 καὶ
725 4308 931 4380 εὑρεθῶ
956 4310 1014 4360 ἐν
1038 4308 1203 4378 αὐτῷ,
1231 4309 1304 4380 μὴ
1322 4309 1457 4379 ἔχων
1474 4309 1610 4379 ἐμὴν
1632 4310 1995 4382 δικαιοσύνην,

424 4376 526 4469 ετήν
548 4399 635 4452 διὰ
658 4376 854 4470 νόμου,
908 4398 1043 4452 ἀλλὰ
1351 4376 1605 4463 γπίστεως
1662 4400 1835 4471 Ἰησοῦ
1862 4376 1996 4472 Χριέ-

2097 577 2217 615 rum
2257 565 2503 620 virorum
2541 568 2891 625 aemulatores
2936 576 3101 640 atque
3149 572 3453 626 imitatores
3506 571 3676 626 bene—

2094 652 2231 707 dicit
2252 654 2399 710 Deus
2421 675 2433 709 :
2458 656 2741 713 abundant
2763 659 2911 713 enim
2943 660 3053 715 illis
3078 661 3242 727 bona,
3272 676 3374 731 pro
3412 676 3525 715 suae
3545 676 3677 716 con-

2094 743 2319 801 ditionis
2345 748 2506 802 modo
2547 750 2697 819 justa
2736 751 2949 806 ratione
2976 752 3172 823 viaque
3198 762 3388 822 parta;
3435 768 3677 822 namque

2093 835 2162 890 iis
2186 838 2280 907 qui
2318 840 2559 894 nondum
2587 841 2826 910 perfecte
2867 860 2898 898 a
2948 845 3184 899 terrenis
3208 846 3372 900 rebus
3398 846 3678 900 abscesse-

2094 937 2246 995 runt,
2285 940 2342 985 et
2382 933 2495 986 Deo
2539 949 2603 988 ac
2631 935 2839 989 mundo
2882 936 3043 990 divisi
3092 936 3496 1006 quodammodo
3520 928 3672 1002 sunt,

2094 1021 2257 1076 etiam
2283 1031 2532 1079 terrenas
2555 1024 2970 1082 benedictiones
2995 1028 3188 1083 tribuit
3220 1027 3381 1082 Deus.
3431 1027 3523 1082 Sic
3574 1033 3675 1082 bc.

2092 1117 2304 1172 nedixit
2332 1119 2499 1176 Jacob
2525 1136 2650 1176 cum
2679 1123 2799 1192 ejus
2821 1138 3019 1192 pecora
3061 1122 3448 1192 multiplicavit
3473 1121 3542 1176 ⁸³.

2170 1292 2367 1347 PALL.
2403 1295 2570 1350 Recte
2593 1296 2692 1350 ais.

2166 1386 2322 1440 ΟΥΕ.
2349 1387 2467 1442 Jam
2507 1404 2657 1453 vero,
2695 1396 2843 1444 tanta
2866 1389 3051 1454 laude,
3074 1398 3335 1458 tantoque
3381 1387 3672 1459 splendore

2095 1486 2429 1545 comparato,
2471 1486 2730 1547 tanquam
2758 1479 3035 1548 germanis
3071 1480 3182 1549 jam
3228 1477 3341 1531 suis
3368 1476 3673 1531 cultoribus

2095 1565 2242 1621 haud
2279 1568 2699 1636 torpescendum
2735 1584 2852 1623 esse
2878 1568 3057 1637 inquit
3106 1569 3194 1621 ille
3229 1568 3421 1622 salutis
3442 1576 3669 1632 auctor;

2093 1655 2210 1710 fore
2227 1656 2390 1710 etiam
2416 1666 2474 1711 ut
2500 1675 2606 1711 non
2631 1659 2803 1712 levem
2830 1659 3097 1727 recipiant
3116 1658 3446 1720 mercedem,
3473 1673 3675 1727 oppor-

2096 1754 2229 1802 tune
2277 1750 2570 1819 pollicetur
2601 1769 2613 1803 :
2642 1752 2695 1805 in
2733 1768 2843 1821 quo
2900 1750 3062 1804 simul
3109 1749 3346 1802 imbellis
3382 1748 3672 1818 ignavique

2099 1839 2266 1892 animi
2305 1839 2563 1893 affectum
2604 1856 2632 1894 a
2661 1857 2822 1910 grege
2854 1840 3160 1893 timentium
3186 1853 3243 1892 se
3267 1854 3431 1908 quam
3463 1837 3672 1906 longis-

2098 1930 2233 1984 sime
2260 1932 2494 2001 repellit,
2529 1939 2582 1985 et
2605 1948 2699 2001 spe
2730 1948 2915 1985 rerum
2944 1946 3078 2000 quas
3115 1930 3425 2001 pollicetur,
3451 1929 3517 1983 ad
3556 1929 3677 1985 ani-

2097 2021 2172 2074 mi
2211 2021 2546 2077 alacritatem
2587 2021 2822 2087 exacuit,
2849 2028 2903 2075 et
2929 2021 3185 2076 fortiores
3208 2020 3371 2075 efﬁcit
3398 2038 3411 2073 :
3437 2020 3674 2090 ideoque

2098 2112 2264 2167 etiam
2312 2112 2508 2167 beatus
2552 2113 2776 2177 Paulus,
2806 2113 2934 2183 quia
2975 2113 3054 2167 sic
3074 2113 3307 2166 aﬁ'ectus
3348 2120 3487 2177 erat,
3530 2128 3673 2167 non-

2097 2217 2377 2271 nunquam
2403 2204 2518 2257 ait:
2556 2223 2573 2254 ι
2597 2202 2791 2257 Omnia
2830 2220 3052 2273 possum
3086 2205 3142 2257 in
3174 2220 3240 2258 eo
3280 2204 3373 2273 qui
3426 2219 3512 2258 me
3538 2218 3673 2260 con-

2097 2291 2284 2357 fortat,
2344 2292 2565 2347 Christo
2590 2294 2674 2346 ’δε
2709 2314 2727 2345 ›
2780 2295 3075 2364 aliquando
3131 2311 3325 2350 rursus
3353 2314 3365 2349 :
3399 2315 3416 2345 ι
3438 2294 3675 2350 Cursum

2099 2386 2496 2450 consummavi,
2528 2385 2690 2440 ﬁdem
2725 2387 2974 2452 servavi;
3003 2387 3059 2440 in
3094 2388 3306 2456 reliquo
3330 2388 3568 2457 reposita
3590 2393 3677 2442 est

2098 2475 2235 2529 mihi
2262 2491 2467 2530 corona
2500 2477 2730 2547 justitia:
2752 2477 2819 2531 ".
2855 2496 2873 2528 ι
2900 2476 3065 2547 Aigre
3095 2478 3203 2532 fert
3222 2486 3406 2532 autem
3436 2480 3675 2535 maxime

2098 2564 2373 2620 Abraham
2418 2567 2564 2637 quod
2600 2567 2771 2621 ﬁlium
2810 2567 3040 2622 haberet
3065 2570 3444 2634 vernaculum,
3472 2580 3528 2624 et
3553 2570 3675 2625 ani-

2101 2671 2193 2709 mo
2216 2657 2435 2726 angitur
2460 2675 2472 2710 :
2502 2656 2645 2723 Quid
2667 2656 2837 2720 enim,
2865 2656 3063 2726 inquit,
3097 2657 3230 2710 mihi
3265 2657 3441 2720 dabis,
3473 2656 3519 2710 si
3557 2657 3677 2712 sine

2097 2748 2286 2803 liberis
2341 2749 2590 2804 dimittor
2629 2749 2732 2803 '5‘?
2774 2749 3117 2818 nothumque
3164 2748 3366 2802 habere
3413 2747 3676 2816 fructum,

2098 2840 2326 2909 perinde
2359 2842 2593 2895 aestimat
2622 2849 2787 2910 atque
2818 2842 3133 2896 orbitatem.
3169 2841 3379 2896 Deinde
3422 2842 3568 2897 Deus
3603 2858 3673 2898 ex

2098 2934 2275 2988 libera
2329 2933 2446 2988 fore
2495 2934 2575 2988 illi
2609 2933 2803 3001 ﬁlium,
2834 2935 2887 2990 id
2927 2944 3012 2990 est
3053 2936 3223 3001 Isaac,
3265 2936 3573 3005 pollicetur,
3618 2937 3677 2992 in

2101 3040 2278 3093 eoque
2302 3032 2515 3093 patrem
2560 3038 2617 3079 se
2646 3024 2763 3079 fore
2802 3026 3096 3079 multarum
3142 3027 3407 3096 gentium,
3455 3027 3677 3082 habitu-

2101 3131 2335 3184 rumque
2374 3130 2563 3169 semen
2592 3116 2736 3168 sicut
2790 3124 2938 3169 astra
2984 3116 3145 3169 caeli:
3178 3118 3403 3171 moleste
3440 3134 3679 3188 namque

2102 3207 2352 3261 ferebant
2374 3206 2546 3259 sancti
2579 3207 2811 3275 apostoli
2834 3206 2979 3276 quod
3005 3208 3157 3260 velut
3200 3223 3268 3261 ex
3317 3209 3512 3263 ancilla
3538 3225 3677 3279 qua-

2103 3298 2254 3360 dam,
2285 3312 2350 3351 ex
2375 3298 2523 3351 cultu
2557 3312 2755 3366 nempe
2782 3298 2962 3366 legali,
2988 3298 3218 3351 nothum
3258 3298 3533 3352 haberent
3559 3299 3676 3353 frn-

2105 3396 2285 3454 ctum;
2323 3396 2487 3458 atque
2522 3404 2590 3442 ex
2615 3388 2789 3442 libera
2813 3389 3016 3457 potius,
3069 3389 3123 3443 id
3154 3398 3259 3455 est,
3285 3406 3353 3443 ex
3403 3390 3555 3445 Novo
3576 3390 3681 3445 Te-

2104 3487 2393 3544 stamento,
2421 3479 2596 3533 ﬁlium
2618 3479 2990 3549 expetebant:
3026 3480 3072 3533 is
3114 3488 3297 3533 autem
3346 3487 3465 3534 erat
3514 3479 3679 3535 Chri-

2105 3581 2241 3636 stus,
2282 3572 2338 3626 in
2362 3573 2517 3642 cujus
2542 3586 2762 3640 quoque
2786 3569 2958 3640 ﬁgura
2979 3570 3133 3624 Isaac
3178 3586 3277 3638 per
3301 3570 3680 3639 repromissio—

2103 3676 2228 3715 nem
2253 3669 2415 3729 atque
2442 3675 2542 3730 per
2566 3660 2728 3713 ﬁdem
2750 3668 2913 3714 natus
2937 3660 3287 3729 intelligitur.
3314 3659 3503 3728 Itaque
3544 3660 3678 3714 bea-

2105 3758 2194 3805 tus
2217 3750 2422 3804 Paulus
2441 3750 2510 3804 de
2537 3750 2674 3819 legis
2718 3750 3075 3813 ornamentis,
3126 3765 3249 3819 quae
3294 3749 3399 3803 sibi
3439 3750 3675 3813 inerant,
3782 3784 3783 3787 η

2104 3842 2208 3896 ait:
2250 3860 2267 3892 ι
2297 3841 2429 3908 Quae
2463 3841 2600 3896 mihi
2642 3849 2802 3896 erant
2852 3841 3028 3905 lucra,
3055 3842 3171 3895 haec
3205 3842 3507 3897 arbitratus
3553 3857 3678 3897 sum

2103 3940 2330 4003 propter
2352 3932 2634 3987 Christum
2667 3933 3060 3987 detrimentum
3090 3951 3101 3985 :
3143 3947 3333 3985 verum
3367 3932 3536 3986 etiam
3563 3934 3682 3988 exi-

2103 4026 2266 4081 stimo
2294 4026 2475 4080 omnia
2511 4025 2904 4080 detrimentum
2932 4040 3051 4078 esse
3074 4033 3302 4094 propter
3342 4024 3493 4095 14],
3543 4025 3681 4079 emi-

2103 4124 2324 4171 nentem
2352 4116 2634 4170 scientiam
2693 4115 2823 4170 Jesu
2862 4114 3064 4169 Christi
3089 4114 3303 4168 Domini
3329 4114 3526 4177 nostri,
3552 4128 3682 4182 pro-

2103 4213 2225 4274 pter
2250 4221 2412 4275 quem
2441 4206 2684 4259 omnium
2724 4205 2993 4274 jacturam
3025 4204 3150 4266 feci,
3180 4212 3237 4257 et
3261 4203 3503 4255 arbitror
3529 4209 3672 4256 ster-

2105 4312 2231 4350 cora
2252 4312 2397 4360 esse,
2430 4306 2490 4349 ut
2517 4297 2803 4351 Christum
2850 4294 3210 4359 lucrifaciam,
3246 4301 3302 4347 et
3347 4294 3597 4347 inveniar
3620 4294 3677 4349 in

2107 4388 2228 4457 ipso
2264 4403 2375 4442 non
2400 4389 2611 4443 habens
2643 4404 2819 4442 meam
2861 4387 3151 4457 justitiam,
3199 4400 3320 4454 quae
3356 4399 3463 4454 per
3500 4385 3674 4454 legem

430 4487 579 4543 στοῦ.
630 4509 649 4542 ι
696 4491 783 4545 Ἐν
814 4490 1035 4561 Χριστῷ
1074 4491 1181 4559 γὰρ
1212 4491 1467 4559 γεγόνασι
1517 4492 1752 4561 πατέρες
1791 4493 1999 4546 πολλῶν

2104 4486 2224 4542 est,
2252 4478 2345 4531 sed
2368 4494 2489 4546 quae
2520 4494 2589 4533 ex
2616 4478 2722 4533 ﬁde
2749 4487 2832 4532 est
2856 4478 2984 4533 Jesu
3014 4476 3217 4531 Christi
3259 4476 3324 4529 ⁸⁸.
3358 4496 3375 4527 ›
3406 4476 3467 4530 In
3512 4475 3676 4532 Chri-

429 4581 597 4635 ἐθνῶν
655 4581 750 4635 καὶ
778 4581 1151 4653 ἀναριθμήτου
1198 4581 1529 4653 σπέρματος,
1579 4584 1830 4655 καθάπερ
1862 4585 1999 4656 ἁμέ-

429 4674 508 4727 λει
552 4675 647 4727 καὶ
712 4674 963 4746 Ἀϐραὰμ
1011 4676 1070 4727 ἐν
1128 4676 1330 4728 Ἰσαάκ.
1392 4674 1757 4747 Ἀναθήσομεν
1800 4677 1856 4729 δὲ
1907 4677 1997 4730 τὸν

430 4767 521 4818 ἐπὶ
556 4765 695 4836 τῷδε
733 4767 910 4835 λόγον,
948 4767 1067 4837 οὐχὶ
1119 4767 1182 4837 δὴ
1229 4767 1410 4837 μόνοις
1449 4770 1561 4832 τοῖς
1610 4768 1776 4821 πάλαι
1804 4785 1863 4821 τε
1906 4771 1998 4822 καὶ

430 4859 605 4926 ἁγίοις
645 4860 996 4924 ἀποστόλοις,
1042 4859 1178 4912 ἀλλὰ
1228 4860 1320 4913 καὶ
1364 4863 1475 4923 τοῖς
1514 4861 1630 4930 μετ’
1658 4861 1900 4924 ἐκείνους
1936 4861 1997 4913 τὸ

432 4947 705 5017 ιεροῦσθαι
723 4947 966 5017 λαχοῦσι,
995 4949 1087 5003 καὶ
1125 4948 1458 5017 Ἐκκλησιῶν
1487 4948 1882 5019 ήγουμένοις,ἣ
1905 4951 1996 5004 καὶ

431 5039 592 5092 παντί
612 5056 672 5091 τε
695 5039 882 5092 λοιπὸν
910 5039 1040 5109 ὁσίῳ
1073 5040 1166 5093 καὶ
1189 5039 1392 5107 ἀγαθῷ.

2103 4574 2203 4635 ειοζ
2225 4583 2458 4636 namque
2494 4577 2677 4637 patres
2721 4570 3020 4621 multarum
3062 4567 3306 4636 gentium
3350 4574 3406 4622 et
3450 4568 3676 4622 seminis

2105 4658 2538 4722 innumerabilis,
2565 4666 2625 4712 ut
2648 4658 2920 4712 Abraham
2947 4660 3001 4712 in
3029 4660 3178 4712 Isaac
3192 4658 3317 4712 facti
3344 4666 3489 4713 sunt.
3517 4659 3673 4725 Quod

2105 4756 2287 4802 autem
2317 4749 2420 4803 hac
2444 4749 2511 4803 dc
2551 4764 2613 4803 re
2638 4748 2846 4803 dictum
2876 4759 2959 4804 est
2985 4765 3015 4803 a
3040 4750 3218 4813 nobis,
3250 4750 3301 4803 id
3347 4766 3456 4804 non
3498 4751 3674 4804 solum

2104 4839 2299 4909 priscis
2320 4841 2429 4894 illis
2448 4841 2583 4895 viris
2607 4856 2672 4894 ac
2697 4843 2899 4896 sanctis
2921 4844 3183 4911 apostolis
3209 4842 3538 4907 tribuemus,
3575 4843 3672 4896 Sed

2103 4932 2170 4986 ad
2193 4948 2287 4988 eos
2308 4948 2529 5003 quoque
2551 4934 2645 5003 qui
2662 4940 2786 5003 post
2809 4934 2931 4988 illos
2945 4935 3276 4990 sacerdotale
3296 4936 3671 4990 suntolIicium

2102 5023 2302 5089 sortiti,
2329 5031 2385 5078 et
2434 5025 2691 5080 Ecclesia:
2725 5024 2895 5080 duces
2940 5027 3246 5092 constituti,
3278 5036 3372 5084 aut
3408 5028 3571 5080 etiam
3605 5026 3673 5079 ad

2103 5115 2355 5183 quemvis
2377 5124 2624 5170 sanctum
2657 5117 3000 5187 probumque
3024 5118 3204 5172 virum
3241 5118 3563 5171 referemus.

488 5305 533 5335 ⁸³
571 5303 768 5360 Cenes.
795 5318 916 5370 xxx,
940 5303 1028 5358 5|.
1107 5301 1403 5372 “Philipp.
1444 5320 1513 5365 Iv,
1551 5304 1631 5357 Ill.
1711 5305 1753 5336 ⁸⁵
1782 5305 2079 5373 IlTinl.Iv,
2117 5309 2167 5361 8.
2245 5309 2310 5340 ⁵⁸⁸
2338 5309 2534 5367 Genes.
2565 5330 2651 5377 xv,
2678 5316 2729 5367 5.
2811 5315 3103 5382 "Philipp.
3148 5330 3224 5377 ιιι,
3260 5312 3375 5367 7-9.
