4138 6300
427 324 531 385 539
1556 315 1832 373 CYRILLI
1870 316 2340 373 ALEXANDRiXl
2375 318 2692 374 ARCHIEP.

3587 325 3696 385 580

1049 660 1443 787 ΠΕΡΙ
1509 660 1851 787 ΤΗΣ
1925 661 2133 786 ΕΝ
2199 654 3081 791 ΠΝΕΥΜΑΤΙ

1656 916 1850 1006 ΚΑΙ
1923 914 2426 1008 ΑΑΗΘΕΙΑ

852 1139 2077 1256 ΠΡΟΣΚΥΝΗΣΕΩΣ
2152 1096 2446 1251 ’ΚΑΙ
2538 1130 3278 1253 ΑΑΤΡΕΙΑΣ

1568 1389 1934 1475 ΛΟΓΟΣ
2009 1387 2561 1476 ΠΕΜΠΤΟΣ

2019 1581 2096 1593 .-

556 1784 769 1949 DE
864 1778 1793 1898 ADORATIONE
1891 1783 2074 1893 ET
2157 1779 2634 1897 CULTU
2717 1783 2866 1895 IN
2952 1776 3526 1901 SPIRITU

1594 2046 1761 2148 ET
1856 2039 2518 2148 VEBITATE

1538 2285 1909 2364 LIBER
2003 2286 2600 2381 QUINTUSt

665 2612 821 2687 142
844 2613 921 2667 De
944 2610 1254 2683 fortitudine
1274 2629 1391 2683 qua:
1413 2612 1467 2666 in
1493 2611 1699 2669 Christo
1723 2621 1818 2666 est.

498 2727 688 2784 Sancti
734 2726 839 2780 viri
893 2726 1081 2796 igitur,
1133 2725 1349 2780 tametsi
1420 2740 1522 2795 pro
1583 2723 1822 2780 aliorum
1901 2724 2006 2779 ho-

427 2818 639 2873 minum
690 2816 805 2870 vita
859 2823 1113 2879 certant,
1148 2815 1205 2869 id
1251 2814 1354 2869 sibi
1398 2814 1744 2884 propositum
1778 2814 2003 2878 habent,

426 2906 655 2971 Palladi,
681 2904 827 2960 utad
850 2906 1059 2960 nullam
1085 2920 1361 2974 rem,qu:.e
1383 2903 1605 2973 quidem
1628 2904 1685 2958 in
1712 2903 1818 2958 hoc
1845 2918 2008 2957 mun-

426 2998 500 3053 do
524 2999 615 3063 sit,
641 2998 885 3052 animum
918 2997 1157 3068 adjicere
1187 2997 1392 3051 velint:
1426 2996 1501 3050 ita
1547 2996 1695 3051 enim
1733 2995 2010 3065 sapientes

426 3105 493 3145 ac
515 3097 788 3160 potentes,
817 3095 872 3144 et
900 3089 1121 3159 optimae
1142 3088 1259 3158 spei
1283 3087 1452 3158 pleni,
1487 3095 1545 3142 et
1566 3101 1805 3155 superna
1847 3083 2002 3138 beni-

429 3181 637 3253 gnitate
670 3179 871 3235 muniti
903 3186 1088 3236 erunt.
1121 3178 1319 3248 Atque,
1354 3184 1417 3231 ut
1471 3184 1530 3230 tu
1571 3175 1796 3245 quidem
1840 3173 2005 3237 nosti,

427 3283 519 3324 res
557 3284 668 3324 non
692 3269 855 3323 aliter
886 3268 1092 3323 habere
1132 3283 1190 3323 se
1218 3276 1415 3337 potest.
1450 3267 1583 3321 Nam
1625 3267 1671 3321 si
1714 3263 2008 3321 mundanis

426 3357 901 3423 distractionibus,
932 3374 995 3414 ac
1018 3357 1416 3427 temporalibus
1446 3357 1844 3426 cupiditatibus
1885 3354 2009 3409 ani-

426 3466 578 3505 mum
610 3450 969 3504 excelsiorem
998 3448 1315 3511 habuerint,
1339 3447 1591 3501 imbelles
1615 3446 1776 3516 plane
1821 3446 2010 3500 hostes

427 3541 732 3605 oﬂ‘endent,
765 3539 1106 3609 minimoque
1130 3539 1352 3610 negotio
1392 3539 1739 3594 adversarios
1787 3552 2010 3609 supera-

426 3632 588 3696 bunt,
612 3632 725 3685 Deo
747 3632 969 3686 illorum
999 3625 1147 3687 vires
1168 3630 1524 3702 proﬂigante:
1554 3631 1640 3686 sin
1659 3629 1763 3700 ipsi
1789 3644 2009 3699 quoque

427 3720 725 3776 mundanis
753 3721 1045 3777 aﬂ'ectibus
1075 3723 1220 3793 capti
1259 3728 1446 3787 erunt,
1478 3728 1534 3777 et
1572 3720 1810 3776 terrenis
1851 3720 2008 3788 cupi-

428 3812 695 3867 ditatibus
720 3813 974 3878 involuti,
1018 3813 1179 3870 facile
1231 3814 1388 3885 143
1425 3813 1879 3883 persequentium
1929 3811 2010 3865 in-

429 3903 784 3959 cursionibus
809 3905 1095 3974 patebunt,
1144 3912 1201 3959 et
1248 3905 1405 3959 nullo
1455 3904 1677 3974 negotio
1729 3917 2010 3972 expugna-

2036 2621 2088 2679 Α

2421 2607 2556 2679 Περὶ
2590 2607 2869 2676 ἀνδρείας
2891 2595 3000 2678 τῆς
3031 2609 3101 2664 ἐν
3130 2609 3381 2680 Χριστῷ.

2177 2718 2386 2789 Σκοπὸς
2414 2718 2506 2778 οὖν
2543 2723 2753 2791 ἁγίοις,
2790 2721 2893 2775 κᾶν
2940 2724 2989 2775 εί
3039 2723 3141 2793 τῆς
3177 2723 3286 2776 τῶν
3310 2722 3483 2778 ἄλλων
3512 2721 3683 2795 ὑπερέ

2108 2816 2319 2870 αθλοῖεν
2359 2814 2538 2884 ζωῆς,
2582 2807 2628 2866 ὧ
2676 2812 2969 2876 Παλλάδιε,
3026 2813 3190 2883 μηδὲν
3237 2812 3348 2867 τῶν
3391 2815 3449 2867 ὲν
3494 2813 3687 2885 κόσμῳ

2110 2903 2587 2978 προσοικειοῐὴθαι
2635 2903 2829 2972 φιλεῖν’
2864 2899 2973 2955 εἷεν
3017 2901 3123 2974 γὰρ
3167 2901 3235 2956 ἂν
3261 2901 3401 2956 οὕτω
3441 2904 3594 2973 σοφοί
3623 2920 3684 2956 τε

2111 2998 2207 3051 καὶ
2239 2996 2457 3051 δυνατοὶ
2479 3035 2494 3059 ,
2518 2995 2612 3049 καὶ
2656 2993 2866 3064 ἀγαθῆς
2892 2994 3104 3057 ἐλπίδος
3128 2994 3368 3065 ἔμπλεῳ,
3403 2996 3500 3048 καὶ
3524 2996 3686 3067 εὐμει-

2110 3088 2279 3151 νείαις
2304 3088 2423 3150 ταῖς
2469 3087 2672 3141 ἄνωθεν
2719 3081 2778 3139 εὖ
2818 3086 2963 3156 μάλα
3003 3087 3417 3156 τετειχισμένοι,
3461 3088 3578 3153 καὶ,
3609 3087 3685 3151 ὡς

2109 3174 2169 3233 εὖ
2195 3177 2303 3232 ίσθι
2344 3195 2445 3242 τοι,
2473 3176 2549 3249 μὴ
2572 3177 2770 3249 ἑτέρως
2805 3177 2948 3247 ἔχειν
2978 3176 3038 3230 τὸ
3056 3181 3263 3248 χρῆμα,
3297 3172 3341 3231 ὦ
3367 3179 3484 3232 τᾶν.
3518 3179 3683 3231 Ἀνω-

2111 3268 2275 3340 τέραν
2309 3265 2408 3338 μὲν
2467 3267 2577 3339 γὰρ
2616 3265 2726 3320 τῶν
2781 3268 2840 3320 ὲν
2893 3267 3081 3337 κόσμῳ
3147 3268 3546 3339 περισπασμῶν
3591 3271 3688 3322 καὶ

2110 3359 2457 3433 προσκαίρων
2485 3357 2787 3429 ἐπιθυμιῶν
2813 3358 2910 3428 τὴν
2935 3358 3172 3414 διάνοιαν
3211 3359 3447 3430 ἔχοντες,
3485 3361 3684 3415 είηιαπι⁴

2108 3453 2429 3520 αγωνίστοις
2499 3450 2698 3521 κομιδῆ
2766 3449 3173 3521 περιτεύξονται
3240 3454 3350 3514 τοῖς
3433 3452 3684 3523 ἐχθροῑςς

2114 3544 2461 3615 περιέσονταί
2493 3562 2551 3598 τε
2580 3545 2674 3598 καὶ
2714 3544 2858 3615 μάλα
2885 3544 3083 3615 ῥᾳδίως
3112 3542 3220 3597 τῶν
3249 3543 3684 3614 ἀνθεστηκότων,

2110 3635 2596 3709 προκατασείοντος
2641 3637 2734 3691 τοῦ
2798 3635 2934 3689 Θεοῦ
2981 3635 3078 3706 τὴν
3137 3635 3360 3690 ἐκείνων
3411 3636 3638 3708 δύναμιν
3666 3644 3680 3667 ί

2110 3728 2387 3793 ἐναλόντες
2411 3729 2466 3783 δὲ
2496 3729 2590 3783 καὶ
2621 3730 2778 3783 αὐτοὶ
2807 3729 3006 3782 πάθεσι
3039 3732 3341 3800 κοσμικοῖς,
3372 3730 3463 3784 καὶ
3491 3731 3685 3800 γεωδε-

2113 3822 2332 3892 στέραις
2363 3820 2683 3892 ἐπιθυμίαις
2712 3820 2887 3893 ἐνειλη
2899 3822 3092 3891 μμένοι
3114 3862 3128 3885 ,
3156 3823 3547 3894 εὐκατάτροχοι
3585 3823 3684 3893 μὲν

2112 3911 2300 3984 ὥσπερ
2341 3912 2436 3968 καὶ
2480 3914 2873 3967 εὐαλωτότατοι
2929 3914 3049 3967 λίαν
3105 3914 3530 3983 παρακείσονται
3561 3915 3682 3968 τότε

423 3993 655 4057 buntur,
684 4008 747 4047 ac
771 3993 1061 4048 manifeste
1093 3994 1281 4049 divino
1302 3994 1560 4064 praesidio
1580 3993 1825 4063 spoliati,
1855 3992 2005 4045 velut

2111 4006 2224 4067 τοῖς
2250 4003 2465 4056 διώκειν
2491 4005 2686 4068 αὐτοὺς
2713 4005 3030 4075 ᾑρημένοις,
3049 4006 3245 4075 γυμνοὶ
3265 4005 3322 4059 δὲ
3358 4006 3456 4076 τῆς
3478 4006 3684 4060 ἄνωθεν

428 4084 777 4156 paratissima
807 4085 991 4155 praeda
1014 4094 1180 4141 erunt
1210 4087 1465 4144 hostibus
1493 4089 1782 4161 propositi.

498 4260 696 4318 PALL.
734 4260 842 4317 Sed
895 4263 1171 4318 undenam
1230 4266 1348 4321 haac
1380 4283 1503 4337 qua:
1547 4268 1748 4343 dixisti,
1781 4274 2003 4342 probari

426 4353 661 4423 possint,
694 4354 855 4423 plane
888 4356 1029 4411 scire
1060 4359 1243 4428 cupio.

496 4444 653 4501 (ΝΒ.
694 4446 736 4500 Ε
769 4448 940 4501 sacris
973 4448 1217 4516 Litteris,
1274 4467 1396 4521 quae
1444 4453 1642 4522 priscis
1688 4455 2007 4514 hominihds

427 4534 779 4605 contigerunt
821 4537 1032 4592 utiliter
1067 4540 1538 4609 prmdicantibus;
1583 4546 1834 4615 nunquid
1855 4548 2003 4601 enim

424 4642 537 4680 non
587 4626 655 4681 ad
686 4634 932 4683 nostram
970 4630 1405 4689 admonitionem
1441 4636 1535 4691 illa
1576 4637 1780 4707 scripta
1832 4640 2003 4697 fuisse

425 4717 624 4774 beatus
650 4735 870 4791 quoque
892 4722 1096 4776 Paulus
1127 4724 1205 4778 ait
1232 4722 1311 4776 '7?

497 4810 697 4864 PALL.
744 4811 976 4865 Fateor:
1016 4816 1364 4872 narrationes
1406 4820 1554 4873 enim
1604 4838 1727 4891 quae
1777 4837 1844 4877 ex
1894 4824 2004 4880 illis

429 4898 732 4969 Scripturis
754 4901 1129 4969 proferuntur,
1166 4921 1276 4960 non
1319 4909 1654 4965 mediocrem
1685 4914 1847 4968 nobis
1889 4916 2002 4969 uti-

428 4992 637 5048 litatem
667 4992 923 5048 aﬂ‘erunt.
953 4994 1064 5050 Illae
1087 4997 1233 5050 enim
1258 5000 1467 5055 umbrae
1490 5010 1544 5057 et
1589 5005 1771 5077 ﬁgurae
1796 5009 1999 5064 verita-

428 5085 500 5140 tis
530 5094 706 5142 erant.

2116 4092 2416 4162 ἀσφαλείας
2460 4093 2892 4163 ὲκδεδειγμὲνοι,
2928 4093 3072 4165 θήρα
3116 4112 3199 4157 τις
3237 4093 3425 4167 ὥσπερ
3468 4097 3678 4165 ἑτοιμο-

2108 4180 2246 4252 τάτη
2277 4183 2707 4252 παρακείσονται
2736 4188 2846 4248 τοῖς
2887 4185 3141 4256 ἐχθροῖς.’

2180 4275 2386 4329 ΠΑΛΛ.
2421 4275 2529 4327 Καὶ
2560 4274 2643 4337 τίς
2686 4275 2751 4329 ἂν
2798 4276 3008 4344 γένοιτο
3036 4278 3145 4332 τῶν
3186 4279 3490 4351 εἰρημένων
3525 4282 3560 4353 ἠ
3594 4280 3683 4333 πίε

2110 4380 2248 4430 στις,
2287 4364 2522 4434 ἐθέλοιμ’
2551 4362 2835 4418 ἂνείδέναι
2874 4368 3077 4436 σαφῶς.

2179 4457 2343 4510 ΚΥΡε
2381 4457 2453 4509 Τὸ
2480 4455 2721 4526 Γράμμα
2758 4456 2817 4510 τὸ
2845 4461 3008 4528 ἱερὸν,
3038 4460 3106 4514 τὰ
3127 4463 3238 4525 τοῖς
3269 4462 3516 4533 ἀρχαίοις
3545 4479 3681 4533 συμ-³

2107 4547 2377 4618 ϐεϐηκότα
2443 4550 2731 4620 χρησίμως
2779 4554 3167 4622 παραφιυνοῦν.
3233 4548 3311 4606 *Η
3369 4555 3506 4625 γὰρ,
3563 4555 3680 4625 οὐχὶ

2107 4640 2241 4710 πρὸς
2273 4641 2555 4695 νουθεσίαν
2580 4642 2735 4713 ἡμῶν
2762 4642 2947 4696 ἐκεῖνα
2977 4645 3282 4717 γεγράφθαι
3316 4648 3411 4700 καὶ
3432 4649 3461 4700 ὁ
3483 4645 3680 4701 θεσπέι-

2108 4748 2221 4796 σιος
2243 4733 2345 4804 ἔφη
2386 4734 2595 4797 Παῦλος
2610 4751 2624 4799 ;

2176 4827 2386 4880 ΠΑΛΛ.
2430 4827 2597 4896 Φημί·
2648 4829 2940 4898 ὲμποιήσει
3000 4827 3108 4899 γὰρ
3166 4829 3227 4883 οὐ
3276 4831 3505 4902 μετρίαν
3546 4833 3677 4901 ἡμῖν

2103 4914 2200 4984 τὴν
2235 4916 2417 4987 ὄνησιν
2447 4917 2515 4970 τὰ
2540 4917 2598 4983 ἐξ
2626 4918 2809 4970 αὐτῶν
2838 4918 3159 4989 δηλούμενα.
3204 4919 3377 4974 Τύποι
3405 4923 3515 4994 γὰρ
3538 4919 3678 4995 ἦσαν

2104 5006 2204 5075 τῆς
2226 5006 2478 5075 ἀληθείας
2504 5008 2558 5060 αἱ
2592 5008 2761 5063 σκιαί.

2176 5097 2340 5151 ΚΥΡ.
2400 5097 2610 5152 Οὐκοῦν
2667 5100 2765 5170 ἤδη
2820 5098 3086 5171 λέγωμεν.
3139 5105 3675 5176 Διαπεραιωσάμενοι

497 5176 656 5233 CYR.
727 5178 847 5235 Iam
912 5179 1081 5251 igitur
1143 5180 1329 5236 dicere
1400 5186 1799 5255 aggrediamur.
1861 5191 1998 5247 Cum

2110 5189 2217 5263 γὰρ
2252 5191 2341 5243 τὸν
2407 5190 2680 5260 Ἰορδάνην
2730 5192 2778 5243 οἱ
2828 5190 2887 5256 ἐξ
2936 5192 3178 5263 Ἰσραὴλ,
3222 5196 3559 5264 προσέϐαλον
3610 5198 3673 5267 τῇ

424 5266 686 5324 Israelita
706 5270 1001 5328 Iordanem
1037 5273 1406 5345 trajecissent,
1434 5276 1757 5336 invaserunt
1802 5284 1998 5339 urbem

2116 5281 2323 5353 Ἱεριχὼ
2343 5297 2356 5311 ·
2386 5282 2478 5334 καὶ
2509 5282 2570 5350 δὴ
2612 5283 2704 5335 καὶ
2746 5282 2909 5347 θείοις
2937 5286 3192 5355 ἑπόμενοι
3221 5287 3486 5357 νεύμασιν
3515 5291 3675 5342 ἐκπο-

422 5358 664 5422 Jericho,
691 5360 999 5434 divinisque
1021 5342 1188 5435 jussis
1229 5366 1614 5436 obsequentes,
1638 5370 1703 5423 ad
1750 5386 1870 5424 eam
1905 5373 2002 5427 ob-

2110 5374 2343 5445 λιορκείν
2382 5372 2732 5437 ἐσπούδαζον,
2769 5374 2843 5436 ὡς
2897 5375 3095 5429 αὐτίκα
3126 5377 3188 5444 δὴ
3237 5379 3383 5446 μάλα
3429 5378 3675 5450 περιεσό-

424 5447 709 5502 sidendam
735 5451 927 5507 intenti
974 5465 1153 5521 erant,
1207 5466 1463 5527 tanquam
1510 5460 1798 5515 celerrime
1848 5463 1996 5517 illam

2110 5483 2279 5535 μενοι,
2314 5466 2405 5518 καὶ
2437 5467 2785 5535 αἱρήσοντες,
2825 5467 2914 5519 καὶ
2943 5468 3033 5520 τὸν
3056 5469 3288 5538 πολέμου
3320 5472 3482 5539 νόμον
3516 5471 3675 5540 ἐξηρ-

420 5542 788 5609 expugnaturi
813 5552 976 5614 atque
1001 5548 1236 5617 capturi.
1286 5549 1529 5607 Aderant
1580 5551 1746 5622 igitur
1792 5552 1996 5609 milites

2110 5557 2325 5628 τημένοι
2372 5559 2627 5630 παρῆσαν
2672 5561 2720 5612 οἱ
2760 5560 3156 5631 μαχιμώτατοι.
3196 5562 3509 5633 Γέγραπται
3543 5562 3681 5634 γάρὴ

496 5715 539 5747 ⁸⁷
568 5711 717 5769 [Cor
763 5731 816 5779 τι.
848 5717 932 5775 ll.
