4138 6300
360 256 455 315 3M

1075 206 1644 325 nsanomrtosu
1682 255 1750 309 1N
1793 230 2065 311 smami
2108 253 2194 308 ET
2238 251 2608 309 manus.
2653 252 2780 307 Lm.
2826 252 2885 307 v.

3517 247 3623 306 362

360 372 443 427 ὅτι
486 390 505 423 ι
539 369 649 425 Καὶ
692 366 939 441 εἰσῆλθεν
984 369 1193 442 Ἰησοῦς
1242 372 1271 425 6
1319 369 1411 425 τοῦ
1455 370 1615 442 Ναυῆ
1658 372 1795 444 πρὸς
1821 372 1947 436 τοὺς

2067 373 2119 427 Id
2149 372 2499 444 pugnandum
2526 372 2818 443 aptissimi,
2843 373 2996 442 juxta
3030 369 3299 425 bellorum
3348 368 3496 438 leges
3536 368 3624 422 inn

364 464 571 537 ἱερεῖς,
614 462 712 518 καὶ
749 458 903 516 εἶπεν
947 463 1130 526 αὐτοῖς
1178 462 1371 531 λέγων’
1414 463 1831 535 Παραγγεί-λατε
1867 463 1948 532 τῷ

362 553 479 624 λαῷ
505 552 812 625 περιελθεῖν
851 552 947 608 καὶ
985 552 1267 606 κυκλῶσαι
1300 553 1402 626 τὴν
1430 555 1608 621 πόλιν,
1634 556 1728 610 καὶ
1750 557 1801 609 οί
1840 556 1948 626 μά.

366 661 518 716 χιμοι
555 643 1140 717 παραπορευόσθωσαν
1190 645 1584 719 ἐνωπλισμένοι
1625 647 1804 703 εναντι
1837 650 1950 703 Κυ-

367 740 506 812 ρίου.
547 757 568 790 ι
603 739 1044 810 Προστάττοντος
1073 737 1186 810 γὰρ
1215 738 1311 793 τοῦ
1335 740 1571 812 Χριστοῦ
1595 740 1684 794 διὰ
1711 740 1810 811 τῆς
1841 740 1950 794 τῶν

367 831 686 902 ἡγουμένων
719 830 906 902 φωνῆς
925 871 941 895 ,
976 832 1533 905 καταστρατευόμεθα
1574 832 1683 886 τῶν
1715 832 1948 905 ἐχθρῶν,

365 924 427 978 οὑ
477 924 616 997 πρὸς
663 919 804 995 αἷμα
852 925 948 978 καὶ
1002 924 1184 996 σάρκα
1231 924 1330 996 τὴν
1383 924 1565 997 μάχην
1610 924 1949 998 αἱρούμενοι,

369 1015 507 1088 πρὸς
544 1015 720 1087 ἀρχὰς
747 1015 806 1069 δὲ
838 1016 1043 1086 μᾶλλον
1074 1018 1171 1070 καὶ
1196 1015 1469 1083 ἐξουσίας,
1501 1016 1598 1072 καὶ
1633 1016 1726 1071 τδν
1755 1019 1815 1071 ὲν
1838 1019 1953 1081 τοῖς

372 1107 561 1179 μέλεσι
604 1107 706 1178 τῆς
747 1107 950 1180 σαρκὸς
984 1109 1402 1180 τυραννήσαντα
1445 1108 1631 1180 νόμον.
1687 1108 1955 1181 Ἐσόμεθα

370 1199 428 1253 δὲ
474 1199 598 1253 τότε
640 1199 736 1253 καὶ
783 1201 842 1253 ὲν
895 1199 1018 1270 ὕψει
1057 1199 1229 1266 Θεοῦ,
1276 1201 1577 1273 παντευχίᾳ
1622 1201 1721 1273 μὲν
1766 1200 1955 1274 ὥσπερ

371 1291 768 1365 ὲνηρμοσμένοι
794 1295 862 1365 τῇ
903 1290 1026 1364 θείᾳ
1050 1310 1111 1348 τε
1138 1294 1234 1349 καὶ
1261 1296 1451 1366 νοητῇ.
1511 1294 1618 1366 (Τὰ
1671 1293 1780 1367 γὰρ
1816 1294 1956 1348 ὅπλα

369 1385 530 1458 ἡμῶν
574 1385 668 1443 οὑ.
699 1385 955 1457 σαρκικὰ,
996 1386 1138 1440 κατὰ
1192 1386 1292 1458 τὴν
1330 1386 1424 1441 τοῦ
1470 1385 1687 1441 Παύλου
1726 1387 1956 1459 φωνὴν),

372 1482 555 1546 τοῖςᾶ
578 1480 681 1552 τῆς
694 1480 1043 1553 δικαιοσύνης
1064 1482 1381 1553 αὐχήμασιν
1405 1480 1727 1550 ἐκπρεπεῖς.
1757 1478 1961 1550 Ἐφορᾷ

371 1571 438 1643 δὴ
465 1567 560 1625 οὖν
583 1572 714 1635 τοὺς
751 1570 1175 1643 μαχιμωτάτους
1200 1572 1230 1625 6
1254 1570 1473 1624 πάντων
1505 1568 1780 1639 Δεσπότης
1803 1567 1957 1634 Θεὸς,

373 1662 443 1717 τὰ
480 1660 707 1734 λαμπρά
753 1662 854 1733 τῆς
902 1659 1249 1733 δικαιοσύνης
1290 1660 1461 1730 σκεύη
1509 1658 1956 1730 περικειμένους,

375 1753 520 1807 τοῦτ’
544 1754 685 1819 ἐστι,
727 1754 791 1809 τὸ
821 1753 900 1819 ὡς
933 1752 1167 1810 ἐνώπιον
1200 1750 1442 1824 Χριστοῦ
1473 1749 1958 1823 παραπορεύεσθαι
1988 1729 2032 1786 Β

374 1848 500 1910 τοὺς
550 1847 821 1919 μαχίμους
871 1846 1326 1918 ὲνωπλισμένους.
1376 1846 1571 1916 Τίμιον
1628 1845 1686 1900 δὲ
1752 1845 1958 1917 σφόδρα

378 1937 474 1991 καὶ
519 1938 855 1992 πολύευκτον
882 1937 1129 2010 ἀληθῶς,
1180 1938 1242 1992 τὸ
1272 1940 1330 1992 ὲν
1370 1937 1660 2010 ἐπισκέψει
1702 1937 1959 2007 γενέσθαι

376 2027 513 2083 Θεοῦ
531 2067 546 2095 ,
581 2029 741 2103 εῐπερ
785 2030 934 2084 ἐστὶν
980 2030 1082 2085 οὑκ
1127 2029 1393 2086 ἀπίθανον
1440 2031 1642 2084 ἐννοεῖν
1661 2071 1678 2096 ,
1720 2030 1803 2084 ὃτι
1846 2032 1960 2094 τοῖς

376 2119 739 2191 λελυπηκόσι,
788 2121 1010 2176 κόλασιν
1051 2120 1243 2194 ὥσπερ
1287 2121 1412 2176 τινά
1461 2122 1563 2193 τὴν
1605 2121 1961 2194 ἀποστροφὴν

375 2210 658 2284 ἐπιτίθησι
691 2212 844 2278 Θεὸς,
877 2212 1072 2283 λέγων’
1101 2232 1121 2265 ι
1147 2215 1316 2268 Ὅταν
1339 2212 1448 2277 τὰς
1474 2215 1661 2284 χεῖρας
1680 2212 1961 2284 ὲκτείνητε

380 2305 522 2376 πρός
539 2323 626 2377 με,
646 2304 979 2378 ἀποστρέψαι
1000 2306 1128 2371 τοὺς
1148 2306 1465 2377 ὀφθαλμούς
1485 2323 1586 2378 μου
1612 2306 1705 2377 ἀφ’
1727 2306 1756 2358 ὑ
1765 2306 1902 2378 μῶν.
1937 2324 1955 2357 ι

378 2396 825 2468 Παρατεινούσης
865 2397 922 2451 δὲ
962 2398 1061 2469 τῆς
1098 2396 1417 2468 πολιορκίας
1471 2398 1565 2450 καὶ
1618 2399 1697 2461 εἰς
1746 2396 1962 2469 ἡμέραν

378 2486 651 2558 ἑϐδόμην,
686 2486 793 2557 ἔφη
823 2488 983 2542 πάλιν
1039 2487 1251 2559 Ἰησοῦς
1290 2489 1318 2541 6
1348 2487 1442 2541 τοῦ
1482 2487 1639 2557 Ναυῆ
1683 2490 1796 2552 τοῖς
1824 2490 1965 2553 υίοῖς

392 2578 642 2651 Ἰσραήλ·
690 2598 709 2631 ι
760 2577 1079 2651 Κεκράξατε
1127 2581 1265 2650 πρὸς
1315 2580 1551 2651 Κύριονο
1609 2582 1963 2654 παραδέδωκε

379 2669 492 2741 γὰρ
522 2670 655 2739 ἡμῖν
682 2668 889 2741 Κύριος
920 2671 1020 2742 τὴν
1053 2670 1238 2736 πόλιν,
1269 2673 1362 2726 καὶ
1392 2672 1544 2726 ἔσται
1571 2674 1605 2745 ἡ
1641 2673 1797 2736 πόλις
1830 2671 1963 2726 ἀνά-

381 2761 547 2832 θεμα,
575 2760 716 2831 αὕτη
741 2762 836 2816 καὶ
864 2762 1044 2817 πάντα
1072 2763 1173 2817 ὅσα
1201 2762 1348 2818 ἐστὶν
1377 2764 1436 2817 ἐν
1466 2765 1635 2836 αὐτῇ,
1666 2764 1744 2835 τῷ
1774 2765 1965 2836 Κυρίῳ
1986 2794 2003 2815 .

382 2852 493 2907 τῶν
516 2853 798 2926 δυνάμεων
817 2852 1069 2910 Σαϐαὼθ·
1090 2853 1230 2927 πλὴν
1267 2854 1439 2909 Ῥαὰϐ
1458 2854 1556 2927 τὴν
1585 2856 1789 2928 πόρνην
1812 2873 1964 2927 περιο

385 2944 627 3000 ποιεῖσθε
672 2945 874 3018 αὐτὴν,
926 2945 1020 3001 καὶ
1051 2945 1229 3000 πάντα
1266 2946 1368 3000 ὃσα
1410 2946 1560 3001 ἐστὶν
1606 2949 1665 3001 ὲν
1700 2944 1779 3018 τῷ
1829 2946 1966 3018 οἴκῳ

387 3040 577 3112 αὐτῆς.
626 3038 767 3094 Ἀλλ’
800 3041 957 3113 ὑμεῖς
989 3040 1299 3111 φυλάξασθε
1327 3040 1437 3096 ἀπὸ
1463 3041 1559 3097 τοῦ
1596 3040 1962 3114 ἀναθέματος,

388 3132 463 3203 μή
491 3147 621 3185 ποτε
668 3132 1064 3204 ἐνθυμηθέντες
1100 3133 1257 3205 ὑμεῖς
1292 3133 1451 3189 αὑτοὶ
1474 3133 1676 3205 λάϐητε
1715 3133 1823 3187 ἀπὸ
1866 3133 1960 3187 τοῦ

385 3219 759 3292 ἀναθέματος,
826 3224 921 3276 καὶ
972 3225 1240 3296 ποιήσητε
1288 3223 1388 3294 τὴν
1449 3224 1802 3296 παρεμϐολὴν
1856 3225 1964 3278 τῶν

389 3311 524 3364 υἱῶν
573 3311 791 3383 Ἰσραὴλ
833 3312 1115 3384 ἀνάθεμα,
1166 3314 1261 3367 καὶ
1312 3313 1606 3387 ἐκτρίψητε
1648 3314 1827 3384 ἡμᾶς,
1872 3312 1967 3366 καὶ

386 3403 498 3457 πᾶν
552 3404 814 3477 ἀργύριον
844 3408 939 3460 καὶ
979 3405 1227 3477 χρυσίον,
1259 3408 1353 3461 καὶ
1386 3406 1585 3478 χαλκὸς
1624 3409 1719 3462 καὶ
1751 3407 1968 3479 σίδηρος

390 3494 547 3565 ἇγιον
580 3494 733 3550 ἔσται
772 3495 851 3568 τῷ
899 3497 1120 3569 Κυρίῳ,
1165 3499 1245 3562 εἰς
1283 3497 1557 3571 θησαυρὸν
1601 3498 1810 3570 Κυρίου
1857 3500 1971 3552 εἰσ-

390 3586 766 3659 ενεχθήσεται.
807 3605 827 3639 δ
879 3587 1059 3658 Ἡφίει
1096 3588 1193 3659 μὲν
1223 3587 1332 3660 γὰρ
1363 3592 1485 3653 ταῖς
1547 3588 1735 3654 ἄλλαις
1763 3590 1969 3662 λαφυρ-

390 3677 665 3747 αγωγίαις
695 3679 968 3749 ὲντρυφᾷμ
1009 3681 1139 3744 τοὺς
1177 3680 1628 3753 ἀνδριζομένους,
1657 3683 1968 3753 εἰσκομίζε-

393 3769 521 3823 σθαι
546 3769 603 3824 δὲ
627 3769 737 3823 δεῖν
761 3771 840 3833 εἰς
865 3770 1135 3843 θησαυρὸν
1161 3771 1393 3843 Κυρίου,
1411 3774 1565 3844 φησι,
1586 3774 1694 3827 πᾶν
1709 3773 1971 3845 ἀργύριον

390 3860 486 3914 καὶ
504 3861 755 3931 χρυσίον,
781 3860 979 3930 χαλκόν
1002 3878 1056 3914 τε
1085 3861 1179 3915 καὶ
1211 3862 1428 3934 σίδηρον
1449 3878 1461 3890 '
1491 3863 1647 3916 τοῦτο
1685 3863 1792 3934 γὰρ
1821 3859 1888 3935 ῆν
1912 3865 1972 3917 τὸ

389 3951 624 4022 ἐπίκλην
660 3953 937 4023 ἀνάθεμα,
969 3952 1331 4019 τουτέστι,τὸ
1355 3955 1698 4026 ἀπονεμηθὲν
1733 3956 1798 4010 ὲκ
1836 3956 1971 4010 πάν-

389 4060 501 4098 των
523 4044 600 4114 (1)
629 4046 724 4098 καὶ
750 4044 1043 4116 ἀφορισθὲν
1065 4044 1144 4115 τῷ
1173 4044 1309 4117 Θεῷ.
1338 4046 1714 4110 ’Ἂλλόὑδενὸς
1736 4046 1974 4114 ἀξιώσας

392 4134 553 4202 λόγου
588 4135 686 4206 τὴν
721 4136 959 4206 ἐντολὴν,
1011 4155 1031 4187 ι
1078 4137 1298 4202 Ἔλαϐε,
1330 4139 1524 4208 φησὶν,
1575 4140 1753 4211 Ἀχαρ
1798 4142 1825 4193 6
1861 4140 1976 4202 υίὸς

395 4225 730 4297 Χαμμὶ,υίοῦ
744 4228 1116 4300 Ζαμϐρῆ,υίοῦ
1129 4232 1279 4300 Ζαρᾶ
1294 4232 1356 4283 ἐκ
1366 4231 1464 4301 τῆς
1480 4232 1650 4300 φυλῆς
1665 4230 1855 4299 Ἰούδα,
1867 4232 1976 4286 ἀπὸ

396 4318 489 4371 τοῦ
517 4318 873 4390 ἀναθέματος.
907 4321 1016 4374 Καὶ
1043 4320 1295 4392 ἐθυμώθη
1320 4322 1456 4394 ὀργῇ
1483 4321 1686 4393 Κύριος
1708 4324 1820 4385 τοῖς
1839 4322 1972 4386 υἱοῖς

2049 467 2270 522 structi.
2297 466 2577 537 Scriptum
2602 473 2688 520 est
2737 465 2923 520 enim:
2965 464 3296 534 «Ingressus
3334 469 3420 518 est
3463 461 3625 517 Jesus

2049 557 2197 611 Nave
2223 556 2293 611 ad
2319 555 2656 621 sacerdotes,
2683 563 2741 610 et
2778 556 2997 611 loculus
3018 563 3105 610 est
3127 554 3197 608 ad
3236 569 3354 621 eos,
3399 552 3623 608 dicens:

2051 648 2341 719 Praecipite
2364 647 2571 719 populo
2613 654 2675 702 ut
2695 648 3018 713 circumeat,
3065 655 3123 702 et
3161 644 3467 701 circumdet
3488 643 3627 699 civi-

2052 748 2244 805 tatem,
2269 748 2327 796 et
2350 741 2457 795 viri
2481 747 2816 811 pugnatores
2836 745 3223 810 pertranseant
3254 737 3453 793 armati
3500 745 3627 791 ante

2052 831 2345 886 Dominum
2363 819 2439 885 ’⁸⁸.
2462 850 2481 883 ι
2513 831 2737 888 Christo
2776 846 3014 900 namque
3041 846 3142 901 per
3175 829 3488 901 principum
3528 842 3628 882 vo-

2054 936 2174 976 cem
2194 921 2445 991 jubente,
2474 920 2741 976 adversus
2754 919 2943 975 hostes
2975 920 3382 983 contendimus,
3402 918 3633 975 bellum-

2055 1025 2164 1082 que
2189 1027 2303 1067 non
2325 1012 2595 1068 adversus
2619 1026 2842 1067 carnem
2864 1018 2921 1067 et
2934 1010 3256 1081 sanguinem
3276 1011 3630 1080 suscipimus,

2056 1103 2157 1161 sed
2183 1103 2450 1160 adversus
2472 1103 2753 1175 principes
2803 1112 2861 1159 et:
2897 1110 3221 1174 potestates,
3263 1108 3320 1157 et
3368 1100 3647 1157 adversus

2056 1212 2179 1253 eam
2190 1198 2387 1269 legem,
2403 1213 2523 1269 quae
2538 1198 2592 1252 in
2605 1198 2869 1254 membris
2883 1197 3066 1253 carnis
3081 1196 3413 1252 dominatur.
3430 1196 3499 1228 ⁸¹¹’
3510 1195 3635 1251 Ert-

2059 1303 2185 1343 mus
2219 1288 2387 1344 etiam
2408 1296 2542 1344 tunc
2563 1289 2619 1344 in
2644 1298 2943 1361 conspectu
2964 1287 3203 1352 Domini,
3223 1296 3339 1342 tum
3357 1296 3636 1343 armatura

2059 1380 2297 1449 quadam
2342 1381 2603 1437 instructi
2645 1381 2837 1437 divina
2892 1388 3058 1451 atque
3120 1379 3438 1451 spirituali:
3486 1394 3634 1434 arma

2059 1490 2301 1546 namque
2337 1485 2529 1531 nostra
2575 1490 2687 1530 non
2721 1474 2963 1531 carnalia
3004 1481 3153 1539 sunt,
3201 1478 3265 1527 ut
3298 1472 3503 1527 Paulus
3528 1471 3633 1534 ait;

2065 1568 2112 1600 "
2165 1574 2283 1623 tum
2319 1583 2454 1622 vero
2478 1565 2707 1638 iustitia:
2735 1565 2906 1637 gloria
2931 1564 3192 1636 insignes.
3218 1563 3430 1634 Aspicit
3452 1562 3655 1634 itaque

2060 1657 2212 1713 viros
2234 1657 2302 1713 ad
2327 1657 2681 1728 pugnandum
2703 1655 3082 1727 paratissimos
3105 1657 3251 1711 Deus
3283 1655 3378 1711 ille
3412 1650 3655 1711 univer-J

2059 1764 2244 1805 sarum
2273 1764 2462 1804 rerum
2505 1749 2791 1815 Dominus,
2821 1748 3241 1820 splendentibus
3275 1747 3504 1819 justitize
3545 1742 3659 1802 ar-'

2058 1840 2164 1897 mis
2189 1841 2431 1908 indutos,
2484 1841 2650 1912 idque
2690 1849 2776 1896 est
2832 1841 2889 1895 in
2941 1848 3239 1911 conspectu
3280 1838 3487 1895 Christi
3509 1834 3659 1911 per?

2058 1932 2293 1989 transire
2325 1942 2660 2005 pugnatores
2683 1941 2944 1987 armatos.
2965 1932 3268 1988 Honestum
3290 1946 3424 1987 vero
3446 1932 3502 1987 in
3518 1932 3639 2002 pri-

2059 2026 2163 2082 mis
2188 2034 2245 2081 et
2287 2026 2589 2099 optandum
2631 2041 2783 2091 sane,
2842 2026 2899 2080 in
2942 2033 3240 2095 conspectu
3266 2023 3360 2079 Dei
3403 2039 3560 2091 esse;
3593 2024 3639 2080 si

2059 2118 2283 2189 quidem
2312 2135 2425 2174 non
2450 2118 2693 2174 absurde
2736 2117 3084 2189 intelligitur,
3130 2117 3304 2172 Deum
3327 2116 3397 2172 iis
3441 2117 3536 2187 qui
3581 2133 3640 2172 sc

2061 2211 2416 2277 offenderint,
2450 2212 2593 2267 hanc
2610 2210 2782 2266 veluti
2805 2225 3024 2280 pmnam
3057 2210 3363 2280 imponere,
3392 2219 3453 2265 ut
3487 2225 3547 2267 se
3572 2211 3642 2265 ah

2062 2302 2172 2359 illis
2193 2311 2424 2369 avertat,
2450 2318 2576 2358 cum
2599 2302 2763 2358 dicat:
2801 2320 2819 2353 ι
2846 2301 2949 2358 Ubi
2967 2317 3162 2358 manus
3185 2302 3546 2359 extenderitis
3572 2304 3641 2357 ad

2064 2412 2173 2462 me,
2198 2403 2445 2451 avertam
2469 2395 2662 2451 oculos
2688 2410 2840 2450 meos
2862 2410 2892 2449 a
2914 2393 3101 2471 .vohis
3123 2394 3189 2448 “.
3224 2413 3242 2445 ι
3272 2394 3408 2450 Cum
3457 2403 3640 2449 autem

2062 2485 2282 2542 obsidio
2304 2502 2478 2557 usque
2502 2486 2572 2541 ad
2588 2486 2733 2542 diem
2758 2486 3052 2557 septimum
3077 2484 3339 2555 perducta
3363 2492 3530 2550 esset,
3555 2485 3642 2539 di-

2064 2577 2142 2630 xit
2165 2577 2366 2630 iterum
2389 2560 2575 2631 'Jesus
2600 2576 2747 2631 Nave
2785 2575 2915 2631 ﬁliis
2956 2576 3122 2631 Israel
3151 2594 3163 2629 :
3211 2594 3230 2626 ι
3255 2575 3650 2632 Vociferamln—

2063 2667 2137 2722 ad
2159 2668 2455 2722 Dominum
2489 2685 2502 2720 :
2537 2666 2763 2722 tradidit
2788 2667 2934 2723 enim
2968 2667 3128 2722 nobis
3162 2668 3426 2723 Dominus
3452 2668 3645 2723 civita—

2067 2770 2205 2825 tem;
2230 2767 2287 2813 et
2309 2758 2632 2814 eritcivitas
2654 2758 2968 2822 anathema,
3005 2759 3143 2829 ipsa,
3183 2767 3242 2814 et
3282 2761 3466 2815 omnia
3522 2777 3646 2831 qua:

2064 2860 2192 2908 sunt
2221 2852 2276 2908 in
2307 2851 2468 2925 1M
2491 2868 2577 2918 ea,
2608 2852 2837 2907 Domino
2860 2851 2972 2908 Deo
2995 2853 3335 2908 exercituum
3378 2852 3641 2909 Sabaoth.

2065 2945 2457 3001 Verumtamen
2498 2945 2651 3000 Raab
2693 2946 3042 3002 meretricem
3086 2956 3301 3003 servate
3342 2945 3540 3017 ipsam,
3588 2955 3648 3005 et

2067 3040 2253 3094 omnia
2285 3054 2407 3109 qua:
2431 3048 2559 3094 sunt
2582 3038 2639 3093 in
2670 3039 2839 3094 domo
2874 3040 3013 3111 ejus.
3044 3038 3152 3094 Sed
3196 3055 3297 3096 vos
3331 3048 3525 3098 cavete
3574 3040 3645 3096 ab

2069 3133 2436 3199 anathemate,
2463 3146 2533 3187 ne
2560 3132 2700 3188 forte
2748 3147 2845 3187 vos
2891 3132 2991 3202 ipsi
3033 3132 3334 3204 cogitantes
3367 3134 3648 3204 accipiatis

2070 3226 2139 3280 ab
2174 3225 2548 3290 anathemate,
2600 3232 2656 3279 et
2709 3223 2922 3279 faciatis
2968 3231 3153 3279 castra
3197 3222 3434 3279 ﬁliorum
3479 3225 3645 3281 Israel

2070 3317 2382 3381 anathema,
2422 3325 2478 3371 et
2521 3316 2822 3372 conteratis
2851 3329 2984 3382 nos;
3020 3323 3078 3370 et
3100 3330 3262 3372 omne
3282 3322 3565 3388 argentum
3591 3325 3649 3373 et

2071 3424 2289 3474 aurum,
2337 3417 2394 3464 et
2436 3424 2512 3463 aes
2552 3415 2610 3463 et
2636 3407 2844 3463 ferrum
2872 3414 3122 3462 sanctum
3147 3407 3256 3463 erit
3294 3408 3562 3463 Domino:
3592 3408 3647 3464 in

2074 3504 2361 3558 thesauros
2383 3501 2479 3556 Dei
2511 3500 2778 3556 inferetur
2802 3502 2867 3553 ⁶¹.
2897 3519 2915 3552 ι
2955 3499 3210 3556 Permisit
3245 3500 3394 3556 enim
3415 3500 3652 3557 fortibus

2071 3595 2207 3649 viris
2251 3601 2311 3649 ut
2334 3593 2545 3663 reliqua
2566 3591 2748 3663 praeda
2776 3590 3127 3659 fruerentur;
3163 3593 3258 3649 sed
3283 3593 3474 3650 inferri
3490 3609 3652 3666 opor-

2073 3692 2190 3739 tere
2214 3683 2353 3738 dixit
2377 3683 2433 3738 in
2465 3683 2756 3738 thesauros
2783 3682 3000 3739 Domini
3030 3691 3319 3755 argentum
3366 3699 3550 3750 omne,
3595 3696 3652 3741 et

2074 3790 2290 3840 aurum,
2315 3790 2390 3831 es
2413 3790 2631 3847 quoque
2658 3790 2722 3829 ac
2765 3775 3005 3831 ferrum:
3032 3776 3138 3830 hoc
3171 3775 3319 3829 enim
3363 3782 3482 3830 erat
3514 3777 3650 3831 illud

2073 3869 2220 3939 quod
2244 3868 2551 3939 appellatur
2572 3870 2885 3933 anathema,
2913 3869 2967 3924 id
2992 3877 3098 3933 est,
3128 3869 3276 3938 quod
3305 3883 3369 3922 ex
3394 3869 3653 3924 omnibus

2076 3961 2444 4027 tribuebatur,
2471 3969 2527 4016 et
2552 3961 2666 4016 Deo
2711 3962 3121 4033 segregabatur.
3173 3960 3476 4025 Caeterum,
3502 3962 3653 4017 nulla

2075 4052 2333 4124 przecepti
2364 4055 2574 4110 ratione
2596 4053 2811 4109 habita:
2844 4074 2861 4103 ε
2889 4052 3185 4123 Accepit,»
3210 4052 3407 4123 inquit,
3448 4052 3654 4107 «Achar

2078 4145 2223 4202 ﬁlius
2237 4146 2483 4211 Charmi,
2512 4146 2607 4201 filii
2631 4146 2874 4207 Zambri,
2906 4145 3000 4199 ﬁlii
3027 4144 3187 4207 Zara,
3217 4160 3284 4199 ex
3311 4145 3458 4198 tribu
3483 4144 3651 4208 Juda,

2076 4255 2145 4294 ex
2173 4240 2552 4295 anathemate:
2582 4248 2637 4295 et
2655 4239 2829 4294 iratus
2854 4246 2938 4292 est
2961 4237 3147 4292 furore
3164 4236 3430 4290 Dominus
3452 4234 3654 4289 adver-

2080 4341 2174 4381 sus
2195 4326 2337 4382 ﬁlios
2359 4328 2523 4382 Israel
2541 4328 2606 4378 ⁸³.
2639 4347 2656 4377 ι
2679 4325 2907 4396 Oportet
2936 4325 3104 4390 enim,
3137 4334 3194 4379 ut
3220 4335 3374 4395 puto,
3398 4325 3491 4396 qui
3518 4340 3654 4380 con—

411 4408 654 4481 Ἱσραήλ.
700 4429 720 4462 ι
760 4410 975 4482 Χρῆναι
1023 4410 1132 4482 γὰρ
1178 4407 1331 4482 οἶμαι
1363 4416 1489 4476 τοὺς
1521 4415 1640 4477 ταῖς
1683 4415 1966 4484 κοσμικαῖς

2083 4428 2162 4473 tra
2224 4420 2407 4475 steculi
2454 4421 2767 4490 voluptates
2799 4425 2857 4473 et
2911 4418 3077 4488 hujus
3101 4418 3227 4472 vita:
3271 4418 3655 4475 distractiones

397 4500 607 4571 ἡδοναῖς
638 4500 868 4567 καὶτοῖς
914 4504 972 4557 ὲν
1014 4503 1149 4574 τῷδε
1198 4504 1278 4572 τῷ
1326 4504 1425 4576 βίῳ
1465 4509 1869 4579 περισπασμοὶξ
1912 4507 1974 4559 τὸ

398 4590 649 4656 εὐσθενὲς
699 4594 757 4645 ὲν
799 4594 1020 4666 Χριστῷ
1080 4596 1488 4667 παρεξάγοντας
1540 4595 1828 4669 φρόνημα,
1879 4597 1974 4651 καὶ

399 4681 487 4736 διὰ
515 4682 625 4737 τῶν
655 4683 755 4754 τῆς
796 4685 1142 4758 δικαιοσύνης
1186 4688 1368 4742 ὅπλων
1416 4688 1721 4759 εὐδοκιμεῖν
1764 4691 1974 4761 ᾑρημέ-

402 4792 545 4840 νους,
569 4777 628 4830 ὲν
661 4778 949 4848 ἐπισκέψει
974 4797 1030 4833 τε
1056 4781 1157 4850 ἤδη
1187 4780 1481 4849 γεγονότας
1514 4779 1775 4852 Χριστοῦ,
1809 4783 1973 4852 μηδε-

400 4865 492 4929 νὸς
538 4866 787 4935 ἐφίεσθαι
835 4868 944 4922 τῶν
995 4871 1053 4922 ἐν
1103 4871 1293 4942 κόσμῳ
1338 4870 1842 4942 τεθαυμασμένων,
1897 4873 1971 4942 μὴ

401 4958 666 5048 πλούτου,
684 4960 759 5031 μὴ
782 4960 970 5030 δόξης,
1006 4963 1081 5033 μὴ
1114 4962 1428 5028 δυναστείας
1450 5005 1466 5031 ,
1495 4964 1528 5034 ἦ
1565 4964 1868 5037 ὑπεροχῆς,
1898 4965 1972 5034 μὴ

399 5050 510 5103 τῶν
543 5052 609 5105 ὲκ
641 5051 744 5122 τῆς
785 5051 974 5121 σοφίας
1016 5053 1331 5125 Ἑλληνικῆς
1384 5054 1615 5109 ἀνοσίων
1665 5054 1972 5126 δογμάτων.

404 5136 529 5194 Εἶεν
567 5140 613 5193 δ’
667 5141 763 5204 ἂν,
817 5143 897 5205 είς
945 5142 1112 5196 τύπον
1161 5144 1544 5216 λαμπρότητος
1616 5146 1715 5217 μὲν
1767 5145 1865 5216 τῆς
1922 5147 1980 5196 ἐν

403 5232 680 5304 ἀξιώμασι
708 5235 801 5287 καὶ
849 5236 1173 5306 ὑπεροχαῖς,
1200 5238 1262 5291 τὸ
1290 5238 1548 5311 ἀργύριον
1570 5256 1582 5270 ·
1614 5238 1842 5309 λαμπρά
1872 5237 1981 5310 γὰρ

405 5327 438 5395 ἡ
491 5324 611 5395 ὑλη·
649 5325 880 5379 πλούτου
925 5326 1012 5389 δὲ,
1045 5330 1073 5380 ὁ
1115 5330 1333 5399 χρυσός.
1380 5330 1453 5382 Τὸ
1485 5331 1541 5383 δὲ
1587 5331 1686 5399 τῆς
1729 5330 1979 5400 γλώττης

406 5414 602 5486 εῧηχες
659 5417 767 5470 τῶν
812 5418 870 5469 ὲν
930 5418 1118 5487 κόσμῳ
1187 5421 1395 5486 σοφῶν,
1447 5424 1883 5492 κατασημὴνειεν
1949 5424 1978 5476 6

2083 4511 2299 4565 firmum
2339 4511 2394 4566 in
2423 4509 2644 4566 Christo
2666 4511 2908 4565 animum
2941 4511 3321 4581 opposuerim,
3349 4527 3412 4568 ac
3434 4511 3654 4568 laudem

2081 4620 2182 4673 per
2218 4618 2368 4657 arma
2388 4603 2615 4674 justitire
2638 4603 2866 4674 adipisci
2898 4602 3269 4665 decreverint,
3322 4602 3526 4675 quique
3543 4604 3656 4674 jam

2084 4690 2138 4745 in
2164 4699 2518 4760 conspectum
2543 4690 2746 4748 Christi
2770 4692 3042 4757 venerint,
3079 4708 3174 4748 eos
3194 4693 3328 4748 nihil
3360 4708 3427 4748 ex
3467 4692 3536 4749 iis
3558 4708 3655 4748 ex—

2086 4791 2269 4850 petere
2294 4796 2418 4853 qua:
2440 4782 2497 4837 in
2519 4782 2626 4837 hoc
2651 4781 2859 4838 mundo
2881 4782 3223 4838 admirabilia
3245 4783 3522 4846 videntur,
3545 4798 3658 4839 non

2082 4886 2233 4942 opes,
2260 4887 2369 4928 non
2400 4873 2650 4943 gloriam,
2676 4889 2785 4931 non
2810 4873 3130 4946 potentiam,
3180 4883 3275 4930 aut
3307 4882 3656 4946 praastantem

2081 4963 2332 5032 gradum.
2360 4979 2470 5020 non
2506 4966 2671 5037 impia
2696 4982 2762 5022 ex
2779 4967 2969 5039 gentili
2997 4968 3262 5040 sapientia
3288 4967 3560 5036 dogmata.
3589 4965 3658 5019 lit

2084 5054 2233 5112 illius
2258 5057 2481 5127 quidem
2527 5058 2839 5130 splendoris
2875 5059 2969 5131 qui
3012 5059 3070 5113 in
3109 5057 3431 5128 dignitatum
3473 5053 3656 5125 gradi-

2081 5149 2189 5203 bus
2201 5156 2255 5204 et
2276 5150 2639 5221 amplitudine
2663 5160 2968 5222 spectatur,
2990 5150 3163 5223 ﬁgura
3187 5164 3295 5204 non
3324 5147 3510 5215 inepta
3537 5145 3657 5199 fue-
3703 5174 3720 5183 -

2082 5241 2155 5294 rit
2181 5250 2501 5311 argentum;
2536 5244 2884 5314 splendidum
2908 5251 2992 5298 est
3015 5243 3163 5298 enim
3205 5241 3309 5295 hoc
3332 5236 3537 5292 metalli
3562 5252 3658 5307 ge-

2081 5346 2215 5397 nus;
2260 5347 2427 5403 opum
2485 5352 2637 5399 vero,
2673 5352 2890 5391 aurum.
2938 5337 3093 5390 Illum
3126 5347 3292 5405 porro
3318 5331 3522 5398 lingua:
3567 5346 3657 5381 so-

2079 5441 2231 5490 nutn,
2258 5443 2368 5496 quo
2396 5429 2585 5483 mundi
2621 5429 2897 5499 sapientes
2945 5436 3195 5493 utuntur,
3227 5426 3535 5499 signiﬁcare
3561 5435 3659 5490 p0—

366 5644 376 5651 .
411 5601 455 5630 "
485 5600 595 5655 105.
629 5618 702 5667 vt,
725 5606 787 5668 7;
816 5605 1013 5673 Ephes.
1056 5622 1128 5667 vr,
1160 5604 1236 5657 ιε
1276 5602 1340 5633 ⁸⁵*
1377 5607 1531 5659 ηοιῃ,
1568 5624 1658 5670 γη,
1684 5608 1770 5659 (ές,
1812 5610 1853 5638 ηρ
1879 5607 1922 5661 η
1953 5610 1966 5661 ς

2069 5652 2078 5661 .
2111 5626 2161 5671 x,
2195 5610 2242 5662 ί.
2286 5611 2329 5639 ⁸⁸
2359 5611 2519 5674 Ιςιω,
2558 5610 2640 5663 15.
2678 5611 2715 5638 "
2750 5609 2861 5665 Jos.
2896 5610 3041 5669 v1.16
3090 5627 3242 5679 seq-rt.
3280 5608 3455 5665 "los.
3492 5621 3584 5674 vn,
3602 5605 3657 5660 ‘3.

485 5693 560 5763 (ί)
593 5693 682 5749 Sic
710 5696 833 5749 cod.
874 5696 1045 5749 Vatis.
1075 5695 1255 5753 Codex
1288 5696 1461 5755 Sileti,
1502 5698 1733 5768 ἑκὰςτῳ.

694 5789 963 5849 ΡΛΤΠΟῙ..
1014 5791 1128 5848 Gn.
1176 5790 1404 5849 LXV!“

3154 5790 3220 5850 li’.
