4138 6300
489 301 493 304 ’
507 290 620 345 305

1496 274 1553 329 Β.
1593 271 1869 329 CYRILLJ
1908 268 2383 325 ALEXANDRINI
2419 267 2742 326 ARCHIEP.

515 404 648 461 terit
683 415 791 466 aes;
814 400 962 452 vires
982 395 1239 464 denique,
1281 402 1446 465 atque
1474 395 1804 464 potentiam,
1849 392 2081 457 ferrum,

2202 389 2416 461 ίαλκόςο
2458 392 2611 462 ἰσχὺν
2643 388 2702 443 δὲ
2747 389 2844 444 καὶ
2881 388 3231 454 δυναστείαν,
3261 388 3495 462 σκληρὸς
3520 386 3596 443 ὢν
3628 389 3769 459 ἄγαν

515 494 665 569 quod
685 500 742 548 et
760 491 960 547 durum
985 488 1277 544 admodum
1306 488 1400 554 sit,
1434 494 1636 543 etcum
1660 486 1910 541 omnium
1955 500 2082 540 cor-

519 603 715 662 porum
736 583 964 641 materia
984 597 1270 655 pugnans:
1298 595 1420 651 quae
1461 580 1508 636 si
1554 579 1682 650 quis
1705 577 1934 648 adipisci
1983 591 2083 631 vo-

516 682 699 747 luerit,
726 677 977 751 quamvis
1013 677 1104 732 ille
1130 675 1408 747 praecipuo
1442 674 1515 728 sit
1540 672 1686 743 apud
1726 671 1899 726 Deum
1942 672 2082 736 loco,

515 784 571 830 et
600 774 745 828 inter
762 770 1056 826 bellatores
1077 773 1419 829 numeretur,
1432 761 1708 834 spirituali
1731 776 1951 832 quoque
1972 763 2088 814 ani-

517 864 592 917 mi
615 860 991 934 magnitudine
1014 859 1088 914 sit
1116 856 1368 928 insignis,
1394 856 1442 910 is
1490 853 1685 924 procul
1725 853 1895 908 dubio
1915 853 2087 908 Deum

514 955 780 1021 offendit;
813 966 1049 1023 cumque
1079 964 1208 1004 eum
1249 947 1454 1003 furtiva
1488 945 1864 1002 subtractione
1905 944 2083 1000 oﬁ‘en-

516 1048 648 1104 dere
676 1047 734 1101 in
765 1046 1010 1101 animum
1062 1039 1360 1105 induxerit,
1389 1037 1485 1109 qui
1515 1045 1571 1092 et
1601 1035 1657 1091 in
1690 1036 1861 1091 armis
1902 1050 2091 1091 comes

515 1157 581 1197 ac
601 1141 783 1196 socius
814 1146 958 1203 erat,
982 1143 1039 1192 et
1075 1133 1390 1198 auxiliator,
1428 1128 1787 1199 consequenti
1830 1127 2090 1183 vindictae

515 1228 841 1301 subiacebit.

584 1320 782 1397 PALL.
832 1320 1000 1374 Recte
1022 1316 1122 1372 ais.
1175 1313 1459 1371 Assentior
1480 1314 1629 1370 enim
1671 1313 1790 1368 tibi.
1817 1312 2091 1368 Caeterum

2183 482 2212 533 ὁ
2243 481 2490 553 σίδηρος,
2522 483 2617 537 καὶ
2650 484 2724 555 τῇ
2770 480 2873 555 ὕλῃ
2914 482 3063 553 πάσῃ
3108 482 3438 555 μαχόμενος.
3472 474 3576 536 Ὧν
3608 480 3767 552 εἴπερ

2183 592 2271 639 τις
2317 573 2492 628 ἓλοιτο
2546 575 2900 645 μεταλαχεῖν,
2946 573 3125 628 καίτοι
3188 573 3289 644 τὴν
3334 571 3565 644 ἀρίστην
3610 572 3769 640 τάξιν

2186 663 2325 736 ἔχων
2350 664 2503 736 παρά
2521 663 2661 735 Θεῷ,
2682 665 2776 718 καὶ
2805 663 3282 735 ἀναμετρούμενος
3304 664 3361 716 ὲν
3381 662 3762 733 πολεμισταῖς,

2186 759 2282 810 καὶ
2335 756 2439 828 μὴν
2480 757 2577 811 καὶ
2624 758 3025 827 πνευματικαῖς
3068 755 3351 826 εὐψυχίαις
3395 754 3634 824 γεγονὼς
3674 754 3773 808 ὲκ-

2188 848 2427 921 πρεπὴς,
2461 847 2828 921 προσκρούσει
2871 848 3021 919 Θεῷ,
3054 848 3148 902 καὶ
3181 847 3458 919 κιϐδήλοις
3485 863 3771 919 παρατρο-

2191 943 2320 1004 παῖς
2375 939 2709 996 καταλυπεῖν
2766 940 3042 1011 ᾑρημένος
3089 939 3181 993 τὸν
3244 939 3505 994 σύνοπλόν
3549 955 3610 993 τε
3677 940 3773 993 καὶ

2190 1033 2425 1106 ἀρωγὸν,
2451 1035 2571 1096 ταῖς
2600 1030 2854 1088 ἐντεῦθεν
2884 1031 3077 1104 ὀργαῖς
3094 1022 3471 1085 ἶὸποκείσεται.

2261 1312 2476 1369 ΠΑΛΛ.
2523 1305 2600 1365 Εῦ
2657 1308 2814 1380 ἔφης.
2866 1305 3253 1377 Συναινέσαιμι
3297 1304 3408 1376 γὰρ
3458 1302 3542 1360 ἄν.
3601 1303 3771 1373 Πλὴν,

516 1420 651 1475 illud
675 1395 812 1473 mihi
838 1417 1080 1486 explices
1116 1414 1304 1478 velim,
1357 1427 1657 1484 parumper
1698 1426 1730 1466 a
1765 1424 1825 1464 re
1849 1414 2001 1481 gesta
2036 1414 2094 1462 et

2202 1403 2371 1458 ὲκεῖνό
2412 1419 2502 1475 μοι
2549 1399 2795 1471 φράσον,
2829 1398 3002 1471 βραχὺ
3046 1397 3141 1451 τοῦ
3190 1396 3514 1467 πράγματος
3546 1396 3640 1449 καὶ
3672 1395 3775 1464 τῆς

516 1509 746 1567 historia
767 1485 1065 1564 deflectens
1090 1505 1419 1569 orationem,
1447 1520 1545 1559 cur
1568 1505 1682 1559 Deo
1703 1508 2013 1572 argentum,
2038 1506 2095 1554 et

2202 1494 2439 1568 ἱστορίας
2500 1492 2845 1564 ἀποκομίσας
2894 1490 2987 1543 τὸν
3047 1488 3240 1557 λόγον·
3286 1486 3428 1540 διατί
3474 1486 3665 1557 Κυρίῳ
3710 1485 3777 1538 τδ

517 1616 734 1667 aurum,
759 1615 835 1655 aes
857 1599 987 1654 item
1012 1612 1078 1653 ac
1113 1596 1322 1652 ferrum
1344 1594 1416 1651 sit
1440 1600 1841 1659 consecratum,
1890 1606 1956 1646 ac
1982 1604 2095 1644 non

2202 1583 2459 1658 ἀργύριον
2491 1582 2587 1636 καὶ
2616 1581 2677 1636 τὸ
2711 1581 2970 1653 χρυσίον,
2998 1579 3094 1634 καὶ
3120 1579 3149 1631 ὁ
3182 1577 3381 1648 χαλκὸς
3407 1577 3501 1630 καὶ
3532 1576 3774 1648 σίδηρος,

517 1692 703 1764 potius
746 1706 813 1746 ea
852 1688 942 1745 vel
966 1695 1231 1758 tanquam
1283 1684 1498 1741 inutilia
1545 1684 1797 1747 fortasse,
1844 1681 1931 1735 vel
1974 1688 2096 1734 tan‘

2202 1675 2293 1731 καὶ
2317 1675 2439 1746 οὐχὶ
2490 1674 2556 1746 δὴ
2612 1673 2849 1744 μᾶλλον,
2899 1673 2933 1744 ἢ
2976 1672 3052 1736 ὡς
3102 1669 3353 1742 ἄχρηστα
3394 1667 3653 1740 τυχὸν,ἢ
3697 1667 3778 1731 ὡς

518 1739 684 1851 quam
707 1776 977 1849 ejusmodi
1023 1739 1146 1846 qdae
1166 1775 1419 1846 polluere
1452 1780 1695 1845 possent,
1721 1787 1752 1827 e
1775 1770 1969 1827 castris
1991 1769 2092 1825 ab-

2202 1739 2595 1839 καταμολύνείν
2613 1739 2835 1830 -είδότα,
2870 1739 2975 1835 τῆς
3023 1739 3377 1834 παρεμϐολῆς
3414 1739 3775 1830 ἐξεπέμπετοο

515 1873 661 1943 jecta
688 1870 832 1926 sint:
862 1883 989 1924 nam
1005 1866 1310 1938 spiritualis
1333 1864 1816 1935 contemplationis
1860 1860 2095 1917 facultas

2202 1859 2423 1931 μυσαρὰ
2448 1858 2556 1930 γὰρ
2588 1857 2818 1930 δέδειχεν
2850 1855 2991 1910 αὐτά
3019 1854 3120 1927 τῆς
3143 1853 3521 1924 πνευματικῆς
3541 1852 3776 1924 θεωρίας

519 1960 886 2022 abominanda
916 1958 1085 2017 fuisse
1109 1957 1526 2013 demonstravit.

2202 1952 2232 2024 η
2260 1951 2510 2023 δύναμις.

595 2054 754 2128 145
781 2052 940 2109 CYR.
978 2050 1118 2119 Quia
1158 2050 1419 2121 splendor
1462 2048 1662 2115 omnis,
1708 2048 1955 2114 Palladi,
2004 2063 2094 2104 sa-

2269 2044 2437 2098 ΚΥΡ.
2471 2043 2618 2108 Ὅτι,
2657 2034 2703 2096 ὧ
2741 2037 3031 2105 Παλλάδιε,
3067 2036 3388 2110 λαμπρότης
3439 2036 3538 2108 μὶν
3567 2036 3777 2101 ἅπασα,

520 2127 858 2218 pientiaque,
886 2150 943 2198 et
975 2155 1126 2212 opes,
1149 2147 1314 2211 atque
1328 2139 1496 2194 etiam
1519 2139 1665 2193 vires
1708 2139 2097 2193 convenienter

2202 2137 2364 2206 σοφία
2383 2150 2443 2188 τε
2477 2132 2573 2189 καὶ
2602 2131 2850 2196 πλοῦτος,
2874 2130 2970 2184 καὶ
3002 2128 3109 2201 μὴν
3137 2128 3232 2182 καὶ
3262 2129 3437 2198 ἰσχῦς,
3456 2127 3780 2198 πρεπόντως

522 2255 586 2296 ac
605 2239 751 2310 iuste
785 2234 898 2290 Deo
923 2234 1278 2299 tribuuntur;
1304 2231 1454 2287 illius
1475 2231 1624 2287 enim
1672 2236 1758 2287 est
1799 2230 1991 2302 gloria,
2041 2237 2099 2286 et

527 2329 787 2402 splendor
823 2327 1023 2393 omnis,
1048 2335 1106 2381 et
1128 2340 1282 2397 opes,
1308 2334 1365 2381 et
1385 2324 1673 2395 sapientia,
1722 2331 1780 2380 et
1828 2323 2094 2394 potentia.

520 2424 796 2481 Caeterum
827 2419 1079 2492 quisquis
1102 2419 1171 2475 ab
1197 2419 1292 2474 illo
1315 2418 1609 2489 acceperit,
1635 2428 1777 2474 etex
1799 2418 1948 2474 illius
1978 2419 2102 2474 the-

522 2531 687 2572 sauro
706 2515 915 2570 ditatus
934 2510 1165 2577 divitiis,
1189 2510 1450 2566 videlicet
1474 2510 1941 2566 intellectualibus
1977 2509 2098 2566 fue-

523 2609 615 2671 rit,
639 2607 980 2679 gloriamque
1025 2610 1083 2658 et
1101 2603 1425 2672 sapientiam
1450 2617 1515 2657 ac
1549 2603 1854 2672 potentiam
1887 2602 2099 2657 habue-

522 2702 597 2755 rit
647 2697 1008 2770 spiritualem,
1047 2696 1140 2750 ille
1180 2709 1314 2750 vero
1344 2695 1675 2764 conspicuus
1698 2695 1806 2749 erit
1842 2709 1906 2749 ac
1935 2694 2096 2763 felix;

524 2792 611 2847 sin
635 2792 753 2845 haec
776 2788 968 2843 eadem
982 2803 1013 2841 a
1034 2786 1240 2841 mundo
1258 2785 1508 2855 accipere
1521 2786 2099 2851 maluerit,exsecran-

525 2882 631 2938 dus
652 2880 778 2944 erit,
806 2886 863 2933 et
884 2878 1094 2933 invisus
1139 2879 1252 2932 Deo
1274 2878 1496 2932 virtutis
1517 2878 1770 2942 amatori,
1797 2893 1862 2933 ac
1889 2878 2100 2951 judicio

523 2984 809 3046 poenaeque
831 2968 1124 3023 obnoxius.
1170 2965 1409 3022 Omnino
1438 2967 1588 3022 enim
1632 2965 1856 3022 divitias
1906 2981 2100 3023 conse-

2198 2244 2261 2282 τε
2311 2227 2408 2282 καὶ
2453 2226 2616 2289 ὁσίως
2657 2223 3006 2278 ἀνακείσεται
3052 2220 3132 2293 τῷ
3181 2214 3322 2291 Θεῷ.
3368 2218 3546 2273 Αὐτοῦ
3592 2218 3702 2290 γάρ
3742 2219 3779 2286 ἡ

2199 2319 2328 2386 δόξα
2360 2318 2455 2373 καὶ
2489 2320 2525 2390 ἠ
2555 2318 2705 2371 πᾶσα
2735 2316 3053 2388 λαμπρότης
3071 2353 3087 2379 ,
3130 2310 3364 2376 πλοῦτός
3394 2325 3455 2365 τε
3483 2312 3576 2365 καὶ
3597 2310 3779 2388 σοφία,

2201 2411 2297 2466 καὶ
2329 2409 2580 2481 δύναμις.
2626 2408 2766 2462 Ἀλλ’
2794 2409 2843 2461 εί
2874 2408 2972 2478 μέν
2999 2424 3084 2471 τις
3107 2406 3282 2461 ἕλοιτο
3319 2407 3450 2478 παρ’
3479 2404 3666 2471 αὑτοῦ,
3688 2406 3784 2458 καὶ

2201 2502 2310 2558 ἀπὺ
2342 2500 2620 2573 θησαυροῦ
2661 2501 2866 2573 Κυρίου
2902 2497 3260 2563 πλουτίζοιτο,
3287 2497 3513 2552 πλοῦτον
3540 2497 3783 2570 δηλονότι

2200 2593 2294 2647 τὸν
2340 2591 2553 2662 νοητὸν,
2598 2589 2758 2655 δόξαν
2801 2606 2861 2643 τε
2905 2589 3000 2643 καὶ
3044 2589 3282 2655 σύνεσιν,
3334 2588 3430 2642 καὶ
3466 2590 3620 2660 ἰσχὺν
3669 2587 3782 2658 ἔχει

2202 2682 2601 2755 πνευματικὴν,
2626 2682 2923 2755 περίοπτος
2949 2680 3106 2735 ἔσται
3138 2680 3235 2735 καὶ
3257 2680 3518 2749 ζηλωτός.
3552 2678 3616 2733 El
3636 2679 3692 2733 δὲ
3719 2679 3785 2751 δὴ

2173 2807 2191 2827 ρ
2204 2776 2446 2848 βούλοιτο
2486 2777 2647 2830 ταυτὶ
2676 2775 2828 2846 παρὰ
2859 2773 2954 2828 τοῦ
3001 2773 3208 2845 κόσμου
3254 2772 3437 2827 λαϐεῖν
3460 2811 3476 2839 ,
3533 2770 3786 2843 βδελυρὸς

2202 2869 2356 2925 ἔσται
2388 2869 2482 2923 καὶ
2513 2868 2902 2940 ἀπηχθημένος
2945 2867 3096 2937 παρά
3125 2883 3190 2937 γε
3219 2866 3298 2938 τῷ
3337 2865 3610 2938 φιλαρέτῳ
3643 2864 3783 2935 Θεῷ,

2203 2965 2298 3018 καὶ
2324 2964 2430 3017 ὑπὸ
2457 2961 2817 3034 κρίσινέσται
2844 2961 2938 3014 καὶ
2958 2961 3139 3032 δίκην.
3173 2961 3398 3030 Ἐψεται
3427 2960 3536 3031 γὰρ
3567 2959 3787 3021 πάντως

524 3062 716 3133 quitur
736 3059 1019 3129 voluptas;
1045 3057 1324 3128 splendori
1350 3066 1533 3112 autem
1567 3057 2097 3129 atque‘amplitudini

2202 3056 2281 3128 τῷ
2335 3055 2442 3127 μὲν
2491 3054 2705 3126 πλούτῳ
2747 3055 2808 3107 τὸ
2858 3052 3159 3125 φιλήδονον,
3208 3054 3554 3125 λαμπρότητι
3593 3050 3651 3105 δὲ
3690 3050 3786 3105 καὶ

523 3155 702 3209 vicina
732 3161 816 3210 est
838 3152 1102 3210 continuo
1119 3150 1413 3220 superbia:
1442 3151 1702 3221 potentia:
1729 3166 1863 3207 vero
1898 3151 2098 3223 adjun-

524 3255 613 3303 cta
646 3245 948 3316 iniquitas;
980 3242 1267 3314 sapientiae
1290 3243 1580 3298 mundanae
1602 3243 1839 3314 denique
1876 3259 2101 3315 perver-

526 3338 663 3393 sitas
709 3337 1027 3407 dogmatum
1054 3375 1068 3399 ,
1120 3334 1371 3404 quamvis
1422 3349 1613 3390 eorum
1659 3336 1754 3405 qui
1810 3335 1903 3390 illa
1959 3337 2098 3392 scri-

523 3434 757 3500 pserunt
799 3427 986 3496 lingua
1009 3423 1252 3479 suaviter
1281 3432 1459 3479 sonet.
1478 3425 1804 3495 Huiusmodi
1839 3427 2101 3498 quiddam

525 3522 730 3578 Paulus
760 3520 870 3575 ait:
914 3538 933 3571 ι
959 3518 1017 3574 Si
1056 3517 1181 3589 quis
1209 3527 1295 3574 est
1337 3519 1393 3575 in
1415 3520 1573 3576 vobis
1606 3521 1848 3593 sapiens,
1900 3523 2102 3581 stultus

528 3614 645 3678 ﬁat,
671 3621 733 3667 ut
775 3610 847 3666 sit
886 3610 1136 3680 sapiens:
1196 3609 1464 3680 sapientia
1509 3613 1656 3667 enim
1697 3613 1861 3684 hujus
1909 3614 2101 3669 mundi

530 3703 766 3761 stultitia
804 3709 889 3757 est
915 3699 1062 3771 apud
1147 3701 1320 3761 Deum
1349 3701 1412 3756 ⁸³.
1437 3721 1457 3754 ι
1488 3702 1668 3758 Achar
1738 3704 1925 3775 igitur,
1975 3719 2102 3760 cum

529 3797 649 3852 haec
669 3810 781 3850 non
807 3809 839 3849 e
866 3792 1070 3848 Christi
1092 3793 1482 3859 thesauro,sed
1533 3795 1686 3850 velut
1714 3810 1745 3850 e
1778 3795 2007 3863 mundo,
2035 3810 2104 3851 ex

532 3889 650 3956 ipsa
684 3885 820 3939 urbe
835 3884 1060 3939 Jericho
1112 3883 1434 3953 accepisset,
1479 3884 1711 3945 oﬂ‘endit
1753 3887 1947 3942 Deum.
1997 3887 2104 3944 Sed

533 3992 656 4047 quae
683 3976 811 4031 inde
835 3990 903 4029 ex
930 3975 1009 4029 ira
1034 3974 1131 4029 Dei
1158 3983 1452 4031 consecuta
1501 3984 1648 4041 sunt,
1701 3993 1812 4033 non
1859 3978 1930 4033 ad
1975 3994 2103 4034 eum

532 4071 709 4126 solum
762 4067 1174 4138 pertinuerunt,
1232 4066 1328 4136 qui
1410 4081 1477 4121 eo
1530 4068 1766 4123 crimine
1813 4068 2104 4127 damnatus

528 4170 678 4226 erat,
707 4158 802 4215 sed
826 4167 997 4213 totam
1041 4172 1368 4230 synagogam
1400 4157 1713 4214 afﬂixerunt
1749 4177 1763 4213 :
1818 4160 1909 4217 ille
1956 4163 2104 4216 enim

530 4251 807 4321 quondam
834 4248 1077 4304 invictus
1118 4249 1355 4319 populus
1390 4249 1584 4314 lsrael,
1612 4265 1810 4320 expers
1862 4252 2105 4323 praesidii

531 4343 757 4413 superni
783 4341 983 4407 factus,
1017 4339 1269 4397 inﬁrmus
1293 4348 1349 4412 et
1377 4340 1615 4397 imbellis
1660 4342 1785 4398 fuit.

2207 3150 2501 3221 ὑπεροχαῖς
2530 3146 2726 3218 γείτων
2764 3143 2926 3211 εὐθὺς
2953 3148 2987 3218 ἡ
3017 3145 3290 3219 ὑπεροψία
3310 3162 3324 3177 ο
3356 3143 3694 3208 δυναστείαις
3721 3160 3787 3211 γε

2212 3240 2318 3313 μὴν
2350 3241 2757 3312 παραπέπηγεν
2784 3240 2818 3309 ἠ
2860 3238 3144 3307 πλεονεξία
3158 3255 3176 3297 η’
3205 3237 3367 3310 σοφίᾳ
3408 3237 3465 3291 δὲ
3502 3239 3569 3307 τῇ
3605 3237 3664 3290 ἓν
3696 3235 3789 3288 κό-

2209 3350 2355 3404 σμῳ,
2392 3332 2453 3387 τὸ
2485 3336 2543 3387 έν
2573 3332 2838 3405 δόγμασιν
2861 3331 3116 3396 ἀκαλλὲς,
3141 3330 3247 3385 κᾶν
3268 3333 3317 3384 εί
3356 3329 3416 3384 τὸ
3446 3327 3642 3400 εὖηχες
3673 3326 3789 3399 ἔχοι

2207 3425 2316 3480 τῶν
2349 3427 2531 3486 ἐκεῖνα
2554 3424 2912 3496 γεγραφότων
2940 3425 2974 3496 ἡ
3008 3422 3244 3492 γλῶττα.
3279 3420 3532 3477 Τοιοῦτόν
3567 3440 3620 3475 τι
3643 3421 3738 3474 καὶ
3759 3422 3791 3474 ὁ

2210 3518 2423 3583 Παῦλός
2449 3534 2618 3589 φησιν
2642 3533 2656 3549 ο
2699 3536 2718 3569 ι
2756 3517 2827 3570 EE
2855 3514 2937 3580 τίς
2967 3518 3113 3570 ἐστιν
3140 3517 3197 3568 ὲν
3229 3515 3358 3587 ὑμῖν
3389 3514 3572 3585 σοφὸς,
3607 3511 3791 3585 μωρὸς

2207 3611 2471 3681 γενέσθω,
2501 3611 2586 3665 ἵνα
2603 3610 2828 3681 γένηται
2854 3610 3018 3680 σοφός
3038 3610 3105 3681 ’ἡ
3133 3609 3239 3681 γάρ
3274 3609 3435 3678 σοφία
3462 3606 3557 3662 τοῦ
3579 3607 3788 3677 κόσμου

2208 3704 2422 3770 τούτου,
2453 3703 2636 3775 μωρία
2676 3702 2828 3775 παρὰ
2857 3702 2975 3774 Θεῷ
2997 3704 3165 3756 ἔστιν.
3204 3702 3432 3772 »ἔΑχαρ
3459 3700 3523 3773 δὴ
3545 3695 3660 3765 οῦν,
3688 3700 3790 3755 οὐκ

2209 3797 2275 3850 ὲκ
2296 3795 2573 3868 θησαυροῦ
2602 3794 2842 3870 Χριστοῦ
2870 3794 3074 3859 λαϐὼν,
3102 3793 3217 3848 ἀλλ’
3246 3793 3436 3864 ὥσπερ
3453 3792 3560 3846 ἀπὸ
3580 3793 3789 3862 κόσμου

2208 3891 2309 3960 τῆς
2336 3889 2615 3962 Ἱεριχοῦς,
2639 3889 2971 3963 προσκρούει
2994 3887 3234 3960 Θεῷ.Τά
3255 3888 3312 3942 δὲ
3341 3887 3587 3942 ἐντεῦθεν
3613 3884 3789 3959 βλάϐη

2211 3980 2307 4034 καὶ
2336 3980 2407 4033 τά
2437 3981 2502 4034 ὲκ
2533 3978 2685 4042 θείας
2716 3979 2889 4049 ὀργῆς
2925 3976 3316 4049 συμϐαίνοντα,
3354 3978 3455 4031 οὐκ
3504 3976 3598 4029 ἐπὶ
3627 3975 3793 4047 μόνον

2210 4072 2407 4145 ἐχώρει
2453 4072 2544 4125 τδν
2592 4070 2686 4124 ἐπὶ
2722 4070 2898 4124 τοῖσδε
2945 4069 3428 4140 κατεγνωσμένον,
3494 4067 3610 4122 ἀλλ’
3660 4067 3791 4138 ὃλην

2210 4163 2415 4218 ἐκάκου
2443 4163 2543 4233 τὴν
2577 4161 2902 4231 συναγωγήν
2922 4177 2938 4192 ·
2968 4159 3237 4231 ἀμέτοχος
3260 4158 3369 4231 γὰρ
3395 4156 3637 4228 γεγονὼς
3664 4158 3788 4210 ὲπι-

2211 4257 2434 4330 κουρίας
2476 4255 2576 4327 τῆς
2615 4253 2843 4320 ἀνωθεν,
2880 4254 3118 4328 ἀδρανής
3154 4272 3215 4308 τε
3258 4253 3354 4309 καὶ
3391 4254 3614 4318 ἄναλκις
3644 4249 3712 4324 ἦν
3758 4253 3792 4306 δ

2213 4351 2381 4406 πάλαι
2415 4350 2476 4404 δυ
2484 4350 2854 4414 σαλωτότατος
2899 4348 3136 4421 Ἰσραήλ.
3354 4346 3375 4367 ⁹

600 4434 797 4489 PALL.
861 4432 1147 4500 Quomodo
1201 4443 1297 4488 aut
1344 4433 1618 4489 nndenam
1654 4435 1874 4491 edoceri
1907 4452 2097 4507 possu-

2278 4443 2487 4497 ΠᾹΔΛ.
2521 4443 2632 4496 Καὶ
2663 4441 2780 4506 πῶς
2818 4441 2851 4513 ἢ
2904 4442 3071 4497 πόθεν
3099 4442 3496 4516 ἀναμάθοιμεν,
3529 4444 3606 4510 ὡς
3643 4442 3793 4499 ἔστιν

531 4543 656 4589 mus
709 4541 901 4581 verum
930 4541 1051 4581 esse
1108 4527 1255 4597 quod
1287 4536 1371 4582 est
1397 4543 1428 4582 a
1459 4537 1511 4582 te
1542 4528 1646 4583 hac
1670 4529 1737 4583 de
1773 4545 1833 4584 re
1863 4529 2111 4586 dictum?

596 4617 755 4672 CYR.
812 4616 894 4671 Ex
950 4617 1020 4671 iis
1063 4633 1187 4687 quae
1245 4628 1649 4689 consequenter
1702 4620 1905 4690 scripta
1952 4631 2101 4677 sunt.

527 4710 657 4765 Post
689 4710 783 4764 illa
806 4710 954 4763 enim
985 4726 1106 4780 qua:
1144 4712 1289 4767 circa
1315 4712 1509 4767 urbem
1538 4712 1782 4777 Iericho,
1817 4724 1873 4768 et
1907 4715 2105 4770 adver-

528 4814 624 4854 sus
653 4814 795 4862 eam,
831 4806 961 4853 sunt
994 4800 1255 4868 praeclare
1292 4817 1358 4856 ac
1388 4801 1608 4858 fortiter
1656 4814 1827 4873 gesta,
1858 4818 1924 4859 ex
1975 4806 2101 4859 uni-

529 4905 692 4944 verso
715 4890 933 4943 lsraclis
957 4892 1162 4959 populo
1210 4893 1384 4949 lectos
1442 4896 1593 4951 viros
1635 4897 1788 4952 misit
1822 4898 1982 4953 Jcsus
2032 4899 2102 4954 ab

527 4980 749 5036 Jericlio
803 4979 859 5033 in
924 4980 1185 5049 oppidum
1231 4981 1352 5048 Gai,
1403 4984 1634 5042 dicens:
1686 4988 2102 5044 «Ascendentes

527 5070 873 5127 considerate
900 5070 1020 5126 Gai.
1049 5071 1118 5125 Et
1143 5072 1510 5128 ascenderunt
1537 5077 1643 5131 viri
1696 5078 1798 5145 illi,
1830 5088 1887 5133 et
1914 5081 2098 5135 consi-

526 5167 861 5221 deraverunt
883 5163 1004 5229 Gai,
1036 5174 1093 5219 et
1121 5165 1327 5220 reversi
1357 5174 1487 5220 sunt
1503 5167 1573 5222 ad
1603 5168 1813 5235 Jesum,
1857 5181 1914 5228 et
1945 5174 2097 5229 dixe-

527 5267 660 5312 runt
688 5258 770 5312 ei:
793 5257 871 5312 Ne
903 5256 1165 5313 ascendat
1224 5257 1291 5313 ad
1339 5274 1461 5315 eam
1498 5261 1677 5316 omnis
1703 5266 1958 5334 populus,
2000 5268 2096 5322 sed

525 5348 746 5403 circiter
769 5348 880 5403 duo
926 5359 1021 5405 aut
1050 5351 1151 5406 tria
1188 5350 1361 5407 millia
1410 5352 1658 5407 virorum
1690 5357 2008 5424 ascendant,
2042 5367 2099 5414 et

526 5436 814 5491 obsideant
837 5438 1066 5496 urbem:
1107 5457 1178 5495 ne
1216 5441 1387 5498 ducas
1437 5458 1504 5499 eo
1555 5444 1877 5500 universum
1922 5464 2098 5517 popu-

525 5525 672 5589 lum;
700 5526 855 5594 pauci
873 5543 1107 5599 namque
1125 5540 1270 5586 sunt.
1292 5532 1359 5588 Et
1376 5534 1745 5591 ascenderunt
1765 5551 1833 5592 eo
1858 5537 1963 5593 viri
1989 5538 2100 5595 cir-

607 5701 652 5737 ”
685 5700 705 5759 ι
741 5699 867 5758 Cor.
898 5718 974 5773 ιιι,
1010 5705 1096 5763 19.

2207 4532 2414 4605 ἀληθὴς
2439 4535 2469 4587 ό
2493 4533 2585 4587 ἐπὶ
2605 4533 2740 4605 τῷδε
2766 4533 2957 4602 λόγος;

2280 4626 2446 4682 ΚΥΡ.
2496 4626 2632 4680 Ἀπό
2670 4644 2735 4695 γε
2764 4626 2873 4680 τῶν
2918 4625 3118 4696 ἐφεξῆς
3162 4628 3585 4699 γεγραμμένων.
3635 4627 3793 4684 Μετὰ

2207 4718 2315 4790 γὰρ
2345 4719 2417 4772 τά
2450 4718 2589 4773 κατὰ
2617 4719 2717 4789 τὴν
2780 4717 2989 4791 Ἱεριχὼ
3023 4720 3117 4774 καὶ
3154 4719 3221 4773 τὰ
3250 4720 3338 4773 ἐπ’
3363 4717 3500 4792 αὐτῇ
3521 4719 3791 4792 λαμπρῶς

2207 4811 2303 4865 καὶ
2362 4810 2629 4874 νεανικῶς
2690 4811 3031 4883 εἰργασμένα
3083 4810 3236 4883 παρά
3283 4811 3484 4875 παντὸς
3547 4811 3785 4882 Ἰσραὴλ,

2206 4904 2526 4960 ἀπέστειλεν
2587 4904 2794 4976 Ἰησοῦς
2836 4905 3033 4978 ἀνδρας
3067 4905 3176 4960 ἀπὸ
3222 4905 3428 4978 Ίεριχὼ
3453 4906 3533 4970 είς
3559 4903 3681 4970 Γατ,
3704 4904 3791 4958 λέ-

2207 5014 2320 5066 γων
2334 5014 2348 5028 ·
2361 5017 2379 5048 ι
2391 4996 2713 5061 Ἀναϐάντες
2728 4996 3142 5066 κατασκέψασθε
3159 4996 3257 5069 τὴν
3270 4994 3788 5069 Γαΐ.Καὶξάνέϐησαν

2212 5091 2262 5143 οί
2311 5088 2506 5160 ἀνδρες
2562 5089 2656 5143 καὶ
2718 5088 3126 5158 κατεσκέψαντο
3176 5088 3275 5161 τὴν
3330 5088 3465 5156 Fat,
3522 5090 3617 5144 καὶ
3701 5086 3790 5141 ἀν-

2210 5177 2482 5248 έστρεψαν
2525 5177 2662 5249 πρὸς
2692 5175 2921 5249 Ἰησοῦν,
2964 5178 3059 5233 καὶ
3091 5173 3251 5231 ε’ίπαν
3295 5178 3434 5250 πρὸς
3473 5177 3655 5231 αὐτόν’
3698 5176 3790 5247 Μὴ

2206 5268 2544 5325 ἀναϐαινέτω
2574 5273 2681 5335 πᾶς
2706 5272 2735 5324 ό
2763 5269 2914 5334 λαὸς,
2946 5270 3062 5324 ἀλλ’
3085 5270 3218 5325 ὡσεὶ
3237 5270 3484 5342 δισχίλιοι
3511 5270 3545 5342 ἢ
3574 5269 3788 5341 τρισχί-

2204 5363 2308 5417 λιοι
2348 5363 2541 5434 ἄνδρες
2568 5361 3035 5433 ἀναϐαινέτωσαν,
3068 5364 3163 5417 καὶ
3194 5363 3782 5434 έκπολιορκησάτωσαν

2205 5451 2303 5522 τὴν
2357 5453 2533 5509 πόλιν.
2578 5454 2670 5527 Μὴ
2709 5454 2992 5527 ἀναγάγῃς
3052 5457 3169 5509 ἐκεῖ
3227 5455 3317 5508 τὸν
3360 5454 3489 5509 λαὸν
3542 5454 3778 5509 ἅπαντα·

2204 5545 2374 5613 ὀλίγοι
2406 5546 2515 5620 γάρ
2559 5547 2682 5600 είσι.
2718 5547 2830 5602 Καὶ
2862 5546 3138 5618 ἀνέϐησαν
3173 5549 3288 5602 ἐκεῖ
3320 5546 3453 5601 ὡσεὶ
3498 5542 3783 5619 τρισχίλιοι
