4138 6300
446 266 550 324 565

1187 264 1274 319 DE
1312 262 1752 321 ADORATIONE
1791 263 1858 321 IN
1897 263 2166 319 SPIRITU
2203 259 2295 317 ΕΤ
2335 261 2701 317 VERITATE.
2746 261 2870 315 LIB.
2915 261 2974 315 ν.

3595 265 3698 320 366

450 383 660 451 ἄνδρες,
690 380 783 434 καὶ
815 378 1015 448 ἔφυγον
1042 379 1150 434 ἀπὸ
1194 379 1486 450 προσώπου
1531 379 1740 452 ἀνδρῶν
1773 379 1894 446 Fat,
1927 379 2022 433 καὶ

2143 378 2264 433 :iter
2285 379 2390 433 tria
2418 379 2610 444 millia,
2642 386 2700 432 et
2715 377 2973 449 fugerunt
2998 393 3028 432 a
3068 376 3204 433 facie
3227 376 3474 433 virorum
3495 377 3615 440 Gai,
3648 390 3702 433 et

446 472 776 528 ἀπέκτειναν
805 471 902 524 ἀπ’
945 470 1126 525 αὐτῶν
1169 471 1360 542 ἄνδρες
1408 469 1509 523 Fat
1551 471 1632 534 είς
1671 470 2025 542 τριακονταὲξ

444 564 664 635 ἄνδρας,
706 564 803 620 καὶ
845 561 1176 628 κατεδίωξαν
1206 563 1404 626 αὐτοὺς
1433 562 1543 616 ἀπὸ
1578 563 1678 634 τῆς
1699 563 1895 634 πύλης,
1931 562 2026 616 καὶ

448 654 774 726 συνέτριψαν
796 653 994 717 αὐτοὺς
1018 653 1126 708 ἀπὸ
1142 653 1237 706 τοῦ
1263 653 1608 724 καταφεροῦς
1627 670 1640 685 ·
1668 653 1760 708 καὶ
1785 654 2024 725 ἐπτοήθη

445 747 480 816 ή
514 745 711 816 καρδία
746 743 842 798 τοῦ
890 743 1044 807 λαοῦ,
1083 743 1176 797 καὶ
1221 743 1441 813 ἐγένετο
1471 743 1663 817 ῶσπερ
1695 743 1861 815 ὕδωρ.
1902 761 1921 795 ι
1961 744 2025 798 Οί

447 837 631 901 πόλεις
669 836 901 900 ἑλόντες,
927 835 1022 889 καὶ
1065 833 1251 908 χώρας
1298 835 1768 908 καταδῃώσαντες,
1819 836 1912 891 καὶ
1958 834 2028 889 τά

447 929 706 1001 ώμότατα
745 927 852 982 τῶν
879 928 1049 982 ἐθνῶν
1077 928 1319 998 ἀμογητὶ
1348 929 1691 998 νικήσαντες,
1741 927 2028 997 ἀκαταμα-

450 1023 636 1094 χήτοις
667 1021 1124 1092 περιτυγχάνουσι
1161 1022 1276 1083 τοῖς
1317 1020 1426 1074 ἀπὸ
1465 1020 1566 1090 τῆς
1601 1018 1722 1085 Γαῒ,
1752 1019 1847 1073 καὶ
1876 1018 2030 1089 μόλις

450 1112 737 1179 ἐσώζοντο,
773 1112 869 1166 καὶ
902 1111 1226 1183 ἀπεχώρουν
1254 1112 1357 1166 οὐκ
1385 1111 1632 1182 ἀζήμιοι,
1663 1109 1798 1182 μηδέ
1824 1109 1952 1179 ὅλην
1972 1111 2029 1162 ἐν

450 1209 645 1280 ἀρχαῖς
667 1205 766 1278 τὴν
793 1205 904 1259 τῶν
942 1205 1200 1275 μαχίμων
1240 1202 1449 1274 πληθὺν
1475 1205 1532 1256 ἐν
1560 1202 1745 1266 ὅπλοις
1769 1196 1908 1258 εἶναι
1942 1201 2032 1258 θι-

449 1300 714 1372 λήσαντες
737 1339 752 1364 ,
806 1297 1278 1367 εὐκαταγώνιστον
1321 1299 1379 1352 δὲ
1437 1296 1636 1368 κομιδῇ
1686 1296 1781 1350 καὶ
1830 1294 2030 1364 δλίγοις

455 1393 672 1447 ἔσεσθαι
726 1393 828 1462 τὴν
875 1391 1030 1444 πόλιν
1071 1392 1367 1464 διαρρήδην
1425 1389 1884 1461 ὁμολογήσαντες.
1933 1387 2028 1459 Μὴ

456 1483 794 1539 ἀναϐαινέτω
830 1480 962 1554 γὰρ,
1011 1482 1268 1551 ἔφασκον,
1315 1481 1425 1543 πᾶς
1476 1481 1505 1532 δ
1549 1478 1698 1543 λαδς,
1733 1477 1850 1532 ἀλλ’
1899 1476 2034 1531 ὡσεὶ

459 1572 710 1642 δισχίλιοι
738 1568 948 1643 ἄνδρες.
976 1569 1120 1642 Πρὸς
1143 1569 1201 1622 δέ
1226 1569 1286 1623 τὸ
1308 1569 1568 1640 ἀδόκητον
1596 1566 1789 1631 πάθος,
1811 1567 1906 1621 καὶ
1930 1566 2030 1635 τὴν

455 1664 554 1734 τῆς
569 1662 784 1728 ἐλπίδος
803 1663 1059 1716 ἐπέκεινα
1082 1659 1388 1732 συμφορὰν,
1412 1659 1896 1733 βαρυθυμήσαντος
1914 1656 2034 1710 λίαν

2126 471 2525 528 interfecerunt
2548 487 2616 527 ex
2641 472 2776 542 ipsis
2803 470 2911 526 viri
2932 471 3030 527 Gai
3052 471 3203 526 viros
3224 471 3444 529 circiter
3475 472 3698 544 triginta

2126 580 2250 632 sex;
2278 575 2332 620 et
2351 566 2630 637 persecuti
2670 573 2798 620 sunt
2828 581 2924 621 eos
2949 581 2980 620 a
3008 572 3189 636 porta,
3229 573 3287 620 et
3315 566 3704 622 contriverunt

2126 657 2250 712 illos
2275 672 2307 713 a
2331 656 2530 712 declivi
2553 656 2708 713 loco:
2742 663 2798 710 et
2840 655 3186 727 pavefactum
3221 663 3306 710 est
3354 671 3452 710 cor
3489 657 3702 727 populi,
3743 698 3755 717 ι

2125 757 2183 803 et
2202 747 2407 802 factum
2437 754 2522 801 est
2539 746 2849 815 velutaqna
2871 745 2934 798 “.
2966 763 2984 797 ι
3017 744 3121 811 Qui
3144 745 3312 800 urbes
3343 754 3707 816 ceperant,ac

2127 839 2381 910 regiones
2400 837 2645 909 populati
2673 836 2834 909 146
2855 835 3156 901 fuerant,et
3169 837 3497 892 sznvissimas
3516 848 3708 908 gentes

2126 930 2281 984 nullo
2301 930 2523 1000 negotio
2545 929 2812 993 vicerant,
2844 928 2900 982 in
2932 928 3184 982 homines
3209 927 3306 983 Gai
3337 939 3596 999 tanquam
3626 928 3710 981 in-

2126 1023 2304 1078 victos
2331 1022 2604 1086 incidunt,
2657 1021 2860 1091 vixque
2893 1021 3126 1077 salutem
3169 1028 3416 1086 tuentur,
3452 1035 3558 1074 nec
3591 1019 3709 1073 sine

2123 1113 2339 1185 jactura
2371 1113 2684 1178 discedunt,
2709 1113 2804 1184 qui
2841 1113 3000 1184 prius
3028 1128 3100 1168 ne
3131 1111 3454 1166 universum
3483 1111 3710 1180 quidem

2129 1214 2494 1275 pugnatorum
2520 1220 2809 1260 numerum
2825 1205 2882 1258 in
2914 1205 3082 1259 armis
3102 1219 3224 1259 esse
3249 1203 3558 1266 voluerunt,
3584 1202 3712 1271 qui-

2129 1309 2236 1368 que
2263 1295 2521 1354 facillime
2541 1298 2628 1352 vel
2662 1313 2693 1352 a
2732 1298 2925 1368 paucis
2956 1296 3258 1368 expugnari
3300 1309 3460 1368 posse
3514 1293 3711 1348 urbem

2130 1397 2321 1460 aperte
2369 1389 2604 1460 professi
2661 1388 2898 1445 fuerant.
2940 1389 3020 1444 Ne
3065 1388 3228 1443 simul
3285 1385 3574 1451 ascendat,
3622 1384 3710 1440 in-

2131 1480 2353 1551 quiunt,
2386 1481 2682 1536 universus
2709 1483 2980 1554 p0pulus,
3010 1479 3106 1536 sed
3151 1481 3374 1536 circiter
3398 1479 3508 1537 duo
3538 1478 3711 1535 millia

2131 1573 2400 1628 virorum.
2427 1571 2586 1630 Hunc
2639 1573 2980 1646 inopinatum
3029 1588 3217 1627 casum
3266 1572 3711 1642 insperatamque

2134 1663 2521 1731 calamitatem,
2558 1680 2684 1722 cum
2715 1665 3036 1736 gravissime
3074 1663 3244 1719 ferret
3270 1663 3459 1728 Jesus,
3511 1671 3568 1716 et
3615 1677 3715 1716 ve-

454 1754 550 1810 τοῢ
595 1753 796 1826 Ἰησοῦ,
822 1755 918 1807 καὶ
943 1752 1408 1828 περιρρηγνύντος
1443 1753 1544 1822 μὲν
1571 1753 1670 1823 τὴν
1706 1750 1932 1821 ἐσθῆτα,
1958 1748 2036 1820 τῷ

2143 1764 2277 1810 stem
2303 1755 2665 1824 discinderet,
2690 1766 2746 1812 et
2775 1763 2904 1812 ante
2937 1756 3110 1811 Deum
3136 1754 3471 1829 procideret,
3498 1769 3562 1808 ac
3580 1751 3714 1824 quid

453 1848 512 1901 δὲ
538 1847 656 1918 Θεῷ
698 1846 1158 1918 προσπίπτοντος,
1192 1845 1290 1899 καὶ
1327 1845 1381 1897 τί
1421 1842 1552 1899 ποτέ
1591 1843 1709 1898 ἐστι
1739 1841 1802 1895 τδ
1844 1841 2034 1912 χρῆμα

457 1936 917 2006 κατατεθηπότος,
967 1935 1074 2006 εφη
1117 1936 1279 1999 Θεός·
1318 1953 1340 1986 ‹
1393 1933 1687 2006 Ἀνάστηθι
1710 1951 1724 1965 ο
1761 1933 1847 1986 ἴνα
1880 1931 1932 1984 τί
1970 1931 2034 1986 σὺ

456 2029 602 2084 οὕτω
635 2027 1048 2099 συμπέπτωκας
1068 2027 1160 2080 ἐπὶ
1198 2025 1490 2098 πρόσωπόν
1517 2042 1647 2091 σονς
1684 2024 2034 2096 Ἦμάρτηκεν

456 2125 486 2176 ὁ
502 2122 630 2184 λαὸς
647 2121 744 2174 καὶ
761 2137 837 2172 πα
846 2118 977 2190 ρέση
998 2119 1097 2191 τὴν
1116 2117 1382 2190 διαθήκην
1401 2134 1524 2189 μου,
1543 2118 1608 2189 ἢν
1624 2116 1882 2188 διεθέμην
1902 2117 2039 2190 πρὸς

456 2213 674 2278 αὐτοὺς,
702 2212 798 2265 καὶ
827 2210 1121 2280 κλέψαντες
1151 2208 1258 2264 ἀπὸ
1285 2209 1377 2263 τοῦ
1419 2208 1756 2280 ἁναθέματος
1789 2209 2039 2264 ἐνέϐαλον

457 2307 539 2369 είς
564 2303 634 2357 τά
662 2302 830 2373 σκεύη
865 2303 1064 2357 αὐτῶν.
1093 2302 1167 2355 Ού
1203 2302 1279 2373 μή
1305 2302 1568 2357 δύνωνται
1597 2302 1646 2355 οἱ
1673 2301 1780 2356 υἱοὶ
1823 2300 2040 2373 Ἰσραὴλ

459 2395 758 2465 ὑποστῆναι
805 2394 946 2449 κατά
981 2395 1270 2465 πρόσωπον
1304 2393 1412 2448 τῶν
1452 2394 1663 2465 ἐχθρῶν
1687 2394 1901 2449 αὐτῶν·
1937 2395 2039 2450 αύ-

458 2487 591 2557 χένα
633 2485 1056 2556 ἐπιστρέφουσιν
1091 2484 1274 2540 ἔναντι
1305 2485 1412 2539 τῶν
1453 2485 1666 2556 ἐχθρῶν
1710 2486 1908 2551 αὐτῶν,
1957 2486 2073 2540 δτι

459 2568 798 2640 ἐγενήθησαν
833 2568 1101 2640 ἀνάθεμα,
1148 2571 1208 2625 οὐ
1249 2569 1546 2641 προσθήσω
1587 2568 1670 2623 ἔτι
1720 2565 1858 2624 εἶναι
1919 2569 2041 2638 μεθ’

461 2659 638 2730 ὑμῶν,
663 2659 759 2713 ἐὰν
789 2660 862 2731 μὴ
891 2646 1122 2732 ἐξάρητε
1153 2659 1216 2713 τὸ
1242 2661 1490 2731 ἀνάθεμα
1519 2659 1579 2724 ἐξ
1603 2659 1757 2731 ὑμῶν
1783 2660 1981 2716 αὐτῶν.
2014 2680 2033 2713 ι

462 2752 906 2822 Παραδειχθέντα
926 2751 990 2823 δὴ
1017 2753 1108 2805 τὸν
1143 2753 1319 2822 ΙΙ’Λχαρ
1348 2752 1511 2822 ήρετο
1543 2752 1643 2822 μὲν
1685 2751 1912 2823 Ἰησοῦς,
1947 2753 2039 2806 λέ-

462 2860 574 2912 γων
595 2861 608 2874 ·
639 2861 659 2894 ι
705 2845 806 2907 Δὸς
832 2843 992 2910 δόξαν
1020 2845 1263 2914 σήμερον
1303 2844 1496 2914 Κυρίῳ
1529 2843 1606 2914 τῷ
1629 2844 1748 2915 θεῷ
1799 2825 2036 2915 Ἰσραᾟλ,

461 2935 557 2988 καὶ
605 2934 693 2999 δὸς
739 2935 839 3009 τὴν
876 2935 1266 3006 ἐξομολόγησιν
1315 2936 1410 2989 καὶ
1460 2935 1787 3004 ἀνάγγειλόν
1848 2955 1937 3007 μοι
1987 2938 2042 2990 τί

462 3028 744 3099 ἐποίησας,
795 3029 890 3082 καὶ
916 3028 991 3100 μὴ
1031 3028 1247 3101 κρύψῃς
1290 3028 1384 3082 ἀπ’
1431 3028 1587 3100 ἐμοῦ.
1642 3028 1942 3101 Ἀπεκρίθη
1981 3028 2041 3081 δὲ

2137 1845 2358 1902 tandem
2412 1863 2477 1904 ea
2528 1865 2616 1904 res
2668 1857 2816 1904 esset
2878 1848 3281 1912 admiraretur,
3334 1844 3474 1901 dixit
3525 1844 3713 1899 Deus:

2144 1957 2162 1988 ι
2187 1938 2363 2010 Surge
2387 1957 2402 2006 ;
2430 1955 2530 1994 cur
2552 1948 2610 1994 tu
2643 1941 2726 1996 sic
2751 1938 3044 1994 concidisti
3072 1938 3128 1992 in
3153 1937 3347 1994 faciem
3375 1937 3563 1992 tuam?
3585 1936 3720 1990 Pec-

2137 2031 2280 2087 cavit
2305 2031 2560 2102 populus,
2613 2043 2669 2087 et
2703 2040 3076 2103 transgressus
3127 2039 3214 2086 est
3238 2038 3460 2102 pactum
3508 2041 3718 2095 meum,

2135 2123 2284 2193 quod
2315 2139 2440 2178 cum
2469 2124 2581 2180 illis
2608 2126 2810 2197 pepigi,
2851 2132 2908 2180 et
2933 2124 3101 2183 furati
3142 2139 3210 2178 ex
3237 2122 3588 2178 anathemate
3610 2120 3718 2174 mi-

2138 2223 2334 2269 serunt
2355 2214 2412 2268 in
2442 2231 2573 2270 vasa
2609 2231 2736 2271 sua.
2762 2215 2882 2270 Non
2903 2223 3166 2285 poterunt
3181 2214 3278 2270 ﬁlii
3309 2212 3475 2272 Israel
3529 2211 3719 2267 subsi-

2140 2314 2287 2361 stere
2313 2305 2680 2373 antefaciem
2730 2306 2973 2361 hostium
3017 2322 3280 2372 suorum;
3332 2305 3604 2360 cervicem
3654 2317 3721 2360 ac

2141 2405 2358 2467 tergum
2383 2404 2601 2452 vertent
2619 2398 2676 2450 in
2711 2406 3010 2466 conspectu
3036 2398 3280 2452 hostium
3307 2412 3558 2461 suorum,
3591 2395 3722 2465 quia

2139 2487 2272 2544 facti
2300 2499 2430 2546 sunt
2453 2488 2744 2545 anathema
2767 2507 2778 2542 :
2803 2505 2912 2544 non
2931 2489 3185 2561 adjiciam
3217 2490 3383 2553 ultra,
3409 2496 3471 2543 ut
3493 2487 3596 2543 sim
3619 2501 3720 2541 vo-

2142 2583 2378 2648 biscum,
2401 2582 2508 2639 nisi
2541 2583 2884 2639 abstuleritis
2910 2583 3203 2638 anathema
3231 2596 3262 2638 a
3279 2580 3439 2636 vobis
3465 2579 3714 2651 ipsis'h

2142 2675 2334 2747 Igitur,
2398 2692 2525 2730 cum
2577 2676 2854 2732 indicatus
2904 2684 3054 2731 esset
3105 2674 3308 2740 Achar,
3364 2672 3724 2742 interrogavit

2141 2783 2270 2822 eum
2302 2768 2484 2832 Iesus,
2516 2768 2735 2823 dicens:
2776 2789 2792 2820 ι
2816 2769 2892 2823 Da
2916 2767 3146 2839 gloriam
3171 2765 3338 2821 hodie
3357 2765 3588 2821 Domino
3605 2764 3719 2818 Deo

2142 2860 2428 2938 Israel,let
2474 2860 2542 2914 da
2580 2857 3006 2926 confessionem,
3059 2868 3117 2914 et
3164 2856 3360 2913 nuntia
3395 2855 3534 2911 mihi
3585 2855 3719 2925 quid

2144 2951 2343 3016 fecisti,
2392 2960 2448 3005 et
2481 2966 2550 3005 ne
2601 2951 2906 3006 abscondas
2946 2967 2978 3005 a
3012 2965 3119 3006 me.
3182 2948 3490 3021 Respondit
3535 2955 3718 3003 autem

2145 3042 2326 3098 Achar
2352 3042 2580 3107 Jesu,et
2605 3042 2777 3098 dixit:
2811 3043 2950 3098 Vere
2994 3041 3218 3112 peccavi
3254 3057 3440 3096 coram
3485 3039 3722 3095 Domino

468 3123 649 3192 Ἀχαρ
678 3120 755 3191 τῷ
787 3119 984 3191 Ἰησοῦ,
1011 3122 1106 3174 καὶ
1136 3117 1315 3174 εἶπεν·
1359 3120 1598 3190 Ἀληθῶς
1618 3121 1866 3192 ἥμαρτον
1885 3121 2028 3174 ἐναν⁹

2146 3132 2312 3187 Israel
2337 3150 2352 3197 ;
2383 3133 2460 3186 sic
2483 3133 2630 3187 etsic
2651 3132 2910 3188 feci.Vidi
2935 3131 3078 3186 inter
3092 3132 3268 3201 spolia
3293 3132 3471 3202 psilen
3495 3129 3724 3194 variam,

461 3214 576 3268 τίον
604 3214 807 3285 Κυρίου
833 3213 968 3266 Θεοῦ
1016 3214 1256 3286 Ἰσραὴλ,
1279 3213 1452 3278 οὕτως
1476 3215 1569 3266 καὶ
1590 3214 1762 3277 οὕτως
1783 3213 2040 3284 ἐποίησα.

467 3300 620 3357 Εἶδον
655 3306 712 3358 ἐν
735 3306 801 3374 τῇ
834 3306 1081 3374 προνομῇ
1103 3303 1266 3375 ψιλὴν
1300 3304 1556 3374 ποικίλην
1579 3303 1672 3359 καὶ
1701 3301 1949 3356 διακόσια
1969 3301 2045 3354 δί-

466 3396 688 3468 δραχμα
720 3396 1009 3466 ἀργυρίου,
1044 3396 1139 3448 καὶ
1177 3395 1429 3463 γλῶσσαν
1461 3395 1588 3467 μίαν
1614 3395 1822 3466 χρυσῆν
1852 3395 2046 3464 πεντή-

468 3506 634 3543 κοντα
662 3487 996 3560 διδράχμων,
1021 3488 1116 3541 καὶ
1138 3486 1468 3558 ἐνθυμηθεὶς
1492 3487 1671 3541 αὐτῶν
1706 3485 1919 3549 ἔλαϐον,
1952 3486 2046 3538 καὶ

471 3579 583 3632 ἰδοὺ
614 3578 922 3649 κέκρυπται
967 3578 1142 3633 ταῦτα
1183 3579 1242 3633 ἐν
1274 3582 1340 3650 τῇ
1381 3581 1476 3649 γῇ,
1519 3580 1579 3631 ἐν
1605 3581 1672 3649 τῇ
1709 3580 1880 3648 σκηνῇ
1920 3594 2043 3648 μου,

470 3670 643 3726 καὶτὸ
662 3669 925 3741 ἀργύριον
951 3671 1261 3742 κέκρυπται
1282 3671 1541 3724 ὑποκάτω
1567 3669 1766 3724 αὐτῶν.
1804 3689 1822 3723 ι
1855 3669 2047 3738 Συνίης

467 3765 551 3818 ὃτι
598 3763 690 3815 καὶ.
723 3761 887 3824 αὐτὸς
913 3763 941 3814 ό
984 3761 1266 3830 κεκλοφὼς
1324 3763 1629 3835 ἑωρακέναι
1675 3761 1839 3833 φησὶν
1887 3763 1946 3814 ἐν
1979 3763 2046 3831 τῇ

472 3859 720 3927 προνομῇ
779 3854 941 3926 ψιλὴν
991 3854 1270 3924 ποικίλην,
1325 3853 1422 3907 καὶ
1475 3852 1724 3907 διακόσια
1778 3852 2050 3924 δίδραχμα

470 3949 760 4022 ἀργυρίου,
810 3949 909 4003 καὶ
957 3945 1212 4016 γλῶσσαν
1248 3947 1457 4018 χρυσῆν
1497 3946 1834 4016 πεντήκοντα
1871 3944 2052 4016 διδρά-

470 4058 648 4112 χμων,
677 4039 1052 4111 ἐνθυμηθῆναί
1079 4056 1138 4092 τε
1165 4038 1366 4103 αὐτῶν,
1383 4037 1682 4103 τουτέστιν,
1706 4039 1786 4102 εἰς
1809 4037 2050 4107 ἄθεσμον

470 4134 651 4189 αὐτῶν
671 4132 968 4203 ἐπιθυμίαν
988 4133 1183 4188 ἐλθεῖν.
1200 4132 1312 4204 Τήν
1333 4132 1430 4202 μέν
1459 4125 1551 4185 οὖν
1572 4131 1754 4203 ψιλὴν,
1787 4148 2053 4203 στρατιω-

467 4227 629 4299 τικὴν
657 4228 858 4282 οἴονται
884 4227 1095 4297 στολήν,
1115 4225 1363 4296 χλαμύδα
1385 4242 1443 4277 τε
1470 4220 1607 4279 εἷναί
1639 4241 1772 4293 φασι
1795 4222 2053 4285 ποικίλως
2096 4213 2105 4224 ’

471 4316 873 4387 ἐξυφαιςμένην⁵
899 4314 1287 4385 στρατιωτικὸν
1313 4313 1367 4366 δέ
1393 4312 1455 4365 τὸ
1485 4312 1616 4383 ἕσθη
1627 4331 1720 4384 μα,
1746 4314 1840 4366 καὶ
1863 4312 2052 4366 πλεον-

474 4414 621 4478 εξίας
679 4411 968 4484 σύμϐολον.
992 4410 1367 4478 Παραπέφυκε
1397 4409 1505 4480 γὰρ
1535 4408 1621 4461 ἀεί
1641 4425 1756 4471 πως
1779 4407 1856 4477 τῷ
1888 4423 2054 4477 στρα-

473 4503 720 4576 τευσίμῳ
748 4503 898 4572 γένει
935 4502 996 4555 τὸ
1036 4503 1111 4565 ώς
1156 4501 1350 4570 ἥδιστα
1387 4499 1753 4552 πλεονεκτεῖν.
1783 4497 1964 4559 Τύπος
1996 4496 2055 4549 δὲ

475 4593 541 4651 αὖ
566 4596 945 4668 λαμπρότητος
977 4593 1270 4664 κοσμικῆς,
1302 4593 1362 4645 τὺ
1395 4591 1657 4663 ἀργύριον
1687 4607 1701 4621 ·
1743 4591 1836 4644 καὶ
1862 4588 2055 4658 σοφίας

475 4691 574 4761 τῆς
609 4688 932 4760 Ἑλληνικῆς
975 4686 1074 4754 τῆς
1119 4683 1408 4755 ήδυεποῦς,
1460 4683 1492 4753 ή
1538 4680 1778 4749 γλῶσσα.
1819 4681 2056 4751 Τοιαύτη

476 4782 559 4846 τίς
587 4783 706 4836 ἐστι
739 4780 894 4850 καὶὴ
933 4779 1041 4832 τῶν
1079 4777 1210 4844 παρ’
1250 4774 1480 4845 Ἕλλησι
1517 4772 1696 4842 σοφῶν
1735 4771 1957 4841 γλῶσσά
1996 4788 2055 4824 τε

478 4877 569 4930 καὶ
593 4875 890 4940 παίδευσις,
914 4871 1077 4926 οἱονεὶ
1099 4869 1276 4942 χρυσῆ
1293 4887 1352 4922 τε
1378 4868 1471 4921 καὶ
1488 4867 1854 4939 ἐντιμωτόιτη,
1883 4865 1971 4921 διὰ
1991 4884 2055 4935 γε

475 4968 538 5020 τὸ
596 4969 654 5019 ἐν
693 4965 836 5032 λέξει
885 4963 1202 5035 περιφανές.
1274 4959 1792 5029 Ἐκκεκαλυμμένης
1837 4958 1893 5012 δὲ
1950 4957 2053 5028 ῆδη

2147 3231 2203 3278 et
2233 3223 2499 3278 ducentos
2519 3225 2683 3279 siclos
2699 3223 2932 3294 argenti,
2952 3230 3008 3278 et
3032 3223 3276 3294 linguam
3304 3239 3470 3277 unam
3500 3238 3726 3279 auream

2151 3317 2551 3388 quinquaginta
2574 3317 2862 3383 siclorum,
2882 3325 2939 3374 et
2962 3317 3210 3388 cogitans
3235 3315 3302 3371 de
3336 3315 3472 3386 ipsis
3493 3316 3682 3386 accepi
3710 3331 3726 3380 ;

2147 3418 2206 3462 et
2228 3424 2358 3464 ecce
2396 3410 2663 3465 absconsa
2685 3409 2957 3464 sunthaec
3001 3408 3057 3464 in
3085 3416 3235 3463 terra
3267 3407 3323 3462 in
3374 3407 3730 3462 tabernaculo

2149 3516 2292 3565 meo,
2338 3511 2395 3556 et
2417 3511 2704 3572 argentum
2754 3501 3080 3556 absconsum
3109 3507 3194 3554 est
3223 3499 3325 3556 sub
3364 3500 3474 3554 illis
3495 3500 3562 3552 ".
3592 3518 3610 3549 ι
3638 3499 3730 3553 In-

2148 3593 2349 3662 telligis
2380 3609 2528 3658 eum,
2572 3593 2666 3664 qui
2691 3594 2898 3650 furtum
2944 3592 3172 3656 fecerat,
3215 3592 3400 3647 dicere
3440 3591 3642 3646 vidisse
3673 3605 3732 3646 se

2151 3675 2298 3737 inter
2321 3683 2493 3752 spolia
2533 3684 2710 3754 psilen
2757 3685 2987 3749 variam,
3032 3691 3088 3738 et
3128 3683 3396 3738 ducentos
3436 3682 3598 3738 siclos
3641 3698 3732 3736 ar-

2149 3777 2318 3848 genti,
2345 3785 2401 3831 et
2422 3776 2662 3846 linguam
2698 3791 2922 3830 auream
2943 3776 3339 3846 quinquaginta
3379 3774 3734 3832 didrachma-

2152 3883 2294 3932 rum,
2321 3874 2377 3921 et
2407 3868 2678 3938 cogitasse
2733 3867 2801 3921 de
2842 3867 2995 3937 ipsis,
3025 3866 3080 3922 id
3125 3875 3228 3932 est,
3266 3867 3335 3922 ad
3360 3882 3551 3922 eorum
3575 3865 3734 3921 nefa-

2154 3959 2291 4011 riam
2318 3957 2676 4028 cupiditatem
2709 3957 2946 4015 venisse.
2976 3956 3159 4014 Psilen
3189 3957 3356 4028 igitur
3379 3956 3602 4027 quidam
3625 3955 3734 4012 mi-

2153 4049 2369 4104 litarem
2409 4063 2530 4105 esse
2563 4049 2758 4104 stolam
2787 4056 3003 4120 putant,
3035 4057 3092 4104 et
3134 4048 3475 4120 chlamydem
3503 4062 3624 4102 esse
3648 4047 3734 4101 di-

2153 4151 2286 4196 cunt
2300 4141 2452 4195 varie
2486 4147 2831 4195 contextam:
2856 4149 3137 4195 cstautcm
3165 4156 3230 4195 ea
3257 4140 3429 4194 vestis
3460 4137 3734 4200 militaris,

2154 4243 2211 4287 et
2237 4233 2550 4302 iniquitatis
2582 4232 2913 4304 symbolum.
2953 4232 3183 4287 lnsitum
3207 4239 3292 4285 est
3330 4245 3568 4299 namque
3595 4229 3740 4284 mili-

2158 4323 2262 4377 tari
2304 4323 2589 4377 hominum
2610 4323 2813 4393 generi.
2839 4333 2899 4378 ut
2919 4323 3284 4379 libentissime
3307 4321 3414 4378 sibi
3448 4323 3738 4393 plusquam

2157 4413 2393 4482 aequitas
2414 4413 2644 4481 patitur,
2672 4412 2936 4468 vindicet.
2989 4403 3165 4467 Por’ro
3224 4410 3532 4481 splendoris
3575 4427 3739 4467 mun-

2090 4480 2130 4533 r’
2159 4503 2286 4557 dani
2316 4503 2489 4573 ﬁgura
2517 4511 2602 4558 est
2632 4510 2923 4574 argentum
2946 4521 2960 4569 ;
2981 4504 3168 4573 lingua
3192 4519 3325 4558 vero
3349 4503 3741 4573 suaviloquen-

2161 4595 2230 4649 tis
2254 4593 2542 4664 gentilium
2566 4594 2849 4664 sapientiae
2899 4593 3136 4665 signum.
3174 4594 3460 4665 Ejusmodi
3487 4603 3571 4650 est
3597 4594 3741 4665 apud

2158 4687 2445 4758 gentilium
2471 4687 2745 4758 sapientes
2767 4687 2952 4758 lingua
2973 4696 3028 4742 et
3061 4687 3320 4753 eruditio,
3359 4697 3615 4758 tanquam
3649 4705 3745 4742 au-

2160 4795 2275 4843 rea,
2303 4788 2359 4834 et
2388 4778 2442 4833 in
2460 4778 2656 4849 primis
2687 4779 2952 4850 pretiosa,
2979 4778 3127 4849 quod
3157 4779 3226 4834 ad
3269 4778 3533 4834 dictionis
3577 4777 3743 4832 clari-

2161 4878 2329 4925 tatem
2387 4871 2647 4942 pertinet.
2680 4869 2843 4943 147
2874 4871 3107 4926 Peccato
3136 4879 3321 4926 autem
3345 4872 3458 4941 jam
3501 4869 3742 4932 detecto,

2166 4979 2340 5033 preme
2361 4965 2575 5020 addixit
2599 4963 2778 5035 ipsum
2798 4964 2979 5021 Achar
3000 4963 3181 5029 Jcsus,
3207 4963 3354 5033 quod
3399 4976 3510 5016 non
3586 4961 3645 5015 in
3686 4976 3746 5015 se

475 5061 576 5130 τῆς
603 5059 898 5131 ἁμαρτίας,
926 5059 1136 5119 ποιναῖς
1167 5054 1410 5109 ὑπετίθει
1435 5055 1527 5106 τὸν
1560 5053 1738 5122 ’Λχαρ
1761 5052 1789 5104 ό
1822 5050 2052 5122 Ἰησοῦς,

475 5153 573 5224 οὐχ
603 5152 796 5208 ἐαυτὸν
821 5149 1119 5220 ἠδικηκότα
1153 5149 1334 5218 μόνον,
1363 5147 1477 5201 ἀλλ’
1503 5148 1583 5209 είς
1611 5145 1739 5215 ὃλην
1783 5144 1881 5215 τὴν
1926 5161 2054 5199 συνο

477 5244 695 5316 αγωγὴν
722 5242 822 5314 τὴν
853 5243 916 5296 ἐκ
949 5241 1044 5310 τῆς
1083 5241 1216 5304 ἰδίας
1240 5237 1515 5312 ἀκρατοῦς
1543 5238 1841 5308 ἐπιθυμίας
1869 5235 2048 5289 ἐκτεί-

477 5357 638 5392 ναντα
667 5335 894 5408 βλάϐην.
920 5335 1030 5390 Καὶ
1054 5333 1196 5404 τάχα
1220 5351 1320 5386 που
1348 5331 1507 5386 τοῦτό
1531 5333 1647 5385 ἐστι
1683 5331 1744 5382 τὸ
1766 5330 1966 5402 ἄριστά
1992 5347 2052 5382 τε

2165 5056 2345 5124 ipsum
2381 5058 2564 5122 modo,
2584 5057 2678 5127 qui
2703 5055 2929 5112 sceleris
2982 5063 3178 5110 auctor
3209 5063 3350 5118 erat,
3399 5052 3496 5106 sed
3524 5053 3581 5106 in
3624 5051 3748 5106 uni—

2165 5161 2382 5204 versam
2413 5147 2750 5220 Synagogam
2782 5147 3106 5219 perniciem,
3139 5162 3170 5200 e
3202 5160 3298 5199 sua
3329 5143 3617 5213 impotenti
3647 5159 3747 5199 cu-
3775 5143 3799 5186 '-

2165 5240 2392 5310 piditate
2421 5232 2743 5312 profectam,
2785 5239 3076 5294 attulisset.
3126 5237 3195 5290 Et
3222 5237 3327 5290 hoc
3348 5234 3483 5290 illud
3519 5243 3604 5290 est
3632 5235 3745 5290 for-
3779 5283 3784 5318 ξ

2165 5342 2307 5388 tasse
2363 5333 2508 5402 quod
2536 5333 2742 5403 Optime
2767 5347 2831 5385 ac
2867 5328 3274 5402 sapientissime
3301 5335 3386 5383 est
3416 5325 3578 5382 nobis
3593 5326 3749 5384 Pauli
3778 5321 3788 5405 ξ

477 5431 570 5484 καὶ
618 5428 802 5498 σαφῶς
839 5427 925 5483 διὰ
951 5427 1050 5496 τῆς
1083 5425 1175 5481 τοῦ
1217 5425 1430 5478 Παύλου
1486 5423 1669 5493 φωνῆς
1716 5423 1850 5492 πρδς
1905 5424 2052 5493 ἡμᾶς

474 5523 522 5574 εί
533 5522 765 5593 ρημένον
791 5536 804 5550 ⁸
841 5539 859 5570 ι
905 5518 1166 5588 Ἐξάρατε
1189 5515 1278 5568 τὸν
1307 5515 1544 5585 πονηρὸν
1572 5515 1630 5580 ἐξ
1661 5515 1811 5585 ὑμῶν
1835 5515 2012 5568 αὐτῶν
2034 5528 2048 5542 ⁸

551 5704 730 5766 “los.
763 5721 850 5760 vn.
876 5704 994 5760 2-5.
1075 5705 1117 5735 “
1142 5703 1275 5757 ibid.
1316 5702 1380 5755 -l0
1409 5717 1559 5772 seqq.

2163 5441 2293 5479 voce
2321 5425 2557 5479 dictum:
2611 5444 2627 5475 ι
2651 5423 2877 5480 Auferte
2943 5423 3149 5478 malum
3177 5439 3208 5477 a
3253 5421 3409 5477 vobis
3432 5419 3599 5491 ipsis:
3629 5434 3750 5473 mo-

2162 5517 2343 5571 dicum
2400 5517 2732 5572 fermentum
2775 5525 2948 5574 totam
2995 5532 3231 5574 massam
3275 5515 3581 5587 corrumpit
3625 5510 3692 5568 ⁸⁷.
3721 5525 3740 5564 t

1639 5703 1680 5732 ⁶⁶
1713 5701 1845 5754 ibid.
1883 5702 1942 5756 19
1968 5716 2117 5773 seqq.
2199 5703 2240 5735 ‘7
2275 5703 2295 5757 l
2324 5701 2449 5757 Cor.
2480 5717 2528 5768 γ,
2557 5701 2606 5756 6.
