4138 6300
432 260 467 314 5
478 257 537 313 Π

1395 253 1784 311 5.·(2ἲ1υι1ι1
1826 252 2300 312 ALEXANDRINI
2342 255 2660 315 ARCHIEP.

3585 260 3691 315 368

436 380 625 436 Nonne
678 377 832 447 igitu.
862 383 952 431 est
971 374 1335 444 -tibi~aperte
1372 374 1828 432 demonstratum
1878 374 2004 445 pri-

2118 377 2291 449 μθκρά
2318 377 2464 450 ζύμη
2503 378 2623 434 ὅλον
2654 378 2714 431 τὸ
2754 376 2979 448 φύραμα
3024 371 3206 447 ζυμοῖ.
3245 391 3264 425 ι
3296 369 3445 446 Ἆρά
3484 390 3567 429 σοι
3602 374 3689 428 δέ-

435 464 831 536 mum-quidem
867 465 921 518 in
951 462 1252 530 Abraham,
1285 465 1492 519 sanctis
1533 464 1672 520 viris
1721 463 1862 519 nihil
1906 456 2007 520 ob-

352 604 363 615 .
431 570 553 612 esse
583 556 729 610 illam
777 552 1211 610 exfortitudine
1256 552 1511 626 gloriam,
1534 569 1600 610 ac
1648 553 1808 610 facile
1838 570 1907 609 ex
1945 569 2010 609 ea

433 645 611 715 sequi,
639 652 697 698 ut
724 658 1039 714 expugnare
1064 643 1254 699 hostes
1273 644 1507 714 possint,
1539 644 1586 700 si
1623 644 1761 700 nihil
1781 644 2011 700 munda-

427 750 564 790 num
592 749 842 805 quaerere
865 734 1177 802 voluerint;
1229 734 1428 790 deinde
1470 735 1528 790 in
1568 736 1749 791 Achar
1797 752 1913 792 rem
1953 736 2011 791 in

429 825 770 882 contrarium
807 824 1162 896 processisse,
1216 839 1344 880 cum
1376 823 1423 880 is
1469 840 1500 879 e
1535 833 1683 880 recta
1714 825 1801 881 via
1836 824 2008 880 decli-

431 924 635 981 nasset,
669 924 724 971 et
753 914 822 971 ad
866 930 932 970 ea
982 930 1105 985 qua:
1146 914 1203 968 in
1251 913 1459 969 mundo
1533 923 1662 969 sunt
1704 929 2011 985 prepensus

430 1007 627 1062 fuisset
648 1008 672 1061 ?

504 1100 698 1163 PALL.
726 1088 958 1157 Maxime
993 1116 1126 1158 vero
1157 1120 1172 1171 ;
1203 1101 1430 1158 evidens
1465 1117 1704 1173 namque
1725 1101 1830 1158 fuit
1878 1118 2007 1158 ora-

430 1192 529 1248 tio.

499 1281 658 1338 ΟΥΕ.
677 1282 1151 1353 onrtereautem
1181 1287 1563 1342 sanetosviros
1584 1285 1789 1356 ubique
1801 1284 2008 1355 simpli-

428 1385 521 1427 ces
569 1372 818 1427 moribus
858 1373 1056 1439 vineri,
1104 1389 1213 1429 non
1252 1376 1309 1430 in
1355 1376 1627 1432 sententia
1660 1391 1853 1447 parum
1898 1374 2007 1430 sibi

429 1470 703 1529 constare;
725 1461 790 1517 .id
815 1476 945 1516 vero
962 1464 1197 1534 planum
1224 1464 1337 1532 flet,
1366 1482 1435 1521 ex
1459 1482 1526 1523 eo
1549 1466 1699 1537 quod
1713 1466 1802 1522 lex
1819 1476 2007 1538 aperte

428 1552 566 1608 dicit
595 1572 608 1607 :
641 1572 660 1605 ι
688 1554 807 1609 Νοη
840 1562 1006 1611 erunt
1036 1570 1164 1610 vasa
1196 1556 1301 1611 viri
1342 1573 1510 1628 super
1538 1557 1790 1626 muliere,
1829 1574 2008 1630 neque

430 1659 625 1700 rursus
645 1643 731 1699 vir
760 1645 1021 1702 induetur
1044 1647 1180 1702 stola
1221 1647 1480 1703 muliebri
1514 1689 1530 1714 ,
1576 1649 1838 1719 quoniam
1876 1650 2008 1706 abo-

2109 466 2550 537 δεικταισαφῶς,
2573 468 2635 521 ἐν
2677 468 2774 539 μὲν
2813 466 2888 537 τῷ
2927 462 3129 535 πρώτῳ
3179 462 3259 535 τῷ
3297 462 3568 534 Ἀϐραὰμ,
3600 463 3689 527 ὼς

2109 557 2412 632 ἀπήμαντα
2448 559 2547 631 μὲν
2576 561 2689 622 τοῖς
2718 557 2894 626 ἁγίοις
2919 555 3164 628 διαμένει
3189 554 3260 608 τὰ
3282 555 3362 619 είς
3383 553 3557 627 ἀλκὴν
3585 555 3689 608 αὺ-

2110 651 2364 722 χήματα·
2405 651 2601 722 ἕψηται
2645 649 2701 704 δὲ
2723 649 2919 722 ῥᾳδίως
2953 647 3013 702 τὸ
3039 645 3360 716 δεδυνῆσθαι
3398 645 3689 700 καταθλεῖν

2107 741 2215 794 τῶν
2233 742 2464 815 ἐχθρῶν,
2482 743 2532 796 εί
2556 741 2724 814 μηδὲν
2749 741 2954 795 ἕλοιντο
2971 740 3079 794 τῶν
3100 741 3209 794 ἀπὸ
3237 739 3443 811 κόσμου
3468 735 3649 809 ζητεῖν
3669 752 3688 766 ⁸

2110 833 2168 886 ὲν
2185 831 2243 886 δέ
2267 850 2332 901 γε
2351 832 2430 904 τῷ
2472 834 2672 904 Ἀχαρ,
2698 832 2778 896 είς
2795 830 2857 885 τὸ
2876 830 3086 895 τούτοις
3107 829 3345 887 ἐναντίον
3369 830 3684 900 ἐκκεχωρη-

2108 924 2242 978 κότα
2284 923 2353 978 τὰ
2387 925 2712 997 πράγματα,
2755 921 3113 977 ἀποκλίναντι
3149 923 3251 992 τῆς
3300 919 3536 988 εὐθείας,
3591 921 3685 972 καὶ

2109 1018 2383 1072 νενευκότι
2415 1019 2551 1090 πρὸς
2571 1016 2638 1072 τὰ
2658 1019 2716 1071 ὲν
2744 1017 2966 1088 κόσμῳ;

2180 1112 2389 1166 ΠΑΛΛ.
2415 1110 2565 1166 Πάνυ
2598 1111 2698 1182 μὲν
2734 1104 2826 1165 οὗν
2847 1125 2864 1143 ο
2895 1107 3071 1180 σαφὴς
3107 1106 3217 1181 γὰρ
3240 1108 3268 1160 ὁ
3289 1105 3473 1176 λόγος.

2186 1289 2353 1345 ΚΥΡ.
2397 1290 2524 1344 Ὅτι
2546 1290 2603 1345 δὲ
2636 1290 2743 1364 χρὴ
2767 1291 2894 1355 τοὺς
2933 1288 3120 1359 ἀγίους
3147 1288 3391 1359 πανταχῆ
3426 1286 3683 1358 μονοτρό-

2109 1395 2245 1443 πους
2270 1379 2525 1451 ὁρᾶσθαι,
2554 1380 2648 1434 καὶ
2673 1380 2772 1451 οὐχ
2806 1377 3274 1451 ἑτερογνώμονας,
3309 1377 3474 1445 σαφὲς
3497 1375 3564 1430 ἂν
3588 1376 3682 1444 τίη

2107 1488 2269 1536 νοιτο,
2290 1469 2384 1525 τοῦ
2401 1471 2568 1542 νόμου
2588 1471 2837 1541 λέγοντος
2856 1468 3099 1542 ἐναργῶς
3120 1484 3137 1501 ο
3166 1488 3186 1521 ι
3205 1469 3318 1522 Οὐκ
3335 1467 3488 1523 ἔσται
3511 1467 3680 1538 σκεύη

2107 1560 2299 1634 ἀνδρὸς
2327 1561 2419 1615 ἐπὶ
2443 1560 2683 1630 γυναικὶ,
2715 1561 2837 1616 οὐδὲ
2870 1561 2945 1633 μὴ
2996 1558 3283 1628 ἐνδύσηται
3323 1557 3461 1630 ἀνὴρ
3491 1555 3683 1627 στολὴν

2110 1650 2447 1720 γυναικείαν,
2468 1652 2551 1706 ὅτι
2575 1651 2851 1723 βδέλυγμα
2880 1652 3029 1705 ἐστιν
3056 1648 3288 1706 ἐνώπιον
3339 1649 3547 1720 Κυρίου
3574 1651 3685 1712 πᾶς

429 1735 659 1792 minatio
687 1736 852 1792 estin
893 1747 1193 1809 conspectu
1238 1739 1454 1794 Domini
1513 1740 1761 1811 quisquis
1795 1741 1901 1797 hoc
1920 1741 2002 1798 fe-

2111 1739 2135 1792 ό
2165 1739 2336 1794 ποιῶν
2359 1739 2554 1794 ταῦτα.
2586 1759 2605 1791 ι
2631 1740 2919 1811 Βδέλυγμα
2943 1739 3054 1812 γὰρ
3070 1741 3127 1793 ὲν
3148 1738 3248 1810 ῐσῳ
3271 1737 3423 1810 παρά
3441 1736 3561 1808 Θεῴ
3589 1736 3684 1792 καὶ

429 1827 566 1883 cerit
595 1828 640 1859 "‘
667 1846 685 1883 ι
729 1848 747 1881 ι
781 1844 909 1884 nam
933 1845 1089 1901 aeque
1127 1830 1479 1887 abominetur
1496 1832 1643 1889 Deus
1663 1848 1729 1889 ac
1757 1833 2007 1904 turpissi-

428 1934 580 1974 mum
613 1920 984 1991 spectaculum
1001 1932 1159 1993 putat
1191 1929 1306 1979 tum
1330 1923 1672 1981 fortitudinis
1690 1925 2005 1996 Opinionem

428 2013 483 2068 in
523 2012 674 2068 molli
716 2013 849 2079 vita,
890 2014 995 2069 hoc
1029 2013 1178 2070 enim
1230 2022 1334 2081 est,
1374 2030 1495 2071 esse
1531 2032 1660 2071 vasa
1703 2016 1808 2071 viri
1841 2032 2007 2088 super

429 2104 694 2171 muliere;
730 2114 845 2159 tum
872 2105 928 2159 in
956 2106 1222 2162 fortiviro
1245 2107 1424 2162 mollis
1449 2108 1618 2164 animi
1646 2109 2002 2180 languorem;

428 2195 482 2250 id
507 2196 654 2251 enim
685 2196 912 2267 perinde
956 2205 1041 2253 est
1066 2213 1128 2253 ac
1157 2197 1202 2253 si
1240 2199 1495 2255 muliebri
1533 2200 1675 2256 stola
1692 2199 1776 2255 vir
1807 2200 2005 2256 indua-

429 2296 541 2341 tur.

498 2379 696 2435 PALL.
733 2380 905 2447 Quale
930 2382 1076 2437 istud
1109 2393 1196 2439 est
1253 2383 1403 2455 quod
1439 2384 1565 2439 ais?

480 2473 653 2530 .CYR.
692 2473 884 2530 Nonne
923 2484 981 2530 et
1015 2475 1159 2546 apud
1202 2477 1376 2533 Deum
1428 2484 1485 2531 et
1545 2474 1689 2546 apud
1756 2474 2008 2530 homines

428 2583 593 2638 prava
638 2577 801 2638 atque
839 2569 1088 2639 improba
1120 2587 1210 2626 res
1247 2580 1332 2626 est
1359 2570 1704 2642 hypocrisis?

471 2699 476 2705 .
499 2657 696 2713 PALL.
722 2658 924 2714 Verum
966 2667 1069 2713 est.

496 2747 654 2803 ΟΥΕ.
685 2747 826 2801 Num
870 2748 1061 2817 igitur,
1097 2749 1142 2802 si
1173 2749 1296 2818 quis
1326 2748 1670 2818 voluptarius
1717 2746 1884 2801 fuerit
1950 2754 2007 2800 et

428 2841 824 2907 intemperans,
855 2845 911 2891 et
940 2852 1009 2891 ex
1039 2837 1173 2907 ipsis
1208 2838 1324 2893 suis
1344 2836 1502 2891 factis
1537 2837 1662 2891 talis
1682 2850 1801 2890 esse
1847 2851 2005 2891 coar-

426 2937 666 3000 guatur;
696 2927 895 2982 deinde
920 2928 1207 3003 confictam
1243 2927 1533 2999 probitatis
1566 2927 1880 2998 opinionem
1899 2924 2006 2981 sibi

426 3034 745 3090 comparare
788 3017 1035 3084 studeat,
1070 3018 1218 3074 hunc
1257 3018 1556 3084 hominem,
1604 3015 1832 3082 Palladi,
1874 3031 2006 3086 pro-

429 3111 526 3166 bes
545 3111 569 3163 ?
1254 3148 1260 3153 .

498 3198 696 3255 PALL.
729 3199 949 3254 Minime
980 3199 1257 3269 equidem:
1310 3262 1317 3268 ,

494 3289 653 3348 CVR.
684 3291 803 3348 Jam
825 3306 954 3346 vero
986 3300 1351 3362 temperatum
1393 3306 1585 3347 revera
1628 3291 1906 3347 hominem
1948 3299 2006 3347 et

417 3385 741 3450 .honestilm,
767 3398 951 3438 nonne
988 3383 1045 3437 in
1079 3382 1271 3438 eadem
1320 3383 1591 3439 sententia
1629 3383 1863 3447 ﬁrmum,
1904 3397 2007 3437 nec

414 3478 706 3532 diversum
761 3474 830 3529 ab
876 3488 944 3528 eo
988 3474 1146 3544 quod
1171 3482 1275 3539 est,
1307 3474 1540 3544 spectari
1594 3484 1850 3545 oportere
1873 3490 2005 3530 cen-

398 3568 557 3619 ,ses?

470 3656 477 3661 ’
502 3653 699 3709 PALL.
725 3654 943 3709 Fateor.

497 3745 653 3801 (ΝΒ.
684 3745 763 3802 Nc
790 3747 956 3818 igitur
984 3761 1226 3817 unquam
1266 3744 1481 3801 solutus
1504 3747 1864 3816 quorumdam
1903 3745 2005 3800 ho-

430 3840 639 3893 minum
671 3847 727 3894 et
750 3839 930 3895 mollis
970 3839 1141 3895 animi
1182 3853 1378 3895 sensus
1421 3836 1760 3893 fortitudinis
1795 3837 2008 3908 opinio-

401 3945 555 3986 unem
598 3929 832 3998 subeat;
867 3930 974 3987 hoc
1012 3932 1163 3986 enim
1188 3938 1272 3986 est
1301 3948 1315 3984 :
1351 3929 1430 3984 Ne
1471 3930 1544 3985 sit
1571 3944 1666 3985 vas
1704 3929 1806 3984 viri
1841 3944 2008 4000 super

424 4020 717 4076 mulierem
739 4039 752 4074 :
774 4035 956 4092 neque
983 4036 1178 4077 rursus
1205 4021 1296 4076 ille
1318 4020 1694 4076 reverafortis
1723 4020 2008 4076 mollitiem

427 4122 672 4185 quaerat;
700 4113 804 4169 hoc
826 4129 1061 4184 namque
1086 4122 1171 4168 est
1195 4111 1438 4168 vicissim
1469 4129 1482 4164 :
1519 4110 1599 4167 Ne
1634 4111 1719 4165 vir
1748 4110 2009 4167 induatur

428 4202 566 4258 stola
606 4202 900 4257 muliebri:
936 4211 1021 4256 est
1042 4201 1191 4256 enim
1206 4216 1320 4271 .par
1354 4200 1409 4253 in
1437 4209 1665 4270 utraque
1692 4216 1750 4256 re
1789 4199 2006 4266 vitium,

427 4308 602 4364 eaque
630 4293 863 4348 crimina
880 4293 1116 4347 similem
1146 4291 1401 4364 injuriam
1437 4290 1626 4345 virtuti
1660 4289 1889 4344 faciunt.

2109 1829 2510 1886 ἀκαλλέστατον
2540 1831 2744 1902 θέαμα,
2763 1831 3143 1901 γενναιότητος
3173 1828 3439 1901 ὑπόληψις
3464 1828 3557 1882 ἐπὶ
3580 1846 3685 1900 μα·-

2108 1922 2391 1996 λακισμοῖς
2409 1940 2424 1957 ο
2449 1923 2612 1978 τοῦτο
2646 1924 2756 1996 γάρ
2777 1925 2894 1978 ἐστι
2913 1924 2973 1978 τὸ
2999 1919 3139 1978 εἶναι
3174 1922 3345 1993 σκεύη
3373 1920 3562 1993 ἀνδρὸς
3587 1921 3684 1975 ἐπὶ

2108 2016 2326 2087 γυναικί
2355 2030 2369 2046 ·
2396 2017 2494 2070 καὶ
2526 2015 2589 2070 τὸ
2610 2018 2785 2071 νοσεῖν
2813 2016 2870 2071 ὲν
2894 2015 3167 2087 ἀνδρείαις
3194 2015 3285 2068 τὸν
3310 2012 3676 2084 μαλακισμόν·

2108 2109 2267 2164 τοῦτο
2293 2108 2403 2182 γὰρ
2442 2108 2643 2180 ὁμοίως
2680 2109 2741 2164 τδ
2779 2108 3105 2164 ἐνδύσασθαι
3140 2107 3234 2164 τὸν
3270 2106 3440 2177 ἄνδρα
3488 2104 3679 2174 στολὴν

2108 2199 2449 2270 γυναικείαν.

2179 2380 2385 2434 nam.
2430 2375 2555 2434 Οἷον
2576 2364 2724 2452 δήτι
2749 2381 2892 2451 φής;

2178 2471 2343 2526 ΚΥΡ.
2374 2472 2449 2525 Οὐ
2467 2473 2657 2544 χρῆμα
2682 2471 2917 2544 πονηρὸν
2940 2470 3034 2526 καὶ
3059 2470 3318 2541 ἀδόκιμον
3334 2471 3368 2541 η
3394 2468 3680 2540 ὑπόκρισις

2109 2564 2259 2635 παρά
2289 2581 2347 2617 τε
2380 2565 2500 2632 Θεῷ
2519 2564 2615 2619 καὶ
2637 2563 2978 2636 ἀνθρώποις;

2177 2654 2388 2710 ΠΛΛΔ.
2441 2656 2683 2726 Ἀληθές.

2177 2745 2340 2799 ΚΥΡ.
2378 2747 2498 2817 ’Ἆρ’
2527 2742 2620 2802 οὖν
2645 2748 2699 2802 εί
2732 2764 2818 2812 τις
2854 2749 2939 2820 εἴη
2975 2748 3252 2817 φιλήδονος
3293 2747 3388 2803 καὶ
3413 2747 3682 2818 ἀκρατὴς,
3782 2752 3795 2765 “

2109 2835 2202 2888 καὶ
2225 2834 2285 2901 ἐξ
2302 2836 2481 2890 αὐτῶν
2503 2837 2783 2908 ἐλέγχοιτο
2806 2838 2916 2892 τῶν
2939 2838 3257 2911 δρωμένων,
3284 2838 3358 2901 ὼς
3377 2838 3493 2890 ἔστι
3511 2838 3683 2890 toto-3-

2106 2943 2221 2993 τος,
2268 2922 2389 2982 εἶτα
2436 2930 2537 3001 τῆς
2585 2931 2889 2994 ἐπιεικείας
2931 2930 3311 2984 κατάπλαστον
3372 2930 3456 2997 ἐφ’
3502 2929 3686 2998 ἑαυτῷ

2112 3019 2314 3072 ποιοῖτο
2342 3018 2440 3090 τὴν
2470 3018 2650 3086 δόξαν,
2681 3020 2995 3085 ἑπαινέσαις
3022 3021 3089 3076 ἂν
3110 3021 3201 3074 τόν
3220 3036 3282 3088 γε
3313 3018 3553 3073 τοιοῦτον
3580 3018 3678 3071 αὺ-

2107 3106 2217 3174 τδς,
2244 3100 2291 3162 ὦ
2314 3108 2609 3178 Παλλάδιε;

2176 3197 2387 3252 ΠΑΔΛ.
2424 3200 2499 3252 Οὐ
2526 3200 2626 3269 μὲν
2658 3196 2771 3255 οὖν.
3028 3251 3030 3254 ,

2176 3290 2343 3346 ΚΥΡ.
2367 3290 2433 3343 Τί
2461 3290 2520 3344 δὲ
2539 3291 2602 3363 δὴ
2629 3294 2722 3346 τὸν
2741 3292 2958 3364 ἀληθῶς
2982 3293 3209 3365 κόσμιον
3228 3296 3322 3350 καὶ
3343 3297 3510 3368 εύσχή
3521 3315 3682 3369 μονα,

2105 3381 2204 3435 οὐκ
2234 3381 2396 3454 οίήσῃ
2437 3381 2546 3435 δεῖν
2585 3384 2643 3436 ὲν
2685 3384 2976 3455 ταυτότητι
3012 3383 3237 3457 γνώμης
3266 3387 3681 3458 ἑρηρεισμένον,

2107 3473 2204 3544 οὐχ
2226 3472 2411 3545 ἔτερόν
2435 3490 2489 3527 τι
2530 3476 2657 3545 παρ’
2682 3476 2821 3547 ὅπερ
2852 3476 2971 3530 ἐστὶ
2998 3475 3357 3546 γινώσκεσθαι
3379 3496 3393 3545 ;

2178 3651 2385 3706 ΠΛΛΛ.
2412 3652 2578 3723 Φημί.

2179 3742 2344 3798 ΚΥΡ.
2372 3741 2581 3797 οὐκοῦν
2612 3743 2821 3814 μήποτε
2852 3743 2914 3798 τὸ
2939 3742 3243 3818 εὖθρυπτόν
3270 3764 3331 3801 τε
3355 3750 3451 3803 καὶ
3475 3749 3680 3821 μαλθα-

2108 3831 2204 3885 κὸν
2245 3831 2501 3903 φρόνημά
2532 3849 2713 3896 τινων,
2755 3834 2855 3904 τὴν
2887 3833 2989 3905 τῆς
3035 3835 3289 3907 ἀνδρείας
3335 3837 3682 3909 ύποτρεχέτω

2109 3920 2299 3989 δόξαν·
2329 3922 2488 3976 τοῦτο
2533 3922 2640 3994 γὰρ
2684 3922 2764 3987 τὸ,
2793 3924 2908 3978 Οὐκ
2936 3923 3090 3978 ἔσται
3146 3926 3313 3998 σκεύη
3352 3927 3547 3999 ἀνδρὸς
3585 3927 3681 3981 ἐπὶ

2109 4011 2328 4080 γυναικί
2357 4027 2371 4041 ο
2408 4013 2546 4082 μήτε
2582 4011 2688 4081 μὴν
2717 4012 2779 4064 τὸ
2810 4012 3026 4080 ἀληθῶς
3067 4013 3318 4079 εὐσθενὲς
3348 4013 3582 4087 ζητείτω
3618 4015 3679 4070 τὸ

2114 4101 2388 4173 μαλθακόν
2411 4116 2427 4131 ⁸
2461 4101 2620 4155 τοῦτο
2659 4100 2767 4173 γὰρ
2813 4102 2974 4157 πάλιν
3018 4104 3079 4157 τὸ
3102 4144 3117 4168 ,
3154 4104 3229 4158 Οὐ
3266 4105 3343 4178 μὴ
3394 4105 3680 4177 ἐνδύσηται

2062 4215 2077 4232 ο
2110 4193 2248 4266 ἀνὴρ
2279 4193 2468 4264 στολὴν
2500 4193 2836 4261 γυναικείαν.
2873 4195 2992 4265 Ἴση
3025 4194 3134 4266 γὰρ
3166 4195 3351 4267 ὥσπερ
3392 4197 3451 4250 ὲν
3479 4198 3680 4267 ἀμφοῖν

2110 4286 2143 4356 ἡ
2185 4284 2476 4357 φαυλότης,
2503 4284 2598 4338 καὶ
2636 4285 2793 4356 ὕϐρις
2826 4287 2905 4348 είς
2939 4286 3140 4356 ἀρετὴν
3173 4286 3242 4341 τὰ
3268 4288 3604 4359 ἐγκλήματα.

501 4383 664 4457 148
714 4383 910 4439 PALL.
971 4384 1287 4440 Periculosa
1345 4398 1436 4437 res
1493 4394 1599 4447 eSt,
1648 4390 1710 4436 ut
1746 4382 2004 4450 videtur,

2182 4377 2390 4432 HAAA.
2410 4376 2701 4449 Σφαλερὸν,
2725 4377 2801 4441 ὡς
2816 4376 3012 4447 ἔοικεν,
3030 4381 3059 4432 ὁ
3087 4378 3481 4451 μαλθακισμδς,
3507 4379 3680 4435 καὶτὸ

430 4475 690 4530 mollities
731 4477 921 4542 animi,
969 4493 1147 4548 neque
1200 4490 1329 4531 vero
1374 4491 1551 4547 poena:
1583 4489 1796 4545 expers.

497 4566 656 4622 CYR.
683 4567 831 4622 Nihil
880 4569 1106 4623 omnino
1137 4568 1379 4623 dubites.
1416 4566 1796 4622 Aversandum
1834 4565 1888 4621 id
1926 4574 2012 4620 est

427 4660 578 4715 enim
617 4674 771 4725 sane,
797 4668 855 4716 et
901 4676 1126 4716 exosum
1151 4660 1264 4716 Deo
1304 4660 1521 4714 vitium.
1554 4657 1743 4728 Itaque
1769 4672 1800 4712 e
1840 4656 2012 4711 sacris

429 4753 595 4807 etiam
636 4750 942 4822 legionibus
991 4752 1257 4822 rejicitur,
1298 4750 1393 4821 qui
1432 4746 1812 4820 hujuscemodi
1870 4746 2010 4802 forte

430 4841 757 4894 criminibus
787 4847 1004 4893 tenetur
1028 4856 1042 4900 ;
1069 4854 1208 4908 opus
1240 4840 1387 4894 enim
1423 4852 1543 4894 esse
1576 4852 1796 4901 censeo,
1826 4845 1884 4890 ut
1921 4835 2009 4889 ille

431 4945 624 4985 revera
656 4927 813 4983 fortis
854 4944 918 4983 ac
944 4924 1221 4987 ‘strenuus
1252 4945 1524 4999 nusquam
1567 4928 1810 4983 animum
1849 4941 2009 4981 suum

431 5037 530 5092 per
561 5018 831 5075 incuriam
862 5017 1036 5089 frangi
1072 5018 1332 5089 patiatur,
1372 5019 1469 5073 sed
1489 5033 1615 5073 cum
1649 5034 1678 5072 a
1717 5016 2011 5071 formidine

433 5124 598 5186 atque
638 5111 991 5168 cunctatione
1042 5109 1192 5164 omni
1251 5108 1488 5163 liberum
1548 5119 1760 5176 servet;
1808 5124 1871 5163 ac
1907 5108 2014 5163 fide

434 5205 673 5274 perfecte
696 5204 877 5270 nixus,
907 5203 1089 5258 dicat:
1121 5220 1139 5252 ι
1174 5199 1366 5257 Omnia
1382 5213 1606 5269 possum
1635 5200 1687 5252 in
1718 5214 1785 5253 eo
1812 5199 1906 5269 qui
1927 5215 2014 5253 me

436 5295 708 5351 confortat
728 5295 948 5351 Christo
971 5295 1017 5327 ‘9
1041 5312 1055 5348 :
1078 5312 1095 5344 ι
1130 5301 1430 5361 caveatque
1476 5305 1545 5344 ne
1571 5298 1786 5344 terrena
1826 5304 2014 5361 sapere

435 5384 601 5447 velit,
632 5392 819 5453 utpote
846 5399 970 5439 cum
998 5398 1061 5437 ea
1091 5398 1180 5437 res
1201 5379 1502 5451 perniciem
1528 5377 1689 5432 nobis
1716 5377 1929 5441 afferat,
1959 5384 2016 5430 et

438 5477 582 5548 apud
608 5477 778 5531 Deum
806 5476 1084 5546 improbos
1114 5489 1233 5529 esse
1258 5473 1618 5528 demonstret.
1663 5469 1851 5540 Itaque
1888 5485 2013 5523 rur-

497 5661 544 5693 "
572 5661 733 5716 Deut.
777 5670 903 5723 χχιι,
1077 5658 1118 5687 ⁸³
1153 5654 1387 5724 Philipp.
1432 5670 1505 5720 tv,
1552 5652 1630 5705 l5.

2114 4468 2307 4541 χρῆμά
2334 4470 2481 4522 ἐστιν
2513 4468 2614 4522 οὐκ
2652 4467 2904 4540 ἀζήμιον.

2184 4558 2348 4614 ΚΥΡ.
2378 4558 2472 4630 Μὴ
2526 4558 2636 4630 γὰρ
2680 4560 2957 4634 ἔνδοιάσῃς
3010 4561 3167 4625 ὅλως.
3218 4561 3548 4634 Ἀπόὸλητον
3577 4563 3684 4633 γὰρ

2112 4648 2331 4721 κομιδῇ,
2362 4649 2454 4702 καὶ
2494 4647 2749 4719 θεομισὲς
2785 4650 2846 4703 τὸ
2870 4648 3040 4713 πάθος
3064 4665 3079 4679 ο
3127 4649 3402 4720 τοιγάρτοι
3445 4650 3539 4703 καὶ
3576 4649 3685 4703 τῶν

2113 4736 2274 4809 ἱερῶν
2305 4734 2649 4808 ἐκπέμπεται
2679 4738 2994 4805 καταλόγων
3039 4738 3069 4790 ὁ
3114 4740 3226 4802 τοῖς
3263 4739 3486 4792 τοιοῖσδε
3523 4739 3685 4808 τυχὸν

2116 4829 2453 4900 ἐγκλήμασιν
2489 4829 2824 4900 ἐνεχόμενος.
2865 4828 3076 4900 Χρῆναι
3098 4830 3207 4900 γὰρ
3228 4828 3402 4898 εγωγέ
3429 4846 3570 4900 φημι
3594 4829 3684 4881 τόν

2118 4936 2184 4988 γε
2213 4919 2430 4991 ἀληθῶς
2446 4919 2677 4990 εὐσθενῆ
2705 4938 2765 4988 τε
2800 4921 2893 4974 καὶ
2920 4921 3318 4989 γενναιότατον,
3344 4920 3567 4992 μηδαμῆ
3596 4920 3686 4974 τὸν

2118 5012 2319 5065 οἰκεῖον
2352 5009 2782 5082 περιθραύεσθαι
2817 5010 2940 5067 νοῦν
2972 5012 3322 5084 ἀμελετήτως
3360 5013 3475 5083 ὲᾷν,
3500 5011 3688 5080 δεῖμα-

2116 5119 2209 5166 τος
2236 5102 2294 5155 δὲ
2313 5102 2409 5155 καὶ
2433 5101 2596 5155 ὄκνου
2630 5103 2831 5168 παντὸς
2861 5102 3119 5175 ἀνωτέρω
3142 5103 3353 5172 τηρεῖν,
3393 5101 3486 5155 καὶ
3510 5101 3687 5153 πίστει

2120 5194 2220 5264 μὲν
2239 5195 2305 5265 τῇ
2337 5194 2418 5258 είς
2452 5193 2584 5248 Θεὸν
2619 5195 2934 5267 ἀμωμήτως
2958 5194 3348 5268 ὲρηρεισμένον
3367 5232 3383 5257 ,
3434 5212 3452 5245 ι
3505 5192 3688 5247 Πάντα

2121 5286 2342 5357 iuxtim,»
2366 5286 2563 5357 λέγειν,
2597 5290 2683 5342 «ὲν
2700 5287 2777 5357 τῷ
2791 5287 3175 5359 ἐνδυναμοῦντί
3200 5303 3268 5359 με
3288 5284 3563 5359 Χριστῷοι
3590 5300 3692 5337 πα-

2120 5379 2421 5449 ραιτεῖσθαι
2458 5381 2514 5434 δὲ
2558 5382 2636 5444 ὡς
2685 5380 2908 5451 ὀλέθρου
2948 5379 3223 5452 πρόξενον,
3269 5379 3364 5433 καὶ
3400 5376 3691 5447 ἀδοκίμους

2121 5470 2266 5540 ἡμᾶς
2309 5470 2609 5541 ἀποφαῖνον
2643 5468 2794 5542 παρὰ
2840 5469 2981 5541 Θεῷ,
3016 5469 3076 5523 τὸ
3117 5471 3334 5541 φρονεῖν
3373 5464 3589 5521 ἑλέσθαι
3623 5464 3693 5517 τὰ
