4138 6300
460 5972 465 5980 _
500 5890 504 5894 ’
559 5901 603 5938 ⁷⁸
631 5904 784 5960 Joan.
815 5921 920 5967 xxv,
951 5904 1004 5968 ‘2,
1041 5904 1090 5957 5.

468 491 566 549 ’571

1457 489 1516 546 S.
1557 487 1831 546 CYRiLLl
1873 481 2338 543 ALEXANDRINI
2376 479 2690 541 ARCiilEP.

3612 473 3717 531 372

468 633 568 672 vos
591 616 666 671 ibi
683 627 897 670 mecum
923 610 1044 696 sitis
1065 613 1133 669 ⁷³.
1158 630 1176 666 ι
1208 612 1339 685 Ejus
1371 611 1537 681 igitur
1591 611 1687 682 qui
1712 617 2035 681 praesentem

2149 609 2254 662 ἐκεῖ
2283 606 2405 679 μετ’
2434 609 2572 678 ἐμοῦ
2599 603 2719 678 ἦτε.
2765 623 2783 658 ι
2815 603 2994 668 Τύπος
3015 596 3109 657 οῦν
3139 595 3269 672 ἄρα,
3291 595 3384 652 τοῦ
3420 595 3715 667 παροικίας)

467 710 636 762 vitam
662 707 959 762 ineolatum
986 715 1181 778 putare
1211 721 1322 760 non
1355 705 1589 760 sustinet
1647 704 1874 773 ﬁguram
1901 701 2042 772 gerit

469 800 562 854 ille
611 799 706 869 qui
739 799 962 854 domum
988 798 1239 862 mdiﬁcat,
1279 806 1334 852 et
1359 798 1414 852 in
1447 797 1552 851 hoc
1593 812 1731 866 opus
1763 795 2042 850 studiosus

469 888 742 944 incumbit
773 907 786 942 :
820 887 1004 958 cupidi
1040 894 1220 943 autem
1250 887 1490 942 hominis
1545 894 1602 942 et
1635 886 1808 951 avari,
1838 883 1885 940 is
1941 884 2037 954 qui

469 978 685 1034 vineam
717 979 927 1049 plantat
966 996 978 1032 :
1011 965 1106 1048 qui
1141 990 1273 1032 vero
1305 977 1630 1032 feminarum
1666 977 1837 1031 amori
1881 977 2038 1032 dedi‘

471 1080 560 1127 tus
585 1071 771 1135 fuerit,
812 1079 867 1126 et
894 1071 1267 1142 voluptatibus
1289 1079 1605 1134 enervatus,
1631 1069 1835 1139 quique
1860 1070 2043 1124 carnis

469 1162 932 1232 concupiscentiis
966 1163 1208 1217 animum
1238 1161 1545 1226 tradiderit,
1571 1175 1698 1215 eum
1732 1160 2040 1231 signiﬁcare

469 1262 650 1324 potest
679 1255 771 1310 ille
817 1255 911 1324 qui
943 1254 1011 1309 ad
1035 1252 1488 1324 despondendum
1522 1268 1749 1307 uxorem
1789 1251 2037 1305 accessit.

469 1345 658 1414 Itaque
691 1345 944 1398 militaris
971 1345 1241 1414 praeconis
1270 1359 1402 1398 voce
1434 1359 1501 1399 ex
1546 1343 1636 1398 illa
1699 1357 1851 1397 sacra
1886 1348 1942 1395 et
1974 1341 2041 1394 ad

469 1450 708 1505 pugnam
747 1435 1024 1504 aptissima
1080 1436 1305 1491 cohorte
1343 1435 1628 1490 recedunt.
1679 1433 1810 1500 Qua:
1858 1442 2040 1488 autem

468 1526 766 1581 verisimile
811 1535 931 1581 erat
976 1543 1072 1583 eos
1131 1528 1226 1596 qui
1266 1527 1534 1599 ejusmodi
1583 1526 1735 1581 vitiis
1780 1524 2041 1595 implicati

469 1619 1020 1690 essent,etcogitare
1051 1627 1106 1674 et
1148 1620 1353 1686 dicere,
1397 1633 1463 1673 ea
1508 1633 1688 1689 praeco
1731 1618 1885 1688 prius
1929 1618 2041 1672 cla—

470 1710 673 1765 mabat.
707 1713 790 1765 An
816 1727 948 1766 vero
970 1713 1157 1783 negari
1176 1720 1376 1783 potest,
1408 1712 1542 1783 quin
1569 1713 1608 1765 ii
1667 1711 1760 1781 qui
1802 1711 2042 1781 ejusmo-

469 1799 526 1854 di
554 1801 705 1855 vitiis
736 1801 1008 1867 laborant,
1035 1803 1276 1858 libenter
1307 1803 1362 1857 in
1393 1801 1870 1874 persecutionibus
1886 1815 2044 1854 vaca-

468 1894 676 1948 tionem
721 1908 752 1946 a
781 1893 1067 1949 laboribus
1114 1895 1545 1964 amplectantur,
1579 1908 1684 1948 nec
1731 1892 1910 1948 studia
1953 1906 2041 1946 se-

467 1992 729 2054 quantur,
758 2000 880 2055 quae
923 2000 1022 2055 pro
1060 1984 1157 2039 Dei
1198 1984 1465 2040 eharitate
1500 1982 1848 2052 suscipienda
1889 1987 2038 2045 sunt,

468 2076 598 2132 dum
624 2076 884 2147 cogitant,
923 2092 981 2131 se
1012 2077 1068 2130 in
1091 2089 1158 2131 eo
1183 2075 1502 2139 certamine,
1534 2074 1580 2129 si
1604 2074 1738 2144 quid
1769 2073 1883 2142 pati
1905 2088 2040 2128 con-

468 2168 670 2238 tigerit,
699 2167 910 2233 domos,
945 2167 1318 2237 possessiones
1357 2174 1414 2223 et
1457 2164 1907 2221 charissimarum
1957 2177 2044 2217 re-

466 2273 591 2312 rum
621 2256 835 2314 fructus
857 2274 976 2314 esse
1002 2259 1331 2314 amissuros?
1352 2259 1430 2312 Ex
1459 2273 1568 2327 quo
1601 2257 1661 2310 ﬁt
1730 2263 1790 2309 ut
1850 2253 2042 2310 formi-

466 2348 642 2402 dolosi
697 2358 753 2404 et
778 2349 957 2420 ignavi
980 2349 1481 2419 deprehendantur.
1529 2347 1660 2413 Quae
1706 2347 1872 2418 igitur
1910 2361 2045 2400 con-

466 2444 790 2492 sentancum
835 2447 955 2492 erat
995 2447 1056 2492 ut
1095 2438 1174 2492 illi
1223 2446 1281 2493 et
1328 2439 1618 2501 sentirent,
1677 2443 1735 2491 et
1775 2436 2042 2498 dicerent,

472 2528 631 2599 150
685 2531 875 2586 eadem
944 2531 1125 2586 scriba
1179 2529 1544 2600 przedicabat,
1587 2527 1828 2597 obliquis
1874 2525 2044 2581 veluti

466 2621 1014 2692 reprehensionibus,
1081 2629 1139 2676 et
1181 2620 1372 2674 facetis
1415 2618 1930 2688 exprobrationibu's
1970 2615 2051 2669 fe-

468 2711 618 2768 riens
649 2713 906 2783 ignavum
935 2712 1237 2775 hominem,
1269 2719 1622 2764 excusantem
1665 2707 2050 2763 excusationes

469 2807 526 2860 in
553 2805 812 2874 peccatis,
851 2810 908 2858 et
936 2812 1194 2872 tanquam
1243 2816 1422 2856 escam
1455 2799 1748 2869 quamdam
1786 2814 1899 2854 sua:
1934 2797 2045 2852 for-

471 2893 666 2950 midini
709 2894 1016 2948 mundanas
1065 2893 1374 2961 voluptates
1423 2889 1792 2960 colligentem.
1837 2889 2043 2956 Quam-

469 2987 661 3042 obrem
685 2986 849 3057 jussit
874 2986 1018 3040 Deus
1043 2994 1102 3038 ut
1123 2991 1423 3040 extremam
1451 2997 1638 3038 vocem
1673 2983 1764 3036 ille
1797 2981 2049 3036 militaris

470 3091 650 3148 praeco
695 3087 939 3149 apertam
986 3089 1042 3134 et
1068 3078 1333 3134 detectam
1378 3077 1659 3132 emitteret
1689 3094 1703 3130 :
1732 3095 1750 3128 ‹
1795 3077 1864 3132 Ει
1913 3076 2050 3146 adji-

471 3167 636 3234 cient,
668 3168 868 3240 inquit,-
903 3169 1108 3224 Seriba:
1141 3168 1292 3239 loqui
1329 3168 1398 3223 ad
1437 3168 1720 3238 populum,
1751 3176 1808 3223 et
1826 3167 2042 3224 dicent:

2143 697 2394 771 ἡγεῖσθαι
2428 699 2503 770 μὴ
2527 697 2855 769 ἀνεχομένου
2879 696 2978 768 τὴν
3000 692 3280 766 παροῦσαν
3301 691 3464 761 ζωὴν,
3481 690 3510 742 ὁ
3539 688 3716 745 οἰκίαν

2142 789 2458 861 οἰκοδομῶν,
2499 789 2593 842 καὶ
2637 790 2759 851 ταῖς
2804 786 2934 858 περὶ
2965 784 3168 854 ταύτην
3197 781 3501 854 φιλεργίαις
3551 795 3714 832 σπουο

2143 878 2310 946 δαίως
2338 881 2653 952 ἐγκείμενος
2673 893 2686 908 ·
2709 877 2805 932 τοῦ
2826 872 2883 931 δέ
2908 876 3142 946 φιλοκτὴ
3152 891 3309 946 μονος
3336 872 3431 926 καὶ
3465 871 3714 943 φιλοκερη

2140 973 2286 1039 δοῦς,
2317 974 2346 1026 6
2375 971 2673 1042 ἀμπελῶνα
2701 968 2946 1039 φυτεύων
2966 984 2980 999 ο
3004 962 3094 1020 τὸν
3119 967 3176 1020 δέ
3207 982 3272 1034 γε
3307 959 3708 1040 γυναικομανῆ,

2143 1061 2236 1116 καί⁹
2273 1060 2732 1133 ἐπιτεθρυμμένον,
2763 1059 2857 1112 καὶ
2875 1058 2995 1120 ταῖς
3022 1059 3122 1127 τῆς
3151 1053 3354 1124 σαρκὸς
3397 1052 3713 1121 ἐπιθυμίαις

2141 1155 2391 1209 ἐπιδόντα
2429 1154 2523 1208 τὸν
2569 1153 2716 1215 νοῦν,
2770 1149 3205 1220 κατασημήνειεν
3264 1146 3329 1200 ἂν
3381 1147 3410 1199 6
3456 1144 3711 1214 γυναικὸς

2146 1249 2415 1320 μνηστείᾳ
2447 1244 2709 1318 προσιών.
2735 1241 3026 1313 Τοιγάρτοι
3051 1242 3117 1310 τῇ
3145 1236 3240 1291 τοῦ
3272 1235 3714 1305 στρατοκήρυκος

2143 1346 2318 1414 φωνῇ,
2357 1339 2455 1412 τῆς
2493 1342 2644 1412 ίερᾶς
2669 1339 2763 1393 καὶ
2793 1333 3186 1408 μαχιμωτάτης
3205 1327 3552 1400 ἀποχωροῦσι
3578 1325 3716 1396 πλη⁴

2144 1435 2290 1496 θύος.
2326 1433 2478 1487 *Δδὲ
2514 1428 2580 1504 ἦν
2612 1429 2760 1493 εἰκὸς
2800 1429 2926 1490 τοὺς
2975 1424 3203 1478 τοιοῖσδε
3253 1417 3715 1488 συνειλημμένους

2143 1528 2372 1584 πάθεσιν
2423 1527 2624 1580 ἐννοεῖν
2652 1541 2713 1578 τε
2745 1521 2843 1575 καὶ
2876 1520 3075 1588 λέγειν,
3112 1514 3286 1568 ταῦτα
3328 1512 3394 1582 δὴ
3444 1510 3656 1579 φθάσας
3685 1511 3718 1562 6

2142 1620 2321 1693 κήρυξ
2349 1618 2636 1689 ἀνεφώνει.
2670 1615 2744 1669 Ἥ
2781 1613 2882 1667 οὐκ
2903 1609 3120 1681 ἀληθὲς,
3152 1607 3227 1670 ὡς
3257 1606 3370 1668 τοῖς
3395 1603 3463 1657 τὰ
3489 1599 3715 1693 τοιαῦτα

2143 1691 2322 1764 νοσεῖν
2350 1709 2591 1771 εἰωθόσι,
2617 1707 2771 1773 φίλον
2799 1719 2914 1765 πως
2934 1703 2992 1755 ἐν
3020 1697 3281 1768 διωγμοῖς
3302 1694 3363 1746 τὸ
3377 1691 3714 1763 άφερὲπονον

2143 1803 2395 1873 ἀγαπᾷν,
2436 1801 2531 1857 καὶ
2575 1802 2696 1862 ταῖς
2740 1798 2880 1868 ὑπὲρ
2928 1794 3025 1864 τῆς
3059 1791 3142 1852 είς
3183 1788 3318 1842 Θεὸν
3365 1785 3584 1854 ἀγάπης
3638 1783 3714 1854 μὴ

2144 1891 2564 1950 κατακολουθεῖν
2593 1890 2881 1953 σπουδαῖς,
2919 1884 3232 1946 ἐννοοῦντας
3259 1881 3340 1934 ὃτι
3361 1879 3415 1931 εἴ
3433 1896 3488 1945 τι
3507 1878 3716 1946 γένοιτο

2144 1986 2338 2040 παθεῖν
2379 1982 2838 2053 ἀγωνιζομένους,
2885 1979 3049 2032 οἴκων
3080 1992 3141 2028 τε
3193 1973 3288 2028 καὶ
3319 1971 3585 2041 κτήσεων,
3620 1969 3717 2023 καὶ

2141 2079 2253 2134 τῶν
2303 2077 2454 2149 παρά
2497 2073 2650 2145 σφίσι
2686 2071 3070 2144 τετιμημένων
3118 2067 3473 2121 ἐκπίπτουσιν
3524 2061 3718 2116 ἐπιθυ‹

2147 2171 2321 2244 μιῶν;
2371 2167 2620 2222 ἐντεῦθεν
2666 2165 2775 2236 γὰρ
2815 2164 2999 2224 αὐτοῖς
3041 2159 3328 2230 συμϐαίνει
3371 2155 3432 2209 τὸ
3465 2153 3717 2223 ἀτολμω-

2143 2265 2340 2327 τάτους
2362 2259 2590 2333 ὁρᾶσθαι
2617 2257 2710 2312 καὶ
2732 2257 2993 2326 ἀγεννεῖς.
3017 2253 3195 2323 ’Ἂπερ
3221 2245 3313 2304 οὖν
3337 2247 3482 2311 εἰκὸς
3499 2247 3719 2317 φρονεῖν

2144 2373 2204 2411 τε
2244 2355 2340 2410 καὶ
2366 2355 2547 2423 λέγειν
2576 2349 2841 2411 ἐκείνους,
2876 2346 3049 2399 ταῦτα
3079 2342 3445 2411 διακέκραγεν
3486 2337 3516 2388 6
3537 2351 3718 2405 γραμ-

2150 2449 2371 2521 ματεὺς,
2401 2442 2650 2512 πλαγίοις
2667 2440 2854 2510 ῶσπερ
2887 2436 3128 2506 ἐλέγχοις
3157 2433 3251 2486 καὶ
3278 2430 3512 2521 ἀστείοις
3534 2425 3719 2480 ὀνειδιε-

2149 2518 2307 2610 σμοῖς
2340 2533 2735 2603 καταπλήττων
2756 2530 2846 2583 τὸν
2873 2527 3094 2596 ἀγεννῆ,
3128 2525 3222 2578 καὶ
3247 2518 3718 2594 προφασιζόμενον

2147 2631 2418 2702 πρόφασιν
2448 2628 2504 2679 ἐν
2539 2621 2867 2686 ἀσθενείαις,
2897 2621 2992 2674 καὶ⁴
3031 2618 3238 2690 τροφὴν
3273 2613 3459 2685 ῶσπερ
3490 2611 3614 2665 τινὰ

2146 2701 2337 2788 δειλίᾳ,
2370 2713 2640 2786 κοσμικὰς
2685 2711 2874 2784 ἡδονὰς
2906 2709 3251 2775 συλλέγοντα.
3284 2705 3382 2758 Διά
3413 2703 3572 2756 τοῦτο
3617 2701 3719 2771 τὴν

2145 2806 2460 2862 τελευταίαν
2495 2803 2698 2875 φωνὴν,
2743 2799 2960 2872 γυμνήν
3015 2816 3074 2853 τε
3122 2799 3214 2851 καὶ
3257 2792 3716 2865 ἀπημφιεσμένην

2148 2899 2421 2954 ποιεῖσθαι
2446 2897 2780 2968 προστέταχε
2807 2894 2898 2947 τὸν
2929 2893 3347 2963 στρατοκήρυκα
3368 2887 3520 2949 Θεός.
3553 2904 3571 2935 ι
3608 2883 3721 2936 Καὶ

2149 2991 2518 3064 προσθήσουσι
2562 2987 2694 3057 γάρ,
2751 2986 2935 3054 φησιν,
2984 2985 3032 3035 oi.
3083 2979 3436 3052 Γραμματεῖς
3489 2974 3721 3043 λαλῆσαι

2149 3086 2287 3159 πρὸς
2313 3085 2406 3138 τὸν
2429 3082 2576 3146 λαὸν,
2608 3079 2704 3132 καὶ
2725 3076 2961 3149 ἐροῦσιν⁸
2992 3075 3058 3129 Εἴ
3091 3091 3173 3138 τις
3206 3073 3490 3142 ἄνθρωπος
3520 3065 3719 3159 φορού-

2154 3154 2313 3251 μενος
2341 3176 2437 3230 καὶ
2466 3172 2640 3234 δειλὸς
2661 3173 2726 3239 τῇ
2762 3167 2979 3239 καρδίᾳ,
3017 3163 3332 3237 πορευέσθω
3359 3164 3436 3224 εἰς
3463 3160 3553 3213 τὸν
3573 3154 3721 3211 οἷκον

468 3261 529 3316 Si
561 3262 688 3332 quis
723 3265 808 3318 est
851 3262 1016 3317 homo
1050 3261 1278 3316 timidus
1316 3267 1374 3315 et
1415 3258 1808 3316 fermidolosus
1853 3261 2039 3323 corde,

2149 3247 2330 3334 αὐτοῦ,
2373 3266 2462 3319 ινα
2515 3263 2589 3335 μὴ
2647 3259 2886 3330 suum
2931 3257 3029 3329 τὴν
3079 3253 3306 3326 καρδίαν
3346 3250 3441 3304 τοῦ
3490 3247 3724 3317 ἀδελφοῦ

472 3351 634 3408 vadat
656 3353 711 3407 in
728 3353 950 3408 domum
975 3368 1150 3417 suam,
1202 3368 1272 3407 ne
1297 3352 1490 3407 timere
1531 3352 1694 3408 faciat
1729 3369 1824 3408 cor
1861 3353 2049 3408 fratris

473 3444 583 3507 sui,
626 3445 769 3499 sicut
808 3457 972 3498 suum
1014 3443 1187 3518 ipsius
1228 3443 1294 3496 "".
1368 3462 1387 3494 ι
1448 3444 1850 3514 Propemodum
1900 3445 2047 3500 enim

476 3534 612 3588 illud
641 3527 823 3588 dicere
842 3533 1057 3588 videtur
1077 3547 1092 3586 :'
1108 3531 1211 3598 Qui
1239 3533 1293 3587 in
1325 3533 1559 3589 terrenis
1582 3535 1749 3590 rebus
1775 3535 1966 3600 haeret,
1994 3542 2050 3589 et

474 3625 669 3679 domos
698 3623 951 3688 mdiﬁcat,
975 3631 1029 3679 et
1067 3624 1276 3694 plantat
1324 3625 1536 3691 vineas,
1583 3634 1638 3681 et
1669 3628 1855 3682 carnis
1888 3628 2048 3682 volu-

473 3714 717 3783 ptatibus
760 3715 1034 3780 vincitur,
1077 3717 1301 3772 omnino
1350 3715 1740 3774 formidolosus
1788 3720 1894 3775 erit
1930 3760 1946 3783 ,
1993 3727 2051 3774 et

477 3805 713 3862 imbellis
742 3825 755 3861 :
783 3807 1056 3879 ejusmodi
1098 3817 1281 3863 autem
1314 3809 1479 3864 homo
1510 3823 1743 3880 prorsus
1772 3811 2050 3881 improba-

479 3910 588 3964 tur,
619 3907 676 3954 et
696 3900 910 3955 caeteris
936 3900 1197 3955 damnum
1223 3901 1375 3955 dabit
1408 3918 1424 3966 ;
1485 3910 1849 3973 corrumpunt
1902 3902 2050 3958 enim

475 4002 660 4042 mores
690 3988 866 4042 bonos
893 3987 1168 4057 colloquias
1194 3989 1434 4054 mala";
1483 3997 1541 4044 et
1591 3989 1684 4059 qui
1720 3997 1871 4044 metu
1891 3989 2051 4046 facile

475 4079 737 4142 vincitur,
766 4078 814 4132 is
835 4077 1000 4132 etiam
1025 4077 1223 4133 fortem
1257 4078 1534 4133 interdum
1569 4095 1632 4135 ac
1661 4081 1840 4151 magni
1883 4081 2052 4135 animi

477 4167 655 4222 virum
687 4166 756 4221 ad-
793 4165 1064 4237 ignaviam
1106 4167 1394 4238 pertrahit.
1434 4162 1623 4237 Itaque
1655 4169 1821 4224 etiam
1858 4169 2057 4226 beatus-

478 4258 680 4313 Paulus
718 4257 969 4329 objurgat
1008 4258 1341 4323 nonnullos,
1390 4259 1485 4329 qui
1530 4259 1706 4329 ipsum
1757 4245 2052 4331 prohibere

477 4350 732 4405 volebant
782 4365 852 4405 ne
910 4349 1233 4405 ascenderet
1253 4349 1662 4421 Hierosolyma;
1705 4351 1781 4406 ait
1828 4352 1974 4406 enim
2036 4370 2048 4406 :

483 4461 503 4490 «
532 4441 673 4507 Quid
697 4440 875 4496 facitis
902 4440 1110 4506 ﬁentes,
1140 4448 1197 4494 et
1234 4439 1534 4512 amigentes
1560 4457 1656 4497 cor
1687 4444 1906 4498 meum?
1939 4439 2053 4514 Ego

476 4532 624 4587 enim
673 4548 785 4587 non
831 4532 1007 4588 solum
1046 4530 1223 4601 ligari,
1277 4532 1373 4587 sed
1406 4541 1464 4586 et
1511 4533 1647 4587 mori
1673 4542 1897 4604 paratus
1929 4549 2054 4588 sum

2151 3359 2337 3421 αὐτοῦ,
2388 3355 2576 3424 ὥσπερ
2607 3353 2706 3424 τὴν
2748 3349 2936 3404 αὑτοῦ.
2983 3365 3003 3400 ι
3045 3344 3344 3414 Μονονουχὶ
3381 3342 3491 3419 γὰρ
3536 3339 3722 3409 σαφῶς

2149 3452 2324 3507 ἐκεῖνό
2344 3465 2506 3520 φησιν
2524 3464 2538 3478 '
2581 3444 2639 3501 '0
2664 3446 2778 3507 τοῖς
2805 3442 3012 3512 γηῖνοις
3041 3437 3376 3507 ἐγκείμενος,
3407 3435 3501 3486 καὶ
3545 3431 3726 3495 οἰκίας

2149 3542 2469 3612 οἰκοδομῶν,
2496 3540 2592 3592 καὶ
2621 3534 2871 3604 φυτεύων
2901 3529 3218 3603 ἀμπελῶνα,
3250 3527 3346 3580 καὶ
3370 3527 3490 3588 ταῖς
3517 3526 3597 3586 είς
3629 3540 3726 3590 φισ

2149 3631 2445 3704 λοσαρκίαν
2482 3630 2697 3700 ἡδοναῖς
2749 3623 3082 3696 ἡττώμενος,
3121 3619 3288 3673 ἐσται
3340 3634 3442 3670 που
3505 3616 3720 3676 πάντως

2149 3727 2321 3790 δειλός
2358 3742 2418 3778 τε
2450 3722 2542 3776 καὶ
2570 3719 2811 3781 ἄναλκιςο
2830 3716 3089 3785 ἀδόκιμος
3117 3713 3174 3766 δὲ
3198 3709 3478 3772 παντελῶς
3504 3709 3531 3761 6
3550 3705 3725 3760 τοιοῦδ

2149 3836 2260 3882 τος,
2285 3817 2379 3871 καὶ
2405 3814 2540 3886 πρὸς
2569 3810 2768 3882 ζημίας
2808 3808 2956 3861 ἔσται
2997 3808 3110 3869 τοῖς
3171 3803 3381 3866 ἄλλοις·
3440 3799 3724 3870 Φθείρουσι

2150 3908 2260 3978 γάρ
2290 3905 2395 3977 ἢθη
2423 3901 2655 3975 χρηστὰ,
2678 3899 2884 3970 ὁμιλίαι
2905 3895 3091 3949 κακαί.
3122 3913 3140 3945 ι
3167 3893 3279 3947 Καὶ
3309 3890 3564 3943 καθέλκει
3586 3888 3726 3960 πρὸς

2151 3997 2436 4068 ἀνανδρίαν
2461 3992 2573 4046 ἐσθ’
2602 3994 2691 4046 ὅτε
2725 3991 2815 4044 τὸν
2839 3986 3063 4057 εύσθενῆ
3092 4003 3152 4038 τε
3179 3983 3412 4052 εύψυχον
3443 3982 3470 4033 6
3498 3978 3720 4040 δειλίαις

2152 4089 2573 4148 εὐαλωτότατος.
2621 4083 2910 4152 Τοιγάρτοι
2960 4079 3055 4131 καὶ
3099 4079 3128 4130 6
3181 4074 3466 4135 θεσπέσιος
3513 4070 3730 4132 Παῦλος

2152 4180 2388 4248 ἐπετίμα
2411 4177 2573 4240 τισὶν,
2601 4175 2650 4228 οἳ
2666 4171 2985 4227 διακωλύειν
3018 4170 3178 4224 αὑτὸν
3198 4170 3385 4240 ἤθελον
3414 4167 3726 4223 ἀναϐαίνειν

2152 4276 2232 4338 είς
2265 4269 2609 4342 Ἱεροσόλυμα
2633 4285 2647 4300 ο
2697 4267 2833 4338 φησὶ
2869 4264 2999 4336 γάρ·
3040 4283 3059 4314 ι
3105 4264 3171 4316 Τί
3207 4265 3408 4317 ποιεῖτε
3447 4261 3724 4321 κλαίοντες

2153 4365 2250 4421 κα)⁵
2281 4359 2711 4434 συνθρύπτοντές
2755 4375 2855 4430 μου
2885 4357 2982 4428 τὴν
3027 4356 3288 4428 καρδίανς
3328 4353 3470 4422 Ἐγὼ
3510 4352 3618 4423 γὰρ
3660 4351 3721 4403 ού

2156 4459 2317 4530 μόνον
2351 4454 2588 4525 δεθῆναι,
2617 4451 2754 4506 άλλά
2778 4451 2874 4504 καὶ
2889 4451 3180 4504 ἀποθανεῖν
3206 4447 3439 4516 ἑτοίμως
3459 4446 3566 4514 ἔχω
3586 4443 3726 4514 ὑπὲρ

2153 4547 2245 4602 τοῦ
2295 4544 2557 4616 ὀνόματος
2603 4541 2697 4596 τοῦ
2734 4543 2944 4612 Κυρίου
2975 4540 3132 4613 ἡμῶν
3177 4537 3350 4608 Ἰησοῦ
3405 4534 3664 4607 Χριστοῦ.
3698 4553 3726 4589 ν

477 4640 578 4694 pro
626 4624 848 4678 neruine
881 4624 1100 4678 Domini
1143 4624 1319 4679 nostri
1359 4620 1492 4680 Jesu
1535 4622 1740 4680 Christi
1778 4626 1849 4678 ".-
1887 4645 1904 4677 ι
1937 4626 2047 4681 No-

2160 4637 2500 4711 Σημειωτέον
2523 4635 2580 4691 δέ
2611 4637 2694 4690 ὅτι
2729 4635 2823 4689 καὶ
2861 4633 2972 4687 τῶν
3000 4631 3350 4703 κεκλημένων
3377 4629 3456 4692 εἰς
3482 4630 3608 4692 τοὺς
3628 4626 3726 4695 γά·

479 4716 705 4770 tandum
730 4717 917 4780 etiam,
942 4728 1136 4771 eorum
1198 4716 1292 4786 qui
1310 4715 1377 4770 ad
1396 4717 1614 4786 nuptias
1637 4717 1850 4773 invitati
1872 4727 2049 4782 erant,

481 4808 624 4861 hanc
653 4807 1062 4862 excusationem
1095 4807 1263 4862 fuisse
1305 4825 1318 4860 :
1353 4827 1372 4859 ‹
1405 4804 1603 4863 Villam
1630 4810 1738 4864 emi
1765 4850 1778 4872 ,
1820 4825 2052 4866 uxorem

383 4924 387 4928 -
481 4896 636 4958 duxi,
663 4903 719 4949 et
743 4909 854 4948 non
878 4910 1101 4964 possum
1134 4894 1320 4950 venire
1343 4897 1410 4950 ⁷⁷.
1453 4917 1472 4949 ›
1516 4897 1606 4954 Sic
1637 4900 1785 4953 enim
1812 4900 1865 4954 in
1887 4916 2054 4955 evan-

483 4987 672 5059 gnicis
703 4985 979 5057 parabolis
1001 4996 1087 5041 est
1112 4987 1404 5057 scriptum:
1425 4989 1644 5046 Minime
1676 5008 1808 5048 vero
1834 4991 2053 5048 diﬁicile

481 5088 585 5143 est,
611 5095 642 5134 e
663 5078 946 5135 veteribus
970 5077 1254 5148 exemplis,
1278 5078 1324 5132 si
1355 5077 1428 5132 ita
1451 5080 1687 5148 videtur,
1715 5082 1878 5140 ﬁdem
1925 5085 2057 5142 huic

486 5172 561 5226 rei
607 5173 803 5228 facere.

556 5265 750 5320 PALL.
786 5266 887 5322 Dic
914 5265 1080 5338 igitur
1098 5265 1216 5322 sine
1254 5265 1364 5321 ulla
1393 5266 1739 5323 cunctatione
1782 5286 1794 5322 :
1832 5270 2062 5327 utilissiv

486 5373 629 5412 mam
660 5359 806 5413 enim
833 5369 946 5414 rem
977 5358 1195 5414 feceris.

443 5473 450 5520 ι
557 5450 714 5505 CYR.
757 5451 926 5521 igitur
963 5451 1030 5506 ad
1080 5451 1230 5507 hunc
1278 5450 1504 5506 modum
1537 5449 1592 5505 in
1642 5447 1896 5505 Numeris
1926 5452 2066 5523 legi:

487 5553 610 5592 mus
639 5555 652 5590 :
688 5557 705 5587 ‹
743 5538 812 5592 Ει
855 5540 1096 5608 posthaec
1128 5540 1405 5610 profectus
1423 5550 1507 5596 est
1545 5541 1780 5612 populus
1824 5556 1891 5595 ex
1920 5540 2055 5595 Ase-

488 5632 632 5692 roth,
673 5640 729 5686 et
773 5634 1136 5688 castramctati
1179 5645 1302 5708 sunt
1345 5634 1399 5688 in
1447 5633 1668 5688 deserto
1715 5634 1948 5689 Pharae.
1996 5635 2065 5689 Et

488 5721 704 5780 loeutus
733 5735 816 5780 est
841 5724 1101 5780 Dominus
1130 5726 1193 5779 ad
1236 5726 1454 5797 Moysen
1505 5726 1692 5782 dicens
1724 5745 1736 5780 :
1781 5727 1929 5781 Mitte
1966 5726 2062 5781 tibi

1166 5904 1214 5938 "‘
1242 5906 1416 5961 Judic.
1457 5924 1542 5975 vn,
1577 5909 1626 5961 ῖῖ.

1705 5911 1746 5938 ’³
1778 5909 1798 5964 1
1853 5910 1975 5965 Cor.
2014 5925 2100 5973 xv,
2140 5905 2229 5963 55.

2163 4720 2298 4804 μους
2325 4734 2358 4802 ἡ
2395 4729 2724 4801 παραίτησις
2759 4723 2827 4798 ἦν
2871 4725 2953 4789 τὸ,
3004 4744 3025 4777 ι
3082 4724 3276 4795 Ἀγρὸν
3311 4723 3589 4792 ἠγόρασα,
3632 4720 3728 4775 καὶ

2159 4829 2388 4894 γυναῖκα
2407 4823 2608 4893 ἔγημα,
2628 4823 2723 4874 καὶ
2744 4821 2802 4874 οὐ
2830 4817 3062 4889 δύναμαι
3079 4817 3270 4870 ἐλθεῖν.
3287 4835 3304 4866 ι
3334 4817 3648 4888 Γέγραπται
3669 4813 3729 4867 δέ

2159 4917 2330 4979 οὕτως
2361 4916 2418 4969 ἐν
2439 4913 2517 4984 τῷ
2547 4910 2867 4981 Εὑαγγελίῳ
2889 4909 2984 4963 καὶ
3012 4911 3070 4961 ἐν
3091 4906 3445 4977 παραϐολαῖς.
3479 4904 3728 4959 Χαλεπὸν

2158 5008 2216 5061 δέ
2241 5007 2357 5060 οὔτι
2384 5021 2484 5057 που
2507 5004 2602 5057 καὶ
2627 5001 2698 5072 ἐξ,
2719 5001 2958 5072 ἀρχαίων
3000 4997 3484 5068 παραδειγμάτων,
3506 4995 3620 5066 εἴγε
3648 5013 3728 5050 σοι

2161 5099 2327 5163 δοκεῖ,
2349 5095 2449 5167 τὴν
2478 5093 2571 5149 ἐπὶ
2598 5091 2732 5163 τῷδε
2755 5091 3004 5162 δέχεσθαι
3026 5089 3228 5142 πίστιν.

2225 5273 2433 5327 ΠΔΛΛ.
2457 5267 2633 5340 Φράζε
2662 5267 2727 5340 δὴ
2747 5261 2858 5333 οὖν,
2887 5265 3155 5338 μελλήσας
3177 5264 3352 5319 οὐδέν·
3383 5263 3598 5334 ὀνήσεις
3624 5261 3730 5331 γάρ

2160 5358 2298 5414 λίαν.

2229 5448 2631 5521 ΚΥΡζΟύκοῦν
2684 5447 2760 5512 ὡς
2803 5450 2859 5502 ἐν
2904 5447 3015 5511 τοῖς
3070 5447 3345 5518 Ἀριθμοῖς
3382 5446 3725 5514 ἀνέγνωμεν·

2170 5561 2190 5593 ι
2234 5545 2344 5596 Καὶ
2387 5542 2527 5613 μετὰ
2564 5540 2735 5594 ταῦτα
2766 5539 2958 5610 ἐξῆρεν
2997 5541 3024 5592 ὁ
3074 5539 3202 5602 λαὸς
3233 5538 3292 5604 ἐξ
3333 5537 3600 5608 Ἀσηρὼθ,
3636 5534 3733 5586 καὶ

2163 5633 2527 5704 παρενέϐαλον
2571 5635 2630 5686 ἐν
2659 5635 2726 5702 τῇ
2777 5632 2969 5702 ἐρήμῳ
3010 5634 3075 5701 τῇ
3108 5630 3311 5700 Φαράν.
3363 5629 3472 5682 Καὶ
3502 5627 3727 5694 ἐλάλησε

2160 5725 2364 5798 Κύριος
2410 5725 2546 5795 πρὸς
2600 5724 2805 5793 Μωσῆν
2866 5723 3069 5790 λέγων·
3134 5720 3473 5774 ’Δπόστειλον
3519 5714 3733 5787 σεαυτῷ

2307 5906 2351 5939 7"
2386 5906 2503 5963 Act.
2540 5923 2646 5971 χχι,
2684 5906 2768 5959 15.
2849 5907 2890 5938 ττ
2923 5905 3054 5960 Luc.
3090 5921 3204 5972 xw,
3222 5904 3312 5957 20.
3391 5925 3394 5930 π
