  <div class='ocr_page' id='page_1' title='image "/cluster/home/n/w/nwhite01/storage/ocr_20150623/68/mdp.39015078384438/195.png"; bbox 0 0 4138 6300; ppageno 0'>
   <div class='ocr_carea' id='block_1_1' title="bbox 464 354 571 412">
    <p class='ocr_par' dir='ltr' id='par_1_1' title="bbox 464 354 571 412">
     <span class='ocr_line' id='line_1_1' title="bbox 464 354 571 412; baseline 0.019 -2"><span class='ocrx_word' id='word_1_1' title='bbox 464 354 571 412; x_wconf 68' lang='lat'><strong>375</strong></span> 
     </span>
    </p>
   </div>
   <div class='ocr_carea' id='block_1_2' title="bbox 1460 356 2699 424">
    <p class='ocr_par' dir='ltr' id='par_1_2' title="bbox 1460 356 2699 424">
     <span class='ocr_line' id='line_1_2' title="bbox 1460 356 2699 424; baseline 0.014 -15"><span class='ocrx_word' id='word_1_2' title='bbox 1460 356 1515 410; x_wconf 90' lang='lat' dir='ltr'><strong>S.</strong></span> <span class='ocrx_word' id='word_1_3' title='bbox 1557 356 1833 412; x_wconf 74' lang='lat' dir='ltr'><strong>CYRIIJJ</strong></span> <span class='ocrx_word' id='word_1_4' title='bbox 1868 358 2341 420; x_wconf 69' lang='lat' dir='ltr'><strong>ALEXANDRINI</strong></span> <span class='ocrx_word' id='word_1_5' title='bbox 2382 366 2699 424; x_wconf 78' lang='lat' dir='ltr'><strong>AllCllIEP.</strong></span> 
     </span>
    </p>
   </div>
   <div class='ocr_carea' id='block_1_3' title="bbox 3633 368 3741 426">
    <p class='ocr_par' dir='ltr' id='par_1_3' title="bbox 3633 368 3741 426">
     <span class='ocr_line' id='line_1_3' title="bbox 3633 368 3741 426; baseline 0.009 -1"><span class='ocrx_word' id='word_1_6' title='bbox 3633 368 3741 426; x_wconf 76' lang='lat'><strong>576</strong></span> 
     </span>
    </p>
   </div>
   <div class='ocr_carea' id='block_1_4' title="bbox 467 476 2078 564">
    <p class='ocr_par' dir='ltr' id='par_1_4' title="bbox 467 476 2052 551">
     <span class='ocr_line' id='line_1_4' title="bbox 467 476 2052 551; baseline 0.002 -18"><span class='ocrx_word' id='word_1_7' title='bbox 467 478 522 533; x_wconf 90' lang='lat' dir='ltr'><strong>in</strong></span> <span class='ocrx_word' id='word_1_8' title='bbox 546 477 837 551; x_wconf 66' lang='lat' dir='ltr'><strong>Egyptum</strong></span> <span class='ocrx_word' id='word_1_9' title='bbox 859 477 926 530; x_wconf 80' lang='grc'><strong>⁸³.</strong></span> <span class='ocrx_word' id='word_1_10' title='bbox 966 495 985 528; x_wconf 74' lang='grc' dir='ltr'><strong>ι</strong></span> <span class='ocrx_word' id='word_1_11' title='bbox 1035 476 1116 533; x_wconf 80' lang='lat' dir='ltr'><strong>Ad</strong></span> <span class='ocrx_word' id='word_1_12' title='bbox 1145 492 1266 534; x_wconf 86' lang='lat' dir='ltr'><strong>eam</strong></span> <span class='ocrx_word' id='word_1_13' title='bbox 1288 476 1664 535; x_wconf 80' lang='lat' dir='ltr'><strong>infelicitatem</strong></span> <span class='ocrx_word' id='word_1_14' title='bbox 1685 489 1742 536; x_wconf 90' lang='lat' dir='ltr'><strong>et</strong></span> <span class='ocrx_word' id='word_1_15' title='bbox 1782 480 2052 551; x_wconf 83' lang='lat' dir='ltr'><strong>ignaviam</strong></span> 
     </span>
    </p>
   </div>
   <div class='ocr_carea' id='block_1_5' title="bbox 2180 476 3743 564">
    <p class='ocr_par' dir='ltr' id='par_1_5' title="bbox 2180 486 3743 564">
     <span class='ocr_line' id='line_1_5' title="bbox 2180 486 3743 564; baseline 0.008 -26"><span class='ocrx_word' id='word_1_16' title='bbox 2180 486 2238 549; x_wconf 74' lang='lat' dir='ltr'><strong>i;</strong></span> <span class='ocrx_word' id='word_1_17' title='bbox 2268 487 2566 558; x_wconf 76' lang='grc' dir='ltr'>Αἴγυπτον.</span> <span class='ocrx_word' id='word_1_18' title='bbox 2589 510 2607 542; x_wconf 74' lang='grc' dir='ltr'><strong>ι</strong></span> <span class='ocrx_word' id='word_1_19' title='bbox 2636 491 2728 555; x_wconf 82' lang='grc' dir='ltr'>Εἰς</span> <span class='ocrx_word' id='word_1_20' title='bbox 2754 490 2910 546; x_wconf 79' lang='grc' dir='ltr'>τοῦτο</span> <span class='ocrx_word' id='word_1_21' title='bbox 2938 490 3039 563; x_wconf 74' lang='grc' dir='ltr'>μὲν</span> <span class='ocrx_word' id='word_1_22' title='bbox 3061 489 3375 564; x_wconf 81' lang='grc' dir='ltr'>ἀθλιότητός</span> <span class='ocrx_word' id='word_1_23' title='bbox 3390 510 3450 546; x_wconf 86' lang='grc' dir='ltr'><strong>τε</strong></span> <span class='ocrx_word' id='word_1_24' title='bbox 3467 495 3560 548; x_wconf 83' lang='grc' dir='ltr'>καὶ</span> <span class='ocrx_word' id='word_1_25' title='bbox 3572 496 3743 551; x_wconf 86' lang='grc' dir='ltr'>ἀναν-</span> 
     </span>
    </p>
   </div>
   <div class='ocr_carea' id='block_1_6' title="bbox 464 570 2052 643">
    <p class='ocr_par' dir='ltr' id='par_1_6' title="bbox 464 570 2052 643">
     <span class='ocr_line' id='line_1_6' title="bbox 464 570 2052 643; baseline 0.001 -16"><span class='ocrx_word' id='word_1_26' title='bbox 464 572 689 643; x_wconf 88' lang='lat' dir='ltr'><strong>delapsa</strong></span> <span class='ocrx_word' id='word_1_27' title='bbox 712 581 799 628; x_wconf 88' lang='lat' dir='ltr'><strong>est</strong></span> <span class='ocrx_word' id='word_1_28' title='bbox 830 571 1088 643; x_wconf 87' lang='lat' dir='ltr'><strong>universa</strong></span> <span class='ocrx_word' id='word_1_29' title='bbox 1119 571 1486 643; x_wconf 76' lang='lat' dir='ltr'><strong>congregatio.</strong></span> <span class='ocrx_word' id='word_1_30' title='bbox 1510 570 1650 627; x_wconf 87' lang='lat' dir='ltr'><strong>Cum</strong></span> <span class='ocrx_word' id='word_1_31' title='bbox 1678 587 1810 627; x_wconf 89' lang='lat' dir='ltr'><strong>vero</strong></span> <span class='ocrx_word' id='word_1_32' title='bbox 1838 572 1962 628; x_wconf 93' lang='lat' dir='ltr'><strong>illos</strong></span> <span class='ocrx_word' id='word_1_33' title='bbox 1980 573 2052 628; x_wconf 87' lang='lat' dir='ltr'><strong>ad</strong></span> 
     </span>
    </p>
   </div>
   <div class='ocr_carea' id='block_1_7' title="bbox 467 641 2055 733">
    <p class='ocr_par' dir='ltr' id='par_1_7' title="bbox 467 641 2055 733">
     <span class='ocr_line' id='line_1_7' title="bbox 467 641 2055 733; baseline 0.001 -16"><span class='ocrx_word' id='word_1_34' title='bbox 467 641 640 719; x_wconf 82' lang='lat' dir='ltr'><strong>animi</strong></span> <span class='ocrx_word' id='word_1_35' title='bbox 664 641 981 718; x_wconf 58' lang='lat' dir='ltr'><strong>ﬁrmitaiem</strong></span> <span class='ocrx_word' id='word_1_36' title='bbox 1006 641 1306 718; x_wconf 78' lang='lat' dir='ltr'><strong>transferre</strong></span> <span class='ocrx_word' id='word_1_37' title='bbox 1330 641 1739 733; x_wconf 82' lang='lat' dir='ltr'><strong>quodammodo</strong></span> <span class='ocrx_word' id='word_1_38' title='bbox 1760 676 2055 721; x_wconf 71' lang='lat' dir='ltr'><strong>conaretur</strong></span> 
     </span>
    </p>
   </div>
   <div class='ocr_carea' id='block_1_8' title="bbox 465 754 2055 826">
    <p class='ocr_par' dir='ltr' id='par_1_8' title="bbox 465 754 2055 826">
     <span class='ocr_line' id='line_1_8' title="bbox 465 754 2055 826; baseline 0 -15"><span class='ocrx_word' id='word_1_39' title='bbox 465 756 628 811; x_wconf 82' lang='lat' dir='ltr'><strong>Jesus</strong></span> <span class='ocrx_word' id='word_1_40' title='bbox 645 755 795 811; x_wconf 83' lang='lat' dir='ltr'><strong>Nave</strong></span> <span class='ocrx_word' id='word_1_41' title='bbox 820 754 986 820; x_wconf 93' lang='lat' dir='ltr'><strong>ﬁlius,</strong></span> <span class='ocrx_word' id='word_1_42' title='bbox 1021 763 1077 811; x_wconf 89' lang='lat' dir='ltr'><strong>et</strong></span> <span class='ocrx_word' id='word_1_43' title='bbox 1104 764 1317 811; x_wconf 88' lang='lat' dir='ltr'><strong>vestem</strong></span> <span class='ocrx_word' id='word_1_44' title='bbox 1354 755 1711 820; x_wconf 90' lang='lat' dir='ltr'><strong>diseinderet,</strong></span> <span class='ocrx_word' id='word_1_45' title='bbox 1745 756 2055 826; x_wconf 88' lang='lat' dir='ltr'><strong>multasque</strong></span> 
     </span>
    </p>
   </div>
   <div class='ocr_carea' id='block_1_9' title="bbox 471 840 2058 916">
    <p class='ocr_par' dir='ltr' id='par_1_9' title="bbox 471 840 2058 916">
     <span class='ocr_line' id='line_1_9' title="bbox 471 840 2058 916; baseline 0.001 -16"><span class='ocrx_word' id='word_1_46' title='bbox 471 846 661 902; x_wconf 91' lang='lat' dir='ltr'><strong>laudes</strong></span> <span class='ocrx_word' id='word_1_47' title='bbox 684 846 753 902; x_wconf 92' lang='lat' dir='ltr'><strong>de</strong></span> <span class='ocrx_word' id='word_1_48' title='bbox 777 856 924 902; x_wconf 87' lang='lat' dir='ltr'><strong>terra</strong></span> <span class='ocrx_word' id='word_1_49' title='bbox 946 846 1037 901; x_wconf 88' lang='lat' dir='ltr'><strong>illa</strong></span> <span class='ocrx_word' id='word_1_50' title='bbox 1080 846 1428 916; x_wconf 81' lang='lat' dir='ltr'><strong>praedicaret,</strong></span> <span class='ocrx_word' id='word_1_51' title='bbox 1471 846 1796 902; x_wconf 89' lang='lat' dir='ltr'><strong>conﬁrmare</strong></span> <span class='ocrx_word' id='word_1_52' title='bbox 1824 840 2058 902; x_wconf 56' lang='lat' dir='ltr'><strong>&#39;animos</strong></span> 
     </span>
    </p>
   </div>
   <div class='ocr_carea' id='block_1_10' title="bbox 470 938 2056 1010">
    <p class='ocr_par' dir='ltr' id='par_1_10' title="bbox 470 938 2056 1010">
     <span class='ocr_line' id='line_1_10' title="bbox 470 938 2056 1010; baseline 0 -17"><span class='ocrx_word' id='word_1_53' title='bbox 470 938 771 1001; x_wconf 86' lang='lat' dir='ltr'><strong>nolebant:</strong></span> <span class='ocrx_word' id='word_1_54' title='bbox 805 938 901 994; x_wconf 89' lang='lat' dir='ltr'><strong>sed</strong></span> <span class='ocrx_word' id='word_1_55' title='bbox 932 939 1103 993; x_wconf 83' lang='lat' dir='ltr'><strong>stulte</strong></span> <span class='ocrx_word' id='word_1_56' title='bbox 1127 938 1250 993; x_wconf 90' lang='lat' dir='ltr'><strong>illos</strong></span> <span class='ocrx_word' id='word_1_57' title='bbox 1278 938 1612 1009; x_wconf 85' lang='lat' dir='ltr'><strong>abjiciendo,</strong></span> <span class='ocrx_word' id='word_1_58' title='bbox 1642 955 1801 994; x_wconf 91' lang='lat' dir='ltr'><strong>suum</strong></span> <span class='ocrx_word' id='word_1_59' title='bbox 1846 954 2056 1010; x_wconf 87' lang='lat' dir='ltr'><strong>propu-</strong></span> 
     </span>
    </p>
   </div>
   <div class='ocr_carea' id='block_1_11' title="bbox 470 1029 2058 1101">
    <p class='ocr_par' dir='ltr' id='par_1_11' title="bbox 470 1029 2058 1101">
     <span class='ocr_line' id='line_1_11' title="bbox 470 1029 2058 1101; baseline -0.001 -17"><span class='ocrx_word' id='word_1_60' title='bbox 470 1037 759 1099; x_wconf 86' lang='lat' dir='ltr'><strong>gnatorem</strong></span> <span class='ocrx_word' id='word_1_61' title='bbox 804 1031 977 1086; x_wconf 92' lang='lat' dir='ltr'><strong>Deum</strong></span> <span class='ocrx_word' id='word_1_62' title='bbox 1015 1030 1259 1101; x_wconf 78' lang='lat' dir='ltr'><strong>graviter</strong></span> <span class='ocrx_word' id='word_1_63' title='bbox 1305 1030 1678 1095; x_wconf 85' lang='lat' dir='ltr'><strong>oﬁ&#39;enderunt,</strong></span> <span class='ocrx_word' id='word_1_64' title='bbox 1729 1044 1898 1100; x_wconf 86' lang='lat' dir='ltr'><strong>seque</strong></span> <span class='ocrx_word' id='word_1_65' title='bbox 1941 1029 2058 1100; x_wconf 85' lang='lat' dir='ltr'><strong>spei</strong></span> 
     </span>
    </p>
   </div>
   <div class='ocr_carea' id='block_1_12' title="bbox 471 1122 2057 1195">
    <p class='ocr_par' dir='ltr' id='par_1_12' title="bbox 471 1122 2057 1195">
     <span class='ocr_line' id='line_1_12' title="bbox 471 1122 2057 1195; baseline -0.003 -18"><span class='ocrx_word' id='word_1_66' title='bbox 471 1138 584 1178; x_wconf 73' lang='lat' dir='ltr'><strong>suae</strong></span> <span class='ocrx_word' id='word_1_67' title='bbox 601 1132 882 1195; x_wconf 89' lang='lat' dir='ltr'><strong>compotes</strong></span> <span class='ocrx_word' id='word_1_68' title='bbox 917 1122 1035 1179; x_wconf 87' lang='lat' dir='ltr'><strong>ﬁeri</strong></span> <span class='ocrx_word' id='word_1_69' title='bbox 1078 1137 1238 1194; x_wconf 89' lang='lat' dir='ltr'><strong>posse</strong></span> <span class='ocrx_word' id='word_1_70' title='bbox 1282 1122 1399 1178; x_wconf 88' lang='lat' dir='ltr'><strong>suis</strong></span> <span class='ocrx_word' id='word_1_71' title='bbox 1462 1122 1678 1177; x_wconf 88' lang='lat' dir='ltr'><strong>viribus</strong></span> <span class='ocrx_word' id='word_1_72' title='bbox 1723 1122 2057 1176; x_wconf 89' lang='lat' dir='ltr'><strong>tribuerunt.</strong></span> 
     </span>
    </p>
   </div>
   <div class='ocr_carea' id='block_1_13' title="bbox 472 1214 2058 1289">
    <p class='ocr_par' dir='ltr' id='par_1_13' title="bbox 472 1214 2058 1289">
     <span class='ocr_line' id='line_1_13' title="bbox 472 1214 2058 1289; baseline -0.002 -18"><span class='ocrx_word' id='word_1_73' title='bbox 472 1217 665 1286; x_wconf 88' lang='lat' dir='ltr'><strong>Itaque</strong></span> <span class='ocrx_word' id='word_1_74' title='bbox 711 1216 803 1271; x_wconf 88' lang='lat' dir='ltr'><strong>ille</strong></span> <span class='ocrx_word' id='word_1_75' title='bbox 849 1215 1016 1271; x_wconf 90' lang='lat' dir='ltr'><strong>etiam</strong></span> <span class='ocrx_word' id='word_1_76' title='bbox 1047 1216 1271 1289; x_wconf 82' lang='lat' dir='ltr'><strong>juravit,</strong></span> <span class='ocrx_word' id='word_1_77' title='bbox 1299 1214 1490 1270; x_wconf 89' lang='lat' dir='ltr'><strong>dicens</strong></span> <span class='ocrx_word' id='word_1_78' title='bbox 1520 1233 1533 1269; x_wconf 89' lang='lat'><strong>:</strong></span> <span class='ocrx_word' id='word_1_79' title='bbox 1572 1234 1589 1265; x_wconf 78' lang='grc' dir='ltr'><strong>ι</strong></span> <span class='ocrx_word' id='word_1_80' title='bbox 1617 1214 1674 1270; x_wconf 89' lang='lat' dir='ltr'><strong>Si</strong></span> <span class='ocrx_word' id='word_1_81' title='bbox 1711 1214 1922 1269; x_wconf 78' lang='lat' dir='ltr'><strong>videbit</strong></span> <span class='ocrx_word' id='word_1_82' title='bbox 1958 1214 2058 1268; x_wconf 92' lang='lat' dir='ltr'><strong>ali-</strong></span> 
     </span>
    </p>
   </div>
   <div class='ocr_carea' id='block_1_14' title="bbox 471 1306 2062 1379">
    <p class='ocr_par' dir='ltr' id='par_1_14' title="bbox 471 1306 2062 1379">
     <span class='ocr_line' id='line_1_14' title="bbox 471 1306 2062 1379; baseline -0.001 -16"><span class='ocrx_word' id='word_1_83' title='bbox 471 1309 598 1379; x_wconf 87' lang='lat' dir='ltr'><strong>quis</strong></span> <span class='ocrx_word' id='word_1_84' title='bbox 624 1308 823 1365; x_wconf 89' lang='lat' dir='ltr'><strong>horum</strong></span> <span class='ocrx_word' id='word_1_85' title='bbox 845 1308 1131 1363; x_wconf 83' lang='lat' dir='ltr'><strong>hominum</strong></span> <span class='ocrx_word' id='word_1_86' title='bbox 1174 1316 1376 1362; x_wconf 90' lang='lat' dir='ltr'><strong>terram</strong></span> <span class='ocrx_word' id='word_1_87' title='bbox 1408 1322 1572 1377; x_wconf 90' lang='lat' dir='ltr'><strong>quam</strong></span> <span class='ocrx_word' id='word_1_88' title='bbox 1595 1307 1773 1378; x_wconf 85' lang='lat' dir='ltr'><strong>juravi</strong></span> <span class='ocrx_word' id='word_1_89' title='bbox 1807 1306 2062 1377; x_wconf 88' lang='lat' dir='ltr'><strong>patribus</strong></span> 
     </span>
    </p>
   </div>
   <div class='ocr_carea' id='block_1_15' title="bbox 472 1381 2058 1469">
    <p class='ocr_par' dir='ltr' id='par_1_15' title="bbox 472 1381 2058 1469">
     <span class='ocr_line' id='line_1_15' title="bbox 472 1381 2058 1469; baseline -0.002 -16"><span class='ocrx_word' id='word_1_90' title='bbox 472 1413 686 1464; x_wconf 87' lang='lat' dir='ltr'><strong>eorum,</strong></span> <span class='ocrx_word' id='word_1_91' title='bbox 716 1397 1103 1469; x_wconf 67' lang='lat' dir='ltr'><strong>praeterCaleb</strong></span> <span class='ocrx_word' id='word_1_92' title='bbox 1137 1397 1309 1452; x_wconf 81' lang='lat' dir='ltr'><strong>ﬁlium</strong></span> <span class='ocrx_word' id='word_1_93' title='bbox 1345 1397 1612 1467; x_wconf 85' lang='lat' dir='ltr'><strong>Jepbone,</strong></span> <span class='ocrx_word' id='word_1_94' title='bbox 1647 1406 1703 1451; x_wconf 89' lang='lat' dir='ltr'><strong>et</strong></span> <span class='ocrx_word' id='word_1_95' title='bbox 1730 1381 1915 1451; x_wconf 77' lang='lat' dir='ltr'><strong>.lesum</strong></span> <span class='ocrx_word' id='word_1_96' title='bbox 1951 1395 2058 1450; x_wconf 86' lang='lat' dir='ltr'><strong>Na-</strong></span> 
     </span>
    </p>
   </div>
   <div class='ocr_carea' id='block_1_16' title="bbox 472 1486 2062 1562">
    <p class='ocr_par' dir='ltr' id='par_1_16' title="bbox 472 1486 2062 1562">
     <span class='ocr_line' id='line_1_16' title="bbox 472 1486 2062 1562; baseline -0.003 -17"><span class='ocrx_word' id='word_1_97' title='bbox 472 1506 540 1545; x_wconf 87' lang='lat' dir='ltr'><strong>ve</strong></span> <span class='ocrx_word' id='word_1_98' title='bbox 560 1489 627 1544; x_wconf 83' lang='grc'><strong>⁸³.</strong></span> <span class='ocrx_word' id='word_1_99' title='bbox 662 1509 681 1541; x_wconf 82' lang='grc'>›</span> <span class='ocrx_word' id='word_1_100' title='bbox 724 1489 867 1545; x_wconf 87' lang='lat' dir='ltr'><strong>Num</strong></span> <span class='ocrx_word' id='word_1_101' title='bbox 898 1489 1067 1562; x_wconf 83' lang='lat' dir='ltr'><strong>igitur</strong></span> <span class='ocrx_word' id='word_1_102' title='bbox 1096 1497 1181 1545; x_wconf 90' lang='lat' dir='ltr'><strong>est</strong></span> <span class='ocrx_word' id='word_1_103' title='bbox 1202 1489 1520 1559; x_wconf 89' lang='lat' dir='ltr'><strong>ambiguum</strong></span> <span class='ocrx_word' id='word_1_104' title='bbox 1555 1488 1687 1559; x_wconf 92' lang='lat' dir='ltr'><strong>quin</strong></span> <span class='ocrx_word' id='word_1_105' title='bbox 1716 1488 1882 1542; x_wconf 87' lang='lat' dir='ltr'><strong>homo</strong></span> <span class='ocrx_word' id='word_1_106' title='bbox 1914 1486 2062 1540; x_wconf 91' lang='lat' dir='ltr'><strong>timi-</strong></span> 
     </span>
    </p>
   </div>
   <div class='ocr_carea' id='block_1_17' title="bbox 473 1576 2064 1650">
    <p class='ocr_par' dir='ltr' id='par_1_17' title="bbox 473 1576 2064 1650">
     <span class='ocr_line' id='line_1_17' title="bbox 473 1576 2064 1650; baseline -0.003 -16"><span class='ocrx_word' id='word_1_107' title='bbox 473 1580 600 1646; x_wconf 88' lang='lat' dir='ltr'><strong>dus,</strong></span> <span class='ocrx_word' id='word_1_108' title='bbox 629 1587 687 1636; x_wconf 89' lang='lat' dir='ltr'><strong>et</strong></span> <span class='ocrx_word' id='word_1_109' title='bbox 723 1580 931 1636; x_wconf 89' lang='lat' dir='ltr'><strong>laboris</strong></span> <span class='ocrx_word' id='word_1_110' title='bbox 965 1580 1279 1650; x_wconf 87' lang='lat' dir='ltr'><strong>impatiens,</strong></span> <span class='ocrx_word' id='word_1_111' title='bbox 1321 1587 1379 1633; x_wconf 88' lang='lat' dir='ltr'><strong>et</strong></span> <span class='ocrx_word' id='word_1_112' title='bbox 1420 1577 1650 1633; x_wconf 68' lang='lat' dir='ltr'><strong>modicae</strong></span> <span class='ocrx_word' id='word_1_113' title='bbox 1699 1576 1848 1642; x_wconf 85' lang='lat' dir='ltr'><strong>ﬁdei,</strong></span> <span class='ocrx_word' id='word_1_114' title='bbox 1876 1591 2064 1631; x_wconf 89' lang='lat' dir='ltr'><strong>secum</strong></span> 
     </span>
    </p>
   </div>
   <div class='ocr_carea' id='block_1_18' title="bbox 475 1668 2064 1743">
    <p class='ocr_par' dir='ltr' id='par_1_18' title="bbox 475 1668 2064 1743">
     <span class='ocr_line' id='line_1_18' title="bbox 475 1668 2064 1743; baseline -0.003 -18"><span class='ocrx_word' id='word_1_115' title='bbox 475 1672 644 1726; x_wconf 90' lang='lat' dir='ltr'><strong>etiam</strong></span> <span class='ocrx_word' id='word_1_116' title='bbox 672 1680 902 1728; x_wconf 74' lang='lat' dir='ltr'><strong>caeteros</strong></span> <span class='ocrx_word' id='word_1_117' title='bbox 925 1670 1142 1743; x_wconf 86' lang='lat' dir='ltr'><strong>perdat,</strong></span> <span class='ocrx_word' id='word_1_118' title='bbox 1182 1685 1323 1742; x_wconf 93' lang='lat' dir='ltr'><strong>quos</strong></span> <span class='ocrx_word' id='word_1_119' title='bbox 1359 1670 1665 1740; x_wconf 87' lang='lat' dir='ltr'><strong>corrumpit</strong></span> <span class='ocrx_word' id='word_1_120' title='bbox 1697 1668 1855 1724; x_wconf 87' lang='lat' dir='ltr'><strong>malis</strong></span> <span class='ocrx_word' id='word_1_121' title='bbox 1893 1668 2064 1722; x_wconf 91' lang='lat' dir='ltr'><strong>collo-</strong></span> 
     </span>
    </p>
   </div>
   <div class='ocr_carea' id='block_1_19' title="bbox 476 1752 2061 1833">
    <p class='ocr_par' dir='ltr' id='par_1_19' title="bbox 476 1752 2061 1833">
     <span class='ocr_line' id='line_1_19' title="bbox 476 1752 2061 1833; baseline -0.003 -16"><span class='ocrx_word' id='word_1_122' title='bbox 476 1762 644 1833; x_wconf 88' lang='lat' dir='ltr'><strong>quiis,</strong></span> <span class='ocrx_word' id='word_1_123' title='bbox 670 1776 733 1817; x_wconf 90' lang='lat' dir='ltr'><strong>ac</strong></span> <span class='ocrx_word' id='word_1_124' title='bbox 754 1762 919 1817; x_wconf 89' lang='lat' dir='ltr'><strong>sortis</strong></span> <span class='ocrx_word' id='word_1_125' title='bbox 954 1761 1124 1828; x_wconf 86' lang='lat' dir='ltr'><strong>illius,</strong></span> <span class='ocrx_word' id='word_1_126' title='bbox 1148 1762 1377 1833; x_wconf 89' lang='lat' dir='ltr'><strong>speique</strong></span> <span class='ocrx_word' id='word_1_127' title='bbox 1410 1752 1672 1817; x_wconf 70' lang='lat' dir='ltr'><strong>in‘Deum</strong></span> <span class='ocrx_word' id='word_1_128' title='bbox 1710 1761 1784 1816; x_wconf 90' lang='lat' dir='ltr'><strong>sit</strong></span> <span class='ocrx_word' id='word_1_129' title='bbox 1824 1773 2061 1829; x_wconf 80' lang='lat' dir='ltr'><strong>expers;</strong></span> 
     </span>
    </p>
   </div>
   <div class='ocr_carea' id='block_1_20' title="bbox 2155 578 3744 658">
    <p class='ocr_par' dir='ltr' id='par_1_20' title="bbox 2155 578 3744 658">
     <span class='ocr_line' id='line_1_20' title="bbox 2155 578 3744 658; baseline 0.007 -26"><span class='ocrx_word' id='word_1_130' title='bbox 2155 578 2311 649; x_wconf 90' lang='grc' dir='ltr'>δρίας</span> <span class='ocrx_word' id='word_1_131' title='bbox 2337 584 2372 654; x_wconf 85' lang='grc' dir='ltr'><strong>ἡ</strong></span> <span class='ocrx_word' id='word_1_132' title='bbox 2411 585 2562 638; x_wconf 76' lang='grc' dir='ltr'>πᾶσα</span> <span class='ocrx_word' id='word_1_133' title='bbox 2593 582 2902 639; x_wconf 77' lang='grc' dir='ltr'>κατώλισθε</span> <span class='ocrx_word' id='word_1_134' title='bbox 2935 587 3250 658; x_wconf 86' lang='grc' dir='ltr'>συναγωγή.</span> <span class='ocrx_word' id='word_1_135' title='bbox 3279 587 3652 654; x_wconf 85' lang='grc' dir='ltr'>Μεθιστάντος</span> <span class='ocrx_word' id='word_1_136' title='bbox 3680 590 3744 644; x_wconf 70' lang='grc' dir='ltr'>δὲ</span> 
     </span>
    </p>
   </div>
   <div class='ocr_carea' id='block_1_21' title="bbox 2157 671 3747 753">
    <p class='ocr_par' dir='ltr' id='par_1_21' title="bbox 2157 671 3747 753">
     <span class='ocr_line' id='line_1_21' title="bbox 2157 671 3747 753; baseline 0.008 -27"><span class='ocrx_word' id='word_1_137' title='bbox 2157 671 2345 748; x_wconf 79' lang='grc' dir='ltr'>ὥσπερ</span> <span class='ocrx_word' id='word_1_138' title='bbox 2375 678 2456 741; x_wconf 86' lang='grc' dir='ltr'><strong>είς</strong></span> <span class='ocrx_word' id='word_1_139' title='bbox 2494 676 2787 749; x_wconf 78' lang='grc' dir='ltr'><strong>εὐτολμίαν</strong></span> <span class='ocrx_word' id='word_1_140' title='bbox 2831 678 3031 742; x_wconf 77' lang='grc' dir='ltr'>αὐτοὺς</span> <span class='ocrx_word' id='word_1_141' title='bbox 3066 679 3244 750; x_wconf 85' lang='grc' dir='ltr'><strong>Ἰησοῦ</strong></span> <span class='ocrx_word' id='word_1_142' title='bbox 3285 679 3383 734; x_wconf 83' lang='grc' dir='ltr'>τοῦ</span> <span class='ocrx_word' id='word_1_143' title='bbox 3423 679 3599 753; x_wconf 81' lang='grc' dir='ltr'>Ναυῆ,</span> <span class='ocrx_word' id='word_1_144' title='bbox 3645 684 3747 738; x_wconf 73' lang='grc' dir='ltr'>καὶ</span> 
     </span>
    </p>
   </div>
   <div class='ocr_carea' id='block_1_22' title="bbox 2159 769 3745 845">
    <p class='ocr_par' dir='ltr' id='par_1_22' title="bbox 2159 769 3745 845">
     <span class='ocr_line' id='line_1_22' title="bbox 2159 769 3745 845; baseline 0.008 -27"><span class='ocrx_word' id='word_1_145' title='bbox 2159 769 2627 841; x_wconf 74' lang='grc' dir='ltr'>περιρρηγνύντος</span> <span class='ocrx_word' id='word_1_146' title='bbox 2662 770 2761 842; x_wconf 86' lang='grc' dir='ltr'>μὲν</span> <span class='ocrx_word' id='word_1_147' title='bbox 2806 772 2907 841; x_wconf 80' lang='grc' dir='ltr'>τὴν</span> <span class='ocrx_word' id='word_1_148' title='bbox 2937 771 3160 843; x_wconf 77' lang='grc' dir='ltr'>ἐσθῆτα,</span> <span class='ocrx_word' id='word_1_149' title='bbox 3196 772 3370 845; x_wconf 86' lang='grc' dir='ltr'>μυρία</span> <span class='ocrx_word' id='word_1_150' title='bbox 3416 773 3474 828; x_wconf 81' lang='grc' dir='ltr'>δὲ</span> <span class='ocrx_word' id='word_1_151' title='bbox 3502 775 3604 829; x_wconf 80' lang='grc' dir='ltr'>ὅσα</span> <span class='ocrx_word' id='word_1_152' title='bbox 3639 774 3745 844; x_wconf 84' lang='grc' dir='ltr'>τῆς</span> 
     </span>
    </p>
   </div>
   <div class='ocr_carea' id='block_1_23' title="bbox 2159 859 3742 938">
    <p class='ocr_par' dir='ltr' id='par_1_23' title="bbox 2159 859 3742 938">
     <span class='ocr_line' id='line_1_23' title="bbox 2159 859 3742 938; baseline 0.006 -27"><span class='ocrx_word' id='word_1_153' title='bbox 2159 859 2261 929; x_wconf 80' lang='grc' dir='ltr'><strong>γῆς</strong></span> <span class='ocrx_word' id='word_1_154' title='bbox 2304 860 2558 932; x_wconf 77' lang='grc' dir='ltr'>ἐγκώμια</span> <span class='ocrx_word' id='word_1_155' title='bbox 2592 862 2977 935; x_wconf 80' lang='grc' dir='ltr'><strong>καταχέοντος,</strong></span> <span class='ocrx_word' id='word_1_156' title='bbox 3017 865 3349 938; x_wconf 88' lang='grc' dir='ltr'>ἀναθαρσεῖν</span> <span class='ocrx_word' id='word_1_157' title='bbox 3379 866 3482 921; x_wconf 82' lang='grc' dir='ltr'>οὐκ</span> <span class='ocrx_word' id='word_1_158' title='bbox 3515 866 3704 938; x_wconf 76' lang='grc' dir='ltr'>ἡθελον</span> <span class='ocrx_word' id='word_1_159' title='bbox 3724 884 3742 898; x_wconf 76' lang='grc'><strong><em>⁸</em></strong></span> 
     </span>
    </p>
   </div>
   <div class='ocr_carea' id='block_1_24' title="bbox 2161 950 3747 1028">
    <p class='ocr_par' dir='ltr' id='par_1_24' title="bbox 2161 950 3747 1028">
     <span class='ocr_line' id='line_1_24' title="bbox 2161 950 3747 1028; baseline 0.006 -26"><span class='ocrx_word' id='word_1_160' title='bbox 2161 950 2604 1018; x_wconf 82' lang='grc' dir='ltr'>καταλυποῢντες</span> <span class='ocrx_word' id='word_1_161' title='bbox 2657 955 2716 1009; x_wconf 82' lang='grc' dir='ltr'>δὲ</span> <span class='ocrx_word' id='word_1_162' title='bbox 2758 957 2879 1020; x_wconf 85' lang='grc' dir='ltr'>ταῖς</span> <span class='ocrx_word' id='word_1_163' title='bbox 2928 956 3180 1028; x_wconf 80' lang='grc' dir='ltr'><strong>ἀνοήτοις</strong></span> <span class='ocrx_word' id='word_1_164' title='bbox 3221 956 3612 1028; x_wconf 77' lang='grc' dir='ltr'>μικροψυχίαις</span> <span class='ocrx_word' id='word_1_165' title='bbox 3649 958 3747 1011; x_wconf 76' lang='grc' dir='ltr'>τὸν</span> 
     </span>
    </p>
   </div>
   <div class='ocr_carea' id='block_1_25' title="bbox 2162 1041 3749 1118">
    <p class='ocr_par' dir='ltr' id='par_1_25' title="bbox 2162 1041 3749 1118">
     <span class='ocr_line' id='line_1_25' title="bbox 2162 1041 3749 1118; baseline 0.003 -22"><span class='ocrx_word' id='word_1_166' title='bbox 2162 1041 2513 1113; x_wconf 81' lang='grc' dir='ltr'>ὲπαμύνοντα</span> <span class='ocrx_word' id='word_1_167' title='bbox 2542 1044 2698 1113; x_wconf 84' lang='grc' dir='ltr'><strong>Θεὸν,</strong></span> <span class='ocrx_word' id='word_1_168' title='bbox 2718 1046 2813 1100; x_wconf 72' lang='grc' dir='ltr'>καὶ</span> <span class='ocrx_word' id='word_1_169' title='bbox 2840 1049 2963 1111; x_wconf 86' lang='grc' dir='ltr'>ταῖς</span> <span class='ocrx_word' id='word_1_170' title='bbox 2992 1046 3204 1102; x_wconf 80' lang='grc' dir='ltr'>ἑαυτῶν</span> <span class='ocrx_word' id='word_1_171' title='bbox 3235 1047 3529 1118; x_wconf 87' lang='grc' dir='ltr'>δυνάμεσιν</span> <span class='ocrx_word' id='word_1_172' title='bbox 3551 1048 3749 1101; x_wconf 81' lang='grc' dir='ltr'>ἀπονέ-</span> 
     </span>
    </p>
   </div>
   <div class='ocr_carea' id='block_1_26' title="bbox 2166 1135 3750 1210">
    <p class='ocr_par' dir='ltr' id='par_1_26' title="bbox 2166 1135 3750 1210">
     <span class='ocr_line' id='line_1_26' title="bbox 2166 1135 3750 1210; baseline 0.003 -22"><span class='ocrx_word' id='word_1_173' title='bbox 2166 1150 2359 1203; x_wconf 85' lang='grc' dir='ltr'>μοντες</span> <span class='ocrx_word' id='word_1_174' title='bbox 2389 1135 2491 1207; x_wconf 84' lang='grc' dir='ltr'>τὴν</span> <span class='ocrx_word' id='word_1_175' title='bbox 2516 1136 2615 1208; x_wconf 82' lang='grc' dir='ltr'>τῆς</span> <span class='ocrx_word' id='word_1_176' title='bbox 2640 1137 2854 1203; x_wconf 81' lang='grc' dir='ltr'><strong>ἐλπίδος</strong></span> <span class='ocrx_word' id='word_1_177' title='bbox 2874 1137 3237 1210; x_wconf 87' lang='grc' dir='ltr'>κατόρθωσιν.</span> <span class='ocrx_word' id='word_1_178' title='bbox 3253 1138 3545 1210; x_wconf 86' lang='grc' dir='ltr'>Τοιγάρτοι</span> <span class='ocrx_word' id='word_1_179' title='bbox 3559 1137 3750 1192; x_wconf 74' lang='grc' dir='ltr'>λοιπὸν</span> 
     </span>
    </p>
   </div>
   <div class='ocr_carea' id='block_1_27' title="bbox 2164 1225 3750 1301">
    <p class='ocr_par' dir='ltr' id='par_1_27' title="bbox 2164 1225 3750 1301">
     <span class='ocr_line' id='line_1_27' title="bbox 2164 1225 3750 1301; baseline 0.004 -23"><span class='ocrx_word' id='word_1_180' title='bbox 2164 1225 2259 1279; x_wconf 79' lang='grc' dir='ltr'>καὶ</span> <span class='ocrx_word' id='word_1_181' title='bbox 2289 1226 2546 1298; x_wconf 85' lang='grc' dir='ltr'>ἀπώμνυ,</span> <span class='ocrx_word' id='word_1_182' title='bbox 2597 1229 2771 1299; x_wconf 82' lang='grc' dir='ltr'>λέγων</span> <span class='ocrx_word' id='word_1_183' title='bbox 2799 1247 2814 1263; x_wconf 78' lang='grc' dir='ltr'><strong><em>ο</em></strong></span> <span class='ocrx_word' id='word_1_184' title='bbox 2852 1252 2871 1283; x_wconf 75' lang='grc' dir='ltr'><strong>ι</strong></span> <span class='ocrx_word' id='word_1_185' title='bbox 2910 1229 2974 1284; x_wconf 84' lang='grc' dir='ltr'><strong>Εἰ</strong></span> <span class='ocrx_word' id='word_1_186' title='bbox 3026 1228 3217 1300; x_wconf 78' lang='grc' dir='ltr'>δψεταί</span> <span class='ocrx_word' id='word_1_187' title='bbox 3253 1246 3337 1294; x_wconf 87' lang='grc' dir='ltr'><strong>τις</strong></span> <span class='ocrx_word' id='word_1_188' title='bbox 3385 1229 3494 1285; x_wconf 85' lang='grc' dir='ltr'>τῶν</span> <span class='ocrx_word' id='word_1_189' title='bbox 3535 1230 3750 1301; x_wconf 86' lang='grc' dir='ltr'>ἀνδρῶν</span> 
     </span>
    </p>
   </div>
   <div class='ocr_carea' id='block_1_28' title="bbox 2164 1316 3745 1393">
    <p class='ocr_par' dir='ltr' id='par_1_28' title="bbox 2164 1316 3745 1393">
     <span class='ocr_line' id='line_1_28' title="bbox 2164 1316 3745 1393; baseline 0.003 -24"><span class='ocrx_word' id='word_1_190' title='bbox 2164 1316 2370 1371; x_wconf 76' lang='grc' dir='ltr'>τούτων</span> <span class='ocrx_word' id='word_1_191' title='bbox 2409 1317 2506 1390; x_wconf 77' lang='grc' dir='ltr'>τὴν</span> <span class='ocrx_word' id='word_1_192' title='bbox 2538 1318 2665 1390; x_wconf 85' lang='grc' dir='ltr'>γῆν,</span> <span class='ocrx_word' id='word_1_193' title='bbox 2721 1320 2789 1392; x_wconf 81' lang='grc' dir='ltr'>ἥν</span> <span class='ocrx_word' id='word_1_194' title='bbox 2835 1318 3029 1391; x_wconf 78' lang='grc' dir='ltr'>ὤμοσα</span> <span class='ocrx_word' id='word_1_195' title='bbox 3084 1322 3197 1384; x_wconf 85' lang='grc' dir='ltr'>τοῖς</span> <span class='ocrx_word' id='word_1_196' title='bbox 3238 1321 3513 1393; x_wconf 84' lang='grc' dir='ltr'>πατράσιν</span> <span class='ocrx_word' id='word_1_197' title='bbox 3540 1320 3745 1383; x_wconf 81' lang='grc' dir='ltr'>αὐτῶν.</span> 
     </span>
    </p>
   </div>
   <div class='ocr_carea' id='block_1_29' title="bbox 2167 1408 3744 1484">
    <p class='ocr_par' dir='ltr' id='par_1_29' title="bbox 2167 1408 3744 1484">
     <span class='ocr_line' id='line_1_29' title="bbox 2167 1408 3744 1484; baseline 0.001 -21"><span class='ocrx_word' id='word_1_198' title='bbox 2167 1408 2307 1481; x_wconf 85' lang='grc' dir='ltr'>πλὴν</span> <span class='ocrx_word' id='word_1_199' title='bbox 2338 1409 2518 1463; x_wconf 80' lang='grc' dir='ltr'>Χαλὲϐ</span> <span class='ocrx_word' id='word_1_200' title='bbox 2552 1411 2666 1475; x_wconf 82' lang='grc' dir='ltr'>υἱὸς</span> <span class='ocrx_word' id='word_1_201' title='bbox 2707 1412 2939 1483; x_wconf 82' lang='grc' dir='ltr'>Ἰεφονῆ,</span> <span class='ocrx_word' id='word_1_202' title='bbox 2973 1413 3069 1467; x_wconf 73' lang='grc' dir='ltr'>καὶ</span> <span class='ocrx_word' id='word_1_203' title='bbox 3110 1413 3318 1484; x_wconf 77' lang='grc' dir='ltr'>Ἰησοῦς</span> <span class='ocrx_word' id='word_1_204' title='bbox 3344 1414 3373 1467; x_wconf 88' lang='lat'><strong>6</strong></span> <span class='ocrx_word' id='word_1_205' title='bbox 3394 1414 3489 1467; x_wconf 85' lang='grc' dir='ltr'>τοῦ</span> <span class='ocrx_word' id='word_1_206' title='bbox 3516 1413 3689 1481; x_wconf 81' lang='grc' dir='ltr'>Ναυῆ.</span> <span class='ocrx_word' id='word_1_207' title='bbox 3722 1432 3744 1464; x_wconf 73' lang='grc' dir='ltr'><strong>ι</strong></span> 
     </span>
    </p>
   </div>
   <div class='ocr_carea' id='block_1_30' title="bbox 2164 1494 3750 1572">
    <p class='ocr_par' dir='ltr' id='par_1_30' title="bbox 2164 1494 3750 1572">
     <span class='ocr_line' id='line_1_30' title="bbox 2164 1494 3750 1572; baseline 0.003 -21"><span class='ocrx_word' id='word_1_208' title='bbox 2164 1494 2315 1571; x_wconf 72' lang='grc' dir='ltr'>Ἀρά</span> <span class='ocrx_word' id='word_1_209' title='bbox 2341 1500 2486 1555; x_wconf 75' lang='grc' dir='ltr'>ἐστιν</span> <span class='ocrx_word' id='word_1_210' title='bbox 2509 1500 2811 1555; x_wconf 78' lang='grc' dir='ltr'>ἐνδοιαστὸν</span> <span class='ocrx_word' id='word_1_211' title='bbox 2840 1501 2916 1564; x_wconf 84' lang='grc' dir='ltr'><strong>ὡς</strong></span> <span class='ocrx_word' id='word_1_212' title='bbox 2939 1503 2969 1554; x_wconf 96' lang='lat'><strong>6</strong></span> <span class='ocrx_word' id='word_1_213' title='bbox 2996 1501 3167 1565; x_wconf 83' lang='grc' dir='ltr'>δειλός</span> <span class='ocrx_word' id='word_1_214' title='bbox 3187 1519 3247 1554; x_wconf 84' lang='grc' dir='ltr'><strong>τε</strong></span> <span class='ocrx_word' id='word_1_215' title='bbox 3267 1503 3362 1555; x_wconf 71' lang='grc' dir='ltr'>καὶ</span> <span class='ocrx_word' id='word_1_216' title='bbox 3387 1501 3750 1572; x_wconf 81' lang='grc' dir='ltr'>ἀφερέπονος,</span> 
     </span>
    </p>
   </div>
   <div class='ocr_carea' id='block_1_31' title="bbox 2166 1590 3753 1665">
    <p class='ocr_par' dir='ltr' id='par_1_31' title="bbox 2166 1590 3753 1665">
     <span class='ocr_line' id='line_1_31' title="bbox 2166 1590 3753 1665; baseline 0.001 -21"><span class='ocrx_word' id='word_1_217' title='bbox 2166 1592 2263 1645; x_wconf 71' lang='grc' dir='ltr'>καὶ</span> <span class='ocrx_word' id='word_1_218' title='bbox 2292 1591 2502 1665; x_wconf 76' lang='grc' dir='ltr'>βραχὺς</span> <span class='ocrx_word' id='word_1_219' title='bbox 2527 1591 2607 1656; x_wconf 84' lang='grc' dir='ltr'><strong>είς</strong></span> <span class='ocrx_word' id='word_1_220' title='bbox 2630 1592 2835 1658; x_wconf 89' lang='grc' dir='ltr'>πίστιν,</span> <span class='ocrx_word' id='word_1_221' title='bbox 2859 1591 3302 1665; x_wconf 76' lang='grc' dir='ltr'>προσαπόλλυσιν</span> <span class='ocrx_word' id='word_1_222' title='bbox 3336 1590 3488 1663; x_wconf 80' lang='grc' dir='ltr'>αὐτῷ</span> <span class='ocrx_word' id='word_1_223' title='bbox 3516 1593 3610 1646; x_wconf 72' lang='grc' dir='ltr'>καὶ</span> <span class='ocrx_word' id='word_1_224' title='bbox 3629 1592 3753 1645; x_wconf 71' lang='grc' dir='ltr'><strong>ἑτέ-ο</strong></span> 
     </span>
    </p>
   </div>
   <div class='ocr_carea' id='block_1_32' title="bbox 2172 1682 3754 1756">
    <p class='ocr_par' dir='ltr' id='par_1_32' title="bbox 2172 1682 3754 1756">
     <span class='ocr_line' id='line_1_32' title="bbox 2172 1682 3754 1756; baseline 0 -20"><span class='ocrx_word' id='word_1_225' title='bbox 2172 1701 2318 1755; x_wconf 85' lang='grc' dir='ltr'>ρους,</span> <span class='ocrx_word' id='word_1_226' title='bbox 2347 1686 2547 1747; x_wconf 81' lang='grc' dir='ltr'><strong>κακαῖς</strong></span> <span class='ocrx_word' id='word_1_227' title='bbox 2574 1685 2973 1756; x_wconf 86' lang='grc' dir='ltr'>παραφθείρων</span> <span class='ocrx_word' id='word_1_228' title='bbox 3000 1685 3261 1755; x_wconf 82' lang='grc' dir='ltr'>ὁμιλίαις,</span> <span class='ocrx_word' id='word_1_229' title='bbox 3295 1682 3497 1754; x_wconf 82' lang='grc' dir='ltr'>κλήρου</span> <span class='ocrx_word' id='word_1_230' title='bbox 3529 1699 3587 1736; x_wconf 87' lang='grc' dir='ltr'><strong>τε</strong></span> <span class='ocrx_word' id='word_1_231' title='bbox 3613 1683 3754 1736; x_wconf 88' lang='grc' dir='ltr'>ἀπο-</span> 
     </span>
    </p>
   </div>
   <div class='ocr_carea' id='block_1_33' title="bbox 2169 1775 3755 1849">
    <p class='ocr_par' dir='ltr' id='par_1_33' title="bbox 2169 1775 3755 1849">
     <span class='ocr_line' id='line_1_33' title="bbox 2169 1775 3755 1849; baseline -0.001 -21"><span class='ocrx_word' id='word_1_232' title='bbox 2169 1778 2418 1829; x_wconf 85' lang='grc' dir='ltr'>πεσεῖται</span> <span class='ocrx_word' id='word_1_233' title='bbox 2449 1777 2543 1849; x_wconf 69' lang='grc' dir='ltr'>καὶ</span> <span class='ocrx_word' id='word_1_234' title='bbox 2578 1776 2794 1841; x_wconf 74' lang='grc' dir='ltr'>ἐλπίδος</span> <span class='ocrx_word' id='word_1_235' title='bbox 2821 1778 2920 1848; x_wconf 83' lang='grc' dir='ltr'>τῆς</span> <span class='ocrx_word' id='word_1_236' title='bbox 2952 1777 3033 1840; x_wconf 83' lang='grc' dir='ltr'><strong>είς</strong></span> <span class='ocrx_word' id='word_1_237' title='bbox 3059 1776 3193 1830; x_wconf 84' lang='grc' dir='ltr'>Θεόν</span> <span class='ocrx_word' id='word_1_238' title='bbox 3213 1793 3226 1805; x_wconf 92' lang='grc'><strong>·</strong></span> <span class='ocrx_word' id='word_1_239' title='bbox 3263 1777 3292 1830; x_wconf 90' lang='lat'><strong>6</strong></span> <span class='ocrx_word' id='word_1_240' title='bbox 3317 1775 3375 1830; x_wconf 79' lang='grc' dir='ltr'>δὲ</span> <span class='ocrx_word' id='word_1_241' title='bbox 3403 1775 3663 1846; x_wconf 82' lang='grc' dir='ltr'>εὐσθενὴς</span> <span class='ocrx_word' id='word_1_242' title='bbox 3688 1789 3755 1827; x_wconf 77' lang='grc' dir='ltr'><strong>τε</strong></span> 
     </span>
    </p>
   </div>
   <div class='ocr_carea' id='block_1_34' title="bbox 478 1828 2078 1936">
    <p class='ocr_par' dir='ltr' id='par_1_34' title="bbox 478 1851 2067 1923">
     <span class='ocr_line' id='line_1_34' title="bbox 478 1851 2067 1923; baseline -0.004 -14"><span class='ocrx_word' id='word_1_243' title='bbox 478 1862 780 1923; x_wconf 87' lang='lat' dir='ltr'><strong>contraque</strong></span> <span class='ocrx_word' id='word_1_244' title='bbox 820 1853 910 1908; x_wconf 93' lang='lat' dir='ltr'><strong>ille</strong></span> <span class='ocrx_word' id='word_1_245' title='bbox 933 1852 1093 1907; x_wconf 85' lang='lat' dir='ltr'><strong>fortis</strong></span> <span class='ocrx_word' id='word_1_246' title='bbox 1117 1868 1183 1908; x_wconf 89' lang='lat' dir='ltr'><strong>ac</strong></span> <span class='ocrx_word' id='word_1_247' title='bbox 1204 1860 1486 1918; x_wconf 88' lang='lat' dir='ltr'><strong>strenuus,</strong></span> <span class='ocrx_word' id='word_1_248' title='bbox 1514 1859 1571 1907; x_wconf 88' lang='lat' dir='ltr'><strong>et</strong></span> <span class='ocrx_word' id='word_1_249' title='bbox 1594 1851 1709 1922; x_wconf 86' lang='lat' dir='ltr'><strong>spei</strong></span> <span class='ocrx_word' id='word_1_250' title='bbox 1743 1865 1987 1920; x_wconf 89' lang='lat' dir='ltr'><strong>compos,</strong></span> <span class='ocrx_word' id='word_1_251' title='bbox 2011 1857 2067 1905; x_wconf 89' lang='lat' dir='ltr'><strong>et</strong></span> 
     </span>
    </p>
   </div>
   <div class='ocr_carea' id='block_1_35' title="bbox 2180 1828 3758 1936">
    <p class='ocr_par' dir='ltr' id='par_1_35' title="bbox 2180 1828 3758 1936">
     <span class='ocr_line' id='line_1_35' title="bbox 2180 1828 3758 1936; baseline 0.002 -23"><span class='ocrx_word' id='word_1_252' title='bbox 2180 1828 2269 1914; x_wconf 66' lang='grc' dir='ltr'><strong>και</strong></span> <span class='ocrx_word' id='word_1_253' title='bbox 2286 1828 2689 1934; x_wconf 41' lang='lat' dir='ltr'><strong>sagina;</strong></span> <span class='ocrx_word' id='word_1_254' title='bbox 2713 1828 2967 1918; x_wconf 54' lang='grc' dir='ltr'><strong>έῐσῴξέ</strong></span> <span class='ocrx_word' id='word_1_255' title='bbox 2991 1828 3233 1919; x_wconf 67' lang='grc' dir='ltr'>κείσεται</span> <span class='ocrx_word' id='word_1_256' title='bbox 3273 1828 3374 1936; x_wconf 67' lang='grc' dir='ltr'>τῆς</span> <span class='ocrx_word' id='word_1_257' title='bbox 3396 1828 3758 1928; x_wconf 37' lang='grc' dir='ltr'>ὲλπίδοςξσκαι</span> 
     </span>
    </p>
   </div>
   <div class='ocr_carea' id='block_1_36' title="bbox 477 1944 1196 2001">
    <p class='ocr_par' dir='ltr' id='par_1_36' title="bbox 477 1944 1196 2001">
     <span class='ocr_line' id='line_1_36' title="bbox 477 1944 1196 2001; baseline -0.001 -2"><span class='ocrx_word' id='word_1_258' title='bbox 477 1945 692 2000; x_wconf 88' lang='lat' dir='ltr'><strong>amicus</strong></span> <span class='ocrx_word' id='word_1_259' title='bbox 711 1944 809 2001; x_wconf 90' lang='lat' dir='ltr'><strong>Dei</strong></span> <span class='ocrx_word' id='word_1_260' title='bbox 835 1944 908 2001; x_wconf 90' lang='lat' dir='ltr'><strong>sit</strong></span> <span class='ocrx_word' id='word_1_261' title='bbox 932 1944 1154 1999; x_wconf 78' lang='lat' dir='ltr'><strong>futurus</strong></span> <span class='ocrx_word' id='word_1_262' title='bbox 1172 1944 1196 1997; x_wconf 70' lang='grc' dir='ltr'>’ί</span> 
     </span>
    </p>
   </div>
   <div class='ocr_carea' id='block_1_37' title="bbox 551 2033 2070 2108">
    <p class='ocr_par' dir='ltr' id='par_1_37' title="bbox 551 2033 2070 2108">
     <span class='ocr_line' id='line_1_37' title="bbox 551 2033 2070 2108; baseline -0.003 -16"><span class='ocrx_word' id='word_1_263' title='bbox 551 2036 749 2092; x_wconf 84' lang='lat' dir='ltr'><strong>PALL.</strong></span> <span class='ocrx_word' id='word_1_264' title='bbox 796 2036 1020 2092; x_wconf 82' lang='lat' dir='ltr'><strong>Minime</strong></span> <span class='ocrx_word' id='word_1_265' title='bbox 1069 2036 1291 2107; x_wconf 87' lang='lat' dir='ltr'><strong>quidem</strong></span> <span class='ocrx_word' id='word_1_266' title='bbox 1332 2037 1687 2108; x_wconf 86' lang='lat' dir='ltr'><strong>ambiguum:</strong></span> <span class='ocrx_word' id='word_1_267' title='bbox 1742 2035 1874 2091; x_wconf 81' lang='lat' dir='ltr'><strong>satis</strong></span> <span class='ocrx_word' id='word_1_268' title='bbox 1922 2033 2070 2089; x_wconf 91' lang='lat' dir='ltr'><strong>enim</strong></span> 
     </span>
    </p>
   </div>
   <div class='ocr_carea' id='block_1_38' title="bbox 482 2129 1838 2198">
    <p class='ocr_par' dir='ltr' id='par_1_38' title="bbox 482 2129 1838 2198">
     <span class='ocr_line' id='line_1_38' title="bbox 482 2129 1838 2198; baseline 0.007 -15"><span class='ocrx_word' id='word_1_269' title='bbox 482 2129 774 2198; x_wconf 87' lang='lat' dir='ltr'><strong>probatum</strong></span> <span class='ocrx_word' id='word_1_270' title='bbox 797 2140 901 2186; x_wconf 90' lang='lat' dir='ltr'><strong>est.</strong></span> <span class='ocrx_word' id='word_1_271' title='bbox 1833 2176 1838 2180; x_wconf 63' lang='grc' dir='ltr'><strong><em>π</em></strong></span> 
     </span>
    </p>
   </div>
   <div class='ocr_carea' id='block_1_39' title="bbox 552 2218 2071 2294">
    <p class='ocr_par' dir='ltr' id='par_1_39' title="bbox 552 2218 2071 2294">
     <span class='ocr_line' id='line_1_39' title="bbox 552 2218 2071 2294; baseline -0.002 -19"><span class='ocrx_word' id='word_1_272' title='bbox 552 2221 710 2276; x_wconf 75' lang='lat' dir='ltr'><strong>CYR.</strong></span> <span class='ocrx_word' id='word_1_273' title='bbox 753 2222 943 2294; x_wconf 83' lang='lat' dir='ltr'><strong>Igitur,</strong></span> <span class='ocrx_word' id='word_1_274' title='bbox 980 2221 1382 2293; x_wconf 89' lang='lat' dir='ltr'><strong>utaprincipio</strong></span> <span class='ocrx_word' id='word_1_275' title='bbox 1419 2221 1758 2284; x_wconf 83' lang='lat' dir='ltr'><strong>dicebamus,</strong></span> <span class='ocrx_word' id='word_1_276' title='bbox 1792 2220 1886 2290; x_wconf 88' lang='lat' dir='ltr'><strong>qui</strong></span> <span class='ocrx_word' id='word_1_277' title='bbox 1928 2218 2071 2275; x_wconf 85' lang='lat' dir='ltr'><strong>deti-</strong></span> 
     </span>
    </p>
   </div>
   <div class='ocr_carea' id='block_1_40' title="bbox 485 2309 2071 2382">
    <p class='ocr_par' dir='ltr' id='par_1_40' title="bbox 485 2309 2071 2382">
     <span class='ocr_line' id='line_1_40' title="bbox 485 2309 2071 2382; baseline -0.001 -17"><span class='ocrx_word' id='word_1_278' title='bbox 485 2321 649 2367; x_wconf 84' lang='lat' dir='ltr'><strong>netur</strong></span> <span class='ocrx_word' id='word_1_279' title='bbox 689 2312 982 2367; x_wconf 84' lang='lat' dir='ltr'><strong>mundanis</strong></span> <span class='ocrx_word' id='word_1_280' title='bbox 1030 2311 1442 2382; x_wconf 82' lang='lat' dir='ltr'><strong>voluptatibus,</strong></span> <span class='ocrx_word' id='word_1_281' title='bbox 1488 2311 1536 2367; x_wconf 90' lang='lat' dir='ltr'><strong>is</strong></span> <span class='ocrx_word' id='word_1_282' title='bbox 1587 2312 1807 2381; x_wconf 90' lang='lat' dir='ltr'><strong>ineptus</strong></span> <span class='ocrx_word' id='word_1_283' title='bbox 1847 2318 1932 2364; x_wconf 86' lang='lat' dir='ltr'><strong>est</strong></span> <span class='ocrx_word' id='word_1_284' title='bbox 1977 2309 2071 2379; x_wconf 91' lang='lat' dir='ltr'><strong>qui</strong></span> 
     </span>
    </p>
   </div>
   <div class='ocr_carea' id='block_1_41' title="bbox 486 2401 1369 2471">
    <p class='ocr_par' dir='ltr' id='par_1_41' title="bbox 486 2401 1369 2471">
     <span class='ocr_line' id='line_1_41' title="bbox 486 2401 1369 2471; baseline 0.001 -17"><span class='ocrx_word' id='word_1_285' title='bbox 486 2401 540 2455; x_wconf 88' lang='lat' dir='ltr'><strong>in</strong></span> <span class='ocrx_word' id='word_1_286' title='bbox 569 2401 688 2457; x_wconf 90' lang='lat' dir='ltr'><strong>acie</strong></span> <span class='ocrx_word' id='word_1_287' title='bbox 725 2401 1000 2471; x_wconf 87' lang='lat' dir='ltr'><strong>spirituali</strong></span> <span class='ocrx_word' id='word_1_288' title='bbox 1029 2410 1369 2457; x_wconf 83' lang='lat' dir='ltr'><strong>numeretur.</strong></span> 
     </span>
    </p>
   </div>
   <div class='ocr_carea' id='block_1_42' title="bbox 554 2490 1093 2548">
    <p class='ocr_par' dir='ltr' id='par_1_42' title="bbox 554 2490 1093 2548">
     <span class='ocr_line' id='line_1_42' title="bbox 554 2490 1093 2548; baseline -0.002 -1"><span class='ocrx_word' id='word_1_289' title='bbox 554 2490 755 2547; x_wconf 84' lang='lat' dir='ltr'><strong>PALL.</strong></span> <span class='ocrx_word' id='word_1_290' title='bbox 778 2492 846 2546; x_wconf 83' lang='lat' dir='ltr'><strong>Et</strong></span> <span class='ocrx_word' id='word_1_291' title='bbox 872 2490 1093 2548; x_wconf 89' lang='lat' dir='ltr'><strong>merito.</strong></span> 
     </span>
    </p>
   </div>
   <div class='ocr_carea' id='block_1_43' title="bbox 554 2579 2072 2655">
    <p class='ocr_par' dir='ltr' id='par_1_43' title="bbox 554 2579 2072 2655">
     <span class='ocr_line' id='line_1_43' title="bbox 554 2579 2072 2655; baseline -0.004 -16"><span class='ocrx_word' id='word_1_292' title='bbox 554 2582 715 2639; x_wconf 81' lang='lat' dir='ltr'><strong>CYR.</strong></span> <span class='ocrx_word' id='word_1_293' title='bbox 778 2583 921 2639; x_wconf 85' lang='lat' dir='ltr'><strong>Illud</strong></span> <span class='ocrx_word' id='word_1_294' title='bbox 975 2598 1195 2655; x_wconf 88' lang='lat' dir='ltr'><strong>quoque</strong></span> <span class='ocrx_word' id='word_1_295' title='bbox 1251 2582 1558 2639; x_wconf 89' lang='lat' dir='ltr'><strong>addiderim</strong></span> <span class='ocrx_word' id='word_1_296' title='bbox 1608 2581 1687 2653; x_wconf 89' lang='lat' dir='ltr'><strong>(id</strong></span> <span class='ocrx_word' id='word_1_297' title='bbox 1728 2581 1876 2636; x_wconf 88' lang='lat' dir='ltr'><strong>enim</strong></span> <span class='ocrx_word' id='word_1_298' title='bbox 1926 2579 2072 2649; x_wconf 87' lang='lat' dir='ltr'><strong>quod</strong></span> 
     </span>
    </p>
   </div>
   <div class='ocr_carea' id='block_1_44' title="bbox 489 2669 2071 2743">
    <p class='ocr_par' dir='ltr' id='par_1_44' title="bbox 489 2669 2071 2743">
     <span class='ocr_line' id='line_1_44' title="bbox 489 2669 2071 2743; baseline -0.001 -18"><span class='ocrx_word' id='word_1_299' title='bbox 489 2669 750 2741; x_wconf 89' lang='lat' dir='ltr'><strong>prodesse</strong></span> <span class='ocrx_word' id='word_1_300' title='bbox 771 2678 973 2740; x_wconf 85' lang='lat' dir='ltr'><strong>potest,</strong></span> <span class='ocrx_word' id='word_1_301' title='bbox 994 2686 1323 2743; x_wconf 81' lang='lat' dir='ltr'><strong>magnopere</strong></span> <span class='ocrx_word' id='word_1_302' title='bbox 1348 2670 1755 2727; x_wconf 89' lang='lat' dir='ltr'><strong>observandum</strong></span> <span class='ocrx_word' id='word_1_303' title='bbox 1771 2669 2031 2739; x_wconf 86' lang='lat' dir='ltr'><strong>arbitror)</strong></span> <span class='ocrx_word' id='word_1_304' title='bbox 2060 2688 2071 2724; x_wconf 90' lang='lat'>:</span> 
     </span>
    </p>
   </div>
   <div class='ocr_carea' id='block_1_45' title="bbox 490 2761 2077 2834">
    <p class='ocr_par' dir='ltr' id='par_1_45' title="bbox 490 2761 2077 2834">
     <span class='ocr_line' id='line_1_45' title="bbox 490 2761 2077 2834; baseline 0.001 -18"><span class='ocrx_word' id='word_1_305' title='bbox 490 2762 589 2832; x_wconf 86' lang='lat' dir='ltr'><strong>qui</strong></span> <span class='ocrx_word' id='word_1_306' title='bbox 639 2761 900 2818; x_wconf 80' lang='lat' dir='ltr'><strong>virtutem</strong></span> <span class='ocrx_word' id='word_1_307' title='bbox 940 2762 1177 2834; x_wconf 88' lang='lat' dir='ltr'><strong>aliquam</strong></span> <span class='ocrx_word' id='word_1_308' title='bbox 1213 2764 1395 2820; x_wconf 91' lang='lat' dir='ltr'><strong>colere</strong></span> <span class='ocrx_word' id='word_1_309' title='bbox 1437 2779 1616 2834; x_wconf 88' lang='lat' dir='ltr'><strong>nuper</strong></span> <span class='ocrx_word' id='word_1_310' title='bbox 1657 2762 1905 2833; x_wconf 67' lang='lat' dir='ltr'><strong>euenerit,</strong></span> <span class='ocrx_word' id='word_1_311' title='bbox 1948 2778 2077 2818; x_wconf 91' lang='lat' dir='ltr'><strong>eum</strong></span> 
     </span>
    </p>
   </div>
   <div class='ocr_carea' id='block_1_46' title="bbox 490 2851 2079 2925">
    <p class='ocr_par' dir='ltr' id='par_1_46' title="bbox 490 2851 2079 2925">
     <span class='ocr_line' id='line_1_46' title="bbox 490 2851 2079 2925; baseline 0.003 -20"><span class='ocrx_word' id='word_1_312' title='bbox 490 2851 717 2908; x_wconf 89' lang='lat' dir='ltr'><strong>minime</strong></span> <span class='ocrx_word' id='word_1_313' title='bbox 758 2852 940 2908; x_wconf 88' lang='lat' dir='ltr'><strong>adhuc</strong></span> <span class='ocrx_word' id='word_1_314' title='bbox 977 2852 1045 2907; x_wconf 87' lang='lat' dir='ltr'><strong>ad</strong></span> <span class='ocrx_word' id='word_1_315' title='bbox 1084 2869 1323 2925; x_wconf 81' lang='lat' dir='ltr'><strong>pugnam</strong></span> <span class='ocrx_word' id='word_1_316' title='bbox 1361 2863 1547 2925; x_wconf 90' lang='lat' dir='ltr'><strong>aptum</strong></span> <span class='ocrx_word' id='word_1_317' title='bbox 1591 2868 1733 2918; x_wconf 89' lang='lat' dir='ltr'><strong>esse,</strong></span> <span class='ocrx_word' id='word_1_318' title='bbox 1778 2852 1874 2907; x_wconf 90' lang='lat' dir='ltr'><strong>sed</strong></span> <span class='ocrx_word' id='word_1_319' title='bbox 1916 2868 2079 2923; x_wconf 84' lang='lat' dir='ltr'><strong>posse</strong></span> 
     </span>
    </p>
   </div>
   <div class='ocr_carea' id='block_1_47' title="bbox 488 2942 1333 3018">
    <p class='ocr_par' dir='ltr' id='par_1_47' title="bbox 488 2942 1333 3018">
     <span class='ocr_line' id='line_1_47' title="bbox 488 2942 1333 3018; baseline 0.001 -18"><span class='ocrx_word' id='word_1_320' title='bbox 488 2942 561 3000; x_wconf 79' lang='lat' dir='ltr'><strong>ad</strong></span> <span class='ocrx_word' id='word_1_321' title='bbox 589 2943 785 2999; x_wconf 84' lang='lat' dir='ltr'><strong>vitium</strong></span> <span class='ocrx_word' id='word_1_322' title='bbox 806 2944 966 3001; x_wconf 89' lang='lat' dir='ltr'><strong>facile</strong></span> <span class='ocrx_word' id='word_1_323' title='bbox 990 2945 1333 3018; x_wconf 84' lang='lat' dir='ltr'><strong>detorqueri.</strong></span> 
     </span>
    </p>
   </div>
   <div class='ocr_carea' id='block_1_48' title="bbox 567 3037 1605 3106">
    <p class='ocr_par' dir='ltr' id='par_1_48' title="bbox 567 3037 1605 3106">
     <span class='ocr_line' id='line_1_48' title="bbox 567 3037 1605 3106; baseline -0.002 -12"><span class='ocrx_word' id='word_1_324' title='bbox 567 3037 766 3094; x_wconf 80' lang='lat' dir='ltr'><strong>PALL.</strong></span> <span class='ocrx_word' id='word_1_325' title='bbox 808 3037 911 3106; x_wconf 81' lang='lat' dir='ltr'><strong>Qui</strong></span> <span class='ocrx_word' id='word_1_326' title='bbox 934 3039 1153 3095; x_wconf 83' lang='lat' dir='ltr'><strong>tandem</strong></span> <span class='ocrx_word' id='word_1_327' title='bbox 1183 3039 1331 3095; x_wconf 91' lang='lat' dir='ltr'><strong>istud</strong></span> <span class='ocrx_word' id='word_1_328' title='bbox 1362 3040 1605 3096; x_wconf 86' lang='lat' dir='ltr'><strong>asseris?</strong></span> 
     </span>
    </p>
   </div>
   <div class='ocr_carea' id='block_1_49' title="bbox 562 3131 2082 3203">
    <p class='ocr_par' dir='ltr' id='par_1_49' title="bbox 562 3131 2082 3203">
     <span class='ocr_line' id='line_1_49' title="bbox 562 3131 2082 3203; baseline 0 -15"><span class='ocrx_word' id='word_1_329' title='bbox 562 3131 722 3188; x_wconf 83' lang='lat' dir='ltr'><strong>CYR.</strong></span> <span class='ocrx_word' id='word_1_330' title='bbox 759 3131 820 3186; x_wconf 80' lang='lat' dir='ltr'><strong>In</strong></span> <span class='ocrx_word' id='word_1_331' title='bbox 860 3132 1290 3188; x_wconf 89' lang='lat' dir='ltr'><strong>Deuteronomio</strong></span> <span class='ocrx_word' id='word_1_332' title='bbox 1337 3132 1605 3203; x_wconf 88' lang='lat' dir='ltr'><strong>scriptum</strong></span> <span class='ocrx_word' id='word_1_333' title='bbox 1659 3139 1782 3187; x_wconf 92' lang='lat' dir='ltr'><strong>est:</strong></span> <span class='ocrx_word' id='word_1_334' title='bbox 1817 3152 1834 3180; x_wconf 76' lang='grc' dir='ltr'>α</span> <span class='ocrx_word' id='word_1_335' title='bbox 1865 3132 1923 3185; x_wconf 86' lang='lat' dir='ltr'><strong>Si</strong></span> <span class='ocrx_word' id='word_1_336' title='bbox 1957 3132 2082 3202; x_wconf 90' lang='lat' dir='ltr'><strong>quis</strong></span> 
     </span>
    </p>
   </div>
   <div class='ocr_carea' id='block_1_50' title="bbox 494 3223 2080 3295">
    <p class='ocr_par' dir='ltr' id='par_1_50' title="bbox 494 3223 2080 3295">
     <span class='ocr_line' id='line_1_50' title="bbox 494 3223 2080 3295; baseline 0 -16"><span class='ocrx_word' id='word_1_337' title='bbox 494 3238 676 3294; x_wconf 83' lang='lat' dir='ltr'><strong>nuper</strong></span> <span class='ocrx_word' id='word_1_338' title='bbox 704 3238 931 3281; x_wconf 80' lang='lat' dir='ltr'><strong>uxorem</strong></span> <span class='ocrx_word' id='word_1_339' title='bbox 960 3223 1200 3289; x_wconf 83' lang='lat' dir='ltr'><strong>duxerit,</strong></span> <span class='ocrx_word' id='word_1_340' title='bbox 1234 3239 1346 3279; x_wconf 91' lang='lat' dir='ltr'><strong>non</strong></span> <span class='ocrx_word' id='word_1_341' title='bbox 1393 3223 1713 3295; x_wconf 85' lang='lat' dir='ltr'><strong>egredietur</strong></span> <span class='ocrx_word' id='word_1_342' title='bbox 1748 3223 1817 3279; x_wconf 87' lang='lat' dir='ltr'><strong>ad</strong></span> <span class='ocrx_word' id='word_1_343' title='bbox 1854 3223 2080 3289; x_wconf 86' lang='lat' dir='ltr'><strong>bellum,</strong></span> 
     </span>
    </p>
   </div>
   <div class='ocr_carea' id='block_1_51' title="bbox 494 3313 2086 3385">
    <p class='ocr_par' dir='ltr' id='par_1_51' title="bbox 494 3313 2086 3385">
     <span class='ocr_line' id='line_1_51' title="bbox 494 3313 2086 3385; baseline 0.003 -17"><span class='ocrx_word' id='word_1_344' title='bbox 494 3328 676 3384; x_wconf 90' lang='lat' dir='ltr'><strong>neque</strong></span> <span class='ocrx_word' id='word_1_345' title='bbox 713 3313 1028 3385; x_wconf 82' lang='lat' dir='ltr'><strong>imponetur</strong></span> <span class='ocrx_word' id='word_1_346' title='bbox 1060 3315 1110 3369; x_wconf 90' lang='lat' dir='ltr'><strong>ei</strong></span> <span class='ocrx_word' id='word_1_347' title='bbox 1135 3315 1308 3369; x_wconf 85' lang='lat' dir='ltr'><strong>ullum</strong></span> <span class='ocrx_word' id='word_1_348' title='bbox 1332 3314 1637 3384; x_wconf 81' lang='lat' dir='ltr'><strong>negotium.</strong></span> <span class='ocrx_word' id='word_1_349' title='bbox 1683 3315 1949 3371; x_wconf 88' lang='lat' dir='ltr'><strong>lmmunis</strong></span> <span class='ocrx_word' id='word_1_350' title='bbox 1977 3316 2086 3373; x_wconf 89' lang='lat' dir='ltr'><strong>erit</strong></span> 
     </span>
    </p>
   </div>
   <div class='ocr_carea' id='block_1_52' title="bbox 498 3400 2082 3470">
    <p class='ocr_par' dir='ltr' id='par_1_52' title="bbox 498 3400 2082 3470">
     <span class='ocr_line' id='line_1_52' title="bbox 498 3400 2082 3470; baseline 0.001 -11"><span class='ocrx_word' id='word_1_351' title='bbox 498 3404 557 3459; x_wconf 87' lang='lat' dir='ltr'><strong>in</strong></span> <span class='ocrx_word' id='word_1_352' title='bbox 595 3403 761 3459; x_wconf 89' lang='lat' dir='ltr'><strong>domo</strong></span> <span class='ocrx_word' id='word_1_353' title='bbox 799 3418 911 3458; x_wconf 83' lang='lat' dir='ltr'><strong>sua</strong></span> <span class='ocrx_word' id='word_1_354' title='bbox 937 3418 1083 3458; x_wconf 89' lang='lat' dir='ltr'><strong>anno</strong></span> <span class='ocrx_word' id='word_1_355' title='bbox 1120 3417 1253 3469; x_wconf 91' lang='lat' dir='ltr'><strong>uno,</strong></span> <span class='ocrx_word' id='word_1_356' title='bbox 1294 3400 1594 3468; x_wconf 64' lang='lat' dir='ltr'><strong>lgetillcabit</strong></span> <span class='ocrx_word' id='word_1_357' title='bbox 1637 3418 1863 3458; x_wconf 78' lang='lat' dir='ltr'><strong>uxorem</strong></span> <span class='ocrx_word' id='word_1_358' title='bbox 1907 3420 2082 3470; x_wconf 88' lang='lat' dir='ltr'><strong>suam,</strong></span> 
     </span>
    </p>
   </div>
   <div class='ocr_carea' id='block_1_53' title="bbox 498 3492 2085 3566">
    <p class='ocr_par' dir='ltr' id='par_1_53' title="bbox 498 3492 2085 3566">
     <span class='ocr_line' id='line_1_53' title="bbox 498 3492 2085 3566; baseline 0.001 -18"><span class='ocrx_word' id='word_1_359' title='bbox 498 3509 663 3566; x_wconf 88' lang='lat' dir='ltr'><strong>quam</strong></span> <span class='ocrx_word' id='word_1_360' title='bbox 689 3493 903 3563; x_wconf 83' lang='lat' dir='ltr'><strong>accepit</strong></span> <span class='ocrx_word' id='word_1_361' title='bbox 932 3494 1000 3546; x_wconf 69' lang='grc'><strong>⁸⁸.</strong></span> <span class='ocrx_word' id='word_1_362' title='bbox 1029 3512 1048 3545; x_wconf 73' lang='grc' dir='ltr'><strong>ι</strong></span> <span class='ocrx_word' id='word_1_363' title='bbox 1085 3492 1224 3548; x_wconf 79' lang='lat' dir='ltr'><strong>Num</strong></span> <span class='ocrx_word' id='word_1_364' title='bbox 1251 3492 1438 3564; x_wconf 89' lang='lat' dir='ltr'><strong>igitur,</strong></span> <span class='ocrx_word' id='word_1_365' title='bbox 1467 3492 1702 3559; x_wconf 83' lang='lat' dir='ltr'><strong>Palladi,</strong></span> <span class='ocrx_word' id='word_1_366' title='bbox 1733 3493 1835 3550; x_wconf 92' lang='lat' dir='ltr'><strong>soli</strong></span> <span class='ocrx_word' id='word_1_367' title='bbox 1875 3509 1939 3550; x_wconf 92' lang='lat' dir='ltr'><strong>ac</strong></span> <span class='ocrx_word' id='word_1_368' title='bbox 1979 3511 2085 3550; x_wconf 91' lang='lat' dir='ltr'><strong>nu-</strong></span> 
     </span>
    </p>
   </div>
   <div class='ocr_carea' id='block_1_54' title="bbox 501 3584 2083 3658">
    <p class='ocr_par' dir='ltr' id='par_1_54' title="bbox 501 3584 2083 3658">
     <span class='ocr_line' id='line_1_54' title="bbox 501 3584 2083 3658; baseline 0.001 -17"><span class='ocrx_word' id='word_1_369' title='bbox 501 3587 587 3643; x_wconf 64' lang='lat' dir='ltr'><strong>dae</strong></span> <span class='ocrx_word' id='word_1_370' title='bbox 606 3586 825 3642; x_wconf 12' lang='lat' dir='ltr'><strong>litterae-7</strong></span> <span class='ocrx_word' id='word_1_371' title='bbox 841 3584 1219 3641; x_wconf 66' lang='lat' dir='ltr'><strong>inhaerendum</strong></span> <span class='ocrx_word' id='word_1_372' title='bbox 1244 3591 1348 3652; x_wconf 89' lang='lat' dir='ltr'><strong>est,</strong></span> <span class='ocrx_word' id='word_1_373' title='bbox 1373 3593 1428 3641; x_wconf 90' lang='lat' dir='ltr'><strong>et</strong></span> <span class='ocrx_word' id='word_1_374' title='bbox 1448 3592 1643 3640; x_wconf 90' lang='lat' dir='ltr'><strong>auctor</strong></span> <span class='ocrx_word' id='word_1_375' title='bbox 1664 3584 1755 3640; x_wconf 89' lang='lat' dir='ltr'><strong>ille</strong></span> <span class='ocrx_word' id='word_1_376' title='bbox 1776 3585 1933 3658; x_wconf 84' lang='lat' dir='ltr'><strong>legis,</strong></span> <span class='ocrx_word' id='word_1_377' title='bbox 1956 3602 2083 3643; x_wconf 91' lang='lat' dir='ltr'><strong>cum</strong></span> 
     </span>
    </p>
   </div>
   <div class='ocr_carea' id='block_1_55' title="bbox 502 3676 2091 3750">
    <p class='ocr_par' dir='ltr' id='par_1_55' title="bbox 502 3676 2091 3750">
     <span class='ocr_line' id='line_1_55' title="bbox 502 3676 2091 3750; baseline 0.001 -17"><span class='ocrx_word' id='word_1_378' title='bbox 502 3678 577 3733; x_wconf 88' lang='lat' dir='ltr'><strong>sit</strong></span> <span class='ocrx_word' id='word_1_379' title='bbox 597 3677 817 3733; x_wconf 89' lang='lat' dir='ltr'><strong>virtutis</strong></span> <span class='ocrx_word' id='word_1_380' title='bbox 836 3683 1068 3743; x_wconf 89' lang='lat' dir='ltr'><strong>amator,</strong></span> <span class='ocrx_word' id='word_1_381' title='bbox 1093 3676 1243 3732; x_wconf 91' lang='lat' dir='ltr'><strong>domi</strong></span> <span class='ocrx_word' id='word_1_382' title='bbox 1263 3692 1377 3733; x_wconf 70' lang='lat' dir='ltr'><strong>suae</strong></span> <span class='ocrx_word' id='word_1_383' title='bbox 1399 3676 1613 3733; x_wconf 87' lang='lat' dir='ltr'><strong>scilicet</strong></span> <span class='ocrx_word' id='word_1_384' title='bbox 1631 3676 1861 3733; x_wconf 88' lang='lat' dir='ltr'><strong>collocat</strong></span> <span class='ocrx_word' id='word_1_385' title='bbox 1880 3694 2091 3750; x_wconf 86' lang='lat' dir='ltr'><strong>pugna-</strong></span> 
     </span>
    </p>
   </div>
   <div class='ocr_carea' id='block_1_56' title="bbox 504 3768 2088 3840">
    <p class='ocr_par' dir='ltr' id='par_1_56' title="bbox 504 3768 2088 3840">
     <span class='ocr_line' id='line_1_56' title="bbox 504 3768 2088 3840; baseline 0.001 -17"><span class='ocrx_word' id='word_1_386' title='bbox 504 3778 703 3836; x_wconf 90' lang='lat' dir='ltr'><strong>torem,</strong></span> <span class='ocrx_word' id='word_1_387' title='bbox 727 3785 910 3840; x_wconf 88' lang='lat' dir='ltr'><strong>neque</strong></span> <span class='ocrx_word' id='word_1_388' title='bbox 949 3768 1221 3839; x_wconf 87' lang='lat' dir='ltr'><strong>permittit</strong></span> <span class='ocrx_word' id='word_1_389' title='bbox 1241 3768 1463 3824; x_wconf 89' lang='lat' dir='ltr'><strong>laudem</strong></span> <span class='ocrx_word' id='word_1_390' title='bbox 1482 3768 1551 3823; x_wconf 91' lang='lat' dir='ltr'><strong>de</strong></span> <span class='ocrx_word' id='word_1_391' title='bbox 1572 3769 1780 3824; x_wconf 88' lang='lat' dir='ltr'><strong>virtute</strong></span> <span class='ocrx_word' id='word_1_392' title='bbox 1821 3784 2088 3840; x_wconf 61' lang='lat' dir='ltr'><strong>quaerere,</strong></span> 
     </span>
    </p>
   </div>
   <div class='ocr_carea' id='block_1_57' title="bbox 450 3858 2095 3930">
    <p class='ocr_par' dir='ltr' id='par_1_57' title="bbox 450 3858 2095 3930">
     <span class='ocr_line' id='line_1_57' title="bbox 450 3858 2095 3930; baseline -0.001 -13"><span class='ocrx_word' id='word_1_393' title='bbox 450 3877 460 3885; x_wconf 93' lang='grc'><strong>·</strong></span> <span class='ocrx_word' id='word_1_394' title='bbox 501 3860 617 3917; x_wconf 83' lang='lat' dir='ltr'><strong>leni</strong></span> <span class='ocrx_word' id='word_1_395' title='bbox 665 3875 730 3917; x_wconf 88' lang='lat' dir='ltr'><strong>ae</strong></span> <span class='ocrx_word' id='word_1_396' title='bbox 771 3859 979 3930; x_wconf 81' lang='lat' dir='ltr'><strong>frigido</strong></span> <span class='ocrx_word' id='word_1_397' title='bbox 1013 3858 1261 3917; x_wconf 83' lang='lat' dir='ltr'><strong>mulieris</strong></span> <span class='ocrx_word' id='word_1_398' title='bbox 1305 3858 1560 3913; x_wconf 88' lang='lat' dir='ltr'><strong>convictu</strong></span> <span class='ocrx_word' id='word_1_399' title='bbox 1620 3867 1940 3929; x_wconf 89' lang='lat' dir='ltr'><strong>superatum</strong></span> <span class='ocrx_word' id='word_1_400' title='bbox 1965 3901 1979 3923; x_wconf 93' lang='lat'><strong>,</strong></span> <span class='ocrx_word' id='word_1_401' title='bbox 2037 3869 2095 3915; x_wconf 90' lang='lat' dir='ltr'><strong>ct</strong></span> 
     </span>
    </p>
   </div>
   <div class='ocr_carea' id='block_1_58' title="bbox 503 3949 2093 4023">
    <p class='ocr_par' dir='ltr' id='par_1_58' title="bbox 503 3949 2093 4023">
     <span class='ocr_line' id='line_1_58' title="bbox 503 3949 2093 4023; baseline -0.003 -14"><span class='ocrx_word' id='word_1_402' title='bbox 503 3952 688 4009; x_wconf 88' lang='lat' dir='ltr'><strong>carnis</strong></span> <span class='ocrx_word' id='word_1_403' title='bbox 739 3952 1106 4023; x_wconf 83' lang='lat' dir='ltr'><strong>cupiditatem</strong></span> <span class='ocrx_word' id='word_1_404' title='bbox 1153 3949 1503 4006; x_wconf 78' lang='lat' dir='ltr'><strong>necessitatis</strong></span> <span class='ocrx_word' id='word_1_405' title='bbox 1543 3950 1710 4006; x_wconf 84' lang='lat' dir='ltr'><strong>rebus</strong></span> <span class='ocrx_word' id='word_1_406' title='bbox 1756 3959 2093 4021; x_wconf 85' lang='lat' dir='ltr'><strong>praeverten-</strong></span> 
     </span>
    </p>
   </div>
   <div class='ocr_carea' id='block_1_59' title="bbox 507 4046 659 4101">
    <p class='ocr_par' dir='ltr' id='par_1_59' title="bbox 507 4046 659 4101">
     <span class='ocr_line' id='line_1_59' title="bbox 507 4046 659 4101; baseline -0.013 0"><span class='ocrx_word' id='word_1_407' title='bbox 507 4054 617 4101; x_wconf 91' lang='lat' dir='ltr'><strong>tem</strong></span> <span class='ocrx_word' id='word_1_408' title='bbox 635 4046 659 4099; x_wconf 73' lang='lat'><strong><em>3</em></strong></span> 
     </span>
    </p>
   </div>
   <div class='ocr_carea' id='block_1_60' title="bbox 576 4134 2092 4198">
    <p class='ocr_par' dir='ltr' id='par_1_60' title="bbox 576 4134 2092 4198">
     <span class='ocr_line' id='line_1_60' title="bbox 576 4134 2092 4198; baseline -0.003 -6"><span class='ocrx_word' id='word_1_409' title='bbox 576 4136 774 4192; x_wconf 78' lang='lat' dir='ltr'><strong>PALL.</strong></span> <span class='ocrx_word' id='word_1_410' title='bbox 806 4136 1031 4192; x_wconf 84' lang='lat' dir='ltr'><strong>Minime</strong></span> <span class='ocrx_word' id='word_1_411' title='bbox 1056 4150 1189 4193; x_wconf 88' lang='lat' dir='ltr'><strong>vero</strong></span> <span class='ocrx_word' id='word_1_412' title='bbox 1225 4137 1332 4192; x_wconf 79' lang='lat' dir='ltr'><strong>hoc</strong></span> <span class='ocrx_word' id='word_1_413' title='bbox 1369 4136 1505 4192; x_wconf 87' lang='lat' dir='ltr'><strong>illud</strong></span> <span class='ocrx_word' id='word_1_414' title='bbox 1544 4150 1666 4192; x_wconf 86' lang='lat' dir='ltr'><strong>esse</strong></span> <span class='ocrx_word' id='word_1_415' title='bbox 1703 4134 2092 4198; x_wconf 85' lang='lat' dir='ltr'><strong>concesserim,</strong></span> 
     </span>
    </p>
   </div>
   <div class='ocr_carea' id='block_1_61' title="bbox 503 4226 2096 4308">
    <p class='ocr_par' dir='ltr' id='par_1_61' title="bbox 503 4226 2096 4308">
     <span class='ocr_line' id='line_1_61' title="bbox 503 4226 2096 4308; baseline -0.003 -22"><span class='ocrx_word' id='word_1_416' title='bbox 503 4230 657 4302; x_wconf 68' lang='lat' dir='ltr'><strong>quod</strong></span> <span class='ocrx_word' id='word_1_417' title='bbox 676 4231 810 4303; x_wconf 82' lang='lat' dir='ltr'><strong>legis</strong></span> <span class='ocrx_word' id='word_1_418' title='bbox 836 4230 1047 4286; x_wconf 87' lang='lat' dir='ltr'><strong>auctori</strong></span> <span class='ocrx_word' id='word_1_419' title='bbox 1070 4230 1376 4301; x_wconf 81' lang='lat' dir='ltr'><strong>placuerit:</strong></span> <span class='ocrx_word' id='word_1_420' title='bbox 1415 4229 1509 4285; x_wconf 89' lang='lat' dir='ltr'><strong>sed</strong></span> <span class='ocrx_word' id='word_1_421' title='bbox 1546 4245 1669 4308; x_wconf 31' lang='lat' dir='ltr'><strong>.par</strong></span> <span class='ocrx_word' id='word_1_422' title='bbox 1709 4237 1795 4285; x_wconf 90' lang='lat' dir='ltr'><strong>est</strong></span> <span class='ocrx_word' id='word_1_423' title='bbox 1833 4226 2096 4298; x_wconf 87' lang='lat' dir='ltr'><strong>probabi-</strong></span> 
     </span>
    </p>
   </div>
   <div class='ocr_carea' id='block_1_62' title="bbox 503 4321 1660 4395">
    <p class='ocr_par' dir='ltr' id='par_1_62' title="bbox 503 4321 1660 4395">
     <span class='ocr_line' id='line_1_62' title="bbox 503 4321 1660 4395; baseline -0.003 -17"><span class='ocrx_word' id='word_1_424' title='bbox 503 4323 613 4379; x_wconf 89' lang='lat' dir='ltr'><strong>lem</strong></span> <span class='ocrx_word' id='word_1_425' title='bbox 634 4323 879 4395; x_wconf 77' lang='lat' dir='ltr'><strong>aliquam</strong></span> <span class='ocrx_word' id='word_1_426' title='bbox 897 4324 955 4379; x_wconf 87' lang='lat' dir='ltr'><strong>in</strong></span> <span class='ocrx_word' id='word_1_427' title='bbox 981 4339 1047 4380; x_wconf 89' lang='lat' dir='ltr'><strong>ea</strong></span> <span class='ocrx_word' id='word_1_428' title='bbox 1078 4338 1140 4378; x_wconf 90' lang='lat' dir='ltr'><strong>re</strong></span> <span class='ocrx_word' id='word_1_429' title='bbox 1161 4322 1335 4379; x_wconf 85' lang='lat' dir='ltr'><strong>latere</strong></span> <span class='ocrx_word' id='word_1_430' title='bbox 1363 4321 1660 4378; x_wconf 88' lang='lat' dir='ltr'><strong>rationem.</strong></span> 
     </span>
    </p>
   </div>
   <div class='ocr_carea' id='block_1_63' title="bbox 574 4412 2100 4488">
    <p class='ocr_par' dir='ltr' id='par_1_63' title="bbox 574 4412 2100 4488">
     <span class='ocr_line' id='line_1_63' title="bbox 574 4412 2100 4488; baseline -0.002 -17"><span class='ocrx_word' id='word_1_431' title='bbox 574 4414 733 4471; x_wconf 63' lang='lat' dir='ltr'><strong>CVR.</strong></span> <span class='ocrx_word' id='word_1_432' title='bbox 757 4416 929 4488; x_wconf 79' lang='lat' dir='ltr'><strong>Igitur</strong></span> <span class='ocrx_word' id='word_1_433' title='bbox 957 4415 1092 4471; x_wconf 90' lang='lat' dir='ltr'><strong>illud</strong></span> <span class='ocrx_word' id='word_1_434' title='bbox 1117 4415 1318 4487; x_wconf 92' lang='lat' dir='ltr'><strong>ipsum,</strong></span> <span class='ocrx_word' id='word_1_435' title='bbox 1347 4415 1496 4486; x_wconf 91' lang='lat' dir='ltr'><strong>quod</strong></span> <span class='ocrx_word' id='word_1_436' title='bbox 1534 4414 1671 4480; x_wconf 77' lang='lat' dir='ltr'><strong>dixi,</strong></span> <span class='ocrx_word' id='word_1_437' title='bbox 1697 4421 1961 4485; x_wconf 87' lang='lat' dir='ltr'><strong>repetam.</strong></span> <span class='ocrx_word' id='word_1_438' title='bbox 1993 4412 2100 4481; x_wconf 84' lang='lat' dir='ltr'><strong>Qui</strong></span> 
     </span>
    </p>
   </div>
   <div class='ocr_carea' id='block_1_64' title="bbox 2171 1954 2812 2030">
    <p class='ocr_par' dir='ltr' id='par_1_64' title="bbox 2171 1954 2812 2030">
     <span class='ocr_line' id='line_1_64' title="bbox 2171 1954 2812 2030; baseline 0.002 -20"><span class='ocrx_word' id='word_1_439' title='bbox 2171 1954 2447 2028; x_wconf 83' lang='grc' dir='ltr'>γνώριμος</span> <span class='ocrx_word' id='word_1_440' title='bbox 2484 1956 2635 2011; x_wconf 74' lang='grc' dir='ltr'>ἔσται</span> <span class='ocrx_word' id='word_1_441' title='bbox 2663 1957 2812 2030; x_wconf 81' lang='grc' dir='ltr'><strong>Θεῷ;</strong></span> 
     </span>
    </p>
   </div>
   <div class='ocr_carea' id='block_1_65' title="bbox 2246 2038 3658 2129">
    <p class='ocr_par' dir='ltr' id='par_1_65' title="bbox 2246 2038 3658 2129">
     <span class='ocr_line' id='line_1_65' title="bbox 2246 2038 3658 2129; baseline -0.001 -26"><span class='ocrx_word' id='word_1_442' title='bbox 2246 2051 2473 2129; x_wconf 42' lang='grc' dir='ltr'>ΠΑΛΛ.</span> <span class='ocrx_word' id='word_1_443' title='bbox 2502 2051 2616 2104; x_wconf 78' lang='grc' dir='ltr'><strong>οὐκ</strong></span> <span class='ocrx_word' id='word_1_444' title='bbox 2644 2038 2941 2121; x_wconf 71' lang='grc' dir='ltr'>ἀμφίϐολον</span> <span class='ocrx_word' id='word_1_445' title='bbox 2972 2066 2985 2081; x_wconf 90' lang='grc'><strong>·</strong></span> <span class='ocrx_word' id='word_1_446' title='bbox 3026 2050 3241 2123; x_wconf 79' lang='grc' dir='ltr'><strong>ἀπόχρη</strong></span> <span class='ocrx_word' id='word_1_447' title='bbox 3267 2049 3376 2122; x_wconf 78' lang='grc' dir='ltr'>γὰρ</span> <span class='ocrx_word' id='word_1_448' title='bbox 3414 2051 3447 2120; x_wconf 90' lang='grc' dir='ltr'><strong>ἡ</strong></span> <span class='ocrx_word' id='word_1_449' title='bbox 3474 2047 3658 2113; x_wconf 79' lang='grc' dir='ltr'>δεῖξις.</span> 
     </span>
    </p>
   </div>
   <div class='ocr_carea' id='block_1_66' title="bbox 2247 2224 3759 2302">
    <p class='ocr_par' dir='ltr' id='par_1_66' title="bbox 2247 2224 3759 2302">
     <span class='ocr_line' id='line_1_66' title="bbox 2247 2224 3759 2302; baseline -0.004 -17"><span class='ocrx_word' id='word_1_450' title='bbox 2247 2230 2411 2285; x_wconf 81' lang='grc' dir='ltr'><strong>ΚΥΡ.</strong></span> <span class='ocrx_word' id='word_1_451' title='bbox 2436 2228 2645 2284; x_wconf 74' lang='grc' dir='ltr'>Οὐκοῦν</span> <span class='ocrx_word' id='word_1_452' title='bbox 2667 2228 2916 2302; x_wconf 86' lang='grc' dir='ltr'>καθάπερ</span> <span class='ocrx_word' id='word_1_453' title='bbox 2938 2228 3150 2299; x_wconf 84' lang='grc' dir='ltr'>ἔφαμεν</span> <span class='ocrx_word' id='word_1_454' title='bbox 3173 2227 3231 2281; x_wconf 81' lang='grc' dir='ltr'>ὲν</span> <span class='ocrx_word' id='word_1_455' title='bbox 3260 2226 3475 2297; x_wconf 78' lang='grc' dir='ltr'>ἀρχαῖς,</span> <span class='ocrx_word' id='word_1_456' title='bbox 3500 2224 3759 2298; x_wconf 79' lang='grc' dir='ltr'>ἀνεπιτή-</span> 
     </span>
    </p>
   </div>
   <div class='ocr_carea' id='block_1_67' title="bbox 2174 2321 3763 2395">
    <p class='ocr_par' dir='ltr' id='par_1_67' title="bbox 2174 2321 3763 2395">
     <span class='ocr_line' id='line_1_67' title="bbox 2174 2321 3763 2395; baseline -0.002 -18"><span class='ocrx_word' id='word_1_457' title='bbox 2174 2323 2315 2386; x_wconf 84' lang='grc' dir='ltr'>δειος</span> <span class='ocrx_word' id='word_1_458' title='bbox 2352 2324 2432 2388; x_wconf 82' lang='grc' dir='ltr'><strong>είς</strong></span> <span class='ocrx_word' id='word_1_459' title='bbox 2466 2322 2775 2395; x_wconf 77' lang='grc' dir='ltr'>παράταξιν</span> <span class='ocrx_word' id='word_1_460' title='bbox 2803 2322 2902 2393; x_wconf 79' lang='grc' dir='ltr'>τὴν</span> <span class='ocrx_word' id='word_1_461' title='bbox 2932 2322 3312 2393; x_wconf 76' lang='grc' dir='ltr'>πνευματικὴν</span> <span class='ocrx_word' id='word_1_462' title='bbox 3349 2321 3378 2375; x_wconf 91' lang='lat'><strong>6</strong></span> <span class='ocrx_word' id='word_1_463' title='bbox 3410 2321 3532 2385; x_wconf 85' lang='grc' dir='ltr'>ταῖς</span> <span class='ocrx_word' id='word_1_464' title='bbox 3569 2336 3763 2391; x_wconf 83' lang='grc' dir='ltr'>κοσμι-</span> 
     </span>
    </p>
   </div>
   <div class='ocr_carea' id='block_1_68' title="bbox 2177 2417 2980 2488">
    <p class='ocr_par' dir='ltr' id='par_1_68' title="bbox 2177 2417 2980 2488">
     <span class='ocr_line' id='line_1_68' title="bbox 2177 2417 2980 2488; baseline 0 -16"><span class='ocrx_word' id='word_1_465' title='bbox 2177 2420 2302 2481; x_wconf 87' lang='grc' dir='ltr'>καῖς</span> <span class='ocrx_word' id='word_1_466' title='bbox 2327 2417 2719 2488; x_wconf 80' lang='grc' dir='ltr'>ὲνειλημμὲνος</span> <span class='ocrx_word' id='word_1_467' title='bbox 2743 2417 2980 2487; x_wconf 79' lang='grc' dir='ltr'>ἡδοναῖς.</span> 
     </span>
    </p>
   </div>
   <div class='ocr_carea' id='block_1_69' title="bbox 2247 2508 2801 2580">
    <p class='ocr_par' dir='ltr' id='par_1_69' title="bbox 2247 2508 2801 2580">
     <span class='ocr_line' id='line_1_69' title="bbox 2247 2508 2801 2580; baseline 0.004 -19"><span class='ocrx_word' id='word_1_468' title='bbox 2247 2509 2458 2564; x_wconf 84' lang='grc' dir='ltr'><strong>ΠΑΛΛ.</strong></span> <span class='ocrx_word' id='word_1_469' title='bbox 2491 2509 2605 2563; x_wconf 72' lang='grc' dir='ltr'><strong>Καὶ</strong></span> <span class='ocrx_word' id='word_1_470' title='bbox 2635 2508 2801 2580; x_wconf 89' lang='grc' dir='ltr'>μάλα.</span> 
     </span>
    </p>
   </div>
   <div class='ocr_carea' id='block_1_70' title="bbox 2247 2592 3760 2677">
    <p class='ocr_par' dir='ltr' id='par_1_70' title="bbox 2247 2592 3760 2677">
     <span class='ocr_line' id='line_1_70' title="bbox 2247 2592 3760 2677; baseline -0.003 -21"><span class='ocrx_word' id='word_1_471' title='bbox 2247 2603 2413 2658; x_wconf 86' lang='grc' dir='ltr'>ΚΥΡ.</span> <span class='ocrx_word' id='word_1_472' title='bbox 2448 2602 2832 2677; x_wconf 85' lang='grc' dir='ltr'>Προσθεί[ν]ην</span> <span class='ocrx_word' id='word_1_473' title='bbox 2875 2604 2921 2658; x_wconf 89' lang='grc' dir='ltr'>δ’</span> <span class='ocrx_word' id='word_1_474' title='bbox 2947 2602 3014 2658; x_wconf 87' lang='grc' dir='ltr'>ἂν</span> <span class='ocrx_word' id='word_1_475' title='bbox 3034 2603 3116 2657; x_wconf 82' lang='grc' dir='ltr'>ὅτι</span> <span class='ocrx_word' id='word_1_476' title='bbox 3148 2602 3370 2675; x_wconf 83' lang='grc' dir='ltr'>(χρῆναι</span> <span class='ocrx_word' id='word_1_477' title='bbox 3393 2601 3504 2674; x_wconf 86' lang='grc' dir='ltr'><strong>γάρ</strong></span> <span class='ocrx_word' id='word_1_478' title='bbox 3527 2592 3760 2670; x_wconf 75' lang='grc' dir='ltr'>οἵμαιτδ</span> 
     </span>
    </p>
   </div>
   <div class='ocr_carea' id='block_1_71' title="bbox 2178 2689 3763 2769">
    <p class='ocr_par' dir='ltr' id='par_1_71' title="bbox 2178 2689 3763 2769">
     <span class='ocr_line' id='line_1_71' title="bbox 2178 2689 3763 2769; baseline -0.003 -20"><span class='ocrx_word' id='word_1_479' title='bbox 2178 2693 2423 2765; x_wconf 78' lang='grc' dir='ltr'>ὠφελοῦν</span> <span class='ocrx_word' id='word_1_480' title='bbox 2451 2689 2510 2749; x_wconf 76' lang='grc' dir='ltr'>εὖ</span> <span class='ocrx_word' id='word_1_481' title='bbox 2535 2694 2679 2764; x_wconf 88' lang='grc' dir='ltr'>μάλα</span> <span class='ocrx_word' id='word_1_482' title='bbox 2701 2695 3036 2769; x_wconf 85' lang='grc' dir='ltr'>φιλοθηρεῖν)</span> <span class='ocrx_word' id='word_1_483' title='bbox 3062 2696 3159 2750; x_wconf 78' lang='grc' dir='ltr'>καὶ</span> <span class='ocrx_word' id='word_1_484' title='bbox 3190 2698 3220 2749; x_wconf 87' lang='lat'><strong>6</strong></span> <span class='ocrx_word' id='word_1_485' title='bbox 3244 2693 3438 2749; x_wconf 78' lang='grc' dir='ltr'>νεωστὶ</span> <span class='ocrx_word' id='word_1_486' title='bbox 3464 2689 3763 2764; x_wconf 75' lang='grc' dir='ltr'>κατορθοῦν</span> 
     </span>
    </p>
   </div>
   <div class='ocr_carea' id='block_1_72' title="bbox 2180 2783 3763 2860">
    <p class='ocr_par' dir='ltr' id='par_1_72' title="bbox 2180 2783 3763 2860">
     <span class='ocr_line' id='line_1_72' title="bbox 2180 2783 3763 2860; baseline -0.004 -18"><span class='ocrx_word' id='word_1_487' title='bbox 2180 2786 2380 2859; x_wconf 82' lang='grc' dir='ltr'>ἀρετὴν</span> <span class='ocrx_word' id='word_1_488' title='bbox 2405 2786 2694 2858; x_wconf 78' lang='grc' dir='ltr'>ἡντιναοῦν</span> <span class='ocrx_word' id='word_1_489' title='bbox 2722 2787 3052 2860; x_wconf 81' lang='grc' dir='ltr'>ἀρξάμενος,</span> <span class='ocrx_word' id='word_1_490' title='bbox 3095 2784 3250 2841; x_wconf 77' lang='grc' dir='ltr'>οὔπω</span> <span class='ocrx_word' id='word_1_491' title='bbox 3270 2785 3409 2853; x_wconf 85' lang='grc' dir='ltr'>πρὸς</span> <span class='ocrx_word' id='word_1_492' title='bbox 3441 2783 3622 2855; x_wconf 83' lang='grc' dir='ltr'>μάχην</span> <span class='ocrx_word' id='word_1_493' title='bbox 3642 2783 3763 2836; x_wconf 81' lang='grc' dir='ltr'>ικα-</span> 
     </span>
    </p>
   </div>
   <div class='ocr_carea' id='block_1_73' title="bbox 2181 2874 3656 2954">
    <p class='ocr_par' dir='ltr' id='par_1_73' title="bbox 2181 2874 3656 2954">
     <span class='ocr_line' id='line_1_73' title="bbox 2181 2874 3656 2954; baseline -0.003 -19"><span class='ocrx_word' id='word_1_494' title='bbox 2181 2880 2290 2949; x_wconf 74' lang='grc' dir='ltr'>νος,</span> <span class='ocrx_word' id='word_1_495' title='bbox 2331 2881 2798 2954; x_wconf 83' lang='grc' dir='ltr'>εὐκατακόμιστος</span> <span class='ocrx_word' id='word_1_496' title='bbox 2828 2881 2887 2937; x_wconf 84' lang='grc' dir='ltr'>δὲ</span> <span class='ocrx_word' id='word_1_497' title='bbox 2915 2880 3117 2954; x_wconf 79' lang='grc' dir='ltr'>κομιδῇ</span> <span class='ocrx_word' id='word_1_498' title='bbox 3159 2880 3295 2952; x_wconf 82' lang='grc' dir='ltr'>πρὸς</span> <span class='ocrx_word' id='word_1_499' title='bbox 3316 2878 3378 2933; x_wconf 78' lang='grc' dir='ltr'>τὸ</span> <span class='ocrx_word' id='word_1_500' title='bbox 3414 2874 3656 2933; x_wconf 73' lang='grc' dir='ltr'>ἀδικοῦν.</span> 
     </span>
    </p>
   </div>
   <div class='ocr_carea' id='block_1_74' title="bbox 2254 3060 2874 3133">
    <p class='ocr_par' dir='ltr' id='par_1_74' title="bbox 2254 3060 2874 3133">
     <span class='ocr_line' id='line_1_74' title="bbox 2254 3060 2874 3133; baseline 0.003 -18"><span class='ocrx_word' id='word_1_501' title='bbox 2254 3060 2469 3117; x_wconf 77' lang='grc' dir='ltr'><strong>ΠᾹΛΛ.</strong></span> <span class='ocrx_word' id='word_1_502' title='bbox 2500 3062 2627 3127; x_wconf 83' lang='grc' dir='ltr'><strong>Πῶς</strong></span> <span class='ocrx_word' id='word_1_503' title='bbox 2658 3062 2839 3133; x_wconf 84' lang='grc' dir='ltr'>λέγεις</span> <span class='ocrx_word' id='word_1_504' title='bbox 2859 3081 2874 3132; x_wconf 90' lang='grc'><strong>;</strong></span> 
     </span>
    </p>
   </div>
   <div class='ocr_carea' id='block_1_75' title="bbox 2110 3148 3766 3240">
    <p class='ocr_par' dir='ltr' id='par_1_75' title="bbox 2110 3148 3766 3240">
     <span class='ocr_line' id='line_1_75' title="bbox 2110 3148 3766 3240; baseline -0.001 -35"><span class='ocrx_word' id='word_1_505' title='bbox 2110 3176 2157 3240; x_wconf 79' lang='lat' dir='ltr'>c</span> <span class='ocrx_word' id='word_1_506' title='bbox 2255 3151 2423 3207; x_wconf 82' lang='grc' dir='ltr'><strong>ΚΥΡ.</strong></span> <span class='ocrx_word' id='word_1_507' title='bbox 2467 3153 2553 3206; x_wconf 86' lang='grc' dir='ltr'>Ἐν</span> <span class='ocrx_word' id='word_1_508' title='bbox 2577 3152 2657 3225; x_wconf 83' lang='grc' dir='ltr'><strong>τῷ</strong></span> <span class='ocrx_word' id='word_1_509' title='bbox 2689 3155 3096 3228; x_wconf 84' lang='grc' dir='ltr'>Δευτερονομίῳ</span> <span class='ocrx_word' id='word_1_510' title='bbox 3120 3154 3460 3226; x_wconf 81' lang='grc' dir='ltr'>γέγραπται·</span> <span class='ocrx_word' id='word_1_511' title='bbox 3494 3171 3515 3204; x_wconf 74' lang='grc' dir='ltr'><strong>ι</strong></span> <span class='ocrx_word' id='word_1_512' title='bbox 3564 3149 3689 3206; x_wconf 82' lang='grc' dir='ltr'><strong>Ἐὰν</strong></span> <span class='ocrx_word' id='word_1_513' title='bbox 3710 3148 3766 3204; x_wconf 73' lang='grc' dir='ltr'>δέ</span> 
     </span>
    </p>
   </div>
   <div class='ocr_carea' id='block_1_76' title="bbox 2185 3242 3766 3317">
    <p class='ocr_par' dir='ltr' id='par_1_76' title="bbox 2185 3242 3766 3317">
     <span class='ocr_line' id='line_1_76' title="bbox 2185 3242 3766 3317; baseline 0.002 -22"><span class='ocrx_word' id='word_1_514' title='bbox 2185 3259 2270 3306; x_wconf 89' lang='grc' dir='ltr'><strong>τις</strong></span> <span class='ocrx_word' id='word_1_515' title='bbox 2301 3242 2444 3317; x_wconf 79' lang='grc' dir='ltr'>λάϐῃ</span> <span class='ocrx_word' id='word_1_516' title='bbox 2468 3247 2707 3313; x_wconf 85' lang='grc' dir='ltr'>γυναῖκα</span> <span class='ocrx_word' id='word_1_517' title='bbox 2754 3247 3106 3316; x_wconf 82' lang='grc' dir='ltr'>προσφάτως,</span> <span class='ocrx_word' id='word_1_518' title='bbox 3147 3246 3248 3301; x_wconf 80' lang='grc' dir='ltr'>οὐκ</span> <span class='ocrx_word' id='word_1_519' title='bbox 3298 3244 3640 3311; x_wconf 67' lang='grc' dir='ltr'>ἐξελεύσεται</span> <span class='ocrx_word' id='word_1_520' title='bbox 3689 3243 3766 3306; x_wconf 87' lang='grc' dir='ltr'><strong>είς</strong></span> 
     </span>
    </p>
   </div>
   <div class='ocr_carea' id='block_1_77' title="bbox 2188 3334 3763 3409">
    <p class='ocr_par' dir='ltr' id='par_1_77' title="bbox 2188 3334 3763 3409">
     <span class='ocr_line' id='line_1_77' title="bbox 2188 3334 3763 3409; baseline -0.002 -20"><span class='ocrx_word' id='word_1_521' title='bbox 2188 3334 2448 3406; x_wconf 86' lang='grc' dir='ltr'>πόλεμον,</span> <span class='ocrx_word' id='word_1_522' title='bbox 2479 3335 2576 3390; x_wconf 70' lang='grc' dir='ltr'>καὶ</span> <span class='ocrx_word' id='word_1_523' title='bbox 2593 3336 2694 3391; x_wconf 86' lang='grc' dir='ltr'>οὐκ</span> <span class='ocrx_word' id='word_1_524' title='bbox 2716 3336 3144 3409; x_wconf 79' lang='grc' dir='ltr'>ὲπιόληθήσεται</span> <span class='ocrx_word' id='word_1_525' title='bbox 3162 3335 3313 3409; x_wconf 85' lang='grc' dir='ltr'><strong>αὐτῷ</strong></span> <span class='ocrx_word' id='word_1_526' title='bbox 3332 3336 3486 3390; x_wconf 73' lang='grc' dir='ltr'>οὐδὲν</span> <span class='ocrx_word' id='word_1_527' title='bbox 3511 3334 3763 3407; x_wconf 76' lang='grc' dir='ltr'>πρᾶγμα.</span> 
     </span>
    </p>
   </div>
   <div class='ocr_carea' id='block_1_78' title="bbox 2200 3422 3767 3497">
    <p class='ocr_par' dir='ltr' id='par_1_78' title="bbox 2200 3422 3767 3497">
     <span class='ocr_line' id='line_1_78' title="bbox 2200 3422 3767 3497; baseline -0.001 -20"><span class='ocrx_word' id='word_1_528' title='bbox 2200 3422 2400 3489; x_wconf 83' lang='grc' dir='ltr'>Ἀθῶος</span> <span class='ocrx_word' id='word_1_529' title='bbox 2428 3423 2582 3479; x_wconf 75' lang='grc' dir='ltr'>ἔσται</span> <span class='ocrx_word' id='word_1_530' title='bbox 2603 3426 2660 3479; x_wconf 85' lang='grc' dir='ltr'>ὲν</span> <span class='ocrx_word' id='word_1_531' title='bbox 2687 3427 2753 3497; x_wconf 80' lang='grc' dir='ltr'><strong>τῇ</strong></span> <span class='ocrx_word' id='word_1_532' title='bbox 2781 3425 2930 3497; x_wconf 79' lang='grc' dir='ltr'>οίκίᾳ</span> <span class='ocrx_word' id='word_1_533' title='bbox 2948 3424 3138 3493; x_wconf 71' lang='grc' dir='ltr'>αὐτοῦ,</span> <span class='ocrx_word' id='word_1_534' title='bbox 3170 3424 3415 3479; x_wconf 73' lang='grc' dir='ltr'>ἐνιαυτὸν</span> <span class='ocrx_word' id='word_1_535' title='bbox 3434 3423 3533 3478; x_wconf 72' lang='grc' dir='ltr'>ἕνα</span> <span class='ocrx_word' id='word_1_536' title='bbox 3561 3422 3767 3494; x_wconf 83' lang='grc' dir='ltr'>εὐφρα-</span> 
     </span>
    </p>
   </div>
   <div class='ocr_carea' id='block_1_79' title="bbox 2187 3506 3767 3586">
    <p class='ocr_par' dir='ltr' id='par_1_79' title="bbox 2187 3506 3767 3586">
     <span class='ocr_line' id='line_1_79' title="bbox 2187 3506 3767 3586; baseline -0.002 -20"><span class='ocrx_word' id='word_1_537' title='bbox 2187 3515 2270 3567; x_wconf 88' lang='grc' dir='ltr'><strong>νεῖ</strong></span> <span class='ocrx_word' id='word_1_538' title='bbox 2296 3513 2397 3586; x_wconf 82' lang='grc' dir='ltr'>τὴν</span> <span class='ocrx_word' id='word_1_539' title='bbox 2421 3515 2660 3583; x_wconf 84' lang='grc' dir='ltr'>γυναῖκα</span> <span class='ocrx_word' id='word_1_540' title='bbox 2682 3514 2847 3569; x_wconf 80' lang='grc' dir='ltr'>αὐτοῦ</span> <span class='ocrx_word' id='word_1_541' title='bbox 2869 3515 2937 3586; x_wconf 79' lang='grc' dir='ltr'><strong>ἡν</strong></span> <span class='ocrx_word' id='word_1_542' title='bbox 2959 3514 3173 3569; x_wconf 71' lang='grc' dir='ltr'>ἔλαϐεν.</span> <span class='ocrx_word' id='word_1_543' title='bbox 3214 3534 3233 3566; x_wconf 75' lang='grc' dir='ltr'><strong>ι</strong></span> <span class='ocrx_word' id='word_1_544' title='bbox 3261 3509 3387 3585; x_wconf 69' lang='grc' dir='ltr'><strong>Ἆρ’</strong></span> <span class='ocrx_word' id='word_1_545' title='bbox 3410 3508 3524 3579; x_wconf 78' lang='grc' dir='ltr'>οὖν,</span> <span class='ocrx_word' id='word_1_546' title='bbox 3557 3506 3603 3566; x_wconf 81' lang='grc' dir='ltr'><strong>ὦ</strong></span> <span class='ocrx_word' id='word_1_547' title='bbox 3625 3510 3767 3566; x_wconf 84' lang='grc' dir='ltr'>Παλ-</span> 
     </span>
    </p>
   </div>
   <div class='ocr_carea' id='block_1_80' title="bbox 2189 3602 3768 3677">
    <p class='ocr_par' dir='ltr' id='par_1_80' title="bbox 2189 3602 3768 3677">
     <span class='ocr_line' id='line_1_80' title="bbox 2189 3602 3768 3677; baseline -0.003 -17"><span class='ocrx_word' id='word_1_548' title='bbox 2189 3605 2358 3671; x_wconf 82' lang='grc' dir='ltr'>λάδιε,</span> <span class='ocrx_word' id='word_1_549' title='bbox 2388 3604 2723 3675; x_wconf 82' lang='grc' dir='ltr'>προσεκτέον</span> <span class='ocrx_word' id='word_1_550' title='bbox 2757 3605 2905 3677; x_wconf 84' lang='grc' dir='ltr'>μόνῳ</span> <span class='ocrx_word' id='word_1_551' title='bbox 2941 3622 3002 3658; x_wconf 86' lang='grc' dir='ltr'><strong>τε</strong></span> <span class='ocrx_word' id='word_1_552' title='bbox 3031 3605 3126 3659; x_wconf 78' lang='grc' dir='ltr'>καὶ</span> <span class='ocrx_word' id='word_1_553' title='bbox 3153 3602 3295 3675; x_wconf 81' lang='grc' dir='ltr'>ψιλῷ</span> <span class='ocrx_word' id='word_1_554' title='bbox 3322 3604 3402 3675; x_wconf 86' lang='grc' dir='ltr'><strong>τῷ</strong></span> <span class='ocrx_word' id='word_1_555' title='bbox 3441 3603 3732 3676; x_wconf 76' lang='grc' dir='ltr'>γράμματι</span> <span class='ocrx_word' id='word_1_556' title='bbox 3750 3638 3768 3666; x_wconf 85' lang='grc'><strong>,</strong></span> 
     </span>
    </p>
   </div>
   <div class='ocr_carea' id='block_1_81' title="bbox 2190 3692 3768 3770">
    <p class='ocr_par' dir='ltr' id='par_1_81' title="bbox 2190 3692 3768 3770">
     <span class='ocr_line' id='line_1_81' title="bbox 2190 3692 3768 3770; baseline -0.006 -16"><span class='ocrx_word' id='word_1_557' title='bbox 2190 3698 2287 3754; x_wconf 70' lang='grc' dir='ltr'><strong>καὶ</strong></span> <span class='ocrx_word' id='word_1_558' title='bbox 2307 3700 2336 3752; x_wconf 87' lang='lat'><strong>6</strong></span> <span class='ocrx_word' id='word_1_559' title='bbox 2371 3697 2661 3770; x_wconf 84' lang='grc' dir='ltr'>φιλάρετος</span> <span class='ocrx_word' id='word_1_560' title='bbox 2689 3697 2991 3768; x_wconf 81' lang='grc' dir='ltr'>νομοθέτης</span> <span class='ocrx_word' id='word_1_561' title='bbox 3013 3697 3152 3751; x_wconf 75' lang='grc' dir='ltr'>οἴκοι</span> <span class='ocrx_word' id='word_1_562' title='bbox 3178 3693 3394 3760; x_wconf 79' lang='grc' dir='ltr'>καθίζει</span> <span class='ocrx_word' id='word_1_563' title='bbox 3422 3694 3485 3750; x_wconf 80' lang='grc' dir='ltr'>τὸ</span> <span class='ocrx_word' id='word_1_564' title='bbox 3509 3692 3768 3766; x_wconf 88' lang='grc' dir='ltr'>μάχιμον,</span> 
     </span>
    </p>
   </div>
   <div class='ocr_carea' id='block_1_82' title="bbox 2191 3783 3768 3861">
    <p class='ocr_par' dir='ltr' id='par_1_82' title="bbox 2191 3783 3768 3861">
     <span class='ocr_line' id='line_1_82' title="bbox 2191 3783 3768 3861; baseline -0.006 -16"><span class='ocrx_word' id='word_1_565' title='bbox 2191 3791 2287 3845; x_wconf 75' lang='grc' dir='ltr'><strong>καὶ</strong></span> <span class='ocrx_word' id='word_1_566' title='bbox 2330 3790 2433 3844; x_wconf 80' lang='grc' dir='ltr'>οὐκ</span> <span class='ocrx_word' id='word_1_567' title='bbox 2487 3790 2552 3861; x_wconf 74' lang='grc' dir='ltr'><strong>ἐᾷ</strong></span> <span class='ocrx_word' id='word_1_568' title='bbox 2600 3789 2912 3861; x_wconf 79' lang='grc' dir='ltr'>εὐδοκιμεῖν</span> <span class='ocrx_word' id='word_1_569' title='bbox 2951 3790 3073 3853; x_wconf 88' lang='grc' dir='ltr'>ταῖς</span> <span class='ocrx_word' id='word_1_570' title='bbox 3119 3788 3202 3853; x_wconf 80' lang='grc' dir='ltr'><strong>εἰς</strong></span> <span class='ocrx_word' id='word_1_571' title='bbox 3244 3788 3478 3858; x_wconf 82' lang='grc' dir='ltr'>γυναῖκα</span> <span class='ocrx_word' id='word_1_572' title='bbox 3539 3783 3768 3855; x_wconf 83' lang='grc' dir='ltr'>ψυχραῖς</span> 
     </span>
    </p>
   </div>
   <div class='ocr_carea' id='block_1_83' title="bbox 2192 3875 3768 3951">
    <p class='ocr_par' dir='ltr' id='par_1_83' title="bbox 2192 3875 3768 3951">
     <span class='ocr_line' id='line_1_83' title="bbox 2192 3875 3768 3951; baseline -0.003 -18"><span class='ocrx_word' id='word_1_573' title='bbox 2192 3878 2431 3950; x_wconf 84' lang='grc' dir='ltr'>ὁμιλίαις</span> <span class='ocrx_word' id='word_1_574' title='bbox 2460 3876 2793 3951; x_wconf 76' lang='grc' dir='ltr'>ἡττώμενον,</span> <span class='ocrx_word' id='word_1_575' title='bbox 2825 3877 2921 3933; x_wconf 75' lang='grc' dir='ltr'>καὶ</span> <span class='ocrx_word' id='word_1_576' title='bbox 2967 3876 3432 3949; x_wconf 79' lang='grc' dir='ltr'>προύργιαιτέραν</span> <span class='ocrx_word' id='word_1_577' title='bbox 3466 3875 3574 3930; x_wconf 82' lang='grc' dir='ltr'><strong>τῶν</strong></span> <span class='ocrx_word' id='word_1_578' title='bbox 3605 3875 3768 3943; x_wconf 83' lang='grc' dir='ltr'>ἀναγ-</span> 
     </span>
    </p>
   </div>
   <div class='ocr_carea' id='block_1_84' title="bbox 2194 3968 3272 4042">
    <p class='ocr_par' dir='ltr' id='par_1_84' title="bbox 2194 3968 3272 4042">
     <span class='ocr_line' id='line_1_84' title="bbox 2194 3968 3272 4042; baseline -0.004 -16"><span class='ocrx_word' id='word_1_579' title='bbox 2194 3971 2366 4027; x_wconf 86' lang='grc' dir='ltr'>καίων</span> <span class='ocrx_word' id='word_1_580' title='bbox 2392 3971 2715 4042; x_wconf 85' lang='grc' dir='ltr'>ποιούμενον</span> <span class='ocrx_word' id='word_1_581' title='bbox 2738 3970 2839 4042; x_wconf 83' lang='grc' dir='ltr'>τὴν</span> <span class='ocrx_word' id='word_1_582' title='bbox 2868 3968 3226 4040; x_wconf 82' lang='grc' dir='ltr'>φιλοσαρκίαν</span> <span class='ocrx_word' id='word_1_583' title='bbox 3257 3985 3272 4034; x_wconf 91' lang='grc'><strong>;</strong></span> 
     </span>
    </p>
   </div>
   <div class='ocr_carea' id='block_1_85' title="bbox 2267 4144 3771 4221">
    <p class='ocr_par' dir='ltr' id='par_1_85' title="bbox 2267 4144 3771 4221">
     <span class='ocr_line' id='line_1_85' title="bbox 2267 4144 3771 4221; baseline -0.007 -13"><span class='ocrx_word' id='word_1_584' title='bbox 2267 4153 2479 4208; x_wconf 79' lang='grc' dir='ltr'><strong>ΠΑΛΛ.</strong></span> <span class='ocrx_word' id='word_1_585' title='bbox 2517 4150 2761 4206; x_wconf 86' lang='grc' dir='ltr'>’Ήκιστά</span> <span class='ocrx_word' id='word_1_586' title='bbox 2789 4167 2852 4221; x_wconf 91' lang='grc' dir='ltr'><strong>γε</strong></span> <span class='ocrx_word' id='word_1_587' title='bbox 2900 4150 3052 4204; x_wconf 75' lang='grc' dir='ltr'>τουτὶ</span> <span class='ocrx_word' id='word_1_588' title='bbox 3100 4149 3249 4220; x_wconf 83' lang='grc' dir='ltr'>δοίην</span> <span class='ocrx_word' id='word_1_589' title='bbox 3295 4148 3362 4204; x_wconf 78' lang='grc' dir='ltr'>ἂν</span> <span class='ocrx_word' id='word_1_590' title='bbox 3387 4147 3562 4217; x_wconf 79' lang='grc' dir='ltr'>ἔγωγε</span> <span class='ocrx_word' id='word_1_591' title='bbox 3599 4146 3659 4200; x_wconf 77' lang='grc' dir='ltr'>τὸ</span> <span class='ocrx_word' id='word_1_592' title='bbox 3698 4144 3771 4215; x_wconf 79' lang='grc' dir='ltr'>τῷ</span> 
     </span>
    </p>
   </div>
   <div class='ocr_carea' id='block_1_86' title="bbox 2199 4236 3772 4319">
    <p class='ocr_par' dir='ltr' id='par_1_86' title="bbox 2199 4236 3772 4319">
     <span class='ocr_line' id='line_1_86' title="bbox 2199 4236 3772 4319; baseline -0.005 -19"><span class='ocrx_word' id='word_1_593' title='bbox 2199 4243 2465 4319; x_wconf 82' lang='grc' dir='ltr'>νομοθέτῃ</span> <span class='ocrx_word' id='word_1_594' title='bbox 2487 4243 2700 4298; x_wconf 77' lang='grc' dir='ltr'>δοκοῢνο</span> <span class='ocrx_word' id='word_1_595' title='bbox 2719 4241 2943 4306; x_wconf 77' lang='grc' dir='ltr'>πιθανὸς</span> <span class='ocrx_word' id='word_1_596' title='bbox 2966 4240 3023 4295; x_wconf 82' lang='grc' dir='ltr'>δέ</span> <span class='ocrx_word' id='word_1_597' title='bbox 3038 4259 3145 4309; x_wconf 82' lang='grc' dir='ltr'>τις,</span> <span class='ocrx_word' id='word_1_598' title='bbox 3160 4241 3237 4306; x_wconf 84' lang='grc' dir='ltr'>ὡς</span> <span class='ocrx_word' id='word_1_599' title='bbox 3256 4241 3452 4307; x_wconf 76' lang='grc' dir='ltr'>ἔοικεν,</span> <span class='ocrx_word' id='word_1_600' title='bbox 3470 4243 3500 4295; x_wconf 90' lang='lat'><strong>6</strong></span> <span class='ocrx_word' id='word_1_601' title='bbox 3523 4240 3612 4294; x_wconf 68' lang='grc' dir='ltr'><strong>ἐπ’</strong></span> <span class='ocrx_word' id='word_1_602' title='bbox 3629 4236 3772 4308; x_wconf 83' lang='grc' dir='ltr'><strong>αὐτῷ</strong></span> 
     </span>
    </p>
   </div>
   <div class='ocr_carea' id='block_1_87' title="bbox 2200 4335 2582 4406">
    <p class='ocr_par' dir='ltr' id='par_1_87' title="bbox 2200 4335 2582 4406">
     <span class='ocr_line' id='line_1_87' title="bbox 2200 4335 2582 4406; baseline -0.008 -16"><span class='ocrx_word' id='word_1_603' title='bbox 2200 4339 2379 4390; x_wconf 85' lang='grc' dir='ltr'>κεῖται</span> <span class='ocrx_word' id='word_1_604' title='bbox 2407 4335 2582 4406; x_wconf 80' lang='grc' dir='ltr'>λόγος.</span> 
     </span>
    </p>
   </div>
   <div class='ocr_carea' id='block_1_88' title="bbox 2274 4421 3774 4498">
    <p class='ocr_par' dir='ltr' id='par_1_88' title="bbox 2274 4421 3774 4498">
     <span class='ocr_line' id='line_1_88' title="bbox 2274 4421 3774 4498; baseline -0.005 -17"><span class='ocrx_word' id='word_1_605' title='bbox 2274 4426 2437 4482; x_wconf 84' lang='grc' dir='ltr'>ΚΥΡ.</span> <span class='ocrx_word' id='word_1_606' title='bbox 2476 4423 2689 4480; x_wconf 81' lang='grc' dir='ltr'>Οὐκοῦν</span> <span class='ocrx_word' id='word_1_607' title='bbox 2720 4425 2857 4498; x_wconf 80' lang='grc' dir='ltr'>ὅπερ</span> <span class='ocrx_word' id='word_1_608' title='bbox 2887 4423 3024 4495; x_wconf 81' lang='grc' dir='ltr'>ἔφην</span> <span class='ocrx_word' id='word_1_609' title='bbox 3048 4423 3433 4495; x_wconf 85' lang='grc' dir='ltr'>ἀνακυκλὴσας</span> <span class='ocrx_word' id='word_1_610' title='bbox 3457 4421 3587 4495; x_wconf 67' lang='grc' dir='ltr'>ἐρῶ.</span> <span class='ocrx_word' id='word_1_611' title='bbox 3618 4421 3774 4494; x_wconf 74' lang='grc' dir='ltr'>Ἀνὴρ</span> 
     </span>
    </p>
   </div>
   <div class='ocr_carea' id='block_1_89' title="bbox 505 4508 2078 4590">
    <p class='ocr_par' dir='ltr' id='par_1_89' title="bbox 505 4508 2078 4582">
     <span class='ocr_line' id='line_1_89' title="bbox 505 4508 2078 4582; baseline 0.001 -20"><span class='ocrx_word' id='word_1_612' title='bbox 505 4509 771 4564; x_wconf 78' lang='lat' dir='ltr'><strong>virtutem</strong></span> <span class='ocrx_word' id='word_1_613' title='bbox 804 4509 1080 4582; x_wconf 83' lang='lat' dir='ltr'><strong>attigerit,</strong></span> <span class='ocrx_word' id='word_1_614' title='bbox 1106 4512 1344 4567; x_wconf 89' lang='lat' dir='ltr'><strong>necdum</strong></span> <span class='ocrx_word' id='word_1_615' title='bbox 1362 4510 1510 4566; x_wconf 88' lang='lat' dir='ltr'><strong>illam</strong></span> <span class='ocrx_word' id='word_1_616' title='bbox 1541 4508 1785 4580; x_wconf 83' lang='lat' dir='ltr'><strong>perfecte</strong></span> <span class='ocrx_word' id='word_1_617' title='bbox 1805 4508 2078 4565; x_wconf 90' lang='lat' dir='ltr'><strong>admodun</strong></span> 
     </span>
    </p>
   </div>
   <div class='ocr_carea' id='block_1_90' title="bbox 2180 4508 3773 4590">
    <p class='ocr_par' dir='ltr' id='par_1_90' title="bbox 2207 4512 3773 4590">
     <span class='ocr_line' id='line_1_90' title="bbox 2207 4512 3773 4590; baseline -0.003 -17"><span class='ocrx_word' id='word_1_618' title='bbox 2207 4518 2410 4590; x_wconf 83' lang='grc' dir='ltr'>ἀρετῆς</span> <span class='ocrx_word' id='word_1_619' title='bbox 2446 4516 2747 4589; x_wconf 83' lang='grc' dir='ltr'>ἁψάμενος,</span> <span class='ocrx_word' id='word_1_620' title='bbox 2769 4518 2864 4571; x_wconf 74' lang='grc' dir='ltr'>καὶ</span> <span class='ocrx_word' id='word_1_621' title='bbox 2891 4515 3044 4571; x_wconf 75' lang='grc' dir='ltr'>οὔπω</span> <span class='ocrx_word' id='word_1_622' title='bbox 3067 4515 3273 4587; x_wconf 85' lang='grc' dir='ltr'>ταύτην</span> <span class='ocrx_word' id='word_1_623' title='bbox 3298 4512 3356 4570; x_wconf 81' lang='grc' dir='ltr'>εὖ</span> <span class='ocrx_word' id='word_1_624' title='bbox 3389 4515 3536 4587; x_wconf 81' lang='grc' dir='ltr'>μάλα</span> <span class='ocrx_word' id='word_1_625' title='bbox 3572 4530 3773 4585; x_wconf 84' lang='grc' dir='ltr'>κατωρ-</span> 
     </span>
    </p>
   </div>
   <div class='ocr_carea' id='block_1_91' title="bbox 506 4600 2096 4672">
    <p class='ocr_par' dir='ltr' id='par_1_91' title="bbox 506 4600 2096 4672">
     <span class='ocr_line' id='line_1_91' title="bbox 506 4600 2096 4672; baseline 0.001 -17"><span class='ocrx_word' id='word_1_626' title='bbox 506 4600 741 4672; x_wconf 81' lang='lat' dir='ltr'><strong>adeptus</strong></span> <span class='ocrx_word' id='word_1_627' title='bbox 796 4603 889 4667; x_wconf 86' lang='lat' dir='ltr'><strong>sit,</strong></span> <span class='ocrx_word' id='word_1_628' title='bbox 942 4601 1101 4659; x_wconf 83' lang='lat' dir='ltr'><strong>facile</strong></span> <span class='ocrx_word' id='word_1_629' title='bbox 1143 4603 1201 4658; x_wconf 91' lang='lat' dir='ltr'><strong>in</strong></span> <span class='ocrx_word' id='word_1_630' title='bbox 1245 4601 1582 4659; x_wconf 85' lang='lat' dir='ltr'><strong>contrarium</strong></span> <span class='ocrx_word' id='word_1_631' title='bbox 1628 4601 1948 4672; x_wconf 85' lang='lat' dir='ltr'><strong>detorqueri</strong></span> <span class='ocrx_word' id='word_1_632' title='bbox 1995 4615 2096 4672; x_wconf 87' lang='lat' dir='ltr'><strong>po-</strong></span> 
     </span>
    </p>
   </div>
   <div class='ocr_carea' id='block_1_92' title="bbox 513 4701 638 4749">
    <p class='ocr_par' dir='ltr' id='par_1_92' title="bbox 513 4701 638 4749">
     <span class='ocr_line' id='line_1_92' title="bbox 513 4701 638 4749; baseline 0 -2"><span class='ocrx_word' id='word_1_633' title='bbox 513 4701 638 4749; x_wconf 88' lang='lat' dir='ltr'><strong>test.</strong></span> 
     </span>
    </p>
   </div>
   <div class='ocr_carea' id='block_1_93' title="bbox 581 4783 2099 4855">
    <p class='ocr_par' dir='ltr' id='par_1_93' title="bbox 581 4783 2099 4855">
     <span class='ocr_line' id='line_1_93' title="bbox 581 4783 2099 4855; baseline -0.003 -14"><span class='ocrx_word' id='word_1_634' title='bbox 581 4786 781 4841; x_wconf 75' lang='lat' dir='ltr'><strong>PALL.</strong></span> <span class='ocrx_word' id='word_1_635' title='bbox 802 4786 904 4841; x_wconf 77' lang='lat' dir='ltr'><strong>Dic</strong></span> <span class='ocrx_word' id='word_1_636' title='bbox 929 4800 1169 4855; x_wconf 84' lang='lat' dir='ltr'><strong>quonam</strong></span> <span class='ocrx_word' id='word_1_637' title='bbox 1201 4786 1385 4842; x_wconf 87' lang='lat' dir='ltr'><strong>modo.</strong></span> <span class='ocrx_word' id='word_1_638' title='bbox 1427 4785 1683 4842; x_wconf 87' lang='lat' dir='ltr'><strong>Nondum</strong></span> <span class='ocrx_word' id='word_1_639' title='bbox 1720 4784 1867 4840; x_wconf 85' lang='lat' dir='ltr'><strong>enim</strong></span> <span class='ocrx_word' id='word_1_640' title='bbox 1905 4783 2099 4839; x_wconf 90' lang='lat' dir='ltr'><strong>admo-</strong></span> 
     </span>
    </p>
   </div>
   <div class='ocr_carea' id='block_1_94' title="bbox 512 4880 892 4947">
    <p class='ocr_par' dir='ltr' id='par_1_94' title="bbox 512 4880 892 4947">
     <span class='ocr_line' id='line_1_94' title="bbox 512 4880 892 4947; baseline -0.013 -14"><span class='ocrx_word' id='word_1_641' title='bbox 512 4880 644 4934; x_wconf 85' lang='lat' dir='ltr'><strong>dum</strong></span> <span class='ocrx_word' id='word_1_642' title='bbox 670 4892 892 4947; x_wconf 87' lang='lat' dir='ltr'><strong>sequor.</strong></span> 
     </span>
    </p>
   </div>
   <div class='ocr_carea' id='block_1_95' title="bbox 585 4962 2094 5043">
    <p class='ocr_par' dir='ltr' id='par_1_95' title="bbox 585 4962 2094 5043">
     <span class='ocr_line' id='line_1_95' title="bbox 585 4962 2094 5043; baseline -0.002 -15"><span class='ocrx_word' id='word_1_643' title='bbox 585 4969 743 5042; x_wconf 71' lang='lat'><strong>153</strong></span> <span class='ocrx_word' id='word_1_644' title='bbox 766 4968 924 5026; x_wconf 67' lang='grc' dir='ltr'>ΟΥΕ.</span> <span class='ocrx_word' id='word_1_645' title='bbox 961 4962 1054 5024; x_wconf 79' lang='lat' dir='ltr'><strong>Ait</strong></span> <span class='ocrx_word' id='word_1_646' title='bbox 1078 4977 1229 5025; x_wconf 80' lang='lat' dir='ltr'><strong>certe</strong></span> <span class='ocrx_word' id='word_1_647' title='bbox 1262 4968 1517 5026; x_wconf 87' lang='lat' dir='ltr'><strong>Salomon</strong></span> <span class='ocrx_word' id='word_1_648' title='bbox 1551 4990 1567 5024; x_wconf 83' lang='lat'>:</span> <span class='ocrx_word' id='word_1_649' title='bbox 1601 4992 1618 5022; x_wconf 86' lang='grc'><strong><em>‹</em></strong></span> <span class='ocrx_word' id='word_1_650' title='bbox 1655 4971 1750 5027; x_wconf 90' lang='lat' dir='ltr'><strong>Dic</strong></span> <span class='ocrx_word' id='word_1_651' title='bbox 1771 4972 2094 5043; x_wconf 88' lang='lat' dir='ltr'><strong>sapientiam</strong></span> 
     </span>
    </p>
   </div>
   <div class='ocr_carea' id='block_1_96' title="bbox 513 5059 2098 5132">
    <p class='ocr_par' dir='ltr' id='par_1_96' title="bbox 513 5059 2098 5132">
     <span class='ocr_line' id='line_1_96' title="bbox 513 5059 2098 5132; baseline 0.001 -14"><span class='ocrx_word' id='word_1_652' title='bbox 513 5073 663 5119; x_wconf 78' lang='lat' dir='ltr'><strong>tuam</strong></span> <span class='ocrx_word' id='word_1_653' title='bbox 684 5076 938 5120; x_wconf 88' lang='lat' dir='ltr'><strong>sororem</strong></span> <span class='ocrx_word' id='word_1_654' title='bbox 956 5076 1100 5127; x_wconf 87' lang='lat' dir='ltr'><strong>esse,</strong></span> <span class='ocrx_word' id='word_1_655' title='bbox 1125 5070 1182 5115; x_wconf 88' lang='lat' dir='ltr'><strong>et</strong></span> <span class='ocrx_word' id='word_1_656' title='bbox 1206 5059 1557 5132; x_wconf 88' lang='lat' dir='ltr'><strong>prudentiam</strong></span> <span class='ocrx_word' id='word_1_657' title='bbox 1603 5063 1700 5117; x_wconf 87' lang='lat' dir='ltr'><strong>tibi</strong></span> <span class='ocrx_word' id='word_1_658' title='bbox 1739 5065 1975 5119; x_wconf 87' lang='lat' dir='ltr'><strong>amicam</strong></span> <span class='ocrx_word' id='word_1_659' title='bbox 2014 5063 2098 5119; x_wconf 82' lang='lat' dir='ltr'><strong>fa-</strong></span> 
     </span>
    </p>
   </div>
   <div class='ocr_carea' id='block_1_97' title="bbox 513 5152 2102 5223">
    <p class='ocr_par' dir='ltr' id='par_1_97' title="bbox 513 5152 2102 5223">
     <span class='ocr_line' id='line_1_97' title="bbox 513 5152 2102 5223; baseline -0.001 -12"><span class='ocrx_word' id='word_1_660' title='bbox 513 5157 713 5212; x_wconf 74' lang='lat' dir='ltr'><strong>cito&quot;.</strong></span> <span class='ocrx_word' id='word_1_661' title='bbox 746 5177 765 5210; x_wconf 73' lang='grc' dir='ltr'><strong>ι</strong></span> <span class='ocrx_word' id='word_1_662' title='bbox 795 5155 1117 5213; x_wconf 86' lang='lat' dir='ltr'><strong>Familiares</strong></span> <span class='ocrx_word' id='word_1_663' title='bbox 1152 5166 1391 5223; x_wconf 83' lang='lat' dir='ltr'><strong>namque</strong></span> <span class='ocrx_word' id='word_1_664' title='bbox 1430 5152 1593 5207; x_wconf 89' lang='lat' dir='ltr'><strong>nobis</strong></span> <span class='ocrx_word' id='word_1_665' title='bbox 1627 5152 1863 5210; x_wconf 89' lang='lat' dir='ltr'><strong>virtutes</strong></span> <span class='ocrx_word' id='word_1_666' title='bbox 1913 5154 2102 5210; x_wconf 83' lang='lat' dir='ltr'><strong>reddi-</strong></span> 
     </span>
    </p>
   </div>
   <div class='ocr_carea' id='block_1_98' title="bbox 515 5244 2102 5314">
    <p class='ocr_par' dir='ltr' id='par_1_98' title="bbox 515 5244 2102 5314">
     <span class='ocr_line' id='line_1_98' title="bbox 515 5244 2102 5314; baseline -0.003 -10"><span class='ocrx_word' id='word_1_667' title='bbox 515 5266 658 5313; x_wconf 85' lang='lat' dir='ltr'><strong>mus,</strong></span> <span class='ocrx_word' id='word_1_668' title='bbox 687 5250 733 5305; x_wconf 85' lang='lat' dir='ltr'><strong>si</strong></span> <span class='ocrx_word' id='word_1_669' title='bbox 759 5265 824 5305; x_wconf 82' lang='lat' dir='ltr'><strong>ex</strong></span> <span class='ocrx_word' id='word_1_670' title='bbox 848 5249 956 5306; x_wconf 90' lang='lat' dir='ltr'><strong>illis</strong></span> <span class='ocrx_word' id='word_1_671' title='bbox 976 5247 1220 5304; x_wconf 83' lang='lat' dir='ltr'><strong>fructum</strong></span> <span class='ocrx_word' id='word_1_672' title='bbox 1236 5244 1381 5300; x_wconf 84' lang='lat' dir='ltr'><strong>ferre</strong></span> <span class='ocrx_word' id='word_1_673' title='bbox 1402 5244 1673 5314; x_wconf 87' lang='lat' dir='ltr'><strong>imprimis</strong></span> <span class='ocrx_word' id='word_1_674' title='bbox 1693 5246 2102 5302; x_wconf 83' lang='lat' dir='ltr'><strong>studuerimus:</strong></span> 
     </span>
    </p>
   </div>
   <div class='ocr_carea' id='block_1_99' title="bbox 469 5337 2100 5433">
    <p class='ocr_par' dir='ltr' id='par_1_99' title="bbox 469 5337 2100 5433">
     <span class='ocr_line' id='line_1_99' title="bbox 469 5337 2100 5433; baseline -0.001 -37"><span class='ocrx_word' id='word_1_675' title='bbox 469 5405 480 5433; x_wconf 50' lang='lat'><em>‘</em></span> <span class='ocrx_word' id='word_1_676' title='bbox 517 5342 609 5396; x_wconf 83' lang='lat' dir='ltr'><strong>hic</strong></span> <span class='ocrx_word' id='word_1_677' title='bbox 629 5341 796 5407; x_wconf 91' lang='lat' dir='ltr'><strong>enim,</strong></span> <span class='ocrx_word' id='word_1_678' title='bbox 827 5342 983 5398; x_wconf 85' lang='lat' dir='ltr'><strong>verbi</strong></span> <span class='ocrx_word' id='word_1_679' title='bbox 1018 5342 1214 5413; x_wconf 82' lang='lat' dir='ltr'><strong>gratia,</strong></span> <span class='ocrx_word' id='word_1_680' title='bbox 1245 5338 1533 5410; x_wconf 85' lang='lat' dir='ltr'><strong>sapientiae</strong></span> <span class='ocrx_word' id='word_1_681' title='bbox 1559 5352 1681 5407; x_wconf 83' lang='lat' dir='ltr'><strong>quae</strong></span> <span class='ocrx_word' id='word_1_682' title='bbox 1714 5337 1768 5392; x_wconf 90' lang='lat' dir='ltr'><strong>in</strong></span> <span class='ocrx_word' id='word_1_683' title='bbox 1797 5354 1977 5393; x_wconf 89' lang='lat' dir='ltr'><strong>rerum</strong></span> <span class='ocrx_word' id='word_1_684' title='bbox 2004 5356 2100 5395; x_wconf 87' lang='lat' dir='ltr'><strong>co-</strong></span> 
     </span>
    </p>
   </div>
   <div class='ocr_carea' id='block_1_100' title="bbox 472 5428 2107 5505">
    <p class='ocr_par' dir='ltr' id='par_1_100' title="bbox 472 5428 2107 5505">
     <span class='ocr_line' id='line_1_100' title="bbox 472 5428 2107 5505; baseline -0.003 -18"><span class='ocrx_word' id='word_1_685' title='bbox 472 5428 482 5463; x_wconf 70' lang='grc'><strong>²</strong></span> <span class='ocrx_word' id='word_1_686' title='bbox 516 5433 764 5505; x_wconf 80' lang='lat' dir='ltr'><strong>gnitione</strong></span> <span class='ocrx_word' id='word_1_687' title='bbox 790 5441 1059 5498; x_wconf 88' lang='lat' dir='ltr'><strong>versatur,</strong></span> <span class='ocrx_word' id='word_1_688' title='bbox 1085 5433 1179 5489; x_wconf 90' lang='lat' dir='ltr'><strong>ille</strong></span> <span class='ocrx_word' id='word_1_689' title='bbox 1196 5428 1611 5487; x_wconf 76' lang='lat' dir='ltr'><strong>mansuetudini</strong></span> <span class='ocrx_word' id='word_1_690' title='bbox 1660 5437 1716 5484; x_wconf 89' lang='lat' dir='ltr'><strong>et</strong></span> <span class='ocrx_word' id='word_1_691' title='bbox 1752 5428 1964 5484; x_wconf 88' lang='lat' dir='ltr'><strong>lenitati</strong></span> <span class='ocrx_word' id='word_1_692' title='bbox 2011 5430 2107 5484; x_wconf 87' lang='lat' dir='ltr'><strong>dat</strong></span> 
     </span>
    </p>
   </div>
   <div class='ocr_carea' id='block_1_101' title="bbox 518 5521 2100 5600">
    <p class='ocr_par' dir='ltr' id='par_1_101' title="bbox 518 5521 2100 5600">
     <span class='ocr_line' id='line_1_101' title="bbox 518 5521 2100 5600; baseline -0.003 -18"><span class='ocrx_word' id='word_1_693' title='bbox 518 5543 763 5600; x_wconf 79' lang='lat' dir='ltr'><strong>operam,</strong></span> <span class='ocrx_word' id='word_1_694' title='bbox 796 5535 894 5581; x_wconf 86' lang='lat' dir='ltr'><strong>aut</strong></span> <span class='ocrx_word' id='word_1_695' title='bbox 913 5527 1181 5597; x_wconf 85' lang='lat' dir='ltr'><strong>ejusmodi</strong></span> <span class='ocrx_word' id='word_1_696' title='bbox 1202 5534 1355 5581; x_wconf 86' lang='lat' dir='ltr'><strong>certe</strong></span> <span class='ocrx_word' id='word_1_697' title='bbox 1373 5523 1530 5579; x_wconf 87' lang='lat' dir='ltr'><strong>alteri</strong></span> <span class='ocrx_word' id='word_1_698' title='bbox 1552 5521 1767 5589; x_wconf 88' lang='lat' dir='ltr'><strong>virtuti,</strong></span> <span class='ocrx_word' id='word_1_699' title='bbox 1788 5536 1951 5593; x_wconf 86' lang='lat' dir='ltr'><strong>quam</strong></span> <span class='ocrx_word' id='word_1_700' title='bbox 1979 5538 2100 5579; x_wconf 81' lang='lat' dir='ltr'><strong>con-</strong></span> 
     </span>
    </p>
   </div>
   <div class='ocr_carea' id='block_1_102' title="bbox 519 5617 2108 5695">
    <p class='ocr_par' dir='ltr' id='par_1_102' title="bbox 519 5617 2108 5695">
     <span class='ocr_line' id='line_1_102' title="bbox 519 5617 2108 5695; baseline -0.004 -17"><span class='ocrx_word' id='word_1_701' title='bbox 519 5620 675 5695; x_wconf 58' lang='lat' dir='ltr'><strong>sequi</strong></span> <span class='ocrx_word' id='word_1_702' title='bbox 711 5619 1083 5691; x_wconf 85' lang='lat' dir='ltr'><strong>proposuerit.</strong></span> <span class='ocrx_word' id='word_1_703' title='bbox 1118 5618 1260 5674; x_wconf 74' lang='lat' dir='ltr'><strong>Num</strong></span> <span class='ocrx_word' id='word_1_704' title='bbox 1295 5618 1461 5689; x_wconf 83' lang='lat' dir='ltr'><strong>igitur</strong></span> <span class='ocrx_word' id='word_1_705' title='bbox 1478 5617 1660 5672; x_wconf 86' lang='lat' dir='ltr'><strong>statim</strong></span> <span class='ocrx_word' id='word_1_706' title='bbox 1686 5626 1849 5689; x_wconf 87' lang='lat' dir='ltr'><strong>atque</strong></span> <span class='ocrx_word' id='word_1_707' title='bbox 1901 5617 1955 5672; x_wconf 89' lang='lat' dir='ltr'><strong>in</strong></span> <span class='ocrx_word' id='word_1_708' title='bbox 2000 5618 2108 5671; x_wconf 86' lang='lat' dir='ltr'><strong>hu-</strong></span> 
     </span>
    </p>
   </div>
   <div class='ocr_carea' id='block_1_103' title="bbox 594 5805 1671 5877">
    <p class='ocr_par' dir='ltr' id='par_1_103' title="bbox 594 5805 1671 5877">
     <span class='ocr_line' id='line_1_103' title="bbox 594 5805 1671 5877; baseline 0 -15"><span class='ocrx_word' id='word_1_709' title='bbox 594 5806 637 5837; x_wconf 73' lang='lat'>“</span> <span class='ocrx_word' id='word_1_710' title='bbox 670 5806 830 5862; x_wconf 67' lang='lat' dir='ltr'><strong>Num.</strong></span> <span class='ocrx_word' id='word_1_711' title='bbox 876 5822 982 5874; x_wconf 75' lang='lat' dir='ltr'><strong>Juv,</strong></span> <span class='ocrx_word' id='word_1_712' title='bbox 1031 5805 1048 5859; x_wconf 89' lang='grc' dir='ltr'><strong>ι</strong></span> <span class='ocrx_word' id='word_1_713' title='bbox 1102 5821 1252 5877; x_wconf 81' lang='lat' dir='ltr'><strong>seqq.</strong></span> <span class='ocrx_word' id='word_1_714' title='bbox 1334 5808 1379 5839; x_wconf 72' lang='grc'><strong>’³³</strong></span> <span class='ocrx_word' id='word_1_715' title='bbox 1410 5806 1546 5864; x_wconf 79' lang='lat' dir='ltr'><strong>ibid.</strong></span> <span class='ocrx_word' id='word_1_716' title='bbox 1586 5808 1671 5863; x_wconf 75' lang='lat'><strong>50.</strong></span> 
     </span>
    </p>
   </div>
   <div class='ocr_carea' id='block_1_104' title="bbox 1754 5802 2268 5871">
    <p class='ocr_par' dir='ltr' id='par_1_104' title="bbox 1754 5802 2268 5871">
     <span class='ocr_line' id='line_1_104' title="bbox 1754 5802 2268 5871; baseline -0.01 -10"><span class='ocrx_word' id='word_1_717' title='bbox 1754 5808 1795 5837; x_wconf 67' lang='lat'><strong>&quot;&quot;</strong></span> <span class='ocrx_word' id='word_1_718' title='bbox 1829 5806 1989 5861; x_wconf 69' lang='lat' dir='ltr'><strong>Pent.</strong></span> <span class='ocrx_word' id='word_1_719' title='bbox 2039 5820 2180 5871; x_wconf 66' lang='lat' dir='ltr'><strong>xxxv,</strong></span> <span class='ocrx_word' id='word_1_720' title='bbox 2217 5802 2268 5857; x_wconf 77' lang='grc'>5.</span> 
     </span>
    </p>
   </div>
   <div class='ocr_carea' id='block_1_105' title="bbox 2206 4607 3402 4683">
    <p class='ocr_par' dir='ltr' id='par_1_105' title="bbox 2206 4607 3402 4683">
     <span class='ocr_line' id='line_1_105' title="bbox 2206 4607 3402 4683; baseline -0.005 -15"><span class='ocrx_word' id='word_1_721' title='bbox 2206 4610 2420 4678; x_wconf 86' lang='grc' dir='ltr'>θωκὼς,</span> <span class='ocrx_word' id='word_1_722' title='bbox 2454 4611 2923 4683; x_wconf 84' lang='grc' dir='ltr'>εὑκατακόμιστος</span> <span class='ocrx_word' id='word_1_723' title='bbox 2950 4612 3030 4675; x_wconf 87' lang='grc' dir='ltr'><strong>είς</strong></span> <span class='ocrx_word' id='word_1_724' title='bbox 3062 4610 3123 4663; x_wconf 83' lang='grc' dir='ltr'>τὸ</span> <span class='ocrx_word' id='word_1_725' title='bbox 3141 4607 3402 4664; x_wconf 73' lang='grc' dir='ltr'>ἐναντίον.</span> 
     </span>
    </p>
   </div>
   <div class='ocr_carea' id='block_1_106' title="bbox 2278 4780 3705 4863">
    <p class='ocr_par' dir='ltr' id='par_1_106' title="bbox 2278 4780 3705 4863">
     <span class='ocr_line' id='line_1_106' title="bbox 2278 4780 3705 4863; baseline -0.009 -17"><span class='ocrx_word' id='word_1_726' title='bbox 2278 4792 2488 4847; x_wconf 79' lang='grc' dir='ltr'>ΠΛΔΛ.</span> <span class='ocrx_word' id='word_1_727' title='bbox 2518 4790 2731 4863; x_wconf 79' lang='grc' dir='ltr'>Φράσον</span> <span class='ocrx_word' id='word_1_728' title='bbox 2760 4788 2929 4852; x_wconf 82' lang='grc' dir='ltr'>ὅπως.</span> <span class='ocrx_word' id='word_1_729' title='bbox 2967 4787 3213 4856; x_wconf 87' lang='grc' dir='ltr'>Ἔπομαι</span> <span class='ocrx_word' id='word_1_730' title='bbox 3248 4783 3356 4856; x_wconf 75' lang='grc' dir='ltr'><strong>γάρ</strong></span> <span class='ocrx_word' id='word_1_731' title='bbox 3384 4782 3444 4836; x_wconf 79' lang='grc' dir='ltr'>οὐ</span> <span class='ocrx_word' id='word_1_732' title='bbox 3478 4780 3705 4853; x_wconf 81' lang='grc' dir='ltr'>σφόδρα.</span> 
     </span>
    </p>
   </div>
   <div class='ocr_carea' id='block_1_107' title="bbox 2279 4965 3778 5046">
    <p class='ocr_par' dir='ltr' id='par_1_107' title="bbox 2279 4965 3778 5046">
     <span class='ocr_line' id='line_1_107' title="bbox 2279 4965 3778 5046; baseline -0.009 -15"><span class='ocrx_word' id='word_1_733' title='bbox 2279 4977 2446 5031; x_wconf 81' lang='grc' dir='ltr'>ΚΥΡ.</span> <span class='ocrx_word' id='word_1_734' title='bbox 2486 4976 2544 5030; x_wconf 90' lang='lat'><strong>&#39;0</strong></span> <span class='ocrx_word' id='word_1_735' title='bbox 2583 4973 2833 5046; x_wconf 82' lang='grc' dir='ltr'>Σολομῶν</span> <span class='ocrx_word' id='word_1_736' title='bbox 2863 4971 2965 5027; x_wconf 77' lang='grc' dir='ltr'>πού</span> <span class='ocrx_word' id='word_1_737' title='bbox 3012 4988 3178 5043; x_wconf 81' lang='grc' dir='ltr'>φησιν</span> <span class='ocrx_word' id='word_1_738' title='bbox 3214 4992 3226 5005; x_wconf 80' lang='grc' dir='ltr'><strong><em>ο</em></strong></span> <span class='ocrx_word' id='word_1_739' title='bbox 3284 4990 3303 5023; x_wconf 78' lang='grc' dir='ltr'><strong>ι</strong></span> <span class='ocrx_word' id='word_1_740' title='bbox 3361 4965 3531 5024; x_wconf 81' lang='grc' dir='ltr'>Εἶπον</span> <span class='ocrx_word' id='word_1_741' title='bbox 3561 4967 3662 5038; x_wconf 84' lang='grc' dir='ltr'>τὴν</span> <span class='ocrx_word' id='word_1_742' title='bbox 3700 4982 3778 5019; x_wconf 84' lang='grc' dir='ltr'>σο-</span> 
     </span>
    </p>
   </div>
   <div class='ocr_carea' id='block_1_108' title="bbox 2205 5056 3782 5141">
    <p class='ocr_par' dir='ltr' id='par_1_108' title="bbox 2205 5056 3782 5141">
     <span class='ocr_line' id='line_1_108' title="bbox 2205 5056 3782 5141; baseline -0.01 -17"><span class='ocrx_word' id='word_1_743' title='bbox 2205 5070 2332 5141; x_wconf 87' lang='grc' dir='ltr'>φίαν</span> <span class='ocrx_word' id='word_1_744' title='bbox 2381 5068 2482 5141; x_wconf 80' lang='grc' dir='ltr'>σὴν</span> <span class='ocrx_word' id='word_1_745' title='bbox 2501 5066 2735 5140; x_wconf 79' lang='grc' dir='ltr'>ἀδελφὴν</span> <span class='ocrx_word' id='word_1_746' title='bbox 2763 5063 2901 5120; x_wconf 77' lang='grc' dir='ltr'>εἶναι</span> <span class='ocrx_word' id='word_1_747' title='bbox 2923 5082 2937 5098; x_wconf 88' lang='grc'><strong>·</strong></span> <span class='ocrx_word' id='word_1_748' title='bbox 2975 5065 3076 5135; x_wconf 84' lang='grc' dir='ltr'>τὴν</span> <span class='ocrx_word' id='word_1_749' title='bbox 3111 5064 3170 5119; x_wconf 82' lang='grc' dir='ltr'>δὲ</span> <span class='ocrx_word' id='word_1_750' title='bbox 3201 5063 3463 5135; x_wconf 87' lang='grc' dir='ltr'>φρόνησιν</span> <span class='ocrx_word' id='word_1_751' title='bbox 3518 5056 3782 5130; x_wconf 76' lang='grc' dir='ltr'>γνώριμον</span> 
     </span>
    </p>
   </div>
   <div class='ocr_carea' id='block_1_109' title="bbox 2207 5148 3781 5235">
    <p class='ocr_par' dir='ltr' id='par_1_109' title="bbox 2207 5148 3781 5235">
     <span class='ocr_line' id='line_1_109' title="bbox 2207 5148 3781 5235; baseline -0.01 -18"><span class='ocrx_word' id='word_1_752' title='bbox 2207 5162 2563 5235; x_wconf 82' lang='grc' dir='ltr'>περιποίησαι</span> <span class='ocrx_word' id='word_1_753' title='bbox 2604 5159 2834 5231; x_wconf 81' lang='grc' dir='ltr'>σεαυτῷ.</span> <span class='ocrx_word' id='word_1_754' title='bbox 2883 5177 2902 5210; x_wconf 77' lang='grc' dir='ltr'><strong>ι</strong></span> <span class='ocrx_word' id='word_1_755' title='bbox 2941 5155 3304 5228; x_wconf 81' lang='grc' dir='ltr'>οίκειούμεθα</span> <span class='ocrx_word' id='word_1_756' title='bbox 3331 5153 3441 5223; x_wconf 68' lang='grc' dir='ltr'><strong>γὰρ</strong></span> <span class='ocrx_word' id='word_1_757' title='bbox 3468 5152 3657 5222; x_wconf 79' lang='grc' dir='ltr'>ὥσπερ</span> <span class='ocrx_word' id='word_1_758' title='bbox 3693 5148 3781 5210; x_wconf 77' lang='grc' dir='ltr'><strong>τὰς</strong></span> 
     </span>
    </p>
   </div>
   <div class='ocr_carea' id='block_1_110' title="bbox 2212 5240 3781 5328">
    <p class='ocr_par' dir='ltr' id='par_1_110' title="bbox 2212 5240 3781 5328">
     <span class='ocr_line' id='line_1_110' title="bbox 2212 5240 3781 5328; baseline -0.01 -20"><span class='ocrx_word' id='word_1_759' title='bbox 2212 5254 2437 5328; x_wconf 79' lang='grc' dir='ltr'>ἀρετὰς,</span> <span class='ocrx_word' id='word_1_760' title='bbox 2467 5254 2529 5307; x_wconf 83' lang='grc' dir='ltr'><strong>τὸ</strong></span> <span class='ocrx_word' id='word_1_761' title='bbox 2554 5254 2614 5307; x_wconf 80' lang='grc' dir='ltr'>ὲν</span> <span class='ocrx_word' id='word_1_762' title='bbox 2667 5252 2860 5315; x_wconf 81' lang='grc' dir='ltr'>αὐταῖς</span> <span class='ocrx_word' id='word_1_763' title='bbox 2900 5251 3274 5322; x_wconf 83' lang='grc' dir='ltr'>καρποφορεῖν</span> <span class='ocrx_word' id='word_1_764' title='bbox 3314 5247 3396 5300; x_wconf 80' lang='grc' dir='ltr'>ὅτι</span> <span class='ocrx_word' id='word_1_765' title='bbox 3443 5244 3679 5316; x_wconf 86' lang='grc' dir='ltr'>μάλιστα</span> <span class='ocrx_word' id='word_1_766' title='bbox 3717 5240 3781 5294; x_wconf 86' lang='grc' dir='ltr'>δι-</span> 
     </span>
    </p>
   </div>
   <div class='ocr_carea' id='block_1_111' title="bbox 2213 5333 3782 5415">
    <p class='ocr_par' dir='ltr' id='par_1_111' title="bbox 2213 5333 3782 5415">
     <span class='ocr_line' id='line_1_111' title="bbox 2213 5333 3782 5415; baseline -0.008 -16"><span class='ocrx_word' id='word_1_767' title='bbox 2213 5344 2606 5408; x_wconf 80' lang='grc' dir='ltr'>εσπουδακότες</span> <span class='ocrx_word' id='word_1_768' title='bbox 2627 5360 2642 5374; x_wconf 88' lang='grc'><strong>·</strong></span> <span class='ocrx_word' id='word_1_769' title='bbox 2679 5347 2708 5397; x_wconf 89' lang='lat'><strong>6</strong></span> <span class='ocrx_word' id='word_1_770' title='bbox 2732 5343 2830 5415; x_wconf 83' lang='grc' dir='ltr'>μὲν</span> <span class='ocrx_word' id='word_1_771' title='bbox 2856 5340 2964 5415; x_wconf 88' lang='grc' dir='ltr'><strong>γάρ</strong></span> <span class='ocrx_word' id='word_1_772' title='bbox 2991 5358 3078 5404; x_wconf 87' lang='grc' dir='ltr'><strong>τις</strong></span> <span class='ocrx_word' id='word_1_773' title='bbox 3112 5339 3273 5410; x_wconf 76' lang='grc' dir='ltr'>τυχὺν</span> <span class='ocrx_word' id='word_1_774' title='bbox 3302 5337 3363 5392; x_wconf 84' lang='grc' dir='ltr'>τὸ</span> <span class='ocrx_word' id='word_1_775' title='bbox 3392 5337 3449 5390; x_wconf 83' lang='grc' dir='ltr'>ὲν</span> <span class='ocrx_word' id='word_1_776' title='bbox 3482 5333 3680 5404; x_wconf 83' lang='grc' dir='ltr'>γνώσει</span> <span class='ocrx_word' id='word_1_777' title='bbox 3707 5349 3782 5386; x_wconf 87' lang='grc' dir='ltr'>σο·</span> 
     </span>
    </p>
   </div>
   <div class='ocr_carea' id='block_1_112' title="bbox 2217 5424 3787 5508">
    <p class='ocr_par' dir='ltr' id='par_1_112' title="bbox 2217 5424 3787 5508">
     <span class='ocr_line' id='line_1_112' title="bbox 2217 5424 3787 5508; baseline -0.009 -18"><span class='ocrx_word' id='word_1_778' title='bbox 2217 5437 2336 5507; x_wconf 74' lang='grc' dir='ltr'>φὺν,</span> <span class='ocrx_word' id='word_1_779' title='bbox 2363 5437 2391 5488; x_wconf 82' lang='grc' dir='ltr'>ὁ</span> <span class='ocrx_word' id='word_1_780' title='bbox 2413 5436 2471 5490; x_wconf 79' lang='grc' dir='ltr'>δὲ</span> <span class='ocrx_word' id='word_1_781' title='bbox 2493 5436 2594 5507; x_wconf 80' lang='grc' dir='ltr'>τὴν</span> <span class='ocrx_word' id='word_1_782' title='bbox 2625 5434 2912 5508; x_wconf 84' lang='grc' dir='ltr'>πραότητα</span> <span class='ocrx_word' id='word_1_783' title='bbox 2938 5434 3035 5487; x_wconf 73' lang='grc' dir='ltr'>καὶ</span> <span class='ocrx_word' id='word_1_784' title='bbox 3066 5429 3369 5503; x_wconf 86' lang='grc' dir='ltr'>ἀοργησίαν</span> <span class='ocrx_word' id='word_1_785' title='bbox 3394 5428 3495 5483; x_wconf 88' lang='grc' dir='ltr'>οὐκ</span> <span class='ocrx_word' id='word_1_786' title='bbox 3534 5424 3787 5493; x_wconf 81' lang='grc' dir='ltr'>ἀνεπιτή-</span> 
     </span>
    </p>
   </div>
   <div class='ocr_carea' id='block_1_113' title="bbox 2216 5512 3788 5597">
    <p class='ocr_par' dir='ltr' id='par_1_113' title="bbox 2216 5512 3788 5597">
     <span class='ocr_line' id='line_1_113' title="bbox 2216 5512 3788 5597; baseline -0.009 -16"><span class='ocrx_word' id='word_1_787' title='bbox 2216 5529 2401 5581; x_wconf 85' lang='grc' dir='ltr'>δευτον</span> <span class='ocrx_word' id='word_1_788' title='bbox 2438 5527 2574 5597; x_wconf 71' lang='grc' dir='ltr'>ἔχει,</span> <span class='ocrx_word' id='word_1_789' title='bbox 2617 5527 2787 5597; x_wconf 68' lang='grc' dir='ltr'>ἤγουν</span> <span class='ocrx_word' id='word_1_790' title='bbox 2821 5524 3009 5597; x_wconf 70' lang='grc' dir='ltr'>ἕτερόν</span> <span class='ocrx_word' id='word_1_791' title='bbox 3046 5540 3100 5577; x_wconf 89' lang='grc' dir='ltr'><strong>τι</strong></span> <span class='ocrx_word' id='word_1_792' title='bbox 3136 5522 3247 5576; x_wconf 84' lang='grc' dir='ltr'><strong>τῶν</strong></span> <span class='ocrx_word' id='word_1_793' title='bbox 3270 5520 3528 5574; x_wconf 84' lang='grc' dir='ltr'>τοιούτων</span> <span class='ocrx_word' id='word_1_794' title='bbox 3565 5519 3702 5586; x_wconf 79' lang='grc' dir='ltr'>ὅπερ</span> <span class='ocrx_word' id='word_1_795' title='bbox 3728 5512 3788 5568; x_wconf 77' lang='grc' dir='ltr'>ἂν</span> 
     </span>
    </p>
   </div>
   <div class='ocr_carea' id='block_1_114' title="bbox 2217 5606 3787 5687">
    <p class='ocr_par' dir='ltr' id='par_1_114' title="bbox 2217 5606 3787 5687">
     <span class='ocr_line' id='line_1_114' title="bbox 2217 5606 3787 5687; baseline -0.006 -19"><span class='ocrx_word' id='word_1_796' title='bbox 2217 5616 2392 5669; x_wconf 74' lang='grc' dir='ltr'>ἕλοιτο</span> <span class='ocrx_word' id='word_1_797' title='bbox 2419 5613 2740 5685; x_wconf 81' lang='grc' dir='ltr'>κατορθοῦν.</span> <span class='ocrx_word' id='word_1_798' title='bbox 2772 5610 2841 5668; x_wconf 58' lang='grc' dir='ltr'><strong>*Α</strong></span> <span class='ocrx_word' id='word_1_799' title='bbox 2853 5614 2897 5684; x_wconf 84' lang='grc' dir='ltr'>ρ’</span> <span class='ocrx_word' id='word_1_800' title='bbox 2921 5609 3023 5687; x_wconf 34' lang='grc' dir='ltr'>οὗν.</span> <span class='ocrx_word' id='word_1_801' title='bbox 3043 5612 3205 5677; x_wconf 73' lang='grc' dir='ltr'>εὐθὺς</span> <span class='ocrx_word' id='word_1_802' title='bbox 3238 5613 3266 5665; x_wconf 89' lang='grc' dir='ltr'>ὁ</span> <span class='ocrx_word' id='word_1_803' title='bbox 3289 5611 3384 5683; x_wconf 77' lang='grc' dir='ltr'>τῆς</span> <span class='ocrx_word' id='word_1_804' title='bbox 3417 5609 3473 5664; x_wconf 78' lang='grc' dir='ltr'>ἕν</span> <span class='ocrx_word' id='word_1_805' title='bbox 3500 5624 3563 5677; x_wconf 83' lang='grc' dir='ltr'><strong>γε</strong></span> <span class='ocrx_word' id='word_1_806' title='bbox 3591 5606 3787 5666; x_wconf 69' lang='grc' dir='ltr'>τούτοις</span> 
     </span>
    </p>
   </div>
   <div class='ocr_carea' id='block_1_115' title="bbox 2348 5801 2781 5865">
    <p class='ocr_par' dir='ltr' id='par_1_115' title="bbox 2348 5801 2781 5865">
     <span class='ocr_line' id='line_1_115' title="bbox 2348 5801 2781 5865; baseline -0.005 -13"><span class='ocrx_word' id='word_1_807' title='bbox 2348 5802 2383 5833; x_wconf 71' lang='grc' dir='ltr'><strong>ε·</strong></span> <span class='ocrx_word' id='word_1_808' title='bbox 2418 5801 2576 5860; x_wconf 76' lang='lat' dir='ltr'><strong>Prov.</strong></span> <span class='ocrx_word' id='word_1_809' title='bbox 2613 5814 2703 5865; x_wconf 65' lang='grc' dir='ltr'>ιιι,</span> <span class='ocrx_word' id='word_1_810' title='bbox 2731 5814 2781 5851; x_wconf 60' lang='lat'><strong>4.</strong></span> 
     </span>
    </p>
   </div>
  </div>
