4138 6300
332 465 441 524 577

1041 468 1127 524 DE
1166 467 1607 528 ADORATIONE
1645 473 1711 529 ΙΝ
1756 474 2032 533 SPIRITU
2076 479 2162 534 ET
2202 480 2573 537 \‘ERI'I'ATE.
2617 481 2743 535 LIB.
2787 482 2847 536 Υ.

3482 488 3587 544 378

325 579 633 646 ἐπιεικείας
665 582 973 655 ἀρξάμενος
1008 584 1153 648 νοῦς,
1193 585 1378 650 ίκανὸς
1412 589 1491 650 είς
1522 588 1585 641 τὸ
1617 589 1908 660 δοκιμάζε-

2008 593 2242 662 jusmodi
2297 595 2463 651 rebus
2501 596 2855 651 mediocriter
2892 600 3096 653 versari
3150 600 3315 671 coepit
3349 602 3585 668 animus,

329 676 457 731 σθαι
483 675 581 729 καὶ
601 673 959 746 πειράζεσθαι
979 693 994 741 ;
1024 677 1119 729 καὶ
1142 680 1252 741 τοίς
1274 676 1344 730 τὰ
1368 677 1506 750 ὀρθά
1524 678 1906 751 διαστρέφουσι

330 764 641 838 περιτυχὼν
688 768 718 820 ό
759 766 922 836 σοφίᾳ
958 768 1290 838 συνοικήσας
1333 768 1414 837 (ί)
1465 770 1815 839 προσφάτως,
1845 773 1906 825 οὑ

327 858 797 929 διαστραφήσεται
826 856 1046 929 μᾶλλον,
1063 859 1234 931 ἧγουν
1251 860 1533 931 περιέσται
1546 861 1641 915 καὶ
1655 860 1907 933 διακρού-

330 947 573 1002 σεταιτά
602 947 828 1002 ἐκείνων
863 947 1058 1021 βλάϐη,
1102 949 1354 1023 βεϐηκὼς
1395 953 1489 1007 καὶ¹
1517 953 1908 1026 ἐρηρεισμένος

327 1038 570 1111 διαρκῶς
590 1037 744 1093 οὔπω
775 1040 913 1113 πρὸς
939 1041 1156 1097 σύνεσιν
1177 1060 1206 1100 ’ρ

400 1219 607 1274 ΠΑΛΔ.
642 1219 875 1275 Ἔοικεν.

402 1308 565 1405 [(-YP.
597 1308 1043 1382 ῌαροτρύνοντος
1064 1312 1119 1366 δέ
1142 1331 1306 1380 τινος,
1327 1316 1356 1369 ὁ
1381 1315 1479 1388 τὴν
1506 1318 1793 1389 πραότητα
1818 1337 1910 1391 με·
1968 1388 1979 1405 ι

326 1398 521 1467 λετῶν,
553 1402 602 1454 εί
636 1402 804 1472 μήπω
833 1419 918 1467 τις
955 1404 1040 1474 εἴη
1071 1405 1210 1475 πρὸς
1245 1406 1405 1460 τοῦτο
1429 1410 1903 1481 γεγυμνασμένος,

324 1492 387 1545 οὗ
417 1494 800 1565 κατοιχήσεται
834 1496 971 1567 πρὸς
998 1496 1169 1569 ὀργὴν
1196 1498 1466 1565 εὐκόλως;

400 1584 607 1639 ΠΑΛΛ.
639 1580 812 1655 Οἶμαί
838 1603 925 1655 γε.

398 1676 565 1731 ΚΥΡ.
613 1677 893 1749 Ἐντριδὴς
918 1678 976 1733 δὲ
1006 1679 1169 1749 σοφὸς
1200 1681 1549 1753 διαμαχεῖται
1578 1687 1783 1755 σοφοῖς,
1812 1685 1907 1739 καὶ

322 1766 609 1837 ἀντεξάγει
633 1770 900 1835 νεανικῶς
934 1773 1055 1836 ταῖς
1099 1772 1327 1828 ἐκείνων
1361 1775 1717 1847 πανουργίαις
1747 1778 1816 1833 τά
1848 1778 1907 1845 ἐξ

323 1858 613 1930 ὀρθότητος
639 1859 952 1932 λογισμῶν;

398 1950 602 2005 um.
651 1951 895 2025 Ἀληθές.

395 2041 558 2097 ΚΥΡ.
586 2042 652 2097 Τί
672 2042 753 2109 δέ,
781 2045 811 2098 ό
847 2045 1112 2117 πραότητι
1141 2048 1521 2122 κατωρθωκὼς
1544 2051 1606 2105 οὐ
1637 2050 1906 2123 δυσχερὴς

320 2136 406 2199 είς
427 2134 616 2207 όργάς,
645 2135 748 2192 κάν
776 2138 823 2190 εί
850 2137 986 2210 πρὸς
1017 2137 1177 2193 τοῦτο
1197 2139 1360 2195 αὐτὸν
1392 2141 1764 2213 παραθήγοιεν
1793 2140 1905 2194 ἔσθ’

319 2228 414 2280 δτε
441 2228 619 2295 τινές;

397 2320 610 2374 IIAAA.
640 2320 807 2392 Φημί.

394 2413 564 2468 ΚΥΡ.
612 2414 819 2486 Ὀρθῶς
854 2409 947 2469 οὖν
984 2415 1013 2468 ὁ
1040 2414 1204 2486 νόμος
1234 2414 1599 2486 ’καθάπερὲν
1644 2414 1777 2469 εἴδει
1830 2416 1906 2486 τῷ

320 2505 584 2573 γυναικὸς
605 2505 995 2578 διαμρφὼσας
1025 2506 1259 2571 ἀστείως
1292 2507 1391 2578 τὴν
1417 2509 1531 2571 τοῖς
1576 2507 1751 2576 ἁγίοις
1783 2506 1907 2562 σύν-

318 2612 476 2651 οικον
505 2596 730 2668 ἀρετὴν,
764 2616 782 2648 ι
814 2595 943 2651 Ἐάν
973 2614 1058 2661 τις
1103 2597 1245 2669 λάϐῃ
1271 2600 1508 2666 γυναῖκα
1553 2600 1901 2671 προσφάτως,

319 2688 514 2757 φησὶν,
539 2687 639 2741 οὐκ
660 2687 999 2755 ἐξελεύσεται
1030 2690 1109 2751 είς
1138 2688 1398 2759 πόλεμον,
1429 2690 1525 2744 καὶ
1551 2690 1652 2745 οὐκ
1681 2690 1906 2763 ὲπισλη-

322 2779 553 2849 θήσεται
581 2778 730 2850 αὐτῷ
749 2779 901 2833 οὐδὲν
926 2781 1162 2852 πρᾶγμα
1186 2796 1199 2810 ·
1230 2779 1408 2844 ἀθῶος
1424 2779 1580 2835 ἔσται
1601 2783 1659 2835 ὲν
1674 2784 1741 2853 τῇ
1757 2783 1906 2854 οἰκίᾳ

321 2870 513 2925 αὐτοῦ.
588 2869 863 2924 Ἐνιαυτὸν
916 2868 1015 2924 ἕνα
1067 2872 1332 2943 εὐφρανεῖ
1386 2870 1485 2943 τὴν
1551 2874 1783 2941 γυναῖκα
1839 2872 1906 2944 ἢν

322 2963 508 3018 ἔλαϐε.
543 2982 562 3015 ι
600 2963 1115 3035 Καταφορτίζεσθαι
1142 2962 1252 3035 γὰρ
1280 2963 1381 3018 οὐκ
1412 2964 1481 3036 ἑᾷ
1511 2964 1693 3028 πόνοις
1717 2981 1776 3018 τε
1811 2965 1906 3018 mi

321 3058 582 3128 διωγμοῖς
626 3056 722 3110 τὸν
765 3056 1047 3120 οἱονείπως
1077 3056 1379 3127 ἀρτιπαγῆ,
1423 3058 1520 3111 καὶ
1563 3060 1905 3129 νεαρωτέραν

324 3150 520 3220 ἔχοντα
544 3149 646 3219 τὴν
671 3150 750 3213 είς
774 3148 836 3202 τὺ
855 3147 1058 3218 ἀγαθὸν
1077 3147 1336 3218 σπουδὴν,
1358 3147 1606 3219 σχολαῖον
1630 3147 1688 3202 δὲ
1716 3147 1907 3220 ὥσπερ

324 3243 422 3296 καὶ
466 3242 553 3312 ἐφ’
606 3240 787 3313 ἑαυτῷ
831 3241 1082 3311 μένοντα,
1136 3241 1232 3295 καὶ
1275 3241 1612 3312 θαλπόμενον
1654 3244 1775 3304 ταῖς
1826 3242 1904 3304 εἰς
1932 3279 1975 3338 C

321 3333 529 3405 ἀρετὴν
576 3333 1035 3404 κατωδεσμείσθαι
1084 3331 1511 3403 φιλοστοργίαις.
1558 3332 1814 3386 Τοιοῦτόν
1852 3348 1906 3384 τι

322 3427 679 3497 πεπραχότας
723 3426 1030 3497 εὑρήσομεν
1067 3425 1194 3489 τοὺς
1234 3425 1425 3492 ἁγίους
1454 3425 1812 3489 ἀποστόλους,
1859 3425 1908 3478 οἳ

321 3520 440 3581 τοῖς
472 3518 533 3595 ἐξ
562 3516 734 3571 ἐθνῶν
767 3517 1176 3587 ἐπιστρέφουσι,
1210 3517 1304 3570 καὶ
1330 3516 1528 3571 νεωστὶ
1549 3515 1909 3587 κεκλημένοις

318 3613 406 3685 είς
433 3610 730 3679 ἐπίγνωσιν
759 3608 918 3675 Θεοῦ,
957 3610 1146 3679 σαφῶς
1172 3608 1611 3665 ἐπιστέλλουσινο
1649 3629 1668 3661 ι
1719 3607 1908 3687 Ἔδοξε

323 3704 437 3775 γὰρ
468 3703 548 3776 τῷ
577 3704 719 3775 ἀγίιρ
754 3702 1034 3774 Πνεῦματι
1068 3704 1163 3757 καὶ
1198 3704 1350 3774 ἡμῖν,
1386 3702 1554 3773 μηδὲν
1595 3700 1756 3756 πλέον
1788 3703 1909 3755 ἐπι-

321 3794 570 3850 τίθεσθαι
599 3796 729 3867 ὐμίν
752 3793 919 3865 βάρος
943 3835 957 3859 ,
996 3792 1137 3866 πλὴν
1155 3792 1458 3863 ἀπέχεσθαι
1478 3794 1623 3863 ὑμᾶς
1653 3792 1909 3862 πορνείας

325 3889 423 3941 καὶ
457 3886 707 3951 πνικτοῦ,
743 3888 839 3941 καὶ
866 3886 1117 3957 αἵματος.
1146 3904 1163 3936 ι
1202 3885 1478 3956 Παρέντες
1509 3883 1616 3954 γὰρ
1637 3884 1910 3955 οἰκονομι-

325 3978 440 4043 κῶς
466 3978 577 4032 τῶν
607 3977 959 4051 ὲνταλμάτων
1000 3978 1069 4032 τὰ
1114 3975 1515 4048 φορτικώτερα,
1541 3975 1699 4045 ὀλίγα
1725 3992 1785 4029 τε
1814 3976 1910 4029 καὶ

324 4072 606 4139 ἀναγκαῖα
618 4072 805 4141 τηρεῖν
834 4068 1111 4142 ἐκέλευον,
1138 4067 1247 4122 τῶν
1265 4065 1467 4140 ἀρτίως
1496 4066 1911 4139 είσκεκομισιιέ-

323 4175 435 4214 νων
456 4157 551 4212 ἐπὶ
570 4156 632 4211 τδ
656 4158 853 4230 χρῆναι
876 4157 1147 4211 θεοσεὸεἰν
1173 4157 1235 4210 τὸ
1254 4156 1566 4228 ἀτληπαθὲς
1590 4158 1691 4211 οῦκ
1714 4158 1909 4227 luven-

325 4251 505 4314 κότες.
538 4250 648 4303 Καὶ
689 4249 845 4317 γοῦν,
881 4248 1064 4318 ἀνίησι
1109 4249 1207 4319 μὲν
1254 4249 1380 4312 τοὺς
1417 4248 1693 4314 τοιούτους
1742 4249 1771 4301 ό
1801 4247 1909 4301 τῶν

324 4344 464 4398 ἔλων
492 4342 626 4405 Θεὸς
653 4342 748 4395 καὶ
778 4341 950 4412 ὀργῆς
980 4339 1073 4393 καὶ
1119 4339 1480 4411 αίτιαμάτων,
1526 4339 1628 4393 κᾶν
1666 4340 1714 4392 εί
1753 4355 1911 4409 περι-

328 4438 553 4490 πέσοιεν
590 4432 986 4502 όλιγοψυχίαις,
1022 4433 1121 4503 τὴν
1160 4431 1402 4502 ἀσυνήθη
1437 4431 1545 4486 τῶν
1587 4431 1765 4485 πόνων
1795 4430 1910 4483 δια-

329 4525 640 4596 στείχοντες
672 4524 812 4579 όδόν.
844 4523 1242 4594 Είσπράττεται
1268 4521 1325 4575 δὲ
1367 4523 1507 4593 μετὰ
1534 4521 1692 4575 τοῦτο
1727 4521 1906 4585 δίκας,

2007 684 2240 741 idoneus
2279 687 2386 742 erit
2418 688 2512 757 qui
2556 688 2824 758 probetur
2856 707 2920 747 ac
2954 692 3234 747 tentetur?
3270 701 3324 745 et
3366 694 3459 763 qui
3498 708 3588 749 sa-

2005 778 2225 849 pientia:
2247 778 2612 833 contubernio
2642 779 2723 834 uti
2749 791 3001 836 recenter
3031 782 3318 853 inceperit,
3347 784 3392 838 si
3414 784 3468 839 in
3489 800 3589 841 eos

2005 868 2284 935 inciderit,
2314 870 2409 940 qui
2448 878 2599 925 recta
2633 880 2977 940 pervertunt,
3019 888 3202 927 nonne
3238 883 3587 944 pervertetur

2006 961 2190 1030 potius
2232 976 2396 1031 quam
2427 961 2633 1025 vincat,
2654 970 2712 1016 et
2736 962 2956 1017 illorum
2982 962 3282 1031 perniciem
3324 964 3582 1035 depellat,

2005 1052 2208 1122 quippe
2239 1067 2363 1106 cum
2386 1067 2499 1107 non
2521 1052 2657 1107 satis
2675 1051 2858 1107 adhuc
2882 1052 3096 1108 stabilis
3116 1068 3180 1107 ac
3216 1051 3358 1107 ﬁxus
3398 1054 3453 1107 in
3494 1067 3585 1108 sa-

2007 1143 2217 1213 pientia
2243 1143 2356 1198 sit?

2078 1234 2274 1288 PALL.
2298 1234 2740 1291 Consentaneum
2769 1235 3010 1291 videtur.

2078 1325 2235 1379 CYR.
2265 1326 2553 1392 Praeterea,
2577 1327 2672 1397 qui
2698 1325 3110 1383 mansuetudini
3140 1326 3345 1393 studet,
3385 1342 3586 1399 provo-

2006 1427 2165 1472 cante
2188 1418 2393 1488 aliquo,
2411 1420 2457 1474 si
2479 1420 2726 1475 nondum
2747 1421 2804 1474 in
2825 1435 2887 1473 ea
2912 1418 3116 1474 virtute
3138 1419 3209 1474 sit
3227 1421 3584 1487 exercitatus,

2008 1524 2190 1565 nonne
2211 1510 2369 1565 facile
2391 1511 2780 1568 succensebit?

2077 1599 2277 1655 PALL.
2299 1600 2379 1655 Ita
2403 1600 2618 1670 opinor.

2076 1689 2234 1745 CYR.
2260 1692 2607 1748 Exercitatus
2638 1702 2824 1751 autem
2845 1695 3064 1765 sapiens
3091 1711 3217 1750 cum
3252 1694 3589 1764 sapientibus

2006 1779 2294 1850 pugnabit,
2314 1788 2371 1835 et
2393 1780 2614 1836 illorum
2637 1782 2851 1837 astutia
2888 1790 3093 1837 rectam
3131 1782 3398 1836 rationem
3429 1779 3588 1835 forti-

2010 1879 2095 1926 ter
2115 1881 2377 1942 opponet.

1939 1939 1983 1995 Β
2076 1939 2277 2018 ΡᾸΙᾸΙ...
2308 1964 2509 2019 Verum
2532 1963 2653 2020 est.‘

2076 2052 2233 2108 (ΝΒ.
2256 2052 2399 2120 Quid
2419 2068 2554 2108 vero
2573 2054 2688 2119 ille,
2716 2054 2812 2125 qui
2836 2053 3315 2109 mansuetudinem
3343 2061 3428 2109 est
3463 2069 3588 2123 per-

2007 2144 2147 2199 fecte
2169 2151 2517 2209 consecutus,
2538 2158 2721 2199 nonne
2749 2143 2970 2200 dilIicile
2996 2144 3364 2209 succensebit,
3400 2160 3591 2215 quam-

2008 2235 2092 2289 vis
2109 2250 2505 2304 nonnunquam
2527 2236 2596 2291 ab
2630 2235 2909 2306 aliquibus
2946 2237 3327 2306 provocetur?

2078 2328 2275 2383 PALL.
2295 2328 2513 2383 Fateor.

2077 2418 2237 2474 CYR.
2265 2419 2434 2474 Recte
2482 2419 2667 2489 itaque
2711 2418 2820 2482 lex,
2868 2432 2996 2472 cum
3033 2418 3314 2488 eleganter
3352 2416 3502 2470 velut
3535 2415 3590 2468 in

2008 2508 2259 2564 mulieris
2292 2508 2475 2579 specie
2515 2508 2774 2564 virtutem
2821 2514 3139 2563 sanctorum
3170 2507 3458 2577 conjugem
3492 2504 3591 2558 de-

2006 2602 2315 2673 pinxisset:
2353 2620 2371 2651 ι
2402 2600 2459 2655 Si
2482 2600 2626 2670 quis,
2656 2599 2855 2670 inquit,
2878 2614 3055 2669 nuper
3095 2613 3318 2654 uxorem
3360 2612 3591 2666 accepe-

2007 2693 2100 2759 rit,
2125 2707 2238 2748 non
2256 2691 2572 2762 egredietur
2596 2690 2666 2745 ad
2706 2690 2935 2755 bellum,
2958 2705 3140 2760 neque
3184 2689 3353 2744 ullum
3392 2703 3598 2742 munus

2007 2785 2057 2840 ei
2081 2784 2423 2854 imponetur:
2458 2784 2719 2838 immunis
2739 2783 2847 2838 erit
2869 2783 2924 2837 in
2943 2782 3107 2838 domo
3135 2797 3251 2836 sua.
3281 2780 3439 2836 Anno
3460 2794 3591 2845 uno,

2005 2873 2305 2929 lmtiﬁcabit
2325 2889 2555 2929 uxorem
2595 2888 2773 2938 suam,
2800 2887 2965 2943 quam
3002 2873 3272 2942 accepit"
3300 2890 3312 2924 :
3347 2891 3365 2922 ›
3392 2886 3594 2925 onera-

2007 2966 2053 3020 ri
2074 2980 2312 3035 namque
2331 2965 2618 3020 laboribus
2662 2980 2727 3019 ac
2775 2963 3256 3035 persecutionibus
3305 2979 3416 3017 non
3464 2977 3595 3032 per-

2006 3055 2175 3109 mittit
2198 3070 2346 3121 eum,
2379 3055 2475 3124 qui
2493 3070 2668 3124 nuper
2691 3054 2861 3109 veluti
2919 3060 3237 3123 compactus
3276 3060 3357 3107 est
3395 3061 3453 3106 et
3504 3066 3592 3105 re-

2008 3143 2242 3199 centiori
2270 3152 2354 3199 est
2371 3159 2499 3214 erga
2520 3143 2781 3197 virtutem
2802 3142 3022 3207 studio;
3057 3141 3152 3196 sed
3193 3150 3450 3211 tanquam
3495 3144 3594 3197 eu-

2010 3236 2088 3289 ris
2109 3250 2339 3290 vacuum
2358 3242 2523 3305 atque
2543 3234 2688 3304 apud
2714 3249 2772 3289 se
2814 3241 3126 3288 manentem
3168 3250 3232 3289 ac
3266 3233 3440 3288 fotum
3480 3235 3593 3288 vir-

2010 3325 2144 3380 tutis
2162 3324 2444 3380 amoribus
2472 3322 2788 3378 conﬁrmari
2811 3322 2962 3377 sinit.
3002 3322 3283 3393 Ejusmodi
3314 3322 3594 3392 quidpiam

2007 3426 2227 3471 sanctos
2244 3415 2521 3487 apostolos
2536 3414 2732 3470 fecisse
2759 3414 3122 3485 reperiemus,
3152 3414 3246 3483 qui
3271 3414 3335 3469 ad
3366 3415 3596 3485 gentiles

2006 3523 2185 3577 nuper
2209 3520 2514 3562 conversos
2559 3512 2615 3559 et
2642 3504 2709 3559 ad
2732 3504 2832 3559 Dei
2873 3503 3211 3575 agnitionem
3240 3512 3464 3556 vocatos
3506 3517 3596 3556 sa-

2006 3597 2222 3668 pienter
2254 3596 2508 3650 scribunt
2541 3612 2554 3647 ;
2587 3613 2604 3644 ι
2638 3594 2829 3648 Visum
2852 3601 2937 3649 est
2960 3593 3111 3648 enim
3147 3591 3374 3662 Spiritui
3407 3599 3596 3645 sancto

2007 3694 2063 3741 et
2083 3685 2263 3750 nobis,
2284 3685 2424 3739 nihil
2447 3685 2589 3740 ultra
2622 3685 2905 3756 imponere
2944 3684 3103 3740 vobis
3142 3683 3347 3748 oneris,
3388 3682 3494 3737 nisi
3537 3693 3598 3737 ut

2008 3777 2335 3833 abstineatis
2372 3791 2520 3844 vosa
2556 3775 2943 3842 fornicatione,
2978 3785 3035 3831 et
3067 3775 3332 3831 suﬂ‘ocato
3376 3783 3432 3830 et
3468 3789 3595 3828 san-

2007 3867 2173 3939 guine
2190 3867 2258 3921 ⁸⁷.
2303 3887 2320 3918 ι
2352 3866 2747 3921 Praetermissis
2766 3867 2916 3922 enim
2947 3864 3180 3936 sapienti
3200 3864 3598 3936 gubernatione

2007 3957 2282 4015 mandatis
2298 3956 2664 4029 gravioribus,
2702 3972 2876 4027 pauca
2900 3956 3149 4027 quaedam
3175 3971 3239 4011 ac
3284 3952 3598 4010 necessaria

2008 4065 2226 4107 servare
2254 4041 2580 4121 jusserunt,
2631 4064 2757 4104 cum
2792 4048 3010 4103 illorum
3048 4048 3142 4119 qui
3178 4046 3342 4118 paulo
3376 4053 3501 4100 ante
3529 4043 3598 4098 ad

2008 4142 2181 4197 Deum
2208 4141 2501 4196 colendum
2521 4140 2744 4195 adducti
2772 4148 2976 4203 essent,
3014 4138 3261 4193 inﬁrmas
3301 4139 3353 4192 in
3390 4136 3602 4206 asperis

2007 4232 2177 4287 rebus
2206 4232 2507 4288 tolerandis
2531 4232 2677 4285 vires
2695 4246 2807 4286 non
2828 4230 3167 4301 ignorarent.
3222 4228 3381 4298 154
3408 4228 3599 4295 Itaque

2009 4324 2322 4394 huiusmodi
2378 4324 2714 4387 hominibus,
2764 4322 2855 4377 ille
2912 4321 3293 4375 universorum
3334 4319 3497 4381 Deus,
3543 4327 3601 4373 et

2011 4415 2122 4469 iras
2140 4423 2196 4469 et
2219 4415 2409 4485 culpas
2447 4414 2710 4477 remittit,
2733 4412 2951 4467 tametsi
2985 4412 3039 4465 in
3077 4410 3258 4479 pusilli
3308 4409 3475 4463 animi
3512 4408 3598 4461 vi-

2012 4505 2151 4560 tium
2190 4505 2508 4570 ineiderint,
2550 4504 2683 4558 dum
2715 4504 2990 4558 insuetam
3028 4502 3278 4556 laborum
3322 4502 3461 4555 viam
3512 4501 3600 4554 in-

329 4619 425 4672 καὶ
450 4593 720 4688 ῦποφέρει
748 4616 936 4670 λοιπδν
969 4593 1084 4678 τοῖς
1112 4613 1172 4680 ἐξ
1200 4613 1371 4684 ὀργῆς
1396 4614 1714 4684 κινήμασιν,
1744 4612 1906 4666 ἀσθε-
1942 4636 1985 4690 D
2012 4596 2493 4690 grediuni“’j_s‘3d
2524 4604 2713 4690 130????
2746 4594 2950 4665 Γθρθῑίῐ
2982 4609 3201 4690 Ρωηθδρ
3248 4600 3305 4647 ει
3348 4593 3442 4647 “'33
3488 4608 3600 4690 sum

329 4710 559 4774 νοῦντας
591 4710 689 4780 μὲν
720 4708 904 4763 οὐκέτι
936 4707 1025 4761 διά
1055 4706 1117 4759 τὸ
1140 4705 1307 4775 ἄηθες
1328 4706 1385 4757 ὲν
1407 4708 1521 4767 τοῖς
1546 4704 1752 4768 πόνοις,
1783 4704 1910 4757 ἀνα-

2012 4686 2475 4745 commotionibus
2520 4685 2743 4757 subjicit
2774 4701 2872 4740 eos
2900 4685 3018 4755 qui,
3046 4699 3169 4739 cum
3213 4700 3323 4738 non
3366 4683 3600 4753 amplius

334 4774 632 4865 πίπτοντας
666 4801 723 4855 δὲ
753 4800 956 4872 μᾶλλον
983 4801 1063 4864 είς
1094 4798 1157 4852 τὸ
1191 4774 1288 4869 ηδύ
1335 4814 1396 4850 τε
1423 4797 1520 4851 καὶ
1548 4796 1777 4868 ἀτραχυ,
1818 4796 1911 4849 καὶ

2011 4778 2433 4835 desuetudinem
2457 4776 2710 4831 laborum
2743 4774 3106 4831 imbecillitati
3146 4789 3257 4828 sua:
3301 4780 3599 4844 praetexere

332 4893 653 4964 έτοιμότατα
693 4890 1143 4965 παραχεομένους
1170 4892 1250 4954 είς
1277 4889 1338 4942 τὸ
1366 4889 1571 4961 ἀπᾷδον
1601 4887 1804 4941 αὐτῶν.
1840 4888 1910 4940 Ἢ

330 4984 442 5056 γὰρ
469 4985 571 5038 οὐκ
599 4983 835 5053 ἀνάντης
868 4982 967 5053 μὲν
987 4983 1021 5053 ή
1037 4980 1241 5054 ἀρετὴ,
1266 4979 1443 5034 καὶτὸ
1468 4981 1547 5043 είς
1578 4977 1746 5049 αὐτὴν
1777 4978 1911 5030 ἰέναι

330 5080 528 5151 τραχὺ,
557 5079 652 5133 καὶ
687 5077 867 5148 ίδροῦν
896 5077 1111 5147 ἀνάγκη
1146 5071 1568 5146 τὺν’κατορθοῦν
1595 5074 1908 5145 ᾑρημένον;

404 5258 608 5309 ΠΑΑΑ.
644 5256 813 5327 Φημί.

406 5349 568 5401 ΚΥΡ.
624 5348 761 5401 Ἀλλ’
791 5343 859 5418 ἦν
894 5364 997 5399 που
1030 5347 1129 5400 οὐκ
1150 5347 1397 5412 ἀπεικὸς,
1441 5349 1640 5418 μᾶλλον
1674 5350 1753 5414 δὲ,
1811 5350 1908 5421 οὐχ

329 5440 479 5495 ὅσιόν
516 5457 574 5493 τε
603 5440 697 5494 καὶ
728 5439 959 5512 πρέπον,
986 5439 1111 5502 τοὺς
1132 5438 1230 5509 μὲν
1252 5439 1376 5509 ἄρτι
1398 5442 1533 5511 πρὸς
1556 5440 1714 5494 τοῦτο
1735 5443 1909 5512 ἡγμέα

330 5549 478 5597 νους,
510 5531 978 5600 παιδαγωγεῖσθαι
1005 5532 1375 5602 συγγνὼμαις,
1407 5533 1735 5603 προθυμίαις
1759 5535 1911 5589 οὔπω

328 5628 457 5687 ταῖς
498 5624 634 5693 ἄγαν
679 5624 1124 5695 ἐρηρεισμένους,
1159 5624 1383 5686 ἁπαλοῖς
1418 5626 1475 5677 δὲ
1503 5626 1689 5697 ὥσπερ
1737 5629 1908 5691 ἰόντας

973 5779 1014 5807 ⁸⁷
1044 5776 1161 5831 Act.
1197 5795 1280 5839 xv,
1308 5776 1397 5829 9.8.
1441 5778 1526 5831 ἒς),

400 5899 486 5969 (Ι)
523 5897 612 5953 Sic
638 5897 760 5951 Pori.
796 5898 951 5963 Vat;
989 5896 1192 5961 caeteri,
1227 5895 1472 5964 νικήσας.

401 5779 447 5810 ⁸⁸
479 5779 636 5834 Deut.
672 5797 813 5841 xxn',
843 5779 894 5832 ὅ.

2015 4871 2251 4943 possint,
2282 4869 2350 4925 ad
2393 4868 2684 4923 illecebras
2722 4868 2907 4938 potius
2939 4874 3101 4936 atque
3147 4864 3430 4921 mollitiem
3469 4879 3599 4936 pro-

2005 4964 2161 5036 jecti,
2183 4964 2546 5019 libentissime
2573 4978 2633 5018 se
2673 4962 2730 5016 in
2758 4959 3075 5016 vecordiam
3102 4973 3255 5013 suam
3283 4956 3594 5013 ell‘undunt.

2014 5057 2099 5109 An
2136 5071 2270 5109 vero
2313 5071 2424 5110 non
2471 5054 2642 5110 ardua
2681 5058 2766 5107 est
2810 5051 3005 5114 virtus,
3045 5057 3101 5103 et
3137 5064 3298 5119 asper
3343 5047 3409 5101 ad
3450 5048 3597 5100 illam

2020 5163 2305 5213 accessus,
2330 5164 2393 5202 ac
2432 5147 2628 5203 sudare
2676 5159 2903 5200 necesse
2936 5150 3019 5197 est
3051 5142 3145 5211 qui
3194 5141 3341 5194 illius
3376 5154 3598 5209 compos

2021 5240 2139 5294 ﬁeri
2182 5241 2457 5296 voluerit?

2092 5333 2287 5388 PALL.
2312 5334 2528 5389 Fateor.

2088 5424 2244 5480 CYR.
2268 5424 2387 5480 Non
2417 5433 2500 5479 est
2533 5434 2715 5478 autem
2743 5419 3064 5479 absurdum,
3096 5418 3203 5471 imo
3232 5430 3361 5469 vero
3382 5428 3597 5484 aequum

2012 5526 2178 5587 atque
2200 5516 2556 5576 conveniens,
2586 5514 2679 5582 qui
2705 5528 2881 5581 nuper
2912 5518 3041 5565 sunt
3077 5509 3145 5563 ad
3184 5509 3286 5562 hoc
3322 5506 3596 5577 perducti,

2015 5624 2109 5663 eos
2147 5625 2271 5663 cum
2310 5606 2476 5660 animi
2522 5603 2798 5658 alacritate
2837 5600 3079 5654 nondum
3122 5598 3253 5653 satis
3291 5592 3595 5651 conﬁrmati
