4138 6300
609 460 716 515 379

1602 457 1658 512 s.
1702 456 1978 513 CYRILLI
2017 453 2488 511 maxumum
2527 429 2843 512 Anciil'sp.

3771 450 3870 504 380

611 575 744 637 sint,
779 572 873 628 sed
909 570 1078 628 vel-uti
1111 568 1316 627 teneris
1347 571 1527 628 adhuc
1548 572 1781 643 pedibus
1811 572 2110 637 ambulent,
2136 580 2190 627 et

2295 572 2441 637 ποσὶ,
2477 571 2570 624 καὶ
2596 569 2888 632 νοσοῦντας
2913 568 2992 622 ἔτι
3020 566 3082 620 τὸ
3107 564 3324 628 ἀναλκι,
3365 564 3549 628 πόνοις
3580 580 3640 618 τε
3662 564 3754 620 καὶ
3779 567 3872 636 φό-

612 660 986 716 imbecillitate
1013 661 1286 726 laborent,
1313 661 1617 733 indulgenti
1639 663 2014 718 moderatione
2039 663 2183 734 regi;

610 760 913 822 contraque
949 753 1098 806 illum
1136 754 1498 809 exercitatum
1536 756 1715 825 pmnis
1753 755 1828 827 (Ι)
1873 772 1936 811 ac
1977 763 2188 812 terrore

611 845 803 899 durius
820 845 1138 914 gubernari,
1152 861 1216 900 ae
1231 846 1399 900 veluti
1423 849 1750 903 necessitate
1770 849 2002 919 quadam
2023 849 2090 903 ad
2105 850 2186 904 la-

611 934 808 990 borum
830 936 1149 1005 patientiam
1176 937 1592 1007 etobsequendi
1616 939 1932 995 facilitatem
1966 940 2185 995 adduci.

682 1026 878 1082 PALL.
907 1026 1122 1097 Optime
1155 1028 1521 1082 ratiocinaris.

680 1115 838 1171 CYR.
878 1116 1066 1186 Neque
1097 1132 1230 1171 vero
1257 1132 1321 1171 ea
1352 1133 1440 1172 res
1473 1119 1704 1174 obscura
1734 1129 1838 1186 est,
1874 1122 1920 1176 si
1975 1137 2096 1191 quae
2131 1121 2188 1175 in

612 1206 786 1277 ﬁgura
807 1208 1000 1278 priscis
1022 1209 1129 1262 illis
1155 1209 1287 1264 viris
1329 1211 1647 1266 acciderunt
1677 1212 1966 1283 diligenter
1993 1214 2188 1283 exqui-

613 1314 738 1354 rere
773 1300 1027 1354 velimus.
1067 1299 1158 1354 Sic
1187 1300 1335 1354 enim
1370 1302 1634 1371 scriptum
1665 1312 1784 1358 est:
1825 1323 1842 1354 ι
1869 1305 2069 1359 Eduxit
2095 1321 2191 1360 au-

614 1399 725 1447 tem
750 1391 961 1461 Moyses
981 1389 1122 1446 ﬁlios
1141 1393 1304 1447 Israel
1331 1393 1398 1447 de
1423 1395 1561 1447 mari
1597 1395 1809 1458 Rubro,
1828 1404 1884 1450 et
1914 1395 2069 1449 duxit
2092 1413 2190 1452 eos

613 1482 670 1535 in
696 1480 972 1534 desertum
1004 1479 1110 1534 Sur
1134 1499 1145 1533 :
1171 1489 1226 1535 et
1252 1482 1672 1537 ambulaverunt
1695 1493 1806 1536 tres
1843 1482 1960 1538 dies
1998 1483 2054 1537 in
2091 1483 2190 1539 de-

612 1581 783 1637 serto,
813 1588 916 1627 nec
947 1573 1306 1627 inveniebant
1344 1589 1541 1643 aquam
1566 1574 1634 1629 ad
1662 1573 1984 1630 bibendum.
2009 1563 2187 1631 vene-

612 1672 744 1718 runt
776 1673 959 1719 autem
1005 1663 1062 1718 in
1100 1652 1475 1727 Merrammec
1514 1674 1768 1734 poterant
1787 1665 1976 1720 bibere
1992 1682 2188 1736 aquam

609 1770 680 1807 ex
711 1755 926 1819 Merra;
953 1770 1139 1808 amara
1179 1755 1328 1809 enim
1373 1762 1510 1810 erat.
1559 1755 1688 1810 Ideo
1733 1757 1948 1810 vocavit
1990 1771 2190 1812 nomen

610 1845 716 1900 loci
760 1846 908 1902 illius
943 1847 1399 1902 Amaritudinem.
1440 1848 1512 1902 Et
1553 1849 1920 1902 murmuravit
1955 1851 2189 1919 populus

610 1939 876 1993 adversus
906 1940 1147 2010 Moysen,
1175 1940 1421 1993 dicentes
1447 1957 1458 1992 :
1485 1938 1628 2006 Quid
1652 1939 1947 1994 bibemus?
1974 1939 2190 1996 Clama-

614 2031 689 2084 vit
707 2032 891 2100 itaque
917 2031 1126 2102 Moyses
1144 2031 1210 2084 ad
1233 2032 1548 2096 Dominum,
1570 2037 1626 2085 et
1641 2031 1880 2086 ostendit
1904 2031 1981 2086 illi
2001 2031 2188 2086 Domi-

609 2139 716 2179 nus
751 2125 980 2195 lignum,
1007 2132 1062 2179 et
1086 2124 1278 2194 injecit
1301 2125 1437 2179 illud
1471 2125 1524 2179 in
1560 2139 1779 2194 aquam,
1813 2132 1870 2178 et
1891 2123 2070 2179 dulcis
2105 2123 2190 2178 fa-

608 2228 696 2273 cta
728 2226 814 2273 est
841 2233 981 2288 aqua
1015 2218 1079 2271 ⁸⁸.
1103 2238 1120 2268 ›
1153 2217 1337 2288 Nuper
1361 2219 1506 2273 enim
1533 2233 1603 2272 ex
1632 2216 2014 2287 [Egyptiorum
2043 2222 2190 2270 terra

609 2312 839 2382 profecti
865 2311 958 2364 ﬁlii
984 2311 1170 2375 Israel,
1199 2327 1323 2365 cum
1348 2310 1629 2365 servitutis
1658 2309 1826 2372 illius,
1852 2323 1960 2379 qua
1993 2308 2097 2363 sub
2123 2308 2191 2362 il-

609 2404 788 2458 lorum
833 2403 1043 2458 ditione
1081 2402 1494 2473 premebantur,
1534 2416 1699 2472 grave
1738 2401 1929 2472 jugum
1977 2407 2033 2455 et
2079 2415 2192 2454 non

606 2494 896 2549 ferendum
930 2495 1277 2565 abiecissent,
1314 2495 1380 2548 ad
1411 2496 1736 2564 promissam
1771 2495 1901 2550 olim
1942 2494 2193 2564 patribus

608 2595 830 2651 terram,
857 2587 969 2641 Deo
1009 2595 1259 2650 vocante,
1302 2585 1689 2655 properabant.
1722 2584 1801 2638 Ac
1835 2585 2047 2654 primus
2087 2585 2193 2639 illis

607 2679 851 2733 occurrit
879 2678 1034 2732 labor
1059 2694 1126 2731 ex
1149 2692 1416 2746 aquarum
1446 2676 1652 2746 inopia,
1677 2691 1814 2745 quas
1850 2676 1942 2730 vix
1971 2675 2191 2730 tandem

606 2776 963 2837 posteaquam
1009 2767 1101 2821 diu
1144 2767 1549 2828 laboraverant,
1597 2772 1963 2833 repererunt;
2012 2781 2192 2835 neque

611 2868 789 2913 tamen
835 2874 1026 2914 earum
1077 2875 1212 2913 usus
1248 2857 1480 2912 vacabat
1524 2856 1792 2920 molestia,
1831 2865 1990 2912 erant
2045 2857 2192 2911 enim

607 2967 825 3014 amarm,
880 2951 1022 3006 sicut
1070 2951 1336 3020 scriptum
1379 2957 1499 3016 est;
1547 2950 1642 3005 sed
1689 2950 1821 3020 ligni
1866 2949 2192 3005 admistione

607 3041 798 3097 dulces
833 3057 896 3097 ac
922 3057 1117 3097 suaves
1149 3042 1306 3097 factae
1345 3048 1493 3106 sunt,
1519 3057 1644 3096 cum
1667 3041 1829 3096 beato
1852 3041 2020 3114 Moysi
2047 3042 2190 3096 viam

607 3149 716 3203 qua
742 3134 796 3188 id
833 3134 1018 3199 ﬁeret,
1058 3135 1205 3189 Deus
1238 3133 1590 3188 ostendisset.
1638 3132 1775 3188 Cum
1818 3133 1967 3187 enim
2008 3131 2192 3188 divina

604 3227 694 3283 lex
723 3244 824 3283 nos
851 3227 1046 3283 doceat
1069 3244 1099 3282 a
1121 3227 1386 3282 servitute
1409 3227 1676 3281 vitiorum
1709 3232 1986 3280 extractos
2015 3226 2188 3280 Deum

604 3319 852 3390 sequi,et
880 3335 946 3374 ex
971 3319 1280 3374 daemonum
1305 3317 1460 3387 155
1485 3317 1766 3371 dominatu
1789 3317 2066 3382 recedere,
2087 3318 2191 3372 sub

607 3411 974 3468 tentationum
996 3411 1182 3464 labore
1207 3409 1407 3465 sudare
1445 3425 1672 3464 necesse
1696 3418 1817 3476 est;
1851 3417 1908 3464 et
1946 3411 2189 3464 severio-

605 3503 685 3557 ris
705 3502 1118 3557 exercitationis
1139 3501 1424 3556 laboribus
1443 3503 1625 3555 carnis
1640 3500 1771 3556 vitia
1791 3501 2188 3568 consumendo,

605 3602 771 3664 atque
808 3593 1050 3648 immites
1073 3594 1196 3648 illos
1231 3599 1416 3648 motus
1450 3593 1544 3663 qui
1590 3608 1808 3663 semper
1853 3595 2192 3666 voluptatem

607 3694 876 3758 spectant,
903 3701 1013 3741 non
1038 3702 1198 3742 secus
1222 3701 1286 3740 ac
1314 3693 1509 3741 tetram
1533 3695 1589 3741 et
1621 3686 1916 3741 immanem
1951 3686 2192 3741 belluam

606 3777 699 3832 siti
728 3785 784 3832 et
809 3777 988 3832 inedia
1010 3775 1515 3843 mansuefaciendo,
1543 3777 1690 3832 illam
1724 3777 1904 3832 laudis
1931 3792 2192 3834 coronam

606 3869 858 3938 adipisci.
889 3869 1215 3924 Volentibus
1240 3868 1387 3922 enim
1409 3868 1762 3923 continentia:
1800 3868 2061 3923 virtutem
2107 3877 2192 3924 te-

608 3977 760 4026 nere,
792 3962 970 4031 prima
1003 3960 1164 4014 nobis
1194 3974 1377 4030 pugna
1418 3959 1685 4015 adversus
1718 3975 1939 4016 carnem
1974 3967 2031 4015 et
2073 3961 2194 4031 ejus

607 4051 740 4105 vitia
764 4050 1008 4104 occurrit
1031 4067 1045 4116 ;
1078 4064 1258 4119 neque
1285 4065 1527 4119 unquam
1551 4051 1657 4104 alia
1686 4050 1901 4105 ratione
1931 4049 2190 4106 virtutem

606 4141 878 4214 quispiam
923 4141 1173 4195 excolere
1213 4140 1435 4210 poterit.
1489 4140 1660 4210 Igitur
1711 4140 1834 4195 sitis
1887 4140 2019 4205 illa,
2069 4139 2192 4212 Quae

607 4234 804 4304 priscis
823 4233 931 4288 illis
956 4232 1276 4288 hominibus
1298 4231 1353 4286 in
1380 4231 1600 4286 deserto
1622 4231 1871 4302 contigit,
1895 4233 2192 4288 severioris

605 4325 1014 4380 exercitationis
1041 4325 1290 4379 laborum
1317 4323 1490 4394 ﬁgura
1513 4322 1652 4388 fuit;
1695 4330 1752 4377 et
1797 4340 1918 4394 quae
1957 4324 2026 4378 ad
2061 4339 2191 4379 cor-

606 4431 710 4486 pus
738 4416 1036 4485 pertinent,
1077 4415 1232 4469 inilia
1265 4421 1394 4470 sunt
1437 4414 2011 4469 exercitamentorum.
2050 4414 2189 4469 Illud

604 4507 752 4560 enim
776 4509 1181 4563 animadvertas
1214 4507 1395 4570 velim,
1423 4507 1548 4562 illos
1569 4522 1682 4561 non
1709 4507 1778 4562 ab
1807 4507 1967 4562 initio
2006 4507 2189 4562 statim

2291 662 2405 726 ϐοις
2473 659 2986 734 σκληραγωγείσθαι
3041 659 3134 714 τὸν
3187 656 3433 728 ἐντριϐἦ,
3490 657 3746 729 καθάπερ
3813 656 3872 725 ἐξ

2288 755 2536 826 ἀνάγκης
2558 756 2658 827 ἤδη
2681 771 2785 807 που
2812 752 3184 825 ἀποφέρεσθαι
3210 749 3395 805 λοιπὸν
3413 751 3493 815 είς
3523 751 3582 804 τὸ
3603 750 3870 823 τληπαθές

2289 848 2384 901 καὶ
2415 849 2628 918 εὐήνιον
2651 864 2669 904 °.

2361 1028 2570 1082 ΠΑΛΛ.
2606 1029 2839 1098 ¹Ἀριστα
2867 1025 3072 1095 διανοῇ.

2363 1119 2528 1174 ΚΥΡ.
2575 1118 2686 1174 Καὶ
2715 1118 2776 1171 τὸ
2802 1117 2993 1190 χρῆμά
3031 1118 3177 1168 ἐστιν
3207 1114 3307 1167 οὐκ
3347 1114 3690 1186 ἀσυμφανές,
3730 1115 3780 1168 εί
3806 1115 3871 1170 τά

2289 1211 2534 1275 τυπικῶς
2561 1213 2674 1275 τοῖς
2709 1210 2961 1282 ἀρχαίοις
2984 1208 3368 1278 συμϐεϐηκότα
3398 1207 3870 1280 πολυπραγμονεῖν

2292 1304 2592 1375 ἐθέλοιμεν.
2628 1303 2944 1374 Γέγραπται
2967 1301 3078 1373 γὰρ
3123 1300 3221 1354 ὡδί
3243 1317 3254 1330 ·
3299 1320 3318 1352 ι
3360 1300 3552 1371 Ἐξῆρε
3583 1301 3641 1354 δέ
3670 1302 3870 1372 Μωσῆς

2290 1398 2417 1460 τοὺς
2441 1397 2593 1459 υἱοὺς
2623 1394 2841 1466 Ἰσραὴλ
2861 1393 2968 1448 ἀπὸ
2991 1393 3268 1462 Θαλάσσης
3304 1391 3597 1462 Ἐρυθρᾶς.
3626 1393 3720 1446 καὶ
3737 1394 3869 1464 ἠγα-

2292 1507 2386 1559 γεν
2434 1489 2630 1551 αὐτοὺς
2671 1490 2752 1551 είς
2779 1487 2878 1557 τὴν
2926 1487 3137 1558 ἔρημον
3190 1485 3360 1555 Σούρο
3406 1487 3501 1539 καὶ
3551 1486 3872 1556 ἐπορεύοντο

2291 1586 2442 1652 τρεῖς
2472 1580 2688 1652 ἡμέρας
2727 1581 2785 1632 ἐν
2815 1581 2883 1648 τῇ
2918 1580 3128 1648 ἐρήμῳ,
3164 1577 3260 1630 καὶ
3289 1577 3388 1648 οὐχ
3411 1575 3676 1647 ηὕρισκον
3706 1577 3867 1649 ὕδωρ,

2293 1674 2433 1728 ὥστε
2456 1675 2618 1727 πιεῖν.
2645 1667 2850 1724 Ἦλθον
2875 1669 2930 1722 δέ
2960 1671 3041 1731 εἰς
3075 1669 3325 1739 Μερῤἄν,
3353 1668 3448 1721 καὶ
3481 1668 3581 1721 οὐκ
3614 1667 3874 1738 ἠδύναντο

2295 1768 2437 1820 πιεῖν
2469 1764 2614 1835 ὕδωρ
2643 1765 2707 1816 ἐκ
2749 1762 3011 1832 Μερρᾶςο
3047 1759 3244 1830 πικρὸν
3291 1759 3400 1830 γάρ
3432 1756 3520 1832 ἦν.
3579 1759 3677 1812 Διὰ
3717 1761 3873 1814 τοῦτο

2295 1856 2620 1926 ἐπωνόμασε
2653 1853 2717 1907 τὸ
2734 1853 2904 1922 ὄνομα
2933 1851 3028 1904 τοῦ
3057 1850 3224 1903 τόπου
3249 1851 3482 1912 ἐκείνου,
3515 1851 3716 1922 Πικρία
3738 1867 3750 1881 °
3781 1854 3876 1904 καὶ

2223 1936 2263 1990 Β
2291 1948 2643 2016 διεγόγγυζεν
2673 1947 2700 1998 ὁ
2723 1945 2852 2009 λαὸς
2882 1945 3019 2016 πρὸς
3066 1945 3296 2014 Μωσῆν,
3326 1943 3575 2012 λέγοντες
3596 1961 3608 1972 ·
3639 1944 3703 1996 Τί
3755 1945 3872 1997 πιό-

2295 2039 2472 2108 μεθα;
2509 2037 2736 2107 Ἐϐόησε
2771 2036 2830 2089 δέ
2870 2037 3075 2106 Μωσῆς
3115 2036 3250 2108 πρὸς
3279 2031 3484 2105 Κύριον
3509 2054 3521 2066 ·
3555 2037 3648 2088 καὶ
3673 2034 3872 2100 ἔδειξεν

2291 2128 2442 2198 αύτῷ
2482 2128 2687 2198 Κύριος
2724 2127 2898 2192 ξύλον,
2933 2127 3029 2180 καὶ
3065 2126 3318 2181 ἐνέϐαλεν
3344 2127 3478 2179 αὐτὸ
3513 2127 3593 2190 εἰς
3617 2127 3678 2185 τὸ
3707 2125 3869 2195 ὕδωρ,

2293 2224 2387 2277 καὶ
2418 2221 2724 2292 ἐγλυκάνθη
2757 2221 2819 2273 τὸ
2854 2220 3018 2291 ὕδωρ.
3053 2239 3070 2270 ι
3111 2221 3270 2290 Ἀρτι
3309 2219 3410 2288 μὲν
3431 2218 3539 2289 γὰρ
3577 2219 3678 2288 τῆς
3703 2219 3872 2286 Λίγυ-

2294 2317 2464 2369 πτίων
2508 2315 2839 2385 άπαίροντες
2869 2313 2973 2383 γῆς
3015 2313 3065 2364 οἱ
3105 2311 3164 2378 ἐξ
3214 2310 3458 2381 Ἰσραὴλ,
3520 2311 3609 2364 καὶ
3649 2311 3746 2380 τῆς
3779 2310 3871 2362 ὑπ’

2294 2407 2477 2470 αὐτοῖς
2506 2406 2730 2476 θητείας
2759 2405 2850 2458 τὸν
2879 2402 3121 2473 δυσαχθῆ
3160 2418 3219 2454 τε
3246 2403 3340 2455 καὶ
3375 2401 3604 2472 ἄτλητον
3640 2403 3866 2473 ἀπορῤι-

2294 2499 2556 2562 πτοῦντες
2583 2497 2766 2566 ζυγὸν.
2814 2497 2896 2558 εἰς
2924 2496 3021 2566 τὴν
3051 2494 3218 2548 πάλαι
3255 2497 3370 2556 τοῖς
3399 2494 3668 2564 πατράσιν
3701 2495 3880 2564 ἐπηγο

2294 2589 2566 2658 γελμένην
2589 2583 3020 2658 μεθορμίζεσθαι
3046 2585 3168 2655 γῆν,
3188 2583 3323 2636 Θεοῦ
3345 2583 3664 2667 καλοῦντοςΞ
3677 2584 3876 2638 ἐσπού-

2292 2679 2474 2744 δαζον.
2507 2678 2729 2750 Πρῶτος
2751 2677 2807 2730 δὲ
2827 2677 3016 2738 αὐτοῖς
3045 2675 3371 2739 ὑπαντιάζει
3405 2675 3589 2741 πόνος,
3615 2675 3724 2729 τῶν
3757 2676 3880 2731 ὑδά-

2293 2790 2400 2826 των
2438 2774 2470 2842 ή
2507 2773 2725 2834 σπάνις,
2774 2770 2825 2824 ἃ·
2857 2769 3010 2840 μόλις
3062 2769 3162 2840 μὲν
3204 2767 3292 2821 διὰ
3337 2768 3550 2839 μακροῦ
3606 2769 3874 2838 καμοῦσιν

2295 2866 2518 2937 εὑρέθη,
2557 2864 2697 2925 πλὴν
2718 2865 2818 2917 οὐκ
2850 2860 3237 2931 ἀταλαίπωρον
3272 2860 3465 2930 ἔχοντα
3504 2859 3602 2933 τὴν
3637 2862 3877 2916 ἀπόλαυο

2297 2973 2400 3011 σιν*
2434 2956 2608 3028 πικρά
2638 2957 2747 3025 γὰρ
2774 2950 2861 3026 ἦν,
2901 2953 3042 3008 καθὰ
3075 2953 3381 3024 γέγραπται
3403 2993 3416 3006 .
3437 2953 3606 3006 Ξύλου
3647 2954 3703 3006 δέ
3731 2953 3876 3024 μίξει

2297 3048 2731 3119 μετεσκευάζετο
2752 3046 2889 3118 πρὸς
2927 3045 2989 3098 τὸ
3020 3045 3118 3115 ἡδύ
3149 3061 3208 3097 τε
3239 3045 3336 3098 καὶ
3370 3045 3566 3113 γλυκὺ,
3596 3043 3732 3097 Θεοῦ
3771 3062 3878 3098 πα-

2298 3139 2663 3210 ραδεδειχότος
2691 3137 2786 3192 τοῦ
2833 3136 3160 3208 πράγματος
3189 3134 3285 3206 τὴν
3319 3134 3436 3187 όδδν
3478 3133 3557 3204 τῷ
3604 3134 3890 3204 θεσπεσίῳ-

2293 3229 2490 3299 Μωσῇ.
2532 3228 2702 3299 Νόμῳ
2741 3228 2852 3298 γάρ
2899 3225 3027 3295 θείῳ
3074 3225 3587 3295 παιδαγωγούμενοι
3641 3225 3780 3297 πρὸς
3813 3226 3876 3279 τὸ

2293 3320 2404 3374 δεῖν
2435 3319 2654 3373 ἑλέσθαι
2704 3318 3126 3372 κατακολουθεῖν
3157 3316 3236 3388 τῷ
3282 3316 3425 3387 Θεῷ,
3463 3318 3564 3387 τῆς
3594 3319 3658 3371 ἐκ
3690 3316 3878 3373 παθῶν

2292 3411 2536 3475 δουλείας
2560 3409 2860 3476 ἐξέλκοντι,
2885 3411 2981 3464 καὶ
3010 3411 3077 3462 ἐκ
3104 3409 3202 3479 τῆς
3241 3409 3350 3463 τῶν
3382 3409 3676 3480 δαιμονίων
3706 3410 3880 3463 ἀπαλ-

2293 3501 2584 3556 λάττεσθαι
2601 3500 2937 3572 τυραννίδος,
2966 3498 3147 3570 ἰδροῦν
3179 3500 3392 3571 ἀνάγκη
3423 3500 3875 3571 πειραζομένους,

2293 3595 2386 3648 καὶ
2419 3593 2511 3647 τὸν
2548 3593 2648 3663 τῆς
2678 3591 3082 3662 εύδοκιμήσεως
3101 3591 3415 3646 ἀναδεῖσθαι
3449 3591 3733 3661 στέφανον,
3763 3593 3882 3655 τοῖς

2291 3684 2354 3750 ἐξ
2379 3685 2664 3756 ἀσκήσεως
2721 3683 2908 3746 πόνοις
2945 3683 3358 3753 κατατήκοντας
3403 3680 3476 3735 τά
3520 3681 3742 3752 σαρκὸς,
3783 3683 3878 3736 καὶ

2291 3776 2481 3848 ὥσπερ
2521 3775 2646 3830 τινὰ
2686 3775 2831 3846 θῆρα
2869 3774 3042 3829 δεινὸν
3077 3773 3604 3843 καταγοητεύοντας,
3634 3773 3778 3843 δίψει
3817 3791 3879 3826 τε

2292 3870 2388 3922 καὶ
2435 3868 2698 3932 ἀσιτίαις,
2737 3867 2800 3920 τὸ
2845 3866 2984 3933 πρὸς
3013 3866 3207 3938 ἡδονὴν
3239 3867 3327 3920 ἀεὶ
3358 3867 3556 3936 βλέπον
3583 3866 3878 3920 ἀτίθασσον

2294 3960 2519 4030 κίνημα.
2551 3958 2753 4031 Πρώτη
2779 3959 2891 4027 γὰρ
2909 3960 3042 4030 ἡμῖν
3065 3961 3098 4027 ἡ
3125 3959 3296 4028 μάχη,
3317 3958 3616 4030 κατορθοῦν
3633 3957 3877 4012 ἐθέλουσι

2298 4053 2397 4123 τὴν
2425 4052 2773 4122 ἐγκράτειαν,
2820 4049 2958 4120 πρὸς
2991 4049 3266 4129 σάρκα.τε
3313 4050 3409 4103 καὶ
3439 4049 3508 4103 τὰ
3553 4050 3753 4121 αὐτῆς·
3783 4051 3880 4103 καὶ

2291 4143 2390 4195 οὐκ
2417 4141 2484 4196 ἂν
2505 4140 2659 4211 οἶμαι
2695 4157 2778 4204 τις
2809 4139 3010 4211 ἐτέρως
3051 4138 3362 4210 ἐκμελετῴη
3389 4139 3487 4210 τὴν
3509 4140 3732 4210 ἀρετήν.
3770 4138 3880 4192 Τύο

2293 4252 2394 4299 πος
2412 4229 2506 4288 οὗν
2529 4235 2638 4306 ἄρα
2665 4231 2775 4285 τῶν
2798 4234 2855 4285 ἐν
2878 4231 3110 4301 ἀσκήσει
3136 4231 3336 4297 πόνων,
3369 4233 3402 4302 ἡ
3430 4231 3558 4300 δίψα
3575 4233 3688 4293 τοῖς
3708 4229 3878 4285 πάλαι

2295 4326 2549 4397 συμϐᾶσα
2568 4324 2708 4378 κατὰ
2722 4323 2820 4394 τὴν
2842 4321 3046 4394 ἔρημον
3061 4324 3185 4377 ’καὶ
3203 4323 3422 4393 ἀπαρχὴ
3443 4323 3876 4393 γυμνασμάτων,

2291 4423 2361 4478 τὰ
2399 4421 2706 4494 σωματικά.
2767 4419 3054 4489 Ἐπιτήρει
3086 4417 3195 4488 γὰρ
3227 4399 3378 4482 ὅπως
3421 4418 3522 4470 οὐκ
3570 4419 3629 4472 ἐν
3676 4418 3877 4490 ἀρχαῖς

2293 4516 2452 4579 εὐθὺς
2502 4514 2722 4583 πολέμῳ
2761 4496 3188 4584 προσϐάλλουσιν
3229 4511 3316 4580 (ού
3365 4510 3473 4582 γὰρ
3515 4514 3629 4574 τοῖς
3670 4511 3880 4580 ἀρτίως

606 4599 664 4653 in
692 4599 894 4653 bellum
924 4600 1216 4655 incidisse:
1244 4615 1421 4670 neque
1440 4601 1609 4664 enim,
1652 4601 1746 4670 qui
1787 4615 1964 4670 nuper
1995 4599 2190 4655 adver-

2297 4605 2748 4679 κατανδρίζεσθαι
2784 4604 2893 4659 τῶν
2943 4603 3131 4658 παθῶν
3185 4603 3280 4656 καί¹
3329 4601 3630 4672 κατορθοῦν
3673 4602 3879 4671 ἀρετὴν

606 4706 702 4746 sus
729 4692 861 4746 vitia
884 4692 1102 4746 fortiter
1131 4708 1189 4746 se
1235 4707 1424 4762 gerere
1449 4707 1513 4746 ac
1557 4691 1779 4746 virtutis
1817 4707 2046 4746 munera
2089 4707 2188 4746 ex-

606 4783 762 4851 sequi
791 4792 1094 4853 cmperunt,
1123 4783 1191 4837 ab
1218 4783 1285 4837 iis
1310 4784 1494 4838 statim
1527 4799 1708 4853 pugna
1747 4783 2046 4852 suscipitur
2089 4782 2189 4837 ad—

607 4887 800 4926 versus
851 4873 1192 4941 principatus
1229 4881 1286 4928 et
1328 4882 1656 4944 potestates,
1700 4882 1992 4946 propterea
2041 4873 2189 4944 quod

607 4961 701 5031 qui
727 4969 1074 5026 exercentur,
1107 4961 1287 5016 adhuc
1333 4979 1526 5032 parum
1569 4965 1800 5027 strenui,
1834 4979 2013 5033 neque
2059 4963 2190 5017 satis

608 5051 903 5106 admodum
949 5051 1091 5106 ﬁrmi
1149 5061 1307 5119 sunt;
1359 5055 1453 5108 sed
1507 5055 1562 5108 in
1606 5055 1887 5127 laboribus
1929 5055 2193 5109 adversus

608 5159 830 5199 carnem
874 5144 1146 5215 susceptis
1197 5154 1560 5210 exercentur;
1609 5147 1752 5216 quod
1800 5149 1944 5203 Deus
1988 5148 2192 5202 laboris

608 5238 938 5303 molestiam,
983 5255 1177 5294 eorum
1221 5239 1315 5309 qui
1354 5247 1654 5303 tentantur,
1680 5240 1872 5295 habitu
1913 5257 1976 5296 ac
2017 5241 2190 5296 facul-

611 5336 720 5383 tate
742 5331 1020 5385 metiatur.
1051 5331 1275 5400 lIocque
1306 5330 1440 5386 illud
1479 5338 1586 5396 est,
1612 5331 1809 5401 opinor
1839 5350 1852 5385 :
1898 5353 1916 5383 ‹
1938 5332 2191 5387 Tentatio

593 5409 709 5473 'vos
733 5436 842 5475 non
866 5423 1239 5492 apprehendat
1259 5423 1366 5477 nisi
1398 5423 1636 5477 humana
1661 5442 1674 5476 :
1703 5423 1879 5478 ﬁdelis
1901 5431 1985 5477 est
2007 5432 2188 5478 autem

611 5510 777 5574 Deus,
807 5513 900 5580 qui
924 5529 1034 5567 non
1067 5515 1352 5584 permittet
1377 5531 1475 5570 vos
1501 5515 1699 5569 tentari
1725 5529 1889 5583 supra
1915 5529 2078 5581 quam
2104 5529 2200 5582 po-

615 5602 787 5666 testis,
819 5603 911 5656 sed
940 5604 1101 5658 faciet
1132 5622 1256 5660 eum
1309 5607 1612 5662 tentatione
1660 5607 1824 5661 etiam
1872 5605 2100 5669 exitum,
2141 5612 2201 5658 ut

683 5758 731 5790 ⁸⁸
761 5757 933 5812 Exod.
966 5773 1052 5823 xv,
1079 5759 1270 5815 9.2-9.5.

2293 4697 2608 4770 ήργμένοις,
2655 4695 2816 4758 εὐθὺς
2869 4697 2902 4764 ἡ
2944 4693 3090 4764 πάλη
3131 4692 3267 4764 πρὸς
3313 4692 3413 4755 τὰς
3461 4691 3637 4762 ἀρχάς
3679 4707 3739 4742 τε
3787 4690 3880 4744 καὶ

2296 4789 2565 4854 ἐξουσίας,
2596 4787 2684 4840 διὰ
2713 4785 2774 4839 τὸ
2799 4785 2906 4839 τῶν
2938 4783 3386 4855 δοκιμαζομένων
3419 4783 3642 4851 ἀγεννὲς
3670 4781 3750 4833 ἔτι
3784 4779 3886 4833 καὶ

2294 4879 2449 4934 οὔπω
2476 4879 2596 4931 λίαν
2619 4874 2901 4947 ἀσφαλὲς),
2926 4874 3060 4928 ἀλλὰ
3083 4877 3194 4937 τοῖς
3208 4874 3308 4942 τῆς
3336 4872 3537 4943 σαρκὸς
3556 4869 3872 4941 δοκιμάζον-

2303 4983 2392 5018 ται
2423 4964 2627 5027 πόνοις,
2645 4961 3070 5033 ἐπιμετροῦντος
3090 4960 3223 5014 Θεοῦ
3242 4963 3361 5024 ταῖς
3388 4960 3497 5014 τῶν
3521 4958 3884 5031 πειρωμένων

2297 5054 2447 5121 ἕξεσι
2477 5053 2573 5107 τοῦ
2610 5052 2775 5106 πόνου
2803 5051 2864 5105 τδ
2907 5048 3191 5122 δυσαχθές.
3215 5049 3326 5102 Καὶ
3350 5048 3506 5102 τοῦτό
3551 5050 3698 5100 ἐστιν
3726 5042 3884 5117 οἶμαι

2299 5164 2402 5200 που
2436 5145 2498 5199 τὸ
2521 5186 2535 5209 ,
2577 5161 2596 5195 ι
2635 5143 2944 5214 Πειρασμὸς
2986 5143 3131 5211 ὑμᾶς
3175 5141 3274 5194 οὐκ
3307 5139 3550 5209 εἴληφεν,
3583 5139 3632 5190 εί
3667 5138 3741 5209 μὴ
3783 5135 3882 5190 ἀν-

2301 5235 2607 5307 θρώπινος·
2645 5233 2833 5296 πιστὸς
2874 5233 2954 5294 δὲ,
2984 5232 3171 5301 φησιν,
3227 5232 3255 5282 ὀ
3287 5229 3440 5292 Θεὸς,
3485 5228 3545 5290 ὃς
3579 5229 3680 5280 οὐκ
3729 5225 3884 5279 ἐάσει

2302 5331 2447 5400 ὑμᾶς
2494 5326 2858 5398 πειρασθῆναι
2906 5325 3045 5396 ὺπέρ
3097 5323 3126 5375 ὂ
3173 5321 3443 5387 δύνασθε,
3482 5320 3618 5374 ἀλλὰ
3665 5319 3888 5387 ποιήσει

2303 5421 2401 5474 σὺν
2443 5418 2521 5490 τῷ
2559 5414 2851 5488 πειρασμῷ
2917 5415 3013 5468 καὶ
3059 5414 3158 5484 τὴν
3204 5413 3430 5466 ἔκϐασιν
3479 5409 3574 5463 τοῦ
3622 5406 3888 5463 δύνασθαι

2313 5512 2656 5578 ὑπενεγκεῖν.
2701 5527 2719 5560 ι
2753 5507 2990 5577 Πικροὺς
3019 5505 3076 5558 δέ
3103 5505 3262 5567 ὄντας
3287 5504 3406 5556 λίαν
3430 5503 3554 5564 τοὺς
3583 5500 3723 5570 ὑπὲρ
3751 5499 3887 5567 ἀρε-

2308 5603 2408 5674 τῆς
2441 5600 2694 5671 ἱδρῶτας,
2725 5600 2805 5662 εἰς
2831 5597 2892 5650 τὸ
2921 5596 3018 5667 ἡδύ
3068 5613 3126 5648 τε
3169 5596 3264 5648 καὶ
3295 5593 3466 5662 γλυκὺ
3517 5589 3887 5662 μεταπλάττει

688 5880 764 5945 (ι)
802 5879 972 5936 Pa'nis
998 5881 1230 5943 reddidi,
1265 5882 1390 5943 quia
1423 5882 1499 5937 sic
1533 5891 1647 5936 erat
1681 5881 1732 5935 in
1758 5877 2267 5949 \‘atieano(:owai;
2290 5877 2356 5947 ?),
2392 5879 2640 5947 quamvis
2674 5877 2724 5931 in
2759 5876 2946 5931 codice
2984 5874 3161 5930 Sirleti
3191 5883 3330 5929 esset
3368 5869 3562 5929 πόνοις.
