4138 6300
232 501 335 558 581

952 492 1044 553 DE
1080 490 1522 553 ADORATIONE
1560 488 1629 549 IN
1669 488 1937 550 SPlRlTU
1976 490 2066 548 ET
2104 490 2476 550 VERITATE.
2518 490 2655 547 LIB.
2696 488 2762 548 Υ.

3399 490 3505 548 332

234 614 497 693 Χριστὸς,
535 615 599 683 ὃς
626 614 842 689 εἴρηταὲ
884 632 945 669 τε
989 616 1086 670 καὶ
1121 614 1236 669 ἐστι
1279 613 1434 680 ξύλον
1473 613 1639 686 ζωῆς.
1676 614 1821 682 Ἔφη

1939 613 2150 684 possitis
2170 612 2445 668 sustinere
2462 611 2527 666 ⁸⁹.
2562 629 2579 662 ι
2614 609 2752 666 Cum
2774 623 2906 665 vero
2937 621 3039 679 pro
3079 609 3281 663 virtute
3312 623 3505 663 suseeo

236 713 294 768 δέ
345 729 449 766 που
497 710 595 765 καὶ
644 709 808 773 αὐτὸς
845 706 904 763 ἐν
943 704 1320 777 εύαγγελικοῖς
1353 706 1778 776 συγγράμμασιν
1800 721 1816 733 ’

244 825 265 856 ι
302 805 364 860 El
394 802 453 858 ἐν
494 802 574 874 τῷ
600 799 753 873 ὑγρῷ
793 798 935 869 ξύλῳ
967 799 1139 855 ταῦτα
1176 798 1432 868 ἔδρασαν,
1471 798 1529 850 ἐν
1567 795 1646 866 τῷ
1670 792 1823 865 ξηρῷΔ

237 897 294 952 τί
325 897 654 970 δράσουσινς
694 914 712 948 ι
744 890 916 966 ύγρόν
946 908 1004 947 τε
1056 891 1152 948 καὶ
1203 889 1427 954 εὐανθὲς
1472 889 1664 945 ἑαυτὸν
1704 891 1821 942 ὀνο-

246 985 436 1058 μάζων
470 982 647 1052 ξύλον.
680 982 963 1039 Δείκνυται
985 983 1044 1037 δέ
1068 981 1146 1053 τῷ
1171 981 1441 1052 θεσπεσίῳ
1461 981 1634 1051 Μωσῇ
1666 976 1818 1050 παρὰ

240 1078 383 1134 Θεοῦ
439 1077 592 1144 ξύλον
614 1116 628 1131 .
697 1074 1101 1131 Ἀποκαλύπτει
1156 1074 1266 1147 γὰρ
1300 1062 1457 1145 μόνος
1496 1071 1588 1125 τὸν
1631 1071 1759 1125 Υἱὸν
1790 1071 1820 1123 ὁ

243 1169 462 1241 Πατὴρ,
506 1168 632 1222 ἐπεὶ
675 1165 770 1221 καὶ
805 1165 968 1236 μόνος
1012 1160 1155 1219 οῐδεν
1195 1164 1380 1219 αὐτόν.
1421 1182 1442 1217 ι
1494 1162 1683 1225 Οὐδεὶς
1712 1161 1821 1231 γάρ

244 1252 359 1315 οἶδε
407 1255 491 1323 τίς
541 1262 692 1313 ἐστιν
732 1256 762 1311 ό
814 1257 964 1324 Υίὸς,
1014 1259 1064 1312 εἰ
1105 1256 1179 1329 μὴ
1222 1256 1433 1326 Πατήρ.
1466 1272 1486 1305 ι
1523 1252 1734 1310 Οὐκοῦν
1765 1253 1822 1306 ἐν

244 1347 474 1424 Χριστῷ
516 1350 595 1423 τῷ
623 1351 722 1421 τῆς
753 1351 900 1422 ζωῆς
931 1349 1094 1421 ξύλῳ,
1135 1347 1344 1418 γλυκέα
1390 1346 1489 1417 μὲν
1525 1344 1596 1399 τὰ
1629 1343 1821 1415 πικρὰ,

247 1443 467 1515 φορητά
503 1443 562 1498 δέ
591 1442 658 1497 τὰ
689 1442 967 1506 δύσοιστα,
1007 1440 1103 1495 xal.
1160 1441 1241 1502 είς
1286 1437 1430 1509 ζωὴν
1459 1437 1730 1504 ἀναγκαῖα
1759 1432 1827 1489 τὰ

246 1535 327 1600 ὡς
354 1535 415 1589 ἐν
444 1536 551 1608 ίδίᾳ
577 1535 734 1604 φύσει
764 1534 1153 1605 καταφθείρειν
1189 1530 1439 1586 εἰωθότα.

1925 708 2006 777 pti
2033 705 2252 761 labores
2292 704 2463 759 amari
2493 702 2788 758 admodum
2827 702 2957 765 sint,
2993 716 3024 756 a
3056 700 3277 756 Christo
3311 716 3508 757 suaves

1925 813 1990 853 ac
2020 797 2208 853 dulces
2242 794 2567 858 redduntur,
2595 793 2691 864 qui
2730 804 2787 851 et
2836 793 3041 848 dicitur
3073 799 3130 847 et
3177 801 3263 848 est
3298 793 3505 863 lignum

1922 888 2071 944 vitae.
2105 888 2195 942 Ait
2232 892 2414 941 autem
2445 886 2611 940 etiam
2647 885 2763 954 ipse
2812 884 3059 954 profecto
3110 884 3165 937 in
3205 883 3508 953 Scripturis

1923 978 2255 1051 evangelieis
2289 994 2303 1032 :
2341 998 2359 1030 ι
2390 978 2448 1034 Si
2478 977 2535 1032 in
2568 977 2734 1032 viridi
2776 977 2926 1047 ligno
2973 978 3088 1031 hmc
3140 976 3407 1041 fecerunt,
3451 976 3498 1032 in

1900 1070 2082 1147 arido
2128 1070 2265 1141 quid
2306 1070 2512 1126 facient
2528 1069 2617 1123 "‘1
2659 1089 2677 1121 ι
2711 1068 3052 1124 sevidelieet
3084 1067 3260 1122 viride
3299 1067 3506 1137 lignum

1924 1177 1990 1217 ac
2035 1161 2242 1217 ﬂorens
2284 1161 2599 1232 appellavit.
2656 1158 2977 1216 Ostenditur
3028 1168 3292 1229 prazterea
3346 1158 3508 1213 beato

1924 1251 2095 1325 Moysi
2122 1254 2330 1325 lignum
2364 1269 2394 1308 a
2427 1252 2562 1309 Deo.
2589 1253 2751 1309 Solus
2789 1253 2939 1308 enim
2978 1251 3142 1306 Pater
3180 1250 3379 1307 Filium
3417 1263 3507 1305 re-

1926 1345 2092 1408 velat,
2114 1345 2249 1415 quia.
2271 1360 2397 1401 eum
2416 1345 2583 1401 etiam
2609 1346 2758 1401 solus
2775 1343 2948 1399 novit.
3001 1362 3021 1395 ς
3062 1343 3235 1399 Nemo
3272 1357 3508 1411 namque

1927 1439 2084 1493 novit
2110 1438 2235 1508 quis
2257 1446 2342 1493 est
2369 1437 2560 1503 Filius,
2589 1437 2692 1492 nisi
2717 1439 2877 1492 Pater
2894 1437 2962 1501 ",
2995 1456 3012 1487 ι
3044 1436 3214 1507 Igitur
3235 1450 3334 1505 per
3352 1432 3509 1490 Chri-

1932 1534 2099 1596 stum,
2140 1530 2266 1586 vita:
2298 1531 2526 1602 lignum,
2576 1529 2759 1585 dulcia
2798 1529 2938 1584 ﬁunt
2976 1544 3096 1598 quae
3133 1542 3318 1582 amara
3355 1535 3503 1589 sunt.

249 1643 306 1689 et
351 1633 655 1688 tolerabilia
686 1646 808 1703 quae
844 1632 1069 1686 minime
1098 1630 1230 1686 ferri
1255 1635 1531 1701 poterant,
1554 1632 1612 1681 et
1647 1624 1717 1680 ad
1742 1624 1911 1680 vitam
1963 1627 2120 1682 utilia
2171 1640 2295 1697 qua:
2346 1640 2417 1681 ex
2478 1641 2576 1682 sua
2606 1634 2804 1682 natura
2828 1625 3115 1680 interitum
3142 1622 3339 1678 aﬂ'erre
3378 1636 3508 1676 con-

251 1729 567 1777 sueverant.
803 1785 806 1788 ,

324 1809 530 1865 HAAA.
562 1810 694 1866 Τίνα
730 1808 839 1884 φῄς
861 1811 1092 1886 τρόπον;

322 1900 489 1956 ΚΥΡ.
514 1902 689 1973 Εἴπερ
707 1904 854 1956 ἐστὶν
881 1901 1099 1972 ἀληθὲς,
1128 1901 1209 1954 ὅτι
1232 1897 1294 1954 τδ
1323 1897 1422 1972 μὲν
1445 1898 1604 1969 σῶμα
1637 1894 1827 1966 πικροὶ

248 1993 381 2059 λίαν¹
424 1996 576 2059 ὅντες
622 1994 1083 2067 καταφθείρουσιν
1125 1993 1177 2045 oi
1214 1992 1387 2053 πόνοι,
1440 1990 1585 2059 ζωῆς
1637 1987 1695 2041 δὲ
1728 1986 1828 2055 τῆς

249 2086 473 2141 αἰωνίου
507 2086 731 2159 μέτοχον
755 2082 1075 2139 ἀποτελοῦσι
1118 2081 1294 2153 ψυχὴν
1326 2080 1452 2154 (ἔφη
1491 2080 1554 2151 δή
1600 2096 1703 2132 που
1732 2077 1831 2132 καὶ

247 2176 279 2230 ὁ
313 2175 562 2241 Παῦλος·
600 2196 620 2228 ι
655 2176 827 2229 Ὅταν
848 2173 1079 2238 ἀσθενῶ,
1110 2173 1233 2227 τότε
1253 2172 1479 2234 δυνατός
1503 2172 1638 2241 εἰμι.
1672 2188 1689 2219 ι
1710 2169 1822 2222 Kal.

250 2268 417 2322 πάλιν
433 2281 449 2297 ⁸
474 2266 567 2321 «Εἰ
592 2266 700 2339 γὰρ
722 2268 750 2320 ὁ
767 2265 871 2333 ἔξω
898 2264 1055 2337 ἡμῶν
1071 2263 1355 2336 ἄνθρωπός
1374 2261 1677 2333 φθείρεται,
1708 2258 1825 2312 ἀλλ’
1852 2254 1861 2259 ’

249 2360 279 2411 δ
310 2357 422 2411 ἔσω
450 2356 835 2411 ἀνακαινοῦται
862 2355 1045 2427 ἡμέρᾳ
1066 2355 1162 2409 καὶ
1188 2352 1371 2425 ἡμέρᾳ.
1410 2371 1430 2404 ι
1546 2350 1629 2414 τίς
1668 2350 1715 2402 δ’
1766 2348 1831 2402 ἂν

250 2448 429 2502 ἓλοιτό
464 2464 592 2500 ποτε
616 2447 742 2510 τοὺς
772 2440 874 2500 ὧδε
905 2447 1120 2515 δριμεῖς
1150 2443 1447 2513 ἀνατλῆναι
1489 2440 1705 2505 πόνους,
1756 2439 1830 2510 μὴ

248 2541 375 2612 οὐχὶ
403 2541 660 2612 γλυκεῖαν
684 2538 822 2611 ἔχων
851 2539 1044 2593 ἐλπίδα
1080 2537 1181 2609 τὴν
1209 2538 1265 2591 ἐν
1293 2534 1548 2605 Χριστῷς

325 2721 538 2776 ΠᾹΛΛ.
568 2719 756 2782 Οὐδεὶς
787 2718 874 2780 ἂν,
906 2711 1082 2788 οἶμαι,
1114 2710 1415 2775 παντελῶς.

325 2811 492 2865 ΚΥΡ.
526 2810 669 2881 Ὅρα
711 2809 776 2880 δὴ
802 2805 899 2862 οὖν
925 2807 1087 2879 (ίέναι
1121 2804 1231 2875 γὰρ
1264 2802 1328 2873 δὴ
1360 2801 1499 2874 πρὸς
1530 2800 1835 2871 ἀνάμνησιν

254 2903 369 2957 τῶν
403 2904 462 2956 ἐν
491 2903 690 2974 ἀρχαῖς
722 2901 1019 2970 ἀναγκαῖον
1040 2900 1194 2969 ἡμῖν,
1222 2889 1268 2951 ὦ
1292 2890 1591 2961 Παλλάδιε)
1626 2890 1838 2961 δεδιψη-

254 2995 395 3050 κότα
433 2995 533 3065 μὲν
573 2997 632 3049 ἐν
667 2995 859 3065 ἐρήμῳ
888 2991 981 3047 τὸν
1026 2988 1266 3062 Ἰσραὴλ,
1300 2987 1398 3040 καὶ
1426 2983 1522 3039 τοῦ
1562 2983 1836 3050 πανσόφου

256 3087 506 3152 Μωσέως
534 3083 1041 3156 καταγογγύζοντα,
1078 3079 1292 3153 νηποινί
1317 3097 1382 3147 γε
1413 3077 1519 3150 μὴν
1561 3078 1643 3139 είς
1679 3073 1838 3127 τοῦτο

256 3182 499 3236 πεσόντα
531 3178 925 3252 μικροψυχίας
956 3177 1018 3231 ού
1059 3174 1169 3246 γὰρ
1211 3173 1459 3228 ἐκτέτικε
1498 3170 1674 3232 δίκας,
1711 3166 1836 3220 ούδέ

256 3272 471 3343 ὑπέστη
496 3271 567 3325 τὰ
603 3270 664 3337 ἐξ
682 3271 850 3342 ὀργῆς
877 3311 892 3335 ,
924 3267 1100 3321 καίτοι
1130 3264 1376 3330 κολάζειν
1407 3262 1657 3325 εἰωθότος
1699 3257 1835 3312 Θεοῦ

252 3365 390 3429 τοὺς
439 3363 531 3418 ἐπὶ
581 3362 720 3434 τῷδε
764 3358 1269 3429 κατεγνωσμένους.
1313 3356 1575 3411 Ἐλεεϊται
1614 3351 1725 3422 γὰρ
1778 3351 1839 3402 ἐν

254 3458 460 3528 ἀρχαῖς
483 3458 510 3510 ὁ
539 3458 598 3510 ἐν
631 3454 1020 3525 γυμνάσμασιν
1057 3450 1140 3505 ἔτι
1177 3452 1290 3513 τοῖς
1326 3449 1469 3520 ὑπὲρ
1502 3445 1703 3519 ἀρετῆς
1727 3442 1837 3496 ἐσθ’

255 3548 352 3603 ὅτε
393 3548 487 3602 καὶ
536 3546 779 3600 πταίων·
834 3543 1222 3613 ἀσύγγνωστον
1252 3541 1310 3595 δὲ
1359 3539 1497 3612 μετά
1539 3537 1698 3591 τοῦτο
1742 3534 1840 3606 τὴν

256 3642 407 3709 ἄγαν
438 3639 553 3711 ἔχει
577 3637 966 3711 μικροψυχίαν,
990 3636 1087 3690 καὶ
1104 3635 1205 3707 τὴν
1224 3632 1479 3705 ἀχάλινον
1502 3629 1838 3700 ἀποδρομὴν,

256 3734 331 3803 ἢν
380 3731 448 3786 ἂν
488 3733 692 3784 ποιοῖτο
720 3728 881 3800 τυχὸν
930 3730 1012 3792 εἰς
1061 3727 1326 3788 ἐκτόπους
1359 3723 1688 3793 ἐπιθυμίας.
1730 3721 1842 3775 Kal.

258 3822 398 3895 γοῦν
424 3825 484 3877 ἐν
529 3824 642 3887 τοῖς
679 3821 960 3893 ’Δρεομοῖς
992 3820 1123 3892 ’περὶ
1149 3819 1258 3872 τῶν
1304 3817 1434 3873 υἱῶν
1474 3814 1692 3887 Ἰσραὴλ
1739 3813 1840 3884 ἔφη

261 3934 370 3972 που
420 3915 584 3971 πάλιν
626 3914 688 3968 τὸ
735 3914 978 3986 Γράμμα
1013 3911 1073 3965 τὸ
1106 3910 1280 3983 ἱερόν·
1317 3928 1336 3960 ι
1376 3908 1489 3961 Καὶ
1542 3906 1743 3977 ἐξῆραν
1781 3906 1844 3957 ἐκ

259 4006 361 4062 τοῦ
396 4006 559 4078 ὅρους
582 4004 794 4077 Κυρίου
822 4004 942 4058 ὁδὸν
971 4001 1139 4075 τριῶν
1162 3999 1406 4071 ἡμερῶν,
1434 3999 1526 4053 καὶ
1554 3998 1586 4068 ἡ
1616 3994 1845 4059 κιϐωτὸς

261 4097 366 4171 τῆς
394 4096 663 4166 διαθήκης
707 4092 915 4165 Κυρίου
959 4090 1367 4164 προεπορεύετο
1396 4087 1639 4158 προτέρα
1666 4084 1845 4139 αὐτῶν

262 4190 386 4246 ὁδὸν
400 4187 573 4260 τριῶν
595 4186 817 4259 ἡμερῶν
828 4182 1279 4252 κατασκέψασθαι
1310 4181 1491 4242 αὐτοῖς
1514 4177 1841 4233 ἀνάπαυσιν.

266 4281 378 4336 Καὶ
410 4281 629 4351 ἐγένετο
670 4280 729 4332 ἐν
757 4277 836 4349 τῷ
888 4274 1125 4346 ἐξαίρειν
1171 4274 1270 4345 τὴν
1309 4271 1561 4335 κιϐωτὸν,
1598 4269 1693 4322 καὶ
1724 4262 1846 4319 εἷπε

262 4373 472 4445 Μωσῆς
488 4390 515 4435 ο,
536 4370 721 4440 Ἐξεγέ
732 4370 910 4442 ρθητι,
928 4368 1125 4440 Κύριε,
1156 4364 1253 4420 καὶ
1267 4359 1846 4434 διασκορπισθήτωσαν

1862 1804 1907 1864 Β
2012 1802 2211 1860 PALL.
2252 1805 2501 1873 Quonam
2550 1805 2754 1862 modo?

2000 1897 2158 1954 CYR.
2201 1896 2484 1968 Siquidem
2525 1912 2718 1952 verum
2754 1903 2859 1961 est,
2898 1894 3133 1958 labores,
3175 1907 3300 1949 cum
3339 1891 3508 1947 amari

1928 1987 2221 2044 admodum
2264 1989 2395 2053 sint,
2433 2003 2635 2059 corpus
2682 1987 3034 2049 interimere,
3088 1984 3324 2040 animam
3376 1998 3509 2039 vero

1928 2087 2145 2134 aeterna:
2177 2079 2306 2133 vitae
2341 2076 2665 2148 participem
2691 2074 2924 2131 eilicere.
2961 2074 3149 2145 Itaque
3181 2072 3319 2127 dixit
3343 2071 3507 2126 etiam

1928 2168 2124 2224 beatus
2174 2169 2430 2224 Paulus:
2494 2186 2512 2219 ι
2565 2166 2702 2221 Cum
2757 2166 3042 2231 inﬁrmor,
3114 2172 3248 2219 tunc
3314 2170 3511 2233 potens

1931 2275 2053 2315 sum
2091 2260 2157 2312 ".
2202 2278 2221 2310 ι
2264 2259 2333 2314 Ει
2367 2259 2567 2313 iterum
2609 2276 2623 2311 ε
2670 2276 2689 2309 ‹
2733 2258 2850 2313 Etsi
2885 2257 3035 2311 enim
3072 2256 3311 2312 exterior
3347 2255 3512 2309 homo

1929 2359 2121 2407 noster
2155 2350 2546 2421 corrumpitur,
2588 2349 2685 2403 sed
2722 2349 2953 2403 interior
2990 2356 3285 2403 renovatur
3317 2346 3386 2401 de
3422 2346 3511 2402 die

1932 2442 1990 2497 in
2026 2442 2172 2496 diem
2194 2442 2260 2496 ’³.
2308 2461 2326 2493 ι
2372 2440 2532 2511 156
2570 2439 2677 2495 Sed
2710 2440 2835 2509 quis
2870 2439 3092 2493 tandem
3129 2439 3263 2493 velit
3295 2438 3514 2493 labores

1932 2543 2045 2589 tam
2096 2533 2325 2589 acerbos
2376 2532 2642 2603 perferre,
2685 2531 2793 2586 nisi
2845 2530 3063 2586 dulcem
3110 2530 3311 2586 habeat
3362 2546 3512 2600 spem

1935 2627 1992 2682 in
2029 2627 2289 2683 Christo?

2003 2718 2198 2774 PALL.
2239 2719 2411 2773 Nemo
2449 2733 2695 2797 prorsus,
2735 2717 2951 2789 opinor.

2005 2809 2162 2865 CYR.
2203 2810 2339 2865 Vide
2378 2810 2547 2881 igitur
2586 2810 2722 2881 (jam
2776 2809 2947 2875 enim,
2984 2807 3213 2874 Palladi,
3252 2822 3316 2863 ea
3356 2820 3516 2877 repe-

1936 2909 2053 2956 tere
2088 2916 2315 2956 necesse
2350 2909 2436 2957 est
2472 2917 2594 2971 quze
2638 2918 2668 2956 a
2707 2900 2978 2971 principio
3016 2897 3289 2969 diximus)
3344 2898 3519 2953 Israe-

1936 2990 2047 3046 lem
2082 2991 2141 3045 in
2188 2992 2407 3046 deserto
2440 2991 2738 3057 sitientem,
2773 2999 2830 3046 et
2873 2990 3136 3045 adversus
3178 2989 3517 3059 sapientissi-

1941 3097 2092 3137 mum
2136 3082 2316 3136 virum
2364 3082 2587 3153 Moysen
2634 3089 3093 3144 murmurantem,
3135 3088 3192 3134 et
3238 3088 3417 3133 tamen
3463 3079 3519 3133 in

1943 3180 2150 3228 tantam
2192 3171 2359 3226 animi
2399 3170 2762 3241 abjeetionem
2804 3171 3026 3240 impune
3067 3170 3308 3239 lapsum;
3338 3183 3519 3238 neque

1938 3264 2086 3319 enim
2125 3278 2316 3334 pmnas
2351 3261 2481 3327 luit,
2520 3277 2699 3331 neque
2726 3261 2926 3317 divinae
2962 3260 3056 3315 ira:
3093 3259 3357 3315 ultionem
3395 3275 3519 3314 sus-

1942 3356 2142 3421 tinuit,
2182 3353 2433 3425 quamvis
2478 3353 2626 3408 Deus
2674 3353 2793 3424 ejus
2840 3351 3089 3408 criminis
3147 3365 3273 3407 reos
3325 3351 3521 3421 punire

1941 3447 2013 3502 sit
2053 3445 2268 3501 solitus.
2309 3443 2407 3499 Est
2438 3447 2675 3513 namque
2705 3441 3058 3497 miseratione
3093 3440 3289 3512 dignus
3315 3441 3384 3495 ab
3411 3439 3522 3495 ini-

1942 3539 2041 3603 tio,
2076 3536 2172 3608 qui
2202 3535 2259 3590 in
2286 3535 2682 3591 exercitatione
2709 3534 2890 3589 adhuc
2915 3548 3017 3604 pro
3037 3532 3240 3587 virtute
3268 3540 3522 3602 suscepta

1941 3627 2147 3683 labitur
2184 3639 2580 3694 nonnunquam
2618 3641 2630 3676 :
2662 3632 2719 3678 at
2765 3632 2955 3694 postea
2999 3622 3168 3677 nimia
3205 3622 3295 3675 illa
3345 3620 3525 3691 parvi-

1944 3727 2028 3773 tas
2056 3717 2246 3781 animi,
2282 3726 2338 3771 et
2374 3715 2676 3771 effrenatus
2720 3714 2788 3773 ad
2827 3713 3093 3768 absurdas
3126 3712 3522 3781 concupiscen-

1946 3811 2050 3865 tias
2093 3824 2291 3865 cursus
2339 3822 2537 3877 expers
2577 3813 2663 3861 est
2707 3805 2901 3861 veniae.
2939 3805 3127 3875 Itaque
3175 3804 3231 3858 in
3272 3803 3527 3857 Numeris

1944 3898 2013 3953 de
2052 3897 2180 3952 ﬁliis
2207 3898 2375 3952 Israel
2402 3903 2630 3951 narrant
2664 3910 2831 3950 sacrae
2853 3893 3110 3949 Litterae:
3142 3912 3160 3945 ι
3195 3893 3263 3947 Ει
3295 3891 3525 3963 profecti

1944 3999 2073 4045 sunt
2108 4005 2177 4044 ex
2215 3998 2399 4044 monte
2443 3987 2540 4043 Dei
2583 3987 2782 4042 itinere
2819 3985 3035 4041 dierum
3066 3984 3264 4050 trium;
3305 3992 3360 4039 et
3402 3999 3525 4038 arca

1946 4080 2257 4135 testamenti
2296 4079 2512 4134 Domini
2551 4077 2782 4149 praeibat
2824 4077 2947 4132 illos
2987 4077 3076 4131 via
3115 4076 3279 4129 trium
3310 4074 3526 4129 dierum

1946 4172 2012 4227 ad
2042 4170 2430 4242 explorandam
2466 4170 2601 4241 ipsis
2628 4170 2893 4240 requiem.
2922 4169 2992 4223 Et
3025 4167 3231 4222 factum
3259 4175 3363 4231 est,
3396 4167 3529 4219 dum

1945 4261 2254 4315 elevaretur
2296 4276 2443 4323 arca,
2484 4259 2621 4313 dixit
2658 4259 2871 4330 Moyses
2913 4275 2926 4310 :
2974 4258 3238 4326 Exsurge,
3276 4254 3526 4317 Domine,

1947 4357 2003 4403 et
2040 4349 2379 4418 dissipentur
2419 4348 2627 4401 inimici
2665 4347 2772 4412 tui;
2806 4345 3019 4416 fugiant
3046 4357 3238 4397 omnes
3271 4342 3365 4410 qui
3394 4340 3528 4396 ode-

264 4466 315 4519 οἱ
354 4432 543 4537 ἐχθροί
574 4432 695 4525 σου..
732 4432 1065 4533 ’φυγέτωσαν
1098 4432 1298 4518 πάντες
1344 4456 1394 4508 οἱ
1427 4432 1709 4524 μισοῦντές
1761 4467 1839 4505 σε.

1950 4446 2079 4493 runt
2107 4447 2180 4493 te.
2213 4440 2283 4493 Et
2312 4438 2441 4492 dum
2478 4437 2868 4506 deponeretur,
2902 4434 3040 4488 dixit
3064 4451 3077 4486 :
3099 4432 3390 4496 Converte,
3420 4432 3529 4486 Do-

264 4558 378 4612 Kal
410 4558 470 4610 ἐν
499 4559 567 4627 τῇ
598 4552 943 4609 καταπαύσει
969 4548 1142 4603 εἶπεν·
1170 4546 1519 4616 Ἐπίστρεφε,
1539 4542 1733 4612 Κύριε,
1761 4557 1846 4610 χι-

269 4649 458 4714 mea;
495 4645 764 4720 μυριάδας
790 4641 952 4713 ἐντῷ
990 4638 1244 4712 Ἰσραήλ’
1283 4636 1379 4689 καλ⁵
1415 4635 1448 4704 ἡ
1491 4633 1689 4701 νεφέλη
1723 4630 1848 4698 ἐγέ-

268 4758 392 4795 νετο
434 4737 736 4803 σκιάζουσα
785 4733 873 4787 ἐπ’
907 4734 1088 4795 αὐτοῖς
1124 4730 1357 4802 ἡμέρας,
1406 4728 1463 4779 ἐν
1494 4724 1574 4796 τῷ
1614 4723 1849 4792 ἐξαίρειν

268 4831 472 4895 αὐτοὺς
494 4831 560 4882 ἐκ
591 4829 690 4899 τῆς
723 4824 1077 4897 παρεμϐολῆς
1097 4841 1111 4854 ·
1141 4821 1237 4875 καὶ
1262 4816 1331 4892 ἦν
1360 4822 1389 4873 ὁ
1414 4819 1543 4881 λαὸς
1567 4815 1849 4885 γογγύζων
1889 4877 1899 4886 ὶ

267 4922 487 4994 πονηρά
514 4921 695 4975 ἔναντι
734 4919 941 4990 Κυρίου
961 4935 974 4948 ·
1000 4917 1092 4970 καὶ
1123 4916 1324 4987 ἢκουσε
1357 4911 1585 4984 Κύριος,
1616 4909 1710 4962 καὶ
1730 4907 1850 4961 ἐθυ·

272 5012 434 5084 μὼθη
460 5013 623 5084 ὀργῇ,
657 5011 754 5065 καὶ
795 5008 1065 5079 ἐξεκαύθη
1099 5011 1155 5060 ἐν
1199 5007 1382 5069 αὐτοῖς
1411 5002 1524 5074 πῦρ
1556 5000 1708 5072 παρά
1735 5001 1848 5052 Κυ-

274 5107 421 5179 ρίου,
444 5107 541 5161 καὶ
584 5105 865 5174 κατέφαγε
912 5102 1078 5173 μέρος
1104 5117 1157 5153 τι
1191 5097 1292 5170 τῆς
1333 5094 1705 5165 παρεμϐολῆς,
1755 5090 1851 5145 καὶ

268 5196 576 5269 ἐκέκραξεν
608 5197 637 5256 ὁ
672 5195 800 5258 λαὸς
827 5192 962 5266 πρὸς
1006 5190 1233 5260 Μωσῆν.
1275 5189 1385 5240 Kal
1411 5185 1612 5256 ηὔξατο
1643 5181 1851 5252 Μωσῆς

271 5289 415 5361 πρὸς
446 5289 538 5342 τὸν
565 5287 793 5358 Κύριον,
826 5286 919 5340 καὶ
955 5282 1194 5336 ἐκόπασε
1236 5278 1298 5333 τὸ
1338 5279 1468 5350 πῦρ.
1502 5278 1614 5332 Καὶ
1643 5274 1847 5346 ἐκλήθη

269 5382 335 5436 τὸ
362 5381 538 5451 ὄνομα
565 5377 659 5432 τοῦ
685 5378 852 5431 τόπου
900 5374 1133 5439 ἐκείνου,
1174 5369 1585 5442 Ἐμπυρισμόςο
1630 5368 1711 5421 ὅτι
1757 5366 1848 5431 ἐξ-

272 5471 486 5541 εκαύθη
503 5472 560 5524 ἐν
588 5471 774 5533 αὐτοῖς
790 5468 902 5537 πῦρ
926 5465 1080 5536 παρὰ
1106 5463 1335 5534 Κυρίου.
1364 5480 1381 5513 ι
1404 5463 1514 5515 Καὶ
1538 5460 1674 5531 μετὰ
1691 5456 1851 5512 τοῦτο

274 5565 467 5619 πάλιν·
504 5581 523 5615 ι
560 5563 672 5615 Καὶ
712 5560 1006 5631 ἐξάραντες
1045 5557 1103 5622 ἐξ
1150 5556 1251 5626 “Op
1273 5553 1363 5606 τοῦ
1394 5553 1553 5624 ὅρους
1597 5551 1714 5603 ὁδὸν
1758 5549 1850 5603 ἐπὶ

276 5658 556 5711 θάλασσαν
593 5651 882 5724 Ἐρυθρὰν,
905 5647 1353 5721 περιεκύκλωσαν
1386 5645 1483 5714 τὴν
1508 5645 1610 5714 γῆν
1641 5643 1847 5712 Ἐδώμ·

277 5750 374 5805 καὶ
414 5746 830 5818 ὠλιγοψύχησεν
855 5746 883 5796 ὁ
907 5743 1034 5805 λαὸς
1070 5742 1126 5794 ἐν
1155 5742 1220 5810 τῇ
1245 5737 1366 5806 ὀδῷ.
1391 5738 1499 5789 Καὶ
1524 5735 1802 5788 κατελάλει
1822 5736 1849 5786 ὁ

350 5930 446 5985 "l
494 5930 620 5986 Cor.
650 5946 704 5993 χ,
743 5927 820 5981 15.

900 5927 942 5956 δ”
972 5923 1103 5977 Luc.
1134 5936 1283 5987 xxm,
1320 5918 1404 5973 31.
1443 5919 1481 5949 ’δ’
1515 5914 1701 5970 Matth.
1742 5930 1812 5979 xx,
1846 5913 1932 5965 9.7.

1951 4533 2118 4596 mine,
2146 4532 2297 4585 mille
2337 4530 2613 4601 myriadas
2652 4528 2708 4583 in
2742 4527 2928 4582 Israel.
2958 4526 3027 4580 Et
3064 4524 3240 4579 nubes
3278 4525 3530 4580 umbram

1951 4625 2185 4681 faciebat
2217 4640 2384 4695 super
2415 4623 2539 4678 illos
2565 4638 2664 4692 per
2695 4620 2861 4685 diem,
2891 4634 3015 4674 cum
3054 4616 3533 4689 proﬁciscerentur

1949 4732 1980 4773 e
2029 4718 2223 4773 castris
2277 4734 2289 4769 :
2339 4725 2397 4771 et
2441 4724 2561 4770 erat
2608 4714 2847 4786 p0pulus
2895 4728 3249 4771 murmurans
3295 4712 3532 4783 pessime

1952 4815 2143 4863 contra
2165 4809 2477 4862 Dominum.
2511 4807 2581 4861 Et
2612 4804 2822 4860 audivit
2850 4804 3134 4868 Dominus,
3161 4813 3217 4858 et
3248 4804 3415 4859 iratus
3449 4810 3534 4857 est

1952 4899 2052 4963 ira,
2095 4908 2152 4954 et
2198 4913 2499 4953 succensus
2536 4905 2622 4951 est
2666 4895 2810 4967 ignis
2860 4895 2916 4950 in
2964 4911 3059 4950 eos
3103 4910 3133 4950 a
3172 4894 3432 4960 Domino;
3476 4902 3534 4947 et

1952 4990 2237 5045 devoravit
2268 4977 2478 5059 partem
2526 4987 2818 5058 quamdam
2857 4995 3185 5040 castrorum.
3220 4985 3289 5039 Et
3328 4985 3533 5039 clama-

1951 5083 2033 5137 vit
2066 5082 2303 5152 populus
2331 5080 2397 5134 ad
2426 5080 2665 5152 Moysen.
2696 5079 2764 5134 Et
2804 5078 2981 5133 oravit
3011 5077 3221 5148 Moyses
3248 5076 3313 5129 ad
3347 5075 3533 5129 Domi-

1950 5192 2107 5242 num,
2131 5183 2188 5232 et
2217 5175 2454 5230 cessavit
2493 5173 2662 5245 ignis;
2703 5181 2761 5228 et
2797 5180 3056 5226 vocatum
3087 5175 3172 5222 est
3200 5180 3398 5220 nomen
3426 5164 3532 5218 loci

1953 5270 2120 5335 illius,
2154 5267 2474 5332 Succeusio,
2506 5266 2634 5337 quia
2665 5277 2964 5320 succensus
2993 5267 3079 5314 est
3116 5257 3172 5311 in
3211 5271 3306 5310 eos
3339 5254 3476 5325 ignis
3506 5271 3535 5309 a

1951 5363 2183 5419 Domino
2206 5361 2272 5415 “.
2310 5379 2328 5412 ›
2365 5360 2433 5415 Et
2474 5367 2599 5430 post
2629 5358 2746 5411 haec
2782 5368 3011 5409 rursus:
3047 5369 3065 5399 ε
3103 5349 3170 5405 Et
3197 5344 3427 5416 profecti
3468 5362 3534 5400 ex

1952 5464 2138 5510 monte
2178 5454 2290 5509 Her
2339 5468 2440 5523 per
2491 5451 2637 5504 viam
2688 5446 2856 5500 maris
2911 5441 3107 5504 Rubri,
3144 5437 3538 5493 circumierunt

1955 5556 2158 5601 terram
2206 5545 2408 5607 Edom;
2460 5549 2518 5597 et
2566 5539 2826 5609 fatigatus
2857 5544 2941 5588 est
2978 5531 3213 5602 populus
3249 5531 3301 5583 in
3332 5529 3439 5587 via,
3481 5536 3537 5580 et

1954 5638 2279 5695 detrahebat
2312 5636 2545 5705 populus
2589 5632 2853 5685 adversus
2889 5627 3059 5681 Deum
3084 5634 3140 5679 et
3167 5632 3352 5677 contra
3393 5620 3540 5699 Moy-

1956 5747 2072 5796 sen,
2114 5729 2360 5784 dicentes
2391 5743 2404 5780 :
2438 5726 2548 5780 Cur
2593 5722 2824 5778 eduxisti
2875 5734 2976 5773 nos
3015 5716 3081 5772 de
3118 5728 3259 5772 terra
3296 5707 3561 5782 dignm,-

2012 5913 2054 5943 “
2083 5911 2127 5967 ll
2156 5909 2280 5963 Cor.
2320 5906 2491 5974 x11,9.
2574 5903 2661 5957 nal
2701 5902 2823 5956 Cor.
2854 5917 2925 5965 ιγ,
2989 5897 3065 5949 lii.
3132 5896 3175 5924 τη
3218 5892 3378 5945 Num.
3424 5899 3535 5938 xxi.
