4138 6300
674 474 784 535 383

1688 482 1742 537 S.
1786 481 2062 538 CYIlILLI
2101 481 2570 541 ALEXANDRINI
2604 484 2922 544 ARCIIIEP.

3829 488 3928 544 385

679 602 743 647 ut
772 588 1113 647 interiiceres
1145 607 1245 648 nos
1277 593 1333 647 in
1361 593 1614 649 deserto?
1650 610 1830 666 neque
1867 595 2014 651 enim
2045 606 2129 652 est
2162 612 2244 667 pa-

2364 596 2491 661 λαὸς
2518 597 2653 669 πρὸς
2689 598 2782 652 τὸν
2812 599 2944 652 Θεὸν
2973 598 3067 653 καὶ
3102 597 3246 652 κατὰ
3279 596 3473 668 Μωσῆ,
3503 594 3754 665 λέγοντες
3775 614 3789 628 ο
3819 599 3933 654 ἰνα

679 681 788 747 nis,
820 696 999 752 neque
1036 699 1206 753 aqua;
1236 694 1292 741 et
1340 685 1525 740 anima
1574 695 1759 741 nostra
1797 702 1992 756 perosa
2037 697 2121 742 est
2159 701 2257 756 pa-

682 785 811 826 nem
852 771 1002 827 hunc
1046 773 1285 829 inanem.
1323 775 1391 829 Et
1435 773 1662 831 immisit
1693 775 1958 830 Dominus
1992 776 2047 830 in
2081 791 2258 846 popu—

684 860 799 913 lum
827 872 1113 930 serpentes
1146 864 1477 928 mortiferas,
1506 874 1562 920 et
1595 864 1921 921 mordebant
1955 866 2254 936 pepulum;

684 962 742 1007 et
782 953 1120 1009 moriebatur
1166 956 1401 1025 populus
1449 958 1654 1012 multus
1689 973 1720 1012 e
1761 957 1888 1012 ﬁliis
1933 958 2094 1013 Israel
2126 960 2189 1011 ".
2233 979 2250 1010 ι

681 1041 850 1098 Vides
903 1043 1088 1115 igitur,
1130 1047 1591 1116 quemadmodum
1642 1048 1750 1120 igni
1799 1065 1864 1105 ac
1910 1051 2259 1121 serpentibus

681 1135 775 1191 ille
826 1147 1141 1193 susurrator
1192 1150 1249 1196 et
1293 1152 1667 1197 murmurator
1713 1144 1947 1212 populus
1996 1159 2253 1198 consum-

680 1238 809 1296 ptus
841 1228 929 1284 sit.
971 1229 1125 1299 157
1166 1230 1595 1289 Proﬁciscuntur
1627 1235 1772 1288 enim
1814 1235 1891 1289 illi
1929 1235 2150 1304 quidem
2188 1251 2256 1289 ex

680 1329 866 1375 monte
899 1320 1018 1383 Dei,
1054 1335 1178 1374 cum
1225 1322 1347 1376 illos
1387 1338 1512 1377 arca
1544 1323 1897 1393 praecederet,
1933 1333 1989 1380 et
2022 1324 2130 1380 illis
2165 1341 2254 1379 re-

677 1409 862 1478 quiem
896 1420 1186 1478 quaereret,
1223 1411 1433 1483 Moyses
1462 1427 1681 1482 quoque
1714 1424 1915 1479 oraret,
1946 1430 2012 1470 ac
2054 1416 2253 1485 depre-

677 1509 918 1566 caretur,
958 1501 1135 1557 nubes
1184 1504 1347 1558 etiam
1396 1504 1516 1559 illos
1563 1515 1878 1577 contegeret
1911 1525 1923 1560 :
1959 1517 2014 1564 at
2048 1509 2125 1562 illi
2163 1524 2255 1578 pa-

676 1608 803 1648 nem
837 1592 904 1648 de
935 1594 1074 1650 caelo
1101 1595 1287 1651 datum
1318 1595 1533 1651 inanem
1562 1599 1916 1668 appellantes,
1954 1601 2251 1671 plurimum

677 1683 746 1738 de
784 1685 895 1739 Deo
940 1701 1003 1740 ac
1040 1686 1220 1759 Moyse
1269 1690 1768 1757 conquerebantur.
1803 1691 1974 1759 Quam
2014 1693 2085 1747 ob
2118 1708 2251 1748 eau-

676 1790 792 1829 sam
826 1779 1134 1833 necessario
1163 1779 1241 1833 illi
1273 1782 1494 1851 quidem
1527 1783 1667 1853 ignis
1698 1800 1837 1854 opus
1864 1785 2055 1841 effecti
2090 1797 2247 1849 sunt,

675 1864 732 1918 lii
772 1869 1104 1936 Serpentium
1140 1871 1413 1926 morsibus
1443 1874 1706 1929 continuo
1736 1874 2039 1944 perierunt.

742 2128 937 2184 PALL.
985 2130 1091 2186 Sed
1137 2133 1398 2203 quidnam
1439 2134 1496 2188 in
1537 2144 1773 2204 utroque
1803 2134 2099 2205 Scriptura:
2128 2136 2249 2191 loco

672 2219 1074 2276 observandum
1102 2233 1205 2287 est,
1237 2224 1437 2293 quidve
1469 2234 1553 2280 est
1582 2239 1739 2281 mons
1767 2225 1901 2281 Dei?

740 2309 897 2366 CYR.
936 2312 1175 2368 Montem
1217 2314 1335 2379 Dei,
1371 2316 1587 2385 opinor,
1619 2316 1755 2372 dicit
1793 2316 1942 2381 Sina,
1985 2317 2040 2371 in
2084 2332 2248 2387 quem
2348 2322 2351 2325 ’

669 2401 761 2455 ille
795 2400 1175 2457 universorum
1206 2403 1400 2474 Opifex
1454 2404 1594 2476 ignis
1633 2406 1818 2477 specie
1850 2407 2152 2474 descendit,
2184 2424 2250 2464 ac

668 2493 820 2547 visus
850 2503 934 2549 est
966 2495 1113 2549 omni
1150 2496 1371 2565 pepulo,
1409 2498 1553 2554 sicut
1606 2498 1871 2569 scriptum
1925 2510 2029 2565 est,
2068 2502 2247 2572 leges-

666 2599 775 2652 que
825 2586 1004 2642 sanxit
1049 2603 1233 2641 rerum
1284 2588 1619 2659 agendarum
1655 2608 1668 2644 :
1712 2610 1729 2641 ι
1765 2591 2061 2649 Constituit
2099 2594 2247 2648 enim

670 2674 744 2728 ibi
777 2674 902 2729 liliis
940 2675 1102 2730 Israel
1133 2675 1552 2745 iustiﬁcationes
1585 2693 1649 2731 ac
1678 2677 1883 2747 judicia
1913 2679 1977 2732 ⁸⁸.
2017 2697 2036 2729 ι
2072 2678 2247 2735 Caete-

668 2778 792 2816 rum
813 2763 907 2831 qui
935 2763 1067 2817 olim
1099 2764 1190 2818 illa
1222 2767 1422 2832 sanxit,
1449 2765 1704 2821 Christus
1733 2766 1854 2822 fuit.
1887 2768 2075 2838 Itaque
2101 2770 2248 2841 leges

669 2851 791 2906 illas
827 2867 926 2921 per
952 2853 1169 2925 Moysen
1199 2854 1373 2919 datas,
1405 2872 1503 2911 sua
1524 2856 1689 2911 verba
1720 2869 1896 2915 vocat.
1927 2859 2021 2915 Ait
2051 2861 2198 2916 enim
2229 2879 2242 2917 :

675 2961 694 2991 ι
725 2941 920 3008 Amen,
945 2944 1072 3000 dico
1096 2945 1276 3010 vobis,
1304 2931 1482 3003 donec
1500 2956 1748 3005 transeat
1770 2949 1970 3005 caelum
1994 2960 2051 3007 et
2077 2962 2243 3019 terra,

667 3030 778 3087 iota
819 3048 1008 3099 unum,
1042 3044 1139 3091 aut
1183 3051 1327 3090 unus
1374 3051 1513 3107 apex
1558 3054 1669 3092 non
1713 3040 2016 3108 praeteribit
2043 3056 2076 3095 a
2104 3041 2241 3112 lege,

665 3120 842 3176 donec
890 3123 1073 3178 omnia
1126 3122 1276 3180 ﬁant.
1343 3124 1578 3192 Caelum,
1620 3138 1675 3184 et
1725 3139 1872 3185 terra
1910 3130 2240 3197 transibunt,

664 3210 833 3266 verba
863 3223 1047 3269 autem
1080 3230 1201 3270 mea
1244 3231 1356 3270 non
1399 3218 1715 3274 transibunt
1741 3220 1807 3274 ".
1849 3241 1867 3273 ι
1901 3221 2015 3293 Age
2052 3222 2238 3295 igitur,

664 3301 907 3360 historiae
938 3307 1304 3363 crassitudine
1333 3309 1545 3376 relicta,
1580 3311 1947 3381 spiritualium
1981 3330 2240 3372 sensuum

663 3393 1027 3450 subtilitatem
1091 3399 1553 3469 contemplemur.
1603 3402 1795 3472 Igitur,
1848 3405 1943 3474 qui
1992 3406 2106 3476 jam
2150 3408 2244 3464 Dei

662 3490 888 3549 aspectu
941 3491 1106 3551 atque
1162 3487 1474 3556 cognitione
1532 3488 1739 3560 dignati
1798 3504 1945 3558 sunt,
1986 3495 2244 3565 splendo-

666 3583 895 3639 remque
950 3571 1151 3629 divina:
1204 3586 1413 3633 natura:
1471 3582 1671 3637 mentis
1720 3584 1932 3649 oculis,
1984 3587 2137 3644 velut
2188 3589 2245 3644 in

663 3667 882 3724 monte,
943 3660 999 3715 id
1041 3674 1126 3719 est
1170 3664 1224 3719 in
1265 3681 1517 3738 suprema
1565 3673 1897 3745 sublimique
1947 3679 2243 3736 admodum

660 3749 1007 3819 excellentia,
1038 3770 1444 3827 conspexerunt
1490 3760 1636 3834 (nam
1686 3765 1776 3820 illa
1824 3768 1918 3823 Dei
1965 3771 2135 3841 gloria
2181 3789 2245 3828 ac

662 3851 860 3896 natura
914 3845 1056 3900 ultra
1107 3850 1291 3904 omnia
1334 3851 1487 3923 est),
1546 3854 1642 3923 qui
1690 3857 1927 3926 quodam
1974 3861 2138 3916 modo
2184 3879 2241 3919 se

663 3932 813 4000 ipsos
842 3933 1061 3991 Christo
1090 3953 1189 4007 per
1218 3939 1380 3995 ﬁdem
1416 3944 1806 4013 exhibuerunt,
1840 3959 1895 4005 et
1927 3951 2048 4020 ejus
2076 3954 2240 4008 verba

661 4022 977 4091 audierunt,
1019 4036 1181 4098 atque
1223 4031 1595 4090 obedientiam
1643 4039 1875 4107 polliciti
1925 4052 2054 4098 sunt
2092 4044 2238 4115 (nam

661 4112 718 4169 id
758 4130 976 4187 quoque
1016 4129 1133 4175 tum
1164 4121 1296 4179 fecit
1341 4125 1527 4193 Israel,
1564 4144 1690 4184 cum
1729 4130 1869 4187 dixit
1904 4150 1916 4185 :
1960 4152 1977 4184 ι
2020 4112 2235 4202 omnia,

659 4218 1002 4276 quaecunque
1055 4207 1192 4265 dixit
1237 4211 1502 4269 Dominus
1548 4216 1693 4271 Deus
1755 4226 1903 4283 tuus,
1950 4218 2234 4287 faciemus,

657 4306 713 4345 ιιι
760 4294 1049 4353 audiemus
1082 4300 1129 4331 ⁹⁸
1179 4300 1255 4372 ›);
1292 4302 1329 4357 ii
1357 4302 1542 4359 divina
1589 4305 1680 4360 illa
1715 4308 2082 4377 providentia,
2117 4328 2237 4381 qua:

644 4384 766 4454 jam
804 4385 1121 4445 domesticis
1162 4395 1450 4461 convenit,
1500 4397 1881 4467 perfruentur;
1929 4416 2108 4471 neque
2153 4404 2237 4458 di-

2361 684 2414 735 τί
2442 683 2714 754 ἐξήγαγες
2743 686 2892 756 ἡμᾶς
2921 688 2987 740 ἐκ
3032 685 3138 757 γῆς
3186 685 3487 754 Αἰγύπτου,
3532 685 3849 740 ἀποκτεῖναι
3877 689 3932 741 ὲν

2361 775 2426 845 τῇ
2474 775 2696 846 ἐρήμῳς
2725 777 2807 829 ὅτι
2842 778 2943 830 οὐκ
2992 776 3138 830 ἐστιν
3178 775 3364 849 ἄρτος,
3413 774 3535 828 οὐδὲ
3582 774 3757 847 ὕδωρο
3806 779 3840 847 ἡ
3879 777 3933 831 δέ

2358 864 2505 936 ψυχὴ
2541 864 2703 937 ἡμῶν
2736 866 3108 939 προσώχθισεν
3151 868 3210 921 ἐν
3255 866 3333 938 τῷ
3384 866 3534 938 ἄρτῳ
3584 865 3663 937 τῷ
3706 867 3935 940 διακένῳ

2359 954 2550 1026 τούτῳ.
2586 957 2696 1010 Καὶ
2725 956 3008 1012 ἀπέστειλε
3036 958 3240 1031 Κύριος
3259 958 3341 1019 είς
3363 956 3457 1010 τὸν
3488 957 3615 1011 λαὸν
3637 958 3765 1023 τοὺς
3786 958 3934 1029 ὄφεις

2359 1048 2483 1110 τοὺς
2516 1046 2907 1113 θανατοῦντας.
2933 1051 3027 1105 καὶ
3048 1050 3273 1105 ἔδακνόν
3294 1051 3385 1104 τὸν
3403 1049 3554 1114 λαὸν,
3578 1051 3674 1104 καὶ
3700 1051 3935 1107 ἀπέθανε

2358 1137 2488 1202 λαὸς
2520 1138 2687 1202 πολὺς
2714 1140 2823 1193 τῶν
2855 1140 2987 1194 υἱῶν
3024 1141 3261 1212 Ἰσραήλ.
3304 1159 3322 1191 ι
3369 1142 3533 1213 Ὁρᾷς
3573 1137 3666 1195 οὖν
3694 1141 3775 1195 ὅτι
3802 1143 3935 1212 πυρὶ

2358 1229 2454 1282 καὶ
2480 1228 2671 1298 ὄφεσιν
2699 1232 2729 1284 ὁ
2752 1230 2984 1301 ψίθυρός
3020 1249 3081 1285 τε
3106 1233 3202 1285 καὶ
3234 1233 3544 1301 γογγυστὶιτς
3573 1232 3933 1302 δεδαπάνηται

2357 1321 2506 1386 λαός.
2547 1324 2611 1375 Oi
2640 1322 2740 1393 μὲν
2763 1323 2871 1394 γὰρ
2905 1323 3214 1395 ἐξαίρουσιν
3260 1325 3325 1376 ἐκ
3362 1322 3457 1377 τοῦ
3498 1325 3663 1397 ὅρους
3706 1326 3931 1397 Κυρίου,

2356 1411 2798 1484 προϐιϐαζούσης
2828 1414 3008 1468 αὐτῶν
3057 1418 3158 1486 τῆς
3193 1414 3452 1481 κιϐωτοῦ,
3485 1416 3579 1469 καὶ
3621 1416 3932 1489 προαναζη-

2354 1501 2554 1571 τούσης
2575 1503 2881 1558 ἀνάπαυσιν
2903 1521 2916 1533 ·
2940 1505 3310 1576 ἐπευχομένου
3339 1506 3396 1559 δὲ
3418 1507 3513 1560 καὶ
3542 1505 3934 1577 πρεσϐεύοντος

2354 1591 2449 1645 τοῦ
2481 1595 2764 1661 .Μωσέως,
2810 1595 2906 1649 καὶ
2947 1595 3055 1667 μὴν
3096 1596 3192 1650 καὶ
3235 1596 3466 1667 νεφέλης
3510 1598 3934 1668 ἐπισκιαξούσης

2353 1686 2556 1749 αὐτοῖς,
2589 1687 2639 1739 oi
2664 1686 2744 1750 δὲ,
2779 1687 3028 1741 διάκενον
3061 1684 3424 1758 ὀνομάζοντες
3451 1689 3546 1743 τὸν
3572 1688 3739 1754 ἄρτον
3763 1689 3855 1742 τὸν
3876 1692 3933 1757 ἐξ

2353 1776 2604 1847 ούρανοῦ,
2647 1777 2905 1848 πλείστην
2942 1778 3074 1849 ὅσην
3108 1779 3249 1833 κατά
3290 1796 3349 1833 τε
3378 1779 3475 1834 τοῦ
3513 1779 3648 1835 Θεοῦ
3677 1780 3771 1835 καὶ
3805 1782 3926 1835 Mm-

2355 1868 2493 1931 σέως
2517 1868 2798 1923 ἐποιοῦντο
2842 1870 2942 1942 τὴν
2971 1870 3270 1943 καταϐοήν.
3312 1871 3415 1925 Διά
3438 1889 3518 1925 τοι
3552 1872 3732 1939 τοῦτο,
3767 1874 3936 1945 πυρὸς

2284 1936 2325 1989 Β
2358 1960 2455 2030 μὲν
2481 1959 2640 2032 ἔργον
2657 1964 2853 2016 ἐκεῖνοι
2877 1936 3168 2032 γεγόνασιν
3193 1936 3539 2033 άναγκαίως,
3567 1966 3617 2018 οἱ
3644 1965 3700 2019 δέ
3718 1936 3936 2037 πικρῶν

2351 2050 2526 2119 ὄφεων
2553 2050 2823 2123 δήγμασιν
2853 2052 2992 2123 άμελ
3011 2051 3087 2124 [λ]
3113 2053 3203 2124 ητὶ
3228 2053 3533 2109 διολώλασι.

2422 2142 2629 2197 ΠΑΛΛ.
2672 2144 2783 2197 Καὶ
2813 2143 2897 2207 τίς
2930 2145 3141 2213 γένοιτο
3198 2145 3363 2200 πάλιν
3391 2147 3451 2201 ἐν
3493 2148 3697 2218 ἀμφοῖν
3746 2149 3937 2219 ἐπιτή-

2353 2250 2544 2303 ρησις;
2573 2236 2666 2288 καὶ
2693 2235 2747 2288 τί
2772 2235 2833 2289 τὸ
2863 2235 2989 2307 ὅρος
3026 2238 3233 2308 Κυρίου
3257 2255 3272 2303 ;
3320 2232 3327 2241 ’

2421 2325 2584 2379 ΚΥΡ.
2662 2327 2826 2398 Ὅρος
2881 2322 3034 2398 οἶμαί
3095 2345 3197 2382 που
3243 2330 3451 2401 Κυρίου
3500 2331 3634 2402 φησὶ
3674 2331 3736 2386 τὸ
3780 2332 3936 2397 Σινά,

2348 2416 2434 2486 ἐφ’
2463 2417 2491 2470 δ
2516 2417 2891 2490 καταϐέϐηκεν
2921 2421 2979 2474 ἐν
3009 2422 3140 2476 εῖδει
3172 2424 3339 2494 πυρὸς
3357 2425 3384 2476 ὁ
3417 2422 3635 2477 πάντων
3664 2426 3939 2494 Δημιουρο

2349 2508 2463 2577 γὸς,
2492 2506 2648 2578 ὤφθη
2679 2525 2740 2561 τε
2772 2512 2937 2565 παντὶ
2969 2512 3047 2584 τῷ
3073 2513 3209 2585 λαῷ,
3242 2513 3384 2568 κατὰ
3420 2513 3483 2568 τὸ
3520 2515 3934 2586 γεγραμμένον,

2350 2597 2443 2649 καὶ
2488 2598 2614 2659 τοὺς
2644 2597 2736 2650 ἐπὶ
2766 2602 2880 2665 τοῖς
2930 2602 3226 2673 πρακτέοις
3279 2603 3781 2674 κατεχρησμῲδησε
3844 2606 3932 2657 νό·

2351 2704 2516 2757 μουςο
2564 2710 2582 2742 ι
2624 2690 2816 2746 Ἔθετο
2857 2693 2967 2766 γὰρ
3007 2697 3126 2749 ἐκεῖ
3156 2699 3272 2760 τοῖς
3300 2699 3436 2759 υἱοῖς
3469 2695 3688 2767 Ἰσραὴλ
3709 2695 3934 2750 δικαιὼ-

2352 2796 2496 2849 ματα
2520 2782 2615 2835 καὶ
2651 2784 2883 2854 κρίσεις.
2923 2804 2942 2837 ι
2993 2786 3131 2840 Ἀλλ’
3162 2783 3230 2859 ἦν
3264 2789 3359 2841 καὶ
3388 2787 3555 2841 πάλαι
3590 2787 3935 2858 θεσμοθετῶν

2360 2871 2544 2926 ἐκεῖνα
2584 2873 2837 2943 Χριστός.
2884 2876 3173 2948 Τοιγάρτοι
3215 2880 3312 2932 καὶ
3352 2878 3563 2946 λόγους-
3608 2878 3773 2943 ἰδίους
3810 2881 3935 2944 τοὺς

2345 2963 2434 3018 διὰ
2471 2966 2713 3030 Μωσέως
2757 2967 2912 3023 καλεῖ
2937 2970 3153 3040 νόμους.
3185 2972 3327 3043 Ἔφη
3353 2971 3494 3044 γάρ’
3530 2989 3550 3024 ι
3592 2971 3764 3044 ’Δμὴν
3791 2972 3935 3041 λέγω

2347 3055 2496 3125 ὑμῖν,
2527 3057 2633 3121 ἓως
2665 3058 2732 3111 ἂν
2771 3060 3015 3132 παρέλθῃ
3045 3063 3074 3115 ό
3103 3063 3329 3134 ούρανδς
3360 3064 3457 3119 καὶ
3479 3066 3513 3136 ή
3552 3064 3647 3136 γῆ,
3691 3065 3825 3120 ίῶτα
3852 3067 3931 3131 ἓν,

2345 3139 2378 3209 ἢ
2414 3141 2512 3212 μία
2543 3144 2740 3214 κεραία
2771 3146 2832 3199 ού
2865 3145 2939 3218 μὴ
2970 3149 3216 3222 παρέλθῃ
3242 3152 3350 3205 ἀπὸ
3384 3151 3479 3206 τοῦ
3512 3154 3700 3225 νόμου,
3730 3156 3934 3219 ἔως-ἂν

2270 3268 2314 3329 c
2346 3231 2533 3329 πάντα
2557 3234 2798 3329 γένηται.
2848 3238 2909 3293 '0
2940 3240 3171 3312 οὐρανὸς
3207 3243 3359 3314 καὶὴ
3396 3245 3469 3314 γῆ
3511 3246 3931 3318 παρελεύσεται,

2349 3323 2398 3375 οἱ
2426 3323 2484 3376 δὲ
2520 3324 2670 3395 λόγοι
2701 3345 2803 3397 μου
2841 3330 2903 3382 ού
2941 3331 3017 3402 μὴ
3051 3332 3381 3403 παρέλθωσι.
3415 3354 3434 3387 ι
3457 3337 3593 3407 Φέρε
3613 3338 3678 3409 δὴ
3707 3333 3807 3392 οὖν
3834 3342 3934 3409 τῆς

2351 3414 2592 3488 ἱστορίας
2617 3418 2677 3471 τὸ
2701 3419 2870 3491 πάχος
2892 3422 3144 3491 ἀφέντες,
3167 3423 3278 3478 τῶν
3305 3425 3691 3498 πνευματικῶν
3713 3428 3934 3483 ἐδνοιῶν

2346 3502 2444 3574 τὴν
2494 3506 2784 3578 ἰσχνότητα
2824 3510 3280 3584 καταθρήσωμεν.
3329 3517 3392 3568 Οἱ
3422 3517 3531 3588 γάρ
3562 3534 3645 3570 τοι
3675 3516 3933 3582 θεοπτίας

2349 3594 2449 3663 μὲν
2477 3595 2579 3666 ἤδη
2617 3599 2712 3652 καὶ
2754 3599 3083 3669 θεογνωσίας
3118 3604 3445 3675 ἠξιωμένοι,
3497 3609 3593 3662 καὶ
3636 3607 3736 3679 τῆς
3782 3609 3935 3672 θείας

2346 3684 2561 3752 φύσεως
2590 3688 2689 3758 τὴν
2718 3689 3078 3764 λαμπρότητα
3125 3699 3238 3760 τοῖς
3278 3697 3380 3766 τῆς
3398 3698 3650 3773 ,διανοίας
3692 3700 3930 3772 ὄμμασι,

2345 3778 2599 3852 καθάπερ
2629 3782 2688 3834 ἐν
2716 3781 2853 3853 ὄρει,
2880 3783 3221 3857 τεθεαμένοι,
3245 3790 3541 3854 τουτέστιν,
3562 3793 3621 3845 ἐν
3650 3791 3930 3863 ὑπερτάτη

2344 3865 2438 3917 καὶ
2472 3866 2820 3941 άνῳκισμένῃ
2850 3871 2970 3925 λίαν
3007 3878 3249 3947 ὑπεροχῇ
3287 3877 3513 3945 (παντὸς
3533 3878 3643 3951 γὰρ
3672 3880 3930 3935 ἐπέκεινα

2341 3952 2469 4021 δόξα
2499 3973 2557 4009 τε
2599 3959 2694 4013 καὶ
2724 3959 2884 4029 φύσις
2913 3961 3095 4035 Θεοῦ),
3139 3967 3188 4019 οἱ
3226 3970 3678 4040 παραστήσαντες
3703 3971 3931 4035 ἑαυτοὺς

2342 4049 2505 4101 οἱονεὶ
2536 4048 2623 4104 διὰ
2669 4051 2769 4121 τῆς
2806 4053 3042 4119 πίστεως
3089 4056 3167 4129 τῷ
3214 4060 3471 4130 Χριστῷ,
3519 4065 3616 4118 καὶ
3652 4067 3762 4122 τῶν
3801 4072 3930 4138 παρ’

2342 4139 2507 4195 αὐτοῦ
2544 4144 2828 4210 γεγονότες
2856 4146 2957 4200 οὐκ
2990 4149 3213 4220 ἀνήκοοι
3244 4155 3529 4225 ῥημάτων,
3567 4157 3932 4230 ὑποσχόμενοί

2344 4247 2404 4284 τε
2429 4232 2528 4300 τὴν
2576 4233 2822 4304 ὑπακοὴν
2857 4236 3038 4308 (τοῦτο
3067 4240 3178 4312 γὰρ
3203 4242 3334 4315 ἔδρα
3384 4246 3476 4299 καὶ
3519 4246 3638 4300 τότε
3687 4249 3864 4317 λέγων
3900 4252 3929 4301 ό

2351 4322 2567 4393 Ἰσραήλ
2587 4339 2601 4353 ·
2633 4342 2651 4375 ι
2678 4325 2885 4390 Πάντα,
2904 4328 3004 4382 ὅσα
3022 4325 3144 4384 εἷπε
3166 4333 3367 4404 Κύριος
3381 4336 3552 4401 όΘεός
3569 4354 3683 4403 σου,
3703 4341 3930 4411 ποιησο-

2339 4429 2438 4483 μεν
2470 4416 2564 4467 καὶ
2584 4416 2927 4489 ἀκουσόμεθα
2959 4441 2976 4474 ι
3010 4421 3029 4493 )
3078 4424 3177 4494 τῆς
3216 4426 3317 4497 ἥδη
3351 4428 3588 4498 γνησίως
3610 4432 3929 4503 πρεπούσης

660 4482 797 4532 vina:
835 4494 962 4551 erga
996 4498 1053 4538 se
1087 4499 1255 4551 curae,
1305 4497 1577 4557 quatenus
1626 4490 1735 4546 illis
1776 4491 1845 4545 ad
1896 4493 2124 4549 salutem
2165 4496 2234 4550 sit

2345 4482 2350 4483 ,
2790 4482 2802 4489 -
3010 4482 3022 4493 1
3133 4482 3171 4494 ι-
3239 4482 3250 4496 l
3305 4482 3317 4497 ι
3362 4482 3373 4496 I
3441 4482 3452 4498 Ι
3542 4482 3584 4494 ⁷⁸
3653 4482 3927 4503 Ι““⁷’“““Ι’

2345 4505 2545 4573 φειδοῦς
2598 4509 2997 4578 ἀπολαύσουσι,
3051 4517 3145 4570 καὶ
3190 4518 3473 4588 μεθέξουσι
3518 4524 3800 4593 φροντίδος
3827 4525 3930 4594 τῆς

657 4577 810 4633 satis,
835 4583 1086 4640 expertes
1110 4587 1302 4643 erunt;
1332 4578 1510 4649 ipsum
1531 4579 1678 4635 enim
1703 4582 1983 4638 habebunt
2012 4584 2229 4651 ducem,

2345 4599 2670 4673 ἀποχρώσης
2716 4604 2796 4667 εἰς
2824 4607 3104 4677 σωτηρίαν
3137 4577 3350 4673 αύτοῖςῖ
3375 4577 3543 4665 αὐτὸν
3563 4577 3684 4685 ’γὰρ
3713 4577 3928 4680 ἕξουσίν

653 4668 712 4714 et
763 4675 1241 4735 propugnatorem,
1283 4686 1348 4724 ac
1385 4687 1802 4741 przecursorem,
1844 4675 1937 4744 qui
1988 4676 2095 4732 illis
2141 4694 2230 4732 re-

654 4750 840 4819 quiem
873 4756 1137 4824 exploret.
1188 4760 1403 4815 Primus
1450 4779 1687 4835 namque
1722 4766 1975 4823 Christus
2008 4778 2232 4838 propter

654 4854 757 4894 nos
787 4856 853 4894 ac
881 4858 985 4911 pro
1016 4848 1177 4902 nobis
1211 4849 1423 4907 Satana:
1460 4855 1591 4908 olim
1630 4856 1825 4913 victori
1862 4875 1919 4913 se
1955 4861 2228 4929 opposuit,

654 4944 779 4984 cum
818 4932 1087 5002 jejunavit
1143 4955 1207 4993 ac
1245 4951 1484 4999 tentatus
1525 4958 1609 5003 est
1657 4948 1713 5003 in
1757 4948 1997 5015 deserto,
2035 4959 2094 5005 ut
2132 4966 2233 5005 nos

654 5020 806 5076 illum
840 5024 1067 5092 victum,
1103 5038 1159 5085 et
1196 5032 1470 5102 abjectum
1510 5048 1567 5094 et
1612 5041 1714 5095 sub
1757 5043 1961 5098 nostris
1996 5044 2232 5112 pedibus

652 5123 990 5182 prostratum
1027 5117 1298 5185 videntes,
1342 5126 1587 5193 requiem
1637 5128 1987 5186 haberemus.
2040 5134 2228 5203 Itaque

651 5204 816 5259 etiam
850 5205 1068 5263 dicebat
1098 5227 1110 5262 :
1152 5229 1169 5260 ι
1205 5211 1520 5268 Pressuram
1558 5216 1830 5275 habebitis
1878 5222 1933 5276 in
1976 5225 2182 5279 mundo
2214 5243 2226 5277 :

657 5296 820 5368 158
863 5299 958 5355 sed
1013 5303 1305 5368 conﬁdite,
1359 5321 1460 5376 ego
1515 5308 1622 5363 vici
1680 5312 1946 5367 mundum
1981 5314 2045 5368 θ’.
2088 5336 2106 5367 ι
2165 5317 2233 5372 Ει

654 5383 849 5441 iterum
894 5408 906 5443 :
954 5410 973 5441 ι
1025 5393 1167 5448 Ecce
1221 5395 1347 5451 dedi
1399 5398 1556 5454 vobis
1603 5410 1930 5469 potestatem
1984 5407 2230 5463 ealcandi

652 5492 818 5547 super
866 5497 1150 5553 serpentes
1206 5498 1262 5544 et
1314 5492 1653 5563 scorpiones,
1688 5503 1744 5549 et
1797 5510 1962 5565 super
2010 5514 2228 5555 omnem

654 5578 979 5634 petestatcm
1013 5575 1219 5633 inimici
1251 5580 1288 5632 ¹.
1330 5600 1348 5632 ι
1388 5582 1607 5639 Primus
1651 5596 1873 5656 propter
1912 5604 2013 5644 nos
2041 5601 2096 5646 et
2126 5608 2228 5661 pro

703 5767 953 5889 .9:(’.\Ium.
991 5788 1096 5836 XXI,
1138 5776 1167 5829 4
1200 5794 1349 5847 seqq.

660 5853 709 5896 Χ.
748 5853 823 5893 Η).

1465 5785 1510 5813 ⁹“
1539 5783 1709 5837 Iiwd.
1745 5802 1831 5850 xv,
1994 5789 2068 5856 ,⁸³⁷
2096 5788 2286 5843 ΜςιιιΙι.
2316 5807 2364 5855 v,
2399 5792 2475 5845 18.

2340 4695 2601 4764 ἡγεμόνα,
2636 4699 3012 4769 προασπιστήν
3040 4716 3099 4754 τε
3132 4701 3224 4754 καὶ
3257 4702 3656 4772 προϐιϐάζοντα
3688 4705 3822 4775 πρὸς
3866 4704 3931 4758 τὸ

2339 4786 2791 4856 κατασκέψασθαι
2833 4789 3015 4855 αὐτοῖς
3051 4790 3150 4862 τὴν
3181 4792 3521 4848 ἀνάπαυσιν.
3558 4795 3779 4865 Πρῶτος
3816 4795 3930 4863 γὰρ

2338 4878 2365 4928 ό
2398 4878 2631 4947 Χριστὸς
2658 4879 2725 4931 δι’
2773 4881 2919 4950 ἡμᾶς
2953 4881 3048 4934 καὶ
3082 4882 3222 4953 ὑπὲρ
3252 4884 3410 4954 ἡμῶν
3441 4884 3633 4938 ἐαυτὸν
3663 4883 3926 4948 ἀντέταξε

2338 4965 2415 5036 τῷ
2440 4965 2604 5020 πάλαι
2633 4969 2915 5038 νικήσαντι
2947 4969 3177 5040 Σατανᾷ,
3206 4969 3576 5041 νενηστευκὼς
3608 4988 3669 5024 τε
3694 4973 3790 5024 καὶ
3816 4987 3928 5023 πει-

2340 5055 2641 5127 ραζόμενος
2676 5061 2735 5111 ἐν
2761 5061 2827 5129 τῇ
2861 5060 3075 5131 ἐρήμῳ,
3111 5061 3177 5113 ἵν’
3202 5063 3361 5133 ἡμεῖς
3403 5060 3617 5132 ἔχωμεν
3656 5061 3756 5133 τὴν
3789 5061 3924 5115 ἀνά-

2340 5163 2562 5211 παυσιν,
2594 5148 2983 5217 νενικημένον,
3022 5152 3114 5205 καὶ
3149 5153 3496 5216 πεπτωκότα,
3528 5152 3622 5205 καὶ
3656 5155 3767 5217 τοῖς
3797 5154 3925 5206 ἐαυ-

2336 5236 2444 5288 τῶν
2488 5237 2645 5290 ποσὶν
2666 5238 3091 5311 ὑπεστρωμένον
3123 5243 3363 5314 ὁρῶντες
3415 5243 3597 5298 αὐτόν.
3634 5244 3927 5313 Τοιγάρτοι

2336 5327 2428 5379 καὶ
2458 5327 2633 5396 ἔλεγε·
2692 5350 2709 5381 ι
2757 5330 2947 5400 Θλίψιν
2988 5333 3141 5403 ἔχετε
3174 5337 3231 5388 ἐν
3263 5333 3341 5405 τῷ
3370 5333 3580 5404 κόσμῳ,
3624 5333 3760 5387 ἀλλὰ
3791 5333 3925 5403 θαρ-

2339 5418 2516 5469 σεῖτε·
2575 5419 2685 5486 ἐγὼ
2738 5420 2995 5491 νενίκηκα
3048 5423 3140 5477 τὸν
3200 5424 3427 5494 κόσμον.
3468 5442 3485 5475 ι
3546 5426 3657 5477 Καὶ
3716 5425 3919 5477 πάλιν·

2344 5525 2360 5555 ι
2418 5507 2547 5560 Ἰδοὺ
2588 5508 2797 5563 δέδωκα
2844 5512 2972 5583 ὑμῖν
3013 5513 3261 5578 ἐξουσίαν
3293 5516 3483 5568 πατεῖν
3518 5515 3703 5568 ἐπάνω
3740 5514 3921 5582 ϐφεων

2334 5596 2424 5648 καὶ
2444 5599 2738 5668 σκορπίων,
2752 5603 2843 5656 καὶ
2858 5603 2947 5656 ἐπὶ
2966 5605 3142 5659 πᾶσαν
3160 5606 3258 5675 τὴν
3270 5606 3498 5675 δύναμιν
3509 5603 3602 5658 τοῦ
3632 5603 3879 5675 Ἐχθροῦ.
3896 5623 3912 5653 ι

3729 5801 3739 5828 ¹
3776 5800 3911 5855 Luc.

2556 5795 2598 5827 ν
2629 5796 2797 5850 Exod.
2834 5814 2975 5862 XXIV,
3018 5798 3067 5851 π.
3175 5802 3219 5832 9"
3252 5801 3523 5861 ’03:}.XVI,
3561 5798 3645 5851 55.
