4138 6300
216 223 435 279 583‘

937 218 1023 274 DE
1064 216 1505 275 ADORATIONE
1546 214 1613 271 IN
1667 211 1938 270 SPIRITU
1978 214 2066 269 ΕΤ
2108 216 2473 276 VERITATE.
2514 219 2643 275 LIB.
2685 221 2748 276 V.

3386 231 3491 289 586

220 341 453 408 Πρῶτος
504 340 612 413 7&9
667 338 735 393 δι’
778 338 930 410 ἡμᾶς
971 338 1068 392 καὶ
1123 337 1262 409 ὑπὲρ
1293 335 1450 407 ήμῶν
1485 332 1565 406 τῷ
1595 332 1792 402 Θανάτιι

1909 331 2070 388 nobis
2102 350 2228 389 cum
2261 347 2437 393 morte
2470 353 2814 410 congressus,
2853 340 3000 399 illius
3040 344 3261 415 quidem
3308 348 3483 420 impc-

221 431 571 505 προσϐαλὼν,
611 429 875 484 κατέλυσε
919 428 1018 500 μὲν
1041 429 1103 483 τὸ
1152 428 1360 483 ἐκείνου
1413 426 1634 497 κράτος,
1672 441 1808 481 κατ-

216 521 496 592 εσκέψατο
541 520 598 574 δὲ
638 520 772 590 ἡμῖν
803 517 903 589 τήν
950 518 1277 582 ἀνάπαυσιν,
1327 515 1683 583 ἀνακαινίσας
1728 514 1808 578 εἰς

219 608 554 681 ἀφθαρσίαν.
612 606 836 678 Πρῶτος
896 604 1143 676 εἰσῆλθεν
1185 607 1266 670 είς
1314 605 1407 659 τὸν
1454 604 1803 673 παράδεισον,

224 701 620 771 ἐκδυσωπήσας
648 697 748 769 μὲν
768 696 958 768 ὥσπερ
979 695 1079 767 τὴν
1107 695 1484 768 στρεφομένην
1508 692 1802 766 ῥομφαίαν,

221 793 540 863 ἀποστήσας
563 789 622 843 δὲ
654 787 812 858 ήμῶν
842 786 939 859 τὴν
965 786 1318 856 ἐξείργουσαν
1345 787 1636 857 ἁμαρτίαν.
1684 785 1805 837 Ἐκ-

214 884 402 939 τέτικε
437 882 545 953 7&9
573 881 734 944 αὐτὸς
762 880 903 951 ὑπὲρ
932 878 1090 950 ἡμῶν
1119 878 1188 932 τὰ
1208 879 1568 950 ὀφειλήματα,
1597 877 1692 931 καὶ
1722 875 1800 947 τῷ

223 974 457 1046 μώλωπι
480 971 647 1028 αὐτοῦ
670 974 830 1043 ἡμεῖς
860 971 1115 1041 ίάθημεν,
1145 970 1288 1025 κατὰ
1310 970 1370 1023 τὸ
1394 969 1799 1041 γεγραμμένον.

224 1067 449 1139 Πρῶτος
467 1065 575 1136 7&9
605 1064 773 1132 ἀνέϐη
800 1063 937 1136 πρὸς
961 1063 1054 1115 τὸν
1080 1062 1298 1134 Πατέρα
1327 1062 1421 1115 καὶ
1445 1061 1597 1126 Θεὸν,
1623 1062 1815 1129 ἐγκαι-¹

221 1161 389 1225 νίζων
415 1161 548 1231 ἡμῖν
577 1158 677 1227 τήν
702 1157 816 1211 ἄνω
847 1155 1093 1226 πορείαν,
1137 1155 1230 1208 καὶ¹
1260 1152 1672 1225 προετοιμάζων
1702 1153 1801 1217 τὰς

214 1253 347 1305 ἂνω
393 1249 577 1321 μονάς.
626 1248 915 1318 Τοιγάρτοι
966 1246 1062 1300 καὶ
1106 1244 1345 1314 ἔφασκε·
1393 1264 1412 1296 ι
1454 1244 1798 1316 Πορεύσομαι

216 1341 314 1395 καὶ
359 1340 633 1411 ἑτοιμάσω
676 1338 841 1392 τόπον
868 1337 1016 1407 ὑμῖν.
1052 1355 1068 1387 ι
1117 1334 1561 1407 Προανετυπυῦτο
1610 1335 1673 1407 δὴ
1707 1331 1799 1389 οὖν

214 1432 293 1496 ὡς
325 1431 383 1485 εν
414 1449 479 1500 γε
516 1433 582 1503 τῇ
609 1428 826 1500 κιϐωτῷ
853 1428 1089 1501 Χριστός
1111 1443 1125 1458 ·
1154 1424 1556 1482 κατεσκεύαστο
1593 1425 1702 1498 γὰρ
1732 1428 1797 1480 ἐκ

218 1523 392 1591 ξύλων
426 1526 682 1595 ἀσήπτων
711 1521 919 1590 ἐκείνη,
957 1521 1053 1575 καὶ
1081 1518 1173 1573 τδν
1206 1519 1349 1573 θεῖον
1381 1520 1439 1572 ὲν
1464 1518 1630 1589 ἑαυτῇ
1662 1535 1794 1572 κατ-

216 1616 459 1682 επύκαζε
483 1616 664 1687 νόμον,
685 1617 744 1679 ὃς
768 1615 883 1668 ἐστι
907 1613 1078 1682 Λόγος
1099 1610 1256 1666 Θεοῦ.
1281 1610 1438 1675 Ἰδοις
1460 1610 1504 1663 δ’
1531 1609 1597 1663 ἂν
1623 1608 1796 1675 τούτῳ

216 1708 557 1781 προσεοικὸς,
586 1708 648 1761 τὸ
682 1707 776 1760 ἐπὶ
804 1704 1044 1777 Χριστοῦ
1078 1705 1393 1776 μυστήριον.
1429 1701 1560 1765 Θεὸς
1585 1701 1694 1772 γὰρ
1725 1696 1793 1771 ἦν

213 1806 243 1856 ὁ
272 1803 444 1871 Λόγος
494 1802 552 1855 ἐν
583 1800 845 1873 ἀφθάρτῳ
873 1797 988 1867 ναῷ
1012 1797 1110 1870 (i).
1142 1795 1352 1850 Οὐκοῦν
1380 1790 1733 1866 προεϐάδιζεν
1757 1794 1790 1861 ή
1836 1874 1845 1881 ι

215 1894 451 1959 κιῦωτδς
471 1891 924 1963 κατασκεψομένη
951 1892 1064 1954 τοῖς
1091 1888 1149 1956 ἐξ
1194 1886 1411 1959 Ἰσραὴλ
1429 1885 1527 1956 τήν
1555 1884 1795 1939 ἀνάπαυ-

214 2004 323 2041 σιν.
369 1984 693 2057 Προϐαδίζει
732 1984 791 2037 δὲ
823 1983 919 2037 καὶ
945 1980 1105 2053 ήμῶν
1141 1981 1171 2033 ὁ
1202 1978 1435 2052 Χριστὸς
1486 1976 1626 2031 κατὰ
1667 1976 1793 2041 τοὺς

211 2077 418 2150 ἀρτίως
462 2078 596 2148 ήμίν
645 2073 966 2146 εἰρημένους
1002 2071 1274 2143 τρόπους’
1316 2070 1412 2123 καὶ
1458 2069 1595 2135 πρός
1635 2083 1699 2136 γε
1728 2067 1792 2141 δή

209 2168 387 2239 τούτῳ
418 2167 517 2239 τὴν
572 2167 792 2238 μεσίτου
824 2164 1016 2237 χρείαν
1048 2161 1402 2233 ἀποπληρῶν,
1444 2159 1793 2231 παράκλητος

213 2260 422 2329 γίνεται
465 2259 604 2331 πρὸς
648 2258 740 2312 τὸν
784 2257 1020 2329 Πατέρα,
1061 2258 1155 2312 καὶ
1185 2255 1411 2326 ίλασμὸς
1434 2253 1572 2324 ὑπὲρ
1608 2251 1789 2324 ήμῶν,

217 2353 356 2408 καθὰ
406 2353 503 2408 καὶ
549 2352 713 2407 πάλαι
738 2351 944 2422 Μωσῆς
971 2367 984 2381 ·
1015 2350 1074 2413 ὃς
1108 2350 1165 2403 ἐν
1195 2349 1292 2419 μὲν
1320 2346 1397 2418 τῷ
1429 2346 1666 2418 ἐξαίρειν
1695 2344 1792 2416 τὴν

216 2445 444 2499 κιϐωτὸν
490 2443 760 2514 ἔφασκεν·
816 2461 833 2493 ι
883 2438 1249 2510 Ἐξεγέρθητι,
1296 2437 1499 2509 Κύριε,
1534 2436 1793 2506 διασκορ-

211 2536 566 2608 πισθήτωσωδ
622 2536 670 2588 οί
708 2533 892 2605 ἐχθροί
949 2550 1064 2597 σου,
1119 2530 1440 2600 φυγέτωσαν
1493 2528 1692 2592 πάντες
1740 2528 1791 2581 oi

214 2629 505 2700 μισοῦντές
559 2644 618 2681 σε
649 2642 665 2658 ο
708 2647 726 2676 ι
793 2629 850 2679 ἐν
891 2624 949 2679 δὲ
992 2623 1071 2693 τῷ
1116 2618 1453 2676 καταπαύειν
1491 2635 1506 2650 ’
1555 2638 1573 2671 ι
1640 2618 1789 2672 Ἐπί-

212 2734 435 2790 στρεφε,
468 2716 662 2788 Κύριε,
695 2714 937 2787 χιλιάδας
969 2713 1233 2785 μυριάδας
1277 2711 1335 2764 ἐν
1375 2709 1451 2780 τῷ
1496 2709 1729 2780 Ἰσραήλ.
1766 2727 1784 2760 ι

214 2813 344 2864 Ὅτε
377 2810 488 2883 γὰρ
512 2810 805 2880 ἐγήγερται
838 2805 976 2878 πρὸς
1003 2804 1324 2875 ἐπικουρίαν
1369 2801 1525 2873 ἡμῶν
1562 2803 1590 2855 ὁ
1620 2802 1792 2855 Μονο-

212 2901 377 2973 γενὴς
421 2901 516 2954 καὶ
573 2903 601 2953 ὁ
643 2899 809 2953 πάλαι
859 2896 1035 2966 λέγων
1079 2896 1167 2950 διὰ
1199 2898 1298 2965 τῆς
1345 2894 1437 2948 τοῦ
1484 2892 1792 2957 Ψάλλοντος

1911 422 2055 479 rium
2102 426 2371 494 dissolvit,
2404 430 2566 485 nobis
2607 447 2740 487 vero
2776 434 3024 503 requiem
3063 437 3321 505 providit,
3358 456 3485 495 cum

1907 516 1974 571 ad
2013 518 2478 577 immortalitatem
2528 538 2629 578 nos
2677 537 3015 582 renovasset.
3052 528 3268 583 Primus
3300 531 3354 585 in
3384 547 3482 601 pa-

1907 606 2150 663 radisum
2181 610 2447 676 introivit,
2479 628 2606 667 cum
2639 613 2810 669 veluti
2837 615 3087 671 cohibuit
3118 617 3263 671 illam
3296 634 3481 673 versa-

1907 698 2058 753 tilem
2106 700 2458 770 romphteam,
2515 714 2911 775 peccatumque
2979 722 3011 761 a
3054 708 3216 763 nobis
3259 711 3481 774 avertit,

1905 788 2053 858 quod
2092 805 2191 845 nos
2228 791 2297 845 ab
2340 792 2588 862 ingressu
2640 795 2971 865 prohibebat
3003 815 3016 849 :
3055 799 3289 855 exsolvit
3332 801 3480 855 enim

1904 879 2021 949 ipse
2052 895 2149 950 pro
2207 881 2369 938 nobis
2415 883 2599 939 debita
2631 925 2646 950 ,
2678 896 2735 941 et
2789 886 2960 941 livore
3002 888 3122 959 ejus
3170 890 3343 944 sanati
3383 904 3478 944 su-

1902 982 2026 1021 mus
2050 970 2093 1032 ²,
2125 968 2268 1023 sicut
2303 970 2568 1040 scriptum
2597 983 2699 1028 est.
2741 974 2959 1030 Primus
2996 977 3242 1033 ascendit
3274 978 3342 1033 ad
3374 978 3479 1033 Ριι-⁸

1901 1066 2043 1112 trem
2080 1068 2135 1113 et
2169 1060 2362 1124 Deum,
2389 1076 2515 1115 cum
2548 1078 2808 1133 superum
2848 1064 3000 1118 illum
3034 1064 3343 1141 ingressum
3374 1083 3479 1122 no-
3512 1136 3517 1145 ⁸

1901 1147 1987 1202 bis
2016 1147 2272 1216 initiavit,
2305 1160 2360 1206 et
2392 1166 2658 1221 supernas
2698 1153 2819 1208 illas
2855 1156 3169 1211 mansiones
3204 1173 3477 1228 praepara-

1899 1241 1998 1298 vit.
2026 1243 2214 1315 Itaque
2250 1246 2416 1300 etiam
2456 1245 2673 1302 dicebat
2705 1264 2717 1299 :
2761 1267 2778 1297 ι
2814 1247 3038 1313 Vadam,
3072 1258 3128 1304 et
3159 1251 3480 1319 praeparabo

1898 1334 2078 1389 locum
2102 1335 2261 1391 vobis
2281 1336 2319 1389 ⁸.
2357 1356 2373 1388 ι
2408 1335 2866 1408 Praaligurabatur
2890 1339 3057 1409 igitur
3084 1339 3139 1393 in
3167 1355 3294 1394 arca
3319 1330 3507 1396 Chri-y

1899 1437 2017 1482 stus
2050 1445 2061 1478 :
2093 1438 2366 1483 exstructa
2397 1430 2542 1483 enim
2574 1439 2694 1485 erat
2728 1429 2821 1485 illa
2860 1445 2929 1484 ex
2966 1431 3127 1501 lignis
3160 1432 3475 1502 imputribi-

1896 1518 2060 1585 libus,
2097 1519 2447 1592 divinamque
2492 1522 2666 1593 legem
2725 1522 2781 1578 in
2836 1539 2893 1578 se
2942 1525 3179 1594 tegcbat,
3221 1541 3341 1596 quae
3392 1538 3478 1582 est

1896 1609 2135 1664 Verbum
2179 1612 2297 1667 Dei.
2328 1613 2527 1670 Videre
2574 1624 2758 1670 autem
2807 1614 2935 1671 licet
2985 1615 3120 1671 illud
3163 1616 3219 1671 in
3256 1617 3480 1674 Christo

1894 1703 2237 1773 mysterium,
2273 1719 2398 1759 cum
2450 1705 2555 1761 hac
2594 1721 2812 1779 quoque
2856 1722 2916 1761 re
2957 1722 3280 1778 congruere.
3329 1709 3477 1763 Deus

1894 1793 2040 1848 enim
2061 1795 2299 1850 Verbum
2326 1806 2444 1852 erat
2469 1796 2530 1853 in
2560 1797 2964 1870 incorruptibili
2991 1799 3213 1870 templo.
3243 1800 3477 1857 Prteibat

1895 1884 2062 1956 igitur
2093 1903 2218 1942 arca
2261 1889 2549 1957 provisura
2604 1890 2733 1946 ﬁliis
2780 1892 2947 1947 Israel
2999 1891 3281 1963 requiem;
3322 1894 3475 1962 praeit

1893 1976 2060 2031 etiam
2086 1993 2188 2033 nos
2214 1978 2487 2045 Christus,
2523 1980 2591 2035 iis
2621 1981 2799 2036 modis
2826 1998 2967 2052 quos
2998 1983 3163 2039 modo
3190 1983 3429 2040 diximus
3458 2002 3471 2038 :

1893 2083 1958 2122 ac
1986 2079 2272 2139 propterea
2303 2072 2619 2127 mediatoris
2655 2089 2855 2129 munus
2892 2074 3145 2145 implens,
3176 2075 3479 2132 advocatus

1895 2159 1954 2215 Iit
1982 2161 2125 2231 apud
2154 2162 2391 2228 Patrem,
2425 2179 2489 2218 ac
2524 2163 2841 2234 propitiatio
2865 2182 2965 2235 pro
2987 2167 3149 2222 nobis
3175 2167 3229 2234 ‘;
3259 2177 3321 2222 ut
3341 2167 3474 2223 olim

1893 2268 2111 2323 quoque
2146 2252 2376 2324 Moyses,
2403 2257 2520 2325 qui,
2547 2255 2677 2310 dum
2715 2257 3160 2327 proﬁcisceretur
3195 2278 3345 2327 arca,
3385 2258 3473 2313 di-

1893 2343 2053 2398 cebat
2085 2361 2097 2397 :
2134 2363 2152 2394 ι
2196 2345 2460 2416 Exsurge,
2488 2347 2741 2413 Domine,
2770 2348 3342 2420 dissipenturinimici
3367 2360 3471 2423 tui,

1893 2446 1950 2491 et
1992 2437 2201 2508 fugiant
2248 2455 2459 2503 omnes,
2505 2440 2599 2510 qui
2654 2440 2892 2495 oderunt
2937 2449 2988 2495 te
3014 2443 3053 2496 '.
3088 2462 3106 2494 ι
3155 2443 3294 2499 Cum
3339 2464 3474 2502 vero

1893 2529 2304 2600 deponeretur:
2343 2550 2359 2581 ι
2389 2529 2681 2598 Converte,
2724 2532 2973 2598 Domine,
3013 2535 3158 2589 mille
3200 2537 3473 2608 myriadas

1893 2621 1951 2701 in
1976 2620 2141 2676 Israel
2165 2622 2206 2674 '.
2243 2641 2260 2671 ι
2290 2620 2428 2676 Cum
2467 2621 2614 2675 enim
2656 2624 2964 2677 exsurrexit
2989 2622 3056 2677 ad
3083 2640 3185 2680 nos
3209 2625 3472 2696 adjuvan-

1892 2713 1991 2767 dos
2023 2713 2113 2768 ille
2144 2712 2470 2785 Unigenitus
2520 2712 2615 2782 qui
2659 2713 2790 2767 olim
2830 2714 3119 2770 Psallentis
3152 2732 3287 2772 voce
3317 2717 3471 2773 dicc-

1892 2804 2024 2861 bat:
2060 2825 2078 2856 ι
2110 2805 2337 2875 P'r0ptcr
2361 2804 2638 2859 miseriam
2666 2804 2910 2874 inopum,
2935 2814 2992 2860 et
3026 2808 3291 2877 gemitum
3331 2824 3469 2878 pau-

1891 2914 2108 2969 perum,
2151 2913 2300 2952 nunc
2342 2912 2652 2967 exsurgam,
2704 2896 2839 2951 dicit
2878 2898 3143 2954 Dominus
3173 2900 3228 2967 ’ς
3270 2920 3289 2953 ι
3341 2909 3473 2957 tunc

216 2995 422 3063 φωνῆς·
460 3013 479 3043 ι
527 2991 663 3045 Ἀπὸ
708 2991 806 3059 τῆς
841 2987 1216 3059 ταλαιπωρίας
1267 2985 1377 3040 τῶν
1423 2984 1653 3055 πτωχῶν
1697 2985 1791 3038 καὶ

1893 2991 2211 3046 ceciderunt
2254 2990 2459 3053 hostes,
2489 3003 2553 3042 ac
2595 2987 2872 3057 fugerunt,
2900 2991 2995 3060 qui
3038 2991 3473 3050 adversabantur

214 3083 306 3138 τοῦ
336 3081 637 3154 στεναγμοῦ
667 3081 773 3136 τῶν
797 3082 1046 3151 πενήτων
1078 3077 1171 3131 νῦν
1216 3079 1611 3147 ἀναστήσομαι,
1640 3075 1786 3145 λέγει

211 3176 417 3250 Κύριος
436 3192 450 3205 ο
477 3195 494 3227 ι
525 3175 647 3229 τότε
664 3172 1011 3228 πεπτώκασιν
1035 3174 1083 3226 οἱ
1109 3171 1312 3243 ἐχθροὶ,
1341 3174 1433 3224 καὶ
1452 3169 1788 3239 πεφεύγασιν

206 3268 258 3321 oi
302 3265 700 3336 ἀνθεστηκότες
741 3263 836 3318 καὶ
886 3264 951 3334 τῇ
994 3262 1115 3334 θείᾳ
1151 3262 1274 3333 δόξῃ
1321 3262 1637 3334 μαχόμενοι.
1682 3263 1787 3316 Τε-

209 3359 550 3434 οριάμϐευκε
582 3358 692 3430 7&9
742 3358 800 3411 ἐν
843 3357 922 3429 τῷ
955 3354 1175 3428 σταυρῷ
1218 3355 1391 3426 ἀρχάς
1420 3372 1480 3407 τε
1511 3355 1606 3408 καὶ
1638 3352 1787 3421 ἐξουέ

207 3453 362 3515 σίας·
411 3452 509 3505 καὶ
544 3451 897 3522 κατήργηκεν
940 3448 1228 3504 ἀποθανὼν
1279 3448 1369 3501 τὸν
1402 3447 1638 3518 ἄρχοντα
1688 3445 1782 3500 τοῦ

205 3543 404 3606 αἰῶνος
444 3542 659 3606 τούτου,
695 3541 837 3595 κατὰ
863 3539 926 3594 τὸ
961 3540 1379 3611 γεγραμμένον·
1427 3538 1787 3602 καταπαύσας

202 3636 259 3689 δὲ
284 3634 442 3689 ὥσπε
453 3651 503 3706 ρ,
534 3635 629 3709 καὶ
644 3636 723 3698 είς
741 3633 894 3697 τέλος
915 3631 1176 3700 ἐνεγκὼν,
1203 3630 1302 3701 τὴν
1333 3630 1458 3701 ὅλην
1479 3632 1786 3701 οἰκονομίαν

200 3726 291 3780 διὰ
323 3725 427 3796 τῆς
467 3725 814 3788 ἀναστάσεως
843 3726 944 3795 τῆς
983 3726 1046 3776 ἐκ
1078 3722 1287 3793 νεκρῶν
1312 3723 1405 3774 καὶ
1432 3722 1655 3793 πορείας
1686 3721 1787 3791 τῆς

202 3818 286 3882 είς
314 3817 381 3870 τὸ
414 3816 530 3871 άνω
574 3817 707 3887 πρὸς
736 3816 825 3869 τὴν
856 3814 1109 3886 Πατέρα,
1142 3815 1322 3868 πᾶσαν
1352 3813 1654 3884 ἐπέστρεψε
1688 3814 1788 3885 τὴν

204 3908 331 3980 γῆν,
365 3909 462 3962 καὶ
498 3907 673 3978 χιλίας
697 3906 964 3978 μυριάδας
999 3905 1127 3969 τοὺς
1159 3904 1321 3968 ἰδίους
1349 3907 1584 3958 ἐποιεῖτο
1621 3921 1787 3976 προσ-

204 3999 512 4070 κυνητάςί
544 3998 711 4052 Ὅταν
743 3996 872 4067 7&9,
909 3995 1165 4066 ἔφασκεν,
1215 3995 1416 4066 ὑψωθῶ
1442 3998 1507 4049 ἐκ
1535 3997 1633 4067 τῆς
1659 3996 1785 4067 γῆς,

206 4092 418 4155 πάντας
445 4088 660 4143 ἑλκύσω
691 4090 827 4159 πρὸς
864 4088 1118 4160 ἐμαυτόν.
1172 4108 1191 4140 ι
1229 4087 1439 4142 Ούκοῦν
1473 4090 1506 4159 ή
1543 4088 1787 4154 Μωσέως

209 4182 341 4252 εὐχὴ
383 4180 554 4243 τύπος
585 4179 650 4233 ἂν
682 4182 767 4249 εἴη
797 4180 892 4249 τῆς
933 4180 1205 4251 μεσιτείας
1244 4178 1502 4250 Χριστοῦ,
1536 4181 1677 4234 κατά
1723 4198 1786 4250 γε

208 4272 269 4325 τὸ
304 4273 493 4344 σχῆμα
535 4273 596 4326 τὸ
645 4271 1005 4343 ἀνθρώπινον,
1057 4272 1352 4342 εὐχομένου
1408 4289 1467 4324 τε
1513 4274 1604 4325 καὶ
1635 4273 1785 4338 ἐξαι-

1887 3091 1945 3139 et
1979 3082 2244 3137 adversus
2286 3082 2383 3137 Dei
2429 3082 2658 3153 gloriam
2704 3081 3043 3152 pugnabant.
3087 3083 3472 3155 Triumphavit

1887 3175 2035 3231 enim
2064 3175 2119 3230 in
2150 3190 2312 3230 cruce
2350 3175 2691 3245 principatus
2717 3182 2774 3228 et
2808 3182 3105 3243 potestates
3127 3175 3190 3238 τ’,
3218 3190 3283 3229 ac
3320 3191 3469 3230 mor-

1889 3272 2016 3320 tuus
2059 3264 2327 3319 destruxit
2358 3263 2663 3334 principem
2708 3262 2893 3317 saeculi
2928 3262 3112 3333 hujus,
3148 3261 3289 3317 sicut
3329 3265 3467 3318 scri-

1889 3366 2042 3428 ptum
2067 3364 2152 3413 est
2181 3374 2194 3410 :
2222 3372 2305 3419 ac,
2334 3356 2510 3426 posita
2537 3353 2940 3425 quodammodo
2973 3363 3030 3409 et
3061 3353 3128 3409 ad
3153 3352 3317 3409 ﬁnem
3345 3371 3469 3426 pcr-

1888 3450 2051 3506 ducta
2114 3457 2226 3506 tota
2277 3447 2690 3518 dispensatione
2735 3461 2836 3517 per
2882 3447 3343 3502 resurrectionem
3402 3462 3470 3502 ex

1879 3539 2141 3603 mortuis,
2168 3548 2224 3593 et
2261 3553 2548 3594 ascensum
2575 3538 2629 3591 in
2658 3539 2855 3593 coelum
2883 3538 2951 3592 ad
2978 3538 3215 3602 Patrem,
3242 3539 3469 3593 univer-

1889 3646 2004 3685 sam
2031 3639 2229 3685 terram
2257 3628 2551 3693 convertit,
2578 3635 2633 3683 et
2659 3628 2807 3682 mille
2833 3627 3109 3699 myriadas
3135 3643 3264 3682 suos
3286 3628 3471 3683 ell‘ecit

1888 3722 2242 3777 adoratores:
2277 3720 2439 3777 «Cum
2453 3719 2653 3785 enim,»
2688 3718 2956 3784 dicebat,«
2985 3719 3253 3774 exaltatus
3270 3719 3470 3775 fueroa

1891 3821 2056 3878 terra,
2081 3828 2274 3868 omnes
2301 3812 2511 3867 traham
2539 3810 2608 3865 ad
2645 3826 2732 3865 me
2758 3810 2939 3880 ipsum
2963 3809 3004 3864 ⁸.
3042 3829 3059 3860 ι
3110 3809 3270 3881 159
3300 3810 3472 3881 Igitur

1892 3905 1980 3959 illa
2008 3904 2178 3976 Moysi
2205 3902 2383 3959 oratio
2423 3917 2535 3956 non
2570 3900 2808 3957 absurde
2844 3899 3016 3971 ﬁgura
3050 3900 3471 3957 interventionis

1887 3998 2092 4055 Christi
2134 3998 2322 4062 fuerit,
2363 4012 2488 4051 cum
2534 4011 2602 4051 ex
2644 3995 2887 4050 humano
2935 3993 3125 4048 habitu
3172 3994 3331 4050 nobis
3380 4009 3472 4048 res

1887 4090 2331 4163 praeclarissimas
2366 4106 2397 4144 a
2436 4090 2550 4143 Deo
2589 4097 2645 4143 et
2680 4088 2840 4142 Patre
2865 4093 2983 4141 orat
3011 4102 3075 4141 ac
3102 4087 3361 4157 postulat.
3400 4088 3470 4142 Ut

1888 4192 2036 4248 enim
2070 4190 2266 4244 beatus
2301 4187 2541 4243 Joannes
2580 4184 2659 4238 ait
2691 4202 2704 4237 :
2755 4202 2773 4234 ι
2812 4183 3153 4238 Advocatum
3202 4182 3471 4237 habemus

1891 4282 2035 4353 apud
2060 4281 2299 4343 Patrem,
2326 4278 2511 4331 Jesutn
2538 4274 2822 4330 Christum
2860 4276 3071 4344 justum
3097 4289 3112 4338 ;
3152 4281 3208 4326 et
3246 4273 3359 4342 ipse
3385 4281 3471 4325 est

210 4365 425 4428 τοῦντος
448 4367 582 4437 ήμῖν
624 4365 693 4417 τα
714 4364 972 4419 κάλλιστα
996 4363 1145 4434 παρὰ
1166 4362 1258 4416 τοῦ
1280 4362 1413 4415 Θεοῦ
1437 4364 1530 4416 καὶ
1550 4364 1780 4434 Πατρός.

1893 4370 2208 4442 propitiatio
2261 4383 2361 4438 pro
2414 4365 2654 4435 peccatis
2690 4364 2922 4428 nostris;
2959 4378 3071 4416 non
3117 4377 3217 4432 pro
3268 4362 3472 4424 nostris

220 4457 310 4519 Ὡς
337 4455 496 4526 γὰρό
539 4455 822 4520 θεσπέσιος
865 4455 1116 4525 Ἰωάννης
1165 4455 1333 4525 φησί·
1376 4472 1394 4506 ι
1433 4455 1789 4525 Παράκλητον

211 4547 408 4619 ἔχομεν
459 4547 596 4620 πρὸς
642 4547 731 4602 τὸν
782 4548 1001 4618 Πατέρα
1044 4545 1252 4616 Ἰησοῦν
1280 4528 1514 4616 Χριστὸν
1557 4546 1785 4614 δίκαιον,

211 4641 307 4694 καὶ
335 4640 496 4705 αὐτὸς
524 4641 750 4712 ἱλασμός
773 4642 889 4694 ἐστι
911 4639 1036 4711 περὶ
1061 4640 1168 4693 τῶν
1194 4639 1477 4711 ἁμαρτιῶν
1510 4640 1691 4710 ήμῶν,
1725 4642 1788 4694 οὐ

207 4735 341 4806 περὶ
389 4733 496 4787 τῶν
533 4735 817 4806 ἡμετέρων
852 4733 909 4787 δὲ
945 4733 1124 4804 μόνον,
1161 4731 1295 4785 ἀλλὰ
1340 4732 1435 4786 καὶ¹
1484 4733 1624 4804 ὑπὲρ
1664 4732 1785 4788 ὅλου

202 4826 302 4879 τοῦ
336 4826 565 4896 κόσμου.
606 4845 625 4876 ι
660 4826 770 4880 Καὶ
800 4826 1021 4896 προσέτι
1053 4824 1212 4879 πάλιν
1252 4825 1413 4879 αὐτὸν
1439 4824 1633 4895 ἔχομεν
1663 4842 1786 4879 σκε-

203 4920 444 4990 παστὴν,
474 4918 548 4981 ὡς
575 4919 632 4971 ἐν
671 4920 736 4989 τῇ
763 4918 960 4989 νεφέλῃ
988 4919 1056 4987 τῇ
1092 4915 1534 4989 κατασκιαζούσῃ
1563 4915 1785 4986 νοούμε-

202 5027 316 5064 νον.
364 5008 636 5063 Ἀκουέτω
683 5009 791 5080 γὰρ
839 5010 867 5061 ὁ
907 5008 1086 5060 πίστει
1127 5009 1192 5077 τῇ
1226 5007 1305 5069 εἰς
1335 5006 1495 5060 αὐτὸν
1543 5005 1785 5059 δικαιού-

204 5117 406 5172 μενος’
462 5121 480 5152 ι
538 5100 779 5171 Ἡμέρας
831 5100 982 5170 ἥλιος
1023 5099 1084 5151 ού
1135 5099 1432 5169 συγκαύσει
1482 5116 1563 5162 σε,
1596 5098 1783 5169 οὐδὲή

202 5195 409 5264 σελήνη
449 5192 547 5263 τὴν
583 5191 774 5247 νύκτα.
816 5211 835 5243 ι
882 5192 1153 5245 Φάσκουσι
1187 5192 1243 5244 δὲ
1295 5190 1386 5245 καί
1437 5208 1582 5253 τινες
1629 5191 1686 5241 ἐν
1715 5192 1781 5260 τῇ

198 5291 313 5345 τῶν
342 5289 552 5362 μισθῶν
581 5290 829 5359 διανομῇ,
854 5288 994 5341 κατὰ
1016 5287 1113 5357 τήν
1149 5287 1508 5357 εύαγγελικὴν
1536 5285 1780 5357 παραϐο-

272 5449 294 5477 ²
324 5447 427 5501 lsa.
464 5462 574 5505 ι.ιιι,
608 5446 660 5497 ἴί.

204 5534 275 5579 ιι,
310 5518 393 5572 ίὲι.
452 5516 475 5546 ⁸
504 5516 662 5569 .laan.
698 5529 789 5575 xu,
814 5514 900 5564 52.

765 5444 784 5474 ³
817 5444 971 5497 Joan.
1021 5458 1128 5499 xxv.
1162 5441 1215 5494 2.
1293 5442 1311 5470 ⁸
1353 5442 1369 5493 I
1402 5442 1557 5496 Jonn.
1596 5456 1653 5501 ιι,
1692 5441 1742 5495 l.
1821 5443 1841 5473 ⁵
1888 5441 2047 5494 Num.
2084 5454 2135 5495 κ,
2180 5437 2269 5490 55.

978 5515 1015 5543 ⁸·
1048 5513 1064 5563 l
1095 5512 1250 5564 Joan.
1280 5526 1336 5572 ιι,
1372 5511 1415 5561 l.
1492 5513 1511 5542 ⁹
1553 5512 1691 5564 Psal.
1733 5528 1853 5572 αττ,
1882 5511 1935 5564 6.
2017 5509 2056 5539 ¹⁰
2088 5507 2277 5561 Matth.
2312 5522 2398 5569 xx,
2434 5506 2513 5556 12.

1890 4471 2074 4517 autem
2123 4468 2359 4523 tantum,
2406 4457 2502 4512 sed
2555 4456 2721 4511 etiam
2768 4470 2869 4525 pro
2911 4454 3078 4523 totius
3123 4452 3360 4516 mundi”
3388 4492 3402 4506 .
3445 4472 3463 4504 ι

1890 4556 2157 4610 Praeterea
2205 4553 2385 4620 ipsum
2440 4549 2707 4604 habemus
2754 4554 3143 4616 protectorem,
3175 4553 3238 4600 ut
3280 4544 3372 4615 qui
3412 4546 3470 4614 in

1887 4646 2036 4701 nube
2077 4642 2437 4698 adumbrantc
2477 4639 2855 4710 intelligatur:
2888 4636 3076 4691 audiat
3106 4638 3252 4692 enim
3299 4637 3345 4692 is
3374 4636 3471 4707 qui

1891 4733 1997 4789 ﬁde
2037 4746 2199 4802 quam
2242 4730 2296 4784 in
2334 4730 2485 4783 illum
2523 4726 2691 4782 habet
2717 4725 3093 4796 justiﬁeatur:
3144 4745 3160 4776 ι
3189 4725 3293 4781 Per
3324 4725 3472 4780 diem

1891 4826 1971 4880 sol
2009 4840 2119 4879 non
2165 4831 2291 4877 uret
2327 4830 2400 4885 te,
2445 4835 2622 4889 neque
2662 4819 2791 4872 luna
2837 4834 2938 4887 per
2975 4826 3191 4873 noctem
3219 4818 3262 4872 ⁹.
3301 4837 3319 4869 ι
3374 4817 3471 4872 Di-

1892 4926 2024 4974 cunt
2069 4916 2235 4971 etiam
2269 4914 2491 4984 quidam
2536 4911 2592 4964 in
2632 4911 2722 4964 illa
2757 4909 3058 4964 secundum
3101 4909 3470 4979 evangelicam

1892 5009 2208 5080 parobolam
2245 5005 2637 5062 distributione
2681 5000 2973 5065 mercedis,
3022 5019 3041 5051 ι
3074 4999 3184 5054 Nos
3224 5000 3469 5068 portavi-

1894 5117 2017 5156 mus
2051 5099 2268 5170 pondus
2305 5096 2415 5151 diei
2441 5104 2498 5150 et
2524 5102 2718 5150 aestum
2752 5093 2792 5124 ¹⁰
2820 5110 2833 5146 :
2868 5111 2886 5143 ›
2923 5090 3330 5151 vehementem,
3362 5085 3469 5139 nisi

1892 5191 2071 5255 fallor,
2097 5198 2152 5245 ct
2179 5203 2357 5243 acrem
2387 5186 2738 5241 efferatarum
2762 5182 3124 5251 voluptatum,
3150 5186 3246 5232 aut
3278 5177 3470 5230 fortas-

1894 5284 1968 5337 sis
2001 5282 2165 5337 etiam
2205 5279 2569 5335 tentalionum
2604 5278 2715 5332 vim
2754 5276 2822 5330 ad
2853 5272 3145 5335 urendum,
3174 5278 3365 5325 aestum
3408 5283 3471 5322 ac

2350 5435 2369 5464 ⁸
2403 5434 2535 5486 ἰιιίιι.
2570 5434 2657 5488 36.
2738 5434 2755 5462 ⁷
2791 5430 2929 5485 Psal.
2968 5444 3040 5492 ιιι,
3074 5427 3126 5482 6.
3207 5424 3463 5481 "Coloss.

268 5658 348 5732 (ι)
379 5653 517 5712 Cod.
552 5652 697 5713 V'at.,
732 5650 871 5713 θεῖος
903 5649 1010 5720 γὰρ
1039 5644 1104 5720 ἦν
1145 5651 1169 5702 ό
1201 5649 1368 5717 Λόγος
1408 5649 1464 5701 ὲν
1497 5649 1771 5719 ἀφθαρσίᾳ
1814 5648 1908 5702 καὶ
1943 5648 2055 5718 ἰδίῳ
2085 5646 2219 5717 ναῷ.
