4138 6300
651 293 756 352 387

1679 277 1734 333 S.
1778 269 2054 332 CYRlLLl
2091 264 2559 323 ALEXANDRINI
2601 260 2918 318 ARCHIEP.

3811 249 3913 306 588

655 407 767 465 diei
794 403 1010 476 pondus
1035 397 1374 470 appellantes
1401 411 1414 448 :
1442 391 1658 464 adjutor
1681 389 1848 459 igitur
1876 395 1930 440 ct
1957 388 2234 454 protector
2262 430 2263 435 η

2367 378 2454 449 ήνο
2497 395 2516 428 ι
2569 375 2762 445 Ἡμεῖς
2809 366 3187 438 ἑϐαστάσαμεν
3228 365 3290 419 rb
3319 364 3509 476 βάροςΊΓ
3525 364 3628 436 τῆς
3681 364 3912 434 ἡμέρας,

656 501 715 554 in
758 475 990 552 salutem
1033 491 1211 546 factus
1251 496 1335 543 est
1383 484 1548 539 nobis
1597 481 1867 538 Christus.
1911 475 2233 542 Quicunque

657 590 824 661 igitur
855 595 1212 657 posteaquam
1249 580 1348 634 Dei
1391 584 1615 647 aspectu
1650 570 1854 644 dignati
1886 578 2034 633 sunt,
2061 581 2126 621 ac
2155 565 2238 620 di-

2335 466 2430 519 καὶ
2491 463 2582 516 τὸν
2636 461 2925 524 καύσωνα,
2987 477 3007 510 ›
3059 457 3119 512 τὸ
3181 456 3408 528 σφοδρὸν
3457 449 3614 525 οἶμαί
3670 468 3772 508 που
3823 453 3921 506 καὶ

2334 557 2569 624 ἀκμαῖον
2602 556 2683 617 εἰς
2731 553 2999 624 πύρωσιν,
3037 549 3148 603 τῶν
3194 548 3254 614 ἐξ
3283 548 3595 603 άτιθάσσων
3633 544 3858 616 ἡδονῶν,
3881 545 3919 617 ἢ

657 637 672 646 .
714 637 813 644 --__
857 637 1082 657 τηηηι
1455 637 1471 647 _
1710 637 1735 644 ν

655 637 812 736 vlinas
835 676 1252 750 praedicationes
1278 670 1593 732 audierunt,
1621 675 1677 722 et
1709 681 1808 736 per
1839 660 2236 733 professionem

2369 648 2476 718 άχα
2521 663 2624 698 που
2669 644 2764 698 καὶ
2808 641 3132 714 πειρασμῶν
3167 639 3426 695 καύσωνά
3468 656 3527 694 τε
3578 639 3674 693 καὶ
3709 637 3926 710 ἡμέρας

2486 738 2541 750 οι.
2735 736 2793 750 Λο
2982 734 3008 750 n
3084 733 3134 750 n\
3216 726 3295 750 ,7,
3349 732 3444 750 ’,η
3477 729 3564 750 hri‘
3615 726 3926 750 _--______.\_-

659 748 919 828 credendi
947 769 1168 829 factam,
1202 762 1373 818 veluti
1394 762 1504 831 jam
1532 759 1680 813 dicto
1717 771 1775 810 se
1807 751 2095 808 audientes
2120 748 2238 802 fore

657 863 911 935 polliciti,
943 858 1142 914 deinde
1178 856 1234 909 in
1275 854 1432 924 pejus
1468 846 1787 905 commutati
1823 839 2242 913 reprobaverint

661 958 815 1010 illum
843 957 1183 1024 praeeuntem
1207 962 1272 1001 ac
1301 945 1518 1007 ducem,
1543 941 1845 1001 Christum,
1873 935 2116 1004 inquam,
2145 928 2240 999 qui

659 1048 769 1102 illis
802 1043 1050 1114 requiem
1093 1038 1364 1110 providet,
1413 1035 1507 1106 qui
1553 1041 1616 1087 ut
1658 1032 1716 1085 in
1761 1025 2080 1084 mediatoris
2118 1038 2243 1093 per-

660 1153 792 1192 sona
827 1151 929 1206 pro
972 1133 1082 1187 illis
1123 1129 1440 1190 intervenit,
1467 1125 1561 1195 qui
1603 1132 1664 1178 ut
1690 1123 1742 1176 in
1769 1121 1941 1191 ﬁgura
1964 1115 2125 1172 nobis
2154 1115 2240 1167 in—

663 1228 926 1298 telligitur
953 1231 1256 1295 protector;
1294 1221 1332 1275 ii
1360 1214 1900 1288 aliquando'tandem
1920 1207 2240 1281 justissime,

663 1335 774 1373 suae
808 1318 1051 1386 ipsorum
1089 1312 1335 1368 stultitiae
1373 1310 1584 1364 ratione
1621 1305 1871 1375 repetita,
1901 1315 2070 1356 szevas
2093 1298 2246 1369 igni-

664 1410 768 1464 bus
803 1421 995 1479 pcenas
1037 1405 1234 1459 luent:
1269 1403 1485 1471 hocque
1531 1399 1665 1454 illud
1709 1406 1813 1460 est,
1857 1395 2072 1465 opinor,
2098 1389 2245 1460 quod

663 1499 779 1569 ipse
811 1494 1030 1569 quoque
1073 1493 1289 1563 sapiens
1313 1492 1396 1545 vir
1428 1491 1631 1546 Paulus
1659 1488 1797 1542 dixit
1826 1503 1839 1539 :
1874 1504 1892 1535 ι
1921 1481 2245 1539 Voluntarie

663 1592 810 1647 enim
859 1589 1217 1660 peccantibus
1267 1585 1430 1639 nobis
1479 1589 1602 1652 post
1655 1586 1939 1649 acceptam
1991 1574 2244 1631 notitiam

663 1681 934 1745 veritatis,
978 1695 1091 1734 non
1153 1677 1388 1747 amplius
1428 1690 1529 1746 pro
1591 1672 1834 1743 peccatis
1900 1666 2244 1736 relinquitur

2337 738 2693 810 ὀνομάζοντες
2733 736 2899 807 βάρος
2923 750 2937 763 ’
2982 733 3174 804 βοηθὸς
3205 726 3298 787 οὖν
3341 732 3448 802 ἄρα
3476 729 3571 784 καὶ
3609 726 3928 798 σκεπαστὴς

2338 833 2416 894 εἰς
2444 827 2716 900 σωτηρίαν
2737 825 2959 894 γέγονεν
2983 827 3116 894 ἡμῖν
3135 825 3162 877 ὁ
3185 821 3440 894 Χριστός.
3467 822 3635 875 Ὅταν
3659 815 3752 873 οὖν
3778 834 3927 880 τινες

2337 921 2445 975 τῶν
2472 919 2725 982 θεοπτίας
2750 915 3091 986 ἠξιωμένων,
3123 915 3218 968 καὶ
3247 914 3406 985 οἵπερ
3438 913 3503 967 ἂν
3543 911 3785 981 γένοιντο
3815 907 3929 962 τῶν

2340 1011 2499 1066 θείων
2529 1010 2788 1080 αὐτήκοοι
2834 1005 3224 1076 κηρυγμάτων,
3268 1005 3359 1059 διά
3384 1021 3443 1056 τε
3471 1003 3573 1074 τῆς
3599 1003 3692 1058 ἐπὶ
3718 1001 3797 1071 τῷ
3830 1017 3931 1054 πι-

2341 1102 2552 1157 στεύειν
2573 1099 2860 1172 ὁμολογίας
2892 1099 3052 1151 οἱονεί
3079 1115 3195 1161 πως
3227 1096 3326 1168 ἤδη
3366 1095 3835 1164 καθυποσχόμενοι
3863 1091 3932 1146 rb

2348 1194 2592 1264 εύήκοον,
2624 1189 2859 1244 ἀθετῶσι
2898 1191 3019 1252 ταῖς
3044 1189 3123 1251 εἰς
3154 1187 3215 1240 τὸ
3258 1189 3450 1258 χεῖρον.
3477 1183 3797 1255 μεταϐολαῖς
3834 1182 3932 1234 τὸν

2342 1279 2738 1355 προϐαδίζοντα
2782 1278 2876 1332 καὶ
2902 1277 3228 1349 ἡγούμενον,
3271 1277 3414 1348 φημὶ⁵
3450 1275 3515 1346 δὴ
3549 1274 3802 1345 Χριστὸν,
3829 1273 3936 1326 τὸν

2344 1372 2855 1443 κατασκεπτόμενον
2888 1371 3073 1434 αὐτοῖς
3123 1368 3220 1440 τὴν
3256 1368 3584 1430 ἀνάπαυσιν,
3624 1367 3714 1420 τὸν
3745 1365 3821 1428 ὼς
3867 1365 3934 1418 ὲν

2349 1469 2565 1542 μεσίτου
2599 1465 2748 1532 τάξει
2779 1463 3170 1537 πρεσϐεύοντα,
3203 1462 3294 1515 τὸν
3330 1461 3406 1526 ὠς
3427 1463 3488 1514 ὲν
3517 1460 3676 1530 τύπῳ
3696 1457 3938 1530 νεφέλης

2345 1566 2634 1636 νοούμενον
2665 1558 3003 1628 σκεπαστὴν,
3029 1557 3150 1610 τότε
3175 1555 3239 1626 δὴ
3265 1555 3382 1608 τότε
3409 1554 3504 1608 καὶ
3530 1553 3674 1624 μάλα
3704 1551 3938 1613 εἰκότως

2345 1658 2444 1729 τῆς
2490 1655 2639 1725 σφῶν
2680 1651 2856 1706 αὐτῶν
2898 1648 3151 1720 εὐηθείας
3197 1645 3654 1716 εἰσπραττόμενοι
3712 1643 3935 1712 λόγους,

666 1774 866 1838 hostia,
891 1730 986 1826 sed
1011 1730 1276 1826 terribilis
1297 1730 1546 1836 quaedam
1572 1730 1908 1832 exspectatio
1947 1756 2162 1830 judicii,
2195 1762 2251 1810 et

2364 1751 2448 1820 τὴν
2474 1747 2564 1801 διὰ
2594 1744 2763 1817 πυρὸς
2802 1741 3004 1814 ἀγρίαν
3027 1739 3358 1810 ὑπομένουσι
3395 1736 3580 1806 δίκην
3626 1732 3721 1788 καὶ
3748 1730 3936 1794 τοῦτο,

668 1865 810 1937 ignis
867 1861 1162 1926 aemulatio,
1210 1872 1332 1930 quae
1386 1861 1785 1925 consumptura
1843 1859 1929 1906 est
1985 1848 2243 1904 adversa-

672 1956 783 2010 rios
808 1955 873 2008 “.
908 1973 927 2004 ι

2351 1837 2526 1910 οἶμαι,
2584 1837 2732 1890 ἐστὶν
2788 1834 2818 1888 δ
2881 1832 2977 1886 καὶ
3020 1828 3181 1892 αὐτὸς
3224 1829 3253 1882 ό
3307 1826 3468 1897 σοφὸς
3517 1825 3622 1896 ἔφη
3684 1823 3894 1885 Παῦλος
3918 1836 3934 1852 '

2361 1950 2379 1984 ι
2425 1927 2719 1990 Ἑκουσίως
2739 1924 2848 1996 γὰρ
2868 1920 3290 1994 ἁμαρτανόντων
3317 1921 3350 1990 ἡ
3359 1917 3475 1989 μῶν
3499 1916 3641 1989 μετά
3661 1915 3723 1968 τὸ
3747 1913 3942 1968 λαϐεῖν

667 2048 767 2117 τὴν
793 2047 1086 2115 ἐπίγνωσιν
1119 2043 1216 2114 τῆς
1244 2039 1522 2111 ἀληθείας,
1554 2039 1654 2093 οὐκ
1716 2037 1798 2090 ἔτι
1835 2035 1963 2108 περὶ
1999 2031 2286 2106 ἁμαρτιῶν
2324 2026 2682 2084 ἀπολείπεται
2755 2020 2936 2084 θυσία,
2973 2015 3178 2088 φοϐερά
3216 2016 3274 2070 δέ
3323 2031 3406 2077 τις
3441 2012 3634 2084 ἐκδοχὴ
3655 2011 3940 2083 -κρίσεως,

667 2141 763 2196 καὶ
809 2138 981 2209 πυρὸς
1026 2136 1184 2207 ζῆλος
1237 2133 1436 2187 ἐσθίειν
1487 2132 1772 2203 μέλλοντος
1830 2129 1955 2191 τοὺς
2007 2124 2377 2186 ὑπεναντίους.
2418 2139 2436 2172 ι

738 2232 938 2289 PALL.
959 2231 1148 2302 igitur,
1173 2229 1266 2298 qui
1287 2235 1455 2284 totam
1476 2225 1941 2295 dispensationem
1976 2237 2098 2277 eam
2131 2235 2254 2290 quat

671 2328 728 2381 in
750 2324 967 2382 Christo
999 2321 1344 2390 intelligitur,
1376 2317 1586 2390 peccati
1618 2315 1776 2385 culpa
1815 2312 2251 2384 rcprobaverint,

669 2435 793 2474 esca
819 2417 957 2488 ignis
981 2422 1164 2470 erunt.
1197 2412 1292 2467 Illa
1321 2425 1486 2481 porro
1513 2408 1895 2470 murmuratio,
1928 2413 1989 2460 ut
2012 2403 2253 2466 videtur,

670 2507 948 2580 apostasin
1013 2503 1301 2575 signiﬁcat,
1334 2511 1390 2556 et
1417 2500 1562 2555 nolle
1589 2513 1684 2555 eos
1727 2498 1795 2552 ab
1834 2497 1928 2552 illo
1958 2495 2256 2566 profectam

672 2602 904 2655 salutem
933 2597 1171 2651 libenter
1187 2590 1472 2663 'amplecti,
1504 2590 1756 2661 quamvis
1785 2587 2125 2659 gustaverint
2159 2583 2257 2639 Dei

673 2693 923 2761 gratiam,
949 2698 1006 2742 et
1028 2702 1214 2740 rerum
1237 2687 1348 2755 jam
1370 2683 1774 2754 praeteritarum
1797 2680 2254 2751 experimentum,

674 2795 776 2850 pro
805 2779 962 2832 ﬁrmo
987 2777 1296 2830 futurarum
1331 2776 1559 2845 pignore
1596 2780 1834 2827 teneant.

746 2869 903 2924 CYR.
945 2867 1024 2921 Ita
1063 2867 1307 2934 inquam.
1349 2864 1519 2919 Alteri
1555 2878 1796 2933 quoque,
1839 2861 2040 2932 pusillo
2078 2859 2261 2914 animo

677 2976 805 3016 cum
828 2966 1032 3023 essent,
1057 2957 1124 3012 ad
1146 2957 1403 3012 eumdem
1434 2955 1656 3010 modum
1688 2953 2184 3023 conquerebantur,
2206 2957 2262 3006 et

677 3053 948 3125 ignaviter
989 3050 1255 3106 adversus
1308 3050 1481 3104 Deum
1521 3055 1576 3103 ct
1615 3047 1834 3119 Moysen
1878 3044 2259 3110 susurrabant,

2426 2211 2634 2268 ΠΛΛΛ.
2687 2211 2751 2264 Οἱ
2786 2209 2968 2262 πᾶσαν
2995 2199 3088 2260 οὖν
3111 2213 3210 2277 την
3237 2201 3546 2273 οἰκονομίαν
3577 2201 3677 2273 τὴν
3705 2200 3765 2254 ὲν
3802 2201 3944 2272 Χρι-

2357 2306 2468 2376 στῷ
2492 2303 2787 2374 νοουμένην
2809 2299 2866 2365 ὲξ
2894 2297 3166 2370 ἁμαρτίας
3198 2295 3549 2367 ηθετηκότες,
3584 2294 3758 2364 πυρὸς
3784 2292 3942 2346 ἔσον-

2356 2418 2447 2454 ται
2489 2397 2685 2470 τροφή.
2717 2395 2879 2464 Δηλοῖ
2917 2392 2974 2444 δὲ
3019 2390 3050 2442 ὁ
3101 2389 3431 2459 γογγυσμὸς,
3492 2387 3569 2451 ὡς
3621 2385 3785 2450 ἔοικε,
3838 2382 3944 2454 τὴν

2357 2489 2658 2544 ἀπόστασιν
2683 2485 2858 2540 καὶτὸ
2881 2485 2955 2556 μὴ
2976 2481 3150 2535 θέλειν
3181 2478 3455 2533 ποιεῖσθαι
3475 2477 3671 2550 δεκτὴν
3684 2475 3782 2548 τὴν
3806 2475 3942 2544 παρ’

2360 2579 2526 2635 αὐτοῦ
2571 2577 2865 2649 σωτηρίαν,
2922 2575 3099 2629 καίτοι
3159 2571 3521 2642 γευσαμένοις
3557 2571 3656 2641 τῆς
3696 2567 3943 2639 χάριτος,

2360 2672 2454 2725 καὶ
2484 2669 2722 2738 ἀσφαλὲς
2750 2668 2860 2720 τῶν
2911 2665 3216 2737 μελλόντων
3256 2664 3534 2734 ἐνέχυρον,
3572 2661 3670 2732 τὴν
3710 2660 3804 2714 ἐπὶ
3827 2661 3946 2724 τοῖς

2360 2763 2460 2834 ἥδη
2496 2760 2884 2833 παρῳχηκόσιν
2915 2757 3132 2828 ἔχοντες
3167 2757 3382 2826 πεῖραν.

2433 2852 2598 2907 ΚΥΡ.
2621 2850 2779 2904 Οὕτω
2802 2848 2944 2918 φημί
2971 2864 2984 2878 ο
3013 2846 3518 2917 μικροψυχήσαντες
3544 2844 3603 2900 δὲ
3629 2844 3723 2898 καὶ
3743 2843 3943 2915 ἕτεροι,

2362 2945 2459 3017 τὴν
2512 2943 2683 3012 αὐτὴν
2728 2938 3008 2994 ἐποιοῦντο
3052 2937 3349 3007 καταϐοὴν,
3398 2937 3492 2990 καὶ
3530 2933 3948 3006 κατεψιθύριζον

2364 3035 2608 3109 ἀδρανῶς
2666 3032 2761 3087 τοῦ
2819 3031 2956 3085 Θεοῦ
3010 3031 3106 3084 καί⁵
3163 3029 3424 3096 Μωσέως,
3484 3029 3648 3098 ἄρτον
3700 3028 3947 3082 διάκενον

683 3116 842 3216 ίϐο
863 3159 1059 3214 panem
1077 3155 1310 3196 vacuum
1334 3141 1674 3211 appellantes
1692 3116 1891 3194 manna
1910 3137 2044 3193 illud
2068 3154 2099 3193 e
2124 3137 2263 3193 cmlo

2366 3127 2722 3201 ὀνομάζοντες
2753 3125 2814 3178 τὸ
2850 3124 3027 3196 μάννα
3052 3122 3113 3177 τὸ
3150 3121 3210 3188 ἐξ
3241 3116 3492 3194 ούρανοῦ.
3531 3120 3674 3174 Ἀλλ’
3705 3120 3812 3176 ὑπὸ
3839 3120 3949 3175 τῶν

678 3237 886 3293 datum.
933 3235 1040 3291 Sed
1067 3251 1098 3289 a
1124 3234 1475 3304 serpentibus
1503 3232 1788 3303 perierunt
1813 3249 1827 3284 :
1860 3230 1955 3301 qui
1996 3230 2145 3285 cnim
2175 3228 2262 3283 in-

678 3329 1015 3402 gratitudine
1042 3343 1139 3382 sua
1163 3327 1318 3380 illum
1342 3325 1587 3381 omnium
1613 3324 1897 3381 hominum
1929 3322 2264 3377 Salvatorem

680 3433 746 3472 ac
785 3416 1213 3485 Redemptorem
1247 3422 1631 3478 contemnunt,
1663 3429 1843 3482 neque
1879 3411 1991 3466 ullo
2033 3428 2268 3468 numero

683 3506 956 3562 libertatis
978 3505 1208 3576 gratiam
1236 3505 1463 3568 habent,
1496 3520 1559 3559 ac
1582 3513 1844 3574 praeterea
1869 3503 2147 3559 viviﬁcum
2182 3503 2267 3576 ip-
2289 3539 2334 3553 ..

683 3600 800 3654 sius
838 3597 1093 3662 verbum,
1142 3606 1197 3651 et
1245 3596 1482 3666 Spiritus
1525 3596 1696 3650 sancti
1731 3595 1934 3649 donum
1975 3604 2036 3649 ut
2073 3593 2269 3648 inutile

683 3698 935 3760 carpunt,
963 3688 1020 3743 in
1059 3703 1277 3743 morsus
1318 3687 1532 3744 cruenti
1581 3687 1851 3757 serpentis
1876 3685 2137 3741 incident.
2165 3684 2270 3751 Qui

685 3795 817 3836 vero
848 3779 904 3832 in
931 3787 1038 3833 tam
1078 3792 1270 3848 graves
1294 3776 1483 3846 culpas
1521 3775 1658 3844 lapsi
1682 3790 1792 3828 non
1825 3782 1973 3839 sunt,
1998 3789 2107 3828 una
2145 3786 2272 3827 cum

685 3864 934 3934 nequitia
961 3863 1258 3917 imminens
1279 3878 1499 3932 quoque
1525 3862 1603 3916 illi
1631 3861 1962 3934 supplicium
1991 3877 2055 3916 ac
2084 3875 2272 3930 ptenas

688 3956 972 4026 effugient,
1000 3961 1056 4008 et
1083 3954 1270 4008 hostes
1306 3951 1645 4022 superabunt
1690 3969 1702 4004 :
1738 3971 1756 4002 ‹
1803 3952 1982 4023 Super
2027 3951 2271 4021 aspidem

689 4048 893 4121 quippe
923 4063 986 4102 ac
1011 4045 1330 4101 basiliscum
1366 4045 1743 4109 ambulabunt,
1781 4052 1836 4098 et
1876 4044 2277 4101 coneulcabunt

687 4141 906 4197 leonem
945 4148 1001 4194 et
1034 4139 1330 4194 draconem
1369 4137 1431 4191 η.
1464 4156 1481 4188 ι
1518 4137 1853 4194 Conclusum
1887 4145 1972 4193 est
2013 4137 2197 4208 igitur,
2220 4142 2278 4191 et

690 4234 934 4303 ipsarum
965 4247 1151 4286 rerum
1177 4239 1454 4302 gestarum
1488 4228 1803 4283 testimonio
1839 4229 1999 4284 nobis
2022 4244 2275 4300 compro-

694 4325 905 4390 batum,
929 4324 1300 4396 periculosum
1323 4338 1465 4386 esse,
1492 4322 1587 4393 qui
1605 4321 1714 4392 jam
1734 4322 2018 4377 exercitati
2045 4331 2192 4387 sunt,
2215 4336 2279 4376 ac

691 4417 1014 4472 nonnullam
1038 4431 1227 4470 curam
1268 4423 1431 4484 atque
1465 4429 1688 4484 operam
1731 4412 2137 4484 impenderunt,
2165 4420 2227 4468 ut
2248 4429 2279 4468 c

694 4508 979 4563 laboribus
1009 4508 1227 4563 laudem
1262 4515 1763 4576 consequerentur,
1805 4505 1901 4561 sed
1928 4507 2132 4561 versati
2165 4507 2278 4576 jam

695 4609 752 4655 ct
777 4599 978 4655 assueti
1005 4599 1073 4654 ad
1112 4598 1344 4654 sudores
1379 4613 1478 4668 pro
1505 4595 1712 4653 virtute
1743 4596 2143 4668 suscipiendos,
2183 4611 2280 4652 eos

697 4691 907 4748 desidia
939 4700 1178 4762 torpere,
1203 4700 1259 4746 et
1288 4691 1345 4745 in
1374 4691 1643 4762 ignaviam
1669 4706 1728 4745 se
1754 4689 2010 4761 dejicere.

766 4785 965 4839 PALL.
985 4783 1338 4849 Conclusum,
1357 4795 1415 4840 et
1435 4784 1656 4854 quidem
1675 4800 1821 4839 vere.

767 4874 926 4929 ΟΥΕ.
972 4875 1336 4929 Assevcrabat
1361 4891 1493 4930 vero
1534 4886 1721 4930 nostra
1753 4875 1948 4938 oratio,
1984 4891 2089 4930 non
2122 4876 2285 4932 modo

701 4966 816 5022 Deo
838 4964 1087 5019 odiosum
1112 4979 1252 5028 esse,
1276 4974 1332 5019 et
1358 4981 1533 5035 poena:
1556 4966 1852 5022 obnoxium
1881 4967 2111 5031 crimen,
2136 4983 2288 5021 mur-

701 5070 922 5111 murare
965 5063 1158 5109 contra
1202 5054 1374 5108 Deum
1405 5063 1462 5109 et
1492 5057 1726 5126 dejicere
1760 5057 2035 5124 animum;
2067 5065 2130 5112 ut
2171 5058 2286 5128 ipsa

703 5146 1126 5220 pusillanimitas
1154 5145 1402 5217 quaedam
1427 5146 1498 5200 sit
1519 5146 1586 5201 de
1611 5149 2011 5204 conservatoris
2031 5148 2284 5220 benigni-

703 5249 814 5296 tate
845 5238 1166 5310 conquestio
1203 5245 1368 5308 atque
1410 5237 1705 5302 accusatio,
1736 5240 1985 5308 quamvis
2011 5239 2194 5310 exigui
2231 5240 2288 5296 in

703 5329 886 5384 medio
909 5330 1126 5385 labores
1151 5327 1413 5384 exsistant
1438 5344 1450 5380 :
1481 5326 1576 5382 sed
1605 5327 1770 5382 etiam
1799 5343 1953 5398 aeque
1993 5344 2287 5384 exsecran-

704 5419 836 5474 dum
876 5437 1016 5486 csse,
1058 5421 1428 5478 remissiorem
1467 5435 1531 5475 ac
1570 5418 1888 5474 solutiorem
1937 5420 2102 5476 vitam
2138 5436 2289 5490 quaa-

708 5532 864 5584 rere,
893 5534 1128 5588 cumque
1175 5518 1245 5572 sit
1290 5516 1344 5571 in
1391 5523 1682 5587 promptu,
1725 5513 1928 5570 divinis
1967 5515 2291 5572 muneribus

783 5697 826 5729 ¹¹
861 5693 1027 5750 Hebr.
1061 5710 1114 5759 ι,
1141 5694 1230 5761 ‘26,
1262 5694 1349 5748 Ἦ.
1433 5697 1475 5728 ¹²
1505 5695 1648 5751 Psal.
1689 5710 1773 5760 xc,
1815 5693 1900 5747 15.

2365 3221 2542 3292 δφεων
2568 3217 2903 3273 ἀπώλλυντο.
2941 3216 3006 3268 Οἱ
3033 3213 3141 3286 γὰρ
3179 3216 3302 3276 ταῖς
3331 3213 3680 3284 ἀχαριστίαις
3717 3213 3808 3266 τὸν
3840 3213 3949 3266 τῶν

2367 3314 2504 3367 ὅλων
2545 3312 2776 3380 Σωτῆρα
2801 3309 2893 3361 καὶ
2923 3306 3218 3378 Λυτρωτὴν
3245 3305 3624 3377 ἀτιμάζοντες,
3663 3306 3757 3359 καί
3783 3307 3842 3358 ὲν
3863 3305 3951 3358 οὗ.

2367 3406 2478 3460 δενὶ
2525 3404 2764 3467 τιθέντες
2813 3401 2957 3471 λόγῳ
2998 3401 3100 3468 τῆς
3138 3397 3455 3470 ἐλευθερίας
3483 3396 3580 3468 τὴν
3627 3399 3810 3470 χάριν,
3863 3399 3952 3451 καὶ

2369 3498 2507 3569 πρὸς
2539 3495 2748 3558 τούτοις
2774 3493 2854 3546 ἔτι
2889 3493 2978 3546 τὸν
3012 3492 3277 3558 ζωοποιὸν
3307 3490 3470 3545 αὐτοῦ
3495 3491 3689 3561 Λόγον,
3724 3491 3824 3544 καὶ
3857 3490 3952 3561 τὴν

2369 3590 2458 3644 διὰ
2477 3588 2569 3643 τοῦ
2593 3589 2733 3643 Πνεύ
2743 3605 2910 3658 ματος
2948 3586 3156 3657 δωρεὰν
3194 3584 3270 3648 ὡς
3292 3585 3566 3656 ἄχρηστον
3586 3584 3952 3655 διασύροντες,

2370 3683 2483 3744 τοῖς
2506 3679 2598 3733 τοῦ
2636 3678 2922 3750 μιαιφόνου
2955 3677 3246 3750 δράκοντος
3281 3673 3710 3745 περιπεσοῦνται
3739 3675 3954 3747 δήγμα-

2375 3789 2479 3826 σιν.
2519 3770 2657 3824 Ἀλλ’
2694 3771 2748 3824 οἴ
2789 3786 2853 3840 γε
2897 3770 3012 3833 τοῖς
3045 3768 3220 3831 οὕτως
3257 3767 3508 3830 ἐκτὸποις
3550 3767 3651 3821 οὐκ
3677 3766 3956 3829 ὲναλόντες

2375 3864 2705 3935 πταίσμασι,
2763 3859 3237 3931 συνδιαφεύξονται
3275 3863 3342 3931 τῇ
3389 3859 3686 3931 φαυλότητι
3734 3861 3832 3914 καὶ
3863 3860 3957 3930 τὴν

2375 3956 2768 4028 ὲπηρτημένην
2805 3956 2941 4025 αύτῇ
2976 3953 3196 4008 κόλασιν
3224 3969 3283 4006 τε
3311 3953 3406 4006 καὶ
3437 3953 3617 4024 δίκην,
3665 3953 3760 4006 καὶ
3797 3954 3965 4024 ἀμείο.

2377 4067 2500 4111 νους
2541 4048 2755 4102 ἔσονται
2792 4048 2900 4102 τῶν
2940 4046 3150 4117 ἐχθρῶν
3178 4063 3191 4078 ·
3227 4065 3245 4096 ι
3293 4046 3418 4099 Ἐπὶ
3465 4045 3668 4101 ἀσπίδα
3709 4046 3821 4118 γὰρ
3867 4045 3961 4100 καὶ

2380 4139 2688 4212 βασιλίσκον
2733 4138 3108 4210 ὲπιϐήσονται,
3146 4138 3239 4192 καὶ
3285 4141 3733 4210 καταπατήσουσι
3770 4139 3963 4193 λέοντα

2379 4231 2475 4287 καὶ
2510 4231 2801 4303 δράκοντα.
2845 4249 2864 4281 ι
2915 4232 3124 4303 Ἀραρε
3155 4231 3220 4301 δὴ
3250 4225 3366 4294 οὖν,
3409 4231 3505 4285 καὶ
3541 4229 3600 4296 ἐξ
3628 4231 3807 4285 αὐτῶν
3834 4233 3966 4303 ἡμῖν

2385 4324 2806 4396 μεμαρτύρηται
2828 4323 2936 4378 τῶν
2961 4323 3323 4395 πραγμάτων,
3355 4322 3625 4394 σφαλερὸν
3664 4324 3747 4376 ὅτι
3775 4324 3839 4376 τὸ
3871 4326 3968 4396 ρᾳ-

2383 4415 2596 4486 θυμεῖν,
2623 4417 2717 4468 καὶ
2739 4414 3067 4469 ἀναπίπτειν
3099 4417 3177 4478 εἰς
3221 4414 3506 4486 ἀτολμίας,
3527 4415 3650 4479 τοὺς
3671 4415 3773 4486 ἤδη
3801 4432 3969 4484 γεγυ·

2389 4505 2749 4578 μνασμένους,
2775 4507 2871 4559 καὶ
2886 4507 2985 4560 οὑκ
2999 4507 3332 4577 ἀμελέτητον
3352 4507 3574 4578 ἔχοντας
3586 4507 3648 4559 τὸ
3671 4507 3760 4559 διὰ
3788 4507 3968 4559 πόνων

2384 4597 2713 4668 εὐδοκιμεῖν,
2745 4597 2992 4668 ὲντριϐὲς
3013 4597 3071 4650 δέ
3092 4615 3209 4662 πως
3237 4597 3334 4668 ήδη
3362 4597 3456 4652 καὶ
3483 4596 3970 4671 κατημαξευμένον

2384 4688 2446 4742 τὸ
2477 4687 2654 4760 ἰδροῦν
2679 4688 2817 4760 ὑπὲρ
2850 4687 3073 4759 ἀρετῆς.

2457 4781 2668 4834 ΠΑΛΛ.
2715 4779 2923 4851 ’Ἄραρέ
2951 4797 3014 4848 γε
3046 4781 3141 4833 καὶ
3170 4778 3318 4835 ἔστιν
3348 4780 3568 4852 ἀληθές.

2457 4872 2625 4928 ΚΥΡ.
2665 4871 3040 4926 Διεϐεϐαιοῦτο
3077 4873 3135 4925 δὲ
3165 4875 3299 4944 ἡμῖν
3327 4874 3356 4926 ό
3386 4874 3565 4943 λόγος,
3597 4874 3676 4938 ὡς
3713 4875 3775 4928 ού
3811 4876 3977 4946 μόνον

2387 4961 2504 5016 ἐστὶ
2543 4961 2796 5032 θεομισές
2845 4979 2905 5015 τε
2946 4964 3041 5018 καὶ
3083 4964 3189 5016 ὑπὸ
3227 4965 3384 5036 δίκην
3415 4968 3476 5020 rb
3505 4965 3799 5036 γογγύζειν
3831 4968 3976 5022 κατὰ

2392 5051 2529 5106 Θεοῦ
2555 5093 2570 5117 ,
2615 5053 2707 5106 καὶ
2751 5051 2943 5124 ὥσπερ
2974 5053 3098 5107 τινά
3131 5056 3472 5128 κατάῤῥησιν
3513 5057 3547 5128 ἥ
3572 5058 3851 5128 καταϐοὴν
3874 5058 3975 5126 τῆς

2388 5145 2482 5198 τοῦ
2515 5143 2778 5210 σώζοντος
2809 5145 3144 5218 ἡμερότητος
3169 5147 3442 5201 ποιεῖσθαι
3467 5149 3565 5220 τὴν
3594 5148 3977 5220 ὀλιγοψυχίαν,

2390 5237 2495 5292 κᾶν
2529 5239 2576 5290 εἰ
2601 5237 2822 5309 βραχεῖς
2851 5237 2941 5292 διὰ
2973 5239 3139 5310 μέσου
3173 5238 3448 5308 φαίνοιντο
3480 5239 3654 5305 πόνοι,
3697 5241 3980 5311 ἐπάρατον

2395 5330 2450 5383 δὲ
2485 5331 2636 5384 οὐδὲν
2681 5327 2845 5404 ἧττόν
2878 5331 2995 5384 ἐστι
3041 5331 3105 5384 τὸ
3142 5331 3388 5386 ἀνεῖσθαι
3425 5332 3622 5400 φιλεῖν,
3675 5334 3774 5388 καὶ
3801 5334 3983 5403 παρὸν

2392 5424 2576 5487 αὐτοῖς
2621 5427 2733 5486 τοῖς
2765 5423 2931 5486 θείοις
2958 5423 3292 5494 χαρίσμασιν
3317 5423 3654 5495 ἀδιαϐλήτως
3684 5425 3981 5496 ἐντρυφᾷν,

2400 5516 2494 5570 καὶ
2523 5517 2636 5581 τοῖς
2683 5515 2889 5570 ἄνωθέν
2933 5533 2990 5570 τε
3031 5516 3125 5570 καὶ
3145 5515 3232 5570 διὰ
3262 5515 3356 5570 τοῦ
3399 5515 3719 5588 Πνεύματος
3742 5515 3986 5593 ἀποτρέο
