4138 6300
306 265 420 327 389

1006 260 1099 329 DE
1136 270 1578 329 ADORATIONE
1610 269 1690 324 1N
1733 265 2005 323 SPIRITU
2046 266 2135 322 ET
2176 262 2549 323 \‘ERITATE.
2591 268 2723 324 LIB.
2767 270 2831 325 Υ.

3473 272 3582 327 390

307 382 514 451 φεσθαι
539 382 743 452 λόγοις,
789 386 884 441 ἐπὶ
928 386 1174 458 φθαρτάς
1192 384 1389 456 ήδονάς
1427 383 1522 437 καὶ
1555 382 1898 453 ἀκαθάρτους

2002 379 2120 437 sine
2144 381 2306 450 culpa
2327 379 2459 446 frui,
2488 390 2545 437 et
2569 382 2842 453 supernis,
2868 389 2924 437 et
2949 380 3155 453 Spiritu
3180 390 3370 438 saneto
3403 381 3579 454 inspi-

308 469 677 542 φιλοσαρκίας
725 474 977 545 ἀχάλινον
1043 473 1312 527 ποιεῖσθαι
1363 472 1462 544 τὴν
1513 472 1892 542 ἀποφοίτησιν.

312 561 517 634 ’Υδρις
548 565 658 635 γὰρ
690 566 937 638 ἐναργῶς
981 568 1059 632 εἰς
1087 566 1154 621 τὰ
1183 568 1392 637 ἀμείνω
1420 567 1516 621 καὶ
1546 567 1806 632 σώζοντα,
1835 565 1898 620 τὸ

306 654 633 710 ἀνθελέσθαι
669 657 740 711 τὰ
782 660 1017 730 πονηρὰ,
1063 661 1159 714 καὶ
1190 659 1282 713 νοῦ
1345 659 1525 730 ψῆφος
1561 659 1897 727 ἀνοσιωτάτη

306 745 375 799 τὺ
422 745 533 800 τῶν
586 748 857 821 οὐρανίων
890 750 1155 822 προτάξαι
1188 750 1259 805 τὰ
1306 751 1685 824 γεωδέστερα,
1720 749 1896 803 καίτοι

309 834 578 908 πλείστην
617 839 704 908 ἐφ’
743 840 957 905 ἑαυτοῖς
996 841 1255 896 νοσοῦντα
1285 841 1384 914 τὴν
1421 841 1765 913 βδελυρίανν
1801 841 1897 894 καὶ

311 927 491 998 ὀρθῶς
540 930 634 984 ἐπὶ¹
668 930 879 995 τούτοις
918 934 1200 1005 μονονουχὶ
1247 935 1342 989 καὶ
1386 933 1609 1006 δακρύει
1658 933 1833 1002 λέγων
1868 935 1897 987 ό

312 1021 604 1091 προφήτης
645 1021 903 1087 Ἡσαΐας·
931 1043 949 1076 ι
981 1025 1135 1091 Οὐαὶ,
1170 1027 1218 1080 οἰ
1264 1025 1513 1094 λέγοντες
1555 1027 1616 1079 τὸ
1664 1026 1896 1098 πονηρὸν

315 1111 500 1179 καλὸν,
537 1113 632 1166 καί⁸
655 1130 717 1167 το
748 1114 912 1169 καλὸν
951 1117 1221 1188 πονηρόν·
1263 1118 1312 1171 οἰ
1337 1117 1586 1190 λέγοντες
1616 1117 1678 1171 τὸ
1721 1118 1895 1187 γλυκὺ

316 1203 535 1273 πικρόν,
565 1204 663 1258 καὶ
690 1205 750 1259 τὸ
777 1206 973 1278 πικρὸν
1002 1206 1204 1276 γλυκύ·
1256 1211 1305 1263 οἰ
1353 1208 1597 1274 τιθέντες
1627 1209 1689 1263 τὺ
1709 1210 1897 1273 σκότος

316 1294 455 1363 φῶς,
488 1295 581 1349 καὶ
607 1295 669 1350 τδ
696 1297 812 1366 φῶς
852 1301 1061 1364 σκότος.
1104 1321 1124 1353 ι
1159 1301 1433 1366 Τοιούτοις
1464 1305 1653 1366 κακοῖς
1680 1301 1897 1355 ἐναλόν-

314 1400 417 1452 ⁴ξας
467 1386 770 1457 πταίσμασι
817 1391 945 1452 τοὺς
997 1389 1057 1456 ἐξ
1114 1392 1329 1465 Ἰσραὴλ
1369 1393 1696 1465 εὑρήσομεν.
1742 1394 1897 1449 Μετὰ

312 1476 428 1545 γάρ
450 1493 534 1531 τοι
562 1478 658 1550 τὴν
682 1478 775 1533 ἐπὶ
801 1479 880 1551 τῷ
902 1480 1169 1552 γογγύσαι
1190 1482 1370 1555 δίκην,
1391 1485 1609 1554 γείτονα
1638 1486 1732 1539 καὶ
1757 1503 1898 1560 παρ-

312 1568 651 1641 εζευγμὲνην
710 1570 873 1636 εὐθὺς
927 1574 1026 1645 τὴν
1072 1576 1158 1644 ἐφ’
1208 1576 1378 1631 ἅπασι
1437 1578 1550 1641 τοῖς
1599 1576 1897 1648 αἰσχίστοις

314 1661 536 1715 ἐνόσουν
560 1661 869 1735 ἐπιθυμίαν.
895 1664 1294 1739 Περιπτύοντες
1319 1667 1425 1739 γὰρ
1449 1665 1638 1741 ὥσπερ
1658 1670 1727 1723 τὰ
1744 1668 1896 1741 παρά

2002 471 2138 527 ratis
2174 473 2522 528 sermonibus
2556 474 2791 528 enutriri
2810 514 2825 541 ,
2850 474 2918 528 ad
2955 474 3190 530 caducas
3212 475 3397 545 potius
3419 475 3583 530 volu—

2000 570 2201 633 ptates,
2225 571 2283 619 et
2305 563 2552 635 impuras
2571 565 2754 620 carnis
2773 565 3103 636 cupiditates
3125 565 3386 621 eﬂ‘renate
3406 566 3539 622 ferri
3561 586 3579 623 :

2000 669 2129 708 nam
2154 670 2245 709 res
2269 655 2494 711 vitiosas
2528 656 2805 726 pmicrre,
2831 655 3116 710 manifesta
3143 667 3226 710 est
3250 658 3584 727 optimarum

2001 762 2067 802 ac
2087 746 2413 801 salutarium
2455 747 2688 819 injuria;
2714 756 2908 817 estque
2941 747 3031 802 ille
3062 747 3230 802 animi
3254 748 3496 805 calculus
3523 750 3582 806 in

2001 840 2196 909 primis
2231 839 2496 904 nefarius,
2527 855 2636 910 quo
2667 846 2905 904 terrena,
2931 840 3183 909 quamvis
3204 841 3493 896 maximam
3522 842 3581 898 in

2002 944 2061 984 se
2086 929 2485 1000 turpitudinem
2521 930 2857 994 contineant,
2894 929 3208 985 caelestibus
3231 940 3578 1001 anteponun-

2012 1029 2128 1087 tur;
2156 1036 2220 1076 ac
2241 1028 2392 1076 recte
2411 1020 2513 1076 hos
2532 1020 2930 1092 propemodum
2953 1021 3210 1092 lacrymis
3226 1024 3585 1092 prosequitur

2000 1114 2268 1184 propheta
2306 1114 2475 1169 Isaias
2513 1129 2639 1168 cum
2663 1114 2798 1169 dicit
2826 1131 2839 1167 :
2872 1113 3014 1178 «Vm,
3043 1113 3139 1183 qui
3165 1113 3355 1168 dicitis
3377 1114 3585 1169 malum

2002 1203 2228 1270 bonum,
2246 1213 2304 1260 et
2323 1205 2531 1260 bonum
2549 1205 2754 1261 malum
2773 1221 2789 1271 ;
2811 1204 2908 1275 qui
2930 1204 3114 1259 dicitis
3131 1203 3290 1259 dulce
3310 1218 3584 1270 amarum,

2003 1304 2061 1351 et
2078 1310 2327 1352 amarum
2352 1297 2547 1364 dulce;
2573 1299 2666 1368 qui
2690 1296 2896 1368 ponitis
2915 1295 3173 1351 tenebras
3196 1294 3397 1361 lucem,
3419 1302 3478 1350 et
3498 1296 3582 1351 lu-

2002 1401 2122 1441 cem
2159 1387 2418 1443 tenebras
2445 1387 2510 1441 “.
2543 1407 2563 1440 ι
2589 1387 2913 1461 Hujusmodi
2941 1386 3203 1457 gravibus
3238 1385 3414 1456 culpis
3440 1387 3583 1440 ine-

2002 1479 2133 1534 titos
2154 1478 2501 1535 inveniemus
2527 1477 2669 1535 ﬁlios
2700 1479 2892 1535 Israel.
2918 1479 3213 1548 Postquam
3233 1477 3381 1533 enim
3410 1477 3578 1532 dede-

2003 1580 2285 1633 runtsuaa
2323 1572 2784 1628 murmurationis
2819 1585 3030 1644 poenas,
3062 1570 3244 1625 vicino
3282 1570 3486 1636 statim,
3525 1577 3584 1625 et

2002 1664 2260 1736 adjuncto
2288 1665 2483 1720 morbo
2508 1665 2950 1737 turpissimarum
2981 1678 3164 1719 rerum
3183 1661 3579 1733 concupiscen-

314 1752 413 1807 τοῦ
443 1753 601 1821 Θεοῦ,
637 1756 731 1810 καὶ
762 1760 877 1821 τοῖς
924 1759 1213 1840 οὐρανόθεν
1244 1759 1470 1829 ἀγαθοῖς
1502 1761 1731 1824 ἀνοσίως
1773 1761 1896 1815 ἐπι-

2002 1752 2075 1806 tia
2113 1752 2524 1809 laboraverunt.
2568 1755 2705 1810 Nam
2726 1795 2740 1820 ,
2780 1769 2905 1810 cum
2943 1754 3040 1809 Dei
3081 1768 3309 1808 munera
3342 1752 3581 1823 quodam

316 1845 723 1916 στυγνάζοντες,
774 1847 1126 1923 παρώτρυνον
1182 1852 1497 1921 ἀναγκαίως
1538 1853 1626 1923 ἐφ’
1685 1853 1897 1918 ἑαυτοῖς

312 1937 408 1992 τὸν
438 1939 651 2011 κριτήν.
682 1939 997 2013 Γέγραπται
1027 1941 1156 2014 γὰρ,
1192 1945 1274 1999 ὅτι
1313 1964 1330 1997 ι
1367 1945 1478 2000 Καὶ
1499 1948 1528 1999 ό
1554 1945 1844 2017 ἐπίμικτος
1868 1946 1898 1999 ὁ

315 2031 376 2085 ἐν
414 2032 621 2096 αὐτοῖς,
653 2032 1002 2106 ἐπεθύμησεν
1057 2035 1373 2108 ἐπιθυμίαν,
1424 2037 1520 2091 καὶ
1569 2037 1897 2102 καθίσαντες

312 2120 530 2177 ἔκλαιον
555 2123 604 2176 οἰ
635 2123 741 2178 υἱοὶ
780 2125 1019 2197 Ἰσραήλ,
1054 2125 1152 2180 καὶ
1184 2122 1361 2181 εἷπον⁸
1392 2128 1489 2192 Τίς
1516 2130 1663 2200 ἡμᾶς
1691 2127 1899 2200 ψωμιεί

312 2214 489 2285 κρέα;
545 2215 925 2289 Ἑμνήσθημεν
974 2220 1101 2284 τοὺς
1152 2219 1360 2292 ἰχθύας,
1405 2219 1498 2287 οὓς
1528 2221 1791 2293 ήσθίομεν
1836 2221 1896 2276 ἐν

312 2309 581 2382 Αἰγύπτῳ
594 2310 823 2383 δωρεὰν,
847 2313 942 2367 καὶ
958 2313 1087 2377 τοὺς
1110 2314 1352 2379 σικύους,
1378 2315 1612 2379 καὶτοὺς
1628 2314 1894 2382 πέπονας,

312 2399 489 2454 καὶτὰ
510 2399 719 2472 πράσα,
757 2401 851 2456 καὶ
879 2402 951 2456 τά
972 2403 1258 2475 κρόμμυα,
1285 2403 1379 2457 καὶ
1396 2402 1467 2456 τά
1495 2401 1742 2475 σκόροδα.
1758 2402 1897 2457 Νυνὶ

309 2490 369 2544 δὲ
398 2492 434 2562 ἡ
462 2490 609 2564 ψυχή
636 2492 792 2564 ήμῶν
812 2494 1134 2566 κατάξηρος.
1162 2495 1327 2549 Οὐδὲν
1348 2494 1486 2565 πλὴν
1510 2494 1591 2558 εἰς
1624 2493 1688 2546 τδ
1717 2493 1894 2564 μάννα

308 2582 361 2634 οἰ
389 2582 660 2655 ὀφθαλμοὶ
682 2584 860 2657 ήμῶν.
890 2586 1002 2641 Καὶ
1034 2586 1255 2658 ήκουσε,
1280 2587 1431 2659 φησί,
1458 2585 1665 2656 Μωσῆς
1685 2584 1897 2638 κλαιόν-

312 2692 426 2730 των
442 2676 620 2730 αὐτῶν
641 2677 781 2731 κατά
799 2679 860 2749 δή
871 2695 1001 2745 μους
1021 2679 1220 2744 αὐτῶν,
1240 2678 1472 2733 ἕκαστον
1494 2678 1587 2730 ἐπὶ
1602 2678 1698 2748 τῆς
1724 2674 1895 2747 θύρας

312 2767 519 2823 αὐτοῦ’
580 2771 674 2825 καὶ
746 2770 1004 2843 ἐθυμώθη
1064 2770 1203 2844 ὀργῇ
1260 2770 1463 2841 Κύριος
1520 2770 1748 2839 σφόδρα,
1800 2767 1895 2821 καὶ

314 2859 496 2914 ἔναντι
526 2862 699 2933 Μωσῆ
741 2857 809 2930 ἦν
852 2863 1106 2934 πονηρόν.
1148 2882 1167 2914 ι
1206 2863 1276 2917 Ἦ
1309 2864 1409 2916 οὐκ
1443 2862 1591 2928 ἀξιον
1622 2857 1758 2914 εἶναι
1789 2860 1893 2931 φὴς

313 2951 489 3022 ὀργῆς
540 2970 598 3006 τε
644 2954 746 3025 τῆς
778 2954 947 3021 θείας,
981 2956 1073 3009 καὶ
1126 2954 1525 3028 καταγνώσεως
1566 2954 1666 3025 τῆς
1715 2953 1791 3017 ὡς
1835 2950 1897 3019 ἐξ

318 3044 528 3117 ἀνδρῶν
553 3045 743 3115 ἁγίων,
771 3046 832 3100 τὸ
858 3049 992 3119 πρὸς
1015 3047 1173 3101 τοῦτο
1199 3047 1518 3102 καθικέσθαι
1545 3043 1892 3117 μαλακισμοῦ

320 3136 414 3189 καὶ
442 3136 719 3207 λογισμῶν
761 3140 1052 3211 ἀνανδρίας
1088 3141 1215 3203 τοὺς
1244 3139 1345 3211 ήδη
1384 3137 1893 3209 γεγυμνασμένους,

315 3225 396 3290 ὡς
421 3228 648 3298 νοσῆσαι
681 3227 780 3298 μὲν
815 3225 1070 3299 ἀκρατῶς
1116 3228 1177 3281 τὺ
1210 3228 1523 3281 ὑπονοστεῖν
1567 3225 1771 3282 ἐθέλειν
1817 3230 1897 3290 εἰς

315 3317 582 3382 ἐκτόπους
606 3316 781 3383 οὕτως
816 3320 1177 3393 ἀκαθαρσίας,
1212 3320 1305 3373 καὶ
1334 3317 1739 3389 παραλελύσθαι
1770 3334 1899 3373 vos-

311 3407 476 3462 οὖτον
515 3410 594 3473 εἰς
628 3410 920 3482 ἀκρασίαν,
957 3410 1033 3474 ὡς
1090 3408 1468 3482 μειρακιωδῶς
1511 3409 1895 3482 ὀλοφύρεσθαι,

310 3500 419 3572 τὴν
467 3502 718 3574 δριμεῖαν
775 3502 964 3575 ὥσπερ
1013 3503 1075 3557 οὗ
1126 3503 1391 3575 φέροντας
1446 3502 1546 3573 τῆς
1605 3501 1900 3575 ἐπιθυμίας

314 3595 627 3668 προσϐολήν
643 3613 659 3663 ;

393 3770 601 3823 HAAA.
640 3766 713 3824 Εὖ
752 3770 948 3840 λέγεις.

396 3862 559 3937 ΚΥΡ.
613 3862 892 3927 Ἀλύοντος
931 3863 987 3916 δὲ
1037 3862 1131 3916 τοῦ
1171 3862 1446 3930 πανσόφου
1493 3859 1756 3927 Μωσέως,
1804 3858 1899 3913 καὶ

312 3953 622 4024 δυσθυμίαν
654 3953 867 4025 ἔχοντος
895 3955 993 4024 τὴν
1022 3955 1116 4007 ἐπὶ
1146 3953 1281 4024 τῷδε
1303 3952 1504 4023 δεινὴν,
1532 3953 1625 4006 καὶ
1654 3952 1898 4019 ἀναφαν-

312 4044 409 4099 δὸν
458 4046 811 4116 κεκραγότος,
858 4046 933 4109 ὡς
965 4047 1064 4098 οὐκ
1094 4046 1158 4099 ἄν
1192 4062 1319 4098 ποτε
1366 4045 1526 4115 μόνος
1573 4042 1769 4114 ἰσχύσῃ
1817 4042 1898 4096 δι-

315 4143 563 4209 ενεγκεῖν
588 4140 678 4192 τὸν
709 4138 881 4203 οὕτως
904 4138 1141 4200 εὐκόλως
1169 4139 1248 4201 εἰς
1275 4134 1600 4209 παραφορὰν
1629 4134 1724 4188 καὶ
1764 4134 1899 4187 ἀπό-

318 4249 511 4287 στασιν
546 4233 690 4286 ἰόντα
731 4232 880 4294 λαὸν,
916 4230 1289 4299 συλλήπτορας
1323 4228 1421 4300 μὲν
1446 4229 1541 4281 καὶ
1576 4226 1901 4298 ἐπαρωγοὺς

316 4326 421 4396 τῆς
466 4326 558 4378 ἐπὶ
604 4323 739 4394 τῷδε
775 4321 1054 4394 φροντίδος
1093 4319 1292 4391 ἄνδρας
1330 4318 1567 4384 ἀνέδειξε
1611 4317 1765 4381 Θεὸς,
1808 4317 1899 4370 τὸν

1998 1843 2164 1899 modo
2199 1852 2547 1916 respuerent,
2573 1853 2739 1917 atque
2766 1847 3009 1902 ccelestia
3031 1846 3175 1902 dona
3196 1859 3307 1901 non
3331 1844 3451 1900 sine
3474 1845 3582 1899 im-

1996 1935 2201 2006 pietate
2223 1935 2452 1990 moleste
2480 1934 2714 2000 ferrent,
2743 1934 3058 1991 necessario
3080 1934 3374 1989 adversum
3407 1947 3465 1987 se
3487 1933 3580 2004 ju-

1997 2026 2175 2083 dicem
2220 2036 2660 2084 commoverunt.
2711 2028 2865 2099 161
2929 2027 3206 2098 Scriptum
3248 2033 3334 2081 est
3373 2025 3521 2081 enim
3559 2046 3581 2085 :

2005 2136 2024 2170 ι
2056 2117 2432 2184 Promiscuus,
2462 2119 2557 2189 qui
2598 2126 2721 2174 erat
2750 2119 2807 2173 in
2842 2117 2995 2189 ipsis,
3030 2117 3345 2188 concupivit
3375 2132 3582 2173 concu-

1997 2210 2343 2282 piscentiam,
2369 2218 2427 2265 et
2459 2210 2716 2265 sedentes
2742 2208 2950 2264 ﬂebant
2988 2209 3087 2264 ﬁlii
3124 2209 3314 2275 Israel,
3340 2216 3397 2265 et
3428 2209 3581 2265 dice-

1997 2302 2130 2358 bant
2155 2320 2169 2356 :
2199 2300 2334 2369 Quis
2362 2316 2464 2356 nos
2503 2300 2711 2356 cibahit
2741 2301 3041 2356 carnibus?
3072 2300 3364 2356 Recordati
3392 2316 3583 2357 sumus

1995 2393 2252 2467 piscium,
2293 2409 2433 2464 quos
2475 2392 2899 2448 comedebamus
2928 2392 2985 2446 in
3026 2390 3255 2463 [Egypto
3295 2392 3483 2463 gratis,
3525 2400 3583 2446 et

1997 2502 2376 2551 cucumerum,
2401 2492 2457 2540 et
2486 2500 2782 2556 peponum,
2805 2493 2860 2539 et
2885 2499 3198 2557 porrorum,
3219 2492 3275 2540 et
3301 2500 3579 2555 ceparum,

1996 2587 2053 2634 et
2080 2580 2368 2646 alliorum;
2403 2592 2553 2632 nunc
2580 2591 2714 2632 vero
2743 2576 2927 2631 anima
2953 2586 3142 2632 nostra
3167 2576 3322 2631 arida
3347 2583 3463 2643 est;
3492 2577 3581 2631 ni-

1996 2670 2075 2725 hil
2109 2671 2218 2726 nisi
2247 2671 2303 2725 in
2338 2685 2538 2724 manna
2566 2677 2695 2723 sunt
2718 2669 2865 2724 oculi
2898 2669 3096 2724 nostri.
3131 2668 3201 2723 Et
3235 2668 3464 2732 audivit,
3494 2671 3581 2722 in-

1997 2763 2137 2833 quit,
2168 2762 2379 2833 Moyses
2412 2760 2536 2815 illos
2573 2759 2768 2816 ﬂentes
2797 2776 2899 2831 per
2931 2760 3163 2830 populos
3194 2776 3343 2825 suos,
3378 2776 3582 2815 unum-

1997 2868 2271 2925 quemque
2306 2853 2362 2907 in
2388 2853 2557 2924 janua
2605 2867 2738 2918 sua;
2772 2859 2828 2907 et
2873 2852 3048 2907 iratus
3084 2860 3168 2907 est
3207 2853 3289 2906 ira
3319 2852 3586 2907 Dominus

1996 2945 2176 3011 valde,
2210 2953 2267 3000 et
2296 2960 2479 3000 coram
2509 2943 2691 3016 Moyse
2721 2944 2899 3000 visum
2932 2951 3018 2998 est
3062 2944 3265 2998 malum
3313 2943 3375 2997 “.
3428 2962 3447 2995 ι
3499 2945 3586 2999 An

1998 3036 2283 3108 indignum
2319 3037 2400 3090 ira
2434 3035 2619 3090 divina
2642 3036 2876 3099 crimen,
2912 3044 2968 3090 et
2995 3045 3306 3091 sanctorum
3335 3036 3585 3091 virorum

1997 3128 2208 3201 judicio
2262 3128 2489 3182 minime
2530 3126 2903 3187 damnandum
2951 3136 3140 3197 putas,
3178 3126 3429 3181 homines
3469 3129 3582 3197 jam

2000 3220 2328 3276 exercitatos
2350 3217 2418 3272 ad
2455 3234 2573 3273 eam
2600 3218 2883 3273 mollitiem
2911 3225 2969 3272 et
2998 3218 3268 3288 ignaviam
3295 3217 3582 3289 cogitatio-

1998 3324 2135 3366 num
2177 3309 2522 3382 pervenisse,
2563 3318 2627 3364 ut
2663 3309 2949 3380 impotenti
2987 3309 3287 3381 cupiditate
3315 3310 3583 3366 redeundi

2000 3403 2071 3459 ad
2119 3412 2228 3459 tam
2276 3403 2543 3459 absurdas
2577 3403 2921 3473 impuritates
2970 3403 3314 3470 laborarent;
3348 3412 3585 3459 ettanta

2002 3497 2425 3570 intemperantia
2463 3497 2715 3553 dissoluti
2750 3504 2954 3563 essent,
2998 3505 3060 3550 ut
3091 3496 3379 3567 pueriliter
3414 3496 3585 3552 deﬂe-

2002 3597 2127 3647 rent
2168 3590 2341 3646 velnti
2393 3603 2578 3646 acrem
2622 3587 2773 3642 illum
2816 3588 3275 3660 concupiscentiae
3319 3588 3584 3659 impetum

1998 3698 2109 3738 non
2141 3682 2416 3737 ferentes?

2071 3772 2268 3829 PALL.
2303 3773 2471 3828 Recte
2497 3771 2595 3831 ais.

2068 3865 2226 3922 CYR.
2253 3863 2390 3922 Cum
2423 3881 2556 3920 vero
2580 3864 2790 3938 Moyses
2830 3872 3108 3932 aestuaret,
3130 3874 3186 3921 et
3209 3865 3314 3922 hac
3334 3865 3403 3922 de
3422 3880 3587 3925 causa

2000 3960 2242 4031 graviter
2289 3959 2486 4016 anxius
2531 3967 2706 4023 esset,
2753 3966 2918 4030 atque
2960 3966 3149 4029 aperte
3201 3958 3491 4024 clamaret,
3527 3972 3586 4012 se

2000 4068 2281 4123 nunquam
2309 4052 2575 4123 populum
2605 4052 2701 4123 qui
2731 4051 2868 4106 adeo
2904 4050 3065 4105 facile
3098 4050 3167 4105 ad
3191 4050 3504 4105 vecordiam
3532 4059 3589 4104 et

2000 4145 2296 4216 apostasim
2332 4153 2628 4215 spectaret,
2673 4143 2852 4199 solum
2894 4157 3083 4212 posse.
3111 4142 3405 4205 sustinere,
3439 4140 3588 4194 viros

1998 4254 2229 4294 numero
2263 4237 2628 4308 septuaginta,
2663 4237 2782 4306 ejus
2813 4250 2956 4290 eum
2989 4234 3168 4288 socios
3208 4240 3263 4285 et
3309 4231 3591 4302 adjutores

2000 4330 2165 4400 elegit
2192 4330 2358 4392 Deus,
2391 4344 2530 4399 quos
2570 4327 2734 4382 etiam
2765 4325 2941 4380 sancti
2991 4323 3228 4393 Spiritus
3264 4321 3407 4377 dono
3451 4321 3587 4375 insi-

317 4415 552 4490 ἀριθμὸν
600 4415 987 4485 ἐϐδομήκοντα,
1025 4411 1118 4475 οὒς
1161 4412 1256 4465 καὶ
1305 4412 1372 4481 τῇ
1429 4408 1522 4462 τοῦ
1582 4408 1899 4479 Πνεύματος

2003 4420 2224 4490 gniores
2265 4418 2449 4473 eﬂ'ecit
2489 4415 2909 4487 (prophetarum
2946 4412 3093 4467 enim
3130 4411 3185 4464 in
3218 4409 3456 4480 castris).
3488 4408 3588 4463 At-

320 4509 463 4562 δόσει
484 4507 940 4578 διαφανεστέρους
967 4505 1153 4559 ἐτίθει·
1173 4506 1585 4575 προεφήτευσαν
1607 4502 1715 4573 γὰρ
1745 4504 1802 4556 ἐν
1834 4503 1900 4571 τῇ

320 4600 663 4671 παρεμϐολῇ.
697 4598 838 4671 Πρὸς
869 4599 925 4652 δέ
954 4614 1018 4667 γε
1041 4596 1245 4651 Μωσέα
1275 4593 1442 4666 φησί·
1479 4611 1498 4646 ι
1527 4593 1637 4648 Καὶ
1666 4593 1747 4663 τῷ
1787 4593 1902 4664 λαῷ

320 4694 490 4764 ἐρεῖς
535 4690 852 4760 Ἀγνίσασθε
881 4692 959 4755 εἰς
988 4689 1198 4761 αὔριον,
1230 4687 1323 4741 καὶ
1355 4686 1592 4756 φάγεσθε
1627 4686 1786 4757 κρέα,
1820 4686 1903 4740 ὅτι

321 4783 625 4839 ἐκλαύσατε
679 4784 919 4838 ἐναντίον
971 4782 1202 4854 Κυρίου,
1263 4780 1543 4849 λέγοντες·
1606 4779 1703 4842 Τίς
1755 4779 1903 4850 ἡμᾶς

320 4878 528 4949 ψωμιεῖ
577 4877 751 4948 κρέα;
807 4878 889 4930 δτι
937 4874 1100 4929 καλὸν
1142 4875 1274 4947 ἡμῖν
1322 4873 1471 4927 ἐστιν
1518 4874 1576 4926 ἐν
1609 4870 1902 4943 Αἰγύπτῳο

322 4966 418 5021 καὶ
456 4965 618 5020 δώσει
665 4967 872 5036 Κύριος
923 4965 1051 5036 ὑμῖν
1100 4965 1295 5033 φαγεῖν
1350 4962 1509 5033 κρέα,
1543 4961 1639 5014 καὶ
1669 4959 1906 5029 φάγεσθε

321 5059 483 5130 κρέα.
537 5058 651 5127 θύχ
697 5057 914 5129 ἡμέραν
966 5056 1095 5125 μίαν
1151 5052 1391 5124 φάγεσθε
1425 5052 1585 5124 κρέα,
1628 5052 1748 5105 οὐδὲ
1788 5051 1904 5117 δύο,

322 5153 446 5205 οὐδὲ
502 5151 664 5203 πέντε
713 5149 946 5221 ήμέρας,
977 5148 1095 5201 οὐδὲ
1139 5147 1273 5201 δέκα
1298 5146 1532 5218 ἡμέρας,
1577 5146 1696 5200 οὐδὲ
1733 5147 1906 5199 εἴκοσι

323 5244 562 5314 ἡμέρας,
590 5241 695 5304 ἕως
732 5241 900 5311 μηνὸς
946 5239 1166 5311 ἡμερῶν
1199 5238 1459 5308 φάγεσθε,
1489 5238 1593 5302 ἕως
1620 5237 1686 5292 ἂν
1715 5238 1914 5311 ἐξέλθῃ’

326 5338 393 5390 ἐκ
416 5336 529 5390 τῶν
558 5336 851 5406 μυκτήρων
882 5333 1056 5404 ὑμῶν,
1092 5333 1184 5386 καὶ
1212 5332 1360 5385 ἔσται
1394 5333 1520 5400 ὑμῖν
1549 5333 1628 5395 εἰς
1655 5332 1906 5404 χολέραν,

326 5429 409 5481 ὅτι
439 5426 777 5496 ἠπειθήσατε
810 5425 1016 5496 Κυρίῳ,
1043 5425 1102 5488 ὃς
1136 5428 1284 5478 ἐστιν
1309 5427 1366 5477 ἐν
1397 5425 1545 5491 ὑμῖν,
1582 5424 1674 5476 καὶ
1710 5424 1908 5477 ἐκλαύ-

330 5534 459 5571 σατε
487 5515 730 5569 ἐναντίον
759 5512 946 5582 αὑτοῦ,
978 5514 1226 5581 λέγοντες
1248 5529 1264 5545 ο
1304 5512 1462 5565 ἰνατί
1502 5513 1632 5582 ἡμῖν
1673 5513 1910 5579 ἐξελθεῖν

406 5700 449 5729 ³³
482 5698 582 5753 lsa.
620 5714 672 5761 v,
714 5696 803 5748 20.
883 5696 924 5727 “
953 5695 1112 5749 Num.
1150 5708 1223 5753 χι,
1253 5691 1285 5744 4
1319 5701 1470 5755 seqq.
1554 5687 1596 5719 “
1631 5688 1765 5746 ibid.
1809 5689 1994 5744 l8—20.

2009 4527 2115 4582 que
2139 4510 2444 4580 ad.Moysen
2466 4508 2576 4563 ait:
2609 4526 2626 4556 ι
2654 4506 2721 4560 Et
2750 4505 2953 4575 populo
2972 4504 3141 4559 dices:
3161 4500 3588 4557 Sanctiﬁeamini

2009 4602 2066 4655 in
2091 4601 2416 4664 crastinum,
2441 4606 2496 4653 et
2519 4595 2817 4652 comedetis
2837 4609 3048 4659 carnes,
3078 4592 3336 4663 quoniam
3364 4590 3591 4647 ﬂevistis

2010 4700 2134 4747 ante
2178 4690 2490 4752 Dominum,
2529 4687 2776 4742 dicentes
2807 4684 2975 4752 :Quis
3004 4699 3114 4739 non
3143 4683 3360 4739 cibahit
3407 4684 3590 4739 carni-

2010 4784 2148 4839 bus?
2190 4782 2318 4853 quia
2357 4781 2563 4836 bonum
2606 4777 2768 4833 nobis
2807 4786 2892 4832 est
2920 4777 2975 4831 in
3019 4773 3250 4847 (Egypto
3291 4793 3303 4828 :
3355 4785 3409 4831 et
3437 4775 3591 4831 dabit

2011 4856 2276 4930 Dominus
2297 4873 2455 4927 vobis
2482 4886 2676 4926 carnes
2710 4869 2777 4923 ad
2807 4865 3227 4929 comedendum,
3256 4873 3313 4920 et
3337 4866 3592 4921 comede-

2014 4968 2086 5023 tis
2116 4981 2342 5031 carnes;
2388 4979 2499 5017 non
2540 4977 2651 5018 uno
2678 4959 2767 5016 die
2798 4958 3097 5015 comedetis
3144 4972 3372 5020 carnes,
3412 4971 3593 5025 neque

2013 5057 2249 5121 duobus,
2282 5071 2462 5125 neque
2493 5054 2736 5125 quinque
2780 5051 2995 5117 diebus,
3034 5064 3212 5118 neque
3243 5046 3435 5101 decem
3471 5045 3593 5098 die-

2013 5150 2136 5216 bus,
2176 5164 2356 5219 neque
2385 5147 2577 5220 viginti
2608 5146 2805 5202 diebus
2841 5163 2857 5199 :
2884 5158 3057 5214 usque
3087 5140 3156 5197 ad
3183 5152 3427 5194 mensem
3471 5136 3592 5190 die-

2016 5258 2140 5297 rum
2185 5241 2507 5307 comedetis,
2538 5241 2714 5296 donec
2740 5244 2897 5294 exeat
2923 5252 2989 5292 ex
3029 5232 3256 5289 naribus
3286 5228 3506 5292 vestris,
3536 5237 3593 5285 et

2015 5336 2088 5390 sit
2112 5334 2269 5390 vobis
2290 5333 2345 5388 in
2366 5335 2641 5391 choleram
2673 5373 2687 5398 ,
2719 5329 2979 5401 quoniam
3012 5323 3242 5380 rebelles
3271 5320 3450 5376 fuistis
3481 5320 3596 5374 Deo

2016 5427 2111 5495 qui
2155 5435 2240 5482 est
2285 5426 2342 5481 in
2388 5426 2565 5490 vobis,
2599 5432 2655 5478 et
2694 5419 2922 5477 ﬂevistis
2954 5430 3138 5473 coram
3179 5430 3267 5481 eo,
3311 5412 3593 5468 dicentes:

2017 5515 2157 5582 Quid
2187 5532 2322 5586 opus
2365 5527 2485 5572 erat
2515 5513 2675 5569 nobis
2706 5511 2853 5567 exire
2882 5525 2948 5565 cx
2977 5504 3210 5578 λεωριο
3243 5502 3323 5556 "1'
3352 5523 3369 5553 ι
3398 5500 3592 5558 Gravi-
