4138 6300
563 252 659 309 ῐ91

1591 247 1647 302 S.
1688 244 1961 301 CYRILLI
2002 243 2476 301 ALEXANDRINI
2520 245 2834 301 ARCHIEP.
3734 237 3841 293 392

570 380 653 424 ter
696 368 845 423 enim
893 366 1103 423 ferebat
1157 365 1248 422 ille
1287 364 1626 435 Redemptor
1669 363 1926 419 lsraclcm
1975 363 2148 434 ipsam

2266 363 2312 428 ἐξ
2343 364 2640 433 Αἰγύπτου;
2668 384 2686 414 ι
2712 362 2928 417 Ἑλύπει
2956 360 3064 433 γὰρ
3091 358 3246 414 τοῦτο
3266 357 3385 413 λίαν
3410 358 3499 412 τὸν
3521 358 3839 431 Λυτρωτην.

567 476 787 532 quoque
818 461 1140 516 servitutem
1171 475 1283 515 non
1325 473 1541 524 curare,
1568 464 1625 513 et
1657 455 1872 528 (Egypti
1913 457 2149 521 labores,

568 553 815 607 carnium
851 558 907 605 et
932 552 1143 606 olerum
1175 550 1413 621 pessime
1434 547 1702 604 olentium
1734 546 2030 611 desiderio,
2055 561 2167 616 pro-

568 640 744 695 nihilo
782 641 1008 696 ducere.
1036 640 1208 696 Nobis
1237 640 1370 710 ipsis
1399 656 1618 711 quoque
1661 653 2036 710 saepenumero
2065 653 2167 692 ar-,

568 732 779 796 dentes,
825 742 991 802 atque
1034 747 1190 786 acres
1233 732 1545 802 voluptates
1577 730 1930 802 persuadent,
1978 729 2155 783 levem

568 825 765 888 putare
793 817 940 872 illam
973 819 1075 873 sub
1118 818 1323 874 diaboli
1351 819 1636 874 dominatu
1677 819 2025 882 servitutem,
2054 831 2157 872 ne-

568 924 676 981 que
715 908 1119 980 refugiendum,
1167 927 1268 982 pro
1312 912 1772 982 corruptibilibus
1818 911 2158 980 terrenisque

570 1003 972 1075 cupiditatibus
995 1002 1207 1072 peccati
1227 1003 1442 1072 jugum.
1476 1003 1634 1074 162
1664 1001 1770 1057 Sed
1797 1011 1913 1056 tum
1939 1016 2158 1071 quoque

569 1093 842 1149 concessit
873 1092 1131 1148 carnibus
1175 1092 1326 1147 vesci
1368 1108 1481 1147 non
1522 1108 1663 1158 uno,
1708 1107 1890 1162 neque
1931 1091 2154 1157 decem,

570 1181 667 1237 sed
694 1182 916 1252 triginta
951 1181 1179 1248 diebus;
1208 1198 1318 1252 quo
1358 1181 1697 1253 signiﬁcatur
1723 1182 1922 1237 divinae
1950 1182 2006 1235 in
2036 1181 2160 1235 illos

571 1274 671 1328 iraa
709 1273 1063 1329 diuturnitas.
1122 1274 1400 1329 Permittit
1436 1274 1601 1329 etiam
1633 1288 1782 1329 nunc
1824 1273 1894 1328 iis
1930 1273 2026 1343 qui
2070 1273 2157 1326 in-

572 1371 941 1435 temperanter
959 1363 1027 1419 ad
1048 1364 1356 1421 mundanas
1373 1367 1684 1436 voluptates
1699 1364 2057 1429 deﬂexerunt,
2076 1371 2156 1429 ut,

571 1454 617 1509 si
661 1454 818 1520 libet,
851 1455 1168 1511 carnalibus
1193 1457 1611 1527 cupiditatibus,
1640 1465 1697 1511 et
1720 1457 1944 1527 quidem
1984 1456 2159 1511 inter-

571 1544 703 1600 dum
751 1545 985 1616 longiori
1031 1554 1278 1617 tempore
1324 1547 1609 1602 fruantur.
1638 1547 1729 1603 Sic
1770 1547 1918 1602 enim
1956 1547 2161 1603 dicitur

571 1634 864 1692 tradidisse
902 1637 1169 1706 quosdam
1211 1637 1270 1692 in
1304 1639 1602 1709 reprobum
1636 1654 1880 1704 sensum,
1915 1646 1976 1693 ut
2014 1638 2161 1694 face-

575 1733 730 1790 rent,
779 1741 901 1796 quaz
946 1742 1058 1782 non
1090 1729 1428 1784 conveniunt
1470 1731 1533 1784 “.
1584 1730 1695 1785 Sed
1733 1731 1843 1785 illis
1871 1730 2030 1785 cibus
2070 1730 2161 1786 ille
2195 1709 2235 1763 Β

573 1830 771 1872 versus
795 1825 882 1871 est
906 1816 963 1871 in
986 1818 1266 1874 choleram
1295 1839 1309 1873 :
1335 1830 1393 1876 et
1415 1821 1483 1876 iis
1523 1822 1654 1876 item
1684 1823 1779 1893 qui
1813 1823 2052 1878 carnalia
2074 1824 2161 1878 di-

573 1904 770 1976 ligunt,
803 1913 861 1961 et
893 1923 1092 1964 manna
1126 1909 1205 1964 illi
1247 1911 1543 1981 spirituali,
1589 1913 1695 1968 hoc
1727 1921 1832 1979 est,
1865 1913 2036 1969 verbo
2064 1915 2161 1970 Dei

576 2010 664 2051 res
685 1997 1079 2067 corruptibiles
1102 2008 1268 2071 atque
1299 2008 1547 2059 terrenas
1571 2004 1889 2073 praeferunt,
1918 2006 1975 2060 in
2010 2022 2161 2061 mor-

578 2084 649 2141 tis
690 2089 899 2143 exitum
943 2089 1162 2146 desinet
1202 2091 1295 2147 ille
1340 2102 1591 2159 conatus,
1625 2094 1838 2165 hocque
1881 2095 2015 2151 illud
2056 2104 2159 2161 est,

576 2175 775 2246 opinor
796 2194 843 2230 ει
867 2176 971 2243 Qui
991 2180 1224 2234 seminat
1247 2180 1303 2235 in
1322 2196 1567 2247 carnem,
1586 2182 1653 2237 de
1676 2198 1840 2237 carne
1858 2192 2028 2239 metet
2046 2199 2164 2239 cor-

578 2268 892 2338 ruptionem
928 2270 991 2321 ¹⁷.
1026 2288 1043 2320 ι
1074 2270 1344 2327 Fortassis
1376 2281 1556 2327 autem
1587 2272 1657 2327 ab
1678 2275 1946 2346 ejusmodi
1970 2275 2163 2330 morbo

578 2355 671 2411 illa
716 2357 916 2412 levatio
957 2366 1084 2413 est:
1123 2378 1142 2411 ι
1195 2359 1403 2429 Spiritu
1445 2361 1754 2429 ambulate,
1787 2371 1844 2419 et
1887 2364 2163 2421 desideria

576 2448 762 2503 carnis
791 2464 902 2503 non
934 2450 1233 2520 perﬁcietis
1265 2471 1278 2505 :
1304 2468 1434 2508 caro
1462 2471 1699 2525 namque
1736 2456 1936 2513 militat
1964 2458 2161 2514 adver-

578 2554 673 2595 sus
692 2541 966 2612 spiritum,
991 2552 1048 2597 et
1069 2545 1296 2613 spiritus
1317 2545 1583 2603 adversus
1598 2565 1818 2605 carnem
1843 2570 1856 2604 :
1879 2551 1996 2607 haec
2015 2554 2163 2609 enim

580 2629 686 2685 sibi
722 2630 955 2687 invicem
991 2632 1351 2689 adversantur
1372 2636 1435 2690 ’⁸.
1470 2657 1488 2686 ι
1517 2637 1654 2691 Nam
1692 2638 1737 2693 si
1757 2639 2060 2695 voluissent
2085 2643 2163 2696 ls-

581 2722 788 2777 raelitae
818 2732 1014 2793 putare
1054 2724 1124 2779 ad
1186 2727 1522 2798 voluptatem
1551 2729 1656 2783 sibi
1685 2729 1819 2785 satis
1855 2746 1975 2785 esse
2009 2734 2163 2802 quod

582 2826 779 2867 manna
804 2814 1159 2880 tribueretur,
1186 2818 1334 2887 quod
1360 2827 1444 2874 est
1466 2821 1626 2890 panis
1651 2821 1970 2892 angelorum
1999 2823 2163 2879 intel-

582 2902 827 2975 ligibilis,
856 2914 912 2960 et
944 2904 1116 2976 ﬁgura
1140 2908 1449 2965 dulcedinis
1474 2912 1614 2981 ejus,
1636 2928 1758 2982 quae
1777 2930 1877 2984 per
1900 2904 2165 2985 Spirituni

583 2996 764 3062 datur,
800 3012 1078 3068 nunquam
1122 3000 1480 3070 perfecissent
1508 3002 2010 3073 concupiscentiam
2041 3020 2164 3059 car-

582 3087 689 3154 nis,
714 3103 891 3158 ncque
915 3091 1324 3160 corruptionem
1347 3106 1415 3146 ex
1441 3092 1534 3147 illa
1570 3092 1928 3148 messuissent
1963 3093 2026 3148 ¹⁹.
2053 3094 2165 3149 Νο-

586 3179 794 3235 tissima
832 3193 964 3233 vero
996 3178 1221 3235 fuerunt
1262 3180 1411 3237 illius
1449 3183 1637 3253 populi
1661 3192 2015 3239 monumenta
2047 3202 2060 3238 :
2091 3184 2164 3241 ibi

582 3285 841 3342 namque,
873 3271 1071 3341 inquit,
1107 3273 1445 3341 sepelierunt
1485 3275 1964 3344 concupiscentem
1989 3291 2166 3346 popu-

583 3360 720 3423 lum,
733 3360 888 3429 juxta
910 3358 1043 3413 illud
1071 3377 1114 3412 ει
1143 3360 1319 3413 Erunt
1340 3359 1397 3413 in
1417 3360 1685 3415 visionem
1701 3361 1850 3415 omni
1865 3363 2017 3417 carni
2037 3363 2114 3416 ὀε
2140 3382 2158 3414 ι

583 3456 642 3501 et
682 3448 777 3516 qui
809 3446 905 3500 illo
932 3447 1076 3501 malo
1118 3446 1349 3501 affectus
1378 3453 1483 3511 est,
1514 3447 1749 3518 populus
1776 3449 2168 3519 concupiscens

583 3542 672 3590 cst
701 3535 1022 3606 appellatus,
1046 3536 1201 3607 juxta
1224 3536 1381 3602 illud,
1406 3537 1624 3607 opinor,
1653 3538 1801 3608 quod
1836 3539 2012 3594 estde
2040 3539 2168 3609 qui-

586 3627 819 3683 busdam
852 3627 1061 3682 dictum
1092 3646 1105 3680 :
1142 3618 1159 3678 ι
1190 3626 1434 3695 Quorum
1458 3627 1631 3699 gloria
1654 3629 1711 3684 in
1732 3629 2054 3686 confusione
2081 3631 2167 3700 ip-

519 3766 525 3771 .
586 3733 774 3773 sorum
801 3720 843 3752 ²¹
871 3736 884 3772 :
929 3738 947 3771 ›
977 3734 1009 3773 a
1035 3727 1260 3789 peccato
1298 3720 1447 3775 enim
1482 3719 1717 3776 deducta
1742 3729 1827 3776 est
1847 3737 2039 3777 eorum
2070 3737 2168 3792 ap-

587 3808 830 3878 pellatio,
850 3815 907 3862 et
927 3807 1131 3863 misero
1154 3808 1391 3878 quodam
1413 3809 1575 3863 modo
1596 3825 1762 3880 super
1780 3813 2012 3868 mortuis
2029 3828 2173 3868 sem-

2255 456 2317 508 rb
2372 456 2468 509 xal
2518 455 2690 525 αὐτῆς
2721 454 2964 518 δουλείας
3011 453 3274 524 ἀλογῆσαι
3321 449 3414 504 τὸν
3466 447 3704 522 Ἰσραὴλ,
3746 448 3845 502 καὶ

2256 547 2508 617 ἡγεῖσθαι
2534 546 2664 617 παρ’
2692 546 2843 599 οὐδὲν
2869 545 2998 610 τοὺς
3031 546 3090 599 ἐν
3120 542 3383 614 Αἰγύπτῳ
3412 542 3629 605 πόνους,
3660 540 3845 611 κρεῶν

2259 636 2352 690 καὶ
2388 635 2638 707 λαχάνων
2666 634 2830 688 ἕνεκα
2856 636 2965 688 τῶν
2994 632 3435 688 δυσωδεστόιτων.
3466 633 3580 686 Καὶ
3602 632 3751 703 ἡμᾶς
3782 630 3864 715 be

2257 725 2452 789 αὐτοὺς
2486 723 2688 796 θερμαὶ
2722 724 2816 777 καὶ
2863 723 3105 794 δριμεῖαι
3149 721 3410 785 πολλάκις
3455 719 3848 775 ἀναπείθουσιν

2259 817 2462 888 ἡδοναὶ,
2485 816 2586 888 τὴν
2610 814 2715 870 ὑπὸ
2738 814 2816 886 τῷ
2848 814 3079 886 διαϐόλῳ
3110 813 3352 868 δουλείαν
3384 811 3635 883 ἡγεῖσθαι
3668 828 3850 884 φορη..

2257 908 2377 979 τὴν,
2420 909 2515 963 καὶ
2562 905 2819 979 φθαρτῶν
2862 905 3023 961 ἕνεκα
3081 906 3176 961 καὶ
3220 903 3604 974 γεωδεστέρων
3648 904 3847 957 ἐπιθυ-

2263 1000 2421 1070 μιῶν,
2453 1000 2566 1062 τοῖς
2594 997 2692 1066 τῆς
2726 998 3001 1069 ἁμαρτίας
3031 994 3604 1066 ἐγκαταδεσμεύεσθαι
3630 994 3841 1064 ζυγοῖς.

2273 1087 2413 1142 Ἀλλ’
2452 1087 2624 1141 ἐδίδου
2657 1087 2751 1142 καὶ
2777 1087 2901 1141 τότε
2929 1087 2991 1141 rb
3027 1088 3416 1159 σαρκοφαγεῖν,
3445 1086 3547 1140 οὐκ
3579 1087 3659 1150 είς
3687 1086 3841 1157 μίαν,

2260 1180 2384 1235 οὐδέ
2417 1182 2496 1244 εἰς
2524 1179 2658 1232 δέκα
2696 1177 2878 1251 τυχὸν,
2911 1179 3029 1234 ἀλλ’
3070 1181 3152 1244 είς
3176 1179 3392 1251 ἡμέρας
3419 1178 3735 1251 τριάκοντα,
3772 1178 3843 1231 δι’

2260 1268 2319 1328 οὗ
2366 1271 2687 1344 σημαίνεται
2735 1272 2835 1342 τῆς
2885 1273 2972 1325 ἐπ’
3004 1272 3205 1336 αὐτοὺς
3234 1271 3465 1343 ὀργῆςή
3511 1271 3843 1342 παράτασις.

2275 1363 2489 1436 ,Εφίησι
2530 1364 2587 1417 δὲ
2622 1363 2716 1418 καὶ
2744 1363 2838 1418 νῦν
2870 1364 2983 1427 τοῖς
3019 1364 3264 1434 ἀσχέτως
3310 1363 3729 1416 ἀπονενευκόσιν
3761 1365 3847 1447 είς

2261 1449 2530 1521 κοσμικὰς
2568 1450 2782 1522 ἡδονὰς.
2821 1451 2882 1511 rb
2930 1453 3025 1506 καὶ
3059 1453 3367 1524 μετασχεῖν,
3405 1453 3453 1505 εί
3476 1451 3700 1517 ἐλοιντο,
3733 1451 3847 1505 τῶν

2264 1542 2562 1614 σαρκικῶν,
2592 1543 2686 1596 καὶ
2729 1544 2810 1607 είς
2837 1543 3063 1615 χρόνους
3111 1543 3226 1597 ἐσθ’
3255 1545 3346 1598 ὅτε
3375 1543 3639 1615 μακρούς.
3686 1542 3847 1598 Οῦτω

2262 1633 2372 1704 γὰρ
2416 1634 2636 1704 λέγεται
2678 1634 3012 1707 παραδοῦναί
3050 1651 3205 1700 τινας
3256 1637 3339 1700 εἰς
3381 1635 3640 1707 ἀδόκιμον
3692 1634 3843 1698 νοῦν,

2264 1728 2439 1779 ποιεῖν
2478 1725 2546 1780 τά
2578 1727 2654 1799 μὴ
2689 1726 3015 1800 καθήκοντα.
3062 1726 3202 1780 Ἀλλ’
3250 1727 3481 1791 ἐκείνοις
3511 1727 3733 1797 γέγονεν
3764 1730 3849 1790 είς

2263 1814 2491 1887 χολέραν
2525 1816 2558 1887 ή
2589 1815 2813 1888 βρῶσις,
2848 1815 2943 1870 καὶ
2970 1818 3085 1878 τοῖς
3110 1813 3364 1883 ἀγαπῶσι
3392 1813 3461 1867 τά
3488 1813 3725 1887 σαρκικὰ
3750 1813 3848 1891 καὶ

2263 1903 2571 1974 προτιμῶσι
2602 1901 2698 1956 τοῦ
2713 1903 2899 1975 ’μάννα
2926 1901 3020 1957 τοῦ
3053 1902 3269 1974 νοητοῦ,
3301 1903 3330 1957 ὃ
3356 1903 3656 1974 ἐστιρἴια
3682 1901 3844 1967 Θεοῦ,

2267 1994 2335 2048 τά
2366 1993 2582 2066 φθαρτά
2613 1995 2708 2048 καὶ
2736 1994 2973 2065 ἐπίγεια,
3015 1993 3311 2064 καταλήξει
3360 1994 3496 2065 πρὸς
3523 1993 3750 2048 θάνατον
3784 1993 3850 2046 rb

2263 2083 2568 2156 ἐγχείρημα
2590 2100 2604 2114 ⁶
2640 2083 2736 2149 καὶ
2760 2083 2928 2149 ἐστιν,
2951 2078 3128 2154 οἶμαι,
3158 2083 3306 2136 τουτί
3334 2083 3415 2149 rb,
3455 2103 3474 2136 ι
3522 2082 3582 2135 Ὃ
3607 2083 3849 2153 σπείρων

2264 2178 2344 2239 είς
2385 2176 2485 2247 τὴν
2534 2177 2733 2249 σάρκα,
2786 2176 2851 2230 ἐκ
2891 2176 2992 2246 τῆς
3037 2176 3237 2249 σαρκὸς
3289 2174 3495 2246 θερίσει
3543 2174 3770 2246 φθοράν.
3821 2192 3842 2225 ι

2278 2267 2619 2340 Ἀρῤωστίας
2647 2268 2703 2321 δέ
2733 2268 2834 2336 τῆς
2859 2267 3074 2322 τοιᾶσδε
3124 2267 3287 2339 τυχὸν
3321 2269 3354 2340 ἡ
3391 2266 3543 2330 λύσις
3568 2283 3580 2297 ·
3616 2284 3637 2319 ι
3673 2265 3848 2321 Πνεύ-

2268 2377 2397 2433 ματι
2426 2362 2803 2432 περιπατεῖτε,
2829 2360 2924 2415 καὶ
2951 2358 3249 2431 ἐπιθυμίαν
3277 2359 3480 2432 σαρκὸς
3501 2359 3563 2413 ού
3595 2358 3670 2429 μὴ
3696 2357 3851 2412 τελέ-

2267 2470 2419 2524 σητε.
2451 2452 2817 2524 Στρατεύεται
2848 2451 2958 2523 γὰρ
2991 2454 3025 2523 ἡ
3054 2451 3192 2523 σάρξ
3224 2451 3367 2506 κατὰ
3395 2450 3486 2505 τοῦ
3514 2449 3849 2522 πνεύματος,

2265 2545 2326 2599 rb
2381 2545 2438 2600 δὲ
2479 2544 2699 2617 πνεῦμα
2745 2544 2885 2600 κατά
2931 2544 3030 2615 τῆς
3077 2545 3313 2616 σαρκός·
3342 2545 3513 2599 ταῦτα
3544 2544 3655 2617 γάρ
3698 2545 3851 2599 ἀντία

2268 2654 2446 2690 κειται
2465 2636 2736 2708 ἀλλήλοις.
2754 2656 2772 2688 ι
2791 2638 2881 2701 Ὠς
2907 2636 3066 2709 εἴπερ
3082 2636 3460 2709 ἠϐουλήθησαν
3477 2638 3527 2691 οί
3544 2637 3604 2702 ἐξ
3632 2635 3853 2710 Ἰσραὴλ

2266 2725 2598 2799 ἀποχρῶσαν
2631 2728 2882 2799 ἡγεῖσθαι
2919 2727 3134 2800 τρυφὴν
3173 2728 3274 2801 τὴν
3317 2727 3413 2782 τοῦ
3470 2729 3645 2799 μάννα
3682 2744 3850 2800 χορη-

2265 2816 2412 2886 γίαν,
2447 2820 2475 2873 ὃ
2501 2820 2648 2873 ἐστιν
2682 2819 2843 2891 ἄρτος
2877 2820 3124 2889 ἀγγέλων
3152 2821 3364 2892 νοητὸς,
3390 2821 3486 2874 καὶ
3522 2819 3693 2885 τύπος
3721 2821 3855 2890 γλυ-

2267 2907 2499 2979 κύτητος
2544 2908 2644 2978 τῆς
2684 2910 2772 2964 διὰ
2821 2908 2917 2963 τοῦ
2957 2910 3294 2983 Πνεύματος,
3344 2912 3446 2966 οὐκ
3494 2911 3563 2966 ἂν
3596 2911 3854 2967 ἐτέλεσαν

2269 2994 2562 3066 ἐπιθυμίαν
2615 2996 2837 3065 σαρκὸς,
2880 2998 2990 3052 οὐδ’
3025 2999 3097 3053 ἂν
3146 3000 3204 3067 ἐξ
3242 3002 3412 3073 αὐτῆς
3447 3001 3702 3074 ἐθέρισαν
3745 3004 3850 3074 τὴν

2270 3087 2495 3158 φθοράν.
2538 3107 2557 3139 ι
2616 3089 3025 3161 Ἐπισημότατα
3054 3090 3112 3145 δὲ
3155 3091 3249 3145 τοῦ
3282 3092 3413 3147 λαοῦ
3453 3093 3520 3148 τά
3552 3094 3851 3167 μνήματα’

2269 3178 2385 3231 ἐκεῖ
2413 3177 2545 3251 γὰρ,
2589 3180 2774 3251 φησὶν,
2822 3176 3027 3251 ἔθαψαν
3057 3182 3149 3235 τὸν
3192 3182 3321 3237 λαὸν
3362 3184 3452 3237 τὸν
3482 3184 3851 3259 ἐπιθυμητὴν,

2269 3267 2414 3322 κατὰ
2443 3269 2502 3322 rb
2525 3312 2542 3336 ,
2591 3290 2610 3322 ι
2650 3269 2906 3327 Ἔσονται
2942 3274 3022 3336 είς
3067 3273 3259 3348 ὅρασιν
3307 3274 3457 3348 πάσῃ
3500 3277 3681 3348 σαρκί’
3709 3297 3729 3329 ι
3758 3279 3854 3332 καὶ

2267 3356 2396 3422 λαὸς
2425 3357 2770 3432 ἐπιθυμητὴς
2815 3364 2843 3415 ὁ
2896 3364 3080 3416 ἐκεῖνα
3126 3361 3316 3418 παθὼν
3345 3364 3683 3437 ὠνόμασται,
3730 3367 3852 3420 κατ’

2268 3450 2447 3507 ἐκεῖνο
2488 3446 2642 3524 οἶμαί
2694 3471 2797 3509 που
2843 3454 2903 3509 τὸ
2931 3456 3058 3527 περί
3101 3474 3259 3512 τινων
3286 3460 3594 3531 είρημένοψ
3631 3480 3651 3513 ι
3676 3454 3776 3514 Ὧν
3819 3463 3854 3534 ἡ

2265 3543 2392 3611 δόξα
2422 3545 2480 3598 ἐν
2506 3546 2573 3617 τῇ
2603 3545 2835 3619 αἰσχύνῃ
2862 3548 3063 3601 αὐτῶν·
3098 3567 3116 3600 ι
3154 3549 3262 3603 ἀπὸ
3290 3549 3398 3622 γὰρ
3427 3552 3524 3620 τῆς
3558 3552 3851 3622 ἁμαρτίας.

2267 3636 2302 3706 ή
2327 3634 2514 3711 κλῆσις
2532 3653 2546 3666 ³
2572 3636 2667 3691 καὶ
2693 3636 3047 3710 ἀτελεύτητος
3067 3640 3409 3711 ἐπεγράφετο
3428 3643 3542 3705 τοῖς
3563 3642 3856 3699 τεθνεῶσιν

2270 3724 2505 3796 οἰκτρῶς
2541 3725 2570 3777 ό
2618 3726 2712 3780 ἐπὶ
2755 3730 2872 3791 ταῖς
2925 3727 3235 3800 ἀνανδρίαις
3280 3729 3617 3802 ὀνειδισμὸς,
3663 3732 3761 3787 καὶ
3794 3732 3856 3797 ἐξ

2273 3807 2348 3868 ὧν
2384 3817 2848 3887 κατεγινώσκοντο
2873 3820 2934 3874 rb
2953 3821 3240 3894 ἐπίσημον.

588 3902 804 3971 piterna
834 3900 1062 3972 ignaviae
1093 3902 1467 3972 exprobratio,
1499 3910 1556 3959 et
1587 3920 1776 3959 earum
1808 3921 1992 3961 rerum
2048 3915 2200 3975 nota,
2233 3925 2299 3965 ex
2340 3912 2543 3981 quibus
2587 3913 3073 3982 condemnabatur,
3115 3933 3215 3987 pro
3259 3918 3418 3975 titulo
3483 3920 3722 3991 quodam
3765 3921 3854 3977 in-

587 3995 812 4065 scripta.

657 4080 853 4147 PALL.
881 4081 962 4136 Ita
992 4090 1071 4136 est
1086 4124 1100 4139 .

655 4173 811 4230 CYR.
854 4174 927 4229 lis
968 4176 1155 4246 igitur,
1199 4177 1291 4246 qui
1329 4194 1514 4234 revera
1541 4180 1795 4252 discipuli
1830 4199 1950 4240 esse
1974 4186 2165 4254 velint,

585 4279 933 4334 summopere
957 4265 1177 4320 vitanda
1198 4274 1283 4321 est
1306 4267 1396 4322 illa
1417 4269 1473 4324 in
1494 4268 2165 4343 laboribusjmpatieutia,

583 4364 642 4410 et
659 4356 810 4411 iners
830 4357 1215 4423 murmuratio,
1240 4367 1295 4414 et
1321 4359 1531 4431 ingrata
1554 4363 1682 4417 vani
1707 4366 1981 4422 sermonis
1995 4369 2170 4439 jacta-

2344 4094 2555 4149 ΠΑΑΑ.
2611 4097 2852 4168 Ἀληθές.

2347 4185 2511 4240 ΚΥΡ.
2552 4187 2760 4243 Οὐκοῦν
2799 4190 2881 4242 ὅτι
2927 4190 3162 4260 μάλιστα
3218 4197 3586 4268 παραιτητέον
3633 4199 3746 4263 τοῖς
3787 4214 3852 4267 γε

2270 4277 2487 4350 ἀληθῶς
2536 4280 2852 4352 φιλομαθεῖν
2894 4285 3209 4355 ᾑρημένοις,
3245 4287 3307 4341 τό
3348 4305 3412 4358 γε
3440 4289 3751 4359 ἀτληπαθὲς
3792 4293 3851 4343 ἐν

2272 4370 2478 4435 πόνοις,
2509 4372 2601 4425 καὶ
2627 4373 2938 4445 γογγυσμὺν
2967 4375 3196 4448 ἀδρανῆ,
3218 4379 3310 4432 καὶ
3337 4380 3627 4453 ἀχάριστον
3652 4383 3853 4437 εἰκαιο-

587 4446 683 4513 ιίο,
708 4454 784 4512 et,
826 4446 973 4516 quod
1012 4448 1183 4519 magis
1216 4465 1381 4519 quam
1422 4458 1619 4508 caetera
1645 4454 1916 4511 nefarium
1944 4467 2048 4524 est,
2074 4476 2163 4515 ca-

587 4536 819 4565 -ηι-υιιηιη
870 4553 939 4565 ..Α
1001 4538 1408 4565 2......ενηηηιΑ-ι-
1463 4551 1774 4565 -....-.-..----
1824 4560 1872 4565 --
1930 4564 1939 4565 ,
1978 4564 1985 4565 ,
2022 4564 2031 4565 ,
2115 4549 2153 4565 Ι.

2277 4461 2496 4532 μυθίαν,
2533 4462 2626 4517 καὶ
2657 4463 2805 4533 τόγε
2833 4465 2940 4519 τῶν
2978 4446 3540 4544 ἀλ).ωνάνοσιῶτερόν
3571 4489 3705 4537 πως,
3741 4473 3851 4527 τῶν

584 4536 823 4592 vendum
870 4553 940 4593 ne
1001 4538 1412 4609 inquinamenta
1458 4551 1778 4614 expetamus
1815 4560 1880 4601 ea
1920 4564 2041 4618 qua:
2096 4549 2163 4604 de

2273 4557 2339 4609 ἐκ
2367 4554 2699 4625 φαυλότητος
2725 4557 2820 4611 καὶ
2864 4557 3219 4631 φιλοσαρκίας
3248 4536 3497 4629 ἐφίεσθαι
3537 4563 3845 4636 μολυσμῶν.

585 4627 853 4698 nequitia,
883 4637 940 4684 et
968 4629 1151 4685 carnis
1171 4632 1567 4702 cupiditatibus
1591 4634 2031 4705 proﬁciscuntur.
2060 4638 2163 4706 Qui

488 4712 492 4717 ’
582 4719 730 4774 enim
765 4718 847 4774 sic
869 4718 1101 4776 aﬁ‘ectus
1131 4731 1235 4789 est,
1272 4725 1491 4780 vacillat
1521 4726 1576 4781 in
1605 4736 1893 4800 utramque
1927 4739 2161 4801 partem,

583 4815 639 4862 et
677 4809 908 4863 rationis
937 4810 1101 4865 tibias
1139 4812 1514 4872 claudicantes
1555 4817 1739 4875 habet.
1775 4819 2050 4892 Scriptum
2080 4830 2165 4879 cst

583 4896 730 4951 enim
761 4915 773 4949 :
806 4916 824 4948 ι
857 4898 950 4953 Va:
972 4900 1232 4959 cordibus
1259 4905 1484 4974 timidis,
1510 4919 1567 4965 ct
1588 4912 1839 4967 manibus
1861 4913 2163 4981 dissolutis,

583 4994 640 5041 et
661 4988 939 5059 peccatori
964 4989 1291 5061 ingredienti
1316 4998 1571 5069 per‘duas
1591 5002 1813 5057 semitas
1838 5004 1913 5057 “l
1950 5023 1968 5055 ι
1996 5004 2168 5075 Opor-

586 5086 663 5134 tet
685 5088 867 5135 autem
890 5095 1011 5136 mea
1031 5083 1253 5153 quidem
1280 5091 1574 5157 sententia,
1596 5093 1926 5163 patientiam
1954 5106 2012 5152 et
2040 5114 2165 5154 sus-

585 5174 794 5230 tinendi
831 5175 1179 5231 tolerantiam
1220 5178 1277 5233 in
1313 5181 1565 5238 maximis
1600 5186 1766 5241 rebus
1789 5198 2164 5257 numerantes,

584 5264 901 5321 meminisse
924 5264 1128 5321 Christi
1168 5266 1405 5325 dicentis
1432 5288 1445 5324 :
1479 5290 1498 5323 ι
1535 5271 1591 5328 Si
1627 5275 1751 5345 quis
1782 5280 1900 5332 vult
1924 5287 2049 5349 post
2079 5296 2166 5336 me

656 5396 699 5425 ²⁶
728 5396 966 5488 1391331.},
995 5400 1206 5488 2S._v"
1238 5402 1413 5462 Galat.
1448 5423 1522 5471 τι,
1563 5405 1615 5462 8.
1694 5410 1736 5441 ⁸⁸
1776 5409 1951 5465 Galat.
1987 5429 2037 5477 v,
2072 5414 2156 5469 16.

2266 5417 2280 5446 ⁵
2315 5419 2476 5474 Num.
2514 5438 2575 5487 ιι,
2616 5424 2670 5488 Δ,
2698 5425 2750 5479 9.

585 5462 672 5518 19.
749 5467 793 5498 ³³
820 5462 967 5526 Eccli
984 5512 996 5524 .
1015 5487 1074 5538 ιι,
1095 5471 1181 5527 15.

649 5582 727 5669 (1)
768 5583 1175 5669 εἰειοοόε-Υὲι.
1204 5593 1322 5649 Non
1347 5594 1580 5649 multum
1611 5595 1879 5669 dissimile
1903 5607 1989 5654 est
2010 5603 2159 5669 quod

580 5653 782 5726 legitur
822 5656 964 5713 libro
1007 5660 1073 5714 111
1097 5662 1325 5734 Regum,
1363 5680 1481 5736 cap.
1516 5682 1664 5720 mu.
1706 5668 1811 5732 ἕως
1843 5653 2155 5741 πότε

2285 4647 2741 4720 Ἐπαμφοτερὶζει
2773 4648 2881 4721 γὰρ
2909 4652 2938 4705 ό
2964 4651 3221 4719 τοιοῦτος,
3251 4655 3343 4709 καὶ
3363 4655 3461 4727 τὴν
3492 4656 3592 4727 τῆς
3614 4657 3849 4722 διανοίας

2276 4737 2426 4808 ἰγνὺν
2443 4738 2784 4810 χωλεύουσαν
2802 4740 2915 4812 ἔχει
2938 4742 2956 4811 (
2965 4742 3036 4814 1).
3068 4743 3526 4820 Γέγραπαιγάρ,
3556 4750 3639 4804 δτι
3671 4767 3689 4801 ι
3711 4748 3849 4803 Οὐαὶ

2271 4829 2522 4901 καρδίαις
2541 4830 2763 4896 δειλαῖς,
2803 4832 2899 4886 καὶ
2926 4835 3082 4905 χερσὶ
3126 4838 3506 4912 παρειμέναις,
3529 4841 3623 4895 καὶ
3666 4842 3848 4913 ἀμαρ-

2268 4920 2429 4989 τωλῷ
2460 4921 2794 4977 ὲπιὸαίνοντι
2814 4925 2906 4978 ἐπὶ
2934 4925 3028 4979 δύο
3050 4928 3289 4999 τρίϐους.
3328 4950 3346 4984 ι
3376 4933 3418 4984 Χ
3429 4932 3584 5003 ρῆναι
3613 4933 3670 4986 δὲ
3696 4931 3848 5003 οἶμαι

2268 5008 2331 5063 rb
2358 5009 2630 5080 τληπαθὲς
2668 5014 2761 5067 καὶ
2806 5015 2867 5068 rb
2909 5018 3174 5089 καρτερὸν
3213 5022 3293 5083 εἰς
3327 5023 3604 5095 ὑπομονὴν
3648 5023 3848 5086 παντὸς

2271 5100 2558 5165 ἀξιοῦντας
2608 5103 2770 5173 λόγου
2817 5105 3219 5179 διαμεμνῆσθαι
3269 5111 3516 5182 λέγοντος
3567 5114 3662 5167 τοῦ
3712 5116 3847 5186 Χρι-

2272 5193 2419 5247 στοῦ·
2459 5214 2477 5246 ι
2511 5196 2582 5250 Εἴ
2607 5213 2690 5260 τις
2714 5195 2854 5250 θέλει
2879 5198 3052 5254 ὀπίσω
3079 5218 3179 5271 μου
3212 5203 3407 5268 ἐλθεῖν,
3440 5206 3846 5278 ἀπαρνησάσθω

2270 5285 2484 5352 ἑαυτὸν,
2506 5288 2597 5341 καὶ
2615 5288 2802 5359 ἀράτω
2817 5289 2909 5343 τὸν
2922 5292 3153 5363 σταυρὸν
3168 5294 3355 5361 αὑτοῦ,
3375 5296 3471 5350 καὶ
3485 5296 3845 5351 ἀκολουθείτω

2855 5424 3030 5480 "lsa.
3090 5429 3343 5493 er,24.
3424 5434 3467 5465 ³³
3492 5434 3729 5505 Philipp.
3759 5452 3838 5502 ιη,

2304 5606 2563 5690 ωλανεξτε
2604 5612 2691 5690 ἐπί
2721 5614 3059 5690 ἀμφοτέραις
3106 5622 3332 5690 ίγνύαις.
3366 5624 3472 5681 Sed
3503 5627 3673 5684 codex
3720 5630 3836 5687 Sir-

2285 5677 2359 5731 cti
2403 5677 2641 5737 habebat
2671 5677 2843 5757 ίσχῆν.
2871 5677 3225 5762 (Ιέτιείίσίίον
3256 5677 3642 5755 εόὲαᾜῖρῖίιῖί.
