4138 6300
407 337 516 399 393

1142 338 1230 395 DE
1263 328 1709 395 ADORA'I‘IONE
1745 335 1814 392 IN
1854 331 2124 394 SPIRITU
2161 335 2252 395 ET
2289 333 2660 402 VERI’I‘ATE.
2700 340 2829 397 LIB.
2870 338 2936 396 ν.

3553 331 3660 392 391

413 473 525 523 μοι.
557 472 580 504 θ
611 453 909 514 τουτέστιν,
937 441 1001 504 Εἰ
1025 449 1089 520 δὴ
1121 449 1358 519 βούλοιτό
1379 467 1464 514 τις
1491 449 1618 519 ἐμὸς
1641 443 1778 502 εἶναι
1810 447 1982 518 μαθη-

2083 451 2293 517 venire,
2324 452 2480 524 163
2505 453 2739 524 abneget
2766 449 3142 520 semetipsum,
3176 455 3233 509 et
3258 445 3414 503 tollat
3436 458 3660 503 crucem

409 545 527 614 τὴς.
555 543 642 596 διὰ
657 542 766 596 τῶν
792 541 921 596 ίσων
946 543 1068 613 ἐμοὶ
1087 542 1430 612 παθημάτων
1450 541 1634 612 ἡκέτω
1659 539 1982 612 προθύμως,

408 637 502 689 καὶ
535 634 698 687 οίονεὶ
746 633 846 704 τὴν
883 633 1053 704 αὐτὴν
1096 633 1193 686 ίτω
1228 649 1288 686 τε
1329 634 1423 687 καὶ
1456 631 1724 701 ἀγαπάτω
1764 632 1981 704 τρίϐον⁴

410 722 881 777 συναναπαύσεται
907 723 1016 794 γὰρ
1042 719 1195 786 οὗτος
1223 722 1316 775 καὶ
1341 723 1786 795 συνδιαιτήσεται.
1815 722 1984 776 Τοῦτο

407 815 466 867 δέ
502 817 634 884 ἡμῖν
683 813 846 876 αὐτὸς
893 814 1073 884 ἐζήτει
1115 813 1267 882 παρά
1300 813 1394 866 τοῦ
1437 811 1572 866 Θεοῦ
1610 813 1705 866 καὶ
1747 813 1980 884 Πατρὺς,

407 907 612 973 λέγων·
672 924 690 956 ι
722 905 874 959 Θέλω
923 904 1011 958 ἵνα
1056 905 1190 960 ὅπου
1221 903 1338 975 είμὶ
1378 902 1508 972 ἐγὼ,
1548 904 1665 958 ἐκεῖ
1703 905 1797 959 καὶ
1829 906 1984 958 αὐτοὶ

411 997 530 1068 μετ’
564 996 698 1067 ἐμοῦ
723 991 852 1050 ὦσι.
892 1014 910 1048 ι
962 995 1072 1050 Καὶ
1103 996 1304 1068 ἑτέρως
1350 996 1408 1050 δέ
1442 993 1706 1066 σύνεσμεν
1737 995 1814 1066 τῷ
1844 997 1981 1067 Χρι-

413 1087 540 1158 cui),
598 1087 1026 1158 περιπατοῦντες
1065 1087 1165 1157 μὲν
1207 1087 1300 1140 ἐπὶ
1336 1084 1462 1158 γῆς,
1489 1087 1675 1140 οὐκέτι
1706 1087 1764 1140 δὲ
1790 1103 1984 1157 σαρκι-

410 1182 543 1244 κῶς,
595 1179 730 1233 ἀλλὰ
776 1179 1160 1249 πνευματικῶς
1205 1178 1631 1247 πολιτευόμενοι,
1677 1176 1772 1231 καὶ
1817 1180 1986 1231 κατά-

410 1269 558 1339 λυμα
585 1268 678 1321 καὶ
706 1268 1009 1321 ἀνάπαυσιν
1053 1267 1325 1319 ποιεῖσθαι
1360 1267 1781 1331 σπουδάζοντες,
1808 1266 1868 1319 τὸ
1895 1267 1984 1320 δο-

411 1362 540 1416 κοῦν
567 1359 734 1430 αὐτῷ.
787 1361 970 1429 Ἔχεις
1023 1357 1406 1429 γεγραμμένον
1439 1358 1497 1412 ἐν
1539 1362 1653 1422 τοῖς
1708 1357 1986 1430 Ἀριθμοῖς

411 1452 506 1504 τὸν
533 1451 624 1503 ἐπὶ
641 1451 776 1521 τῷδε
795 1450 993 1503 τύπον·
1021 1469 1038 1502 ι
1066 1451 1175 1503 Kal.
1197 1453 1271 1522 τῇ
1299 1451 1501 1522 ἡμέρᾳ,
1536 1469 1556 1500 ι
1584 1451 1770 1520 φησὶν,
1811 1469 1829 1501 ι
1866 1453 1923 1503 ἐν

412 1543 614 1613 ἐστάθη
661 1544 696 1612 ἠ
733 1541 926 1612 σκηνὴ,
963 1542 1230 1612 ἐκάλυψεν
1279 1543 1313 1613 ἡ
1355 1541 1566 1612 νεφέλη·
1603 1540 1702 1612 τὴν
1758 1542 1983 1611 σκηνὴν,

410 1635 502 1686 τὸν
521 1629 670 1686 οἷκον
698 1632 794 1685 τοῦ
830 1633 1152 1704 μαρτυρίου.
1186 1631 1296 1686 Καὶ
1324 1633 1386 1686 τὸ
1419 1632 1656 1703 ἑσπέρας
1676 1627 1744 1702 ἦν
1770 1633 1862 1684 ἐπὶ
1887 1631 1986 1700 τῆς

418 1724 620 1795 σκηνῆς
643 1725 722 1788 ὡς
746 1719 885 1788 εῐδος
909 1742 978 1777 πυ
986 1723 1077 1794 ρδς
1104 1724 1209 1786 ἓως
1233 1725 1376 1794 πρωῒ
1397 1740 1409 1754 ’
1441 1722 1614 1786 οὕτως
1635 1722 1840 1792 ἐγίνετο
1868 1725 1981 1775 δια-

413 1817 647 1880 παντός’
696 1818 731 1888 ἡ
779 1815 976 1885 νεφέλη
1027 1816 1327 1869 ἐκάλυπτεν
1374 1815 1544 1886 αὐτὴν
1600 1815 1831 1886 ἡμέρας,
1889 1816 1983 1868 καὶ
2015 1799 2056 1855 Β

412 1905 551 1972 εἶδος
583 1909 753 1980 πυρὸς
783 1908 882 1978 τὴν
926 1908 1115 1962 νύκτα.
1165 1907 1274 1961 Καὶ
1300 1906 1461 1978 ἡνίκα
1496 1907 1664 1976 ἀνέϐη
1695 1908 1728 1978 ἠ
1782 1907 1980 1976 νεφέλη

413 1999 520 2054 ἀπὸ
543 1999 641 2070 τῆς
669 1998 891 2069 σκηνῆς,
919 1998 1055 2070 μετά
1080 1997 1254 2052 ταῦτα
1276 1997 1494 2067 ἀπῆραν
1518 1997 1567 2049 οἱ
1588 1997 1693 2050 υἱοὶ
1730 1997 1946 2066 Ἰσραήλ
1965 2014 1977 2026 ·

412 2092 506 2145 καὶ
535 2091 592 2144 ἐν
615 2090 691 2160 τῷ
737 2090 886 2160 τόπῳ
910 2085 970 2144 οῦ
1014 2088 1080 2142 ἂν
1108 2088 1236 2158 ἔστη
1282 2090 1316 2159 ή
1361 2088 1592 2158 νεφέλη,
1629 2089 1746 2140 ἐκεῖ
1780 2105 1982 2159 παρεν-

411 2184 604 2238 έϐαλον
647 2185 696 2236 οί
726 2183 831 2236 υίοὶ
900 2182 1148 2253 Ἰσραήλ·
1201 2181 1289 2234 διὰ
1323 2179 1742 2251 προστάγματος
1777 2181 1981 2251 Κυρὶου

410 2274 850 2345 παρεμϐαλοῦσιν
866 2274 915 2327 οι
936 2274 1046 2327 υἱοὶ
1079 2273 1315 2346 Ἰσραὴλ,
1340 2273 1433 2326 καὶ
1453 2273 1539 2326 διὰ
1564 2272 1981 2344 προστάγματος

410 2369 618 2437 Κυρίου
658 2367 952 2439 ἀπαροῦσι.
994 2366 1179 2428 Πάσας
1211 2365 1308 2428 τάς
1337 2365 1550 2435 ἡμέρας
1573 2367 1630 2418 ἐν
1649 2360 1735 2428 αἷς
1772 2363 1982 2426 σκιάζει

407 2460 443 2528 ἠ
495 2458 691 2528 νεφέλη
733 2458 825 2511 ἐπὶ
869 2457 968 2527 τῆς
1007 2457 1232 2526 σκηνῆς,
1280 2455 1728 2527 παρεμϐαλοῦσιν
1780 2457 1830 2509 0i.
1877 2457 1983 2507 υἱοὶ

422 2549 667 2620 Ἰσραήλ·
690 2549 786 2603 καὶ⁸
812 2550 938 2602 ὅταν
961 2549 1254 2618 ἐφέλκηται
1274 2550 1307 2620 ἡ
1327 2548 1521 2618 νεφέλη
1550 2548 1641 2601 ἐπὶ
1659 2550 1756 2618 τῆς
1780 2547 1983 2618 σκηνῆς

409 2641 625 2712 ἡμέρας
653 2640 890 2704 πλείους,
922 2641 1016 2693 καὶ
1040 2639 1366 2709 φυλάξονται
1408 2641 1456 2694 οι
1496 2640 1600 2694 uio).
1640 2640 1859 2712 Ἰσραὴλ
1883 2640 1980 2712 τὴν

409 2733 655 2801 φυλακὴν
676 2730 766 2784 τοῦ
787 2731 944 2800 Θεοῦ,
962 2732 1057 2785 καὶ
1087 2733 1146 2785 ού
1175 2733 1248 2804 μὴ
1269 2731 1526 2802 ἐξάρωτιο
1555 2731 1651 2786 καὶ
1676 2731 1825 2784 ἔσται
1853 2733 1982 2785 ὅταν

411 2823 659 2895 σκεπάζῃ
677 2825 710 2895 ἠ
726 2823 924 2896 νεφέλη
945 2824 1159 2896 ἡμέρας
1179 2824 1398 2896 ἀριθμῷ
1419 2825 1512 2877 ἐπὶ
1533 2824 1628 2896 τῆς
1649 2825 1872 2896 σκηνῆς,
1895 2824 1982 2879 διά

408 2915 592 2983 φωνῆς
621 2913 825 2984 Κυρίου
855 2913 1288 2984 παρεμϐαλοῦσι,
1315 2912 1410 2966 καὶ
1439 2911 1528 2967 διά
1563 2911 1982 2984 προστάγματος

409 3006 615 3076 Κυρίου
650 3004 956 3076 ἀπαρυῦσι·
988 3006 1084 3058 καὶ
1121 3004 1274 3060 ἐσται
1295 3006 1423 3058 ὅταν
1448 3003 1670 3074 γένηται
1709 3007 1742 3076 ή
1781 3003 1980 3077 νεφέλη

408 3097 502 3165 ἀφ’
536 3096 773 3167 ἑσπέρας
801 3096 906 3159 ἐως
928 3095 1093 3167 πρωῒ,
1120 3096 1213 3150 καὶ
1243 3095 1417 3167 ἀναϐῇ
1450 3097 1483 3166 ὴ
1509 3095 1705 3166 νεφέλη
1728 3093 1977 3167 τδπρωῒ,
2005 3135 2048 3195 c

409 3187 504 3240 xui
531 3187 834 3260 ἀπαροῦσιν
849 3187 958 3258 ῆμέ
967 3203 1066 3259 ρας
1088 3187 1121 3259 ἢ
1142 3187 1368 3254 νυκτὸς,
1383 3187 1481 3242 καὶ
1502 3187 1673 3259 ἀναϐῇ
1699 3188 1734 3259 ἡ
1759 3186 1979 3256 νεφέλη,

408 3277 714 3348 ἀπαροῦσιν
746 3278 998 3350 ἡμέρας,
1043 3279 1076 3350 ἢ
1124 3279 1292 3350 μηνὸς
1339 3279 1549 3352 ἡμέρας
1585 3278 1982 3348 πλεοναζούσης

407 3369 510 3438 τῆς
551 3369 780 3438 νεφέλης
823 3368 1152 3441 σκιαζούσης
1189 3370 1276 3423 ἐπ’
1320 3371 1512 3441 αὐτῆς,
1537 3369 1984 3442 παρεμϐαλοῦσιν

407 3459 461 3512 οἱ
485 3460 589 3512 uio!
610 3459 845 3530 Ἰσραὴλ,
865 3460 958 3514 καὶ
977 3461 1038 3513 οὐ
1066 3461 1141 3532 μὴ
1161 3461 1482 3532 άπαροῦσιν,
1496 3464 1578 3517 ὅτι
1599 3463 1688 3516 διά
1711 3461 1984 3534 προστάγ-

411 3566 582 3618 ματος
626 3550 831 3620 Κυρίου
873 3551 1168 3622 ἀπαροῦσι.
1198 3555 1310 3624 Τὴν
1337 3553 1582 3624 φυλακὴν
1609 3554 1816 3626 Κυρίου
1851 3555 1982 3623 ἐφυ-

409 3638 639 3705 λάξαντο
665 3641 752 3695 διὰ
783 3642 1202 3713 προστάγματος
1225 3645 1430 3715 Κυρίου
1465 3645 1523 3698 ἐν
1550 3644 1694 3714 χειρὶ
1724 3646 1919 3718 Monii.
1955 3663 1978 3699 ι

424 3731 831 3803 Ὲγηγερμένης
860 3734 1000 3787 κατά
1030 3737 1128 3805 τὴν
1169 3736 1372 3806 ἔρημον
1421 3736 1522 3805 τῆς
1556 3737 1717 3806 ἁγίας
1751 3737 1982 3808 σκηνῆς,

412 3822 832 3893 πεπληρωκέναι
877 3826 1011 3892 φησὶ
1073 3825 1171 3898 τὴν
1209 3826 1436 3896 νεφέλην
1463 3829 1662 3898 αὐτήν·
1705 3823 1822 3881 εἷτα
1857 3845 1984 3882 συν-

410 3912 664 3983 απαίρειν
694 3914 790 3966 καὶ
825 3915 1217 3982 συγκαταλύειν
1245 3917 1381 3987 αὐτῇ
1408 3917 1739 3988 προστέταχε
1768 3920 1892 3982 τοὺς
1925 3919 1986 3984 ἐξ

425 4001 660 4072 Ἰσραὴλ,
690 4003 803 4056 ἄνω
843 4020 904 4055 τε
942 4003 1036 4056 καὶ
1088 4005 1237 4058 κάτω
1285 4007 1422 4076 μετά
1455 4007 1654 4078 πολλῆς
1700 4006 1985 4079 ἀκριϐείας

411 4092 511 4163 τὴν
541 4092 650 4145 τῶν
675 4093 965 4164 ἀπάρσεων
994 4095 1314 4166 ἐπιτήρησιν
1337 4097 1606 4152 ποιεῖσθαι
1634 4100 1984 4170 παρεγγυῶν,

412 4185 509 4238 καὶ
543 4185 816 4256 ἐπισφαλῆ
843 4187 942 4257 τὴν
973 4188 1284 4259 παράϐασιν
1316 4191 1428 4253 τοῖς
1457 4188 1697 4244 ἐθέλουσι
1722 4190 1986 4263 ῥᾳθυμεῖν

412 4272 520 4326 ἀπό
547 4290 609 4342 γε
633 4273 822 4328 τούτου
863 4277 1097 4340 δεικνύς.
1143 4277 1303 4331 Ἀλλά
1330 4278 1488 4331 ταυτὶ
1522 4279 1621 4349 μέν
1673 4279 1982 4350 ίστορικῶς.

414 4363 719 4435 Θεωρῶμεν
741 4365 797 4417 δὲ
817 4365 918 4436 ήδη
936 4367 1502 4438 πνευματικῶς.”Αμα
1528 4385 1588 4421 τε
1610 4368 1719 4440 γὰρ
1747 4371 1984 4440 ἐγήγερ-

2085 554 2263 607 suam,
2291 550 2347 597 et
2369 551 2630 613 sequatur
2653 560 2740 599 me
2766 544 2840 609 ";
2877 562 2894 594 ι
2927 541 3034 596 hoc
3062 548 3168 606 est,
3194 537 3251 595 Si
3277 540 3402 610 quis
3421 538 3664 594 voluerit

2083 646 2241 685 meus
2277 647 2397 687 esse
2423 631 2745 702 discipulus,
2783 629 3036 686 eumdem
3065 644 3288 685 cursum
3321 627 3661 699 passionum,

2085 737 2248 792 quem
2291 737 2392 794 ego
2417 723 2590 787 tenui,
2619 721 2874 778 alacriter
2896 728 3179 791 sequatur,
3202 735 3272 775 ac
3300 717 3472 775 veluti
3507 733 3662 773 eam~

2085 813 2208 868 dem
2255 813 2398 868 viam
2437 811 2776 884 ingrediatur
2807 819 2866 867 et
2892 810 3122 882 diligat:
3175 809 3222 866 is
3251 809 3404 865 enim
3445 823 3659 864 mecum

2085 920 2193 958 una
2214 904 2522 973 requiescet
2543 910 2600 957 et
2622 903 2791 958 simul
2807 902 3118 957 versabitur
3137 917 3154 954 1:
3181 901 3288 956 hoc
3309 916 3543 971 namque
3565 915 3664 953 no-

2085 993 2173 1049 bis
2195 994 2308 1063 ipse
2331 994 2550 1064 petebat
2569 1009 2601 1048 a
2625 993 2738 1049 Deo
2775 999 2831 1048 et
2869 993 3051 1058 Patre,
3070 1005 3200 1048 cum
3223 991 3431 1048 diceret
3457 1007 3502 1044 τι
3525 989 3662 1046 Volo

2085 1095 2166 1150 ut,
2193 1087 2288 1141 ubi
2318 1103 2436 1141 sum
2459 1102 2580 1159 ego,
2607 1088 2683 1143 ibi
2704 1085 2868 1142 etiam
2898 1083 3002 1156 ipsi
3026 1099 3242 1140 mecum
3265 1083 3378 1139 sint
3401 1083 3468 1138 “.
3501 1099 3520 1134 ι
3550 1081 3664 1136 Ali-

2085 1185 2171 1232 ter
2191 1195 2408 1248 quoque
2432 1179 2594 1235 simul
2623 1195 2748 1235 cum
2775 1179 2998 1236 Christo
3022 1192 3232 1242 sumus,
3264 1191 3390 1232 cum
3411 1176 3664 1230 ambula-

2085 1285 2209 1324 mus
2242 1270 2465 1340 quidem
2505 1286 2672 1342 super
2707 1278 2935 1334 terram,
2968 1282 3077 1324 non
3121 1276 3305 1322 tamen
3343 1267 3660 1332 carnaliter,

2086 1363 2183 1416 sed
2216 1361 2576 1432 spiritualiter
2598 1375 2990 1418 conversamur
3014 1377 3028 1414 ι
3055 1368 3132 1426 ει,
3156 1360 3306 1430 quod
3343 1361 3394 1416 ei
3435 1359 3660 1430 placue-

2084 1453 2177 1518 rit,
2202 1453 2256 1508 id
2299 1469 2400 1526 pro
2432 1453 2736 1509 diversorio
2775 1469 2839 1509 ac
2877 1454 3069 1523 requie
3111 1453 3319 1509 habere
3353 1452 3658 1508 studemus~

2087 1543 2268 1600 Habes
2291 1545 2346 1600 in
2370 1546 2625 1602 Numeris
2647 1547 2907 1617 scriptam
2937 1545 3101 1617 hujus
3123 1545 3203 1600 rei
3239 1544 3466 1616 ﬁguram
3490 1559 3509 1596 ':
3542 1560 3562 1593 ‹
3592 1542 3663 1597 Et

2087 1632 2200 1698 die,
2228 1653 2246 1685 ι
2271 1635 2471 1705 inquit,
2492 1655 2511 1688 ι
2538 1651 2646 1706 qua
2665 1643 2929 1692 statutum
2957 1643 3042 1691 est
3063 1633 3504 1699 tabernaculum,
3522 1631 3664 1687 texit

2089 1727 2264 1781 nubes
2288 1727 2726 1793 tabernaculum,
2751 1728 2975 1782 domum
3004 1727 3331 1794 testimonii;
3361 1734 3418 1781 et
3447 1727 3662 1796 vesperi

2082 1825 2204 1873 erat
2235 1834 2402 1889 super
2431 1819 2844 1874 tabernaculum
2882 1818 3034 1873 velut
3065 1817 3278 1888 species
3317 1817 3460 1888 ignis
3489 1832 3665 1887 usque

2083 1919 2242 1961 mane
2268 1925 2281 1960 :
2310 1907 2384 1962 ita
2409 1907 2577 1962 ﬁebat
2597 1923 2836 1978 semper,
2865 1907 3039 1963 nubes
3065 1907 3283 1978 tegebat
3305 1905 3442 1961 illud
3465 1905 3575 1971 die,
3605 1914 3664 1961 et

2081 1995 2297 2070 species
2320 1999 2462 2071 ignis
2481 2007 2672 2066 nocte;
2707 2006 2912 2056 etcum
2952 2000 3291 2056 ascendisset
3313 1997 3492 2052 nubes
3510 2013 3544 2052 a
3575 2006 3660 2052 ta-

2081 2095 2398 2160 bernaculo,
2415 2102 2602 2165 postea
2639 2093 3034 2164 promovebant
3050 2090 3146 2146 ﬁlii
3168 2089 3363 2154 Israel;
3383 2095 3438 2144 et
3460 2087 3514 2142 in
3539 2087 3662 2143 loco

2083 2187 2176 2242 ubi
2199 2194 2426 2242 steterat
2446 2185 2643 2251 nubes,
2665 2185 2742 2240 ibi
2769 2193 2949 2242 castra
2973 2182 3316 2239 collocabant
3340 2181 3436 2236 ﬁlii
3450 2179 3619 2236 Israel
3641 2196 3659 2234 :

2082 2294 2181 2347 per
2198 2285 2529 2348 praeceptum
2548 2275 2767 2331 Domini
2789 2283 2964 2330 castra
2983 2273 3331 2330 collocabunt
3347 2270 3444 2326 lilii
3469 2271 3660 2335 Israel,

2081 2374 2138 2418 et
2157 2381 2255 2435 per
2273 2373 2606 2435 praeceptum
2627 2363 2842 2419 Domini
2859 2363 3282 2434 promovebunt.
3301 2361 3504 2417 Omnes
3519 2362 3658 2424 dies,

2085 2455 2138 2509 in
2165 2455 2366 2525 quibus
2402 2455 2697 2510 obumbrat
2738 2455 2914 2509 nubes
2954 2469 3117 2523 supra
3153 2454 3566 2508 tabernaculum
3602 2451 3658 2509 in

2082 2547 2278 2601 castris
2301 2555 2466 2601 erunt
2489 2547 2583 2602 ﬁlii
2616 2547 2813 2612 Israel;
2851 2554 2927 2611 et,
2961 2561 3085 2601 cum
3123 2544 3447 2615 produxerit
3481 2546 3661 2603 nubes

2082 2652 2247 2707 supra
2273 2638 2682 2694 tabernaculum
2710 2637 2828 2692 dies
2850 2638 3056 2707 plures,
3093 2634 3406 2691 custodierit
3439 2634 3539 2690 ﬁlii
3575 2635 3659 2691 Is-

2081 2727 2194 2781 rael
2233 2727 2540 2783 custodiam
2580 2727 2698 2790 Dei,
2737 2722 2792 2782 et
2825 2742 2934 2782 non
2972 2725 3419 2796 promovebunt:
3449 2733 3507 2782 et
3526 2727 3657 2793 erit,

2081 2831 2205 2874 cum
2231 2820 2427 2874 texerit
2448 2819 2622 2874 nubes
2642 2819 2759 2874 dies
2779 2832 3012 2872 numero
3031 2832 3195 2888 super
3211 2816 3656 2882 tabernaculum,

2080 2925 2180 2982 per
2217 2925 2410 2968 vocem
2450 2909 2666 2966 Domini
2693 2909 2750 2964 in
2776 2908 2969 2964 castris
2995 2915 3178 2974 erunt,
3219 2915 3276 2963 et
3313 2922 3413 2978 per
3447 2923 3659 2978 praece-

2080 3010 2235 3073 ptum
2257 3001 2472 3056 Domini
2495 3000 2900 3071 promovebunt
2925 3016 2940 3053 :
2969 3007 3027 3054 et
3057 3000 3181 3064 erit,
3207 3012 3335 3054 cum
3359 2998 3530 3065 fuerit
3549 3015 3658 3054 nu-

2082 3089 2180 3146 bes
2202 3106 2232 3146 a
2247 3106 2474 3161 vespere
2491 3105 2664 3160 usque
2680 3105 2860 3153 mane,
2881 3097 2938 3143 et
2952 3087 3262 3143 ascenderit
3278 3088 3455 3145 nubes
3473 3104 3657 3155 mane,

2082 3189 2140 3236 et
2173 3180 2576 3252 promovebunt
2597 3179 2706 3245 die,
2732 3180 2818 3234 vel
2840 3186 3022 3241 nocte,
3047 3185 3104 3232 et
3125 3177 3438 3232 ascenderit
3459 3179 3656 3241 nubes,

2083 3275 2486 3346 promovebunt
2516 3274 2627 3339 die,
2660 3274 2746 3329 vel
2769 3287 2958 3328 mense
2983 3271 3108 3326 dies
3137 3271 3452 3326 abundante
3490 3272 3658 3336 nube,

2080 3377 2139 3426 et
2162 3368 2520 3423 adumbrante
2551 3382 2716 3438 super
2742 3366 2896 3430 illud,
2928 3365 2986 3420 in
3018 3363 3217 3419 castris
3249 3370 3414 3418 erunt
3442 3361 3539 3418 ﬁlii
3576 3363 3657 3417 ls-

2081 3460 2215 3525 rael,
2241 3467 2298 3515 et
2318 3475 2428 3515 non
2455 3459 2885 3530 promovcbunt;
2911 3457 3168 3528 quoniam
3201 3470 3300 3527 per
3322 3464 3656 3526 prmeeptum

2081 3550 2299 3607 Domini
2328 3550 2757 3622 promovebunt;
2791 3549 3096 3605 custodiam
3131 3547 3346 3603 Domini
3378 3547 3658 3603 custodie~

2082 3649 2214 3696 runt
2257 3656 2357 3712 per
2392 3649 2722 3710 praeceptum
2757 3639 2973 3694 Domini
3013 3637 3074 3693 in
3113 3655 3280 3693 manu
3319 3638 3488 3710 Moysi
3531 3639 3598 3693 ⁸⁸.
3632 3657 3652 3692 ι

2081 3729 2281 3786 Ereeto
2318 3739 2508 3786 sancto
2556 3729 2909 3785 tabernaculo
2954 3730 3014 3784 in
3048 3728 3288 3790 deserto,
3334 3728 3541 3783 nubem
3583 3728 3662 3784 ait

2083 3821 2219 3877 illud
2266 3821 2612 3892 implevisse;
2673 3820 2874 3876 deinde
2928 3818 3090 3875 simul
3154 3833 3281 3874 cum
3336 3818 3432 3874 illo
3489 3819 3660 3890 proﬁ-

2084 3911 2236 3977 cisci,
2267 3911 2540 3981 simulque
2583 3911 2777 3966 sistere
2821 3910 2962 3966 ﬁlios
2991 3909 3155 3964 Israel
3193 3909 3422 3980 iussisse
3463 3909 3660 3972 Deum,

2085 4001 2386 4059 identidem
2418 4003 2824 4059 accuratissime
2849 4001 3251 4073 profectionum
3283 4009 3528 4072 tempora
3557 4001 3653 4057 ob-

2082 4111 2304 4152 servare
2346 4095 2754 4166 praecipientem
2805 4113 2818 4148 :
2859 4108 2970 4165 quo
3021 4094 3160 4164 ipso,
3198 4092 3268 4148 iis
3303 4094 3397 4164 qui
3443 4093 3662 4150 desides

2083 4200 2204 4242 esse
2219 4187 2439 4250 vellent,
2460 4185 2722 4241 indicavit
2740 4185 3103 4256 periculosam
3120 4199 3240 4239 esse
3254 4186 3375 4254 ejus
3391 4185 3470 4239 rei
3485 4194 3665 4240 trans-

2083 4280 2440 4350 gressionem.
2476 4277 2634 4349 164
2660 4277 2834 4346 Atque
2871 4277 2987 4331 lucc
3013 4277 3275 4346 quidem,
3303 4275 3452 4345 quod
3482 4276 3550 4331 ad
3573 4277 3661 4331 bi-

2085 4371 2310 4426 storiam
2347 4371 2608 4440 pertinet,
2642 4369 2787 4424 dicta
2821 4366 2950 4422 sint.
2979 4367 3096 4422 Jam
3143 4381 3277 4421 vero
3310 4366 3456 4421 idem
3495 4368 3660 4439 spiri-

410 4472 498 4508 ται
529 4456 623 4508 καὶ
656 4455 925 4510 ἀνέτειλεν
959 4457 1050 4510 ἐπὶ
1085 4458 1183 4528 τῆς
1211 4459 1314 4528 γῆς
1341 4460 1375 4529 ὴ
1409 4459 1748 4532 ἀληθεστάτη
1785 4460 1978 4533 σκηνὴ,

2084 4461 2308 4516 tualiter
2337 4460 2789 4529 contemplemur.
2823 4457 2998 4512 Simul
3035 4455 3182 4512 enim
3221 4465 3386 4528 atque
3412 4467 3660 4514 erectum

410 4546 687 4600 τουτέστιν
717 4549 750 4619 ἡ
792 4548 1106 4619 Ἐκκλησία,
1150 4550 1502 4621 πεπλήρωται
1534 4551 1637 4622 τῆς
1687 4551 1845 4623 δόξης
1885 4551 1980 4606 τοῦ

411 4637 682 4709 Χριστοῦ·
717 4639 779 4692 τὸ
827 4640 934 4711 γὰρ
976 4640 1349 4694 καλύπτεσθαι
1386 4644 1452 4713 τῇ
1503 4642 1699 4713 νεφέλῃ
1740 4643 1836 4714 τὴν
1884 4645 1983 4716 ἀρ⁶

410 4729 572 4798 χαίαν
623 4729 858 4800 σκηνὴν,
889 4730 988 4799 οὐχ
1034 4730 1238 4800 ἕτερον,
1286 4726 1440 4800 οἶμαί
1470 4746 1595 4797 που,
1641 4731 1792 4802 παρὰ
1825 4732 1982 4786 τοῦτο

410 4820 578 4889 δηλοῖ.
611 4821 794 4891 Πεπλή
806 4839 947 4893 ρωκε
975 4822 1151 4876 τοίνυν
1180 4823 1278 4893 τῆς
1311 4823 1504 4877 ἐαυτοῦ
1532 4825 1689 4896 δόξης
1718 4825 1815 4895 τὴν
1859 4826 1981 4879 Ἐκ-

415 4911 638 4984 κλησίαν
685 4913 714 4965 ὁ
767 4913 1017 4983 Χριστὸς,
1076 4915 1171 4968 καὶ
1227 4915 1339 4979 τοῖς
1393 4915 1492 4986 μὲν
1523 4915 1581 4968 ἐν
1635 4915 1845 4987 ἀμαθίᾳ
1885 4918 1982 4970 καὶ¹

416 5004 609 5074 πλάνῃ,
667 5003 917 5074 καθάπερ
952 5006 1010 5058 ἐν
1062 5004 1219 5058 νυκτὶ
1264 5005 1358 5059 καὶ
1413 5006 1588 5077 σκότῳ
1621 5006 1978 5078 διατρίϐουσι,

416 5095 579 5167 πυρὸς
607 5096 919 5167 ἀναλάμπει
963 5098 1142 5168 δίκην,
1182 5099 1275 5152 τὸν
1301 5099 1489 5170 νοητὸν
1535 5099 1775 5170 δηλονότι
1810 5118 1981 5171 φωτι-

413 5185 545 5254 σμὸν
597 5187 783 5251 ἐνιεὶς,
819 5191 932 5250 τοῖς
981 5205 1044 5256 γε
1081 5189 1189 5260 μὴν
1235 5189 1337 5260 ῆδη
1389 5177 1859 5261 πεφωτισμένοις,
1885 5191 1979 5244 καὶ

411 5276 622 5347 ἡμέραν
666 5277 880 5347 ἔχουσιν
927 5279 985 5330 ἐν
1033 5280 1230 5350 καρδία
1283 5282 1384 5352 τὴν
1441 5281 1658 5353 νοητὴν,
1694 5281 1793 5352 τὴν
1849 5283 1978 5352 παρ’

409 5367 599 5419 ἑαυτοῦ
652 5369 808 5421 σκιάν
849 5387 906 5422 τε
957 5371 1051 5423 καὶ
1081 5370 1290 5441 σκέπην
1323 5372 1658 5444 δωρούμενος
1679 5417 1692 5441 ,
1728 5374 1822 5427 καὶ
1857 5374 1980 5445 δρό-

411 5475 523 5520 σοις
570 5461 766 5523 αὖτοὺς
807 5463 1182 5516 καταπιαίνων
1242 5471 1656 5536 πνευματικαῖς,
1705 5468 1975 5532 τουτέστι,

406 5551 528 5614 ταῖς
557 5551 760 5605 ἄνωθέν
788 5569 844 5604 τε
875 5554 970 5606 καὶ
1000 5553 1088 5606 διὰ
1115 5555 1208 5607 τοῦ
1231 5556 1547 5626 Πνεύματος
1576 5560 1972 5630 παρακλήσεσι.

2086 4562 2191 4619 est,
2232 4560 2289 4609 et
2317 4561 2568 4608 exortum
2595 4566 2761 4622 super
2789 4559 2994 4605 terram
3036 4550 3169 4606 illud
3199 4551 3548 4606 verissimum
3574 4563 3662 4605 ta-

2085 4644 2441 4700 bernaculum
2462 4684 2476 4708 ,
2511 4642 2565 4698 id
2595 4651 2678 4698 est
2697 4685 2710 4707 ,
2741 4642 2984 4697 Ecclesia
3004 4683 3019 4707 ,
3049 4643 3318 4712 repletum
3361 4651 3446 4698 est
3489 4643 3660 4713 gloria

2085 4733 2323 4790 Christi:
2353 4747 2500 4797 nam,
2525 4732 2669 4802 quod
2700 4739 2857 4786 vetus
2880 4730 3011 4785 illud
3050 4731 3465 4785 tabernaculum
3501 4747 3664 4801 oper.-

2086 4835 2202 4881 tum
2234 4833 2318 4880 est
2349 4825 2518 4889 nube,
2560 4825 2699 4879 nihil
2725 4824 2894 4889 aliud,
2933 4839 3053 4879 mea
3085 4824 3378 4889 sententia,
3415 4823 3521 4880 nisi
3552 4824 3660 4879 hoc

2086 4916 2372 4988 signiﬁcat.
2408 4915 2516 4971 Sua
2541 4917 2705 4987 igitur
2726 4916 2896 4989 gloria
2921 4914 3172 4972 Christus
3201 4915 3444 4985 implevit
3472 4915 3664 4970 Eccle-

2083 5010 2252 5074 siam;
2279 5017 2335 5063 et
2363 5009 2428 5062 iis
2450 5008 2672 5078 quidem
2720 5007 2813 5078 qui
2848 5007 2902 5062 in
2935 5008 3150 5063 inscitia
3189 5016 3245 5061 et
3283 5021 3497 5070 errore,
3533 5014 3656 5060 tan-

2085 5116 2247 5169 quam
2292 5099 2348 5154 in
2389 5107 2549 5155 nocte
2581 5115 2645 5154 ac
2688 5099 2930 5155 tenebris
2963 5107 3272 5160 versantur,
3317 5096 3456 5166 ignis
3486 5097 3658 5150 instar

2085 5191 2327 5262 eﬁ‘ulget,
2351 5193 2688 5262 spiritualem
2713 5192 2975 5246 nimirum
3006 5189 3424 5246 illustrationom
3455 5189 3660 5242 immit-

2083 5291 2236 5349 tens;
2263 5283 2534 5339 iis'autem
2561 5284 2654 5354 qui
2675 5285 2787 5354 jam
2837 5281 3129 5337 illuminati
3155 5287 3301 5342 sunt,
3330 5289 3388 5335 et
3420 5295 3655 5349 quorum

2082 5373 2136 5428 in
2165 5375 2330 5429 corde
2356 5375 2656 5446 spiritualis
2686 5375 2864 5428 illuxit
2904 5371 3042 5436 dies,
3077 5387 3108 5426 a
3141 5387 3200 5426 se
3241 5372 3490 5426 umbram
3524 5388 3655 5442 pro-

2079 5467 2480 5536 tectionemque
2504 5467 2751 5537 largitur,
2778 5480 2840 5519 ac
2866 5463 3139 5533 Spirituali
3166 5479 3314 5531 rore,
3345 5464 3396 5518 id
3425 5474 3528 5527 est,
3557 5480 3654 5518 su-

2079 5557 2266 5628 pernis
2309 5567 2364 5612 et
2425 5570 2522 5627 per
2565 5556 2829 5627 Spiritum
2876 5553 3140 5610 adhibitis
3184 5548 3655 5612 consolationibus

479 5729 524 5759 ’³
547 5728 736 5786 Matth.
757 5751 864 5798 χιι,
883 5735 972 5786 24.
1039 5732 1252 5786 "Joan.
1280 5748 1406 5790 xvn.
1434 5733 1520 5787 24.
1587 5738 1629 5766 ’⁵
1653 5735 1812 5789 Num.
1844 5751 1916 5800 Ix,
1948 5735 2130 5791 l5-23.

728 5826 996 5885 PATROL.
1045 5825 1157 5883 Gn.
1205 5825 1457 5884 LXVlII.

3186 5824 3255 5890 I3
