4138 6300
484 321 594 378 595
1295 349 1300 354 -
1527 313 1582 369 S.
1616 313 1896 370 CYRILLI
1937 314 2406 372 ALEXANDRINI
2445 316 2763 375 ARCHIEP.

3647 327 3754 386 596

483 439 610 496 illos
637 437 939 508 impingunt
971 453 983 488 :
1010 434 1116 488 hoc
1142 430 1289 487 enim
1330 439 1432 497 cst,
1456 431 1606 501 quod
1632 441 1893 500 tanquam
1927 431 2059 502 ignis

2175 431 2480 507 Τοῦτο
2529 437 2645 487 ἐστι
2689 435 2749 488 τὺ
2791 438 2865 498 ὡς
2901 439 2958 491 ἐν
3005 439 3136 494 εἱδει
3189 441 3286 512 μὲν
3326 443 3494 514 πυρὸς
3521 445 3751 518 ὁρᾶσθαι

483 531 666 602 specie
691 529 908 584 videtur
935 543 1038 598 per
1073 535 1312 588 noctem,
1337 523 1503 579 nubis
1542 533 1724 579 autem
1752 525 1933 594 specie
1966 541 2065 595 per

483 621 652 680 diem.
674 619 808 674 Nam
831 616 1016 672 adhuc
1050 613 1240 686 pueris
1270 612 1632 668 illustratione
1672 621 1834 682 atque
1857 613 2062 668 illumi-

485 713 705 767 natione
737 725 878 781 opus
899 717 1036 773 erat,
1063 722 1185 778 qua:
1208 705 1330 761 illos
1351 704 1420 760 ad
1443 706 1540 760 Dei
1571 705 1940 775 cognitionem
1964 703 2063 758 ad-

486 806 752 860 duceret:
805 801 844 858 ii
885 815 1019 857 vero
1057 799 1150 870 qui
1179 813 1340 868 supra
1368 797 1470 850 hos
1504 804 1682 860 erant,
1705 797 1928 867 jamque
1963 809 2064 864 per

487 897 650 951 ﬁdem
690 895 964 958 illustrati,
1008 893 1346 962 protectione
1403 896 1570 958 atque
1607 885 1810 941 auxilio
1850 884 2063 954 indige-

463 987 640 1054 Ἰδαῖα,
703 993 766 1041 ut
817 994 1010 1043 aestum
1071 981 1358 1053 praesentis
1413 980 1540 1036 vita
1580 995 1644 1033 ac
1684 977 1898 1048 pondus
1953 973 2063 1030 diei

485 1082 730 1152 perferre
759 1078 976 1135 fortiter
999 1082 1228 1147 possent
1253 1091 1265 1128 :
1293 1089 1420 1128 nam
1453 1092 1470 1123 ι
1499 1071 1704 1128 Omnes
1746 1072 1838 1142 qui
1871 1071 2064 1125 volunt

484 1175 574 1243 pie
593 1173 780 1228 vivere
808 1172 861 1226 in
888 1170 1136 1232 Christo,
1172 1165 1608 1238 persecutionem
1638 1165 1916 1234 patientur
1938 1165 2002 1216 '“.
2039 1183 2054 1214 ι

485 1267 678 1328 Porro,
695 1262 1012 1319 discedente
1037 1260 1204 1325 nube,
1228 1257 1639 1313 tabernaculum
1662 1269 1880 1326 quoque
1901 1253 2063 1308 simul

483 1352 880 1424 proﬁciscitur;
905 1358 962 1406 et
991 1365 1099 1404 una
1124 1362 1249 1402 cum
1275 1346 1369 1401 illo
1399 1346 1544 1400 idem
1570 1344 1847 1400 faciebant
1868 1343 1963 1398 ﬁlii
1988 1343 2064 1397 ls-

483 1450 596 1506 rael
645 1467 656 1503 :
701 1446 983 1504 Christum
1035 1444 1182 1499 enim
1239 1443 1447 1512 ubique
1493 1439 1744 1510 sequitur
1781 1437 2060 1504 Ecclesia,

483 1549 780 1608 sanctaque
817 1537 910 1592 illa
939 1534 1233 1590 multitudo
1256 1531 1621 1597 credentium,
1659 1529 1728 1585 ab
1751 1544 1818 1585 eo
1846 1528 1940 1599 qui
1963 1543 2062 1583 νο·
2101 1577 2104 1580 .

479 1640 570 1688 cat
594 1632 649 1685 in
677 1630 930 1692 salutem,
957 1642 1239 1698 nunquam
1263 1624 1614 1697 disiungitur.

551 1719 748 1777 PALL.
783 1719 1056 1786 Quidnam
1088 1734 1223 1774 vero
1249 1717 1647 1790 profectionem
1683 1720 1949 1778 nostram,
1975 1720 2060 1766 at-

2171 523 2271 595 τὴν
2300 524 2492 610 νύκτα,
2529 527 2587 578 ἐν
2613 526 2668 579 δέ
2717 529 2846 582 εἴδει
2889 530 3139 602 νεφέλης,
3173 533 3272 604 τὴν
3308 535 3543 606 ἡμέραν.
3602 539 3746 592 Ἔδει

2172 616 2301 688 γὰρ,
2333 615 2441 672 ἔδει
2470 619 2584 682 τοῖς
2625 618 2724 688 μὲν
2757 619 2838 672 ἔτι
2872 623 3086 692 νηπίοις
3120 625 3402 696 φωτισμοῦ
3431 628 3526 680 καὶ
3554 627 3743 700 ἐλλάμ-

2170 709 2348 776 ψεως,
2400 708 2500 778 τῆς
2551 709 2930 780 ἀποφερούσης
2981 715 3062 778 είς
3107 713 3469 784 θεογνωσίαν³
3526 721 3637 781 τοῖς
3693 720 3749 774 δὲ

2170 799 2376 852 τούτων
2401 801 2660 872 ἀνωτέρω
2706 803 2798 855 καὶ
2846 803 3354 876 λελαμπρυσμὲνοις
3381 808 3469 863 διὰ
3509 809 3606 880 τῆς
3658 810 3742 864 πί-

2175 907 2370 958 στεως,
2407 893 2618 964 σκέπης
2655 895 2748 946 καὶ
2782 896 3121 966 ἐπικουρίας,
3150 897 3224 961 ὡς
3250 897 3316 951 ἂν
3348 898 3594 954 δύναιντο
3629 917 3732 970 γεν

2172 982 2336 1046 ναίως
2360 983 2656 1052 διενεγκεῖν
2676 983 2772 1038 τοῦ
2800 986 3067 1059 παρόντος
3093 987 3207 1058 βίου
3238 989 3330 1042 τὸν
3358 989 3616 1044 καύσωνα
3654 992 3749 1045 καὶ

2171 1073 2270 1143 τῆς
2305 1075 2519 1144 ἡμέρας
2563 1075 2624 1129 τὸ
2671 1075 2877 1148 βάροςο
2942 1097 2959 1128 ι
3003 1079 3212 1144 Πάντες
3259 1080 3369 1152 γὰρ
3417 1083 3468 1134 οἱ
3503 1081 3750 1146 θέλοντες

2172 1160 2270 1233 ζῇν
2297 1163 2538 1228 εὐσεϐῶς
2571 1167 2629 1219 ἐν
2651 1166 2890 1238 Χριστῷ.
2917 1167 3326 1239 διωχθήσονται.
3380 1189 3399 1222 ι
3452 1171 3739 1242 Ἀπαιρού·
3803 1159 3806 1162 ’

2173 1269 2272 1321 σης
2317 1252 2373 1306 δὲ
2419 1253 2520 1323 τῆς
2567 1257 2814 1328 νεφέλης,
2850 1258 3174 1330 συναπαίρει
3217 1261 3312 1314 καὶ
3346 1261 3380 1332 ἡ
3409 1263 3604 1334 σκηνὴ,
3653 1265 3749 1318 καὶ

2173 1343 2550 1416 καταλυούσης
2597 1348 3048 1416 συγκαθίσταται,
3101 1351 3196 1404 καὶ
3245 1353 3342 1406 σὺν
3394 1353 3531 1424 αὐτῇ
3589 1352 3750 1408 τοῦτο

2171 1433 2339 1506 ἔδρων
2372 1437 2420 1489 0i
2453 1435 2514 1502 ἐξ
2549 1438 2784 1510 Ἰσραήλ·
2821 1439 3014 1495 ἕπεται
3059 1440 3167 1513 γὰρ
3200 1443 3232 1514 ἡ
3284 1443 3578 1515 Ἐκκλησία
3606 1463 3745 1498 παν-

2171 1527 2314 1596 ταχῆ
2350 1525 2428 1596 τῷ
2457 1527 2699 1599 Χριστῷ,
2747 1529 2838 1583 καὶ
2865 1533 2898 1602 ή
2928 1530 3036 1586 τῶν
3065 1533 3428 1586 πιστευόντων
3454 1533 3584 1603 ἁγία
3611 1533 3748 1606 πλη-

2171 1613 2268 1678 θὺς
2294 1615 2388 1669 τοῦ
2417 1617 2708 1682 καλοῦντος
2735 1621 2814 1686 εἰς
2843 1620 3116 1692 σωτηρίαν
3146 1623 3246 1676 οὐκ
3275 1623 3716 1694 ἀπονοσφίζεται.

2241 1708 2452 1763 ΠΛΛΛ.
2510 1711 2620 1763 Καὶ
2673 1710 2758 1775 τίς
2809 1711 2876 1765 ἂν
2923 1715 3092 1765 νοοῖτο
3147 1714 3309 1786 τυχὸν
3341 1715 3376 1786 ἥ
3415 1733 3475 1770 τε
3507 1715 3745 1789 ἄπαρσις

480 1831 589 1886 que
637 1814 852 1870 itineris
895 1812 1282 1876 cessationem,
1323 1817 1604 1882 praeeunte
1651 1823 1717 1863 ac
1756 1805 2059 1862 deducente

2165 1801 2196 1873 ἡ
2208 1799 2324 1872 μῶν
2355 1802 2449 1857 ml
2476 1803 2512 1873 ἡ
2539 1803 2856 1868 κατάλυσις,
2907 1801 3336 1876 προϐιόἀζοντός
3359 1824 3418 1861 τε
3449 1809 3544 1863 ml
3577 1809 3744 1880 ἡγου-

479 1907 723 1971 Cliristo,
742 1904 1079 1960 intellecturi
1099 1901 1328 1960 sumus?

517 2002 536 2022 ⁸
551 1997 708 2054 CYB.
737 1996 960 2052 Nullum
983 2002 1069 2052 est
1093 1995 1238 2050 inter
1260 1993 1379 2050 hac
1405 1991 1705 2061 Scripturae
1726 1988 1918 2053 verba,
1943 2001 2064 2042 mea

481 2089 704 2160 quidem
743 2087 1040 2151 sententia,
1079 2085 1411 2151 discrimen;
1438 2097 1561 2138 cum
1585 2091 1696 2137 tam
1720 2081 1828 2136 hoc
1863 2079 2064 2150 ipsum,

481 2183 642 2238 simul
668 2195 798 2250 cum
825 2179 975 2235 nube
999 2177 1295 2249 proﬁcisci,
1336 2191 1502 2246 quam
1545 2172 1702 2238 illud,
1728 2171 1892 2227 simul
1930 2185 2061 2228 con-

479 2275 696 2338 sistere,
744 2271 974 2344 ﬁguram
1016 2269 1184 2326 veluti
1236 2266 1529 2338 quamdam
1569 2264 1824 2320 ostendat
1865 2269 2066 2318 nostrae

477 2365 797 2429 voluntatis,
825 2376 1077 2434 quacum
1099 2361 1212 2416 Deo
1225 2374 1350 2414 esse
1373 2357 1645 2428 cupimus.
1663 2356 1890 2420 Tamen,
1917 2363 1978 2408 ut
1995 2351 2065 2407 ad

479 2453 922 2525 intelligentiam,
967 2463 1130 2520 quam
1169 2448 1406 2502 maxime
1432 2445 1552 2502 ﬁeri
1577 2443 1783 2516 poterit
1805 2443 2064 2499 subtilem

477 2547 722 2602 animum
748 2543 1107 2615 appellamus,
1131 2538 1266 2594 illud
1285 2537 1554 2602 dicemus,
1579 2535 1816 2606 primam
1841 2535 2062 2605 quidem

477 2639 874 2712 profectionem
903 2650 1044 2701 esse,
1070 2648 1186 2704 qua
1219 2632 1288 2688 ab
1330 2629 1655 2686 inﬁdelitate
1690 2627 1758 2684 ad
1800 2626 1986 2694 ﬁdem,
2009 2638 2064 2684 et

478 2734 550 2789 ab
573 2729 879 2802 ignorantia
914 2727 982 2782 ad
1005 2725 1397 2796 cognitionem,
1449 2730 1506 2776 et
1543 2721 1614 2776 ab
1656 2719 1876 2776 inscitia
1917 2719 2066 2774 illius

478 2820 574 2891 qui
613 2827 809 2874 natura
835 2829 1074 2885 vereque
1103 2815 1249 2869 Deus
1282 2821 1386 2878 est,
1411 2811 1481 2866 ad
1518 2811 1721 2866 claram
1755 2811 1878 2880 ejus
1915 2809 2062 2864 noti-

480 2912 634 2975 tiam,
660 2909 756 2979 qui
780 2906 1164 2962 universarum
1203 2917 1389 2958 rerum
1415 2909 1470 2956 et
1493 2895 1756 2954 Dominus
1781 2905 1840 2952 et
1859 2896 2062 2952 Condi-

480 3007 568 3053 tor
601 3004 707 3060 est,
751 2989 1488 3065 proﬁciscimur._Profectio
1529 2995 1714 3043 autem
1759 2993 1885 3056 post
1924 2986 2066 3040 hanc

478 3087 643 3144 modo
685 3086 890 3141 dictam
931 3083 1172 3140 sec-unda
1205 3090 1312 3148 est,
1339 3095 1515 3150 eaque
1558 3079 1830 3150 perutilis,
1861 3093 1985 3134 cum
2031 3094 2062 3133 a

2171 1891 2333 1963 μένου
2365 1893 2602 1962 Χριστοῦ
2621 1911 2636 1960 ;

2238 1985 2402 2038 ΚΥΡ.
2457 1986 2836 2058 ’Δδιαφορήσει
2891 1987 2988 2056 μέν
3045 2005 3162 2054 πως
3214 1987 3270 2044 ἐν
3309 2006 3372 2060 γε
3414 1991 3478 2062 δὴ
3535 1991 3746 2056 τούτοις

2165 2076 2298 2146 ἡμῖν
2348 2077 2377 2128 ὁ
2429 2075 2604 2144 λόγος,
2660 2077 2830 2130 τύπον
2881 2077 3072 2150 ὥσπερ
3126 2080 3246 2134 τινά
3299 2081 3744 2146 καταδεικνύντος

2167 2169 2297 2237 ἡμῖν
2323 2165 2416 2220 τοῦ
2460 2167 2636 2222 θέλειν
2675 2165 2815 2222 εἶναι
2846 2171 2985 2238 μετὰ
3020 2169 3154 2223 Θεοῦ
3186 2171 3280 2225 τοῦ
3307 2191 3365 2226 τε
3390 2175 3746 2248 συναπαίρειν

2165 2257 2258 2310 καὶ
2293 2258 2758 2326 συγκαθίστασθαι
2791 2263 2855 2331 τῇ
2881 2260 3098 2332 νεφέλῃ·
3133 2262 3272 2334 πλὴν
3303 2265 3382 2328 εἰς
3415 2267 3622 2332 ἐννοίας
3669 2266 3744 2330 ώς

2165 2347 2244 2400 ἔνι
2277 2347 2480 2412 λεπτὰς
2515 2349 2604 2402 τὸν
2631 2349 2752 2428 νοῦν
2774 2350 3025 2417 ἐνιέντες,
3073 2353 3230 2406 πάλιν
3263 2355 3439 2409 ἐκεῖνο
3483 2356 3734 2429 ἐροῦμεν,

2164 2441 2245 2492 ὅτι
2301 2437 2489 2512 πρώτη
2527 2439 2627 2511 μὲν
2660 2441 2901 2513 ἄπαρσις
2934 2445 2966 2514 ἡ
3011 2443 3071 2508 ἐξ
3115 2445 3374 2510 ἀπιστίας
3411 2449 3490 2511 είς
3534 2449 3740 2516 πίστιν,

2165 2529 2258 2584 καὶ
2291 2529 2351 2596 ἐξ
2369 2529 2592 2598 ἀγνοίας
2623 2533 2703 2596 εἰς
2741 2531 2960 2597 γνῶσιν,
2993 2536 3084 2588 ml
3115 2537 3180 2589 ἐκ
3203 2537 3298 2590 τοῦ
3331 2537 3406 2612 μὴ
3434 2538 3632 2592 εἰδέναι
3659 2541 3744 2605 τίς

2161 2625 2190 2675 ὁ
2225 2621 2384 2691 φύσει
2419 2639 2477 2675 τε
2508 2623 2604 2675 καὶ
2641 2623 2862 2694 ἀληθῶς
2901 2624 3059 2690 Θεὸς,
3103 2627 3196 2680 ἐπὶ
3248 2630 3308 2682 τὸ
3331 2630 3525 2684 εἰδέναι
3560 2632 3741 2700 σαφῶς

2162 2714 2252 2767 τὸν
2303 2713 2414 2768 τῶν
2463 2714 2598 2768 ὅλων
2649 2717 2928 2786 Δεσπότην
2968 2720 3059 2772 καὶ
3088 2719 3347 2793 Ποιητήν.
3382 2723 3652 2794 ¹Ἀπαρσις
3683 2723 3742 2776 δὲ

2161 2805 2352 2877 ῶσπερ
2407 2807 2526 2876 μετ’
2571 2807 2787 2878 ἐκείνην
2837 2807 3062 2880 δευτέρα
3113 2812 3208 2864 ml
3263 2812 3568 2886 ἐπωφελὴς,
3599 2817 3632 2885 ἡ
3676 2815 3741 2868 ἐκ

2163 2891 2496 2963 φαυλότητός
2527 2910 2583 2947 τε
2613 2895 2708 2949 καὶ
2729 2895 3041 2966 ἀσελγείας,
3071 2900 3162 2953 ἐπὶ
3191 2900 3250 2953 τὸ
3281 2901 3454 2956 θέλειν
3491 2903 3594 2975 ἤδη
3624 2920 3740 2967 πως

2161 2985 2230 3038 τὰ
2265 2983 2474 3055 ἀμείνω
2505 2985 2637 3057 δρᾷν
2665 3005 2724 3041 τε
2768 2991 2864 3043 καὶ
2913 2993 3148 3066 φρονεῖν.
3198 2991 3367 3068 Τρίτη
3423 2991 3480 3047 δέ
3539 2995 3742 3065 ταύτης

2166 3075 2578 3147 προφερεστέρα
2628 3075 2724 3131 καὶ
2752 3080 2810 3132 ἐν
2843 3080 3062 3154 εὐκλείᾳ
3092 3081 3318 3154 μείζονι,
3353 3085 3385 3155 ἡ
3435 3087 3500 3139 ἐκ
3529 3085 3624 3138 τοῦ
3655 3087 3740 3140 ἐν-

477 3177 724 3248 nequitia
753 3185 917 3246 atque
939 3173 1361 3250 intemperantia
1381 3187 1451 3228 eo
1468 3171 1767 3236 tendimus,
1790 3180 1852 3226 ut
1864 3171 1977 3242 jam
1999 3169 2059 3224 li-

2165 3167 2316 3232 δεοῦς
2357 3168 2450 3222 ἐπὶ
2499 3169 2558 3223 τδ
2595 3169 2798 3242 ἀρτίως
2837 3173 2980 3244 ἔχον,
3031 3175 3350 3246 πρακτικῶς
3391 3194 3452 3230 τε
3486 3177 3602 3248 ἅμα
3643 3177 3742 3232 καὶ

475 3277 598 3326 ceat
617 3269 846 3326 meliora
866 3277 980 3323 tum
1003 3267 1230 3332 sentire,
1249 3274 1367 3320 tum
1388 3265 1588 3319 facere.
1608 3263 1766 3335 165
1783 3263 1896 3318 Hac
1919 3279 2060 3333 pra:-

477 3359 712 3415 stantior
737 3367 822 3415 est
843 3357 1007 3413 tertia
1030 3365 1086 3412 et
1119 3355 1428 3426 gloriosior,
1453 3370 1580 3409 cum
1603 3370 1672 3409 ex
1691 3369 1758 3408 eo
1781 3362 1926 3408 statu
1973 3353 2061 3409 cui

479 3449 688 3520 aliquid
729 3449 894 3514 desit,
933 3447 1004 3502 ad
1043 3445 1438 3516 perfectionem
1484 3443 1757 3499 factorum
1802 3443 1964 3498 simul
2006 3451 2063 3498 et

478 3541 794 3610 dogmatuin
827 3535 1146 3593 transimus.
1175 3534 1373 3590 Annon
1419 3534 1681 3606 paulatim
1705 3533 1775 3615 ad
1797 3550 2060 3606 augmen-

481 3644 595 3686 tum
618 3629 766 3700 quod
789 3629 845 3684 in
865 3627 1084 3684 Christo
1107 3627 1452 3698 intelligitur,
1472 3626 1770 3692 tendimus,
1787 3642 1911 3682 cum
1933 3642 2060 3697 pro-

477 3724 694 3778 ﬁcimus
725 3720 785 3776 in
810 3721 987 3776 virum
1011 3719 1338 3790 perfectum,
1364 3727 1420 3774 et
1451 3718 1800 3774 ascendimus
1820 3718 1878 3773 in
1901 3733 2056 3772 men-

475 3828 662 3868 suram
705 3811 884 3866 anatis
923 3809 1284 3880 plenitudinis
1323 3810 1443 3880 ejus
1465 3808 1744 3879 "?Atque
1780 3807 1888 3862 hoc
1923 3807 2058 3862 illud

474 3911 559 3962 est
592 3900 846 3964 fortasse,
871 3899 1019 3969 quod
1060 3899 1208 3954 beati
1248 3899 1404 3954 Pauli
1440 3913 1574 3953 voce
1613 3898 1776 3953 nobis
1817 3897 2056 3961 canitur,

482 4013 500 4045 ι
532 3993 738 4048 Eorum
763 4006 885 4061 quae
931 3999 1082 4045 retro
1121 3997 1270 4056 sunt,
1309 3990 1546 4055 oblitus,
1571 3990 1628 4044 in
1665 4005 1730 4044 ea
1753 4004 1886 4044 vero
1935 4005 2058 4060 quae

474 4093 602 4144 ante
639 4090 796 4148 sunt,
835 4090 1122 4146 extentus,
1165 4080 1234 4136 ad
1274 4080 1607 4136 destinatum
1630 4095 1954 4150 persequor,
1985 4080 2056 4135 ad

473 4176 725 4233 bravium
763 4188 1020 4244 supernae
1042 4172 1348 4228 vocationis
1379 4171 1443 4226 ’³.
1481 4191 1500 4222 ι
1528 4170 1666 4227 Cum
1705 4170 1870 4242 igitur
1891 4171 2055 4241 spiri-

474 4267 695 4324 tualiter
717 4281 787 4320 ex
813 4263 1124 4334 ignorantia
1153 4261 1221 4317 ad
1245 4261 1634 4332 cognitionem,
1659 4277 1726 4315 ex
1749 4261 1964 4316 inscitia
1987 4261 2054 4315 ad

473 4355 780 4420 scientiam,
803 4369 872 4410 ex
902 4352 1225 4410 infidelitate
1247 4351 1314 4408 ad
1351 4351 1512 4406 ﬁdem
1543 4351 1964 4422 proﬁciscimur,
1992 4367 2056 4407 ac

473 4463 691 4519 semper
713 4448 769 4502 in
793 4447 1091 4502 virtutibus
1112 4444 1450 4516 proﬁcimus,
1474 4459 1657 4500 nonne
1689 4443 1746 4498 in
1777 4443 1958 4499 locum
1987 4459 2054 4498 ex

2163 3259 2530 3329 δογματικῶς.
2563 3262 2634 3314 Ἢ
2662 3261 2782 3334 οὐχὶ
2815 3263 2959 3318 κατὰ
2987 3265 3158 3337 βραχὺ
3187 3265 3320 3338 πρὸς
3360 3265 3588 3338 αῦξησιν
3615 3266 3744 3339 ῐμεν

2162 3349 2260 3421 τὴν
2299 3351 2360 3403 ἐν
2406 3350 2627 3424 Χριστῷ
2681 3355 2998 3427 νοουμένην,
3052 3355 3458 3427 προκόπτοντες
3513 3359 3610 3429 μὲν
3659 3361 3738 3422 είς

2161 3437 2330 3508 ἄνδρα
2353 3436 2576 3504 τέλειον,
2607 3441 3052 3512 ἀναθρώσκοντες
3077 3445 3133 3499 δέ
3165 3446 3258 3500 ml
3285 3449 3363 3510 είς
3391 3447 3588 3518 μέτρον
3622 3447 3739 3519 ηλι-

2161 3527 2284 3592 κίας
2309 3528 2403 3583 τοῦ
2448 3530 2818 3602 πληρώματος
2850 3535 3049 3602 αὑτοῦ;
3093 3537 3264 3590 Τοῦτο
3309 3538 3448 3610 τάχα
3483 3538 3584 3592 πού
3618 3541 3737 3593 ἐστι

2163 3619 2221 3672 τὺ
2271 3618 2360 3673 διὰ
2412 3623 2596 3692 φωνῆς
2644 3621 2738 3677 τοῦ
2787 3624 3076 3680 Θεσπεσίου
3131 3627 3345 3682 Παύλου
3396 3629 3736 3700 ὑμνούμενον

2159 3712 2328 3782 ἡμῖν’
2368 3733 2388 3766 ι
2424 3713 2546 3768 Τῶν
2584 3717 2681 3785 μὲν
2731 3717 2907 3771 ὀπίσω
2957 3719 3472 3792 ἐπιλανθανόμενος,
3525 3725 3636 3786 τοῖς
3675 3721 3734 3776 δὲ

2158 3803 2464 3877 ἔμπροσθεν
2505 3807 2971 3878 ἐπεκτεινόμενος,
3007 3810 3148 3863 κατά
3192 3810 3393 3864 σκοπὸν
3433 3811 3613 3866 διώκω
3654 3813 3733 3876 είς

2158 3896 2216 3948 τὸ
2235 3895 2486 3968 βραῦεῖον
2507 3899 2606 3970 τῆς
2627 3899 2740 3954 ἀνω
2759 3900 3020 3972 κλήσεως.
3037 3920 3056 3953 ι
3077 3903 3428 3974 ’Δπαίροντες
3456 3901 3512 3956 δὲ
3529 3903 3734 3973 νοητῶς

2159 3987 2217 4054 ἐξ
2247 3989 2469 4056 ἀγνοίας
2501 3992 2580 4055 εἰς
2601 3991 2918 4059 ἐπίγνωσιν,
2955 3990 3015 4058 ἐξ
3039 3993 3280 4064 ἀμαθίας
3302 3996 3382 4059 είς
3415 3993 3648 4058 σύνεσιν,
3673 3994 3730 4061 ἐξ

2157 4080 2417 4144 ἀπιστίας
2463 4082 2545 4144 είς
2579 4082 2783 4147 πίστιν,
2824 4083 2918 4136 ml
2947 4084 3033 4138 ἀεὶ
3071 4086 3472 4156 προκόπτοντες
3507 4087 3566 4140 ἐν
3601 4087 3731 4157 ἀρε-

2157 4172 2296 4232 ταῖς,
2332 4165 2421 4242 Ep”
2455 4170 2576 4242 οὐχι
2619 4172 2784 4226 τόπον
2831 4175 2896 4228 ἐκ
2942 4173 3108 4228 τόπου
3142 4175 3604 4246 μεθορμιζόμεθα,
3637 4166 3731 4229 καὶ

2155 4261 2221 4315 ἐκ
2259 4261 2552 4326 διαθέσεως
2598 4264 2766 4334 ἤγουν
2797 4265 2962 4330 ἕξεως
3005 4270 3102 4338 τῆς
3142 4269 3356 4322 τοιᾶσδε
3409 4269 3592 4339 τυχὸν,
3647 4270 3730 4332 εἰς

2154 4353 2254 4425 τὴν
2289 4353 2499 4408 τοιάνδε
2528 4350 2594 4408 αὖ
2627 4354 3012 4428 μεθιστάμενοι
3048 4359 3444 4432 προσεοίκαμεν
3476 4361 3575 4432 ἤδη
3614 4376 3728 4424 πως

2154 4447 2268 4509 τοῖς
2299 4445 2548 4500 εἰωθόσιν
2573 4447 2872 4519 ὁδοιπορεῖν
2888 4467 2903 4516 ;

473 4541 595 4597 loco
617 4538 1009 4610 demigramus,
1033 4545 1090 4592 et
1111 4551 1180 4592 ex
1218 4544 1368 4592 certa
1393 4535 1627 4607 quadam
1681 4533 1972 4590 affectione
2021 4539 2121 4588 aut
2157 4533 2350 4590 habitu
2387 4535 2445 4590 in
2485 4535 2651 4591 alium
2692 4553 2794 4593 nos
2829 4539 3239 4606 transferentes,
3287 4542 3356 4596 iis
3387 4542 3482 4612 qui
3512 4541 3616 4596 iter
3643 4541 3727 4597 fa-

475 4636 656 4703 ciunt,
696 4649 881 4690 nonne
927 4648 1094 4704 quam
1137 4631 1405 4688 simillimi
1449 4629 1854 4702 quodammodo
1903 4629 2196 4686 videmur?

542 4730 740 4786 PALL.
779 4729 1026 4799 Intelligo
1050 4727 1197 4798 quod
1229 4727 1388 4783 dicis.

540 4822 699 4878 CYR.
739 4819 907 4890 Atqui
953 4833 1135 4887 neque
1179 4827 1239 4872 ιιι
1285 4834 1317 4873 a
1364 4818 1611 4888 nequitia
1646 4817 2048 4890 proﬁciscatur,

470 4927 651 4982 neque
683 4925 816 4965 vero
852 4916 914 4962 ut
960 4908 1030 4962 ad
1075 4908 1303 4962 meliora
1349 4910 1654 4978 perveniat,
1686 4919 1743 4964 et
1781 4907 2048 4979 quodam-

2077 4727 2123 4782 D
2221 4681 2440 4779 HAAA.‘
2470 4727 2700 4796 Συνίημι
2727 4725 2755 4779 ὂ
2786 4729 2911 4798 φής.

2221 4807 2384 4868 ΚΥΡ.
2431 4816 2570 4870 Ἀλλ’
2603 4785 2726 4871 δῦτε
2751 4785 2936 4890 risu-Ax
2967 4820 3296 4893 φαυλότητος
3315 4823 3574 4893 ἄπαρσιν,
3599 4785 3726 4880 οὔτε

2154 4905 2262 4976 μὴν
2295 4906 2355 4958 τὸ
2385 4897 2723 4976 ἐφικνεῖσθαι
2761 4907 2922 4978 τυχὸν
2952 4911 3046 4963 καὶ
3080 4911 3498 4980 ἐγκαταυλίσθαι
3528 4913 3728 4983 τρόπον

469 5002 635 5059 modo
685 5001 944 5064 divertat,
992 5000 1255 5069 consequi
1304 5001 1511 5070 poterit
1558 5003 1880 5072 quisquam,
1944 4999 2050 5054 nisi

2162 4995 2268 5048 τινὰ
2301 4997 2413 5059 τοῖς
2457 4996 2738 5066 ἀμείνοσι,
2773 4997 3115 5070 κατορθῶσαί
3162 5017 3245 5064 τις
3278 5001 3344 5054 ἂν
3375 5001 3610 5074 δυνηθῇ,
3649 5003 3725 5074 μὴ

466 5095 689 5152 Christo
711 5092 912 5149 comite
933 5106 999 5147 ac
1022 5090 1184 5146 duce.
1221 5087 1410 5160 Itaque
1436 5094 1642 5148 sanctis
1674 5093 1781 5149 illis
1801 5091 2046 5162 discipu-

465 5186 537 5242 lls
572 5185 832 5242 dicebat:
871 5203 890 5236 ι
928 5182 1060 5238 Sine
1109 5197 1198 5237 me
1247 5181 1387 5236 nihil
1433 5184 1662 5252 potestis
1696 5184 1875 5240 facere
1911 5187 1976 5238 ".
2022 5204 2039 5236 ι

466 5279 636 5350 Igitur
667 5293 736 5333 ex
765 5291 833 5336 eo
855 5274 1004 5346 quod
1043 5283 1130 5330 est
1169 5273 1332 5328 simul
1367 5271 1663 5344 proﬁcisci,
1691 5273 1839 5328 nube
1867 5273 2040 5344 proli-

467 5371 728 5434 ciswnte,
770 5369 1044 5440 simulque
1083 5382 1209 5423 cum
1252 5365 1569 5436 quiescente
1600 5363 1906 5434 quiescere,
1935 5365 2043 5420 hoc
2088 5438 2090 5441 ι

467 5461 740 5516 declarari
785 5475 884 5528 per
924 5461 1156 5531 enigma
1189 5457 1427 5524 videtur,
1451 5471 1561 5511 una
1591 5470 1718 5510 cum
1751 5453 1864 5508 Deo
1894 5468 2038 5519 esse,

465 5561 522 5608 et
545 5549 731 5606 omnia
753 5565 877 5606 cum
901 5553 996 5606 illo
1021 5553 1222 5606 facere.
1263 5549 1673 5616 Verumtamen,
1714 5545 1914 5616 inquit,
1939 5560 2036 5615 per

537 5730 621 5786 ⁸⁸1
646 5729 788 5786 Tim.
813 5730 996 5796 lll,l?..
1071 5733 1114 5762 ’⁷
1143 5731 1341 5798 Epllcs.
1377 5748 1446 5795 tv,
1475 5731 1695 5800 passim.

2147 5087 2268 5156 οὐχὶ
2297 5085 2545 5150 συνόντος
2578 5104 2637 5141 τε
2677 5089 2772 5142 ml
2802 5089 3106 5160 ἡγουμένου
3137 5091 3398 5162 Χριστοῦ.
3435 5093 3725 5164 Τοιγάρτοι

2149 5178 2378 5242 καὶτοῖς
2417 5178 2588 5248 ἁγίοις
2629 5179 2835 5248 ἔφασκε
2878 5180 3176 5252 μαθηταῖς
3211 5201 3230 5234 ι
3266 5184 3450 5255 Χωρὶς
3485 5183 3624 5254 ἐμοῦ
3660 5189 3722 5242 σὺ

2149 5270 2377 5325 δύνασθε
2411 5274 2589 5326 ποιεῖν
2633 5272 2803 5326 οὐδέν.
2849 5293 2868 5326 ι
2903 5273 3114 5329 Οὐκοῦν
3158 5275 3218 5330 τὸ
3268 5277 3502 5331 συνεῖναί
3550 5294 3608 5331 τε
3648 5275 3725 5346 τῷ

2149 5363 2290 5435 Θεῷ,
2319 5365 2412 5418 καὶ
2448 5365 2544 5418 σὺν
2578 5365 2728 5436 αὐτῷ
2761 5366 2936 5420 πάντα
2977 5367 3140 5440 δρᾷν,
3167 5369 3492 5440 ὐποιρήνειεν
3537 5369 3604 5422 ἂν
3637 5371 3724 5421 al-

2147 5455 2500 5525 νιγματωδῶς
2527 5457 2648 5510 τότε
2680 5458 3034 5530 συναπαίρειν
3065 5459 3373 5532 ἀπαιρούσῃ
3406 5463 3470 5532 τῇ
3503 5461 3720 5533 νεφέλῃ,

2147 5548 2240 5600 και
2271 5547 2556 5621 ἡρεμούσῃ
2591 5551 2934 5621 συνηρεμεῖν.
2972 5551 3139 5623 Πλὴν,
3179 5552 3268 5608 διὰ
3302 5553 3724 5624 προστάγματος

1776 5732 1818 5760 ’⁸
1847 5729 2084 5800 Philipp.
2114 5746 2192 5792 lli,
2228 5731 2306 5784 15.
2385 5732 2428 5762 "
2451 5733 2610 5788 loan.
2642 5749 2730 5802 xv,
2759 5735 2810 5789 5.
