4138 6300
387 383 492 442 597

1133 376 1217 434 DE
1264 375 1703 434 ADORATIONE
1746 374 1812 430 ΙΝ
1855 374 2125 430 SPIRITU
2167 374 2256 428 ΕΤ
2291 371 2658 430 ἰἘΙῖΙΤΑΤΕ.
2703 373 2829 430 LIB.
2875 375 2935 429 V.

3545 376 3650 434 398

390 501 613 574 Κυρίου,
636 501 823 570 φησὶν,
859 499 1150 570 ἀπαροῦσι·
1183 499 1277 554 καὶ
1309 498 1489 560 τοῦτο,
1523 493 1696 569 οἶμαι,
1721 496 1870 568 δηλοῖ
1916 495 1973 550 τὸ

2081 505 2410 566 praeceptum
2449 497 2665 551 Domini
2708 497 3113 566 promovebant
3149 495 3193 527 "'
3223 514 3234 549 :
3265 497 3471 562 ethoc,
3530 515 3652 555 mea

388 595 483 650 καὶ
511 593 673 661 λόγου
699 590 910 646 δεῖσθαι
946 591 1041 643 τοῦ
1077 589 1512 662 παροτρύνοντος
1539 591 1620 653 είς
1647 589 1839 666 ἀλκὴν,
1877 589 1970 642 καὶ

2081 587 2368 652 sententia,
2395 586 2684 658 signiﬁcat,
2717 589 2810 659 qui
2841 587 3124 644 Christum
3151 591 3306 659 sequi
3338 591 3650 657 statuerint,

385 687 468 748 είς
486 683 586 754 τὴν
609 685 718 745 τοῖς
743 682 922 750 ἁγίοις
943 682 1254 752 πρέπουσαν
1281 669 1580 752 εὐκοσμίαν
1599 681 1723 744 τοὺς
1743 679 1972 734 ἕπεσθαι

385 776 494 830 δεῖν
516 775 799 846 οἰομένους
831 775 889 828 ἐν
913 773 1153 844 Χριστῷο
1183 793 1200 825 ι
1221 773 1404 827 Πάντα
1417 775 1547 844 γὰρ,
1571 773 1752 843 φησὶν,
1771 772 1970 841 εὐσχη-

390 867 568 938 μόνως
596 863 858 918 καὶκατὰ
893 863 1048 930 τάξιν
1076 863 1330 932 γινέσθω.
1372 883 1390 914 ι
1429 863 1609 927 Τύπος
1641 862 1698 916 δὲ
1737 862 1844 934 ἄρα
1881 863 1972 916 καὶ

388 958 546 1012 τοῦδε
575 957 638 1026 δὴ
667 957 849 1019 πάλιν,
885 954 946 1008 τὸ
972 953 1170 1026 ἐφεξῆς
1215 955 1618 1026 γεγραμμένον.
1669 956 1813 1026 Ἔφη
1863 954 1974 1024 γὰρ

389 1043 492 1103 ὧδε
528 1047 660 1110 Θεὸς
693 1047 830 1117 πρὸς
873 1046 966 1099 τὸν
1013 1047 1342 1118 ἱεροφάντην
1381 1047 1618 1100 Μωσέα·
1673 1065 1690 1096 ι
1742 1046 1974 1115 Ποίησον

393 1137 602 1208 σεαυτῷ
631 1137 724 1192 δύο
753 1137 1060 1206 σάλπιγγας
1086 1137 1304 1200 ὲλατὰς,
1331 1139 1578 1209 ἀργυρᾶς
1606 1139 1852 1210 ποιήσεις
1878 1137 1975 1191 αὐ-

388 1231 523 1295 τὰς,
553 1229 648 1282 καὶ
681 1229 894 1282 ἔσονταί
927 1245 1010 1280 σοι
1045 1229 1336 1282 ἀνακαλεῖν
1366 1229 1466 1299 τὴν
1505 1229 1846 1300 συναγωγὴν,
1884 1230 1976 1283 καὶ

390 1324 630 1397 ἐξαίρειν
673 1322 772 1386 τὰς
812 1321 1184 1392 παρεμϐολάς.
1218 1321 1328 1374 Καὶ
1379 1322 1626 1384 σαλπιεῖς
1657 1325 1716 1376 ἐν
1746 1323 1973 1387 αὐταῖς,

391 1417 489 1470 καὶ
518 1413 916 1484 συναχθήσεται
961 1413 1110 1466 πᾶσα
1142 1413 1174 1482 ἡ
1221 1413 1513 1482 συναγωγὴ
1549 1413 1643 1466 ἐπὶ
1675 1413 1771 1483 τὴν
1806 1411 1976 1485 θύραν

390 1506 493 1575 τῆς
515 1505 720 1574 σκηνῆς
731 1502 836 1556 ποῦ
861 1501 1184 1572 μαρτυρίου.
1221 1500 1348 1554 Ἐὰν
1369 1501 1424 1554 δὲ
1443 1503 1500 1552 Ξιν
1524 1503 1622 1572 μιᾷ
1650 1501 1974 1564 σαλπίσωσι,

389 1593 699 1649 ἐλεύσονται
754 1591 890 1662 πρὸς
951 1591 1010 1643 σέ
1069 1593 1270 1654 πάντες
1324 1593 1374 1644 οἱ
1435 1592 1692 1662 ἄρχοντες
1743 1591 1978 1662 ἀρχηγοὶ

293 1683 308 1692 ’
405 1687 640 1760 Ἰσραήλ.
669 1683 774 1738 Καὶ
807 1683 1086 1738 σαλπιεῖτε
1120 1684 1397 1754 σημασίαν
1418 1725 1432 1746 ,
1464 1683 1560 1736 καὶ
1601 1682 1886 1756 ἐξαροῢσιν
1923 1684 1978 1736 αί

395 1776 738 1850 παρεμϐολαὶ
770 1777 826 1832 αἱ
857 1775 1339 1848 παρεμϐάλλουσαι
1374 1773 1638 1838 ἀνατολάς
1657 1793 1671 1805 ·
1713 1777 1806 1828 καὶ
1846 1775 1976 1828 σαλ-

2073 693 2169 732 eos
2197 680 2362 733 etiam
2396 694 2671 746 sermone,
2703 681 2796 750 qui
2837 679 2905 734 ad
2940 679 3322 738 fortitudinem
3354 690 3520 753 atque
3548 681 3651 737 ho-

2074 779 2362 837 nestatem,
2395 760 2516 842 quae
2541 781 2758 828 sanctos
2781 772 2960 838 decet,
2990 773 3333 841 exhortetur,
3361 774 3608 846 indigere
3635 793 3650 830 :

2073 863 2150 918 ait
2181 864 2366 918 enim:
2411 883 2430 916 ι
2471 863 2666 920 Omnia
2707 865 2936 920 honeste
2967 873 3023 921 et
3062 866 3364 921 secundum
3394 867 3653 922 ordinem

2075 956 2208 1011 ﬁant
2234 956 2299 1010 ³⁸.
2333 974 2352 1008 ι
2395 955 2528 1026 Ejus
2563 956 2698 1012 item
2741 956 2821 1010 rei
2852 955 3026 1028 ﬁgura
3063 965 3148 1012 est
3179 957 3234 1011 id
3280 957 3427 1027 quod
3455 974 3654 1013 conse-

2073 1057 2311 1118 quenter
2353 1049 2620 1120 scriptum
2665 1047 2931 1120 legimus;
2971 1048 3052 1104 sic
3094 1048 3244 1103 enim
3295 1049 3474 1118 inquit
3511 1050 3659 1105 Deus

2075 1138 2144 1192 ad
2175 1138 2393 1210 Moysen
2423 1152 2707 1192 sacrorum
2739 1138 3141 1209 interpretem:
3178 1156 3197 1189 ι
3234 1138 3343 1196 Fac
3381 1137 3481 1192 tibi
3517 1138 3659 1194 duas

2076 1229 2237 1284 tubas
2269 1229 2534 1294 ductiles;
2571 1238 2858 1300 argenteas
2903 1229 3071 1284 facies
3117 1243 3230 1292 eas,
3266 1235 3321 1282 et
3355 1235 3520 1281 erunt
3555 1225 3657 1280 tibi

2086 1323 2153 1376 ad
2181 1321 2586 1376 convocandam
2616 1336 2966 1392 synagogam,
2989 1328 3044 1374 et
3072 1319 3140 1374 ad
3165 1327 3342 1374 castra
3365 1317 3654 1373 movenda.

2077 1415 2146 1470 Et
2185 1431 2350 1470 canes
2385 1415 2442 1468 in
2482 1415 2612 1480 illis,
2643 1422 2699 1468 et
2723 1413 3152 1484 congregabitur
3179 1413 3358 1467 omnis
3389 1427 3656 1484 synagoga

2077 1505 2146 1558 ad
2189 1513 2403 1574 portam
2439 1503 2783 1559 tabernaculi
2827 1501 3150 1558 testimonii.
3187 1488 3340 1569 Quod
3377 1500 3419 1556 si
3454 1500 3510 1554 in
3551 1515 3659 1554 una

2077 1595 2404 1659 cecinerint,
2448 1596 2673 1649 venient
2719 1593 2788 1649 ad
2839 1603 2892 1648 te
2936 1609 3129 1648 omnes
3175 1593 3455 1664 principes
3489 1593 3662 1649 duces

2077 1685 2243 1740 Israel
2277 1703 2289 1738 :
2319 1693 2375 1740 et
2403 1685 2613 1740 canetis
2633 1685 2847 1756 signum
2871 1684 3196 1750 secundum,
3227 1693 3284 1740 et
3303 1684 3660 1756 proﬁciscen-

2079 1784 2172 1829 tur
2211 1785 2390 1832 castra
2434 1794 2556 1848 qua:
2605 1777 2960 1832 tetenderunt
2995 1777 3066 1832 ad
3108 1777 3418 1832 orientem:
3450 1785 3506 1832 et
3563 1792 3658 1831 ca-

393 1849 568 1926 πιεῖτε
601 1869 880 1942 σημασιαν
915 1867 1206 1938 δευτέραν,
1239 1867 1332 1920 καὶ
1359 1865 1643 1936 ἐξαροῦσιν
1671 1867 1728 1920 αῖ
1761 1884 1976 1940 παρεμ-

2081 1868 2224 1922 netis
2259 1868 2474 1939 signum
2513 1870 2768 1934 alterum,
2796 1879 2853 1924 et
2877 1869 3281 1944 promovebunt
3315 1878 3493 1924 castra
3537 1885 3659 1939 qua:

395 1963 551 2018 ϐολαὶ
583 1965 640 2018 αἱ
669 1961 1152 2033 παρεμϐάλλουσαι
1179 1959 1324 2013 λίϐα.
1353 1959 1468 2012 ’Καὶ
1492 1959 1771 2013 σαλπιεῖτε
1797 1976 1974 2029 σημα-

395 2054 520 2108 σίαν
549 2053 759 2125 τρίτην,
791 2051 885 2104 καὶ
912 2049 1200 2122 ἐξαροῦσιν
1226 2050 1280 2102 αἱ
1311 2047 1654 2122 παρεμϐολαὶ
1681 2051 1737 2104 αἱ
1764 2067 1978 2120 παρεμ-

392 2146 686 2200 ϐάλλουσαι
721 2144 872 2216 παρὰ
913 2141 1209 2198 θάλασσαν.
1245 2141 1356 2194 Καὶ
1393 2141 1667 2195 σαλπιεϊτε
1702 2143 1976 2212 σημασίαν

391 2236 681 2306 τετάρτην,
717 2235 814 2288 καὶ
851 2233 1140 2306 ἐξαροῦσιν
1186 2233 1244 2284 αί
1289 2231 1634 2302 παρεμϐολαὶ
1665 2234 1720 2284 αί
1765 2250 1978 2305 παρεμ-

392 2329 686 2382 ϐάλλουσαι
715 2327 849 2398 πρὸς
897 2325 1128 2397 βορρᾶν·
1160 2325 1406 2396 σημασίᾳ
1442 2323 1756 2378 σαλπιοῦσιν
1803 2327 1860 2378 ἐν
1911 2329 1974 2397 τῇ

393 2420 614 2492 ἐξάρσει
636 2418 834 2482 αὐτῶν,
861 2419 957 2470 καὶ
976 2419 1106 2472 ὅταν
1128 2415 1481 2486 συναγάγητε
1506 2417 1604 2487 τὴν
1631 2419 1976 2488 συναγωγὴν,

397 2513 709 2575 σαλπιεῖτε,
745 2511 840 2565 καὶ
880 2511 941 2563 οὐ
980 2508 1244 2580 σημασίᾳ.
1288 2509 1398 2561 Καὶ
1433 2509 1482 2562 οἱ
1523 2510 1627 2562 υίοὶ
1671 2507 1883 2577 Ἀαρὼν
1929 2511 1978 2562 οἱ

393 2607 563 2677 ἱερεῖς
607 2602 893 2656 σαλπιοῢσι
925 2603 1046 2666 ταῖς
1088 2601 1380 2670 σάλπιγξι·
1418 2601 1512 2654 καὶ
1547 2600 1699 2653 ἔσται
1739 2601 1866 2671 ὑμῖν
1897 2599 1980 2652 νό-

397 2715 568 2769 μιμον
594 2695 808 2750 αἰώνιον
843 2697 922 2758 είς
953 2695 1050 2757 τὰς
1073 2692 1268 2762 γενεὰς
1300 2693 1472 2764 ὑμῶν.
1497 2712 1516 2746 ι

471 2787 682 2840 ΠΛΛΛ.
717 2785 782 2838 Τί
821 2783 885 2856 δὴ
909 2779 1000 2838 οὖν
1031 2783 1142 2854 ἄρα
1171 2784 1349 2854 φαμὲν
1385 2784 1484 2852 τὴν
1517 2783 1626 2836 τῶν
1663 2783 1979 2852 σαλπίγγων

395 2873 537 2932 εἶναι
567 2875 753 2941 δυάδα,
778 2876 872 2929 καὶ
895 2875 992 2938 τὰς
1013 2875 1122 2928 τῶν
1153 2875 1438 2947 σημασιῶν
1466 2875 1747 2946 διαφορὰς,
1785 2876 1980 2940 ἐλατὰς

395 2968 452 3022 δὲ
478 2967 596 3021 ἀνθ’
627 2967 772 3030 ὅτου,
805 2965 897 3018 καὶ
930 2965 988 3028 ἐξ
1017 2964 1258 3036 ἀργύρου
1291 2963 1401 3018 δεῖν
1437 2965 1708 3018 ποιεῖσθαι
1753 2966 1978 3036 προστέ-

398 3077 529 3131 ταχε
549 3079 564 3123 ς

472 3153 636 3206 ΚΥΡ.
669 3149 772 3204 Δύο
803 3151 898 3220 μὲν
941 3145 1034 3202 οὖν
1076 3151 1130 3202 αἱ
1171 3149 1498 3218 σάλπιγγες·
1530 3149 1748 3204 διπλοῦν
1790 3151 1898 3222 γάρ
1925 3153 1981 3204 ἐν

401 3243 723 3314 ἐκκλησίαις
757 3242 818 3296 τὸ
855 3244 952 3312 τῆς
997 3241 1395 3312 παρακλήσεως
1432 3239 1723 3312 κήρυγμα·
1773 3239 1830 3292 ἓν
1881 3241 1980 3312 μὲν

400 3339 512 3408 γὰρ
538 3338 618 3400 είς
639 3335 906 3406 ὀρθότητα
935 3334 1032 3405 τὴν
1059 3333 1396 3403 δογματικὴν
1430 3332 1699 3402 ἀποφέρει
1725 3334 1851 3395 τοὺς
1883 3349 1980 3386 πε·-

403 3428 781 3491 πιστευκότας,
813 3427 908 3480 καὶ
931 3425 1021 3478 τὸν
1043 3423 1150 3478 τῶν
1177 3425 1625 3495 διεστραμμένων
1651 3425 1981 3494 κατακιδδη-

398 3521 546 3576 λεύει
573 3520 762 3588 λόγον’
793 3517 976 3580 ὁποῖός
1008 3535 1088 3580 τις
1113 3513 1179 3587 ἦν
1204 3519 1231 3570 ὁ
1265 3517 1370 3569 τῶν
1401 3515 1716 3570 κωλυόντων
1763 3521 1980 3588 γαμεῖ),

400 3615 495 3668 καὶ
527 3610 860 3682 άσυμφὺλως
890 3607 1238 3676 δεδιδαχοτων
1276 3607 1571 3676 ἀπέχεσθαι
1595 3606 1919 3679 βρωμάτων,
1947 3607 1983 3661 ἃ

400 3705 430 3758 ὁ
458 3703 588 3764 Θεὸς
619 3702 834 3755 ἔκτισεν
874 3701 954 3762 είς
990 3698 1290 3770 μετάληψιν
1331 3701 1440 3760 τοῖς
1479 3701 1704 3761 πιστοῖς.
1740 3698 1984 3750 Καταλοο

400 3794 666 3864 γισαίμην
701 3791 745 3845 δ’
785 3791 852 3845 ἂν
899 3793 956 3844 ἐν
989 3789 1197 3850 τούτοις
1242 3789 1336 3840 καὶ
1382 3789 1508 3851 τοὺς
1547 3787 1656 3840 τῶν
1716 3787 1983 3841 Ἰουδαίων

402 3883 741 3956 καθηγητὰς,
779 3881 829 3935 οἶ
870 3880 932 3934 τὸ
983 3879 1059 3950 τῷ
1103 3879 1234 3950 Οείῳ
1287 3879 1435 3949 νόμῳ
1477 3879 1840 3948 τετιμημένον
1889 3879 1982 3932 καὶ

399 3976 592 4030 δοκοῦν
634 3975 890 4046 μεθέντες
945 3972 1020 4034 ὡς
1065 3971 1264 4034 ἕωλον,
1321 3971 1415 4022 καὶ
1465 3969 1647 4038 ὀλίγου
1704 3969 1984 4034 παντελῶς

401 4067 676 4134 ἀξιοῦντες
703 4065 898 4132 λόγου,
937 4064 1056 4123 ταῖς
1089 4061 1238 4132 παρὰ
1286 4053 1434 4128 σφῶν
1473 4060 1844 4124 διδασκαλίαις
1889 4063 1984 4116 καὶ

403 4155 761 4230 ἀνθρωπίνοις
795 4153 1092 4222 ἐντάλμασι
1137 4149 1666 4220 προσανακεκλίσοαι
1708 4151 1818 4204 δεῖν
1858 4152 1984 4214 τοὺς

403 4243 828 4315 παιδευομένους
876 4239 1144 4292 ἐκέλευον.
1189 4239 1298 4292 Καὶ
1331 4239 1509 4310 ἕτεροι
1553 4239 1612 4292 δέ
1647 4257 1790 4303 τινες
1825 4257 1980 4309 περι-

400 4334 692 4406 τέμνεσθαι
715 4333 840 4394 τοὺς
866 4329 922 4382 ἐν
945 4329 1005 4380 πί
1015 4327 1386 4380 στειδεδικαιω
1395 4327 1586 4396 μένους
1600 4325 1983 4388 ἁσυνετοῦντες

401 4427 708 4488 ἐδίδασκον,
743 4422 832 4475 ἵνα
879 4421 936 4472 ἐν
973 4423 1033 4490 τῇ
1086 4418 1342 4489 ἀλλοτρίᾳ
1397 4417 1560 4488 σαρκὶ
1615 4419 1983 4487 καυχήσονται

402 4520 541 4574 κατὰ
585 4519 648 4571 τὸ
703 4512 1110 4586 γεγραμμένον.
1153 4509 1293 4564 Ἀλλ’
1334 4509 1550 4576 ἐλέγετο
1588 4509 1717 4582 περὶ
1763 4509 1977 4562 αὐτῶν·

407 4630 428 4665 ι
456 4609 604 4674 Ἕξω
621 4610 747 4670 τοὺς
769 4605 959 4668 κύνας,
985 4603 1089 4668 ἔξω
1111 4604 1236 4666 τοὺς
1266 4601 1468 4663 κακοὺς
1493 4600 1748 4670 ἐργάτας.
1783 4619 1800 4650 ι
1831 4599 1980 4651 Ἕτε-

405 4721 491 4774 ρον
520 4702 576 4754 δὲ
601 4699 737 4770 πρὸς
765 4697 960 4768 tet-acip)
991 4693 1366 4764 ἐπανόρθωσιν
1399 4690 1614 4758 ξεναγεῖ
1633 4729 1646 4754 ,
1675 4691 1770 4742 καὶ
1795 4689 1893 4760 τῆς
1925 4691 1982 4743 ἐν

402 4792 623 4865 Χριστῷ
655 4790 928 4852 πολιτείας
957 4785 1376 4842 καταλευκαίνει
1411 4783 1509 4854 τὴν
1535 4782 1676 4836 ὁδόν.
1721 4782 1984 4854 Ἀργυραί

401 4889 455 4942 δὲ
491 4887 546 4940 αἱ
579 4885 900 4952 σάλπιγγες·
938 4883 1037 4952 τὴν
1088 4881 1175 4934 ἐπ’
1210 4881 1413 4949 ἀμφοῖν
1459 4879 1571 4930 τοῖν
1619 4875 1798 4942 λόγοιν
1845 4873 1982 4944 λαμ-

403 4979 668 5050 πρᾶτητα,
717 4975 812 5028 καὶ
842 4974 902 5026 τὸ
935 4974 1072 5042 ἄγαν
1113 4969 1404 5039 εἱλικρινὲς
1425 4983 1438 4996 ·
1467 4967 1544 5032 ὡς
1575 4967 1632 5020 ἐν
1679 4964 1784 5036 ἰδίᾳ
1823 4963 1982 5033 φύσει

403 5072 494 5141 τῆς
525 5069 658 5140 ὕλης
691 5069 820 5139 ὑμῖν
849 5063 1252 5136 ὑποφαινούσης
1285 5061 1535 5124 ἀστείως.
1577 5059 1664 5111 Ἐν
1689 5057 1747 5110 δέ
1773 5073 1836 5125 γε
1859 5057 1980 5120 ταῖς

404 5159 688 5228 σάλπιγξιν
707 5200 722 5224 ,
763 5155 1138 5212 ἁνακαλείσθω
1157 5193 1172 5218 ,
1206 5153 1372 5223 φησὶν
1395 5193 1410 5217 ,
1460 5151 1554 5204 ἐπὶ
1579 5149 1680 5218 τὴν
1715 5147 1920 5219 σκηνὴν
1950 5149 1979 5200 ὁ

401 5251 547 5316 λαός.
593 5249 930 5323 Κηρύγμασι
968 5247 1076 5318 γὰρ
1109 5248 1235 5308 τοὺς
1263 5248 1318 5298 ἐν
1351 5244 1572 5314 σκηναῖς
1597 5240 1785 5314 ὥσπερ
1823 5239 1979 5302 ἰδίαις

405 5345 794 5414 συναγείρομεν
841 5344 920 5406 είς
967 5337 1290 5409 ἐκκλησίας·
1339 5337 1846 5408 συνδεδραμηκότας
1897 5333 1974 5395 δὲ,

402 5437 498 5488 καὶ
528 5435 782 5506 ἀπαίρειν
819 5431 1182 5501 ἀναπείθομεν
1219 5433 1283 5483 ἐκ
1314 5429 1422 5482 τῶν
1469 5427 1757 5498 αἰσχιόνων
1791 5427 1882 5478 ἐπὶ
1909 5425 1979 5478 τὰ

400 5529 683 5600 πρέποντα
704 5529 817 5590 τοῖς
843 5524 1220 5597 ἡγιασμένοις,
1241 5521 1334 5574 καὶ
1358 5521 1519 5574 οἱονεὶ
1551 5517 1976 5590 μεθορμίζεσθαι

403 5619 537 5690 πρὸς
573 5620 632 5672 τὸ
675 5619 876 5688 ἀγαυὸν
924 5618 988 5668 ἐκ
1035 5613 1366 5682 φαυλότητος
1403 5607 1460 5664 εὖ
1513 5611 1657 5679 μάλα
1709 5627 1978 5680 μεταπαι-
2019 5603 2024 5610 ’

472 5815 513 5847 δ’)
537 5813 698 5870 Num.
727 5829 798 5876 Ix,
827 5809 877 5861 8.
961 5807 999 5835 ³¹
1031 5805 1048 5857 Ι
1073 5803 1198 5857 Cor.
1232 5817 1337 5866 xiv,
1364 5802 1450 5855 40.
1531 5802 1570 5832 ³³
1597 5801 1758 5855 Num.
1787 5819 1838 5867 κ,
1869 5802 1890 5854 ι
1919 5814 2074 5868 seqq.

2076 1958 2431 2014 tetenderunt
2459 1959 2526 2014 ad
2555 1969 2835 2015 austrum:
2858 1969 2914 2016 et
2938 1960 3148 2016 canetis
3170 1961 3386 2032 signum
3409 1959 3656 2026 tertium,

2078 2060 2134 2105 et
2165 2051 2567 2121 promovebunt
2609 2061 2787 2108 castra
2827 2069 2949 2123 quas
2981 2053 3332 2108 tetenderunt
3374 2053 3441 2108 ad
3475 2069 3655 2121 mare;

2084 2143 2244 2212 166
2265 2151 2322 2196 et
2358 2143 2567 2198 canetis
2601 2143 2815 2214 signum
2859 2153 3138 2214 quartum,
3167 2150 3223 2197 et
3259 2141 3663 2214 promovebant

2081 2243 2260 2289 castra
2309 2249 2431 2304 quae
2479 2234 2832 2290 tetenderunt
2875 2235 2945 2289 ad
2983 2235 3295 2306 aquilonem
3333 2223 3536 2307 {signa
3565 2250 3661 2291 ca-

2079 2337 2213 2381 nent
2245 2327 2300 2381 in
2345 2312 2690 2397 promotione
2733 2341 2924 2380 eorum
2955 2345 2969 2380 :
2997 2335 3072 2392 et,
3103 2326 3324 2396 quando
3359 2342 3660 2398 congrega-

2081 2415 2214 2470 bitis
2239 2432 2586 2488 synagogam,
2631 2417 2761 2472 tuba
2789 2425 2998 2472 canens
3035 2417 3280 2487 quidem,
3306 2417 3399 2472 scd
3435 2435 3546 2474 non
3579 2419 3658 2474 si-

2080 2523 2268 2576 gnum.
2300 2508 2370 2562 Et
2419 2505 2516 2562 filii
2562 2506 2743 2562 Aaron
2791 2507 3106 2563 sacerdotes
3150 2518 3348 2564 canent
3380 2511 3567 2567 tubis:
3603 2519 3662 2569 et

2081 2599 2187 2654 erit
2216 2599 2372 2653 vobis
2411 2600 2716 2672 legitimum
2759 2599 3154 2671 sempiternum
3186 2603 3243 2656 in
3280 2605 3661 2674 generationes

2080 2699 2293 2745 vestras
2321 2691 2386 2745 δ’,
2419 2710 2437 2742 ι

2151 2780 2348 2836 PALL.
2391 2781 2532 2850 Quid
2578 2783 2743 2854 igitur
2773 2783 2907 2838 illud
2944 2785 3198 2840 tubarum
3230 2802 3328 2856 par
3358 2803 3478 2844 esse
3520 2789 3662 2846 dici-

2082 2873 2246 2928 mus?
2276 2873 2796 2948 quidvesignorum
2838 2875 3214 2933 differentias?
3245 2878 3477 2936 ductiles
3517 2898 3664 2953 prae-

2084 2974 2252 3030 terea,
2280 2976 2334 3019 et
2356 2983 2418 3020 ex
2443 2977 2670 3037 argento
2693 2984 2801 3037 qua
2831 2967 2897 3022 de
2922 2984 3085 3024 causa
3115 2969 3231 3025 ﬁeri
3251 2971 3452 3042 jussit?

2151 3147 2307 3202 CYR.
2357 3149 2485 3203 Dum
2521 3150 2742 3218 quidem
2769 3152 2953 3205 tubae:
2993 3151 3192 3221 duplex
3219 3164 3303 3209 est
3329 3156 3385 3210 in
3415 3159 3666 3215 ecclesiis

2083 3253 2258 3308 genus
2289 3238 2356 3292 ad
2396 3238 2725 3293 hortandum
2767 3241 3192 3298 accommodatae
3235 3245 3663 3315 praedicationis,
3718 3233 3734 3254 ’

2087 3345 2322 3398 quorum
2355 3329 2592 3384 alterum
2633 3330 2700 3384 ad
2748 3343 2896 3385 recta
2927 3333 3184 3403 dogmata
3218 3335 3508 3393 credentes
3533 3355 3664 3410 per-

2085 3418 2257 3485 ducit,
2287 3435 2352 3475 ac
2393 3436 2781 3490 perversurum
2830 3422 3117 3477 hominum
3163 3440 3474 3484 sermonem
3514 3430 3668 3487 velut

2085 3510 2456 3565 adulteratam
2505 3521 2690 3579 notat,-
2738 3514 2918 3584 qnalis
2959 3531 3141 3570 sermo
3177 3532 3367 3572 eorum
3398 3528 3518 3576 erat
3569 3523 3668 3593 qui

2087 3603 2456 3672 prohibebant
2479 3605 2708 3668 nubere,
2737 3615 2792 3659 et
2825 3605 3220 3661 absurdissime
3247 3607 3520 3666 docebant
3541 3613 3670 3668 abs-

2085 3694 2264 3748 tinere
2307 3709 2337 3748 a
2371 3694 2532 3760 cibis,
2561 3711 2700 3765 quos
2719 3695 2863 3751 Deus
2889 3699 3117 3764 creavit,
3147 3700 3213 3754 ad
3251 3703 3666 3772 percipiendum

2086 3787 2341 3842 ﬁdelibus
2372 3787 2417 3820 ³³
2445 3805 2458 3840 :
2491 3788 2545 3842 in
2589 3787 2676 3844 his
2721 3791 3094 3845 recensuerim
3139 3793 3306 3848 etiam
3347 3795 3666 3854 Judworum

2085 3879 2371 3946 doctores;
2421 3879 2514 3949 qui
2553 3879 2607 3934 id
2652 3879 2800 3950 quod
2835 3890 2955 3936 erat
2994 3883 3180 3940 divina
3213 3886 3332 3957 lege
3372 3889 3668 3958 probatum

2085 3977 2247 4038 atque
2279 3968 2571 4032 sancitum,
2603 3977 2862 4039 tanquam
2902 3973 3113 4028 scilicet
3149 3974 3458 4032 obsoletum
3496 3989 3666 4046 esset,
3765 4020 3773 4038 ε

2083 4060 2428 4130 οὶιξίοὶρηιοε,
2474 4077 2655 4130 neque
2701 4062 2811 4117 ullo
2859 4079 3094 4120 numero
3132 4066 3418 4134 habentes,
3458 4071 3514 4125 in
3551 4073 3668 4130 suis

2085 4150 2370 4215 doctrinis,
2403 4151 2763 4220 humanisque
2801 4153 3076 4209 mandatis
3098 4155 3398 4226 discipulos
3441 4161 3665 4230 acquie-

2086 4239 2546 4310 scercjubelaant.
2580 4242 2684 4295 Alii
2731 4259 2954 4312 quoque
2999 4248 3250 4300 nonnulli
3291 4264 3386 4304 eos
3421 4250 3666 4306 circum-

2086 4333 2216 4398 cidi,
2244 4333 2338 4404 qui
2380 4334 2484 4388 ﬁde
2527 4335 2806 4403 justiﬁcati
2850 4345 3058 4403 essent,
3087 4339 3253 4394 stulte
3285 4341 3575 4411 docebant,
3605 4356 3667 4411 ut

2087 4423 2143 4475 in
2187 4424 2364 4477 aliena
2405 4440 2568 4478 carne
2613 4425 3000 4494 gloriarentur,
3029 4436 3090 4481 ut
3114 4429 3379 4500 scriptum
3417 4441 3522 4487 est.
3560 4435 3668 4492 Sed

2087 4514 2154 4568 de
2198 4515 2304 4568 illis
2343 4515 2551 4570 dictum
2581 4525 2664 4570 est
2695 4535 2708 4570 :
2757 4537 2773 4568 ι
2805 4515 2960 4572 Foris
2988 4534 3170 4587 canes,
3195 4521 3333 4578 foris
3367 4525 3496 4580 mali
3533 4542 3669 4597 ope-

2085 4609 2216 4662 rarii
2243 4607 2306 4660 ³⁵.
2342 4629 2359 4659 ι
2390 4610 2639 4663 Alterum
2665 4625 2800 4664 vero
2821 4625 2998 4680 genus
3023 4610 3092 4665 ad
3119 4627 3338 4668 morum
3365 4612 3669 4674 correctio-

2084 4715 2210 4752 nem
2245 4699 2418 4764 ducit,
2446 4706 2501 4753 et
2534 4701 2680 4756 illius
2717 4701 2772 4756 in
2801 4701 3022 4756 Christo
3061 4707 3492 4764 conversationis
3521 4709 3668 4766 viam

2085 4787 2344 4842 declarat.
2377 4787 2663 4858 Argenteae
2695 4797 2824 4844 sunt
2853 4804 3020 4860 porro
3058 4789 3203 4846 tubae
3240 4809 3254 4844 :
3293 4793 3348 4847 in
3385 4809 3496 4864 quo
3533 4807 3702 4864 pro-'-

2083 4881 2203 4948 pria
2237 4879 2441 4934 metalli
2479 4889 2676 4934 natura
2705 4879 3118 4950 praedicationis
3151 4882 3438 4954 utriusque
3479 4887 3666 4956 splen-

2083 4971 2273 5026 dorem
2298 4987 2679 5042 summamque
2700 4973 3073 5028 sinceritatem
3095 4974 3378 5045 eleganter
3402 4979 3664 5034 ostendit.

2087 5061 2260 5116 Tubis
2298 5077 2429 5117 vero
2467 5072 2748 5128 evocetur,
2779 5063 2975 5134 inquit,
3003 5064 3070 5120 ad
3108 5065 3525 5120 tabernaculum
3561 5083 3664 5138 po—

2085 5153 2267 5222 pulus.
2306 5153 2698 5211 Prmdicatione
2736 5155 2884 5210 enim
2917 5171 3013 5211 eos
3039 5155 3133 5224 qui
3162 5155 3310 5210 velut
3355 5156 3411 5210 in
3435 5157 3666 5226 privatis

2086 5244 2456 5300 tabernaculis
2505 5245 2744 5318 degunt,
2791 5247 2857 5302 ad
2902 5246 3167 5301 ecclesias
3215 5261 3662 5317 congregamus:

2084 5353 2242 5408 quos,
2270 5337 2364 5394 ubi
2392 5340 2774 5404 convenerint,
2805 5339 2968 5393 etiam
3008 5338 3316 5401 hortamur,
3342 5349 3458 5395 uta
3481 5341 3666 5398 minus

2084 5429 2314 5488 honeste
2347 5430 2506 5486 factis
2533 5431 2600 5496 ad
2633 5446 2696 5485 ea
2747 5444 2868 5499 quae
2895 5429 3264 5484 sanctiticatos
3289 5430 3544 5488 homines
3565 5432 3664 5488 de-

2081 5531 2226 5587 cent,
2263 5523 2700 5592 proﬁciscantur,
2735 5529 2898 5590 atque
2943 5528 3003 5575 ut
3035 5535 3066 5574 a
3101 5521 3346 5591 nequitia
3381 5521 3449 5576 ad
3490 5521 3667 5578 bonos

2082 5627 2267 5668 mores
2296 5612 2701 5684 quodammodo
2733 5612 3059 5682 demigrent,
3090 5613 3346 5682 praeclare
3380 5613 3661 5668 docemus.

2155 5799 2196 5827 ³³
2233 5798 2254 5850 l
2285 5797 2424 5850 Tim.
2456 5811 2526 5860 tv,
2553 5795 2606 5848 5.
2712 5797 2755 5825 ³“⁶
2779 5794 2952 5865 Apoc.
2983 5812 3112 5862 xx”,
3149 5797 3240 5860 15;
3273 5797 3469 5864 Philip.
3499 5812 3573 5861 ιιι,
3603 5795 3657 5852 2.
