4138 6300
501 353 609 416 3'99

1523 350 1578 405 s.
1622 349 1895 406 evrum
1936 333 2404 410 sesumam
2443 354 2758 411 ARClllEP.

3659 357 3760 412 £00

502 477 586 532 An
640 490 773 532 vero
834 470 1018 545 negari
1077 477 1259 542 potest
1321 469 1455 540 quin
1501 469 1818 540 praedicatio
1864 469 2080 526 facilem

2193 473 2428 543 δεύομεν.
2463 475 2534 528 Ἢ
2567 476 2688 546 οὐχὶ
2733 475 2890 546 λόγος
2931 475 3010 540 είς
3059 475 3326 548 ὀρθότητα
3357 474 3457 547 τὴν
3499 474 3760 546 δογματι-
3851 537 3853 539 ι

501 569 1002 638 obsequentemque
1029 565 1327 630 hominem,
1351 572 1409 619 ct
1440 565 1590 620 illius
1623 565 1678 619 in
1705 564 1924 621 Christo
1957 567 2081 624 vita:

501 674 693 713 verum
720 669 1037 722 amatorem,
1065 656 1131 711 ad
1155 665 1360 712 rectam
1387 655 1703 727 dogmatum
1751 659 2081 714 sententiam

502 767 567 807 ac
593 768 805 806 morum
829 749 1227 806 correctionem
1257 749 1558 820 perducat?

572 841 772 897 PALL.
814 841 892 897 Ita
921 841 1119 896 fateor.

575 931 733 986 CYR.
775 930 946 1002 Igitur
995 927 1118 984 dua:
1157 935 1288 984 sunt
1337 929 1500 994 tubae,
1541 945 1663 1000 qua:
1707 932 1970 1002 populum
2013 933 2081 988 ad

503 1020 920 1075 tabernaculum
959 1027 1180 1090 cogunt.
1213 1018 1318 1074 Sed
1357 1021 1402 1074 si
1447 1036 1554 1075 una
1590 1021 1721 1076 tuba
1758 1023 2080 1090 cecinerint,

512 1107 709 1178 inquit,
737 1109 965 1163 venient
992 1107 1148 1180 167
1186 1109 1254 1163 ad
1299 1118 1353 1164 te
1393 1125 1584 1165 omnes
1611 1110 1886 1181 principes
1915 1112 2084 1170 duces

506 1200 742 1254 ﬁliorum
770 1200 957 1254 Israel.
985 1200 1159 1270 Egent
1185 1201 1353 1265 enim,
1382 1209 1443 1255 ut
1469 1201 1682 1270 opinor,
1709 1202 2082 1260 admonitione

505 1297 677 1361 atque
743 1291 1126 1346 exhortatione
1186 1291 1265 1346 illi
1323 1307 1543 1362 quoque
1606 1293 1700 1362 qui
1757 1292 2082 1364 perfectiore

507 1391 634 1437 sunt
659 1381 847 1436 habitu
877 1399 889 1434 :
919 1381 1014 1436 sed
1053 1397 1163 1437 non
1203 1390 1373 1448 tanta,
1417 1391 1678 1452 quantam
1710 1385 1941 1453 requirit
1976 1400 2082 1440 caa-

508 1483 626 1527 tcra
649 1471 979 1526 multitudo:
1007 1472 1078 1526 ob
1100 1487 1330 1543 eamque
1354 1487 1468 1527 rem
1493 1474 1628 1529 alios
1650 1473 1873 1545 quidem
1893 1491 2086 1532 omnes

511 1563 634 1617 duae
655 1561 745 1615 vix
768 1571 1071 1617 commeant
1096 1563 1262 1627 tubae,
1291 1564 1386 1618 sed
1428 1564 1659 1619 eximios
1688 1581 1824 1632 una;
1853 1565 2083 1636 sapienti

509 1668 743 1722 namque
766 1666 938 1724 pauca
965 1661 1094 1708 sunt
1121 1653 1253 1708 satis
1282 1671 1294 1707 :
1321 1663 1376 1708 et
1399 1654 1740 1709 occasionem
1775 1655 1819 1710 si
1857 1669 2085 1726 accepe-

510 1745 601 1806 rit,
629 1743 850 1814 adjiciet
872 1744 1162 1814 reliquum,
1186 1746 1341 1815 juxta
1366 1745 1537 1801 illud:
1575 1765 1594 1797 ‹
1628 1748 1703 1802 Da
1727 1749 1956 1818 sapienti
1989 1765 2084 1805 oc-

509 1835 809 1899 casionem,
841 1841 898 1888 et
941 1834 1240 1904 sapientior
1283 1836 1420 1900 erit;
1467 1846 1661 1890 notum
1709 1836 1795 1892 fac
1834 1837 2000 1908 justo,
2026 1846 2085 1894 et
2118 1810 2160 1865 Β

509 1927 729 1999 adjiciet
768 1926 1017 1997 accipere
1042 1927 1106 1980 ³⁸.
1140 1947 1158 1978 ›
1191 1927 1398 1982 Deinde
1424 1928 1586 1998 jussit
1639 1936 1699 1984 ut
1734 1937 1970 1999 quatuor
1993 1929 2088 1984 da-

512 2027 704 2073 rentur
751 2017 1031 2088 signorum
1077 2017 1422 2082 diﬂ'erentiaa,
1449 2019 1648 2088 quibus
1690 2026 1868 2074 castra
1898 2036 2087 2076 move-

513 2118 724 2176 rentur,
749 2125 813 2164 ac
837 2108 1319 2180 proﬁciscerentur
1363 2109 1457 2180 qui
1501 2110 1570 2164 ad
1615 2111 1885 2166 orientem
1913 2120 1971 2168 et
1999 2128 2089 2169 oc-

513 2203 818 2268 cidentem,
865 2201 1175 2272 aquilonem
1219 2210 1274 2256 et
1319 2209 1566 2256 austrum
1613 2213 1830 2257 essent-
1859 2219 1958 2274 per
1984 2204 2088 2261 hoc

516 2294 682 2364 igitur
713 2293 951 2348 arbitror
989 2300 1226 2363 quatuor
1257 2292 1676 2362 Evangeliorum
1715 2293 1888 2349 libros
1919 2295 2088 2366 signi-

515 2381 688 2449 ﬁcari,
714 2399 812 2456 per
835 2399 974 2455 quos
995 2383 1311 2454 dogmatum
1347 2382 1512 2439 simul
1555 2399 1620 2438 ac
1665 2400 1880 2440 morum
1914 2386 2091 2442 scien-

515 2477 590 2532 tia
629 2477 922 2531 universus
958 2473 1111 2530 orbis
1135 2473 1419 2530 imbuitur.
1445 2473 1524 2530 Ac
1549 2475 1594 2530 si
1626 2475 1777 2531 aliud
1808 2477 2089 2547 quidpiam

513 2567 933 2639 excogitandum
960 2565 1362 2636 dicendumque
1388 2566 1480 2632 sit,
1509 2566 1648 2622 nihil
1678 2569 2088 2634 cunctabimus;

511 2668 571 2715 et
598 2659 808 2714 inertia:
840 2673 904 2712 ac
943 2657 1120 2712 labori
1147 2657 1402 2712 utilitatis
1426 2657 1924 2713 considerationem
1948 2675 2091 2729 prae-

515 2745 778 2800 feremus.
801 2743 1013 2799 Nostra:
1037 2744 1202 2816 igitur
1223 2744 1632 2815 praedicationis
1649 2754 1884 2817 quatuor
1901 2748 2094 2805 discri—

518 2835 666 2890 mina
709 2834 1071 2904 reperiemus,
1115 2849 1217 2904 per
1257 2849 1381 2905 quae
1423 2834 1716 2892 universus
1755 2837 1908 2895 orbis
1951 2840 2096 2911 Opti-

521 2940 684 2991 mam,
714 2939 779 2979 ac
801 2939 992 2979 revera
1023 2925 1463 2994 probatissimam
1495 2926 1621 2982 vitae
1653 2927 1918 2985 rationem
1944 2937 2095 2986 tene-

521 3015 628 3081 bit;
652 3029 821 3068 unum
846 3028 910 3068 ac
933 3013 1190 3085 primum,
1219 3031 1330 3085 quo
1355 3015 1424 3072 ad
1447 3016 1697 3074 veritatis
1725 3020 2092 3091 cognitionem

2185 565 2286 636 κήν
2311 565 2404 619 καὶ
2422 566 2505 630 είς
2534 566 2681 636 ὴθῶν
2707 565 3080 638 ἐπανόρθωσιν
3108 566 3373 638 ἀποφέρει
3405 566 3499 620 τὸν
3545 567 3761 638 ἐπιεικῆ

2184 657 2277 710 καὶ
2304 653 2448 728 ζωῆς
2479 657 2576 729 τῆς
2610 658 2667 710 ὲν
2705 656 2926 728 Χριστῷ
2958 657 3180 728 γνήσιον
3207 657 3480 730 ὲραστήν;

2255 833 2464 888 ΠΑΛΛ.
2496 832 2652 887 Οὕτω
2680 833 2840 904 φημί.

2255 924 2416 978 ΚΥΡ.
2450 923 2658 977 Οὐκοῦν
2685 923 2778 977 δύο
2815 924 2911 994 μὲν
2940 924 2997 975 αἱ
3037 923 3357 991 σάλπιγγες,
3394 924 3450 976 αἱ
3477 921 3766 992 συλλέγου-

2187 1033 2276 1070 σαι
2313 1015 2403 1069 τὸν
2440 1014 2568 1071 λαὸν
2611 1017 2701 1068 ἐπὶ
2730 1016 2828 1087 τὴν
2875 1017 3099 1087 σκηνήν.
3150 1016 3276 1069 Ἐἀν
3325 1015 3379 1068 δὲ
3428 1017 3525 1086 μιᾷ
3572 1016 3765 1069 σαλπί-

2186 1124 2354 1172 σωσι,
2405 1107 2574 1178 φησὶ,
2629 1107 3085 1178 προσελεύσονται
3147 1107 3286 1177 πρὸς
3340 1107 3400 1161 σὲ
3460 1109 3662 1171 πάντες
3712 1107 3764 1162 οι

2184 1195 2444 1264 ἄρχοντες
2477 1195 2711 1266 ἀρχηγοὶ
2758 1195 2890 1247 υἱῶν
2932 1195 3172 1267 Ἰσραήλ.
3204 1197 3324 1248 Δεῖν
3358 1196 3456 1267 μὲν
3485 1196 3593 1267 γὰρ
3631 1198 3764 1250 ὑπο-

2184 1285 2446 1354 λαμϐάνω
2485 1287 2881 1358 παρακλήσεώς
2919 1306 2977 1340 τε
3027 1289 3119 1341 καὶ
3153 1287 3500 1360 προτροπῆς,
3533 1291 3764 1354 καὶτοῖς

2184 1380 2282 1450 τὴν
2309 1379 2421 1446 ἕξιν
2443 1381 2794 1450 τελειοτέροις
2817 1421 2830 1442 ,
2877 1379 3015 1450 πλὴν
3041 1380 3100 1433 οὐ
3122 1380 3390 1450 τοσαύτης
3420 1381 3663 1452 ὅσησπερ
3695 1379 3763 1434 ἂν

2184 1473 2355 1527 δέοιτο
2375 1473 2470 1526 καὶ
2503 1475 2535 1543 ἡ
2564 1473 2672 1525 τῶν
2710 1471 2910 1543 ἑτέρων
2941 1470 3175 1542 πληθύς·
3199 1471 3288 1524 διὰ
3321 1473 3473 1525 τοῦτο
3506 1475 3630 1536 τοὺς
3664 1472 3763 1543 μὲν

2186 1563 2379 1628 ἄλλους
2427 1565 2673 1626 ἅπαντας
2717 1563 2808 1616 δύο
2858 1562 3012 1632 μόλις
3055 1562 3388 1616 ἀνακαλοῦσι
3440 1562 3760 1632 σάλπιγγες,

2191 1657 2287 1728 μία
2329 1656 2386 1710 δὲ
2431 1657 2558 1720 τοὺς
2600 1655 3038 1726 ἐξειλεγμένους·
3082 1654 3242 1727 ἀρκεῖ
3296 1655 3405 1726 γὰρ
3464 1655 3644 1724 ὀλίγον
3683 1657 3764 1727 τῷ

2191 1747 2358 1818 σοφῷ,
2394 1747 2488 1801 καὶ
2523 1747 2774 1818 ἀφορμὴν
2804 1748 2852 1800 εί
2890 1746 3067 1813 λάϐοι,
3109 1747 3407 1818 προσθήσει
3453 1748 3515 1801 τὸ
3554 1748 3761 1814 λεῖπον,

2189 1840 2332 1895 κατά
2369 1841 2428 1895 τὸ
2457 1857 2470 1871 ·
2525 1858 2544 1892 ι
2585 1840 2738 1894 Δίδου
2787 1839 2936 1911 σοφῷ
2979 1840 3267 1912 ἀφορμὴν,
3321 1841 3414 1894 καὶ
3457 1839 3764 1914 σοφώτερος

2188 1933 2358 1987 ἔσται·
2383 1931 2615 2004 γνώριζε
2637 1933 2849 2003 δικαίῳ,
2880 1933 2974 1986 καὶ
2993 1932 3293 2002 προσθήσει
3317 1933 3412 1986 τοῦ
3433 1933 3699 2002 δέχεσθαι.
3736 1951 3755 1984 ι

2188 2021 2319 2078 Εἶτα
2356 2024 2691 2098 προστέταχε
2723 2024 2992 2093 τέσσαρας
3029 2022 3298 2077 ποιεῖσθαι
3328 2023 3612 2094 σημασιῶν
3647 2024 3763 2078 δια-

2189 2116 2359 2189 φορὰς
2382 2155 2397 2179 ,
2426 2115 2566 2168 ὥστε
2597 2113 2664 2168 δι’
2695 2113 2873 2167 αὐτῶν
2896 2111 3289 2180 ἀναζευγνύναι
3310 2130 3369 2164 τε
3391 2113 3484 2166 καὶ
3509 2111 3763 2183 ἀπαίρειν

2187 2207 2312 2270 τούς
2344 2224 2403 2260 τε
2449 2205 2583 2277 πρὸς
2612 2205 2694 2276 ἠῶ
2728 2205 2820 2258 καὶ
2869 2203 3010 2268 λίϐα,
3057 2203 3229 2275 βορρᾶ
3263 2204 3356 2256 καὶ¹
3397 2203 3579 2257 νότον’
3611 2199 3762 2274 οἶμαι

2189 2293 2280 2351 οὖν
2315 2296 2412 2361 τὰς
2439 2296 2714 2367 τέσσαρας
2748 2297 2883 2366 ἡμῖν
2923 2293 3029 2348 τῶν
3064 2293 3410 2363 Εὑαγγελίων
3443 2295 3762 2365 συγγραφὰς

2188 2387 2275 2441 διὰ
2305 2387 2494 2441 τούτου
2530 2385 2911 2456 σημαίνεσθαι,
2943 2384 3008 2438 δι’
3039 2379 3112 2438 ὧν
3145 2385 3172 2438 ὁ
3222 2384 3442 2456 σύμπας
3487 2387 3764 2455 παιδαγωο

2189 2481 2365 2547 γεῖται
2396 2479 2599 2548 κόσμος
2632 2477 2766 2548 πρὸς
2803 2475 3140 2546 δογματικήν
3179 2493 3239 2528 τε
3268 2476 3382 2546 ἃμα
3429 2477 3524 2530 καὶ
3569 2477 3764 2548 ἠθικὴν

2191 2569 2524 2638 ἐπιστήμην.
2573 2567 2634 2619 Εἰ
2663 2567 2720 2619 δὲ
2760 2567 2821 2637 δή
2849 2583 2902 2619 τι
2935 2567 3039 2638 χρὴ
3075 2567 3167 2621 καὶ
3196 2566 3382 2638 ἕτερον
3418 2566 3766 2632 ἐπινοοῦντας

2190 2659 2389 2727 λέγειν,
2436 2659 2842 2728 κατοκνήσομεν
2874 2658 3157 2728 οὐδαμῶς,
3206 2657 3372 2734 ὕπνου
3412 2659 3506 2713 καὶ
3549 2658 3767 2731 ἱδρῶτος

2193 2751 2475 2822 κρείττονα
2502 2750 2601 2820 τὴν
2645 2747 2738 2801 τοῦ
2785 2748 3053 2820 χρησίμου
3089 2749 3404 2820 ποιούμενοι
3441 2750 3633 2822 θήραν.
3662 2751 3766 2804 Λό-

2192 2857 2289 2910 γου
2331 2838 2618 2910 τοιγαροῦν
2648 2836 2742 2891 τοῦ
2790 2840 2921 2908 παρ’
2972 2841 3107 2908 ἡμῖν
3157 2839 3426 2911 τέσσαρας
3464 2835 3768 2911 εὑρήσομεν

2192 2931 2292 2995 τὰς
2323 2928 2616 3000 διαφορὰς,
2647 2929 2712 2982 δι’
2739 2922 2813 2983 ὧν
2847 2931 2879 3000 ἡ
2914 2929 3181 3000 σύμπασα
3213 2931 3285 3001 γῆ
3333 2930 3425 2984 τὸν
3459 2931 3678 3003 ἄριστόν
3708 2946 3768 2984 τε

2193 3023 2286 3076 καὶ
2313 3020 2594 3091 εὐδόκιμον
2628 3018 2843 3085 ἀληθῶς
2872 3019 3208 3090 κατορθώσει
3237 3019 3380 3090 βίον·
3419 3020 3516 3091 μία
3551 3021 3648 3092 μὲν
3676 3017 3770 3076 οὖν

517 3119 583 3160 ac
621 3104 848 3159 luminis
902 3104 1074 3160 divini
1122 3108 1529 3178 susceptionem
1567 3125 1764 3165 vocare
1801 3113 2092 3169 consuevi-

2198 3114 2313 3166 ἐστι
2339 3113 2432 3166 καὶ
2461 3111 2673 3184 πρώτη,
2704 3110 2770 3164 δι’
2795 3105 2862 3184 ἦς
2899 3111 3034 3182 πρὸς
3059 3111 3354 3181 ἐπίγνωσιν
3383 3112 3637 3184 ἀληθείας
3673 3115 3771 3167 καὶ

501 3212 643 3268 tritus
705 3211 802 3252 eos
855 3197 948 3269 qui
983 3205 1248 3254 creaturae
1291 3200 1474 3270 potius
1500 3216 1664 3270 quam
1697 3201 1944 3259 Creatori
1980 3221 2098 3261 ser-

516 3291 711 3355 viunt,
750 3305 815 3345 ac
857 3290 1023 3345 stulte
1064 3291 1212 3362 ligno
1252 3290 1446 3346 dicunt
1481 3309 1494 3345 :
1530 3292 1691 3348 Pater
1718 3309 1875 3350 meus
1911 3311 1970 3351 es
2003 3305 2058 3352 tu
2082 3339 2096 3364 ,

512 3389 575 3434 et
619 3379 788 3454 lapidi
822 3379 842 3434 ἐ
879 3381 962 3435 Τιι
979 3395 1066 3435 me
1112 3381 1350 3451 genuisti
1386 3382 1454 3448 '°,
1500 3391 1563 3437 ut
1598 3385 1879 3454 prOpbetae
1915 3388 2100 3444 verbis

511 3482 666 3528 utar.
702 3472 778 3528 lis
820 3480 1003 3527 autem
1043 3471 1138 3543 qui
1176 3473 1290 3544 jam
1332 3473 1707 3542 crediderunt,
1743 3478 1850 3534 tria
1887 3480 2099 3551 reliqua

510 3562 931 3634 "pradicationis
985 3578 1188 3635 genera
1235 3572 1359 3634 apte
1409 3566 1768 3634 convenient;
1826 3569 2098 3640 siquidem

507 3656 688 3710 ‘ctiam
729 3654 831 3711 tria
867 3670 988 3711 esse
1023 3656 1153 3711 vitae
1181 3672 1247 3712 ac
1288 3659 1726 3715 conversationis
1751 3678 1948 3733 genera
1977 3664 2097 3720 Sal-

509 3753 681 3800 *τοισι-
725 3743 942 3811 docuit;
985 3745 1124 3801 dixit
1168 3745 1339 3813 enim,
1377 3748 1526 3820 jacta
1565 3749 1658 3806 illa
1690 3751 1746 3806 in
1771 3759 1973 3808 terram
2002 3755 2100 3810 bo-

515 3852 652 3891 ‘nam
687 3837 897 3893 semina
919 3836 1123 3893 fecisse
1165 3837 1426 3904 fructum,
1458 3855 1629 3895 unum
1665 3842 1887 3912 quidem
1915 3852 2099 3900 cente-

523 3926 746 3990 simum,
784 3927 1022 3981 alterum
1057 3942 1191 3982 vero
1230 3930 1650 4000 sexagesimum,
1683 3933 1905 3988 tertium
1946 3934 2099 3990 deni-

527 4032 632 4086 que
675 4016 1012 4072 tricesimum
1041 4018 1107 4071 ”.
1146 4019 1358 4073 Horum
1393 4020 1560 4092 igitur
1597 4023 1894 4095 unicuique
1924 4042 2098 4098 genus

513 4106 656 4160 tilem
699 4115 783 4162 est
825 4106 1098 4177 quoddam
1141 4109 1410 4166 sermonis
1453 4112 1688 4168 maxime
1723 4117 2091 4174 conveniens:

527 4214 705 4269 neque
749 4199 897 4254 enim
949 4207 1098 4255 recte
1143 4201 1456 4268 fecerimus,
1499 4202 1545 4258 si
1590 4204 1849 4276 legitimis
1887 4209 2094 4279 nuptiis

526 4289 870 4360 conjunctos,
896 4289 969 4344 ob
991 4305 1224 4362 eamque
1263 4307 1380 4347 rem
1405 4292 1517 4348 Deo
1548 4309 1613 4349 ac
1637 4295 1844 4352 mundo
1866 4297 2092 4367 divisos,

2201 3207 2282 3270 είς
2314 3203 2580 3276 ἀνάληψιν
2618 3203 2762 3258 θείου
2803 3204 2979 3273 φωτὸς
3008 3204 3193 3258 καλεῖν
3231 3204 3512 3275 εἰθίσμεθα
3550 3205 3675 3269 τοὺς
3703 3209 3770 3278 τῇ

2201 3298 2377 3353 κτίσει
2409 3295 2559 3368 παρά
2581 3295 2672 3349 τὸν
2705 3295 2943 3366 Κτίστην
2972 3295 3421 3368 λελατρευκότας,
3464 3297 3558 3351 καὶ
3586 3297 3773 3366 λέγον-

2199 3408 2298 3454 τας
2341 3388 2567 3460 ἀμαθῶς
2625 3386 2703 3458 τῷ
2760 3385 2933 3458 ξύλῳο
2963 3388 3161 3458 Πατήρ,
3194 3405 3296 3458 μου
3340 3385 3398 3441 ἐῐ
3430 3388 3517 3451 σὺ,
3572 3387 3773 3458 καὶτῷ

2199 3481 2331 3552 λίθῳ
2357 3497 2372 3513 ·
2417 3481 2489 3533 Σὺ
2523 3479 2819 3550 ὲγέννησάς
2879 3495 2980 3549 με,
3032 3477 3172 3532 κατά
3202 3479 3300 3548 τὴν
3350 3478 3444 3532 τοῦ
3493 3481 3770 3553 προφήτου

2201 3573 2407 3643 φωνήν.
2451 3571 2576 3632 Τοῖς
2622 3587 2687 3639 γε
2731 3572 2836 3641 μὴν
2877 3570 2978 3641 ⁴ἤδη
3026 3569 3478 3634 πεπιστευκόσιν,
3525 3573 3583 3624 αἱ
3625 3575 3772 3643 τρεῖς

2198 3663 2384 3734 ἕτεραι
2432 3661 2528 3715 τοῦ
2579 3660 2738 3729 λόγου
2789 3661 3042 3730 διαφοραὶ
3097 3660 3354 3732 πρέποιεν
3393 3661 3460 3716 ἂν
3510 3662 3766 3726 εἰκότως·

2198 3754 2318 3807 ἐπεί
2345 3771 2425 3808 τοι
2454 3754 2547 3807 καὶ
2578 3755 2727 3824 τρεῖς
2757 3747 2898 3806 εἶναι
2932 3751 3044 3822 βίου
3078 3751 3172 3805 καὶ
3204 3751 3479 3816 πολιτείας
3509 3753 3772 3824 διαφορὰς

2198 3845 2474 3900 ἐδίδασκεν
2513 3847 2540 3899 ὁ
2569 3845 2793 3916 Σωτήρ·
2830 3843 2933 3914 ἔφη
2977 3844 3084 3913 γὰρ
3122 3844 3225 3907 ὅτι,
3250 3843 3318 3896 τά
3363 3843 3771 3916 καταϐληθέντα

2197 3938 2307 3992 τῶν
2337 3937 2664 4010 σπερμάτων
2694 3937 2786 3989 ἐπὶ
2810 3935 2906 4006 τὴν
2939 3935 3108 4007 καλὴν
3135 3939 3238 4006 γῆν
3287 3936 3510 4008 ἐποίησε
3534 3936 3767 4007 καρπὸν,

2195 4029 2224 4082 ὁ
2251 4028 2348 4098 μὲν
2381 4026 2594 4092 ἑκατὶν,
2622 4029 2651 4080 ὁ
2671 4025 2726 4079 δὲ
2759 4025 3039 4095 ἑξήκοντα,
3068 4027 3096 4078 ό
3130 4025 3188 4077 δὲ
3216 4025 3531 4096 τριάκοντα.
3562 4025 3770 4080 Οὐκοῦν

2197 4119 2312 4174 ὲστί
2337 4137 2420 4184 τις
2445 4119 2658 4190 ἑκάστῳ
2685 4117 2794 4170 τῶν
2821 4117 3080 4171 τοιούτων
3099 4156 3113 4181 ,
3143 4118 3172 4170 ὁ
3197 4117 3346 4188 αὐτῷ
3375 4118 3608 4189 μάλιστα
3641 4118 3769 4192 πρέ-

2199 4228 2317 4266 πων
2345 4210 2502 4280 λόγος
2526 4222 2541 4238 ·
2567 4209 2628 4262 οὐ
2651 4208 2761 4280 γάρ
2791 4226 2876 4262 πω
2903 4207 3136 4280 δρῶντες
3164 4208 3359 4280 ὀρθῶς,
3387 4212 3513 4272 τοὺς
3543 4207 3662 4280 Θεῷ
3681 4212 3770 4264 καὶ

2135 4359 2146 4369 ,
2197 4303 2388 4376 κόσμῳ
2411 4301 2876 4374 μεμερισμένους,
2905 4298 2995 4352 διά
3014 4299 3076 4353 τὸ
3095 4302 3237 4353 κατὰ
3257 4299 3418 4371 νόμον
3443 4299 3771 4370 ὑπεζεῦχθαι

519 4389 581 4434 et
639 4395 737 4436 eos
781 4380 912 4436 item
968 4381 1062 4452 qui
1107 4383 1612 4453 prastantissimam
1664 4401 1731 4441 ac
1783 4388 2094 4460 religiosam

2200 4395 2432 4468 γάμοις,
2464 4394 2558 4449 καὶ
2595 4394 2721 4456 τοὺς
2747 4392 2839 4447 τὸν
2875 4391 3206 4463 πανάριστόν
3237 4410 3299 4446 τε
3338 4393 3432 4447 καὶ
3476 4392 3769 4464 ἀσκητικὸν

519 4472 717 4537 vitam,
745 4483 840 4528 aut
879 4483 1062 4544 aptam
1109 4475 1432 4530 sacerdotali
1469 4476 1684 4532 muneri
1716 4491 2094 4551 susceperunt,

2202 4467 2630 4555 ἐπανελομὲνους
2661 4481 2772 4553 βίον
2791 4522 2804 4547 ,
2834 4483 3002 4552 ἤγουν
3029 4483 3120 4536 τὸν
3156 4481 3423 4555 ἱερωσύνῃ
3460 4483 3767 4554 πρέποντα,
3859 4491 3864 4497 ’

507 4562 722 4617 iisdem
734 4564 1096 4619 sermonibus
1128 4564 1281 4620 nullo
1311 4565 1628 4622 discrimine
1645 4567 1919 4639 juvandos
1939 4580 2101 4641 puta-

527 4655 793 4718 verimus,
825 4651 1066 4709 sedill'is
1100 4655 1325 4724 quidem
1364 4655 1651 4712 dicemus:
1685 4673 1705 4710 ι
1733 4657 2000 4730 Alligatus
2041 4676 2102 4717 es

524 4745 726 4799 uxori?
769 4744 880 4799 noli
921 4759 1169 4814 quaerere
1224 4747 1583 4814 solutionem;
1647 4749 1860 4805 solutus
1914 4767 1976 4808 es
2032 4753 2102 4808 ab

530 4837 735 4890 uxore?
755 4835 867 4888 noli
891 4851 1137 4903 quaerere
1159 4853 1388 4893 uxorem
1413 4840 1456 4871 "'
1476 4857 1491 4907 ;
1515 4859 1534 4891 ι
1556 4847 1612 4895 et
1637 4856 1978 4913 quaecunque
1996 4833 2102 4899 alia

517 4924 882 4980 matrimonio
915 4924 1127 4998 junctis
1170 4935 1227 4981 et
1267 4931 1473 4986 sentire
1509 4935 1767 4988 convenit
1799 4942 1854 4990 et
1896 4934 2116 5006 facere.-

533 5014 823 5087 Religiosis
845 5022 1054 5080 autem,
1086 5023 1142 5071 et
1165 5018 1258 5087 qui
1291 5021 1582 5077 severioris
1603 5024 1726 5080 vita:
1751 5026 2101 5097 asperitatem

534 5108 768 5164 tolerare
810 5106 1176 5170 decreverint,
1208 5127 1227 5158 ι
1257 5107 1577 5166 Mortiﬁcate
1618 5117 1862 5171 membra
1896 5126 2099 5185 vestra,

530 5214 654 5267 qua:
694 5204 823 5253 sunt
862 5211 1026 5267 super
1063 5204 1268 5252 terram
1295 5238 1310 5263 ,
1373 5197 1818 5270 fornicationem,
1864 5206 2103 5263 immun-

531 5289 744 5354 ditiam,
797 5287 1108 5356 libidinem,
1170 5290 1672 5361 concupiscentiam
1731 5297 1928 5352 malam
1951 5300 2016 5354 ”.
2071 5318 2090 5352 ι

531 5379 698 5462 168
716 5380 784 5434 Et
805 5380 993 5462 illud,c
1015 5380 1134 5437 Non
1161 5391 1293 5437 sunt
1311 5381 1596 5454 condignae
1619 5386 1905 5455 passiones
1934 5389 2100 5462 hujus

535 5459 798 5554 temporis
826 5460 895 5526 ad
943 5471 1186 5539 futuram
1223 5473 1473 5544 gloriam,
1500 5491 1623 5546 qua
1665 5459 2097 5536 revelabitur'in

534 5559 696 5616 nobis
722 5559 788 5613 “.
826 5577 846 5614 ι
879 5559 952 5616 lis
997 5561 1234 5633 denique
1269 5566 1364 5635 qui
1405 5565 1473 5622 ad
1504 5568 1872 5625 sacerdotium
1921 5573 2098 5628 vocati

621 5687 951 5767 "APr‘oerx,
973 5689 1028 5745 9.
1105 5691 1148 5722 ³⁸
1171 5693 1328 5767 ῌριιι.
1355 5712 1394 5764 ι,
1419 5698 1485 5764 7;
1505 5698 1615 5754 Jer.
1643 5715 1703 5767 ιι,
1728 5699 1816 5755 27.

538 5769 630 5826 vu,
656 5757 707 5814 Β.
772 5759 819 5792 ⁸⁸
842 5759 998 5816 Rom.
1032 5775 1148 5825 vm,
1175 5761 1263 5816 18.

1929 5702 1974 5736 ³⁷
1998 5703 2186 5761 Matth.
2216 5721 2329 5772 xm,
2354 5704 2443 5760 25.
2523 5705 2568 5739 ⁸⁸
2591 5704 2613 5760 ι
2636 5703 2764 5760 Cor.
2790 5721 2886 5770 vn,
2910 5704 2999 5760 27.
3042 5673 3044 5675 Ι

2199 4578 2313 4640 τοῖς
2330 4575 2465 4637 ῐσοις
2482 4574 2810 4644 ἀφυλάκτοις
2823 4572 3176 4644 ὠφελήσομεν
3194 4572 3392 4641 λόγοις,
3416 4572 3532 4626 ἀλλ’
3550 4572 3770 4635 ἐκείνοις

2207 4669 2304 4739 μὲν
2341 4665 2606 4739 ἐροῦμεν·
2655 4683 2672 4717 ι
2725 4665 2947 4718 Δέδεσαι
2987 4663 3245 4733 γυναικί;
3285 4663 3360 4734 μὴ
3399 4663 3551 4735 ζήτει
3587 4663 3766 4717 λύσιν·

2203 4759 2423 4813 λέλυσαι
2455 4757 2563 4811 ἀπὸ
2591 4756 2883 4826 γυναικός;
2915 4755 2994 4826 μὴ
3019 4756 3170 4826 ζήτει
3197 4757 3430 4823 γυναῖκα
3448 4771 3462 4786 ο
3501 4775 3518 4807 ι
3562 4756 3654 4809 καὶ
3672 4756 3770 4808 ὅσα

2200 4853 2314 4914 τοῖς
2345 4849 2716 4920 γεγαμηκόσιν
2750 4845 2974 4918 ἁρμόζει
3009 4848 3226 4916 φρονεῖν
3257 4862 3315 4899 τε
3345 4846 3440 4899 καὶ
3471 4845 3623 4916 δρᾷν.
3649 4847 3772 4909 Τοῖς

2203 4957 2268 5010 γε
2310 4941 2420 5013 μὴν
2447 4940 2768 5009 ἀσκητικοῖς
2803 4938 2898 4991 καὶ
2932 4939 3216 5008 καρτερεῖν
3260 4937 3552 5006 ἐγνωκόσι·
3605 4955 3625 4988 ι
3673 4937 3772 4989 Νε-

2203 5030 2454 5103 κρώσατε
2487 5027 2560 5083 τά
2586 5028 2726 5100 μέλη
2753 5027 2910 5100 ὑμῶν
2951 5027 3021 5082 τὰ
3060 5029 3154 5082 επὶ
3181 5027 3282 5098 τῆς
3324 5027 3463 5095 γῆς,
3499 5027 3770 5099 πορνείαν,

2204 5121 2565 5194 ἀκαθαρσίαν,
2588 5121 2779 5186 πάθος,
2799 5119 3090 5190 ἐπιθυμίαν
3110 5121 3306 5189 κακήν.
3329 5138 3348 5171 ι
3378 5119 3485 5172 Καὶ
3505 5118 3587 5184 τὸ,
3617 5137 3635 5169 ι
3664 5120 3775 5169 υὺκ

2203 5214 2328 5278 ἀξια
2352 5212 2419 5267 τὰ
2452 5211 2753 5283 παθήματα
2779 5212 2872 5265 τοῦ
2899 5211 2994 5264 νῦν
3029 5211 3221 5280 καιροῦ
3253 5209 3387 5281 πρὸς
3424 5209 3524 5281 τὴν
3554 5209 3775 5281 μέλλουο

2206 5320 2302 5357 σαν
2341 5302 2499 5367 δόξαν
2545 5301 2995 5372 ἀποκαλυφθῆναι
3034 5301 3114 5363 είς
3156 5301 3322 5370 ἡμᾶς.
3361 5319 3380 5352 ι
3417 5301 3543 5363 Τοῖς
3588 5299 3645 5352 δὲ
3682 5315 3773 5351 κε-

2203 5394 2496 5466 κλημένοις
2525 5394 2604 5458 εἰς
2633 5393 2954 5464 ἱερωσύνην·
2998 5411 3016 5444 ι
3053 5391 3225 5462 Χείλη
3265 5391 3453 5462 ἱερέως
3486 5390 3775 5458 φυλάξεται

2201 5485 2401 5554 γνῶσιν
2425 5525 2440 5552 ,
2484 5485 2580 5539 καὶ
2622 5484 2784 5554 νόμον
2828 5483 3220 5554 ἐκζητήσουσιν
3269 5484 3334 5535 ἐκ
3375 5481 3640 5552 στόματος
3680 5481 3776 5534 αύ-

2200 5574 2319 5640 τοῦ,
2355 5593 2373 5626 ι
2407 5574 2502 5628 καὶ
2539 5574 2638 5628 ὅσα
2681 5572 2929 5645 Τιμοθέῳ
2958 5573 3245 5643 παρεγγυᾷ
3274 5573 3503 5644 γράφων
3538 5572 3569 5624 ό
3601 5569 3777 5640 σοφώ-

3098 5705 3142 5738 ³⁹
3163 5703 3372 5760 Coloss.
3419 5719 3497 5771 ιιι,
3522 5705 3584 5771 5;
3616 5705 3771 5760 Rom.
