4138 6300
443 360 551 419 ωδ

1470 366 1528 422 S.
1572 365 1849 423 CYRILLI
1890 362 2365 421 ALEXANDRINI
2404 360 2724 417 ARCHIEP.

3622 360 3731 417 4οῑ

442 482 664 554 copiosa
688 482 865 537 vaIde.
894 484 960 537 Et
982 483 1239 538 viderunt
1266 484 1542 555 regionem
1566 485 1748 551 Iazer,
1770 492 1827 540 et
1853 482 2036 555 regio-

2144 483 2249 545 τοῖς
2278 481 2412 544 υἱοῖς
2451 480 2559 533 Γὰδ
2580 520 2594 545 ,
2630 478 2834 550 πλῆθος
2872 479 3008 533 πολὺ
3041 476 3269 550 σφόδρα.
3315 478 3426 532 Καὶ
3466 473 3606 531 εἶδον
3634 478 3734 549 τὴν

442 588 569 627 nem
590 574 789 629 Galaad
814 591 831 640 ;
853 583 909 628 et
930 583 1050 629 erat
1071 575 1245 640 locus,
1265 574 1419 632 locus
1437 575 1766 647 pecoribus;
1788 585 1846 630 et
1871 589 2028 630 acce-

443 664 638 720 dentes
666 665 763 720 lilii
791 666 987 723 Ruben
1026 677 1082 723 et
1106 668 1202 724 lilii
1226 667 1363 734 Gad,
1392 669 1653 724 dixerunt
1694 668 1763 724 ad
1784 669 2028 739 Moysen,

442 764 499 810 et
537 756 763 812 Eleazar
785 760 1149 828 sacerdotem,
1180 772 1238 818 et
1281 762 1352 817 ad
1396 762 1679 834 principes
1711 762 2027 834 Synagogae,

442 848 691 907 dicentes
721 868 734 905 :
776 851 1031 919 Ataroth,
1065 864 1124 910 et
1145 855 1357 919 Debon,
1392 864 1450 912 et
1476 856 1654 920 Iazer,
1685 865 1741 910 et
1768 855 2026 922 Nambra,

440 948 498 996 et
538 941 742 1009 Sebon,
778 952 835 1000 et
891 945 1091 1012 Eleale,
1146 956 1203 1003 et
1241 948 1495 1016 Sabama,
1520 959 1577 1005 et
1603 950 1773 1017 Nava,
1804 951 2031 1007 etBean

445 1040 615 1098 terra,
644 1050 810 1115 quam
830 1037 983 1092 dedit
1015 1039 1281 1095 Dominus
1317 1055 1506 1095 coram
1529 1041 1656 1097 ﬁliis
1686 1043 1874 1109 Israel,
1904 1053 2031 1115 apta

442 1133 528 1180 est
549 1114 846 1196 pecoribus
872 1131 1193 1200 pascendis;
1220 1139 1277 1188 et
1306 1134 1481 1189 servis
1509 1135 1617 1190 tuis
1645 1146 1773 1191 sunt
1807 1114 2030 1207 pecora.

442 1218 513 1273 Et
538 1218 801 1276 dixerunt
825 1240 839 1276 :
869 1222 926 1278 Si
953 1223 1266 1295 invenimus
1285 1227 1519 1297 gratiam
1549 1244 1735 1283 coram
1768 1239 1840 1295 te,
1869 1229 2033 1285 detur

443 1308 561 1367 haec
578 1318 724 1367 terra
745 1313 923 1369 servis
942 1316 1052 1370 tuis
1067 1316 1124 1370 in
1144 1316 1630 1387 possessionem,et
1651 1334 1719 1372 ne
1738 1320 2037 1375 transferas

444 1414 548 1456 nos
577 1408 730 1458 trans
762 1402 1079 1459 Iordanem.
1135 1405 1205 1461 Et
1233 1406 1373 1461 dixit
1411 1407 1620 1479 Moyses
1662 1408 1789 1463 filiis
1829 1410 1943 1465 Gad
1978 1420 2051 1464 et

444 1488 571 1545 ﬁliis
621 1491 817 1546 Ruben
854 1509 867 1545 :
904 1492 1122 1549 Fratres
1161 1496 1331 1550 vestri
1378 1496 1535 1550 ibunt
1587 1498 1654 1551 ad
1704 1498 1931 1563 bellum,
1978 1508 2036 1553 et

444 1595 544 1635 vos
573 1581 840 1643 sedebitis
882 1583 1010 1639 hic?
1046 1586 1118 1639 Et
1151 1602 1250 1641 cur
1287 1589 1606 1656 pervertitis
1644 1599 1857 1646 mentes
1898 1591 2035 1645 liliu-

445 1687 568 1728 rum
603 1674 791 1740 Israel,
825 1683 887 1729 ut
913 1692 1024 1731 non
1069 1686 1352 1739 transeant
1384 1681 1438 1735 in
1468 1688 1676 1737 terram
1719 1698 1884 1752 quam
1925 1685 2032 1738 Do-

445 1765 630 1821 minus
656 1767 801 1823 Deus
831 1767 925 1822 dat
961 1769 1096 1839 ipsis
1125 1770 1215 1826 "?
1246 1791 1264 1823 ι
1309 1773 1538 1840 Deinde,
1576 1775 1903 1844 exprobrata
1927 1776 2037 1832 illis

444 1866 737 1927 parentum
781 1863 1160 1929 contumacia,
1196 1870 1254 1919 et
1301 1864 1370 1920 iis
1413 1868 1858 1923 commemoratis
1915 1884 2037 1938 quae

444 1964 511 2003 ea
529 1948 598 2005 de
620 1965 783 2006 causa
802 1951 935 2022 ipsis
960 1965 1293 2011 evenerant:
1321 1976 1339 2008 ι
1365 1957 1566 2012 Mortui
1590 1974 1827 2029 namque
1850 1968 2031 2022 sunt,»

444 2040 647 2112 inquit,
678 2062 696 2095 ι
727 2043 785 2099 in
809 2043 1053 2112 deserto,
1097 2065 1115 2098 ι
1145 2062 1269 2101 cum
1298 2049 1684 2119 promissionis
1714 2060 1937 2117 terram,
1977 2059 2039 2106 ut

444 2132 521 2187 ita
562 2132 763 2200 dicam,
808 2151 879 2191 ne
921 2137 1266 2207 aspexissent
1314 2139 1557 2209 quidem.
1598 2140 1766 2197 Infert
1794 2142 2035 2197 iterum:

453 2244 472 2274 ι
500 2224 570 2280 Et
609 2240 740 2281 ecce
786 2228 1109 2284 surrexistis
1153 2246 1255 2300 pro
1292 2231 1547 2301 patribus
1575 2234 1795 2293 vestris,
1824 2233 2040 2304 conspi-

445 2316 590 2373 ratio
651 2317 939 2374 hominum
993 2330 1386 2391 peccatorum,
1447 2330 1509 2377 ut
1532 2323 1801 2396 adjiciatis
1856 2325 2039 2381 adhuc

445 2407 513 2462 ad
546 2408 685 2464 iram
714 2411 1109 2483 indignationis
1134 2413 1349 2469 Domini
1382 2414 1651 2471 adversus
1689 2416 1879 2482 Israel,
1909 2418 2038 2488 quia

444 2503 774 2559 avertemini
805 2504 876 2559 ab
909 2504 1051 2576 ipso,
1095 2514 1156 2561 ut
1199 2507 1472 2579 adjiciatis
1521 2508 1722 2573 adhuc,
1772 2518 1833 2564 ut
1874 2510 2036 2567 dere-

445 2590 713 2663 tinquatis
755 2594 936 2665 ipsum
969 2596 1022 2650 in
1056 2595 1299 2661 deserto,
1335 2605 1392 2651 et
1423 2599 1666 2668 peccetis
1714 2599 1769 2653 in
1813 2602 2038 2655 univer-

446 2698 563 2739 sam
612 2686 1092 2758 congregationem
1144 2688 1307 2744 hanc.
1349 2690 1418 2743 Et
1456 2700 1810 2745 accesserunt
1852 2692 1921 2747 ad
1958 2695 2039 2763 ip-

446 2791 569 2830 sum
600 2785 657 2831 et
689 2776 949 2833 dixerunt
978 2797 994 2834 :
1029 2778 1229 2836 Caulas
1272 2780 1457 2835 ovium
1501 2781 1898 2840 zedificabimus
1932 2800 2037 2841 no-

447 2867 534 2922 bis
577 2868 668 2923 hic
704 2869 1002 2941 pecoribus
1046 2872 1274 2937 nostris,
1314 2881 1371 2927 et
1414 2873 1582 2930 urbes
1632 2875 2038 2946 impedimentis

446 2962 673 3027 nostris,
712 2969 770 3017 et
810 2978 914 3019 nos
948 2963 1146 3019 armati
1192 2964 1246 3020 in
1288 2965 1469 3037 primo
1506 2966 1699 3024 ordine
1732 2978 1859 3023 ante
1898 2968 2038 3024 filios

446 3051 635 3117 Israel,
662 3068 954 3125 quousque
998 3055 1365 3126 perducamus
1403 3057 1550 3129 ipsos
1583 3058 1637 3113 in
1670 3050 2035 3130 locumipso-

2136 571 2321 643 χώραν
2355 571 2558 643 Ἰαζὴρ,
2580 572 2673 625 καὶ
2691 574 2790 643 τὴν
2815 570 2996 643 χώραν
3019 570 3255 635 Γαλαὰδ,
3278 572 3376 625 καί⁸
3398 566 3467 642 ἦν
3490 573 3519 625 ὁ
3542 573 3729 636 τόπος,

2135 663 2299 726 τόπος
2322 665 2565 733 κτήνεσι.
2590 664 2701 717 Καὶ
2731 663 3116 734 προσελθόντες
3139 664 3189 716 οἱ
3212 664 3318 715 υίοὶ
3345 663 3600 733 Ῥουὸεὶμ
3636 666 3732 716 καὶ

2136 757 2187 809 οἱ
2211 758 2317 810 υἱοὶ
2344 758 2471 823 Γὰδ,
2494 752 2649 811 εἶπον
2680 756 2817 829 πρὸς
2844 758 3050 826 Μωσῆν
3078 756 3170 808 καὶ
3197 755 3333 826 πρὸς
3362 755 3625 827 Ἐλεάζαρ
3643 756 3738 810 τὸν

2139 847 2323 919 ἱερέα,
2356 850 2451 902 καὶ
2485 849 2621 920 πρὸς
2663 850 2790 913 τοὺς
2834 849 3103 920 ἄρχοντας
3149 849 3250 919 τῆς
3275 850 3618 919 Συναγωγῆς
3648 850 3741 906 λέ-

2137 957 2347 1008 γοντες⁶
2422 940 2705 1012 Ἀταρὼθ,
2764 941 2860 995 καὶ
2909 939 3120 993 Δαιϐὼν
3192 942 3286 994 καὶ
3358 940 3578 1013 Ἰαζὴρ,
3643 943 3740 995 καὶ

2136 1034 2375 1105 Ναμρά,
2409 1033 2502 1086 καὶ
2554 1032 2793 1086 Ἐσεσὼν
2818 1076 2832 1098 ,
2874 1034 2968 1087 καλ⁵
3028 1033 3294 1104 Ἑλεαλὴ,
3353 1035 3450 1088 καὶ
3491 1034 3736 1103 Σεδαμὰ,

2136 1125 2232 1178 καὶ
2258 1124 2474 1185 Ναϐαὺ,
2504 1123 2597 1176 καὶ
2626 1124 2795 1176 Βαιὰν
2829 1122 2927 1194 τὴν
2949 1125 3073 1194 γῆν,
3114 1123 3180 1193 ἢν
3213 1122 3500 1194 παρέδωκε
3531 1122 3739 1192 Κύριος

2136 1215 2370 1273 ἐνώπιον
2398 1214 2509 1269 τῶν
2540 1216 2671 1269 υίῶν
2706 1214 2922 1286 Ἰσραὴλ
2942 1257 2956 1281 ,
2987 1215 3056 1284 γῆ
3088 1214 3455 1286 κτηνοτρόφος
3480 1215 3616 1279 ἐστὶ,
3642 1218 3739 1268 καὶ⁸

2135 1308 2247 1368 τοῖς
2274 1306 2430 1358 παισί
2462 1323 2556 1359 σου
2586 1306 2760 1376 κτήνη
2793 1305 3051 1376 ὑπάρχει.
3082 1306 3193 1359 Καὶ
3232 1304 3418 1374 ἔλεγον
3442 1322 3456 1337 ο
3489 1306 3552 1359 El
3582 1305 3740 1375 εὖρο-

2144 1412 2241 1465 μεν
2288 1395 2448 1465 χάριν
2497 1393 2728 1447 ἐνώπιόν
2772 1411 2890 1457 σου,
2921 1394 3129 1465 δοθήτω
3161 1396 3195 1464 ἡ
3237 1396 3312 1466 γῆ
3346 1393 3493 1463 Δαὕτη
3523 1397 3635 1459 τοῖς
3668 1397 3740 1447 oi-

2140 1489 2325 1548 κέταις
2354 1504 2449 1540 σου
2490 1488 2548 1538 ὲν
2587 1486 2955 1555 κατασχέσει,
2996 1487 3092 1540 καὶ
3121 1487 3195 1559 μὴ
3226 1486 3548 1559 διαϐιϐάσῃς
3590 1488 3741 1557 ἡμᾶς

2140 1579 2232 1632 τὸν
2278 1579 2570 1650 Ἰορδάνην.
2614 1578 2724 1631 Καὶ
2768 1574 2890 1630 εἷπε
2926 1578 3134 1649 Μωσῆς
3163 1580 3278 1641 τοῖς
3316 1578 3451 1641 υἱοῖς
3497 1578 3602 1631 Γὰδ
3643 1579 3741 1632 καὶ

2139 1674 2252 1735 τοῖς
2295 1672 2432 1734 υἱοῖς
2481 1670 2773 1742 Ῥουὸείμ·
2815 1671 2878 1722 Οἱ
2911 1669 3131 1737 ἀδελφοὶ
3176 1669 3330 1741 ὑμῶν
3373 1670 3739 1740 πορεύσονται

2139 1766 2221 1828 εἰς
2270 1763 2359 1816 τὸν
2396 1763 2668 1833 πόλεμον,
2699 1763 2791 1814 καὶ
2828 1762 2984 1833 ὑμεῖς
3030 1761 3329 1815 καθίσεσθε
3378 1761 3584 1829 αύτοῦ;
3620 1764 3740 1817 Καὶ

2141 1858 2231 1911 ἵνα
2273 1856 2327 1908 τί
2372 1853 2728 1925 διαστρέφετε
2758 1852 2855 1915 τὰς
2884 1853 3126 1917 διανοίας
3160 1854 3270 1905 τῶν
3315 1851 3447 1907 υἱῶν
3497 1852 3739 1923 Ἰσραὴλ»

2145 1945 2220 2017 μὴ
2263 1944 2513 2016 διαϐῆναι
2557 1946 2637 2008 είς
2670 1944 2767 2014 τὴν
2812 1947 2917 2015 γῆν
2958 1944 3024 2012 ἣν
3070 1943 3275 2014 Κύριος
3306 1945 3335 1996 ὁ
3363 1943 3496 2006 Θεὸς
3523 1942 3739 1996 δίδωσιν

2142 2040 2354 2104 αὐτοῖς
2390 2057 2409 2089 ι
2444 2032 2577 2090 Εἶτα
2607 2036 2744 2107 πρὸς
2770 2034 2985 2099 τούτοις
3014 2036 3381 2098 κατονειδίσας
3412 2036 3596 2098 αὐτοῖς
3626 2034 3736 2088 τῶν

2143 2132 2400 2202 πατέρων
2443 2130 2543 2201 τὴν
2593 2128 2916 2194 ἀπείθειαν,
2965 2130 3058 2183 καὶ
3104 2128 3174 2183 τὰ
3211 2129 3443 2193 ἐκείνοις
3489 2127 3741 2182 ἐντεῦθεν

2142 2222 2564 2295 συμϐεϐηκότα·
2608 2242 2627 2275 ι
2665 2222 3100 2292 Τετελευτήκασι
3128 2221 3238 2291 γὰρ
3264 2223 3321 2274 ὲν
3357 2224 3423 2293 τῇ
3459 2222 3673 2292 ἐρήμῳ,
3711 2239 3733 2272 ›

2141 2318 2327 2389 φησὶν,
2355 2318 2485 2382 οὐδ’,
2504 2318 2626 2370 ὅσον
2654 2318 2853 2381 εἰπεῖν,
2880 2308 3402 2385 τεθεαμένοι’μόνον
3434 2315 3533 2385 τῆς
3564 2316 3741 2384 ὲπαγο

2140 2409 2325 2479 γελίας
2351 2410 2449 2481 τὴν
2476 2410 2599 2481 γῆν.
2639 2410 2922 2479 Ἐπιφέρει
2942 2408 3124 2462 πάλιν·
3156 2426 3175 2459 ι
3209 2408 3318 2461 Καὶ
3346 2407 3456 2461 ἰδοὺ
3476 2406 3743 2478 ἀνέστητε

2138 2504 2261 2557 ἀντὶ
2317 2505 2426 2557 τῶν
2475 2503 2731 2574 πατέρων
2783 2500 2974 2571 ὑμῶν,
3035 2499 3367 2571 σύστρεμμα
3429 2498 3740 2570 ἀνθρώπων

2140 2594 2507 2665 ἁμαρτωλῶν,
2540 2592 2858 2665 προσθεῖναι
2885 2590 2965 2643 ἔτι
2988 2590 3081 2643 ἐπὶ
3116 2590 3208 2643 τὸν
3241 2588 3409 2661 θυμὸν
3438 2588 3539 2659 τῆς
3568 2589 3742 2659 ὀργῆς

2138 2687 2348 2760 Κυρίου
2380 2687 2474 2741 ἐπὶ
2520 2683 2762 2758 Ἰσραὴλ,
2802 2686 2884 2738 ὅτι
2926 2682 3423 2756 ἀποστραφήσεσθε
3448 2683 3545 2735 ἀπ’
3572 2681 3741 2735 αὐτοῦ

2139 2780 2456 2853 προσθεῖναι
2495 2778 2575 2832 ἔτι
2610 2778 2936 2832 καταλιπεῖν
2968 2778 3133 2831 αὑτὸν
3174 2779 3233 2830 ὲν
3266 2777 3330 2847 τῇ
3374 2776 3599 2846 ἐρήμῳ,
3646 2774 3741 2826 καὶ

2138 2873 2443 2944 ἀνομήσετε
2466 2873 2546 2935 είς
2572 2871 2701 2942 ὅλην
2722 2869 2820 2940 τὴν
2844 2868 3166 2940 συναγωγὴν
3186 2868 3411 2938 ταύτην.
3435 2867 3543 2920 Καὶ
3573 2883 3741 2938 1:906-

2138 2962 2304 3034 ἦλθον
2352 2961 2502 3033 αύτῷ
2552 2962 2650 3015 καὶ
2687 2959 2908 3028 ελεγον·
2957 2959 3247 3024 Ἐπαύλεις
3283 2957 3571 3030 προϐάτων
3596 2957 3744 3009 οἱκο-

2136 3052 2448 3124 δομήσομεν
2483 3044 2585 3105 ὧδε
2626 3053 2742 3114 τοῖς
2776 3053 3035 3120 κτήνεσιν
3069 3050 3249 3121 ἡμῶν,
3279 3050 3375 3104 καὶ
3410 3049 3595 3113 πόλεις
3619 3049 3744 3111 ταῖς

448 3158 573 3197 rum
609 3161 621 3198 :
656 3152 713 3200 et
770 3155 936 3201 erunt
997 3146 1391 3217 impedimenta
1449 3158 1638 3205 nostra
1691 3150 1747 3204 in
1805 3151 2039 3207 urbibus

2144 3145 2478 3208 ἀποσκευαῖς
2508 3143 2665 3215 ήμῶν
2687 3159 2700 3171 °
2734 3142 2829 3197 καὶ
2869 3145 3031 3213 ἡμεῖς
3063 3142 3483 3212 ὲνοπλισάμενοι
3526 3158 3742 3211 προφυ-

448 3235 682 3291 muralis
727 3245 952 3308 propter
993 3235 1337 3293 habitatores
1377 3246 1572 3306 terrae;
1618 3255 1801 3311 neque
1849 3256 2039 3297 rever-

448 3333 631 3382 temur
666 3327 734 3382 ad
759 3327 955 3384 domos
998 3337 1235 3395 nostras,
1275 3346 1562 3401 quousque
1596 3331 1914 3387 dividantur
1942 3333 2039 3389 filii

449 3416 625 3473 Israel
659 3421 1043 3490 unusquisque
1077 3421 1134 3475 in
1172 3422 1578 3491 possessionem
1631 3439 1807 3488 suam,
1844 3434 1899 3480 et
1931 3443 2039 3481 non

449 3509 688 3578 amplius
725 3509 1134 3580 possidebimus
1181 3510 1328 3566 inter
1364 3526 1461 3566 eos
1493 3528 1524 3566 a
1562 3518 1714 3568 trans
1743 3513 2040 3569 Iordanem

449 3606 506 3652 et
545 3600 724 3665 ultra;
777 3598 909 3669 quia
956 3599 1270 3671 recepimus
1313 3602 1689 3671 possessiones
1728 3615 1947 3660 nostras
1987 3606 2041 3659 in

449 3690 573 3745 loco
606 3698 758 3746 trans
800 3692 1096 3749 Iordanem
1136 3694 1192 3750 in
1237 3695 1454 3751 oriente
1487 3696 1554 3749 ".
1589 3715 1607 3747 ι
1641 3696 1905 3769 lntelligis
1942 3714 2043 3769 pe-

455 3798 648 3838 corum
702 3785 861 3856 1'70
904 3786 1233 3843 alendorum
1290 3795 1347 3843 et
1399 3788 1811 3859 posscssionum
1867 3804 2041 3852 cura,

453 3891 749 3947 amorequc
794 3893 927 3948 erga
974 3894 1177 3934 uxores
1220 3895 1286 3935 ac
1336 3880 1543 3935 liberos
1593 3885 1848 3937 detentos
1895 3884 2044 3953 ejus-

453 3966 603 4021 modi
628 3967 886 4036 homines
909 3970 1062 4024 nullo
1089 3970 1252 4026 modo
1271 3986 1499 4041 prorsus
1526 3973 1854 4029 transituros
1878 3974 2045 4030 fuisse

452 4060 773 4129 Iordanem,
810 4070 975 4133 atque
1023 4062 1164 4117 adeo
1215 4079 1285 4118 ne
1336 4064 1607 4135 attingere
1654 4065 1876 4135 quidem
1929 4083 2047 4122 om-

453 4150 588 4207 nino
623 4152 792 4208 ullam
832 4152 964 4209 belli
1006 4169 1071 4210 ac
1108 4169 1302 4225 pugnae
1330 4163 1545 4226 partem
1576 4171 1831 4224 ausuros,
1867 4174 2046 4229 neque

454 4258 582 4300 cum
619 4244 745 4300 aliis
784 4245 843 4300 in
883 4247 1329 4303 communionem
1366 4248 1553 4320 gloria:
1591 4264 1657 4304 ac
1698 4258 2045 4320 speratorum

453 4336 730 4392 bonorum
774 4337 969 4395 venire
1014 4347 1334 4408 curaturos;
1385 4354 1509 4395 cum
1553 4341 1894 4413 praecipuum
1937 4342 2047 4397 illis

452 4439 511 4486 et
534 4430 837 4502 Optandum
867 4432 924 4487 in
960 4434 1156 4504 primis
1180 4434 1498 4502 videretur,
1530 4436 1606 4491 ibi
1642 4452 1950 4503 remanere,
1976 4454 2047 4493 ne

2143 3237 2316 3305 λακὴν
2351 3237 2605 3308 πρότεροι
2637 3235 2746 3289 τῶν
2783 3235 2915 3290 υίῶν
2961 3235 3177 3308 Ἰσραὴλ
3207 3236 3313 3299 ἕως
3339 3234 3405 3289 ἂν
3442 3235 3745 3305 ἀγάγωμεν

2143 3331 2339 3395 αὐτοὺς
2371 3332 2452 3394 είς
2478 3330 2569 3383 τὸν
2601 3328 2813 3384 ἑαυτῶν
2841 3329 3006 3383 τόπον
3024 3347 3039 3361 ’
3071 3329 3167 3383 καὶ
3196 3328 3516 3398 κατοικήσει
3547 3330 3581 3397 ἡ
3608 3327 3744 3380 ἀπο-

2147 3425 2313 3497 σκευὴ
2342 3424 2502 3495 ἡμῶν
2535 3426 2595 3477 ὲν
2636 3425 2756 3488 ταῖς
2784 3423 2973 3476 πόλεσι
3008 3422 3449 3492 τετειχισμέναις
3485 3420 3575 3473 διὰ
3613 3419 3743 3483 τοὺς

2144 3515 2538 3579 κατοικοῦντας
2565 3515 2667 3585 τὴν
2696 3516 2826 3585 γῆνο
2858 3515 2920 3567 οὐ
2952 3514 3027 3585 μὴ
3059 3512 3505 3582 ἀποστραφῶμεν
3534 3511 3614 3573 εἰς
3643 3508 3744 3572 τὰς

2144 3607 2322 3671 οίκίας
2353 3609 2386 3678 ἠ
2397 3607 2535 3677 μῶν,
2562 3606 2669 3668 ἕως
2691 3606 2758 3660 ἂν
2788 3603 3270 3677 καταμερισθῶσιν
3300 3605 3349 3656 οί
3379 3604 3485 3657 υἱοὶ
3526 3600 3743 3672 Ἰσραὴλ

2144 3700 2373 3765 ἕκαστος
2404 3702 2485 3763 εἰς
2508 3699 2608 3771 τὴν
2637 3698 3002 3771 κληρονομίαν
3034 3697 3220 3754 αὑτοῦ.
3255 3697 3364 3751 Καὶ
3400 3696 3583 3750 οὐκέτι
3609 3694 3745 3764 κληρ

2149 3792 2524 3864 ρονομήσομεν
2563 3792 2621 3844 ὲν
2662 3790 2847 3854 αὐτοῖς
2874 3789 2983 3844 ἀπὸ
3010 3788 3105 3842 τοῦ
3132 3788 3307 3861 πέραν
3327 3787 3421 3841 τοῦ
3472 3786 3743 3858 Ἰορδάνου

2147 3885 2240 3937 καὶ
2282 3884 2564 3945 ἐπέκεινα,
2604 3884 2689 3936 ὅτι
2728 3882 3008 3954 ἀπέχομεν
3038 3883 3164 3946 τοὺς
3208 3880 3449 3952 κλήρους
3490 3878 3650 3950 ἡμῶν
3684 3878 3742 3931 ὲν

2146 3976 2224 4048 τῷ
2273 3976 2448 4049 πέραν
2478 3976 2574 4029 τοῦ
2617 3974 2885 4047 Ἰορδάνου
2927 3975 2985 4028 ὲν
3018 3974 3323 4036 ἀνατολαῖς.
3366 3989 3387 4024 ι
3424 3972 3621 4043 Συνίης
3659 3972 3742 4025 ὅτι

2148 4071 2542 4143 κτηνοτροφίας
2575 4070 2740 4123 ἕνεκα
2777 4069 2877 4123 καὶ⁸
2903 4059 3154 4140 κτήσεων
3179 4110 3193 4132 ,
3235 4068 3332 4121 καὶ
3394 4068 3494 4139 τῆς
3533 4069 3615 4131 εἰς
3646 4084 3745 4134 γυ-

2147 4164 2341 4227 ναῖκάς
2370 4180 2429 4215 τε
2458 4162 2553 4216 καὶ
2576 4161 2770 4224 παῖδας
2795 4160 3038 4231 ἀγάπης,
3071 4160 3180 4213 οὐδ’
3208 4159 3274 4214 ἂν
3299 4159 3436 4223 ὅλως
3463 4158 3742 4232 παρῆλθον

2148 4260 2197 4311 οἱ
2245 4256 2438 4310 τοιοίδε
2485 4255 2578 4309 τὸν
2648 4254 2946 4328 Ἰορδάνην,
2996 4253 3109 4307 ἀλλ’
3156 4253 3263 4307 οὐδ’
3315 4253 3382 4308 ἂν
3426 4254 3549 4308 ὅσον
3606 4253 3742 4317 ὅλως

2149 4352 2451 4422 ἀποθήγειν
2506 4349 2799 4422 ἠνέσχοντο
2851 4348 3093 4421 πολέμου
3137 4350 3230 4401 καὶ
3267 4347 3480 4421 μάχης,
3521 4348 3631 4402 οὐδ’
3676 4347 3742 4411 ἂν

2150 4445 2400 4508 εὐκλείας
2451 4446 2566 4508 τοῖς
2610 4443 2792 4507 ἄλλοις
2843 4442 3255 4514 συμμετασχεῖν
3295 4439 3606 4511 ήθέλησαν,
3652 4438 3742 4491 καὶ

455 4522 659 4594 injecto
702 4525 949 4595 quidem,
997 4533 1060 4581 ut
1104 4527 1180 4582 ita
1220 4526 1420 4594 dicam,
1456 4529 1511 4584 in
1557 4528 1815 4586 Iordanis
1838 4529 2039 4586 ﬂuenta

2151 4538 2257 4591 τῶν
2287 4538 2372 4590 ἐπ’
2407 4536 2620 4589 ἐλπίσιν
2654 4534 2878 4625 ἀγαθῶν
2897 4551 2910 4565 ⁶
2945 4535 3166 4602 ἄριστον
3195 4532 3253 4585 δὲ
3282 4532 3378 4585 καὶ
3411 4530 3740 4584 πολύευκτον

452 4617 594 4688 pede
631 4635 646 4673 :
677 4617 775 4675 sed
798 4620 1171 4692 exprobrante
1197 4621 1400 4695 Moyse,
1432 4622 1788 4695 divinamque
1820 4624 1960 4680 iram
1988 4633 2048 4681 ut

454 4710 914 4781 pertimescerent
936 4729 1002 4770 ac
1022 4713 1406 4784 formidarent,
1427 4716 1781 4785 admonente,
1800 4719 1895 4774 vix
1923 4728 2045 4774 tan-

453 4803 580 4857 dem
626 4804 961 4873 pollicentur
1004 4821 1063 4860 se
1106 4823 1217 4862 una
1260 4824 1387 4864 cum
1440 4810 1654 4866 ueteris
1715 4812 2047 4867 transituros

453 4909 578 4951 esse
622 4894 945 4960 Iordanem,
979 4904 1146 4967 atque
1196 4915 1323 4953 cum
1374 4900 1484 4959 illis
1532 4902 1751 4957 labores
1795 4903 1850 4957 in
1900 4904 2046 4959 bello

457 4996 623 5059 atque
666 5004 848 5062 pugna
899 4989 1433 5058 communicaturos;
1475 5009 1586 5048 non
1626 5004 1811 5051 tamen
1848 5012 1912 5051 ea
1951 5014 2046 5066 spe

460 5089 720 5154 tanquam
761 5082 1061 5154 participes
1092 5082 1503 5154 possessionum
1547 5100 1655 5141 una
1700 5088 1871 5142 futuri
1914 5089 2043 5153 sint,

459 5175 606 5243 quod
664 5174 1075 5246 possessionem
1128 5178 1280 5228 trans
1330 5172 1627 5228 Iordanem
1684 5179 2042 5248 recepissent.

424 5265 667 5325 \Herum
699 5266 1012 5337 persimiles
1038 5272 1168 5322 sunt
1196 5264 1472 5330 nonnulli,
1501 5266 1617 5335 qui,
1647 5281 1771 5322 cum
1800 5285 2045 5338 praesen-

458 5357 531 5411 tis
560 5357 687 5412 vitae
716 5358 867 5413 curis
903 5356 1142 5412 districti
1171 5356 1301 5422 sint,
1336 5362 1623 5427 totumque
1654 5372 1751 5412 cor
1781 5358 1850 5413 iis
1880 5361 2047 5417 rebus

460 5447 743 5517 sapiendis
800 5464 923 5520 quae
968 5458 1101 5505 sunt
1174 5465 1341 5521 super
1387 5457 1592 5505 terram
1640 5450 2047 5521 quodammodo

460 5540 791 5606 dedicarint,
815 5541 871 5595 in
900 5542 1066 5597 rebus
1100 5542 1429 5599 necessariis
1455 5543 1547 5598 vix
1571 5543 1825 5615 exiguam
1857 5560 2046 5601 curam

534 5698 765 5754 *δῖἱιιιιι
792 5698 1191 5771 xxxn,lseqq.
1258 5700 1490 5767 “ibid,
1534 5701 1727 5758 14-19.

539 5840 616 5911 (l)
640 5838 773 5897 Cod.
816 5837 957 5893 Vat.
993 5840 1084 5892 καὶ
1106 5838 1375 5911 ὀρρωδίαν
1409 5840 1757 5904 ἐπιτιθέντος.

2153 4630 2327 4683 ἐδόκει
2360 4628 2421 4682 τὸ
2454 4628 2634 4699 μένειν
2654 4623 2875 4691 αὐτοὺς,
2908 4625 3055 4697 μηδ’,
3084 4627 3207 4679 ὅσον
3239 4625 3435 4686 εἰπεῖν,
3467 4625 3581 4686 τοῖς
3610 4623 3743 4692 Ἰορ-

2153 4721 2312 4776 δάνου
2341 4722 2580 4791 νάμασιν
2613 4719 2866 4783 ὲνθέντας
2888 4718 2980 4772 τὸν
3006 4718 3140 4772 πόδα
3160 4735 3174 4749 ο
3206 4716 3662 4781 κατονειδίζοντος
3687 4715 3742 4767 δὲ

2152 4811 2247 4867 τοῦ
2284 4813 2527 4876 Μωσέως
2560 4812 2654 4867 καὶ
2680 4811 2938 4884 ὀρρωδεῖν
2969 4809 3352 4872 ἀναπείθοντος
3384 4810 3485 4877 (li,
3520 4806 3743 4861 ὑποὸλέσ

2154 4906 2355 4960 πεσθαί
2384 4923 2441 4959 τε.
2463 4904 2561 4977 τὴν
2590 4905 2742 4958 θείαν
2772 4903 2963 4976 ὀργὴν,
2999 4902 3391 4973 ὑπισχνοῦνται
3425 4900 3577 4971 μόλις
3607 4916 3740 4969 συμ-

2154 4996 2589 5070 παρελεύσεσθαι
2638 4998 2736 5068 μὲν
2774 4999 2889 5061 τοῖς
2935 4995 3116 5060 ἄλλοις
3159 4995 3252 5049 τὸν
3302 4995 3605 5066 Ἰορδάνην,
3649 4991 3741 5045 καὶ

2155 5091 2565 5162 συμμετασχεῖν
2613 5088 2856 5161 ἱδρώτων
2898 5090 3081 5154 αὐτοῖς
3124 5088 3232 5142 τῶν
3276 5089 3334 5141 ὲν
3383 5087 3606 5157 πολέμῳ
3649 5085 3741 5138 καὶ

2154 5184 2381 5254 μάχαις·
2409 5184 2471 5237 ού
2504 5182 2612 5254 μὴν
2642 5183 2726 5236 ὃτι
2766 5182 2862 5237 καὶ
2891 5180 3323 5254 συμμεριοῦνταί
3357 5197 3523 5249 φασι,
3564 5178 3654 5232 διὰ
3681 5177 3742 5230 τὸ

2152 5274 2379 5345 ἀπέχειν
2421 5274 2454 5345 ἢ
2508 5275 2767 5343 ἀποσχεῖν
2813 5274 2905 5326 τὸν
2948 5273 3171 5344 κλῆρον,
3213 5273 3270 5326 ὲν
3315 5270 3393 5340 τῷ
3438 5269 3613 5341 πέραν
3648 5265 3740 5320 τοῦ

2168 5366 2453 5438 Ἰορδάνου.
2496 5366 2741 5419 Τοιοῦτοί
2778 5382 2924 5429 τινες
2954 5365 3045 5418 τὸν
3075 5365 3276 5436 τρόπον
3323 5364 3481 5425 εἰσὶν,
3524 5361 3575 5414 οἱ
3620 5362 3742 5422 ταῖς

2153 5456 2247 5511 τοῦ
2305 5458 2575 5530 παρόντος
2626 5457 2741 5529 βίου
2787 5458 3081 5529 μερίμναις
3134 5454 3583 5525 κατεσφιγμένοι.
3629 5450 3741 5504 Καὶ

2153 5548 2282 5621 ὃλην
2312 5550 2410 5621 μὲν
2431 5549 2623 5623 ὥσπερ
2649 5550 3018 5623 ἀπονέμοντες
3046 5548 3143 5622 τὴν
3172 5548 3401 5620 καρδίαν
3422 5545 3500 5617 τῷ
3524 5544 3742 5617 φρονεῖν
