4138 6300
417 382 525 442 4ῢὸ

1158 390 1248 446 DE
1288 391 1730 450 ADORATIONE
1771 395 1837 451 1N
1878 398 2149 459 SPllllTU
2184 401 2273 457 ET
2314 403 2682 461 VEMTATE.
2725 406 2851 462 LIB.
2894 408 2957 463 V.

3575 405 3680 466 406

416 496 632 549 ἑλέσθαι
656 495 727 551 τὰ
762 497 856 552 ἐπὶ
894 500 993 572 τῆς
1031 504 1154 573 γῆς,
1185 506 1340 575 ὀλίγα
1382 508 1440 562 δὲ
1489 512 1642 581 μόλις
1680 516 1791 569 τῶν
1826 517 1996 587 ἀναγ-

2100 521 2394 589 ωηῡειιιιι,
2428 534 2487 580 et
2518 541 2603 580 ea,
2623 540 2746 597 quis
2783 522 2887 584 Dei
2924 532 3073 592 sunt,
3105 534 3249 582 inter
3277 527 3423 584 seria
3453 527 3679 582 minimo

416 588 590 641 καίων
620 590 1027 661 φροντίζοντες,
1062 596 1156 651 καὶ
1191 600 1294 654 οὐκ
1334 602 1392 655 ὲν
1434 604 1637 675 σπουδῇ
1681 606 1994 677 ποιούμενοι

411 679 480 731 τὰ
496 679 652 734 Θεοῦ.
685 701 703 734 ι
739 682 932 738 Πολλοὶ
950 686 1078 759 γὰρ,
1093 707 1114 739 ι
1128 692 1285 762 φησὶ,
1310 712 1327 743 ι
1350 693 1565 765 κλητοὶ,
1580 696 1825 766 όλίγοιδὲ
1842 701 1995 755 ἐκλε-

412 771 553 824 κτοί.
598 791 619 824 ι
655 774 718 827 0i
748 776 926 831 τοίνυν
957 780 1238 847 τελοῦντες
1270 785 1371 856 μὲν
1405 790 1463 841 ὲν
1491 791 1605 854 τοῖς
1639 791 1996 864 κεκλημένοις

410 861 509 954 διά
525 879 589 954 γε
620 865 718 937 τὴν
747 867 953 935 πίστιν,
978 871 1041 924 οὐ
1070 872 1178 945 μὴν
1238 875 1319 931 ἰτι
1346 881 1460 942 τοῖς
1486 861 1883 954 ἐξειλεγμένοις
1910 872 1996 939 εὖ.

412 953 688 1044 αρίθμιοι,
720 957 809 1011 διὰ
832 960 895 1012 τὸ
922 961 1167 1018 ἀνεῖσθαι
1202 966 1341 1038 πρὸς
1368 968 1429 1022 τὸ
1457 970 1581 1041 ἡδὺ,
1627 953 1848 1044 βραδεῖς
1876 975 1988 1028 ἐσθ’

412 1043 501 1138 ὅτε
533 1046 632 1138 κα)ζ
666 1047 890 1138 οκνηροὶ
921 1050 1042 1108 λίαν
1073 1056 1202 1120 εἰσὶ,
1235 1060 1326 1113 καὶ
1356 1064 1486 1133 περὶ
1522 1043 1692 1135 αὐτὴν
1718 1067 1863 1138 τάχα
1891 1086 1995 1123 που

410 1134 512 1205 τὴν
542 1135 635 1189 τοῦ
664 1137 817 1206 ἁγίου
846 1139 1225 1215 βαπτίσματος
1258 1150 1439 1221 χάρινι
1469 1134 1911 1229 καταπεφρίκασι
1939 1160 1996 1214 δὲ

412 1229 475 1281 τὸ
511 1230 651 1301 ὑπὲρ
678 1232 933 1297 εὐκλείας
967 1235 1103 1289 Θεοῦ
1140 1243 1234 1293 καὶ
1271 1242 1541 1311 ὠφελείας
1574 1248 1675 1318 τῆς
1719 1249 1868 1318 σφῶν
1897 1252 1994 1303 αὑ-

412 1321 540 1380 τῶν.
580 1325 707 1388 τοὺς
746 1326 922 1395 ἁγίοις
953 1329 1266 1400 πρέποντας
1308 1336 1607 1406 ἀνατλῆναι
1644 1341 1859 1405 πόνους,
1903 1343 1997 1397 καὶ

417 1412 805 1470 συνδιώκεσθαι
845 1420 958 1480 τοῖς
985 1421 1249 1491 γνησίοις,
1285 1427 1333 1478 εί
1365 1428 1461 1481 καὶ
1495 1429 1631 1500 πρὸς
1673 1431 1832 1487 τοῦτο
1870 1433 2001 1503 ἄγοι

413 1504 634 1573 καιρόςσ
667 1512 1124 1579 κατονειδίζοντος
1164 1515 1221 1569 δὲ
1251 1519 1450 1585 αὐτοὺς
1488 1522 1655 1592 νόμου
1696 1524 1795 1578 τοῦ
1823 1525 1993 1592 θείου,

414 1594 509 1645 καὶ
542 1600 955 1673 καταπτοούσης
985 1603 1097 1658 ἔσθ’
1130 1606 1219 1660 ὅτε
1248 1610 1349 1681 τῆς
1400 1610 1553 1677 Θείας
1591 1614 1801 1685 ὀργῆς,
1826 1617 1999 1672 ῐενται

418 1684 516 1754 μὲν
536 1687 797 1779 ,ὀκνηρῶς
838 1694 930 1746 ἐπὶ
960 1695 1023 1749 τὸ
1068 1699 1336 1769 σωτήριον
1369 1684 1674 1774 βάπτισμα,
1708 1708 1807 1760 καὶ
1849 1725 1994 1779 συμ-

2095 624 2407 671 numerant.
2444 635 2466 668 ι
2505 618 2659 673 Multi
2700 632 2941 689 nmque
2965 628 3103 674 sunt
3120 620 3323 685 vocati,
3348 618 3507 689 pauci
3550 634 3681 673 vero

2093 704 2256 760 electi
2281 706 2347 761 *⁷.
2389 727 2407 759 ι
2447 707 2551 775 Qui
2593 710 2782 780 igitur,
2827 712 2983 780 quod
3015 710 3084 766 ad
3136 711 3300 765 tidem
3339 710 3557 775 attinet,
3592 710 3680 763 in-

2096 802 2182 848 ter
2227 805 2453 852 vocatos
2495 809 2812 865 censenOur,
2862 817 3043 871 neque
3090 792 3275 856 tamen
3320 803 3488 857 etiam
3535 802 3683 856 inter

2094 886 2302 942 electos
2342 898 2730 954 numerantur,
2772 892 2925 961 quod
2962 894 3075 947 sint
3111 892 3180 947 ad
3213 893 3550 963 voluptatem
3589 908 3681 948 re-

2096 978 2409 1046 missiores;
2440 980 2479 1035 ii
2510 996 2909 1052 nonnunquam
2953 986 3045 1039 vel
3078 985 3147 1039 ad
3172 986 3346 1055 ipsam
3369 973 3545 1041 sa'ncti
3580 984 3682 1038 ba-

2095 1068 2374 1138 ptismatis
2408 1072 2640 1143 gratiam
2691 1076 2831 1130 tardi
2877 1085 3006 1130 sunt
3049 1091 3113 1130 ac
3146 1076 3289 1146 pigri
3329 1071 3626 1130 admodum
3662 1091 3677 1127 :

2097 1160 2327 1216 horrent
2370 1172 2557 1219 autem
2603 1180 2705 1236 pro
2752 1166 2850 1223 Dei
2897 1167 3106 1239 gloria,
3155 1182 3378 1237 suaeque
3428 1165 3682 1221 utilitatis

2096 1268 2259 1308 causa
2288 1255 2511 1312 labores
2541 1259 2778 1314 tolerare
2828 1261 2921 1330 qui
2965 1269 3186 1316 sanctos
3225 1260 3445 1323 decent,
3473 1266 3529 1313 et
3573 1272 3683 1313 una

2097 1358 2225 1399 cum
2260 1346 2411 1403 veris
2448 1349 2544 1404 Dei
2589 1353 2766 1408 servis
2794 1340 3239 1422 persecutionem
3262 1352 3398 1422 pati,
3429 1350 3684 1421 quamvis

2099 1441 2318 1507 tempus
2345 1438 2402 1493 id
2424 1439 2721 1512 eﬂagitet:
2752 1443 2872 1508 sed,
2895 1441 3264 1514 eiprobrante
3288 1443 3397 1498 illis
3416 1443 3519 1498 Dei
3536 1442 3679 1512 lege.

2097 1534 2264 1597 atque
2303 1527 2495 1585 divina
2534 1545 2932 1603 nonnunquam
2972 1534 3057 1589 ira
3098 1548 3199 1589 eos
3237 1532 3572 1597 deterrente,
3612 1531 3681 1585 ad

2096 1618 2338 1675 salutare
2371 1620 2653 1694 baptisma.
2683 1633 2907 1694 gravate
2942 1625 3194 1691 veniunt,
3218 1632 3277 1680 et
3301 1624 3517 1680 labores
3554 1638 3680 1679 cum

2095 1708 2288 1765 electis
2325 1712 2683 1782 participant,
2715 1715 2807 1769 vel
2830 1730 2940 1771 una
2978 1729 3103 1770 cum
3143 1714 3359 1770 exteris
3396 1713 3680 1771 remissius

417 1777 708 1872 μετέχουσι
734 1783 911 1838 πόνων
940 1790 1051 1850 τοῖς
1086 1788 1484 1861 ἐξειλεγμένοις
1505 1836 1519 1861 ,
1564 1796 1597 1867 ἢ
1632 1777 1995 1872 μετριώτερον

2098 1777 2411 1872 iejunando,
2443 1777 2542 1859 vel
2576 1777 2741 1860 simul
2786 1808 2965 1861 zelum
3009 1806 3340 1861 assumendo
3377 1804 3679 1869 interdum,

415 1870 891 1940 συννηστεύοντες,
927 1876 959 1945 ἢ
997 1878 1090 1930 καὶ
1116 1881 1478 1951 συζηλοῦντες
1514 1887 1589 1956 (l)
1610 1887 1723 1941 ἔσθ’
1755 1890 1846 1943 ὅτε
1876 1870 1985 1945 τιῖιν

2098 1870 2214 1947 cum
2255 1897 2949 1965 oppugnanturEccles'm
2973 1914 2986 1951 :
3019 1913 3132 1952 non
3162 1905 3347 1953 tamen
3370 1898 3538 1953 etiam
3563 1897 3679 1953 ani-

413 1961 835 2034 πολεμουμένων
882 1967 1237 2040 Ἐκκλησιῶν,
1270 1973 1331 2027 οὐ
1365 1976 1472 2045 μὴν
1503 1976 1581 2031 ἔτι
1604 1981 1698 2035 καὶ
1720 1998 1996 2054 καταφρο-

414 2055 522 2106 νεῖν
550 2056 660 2109 τῶν
694 2057 752 2110 ὲν
785 2058 974 2130 κόσμῳ
1003 2063 1313 2135 πειθόμενοι
1336 2106 1352 2130 ,
1383 2068 1497 2121 ἀλλ’
1519 2068 1707 2143 ὥσπερ
1736 2073 1866 2127 ἴδιον
1900 2076 1996 2129 καὶ

412 2144 784 2217 ἔκνεμηθέντα
823 2151 1010 2216 αὐτοῖς
1051 2154 1473 2222 ὑπονοστοῢντες
1506 2161 1735 2232 κλῆρον,
1772 2166 1877 2231 τὰς
1904 2168 1997 2219 ἐπὶ

411 2240 528 2303 τοῖς
581 2241 847 2309 ἐπιγείοις
900 2244 1093 2313 ἡδονάς
1145 2265 1204 2300 τε
1262 2250 1357 2303 καὶ
1408 2252 1649 2321 τέρψεις.
1700 2255 1801 2308 Διὰ
1838 2256 1997 2311 τοῦτο

413 2327 648 2396 ἔφασκεν
674 2331 703 2382 ὁ
736 2329 973 2401 Χριστὸς
1003 2338 1116 2399 τοῖς
1145 2336 1244 2407 τῆς
1274 2340 1564 2409 ὀρθότητος
1598 2346 1875 2415 ἐρασταῖς,
1904 2349 1997 2402 καὶ

414 2418 654 2472 εὐσεϐεῖν
677 2421 758 2474 ὅτι
783 2422 1016 2491 μάλιστα
1038 2426 1474 2484 διεσπουδακόσι·
1518 2453 1535 2485 ι
1562 2434 1883 2505 Προσέχετε,
1918 2439 1992 2508 μή

416 2525 546 2561 ποτε
585 2509 925 2582 βαρυνοῶσιν
956 2516 1109 2585 ὑμῶν
1142 2520 1196 2571 αἱ
1239 2520 1456 2591 καρδίαι
1490 2525 1734 2593 φροντίσι
1766 2528 1860 2579 καὶ
1902 2545 1997 2597 με·

418 2602 634 2671 ρίμναις
678 2603 980 2673 βιωτικαῖς.
1021 2628 1039 2660 ι
1076 2611 1148 2663 Ἢ
1179 2613 1275 2667 οὐκ
1308 2614 1599 2686 ἐπιζήμιον
1636 2613 1774 2671 εἶναι
1807 2619 1909 2690 φὴς
1935 2622 1996 2675 τὸ

414 2695 624 2765 χρῆμα.
655 2691 699 2750 ὧ
727 2700 860 2764 τᾶνς

487 2788 696 2844 ΠΑΛΛ.
733 2791 900 2861 Φημὶ,
936 2792 1054 2856 πῶς
1092 2794 1197 2865 γὰρ
1226 2794 1323 2863 ob;

487 2880 650 2933 ΚΥΡ.
697 2883 909 2936 Λεπτὸν
938 2883 993 2937 δὲ
1030 2888 1144 2951 τοῖς
1178 2891 1587 2960 γεγραμμένοις
1624 2896 1714 2948 τὸν
1750 2897 1847 2968 τῆς
1880 2897 1994 2950 δια-

414 2970 565 3034 νοίας
592 2971 871 3043 ὀφθαλμὸν
915 2977 1105 3042 ἐνιεὶς,
1135 2978 1593 3051 καταῡαυμάπιις
1623 2982 1693 3041 εὖ.
1718 2987 1869 3060 μάλα
1895 2988 1994 3059 τῆς

415 3061 624 3126 εἰκόνος
651 3064 711 3116 τὸ
739 3064 955 3129 κάλλος.

490 3154 693 3207 ΠΑΛΛ.
729 3156 862 3210 Τίνα
884 3158 1085 3228 τρόπον
1106 3177 1120 3225 ;

488 3246 651 3299 ΚΥΡ.
692 3245 758 3301 Oi
799 3216 1190 3322 κτηνοτροφίαις
1227 3255 1386 3308 ἕνεκα
1427 3258 1630 3311 παίδων
1670 3274 1731 3317 τε
1757 3262 1850 3315 καὶ
1894 3278 2001 3330 γιι-Γ
2022 3216 2075 3277 ω

415 3338 637 3402 ναικῶν,
674 3340 953 3395 ἐπαύλεων
982 3361 1041 3396 τε
1087 3347 1181 3399 καὶ
1233 3348 1702 3420 οἰκοδομημάτων,
1760 3354 1852 3407 τὸν
1903 3357 1995 3408 ἐπὶ

415 3430 529 3491 τοῖς
561 3429 805 3500 ἀρίστοις
836 3431 997 3487 ὄκνον
1024 3435 1442 3509 εισδεόεγμάνοι,
1480 3440 1731 3514 ’ἢυὸείμ
1756 3444 1871 3496 ἐστι
1905 3447 1994 3498 καὶ

415 3519 544 3572 Γὰδ.

491 3612 698 3665 ΠΛΛΛ.
734 3615 845 3668 Καὶ
884 3617 934 3668 τί
965 3616 1031 3686 δὴ
1060 3618 1216 3671 τοῦτό
1250 3622 1425 3686 ἐστινς

492 3701 650 3756 ΚΥΡ.
691 3703 747 3757 '0
784 3706 882 3775 μὲν
909 3707 1018 3778 γὲρ
1044 3704 1112 3778 ἦν
1159 3713 1497 3780 πρωτότοκος
1534 3715 1597 3781 ἐξ
1642 3716 1854 3783 Ἰακὼϐ,
1892 3718 2003 3772 ὁὸὲ

419 3782 750 3865 θεραπαίνης
782 3795 945 3864 ἐξέφυ
976 3800 1074 3868 τῆς
1108 3800 1337 3868 Ζελφᾶς.

493 3886 700 3940 ΠΛΛΛ.
746 3887 990 3958 Ἀληθές.

494 3977 652 4032 ΚΥΡ.
693 3981 903 4033 Οὐκοῦν
938 3983 1272 4053 πρωτότοκοι
1318 3987 1415 4056 μὲν
1447 3987 1534 4041 διὰ
1577 3989 1674 4060 τὴν
1711 3992 1913 4058 πίστιν,
1947 3997 1997 4047 οἱ

416 4068 787 4140 κεκλημένοι,
837 4073 931 4125 καὶ
985 4072 1184 4145 κλῆρον
1240 4075 1499 4148 λαχόντες
1537 4079 1687 4153 παρὰ
1734 4082 1854 4154 Θεῷ
1905 4086 1997 4139 τὸν

416 4159 719 4232 ἐξαίρετον,
747 4164 875 4216 ὅσον
905 4159 1037 4236 ἧκεν
1071 4168 1149 4230 είς
1174 4166 1272 4240 τὴν
1302 4169 1485 4240 χάριν,
1531 4172 1591 4226 οὐ
1626 4172 1996 4249 φιλελεύθεροι

418 4252 497 4317 δὲ,
527 4253 617 4307 διά
654 4271 715 4324 γε
758 4256 857 4328 τὴν
902 4262 981 4321 είς
1012 4259 1079 4312 τὰ
1112 4262 1306 4331 αἰσχίω
1352 4265 1526 4334 ῥοπήν
1550 4281 1564 4296 ο
1602 4266 1900 4338 ἐκκλησίαν
1940 4270 1997 4323 δὲ

418 4348 780 4414 πρωτοτόκων
814 4349 1320 4423 ἀπογεγραμμένων
1355 4357 1423 4406 ὲν·
1457 4356 1734 4425 οὐρανοῖς,
1762 4360 1891 4422 τοὺς
1941 4363 2009 4414 ὲν·

419 4434 601 4489 πίστει
644 4436 1134 4508 δεδικαιωμένους,
1165 4440 1558 4512 διακεκλῆσοαί
1598 4463 1797 4516 φαμεν.
1858 4449 2005 4503 Ἀλλ”

2098 1998 2248 2042 mum
2292 1988 2584 2055 inducunt,
2633 1999 2695 2045 ut
2733 2006 2857 2061 qum
2899 1991 2955 2045 in
2999 1992 3208 2047 mundo
3246 1999 3377 2046 sunt
3429 2000 3680 2046 eontem-

2097 2086 2258 2142 naut;
2304 2079 2405 2133 sed
2448 2079 2517 2134 ad
2563 2087 2913 2137 terrenarum
2957 2096 3141 2137 rerum
3174 2083 3484 2152 voluptates
3516 2090 3681 2151 atque

2096 2168 2516 2235 oblectationes,
2543 2173 2715 2228 veluti
2757 2174 2831 2229 ad
2866 2174 3192 2230 attributam
3229 2174 3336 2230 sibi
3370 2175 3680 2245 posscssio-

2097 2276 2244 2326 nem,
2287 2264 2521 2319 redeunt
2556 2283 2568 2317 :
2608 2265 2846 2336 ideoque
2887 2275 3051 2322 recta:
3088 2267 3377 2322 sententia:
3415 2266 3679 2321 amatori-

2096 2352 2222 2417 bus,
2245 2363 2301 2409 et
2324 2358 2545 2425 pietatis
2582 2358 2826 2414 colenda:
2860 2359 3121 2414 studiosis
3150 2360 3369 2414 diccbat
3390 2358 3674 2414 Christus:

2107 2464 2124 2495 ι
2168 2446 2470 2512 Attendite,
2516 2464 2584 2503 ne
2624 2449 2767 2504 forte
2790 2458 3086 2520 graventur
3111 2450 3275 2504 corda
3308 2457 3490 2504 vestra
3531 2449 3680 2503 curis

2098 2543 2154 2589 et
2186 2538 2655 2595 sollicitudinibus
2686 2540 3043 2596 saecularibus
3069 2540 3134 2594 ⁸⁸.
3170 2560 3187 2592 ι
3236 2541 3319 2595 An
3360 2555 3512 2604 vero,
3553 2539 3681 2599 Pal-

2098 2623 2229 2689 ladi,
2258 2640 2366 2680 non
2394 2643 2517 2682 eam
2544 2644 2658 2683 rem
2686 2630 3054 2700 perniciosam
3081 2645 3204 2686 esse
3227 2630 3455 2685 fateris?

2168 2801 2365 2856 PALL.
2407 2802 2610 2871 Quidni
2637 2805 2845 2861 fatear?

2164 2892 2321 2950 CYR.
2362 2895 2549 2967 Atqui,
2619 2898 2665 2952 si
2709 2899 2765 2954 in
2810 2914 2879 2956 ea
2918 2915 3042 2970 quae
3102 2903 3305 2971 scripta
3350 2910 3478 2955 sunt
3521 2916 3678 2956 acres

2097 2984 2267 3040 animi
2308 2987 2499 3043 oculos
2547 2991 2867 3060 conjeeeris,
2903 2992 3102 3049 mirum
3151 2993 3207 3047 in
3249 2993 3472 3048 modum
3514 2993 3677 3065 hujus

2097 3077 2353 3147 imaginis
2374 3078 2843 3148 pulchritudinem
2875 3085 3258 3141 admiraberis.

2167 3166 2363 3222 PALL.
2410 3170 2562 3239 1'71
2597 3170 2845 3238 Quonam
2877 3175 3074 3229 modo?

2166 3258 2322 3317 (ΝΗ.
2350 3262 2453 3330 Qui
2478 3278 2737 3333 pecorum
2769 3265 3091 3320 alendorum
3145 3281 3329 3331 causa,
3351 3266 3676 3321 liberorum-

2096 3366 2204 3420 que
2229 3362 2284 3408 et
2317 3366 2572 3418 uxorum,
2620 3368 2833 3407 necnon
2890 3355 3174 3409 caularum
3218 3364 3274 3410 et
3312 3354 3676 3411 aedificiorum

2097 3442 2307 3507 studio,
2327 3428 2503 3515 ignavi
2528 3444 2603 3498 ad
2624 3458 2712 3499 res
2735 3445 3041 3514 praeclarus
3053 3446 3187 3503 thalia
3206 3456 3353 3511 sunt,
3380 3447 3577 3504 Ruben
3621 3458 3673 3505 et

2096 3531 2223 3587 Gad’
2239 3534 2483 3590 inerunt.

2170 3626 2366 3680 PALL.
2402 3628 2544 3693 Quid
2566 3644 2697 3682 vero
2723 3630 2856 3684 illud
2883 3632 3013 3685 est?

2167 3717 2324 3773 ΟΥΕ.
2352 3720 2453 3774 Hie
2488 3721 2633 3774 enim
2660 3730 2779 3776 erat
2800 3739 2866 3776 ex
2890 3722 3059 3778 Jacob
3084 3723 3499 3795 primogenitus,
3536 3725 3675 3782 alter

2096 3821 2164 3859 ex
2194 3807 2389 3862 ancilla
2417 3809 2620 3880 Zelpha
2643 3810 2848 3865 editus.

2168 3897 2365 3952 PALL.
2386 3900 2588 3955 Verum
2614 3912 2716 3956 est.

2166 3990 2322 4045 CYR.
2380 3992 2552 4062 Igitur
2598 3996 2776 4049 vocati
2824 3994 3076 4050 homines
3127 4004 3255 4050 sunt
3306 3997 3386 4052 illi
3451 3998 3675 4068 quidem

2097 4088 2320 4151 paopter
2352 4079 2527 4136 ﬁdem
2567 4083 2942 4155 primogeniti,
2992 4084 3481 4156 haereditatemque
3530 4086 3675 4156 apud

2100 4166 2293 4237 Deum,
2320 4173 2555 4243 quod'ad
2583 4175 2815 4244 gratiam
2845 4175 3109 4245 pertinet,
3149 4176 3406 4229 eximiam
3453 4177 3630 4230 sortiti
3658 4194 3673 4244 ;

2099 4262 2194 4316 sed
2218 4271 2396 4319 tamen
2414 4272 2639 4334 propter
2665 4280 2994 4335 pr0pcnsam
3020 4265 3087 4319 ad
3128 4281 3217 4318 res
3256 4280 3450 4333 parum
3493 4265 3673 4323 hone-

2099 4362 2215 4407 διδ
2232 4355 2592 4421 voluntatem,
2621 4370 2732 4409 non
2778 4363 2907 4410 sunt
2947 4355 3224 4408 libertatis
3247 4364 3550 4412 amatores:
3580 4372 3675 4413 eos

2099 4460 2264 4514 porro
2289 4445 2382 4514 qui
2411 4444 2517 4499 ﬁde
2538 4446 2821 4516 justifieati
2850 4446 2982 4511 sint,
3026 4445 3314 4500 ecclesiam
3338 4448 3674 4519 primogeni-

418 4527 480 4578 οὐ
522 4527 898 4598 φιλελεύθερος
935 4530 962 4581 ὁ
1003 4531 1344 4599 πρωτότοκος
1369 4573 1383 4598 ,
1420 4535 1670 4600 κοινωνὸς
1706 4537 1763 4589 δὲ
1799 4540 1995 4607 μᾶλλον

2104 4546 2280 4590 torum
2306 4535 2710 4604 descriptorum
2758 4538 2811 4590 in
2853 4537 3006 4591 caelis
3028 4537 3330 4605 appellatos
3370 4555 3491 4594 esse
3536 4540 3673 4595 dici-

419 4618 514 4669 καὶ
548 4621 882 4690 συνεραστὴς
903 4622 1015 4683 τοῖς
1039 4620 1098 4673 τὸ
1113 4621 1209 4691 τῆς
1238 4621 1481 4687 δουλείας
1503 4621 1688 4696 αἶσχος
1703 4628 1763 4681 οὐ
1790 4646 1995 4698 πεφευ-

416 4708 592 4776 γόσιν.

493 4892 694 4945 ΠΑΑᾹ.
733 4892 797 4945 ’Λ
810 4909 966 4963 ριστα
995 4894 1149 4964 ἔφης.

492 4986 654 5038 ΚΥΡ.
697 4985 837 5038 Ἀλλ’
867 4987 966 5056 ἤδη
1000 5004 1102 5058 μου
1133 4989 1268 5058 πρὸς
1303 4989 1474 5061 ἀκτὴν
1500 4989 1669 5055 ίόντος
1690 4992 1783 5045 τοῦ
1813 4994 1994 5062 λόγου,

417 5080 512 5131 καὶ
545 5078 708 5130 οἱονεί
739 5097 842 5133 που
871 5078 979 5131 τῶν
1014 5080 1332 5149 πεισμάτων
1361 5083 1683 5153 ποιουμένου
1716 5085 1814 5148 τὰς
1844 5089 1998 5141 ἐκϐο-

414 5171 533 5234 λὰς,
589 5171 798 5224 ἔπεισιν
845 5172 1020 5224 εἰπεῖν
1070 5172 1164 5225 καὶ
1200 5176 1650 5246 προσαναμνῆσαι
1695 5178 1874 5242 πάλιν,
1913 5182 1998 5233 ὅτι

412 5262 518 5333 χρὴ
549 5264 686 5333 πρὸς
717 5265 825 5316 πᾶν
863 5264 1039 5317 ὁτιοῦν
1074 5265 1417 5336 ἀνδρίζεσθαι
1456 5268 1531 5337 (2)
1562 5268 1668 5321 τῶν
1697 5270 1992 5325 τελούντων

414 5356 491 5417 εἰς
525 5355 733 5425 ὄνησιν,
774 5358 867 5409 καὶ
909 5358 1208 5427 γύμνασμα
1241 5359 1321 5421 είς
1353 5360 1550 5429 ἀρετὴν
1585 5361 1834 5430 ἡγεῖσθαι
1866 5368 1995 5428 τοὺς

418 5444 634 5507 πόνους,
662 5445 962 5498 διακεῖσθαι
989 5446 1046 5498 δὲ
1066 5447 1163 5515 οὐχ
1194 5446 1392 5515 ἑτέρως
1421 5446 1452 5515 ἣ
1477 5448 1556 5498 ὅτι
1582 5447 1713 5510 Θεὸς
1745 5449 1774 5513 ό
1806 5447 1994 5511 σώζων

494 5603 537 5634 ⁸⁷
566 5604 757 5657 Matth.
784 5621 911 5667 xm,
944 5604 1028 5657 14.
1052 5604 1117 5663 ,⁸⁸
1141 5604 1270 5657 Luc.
1302 5621 1408 5665 xxi,
1437 5604 1523 5657 5.3.
1570 5605 1609 5635 ’⁸⁸³
1646 5605 1810 5657 “Chr.

500 5744 574 5797 (lt
616 5744 704 5793 Sic
742 5743 863 5794 cod.
904 5742 1048 5805 Vate;
1080 5740 1263 5793 Sirlcti
1300 5756 1452 5801 vero,
1482 5742 1855 5810 σ’δζητοῦντες.

505 5818 576 5881 t2;
632 5813 763 5865 llud.
820 5813 993 5868 Vatic.
1015 5852 1026 5873 ,

1856 5622 1966 5663 xm,
1998 5606 2083 5658 ‘25.

2100 4640 2223 4679 mus
2245 4626 2309 4678 ".
2339 4625 2541 4680 Verum
2591 4626 2637 4680 is
2684 4627 3089 4698 primogenitus
3129 4630 3355 4685 minime
3405 4630 3674 4686 libertatis

2099 4725 2309 4771 amator
2334 4716 2459 4783 fuit,
2489 4718 2583 4773 sed
2610 4734 2795 4773 comes
2818 4720 3003 4788 potius
3026 4737 3089 4776 ac
3110 4721 3314 4777 sodalis
3336 4737 3528 4777 eorum
3578 4722 3673 4792 qui

2099 4808 2383 4864 servitutis
2407 4809 2647 4865 dedecus
2662 4825 2771 4864 non
2796 4811 3125 4881 elfugerunt.

2171 4901 2367 4955 PALL.
2398 4903 2661 4958 Praeclare
2685 4903 2841 4958 dicis.

2170 4992 2326 5048 ΟΥΕ.
2359 4993 2464 5048 Sed
2494 4993 2626 5048 mihi
2664 4996 2794 5065 jam,
2825 4995 2957 5050 dum
3005 4995 3181 5050 oratio
3236 4995 3386 5049 subit
3409 4992 3587 5057 littus,
3610 5008 3680 5048 ac

2101 5085 2270 5138 veluti
2298 5085 2555 5140 rudentes
2560 5086 2712 5156 jacit,
2730 5088 3096 5159 repetendum
3121 5095 3285 5155 atque
3309 5099 3505 5139 rursus
3527 5099 3675 5138 com-

2101 5176 2517 5232 memorandum
2562 5178 2802 5244 videtur,
2858 5188 3113 5249 oportere
3135 5194 3199 5232 ca
3236 5175 3421 5230 omnia
3460 5174 3674 5231 fortiter

2105 5268 2323 5337 aggredi
2376 5284 2499 5340 qua:
2525 5278 2655 5325 sunt
2681 5271 2856 5335 utilia,
2884 5270 3298 5341 putandumque
3322 5268 3540 5322 labores
3574 5283 3673 5323 ex—

2102 5359 2478 5415 ercitationem
2522 5377 2641 5417 esse
2681 5362 2921 5428 virtutis,
2951 5376 3127 5429 neque
3154 5360 3314 5414 aliter
3355 5359 3674 5415 existiman—

2105 5449 2257 5515 dum,
2286 5467 2448 5521 quam
2471 5453 2641 5508 Deum
2666 5468 2804 5515 csse,
2826 5452 2919 5521 qui
2944 5451 3174 5506 salutem
3201 5458 3442 5520 praestat,
3471 5449 3676 5519 quique

1101 5810 1522 5880 ἀπαρτίζεσθαι,
1574 5812 1855 5880 perfectum
1905 5827 2002 5865 seu
2038 5810 2346 5862 instructum
2373 5825 2496 5859 reor.
