4138 6300
468 397 573 453 407

1495 388 1557 447 s.
1597 390 1874 449 CYmLLI
1913 393 2391 452 unmnmm
2423 361 2741 456 Ancum.

3629 401 3738 459 408

467 506 833 576 adversarios,
869 503 1002 564 licet
1046 504 1223 561 multo
1268 503 1573 577 majoribus
1615 505 1830 563 viribus
1888 521 2047 575 quam

2156 508 2293 573 ἐστὶ,
2329 511 2423 564 καὶ
2458 510 2520 564 τὸ
2552 512 2849 566 καταθλείν.
2864 511 3125 569 δύνασθαι
3167 510 3277 573 τῶν
3322 511 3738 585 ἀνθεστηκότων

468 611 669 659 nostra:
689 600 820 666 sint,
849 598 1084 665 irruant,
1110 603 1172 653 ut
1193 595 1415 654 vincere
1460 596 1758 669 possimus,
1786 596 2043 669 largitur.

467 694 601 749 Nam
625 690 773 748 haud
801 689 1076 747 inutiliter
1100 688 1385 755 insudare,
1419 703 1549 745 cum
1573 704 1676 760 pro
1708 688 1921 745 virtute
1961 697 2047 745 to-

466 786 727 850 leramus,
776 782 1001 840 docebit
1037 782 1273 855 Moyses,
1297 782 1393 854 qui
1446 781 1582 838 dicit
1616 781 1675 837 in
1702 782 2047 838 Deuterono-

466 876 611 932 niio:
641 877 747 932 «Et
761 874 1145 932 recordaberis
1186 873 1364 931 totius
1395 872 1517 941 vim,
1562 889 1661 945 per
1684 888 1849 945 quam
1892 874 2050 930 duxit

468 976 523 1024 te
548 968 815 1025 Dominus
836 966 985 1023 Deus
1010 973 1139 1023 tuus
1172 966 1231 1021 in
1264 965 1517 1032 deserto;
1573 972 1635 1020 ut
1679 965 1948 1038 aﬂligeret
1971 973 2046 1032 te,

374 1092 379 1100 -
466 1070 523 1117 et
544 1070 784 1118 tentaret
802 1069 876 1129 te,
905 1068 962 1117 et
985 1061 1203 1134 cognita
1228 1059 1435 1116 faceret
1488 1074 1611 1131 quae
1631 1067 1762 1115 sunt
1795 1060 1853 1115 in
1882 1060 2052 1117 corde

468 1164 585 1221 tuo,
610 1154 657 1210 si
689 1152 1016 1209 observabis
1039 1151 1296 1207 mandata
1314 1153 1455 1223 ejus,
1496 1166 1569 1208 an
1599 1152 1790 1207 non".
1812 1170 1831 1204 ι
1858 1151 2049 1223 Neque

466 1260 600 1302 vero
622 1245 714 1301 ille
740 1246 873 1301 sinit
913 1260 1016 1303 nos
1054 1246 1249 1316 ignava
1272 1243 1569 1300 formidine
1613 1243 1893 1310 laborare,
1920 1259 2051 1301 cum

467 1351 627 1391 suam
670 1336 818 1392 illam
862 1337 1203 1408 protegentis
1239 1351 1464 1392 manum
1507 1335 1823 1405 aspicimus.
1859 1335 2049 1406 itaque

469 1443 666 1486 rursus
679 1431 748 1486 ad
774 1431 923 1487 hunc
955 1429 1181 1486 modum
1198 1430 1423 1486 scribit:
1474 1450 1493 1484 ι
1515 1429 1572 1486 Si
1599 1445 1731 1486 vero
1758 1428 1967 1486 dixeris
1991 1430 2050 1485 in

468 1529 653 1576 mente
680 1528 796 1587 tua,
819 1521 992 1593 Major
1024 1528 1111 1577 est
1138 1536 1373 1576 numero
1412 1535 1546 1593 gens
1570 1520 1688 1576 haec
1721 1536 1887 1591 quam
1910 1536 2048 1591 ego;

467 1612 744 1682 quomodo
793 1620 988 1684 potero
1035 1613 1405 1669 exterminare
1457 1612 1617 1668 illos?
1670 1628 1783 1667 non
1829 1612 2051 1669 timebis

467 1703 1135 1761 illos:-memoriamemor
1156 1704 1268 1760 eris
1289 1718 1482 1759 eorum
1510 1701 1758 1757 omnium
1784 1718 1907 1773 qua;
1921 1701 2051 1758 fecit

467 1796 736 1852 Dominus
761 1796 913 1853 Deus
929 1805 1062 1853 tuus
1080 1796 1377 1862 Pharaoni,
1390 1802 1447 1852 et
1474 1794 1737 1851 omnibus
1755 1793 2044 1867 Egyptiis:

2148 598 2524 671 δωρούμενος,
2559 602 2662 656 κᾶν
2696 606 2744 657 si
2791 605 2927 660 πολὺ
2979 602 3229 678 μείζοσιν
3273 604 3457 675 ἢταίς
3510 607 3569 659 ὲν
3600 608 3736 676 ἡμῖν

2149 691 2522 766 ἀντιφέροιντο
2551 694 2765 759 ἀλκαῖς.
2805 696 2930 749 Ὀτι
2960 697 3069 767 γὰρ
3097 697 3197 750 οὐκ
3233 696 3490 766 ἀνόνητον
3536 697 3735 767 ἱδρῶτα

2149 788 2585 859 καταστάζομεν,
2612 787 2739 852 τοὺς
2767 788 2909 860 ὑπὲρ
2938 788 3141 859 ἀρετῆς
3162 788 3495 851 ἁνατλάντες
3515 788 3734 855 πόνους,

2148 876 2351 943 διδάξει
2400 877 2574 947 λέγων
2624 880 2683 933 ὲν
2714 878 2794 950 τῷ
2827 880 3235 952 Δευτερονομιῳ
3270 881 3511 951 Μωσῆς’
3566 898 3585 931 ι
3626 880 3738 933 Καὶ

2153 966 2444 1043 μνησθὴσῃ
2488 972 2667 1025 πᾶσαν
2702 972 2801 1044 τὴν
2844 972 2995 1037 ὁδὸν,
3038 973 3105 1043 ὴν
3138 971 3315 1043 ἡγαγέ
3362 989 3423 1024 σε
3457 971 3662 1043 Κύριος
3707 972 3739 1024 ὁ

2150 1059 2284 1124 Θεός
2305 1078 2399 1115 σου
2416 1063 2474 1115 ὲν
2501 1065 2568 1134 τῇ
2592 1064 2805 1136 ἐρήμῳ,
2827 1064 2975 1128 ὅπως
2990 1063 3056 1118 ἂν
3079 1061 3307 1134 κακώσῃ
3333 1079 3391 1116 σε
3426 1064 3521 1117 καὶ
3549 1062 3738 1115 ἐκπει-

2152 1154 2294 1226 ράσῃ
2317 1170 2399 1219 σε,
2430 1155 2523 1209 καὶ
2550 1155 2859 1230 διαγνωσθῇ
2890 1155 2960 1211 τὰ
2988 1158 3047 1212 ὲν
3070 1161 3136 1230 τῇ
3174 1155 3370 1229 καρδίᾳ
3406 1172 3523 1220 σου,
3550 1156 3600 1208 εξ
3634 1171 3737 1223 φυ-

2149 1246 2287 1318 λάξῃ
2307 1247 2404 1311 τὰς
2432 1246 2653 1312 ἐντολὰς
2684 1249 2871 1318 αὑτοῦ,
2901 1249 2935 1323 ἢ
2969 1248 3054 1307 οῦ.
3088 1268 3109 1304 ›
3139 1249 3337 1305 Νοσεῖν
3359 1248 3416 1303 δὲ
3444 1247 3551 1319 τὴν
3573 1246 3735 1301 ἄναν-

2149 1337 2275 1411 δρον
2312 1337 2412 1392 οὐκ
2448 1339 2514 1410 ὲᾷ
2544 1339 2770 1406 δειλίαν,
2804 1340 3318 1411 ἀνασκοπουμένους
3361 1333 3423 1393 εὖ
3451 1336 3595 1409 μάλα
3638 1335 3739 1406 τὴν

2148 1427 2245 1482 τοῦ
2292 1428 2725 1500 προασπίζοντος
2776 1433 2954 1503 χεῖρα.
3002 1431 3211 1503 Γράφει
3258 1429 3316 1484 δὲ
3372 1428 3517 1482 οὕτω
3547 1426 3737 1480 πάλινο

2158 1538 2176 1571 ι
2201 1520 2327 1575 Ἐὰν
2349 1520 2408 1573 δὲ
2439 1519 2608 1593 λέγῃς
2640 1521 2699 1574 ἐν
2727 1522 2793 1594 τῇ
2823 1522 3033 1593 διανοίᾳ
3065 1540 3179 1586 σου,
3207 1523 3289 1575 ὅτι
3316 1519 3458 1575 Πολὺ
3482 1520 3545 1572 τὸ
3582 1517 3737 1583 ἔθνος

2148 1611 2328 1678 τοῦτο,
2358 1613 2394 1685 ἢ
2426 1610 2556 1683 ἐγὼ,
2588 1613 2703 1677 πῶς
2753 1613 3051 1685 δυνήσομαι
3082 1610 3459 1685 ἐξολοθρεῦσαι
3496 1608 3735 1677 αὐτοὺς;

2151 1706 2214 1760 οὐ
2243 1706 2528 1779 φοϐηθήσῃ
2581 1706 2798 1771 αὐτούς’
2830 1706 2990 1779 μνείᾳ
3027 1705 3317 1778 μνησθήσῃ
3359 1705 3460 1759 ὅσα
3509 1702 3737 1773 ἐποίησε

2154 1798 2358 1868 Κύριος
2384 1800 2413 1852 ὁ
2443 1798 2578 1863 Θεός
2615 1816 2710 1853 σου
2757 1798 2837 1871 τῷ
2883 1797 3104 1871 Φαραὼ,
3138 1800 3233 1853 καὶ
3262 1800 3396 1853 πᾶσι
3425 1801 3536 1861 τοῖς
3566 1799 3735 1865 Αἰγυ-

470 1886 834 1943 tentationum
883 1886 1132 1944 omnium
1174 1903 1313 1959 quas
1345 1887 1609 1943 viderunt
1647 1888 1793 1944 oculi
1829 1889 1931 1955 tui,
1973 1888 2047 1943 si-

2155 1891 2334 1955 πτιοις
2350 1893 2478 1956 τοὺς
2498 1892 2842 1963 πειρασμοὺς
2856 1891 2983 1954 τοὺς
3003 1891 3296 1962 μεγάλους,
3311 1889 3406 1954 οὓς
3427 1889 3736 1963 ἑωράκασιν

469 1993 713 2051 gnorum
747 1979 1237 2052 prodigiorumque
1288 1994 1616 2052 magnorum
1675 1981 1932 2047 illorum;
1991 1988 2049 2037 et

470 2085 668 2127 manus
689 2071 838 2127 illius
862 2072 1124 2143 potentis,
1149 2080 1206 2128 et
1237 2072 1454 2128 brachii
1477 2073 1701 2139 excelsi,
1742 2080 1804 2129 ut
1841 2073 2050 2129 eduxe-

467 2163 545 2216 rit
581 2171 631 2217 te
655 2163 923 2220 Dominus
944 2165 1093 2221 Deus
1108 2173 1269 2234 tuus;
1301 2165 1382 2223 sic
1411 2164 1578 2222 faciet
1616 2164 1882 2221 Dominus
1906 2165 2052 2221 Deus

466 2264 657 2311 noster
688 2256 948 2312 omnibus
976 2259 1233 2330 gentibus
1255 2275 1393 2330 quas
1422 2271 1480 2315 tu
1508 2260 1720 2315 timesa
1752 2259 1891 2315 facie
1910 2259 2060 2330 ipsas

466 2348 718 2405 mall"

430 2523 435 2529 .
551 2505 782 2561 «Deut.
810 2522 923 2571 vm,
948 2506 1001 2571 2.
1101 2507 1143 2537 ⁸⁸
1172 2506 1332 2560 Dcut.
1358 2523 1451 2571 vn,
1480 2507 1544 2558 17
1572 2520 1726 2577 seqq.

2152 1983 2202 2035 oi
2231 1981 2504 2054 ὀφθαλμοί
2533 1999 2628 2035 σου
2653 2000 2668 2015 ο
2707 1981 2778 2034 τὰ
2811 1983 3035 2053 σημεῖα,
3068 1981 3164 2035 καὶ
3194 1979 3264 2034 τὰ
3296 1980 3502 2051 τέρατα
3544 1978 3614 2032 τὰ
3642 1994 3747 2049 με·

2148 2074 2293 2143 γάλα
2321 2074 2538 2136 ἐκεῖνα,
2572 2073 2671 2144 τὴν
2710 2074 2871 2145 χεῖρα
2896 2072 2993 2145 τὴν
3018 2071 3309 2144 κραταιὰν,
3344 2073 3439 2125 καὶ
3478 2071 3569 2124 τὸν
3600 2070 3735 2141 βραο

2148 2165 2303 2238 χίονα
2323 2166 2413 2220 τὸν
2439 2165 2644 2237 ὑψηλόν
2665 2183 2680 2199 ο
2701 2164 2779 2230 ὡς
2799 2165 3036 2235 ἐξήγαγέ
3062 2181 3119 2217 σε
3150 2163 3353 2236 Κύριος
3378 2164 3407 2216 ὁ
3433 2163 3564 2227 Θεός
3598 2178 3693 2216 σου
3715 2178 3734 2194 ο

2146 2256 2325 2322 οὕτως
2343 2260 2558 2330 ποιήσει
2586 2258 2791 2329 Κύριος
2819 2261 2847 2313 ὁ
2874 2257 3004 2320 Θεὸς
3032 2260 3064 2327 ἡ
3075 2257 3189 2328 μῶν
3216 2257 3349 2310 πᾶσι
3368 2258 3482 2319 τοῖς
3501 2254 3737 2321 ἔθνεσιν,

2150 2348 2246 2414 οὓς
2274 2351 2340 2405 σὺ
2374 2349 2519 2421 φοὸῇ
2548 2351 2657 2404 ἀπὸ
2682 2349 2975 2422 προσώπου
3012 2348 3213 2403 αὐτῶν.
3239 2366 3265 2401 ι

1065 2932 1464 3115 ΠΕΡΙ
1544 2934 1887 3064 ΤΗΣ
1961 2936 2172 3064 ΕΝ
2255 2925 3141 3129 ΠΝΕΥΜΑΤΙ

1724 3204 1923 3292 ΚΑΙ
1992 3192 2490 3326 ΑΛΗΘΕΙᾼ

891 3425 2120 3547 ΠΡΟΣΚΥΝΗΣΕΩΣ
2200 3432 2480 3548 ΚΑΙ
2571 3424 3318 3603 ΑΑΤΡΕΙΑΣ

1602 3675 2041 3767 ΛΟΓΟΣ
2132 3681 2599 3770 ΕΚΤΟΣ.

570 4098 775 4212 .DE
856 4094 1791 4214 ADOBATIONE
1891 4094 2077 4213 ET
2185 4093 2666 4215 CULTU
2773 4100 2919 4213 IN
3035 4097 3616 4215 SPIRITU

1640 4361 1809 4466 ET
1901 4357 2560 4467 VEBITATE

1599 4610 1964 4690 LIBER
2072 4606 2589 4688 SEXTUS.

469 4932 628 5016 1'73
652 4930 719 4987 Ei
746 4933 835 5003 qui
886 4934 1471 5016 secundumunaturant
1510 4936 1649 4991 Deus
1682 4947 1778 5016 est,
1806 4936 1905 5016 soli
1945 4953 2038 4991 nos

2148 4934 2288 5016 Ὅτι.
2303 4931 2420 5001 χρὴ
2455 4931 2578 5016 Θεῷ
2604 4928 2688 5016 rd)
2719 4931 2868 5016 κατὰ
2916 4930 3106 5016 φύρας
3121 4928 3296 5016 ¹,ἠιέίξς
3335 4928 3730 5016 πῳσκρῖσθαξ

535 5004 816 5077 adhmrere
832 5012 1093 5073 oportere,
1112 5012 1160 5057 et
1176 5004 1332 5059 illum
1357 5022 1422 5060 ea:
1455 5015 1567 5061 tota
1604 5010 1789 5063 anima
1833 5014 2042 5077 totoque

538 5073 694 5128 corde
717 5072 961 5145 diligere.

506 5186 609 5240 συθ
647 5185 962 5245 Christiana
994 5185 1217 5258 quidem
1239 5183 1564 5243 fortitudine
1596 5192 1905 5262 roboreque
1935 5195 2044 5264 spi—

462 5278 646 5333 rituali
677 5278 885 5336 dictum
906 5290 991 5337 est
1021 5295 1054 5335 a
1080 5279 1261 5347 nobis,
1317 5288 1377 5334 ut
1420 5280 1660 5348 videtur,
1686 5283 1914 5351 Palladi,
1952 5301 2044 5341 sa-

464 5370 565 5436 tis;
606 5371 810 5441 quibus
827 5388 960 5429 vero
986 5372 1042 5427 in
1082 5372 1250 5428 rebus
1272 5372 1388 5428 haec
1410 5387 1441 5428 a
1464 5372 1625 5428 nobis
1647 5375 1892 5445 praestari
1916 5392 2044 5446 pos-

459 5461 593 5527 sint,
619 5477 835 5529 rursus,
862 5472 923 5518 ut
953 5464 1214 5533 arbitror,
1237 5464 1665 5537 circumspicere
1688 5480 1912 5523 necesse
1935 5476 2038 5523 est.

535 5634 731 5693 PALL.
761 5636 931 5692 Recte
958 5638 1117 5694 dicis.

526 5727 687 5787 CYR.
730 5727 844 5801 Age
888 5728 1075 5800 igitur,
1122 5732 1322 5788 mentis
1378 5734 1569 5790 oculos
1608 5735 2038 5808 circumquaque

460 5834 767 5891 versemus,
792 5821 970 5894 iisque
1002 5821 1057 5878 in
1073 5832 1385 5881 accuratam
1413 5826 1693 5885 actionum
1719 5839 2036 5890 nostrarum

2206 4997 2415 5142 ptigit,
2449 5002 2551 5056 καὶ
2584 4999 2828 5070 ἀγαπᾷν
2867 4997 3054 5056 αὐτὸν
3080 4999 3150 5066 ἐξ
3181 4997 3340 5069 ’ὅλης
3376 4997 3586 5070 ψυχῆς
3635 4997 3732 5054 καὶ

2220 5092 2254 5127 κ
2393 5089 2487 5139 ας.

2220 5089 2487 5139 καροιας.

2218 5189 2383 5243 ΚΥΡ.
2403 5187 2679 5259 Ἀνδρείας
2705 5186 2804 5255 μὲν
2820 5182 2913 5240 οὖν
2931 5185 3058 5257 πέρι
3078 5187 3177 5257 τῆς
3193 5187 3250 5238 ὲν
3264 5183 3306 5238 Χ
3320 5183 3487 5256 ριστῷ
3503 5182 3731 5253 νοουμέ-

2142 5298 2263 5352 νης,
2288 5283 2381 5333 καὶ
2408 5278 2787 5351 πνευματικῆς
2815 5278 3128 5342 εὐσθενείας
3160 5276 3441 5351 ἀποχρῶν,
3477 5278 3632 5346 ἡμῖν,
3655 5273 3732 5337 ὼς

2143 5371 2340 5439 ἔοικεν,
2360 5372 2721 5442 ὲκπεποίηται
2751 5370 2907 5439 λόγος
2928 5409 2943 5434 ,
2974 5364 3018 5424 ὧ
3040 5370 3303 5424 Παλλάδιε
3323 5389 3335 5401 ·
3355 5369 3422 5423 τὰ
3458 5369 3515 5422 δὲ
3544 5370 3628 5436 ἐφ’
3650 5363 3731 5429 οἷς

2146 5464 2213 5518 ἂν
2244 5464 2457 5534 γένοιτο
2480 5465 2640 5517 ταυτὶ
2674 5463 2809 5535 πρὸς
2844 5464 3026 5535 ήμῶν,
3057 5464 3371 5537 ⁴ιτιεριαθρεῖν
3393 5463 3691 5531 ἀναγκαῖον
3711 5497 3727 5524 ,

2147 5557 2399 5628 καθάπερ
2429 5550 2665 5627 ἐγῷμαι,
2695 5556 2878 5612 πάλιν.

2217 5649 2425 5703 ΠΑΛΛ.
2465 5646 2537 5703 Εὖ
2571 5649 2767 5712 λέγεις.

2215 5741 2379 5796 ΚΥΡ.
2412 5741 2548 5812 Φέρε
2580 5741 2643 5813 δὴ
2673 5738 2787 5809 οὖν,
2824 5742 2925 5814 τῆς
2961 5741 3203 5805 διανοίας
3232 5741 3325 5795 τὸν
3352 5738 3633 5810 ὀφθαλμὸν
3665 5739 3724 5792 ἐν

2143 5831 2328 5905 κύκλῳ
2367 5831 2835 5905 περιελίττοντες,
2882 5833 2977 5889 καὶ
3023 5834 3104 5899 εἰς
3147 5831 3356 5906 ἀκρισῆ
3390 5827 3740 5913 κατάσκεψιν,
