4138 6300
272 392 425 454 109

1049 402 1141 461 DE
1175 403 1621 465 ADORATIONE
1661 408 1730 465 IN
1773 407 2044 468 SPlRlTU
2086 412 2172 468 ET
2213 414 2582 477 YEBHFATE.
2625 419 2752 476 LIB.
2795 419 2882 479 VI.

3486 419 3597 480 ιω

311 518 424 573 τῶν
452 520 576 575 καθ’
611 519 764 592 ἡμᾶς
796 518 968 588 ἱέντες
1006 526 1376 597 πραγμάτων,
1408 526 1812 603 ἀνασκοπῶμεν
1841 524 1899 584 εὖ

2008 533 2519 593 considerationem
2570 539 2791 611 injectis
2819 581 2833 606 ,
2895 538 3188 611 diligenter
3237 538 3591 611 aspiciamus,

315 612 484 683 μάλα,
514 611 607 667 διά
640 613 801 678 ποίας
835 615 1004 682 ἰόντες
1039 617 1254 691 τρίϐου,
1276 622 1526 696 λαμπροί
1546 642 1608 679 τε
1639 622 1902 694 ἐσόμεθα,

310 705 408 758 καὶ
431 704 530 775 τὴν
565 706 653 776 ἐφ’
699 705 875 761 ἀπασι
916 711 1031 773 τοῖς
1059 712 1472 787 ἐπαινουμένοις
1502 712 1592 772 οἷά
1623 733 1747 772 τινα
1776 716 1902 769 στέ-

310 813 485 866 φανον¹
515 797 898 870 ἀναδησάμεθα
929 800 1128 873 ψῆφον.
1167 806 1238 860 Ἦ
1283 808 1346 862 οὐ
1388 809 1532 864 δοκῶ
1566 826 1651 864 σοι
1681 811 1903 883 φρονεῖν

309 887 446 963 ὀρθὰ
465 929 483 954 ,
505 887 567 943 τὸ
596 887 654 944 ἐν
686 905 749 960 γε
773 891 982 957 τούτοις
1011 895 1343 970 φιλοκρινεῖν
1373 900 1689 974 ᾑρημένος

384 1070 594 1124 ΠΑΛΛ.
649 1072 976 1129 Παντάπασι
1026 1075 1127 1148 μὲν
1160 1073 1276 1136 οὖν.
1337 1079 1511 1153 Φαίην
1540 1064 1656 1154 γὰρ
1700 1081 1768 1139 ἀν
1807 1082 1904 1138 καὶ

317 1162 479 1227 αὐτὸς
527 1163 640 1232 ἐγὼ
680 1165 982 1237 προκλήσει
1015 1170 1082 1240 τῇ
1116 1170 1255 1241 πρὸς
1301 1171 1524 1244 ἀνδρίαν
1554 1174 1905 1247 προκαταθή-

314 1254 507 1323 ἰι-εσθαι
541 1254 671 1319 δεῖν,
696 1256 916 1313 ἑλέσθαι
949 1277 1010 1313 τε
1037 1261 1106 1316 τὰ
1132 1262 1200 1315 δι’
1237 1256 1314 1316 ὧν
1344 1263 1411 1318 ἄν
1442 1281 1528 1330 τις
1559 1264 1738 1320 ἔσοιτο
1765 1265 1904 1337 λαμ·

309 1348 472 1418 πρὸς,
505 1349 601 1402 καὶ
615 1348 715 1420 τῆς
742 1343 1046 1424 ἀμωμήτου
1071 1352 1217 1445 ζωῆς
1246 1354 1462 1427 ἔρχοιτο
1486 1357 1609 1412 κατ’
1638 1359 1792 1417 εὐθύ.

383 1524 551 1578 ΚΥΡ.
575 1525 782 1582 Οὐκοῦν
804 1526 907 1600 ήδη
939 1527 1210 1600 λέγωμεν,
1238 1529 1314 1595 ὡς
1343 1531 1563 1606 ἀπάσης
1595 1536 1696 1607 μὲν
1721 1537 1903 1606 οἰκίας

308 1613 565 1686 ἔρεισμα,
597 1619 833 1690 κρηπίς·
862 1618 998 1684 νεὼς
1025 1621 1083 1675 δὲ
1108 1621 1320 1693 τρόπις,
1353 1624 1520 1697 ἀρχή’
1551 1625 1649 1680 τοῦ
1678 1627 1734 1683 δὲ
1766 1648 1902 1685 κατ-

307 1707 509 1779 ορθοῦν
546 1711 847 1782 ᾑρημένου,
878 1712 1129 1785 θεμέλιος
1149 1714 1217 1769 ἂν
1235 1715 1446 1782 γένοιτο
1468 1717 1563 1773 καὶ
1583 1719 1792 1776 ὐποὸάθ
1801 1739 1902 1794 ρας

309 1800 478 1872 ἀρχὴ,
512 1802 612 1872 τῆς
639 1802 899 1874 ἀληθείας
919 1807 952 1877 ή
972 1805 1195 1874 γνῶσις,
1227 1807 1320 1862 καὶ
1336 1809 1366 1861 ὁ
1384 1809 1513 1880 περὶ¹
1541 1809 1777 1876 πίστεως
1798 1815 1899 1884 τῆς

308 1895 393 1957 είς
419 1893 552 1949 Θεὸν
575 1895 669 1948 τὸν
694 1895 792 1950 ἕνα
819 1898 914 1951 καὶ
943 1897 1103 1967 φύσει
1123 1901 1219 1953 καὶ
1241 1899 1492 1972 ἀληθινὸν
1514 1902 1900 1977 ἀκισδήλευτος
1929 1889 1973 1946 Β

307 1981 500 2054 λόγος·
542 2005 562 2040 ι
614 1987 739 2041 Ἐὰν
767 1988 878 2060 γάρ
909 1989 983 2062 μὴ
1022 1992 1349 2065 πιστεύσητε
1371 2034 1386 2059 ,
1426 1994 1534 2049 οὐδ’
1560 1995 1622 2050 οὐ
1652 1996 1726 2068 μὴ
1771 2013 1901 2053 συν-

308 2077 428 2148 ῆτε,
465 2097 487 2131 ι
517 2080 650 2152 φησὶ
679 2080 740 2135 τὸ
760 2082 1002 2154 Γράμμα
1045 2084 1108 2156 τὸ
1137 2086 1303 2156 ἱερόν.
1344 2087 1637 2154 Συνιέντας
1667 2089 1725 2143 δὲ
1746 2088 1904 2145 οὔπω

307 2168 421 2224 τῶν
467 2171 784 2241 ἀναγκαίων
816 2175 972 2230 οὐδὲν
1003 2178 1309 2248 ἀπρακτεῖν
1337 2178 1573 2251 ἀνάγκη,
1615 2180 1678 2234 τὸ
1704 2198 1895 2255 κατορ-

310 2260 441 2315 θοῦν
476 2263 576 2317 οὐκ
632 2264 859 2331 είδότας.
908 2269 981 2320 Ἢ
1028 2269 1130 2321 οὐκ
1173 2268 1242 2323 ἂν
1282 2271 1582 2339 ἀναγκαῖον
1625 2268 1767 2326 εἶναι
1794 2274 1901 2345 φὴς

310 2355 454 2426 πρὸς
496 2357 850 2430 εὐδοκίμησιν
877 2364 1030 2434 ἡμῖν,
1061 2361 1161 2434 τὴν
1196 2365 1288 2417 ἐπὶ
1318 2367 1484 2420 παντὶ
1512 2366 1590 2439 τῷ
1636 2368 1901 2441 πρακτέῳ

306 2444 613 2519 διάσκεψιν,
649 2452 699 2505 εί
735 2452 794 2505 ὲν
832 2453 978 2525 λόγῳ
1005 2455 1352 2535 πεποιήμεθα
1376 2456 1436 2510 τὺ
1459 2456 1592 2530 δρᾷν
1618 2458 1816 2530 ὀρθῶς,
1850 2460 1890 2517 ἀ

306 2540 443 2614 ἐρᾷν
468 2542 797 2613 ἀναγκαῖον;

379 2720 588 2776 ΠΛΛΛ.
628 2722 799 2793 Φημί.

377 2809 543 2864 ΚΥΡ.
583 2811 795 2883 Τροφὸς
821 2807 914 2869 οὖν
954 2814 1064 2886 ἄρα
1105 2816 1398 2887 συνέσεως,
1434 2819 1640 2885 πίστις.
1672 2818 1901 2885 Σύνεσις

303 2898 399 2969 δὲ,
429 2902 539 2955 τῶν
586 2904 878 2974 πρακτέων
924 2908 1058 2979 ήμῖν
1095 2912 1330 2965 ποιεῖται
1359 2912 1458 2983 τὴν
1491 2912 1748 2984 βάσανον.
1784 2914 1899 2971 Καὶ

305 2992 441 3063 γοῦν
468 2995 556 3048 ὅτε
573 2997 687 3060 τοῖς
704 2995 766 3062 ἐξ
800 2998 1019 3071 Ἰσραὴλ
1044 3002 1072 3055 ὁ
1096 3001 1207 3057 τῶν
1228 3002 1365 3058 ὅλων
1387 3004 1520 3069 Θεὸς
1546 3005 1898 3075 παιδαγωγὸν

306 3084 498 3157 ὥσπερ
532 3087 655 3141 τινά
678 3129 692 3152 ,
735 3090 833 3144 καὶ
881 3090 1142 3163 ίθυντῆρα
1175 3094 1357 3164 σοφὸν,
1396 3095 1488 3150 τὸν
1520 3095 1609 3151 διά
1650 3097 1897 3161 Μωσέως

2006 642 2174 697 quam
2200 628 2584 699 ingredientes
2617 631 2782 698 viam,
2814 632 2959 687 clari
2984 648 3139 701 esse,
3156 639 3213 688 et
3266 632 3359 687 illa
3379 646 3481 702 pro
3505 647 3595 687 re-

2006 724 2095 771 cte
2140 716 2480 789 honesteque
2530 718 2692 776 factis
2739 720 3141 792 approbatione
3188 722 3342 776 velut
3384 735 3590 777 corona

2005 808 2243 879 quadam
2270 811 2455 865 ornari
2476 812 2776 883 possimus.
2808 813 2892 869 An
2950 814 3056 868 tibi‘
3097 828 3292 884 parum
3324 821 3473 869 recte
3500 829 3594 868 sa-

2005 914 2135 970 pere
2177 900 2386 970 videor,
2421 903 2579 975 173
2604 904 2699 974 qui
2742 905 2800 960 in
2836 904 2925 961 his
2959 905 3127 961 rebus
3170 904 3304 976 quid
3352 904 3594 975 proban-

2004 990 2137 1047 dum
2157 991 2229 1047 sit
2250 989 2550 1072 decentere
2578 995 2782 1051 velim?

2074 1083 2273 1140 PALL.
2304 1085 2541 1142 Prorsus
2568 1087 2909 1144 rectissime:
2941 1103 3070 1143 nam
3108 1089 3278 1144 etiam
3319 1088 3437 1158 ipse
3475 1103 3587 1143 non

2004 1179 2320 1250 negaverim
2340 1180 2499 1251 prius
2518 1180 2587 1236 ad
2631 1180 3022 1237 fortitudinem
3062 1180 3281 1236 incitari
3311 1191 3587 1252 oportere,

2003 1279 2170 1343 atque
2192 1272 2270 1327 ita
2298 1287 2364 1330 ea
2386 1287 2508 1329 esse
2524 1273 2929 1345 amplectenda,
2954 1289 3054 1344 per
3091 1289 3213 1345 quae
3235 1274 3418 1329 clarus
3443 1288 3587 1339 esse,

2003 1372 2265 1436 rectaque
2285 1365 2356 1421 ad
2385 1366 2557 1422 vitam
2604 1367 2763 1438 culpa
2792 1374 3075 1423 carentem
3098 1365 3393 1438 pervenire
3432 1366 3587 1435 quis-

2002 1472 2112 1530 que
2126 1456 2320 1528 possit.

2072 1547 2232 1606 CYR.
2255 1548 2377 1606 Jam
2416 1549 2586 1622 igitur
2603 1550 2908 1607 ordiamur.
2927 1549 3123 1606 Totius
3145 1548 3366 1620 quidem
3391 1546 3591 1601 domus

2002 1639 2237 1698 firmitas
2258 1648 2344 1697 est
2369 1641 2824 1710 fundamentum;
2865 1640 3023 1697 navis
3052 1655 3187 1696 vero
3232 1638 3455 1696 initium
3499 1652 3590 1692 ca-

2002 1731 2161 1799 rina;
2192 1733 2314 1803 ejus
2351 1740 2539 1789 autem
2585 1733 2682 1804 qui
2739 1732 2962 1789 virtutis
3005 1747 3209 1787 munus
3240 1730 3466 1799 exsequi
3489 1744 3588 1784 ve-

2000 1823 2083 1891 lit,
2115 1823 2556 1893 fundainentum,
2585 1842 2651 1882 ac
2696 1825 2844 1882 basis
2880 1833 2938 1881 et
2968 1824 3208 1890 initium,
3237 1834 3322 1879 est
3343 1822 3589 1893 cognitio

2003 1916 2276 1984 veritatis,
2289 1933 2354 1973 ac
2376 1917 2444 1973 de
2465 1917 2571 1973 fide
2596 1918 2652 1973 in
2668 1933 2794 1974 eum
2813 1918 2908 1988 qui
2925 1933 3070 1973 unus
3085 1934 3149 1973 ac
3170 1924 3366 1971 natura
3384 1922 3586 1971 etvere

2003 2007 2150 2065 Deus
2172 2018 2278 2078 est,
2314 2009 2532 2066 sincera
2560 2011 2915 2081 przedicatio:
2961 2029 2979 2062 ι
3001 2010 3119 2065 Nisi
3151 2010 3299 2065 enim
3332 2008 3586 2065 credide-

2004 2098 2149 2165 ritis,
2179 2116 2290 2155 non
2318 2101 2644 2174 intelligetis
2667 2103 2738 2171 ",
2772 2121 2792 2155 ι
2852 2101 3034 2173 inquit
3080 2117 3236 2157 sacra
3276 2098 3585 2172 Scriptura.

2002 2190 2160 2259 Quod
2192 2193 2238 2249 si
2266 2193 2405 2248 nihil
2440 2210 2510 2250 ex
2557 2193 2627 2249 iis
2670 2209 2794 2265 quae
2850 2176 3162 2250 neceSaria
3206 2201 3337 2248 sunt
3366 2192 3587 2247 intelle-

2002 2283 2267 2351 xerimus,
2297 2299 2513 2340 cessare
2555 2284 2625 2340 ab
2660 2299 2830 2355 opere
2885 2299 3113 2340 necesse
3144 2290 3252 2351 est,
3277 2298 3403 2339 cum
3436 2289 3586 2337 recte

2002 2373 2186 2430 facere
2234 2375 2567 2430 nesciamus.
2612 2373 2698 2430 An
2730 2388 2886 2439 vero,
2910 2374 2956 2429 si
3002 2373 3141 2445 quid
3181 2389 3304 2429 esse
3330 2381 3589 2444 putamus

2001 2482 2067 2522 ea
2098 2474 2248 2522 recte
2270 2466 2474 2533 facere,
2504 2482 2626 2537 quae
2659 2465 2842 2522 facere
2867 2482 3094 2522 necesse
3123 2474 3231 2533 est,
3251 2481 3363 2520 non
3390 2480 3585 2521 neces-

2001 2557 2210 2612 sarium
2240 2572 2361 2612 esse
2378 2555 2589 2624 fateris,
2618 2557 2685 2612 ad
2717 2557 2940 2613 laudem
2989 2556 3411 2628 assequendam,
3439 2557 3591 2612 illam

2000 2650 2070 2706 de
2100 2649 2362 2706 omnibus
2383 2650 2553 2707 rebus
2573 2651 2803 2723 agendis
2853 2649 3309 2722 inquisitionem?

2068 2741 2268 2798 PALL.
2307 2742 2524 2798 Fateor.

2069 2833 2229 2891 CYR.
2257 2835 2357 2890 Est
2383 2835 2551 2906 igitur
2575 2832 2713 2890 ﬁdes
2739 2833 3118 2906 intelligentia:
3160 2834 3370 2890 nutrix.
3418 2832 3588 2890 Intel-

2001 2926 2228 2999 ligentia
2251 2941 2386 2982 vero
2409 2943 2498 2982 res
2520 2942 2551 2982 a
2578 2926 2740 2982 nobis
2782 2926 3022 2997 agendas
3044 2927 3342 2982 examinat.
3371 2926 3584 2997 Itaque,

2001 3035 2128 3076 cum
2179 3018 2445 3074 lsraelitis
2493 3018 2585 3073 ille
2643 3018 3029 3073 universorum
3080 3018 3227 3072 Deus
3270 3018 3449 3088 legem
3486 3031 3588 3087 per

2000 3112 2224 3184 Moysen
2246 3111 2452 3177 datam,
2478 3111 2650 3166 veluti
2676 3111 3030 3181 pmdagogum
3052 3110 3345 3180 quemdam
3370 3109 3588 3178 sapien-

303 3179 574 3251 ἐπέστησε
598 3181 785 3253 νόμον,
831 3184 1150 3257 ὑποσάθραν
1177 3186 1367 3261 ὥσπερ
1396 3189 1518 3244 τινὰ
1556 3191 1653 3242 καὶ
1690 3189 1896 3244 ἀκατά-

2006 3214 2229 3275 temque
2255 3213 2529 3258 rectorem
2559 3203 2837 3273 apposuit,
2881 3211 3144 3272 tanquam
3180 3201 3366 3255 basem
3389 3216 3588 3271 quam-

307 3289 522 3327 σειστον
551 3274 748 3347 ἀρχὴν,
793 3276 893 3347 τὴν
937 3278 1092 3350 παρά
1119 3280 1219 3351 τῆς
1256 3283 1386 3351 μιᾶς
1422 3298 1483 3334 τε
1521 3281 1618 3336 καὶ
1664 3281 1898 3351 ἀληθοῦς

304 3363 569 3434 Θεύτητος
595 3366 1033 3437 προκατεϐἁλετο
1061 3367 1290 3438 γνῶσιν·
1327 3370 1401 3442 μὴ
1432 3371 1542 3440 γάρ
1564 3370 1630 3425 ἂν
1658 3370 1897 3441 ἰσχύσειν

304 3459 503 3521 αὐτοὺς
534 3459 888 3530 ὑπελάμϐανε
925 3459 1029 3530 τῆς
1067 3460 1392 3533 ἀδιαὸλήτου
1423 3464 1517 3516 καὶ
1554 3462 1896 3534 ἀκραιφνοῦς

304 3548 595 3619 ἐφικέσθαι
625 3550 792 3622 ζωῆς,
823 3551 994 3624 ήγουν
1024 3551 1103 3623 τῷ
1133 3552 1243 3607 τῶν
1287 3552 1593 3609 καλλίστων
1621 3555 1892 3627 είσηγητῇ

304 3643 814 3715 καταρυθμίζεσθαι
842 3646 1015 3718 νόμῳ,
1043 3647 1139 3702 καὶ
1178 3647 1425 3702 ὑπείκειν
1455 3649 1717 3715 ἐντολαῖς,
1749 3651 1797 3702 εἰ
1822 3649 1898 3722 μὴ

304 3733 559 3807 καθάπερ
589 3737 1062 3809 προανατείχισμα
1082 3737 1181 3809 τὴν
1211 3738 1305 3792 ἐπὶ
1322 3739 1443 3811 Θεῷ
1471 3740 1659 3794 πίστιν
1685 3741 1899 3806 ἑλόντες

304 3828 386 3891 είς
408 3828 555 3898 νοῦν,
573 3829 948 3901 ἀντιφέροιντο
976 3830 1243 3899 γενναίως
1259 3833 1381 3895 ταῖς
1407 3832 1486 3896 είς
1505 3831 1774 3903 ρᾳθυμίαν
1802 3833 1900 3886 αὖ-

303 3918 430 3982 τοὺς
459 3919 781 3983 ἀκονούσαις
806 3920 1040 3992 ἡδοναῖς.
1074 3922 1221 3976 Ἔδει
1250 3921 1315 3994 δὴ
1347 3917 1460 3989 οῦν,
1484 3922 1612 3988 ἔδει,
1645 3923 1898 3997 καθάπερ

302 4008 428 4062 τινὰ
457 4008 697 4081 ψυχικὴν
733 4012 1079 4084 ἀρρωστίαν,
1118 4014 1526 4087 προαποθέσθαι
1569 4018 1695 4082 τοὺς
1724 4018 1892 4072 πάλαι

303 4102 403 4172 τὴν
436 4101 703 4157 πολύθεον
756 4103 1046 4176 πλάνησιν,
1092 4106 1279 4160 πίστει
1319 4124 1382 4162 τε
1427 4111 1495 4180 τῇ
1533 4110 1614 4174 είς
1644 4109 1777 4165 Θεὸν
1806 4112 1898 4166 τὸν

305 4193 401 4248 ἕνα
429 4193 595 4264 φύσει
629 4195 723 4249 καὶ
751 4195 966 4267 άληθῶς
1005 4198 1327 4269 ἐρηρεῖσθαι
1357 4201 1543 4266 καλῶς
1569 4217 1584 4233 ο
1614 4202 1897 4274 τοιγάρτοι

305 4285 399 4347 καὶ
429 4286 643 4356 πρῶτος
663 4287 847 4352 αὐτοῖς
869 4289 1257 4362 προανέλαμψε
1298 4291 1509 4363 νόμος·,
1533 4313 1551 4346 ι
1597 4295 1741 4364 Ἐγώ
1779 4297 1897 4367 είμι

303 4375 512 4447 Κύριος
539 4378 566 4429 ὁ
598 4377 729 4443 Θεός
761 4396 878 4446 σου,
928 4382 1079 4446 ὅστις
1110 4382 1380 4453 ἐξήγαγόν
1414 4401 1473 4437 σε
1503 4385 1568 4438 ἐκ
1601 4386 1703 4457 γῆς
1730 4386 1898 4454 Αίγύ-

306 4486 441 4522 πτου
476 4469 534 4535 ἐξ
565 4468 717 4523 οἴκου
761 4471 1026 4536 δουλείας,
1059 4474 1172 4526 Οὐκ
1209 4473 1424 4529 ἔσονταί
1455 4493 1538 4529 σοι
1575 4476 1689 4530 θεοὶ
1718 4477 1896 4548 ἕτεροι

2000 3296 2128 3352 dam
2158 3303 2214 3351 et
2235 3294 2455 3351 ﬁrmum
2508 3296 2752 3359 initium,
2789 3294 2957 3349 unius
2996 3308 3246 3362 veraeque
3275 3291 3589 3348 Divinitatis

1999 3388 2373 3461 cognitionem
2409 3387 2759 3459 praestruxit;
2788 3401 2967 3455 neque
2992 3383 3139 3438 enim
3164 3382 3392 3453 putabat
3426 3396 3589 3451 posse

2000 3480 2125 3536 illos
2174 3480 2243 3535 ad
2308 3479 2476 3534 vitam
2514 3478 2865 3533 innocentem
2906 3490 3211 3546 puramque
3253 3473 3588 3544 pertingere,

1998 3579 2095 3625 aut
2123 3586 2154 3625 a
2185 3571 2324 3641 lege,
2351 3586 2473 3639 qua:
2498 3569 2567 3624 ad
2601 3584 2689 3623 res
2715 3567 3004 3637 praeclaras
3025 3563 3372 3626 hortabatur,
3394 3575 3589 3616 eorum

2000 3674 2187 3713 mores
2206 3657 2484 3727 componi,
2534 3665 2591 3711 et
2637 3656 2799 3710 facile
2854 3654 3133 3709 mandatis
3174 3652 3427 3721 obsequi,
3478 3650 3588 3706 nisi

2001 3751 2151 3805 illam
2179 3750 2234 3804 in
2256 3750 2429 3805 Deum
2472 3749 2635 3804 fidem
2684 3748 2870 3803 animo
2900 3745 3290 3815 suscepissent,
3313 3760 3424 3813 quo
3460 3759 3590 3813 pcr-

2001 3842 2130 3899 inde
2178 3857 2243 3897 ac
2284 3856 2445 3895 muro
2490 3838 2841 3912 praemuniti,
2892 3837 3303 3907 voluptatibus,
3350 3851 3472 3906 qua:
3519 3834 3587 3890 ad

2001 3931 2275 4004 ignaviam
2297 3932 2422 3987 illos
2444 3930 2783 3995 alliciebant,
2810 3937 3034 3985 strenue
3060 3927 3417 3982 obsisterent.
3438 3923 3591 3995 Opus

2000 4025 2172 4097 igitur
2197 4032 2336 4089 erat,
2364 4038 2504 4093 opus
2541 4030 2681 4087 erat,
2716 4022 2960 4092 inquam,
2994 4029 3056 4076 ut
3081 4021 3160 4075 illi
3187 4028 3406 4076 veteres
3436 4020 3592 4089 prius

1999 4117 2171 4173 veluti
2200 4116 2453 4172 morbum
2497 4116 2789 4185 quemdam
2834 4114 3003 4170 animi
3053 4114 3393 4185 deponerent
3431 4128 3588 4167 erro.

2000 4224 2138 4276 rem,
2161 4223 2271 4279 quo
2320 4207 2621 4262 multitudo
2675 4206 2905 4262 deorum
2948 4207 3251 4273 colebatur,
3289 4213 3347 4259 et
3385 4203 3490 4258 ﬁde
3531 4204 3615 4275 in(

1998 4312 2126 4352 eum
2176 4296 2273 4368 qui
2302 4312 2448 4351 unus
2473 4304 2530 4351 et
2563 4303 2763 4350 natura
2803 4305 2860 4350 et
2882 4310 3012 4350 vere
3047 4295 3196 4350 Deus
3247 4302 3357 4359 est,
3378 4279 3607 4365 Optime:

1999 4388 2500 4454 confirmarentur;
2549 4387 2785 4457 ideoque
2823 4387 2958 4456 ipsis
3000 4386 3092 4441 illa
3121 4387 3299 4457 prima
3327 4387 3415 4441 lex
3442 4402 3588 4456 prte-

2005 4480 2161 4536 fulsit
2186 4498 2199 4534 :
2233 4480 2382 4551 «Ego
2412 4495 2535 4534 sum
2568 4479 2835 4534 Dominus
2865 4479 3010 4533 Deus
3034 4486 3181 4545 tuus,
3216 4478 3311 4549 qui
3341 4478 3504 4534 eduxi
3533 4486 3587 4536 te

307 4558 448 4629 πλὴν
480 4558 638 4630 ἐμοῦ.
666 4561 738 4614 Οὐ
766 4564 1014 4633 ποιήσεις
1037 4565 1253 4635 σεαυτῷ
1279 4565 1523 4633 εἴδωλον,
1551 4567 1672 4621 οὐδέ
1694 4571 1896 4636 παντὸς

2001 4552 2071 4627 de
2106 4580 2250 4627 terra
2277 4570 2517 4643 Egypti,
2544 4570 2613 4625 de
2637 4570 2803 4625 domo
2826 4570 3130 4625 servitutis.
3165 4570 3284 4624 Non
3298 4577 3461 4625 erunt
3487 4569 3586 4625 tibi

312 4648 691 4717 ὁμοίωμαοὸσα
722 4652 780 4704 ἐν
809 4653 886 4723 τῷ
911 4652 1127 4724 ούρανῷ
1150 4655 1284 4721 ἀνω,
1318 4656 1415 4710 καὶ
1438 4658 1496 4710 ἐν
1519 4660 1584 4730 τῇ
1623 4661 1693 4730 γῇ
1724 4661 1897 4726 κάτω,

308 4738 403 4792 καὶ
440 4741 540 4793 ὅσα
569 4742 625 4794 ἐν
664 4745 779 4806 τοῖς
813 4743 1001 4798 ὖδασιν
1032 4746 1289 4800 ὑποκάτω
1318 4747 1417 4816 τῆς
1452 4748 1557 4820 γῆς
1580 4790 1595 4817 ,
1627 4754 1687 4804 οὐ
1724 4769 1899 4825 προσ-

308 4831 565 4899 κυνήσεις
595 4833 799 4900 αὐτοῖς,
835 4835 943 4888 οὐδ’
974 4837 1032 4889 ού
1069 4837 1143 4908 μὴ
1175 4836 1480 4910 λατρεύσῃς
1511 4841 1712 4907 αὐτοῖς.
1758 4845 1899 4914 Ἐγὼ

307 4921 418 4992 γάρ
445 4924 561 4994 είμι
589 4923 793 4995 Κύριος
822 4927 851 4979 ὁ
895 4926 1027 4991 Θεός
1053 4944 1147 4981 σου
1174 4967 1190 4993 ,
1221 4928 1249 4981 ὁ
1279 4927 1411 4993 Θεὸς
1452 4930 1722 5005 ζηλωτὴς,
1759 4936 1899 4990 ἀπο-

307 5012 484 5078 διδοὺς
520 5015 797 5087 ἁμαρτίας
826 5016 1080 5086 πατέρων
1117 5019 1210 5072 ἐπὶ
1248 5020 1416 5073 τέκνα
1443 5021 1548 5081 ἕως
1580 5024 1772 5096 τρίτης
1800 5029 1895 5082 καὶ

306 5106 575 5178 τετάρτης
620 5109 816 5176 γενεᾶς
842 5110 955 5172 τοῖς
994 5110 1214 5180 μισοῦσί
1261 5129 1328 5183 με
1351 5129 1364 5142 ·
1396 5115 1490 5168 καὶ
1527 5115 1697 5170 ποιῶν
1743 5118 1894 5183 ἔλεος

305 5201 384 5261 εἰς
417 5199 662 5269 χιλιάδας
704 5202 819 5264 τοῖς
859 5200 1115 5269 ἀγαπῶσι
1167 5220 1269 5274 με,
1308 5204 1405 5257 καὶ
1439 5204 1774 5274 φυλάσσουσι
1824 5210 1894 5263 τὰ

305 5291 709 5361 προστάγματα
738 5308 862 5362 μου.
904 5309 922 5342 ι
966 5292 1113 5345 Ἔδει
1140 5293 1272 5365 γὰρ,
1307 5294 1413 5349 ἔδει
1449 5296 1708 5370 σκληροῖς
1730 5318 1896 5356 κατα-

308 5381 589 5436 πτοεῖσθαι
614 5383 868 5455 δείμασι,
901 5385 1025 5448 τοὺς
1055 5385 1367 5458 ἀνεξίτητον
1406 5391 1697 5459 μέλλοντας
1725 5396 1893 5449 ποιεῖ-

310 5469 433 5523 σθαι
464 5472 563 5541 τὴν
592 5474 835 5544 ἐντολήν·
863 5474 1149 5545 τοιγάρτοι
1172 5475 1266 5528 καὶ
1293 5475 1539 5552 ζηλωτὴν
1569 5483 1760 5539 ἐαυτὸν
1785 5487 1894 5539 ὀνο-

311 5563 474 5633 μάζει
511 5564 645 5618 Θεὸν
670 5607 684 5631 ,
715 5566 810 5619 καὶ
853 5566 1128 5637 ἁμαρτίας
1158 5568 1409 5639 πατέρων
1438 5571 1750 5628 ἐπιτιθέντα
1780 5580 1895 5642 τοῖς

308 5654 368 5722 ἐξ
392 5656 595 5719 αὐτῶν,
622 5658 675 5711 εί
693 5674 756 5727 γε
791 5658 911 5712 κατ’
951 5659 1194 5721 ἐκείνους
1221 5658 1426 5713 ἕλοιντο
1450 5662 1622 5735 βιοῦν,
1645 5667 1736 5721 καὶ
1761 5686 1893 5741 προ-

381 5841 427 5876 ⁵¹
449 5841 554 5899 lsa.
581 5858 674 5912 vn,
699 5842 752 5900 9.
848 5844 893 5876 ⁸³
916 5842 1091 5899 Exod.
1115 5858 1205 5911 xx,
1228 5842 1262 5897 Ξ).
1283 5858 1438 5914 seqq.

2000 4665 2077 4721 dii
2109 4665 2200 4719 alii
2235 4674 2438 4736 praeter
2464 4680 2553 4720 me
2583 4681 2596 4717 :
2631 4678 2743 4718 non
2782 4662 2952 4717 facies
2976 4662 3076 4717 tibi
3100 4664 3205 4734 ipsi
3228 4662 3458 4729 idolum,
3483 4678 3587 4718 ne-

2003 4773 2112 4828 que
2140 4757 2311 4812 ullius
2344 4756 2424 4812 rei
2452 4756 2831 4824 simulacrum,
2856 4771 3196 4827 quaecunque
3209 4755 3265 4810 in
3291 4754 3430 4811 ccelo
3458 4760 3588 4810 sunt

2003 4865 2243 4915 sursum,
2275 4859 2331 4905 et
2367 4863 2713 4920 quaecunque
2749 4847 2806 4903 in
2857 4855 3003 4903 terra
3046 4848 3330 4914 deorsum,
3356 4854 3412 4903 et
3439 4863 3588 4918 quae-

2004 4957 2222 5012 cunque
2239 4942 2295 4997 in
2317 4941 2478 5012 aquis
2507 4939 2611 4995 sub
2632 4947 2809 4994 terra:
2861 4955 2971 4994 non
2998 4939 3255 4995 adorabis
3291 4954 3376 5005 ea,
3402 4952 3586 5008 neque

2005 5037 2218 5090 servies
2241 5035 2370 5090 illis.
2404 5033 2705 5106 Ego,enim
2748 5049 2870 5090 sum
2922 5033 3189 5088 Dominus
3239 5033 3386 5086 Deus
3435 5040 3582 5096 tuus,

2004 5128 2149 5181 Deus
2174 5127 2396 5193 zelotes,
2426 5125 2666 5182 reddens
2704 5132 2929 5197 peccata
2960 5132 3179 5195 patrum
3220 5123 3275 5176 in
3308 5122 3470 5187 ﬁlios,
3494 5138 3585 5177 us-

2003 5233 2110 5288 que
2139 5217 2208 5271 ad
2237 5218 2456 5272 tertiam
2510 5224 2861 5300 ebquartam
2903 5217 3338 5288 generationem,
3391 5214 3458 5267 iis
3487 5212 3584 5284 qui
3628 5212 3639 5222 ’

2001 5310 2243 5366 oderunt
2266 5325 2375 5375 me,
2407 5309 2567 5382 174
2582 5317 2638 5365 et
2658 5306 3318 5366 faciensmisericordiam
3336 5304 3391 5359 in
3410 5305 3581 5361 millia

2002 5401 2074 5456 iis
2123 5400 2219 5471 qui
2256 5400 2496 5472 diligunt
2517 5415 2626 5467 me,
2653 5407 2709 5454 et
2735 5406 2957 5454 servant
2999 5404 3273 5468 praecepta
3304 5411 3426 5451 mea
3457 5396 3522 5449 ⁸³.
3554 5414 3574 5447 ι

1999 5492 2301 5564 Oportebat
2349 5492 2499 5547 enim
2548 5498 2608 5545 ut
2633 5491 2789 5545 duris
2838 5489 3142 5545 terroribus
3171 5500 3585 5545 commoveren-

2002 5590 2110 5649 tur,
2129 5582 2226 5653 qui
2253 5579 2512 5635 mandato
2537 5578 2749 5633 aditum
2784 5576 3107 5647 praeclusuri
3128 5585 3317 5644 erant;
3347 5576 3582 5646 ideoque

1999 5685 2055 5731 et
2094 5675 2330 5731 zelotcm
2354 5686 2414 5731 se
2437 5671 2613 5728 Deum
2655 5669 2909 5741 appellat,
2939 5676 2996 5726 et
3019 5676 3241 5742 peccata
3283 5677 3578 5744 parentum

3696 4082 3719 4123 ι
