4138 6300
621 371 720 426 411

1689 421 1704 435 .
1744 380 2022 438 CYRILLI
2057 383 2527 442 ALEXANDBINI
2564 388 2884 448 AllClllEP.

3787 398 3886 455 ΗΞ

624 492 816 548 liberis
837 493 1122 565 imponere
1155 511 1216 552 se
1246 497 1411 566 dicit;
1449 501 1494 555 si
1523 507 1703 558 tamen
1738 505 1994 562 similiter
2039 516 2188 577 atqut

2305 511 2540 576 γονικοῖς
2573 510 2904 583 ἁμιλλᾶσθαι
2929 512 3289 582 πταίσμασιν.
3319 510 3394 566 Οὐ
3423 511 3532 584 γάρ
3560 512 3664 566 πού
3683 531 3888 586 φαμεν,

622 584 700 637 illi
741 585 948 654 vivere,
969 596 1026 642 et
1059 603 1186 643 eum
1212 590 1406 659 patriis
1430 601 1641 648 certare
1663 596 1839 666 culpis
1877 598 2066 654 velint.
2091 599 2198 654 Ne-

621 689 729 743 que
779 677 929 730 enim
973 677 1212 735 dicimus
1241 681 1299 736 in
1345 697 1455 738 eos
1515 685 1611 754 qui
1637 687 1775 741 nihil
1843 688 2196 759 deliquerint,

620 778 846 835 peccata
867 779 1160 838 parentum
1185 773 1524 842 redundare;
1581 792 1707 832 cum
1759 778 1982 836 disertis
2017 782 2200 838 verbis

621 865 854 911 testetur
876 860 1082 915 Deuszc
1113 862 1234 916 Non
1254 864 1562 920 morientur
1580 876 1766 936 patres
1792 885 1892 940 pro
1920 869 2066 938 ﬁliis,
2095 889 2198 928 ne-

620 965 727 1016 que
759 949 854 1002 lilii
875 966 974 1020 pro
998 953 1288 1022 patribus:
1324 959 1704 1029 unusquisque
1735 959 1794 1015 in
1843 976 1944 1016 suo
1975 973 2198 1032 peccato

618 1043 891 1098 morietur
922 1045 989 1100 “.
1013 1067 1032 1098 ι
1064 1047 1194 1116 Sed,
1238 1049 1285 1105 si
1315 1065 1609 1122 parentum
1663 1059 1996 1114 sententiam
2037 1060 2198 1116 liberi

619 1143 942 1204 sequantur,
975 1153 1039 1194 ac
1063 1141 1255 1210 patriae
1297 1143 1595 1215 impietatis
1634 1147 1843 1204 fuerint
1872 1150 2194 1216 imitatores,

616 1227 870 1293 pervenit
889 1228 1112 1285 interim
1131 1234 1200 1288 ad
1225 1235 1372 1305 ipsos
1400 1253 1619 1308 quoque
1641 1241 1736 1294 Dei
1755 1241 2074 1312 indignatio.
2098 1245 2198 1309 Ac,

618 1316 665 1369 si
691 1317 907 1373 eveniat
931 1336 998 1375 ex
1029 1322 1200 1392 ipsius
1221 1325 1385 1382 insita
1411 1328 1770 1400 benignitate,
1822 1339 1884 1386 ut
1909 1333 2072 1398 Deus,
2101 1333 2197 1402 qui

615 1417 700 1462 est
737 1425 903 1480 super
943 1415 1148 1480 omnia,
1197 1419 1392 1486 primis
1431 1420 1542 1475 illis
1580 1423 1826 1476 remittat
1847 1439 2040 1493 pinnas
2085 1442 2097 1477 :
2140 1433 2198 1480 at

613 1506 764 1552 certe
803 1503 1061 1558 secundis
1114 1508 1357 1576 tandem,
1396 1519 1492 1565 aut
1515 1513 1692 1568 tertiis
1725 1517 2105 1572 commeritam
2128 1518 2198 1572 ab

613 1588 772 1644 initio
809 1590 1050 1648 debitam
1078 1596 1246 1666 impio
1288 1603 1475 1670 generi
1519 1603 1686 1659 infert
1715 1605 1873 1663 iram.
1921 1608 2198 1681 Compulit

614 1675 786 1747 igitur
815 1696 910 1736 eos
938 1683 1006 1738 ad
1033 1685 1308 1754 timorem,
1343 1707 1469 1746 cum
1515 1709 1573 1749 se
1619 1695 1852 1752 zelotem
1897 1699 2074 1754 Deum
2097 1717 2198 1772 ap-

613 1769 878 1838 pellavit:
911 1775 1019 1828 alia
1049 1793 1268 1848 quoque
1303 1781 1518 1838 ratione
1564 1785 1788 1840 eosdem
1830 1788 1886 1842 in
1913 1788 2020 1845 ﬁde
2059 1769 2196 1846 eon—

2304 601 2380 665 ὡς
2407 605 2520 666 τοῖς
2543 619 2606 672 γε
2634 603 2771 668 ὅλως
2800 604 2956 659 οὐδὲν
2987 605 3522 677 πεπλημμεληκόσιν
3545 609 3602 662 αί
3633 608 3744 663 τῶν
3779 627 3891 664 παι

2299 694 2474 762 τὲρων
2497 696 3046 766 ὲγκατασκή-πτουσιν
3097 699 3388 770 ἁμαρτίαι,
3421 697 3516 754 καί
3547 717 3630 754 τοι
3655 699 3892 774 διαρρήο

2299 784 2396 856 δην
2433 787 2876 858 ἀνακεκραγότος
2903 788 3041 844 Θεοῦ
3065 807 3080 824 ο
3123 809 3144 842 ι
3199 791 3315 844 Οὐκ
3347 790 3744 846 ἀποθανοῦνται
3783 809 3893 848 πα-

2298 875 2456 948 τέρες
2488 877 2626 949 ὑπὲρ
2653 879 2886 945 τέκνων,
2919 881 3042 934 οὐδὲ
3079 883 3248 936 τέκνα
3279 882 3419 952 ὑπὲρ
3445 881 3720 954 πατέρων,
3759 886 3893 939 ἔκα-

2301 985 2426 1032 στος
2458 972 2526 1041 τῇ
2555 971 2749 1026 ἑαυτοῦ
2781 973 3029 1044 ἁμαρτίᾳ
3057 973 3429 1030 ἀποθανεῖται.
3469 993 3488 1027 ›
3532 975 3671 1028 Ἀλλ’
3694 978 3743 1030 εί
3767 979 3892 1040 ταῖς

2297 1057 2408 1113 τῶν
2441 1060 2694 1130 πατέρων
2715 1061 2933 1117 ἕποιντο
2959 1063 3205 1136 γνώμαις
3239 1067 3289 1120 οί
3318 1065 3378 1132 ἐξ
3405 1066 3609 1133 αὐτῶν,
3637 1069 3735 1123 καὶ
3761 1086 3892 1137 προ-

2298 1149 2524 1220 γονικῆς
2558 1152 2878 1220 δυσσεϐείας
2897 1155 3104 1210 ἔσοιντο
3132 1158 3391 1229 ζηλωταὶ,
3429 1160 3750 1230 παρατείνει
3781 1177 3886 1214 που

2297 1239 2440 1310 τάχα
2471 1243 2567 1296 καὶ
2593 1244 2674 1308 εἰς
2702 1245 2898 1310 αὐτοὺς
2923 1249 2952 1300 ὀ
2979 1247 3166 1318 θυμός.
3195 1247 3314 1303 Κᾶν
3343 1251 3392 1303 εί
3427 1249 3637 1318 γένοιτό
3675 1267 3794 1314 πως
3825 1249 3886 1315 ἐξ

2299 1335 2541 1406 ἐμφύτου
2601 1337 3014 1410 φιλανθρωπίας
3067 1341 3276 1396 ἀνεῖναι
3323 1345 3438 1405 τοῖς
3497 1341 3735 1415 πρώτοις
3790 1341 3885 1396 τὸν

2301 1425 2445 1495 ὑπὲρ
2487 1425 2666 1480 πάντα
2692 1427 2846 1493 Θεὸν,
2895 1428 2955 1482 τὸ
2986 1429 3313 1494 κολάζεσθαι
3347 1432 3480 1499 δεῖν,
3517 1432 3634 1486 ἀλλ’
3667 1429 3760 1486 οὖν
3783 1434 3886 1504 ὀψὲ

2297 1519 2410 1581 τοῖς
2447 1517 2720 1590 δευτέροις
2743 1519 2910 1590 ήγουν
2933 1505 3046 1584 τοῖς
3076 1522 3284 1592 τρίτοις
3313 1523 3512 1592 ἐπάγει
3539 1524 3640 1594 τὴν
3680 1525 3739 1578 ὲν
3778 1526 3884 1598 άρ-

2297 1612 2421 1680 χαῖς
2450 1609 2526 1680 τῷ
2567 1610 2778 1683 βεϐήλῳ
2801 1611 2950 1681 γένει
2976 1599 3296 1684 πρέπουσάν
3316 1633 3375 1668 τε
3409 1615 3504 1668 καὶ
3528 1616 3886 1688 ὀφειλομένην

2297 1701 2490 1774 ὀργήν.
2517 1701 2812 1757 Κατεσόϐει
2837 1703 3013 1758 τοίνυν
3039 1705 3118 1766 είς
3138 1705 3199 1758 τὸ
3225 1706 3510 1776 φοϐεῖσθαι
3535 1707 3610 1778 (l)
3627 1707 3758 1774 δεῖν,
3789 1710 3889 1780 ζη-

2298 1793 2478 1862 λωτὴν
2521 1794 2716 1848 ἑαυτὸν
2744 1795 3026 1866 ὀνομάζων
3069 1797 3232 1850 Θεόν·
3264 1797 3512 1852 ἐϐεϐαίου
3535 1815 3600 1867 γε
3641 1798 3747 1870 μὴν
3793 1802 3888 1853 καὶ

615 1860 869 1932 firmavit,
905 1867 1215 1935 pollicendo
1259 1871 1536 1929 facturum
1587 1891 1646 1931 se
1675 1879 2108 1936 misericordiam
2140 1883 2188 1938 in

2297 1860 2502 1956 ἑτέρως
2531 1886 2612 1950 είς
2643 1887 2825 1941 πίστιν
2839 1860 3052 1951 ἀὐτοὺς
3079 1930 3093 1954 ,
3127 1892 3304 1942 ποιεῖν
3340 1889 3490 1954 ἔλεος
3518 1860 3602 1954 είς
3633 1860 3884 1962 γιλιάδας

613 1951 784 2008 millia
821 1953 887 2009 iis
913 1956 1008 2024 qui
1040 1973 1098 2013 se
1125 1959 1436 2031 diligerent.
1469 1965 1569 2020 llis
1615 1967 1854 2022 vicinum
1881 1980 2202 2040 cognatum-

611 2056 719 2110 que
762 2046 1078 2102 maudatum
1123 2050 1358 2120 adjecit;
1409 2055 1488 2108 ait
1529 2055 1710 2111 enim:
1765 2059 1920 2114 «Non
1962 2062 2198 2132 accipies

609 2146 808 2188 nomen
839 2135 1054 2192 Domini
1081 2140 1177 2194 Dei
1214 2143 1294 2196 tui
1333 2143 1386 2198 in
1413 2161 1617 2200 vanum
1644 2165 1658 2212 ;
1689 2165 1798 2204 non
1826 2151 1972 2206 enim
2006 2153 2196 2209 inson-

609 2228 720 2275 tem
745 2223 972 2280 habebit
991 2228 1259 2286 Dominus
1313 2249 1440 2288 eum
1489 2239 1584 2307 qui
1611 2240 1811 2310 accipit
1849 2257 2048 2298 nomen
2077 2245 2198 2315 ejus

608 2310 666 2366 in
686 2329 889 2370 vanum
919 2318 984 2372 ⁸⁵.
1010 2339 1028 2370 ι
1067 2321 1182 2377 lloc
1215 2327 1464 2381 nonnulli
1506 2328 1802 2398 faciebant,
1829 2333 1993 2404 lignis
2027 2351 2090 2390 ac
2114 2337 2194 2390 la-

607 2403 831 2474 pidibus
867 2409 965 2464 Dei
1003 2415 1426 2484 appellationem
1456 2419 1792 2490 tribuendo;
1826 2403 1893 2478 et,
1916 2425 2051 2480 illud
2098 2443 2198 2481 no-

606 2511 752 2564 men,
786 2502 934 2570 quod
961 2513 1048 2558 est
1074 2521 1244 2577 super
1280 2525 1448 2566 omne
1503 2529 1731 2580 nomen,
1769 2518 1936 2572 stulte
1991 2519 2058 2573 ad
2094 2520 2197 2574 hu-

606 2606 780 2644 manae
800 2607 993 2648 manus
1018 2597 1314 2653 artiﬁcium
1371 2611 1538 2672 atque
1567 2621 1790 2674 operam
1837 2608 2147 2678 dejiciendo
2176 2629 2191 2677 ;

604 2680 673 2734 dc
693 2683 895 2750 quibus
931 2685 1068 2739 dixit
1091 2687 1234 2743 Deus
1263 2705 1362 2760 per
1383 2692 1536 2748 Isaize
1567 2711 1760 2750 vocem
1789 2715 1802 2749 :
1844 2717 1862 2748 ‹
1894 2699 2193 2770 Postquam

603 2771 768 2841 elegit
797 2773 953 2828 faber
979 2775 1213 2847 lignum,
1244 2783 1536 2839 constituit
1563 2786 1696 2840 illud
1729 2787 1785 2841 in
1814 2804 2098 2859 mensura,
2137 2801 2194 2848 et

604 2860 812 2929 glutine
836 2867 1145 2936 composuit
1173 2869 1308 2926 illud
1348 2880 1409 2926 ut
1433 2873 1669 2930 formam
1699 2877 1824 2946 viri,
1861 2885 1917 2934 et
1967 2889 2028 2935 ut
2072 2882 2194 2952 pul-

603 2949 975 3010 chritudinem
1012 2958 1272 3030 hominis,
1328 2973 1388 3020 ut
1417 2975 1685 3024 statueret
1737 2971 1873 3026 illud
1895 2972 1952 3027 in
1991 2949 2188 3044 domo;

602 3044 812 3100 excidit
851 3047 1062 3119 lignum
1087 3067 1117 3107 a
1159 3055 1315 3122 silva,
1351 3059 1498 3128 quod
1533 3061 2105 3134 plantavitDominus,
2135 3075 2193 3122 et

2299 1975 2728 2046 ὑπισχνούμενος
2773 1979 2886 2040 τοῖς
2919 1977 3208 2046 ἀγαπῶσιν
3246 1979 3429 2033 αὐτόν.
3477 1979 3795 2052 Προσετίθει
3827 1981 3886 2034 δὲ

2297 2067 2508 2132 τούτοις
2539 2067 2757 2135 γείτονά
2795 2085 2852 2121 τε
2881 2069 2974 2122 καὶ
3019 2069 3255 2140 ἀδελφὴν
3295 2070 3551 2141 ὲντολήν’
3595 2089 3614 2122 ι
3661 2071 3737 2124 Οὐ
3775 2070 3884 2141 γάρ

2297 2155 2441 2228 λήψῃ
2461 2197 2474 2223 ,
2511 2157 2668 2228 φησὶ,
2699 2157 2760 2210 τὸ
2788 2157 2960 2229 ὄνομα
2997 2159 3203 2231 Κυρίου
3237 2161 3332 2214 τοῦ
3361 2159 3497 2214 Θεοῦ
3527 2179 3622 2214 σου
3655 2161 3745 2215 ἐπὶ
3779 2179 3885 2232 μα-

2295 2250 2436 2320 ταίῳ
2460 2265 2472 2278 ·
2506 2250 2569 2302 οὐ
2598 2249 2707 2320 γάρ
2739 2250 2814 2322 μὴ
2850 2251 3128 2324 καθαρίσῃ
3167 2252 3376 2324 Κύριος
3403 2253 3496 2306 τὸν
3537 2253 3884 2323 λαμϐάνοντα

2297 2343 2357 2395 τὸ
2384 2342 2554 2413 ὄνομα
2574 2341 2737 2396 αὐτοῦ
2767 2343 2858 2396 ἐπὶ
2889 2343 3120 2414 ματαίῳ.
3137 2363 3154 2394 ι
3195 2343 3364 2398 Τοῦτό
3397 2361 3541 2408 τινες
3570 2343 3765 2415 ἔδρων,
3792 2342 3883 2408 ξύ·

2296 2431 2412 2497 λοις
2440 2451 2500 2486 τε
2533 2435 2628 2488 καὶ
2666 2432 2835 2498 λίθοις
2863 2435 2960 2505 τὴν
2999 2435 3094 2488 τοῦ
3121 2434 3258 2504 Θεοῦ
3287 2435 3479 2506 κλῆσιν
3509 2434 3882 2522 ἀνάπτοντες,

2297 2523 2390 2576 καὶ
2418 2525 2510 2576 τὸν
2548 2524 2689 2596 ὑπὲρ
2712 2525 2820 2577 πᾶν
2844 2525 3014 2596 ὄνομα
3045 2525 3507 2596 κατακομίζοντες
3535 2527 3762 2598 ἀμαθῶς
3800 2529 3882 2592 είς

2295 2617 2646 2689 ἀνθρωπίνης
2689 2619 2872 2689 χειρὸς
2903 2617 3276 2689 φιλοτέχνημά
3304 2635 3365 2672 τε
3397 2621 3491 2672 καὶ
3519 2621 3696 2674 πόνον.
3733 2621 3878 2691 Ἔφη

2293 2707 2351 2760 δέ
2382 2725 2484 2762 που
2510 2709 2636 2780 περὶ
2659 2709 2839 2763 αὐτῶν
2859 2709 2946 2763 διὰ
2971 2709 3156 2779 φωνῆς
3185 2711 3409 2764 Ἡσαΐου
3438 2713 3598 2776 Θεός·
3631 2731 3650 2764 ι
3693 2714 3876 2767 Ἐκλε-

2296 2798 2530 2871 ξάμενος
2565 2800 2774 2854 τέκτων
2805 2799 2959 2864 ξύλον
2979 2843 2994 2866 ,
3022 2801 3248 2872 ἔστησεν
3277 2802 3410 2856 αὐτὸ
3444 2805 3500 2856 ὲν
3532 2803 3718 2874 μέτρῳ
3739 2846 3753 2868 ,
3783 2805 3876 2859 και

2293 2892 2353 2945 ὲν
2402 2892 2565 2964 κόλλῃ
2612 2891 2946 2965 ἐρρύθμισεν
2993 2893 3144 2955 αὐτὸ,
3199 2893 3293 2946 καὶ
3336 2892 3591 2964 ἐποίησεν
3634 2894 3768 2950 αὐτὸ
3801 2895 3877 2960 ὡς

2259 2949 2263 2954 Ι
2297 2984 2514 3056 μορφὴν
2539 2949 2760 3055 ’άνδρὸφ
2789 2949 2890 3038 καὶ
2919 2983 3000 3047 ὡς
3021 2949 3332 3056 ὡραιότητα
3353 2949 3642 3055 ἀνθρώπου
3677 2949 3872 3056 στῆσαί

2293 3075 2426 3130 αὐτὸ
2447 3077 2508 3130 ὲν
2534 3076 2667 3147 οἴκῳ
2689 3093 2704 3106 ·
2729 3075 2892 3145 ἔκοψε
2921 3075 3076 3142 ξύλον
3105 3077 3170 3129 ὲκ
3191 3074 3285 3128 τοῦ
3311 3075 3520 3146 δρυμοῦ
3550 3075 3580 3128 δ
3609 3077 3872 3145 ἐφύτευσε

602 3135 782 3192 imber
807 3143 976 3209 auxit,
1011 3155 1072 3200 ut
1095 3147 1166 3202 sit
1198 3149 1518 3210 hominibus
1541 3155 1598 3210 in
1623 3159 2062 3216 eombustionem
2088 3180 2102 3229 ;
2135 3175 2188 3219 et

604 3233 880 3258 ηηΑξηὲ---
920 3238 981 3258 ,1,
1020 3239 1110 3258 .2",
1217 3243 1230 3258 1
1274 3244 1296 3258 ιι
1365 3253 1374 3258 .
1550 3256 1557 3258 _
1888 3253 1902 3258 _

2295 3169 2500 3240 Κύριος
2525 3209 2539 3232 ,
2588 3135 2684 3221 καὶ
2712 3135 2866 3230 ὑετὸς
2918 3135 3214 3237 έμήκυνεν,
3247 3135 3356 3220 ἵνα.
3378 3135 3766 3258 {saepeiam
3793 3169 3875 3258 είς

602 3233 883 3304 accipiens
916 3238 986 3293 ab
1020 3239 1122 3296 'illo
1151 3243 1451 3302 calefactus
1479 3256 1564 3303 est
1589 3267 1602 3302 :
1653 3258 1711 3304 et
1739 3253 2068 3310 accedentes
2091 3271 2187 3311 co-

598 3337 800 3382 xerunt
829 3346 998 3400 panes
1029 3349 1194 3404 super
1222 3336 1354 3406 ipsis
1379 3381 1392 3392 .
1429 3339 1496 3394 de
1532 3341 1746 3412 reliquo
1781 3361 1911 3401 vero
1939 3347 2190 3404 fecerunt

599 3415 753 3481 deos,
771 3429 825 3474 et
861 3422 1092 3478 adorant
1151 3428 1273 3483 illos
1309 3431 1374 3484 ⁸⁸.
1409 3451 1426 3481 ι
1465 3433 1533 3486 Et
1560 3443 1683 3503 post
1727 3437 1870 3491 alia:
1925 3459 1943 3490 ι
1968 3439 2186 3512 Cogno-

600 3509 736 3563 scite
793 3511 920 3579 quia
963 3514 1104 3570 cinis
1151 3526 1236 3572 est
1277 3535 1373 3574 cur
1407 3539 1622 3590 eorum,
1661 3533 1716 3579 et
1762 3536 1948 3583 errant
1969 3531 2036 3584 ⁸⁷.
2069 3550 2087 3584 ι
2119 3532 2184 3586 Hi

599 3599 878 3668 accipiunt
910 3619 1110 3661 nomen
1135 3608 1352 3666 Domini
1397 3614 1452 3668 in
1480 3631 1706 3671 vanum.
1762 3618 2060 3689 Caeterum,
2088 3623 2182 3693 qui

499 3731 505 3739 .
593 3690 708 3760 jam
745 3708 776 3748 e
819 3693 1024 3768 diaboli
1070 3699 1283 3770 laqueis
1301 3704 1574 3773 exierunt
1597 3724 1662 3763 ac
1683 3709 1858 3765 Deum
1881 3728 2071 3768 verum
2093 3730 2185 3769 eo-

599 3794 930 3851 gnoverunt,
963 3787 1122 3859 175
1145 3805 1242 3846 eos
1269 3809 1471 3850 censeo
1495 3813 1603 3851 non
1634 3798 1836 3855 debere
1863 3801 1930 3856 ad
1971 3803 2183 3874 ineptas

603 3869 1002 3943 iutelligentias
1051 3879 1415 3938 claudicando
1451 3884 1581 3949 labi,
1639 3902 1817 3957 neque
1872 3889 1928 3944 in
1976 3890 2078 3945 hac
2125 3908 2182 3947 re

598 3959 926 4031 degenerem
974 3981 1200 4024 sensum
1234 3972 1402 4028 stulte
1435 3979 1749 4046 complecti,
1793 3979 1846 4034 in
1900 3997 2023 4035 eam
2058 3983 2179 4053 opi-

596 4053 819 4109 nionem
849 4057 1137 4127 adductos,
1169 4072 1231 4118 ut
1249 4064 1387 4119 alios
1404 4077 1704 4137 agnoscant
1726 4071 1878 4138 deos,
1907 4081 2004 4127 aut
2031 4083 2182 4131 certe

596 4145 940 4204 arbitrentur
995 4153 1222 4209 omnino
1272 4158 1540 4226 quosdam
1588 4177 1730 4227 esse,
1778 4173 1980 4234 praeter
2051 4183 2179 4222 eum

595 4237 692 4306 qui
763 4256 908 4296 unus
945 4251 1001 4298 et
1032 4261 1200 4302 verus
1237 4248 1328 4304 sit.
1385 4251 1543 4306 «Etsi
1595 4253 1743 4308 enim
1793 4255 2050 4312 dicantur
2099 4258 2177 4314 dii

593 4332 866 4401 nonnulli,
916 4352 981 4392 ac
1013 4339 1242 4409 domini,
1281 4351 1338 4398 et
1368 4344 1424 4399 in
1465 4345 1626 4414 caelo,
1666 4356 1722 4403 et
1764 4349 1822 4404 in
1858 4358 2004 4407 terra
2038 4370 2051 4406 :
2083 4354 2178 4409 sed

593 4422 755 4479 nobis
811 4441 953 4483 unus
981 4431 1146 4500 Deus,
1180 4433 1344 4490 Pater
1368 4452 1586 4508 nempe,
1616 4455 1684 4493 ex
1707 4456 1818 4510 quo
1863 4443 2068 4511 omnia,
2123 4453 2180 4500 et

2297 3258 2514 3323 καῦσιν,
2549 3258 2646 3310 καὶ
2673 3255 2851 3310 λαϐὼν
2891 3255 2985 3310 ἀπ’
3025 3255 3214 3320 αὑτοῦ,
3248 3253 3588 3326 ἐθερμάνθη,
3618 3256 3712 3309 καὶ
3741 3255 3873 3309 καύ-

2295 3367 2486 3413 σαντες
2519 3347 2724 3417 ἔπεψαν
2769 3345 2966 3418 ἄρτους
2994 3348 3080 3400 ἐπ’
3123 3345 3336 3400 αὐτῶν·
3370 3345 3434 3399 τὸ
3457 3344 3514 3398 δὲ
3548 3345 3736 3400 λοιπὸν
3763 3349 3873 3417 sip-

2293 3441 2536 3510 γάσαντο
2563 3439 2644 3502 είς
2666 3438 2851 3504 θεοὺς,
2878 3439 2970 3492 καὶ
3013 3437 3410 3508 προσκυνοῦσιν
3451 3439 3657 3502 αὐτοῖς.
3707 3457 3726 3490 ι
3768 3441 3874 3494 Καὶ

2296 3532 2415 3604 μεθ’
2437 3531 2602 3603 ἕτερα
2623 3547 2638 3562 ο
2666 3549 2684 3582 ι
2713 3528 2914 3595 Γνῶτε,
2945 3529 3028 3582 ὅτι
3056 3529 3248 3592 σποδὸς
3272 3531 3306 3599 ἡ
3338 3529 3530 3599 καρδία
3552 3530 3755 3598 αὐτῶν,
3780 3531 3870 3584 καὶ

2293 3621 2622 3676 πλανῶνται.
2677 3641 2698 3672 ι
2751 3614 2910 3675 Οὗτοι
2945 3617 3283 3688 λαμϐάνουσι
3333 3617 3394 3670 rb
3457 3617 3630 3689 ὄνομα
3667 3619 3871 3690 Κυρίου

2289 3715 2382 3767 ἐπὶ
2415 3712 2651 3784 ματαίῳ.
2709 3709 2848 3764 Ἀλλ’
2883 3705 3040 3780 οἶμαι
3075 3708 3184 3760 δεῖν
3217 3708 3344 3768 τοὺς
3374 3708 3429 3762 οῖ
3446 3705 3517 3777 γε
3559 3709 3745 3762 λοιπὸν
3771 3708 3870 3773 ἔξω

2288 3822 2348 3859 τε
2380 3805 2566 3874 πάγης
2603 3801 2857 3872 γεγόνασι
2897 3799 3211 3870 διαϐολικῆς
3235 3840 3250 3865 ,
3280 3799 3373 3854 καὶ
3411 3799 3546 3853 Θεὸν
3595 3799 3869 3868 ἐγνώκασι

2287 3896 2378 3949 τὸν
2406 3893 2682 3966 ἀληθινὸν,
2715 3891 2788 3963 μὴ
2818 3893 2896 3954 εἰς
2945 3888 3162 3961 ψυχρὰς
3190 3888 3442 3954 ὀκλάζειν
3473 3889 3704 3954 ἑννοίας,
3737 3893 3869 3962 μήτε

2287 3988 2396 4058 μὴν
2437 3986 2498 4038 rb
2539 3985 2762 4054 ἀγεννὲς
2797 3983 2854 4036 ἐν
2890 3999 2954 4051 γε
2992 3981 3058 4052 δὴ
3097 3981 3272 4052 τούτῳ
3318 3983 3486 4054 τιμᾷν
3537 3982 3866 4053 φληνάφως,

2283 4075 2708 4147 ὰνθελκομένους
2723 4077 2802 4138 είς
2824 4073 2886 4127 rb
2905 4073 3013 4126 δεῖν
3035 4072 3258 4144 ἑτέρους
3286 4073 3484 4128 ειδέναι
3503 4073 3679 4140 θεοὺς,
3703 4076 3866 4147 ἧγουν

2283 4167 2492 4222 οἴεσθαί
2521 4183 2674 4230 τινας
2705 4163 2974 4236 ὑπάρχειν
2999 4163 3136 4226 ὅλως
3174 4163 3327 4234 παρὰ
3359 4162 3451 4218 τὸν
3481 4163 3578 4218 ἕνα
3611 4165 3708 4218 καὶ
3732 4165 3864 4236 άλη-

2284 4259 2427 4324 θῶς.
2464 4278 2482 4311 ι
2537 4259 2600 4311 Et
2629 4257 2738 4328 γὰρ
2765 4235 2860 4310 καὶ
2911 4255 3154 4325 λέγοιντό
3185 4272 3330 4318 τινες
3358 4254 3474 4310 θεοὶ
3517 4257 3614 4311 καὶ
3645 4235 3831 4328 κύριοι
3849 4297 3863 4323 ,

2281 4349 2338 4404 ἔν
2363 4366 2424 4404 τε
2455 4347 2532 4420 τῷ
2567 4345 2800 4419 οὐρανῷ,
2843 4347 2939 4400 καὶ
2972 4345 3064 4400 ἐπὶ
3097 4345 3220 4416 γῆς,
3245 4345 3360 4400 ἀλλ’
3385 4347 3518 4417 ἡμῖν
3548 4343 3630 4410 εἷς
3653 4347 3807 4411 Θεὸς,
3837 4348 3867 4399 ὀ

2282 4443 2495 4514 Πατὴρ,
2528 4441 2590 4508 ἐξ
2615 4432 2676 4494 οὗ
2711 4439 2780 4492 τὰ
2807 4439 2984 4494 πάντα
3021 4439 3118 4492 καὶ
3139 4439 3300 4509 ἡμεῖς
3333 4439 3414 4502 είς
3437 4439 3601 4492 αὐτόν
3625 4455 3640 4470 ⁸
3668 4439 3766 4492 καὶ
3785 4433 3867 4502 εἷς

591 4530 694 4578 nos
715 4518 768 4572 in
793 4519 974 4588 illum;
1015 4531 1071 4578 et
1095 4542 1238 4582 unus
1272 4529 1542 4585 Dominus
1577 4531 1738 4589 Iesus
1775 4532 2054 4603 Christus,
2077 4553 2178 4607 per

2289 4535 2482 4606 Κύριος
2519 4531 2724 4604 Ἰησοῦς
2753 4531 3008 4604 Χριστὸς,
3041 4531 3108 4584 δι’
3136 4524 3196 4584 οῦ
3235 4529 3303 4584 τά
3332 4531 3510 4584 πάντα
3535 4574 3550 4598 ,
3583 4531 3680 4585 καὶ
3703 4532 3865 4602 ἡμεῖς

589 4619 754 4674 quem
793 4611 996 4678 omnia,
1023 4625 1079 4670 et
1109 4633 1209 4672 nos
1260 4635 1362 4689 per
1403 4620 1612 4691 ipsum;
1655 4631 1713 4678 et
1760 4641 1904 4680 unus
1935 4627 2176 4696 Spiritus
2215 4680 2232 4687 _

589 4707 834 4767 sanctus,
878 4703 934 4758 in
973 4720 1082 4773 quo
1112 4708 1320 4776 omnia,
1361 4719 1418 4765 et
1465 4727 1568 4768 nos
1614 4713 1670 4768 in
1700 4713 1818 4784 ipso
1837 4716 1902 4770 ⁸⁸.
1934 4737 1952 4768 ι
1983 4718 2174 4790 Neque

588 4788 737 4842 enim
773 4791 1079 4850 divinitatis
1112 4807 1365 4855 naturam
1399 4803 1454 4856 in
1502 4806 1681 4861 solum
1714 4824 1885 4863 unum
1915 4810 2088 4866 Deum
2117 4822 2175 4868 et

587 4879 804 4934 Patrem
827 4883 1054 4940 Judaiee
1079 4893 1505 4963 contrahemus;
1578 4899 1677 4954 sed
1717 4901 1868 4956 illam
1904 4903 2176 4973 quodam-

588 4970 755 5026 modo
799 4972 1079 5032 dilatando
1125 4979 1179 5032 in
1231 4995 1476 5040 sanctam
1533 4970 2170 5066 consubstantialemquc

587 5061 934 5136 Trinitatem,
982 5078 1147 5140 atque
1180 5081 1294 5128 tum
1321 5092 1680 5145 personarum
1735 5086 2024 5154 qualitate,
2053 5061 2167 5144 tum

587 5154 894 5227 hypostasis
918 5163 1257 5232 proprietate
1280 5166 1692 5240 distinguendo,
1727 5176 1784 5230 in
1816 5194 1990 5233 unum
2040 5197 2166 5234 rur-

586 5262 680 5302 sus
735 5251 910 5306 Deum
964 5255 1376 5324 contrahemus,
1425 5270 1650 5331 propter
1694 5267 1941 5322 eamdem
1998 5271 2167 5324 trium

584 5339 980 5413 substantiam;
1013 5347 1190 5418 ctipsi
1220 5350 1548 5415 serviemus,
1578 5354 1871 5427 ipsumque
1902 5361 2166 5417 adorabi-

584 5442 726 5497 mus,
755 5431 1060 5494 invocando
1091 5440 1308 5497 Patrem
1337 5451 1392 5498 et
1427 5444 1625 5501 Filium
1653 5463 1718 5503 ae
1744 5449 2010 5519 Spiritum
2039 5469 2168 5508 san-

585 5525 755 5576 ctum.
799 5541 818 5574 ‹
842 5525 960 5581 Non
985 5531 1132 5586 enim
1171 5547 1353 5604 erunt,
1383 5556 1400 5588 ι
1439 5537 1636 5610 inquit,
1670 5560 1689 5593 ι
1731 5541 1810 5596 dii
1845 5543 1938 5597 alii
1969 5555 2168 5614 praeter

2277 4627 2346 4683 δι’
2373 4624 2539 4681 αὐτοῦ
2566 4641 2578 4654 ·
2619 4626 2713 4680 καὶ
2730 4624 2788 4676 ἒν
2826 4621 3052 4694 Πνεῦμα
3068 4623 3252 4691 ἅγιον,
3280 4623 3340 4676 ὲν
3363 4615 3408 4691 ᾧ
3429 4622 3500 4676 τὰ
3534 4623 3738 4688 πάντα,
3771 4622 3864 4678 καὶ

2278 4723 2440 4791 ἡμεῖς
2471 4721 2530 4773 ὲν
2558 4717 2728 4788 αὐτῷ.
2766 4735 2784 4768 ι
2824 4717 3064 4768 Ἥκιστα
3091 4715 3190 4786 μὲν
3219 4714 3330 4786 γὰρ
3361 4713 3462 4787 τὴν
3486 4715 3585 4784 τῆς
3608 4715 3863 4786 θεότητος

2279 4812 2442 4884 φύσιν
2468 4809 2833 4880 συστελοῦμεν
2867 4808 3189 4872 Ἰουδαϊκῶς,
3218 4809 3296 4871 είς
3317 4807 3475 4878 μόνον
3497 4807 3593 4862 ’ἑὸν
3617 4806 3716 4862 ἕνα
3734 4808 3862 4861 Θεὸν

2277 4906 2373 4960 καὶ
2420 4903 2661 4972 Πατέρα,
2696 4899 3120 4970 κατευρύνοντες
3158 4899 3216 4982 δὲ
3265 4899 3458 4970 ὥσπερ
3499 4901 3583 4963 εἰς
3611 4900 3776 4970 ἁγίαν
3806 4915 3861 4952 τε

2281 4994 2374 5049 καὶ
2408 4992 2695 5065 ὀμοούσιον
2721 4989 2928 5062 Τριάδα
2951 5005 2965 5019 ’
3001 4991 3094 5042 καὶ
3119 4991 3224 5060 μὴν
3251 4990 3346 5044 καὶ
3371 4989 3682 5061 προσώπων
3716 4989 3864 5043 ποιό-

2277 5103 2422 5156 τητι,
2477 5085 2573 5138 καὶ
2620 5083 2975 5146 ὑποστάσεως
3029 5081 3252 5150 ἰδιότητι
3306 5081 3734 5147 διαστέλλοντες,
3786 5084 3862 5143 είς

2274 5180 2372 5233 ἕνα
2407 5177 2472 5249 δὴ
2512 5175 2675 5230 πάλιν
2721 5172 3084 5243 συστελοῦμεν
3119 5173 3271 5236 Θεὸν,
3297 5174 3388 5227 διὰ
3433 5175 3495 5227 τὸ
3539 5175 3641 5245 τῆς
3677 5175 3860 5236 οὐσίας

2271 5269 2484 5330 ταυτὸν,
2507 5267 2600 5322 καὶ
2623 5265 2772 5336 αὐτῷ
2791 5264 3184 5336 λατρεύσομεν.
3210 5265 3358 5334 αὑτῷ
3381 5266 3856 5336 προσκυνήσομεν,

2271 5357 2690 5428 ἐπικαλούμενοι
2711 5356 2802 5409 τὸν
2819 5356 3041 5428 Πατέρα
3062 5356 3258 5409 καὶτὸν
3282 5356 3409 5408 Υίὸν
3432 5357 3528 5410 καὶ
3547 5357 3610 5408 τὸ
3635 5355 3853 5423 Πνεῦμα

2271 5453 2332 5506 τὸ
2351 5451 2527 5519 ἆγιον.
2551 5470 2569 5500 ‹
2595 5451 2669 5502 Ub
2690 5447 2800 5519 γὰρ
2830 5447 3063 5510 ἔσονται,
3093 5467 3111 5498 ι
3143 5447 3297 5517 φησὶ,
3319 5467 3336 5498 ι
3372 5447 3486 5500 θεοὶ
3509 5448 3688 5520 ἕτεροι
3721 5448 3853 5518 πλὴν

2280 5544 2437 5615 ἐμοῦ·
2482 5562 2500 5594 ι
2545 5542 2640 5596 καὶ
2667 5541 2826 5595 πάλιν
2853 5557 2868 5571 ·
2907 5559 2926 5592 ι
2968 5541 3174 5612 Κύριον
3202 5539 3296 5592 τὸν
3324 5539 3456 5592 Θεόν
3490 5557 3583 5593 σου
3619 5557 3853 5613 προσκυ-

653 5703 702 5738 ⁸⁸
724 5705 884 5762 Deut.
914 5722 1055 5773 XXIV.
1093 5714 1178 5770 16.
1258 5718 1304 5750 ⁵⁸
1328 5718 1501 5774 Exod.
1529 5737 1616 5786 xx,
1643 5723 1694 5776 7.
1773 5725 1819 5757 ³⁶
1850 5724 1953 5778 lsa.
1981 5739 2119 5786 κων,
2150 5723 2188 5776 l‘.

2289 5739 2394 5793 sqq.
2465 5723 2507 5754 ⁵⁷
2528 5722 2692 5786 lbid.,
2727 5721 2814 5775 20.
2894 5721 2938 5752 ⁵⁸
2977 5719 3148 5776 lCor.
3176 5734 3290 5784 vnt,
3317 5719 3370 5784 5,
3399 5718 3452 5774 6.

656 5817 738 5891 (l)
774 5821 864 5878 Sic
889 5825 1007 5879 cod.
1036 5827 1152 5882 ναι.
1183 5845 1196 5895 ;
1231 5828 1416 5887 Sirlcti
1447 5841 1648 5902 autem,
1686 5837 1762 5901 εἰς
1787 5836 1844 5891 τὸ
1867 5836 2179 5908 ἐρηρεῖσθαι

2289 5835 2650 5903 ffirmitntcm,
2681 5849 2788 5887 non
2824 5833 2980 5886 male.
