4138 6300
313 384 424 442 M3

1023 381 1113 477 DE
1160 388 1596 447 ADOBATIONE
1637 393 1702 447 ΙΝ
1744 392 2013 450 SPIRITU
2055 393 2144 449 ET
2186 395 2554 453 VERITATE.
2583 398 2710 454 LIB.
2752 401 2838 456 Vl.

3479 405 3592 461 ιιι

310 502 525 573 νήσεις,
568 501 660 554 καὶ
686 500 836 571 αὐτῷ
866 500 1012 573 μόνῳ
1040 504 1375 574 λατρεύσεις.
1421 526 1438 558 ι
1483 508 1700 580 Ἐπειδὴ
1731 509 1791 563 δὲ
1814 504 1894 572 εἷς

1997 524 2084 564 me
2120 509 2199 575 ”;
2236 531 2255 562 ι
2289 512 2588 579 etiterum,
2620 533 2638 565 ι
2668 515 2962 569 Dominum
3010 517 3181 573 Deum
3207 525 3363 573 tuum
3386 518 3589 575 adora-

315 593 419 662 μὲν
453 590 571 655 ἐστι
602 591 737 654 Θεὸς
764 593 791 645 ό
825 592 1042 664 Πατὴρ,
1075 589 1156 657 εἷς
1185 595 1242 649 δὲ
1273 596 1477 666 Κύριος
1504 600 1532 651 ὁ
1570 599 1715 663 Υἱὸς,
1763 598 1820 652 ἓν
1844 600 1901 652 δὲ

314 680 541 751 Πνεῦμα
568 680 722 749 ἅγιον
745 683 1093 752 ἑκπορευτὸν,
1115 683 1238 738 οὔτε
1263 685 1355 739 τὸν
1377 687 1472 741 ἕνα
1495 687 1626 742 Θεὸν
1646 688 1745 759 τῆς
1765 690 1866 760 ἀλη
1882 719 1903 730 -

313 770 443 832 θοῦς
495 771 818 841 κυριότητος
858 771 1172 840 ἐξοίσομεν*
1227 772 1353 827 οὐτε
1401 776 1507 846 μὴν
1552 776 1641 829 τὸν
1685 776 1901 845 ἀληθῶς

294 863 303 866 “
326 860 422 913 καὶ
449 858 611 927 φύσει
632 860 857 929 Κύριον,
893 861 984 914 τοῦ
1013 861 1155 916 εἶναι
1183 862 1314 916 Θεὸν
1347 864 1702 935 ἐκπέμψομεν
1728 883 1741 897 '
1765 865 1891 935 ἕψε-

312 967 403 1002 ται
431 949 540 1020 γάρ
570 949 783 1020 θεότητι
829 951 928 1019 μὲν
955 952 1171 1016 παντως
1205 955 1270 1023 τῇ
1306 954 1454 1007 κατά
1493 953 1656 1022 φύσιν
1677 994 1691 1018 ,
1722 956 1755 1024 ἡ
1796 972 1899 1008 κυ-

316 1037 535 1108 ριότης·
593 1037 877 1109 κυριότητι
917 1039 973 1092 δὲ
1014 1036 1079 1094 αὖ
1120 1044 1187 1112 τῇ
1226 1045 1347 1095 κατ’
1379 1043 1667 1114 ἀλήθειαν,
1704 1047 1738 1115 ή
1795 1044 1896 1114 τῆς

316 1125 569 1195 θεότητος
599 1126 749 1191 δόξα.
1548 1120 1573 1155 ί¹

391 1308 591 1363 ΠΑΛΛ.
644 1309 942 1379 Ὀρθότατά
997 1327 1059 1378 γε
1121 1313 1214 1365 καὶ
1280 1314 1363 1366 ὅτι
1425 1316 1660 1384 μάλιστα
1714 1319 1896 1387 σοφῶς

308 1400 470 1471 Ern;-

383 1491 546 1546 ΚΥΡ.
581 1493 712 1547 Ἕνα
744 1493 807 1564 δὴ
836 1490 950 1559 οὖν,
985 1495 1272 1564 Παλλάδιε,
1308 1497 1441 1551 Θεὸν
1481 1501 1758 1570 εἰσόμεθα,
1799 1503 1895 1555 καὶ

308 1584 398 1638 ἐπ’
454 1584 603 1655 αὐτῷ
653 1586 713 1637 τὸ
747 1585 971 1655 σύμπαν
1010 1587 1206 1641 οὐδένα
1257 1590 1755 1662 καταλογιούμεθα,
1790 1594 1892 1666 τὴν

308 1675 524 1727 ἀνόσιόν
553 1692 612 1728 τε
664 1676 759 1729 καὶ
812 1676 1038 1746 βέϐηλον
1074 1678 1354 1748 δίψυχίαν,
1405 1680 1481 1743 ὡς
1516 1680 1751 1744 ἀλαζόνα
1798 1683 1893 1735 καὶ

310 1767 630 1839 ὐδρίστριαν
660 1768 895 1839 ἀληθῶς,
929 1770 1203 1822 ἀπωτάτω
1226 1770 1535 1840 ποιούμενοι
1558 1772 1658 1842 τῆς
1682 1773 1890 1826 ἑαυτῶν

306 1858 509 1929 ψυχῆς,
548 1858 632 1911 ἵνα
665 1858 738 1929 μὴ
765 1859 858 1910 καὶ
891 1860 1021 1929 ἡμῖν
1053 1860 1236 1922 αὐτοῖς
1262 1860 1406 1930 ἱερὸς
1430 1861 1676 1931 ὲπιφωνῇ
1713 1861 1889 1929 λόγος·
1931 1855 1969 1908 Β

313 1970 330 1998 ι
378 1952 522 2015 Ἕως
552 1952 685 2005 πότε
711 1953 1005 2021 χωλανεῖτε
1036 1953 1122 2006 ἐπ’
1146 1954 1486 2023 ἀμφοτέραις
1506 1956 1627 2016 ταῖς
1657 1953 1895 2023 ίγνύαις;

306 2041 339 2110 ἦ
374 2041 524 2093 Βάαλ
554 2040 722 2106 Βάαλ,
753 2041 787 2111 ἢ
812 2040 930 2109 Θεῷ
964 2040 1135 2108 Θεῷ.)
1183 2042 1567 2112 Μονοτρόπους
1591 2044 1700 2113 γὰρ
1726 2045 1893 2113 ἡμᾶς,

302 2131 404 2200 οὐχ
460 2131 822 2201 ὲτερόφρονας
886 2130 979 2184 καὶ
1049 2131 1519 2201 σεσαλευμένους,
1572 2135 1653 2195 είς
1718 2133 1755 2188 ἀ
1820 2134 1895 2205 μὴ

306 2223 588 2292 προσῆκεν
639 2222 970 2293 ἑτοιμότατα
1014 2224 1460 2293 μεταπίπτοντας
1501 2226 1734 2296 ὁρᾶσθαι
1772 2228 1897 2299 δεή-

304 2332 423 2369 σει’
457 2316 533 2379 ὡς
565 2315 627 2369 τό
652 2333 735 2369 τοι
761 2315 1021 2385 χωλεύειν
1052 2316 1139 2369 ἐπ’
1169 2318 1337 2387 ἄμφω
1360 2320 1452 2372 καὶ
1484 2320 1894 2374 καταδονείσθαι

303 2407 502 2476 φιλεῖν,
537 2409 706 2478 φαίην
736 2407 802 2461 ἂν
830 2408 1005 2477 ἔγωγε
1037 2409 1146 2461 τῶν
1180 2410 1259 2463 ὅτι
1291 2410 1528 2479 μάλιστα
1558 2412 1895 2465 δυσαθεωτά-

300 2513 437 2550 των.
486 2497 598 2552 Καὶ
631 2498 762 2566 γοῦν
804 2498 898 2552 καὶ
939 2499 966 2549 ό
1002 2499 1169 2551 πάλαι
1195 2501 1358 2569 νόμος
1403 2500 1619 2572 Θανάτῳ
1663 2504 1891 2573 τιμᾶται

299 2587 396 2641 τὸν
430 2587 532 2641 οὐκ
577 2588 832 2658 ἀσφαλῆ,
865 2588 1001 2658 φησὶ
1040 2590 1150 2659 γάρ
1175 2606 1187 2619 ·
1250 2608 1269 2641 ι
1329 2591 1387 2642 ’0
1430 2590 1703 2653 θυσιὰζων
1751 2592 1892 2654 θεοῖς

301 2680 858 2751 ἑξολοθρευθήσεται,
895 2681 1034 2749 πλὴν
1078 2682 1489 2753 Κυρίῳμόνῳ.
1540 2701 1560 2734 ι
1600 2683 1890 2754 Τοιγάρτοι

302 2774 407 2845 τῆς
451 2773 603 2838 θείας
650 2772 1081 2843 κατεπαίρεσθαι
1127 2773 1321 2843 δόξης,
1355 2775 1448 2827 καὶ
1493 2774 1561 2828 τά
1606 2776 1743 2845 αὐτῇ
1794 2777 1891 2830 καὶ

305 2867 447 2938 μόνῃ
482 2867 759 2935 διανέμειν
805 2866 1107 2935 πρέποντα,
1144 2867 1445 2937 ἐπιχειρεῖν
1491 2862 1572 2930 οἷς
1607 2866 1672 2921 ἂν
1715 2867 1889 2921 ἕλοιτὸ

302 2977 408 3024 τις,
439 2961 533 3012 καὶ
563 2957 780 3029 τοῖς”μὴ
819 2958 978 3028 φύσει
1018 2959 1338 3029 χαρίζεσθαι
1364 2959 1523 3022 θεοῖς,
1562 2960 1889 3031 νοσημάτων

305 3051 608 3121 αἴσχιστον,
672 3052 873 3123 μᾶλλον
923 3050 979 3103 δὲ
1035 3051 1353 3115 δυσσεϐείας
1413 3051 1479 3105 ἂν
1528 3052 1740 3121 γένοιτο
1790 3053 1888 3123 τῆς

302 3143 541 3213 ἐσχάτης
573 3142 824 3213 ἔγκλημα
862 3143 953 3196 καὶ
996 3144 1206 3214 γραφή.
1263 3142 1636 3214 Ἀπηλλάχθαι
1686 3144 1749 3214 δὴ
1793 3141 1886 3197 οὖν

301 3234 414 3288 τῶν
444 3234 699 3286 τοιούτων
723 3233 961 3303 ἀνάγκη,
993 3233 1085 3287 τόν
1113 3250 1172 3302 γε
1194 3231 1269 3296 ὡς
1297 3233 1510 3301 ἀληθῶς
1538 3234 1761 3305 γνήσιον
1796 3235 1890 3286 καί

301 3324 548 3395 θεοφιλῆ,
582 3325 678 3378 καὶ
707 3326 826 3394 οὐχὶ
863 3324 929 3395 δὴ
964 3324 1125 3395 μόνον
1161 3323 1607 3397 ἀποκαθαίροντα
1631 3325 1728 3395 τὴν
1757 3342 1891 3395 καρ-

299 3415 441 3477 δίαν,
472 3416 606 3469 ἀλλά
646 3415 770 3486 μηδ’
793 3416 915 3469 ὅσον
946 3416 1119 3468 εἰπεῖν
1162 3415 1248 3467 διὰ
1277 3414 1532 3482 γλώσσης
1568 3414 1718 3468 ἱέντα
1762 3414 1889 3467 ποτὲ

298 3508 363 3560 τὸ
397 3507 612 3561 εἴδωλον
666 3508 818 3576 δνομ.
887 3508 1201 3578 Γέγραπται
1235 3507 1373 3578 γάρ,
1413 3508 1493 3559 ὅτι
1529 3526 1547 3559 ι
1584 3508 1692 3560 Καὶ
1724 3506 1892 3576 ὄνομα

299 3597 445 3650 θεῶν
469 3599 673 3669 ἐτέρων
699 3599 797 3652 οὐκ
815 3585 1322 3670 ἀναμνησθήσεσθε,
1345 3598 1455 3652 οὐδ’
1473 3600 1534 3651 οὐ
1555 3600 1628 3669 μὴ
1648 3598 1890 3669 ἀκουσθῇ

301 3692 370 3743 ὲκ
400 3689 498 3742 τοῦ
532 3691 797 3761 στόματος
834 3691 1013 3762 ὑμῶν.
1065 3710 1084 3742 ι
1136 3693 1201 3742 "A
1243 3691 1351 3760 γὰρ
1397 3690 1619 3760 αἰσχρὸν
1657 3690 1891 3757 εἰδέναι,

299 3782 484 3835 λαλεῖν
511 3784 611 3835 οὐκ
640 3784 892 3854 ἀζήμιον.
929 3776 1190 3852 Πανταχῆ
1221 3782 1276 3835 δὲ
1297 3782 1358 3834 τὸ
1385 3785 1442 3834 ὲν
1464 3782 1644 3834 πίστει
1672 3784 1893 3852 γνήσιον

300 3878 470 3947 τιμᾷν
520 3876 866 3946 ᾑρημένους,
907 3874 1316 3945 διαμεμνῆσθαι
1350 3875 1616 3944 προσήκει
1657 3872 1750 3925 τοῦ
1788 3890 1892 3941 μα-

302 3968 498 4038 καρίου
546 3966 754 4020 Παύλου
807 3966 1110 4037 γράφοντος
1164 3960 1304 4019 ὧδε’
1366 3984 1385 4017 ι
1452 3964 1738 4018 Ἀδύνατον
1784 3964 1891 4035 γὰρ

302 4064 428 4125 τοὺς
459 4061 608 4127 ἅπαξ
654 4060 1102 4130 πεφωτισμένους
1126 4100 1140 4124 ,
1185 4060 1279 4112 καὶ
1320 4058 1481 4112 καλὸν
1523 4059 1893 4130 γευσαμένους

302 4154 435 4206 Θεοῦ
456 4156 628 4224 ῥῆμα,
660 4153 918 4223 δυνάμεις
952 4169 1010 4204 τε
1044 4151 1331 4222 μέλλοντος
1355 4150 1570 4215 αἰῶνος,
1596 4152 1690 4204 καὶ
1713 4168 1892 4222 παρα-

311 4247 604 4311 πεσόντας,
634 4245 797 4297 πάλιν
814 4244 1187 4308 ἀνακαινίζειν
1206 4246 1285 4306 είς
1310 4244 1622 4314 μετάνοιαν.
1659 4262 1677 4295 ι
1701 4245 1761 4296 Οἱ
1785 4243 1893 4314 γάρ

304 4337 454 4401 ἅπαξ
489 4339 571 4401 είς
603 4336 902 4407 μετάληψιν
930 4336 1029 4406 τῆς
1069 4336 1320 4407 οὐρανίου
1353 4337 1448 4388 καὶ
1490 4335 1638 4398 θείας
1674 4336 1894 4403 ἐνηνεγ-

309 4429 459 4499 μένοι
493 4430 740 4499 χάριτος,
780 4429 867 4482 διά
893 4445 957 4496 γε
1001 4428 1095 4481 τοῦ
1136 4429 1295 4496 ἁγίου
1329 4427 1700 4497 βαπτίσματος
1725 4468 1738 4490 ,
1773 4429 1893 4479 ἀνα-

2004 602 2111 669 bis,
2137 613 2195 658 et
2220 605 2323 674 ipsi
2350 605 2454 659 soli
2473 606 2682 662 servies
2707 606 2773 660 ‘°.
2810 626 2827 658 ι
2869 606 3142 673 Quoniam
3176 625 3310 665 vero
3344 625 3488 665 unus
3502 619 3595 665 est

2000 692 2166 759 Deus,
2184 692 2384 761 Pater;
2420 703 2480 749 et
2508 711 2652 750 unus
2673 696 2957 761 Dominus,
2988 698 3179 765 Filius,
3206 707 3263 755 et
3294 716 3437 755 unus
3461 700 3587 771 Spi-

2000 783 2144 838 ritus
2169 793 2415 850 sanctus,
2446 787 2773 856 procedens,
2808 804 2989 856 neque
3018 804 3188 844 unum
3221 791 3395 845 Deum
3430 792 3590 846 illum

1999 891 2068 930 ex
2111 892 2238 931 vera
2281 876 2658 933 dominatione
2702 879 3003 947 pellemus;
3059 896 3240 950 neque
3289 896 3420 935 eum
3483 881 3581 951 qui

1997 982 2127 1023 vere
2164 983 2228 1022 ac
2282 976 2481 1024 natura
2510 970 2782 1024 Dominus
2808 980 2912 1037 est,
2947 972 3325 1038 excludcmus,
3362 973 3585 1043 quomi-

1996 1074 2103 1113 nus
2124 1059 2196 1113 sit
2234 1060 2380 1115 Deus
2404 1079 2416 1114 :
2449 1076 2574 1116 nam
2603 1061 2977 1128 divinitatem,
3001 1078 3124 1132 quae
3159 1064 3464 1119 secundum
3481 1081 3586 1123 na-

1999 1159 2177 1206 turam
2209 1163 2313 1219 est,
2370 1154 2730 1222 consequitur
2769 1153 2996 1208 omnino
3039 1154 3381 1222 dominatio;
3410 1155 3590 1212 domi-

1995 1241 2276 1295 nationem
2304 1258 2497 1297 rursus
2518 1258 2726 1308 veram,
2754 1242 3062 1297 divinitatis
3088 1244 3283 1313 gloria.

2067 1333 2263 1389 PALL.
2308 1335 2632 1391 Rectissime
2678 1351 2709 1390 a
2760 1343 2813 1390 te
2844 1343 2928 1391 est
2968 1351 3033 1390 ac
3065 1336 3469 1405 sapientissime
3496 1336 3588 1394 di-

1996 1435 2168 1481 ctum.

2066 1517 2411 1574 CYR.Unum
2442 1519 2793 1589 igiturDeum
2817 1533 3199 1588 agnoscemus,
3221 1518 3452 1585 Palladi,
3484 1535 3590 1578 ne-

1996 1610 2201 1664 minem
2229 1612 2457 1664 omnino
2491 1626 2616 1664 cum
2646 1610 2743 1664 illo
2781 1610 3217 1675 recensebimus,
3244 1611 3590 1681 impiumque

1994 1719 2057 1757 ac
2110 1701 2380 1755 nefarium
2437 1702 2676 1770 duplicis
2701 1701 2872 1756 animi
2901 1700 3118 1766 vitium,
3158 1711 3220 1757 ut
3261 1702 3590 1772 arrogantia:

1995 1810 2057 1848 ac
2079 1793 2354 1862 superbiae
2380 1794 2627 1862 plenum,
2647 1793 2965 1862 longissime
2994 1809 3024 1846 a
3045 1800 3234 1847 nostro
3263 1793 3448 1846 animo
3485 1793 3587 1847 ab-

1995 1885 2267 1955 jieiemus,
2308 1900 2378 1938 ne
2407 1883 2672 1937 adversus
2734 1899 2836 1937 nos
2877 1884 3027 1953 ipsos
3076 1899 3261 1939 sermo
3301 1900 3457 1939 sacer
3503 1886 3590 1952 in-

1999 1978 2235 2032 clamet:
2272 1996 2289 2028 ι
2318 1976 2616 2046 Quousque
2662 1976 3061 2031 claudicabitis.
3110 1986 3348 2047 utroque
3394 1977 3587 2048 popli-

2000 2069 2090 2124 te?
2128 2075 2226 2122 aut
2277 2069 2405 2123 Baal
2443 2069 2589 2135 Baal,
2652 2076 2749 2122 aut
2782 2068 2897 2122 Deo
2958 2068 3070 2123 Deo
3094 2068 3158 2121 “.
3194 2088 3213 2120 ι
3255 2068 3586 2123 Constantes

1993 2162 2144 2216 enim
2172 2176 2275 2215 nos
2301 2177 2421 2216 esse
2450 2169 2688 2230 oportet,
2705 2176 2817 2215 non
2854 2161 3079 2226 diversa
3093 2161 3394 2216 sentientes
3422 2170 3587 2231 atque

1994 2250 2343 2313 ﬂuctuantes,
2368 2259 2423 2304 et
2444 2251 2511 2304 ad
2534 2267 2598 2305 ea
2615 2267 2736 2320 quae
2755 2252 2982 2306 minime
3009 2253 3290 2317 convenit,
3318 2251 3586 2307 facillime

1995 2351 2346 2398 transeuntes
2379 2361 2391 2395 :
2423 2358 2547 2396 nam
2577 2343 2888 2398 claudicare
2921 2344 2977 2396 in
3024 2352 3317 2414 utramque
3373 2354 3585 2416 partem

1995 2450 2059 2489 ac
2085 2434 2373 2497 tluctuare,
2401 2450 2525 2488 mea
2555 2435 2786 2503 quidem
2815 2434 3109 2499 sententia,
3139 2435 3370 2505 impium
3408 2445 3493 2491 est
3521 2437 3578 2489 in

1993 2526 2205 2598 primis.
2240 2528 2428 2596 Itaque
2457 2536 2618 2582 vetus
2633 2542 2852 2597 quoque
2870 2526 2961 2582 lex
2978 2534 3157 2581 morte
3177 2528 3373 2581 multat
3390 2529 3586 2582 incon-

1993 2627 2272 2683 stantem;
2310 2618 2387 2671 ait
2433 2619 2581 2673 enim
2613 2635 2633 2671 εΔ
2661 2638 2680 2669 ι
2708 2618 3033 2675 Sacriﬁcans
3085 2620 3192 2675 diis
3237 2619 3585 2676 extermina-

1992 2709 2160 2775 bitur,
2209 2709 2317 2764 nisi
2368 2710 2603 2765 Domino
2655 2712 2758 2766 soli
2793 2713 2868 2765 ἐς
2898 2731 2914 2763 ι
2944 2726 3074 2766 nam
3134 2713 3402 2768 adversus
3441 2713 3584 2767 divi-

1993 2816 2120 2856 nam
2147 2800 2380 2872 gloriam
2420 2801 2581 2872 erigi,
2629 2808 2686 2856 et
2717 2817 2839 2871 quae
2881 2802 2960 2856 illi
3019 2817 3084 2857 ac
3129 2802 3230 2857 soli
3288 2802 3582 2857 tribuenda

1992 2898 2140 2958 sunt,
2164 2907 2229 2946 ea
2261 2906 2559 2961 quemque,
2612 2893 2816 2961 quibus
2850 2895 3002 2960 velit,
3028 2902 3084 2950 et
3130 2894 3198 2949 iis
3241 2894 3336 2964 qui
3388 2901 3584 2950 natura

1992 2983 2068 3038 dii
2092 2998 2203 3038 non
2225 2991 2373 3048 sunt,
2412 2985 2572 3054 176
2595 2983 2801 3039 audere
2835 2985 3042 3055 largiri,
3079 2986 3257 3040 morbi
3298 3001 3473 3056 genus
3498 2993 3587 3041 est

1991 3073 2238 3127 omnium
2283 3073 2688 3140 turpissimum,
2734 3072 2848 3127 imo
2894 3089 3031 3128 vero
3074 3083 3338 3129 extremae
3384 3074 3585 3144 impie-

1919 3204 1963 3262 C
1996 3163 2125 3218 tatis
2187 3164 2347 3233 culpa
2383 3171 2546 3231 atque
2578 3164 2808 3217 crimen.
2853 3163 2936 3218 Ab
2967 3164 3238 3234 ejusmodi
3283 3164 3467 3233 itaque
3496 3164 3583 3218 vi-

1996 3255 2087 3310 tiis
2114 3270 2242 3309 eum
2276 3255 2470 3308 abesse
2494 3269 2720 3308 necesse
2749 3261 2853 3319 est,
2889 3255 2982 3324 qui
3018 3270 3145 3310 vere
3198 3255 3454 3310 sincerus
3511 3257 3585 3311 sit

1993 3359 2049 3405 et
2076 3348 2175 3404 Dei
2199 3355 2445 3402 amator:
2470 3361 2650 3416 neque
2684 3346 2864 3400 solum
2882 3356 3177 3417 purgatum
3211 3362 3308 3401 cor
3348 3347 3580 3414 habere,

1994 3441 2091 3497 sed
2120 3457 2189 3495 ne
2224 3440 2390 3494 fando
2421 3438 2666 3508 quidem,
2716 3454 2747 3494 e
2800 3438 2986 3508 lingua
3035 3436 3291 3493 emittere
3338 3454 3581 3507 unquam

1995 3533 2128 3587 idoli
2156 3547 2379 3586 nomen.
2436 3530 2714 3600 Scriptum
2743 3538 2828 3585 est
2860 3531 3011 3585 enim
3051 3546 3063 3581 :
3106 3549 3124 3580 ι
3150 3530 3402 3587 Nominis
3447 3530 3583 3585 deo-

1995 3640 2117 3678 rum
2147 3624 2379 3677 aliorum
2402 3637 2511 3676 non
2550 3637 2824 3677 memores
2876 3621 3053 3686 eritis,
3105 3637 3288 3691 neque
3327 3622 3584 3677 audietur

1995 3731 2062 3769 ex
2115 3730 2211 3767 ore
2236 3722 2422 3767 vestro
2448 3712 2512 3765 ⁸³.
2544 3730 2562 3762 ι
2605 3711 2738 3766 Nam
2778 3727 2899 3780 qua:
2938 3711 3144 3766 sentire
3193 3722 3355 3782 turpe
3383 3722 3486 3777 est,
3514 3728 3582 3769 ea

1993 3804 2143 3874 loqui
2167 3813 2250 3858 est
2274 3804 2440 3858 etiam
2473 3804 2799 3858 damnosum
2830 3821 2842 3855 :
2880 3811 2936 3857 et
2967 3802 3061 3872 qui
3083 3803 3289 3872 ubique
3318 3803 3441 3859 ﬁdei
3471 3804 3583 3858 sin-

1993 3897 2281 3953 ceritatem
2312 3897 2494 3951 colere
2517 3895 2888 3960 decreverint,
2940 3909 3037 3949 eos
3061 3895 3379 3961 meminisse
3410 3910 3581 3965 opor-

1995 3996 2074 4044 tet
2100 3988 2244 4043 beati
2300 3988 2476 4050 Pauli,
2524 3987 2593 4041 ad
2630 3987 2777 4041 hunc
2815 3986 3038 4039 modum
3067 3986 3391 4041 scribentis:
3423 4004 3442 4036 ι
3470 3986 3580 4040 lm-

1993 4079 2253 4148 possibile
2276 4086 2360 4133 est
2381 4077 2531 4132 enim
2579 4093 2677 4132 eos
2720 4078 2814 4147 qui
2860 4077 3051 4132 semel'
3088 4076 3383 4131 illuminati
3428 4085 3575 4141 sunt,

1994 4176 2051 4223 et
2104 4176 2464 4239 gustaverunt
2514 4167 2720 4221 bonum
2764 4165 2861 4220 Dei
2920 4165 3187 4228 verbum,
3236 4163 3579 4229 virtutesque

1996 4257 2179 4311 saeculi
2207 4257 2403 4321 futuri,
2429 4266 2486 4312 et
2524 4256 2770 4326 prolapsi
2800 4264 2950 4321 sunt,
2986 4270 3187 4308 rursus
3214 4250 3473 4306 renovari
3510 4249 3581 4304 ad

1994 4348 2375 4417 pmnitentiam
2407 4350 2502 4401 ⁸⁵.»
2526 4348 2684 4410 Nam,
2714 4346 2807 4415 qui
2843 4362 2942 4415 per
2968 4352 3220 4399 sanctum
3246 4342 3580 4410 baptismum

1996 4437 2166 4490 semel
2199 4437 2267 4490 ad
2315 4436 2557 4489 cmlestis
2604 4450 2669 4488 ac
2720 4433 2922 4487 divinae
2946 4431 3135 4501 gratiae
3169 4430 3580 4499 perceptionem

308 4520 553 4583 στάσεώς
581 4538 640 4573 τε
664 4521 812 4590 πέρι,
839 4521 931 4574 καὶ
957 4520 1058 4588 τῆς
1086 4520 1178 4571 τοῦ
1223 4518 1463 4590 Χριστοῦ
1507 4519 1782 4589 βασιλείας
1803 4519 1894 4572 τὸν

1997 4529 2256 4598 perducti
2294 4538 2441 4594 sunt,
2501 4536 2556 4580 et
2589 4526 2656 4580 de
2688 4525 3094 4580 resurrectione
3137 4538 3201 4577 ac
3251 4521 3319 4576 de
3377 4520 3579 4576 Christi

306 4614 479 4685 ἀληθῆ
521 4616 615 4668 καὶ
664 4613 928 4678 ζωοποιὸν
959 4611 1393 4682 παραδεξάμενοι
1422 4611 1598 4678 λόγον,
1632 4611 1680 4662 εί
1704 4611 1891 4663 παλιν-

306 4706 534 4776 δρομεῖν
571 4705 775 4758 ἕλοιντο
798 4704 956 4774 πρὸς
989 4704 1049 4755 τὸ
1083 4705 1139 4758 ἐν
1175 4704 1370 4773 ἀρχαῖς
1394 4743 1407 4767 ,
1444 4703 1537 4755 καὶ⁵
1571 4702 1725 4756 νόσον
1762 4702 1894 4753 ὐπο-

306 4797 534 4867 δραμεῖν
572 4795 672 4866 τὴν
713 4795 960 4866 πρώτην,
1001 4795 1102 4848 οὐκ
1156 4792 1706 4862 ἀνακαινισθήσονται
1757 4792 1893 4860 πρὸς

307 4889 653 4962 καθαρισμὸν
680 4889 768 4943 διά
799 4888 1053 4957 δευτέρου
1100 4884 1501 4957 βαπτίσματος·
1541 4903 1559 4934 ι
1611 4884 1684 4936 Οὐ
1722 4882 1828 4953 γάρ
1859 4884 1892 4953 ἡ

307 4983 487 5037 αὐτῶν
527 4983 754 5036 ἀπιστία
808 4983 905 5051 τὴν
935 4980 1116 5033 πίστιν
1148 4979 1244 5031 τοῦ
1278 4976 1412 5030 Θεοῦ
1448 4977 1809 5046 καταργήσει,
1861 4993 1878 5025 ι

308 5078 452 5131 καθά
477 5094 643 5147 φησιν
673 5078 700 5129 ὁ
732 5074 1018 5137 θεσπέσιος
1045 5073 1274 5135 Παῦλος.
1308 5071 1441 5123 Οὐδὲ
1468 5071 1698 5139 ἐπείπερ
1727 5085 1897 5122 κατα·

308 5167 692 5239 πεφρονήκασί
716 5185 858 5229 τινες
876 5167 1064 5219 ἀνόπιν
1099 5166 1265 5228 ἰόντες
1280 5165 1376 5234 τῆς
1403 5162 1550 5226 θείας
1566 5163 1808 5233 χάριτος,
1838 5162 1898 5215 τὸ

307 5262 565 5315 ἀϐέϐαιον
615 5262 1082 5331 καταγράψομεν·
1134 5260 1348 5320 ποιναῖς
1375 5257 1431 5308 δὲ
1474 5254 1674 5326 μᾶλλον
1715 5258 1742 5308 ὁ
1788 5255 1897 5307 τῶν

306 5353 442 5406 ὅλων
495 5353 761 5422 ὑποθήσει
812 5349 1007 5422 κριτὴς
1060 5352 1184 5412 τοὺς
1235 5351 1314 5411 είς
1361 5348 1518 5402 τοῦτο
1556 5348 1893 5402 κατολισθεῖν

306 5444 623 5507 δυσσεϐείας
655 5445 714 5495 οὐ
744 5441 1234 5510 παραιτουμένους,
1263 5440 1338 5502 ὡς
1362 5441 1450 5492 τὸν
1482 5441 1608 5495 Υίὸν
1632 5441 1726 5494 τοῦ
1757 5440 1890 5493 Θεοῦ

307 5535 696 5602 καταπατῆσαι
735 5535 829 5588 καὶ
872 5534 928 5586 τὸ
957 5529 1096 5601 αἷμα
1124 5531 1222 5601 τῆς
1249 5531 1511 5602 διαθήκης
1545 5534 1720 5585 κοινὸν
1758 5535 1893 5602 ἡγή-

309 5626 502 5680 σασθαι
523 5668 539 5693 ,
571 5627 671 5689 καὶ,
694 5626 754 5677 τὸ
787 5623 1010 5694 Πνεῦμα
1039 5623 1138 5690 τῆς
1185 5623 1402 5691 χάριτος
1436 5623 1729 5693 ἐνυϐρίσαι,
1768 5625 1824 5677 ἐν
1850 5618 1894 5690 ᾧ

376 5744 421 5773 ⁵³
446 5739 622 5794 Exod.
649 5756 738 5800 xx,

313 5813 356 5842 "
392 5813 555 5867 ilclir.
587 5827 694 5873 xvr,
724 5811 841 5863 443.
922 5808 964 5835 ’⁵
998 5806 1153 5857 [ὶιιιιι.
1187 5805 1338 5865 "1,3.

895 5738 938 5767 ⁸ο
966 5737 1122 5787 Deut.
1152 5735 1321 5795 x,20;
1351 5734 1538 5790 Matth.
1566 5753 1635 5799 Iv,
1666 5738 1742 5789 l0.
1782 5738 1822 5767 ⁶¹
1852 5736 1917 5791 Ill
1940 5737 2071 5803 Reg.
2104 5753 2248 5800 xvm,
2273 5736 2361 5788 ει.

2000 4636 2169 4688 regno
2200 4634 2391 4673 verum
2414 4634 2477 4672 ac
2504 4618 2728 4671 vitalem
2781 4628 3094 4669 sermonem
3126 4621 3460 4682 acceperunt
3486 4627 3498 4663 :
3532 4610 3579 4665 si

2000 4713 2065 4765 ad
2095 4720 2340 4765 veterem
2382 4718 2588 4764 statum
2643 4721 2957 4771 recurrere,
3013 4705 3377 4773 morbumque
3428 4701 3581 4771 prio-

2002 4819 2116 4855 rem
2148 4802 2334 4855 subire
2370 4801 2664 4867 voluerint,
2704 4799 2823 4853 ﬁeri
2850 4814 2959 4853 non
3002 4804 3183 4867 potest
3233 4803 3295 4849 ut
3337 4791 3580 4848 secundo

2001 4895 2331 4963 baptismate
2388 4892 2457 4946 ad
2524 4891 2909 4963 purgationem
2964 4894 3344 4943 renoventur:
3394 4904 3413 4936 ι
3457 4884 3579 4947 Non

1997 4987 2143 5040 enim
2181 4986 2401 5039 illorum
2438 4982 2734 5038 inﬁdelitas
2756 4983 2916 5036 (idem
2939 4981 3035 5035 Dei
3066 4978 3357 5035 evacuabit
3386 4977 3450 5043 ⁸⁸,
3476 4997 3491 5025 ι
3516 4987 3581 5033 ut

1998 5077 2179 5145 inquit
2207 5076 2403 5130 beatus
2436 5075 2657 5129 Paulus.
2692 5073 2882 5143 Neque
2920 5081 3214 5141 prepterea
3265 5067 3413 5137 quod
3454 5083 3583 5125 eam

1997 5167 2250 5225 nonnulli
2299 5175 2774 5236 contempserunt,
2820 5180 2884 5218 ac
2937 5172 3086 5216 retro
3144 5159 3417 5222 abierunt,
3452 5157 3581 5212 ideo.

1998 5259 2203 5313 divinae
2243 5258 2431 5328 gratiae
2463 5256 2847 5311 inconstantiaa
2896 5261 3082 5307 notam
3124 5250 3441 5303 inuremus:
3478 5248 3573 5303 sed

1998 5352 2179 5424 ptenis
2207 5353 2390 5421 potius
2418 5351 2506 5404 ille
2544 5350 2927 5404 universorum
2975 5342 3142 5415 judex
3175 5340 3431 5411 subjicict
3471 5357 3571 5401 eos

1999 5445 2093 5514 qui
2148 5460 2341 5514 parum
2395 5451 2662 5497 caverunt
2721 5437 3020 5508 quominus
3058 5435 3113 5487 in
3147 5448 3268 5487 eam
3319 5433 3563 5502 impieta-

2002 5549 2111 5591 tem
2147 5536 2593 5606 prolaberentur,
2634 5539 2695 5586 ut
2730 5528 2929 5584 Filium
2962 5524 3058 5580 Dei
3082 5523 3489 5587 conculcarent,
3517 5532 3581 5578 et

2000 5627 2318 5695 sanguinem
2350 5620 2657 5677 testamenti
2698 5630 3042 5674 communem
3076 5621 3347 5684 putarent,
3373 5611 3573 5680 etSpi-

2439 5736 2481 5765 δ’
2508 5734 2676 5788 Exod.
2717 5747 2844 5797 xxii,
2872 5729 2959 5783 ‘20.
3041 5726 3084 5760 ’⁵³
3108 5723 3278 5780 Exod.
3306 5738 3455 5787 xxm,
3487 5721 3571 5775 l5.
