  <div class='ocr_page' id='page_1' title='image "/cluster/home/n/w/nwhite01/storage/ocr_20150623/68/mdp.39015078384438/215.png"; bbox 0 0 4138 6300; ppageno 0'>
   <div class='ocr_carea' id='block_1_1' title="bbox 599 399 705 456">
    <p class='ocr_par' dir='ltr' id='par_1_1' title="bbox 599 399 705 456">
     <span class='ocr_line' id='line_1_1' title="bbox 599 399 705 456; baseline 0.009 -2"><span class='ocrx_word' id='word_1_1' title='bbox 599 399 705 456; x_wconf 61' lang='grc' dir='ltr'><strong>με</strong></span> 
     </span>
    </p>
   </div>
   <div class='ocr_carea' id='block_1_2' title="bbox 1643 365 2890 453">
    <p class='ocr_par' dir='ltr' id='par_1_2' title="bbox 1643 365 2890 453">
     <span class='ocr_line' id='line_1_2' title="bbox 1643 365 2890 453; baseline -0.007 0"><span class='ocrx_word' id='word_1_2' title='bbox 1643 395 1699 452; x_wconf 91' lang='lat' dir='ltr'><strong>s.</strong></span> <span class='ocrx_word' id='word_1_3' title='bbox 1740 393 2017 453; x_wconf 72' lang='lat' dir='ltr'><strong>CYLRlLLl</strong></span> <span class='ocrx_word' id='word_1_4' title='bbox 2057 389 2534 448; x_wconf 81' lang='lat' dir='ltr'><strong>ALEXANDRINI</strong></span> <span class='ocrx_word' id='word_1_5' title='bbox 2569 365 2890 446; x_wconf 64' lang='lat' dir='ltr'><strong>maxime.</strong></span> 
     </span>
    </p>
   </div>
   <div class='ocr_carea' id='block_1_3' title="bbox 3784 383 3879 441">
    <p class='ocr_par' dir='ltr' id='par_1_3' title="bbox 3784 383 3879 441">
     <span class='ocr_line' id='line_1_3' title="bbox 3784 383 3879 441; baseline 0.021 -3"><span class='ocrx_word' id='word_1_6' title='bbox 3784 383 3879 441; x_wconf 73' lang='grc' dir='ltr'>ιιθ</span> 
     </span>
    </p>
   </div>
   <div class='ocr_carea' id='block_1_4' title="bbox 600 497 2187 584">
    <p class='ocr_par' dir='ltr' id='par_1_4' title="bbox 600 507 2185 584">
     <span class='ocr_line' id='line_1_4' title="bbox 600 507 2185 584; baseline -0.006 -14"><span class='ocrx_word' id='word_1_7' title='bbox 600 515 735 572; x_wconf 87' lang='lat' dir='ltr'><strong>ritui</strong></span> <span class='ocrx_word' id='word_1_8' title='bbox 768 511 956 584; x_wconf 70' lang='lat' dir='ltr'><strong>gratia:</strong></span> <span class='ocrx_word' id='word_1_9' title='bbox 990 513 1382 569; x_wconf 80' lang='lat' dir='ltr'><strong>contumeliam</strong></span> <span class='ocrx_word' id='word_1_10' title='bbox 1422 511 1686 579; x_wconf 88' lang='lat' dir='ltr'><strong>facerent,</strong></span> <span class='ocrx_word' id='word_1_11' title='bbox 1744 512 1800 566; x_wconf 92' lang='lat' dir='ltr'><strong>in</strong></span> <span class='ocrx_word' id='word_1_12' title='bbox 1828 526 1938 582; x_wconf 91' lang='lat' dir='ltr'><strong>quo</strong></span> <span class='ocrx_word' id='word_1_13' title='bbox 1977 507 2185 564; x_wconf 89' lang='lat' dir='ltr'><strong>sancti-</strong></span> 
     </span>
    </p>
   </div>
   <div class='ocr_carea' id='block_1_5' title="bbox 2289 497 3880 584">
    <p class='ocr_par' dir='ltr' id='par_1_5' title="bbox 2290 497 3880 576">
     <span class='ocr_line' id='line_1_5' title="bbox 2290 497 3880 576; baseline -0.003 -18"><span class='ocrx_word' id='word_1_14' title='bbox 2290 505 2668 576; x_wconf 86' lang='grc' dir='ltr'>ήγιάσθησαν,</span> <span class='ocrx_word' id='word_1_15' title='bbox 2705 503 2800 558; x_wconf 71' lang='grc' dir='ltr'>καὶ</span> <span class='ocrx_word' id='word_1_16' title='bbox 2827 500 3082 571; x_wconf 82' lang='grc' dir='ltr'>γεγόνασι</span> <span class='ocrx_word' id='word_1_17' title='bbox 3127 500 3228 569; x_wconf 75' lang='grc' dir='ltr'><strong>τῆς</strong></span> <span class='ocrx_word' id='word_1_18' title='bbox 3267 498 3424 561; x_wconf 83' lang='grc' dir='ltr'>θείας·</span> <span class='ocrx_word' id='word_1_19' title='bbox 3446 497 3659 566; x_wconf 71' lang='grc' dir='ltr'>ςύςεως</span> <span class='ocrx_word' id='word_1_20' title='bbox 3691 511 3880 554; x_wconf 78' lang='grc' dir='ltr'>κοινω-</span> 
     </span>
    </p>
   </div>
   <div class='ocr_carea' id='block_1_6' title="bbox 599 595 2180 676">
    <p class='ocr_par' dir='ltr' id='par_1_6' title="bbox 599 595 2180 676">
     <span class='ocr_line' id='line_1_6' title="bbox 599 595 2180 676; baseline -0.003 -16"><span class='ocrx_word' id='word_1_21' title='bbox 599 607 770 671; x_wconf 78' lang='lat' dir='ltr'><strong>licati,</strong></span> <span class='ocrx_word' id='word_1_22' title='bbox 802 595 1115 675; x_wconf 74' lang='lat' dir='ltr'><strong>divinaeque</strong></span> <span class='ocrx_word' id='word_1_23' title='bbox 1141 615 1354 660; x_wconf 74' lang='lat' dir='ltr'><strong>naturae</strong></span> <span class='ocrx_word' id='word_1_24' title='bbox 1400 606 1702 676; x_wconf 73' lang='lat' dir='ltr'><strong>participes</strong></span> <span class='ocrx_word' id='word_1_25' title='bbox 1742 604 1874 659; x_wconf 88' lang='lat' dir='ltr'><strong>facti</strong></span> <span class='ocrx_word' id='word_1_26' title='bbox 1930 610 2090 658; x_wconf 88' lang='lat' dir='ltr'><strong>erant</strong></span> <span class='ocrx_word' id='word_1_27' title='bbox 2112 602 2180 655; x_wconf 82' lang='lat'><strong>“.</strong></span> 
     </span>
    </p>
   </div>
   <div class='ocr_carea' id='block_1_7' title="bbox 602 695 2184 770">
    <p class='ocr_par' dir='ltr' id='par_1_7' title="bbox 602 695 2184 770">
     <span class='ocr_line' id='line_1_7' title="bbox 602 695 2184 770; baseline -0.004 -14"><span class='ocrx_word' id='word_1_28' title='bbox 602 699 829 756; x_wconf 82' lang='lat' dir='ltr'><strong>Utenim</strong></span> <span class='ocrx_word' id='word_1_29' title='bbox 857 698 1113 766; x_wconf 87' lang='lat' dir='ltr'><strong>militem,</strong></span> <span class='ocrx_word' id='word_1_30' title='bbox 1147 699 1241 768; x_wconf 90' lang='lat' dir='ltr'><strong>qui</strong></span> <span class='ocrx_word' id='word_1_31' title='bbox 1270 699 1521 770; x_wconf 79' lang='lat' dir='ltr'><strong>clypeum</strong></span> <span class='ocrx_word' id='word_1_32' title='bbox 1548 697 1833 769; x_wconf 87' lang='lat' dir='ltr'><strong>abjecerit,</strong></span> <span class='ocrx_word' id='word_1_33' title='bbox 1864 712 1930 751; x_wconf 90' lang='lat' dir='ltr'><strong>ac</strong></span> <span class='ocrx_word' id='word_1_34' title='bbox 1951 695 2018 749; x_wconf 92' lang='lat' dir='ltr'><strong>de</strong></span> <span class='ocrx_word' id='word_1_35' title='bbox 2039 709 2184 764; x_wconf 69' lang='lat' dir='ltr'><strong>pra:-</strong></span> 
     </span>
    </p>
   </div>
   <div class='ocr_carea' id='block_1_8' title="bbox 600 787 2184 870">
    <p class='ocr_par' dir='ltr' id='par_1_8' title="bbox 600 787 2184 870">
     <span class='ocr_line' id='line_1_8' title="bbox 600 787 2184 870; baseline -0.003 -26"><span class='ocrx_word' id='word_1_36' title='bbox 600 793 674 845; x_wconf 87' lang='lat' dir='ltr'><strong>lio</strong></span> <span class='ocrx_word' id='word_1_37' title='bbox 713 791 937 860; x_wconf 87' lang='lat' dir='ltr'><strong>fugerit,</strong></span> <span class='ocrx_word' id='word_1_38' title='bbox 983 791 1242 845; x_wconf 87' lang='lat' dir='ltr'><strong>secundis</strong></span> <span class='ocrx_word' id='word_1_39' title='bbox 1301 789 1555 861; x_wconf 79' lang='lat' dir='ltr'><strong>insigniri</strong></span> <span class='ocrx_word' id='word_1_40' title='bbox 1611 787 2028 870; x_wconf 87' lang='lat' dir='ltr'><strong>characteribus</strong></span> <span class='ocrx_word' id='word_1_41' title='bbox 2071 800 2184 840; x_wconf 90' lang='lat' dir='ltr'><strong>non</strong></span> 
     </span>
    </p>
   </div>
   <div class='ocr_carea' id='block_1_9' title="bbox 600 878 2181 952">
    <p class='ocr_par' dir='ltr' id='par_1_9' title="bbox 600 878 2181 952">
     <span class='ocr_line' id='line_1_9' title="bbox 600 878 2181 952; baseline -0.002 -19"><span class='ocrx_word' id='word_1_42' title='bbox 600 889 854 950; x_wconf 79' lang='lat' dir='ltr'><strong>oportet;</strong></span> <span class='ocrx_word' id='word_1_43' title='bbox 898 879 996 934; x_wconf 91' lang='lat' dir='ltr'><strong>sed</strong></span> <span class='ocrx_word' id='word_1_44' title='bbox 1031 882 1142 951; x_wconf 90' lang='lat' dir='ltr'><strong>jam</strong></span> <span class='ocrx_word' id='word_1_45' title='bbox 1171 881 1378 950; x_wconf 89' lang='lat' dir='ltr'><strong>puniri,</strong></span> <span class='ocrx_word' id='word_1_46' title='bbox 1410 890 1466 936; x_wconf 91' lang='lat' dir='ltr'><strong>et</strong></span> <span class='ocrx_word' id='word_1_47' title='bbox 1504 881 1736 952; x_wconf 82' lang='lat' dir='ltr'><strong>ignaviae</strong></span> <span class='ocrx_word' id='word_1_48' title='bbox 1763 894 1959 950; x_wconf 63' lang='lat' dir='ltr'><strong>poenas</strong></span> <span class='ocrx_word' id='word_1_49' title='bbox 1995 878 2181 932; x_wconf 90' lang='lat' dir='ltr'><strong>luere:</strong></span> 
     </span>
    </p>
   </div>
   <div class='ocr_carea' id='block_1_10' title="bbox 603 970 2187 1043">
    <p class='ocr_par' dir='ltr' id='par_1_10' title="bbox 603 970 2187 1043">
     <span class='ocr_line' id='line_1_10' title="bbox 603 970 2187 1043; baseline 0.001 -20"><span class='ocrx_word' id='word_1_50' title='bbox 603 970 671 1023; x_wconf 86' lang='lat' dir='ltr'><strong>ad</strong></span> <span class='ocrx_word' id='word_1_51' title='bbox 696 971 955 1026; x_wconf 84' lang='lat' dir='ltr'><strong>eumdem</strong></span> <span class='ocrx_word' id='word_1_52' title='bbox 989 971 1233 1036; x_wconf 86' lang='lat' dir='ltr'><strong>modum,</strong></span> <span class='ocrx_word' id='word_1_53' title='bbox 1273 973 1368 1043; x_wconf 90' lang='lat' dir='ltr'><strong>qui</strong></span> <span class='ocrx_word' id='word_1_54' title='bbox 1404 973 1461 1026; x_wconf 91' lang='lat' dir='ltr'><strong>in</strong></span> <span class='ocrx_word' id='word_1_55' title='bbox 1501 971 1641 1026; x_wconf 89' lang='lat' dir='ltr'><strong>adeo</strong></span> <span class='ocrx_word' id='word_1_56' title='bbox 1688 979 1974 1042; x_wconf 88' lang='lat' dir='ltr'><strong>augustam</strong></span> <span class='ocrx_word' id='word_1_57' title='bbox 2019 977 2187 1038; x_wconf 82' lang='lat' dir='ltr'><strong>atque</strong></span> 
     </span>
    </p>
   </div>
   <div class='ocr_carea' id='block_1_11' title="bbox 603 1059 2186 1135">
    <p class='ocr_par' dir='ltr' id='par_1_11' title="bbox 603 1059 2186 1135">
     <span class='ocr_line' id='line_1_11' title="bbox 603 1059 2186 1135; baseline -0.001 -21"><span class='ocrx_word' id='word_1_58' title='bbox 603 1061 991 1118; x_wconf 81' lang='lat' dir='ltr'><strong>admirabilem</strong></span> <span class='ocrx_word' id='word_1_59' title='bbox 1013 1065 1246 1135; x_wconf 81' lang='lat' dir='ltr'><strong>gratiam</strong></span> <span class='ocrx_word' id='word_1_60' title='bbox 1279 1062 1467 1135; x_wconf 89' lang='lat' dir='ltr'><strong>injurii</strong></span> <span class='ocrx_word' id='word_1_61' title='bbox 1506 1063 1732 1129; x_wconf 79' lang='lat' dir='ltr'><strong>fuerint,</strong></span> <span class='ocrx_word' id='word_1_62' title='bbox 1765 1077 1862 1116; x_wconf 91' lang='lat' dir='ltr'><strong>eos</strong></span> <span class='ocrx_word' id='word_1_63' title='bbox 1891 1077 2001 1115; x_wconf 92' lang='lat' dir='ltr'><strong>non</strong></span> <span class='ocrx_word' id='word_1_64' title='bbox 2039 1059 2186 1114; x_wconf 91' lang='lat' dir='ltr'><strong>dono</strong></span> 
     </span>
    </p>
   </div>
   <div class='ocr_carea' id='block_1_12' title="bbox 603 1151 2190 1224">
    <p class='ocr_par' dir='ltr' id='par_1_12' title="bbox 603 1151 2190 1224">
     <span class='ocr_line' id='line_1_12' title="bbox 603 1151 2190 1224; baseline -0.002 -17"><span class='ocrx_word' id='word_1_65' title='bbox 603 1154 848 1208; x_wconf 88' lang='lat' dir='ltr'><strong>secundo</strong></span> <span class='ocrx_word' id='word_1_66' title='bbox 890 1153 1128 1224; x_wconf 85' lang='lat' dir='ltr'><strong>Spiritus</strong></span> <span class='ocrx_word' id='word_1_67' title='bbox 1166 1156 1372 1222; x_wconf 88' lang='lat' dir='ltr'><strong>ornari,</strong></span> <span class='ocrx_word' id='word_1_68' title='bbox 1408 1170 1535 1211; x_wconf 92' lang='lat' dir='ltr'><strong>cum</strong></span> <span class='ocrx_word' id='word_1_69' title='bbox 1574 1154 1728 1224; x_wconf 88' lang='lat' dir='ltr'><strong>prius</strong></span> <span class='ocrx_word' id='word_1_70' title='bbox 1752 1152 1886 1208; x_wconf 87' lang='lat' dir='ltr'><strong>illud</strong></span> <span class='ocrx_word' id='word_1_71' title='bbox 1912 1151 2190 1222; x_wconf 89' lang='lat' dir='ltr'><strong>improba-</strong></span> 
     </span>
    </p>
   </div>
   <div class='ocr_carea' id='block_1_13' title="bbox 603 1241 2193 1317">
    <p class='ocr_par' dir='ltr' id='par_1_13' title="bbox 603 1241 2193 1317">
     <span class='ocr_line' id='line_1_13' title="bbox 603 1241 2193 1317; baseline 0 -23"><span class='ocrx_word' id='word_1_72' title='bbox 603 1243 807 1308; x_wconf 89' lang='lat' dir='ltr'><strong>verint,</strong></span> <span class='ocrx_word' id='word_1_73' title='bbox 845 1244 939 1298; x_wconf 89' lang='lat' dir='ltr'><strong>sed</strong></span> <span class='ocrx_word' id='word_1_74' title='bbox 981 1246 1160 1315; x_wconf 70' lang='lat' dir='ltr'><strong>pmnis</strong></span> <span class='ocrx_word' id='word_1_75' title='bbox 1210 1246 1409 1317; x_wconf 86' lang='lat' dir='ltr'><strong>subjici</strong></span> <span class='ocrx_word' id='word_1_76' title='bbox 1457 1245 1636 1300; x_wconf 88' lang='lat' dir='ltr'><strong>decet.</strong></span> <span class='ocrx_word' id='word_1_77' title='bbox 1691 1244 1826 1298; x_wconf 86' lang='lat' dir='ltr'><strong>Nam</strong></span> <span class='ocrx_word' id='word_1_78' title='bbox 1859 1243 2025 1296; x_wconf 89' lang='lat' dir='ltr'><strong>semel</strong></span> <span class='ocrx_word' id='word_1_79' title='bbox 2066 1241 2193 1294; x_wconf 89' lang='lat' dir='ltr'><strong>illu-</strong></span> 
     </span>
    </p>
   </div>
   <div class='ocr_carea' id='block_1_14' title="bbox 605 1334 2187 1406">
    <p class='ocr_par' dir='ltr' id='par_1_14' title="bbox 605 1334 2187 1406">
     <span class='ocr_line' id='line_1_14' title="bbox 605 1334 2187 1406; baseline -0.002 -17"><span class='ocrx_word' id='word_1_80' title='bbox 605 1336 828 1390; x_wconf 83' lang='lat' dir='ltr'><strong>minatis</strong></span> <span class='ocrx_word' id='word_1_81' title='bbox 875 1352 996 1391; x_wconf 85' lang='lat' dir='ltr'><strong>eam</strong></span> <span class='ocrx_word' id='word_1_82' title='bbox 1065 1339 1430 1402; x_wconf 87' lang='lat' dir='ltr'><strong>sententiam,</strong></span> <span class='ocrx_word' id='word_1_83' title='bbox 1500 1351 1732 1406; x_wconf 87' lang='lat' dir='ltr'><strong>eamque</strong></span> <span class='ocrx_word' id='word_1_84' title='bbox 1790 1334 2187 1406; x_wconf 80' lang='lat' dir='ltr'><strong>cogitationum</strong></span> 
     </span>
    </p>
   </div>
   <div class='ocr_carea' id='block_1_15' title="bbox 604 1423 2188 1496">
    <p class='ocr_par' dir='ltr' id='par_1_15' title="bbox 604 1423 2188 1496">
     <span class='ocr_line' id='line_1_15' title="bbox 604 1423 2188 1496; baseline 0.001 -19"><span class='ocrx_word' id='word_1_85' title='bbox 604 1423 919 1480; x_wconf 82' lang='lat' dir='ltr'><strong>ﬁrmitatem</strong></span> <span class='ocrx_word' id='word_1_86' title='bbox 944 1443 1065 1482; x_wconf 90' lang='lat' dir='ltr'><strong>esse</strong></span> <span class='ocrx_word' id='word_1_87' title='bbox 1116 1428 1523 1495; x_wconf 89' lang='lat' dir='ltr'><strong>assumendam,</strong></span> <span class='ocrx_word' id='word_1_88' title='bbox 1559 1437 1620 1482; x_wconf 91' lang='lat' dir='ltr'><strong>ut</strong></span> <span class='ocrx_word' id='word_1_89' title='bbox 1667 1442 1838 1482; x_wconf 90' lang='lat' dir='ltr'><strong>unum</strong></span> <span class='ocrx_word' id='word_1_90' title='bbox 1869 1426 2065 1491; x_wconf 87' lang='lat' dir='ltr'><strong>sciant,</strong></span> <span class='ocrx_word' id='word_1_91' title='bbox 2092 1425 2188 1496; x_wconf 90' lang='lat' dir='ltr'><strong>qui</strong></span> 
     </span>
    </p>
   </div>
   <div class='ocr_carea' id='block_1_16' title="bbox 604 1518 2188 1589">
    <p class='ocr_par' dir='ltr' id='par_1_16' title="bbox 604 1518 2188 1589">
     <span class='ocr_line' id='line_1_16' title="bbox 604 1518 2188 1589; baseline 0.003 -19"><span class='ocrx_word' id='word_1_92' title='bbox 604 1525 801 1571; x_wconf 87' lang='lat' dir='ltr'><strong>natura</strong></span> <span class='ocrx_word' id='word_1_93' title='bbox 830 1518 903 1572; x_wconf 86' lang='lat' dir='ltr'><strong>sit</strong></span> <span class='ocrx_word' id='word_1_94' title='bbox 947 1519 1112 1586; x_wconf 93' lang='lat' dir='ltr'><strong>Deus,</strong></span> <span class='ocrx_word' id='word_1_95' title='bbox 1163 1526 1220 1576; x_wconf 88' lang='lat' dir='ltr'><strong>et</strong></span> <span class='ocrx_word' id='word_1_96' title='bbox 1275 1520 1398 1574; x_wconf 91' lang='lat' dir='ltr'><strong>illos</strong></span> <span class='ocrx_word' id='word_1_97' title='bbox 1427 1528 1788 1576; x_wconf 86' lang='lat' dir='ltr'><strong>exsecrentur</strong></span> <span class='ocrx_word' id='word_1_98' title='bbox 1837 1519 1938 1589; x_wconf 88' lang='lat' dir='ltr'><strong>qui</strong></span> <span class='ocrx_word' id='word_1_99' title='bbox 1987 1526 2188 1588; x_wconf 66' lang='lat' dir='ltr'><strong>praeter</strong></span> 
     </span>
    </p>
   </div>
   <div class='ocr_carea' id='block_1_17' title="bbox 605 1607 2190 1680">
    <p class='ocr_par' dir='ltr' id='par_1_17' title="bbox 605 1607 2190 1680">
     <span class='ocr_line' id='line_1_17' title="bbox 605 1607 2190 1680; baseline 0.003 -21"><span class='ocrx_word' id='word_1_100' title='bbox 605 1610 714 1660; x_wconf 84' lang='lat' dir='ltr'><strong>hoc</strong></span> <span class='ocrx_word' id='word_1_101' title='bbox 741 1607 892 1661; x_wconf 87' lang='lat' dir='ltr'><strong>aliud</strong></span> <span class='ocrx_word' id='word_1_102' title='bbox 927 1608 1208 1678; x_wconf 88' lang='lat' dir='ltr'><strong>quidpiam</strong></span> <span class='ocrx_word' id='word_1_103' title='bbox 1245 1609 1952 1680; x_wconf 78' lang='lat' dir='ltr'><strong>suadentzoptandumque</strong></span> <span class='ocrx_word' id='word_1_104' title='bbox 1993 1609 2048 1662; x_wconf 92' lang='lat' dir='ltr'><strong>in</strong></span> <span class='ocrx_word' id='word_1_105' title='bbox 2071 1609 2190 1679; x_wconf 88' lang='lat' dir='ltr'><strong>pri-</strong></span> 
     </span>
    </p>
   </div>
   <div class='ocr_carea' id='block_1_18' title="bbox 606 1698 2185 1772">
    <p class='ocr_par' dir='ltr' id='par_1_18' title="bbox 606 1698 2185 1772">
     <span class='ocr_line' id='line_1_18' title="bbox 606 1698 2185 1772; baseline 0.004 -21"><span class='ocrx_word' id='word_1_106' title='bbox 606 1700 714 1754; x_wconf 90' lang='lat' dir='ltr'><strong>mis</strong></span> <span class='ocrx_word' id='word_1_107' title='bbox 739 1698 945 1755; x_wconf 90' lang='lat' dir='ltr'><strong>ducant</strong></span> <span class='ocrx_word' id='word_1_108' title='bbox 973 1701 1193 1756; x_wconf 89' lang='lat' dir='ltr'><strong>inidola</strong></span> <span class='ocrx_word' id='word_1_109' title='bbox 1234 1701 1466 1769; x_wconf 88' lang='lat' dir='ltr'><strong>insilire,</strong></span> <span class='ocrx_word' id='word_1_110' title='bbox 1503 1718 1568 1759; x_wconf 88' lang='lat' dir='ltr'><strong>ac</strong></span> <span class='ocrx_word' id='word_1_111' title='bbox 1601 1703 1803 1772; x_wconf 91' lang='lat' dir='ltr'><strong>templa</strong></span> <span class='ocrx_word' id='word_1_112' title='bbox 1845 1703 2185 1770; x_wconf 87' lang='lat' dir='ltr'><strong>disturbare,</strong></span> 
     </span>
    </p>
   </div>
   <div class='ocr_carea' id='block_1_19' title="bbox 605 1791 2189 1865">
    <p class='ocr_par' dir='ltr' id='par_1_19' title="bbox 605 1791 2189 1865">
     <span class='ocr_line' id='line_1_19' title="bbox 605 1791 2189 1865; baseline 0.003 -20"><span class='ocrx_word' id='word_1_113' title='bbox 605 1801 663 1846; x_wconf 92' lang='lat' dir='ltr'><strong>et</strong></span> <span class='ocrx_word' id='word_1_114' title='bbox 689 1791 975 1862; x_wconf 82' lang='lat' dir='ltr'><strong>gentilium</strong></span> <span class='ocrx_word' id='word_1_115' title='bbox 1008 1795 1236 1850; x_wconf 89' lang='lat' dir='ltr'><strong>numina</strong></span> <span class='ocrx_word' id='word_1_116' title='bbox 1289 1794 1428 1849; x_wconf 86' lang='lat' dir='ltr'><strong>nihil</strong></span> <span class='ocrx_word' id='word_1_117' title='bbox 1455 1810 1575 1849; x_wconf 89' lang='lat' dir='ltr'><strong>esse</strong></span> <span class='ocrx_word' id='word_1_118' title='bbox 1603 1802 1839 1865; x_wconf 90' lang='lat' dir='ltr'><strong>putent;</strong></span> <span class='ocrx_word' id='word_1_119' title='bbox 1875 1795 1932 1850; x_wconf 89' lang='lat' dir='ltr'><strong>id</strong></span> <span class='ocrx_word' id='word_1_120' title='bbox 1967 1809 2189 1865; x_wconf 90' lang='lat' dir='ltr'><strong>quoque</strong></span> 
     </span>
    </p>
   </div>
   <div class='ocr_carea' id='block_1_20' title="bbox 605 1884 2191 1958">
    <p class='ocr_par' dir='ltr' id='par_1_20' title="bbox 605 1884 2191 1958">
     <span class='ocr_line' id='line_1_20' title="bbox 605 1884 2191 1958; baseline 0.003 -22"><span class='ocrx_word' id='word_1_121' title='bbox 605 1885 812 1939; x_wconf 85' lang='lat' dir='ltr'><strong>veteris</strong></span> <span class='ocrx_word' id='word_1_122' title='bbox 833 1884 971 1955; x_wconf 83' lang='lat' dir='ltr'><strong>legis</strong></span> <span class='ocrx_word' id='word_1_123' title='bbox 999 1887 1038 1954; x_wconf 79' lang='lat'><strong>1</strong></span> <span class='ocrx_word' id='word_1_124' title='bbox 1052 1887 1158 1956; x_wconf 80' lang='lat'><strong><em>77</em></strong></span> <span class='ocrx_word' id='word_1_125' title='bbox 1183 1887 1338 1942; x_wconf 90' lang='lat' dir='ltr'><strong>locus</strong></span> <span class='ocrx_word' id='word_1_126' title='bbox 1354 1887 1578 1942; x_wconf 86' lang='lat' dir='ltr'><strong>docebit</strong></span> <span class='ocrx_word' id='word_1_127' title='bbox 1601 1906 1613 1942; x_wconf 90' lang='lat'><strong>:</strong></span> <span class='ocrx_word' id='word_1_128' title='bbox 1641 1888 1912 1958; x_wconf 88' lang='lat' dir='ltr'><strong>scriptum</strong></span> <span class='ocrx_word' id='word_1_129' title='bbox 1935 1896 2020 1942; x_wconf 88' lang='lat' dir='ltr'><strong>est</strong></span> <span class='ocrx_word' id='word_1_130' title='bbox 2039 1886 2191 1941; x_wconf 91' lang='lat' dir='ltr'><strong>enim</strong></span> 
     </span>
    </p>
   </div>
   <div class='ocr_carea' id='block_1_21' title="bbox 606 1972 2191 2052">
    <p class='ocr_par' dir='ltr' id='par_1_21' title="bbox 606 1972 2191 2052">
     <span class='ocr_line' id='line_1_21' title="bbox 606 1972 2191 2052; baseline 0.006 -25"><span class='ocrx_word' id='word_1_131' title='bbox 606 1972 665 2028; x_wconf 86' lang='lat' dir='ltr'><strong>in</strong></span> <span class='ocrx_word' id='word_1_132' title='bbox 692 1975 952 2031; x_wconf 90' lang='lat' dir='ltr'><strong>Numeris</strong></span> <span class='ocrx_word' id='word_1_133' title='bbox 983 1995 995 2030; x_wconf 93' lang='lat'>:</span> <span class='ocrx_word' id='word_1_134' title='bbox 1031 1996 1048 2027; x_wconf 78' lang='grc' dir='ltr'><strong>ι</strong></span> <span class='ocrx_word' id='word_1_135' title='bbox 1075 1977 1144 2032; x_wconf 88' lang='lat' dir='ltr'><strong>Et</strong></span> <span class='ocrx_word' id='word_1_136' title='bbox 1176 1977 1396 2034; x_wconf 91' lang='lat' dir='ltr'><strong>locutus</strong></span> <span class='ocrx_word' id='word_1_137' title='bbox 1428 1987 1512 2034; x_wconf 90' lang='lat' dir='ltr'><strong>est</strong></span> <span class='ocrx_word' id='word_1_138' title='bbox 1553 1979 1822 2035; x_wconf 92' lang='lat' dir='ltr'><strong>Dominus</strong></span> <span class='ocrx_word' id='word_1_139' title='bbox 1863 1979 1932 2033; x_wconf 87' lang='lat' dir='ltr'><strong>ad</strong></span> <span class='ocrx_word' id='word_1_140' title='bbox 1968 1977 2191 2052; x_wconf 87' lang='lat' dir='ltr'><strong>Moysen</strong></span> 
     </span>
    </p>
   </div>
   <div class='ocr_carea' id='block_1_22' title="bbox 606 2062 2193 2139">
    <p class='ocr_par' dir='ltr' id='par_1_22' title="bbox 606 2062 2193 2139">
     <span class='ocr_line' id='line_1_22' title="bbox 606 2062 2193 2139; baseline 0.004 -21"><span class='ocrx_word' id='word_1_141' title='bbox 606 2062 662 2118; x_wconf 89' lang='lat' dir='ltr'><strong>in</strong></span> <span class='ocrx_word' id='word_1_142' title='bbox 690 2067 936 2121; x_wconf 86' lang='lat' dir='ltr'><strong>occiduis</strong></span> <span class='ocrx_word' id='word_1_143' title='bbox 957 2067 1207 2137; x_wconf 90' lang='lat' dir='ltr'><strong>partibus</strong></span> <span class='ocrx_word' id='word_1_144' title='bbox 1258 2069 1416 2124; x_wconf 73' lang='lat' dir='ltr'><strong>Moab</strong></span> <span class='ocrx_word' id='word_1_145' title='bbox 1443 2084 1614 2139; x_wconf 86' lang='lat' dir='ltr'><strong>prope</strong></span> <span class='ocrx_word' id='word_1_146' title='bbox 1646 2068 1942 2124; x_wconf 86' lang='lat' dir='ltr'><strong>Jordanem</strong></span> <span class='ocrx_word' id='word_1_147' title='bbox 1996 2079 2193 2126; x_wconf 87' lang='lat' dir='ltr'><strong>contra</strong></span> 
     </span>
    </p>
   </div>
   <div class='ocr_carea' id='block_1_23' title="bbox 604 2152 2191 2228">
    <p class='ocr_par' dir='ltr' id='par_1_23' title="bbox 604 2152 2191 2228">
     <span class='ocr_line' id='line_1_23' title="bbox 604 2152 2191 2228; baseline 0.003 -19"><span class='ocrx_word' id='word_1_148' title='bbox 604 2152 1100 2222; x_wconf 65' lang='lat' dir='ltr'><strong>Jericho,dicens’:</strong></span> <span class='ocrx_word' id='word_1_149' title='bbox 1132 2157 1384 2228; x_wconf 86' lang='lat' dir='ltr'><strong>Loquere</strong></span> <span class='ocrx_word' id='word_1_150' title='bbox 1411 2159 1539 2213; x_wconf 79' lang='lat' dir='ltr'><strong>filiis</strong></span> <span class='ocrx_word' id='word_1_151' title='bbox 1589 2159 1777 2224; x_wconf 88' lang='lat' dir='ltr'><strong>Israel,</strong></span> <span class='ocrx_word' id='word_1_152' title='bbox 1835 2167 1892 2212; x_wconf 87' lang='lat' dir='ltr'><strong>et</strong></span> <span class='ocrx_word' id='word_1_153' title='bbox 1925 2159 2078 2221; x_wconf 86' lang='lat' dir='ltr'><strong>dices</strong></span> <span class='ocrx_word' id='word_1_154' title='bbox 2122 2159 2191 2214; x_wconf 87' lang='lat' dir='ltr'><strong>ad</strong></span> 
     </span>
    </p>
   </div>
   <div class='ocr_carea' id='block_1_24' title="bbox 605 2246 2190 2319">
    <p class='ocr_par' dir='ltr' id='par_1_24' title="bbox 605 2246 2190 2319">
     <span class='ocr_line' id='line_1_24' title="bbox 605 2246 2190 2319; baseline 0.004 -21"><span class='ocrx_word' id='word_1_155' title='bbox 605 2259 737 2300; x_wconf 88' lang='lat' dir='ltr'><strong>eos:</strong></span> <span class='ocrx_word' id='word_1_156' title='bbox 767 2246 876 2302; x_wconf 82' lang='lat' dir='ltr'><strong>Vos</strong></span> <span class='ocrx_word' id='word_1_157' title='bbox 925 2249 1236 2303; x_wconf 87' lang='lat' dir='ltr'><strong>transibitis</strong></span> <span class='ocrx_word' id='word_1_158' title='bbox 1265 2248 1564 2304; x_wconf 87' lang='lat' dir='ltr'><strong>Jordanem</strong></span> <span class='ocrx_word' id='word_1_159' title='bbox 1597 2249 1653 2303; x_wconf 91' lang='lat' dir='ltr'><strong>in</strong></span> <span class='ocrx_word' id='word_1_160' title='bbox 1678 2259 1878 2305; x_wconf 90' lang='lat' dir='ltr'><strong>terram</strong></span> <span class='ocrx_word' id='word_1_161' title='bbox 1905 2250 2190 2319; x_wconf 87' lang='lat' dir='ltr'><strong>Chanaan,</strong></span> 
     </span>
    </p>
   </div>
   <div class='ocr_carea' id='block_1_25' title="bbox 603 2339 2192 2408">
    <p class='ocr_par' dir='ltr' id='par_1_25' title="bbox 603 2339 2192 2408">
     <span class='ocr_line' id='line_1_25' title="bbox 603 2339 2192 2408; baseline 0.004 -16"><span class='ocrx_word' id='word_1_162' title='bbox 603 2348 662 2392; x_wconf 86' lang='lat' dir='ltr'><strong>et</strong></span> <span class='ocrx_word' id='word_1_163' title='bbox 692 2339 933 2408; x_wconf 89' lang='lat' dir='ltr'><strong>perdetis</strong></span> <span class='ocrx_word' id='word_1_164' title='bbox 969 2357 1160 2395; x_wconf 90' lang='lat' dir='ltr'><strong>omnes</strong></span> <span class='ocrx_word' id='word_1_165' title='bbox 1190 2341 1505 2397; x_wconf 83' lang='lat' dir='ltr'><strong>habitantes</strong></span> <span class='ocrx_word' id='word_1_166' title='bbox 1541 2343 1597 2397; x_wconf 90' lang='lat' dir='ltr'><strong>in</strong></span> <span class='ocrx_word' id='word_1_167' title='bbox 1645 2351 1790 2398; x_wconf 90' lang='lat' dir='ltr'><strong>terra</strong></span> <span class='ocrx_word' id='word_1_168' title='bbox 1839 2352 1965 2399; x_wconf 84' lang='lat' dir='ltr'><strong>ante</strong></span> <span class='ocrx_word' id='word_1_169' title='bbox 1995 2344 2192 2399; x_wconf 80' lang='lat' dir='ltr'><strong>faciem</strong></span> 
     </span>
    </p>
   </div>
   <div class='ocr_carea' id='block_1_26' title="bbox 603 2429 2192 2501">
    <p class='ocr_par' dir='ltr' id='par_1_26' title="bbox 603 2429 2192 2501">
     <span class='ocr_line' id='line_1_26' title="bbox 603 2429 2192 2501; baseline 0.006 -20"><span class='ocrx_word' id='word_1_170' title='bbox 603 2436 868 2495; x_wconf 78' lang='lat' dir='ltr'><strong>vestram,</strong></span> <span class='ocrx_word' id='word_1_171' title='bbox 917 2437 974 2484; x_wconf 89' lang='lat' dir='ltr'><strong>et</strong></span> <span class='ocrx_word' id='word_1_172' title='bbox 1027 2429 1290 2485; x_wconf 81' lang='lat' dir='ltr'><strong>auferetis</strong></span> <span class='ocrx_word' id='word_1_173' title='bbox 1315 2432 1570 2501; x_wconf 88' lang='lat' dir='ltr'><strong>speculas</strong></span> <span class='ocrx_word' id='word_1_174' title='bbox 1615 2447 1832 2499; x_wconf 90' lang='lat' dir='ltr'><strong>eorum,</strong></span> <span class='ocrx_word' id='word_1_175' title='bbox 1889 2441 1946 2488; x_wconf 90' lang='lat' dir='ltr'><strong>et</strong></span> <span class='ocrx_word' id='word_1_176' title='bbox 2007 2435 2192 2490; x_wconf 90' lang='lat' dir='ltr'><strong>omnia</strong></span> 
     </span>
    </p>
   </div>
   <div class='ocr_carea' id='block_1_27' title="bbox 605 2518 2194 2591">
    <p class='ocr_par' dir='ltr' id='par_1_27' title="bbox 605 2518 2194 2591">
     <span class='ocr_line' id='line_1_27' title="bbox 605 2518 2194 2591; baseline 0.005 -17"><span class='ocrx_word' id='word_1_177' title='bbox 605 2518 752 2574; x_wconf 88' lang='lat' dir='ltr'><strong>idola</strong></span> <span class='ocrx_word' id='word_1_178' title='bbox 778 2536 971 2576; x_wconf 89' lang='lat' dir='ltr'><strong>eorum</strong></span> <span class='ocrx_word' id='word_1_179' title='bbox 1007 2521 1243 2577; x_wconf 85' lang='lat' dir='ltr'><strong>conflata</strong></span> <span class='ocrx_word' id='word_1_180' title='bbox 1285 2523 1613 2591; x_wconf 87' lang='lat' dir='ltr'><strong>destructis,</strong></span> <span class='ocrx_word' id='word_1_181' title='bbox 1667 2533 1724 2580; x_wconf 91' lang='lat' dir='ltr'><strong>et</strong></span> <span class='ocrx_word' id='word_1_182' title='bbox 1773 2541 1968 2580; x_wconf 89' lang='lat' dir='ltr'><strong>omnes</strong></span> <span class='ocrx_word' id='word_1_183' title='bbox 2001 2527 2194 2582; x_wconf 85' lang='lat' dir='ltr'><strong>titulos</strong></span> 
     </span>
    </p>
   </div>
   <div class='ocr_carea' id='block_1_28' title="bbox 602 2613 2196 2688">
    <p class='ocr_par' dir='ltr' id='par_1_28' title="bbox 602 2613 2196 2688">
     <span class='ocr_line' id='line_1_28' title="bbox 602 2613 2196 2688; baseline 0.006 -22"><span class='ocrx_word' id='word_1_184' title='bbox 602 2625 796 2667; x_wconf 91' lang='lat' dir='ltr'><strong>eorum</strong></span> <span class='ocrx_word' id='word_1_185' title='bbox 825 2613 1089 2670; x_wconf 86' lang='lat' dir='ltr'><strong>auferetis</strong></span> <span class='ocrx_word' id='word_1_186' title='bbox 1113 2616 1178 2670; x_wconf 84' lang='lat'><strong>&quot;.</strong></span> <span class='ocrx_word' id='word_1_187' title='bbox 1209 2634 1228 2667; x_wconf 84' lang='grc'><strong>›</strong></span> <span class='ocrx_word' id='word_1_188' title='bbox 1261 2616 1527 2688; x_wconf 86' lang='lat' dir='ltr'><strong>lntelligis</strong></span> <span class='ocrx_word' id='word_1_189' title='bbox 1552 2617 1739 2688; x_wconf 79' lang='lat' dir='ltr'><strong>igitur,</strong></span> <span class='ocrx_word' id='word_1_190' title='bbox 1767 2618 1834 2672; x_wconf 92' lang='lat' dir='ltr'><strong>iis</strong></span> <span class='ocrx_word' id='word_1_191' title='bbox 1867 2618 1962 2688; x_wconf 90' lang='lat' dir='ltr'><strong>qui</strong></span> <span class='ocrx_word' id='word_1_192' title='bbox 1999 2619 2196 2675; x_wconf 68' lang='lat' dir='ltr'><strong>Iorda-</strong></span> 
     </span>
    </p>
   </div>
   <div class='ocr_carea' id='block_1_29' title="bbox 603 2705 2193 2776">
    <p class='ocr_par' dir='ltr' id='par_1_29' title="bbox 603 2705 2193 2776">
     <span class='ocr_line' id='line_1_29' title="bbox 603 2705 2193 2776; baseline 0.006 -19"><span class='ocrx_word' id='word_1_193' title='bbox 603 2716 734 2758; x_wconf 87' lang='lat' dir='ltr'><strong>nem</strong></span> <span class='ocrx_word' id='word_1_194' title='bbox 764 2705 1087 2760; x_wconf 89' lang='lat' dir='ltr'><strong>transierint</strong></span> <span class='ocrx_word' id='word_1_195' title='bbox 1145 2721 1285 2776; x_wconf 87' lang='lat' dir='ltr'><strong>opus</strong></span> <span class='ocrx_word' id='word_1_196' title='bbox 1330 2723 1450 2764; x_wconf 85' lang='lat' dir='ltr'><strong>esse</strong></span> <span class='ocrx_word' id='word_1_197' title='bbox 1471 2717 1532 2763; x_wconf 88' lang='lat' dir='ltr'><strong>ut</strong></span> <span class='ocrx_word' id='word_1_198' title='bbox 1571 2723 1696 2764; x_wconf 88' lang='lat' dir='ltr'><strong>aras</strong></span> <span class='ocrx_word' id='word_1_199' title='bbox 1717 2717 1774 2764; x_wconf 90' lang='lat' dir='ltr'><strong>et</strong></span> <span class='ocrx_word' id='word_1_200' title='bbox 1826 2710 1981 2765; x_wconf 92' lang='lat' dir='ltr'><strong>lucos</strong></span> <span class='ocrx_word' id='word_1_201' title='bbox 2007 2726 2039 2766; x_wconf 93' lang='lat' dir='ltr'><strong>e</strong></span> <span class='ocrx_word' id='word_1_202' title='bbox 2071 2727 2193 2766; x_wconf 93' lang='lat' dir='ltr'><strong>me-</strong></span> 
     </span>
    </p>
   </div>
   <div class='ocr_carea' id='block_1_30' title="bbox 605 2791 2192 2867">
    <p class='ocr_par' dir='ltr' id='par_1_30' title="bbox 605 2791 2192 2867">
     <span class='ocr_line' id='line_1_30' title="bbox 605 2791 2192 2867; baseline 0.009 -21"><span class='ocrx_word' id='word_1_203' title='bbox 605 2791 700 2847; x_wconf 91' lang='lat' dir='ltr'><strong>dio</strong></span> <span class='ocrx_word' id='word_1_204' title='bbox 731 2794 942 2861; x_wconf 85' lang='lat' dir='ltr'><strong>tollant,</strong></span> <span class='ocrx_word' id='word_1_205' title='bbox 980 2811 1186 2867; x_wconf 87' lang='lat' dir='ltr'><strong>eosque</strong></span> <span class='ocrx_word' id='word_1_206' title='bbox 1221 2798 1340 2854; x_wconf 92' lang='lat' dir='ltr'><strong>sine</strong></span> <span class='ocrx_word' id='word_1_207' title='bbox 1370 2801 1722 2856; x_wconf 89' lang='lat' dir='ltr'><strong>cunctatione</strong></span> <span class='ocrx_word' id='word_1_208' title='bbox 1746 2817 1852 2856; x_wconf 90' lang='lat' dir='ltr'><strong>una</strong></span> <span class='ocrx_word' id='word_1_209' title='bbox 1877 2817 2002 2857; x_wconf 91' lang='lat' dir='ltr'><strong>cum</strong></span> <span class='ocrx_word' id='word_1_210' title='bbox 2028 2803 2192 2861; x_wconf 89' lang='lat' dir='ltr'><strong>idolis</strong></span> 
     </span>
    </p>
   </div>
   <div class='ocr_carea' id='block_1_31' title="bbox 605 2885 2195 2966">
    <p class='ocr_par' dir='ltr' id='par_1_31' title="bbox 605 2885 2195 2966">
     <span class='ocr_line' id='line_1_31' title="bbox 605 2885 2195 2966; baseline 0.009 -29"><span class='ocrx_word' id='word_1_211' title='bbox 605 2898 671 2938; x_wconf 90' lang='lat' dir='ltr'><strong>ac</strong></span> <span class='ocrx_word' id='word_1_212' title='bbox 694 2885 872 2940; x_wconf 88' lang='lat' dir='ltr'><strong>titulis</strong></span> <span class='ocrx_word' id='word_1_213' title='bbox 897 2887 1251 2944; x_wconf 88' lang='lat' dir='ltr'><strong>disturbent?</strong></span> <span class='ocrx_word' id='word_1_214' title='bbox 1273 2889 1408 2946; x_wconf 88' lang='lat' dir='ltr'><strong>Nam</strong></span> <span class='ocrx_word' id='word_1_215' title='bbox 1436 2891 1754 2962; x_wconf 89' lang='lat' dir='ltr'><strong>hujusmodi</strong></span> <span class='ocrx_word' id='word_1_216' title='bbox 1777 2895 2028 2964; x_wconf 86' lang='lat' dir='ltr'><strong>pestibus</strong></span> <span class='ocrx_word' id='word_1_217' title='bbox 2069 2911 2195 2966; x_wconf 87' lang='lat' dir='ltr'><strong>par-</strong></span> 
     </span>
    </p>
   </div>
   <div class='ocr_carea' id='block_1_32' title="bbox 604 2979 2194 3047">
    <p class='ocr_par' dir='ltr' id='par_1_32' title="bbox 604 2979 2194 3047">
     <span class='ocr_line' id='line_1_32' title="bbox 604 2979 2194 3047; baseline 0.009 -15"><span class='ocrx_word' id='word_1_218' title='bbox 604 2991 754 3045; x_wconf 88' lang='lat' dir='ltr'><strong>cere,</strong></span> <span class='ocrx_word' id='word_1_219' title='bbox 789 2979 1141 3035; x_wconf 89' lang='lat' dir='ltr'><strong>manifestum</strong></span> <span class='ocrx_word' id='word_1_220' title='bbox 1165 2989 1251 3037; x_wconf 91' lang='lat' dir='ltr'><strong>est</strong></span> <span class='ocrx_word' id='word_1_221' title='bbox 1299 2983 1566 3039; x_wconf 90' lang='lat' dir='ltr'><strong>indicium</strong></span> <span class='ocrx_word' id='word_1_222' title='bbox 1613 3000 1726 3047; x_wconf 84' lang='lat' dir='ltr'><strong>non</strong></span> <span class='ocrx_word' id='word_1_223' title='bbox 1770 2987 1904 3042; x_wconf 87' lang='lat' dir='ltr'><strong>satis</strong></span> <span class='ocrx_word' id='word_1_224' title='bbox 1944 3003 2046 3044; x_wconf 90' lang='lat' dir='ltr'><strong>nos</strong></span> <span class='ocrx_word' id='word_1_225' title='bbox 2070 3004 2194 3046; x_wconf 75' lang='lat' dir='ltr'><strong>esse</strong></span> 
     </span>
    </p>
   </div>
   <div class='ocr_carea' id='block_1_33' title="bbox 606 3071 2190 3150">
    <p class='ocr_par' dir='ltr' id='par_1_33' title="bbox 606 3071 2190 3150">
     <span class='ocr_line' id='line_1_33' title="bbox 606 3071 2190 3150; baseline 0.008 -24"><span class='ocrx_word' id='word_1_226' title='bbox 606 3071 976 3138; x_wconf 82' lang='lat' dir='ltr'><strong>confirmatos,</strong></span> <span class='ocrx_word' id='word_1_227' title='bbox 1002 3090 1182 3145; x_wconf 92' lang='lat' dir='ltr'><strong>neque</strong></span> <span class='ocrx_word' id='word_1_228' title='bbox 1209 3091 1304 3132; x_wconf 90' lang='lat' dir='ltr'><strong>cor</strong></span> <span class='ocrx_word' id='word_1_229' title='bbox 1329 3076 1581 3132; x_wconf 90' lang='lat' dir='ltr'><strong>criminis</strong></span> <span class='ocrx_word' id='word_1_230' title='bbox 1625 3093 1826 3150; x_wconf 80' lang='lat' dir='ltr'><strong>expers</strong></span> <span class='ocrx_word' id='word_1_231' title='bbox 1851 3080 1963 3135; x_wconf 91' lang='lat' dir='ltr'><strong>Deo</strong></span> <span class='ocrx_word' id='word_1_232' title='bbox 1993 3097 2190 3138; x_wconf 84' lang='lat' dir='ltr'><strong>conse-</strong></span> 
     </span>
    </p>
   </div>
   <div class='ocr_carea' id='block_1_34' title="bbox 605 3168 2188 3243">
    <p class='ocr_par' dir='ltr' id='par_1_34' title="bbox 605 3168 2188 3243">
     <span class='ocr_line' id='line_1_34' title="bbox 605 3168 2188 3243; baseline 0.008 -26"><span class='ocrx_word' id='word_1_233' title='bbox 605 3178 809 3231; x_wconf 80' lang='lat' dir='ltr'><strong>crasse,</strong></span> <span class='ocrx_word' id='word_1_234' title='bbox 863 3175 1053 3237; x_wconf 87' lang='lat' dir='ltr'><strong>aperte</strong></span> <span class='ocrx_word' id='word_1_235' title='bbox 1089 3168 1157 3223; x_wconf 90' lang='lat' dir='ltr'><strong>de</strong></span> <span class='ocrx_word' id='word_1_236' title='bbox 1186 3169 1369 3240; x_wconf 88' lang='lat' dir='ltr'><strong>impiis</strong></span> <span class='ocrx_word' id='word_1_237' title='bbox 1411 3179 1575 3242; x_wconf 88' lang='lat' dir='ltr'><strong>atque</strong></span> <span class='ocrx_word' id='word_1_238' title='bbox 1620 3173 1898 3243; x_wconf 89' lang='lat' dir='ltr'><strong>perversis</strong></span> <span class='ocrx_word' id='word_1_239' title='bbox 1943 3172 2188 3229; x_wconf 88' lang='lat' dir='ltr'><strong>dicenti:</strong></span> 
     </span>
    </p>
   </div>
   <div class='ocr_carea' id='block_1_35' title="bbox 2286 588 3879 665">
    <p class='ocr_par' dir='ltr' id='par_1_35' title="bbox 2286 588 3879 665">
     <span class='ocr_line' id='line_1_35' title="bbox 2286 588 3879 665; baseline -0.001 -19"><span class='ocrx_word' id='word_1_240' title='bbox 2286 595 2388 648; x_wconf 93' lang='grc' dir='ltr'>νοί.</span> <span class='ocrx_word' id='word_1_241' title='bbox 2426 594 2639 665; x_wconf 82' lang='grc' dir='ltr'>Ὠσπερ</span> <span class='ocrx_word' id='word_1_242' title='bbox 2671 593 2782 662; x_wconf 81' lang='grc' dir='ltr'><strong>γὰρ</strong></span> <span class='ocrx_word' id='word_1_243' title='bbox 2827 590 3169 663; x_wconf 81' lang='grc' dir='ltr'><strong>στρατιώτην</strong></span> <span class='ocrx_word' id='word_1_244' title='bbox 3207 589 3298 642; x_wconf 75' lang='grc' dir='ltr'>τὸν</span> <span class='ocrx_word' id='word_1_245' title='bbox 3336 588 3640 658; x_wconf 75' lang='grc' dir='ltr'>ῥιψάσπιδά</span> <span class='ocrx_word' id='word_1_246' title='bbox 3685 607 3745 642; x_wconf 89' lang='grc' dir='ltr'><strong>τε</strong></span> <span class='ocrx_word' id='word_1_247' title='bbox 3787 591 3879 644; x_wconf 73' lang='grc' dir='ltr'>καὶ</span> 
     </span>
    </p>
   </div>
   <div class='ocr_carea' id='block_1_36' title="bbox 2287 666 3878 756">
    <p class='ocr_par' dir='ltr' id='par_1_36' title="bbox 2287 666 3878 756">
     <span class='ocr_line' id='line_1_36' title="bbox 2287 666 3878 756; baseline -0.003 -18"><span class='ocrx_word' id='word_1_248' title='bbox 2287 685 2692 756; x_wconf 82' lang='grc' dir='ltr'>φυγοπόλεμον,</span> <span class='ocrx_word' id='word_1_249' title='bbox 2745 683 2805 736; x_wconf 77' lang='grc' dir='ltr'>οὐ</span> <span class='ocrx_word' id='word_1_250' title='bbox 2867 666 3140 752; x_wconf 76' lang='grc' dir='ltr'>δευτέροις</span> <span class='ocrx_word' id='word_1_251' title='bbox 3189 680 3455 752; x_wconf 83' lang='grc' dir='ltr'>τιμᾶσθαι</span> <span class='ocrx_word' id='word_1_252' title='bbox 3509 681 3878 752; x_wconf 80' lang='grc' dir='ltr'>σημάντροις,</span> 
     </span>
    </p>
   </div>
   <div class='ocr_carea' id='block_1_37' title="bbox 2287 771 3882 849">
    <p class='ocr_par' dir='ltr' id='par_1_37' title="bbox 2287 771 3882 849">
     <span class='ocr_line' id='line_1_37' title="bbox 2287 771 3882 849; baseline -0.003 -18"><span class='ocrx_word' id='word_1_253' title='bbox 2287 777 2402 832; x_wconf 82' lang='grc' dir='ltr'>ἀλλ’</span> <span class='ocrx_word' id='word_1_254' title='bbox 2437 777 2539 849; x_wconf 77' lang='grc' dir='ltr'><strong>ήδη</strong></span> <span class='ocrx_word' id='word_1_255' title='bbox 2582 774 2908 840; x_wconf 79' lang='grc' dir='ltr'>κολάζεσθαι</span> <span class='ocrx_word' id='word_1_256' title='bbox 2948 773 3055 844; x_wconf 77' lang='grc' dir='ltr'><strong>χρὴ</strong></span> <span class='ocrx_word' id='word_1_257' title='bbox 3076 815 3090 838; x_wconf 94' lang='grc'><strong>,</strong></span> <span class='ocrx_word' id='word_1_258' title='bbox 3128 775 3224 826; x_wconf 58' lang='grc' dir='ltr'><strong>καί¹</strong></span> <span class='ocrx_word' id='word_1_259' title='bbox 3252 772 3352 844; x_wconf 83' lang='grc' dir='ltr'>τῆς</span> <span class='ocrx_word' id='word_1_260' title='bbox 3387 771 3711 842; x_wconf 82' lang='grc' dir='ltr'>ἀνανδρείας</span> <span class='ocrx_word' id='word_1_261' title='bbox 3744 774 3882 826; x_wconf 78' lang='grc' dir='ltr'><strong>ἀπο⁶</strong></span> 
     </span>
    </p>
   </div>
   <div class='ocr_carea' id='block_1_38' title="bbox 2285 861 3879 937">
    <p class='ocr_par' dir='ltr' id='par_1_38' title="bbox 2285 861 3879 937">
     <span class='ocr_line' id='line_1_38' title="bbox 2285 861 3879 937; baseline -0.003 -13"><span class='ocrx_word' id='word_1_262' title='bbox 2285 869 2527 924; x_wconf 83' lang='grc' dir='ltr'>τιννύναι</span> <span class='ocrx_word' id='word_1_263' title='bbox 2557 868 2770 937; x_wconf 88' lang='grc' dir='ltr'>λόγους·</span> <span class='ocrx_word' id='word_1_264' title='bbox 2805 866 2897 921; x_wconf 79' lang='grc' dir='ltr'>τὸν</span> <span class='ocrx_word' id='word_1_265' title='bbox 2934 866 3117 931; x_wconf 77' lang='grc' dir='ltr'>αὐτὸν,</span> <span class='ocrx_word' id='word_1_266' title='bbox 3151 861 3326 936; x_wconf 77' lang='grc' dir='ltr'>οἶμαι,</span> <span class='ocrx_word' id='word_1_267' title='bbox 3356 865 3622 936; x_wconf 86' lang='grc' dir='ltr'>προσήκει</span> <span class='ocrx_word' id='word_1_268' title='bbox 3655 866 3879 936; x_wconf 78' lang='grc' dir='ltr'><strong>τρόπον,</strong></span> 
     </span>
    </p>
   </div>
   <div class='ocr_carea' id='block_1_39' title="bbox 2286 957 3884 1032">
    <p class='ocr_par' dir='ltr' id='par_1_39' title="bbox 2286 957 3884 1032">
     <span class='ocr_line' id='line_1_39' title="bbox 2286 957 3884 1032; baseline -0.003 -17"><span class='ocrx_word' id='word_1_269' title='bbox 2286 963 2414 1025; x_wconf 81' lang='grc' dir='ltr'>τοὺς</span> <span class='ocrx_word' id='word_1_270' title='bbox 2444 959 2586 1014; x_wconf 75' lang='grc' dir='ltr'>οὕτω</span> <span class='ocrx_word' id='word_1_271' title='bbox 2621 960 2827 1032; x_wconf 85' lang='grc' dir='ltr'>σεπτήν</span> <span class='ocrx_word' id='word_1_272' title='bbox 2855 976 2914 1011; x_wconf 90' lang='grc' dir='ltr'><strong>τε</strong></span> <span class='ocrx_word' id='word_1_273' title='bbox 2938 957 3033 1013; x_wconf 75' lang='grc' dir='ltr'>καὶ</span> <span class='ocrx_word' id='word_1_274' title='bbox 3065 957 3396 1025; x_wconf 80' lang='grc' dir='ltr'>ἀξιάγαστον</span> <span class='ocrx_word' id='word_1_275' title='bbox 3429 957 3884 1028; x_wconf 80' lang='grc' dir='ltr'>περιυϐρίζοντας</span> 
     </span>
    </p>
   </div>
   <div class='ocr_carea' id='block_1_40' title="bbox 2288 1048 3882 1124">
    <p class='ocr_par' dir='ltr' id='par_1_40' title="bbox 2288 1048 3882 1124">
     <span class='ocr_line' id='line_1_40' title="bbox 2288 1048 3882 1124; baseline -0.003 -17"><span class='ocrx_word' id='word_1_276' title='bbox 2288 1054 2470 1124; x_wconf 85' lang='grc' dir='ltr'><strong>χάριν,</strong></span> <span class='ocrx_word' id='word_1_277' title='bbox 2506 1054 2568 1107; x_wconf 86' lang='grc' dir='ltr'>οὐ</span> <span class='ocrx_word' id='word_1_278' title='bbox 2613 1052 2708 1107; x_wconf 88' lang='grc' dir='ltr'><strong>τοῦ</strong></span> <span class='ocrx_word' id='word_1_279' title='bbox 2741 1051 2999 1124; x_wconf 77' lang='grc' dir='ltr'><strong>δευτέρου</strong></span> <span class='ocrx_word' id='word_1_280' title='bbox 3032 1048 3299 1121; x_wconf 80' lang='grc' dir='ltr'>τιμᾶσθαι</span> <span class='ocrx_word' id='word_1_281' title='bbox 3341 1048 3661 1119; x_wconf 86' lang='grc' dir='ltr'>Πνεύματος</span> <span class='ocrx_word' id='word_1_282' title='bbox 3697 1049 3842 1104; x_wconf 84' lang='grc' dir='ltr'><strong>δόσει</strong></span> <span class='ocrx_word' id='word_1_283' title='bbox 3865 1089 3882 1114; x_wconf 87' lang='grc'><strong>,</strong></span> 
     </span>
    </p>
   </div>
   <div class='ocr_carea' id='block_1_41' title="bbox 2289 1141 3884 1218">
    <p class='ocr_par' dir='ltr' id='par_1_41' title="bbox 2289 1141 3884 1218">
     <span class='ocr_line' id='line_1_41' title="bbox 2289 1141 3884 1218; baseline -0.003 -17"><span class='ocrx_word' id='word_1_284' title='bbox 2289 1147 2388 1218; x_wconf 78' lang='grc' dir='ltr'>τῆς</span> <span class='ocrx_word' id='word_1_285' title='bbox 2417 1144 2642 1218; x_wconf 81' lang='grc' dir='ltr'><strong>πρώτης</strong></span> <span class='ocrx_word' id='word_1_286' title='bbox 2689 1143 3086 1215; x_wconf 86' lang='grc' dir='ltr'>ἀθετουμένης,</span> <span class='ocrx_word' id='word_1_287' title='bbox 3121 1141 3237 1196; x_wconf 81' lang='grc' dir='ltr'>ἀλλ’</span> <span class='ocrx_word' id='word_1_288' title='bbox 3269 1142 3372 1214; x_wconf 70' lang='grc' dir='ltr'>ἤδη</span> <span class='ocrx_word' id='word_1_289' title='bbox 3415 1144 3628 1207; x_wconf 83' lang='grc' dir='ltr'><strong>ποιναῖς</strong></span> <span class='ocrx_word' id='word_1_290' title='bbox 3659 1143 3884 1197; x_wconf 85' lang='grc' dir='ltr'>ὑποκεῖ-</span> 
     </span>
    </p>
   </div>
   <div class='ocr_carea' id='block_1_42' title="bbox 2291 1222 3887 1308">
    <p class='ocr_par' dir='ltr' id='par_1_42' title="bbox 2291 1222 3887 1308">
     <span class='ocr_line' id='line_1_42' title="bbox 2291 1222 3887 1308; baseline -0.003 -16"><span class='ocrx_word' id='word_1_291' title='bbox 2291 1237 2417 1292; x_wconf 84' lang='grc' dir='ltr'>σθαι</span> <span class='ocrx_word' id='word_1_292' title='bbox 2442 1238 2662 1308; x_wconf 88' lang='grc' dir='ltr'>πρέπει.</span> <span class='ocrx_word' id='word_1_293' title='bbox 2695 1237 2818 1291; x_wconf 89' lang='grc' dir='ltr'>Ὅτι</span> <span class='ocrx_word' id='word_1_294' title='bbox 2843 1235 2954 1308; x_wconf 87' lang='grc' dir='ltr'><strong>γὰρ</strong></span> <span class='ocrx_word' id='word_1_295' title='bbox 2993 1237 3120 1298; x_wconf 81' lang='grc' dir='ltr'>τοὺς</span> <span class='ocrx_word' id='word_1_296' title='bbox 3147 1233 3294 1302; x_wconf 75' lang='grc' dir='ltr'>ἅπαξ</span> <span class='ocrx_word' id='word_1_297' title='bbox 3319 1222 3770 1305; x_wconf 71' lang='grc' dir='ltr'>πεφωτισμένους</span> <span class='ocrx_word' id='word_1_298' title='bbox 3805 1236 3887 1299; x_wconf 81' lang='grc' dir='ltr'><strong>είς</strong></span> 
     </span>
    </p>
   </div>
   <div class='ocr_carea' id='block_1_43' title="bbox 2290 1326 3886 1402">
    <p class='ocr_par' dir='ltr' id='par_1_43' title="bbox 2290 1326 3886 1402">
     <span class='ocr_line' id='line_1_43' title="bbox 2290 1326 3886 1402; baseline -0.003 -18"><span class='ocrx_word' id='word_1_299' title='bbox 2290 1329 2448 1384; x_wconf 89' lang='grc' dir='ltr'>τοῦτο</span> <span class='ocrx_word' id='word_1_300' title='bbox 2488 1330 2624 1385; x_wconf 78' lang='grc' dir='ltr'>ξέναι</span> <span class='ocrx_word' id='word_1_301' title='bbox 2663 1329 2934 1402; x_wconf 84' lang='grc' dir='ltr'>προσήκει</span> <span class='ocrx_word' id='word_1_302' title='bbox 2975 1327 3203 1400; x_wconf 83' lang='grc' dir='ltr'>γνώμης</span> <span class='ocrx_word' id='word_1_303' title='bbox 3232 1366 3248 1392; x_wconf 89' lang='grc'><strong>,</strong></span> <span class='ocrx_word' id='word_1_304' title='bbox 3280 1329 3375 1381; x_wconf 76' lang='grc' dir='ltr'>καὶ</span> <span class='ocrx_word' id='word_1_305' title='bbox 3415 1327 3762 1398; x_wconf 83' lang='grc' dir='ltr'>έδραιότητος</span> <span class='ocrx_word' id='word_1_306' title='bbox 3795 1326 3886 1381; x_wconf 80' lang='grc' dir='ltr'>λο-</span> 
     </span>
    </p>
   </div>
   <div class='ocr_carea' id='block_1_44' title="bbox 2290 1416 3886 1490">
    <p class='ocr_par' dir='ltr' id='par_1_44' title="bbox 2290 1416 3886 1490">
     <span class='ocr_line' id='line_1_44' title="bbox 2290 1416 3886 1490; baseline -0.003 -16"><span class='ocrx_word' id='word_1_307' title='bbox 2290 1419 2528 1490; x_wconf 84' lang='grc' dir='ltr'>γισμῶν,</span> <span class='ocrx_word' id='word_1_308' title='bbox 2559 1419 2635 1484; x_wconf 82' lang='grc' dir='ltr'><strong>ὡς</strong></span> <span class='ocrx_word' id='word_1_309' title='bbox 2661 1420 2864 1474; x_wconf 74' lang='grc' dir='ltr'>εἰδέναι</span> <span class='ocrx_word' id='word_1_310' title='bbox 2902 1419 3002 1490; x_wconf 81' lang='grc' dir='ltr'>μὲν</span> <span class='ocrx_word' id='word_1_311' title='bbox 3025 1418 3122 1472; x_wconf 74' lang='grc' dir='ltr'>ἕνα</span> <span class='ocrx_word' id='word_1_312' title='bbox 3147 1417 3240 1472; x_wconf 84' lang='grc' dir='ltr'>τὸν</span> <span class='ocrx_word' id='word_1_313' title='bbox 3269 1416 3430 1487; x_wconf 82' lang='grc' dir='ltr'>φύσει</span> <span class='ocrx_word' id='word_1_314' title='bbox 3458 1417 3616 1482; x_wconf 83' lang='grc' dir='ltr'>Θεὸν,</span> <span class='ocrx_word' id='word_1_315' title='bbox 3645 1434 3886 1488; x_wconf 85' lang='grc' dir='ltr'>καταμυ·</span> 
     </span>
    </p>
   </div>
   <div class='ocr_carea' id='block_1_45' title="bbox 2294 1507 3880 1582">
    <p class='ocr_par' dir='ltr' id='par_1_45' title="bbox 2294 1507 3880 1582">
     <span class='ocr_line' id='line_1_45' title="bbox 2294 1507 3880 1582; baseline -0.002 -16"><span class='ocrx_word' id='word_1_316' title='bbox 2294 1512 2455 1566; x_wconf 84' lang='grc' dir='ltr'>σάττε</span> <span class='ocrx_word' id='word_1_317' title='bbox 2463 1511 2584 1566; x_wconf 89' lang='grc' dir='ltr'>σθαι</span> <span class='ocrx_word' id='word_1_318' title='bbox 2604 1512 2662 1566; x_wconf 81' lang='grc' dir='ltr'>δὲ</span> <span class='ocrx_word' id='word_1_319' title='bbox 2681 1513 2807 1575; x_wconf 85' lang='grc' dir='ltr'>τοὺς</span> <span class='ocrx_word' id='word_1_320' title='bbox 2817 1511 2905 1565; x_wconf 77' lang='grc' dir='ltr'>ἐτε</span> <span class='ocrx_word' id='word_1_321' title='bbox 2913 1511 3004 1582; x_wconf 92' lang='grc' dir='ltr'><strong>ρόν</strong></span> <span class='ocrx_word' id='word_1_322' title='bbox 3018 1528 3069 1564; x_wconf 89' lang='grc' dir='ltr'><strong>τι</strong></span> <span class='ocrx_word' id='word_1_323' title='bbox 3085 1508 3237 1580; x_wconf 85' lang='grc' dir='ltr'>παρὰ</span> <span class='ocrx_word' id='word_1_324' title='bbox 3253 1507 3412 1562; x_wconf 86' lang='grc' dir='ltr'>τοῦτο</span> <span class='ocrx_word' id='word_1_325' title='bbox 3432 1527 3455 1562; x_wconf 91' lang='grc' dir='ltr'><strong>ε</strong></span> <span class='ocrx_word' id='word_1_326' title='bbox 3466 1510 3657 1581; x_wconf 81' lang='grc' dir='ltr'>ίσηγου</span> <span class='ocrx_word' id='word_1_327' title='bbox 3665 1511 3880 1580; x_wconf 83' lang='grc' dir='ltr'>μένους,</span> 
     </span>
    </p>
   </div>
   <div class='ocr_carea' id='block_1_46' title="bbox 2292 1600 3884 1675">
    <p class='ocr_par' dir='ltr' id='par_1_46' title="bbox 2292 1600 3884 1675">
     <span class='ocr_line' id='line_1_46' title="bbox 2292 1600 3884 1675; baseline -0.003 -17"><span class='ocrx_word' id='word_1_328' title='bbox 2292 1607 2384 1659; x_wconf 76' lang='grc' dir='ltr'>καὶ</span> <span class='ocrx_word' id='word_1_329' title='bbox 2419 1603 2861 1675; x_wconf 86' lang='grc' dir='ltr'>ὲπιθυμημάτων</span> <span class='ocrx_word' id='word_1_330' title='bbox 2895 1601 3168 1656; x_wconf 86' lang='grc' dir='ltr'>ποιεῖσθαι</span> <span class='ocrx_word' id='word_1_331' title='bbox 3204 1600 3511 1666; x_wconf 85' lang='grc' dir='ltr'>κάλλιστον,</span> <span class='ocrx_word' id='word_1_332' title='bbox 3549 1603 3610 1657; x_wconf 83' lang='grc' dir='ltr'>τὸ</span> <span class='ocrx_word' id='word_1_333' title='bbox 3642 1601 3884 1672; x_wconf 80' lang='grc' dir='ltr'>ἐπιθρώ-</span> 
     </span>
    </p>
   </div>
   <div class='ocr_carea' id='block_1_47' title="bbox 2293 1694 3886 1766">
    <p class='ocr_par' dir='ltr' id='par_1_47' title="bbox 2293 1694 3886 1766">
     <span class='ocr_line' id='line_1_47' title="bbox 2293 1694 3886 1766; baseline -0.002 -15"><span class='ocrx_word' id='word_1_334' title='bbox 2293 1715 2446 1751; x_wconf 88' lang='grc' dir='ltr'>σκειν</span> <span class='ocrx_word' id='word_1_335' title='bbox 2473 1697 2732 1761; x_wconf 75' lang='grc' dir='ltr'><strong>εἰδώλοις,</strong></span> <span class='ocrx_word' id='word_1_336' title='bbox 2767 1697 2862 1750; x_wconf 74' lang='grc' dir='ltr'>καὶ</span> <span class='ocrx_word' id='word_1_337' title='bbox 2885 1694 3196 1750; x_wconf 72' lang='grc' dir='ltr'><strong>κατασείειν</strong></span> <span class='ocrx_word' id='word_1_338' title='bbox 3218 1696 3402 1759; x_wconf 83' lang='grc' dir='ltr'>ναοὺς,</span> <span class='ocrx_word' id='word_1_339' title='bbox 3433 1697 3526 1748; x_wconf 65' lang='grc' dir='ltr'><strong>καὶ</strong></span> <span class='ocrx_word' id='word_1_340' title='bbox 3556 1695 3710 1748; x_wconf 81' lang='grc' dir='ltr'>οὐδὲν</span> <span class='ocrx_word' id='word_1_341' title='bbox 3735 1697 3886 1766; x_wconf 86' lang='grc' dir='ltr'>ήγεῖ-</span> 
     </span>
    </p>
   </div>
   <div class='ocr_carea' id='block_1_48' title="bbox 2295 1785 3888 1859">
    <p class='ocr_par' dir='ltr' id='par_1_48' title="bbox 2295 1785 3888 1859">
     <span class='ocr_line' id='line_1_48' title="bbox 2295 1785 3888 1859; baseline -0.004 -15"><span class='ocrx_word' id='word_1_342' title='bbox 2295 1789 2420 1844; x_wconf 88' lang='grc' dir='ltr'>σθαι</span> <span class='ocrx_word' id='word_1_343' title='bbox 2452 1789 2521 1844; x_wconf 80' lang='grc' dir='ltr'><strong>τὰ</strong></span> <span class='ocrx_word' id='word_1_344' title='bbox 2561 1787 2832 1859; x_wconf 83' lang='grc' dir='ltr'>Ἑλλήνων</span> <span class='ocrx_word' id='word_1_345' title='bbox 2866 1786 3189 1857; x_wconf 77' lang='grc' dir='ltr'>σεϐάσματα</span> <span class='ocrx_word' id='word_1_346' title='bbox 3210 1827 3224 1851; x_wconf 95' lang='grc'><strong>,</strong></span> <span class='ocrx_word' id='word_1_347' title='bbox 3255 1785 3350 1839; x_wconf 75' lang='grc' dir='ltr'>καὶ</span> <span class='ocrx_word' id='word_1_348' title='bbox 3379 1786 3604 1855; x_wconf 79' lang='grc' dir='ltr'>ἀρχαῖος</span> <span class='ocrx_word' id='word_1_349' title='bbox 3629 1787 3778 1855; x_wconf 74' lang='grc' dir='ltr'>ἡμᾶς</span> <span class='ocrx_word' id='word_1_350' title='bbox 3811 1785 3888 1838; x_wconf 83' lang='grc' dir='ltr'>δι-</span> 
     </span>
    </p>
   </div>
   <div class='ocr_carea' id='block_1_49' title="bbox 2222 1868 3888 1949">
    <p class='ocr_par' dir='ltr' id='par_1_49' title="bbox 2222 1868 3888 1949">
     <span class='ocr_line' id='line_1_49' title="bbox 2222 1868 3888 1949; baseline -0.005 -14"><span class='ocrx_word' id='word_1_351' title='bbox 2222 1868 2265 1923; x_wconf 83' lang='grc' dir='ltr'><strong><em>Β</em></strong></span> <span class='ocrx_word' id='word_1_352' title='bbox 2293 1879 2442 1946; x_wconf 82' lang='grc' dir='ltr'>δάξει</span> <span class='ocrx_word' id='word_1_353' title='bbox 2466 1879 2645 1948; x_wconf 83' lang='grc' dir='ltr'><strong>λόγος.</strong></span> <span class='ocrx_word' id='word_1_354' title='bbox 2674 1879 2993 1949; x_wconf 78' lang='grc' dir='ltr'><strong>Γέγραπται</strong></span> <span class='ocrx_word' id='word_1_355' title='bbox 3019 1876 3128 1946; x_wconf 85' lang='grc' dir='ltr'><strong>γὰρ</strong></span> <span class='ocrx_word' id='word_1_356' title='bbox 3148 1877 3206 1929; x_wconf 82' lang='grc' dir='ltr'>ὲν</span> <span class='ocrx_word' id='word_1_357' title='bbox 3229 1877 3339 1939; x_wconf 86' lang='grc' dir='ltr'>τοῖς</span> <span class='ocrx_word' id='word_1_358' title='bbox 3382 1875 3689 1946; x_wconf 77' lang='grc' dir='ltr'>’Λριθμοῖςο</span> <span class='ocrx_word' id='word_1_359' title='bbox 3726 1896 3743 1926; x_wconf 76' lang='grc' dir='ltr'><strong>ι</strong></span> <span class='ocrx_word' id='word_1_360' title='bbox 3776 1875 3888 1928; x_wconf 75' lang='grc' dir='ltr'><strong>Καὶ</strong></span> 
     </span>
    </p>
   </div>
   <div class='ocr_carea' id='block_1_50' title="bbox 2295 1965 3887 2043">
    <p class='ocr_par' dir='ltr' id='par_1_50' title="bbox 2295 1965 3887 2043">
     <span class='ocr_line' id='line_1_50' title="bbox 2295 1965 3887 2043; baseline -0.004 -18"><span class='ocrx_word' id='word_1_361' title='bbox 2295 1971 2528 2043; x_wconf 78' lang='grc' dir='ltr'>ὲλάλησε</span> <span class='ocrx_word' id='word_1_362' title='bbox 2581 1972 2788 2042; x_wconf 86' lang='grc' dir='ltr'>Κύριος</span> <span class='ocrx_word' id='word_1_363' title='bbox 2840 1969 2974 2040; x_wconf 75' lang='grc' dir='ltr'>πρὸς</span> <span class='ocrx_word' id='word_1_364' title='bbox 3031 1968 3238 2038; x_wconf 86' lang='grc' dir='ltr'>Μωσῆν</span> <span class='ocrx_word' id='word_1_365' title='bbox 3292 1968 3384 2020; x_wconf 75' lang='grc' dir='ltr'><strong>ἐπὶ</strong></span> <span class='ocrx_word' id='word_1_366' title='bbox 3433 1967 3655 2038; x_wconf 79' lang='grc' dir='ltr'><strong>δυσμῶν</strong></span> <span class='ocrx_word' id='word_1_367' title='bbox 3710 1965 3887 2020; x_wconf 70' lang='grc' dir='ltr'><strong>Μωάσ</strong></span> 
     </span>
    </p>
   </div>
   <div class='ocr_carea' id='block_1_51' title="bbox 2295 2057 3888 2135">
    <p class='ocr_par' dir='ltr' id='par_1_51' title="bbox 2295 2057 3888 2135">
     <span class='ocr_line' id='line_1_51' title="bbox 2295 2057 3888 2135; baseline -0.004 -17"><span class='ocrx_word' id='word_1_368' title='bbox 2295 2063 2451 2135; x_wconf 76' lang='grc' dir='ltr'>παρὰ</span> <span class='ocrx_word' id='word_1_369' title='bbox 2476 2063 2568 2118; x_wconf 81' lang='grc' dir='ltr'>τὸν</span> <span class='ocrx_word' id='word_1_370' title='bbox 2614 2062 2890 2134; x_wconf 81' lang='grc' dir='ltr'><strong>Ἰορδάνην</strong></span> <span class='ocrx_word' id='word_1_371' title='bbox 2926 2061 3070 2114; x_wconf 80' lang='grc' dir='ltr'>κατὰ</span> <span class='ocrx_word' id='word_1_372' title='bbox 3117 2057 3352 2130; x_wconf 83' lang='grc' dir='ltr'>Ἰεριχὼ,</span> <span class='ocrx_word' id='word_1_373' title='bbox 3393 2059 3567 2127; x_wconf 83' lang='grc' dir='ltr'>λέγων</span> <span class='ocrx_word' id='word_1_374' title='bbox 3592 2075 3606 2088; x_wconf 92' lang='grc'><strong>·</strong></span> <span class='ocrx_word' id='word_1_375' title='bbox 3639 2059 3888 2129; x_wconf 85' lang='grc' dir='ltr'>Λάλησον</span> 
     </span>
    </p>
   </div>
   <div class='ocr_carea' id='block_1_52' title="bbox 2291 2149 3887 2225">
    <p class='ocr_par' dir='ltr' id='par_1_52' title="bbox 2291 2149 3887 2225">
     <span class='ocr_line' id='line_1_52' title="bbox 2291 2149 3887 2225; baseline -0.004 -17"><span class='ocrx_word' id='word_1_376' title='bbox 2291 2158 2407 2218; x_wconf 87' lang='grc' dir='ltr'>τοῖς</span> <span class='ocrx_word' id='word_1_377' title='bbox 2436 2155 2572 2217; x_wconf 81' lang='grc' dir='ltr'><strong>υἱοῖς</strong></span> <span class='ocrx_word' id='word_1_378' title='bbox 2614 2153 2866 2225; x_wconf 83' lang='grc' dir='ltr'>Ἰσραὴλ,</span> <span class='ocrx_word' id='word_1_379' title='bbox 2917 2151 3012 2204; x_wconf 77' lang='grc' dir='ltr'>καὶ</span> <span class='ocrx_word' id='word_1_380' title='bbox 3043 2153 3190 2222; x_wconf 77' lang='grc' dir='ltr'>ἐρεῖς</span> <span class='ocrx_word' id='word_1_381' title='bbox 3235 2149 3371 2222; x_wconf 81' lang='grc' dir='ltr'>πρὸς</span> <span class='ocrx_word' id='word_1_382' title='bbox 3406 2149 3632 2214; x_wconf 81' lang='grc' dir='ltr'>αὐτούς·</span> <span class='ocrx_word' id='word_1_383' title='bbox 3697 2151 3887 2221; x_wconf 83' lang='grc' dir='ltr'>Ὑμεῖς</span> 
     </span>
    </p>
   </div>
   <div class='ocr_carea' id='block_1_53' title="bbox 2293 2242 3886 2318">
    <p class='ocr_par' dir='ltr' id='par_1_53' title="bbox 2293 2242 3886 2318">
     <span class='ocr_line' id='line_1_53' title="bbox 2293 2242 3886 2318; baseline -0.005 -15"><span class='ocrx_word' id='word_1_384' title='bbox 2293 2247 2594 2303; x_wconf 81' lang='grc' dir='ltr'>διαϐαίνετε</span> <span class='ocrx_word' id='word_1_385' title='bbox 2639 2246 2728 2299; x_wconf 69' lang='grc' dir='ltr'><strong>τὸν</strong></span> <span class='ocrx_word' id='word_1_386' title='bbox 2771 2246 3044 2318; x_wconf 81' lang='grc' dir='ltr'>Ἰορδάνην</span> <span class='ocrx_word' id='word_1_387' title='bbox 3089 2245 3171 2308; x_wconf 88' lang='grc' dir='ltr'><strong>εἰς</strong></span> <span class='ocrx_word' id='word_1_388' title='bbox 3200 2245 3302 2316; x_wconf 85' lang='grc' dir='ltr'>γῆν</span> <span class='ocrx_word' id='word_1_389' title='bbox 3337 2242 3581 2304; x_wconf 83' lang='grc' dir='ltr'>Χαναὰν.</span> <span class='ocrx_word' id='word_1_390' title='bbox 3625 2243 3721 2297; x_wconf 79' lang='grc' dir='ltr'>καὶ</span> <span class='ocrx_word' id='word_1_391' title='bbox 3778 2245 3886 2296; x_wconf 84' lang='grc' dir='ltr'><strong>ἀπ-</strong></span> 
     </span>
    </p>
   </div>
   <div class='ocr_carea' id='block_1_54' title="bbox 2296 2336 3886 2408">
    <p class='ocr_par' dir='ltr' id='par_1_54' title="bbox 2296 2336 3886 2408">
     <span class='ocr_line' id='line_1_54' title="bbox 2296 2336 3886 2408; baseline -0.001 -17"><span class='ocrx_word' id='word_1_392' title='bbox 2296 2340 2476 2392; x_wconf 87' lang='grc' dir='ltr'>ολεῖτε</span> <span class='ocrx_word' id='word_1_393' title='bbox 2503 2338 2712 2401; x_wconf 84' lang='grc' dir='ltr'><strong>πάντας</strong></span> <span class='ocrx_word' id='word_1_394' title='bbox 2738 2339 2866 2401; x_wconf 77' lang='grc' dir='ltr'>τοὺς</span> <span class='ocrx_word' id='word_1_395' title='bbox 2891 2336 3274 2400; x_wconf 82' lang='grc' dir='ltr'><strong>κατοικοῦντας</strong></span> <span class='ocrx_word' id='word_1_396' title='bbox 3308 2337 3366 2388; x_wconf 82' lang='grc' dir='ltr'><strong>έν</strong></span> <span class='ocrx_word' id='word_1_397' title='bbox 3396 2339 3460 2407; x_wconf 87' lang='grc' dir='ltr'>τῇ</span> <span class='ocrx_word' id='word_1_398' title='bbox 3491 2338 3561 2407; x_wconf 84' lang='grc' dir='ltr'>γῇ</span> <span class='ocrx_word' id='word_1_399' title='bbox 3586 2337 3692 2407; x_wconf 84' lang='grc' dir='ltr'>πρὸ</span> <span class='ocrx_word' id='word_1_400' title='bbox 3713 2353 3886 2408; x_wconf 80' lang='grc' dir='ltr'>προσ-</span> 
     </span>
    </p>
   </div>
   <div class='ocr_carea' id='block_1_55' title="bbox 2291 2427 3885 2500">
    <p class='ocr_par' dir='ltr' id='par_1_55' title="bbox 2291 2427 3885 2500">
     <span class='ocr_line' id='line_1_55' title="bbox 2291 2427 3885 2500; baseline -0.001 -17"><span class='ocrx_word' id='word_1_401' title='bbox 2291 2429 2442 2483; x_wconf 86' lang='grc' dir='ltr'>ὠπου</span> <span class='ocrx_word' id='word_1_402' title='bbox 2476 2429 2654 2499; x_wconf 82' lang='grc' dir='ltr'>ὑμῶν.</span> <span class='ocrx_word' id='word_1_403' title='bbox 2710 2431 2822 2482; x_wconf 77' lang='lat' dir='ltr'><strong>Kal.</strong></span> <span class='ocrx_word' id='word_1_404' title='bbox 2875 2428 3124 2500; x_wconf 73' lang='grc' dir='ltr'>ἐξαιρεῖτε</span> <span class='ocrx_word' id='word_1_405' title='bbox 3160 2428 3256 2492; x_wconf 86' lang='grc' dir='ltr'><strong>τὰς</strong></span> <span class='ocrx_word' id='word_1_406' title='bbox 3293 2427 3526 2492; x_wconf 79' lang='grc' dir='ltr'>σκοπιὰς</span> <span class='ocrx_word' id='word_1_407' title='bbox 3553 2427 3753 2492; x_wconf 77' lang='grc' dir='ltr'>αὐτῶν,</span> <span class='ocrx_word' id='word_1_408' title='bbox 3791 2428 3885 2482; x_wconf 78' lang='grc' dir='ltr'>καὶ</span> 
     </span>
    </p>
   </div>
   <div class='ocr_carea' id='block_1_56' title="bbox 2295 2519 3884 2591">
    <p class='ocr_par' dir='ltr' id='par_1_56' title="bbox 2295 2519 3884 2591">
     <span class='ocr_line' id='line_1_56' title="bbox 2295 2519 3884 2591; baseline -0.002 -15"><span class='ocrx_word' id='word_1_409' title='bbox 2295 2521 2478 2579; x_wconf 72' lang='grc' dir='ltr'>πάντα</span> <span class='ocrx_word' id='word_1_410' title='bbox 2509 2521 2577 2575; x_wconf 81' lang='grc' dir='ltr'>τὰ</span> <span class='ocrx_word' id='word_1_411' title='bbox 2621 2520 2817 2574; x_wconf 74' lang='grc' dir='ltr'>εἴδωλα</span> <span class='ocrx_word' id='word_1_412' title='bbox 2847 2519 2918 2574; x_wconf 85' lang='grc' dir='ltr'><strong>τὰ</strong></span> <span class='ocrx_word' id='word_1_413' title='bbox 2947 2519 3195 2591; x_wconf 81' lang='grc' dir='ltr'>χωνευτὰ</span> <span class='ocrx_word' id='word_1_414' title='bbox 3226 2519 3406 2573; x_wconf 84' lang='grc' dir='ltr'>αὐτῶν</span> <span class='ocrx_word' id='word_1_415' title='bbox 3437 2519 3698 2573; x_wconf 80' lang='grc' dir='ltr'>ἀπολεῖτε·</span> <span class='ocrx_word' id='word_1_416' title='bbox 3722 2521 3884 2585; x_wconf 74' lang='grc' dir='ltr'>αὐτὰ,</span> 
     </span>
    </p>
   </div>
   <div class='ocr_carea' id='block_1_57' title="bbox 2295 2611 3892 2683">
    <p class='ocr_par' dir='ltr' id='par_1_57' title="bbox 2295 2611 3892 2683">
     <span class='ocr_line' id='line_1_57' title="bbox 2295 2611 3892 2683; baseline -0.001 -16"><span class='ocrx_word' id='word_1_417' title='bbox 2295 2613 2391 2668; x_wconf 76' lang='grc' dir='ltr'><strong>καὶ</strong></span> <span class='ocrx_word' id='word_1_418' title='bbox 2426 2613 2608 2677; x_wconf 85' lang='grc' dir='ltr'>πάσας</span> <span class='ocrx_word' id='word_1_419' title='bbox 2638 2612 2738 2677; x_wconf 84' lang='grc' dir='ltr'>τὰς</span> <span class='ocrx_word' id='word_1_420' title='bbox 2775 2611 2977 2682; x_wconf 82' lang='grc' dir='ltr'><strong>στήλας</strong></span> <span class='ocrx_word' id='word_1_421' title='bbox 3006 2611 3187 2664; x_wconf 84' lang='grc' dir='ltr'>αὐτῶν</span> <span class='ocrx_word' id='word_1_422' title='bbox 3215 2611 3486 2683; x_wconf 83' lang='grc' dir='ltr'>ὲξαρεῖτε.</span> <span class='ocrx_word' id='word_1_423' title='bbox 3526 2631 3545 2664; x_wconf 72' lang='grc' dir='ltr'><strong>ι</strong></span> <span class='ocrx_word' id='word_1_424' title='bbox 3581 2613 3779 2682; x_wconf 88' lang='grc' dir='ltr'>Συνίης</span> <span class='ocrx_word' id='word_1_425' title='bbox 3803 2613 3892 2670; x_wconf 78' lang='grc' dir='ltr'>ὅτι</span> 
     </span>
    </p>
   </div>
   <div class='ocr_carea' id='block_1_58' title="bbox 2295 2702 3882 2775">
    <p class='ocr_par' dir='ltr' id='par_1_58' title="bbox 2295 2702 3882 2775">
     <span class='ocr_line' id='line_1_58' title="bbox 2295 2702 3882 2775; baseline -0.002 -17"><span class='ocrx_word' id='word_1_426' title='bbox 2295 2706 2422 2769; x_wconf 77' lang='grc' dir='ltr'>τοὺς</span> <span class='ocrx_word' id='word_1_427' title='bbox 2448 2704 2819 2775; x_wconf 82' lang='grc' dir='ltr'>παρελθόντας</span> <span class='ocrx_word' id='word_1_428' title='bbox 2834 2703 2926 2756; x_wconf 82' lang='grc' dir='ltr'>τὸν</span> <span class='ocrx_word' id='word_1_429' title='bbox 2965 2703 3260 2775; x_wconf 84' lang='grc' dir='ltr'>Ἰορδάνην,</span> <span class='ocrx_word' id='word_1_430' title='bbox 3307 2704 3372 2756; x_wconf 81' lang='grc' dir='ltr'>ὲκ</span> <span class='ocrx_word' id='word_1_431' title='bbox 3407 2703 3575 2773; x_wconf 83' lang='grc' dir='ltr'>μέσου</span> <span class='ocrx_word' id='word_1_432' title='bbox 3611 2702 3882 2756; x_wconf 79' lang='grc' dir='ltr'>ποιεῖσθαι</span> 
     </span>
    </p>
   </div>
   <div class='ocr_carea' id='block_1_59' title="bbox 2295 2794 3879 2868">
    <p class='ocr_par' dir='ltr' id='par_1_59' title="bbox 2295 2794 3879 2868">
     <span class='ocr_line' id='line_1_59' title="bbox 2295 2794 3879 2868; baseline -0.005 -12"><span class='ocrx_word' id='word_1_433' title='bbox 2295 2798 2402 2868; x_wconf 80' lang='grc' dir='ltr'><strong>χρὴ</strong></span> <span class='ocrx_word' id='word_1_434' title='bbox 2456 2797 2669 2868; x_wconf 78' lang='grc' dir='ltr'>βωμοὺς</span> <span class='ocrx_word' id='word_1_435' title='bbox 2720 2796 2814 2849; x_wconf 76' lang='grc' dir='ltr'>καὶ</span> <span class='ocrx_word' id='word_1_436' title='bbox 2858 2794 3060 2866; x_wconf 82' lang='grc' dir='ltr'>τεμένη</span> <span class='ocrx_word' id='word_1_437' title='bbox 3093 2836 3108 2860; x_wconf 93' lang='grc'><strong>,</strong></span> <span class='ocrx_word' id='word_1_438' title='bbox 3145 2796 3242 2848; x_wconf 75' lang='grc' dir='ltr'>καὶ</span> <span class='ocrx_word' id='word_1_439' title='bbox 3295 2796 3482 2859; x_wconf 87' lang='grc' dir='ltr'>αὐτοῖς</span> <span class='ocrx_word' id='word_1_440' title='bbox 3515 2795 3756 2858; x_wconf 75' lang='grc' dir='ltr'>εἰδώλοις</span> <span class='ocrx_word' id='word_1_441' title='bbox 3790 2796 3879 2848; x_wconf 81' lang='grc' dir='ltr'>καὶ</span> 
     </span>
    </p>
   </div>
   <div class='ocr_carea' id='block_1_60' title="bbox 2298 2885 3882 2958">
    <p class='ocr_par' dir='ltr' id='par_1_60' title="bbox 2298 2885 3882 2958">
     <span class='ocr_line' id='line_1_60' title="bbox 2298 2885 3882 2958; baseline 0 -18"><span class='ocrx_word' id='word_1_442' title='bbox 2298 2887 2528 2957; x_wconf 83' lang='grc' dir='ltr'>στήλαις</span> <span class='ocrx_word' id='word_1_443' title='bbox 2560 2885 2956 2958; x_wconf 80' lang='grc' dir='ltr'>ἀναμοχλεύειν</span> <span class='ocrx_word' id='word_1_444' title='bbox 2985 2885 3248 2957; x_wconf 83' lang='grc' dir='ltr'>ἀμελητί;</span> <span class='ocrx_word' id='word_1_445' title='bbox 3293 2886 3370 2950; x_wconf 86' lang='grc' dir='ltr'>ὡς</span> <span class='ocrx_word' id='word_1_446' title='bbox 3391 2886 3454 2940; x_wconf 87' lang='grc' dir='ltr'><strong>τό</strong></span> <span class='ocrx_word' id='word_1_447' title='bbox 3486 2903 3547 2955; x_wconf 89' lang='grc' dir='ltr'><strong>γε</strong></span> <span class='ocrx_word' id='word_1_448' title='bbox 3577 2885 3745 2955; x_wconf 82' lang='grc' dir='ltr'>φειδὼ</span> <span class='ocrx_word' id='word_1_449' title='bbox 3774 2888 3882 2951; x_wconf 86' lang='grc' dir='ltr'>τοῖς</span> 
     </span>
    </p>
   </div>
   <div class='ocr_carea' id='block_1_61' title="bbox 2293 2977 3881 3050">
    <p class='ocr_par' dir='ltr' id='par_1_61' title="bbox 2293 2977 3881 3050">
     <span class='ocr_line' id='line_1_61' title="bbox 2293 2977 3881 3050; baseline -0.001 -18"><span class='ocrx_word' id='word_1_450' title='bbox 2293 2979 2558 3043; x_wconf 79' lang='grc' dir='ltr'>τοιούτοις</span> <span class='ocrx_word' id='word_1_451' title='bbox 2576 2978 2739 3050; x_wconf 81' lang='grc' dir='ltr'>τυχὸν</span> <span class='ocrx_word' id='word_1_452' title='bbox 2767 2978 3060 3049; x_wconf 79' lang='grc' dir='ltr'>ἀπονέμειν</span> <span class='ocrx_word' id='word_1_453' title='bbox 3093 2980 3285 3042; x_wconf 84' lang='grc' dir='ltr'>κακοῖς</span> <span class='ocrx_word' id='word_1_454' title='bbox 3317 2979 3550 3050; x_wconf 88' lang='grc' dir='ltr'>μήνυσις</span> <span class='ocrx_word' id='word_1_455' title='bbox 3575 2978 3643 3032; x_wconf 84' lang='grc' dir='ltr'>ἂν</span> <span class='ocrx_word' id='word_1_456' title='bbox 3670 2977 3881 3044; x_wconf 81' lang='grc' dir='ltr'>γένοιτο</span> 
     </span>
    </p>
   </div>
   <div class='ocr_carea' id='block_1_62' title="bbox 2297 3069 3881 3143">
    <p class='ocr_par' dir='ltr' id='par_1_62' title="bbox 2297 3069 3881 3143">
     <span class='ocr_line' id='line_1_62' title="bbox 2297 3069 3881 3143; baseline -0.001 -20"><span class='ocrx_word' id='word_1_457' title='bbox 2297 3070 2496 3141; x_wconf 72' lang='grc' dir='ltr'>σαφὴς,</span> <span class='ocrx_word' id='word_1_458' title='bbox 2523 3069 2616 3124; x_wconf 86' lang='grc' dir='ltr'><strong>τοῦ</strong></span> <span class='ocrx_word' id='word_1_459' title='bbox 2654 3069 2728 3142; x_wconf 82' lang='grc' dir='ltr'>μὴ</span> <span class='ocrx_word' id='word_1_460' title='bbox 2755 3070 3073 3142; x_wconf 82' lang='grc' dir='ltr'>ἐρηρεῖσθαι</span> <span class='ocrx_word' id='word_1_461' title='bbox 3105 3069 3309 3134; x_wconf 88' lang='grc' dir='ltr'>καλῶς,</span> <span class='ocrx_word' id='word_1_462' title='bbox 3342 3071 3479 3141; x_wconf 90' lang='grc' dir='ltr'>μήτε</span> <span class='ocrx_word' id='word_1_463' title='bbox 3505 3069 3613 3143; x_wconf 80' lang='grc' dir='ltr'>μὴν</span> <span class='ocrx_word' id='word_1_464' title='bbox 3645 3071 3881 3125; x_wconf 82' lang='grc' dir='ltr'>ἀκαται·</span> 
     </span>
    </p>
   </div>
   <div class='ocr_carea' id='block_1_63' title="bbox 2294 3163 3888 3234">
    <p class='ocr_par' dir='ltr' id='par_1_63' title="bbox 2294 3163 3888 3234">
     <span class='ocr_line' id='line_1_63' title="bbox 2294 3163 3888 3234; baseline -0.002 -18"><span class='ocrx_word' id='word_1_465' title='bbox 2294 3164 2476 3216; x_wconf 89' lang='grc' dir='ltr'>τίατον</span> <span class='ocrx_word' id='word_1_466' title='bbox 2496 3163 2574 3234; x_wconf 88' lang='grc' dir='ltr'><strong>τῷ</strong></span> <span class='ocrx_word' id='word_1_467' title='bbox 2603 3163 2722 3233; x_wconf 86' lang='grc' dir='ltr'><strong>Θεῷ</strong></span> <span class='ocrx_word' id='word_1_468' title='bbox 2749 3164 2846 3234; x_wconf 82' lang='grc' dir='ltr'><strong>τὴν</strong></span> <span class='ocrx_word' id='word_1_469' title='bbox 2877 3164 3106 3234; x_wconf 78' lang='grc' dir='ltr'>καρδίαν</span> <span class='ocrx_word' id='word_1_470' title='bbox 3132 3163 3417 3233; x_wconf 79' lang='grc' dir='ltr'>ἀφιεροῦν,</span> <span class='ocrx_word' id='word_1_471' title='bbox 3465 3164 3646 3217; x_wconf 89' lang='grc' dir='ltr'>καίτοι</span> <span class='ocrx_word' id='word_1_472' title='bbox 3671 3163 3888 3232; x_wconf 89' lang='grc' dir='ltr'>λέγοντι</span> 
     </span>
    </p>
   </div>
   <div class='ocr_carea' id='block_1_64' title="bbox 611 3237 2187 3335">
    <p class='ocr_par' dir='ltr' id='par_1_64' title="bbox 611 3255 2185 3335">
     <span class='ocr_line' id='line_1_64' title="bbox 611 3255 2185 3335; baseline 0.008 -27"><span class='ocrx_word' id='word_1_473' title='bbox 611 3255 759 3310; x_wconf 69' lang='lat' dir='ltr'><strong>«Non</strong></span> <span class='ocrx_word' id='word_1_474' title='bbox 791 3258 1050 3315; x_wconf 89' lang='lat' dir='ltr'><strong>adorabis</strong></span> <span class='ocrx_word' id='word_1_475' title='bbox 1082 3261 1216 3317; x_wconf 89' lang='lat' dir='ltr'><strong>deos</strong></span> <span class='ocrx_word' id='word_1_476' title='bbox 1244 3263 1510 3333; x_wconf 91' lang='lat' dir='ltr'><strong>ipsorum,</strong></span> <span class='ocrx_word' id='word_1_477' title='bbox 1541 3280 1723 3335; x_wconf 88' lang='lat' dir='ltr'><strong>neque</strong></span> <span class='ocrx_word' id='word_1_478' title='bbox 1751 3266 1899 3321; x_wconf 87' lang='lat' dir='ltr'><strong>coles</strong></span> <span class='ocrx_word' id='word_1_479' title='bbox 1925 3281 2052 3333; x_wconf 84' lang='lat' dir='ltr'><strong>eos;</strong></span> <span class='ocrx_word' id='word_1_480' title='bbox 2077 3282 2185 3322; x_wconf 90' lang='lat' dir='ltr'><strong>non</strong></span> 
     </span>
    </p>
   </div>
   <div class='ocr_carea' id='block_1_65' title="bbox 2289 3237 3865 3335">
    <p class='ocr_par' dir='ltr' id='par_1_65' title="bbox 2295 3253 3865 3326">
     <span class='ocr_line' id='line_1_65' title="bbox 2295 3253 3865 3326; baseline -0.001 -18"><span class='ocrx_word' id='word_1_481' title='bbox 2295 3255 2484 3323; x_wconf 78' lang='grc' dir='ltr'>σαφῶς</span> <span class='ocrx_word' id='word_1_482' title='bbox 2514 3257 2642 3326; x_wconf 78' lang='grc' dir='ltr'>περὶ</span> <span class='ocrx_word' id='word_1_483' title='bbox 2671 3255 2778 3307; x_wconf 78' lang='grc' dir='ltr'><strong>τῶν</strong></span> <span class='ocrx_word' id='word_1_484' title='bbox 2815 3255 2990 3308; x_wconf 83' lang='grc' dir='ltr'>ἀθέων</span> <span class='ocrx_word' id='word_1_485' title='bbox 3022 3255 3116 3308; x_wconf 67' lang='grc' dir='ltr'><strong>καλ⁸</strong></span> <span class='ocrx_word' id='word_1_486' title='bbox 3154 3253 3409 3326; x_wconf 83' lang='grc' dir='ltr'>πονηρῶν</span> <span class='ocrx_word' id='word_1_487' title='bbox 3433 3271 3446 3285; x_wconf 86' lang='grc'><strong>·</strong></span> <span class='ocrx_word' id='word_1_488' title='bbox 3481 3273 3500 3307; x_wconf 78' lang='grc' dir='ltr'><strong>ι</strong></span> <span class='ocrx_word' id='word_1_489' title='bbox 3536 3254 3610 3308; x_wconf 83' lang='grc' dir='ltr'><strong>Οὐ</strong></span> <span class='ocrx_word' id='word_1_490' title='bbox 3639 3271 3865 3325; x_wconf 86' lang='grc' dir='ltr'>προσκυ-</span> 
     </span>
    </p>
   </div>
   <div class='ocr_carea' id='block_1_66' title="bbox 602 3345 2184 3425">
    <p class='ocr_par' dir='ltr' id='par_1_66' title="bbox 602 3345 2184 3425">
     <span class='ocr_line' id='line_1_66' title="bbox 602 3345 2184 3425; baseline 0.008 -25"><span class='ocrx_word' id='word_1_491' title='bbox 602 3345 771 3402; x_wconf 88' lang='lat' dir='ltr'><strong>facies</strong></span> <span class='ocrx_word' id='word_1_492' title='bbox 797 3350 952 3420; x_wconf 82' lang='lat' dir='ltr'><strong>juxta</strong></span> <span class='ocrx_word' id='word_1_493' title='bbox 973 3367 1140 3420; x_wconf 90' lang='lat' dir='ltr'><strong>opera</strong></span> <span class='ocrx_word' id='word_1_494' title='bbox 1174 3368 1389 3418; x_wconf 89' lang='lat' dir='ltr'><strong>eorum,</strong></span> <span class='ocrx_word' id='word_1_495' title='bbox 1425 3354 1520 3408; x_wconf 90' lang='lat' dir='ltr'><strong>sed</strong></span> <span class='ocrx_word' id='word_1_496' title='bbox 1544 3353 1883 3410; x_wconf 87' lang='lat' dir='ltr'><strong>destruendo</strong></span> <span class='ocrx_word' id='word_1_497' title='bbox 1913 3356 2184 3425; x_wconf 88' lang='lat' dir='ltr'><strong>destrues,</strong></span> 
     </span>
    </p>
   </div>
   <div class='ocr_carea' id='block_1_67' title="bbox 603 3440 2190 3512">
    <p class='ocr_par' dir='ltr' id='par_1_67' title="bbox 603 3440 2190 3512">
     <span class='ocr_line' id='line_1_67' title="bbox 603 3440 2190 3512; baseline 0.009 -22"><span class='ocrx_word' id='word_1_498' title='bbox 603 3445 660 3491; x_wconf 89' lang='lat' dir='ltr'><strong>et</strong></span> <span class='ocrx_word' id='word_1_499' title='bbox 683 3440 1024 3493; x_wconf 77' lang='lat' dir='ltr'><strong>conterenda</strong></span> <span class='ocrx_word' id='word_1_500' title='bbox 1072 3449 1331 3497; x_wconf 88' lang='lat' dir='ltr'><strong>conteres</strong></span> <span class='ocrx_word' id='word_1_501' title='bbox 1373 3443 1567 3498; x_wconf 90' lang='lat' dir='ltr'><strong>titulos</strong></span> <span class='ocrx_word' id='word_1_502' title='bbox 1624 3460 1839 3512; x_wconf 90' lang='lat' dir='ltr'><strong>eorum,</strong></span> <span class='ocrx_word' id='word_1_503' title='bbox 1879 3455 1935 3501; x_wconf 89' lang='lat' dir='ltr'><strong>et</strong></span> <span class='ocrx_word' id='word_1_504' title='bbox 1983 3448 2190 3503; x_wconf 78' lang='lat' dir='ltr'><strong>servies</strong></span> 
     </span>
    </p>
   </div>
   <div class='ocr_carea' id='block_1_68' title="bbox 603 3529 2190 3607">
    <p class='ocr_par' dir='ltr' id='par_1_68' title="bbox 603 3529 2190 3607">
     <span class='ocr_line' id='line_1_68' title="bbox 603 3529 2190 3607; baseline 0.008 -23"><span class='ocrx_word' id='word_1_505' title='bbox 603 3529 838 3585; x_wconf 91' lang='lat' dir='ltr'><strong>Domino</strong></span> <span class='ocrx_word' id='word_1_506' title='bbox 888 3532 1000 3587; x_wconf 93' lang='lat' dir='ltr'><strong>Deo</strong></span> <span class='ocrx_word' id='word_1_507' title='bbox 1030 3541 1158 3599; x_wconf 91' lang='lat' dir='ltr'><strong>tuo;</strong></span> <span class='ocrx_word' id='word_1_508' title='bbox 1213 3542 1269 3589; x_wconf 91' lang='lat' dir='ltr'><strong>et</strong></span> <span class='ocrx_word' id='word_1_509' title='bbox 1318 3534 1644 3590; x_wconf 89' lang='lat' dir='ltr'><strong>benedicam</strong></span> <span class='ocrx_word' id='word_1_510' title='bbox 1683 3553 1881 3607; x_wconf 81' lang='lat' dir='ltr'><strong>panem</strong></span> <span class='ocrx_word' id='word_1_511' title='bbox 1930 3549 2108 3604; x_wconf 90' lang='lat' dir='ltr'><strong>tuum,</strong></span> <span class='ocrx_word' id='word_1_512' title='bbox 2134 3551 2190 3598; x_wconf 89' lang='lat' dir='ltr'><strong>et</strong></span> 
     </span>
    </p>
   </div>
   <div class='ocr_carea' id='block_1_69' title="bbox 603 3617 2190 3694">
    <p class='ocr_par' dir='ltr' id='par_1_69' title="bbox 603 3617 2190 3694">
     <span class='ocr_line' id='line_1_69' title="bbox 603 3617 2190 3694; baseline 0.009 -23"><span class='ocrx_word' id='word_1_513' title='bbox 603 3617 796 3674; x_wconf 90' lang='lat' dir='ltr'><strong>vinum</strong></span> <span class='ocrx_word' id='word_1_514' title='bbox 827 3628 1002 3688; x_wconf 89' lang='lat' dir='ltr'><strong>tuum,</strong></span> <span class='ocrx_word' id='word_1_515' title='bbox 1031 3632 1087 3678; x_wconf 91' lang='lat' dir='ltr'><strong>et</strong></span> <span class='ocrx_word' id='word_1_516' title='bbox 1109 3639 1306 3694; x_wconf 88' lang='lat' dir='ltr'><strong>aquam</strong></span> <span class='ocrx_word' id='word_1_517' title='bbox 1351 3634 1525 3693; x_wconf 85' lang='lat' dir='ltr'><strong>tuam,</strong></span> <span class='ocrx_word' id='word_1_518' title='bbox 1561 3635 1615 3681; x_wconf 93' lang='lat' dir='ltr'><strong>et</strong></span> <span class='ocrx_word' id='word_1_519' title='bbox 1637 3636 1880 3682; x_wconf 83' lang='lat' dir='ltr'><strong>avertam</strong></span> <span class='ocrx_word' id='word_1_520' title='bbox 1900 3630 2190 3686; x_wconf 78' lang='lat' dir='ltr'><strong>infirmita-</strong></span> 
     </span>
    </p>
   </div>
   <div class='ocr_carea' id='block_1_70' title="bbox 604 3714 2186 3794">
    <p class='ocr_par' dir='ltr' id='par_1_70' title="bbox 604 3714 2186 3794">
     <span class='ocr_line' id='line_1_70' title="bbox 604 3714 2186 3794; baseline 0.01 -30"><span class='ocrx_word' id='word_1_521' title='bbox 604 3718 714 3765; x_wconf 88' lang='lat' dir='ltr'><strong>tem</strong></span> <span class='ocrx_word' id='word_1_522' title='bbox 750 3728 780 3768; x_wconf 91' lang='lat' dir='ltr'><strong>a</strong></span> <span class='ocrx_word' id='word_1_523' title='bbox 821 3714 1012 3782; x_wconf 89' lang='lat' dir='ltr'><strong>vobis;</strong></span> <span class='ocrx_word' id='word_1_524' title='bbox 1062 3731 1172 3772; x_wconf 91' lang='lat' dir='ltr'><strong>non</strong></span> <span class='ocrx_word' id='word_1_525' title='bbox 1206 3718 1313 3773; x_wconf 90' lang='lat' dir='ltr'><strong>erit</strong></span> <span class='ocrx_word' id='word_1_526' title='bbox 1355 3718 1648 3775; x_wconf 88' lang='lat' dir='ltr'><strong>infecunda</strong></span> <span class='ocrx_word' id='word_1_527' title='bbox 1677 3739 1856 3794; x_wconf 88' lang='lat' dir='ltr'><strong>neque</strong></span> <span class='ocrx_word' id='word_1_528' title='bbox 1902 3726 2106 3780; x_wconf 86' lang='lat' dir='ltr'><strong>sterilis</strong></span> <span class='ocrx_word' id='word_1_529' title='bbox 2134 3726 2186 3780; x_wconf 94' lang='lat' dir='ltr'><strong>in</strong></span> 
     </span>
    </p>
   </div>
   <div class='ocr_carea' id='block_1_71' title="bbox 603 3807 2180 3882">
    <p class='ocr_par' dir='ltr' id='par_1_71' title="bbox 603 3807 2180 3882">
     <span class='ocr_line' id='line_1_71' title="bbox 603 3807 2180 3882; baseline 0.01 -28"><span class='ocrx_word' id='word_1_530' title='bbox 603 3807 750 3856; x_wconf 87' lang='lat' dir='ltr'><strong>terra</strong></span> <span class='ocrx_word' id='word_1_531' title='bbox 777 3811 888 3871; x_wconf 87' lang='lat' dir='ltr'><strong>tua,</strong></span> <span class='ocrx_word' id='word_1_532' title='bbox 926 3822 1223 3862; x_wconf 89' lang='lat' dir='ltr'><strong>numerum</strong></span> <span class='ocrx_word' id='word_1_533' title='bbox 1269 3808 1490 3864; x_wconf 88' lang='lat' dir='ltr'><strong>dierum</strong></span> <span class='ocrx_word' id='word_1_534' title='bbox 1536 3819 1756 3866; x_wconf 89' lang='lat' dir='ltr'><strong>tuorum</strong></span> <span class='ocrx_word' id='word_1_535' title='bbox 1805 3815 2040 3882; x_wconf 77' lang='lat' dir='ltr'><strong>explebo</strong></span> <span class='ocrx_word' id='word_1_536' title='bbox 2065 3817 2129 3869; x_wconf 78' lang='grc'>⁸⁸.</span> <span class='ocrx_word' id='word_1_537' title='bbox 2163 3835 2180 3868; x_wconf 73' lang='grc' dir='ltr'><strong>ι</strong></span> 
     </span>
    </p>
   </div>
   <div class='ocr_carea' id='block_1_72' title="bbox 602 3892 2188 3970">
    <p class='ocr_par' dir='ltr' id='par_1_72' title="bbox 602 3892 2188 3970">
     <span class='ocr_line' id='line_1_72' title="bbox 602 3892 2188 3970; baseline 0.009 -22"><span class='ocrx_word' id='word_1_538' title='bbox 602 3892 791 3964; x_wconf 87' lang='lat' dir='ltr'><strong>Neque</strong></span> <span class='ocrx_word' id='word_1_539' title='bbox 835 3898 984 3950; x_wconf 92' lang='lat' dir='ltr'><strong>enim</strong></span> <span class='ocrx_word' id='word_1_540' title='bbox 1015 3907 1099 3953; x_wconf 91' lang='lat' dir='ltr'><strong>est</strong></span> <span class='ocrx_word' id='word_1_541' title='bbox 1120 3900 1443 3968; x_wconf 90' lang='lat' dir='ltr'><strong>obscurum,</strong></span> <span class='ocrx_word' id='word_1_542' title='bbox 1485 3902 1621 3970; x_wconf 88' lang='lat' dir='ltr'><strong>quin</strong></span> <span class='ocrx_word' id='word_1_543' title='bbox 1673 3903 1996 3961; x_wconf 89' lang='lat' dir='ltr'><strong>hominibus</strong></span> <span class='ocrx_word' id='word_1_544' title='bbox 2039 3907 2188 3962; x_wconf 87' lang='lat' dir='ltr'><strong>bene</strong></span> 
     </span>
    </p>
   </div>
   <div class='ocr_carea' id='block_1_73' title="bbox 604 3987 2188 4064">
    <p class='ocr_par' dir='ltr' id='par_1_73' title="bbox 604 3987 2188 4064">
     <span class='ocr_line' id='line_1_73' title="bbox 604 3987 2188 4064; baseline 0.008 -23"><span class='ocrx_word' id='word_1_545' title='bbox 604 3987 966 4054; x_wconf 85' lang='lat' dir='ltr'><strong>conﬁrmatis,</strong></span> <span class='ocrx_word' id='word_1_546' title='bbox 1000 3999 1056 4044; x_wconf 88' lang='lat' dir='ltr'><strong>et</strong></span> <span class='ocrx_word' id='word_1_547' title='bbox 1089 4007 1158 4046; x_wconf 79' lang='lat' dir='ltr'><strong>ex</strong></span> <span class='ocrx_word' id='word_1_548' title='bbox 1197 3993 1407 4064; x_wconf 83' lang='lat' dir='ltr'><strong>integra</strong></span> <span class='ocrx_word' id='word_1_549' title='bbox 1433 4003 1617 4051; x_wconf 89' lang='lat' dir='ltr'><strong>mente</strong></span> <span class='ocrx_word' id='word_1_550' title='bbox 1657 3997 2045 4052; x_wconf 85' lang='lat' dir='ltr'><strong>universorum</strong></span> <span class='ocrx_word' id='word_1_551' title='bbox 2074 3999 2188 4054; x_wconf 91' lang='lat' dir='ltr'><strong>Dco</strong></span> 
     </span>
    </p>
   </div>
   <div class='ocr_carea' id='block_1_74' title="bbox 601 4078 2188 4161">
    <p class='ocr_par' dir='ltr' id='par_1_74' title="bbox 601 4078 2188 4161">
     <span class='ocr_line' id='line_1_74' title="bbox 601 4078 2188 4161; baseline 0.009 -29"><span class='ocrx_word' id='word_1_552' title='bbox 601 4078 827 4146; x_wconf 89' lang='lat' dir='ltr'><strong>deditis,</strong></span> <span class='ocrx_word' id='word_1_553' title='bbox 864 4089 1030 4152; x_wconf 88' lang='lat' dir='ltr'><strong>atque</strong></span> <span class='ocrx_word' id='word_1_554' title='bbox 1082 4083 1203 4153; x_wconf 89' lang='lat' dir='ltr'><strong>ejus</strong></span> <span class='ocrx_word' id='word_1_555' title='bbox 1241 4085 1323 4139; x_wconf 86' lang='lat' dir='ltr'><strong>rei</strong></span> <span class='ocrx_word' id='word_1_556' title='bbox 1365 4085 1740 4142; x_wconf 89' lang='lat' dir='ltr'><strong>certissimum</strong></span> <span class='ocrx_word' id='word_1_557' title='bbox 1800 4100 2188 4161; x_wconf 85' lang='lat' dir='ltr'><strong>argumentum</strong></span> 
     </span>
    </p>
   </div>
   <div class='ocr_carea' id='block_1_75' title="bbox 600 4172 2188 4250">
    <p class='ocr_par' dir='ltr' id='par_1_75' title="bbox 600 4172 2188 4250">
     <span class='ocr_line' id='line_1_75' title="bbox 600 4172 2188 4250; baseline 0.008 -25"><span class='ocrx_word' id='word_1_558' title='bbox 600 4172 850 4242; x_wconf 78' lang='lat' dir='ltr'><strong>praebere</strong></span> <span class='ocrx_word' id='word_1_559' title='bbox 886 4175 1259 4243; x_wconf 86' lang='lat' dir='ltr'><strong>studentibus,</strong></span> <span class='ocrx_word' id='word_1_560' title='bbox 1297 4177 1558 4248; x_wconf 90' lang='lat' dir='ltr'><strong>idipsum,</strong></span> <span class='ocrx_word' id='word_1_561' title='bbox 1593 4181 1740 4250; x_wconf 89' lang='lat' dir='ltr'><strong>quod</strong></span> <span class='ocrx_word' id='word_1_562' title='bbox 1782 4196 1905 4236; x_wconf 89' lang='lat' dir='ltr'><strong>aras</strong></span> <span class='ocrx_word' id='word_1_563' title='bbox 1937 4189 1993 4236; x_wconf 91' lang='lat' dir='ltr'><strong>et</strong></span> <span class='ocrx_word' id='word_1_564' title='bbox 2051 4182 2188 4237; x_wconf 91' lang='lat' dir='ltr'><strong>titu-</strong></span> 
     </span>
    </p>
   </div>
   <div class='ocr_carea' id='block_1_76' title="bbox 599 4262 2189 4344">
    <p class='ocr_par' dir='ltr' id='par_1_76' title="bbox 599 4262 2189 4344">
     <span class='ocr_line' id='line_1_76' title="bbox 599 4262 2189 4344; baseline 0.007 -26"><span class='ocrx_word' id='word_1_565' title='bbox 599 4262 703 4331; x_wconf 87' lang='lat' dir='ltr'><strong>los,</strong></span> <span class='ocrx_word' id='word_1_566' title='bbox 736 4273 791 4319; x_wconf 89' lang='lat' dir='ltr'><strong>et</strong></span> <span class='ocrx_word' id='word_1_567' title='bbox 823 4265 1036 4321; x_wconf 91' lang='lat' dir='ltr'><strong>ludicra</strong></span> <span class='ocrx_word' id='word_1_568' title='bbox 1062 4267 1350 4323; x_wconf 91' lang='lat' dir='ltr'><strong>hominum</strong></span> <span class='ocrx_word' id='word_1_569' title='bbox 1385 4279 1569 4325; x_wconf 91' lang='lat' dir='ltr'><strong>mente</strong></span> <span class='ocrx_word' id='word_1_570' title='bbox 1601 4280 1996 4344; x_wconf 89' lang='lat' dir='ltr'><strong>corruptorum</strong></span> <span class='ocrx_word' id='word_1_571' title='bbox 2029 4289 2189 4331; x_wconf 88' lang='lat' dir='ltr'><strong>ever-</strong></span> 
     </span>
    </p>
   </div>
   <div class='ocr_carea' id='block_1_77' title="bbox 601 4357 1838 4427">
    <p class='ocr_par' dir='ltr' id='par_1_77' title="bbox 601 4357 1838 4427">
     <span class='ocr_line' id='line_1_77' title="bbox 601 4357 1838 4427; baseline 0.007 -16"><span class='ocrx_word' id='word_1_572' title='bbox 601 4362 746 4427; x_wconf 83' lang='lat' dir='ltr'><strong>tunt,</strong></span> <span class='ocrx_word' id='word_1_573' title='bbox 778 4357 964 4414; x_wconf 89' lang='lat' dir='ltr'><strong>divina</strong></span> <span class='ocrx_word' id='word_1_574' title='bbox 1000 4359 1074 4415; x_wconf 86' lang='lat' dir='ltr'><strong>sit</strong></span> <span class='ocrx_word' id='word_1_575' title='bbox 1096 4361 1208 4416; x_wconf 91' lang='lat' dir='ltr'><strong>illis</strong></span> <span class='ocrx_word' id='word_1_576' title='bbox 1230 4362 1374 4424; x_wconf 84' lang='lat' dir='ltr'><strong>dona</strong></span> <span class='ocrx_word' id='word_1_577' title='bbox 1391 4363 1838 4426; x_wconf 88' lang='lat' dir='ltr'><strong>conciliaturum.</strong></span> 
     </span>
    </p>
   </div>
   <div class='ocr_carea' id='block_1_78' title="bbox 667 4634 1232 4695">
    <p class='ocr_par' dir='ltr' id='par_1_78' title="bbox 667 4634 1232 4695">
     <span class='ocr_line' id='line_1_78' title="bbox 667 4634 1232 4695; baseline 0.011 -6"><span class='ocrx_word' id='word_1_578' title='bbox 667 4634 862 4690; x_wconf 80' lang='lat' dir='ltr'><strong>PALL.</strong></span> <span class='ocrx_word' id='word_1_579' title='bbox 894 4637 1096 4692; x_wconf 76' lang='lat' dir='ltr'><strong>Verum</strong></span> <span class='ocrx_word' id='word_1_580' title='bbox 1131 4647 1232 4695; x_wconf 91' lang='lat' dir='ltr'><strong>cst.</strong></span> 
     </span>
    </p>
   </div>
   <div class='ocr_carea' id='block_1_79' title="bbox 666 4725 2181 4794">
    <p class='ocr_par' dir='ltr' id='par_1_79' title="bbox 666 4725 2181 4794">
     <span class='ocr_line' id='line_1_79' title="bbox 666 4725 2181 4794; baseline 0.009 -13"><span class='ocrx_word' id='word_1_581' title='bbox 666 4725 823 4782; x_wconf 79' lang='lat' dir='ltr'><strong>CYR.</strong></span> <span class='ocrx_word' id='word_1_582' title='bbox 845 4728 1004 4793; x_wconf 85' lang='lat' dir='ltr'><strong>Nam,</strong></span> <span class='ocrx_word' id='word_1_583' title='bbox 1025 4731 1070 4783; x_wconf 90' lang='lat' dir='ltr'><strong>si</strong></span> <span class='ocrx_word' id='word_1_584' title='bbox 1096 4745 1260 4786; x_wconf 91' lang='lat' dir='ltr'><strong>manu</strong></span> <span class='ocrx_word' id='word_1_585' title='bbox 1284 4729 1548 4788; x_wconf 87' lang='lat' dir='ltr'><strong>fabricata</strong></span> <span class='ocrx_word' id='word_1_586' title='bbox 1580 4732 1872 4790; x_wconf 87' lang='lat' dir='ltr'><strong>simulacra</strong></span> <span class='ocrx_word' id='word_1_587' title='bbox 1890 4735 2149 4794; x_wconf 80' lang='lat' dir='ltr'><strong>destruxe</strong></span> <span class='ocrx_word' id='word_1_588' title='bbox 2164 4769 2181 4781; x_wconf 89' lang='lat'><strong>-</strong></span> 
     </span>
    </p>
   </div>
   <div class='ocr_carea' id='block_1_80' title="bbox 597 4815 2177 4897">
    <p class='ocr_par' dir='ltr' id='par_1_80' title="bbox 597 4815 2177 4897">
     <span class='ocr_line' id='line_1_80' title="bbox 597 4815 2177 4897; baseline 0.009 -27"><span class='ocrx_word' id='word_1_589' title='bbox 597 4815 697 4882; x_wconf 87' lang='lat' dir='ltr'><strong>ris,</strong></span> <span class='ocrx_word' id='word_1_590' title='bbox 733 4817 931 4886; x_wconf 91' lang='lat' dir='ltr'><strong>inquit,</strong></span> <span class='ocrx_word' id='word_1_591' title='bbox 961 4834 1025 4872; x_wconf 89' lang='lat' dir='ltr'><strong>ac</strong></span> <span class='ocrx_word' id='word_1_592' title='bbox 1048 4819 1160 4874; x_wconf 92' lang='lat' dir='ltr'><strong>Deo</strong></span> <span class='ocrx_word' id='word_1_593' title='bbox 1182 4821 1440 4877; x_wconf 86' lang='lat' dir='ltr'><strong>servieris</strong></span> <span class='ocrx_word' id='word_1_594' title='bbox 1462 4839 1644 4880; x_wconf 90' lang='lat' dir='ltr'><strong>mores</strong></span> <span class='ocrx_word' id='word_1_595' title='bbox 1667 4824 1883 4880; x_wconf 89' lang='lat' dir='ltr'><strong>illorum</strong></span> <span class='ocrx_word' id='word_1_596' title='bbox 1929 4843 2177 4897; x_wconf 90' lang='lat' dir='ltr'><strong>perosus,</strong></span> 
     </span>
    </p>
   </div>
   <div class='ocr_carea' id='block_1_81' title="bbox 605 4905 2183 4989">
    <p class='ocr_par' dir='ltr' id='par_1_81' title="bbox 605 4905 2183 4989">
     <span class='ocr_line' id='line_1_81' title="bbox 605 4905 2183 4989; baseline 0.01 -32"><span class='ocrx_word' id='word_1_597' title='bbox 605 4925 624 4956; x_wconf 70' lang='grc' dir='ltr'><strong>ε</strong></span> <span class='ocrx_word' id='word_1_598' title='bbox 646 4905 974 4961; x_wconf 90' lang='lat' dir='ltr'><strong>Bcnedicam</strong></span> <span class='ocrx_word' id='word_1_599' title='bbox 997 4922 1192 4975; x_wconf 88' lang='lat' dir='ltr'><strong>panem</strong></span> <span class='ocrx_word' id='word_1_600' title='bbox 1215 4917 1394 4976; x_wconf 91' lang='lat' dir='ltr'><strong>tuum,</strong></span> <span class='ocrx_word' id='word_1_601' title='bbox 1416 4921 1472 4967; x_wconf 92' lang='lat' dir='ltr'><strong>et</strong></span> <span class='ocrx_word' id='word_1_602' title='bbox 1490 4914 1678 4989; x_wconf 59' lang='lat' dir='ltr'><strong>vigum</strong></span> <span class='ocrx_word' id='word_1_603' title='bbox 1703 4923 1881 4981; x_wconf 92' lang='lat' dir='ltr'><strong>tuum,</strong></span> <span class='ocrx_word' id='word_1_604' title='bbox 1909 4925 1964 4971; x_wconf 88' lang='lat' dir='ltr'><strong>et</strong></span> <span class='ocrx_word' id='word_1_605' title='bbox 1985 4933 2183 4988; x_wconf 90' lang='lat' dir='ltr'><strong>aquam</strong></span> 
     </span>
    </p>
   </div>
   <div class='ocr_carea' id='block_1_82' title="bbox 596 4996 2184 5076">
    <p class='ocr_par' dir='ltr' id='par_1_82' title="bbox 596 4996 2184 5076">
     <span class='ocr_line' id='line_1_82' title="bbox 596 4996 2184 5076; baseline 0.009 -25"><span class='ocrx_word' id='word_1_606' title='bbox 596 5004 770 5052; x_wconf 89' lang='lat' dir='ltr'><strong>tuam.</strong></span> <span class='ocrx_word' id='word_1_607' title='bbox 814 5015 832 5048; x_wconf 78' lang='grc' dir='ltr'><strong>ι</strong></span> <span class='ocrx_word' id='word_1_608' title='bbox 864 4996 1123 5068; x_wconf 86' lang='lat' dir='ltr'><strong>Mysticus</strong></span> <span class='ocrx_word' id='word_1_609' title='bbox 1157 4998 1249 5055; x_wconf 90' lang='lat' dir='ltr'><strong>hic</strong></span> <span class='ocrx_word' id='word_1_610' title='bbox 1277 5016 1458 5056; x_wconf 90' lang='lat' dir='ltr'><strong>sermo</strong></span> <span class='ocrx_word' id='word_1_611' title='bbox 1483 5012 1567 5059; x_wconf 87' lang='lat' dir='ltr'><strong>est</strong></span> <span class='ocrx_word' id='word_1_612' title='bbox 1588 5015 1750 5076; x_wconf 89' lang='lat' dir='ltr'><strong>atque</strong></span> <span class='ocrx_word' id='word_1_613' title='bbox 1776 5007 2030 5074; x_wconf 83' lang='lat' dir='ltr'><strong>abditus;</strong></span> <span class='ocrx_word' id='word_1_614' title='bbox 2055 5025 2184 5065; x_wconf 88' lang='lat' dir='ltr'><strong>nam</strong></span> 
     </span>
    </p>
   </div>
   <div class='ocr_carea' id='block_1_83' title="bbox 594 5086 2186 5165">
    <p class='ocr_par' dir='ltr' id='par_1_83' title="bbox 594 5086 2186 5165">
     <span class='ocr_line' id='line_1_83' title="bbox 594 5086 2186 5165; baseline 0.007 -23"><span class='ocrx_word' id='word_1_615' title='bbox 594 5086 830 5143; x_wconf 89' lang='lat' dir='ltr'><strong>sinceris</strong></span> <span class='ocrx_word' id='word_1_616' title='bbox 846 5088 942 5142; x_wconf 90' lang='lat' dir='ltr'><strong>Dei</strong></span> <span class='ocrx_word' id='word_1_617' title='bbox 966 5086 1273 5144; x_wconf 87' lang='lat' dir='ltr'><strong>cultoribus</strong></span> <span class='ocrx_word' id='word_1_618' title='bbox 1296 5089 1387 5144; x_wconf 90' lang='lat' dir='ltr'><strong>illa</strong></span> <span class='ocrx_word' id='word_1_619' title='bbox 1405 5089 1610 5147; x_wconf 85' lang='lat' dir='ltr'><strong>Christi</strong></span> <span class='ocrx_word' id='word_1_620' title='bbox 1629 5096 2017 5165; x_wconf 82' lang='lat' dir='ltr'><strong>mysteriorum</strong></span> <span class='ocrx_word' id='word_1_621' title='bbox 2034 5113 2186 5153; x_wconf 87' lang='lat' dir='ltr'><strong>com-</strong></span> 
     </span>
    </p>
   </div>
   <div class='ocr_carea' id='block_1_84' title="bbox 593 5176 2182 5257">
    <p class='ocr_par' dir='ltr' id='par_1_84' title="bbox 593 5176 2182 5257">
     <span class='ocr_line' id='line_1_84' title="bbox 593 5176 2182 5257; baseline 0.008 -26"><span class='ocrx_word' id='word_1_622' title='bbox 593 5176 917 5243; x_wconf 87' lang='lat' dir='ltr'><strong>municatio,</strong></span> <span class='ocrx_word' id='word_1_623' title='bbox 953 5185 1009 5232; x_wconf 89' lang='lat' dir='ltr'><strong>et</strong></span> <span class='ocrx_word' id='word_1_624' title='bbox 1049 5178 1238 5232; x_wconf 86' lang='lat' dir='ltr'><strong>sancti</strong></span> <span class='ocrx_word' id='word_1_625' title='bbox 1261 5178 1606 5249; x_wconf 88' lang='lat' dir='ltr'><strong>baptismatis</strong></span> <span class='ocrx_word' id='word_1_626' title='bbox 1629 5185 1799 5252; x_wconf 87' lang='lat' dir='ltr'><strong>gratia</strong></span> <span class='ocrx_word' id='word_1_627' title='bbox 1826 5185 1894 5239; x_wconf 90' lang='lat' dir='ltr'><strong>ad</strong></span> <span class='ocrx_word' id='word_1_628' title='bbox 1919 5187 2182 5257; x_wconf 89' lang='lat' dir='ltr'><strong>spiritua-</strong></span> 
     </span>
    </p>
   </div>
   <div class='ocr_carea' id='block_1_85' title="bbox 592 5269 2179 5348">
    <p class='ocr_par' dir='ltr' id='par_1_85' title="bbox 592 5269 2179 5348">
     <span class='ocr_line' id='line_1_85' title="bbox 592 5269 2179 5348; baseline 0.008 -24"><span class='ocrx_word' id='word_1_629' title='bbox 592 5269 700 5324; x_wconf 90' lang='lat' dir='ltr'><strong>lem</strong></span> <span class='ocrx_word' id='word_1_630' title='bbox 725 5269 1172 5328; x_wconf 88' lang='lat' dir='ltr'><strong>benedictionem</strong></span> <span class='ocrx_word' id='word_1_631' title='bbox 1195 5271 1370 5337; x_wconf 91' lang='lat' dir='ltr'><strong>valet;</strong></span> <span class='ocrx_word' id='word_1_632' title='bbox 1391 5271 1460 5328; x_wconf 89' lang='lat' dir='ltr'><strong>iis</strong></span> <span class='ocrx_word' id='word_1_633' title='bbox 1497 5281 1681 5327; x_wconf 90' lang='lat' dir='ltr'><strong>autem</strong></span> <span class='ocrx_word' id='word_1_634' title='bbox 1705 5275 1799 5344; x_wconf 91' lang='lat' dir='ltr'><strong>qui</strong></span> <span class='ocrx_word' id='word_1_635' title='bbox 1825 5277 2029 5348; x_wconf 92' lang='lat' dir='ltr'><strong>duplici</strong></span> <span class='ocrx_word' id='word_1_636' title='bbox 2049 5287 2179 5335; x_wconf 84' lang='lat' dir='ltr'><strong>sunt</strong></span> 
     </span>
    </p>
   </div>
   <div class='ocr_carea' id='block_1_86' title="bbox 629 5360 2177 5441">
    <p class='ocr_par' dir='ltr' id='par_1_86' title="bbox 629 5360 2177 5441">
     <span class='ocr_line' id='line_1_86' title="bbox 629 5360 2177 5441; baseline 0.008 -27"><span class='ocrx_word' id='word_1_637' title='bbox 629 5360 777 5417; x_wconf 89' lang='lat' dir='ltr'><strong>dhuc</strong></span> <span class='ocrx_word' id='word_1_638' title='bbox 801 5363 1006 5428; x_wconf 90' lang='lat' dir='ltr'><strong>animo,</strong></span> <span class='ocrx_word' id='word_1_639' title='bbox 1037 5371 1094 5419; x_wconf 87' lang='lat' dir='ltr'><strong>et</strong></span> <span class='ocrx_word' id='word_1_640' title='bbox 1131 5363 1200 5419; x_wconf 92' lang='lat' dir='ltr'><strong>ad</strong></span> <span class='ocrx_word' id='word_1_641' title='bbox 1243 5363 1608 5420; x_wconf 88' lang='lat' dir='ltr'><strong>defectionem</strong></span> <span class='ocrx_word' id='word_1_642' title='bbox 1651 5372 1708 5419; x_wconf 87' lang='lat' dir='ltr'><strong>et</strong></span> <span class='ocrx_word' id='word_1_643' title='bbox 1741 5371 2017 5436; x_wconf 91' lang='lat' dir='ltr'><strong>apostasin</strong></span> <span class='ocrx_word' id='word_1_644' title='bbox 2051 5387 2177 5441; x_wconf 92' lang='lat' dir='ltr'><strong>spe-</strong></span> 
     </span>
    </p>
   </div>
   <div class='ocr_carea' id='block_1_87' title="bbox 570 5454 2176 5522">
    <p class='ocr_par' dir='ltr' id='par_1_87' title="bbox 570 5454 2176 5522">
     <span class='ocr_line' id='line_1_87' title="bbox 570 5454 2176 5522; baseline 0.006 -15"><span class='ocrx_word' id='word_1_645' title='bbox 570 5454 779 5518; x_wconf 69' lang='lat' dir='ltr'><strong>;ctant,</strong></span> <span class='ocrx_word' id='word_1_646' title='bbox 821 5454 904 5510; x_wconf 88' lang='lat' dir='ltr'><strong>ira</strong></span> <span class='ocrx_word' id='word_1_647' title='bbox 958 5463 1014 5510; x_wconf 89' lang='lat' dir='ltr'><strong>et</strong></span> <span class='ocrx_word' id='word_1_648' title='bbox 1053 5455 1462 5522; x_wconf 87' lang='lat' dir='ltr'><strong>condemnatio,</strong></span> <span class='ocrx_word' id='word_1_649' title='bbox 1498 5463 1557 5511; x_wconf 92' lang='lat' dir='ltr'><strong>et</strong></span> <span class='ocrx_word' id='word_1_650' title='bbox 1613 5457 1885 5513; x_wconf 90' lang='lat' dir='ltr'><strong>malorum</strong></span> <span class='ocrx_word' id='word_1_651' title='bbox 1929 5462 2176 5516; x_wconf 91' lang='lat' dir='ltr'><strong>omnium</strong></span> 
     </span>
    </p>
   </div>
   <div class='ocr_carea' id='block_1_88' title="bbox 571 5526 2176 5622">
    <p class='ocr_par' dir='ltr' id='par_1_88' title="bbox 571 5526 2176 5622">
     <span class='ocr_line' id='line_1_88' title="bbox 571 5526 2176 5622; baseline 0.007 -25"><span class='ocrx_word' id='word_1_652' title='bbox 571 5526 848 5599; x_wconf 56' lang='lat' dir='ltr'><strong>&#39;cumulus</strong></span> <span class='ocrx_word' id='word_1_653' title='bbox 885 5553 972 5600; x_wconf 88' lang='lat' dir='ltr'><strong>est</strong></span> <span class='ocrx_word' id='word_1_654' title='bbox 1011 5547 1160 5604; x_wconf 88' lang='lat' dir='ltr'><strong>illius</strong></span> <span class='ocrx_word' id='word_1_655' title='bbox 1193 5548 1496 5619; x_wconf 88' lang='lat' dir='ltr'><strong>spiritualis</strong></span> <span class='ocrx_word' id='word_1_656' title='bbox 1525 5549 1934 5606; x_wconf 88' lang='lat' dir='ltr'><strong>benedictionis</strong></span> <span class='ocrx_word' id='word_1_657' title='bbox 1980 5565 2176 5622; x_wconf 90' lang='lat' dir='ltr'><strong>perce-</strong></span> 
     </span>
    </p>
   </div>
   <div class='ocr_carea' id='block_1_89' title="bbox 661 5693 1095 5766">
    <p class='ocr_par' dir='ltr' id='par_1_89' title="bbox 661 5693 1095 5766">
     <span class='ocr_line' id='line_1_89' title="bbox 661 5693 1095 5766; baseline 0.012 -15"><span class='ocrx_word' id='word_1_658' title='bbox 661 5695 707 5728; x_wconf 86' lang='grc'>⁶⁶</span> <span class='ocrx_word' id='word_1_659' title='bbox 732 5693 902 5754; x_wconf 88' lang='lat' dir='ltr'><strong>llebr.</strong></span> <span class='ocrx_word' id='word_1_660' title='bbox 926 5714 981 5766; x_wconf 75' lang='grc' dir='ltr'>ι,</span> <span class='ocrx_word' id='word_1_661' title='bbox 1005 5699 1095 5756; x_wconf 70' lang='lat'><strong>29.</strong></span> 
     </span>
    </p>
   </div>
   <div class='ocr_carea' id='block_1_90' title="bbox 669 5811 2069 5895">
    <p class='ocr_par' dir='ltr' id='par_1_90' title="bbox 669 5811 2069 5895">
     <span class='ocr_line' id='line_1_90' title="bbox 669 5811 2069 5895; baseline 0.007 -29"><span class='ocrx_word' id='word_1_662' title='bbox 669 5811 749 5886; x_wconf 75' lang='lat' dir='ltr'><strong>(l)</strong></span> <span class='ocrx_word' id='word_1_663' title='bbox 783 5812 868 5870; x_wconf 78' lang='lat' dir='ltr'><strong>Al.</strong></span> <span class='ocrx_word' id='word_1_664' title='bbox 896 5816 1007 5872; x_wconf 79' lang='lat' dir='ltr'><strong>Kal.</strong></span> <span class='ocrx_word' id='word_1_665' title='bbox 1038 5815 1146 5888; x_wconf 82' lang='grc' dir='ltr'>γὰρ</span> <span class='ocrx_word' id='word_1_666' title='bbox 1170 5817 1269 5889; x_wconf 80' lang='grc' dir='ltr'><strong>οὐχ</strong></span> <span class='ocrx_word' id='word_1_667' title='bbox 1295 5813 1458 5890; x_wconf 75' lang='grc' dir='ltr'>ἧττόν</span> <span class='ocrx_word' id='word_1_668' title='bbox 1484 5837 1536 5874; x_wconf 86' lang='grc' dir='ltr'><strong>τι</strong></span> <span class='ocrx_word' id='word_1_669' title='bbox 1559 5838 1608 5876; x_wconf 90' lang='grc' dir='ltr'><strong>τ.</strong></span> <span class='ocrx_word' id='word_1_670' title='bbox 1639 5821 1688 5876; x_wconf 90' lang='grc' dir='ltr'>δ.</span> <span class='ocrx_word' id='word_1_671' title='bbox 1719 5841 1767 5878; x_wconf 89' lang='grc' dir='ltr'><strong>τ.</strong></span> <span class='ocrx_word' id='word_1_672' title='bbox 1799 5841 1856 5895; x_wconf 88' lang='grc' dir='ltr'>μ.</span> <span class='ocrx_word' id='word_1_673' title='bbox 1898 5822 2069 5878; x_wconf 73' lang='grc' dir='ltr'>ἔσται.</span> 
     </span>
    </p>
   </div>
   <div class='ocr_carea' id='block_1_91' title="bbox 2292 3345 3879 3420">
    <p class='ocr_par' dir='ltr' id='par_1_91' title="bbox 2292 3345 3879 3420">
     <span class='ocr_line' id='line_1_91' title="bbox 2292 3345 3879 3420; baseline 0 -18"><span class='ocrx_word' id='word_1_674' title='bbox 2292 3349 2478 3418; x_wconf 80' lang='grc' dir='ltr'>νήσεις</span> <span class='ocrx_word' id='word_1_675' title='bbox 2508 3350 2618 3412; x_wconf 79' lang='grc' dir='ltr'>τοῖς</span> <span class='ocrx_word' id='word_1_676' title='bbox 2651 3349 2793 3412; x_wconf 82' lang='grc' dir='ltr'>Θεοῖς</span> <span class='ocrx_word' id='word_1_677' title='bbox 2820 3347 3021 3414; x_wconf 73' lang='grc' dir='ltr'>αὐτῶν,</span> <span class='ocrx_word' id='word_1_678' title='bbox 3058 3347 3165 3401; x_wconf 80' lang='grc' dir='ltr'>οὐδ’</span> <span class='ocrx_word' id='word_1_679' title='bbox 3200 3349 3260 3400; x_wconf 85' lang='grc' dir='ltr'>οὐ</span> <span class='ocrx_word' id='word_1_680' title='bbox 3291 3347 3366 3418; x_wconf 82' lang='grc' dir='ltr'>μὴ</span> <span class='ocrx_word' id='word_1_681' title='bbox 3393 3346 3701 3420; x_wconf 83' lang='grc' dir='ltr'>λατρεύσῃς</span> <span class='ocrx_word' id='word_1_682' title='bbox 3741 3345 3879 3402; x_wconf 77' lang='grc' dir='ltr'>κατᾶ</span> 
     </span>
    </p>
   </div>
   <div class='ocr_carea' id='block_1_92' title="bbox 2290 3441 3877 3516">
    <p class='ocr_par' dir='ltr' id='par_1_92' title="bbox 2290 3441 3877 3516">
     <span class='ocr_line' id='line_1_92' title="bbox 2290 3441 3877 3516; baseline 0.004 -22"><span class='ocrx_word' id='word_1_683' title='bbox 2290 3441 2358 3495; x_wconf 81' lang='grc' dir='ltr'><strong>τὰ</strong></span> <span class='ocrx_word' id='word_1_684' title='bbox 2385 3441 2520 3512; x_wconf 86' lang='grc' dir='ltr'>ἔργα</span> <span class='ocrx_word' id='word_1_685' title='bbox 2550 3442 2752 3507; x_wconf 77' lang='grc' dir='ltr'>αὐτῶν,</span> <span class='ocrx_word' id='word_1_686' title='bbox 2782 3442 2918 3495; x_wconf 68' lang='grc' dir='ltr'>ἀλλὰ</span> <span class='ocrx_word' id='word_1_687' title='bbox 2951 3444 3270 3516; x_wconf 74' lang='grc' dir='ltr'>καθαιρέσει</span> <span class='ocrx_word' id='word_1_688' title='bbox 3301 3445 3588 3511; x_wconf 88' lang='grc' dir='ltr'>καθελεῖς,</span> <span class='ocrx_word' id='word_1_689' title='bbox 3628 3447 3725 3500; x_wconf 75' lang='grc' dir='ltr'>καὶ</span> <span class='ocrx_word' id='word_1_690' title='bbox 3755 3464 3877 3501; x_wconf 82' lang='grc' dir='ltr'>συν-</span> 
     </span>
    </p>
   </div>
   <div class='ocr_carea' id='block_1_93' title="bbox 2291 3533 3880 3610">
    <p class='ocr_par' dir='ltr' id='par_1_93' title="bbox 2291 3533 3880 3610">
     <span class='ocr_line' id='line_1_93' title="bbox 2291 3533 3880 3610; baseline 0.005 -26"><span class='ocrx_word' id='word_1_691' title='bbox 2291 3533 2490 3602; x_wconf 78' lang='grc' dir='ltr'>τρίϐων</span> <span class='ocrx_word' id='word_1_692' title='bbox 2521 3533 2832 3605; x_wconf 76' lang='grc' dir='ltr'>συντρίψεις</span> <span class='ocrx_word' id='word_1_693' title='bbox 2855 3534 2954 3598; x_wconf 80' lang='grc' dir='ltr'><strong>τὰς</strong></span> <span class='ocrx_word' id='word_1_694' title='bbox 2985 3537 3185 3608; x_wconf 85' lang='grc' dir='ltr'>στήλας</span> <span class='ocrx_word' id='word_1_695' title='bbox 3211 3538 3412 3603; x_wconf 84' lang='grc' dir='ltr'>αὐτῶν,</span> <span class='ocrx_word' id='word_1_696' title='bbox 3439 3540 3534 3592; x_wconf 77' lang='grc' dir='ltr'>καὶ</span> <span class='ocrx_word' id='word_1_697' title='bbox 3564 3539 3880 3610; x_wconf 80' lang='grc' dir='ltr'>λατρεύσεις</span> 
     </span>
    </p>
   </div>
   <div class='ocr_carea' id='block_1_94' title="bbox 2291 3625 3876 3704">
    <p class='ocr_par' dir='ltr' id='par_1_94' title="bbox 2291 3625 3876 3704">
     <span class='ocr_line' id='line_1_94' title="bbox 2291 3625 3876 3704; baseline 0.005 -25"><span class='ocrx_word' id='word_1_698' title='bbox 2291 3625 2484 3696; x_wconf 82' lang='grc' dir='ltr'>Κυρίῳ</span> <span class='ocrx_word' id='word_1_699' title='bbox 2515 3626 2593 3697; x_wconf 90' lang='grc' dir='ltr'><strong>τῷ</strong></span> <span class='ocrx_word' id='word_1_700' title='bbox 2623 3627 2741 3700; x_wconf 87' lang='grc' dir='ltr'><strong>Θεῷ</strong></span> <span class='ocrx_word' id='word_1_701' title='bbox 2787 3646 2881 3681; x_wconf 87' lang='grc' dir='ltr'><strong>σου</strong></span> <span class='ocrx_word' id='word_1_702' title='bbox 2909 3669 2923 3694; x_wconf 96' lang='grc'><strong>,</strong></span> <span class='ocrx_word' id='word_1_703' title='bbox 2972 3631 3066 3682; x_wconf 77' lang='grc' dir='ltr'>καὶ</span> <span class='ocrx_word' id='word_1_704' title='bbox 3111 3630 3394 3700; x_wconf 75' lang='grc' dir='ltr'>εὐλογήσω</span> <span class='ocrx_word' id='word_1_705' title='bbox 3435 3632 3525 3684; x_wconf 82' lang='grc' dir='ltr'>τὸν</span> <span class='ocrx_word' id='word_1_706' title='bbox 3556 3632 3723 3704; x_wconf 84' lang='grc' dir='ltr'>ἄρτον</span> <span class='ocrx_word' id='word_1_707' title='bbox 3763 3651 3876 3698; x_wconf 90' lang='grc' dir='ltr'>σου,</span> 
     </span>
    </p>
   </div>
   <div class='ocr_carea' id='block_1_95' title="bbox 2291 3715 3884 3795">
    <p class='ocr_par' dir='ltr' id='par_1_95' title="bbox 2291 3715 3884 3795">
     <span class='ocr_line' id='line_1_95' title="bbox 2291 3715 3884 3795; baseline 0.005 -25"><span class='ocrx_word' id='word_1_708' title='bbox 2291 3718 2387 3785; x_wconf 73' lang='grc' dir='ltr'>κα),</span> <span class='ocrx_word' id='word_1_709' title='bbox 2415 3718 2506 3771; x_wconf 74' lang='grc' dir='ltr'><strong>τὸν</strong></span> <span class='ocrx_word' id='word_1_710' title='bbox 2540 3715 2679 3772; x_wconf 76' lang='grc' dir='ltr'>οἶνόν</span> <span class='ocrx_word' id='word_1_711' title='bbox 2716 3737 2808 3772; x_wconf 85' lang='grc' dir='ltr'><strong>σου</strong></span> <span class='ocrx_word' id='word_1_712' title='bbox 2837 3761 2851 3782; x_wconf 82' lang='grc'><strong>,</strong></span> <span class='ocrx_word' id='word_1_713' title='bbox 2878 3721 2970 3774; x_wconf 75' lang='grc' dir='ltr'>καὶ</span> <span class='ocrx_word' id='word_1_714' title='bbox 2998 3721 3058 3774; x_wconf 86' lang='grc' dir='ltr'>τὸ</span> <span class='ocrx_word' id='word_1_715' title='bbox 3091 3721 3233 3792; x_wconf 73' lang='grc' dir='ltr'>ὕδωρ</span> <span class='ocrx_word' id='word_1_716' title='bbox 3269 3739 3360 3774; x_wconf 87' lang='grc' dir='ltr'><strong>σου</strong></span> <span class='ocrx_word' id='word_1_717' title='bbox 3386 3739 3401 3754; x_wconf 78' lang='grc' dir='ltr'><strong>ο</strong></span> <span class='ocrx_word' id='word_1_718' title='bbox 3435 3724 3530 3776; x_wconf 70' lang='grc' dir='ltr'>καὶ</span> <span class='ocrx_word' id='word_1_719' title='bbox 3551 3724 3884 3795; x_wconf 63' lang='grc' dir='ltr'>ἀποστρέᾴω</span> 
     </span>
    </p>
   </div>
   <div class='ocr_carea' id='block_1_96' title="bbox 2295 3812 3876 3888">
    <p class='ocr_par' dir='ltr' id='par_1_96' title="bbox 2295 3812 3876 3888">
     <span class='ocr_line' id='line_1_96' title="bbox 2295 3812 3876 3888; baseline 0.003 -22"><span class='ocrx_word' id='word_1_720' title='bbox 2295 3812 2569 3882; x_wconf 78' lang='grc' dir='ltr'>μαλακίαν</span> <span class='ocrx_word' id='word_1_721' title='bbox 2603 3815 2695 3882; x_wconf 73' lang='grc' dir='ltr'><strong>ἀφ’</strong></span> <span class='ocrx_word' id='word_1_722' title='bbox 2751 3813 2940 3884; x_wconf 79' lang='grc' dir='ltr'>ὑμῶν’</span> <span class='ocrx_word' id='word_1_723' title='bbox 2974 3815 3074 3867; x_wconf 75' lang='grc' dir='ltr'>οὐκ</span> <span class='ocrx_word' id='word_1_724' title='bbox 3110 3813 3264 3867; x_wconf 78' lang='grc' dir='ltr'>ἔσται</span> <span class='ocrx_word' id='word_1_725' title='bbox 3303 3814 3516 3884; x_wconf 87' lang='grc' dir='ltr'>ἄγονος,</span> <span class='ocrx_word' id='word_1_726' title='bbox 3543 3816 3662 3870; x_wconf 82' lang='grc' dir='ltr'>οὐδὲ</span> <span class='ocrx_word' id='word_1_727' title='bbox 3694 3817 3876 3888; x_wconf 81' lang='grc' dir='ltr'>στεῖρα</span> 
     </span>
    </p>
   </div>
   <div class='ocr_carea' id='block_1_97' title="bbox 2291 3905 3879 3981">
    <p class='ocr_par' dir='ltr' id='par_1_97' title="bbox 2291 3905 3879 3981">
     <span class='ocr_line' id='line_1_97' title="bbox 2291 3905 3879 3981; baseline 0.004 -23"><span class='ocrx_word' id='word_1_728' title='bbox 2291 3905 2384 3958; x_wconf 70' lang='grc' dir='ltr'><strong>ἐπὶ</strong></span> <span class='ocrx_word' id='word_1_729' title='bbox 2417 3906 2518 3977; x_wconf 83' lang='grc' dir='ltr'>τῆς</span> <span class='ocrx_word' id='word_1_730' title='bbox 2563 3907 2664 3977; x_wconf 77' lang='grc' dir='ltr'>γῆς</span> <span class='ocrx_word' id='word_1_731' title='bbox 2716 3924 2848 3972; x_wconf 89' lang='grc' dir='ltr'>σου,</span> <span class='ocrx_word' id='word_1_732' title='bbox 2906 3905 2998 3960; x_wconf 84' lang='grc' dir='ltr'>τὸν</span> <span class='ocrx_word' id='word_1_733' title='bbox 3045 3906 3282 3977; x_wconf 74' lang='grc' dir='ltr'>ἀριθμὸν</span> <span class='ocrx_word' id='word_1_734' title='bbox 3342 3906 3450 3960; x_wconf 83' lang='grc' dir='ltr'>τῶν</span> <span class='ocrx_word' id='word_1_735' title='bbox 3502 3908 3728 3981; x_wconf 77' lang='grc' dir='ltr'>ἡμερῶν</span> <span class='ocrx_word' id='word_1_736' title='bbox 3784 3927 3879 3964; x_wconf 85' lang='grc' dir='ltr'><strong>σου</strong></span> 
     </span>
    </p>
   </div>
   <div class='ocr_carea' id='block_1_98' title="bbox 2291 3999 3875 4072">
    <p class='ocr_par' dir='ltr' id='par_1_98' title="bbox 2291 3999 3875 4072">
     <span class='ocr_line' id='line_1_98' title="bbox 2291 3999 3875 4072; baseline 0.003 -20"><span class='ocrx_word' id='word_1_737' title='bbox 2291 3999 2696 4070; x_wconf 81' lang='grc' dir='ltr'>ἀναπληρώσω.</span> <span class='ocrx_word' id='word_1_738' title='bbox 2745 4019 2764 4052; x_wconf 71' lang='grc' dir='ltr'><strong>ι</strong></span> <span class='ocrx_word' id='word_1_739' title='bbox 2805 4001 2961 4052; x_wconf 82' lang='grc' dir='ltr'>Ἔστι</span> <span class='ocrx_word' id='word_1_740' title='bbox 2991 4001 3100 4070; x_wconf 80' lang='grc' dir='ltr'><strong>γὰρ</strong></span> <span class='ocrx_word' id='word_1_741' title='bbox 3135 4001 3234 4053; x_wconf 76' lang='grc' dir='ltr'>οὐκ</span> <span class='ocrx_word' id='word_1_742' title='bbox 3268 4002 3612 4072; x_wconf 77' lang='grc' dir='ltr'>ἀσυμφανὲς,</span> <span class='ocrx_word' id='word_1_743' title='bbox 3645 4004 3722 4067; x_wconf 82' lang='grc' dir='ltr'>ὡς</span> <span class='ocrx_word' id='word_1_744' title='bbox 3764 4005 3875 4066; x_wconf 80' lang='grc' dir='ltr'>τοῖς</span> 
     </span>
    </p>
   </div>
   <div class='ocr_carea' id='block_1_99' title="bbox 2291 4089 3875 4170">
    <p class='ocr_par' dir='ltr' id='par_1_99' title="bbox 2291 4089 3875 4170">
     <span class='ocr_line' id='line_1_99' title="bbox 2291 4089 3875 4170; baseline 0.003 -28"><span class='ocrx_word' id='word_1_745' title='bbox 2291 4089 2431 4155; x_wconf 81' lang='grc' dir='ltr'>ἄγαν</span> <span class='ocrx_word' id='word_1_746' title='bbox 2470 4090 2884 4160; x_wconf 75' lang='grc' dir='ltr'>ἐρηρεισμένοις</span> <span class='ocrx_word' id='word_1_747' title='bbox 2931 4091 3025 4143; x_wconf 78' lang='grc' dir='ltr'><strong>καὶ</strong></span> <span class='ocrx_word' id='word_1_748' title='bbox 3054 4090 3114 4154; x_wconf 81' lang='grc' dir='ltr'>ἐξ</span> <span class='ocrx_word' id='word_1_749' title='bbox 3146 4091 3330 4159; x_wconf 79' lang='grc' dir='ltr'>ὑγιοῦς</span> <span class='ocrx_word' id='word_1_750' title='bbox 3373 4092 3610 4170; x_wconf 80' lang='grc' dir='ltr'>διανοίας</span> <span class='ocrx_word' id='word_1_751' title='bbox 3645 4093 3722 4165; x_wconf 90' lang='grc' dir='ltr'><strong>τῷ</strong></span> <span class='ocrx_word' id='word_1_752' title='bbox 3770 4093 3875 4146; x_wconf 84' lang='grc' dir='ltr'>τῶν</span> 
     </span>
    </p>
   </div>
   <div class='ocr_carea' id='block_1_100' title="bbox 2291 4179 3873 4256">
    <p class='ocr_par' dir='ltr' id='par_1_100' title="bbox 2291 4179 3873 4256">
     <span class='ocr_line' id='line_1_100' title="bbox 2291 4179 3873 4256; baseline 0.004 -24"><span class='ocrx_word' id='word_1_753' title='bbox 2291 4179 2428 4232; x_wconf 83' lang='grc' dir='ltr'>ὅλων</span> <span class='ocrx_word' id='word_1_754' title='bbox 2481 4180 2599 4250; x_wconf 89' lang='grc' dir='ltr'><strong>Θεῷ</strong></span> <span class='ocrx_word' id='word_1_755' title='bbox 2648 4182 3066 4252; x_wconf 83' lang='grc' dir='ltr'>προσκειμένοις</span> <span class='ocrx_word' id='word_1_756' title='bbox 3099 4220 3112 4246; x_wconf 90' lang='grc'><strong>,</strong></span> <span class='ocrx_word' id='word_1_757' title='bbox 3159 4182 3433 4250; x_wconf 81' lang='grc' dir='ltr'>ἀπόδειξίν</span> <span class='ocrx_word' id='word_1_758' title='bbox 3482 4202 3541 4238; x_wconf 88' lang='grc' dir='ltr'><strong>τε</strong></span> <span class='ocrx_word' id='word_1_759' title='bbox 3587 4185 3682 4237; x_wconf 88' lang='grc' dir='ltr'><strong>τοῦ</strong></span> <span class='ocrx_word' id='word_1_760' title='bbox 3733 4185 3873 4256; x_wconf 74' lang='grc' dir='ltr'>πρά-</span> 
     </span>
    </p>
   </div>
   <div class='ocr_carea' id='block_1_101' title="bbox 2293 4272 3874 4346">
    <p class='ocr_par' dir='ltr' id='par_1_101' title="bbox 2293 4272 3874 4346">
     <span class='ocr_line' id='line_1_101' title="bbox 2293 4272 3874 4346; baseline 0.004 -23"><span class='ocrx_word' id='word_1_761' title='bbox 2293 4288 2500 4342; x_wconf 89' lang='grc' dir='ltr'>γματος</span> <span class='ocrx_word' id='word_1_762' title='bbox 2534 4273 2738 4342; x_wconf 78' lang='grc' dir='ltr'>ἐναργῆ</span> <span class='ocrx_word' id='word_1_763' title='bbox 2789 4272 3062 4326; x_wconf 88' lang='grc' dir='ltr'>ποιεῖσθαι</span> <span class='ocrx_word' id='word_1_764' title='bbox 3117 4274 3519 4346; x_wconf 79' lang='grc' dir='ltr'>μεμελετηκόσι</span> <span class='ocrx_word' id='word_1_765' title='bbox 3548 4316 3562 4339; x_wconf 87' lang='grc'><strong>,</strong></span> <span class='ocrx_word' id='word_1_766' title='bbox 3595 4275 3656 4328; x_wconf 83' lang='grc' dir='ltr'>τὸ</span> <span class='ocrx_word' id='word_1_767' title='bbox 3702 4293 3874 4330; x_wconf 79' lang='grc' dir='ltr'>κατα-</span> 
     </span>
    </p>
   </div>
   <div class='ocr_carea' id='block_1_102' title="bbox 2292 4363 3868 4440">
    <p class='ocr_par' dir='ltr' id='par_1_102' title="bbox 2292 4363 3868 4440">
     <span class='ocr_line' id='line_1_102' title="bbox 2292 4363 3868 4440; baseline 0.003 -24"><span class='ocrx_word' id='word_1_768' title='bbox 2292 4364 2459 4418; x_wconf 78' lang='grc' dir='ltr'>σείειν</span> <span class='ocrx_word' id='word_1_769' title='bbox 2489 4363 2710 4435; x_wconf 84' lang='grc' dir='ltr'>βωμούς</span> <span class='ocrx_word' id='word_1_770' title='bbox 2753 4382 2812 4417; x_wconf 87' lang='grc' dir='ltr'><strong>τε</strong></span> <span class='ocrx_word' id='word_1_771' title='bbox 2845 4365 2940 4418; x_wconf 73' lang='grc' dir='ltr'>καὶ</span> <span class='ocrx_word' id='word_1_772' title='bbox 2979 4365 3204 4436; x_wconf 83' lang='grc' dir='ltr'>στήλας,</span> <span class='ocrx_word' id='word_1_773' title='bbox 3241 4367 3335 4419; x_wconf 73' lang='grc' dir='ltr'>καὶ</span> <span class='ocrx_word' id='word_1_774' title='bbox 3360 4367 3667 4438; x_wconf 85' lang='grc' dir='ltr'>ἀνθρώπων</span> <span class='ocrx_word' id='word_1_775' title='bbox 3708 4367 3868 4440; x_wconf 80' lang='grc' dir='ltr'>ἀθύρ-</span> 
     </span>
    </p>
   </div>
   <div class='ocr_carea' id='block_1_103' title="bbox 2294 4455 3872 4532">
    <p class='ocr_par' dir='ltr' id='par_1_103' title="bbox 2294 4455 3872 4532">
     <span class='ocr_line' id='line_1_103' title="bbox 2294 4455 3872 4532; baseline 0.004 -24"><span class='ocrx_word' id='word_1_776' title='bbox 2294 4472 2440 4526; x_wconf 88' lang='grc' dir='ltr'>ματα</span> <span class='ocrx_word' id='word_1_777' title='bbox 2473 4455 2949 4526; x_wconf 80' lang='grc' dir='ltr'>παρεφθαρμένων</span> <span class='ocrx_word' id='word_1_778' title='bbox 2982 4455 3070 4511; x_wconf 81' lang='grc' dir='ltr'>τὸν</span> <span class='ocrx_word' id='word_1_779' title='bbox 3105 4456 3230 4510; x_wconf 90' lang='grc' dir='ltr'>νοῦν</span> <span class='ocrx_word' id='word_1_780' title='bbox 3251 4497 3266 4522; x_wconf 87' lang='grc'><strong>,</strong></span> <span class='ocrx_word' id='word_1_781' title='bbox 3317 4457 3478 4513; x_wconf 84' lang='grc' dir='ltr'>θείων</span> <span class='ocrx_word' id='word_1_782' title='bbox 3530 4457 3684 4513; x_wconf 76' lang='grc' dir='ltr'>ἔσται</span> <span class='ocrx_word' id='word_1_783' title='bbox 3721 4478 3872 4532; x_wconf 83' lang='grc' dir='ltr'>χαρι-</span> 
     </span>
    </p>
   </div>
   <div class='ocr_carea' id='block_1_104' title="bbox 2295 4545 2836 4618">
    <p class='ocr_par' dir='ltr' id='par_1_104' title="bbox 2295 4545 2836 4618">
     <span class='ocr_line' id='line_1_104' title="bbox 2295 4545 2836 4618; baseline 0.004 -20"><span class='ocrx_word' id='word_1_784' title='bbox 2295 4546 2518 4616; x_wconf 84' lang='grc' dir='ltr'>σμάτων</span> <span class='ocrx_word' id='word_1_785' title='bbox 2553 4545 2836 4618; x_wconf 84' lang='grc' dir='ltr'>πρόξενον.</span> 
     </span>
    </p>
   </div>
   <div class='ocr_carea' id='block_1_105' title="bbox 2361 4637 2866 4709">
    <p class='ocr_par' dir='ltr' id='par_1_105' title="bbox 2361 4637 2866 4709">
     <span class='ocr_line' id='line_1_105' title="bbox 2361 4637 2866 4709; baseline 0 -17"><span class='ocrx_word' id='word_1_786' title='bbox 2361 4637 2572 4692; x_wconf 79' lang='grc' dir='ltr'><strong>ΠΑΛΛ.</strong></span> <span class='ocrx_word' id='word_1_787' title='bbox 2620 4638 2866 4709; x_wconf 78' lang='grc' dir='ltr'><strong>Ἀληθές.</strong></span> 
     </span>
    </p>
   </div>
   <div class='ocr_carea' id='block_1_106' title="bbox 2359 4731 3851 4806">
    <p class='ocr_par' dir='ltr' id='par_1_106' title="bbox 2359 4731 3851 4806">
     <span class='ocr_line' id='line_1_106' title="bbox 2359 4731 3851 4806; baseline 0.003 -22"><span class='ocrx_word' id='word_1_788' title='bbox 2359 4731 2526 4785; x_wconf 84' lang='grc' dir='ltr'><strong>ΚΥΡ.</strong></span> <span class='ocrx_word' id='word_1_789' title='bbox 2567 4731 2630 4784; x_wconf 77' lang='lat' dir='ltr'><strong>Et</strong></span> <span class='ocrx_word' id='word_1_790' title='bbox 2677 4731 2788 4802; x_wconf 82' lang='grc' dir='ltr'>γὰρ</span> <span class='ocrx_word' id='word_1_791' title='bbox 2819 4731 2883 4802; x_wconf 82' lang='grc' dir='ltr'>δὴ</span> <span class='ocrx_word' id='word_1_792' title='bbox 2926 4732 3162 4806; x_wconf 78' lang='grc' dir='ltr'>καθέλῃς</span> <span class='ocrx_word' id='word_1_793' title='bbox 3192 4733 3258 4786; x_wconf 86' lang='grc' dir='ltr'>τὰ</span> <span class='ocrx_word' id='word_1_794' title='bbox 3303 4733 3677 4805; x_wconf 75' lang='grc' dir='ltr'>χειροποιητὰ,</span> <span class='ocrx_word' id='word_1_795' title='bbox 3720 4735 3851 4805; x_wconf 77' lang='grc' dir='ltr'>φησὶ</span> 
     </span>
    </p>
   </div>
   <div class='ocr_carea' id='block_1_107' title="bbox 2288 4821 3844 4898">
    <p class='ocr_par' dir='ltr' id='par_1_107' title="bbox 2288 4821 3844 4898">
     <span class='ocr_line' id='line_1_107' title="bbox 2288 4821 3844 4898; baseline 0.003 -24"><span class='ocrx_word' id='word_1_796' title='bbox 2288 4821 2645 4895; x_wconf 87' lang='grc' dir='ltr'>λατρεύσειάς</span> <span class='ocrx_word' id='word_1_797' title='bbox 2683 4840 2743 4876; x_wconf 86' lang='grc' dir='ltr'><strong>τε</strong></span> <span class='ocrx_word' id='word_1_798' title='bbox 2779 4823 2922 4894; x_wconf 86' lang='grc' dir='ltr'>Θεῷ,</span> <span class='ocrx_word' id='word_1_799' title='bbox 2957 4824 3026 4877; x_wconf 72' lang='grc' dir='ltr'><strong>τὰ</strong></span> <span class='ocrx_word' id='word_1_800' title='bbox 3068 4827 3196 4896; x_wconf 87' lang='grc' dir='ltr'>παρ’</span> <span class='ocrx_word' id='word_1_801' title='bbox 3239 4827 3468 4890; x_wconf 77' lang='grc' dir='ltr'>ἐκείνοις</span> <span class='ocrx_word' id='word_1_802' title='bbox 3491 4827 3584 4898; x_wconf 78' lang='grc' dir='ltr'>ἔθη</span> <span class='ocrx_word' id='word_1_803' title='bbox 3639 4845 3844 4898; x_wconf 89' lang='grc' dir='ltr'>μεμιση</span> 
     </span>
    </p>
   </div>
   <div class='ocr_carea' id='block_1_108' title="bbox 2289 4912 3870 4986">
    <p class='ocr_par' dir='ltr' id='par_1_108' title="bbox 2289 4912 3870 4986">
     <span class='ocr_line' id='line_1_108' title="bbox 2289 4912 3870 4986; baseline 0.003 -19"><span class='ocrx_word' id='word_1_804' title='bbox 2289 4912 2420 4981; x_wconf 87' lang='grc' dir='ltr'>κὼς,</span> <span class='ocrx_word' id='word_1_805' title='bbox 2456 4933 2475 4965; x_wconf 73' lang='grc' dir='ltr'><strong>ι</strong></span> <span class='ocrx_word' id='word_1_806' title='bbox 2519 4915 2816 4986; x_wconf 84' lang='grc' dir='ltr'>Εὐλογήσω</span> <span class='ocrx_word' id='word_1_807' title='bbox 2861 4916 2952 4971; x_wconf 83' lang='grc' dir='ltr'><strong>τὸν</strong></span> <span class='ocrx_word' id='word_1_808' title='bbox 2985 4916 3148 4985; x_wconf 77' lang='grc' dir='ltr'>ἄρτον</span> <span class='ocrx_word' id='word_1_809' title='bbox 3190 4937 3304 4985; x_wconf 91' lang='grc' dir='ltr'>σου,</span> <span class='ocrx_word' id='word_1_810' title='bbox 3341 4920 3554 4973; x_wconf 73' lang='grc' dir='ltr'>καὶτὸν</span> <span class='ocrx_word' id='word_1_811' title='bbox 3582 4916 3726 4972; x_wconf 73' lang='grc' dir='ltr'>οἶνόν</span> <span class='ocrx_word' id='word_1_812' title='bbox 3759 4937 3870 4982; x_wconf 86' lang='grc' dir='ltr'>σου,</span> 
     </span>
    </p>
   </div>
   <div class='ocr_carea' id='block_1_109' title="bbox 2286 5005 3881 5080">
    <p class='ocr_par' dir='ltr' id='par_1_109' title="bbox 2286 5005 3881 5080">
     <span class='ocr_line' id='line_1_109' title="bbox 2286 5005 3881 5080; baseline 0.004 -22"><span class='ocrx_word' id='word_1_813' title='bbox 2286 5005 2474 5060; x_wconf 75' lang='grc' dir='ltr'>καὶτὸ</span> <span class='ocrx_word' id='word_1_814' title='bbox 2506 5006 2650 5077; x_wconf 74' lang='grc' dir='ltr'>ὕδωρ</span> <span class='ocrx_word' id='word_1_815' title='bbox 2691 5025 2806 5062; x_wconf 90' lang='grc' dir='ltr'>σου.</span> <span class='ocrx_word' id='word_1_816' title='bbox 2850 5027 2869 5060; x_wconf 68' lang='grc' dir='ltr'><strong>ι</strong></span> <span class='ocrx_word' id='word_1_817' title='bbox 2923 5009 3200 5074; x_wconf 87' lang='grc' dir='ltr'>Μυστικὸς</span> <span class='ocrx_word' id='word_1_818' title='bbox 3251 5012 3280 5063; x_wconf 87' lang='grc' dir='ltr'><strong>ό</strong></span> <span class='ocrx_word' id='word_1_819' title='bbox 3323 5011 3482 5079; x_wconf 86' lang='grc' dir='ltr'>λόγος</span> <span class='ocrx_word' id='word_1_820' title='bbox 3535 5012 3630 5064; x_wconf 78' lang='grc' dir='ltr'>καὶ</span> <span class='ocrx_word' id='word_1_821' title='bbox 3683 5011 3881 5080; x_wconf 76' lang='grc' dir='ltr'>βαθὺς’</span> 
     </span>
    </p>
   </div>
   <div class='ocr_carea' id='block_1_110' title="bbox 2285 5096 3876 5172">
    <p class='ocr_par' dir='ltr' id='par_1_110' title="bbox 2285 5096 3876 5172">
     <span class='ocr_line' id='line_1_110' title="bbox 2285 5096 3876 5172; baseline 0.005 -25"><span class='ocrx_word' id='word_1_822' title='bbox 2285 5097 2398 5160; x_wconf 89' lang='grc' dir='ltr'>τοῖς</span> <span class='ocrx_word' id='word_1_823' title='bbox 2430 5096 2538 5167; x_wconf 84' lang='grc' dir='ltr'><strong>γὰρ</strong></span> <span class='ocrx_word' id='word_1_824' title='bbox 2585 5097 2704 5167; x_wconf 87' lang='grc' dir='ltr'><strong>Θεῷ</strong></span> <span class='ocrx_word' id='word_1_825' title='bbox 2734 5098 2998 5167; x_wconf 86' lang='grc' dir='ltr'>γνησίοις,</span> <span class='ocrx_word' id='word_1_826' title='bbox 3049 5100 3186 5172; x_wconf 75' lang='grc' dir='ltr'>πρὸς</span> <span class='ocrx_word' id='word_1_827' title='bbox 3223 5102 3474 5170; x_wconf 79' lang='grc' dir='ltr'>εὐλογίας</span> <span class='ocrx_word' id='word_1_828' title='bbox 3519 5102 3674 5156; x_wconf 76' lang='grc' dir='ltr'>ἔσται</span> <span class='ocrx_word' id='word_1_829' title='bbox 3713 5119 3876 5156; x_wconf 81' lang='grc' dir='ltr'>πνευ-</span> 
     </span>
    </p>
   </div>
   <div class='ocr_carea' id='block_1_111' title="bbox 2289 5189 3875 5265">
    <p class='ocr_par' dir='ltr' id='par_1_111' title="bbox 2289 5189 3875 5265">
     <span class='ocr_line' id='line_1_111' title="bbox 2289 5189 3875 5265; baseline 0.004 -26"><span class='ocrx_word' id='word_1_830' title='bbox 2289 5191 2546 5259; x_wconf 82' lang='grc' dir='ltr'>ματικῆς,</span> <span class='ocrx_word' id='word_1_831' title='bbox 2577 5189 2686 5241; x_wconf 84' lang='grc' dir='ltr'><strong>τῶν</strong></span> <span class='ocrx_word' id='word_1_832' title='bbox 2711 5190 2804 5242; x_wconf 89' lang='grc' dir='ltr'><strong>τοῦ</strong></span> <span class='ocrx_word' id='word_1_833' title='bbox 2836 5191 3070 5262; x_wconf 87' lang='grc' dir='ltr'>Χριστοῦ</span> <span class='ocrx_word' id='word_1_834' title='bbox 3105 5195 3476 5265; x_wconf 81' lang='grc' dir='ltr'>μυστηρίωνή</span> <span class='ocrx_word' id='word_1_835' title='bbox 3506 5193 3748 5265; x_wconf 78' lang='grc' dir='ltr'>μέθεξις,</span> <span class='ocrx_word' id='word_1_836' title='bbox 3785 5195 3875 5248; x_wconf 77' lang='grc' dir='ltr'><strong>καὶ</strong></span> 
     </span>
    </p>
   </div>
   <div class='ocr_carea' id='block_1_112' title="bbox 2287 5279 3872 5357">
    <p class='ocr_par' dir='ltr' id='par_1_112' title="bbox 2287 5279 3872 5357">
     <span class='ocr_line' id='line_1_112' title="bbox 2287 5279 3872 5357; baseline 0.004 -26"><span class='ocrx_word' id='word_1_837' title='bbox 2287 5280 2320 5348; x_wconf 85' lang='grc' dir='ltr'><strong>ἡ</strong></span> <span class='ocrx_word' id='word_1_838' title='bbox 2349 5279 2436 5332; x_wconf 78' lang='grc' dir='ltr'><strong>διὰ</strong></span> <span class='ocrx_word' id='word_1_839' title='bbox 2466 5280 2561 5333; x_wconf 88' lang='grc' dir='ltr'><strong>τοῦ</strong></span> <span class='ocrx_word' id='word_1_840' title='bbox 2594 5279 2747 5350; x_wconf 81' lang='grc' dir='ltr'>ἁγίου</span> <span class='ocrx_word' id='word_1_841' title='bbox 2781 5282 3158 5354; x_wconf 84' lang='grc' dir='ltr'>βαπτίσματος</span> <span class='ocrx_word' id='word_1_842' title='bbox 3194 5286 3372 5356; x_wconf 85' lang='grc' dir='ltr'>χάρις.</span> <span class='ocrx_word' id='word_1_843' title='bbox 3408 5287 3532 5348; x_wconf 85' lang='grc' dir='ltr'>Τοῖς</span> <span class='ocrx_word' id='word_1_844' title='bbox 3565 5302 3630 5354; x_wconf 91' lang='grc' dir='ltr'><strong>γε</strong></span> <span class='ocrx_word' id='word_1_845' title='bbox 3661 5287 3767 5357; x_wconf 85' lang='grc' dir='ltr'>μὴν</span> <span class='ocrx_word' id='word_1_846' title='bbox 3799 5287 3872 5338; x_wconf 83' lang='grc' dir='ltr'>δι·</span> 
     </span>
    </p>
   </div>
   <div class='ocr_carea' id='block_1_113' title="bbox 2284 5370 3872 5451">
    <p class='ocr_par' dir='ltr' id='par_1_113' title="bbox 2284 5370 3872 5451">
     <span class='ocr_line' id='line_1_113' title="bbox 2284 5370 3872 5451; baseline 0.003 -26"><span class='ocrx_word' id='word_1_847' title='bbox 2284 5370 2548 5443; x_wconf 80' lang='grc' dir='ltr'>ψυχοῦσιν</span> <span class='ocrx_word' id='word_1_848' title='bbox 2583 5373 2695 5438; x_wconf 79' lang='grc' dir='ltr'>ἔτι,</span> <span class='ocrx_word' id='word_1_849' title='bbox 2737 5377 3120 5448; x_wconf 83' lang='grc' dir='ltr'>κεκινημένοις</span> <span class='ocrx_word' id='word_1_850' title='bbox 3158 5381 3237 5440; x_wconf 85' lang='grc' dir='ltr'>εἰς</span> <span class='ocrx_word' id='word_1_851' title='bbox 3263 5379 3585 5441; x_wconf 77' lang='grc' dir='ltr'>ἀπόστασιν.</span> <span class='ocrx_word' id='word_1_852' title='bbox 3617 5380 3757 5451; x_wconf 82' lang='grc' dir='ltr'>ὀργὴ</span> <span class='ocrx_word' id='word_1_853' title='bbox 3782 5379 3872 5431; x_wconf 70' lang='grc' dir='ltr'>καὶ</span> 
     </span>
    </p>
   </div>
   <div class='ocr_carea' id='block_1_114' title="bbox 2283 5465 3867 5541">
    <p class='ocr_par' dir='ltr' id='par_1_114' title="bbox 2283 5465 3867 5541">
     <span class='ocr_line' id='line_1_114' title="bbox 2283 5465 3867 5541; baseline 0.003 -23"><span class='ocrx_word' id='word_1_854' title='bbox 2283 5465 2626 5538; x_wconf 83' lang='grc' dir='ltr'>κατάκριμα⁶</span> <span class='ocrx_word' id='word_1_855' title='bbox 2667 5468 2760 5541; x_wconf 75' lang='grc' dir='ltr'>καὶ</span> <span class='ocrx_word' id='word_1_856' title='bbox 2798 5468 2850 5522; x_wconf 80' lang='grc' dir='ltr'><strong>τί</strong></span> <span class='ocrx_word' id='word_1_857' title='bbox 2877 5470 2986 5540; x_wconf 84' lang='grc' dir='ltr'>γὰρ</span> <span class='ocrx_word' id='word_1_858' title='bbox 3018 5471 3138 5540; x_wconf 81' lang='grc' dir='ltr'><strong>οὐχὶ</strong></span> <span class='ocrx_word' id='word_1_859' title='bbox 3166 5470 3274 5523; x_wconf 82' lang='grc' dir='ltr'>τῶν</span> <span class='ocrx_word' id='word_1_860' title='bbox 3307 5470 3516 5537; x_wconf 81' lang='grc' dir='ltr'>δεινῶν,</span> <span class='ocrx_word' id='word_1_861' title='bbox 3548 5471 3610 5524; x_wconf 84' lang='grc' dir='ltr'>τὸ</span> <span class='ocrx_word' id='word_1_862' title='bbox 3641 5471 3867 5540; x_wconf 80' lang='grc' dir='ltr'>μεταλα-</span> 
     </span>
    </p>
   </div>
   <div class='ocr_carea' id='block_1_115' title="bbox 2285 5558 3867 5634">
    <p class='ocr_par' dir='ltr' id='par_1_115' title="bbox 2285 5558 3867 5634">
     <span class='ocr_line' id='line_1_115' title="bbox 2285 5558 3867 5634; baseline 0.005 -26"><span class='ocrx_word' id='word_1_863' title='bbox 2285 5559 2399 5626; x_wconf 85' lang='grc' dir='ltr'>χεῖν</span> <span class='ocrx_word' id='word_1_864' title='bbox 2414 5559 2528 5613; x_wconf 80' lang='grc' dir='ltr'>ἐστι</span> <span class='ocrx_word' id='word_1_865' title='bbox 2547 5558 2626 5631; x_wconf 75' lang='grc'><strong>(1)</strong></span> <span class='ocrx_word' id='word_1_866' title='bbox 2656 5560 2754 5631; x_wconf 85' lang='grc' dir='ltr'>τῆς</span> <span class='ocrx_word' id='word_1_867' title='bbox 2772 5561 3021 5630; x_wconf 81' lang='grc' dir='ltr'>εὐλογίας</span> <span class='ocrx_word' id='word_1_868' title='bbox 3038 5563 3137 5633; x_wconf 78' lang='grc' dir='ltr'>τῆς</span> <span class='ocrx_word' id='word_1_869' title='bbox 3158 5562 3534 5634; x_wconf 79' lang='grc' dir='ltr'>πνευματικῆς</span> <span class='ocrx_word' id='word_1_870' title='bbox 3553 5581 3567 5630; x_wconf 90' lang='grc'>;</span> <span class='ocrx_word' id='word_1_871' title='bbox 3584 5564 3677 5619; x_wconf 71' lang='grc' dir='ltr'><strong>καὶ</strong></span> <span class='ocrx_word' id='word_1_872' title='bbox 3695 5561 3867 5629; x_wconf 79' lang='grc' dir='ltr'>τοῦτο,</span> 
     </span>
    </p>
   </div>
   <div class='ocr_carea' id='block_1_116' title="bbox 1193 5703 2503 5779">
    <p class='ocr_par' dir='ltr' id='par_1_116' title="bbox 1193 5703 2503 5779">
     <span class='ocr_line' id='line_1_116' title="bbox 1193 5703 2503 5779; baseline 0.01 -23"><span class='ocrx_word' id='word_1_873' title='bbox 1193 5710 1239 5744; x_wconf 73' lang='grc'><strong>⁸⁷</strong></span> <span class='ocrx_word' id='word_1_874' title='bbox 1269 5703 1432 5758; x_wconf 88' lang='lat' dir='ltr'><strong>Num.</strong></span> <span class='ocrx_word' id='word_1_875' title='bbox 1461 5719 1611 5772; x_wconf 79' lang='lat' dir='ltr'><strong>mn,</strong></span> <span class='ocrx_word' id='word_1_876' title='bbox 1638 5705 1823 5762; x_wconf 75' lang='lat'><strong>50-52.</strong></span> <span class='ocrx_word' id='word_1_877' title='bbox 1901 5707 1946 5739; x_wconf 81' lang='grc'><strong>⁵⁸</strong></span> <span class='ocrx_word' id='word_1_878' title='bbox 1971 5707 2144 5764; x_wconf 80' lang='lat' dir='ltr'><strong>Exod.</strong></span> <span class='ocrx_word' id='word_1_879' title='bbox 2178 5725 2288 5779; x_wconf 78' lang='lat' dir='ltr'><strong>xui,</strong></span> <span class='ocrx_word' id='word_1_880' title='bbox 2315 5711 2503 5770; x_wconf 65' lang='grc' dir='ltr'><strong>Ἡ-Ξϐ.</strong></span> 
     </span>
    </p>
   </div>
  </div>
