4138 6300
307 294 414 351 817
1017 299 1106 355 DE
1142 300 1582 361 ADORATIONE
1616 306 1687 362 IN
1726 307 1996 366 SPIRITU
2033 310 2123 366 ET
2162 309 2530 373 VERI‘TATE.
2571 317 2703 375 LIB.
2742 321 2832 378 Vl.
3468 332 3575 387 ιιε

305 408 482 483 οἶμαι,
523 414 692 480 ἔστιν,
737 413 766 467 ὃ
812 414 906 468 καὶ
936 415 965 469 ὁ
1012 417 1174 486 σοφὸς
1205 416 1308 490 ἔφη
1351 419 1597 488 Παῦλος,
1644 422 1725 478 ὅτι
1766 444 1785 475 ε
1834 425 1870 477 ’ί

1996 427 2113 496 ptio
2140 447 2152 482 :
2179 429 2343 500 idque
2370 431 2505 489 illud
2531 443 2636 502 est,
2661 445 2724 492 ut
2746 447 2902 509 puto,
2922 438 3070 510 quod
3089 441 3310 512 sapiens
3327 443 3413 498 vir
3433 444 3575 500 Pau-

307 505 507 559 ἐσθίων
555 508 650 560 καὶ
702 506 870 560 πίνων
906 505 969 559 τὸ
1014 507 1171 578 σῶμα
1206 509 1302 562 καὶ
1344 506 1485 582 αἷμα
1519 512 1615 567 τοῦ
1652 515 1870 586 Χριστοί

1992 517 2079 573 lus
2109 519 2246 577 dixit
2272 540 2285 577 :
2328 542 2347 575 ι
2385 523 2490 591 Qui
2512 505 2807 585 manducat
2828 536 2885 585 et
2905 505 3048 586 bibit
3069 505 3274 589 Chi-isti
3297 549 3499 605 corpus
3519 546 3575 590 et

306 594 559 659 ἀναξίως,
590 595 910 667 κατάκριμα
939 597 1115 669 ἐαυτῷ
1142 598 1313 652 ἐσθίει
1354 602 1448 655 καὶ
1479 602 1618 669 πίει,
1661 603 1736 677 μὴ
1774 606 1891 659 δια-

302 684 508 756 κρίνων
529 685 592 740 τὺ
616 685 774 757 σῶμα
796 687 1021 759 Κυρίου.
1048 689 1398 761 Δοκιμαζέτω
1431 692 1541 757 δὲ,›
1582 696 1768 766 φησὶν,
1814 717 1831 748 ι
1859 699 1889 750 ό

300 776 592 848 ἄνθρωπος
630 777 842 843 ἐαυτὸν,
866 779 962 832 καὶ
982 780 1102 832 τότε
1123 782 1185 833 ἐκ
1206 781 1300 835 τοῦ
1326 782 1493 853 ἄρτου
1520 785 1769 852 ἐσθιέτω,
1793 789 1889 841 καὶ

302 868 370 921 ἐκ
397 867 494 921 τοῦ
538 868 803 940 ποτηρίου
839 871 1065 923 πινέτω*
1101 889 1120 922 ι
1164 870 1359 927 Ἔσται
1397 874 1577 928 τοίνυν
1611 877 1751 948 πρὸς
1791 878 1885 931 εὑ·-

300 958 512 1028 λογίας,
536 961 703 1037 -φησὶ,
735 961 842 1013 τῶν
870 962 1041 1030 ἀγίων
1091 965 1407 1035 μυστηρίων
1441 967 1472 1037 ή
1506 966 1742 1036 μέθεξις,
1773 973 1887 1035 τοῖς

303 1069 369 1120 γε
415 1051 491 1114 ὡς
534 1035 753 1122 ἀληθῶς
782 1053 1218 1123 φιλοθεωτάτοις.
1269 1056 1380 1110 Καὶ
1409 1035 1884 1132 ἀπαλλαγήσονται

305 1143 367 1196 δὲ
433 1143 800 1213 μαλακισμοιλ
857 1145 1124 1211 τουτέστι,
1177 1146 1272 1200 τοῦ
1326 1153 1502 1204 νοσεῖν
1555 1153 1787 1224 ἑτοίμως
1824 1155 1884 1208 τὸ

307 1234 511 1288 ἀδικεῖν
544 1235 804 1304 πεφυκὸς,
826 1236 921 1290 καὶ
946 1238 1284 1308 ἀποκομίζον
1313 1241 1391 1303 είς
1411 1242 1703 1315 ἀνανδρίαν
1722 1262 1736 1276 ·
1767 1245 1882 1299 ἀλλ’

302 1324 426 1377 ούδέ
457 1324 644 1393 ἄγονος
662 1325 835 1387 ἐσται,
868 1327 1053 1397 φησὶν,
1084 1329 1143 1379 ἐν
1171 1329 1374 1393 αὐτοῖς,
1403 1332 1523 1385 οὐδέ
1543 1336 1750 1405 στεῖρα.
1782 1336 1881 1390 Γο-

302 1414 584 1486 νιμωτάτη
606 1417 713 1488 γάρ
736 1418 885 1471 πᾶσα
919 1418 1166 1491 θεοφιλὴς
1193 1421 1286 1474 καὶ
1305 1422 1426 1475 ὁσία
1440 1423 1608 1495 ψυχὴ,
1630 1427 1725 1481 καὶ
1750 1445 1884 1501 καρ-

302 1508 427 1571 ποῖς
471 1506 645 1577 ἁγίοις
686 1513 1018 1583 κατάκομος,
1052 1514 1196 1585 φημὶ
1235 1513 1293 1567 δὲ
1342 1516 1403 1586 δὴ
1444 1518 1627 1586 πάλιν,
1679 1524 1793 1586 τοῖς
1825 1523 1881 1590 ἐξ

299 1597 507 1667 ἀρετῆς
540 1599 677 1669 αύχή
687 1618 870 1669 μασιν.
1764 1616 1775 1629 '

377 1690 583 1744 ΠᾹΛΛ.
624 1681 755 1744 Ὧδε
795 1692 929 1763 ἔχει.

1991 609 2311 678 sanguinem
2333 611 2580 685 indigne,
2598 615 2871 686 judicium
2894 619 2998 675 sibi
3019 621 3315 677 manducat
3333 633 3389 679 et
3406 623 3568 688 bibit,

1992 712 2100 751 non
2123 698 2662 773 dijudicans_corpus.
2681 705 2883 761 Probet
2894 714 3129 774 autem,»
3151 708 3382 780 inquit,c
3404 710 3570 764 homo

1989 804 2047 842 se
2071 789 2281 859 ipsum;
2309 801 2365 847 et
2387 802 2521 850 tunc
2542 794 2611 851 de
2641 811 2782 866 pane
2809 797 2904 853 illo
2925 798 3073 864 edat,
3102 808 3160 855 et
3182 800 3251 856 de
3280 801 3450 857 calice
3479 801 3568 857 bi-

1987 878 2080 935 bat
2117 882 2180 935 “.
2217 901 2236 934 ι
2266 882 2340 938 lis
2367 883 2536 955 igitur
2570 886 2665 955 qui
2687 902 2817 943 vere
2852 889 2949 944 Dei
2986 900 3115 945 sunt
3142 900 3440 960 amatores,
3466 908 3568 963 pro

1987 969 2389 1040 benedictione,
2421 974 2619 1045 inquit,
2649 978 2811 1048 178
2835 978 2943 1034 erit
2971 979 3063 1035 illa
3087 990 3401 1038 sanctorum
3446 996 3565 1056 my-

1986 1063 2280 1119 steriorum
2311 1067 2762 1135 communicatio;
2794 1077 2851 1124 et
2890 1070 2960 1126 ab
3003 1070 3319 1127 inﬁrmitate
3361 1074 3564 1131 libera-

1987 1155 2214 1221 buntur,
2248 1156 2303 1211 id
2327 1165 2432 1222 est,
2466 1173 2536 1213 ne
2564 1158 2737 1214 libere
2759 1160 2810 1214 ei
2835 1161 3028 1216 morbo
3061 1164 3441 1230 succumbant,
3468 1167 3566 1235 qui

1985 1247 2155 1312 laedit,
2180 1256 2235 1303 et
2256 1248 2324 1304 ad
2349 1249 2620 1319 ignaviam
2645 1252 2900 1319 abducit;
2935 1270 3113 1325 neque
3138 1255 3451 1321 infecunda,
3480 1258 3566 1313 in-

1984 1338 2124 1407 quit,
2143 1338 2250 1392 erit
2274 1338 2327 1392 in
2354 1339 2480 1405 illis,
2500 1356 2677 1411 neque
2694 1342 2897 1398 sterilis
2916 1362 2928 1396 :
2947 1336 3336 1402 fecundissima
3359 1349 3563 1420 quippe

1984 1437 2069 1481 est
2097 1428 2275 1483 omnis
2297 1430 2393 1484 Dei
2422 1446 2612 1487 amans
2639 1440 2694 1486 et
2734 1442 2921 1489 sancta
2961 1436 3161 1501 anima,
3204 1446 3259 1492 et
3292 1438 3564 1497 fructibus

1984 1520 2208 1584 sanctis,
2235 1521 2427 1591 gloria,
2460 1521 2705 1593 inquam,
2739 1524 3005 1580 virtutum
3029 1535 3243 1583 ornata.

2055 1696 2249 1751 PALL.
2279 1698 2369 1755 Sic
2394 1698 2564 1757 seres
2587 1702 2772 1757 habet.

374 1781 540 1835 ΚΥΡ.
581 1783 1013 1838 Εὑκατάσειστον
1058 1786 1115 1839 δὲ
1160 1787 1258 1857 τὴν
1307 1789 1535 1859 καρδίαν
1590 1790 1733 1862 ἔχειν
1780 1795 1870 1849 οὑκ

2052 1785 2209 1855 C_Yll.
2239 1786 2376 1854 Quia
2409 1806 2541 1845 vero
2572 1794 2823 1848 mutabili
2861 1796 3027 1850 corde
3056 1811 3158 1852 nos
3185 1812 3306 1853 esse
3337 1798 3561 1855 minime

297 1872 429 1937 ἐῶν,
461 1876 785 1946 εὐμηχανῶς
832 1879 1113 1951 ἐπιτρέπει
1161 1881 1295 1950 πρὸς
1326 1882 1387 1935 τὸ
1415 1884 1524 1937 δεῖν
1558 1884 1773 1940 ἑλέσθαι
1814 1889 1876 1942 τὸ

298 1962 535 2035 βεϐηκὸς
561 1969 640 2030 είς
671 1968 869 2031 πίστιν,
901 1970 995 2023 καὶ
1025 1972 1107 2034 εἰς
1137 1972 1417 2027 εὐσέϐειαν
1446 1975 1715 2044 ἀσφαλέςο
1746 1981 1877 2032 ποτὲ

300 2055 404 2125 μὲν
446 2058 555 2128 γάρ
598 2058 878 2129 λογισμοῖς
918 2063 1032 2125 τοῖς
1080 2062 1408 2147 καθήκουσιν
1467 2069 1876 2137 μεταπαιδεύων

295 2150 392 2202 ἐπὶ
418 2148 479 2203 τὸ
518 2150 759 2221 ἄμεινον,
806 2152 1238 2218 ἀποσπουδάζειν
1290 2155 1522 2223 κελεύει,
1579 2158 1777 2228 μᾶλλον
1819 2160 1875 2215 δὲ

298 2240 739 2312 ἀποστρέφεσθαι
791 2243 1089 2309 παντελῶς,
1115 2244 1190 2310 ὡς
1233 2245 1453 2318 ὀλέθρου
1504 2247 1784 2317 πρόξενον,
1816 2251 1876 2304 τὸ

294 2328 451 2385 θύειν
478 2331 712 2396 εἰδώλοις
740 2331 772 2404 ἦ
818 2338 1166 2405 προσκυνεῖν,
1203 2337 1456 2407 διαϐολῆς
1493 2340 1593 2411 τῆς
1620 2341 1871 2412 ἐσχάτης,

296 2426 503 2496 μᾶλλον
526 2426 582 2479 δὲ
603 2427 917 2492 δυσσεϐείας
942 2428 1041 2499 τῆς
1068 2431 1329 2485 ἀνωτάτω
1354 2432 1569 2497 δεικνὺς
1590 2435 1875 2491 ἀνάπλεων

289 2517 398 2587 τὴν
433 2518 641 2571 τοιάνδε
669 2518 843 2572 νόσον·
872 2520 1000 2574 ποτέ
1027 2521 1083 2573 δὲ
1114 2522 1208 2575 καὶ
1241 2522 1428 2591 φόϐον,
1466 2524 1558 2577 τὸν
1587 2527 1681 2579 τοῦ
1712 2528 1875 2582 κολά-

291 2608 488 2672 ζεσθαι
535 2610 697 2679 λέγω,
738 2612 1080 2681 παιδαγωγὸν
1115 2613 1304 2684 ὥσπερ
1346 2616 1470 2668 τινὰ
1502 2619 1597 2669 καὶ
1630 2623 1874 2686 γενναῖον

291 2702 429 2772 ἡμῖν
459 2703 759 2773 ἐπιστήσας
798 2703 1036 2773 φύλακα,
1067 2708 1387 2777 περιτρέπει
1421 2710 1757 2780 πανταχόθεν
1780 2713 1872 2765 ἐπὶ

203 2826 207 2829 -
291 2795 356 2847 τὸ
410 2794 643 2865 ἀρέσκον
691 2794 856 2867 αὐτῷ.
905 2798 1015 2851 Καὶ
1065 2798 1195 2867 γοῦν
1243 2801 1302 2852 ἐν
1339 2797 1417 2870 τῷ
1468 2802 1872 2875 Δευτερονομίῳ

292 2884 465 2953 φησὶν
503 2887 532 2938 ό
571 2884 838 2956 μακάριος
877 2888 1085 2958 Μωσῆς
1109 2905 1121 2918 ·
1160 2908 1179 2941 ι
1219 2890 1330 2944 Καὶ
1378 2890 1551 2945 ταῦτα
1601 2894 1670 2948 τά
1702 2912 1873 2967 προσ-

291 2978 551 3047 τάγματα
583 2979 676 3032 καὶ
720 2977 790 3031 τά
835 2979 1098 3050 κρίματα,
1131 2978 1484 3052 ἂφυλάξεσθε
1527 2985 1620 3039 τοῦ
1647 2987 1870 3057 ποιῆσαι

1978 1874 2204 1942 patitur,
2239 1875 2535 1933 artiﬁciose
2563 1880 2632 1933 ad
2672 1881 3027 1937 stabilitatem
3066 1884 3192 1940 ﬁdei
3233 1886 3559 1959 pietatisque

1978 1962 2291 2021 ﬁrmitatem
2334 1969 2767 2039 amplectendam
2810 1973 3082 2029 convertit
3120 1992 3132 2028 :
3165 1990 3561 2048 nonnunquam

1977 2055 2126 2108 enim
2159 2058 2619 2114 convenientibus
2658 2061 2965 2116 rationibus
2988 2063 3056 2118 ad
3094 2063 3149 2119 id
3192 2067 3338 2134 quod
3366 2068 3562 2124 melius

1976 2153 2062 2200 est
2111 2148 2423 2216 traducens,
2450 2151 2722 2207 idolorum
2750 2153 3082 2209 sacriﬁcium
3113 2156 3560 2215 adorationemve

1976 2242 2272 2313 negligere,
2299 2245 2407 2300 imo
2428 2260 2560 2301 vero
2586 2248 2828 2302 aversari
2851 2259 3100 2319 prorSus,
3129 2257 3190 2304 ut
3216 2251 3409 2306 mortis
3429 2268 3561 2307 con-

1976 2334 2298 2390 ciliatricem
2318 2337 2507 2407 jubet;
2533 2339 2803 2408 ejusmodi
2829 2340 3081 2395 morbum
3110 2343 3420 2413 gravissimi
3444 2343 3557 2399 cri-

1976 2427 2161 2491 minis,
2184 2428 2296 2483 imo
2318 2445 2450 2484 vero
2476 2438 2734 2485 extremae
2759 2431 3054 2501 impietatis
3077 2434 3296 2502 plenum
3320 2450 3439 2489 esse
3464 2435 3561 2490 de-

1975 2526 2286 2574 monstrans
2324 2536 2337 2573 :
2372 2532 2767 2592 nonnunquam
2806 2538 2938 2577 vero
2963 2532 3191 2589 metum,
3235 2540 3432 2594 pinnat,
3468 2525 3557 2581 in-

1974 2620 2159 2675 quam,
2185 2605 2556 2674 formidinem,
2592 2609 2762 2664 veluti
2798 2610 3149 2681 ptedagogum
3183 2612 3441 2682 aliquem,
3470 2623 3556 2669 at-

1973 2712 2079 2766 que
2125 2714 2377 2754 severum
2422 2700 2727 2767 custodem,
2772 2701 2936 2757 nobis
2973 2717 3275 2771 opponens,
3312 2704 3557 2775 undique

1972 2790 2040 2845 ad
2081 2792 2134 2846 id
2172 2793 2319 2863 quod
2348 2794 2453 2850 sibi
2499 2795 2677 2865 placet
2716 2793 2959 2849 adducit.
2986 2794 3174 2865 Itaque
3204 2796 3261 2850 in
3286 2797 3554 2852 Deutero-

1971 2885 2158 2940 nomio
2210 2885 2388 2958 inquit
2413 2887 2608 2943 beatus
2647 2886 2900 2959 Moyses:
2939 2907 2958 2940 ι
2990 2889 3058 2943 Et
3098 2888 3215 2943 haec
3243 2897 3371 2943 sunt
3410 2904 3554 2959 prte-

1973 2985 2129 3046 cepta
2152 2984 2208 3032 et
2226 2977 2434 3049 judicia
2468 2994 2590 3049 quae
2632 2978 2946 3045 servabitis,
2976 2987 3038 3034 ut
3060 2979 3273 3035 faciatis
3327 2979 3380 3034 iu
3409 2988 3556 3037 terra

293 3070 391 3123 ἐπὶ
426 3070 525 3139 τῆς
571 3073 697 3142 γῆς,
746 3072 812 3143 ἣν
840 3071 1039 3143 Κύριος
1074 3077 1103 3126 ό
1128 3073 1259 3138 Θεὸς
1283 3073 1392 3129 τῶν
1434 3076 1685 3148 πατέρων
1716 3078 1870 3149 ὑμῶν

1973 3083 2137 3139 quam
2163 3069 2428 3124 Dominus
2453 3070 2599 3123 Deus
2620 3076 2840 3139 patrum
2862 3078 3172 3125 vestrorum
3200 3071 3293 3125 dat
3315 3072 3472 3127 vobis
3498 3074 3554 3128 in

290 3159 508 3215 δίδωσιν
541 3162 670 3232 ὑμῖν
697 3164 754 3215 ἐν
783 3162 970 3235 κλήρῳ
996 3165 1175 3229 πάσας
1199 3166 1297 3229 τὰς
1324 3167 1557 3237 ἡμέρας,
1604 3167 1670 3232 ἀς
1712 3170 1870 3241 ὑμεῖς

285 3250 427 3323 ζῆτε
462 3253 553 3307 ἐπὶ
589 3253 691 3324 τῆς
726 3254 847 3326 γῆς.
912 3256 1183 3328 Ἀπωλείᾳ
1210 3257 1461 3313 ἀπολεῖτε
1491 3261 1698 3325 πάντας
1741 3261 1870 3326 τοὺς

288 3343 512 3409 τόπους,
540 3346 598 3398 ἐν
637 3341 719 3409 οἷς
774 3347 1110 3419 ἐλάτρευσαν
1156 3349 1273 3401 ἐκεῖ
1319 3350 1387 3402 τά
1422 3349 1551 3421 ἔθνη
1590 3354 1702 3416 τοῖς
1728 3352 1871 3416 θεοῖς

287 3434 496 3499 αὐτῶν,
522 3434 615 3500 οὓς
641 3436 800 3507 ὑμεῖς
820 3438 1202 3510 κληρονομεῖτε
1226 3440 1421 3505 αὐτοὺς
1451 3442 1544 3495 ἐπὶ
1567 3443 1676 3495 τῶν
1698 3443 1869 3515 ὁρέων

285 3525 405 3580 τῶν
439 3526 678 3597 ὑψηλῶν,
717 3528 812 3582 καὶ
842 3530 934 3582 ἐπὶ
966 3528 1073 3583 τῶν
1100 3528 1279 3595 θινῶν,
1318 3532 1411 3585 καὶ
1442 3533 1702 3587 ὑποκάτω
1754 3534 1870 3588 δέν-

285 3614 421 3684 δρου
449 3615 658 3680 δασέος.
708 3618 819 3673 Kal.
852 3621 1232 3690 κατασκάψετε
1263 3620 1390 3685 τοὺς
1422 3622 1637 3694 βωμοὺς
1668 3624 1865 3691 αὐτῶν,

287 3705 389 3759 καὶ
423 3708 742 3781 συντρίψετε
775 3710 875 3775 τὰς
915 3711 1115 3782 στήλας
1149 3712 1351 3776 αὐτῶν,
1385 3712 1479 3766 καὶ¹
1504 3714 1572 3767 τά
1603 3714 1739 3787 ἄλση
1766 3717 1866 3770 αὖ·

285 3796 401 3851 τῶν
443 3800 723 3871 ἐκκόψετε,
770 3803 864 3856 καὶ
894 3805 962 3856 τά
990 3803 1203 3871 γλυπτά
1234 3802 1344 3859 τῶν
1380 3803 1518 3857 θεῶν
1546 3805 1726 3860 αὐτῶν
1762 3823 1865 3860 κα-

287 3888 597 3944 τακαύσετε
622 3894 774 3964 πυρὶ,
803 3895 897 3947 καὶ
921 3895 1174 3948 ἀπολεῖτε
1198 3894 1258 3949 τὸ
1276 3896 1449 3967 ὄνομα
1468 3896 1649 3949 αὐτῶν
1681 3898 1747 3951 ἐκ
1770 3899 1865 3952 τοῦ

288 3980 458 4034 τόπου
491 3983 718 4037 ἐκείνου.
751 4004 770 4036 ›
799 3987 862 4038 Oi
885 3985 983 4055 μὲν
1026 3984 1311 4057 Ἑλλήνων,
1325 3987 1479 4056 σοφοὶ
1503 3988 1598 4042 καὶ
1621 3988 1863 4058 λογάδες,

286 4073 513 4142 ποιηταὶ⁵
553 4073 610 4128 δὲ
651 4075 905 4146 μάλιστα.
932 4077 1184 4148 ὁρειάδας
1209 4077 1361 4143 τινάς
1394 4079 1486 4134 καὶ
1514 4079 1865 4151 ἁμαδρυάδας

286 4163 613 4235 ὀνομάζουσι
651 4168 887 4240 νύμφας,
938 4170 1057 4241 ἦτοι
1105 4169 1384 4242 δαίμονας.
1438 4171 1560 4225 Elei.
1585 4172 1641 4226 δὲ
1688 4173 1737 4225 οἳ
1770 4174 1864 4228 καὶ

285 4258 399 4321 ¹ιὀῖς
451 4257 593 4311 κατὰ
640 4258 804 4313 τόπον
859 4258 1117 4330 ὑψώμασι
1151 4263 1280 4325 τοὺς
1311 4260 1463 4333 παρά
1512 4262 1665 4332 σφίσι
1696 4265 1862 4335 τιμᾷν

285 4346 555 4417 ήρημένοι
580 4347 758 4412 θεοὺς,
787 4347 1003 4420 βωμοὺς
1029 4350 1272 4415 ἱστάντες
1298 4352 1357 4405 ἐν
1377 4351 1549 4422 δρεσι,
1585 4350 1863 4422 βουθυτεῖν

1971 3161 2394 3232 possessionem,
2439 3160 2696 3216 omnibus
2740 3161 2939 3216 diebus
2987 3161 3190 3231 quibus
3232 3178 3331 3217 vos
3370 3162 3556 3219 vivitis

1969 3268 2138 3323 super
2182 3261 2407 3308 terram.
2438 3252 2755 3309 Perditione
2796 3253 3041 3323 perdetis
3085 3254 3268 3308 omnia
3306 3254 3446 3320 loca,
3493 3255 3552 3310 in

1969 3344 2174 3413 quibus
2200 3343 2510 3398 servierunt
2540 3350 2730 3414 gentes
2770 3342 2876 3398 diis
2914 3358 3130 3409 eorum,
3158 3359 3280 3414 qua:
3302 3360 3400 3399 vos
3421 3360 3552 3415 pos-

1967 3432 2238 3501 sidebitis,
2264 3435 2319 3490 in
2351 3436 2631 3491 montibus
2652 3435 2904 3501 excelsis,
2931 3445 2987 3490 et
3008 3434 3064 3490 in
3089 3436 3341 3501 collibus,
3370 3444 3425 3491 et
3444 3436 3552 3493 snb

1968 3525 2166 3581 arbore
2188 3540 2358 3597 opaca
2390 3543 2403 3581 :
2426 3535 2483 3582 et
2505 3527 2767 3583 evertetis
2790 3543 2916 3584 aras
2936 3541 3150 3591 eorum,
3175 3534 3231 3581 et
3251 3528 3553 3583 eonteretis

1968 3615 2159 3670 titulos
2199 3632 2414 3682 eorum,
2456 3625 2513 3671 et
2548 3619 2703 3673 lucos
2732 3634 2926 3673 eorum
2966 3617 3283 3683 succidetis,
3318 3626 3376 3673 et
3400 3620 3549 3674 soul-

1966 3708 2123 3779 ptilia
2163 3708 2393 3763 deorum
2434 3723 2627 3764 eorum
2658 3709 2995 3765 eomburetis
3035 3709 3171 3780 igni,
3209 3717 3265 3764 et
3305 3710 3551 3779 perdetis

1966 3812 2169 3852 nomen
2205 3810 2397 3855 eorum
2432 3812 2500 3853 ex
2529 3798 2651 3853 loco
2675 3799 2770 3854 illo
2807 3800 2873 3853 ⁷³.
2906 3818 2925 3851 ι
2971 3797 3284 3854 Graecorum
3324 3798 3550 3869 quidem

1965 3885 2242 3956 sapientes
2262 3895 2318 3941 et
2350 3887 2536 3943 eximii
2560 3872 2706 3944 inter
2740 3896 2987 3954 caeteros,
3018 3896 3193 3959 poetae
3213 3903 3343 3944 vero
3371 3888 3548 3944 maxi-

1965 3992 2085 4043 me,
2139 3976 2371 4033 oreadas
2422 3980 2685 4050 quasdam
2725 3988 2782 4036 et
2822 3979 3220 4051 hamadryadas
3257 3981 3547 4053 nymphas,

1965 4069 2240 4126 daemones
2261 4069 2537 4137 videlicet,
2564 4072 2858 4143 appellant.
2884 4071 3057 4128 Erant
3081 4071 3249 4127 etiam
3274 4072 3390 4142 qui,
3420 4088 3547 4127 cum

1962 4160 2100 4216 locis
2119 4160 2446 4217 editioribus
2476 4178 2606 4217 suos
2637 4163 2771 4219 deos
2791 4163 3045 4219 venerari
3065 4163 3287 4226 vellent,
3318 4162 3432 4216 aris
3452 4176 3551 4216 ex-

1961 4253 2189 4308 structis
2237 4252 2293 4307 in
2336 4253 2638 4318 montibus,
2681 4252 2851 4308 boves
2890 4253 3177 4307 immolare
3212 4251 3544 4318 studebant;

1960 4351 2018 4398 et
2055 4357 2181 4398 cum
2216 4343 2364 4399 circa
2395 4343 2753 4399 formosiores
2792 4344 3019 4399 arbores
3050 4350 3259 4398 statuas
3282 4349 3339 4397 et
3369 4342 3541 4397 simu-

286 4436 636 4502 ἐσπούδαζον,
660 4438 752 4493 καὶ
777 4442 887 4506 τοῖς
915 4440 1022 4494 τῶν
1047 4440 1278 4512 δένδρων
1298 4442 1680 4515 εὐφυεστέροις
1707 4462 1860 4517 περι-

1971 4431 2109 4487 lacra
2155 4430 2467 4486 daemonum
2528 4431 2972 4496 constituissent,
3027 4429 3224 4485 ovibus
3271 4429 3546 4485 cadendis

289 4526 604 4597 ιδρύσαντες
641 4529 735 4601 ἐλη
769 4532 861 4584 καὶ
890 4531 1181 4601 δαιμονίων
1217 4532 1535 4604 ἰνδάλματα,
1581 4534 1860 4606 μηλοσφα-

284 4619 435 4687 γίαις
462 4620 777 4692 ἐκέχρηντο.
818 4622 954 4675 Ἀλλ’
974 4618 1041 4693 ἦν
1061 4623 1355 4692 ἀναγκαῖον
1383 4625 1858 4695 κατορῤωδοῦντας

284 4711 438 4764 οὐδὲν
478 4713 605 4775 τοὺς
650 4713 753 4767 ὑπὸ
778 4713 897 4784 Θεῷ
923 4712 1216 4783 γεγονότας
1256 4713 1334 4785 τῷ
1364 4716 1483 4768 κατ’
1513 4715 1771 4787 ἀλήθειάν
1795 4735 1857 4771 τε

285 4798 379 4849 καὶ
403 4797 584 4865 φύσει,
606 4800 673 4851 τὰ
696 4800 802 4852 τῶν
832 4800 1196 4871 πλανωμένων
1218 4818 1355 4855 κατα
1364 4803 1527 4856 σείειν
1543 4804 1854 4877 ἀθύρματα,

285 4887 381 4939 καὶ
427 4887 536 4940 τῶν
582 4891 711 4959 παρ’
747 4890 973 4953 ἐκείνοις
1015 4891 1155 4945 ἐθῶν
1194 4892 1269 4955 ὡς
1318 4893 1589 4947 ἀπωτάτω
1638 4900 1856 4969 χωρεῖν.

286 4977 576 5049 Τοιγάρτοι
610 4979 743 5051 φησὶ
795 4981 986 5035 πάλινυ
1039 5001 1058 5034 ι
1111 4980 1237 5036 Ἐἀν
1268 4982 1325 5035 δὲ
1359 4983 1715 5061 ἐξολοθρεύσῃ
1747 4987 1861 5042 Κύ-

290 5085 403 5138 ριος
447 5072 476 5122 ὁ
526 5070 658 5135 Θεός
702 5087 794 5124 σου
831 5072 899 5124 τά
929 5072 1077 5143 ἔθνη,
1132 5074 1211 5136 είς
1247 5071 1341 5137 οὓς
1376 5074 1441 5127 σὺ
1476 5074 1715 5147 πορεύσῃ
1744 5077 1863 5131 ἐκεῖ

286 5160 379 5214 τοῦ
416 5162 822 5234 κληρονομῆσαι
872 5163 967 5234 τὴν
1016 5164 1118 5234 γῆν
1160 5164 1360 5229 αὐτῶν,
1414 5165 1523 5219 ἀπὸ
1567 5166 1859 5237 προσώπου

286 5268 405 5317 σου,
434 5253 526 5304 καὶ
564 5252 1122 5325 κατακληρονομήσῃς
1150 5254 1366 5319 αὐτοὺς,
1408 5257 1500 5308 καὶ
1528 5258 1859 5330 κατοικήσῃς

286 5343 343 5393 ἐν
398 5343 468 5411 τῇ
528 5342 598 5411 γῇ
642 5341 842 5402 αὐτῶν,
887 5341 1119 5413 πρόσεχε
1171 5342 1371 5411 σαυτῷ,
1422 5343 1497 5415 μὴ
1535 5345 1859 5420 ἐκζητήσῃς’

288 5432 724 5501 ἐπακολουθῆσαι
767 5434 947 5496 αὐτοῖς
996 5432 1134 5503 μετά
1179 5432 1239 5485 τὸ
1282 5433 1722 5508 ἐξολοθρευθῆναι
1756 5442 1859 5494 αὺ-

286 5523 413 5585 τοὺς
462 5521 572 5574 ἀπὸ
616 5521 909 5592 προσώπου
961 5538 1085 5579 σου,
1135 5521 1194 5572 οὑ
1253 5521 1326 5591 μὴ
1378 5522 1682 5596 ἐκζητήσῃς
1731 5530 1858 5594 τοὺς

285 5612 443 5675 θεοὺς
464 5612 667 5675 αὐτῶν,
693 5611 888 5678 λέγων,
921 5612 1044 5674 Πῶς
1072 5610 1282 5664 ποιοῦσι
1300 5612 1366 5665 τά
1390 5613 1516 5686 ἔθνη
1546 5615 1716 5671 ταῦτα
1743 5622 1854 5685 τοῖς

353 5734 398 5767 ⁶⁹
422 5734 444 5790 ι
469 5733 601 5790 Cor.
632 5747 709 5796 χι,
735 5729 823 5795 27,
856 5733 944 5789 28.
1021 5734 1068 5766 "
1106 5734 1267 5788 Deut.
1308 5749 1403 5799 κη,
1429 5735 1540 5790 1-3.

1965 4536 2190 4592 operam
2215 4522 2436 4576 dabant.
2472 4521 2579 4576 Sed
2614 4536 2837 4577 necesse
2873 4531 2993 4576 erat
3021 4528 3102 4587 ut,
3142 4519 3194 4576 ei
3226 4520 3320 4590 qui
3349 4531 3544 4576 natura

1963 4620 2021 4667 et
2057 4629 2187 4669 vere
2228 4613 2373 4668 Deus
2408 4621 2511 4679 est,
2541 4613 2771 4685 subjecti
2800 4614 3073 4679 homines,
3097 4612 3236 4666 nihil
3278 4612 3543 4682 pertime-

1960 4712 2196 4772 scentes,
2224 4706 2527 4762 errantium
2570 4706 2855 4762 hominum
2885 4706 3096 4761 ludicra
3121 4705 3540 4771 demolirentur,

1958 4807 2014 4854 et
2035 4799 2104 4854 ab
2138 4799 2355 4855 illoru-m
2386 4800 2632 4855 moribus
2657 4799 2973 4871 longissime
3004 4799 3345 4855 recederent.
3382 4797 3539 4873 ldeov

1958 4906 2068 4960 que
2102 4907 2296 4946 rursus
2332 4890 2467 4945 dicit
2495 4910 2506 4944 :
2543 4910 2561 4942 ι
2595 4890 2732 4946 Cum
2761 4889 2921 4960 179
2948 4888 3399 4945 exterminaverit
3430 4889 3540 4944 Do-

1960 4982 2143 5036 minus
2162 4982 2309 5036 Deus
2337 4991 2463 5037 tuus
2484 4989 2673 5052 gentes
2717 4995 2853 5050 quas
2880 4988 2936 5034 tu
2961 4979 3308 5052 ingrediaris,
3336 4985 3394 5032 ut
3418 4993 3544 5047 pos-

1959 5072 2139 5127 sideas
2174 5081 2392 5137 terram,
2426 5089 2457 5127 a
2490 5073 2625 5128 facie
2650 5080 2763 5138 tua,
2788 5081 2842 5127 et
2873 5073 3185 5142 possederis
3206 5090 3323 5139 eos,
3352 5084 3407 5129 et
3440 5075 3540 5130 ha-

1960 5165 2221 5220 bitaveris
2243 5166 2297 5220 in
2322 5174 2467 5220 terra
2490 5164 2756 5236 ipsorum,
2779 5180 2909 5221 cave
2936 5165 3033 5219 tibi
3060 5165 3187 5236 ipsi,
3206 5181 3280 5219 ne
3318 5166 3542 5222 studeas

1964 5257 2122 5327 sequi
2145 5273 2258 5321 eos,
2283 5266 2568 5328 postquam
2593 5259 2937 5313 exterminati
2958 5256 3163 5311 fuerint
3181 5272 3211 5310 a
3240 5256 3377 5311 faeie
3415 5266 3536 5324 tua;

1963 5363 2071 5402 non
2103 5347 2356 5416 exquires
2388 5347 2520 5403 deos
2543 5363 2757 5413 eorum,
2776 5347 2965 5401 dicens
2990 5363 3004 5398 :
3027 5344 3311 5411 Quomodo
3334 5346 3540 5402 faciunt

1960 5448 2149 5509 gentes
2194 5439 2277 5493 hae
2325 5439 2431 5493 diis
2472 5439 2605 5502 suis,
2656 5439 2735 5493 sic
2777 5446 2833 5492 et
2883 5451 2983 5507 ego
3029 5436 3261 5503 faciam;
3307 5453 3415 5493 non
3459 5438 3539 5495 sic

1958 5528 2126 5583 facies
2154 5528 2385 5582 Domino
2414 5529 2526 5582 Deo
2554 5536 2648 5581 tuo
2678 5545 2689 5579 :
2721 5527 3158 5581 abominationes
3197 5528 3345 5582 enim
3399 5544 3538 5598 quas

1958 5620 2222 5675 Dominus
2263 5620 2398 5686 odit,
2431 5620 2680 5675 fecerunt
2712 5619 2821 5674 diis
2860 5619 3002 5687 suis;
3031 5635 3159 5674 nam
3196 5620 3361 5675 etiam
3398 5619 3541 5678 ﬁlios
