4138 6300
597 321 702 378 Ηθ

1635 312 1692 368 S.
1735 311 2008 369 CYRILLI
2047 308 2516 365 ALEXANDRINI
2554 309 2870 367 ARCIHEP.

3765 309 3859 367 ίὲθ

599 457 730 497 suos
764 448 821 496 et
857 441 1002 494 tilias
1044 453 1175 493 suas
1213 435 1545 492 conzbumrt
1583 436 1694 506 igni
1738 434 1847 489 diis
1882 433 1999 489 suis
2039 433 2107 484 '“.
2159 450 2178 482 ι

2289 431 2426 494 θεοῖς
2470 432 2672 499 αὐτῶν,
2703 436 2916 504 ποιήσω
2945 435 3042 488 καὶ
3067 432 3194 500 ὲγώο
3213 432 3287 484 ὀύ
3321 433 3555 502 ποιήσῃς
3583 427 3728 486 οὕτω
3759 429 3863 483 Κυ-

597 532 747 588 Bene
783 530 1039 602 prohibet
1075 528 1304 583 omnino
1352 528 1634 598 legislator
1682 543 1752 582 ne
1777 526 2077 581 errantium
2105 524 2183 578 ri-

601 633 690 678 tus
712 623 1028 687 imitentur,
1053 629 1110 676 et
1135 620 1204 674 ab
1230 619 1396 690 impia
1421 619 1513 674 illa
1541 619 1842 674 liberorum
1867 617 2012 672 aede
2034 631 2186 672 rece-

598 714 732 769 dere
753 714 912 786 jubet
932 754 946 778 ,
977 713 1208 782 illosque
1247 711 1531 781 sanguinis
1558 709 1808 780 cupidos,
1839 717 1897 764 et
1932 708 2052 763 falsi
2081 723 2184 762 no-

599 808 766 862 minis
831 807 965 862 deos
1034 812 1386 874 corruptores
1454 817 1520 857 ae
1579 801 1888 872 perditores
1957 800 2184 854 humani

599 900 820 970 generis
860 913 980 953 esse
1023 897 1288 968 coarguit,
1313 895 1406 966 qui
1433 894 1738 957 teterrime,
1765 908 1877 962 prae
1895 893 2016 949 Eua
2058 892 2186 947 libi-

599 991 753 1055 dine,
775 991 894 1060 ipsa
916 1003 1136 1059 quoque
1161 986 1485 1042 necessariae
1506 985 1901 1040 benevolentia:
1913 985 2036 1054 jura
2057 999 2189 1039 con-

601 1090 850 1138 temnant
892 1099 906 1136 :
949 1100 969 1132 c
1018 1079 1238 1136 Creavit
1269 1079 1419 1135 enim
1452 1078 1635 1132 omnia
1666 1078 1841 1140 Deus,
1881 1085 1942 1130 ut
1981 1083 2184 1139 essent,

602 1180 660 1226 et
681 1173 946 1226 salutares
969 1179 1098 1225 sunt
1120 1168 1499 1240 generationes
1521 1166 1737 1232 mundi,
1762 1173 1818 1220 et
1850 1182 1958 1220 non
1988 1173 2073 1220 est
2099 1164 2187 1219 in-

603 1263 848 1318 ferorum
874 1276 1104 1338 regnum
1131 1261 1187 1314 in
1225 1267 1392 1313 terra.
1420 1257 1630 1312 Invidia
1655 1272 1785 1310 vero
1809 1257 2013 1310 diaboli
2039 1271 2190 1311 mors

601 1353 851 1408 introivit
873 1353 928 1406 in
951 1351 1214 1405 mundum
1235 1352 1302 1404 ⁷³.
1335 1369 1354 1402 ι
1382 1351 1461 1404 Ae
1483 1349 1666 1404 divina
1687 1348 1910 1418 quidem
1935 1349 2190 1402 voluntas

595 1446 799 1501 evertit
829 1453 1084 1507 mortem,
1124 1443 1524 1510 interitumque
1567 1440 1822 1504 destruit,
1865 1448 1920 1494 et
1961 1454 2025 1494 ea
2068 1456 2189 1510 qua:

601 1547 750 1599 sunt,
775 1536 958 1606 perire
999 1551 1108 1589 non
1149 1535 1391 1606 patitur;
1431 1533 1640 1587 creavit
1679 1533 1848 1596 enim,
1878 1541 1940 1586 ut
1981 1540 2185 1598 essent,

600 1627 806 1692 omnia,
832 1626 976 1680 sicut
1003 1625 1269 1694 scriptum
1303 1631 1388 1677 est
1419 1639 1431 1674 :
1461 1622 1555 1692 qui
1595 1638 1726 1678 vero
1759 1623 2064 1677 dmmonum
2088 1639 2187 1677 cu-

602 1717 828 1789 piditate
856 1726 1114 1786 tanquam
1138 1715 1348 1768 retibus
1372 1713 1438 1766 ad
1461 1728 1706 1768 errorem
1739 1714 2000 1784 pertracti
2037 1723 2184 1779 sunt,

600 1825 796 1865 eorum
835 1809 1138 1872 interitum,
1180 1807 1296 1876 qui,
1336 1814 1399 1860 ut
1424 1806 1696 1871 viverent,
1729 1816 1856 1862 sunt
1886 1806 2056 1872 editi;
2086 1822 2182 1861 eo-

601 1915 836 1969 rumque
875 1907 1132 1962 mortem,
1177 1899 1293 1967 qui,
1335 1906 1396 1951 ut
1427 1906 1632 1962 essent,
1661 1897 1830 1952 creati
1854 1907 2006 1962 sunt,
2031 1899 2183 1952 velut

603 1992 953 2047 condimenta
995 1990 1245 2061 quaedam
1298 1998 1354 2044 et
1403 1990 1785 2046 odoratissima
1835 1990 2188 2062 thymiamata

601 2084 816 2138 Satanze
843 2083 1102 2136 offerunt.
1133 2081 1510 2138 Pulcherrimc
1552 2082 1718 2152 igitur
1751 2082 1969 2136 illorum
2007 2098 2189 2138 mores

600 2174 939 2247 gravissimis
973 2173 1301 2228 criminibus
1335 2189 1455 2228 esse
1500 2173 1694 2242 plenos
1722 2173 1986 2237 ostendit,
2021 2173 2192 2231 viola-

601 2269 760 2338 rique
797 2267 940 2338 apud
971 2282 1067 2321 eos
1107 2274 1383 2331 naturam,
1414 2266 1780 2336 Optabilisque
1815 2282 1945 2338 erga
1984 2266 2189 2322 liberos

599 2359 805 2414 amoris
843 2359 969 2430 jura
1001 2357 1348 2424 conculcari;
1383 2367 1444 2413 ut
1477 2358 1792 2412 auditorum
1821 2358 2066 2412 animum
2099 2357 2187 2412 in-

601 2467 864 2520 genuum,
893 2458 949 2506 et
979 2450 1240 2505 vitiorum
1266 2450 1571 2515 inimicum,
1599 2451 1664 2504 ad
1691 2466 1753 2504 ea
1787 2449 2184 2520 amplectenda,

600 2543 929 2612 fortiterque
963 2541 1298 2611 arripienda,
1339 2557 1460 2610 quae
1497 2541 1612 2610 ipse
1651 2540 1816 2594 vellet
1859 2554 1924 2593 ac
1949 2539 2187 2610 jubcrct,

597 2633 880 2701 aptissime
904 2631 1222 2685 transferat.
1249 2631 1428 2698 Atque
1451 2631 1568 2684 lucc
1599 2630 1667 2683 ad
1693 2630 1910 2684 illorum
1940 2630 2189 2700 impieta-

601 2733 711 2776 tem
731 2721 1082 2776 evertendam
1109 2720 1242 2773 olim
1272 2721 1451 2774 edicta
1485 2729 1632 2774 sunt.
1661 2719 1930 2790 Supremo
1959 2728 2186 2790 praeter-

598 2826 664 2864 ea
703 2810 972 2880 supplicio
1022 2809 1221 2874 sanxit,
1245 2809 1290 2864 si
1323 2811 1448 2878 quis
1482 2808 1860 2864 confirmatum
1906 2809 2185 2866 hominem

599 2909 655 2955 et
679 2902 775 2971 qui
805 2901 1056 2956 veritatis
1085 2901 1453 2971 cognitionem
1492 2903 1581 2971 pie
1615 2902 1964 2972 suscepisset,
1991 2917 2020 2956 a
2057 2917 2186 2956 sen-

599 2992 771 3046 tentia
813 2991 1088 3046 deducere
1141 3000 1423 3046 tentasset.
1476 2992 1566 3048 Sic
1612 2993 1760 3047 enim
1817 3009 2008 3049 rursus
2045 2994 2123 3048 ait
2167 3011 2182 3050 :

2289 521 2388 591 ρίῳ
2416 519 2494 590 τῷ
2527 520 2643 591 Θεῷ
2674 539 2763 574 σου
2785 539 2798 552 ·
2829 522 2900 576 τὰ
2923 521 3031 592 γὰρ
3062 521 3424 592 βδελύγματα,
3467 522 3502 574 ἃ
3521 519 3724 589 Κύριος
3749 520 3865 591 ἑμί-

2287 629 2472 683 σησεν,
2505 613 2764 682 ἐποίησαν
2793 618 2904 676 τοῖς
2931 613 3072 676 θεοῖς
3100 613 3298 678 αὐτῶν,
3331 613 3413 666 ὅτι
3442 613 3538 664 καὶ
3561 613 3690 675 τοὺς
3718 611 3866 676 υἱοὺς

2287 703 2466 758 αὐτῶν
2497 703 2723 768 καὶτὰς
2771 703 3077 775 θυγατέρας
3125 704 3303 758 αὐτῶν
3364 703 3753 773 κατακαίουσιν
3807 693 3868 757 ἕν

2289 795 2424 864 πυρὶ
2473 798 2586 859 τοῖς
2622 794 2764 858 θεοῖς
2807 795 3006 849 αὐτῶν.
3053 814 3072 846 ι
3107 792 3182 850 Εὖ
3218 813 3280 864 γε
3335 798 3364 850 ὁ
3412 787 3708 866 νομοθέτης
3738 798 3872 850 ἀπο-

2291 885 2488 954 φάσκει
2517 883 2793 948 παντελῶς
2834 884 2944 938 τῶν
2975 885 3342 955 πλανωμένων
3365 884 3463 956 τὴν
3495 885 3748 956 μίμησιν,
3777 887 3866 939 καῖ

2289 975 2591 1046 ἀποφοιτᾷν
2618 971 2676 1028 εὖ
2709 976 2854 1044 μάλα
2885 975 3097 1029 κελεύει
3116 977 3215 1046 τῆς
3243 975 3504 1046 ἀνηλεοῦς
3528 976 3637 1029 τῶν
3664 977 3856 1029 τέκνω-

2291 1065 2524 1134 σφαγῆς.
2560 1063 2798 1134 Φθόρους
2819 1065 2872 1116 δὲ
2899 1065 2991 1117 καὶ
3014 1064 3300 1133 λυμεῶνας
3327 1064 3426 1134 τῆς
3454 1064 3550 1117 ἀνθ
3561 1065 3872 1135 ρωπότητος

2287 1154 2416 1218 τοὺς
2443 1155 2804 1226 φιλαιμάτους
2827 1173 2888 1209 τε
2915 1156 3006 1209 καὶ
3033 1155 3424 1226 ψευδωνύμους
3454 1154 3666 1226 ἐλέγχει
3691 1155 3868 1219 θεοὺς.

2288 1244 2386 1298 καὶ
2417 1246 2612 1307 αὐτοὺς
2646 1246 2855 1316 ἀγρίως
2882 1247 3010 1310 τοὺς
3033 1247 3130 1316 τῆς
3158 1245 3461 1314 ἀναγκαίας
3490 1246 3872 1318 φιλοστοργίας

2290 1334 2654 1404 ἀτιμάζοντας
2674 1335 2894 1402 νόμους,
2913 1335 2999 1388 διά
3020 1351 3082 1402 γε
3104 1335 3163 1388 τὸ
3189 1335 3340 1404 σφίσι
3363 1335 3576 1389 δοκοῦν’
3605 1355 3623 1388 ι
3645 1337 3870 1390 Ἔκτισε

2294 1425 2393 1495 μὲν
2445 1425 2554 1496 γὰρ
2605 1427 2683 1488 είς
2730 1425 2790 1477 τὺ
2835 1421 2976 1479 εἶναι
3034 1427 3103 1480 τὰ
3143 1426 3322 1479 πάντα
3354 1426 3508 1492 Θεὸς,
3547 1426 3644 1480 καὶ
3693 1427 3871 1498 σωτή-

2293 1533 2398 1590 ριοι
2429 1518 2485 1570 αἱ
2515 1516 2761 1584 γενέσεις
2781 1517 2871 1570 τοῦ
2914 1519 3142 1588 κόσμου,
3186 1518 3280 1571 καὶ
3313 1519 3412 1570 οὐκ
3437 1517 3584 1572 ἔστιν
3618 1518 3746 1590 ᾅδου
3775 1519 3871 1589 βα·

2293 1609 2488 1663 σίλειον
2522 1611 2614 1664 ἐπὶ
2640 1611 2763 1681 γῆς.
2795 1610 2978 1680 Φθόνῳ
3001 1610 3071 1678 ζδὲ
3109 1609 3360 1664 διαϐόλου
3393 1610 3623 1674 θάνατος
3655 1613 3736 1674 είς
3779 1611 3870 1664 τὸν

2291 1703 2496 1774 κόσμον
2518 1703 2785 1774 είσῆλθοεν.
2820 1722 2838 1755 ι
2867 1704 2976 1756 Καὶ⁸
3001 1705 3034 1772 ἡ
3065 1703 3162 1772 μὲν
3191 1703 3311 1757 θεία
3335 1703 3553 1775 θέλησις
3573 1705 3870 1775 ἀνατρέπει

2291 1794 2542 1859 θάνατον,
2572 1797 2666 1849 καὶ
2707 1794 2966 1848 καταλύει
2999 1793 3203 1866 φθοράν
3224 1811 3238 1825 ·
3281 1795 3374 1848 καὶ
3397 1795 3460 1848 τὸ
3491 1796 3590 1849 οὐκ
3621 1791 3760 1850 εἶναι
3800 1795 3870 1850 τά

2291 1885 2419 1938 ὄντα
2457 1885 2556 1956 (1),
2597 1889 2774 1957 mosi"
2826 1885 3011 1940 ἔκτισε
3043 1887 3153 1958 γάρ
3184 1888 3264 1950 είς
3293 1886 3355 1940 τὸ
3398 1883 3536 1940 εἶναι
3570 1887 3637 1940 τὰ
3671 1888 3866 1950 πάντα,

2291 1979 2435 2032 καθά
2467 1977 2793 2049 γέγραπται.
2831 1979 2895 2031 Οί
2937 1977 2994 2032 δὲ
3047 1981 3168 2041 ταῖς
3201 1977 3306 2030 τῶν
3335 1977 3630 2049 δαιμονίων
3677 1979 3871 2032 πλεον-

2292 2069 2464 2135 εξίαις
2494 2068 2950 2139 σεσαγηνευμένοι
2982 2069 3118 2140 πρὸς
3148 2067 3434 2139 πλάνησιν,
3467 2069 3718 2142 καθάπερ
3742 2069 3868 2142 ἡδύ-

2296 2179 2498 2233 σματα,
2521 2163 2615 2216 καὶ
2635 2160 2840 2228 τῶνζὸτι
2860 2161 3093 2232 μάλιστα
3109 2161 3360 2232 χρηστῶν
3379 2161 3470 2214 καὶ
3491 2163 3870 2232 εὐοσμοτάτων

2293 2254 2674 2324 θυμιαμάτων,
2732 2235 3158 2324 προσκομίζουσι
3215 2251 3293 2322 τῷ
3343 2253 3562 2323 Σατανᾷ
3619 2253 3729 2306 τῶν
3775 2253 3870 2306 ἐπὶ

2293 2346 2404 2416 ζωῇ
2439 2346 2737 2415 γεγονότων
2768 2345 2858 2397 τὸν
2895 2343 3136 2414 ὄλεθρον,
3168 2344 3261 2397 καὶ
3287 2343 3396 2398 τῶν
3425 2345 3760 2415 ὲκτισμένων
3789 2347 3870 2409 είς

2289 2439 2350 2491 τὸ
2377 2433 2536 2499 εἶναι,
2570 2437 2661 2490 τὸν
2694 2437 2938 2490 θάνατον.
2966 2435 3322 2504 Εύφυέστατα
3349 2436 3549 2501 τοίνυν,
3579 2437 3678 2508 τῆς
3705 2437 3867 2508 ἐσχάο

2287 2547 2390 2600 της
2417 2530 2588 2594 δεῖξαι
2628 2528 2882 2598 διαϐολῆς
2927 2528 2994 2581 τὰ
3023 2531 3153 2600 παρ’
3175 2530 3412 2594 ἐκείνοις
3443 2529 3665 2600 έμπλεω
3707 2530 3871 2601 11600-

2289 2620 2425 2691 λήθη
2471 2619 2565 2672 καὶ
2603 2618 2762 2687 φύσιν
2805 2618 3188 2689 ἀδικουμένην,
3242 2619 3337 2672 καὶ
3381 2619 3481 2689 τῆς
3531 2617 3866 2672 πολυεύκτου

2291 2711 2632 2782 φιλοπαιδίας
2681 2709 3100 2782 πεπατημένους
3144 2709 3402 2780 θεσμοὺς,
3451 2709 3766 2780 μετασοϐῶν
3805 2707 3864 2764 εὖ

2293 2805 2437 2877 μάλα
2473 2806 2562 2861 τὸν
2598 2805 2790 2875 εὐγενῆ
2829 2806 2922 2859 καὶ
2958 2804 3253 2876 μισόκακον
3291 2803 3415 2858 νοῦν
3445 2805 3554 2857 τῶν
3580 2804 3865 2876 ἀκροωμέ-

2289 2915 2396 2952 νων
2446 2899 2538 2954 ὲπὶ
2573 2899 2636 2952 τὸ
2681 2899 2877 2970 χρῆναι
2915 2899 3082 2968 τιμᾷν
3129 2898 3223 2950 καὶ
3281 2895 3600 2950 ἀνθελέσθαι
3652 2897 3864 2968 γοργῶς

2297 2988 2440 3064 ᾇπερ
2488 2990 2554 3044 ἂν
2598 2990 2761 3053 αὐτὸς
2811 2988 3050 3059 βούλοιτό
3095 3005 3154 3042 τε
3189 2987 3282 3042 καὶ
3336 2988 3504 3056 λέγοι.
3551 2988 3663 3040 Καὶ
3706 2988 3864 3041 ταυτὶ

607 3101 626 3133 ι
657 3081 810 3150 Quod
835 3083 879 3137 si
905 3085 1210 3138 surrexerit
1233 3084 1286 3138 in
1311 3085 1495 3139 medio
1520 3085 1598 3140 tui
1621 3086 1908 3156 propheta,
1935 3088 2021 3142 vel
2043 3103 2186 3142 sem-

2293 3081 2413 3152 μὲν,
2463 3082 2542 3144 είς
2577 3080 2888 3152 ἀνατροπὴν
2927 3082 3027 3151 τῆς
3080 3082 3211 3151 παρ’
3258 3079 3485 3141 ἐκείνοις
3517 3069 3862 3148 ἀνοσιότητος

597 3174 760 3230 nians
775 3176 1133 3240 somnium,et
1151 3173 1368 3230 dederit
1387 3175 1484 3230 tibi
1504 3177 1718 3247 signum
1739 3185 1834 3231 aut
1852 3178 2182 3249 prodigium,

595 3274 655 3322 et
674 3266 888 3322 venerit
914 3268 1261 3337 signum'aut
1285 3268 1598 3339 prodigium
1645 3268 1792 3338 quod
1819 3269 2036 3325 loeutus
2065 3271 2185 3326 fue-

597 3357 675 3412 rit
701 3359 770 3412 ad
795 3365 872 3422 te,
903 3358 1124 3412 dicens:
1151 3359 1375 3422 Eamus,
1405 3369 1461 3414 et
1493 3361 1800 3415 serviamus
1825 3361 1934 3416 diis
1967 3361 2183 3426 alienis,

601 3449 764 3519 180
795 3465 934 3518 quos
961 3465 1072 3504 non
1112 3451 1382 3506 novistis:
1423 3468 1534 3506 non
1575 3452 1812 3507 audietis
1850 3454 2018 3508 verba
2055 3470 2186 3524 pro-

598 3541 777 3609 pheta:
801 3539 970 3603 illius,
997 3548 1092 3594 aut
1115 3541 1234 3610 ejus
1258 3543 1352 3610 qui
1400 3541 1697 3597 somniavit
1727 3543 2034 3608 somnium;
2059 3545 2187 3614 quia

599 3634 774 3682 tentat
797 3643 896 3682 vos
922 3628 1190 3684 Dominus
1214 3631 1358 3685 Deus
1391 3637 1594 3696 vester,
1627 3639 1687 3685 ut
1734 3632 1871 3686 sciat
1895 3648 1962 3687 an
1996 3631 2188 3704 diliga-

599 3717 671 3773 tis
710 3719 1000 3774 Dominum
1034 3721 1204 3776 Deum
1237 3731 1482 3777 vestrum
1527 3739 1594 3779 ex
1619 3731 1732 3779 toto
1764 3725 1930 3780 corde
1979 3733 2184 3790 vestro,

597 3816 655 3862 et
686 3823 754 3862 ex
787 3817 900 3864 tota
931 3810 1113 3865 anima
1135 3820 1320 3866 vestra
1354 3830 1366 3866 :
1400 3821 1525 3882 post
1553 3813 1848 3867 Dominum
1875 3815 2048 3868 Deum
2087 3833 2184 3870 ve-

600 3907 776 3954 strum
803 3901 1174 3968 ambulabitis,
1201 3911 1259 3958 et
1282 3903 1460 3971 ipsum
1503 3903 1790 3970 timebitis,
1833 3913 1890 3959 et
1930 3905 2185 3962 mandata

596 3991 720 4060 ejus
753 3993 1098 4058 custodietis,
1124 4003 1180 4048 et
1202 4011 1393 4050 vocem
1419 3998 1538 4068 ejus
1565 3997 1828 4062 audietis,
1869 4007 1925 4052 et
1948 3999 2026 4053 illi
2065 4015 2184 4054 ser-

597 4080 762 4135 vietis
783 4121 798 4145 ,
825 4091 880 4136 et
903 4081 980 4136 illi
1018 4083 1398 4151 adhaerebitis;
1427 4095 1482 4141 et
1513 4087 1781 4157 prOpheta
1809 4089 1924 4153 ille,
1952 4090 2042 4144 vel
2091 4091 2182 4160 qui

597 4173 872 4230 somnium
895 4175 1210 4241 somniavit,
1237 4179 1506 4233 morietur
1533 4197 1546 4232 :
1571 4179 1790 4234 locutus
1821 4191 1906 4236 est
1949 4182 2096 4236 enim
2125 4193 2186 4238 ut

596 4267 896 4322 abduceret
921 4275 973 4322 te
1000 4284 1031 4323 a
1062 4268 1297 4323 Domino
1319 4270 1430 4324 Deo
1463 4278 1555 4324 tuo
1580 4272 1646 4324 ⁷³.
1682 4291 1700 4322 ι
1729 4271 1899 4338 Quam
1930 4275 2074 4345 justa
2101 4285 2184 4330 est

597 4359 715 4414 haec
741 4361 848 4426 lex,
871 4375 934 4414 ac
965 4361 1076 4416 Deo
1097 4363 1460 4418 conveniens!
1488 4363 1622 4418 Nam
1644 4364 1690 4419 si
1715 4380 2004 4435 corporum
2039 4369 2183 4422 occi-

2289 3172 2662 3241 ἐνομοθετεῖτο
2689 3171 2875 3225 πάλαι.
2902 3169 3194 3242 Καθορίζει
3215 3171 3271 3224 δὲ
3301 3170 3528 3224 θάνατον
3566 3170 3660 3222 τοῦ
3706 3187 3859 3240 μετα-

2288 3265 2495 3318 πείθειν
2532 3264 2802 3329 ἐθέλοντος
2827 3265 2918 3318 τὸν
2942 3267 3039 3337 ὲρη
3050 3263 3348 3336 ρεισμένον,
3373 3265 3465 3316 καὶ
3486 3263 3582 3334 τῆς
3612 3262 3862 3332 ἀληθείας

2285 3356 2384 3428 τὴν
2424 3356 2624 3425 γνῶσιν
2663 3356 2926 3425 φιλοθέως
2951 3357 3372 3427 είσδεδεγμένον.
3415 3358 3560 3426 ’Ἔφη
3588 3357 3698 3427 γὰρ
3725 3354 3862 3408 οὕτω

2287 3447 2447 3501 πάλιν
2467 3464 2480 3476 ·
2519 3467 2538 3500 ‹
2583 3446 2708 3500 Ἐὰν
2733 3447 2788 3501 δὲ
2815 3449 3020 3518 ἀναστῇ
3048 3449 3106 3500 ἐν
3137 3447 3218 3500 σοὶ
3247 3449 3531 3518 προφήτης
3557 3446 3588 3516 ἦ
3616 3446 3863 3498 ἐνυπνια-

2288 3539 2511 3610 ζόμενος
2546 3539 2608 3592 τὸ
2629 3540 2898 3602 ἐνύπνιον,
2930 3539 3023 3593 καὶ
3045 3539 3118 3610 δῷ
3143 3557 3223 3592 σοι
3250 3541 3472 3609 σημεῖον
3495 3537 3526 3608 ἢ
3556 3537 3739 3612 τέρας,
3773 3535 3862 3588 καὶ

2287 3629 2416 3703 ἔλθῃ
2441 3630 2502 3682 τὸ
2533 3633 2756 3702 σημεῖον
2805 3631 2836 3704 ἢ
2868 3631 2928 3684 τὺ
2963 3633 3144 3702 τέρας,
3179 3631 3208 3684 ὃ
3239 3631 3466 3700 ἐλάλησε
3501 3629 3635 3702 πρδς
3668 3629 3749 3690 σὲ,
3773 3627 3860 3681 λέ-

2285 3739 2397 3790 γων
2415 3739 2428 3752 ·
2462 3723 2822 3793 Πορευθῶμεν
2851 3722 2946 3776 καὶ
2965 3722 3350 3793 λατρεύσωμεν
3375 3724 3516 3784 θεοῖς
3540 3721 3750 3792 ἑτέροις
3771 3719 3862 3784 οὓς

2285 3816 2384 3867 οὐκ
2413 3815 2610 3880 οίδατε,
2641 3817 2742 3868 οὐκ
2778 3815 3078 3868 ἀκούσεσθε
3115 3815 3220 3867 τῶν
3254 3813 3428 3880 λόγων
3457 3813 3548 3866 τοῦ
3581 3815 3860 3884 προφήτου

2287 3909 2494 3961 ἐκείνου
2534 3907 2568 3976 ἢ
2618 3907 2712 3960 τοῦ
2763 3905 3218 3974 ένυπνιαζομένου
3258 3905 3316 3958 τὸ
3363 3905 3613 3958 ἐνύπνιον
3662 3907 3858 3968 ἐκεῖνο,

2285 3998 2366 4050 ὅτι
2397 3996 2643 4065 πειράζει
2677 3995 2880 4066 Κύριος
2908 3995 3098 4058 ὁςθεός
3130 4013 3224 4047 σου
3257 3996 3400 4065 ὑμᾶς
3431 3993 3524 4048 τοῦ
3561 3995 3780 4060 εἰδέναι,
3815 3996 3861 4049 εί

2286 4091 2538 4157 ἀγαπᾶτε
2580 4089 2670 4140 τὸν
2703 4089 2834 4141 Θεὸν
2878 4087 3030 4158 ὑμῶν
3057 4086 3115 4152 ἐξ
3147 4087 3274 4158 ὅλης
3302 4087 3401 4157 τῆς
3431 4088 3656 4158 καρδίας
3687 4089 3860 4158 ὑμῶν,

2286 4184 2376 4234 καὶ
2407 4181 2464 4248 ἐξ
2481 4182 2608 4250 ὅλης
2633 4183 2730 4246 τῆς
2751 4180 2928 4249 ψυχῆς
2956 4179 3107 4250 ὑμῶν
3126 4194 3140 4208 ⁸
3173 4179 3347 4232 ὀπίσω
3376 4179 3584 4250 Κυρίου
3609 4179 3702 4232 τοῦ
3729 4177 3862 4232 Θεοῦ

2286 4273 2314 4324 ύ
2325 4271 2439 4341 μῶν
2470 4269 2818 4342 πορεύσεσθε,
2847 4269 2939 4321 καὶ
2969 4269 3162 4322 τοῦτον
3196 4268 3568 4340 φοϐηθήσεσθε
3588 4310 3602 4332 ,
3638 4269 3732 4322 καὶ
3768 4269 3863 4332 τὰς

2287 4362 2502 4425 ἐντολὰς
2527 4360 2691 4414 αὑτοῦ
2711 4360 3030 4430 φυλάξεσθε,
3063 4361 3158 4416 καὶ
3186 4361 3286 4432 τῆς
3309 4362 3490 4432 φωνῆς
3511 4361 3677 4415 αὐτοῦ
3701 4361 3863 4415 ἀκού-

597 4452 816 4506 soribus
849 4453 1075 4506 omnino
1113 4453 1251 4507 mori
1295 4468 1520 4509 necesse
1553 4465 1639 4510 est
1675 4458 1978 4512 secundum
2007 4459 2184 4530 leges,

2293 4456 2471 4515 σεσθε,
2515 4456 2610 4508 καὶ
2645 4454 2792 4524 αὐτῷ
2831 4453 3165 4518 δουλεύσετε,
3209 4454 3304 4506 καὶ
3346 4453 3493 4524 αὐτῷ
3547 4453 3851 4524 προστεθήο

595 4543 872 4612 quomodo
888 4544 1380 4613 nonaaquissimum
1403 4554 1485 4600 est
1511 4553 1571 4601 ut
1585 4545 1728 4600 idem
1752 4549 2047 4606 discrimen
2063 4552 2187 4606 sub-

2292 4545 2471 4599 σεσθε.
2533 4545 2645 4598 Καὶ
2699 4546 2728 4596 δ
2784 4545 3070 4616 προφήτης
3126 4545 3331 4606 ἐκεῖνος
3383 4543 3476 4613 ἢὸ
3523 4543 3584 4596 τὸ
3613 4543 3862 4598 ἐνύπνιον

596 4642 704 4698 cat,
723 4634 816 4704 qui
833 4635 1017 4688 animo
1033 4636 1406 4704 perniciosum
1423 4653 1668 4694 errorem
1687 4641 1976 4706 invexerit,
1996 4651 2050 4697 et
2065 4659 2187 4697 eum

2291 4635 2744 4706 ὲνυπνιαζόμενος
2796 4638 3032 4701 ἐκεῖνος,
3061 4637 3440 4690 ἀποθανεῖται·
3477 4637 3706 4707 ὲλάλησε
3757 4641 3862 4708 γὰρ

596 4726 714 4795 qui,
741 4727 896 4796 juxta
919 4726 1224 4782 Salvatoris
1244 4727 1416 4798 ipsius
1435 4745 1648 4796 vocem,
1674 4747 1904 4802 corpore
1927 4743 2187 4802 praestan-

2289 4729 2668 4800 ἀποπλανῆσαί
2720 4745 2778 4782 σε
2817 4728 2924 4782 ἀπὸ
2971 4728 3175 4800 Κυρίου
3221 4730 3314 4783 τοῦ
3345 4730 3478 4784 Θεοῦ
3530 4747 3646 4784 σου.
3711 4750 3730 4782 ι
3778 4732 3864 4794 Ὠς
3939 4736 3945 4741 ’

599 4817 706 4870 ιὶοι·
719 4824 822 4880 est,
843 4817 898 4870 in
915 4808 1243 4886 perditionis
1263 4820 1449 4874 foveas
1474 4811 1807 4893 conjecerit?
1822 4823 2187 4880 Justissimum

2291 4823 2436 4886 ὅσιός
2461 4839 2521 4876 τε
2568 4823 2661 4874 καὶ
2689 4821 2807 4892 Θεῷ
2849 4820 3074 4891 πρέπων
3115 4822 3144 4874 ό
3173 4821 3370 4892 νόμοςῑ
3407 4824 3467 4876 Εἰ
3501 4824 3605 4894 γάρ
3641 4840 3720 4876 τοι
3753 4825 3863 4883 τοῖς

597 4908 768 4978 igitur
789 4907 1002 4976 putavit
1028 4905 1174 4962 Deus
1215 4917 1277 4963 nt
1298 4919 1546 4966 extremo
1577 4914 1844 4984 supplicio
1864 4915 2044 4971 lueret
2067 4932 2184 4986 pa:-

2289 4917 2386 4972 τῶν
2438 4913 2706 4983 σωμάτων
2746 4913 3030 4980 φονευταῖς
3073 4911 3248 4983 πάντη
3301 4930 3360 4965 τε
3409 4913 3504 4966 καὶ
3549 4913 3770 4976 πάντως
3805 4913 3865 4965 τὸ

596 5013 698 5053 nas
718 4995 982 5066 deceptor
1015 5003 1071 5051 et
1093 4997 1385 5067 impostor;
1409 5003 1767 5075 eamdemque
1792 5005 2044 5063 similiter
2063 5025 2186 5079 poe-

2289 5006 2598 5063 ὲκτεθνάναι
2634 5005 2742 5058 δεῖν
2783 5004 2974 5073 ἕψεται
3025 5003 3168 5057 κατὰ
3207 5005 3434 5074 νόμους,
3477 5004 3594 5068 πῶς
3636 5005 3704 5057 ἂν
3747 5004 3864 5075 οὐχὶ

597 5103 722 5144 nam
747 5089 1010 5144 adversus
1029 5103 1124 5144 eos
1147 5090 1453 5156 constituit,
1479 5093 1572 5161 qui
1611 5095 1788 5149 levem
1817 5097 2187 5170 mobilemque

2299 5095 2698 5152 κινδυνεύσειεν
2752 5094 2976 5159 εἰκότως
3031 5096 3060 5148 ὁ
3105 5095 3251 5166 ψυχῇ
3314 5094 3414 5166 τὴν
3452 5094 3696 5165 ὀλέθριον
3743 5095 3865 5147 ἑπι-

595 5181 841 5235 animum
859 5178 1128 5250 ejusmodi
1144 5178 1463 5235 hominibus
1478 5181 1876 5238 adhibuissent.
1890 5185 1990 5241 Cui
2008 5187 2177 5253 enim,

599 5271 797 5342 inquit,
820 5271 1062 5342 effugere
1088 5269 1311 5335 licebat,
1331 5269 1400 5326 ad
1423 5271 1713 5326 veritatem
1732 5273 1974 5343 vigilanti
1997 5277 2182 5330 animo

598 5363 936 5432 respicienti,
975 5363 1023 5419 is
1067 5377 1230 5434 quam
1265 5362 1336 5418 ob
1375 5378 1595 5418 causam
1641 5373 1834 5433 sponte
1879 5365 1946 5419 ad
1993 5367 2182 5435 perni-

597 5453 738 5507 ciem
779 5453 1012 5526 refugit?
1041 5474 1060 5507 ι
1093 5454 1252 5522 Quod
1291 5455 1336 5510 si
1363 5455 1622 5511 inventus
1662 5454 1830 5510 fuerit
1868 5456 1924 5510 in
1954 5473 2059 5510 una
2089 5475 2183 5511 ur—

2289 5189 2470 5260 φέρων
2522 5187 2805 5256 πλάνησιν,
2855 5187 2949 5240 καὶ
2998 5186 3210 5258 βόθροις
3247 5187 3346 5258 τῆς
3390 5185 3668 5248 ἀπωλείας
3705 5185 3863 5244 ἐνιεὶς

2289 5282 2386 5349 τὴν
2434 5279 2641 5351 ἀμείνω
2688 5276 2956 5348 σώματος,
2980 5277 3120 5332 κατά
3159 5277 3258 5348 τὴν
3290 5276 3454 5332 αὐτοῦ
3487 5277 3580 5329 τοῦ
3614 5276 3860 5346 Σωτῆρος

2291 5370 2508 5439 φωνήν;
2559 5366 2770 5438 Χρῆναι
2809 5367 2908 5437 μὲν
2949 5365 3012 5436 δὴ
3046 5367 3146 5437 τὴν
3173 5367 3258 5435 ἐφ’
3303 5365 3494 5436 αἵματι
3529 5363 3860 5435 πράττεσθαι

2291 5461 2468 5532 δίκην,
2503 5461 2593 5514 τὸν
2627 5459 2917 5514 ἀπατεῶνα
2943 5459 3038 5514 καὶ
3069 5458 3396 5532 βωμολόχον,
3431 5456 3670 5510 ἐδικαίου
3697 5453 3858 5518 Θεός⁶

671 5609 711 5641 ⁷⁸
743 5611 903 5664 Deut.
933 5611 1138 5673 “1,29.
1205 5613 1250 5643 ⁷³
1275 5613 1402 5682 Sap.
1439 5629 1477 5678 ι,
1507 5612 1602 5676 ll;
1631 5627 1688 5677 ιι,
1715 5611 1818 5670 2i.
1883 5611 1930 5642 ⁷³
1953 5611 2248 5676 υειιι.ιιιιι,
2271 5612 2388 5666 1-5.

672 5749 744 5814 (i)
801 5750 873 5802 Sic
928 5749 1096 5802 codex
1160 5749 1486 5816 Vaticanus;
1541 5749 1709 5804 cmch
1760 5748 1988 5815 Sirlcti,
2023 5749 2280 5820 ὀνόματα.
