4138 6300
311 312 410 367 Atil

1052 313 1144 370 ne
1180 311 1618 372 Anonsriom
1658 318 1726 372 IN
1763 317 2028 377 SPIRITU
2069 323 2158 377 ET
2197 323 2562 379 vannus.
2596 308 2732 377 UB.
2773 320 2860 378 vr.

3458 293 3567 382 ἀεί

310 429 504 500 ποινὴν
541 428 599 481 δε
640 429 736 498 τὴν
765 429 886 498 ἴσην
932 429 1366 498 καταξηφίζεται
1399 437 1492 488 καὶ
1520 433 1608 486 τδν
1637 433 1867 505 εὐπαρά·

1985 437 2134 492 bium
2167 445 2404 504 tuarum,
2432 454 2569 510 quas
2587 438 2854 492 Dominus
2878 439 3024 494 Deus
3064 445 3188 493 tuus
3215 439 3305 495 dat
3335 441 3454 505 tibi,
3479 443 3564 497 vir

310 517 482 588 φορόν
513 533 572 570 τε
619 516 712 570 καὶ
757 516 994 586 ἐλαφρόν
1040 519 1468 596 ὑποτεθεικότων
1504 524 1613 586 rcis
1660 524 1883 577 τοιοῖσδε

307 607 458 664 νοῦν.
509 606 658 674 Ἐξὺν
705 607 813 678 γὰρ
844 608 1082 673 εὐκόλως
1125 611 1426 682 διαδράναι,
1457 614 1642 684 φησὶν,
1685 613 1883 683 ἀνανή-

245 727 252 738 ·
309 716 480 770 φοντα
517 700 654 769 πρὸς
705 699 766 752 τὸ
810 698 1028 771 ἀληθὲς,
1087 701 1390 755 ἐθελούσιον
1439 703 1553 756 ἀνθ’
1609 704 1729 756 ὅτου
1783 707 1883 772 τὴν

307 791 390 856 εῖς
413 809 476 860 γε
526 792 586 844 τὸ
633 790 852 844 ἀδικοῦν
887 791 1199 864 ἀποδρομὴν
1232 793 1556 865 ἐποιήσατος
1598 813 1616 846 ι
1669 793 1794 847 Ἐὰν
1826 794 1882 848 δὲ

307 887 508 958 εὑρεθῇ
533 887 592 939 ἐν
630 885 712 937 σοὶ¹
745 886 801 937 ἐν
825 887 925 956 μιᾷ
955 884 1065 938 τῶν
1103 885 1311 940 πόλεών
1356 905 1472 954 σου,
1503 879 1578 940 ὧν
1607 885 1808 958 Κύριος
1855 888 1884 939 ὁ

308 978 443 1042 Θεός
472 994 567 1030 σου
594 977 778 1030 δίδωσί
829 993 936 1038 σοι,
969 977 1107 1047 ἀνὴρ
1133 977 1166 1047 ἢ
1203 978 1359 1048 γυνὴ,
1391 979 1535 1042 ὅστις
1565 978 1778 1048 ποιήσει
1823 977 1884 1030 τὺ

312 1070 550 1142 πονηρὸν
575 1068 818 1123 ἐναντίον
870 1067 1080 1140 Κυρίου
1112 1068 1206 1122 τοῦ
1253 1069 1387 1122 Θεοῦ
1429 1087 1544 1135 σου,
1595 1069 1882 1139 παρελθεῖν

312 1163 414 1233 τὴν
459 1161 720 1232 διαθήκην
773 1159 960 1223 αὐτοῦ,
1025 1162 1119 1214 καὶ
1165 1161 1493 1225 ἀπελθόντες
1545 1161 1882 1232 λατρεύσωσι

315 1253 457 1316 θεοῖς
475 1252 696 1323 ἑτέροις,
737 1253 830 1304 καὶ
857 1251 1310 1322 προσκυνήσωσιν
1339 1252 1541 1318 αὐτοῖς,
1582 1252 1658 1322 τῷ
1681 1251 1816 1323 ἡλίῳ
1847 1253 1879 1324 ἢ

311 1349 378 1414 τῇ
417 1343 687 1414 σελήνῃ,ἢ
721 1343 878 1396 παντὶ
911 1342 1019 1395 τῶν
1051 1343 1114 1394 ἐκ
1139 1342 1234 1395 τοῦ
1270 1343 1475 1412 κόσμου
1498 1342 1591 1396 τοῦ
1631 1343 1878 1414 οὐρανοῦ,

309 1434 346 1488 ἃ
379 1437 439 1488 οὐ
477 1433 774 1506 προσέταξέ
809 1451 912 1498 σοι,
949 1433 1041 1486 καὶ
1080 1433 1178 1486 οὐκ
1217 1433 1491 1504 ἀνηγγέλη
1525 1451 1638 1496 σοι,
1669 1435 1761 1487 καὶ
1787 1436 1880 1488 ἐκ·

309 1523 540 1596 ζητήσει
578 1524 802 1594 σςόδρα,
846 1523 940 1576 καὶ
986 1523 1092 1576 ἰδοὺ
1139 1521 1335 1594 ἀληθὲς
1373 1522 1563 1591 γέγονε
1615 1524 1674 1577 τὸ
1708 1525 1878 1594 ῥῆμα,

307 1617 599 1684 yart-imm:
634 1615 695 1667 τὸ
723 1613 997 1685 βδέλυγμα
1023 1613 1177 1666 τοῦτο
1205 1614 1262 1666 ἐν
1291 1615 1526 1684 Ἰσραήλ·
1557 1615 1649 1668 καὶ
1674 1613 1881 1680 ἐξάξεις

305 1706 401 1758 τὸν
457 1706 741 1777 ἄνθρωπον
782 1707 1010 1770 ἐκεῖνον,
1043 1705 1076 1776 ἢ
1116 1705 1216 1775 τὴν
1239 1707 1476 1773 γυναῖκα
1527 1705 1766 1776 ἐκείνην,
1803 1705 1881 1757 οῖ.

307 1814 455 1860 τινες
485 1797 746 1866 ἐποίησαν
768 1797 828 1850 τὸ
855 1799 1084 1866 πρᾶγμα
1111 1797 1170 1849 τὸ
1191 1797 1425 1867 πονηρδν
1457 1796 1633 1861 τοῦτο,
1673 1797 1768 1850 καὶ
1799 1795 1878 1849 λι-
1909 1787 1949 1841 Β

307 1869 632 1959 θοδολήσετε
680 1888 878 1950 αὐτοὺς
939 1891 996 1940 ἐν
1047 1887 1236 1953 λίθοις,
1290 1889 1384 1939 κοιλ⁵
1435 1887 1874 1958 τελευτήσουσιν·

304 1980 400 2031 ἐπὶ
431 1978 552 2031 δυσί⁹
584 1977 848 2048 μάρτυσιν
877 1977 908 2048 ἢ
942 1976 1032 2030 ἐπὶ
1059 1977 1206 2048 τρισὶ
1236 1975 1503 2047 μάρτυσιν
1530 1974 1879 2028 ἀποθανεῖται

300 2069 331 2122 ὁ
363 2069 756 2138 ἀποθνήσκων·
793 2069 895 2120 οὐκ
952 2066 1301 2120 ἀποθανεῖται
1345 2067 1428 2134 ἐφ’
1477 2067 1557 2119 ἐνὶ
1614 2067 1875 2138 μάρτυρι·

300 2161 400 2213 καὶ
434 2161 469 2226 ἡ
517 2159 638 2230 χεὶρ
667 2159 776 2212 τῶν
810 2159 1103 2230 μαρτύρων
1133 2158 1285 2210 ἔσται
1325 2159 1413 2211 ἐπ’
1459 2158 1606 2230 αὐτῷ
1639 2161 1698 2212 ἐν
1730 2157 1880 2228 πρώ-

296 2267 416 2314 τοις
459 2250 765 2304 θανατῶσαι
795 2251 976 2315 αὑτὸν,
1012 2251 1107 2304 καὶ
1152 2253 1184 2320 ἡ
1216 2251 1336 2322 χεὶρ
1367 2250 1460 2302 τοῦ
1495 2251 1696 2314 παντὸς
1745 2249 1877 2303 λαοῦ

297 2343 392 2398 ἐπ’
429 2343 673 2412 ἐσχάτων
694 2359 705 2371 ·
741 2345 836 2396 καὶ
870 2342 1085 2413 ὲξαρεῖς
1107 2344 1197 2396 τὸν
1227 2343 1458 2414 πονηρὸν
1506 2343 1563 2408 ἐξ
1593 2343 1748 2412 ὑμῶν
1781 2343 1877 2395 αὐ-

291 2431 427 2484 τῶν·
473 2451 493 2481 ι
530 2431 661 2484 θεοῦ
693 2433 802 2503 γὰρ
834 2431 1162 2502 ἠδικημένου
1198 2433 1325 2502 περὶ
1354 2431 1413 2484 τὸ
1443 2431 1572 2484 ἴδιον
1606 2431 1874 2502 σέϐασμα,

291 2521 356 2574 τὸ
389 2521 750 2592 ἐποικτείρειν
783 2523 882 2575 οὐκ
919 2523 1181 2590 ἀσφαλὲς.
1235 2522 1557 2592 Ἐπιζήμιον
1591 2522 1646 2575 δὲ
1679 2522 1874 2593 κομιδῆ

289 2609 354 2665 τὸ
387 2612 462 2682 μὴ
499 2613 556 2664 ἐν
601 2611 778 2683 καιρῷ
824 2614 1215 2684 μαλακίζεσθαι
1248 2614 1384 2684 πρὸς
1437 2615 1726 2686 ἀνάνδρους
1756 2614 1876 2682 φιλ-

291 2701 554 2772 αλληλίας
575 2717 588 2732 ⁶
635 2704 728 2758 καὶ
766 2705 940 2770 τοῦτο,
981 2701 1152 2774 οἶμαι,
1184 2704 1328 2757 ἐστιν
1353 2705 1490 2775 ὅπερ
1511 2705 1612 2774 ἔφη
1636 2705 1870 2774 Κύριοςο

295 2811 316 2844 ι
373 2793 431 2846 Ὀ
460 2795 692 2862 ἀγαπῶν
721 2795 930 2866 πατέρα
960 2796 991 2866 ἢ
1028 2797 1237 2866 μητέρα
1274 2797 1414 2866 ὑπὲρ
1441 2796 1562 2866 ἐμὲ,
1611 2796 1711 2849 οὐκ
1751 2796 1868 2848 ἔστι

292 2900 400 2954 μου
432 2883 600 2950 ἄξιος.
643 2905 660 2936 ι
711 2887 948 2957 Ἐρρἐω
969 2887 1077 2958 γὰρ
1109 2887 1202 2938 καὶ
1230 2887 1349 2940 τότε
1396 2887 1557 2954 νόμος
1591 2886 1870 2956 φιλοστορ-

287 2972 438 3040 γίας,
488 2976 580 3026 καὶ
627 2977 860 3046 φυσικῆς
911 2977 1130 3046 ἀγάπης
1191 2977 1422 3046 οἰχέσθω
1478 2976 1728 3046 δύναμις,
1778 2977 1871 3030 καὶ

289 3067 400 3118 πᾶν
447 3065 621 3118 ὁτιοῦν
653 3067 762 3119 τῶν
813 3067 1055 3136 ἡκόντων
1091 3069 1170 3130 εἰς
1200 3067 1632 3138 φιλανθρωπίαν,
1668 3069 1762 3121 καὶ
1802 3068 1868 3120 ἵν’

1985 536 2080 581 aut
2112 529 2309 582 mulier
2365 543 2485 598 qua:
2510 528 2676 582 faciat
2699 527 2901 581 malum
2941 527 2994 581 in
3021 537 3312 598 conspectu
3344 530 3562 586 Domini

1985 618 2086 682 tui,
2112 626 2170 672 ut
2196 619 2666 688 transgrediuntur
2687 628 2902 688 paetum
2923 619 3060 688 ejus,
3085 626 3138 672 ct
3158 619 3422 674 abeuntes
3443 637 3563 675 ser-

1983 711 2186 764 vierint
2209 709 2315 764 diis
2341 711 2556 774 alienis,
2589 718 2644 763 et
2675 709 3023 765 adoraverint
3045 710 3188 776 illos,
3214 711 3382 766 solem
3403 713 3562 768 vidc-

1983 803 2130 866 licet,
2155 809 2250 856 aut
2273 802 2481 865 lunam,
2517 807 2610 854 aut
2635 801 2884 869 quemvis
2917 801 3086 853 alium
3121 809 3375 854 ornatum
3413 803 3558 867 cmli,

1983 910 2105 963 qua:
2141 909 2250 947 non
2278 893 2512 962 prtecepi
2543 891 2665 956 tibi,
2705 907 2884 960 neque
2921 893 3240 947 annuntiata
3267 901 3394 946 sunt
3421 894 3557 950 tibi:

1983 993 2036 1038 et
2063 983 2417 1054 investigabis
2441 982 2760 1054 diligenter;
2787 989 2842 1034 et
2875 996 3004 1036 ecce
3030 998 3222 1036 verum
3253 981 3456 1037 factum
3477 992 3562 1038 est

1983 1077 2232 1141 verbum,
2257 1084 2313 1130 et
2335 1075 2476 1129 facta
2511 1082 2596 1129 est
2617 1073 2950 1127 abominatio
2973 1073 3089 1128 haec
3112 1074 3169 1128 in
3189 1074 3355 1129 Israel
3382 1093 3394 1127 :
3420 1076 3559 1131 edu-

1983 1184 2073 1223 ces
2093 1169 2370 1224 hominem
2394 1169 2567 1232 illum,
2589 1166 2676 1221 vel
2700 1166 2985 1220 mulierem
3009 1167 3174 1231 illam,
3195 1167 3289 1236 qui
3310 1167 3561 1222 fecerunt

1983 1275 2100 1314 rem
2125 1260 2265 1314 hanc
2285 1259 2503 1322 malam,
2525 1265 2581 1312 et
2602 1255 2914 1326 lapidabitis
2932 1271 3027 1310 eos
3049 1256 3344 1326 lapidibus,
3369 1267 3426 1312 et
3443 1274 3560 1312 mo—

1983 1351 2196 1406 rientur
2236 1369 2250 1404 :
2293 1351 2348 1404 in
2375 1349 2592 1405 duobus
2619 1348 2870 1412 testibus,
2897 1347 2982 1402 vel
3021 1348 3078 1401 in
3115 1349 3294 1405 tribus
3326 1351 3560 1405 testibus

1984 1439 2370 1511 morietur,qui
2395 1439 2630 1494 moritur
2649 1455 2663 1504 ;
2679 1454 2790 1492 non
2809 1438 3077 1493 morietur
3100 1439 3156 1492 in
3170 1455 3280 1494 uno
3305 1447 3442 1494 teste
3471 1459 3482 1492 :
3503 1449 3560 1494 et

1982 1547 2230 1597 manus,»
2262 1529 2492 1600 inquit,¢
2523 1527 2743 1582 testium
2767 1527 2874 1580 erit
2895 1543 3061 1597 super
3087 1527 3262 1596 ipsum
3288 1527 3342 1580 in
3369 1529 3560 1596 primis

1981 1621 2048 1676 ad
2090 1620 2526 1676 interficiendum
2569 1633 2718 1681 eum,
2759 1625 2815 1670 et
2855 1632 3048 1670 manus
3089 1617 3254 1670 totius
3289 1617 3474 1686 populi
3501 1617 3560 1671 in

1979 1713 2241 1767 extremis
2268 1731 2280 1764 :
2308 1721 2365 1764 et
2399 1709 2666 1764 auferetis
2689 1707 2888 1760 malum
2926 1723 2956 1761 a
2981 1707 3138 1762 vobis
3160 1708 3295 1776 ipsis
3317 1707 3382 1762 ".
3416 1726 3434 1758 ο
3460 1707 3559 1762 Dei

1977 1819 2213 1873 namque
2247 1803 2396 1857 cultu
2423 1801 2622 1855 violato
2653 1797 3032 1852 misericordia
3065 1797 3423 1863 commoveri,
3450 1797 3558 1852 mi-

1979 1895 2126 1950 nime
2156 1903 2333 1950 tutum
2368 1903 2479 1958 est;
2519 1890 2614 1945 sed
2643 1888 2698 1942 in
2723 1889 2918 1957 primis
2952 1889 3319 1959 periculosum
3347 1889 3556 1959 impor-

1979 1993 2114 2038 tuno
2131 1993 2372 2054 tempore
2391 1983 2458 2037 ad
2475 1993 2677 2038 mutua:
2689 1980 3085 2034 benevolentia:
3103 1981 3371 2049 ignaviam
3388 1978 3559 2033 emol-

1977 2077 2064 2131 liri
2096 2093 2108 2130 :
2137 2076 2300 2145 idque
2321 2077 2453 2130 illud
2477 2085 2582 2140 est,
2602 2076 2821 2146 opinor,
2841 2071 2988 2142 quod
3009 2072 3086 2126 ait
3108 2071 3425 2126 Christus”
3451 2071 3556 2137 Qui

1978 2177 2122 2222 amat
2143 2176 2350 2238 patrem
2376 2176 2470 2222 aut
2493 2177 2721 2222 matrem
2747 2167 2870 2238 plus
2895 2180 3059 2236 quam
3092 2179 3200 2228 me,
3225 2179 3334 2218 non
3360 2173 3443 2218 est
3468 2179 3556 2219 me

1979 2260 2178 2329 dignus
2194 2261 2258 2313 ⁷³⁵.
2282 2280 2299 2311 ι
2326 2261 2513 2316 Valeat
2531 2261 2676 2314 enim
2690 2275 2756 2313 eo
2779 2268 3026 2327 tempore
3043 2256 3263 2326 pietatis
3284 2255 3554 2326 ιειιες,

1975 2351 2199 2405 recedat
2241 2353 2508 2406 naturalis
2548 2353 2752 2406 ameris
2795 2352 2900 2417 vis,
2955 2360 3010 2405 et
3053 2366 3116 2404 ea
3160 2350 3343 2403 omnia
3397 2365 3553 2420 qum-

1977 2456 2190 2511 cunque
2217 2443 2281 2496 ad
2308 2443 2593 2497 hominum
2617 2443 2967 2497 dilectionem
3001 2447 3269 2511 spectant,
3294 2445 3369 2504 et,
3396 2448 3457 2494 ut
3481 2441 3555 2495 ita

1975 2531 2242 2595 dicamus,
2267 2531 2357 2601 pia
2378 2531 2580 2587 duritia
2600 2532 2810 2587 colatur
2826 2532 2989 2586 Deus.
3007 2531 3091 2586 An
3115 2546 3244 2585 vero
3267 2545 3376 2584 non
3399 2529 3552 2599 pium

1972 2632 2091 2670 esse
2121 2633 2334 2682 censes,
2359 2621 2452 2689 qui
2477 2621 2680 2674 nullam
2719 2636 2939 2674 causam
2975 2620 3160 2674 dicere
3199 2619 3408 2688 possint
3454 2634 3554 2672 cur

1972 2707 2291 2774 defecerint,
2317 2720 2373 2764 et
2413 2711 2466 2764 in
2507 2713 2782 2780 apostasin
2819 2711 2953 2781 lapsi
2992 2711 3121 2774 sint,
3164 2727 3261 2765 eos
3283 2710 3400 2764 sine
3439 2711 3550 2765 ulla
3630 2732 3644 2744 -

1971 2797 2322 2854 miseratione
2348 2799 2564 2869 puniri;
2591 2802 2794 2870 quippe
2833 2802 2926 2870 qui
2969 2802 3117 2856 illam
3161 2816 3326 2870 supra
3367 2802 3550 2856 omnia

1970 2889 2196 2959 gloriam
2221 2891 2524 2958 oli‘endant,
2569 2908 2807 2962 eumque
2846 2901 3057 2948 temere
3097 2893 3294 2963 injuria
3333 2892 3548 2947 allicere

1969 2995 2081 3034 non
2123 2990 2442 3046 vereantur,
2483 2982 2814 3050 cuiaequum
2855 2990 2976 3037 erat
3015 2981 3330 3038 stabilitatis
3365 2981 3548 3036 studio

1971 3069 2213 3124 lwtitiam
2238 3071 2473 3126 afferre?

287 3153 463 3218 οὕτως
493 3159 756 3227 εἴπωμεν,
783 3157 848 3209 δι’
877 3155 1132 3218 εὐσεϐοῦς
1165 3157 1529 3228 σκληρότητος
1565 3157 1951 3229 θεραπευέσθω
1987 3158 2141 3222 Θεὸς.
2177 3161 2246 3212 Ἦ
2312 3161 2420 3230 γὰρ
2474 3162 2574 3233 οὐχ
2637 3163 2784 3216 ὅσιον
2823 3159 2964 3216 εἷναι
2999 3160 3122 3232 φὴς,
3191 3161 3318 3225 τοὺς
3371 3161 3545 3233 ἀπροι⁸

288 3249 553 3319 φάσιστον
603 3249 823 3318 ἔχοντας
866 3248 963 3320 τὴν
1008 3249 1329 3313 ἀπόστασιν,
1379 3249 1704 3312 κολάζεσθαι
1752 3249 1861 3302 δεῖν
1899 3249 2444 3320 ἀφιλοικτειρμόνως,
2477 3253 2553 3316 ὡς
2590 3254 2688 3325 τὴν
2747 3239 3005 3307 ἐπέκεινα
3045 3252 3259 3306 πάντων
3307 3253 3547 3306 καταλυο

285 3342 526 3408 ποῦντας
569 3342 746 3408 δόξαν,
777 3343 871 3398 καὶ
909 3343 1156 3412 ὑϐρίζειν
1195 3343 1521 3414 ἀφυλάκτως
1566 3345 1627 3397 οὑ
1658 3343 2148 3414 παραιτουμένους,
2175 3345 2232 3398 ὃν
2252 3341 2320 3416 ἦν
2372 3345 2434 3418 δή
2467 3364 2569 3400 που
2623 3350 2869 3419 κρεῖττον
2899 3349 3018 3410 ταῖς
3079 3347 3160 3408 είς
3222 3345 3545 3416 ἑδραιότητα

282 3437 708 3507 κατευφραίνειν
743 3437 998 3500 σπουδαῖς
1019 3453 1032 3501 ;

355 3529 567 3583 ΠΑΛΛ.
610 3529 814 3591 “Dccov,
851 3529 966 3592 πῶς
996 3529 1105 3601 γὰρ
1133 3529 1228 3596 ob;

356 3618 521 3672 ΚΥΡ.
564 3621 928 3690 Μεμνήσομαι
975 3622 1032 3674 δὲ
1064 3621 1362 3684 διειπόντος
1408 3621 1574 3674 αὑτοῦ
1614 3625 1726 3686 τοῖς
1761 3623 1861 3692 ἀρ⁴

278 3710 624 3781 χαιοτέροις·
665 3730 682 3761 ι
721 3711 786 3764 Τί
830 3712 1063 3782 εὓροσαν
1103 3714 1152 3764 οί
1184 3712 1416 3782 πατέρες
1461 3711 1613 3782 ὑμῶν
1647 3713 1706 3764 ἐν
1739 3713 1862 3783 ἐμοὶ

277 3799 684 3871 πλημμέλημα,
719 3801 801 3854 ὅτι
841 3801 1160 3870 ἀπέστησαν
1189 3803 1279 3853 ἀπ’
1315 3799 1446 3870 ἐμοῦ
1497 3801 1734 3871 μακρὰν,
1766 3801 1870 3864 καὶ

276 3890 655 3968 ἐπορεύθησαν
691 3892 863 3945 ὀπίσω
899 3892 1010 3944 τῶν
1057 3892 1322 3962 ματαίων,
1376 3891 1468 3944 καὶ
1515 3891 1860 3962 ἐματαιώθη⁴

276 3999 410 4048 σαν;
450 4002 468 4034 ι
507 3983 914 4053 Κατατεθηπὼς
945 3985 1000 4038 δὲ
1041 3984 1231 4053 ὥσπερ
1279 3985 1363 4037 ἐπ’
1395 3985 1656 4054 ἀκράτοις
1711 3984 1858 4053 ἀμα-

280 4073 420 4136 θίαις
469 4073 596 4136 τοὺς
645 4072 704 4138 ἐξ
751 4074 988 4145 Ἰσραὴλ,
1023 4068 1122 4127 ὧδέ
1159 4076 1233 4145 πή
1269 4091 1464 4145 φησιν·
1502 4093 1520 4126 ι
1568 4073 1786 4144 Ἐξέστη
1831 4076 1859 4127 ὁ

277 4163 505 4234 οὐρανὸς
538 4163 630 4216 ἐπὶ
657 4165 854 4235 τούτῳ,
879 4167 972 4218 καὶ
998 4165 1216 4236 ἔφριξεν
1241 4165 1332 4217 ἐπὶ
1357 4164 1540 4217 πλεῖον
1571 4165 1604 4234 ή
1632 4164 1700 4234 γῆ
1729 4164 1856 4232 σφό-

277 4254 394 4328 δρα,
427 4255 582 4322 λέγει
630 4255 834 4326 Κύριος
857 4273 868 4287 ·
903 4257 985 4310 ὅτι
1013 4257 1105 4310 δύο
1140 4256 1350 4328 πονηρὰ
1392 4255 1646 4328 ἐποίησεν
1679 4257 1706 4308 ὁ
1731 4256 1856 4319 λαός

279 4363 398 4415 μου.
450 4347 580 4417 Ἐμὲ
621 4348 945 4416 ἐγκατέλιπε
1002 4348 1182 4420 πηγὴν
1236 4349 1426 4412 ὓδατος
1481 4347 1700 4412 ζῶντος,
1760 4347 1854 4399 καὶ

276 4430 492 4504 ὤρυξαν
522 4437 734 4500 ἑαυτοῖς
772 4436 1008 4502 λάκκους
1059 4437 1571 4508 συντετριμμένους,
1605 4435 1737 4504 οἶιοὺ
1761 4436 1852 4488 δυ-

275 4525 530 4596 νήσονται
575 4525 719 4598 ὕδωρ
767 4529 1030 4599 συνέχειν.
1069 4549 1088 4580 ›
1146 4528 1436 4591 Εὐϐουλίας
1477 4527 1585 4598 γὰρ
1636 4527 1854 4596 ἀπάσης

274 4607 618 4687 ἀφαμαρτεῖν
657 4619 900 4690 οἰηθείην
949 4621 1015 4674 ἂν
1063 4621 1258 4688 ἔγωγε,
1299 4619 1390 4671 καὶ
1433 4617 1578 4688 μάλα
1627 4618 1852 4678 εἰκότως

274 4707 418 4770 τοὺς,
451 4709 506 4760 οἵ
529 4725 593 4776 γε
633 4711 731 4780 τῆς
761 4713 837 4774 εἰς
865 4712 998 4765 Θεὸν
1049 4709 1451 4779 ἀπ’)’,οοιτῶντες
1477 4708 1751 4778 λατρείας,
1785 4710 1848 4778 τῇ

275 4795 448 4849 κτίσει
491 4788 815 4870 λαΐρεύουσι
857 4800 1012 4872 παρά
1055 4801 1146 4853 τὸν
1181 4799 1419 4870 Κτίστην
1455 4799 1548 4851 καὶ
1590 4798 1844 4866 Ποιητὴντ

1885 3533 1930 3593 C
2029 3528 2226 3584 PALL.
2254 3527 2488 3581 Prorsus
2523 3525 2674 3596 pium
2704 3543 2716 3578 :
2747 3524 2982 3595 quidni?

2039 3621 2196 3676 CYR.
2241 3617 2694 3674 Commemorabo
2735 3626 2916 3670 autem
2957 3615 3078 3685 ejus
3115 3614 3307 3679 verba,
3347 3613 3544 3685 priscis

1965 3692 2416 3766 illishominihus
2455 3707 2732 3762 dicentis:
2769 3726 2786 3756 ι
2827 3704 2968 3771 Quid
3013 3705 3348 3758 invenerunt
3374 3709 3429 3758 in
3451 3720 3541 3760 me

1961 3812 2144 3873 patres
2165 3801 2335 3856 vestri
2361 3799 2568 3864 delicti,
2595 3798 2724 3868 quia
2746 3805 3090 3852 recesserunt
3112 3796 3271 3865 longe
3297 3811 3326 3849 a
3354 3811 3460 3858 me,
3485 3803 3542 3850 et

1961 3894 2216 3948 abierunt
2234 3901 2358 3962 post
2379 3891 2670 3952 vanitates,
2696 3896 2751 3941 et
2771 3886 2898 3941 vani
2923 3885 3050 3941 facti
3077 3894 3206 3940 sunt
3227 3885 3306 3938 πῖ
3331 3906 3348 3936 ι
3377 3884 3541 3939 Cum-

1960 3999 2066 4052 que
2099 3982 2336 4037 ﬁliorum
2369 3980 2534 4034 lsrael
2563 3978 2730 4034 veluti
2755 3991 2960 4031 meram
2987 3975 3273 4030 stultitiam
3299 3974 3539 4030 demira-

1959 4085 2132 4139 retur,
2167 4075 2279 4128 ait:
2315 4094 2332 4127 ι
2365 4072 2658 4142 Obstupuit
2685 4070 2881 4125 caelum
2909 4083 3074 4138 super
3100 4068 3224 4131 hoc,
3252 4075 3308 4121 et
3346 4067 3536 4120 inhor-
3636 4139 3644 4147 .

1959 4164 2069 4218 ruit
2111 4172 2256 4218 terra
2281 4171 2432 4216 extra
2473 4160 2717 4224 modum,
2753 4159 2886 4212 dicit
2921 4158 3216 4220 Dominus;
3257 4157 3383 4224 quia
3427 4156 3538 4208 duo

1957 4255 2095 4308 mala
2119 4254 2245 4308 fecit
2269 4254 2505 4324 pepulus
2526 4268 2699 4306 meus:
2727 4267 2811 4305 me
2835 4250 3128 4319 dereliquit
3153 4249 3357 4301 fontem
3383 4263 3538 4316 aquae

1955 4347 2112 4410 vivae,
2137 4355 2192 4400 et
2215 4346 2472 4400 foderunt
2497 4345 2598 4398 sibi
2635 4345 2789 4396 lacus
2824 4341 3115 4402 contritus,
3144 4338 3236 4408 qui
3272 4353 3377 4390 non
3405 4353 3537 4404 pos-

1955 4444 2085 4488 sunt
2111 4449 2305 4502 aquam
2335 4435 2616 4488 continere
2641 4433 2705 4484 7".
2740 4452 2757 4481 ι
2787 4432 2894 4484 Eos
2921 4431 3066 4484 enim
3103 4428 3172 4482 ab
3211 4426 3358 4479 omni
3386 4435 3535 4480 recto

1955 4527 2181 4580 consilio
2204 4527 2482 4588 aberrare,
2511 4523 2657 4578 haud
2683 4521 2918 4576 absurde
2946 4519 3274 4580 censuerim,
3301 4517 3394 4587 qui
3418 4517 3532 4570 dis-

1955 4617 2218 4670 cedentes
2263 4631 2294 4670 a
2337 4615 2434 4670 Dei
2486 4615 2668 4677 cultu,
2729 4620 2996 4668 creatura:
3047 4610 3297 4664 serviunt
3350 4609 3533 4678 potius

1951 4723 2116 4777 quam
2155 4707 2400 4762 Creatori
2443 4714 2607 4776 atque
2645 4704 2960 4768 Conditori;
2991 4709 3084 4754 aut
3125 4699 3193 4754 ad
3231 4699 3532 4770 turpiorem

1951 4798 2130 4853 adhuc
2153 4814 2398 4852 errorem
2422 4797 2648 4866 delapsi,
2675 4797 2907 4852 adorant
2929 4811 3095 4865 opera
3120 4810 3380 4850 manuum
3408 4809 3531 4848 sua-

272 4887 440 4949 ἤγουν
477 4887 558 4941 ἔτι
607 4891 738 4962 πρὸς
787 4893 980 4962 αἰσχίω
1025 4891 1507 4963 καταθρώσκοντες
1557 4889 1841 4957 πλάνησιν,

1967 4907 2068 4944 'um
2097 4908 2108 4942 :
2137 4906 2259 4944 cum
2285 4897 2429 4944 esset
2451 4888 2730 4958 perfacile,
2751 4887 2794 4940 si
2816 4897 2964 4941 recte
2989 4901 3180 4956 sapere
3202 4885 3530 4948 voluissent,

274 4979 636 5050 προσκυνοῦσι
665 4985 775 5048 τοῖς
801 4982 982 5056 ἔργοις
1016 4983 1120 5036 τῶν
1151 4983 1352 5054 χειρῶν
1397 4981 1574 5034 αὐτῶν
1593 4998 1604 5009 ·
1639 4981 1732 5034 καί
1763 4997 1844 5032 τοι

269 5067 334 5142 ἦν
383 5075 640 5138 εὐκόλως,
672 5076 829 5144 εῐπερ
873 5076 1075 5129 ἕλοιντο
1106 5080 1322 5146 φρονεῖν
1349 5075 1544 5146 ὀρθῶς,
1576 5073 1674 5143 τῆς
1705 5071 1843 5142 ὑπὲρ

272 5163 450 5216 πάντα
493 5167 588 5217 καὶ⁸
623 5167 860 5236 ἀρρήτου
905 5167 1118 5236 φύσεως
1143 5165 1580 5221 καταθεάσασθαι
1619 5165 1676 5218 τὸ
1710 5165 1844 5218 καὶλ-

269 5252 355 5315 λος
385 5253 494 5306 ἀπὸ
532 5255 758 5320 κτίσεως
802 5259 1030 5328 κόσμου,
1065 5260 1157 5310 καὶ
1193 5261 1255 5310 ἐκ
1285 5258 1384 5326 τῆς
1411 5255 1519 5309 τῶν
1540 5255 1842 5324 γεγονότων

267 5343 570 5413 εὐρυθμίας
612 5346 702 5399 τὸν
734 5349 1026 5418 ταξίαρχον
1055 5349 1148 5402 καὶ
1179 5349 1420 5418 ἡγεμόνα
1457 5348 1550 5400 καὶ
1577 5346 1837 5414 δημιουρ-

265 5435 358 5500 γὸν
381 5434 537 5487 τοῦδε
555 5435 649 5488 τοῦ
672 5439 869 5502 παντὸς
897 5441 1117 5493 ἐννοεῖν.
1157 5439 1314 5491 Ἀλλά
1340 5439 1437 5508 τὴν
1461 5437 1604 5490 οὓτω
1631 5437 1836 5507 σεπτήν

264 5543 320 5578 τε
353 5527 447 5580 καὶ
476 5529 804 5603 ἀξιάγαστον
849 5533 1073 5602 γνώμην
1115 5531 1524 5594 διαπτύσαντες,
1557 5529 1698 5592 τινὲς
1727 5527 1836 5580 τῶν

330 5711 377 5743 ’⁵
402 5708 922 5776 Deul.xvn,29eqq.
999 5707 1042 5737 ⁷⁵
1069 5705 1316 5764 Matthx,
1349 5705 1436 5755 57.
1515 5705 1558 5732 ⁷⁸
1585 5703 1696 5756 Jer.
1723 5719 1782 5763 η,

1945 4998 2170 5036 summa:
2207 4983 2360 5037 illius
2382 4989 2436 5036 et
2473 4980 2769 5034 ineﬂ'abilis
2808 4988 3020 5034 natura:
3059 4977 3531 5049 pulchritudinem

1944 5075 2322 5144 contemplari,
2351 5089 2530 5142 neque
2575 5073 2750 5128 solum
2788 5088 2853 5126 ex
2897 5081 3149 5126 creatura
3191 5071 3400 5132 mundi,
3429 5068 3528 5121 sed

1943 5165 2109 5218 etiam
2177 5180 2244 5218 ex
2285 5181 2471 5220 rerum
2537 5180 2658 5234 quae
2703 5164 2934 5218 conditae
2975 5169 3104 5216 sunt
3155 5159 3527 5214 concinnitate

1942 5256 2248 5326 principem
2273 5271 2337 5310 ac
2369 5256 2565 5311 ducem
2598 5265 2653 5312 et
2677 5256 2926 5326 opiﬁcem
2964 5254 3128 5323 hujus
3150 5250 3528 5304 universitatis

1941 5347 2268 5417 intelligere.
2317 5347 2421 5402 Sed
2459 5347 2706 5402 nonnulli
2753 5363 2782 5400 e
2827 5345 3022 5414 priscis
3063 5343 3171 5396 illis
3207 5341 3530 5395 hominibus

1940 5439 2228 5493 consilium
2249 5439 2385 5494 adeo
2405 5438 2815 5509 suspiciendum
2839 5445 2895 5490 et
2915 5433 3238 5488 admirabile
3262 5447 3526 5502 respuen-

1941 5537 2041 5591 tes,
2067 5545 2252 5592 aurea,
2276 5540 2337 5582 ut
2359 5539 2443 5582 est
2464 5527 2604 5596 apud
2623 5526 2840 5580 Graecos
2866 5531 3074 5594 poetas,
3098 5537 3196 5592 pro
3217 5522 3373 5576 aereis
3396 5536 3529 5590 pcr-

1941 5703 1984 5733 ττ
2033 5703 2198 5774 nam,
2226 5703 2308 5765 te,
2344 5701 2435 5753 ιε.
