4138 6300
604 265 712 323 ‘03
1625 252 1682 311 S.
1723 252 1999 312 CYR‘ILLI
2037 256 2517 319 ALEXAme
2555 250 2877 318 ARCIIIEP.
3768 257 3872 316 £21

606 386 978 435 mutaverunt.
1008 377 1210 444 Quare,
1238 373 1450 447 abjecta
1485 372 1604 437 Dei,
1633 372 1726 443 qui
1754 371 2057 427 secundum
2085 387 2184 426 na-

2296 372 2681 444 ὰρχαιοτέρων,
2712 371 2919 444 χρύσεα
2947 368 3215 442 χαλκείων
3235 368 3557 441 ἠλλάξαντο,
3586 372 3731 428 κατά
3749 379 3875 442 τοὺς

542 476 547 483 “
606 480 784 525 turam
829 477 932 531 est,
973 446 1623 534 adorationepueriliter
1662 476 1913 516 conversu
1956 468 2084 515 sunt
2122 460 2190 514 ad

2296 465 2424 535 παρ’
2446 464 2672 534 Ἕλλησι
2703 462 2931 533 ποιητάς
2966 462 3145 534 (Ι).Τὸ
3168 462 3277 533 γάρ
3296 479 3381 515 τοι
3398 460 3597 533 χρῆναι
3623 464 3886 534 μεθέντες
3909 446 3920 505 ⁸

607 562 857 615 inutilem
882 568 937 613 et
961 574 1163 612 vanum
1189 557 1461 611 idolorum
1487 555 1717 609 cultum.
1743 553 1929 623 Itaque
1954 552 2193 608 dedecus

608 652 726 705 risu
763 650 988 719 dignum
1026 663 1127 703 suo
1153 646 1319 717 capiti
1361 651 1734 715 asperserunt,
1763 658 1971 713 suaque
1998 652 2193 712 sponte

606 742 830 810 superni
855 740 1045 794 auxilii
1073 736 1485 793 destitutionem
1510 735 1746 805 amplexi
1782 742 1929 788 sunt.
1954 734 2192 804 Ideoque

605 836 745 890 dixit
768 837 911 890 Deus
941 853 987 887 τι
1019 834 1091 889 Ut
1110 827 1350 886 dedecus
1369 824 1509 884 furis
1530 844 1654 884 cum
1678 828 2055 898 deprehensus
2078 827 2194 881 fue—

606 928 699 992 rit,
729 927 809 981 sic
843 926 1175 980 erubescent
1212 918 1310 976 ﬁlii
1337 920 1526 985 Israel,
1548 913 1682 990 ipsi,
1710 928 1770 975 et
1794 928 1949 989 reges
1974 927 2189 983 eOrum,

607 1027 664 1074 et
686 1018 963 1089 principes
1000 1013 1272 1086 ipsorum,
1315 1022 1371 1069 et
1407 1012 1722 1069 sacerdotes
1745 1016 1959 1075 eoru‘m,
1983 1017 2039 1064 et
2061 1025 2191 1080 pro-

607 1111 789 1179 phetae
814 1124 1037 1164 eorum:
1070 1108 1217 1178 ligno
1242 1106 1501 1161 dixerunt
1534 1122 1546 1157 :
1575 1100 1737 1160 Pater
1760 1116 1917 1158 meus
1939 1118 1999 1158 es
2024 1111 2111 1168 tu;
2138 1110 2194 1157 et

606 1202 804 1271 lapidi:
832 1201 912 1255 Tu
939 1198 1175 1272 genuisti
1201 1213 1308 1252 me.
1335 1196 1405 1251 Et
1425 1203 1715 1251 verterunt
1737 1195 1805 1266 ad
1828 1210 1917 1250 me
1943 1204 2112 1265 terga,
2138 1198 2194 1249 et

606 1308 717 1346 non
742 1292 909 1346 facies
934 1307 1093 1355 suas;
1145 1298 1202 1345 et
1229 1290 1285 1344 in
1310 1297 1553 1358 tempore
1577 1288 1847 1342 malorum
1877 1286 2034 1355 182
2062 1302 2192 1339 suo-

607 1399 732 1436 rum
760 1382 981 1436 dicent:
1004 1381 1198 1451 Surge,
1224 1388 1281 1435 et
1303 1380 1448 1434 salva
1472 1395 1592 1434 nos.
1621 1378 1690 1433 Et
1718 1378 1810 1433 ubi
1837 1386 1965 1433 sunt
1989 1378 2065 1433 dii
2091 1379 2191 1445 tui,

2291 553 2412 627 Θεῷ
2442 555 2520 627 τῷ
2547 554 2688 610 κατὰ
2717 550 2880 624 φύσιν
2912 557 3262 625 προσκυνεῖν,
3303 555 3685 627 μειρακιωδῶς
3713 558 3881 629 ἐτρά-

2292 660 2456 698 ποντο
2496 638 2633 717 πρὸς
2674 644 2932 715 ἀνόνητον
2978 642 3412 716 εἰκαιολατρεῖαν
3447 645 3555 715 (-2)‘
3609 645 3882 716 αἰσχύνην

2291 736 2385 790 καὶ
2436 734 2649 805 γέλωτα
2688 733 2789 806 τῆς
2834 734 3043 789 ἑαυτῶν
3075 734 3436 805 καταχέοντες
3466 734 3714 805 κεφαλῆς
3782 736 3882 791 καὶ

2291 828 2614 898 ἐπικουρίας
2656 823 2759 897 τῆς
2808 824 3013 882 ἄνωθεν
3078 825 3411 896 αὐτόκλητον
3458 825 3726 897 ᾑρημένοι
3778 824 3882 895 τὴν

2291 922 2631 977 ἀπόπτωσιν.
2690 920 2803 975 Καὶ
2852 915 2983 991 γοῦν
3037 914 3146 991 ’ἔφη
3200 918 3365 983 Θεόςο
3418 937 3439 970 ι
3502 919 3591 983 Ὠς
3642 918 3876 989 αἰσχύνη

2292 1014 2531 1068 κλέπτου
2575 1014 2705 1067 ὅταν
2754 1012 2889 1083 ἁλῷ,
2946 1010 3119 1075 οὕτως
3161 1007 3613 1080 αἷσχυνθήσονται
3660 1008 3711 1062 οἱ
3767 1007 3878 1060 υἱοὶ

2306 1106 2521 1178 Ἰσραὴλ
2549 1105 2724 1170 αὐτοὶ,
2749 1105 2844 1159 καὶ
2863 1105 2912 1158 οἱ
2943 1101 3179 1174 βασιλεῖς
3205 1101 3407 1167 αὐτῶν,
3425 1101 3516 1154 καὶ
3535 1100 3585 1154 oi
3613 1100 3878 1171 ἄρχοντες

2293 1197 2493 1261 αὐτῶν,
2519 1197 2615 1251 καὶ
2641 1197 2692 1249 οἱ
2722 1197 2885 1267 ἱερεῖς
2914 1193 3114 1259 αὐτῶν,
3144 1193 3238 1247 καὶ
3265 1194 3314 1245 οἱ
3350 1192 3630 1262 προφῆται
3655 1189 3838 1243 αὐτῶν
3855 1204 3875 1221 °

2290 1287 2368 1358 τῷ
2399 1286 2539 1356 ξύλῳ
2572 1280 2750 1351 εἶπαν,
2784 1285 2867 1337 ὅτι
2901 1283 3091 1354 Πατήρ
3125 1299 3229 1353 μου
3277 1273 3328 1335 εἴ
3353 1281 3442 1346 σὺ,
3476 1281 3568 1334 καὶ
3596 1278 3674 1349 τῷ
3708 1278 3874 1349 λίθῳ·

2294 1380 2367 1432 Σὺ
2416 1376 2713 1449 ἑγέννησάς
2743 1393 2831 1447 με.
2862 1375 2973 1429 Καὶ
3019 1372 3289 1445 ἔστρεψαν
3326 1372 3416 1425 ἐπ’
3444 1371 3545 1442 ἐμὲ
3582 1371 3750 1434 νῶτα,
3780 1371 3877 1424 καὶ⁵

607 1489 746 1543 quos
785 1474 964 1528 fecisti
1007 1473 1109 1525 tibi
1151 1472 1292 1542 ipsi?
1318 1471 1373 1526 Si
1402 1479 1626 1541 surgent
1650 1478 1707 1524 et
1746 1470 2033 1525 salvabunt
2058 1478 2109 1524 te
2136 1470 2193 1524 in

2296 1468 2354 1525 οὐ
2396 1470 2662 1542 πρόσωπα
2709 1467 2928 1522 αὑτῶνδ
2973 1467 3065 1523 καὶ
3111 1468 3169 1520 ὲν
3204 1464 3280 1535 τῷ
3326 1464 3503 1535 καιρῷ
3540 1463 3650 1516 τῶν
3689 1463 3877 1516 κακῶν

606 1574 852 1637 tempore
891 1564 1203 1619 amictionis
1231 1563 1375 1617 tuae?
1408 1565 1537 1632 quia
1571 1562 1725 1633 juxta
1762 1575 2055 1615 numerum
2097 1577 2193 1614 ur-

2296 1558 2471 1615 αύτῶν
2513 1558 2758 1635 ἐροῦσιν·
2816 1557 3049 1612 Ἀνάστα
3076 1557 3172 1610 καὶ
3211 1555 3385 1609 σῶσον
3433 1554 3600 1626 ἡμᾶς.
3632 1555 3743 1607 Και
3768 1552 3873 1606 ποῦ

606 1656 759 1710 bium
789 1663 1007 1709 tuarum
1040 1659 1199 1706 erant
1224 1651 1300 1705 dii
1329 1652 1429 1716 tui,
1454 1648 1619 1716 Juda;
1646 1659 1702 1705 et
1717 1651 1874 1722 juxta
1897 1665 2190 1705 numerum

2296 1653 2430 1706 είσὶν
2461 1653 2511 1705 ot
2551 1651 2661 1705 Θεοί
2694 1668 2809 1716 σου,
2848 1648 2941 1714 οὓς
2978 1647 3243 1718 ἐποίησας
3289 1645 3505 1717 σαυτῷς
3540 1646 3604 1698 El
3638 1644 3877 1714 ἀναστή-

605 1749 819 1803 viarum
843 1746 1166 1809 Jerusalem,
1196 1743 1579 1800 sacriﬁcabant
1601 1743 1748 1798 Baal.
1769 1740 1881 1798 Cur
1899 1742 2188 1812 loquimini

2296 1763 2476 1799 σονται
2516 1744 2610 1798 καὶ
2656 1739 2890 1797 σώσουσί
2941 1758 3001 1795 σε
3031 1742 3089 1795 ὲν
3129 1739 3205 1811 τῷ
3235 1737 3412 1811 καιρῷ
3442 1734 3541 1810 τῆς
3566 1737 3870 1800 κακώσεως

606 1842 674 1897 ad
697 1840 816 1894 me?
838 1838 1038 1894 Omnes
1055 1852 1154 1892 vos
1176 1835 1342 1906 impie
1362 1835 1571 1906 egistis,
1593 1842 1649 1890 et
1669 1849 1860 1889 omnes
1881 1849 1979 1889 vos
2001 1833 2188 1904 inique

2298 1854 2430 1904 σου;
2479 1834 2561 1891 ὅτι
2592 1835 2736 1891 κατὰ
2773 1834 3005 1907 ἀριθμὸν
3035 1835 3145 1889 τῶν
3186 1832 3393 1887 πόλεών
3446 1849 3539 1886 σου
3579 1827 3717 1903 ἦσαν
3763 1830 3875 1883 θεοί

606 1932 816 1988 fecistis
852 1931 907 1984 in
930 1946 1039 1995 me,
1065 1928 1206 1983 dicit
1226 1927 1495 2014 Dominus
1518 1927 1581 1980 ⁷⁸.
1614 1945 1633 1977 ι

677 2116 874 2171 PALL.
899 2115 1073 2169 Grave
1099 2128 1290 2169 revera
1318 2113 1551 2179 crimen,
1577 2109 1798 2184 Cyrille.

644 2246 647 2249 -
676 2207 832 2261 CYR.
872 2206 978 2261 Sed
1017 2214 1102 2260 est
1141 2205 1360 2275 aliquis,
1389 2211 1451 2258 ut
1491 2205 1710 2275 opinor,
1736 2219 2129 2275 nonnunquam
2156 2220 2189 2259 e

607 2305 800 2353 nostro
822 2312 1041 2378 quoque
1066 2312 1301 2352 numero
1324 2295 1505 2351 adhuc
1532 2312 1641 2350 non
1666 2294 1961 2351 admodum
1985 2294 2190 2350 contir-

608 2399 816 2453 matus,
860 2390 954 2459 qui
1000 2389 1240 2443 fucatam
1284 2403 1349 2443 ac
1389 2388 1698 2443 simulatam
1742 2403 1871 2459 erga
1907 2386 2189 2443 Christum

607 2476 928 2530 cbaritatem
976 2482 1237 2541 sectetur,
1285 2484 1342 2530 et
1382 2476 1502 2530 ovis
1541 2476 1945 2546 quodammodo
1990 2477 2190 2546 pellem

607 2569 714 2623 sibi
738 2568 1223 2637 circumposuerit,
1250 2582 1449 2637 nempe
1490 2575 1551 2620 ut
1584 2566 1651 2621 ad
1687 2568 1923 2636 speciem
1948 2583 2068 2623 esse
2093 2569 2190 2623 Dei

607 2667 821 2713 amator
844 2659 1120 2722 videatur,
1150 2674 1275 2712 cum
1315 2665 1461 2711 terra
1504 2658 1597 2721 sit,
1625 2665 1680 2711 et
1706 2657 1962 2712 immanis
1986 2658 2188 2723 bellua,

608 2751 880 2818 malignus
920 2750 1050 2803 item
1092 2763 1157 2802 ac
1180 2748 1400 2813 varius;
1428 2750 1564 2803 adeo
1608 2757 1666 2801 ut
1703 2748 1849 2802 domi
1879 2748 2100 2817 quidem
2128 2766 2193 2806 ac

607 2835 679 2893 de
717 2824 898 2901 nocte,
943 2838 1197 2901 latenter,
1243 2836 1489 2906 inquam,
1527 2836 1922 2892 daemoniorum
1963 2840 2193 2894 cultura:

2296 1944 2416 1992 σου,
2466 1925 2657 1991 Ἰούδα,
2697 1926 2790 1980 καὶ
2834 1924 2977 1980 κατά
3021 1923 3253 1996 ἀριθμὸν
3295 1923 3484 1977 διόδων
3533 1924 3632 1993 τῆς
3676 1921 3875 1991 Ἰερου-

508 2022 511 2029 λ
608 2027 821 2097 σαλὴμ,
878 2026 1033 2078 ἔθυον
1086 2023 1164 2094 τῷ
1210 2022 1381 2075 Βαάλ.
1432 2020 1594 2074 Ἱνατί
1652 2019 1873 2074 λαλεῖτε
1920 2022 2056 2093 πρός
2103 2038 2202 2090 με;
2232 2019 2439 2086 Πάντες
2463 2022 2622 2093 ὑμεῖς
2649 2022 2961 2093 ¹ί-,νομήσατε
2989 2021 3068 2084 είς
3086 2016 3381 2090 ὲμὲ,λέγει
3410 2016 3633 2088 Κύριος.
3669 2034 3687 2066 ι

2367 2116 2579 2171 ΠΛΛΛ.
2622 2114 2800 2168 Δεινύν
2831 2130 2893 2183 γε
2912 2113 2988 2177 ὡς
3017 2102 3232 2183 ἀληθῶς
3256 2108 3315 2164 τὸ
3337 2111 3547 2181 χρῆμα,
3574 2100 3619 2162 ὦ
3643 2108 3764 2162 τᾶν.

2363 2204 2529 2259 ΚΥΡ.
2580 2203 2718 2256 Ἀλλ’
2765 2204 2794 2256 ὁ
2829 2202 2928 2273 μέν
2958 2219 3038 2265 τις
3077 2200 3187 2254 ἔσθ’
3226 2201 3313 2253 ὅτε
3344 2198 3453 2252 τῶν
3479 2196 3778 2251 τελούντων
3815 2198 3874 2249 ὲν

2292 2295 2445 2365 ἡμῖν,
2482 2292 2871 2364 ἐρηρεισμένος
2912 2291 2969 2345 δὲ
3012 2289 3166 2344 οὔπω
3202 2289 3345 2353 λίαν,
3401 2286 3785 2342 κατάπλαστον
3815 2286 3874 2339 δὲ

2293 2388 2388 2442 καὶ
2440 2380 2602 2458 νόθην
2638 2386 2737 2455 τὴν
2774 2387 2854 2449 είς
2891 2383 3127 2456 Χριστὸν
3171 2380 3529 2452 ἐπιτηδεύσας
3570 2380 3872 2449 ἀγάπησιν,

2294 2480 2390 2533 καὶ
2416 2473 2529 2542 οἶος
2570 2477 2758 2548 ὥσπερ
2805 2475 2999 2530 κώδιον
3043 2474 3223 2546 ἑαυτῷ
3262 2471 3559 2545 περιτιθεὶς
3602 2471 3665 2525 τὸ
3697 2470 3873 2523 δοκεῖν

2293 2567 2432 2639 εἶναι
2479 2568 2751 2641 θεοφιλὴς,
2794 2566 2988 2639 πικρὸν
3036 2566 3132 2620 καὶ
3186 2567 3398 2619 ἀνόσιον
3450 2562 3605 2617 ἔσται
3658 2561 3870 2633 θηρίον,

2294 2660 2519 2732 κέρκωψ
2563 2678 2624 2713 τε
2653 2662 2748 2714 καὶ
2784 2658 3234 2730 ἀλλοπρόσαλλος,
3272 2657 3349 2720 ὡς
3372 2658 3511 2710 οῖκοι
3551 2654 3648 2709 κα)⁸
3694 2654 3872 2717 νυκτὶ,

2294 2754 2437 2825 φημὶ
2465 2753 2529 2823 δὴ
2552 2753 2613 2807 τὸ
2640 2752 2958 2823 λεληθότως,
2987 2753 3107 2814 ταῖς
3141 2751 3250 2803 τῶν
3285 2748 3576 2819 δαιμονίων
3615 2748 3876 2816 προσκεῖ-

2295 2847 2418 2900 σθαι
2454 2845 2750 2917 λατρείαις,
2798 2842 3006 2897 οἴεσθαι
3049 2842 3107 2895 δέ
3149 2859 3251 2896 που
3297 2840 3440 2895 κατὰ
3485 2839 3546 2893 τὸ
3575 2839 3742 2902 εἰκὸς,
3779 2837 3876 2889 καὶ

609 2927 682 2982 sit
705 2925 958 2991 deditus;
987 2926 1134 2980 idem
1161 2933 1366 2991 tamen,
1394 2935 1455 2981 ut
1479 2926 1776 3014 verisimile
1809 2935 1927 2994 est,
1955 2938 2111 2999 putet
2132 2946 2191 2985 se

2297 2937 2458 2990 αὑτὸν
2478 2934 2736 2989 δύνασθαι
2765 2932 3048 3004 διαδράναι
3075 2931 3231 2994 Θεὸν,
3261 2930 3358 2984 καὶ
3386 2928 3477 2983 τὸν
3509 2930 3607 2999 τῆς
3632 2924 3875 2999 ἀρρήτου

610 3034 771 3090 posse
795 3020 965 3074 Deum
993 3033 1213 3088 quoque
1238 3017 1419 3089 ipsum
1455 3002 1719 3090 effugere,
1747 3028 1804 3074 et
1826 3020 1974 3074 illam
2000 3022 2194 3095 inellaj

612 3110 738 3165 bilis
775 3111 924 3166 illius
963 3117 1173 3165 natura:
1214 3110 1631 3181 intelligentiam
1658 3111 1867 3168 fallere.
1891 3113 2073 3169 Facile
2094 3131 2194 3169 au-

611 3210 720 3256 tem
760 3201 976 3257 ostendi
1012 3208 1215 3272 potest,
1242 3199 1337 3271 qui
1378 3201 1453 3256 ita
1496 3202 1717 3268 sentiat,
1742 3218 1868 3257 eum
1909 3204 2195 3275 gentilium

611 3310 830 3364 quoque
868 3293 1100 3349 stultitia
1134 3292 1379 3362 turpiora
1420 3293 1679 3363 cogitare.
1706 3293 1841 3348 Nam
1881 3293 2196 3350 Graecorum
2226 3360 2233 3377 ,

610 3385 958 3455 sapientibus
981 3384 1084 3447 sol,
1111 3384 1205 3454 qui
1232 3384 1489 3438 conditus
1506 3399 1570 3438 ac
1591 3384 1768 3440 factus
1780 3394 1884 3450 est,
1900 3386 2193 3451 luminare,

612 3475 857 3545 inquam,
883 3474 1019 3528 illud
1057 3490 1336 3545 maguum,
1362 3484 1419 3529 et
1441 3474 1510 3529 ad
1536 3475 1641 3529 hoc
1666 3476 1844 3546 ipsum
1873 3492 1903 3531 a
1925 3477 2039 3533 Deo
2060 3494 2195 3534 con-

612 3566 812 3631 ditum,
834 3567 961 3637 jure
1001 3564 1211 3636 optimo
1245 3566 1432 3621 omnia
1458 3567 1709 3638 aspicere
1738 3575 1794 3623 et
1818 3569 2001 3624 omnia
2026 3585 2193 3625 exau-

610 3656 735 3713 dire
759 3657 1090 3713 videbatur.:
1117 3657 1383 3728 putabant
1403 3658 1573 3725 enim,
1599 3658 1745 3729 quod
1770 3674 1871 3729 pro
1892 3659 2004 3714 Deo
2026 3659 2198 3715 susci-

612 3757 859 3817 peretur,
886 3747 941 3803 id
972 3748 1175 3804 divinat
1207 3756 1417 3806 natura:
1451 3750 1883 3821 preprietatibus
1903 3751 2196 3821 przeditum

611 3854 733 3894 esse
755 3848 1013 3910 oportere
1041 3858 1055 3893 :
1077 3847 1162 3896 est
1181 3849 1365 3896 autem
1385 3856 1614 3896 summa:
1635 3850 1843 3897 natura;
1864 3843 2193 3913 proprietas,

613 3929 798 3983 omnia
841 3930 983 3984 scire
1020 3937 1186 4000 atque
1226 3931 1558 4001 perspicere.
1600 3930 1707 3988 Sed
1745 3932 1823 3986 illi
1858 3932 2080 4002 quidem
2122 3934 2198 3990 ita

614 4014 930 4069 sentiebant
951 4032 965 4068 :
990 4015 1060 4070 ad
1082 4030 1186 4071 nos
1204 4032 1336 4072 vero
1359 4017 1504 4072 Deus
1523 4017 1654 4071 olim
1677 4018 1975 4073 clamabat:
2006 4037 2024 4070 ι
2054 4021 2198 4075 Deus

614 4105 994 4175 pr0pinquans
1032 4120 1134 4177 ego
1175 4121 1319 4172 sum,
1346 4106 1786 4173 dicitDominus,
1814 4116 1871 4163 et
1908 4124 2018 4163 non
2053 4110 2198 4166 Deus

612 4198 682 4253 de
714 4199 925 4269 longe:
962 4207 1019 4253 et
1058 4214 1091 4254 a
1128 4213 1219 4254 me
1241 4198 1611 4255 abscondetur
1650 4199 1859 4270 aliquid
1884 4200 1969 4254 7’?
1997 4220 2015 4252 ι
2047 4201 2196 4257 Nihil

2298 3025 2513 3096 φύσεως
2539 3021 3009 3095 παραλογίσασθαι
3033 3020 3178 3076 νοῦν.
3217 3018 3464 3090 Ἐκδείξῃ
3490 3017 3535 3071 δ’
3568 3016 3634 3070 ἄν
3664 3033 3750 3078 τις
3780 3016 3877 3068 xa‘t

2295 3112 2415 3166 λίαν
2432 3112 2713 3183 ,ἀμογητὶη
2744 3110 2837 3164 τὸν
2883 3104 2995 3180 ᾧγε
3023 3108 3183 3163 ταυτὶ
3226 3107 3460 3178 πάρεστι
3505 3106 3743 3177 φρονεῖν,
3776 3101 3876 3174 τῆς

2308 3204 2574 3275 Ἑλλήνων
2610 3201 2935 3273 ἀδελτηρίας
2967 3200 3036 3254 τὰ
3077 3199 3275 3270 αἰσχίω
3304 3195 3722 3269 βεϐουλημένον.
3750 3196 3877 3260 τοῖς

2299 3296 2399 3366 μὲν
2436 3294 2544 3365 γάρ
2576 3295 2704 3365 παρ’
2753 3293 2980 3364 Ἕλλησι
3024 3295 3207 3362 σοφοῖς
3240 3291 3456 3346 κτιστὸν
3490 3291 3585 3345 καὶ
3617 3290 3880 3361 γεννητὸν

2295 3387 2444 3452 ὄντα,
2475 3386 2631 3439 πάντ’
2665 3386 2866 3456 ὲφορᾷν
2891 3385 2984 3438 καὶ
3014 3384 3171 3438 πάντ’
3194 3382 3508 3447 ἐπακούειν,
3532 3381 3709 3454 ὀρθῶς
3734 3382 3876 3452 ἔχειν

2296 3478 2472 3533 ἐδόκει
2511 3478 2603 3532 τὸν
2649 3477 2802 3548 ἥλιον
2837 3477 2935 3548 (5),
2973 3476 3067 3531 τὸν
3107 3475 3371 3548 φωστῆρα
3414 3474 3505 3530 τὸν
3551 3474 3743 3546 μέγαν,
3781 3473 3878 3528 καὶ

2296 3571 2383 3623 ἐπ’
2424 3570 2573 3641 αὐτῷ
2609 3570 2674 3642 δὴ
2708 3569 2884 3641 τούτῳ
2927 3569 3297 3642 πεποιημένον
3327 3567 3480 3641 παρὰ
3503 3567 3671 3621 Θεοῦ·
3706 3566 3877 3638 ᾤοντο

2295 3660 2405 3733 γάρ
2445 3660 2554 3715 δεῖν
2595 3661 2656 3715 τὸ
2684 3664 2740 3715 ὲν
2772 3660 2906 3716 Θεοῦ
2940 3662 3092 3729 τάξει
3138 3660 3607 3734 παρειλημμένον,
3641 3662 3755 3725 τοῖς
3774 3659 3877 3730 τῆς

2298 3751 2449 3816 θείας
2487 3752 2702 3822 φύσεως
2734 3753 3130 3808 καταπλουτεῖν
3173 3751 3496 3824 ἀξιώμασιν.
3542 3751 3786 3823 ’Δξίωμα
3815 3751 3876 3805 δὲ

2298 3844 2395 3915 τῆς
2420 3845 2679 3899 ἀνωτάτω
2704 3845 2938 3914 φύσεως,
2968 3844 3038 3898 τὰ
3060 3845 3239 3899 πάντα
3267 3843 3463 3897 εἰδέναι
3491 3845 3585 3898 xui.
3609 3843 3875 3917 καθορᾷν.

2310 3933 2449 3988 Ἀλλ’
2479 3936 2675 3989 ἐκεῖνοι
2703 3935 2802 4006 μὲν
2841 3936 2899 3989 ὲν
2926 3934 3167 3999 τούτοις·
3198 3936 3331 4006 ⁴ἡμῖν
3360 3934 3418 3989 δὲ
3449 3933 3581 3999 Θεὸς
3605 3934 3878 4005 ἐπεφώνει

2298 4026 2492 4081 πάλαι⁶
2529 4045 2546 4079 ι
2582 4026 2713 4090 Θεὸς
2751 4026 2983 4096 ὲγγίζων
3020 4026 3129 4096 ἐγώ
3166 4028 3306 4099 εἰμι,
3343 4026 3490 4096 λέγει
3523 4025 3750 4098 Κύριος,
3782 4027 3877 4081 καὶ

2297 4118 2418 4188 ούχὶ
2445 4116 2577 4182 Θεὸς
2608 4117 2920 4190 πόρρωθεν·
2959 4118 3032 4190 μὴ
3063 4119 3158 4172 ἀπ’
3192 4118 3326 4190 ἐμοῦ
3359 4118 3698 4191 κρυϐήσεταί
3720 4136 3807 4186 τις
3848 4136 3869 4170 ι

2300 4206 2466 4263 Δάθοι
2502 4208 2611 4280 γάρ
2653 4208 2805 4263 οὐδὲν
2848 4207 2940 4261 τόν
2987 4224 3052 4277 γε
3086 4208 3301 4279 ἀληθῶς
3344 4207 3505 4278 φύσει
3551 4207 3705 4262 Θεόν.
3764 4207 3876 4261 Καὶ

611 4290 762 4343 enim
799 4289 971 4344 latere
997 4298 1181 4360 potest
1218 4296 1346 4345 eum
1409 4290 1504 4361 qui
1544 4297 1741 4346 natura
1780 4306 2016 4362 vereque
2052 4293 2194 4349 Deus

2305 4298 2732 4370 μυσταγωγείτω
2753 4301 2781 4353 ὁ
2807 4298 3076 4371 μακάριος
3098 4298 3264 4353 Δασὶδ
3285 4299 3459 4370 λέγων
3477 4315 3491 4331 ·
3516 4318 3536 4353 ι
3569 4298 3764 4353 Σύνετε
3781 4293 3873 4366 δὴ.

610 4389 717 4435 est.
756 4380 927 4450 quue
967 4382 1189 4438 divinus
1212 4380 1383 4437 David
1411 4396 1513 4438 nos
1534 4381 1756 4437 docebit
1789 4382 2019 4439 dicens:
2053 4403 2071 4436 ι
2103 4385 2194 4440 Ιη-

615 4471 866 4542 telligite,
894 4472 1221 4543 insipientes
1248 4472 1305 4527 in
1344 4472 1569 4543 populo,
1594 4481 1652 4527 et
1693 4473 1867 4539 stulti,
1900 4474 2195 4544 aliquando

614 4565 789 4633 sapite
807 4582 820 4618 :
839 4564 933 4635 qui
950 4565 1217 4636 plantavit
1240 4580 1453 4631 aurem,
1476 4580 1588 4620 non
1601 4564 1823 4620 audiet?
1843 4574 1898 4620 et
1920 4565 2015 4636 qui
2038 4566 2198 4622 ﬁnxit

614 4656 859 4721 oculum,
888 4672 998 4711 non
1022 4657 1333 4713 considerat
1352 4655 1433 4711 "2
1465 4675 1484 4708 ι
1510 4656 1777 4712 Dicebant
1803 4657 1951 4712 enim
1983 4658 2196 4714 scilicet

616 4747 869 4801 nonnulli
896 4762 1007 4817 prae
1038 4747 1271 4803 stultitia
1298 4764 1312 4801 :
1345 4765 1364 4799 ι
1392 4746 1515 4801 Non
1549 4746 1758 4801 videbit
1782 4747 2065 4812 Dominus,
2091 4762 2195 4802 ne—

617 4852 727 4906 que
770 4838 1043 4908 intelliget
1081 4839 1229 4895 Deus
1266 4839 1436 4895 Jacob
1462 4838 1528 4894 ⁶¹.
1562 4857 1582 4891 ι
1631 4839 1829 4894 Annon
1854 4839 2199 4911 desipientia;

617 4943 847 4983 summae
872 4936 959 4984 est
978 4929 1184 4995 dicere,
1209 4931 1436 4986 minime
1461 4946 1589 4986 eum
1612 4931 1774 4995 scire,
1800 4930 1893 5001 qui
1927 4931 2197 5002 cognitio-

617 5019 707 5074 nis
750 5020 989 5075 tributor
1010 5020 1110 5086 sit;
1139 5037 1204 5076 ac
1242 5029 1438 5092 putare
1476 5038 1603 5078 eum
1627 5039 1737 5079 non
1778 5023 2059 5090 exaudire,
2101 5024 2197 5093 qui

616 5109 767 5166 hunc
790 5127 1011 5168 sensum
1036 5112 1202 5168 rebus
1227 5128 1259 5167 a
1282 5126 1341 5168 se
1372 5113 1609 5168 conditis
1636 5114 1882 5170 dederit?

2300 4390 2531 4462 ἄφρονες
2567 4391 2626 4444 ἑν
2659 4389 2737 4462 τῷ
2758 4388 2891 4463 λαῷ,
2936 4391 3031 4445 καὶ
3063 4390 3256 4463 μωροί,
3293 4390 3426 4445 ποτὲ
3460 4391 3806 4462 φρονήσατι·
3845 4388 3875 4441 6

2301 4481 2573 4552 φυτεύσας
2595 4482 2655 4536 τὸ
2681 4480 2794 4549 οὖς,
2831 4482 2931 4537 οὐκ
2957 4481 3209 4550 άκούσεις
3250 4482 3343 4536 καὶ
3366 4481 3397 4533 ὁ
3436 4482 3647 4546 πλάσας
3674 4481 3876 4551 ὀφθαλ-

2303 4573 2457 4643 μοὺς,
2475 4572 2594 4643 οὐχὶ
2615 4574 2895 4638 κατανοεῖς
2922 4590 2941 4624 ι
2961 4572 3258 4642 Ἔφασκον,
3275 4567 3449 4644 οἶμαι,
3466 4572 3609 4636 τινες
3631 4571 3694 4637 ιε
3712 4574 3878 4627 ἀσυν-

2300 4664 2484 4729 εσίας·
2521 4683 2541 4716 ‹
2582 4663 2696 4718 Οὐκ
2727 4663 2915 4734 ὕψεται
2942 4662 3148 4735 Κύριος
3168 4705 3183 4730 ,
3216 4663 3323 4716 οὐδ’
3348 4664 3410 4717 οὐ
3433 4662 3655 4734 συνήσει
3679 4665 3708 4717 ό
3742 4662 3877 4725 Θεὸς

2310 4756 2523 4812 Ἰακώϐ.
2567 4776 2587 4810 ι
2627 4757 2699 4811 Ἦ
2744 4756 2846 4811 οὐκ
2890 4755 3097 4827 ἠλίθιον
3134 4753 3351 4829 κομιδῇ,
3390 4756 3454 4810 τὸ
3493 4756 3631 4828 μήτε
3676 4754 3878 4809 ειδέναι

2295 4849 2476 4920 λέγειν
2501 4850 2593 4905 τὸν
2620 4850 2721 4920 τῆς
2757 4848 3010 4918 γνώσεως
3048 4849 3304 4920 χορηγὸν,
3355 4849 3493 4921 μήτε
3521 4848 3629 4920 μὴν
3657 4847 3880 4903 δπαίειν

2296 4938 2533 5003 οἴεσθαι,
2571 4938 2664 4993 τὸν
2694 4941 2807 5003 τοῖς
2850 4936 2980 5010 παρ’
3015 4937 3181 4993 αὑτοῦ
3206 4938 3457 5026 γεχονύσι
3483 4936 3547 4993 τὸ
3576 4935 3773 5011 χρῆμα
3800 4938 3884 4992 δι-

2294 5031 2455 5087 δόντα
2476 5049 2492 5100 ;

685 5291 733 5323 "
751 5290 866 5347 Jer.
897 5307 957 5357 ιι,
986 5290 1176 5346 26-89.
1238 5291 1284 5323 "
1313 5289 1427 5346 Jer.
1463 5304 1617 5354 mu,
1642 5290 1732 5344 25.
1806 5292 1853 5325 ⁸ο
1884 5294 2026 5349 Psal.
2051 5310 2199 5360 xcm,
2224 5294 2278 5361 8,
2318 5296 2371 5353 9.
2448 5296 2492 5331 ⁸¹
2529 5296 2694 5365 lbid.,
2725 5295 2778 5354 7.

687 5430 762 5499 (Ι)
793 5432 1060 5487 llomerus
1089 5432 1248 5488 Iliad.
1276 5433 1330 5499 ς’
1365 5450 1378 5486 :

691 5502 928 5563 Χρύσεα
954 5504 1271 5571 χαλκείων,
1301 5502 1637 5573 ἑκατόμϐοι’
1662 5504 2039 5561 ἐννεαϐοίων.

705 5588 760 5659 2)
781 5588 915 5644 Cod.
941 5592 1085 5657 ναι,
1109 5593 1569 5667 είδωλολατρείαν.
1588 5594 1854 5666 Superius
1874 5594 2017 5650 idem
2037 5597 2183 5666 cod.,

705 5660 783 5711 inv
808 5659 1083 5731 λατρείαν.

2292 5526 2637 5567 memnonem
2666 5512 2721 5566 in
2750 5511 2956 5569 foedere

2363 5438 2437 5511 (ὅ)
2477 5440 2774 5515 Homerum
2825 5442 3098 5515 intelligit,
3122 5444 3213 5515 qui
3267 5441 3468 5500 Iliados
3511 5444 3680 5500 tertio
3727 5443 3875 5514 Aga-

3056 5516 3160 5571 lem
3189 5516 3529 5571 invocantem
3549 5517 3681 5571 fecit
3712 5533 3726 5569 :

2306 5601 2535 5669 Ἠέλιός
2558 5602 2701 5672 θ’ὂς
2732 5605 2905 5661 πάντ’
2931 5608 3151 5678 ἐφορᾷς
3184 5609 3280 5665 καί
3324 5609 3495 5665 πάντ’
3525 5611 3872 5679 ἐπακούεις.
