4138 6300
362 293 478 354 ινδ

441 410 654 466 ΠΔΛΛ.
708 406 992 463 Ἀπίθανον
1024 405 1322 470 παντελῶς.

440 503 607 558 ΚΥΡ.
651 499 1062 573 Προσκυνητέον
1091 493 1184 552 οὖν
1213 498 1323 569 ἄρα
1359 497 1506 569 μόνῳ
1538 511 1597 549 τε
1624 496 1718 550 καὶ
1740 496 1954 568 ὀλοτρόο

367 609 488 657 πως
532 589 725 662 Κυρίῳ
768 587 847 659 τῷ
906 587 1046 659 Θεῷ,
1099 588 1241 641 κατὰ
1270 587 1369 651 τὰς
1398 586 1649 660 Γραφὰς,
1690 586 1860 657 ἑτέρῳ
1897 585 1953 638 δὲ

365 685 502 756 παρ’
534 682 700 738 αὐτὸν
720 680 916 735 οὐδενί.
952 679 1267 751 Γέγραπται
1295 678 1424 753 γὰρ,
1451 679 1532 733 ὅτι
1570 698 1588 731 ι
1614 678 1828 741 Τέλειος
1854 676 1952 748 ἔσῃ

365 776 612 832 ἐναντίον
640 773 849 847 Κυρίου
877 772 974 827 τοῦ
1000 772 1137 827 Θεοῦ
1173 790 1290 827 σου.
1336 792 1354 823 ι
1389 771 1676 841 Τελειότης
1707 770 1766 824 δὲ
1794 787 1954 823 πνευ-

371 868 598 942 ματική,
640 868 703 922 τὺ
742 866 1024 938 ἱδρυμένον
1065 867 1124 919 ὲν
1160 865 1372 931 πίστει,
1409 866 1501 919 καὶ
1527 863 1830 936 ἀμώμητον
1873 866 1952 929 εἰς

365 960 649 1033 λατρείαν,
683 958 780 1012 καὶ
824 956 927 1028 τῆς
974 956 1054 1021 εἰς
1092 956 1227 1011 Θεὸν
1271 957 1491 1028 ἀγάπης
1537 954 1599 1009 τὸ
1631 954 1954 1028 ἀδιάϐλητον

370 1051 589 1115 κάλλος.

446 1144 655 1201 ΠΔΛΛ.
690 1140 848 1195 Οὕτω
882 1158 956 1212 φη
966 1140 1046 1212 μί.

445 1237 606 1291 ΚΥΡ.
651 1231 779 1307 τΑρ¹
828 1231 956 1301 οὖν,
992 1229 1038 1289 ὧ
1081 1233 1386 1301 Παλλάδιε,
1433 1235 1562 1299 τοὺς
1609 1235 1812 1306 ἥκιστα
1853 1233 1952 1304 μὲν

375 1328 516 1393 θεοῖς
544 1327 784 1400 ἑτέροις,
831 1328 999 1399 ήγουν
1040 1329 1106 1398 τῇ
1159 1327 1333 1382 κτίσει
1372 1327 1525 1399 παρὰ
1556 1327 1646 1381 τὸν
1674 1327 1954 1381 Κτίσαντα

370 1421 700 1491 προσκυνεῖν
734 1418 1046 1490 ἑλομένους*
1089 1417 1451 1490 πειθομένους
1497 1417 1575 1490 (1)
1621 1419 1679 1473 δὲ
1721 1419 1822 1472 οὐκ
1854 1413 1952 1472 οἷδ’

369 1512 522 1576 ὅπως
566 1514 685 1575 ταῖς
731 1510 840 1564 τῶν
888 1509 1420 1581 εἰδωλολατρούντων
1468 1508 1949 1579 ψευδομαντείαις,

373 1601 570 1673 μώμου
598 1602 691 1656 καὶ
729 1601 906 1665 αἰτίας
934 1601 1354 1672 ἀπαλλάξομεν;
1395 1600 1429 1671 ἢ
1458 1598 1568 1653 τῶν
1603 1600 1684 1662 εἰς
1715 1600 1955 1653 ἀπόστα-

372 1710 459 1747 σιν
497 1694 860 1766 ἐγκλημάτων
907 1694 1223 1765 ἐλευθέρους
1268 1692 1587 1762 ἀποφαίνειν
1619 1693 1733 1755 τοῖς
1776 1708 1838 1759 γε
1877 1692 1952 1755 ὼς

370 1787 587 1860 ἀληθῶς
613 1788 858 1859 γνησίοις
884 1788 1156 1859 ἀσφαλές;

444 1968 656 2022 man.
685 1967 975 2039 οὐδαμῶς.

445 2058 608 2113 ΚΥΡ.
678 2059 1120 2129 Ἀστρογοητεῖαι
1173 2058 1232 2111 δὲ
1297 2058 1391 2112 καὶ
1450 2056 1800 2129 κληδονισμοί
1860 2054 1955 2109 καὶ

367 2149 827 2220 ψευδομανπῖαι,
858 2151 952 2204 καὶ
992 2148 1368 2220 δαιμονιώδεις
1406 2147 1767 2219 φενακισμοὶ,
1815 2145 1954 2218 πρά-

369 2259 530 2296 ποιεν
554 2241 641 2308 ἂν,
672 2237 824 2312 οἶμαί
854 2258 980 2307 που,
1017 2242 1200 2313 μόνοις
1215 2258 1274 2295 τε
1301 2241 1395 2295 καὶ
1419 2241 1563 2312 τάχα
1576 2243 1688 2305 τοῖς
1711 2238 1957 2295 ὲκτοπὼ-

367 2350 511 2387 τατα
574 2331 1082 2404 προτεθυμημένοις
1138 2331 1237 2403 τὴν
1285 2330 1459 2386 ἀκλεᾶ
1524 2333 1621 2387 καὶ
1679 2332 1955 2405 ἐπάρατον

369 2425 815 2497 εἰδωλολατρεων
849 2424 1237 2490 εἰσοικίξεσθαι
1268 2424 1409 2479 κατὰ
1429 2424 1574 2482 νοῦν.

442 2517 654 2570 ΠΔΛΛ.
710 2515 919 2587 Ὀρθῶς
964 2514 1120 2588 ἔφης.
1186 2516 1427 2570 Ἐπείτοι
1479 2518 1576 2571 καὶ
1626 2518 1767 2583 θεῖος
1822 2522 1954 2593 ήμῖν

368 2610 663 2682 παρεγγυᾷ
708 2608 902 2678 λόγος,
956 2608 1055 2680 τὴν
1103 2606 1186 2673 είς
1233 2626 1298 2677 γε
1344 2607 1568 2673 τούτους
1618 2610 1956 2681 αἰσχρότητα

369 2700 889 2771 καταμυσάττεσθαι
935 2701 1066 2755 δεῖν.
1125 2700 1281 2774 Ἔχει
1324 2699 1380 2754 δὲ
1423 2700 1617 2767 οὕτως·
1674 2722 1693 2755 ι
1736 2702 1863 2757 Ἐὰν
1893 2703 1951 2757 δὲ

369 2796 621 2868 εἰσέλθῃς
648 2797 727 2860 είς
754 2794 854 2867 τὴν
888 2795 1022 2866 γῆν,
1059 2794 1127 2866 ῆν
1177 2793 1384 2865 Κύριος
1405 2795 1434 2847 ὁ
1465 2792 1599 2859 Θεός
1648 2812 1740 2847 σου
1769 2794 1953 2850 δίδωσί

372 2906 479 2953 σοι,
524 2890 585 2942 οὐ
636 2887 863 2961 μαθήσῃ
912 2889 1086 2940 ποιεῖν
1136 2888 1280 2941 κατὰ
1328 2886 1397 2941 τὰ
1445 2886 1790 2959 βδελύγματα
1812 2888 1954 2943 “τῶν

371 2980 543 3037 ἐθνῶν
559 2981 803 3035 ἐκείνωνσ
833 2980 933 3051 οὐχ
952 2979 1312 3051 εὑρεθήσεται
1343 2981 1401 3033 ἐν
1431 2980 1514 3033 σοὶ
1543 2979 1953 3052 περικαθαίρων

371 3074 464 3128 τὸν
504 3073 621 3127 υἱὸν
666 3071 834 3127 αὐτοῦ
883 3073 979 3126 καὶ
1023 3072 1121 3143 τὴν
1156 3071 1436 3145 θυγατέρα
1474 3066 1747 3127 αὐτοῦ’ὲν
1797 3073 1951 3142 πυρὶ,

374 3167 778 3238 μαντευόμενος
836 3141 1124 3237 μαντείαν,
1179 3168 1276 3220 καὶ
1322 3141 1806 3238 κληδονιζόμενος,
1857 3141 1953 3218 καί
1980 3141 2022 3198 C

368 3259 779 3330 οἰωνιζόμενος,
828 3259 1155 3331 φαρμακός,
1192 3258 1407 3330 ἐπᾴδων
1453 3257 1744 3329 ἐπαοιδήν,
1782 3258 1952 3327 ἐγγα-

372 3350 711 3423 στρίμυθος,
764 3350 861 3405 καὶ
902 3348 1341 3422 τερατοσκόπος,
1394 3349 1489 3402 καὶ
1557 3347 1782 3417 ἐρωτῶν
1827 3348 1955 3411 τοὺς

370 3444 621 3516 νεκρούς·
647 3443 762 3497 ἐστι
782 3442 908 3514 ιγὰρ
935 3441 1211 3512 βδέλυγμα
1238 3440 1431 3511 Κυρίῳ
1469 3439 1548 3511 τῷ
1574 3438 1696 3511 Θεῷ
1722 3457 1816 3505 σου
1846 3442 1953 3505 πᾶς

371 3538 546 3595 ποιῶν
584 3536 780 3592 ταῦτα.
825 3555 844 3588 ι
894 3535 1002 3588 Καὶ
1049 3534 1167 3606 μεθ’
1193 3535 1356 3607 ἕτερα
1386 3533 1550 3589 πάλιν
1595 3532 1746 3605 φησί·
1791 3552 1809 3585 ι
1849 3532 1953 3586 Τέο

372 3630 514 3693 λειος
536 3628 633 3700 ἔσῃ
656 3626 835 3681 ἔναντι
856 3627 1064 3698 Κυρίου
1088 3625 1181 3678 τοῦ
1203 3623 1338 3677 Θεοῦ
1368 3641 1484 3678 σου·
1509 3624 1579 3678 τὰ
1601 3624 1728 3696 ἔθνη
1756 3625 1950 3691 ταῦτα,

372 3721 465 3786 οὒς
490 3723 555 3775 σὺ
578 3719 1148 3792 κατακληρονομήσεις
1173 3716 1393 3781 αὐτοὺς,
1414 3711 1561 3769 οὗτοι
1581 3714 1954 3787 κληδονισμῶν

372 3815 468 3869 καὶ
492 3813 759 3884 μαντειῶν
775 3810 1117 3866 ἀκούσονταιο
1144 3808 1227 3862 σοὶ
1252 3808 1310 3861 δὲ
1328 3807 1428 3878 οὐχ
1453 3805 1625 3870 οὕτως
1641 3805 1809 3861 ἔδωκε
1843 3806 1955 3860 Κύ-

376 3924 491 3980 ριος
518 3907 547 3959 ὁ
584 3905 719 3969 Θεός
750 3922 864 3959 σου.
913 3904 1207 3974 Προφήτην
1240 3902 1306 3954 ὲκ
1339 3900 1448 3954 τῶν
1477 3896 1720 3969 ἀδελφῶν
1755 3915 1848 3952 σου
1879 3899 1955 3964 ὡς

373 4000 472 4071 ἐμὲ
500 3999 794 4069 ἀναστήσει
822 3995 1026 4066 Κύριος
1057 3997 1085 4050 ό
1119 3994 1252 4058 Θεός
1278 4009 1395 4046 σου·
1437 3991 1627 4066 [αὑτοῦ
1656 3991 1954 4046 ἀκούσεσθε

373 4091 513 4146 κατὰ
540 4087 719 4143 πάντα
740 4089 840 4141 ὅσα
865 4086 1050 4159 ᾐτήσω
1075 4086 1227 4158 παρὰ
1269 4085 1475 4157 Κυρίου
1524 4083 1619 4137 τοῦ
1666 4083 1802 4139 Θεοῦ
1834 4082 1951 4156 σου]

373 4184 431 4237 ἒν
467 4180 671 4253 Χωρήὸ
692 4182 757 4251 τῇ
781 4180 964 4251 ἡμέρᾳ
991 4179 1090 4249 τῆς
1124 4177 1439 4248 ἐκκλησίας.
1475 4195 1493 4229 ι

444 4275 611 4328 ΚΥΡ.
645 4268 811 4340 Εὖγε,
844 4266 891 4326 ὧ
922 4271 1163 4341 φιλότης.
1202 4268 1476 4340 Ἐψόμεθα
1512 4269 1623 4342 γὰρ
1653 4269 1774 4340 οὑχί
1794 4285 1955 4341 τερα-

376 4371 664 4433 τοσκόποις
697 4384 757 4420 τε
798 4367 893 4420 καὶ
932 4365 1360 4438 νεκρομάντεσιν
1380 4406 1394 4432 ,
1431 4363 1546 4418 ἀλλ’
1571 4363 1693 4417 οὐδὲ
1727 4364 1954 4433 πτήσεις

1096 293 1185 349 DE
1221 290 1669 349 ADORATIONE
1704 292 1770 347 IN
1807 291 2079 348 SPIRITU
2118 291 2206 346 ET
2246 266 2619 348 VERITATE.
2658 290 2786 344 LIB.
2827 289 2913 345 VI.

1977 411 2025 468 Α
2123 403 2320 461 PALL.
2356 403 2672 459 Absurdum
2698 405 2944 460 omnino.

3535 291 3637 347 426

2124 495 2282 551 CYR.
2326 494 2421 550 Ille
2461 495 2629 566 igitur
2657 494 2807 551 solus
2846 504 3011 564 atque
3056 491 3233 547 modis
3261 491 3519 547 omnibus
3554 502 3638 547 est

2053 585 2367 643 adorandus
2403 588 2669 667 Dominus
2709 588 2890 652 Deus,
2937 594 2999 641 ut
3039 585 3338 657 Scriptura:
3381 584 3636 652 tradunt;

2053 679 2196 735 alius
2217 695 2350 735 vero
2372 688 2572 750 praeter
2598 679 2776 750 ipsum
2799 679 3008 734 nullus.
3036 678 3315 749 Scriptum
3341 685 3427 733 est
3450 678 3598 732 enim
3623 694 3635 729 :

2062 789 2080 821 ι
2101 769 2384 826 Perfectus
2397 770 2510 825 eris
2527 778 2655 825 ante
2674 770 2964 825 Dominum
2978 770 3150 825 Deum
3170 778 3324 824 tuum
3341 770 3406 822 θ’.
3433 788 3451 820 ι
3481 767 3640 839 183

2055 862 2224 918 Porro
2258 861 2562 932 spiritualis
2585 861 2853 933 perfectio
2878 869 2964 917 est
2991 860 3221 915 ﬁrmitas
3246 858 3395 927 ﬁdei,
3422 869 3480 915 et
3501 860 3642 914 inte-

2052 968 2150 1024 ger
2173 952 2374 1019 cultus,
2401 959 2460 1008 et
2499 952 3007 1024 irreprehensibilis
3049 951 3107 1005 in
3142 951 3317 1006 Deum
3354 948 3642 1005 charitatis

2055 1045 2431 1116 pulchritudo.

2126 1136 2325 1192 PALL.
2360 1136 2452 1194 Sic
2478 1137 2677 1193 sentio.

2122 1229 2280 1285 CYR.
2305 1230 2448 1285 Num
2474 1229 2660 1300 igitur,
2685 1226 2914 1294 Palladi,
2939 1227 3035 1298 qui
3061 1225 3289 1282 minime
3313 1224 3391 1279 illi
3416 1222 3642 1294 quidem

2055 1320 2191 1377 deos
2219 1322 2426 1378 alienos
2449 1330 2547 1377 aut
2567 1330 2716 1377 certe
2740 1329 3050 1377 creaturam
3074 1319 3259 1389 potius
3284 1332 3447 1389 quam
3472 1316 3642 1371 Crea-

2057 1420 2233 1466 torem
2273 1411 2505 1468 adorare
2548 1412 2604 1467 in
2643 1411 2884 1466 animum
2927 1408 3276 1474 induxerint;
3315 1406 3412 1463 sed
3448 1405 3639 1469 iidem,

2044 1503 2243 1575 nescio
2265 1519 2374 1574 qua
2401 1504 2612 1559 ratione
2639 1511 2844 1568 tamen,
2869 1501 3023 1558 falsis
3054 1500 3201 1556 idola
3222 1499 3521 1555 colentium
3543 1513 3640 1552 va-

2056 1596 2262 1651 ticiniis
2285 1596 2449 1652 ﬁdem
2473 1596 2697 1663 habent,
2721 1611 2819 1652 eos
2840 1595 3271 1666 reprehensione
3292 1600 3456 1663 atque
3479 1590 3641 1661 culpa

2055 1704 2250 1745 vacare
2289 1689 2577 1746 dicemus?
2626 1698 2722 1744 aut
2757 1689 2979 1745 eosdem
3021 1689 3368 1744 desertorum
3410 1684 3643 1741 crimine

1980 1771 2027 1833 Β
2055 1783 2261 1838 liberos
2298 1783 2675 1853 pronuntiare,
2701 1783 2771 1840 iis
2812 1790 2992 1837 tutum
3028 1797 3150 1838 esse
3175 1779 3512 1851 putabimus,
3547 1780 3644 1849 qui

2057 1891 2185 1932 vere
2218 1875 2541 1946 sinceraque
2567 1876 2665 1930 Dei
2693 1883 2967 1931 amatores
2988 1875 3133 1929 sint?

2126 1967 2325 2024 PALL.
2351 1969 2595 2024 Minime.

2125 2061 2283 2119 (ΠΒ.
2306 2062 2596 2119 Astrorum
2615 2079 2836 2135 quoque
2859 2061 3210 2136 praestigiosaa
3232 2059 3646 2116 observationes

2055 2160 2113 2208 et
2130 2153 2335 2220 omina,
2359 2163 2417 2208 et
2440 2154 2590 2209 falsae
2614 2154 3004 2220 divinationes,
3030 2160 3086 2207 et
3114 2150 3463 2206 damoniacas
3485 2148 3647 2204 deco-

2053 2245 2295 2318 ptioncs,
2340 2245 2451 2300 illis
2486 2245 2638 2312 solis,
2666 2253 2728 2301 ut
2753 2247 2976 2316 opinor,
3029 2246 3388 2310 conveniunt,
3440 2244 3646 2315 quibus

2004 2412 2010 2419 .
2055 2336 2451 2393 absurdissime
2490 2337 2671 2407 placet
2712 2338 3006 2410 ignobilem
3052 2345 3218 2409 atque
3248 2337 3645 2393 exsecrabilem

2056 2429 2329 2485 idolorum
2361 2429 2570 2485 cultum
2612 2429 2670 2485 in
2697 2429 2945 2484 animum
2977 2428 3288 2485 admittere.

2127 2521 2325 2578 PALL.
2360 2521 2529 2577 Recte
2556 2522 2714 2577 dicis.
2756 2521 2893 2577 Nam
2936 2521 3161 2576 divinus
3201 2535 3421 2592 quoque
3462 2534 3648 2576 sermo

2054 2613 2218 2669 nobis
2239 2615 2490 2684 praecipit
2525 2613 2795 2685 ejusmodi
2825 2629 3009 2669 rerum
3035 2612 3279 2668 dedecus
3306 2627 3372 2667 ac
3403 2611 3644 2683 turpitu-

2055 2704 2239 2761 dinem
2270 2705 2603 2765 abominari.
2631 2705 2723 2761 Sic
2745 2714 2929 2761 autem
2958 2706 3122 2760 habet
3153 2724 3167 2759 :
3198 2725 3217 2757 ι
3248 2704 3385 2760 Cum
3411 2720 3544 2761 vero
3564 2704 3649 2759 in-

2054 2813 2277 2868 gressus
2302 2797 2474 2853 fueris
2503 2797 2561 2852 in
2590 2807 2791 2853 terram
2839 2813 3002 2868 quam
3046 2797 3314 2852 Dominus
3343 2797 3491 2852 Deus
3519 2805 3647 2853 tuus

2055 2890 2149 2949 dat
2177 2868 2297 2957 tibi,
2325 2907 2436 2946 non
2459 2891 2639 2948 disces
2660 2891 2842 2948 facere
2862 2892 3017 2963 juxta
3043 2890 3483 2947 abominationes
3511 2908 3647 2963 gen-

2057 2982 2194 3037 tium
2238 2982 2456 3038 illarum
2484 3002 2497 3037 :
2526 2998 2637 3038 non
2662 2984 2976 3039 invenietur
3008 2984 3066 3038 in
3094 2993 3146 3040 te
3186 2984 3429 3041 lustrans
3469 2984 3646 3040 ﬁlium

2057 3090 2240 3141 suum,
2275 3083 2369 3129 aut
2395 3074 2561 3130 ﬁliam
2598 3091 2752 3131 suam
2789 3076 2847 3130 in
2876 3076 3023 3147 igne,
3060 3076 3315 3132 divinans
3349 3078 3646 3135 divinatio—

2056 3183 2205 3234 nem,
2248 3175 2306 3223 et
2341 3169 2615 3235 ominans,
2660 3176 2717 3222 et
2751 3184 3048 3239 augurans,
3100 3169 3400 3237 veneﬁcus,
3453 3171 3616 3227 incan

2058 3270 2179 3317 tans
2236 3261 2665 3317 incantationem
2691 3302 2706 3327 ,
2763 3262 3068 3334 Pythonem
3126 3262 3360 3330 habens,
3412 3272 3469 3319 et
3513 3280 3616 3336 por

2056 3364 2334 3410 tentorum
2377 3357 2677 3426 inspector,
2727 3362 2784 3409 et
2825 3355 3172 3426 interrogans
3218 3364 3465 3411 mortuos
3507 3384 3511 3410 ;
3564 3365 3650 3412 est

2055 3448 2204 3503 enim
2230 3449 2570 3504 abominatio
2611 3448 2845 3504 Domino
2870 3448 2984 3503 Deo
3030 3455 3126 3503 tuo
3165 3447 3347 3502 omnis
3384 3449 3480 3518 qui
3517 3447 3653 3504 facit

2058 3540 2186 3596 talia
2208 3540 2276 3594 ⁸³.
2310 3561 2328 3593 ι
2363 3540 2433 3595 Et
2454 3550 2579 3611 post
2619 3540 2725 3595 alia
2767 3554 2962 3595 rursus
3001 3538 3081 3594 ait
3119 3558 3131 3592 :
3171 3557 3190 3591 ‹
3218 3538 3503 3595 Perfectus
3535 3540 3649 3595 eris

2056 3650 2241 3689 coram
2262 3635 2496 3689 Domino
2516 3636 2628 3690 Deo
2656 3643 2750 3689 tuo
2778 3653 2790 3688 :
2828 3644 3017 3706 gentes
3046 3635 3132 3691 hae
3161 3652 3299 3706 quas
3322 3644 3380 3691 tu
3403 3636 3650 3706 posside-

2057 3725 2163 3791 bis,
2194 3725 2279 3781 hae
2298 3726 2482 3780 omina
2503 3734 2560 3781 et
2581 3726 2949 3782 divinationes
2969 3727 3196 3783 audient
3219 3746 3232 3782 :
3257 3728 3357 3783 tibi
3379 3745 3515 3785 vero
3536 3744 3647 3785 non

2057 3816 2139 3870 sic
2166 3814 2321 3870 dedit
2356 3815 2621 3871 Dominus
2643 3816 2790 3872 Deus
2822 3825 2979 3885 tuus;
3005 3818 3329 3890 prophetam
3363 3833 3432 3873 ex
3461 3817 3649 3874 fratri-

2058 3907 2162 3965 bus
2183 3908 2311 3974 tuis,
2336 3916 2398 3963 ut
2417 3923 2527 3975 me,
2548 3909 3090 3965 excitabitDominus
3111 3911 3257 3965 Deus
3274 3918 3430 3978 tuus;
3464 3910 3645 3981 ipsum

2057 4000 2313 4068 audietis,
2336 4001 2491 4072 juxta
2528 4001 2714 4057 omnia
2742 4016 3085 4073 quaecunque
3128 4003 3337 4075 petiisti
3359 4020 3391 4059 a
3415 4004 3646 4059 Domino

2058 4094 2170 4150 Deo
2193 4103 2289 4149 tuo
2314 4094 2372 4149 in
2395 4094 2602 4162 Horeb,
2630 4093 2688 4149 in
2713 4093 2802 4150 die
2829 4096 3267 4168 congregationis
3294 4096 3358 4149 °".
3409 4117 3426 4147 ι

2127 4276 2285 4333 CYB.
2317 4276 2584 4332 Praeclare
2631 4276 2734 4342 ais,
2781 4275 2987 4331 Palladi
3016 4294 3028 4328 :
3054 4290 3235 4345 neque
3264 4273 3412 4328 enim
3449 4289 3646 4345 seque-

2059 4383 2185 4422 mur
2206 4375 2589 4438 portentorum
2622 4367 2984 4436 conjectores,
3015 4373 3073 4419 et
3101 4363 3493 4419 necromantiae
3520 4379 3651 4434 ope-

364 4462 481 4517 τῶν
507 4459 744 4527 οἰωνῶν,
768 4459 844 4522 ὡς
870 4458 1068 4529 ἀληθές
1087 4474 1138 4509 τι
1170 4456 1363 4527 χρῆμα
1386 4454 1825 4527 παραδεξόμεθα,
1852 4454 1955 4508 κᾶν

2060 4474 2178 4512 ram
2220 4459 2415 4513 dantes
2458 4477 2470 4511 :
2496 4460 2609 4529 jam
2649 4472 2784 4512 vero
2818 4472 2999 4527 neque
3025 4457 3241 4511 volatus
3281 4456 3497 4521 avium,
3528 4463 3648 4511 tan-

377 4562 425 4614 εῑ
451 4554 701 4625 φέροιντο
731 4550 867 4622 πρὸς
910 4547 1116 4614 δεξιὸν,
1160 4547 1258 4600 εἴτ’
1286 4543 1381 4600 οὖν
1411 4549 1490 4609 εἰς
1524 4544 1803 4616 εὐώνυμον
1840 4544 1917 4616 (2)
1939 4560 1951 4574 ⁸

368 4645 475 4700 κᾶν
525 4646 575 4698 εἰ
621 4644 758 4716 πρὸς
802 4642 1041 4713 ἑσπέραν
1081 4658 1139 4693 τε
1164 4642 1258 4694 καί
1294 4639 1427 4711 πρὸς
1453 4638 1555 4708 ήῶ·
1595 4638 1806 4709 μωρίας
1847 4638 1957 4708 γὰρ

346 4792 358 4815 κ
381 4740 531 4795 ταυτὶ
555 4738 658 4810 τῆς
695 4737 952 4808 ἐσχάτης.
1006 4733 1282 4804 Ἦγεμόνα
1314 4732 1370 4785 δὲ
1396 4734 1489 4784 τοῦ
1526 4731 1727 4794 παντὸς
1770 4730 1956 4783 ποιού-

348 4870 352 4874 .
377 4848 526 4903 μενοι
559 4830 651 4884 τὸν
684 4821 921 4900 Χριστὸν
950 4827 1040 4880 τὸν
1063 4826 1130 4880 δι’
1162 4826 1309 4898 ἡμᾶς
1333 4823 1456 4879 καθ’
1478 4824 1626 4895 ἡμᾶς
1648 4824 1953 4895 προφήτην,

382 4921 506 4991 παρ’
553 4919 718 4973 αὐτοῦ
765 4918 1051 4990 ληψόμεθα
1096 4917 1202 4971 τῶν
1237 4915 1553 4985 ἀναγκαίων
1593 4915 1692 4986 τὴν
1733 4915 1952 4985 γνῶσιν,

361 5014 467 5067 καὶ
493 5011 641 5083 αὐτῷ
674 5008 1167 5082 προσεδρεύσομεν,
1195 5007 1452 5078 οἰμώζειν
1488 5006 1675 5078 μακρά
1696 5009 1818 5071 ταῖς
1847 5007 1956 5061 τῶν

358 5104 671 5175 δαιμονίων
704 5101 1087 5171 ψευδοεπείαις
1125 5101 1218 5153 καὶ
1262 5098 1322 5152 τὸ
1363 5098 1637 5170 ἐρρῶσθαι
1681 5098 1953 5166 λέγοντες.

378 5196 538 5265 Μόνῳ
563 5195 673 5266 γὰρ
696 5193 888 5263 ὥσπερ
913 5193 976 5245 τὸ
1006 5193 1201 5263 χρῆναι
1232 5190 1516 5255 ζωοποιεῖν
1543 5191 1636 5244 καὶ¹
1661 5190 1958 5260 κατάρχειν

367 5286 482 5341 τῶν
512 5287 650 5341 ὅλων
671 5329 687 5355 ,
718 5285 965 5358 φυσικῶς
996 5302 1055 5338 τε
1087 5285 1180 5338 καὶ
1216 5283 1398 5346 ἰδικῶς
1438 5282 1784 5336 ἀνακείσεται
1819 5282 1955 5353 Θεῷ·

446 5426 494 5459 ⁸²
516 5426 676 5481 Deut.
703 5425 970 5490 “111,15.
1051 5423 1097 5455 ⁸³
1144 5420 1480 5492 ibid.j9-12.
1560 5420 1602 5450 “
1643 5419 1780 5473 ibid.
1828 5418 2013 5472 15-13.

474 5544 527 5611 1)
561 5541 695 5597 Cod.
728 5543 874 5605 Vat.,
911 5536 1389 5611 atposxsmévopah
1831 5583 1858 5611 Ξ

474 5545 496 5598 1
561 5544 695 5597 Cod.
728 5544 874 5605 Vat.,
911 5544 1361 5611 προσκειμένους.
1838 5583 1858 5591 ά

470 5544 527 5680 2;
561 5613 737 5667 Verba
761 5613 984 5665 Homeri
1011 5611 1247 5680 latenter
1278 5605 1485 5659 indicat
1518 5615 1802 5680 quassum
1824 5604 1961 5660 Ilia-

373 5674 466 5740 (1οέ
494 5674 566 5747 Μ,
596 5684 686 5737 ubi
715 5684 915 5737 Hector
944 5680 1011 5735 ad
1046 5676 1488 5747 Polydamantcm
1522 5674 1692 5747 inquit
1721 5694 1732 5727 :

384 5746 561 5820 Τέννην
586 5753 634 5806 δ’
666 5751 926 5806 ρίαν-οἷσι
967 5746 1487 5812 τανυπτερύγεσσι
1523 5746 1787 5811 κελεύεις

701 5850 965 5930 Parnm"
1016 5845 1134 5905 Gn.
1169 5840 1437 5912 LXVIII.

2064 4564 2228 4617 quam
2247 4562 2440 4602 verum
2460 4546 2667 4617 aliquid
2685 4547 3067 4617 polliceantur,
3086 4546 3440 4618 accipiemus,
3460 4563 3653 4618 quam-

2063 4639 2149 4693 vis
2188 4638 2535 4693 dextrorsum
2589 4637 2841 4691 ferantur
2883 4643 2980 4691 aut
3025 4636 3424 4703 sinistrorsum,
3459 4646 3555 4693 aut
3582 4637 3651 4693 ad

2063 4745 2318 4786 occasum
2343 4730 2429 4785 vel
2466 4729 2534 4784 ad
2577 4737 2760 4784 ortum
2806 4728 2938 4784 solis
2963 4746 2975 4782 :
3002 4736 3132 4784 sunt
3155 4729 3302 4784 enim
3329 4728 3447 4785 haec
3467 4738 3651 4785 extre-

2064 4836 2166 4875 mre
2218 4819 2529 4877 dementiae.
2579 4820 2786 4874 Ducem
2833 4834 2966 4875 vero
3011 4819 3081 4875 ad
3127 4820 3313 4875 omnia
3356 4835 3655 4891 sequemur

2062 4913 2368 4979 Christum,
2400 4913 2554 4967 illum
2583 4920 2811 4984 propter
2849 4929 2951 4968 nos
2985 4913 3223 4969 similem
3260 4913 3422 4969 nobis
3446 4912 3653 4968 factum

2063 5015 2118 5061 et
2153 5007 2506 5076 prophetam;
2537 5005 2609 5060 ab
2634 5006 2755 5076 ipso
2783 5005 3118 5076 accipiemus
3166 4986 3354 5060 rerum
3394 5020 3652 5060 necessa-

2065 5097 2272 5152 riarum
2315 5098 2702 5169 cognitionem,
2742 5098 2957 5169 ipsique
2988 5097 3374 5161 assidebimus,
3416 5111 3481 5151 ac
3520 5095 3685 5177 falsa.

2067 5189 2463 5245 daemoniorum
2502 5190 2725 5246 oracula
2767 5190 3091 5262 abjiciemus
3119 5197 3174 5242 et
3214 5195 3650 5244 contemnemus.

2072 5281 2234 5354 184
2260 5282 2330 5339 Ut
2373 5282 2520 5338 enim
2561 5283 2730 5339 rebus
2764 5282 3040 5336 universis
3062 5291 3120 5336 et
3142 5280 3310 5334 vitam
3334 5277 3576 5333 tribuere
3598 5284 3656 5337 es

2069 5538 2403 5601 Πείθεσθαι,
2431 5535 2549 5589 τῶν
2576 5535 2705 5589 οὔτι
2726 5529 3129 5601 μετατρέπομ’,
3144 5530 3271 5584 οὐδ’
3308 5526 3555 5600 ἀλεγίζω

2063 5608 2186 5661 εντ’
2209 5609 2307 5660 ἐπὶ
2347 5600 2491 5667 δέεί
2524 5606 2656 5658 ἴωσι.
2690 5601 2839 5669 πρὸς
2864 5600 2951 5669 ἠῶ
2985 5603 3033 5654 τ’
3063 5600 3270 5668 ἠέλιόν
3290 5618 3374 5663 τε,

2074 5679 2195 5732 Εἵτ’
2223 5679 2314 5731 ἐπ’
2331 5676 2611 5746 ἀριστερὰ
2634 5674 2789 5743 τοίγε
2811 5672 2943 5726 ποτί
2969 5670 3145 5740 ᾆέφον
3165 5673 3471 5739 ἠερόεντα.

3185 5828 3255 5892 14
