4138 6300
574 296 678 352 427

1568 285 1630 341 'S.
1662 286 1934 342 CYRILLI
1973 287 2440 344 ALEXANDRINI
2480 289 2797 350 ARCIIIEP.‘

3714 300 3810 358 ιεε

569 428 750 475 ortum
773 414 926 479 dare,
961 412 1261 468 secundum
1294 416 1544 463 naturam
1570 423 1633 463 ac
1661 410 1880 479 proprie
1915 409 2014 464 soli
2035 410 2122 464 DCt

2251 411 2338 464 τὸν
2370 413 2561 476 αὑτὸν,
2588 409 2772 484 οἶμαι,
2805 417 3003 487 τρόπον
3022 459 3036 483 ,
3074 417 3166 472 καὶ
3192 419 3253 473 τὸ
3279 419 3495 475 πάντων
3535 420 3683 493 ἔχειν
3716 425 3807 494 τὴν

571 507 922 566 tribuendum
945 511 1060 559 est:
1092 503 1192 568 sic,
1218 511 1278 556 ut
1304 501 1520 573 opinor,
1545 501 1790 554 omnium
1813 517 2030 571 quoque
2061 517 2146 556 re-

2248 504 2466 572 γνῶσιν.
2503 507 2662 562 Ἴδιον
2695 509 2750 562 δέ
2779 510 2994 581 φύσεως
3038 512 3138 583 τῆς
3172 514 3360 578 αὑτοῦ,
3388 515 3449 568 τὸ
3478 515 3678 570 εἰδέναι
3716 533 3808 572 σα-

570 616 690 656 rum
733 597 1100 669 cognitionem
1145 594 1351 650 habere
1395 602 1520 648 :est
1566 601 1749 648 autem
1787 595 1906 665 ejus
1937 602 2122 648 natura

2249 597 2364 666 φῶς
2415 598 2486 652 τὰ
2541 601 2812 671 ἐσόμενα,
2879 605 2972 659 καὶ
3033 606 3455 678 συνειλεγμένην
3520 607 3713 681 ὥσπερ
3759 611 3811 664 ἐν

568 693 853 765 proprium
881 705 969 745 res
992 688 1203 744 futuras
1227 686 1514 743 manifeste
1539 687 1704 753 scire,
1733 695 1788 742 et
1810 703 1994 742 rerum
2018 686 2144 741 uni-

566 800 852 843 versarum
899 781 1285 854 cognitionem,
1315 780 1371 835 in
1411 795 1469 834 se
1513 781 1633 850 ipso
1657 779 1827 834 veluti
1861 779 2143 834 collectam

565 889 772 937 tenere.
804 878 886 932 An
927 876 1028 930 tibi
1057 890 1249 946 parum
1290 873 1566 944 sapienter
1596 885 1659 926 ac
1691 888 1820 928 vere
1848 872 2034 929 dicere
2065 875 2144 928 vi-

565 971 794 1026 demur?

637 1056 829 1111 PALL.
864 1054 978 1108 lmo
1006 1068 1140 1109 vero
1166 1053 1421 1109 maxime.

629 1148 789 1204 ΟΥΕ.
825 1148 883 1201 ln
912 1147 1091 1218 ipsum
1121 1145 1287 1216 igitur
1311 1146 1682 1216 peccabimus,
1707 1154 1763 1200 et
1787 1145 1853 1200 ad
1879 1146 2026 1201 illius
2052 1161 2143 1201 su—

548 1254 764 1309 .premm
791 1238 978 1309 gloriae
1009 1237 1264 1308 injuriam
1294 1243 1546 1292 nostrum
1581 1237 1791 1293 crimen
1819 1237 2138 1308 pertinebit,

560 1331 605 1384 si
641 1328 868 1385 nefariis
914 1335 970 1382 et
1018 1328 1251 1398 impuris
1301 1328 1586 1398 spiritibus
1623 1328 1801 1383 inesse
1852 1327 2141 1383 credemus

555 1437 622 1475 ca
675 1421 877 1491 quibus
906 1419 996 1474 ille
1027 1419 1340 1485 decoratur,
1368 1428 1424 1474 ct
1451 1420 1744 1474 admodum
1775 1419 2002 1491 insignis
2033 1428 2136 1476 est.

556 1514 673 1566 Jam
699 1511 846 1564 enim
873 1509 1011 1566 adeo
1045 1510 1210 1566 stulte
1251 1511 1619 1567 sentientibus
1647 1511 1839 1566 licebit
1880 1510 2016 1566 illud
2042 1527 2137 1566 su-

557 1601 756 1672 spicari
785 1619 797 1655 :
824 1600 991 1655 vitam
1034 1615 1254 1670 quoque
1299 1601 1544 1656 tribuere
1574 1615 1756 1670 posse,
1800 1609 1964 1671 atque
2001 1601 2138 1657 adeo

555 1694 896 1749 conditorem
921 1707 1042 1749 esse
1063 1693 1340 1758 Satanam,
1372 1691 1416 1747 si
1445 1709 1566 1762 quae
1601 1693 1846 1747 omnium
1870 1702 2136 1763 praestan-

556 1787 763 1842 tissima
789 1794 936 1851 sunt,
960 1794 1017 1840 et
1046 1785 1268 1856 proprie
1290 1785 1388 1840 Dei
1412 1792 1622 1840 naturae
1646 1785 1989 1850 tribuuntur,
2023 1800 2136 1840 non

553 1877 726 1929 solum
758 1875 861 1944 ipsi
897 1873 1281 1939 concedemus,
1311 1890 1501 1929 verum
1535 1875 1700 1930 etiam
1741 1882 1938 1929 natura
1964 1875 2136 1929 insita

551 1960 685 2023 esse
709 1968 957 2023 dicemus
985 1985 998 2021 :
1026 1967 1314 2037 proprium
1357 1975 1442 2022 est
1483 1983 1648 2038 porro
1679 1975 1844 2038 atque
1873 1967 2135 2022 eximium

551 2075 775 2114 summae
802 2058 950 2113 illius
970 2066 1179 2112 natura:
1204 2058 1413 2112 bonum
1440 2058 1680 2129 cognitio
1706 2073 1893 2113 rerum
1919 2058 2134 2114 futura-

551 2165 690 2204 rum.
723 2149 808 2204 An
831 2165 1022 2204 verum
1047 2165 1157 2204 non
1182 2156 1267 2203 est
1289 2149 1435 2219 quod
1461 2148 1618 2204 dico?

617 2241 815 2296 PALL.
847 2239 916 2295 Et
950 2240 1170 2310 quidem
1203 2241 1438 2295 maxime
1465 2258 1477 2294 :
1503 2239 1581 2294 ait
1617 2241 1763 2295 enim
1804 2241 2132 2311 quibusdam

513 2394 519 2401 η
547 2348 646 2400 per
686 2331 837 2386 Isaiae
865 2347 1079 2395 vocem,
1105 2332 1198 2401 qui
1226 2347 1289 2386 ea
1333 2348 1454 2402 qua:
1483 2331 1581 2387 Dei
1608 2339 1757 2397 sunt,
1804 2333 1872 2387 ad
1912 2341 2132 2389 creatu-

537 2436 661 2474 ram
687 2419 995 2475 deferrent:
1033 2439 1050 2470 ι
1082 2420 1411 2474 Mementote
1437 2419 1654 2486 horum,
1678 2428 1735 2474 et
1756 2420 2128 2491 ingemiscite;

537 2511 924 2581 .pmnitentiam
966 2510 1132 2582 agite,
1173 2510 1268 2580 qui
1296 2510 1524 2576 erratis;
1561 2519 1618 2564 et
1655 2509 1829 2565 redite
1862 2509 2049 2576 corde,
2077 2518 2134 2565 et

535 2611 877 2657 mementote
909 2603 1163 2671 priorum
1200 2617 1230 2655 a
1271 2601 1491 2664 saeculo,
1520 2600 1648 2670 quia
1673 2615 1774 2670 ego
1814 2615 1934 2653 sum
1962 2601 2128 2665 Deus,

541 2703 599 2747 et
627 2709 735 2748 non
771 2703 855 2748 est
881 2694 1025 2746 alius
1050 2701 1250 2762 praeter
1279 2707 1386 2755 me,
1412 2690 1748 2746 annuntians
1767 2691 1922 2760 prius
1945 2698 2129 2746 extre-

547 2801 653 2846 ma,
680 2791 974 2853 antequam
1015 2782 1145 2836 [iant
1170 2790 1226 2836 et
1248 2781 1410 2835 simul
1435 2781 1705 2851 completa
1732 2781 1864 2847 sint,
1890 2787 1948 2836 et
1971 2780 2082 2835 dixi
2113 2799 2126 2833 :

541 2873 717 2928 Omne
763 2873 1055 2928 consilium
1090 2877 1278 2942 meum
1317 2870 1514 2936 stabit;
1557 2878 1614 2925 et
1666 2869 1849 2924 omnia
1877 2885 1998 2940 quae
2029 2869 2126 2924 de-

543 2963 695 3019 crevi
729 2962 927 3018 faciam
961 2963 1028 3016 ⁸⁵.
1061 2981 1080 3014 ι
1111 2961 1183 3019 Ut
1220 2962 1367 3017 enim
1394 2961 1711 3016 ostenderet
1747 2977 1855 3018 non
1892 2975 2012 3016 esse
2044 2962 2125 3015 al-

539 3066 723 3110 terum
766 3063 966 3126 praeter
991 3070 1050 3110 se
1071 3063 1268 3109 natura
1305 3069 1368 3108 ac
1395 3068 1522 3108 vere
1557 3053 1749 3118 Deum,
1778 3052 2125 3107 auditoribus
2152 3089 2194 3148 C

542 3148 675 3204 illud
717 3156 975 3219 tanquam
1013 3147 1280 3202 indicium
1323 3144 1528 3210 attulit,
1573 3160 1769 3215 nempe
1795 3145 2120 3200 annuntiare

500 3313 502 3315 ς
540 3260 597 3299 se
619 3259 780 3314 posse
803 3250 1068 3309 extrema,
1100 3243 1419 3312 priusquam
1449 3239 1660 3294 fierent.

604 3335 762 3392 CYR.
792 3335 1058 3390 Praeclare
1095 3334 1196 3398 ais,
1227 3332 1455 3388 Palladi.
1489 3330 1596 3386 Sed
1627 3331 1812 3394 velim,
1851 3341 1910 3385 ut
1939 3330 2118 3385 adhuc

517 3429 827 3499 diligenter
856 3427 1146 3481 veritatem
1168 3424 1542 3494 dispiciamus,
1583 3432 1744 3492 atque
1777 3422 1909 3476 illud
1933 3421 2117 3476 consi-

534 3521 814 3584 deremus,
833 3532 940 3588 qua
958 3517 1192 3581 ratione,
1212 3517 1257 3571 si
1274 3515 1498 3571 omnino
1531 3515 1675 3570 inter
1712 3530 1807 3570 eos
1831 3531 2118 3570 censemur

528 3610 627 3679 qui
663 3617 810 3664 recte
850 3617 906 3664 et
936 3608 1250 3679 evangelice
1283 3608 1470 3663 vivere
1499 3607 1710 3671 volunt,
1736 3605 1995 3660 falsarum
2028 3604 2114 3659 di-

531 3698 1300 3756 vinationum.assentationes
1332 3713 1654 3768 sequamur;
1692 3703 1747 3750 et
1775 3711 1900 3751 cum
1932 3695 2004 3750 ita
2037 3695 2111 3750 si-

532 3808 655 3846 mus
691 3790 919 3854 intenti,
971 3797 1233 3861 tanquam
1289 3789 1358 3844 ab
1423 3788 1532 3843 illis
1584 3783 1791 3856 aliquid
1843 3801 1971 3841 vere
2025 3785 2110 3840 di-

528 3892 720 3946 catur,
772 3880 1048 3951 quomodo
1097 3894 1208 3935 non
1249 3879 1551 3935 Salvatoris
1597 3878 1768 3932 nostri
1809 3892 2001 3932 vocem
2041 3877 2110 3932 de

530 3973 817 4028 mendacio
853 3971 1300 4028 condemnemus.
1333 3969 1482 4024 Dixit
1506 3968 1652 4024 enim
1685 3967 1929 4039 profecto
1951 3983 2108 4023 arro-

526 4064 784 4136 gantibus
806 4062 1168 4134 superbisque
1198 4059 1404 4117 "Judazis
1430 4077 1443 4112 :
1474 4077 1492 4110 ι
1521 4057 1630 4114 Vos
1655 4073 1723 4112 ex
1749 4064 1902 4127 patre
1927 4064 2107 4113 vestro

525 4153 744 4208 diabolo
765 4153 917 4217 estis,
944 4158 1000 4206 et
1021 4149 1295 4205 desideria
1315 4149 1488 4220 patris
1507 4149 1675 4203 vestri
1702 4139 1869 4203 vultis
1894 4147 2103 4215 facere;

524 4245 614 4299 ille
640 4241 912 4298 homicida
939 4240 1043 4295 fuit
1065 4240 1134 4295 ab
1156 4238 1335 4304 initio,
1367 4246 1423 4294 et
1450 4239 1506 4293 in
1537 4238 1766 4292 veritate
1788 4253 1898 4292 non
1924 4240 2100 4305 stetit;

525 4335 685 4407 185
727 4335 857 4406 quia
895 4350 1006 4389 non
1041 4340 1126 4389 est
1165 4332 1370 4387 veritas
1410 4331 1466 4386 in
1507 4330 1625 4401 ipso
1653 4349 1666 4386 :
1693 4345 1819 4386 cum
1856 4331 2103 4402 loquitur

2247 689 2425 762 ἐαυτῷ
2452 693 2550 764 τὴν
2574 693 2682 748 τῶν
2708 694 2843 750 ὅλων
2872 698 3074 769 είδησιν
3105 699 3267 771 ἔχειν.
3307 701 3379 754 Ἢ
3406 700 3527 772 οὐχὶ
3567 703 3731 772 σοφός
3753 719 3807 756 τι

2245 784 2338 838 καὶ
2360 784 2598 856 ἀτρεκὴς
2623 786 2651 840 ό
2671 786 2764 841 ἐπὶ
2787 787 2921 859 τῷδε
2943 789 3126 859 λόγος;
3503 798 3508 803 ’

2313 1047 2526 1102 ΠΑΛΛ.
2570 1048 2720 1103 Πάνυ
2747 1045 2844 1120 μὲν
2864 1043 2976 1106 οὖν.

2312 1138 2476 1193 ΚΥΡ.
2511 1140 2607 1203 Είς
2636 1140 2799 1195 αὑτὸν
2832 1135 2924 1195 οὑν
2954 1141 3060 1212 ἄρα
3091 1142 3579 1216 πλημμελήσομεν,
3603 1146 3700 1202 καὶ
3733 1148 3807 1216 είς

2239 1229 2340 1300 τὴν
2381 1231 2642 1286 ἀνωτάτω
2673 1231 2829 1297 δόξαν
2877 1233 2910 1305 ἡ
2955 1233 3171 1306 γραφὴ,
3219 1237 3268 1289 εί
3321 1235 3571 1309 βεϐήλοις
3614 1256 3676 1293 τε
3719 1241 3806 1295 καὶ

2240 1321 2574 1393 ἀκαθάρτοις
2631 1324 2935 1394 πνεύμασιν
2983 1327 3182 1380 ἐνεῖναι
3224 1328 3592 1401 πιστεύσομεν
3635 1331 3704 1385 τὰ
3743 1334 3805 1386 δι’

2240 1405 2315 1468 ὧν
2350 1413 2512 1478 αὐτὸς
2555 1415 3012 1470 κατακαλλύνοιτό
3052 1434 3113 1470 τε
3162 1418 3256 1472 καὶ
3296 1419 3529 1492 ὑπάρχει
3563 1421 3682 1477 λίαν
3714 1425 3804 1478 ἐκο

2237 1506 2474 1576 πρεπής.
2535 1507 2680 1577 Ὦρα
2744 1507 2846 1579 ήδη
2909 1510 3286 1582 διακειμένους
3349 1513 3447 1566 ὡδὶ
3515 1515 3805 1588 φληνάφως

2238 1594 2481 1648 ὑπονοεῖν
2527 1597 2623 1650 καὶ
2665 1596 2948 1660 ζωοποιεῖν
2994 1597 3288 1664 δύνασθαι,
3337 1602 3430 1656 καὶ
3471 1602 3534 1674 δὴ
3581 1605 3675 1659 καὶ
3719 1605 3805 1677 δη-

2242 1687 2499 1759 μιουργὸν
2528 1689 2792 1760 ὑπάρχειν
2821 1691 2914 1746 τὸν
2947 1693 3215 1759 Σατανᾶν,
3243 1693 3291 1746 εί
3313 1694 3382 1748 τὰ
3416 1697 3634 1752 πάντων
3666 1699 3804 1764 ἐξαί-

2243 1793 2372 1846 ρετα
2421 1778 2516 1831 καὶ
2567 1779 2748 1843 ίδικῶς
2809 1781 3145 1853 ἀνακείμενα
3187 1785 3251 1855 τῇ
3301 1785 3395 1839 τοῦ
3443 1785 3580 1842 Θεοῦ
3625 1789 3802 1859 φύσει,

2245 1869 2583 1939 χαριούμεθά
2621 1887 2682 1923 τε
2732 1871 2912 1942 αὑτῷ,
2955 1875 3050 1927 καὶ
3101 1878 3551 1946 προσπεφυκέναι
3605 1883 3800 1952 φαμέν³

2235 1959 2364 2014 ἴδιον
2401 1962 2458 2016 δὲ
2485 1963 2580 2016 καλ⁸
2611 1964 2887 2036 ἐξαίρετον
2919 1967 3121 2036 ἀγαθὸν
3141 1970 3239 2040 τῆς
3269 1971 3534 2027 ἀνωτάτω
3563 1975 3800 2044 φύσεως,

2231 2051 2342 2107 τῶν
2374 2053 2650 2123 ἐσομένων
2686 2056 2718 2126 ἡ
2751 2055 2970 2124 γνῶσις.
3009 2059 3078 2112 Ἦ
3101 2059 3202 2114 οὐκ
3240 2060 3438 2134 ἀληθὲς
3464 2064 3493 2117 ὃ
3527 2082 3698 2137 φημι;

2303 2225 2512 2281 ΠΑΛΛ.
2557 2227 2669 2281 Καὶ
2697 2229 2864 2299 μάλα.
2895 2231 3033 2300 Φησὶ
3076 2232 3185 2304 γὰρ
3211 2233 3300 2288 διὰ
3337 2237 3521 2308 φωνῆς
3557 2238 3798 2302 Ἡσαΐου,

2219 2318 2369 2390 -πρός
2412 2335 2564 2382 τινας
2617 2319 2971 2385 ἀνατιθέντας
3024 2325 3090 2394 τῇ
3145 2325 3321 2380 κτίσει
3368 2327 3440 2382 τά
3490 2329 3584 2384 τοῦ
3642 2331 3797 2387 Θεοῦ·

2237 2428 2255 2461 ι
2286 2409 2576 2480 Μνήσθητε
2603 2411 2798 2480 ταῦτα,
2847 2415 2942 2468 καὶ
2971 2416 3280 2484 στενάξατε·
3315 2424 3710 2495 μετανοήσατε,
3745 2429 3795 2480 οί

2231 2501 2663 2571 πεπλανημένοι,
2684 2503 3048 2575 ἐπιστρέψατε
3067 2508 3134 2577 τῇ
3160 2508 3376 2580 καρδίᾳ,
3403 2512 3497 2564 καὶ
3525 2515 3800 2586 μνήσθητε

2231 2592 2474 2662 πρότερα
2512 2592 2621 2648 ἀπὸ
2666 2594 2760 2648 τοῦ
2797 2595 3021 2662 αἰῶνος,
3064 2598 3146 2652 ὅτι
3181 2599 3291 2668 ἐγώ
3340 2603 3456 2672 εἰμι
3504 2602 3664 2671 Θεὸς,
3706 2606 3799 2660 καὶ

2229 2682 2328 2736 οὑκ
2372 2682 2518 2737 ἐστιν
2556 2683 2637 2738 ἐτι
2680 2685 2818 2757 πλὴν
2859 2686 2992 2758 ἐμοῦ
3035 2689 3384 2758 ἀναγγέλλων
3431 2691 3695 2765 πρότερον
3733 2695 3799 2749 τὰ

2227 2773 2452 2846 ἔσχατα,
2492 2777 2622 2848 πρὶν
2649 2778 2788 2833 αὑτά
2819 2779 3100 2848 γενέσθαι,
3133 2783 3228 2836 καὶ
3257 2781 3374 2854 ἅμα
3417 2785 3794 2859 συνετελέσθη,

2228 2869 2322 2922 καὶ
2363 2867 2512 2924 εἶπα·
2554 2871 2712 2927 Πᾶσά
2759 2889 2860 2944 μου
2903 2873 2936 2944 ἡ
2983 2872 3149 2946 βουλὴ
3177 2876 3457 2948 στήσεται,
3493 2881 3588 2934 καὶ
3621 2881 3796 2937 πάντα

2227 2959 2328 3014 ὅσα
2377 2961 2766 3034 βεϐούλευμαι,
2817 2967 3044 3037 ποιήσω.
3085 2987 3106 3020 ι
3155 2969 3406 3040 Μήνυσιν
3450 2970 3557 3043 γάρ
3607 2972 3796 3045 ὥσπερ

2228 3051 2322 3105 τοῦ
2356 3053 2431 3124 μὴ
2475 3053 2662 3126 ἕτερον
2711 3052 2849 3110 εἶναί
2895 3074 3020 3111 τινα
3050 3058 3180 3131 παρ’
3210 3059 3372 3114 αὑτὸν
3411 3060 3572 3130 φύσει
3598 3079 3658 3117 τε
3703 3065 3797 3119 καὶ

2227 3143 2446 3215 ἀληθῶς
2475 3144 2608 3199 Θεὸν
2634 3147 2746 3209 τοῖς
2771 3147 3143 3220 ἀκροωμένοις
3172 3149 3336 3204 ἐτίθει
3357 3151 3418 3204 τὸ
3443 3151 3794 3223 ἀναγγέλλειν

2225 3233 2488 3289 δύνασθαι
2517 3235 2585 3288 τὰ
2615 3235 2817 3307 ἐσχατα
2852 3237 2982 3309 πρὶν
3016 3239 3155 3292 αὑτά
3174 3240 3447 3309 γενέσθαι.

2294 3327 2462 3382 ΚΥΡ.
2503 3323 2576 3381 Εὖ
2615 3345 2716 3397 γε,
2753 3323 2798 3382 ὧ
2839 3330 3126 3386 Παλλάδιε.
3173 3332 3475 3405 Βουλοίμην
3512 3335 3558 3388 δ’
3607 3336 3674 3390 ἂν
3713 3335 3798 3394 ἔτι

2223 3418 2658 3490 περιαθροῦντας
2688 3414 2746 3475 εὖ
2790 3421 2936 3492 μάλα
2959 3423 3020 3477 τὺ
3053 3423 3268 3494 ἀληθὲς,
3301 3426 3398 3479 καὶ
3427 3427 3547 3482 τόδε
3578 3428 3794 3484 διασκο-

2225 3512 2364 3564 πεῖν’
2390 3510 2511 3565 τινα
2558 3512 2756 3583 τρόπον
2785 3512 2864 3567 ἔτι
2885 3553 2899 3578 ,
2940 3515 2988 3567 εί
3037 3515 3281 3586 τελοῖμεν
3321 3517 3459 3582 ὅλως
3491 3517 3548 3573 ἐν
3582 3536 3646 3588 γε
3679 3524 3792 3586 τοῖς

2221 3603 2463 3657 ἐθέλουσι
2503 3603 2650 3674 βιοῦν
2687 3603 2860 3676 ὀρθῶς
2882 3623 2942 3660 τε
2967 3607 3060 3661 καὶ
3089 3607 3494 3677 εὑαγγελικῶς,
3525 3613 3647 3677 ταῖς
3687 3612 3792 3666 τῶν

2219 3695 2656 3767 ψευδομαντειῶν
2684 3695 2944 3761 θωπείαις
2990 3698 3230 3770 ἑψόμεθα
3267 3701 3361 3754 καὶ
3398 3700 3462 3772 δὴ
3504 3703 3596 3756 καὶ
3623 3720 3792 3774 προσ-

2219 3789 2534 3859 εσχηκότες,
2567 3788 2642 3854 ὡς
2686 3788 2772 3860 είη
2813 3807 2898 3855 τις
2940 3790 3098 3860 λόγος
3123 3793 3151 3844 ὁ
3183 3794 3309 3862 παρ’
3340 3793 3520 3849 αὑτῶν
3561 3793 3788 3867 ἀληθὴς,

2215 3879 2336 3950 οὑχὶ
2368 3883 2468 3950 τῆς
2511 3881 2605 3934 τοῦ
2655 3881 2909 3953 Σωτῆρος
2955 3881 3318 3954 καθοριοῦμεν
3347 3886 3532 3956 φωνῆς
3567 3885 3629 3940 τὸ
3675 3887 3791 3941 δια-

2214 3971 2503 4041 ψεύδεσθαι
2532 3973 2662 4028 δεῖν.
2699 3973 2845 4043 Ἔφη
2883 3974 2992 4045 γάρ
3021 3991 3125 4027 που
3153 3975 3249 4029 καὶ
3283 3975 3418 4047 πρὸς
3439 3977 3567 4041 τοὺς
3600 3977 3792 4043 ἀλαζό-

2214 4079 2312 4125 νας
2339 4063 2432 4116 καὶ
2458 4062 2722 4135 ὑϐριστὰς
2757 4063 3062 4130 Ἰουδαίους·
3093 4085 3113 4119 ι
3155 4066 3343 4138 Ὑμεῖς
3369 4068 3435 4123 ἐκ
3465 4068 3560 4123 τοῦ
3582 4069 3789 4141 πατρὸς

2215 4153 2368 4224 ὑμῶν
2415 4154 2508 4208 τοῦ
2552 4154 2799 4208 διαϐόλου
2851 4157 3018 4223 ἐστὲ,
3071 4157 3166 4213 καὶ
3215 4159 3316 4224 τὰς
3357 4160 3648 4232 ἐπιθυμίας
3692 4162 3786 4217 τοῦ

2215 4243 2418 4314 πατρὸς
2446 4243 2600 4314 ὑμῶν
2643 4243 2827 4298 θέλετε
2871 4249 3064 4302 ποιεῖν’
3098 4250 3304 4314 ἐκεῖνος
3343 4250 3788 4321 ἀνθρωποκτόνος

2210 4328 2279 4405 ἦν
2308 4333 2404 4387 ἀπ’
2452 4334 2647 4406 ἀρχῆς,
2682 4336 2777 4390 καὶ⁸
2807 4337 2864 4391 ἐν
2906 4340 2972 4408 τῇ
3021 4339 3247 4411 ἀληθείᾳ
3280 4341 3376 4411 οὑχ
3419 4342 3669 4413 ἕστηκεν,
3702 4345 3787 4398 ὅτι

513 4426 888 4493 mendacium,
913 4441 981 4481 ex
1021 4424 1260 4495 pr0priis
1301 4424 1574 4493 loquitur;
1611 4422 1738 4493 quia
1763 4423 1996 4478 mendax
2019 4433 2102 4480 est

2223 4424 2310 4476 aiax
2353 4421 2500 4478 ἐστιν
2547 4424 2774 4496 ἀλήθεια
2821 4426 2879 4480 ἐν
2911 4428 3078 4499 αὑτῷ·
3110 4429 3236 4485 ὅταν
3282 4431 3438 4486 λαλεῖ
3471 4433 3532 4487 τὸ
3568 4433 3784 4505 ψεῦδος,

518 4519 658 4589 ipse,
683 4525 741 4574 et
775 4525 931 4590 pater
961 4520 1082 4590 ejus
1113 4517 1178 4570 ⁸⁸.
1214 4536 1232 4568 ι
1264 4515 1550 4582 Quomodo
1584 4515 1775 4586 igitur,
1809 4516 1906 4586 qui
1947 4532 2102 4572 men-

517 4611 624 4665 dax
643 4618 748 4674 est,
772 4625 940 4666 verax
961 4609 1069 4664 erit
1092 4607 1372 4677 unquam?
1394 4614 1489 4661 aut
1522 4607 1797 4676 quomodo
1818 4622 1930 4662 non
1952 4607 2104 4662 omni

502 4718 584 4754 ex
601 4710 754 4771 parte
771 4700 1026 4765 mendax,
1045 4699 1140 4768 qui
1161 4698 1214 4751 in
1228 4697 1458 4753 veritate
1474 4712 1583 4752 non
1601 4697 1786 4752 stetit?
1800 4696 1991 4752 Nonne
2006 4696 2105 4767 igi-

515 4803 608 4844 tur
629 4799 633 4802 '
641 4792 775 4861 jam,
815 4789 1046 4854 Palladi,
1075 4790 1250 4843 cuivis
1288 4788 1640 4844 manifestum
1663 4789 1790 4854 erit,
1824 4789 1868 4844 si
1897 4787 2102 4844 daemo-

518 4883 738 4936 niorum
783 4880 1015 4935 vocibus
1057 4880 1346 4934 veritatem
1399 4881 1728 4948 tribuemus,
1780 4882 1899 4939 fore
1941 4892 2003 4938 ut
2030 4884 2098 4939 de

517 4970 805 5027 mendacio
826 4969 1108 5025 Christum
1130 4969 1581 5037 condemnemus,
1613 4979 1670 5028 et
1697 4972 1919 5028 mentiri
1946 4974 2095 5028 veri-

516 5072 683 5118 tatem
718 5061 1006 5118 dicamus?

582 5237 778 5293 PAL-L.
814 5237 969 5293 Haud
994 5234 1471 5308 longe-aberimus.

583 5328 739 5383 ΟΥΕ.
764 5327 1074 5394 Quinetiam
1109 5329 1255 5398 (nam
1293 5326 1426 5380 illud
1453 5340 1670 5396 quoque
1711 5327 1777 5381 iis
1799 5343 1920 5397 quae
1950 5329 2093 5383 dicta

514 5425 644 5473 sunt
703 5419 1013 5491 adjiciam),
1051 5436 1082 5474 a
1121 5419 1340 5474 Christo
1386 5416 1701 5482 didicimus,
1751 5418 2092 5489 impurorum

509 5509 807 5578 spirituum
833 5510 998 5565 verba
1026 5527 1134 5564 non
1168 5510 1478 5574 admittere,
1501 5523 1570 5562 ne
1601 5508 1648 5563 si
1668 5509 1840 5564 velint
1872 5511 2092 5581 quidem

595 5681 637 5711 ⁵⁸
680 5681 784 5734 lsa.
833 5695 968 5745 XLVI,
1017 5679 1166 5732 8-.10.
1251 5681 1295 5710 "
1327 5680 1480 5734 Joan.
1532 5697 1643 5744 vm,
1681 5682 1738 5734 Η

2212 4515 2276 4568 ἐκ
2309 4514 2416 4569 τῶν
2445 4513 2588 4569 ἰδίων
2615 4515 2798 4581 λαλεῖ,
2829 4518 2908 4571 ὃτι
2951 4517 3191 4591 ψευστής
3226 4521 3373 4578 ἐστιν
3415 4523 3598 4590 αὑτὸς,
3637 4526 3730 4579 καὶ
3757 4525 3787 4577 ὁ

2210 4600 2392 4675 πατὴρ
2413 4603 2603 4661 αὑτοῦ.
2645 4623 2663 4656 ι
2691 4605 2826 4659 Τίνα
2857 4606 2922 4678 δη
2950 4603 3043 4661 οὖν
3073 4607 3224 4662 ἐσται
3249 4610 3452 4681 τρόπον
3483 4613 3784 4687 νημερτὴς,

2207 4694 2482 4767 ψευστής;
2513 4694 2630 4759 πῶς
2665 4695 2722 4750 δὲ
2754 4697 2874 4767 οὐχὶ⁵
2913 4697 3088 4769 πάντη
3141 4717 3198 4753 τε
3229 4701 3324 4755 καὶ
3349 4703 3568 4767 πάντως
3597 4704 3783 4775 ἀμαρ-

2206 4787 2430 4859 τοεπὴς,
2477 4787 2507 4839 ό
2551 4786 2626 4858 μὴ
2675 4788 2923 4860 ἑστηκὼς
2970 4790 3028 4844 ἐν
3075 4793 3143 4862 τῇ
3193 4791 3456 4866 ἀληθείας
3511 4789 3638 4864 'Ap’
3690 4792 3786 4850 οὖν

2207 4878 2463 4950 ἐναργὲς,
2511 4871 2556 4932 ὦ
2595 4878 2892 4946 Παλλάδιε,
2940 4881 3102 4935 παντί
3152 4901 3254 4936 που
3289 4883 3508 4951 λοιπὸν,
3549 4886 3632 4941 ὅτι
3663 4889 3785 4949 ταῖς

2204 4967 2312 5022 τῶν
2374 4968 2666 5040 δαιμονίων
2727 4973 2934 5040 φωναῖς
3001 4973 3063 5025 τὸ
3118 4973 3319 5047 ἀληθὲς
3387 4977 3780 5048 ἀπονέμοντες,

2205 5059 2706 5132 καταψηφιούμεθα
2737 5061 2832 5115 τοῦ
2865 5063 3105 5134 Χριστοῦ
3133 5065 3234 5136 τὴν
3261 5065 3662 5138 ψευδομυθὶαν,
3688 5066 3783 5122 καὶ

2202 5149 2520 5218 ψευδοεπεῖν
2550 5149 2784 5221 ἐροῦμεν
2810 5151 2908 5221 τὴν
2934 5151 3195 5223 ἀλήθειαν
3219 5170 3234 5221 ;

2271 5241 2480 5293 ΠΑΛΛ.
2513 5239 2928 5312 Κινδυνεύομεν.

2275 5330 2440 5384 ΚΥΡ.
2471 5330 2679 5394 ιἌλλως
2721 5347 2778 5383 τε
2803 5370 2818 5395 ,
2851 5329 3145 5404 προσθείην
3180 5333 3288 5404 γὰρ
3318 5334 3430 5398 τοῖς
3464 5334 3780 5407 εἰρημένοις

2202 5423 2296 5476 καὶ
2342 5423 2494 5477 τόδε*
2547 5421 2902 5494 δεδιδάγμεθα
2952 5423 3105 5494 παρά
3154 5424 3431 5496 Χριστοῦ,
3485 5428 3613 5491 τοὺς
3667 5426 3776 5480 τῶν

2199 5513 2527 5586 ἀκαθάρτων
2558 5515 2884 5585 πνευμάτων
2917 5513 2990 5586 μὴ
3043 5514 3364 5586 προσίεσθαι
3409 5515 3603 5587 λόγους
3623 5559 3638 5581 ,
3669 5515 3775 5572 κᾶν
