4138 6300
583 273 698 347 ἐει

1614 281 1669 338 S.
1715 281 1994 338 CYRILLI
2034 281 2502 341 ALEXANDRINI
2543 287 2858 346 ARCHIEP.
3317 323 3348 368 ε

3762 289 3867 344 ιδε

583 380 860 463 ’όίιὶοιιειιι
909 401 1101 459 abibit.
1137 397 1326 468 Neque
1363 395 1511 451 enim
1539 395 1822 468 Scriptura
1868 397 1938 452 iis
1972 397 2066 467 qui
2119 412 2173 451 ει

2289 400 2444 469 λόγος
2473 401 2535 455 οὐ
2561 406 2674 467 τοῖς
2702 405 2767 457 ὲκ
2799 401 2955 470 Θεοῦ,
2987 401 3062 475 μὴ
3095 367 3326 472 γένοιτο,
3358 403 3762 474 πραττομένοις
3803 405 3869 460 τά

595 501 709 556 Deo
727 499 908 554 futura
943 494 1276 566 praedicunt,
1306 507 1497 564 poenas
1518 490 1826 556 constituit,
1869 489 2014 545 absit
2041 507 2054 542 :
2083 505 2180 545 ex-

597 592 830 664 cipiatur
857 586 1004 643 enim
1032 602 1063 640 a
1089 601 1251 656 poena
1291 584 1381 638 ille
1419 589 1735 638 sanctorum
1780 581 2178 651 prophetarum

595 683 731 741 ordo
758 701 770 737 :
801 681 896 737 sed
919 681 987 735 iis
1011 681 1105 750 qui
1130 678 1244 743 illa,
1266 684 1529 746 tanquam
1553 689 1619 730 ex
1634 675 1746 729 Deo
1767 673 1899 739 sint,
1930 672 2176 743 ﬁngunt;

591 775 739 850 quod
780 769 1115 845 pmdicendi
1166 783 1369 823 munus
1425 782 1494 821 ne
1537 765 1826 821 mendacio
1853 764 2080 835 quidem
2112 762 2178 816 li-

2290 492 2366 556 ὠς
2386 492 2550 546 Θεοῦ⁸
2582 495 2666 548 ὅτι
2712 497 2846 566 μηδὲ
2878 495 3108 566 ψεύδους
3146 495 3437 567 ἐλευθέραν
3462 495 3744 551 ἐποιοῦντο
3770 498 3868 567 τὴν

2290 589 2712 656 προαγόρευσιν.
2756 588 2978 658 Ἐπειδὴ
3008 588 3065 642 δὲ
3110 587 3210 642 οὐκ
3249 587 3309 654 ἐξ
3350 585 3608 658 ἀληθείας
3635 587 3868 652 ἑλόντες,

2287 674 2538 731 λαλοῦσιν
2583 677 2619 732 ἃ
2654 679 2722 732 ἂν
2759 678 3063 749 βούλοιντο,
3094 681 3187 733 καὶ
3213 679 3275 732 τὸ
3301 678 3446 734 κατὰ
3477 679 3619 747 σφᾶς
3648 678 3869 746 αὐτοὺς,

2292 765 2552 839 ταύτῃτοι
2585 767 3041 840 διημαρτήκασιν.

592 869 786 924 herum
816 865 1045 922 faciant.
1097 863 1308 932 Itaque,
1355 859 1504 930 quia,
1553 873 1680 913 cum
1715 873 1747 912 a
1775 857 2010 912 veritate
2059 867 2170 908 non
2209 859 2546 926 acceperint,
2580 861 2884 930 loquuntur
2936 875 3058 931 qua
3113 860 3305 915 volunt
3343 863 3412 916 ex
3450 877 3510 918 se
3550 863 3706 934 ipsis,
3746 862 3872 918 ideo

799 969 838 1015 ῑ.

725 976 838 1015 ant.

590 977 859 1110 pelicALL.
912 1052 1053 1108 Num
1090 1049 1256 1121 igitur
1301 1048 1362 1102 in
1407 1047 1514 1103 hoc
1567 1047 1956 1118 dignoscemus
1993 1049 2180 1098 utrum

591 1149 738 1204 Deus
772 1147 864 1212 sit,
893 1145 987 1216 qui
1023 1157 1286 1214 responsa
1321 1139 1559 1205 dederit,
1609 1157 1682 1194 an
1731 1139 1810 1193 illi
1849 1153 1917 1192 ex
1960 1150 2018 1189 se
2049 1133 2182 1204 ipsis

592 1242 888 1312 loquantur
908 1239 932 1291 ?

604 1349 607 1354 ·
663 1331 820 1387 CYR.
849 1331 918 1384 Et
942 1325 1438 1399 quidem’maxime
1470 1343 1481 1378 :
1518 1338 1644 1378 nam
1673 1321 1728 1377 id
1767 1336 1986 1392 quoque
2018 1319 2180 1374 nobis

592 1422 778 1477 divina
804 1421 890 1475 lex
913 1420 1021 1491 jam
1059 1417 1438 1489 persuadebit.
1476 1414 1566 1470 Sic
1590 1413 1737 1469 enim
1773 1412 1912 1467 dixit
1942 1413 2091 1466 Deus
2121 1412 2177 1466 in

591 1512 1014 1570 Deuteronomio
1038 1527 1053 1566 :
1083 1530 1101 1561 ‹
1127 1510 1284 1577 Quod
1308 1510 1352 1565 si
1370 1508 1571 1565 dixerit
1593 1506 1865 1579 quispiam
1887 1506 1943 1560 in
1966 1505 2131 1561 corde
2163 1524 2173 1558 :

589 1606 876 1675 Quomodo
897 1618 1294 1676 cognoscemus
1335 1601 1566 1656 verbum
1596 1600 1743 1671 quod
1779 1599 2047 1653 Dominus
2068 1614 2177 1652 non

589 1706 677 1755 est
710 1697 960 1753 locutus?
985 1711 1324 1766 quaecunque
1349 1694 1568 1750 locutus
1597 1691 1765 1747 fuerit
1789 1691 1882 1744 ille
1907 1690 2176 1760 propheta

592 1792 648 1846 in
682 1791 904 1846 nemine
921 1788 1159 1852 Domini,
1187 1787 1240 1842 id
1266 1796 1450 1842 autem
1478 1801 1581 1840 nec
1611 1783 1815 1839 factum
1854 1782 2042 1845 fuerit,
2077 1797 2178 1836 ne-

589 1894 697 1950 que
726 1878 1019 1949 contigerit
1055 1878 1161 1932 hoc
1193 1877 1448 1942 verbum,
1485 1873 1631 1946 quod
1677 1890 1788 1928 non
1835 1880 1921 1928 est
1961 1873 2179 1927 locutus

589 1971 889 2036 Dominus,
942 1970 997 2023 in
1039 1970 1319 2040 impietate
1357 1969 1577 2023 locutus
1609 1975 1695 2022 est
1732 1967 1822 2021 ille
1864 1965 2174 2035 propheta:

586 2079 698 2119 non
759 2063 1112 2119 abstinebitis
1167 2062 1236 2116 ab
1281 2060 1464 2116 illo“.
1498 2080 1515 2112 ι
1560 2058 1826 2129 lntelligis
1875 2073 1942 2112 ex
1991 2071 2178 2110 rerum

586 2155 976 2225 praedictarum
1011 2152 1367 2208 frustratione
1395 2150 1765 2207 certissimum
1795 2154 2178 2218 argumentum

585 2247 730 2302 sumi
758 2287 772 2314 ,
809 2246 957 2317 quod
996 2261 1108 2302 non
1137 2262 1206 2301 ex
1237 2245 1352 2300 Deo
1385 2242 1670 2314 quidpiam
1701 2240 2028 2312 praedictum
2059 2239 2131 2294 sit
2161 2257 2173 2291 :

582 2339 834 2395 veritatis
881 2339 1028 2394 enim
1055 2339 1229 2393 amica
1269 2345 1354 2392 est
1379 2336 1605 2391 veritas.
1651 2333 1976 2405 Huiusmodi
2011 2331 2176 2404 quid-

584 2432 709 2487 dam
743 2432 909 2487 etiam
937 2447 1037 2502 per
1063 2431 1317 2487 Ieremia;
1340 2443 1534 2483 vocem
1563 2426 1640 2482 ait
1667 2444 1679 2479 :
1714 2446 1732 2478 ‹
1774 2427 1920 2481 Deus
1945 2424 2176 2496 propin-

583 2539 760 2595 quans
785 2539 886 2596 ego
905 2539 1050 2589 sum,
1075 2521 1509 2585 dieitDominus,
1537 2528 1593 2576 et
1610 2535 1722 2575 non
1735 2520 1882 2573 Deus
1898 2517 1965 2572 de
1980 2519 2172 2586 longe;

582 2617 1025 2672 Si-abscondetur
1049 2616 1217 2670 homo
1253 2615 1312 2668 in
1342 2613 1600 2677 occultis,
1629 2620 1685 2667 et
1723 2626 1826 2681 ego
1845 2625 1957 2664 non
1974 2608 2175 2662 videbo

581 2710 746 2764 eum?
775 2709 934 2780 187
951 2709 1144 2764 Nonne
1160 2709 1360 2763 coelum
1382 2715 1436 2761 et
1449 2715 1653 2760 terram
1670 2719 1770 2774 ego
1792 2699 2026 2771 impleo?
2041 2697 2176 2752 dicit

582 2803 866 2857 Dominus.
922 2798 1124 2854 Audivi
1175 2813 1297 2868 quae
1330 2797 1634 2866 loquuntur
1678 2791 1962 2862 prepheta:
1990 2829 2004 2853 ,
2053 2803 2176 2857 qua:

583 2893 918 2963 prophetam
968 2891 1025 2944 in
1071 2891 1296 2945 nomine
1322 2905 1444 2944 meo
1483 2888 1619 2943 falsa
1648 2888 1714 2938 θ’.
1754 2903 1772 2936 ι
1815 2881 2043 2944 Deinde,
2080 2895 2174 2935 ac-

583 2983 867 3039 cusatione
920 2981 1074 3054 gravi
1111 2979 1328 3035 divinas
1365 2979 1515 3051 leges
1572 2971 2043 3032 contemnentium
2082 2969 2170 3022 in-

585 3077 834 3149 terjecta,
875 3090 996 3146 quae
1033 3073 1420 3146 praedictiones
1451 3089 1518 3126 ex
1542 3071 1656 3125 Deo
1679 3067 1809 3130 sint,
1843 3079 2033 3136 quaeve
2060 3078 2173 3117 non
2202 3102 2246 3163 Ο

583 3169 714 3234 sint,
743 3177 1004 3240 tanquam
1031 3168 1256 3224 evidens
1279 3160 1749 3223 indicium-allen,
1772 3158 1944 3228 ipsam
1975 3169 2172 3224 nempe

585 3263 889 3318 veritatem.
922 3260 1014 3316 Ait
1055 3260 1204 3315 enim
1238 3259 1441 3314 iterum
1482 3274 1496 3308 :
1537 3274 1555 3306 ί
1591 3252 1906 3320 Propheta,
1961 3247 2019 3302 in
2063 3262 2173 3317 quo

579 3364 668 3411 est
699 3356 996 3418 somnium,
1046 3361 1103 3408 et
1159 3353 1215 3406 in
1244 3365 1355 3420 quo
1394 3355 1479 3404 est
1525 3360 1707 3402 sermo
1759 3357 1950 3406 meus,
1984 3346 2174 3394 narret

582 3447 816 3503 verbum
841 3459 1026 3499 meum
1049 3445 1106 3498 in
1129 3443 1364 3497 veritate
1389 3439 1456 3491 ’³.
1496 3458 1514 3490 ι
1554 3438 1713 3501 Nam,
1747 3435 1792 3489 si
1826 3431 1958 3504 quid
1993 3431 2172 3485 visum

585 3537 752 3594 fuerit
789 3554 822 3592 a
849 3537 1083 3593 veritate
1120 3535 1434 3603 discrepare
1460 3571 1474 3595 ,
1511 3528 1646 3584 illud
1677 3528 1855 3597 ipsum
1904 3522 2171 3579 continuo

583 3645 745 3686 suum
789 3636 1076 3701 parentem
1109 3635 1274 3696 atque
1327 3631 1608 3679 auctorem
1671 3634 1792 3674 esse
1845 3616 2169 3672 mendacem

587 3721 781 3792 prodet
805 3763 818 3786 ,
855 3729 913 3776 et
938 3735 969 3776 a
995 3735 1094 3775 suo
1126 3717 1292 3774 corde
1338 3716 1676 3785 loquentem,
1704 3727 1814 3767 non
1841 3727 1908 3766 ex
1933 3726 2029 3765 ore
2064 3709 2171 3763 Do-

585 3815 741 3878 mini,
767 3814 909 3869 sicut
929 3812 1196 3882 scriptum
1223 3820 1325 3865 est.

651 3904 849 3959 PALL.
907 3904 1164 3959 Placetne
1223 3901 1452 3970 aliquid,
1508 3899 1656 3969 quod
1718 3893 2031 3951 necessario
2097 3892 2168 3945 sit

586 3996 962 4068 quazrendum,
991 4008 1400 4064 proponamus;
1436 4007 1504 4045 an
1527 3991 1581 4044 id
1621 3989 1850 4044 missum
1876 3985 2162 4049 faciamus,

585 4104 647 4144 ac
668 4088 852 4160 potius
871 4101 1162 4159 pergamus
1179 4101 1288 4156 quo
1309 4099 1408 4139 nos
1429 4092 1520 4138 tua
1540 4082 1760 4138 duxerit
1776 4079 1993 4136 oratio?

651 4179 808 4236 CYR.
840 4179 1282 4251 Atqui,Palladi,
1304 4193 1426 4249 qua:
1445 4177 1514 4232 ad
1537 4176 1831 4232 utilitatem
1854 4175 2166 4230 necessaria

583 4285 730 4339 sunt,
753 4290 862 4328 non
890 4273 946 4327 in
970 4271 1214 4328 minimis
1226 4270 1481 4325 ducimus
1505 4287 1517 4323 :
1543 4270 1728 4339 itaque
1750 4267 1934 4322 minus
1950 4267 2123 4321 libere
2147 4305 2162 4330 ,

581 4369 625 4423 si
646 4367 778 4440 quid
799 4367 1049 4422 videatur
1073 4364 1346 4436 proferre,
1369 4363 1626 4433 equidem
1648 4357 2163 4432 reprehendendum

2357 1039 2568 1092 IIAAA.
2606 1032 2731 1110 Ἆρ’
2764 1035 2878 1103 οὖν,
2912 1039 2969 1094 ὲν
3018 1037 3154 1110 τῷδε
3198 1039 3607 1107 διαγνωσόμεθα
3665 1041 3872 1112 πότερα

2283 1131 2418 1194 Θεὸς
2444 1133 2472 1184 6
2495 1132 2882 1203 χρησμοδοτῶν
2925 1133 3096 1199 ἐστιν,
3126 1133 3294 1204 ήγουν
3318 1134 3513 1187 ἐκεῖνοι
3542 1134 3764 1188 λαλοῦσι
3799 1134 3870 1188 τά

2284 1224 2434 1294 σφῶν
2467 1225 2678 1291 αὑτῶν;

2353 1319 2520 1371 ΚΥΡ.
2558 1319 2669 1372 Καὶ
2699 1320 2844 1390 μάλα
2869 1339 2881 1352 ·
2916 1322 3059 1391 θεῖος
3093 1324 3201 1395 γὰρ
3227 1323 3323 1377 καὶ
3350 1323 3498 1394 ἡμᾶς
3535 1323 3673 1393 πρὸς
3711 1321 3870 1376 τοῦτο

2285 1410 2448 1475 εὐθὺς
2493 1412 2778 1466 ἀναπείσει
2839 1415 3024 1486 νόμος.
3083 1417 3227 1487 Ἔφη
3281 1417 3389 1488 γὰρ
3432 1415 3575 1469 οὓτω
3626 1415 3760 1480 Θεὸς
3811 1418 3870 1468 ὲν

2289 1505 2724 1576 Δευτερονομίῳ⁹
2774 1526 2792 1559 ι
2839 1507 2965 1561 Ἐὰν
3009 1509 3066 1562 δὲ
3105 1509 3238 1580 λέγῃ
3263 1527 3346 1573 τις
3389 1511 3447 1563 ὲν
3488 1509 3706 1579 καρδία·
3741 1507 3869 1571 Πῶς

2285 1594 2611 1666 γνωσόμεθα
2659 1597 2718 1650 τὸ
2770 1599 2952 1670 ῥῆμα,
2998 1601 3028 1654 ὃ
3077 1602 3176 1655 οὐκ
3207 1601 3438 1672 ὲλάλησε
3488 1601 3726 1672 Κύριος;
3766 1601 3868 1654 ὅσα

2288 1686 2381 1739 ὲάν
2425 1686 2634 1760 λαλήσῃ
2679 1690 2708 1742 6
2763 1694 3051 1764 προφήτης
3097 1696 3304 1757 ἐκεῖνος
3367 1695 3464 1747 ἐπὶ
3513 1693 3592 1764 τῷ
3641 1693 3868 1762 ὀνόματι

2213 1763 2252 1818 Β
2283 1776 2517 1850 Κυρίου,
2569 1781 2665 1834 καὶ
2715 1784 2790 1856 μὴ
2831 1763 3056 1854 γένηται
3099 1785 3160 1838 τὸ
3217 1786 3370 1858 ῥῆμα
3413 1787 3442 1839 ὃ
3489 1763 3588 1840 οὐκ
3636 1786 3868 1856 ὲλάλησε

2282 1875 2506 1946 Κύριος,
2528 1877 2583 1929 ὲν
2609 1876 2834 1946 ἀσεϐείᾳ
2862 1875 3124 1947 ἐλάλησεν
3148 1877 3175 1931 6
3215 1877 3524 1948 προφήτης,
3549 1877 3650 1931 οὐκ
3676 1876 3868 1946 ἀφέξε-

2284 1967 2374 2021 σθε
2407 1969 2504 2021 ἀπ’
2528 1967 2711 2023 αὐτοῦ.
2748 1987 2766 2019 ι
2790 1966 3033 2030 ’Λκούεις
3063 1969 3144 2021 ὅτι
3167 1968 3268 2033 τὰς
3295 1971 3352 2021 ὲν
3383 1971 3496 2032 τοῖς
3523 1986 3868 2040 προηγορευ-

2285 2060 2464 2131 μένοις
2500 2060 2823 2126 ἀποτεύξεις
2873 2059 3152 2124 ἀπόδειξιν
3189 2061 3413 2116 ἔσεσθαί
3458 2079 3625 2132 φησιν
3659 2061 3865 2133 ἐναργῆ

2278 2152 2374 2205 τοῦ
2412 2151 2486 2223 μὴ
2533 2153 2596 2205 ὲκ
2641 2151 2778 2205 Θεοῦ
2841 2152 3385 2224 κεχρησμοδοτῆσθαί
3434 2170 3523 2218 τις
3573 2153 3720 2222 φιλεῖ
3756 2153 3867 2222 γὰρ

2279 2245 2542 2316 ἀλήθειαν
2603 2245 2634 2312 ἡ
2690 2243 2938 2314 ἀλήθεια.
2993 2243 3250 2297 Τοιοῦτόν
3309 2243 3365 2296 τί
3425 2261 3560 2315 φησι
3630 2243 3720 2297 διὰ
3767 2244 3867 2313 τῆς

2295 2337 2559 2410 Ἰερεμίου
2594 2337 2798 2406 φωνῆς’
2841 2355 2860 2388 ι
2913 2335 3045 2400 Θεὸς
3087 2335 3321 2404 ὲγγίζων
3364 2336 3476 2405 ἐγώ
3523 2337 3673 2407 είμι,
3717 2337 3867 2404 λέγει

2279 2429 2512 2500 Κύριος,
2543 2428 2636 2482 καὶ
2674 2429 2796 2499 οὐχὶ
2821 2427 2955 2491 Θεὸς
2983 2427 3290 2499 πόρρωθεν·
3323 2431 3371 2482 εί
3403 2430 3739 2500 κρυϐήσεται
3770 2429 3867 2482 ἀνε-

2280 2521 2497 2593 θρωπος
2539 2525 2596 2575 έν
2645 2521 2964 2593 κρυφαίοις,
2997 2523 3092 2575 καὶ
3124 2521 3235 2591 ἐγὼ
3279 2523 3380 2576 οὐκ
3419 2521 3622 2593 δψομαι
3661 2523 3863 2589 αὖτόνς

2277 2611 2370 2681 Μὴ
2394 2611 2516 2682 οὐχὶ
2535 2610 2626 2663 τὸν
2655 2611 2887 2681 οὐρανὸν
2919 2611 3014 2664 καὶ
3057 2610 3156 2682 τὴν
3186 2611 3290 2682 γῆν
3322 2610 3432 2680 ἐγὼ
3459 2611 3688 2683 πληρῶ;
3718 2611 3866 2680 λέγει

2278 2704 2503 2775 Κύριος.
2547 2704 2807 2756 Ἤκουσα
2856 2702 2892 2757 ἃ
2936 2703 3190 2757 λαλοῦσιν
3224 2704 3274 2757 οἱ
3316 2703 3592 2775 προφῆται
3615 2744 3629 2769 ,
3664 2703 3700 2757 ἃ
3734 2720 3865 2774 προ-

2277 2795 2604 2868 φητεύουσιν
2634 2797 2682 2849 οἱ
2716 2797 2993 2869 προφῆται
3026 2797 3084 2850 ὲν
3115 2796 3194 2868 τῷ
3221 2796 3448 2867 ὀνόματί
3480 2813 3584 2867 μου
3613 2795 3809 2868 ψευδῆ.
3840 2816 3858 2848 ι

2279 2881 2414 2940 Εἶτα
2453 2887 2542 2941 διὰ
2593 2888 2761 2958 μέσου
2798 2888 2924 2950 τοὺς
2954 2886 3064 2941 τῶν
3097 2886 3256 2941 θείων
3291 2888 3472 2959 νόμων
3516 2889 3863 2960 καταφρονή-

2279 2997 2481 3045 σαντας
2535 2982 3000 3053 ἐπαιτιασάμενος
3071 2983 3130 3037 οὐ
3192 2983 3435 3055 μικρῶς,
3498 2983 3706 3054 ἐναργῆ
3765 2983 3864 3053 τήν

2279 3073 2556 3138 ἀπόδειξιν
2590 3073 2697 3127 τῶν
2718 3091 2778 3127 τε
2811 3074 2877 3127 ὲκ
2907 3071 3044 3128 Θεοῦ
3073 3075 3167 3128 καὶ
3211 3075 3286 3146 μὴ
3313 3117 3328 3144 ,
3365 3075 3550 3130 δίδωσι
3597 3075 3694 3148 τὴν
3729 3075 3861 3144 ἀλή-
3906 3133 3911 3138 ,

2284 3167 2454 3223 θείαν.
2493 3168 2638 3238 Ἔφη
2684 3168 2791 3239 γὰρ
2835 3167 3030 3221 πάλινο
3072 3186 3092 3218 ‹
3145 3165 3205 3220 '0
3239 3169 3564 3240 προφήτης,
3621 3169 3680 3221 ὲν
3723 3161 3770 3236 ᾧ
3803 3168 3862 3220 τὸ

2282 3259 2529 3312 ἐνύπνιον
2564 3258 2729 3311 αὑτοῦ
2753 3299 2767 3323 ,
2797 3262 2890 3311 καὶ
2922 3262 2980 3313 ὲν
3108 3260 3137 3312 6
3176 3259 3334 3328 λόγος
3369 3277 3470 3330 μου
3498 3258 3636 3333 πρὸς
3674 3259 3857 3323 αὐτὸν,

2279 3351 2631 3424 διηγησάσθω
2662 3352 2752 3407 τὸν
2775 3352 2930 3422 λόγον
2959 3370 3060 3424 μου
3085 3355 3170 3407 ἐπ’
3197 3352 3482 3422 ἀληθείας.
3526 3372 3544 3405 ι
3588 3353 3676 3416 Ὠς
3703 3354 3859 3425 εἴπερ

2277 3463 2330 3498 τι
2366 3445 2611 3514 φαίνοιτο
2645 3445 2745 3516 τῆς
2782 3444 3043 3515 ἀληθείας
3081 3445 3435 3516 ἠμαρτηκὸς,
3470 3445 3760 3510 ὲκδείξειεν
3797 3445 3861 3501 ἂν

2279 3537 2412 3591 αὐτὸ
2462 3538 2623 3601 εὐθὺς
2654 3533 2924 3608 ψευόοεπῆ
2970 3537 3061 3591 τὸν
3088 3538 3422 3610 γεννήτορα,
3479 3539 3574 3592 καὶ
3607 3537 3716 3593 ἀπὸ
3762 3539 3860 3608 τῆς

2279 3630 2473 3686 ἑαυτοῦ
2525 3630 2793 3686 λαλοῦντα
2844 3631 3106 3704 καρδίας,
3148 3631 3249 3684 οὐκ
3290 3631 3396 3685 ἀπὸ
3435 3631 3702 3703 στόματος
3748 3633 3858 3686 Κυ-

2281 3720 2396 3792 ρίου
2417 3764 2430 3788 ,
2463 3722 2608 3776 καθά
2639 3721 2969 3796 γέγραπται.

2348 3901 2557 3956 ΠΑΛᾹ.
2603 3901 2792 3955 Βούλει
2839 3919 2890 3955 τι
2934 3901 3118 3974 θῶμεν
3154 3901 3263 3956 τῶν
3295 3901 3613 3972 ἀναγκαίων
3650 3903 3731 3966 είς
3763 3902 3855 3973 βάο

2279 4015 2465 4063 σανον,
2500 3999 2532 4068 ἦ
2563 3998 2830 4068 παρέντες
2867 3998 3036 4068 ἴωμεν
3058 4037 3072 4061 ,
3097 3991 3243 4072 ᾗπερ
3272 3998 3338 4052 ἂν
3365 3997 3393 4050 6
3423 3997 3514 4062 σὸς
3548 3997 3696 4068 ἡμᾶς
3721 3997 3852 4052 ἀπο-

2277 4091 2480 4162 κομίσῃ
2513 4089 2672 4158 λόγος
2688 4106 2702 4155 ;

2345 4183 2509 4236 ΚΥΡ.
2558 4183 2668 4237 Καὶ
2706 4182 2846 4254 μὴν,
2877 4175 2922 4236 ὦ
2942 4171 3248 4250 Ἡαλλὰδιε,
3283 4183 3392 4237 τῶν
3422 4182 3740 4252 ἀναγκαίων
3773 4183 3854 4246 είς

2273 4276 2458 4348 ὄνησιν
2490 4275 2550 4328 οὐ
2580 4273 2787 4346 βραχὺς
2822 4277 2958 4347 ἡμῖν
2983 4278 3010 4330 6
3040 4275 3218 4345 λόγος·
3251 4275 3327 4340 ὼς
3357 4275 3420 4329 τό
3450 4293 3532 4330 τοι
3568 4275 3644 4347 μὴ
3690 4277 3854 4346 φάναι

2272 4367 2332 4421 τὸ
2373 4367 2564 4422 δοκοῦν
2609 4368 2912 4441 ἐλευθέρως
2959 4369 3392 4440 ὲπαιτιασαίμην
3442 4368 3546 4436 ἂν,
3579 4369 3676 4423 καὶ
3713 4367 3856 4440 μάλα

581 4471 802 4532 putem;
827 4459 990 4529 idque
1006 4457 1371 4527 jureOptimo.
1396 4453 1768 4522 Quamobrem
1790 4451 1928 4506 nihil
1950 4450 2166 4504 veritus

2278 4459 2516 4524 εἰκότως·
2554 4458 2731 4532 φράζε
2759 4460 2824 4531 δὴ
2846 4455 2938 4513 οῦν
2962 4460 3200 4532 ὀκνήσας
3222 4461 3392 4515 οὐδέν.
3419 4490 3429 4499 -

582 4553 693 4616 dic,
719 4553 764 4607 si
783 4551 918 4622 quid
953 4552 1111 4605 velis.

563 4677 569 4687 ε
647 4643 849 4700 PALL.
873 4643 929 4698 Si
951 4658 1059 4698 non
1081 4643 1149 4697 ab
1170 4657 1265 4697 ore
1307 4641 1522 4696 Domini
1548 4641 1851 4710 loquuntur
1885 4639 2162 4703 nonnulli,

580 4735 673 4790 sed
711 4744 984 4798 eructant,
1024 4743 1085 4788 ut
1111 4734 1212 4796 ais,
1237 4732 1305 4786 de
1334 4732 1500 4787 corde
1521 4747 1662 4797 suo;
1699 4745 1943 4801 quonam
1992 4729 2160 4800 igitur

582 4825 745 4880 modo
775 4835 1026 4878 sanctum
1068 4823 1401 4888 Samuelem,
1442 4824 1696 4894 quamvis
1715 4823 1829 4893 jam
1859 4831 2160 4885 mortuum,

581 4913 904 4985 Pythonissa
934 4911 1043 4965 .illa
1079 4911 1277 4966 mulier
1340 4913 1407 4967 ad
1447 4913 1576 4968 Saul
1627 4913 1907 4984 produxit,
1948 4912 2043 4982 qui
2083 4911 2162 4965 illi

515 5032 528 5057 I
582 5021 766 5061 rerum
809 5003 1120 5071 futurarum
1155 5004 1362 5060 exitum
1399 5007 1730 5076 exponeret?
1769 5005 1895 5060 Hmc
1914 5003 2060 5059 enim
2087 5003 2167 5058 sic

581 5112 700 5154 esse
721 5107 892 5170 gesta,
915 5111 1094 5167 neque
1113 5096 1271 5151 aliter
1293 5095 1581 5160 accidisse,
1607 5098 1830 5167 quidam
1855 5108 2066 5168 putant.

642 5275 800 5330 CYR.
818 5275 962 5331 Num
985 5287 1044 5331 tu
1065 5289 1283 5346 quoque
1302 5290 1413 5330 non
1435 5274 1509 5331 ita
1530 5291 1586 5329 se
1608 5291 1720 5330 rem
1745 5275 1948 5332 habere
1971 5289 2130 5348 putas
2147 5318 2160 5341 ,

581 5366 636 5418 in
660 5380 836 5436 eoque
857 5367 1064 5421 rectius
1076 5367 1358 5424 existimas
1377 5384 1390 5421 :
1411 5383 1477 5422 an
1497 5367 1727 5422 ridicule
1748 5368 1882 5439 justi
1907 5370 2012 5424 viri
2039 5370 2160 5424 ani-

583 5457 728 5508 mam
787 5471 976 5510 revera
1024 5469 1268 5514 coactam
1332 5475 1453 5516 esse
1507 5458 1685 5526 dicis,
1723 5471 1777 5516 et
1837 5462 2158 5518 muliercula

582 5555 809 5601 vocante
834 5548 1083 5604 venisse?

2345 4639 2554 4694 ΠΑΛΛ.
2581 4639 2644 4692 Εἰ
2677 4639 2751 4712 μὴ
2780 4637 2888 4692 ἀπὸ
2920 4638 3184 4706 στόματος
3207 4637 3412 4709 Κυρίου
3437 4635 3663 4690 λαλοῦσί
3686 4654 3852 4704 τινες,

2274 4731 2588 4802 ἐρεύγονται
2621 4731 2709 4796 δὲ,
2747 4731 2823 4794 ὡς
2873 4729 3013 4800 φὴς,
3046 4732 3116 4786 τά
3161 4730 3273 4784 ἀπὸ
3318 4729 3582 4802 καρδίας,
3632 4730 3755 4783 τίνα
3790 4728 3853 4800 δὴ

2273 4823 2474 4895 τρόπον
2505 4823 2597 4875 καί
2646 4840 2729 4876 τοι
2771 4821 3044 4876 τεθνεῶτα
3083 4821 3175 4875 τὸν
3205 4821 3364 4890 ἅγιον
3398 4821 3651 4892 Σαμουὴλ
3690 4823 3724 4892 ή
3764 4822 3855 4890 έγ-

2274 4914 2647 4986 γαστρίμυοος
2702 4915 2887 4986 ἐκείνη
2939 4913 3077 4986 γυνὴ
3129 4915 3472 4986 παρεκόμισε
3521 4913 3598 4984 τῷ
3654 4913 3850 4976 Σαοὺλ,

2271 5005 2332 5059 τὸ
2380 5007 2488 5059 τῶν
2528 5006 2803 5076 ἐσομένων
2851 5006 2997 5077 αὐτῷ
3046 5005 3413 5078 σαφηνιοῦντα
3456 5005 3666 5076 πέρας;
3698 5005 3854 5059 ταυτὶ

2271 5094 2380 5166 γὰρ
2413 5088 2516 5148 ὦδε
2565 5093 2916 5166 πεπρᾶχθαι,
2950 5096 3045 5149 καὶ
3077 5096 3176 5167 οὐχ
3224 5095 3428 5165 ἑτέρως
3460 5093 3606 5165 ἔχειν
3651 5094 3854 5148 οἴονταί

2269 5204 2433 5250 τινες.

2339 5280 2504 5333 ΚΥΡ.
2549 5281 2663 5333 Οἴει
2711 5279 2768 5333 δὲ
2822 5280 2982 5345 αὐτὸς
3025 5281 3124 5352 οὐχ
3168 5274 3271 5334 ὧδε
3319 5281 3500 5352 ἔχειν,
3545 5285 3641 5338 καὶ
3683 5286 3854 5354 λογιεῖ

2268 5371 2428 5426 τοῦτο
2478 5373 2735 5444 ἄμεινον,
2781 5373 2949 5444 ἤγουν
2997 5373 3292 5444 φληνάφως
3348 5376 3449 5447 τὴν
3500 5376 3595 5429 τοῦ
3640 5375 3852 5432 δικαίου

2268 5464 2446 5535 ψυχὴν
2478 5464 2830 5520 ἒκὸεσιάσθαι
2859 5467 2965 5539 φὴς
2999 5467 3138 5522 κατὰ
3164 5467 3224 5521 τὸ
3251 5467 3470 5538 ἀληθὲς,
3506 5468 3600 5523 καὶ
3625 5469 3848 5538 γυναίου

2269 5556 2562 5622 καλοῦντος
2588 5557 2766 5613 ἐλθεῖν
2787 5576 2801 5628 ;
3248 5559 3257 5563 ’
3452 5560 3460 5563 ”

669 5729 716 5762 ⁹¹
752 5728 913 5784 Deut.
959 5747 1109 5788 xvm.
1138 5731 1229 5791 2i.
1267 5733 1353 5786 οε.
1435 5734 1615 5790 "Jer.
1641 5750 1798 5801 xxm,
1824 5735 2016 5793 25—95.
2096 5738 2142 5770 ⁹³
2172 5737 2306 5792 ibid.
2335 5738 2423 5792 98.
