4138 6300
608 446 717 503 455

1637 446 1693 506 S.
1728 446 2007 505 CYRlLLl
2045 443 2517 503 ALEXANDRINI
2556 440 2872 499 ARCHIEP.

3779 382 3877 488 .2...

612 578 776 621 nemo
799 569 981 633 potest
1009 579 1205 635 rapere
1232 578 1302 620 ex
1323 579 1490 619 manu
1516 563 1695 620 Patris
1726 564 1836 620 mei
1859 564 1943 619 "1'
1962 585 1980 616 ι
2019 563 2191 619 Dece-

2301 571 2401 633 μου
2428 558 2487 624 ὃς
2518 555 2688 613 εδωκὲ
2726 574 2846 628 μοι,
2884 552 3106 608 πάντων
3150 549 3356 624 μείζων
3397 549 3518 604 ἐστὶ
3538 589 3554 616 ,
3586 549 3682 604 καὶ
3709 549 3877 613 οὐδεὶς

613 657 695 727 pit
712 656 881 712 etiam
904 656 1116 713 scilicet
1143 655 1305 728 189
1333 655 1559 728 pietatis
1581 656 1638 712 in
1663 654 1946 713 Christum
1963 655 2197 712 athletas

612 745 966 802 beatissimus
990 745 1211 812 Petrus,
1244 761 1371 801 cum
1392 745 1461 802 ad
1494 746 1645 803 hunc
1679 745 1905 801 modum
1929 746 2151 817 scripsit
2178 763 2191 799 :

614 858 635 890 ι
665 837 858 909 Itaque
904 845 961 894 et
994 837 1032 892 ii
1055 836 1150 908 qui
1192 837 1478 909 patiuntur
1513 836 1816 894 secundum
1857 837 2195 893 voluntatem

613 929 726 996 Dei,
759 928 908 987 ﬁdeli
938 928 1185 986 Creatori
1226 929 1612 985 commendent
1638 930 1849 985 animas
1878 944 2023 985 suas.
2048 929 2093 963 ’³
2122 948 2134 984 ;
2169 948 2187 981 ι

607 1020 765 1087 Quod
801 1021 849 1076 si
880 1021 994 1076 Deo
1023 1021 1459 1077 commendatam
1490 1022 1729 1077 animam
1757 1021 1901 1093 cogit
1944 1022 2190 1090 Satanas,

615 1114 839 1184 agitque
876 1128 941 1168 ac
977 1111 1085 1169 fert
1128 1129 1459 1184 quocunque
1501 1130 1603 1186 pro
1645 1125 1892 1185 tempore
1934 1117 2191 1184 voluerit,

609 1201 892 1270 quomodo
920 1202 1010 1271 ille
1035 1215 1351 1259 sanctorum
1375 1213 1677 1274 protector,
1712 1206 1806 1276 qui
1840 1206 2192 1277 uniuscujus-

613 1308 721 1362 que
774 1293 1027 1364 spiritum
1050 1294 1220 1349 veluti
1243 1294 1552 1366 depositum
1575 1296 2014 1350 commendatum
2038 1312 2194 1351 acce-

612 1382 713 1453 pit,
749 1381 928 1437 ﬁdelis
966 1381 1194 1452 intelligi
1218 1384 1454 1453 poterit?
1477 1384 1842 1439 Deliramenta
1877 1384 2041 1455 igitur
2066 1395 2195 1440 sunt

613 1471 750 1538 haec,
788 1471 899 1527 imo
943 1487 1075 1526 vero
1118 1481 1309 1542 stupor
1355 1473 1633 1540 immanis,
1671 1483 1867 1543 putare
1910 1476 2194 1545 prephetaa

613 1562 852 1619 animam
901 1578 1094 1619 revera
1143 1563 1359 1635 frigidis
1416 1565 1814 1620 scelestissimae
1855 1566 2192 1623 mulierculae

613 1656 955 1713 carminibus
997 1673 1067 1714 ex
1109 1656 1393 1713 attributis
1434 1657 1539 1713 sibi
1586 1657 1811 1714 sedibus
1849 1673 1969 1715 esse
2006 1658 2190 1715 detra-

613 1757 778 1804 ctam.

684 1839 881 1895 PALL.
905 1839 1163 1908 Quaenam
1203 1839 1373 1910 igitur
1406 1838 1574 1896 fuerit
1609 1855 1826 1908 rerum,
1878 1857 2015 1913 quas
2062 1857 2192 1898 con-

2297 652 2520 707 δύναται
2562 649 2830 724 ἁρπάζειν
2862 648 2927 701 ἐκ
2950 648 3050 718 τῆς
3085 642 3268 716 χειρὸς
3291 642 3385 697 τοῦ
3427 642 3640 715 Πατρός
3685 660 3822 714 μου;
3853 660 3874 694 ι

2297 744 2643 815 Πεφενάκικε
2669 742 2727 796 δὲ
2764 741 2908 813 τάχα
2946 756 3050 792 που
3082 737 3182 809 τῆς
3213 738 3294 802 είς
3332 735 3568 807 Χριστὸν
3598 734 3878 799 εὐσεϐείας

2299 835 2428 902 τοὺς
2467 831 2729 905 ἀθλητὰς,
2764 827 3058 903 γεγραφὼς
3088 826 3184 882 ὡδὶ
3224 827 3320 883 καὶ
3347 828 3376 881 ὁ
3420 825 3731 896 σοφώτατος
3777 826 3880 880 Πέ-

2296 941 2447 997 τρος·
2495 943 2514 976 ι
2561 923 2726 975 Ὥστε
2774 921 2870 975 καὶ
2916 917 3022 972 ὑπὸ
3068 917 3247 972 ἄλλων
3291 916 3595 986 πάσχοντες
3638 915 3784 969 κατά
3820 915 3882 968 τὸ

2294 1013 2513 1086 θέλημα
2551 1009 2750 1077 αὐτοῦ,
2784 1007 2961 1079 πιστῷ
2994 1005 3207 1080 κτίστῃ
3254 1004 3745 1077 παρατιθέσθωσαν
3783 1002 3882 1066 τὰς

2298 1104 2479 1175 ψυχὰς
2509 1102 2710 1159 αὐτῶν.
2752 1119 2771 1154 ι
2805 1100 2870 1154 El
2897 1098 2954 1154 δὲ
2999 1097 3077 1170 τῷ
3105 1095 3225 1169 Θεῷ
3269 1095 3676 1169 παρατεθεῖσαν
3704 1095 3881 1168 ψυχὴν

2298 1194 2540 1268 βιάζεται
2566 1196 2595 1249 ὁ
2634 1194 2910 1259 Σατανᾶς,
2944 1192 3093 1262 ἄγων
3139 1178 3201 1243 τε
3238 1187 3333 1244 καὶ
3386 1187 3568 1260 φέρων
3609 1182 3771 1259 οἷπερ
3819 1188 3882 1241 ἂν

2296 1288 2468 1343 ἕλοιτο
2515 1286 2660 1343 κατὰ
2702 1285 2946 1359 καιροὺς,
2999 1282 3116 1346 πῶς
3160 1282 3226 1336 ἂν
3264 1282 3440 1335 νοοῖτο
3489 1280 3682 1345 πιστὸς
3712 1282 3740 1334 ὁ
3773 1280 3880 1333 τῶν

2297 1379 2468 1448 ἁγίων
2513 1376 2906 1451 προεστηκὼς,
2951 1374 3047 1428 καὶ
3086 1372 3251 1427 οἱονεὶ
3298 1372 3775 1444 παρακαταθήκην
3819 1371 3880 1424 τὸ

2295 1470 2525 1525 ἑκάστου
2559 1467 2777 1540 πνεῦμα
2802 1464 3015 1534 λαϐὠν;
3050 1464 3231 1537 Λῆρος
3270 1458 3367 1518 οὖν
3413 1461 3523 1536 ἄρα
3571 1463 3760 1529 ταυτὶ,
3784 1462 3878 1516 καὶ

2294 1559 2609 1633 ἀποπληξία
2662 1559 2843 1632 δεινὴ,
2892 1555 2953 1612 τδ
2995 1557 3137 1611 κατά
3206 1553 3468 1629 ἀλήθειαν
3518 1552 3730 1609 οίεσθαι
3779 1555 3878 1625 τὴν

2294 1656 2575 1728 προφήτου
2592 1652 2775 1725 φωνήν
2799 1651 3031 1723 ψυχραῖς
3046 1648 3283 1721 ἐπῳδαῖς
3307 1646 3529 1720 γυναίου
3561 1646 3879 1719 μυσαρωτάο

2294 1764 2385 1801 του
2408 1747 2514 1802 τῶν
2552 1744 2962 1818 ἐκνεμηθέντων
2987 1742 3127 1815 αὐτῇ
3165 1740 3503 1797 καθελκῦσαι
3538 1741 3743 1794 τόπων.

2363 1838 2574 1895 ΠΑΛΔ.
2615 1838 2711 1903 Τίς
2761 1831 2857 1892 οὖν
2901 1834 2969 1891 ἂν
3029 1835 3246 1905 γένοιτο
3292 1831 3403 1888 τῶν
3443 1831 3816 1905 θεωρημάτων
3850 1832 3880 1884 ὁ

614 1929 934 1987 siderandas
956 1932 1362 2003 proposuimus,
1400 1932 1725 2003 explicatio?
1763 1950 1888 1988 nam
1919 1937 2032 1992 haec
2057 1934 2194 1989 adeo

2301 1933 2490 2001 λόγος;
2521 1930 2721 2002 χρῆναι
2750 1927 2861 1999 γὰρ
2890 1922 3045 1999 οἶμαι
3077 1926 3143 1981 τὰ
3168 1924 3345 1989 οὕτως
3374 1923 3576 1995 αίσχρὰ
3606 1922 3730 1996 μηδ’
3759 1922 3879 1976 ὅσον

617 2021 800 2094 turpia
824 2038 894 2077 ne
923 2022 1265 2094 simplicibus
1288 2023 1530 2095 quidem,
1565 2032 1627 2079 ut
1654 2024 1727 2080 ξω
1757 2026 1958 2089 dicam,
1993 2026 2197 2098 cogita-

615 2113 860 2170 tionibus
883 2115 1219 2172 admitteuda
1253 2130 1469 2172 censeo.

685 2205 845 2264 CYR.
888 2208 1191 2280 Propositis
1235 2209 1392 2280 prius
1436 2225 1603 2266 sacrae
1638 2210 1936 2282 Scriptum
1972 2211 2193 2279 verbis,

617 2308 736 2355 tum
771 2314 894 2371 quae
926 2301 1111 2356 animo
1150 2310 1451 2357 occurrunt
1491 2317 1861 2375 exponemus,
1898 2312 1952 2358 et
1994 2303 2196 2375 ubique

614 2392 877 2449 decorum
902 2393 1192 2466 diligenter
1214 2394 1592 2450 retinebimus.
1622 2395 1700 2450 Ea
1717 2395 1796 2450 sic
1818 2394 2059 2451 habent:
2086 2416 2104 2448 ι
2129 2396 2199 2451 Et

616 2481 837 2538 Samuel
864 2491 1116 2539 mortuus
1144 2491 1230 2538 est
1265 2490 1357 2538 :et
1378 2482 1710 2553 planxerunt
1734 2498 1861 2539 eum
1903 2484 2198 2540 universus

616 2570 782 2628 Israel
814 2580 903 2628 :et
929 2572 1265 2643 sepelierunt
1283 2586 1408 2626 eum
1432 2571 1486 2626 in
1510 2572 1870 2637 Armathaim,
1900 2572 1957 2626 in
1979 2572 2198 2628 civitate

614 2668 737 2738 ejus
753 2683 767 2721 :
781 2674 838 2721 et
854 2665 984 2721 Saul
999 2665 1224 2721 abstulit
1239 2665 1644 2737 pythonicos,et
1658 2665 1968 2735 cognitores
1981 2681 2009 2719 a
2029 2674 2195 2720 terra.

616 2758 687 2813 Et
704 2765 1102 2829 congregantur
1117 2756 1395 2828 allophyli,
1408 2764 1464 2812 et
1479 2755 1724 2823 veniunt,
1744 2765 1799 2811 et
1813 2764 2203 2812 castrametan-

623 2858 714 2905 tur
746 2847 801 2902 in
828 2846 1029 2902 Sonam
1068 2864 1083 2901 :
1122 2856 1179 2902 et
1210 2852 1503 2917 congregat
1522 2844 1648 2902 Saul
1677 2861 1894 2901 omnem
1920 2846 2199 2901 hominem

622 2937 810 3001 Israel,
839 2944 897 2991 et
929 2942 1381 2991 castrametantur
1396 2934 1449 2989 in
1466 2934 1689 2992 Gelhoe.
1724 2935 1793 2992 Et
1810 2935 2089 2992 viditSaul
2107 2951 2199 2992 ca-

621 3037 735 3086 stra
759 3028 1177 3100 allophylorum,
1201 3036 1257 3085 et
1270 3026 1456 3085 timuit
1471 3067 1486 3095 ,
1503 3037 1559 3085 et
1574 3036 1981 3084 consternatum
2009 3039 2091 3085 est
2106 3044 2202 3086 cor

617 3120 740 3194 ejus
765 3119 924 3176 valde
954 3137 968 3175 :
1007 3127 1064 3175 et
1080 3117 1359 3177 consuluit
1393 3116 1523 3177 Saul
1547 3135 1647 3191 per
1675 3120 1988 3185 Dominum,
2007 3130 2062 3177 et
2088 3135 2199 3175 non

616 3210 903 3283 respondit
940 3211 993 3269 ei
1029 3212 1293 3268 Dominus
1346 3227 1446 3283 per
1500 3212 1732 3276 somnia,
1773 3227 1952 3281 neque
1998 3212 2053 3266 in
2082 3228 2200 3266 ma-
2226 3247 2269 3306 α

615 3302 856 3372 nifestis,
892 3319 1073 3377 neque
1131 3305 1190 3360 in
1227 3304 1531 3376 prophetis.
1572 3304 1642 3358 Et
1684 3302 1824 3358 dixit
1853 3303 1980 3358 Saul
2026 3304 2199 3358 servis

612 3384 1029 3465 suis:Querite
1050 3397 1190 3452 mihi
1222 3395 1516 3450 mulierem
1561 3394 1934 3467 pythonissam
1957 3435 1972 3460 ,
2011 3402 2067 3450 et
2109 3394 2200 3450 ibo

616 3487 688 3543 ad
735 3487 908 3556 illam,
942 3495 1000 3545 et
1044 3501 1286 3558 quaeram
1313 3500 1413 3555 per
1445 3484 1614 3540 illam.
1659 3485 1727 3540 Et
1758 3484 2016 3541 dixerunt
2054 3488 2198 3543 servi

616 3578 741 3650 ejus
765 3578 835 3635 ad
866 3594 995 3635 eum
1029 3596 1043 3633 :
1086 3578 1229 3633 Ecce
1251 3574 1453 3631 mulier
1475 3575 1792 3647 pythonissa
1824 3583 1908 3632 est
1942 3577 1999 3632 in
2048 3577 2199 3633 Aen-

617 3668 743 3727 dor.
772 3669 842 3725 Et
861 3676 1155 3739 coopertus
1169 3675 1254 3724 est
1268 3666 1419 3734 Saul,
1444 3676 1500 3723 et
1514 3667 1692 3722 induit
1712 3683 1770 3724 se
1786 3667 2033 3724 vestibus
2049 3669 2198 3735 aliis,

615 3772 677 3821 et
699 3762 852 3819 vadit
883 3760 1002 3833 ipse
1044 3769 1102 3816 et
1151 3757 1263 3815 duo
1318 3759 1424 3814 viri
1460 3774 1586 3815 cum
1634 3759 1755 3830 ipso
1800 3759 1868 3815 ad
1912 3760 2200 3815 mulierem

620 3861 804 3920 nocte,
845 3859 903 3908 et
928 3852 1066 3908 dixit
1083 3850 1162 3906 illi
1188 3868 1200 3904 :
1223 3849 1415 3905 Divina
1430 3849 1567 3905 mihi
1585 3851 1641 3905 in
1657 3851 1924 3924 Pythone,
1944 3859 2002 3907 et
2032 3866 2200 3907 evoca

621 3940 693 3996 ad
726 3955 815 3995 me
840 3955 1226 4010 quemcunque
1260 3938 1448 3994 dixero
1476 3938 1596 3995 tibi.
1643 3939 1712 3996 Et
1741 3940 1881 3996 dixit
1908 3939 2108 3996 mulier
2132 3940 2200 3997 ad

623 4030 782 4086 illum
808 4046 822 4084 :
855 4029 996 4085 Ecce
1026 4032 1137 4102 jam
1163 4037 1221 4084 tu
1249 4029 1395 4084 nosti
1417 4044 1757 4100 quascunque
1780 4030 1912 4088 fecit
1943 4031 2072 4086 Saul
2093 4072 2108 4097 ,
2142 4042 2203 4090 ut

619 4120 1012 4178 exterminavit
1046 4121 1373 4194 pythonicos
1402 4130 1459 4177 et
1500 4121 1812 4193 ccgnitores
1841 4120 1910 4177 de
1939 4127 2113 4189 terra;
2144 4128 2201 4178 et

620 4228 725 4269 cur
760 4221 821 4269 tu
859 4212 1143 4268 insidiaris
1180 4213 1377 4268 animae
1407 4226 1563 4275 mea},
1594 4222 1657 4267 ut
1685 4212 1903 4269 occidas
1930 4215 2089 4268 eam?
2134 4213 2203 4268 Et

621 4303 826 4374 iuravit
851 4302 929 4358 illi
959 4302 1110 4369 Saul,
1130 4302 1321 4358 dicens
1350 4320 1363 4357 :
1394 4302 1542 4359 Vivit
1563 4303 1858 4369 Dominus,
1898 4304 1944 4360 si
1986 4304 2203 4360 eveniet

621 4394 725 4452 tibi
761 4396 890 4451 mali
931 4394 1214 4468 quidpiam
1256 4394 1316 4449 in
1358 4395 1529 4450 verbo
1566 4395 1691 4451 hoc.
1730 4396 1973 4463 Et_dixit
2003 4397 2203 4453 mulier

623 4486 776 4543 Sauli
795 4504 809 4542 :
831 4486 1004 4555 Quem
1026 4487 1277 4546 excitabo
1291 4487 1391 4544 tibi
1405 4490 1429 4543 ?
1443 4489 1512 4545 Et
1531 4488 1667 4543 dixit
1687 4506 1700 4541 :
1724 4488 1883 4559 190
1893 4488 2200 4545 Samuelem

2296 2026 2491 2089 εἰπεῖν,
2521 2021 2628 2077 κᾶν
2656 2020 2786 2091 γοῦν
2818 2020 2876 2073 ἐν
2900 2017 3085 2089 ψιλαῖς
3110 2016 3340 2081 ἐννοίαις
3368 2015 3540 2071 ἑλεῖν.

2367 2205 2535 2260 ΚΥΡ.
2579 2200 2721 2256 Αὐτὸ
2756 2199 3097 2273 παραθέντες
3140 2197 3201 2253 τὸ
3237 2198 3479 2271 Γράμμα
3516 2197 3577 2251 τὸ
3609 2196 3786 2267 ἱερὸν,
3810 2195 3881 2250 ca

2302 2297 2382 2360 είς
2433 2292 2556 2349 νοῦν
2603 2293 2747 2348 ίόντα
2802 2292 2923 2345 τότε
2975 2290 3123 2361 σαφῆ
3158 2291 3594 2361 καταστήσομεν,
3629 2286 3879 2358 πανταχῆ

2296 2385 2391 2440 τοῦ
2421 2383 2728 2456 πρέποντος
2764 2382 2936 2456 ἀπρὶξ
2963 2380 3221 2455 ἡμμένοι.
3250 2382 3405 2452 Ἔχει
3433 2380 3489 2434 δέ
3518 2377 3681 2433 οὕτω·
3720 2397 3739 2431 ι
3769 2378 3881 2432 Kal

2298 2476 2555 2550 Σαμουὴλ
2587 2476 2850 2540 ἀπέθανε,
2878 2475 2975 2530 καὶ
3005 2473 3271 2544 ὲκόψαντο
3300 2472 3463 2528 αὑτὸν
3491 2474 3599 2535 πᾶς
3637 2470 3879 2542 Ἰσραὴλ,

2299 2571 2394 2625 καὶ
2433 2569 2731 2625 θάπτουσιν
2764 2567 2927 2622 αὐτὸν
2954 2567 3012 2622 ἐν
3054 2563 3391 2638 Ἀρμαθαῒμ,
3423 2564 3480 2618 ἐν
3510 2563 3667 2617 πόλει
3690 2561 3878 2617 αὑτοῦ·

2298 2664 2395 2717 καὶ
2432 2661 2605 2717 Σαοὺλ
2653 2659 2894 2732 περιεῖλε
2925 2659 3053 2722 τοὺς
3099 2657 3605 2730 ἐγγαστριμύθους¹
3636 2655 3883 2720 καὶτοὺς

2301 2753 2544 2826 γνὼστας
2582 2752 2690 2806 ἀπὸ
2723 2752 2822 2822 τῆς
2850 2751 2977 2821 γῆς.
3022 2752 3135 2804 Kal
3164 2748 3607 2821 συναθροίζονται
3641 2749 3691 2802 οί
3719 2746 3879 2802 ἀλλό-

2301 2847 2486 2916 φυλοι,
2516 2845 2609 2900 καὶ
2638 2844 2889 2915 ἔρχονται
2914 2843 3009 2897 καὶ
3042 2842 3517 2914 παρεμϐάλλουσιν
3545 2843 3628 2906 είς
3658 2841 3879 2912 Σωνάμ.

2302 2938 2414 2994 Kal
2463 2935 2807 3007 συναθροίζει
2856 2933 3031 2989 Σαοὺλ
3069 2933 3248 2988 πάντα
3295 2934 3466 3006 ἄνδρα
3508 2932 3744 3005 Ἰσραὴλ,
3785 2932 3882 2986 καὶ

2303 3028 2783 3100 παρεμϐάλλουσιν
2835 3028 2914 3091 είς
2960 3026 3215 3081 Γελϐουὲ.
3254 3027 3366 3082 Kal
3416 3021 3521 3080 εἶδε
3563 3025 3738 3080 Σαοὺλ
3779 3026 3882 3096 τὴν

2307 3121 2663 3196 παρεμϐολὴν
2714 3122 2827 3176 τῶν
2898 3121 3245 3191 ἀλλοφύλων,
3300 3120 3396 3175 καὶ
3454 3118 3727 3190 ἐφοϐήθη.
3786 3116 3883 3172 καὶ

2304 3214 2500 3286 ἐξέστη
2551 3216 2585 3285 ή
2638 3213 2839 3285 καρδία
2901 3212 3087 3267 αὐτοῦ’
3117 3212 3341 3284 σφόδρα.
3390 3210 3501 3267 Καὶ
3556 3209 3880 3282 ἐπηρώτησε

2303 3306 2475 3362 Σαοὺλ
2514 3305 2600 3360 διά
2639 3304 2872 3377 Κυρίου,
2908 3305 3005 3359 xal
3051 3305 3154 3357 οὐκ
3183 3302 3455 3375 ἀπεκρίθη
3486 3301 3636 3374 αὐτῷ
3678 3301 3881 3374 Κύριος

2300 3398 2359 3452 ἐν
2405 3399 2516 3463 τοῖς
2548 3396 2853 3461 ἐνυπνίοις,
2895 3395 2989 3450 καὶ
3033 3397 3091 3450 ἐν
3131 3397 3246 3459 τοῖς
3288 3394 3499 3467 δήλοις,
3529 3393 3625 3448 καὶ
3672 3395 3731 3447 ἐν
3770 3393 3882 3456 τοῖς

2301 3493 2628 3564 προφήταις.
2662 3490 2773 3544 Kal
2804 3484 2928 3543 εἷπε
2965 3487 3140 3542 Σαοὺλ
3180 3488 3294 3550 τοῖς
3330 3484 3522 3540 παισὶν
3553 3483 3740 3539 αὐτοῦ’
3776 3486 3882 3556 Ζη-

2300 3581 2503 3654 τήσατέ
2532 3597 2621 3652 μοι
2653 3581 2887 3649 γυναῖκα
2911 3575 3387 3649 ἐγγαστρίμυθον,
3415 3574 3511 3629 καὶ
3542 3573 3880 3647 πορεύσομαι

2302 3674 2439 3747 πρὸς
2489 3673 2688 3743 αὐτὴν,
2734 3672 2830 3726 καὶ
2878 3670 3098 3741 ζητήσω
3147 3669 3205 3723 ἐν
3254 3669 3425 3739 αὐτῇ.
3465 3667 3576 3721 Kal
3627 3665 3784 3721 εἷπον
3832 3667 3879 3720 cl

2301 3766 2495 3830 παῖδες
2526 3764 2691 3819 αὑτοῦ
2724 3764 2860 3836 πρὸς
2886 3762 3067 3816 αὐτόν·
3121 3760 3255 3814 Ἰδοὺ
3282 3758 3422 3829 γυνὴ
3445 3758 3881 3830 ἐγγαστρίμυθος

2301 3860 2359 3915 ἐν
2392 3858 2641 3930 Ἀενδώρ.
2671 3858 2782 3912 Kal
2820 3853 3229 3924 συνεκαλύψατο
3246 3852 3440 3907 Σαούλ·
3483 3852 3578 3906 καὶ
3623 3849 3884 3921 περιεϐά-

2302 3952 2426 4005 λετο
2453 3950 2645 4022 ίμάτια
2672 3948 2836 4020 ἔτερα
2854 3988 2868 4009 ,
2897 3947 2990 4000 καὶ
3037 3943 3329 4017 πορεύεται
3359 3942 3521 4007 αὐτὸς
3549 3941 3645 3996 καὶ
3669 3940 3765 3995 δύο
3792 3941 3883 3997 ἀνα

2300 4041 2426 4111 δρες
2473 4041 2590 4110 μετ’
2638 4034 2839 4104 αὑτοῦ,
2891 4035 2985 4089 καὶ
3029 4033 3281 4106 ἔρχονται
3317 4031 3457 4106 πρὸς
3505 4032 3606 4104 τὴν
3648 4034 3885 4101 γυναῖκα

2302 4132 2529 4197 νυκτὸς,
2585 4130 2678 4184 καὶ
2723 4125 2878 4182 εἶπεν
2916 4126 3076 4198 αὑτῇ’
3122 4125 3440 4180 Μάντευσαι
3487 4124 3551 4195 δή
3590 4142 3682 4196 μοι
3715 4125 3775 4179 ἐν
3806 4121 3884 4193 τῷ

2304 4219 2746 4293 ἐγγαστριμύθῳ,
2767 4217 2860 4273 καὶ
2878 4216 3119 4287 ἀνάγαγέ
3151 4234 3240 4288 μοι
3272 4216 3331 4269 ὃν
3357 4215 3452 4269 ἐὰν
3477 4215 3617 4269 εἴπω
3642 4231 3745 4269 σοι.
3773 4212 3887 4268 Kal

2305 4308 2455 4365 εἶπεν
2509 4308 2657 4382 αὺτῷ
2683 4310 2716 4378 ή
2754 4307 2915 4379 γυνή’
2953 4306 3086 4360 Ἰδοὺ
3134 4304 3200 4376 δὴ
3228 4305 3293 4358 σὺ
3322 4300 3472 4367 οἶδας
3512 4304 3613 4358 ὅσα
3657 4303 3885 4374 ἐποίησε

2304 4401 2476 4458 Σαοὺλ
2526 4401 2603 4465 ὡς
2646 4398 3010 4471 ἐξωλὸθρευσε
3058 4397 3183 4460 τοὺς
3233 4394 3749 4467 ἐγγαστριμύθους,
3790 4393 3888 4447 καὶ

2304 4497 2428 4559 τοὺς
2458 4493 2708 4565 γνώστας
2735 4491 2844 4546 ἀπὸ
2873 4491 2971 4561 τῆς
2998 4491 3125 4561 γῆς,
3156 4491 3251 4544 καὶ
3290 4488 3431 4544 ίνατί
3471 4487 3535 4540 ch
3567 4485 3887 4555 παγιδεύεις

619 4578 802 4635 excita
824 4581 981 4636 mihi.
1014 4581 1086 4638 Et
1103 4581 1242 4639 vidit
1274 4582 1475 4637 mulier
1504 4580 1835 4646 Samuelem,
1859 4591 1914 4636 et
1935 4582 2199 4637 exclama-

2305 4587 2405 4658 τὴν
2462 4584 2643 4657 ψυχήν
2703 4601 2825 4656 μου,
2883 4582 3192 4636 θανατῶσαι
3243 4580 3446 4651 αὑτήν;
3502 4579 3615 4633 Καὶ
3668 4574 3887 4648 ὤμοσεν

622 4677 704 4725 vlt
727 4684 861 4727 voce
891 4687 1105 4743 magna.
1141 4672 1211 4730 Et
1238 4672 1374 4729 dixit
1410 4672 1609 4728 mulier
1645 4672 1713 4728 ad
1752 4671 1880 4728 Saul
1924 4672 2075 4729 :Cur
2108 4673 2203 4729 de-

501 4800 507 4809 .
624 4760 820 4831 cepisti
842 4777 931 4817 me
947 4762 1041 4819 iet
1055 4769 1113 4817 tu
1136 4778 1199 4820 es
1213 4762 1364 4820 Saul.
1391 4763 1605 4820 Etdixit
1626 4763 1704 4818 illi
1728 4779 1823 4819 rex
1846 4782 1858 4817 :
1876 4763 1953 4819 Ne
1972 4763 2165 4819 timeas
2184 4781 2199 4831 ;

592 4850 719 4951 ‘dic
746 4866 911 4951 quem
946 4851 1172 4907 videris.
1218 4853 1288 4908 Et
1310 4854 1450 4909 dixit
1488 4854 1568 4909 illi
1607 4854 1806 4909 mulier
1850 4871 1863 4908 :
1905 4855 2047 4911 Deos
2090 4856 2200 4910 vidi

627 4941 1034 5000 ascendentese
1056 4949 1223 4998 terra.
1247 4944 1317 4999 Et
1346 4944 1486 5001 dixit
1509 4945 1578 5000 ad
1602 4944 1748 5000 illam
1786 4962 1798 4998 :
1841 4943 1983 5012 Quid
2004 4961 2204 5017 cogno-

628 5030 793 5088 visti?
813 5031 885 5088 Et
907 5030 1048 5088 dixit
1074 5029 1153 5086 illi
1185 5048 1199 5084 :
1235 5030 1425 5088 Virum
1451 5039 1665 5088 rectum
1700 5034 2086 5090 ascendentem
2131 5035 2199 5091 de

627 5129 795 5187 terra,
829 5128 886 5177 et
923 5120 1016 5177 hic
1063 5119 1297 5176 amictus
1331 5119 1592 5190 diploide.
1622 5114 1693 5178 Et
1746 5124 2000 5196 cognovit
2034 5124 2161 5181 Saul
2183 5166 2197 5193 ,

626 5211 774 5283 quod
804 5211 1022 5269 Samuel
1057 5218 1205 5267 esset
1239 5210 1352 5277 hic,
1407 5217 1466 5267 et
1509 5210 1790 5269 inclinavit
1830 5230 1889 5271 se
1925 5216 1982 5271 in
2006 5215 2201 5271 faciem

627 5320 783 5359 suam
806 5304 865 5361 in
887 5314 1110 5371 terram,
1137 5311 1195 5361 et
1213 5302 1465 5362 adoravit
1495 5318 1641 5360 eum.
1675 5304 1743 5363 Et
1766 5307 1908 5362 dixit
1933 5307 2151 5364 Samuel
2186 5325 2199 5362 :

628 5394 740 5449 Cur
765 5394 1080 5468 inquietasti
1098 5413 1207 5465 me,
1248 5404 1311 5453 ut
1330 5397 1724 5454 ascenderem?
1752 5398 1820 5454 Et
1860 5398 1998 5455 dixit
2030 5400 2157 5456 Saul
2185 5418 2198 5455 :

629 5481 887 5540 Coarctor
910 5487 1103 5554 valde;
1142 5496 1202 5544 et
1231 5487 1490 5561 allophyli
1520 5488 1724 5544 bellum
1762 5499 1960 5561 gerunt
2008 5489 2201 5545 adver-

2305 4677 2443 4748 αὐτῇ
2479 4675 2671 4739 Σαοὺλ,
2712 4674 2908 4742 λέγων·
2945 4674 3019 4743 Ζῇ
3056 4670 3282 4742 Κύριος,
3312 4671 3360 4723 εί
3393 4668 3770 4739 ἀπαντήσεταί
3800 4684 3887 4719 σοι

2304 4766 2487 4820 ἀδικία
2517 4767 2573 4818 ἐν
2601 4763 2673 4834 τῷ
2695 4763 2836 4833 λόγῳ
2856 4761 3051 4830 τούτῳ.
3072 4759 3180 4813 Kal
3204 4754 3355 4812 εἶπεν
3376 4758 3409 4828 ή
3427 4756 3562 4826 γυνὴ
3584 4754 3660 4825 τῷ
3688 4751 3884 4806 Σαούλο

2305 4858 2441 4911 Τίνα
2471 4857 2735 4925 ἀναγάγω
2762 4871 2844 4908 σοι
2871 4868 2885 4920 ;
2914 4852 3025 4906 Kal
3054 4845 3197 4903 εἷπε·
3230 4848 3335 4903 Τὸν
3363 4846 3617 4920 Σαμουὴλ
3638 4843 3889 4915 ἀνάγαγέ

2309 4967 2418 5021 μοι.
2471 4947 2586 5002 Kal
2630 4942 2770 4999 εῐδεν
2801 4943 2999 5016 ήγυνη
3033 4942 3125 4996 τὸν
3148 4940 3403 5012 Σαμουὴλ
3423 4979 3439 5005 ,
3479 4939 3570 4993 καὶ
3617 4937 3889 5008 ἀνεϐόησε

2309 5042 2462 5112 φωνῇ
2495 5037 2726 5111 μεγάλῃ.
2765 5038 2877 5090 Kal
2905 5030 3056 5089 εἶπεν
3090 5034 3124 5104 ή
3154 5033 3294 5104 γυνὴ
3322 5031 3459 5103 πρὸς
3484 5029 3676 5084 Σαούλ·
3719 5026 3891 5082 Ἰνατί

2309 5132 2655 5205 παρελογίσω
2687 5147 2783 5202 με;
2816 5129 2911 5183 καὶ
2941 5128 3005 5181 σὺ
3044 5122 3096 5180 εἷ
3133 5125 3323 5179 Σαούλ.
3364 5124 3476 5178 Kal
3504 5118 3658 5175 εἶπεν
3693 5122 3832 5191 αὐτῇ
3861 5119 3893 5172 ὁ

2311 5222 2583 5295 βασιλεύς
2610 5221 2702 5292 Μὴ
2736 5219 2925 5291 φοϐοῦ,
2958 5215 3110 5272 εἶπον
3142 5217 3264 5271 τίνα
3287 5215 3558 5287 ἑώρακας.
3594 5213 3708 5267 Kal
3733 5208 3893 5265 εἶπεν

2312 5313 2523 5386 αύτῷὴ
2574 5314 2733 5384 γυνή’
2769 5312 2934 5375 Θεοὺς
2983 5310 3203 5381 ἑώρακα
3252 5306 3645 5368 ἀναϐαίνοντας
3690 5306 3756 5357 ἐκ
3787 5301 3894 5371 τῆς

2308 5403 2435 5472 γῆς.
2475 5403 2584 5455 Kal
2618 5397 2771 5455 εἶπεν
2798 5401 2955 5471 αὐτῇ·
3006 5397 3072 5452 Τί
3117 5396 3322 5466 ἐγνως;
3357 5395 3467 5449 Kal
3510 5388 3664 5446 εἶπεν
3707 5388 3890 5459 αὐτῷ·

2313 5476 2741 5566 Ἀνδρατρθιον
2788 5490 3147 5546 ἀναϐαίνοντα
3196 5489 3259 5542 ἐκ
3299 5488 3402 5558 τῆς
3429 5485 3555 5555 γῆς,
3590 5483 3685 5537 καὶ
3732 5476 3896 5542 οὗτος

631 5593 752 5635 sum
778 5594 895 5646 me;
924 5590 979 5637 et
1016 5582 1163 5639 Deus
1205 5585 1434 5642 recessit
1471 5600 1503 5641 a
1535 5600 1644 5652 me,
1675 5593 1732 5642 et
1774 5600 1885 5642 non
1925 5585 2199 5642 exaudivit

2314 5587 2564 5642 διπλοΐδα
2592 5584 3053 5657 ἀναϐεϐλημένος.
3083 5582 3196 5637 Kal
3228 5581 3369 5651 ἔγνω
3394 5577 3584 5643 Σαοὺλ,
3616 5577 3700 5630 ὅτι
3730 5566 3894 5634 οὗτος

632 5684 719 5724 me
743 5668 942 5737 adhuc,
978 5687 1156 5743 neque
1181 5672 1238 5728 in
1265 5689 1430 5731 manu
1460 5674 1875 5747 prophetarum,
1904 5691 2084 5747 neque
2106 5691 2199 5749 per

2318 5678 2601 5751 Σαμουὴλ,
2634 5677 2731 5733 καὶ
2772 5677 2972 5747 ἔκυψεν
3010 5675 3105 5729 ἐπὶ
3135 5674 3427 5746 πρόσωπον
3469 5666 3634 5724 αὐτοῦ
3667 5666 3761 5721 ἐπὶ
3789 5663 3894 5736 τὴν

704 5855 749 5887 ’⁸³
771 5851 906 5909 Joau
957 5870 1009 5917 κ,
1036 5853 1225 5908 27-29.
1305 5856 1347 5886 ⁹⁹
1373 5852 1391 5909 l
1419 5853 1563 5909 l‘etr.
1592 5870 1664 5920 iv,
1697 5854 1777 5909 l9.
