  <div class='ocr_page' id='page_1' title='image "/cluster/home/n/w/nwhite01/storage/ocr_20150623/68/mdp.39015078384438/226.png"; bbox 0 0 4138 6300; ppageno 0'>
   <div class='ocr_carea' id='block_1_1' title="bbox 414 340 513 398">
    <p class='ocr_par' dir='ltr' id='par_1_1' title="bbox 414 340 513 398">
     <span class='ocr_line' id='line_1_1' title="bbox 414 340 513 398; baseline -0.03 0"><span class='ocrx_word' id='word_1_1' title='bbox 414 340 513 398; x_wconf 76' lang='grc'><strong>157</strong></span> 
     </span>
    </p>
   </div>
   <div class='ocr_carea' id='block_1_2' title="bbox 1132 342 2955 415">
    <p class='ocr_par' dir='ltr' id='par_1_2' title="bbox 1132 342 2955 415">
     <span class='ocr_line' id='line_1_2' title="bbox 1132 342 2955 415; baseline 0.009 -16"><span class='ocrx_word' id='word_1_2' title='bbox 1132 343 1221 399; x_wconf 84' lang='lat' dir='ltr'><strong>DE</strong></span> <span class='ocrx_word' id='word_1_3' title='bbox 1258 342 1699 401; x_wconf 78' lang='lat' dir='ltr'><strong>ADORATIONE</strong></span> <span class='ocrx_word' id='word_1_4' title='bbox 1739 344 1805 401; x_wconf 80' lang='lat' dir='ltr'><strong>IN</strong></span> <span class='ocrx_word' id='word_1_5' title='bbox 1841 344 2110 405; x_wconf 73' lang='lat' dir='ltr'><strong>SPIRITU</strong></span> <span class='ocrx_word' id='word_1_6' title='bbox 2150 348 2239 404; x_wconf 83' lang='lat' dir='ltr'><strong>ET</strong></span> <span class='ocrx_word' id='word_1_7' title='bbox 2282 350 2648 409; x_wconf 78' lang='lat' dir='ltr'><strong>VERITATE.</strong></span> <span class='ocrx_word' id='word_1_8' title='bbox 2690 357 2820 412; x_wconf 89' lang='lat' dir='ltr'><strong>LIB.</strong></span> <span class='ocrx_word' id='word_1_9' title='bbox 2864 359 2955 415; x_wconf 74' lang='lat' dir='ltr'><strong>VI.</strong></span> 
     </span>
    </p>
   </div>
   <div class='ocr_carea' id='block_1_3' title="bbox 3559 365 3664 422">
    <p class='ocr_par' dir='ltr' id='par_1_3' title="bbox 3559 365 3664 422">
     <span class='ocr_line' id='line_1_3' title="bbox 3559 365 3664 422; baseline 0 0"><span class='ocrx_word' id='word_1_10' title='bbox 3559 365 3664 422; x_wconf 73' lang='grc'><strong>438</strong></span> 
     </span>
    </p>
   </div>
   <div class='ocr_carea' id='block_1_4' title="bbox 407 455 1963 554">
    <p class='ocr_par' dir='ltr' id='par_1_4' title="bbox 407 455 1963 537">
     <span class='ocr_line' id='line_1_4' title="bbox 407 455 1963 537; baseline 0.005 -26"><span class='ocrx_word' id='word_1_11' title='bbox 407 458 546 529; x_wconf 85' lang='grc' dir='ltr'><strong>γῆν,</strong></span> <span class='ocrx_word' id='word_1_12' title='bbox 580 455 674 511; x_wconf 79' lang='grc' dir='ltr'><strong>καὶ</strong></span> <span class='ocrx_word' id='word_1_13' title='bbox 718 458 1124 531; x_wconf 78' lang='grc' dir='ltr'><strong>προσεκύνησεν</strong></span> <span class='ocrx_word' id='word_1_14' title='bbox 1169 461 1338 533; x_wconf 78' lang='grc' dir='ltr'><strong>αὐτῷ.</strong></span> <span class='ocrx_word' id='word_1_15' title='bbox 1374 463 1486 517; x_wconf 79' lang='grc' dir='ltr'><strong>Καὶ</strong></span> <span class='ocrx_word' id='word_1_16' title='bbox 1531 460 1654 518; x_wconf 73' lang='grc' dir='ltr'><strong>εἷπε</strong></span> <span class='ocrx_word' id='word_1_17' title='bbox 1699 464 1963 537; x_wconf 48' lang='grc' dir='ltr'><strong>Σαμουήλπ</strong></span> 
     </span>
    </p>
   </div>
   <div class='ocr_carea' id='block_1_5' title="bbox 2062 455 3654 554">
    <p class='ocr_par' dir='ltr' id='par_1_5' title="bbox 2081 469 3654 554">
     <span class='ocr_line' id='line_1_5' title="bbox 2081 469 3654 554; baseline 0.011 -33"><span class='ocrx_word' id='word_1_18' title='bbox 2081 469 2325 537; x_wconf 86' lang='lat' dir='ltr'><strong>somnia;</strong></span> <span class='ocrx_word' id='word_1_19' title='bbox 2351 479 2408 526; x_wconf 90' lang='lat' dir='ltr'><strong>et</strong></span> <span class='ocrx_word' id='word_1_20' title='bbox 2435 486 2585 530; x_wconf 90' lang='lat' dir='ltr'><strong>nunc</strong></span> <span class='ocrx_word' id='word_1_21' title='bbox 2625 475 2815 531; x_wconf 88' lang='lat' dir='ltr'><strong>vocavi</strong></span> <span class='ocrx_word' id='word_1_22' title='bbox 2870 485 2944 543; x_wconf 90' lang='lat' dir='ltr'><strong>te,</strong></span> <span class='ocrx_word' id='word_1_23' title='bbox 2986 486 3047 533; x_wconf 91' lang='lat' dir='ltr'><strong>ut</strong></span> <span class='ocrx_word' id='word_1_24' title='bbox 3101 477 3311 538; x_wconf 87' lang='lat' dir='ltr'><strong>indices</strong></span> <span class='ocrx_word' id='word_1_25' title='bbox 3349 478 3485 536; x_wconf 90' lang='lat' dir='ltr'><strong>mihi</strong></span> <span class='ocrx_word' id='word_1_26' title='bbox 3520 484 3654 554; x_wconf 88' lang='lat' dir='ltr'><strong>quid</strong></span> 
     </span>
    </p>
   </div>
   <div class='ocr_carea' id='block_1_6' title="bbox 364 548 1983 629">
    <p class='ocr_par' dir='ltr' id='par_1_6' title="bbox 364 548 1983 629">
     <span class='ocr_line' id='line_1_6' title="bbox 364 548 1983 629; baseline 0.004 -24"><span class='ocrx_word' id='word_1_27' title='bbox 364 586 378 609; x_wconf 62' lang='grc' dir='ltr'><em>ι</em></span> <span class='ocrx_word' id='word_1_28' title='bbox 418 548 583 605; x_wconf 86' lang='grc' dir='ltr'><strong>Ἰνατί</strong></span> <span class='ocrx_word' id='word_1_29' title='bbox 661 550 1099 623; x_wconf 68' lang='grc' dir='ltr'><strong>Μρηνὼχλησάς</strong></span> <span class='ocrx_word' id='word_1_30' title='bbox 1174 571 1267 625; x_wconf 89' lang='grc' dir='ltr'><strong>μοι</strong></span> <span class='ocrx_word' id='word_1_31' title='bbox 1330 554 1598 627; x_wconf 79' lang='grc' dir='ltr'><strong>ἀναϐῆναί</strong></span> <span class='ocrx_word' id='word_1_32' title='bbox 1678 574 1798 629; x_wconf 83' lang='grc' dir='ltr'><strong>με;</strong></span> <span class='ocrx_word' id='word_1_33' title='bbox 1871 558 1983 612; x_wconf 79' lang='grc' dir='ltr'><strong>Καὶ</strong></span> 
     </span>
    </p>
   </div>
   <div class='ocr_carea' id='block_1_7' title="bbox 368 637 1981 721">
    <p class='ocr_par' dir='ltr' id='par_1_7' title="bbox 368 637 1981 721">
     <span class='ocr_line' id='line_1_7' title="bbox 368 637 1981 721; baseline 0.006 -26"><span class='ocrx_word' id='word_1_34' title='bbox 368 637 527 711; x_wconf 11' lang='grc' dir='ltr'><strong>,εἷπε</strong></span> <span class='ocrx_word' id='word_1_35' title='bbox 581 641 775 696; x_wconf 87' lang='grc' dir='ltr'><strong>Σαούλ·</strong></span> <span class='ocrx_word' id='word_1_36' title='bbox 823 642 1087 714; x_wconf 82' lang='grc' dir='ltr'><strong>Θλίόομαι</strong></span> <span class='ocrx_word' id='word_1_37' title='bbox 1149 648 1392 721; x_wconf 85' lang='grc' dir='ltr'><strong>σφόδρα,</strong></span> <span class='ocrx_word' id='word_1_38' title='bbox 1444 651 1539 704; x_wconf 74' lang='grc' dir='ltr'><strong>καὶ</strong></span> <span class='ocrx_word' id='word_1_39' title='bbox 1592 651 1643 704; x_wconf 77' lang='grc' dir='ltr'><strong>οἱ</strong></span> <span class='ocrx_word' id='word_1_40' title='bbox 1692 650 1981 721; x_wconf 76' lang='grc' dir='ltr'><strong>ἀλλόφυλοι</strong></span> 
     </span>
    </p>
   </div>
   <div class='ocr_carea' id='block_1_8' title="bbox 362 722 1979 828">
    <p class='ocr_par' dir='ltr' id='par_1_8' title="bbox 362 722 1979 828">
     <span class='ocr_line' id='line_1_8' title="bbox 362 722 1979 828; baseline 0.007 -42"><span class='ocrx_word' id='word_1_41' title='bbox 362 722 742 828; x_wconf 53' lang='grc' dir='ltr'><strong>ἰπολεμοῢσιν</strong></span> <span class='ocrx_word' id='word_1_42' title='bbox 790 735 850 789; x_wconf 84' lang='grc' dir='ltr'><strong>ἐν</strong></span> <span class='ocrx_word' id='word_1_43' title='bbox 898 735 1057 806; x_wconf 76' lang='grc' dir='ltr'><strong>ἐμοὶ,</strong></span> <span class='ocrx_word' id='word_1_44' title='bbox 1102 739 1198 794; x_wconf 74' lang='grc' dir='ltr'><strong>καὶ</strong></span> <span class='ocrx_word' id='word_1_45' title='bbox 1249 742 1279 795; x_wconf 84' lang='grc' dir='ltr'><strong>ό</strong></span> <span class='ocrx_word' id='word_1_46' title='bbox 1324 740 1458 806; x_wconf 82' lang='grc' dir='ltr'><strong>Θεὸς</strong></span> <span class='ocrx_word' id='word_1_47' title='bbox 1515 741 1825 814; x_wconf 78' lang='grc' dir='ltr'><strong>ἀφέστηκεν</strong></span> <span class='ocrx_word' id='word_1_48' title='bbox 1883 742 1979 797; x_wconf 86' lang='grc' dir='ltr'><strong>ἀπ’</strong></span> 
     </span>
    </p>
   </div>
   <div class='ocr_carea' id='block_1_9' title="bbox 401 825 1980 905">
    <p class='ocr_par' dir='ltr' id='par_1_9' title="bbox 401 825 1980 905">
     <span class='ocr_line' id='line_1_9' title="bbox 401 825 1980 905; baseline 0.004 -26"><span class='ocrx_word' id='word_1_49' title='bbox 401 825 578 897; x_wconf 75' lang='grc' dir='ltr'><strong>ἐμοῦ,</strong></span> <span class='ocrx_word' id='word_1_50' title='bbox 619 827 716 882; x_wconf 77' lang='grc' dir='ltr'><strong>καὶ</strong></span> <span class='ocrx_word' id='word_1_51' title='bbox 768 828 869 883; x_wconf 77' lang='grc' dir='ltr'><strong>οὐκ</strong></span> <span class='ocrx_word' id='word_1_52' title='bbox 907 829 1190 903; x_wconf 77' lang='grc' dir='ltr'><strong>ἐπακήκοέ</strong></span> <span class='ocrx_word' id='word_1_53' title='bbox 1248 847 1350 903; x_wconf 91' lang='grc' dir='ltr'><strong>μου</strong></span> <span class='ocrx_word' id='word_1_54' title='bbox 1405 832 1523 899; x_wconf 79' lang='grc' dir='ltr'><strong>ἔτι,</strong></span> <span class='ocrx_word' id='word_1_55' title='bbox 1578 833 1674 888; x_wconf 79' lang='grc' dir='ltr'><strong>καὶ</strong></span> <span class='ocrx_word' id='word_1_56' title='bbox 1723 835 1781 888; x_wconf 84' lang='grc' dir='ltr'><strong>ἐν</strong></span> <span class='ocrx_word' id='word_1_57' title='bbox 1832 832 1980 905; x_wconf 80' lang='grc' dir='ltr'><strong>χειρὶ</strong></span> 
     </span>
    </p>
   </div>
   <div class='ocr_carea' id='block_1_10' title="bbox 392 918 1978 1011">
    <p class='ocr_par' dir='ltr' id='par_1_10' title="bbox 392 918 1978 1011">
     <span class='ocr_line' id='line_1_10' title="bbox 392 918 1978 1011; baseline 0.003 -39"><span class='ocrx_word' id='word_1_58' title='bbox 392 918 519 1011; x_wconf 51' lang='grc' dir='ltr'><strong>1τῷν</strong></span> <span class='ocrx_word' id='word_1_59' title='bbox 571 920 903 1011; x_wconf 81' lang='grc' dir='ltr'><strong>προφητῶν,</strong></span> <span class='ocrx_word' id='word_1_60' title='bbox 953 922 1049 977; x_wconf 70' lang='grc' dir='ltr'><strong>καὶ</strong></span> <span class='ocrx_word' id='word_1_61' title='bbox 1089 924 1149 978; x_wconf 83' lang='grc' dir='ltr'><strong>ἐν</strong></span> <span class='ocrx_word' id='word_1_62' title='bbox 1194 925 1308 988; x_wconf 75' lang='grc' dir='ltr'><strong>τοῖς</strong></span> <span class='ocrx_word' id='word_1_63' title='bbox 1369 924 1673 989; x_wconf 75' lang='grc' dir='ltr'><strong>ἐνυπνίοιςο</strong></span> <span class='ocrx_word' id='word_1_64' title='bbox 1725 925 1822 981; x_wconf 78' lang='grc' dir='ltr'><strong>καὶ</strong></span> <span class='ocrx_word' id='word_1_65' title='bbox 1880 923 1978 980; x_wconf 83' lang='grc' dir='ltr'><strong>νῦν</strong></span> 
     </span>
    </p>
   </div>
   <div class='ocr_carea' id='block_1_11' title="bbox 406 1010 1976 1089">
    <p class='ocr_par' dir='ltr' id='par_1_11' title="bbox 406 1010 1976 1089">
     <span class='ocr_line' id='line_1_11' title="bbox 406 1010 1976 1089; baseline 0.004 -26"><span class='ocrx_word' id='word_1_66' title='bbox 406 1010 653 1082; x_wconf 80' lang='grc' dir='ltr'><strong>κέκληκά</strong></span> <span class='ocrx_word' id='word_1_67' title='bbox 720 1027 782 1066; x_wconf 88' lang='grc' dir='ltr'><strong>σε</strong></span> <span class='ocrx_word' id='word_1_68' title='bbox 807 1050 824 1078; x_wconf 93' lang='grc'><strong>,</strong></span> <span class='ocrx_word' id='word_1_69' title='bbox 888 1014 1159 1086; x_wconf 64' lang='grc' dir='ltr'><strong>γνωρίσαι</strong></span> <span class='ocrx_word' id='word_1_70' title='bbox 1230 1032 1370 1087; x_wconf 89' lang='grc' dir='ltr'><strong>μοι,</strong></span> <span class='ocrx_word' id='word_1_71' title='bbox 1434 1015 1490 1070; x_wconf 88' lang='grc' dir='ltr'><strong>τί</strong></span> <span class='ocrx_word' id='word_1_72' title='bbox 1571 1016 1803 1089; x_wconf 74' lang='grc' dir='ltr'><strong>ποιήσω.</strong></span> <span class='ocrx_word' id='word_1_73' title='bbox 1866 1017 1976 1070; x_wconf 78' lang='grc' dir='ltr'><strong>Καὶ</strong></span> 
     </span>
    </p>
   </div>
   <div class='ocr_carea' id='block_1_12' title="bbox 395 1068 1976 1181">
    <p class='ocr_par' dir='ltr' id='par_1_12' title="bbox 395 1068 1976 1181">
     <span class='ocr_line' id='line_1_12' title="bbox 395 1068 1976 1181; baseline 0.004 -24"><span class='ocrx_word' id='word_1_74' title='bbox 395 1068 530 1158; x_wconf 49' lang='grc' dir='ltr'><strong>ιεῖπε</strong></span> <span class='ocrx_word' id='word_1_75' title='bbox 561 1068 853 1177; x_wconf 44' lang='grc' dir='ltr'><strong>ὶαμουήλο</strong></span> <span class='ocrx_word' id='word_1_76' title='bbox 900 1068 1069 1161; x_wconf 55' lang='grc' dir='ltr'><strong>ζΙνατί</strong></span> <span class='ocrx_word' id='word_1_77' title='bbox 1131 1068 1418 1181; x_wconf 40' lang='grc' dir='ltr'><strong>ἐπειρωτᾷς</strong></span> <span class='ocrx_word' id='word_1_78' title='bbox 1448 1068 1543 1180; x_wconf 16' lang='grc' dir='ltr'><strong>ήμε</strong></span> 
     </span>
    </p>
   </div>
   <div class='ocr_carea' id='block_1_13' title="bbox 406 1195 1972 1272">
    <p class='ocr_par' dir='ltr' id='par_1_13' title="bbox 406 1195 1972 1272">
     <span class='ocr_line' id='line_1_13' title="bbox 406 1195 1972 1272; baseline 0.003 -23"><span class='ocrx_word' id='word_1_79' title='bbox 406 1195 716 1268; x_wconf 79' lang='grc' dir='ltr'><strong>ἀφέστηκεν</strong></span> <span class='ocrx_word' id='word_1_80' title='bbox 760 1197 868 1251; x_wconf 83' lang='grc' dir='ltr'><strong>ἀπὸ</strong></span> <span class='ocrx_word' id='word_1_81' title='bbox 926 1199 1020 1252; x_wconf 85' lang='grc' dir='ltr'><strong>σοῦ</strong></span> <span class='ocrx_word' id='word_1_82' title='bbox 1041 1238 1058 1265; x_wconf 92' lang='grc'><strong>,</strong></span> <span class='ocrx_word' id='word_1_83' title='bbox 1104 1199 1199 1254; x_wconf 68' lang='grc' dir='ltr'><strong>κα)⁸</strong></span> <span class='ocrx_word' id='word_1_84' title='bbox 1247 1199 1439 1269; x_wconf 78' lang='grc' dir='ltr'><strong>γέγονε</strong></span> <span class='ocrx_word' id='word_1_85' title='bbox 1489 1198 1630 1271; x_wconf 87' lang='grc' dir='ltr'><strong>μετά</strong></span> <span class='ocrx_word' id='word_1_86' title='bbox 1685 1197 1780 1254; x_wconf 83' lang='grc' dir='ltr'><strong>τοῦ</strong></span> <span class='ocrx_word' id='word_1_87' title='bbox 1835 1200 1972 1272; x_wconf 86' lang='grc' dir='ltr'><strong>πλη-</strong></span> 
     </span>
    </p>
   </div>
   <div class='ocr_carea' id='block_1_14' title="bbox 404 1286 1973 1362">
    <p class='ocr_par' dir='ltr' id='par_1_14' title="bbox 404 1286 1973 1362">
     <span class='ocr_line' id='line_1_14' title="bbox 404 1286 1973 1362; baseline 0.006 -23"><span class='ocrx_word' id='word_1_88' title='bbox 404 1286 518 1341; x_wconf 85' lang='grc' dir='ltr'><strong>σίον</strong></span> <span class='ocrx_word' id='word_1_89' title='bbox 560 1303 683 1355; x_wconf 86' lang='grc' dir='ltr'><strong>σου;</strong></span> <span class='ocrx_word' id='word_1_90' title='bbox 733 1288 830 1342; x_wconf 76' lang='grc' dir='ltr'><strong>καὶ</strong></span> <span class='ocrx_word' id='word_1_91' title='bbox 879 1290 1148 1360; x_wconf 84' lang='grc' dir='ltr'><strong>πεποίηκε</strong></span> <span class='ocrx_word' id='word_1_92' title='bbox 1200 1290 1405 1362; x_wconf 81' lang='grc' dir='ltr'><strong>Κύριός</strong></span> <span class='ocrx_word' id='word_1_93' title='bbox 1448 1307 1569 1354; x_wconf 82' lang='grc' dir='ltr'><strong>σοι,</strong></span> <span class='ocrx_word' id='word_1_94' title='bbox 1617 1290 1802 1355; x_wconf 85' lang='grc' dir='ltr'><strong>καθὼς</strong></span> <span class='ocrx_word' id='word_1_95' title='bbox 1850 1292 1973 1349; x_wconf 78' lang='grc' dir='ltr'><strong>ἐλά-</strong></span> 
     </span>
    </p>
   </div>
   <div class='ocr_carea' id='block_1_15' title="bbox 397 1379 1971 1456">
    <p class='ocr_par' dir='ltr' id='par_1_15' title="bbox 397 1379 1971 1456">
     <span class='ocr_line' id='line_1_15' title="bbox 397 1379 1971 1456; baseline 0.004 -24"><span class='ocrx_word' id='word_1_96' title='bbox 397 1381 531 1451; x_wconf 80' lang='grc' dir='ltr'><strong>λησε</strong></span> <span class='ocrx_word' id='word_1_97' title='bbox 572 1379 774 1451; x_wconf 80' lang='grc' dir='ltr'><strong>Κύριος</strong></span> <span class='ocrx_word' id='word_1_98' title='bbox 827 1381 886 1433; x_wconf 90' lang='grc' dir='ltr'><strong>ἐν</strong></span> <span class='ocrx_word' id='word_1_99' title='bbox 940 1381 1083 1451; x_wconf 87' lang='grc' dir='ltr'><strong>χειρί</strong></span> <span class='ocrx_word' id='word_1_100' title='bbox 1123 1398 1247 1451; x_wconf 81' lang='grc' dir='ltr'><strong>μου’</strong></span> <span class='ocrx_word' id='word_1_101' title='bbox 1300 1383 1397 1436; x_wconf 70' lang='grc' dir='ltr'><strong>καὶ</strong></span> <span class='ocrx_word' id='word_1_102' title='bbox 1442 1382 1724 1455; x_wconf 79' lang='grc' dir='ltr'><strong>διαρῤήξει</strong></span> <span class='ocrx_word' id='word_1_103' title='bbox 1766 1384 1971 1456; x_wconf 84' lang='grc' dir='ltr'><strong>Κύριος</strong></span> 
     </span>
    </p>
   </div>
   <div class='ocr_carea' id='block_1_16' title="bbox 396 1473 1970 1547">
    <p class='ocr_par' dir='ltr' id='par_1_16' title="bbox 396 1473 1970 1547">
     <span class='ocr_line' id='line_1_16' title="bbox 396 1473 1970 1547; baseline 0.002 -20"><span class='ocrx_word' id='word_1_104' title='bbox 396 1474 498 1545; x_wconf 81' lang='grc' dir='ltr'><strong>τὴν</strong></span> <span class='ocrx_word' id='word_1_105' title='bbox 532 1473 807 1544; x_wconf 83' lang='grc' dir='ltr'><strong>βασιλείαν</strong></span> <span class='ocrx_word' id='word_1_106' title='bbox 851 1491 945 1527; x_wconf 88' lang='grc' dir='ltr'><strong>σου</strong></span> <span class='ocrx_word' id='word_1_107' title='bbox 987 1476 1051 1527; x_wconf 86' lang='grc' dir='ltr'><strong>ἐκ</strong></span> <span class='ocrx_word' id='word_1_108' title='bbox 1089 1474 1271 1546; x_wconf 91' lang='grc' dir='ltr'><strong>χειρός</strong></span> <span class='ocrx_word' id='word_1_109' title='bbox 1297 1491 1422 1539; x_wconf 89' lang='grc' dir='ltr'><strong>σου,</strong></span> <span class='ocrx_word' id='word_1_110' title='bbox 1458 1475 1554 1528; x_wconf 79' lang='grc' dir='ltr'><strong>καὶ</strong></span> <span class='ocrx_word' id='word_1_111' title='bbox 1595 1474 1757 1528; x_wconf 82' lang='grc' dir='ltr'><strong>δώσει</strong></span> <span class='ocrx_word' id='word_1_112' title='bbox 1796 1476 1970 1547; x_wconf 79' lang='grc' dir='ltr'><strong>αὐτὴν</strong></span> 
     </span>
    </p>
   </div>
   <div class='ocr_carea' id='block_1_17' title="bbox 394 1564 1968 1638">
    <p class='ocr_par' dir='ltr' id='par_1_17' title="bbox 394 1564 1968 1638">
     <span class='ocr_line' id='line_1_17' title="bbox 394 1564 1968 1638; baseline 0.001 -20"><span class='ocrx_word' id='word_1_113' title='bbox 394 1564 475 1636; x_wconf 82' lang='grc' dir='ltr'><strong>τῷ</strong></span> <span class='ocrx_word' id='word_1_114' title='bbox 498 1564 725 1638; x_wconf 76' lang='grc' dir='ltr'><strong>πλησίον</strong></span> <span class='ocrx_word' id='word_1_115' title='bbox 748 1581 843 1619; x_wconf 89' lang='grc' dir='ltr'><strong>σου</strong></span> <span class='ocrx_word' id='word_1_116' title='bbox 876 1564 954 1637; x_wconf 83' lang='grc' dir='ltr'><strong>τῷ</strong></span> <span class='ocrx_word' id='word_1_117' title='bbox 991 1565 1180 1619; x_wconf 79' lang='grc' dir='ltr'><strong>Δαϐίδ·</strong></span> <span class='ocrx_word' id='word_1_118' title='bbox 1214 1564 1350 1619; x_wconf 83' lang='grc' dir='ltr'><strong>διότι</strong></span> <span class='ocrx_word' id='word_1_119' title='bbox 1387 1565 1489 1619; x_wconf 82' lang='grc' dir='ltr'><strong>οὐκ</strong></span> <span class='ocrx_word' id='word_1_120' title='bbox 1513 1566 1756 1636; x_wconf 73' lang='grc' dir='ltr'><strong>ηκουσας</strong></span> <span class='ocrx_word' id='word_1_121' title='bbox 1782 1567 1968 1637; x_wconf 80' lang='grc' dir='ltr'><strong>φωνῆς</strong></span> 
     </span>
    </p>
   </div>
   <div class='ocr_carea' id='block_1_18' title="bbox 392 1655 1965 1730">
    <p class='ocr_par' dir='ltr' id='par_1_18' title="bbox 392 1655 1965 1730">
     <span class='ocr_line' id='line_1_18' title="bbox 392 1655 1965 1730; baseline 0 -19"><span class='ocrx_word' id='word_1_122' title='bbox 392 1656 636 1730; x_wconf 80' lang='grc' dir='ltr'><strong>Κυρίου,</strong></span> <span class='ocrx_word' id='word_1_123' title='bbox 670 1657 765 1711; x_wconf 77' lang='grc' dir='ltr'><strong>καὶ</strong></span> <span class='ocrx_word' id='word_1_124' title='bbox 806 1656 908 1710; x_wconf 84' lang='grc' dir='ltr'><strong>οὐκ</strong></span> <span class='ocrx_word' id='word_1_125' title='bbox 945 1655 1271 1728; x_wconf 76' lang='grc' dir='ltr'><strong>ἐπλήρωσας</strong></span> <span class='ocrx_word' id='word_1_126' title='bbox 1311 1656 1481 1727; x_wconf 82' lang='grc' dir='ltr'><strong>θυμὸν</strong></span> <span class='ocrx_word' id='word_1_127' title='bbox 1500 1656 1671 1728; x_wconf 80' lang='grc' dir='ltr'><strong>ὀργῆς</strong></span> <span class='ocrx_word' id='word_1_128' title='bbox 1712 1655 1878 1710; x_wconf 83' lang='grc' dir='ltr'><strong>αὑτοῦ</strong></span> <span class='ocrx_word' id='word_1_129' title='bbox 1908 1658 1965 1711; x_wconf 82' lang='grc' dir='ltr'><strong>ἐν</strong></span> 
     </span>
    </p>
   </div>
   <div class='ocr_carea' id='block_1_19' title="bbox 378 1749 1964 1824">
    <p class='ocr_par' dir='ltr' id='par_1_19' title="bbox 378 1749 1964 1824">
     <span class='ocr_line' id='line_1_19' title="bbox 378 1749 1964 1824; baseline -0.001 -18"><span class='ocrx_word' id='word_1_130' title='bbox 378 1751 678 1823; x_wconf 79' lang='grc' dir='ltr'><strong>,Ἀμαλὴκ,</strong></span> <span class='ocrx_word' id='word_1_131' title='bbox 702 1750 792 1806; x_wconf 77' lang='grc' dir='ltr'><strong>διὰ</strong></span> <span class='ocrx_word' id='word_1_132' title='bbox 814 1749 975 1805; x_wconf 83' lang='grc' dir='ltr'><strong>τοῦτο</strong></span> <span class='ocrx_word' id='word_1_133' title='bbox 1010 1749 1073 1804; x_wconf 81' lang='grc' dir='ltr'><strong>τὸ</strong></span> <span class='ocrx_word' id='word_1_134' title='bbox 1102 1749 1256 1822; x_wconf 81' lang='grc' dir='ltr'><strong>ῥῆμα</strong></span> <span class='ocrx_word' id='word_1_135' title='bbox 1294 1750 1519 1824; x_wconf 81' lang='grc' dir='ltr'><strong>ἐποίησε</strong></span> <span class='ocrx_word' id='word_1_136' title='bbox 1549 1749 1754 1821; x_wconf 81' lang='grc' dir='ltr'><strong>Κύριός</strong></span> <span class='ocrx_word' id='word_1_137' title='bbox 1783 1767 1867 1804; x_wconf 86' lang='grc' dir='ltr'><strong>σοι</strong></span> <span class='ocrx_word' id='word_1_138' title='bbox 1905 1751 1964 1804; x_wconf 78' lang='grc' dir='ltr'><strong>ἐν</strong></span> 
     </span>
    </p>
   </div>
   <div class='ocr_carea' id='block_1_20' title="bbox 391 1840 1960 1916">
    <p class='ocr_par' dir='ltr' id='par_1_20' title="bbox 391 1840 1960 1916">
     <span class='ocr_line' id='line_1_20' title="bbox 391 1840 1960 1916; baseline 0 -20"><span class='ocrx_word' id='word_1_139' title='bbox 391 1845 458 1915; x_wconf 79' lang='grc' dir='ltr'><strong>τῇ</strong></span> <span class='ocrx_word' id='word_1_140' title='bbox 486 1843 669 1915; x_wconf 68' lang='grc' dir='ltr'><strong>ἡμέρᾳ</strong></span> <span class='ocrx_word' id='word_1_141' title='bbox 694 1843 886 1916; x_wconf 80' lang='grc' dir='ltr'><strong>ταύτῃ·</strong></span> <span class='ocrx_word' id='word_1_142' title='bbox 913 1842 1008 1897; x_wconf 80' lang='grc' dir='ltr'><strong>καὶ</strong></span> <span class='ocrx_word' id='word_1_143' title='bbox 1037 1840 1353 1913; x_wconf 76' lang='grc' dir='ltr'>παραδώσει</span> <span class='ocrx_word' id='word_1_144' title='bbox 1383 1840 1589 1914; x_wconf 83' lang='grc' dir='ltr'><strong>Κύριος</strong></span> <span class='ocrx_word' id='word_1_145' title='bbox 1614 1842 1707 1896; x_wconf 85' lang='grc' dir='ltr'><strong>τὸν</strong></span> <span class='ocrx_word' id='word_1_146' title='bbox 1746 1841 1960 1914; x_wconf 69' lang='grc' dir='ltr'><strong>Ἰσραὴλ</strong></span> 
     </span>
    </p>
   </div>
   <div class='ocr_carea' id='block_1_21' title="bbox 392 1930 1959 2009">
    <p class='ocr_par' dir='ltr' id='par_1_21' title="bbox 392 1930 1959 2009">
     <span class='ocr_line' id='line_1_21' title="bbox 392 1930 1959 2009; baseline -0.003 -18"><span class='ocrx_word' id='word_1_147' title='bbox 392 1936 537 2006; x_wconf 84' lang='grc' dir='ltr'><strong>μετά</strong></span> <span class='ocrx_word' id='word_1_148' title='bbox 561 1934 657 1990; x_wconf 84' lang='grc' dir='ltr'><strong>σοῦ</strong></span> <span class='ocrx_word' id='word_1_149' title='bbox 696 1936 777 1999; x_wconf 82' lang='grc' dir='ltr'><strong>είς</strong></span> <span class='ocrx_word' id='word_1_150' title='bbox 805 1938 992 2009; x_wconf 80' lang='grc' dir='ltr'><strong>χεῖρας</strong></span> <span class='ocrx_word' id='word_1_151' title='bbox 1031 1932 1374 2003; x_wconf 91' lang='grc' dir='ltr'><strong>ἀλλοφύλων,</strong></span> <span class='ocrx_word' id='word_1_152' title='bbox 1409 1933 1504 1987; x_wconf 77' lang='grc' dir='ltr'><strong>καὶ</strong></span> <span class='ocrx_word' id='word_1_153' title='bbox 1534 1930 1726 2004; x_wconf 74' lang='grc' dir='ltr'><strong>αὔριον</strong></span> <span class='ocrx_word' id='word_1_154' title='bbox 1752 1932 1840 1997; x_wconf 79' lang='grc' dir='ltr'><strong>σὺ,</strong></span> <span class='ocrx_word' id='word_1_155' title='bbox 1865 1933 1959 1986; x_wconf 74' lang='grc' dir='ltr'><strong>καὶ</strong></span> 
     </span>
    </p>
   </div>
   <div class='ocr_carea' id='block_1_22' title="bbox 386 2025 1960 2099">
    <p class='ocr_par' dir='ltr' id='par_1_22' title="bbox 386 2025 1960 2099">
     <span class='ocr_line' id='line_1_22' title="bbox 386 2025 1960 2099; baseline -0.003 -17"><span class='ocrx_word' id='word_1_156' title='bbox 386 2031 437 2082; x_wconf 86' lang='grc' dir='ltr'><strong>οἱ</strong></span> <span class='ocrx_word' id='word_1_157' title='bbox 465 2028 573 2083; x_wconf 82' lang='grc' dir='ltr'><strong>υίοί</strong></span> <span class='ocrx_word' id='word_1_158' title='bbox 598 2044 695 2083; x_wconf 80' lang='grc' dir='ltr'><strong>σου</strong></span> <span class='ocrx_word' id='word_1_159' title='bbox 723 2027 861 2099; x_wconf 85' lang='grc' dir='ltr'><strong>μετά</strong></span> <span class='ocrx_word' id='word_1_160' title='bbox 886 2027 980 2081; x_wconf 81' lang='grc' dir='ltr'><strong>σοῦ</strong></span> <span class='ocrx_word' id='word_1_161' title='bbox 1012 2026 1325 2091; x_wconf 82' lang='grc' dir='ltr'><strong>πεσοῦνται,</strong></span> <span class='ocrx_word' id='word_1_162' title='bbox 1356 2025 1454 2080; x_wconf 78' lang='grc' dir='ltr'><strong>καὶ</strong></span> <span class='ocrx_word' id='word_1_163' title='bbox 1478 2025 1581 2097; x_wconf 77' lang='grc' dir='ltr'><strong>τὴν</strong></span> <span class='ocrx_word' id='word_1_164' title='bbox 1607 2025 1960 2097; x_wconf 80' lang='grc' dir='ltr'><strong>παρεμϐολὴν</strong></span> 
     </span>
    </p>
   </div>
   <div class='ocr_carea' id='block_1_23' title="bbox 399 2113 1961 2192">
    <p class='ocr_par' dir='ltr' id='par_1_23' title="bbox 399 2113 1961 2192">
     <span class='ocr_line' id='line_1_23' title="bbox 399 2113 1961 2192; baseline -0.003 -17"><span class='ocrx_word' id='word_1_165' title='bbox 399 2118 616 2192; x_wconf 79' lang='grc' dir='ltr'><strong>Ἰσραὴλ</strong></span> <span class='ocrx_word' id='word_1_166' title='bbox 640 2118 800 2174; x_wconf 78' lang='grc' dir='ltr'><strong>δώσει</strong></span> <span class='ocrx_word' id='word_1_167' title='bbox 831 2118 1035 2192; x_wconf 79' lang='grc' dir='ltr'><strong>Κύριος</strong></span> <span class='ocrx_word' id='word_1_168' title='bbox 1057 2119 1138 2182; x_wconf 86' lang='grc' dir='ltr'><strong>είς</strong></span> <span class='ocrx_word' id='word_1_169' title='bbox 1171 2119 1360 2189; x_wconf 78' lang='grc' dir='ltr'><strong>χεῖρας</strong></span> <span class='ocrx_word' id='word_1_170' title='bbox 1397 2116 1729 2186; x_wconf 77' lang='grc' dir='ltr'><strong>ἀλλοφύλων.</strong></span> <span class='ocrx_word' id='word_1_171' title='bbox 1764 2135 1783 2169; x_wconf 77' lang='grc' dir='ltr'><strong>ι</strong></span> <span class='ocrx_word' id='word_1_172' title='bbox 1813 2113 1961 2188; x_wconf 57' lang='grc' dir='ltr'><strong>’Λρά</strong></span> 
     </span>
    </p>
   </div>
   <div class='ocr_carea' id='block_1_24' title="bbox 385 2206 1959 2281">
    <p class='ocr_par' dir='ltr' id='par_1_24' title="bbox 385 2206 1959 2281">
     <span class='ocr_line' id='line_1_24' title="bbox 385 2206 1959 2281; baseline -0.003 -14"><span class='ocrx_word' id='word_1_173' title='bbox 385 2231 473 2267; x_wconf 88' lang='grc' dir='ltr'><strong>σοι</strong></span> <span class='ocrx_word' id='word_1_174' title='bbox 514 2211 698 2266; x_wconf 76' lang='grc' dir='ltr'><strong>λοιπῦν</strong></span> <span class='ocrx_word' id='word_1_175' title='bbox 727 2210 995 2265; x_wconf 76' lang='grc' dir='ltr'><strong>ἐνδοιάσαι</strong></span> <span class='ocrx_word' id='word_1_176' title='bbox 1040 2210 1219 2281; x_wconf 81' lang='grc' dir='ltr'><strong>θέμις,</strong></span> <span class='ocrx_word' id='word_1_177' title='bbox 1254 2210 1336 2264; x_wconf 83' lang='grc' dir='ltr'><strong>ὅτι</strong></span> <span class='ocrx_word' id='word_1_178' title='bbox 1373 2209 1497 2273; x_wconf 79' lang='grc' dir='ltr'><strong>ταῖς</strong></span> <span class='ocrx_word' id='word_1_179' title='bbox 1526 2206 1720 2264; x_wconf 82' lang='grc' dir='ltr'><strong>ἐαυτοῦ</strong></span> <span class='ocrx_word' id='word_1_180' title='bbox 1756 2208 1959 2280; x_wconf 78' lang='grc' dir='ltr'><strong>ψήφοις</strong></span> 
     </span>
    </p>
   </div>
   <div class='ocr_carea' id='block_1_25' title="bbox 385 2299 1960 2374">
    <p class='ocr_par' dir='ltr' id='par_1_25' title="bbox 385 2299 1960 2374">
     <span class='ocr_line' id='line_1_25' title="bbox 385 2299 1960 2374; baseline -0.003 -15"><span class='ocrx_word' id='word_1_181' title='bbox 385 2302 833 2374; x_wconf 71' lang='grc' dir='ltr'><strong>κατεγνωσμένος</strong></span> <span class='ocrx_word' id='word_1_182' title='bbox 870 2303 1166 2373; x_wconf 79' lang='grc' dir='ltr'><strong>ἐκτέτηκεν</strong></span> <span class='ocrx_word' id='word_1_183' title='bbox 1193 2302 1270 2373; x_wconf 74' lang='lat' dir='ltr'><strong>(l)</strong></span> <span class='ocrx_word' id='word_1_184' title='bbox 1296 2303 1334 2355; x_wconf 78' lang='grc' dir='ltr'><strong><em>ἁ</em></strong></span> <span class='ocrx_word' id='word_1_185' title='bbox 1359 2300 1567 2366; x_wconf 85' lang='grc' dir='ltr'><strong>Σαούλ;</strong></span> <span class='ocrx_word' id='word_1_186' title='bbox 1603 2299 1822 2372; x_wconf 78' lang='grc' dir='ltr'><strong>Ἐπειδὴ</strong></span> <span class='ocrx_word' id='word_1_187' title='bbox 1849 2300 1960 2371; x_wconf 82' lang='grc' dir='ltr'><strong>γὰρ</strong></span> 
     </span>
    </p>
   </div>
   <div class='ocr_carea' id='block_1_26' title="bbox 382 2390 1961 2466">
    <p class='ocr_par' dir='ltr' id='par_1_26' title="bbox 382 2390 1961 2466">
     <span class='ocr_line' id='line_1_26' title="bbox 382 2390 1961 2466; baseline -0.002 -18"><span class='ocrx_word' id='word_1_188' title='bbox 382 2393 572 2449; x_wconf 88' lang='grc' dir='ltr'><strong>ἐδεδίει</strong></span> <span class='ocrx_word' id='word_1_189' title='bbox 602 2394 714 2449; x_wconf 85' lang='grc' dir='ltr'><strong>τῶν</strong></span> <span class='ocrx_word' id='word_1_190' title='bbox 755 2393 1132 2466; x_wconf 74' lang='grc' dir='ltr'><strong>ἡθροισμένων</strong></span> <span class='ocrx_word' id='word_1_191' title='bbox 1166 2395 1253 2462; x_wconf 76' lang='grc' dir='ltr'><strong>ἐφ’</strong></span> <span class='ocrx_word' id='word_1_192' title='bbox 1292 2390 1476 2464; x_wconf 85' lang='grc' dir='ltr'><strong>ἐαυτῷ</strong></span> <span class='ocrx_word' id='word_1_193' title='bbox 1517 2391 1578 2446; x_wconf 85' lang='grc' dir='ltr'><strong>τὸ</strong></span> <span class='ocrx_word' id='word_1_194' title='bbox 1613 2391 1840 2455; x_wconf 81' lang='grc' dir='ltr'><strong>ἀσθενὲς</strong></span> <span class='ocrx_word' id='word_1_195' title='bbox 1878 2394 1961 2456; x_wconf 85' lang='grc' dir='ltr'><strong>είς</strong></span> 
     </span>
    </p>
   </div>
   <div class='ocr_carea' id='block_1_27' title="bbox 383 2481 1955 2558">
    <p class='ocr_par' dir='ltr' id='par_1_27' title="bbox 383 2481 1955 2558">
     <span class='ocr_line' id='line_1_27' title="bbox 383 2481 1955 2558; baseline -0.002 -18"><span class='ocrx_word' id='word_1_196' title='bbox 383 2486 600 2558; x_wconf 76' lang='grc' dir='ltr'><strong>μάχην,</strong></span> <span class='ocrx_word' id='word_1_197' title='bbox 653 2485 945 2558; x_wconf 74' lang='grc' dir='ltr'><strong>μανθάνειν</strong></span> <span class='ocrx_word' id='word_1_198' title='bbox 990 2485 1145 2556; x_wconf 74' lang='grc' dir='ltr'><strong>ἠξίου</strong></span> <span class='ocrx_word' id='word_1_199' title='bbox 1196 2485 1264 2538; x_wconf 80' lang='grc' dir='ltr'><strong>τὰ</strong></span> <span class='ocrx_word' id='word_1_200' title='bbox 1314 2484 1551 2556; x_wconf 77' lang='grc' dir='ltr'><strong>ἐσόμενα</strong></span> <span class='ocrx_word' id='word_1_201' title='bbox 1602 2482 1756 2553; x_wconf 89' lang='grc' dir='ltr'><strong>παρά</strong></span> <span class='ocrx_word' id='word_1_202' title='bbox 1800 2481 1955 2537; x_wconf 82' lang='grc' dir='ltr'><strong>Θεοῦ.</strong></span> 
     </span>
    </p>
   </div>
   <div class='ocr_carea' id='block_1_28' title="bbox 378 2574 1963 2650">
    <p class='ocr_par' dir='ltr' id='par_1_28' title="bbox 378 2574 1963 2650">
     <span class='ocr_line' id='line_1_28' title="bbox 378 2574 1963 2650; baseline -0.004 -16"><span class='ocrx_word' id='word_1_203' title='bbox 378 2577 796 2650; x_wconf 86' lang='grc' dir='ltr'><strong>Σεσιωπηκότος</strong></span> <span class='ocrx_word' id='word_1_204' title='bbox 828 2577 907 2643; x_wconf 83' lang='grc' dir='ltr'><strong>δέ,</strong></span> <span class='ocrx_word' id='word_1_205' title='bbox 935 2578 1029 2632; x_wconf 76' lang='grc' dir='ltr'><strong>καὶ</strong></span> <span class='ocrx_word' id='word_1_206' title='bbox 1053 2575 1528 2639; x_wconf 85' lang='grc' dir='ltr'><strong>ἀποκαλύπτοντος</strong></span> <span class='ocrx_word' id='word_1_207' title='bbox 1559 2574 1734 2638; x_wconf 79' lang='grc' dir='ltr'><strong>οὐδὲν,</strong></span> <span class='ocrx_word' id='word_1_208' title='bbox 1762 2574 1963 2645; x_wconf 78' lang='grc' dir='ltr'><strong>τρέπε-</strong></span> 
     </span>
    </p>
   </div>
   <div class='ocr_carea' id='block_1_29' title="bbox 377 2665 1957 2742">
    <p class='ocr_par' dir='ltr' id='par_1_29' title="bbox 377 2665 1957 2742">
     <span class='ocr_line' id='line_1_29' title="bbox 377 2665 1957 2742; baseline -0.005 -16"><span class='ocrx_word' id='word_1_209' title='bbox 377 2688 473 2727; x_wconf 82' lang='grc' dir='ltr'><strong>ται</strong></span> <span class='ocrx_word' id='word_1_210' title='bbox 499 2670 636 2742; x_wconf 83' lang='grc' dir='ltr'><strong>πρὸς</strong></span> <span class='ocrx_word' id='word_1_211' title='bbox 670 2669 733 2724; x_wconf 87' lang='grc' dir='ltr'><strong>τὸ</strong></span> <span class='ocrx_word' id='word_1_212' title='bbox 752 2670 942 2724; x_wconf 74' lang='grc' dir='ltr'><strong>λυπεῖν</strong></span> <span class='ocrx_word' id='word_1_213' title='bbox 980 2669 1071 2723; x_wconf 84' lang='grc' dir='ltr'><strong>τὸν</strong></span> <span class='ocrx_word' id='word_1_214' title='bbox 1109 2670 1321 2740; x_wconf 80' lang='grc' dir='ltr'><strong>σιωπᾷν</strong></span> <span class='ocrx_word' id='word_1_215' title='bbox 1350 2666 1646 2738; x_wconf 73' lang='grc' dir='ltr'><strong>ᾑρημένον.</strong></span> <span class='ocrx_word' id='word_1_216' title='bbox 1685 2665 1957 2734; x_wconf 80' lang='grc' dir='ltr'><strong>Ἀφικνετ-</strong></span> 
     </span>
    </p>
   </div>
   <div class='ocr_carea' id='block_1_30' title="bbox 376 2755 1952 2834">
    <p class='ocr_par' dir='ltr' id='par_1_30' title="bbox 376 2755 1952 2834">
     <span class='ocr_line' id='line_1_30' title="bbox 376 2755 1952 2834; baseline -0.004 -17"><span class='ocrx_word' id='word_1_217' title='bbox 376 2779 473 2817; x_wconf 88' lang='grc' dir='ltr'><strong>ται</strong></span> <span class='ocrx_word' id='word_1_218' title='bbox 508 2762 566 2817; x_wconf 73' lang='grc' dir='ltr'><strong>δέ</strong></span> <span class='ocrx_word' id='word_1_219' title='bbox 608 2761 747 2834; x_wconf 78' lang='grc' dir='ltr'><strong>πρὸς</strong></span> <span class='ocrx_word' id='word_1_220' title='bbox 800 2762 1262 2833; x_wconf 85' lang='grc' dir='ltr'><strong>νεκυομαντείαν,</strong></span> <span class='ocrx_word' id='word_1_221' title='bbox 1305 2759 1486 2814; x_wconf 88' lang='grc' dir='ltr'><strong>καίτοι</strong></span> <span class='ocrx_word' id='word_1_222' title='bbox 1536 2758 1664 2820; x_wconf 83' lang='grc' dir='ltr'><strong>τοὺς</strong></span> <span class='ocrx_word' id='word_1_223' title='bbox 1702 2755 1952 2826; x_wconf 85' lang='grc' dir='ltr'><strong>γνώστας</strong></span> 
     </span>
    </p>
   </div>
   <div class='ocr_carea' id='block_1_31' title="bbox 378 2845 1961 2924">
    <p class='ocr_par' dir='ltr' id='par_1_31' title="bbox 378 2845 1961 2924">
     <span class='ocr_line' id='line_1_31' title="bbox 378 2845 1961 2924; baseline -0.003 -18"><span class='ocrx_word' id='word_1_224' title='bbox 378 2854 437 2906; x_wconf 76' lang='grc' dir='ltr'><strong>δέ</strong></span> <span class='ocrx_word' id='word_1_225' title='bbox 470 2870 613 2924; x_wconf 86' lang='grc' dir='ltr'><strong>φημι</strong></span> <span class='ocrx_word' id='word_1_226' title='bbox 643 2854 771 2918; x_wconf 80' lang='grc' dir='ltr'><strong>τοὺς</strong></span> <span class='ocrx_word' id='word_1_227' title='bbox 817 2853 1101 2924; x_wconf 71' lang='grc' dir='ltr'><strong>οἰομένους</strong></span> <span class='ocrx_word' id='word_1_228' title='bbox 1149 2852 1351 2907; x_wconf 77' lang='grc' dir='ltr'><strong>εἰδέναι</strong></span> <span class='ocrx_word' id='word_1_229' title='bbox 1394 2850 1466 2905; x_wconf 87' lang='grc' dir='ltr'><strong>τά</strong></span> <span class='ocrx_word' id='word_1_230' title='bbox 1517 2850 1772 2921; x_wconf 83' lang='grc' dir='ltr'><strong>ἐσόμενα.</strong></span> <span class='ocrx_word' id='word_1_231' title='bbox 1823 2845 1961 2903; x_wconf 83' lang='grc' dir='ltr'><strong>Εῐτά</strong></span> 
     </span>
    </p>
   </div>
   <div class='ocr_carea' id='block_1_32' title="bbox 380 2940 1958 3015">
    <p class='ocr_par' dir='ltr' id='par_1_32' title="bbox 380 2940 1958 3015">
     <span class='ocr_line' id='line_1_32' title="bbox 380 2940 1958 3015; baseline -0.003 -18"><span class='ocrx_word' id='word_1_232' title='bbox 380 2960 569 3015; x_wconf 87' lang='grc' dir='ltr'><strong>φησιν·</strong></span> <span class='ocrx_word' id='word_1_233' title='bbox 606 2962 626 2997; x_wconf 73' lang='grc' dir='ltr'><strong>ο</strong></span> <span class='ocrx_word' id='word_1_234' title='bbox 670 2944 940 3013; x_wconf 63' lang='grc' dir='ltr'><strong>Ἀνάγαγέ</strong></span> <span class='ocrx_word' id='word_1_235' title='bbox 965 2961 1056 3015; x_wconf 91' lang='grc' dir='ltr'><strong>μοι</strong></span> <span class='ocrx_word' id='word_1_236' title='bbox 1101 2944 1192 2999; x_wconf 75' lang='grc' dir='ltr'><strong>τὸν</strong></span> <span class='ocrx_word' id='word_1_237' title='bbox 1233 2941 1517 3014; x_wconf 79' lang='grc' dir='ltr'><strong>Σαμουὴλ,</strong></span> <span class='ocrx_word' id='word_1_238' title='bbox 1561 2960 1581 2994; x_wconf 71' lang='grc' dir='ltr'><strong>ι</strong></span> <span class='ocrx_word' id='word_1_239' title='bbox 1613 2941 1713 3011; x_wconf 86' lang='grc' dir='ltr'><strong>οὐχ</strong></span> <span class='ocrx_word' id='word_1_240' title='bbox 1753 2940 1830 3004; x_wconf 84' lang='grc' dir='ltr'><strong>ὡς</strong></span> <span class='ocrx_word' id='word_1_241' title='bbox 1859 2940 1958 3010; x_wconf 86' lang='grc' dir='ltr'><strong>τῆς</strong></span> 
     </span>
    </p>
   </div>
   <div class='ocr_carea' id='block_1_33' title="bbox 377 3032 1955 3109">
    <p class='ocr_par' dir='ltr' id='par_1_33' title="bbox 377 3032 1955 3109">
     <span class='ocr_line' id='line_1_33' title="bbox 377 3032 1955 3109; baseline -0.002 -20"><span class='ocrx_word' id='word_1_242' title='bbox 377 3037 594 3108; x_wconf 78' lang='grc' dir='ltr'><strong>ἐπῳδῆς</strong></span> <span class='ocrx_word' id='word_1_243' title='bbox 616 3037 736 3109; x_wconf 68' lang='grc' dir='ltr'><strong>ἤτοι</strong></span> <span class='ocrx_word' id='word_1_244' title='bbox 765 3038 864 3107; x_wconf 79' lang='grc' dir='ltr'><strong>τῆς</strong></span> <span class='ocrx_word' id='word_1_245' title='bbox 893 3037 1083 3108; x_wconf 82' lang='grc' dir='ltr'><strong>μάγων</strong></span> <span class='ocrx_word' id='word_1_246' title='bbox 1109 3036 1322 3107; x_wconf 80' lang='grc' dir='ltr'><strong>τέχνης,</strong></span> <span class='ocrx_word' id='word_1_247' title='bbox 1351 3035 1453 3104; x_wconf 85' lang='grc' dir='ltr'><strong>τὴν</strong></span> <span class='ocrx_word' id='word_1_248' title='bbox 1475 3034 1570 3088; x_wconf 85' lang='grc' dir='ltr'><strong>τοῦ</strong></span> <span class='ocrx_word' id='word_1_249' title='bbox 1597 3034 1753 3103; x_wconf 84' lang='grc' dir='ltr'><strong>ἁγίου</strong></span> <span class='ocrx_word' id='word_1_250' title='bbox 1777 3032 1955 3104; x_wconf 81' lang='grc' dir='ltr'><strong>ψυχὴν</strong></span> 
     </span>
    </p>
   </div>
   <div class='ocr_carea' id='block_1_34' title="bbox 376 3122 2023 3213">
    <p class='ocr_par' dir='ltr' id='par_1_34' title="bbox 376 3122 2023 3213">
     <span class='ocr_line' id='line_1_34' title="bbox 376 3122 2023 3213; baseline -0.004 -32"><span class='ocrx_word' id='word_1_251' title='bbox 376 3130 739 3201; x_wconf 80' lang='grc' dir='ltr'><strong>παρενεγκεῖν</strong></span> <span class='ocrx_word' id='word_1_252' title='bbox 758 3127 1083 3197; x_wconf 81' lang='grc' dir='ltr'><strong>δυναμένης,</strong></span> <span class='ocrx_word' id='word_1_253' title='bbox 1120 3126 1234 3181; x_wconf 85' lang='grc' dir='ltr'><strong>ἀλλ’</strong></span> <span class='ocrx_word' id='word_1_254' title='bbox 1257 3126 1332 3190; x_wconf 84' lang='grc' dir='ltr'><strong>ὡς</strong></span> <span class='ocrx_word' id='word_1_255' title='bbox 1355 3126 1445 3179; x_wconf 79' lang='grc' dir='ltr'><strong>ἀεὶ</strong></span> <span class='ocrx_word' id='word_1_256' title='bbox 1475 3125 1583 3178; x_wconf 85' lang='grc' dir='ltr'><strong>τῶν</strong></span> <span class='ocrx_word' id='word_1_257' title='bbox 1619 3122 1954 3213; x_wconf 79' lang='grc' dir='ltr'><strong>μαντευομέ-</strong></span> <span class='ocrx_word' id='word_1_258' title='bbox 1980 3154 2023 3213; x_wconf 76' lang='lat' dir='ltr'><strong><em>C</em></strong></span> 
     </span>
    </p>
   </div>
   <div class='ocr_carea' id='block_1_35' title="bbox 374 3212 1951 3292">
    <p class='ocr_par' dir='ltr' id='par_1_35' title="bbox 374 3212 1951 3292">
     <span class='ocr_line' id='line_1_35' title="bbox 374 3212 1951 3292; baseline -0.006 -18"><span class='ocrx_word' id='word_1_259' title='bbox 374 3237 486 3275; x_wconf 84' lang='grc' dir='ltr'><strong>νων</strong></span> <span class='ocrx_word' id='word_1_260' title='bbox 529 3221 594 3292; x_wconf 82' lang='grc' dir='ltr'><strong>τῇ</strong></span> <span class='ocrx_word' id='word_1_261' title='bbox 637 3219 815 3290; x_wconf 78' lang='grc' dir='ltr'><strong>τοιᾷδε</strong></span> <span class='ocrx_word' id='word_1_262' title='bbox 848 3217 1205 3289; x_wconf 77' lang='grc' dir='ltr'><strong>κεχρημένων</strong></span> <span class='ocrx_word' id='word_1_263' title='bbox 1247 3219 1421 3288; x_wconf 81' lang='grc' dir='ltr'><strong>φωνῇ·</strong></span> <span class='ocrx_word' id='word_1_264' title='bbox 1461 3214 1743 3286; x_wconf 84' lang='grc' dir='ltr'><strong>ἐπυθόμην</strong></span> <span class='ocrx_word' id='word_1_265' title='bbox 1774 3212 1831 3266; x_wconf 80' lang='grc' dir='ltr'><strong>δὲ</strong></span> <span class='ocrx_word' id='word_1_266' title='bbox 1869 3212 1951 3265; x_wconf 82' lang='grc' dir='ltr'><strong>ὅτι</strong></span> 
     </span>
    </p>
   </div>
   <div class='ocr_carea' id='block_1_36' title="bbox 372 3302 1952 3383">
    <p class='ocr_par' dir='ltr' id='par_1_36' title="bbox 372 3302 1952 3383">
     <span class='ocr_line' id='line_1_36' title="bbox 372 3302 1952 3383; baseline -0.007 -16"><span class='ocrx_word' id='word_1_267' title='bbox 372 3311 556 3382; x_wconf 85' lang='grc' dir='ltr'><strong>λόγοις</strong></span> <span class='ocrx_word' id='word_1_268' title='bbox 595 3313 738 3367; x_wconf 77' lang='grc' dir='ltr'><strong>τισὶν</strong></span> <span class='ocrx_word' id='word_1_269' title='bbox 766 3311 1096 3383; x_wconf 77' lang='grc' dir='ltr'><strong>ἀπορρήτοις</strong></span> <span class='ocrx_word' id='word_1_270' title='bbox 1138 3307 1634 3379; x_wconf 86' lang='grc' dir='ltr'><strong>καταγοητεύοντες</strong></span> <span class='ocrx_word' id='word_1_271' title='bbox 1665 3306 1739 3360; x_wconf 71' lang='grc' dir='ltr'><strong>τὰ</strong></span> <span class='ocrx_word' id='word_1_272' title='bbox 1764 3302 1952 3374; x_wconf 88' lang='grc' dir='ltr'><strong>δαιμό-</strong></span> 
     </span>
    </p>
   </div>
   <div class='ocr_carea' id='block_1_37' title="bbox 372 3394 1952 3474">
    <p class='ocr_par' dir='ltr' id='par_1_37' title="bbox 372 3394 1952 3474">
     <span class='ocr_line' id='line_1_37' title="bbox 372 3394 1952 3474; baseline -0.007 -15"><span class='ocrx_word' id='word_1_273' title='bbox 372 3420 486 3469; x_wconf 87' lang='grc' dir='ltr'><strong>νια,</strong></span> <span class='ocrx_word' id='word_1_274' title='bbox 517 3404 609 3460; x_wconf 77' lang='grc' dir='ltr'><strong>καὶ</strong></span> <span class='ocrx_word' id='word_1_275' title='bbox 638 3401 793 3458; x_wconf 78' lang='grc' dir='ltr'><strong>ὕδατι</strong></span> <span class='ocrx_word' id='word_1_276' title='bbox 831 3403 1248 3474; x_wconf 82' lang='grc' dir='ltr'><strong>κατεπᾴδοντες,</strong></span> <span class='ocrx_word' id='word_1_277' title='bbox 1284 3401 1479 3454; x_wconf 78' lang='grc' dir='ltr'><strong>εἴδωλα</strong></span> <span class='ocrx_word' id='word_1_278' title='bbox 1512 3399 1606 3453; x_wconf 74' lang='grc' dir='ltr'><strong>καὶ</strong></span> <span class='ocrx_word' id='word_1_279' title='bbox 1644 3395 1826 3461; x_wconf 77' lang='grc' dir='ltr'><strong>σκιὰς,</strong></span> <span class='ocrx_word' id='word_1_280' title='bbox 1857 3394 1952 3449; x_wconf 77' lang='grc' dir='ltr'><strong>καὶ</strong></span> 
     </span>
    </p>
   </div>
   <div class='ocr_carea' id='block_1_38' title="bbox 371 3484 1948 3570">
    <p class='ocr_par' dir='ltr' id='par_1_38' title="bbox 371 3484 1948 3570">
     <span class='ocr_line' id='line_1_38' title="bbox 371 3484 1948 3570; baseline -0.016 -6"><span class='ocrx_word' id='word_1_281' title='bbox 371 3497 451 3563; x_wconf 79' lang='grc' dir='ltr'><strong>ὡς</strong></span> <span class='ocrx_word' id='word_1_282' title='bbox 491 3497 551 3551; x_wconf 68' lang='grc' dir='ltr'><strong>ἐν</strong></span> <span class='ocrx_word' id='word_1_283' title='bbox 596 3496 849 3567; x_wconf 64' lang='grc' dir='ltr'><strong>ἐσόπτρῳ</strong></span> <span class='ocrx_word' id='word_1_284' title='bbox 894 3495 1111 3570; x_wconf 80' lang='grc' dir='ltr'><strong>μορφὰς</strong></span> <span class='ocrx_word' id='word_1_285' title='bbox 1154 3491 1527 3549; x_wconf 81' lang='grc' dir='ltr'><strong>καταθεῶνταί</strong></span> <span class='ocrx_word' id='word_1_286' title='bbox 1576 3505 1767 3555; x_wconf 88' lang='grc' dir='ltr'><strong>τινων,</strong></span> <span class='ocrx_word' id='word_1_287' title='bbox 1805 3484 1948 3556; x_wconf 86' lang='grc' dir='ltr'><strong>τάχα</strong></span> 
     </span>
    </p>
   </div>
   <div class='ocr_carea' id='block_1_39' title="bbox 372 3575 1951 3658">
    <p class='ocr_par' dir='ltr' id='par_1_39' title="bbox 372 3575 1951 3658">
     <span class='ocr_line' id='line_1_39' title="bbox 372 3575 1951 3658; baseline -0.008 -17"><span class='ocrx_word' id='word_1_288' title='bbox 372 3604 480 3641; x_wconf 85' lang='grc' dir='ltr'><strong>που</strong></span> <span class='ocrx_word' id='word_1_289' title='bbox 521 3586 631 3641; x_wconf 84' lang='grc' dir='ltr'><strong>τῶν</strong></span> <span class='ocrx_word' id='word_1_290' title='bbox 671 3586 961 3658; x_wconf 80' lang='grc' dir='ltr'><strong>δαιμονίων</strong></span> <span class='ocrx_word' id='word_1_291' title='bbox 1018 3584 1550 3656; x_wconf 79' lang='grc' dir='ltr'><strong>καταπλαττομὲνων</strong></span> <span class='ocrx_word' id='word_1_292' title='bbox 1603 3579 1835 3643; x_wconf 82' lang='grc' dir='ltr'><strong>ἀστείως</strong></span> <span class='ocrx_word' id='word_1_293' title='bbox 1881 3575 1951 3629; x_wconf 80' lang='grc' dir='ltr'><strong>τὰ</strong></span> 
     </span>
    </p>
   </div>
   <div class='ocr_carea' id='block_1_40' title="bbox 370 3671 1949 3751">
    <p class='ocr_par' dir='ltr' id='par_1_40' title="bbox 370 3671 1949 3751">
     <span class='ocr_line' id='line_1_40' title="bbox 370 3671 1949 3751; baseline -0.004 -19"><span class='ocrx_word' id='word_1_294' title='bbox 370 3678 484 3733; x_wconf 82' lang='grc' dir='ltr'><strong>τῶν</strong></span> <span class='ocrx_word' id='word_1_295' title='bbox 529 3679 837 3751; x_wconf 82' lang='grc' dir='ltr'><strong>λεγομένων</strong></span> <span class='ocrx_word' id='word_1_296' title='bbox 884 3677 1302 3749; x_wconf 78' lang='grc' dir='ltr'><strong>ἀνακομιεῖσθαι</strong></span> <span class='ocrx_word' id='word_1_297' title='bbox 1349 3679 1626 3747; x_wconf 86' lang='grc' dir='ltr'><strong>σχήματα.</strong></span> <span class='ocrx_word' id='word_1_298' title='bbox 1661 3674 1774 3729; x_wconf 75' lang='grc' dir='ltr'><strong>Καὶ</strong></span> <span class='ocrx_word' id='word_1_299' title='bbox 1816 3671 1949 3738; x_wconf 84' lang='grc' dir='ltr'><strong>γοῦν</strong></span> 
     </span>
    </p>
   </div>
   <div class='ocr_carea' id='block_1_41' title="bbox 370 3762 1951 3841">
    <p class='ocr_par' dir='ltr' id='par_1_41' title="bbox 370 3762 1951 3841">
     <span class='ocr_line' id='line_1_41' title="bbox 370 3762 1951 3841; baseline -0.003 -20"><span class='ocrx_word' id='word_1_300' title='bbox 370 3767 476 3840; x_wconf 66' lang='grc' dir='ltr'><strong>ἔφη</strong></span> <span class='ocrx_word' id='word_1_301' title='bbox 505 3768 604 3840; x_wconf 83' lang='grc' dir='ltr'><strong>μὲν</strong></span> <span class='ocrx_word' id='word_1_302' title='bbox 625 3771 684 3824; x_wconf 89' lang='grc' dir='ltr'><strong>ἐν</strong></span> <span class='ocrx_word' id='word_1_303' title='bbox 712 3769 909 3841; x_wconf 83' lang='grc' dir='ltr'><strong>ἀρχαῖς</strong></span> <span class='ocrx_word' id='word_1_304' title='bbox 928 3768 988 3823; x_wconf 84' lang='grc' dir='ltr'><strong>τὸ</strong></span> <span class='ocrx_word' id='word_1_305' title='bbox 1014 3768 1257 3837; x_wconf 85' lang='grc' dir='ltr'><strong>γύναιον·</strong></span> <span class='ocrx_word' id='word_1_306' title='bbox 1289 3766 1432 3839; x_wconf 83' lang='grc' dir='ltr'><strong>Ὀρῶ</strong></span> <span class='ocrx_word' id='word_1_307' title='bbox 1455 3767 1611 3831; x_wconf 77' lang='grc' dir='ltr'><strong>θεοὺς</strong></span> <span class='ocrx_word' id='word_1_308' title='bbox 1633 3762 1951 3821; x_wconf 75' lang='grc' dir='ltr'><strong>ἀναϐαίνον-</strong></span> 
     </span>
    </p>
   </div>
   <div class='ocr_carea' id='block_1_42' title="bbox 370 3852 1949 3931">
    <p class='ocr_par' dir='ltr' id='par_1_42' title="bbox 370 3852 1949 3931">
     <span class='ocr_line' id='line_1_42' title="bbox 370 3852 1949 3931; baseline -0.003 -18"><span class='ocrx_word' id='word_1_309' title='bbox 370 3875 471 3923; x_wconf 87' lang='grc' dir='ltr'><strong>τας</strong></span> <span class='ocrx_word' id='word_1_310' title='bbox 495 3861 560 3912; x_wconf 87' lang='grc' dir='ltr'><strong>ἐκ</strong></span> <span class='ocrx_word' id='word_1_311' title='bbox 585 3859 682 3930; x_wconf 85' lang='grc' dir='ltr'><strong>τῆς</strong></span> <span class='ocrx_word' id='word_1_312' title='bbox 705 3858 831 3930; x_wconf 79' lang='grc' dir='ltr'><strong>γῆς.</strong></span> <span class='ocrx_word' id='word_1_313' title='bbox 863 3856 999 3915; x_wconf 80' lang='grc' dir='ltr'><strong>Εἶτα</strong></span> <span class='ocrx_word' id='word_1_314' title='bbox 1024 3859 1125 3931; x_wconf 77' lang='grc' dir='ltr'><strong>μὲν</strong></span> <span class='ocrx_word' id='word_1_315' title='bbox 1152 3858 1329 3912; x_wconf 81' lang='grc' dir='ltr'><strong>τοῦτο·</strong></span> <span class='ocrx_word' id='word_1_316' title='bbox 1368 3877 1387 3911; x_wconf 78' lang='grc' dir='ltr'><strong>ι</strong></span> <span class='ocrx_word' id='word_1_317' title='bbox 1419 3858 1531 3912; x_wconf 75' lang='grc' dir='ltr'><strong>Καὶ</strong></span> <span class='ocrx_word' id='word_1_318' title='bbox 1553 3852 1680 3920; x_wconf 81' lang='grc' dir='ltr'><strong>εἶδε,</strong></span> <span class='ocrx_word' id='word_1_319' title='bbox 1714 3874 1732 3908; x_wconf 75' lang='grc' dir='ltr'><strong>ι</strong></span> <span class='ocrx_word' id='word_1_320' title='bbox 1761 3855 1949 3927; x_wconf 82' lang='grc' dir='ltr'><strong>φησὶν,</strong></span> 
     </span>
    </p>
   </div>
   <div class='ocr_carea' id='block_1_43' title="bbox 376 3951 1948 4029">
    <p class='ocr_par' dir='ltr' id='par_1_43' title="bbox 376 3951 1948 4029">
     <span class='ocr_line' id='line_1_43' title="bbox 376 3951 1948 4029; baseline -0.003 -20"><span class='ocrx_word' id='word_1_321' title='bbox 376 3973 394 4005; x_wconf 72' lang='grc' dir='ltr'><strong>ι</strong></span> <span class='ocrx_word' id='word_1_322' title='bbox 423 3956 459 4027; x_wconf 83' lang='grc' dir='ltr'>ἠ</span> <span class='ocrx_word' id='word_1_323' title='bbox 484 3957 621 4028; x_wconf 78' lang='grc' dir='ltr'><strong>γυνὴ</strong></span> <span class='ocrx_word' id='word_1_324' title='bbox 649 3956 741 4013; x_wconf 80' lang='grc' dir='ltr'><strong>τὸν</strong></span> <span class='ocrx_word' id='word_1_325' title='bbox 774 3957 1048 4029; x_wconf 70' lang='grc' dir='ltr'><strong>Σαμουὴλ.</strong></span> <span class='ocrx_word' id='word_1_326' title='bbox 1077 3974 1093 4007; x_wconf 82' lang='grc' dir='ltr'><strong>ι</strong></span> <span class='ocrx_word' id='word_1_327' title='bbox 1122 3955 1442 4010; x_wconf 84' lang='grc' dir='ltr'><strong>Χαλεπδνδέ</strong></span> <span class='ocrx_word' id='word_1_328' title='bbox 1475 3955 1648 4020; x_wconf 81' lang='grc' dir='ltr'><strong>οὐδὲν,</strong></span> <span class='ocrx_word' id='word_1_329' title='bbox 1674 3955 1732 4008; x_wconf 88' lang='grc' dir='ltr'><strong>ἐν</strong></span> <span class='ocrx_word' id='word_1_330' title='bbox 1758 3951 1859 4023; x_wconf 75' lang='grc' dir='ltr'><strong>ἴσῳ</strong></span> <span class='ocrx_word' id='word_1_331' title='bbox 1887 3969 1948 4006; x_wconf 88' lang='grc' dir='ltr'><strong>τε</strong></span> 
     </span>
    </p>
   </div>
   <div class='ocr_carea' id='block_1_44' title="bbox 370 4043 1945 4120">
    <p class='ocr_par' dir='ltr' id='par_1_44' title="bbox 370 4043 1945 4120">
     <span class='ocr_line' id='line_1_44' title="bbox 370 4043 1945 4120; baseline -0.001 -22"><span class='ocrx_word' id='word_1_332' title='bbox 370 4046 466 4099; x_wconf 75' lang='grc' dir='ltr'><strong>καὶ</strong></span> <span class='ocrx_word' id='word_1_333' title='bbox 518 4046 689 4118; x_wconf 80' lang='grc' dir='ltr'><strong>ὁμοίῳ</strong></span> <span class='ocrx_word' id='word_1_334' title='bbox 742 4048 982 4119; x_wconf 84' lang='grc' dir='ltr'><strong>σχήματι</strong></span> <span class='ocrx_word' id='word_1_335' title='bbox 1029 4047 1122 4101; x_wconf 80' lang='grc' dir='ltr'><strong>τοῦ</strong></span> <span class='ocrx_word' id='word_1_336' title='bbox 1173 4046 1444 4120; x_wconf 81' lang='grc' dir='ltr'><strong>μακαρίου</strong></span> <span class='ocrx_word' id='word_1_337' title='bbox 1484 4044 1737 4119; x_wconf 82' lang='grc' dir='ltr'><strong>Σαμουὴλ</strong></span> <span class='ocrx_word' id='word_1_338' title='bbox 1786 4043 1945 4098; x_wconf 84' lang='grc' dir='ltr'><strong>σκιὰν</strong></span> 
     </span>
    </p>
   </div>
   <div class='ocr_carea' id='block_1_45' title="bbox 2082 559 3662 644">
    <p class='ocr_par' dir='ltr' id='par_1_45' title="bbox 2082 559 3662 644">
     <span class='ocr_line' id='line_1_45' title="bbox 2082 559 3662 644; baseline 0.011 -30"><span class='ocrx_word' id='word_1_339' title='bbox 2082 559 2299 616; x_wconf 79' lang='lat' dir='ltr'><strong>faciam.</strong></span> <span class='ocrx_word' id='word_1_340' title='bbox 2340 562 2409 619; x_wconf 91' lang='lat' dir='ltr'><strong>Et</strong></span> <span class='ocrx_word' id='word_1_341' title='bbox 2450 563 2591 620; x_wconf 74' lang='lat' dir='ltr'><strong>dixit</strong></span> <span class='ocrx_word' id='word_1_342' title='bbox 2634 566 2853 624; x_wconf 86' lang='lat' dir='ltr'><strong>Samuel</strong></span> <span class='ocrx_word' id='word_1_343' title='bbox 2890 586 2904 623; x_wconf 91' lang='lat'><strong>:</strong></span> <span class='ocrx_word' id='word_1_344' title='bbox 2948 568 3060 625; x_wconf 90' lang='lat' dir='ltr'><strong>Cur</strong></span> <span class='ocrx_word' id='word_1_345' title='bbox 3097 571 3401 644; x_wconf 74' lang='lat' dir='ltr'><strong>interrogas</strong></span> <span class='ocrx_word' id='word_1_346' title='bbox 3447 588 3535 630; x_wconf 88' lang='lat' dir='ltr'><strong>me</strong></span> <span class='ocrx_word' id='word_1_347' title='bbox 3553 574 3585 629; x_wconf 72' lang='grc'><strong>2·</strong></span> <span class='ocrx_word' id='word_1_348' title='bbox 3605 585 3662 633; x_wconf 91' lang='lat' dir='ltr'><strong>et</strong></span> 
     </span>
    </p>
   </div>
   <div class='ocr_carea' id='block_1_46' title="bbox 2080 651 3657 732">
    <p class='ocr_par' dir='ltr' id='par_1_46' title="bbox 2080 651 3657 732">
     <span class='ocr_line' id='line_1_46' title="bbox 2080 651 3657 732; baseline 0.008 -26"><span class='ocrx_word' id='word_1_349' title='bbox 2080 651 2346 709; x_wconf 88' lang='lat' dir='ltr'><strong>Dominus</strong></span> <span class='ocrx_word' id='word_1_350' title='bbox 2364 656 2593 711; x_wconf 76' lang='lat' dir='ltr'><strong>recessit</strong></span> <span class='ocrx_word' id='word_1_351' title='bbox 2622 672 2653 712; x_wconf 88' lang='lat' dir='ltr'><strong>a</strong></span> <span class='ocrx_word' id='word_1_352' title='bbox 2691 666 2840 724; x_wconf 81' lang='lat' dir='ltr'><strong>te,et</strong></span> <span class='ocrx_word' id='word_1_353' title='bbox 2871 660 3008 718; x_wconf 90' lang='lat' dir='ltr'><strong>abiit</strong></span> <span class='ocrx_word' id='word_1_354' title='bbox 3032 660 3440 732; x_wconf 70' lang='lat' dir='ltr'><strong>ad&#39;proximum</strong></span> <span class='ocrx_word' id='word_1_355' title='bbox 3466 670 3657 721; x_wconf 87' lang='lat' dir='ltr'><strong>tuum:</strong></span> 
     </span>
    </p>
   </div>
   <div class='ocr_carea' id='block_1_47' title="bbox 2078 742 3658 826">
    <p class='ocr_par' dir='ltr' id='par_1_47' title="bbox 2078 742 3658 826">
     <span class='ocr_line' id='line_1_47' title="bbox 2078 742 3658 826; baseline 0.011 -30"><span class='ocrx_word' id='word_1_356' title='bbox 2078 750 2136 797; x_wconf 88' lang='lat' dir='ltr'><strong>et</strong></span> <span class='ocrx_word' id='word_1_357' title='bbox 2175 742 2307 800; x_wconf 88' lang='lat' dir='ltr'><strong>fecit</strong></span> <span class='ocrx_word' id='word_1_358' title='bbox 2341 745 2441 802; x_wconf 93' lang='lat' dir='ltr'><strong>tibi</strong></span> <span class='ocrx_word' id='word_1_359' title='bbox 2481 748 2748 826; x_wconf 78' lang='lat' dir='ltr'><strong>Dominus</strong></span> <span class='ocrx_word' id='word_1_360' title='bbox 2810 753 2953 808; x_wconf 88' lang='lat' dir='ltr'><strong>sicut</strong></span> <span class='ocrx_word' id='word_1_361' title='bbox 3001 755 3220 811; x_wconf 90' lang='lat' dir='ltr'><strong>locutus</strong></span> <span class='ocrx_word' id='word_1_362' title='bbox 3269 766 3355 813; x_wconf 90' lang='lat' dir='ltr'><strong>est</strong></span> <span class='ocrx_word' id='word_1_363' title='bbox 3398 757 3454 812; x_wconf 91' lang='lat' dir='ltr'><strong>in</strong></span> <span class='ocrx_word' id='word_1_364' title='bbox 3493 774 3658 814; x_wconf 89' lang='lat' dir='ltr'><strong>manu</strong></span> 
     </span>
    </p>
   </div>
   <div class='ocr_carea' id='block_1_48' title="bbox 2078 836 3660 915">
    <p class='ocr_par' dir='ltr' id='par_1_48' title="bbox 2078 836 3660 915">
     <span class='ocr_line' id='line_1_48' title="bbox 2078 836 3660 915; baseline 0.008 -26"><span class='ocrx_word' id='word_1_365' title='bbox 2078 849 2232 902; x_wconf 87' lang='lat' dir='ltr'><strong>mea;</strong></span> <span class='ocrx_word' id='word_1_366' title='bbox 2260 844 2318 892; x_wconf 89' lang='lat' dir='ltr'><strong>et</strong></span> <span class='ocrx_word' id='word_1_367' title='bbox 2340 836 2616 896; x_wconf 80' lang='lat' dir='ltr'><strong>disrindet</strong></span> <span class='ocrx_word' id='word_1_368' title='bbox 2635 841 2902 899; x_wconf 87' lang='lat' dir='ltr'><strong>Dominus</strong></span> <span class='ocrx_word' id='word_1_369' title='bbox 2924 860 3154 915; x_wconf 79' lang='lat' dir='ltr'><strong>regnum</strong></span> <span class='ocrx_word' id='word_1_370' title='bbox 3190 847 3258 903; x_wconf 90' lang='lat' dir='ltr'><strong>de</strong></span> <span class='ocrx_word' id='word_1_371' title='bbox 3283 863 3449 903; x_wconf 87' lang='lat' dir='ltr'><strong>manu</strong></span> <span class='ocrx_word' id='word_1_372' title='bbox 3474 856 3587 913; x_wconf 88' lang='lat' dir='ltr'><strong>tua,</strong></span> <span class='ocrx_word' id='word_1_373' title='bbox 3604 858 3660 902; x_wconf 89' lang='lat' dir='ltr'><strong>et</strong></span> 
     </span>
    </p>
   </div>
   <div class='ocr_carea' id='block_1_49' title="bbox 2076 924 3656 1007">
    <p class='ocr_par' dir='ltr' id='par_1_49' title="bbox 2076 924 3656 1007">
     <span class='ocr_line' id='line_1_49' title="bbox 2076 924 3656 1007; baseline 0.008 -26"><span class='ocrx_word' id='word_1_374' title='bbox 2076 924 2231 982; x_wconf 84' lang='lat' dir='ltr'><strong>dabit</strong></span> <span class='ocrx_word' id='word_1_375' title='bbox 2292 928 2425 985; x_wconf 86' lang='lat' dir='ltr'><strong>illud</strong></span> <span class='ocrx_word' id='word_1_376' title='bbox 2460 932 2713 1000; x_wconf 77' lang='lat' dir='ltr'><strong>proximo</strong></span> <span class='ocrx_word' id='word_1_377' title='bbox 2757 942 2852 989; x_wconf 92' lang='lat' dir='ltr'><strong>tuo</strong></span> <span class='ocrx_word' id='word_1_378' title='bbox 2889 935 3095 1003; x_wconf 83' lang='lat' dir='ltr'><strong>David;</strong></span> <span class='ocrx_word' id='word_1_379' title='bbox 3149 937 3279 1007; x_wconf 84' lang='lat' dir='ltr'><strong>quia</strong></span> <span class='ocrx_word' id='word_1_380' title='bbox 3302 954 3413 994; x_wconf 88' lang='lat' dir='ltr'><strong>non</strong></span> <span class='ocrx_word' id='word_1_381' title='bbox 3456 940 3656 995; x_wconf 83' lang='lat' dir='ltr'><strong>audisti</strong></span> 
     </span>
    </p>
   </div>
   <div class='ocr_carea' id='block_1_50' title="bbox 2076 1019 3658 1099">
    <p class='ocr_par' dir='ltr' id='par_1_50' title="bbox 2076 1019 3658 1099">
     <span class='ocr_line' id='line_1_50' title="bbox 2076 1019 3658 1099; baseline 0.008 -28"><span class='ocrx_word' id='word_1_382' title='bbox 2076 1032 2273 1073; x_wconf 82' lang='lat' dir='ltr'><strong>vocem</strong></span> <span class='ocrx_word' id='word_1_383' title='bbox 2303 1019 2539 1087; x_wconf 87' lang='lat' dir='ltr'><strong>Domini,</strong></span> <span class='ocrx_word' id='word_1_384' title='bbox 2578 1030 2637 1078; x_wconf 90' lang='lat' dir='ltr'><strong>et</strong></span> <span class='ocrx_word' id='word_1_385' title='bbox 2658 1039 2772 1079; x_wconf 91' lang='lat' dir='ltr'><strong>non</strong></span> <span class='ocrx_word' id='word_1_386' title='bbox 2814 1024 3056 1096; x_wconf 86' lang='lat' dir='ltr'><strong>implesti</strong></span> <span class='ocrx_word' id='word_1_387' title='bbox 3093 1026 3232 1081; x_wconf 90' lang='lat' dir='ltr'><strong>iram</strong></span> <span class='ocrx_word' id='word_1_388' title='bbox 3264 1028 3658 1099; x_wconf 78' lang='lat' dir='ltr'><strong>indignationis</strong></span> 
     </span>
    </p>
   </div>
   <div class='ocr_carea' id='block_1_51' title="bbox 2074 1108 3653 1187">
    <p class='ocr_par' dir='ltr' id='par_1_51' title="bbox 2074 1108 3653 1187">
     <span class='ocr_line' id='line_1_51' title="bbox 2074 1108 3653 1187; baseline 0.006 -24"><span class='ocrx_word' id='word_1_389' title='bbox 2074 1108 2194 1179; x_wconf 85' lang='lat' dir='ltr'><strong>ejus</strong></span> <span class='ocrx_word' id='word_1_390' title='bbox 2230 1109 2289 1165; x_wconf 92' lang='lat' dir='ltr'><strong>in</strong></span> <span class='ocrx_word' id='word_1_391' title='bbox 2323 1110 2549 1168; x_wconf 83' lang='lat' dir='ltr'><strong>Amalec</strong></span> <span class='ocrx_word' id='word_1_392' title='bbox 2592 1132 2607 1168; x_wconf 91' lang='lat'><strong>:</strong></span> <span class='ocrx_word' id='word_1_393' title='bbox 2659 1125 2887 1187; x_wconf 86' lang='lat' dir='ltr'><strong>propter</strong></span> <span class='ocrx_word' id='word_1_394' title='bbox 2941 1117 3048 1173; x_wconf 91' lang='lat' dir='ltr'><strong>hoc</strong></span> <span class='ocrx_word' id='word_1_395' title='bbox 3099 1118 3332 1173; x_wconf 79' lang='lat' dir='ltr'><strong>verbum</strong></span> <span class='ocrx_word' id='word_1_396' title='bbox 3378 1118 3510 1174; x_wconf 84' lang='lat' dir='ltr'><strong>fecit</strong></span> <span class='ocrx_word' id='word_1_397' title='bbox 3557 1120 3653 1174; x_wconf 84' lang='lat' dir='ltr'><strong>tibi</strong></span> 
     </span>
    </p>
   </div>
   <div class='ocr_carea' id='block_1_52' title="bbox 2072 1200 3651 1271">
    <p class='ocr_par' dir='ltr' id='par_1_52' title="bbox 2072 1200 3651 1271">
     <span class='ocr_line' id='line_1_52' title="bbox 2072 1200 3651 1271; baseline 0.004 -16"><span class='ocrx_word' id='word_1_398' title='bbox 2072 1200 2339 1258; x_wconf 83' lang='lat' dir='ltr'><strong>Dominus</strong></span> <span class='ocrx_word' id='word_1_399' title='bbox 2361 1203 2417 1258; x_wconf 92' lang='lat' dir='ltr'><strong>in</strong></span> <span class='ocrx_word' id='word_1_400' title='bbox 2441 1204 2530 1259; x_wconf 90' lang='lat' dir='ltr'><strong>die</strong></span> <span class='ocrx_word' id='word_1_401' title='bbox 2546 1204 2670 1271; x_wconf 87' lang='lat' dir='ltr'><strong>hac,</strong></span> <span class='ocrx_word' id='word_1_402' title='bbox 2698 1215 2757 1261; x_wconf 90' lang='lat' dir='ltr'><strong>et</strong></span> <span class='ocrx_word' id='word_1_403' title='bbox 2780 1207 2961 1263; x_wconf 87' lang='lat' dir='ltr'><strong>tradet</strong></span> <span class='ocrx_word' id='word_1_404' title='bbox 2988 1208 3253 1264; x_wconf 85' lang='lat' dir='ltr'><strong>Dominus</strong></span> <span class='ocrx_word' id='word_1_405' title='bbox 3280 1208 3444 1264; x_wconf 89' lang='lat' dir='ltr'><strong>Israel</strong></span> <span class='ocrx_word' id='word_1_406' title='bbox 3474 1216 3651 1266; x_wconf 86' lang='lat' dir='ltr'><strong>tecum</strong></span> 
     </span>
    </p>
   </div>
   <div class='ocr_carea' id='block_1_53' title="bbox 2073 1290 3651 1368">
    <p class='ocr_par' dir='ltr' id='par_1_53' title="bbox 2073 1290 3651 1368">
     <span class='ocr_line' id='line_1_53' title="bbox 2073 1290 3651 1368; baseline 0.008 -23"><span class='ocrx_word' id='word_1_407' title='bbox 2073 1290 2130 1345; x_wconf 92' lang='lat' dir='ltr'><strong>in</strong></span> <span class='ocrx_word' id='word_1_408' title='bbox 2153 1306 2348 1349; x_wconf 90' lang='lat' dir='ltr'><strong>manus</strong></span> <span class='ocrx_word' id='word_1_409' title='bbox 2368 1295 2767 1368; x_wconf 85' lang='lat' dir='ltr'><strong>allophylorum</strong></span> <span class='ocrx_word' id='word_1_410' title='bbox 2806 1317 2819 1353; x_wconf 87' lang='lat'><strong>:</strong></span> <span class='ocrx_word' id='word_1_411' title='bbox 2855 1306 2911 1354; x_wconf 90' lang='lat' dir='ltr'><strong>et</strong></span> <span class='ocrx_word' id='word_1_412' title='bbox 2935 1315 3057 1355; x_wconf 91' lang='lat' dir='ltr'><strong>cras</strong></span> <span class='ocrx_word' id='word_1_413' title='bbox 3084 1308 3141 1354; x_wconf 93' lang='lat' dir='ltr'><strong>tu</strong></span> <span class='ocrx_word' id='word_1_414' title='bbox 3175 1311 3235 1357; x_wconf 92' lang='lat' dir='ltr'><strong>et</strong></span> <span class='ocrx_word' id='word_1_415' title='bbox 3270 1300 3369 1356; x_wconf 81' lang='lat' dir='ltr'><strong>ﬁlii</strong></span> <span class='ocrx_word' id='word_1_416' title='bbox 3415 1301 3502 1357; x_wconf 82' lang='lat' dir='ltr'><strong>tui</strong></span> <span class='ocrx_word' id='word_1_417' title='bbox 3568 1310 3651 1356; x_wconf 72' lang='lat' dir='ltr'><strong>te-</strong></span> 
     </span>
    </p>
   </div>
   <div class='ocr_carea' id='block_1_54' title="bbox 2071 1386 3643 1452">
    <p class='ocr_par' dir='ltr' id='par_1_54' title="bbox 2071 1386 3643 1452">
     <span class='ocr_line' id='line_1_54' title="bbox 2071 1386 3643 1452; baseline 0.007 -15"><span class='ocrx_word' id='word_1_418' title='bbox 2071 1398 2195 1438; x_wconf 91' lang='lat' dir='ltr'><strong>cum</strong></span> <span class='ocrx_word' id='word_1_419' title='bbox 2223 1386 2439 1452; x_wconf 87' lang='lat' dir='ltr'><strong>cadent,</strong></span> <span class='ocrx_word' id='word_1_420' title='bbox 2475 1397 2533 1443; x_wconf 91' lang='lat' dir='ltr'><strong>et</strong></span> <span class='ocrx_word' id='word_1_421' title='bbox 2561 1400 2742 1445; x_wconf 90' lang='lat' dir='ltr'><strong>castra</strong></span> <span class='ocrx_word' id='word_1_422' title='bbox 2778 1390 2948 1446; x_wconf 88' lang='lat' dir='ltr'><strong>Israel</strong></span> <span class='ocrx_word' id='word_1_423' title='bbox 2972 1391 3418 1448; x_wconf 88' lang='lat' dir='ltr'><strong>dabitDominus</strong></span> <span class='ocrx_word' id='word_1_424' title='bbox 3453 1392 3510 1447; x_wconf 89' lang='lat' dir='ltr'><strong>in</strong></span> <span class='ocrx_word' id='word_1_425' title='bbox 3534 1408 3643 1448; x_wconf 84' lang='lat' dir='ltr'><strong>ma-</strong></span> 
     </span>
    </p>
   </div>
   <div class='ocr_carea' id='block_1_55' title="bbox 2069 1476 3648 1554">
    <p class='ocr_par' dir='ltr' id='par_1_55' title="bbox 2069 1476 3648 1554">
     <span class='ocr_line' id='line_1_55' title="bbox 2069 1476 3648 1554; baseline 0.006 -26"><span class='ocrx_word' id='word_1_426' title='bbox 2069 1489 2175 1529; x_wconf 89' lang='lat' dir='ltr'><strong>nus</strong></span> <span class='ocrx_word' id='word_1_427' title='bbox 2204 1476 2600 1550; x_wconf 83' lang='lat' dir='ltr'><strong>allophylorum</strong></span> <span class='ocrx_word' id='word_1_428' title='bbox 2626 1481 2663 1534; x_wconf 85' lang='grc'><strong>¹.</strong></span> <span class='ocrx_word' id='word_1_429' title='bbox 2690 1500 2707 1532; x_wconf 79' lang='grc' dir='ltr'><strong>ι</strong></span> <span class='ocrx_word' id='word_1_430' title='bbox 2736 1481 2878 1536; x_wconf 83' lang='grc' dir='ltr'><strong>Νιιω</strong></span> <span class='ocrx_word' id='word_1_431' title='bbox 2932 1482 3101 1554; x_wconf 79' lang='lat' dir='ltr'><strong>igitur</strong></span> <span class='ocrx_word' id='word_1_432' title='bbox 3129 1484 3361 1554; x_wconf 87' lang='lat' dir='ltr'><strong>posthac</strong></span> <span class='ocrx_word' id='word_1_433' title='bbox 3393 1483 3648 1539; x_wconf 82' lang='lat' dir='ltr'><strong>dubitare</strong></span> 
     </span>
    </p>
   </div>
   <div class='ocr_carea' id='block_1_56' title="bbox 2067 1574 3647 1645">
    <p class='ocr_par' dir='ltr' id='par_1_56' title="bbox 2067 1574 3647 1645">
     <span class='ocr_line' id='line_1_56' title="bbox 2067 1574 3647 1645; baseline 0.004 -18"><span class='ocrx_word' id='word_1_434' title='bbox 2067 1574 2276 1642; x_wconf 91' lang='lat' dir='ltr'><strong>poteris</strong></span> <span class='ocrx_word' id='word_1_435' title='bbox 2318 1575 2455 1645; x_wconf 89' lang='lat' dir='ltr'><strong>quin</strong></span> <span class='ocrx_word' id='word_1_436' title='bbox 2485 1575 2615 1632; x_wconf 89' lang='lat' dir='ltr'><strong>Saul</strong></span> <span class='ocrx_word' id='word_1_437' title='bbox 2636 1593 2733 1633; x_wconf 89' lang='lat' dir='ltr'><strong>sua</strong></span> <span class='ocrx_word' id='word_1_438' title='bbox 2756 1580 3028 1636; x_wconf 86' lang='lat' dir='ltr'><strong>sententia</strong></span> <span class='ocrx_word' id='word_1_439' title='bbox 3063 1580 3460 1636; x_wconf 89' lang='lat' dir='ltr'><strong>condemnatus</strong></span> <span class='ocrx_word' id='word_1_440' title='bbox 3498 1590 3647 1634; x_wconf 34' lang='lat' dir='ltr'><strong>exta;</strong></span> 
     </span>
    </p>
   </div>
   <div class='ocr_carea' id='block_1_57' title="bbox 2066 1652 3689 1741">
    <p class='ocr_par' dir='ltr' id='par_1_57' title="bbox 2066 1652 3689 1741">
     <span class='ocr_line' id='line_1_57' title="bbox 2066 1652 3689 1741; baseline 0.004 -24"><span class='ocrx_word' id='word_1_441' title='bbox 2066 1662 2458 1733; x_wconf 80' lang='lat' dir='ltr'><strong>buerit?Nam,</strong></span> <span class='ocrx_word' id='word_1_442' title='bbox 2489 1682 2615 1723; x_wconf 88' lang='lat' dir='ltr'><strong>cum</strong></span> <span class='ocrx_word' id='word_1_443' title='bbox 2638 1685 2828 1725; x_wconf 89' lang='lat' dir='ltr'><strong>eorum</strong></span> <span class='ocrx_word' id='word_1_444' title='bbox 2860 1670 3027 1726; x_wconf 83' lang='lat' dir='ltr'><strong>vires.</strong></span> <span class='ocrx_word' id='word_1_445' title='bbox 3053 1670 3123 1726; x_wconf 91' lang='lat' dir='ltr'><strong>ad</strong></span> <span class='ocrx_word' id='word_1_446' title='bbox 3157 1670 3530 1741; x_wconf 88' lang='lat' dir='ltr'><strong>pugnandum,</strong></span> <span class='ocrx_word' id='word_1_447' title='bbox 3555 1670 3647 1739; x_wconf 91' lang='lat' dir='ltr'><strong>qui</strong></span> <span class='ocrx_word' id='word_1_448' title='bbox 3675 1652 3689 1663; x_wconf 72' lang='grc'><em>’</em></span> 
     </span>
    </p>
   </div>
   <div class='ocr_carea' id='block_1_58' title="bbox 2064 1754 3644 1831">
    <p class='ocr_par' dir='ltr' id='par_1_58' title="bbox 2064 1754 3644 1831">
     <span class='ocr_line' id='line_1_58' title="bbox 2064 1754 3644 1831; baseline 0.006 -23"><span class='ocrx_word' id='word_1_449' title='bbox 2064 1754 2356 1811; x_wconf 86' lang='lat' dir='ltr'><strong>adversum</strong></span> <span class='ocrx_word' id='word_1_450' title='bbox 2412 1773 2471 1814; x_wconf 87' lang='lat' dir='ltr'><strong>se</strong></span> <span class='ocrx_word' id='word_1_451' title='bbox 2531 1762 2845 1831; x_wconf 74' lang='lat' dir='ltr'><strong>congregati</strong></span> <span class='ocrx_word' id='word_1_452' title='bbox 2895 1760 3149 1827; x_wconf 84' lang='lat' dir='ltr'><strong>fuerant,</strong></span> <span class='ocrx_word' id='word_1_453' title='bbox 3201 1762 3644 1831; x_wconf 87' lang='lat' dir='ltr'><strong>pertimesceret,</strong></span> 
     </span>
    </p>
   </div>
   <div class='ocr_carea' id='block_1_59' title="bbox 2063 1847 3647 1924">
    <p class='ocr_par' dir='ltr' id='par_1_59' title="bbox 2063 1847 3647 1924">
     <span class='ocr_line' id='line_1_59' title="bbox 2063 1847 3647 1924; baseline 0.004 -24"><span class='ocrx_word' id='word_1_454' title='bbox 2063 1847 2315 1916; x_wconf 67' lang='lat' dir='ltr'><strong>quaesivit</strong></span> <span class='ocrx_word' id='word_1_455' title='bbox 2337 1864 2369 1904; x_wconf 90' lang='lat' dir='ltr'><strong>a</strong></span> <span class='ocrx_word' id='word_1_456' title='bbox 2394 1850 2507 1905; x_wconf 89' lang='lat' dir='ltr'><strong>Deo</strong></span> <span class='ocrx_word' id='word_1_457' title='bbox 2544 1851 2760 1909; x_wconf 87' lang='lat' dir='ltr'><strong>discere</strong></span> <span class='ocrx_word' id='word_1_458' title='bbox 2784 1853 2916 1924; x_wconf 91' lang='lat' dir='ltr'><strong>quid</strong></span> <span class='ocrx_word' id='word_1_459' title='bbox 2940 1863 3273 1909; x_wconf 85' lang='lat' dir='ltr'><strong>eventurum</strong></span> <span class='ocrx_word' id='word_1_460' title='bbox 3310 1860 3459 1909; x_wconf 87' lang='lat' dir='ltr'><strong>esset</strong></span> <span class='ocrx_word' id='word_1_461' title='bbox 3499 1870 3513 1906; x_wconf 88' lang='lat'><strong>:</strong></span> <span class='ocrx_word' id='word_1_462' title='bbox 3553 1853 3647 1907; x_wconf 92' lang='lat' dir='ltr'><strong>illo</strong></span> 
     </span>
    </p>
   </div>
   <div class='ocr_carea' id='block_1_60' title="bbox 2059 1941 3640 2015">
    <p class='ocr_par' dir='ltr' id='par_1_60' title="bbox 2059 1941 3640 2015">
     <span class='ocr_line' id='line_1_60' title="bbox 2059 1941 3640 2015; baseline 0.003 -22"><span class='ocrx_word' id='word_1_463' title='bbox 2059 1948 2244 1995; x_wconf 89' lang='lat' dir='ltr'><strong>autem</strong></span> <span class='ocrx_word' id='word_1_464' title='bbox 2273 1946 2505 2007; x_wconf 85' lang='lat' dir='ltr'><strong>tacente,</strong></span> <span class='ocrx_word' id='word_1_465' title='bbox 2532 1941 2600 1997; x_wconf 91' lang='lat' dir='ltr'><strong>ad</strong></span> <span class='ocrx_word' id='word_1_466' title='bbox 2632 1944 2752 2015; x_wconf 87' lang='lat' dir='ltr'><strong>ejus</strong></span> <span class='ocrx_word' id='word_1_467' title='bbox 2770 1944 3057 2011; x_wconf 74' lang='lat' dir='ltr'><strong>offensam,</strong></span> <span class='ocrx_word' id='word_1_468' title='bbox 3086 1944 3181 2015; x_wconf 90' lang='lat' dir='ltr'><strong>qui</strong></span> <span class='ocrx_word' id='word_1_469' title='bbox 3212 1954 3395 2001; x_wconf 84' lang='lat' dir='ltr'><strong>tacere</strong></span> <span class='ocrx_word' id='word_1_470' title='bbox 3443 1953 3640 2000; x_wconf 85' lang='lat' dir='ltr'><strong>statue-</strong></span> 
     </span>
    </p>
   </div>
   <div class='ocr_carea' id='block_1_61' title="bbox 2060 2034 3646 2107">
    <p class='ocr_par' dir='ltr' id='par_1_61' title="bbox 2060 2034 3646 2107">
     <span class='ocr_line' id='line_1_61' title="bbox 2060 2034 3646 2107; baseline 0.002 -21"><span class='ocrx_word' id='word_1_471' title='bbox 2060 2040 2165 2097; x_wconf 88' lang='lat' dir='ltr'><strong>rat,</strong></span> <span class='ocrx_word' id='word_1_472' title='bbox 2187 2034 2552 2089; x_wconf 79' lang='lat' dir='ltr'><strong>convertitur.</strong></span> <span class='ocrx_word' id='word_1_473' title='bbox 2597 2035 2787 2107; x_wconf 87' lang='lat' dir='ltr'><strong>Itaque</strong></span> <span class='ocrx_word' id='word_1_474' title='bbox 2815 2035 2885 2092; x_wconf 91' lang='lat' dir='ltr'><strong>ad</strong></span> <span class='ocrx_word' id='word_1_475' title='bbox 2924 2036 3212 2092; x_wconf 82' lang='lat' dir='ltr'><strong>mulierem</strong></span> <span class='ocrx_word' id='word_1_476' title='bbox 3257 2035 3646 2092; x_wconf 79' lang='lat' dir='ltr'><strong>necromantiae</strong></span> 
     </span>
    </p>
   </div>
   <div class='ocr_carea' id='block_1_62' title="bbox 2059 2124 3645 2200">
    <p class='ocr_par' dir='ltr' id='par_1_62' title="bbox 2059 2124 3645 2200">
     <span class='ocr_line' id='line_1_62' title="bbox 2059 2124 3645 2200; baseline 0.001 -22"><span class='ocrx_word' id='word_1_477' title='bbox 2059 2138 2281 2194; x_wconf 87' lang='lat' dir='ltr'><strong>operam</strong></span> <span class='ocrx_word' id='word_1_478' title='bbox 2305 2124 2528 2180; x_wconf 88' lang='lat' dir='ltr'><strong>dantem</strong></span> <span class='ocrx_word' id='word_1_479' title='bbox 2548 2128 2765 2198; x_wconf 77' lang='lat' dir='ltr'><strong>pergit;</strong></span> <span class='ocrx_word' id='word_1_480' title='bbox 2800 2129 3114 2200; x_wconf 76' lang='lat' dir='ltr'><strong>cognitores</strong></span> <span class='ocrx_word' id='word_1_481' title='bbox 3137 2136 3321 2184; x_wconf 90' lang='lat' dir='ltr'><strong>autem</strong></span> <span class='ocrx_word' id='word_1_482' title='bbox 3362 2126 3508 2192; x_wconf 89' lang='lat' dir='ltr'><strong>dico,</strong></span> <span class='ocrx_word' id='word_1_483' title='bbox 3548 2126 3645 2196; x_wconf 89' lang='lat' dir='ltr'><strong>qui</strong></span> 
     </span>
    </p>
   </div>
   <div class='ocr_carea' id='block_1_63' title="bbox 2060 2217 3641 2292">
    <p class='ocr_par' dir='ltr' id='par_1_63' title="bbox 2060 2217 3641 2292">
     <span class='ocr_line' id='line_1_63' title="bbox 2060 2217 3641 2292; baseline 0 -20"><span class='ocrx_word' id='word_1_484' title='bbox 2060 2230 2120 2272; x_wconf 81' lang='lat' dir='ltr'><strong>se</strong></span> <span class='ocrx_word' id='word_1_485' title='bbox 2172 2217 2492 2272; x_wconf 79' lang='lat' dir='ltr'><strong>existimant</strong></span> <span class='ocrx_word' id='word_1_486' title='bbox 2527 2218 2715 2274; x_wconf 84' lang='lat' dir='ltr'><strong>futura</strong></span> <span class='ocrx_word' id='word_1_487' title='bbox 2768 2235 3122 2292; x_wconf 85' lang='lat' dir='ltr'><strong>cognoscere.</strong></span> <span class='ocrx_word' id='word_1_488' title='bbox 3161 2220 3372 2276; x_wconf 90' lang='lat' dir='ltr'><strong>Deinde</strong></span> <span class='ocrx_word' id='word_1_489' title='bbox 3410 2220 3590 2290; x_wconf 89' lang='lat' dir='ltr'><strong>inquit</strong></span> <span class='ocrx_word' id='word_1_490' title='bbox 3628 2237 3641 2272; x_wconf 92' lang='lat'>:</span> 
     </span>
    </p>
   </div>
   <div class='ocr_carea' id='block_1_64' title="bbox 2069 2307 3641 2381">
    <p class='ocr_par' dir='ltr' id='par_1_64' title="bbox 2069 2307 3641 2381">
     <span class='ocr_line' id='line_1_64' title="bbox 2069 2307 3641 2381; baseline 0.001 -20"><span class='ocrx_word' id='word_1_491' title='bbox 2069 2327 2091 2360; x_wconf 81' lang='grc' dir='ltr'><strong>ι</strong></span> <span class='ocrx_word' id='word_1_492' title='bbox 2118 2307 2306 2363; x_wconf 79' lang='lat' dir='ltr'><strong>Excita</strong></span> <span class='ocrx_word' id='word_1_493' title='bbox 2333 2308 2469 2363; x_wconf 89' lang='lat' dir='ltr'><strong>mihi</strong></span> <span class='ocrx_word' id='word_1_494' title='bbox 2493 2308 2805 2367; x_wconf 85' lang='lat' dir='ltr'><strong>Samuelem</strong></span> <span class='ocrx_word' id='word_1_495' title='bbox 2824 2351 2843 2375; x_wconf 84' lang='lat'><strong>,</strong></span> <span class='ocrx_word' id='word_1_496' title='bbox 2866 2329 2884 2363; x_wconf 79' lang='grc' dir='ltr'><strong>ι</strong></span> <span class='ocrx_word' id='word_1_497' title='bbox 2912 2326 3022 2365; x_wconf 91' lang='lat' dir='ltr'><strong>non</strong></span> <span class='ocrx_word' id='word_1_498' title='bbox 3060 2310 3209 2381; x_wconf 92' lang='lat' dir='ltr'><strong>quod</strong></span> <span class='ocrx_word' id='word_1_499' title='bbox 3246 2326 3312 2365; x_wconf 89' lang='lat' dir='ltr'><strong>ea</strong></span> <span class='ocrx_word' id='word_1_500' title='bbox 3334 2309 3420 2364; x_wconf 91' lang='lat' dir='ltr'><strong>vis</strong></span> <span class='ocrx_word' id='word_1_501' title='bbox 3442 2309 3641 2364; x_wconf 87' lang='lat' dir='ltr'><strong>carmi-</strong></span> 
     </span>
    </p>
   </div>
   <div class='ocr_carea' id='block_1_65' title="bbox 2060 2399 3643 2470">
    <p class='ocr_par' dir='ltr' id='par_1_65' title="bbox 2060 2399 3643 2470">
     <span class='ocr_line' id='line_1_65' title="bbox 2060 2399 3643 2470; baseline -0.001 -17"><span class='ocrx_word' id='word_1_502' title='bbox 2060 2413 2193 2453; x_wconf 90' lang='lat' dir='ltr'><strong>num</strong></span> <span class='ocrx_word' id='word_1_503' title='bbox 2214 2399 2301 2453; x_wconf 90' lang='lat' dir='ltr'><strong>vel</strong></span> <span class='ocrx_word' id='word_1_504' title='bbox 2337 2399 2738 2470; x_wconf 71' lang='lat' dir='ltr'><strong>magiczeartis.</strong></span> <span class='ocrx_word' id='word_1_505' title='bbox 2764 2407 2912 2456; x_wconf 89' lang='lat' dir='ltr'><strong>esset</strong></span> <span class='ocrx_word' id='word_1_506' title='bbox 2942 2411 3005 2455; x_wconf 81' lang='lat' dir='ltr'><strong>ut</strong></span> <span class='ocrx_word' id='word_1_507' title='bbox 3060 2400 3236 2456; x_wconf 86' lang='lat' dir='ltr'><strong>sancti</strong></span> <span class='ocrx_word' id='word_1_508' title='bbox 3261 2400 3370 2455; x_wconf 88' lang='lat' dir='ltr'><strong>viri</strong></span> <span class='ocrx_word' id='word_1_509' title='bbox 3405 2399 3643 2454; x_wconf 89' lang='lat' dir='ltr'><strong>animam</strong></span> 
     </span>
    </p>
   </div>
   <div class='ocr_carea' id='block_1_66' title="bbox 2059 2486 3641 2562">
    <p class='ocr_par' dir='ltr' id='par_1_66' title="bbox 2059 2486 3641 2562">
     <span class='ocr_line' id='line_1_66' title="bbox 2059 2486 3641 2562; baseline -0.003 -16"><span class='ocrx_word' id='word_1_510' title='bbox 2059 2506 2290 2549; x_wconf 88' lang='lat' dir='ltr'><strong>evocare</strong></span> <span class='ocrx_word' id='word_1_511' title='bbox 2314 2500 2519 2562; x_wconf 81' lang='lat' dir='ltr'><strong>posset,</strong></span> <span class='ocrx_word' id='word_1_512' title='bbox 2546 2490 2642 2547; x_wconf 88' lang='lat' dir='ltr'><strong>sed</strong></span> <span class='ocrx_word' id='word_1_513' title='bbox 2678 2490 2828 2560; x_wconf 86' lang='lat' dir='ltr'><strong>quod</strong></span> <span class='ocrx_word' id='word_1_514' title='bbox 2851 2505 3071 2559; x_wconf 86' lang='lat' dir='ltr'><strong>semper</strong></span> <span class='ocrx_word' id='word_1_515' title='bbox 3095 2488 3410 2543; x_wconf 86' lang='lat' dir='ltr'><strong>divinantes</strong></span> <span class='ocrx_word' id='word_1_516' title='bbox 3446 2486 3641 2557; x_wconf 89' lang='lat' dir='ltr'><strong>bujus-</strong></span> 
     </span>
    </p>
   </div>
   <div class='ocr_carea' id='block_1_67' title="bbox 2059 2575 3642 2646">
    <p class='ocr_par' dir='ltr' id='par_1_67' title="bbox 2059 2575 3642 2646">
     <span class='ocr_line' id='line_1_67' title="bbox 2059 2575 3642 2646; baseline -0.005 -9"><span class='ocrx_word' id='word_1_517' title='bbox 2059 2583 2207 2638; x_wconf 91' lang='lat' dir='ltr'><strong>modi</strong></span> <span class='ocrx_word' id='word_1_518' title='bbox 2266 2600 2401 2639; x_wconf 89' lang='lat' dir='ltr'><strong>voce</strong></span> <span class='ocrx_word' id='word_1_519' title='bbox 2427 2590 2675 2637; x_wconf 89' lang='lat' dir='ltr'><strong>utantur.</strong></span> <span class='ocrx_word' id='word_1_520' title='bbox 2700 2579 2902 2636; x_wconf 82' lang='lat' dir='ltr'><strong>Audivi</strong></span> <span class='ocrx_word' id='word_1_521' title='bbox 2924 2587 3108 2635; x_wconf 89' lang='lat' dir='ltr'><strong>autem</strong></span> <span class='ocrx_word' id='word_1_522' title='bbox 3134 2593 3230 2635; x_wconf 84' lang='lat' dir='ltr'><strong>eos</strong></span> <span class='ocrx_word' id='word_1_523' title='bbox 3266 2577 3498 2633; x_wconf 91' lang='lat' dir='ltr'><strong>occultis</strong></span> <span class='ocrx_word' id='word_1_524' title='bbox 3516 2575 3642 2646; x_wconf 91' lang='lat' dir='ltr'><strong>qui-</strong></span> 
     </span>
    </p>
   </div>
   <div class='ocr_carea' id='block_1_68' title="bbox 2072 2670 3640 2739">
    <p class='ocr_par' dir='ltr' id='par_1_68' title="bbox 2072 2670 3640 2739">
     <span class='ocr_line' id='line_1_68' title="bbox 2072 2670 3640 2739; baseline -0.004 -10"><span class='ocrx_word' id='word_1_525' title='bbox 2072 2675 2304 2730; x_wconf 86' lang='lat' dir='ltr'><strong>busdam</strong></span> <span class='ocrx_word' id='word_1_526' title='bbox 2337 2674 2526 2731; x_wconf 78' lang='lat' dir='ltr'><strong>verbis</strong></span> <span class='ocrx_word' id='word_1_527' title='bbox 2575 2673 2784 2729; x_wconf 90' lang='lat' dir='ltr'><strong>illicere</strong></span> <span class='ocrx_word' id='word_1_528' title='bbox 2820 2672 3128 2737; x_wconf 67' lang='lat' dir='ltr'><strong>daemonia;</strong></span> <span class='ocrx_word' id='word_1_529' title='bbox 3165 2679 3242 2736; x_wconf 92' lang='lat' dir='ltr'><strong>et,</strong></span> <span class='ocrx_word' id='word_1_530' title='bbox 3268 2686 3410 2739; x_wconf 89' lang='lat' dir='ltr'><strong>aqua</strong></span> <span class='ocrx_word' id='word_1_531' title='bbox 3450 2670 3640 2725; x_wconf 84' lang='lat' dir='ltr'><strong>incan-</strong></span> 
     </span>
    </p>
   </div>
   <div class='ocr_carea' id='block_1_69' title="bbox 2064 2760 3642 2832">
    <p class='ocr_par' dir='ltr' id='par_1_69' title="bbox 2064 2760 3642 2832">
     <span class='ocr_line' id='line_1_69' title="bbox 2064 2760 3642 2832; baseline -0.006 -10"><span class='ocrx_word' id='word_1_532' title='bbox 2064 2767 2249 2832; x_wconf 82' lang='lat' dir='ltr'><strong>tanda,</strong></span> <span class='ocrx_word' id='word_1_533' title='bbox 2275 2767 2570 2822; x_wconf 88' lang='lat' dir='ltr'><strong>simulacra</strong></span> <span class='ocrx_word' id='word_1_534' title='bbox 2592 2774 2647 2820; x_wconf 89' lang='lat' dir='ltr'><strong>et</strong></span> <span class='ocrx_word' id='word_1_535' title='bbox 2670 2765 2913 2828; x_wconf 82' lang='lat' dir='ltr'><strong>umbras,</strong></span> <span class='ocrx_word' id='word_1_536' title='bbox 2939 2772 2999 2819; x_wconf 88' lang='lat' dir='ltr'><strong>et</strong></span> <span class='ocrx_word' id='word_1_537' title='bbox 3038 2771 3293 2832; x_wconf 86' lang='lat' dir='ltr'><strong>tanquam</strong></span> <span class='ocrx_word' id='word_1_538' title='bbox 3320 2761 3376 2815; x_wconf 92' lang='lat' dir='ltr'><strong>in</strong></span> <span class='ocrx_word' id='word_1_539' title='bbox 3416 2760 3642 2830; x_wconf 83' lang='lat' dir='ltr'><strong>speculo</strong></span> 
     </span>
    </p>
   </div>
   <div class='ocr_carea' id='block_1_70' title="bbox 2061 2851 3632 2928">
    <p class='ocr_par' dir='ltr' id='par_1_70' title="bbox 2061 2851 3632 2928">
     <span class='ocr_line' id='line_1_70' title="bbox 2061 2851 3632 2928; baseline -0.004 -17"><span class='ocrx_word' id='word_1_540' title='bbox 2061 2856 2267 2912; x_wconf 80' lang='lat' dir='ltr'><strong>formas</strong></span> <span class='ocrx_word' id='word_1_541' title='bbox 2296 2852 2561 2928; x_wconf 74' lang='lat' dir='ltr'><strong>quasdam</strong></span> <span class='ocrx_word' id='word_1_542' title='bbox 2580 2854 2912 2926; x_wconf 85' lang='lat' dir='ltr'><strong>conspicari,</strong></span> <span class='ocrx_word' id='word_1_543' title='bbox 2947 2853 3235 2909; x_wconf 78' lang='lat' dir='ltr'><strong>daemoniis</strong></span> <span class='ocrx_word' id='word_1_544' title='bbox 3256 2851 3518 2907; x_wconf 79' lang='lat' dir='ltr'><strong>videlicet</strong></span> <span class='ocrx_word' id='word_1_545' title='bbox 3537 2866 3632 2906; x_wconf 79' lang='lat' dir='ltr'><strong>eo-</strong></span> 
     </span>
    </p>
   </div>
   <div class='ocr_carea' id='block_1_71' title="bbox 2057 2944 3634 3023">
    <p class='ocr_par' dir='ltr' id='par_1_71' title="bbox 2057 2944 3634 3023">
     <span class='ocr_line' id='line_1_71' title="bbox 2057 2944 3634 3023; baseline -0.006 -17"><span class='ocrx_word' id='word_1_546' title='bbox 2057 2968 2181 3008; x_wconf 84' lang='lat' dir='ltr'><strong>rum</strong></span> <span class='ocrx_word' id='word_1_547' title='bbox 2213 2952 2416 3023; x_wconf 82' lang='lat' dir='ltr'><strong>ﬁguras</strong></span> <span class='ocrx_word' id='word_1_548' title='bbox 2447 2960 2572 3022; x_wconf 85' lang='lat' dir='ltr'><strong>apte</strong></span> <span class='ocrx_word' id='word_1_549' title='bbox 2609 2949 2962 3021; x_wconf 76' lang='lat' dir='ltr'><strong>fingentibus,</strong></span> <span class='ocrx_word' id='word_1_550' title='bbox 2993 2946 3331 3018; x_wconf 83' lang='lat' dir='ltr'><strong>quievocari</strong></span> <span class='ocrx_word' id='word_1_551' title='bbox 3355 2944 3634 3000; x_wconf 89' lang='lat' dir='ltr'><strong>dicuntur.</strong></span> 
     </span>
    </p>
   </div>
   <div class='ocr_carea' id='block_1_72' title="bbox 2054 3035 3635 3115">
    <p class='ocr_par' dir='ltr' id='par_1_72' title="bbox 2054 3035 3635 3115">
     <span class='ocr_line' id='line_1_72' title="bbox 2054 3035 3635 3115; baseline -0.006 -16"><span class='ocrx_word' id='word_1_552' title='bbox 2054 3043 2242 3115; x_wconf 86' lang='lat' dir='ltr'><strong>Itaque</strong></span> <span class='ocrx_word' id='word_1_553' title='bbox 2262 3043 2569 3113; x_wconf 72' lang='lat' dir='ltr'><strong>191dixit</strong></span> <span class='ocrx_word' id='word_1_554' title='bbox 2583 3041 2823 3112; x_wconf 84' lang='lat' dir='ltr'><strong>primum</strong></span> <span class='ocrx_word' id='word_1_555' title='bbox 2841 3040 2943 3094; x_wconf 57' lang='lat' dir='ltr'><strong>illa:</strong></span> <span class='ocrx_word' id='word_1_556' title='bbox 2956 3039 3156 3093; x_wconf 78' lang='lat' dir='ltr'><strong>mulier</strong></span> <span class='ocrx_word' id='word_1_557' title='bbox 3176 3055 3190 3091; x_wconf 88' lang='lat'><strong>:</strong></span> <span class='ocrx_word' id='word_1_558' title='bbox 3210 3036 3384 3092; x_wconf 81' lang='lat' dir='ltr'><strong>Video</strong></span> <span class='ocrx_word' id='word_1_559' title='bbox 3401 3035 3535 3090; x_wconf 86' lang='lat' dir='ltr'><strong>deos</strong></span> <span class='ocrx_word' id='word_1_560' title='bbox 3550 3052 3635 3090; x_wconf 87' lang='lat' dir='ltr'><strong>as-</strong></span> 
     </span>
    </p>
   </div>
   <div class='ocr_carea' id='block_1_73' title="bbox 2055 3129 3637 3201">
    <p class='ocr_par' dir='ltr' id='par_1_73' title="bbox 2055 3129 3637 3201">
     <span class='ocr_line' id='line_1_73' title="bbox 2055 3129 3637 3201; baseline -0.005 -9"><span class='ocrx_word' id='word_1_561' title='bbox 2055 3137 2400 3193; x_wconf 87' lang='lat' dir='ltr'><strong>cendentese</strong></span> <span class='ocrx_word' id='word_1_562' title='bbox 2418 3143 2565 3190; x_wconf 89' lang='lat' dir='ltr'><strong>terra</strong></span> <span class='ocrx_word' id='word_1_563' title='bbox 2584 3132 2877 3201; x_wconf 80' lang='lat' dir='ltr'><strong>&#39;;deinde:</strong></span> <span class='ocrx_word' id='word_1_564' title='bbox 2905 3152 2921 3182; x_wconf 74' lang='grc' dir='ltr'><strong>ε</strong></span> <span class='ocrx_word' id='word_1_565' title='bbox 2944 3132 3013 3186; x_wconf 91' lang='lat' dir='ltr'><strong>Et</strong></span> <span class='ocrx_word' id='word_1_566' title='bbox 3025 3131 3183 3196; x_wconf 89' lang='lat' dir='ltr'><strong>vidit,</strong></span> <span class='ocrx_word' id='word_1_567' title='bbox 3210 3150 3228 3181; x_wconf 87' lang='grc'><strong>›</strong></span> <span class='ocrx_word' id='word_1_568' title='bbox 3248 3129 3449 3199; x_wconf 88' lang='lat' dir='ltr'><strong>inquit,</strong></span> <span class='ocrx_word' id='word_1_569' title='bbox 3477 3148 3494 3179; x_wconf 78' lang='grc' dir='ltr'><strong>ι</strong></span> <span class='ocrx_word' id='word_1_570' title='bbox 3515 3143 3637 3184; x_wconf 88' lang='lat' dir='ltr'><strong>mu-</strong></span> 
     </span>
    </p>
   </div>
   <div class='ocr_carea' id='block_1_74' title="bbox 2056 3212 3634 3290">
    <p class='ocr_par' dir='ltr' id='par_1_74' title="bbox 2056 3212 3634 3290">
     <span class='ocr_line' id='line_1_74' title="bbox 2056 3212 3634 3290; baseline -0.006 -11"><span class='ocrx_word' id='word_1_571' title='bbox 2056 3225 2160 3279; x_wconf 90' lang='lat' dir='ltr'><strong>lier</strong></span> <span class='ocrx_word' id='word_1_572' title='bbox 2178 3212 2544 3281; x_wconf 77' lang='lat' dir='ltr'><strong>Samuclem&#39;.</strong></span> <span class='ocrx_word' id='word_1_573' title='bbox 2570 3242 2587 3273; x_wconf 74' lang='grc' dir='ltr'><strong>ι</strong></span> <span class='ocrx_word' id='word_1_574' title='bbox 2611 3221 2758 3277; x_wconf 84' lang='lat' dir='ltr'><strong>Nihil</strong></span> <span class='ocrx_word' id='word_1_575' title='bbox 2775 3236 2907 3276; x_wconf 88' lang='lat' dir='ltr'><strong>vero</strong></span> <span class='ocrx_word' id='word_1_576' title='bbox 2920 3217 3634 3290; x_wconf 83' lang='lat' dir='ltr'><strong>probibetumbramvisam</strong></span> 
     </span>
    </p>
   </div>
   <div class='ocr_carea' id='block_1_75' title="bbox 2055 3309 3632 3385">
    <p class='ocr_par' dir='ltr' id='par_1_75' title="bbox 2055 3309 3632 3385">
     <span class='ocr_line' id='line_1_75' title="bbox 2055 3309 3632 3385; baseline -0.004 -16"><span class='ocrx_word' id='word_1_577' title='bbox 2055 3314 2226 3370; x_wconf 84' lang='lat' dir='ltr'><strong>fuisse</strong></span> <span class='ocrx_word' id='word_1_578' title='bbox 2269 3323 2432 3385; x_wconf 88' lang='lat' dir='ltr'><strong>atque</strong></span> <span class='ocrx_word' id='word_1_579' title='bbox 2472 3313 2831 3369; x_wconf 86' lang='lat' dir='ltr'><strong>simulacrum</strong></span> <span class='ocrx_word' id='word_1_580' title='bbox 2866 3311 3134 3382; x_wconf 88' lang='lat' dir='ltr'><strong>persimili</strong></span> <span class='ocrx_word' id='word_1_581' title='bbox 3179 3310 3343 3366; x_wconf 86' lang='lat' dir='ltr'><strong>beato</strong></span> <span class='ocrx_word' id='word_1_582' title='bbox 3391 3309 3632 3365; x_wconf 83' lang='lat' dir='ltr'><strong>Samueli</strong></span> 
     </span>
    </p>
   </div>
   <div class='ocr_carea' id='block_1_76' title="bbox 2054 3402 3634 3479">
    <p class='ocr_par' dir='ltr' id='par_1_76' title="bbox 2054 3402 3634 3479">
     <span class='ocr_line' id='line_1_76' title="bbox 2054 3402 3634 3479; baseline -0.004 -18"><span class='ocrx_word' id='word_1_583' title='bbox 2054 3406 2229 3479; x_wconf 81' lang='lat' dir='ltr'><strong>ﬁgura</strong></span> <span class='ocrx_word' id='word_1_584' title='bbox 2250 3407 2646 3462; x_wconf 77' lang='lat' dir='ltr'><strong>daemoniorum</strong></span> <span class='ocrx_word' id='word_1_585' title='bbox 2672 3421 2837 3476; x_wconf 89' lang='lat' dir='ltr'><strong>opera</strong></span> <span class='ocrx_word' id='word_1_586' title='bbox 2861 3402 3416 3470; x_wconf 72' lang='lat' dir='ltr'><strong>eﬂ&#39;ormatueruod</strong></span> <span class='ocrx_word' id='word_1_587' title='bbox 3440 3402 3485 3457; x_wconf 92' lang='lat' dir='ltr'><strong>si</strong></span> <span class='ocrx_word' id='word_1_588' title='bbox 3509 3402 3634 3472; x_wconf 89' lang='lat' dir='ltr'><strong>quis</strong></span> 
     </span>
    </p>
   </div>
   <div class='ocr_carea' id='block_1_77' title="bbox 2054 3495 3633 3569">
    <p class='ocr_par' dir='ltr' id='par_1_77' title="bbox 2054 3495 3633 3569">
     <span class='ocr_line' id='line_1_77' title="bbox 2054 3495 3633 3569; baseline -0.003 -16"><span class='ocrx_word' id='word_1_589' title='bbox 2054 3506 2212 3569; x_wconf 89' lang='lat' dir='ltr'><strong>putet</strong></span> <span class='ocrx_word' id='word_1_590' title='bbox 2234 3506 2518 3554; x_wconf 87' lang='lat' dir='ltr'><strong>evocatam</strong></span> <span class='ocrx_word' id='word_1_591' title='bbox 2554 3513 2745 3553; x_wconf 87' lang='lat' dir='ltr'><strong>revera</strong></span> <span class='ocrx_word' id='word_1_592' title='bbox 2776 3496 2947 3552; x_wconf 88' lang='lat' dir='ltr'><strong>fuisse</strong></span> <span class='ocrx_word' id='word_1_593' title='bbox 2983 3495 3267 3568; x_wconf 73' lang='lat' dir='ltr'><strong>propheta:</strong></span> <span class='ocrx_word' id='word_1_594' title='bbox 3291 3495 3552 3561; x_wconf 88' lang='lat' dir='ltr'><strong>animam,</strong></span> <span class='ocrx_word' id='word_1_595' title='bbox 3577 3503 3633 3550; x_wconf 89' lang='lat' dir='ltr'><strong>et</strong></span> 
     </span>
    </p>
   </div>
   <div class='ocr_carea' id='block_1_78' title="bbox 2057 3586 3635 3657">
    <p class='ocr_par' dir='ltr' id='par_1_78' title="bbox 2057 3586 3635 3657">
     <span class='ocr_line' id='line_1_78' title="bbox 2057 3586 3635 3657; baseline -0.003 -15"><span class='ocrx_word' id='word_1_596' title='bbox 2057 3589 2307 3644; x_wconf 85' lang='lat' dir='ltr'><strong>mulieris</strong></span> <span class='ocrx_word' id='word_1_597' title='bbox 2326 3589 2513 3643; x_wconf 85' lang='lat' dir='ltr'><strong>verbis</strong></span> <span class='ocrx_word' id='word_1_598' title='bbox 2553 3587 2809 3643; x_wconf 89' lang='lat' dir='ltr'><strong>tribuerit</strong></span> <span class='ocrx_word' id='word_1_599' title='bbox 2833 3587 3159 3653; x_wconf 88' lang='lat' dir='ltr'><strong>veritatem;</strong></span> <span class='ocrx_word' id='word_1_600' title='bbox 3186 3601 3340 3657; x_wconf 90' lang='lat' dir='ltr'><strong>ergo,</strong></span> <span class='ocrx_word' id='word_1_601' title='bbox 3371 3586 3501 3657; x_wconf 88' lang='lat' dir='ltr'><strong>quia</strong></span> <span class='ocrx_word' id='word_1_602' title='bbox 3543 3600 3635 3639; x_wconf 87' lang='lat' dir='ltr'><strong>ea-</strong></span> 
     </span>
    </p>
   </div>
   <div class='ocr_carea' id='block_1_79' title="bbox 2055 3677 3632 3742">
    <p class='ocr_par' dir='ltr' id='par_1_79' title="bbox 2055 3677 3632 3742">
     <span class='ocr_line' id='line_1_79' title="bbox 2055 3677 3632 3742; baseline -0.003 -8"><span class='ocrx_word' id='word_1_603' title='bbox 2055 3678 2181 3735; x_wconf 91' lang='lat' dir='ltr'><strong>dem</strong></span> <span class='ocrx_word' id='word_1_604' title='bbox 2204 3678 2345 3735; x_wconf 85' lang='lat' dir='ltr'><strong>dixit</strong></span> <span class='ocrx_word' id='word_1_605' title='bbox 2364 3680 2497 3735; x_wconf 88' lang='lat' dir='ltr'><strong>deos</strong></span> <span class='ocrx_word' id='word_1_606' title='bbox 2525 3694 2556 3735; x_wconf 88' lang='lat' dir='ltr'><strong>e</strong></span> <span class='ocrx_word' id='word_1_607' title='bbox 2589 3686 2737 3734; x_wconf 90' lang='lat' dir='ltr'><strong>terra</strong></span> <span class='ocrx_word' id='word_1_608' title='bbox 2770 3678 3129 3735; x_wconf 89' lang='lat' dir='ltr'><strong>ascendentes</strong></span> <span class='ocrx_word' id='word_1_609' title='bbox 3171 3692 3228 3733; x_wconf 85' lang='lat' dir='ltr'><strong>se</strong></span> <span class='ocrx_word' id='word_1_610' title='bbox 3254 3677 3479 3742; x_wconf 86' lang='lat' dir='ltr'><strong>vidisse,</strong></span> <span class='ocrx_word' id='word_1_611' title='bbox 3521 3691 3632 3731; x_wconf 87' lang='lat' dir='ltr'><strong>non</strong></span> 
     </span>
    </p>
   </div>
   <div class='ocr_carea' id='block_1_80' title="bbox 2056 3768 3630 3832">
    <p class='ocr_par' dir='ltr' id='par_1_80' title="bbox 2056 3768 3630 3832">
     <span class='ocr_line' id='line_1_80' title="bbox 2056 3768 3630 3832; baseline -0.003 -4"><span class='ocrx_word' id='word_1_612' title='bbox 2056 3770 2337 3827; x_wconf 85' lang='lat' dir='ltr'><strong>divinandi</strong></span> <span class='ocrx_word' id='word_1_613' title='bbox 2388 3769 2780 3827; x_wconf 90' lang='lat' dir='ltr'><strong>consuetudini</strong></span> <span class='ocrx_word' id='word_1_614' title='bbox 2839 3768 3114 3825; x_wconf 91' lang='lat' dir='ltr'><strong>condonet</strong></span> <span class='ocrx_word' id='word_1_615' title='bbox 3149 3768 3474 3832; x_wconf 80' lang='lat' dir='ltr'><strong>falsitatem;</strong></span> <span class='ocrx_word' id='word_1_616' title='bbox 3534 3768 3630 3823; x_wconf 87' lang='lat' dir='ltr'><strong>sed</strong></span> 
     </span>
    </p>
   </div>
   <div class='ocr_carea' id='block_1_81' title="bbox 2051 3860 3627 3934">
    <p class='ocr_par' dir='ltr' id='par_1_81' title="bbox 2051 3860 3627 3934">
     <span class='ocr_line' id='line_1_81' title="bbox 2051 3860 3627 3934; baseline -0.001 -17"><span class='ocrx_word' id='word_1_617' title='bbox 2051 3878 2246 3918; x_wconf 88' lang='lat' dir='ltr'><strong>revera</strong></span> <span class='ocrx_word' id='word_1_618' title='bbox 2283 3864 2416 3920; x_wconf 91' lang='lat' dir='ltr'><strong>deos</strong></span> <span class='ocrx_word' id='word_1_619' title='bbox 2451 3880 2571 3920; x_wconf 89' lang='lat' dir='ltr'><strong>esse</strong></span> <span class='ocrx_word' id='word_1_620' title='bbox 2615 3870 2768 3934; x_wconf 88' lang='lat' dir='ltr'><strong>putet</strong></span> <span class='ocrx_word' id='word_1_621' title='bbox 2805 3862 3073 3933; x_wconf 87' lang='lat' dir='ltr'><strong>quosdam</strong></span> <span class='ocrx_word' id='word_1_622' title='bbox 3097 3860 3366 3934; x_wconf 81' lang='lat' dir='ltr'><strong>ejusmodi</strong></span> <span class='ocrx_word' id='word_1_623' title='bbox 3395 3860 3627 3924; x_wconf 87' lang='lat' dir='ltr'><strong>ordinis,</strong></span> 
     </span>
    </p>
   </div>
   <div class='ocr_carea' id='block_1_82' title="bbox 2050 3954 3629 4027">
    <p class='ocr_par' dir='ltr' id='par_1_82' title="bbox 2050 3954 3629 4027">
     <span class='ocr_line' id='line_1_82' title="bbox 2050 3954 3629 4027; baseline 0.001 -19"><span class='ocrx_word' id='word_1_624' title='bbox 2050 3954 2144 4024; x_wconf 92' lang='lat' dir='ltr'><strong>qui</strong></span> <span class='ocrx_word' id='word_1_625' title='bbox 2163 3956 2430 4010; x_wconf 82' lang='lat' dir='ltr'><strong>exsistant</strong></span> <span class='ocrx_word' id='word_1_626' title='bbox 2450 3970 2480 4011; x_wconf 92' lang='lat' dir='ltr'><strong>e</strong></span> <span class='ocrx_word' id='word_1_627' title='bbox 2501 3964 2643 4011; x_wconf 90' lang='lat' dir='ltr'><strong>terra</strong></span> <span class='ocrx_word' id='word_1_628' title='bbox 2663 3971 2814 4022; x_wconf 90' lang='lat' dir='ltr'><strong>;cum</strong></span> <span class='ocrx_word' id='word_1_629' title='bbox 2828 3956 2921 4010; x_wconf 89' lang='lat' dir='ltr'><strong>ille</strong></span> <span class='ocrx_word' id='word_1_630' title='bbox 2936 3955 3031 4027; x_wconf 90' lang='lat' dir='ltr'><strong>qui</strong></span> <span class='ocrx_word' id='word_1_631' title='bbox 3047 3954 3349 4011; x_wconf 89' lang='lat' dir='ltr'><strong>secundum</strong></span> <span class='ocrx_word' id='word_1_632' title='bbox 3373 3960 3504 4009; x_wconf 90' lang='lat' dir='ltr'><strong>natu</strong></span> <span class='ocrx_word' id='word_1_633' title='bbox 3514 3968 3629 4010; x_wconf 85' lang='lat' dir='ltr'><strong>ram</strong></span> 
     </span>
    </p>
   </div>
   <div class='ocr_carea' id='block_1_83' title="bbox 2052 4044 2871 4111">
    <p class='ocr_par' dir='ltr' id='par_1_83' title="bbox 2052 4044 2871 4111">
     <span class='ocr_line' id='line_1_83' title="bbox 2052 4044 2871 4111; baseline 0 -10"><span class='ocrx_word' id='word_1_634' title='bbox 2052 4044 2196 4102; x_wconf 86' lang='lat' dir='ltr'><strong>Deus</strong></span> <span class='ocrx_word' id='word_1_635' title='bbox 2216 4055 2321 4111; x_wconf 89' lang='lat' dir='ltr'><strong>est,</strong></span> <span class='ocrx_word' id='word_1_636' title='bbox 2348 4063 2494 4102; x_wconf 90' lang='lat' dir='ltr'><strong>unus</strong></span> <span class='ocrx_word' id='word_1_637' title='bbox 2519 4046 2592 4103; x_wconf 90' lang='lat' dir='ltr'><strong>sit</strong></span> <span class='ocrx_word' id='word_1_638' title='bbox 2613 4062 2676 4102; x_wconf 90' lang='lat' dir='ltr'><strong>ac</strong></span> <span class='ocrx_word' id='word_1_639' title='bbox 2701 4047 2871 4102; x_wconf 90' lang='lat' dir='ltr'><strong>solus.</strong></span> 
     </span>
    </p>
   </div>
   <div class='ocr_carea' id='block_1_84' title="bbox 367 4136 3625 4213">
    <p class='ocr_par' dir='ltr' id='par_1_84' title="bbox 367 4136 3625 4213">
     <span class='ocr_line' id='line_1_84' title="bbox 367 4136 3625 4213; baseline -0.002 -20"><span class='ocrx_word' id='word_1_640' title='bbox 367 4139 600 4211; x_wconf 79' lang='grc' dir='ltr'><strong>ὀφθῆναι</strong></span> <span class='ocrx_word' id='word_1_641' title='bbox 658 4141 757 4196; x_wconf 71' lang='grc' dir='ltr'><strong>καὶ</strong></span> <span class='ocrx_word' id='word_1_642' title='bbox 800 4141 1047 4207; x_wconf 77' lang='grc' dir='ltr'><strong>εἴδωλον,</strong></span> <span class='ocrx_word' id='word_1_643' title='bbox 1105 4144 1171 4197; x_wconf 84' lang='grc' dir='ltr'><strong>ἐκ</strong></span> <span class='ocrx_word' id='word_1_644' title='bbox 1217 4141 1602 4213; x_wconf 86' lang='grc' dir='ltr'><strong>δαιμονιώδους</strong></span> <span class='ocrx_word' id='word_1_645' title='bbox 1650 4139 1933 4212; x_wconf 78' lang='grc' dir='ltr'><strong>ἐνεργείας</strong></span> <span class='ocrx_word' id='word_1_646' title='bbox 1976 4141 2434 4211; x_wconf 79' lang='grc' dir='ltr'><strong>μεμορφωμένον.</strong></span> <span class='ocrx_word' id='word_1_647' title='bbox 2509 4141 2683 4212; x_wconf 78' lang='grc' dir='ltr'><strong>Εἴπερ</strong></span> <span class='ocrx_word' id='word_1_648' title='bbox 2725 4137 2820 4195; x_wconf 82' lang='grc' dir='ltr'><strong>οὖν</strong></span> <span class='ocrx_word' id='word_1_649' title='bbox 2862 4139 3030 4194; x_wconf 77' lang='grc' dir='ltr'><strong>οἴοιτό</strong></span> <span class='ocrx_word' id='word_1_650' title='bbox 3067 4156 3153 4202; x_wconf 89' lang='grc' dir='ltr'><strong>τις</strong></span> <span class='ocrx_word' id='word_1_651' title='bbox 3214 4136 3625 4206; x_wconf 83' lang='grc' dir='ltr'><strong>ἀνακεκλῆσθαι</strong></span> 
     </span>
    </p>
   </div>
   <div class='ocr_carea' id='block_1_85' title="bbox 367 4228 3624 4306">
    <p class='ocr_par' dir='ltr' id='par_1_85' title="bbox 367 4228 3624 4306">
     <span class='ocr_line' id='line_1_85' title="bbox 367 4228 3624 4306; baseline -0.002 -20"><span class='ocrx_word' id='word_1_652' title='bbox 367 4233 510 4288; x_wconf 87' lang='grc' dir='ltr'><strong>κατά</strong></span> <span class='ocrx_word' id='word_1_653' title='bbox 540 4233 600 4288; x_wconf 79' lang='grc' dir='ltr'><strong>τὸ</strong></span> <span class='ocrx_word' id='word_1_654' title='bbox 633 4234 831 4304; x_wconf 75' lang='grc' dir='ltr'><strong>ἀληθὲς</strong></span> <span class='ocrx_word' id='word_1_655' title='bbox 868 4233 967 4306; x_wconf 82' lang='grc' dir='ltr'><strong>τὴν</strong></span> <span class='ocrx_word' id='word_1_656' title='bbox 999 4233 1091 4287; x_wconf 83' lang='grc' dir='ltr'><strong>τοῦ</strong></span> <span class='ocrx_word' id='word_1_657' title='bbox 1160 4235 1439 4304; x_wconf 80' lang='grc' dir='ltr'><strong>προφήτου</strong></span> <span class='ocrx_word' id='word_1_658' title='bbox 1479 4233 1676 4305; x_wconf 80' lang='grc' dir='ltr'><strong>ψυχὴν,</strong></span> <span class='ocrx_word' id='word_1_659' title='bbox 1724 4232 1819 4286; x_wconf 77' lang='grc' dir='ltr'><strong>καὶ</strong></span> <span class='ocrx_word' id='word_1_660' title='bbox 1857 4234 1970 4294; x_wconf 85' lang='grc' dir='ltr'><strong>τοῖς</strong></span> <span class='ocrx_word' id='word_1_661' title='bbox 2005 4230 2102 4285; x_wconf 80' lang='grc' dir='ltr'><strong>τοῦ</strong></span> <span class='ocrx_word' id='word_1_662' title='bbox 2144 4233 2369 4301; x_wconf 85' lang='grc' dir='ltr'><strong>γυναίου</strong></span> <span class='ocrx_word' id='word_1_663' title='bbox 2416 4232 2597 4301; x_wconf 88' lang='grc' dir='ltr'><strong>λόγοις</strong></span> <span class='ocrx_word' id='word_1_664' title='bbox 2641 4233 3020 4303; x_wconf 79' lang='grc' dir='ltr'><strong>ἐπιψηφιεῖται</strong></span> <span class='ocrx_word' id='word_1_665' title='bbox 3060 4230 3122 4282; x_wconf 81' lang='grc' dir='ltr'><strong>τὸ</strong></span> <span class='ocrx_word' id='word_1_666' title='bbox 3185 4228 3406 4298; x_wconf 82' lang='grc' dir='ltr'><strong>ἀληθὲς,</strong></span> <span class='ocrx_word' id='word_1_667' title='bbox 3438 4228 3624 4296; x_wconf 82' lang='grc' dir='ltr'><strong>ἐπειδὴ</strong></span> 
     </span>
    </p>
   </div>
   <div class='ocr_carea' id='block_1_86' title="bbox 366 4316 3625 4397">
    <p class='ocr_par' dir='ltr' id='par_1_86' title="bbox 366 4316 3625 4397">
     <span class='ocr_line' id='line_1_86' title="bbox 366 4316 3625 4397; baseline -0.003 -17"><span class='ocrx_word' id='word_1_668' title='bbox 366 4326 465 4380; x_wconf 79' lang='grc' dir='ltr'><strong>καὶ</strong></span> <span class='ocrx_word' id='word_1_669' title='bbox 507 4325 665 4390; x_wconf 79' lang='grc' dir='ltr'><strong>θεοὺς</strong></span> <span class='ocrx_word' id='word_1_670' title='bbox 694 4325 1082 4389; x_wconf 80' lang='grc' dir='ltr'><strong>ἀναϐαίνοντας</strong></span> <span class='ocrx_word' id='word_1_671' title='bbox 1145 4324 1253 4378; x_wconf 83' lang='grc' dir='ltr'><strong>ἀπὸ</strong></span> <span class='ocrx_word' id='word_1_672' title='bbox 1308 4326 1409 4395; x_wconf 80' lang='grc' dir='ltr'><strong>τῆς</strong></span> <span class='ocrx_word' id='word_1_673' title='bbox 1468 4325 1574 4395; x_wconf 82' lang='grc' dir='ltr'><strong>γῆς</strong></span> <span class='ocrx_word' id='word_1_674' title='bbox 1611 4323 1900 4378; x_wconf 77' lang='grc' dir='ltr'><strong>τεθεᾶσθαι</strong></span> <span class='ocrx_word' id='word_1_675' title='bbox 1928 4342 2114 4397; x_wconf 80' lang='grc' dir='ltr'><strong>φησιν,</strong></span> <span class='ocrx_word' id='word_1_676' title='bbox 2155 4326 2250 4379; x_wconf 75' lang='grc' dir='ltr'><strong>καὶ</strong></span> <span class='ocrx_word' id='word_1_677' title='bbox 2280 4326 2395 4387; x_wconf 80' lang='grc' dir='ltr'><strong>τοῖς</strong></span> <span class='ocrx_word' id='word_1_678' title='bbox 2426 4323 2525 4392; x_wconf 82' lang='grc' dir='ltr'><strong>τῆς</strong></span> <span class='ocrx_word' id='word_1_679' title='bbox 2556 4323 2815 4392; x_wconf 87' lang='grc' dir='ltr'><strong>μαντείας</strong></span> <span class='ocrx_word' id='word_1_680' title='bbox 2840 4321 2987 4373; x_wconf 75' lang='grc' dir='ltr'><strong>ἔθεσι</strong></span> <span class='ocrx_word' id='word_1_681' title='bbox 3022 4318 3329 4389; x_wconf 81' lang='grc' dir='ltr'><strong>χαριζέσθω</strong></span> <span class='ocrx_word' id='word_1_682' title='bbox 3366 4318 3427 4372; x_wconf 84' lang='grc' dir='ltr'><strong>τὸ</strong></span> <span class='ocrx_word' id='word_1_683' title='bbox 3489 4316 3625 4387; x_wconf 82' lang='grc' dir='ltr'><strong>ψεῦ-</strong></span> 
     </span>
    </p>
   </div>
   <div class='ocr_carea' id='block_1_87' title="bbox 367 4409 3622 4490">
    <p class='ocr_par' dir='ltr' id='par_1_87' title="bbox 367 4409 3622 4490">
     <span class='ocr_line' id='line_1_87' title="bbox 367 4409 3622 4490; baseline -0.003 -17"><span class='ocrx_word' id='word_1_684' title='bbox 367 4419 479 4482; x_wconf 80' lang='grc' dir='ltr'><strong>δος,</strong></span> <span class='ocrx_word' id='word_1_685' title='bbox 500 4417 617 4471; x_wconf 80' lang='grc' dir='ltr'><strong>ἀλλ’</strong></span> <span class='ocrx_word' id='word_1_686' title='bbox 645 4417 840 4472; x_wconf 72' lang='grc' dir='ltr'><strong>οἰέσθω</strong></span> <span class='ocrx_word' id='word_1_687' title='bbox 862 4418 1006 4471; x_wconf 87' lang='grc' dir='ltr'><strong>κατά</strong></span> <span class='ocrx_word' id='word_1_688' title='bbox 1030 4417 1288 4488; x_wconf 84' lang='grc' dir='ltr'><strong>ἀλήθειαν</strong></span> <span class='ocrx_word' id='word_1_689' title='bbox 1320 4418 1413 4471; x_wconf 68' lang='grc' dir='ltr'><strong>καὶ</strong></span> <span class='ocrx_word' id='word_1_690' title='bbox 1436 4416 1591 4480; x_wconf 75' lang='grc' dir='ltr'><strong>θεοὺς</strong></span> <span class='ocrx_word' id='word_1_691' title='bbox 1617 4411 1756 4470; x_wconf 76' lang='grc' dir='ltr'><strong>εἷναί</strong></span> <span class='ocrx_word' id='word_1_692' title='bbox 1779 4433 1929 4479; x_wconf 83' lang='grc' dir='ltr'><strong>τινας</strong></span> <span class='ocrx_word' id='word_1_693' title='bbox 1963 4417 2066 4486; x_wconf 81' lang='grc' dir='ltr'><strong>τῆς</strong></span> <span class='ocrx_word' id='word_1_694' title='bbox 2102 4414 2359 4485; x_wconf 85' lang='grc' dir='ltr'><strong>τοιαύτης</strong></span> <span class='ocrx_word' id='word_1_695' title='bbox 2395 4413 2603 4477; x_wconf 81' lang='grc' dir='ltr'><strong>τάξεως</strong></span> <span class='ocrx_word' id='word_1_696' title='bbox 2638 4414 2764 4476; x_wconf 76' lang='grc' dir='ltr'><strong>τοὺς</strong></span> <span class='ocrx_word' id='word_1_697' title='bbox 2793 4411 3132 4482; x_wconf 84' lang='grc' dir='ltr'><strong>ἀνασχόντας</strong></span> <span class='ocrx_word' id='word_1_698' title='bbox 3162 4409 3271 4464; x_wconf 81' lang='grc' dir='ltr'><strong>ἀπὸ</strong></span> <span class='ocrx_word' id='word_1_699' title='bbox 3328 4409 3430 4480; x_wconf 81' lang='grc' dir='ltr'><strong>τῆς</strong></span> <span class='ocrx_word' id='word_1_700' title='bbox 3496 4410 3622 4490; x_wconf 61' lang='grc' dir='ltr'><strong>γῆς,</strong></span> 
     </span>
    </p>
   </div>
   <div class='ocr_carea' id='block_1_88' title="bbox 367 4508 1940 4579">
    <p class='ocr_par' dir='ltr' id='par_1_88' title="bbox 367 4508 1940 4579">
     <span class='ocr_line' id='line_1_88' title="bbox 367 4508 1940 4579; baseline -0.003 -14"><span class='ocrx_word' id='word_1_701' title='bbox 367 4511 547 4565; x_wconf 73' lang='grc' dir='ltr'><strong>καίτοι</strong></span> <span class='ocrx_word' id='word_1_702' title='bbox 573 4509 710 4562; x_wconf 82' lang='grc' dir='ltr'><strong>Θεοῦ</strong></span> <span class='ocrx_word' id='word_1_703' title='bbox 759 4510 900 4564; x_wconf 90' lang='grc' dir='ltr'><strong>κατὰ</strong></span> <span class='ocrx_word' id='word_1_704' title='bbox 948 4510 1111 4579; x_wconf 88' lang='grc' dir='ltr'><strong>φύσιν</strong></span> <span class='ocrx_word' id='word_1_705' title='bbox 1147 4510 1299 4572; x_wconf 74' lang='grc' dir='ltr'><strong>ὄντος</strong></span> <span class='ocrx_word' id='word_1_706' title='bbox 1356 4508 1474 4572; x_wconf 85' lang='grc' dir='ltr'><strong>ἐνός</strong></span> <span class='ocrx_word' id='word_1_707' title='bbox 1503 4525 1563 4563; x_wconf 90' lang='grc' dir='ltr'><strong>τε</strong></span> <span class='ocrx_word' id='word_1_708' title='bbox 1610 4508 1706 4563; x_wconf 73' lang='grc' dir='ltr'><strong>καὶ</strong></span> <span class='ocrx_word' id='word_1_709' title='bbox 1756 4508 1940 4579; x_wconf 86' lang='grc' dir='ltr'><strong>μόνου.</strong></span> 
     </span>
    </p>
   </div>
   <div class='ocr_carea' id='block_1_89' title="bbox 434 4594 1963 4676">
    <p class='ocr_par' dir='ltr' id='par_1_89' title="bbox 434 4599 1936 4676">
     <span class='ocr_line' id='line_1_89' title="bbox 434 4599 1936 4676; baseline -0.003 -16"><span class='ocrx_word' id='word_1_710' title='bbox 434 4606 649 4660; x_wconf 69' lang='grc' dir='ltr'><strong>ΠΔΛΛ.</strong></span> <span class='ocrx_word' id='word_1_711' title='bbox 680 4605 856 4674; x_wconf 84' lang='grc' dir='ltr'><strong>Ἔφης</strong></span> <span class='ocrx_word' id='word_1_712' title='bbox 888 4603 985 4674; x_wconf 84' lang='grc' dir='ltr'><strong>μὲν</strong></span> <span class='ocrx_word' id='word_1_713' title='bbox 1012 4603 1211 4675; x_wconf 84' lang='grc' dir='ltr'><strong>ὀρθῶς.</strong></span> <span class='ocrx_word' id='word_1_714' title='bbox 1229 4604 1374 4675; x_wconf 84' lang='grc' dir='ltr'><strong>Ἑρεί</strong></span> <span class='ocrx_word' id='word_1_715' title='bbox 1397 4602 1455 4656; x_wconf 81' lang='grc' dir='ltr'><strong>δὲ</strong></span> <span class='ocrx_word' id='word_1_716' title='bbox 1483 4601 1596 4669; x_wconf 75' lang='grc' dir='ltr'><strong>οὖν,</strong></span> <span class='ocrx_word' id='word_1_717' title='bbox 1629 4599 1805 4676; x_wconf 75' lang='grc' dir='ltr'><strong>οἶμαι,</strong></span> <span class='ocrx_word' id='word_1_718' title='bbox 1831 4603 1936 4666; x_wconf 76' lang='grc' dir='ltr'><strong>τὶς,</strong></span> 
     </span>
    </p>
   </div>
   <div class='ocr_carea' id='block_1_90' title="bbox 2062 4594 3622 4676">
    <p class='ocr_par' dir='ltr' id='par_1_90' title="bbox 2116 4594 3622 4666">
     <span class='ocr_line' id='line_1_90' title="bbox 2116 4594 3622 4666; baseline 0 -13"><span class='ocrx_word' id='word_1_719' title='bbox 2116 4597 2315 4653; x_wconf 82' lang='lat' dir='ltr'><strong>PALL.</strong></span> <span class='ocrx_word' id='word_1_720' title='bbox 2354 4597 2451 4651; x_wconf 87' lang='lat' dir='ltr'><strong>Est</strong></span> <span class='ocrx_word' id='word_1_721' title='bbox 2474 4594 2697 4666; x_wconf 85' lang='lat' dir='ltr'><strong>quidem</strong></span> <span class='ocrx_word' id='word_1_722' title='bbox 2749 4602 2858 4650; x_wconf 81' lang='lat' dir='ltr'><strong>ate</strong></span> <span class='ocrx_word' id='word_1_723' title='bbox 2889 4602 3039 4651; x_wconf 90' lang='lat' dir='ltr'><strong>recte</strong></span> <span class='ocrx_word' id='word_1_724' title='bbox 3075 4595 3305 4651; x_wconf 88' lang='lat' dir='ltr'><strong>dictum.</strong></span> <span class='ocrx_word' id='word_1_725' title='bbox 3350 4596 3622 4653; x_wconf 76' lang='lat' dir='ltr'><strong>Caeterum</strong></span> 
     </span>
    </p>
   </div>
   <div class='ocr_carea' id='block_1_91' title="bbox 368 4687 1963 4767">
    <p class='ocr_par' dir='ltr' id='par_1_91' title="bbox 368 4692 1940 4767">
     <span class='ocr_line' id='line_1_91' title="bbox 368 4692 1940 4767; baseline -0.003 -16"><span class='ocrx_word' id='word_1_726' title='bbox 368 4697 563 4751; x_wconf 83' lang='grc' dir='ltr'><strong>Καίτοι</strong></span> <span class='ocrx_word' id='word_1_727' title='bbox 658 4696 954 4767; x_wconf 83' lang='grc' dir='ltr'><strong>λελάληκεν</strong></span> <span class='ocrx_word' id='word_1_728' title='bbox 1033 4694 1211 4766; x_wconf 86' lang='grc' dir='ltr'><strong>ἀληθῆ</strong></span> <span class='ocrx_word' id='word_1_729' title='bbox 1295 4695 1780 4763; x_wconf 83' lang='grc' dir='ltr'><strong>φιλοπευστοῦντος</strong></span> <span class='ocrx_word' id='word_1_730' title='bbox 1845 4692 1940 4747; x_wconf 84' lang='grc' dir='ltr'><strong>τοῦ</strong></span> 
     </span>
    </p>
   </div>
   <div class='ocr_carea' id='block_1_92' title="bbox 2062 4687 3624 4767">
    <p class='ocr_par' dir='ltr' id='par_1_92' title="bbox 2062 4687 3624 4759">
     <span class='ocr_line' id='line_1_92' title="bbox 2062 4687 3624 4759; baseline 0.001 -15"><span class='ocrx_word' id='word_1_731' title='bbox 2062 4689 2194 4744; x_wconf 74' lang='lat' dir='ltr'><strong>licet</strong></span> <span class='ocrx_word' id='word_1_732' title='bbox 2236 4688 2468 4744; x_wconf 88' lang='lat' dir='ltr'><strong>fortasse</strong></span> <span class='ocrx_word' id='word_1_733' title='bbox 2515 4687 2787 4758; x_wconf 84' lang='lat' dir='ltr'><strong>quispiam</strong></span> <span class='ocrx_word' id='word_1_734' title='bbox 2823 4705 2837 4741; x_wconf 90' lang='lat'><strong>:</strong></span> <span class='ocrx_word' id='word_1_735' title='bbox 2868 4687 3034 4759; x_wconf 87' lang='lat' dir='ltr'><strong>Atqui</strong></span> <span class='ocrx_word' id='word_1_736' title='bbox 3080 4704 3212 4743; x_wconf 90' lang='lat' dir='ltr'><strong>vera</strong></span> <span class='ocrx_word' id='word_1_737' title='bbox 3263 4688 3421 4755; x_wconf 79' lang='lat' dir='ltr'><strong>dixit,</strong></span> <span class='ocrx_word' id='word_1_738' title='bbox 3461 4690 3624 4746; x_wconf 90' lang='lat' dir='ltr'><strong>Saule</strong></span> 
     </span>
    </p>
   </div>
   <div class='ocr_carea' id='block_1_93' title="bbox 370 4779 1963 4858">
    <p class='ocr_par' dir='ltr' id='par_1_93' title="bbox 370 4784 1942 4858">
     <span class='ocr_line' id='line_1_93' title="bbox 370 4784 1942 4858; baseline -0.002 -19"><span class='ocrx_word' id='word_1_739' title='bbox 370 4787 541 4840; x_wconf 77' lang='grc' dir='ltr'><strong>Σαοὺλ</strong></span> <span class='ocrx_word' id='word_1_740' title='bbox 590 4787 844 4858; x_wconf 84' lang='grc' dir='ltr'><strong>ἐσόμενα.</strong></span> <span class='ocrx_word' id='word_1_741' title='bbox 912 4786 986 4840; x_wconf 82' lang='grc' dir='ltr'><strong>Οὐ</strong></span> <span class='ocrx_word' id='word_1_742' title='bbox 1054 4785 1247 4857; x_wconf 78' lang='grc' dir='ltr'><strong>μικρὸς</strong></span> <span class='ocrx_word' id='word_1_743' title='bbox 1294 4785 1353 4838; x_wconf 87' lang='grc' dir='ltr'><strong>δέ</strong></span> <span class='ocrx_word' id='word_1_744' title='bbox 1399 4786 1531 4855; x_wconf 84' lang='grc' dir='ltr'><strong>ἡμῖν</strong></span> <span class='ocrx_word' id='word_1_745' title='bbox 1578 4784 1942 4853; x_wconf 84' lang='grc' dir='ltr'><strong>δεδαπάνηται</strong></span> 
     </span>
    </p>
   </div>
   <div class='ocr_carea' id='block_1_94' title="bbox 2062 4779 3623 4858">
    <p class='ocr_par' dir='ltr' id='par_1_94' title="bbox 2062 4779 3623 4851">
     <span class='ocr_line' id='line_1_94' title="bbox 2062 4779 3623 4851; baseline 0.001 -15"><span class='ocrx_word' id='word_1_746' title='bbox 2062 4796 2170 4851; x_wconf 61' lang='lat' dir='ltr'><strong>ruat</strong></span> <span class='ocrx_word' id='word_1_747' title='bbox 2196 4780 2383 4835; x_wconf 91' lang='lat' dir='ltr'><strong>futura</strong></span> <span class='ocrx_word' id='word_1_748' title='bbox 2406 4787 2590 4834; x_wconf 90' lang='lat' dir='ltr'><strong>essent</strong></span> <span class='ocrx_word' id='word_1_749' title='bbox 2629 4779 2960 4835; x_wconf 87' lang='lat' dir='ltr'><strong>sciscitante.</strong></span> <span class='ocrx_word' id='word_1_750' title='bbox 2985 4780 3108 4835; x_wconf 89' lang='lat' dir='ltr'><strong>Non</strong></span> <span class='ocrx_word' id='word_1_751' title='bbox 3129 4786 3213 4836; x_wconf 90' lang='lat' dir='ltr'><strong>est</strong></span> <span class='ocrx_word' id='word_1_752' title='bbox 3235 4788 3420 4836; x_wconf 89' lang='lat' dir='ltr'><strong>autem</strong></span> <span class='ocrx_word' id='word_1_753' title='bbox 3458 4798 3488 4837; x_wconf 86' lang='lat' dir='ltr'><strong>a</strong></span> <span class='ocrx_word' id='word_1_754' title='bbox 3525 4799 3623 4837; x_wconf 64' lang='lat' dir='ltr'><strong>noo</strong></span> 
     </span>
    </p>
   </div>
   <div class='ocr_carea' id='block_1_95' title="bbox 369 4871 1963 4951">
    <p class='ocr_par' dir='ltr' id='par_1_95' title="bbox 369 4876 1941 4951">
     <span class='ocr_line' id='line_1_95' title="bbox 369 4876 1941 4951; baseline -0.001 -22"><span class='ocrx_word' id='word_1_755' title='bbox 369 4876 524 4945; x_wconf 73' lang='grc' dir='ltr'><strong>λόγος</strong></span> <span class='ocrx_word' id='word_1_756' title='bbox 556 4878 878 4951; x_wconf 80' lang='grc' dir='ltr'><strong>ἀπελέγχων</strong></span> <span class='ocrx_word' id='word_1_757' title='bbox 915 4879 997 4933; x_wconf 84' lang='grc' dir='ltr'><strong>ὅτι</strong></span> <span class='ocrx_word' id='word_1_758' title='bbox 1041 4880 1141 4933; x_wconf 83' lang='grc' dir='ltr'><strong>οὐκ</strong></span> <span class='ocrx_word' id='word_1_759' title='bbox 1178 4880 1236 4931; x_wconf 90' lang='grc' dir='ltr'><strong>ἐν</strong></span> <span class='ocrx_word' id='word_1_760' title='bbox 1270 4877 1602 4949; x_wconf 80' lang='grc' dir='ltr'><strong>ἀκαθάρτοις</strong></span> <span class='ocrx_word' id='word_1_761' title='bbox 1634 4876 1941 4948; x_wconf 87' lang='grc' dir='ltr'><strong>πνεύμασιν</strong></span> 
     </span>
    </p>
   </div>
   <div class='ocr_carea' id='block_1_96' title="bbox 2062 4871 3632 4951">
    <p class='ocr_par' dir='ltr' id='par_1_96' title="bbox 2062 4871 3632 4944">
     <span class='ocr_line' id='line_1_96' title="bbox 2062 4871 3632 4944; baseline 0.001 -16"><span class='ocrx_word' id='word_1_762' title='bbox 2062 4873 2135 4928; x_wconf 74' lang='lat' dir='ltr'><strong>Dis</strong></span> <span class='ocrx_word' id='word_1_763' title='bbox 2156 4873 2350 4944; x_wconf 85' lang='lat' dir='ltr'><strong>exigua</strong></span> <span class='ocrx_word' id='word_1_764' title='bbox 2375 4872 2642 4928; x_wconf 89' lang='lat' dir='ltr'><strong>orationis</strong></span> <span class='ocrx_word' id='word_1_765' title='bbox 2664 4887 2792 4942; x_wconf 88' lang='lat' dir='ltr'><strong>pars</strong></span> <span class='ocrx_word' id='word_1_766' title='bbox 2814 4871 2870 4926; x_wconf 89' lang='lat' dir='ltr'><strong>in</strong></span> <span class='ocrx_word' id='word_1_767' title='bbox 2902 4886 2969 4927; x_wconf 93' lang='lat' dir='ltr'><strong>eo</strong></span> <span class='ocrx_word' id='word_1_768' title='bbox 2995 4879 3319 4942; x_wconf 87' lang='lat' dir='ltr'><strong>consumpta</strong></span> <span class='ocrx_word' id='word_1_769' title='bbox 3342 4880 3404 4927; x_wconf 89' lang='lat' dir='ltr'><strong>ut</strong></span> <span class='ocrx_word' id='word_1_770' title='bbox 3425 4874 3632 4943; x_wconf 86' lang='lat' dir='ltr'><strong>proba-</strong></span> 
     </span>
    </p>
   </div>
   <div class='ocr_carea' id='block_1_97' title="bbox 367 4962 3624 5042">
    <p class='ocr_par' dir='ltr' id='par_1_97' title="bbox 367 4962 3624 5042">
     <span class='ocr_line' id='line_1_97' title="bbox 367 4962 3624 5042; baseline -0.001 -19"><span class='ocrx_word' id='word_1_771' title='bbox 367 4970 674 5042; x_wconf 78' lang='grc' dir='ltr'><strong>ἠάλήθεια.</strong></span> <span class='ocrx_word' id='word_1_772' title='bbox 2048 4980 2236 5020; x_wconf 91' lang='lat' dir='ltr'><strong>remus</strong></span> <span class='ocrx_word' id='word_1_773' title='bbox 2305 4979 2417 5020; x_wconf 89' lang='lat' dir='ltr'><strong>non</strong></span> <span class='ocrx_word' id='word_1_774' title='bbox 2475 4964 2656 5019; x_wconf 90' lang='lat' dir='ltr'><strong>inesse</strong></span> <span class='ocrx_word' id='word_1_775' title='bbox 2699 4964 2755 5018; x_wconf 90' lang='lat' dir='ltr'><strong>in</strong></span> <span class='ocrx_word' id='word_1_776' title='bbox 2801 4962 3035 5034; x_wconf 76' lang='lat' dir='ltr'><strong>impuris</strong></span> <span class='ocrx_word' id='word_1_777' title='bbox 3081 4964 3371 5034; x_wconf 86' lang='lat' dir='ltr'><strong>spiritibus</strong></span> <span class='ocrx_word' id='word_1_778' title='bbox 3420 4966 3624 5019; x_wconf 87' lang='lat' dir='ltr'><strong>verita-</strong></span> 
     </span>
    </p>
   </div>
   <div class='ocr_carea' id='block_1_98' title="bbox 2051 5063 2182 5110">
    <p class='ocr_par' dir='ltr' id='par_1_98' title="bbox 2051 5063 2182 5110">
     <span class='ocr_line' id='line_1_98' title="bbox 2051 5063 2182 5110; baseline 0 -1"><span class='ocrx_word' id='word_1_779' title='bbox 2051 5063 2182 5110; x_wconf 92' lang='lat' dir='ltr'><strong>tem.</strong></span> 
     </span>
    </p>
   </div>
   <div class='ocr_carea' id='block_1_99' title="bbox 441 5143 1942 5219">
    <p class='ocr_par' dir='ltr' id='par_1_99' title="bbox 441 5143 1942 5219">
     <span class='ocr_line' id='line_1_99' title="bbox 441 5143 1942 5219; baseline 0.001 -22"><span class='ocrx_word' id='word_1_780' title='bbox 441 5144 608 5199; x_wconf 82' lang='grc' dir='ltr'><strong>ΚΥΡ.</strong></span> <span class='ocrx_word' id='word_1_781' title='bbox 642 5146 717 5200; x_wconf 81' lang='grc' dir='ltr'><strong>Οὐ</strong></span> <span class='ocrx_word' id='word_1_782' title='bbox 761 5147 870 5219; x_wconf 83' lang='grc' dir='ltr'><strong>γὰρ</strong></span> <span class='ocrx_word' id='word_1_783' title='bbox 913 5143 1029 5203; x_wconf 75' lang='grc' dir='ltr'><strong>οὖν.</strong></span> <span class='ocrx_word' id='word_1_784' title='bbox 1093 5148 1460 5219; x_wconf 85' lang='grc' dir='ltr'><strong>Ἀνάρμοστον</strong></span> <span class='ocrx_word' id='word_1_785' title='bbox 1497 5146 1605 5218; x_wconf 80' lang='grc' dir='ltr'><strong>γὰρ</strong></span> <span class='ocrx_word' id='word_1_786' title='bbox 1657 5145 1847 5217; x_wconf 76' lang='grc' dir='ltr'><strong>χρῆμά</strong></span> <span class='ocrx_word' id='word_1_787' title='bbox 1890 5163 1942 5198; x_wconf 87' lang='grc' dir='ltr'><strong>τι</strong></span> 
     </span>
    </p>
   </div>
   <div class='ocr_carea' id='block_1_100' title="bbox 372 5236 1940 5312">
    <p class='ocr_par' dir='ltr' id='par_1_100' title="bbox 372 5236 1940 5312">
     <span class='ocr_line' id='line_1_100' title="bbox 372 5236 1940 5312; baseline 0.001 -23"><span class='ocrx_word' id='word_1_788' title='bbox 372 5236 468 5290; x_wconf 76' lang='grc' dir='ltr'><strong>καὶ</strong></span> <span class='ocrx_word' id='word_1_789' title='bbox 490 5237 798 5310; x_wconf 74' lang='grc' dir='ltr'><strong>ἀωμφυές,</strong></span> <span class='ocrx_word' id='word_1_790' title='bbox 833 5239 949 5310; x_wconf 86' lang='grc' dir='ltr'><strong>φῶς</strong></span> <span class='ocrx_word' id='word_1_791' title='bbox 976 5241 1072 5295; x_wconf 79' lang='grc' dir='ltr'><strong>καὶ</strong></span> <span class='ocrx_word' id='word_1_792' title='bbox 1100 5241 1310 5305; x_wconf 87' lang='grc' dir='ltr'><strong>σκότος,</strong></span> <span class='ocrx_word' id='word_1_793' title='bbox 1343 5239 1576 5312; x_wconf 85' lang='grc' dir='ltr'><strong>Χριστὸς</strong></span> <span class='ocrx_word' id='word_1_794' title='bbox 1603 5239 1698 5292; x_wconf 79' lang='grc' dir='ltr'><strong>καὶ</strong></span> <span class='ocrx_word' id='word_1_795' title='bbox 1729 5236 1940 5292; x_wconf 75' lang='grc' dir='ltr'><strong>Βελιάλ⁸</strong></span> 
     </span>
    </p>
   </div>
   <div class='ocr_carea' id='block_1_101' title="bbox 368 5331 1940 5405">
    <p class='ocr_par' dir='ltr' id='par_1_101' title="bbox 368 5331 1940 5405">
     <span class='ocr_line' id='line_1_101' title="bbox 368 5331 1940 5405; baseline -0.007 -11"><span class='ocrx_word' id='word_1_796' title='bbox 368 5332 483 5393; x_wconf 84' lang='grc' dir='ltr'><strong>τοῖς</strong></span> <span class='ocrx_word' id='word_1_797' title='bbox 513 5348 576 5399; x_wconf 84' lang='grc' dir='ltr'><strong>γε</strong></span> <span class='ocrx_word' id='word_1_798' title='bbox 605 5331 711 5403; x_wconf 84' lang='grc' dir='ltr'><strong>μὴν</strong></span> <span class='ocrx_word' id='word_1_799' title='bbox 749 5333 1145 5405; x_wconf 88' lang='grc' dir='ltr'><strong>παροτρύνουσι</strong></span> <span class='ocrx_word' id='word_1_800' title='bbox 1176 5335 1270 5388; x_wconf 77' lang='grc' dir='ltr'><strong>καὶ</strong></span> <span class='ocrx_word' id='word_1_801' title='bbox 1311 5333 1643 5387; x_wconf 84' lang='grc' dir='ltr'><strong>καταλυπεῖν</strong></span> <span class='ocrx_word' id='word_1_802' title='bbox 1669 5332 1940 5395; x_wconf 86' lang='grc' dir='ltr'><strong>εἰωθόσιν,</strong></span> 
     </span>
    </p>
   </div>
   <div class='ocr_carea' id='block_1_102' title="bbox 369 5418 1940 5495">
    <p class='ocr_par' dir='ltr' id='par_1_102' title="bbox 369 5418 1940 5495">
     <span class='ocr_line' id='line_1_102' title="bbox 369 5418 1940 5495; baseline 0.002 -22"><span class='ocrx_word' id='word_1_803' title='bbox 369 5418 747 5476; x_wconf 83' lang='grc' dir='ltr'><strong>ἀποκαλύπτει</strong></span> <span class='ocrx_word' id='word_1_804' title='bbox 788 5424 953 5488; x_wconf 81' lang='grc' dir='ltr'><strong>Θεὸς,</strong></span> <span class='ocrx_word' id='word_1_805' title='bbox 995 5422 1096 5478; x_wconf 69' lang='grc' dir='ltr'><strong>καῖ</strong></span> <span class='ocrx_word' id='word_1_806' title='bbox 1112 5425 1178 5477; x_wconf 84' lang='grc' dir='ltr'><strong>δι’</strong></span> <span class='ocrx_word' id='word_1_807' title='bbox 1205 5418 1279 5477; x_wconf 81' lang='grc' dir='ltr'><strong>ὧν</strong></span> <span class='ocrx_word' id='word_1_808' title='bbox 1306 5425 1507 5493; x_wconf 78' lang='grc' dir='ltr'><strong>ἥκιστα</strong></span> <span class='ocrx_word' id='word_1_809' title='bbox 1549 5423 1656 5495; x_wconf 83' lang='grc' dir='ltr'><strong>χρὴ</strong></span> <span class='ocrx_word' id='word_1_810' title='bbox 1689 5423 1801 5476; x_wconf 81' lang='grc' dir='ltr'><strong>ἐσθ’</strong></span> <span class='ocrx_word' id='word_1_811' title='bbox 1831 5425 1940 5488; x_wconf 85' lang='grc' dir='ltr'><strong>ὅτε,</strong></span> 
     </span>
    </p>
   </div>
   <div class='ocr_carea' id='block_1_103' title="bbox 370 5510 1945 5584">
    <p class='ocr_par' dir='ltr' id='par_1_103' title="bbox 370 5510 1945 5584">
     <span class='ocr_line' id='line_1_103' title="bbox 370 5510 1945 5584; baseline 0.002 -23"><span class='ocrx_word' id='word_1_812' title='bbox 370 5511 439 5562; x_wconf 84' lang='grc' dir='ltr'><strong>τὰ</strong></span> <span class='ocrx_word' id='word_1_813' title='bbox 464 5510 700 5579; x_wconf 89' lang='grc' dir='ltr'><strong>ἐσόμενα</strong></span> <span class='ocrx_word' id='word_1_814' title='bbox 718 5551 733 5577; x_wconf 93' lang='grc'><strong>,</strong></span> <span class='ocrx_word' id='word_1_815' title='bbox 772 5512 1109 5584; x_wconf 77' lang='grc' dir='ltr'><strong>ἐνηχούντων</strong></span> <span class='ocrx_word' id='word_1_816' title='bbox 1137 5511 1281 5566; x_wconf 85' lang='grc' dir='ltr'><strong>κατά</strong></span> <span class='ocrx_word' id='word_1_817' title='bbox 1311 5512 1372 5565; x_wconf 84' lang='grc' dir='ltr'><strong>τὸ</strong></span> <span class='ocrx_word' id='word_1_818' title='bbox 1406 5511 1550 5574; x_wconf 83' lang='grc' dir='ltr'><strong>εἰκὸς</strong></span> <span class='ocrx_word' id='word_1_819' title='bbox 1578 5512 1749 5579; x_wconf 83' lang='grc' dir='ltr'><strong>ἁγίων</strong></span> <span class='ocrx_word' id='word_1_820' title='bbox 1781 5513 1945 5581; x_wconf 78' lang='grc' dir='ltr'><strong>ἀγγέ-</strong></span> 
     </span>
    </p>
   </div>
   <div class='ocr_carea' id='block_1_104' title="bbox 2116 5147 3617 5220">
    <p class='ocr_par' dir='ltr' id='par_1_104' title="bbox 2116 5147 3617 5220">
     <span class='ocr_line' id='line_1_104' title="bbox 2116 5147 3617 5220; baseline -0.003 -16"><span class='ocrx_word' id='word_1_821' title='bbox 2116 5147 2274 5204; x_wconf 73' lang='lat' dir='ltr'><strong>CYR.</strong></span> <span class='ocrx_word' id='word_1_822' title='bbox 2323 5147 2463 5214; x_wconf 88' lang='lat' dir='ltr'><strong>Non,</strong></span> <span class='ocrx_word' id='word_1_823' title='bbox 2508 5149 2750 5219; x_wconf 85' lang='lat' dir='ltr'><strong>inquam.</strong></span> <span class='ocrx_word' id='word_1_824' title='bbox 2776 5149 2966 5220; x_wconf 88' lang='lat' dir='ltr'><strong>Neque</strong></span> <span class='ocrx_word' id='word_1_825' title='bbox 2991 5151 3138 5206; x_wconf 89' lang='lat' dir='ltr'><strong>enim</strong></span> <span class='ocrx_word' id='word_1_826' title='bbox 3178 5148 3431 5218; x_wconf 86' lang='lat' dir='ltr'><strong>componi</strong></span> <span class='ocrx_word' id='word_1_827' title='bbox 3456 5158 3617 5217; x_wconf 84' lang='lat' dir='ltr'><strong>atque</strong></span> 
     </span>
    </p>
   </div>
   <div class='ocr_carea' id='block_1_105' title="bbox 2045 5239 3619 5310">
    <p class='ocr_par' dir='ltr' id='par_1_105' title="bbox 2045 5239 3619 5310">
     <span class='ocr_line' id='line_1_105' title="bbox 2045 5239 3619 5310; baseline 0.001 -17"><span class='ocrx_word' id='word_1_828' title='bbox 2045 5240 2419 5310; x_wconf 87' lang='lat' dir='ltr'><strong>coagmentari</strong></span> <span class='ocrx_word' id='word_1_829' title='bbox 2445 5239 2608 5295; x_wconf 88' lang='lat' dir='ltr'><strong>simul</strong></span> <span class='ocrx_word' id='word_1_830' title='bbox 2631 5250 2865 5310; x_wconf 88' lang='lat' dir='ltr'><strong>possunt</strong></span> <span class='ocrx_word' id='word_1_831' title='bbox 2888 5243 2980 5295; x_wconf 80' lang='lat' dir='ltr'><strong>lux</strong></span> <span class='ocrx_word' id='word_1_832' title='bbox 2997 5250 3054 5297; x_wconf 88' lang='lat' dir='ltr'><strong>et</strong></span> <span class='ocrx_word' id='word_1_833' title='bbox 3082 5241 3341 5305; x_wconf 56' lang='lat' dir='ltr'><strong>tenebrat;</strong></span> <span class='ocrx_word' id='word_1_834' title='bbox 3365 5239 3619 5295; x_wconf 84' lang='lat' dir='ltr'><strong>Christus</strong></span> 
     </span>
    </p>
   </div>
   <div class='ocr_carea' id='block_1_106' title="bbox 2044 5331 3618 5402">
    <p class='ocr_par' dir='ltr' id='par_1_106' title="bbox 2044 5331 3618 5402">
     <span class='ocr_line' id='line_1_106' title="bbox 2044 5331 3618 5402; baseline 0 -15"><span class='ocrx_word' id='word_1_835' title='bbox 2044 5340 2102 5387; x_wconf 91' lang='lat' dir='ltr'><strong>et</strong></span> <span class='ocrx_word' id='word_1_836' title='bbox 2130 5332 2295 5387; x_wconf 88' lang='lat' dir='ltr'><strong>Belial</strong></span> <span class='ocrx_word' id='word_1_837' title='bbox 2324 5350 2338 5386; x_wconf 91' lang='lat'><strong>:</strong></span> <span class='ocrx_word' id='word_1_838' title='bbox 2365 5349 2555 5388; x_wconf 86' lang='lat' dir='ltr'><strong>verum</strong></span> <span class='ocrx_word' id='word_1_839' title='bbox 2582 5334 2928 5388; x_wconf 85' lang='lat' dir='ltr'><strong>irritantibus</strong></span> <span class='ocrx_word' id='word_1_840' title='bbox 2951 5349 3015 5388; x_wconf 89' lang='lat' dir='ltr'><strong>ac</strong></span> <span class='ocrx_word' id='word_1_841' title='bbox 3045 5348 3186 5402; x_wconf 81' lang='lat' dir='ltr'><strong>saepe</strong></span> <span class='ocrx_word' id='word_1_842' title='bbox 3211 5331 3618 5387; x_wconf 76' lang='lat' dir='ltr'><strong>offendentibus</strong></span> 
     </span>
    </p>
   </div>
   <div class='ocr_carea' id='block_1_107' title="bbox 2048 5423 3614 5495">
    <p class='ocr_par' dir='ltr' id='par_1_107' title="bbox 2048 5423 3614 5495">
     <span class='ocr_line' id='line_1_107' title="bbox 2048 5423 3614 5495; baseline -0.001 -17"><span class='ocrx_word' id='word_1_843' title='bbox 2048 5425 2257 5479; x_wconf 83' lang='lat' dir='ltr'><strong>revelat</strong></span> <span class='ocrx_word' id='word_1_844' title='bbox 2282 5424 2467 5479; x_wconf 89' lang='lat' dir='ltr'><strong>futura</strong></span> <span class='ocrx_word' id='word_1_845' title='bbox 2490 5425 2656 5489; x_wconf 89' lang='lat' dir='ltr'><strong>Deus,</strong></span> <span class='ocrx_word' id='word_1_846' title='bbox 2685 5425 2958 5479; x_wconf 86' lang='lat' dir='ltr'><strong>interdum</strong></span> <span class='ocrx_word' id='word_1_847' title='bbox 2983 5423 3148 5478; x_wconf 89' lang='lat' dir='ltr'><strong>etiam</strong></span> <span class='ocrx_word' id='word_1_848' title='bbox 3170 5439 3267 5493; x_wconf 90' lang='lat' dir='ltr'><strong>per</strong></span> <span class='ocrx_word' id='word_1_849' title='bbox 3289 5439 3427 5495; x_wconf 81' lang='lat' dir='ltr'><strong>quos</strong></span> <span class='ocrx_word' id='word_1_850' title='bbox 3452 5424 3614 5478; x_wconf 89' lang='lat' dir='ltr'><strong>mini-</strong></span> 
     </span>
    </p>
   </div>
   <div class='ocr_carea' id='block_1_108' title="bbox 2050 5514 3616 5580">
    <p class='ocr_par' dir='ltr' id='par_1_108' title="bbox 2050 5514 3616 5580">
     <span class='ocr_line' id='line_1_108' title="bbox 2050 5514 3616 5580; baseline -0.002 -12"><span class='ocrx_word' id='word_1_851' title='bbox 2050 5530 2136 5571; x_wconf 88' lang='lat' dir='ltr'><strong>mc</strong></span> <span class='ocrx_word' id='word_1_852' title='bbox 2161 5517 2441 5580; x_wconf 88' lang='lat' dir='ltr'><strong>convenit,</strong></span> <span class='ocrx_word' id='word_1_853' title='bbox 2485 5515 2868 5570; x_wconf 87' lang='lat' dir='ltr'><strong>insonantibus</strong></span> <span class='ocrx_word' id='word_1_854' title='bbox 2896 5514 3137 5569; x_wconf 82' lang='lat' dir='ltr'><strong>humano</strong></span> <span class='ocrx_word' id='word_1_855' title='bbox 3172 5515 3363 5569; x_wconf 84' lang='lat' dir='ltr'><strong>animo</strong></span> <span class='ocrx_word' id='word_1_856' title='bbox 3414 5514 3616 5569; x_wconf 84' lang='lat' dir='ltr'><strong>sanctis</strong></span> 
     </span>
    </p>
   </div>
   <div class='ocr_carea' id='block_1_109' title="bbox 442 5635 2067 5716">
    <p class='ocr_par' dir='ltr' id='par_1_109' title="bbox 442 5635 2067 5716">
     <span class='ocr_line' id='line_1_109' title="bbox 442 5635 2067 5716; baseline 0.002 -19"><span class='ocrx_word' id='word_1_857' title='bbox 442 5641 457 5674; x_wconf 85' lang='grc'>¹</span> <span class='ocrx_word' id='word_1_858' title='bbox 485 5644 504 5697; x_wconf 91' lang='lat' dir='ltr'><strong>l</strong></span> <span class='ocrx_word' id='word_1_859' title='bbox 528 5635 662 5705; x_wconf 56' lang='lat' dir='ltr'><strong>Reg.</strong></span> <span class='ocrx_word' id='word_1_860' title='bbox 701 5663 886 5710; x_wconf 80' lang='lat' dir='ltr'><strong>xxvm,</strong></span> <span class='ocrx_word' id='word_1_861' title='bbox 922 5646 1068 5701; x_wconf 74' lang='lat'><strong>5-19.</strong></span> <span class='ocrx_word' id='word_1_862' title='bbox 1144 5645 1362 5716; x_wconf 72' lang='lat' dir='ltr'><strong>’IReg.</strong></span> <span class='ocrx_word' id='word_1_863' title='bbox 1393 5659 1575 5708; x_wconf 76' lang='lat' dir='ltr'><strong>xxviii,</strong></span> <span class='ocrx_word' id='word_1_864' title='bbox 1606 5645 1688 5697; x_wconf 78' lang='grc'><strong>15.</strong></span> <span class='ocrx_word' id='word_1_865' title='bbox 1766 5646 1786 5676; x_wconf 86' lang='grc'>³</span> <span class='ocrx_word' id='word_1_866' title='bbox 1811 5646 1944 5698; x_wconf 84' lang='lat' dir='ltr'><strong>ibid.</strong></span> <span class='ocrx_word' id='word_1_867' title='bbox 1986 5647 2067 5701; x_wconf 71' lang='lat' dir='ltr'><strong>I2.</strong></span> 
     </span>
    </p>
   </div>
   <div class='ocr_carea' id='block_1_110' title="bbox 437 5758 1963 5831">
    <p class='ocr_par' dir='ltr' id='par_1_110' title="bbox 437 5758 1946 5831">
     <span class='ocr_line' id='line_1_110' title="bbox 437 5758 1946 5831; baseline 0.003 -21"><span class='ocrx_word' id='word_1_868' title='bbox 437 5758 517 5831; x_wconf 82' lang='grc' dir='ltr'><strong>(Ι)</strong></span> <span class='ocrx_word' id='word_1_869' title='bbox 570 5758 706 5814; x_wconf 89' lang='lat' dir='ltr'><strong>Cod.</strong></span> <span class='ocrx_word' id='word_1_870' title='bbox 771 5760 908 5824; x_wconf 75' lang='lat' dir='ltr'><strong>Vat.,</strong></span> <span class='ocrx_word' id='word_1_871' title='bbox 945 5760 1315 5829; x_wconf 81' lang='grc' dir='ltr'><strong>ἐκτετίμηκεν.</strong></span> <span class='ocrx_word' id='word_1_872' title='bbox 1364 5761 1531 5816; x_wconf 83' lang='lat' dir='ltr'><strong>Paulo</strong></span> <span class='ocrx_word' id='word_1_873' title='bbox 1585 5761 1721 5814; x_wconf 78' lang='lat' dir='ltr'><strong>infra</strong></span> <span class='ocrx_word' id='word_1_874' title='bbox 1773 5763 1946 5816; x_wconf 82' lang='lat' dir='ltr'><strong>utitur</strong></span> 
     </span>
    </p>
   </div>
   <div class='ocr_carea' id='block_1_111' title="bbox 2062 5758 2462 5831">
    <p class='ocr_par' dir='ltr' id='par_1_111' title="bbox 2062 5765 2462 5824">
     <span class='ocr_line' id='line_1_111' title="bbox 2062 5765 2462 5824; baseline 0.005 -7"><span class='ocrx_word' id='word_1_875' title='bbox 2062 5765 2153 5819; x_wconf 79' lang='lat' dir='ltr'><strong>rho</strong></span> <span class='ocrx_word' id='word_1_876' title='bbox 2184 5765 2462 5824; x_wconf 65' lang='grc' dir='ltr'><strong>τήκεσθαι.</strong></span> 
     </span>
    </p>
   </div>
  </div>
