4138 6300
513 376 630 440 ’159

527 492 739 565 angelis
774 502 1003 556 eaquae,
1045 483 1092 538 si
1117 485 1154 538 ii
1196 482 1492 537 didicerint
1532 483 1627 552 qui
1672 483 1891 537 curiose
1917 483 2110 537 scisci-

529 595 734 649 tantur,
787 579 1084 637 admodum
1123 577 1504 640 intabescent;
1557 589 1731 644 eaque
1772 574 2108 644 praanotione

529 677 696 732 veluti
717 671 1160 746 quibusdamirze
1181 685 1244 724 ac
1259 683 1550 740 poenarum
1576 667 1682 722 sibi
1702 667 2109 721 imminentium

529 767 789 840 primitiis
822 765 1244 836 torquebuntur.
1295 762 1353 815 In
1397 760 1602 816 sanctis
1637 760 1785 814 enim
1827 759 2110 830 prophetis

530 861 793 923 insident,
843 859 1033 927 eisque
1095 853 1577 909 communieantur
1631 851 1956 920 plerumque
1999 867 2110 906 non

531 953 708 1007 tristia
755 951 955 1014 solum,
999 955 1054 1001 et
1091 946 1293 1016 quibus
1334 958 1568 999 moerere
1591 950 1646 998 et
1671 943 1727 996 in
1752 943 1904 998 luctu
1928 944 2111 1014 jacere

529 1041 803 1112 quispiam
844 1039 1048 1110 possit;
1093 1035 1189 1090 sed
1222 1034 1389 1089 etiam
1437 1047 1778 1103 quaecunque
1833 1032 2112 1086 nonnullis

533 1133 734 1188 laetitiae
755 1140 810 1185 et
827 1127 1158 1200 jucunditati
1185 1126 1370 1180 futura
1396 1132 1526 1180 sunt
1556 1142 1568 1177 :
1599 1122 1784 1194 impiis
1820 1134 2003 1178 autem
2048 1139 2112 1178 ac

532 1224 758 1280 nefariis
782 1222 1182 1278 divinationum
1201 1218 1462 1274 studiosis
1491 1217 1637 1271 Deus
1668 1216 1808 1270 mala
1831 1231 1953 1285 quae
1979 1216 2111 1286 ipsis

532 1323 794 1370 eventura
819 1322 946 1368 sunt
971 1311 1166 1381 aperit.

605 1403 800 1459 PALL.
847 1401 1132 1468 Quomodo
1172 1407 1376 1462 autem,
1429 1404 1522 1451 aut
1547 1395 1691 1450 unde
1731 1395 1845 1449 haec
1890 1394 2110 1465 probari

572 1495 832 1550 oterunt?

572 1513 795 1550 eterunt
815 1513 832 1548 ε

535 1513 567 1566 p
599 1586 757 1644 ΟΥΕ.
812 1585 894 1640 Ab
916 1585 1052 1654 ipsis
1073 1583 1300 1638 Litteris
1349 1584 1554 1648 sacris;
1582 1597 1706 1637 nam
1756 1597 1878 1652 quze
1917 1579 2113 1652 priscis

532 1679 642 1734 illis
682 1677 999 1732 hominibus
1027 1675 1380 1741 acciderunt,
1419 1675 1622 1745 scripta
1677 1682 1803 1730 sunt
1840 1682 1899 1727 ut
1944 1672 2113 1744 figura

1557 372 1611 426 S.
1653 371 1926 427 CYRILLI
1969 373 2440 429 ALEXANDRINI
2481 372 2792 428 ARCHIEP.

2215 485 2321 538 λων
2371 485 2449 547 εἰς
2493 481 2832 554 ἀνθρώπινον
2884 481 3044 545 νοῦν,
3094 481 3237 551 ἀπερ
3278 481 3344 536 ἂν
3383 483 3432 534 εί
3476 482 3699 553 μάθοιεν
3739 490 3789 542 οἱ

2213 575 2589 644 φιλοπευστεῖν
2631 574 2930 644 ᾑρημένοι,
2982 575 3455 643 κατατακήσονται
3509 574 3662 642 λίαν,
3695 579 3791 632 καὶ

2211 667 2464 740 ἀπαρχὴν
2494 668 2683 737 ὥσπερ
2703 665 2824 718 τινὰ
2851 663 2952 734 τῆς
2985 663 3166 732 σφίσιν
3200 664 3596 735 ἐπηρτημένης
3623 667 3794 738 ὀργῆς

2211 776 2268 812 τε
2293 760 2386 812 καὶ
2410 758 2568 826 δίκης
2595 755 2928 827 ὑπομένουσι
2955 755 3054 825 τὴν
3084 755 3418 826 πρόγνωσιν.
3459 754 3662 823 Ἀγίοις
3694 757 3792 826 μὲν

2213 851 2321 921 γάρ
2374 851 2682 920 προφήταις
2747 846 3190 911 ἐπαναπαύεται,
3245 848 3342 900 καὶ
3405 846 3791 901 ἀνακοινοῦται

2214 941 2500 1008 πολλάκις,
2522 940 2642 1010 οὐχὶ⁵
2674 939 2740 1012 δὴ
2772 938 2908 1010 μόνα
2933 939 3002 992 τά
3033 936 3353 1008 σκυθρωπὰ,
3383 939 3478 990 καὶ
3497 932 3696 1009 οἷσπερ
3729 941 3791 993 ἀν
3817 959 3824 965 ·

2211 1049 2297 1096 τις
2345 1031 2749 1100 ἐπιστυγνάσας
2788 1029 3005 1084 καθίσει
3051 1028 3338 1100 δακρύων,
3366 1027 3504 1082 ἀλλά
3552 1030 3645 1082 καὶ
3693 1030 3791 1082 ὅσα

2213 1123 2349 1194 πρὸς
2387 1123 2650 1193 εὐθυμίας
2691 1123 2783 1176 καὶ
2830 1120 3133 1192 εὐημερίας
3168 1119 3320 1173 ἔσται
3361 1119 3525 1172 τισίν·
3558 1118 3792 1183 ἀνοσίοις

2211 1213 2270 1267 δὲ
2298 1213 2391 1267 καὶ
2433 1212 2810 1282 ἐναγεστάτοις
2843 1211 3231 1283 φιλομάντεσι,
3268 1209 3340 1263 τά
3383 1210 3566 1279 σφίσιν
3607 1211 3791 1275 αὐτοῖς

2213 1305 2445 1377 ἐσόμενα
2473 1304 2858 1360 διεκκαλύπτει
2891 1305 3057 1358 κακά.

2284 1398 2493 1450 ΠΛΛΛ.
2523 1397 2633 1450 Καὶ
2656 1397 2739 1460 τίς
2769 1397 2799 1467 ἢ
2836 1396 3001 1449 πόθεν
3036 1395 3100 1448 ἂν
3125 1395 3335 1464 γένοιτο
3359 1393 3566 1448 τούτων
3590 1395 3723 1467 ήμῖν
3755 1396 3788 1466 ή

2214 1490 2394 1554 πίστις
2419 1509 2434 1557 ;

2283 1583 2450 1636 ΚΥΡ.
2501 1582 2634 1636 Ἀπό
2667 1599 2730 1652 γε
2764 1582 2872 1636 τῶν
2901 1579 3061 1653 ίερῶν
3086 1581 3454 1652 Γραμμάτων·
3480 1581 3648 1646 τύπος
3687 1580 3792 1652 γὰρ

2212 1677 2346 1746 ἡμῖν
2393 1675 2490 1728 καὶ
2531 1674 2925 1745 μυσταγωγίας
2964 1675 3251 1744 ἀνεγράφη
3300 1674 3531 1744 τρόπος,
3571 1675 3640 1727 τὰ
3684 1675 3793 1736 τοῖς

533 1772 694 1828 nobis
709 1780 914 1837 essent,
939 1778 995 1824 et
1018 1769 1214 1823 modus
1225 1783 1334 1839 quo
1355 1767 1582 1838 mystice
1607 1766 2002 1820 imbueremur.
2028 1764 2113 1818 An

2222 1767 2590 1838 ἀρχαιοτέροις
2631 1765 3037 1837 συμϐεϐηκότα.
3081 1765 3151 1818 Ἦ
3185 1765 3294 1835 γὰρ
3339 1765 3442 1817 οὐκ
3485 1759 3672 1831 οἶσθα,
3714 1765 3790 1818 ὅτι

535 1872 752 1934 ignoras
773 1861 935 1916 Balae
965 1859 1140 1915 filium
1182 1859 1418 1928 Sephor,
1460 1859 1614 1912 illum
1655 1857 2015 1912 Moabitarum
2057 1862 2115 1910 et

2222 1859 2399 1914 Βαλὰκ
2437 1861 2465 1912 6
2493 1859 2586 1912 τοῦ
2617 1857 2877 1929 Σεπφὼρ,
2924 1860 2952 1912 6
2991 1855 3302 1912 Μωαϐιτῶν
3330 1856 3421 1910 καὶ
3444 1855 3794 1926 Μαδιηναίων

535 1954 955 2010 Madianitarum
1007 1961 1319 2024 tyrannum,
1358 1966 1486 2006 cum
1531 1951 1729 2006 fortem
1771 1958 1826 2005 et
1861 1950 2117 2005 invictam

2222 1952 2503 2023 τύραννος,
2530 1950 2626 2022 τὴν
2657 1949 3100 2019 ἀκαταγώνιστόν
3132 1965 3192 2001 τε
3227 1949 3320 2002 καὶ
3356 1947 3661 2018 ἄθραυστον
3701 1945 3792 2000 τοῦ

537 2046 756 2102 fsraelis
807 2043 1228 2099 multitudinem
1281 2042 1716 2113 pertimesceret,
1764 2057 1826 2096 ac
1860 2039 2015 2097 brevi
2062 2056 2120 2095 se

534 2153 661 2192 cum
714 2135 930 2192 caeteris
983 2135 1240 2206 gentibus
1288 2133 1450 2188 simul
1488 2133 1792 2203 periturum
1839 2131 2119 2186 existima—

536 2235 636 2292 ret,
680 2228 934 2283 mercede
960 2236 1118 2296 pacta
1140 2226 1465 2281 conduxisse
1486 2225 1737 2279 Balaam?
1768 2243 1786 2275 ‹
1816 2224 1970 2287 Veni,
1994 2242 2010 2273 ι
2033 2223 2122 2276 in-

532 2319 672 2389 quit,
719 2338 736 2370 ‹
765 2327 820 2373 et
842 2318 1073 2373 maledic
1099 2318 1304 2372 lsraeli.
1331 2315 1578 2386 Cumque
1601 2316 1878 2371 venissent
1898 2313 2079 2370 nuntii
2106 2331 2118 2366 :

534 2411 917 2474 Diversamioi,
943 2430 960 2461 ι
989 2410 1187 2479 inquit,
1215 2429 1231 2460 ‹
1254 2409 1342 2464 hic
1359 2417 1520 2463 nocte
1541 2408 1671 2474 hac;
1701 2416 1758 2462 et
1781 2405 2124 2476 respondebo

535 2503 692 2558 vobis
716 2503 981 2574 quidquid
1004 2503 1202 2557 dixerit
1219 2503 1482 2557 Dominus
1505 2501 1571 2556 ad
1592 2517 1676 2556 me
1694 2501 1733 2554 ‘.
1749 2521 1766 2551 ι
1793 2500 1950 2569 192
1963 2500 2126 2554 Cum-

533 2608 640 2662 que
676 2593 870 2664 f'rigida
901 2603 958 2648 et
996 2611 1027 2648 a
1059 2593 1342 2648 dmmoniis
1379 2593 1620 2646 immissa
1670 2591 1882 2646 somnia
1917 2604 2126 2660 quaere—

537 2695 638 2752 ret,
663 2697 718 2741 et
739 2704 859 2757 qua:
876 2704 941 2741 ex
968 2686 1303 2741 carminibus
1323 2693 1378 2739 et
1394 2685 1615 2755 magicis
1647 2684 1857 2738 artibus
1873 2684 1977 2738 sibi
1998 2699 2128 2738 con—

534 2778 742 2843 tingere
767 2777 1035 2840 solebant,
1097 2783 1392 2845 separaret,
1440 2775 1731 2828 Dominum
1769 2773 1906 2828 dixit
1939 2789 2126 2828 secum

534 2856 848 2921 locuturum
877 2887 888 2920 :
916 2868 1087 2921 Deum
1111 2867 1257 2920 enim
1281 2881 1339 2920 se
1379 2866 1570 2921 audire
1595 2867 1902 2922 simulabat.
1928 2866 2129 2934 Quam-

535 2958 619 3012 vis
641 2966 823 3012 autem
854 2973 1022 3012 sacrae
1049 2957 1270 3013 Litterae
1295 2957 1574 3012 consuetis
1594 2957 1998 3012 incantatorum
2029 2975 2126 3014 vo-

535 3051 693 3105 cibus
721 3059 965 3115 utantur,
985 3061 1110 3105 ‘non
1142 3057 1323 3106 tamen
1370 3051 1650 3120 sapienter
1680 3052 2125 3108 existimabimus

533 3157 660 3195 eum
690 3141 784 3212 qui
817 3151 1014 3197 natura
1063 3151 1120 3198 et
1165 3158 1296 3198 vere
1328 3143 1474 3198 Deus
1507 3153 1611 3209 est,
1646 3144 1797 3197 velut
1830 3159 1898 3198 ex
1940 3143 2124 3198 chari—

2235 2044 2450 2116 Ἰσραήλ
2475 2043 2899 2115 κατορρωδήσας
2929 2041 3169 2112 πληθὺν,
3196 2040 3290 2094 καὶ⁸
3329 2039 3528 2092 αὐτίκα
3553 2037 3618 2109 δὴ
3653 2038 3795 2108 μάλα

2222 2139 2335 2200 τοῖς
2365 2137 2572 2207 ἑτέροις
2597 2134 2774 2188 ἔθνεσι
2801 2131 3207 2188 συνδιόλλυσθαι
3236 2129 3638 2194 πεπιστευκὼς,
3668 2147 3795 2184 κατ-

2224 2227 2512 2298 εμισθοῦτο
2537 2227 2626 2280 τὸν
2651 2226 2880 2296 Βαλαάμ
2905 2243 2920 2291 ;
2947 2245 2965 2277 ι
2987 2225 3156 2294 Δεῦρο
3183 2225 3267 2294 δὴ,
3288 2243 3306 2276 ι
3328 2223 3522 2292 λέγων,
3545 2242 3564 2274 ι
3585 2223 3795 2292 ἐπάρα-

2227 2319 2316 2373 σαί
2341 2337 2430 2391 μοι
2461 2319 2552 2373 τὸν
2587 2318 2819 2390 Ἰσραήλ.
2839 2316 3055 2388 Ἐπειδὴ
3077 2315 3132 2368 δὲ
3155 2309 3286 2386 ἧκον
3311 2317 3359 2368 οί
3388 2313 3666 2384 πρέσϐεις·
3688 2314 3794 2367 Κα-

2223 2414 2490 2468 ταλύσατε
2521 2413 2708 2478 αὑτοῦ,
2737 2433 2755 2464 ι
2783 2412 2938 2482 φησὶ,
2981 2430 2999 2461 ‹
3019 2412 3118 2480 τὴν
3139 2409 3309 2462 νύκτα
3331 2450 3345 2476 ,
3375 2409 3470 2462 καὶ
3494 2407 3796 2479 ἀποκριθὴ-

2228 2524 2392 2578 σομαι
2421 2508 2548 2577 ὑμῖν
2575 2507 2807 2576 πρᾶγμα
2844 2504 2872 2557 ὂ
2895 2503 2990 2557 ἐὰν
3019 2503 3231 2574 λαλήσῃ
3259 2501 3462 2571 Κύριος
3494 2503 3632 2573 πρός
3659 2518 3746 2571 με.
3774 2521 3792 2554 ι

2239 2597 2544 2669 Ὀνειράτια
2575 2597 2631 2650 δὲ
2659 2596 2844 2667 ψυχρὰ
2876 2595 2972 2650 καὶ
3001 2594 3329 2666 δαιμονιώδη
3364 2593 3543 2665 ζητῶν
3563 2637 3578 2661 ,
3612 2595 3707 2647 καὶ
3738 2593 3794 2661 ἐξ

2229 2690 2441 2762 ἐπῳδῆς
2463 2690 2601 2760 τάχα
2628 2707 2730 2742 που
2761 2689 2853 2742 καὶ
2881 2688 3220 2759 μαγγανείας
3250 2686 3398 2758 αὐτῷ
3434 2687 3798 2757 συμϐαίνοντα

2229 2781 2568 2852 προσδοκῶν,
2611 2780 2816 2851 Κύριον
2863 2779 2967 2848 ἐφη
3002 2778 3256 2848 λαλήσειν
3290 2777 3458 2848 αὐτῷ’
3496 2776 3799 2830 θεοκλυτεῖν

2227 2875 2336 2943 γάρ
2396 2873 2719 2943 ἐσκήπτετο.
2770 2871 2912 2924 Ἀλλ’
2965 2872 3014 2924 εί
3071 2871 3166 2924 καὶ
3211 2871 3332 2932 ταῖς
3386 2868 3643 2940 συνήθεσι
3696 2867 3800 2922 τῶν

2229 2965 2438 3036 γοήτων
2466 2967 2670 3035 φωναῖς
2709 2963 2769 3016 τὸ
2800 2961 3041 3033 Γράμμα
3069 2963 3268 3034 χρῆται
3300 2961 3361 3014 τὸ
3396 2961 3539 3033 ἱερὸν
3558 3006 3572 3031 ,
3601 2961 3701 3014 οὐκ
3727 2960 3791 3014 ἂν

2228 3054 2544 3125 οἰηθείημεν
2593 3052 2767 3125 ὀρθῶς
2811 3051 3167 3125 φρονοῦντες,
3211 3052 3344 3106 Θεὸν
3380 3052 3472 3106 τὸν
3507 3052 3667 3121 φύσει
3711 3053 3801 3106 καὶ

2230 3143 2448 3214 ἀληθῶς
2473 3145 2594 3206 ταῖς
2620 3143 2862 3214 βεϐήλων
2894 3143 3092 3197 ἐνιέναι
3108 3143 3305 3213 ψυχαῖς
3335 3141 3409 3205 ὡς
3433 3141 3489 3209 ἐξ
3506 3143 3727 3212 ἀγάπης
3741 3141 3800 3194 τὸ

536 3240 645 3285 tate
670 3231 1022 3303 profanorum
1048 3232 1334 3287 hominum
1365 3233 1566 3288 animis
1597 3233 1894 3287 immittere
1915 3234 2117 3287 verita-

2222 3235 2548 3307 ἀληθὲς,καὶ
2573 3235 2725 3306 ἀνδρὶ
2759 3233 2990 3306 μυσαρῷ
3019 3235 3112 3288 καὶ
3140 3235 3298 3305 γόητι
3329 3221 3802 3306 καὶείδωλολάτρῃ

534 3330 666 3387 tem,
709 3329 766 3376 et
810 3338 936 3376 cum
963 3322 1186 3378 homine
1241 3324 1692 3388 sceleratissimo,
1738 3334 1794 3378 et
1838 3338 2018 3393 mago,
2062 3333 2117 3379 et

535 3413 698 3468 idolis
713 3413 900 3468 dedito
925 3415 1596 3484 colloqui.Verumtamen,
1623 3435 1640 3466 ι
1665 3415 1846 3480 Venit,
1875 3436 1892 3467 ι
1918 3417 2114 3487 inquit,

545 3526 562 3554 ι
601 3505 748 3558 Deus
771 3505 838 3558 ad
862 3505 1102 3569 Balaam,
1142 3515 1199 3560 et
1228 3505 1367 3559 dixit
1409 3507 1486 3560 illi
1518 3549 1530 3560 .
1564 3506 1706 3572 Quid
1735 3507 1986 3562 homines
2025 3508 2115 3562 isti

536 3611 706 3664 penes
731 3604 782 3652 te
805 3596 865 3650 '?
892 3616 910 3647 ›
941 3597 1128 3667 quue
1149 3613 1367 3653 causam
1414 3600 1682 3655 adventus
1726 3616 1918 3655 eorum
1945 3617 2116 3671 expo-

536 3699 703 3743 nente
732 3707 746 3742 :
779 3708 797 3740 ‹
829 3689 994 3754 Dixit,
1021 3708 1039 3740 ›
1063 3690 1261 3760 inquit,
1283 3710 1300 3742 ι
1331 3692 1594 3748 Dominus
1618 3693 1834 3748 Balaam
1868 3712 1878 3746 :
1907 3695 1986 3748 Ne
2023 3709 2118 3748 eas

537 3791 663 3830 cum
688 3776 815 3843 illis,
843 3794 1022 3848 neque
1048 3780 1345 3836 maledicas
1368 3782 1570 3851 populo
1599 3801 1610 3834 ε
1639 3791 1724 3837 est
1761 3783 1910 3837 enim
1947 3783 2117 3838 bene-

537 3868 775 3922 dictus“.
810 3888 828 3919 ι
858 3870 996 3924 Ecce
1018 3871 1130 3941 jam
1154 3879 1340 3940 aperte
1391 3872 1584 3926 beatus
1621 3875 1847 3944 angelus
1888 3890 1954 3931 ex
1987 3891 2114 3944 per-

539 3973 671 4013 sona
702 3959 797 4013 Dei
827 3959 1176 4028 deceptorem
1221 3961 1373 4015 illum
1417 3972 1579 4032 atque
1636 3976 1955 4035 nugatorem
1997 3981 2114 4019 ma-

540 4065 667 4114 gum
693 4051 912 4115 avertit,
967 4067 1035 4105 ne
1061 4052 1387 4108 maledicere
1412 4054 1610 4110 audeat
1632 4056 1708 4109 illi
1742 4057 1833 4126 qui
1862 4059 1986 4112 sita
2004 4057 2116 4111 Deo

543 4140 884 4206 benedictus,
909 4157 1087 4211 neque
1106 4142 1306 4198 divinis
1329 4144 1568 4200 decretis
1608 4154 1846 4216 opponat
1888 4147 2115 4201 humani

544 4231 880 4302 infelicisque
907 4233 1123 4288 consilii
1149 4241 1458 4288 commenta
1487 4253 1499 4287 :
1542 4252 1648 4290 non
1677 4236 1824 4306 quod
1871 4237 1960 4292 illa
2002 4253 2116 4292 ma-

541 4324 764 4379 ledictio
793 4323 1009 4380 officere
1045 4325 1252 4396 aliquid
1285 4337 1500 4396 posset;
1556 4329 1652 4384 sed
1702 4339 1760 4384 ut
1811 4337 1998 4400 aperte
2051 4345 2114 4385 ac

542 4415 850 4480 manifeste,
881 4418 975 4486 qui
1001 4417 1056 4471 in
1091 4417 1406 4489 bujusmodi
1454 4435 1606 4488 spem
1642 4421 1805 4475 stulte
1846 4420 2116 4476 adductus

540 4514 704 4570 esset,
752 4522 851 4575 per
883 4506 1037 4560 illum
1077 4523 1296 4577 quoque
1352 4510 1552 4562 certior
1614 4509 1790 4576 fieret,
1834 4527 2115 4582 nunquam

539 4599 654 4651 fore
689 4605 815 4658 uta
837 4597 1089 4654 Moabitis
1124 4601 1207 4654 vel
1232 4600 1542 4655 Madianitis
1567 4602 1730 4656 Israel
1773 4618 2116 4673 expugnare-

539 4699 648 4755 tur,
683 4690 770 4745 cui
813 4700 1091 4759 protector
1117 4705 1262 4750 esset
1317 4710 1379 4748 ac
1424 4704 1795 4764 propugnator
1831 4696 1996 4761 Deus,
2022 4696 2116 4765 qui

539 4783 810 4852 populum
831 4783 1184 4838 benedictum
1209 4787 1424 4854 sibique
1461 4786 1706 4840 deditum
1747 4802 1845 4840 sua
1868 4787 2118 4859 benigni-

513 4877 650 4960 Κιίιῐει
675 4870 932 4923 muniret.
962 4871 1136 4939 Atque
1171 4873 1287 4930 hare
1311 4876 1533 4944 quidem
1575 4876 1769 4930 beatus
1810 4879 2036 4946 angelus
2062 4886 2118 4933 et

539 4962 699 5028 dixit,
727 4961 978 5018 etfacere
1003 4965 1280 5034 praecepit.
1304 4967 1432 5032 Sed,
1456 4980 1808 5039 posteaquam
1828 4971 2114 5040 promissis

542 5054 869 5109 muneribus
894 5054 962 5109 ad
985 5055 1240 5110 eumdem
1263 5057 1351 5111 ille
1378 5069 1529 5114 vates
1567 5062 1780 5117 illectus
1829 5071 1930 5127 est,
1971 5065 2116 5133 quod

541 5148 772 5204 fortasse
801 5147 854 5202 id
883 5165 1012 5204 vere
1062 5164 1121 5204 sc
1155 5151 1535 5220 prmstiturum
1587 5155 1928 5225 opinaretur,
1969 5157 2120 5212 abire

541 5241 762 5307 quidem
789 5240 1042 5311 permisit
1077 5243 1303 5313 angelus
1329 5262 1342 5310 ;
1368 5245 1461 5300 sed
1510 5245 1564 5300 in
1589 5248 1770 5303 media
1797 5260 2121 5319 conspectus

543 5337 629 5381 est
680 5330 768 5383 via
793 5330 1020 5402 fulgenti
1066 5333 1246 5404 gladio
1294 5353 1305 5387 :
1357 5335 1412 5390 in
1438 5351 1548 5406 quo
1597 5339 1884 5394 manifeste
1931 5340 2121 5395 docuit

541 5435 691 5483 eum,
730 5421 774 5474 si
804 5425 1128 5482 maledicere
1173 5427 1336 5482 vellet
1375 5429 1440 5482 iis
1479 5430 1572 5499 qui
1612 5431 1888 5487 benedicti
1935 5440 2113 5496 erant,

544 5509 747 5564 bellum
773 5521 828 5566 et
847 5515 1110 5571 adversus
1133 5517 1324 5583 Deum,
1360 5528 1414 5573 et
1451 5520 1715 5576 adversus
1738 5521 1961 5592 angelos
1995 5536 2116 5574 sus-

543 5609 854 5672 cepturum.
875 5604 1229 5677 Posteaquam
1252 5625 1381 5664 vero
1401 5612 1466 5665 ad
1487 5612 1829 5668 Madianitam
1846 5612 2114 5683 pervenit,

622 5781 643 5816 ⁸
672 5783 831 5840 Num.
879 5799 1008 5850 nu,
1035 5783 1153 5839 6-8.
1236 5790 1251 5814 ⁵
1279 5787 1411 5841 ibid.
1443 5789 1492 5844 9.
1573 5789 1590 5818 ‘
1616 5787 1750 5844 ibid.
1785 5789 1865 5844 l2.

2225 3327 2568 3399 προσλαλεῖν.
2600 3327 2766 3400 Πλὴν,
2803 3347 2822 3378 ι
2857 3323 3050 3391 ⁷Ηλθε,
3093 3346 3110 3378 ι
3140 3327 3326 3397 φησὶν,
3363 3346 3380 3377 ι
3413 3329 3442 3380 6
3473 3327 3608 3390 Θεὸς
3660 3327 3796 3398 πρὸς

2226 3421 2474 3491 Βαλαὰμ,
2501 3421 2596 3475 καὶ
2620 3417 2771 3475 εἶπεν
2802 3420 2970 3491 αὐτῷ’
3000 3421 3065 3473 Τί
3093 3423 3143 3474 oi
3172 3421 3447 3494 ἅνθρωποι
3478 3417 3622 3475 οῦτοι
3655 3421 3802 3492 παρά

2227 3513 2336 3576 σοί;
2367 3533 2383 3564 ι
2412 3512 2519 3566 Τοῦ
2553 3512 2611 3566 δὲ
2640 3513 2739 3582 τῆς
2770 3511 3007 3582 ἀφίξεως
3029 3511 3126 3583 τὴν
3156 3511 3338 3565 αἰτίαν
3367 3511 3798 3581 ἀπηγγελκότος,

2235 3623 2252 3654 ι
2292 3599 2446 3668 Εἷπε,
2486 3623 2504 3654 ›
2548 3603 2734 3674 φησὶν,
2765 3623 2782 3653 ι
2822 3605 2850 3656 6
2875 3603 3006 3667 Θεὸς
3029 3604 3166 3675 πρὸς
3185 3603 3433 3672 Βαλαάμ·
3465 3604 3538 3657 Οὐ
3563 3603 3802 3674 πορεύσῃ
3836 3619 3844 3625 ·

2227 3697 2343 3767 μετ’
2381 3695 2581 3760 αὐτῶν,
2621 3696 2729 3749 οὐδ’
2758 3695 2818 3750 οὐ
2853 3695 2927 3767 μὴ
2949 3696 3233 3767 καταράση
3260 3695 3350 3749 τὸν
3370 3695 3520 3748 λαόνο
3554 3695 3799 3766 ἔστιγὰρ

2227 3787 2422 3860 εύλογη
2433 3789 2611 3860 μένος.
2631 3808 2648 3841 ι
2671 3789 2800 3842 Ἰδοὺ
2820 3789 2884 3860 δὴ
2904 3789 3089 3858 σαφῶς
3110 3791 3173 3840 ἐκ
3199 3787 3490 3859 προσώπου
3526 3788 3622 3842 τοῦ
3641 3785 3797 3852 Θεοῦ,

2222 3883 2251 3933 6
2282 3882 2550 3952 μακάριος
2597 3881 2828 3950 ἄγγελος
2866 3881 2958 3934 τὸν
3000 3880 3294 3934 ἀπατεῶνα
3331 3880 3423 3934 καὶ
3449 3880 3797 3950 είκαιόμυθον

2223 3971 2524 4042 ἀποτρέπει
2583 3971 2756 4040 γόητα
2799 3969 2892 4022 τὸν
2941 3969 3305 4040 εύλογημένον
3353 3969 3505 4040 παρὰ
3550 3969 3672 4038 Θεῷ
3725 3969 3797 4040 μὴ

2223 4061 2532 4134 ἐπαρᾶσθαι
2586 4061 2806 4132 ζητεῖν,
2863 4062 2998 4133 μηδὲ
3048 4065 3168 4125 ταῖς
3216 4059 3424 4114 ἀνωθεν
3482 4059 3798 4130 ἀντεξάγειν

2222 4155 2426 4224 ψήφοις
2479 4153 2546 4206 τὰ
2591 4153 2651 4220 ἐξ
2699 4153 3050 4226 ἀνθρωπίνης
3116 4151 3438 4214 δυσϐουλίας
3496 4152 3796 4224 εὑρέματα,

2222 4243 2320 4313 οὐχ
2347 4242 2422 4306 ὡς
2453 4242 2553 4312 τῆς
2595 4243 2734 4313 ἀρᾶς
2767 4242 3056 4313 ίσχυούσης
3090 4243 3314 4307 ἀδικεῖν,
3353 4241 3467 4294 ἀλλ’
3496 4242 3584 4294 ’ίνα
3617 4240 3798 4311 σαφῶς

2221 4352 2280 4388 τε
2307 4335 2404 4388 καὶ
2448 4335 2694 4405 ἐναργῶς
2741 4335 2908 4406 ὁ-τὴν
2955 4336 3209 4406 τοιαύτην
3245 4335 3437 4389 ἐλπίδα
3474 4335 3799 4406 παραλόγως
3888 4407 3890 4410 ν

2223 4425 2655 4498 είσδεδεγμένος,
2688 4425 3100 4499 πληροφοροῖτο,
3131 4427 3219 4481 καὶ
3258 4427 3320 4480 δι’
3355 4427 3541 4491 αὑτοῦ,
3565 4424 3642 4489 ὡς
3689 4425 3788 4478 οὐκ

2224 4520 2290 4574 ἂν
2329 4520 2540 4589 γένοιτό
2565 4537 2694 4574 ποτε
2727 4521 3047 4583 Μωαϐίταις
3073 4520 3106 4590 ἢ
3132 4519 3488 4590 Μαδιηναίοις
3518 4515 3794 4587 ἁλώσιμος

2152 4589 2195 4646 Ῐ)
2224 4613 2252 4664 6
2314 4611 2566 4683 Ἰσραὴλ,
2619 4611 3049 4684 προασπίζοντός
3098 4589 3170 4663 τε
3224 4589 3318 4664 καῖ
3368 4608 3798 4682 ύπεραθλοῦντος

2225 4703 2382 4772 Θεοῦ,
2418 4705 2511 4758 καὶ
2547 4707 2665 4768 ταῖς
2697 4705 3006 4775 εύμενείαις
3045 4704 3479 4774 ἀνατειχίςοντος
3519 4703 3612 4756 τὸν
3651 4699 3798 4770 αὑτῷ

2225 4795 2619 4864 προσκείμενον
2670 4795 2766 4848 καὶ
2807 4793 3168 4864 εύλογηθέντα
3231 4792 3378 4845 λαόν.
3428 4791 3591 4845 Ἀλλά
3641 4789 3800 4842 ταυτὶ

2228 4884 2327 4953 μὲν
2360 4885 2387 4936 ό
2429 4883 2718 4948 θεσπέσιος
2756 4884 2988 4954 ἄγγελος
3026 4884 3130 4955 ἔφη
3175 4901 3235 4937 τε
3271 4883 3365 4937 καὶ
3409 4883 3543 4954 δρᾷν
3591 4881 3798 4934 ἐνετέλ-

2224 4974 2365 5024 λετο·
2401 4971 2586 5043 ἐπειδὴ
2625 4973 2683 5026 δὲ
2709 4976 2829 5037 ταῖς
2847 4973 2958 5027 τῶν
2985 4973 3174 5045 δώρων
3205 4972 3563 5042 ὑποσχέσεσιν
3586 4969 3684 5023 ἐπὶ
3724 4967 3800 5036 τῷ

2225 5065 2423 5134 χρῆναι
2459 5064 2693 5134 βαδίζειν
2739 5066 2766 5117 6
2799 5066 2990 5136 μάντις
3015 5065 3344 5131 ἐδελεάζετο,
3393 5064 3534 5134 τάχα
3570 5080 3674 5115 που
3705 5061 3797 5115 καὶ

2224 5156 2440 5226 ἀληθῶς
2491 5157 2732 5235 ἰσχύσειν
2781 5158 3132 5230 ὑπειληφὼς,
3173 5159 3309 5212 ίέναι
3357 5158 3456 5228 μὲν
3503 5156 3725 5225 ἐφίησιν
3771 5154 3798 5205 6

2227 5247 2490 5318 μακάριος
2523 5248 2787 5316 ἄγγελος,
2826 5250 2968 5303 κατά
3010 5250 3181 5320 μέσην
3223 5249 3279 5302 δὲ
3339 5247 3495 5318 ὤφθη
3524 5246 3624 5316 τὴν
3661 5244 3794 5307 ὁδὸν,

2229 5340 2721 5414 συναστραπτούσῃ
2769 5341 3015 5413 ῥομφαίᾳ
3041 5380 3055 5404 ,
3090 5341 3358 5394 διδάσκων
3393 5337 3640 5408 ἐναργῶς
3668 5335 3743 5397 ῶς
3769 5334 3796 5385 ὁ

2224 5433 2457 5503 πόλεμος
2481 5433 2628 5502 αὖτῷ
2655 5432 2791 5504 πρός
2841 5450 2902 5484 τε
2927 5432 3057 5484 Θεὸν
3088 5431 3183 5484 καὶ
3205 5429 3488 5498 ἀγγέλους,
3513 5428 3563 5480 ει
3593 5424 3799 5495 ἐπαρᾶ-

2228 5525 2349 5577 σοαι
2384 5526 2624 5596 βούλοιτο
2648 5527 2775 5590 τοὺς
2801 5525 3218 5596 εὐλογημένους.
3268 5521 3487 5592 Ἐπειδὴ
3513 5521 3570 5574 δὲ
3601 5521 3796 5588 ἀφῖκτο

2227 5617 2360 5688 πρὸς
2424 5618 2512 5672 τὸν
2569 5619 2936 5691 Μαδιηναῖον,
2990 5619 3205 5690 βωμοὺς
3265 5616 3360 5687 μὲν
3415 5612 3644 5684 ἀνίστη,
3699 5609 3792 5663 καὶ
