4138 6300
263 392 367 452 ιιι

973 393 1061 447 DE
1100 391 1541 449 ADORATIDNE
1576 392 1647 451 ΙΝ
1686 390 1956 449 SPIRITU
1998 393 2087 447 ΕΤ
2131 393 2498 451 VERITATE.
2532 391 2666 451 LIB.
2709 396 2796 452 Vl.

3424 352 3555 453 ω’

264 511 554 583 βουθυτεῖν
591 507 832 563 ἐκέλευε·
884 509 1169 580 προφήτης
1212 510 1271 564 δὲ
1312 505 1382 582 ἦν
1435 509 1637 574 εὐθὺς,
1680 510 1779 581 οὐχ
1820 510 1850 562 ὁ

1968 527 2074 566 iras
2095 512 2386 579 exstruxit,
2419 511 2668 568 et‘boves
2692 511 2979 569 immolare
3013 512 3201 584 jussit,
3240 513 3534 584 prOpheta-

265 600 545 673 συνήθης,
579 600 675 654 καὶ
710 596 1080 671 ψευδηγὸρος,
1110 599 1247 654 ἀλλὰ
1290 599 1411 672 θείᾳ
1437 617 1499 653 τε
1533 601 1629 654 καὶ
1672 602 1848 671 ἀπορ-

267 697 420 768 ρήτῳ
462 693 695 764 δυνάμει
749 693 1126 765 παρετρέπετο
1173 694 1306 765 παρ’
1354 693 1547 747 ἐλπίδα
1606 692 1746 764 πρὸς
1789 691 1851 745 τὸ

264 787 533 842 ἐναντίον.
591 786 870 856 Ἐπηρᾶτο
917 785 1017 856 μὲν
1053 784 1163 857 γὰρ
1196 784 1485 857 οὐδαμῶς,
1529 784 1753 857 ηὐλόγει
1791 783 1850 837 δὲ

269 881 473 953 μᾶλλον
511 880 606 933 τὸν
645 879 897 950 Ἰσραὴλ,
930 879 1025 934 καὶ
1050 882 1277 951 πικραῖς
1309 878 1486 950 ἐνίησι
1533 878 1731 941 λύπαις
1758 876 1850 931 τὸν

265 974 476 1027 Βαλάκ.
501 972 818 1044 Γέγραπται
846 972 901 1037 δέ
933 971 1128 1037 οὕτως·
1160 974 1243 1028 ὅτι
1279 992 1298 1026 ι
1348 971 1636 1044 Ἐθυμώθη
1665 969 1852 1025 Βαλὰκ

268 1065 369 1119 καὶ
405 1063 765 1134 συνεκρότησε
793 1066 913 1127 ταῖς
956 1066 1146 1137 χερσὶν
1175 1064 1363 1131 αὐτοῦ,
1390 1064 1484 1119 καὶ
1514 1060 1636 1119 εἶπε
1665 1060 1854 1115 Βαλὰκ

274 1152 416 1224 πρὸς
493 1151 741 1223 Βαλαάμ·
816 1154 1249 1225 Καταράσασθαι
1309 1154 1400 1209 τὸν
1471 1153 1666 1225 ἐχθρόν
1747 1167 1852 1222 μου

276 1245 521 1317 κέκληκα
564 1261 654 1309 σε,
704 1246 799 1298 καὶ¹
855 1244 965 1299 ἰδοὺ
1020 1244 1265 1314 εὐλογῶν
1325 1245 1636 1317 ηὐλόγησας
1679 1244 1854 1315 τούτῳ

271 1338 464 1409 τρίτῳ.
498 1338 608 1391 Καὶ⁸
634 1333 756 1391 εἷπε
786 1336 1016 1407 Βαλαὰμ
1046 1337 1185 1409 πρὸς
1212 1337 1416 1392 Βαλάκ’
1454 1339 1589 1407 Οὐχὶ
1617 1339 1711 1391 καὶ¹
1739 1339 1855 1402 τοῖς

267 1428 529 1497 ἀγγέλοις
580 1444 674 1481 σου
713 1421 794 1490 οἷς
836 1426 1162 1491 ἀπέστειλας
1194 1428 1331 1497 πρός
1373 1445 1441 1499 με
1478 1428 1741 1500 ἐλάλησα,
1766 1428 1856 1482 λέ-

268 1537 406 1592 γων·
485 1514 610 1575 Ἐάν
661 1538 751 1592 μοι
799 1519 876 1592 δῷ
908 1519 1092 1574 Βαλὰκ
1147 1521 1329 1591 πλήρη
1372 1521 1462 1575 τὸν
1497 1515 1651 1574 οἷκον
1684 1520 1853 1574 αὑτοῦ

268 1616 539 1688 ἀργυρίου
572 1614 668 1669 καὶ
696 1613 922 1686 χρυσίου
944 1654 958 1676 ,
1007 1614 1068 1666 οὐ
1106 1614 1409 1684 δυνήσομαι
1438 1612 1755 1682 παραϐῆναι
1792 1611 1855 1664 τὸ

274 1710 430 1781 ῥῆμα
479 1706 686 1776 Κυρίου
732 1705 955 1775 ποιῆσαι
1007 1705 1140 1759 αὐτὸ
1184 1704 1347 1758 καλὸν
1389 1703 1422 1774 ἢ
1455 1701 1693 1774 πονηρὸν
1721 1701 1852 1772 παρ’

273 1794 502 1862 ἐαυτοῦς
536 1798 637 1851 ὅσα
676 1794 744 1849 ἂν
786 1793 915 1866 είπῃ
959 1810 1049 1863 μοι
1098 1793 1252 1857 Θεὸς,
1282 1793 1454 1846 ταῦτα
1485 1791 1616 1863 ἐρῶ.
1658 1808 1677 1841 ι
1712 1791 1851 1843 Σύν-

273 1890 405 1963 ηοες
441 1889 542 1961 μὲν
586 1882 680 1942 οὖν
733 1889 847 1950 τοῖς
900 1885 1332 1957 ψευδομάντεσι,
1386 1884 1481 1938 καὶ
1510 1885 1632 1945 ταῖς
1684 1882 1856 1946 οὕτως

273 1978 582 2050 ἀπατηλαῖς
649 1976 957 2049 κεχρῆσθαι
1025 1977 1269 2045 φωναῖς,
1326 1971 1722 2043 σκεπτομένοις
1774 1971 1856 2023 ὅτι

274 2074 457 2145 πάντη
491 2091 551 2126 τε
585 2072 682 2126 καὶ
726 2072 945 2133 πάντως
984 2072 1097 2132 τοῖς
1126 2067 1509 2138 φιλοπευστεῖν
1558 2065 1855 2127 ἐθέλουσιν,

273 2164 462 2236 ἐροῦσι
491 2163 552 2217 τὸ
587 2161 808 2233 ἀληθές.
841 2160 1006 2224 Σύνες
1035 2160 1092 2213 δέ
1123 2160 1206 2212 ὅτι
1237 2158 1299 2212 τὸ
1346 2158 1510 2227 φάναι
1539 2155 1601 2209 τὸ
1630 2155 1859 2226 ἀτρεκὲς

272 2257 557 2327 ἀλλότριον
589 2254 689 2325 τῆς
717 2251 968 2307 ἐπαοιδοῦ
1007 2268 1068 2304 τε
1113 2251 1208 2305 καὶ
1234 2249 1413 2321 μάγου
1442 2248 1657 2318 τέχνης
1689 2262 1861 2317 προσ⁶

272 2348 493 2418 γένοιτο
536 2347 581 2401 δ’
633 2348 699 2402 ἂν
729 2344 845 2400 ἐσθ’
889 2346 982 2399 ὅτε
1025 2341 1177 2410 παρά
1207 2341 1343 2394 Θεοῦ
1392 2340 1487 2392 ἐπὶ
1510 2337 1589 2409 τῷ
1628 2337 1726 2402 τὰς
1750 2336 1861 2390 τῶν

274 2441 527 2511 βεϐήλων
558 2438 752 2510 ψυχὰς,
782 2439 849 2509 τῇ
880 2436 987 2490 τῶν
1015 2433 1292 2505 ἐσομένων
1322 2429 1720 2505 προαγορεύσει
1753 2429 1861 2482 δει-

273 2534 387 2597 νῶς
418 2528 903 2601 κατακομίζοντος.

351 2622 558 2675 ΠΑΛΛ.
597 2619 885 2688 Πείθομαι.

353 2713 519 2768 ΚΥΡ.
557 2713 678 2766 Ὀτι
713 2710 822 2782 γὰρ
860 2709 1135 2780 μεμίσηκε
1174 2706 1270 2761 καὶ
1304 2702 1574 2772 παραλύει
1602 2701 1733 2765 Θεὸς
1762 2701 1862 2764 τὰς

275 2804 534 2868 τοιαύτας
571 2804 733 2874 ῆτουν
761 2802 1018 2872 γοητείας
1047 2800 1138 2854 καὶ
1164 2796 1562 2867 είκαιομυθίας,
1594 2794 1762 2862 σαφὲς
1796 2792 1862 2845 ἂν

278 2897 496 2967 γένοιτο
543 2894 798 2962 λέγοντος
839 2891 1032 2946 αὐτοῦ’
1074 2908 1095 2942 ι
1132 2891 1273 2958 Ἐγὼ
1323 2887 1529 2959 Κύριος
1578 2889 1607 2940 ὁ
1652 2884 1856 2947 Θεόςοι

279 2988 381 3044 καλ⁸
413 2984 636 3056 προσέτι
688 2982 927 3045 τούτοις·
970 2982 1106 3043 (Τίς
1140 2979 1327 3050 ἕτερος
1366 2975 1710 3031 διασκεδάσει
1762 2991 1862 3045 ση-

287 3083 416 3152 μεῖα
443 3075 897 3148 ἐγγαστριμύθων
923 3074 1017 3127 καὶ
1048 3072 1145 3136 τὰς
1188 3069 1447 3142 μαντείας
1481 3068 1589 3123 ἀπὸ
1610 3067 1859 3139 καρδίας,

1953 616 2060 671 que
2079 602 2190 672 jam
2212 601 2391 658 factus
2418 609 2522 668 est,
2548 617 2661 657 non
2682 602 2860 672 qualis
2880 610 3009 658 ante
3056 602 3289 668 solebat,
3336 604 3530 668 talsus,

1953 696 2050 752 sed
2072 696 2126 750 vi
2150 695 2334 750 divina
2349 704 2405 751 et
2428 695 2692 751 ineffabili
2718 704 2917 767 praeter
2941 711 3092 766 spem
3118 696 3173 750 in
3191 697 3533 752 contrarium

1952 794 2038 844 est
2059 803 2376 843 conversus.
2422 789 2545 843 Non
2596 788 2744 843 enim
2779 787 3085 853 maledixit,
3133 788 3227 843 sed
3251 788 3535 843 benedixit

1953 879 2136 951 potius
2158 880 2365 945 lsraeli,
2392 888 2447 934 et
2475 880 2531 933 in
2558 880 2787 934 acerbos
2827 879 3048 934 dolores
3071 880 3307 950 conjecit
3352 881 3532 936 Balac.

1955 971 2047 1027 Sic
2088 987 2325 1041 namque
2361 972 2628 1041 scriptum
2652 980 2774 1026 est:
2817 990 2836 1021 ι
2881 966 3203 1040 Indignatus
3243 983 3328 1026 est
3377 971 3538 1026 Balac

1953 1061 2220 1116 adversus
2240 1060 2479 1127 Balaam,
2498 1070 2553 1117 et
2576 1060 2867 1131 complosit
2891 1077 3086 1115 manus
3113 1076 3263 1126 suas,
3289 1070 3348 1115 et
3397 1061 3537 1116 dixit

1953 1154 2113 1209 Balac
2133 1153 2201 1209 ad
2224 1154 2443 1209 Balaam
2470 1173 2483 1208 :
2511 1154 2583 1211 Ut
2608 1154 2969 1210 malediceres
3018 1154 3244 1208 inimico
3283 1170 3407 1208 meo
3446 1169 3539 1209 vo-

1955 1246 2073 1301 cavi
2098 1254 2265 1313 te;et
2286 1262 2412 1303 ecce
2430 1246 2763 1302 benedicens
2805 1245 3138 1301 benedixisti
3176 1260 3305 1300 eum
3348 1247 3533 1301 tertio.

1955 1339 2175 1396 Etdixit
2200 1340 2417 1395 Balaam
2442 1339 2511 1395 ad
2535 1339 2696 1394 Balac
2719 1356 2733 1393 :
2756 1338 2950 1394 Nonne
2972 1339 3139 1393 etiam
3166 1339 3378 1393 nuntiis
3404 1337 3534 1402 tuis,

1956 1450 2096 1504 quos
2149 1434 2349 1489 misisti
2386 1432 2455 1488 ad
2501 1448 2610 1498 me,
2636 1434 2857 1488 locutus
2879 1447 3001 1487 sum
3028 1431 3219 1486 dicens
3257 1447 3270 1483 :
3305 1429 3362 1485 Si
3400 1428 3538 1484 mihi

1961 1527 2118 1598 193
2136 1526 2354 1583 dederit
2376 1526 2539 1581 Balac
2562 1526 2781 1596 plenam
2805 1524 3031 1580 domum
3056 1538 3210 1578 suam
3236 1530 3464 1593 argento
3483 1529 3539 1575 et

1956 1636 2115 1683 auro,
2153 1625 2472 1688 nonpotero
2497 1616 2778 1686 praeterire
2828 1615 3056 1671 verbum
3100 1614 3338 1677 Domini,
3379 1621 3440 1667 ut
3462 1612 3541 1667 fa-

1957 1708 2095 1762 ciam
2119 1706 2221 1776 ipsi
2249 1707 2453 1761 bonum
2479 1715 2575 1760 aut
2610 1705 2815 1760 malum
2849 1721 2879 1759 a
2904 1721 2991 1760 me
3016 1705 3176 1775 ipso?
3198 1718 3540 1775 quacunque

1958 1797 2161 1853 dixerit
2210 1796 2346 1851 mihi
2391 1797 2558 1862 Deus,
2600 1796 2718 1851 haec
2770 1796 2951 1851 dicam
2972 1797 3014 1851 ⁷.
3058 1814 3075 1846 ›
3122 1794 3541 1850 Consueverunt

1959 1891 2107 1947 enim
2147 1889 2269 1945 falsi
2303 1888 2643 1943 divinatorcs
2670 1889 2738 1941 iis
2760 1904 2981 1958 quoque
3007 1886 3294 1942 fallacibus
3323 1885 3402 1940 uti
3440 1901 3541 1941 vo~

1957 1984 2133 2047 cibus,
2174 1998 2236 2037 ac
2262 1981 2522 2036 simulare
2554 1995 2612 2034 se
2640 1979 3050 2034 sciscitantibus
3079 1994 3272 2034 verum
3314 1978 3541 2033 omnino

1958 2092 2341 2148 responsuros.
2400 2075 2492 2130 Sic
2541 2074 2707 2145 igitur
2757 2074 2980 2139 habeto,
3005 2089 3196 2129 verum
3223 2072 3541 2142 loqui,esse

1958 2171 2026 2226 ab
2047 2172 2451 2226 incantatorum
2494 2179 2552 2225 et
2568 2184 2851 2240 magorum
2870 2177 2987 2223 arte
3005 2181 3233 2237 prorsus
3255 2164 3530 2219 alienum:

1962 2264 2080 2319 ﬁeri
2106 2273 2291 2318 autem
2333 2262 2612 2318 interdum
2637 2271 2750 2315 uta
2783 2261 2895 2315 Deo
2927 2260 3133 2314 veritas
3189 2257 3540 2327 adjungalur,

1960 2354 2382 2411 utnefariorum
2424 2353 2708 2408 hominum
2750 2352 2918 2406 animi
2951 2350 3308 2422 praedictione
3357 2361 3542 2403 rerum

1959 2449 2269 2504 futurarum
2294 2448 2653 2503 vehementer
2679 2454 2935 2515 aestuent.

2032 2628 2230 2684 PALL.
2251 2628 2556 2683 Assentior.

2031 2720 2189 2775 ΟΥΕ.
2215 2720 2351 2774 Nam
2390 2719 2570 2773 odisse
2608 2718 2779 2772 Deum
2817 2713 3130 2783 liujusmodi
3167 2712 3283 2767 sive
3306 2710 3546 2782 magicas

1962 2812 2306 2883 disciplinas,
2334 2810 2449 2865 sive
2472 2816 2680 2863 temere
2711 2805 2862 2860 fusas
2882 2819 3065 2867 voces,
3103 2816 3307 2871 easque
3345 2798 3546 2854 dissol—

1962 2920 2116 2970 vere,
2158 2904 2369 2973 liquere
2405 2901 2611 2971 poterit
2654 2916 2723 2955 ex
2760 2898 2880 2969 ejus
2923 2895 3129 2960 verbis,
3173 2908 3300 2949 cum
3347 2892 3485 2947 dicit
3528 2908 3543 2946 :

1972 3018 1989 3050 ι
2028 2998 2142 3067 Ego
2175 2996 2442 3050 Dominus
2483 2994 2629 3047 Deus
2664 2993 2721 3058 ⁸;
2766 3010 2784 3042 ι
2823 2998 2880 3045 et
2929 2987 2995 3043 ad
3047 2988 3165 3042 haec
3206 2995 3470 3056 prseterea
3528 2999 3543 3035 :

1972 3109 1990 3141 ι
2021 3088 2154 3155 Quis
2177 3086 2317 3142 alius
2341 3083 2630 3153 dissipabit
2665 3082 2818 3151 signa
2866 3079 3190 3151 pythonum,
3231 3083 3288 3131 et
3330 3073 3547 3128 divina-

283 3171 648 3243 ἀποστρέφων
672 3169 968 3240 φρονίμους
990 3168 1070 3229 είς
1095 3166 1162 3217 τὰ
1182 3164 1377 3228 ὀπίσω,
1416 3162 1511 3217 καὶ
1532 3164 1633 3232 τὴν
1667 3160 1863 3232 βουλὴν

1968 3181 2147 3237 tiones
2169 3178 2236 3232 de
2260 3176 2445 3239 corde,
2473 3181 2801 3229 convertens
2818 3170 3118 3240 prudentes
3143 3175 3471 3229 retrorsum,
3492 3170 3550 3217 et

284 3266 468 3321 αὐτῶν
514 3262 798 3335 μωρεύων,
839 3259 934 3313 καὶ⁵
976 3256 1137 3311 ἱστῶν
1191 3259 1410 3328 ῥήματα
1465 3255 1654 3317 παιδὸς
1697 3253 1862 3306 αὐτοῦ

284 3360 384 3415 καὶ
436 3359 535 3429 τὴν
589 3353 783 3430 βουλὴν
829 3351 937 3406 τῶν
976 3351 1227 3420 ἀγγέλων
1273 3346 1441 3403 αὑτοῦ
1488 3345 1768 3416 ἀληθεύων
1795 3362 1809 3411 ;
1839 3363 1857 3396 ι

286 3453 569 3515 Μαντείας
600 3450 699 3521 μὲν
732 3448 841 3520 γὰρ
884 3444 984 3510 τὰς
1014 3445 1123 3499 ἀπὸ
1167 3444 1417 3515 καρδίας,
1448 3441 1650 3502 ἑώλους
1680 3455 1741 3490 τε
1771 3436 1867 3491 καὶ⁴

284 3533 606 3618 ἰχνευδοεπείς
657 3541 984 3617 ἀποφαίνειο
1040 3537 1135 3591 τοῦ
1182 3553 1257 3606 γε,
1306 3535 1413 3607 μὴν
1472 3532 1602 3587 ἰδίου
1658 3529 1864 3594 παιδὸς,

288 3637 539 3692 τουτέστι
570 3633 828 3706 Χριστοῦ,
862 3633 1043 3686 πάντα
1080 3630 1180 3700 μὲν
1228 3628 1411 3697 ἵστησι
1462 3626 1619 3694 λόγον
1640 3640 1654 3655 ·
1678 3623 1779 3695 τὴν
1812 3622 1868 3674 δὲ

291 3728 491 3801 βουλὴν
537 3725 645 3780 τῶν
696 3725 940 3793 ἀγγέλων
985 3721 1174 3783 αὐτοῦ,
1215 3717 1514 3783 τουτέστιν,
1544 3716 1581 3770 δι
1635 3715 1701 3768 ἂν
1741 3713 1868 3785 βού-

288 3821 468 3874 λοιντο
499 3818 701 3881 λαλεῖν,
752 3818 801 3869 oi
846 3816 948 3887 τῆς
997 3816 1082 3868 ἐπ’
1127 3812 1290 3867 αὐτοῦ
1342 3811 1577 3872 πίστεως
1608 3809 1868 3878 κήρυκες,

290 3910 467 3965 ταῦτα
497 3908 552 3962 δὲ
577 3908 755 3961 πάντα
786 3906 1042 3977 ἀληθείας
1072 3904 1293 3974 ἔμπλεω
1322 3900 1575 3962 δεικνύει,
1622 3898 1870 3969 σημείοις

291 4021 350 4057 τε
382 4003 478 4056 καὶ
525 4000 718 4072 τέρασι
766 3996 1228 4069 προσμαρτυρῶν,
1265 3994 1359 4048 καὶ
1399 3996 1517 4057 ταῖς
1552 3991 1745 4054 ἄλλαις
1774 3987 1868 4041 τοῦ

300 4093 623 4164 Πνεύματος
651 4090 979 4162 ἐνεργείαις.
1016 4090 1161 4158 Ἔφη
1192 4087 1248 4141 δέ
1283 4104 1386 4140 που
1410 4086 1593 4152 πάλιν,
1624 4099 1869 4137 κατονει-

295 4187 455 4252 δίζων
482 4186 595 4240 τισὶ
641 4184 711 4240 τὰ
765 4182 900 4237 Θεοῦ
931 4182 1082 4253 νόμῳ
1121 4178 1621 4250 κεκιϐδηλευμέναο
1661 4195 1679 4226 ι
1708 4174 1872 4245 Στῆθι

294 4283 473 4335 τοίνυν
503 4283 560 4333 ἐν
592 4280 710 4341 ταῖς
744 4275 1017 4338 ἐπαοιδαῖς
1063 4291 1178 4339 σου,
1216 4272 1312 4325 καὶ¹
1353 4274 1418 4341 τῇ
1451 4269 1617 4339 πολλῇ
1650 4284 1874 4339 φαρμα-

298 4374 420 4445 κεία
466 4390 582 4435 σου,
617 4370 653 4425 ἃ
690 4369 990 4441 ἐμάνθανες
1020 4367 1083 4419 ἐκ
1123 4363 1373 4435 νεότητός
1430 4379 1546 4423 σου,
1578 4363 1627 4412 εί
1670 4359 1875 4428 δυνήσῃ

297 4463 675 4535 ὠφεληθῆναι·
715 4460 1050 4522 κεκοπίακας
1082 4459 1139 4510 ἐν
1170 4457 1288 4518 ταῖς
1335 4453 1547 4523 βουλαῖς
1595 4467 1709 4515 σου,
1750 4450 1877 4519 στή-

299 4573 479 4612 τωσαν
511 4555 607 4609 καὶ
644 4553 973 4608 σωσάτωσάν
1002 4569 1060 4604 σε
1085 4551 1133 4604 οἱ
1162 4547 1479 4618 ἀστρολόγοι
1504 4543 1597 4598 τοῦ
1625 4541 1877 4612 ούρανοῦ,
1909 4537 1953 4591 D

301 4649 350 4702 οι
406 4646 642 4719 ὁρῶντες
680 4646 806 4706 τοὺς
840 4642 1093 4711 ἀστέρας,
1134 4634 1611 4705 ἀναγγειλάτωσὰν
1659 4648 1742 4685 σοι
1774 4632 1801 4684 ὃ
1824 4648 1874 4683 τι

307 4744 489 4815 μέλλει
532 4742 624 4796 ἐπὶ
674 4739 733 4793 σὲ
789 4737 1104 4810 ἔρχεσθαι.»
1158 4735 1325 4807 Ὁρᾷς
1382 4726 1475 4784 οῦν
1519 4729 1594 4791 ὡς
1643 4727 1876 4796 γέλωτος

305 4832 473 4897 ἀξίαν.
509 4831 604 4884 καὶ
654 4829 904 4897 ἀνωφελῆ
956 4823 1233 4886 παντελῶς
1254 4822 1352 4893 τὴν
1383 4820 1658 4891 ἐπάρατον
1684 4819 1877 4888 ἀστρο-

304 4924 559 4993 γοητείαν
612 4920 903 4989 ἀπελέγχει
940 4918 1090 4982 Θεός.
1132 4917 1254 4971 Ὅτι
1300 4915 1357 4967 δὲ
1387 4913 1551 4967 πάλιν
1583 4910 1786 4980 πρέποι
1814 4909 1879 4962 ἂν

306 5014 451 5085 αὐτῷ
481 5016 576 5068 καὶ
611 5014 753 5084 μόνῳ
793 5013 853 5064 τὸ
886 5009 1175 5082 νημερτὲς,
1228 5007 1324 5062 καὶ
1353 5007 1412 5060 τὸ
1434 5007 1650 5075 ἕτοιμον
1691 5004 1771 5066 εἰς
1797 5001 1883 5053 λό-

306 5120 438 5175 γους
471 5108 599 5167 τοὺς
633 5105 760 5175 περὶ
801 5103 906 5156 τῶν
939 5101 1156 5155 ἔσεσθαι
1190 5099 1657 5170 προσδοκωμένων
1701 5095 1880 5149 ἀπλα-

308 5198 437 5262 νῶς,
475 5196 636 5250 ἄκουε
670 5194 919 5263 λέγοντος
944 5193 1030 5246 διὰ
1055 5193 1239 5263 φωνῆς
1278 5193 1503 5247 Ἡσαΐου
1526 5207 1540 5221 ’
1578 5210 1596 5241 ι
1626 5187 1885 5259 Μνήσοη-

308 5311 369 5345 τε
397 5290 589 5357 ταῦτα,
623 5291 716 5343 καὶ
741 5287 1030 5352 στενάξατε
1053 5303 1067 5317 '
1100 5289 1490 5358 μετανοήσατε,
1524 5286 1572 5338 oi
1602 5283 1883 5352 πεπλανη-

314 5386 488 5454 μένοι,
537 5381 902 5453 ἐπιστρέψατε
944 5384 1011 5452 τῇ
1067 5382 1286 5452 καρδίᾳ,
1347 5382 1440 5433 καὶ
1505 5378 1777 5450 μνήσθητε
1813 5376 1885 5429 τὰ

313 5477 553 5548 πρότερα
581 5475 688 5530 ἀπὸ
706 5475 799 5529 τοῦ
826 5474 1023 5536 αἰῶνος
1044 5490 1058 5504 °
1086 5475 1169 5526 ὅτι
1197 5470 1307 5540 ἐγώ
1341 5474 1455 5541 εἰμι
1489 5470 1640 5534 Θεὸς,
1669 5469 1759 5523 καὶ
1783 5470 1885 5522 οὐκ

313 5570 460 5624 ἐστιν
496 5567 635 5637 πλὴν
683 5564 849 5636 ἐμοῦο
884 5563 1233 5632 ἀναγγέλλων
1272 5562 1532 5632 πρότερον
1566 5561 1633 5614 τὰ
1682 5560 1886 5629 ἔσχατα

314 5666 444 5733 πρὶν
471 5660 611 5716 αὐτὰ
632 5657 906 5727 γενέσθαι,
941 5658 1031 5709 καὶ
1054 5657 1169 5726 ἅμα
1198 5653 1572 5724 συνετελέσθη.
1602 5654 1708 5706 Καὶ
1733 5650 1883 5707 εἴπαο

1563 5839 1580 5867 τ’
1610 5837 1740 5891 ibid.
1767 5837 1859 5891 ἐϋ.

396 5838 592 5895 ’Νυιιι.
626 5856 762 5906 xxxv,
805 5840 978 5893 ιυςιδ.
1059 5839 1077 5867 ⁸
1103 5838 1201 5892 lsa.
1232 5853 1368 5899 XLIV,
1396 5835 1481 5893 2i.

1969 3271 2263 3326 consilium
2306 3281 2501 3322 eorum
2546 3265 2773 3319 stultum
2832 3260 3079 3315 faciens?
3130 3267 3188 3313 et
3219 3255 3551 3312 conﬁrmans

1969 3367 2138 3422 verba
2174 3364 2331 3436 pueri
2376 3362 2486 3427 sui,
2513 3369 2569 3416 et
2606 3359 2933 3416 sententiam
2967 3356 3289 3411 nuntiorum
3324 3368 3550 3409 suorum

1968 3473 2153 3514 veram
2184 3454 2550 3525 comprobans
2571 3453 2635 3505 '?
2665 3473 2683 3503 ι
2714 3450 3089 3506 Divinationes
3113 3448 3262 3501 enim
3286 3445 3354 3500 de
3383 3444 3553 3500 corde

1965 3553 2199 3622 jactatas
2221 3564 2389 3602 vanas
2429 3563 2491 3602 ac
2508 3544 2798 3600 mendaces
2821 3542 3095 3607 ostendit;
3117 3538 3212 3595 sed
3248 3538 3403 3609 pueri
3441 3536 3549 3601 sui,

1971 3641 2026 3695 id
2050 3648 2153 3703 est,
2178 3638 2406 3701 Christi,
2432 3636 2612 3690 omnia
2648 3634 2817 3688 verba
2852 3631 3140 3686 conﬁrmat
3174 3646 3186 3681 :
3224 3625 3551 3682 sententiam

1970 3750 2137 3805 porro
2160 3731 2483 3787 nuntiorum
2507 3742 2755 3790 suorum,
2796 3724 2849 3779 id
2874 3732 3057 3779 autem
3080 3730 3184 3785 est,
3213 3732 3554 3790 quaecunque

1971 3826 2247 3881 voluerint
2280 3822 2430 3894 loqui
2473 3819 2619 3885 ﬁdei,
2647 3833 2769 3888 quae
2792 3817 2849 3871 in
2885 3831 3011 3870 eum
3050 3814 3306 3875 habetur,
3344 3823 3554 3879 praeco-

1971 3934 2088 3984 nes,
2126 3919 2243 3973 [nec
2278 3916 2503 3971 omnino
2540 3910 2792 3969 veritatis
2834 3924 2955 3964 esse
2987 3908 3148 3977 plena
3179 3904 3552 3964 demonstrat,

1973 4024 2098 4064 cum
2122 4007 2232 4061 illis
2255 4006 2426 4076 signis
2457 4013 2622 4073 atque
2656 3997 2926 4071 prodigiis
2975 4001 3291 4055 attestetur,
3337 3998 3393 4042 et
3432 3985 3556 4040 aliis

1975 4099 2212 4170 Spiritus
2248 4097 2419 4153 sancti
2469 4093 2897 4165 operationibus.
2945 4088 3094 4143 Dixit
3125 4085 3290 4140 etiam
3341 4094 3554 4139 rursus,

1974 4207 2100 4248 cum
2140 4189 2471 4261 quibusdam
2508 4188 2647 4240 facta
2698 4200 2821 4254 quae
2854 4182 2952 4236 Dei
2992 4181 3111 4250 lege
3148 4174 3555 4244 improbantur,

1974 4285 2329 4355 exprobraret
2361 4300 2373 4335 :
2408 4301 2425 4332 ι
2467 4280 2558 4334 Sta
2586 4279 2747 4347 igitur
2769 4278 2824 4329 in
2861 4268 3326 4328 incantationibus
3351 4263 3478 4325 tuis,
3504 4269 3559 4315 et

1979 4377 2034 4430 in
2068 4375 2256 4429 multis
2286 4370 2567 4427 veneﬁciis
2607 4369 2735 4429 tuis,
2787 4380 2909 4434 quae
2930 4360 3171 4417 didicisti
3209 4358 3548 4425 ajuventute

1980 4477 2109 4532 tua;
2136 4467 2180 4520 si
2217 4464 2423 4534 poteris
2459 4461 2640 4531 juvari
2670 4476 2685 4524 ;
2729 4455 2990 4512 laborasti
3020 4453 3075 4506 in
3122 4448 3363 4505 consiliis
3407 4446 3513 4500 tuis
3543 4463 3556 4498 :

1983 4567 2128 4615 stent
2150 4564 2205 4611 et
2230 4556 2443 4610 salvent
2467 4560 2519 4606 te
2564 4548 2820 4617 astrologi
2853 4545 2997 4609 caeli,
3047 4542 3142 4613 qui
3176 4536 3558 4606 contemplan-

1982 4660 2072 4707 tur
2097 4648 2319 4712 stellas;
2352 4642 2680 4699 annuntient
2721 4638 2820 4691 tibi
2874 4636 3007 4706 quid
3052 4639 3346 4688 venturum
3389 4627 3459 4682 sit
3504 4625 3558 4678 in

1984 4751 2036 4798 te
2071 4743 2132 4795 ‘°.
2181 4761 2199 4791 ι
2223 4738 2391 4793 Vides
2418 4737 2582 4805 igitur
2622 4729 2896 4802 quomodo
2930 4729 3041 4781 risu
3080 4724 3297 4794 dignam
3329 4727 3383 4774 ct
3405 4732 3561 4789 pror-

1981 4845 2076 4884 sus
2109 4826 2381 4886 inutilem,
2432 4821 2578 4874 illam
2609 4814 3007 4872 exsecrabilem
3053 4827 3119 4866 ex
3147 4816 3425 4863 astrorum
3465 4805 3560 4857 ob-

1982 4918 2291 4975 servatione
2316 4911 2710 4968 divinationem
2740 4904 2984 4976 coarguit
3024 4902 3187 4956 Deus.
3216 4897 3325 4968 lpsi
3349 4909 3479 4950 vero
3505 4902 3561 4948 et

1983 5011 2204 5081 quidem
2229 5007 2331 5063 soli
2360 5002 2656 5061 convenire
2697 4999 3005 5060 veritatem,
3050 5008 3157 5064 qua
3189 4990 3563 5061 praedicuntur

1984 5120 2047 5159 ea
2093 5117 2215 5172 quae
2252 5108 2401 5155 081⁸ιο
2441 5104 2707 5153 eventura
2747 5097 3059 5163 sperantur,
3101 5103 3169 5142 ex
3220 5099 3286 5139 eo
3327 5095 3561 5152 agnosce

1985 5170 2131 5263 quod
2179 5207 2277 5262 per
2312 5189 2463 5244 Isaiae
2500 5201 2690 5242 vocem
2742 5183 2987 5253 loquitur
3036 5198 3049 5233 :
3101 5197 3118 5229 ι
3173 5170 3561 5230 Recordamini

1987 5286 2203 5350 horum,
2234 5292 2290 5339 et
2312 5281 2687 5354 ingemiscite;
2726 5274 3106 5348 pmnitentiam
3151 5270 3314 5340 agite,
3352 5266 3445 5337 qui
3469 5281 3564 5320 θνα

1987 5378 2153 5443 ralis;
2181 5373 2566 5430 convertimini
2603 5370 2791 5434 corde,
2824 5376 2879 5422 et
2918 5360 3286 5420 recordamini
3317 5358 3563 5429 priorum

1988 5487 2018 5525 a
2040 5469 2259 5534 szeculo,
2284 5467 2413 5538 quia
2441 5463 2600 5535 194
2621 5478 2720 5532 ego
2748 5476 2869 5517 sum
2893 5461 3057 5524 Deus,
3086 5465 3141 5511 et
3176 5469 3287 5508 non
3310 5458 3391 5507 est
3428 5465 3568 5520 prae-

1990 5570 2072 5618 ter
2119 5579 2243 5627 me;
2279 5561 2372 5630 qui
2425 5555 2689 5611 annuntio
2731 5554 2886 5624 prius
2924 5548 3219 5605 novissima
3273 5552 3565 5612 antequam

1994 5655 2145 5720 ﬁant,
2188 5662 2244 5707 et
2282 5651 2442 5706 simul
2482 5655 2857 5705 consummata
2907 5643 3034 5699 sint.
3074 5641 3143 5695 Et
3180 5637 3292 5692 dixi
3343 5652 3355 5688 :
3394 5633 3568 5689 Omne

1942 5835 1981 5864 ¹⁰
2008 5835 2106 5889 Isa.
2138 5850 2293 5898 xuii,
2329 5832 2407 5897 1‘2,
2440 5831 2517 5883 l5.
