4138 6300
538 5772 548 5803 ἰ

577 417 690 474 445

1612 408 1671 465 S.
1714 408 1990 466 CYRILLI
2028 403 2499 462 ALEXANDRIM
2531 405 2849 455 AliUllth.

3755 398 3860 443 dic/3

576 543 760 587 meum
798 523 1089 583 consilium
1136 522 1342 589 stabit;
1393 531 1450 577 et
1479 499 1685 577 omnia.
1703 537 2048 594 quacunque
2081 519 2161 575 de

2277 513 2438 568 Πᾶσά
2475 529 2582 584 μου
2615 514 2648 583 ἠ
2676 511 2841 583 βουλὴ
2869 509 3143 580 στήσεται,
3177 506 3273 560 καὶ
3301 504 3481 560 πάντα
3519 505 3623 558 ὅσα
3667 503 3853 575 βούλο-

575 620 747 685 crevi,
783 616 978 673 faciam
1004 616 1067 671 “.
1110 634 1130 668 ι
1186 614 1300 672 Soli
1342 615 1512 687 igitur
1553 616 1685 680 Deo,
1736 618 1831 687 qui
1878 625 1965 672 est
2004 629 2167 685 supra

574 711 781 775 omnia,
807 725 837 764 a
865 707 1029 765 nobis
1052 715 1138 764 est
1179 707 1571 772 tribuendum,
1614 707 1798 763 futura
1842 720 1955 765 tum
2004 708 2168 778 plane

574 802 737 867 scire,
767 811 881 858 tum
907 814 1040 856 vero
1075 814 1234 870 posse
1261 807 1413 855 certe
1455 799 1798 870 praedicere;
1834 814 1992 869 nugae
2030 808 2169 852 'vcro

580 894 771 949 futiles
814 902 871 949 et
890 892 1065 948 aniles
1104 891 1335 955 fabellae,
1373 889 1603 946 fallacia:
1641 905 1862 961 quoque
1922 905 1987 944 ac
2028 902 2169 958 prae-

576 986 753 1057 stigiae
785 993 935 1051 sunt,
966 1000 1089 1056 quae
1125 985 1193 1040 ab
1216 985 1341 1040 aliis
1383 982 1810 1054 proﬁciscuntur
1857 1000 1871 1035 :
1914 980 2010 1051 qui
2043 995 2169 1035 cum

576 1078 691 1134 sint
736 1086 922 1133 mente
959 1085 1243 1147 corrupta,
1282 1076 1350 1131 de
1393 1076 1559 1131 corde
1605 1090 1707 1130 suo
1746 1074 2070 1144 loquuntur,
2108 1079 2171 1127 ut

576 1170 849 1240 scriptum
888 1176 1009 1234 est,
1036 1177 1091 1223 et
1106 1184 1172 1224 ex
1194 1167 1432 1223 falsitate
1446 1167 1702 1239 parandae
1718 1165 1965 1238 pecunia:
2006 1180 2169 1220 occa-

576 1263 792 1318 sionem
824 1270 1100 1333 quaerunt.

645 1353 850 1409 PALL.
891 1353 1099 1409 Verum
1138 1358 1241 1407 est.
1273 1350 1365 1407 Sic
1406 1351 1556 1405 enim
1589 1367 1648 1406 se
1690 1365 1779 1406 res
1803 1348 1974 1406 habet
2008 1364 2168 1421 pror-

577 1461 693 1502 sus.

643 1536 802 1594 CYR.
840 1535 923 1591 Ab
948 1535 1051 1590 hac
1089 1535 1256 1605 igitur
1279 1549 1498 1604 quoque
1531 1548 1592 1588 re
1630 1531 2070 1599 abstinebimus;
2112 1540 2171 1588 et

571 1627 767 1684 relicta
792 1642 1054 1698 perversa
1083 1625 1191 1690 via,
1222 1641 1321 1696 per
1348 1634 1554 1680 rectam
1581 1624 1938 1691 incedemus;
1966 1640 2030 1680 ac
2054 1623 2168 1680 Deo

573 1732 797 1790 semper
818 1717 1014 1775 eodem
1040 1716 1203 1772 modo
1227 1716 1554 1782 innitemur,
1577 1725 1635 1773 et
1650 1724 1969 1773 sanctorum
1992 1717 2168 1772 homi-

570 1826 708 1865 num
736 1809 968 1866 vocibus
988 1808 1286 1864 veritatem
1313 1808 1642 1864 tribuemus.

641 1902 842 1959 PALL.
868 1903 938 1958 Et
958 1902 1183 1973 quidem
1213 1903 1471 1958 maxime.

644 1993 803 2050 CYR.
830 1992 974 2061 Quid
994 1994 1145 2048 ?non
1173 1993 1308 2048 illud
1336 2007 1557 2064 quoque
1584 1999 1852 2063 praeterea
1877 2008 2166 2049 exsecran-

571 2085 704 2140 dum
731 2084 1073 2156 putabimus,
1104 2091 1433 2155 partemque
1458 2100 1580 2140 esse
1603 2085 1852 2141 dicemus
1877 2086 2166 2156 gentilium

571 2178 903 2249 impietatis,
956 2177 1069 2248 igni
1114 2186 1171 2233 et
1195 2192 1340 2247 aqua
1389 2177 1619 2248 purgari
1666 2176 1906 2243 scilicet,
1949 2184 2006 2235 et
2044 2176 2167 2232 aliis

570 2271 903 2344 quibusdam
937 2270 1210 2342 ejusmodi
1246 2270 1271 2324 ?

638 2359 837 2417 PALL.
877 2360 1109 2416 Maxime
1173 2377 1328 2417 vero.
1378 2361 1569 2432 Itaque
1618 2361 1807 2417 divina
1859 2361 1948 2417 lex
1982 2360 2163 2417 dixit:

579 2470 599 2501 σ
627 2449 747 2505 Νοη
783 2451 1103 2506 invenietur
1154 2450 1211 2504 in
1232 2458 1319 2517 ,te
1363 2465 1608 2524 purgans
1645 2451 1820 2509 filium
1864 2467 2028 2507 suum
2071 2459 2167 2508 aut

570 2540 737 2598 filiam
764 2558 923 2598 suam
954 2542 1069 2614 igni
1097 2543 1161 2597 “.
1197 2562 1215 2595 ι

639 2715 796 2772 CYR.
823 2718 998 2784 Quam
1027 2727 1175 2774 recte
1198 2720 1288 2774 lex
1310 2720 1472 2774 nobis
1504 2720 1611 2776 ista
1636 2706 2049 2790 pronuntiavit,
2086 2733 2162 2791 et,

569 2823 641 2861 ne
670 2805 885 2873 fierent,
921 2809 1241 2879 prohibuit!
1286 2810 1549 2865 Estenim
1576 2827 1641 2866 ea
1683 2829 1793 2880 res,
1846 2822 1906 2869 ut
1944 2816 2162 2885 opinor,

572 2898 903 2956 temeritatis
942 2900 1125 2971 plena,
1166 2909 1224 2956 et
1264 2901 1498 2958 rationis
1536 2905 1759 2975 optima;
1790 2920 1859 2962 ac
1899 2907 2166 2979 sapientis

570 3005 772 3060 expers
802 3008 814 3045 :
841 3006 1008 3062 quam
1033 2992 1182 3048 enim
1214 2993 1511 3050 utilitatem
1539 2994 1742 3052 aﬂ‘erre
1788 2997 1951 3053 nobis
1992 3000 2165 3069 possit

573 3080 716 3153 ignis
733 3084 973 3138 natura?
994 3085 1272 3154 quomodo
1292 3085 1458 3141 etiam
1478 3085 1627 3143 faces
1655 3087 1710 3143 in
1733 3088 1924 3144 orbem
1947 3091 2165 3160 agitatae

571 3189 698 3228 eum
726 3175 820 3245 qui
864 3176 1130 3246 peccarit,
1160 3176 1440 3233 liberare?
1462 3178 1612 3235 fEris
1630 3180 1876 3251 quidem,
1905 3192 1999 3237 aut
2022 3183 2163 3238 alte-

569 3260 689 3317 rius
717 3264 987 3334 ejusmodi
1027 3267 1274 3322 materiaa
1313 3268 1508 3325 sordes
1555 3254 1815 3342 excoquit
1849 3273 1933 3328 vis
1975 3273 2159 3345 ignis;

571 3348 773 3403 mentis
788 3357 973 3406 autem
995 3359 1088 3407 aut
1119 3355 1318 3411 anima:
1340 3356 1713 3427 impuritatem
1737 3375 1976 3430 quonam
2000 3363 2167 3419 modo

572 3443 893 3496 consumat?
915 3443 1110 3499 Nonne
1130 3444 1300 3515 igitur
1341 3447 1460 3503 hazc
1490 3448 1724 3506 ridicula
1748 3460 1897 3520 sunt,
1919 3461 1974 3509 et
1996 3469 2167 3511 vana-

572 3544 697 3584 rum
730 3533 1130 3603 cogitationum
1159 3540 1516 3595 commenta?

639 3618 839 3676 PALL.
872 3622 953 3679 Ita
979 3640 1229 3696 prorsus.

641 3710 801 3768 CYR.
848 3713 1241 3776 Libentissime
1280 3727 1465 3777 autem
1519 3722 1588 3777 iis
1631 3724 1726 3795 qui
1764 3724 1910 3781 inter
1943 3726 2164 3785 Graecos

570 3804 775 3876 egregii
803 3806 1099 3876 habentur,
1127 3811 1335 3883 quique
1356 3813 1674 3884 hujusmodi
1706 3818 1886 3889 turpia
1911 3820 2163 3877 instituta

570 3903 628 3949 et
654 3895 1005 3964 invenerunt,
1048 3907 1103 3955 et
1127 3902 1250 3956 aliis
1290 3904 1661 3971 tradiderunt,
1705 3910 1961 3979 equidem
2003 3913 2162 3969 dixe-

570 3982 675 4037 rim
705 4001 717 4036 :
743 3982 899 4050 Quod
925 3995 1171 4043 vestrum
1194 3998 1280 4045 cst
1309 3992 1641 4049 consilium?
1676 4012 1794 4063 vos,
1836 4008 2162 4069 praestantes

573 4074 676 4129 viri
698 4091 762 4131 ac
792 4078 1068 4148 sapientes
1089 4082 1304 4152 appello
1326 4125 1340 4150 ,
1376 4099 1503 4140 cum
1544 4087 1765 4161 Tityum
1796 4091 1973 4158 illum,
1993 4110 2159 4164 quem

570 4174 757 4222 ortum
790 4185 859 4225 ex
899 4177 1046 4227 terra
1082 4172 1298 4242 dicitis,
1336 4177 1481 4247 apud
1519 4179 1726 4236 inferos
1764 4186 2068 4254 torquetis,
2103 4195 2161 4243 et

568 4261 818 4317 vultures
832 4263 1129 4332 adhibetis,
1154 4269 1249 4338 qui
1277 4274 1534 4342 tanquam
1564 4274 1810 4331 convivae
1827 4277 2015 4348 jecore
2057 4295 2159 4350 pa-

570 4362 816 4419 scantur,
850 4356 998 4426 quod
1022 4359 1276 4415 mulieris
1299 4363 1537 4433 speciem
1564 4367 1888 4434 admiratus,
1912 4369 2158 4429 libidinis

569 4446 764 4503 morbo
789 4448 1090 4506 laborarit?
1115 4453 1345 4511 Tantalo
1374 4467 1557 4514 autem
1584 4460 1822 4532 lapidem
1865 4463 2156 4521 imminere

2277 622 2398 676 μαι,
2422 606 2669 676 ποιήσω.
2692 624 2711 656 ι
2747 604 2912 675 Μόνῳ
2941 600 3006 673 δὴ
3029 597 3124 655 οὖν
3155 597 3503 654 ἀνακείσεται
3535 598 3673 669 πρὸς
3698 598 3861 671 ἡμῶν

2270 696 2352 769 τῷ
2392 697 2609 752 πάντων
2651 694 2913 750 ἐπέκεινα
2962 691 3105 764 Θεῷ,
3149 691 3211 746 τὸ
3262 690 3515 745 διειδέναι
3555 707 3615 745 τε
3648 689 3860 760 σαφῶς,

2273 788 2370 843 καὶ
2421 787 2818 860 προαγορεύειν
2871 784 3125 849 ἀπλανῶς
3155 781 3413 839 δύνασθαι
3463 781 3535 836 τὰ
3587 783 3863 854 ἐσόμεναο

2275 880 2427 936 eam
2447 880 2503 934 δὲ
2531 880 2707 944 άλλως
2734 879 2829 932 καὶ
2872 877 3093 949 γραώδη
3128 876 3395 949 μυθάρια,
3432 874 3766 946 βωμολοχίαι
3797 893 3860 929 τε

2271 974 2367 1028 καὶ
2396 972 2743 1044 φενακισμοὶ,
2788 971 2859 1025 τὰ
2902 971 3033 1042 παρ’
3059 968 3283 1042 ἐτέρων,
3325 968 3375 1023 οῖ
3407 966 3500 1021 τὸν
3542 966 3668 1026 νοῦν
3714 985 3862 1038 crap—

2273 1063 2564 1136 εφθορότες
2613 1064 2683 1117 τά
2723 1061 2832 1117 ἀπὸ
2872 1060 3099 1134 καρδίας
3128 1058 3306 1114 αὐτῶν
3350 1056 3597 1125 λαλοῦσι,
3625 1057 3768 1111 κατὰ
3798 1057 3861 1111 τὸ

2270 1157 2679 1229 γεγραμμένον,
2708 1156 2802 1210 καὶ
2833 1154 3234 1228 ἀργυρολογίας
3276 1151 3541 1224 ἀφορμὴν
3570 1150 3857 1205 ποιοῦνται

2271 1250 2331 1303 τὸ
2356 1248 2571 1319 ψεῦδος.

2342 1343 2550 1396 ΠΛΛΛ.
2604 1340 2846 1412 Ἀληθές.
2883 1340 3039 1411 Ἔχει
3069 1338 3178 1410 γὰρ
3220 1332 3346 1401 ὧδε,
3373 1337 3468 1391 καὶ
3501 1337 3599 1408 οὐχ
3623 1337 3851 1409 ἑτέρως.

2340 1513 2506 1569 ΚΥΡ.
2558 1513 2895 1586 Ἀφεξόμεθα
2954 1512 3020 1586 δὴ
3067 1507 3162 1569 οῦν
3199 1514 3292 1568 καί⁵
3334 1513 3509 1576 τοῦδε.
3550 1513 3645 1568 καὶ
3692 1510 3854 1585 οἷμον

2271 1607 2499 1677 ἀφέντες
2545 1608 2643 1678 τὴν
2696 1608 3161 1680 διεστραμμένην,
3220 1606 3553 1680 βαδιούμεθα
3599 1608 3700 1680 τὴν
3762 1611 3850 1663 ἐπ’

2270 1697 2419 1764 εὐθὺ,
2454 1698 2574 1769 Θεῷ
2609 1698 2960 1770 μονοτρόπως
2995 1699 3405 1771 προσκείμενοι,
3453 1699 3550 1753 καὶ
3594 1703 3713 1765 ταῖς
3744 1700 3859 1755 τῶν

2276 1793 2449 1861 ἁγίων
2480 1794 2686 1861 φωναῖς
2714 1791 3176 1864 ἐπιψηφιζόμενοι
3205 1791 3302 1864 τὴν
3328 1792 3612 1865 ἀλήθειαν.

2194 1871 2243 1933 Β
2346 1883 2556 1936 ΠΑΔΛ.
2598 1882 2710 1937 Καὶ
2745 1882 2908 1951 μάλα.

2347 1974 2514 2028 ΚΥΡ.
2558 1974 2623 2027 Τί
2677 1975 2734 2029 δὲ
2784 1974 2907 2046 οὐχὶ
2939 1974 3161 2029 κάκεῖνο
3206 1973 3344 2046 πρὸς
3398 1974 3611 2038 τούτοις
3646 1977 3857 2047 ἡγησό-

2272 2063 2414 2136 μεθα
2457 2065 2754 2136 στυγητὸν,
2804 2065 2996 2137 μοῖράν
3032 2083 3093 2118 τε
3122 2060 3260 2118 εἶναι
3306 2083 3487 2138 φαμεν
3527 2066 3854 2138 Ἑλληνικῆς

2278 2152 2595 2226 ἀθεότητος,
2626 2154 2693 2208 τό
2731 2171 2792 2209 τε
2847 2153 3338 2227 περικαθαῳεσθαι
3366 2155 3541 2225 φιλεῖν
3577 2157 3721 2228 τάχα
3752 2174 3857 2211 που

2269 2247 2402 2318 πυρὶ
2435 2246 2530 2300 καὶ
2555 2246 2729 2311 ὕδατι,
2761 2245 2855 2302 καὶ
2896 2246 3105 2319 ἑτέροις
3133 2247 3244 2302 τισὶ
3272 2247 3537 2313 τοιούτοις
3580 2248 3839 2320 τρόποιςς

2341 2339 2550 2393 ΠΑΛΛ.
2622 2339 2734 2393 Καὶ
2790 2338 3031 2410 μάλιστά
3086 2356 3171 2409 γε.
3224 2340 3518 2412 Τοιγάρτοι
3567 2342 3662 2395 καὶ
3714 2341 3859 2396 θεῖον

2268 2428 2372 2501 ἔφη
2420 2430 2801 2503 χρησμῴδημα
2840 2430 3057 2501 σαφῶς·
3097 2451 3114 2483 ι
3142 2432 3258 2503 Οὐχ
3285 2432 3642 2504 εὑρεθήσεται
3685 2437 3745 2488 ἐν
3773 2434 3860 2488 σοὶ

2268 2523 2675 2594 περικαθαίρων
2706 2523 2798 2577 τὸν
2833 2524 2948 2577 υἱὸν
2973 2524 3140 2579 αὐτοῦ
3178 2524 3211 2596 ἢ
3245 2526 3343 2598 τὴν
3384 2525 3657 2599 θυγατέρα
3686 2528 3856 2583 αὐτοῦ

2274 2616 2334 2668 ἐν
2361 2614 2513 2685 πυρί.
2542 2632 2561 2665 ι

2345 2706 2511 2760 ΚΥΡ.
2562 2705 2646 2771 Ὦς
2678 2702 2738 2761 εὖ
2760 2724 2824 2776 γε
2863 2709 2997 2779 ἡμῖν
3029 2711 3058 2763 ό
3095 2709 3257 2781 νόμος
3283 2711 3628 2783 προσεφώνει
3666 2705 3866 2782 ταυτὶ,

2268 2800 2362 2852 καὶ
2409 2799 2661 2872 ἀπέφησε
2714 2800 2775 2855 τὸ
2804 2802 2978 2875 δρᾷνί
3015 2803 3368 2879 Εἰκαιότητος
3416 2808 3527 2881 γὰρ
3585 2807 3741 2883 οἶμαι
3793 2815 3856 2869 τὸ

2266 2890 2452 2963 χρῆμα
2506 2894 2721 2965 μεστὸν,
2777 2895 2868 2949 καὶ
2907 2895 3169 2968 λογισμοῦ
3217 2898 3528 2971 τητώμενον
3568 2903 3664 2957 τοῦ
3720 2924 3854 2960 παν-

2266 2979 2490 3050 αρίστου
2520 2984 2616 3036 καὶ
2663 2983 2826 3052 σοφοῦ
2848 3001 2862 3015 ·
2891 2984 3073 3057 ὀνήσει
3095 2987 3201 3059 γὰρ
3229 2989 3370 3043 κατά
3404 2991 3526 3044 τίνα
3551 2992 3615 3065 δὴ
3653 2997 3854 3064 τρόπον

2270 3070 2303 3141 ή
2337 3070 2508 3140 πυρὸς
2533 3073 2683 3143 ἡμᾶς
2712 3073 2906 3142 φύσις;
2936 3077 3030 3130 καὶ
3055 3078 3212 3149 δᾷδες
3264 3081 3324 3135 ἐν
3355 3083 3540 3155 κύκλῳ
3568 3089 3853 3159 περιθέουο

2270 3176 2359 3214 σαι
2385 3160 2502 3226 πῶς
2529 3163 2598 3218 ἀν
2632 3163 2893 3230 ἐξέλοιντο
2946 3167 3038 3221 τὸν
3072 3171 3472 3243 ἡμαρτηκότα;
3511 3178 3729 3234 Χαλκοῦ
3753 3182 3853 3252 μὲν

2274 3255 2385 3328 γὰρ
2440 3255 2607 3327 ἧγουν
2677 3258 2871 3330 ἐτέρας
2926 3261 3184 3332 τοιαύτης
3230 3265 3374 3329 τινὸς
3426 3265 3580 3339 ὕλης,
3632 3272 3852 3345 ἐκτήκει

2270 3346 2361 3402 τὸν
2397 3347 2567 3419 ῥύπον
2615 3350 2649 3422 ἡ
2690 3352 2859 3423 πυρὸς
2906 3352 3059 3426 βολή.
3105 3356 3219 3409 Νοῦ
3258 3357 3314 3412 δὲ
3361 3361 3456 3415 καὶ
3491 3361 3669 3433 ψυχῆς
3700 3364 3852 3436 βεϐή-

2264 3438 2447 3506 λωσιν,
2465 3442 2587 3495 τίνα
2615 3442 2816 3514 τρόπον
2841 3445 3059 3515 ἀφανιεῖ
3075 3464 3089 3514 ;
3107 3444 3178 3501 *Α
3189 3451 3236 3520 ρ’
3258 3445 3371 3518 οῦν,
3390 3454 3452 3507 οὐ
3469 3454 3706 3523 γέλωτος
3743 3458 3840 3530 ἤδη

2264 3532 2441 3596 ταυτὶ,
2476 3533 2572 3587 καὶ
2607 3534 2900 3606 φληνάφων
2933 3539 3151 3595 ἐννοιῶν
3170 3541 3451 3615 εὑρέματα
3478 3562 3493 3611 ;

2335 3627 2541 3682 HAAA.
2585 3629 2910 3685 Παντάπασι
2940 3632 3039 3704 μὲν
3061 3628 3172 3690 οὖν.
3740 3666 3747 3671 -

2333 3718 2500 3773 ΚΥΡ.
2541 3719 2711 3791 Φαίην
2740 3720 2786 3775 δ’
2818 3721 2885 3777 ἂν
2913 3723 2991 3788 ὡς
3019 3725 3216 3797 ἥδιστα
3237 3729 3351 3792 τοῖς
3391 3729 3665 3802 Ἐλλήνων
3692 3732 3847 3803 λογά-

2265 3826 2368 3875 σιν,
2403 3811 2454 3864 οῖ
2492 3811 2602 3866 τῶν
2629 3811 2885 3869 τοιούτων
2920 3816 3163 3889 αἰσχρῶν
3196 3820 3652 3892 ἐπιτηδευμάτων
3685 3827 3843 3898 εὐρε-

2261 3904 2352 3958 ταί
2377 3904 2657 3974 γεγόνασι,
2689 3907 2784 3962 καὶ
2821 3911 2934 3974 τοῖς
2977 3909 3157 3975 ἄλλοις
3192 3914 3487 3984 εἰσηγηταί
3509 3932 3523 3947 ο
3553 3917 3619 3970 Τί
3643 3918 3708 3990 δὴ
3731 3918 3838 3991 ἄρα

2261 3993 2514 4066 δρῶντες,
2541 3991 2587 4052 ὧ
2605 4001 2841 4066 γενναῖοι
2881 4000 2977 4055 καὶ
3013 4002 3188 4071 σοφοὶ,
3220 4002 3313 4058 τὸν
3350 4005 3450 4076 μὲν
3477 4008 3672 4063 Τιτυὸν
3700 4012 3841 4065 ἐκεῖ-

2261 4104 2370 4151 νον,
2396 4088 2456 4141 ὃν
2483 4089 2713 4159 ἐκφύναι
2736 4091 2923 4161 λέγετε
2944 4093 3069 4163 γῆς,
3092 4096 3171 4159 εἰς
3199 4095 3327 4168 ᾅδου
3353 4099 3636 4167 κολάζετε,
3667 4106 3841 4171 γῦπας

2262 4180 2411 4252 αὐτῷ
2444 4184 2822 4255 περιιστάντες
2879 4185 2988 4241 τῶν
3033 4189 3258 4258 ἠπάτων
3310 4190 3662 4264 δαιτυμόνας,
3694 4195 3840 4267 ὤραν

2258 4272 2340 4326 ὅτι
2368 4273 2592 4343 γυναίου
2628 4276 2993 4349 τεθαυμακὼς
3016 4281 3345 4354 ἡῤῥώστησε
3375 4284 3475 4356 τὴν
3507 4288 3836 4361 ἐπιθυμίαν;

2259 4365 2521 4438 Ταντάλῳ
2570 4367 2627 4421 δὲ
2672 4366 2818 4423 λίθον
2862 4371 3204 4444 ἐπηρτῆσθαι
3259 4392 3419 4444 φατε,
3453 4380 3549 4433 καὶ
3587 4380 3834 4455 γλώττης

2258 4456 2420 4511 αὑτὸν
2463 4457 2761 4512 ἀκολάστου
2814 4460 3240 4533 εἰσπράττεσθαι
3288 4465 3445 4530 δίκας
3488 4468 3838 4539 μυθολογεῖτε

568 4537 773 4604 dicitis,
817 4555 1054 4614 eumque
1087 4545 1510 4619 intemperantis
1544 4552 1746 4625 lingua:
1770 4570 1963 4626 paenas
1997 4557 2150 4625 dare,

2266 4552 2369 4614 τοῖς
2396 4547 2536 4615 νέοις
2560 4568 2575 4616 ;
2603 4550 2802 4607 κύκλου
2834 4552 2891 4607 δὲ
2929 4558 3169 4627 μακραῖς
3201 4558 3298 4611 καὶ
3330 4537 3662 4632 ἀεικινήτοις
3689 4537 3837 4636 περι-

566 4631 755 4699 pueris
778 4632 1028 4691 fabulose
1052 4639 1309 4696 traditis?
1338 4642 1495 4715 195
1523 4653 1653 4702 rota:
1684 4662 1904 4718 quoque
1931 4649 2153 4705 diutur-

565 4721 653 4776 nis
683 4739 748 4779 ac
770 4734 1040 4795 perpetuo
1056 4728 1409 4789 circumactis
1422 4738 1886 4794 conversionibus
1901 4739 2151 4797 Ixionem

565 4812 824 4884 alligatis,
853 4827 909 4871 et
935 4818 993 4871 in
1018 4834 1082 4873 ea
1106 4837 1298 4891 poenas
1324 4824 1476 4881 luere
1499 4826 1686 4884 dicitis
1722 4829 1955 4887 fallacia:
2002 4833 2154 4890 illius

565 4917 690 4973 quae
720 4908 919 4963 vestris
943 4909 1050 4965 diis
1074 4913 1303 4969 minime
1333 4916 1615 4987 displicuit
1641 4938 1654 4976 :
1689 4938 1789 4979 vos
1824 4924 1975 4994 ipsos
2014 4942 2150 4983 vero

565 5007 632 5048 ac
652 5001 882 5052 caeteros
904 5001 1157 5068 quamvis
1171 5004 1512 5073 gravissimis
1549 5012 1992 5087 turpissimisque
2029 5034 2148 5075 ma-

566 5086 638 5145 lis
661 5091 978 5159 teneamini,
1001 5092 1115 5165 igni
1137 5111 1201 5151 ac
1222 5098 1391 5153 ramis
1429 5100 1693 5172 liberatis,
1724 5116 1787 5162 ut
1814 5086 1919 5180 ipsi
1954 5110 2147 5182 opina-

2262 4645 2541 4716 στροφαῖς,
2577 4644 2671 4699 τὸν
2715 4645 2907 4712 Ἰξίονα
2948 4648 3372 4720 καταδήσαντες,
3399 4653 3590 4726 ποινὴν
3609 4656 3838 4730 ἀνατλῆ-

2260 4753 2346 4790 ναι
2377 4737 2470 4789 ἐπὶ
2528 4736 2667 4808 τῷδέ
2705 4754 2862 4806 φατε,
2888 4741 3003 4803 τοῖς
3035 4740 3092 4808 ἐξ
3122 4742 3339 4815 ἀπάτης
3377 4744 3535 4814 ὑμῶν
3588 4748 3688 4802 οὐκ
3724 4752 3834 4804 ἀπο

2260 4827 2496 4899 ᾁδουσαν
2542 4829 2703 4897 θεοῖς,
2741 4831 2882 4901 σφᾶς
2925 4831 2985 4886 δὲ
3012 4833 3209 4898 αὐτοὺς
3256 4836 3351 4890 καὶ
3400 4838 3627 4910 ἐτέρους
3665 4843 3839 4895 καίτοι

2260 4920 2455 4986 δεινοῖς
2492 4922 2588 4976 καὶ
2620 4923 3024 4989 ἐκτοπωτάτοις
3044 4926 3332 4992 ἐναλόντας
3354 4932 3568 4997 κακοῖς,
3588 4934 3724 5005 πυρὶ
3747 4936 3836 4986 καὶ

2259 5010 2470 5075 θαλλοῖς
2519 5012 2917 5079 ἀπαλλάττετε,
2946 5015 3196 5089 καθάπερ
3225 5019 3404 5074 οῖεσθέ
3436 5038 3560 5090 που,
3591 5023 3688 5078 καὶ
3728 5025 3836 5077 τῶν

2257 5101 2624 5174 ἐγκλημάτων
2655 5105 2943 5177 χαρίζεσθε
2977 5108 3076 5178 τὴν
3113 5110 3389 5182 ἀπόνιψιν,
3435 5115 3530 5168 καί
3572 5131 3658 5169 τοι
3697 5116 3835 5185 ἄγαν

567 5182 703 5238 mini
730 5200 745 5252 ;
769 5190 824 5240 et
838 5186 1229 5256 perditissimis
1252 5188 1573 5249 hominibus
1595 5197 1889 5256 criminum
1911 5201 2148 5259 ablutio-

2266 5194 2744 5265 κατεγνωσμένοις.
2775 5195 2955 5268 Τιτυῷ
2973 5197 3050 5266 δέ,
3077 5199 3199 5254 εἰπέ
3226 5218 3337 5271 μοι,
3368 5204 3463 5257 καὶ
3491 5207 3605 5268 τοῖς
3630 5182 3832 5278 ἀρτίως
3864 5268 3867 5271 ἰ

566 5285 692 5326 nem
720 5274 1061 5332 conceditis?
1084 5276 1244 5351 Tityo
1267 5294 1422 5346 vero,
1471 5298 1657 5351 qumso
1685 5293 1759 5353 te,
1800 5295 1857 5343 et
1902 5288 1971 5345 iis
2010 5307 2148 5362 quos

2266 5283 2678 5357 ὒνομασμένοις,
2704 5286 2765 5339 τὸ
2790 5289 2848 5342 ἐν
2876 5289 3052 5362 ἐνδείᾳ
3072 5292 3212 5363 τάχα
3232 5311 3333 5348 που
3358 5295 3612 5366 γενέσθαι
3639 5274 3827 5372 πυρὸς,

569 5362 735 5418 modo
763 5366 1064 5435 nominavi,
1092 5369 1234 5442 ignis
1257 5373 1489 5444 penuria
1505 5373 1736 5432 fortasse
1759 5378 1896 5435 adeo
1921 5382 2149 5438 acerbas

2266 5376 2496 5449 τκληράν
2548 5378 2644 5433 καὶ
2684 5380 3021 5452 ἀδιεξίτητον
3059 5384 3274 5440 ἐπίθετε
3313 5362 3505 5460 δίκην;
3551 5390 3665 5444 Καὶ

569 5467 761 5554 poenas
783 5455 1082 5529 imposuit?
1109 5462 1274 5535 Atqui
1306 5465 1399 5524 ille
1420 5476 1602 5524 vestra
1629 5470 1889 5541 opinione
1919 5472 2152 5531 furacis—

2266 5470 2369 5539 ἰγε
2409 5470 2532 5524 καθ’
2555 5472 2700 5543 ὑμᾶς
2722 5473 3116 5542 κλεπτίστατος
3155 5478 3251 5533 καὶ
3301 5455 3475 5553 «opt;
3518 5455 3825 5554 ἀνθρώποις

570 5543 762 5647 simus,
785 5551 1090 5647 qui-ignem
1113 5556 1181 5612 ad
1222 5558 1477 5616 homines
1505 5562 1722 5630 detulit,
1760 5564 2148 5622 Prometheum

2266 5563 2624 5636 ἰιακομιστὴς,
2662 5565 2753 5621 τὸν
2792 5568 3086 5639 Προμηθέα
3139 5569 3303 5640 λέγω,
3336 5543 3392 5625 εί
3415 5543 3500 5638 τίς
3547 5543 3655 5647 περ
3692 5543 3823 5637 δλωὲ

570 5631 716 5700 dico,
754 5635 798 5691 si
841 5638 982 5696 ullus
1020 5644 1247 5701 omnino
1287 5647 1453 5702 etiam
1503 5649 1594 5723 ille
1630 5650 1752 5718 fuit,
1792 5652 1935 5725 ignis
1987 5669 2146 5709 usum

539 5883 551 5898 ,
654 5811 695 5844 ﬂ
722 5810 825 5870 153-
864 5830 1043 5876 Ἆπις
1072 5816 1225 5873 8-10-
1307 5824 1346 5857 η
1374 5823 1534 5880 Deut.
1564 5842 1713 5894 xuu,
1745 5826 1826 5882 10.

2254 5655 2507 5719 κάκεῖνος
2529 5652 2621 5729 ἦν,
2653 5658 2751 5732 τὴν
2777 5661 2949 5732 πυρὸς
2982 5662 3230 5718 ἐπλούτει
3262 5664 3475 5737 χρῆσιν,
3506 5668 3601 5723 καὶ
3630 5666 3738 5740 πρό
3760 5681 3820 5736 γε
