4138 6300
414 370 524 428 445

1142 364 1230 420 DE
1266 362 1712 420 ADORATIONE
1749 364 1816 419 ΙΝ
1857 364 2125 422 SPIRITU
2167 365 2258 419 ET
2300 366 2664 421 VEN'I‘ATE.
2707 369 2837 423 LIB.
2882 370 2971 426 Vl.

3580 376 3616 431 4
3626 377 3692 431 46

411 491 524 546 τῶν
550 486 730 544 ἄλλων
751 501 766 517 ⁸
801 483 1102 559 ἀρρήκτοις
1145 483 1201 539 δὲ
1232 484 1327 538 καὶ
1358 483 1522 538 αὑτὸν
1545 481 1857 557 ὲνειλῆφθαι
1906 482 1983 537 δε-

2096 480 2337 551 adeptus
2375 488 2490 547 est;
2523 490 2581 537 et
2623 485 2850 554 quidem
2886 495 3016 543 ante
3053 488 3192 545 alios
3240 508 3254 544 :
3286 499 3469 549 tamen
3509 494 3691 566 ipsum

412 585 571 655 σμοῖς
591 582 643 635 οἱ
672 582 804 652 παρ’
835 580 963 652 ὑμῖν
991 578 1176 652 ᾅδουσι
1201 577 1380 650 μῦθοι·
1404 579 1499 633 καὶ
1528 578 1636 651 μὴν
1659 578 1752 632 καὶ
1766 574 1983 649 γαμψῶ⁴

2098 586 2319 642 quoque
2351 571 2588 629 vinculis
2641 575 2781 631 adeo
2822 577 2994 635 firmis
3027 586 3089 634 ut
3112 582 3294 653 rumpi
3320 600 3430 639 non
3456 588 3688 656 possint,

410 692 581 747 νυχας
602 675 900 745 ὲπιπτῆναι
928 674 1213 744 αἱγυπιοίις
1251 671 1491 742 λέγουσι,
1519 672 1771 743 καθάπερ
1801 671 1983 743 ἀμέλει

2097 662 2358 718 innexum
2405 679 2549 731 esse,
2581 676 2780 723 vestrae
2820 668 3021 727 fabulae
3058 684 3265 729 canunt
3293 693 3305 729 :
3333 678 3468 747 quin
3522 681 3690 737 etiam

410 768 508 822 καὶ
535 766 737 839 Τιτυῷ,
767 765 977 831 δεινοὺς
1012 764 1107 820 καὶ
1133 763 1360 837 ἀγρίους
1386 764 1513 831 τοὺς
1550 765 1836 827 κολαστάς.
1864 765 1994 819 Δότε

406 859 496 931 δὴ,
550 858 670 913 δότε
713 857 814 929 τὴν
862 856 952 911 διὰ
991 856 1163 928 πυρὸς
1199 857 1487 930 κάθαρσιν,
1533 857 1653 927 οὐχὶ
1697 854 1761 927 δὴ
1813 855 1995 926 μόνοις

408 952 663 1014 ἐκείνοις,
691 949 806 1004 ἀλλ’
839 949 891 1002 εἰ
921 948 1015 1004 καί
1047 968 1195 1015 τινες
1233 951 1388 1024 ὑμῶν
1426 951 1460 1025 ἢ
1506 948 1839 1020 θυγατράσιν
1870 946 1993 1000 ἑτέ-

414 1060 548 1116 ρων,
576 1041 610 1115 ἢ
653 1041 900 1111 γυναιξὶν
941 1041 1336 1112 ὲπιμαίνοιντο,
1370 1042 1607 1114 δρῶντες
1638 1040 1674 1096 ἃ
1701 1040 1778 1111 μὴ
1807 1038 1989 1111 θέμις,

410 1136 507 1192 καὶ
533 1130 674 1190 οὑτοι
707 1135 841 1207 πυρὶ
869 1133 968 1203 τῆς
998 1134 1177 1199 αἰτίας
1200 1135 1633 1207 ἀπηλλαγμένοι,
1672 1133 1990 1203 συνδιαφευ-

406 1229 615 1298 γόντων
646 1229 758 1292 τοῖς
785 1225 1093 1299 πταίσμασι
1114 1226 1214 1292 τὰς
1238 1227 1488 1298 γραφάς·
1516 1226 1633 1280 ἀλλ’
1665 1225 1751 1295 ἐφ’
1783 1225 1992 1296 ἑτέροις

410 1321 514 1394 μὲν
547 1322 706 1387 εὐθὺς
730 1321 1055 1392 δικαστήρια
1087 1320 1189 1374 καὶ.
1205 1319 1433 1392 γραφαὶ,
1470 1319 1565 1373 καὶ
1596 1320 1630 1390 ἡ
1672 1318 1780 1372 τῶν
1810 1317 1991 1388 νόμων

409 1414 699 1469 σαλεὺεται
729 1411 1121 1487 μισοπονηρία,
1154 1412 1383 1476 ἑαυτοὺς
1405 1411 1461 1465 δὲ
1497 1409 1596 1482 τὴν
1650 1409 1990 1482 πάναισχρον

406 1509 508 1565 καὶ
544 1508 753 1580 δυσώδη
776 1508 920 1582 ζωὴν
954 1508 1285 1580 ἀδιακρίτως
1310 1506 1749 1576 ἐπιτηδεύοντας,
1786 1507 1989 1573 παντὸς

401 1600 771 1655 ἀπαλλάττειν
802 1599 982 1655 οἴεσθε
1041 1599 1343 1673 μολυσμοῦ,
1374 1599 1602 1672 ψυχροῖς
1636 1600 1731 1655 καί¹
1796 1617 1988 1672 μειρα-

402 1692 656 1749 κιώδεσιν
683 1693 995 1765 ἀθύρμασιν
1015 1692 1441 1766 ἐξηπατημένοι,
1470 1694 1563 1748 καὶ
1592 1691 1874 1765 ὑπηρέτας
1906 1692 1987 1756 είς

399 1786 561 1841 τοῦτο
596 1786 967 1862 λαμϐάνοντες
991 1786 1116 1850 τοὺς
1146 1786 1228 1840 ὅτι
1267 1786 1503 1857 μάλιστα
1531 1784 1638 1839 τῶν
1670 1783 1849 1839 ἀλλων
1881 1801 1986 1855 μυ-

401 1879 757 1952 σαρωτάτους
777 1894 791 1909 ·
817 1879 867 1933 οἳ
912 1877 1010 1933 καὶ
1046 1876 1181 1950 ὁμοῦ
1223 1875 1301 1949 τῷ
1356 1877 1618 1949 σχήματι,
1665 1875 1758 1930 τὸν
1802 1876 1984 1948 ἀνδρο-
2020 1903 2062 1958 Β

399 1970 589 2043 πρεπῆ
620 1969 877 2040 μεθέντες
900 1969 1080 2039 λόγον,
1115 1967 1574 2032 καταϐιϐἀζονται
1612 1966 1748 2039 πρὸς
1770 1966 1839 2021 τά
1881 1984 1982 2037 γυ-

400 2061 606 2117 ναικῶν
633 2060 738 2133 ἢθη
765 2077 825 2114 τε
855 2061 949 2114 καὶ
971 2060 1205 2131 τρόπους
1236 2056 1554 2139 σώματάοτε
1590 2058 1686 2112 καὶ
1730 2056 1979 2130 γνώμας.

397 2149 537 2219 Εἶτα
568 2136 693 2207 τίνα
720 2153 922 2226 τρόπον
963 2154 991 2207 ὁ
1033 2151 1273 2216 τοιοῦτος
1316 2136 1607 2221 ἀφαγνιεῖς
1649 2150 1983 2222 διακείμενοι

398 2247 512 2318 γὰρ
536 2245 653 2310 ὡδὶ,
679 2244 882 2298 τοιόνδε
910 2261 961 2299 τι
990 2243 1238 2314 δράσετε,
1269 2244 1345 2308 ὡς
1399 2245 1447 2298 εί
1482 2243 1576 2298 καὶ
1616 2242 1676 2296 τὸ
1706 2243 1870 2313 τυχόν
1896 2260 1983 2306 τις

398 2337 579 2393 ἐδόκει
609 2335 1080 2409 καταμυρίζεσθαι
1120 2336 1241 2409 μὲν,
1277 2335 1523 2408 βορϐόρῳ
1549 2335 1606 2390 δέ
1633 2353 1711 2406 τῳ
1742 2335 1983 2407 ἀκοσμο-

396 2430 548 2501 τάτῳ
600 2429 1125 2500 κατακεχρισμένος,
1186 2423 1307 2482 εἷτα
1353 2424 1653 2498 κατορθοῦν
1691 2426 1853 2481 οἴοιτο
1887 2427 1981 2482 καὶ

400 2521 606 2593 σφόδρα
643 2517 824 2584 καλῶς
852 2517 914 2572 τό
940 2535 1004 2587 γε
1023 2519 1101 2582 εἰς
1119 2515 1243 2574 νοῦν
1277 2511 1412 2589 ἦκον
1436 2515 1605 2588 αὐτῷ.

472 2771 676 2826 ΠΑΛΛ.
719 2764 793 2825 Εῦ
836 2767 1045 2838 λέγεις’
1094 2768 1189 2821 καὶ
1253 2766 1633 2837 συναινέσαιμι
1674 2766 1742 2820 ἂν
1801 2766 1977 2839 ἀληθῆ

397 2866 607 2936 λέγοντι
634 2882 735 2919 σοι.

466 2959 631 3013 ΚΥΡ.
667 2957 777 3011 Καὶ
804 2955 1043 3026 παρίημι
1085 2953 1185 3026 μὲν
1217 2952 1316 3024 τὴν
1360 2951 1417 3006 ἓν
1441 2968 1504 3022 γε
1533 2950 1709 3023 τούτῳ
1742 2950 1974 3024 μωρίαν,

394 3053 491 3108 καὶ
530 3054 740 3123 σιγήσω
778 3050 915 3114 τέως
952 3049 1079 3113 τοὺς
1116 3048 1214 3119 τῆς
1254 3046 1576 3118 καθάρσεως
1642 3045 1974 3115 ὑπουργοὺς,

393 3145 483 3199 ἐπ’
517 3142 650 3197 αὐτὸ
700 3141 758 3195 δὲ
805 3135 918 3209 εῐμι
964 3138 1025 3191 τὸ
1056 3137 1244 3210 χρῆμα
1272 3135 1437 3189 πάλιν
1456 3151 1470 3166 ο
1498 3134 1595 3188 καὶ
1628 3133 1692 3205 δὴ
1720 3134 1814 3188 καὶ
1844 3131 1975 3204 ἐρῶ,

354 3237 469 3301 ’ὡς
500 3234 808 3291 ἀνούστατά
844 3250 903 3286 τε
940 3231 1037 3285 καὶ
1090 3228 1443 3302 ἀμαθέστατα
1479 3225 1630 3300 βιοῦν
1662 3226 1974 3298 ἑλομένους,
2003 3258 2047 3316 C

392 3323 856 3396 καταφωράσαιτό
888 3339 975 3386 τις
1024 3321 1090 3376 ἂν
1118 3323 1245 3385 τοὺς
1265 3319 1375 3374 τῶν
1404 3319 1700 3391 δαιμονίων
1734 3335 1979 3389 προσκυ-

390 3417 583 3490 νητὰς,
610 3415 707 3469 καὶ¹
743 3414 880 3487 μήτε
926 3410 1017 3466 τὸν
1042 3409 1137 3464 τοῦ
1159 3409 1537 3482 ὲκσμὴξασθαι
1576 3409 1832 3474 νοοῦντας
1856 3409 1982 3481 τρόο

392 3527 519 3575 πον,
570 3510 708 3582 μήτε
763 3506 869 3579 μὴν
916 3503 1317 3577 ὴκριϐωκότας,
1377 3503 1406 3557 ὃ
1433 3502 1648 3558 τίποτέ
1687 3502 1804 3556 ἐστι
1836 3500 1980 3556 κατά

390 3601 652 3674 ἀλήθειαν
684 3597 964 3671 μολυσμὸς
993 3597 1089 3651 καὶ
1138 3595 1473 3668 βεϐήλωσιςο
1506 3594 1743 3667 μοιχεῖαί
1777 3611 1838 3648 τε
1870 3593 1979 3665 γὰρ

391 3694 490 3748 καὶ
537 3695 605 3746 τὰ
642 3692 723 3745 ἑτι
769 3689 976 3745 τούτων
1012 3686 1330 3760 ἀγριώτερα
1372 3686 1545 3757 πάθη,
1593 3685 1976 3759 ἀῤῥενομιξίαι

392 3785 486 3839 καὶ
513 3785 685 3854 φόνοι,
708 3780 1035 3838 καταλαλιαὶ
1061 3780 1154 3833 καὶ
1186 3778 1394 3849 φθόνοι,
1438 3777 1857 3848 ψευδομαντεῖαι
1885 3779 1976 3832 καὶ

388 3877 550 3941 δόλοι,
575 3877 760 3947 ἀπάτη
785 3876 878 3929 καὶ
906 3872 1223 3945 ψευδορκία,
1259 3870 1475 3942 κηλίδες
1510 3871 1574 3925 ἂν
1608 3866 1715 3924 εἶεν
1753 3870 1848 3923 καὶ
1879 3886 1981 3938 μοη

388 3969 592 4041 λυσμοὶ
616 3968 794 4040 ψυχὴν
824 3966 1113 4036 καὶσῶμα
1164 3963 1644 4036 καταμιαίνουσαι,
1696 3961 1791 4017 καὶ
1849 3963 1977 4017 δυσ-

391 4063 692 4117 απόνιπτον
750 4061 970 4132 ἔχουσαι
999 4061 1098 4130 τὴν
1128 4056 1378 4129 ἐκϐολήν.
1450 4055 1612 4110 Ἀλλά
1676 4057 1836 4111 ταυτὶ
1876 4057 1976 4127 μὲν

390 4156 517 4212 οὔτε
554 4155 687 4224 πῦρ,
732 4153 844 4208 οὔτ’
875 4154 939 4208 ἂν
972 4152 1177 4207 ὑδάτων
1211 4152 1384 4224 πηγοι)⁸
1414 4151 1794 4223 διασμήξειαν.
1827 4151 1977 4222 Παρ-

391 4250 543 4313 έντες
593 4247 671 4313 δὲ,
709 4244 860 4319 οἶμαί
886 4263 1009 4307 που,
1043 4246 1136 4297 καὶ
1175 4245 1236 4297 τὸ
1278 4243 1477 4296 εἰδέναι
1534 4244 1713 4314 μόνον,
1740 4244 1820 4296 ὅτι
1847 4259 1972 4295 σπι·

390 4341 543 4397 λοῦσι
571 4340 770 4412 ψυχὴν,
818 4339 910 4392 καὶ
956 4336 1222 4400 δυσωδίας
1256 4335 1478 4406 ἕμπλεω
1515 4334 1840 4389 ἀποτελοῦσι
1880 4334 1972 4388 τὸν

393 4434 540 4498 νοῦν,
569 4432 780 4507 νεκρῶν
802 4430 1141 4499 ἀποφοιτῶσι
1174 4429 1467 4499 σωμάτων,
1495 4429 1588 4482 καὶ
1626 4428 1975 4499 καταμυσάτ-

390 4541 576 4579 τονται
611 4524 672 4577 τὸ
716 4520 1188 4591 κατεφθαρμένον,
1229 4519 1356 4580 τοὺς
1389 4518 1490 4589 τῆς
1531 4517 1742 4587 φύσεως
1768 4518 1971 4588 ἀτιμά-

2099 754 2261 810 uncis
2308 756 2588 826 unguibus
2635 758 2885 816 vultures
2942 764 3226 821 advolasse
3278 766 3504 836 dicunt,
3548 773 3689 830 sicut

2098 844 2258 917 Tityo
2290 860 2531 916 quoque,
2558 848 2817 904 videlicet
2842 859 3017 909 tetros
3052 862 3108 910 et
3146 855 3416 914 immanes
3454 862 3688 921 ultores.

2095 936 2229 992 Date
2255 938 2449 1008 igitur,
2472 939 2619 1006 date,
2646 949 2708 996 ut
2732 941 3086 1015 ignipurgari
3113 950 3328 1018 possint
3355 967 3465 1007 non
3492 954 3569 1009 illi
3596 972 3688 1012 εο-

2092 1027 2229 1095 lum,
2270 1027 2368 1086 sed
2395 1031 2439 1086 si
2469 1032 2565 1103 qui
2610 1042 2854 1090 vestrum
2887 1044 2982 1091 aut
3023 1036 3080 1092 in
3121 1038 3359 1096 aliorum
3400 1043 3688 1100 hominum

2092 1121 2232 1179 ﬁlias
2256 1131 2351 1178 aut
2374 1141 2575 1181 uxores
2600 1126 2956 1194 insanierint,
2982 1145 3156 1201 eaque
3205 1133 3532 1191 admiserint
3565 1153 3689 1208 qua:

2090 1210 2174 1267 fas
2201 1228 2312 1268 non
2336 1224 2451 1282 est;
2492 1216 2657 1272 liceat
2698 1218 2768 1273 iis
2817 1236 3037 1291 quoque
3078 1238 3179 1293 per
3214 1225 3394 1295 ignem
3444 1242 3475 1282 a
3526 1230 3688 1299 culpa

2089 1300 2364 1369 liberatis,
2405 1320 2516 1360 non
2540 1308 2720 1362 solum
2750 1325 2780 1364 a
2802 1312 3065 1380 turpibus
3088 1312 3267 1380 factis,
3293 1331 3486 1371 verum
3518 1310 3685 1373 etiam

2091 1408 2123 1448 a
2161 1393 2476 1453 forensibus
2513 1399 2743 1470 judiciis
2776 1417 3080 1474 emergere.
3139 1404 3412 1463 Caeterum
3465 1410 3521 1465 in
3562 1411 3687 1468 aliis

2089 1484 2239 1543 illico
2275 1488 2487 1559 judicia
2517 1500 2575 1547 et
2617 1495 3035 1563 accusationes,
3085 1504 3141 1553 et
3185 1499 3370 1570 legum
3417 1504 3685 1559 severitas

2087 1575 2290 1634 vindex
2336 1583 2597 1652 nequitia:
2649 1584 2874 1641 incitata
2927 1586 3106 1643 fertur
3152 1597 3208 1644 et
3238 1591 3528 1660 vibratur;
3585 1608 3684 1650 vos

2086 1669 2234 1738 ipsos
2267 1678 2473 1738 autem,
2499 1675 2751 1744 quamvis
2776 1678 3149 1748 turpissimam
3169 1696 3234 1736 ac
3258 1684 3497 1752 pessime
3522 1685 3680 1740 olen-

2086 1766 2197 1814 tem
2222 1761 2391 1817 vitam
2425 1767 2755 1834 sequamini,
2809 1775 2989 1824 tamen
3025 1770 3239 1843 frigidis
3276 1791 3342 1830 ac
3376 1776 3686 1847 puerilibus

2088 1851 2320 1910 ludicris
2341 1855 2582 1927 decepti,
2621 1873 2841 1915 omnem
2885 1862 3065 1918 labem
3099 1867 3308 1935 putatis
3338 1868 3679 1941 abstergere,

2089 1953 2145 2002 et
2163 1946 2520 2005 administros
2540 1950 2608 2006 ad
2626 1968 2744 2007 eam
2769 1970 2883 2009 rem
2902 1957 3139 2023 sumitis,
3167 1958 3423 2016 homines
3435 1963 3682 2017 omnium

2091 2039 2549 2109 scelestissimos;
2603 2044 2697 2113 qui
2742 2046 2906 2102 simul
2954 2063 3079 2103 cum
3126 2050 3317 2105 habitu
3368 2068 3681 2109 sermonem

2089 2145 2308 2201 quoque
2334 2132 2548 2189 virilem
2570 2135 2913 2207 abjicientes,
2939 2140 3007 2194 ad
3032 2141 3326 2197 mulierum
3353 2144 3585 2202 aﬂ‘eetus
3609 2164 3675 2204 ac

2089 2238 2291 2289 mores,
2325 2241 2555 2297 corpora
2610 2244 2914 2301 sensusque
2957 2233 3246 2305 dejiciunt.
3289 2235 3410 2303 Quo
3458 2241 3681 2297 tandem

2089 2314 2274 2380 modo,
2312 2316 2407 2385 qui
2439 2318 2710 2388 ejusmodi
2735 2328 2841 2385 est,
2885 2322 3099 2378 scelera
3122 2324 3404 2394 expiabit?
3429 2328 3509 2386 sic
3530 2332 3679 2386 enim

2088 2405 2292 2471 affecti,
2323 2407 2502 2463 simile
2526 2409 2787 2479 quiddam
2819 2411 3051 2478 facietis,
3078 2430 3142 2469 ac
3168 2415 3213 2469 si
3262 2417 3410 2485 quis,
3450 2434 3576 2474 cum
3621 2436 3680 2477 se

2089 2499 2223 2554 velit
2246 2503 2543 2571 unguentis
2568 2502 2924 2573 perfundere,
2952 2521 3110 2560 emno
3144 2505 3498 2564 fmtidissimo
3534 2511 3679 2567 obli-

2089 2599 2197 2654 tus,
2244 2591 2539 2660 perfecisse
2574 2608 2633 2647 se
2669 2600 2854 2663 putet,
2888 2604 2943 2649 et
2983 2594 3208 2664 quidem
3260 2599 3489 2668 optime,
3531 2601 3679 2671 quod

2088 2681 2371 2753 cogitarat.

2158 2773 2354 2828 PALL.
2382 2774 2550 2830 Recte
2584 2776 2701 2832 ais:
2728 2792 2855 2832 nam
2882 2778 2982 2833 tibi
3014 2780 3274 2850 equidem
3297 2798 3426 2839 vera
3467 2784 3675 2841 dicenti

2087 2866 2380 2920 assentior.
2761 2868 2773 2892 ³

2155 2955 2312 3011 CYR.
2343 2956 2498 3012 Mitto
2536 2957 2704 3029 igitur
2726 2958 2925 3013 horum
2957 2959 3012 3015 in
3047 2960 3153 3016 hac
3181 2978 3240 3017 re
3286 2963 3586 3033 insaniam,
3616 2982 3679 3024 ac

2088 3054 2243 3103 taceo
2289 3047 2510 3103 interim
2554 3049 2621 3104 de
2665 3050 2776 3105 illis
2804 3053 3147 3122 purgationis
3195 3054 3538 3114 administris
3566 3102 3580 3123 ,
3622 3068 3678 3115 et

2086 3137 2256 3194 redeo
2290 3154 2484 3195 rursus
2510 3140 2578 3194 ad
2603 3155 2717 3195 rem
2745 3143 3081 3212 propositam
3112 3161 3125 3197 :
3160 3153 3324 3216 atque
3349 3147 3484 3202 illud
3510 3149 3677 3206 etiam

2086 3228 2232 3296 dico,
2275 3230 2615 3302 deprehendi
2664 3233 2826 3289 facile
2883 3250 3045 3305 posse
3106 3235 3382 3293 idolorum
3438 3243 3678 3300 cultores

2079 3336 2295 3377 summa
2322 3337 2446 3377 eum
2470 3322 2686 3379 inscitia
2712 3306 2877 3396 atque
2903 3326 3137 3382 stultitia
3154 3328 3322 3383 vitam
3349 3330 3676 3400 instituisse,

2077 3424 2145 3470 ac
2157 3429 2335 3485 neque
2346 3414 2712 3471 eluendorum
2725 3416 3021 3471 criminum
3034 3418 3303 3474 rationem
3320 3420 3674 3490 intellexisse,

2082 3504 2245 3577 196
2274 3522 2453 3577 neque
2477 3507 2794 3578 explorasse
2820 3508 3084 3579 quidnam
3120 3510 3191 3564 sit
3213 3525 3420 3567 'revera
3446 3512 3598 3568 labes
3621 3524 3677 3569 et

2077 3595 2399 3666 impuritas:
2449 3597 2721 3653 adulteria
2767 3614 3026 3671 namque,
3052 3608 3108 3656 et
3151 3602 3284 3658 vitia
3323 3603 3411 3658 his
3454 3621 3676 3676 quoque

2077 3688 2436 3744 immaniora:
2472 3689 2847 3744 masculorum
2887 3692 3219 3748 concubitus
3256 3709 3320 3748 ac
3347 3695 3545 3760 aedes,
3576 3696 3677 3751 de-

2080 3781 2377 3836 tractiones
2411 3790 2468 3837 et
2492 3782 2734 3849 invidiae,
2762 3783 3049 3839 mendacia
3093 3800 3157 3839 ac
3185 3783 3295 3839 doli
3314 3826 3329 3849 ,
3360 3785 3587 3842 fallaciae
3612 3805 3677 3844 ac

2077 3872 2334 3941 pcrjuria,
2357 3874 2577 3929 macula:
2604 3884 2731 3931 sunt
2751 3883 2805 3930 ct
2827 3875 3263 3945 inquinamenta,
3285 3894 3408 3947 qua:
3436 3879 3673 3935 animam

2076 3970 2132 4017 et
2157 3979 2357 4035 corpus
2395 3964 2667 4032 inﬁciunt,
2708 3983 2772 4022 ac
2815 3967 3034 4024 difﬁcile
3081 3968 3231 4024 ablui
3281 3979 3446 4041 atque
3508 3971 3672 4042 abjici

2075 4064 2325 4124 possunt.
2346 4056 2453 4113 Sed
2478 4059 2594 4115 hac
2618 4075 2796 4131 neque
2816 4060 2980 4133 ignis,
2998 4079 3179 4133 neque
3204 4080 3470 4134 aquarum
3496 4064 3675 4121 fontes

2075 4146 2457 4204 absterserint.
2485 4151 2695 4222 Itaque,
2726 4169 2851 4209 cum
2900 4171 2970 4209 ne
3013 4156 3155 4211 scire
3192 4157 3417 4226 quidem
3454 4167 3670 4224 curent,

2075 4240 2192 4296 haec
2214 4244 2458 4298 animum
2500 4245 2819 4315 inquinare,
2855 4257 2909 4301 et
2954 4248 3125 4302 odore
3168 4248 3407 4318 pessimo
3454 4251 3672 4320 replere

2074 4341 2337 4399 mentem,
2364 4335 2644 4406 refugiunt
2675 4354 2705 4391 a
2734 4337 3118 4403 cadaveribus,
3164 4348 3219 4394 et
3260 4349 3521 4410 corrupta
3546 4358 3673 4396 cor-

2073 4441 2210 4496 pora
2234 4437 2611 4482 exsecrantur.
2643 4428 2701 4482 In
2729 4445 2837 4498 quo
2862 4437 3069 4484 natura:
3106 4431 3255 4501 leges
3282 4440 3672 4499 contemnunt;

2074 4518 2379 4587 quinetiam
2418 4521 2726 4585 esculenta,
2773 4537 2895 4591 qum
2936 4522 3233 4588 voluerint,
3278 4523 3582 4593 sapienter,
3611 4533 3672 4578 ut

392 4616 578 4682 ζοντες
601 4613 823 4686 νόμους.
860 4612 967 4667 Καὶ
1001 4609 1105 4683 μὴν
1135 4610 1228 4664 καὶ
1269 4610 1545 4681 ἐδωδίμων
1565 4603 1639 4664 ὧν
1673 4610 1738 4663 ἂν
1767 4609 1973 4664 ἕλοιντο

2082 4606 2182 4678 ipsi
2208 4616 2423 4678 putant,
2452 4609 2796 4679 improbant:
2827 4627 2890 4665 ac
2915 4611 2959 4665 si
2985 4610 3126 4666 forte
3177 4614 3475 4684 contigerit
3499 4623 3558 4669 ut
3582 4616 3668 4669 vel

392 4707 533 4762 κατὰ
560 4707 702 4776 σφᾶς
742 4703 939 4767 αὐτοὺς
970 4702 1205 4766 συνετῶς
1234 4702 1731 4773 καταγινώσκουσι,
1778 4703 1882 4757 κᾶν
1923 4704 1972 4757 εί

393 4799 635 4871 συμϐαίη
665 4799 848 4870 τυχὸν,
879 4799 974 4852 καὶ
1014 4797 1112 4867 οὐχ
1144 4798 1368 4861 ἑκόντας
1415 4796 1613 4867 θίγειν,
1649 4797 1810 4862 εὐθὺς
1836 4798 1972 4851 ἀνα·-

391 4891 735 4964 θρώσκοντες
762 4892 855 4945 ἐπὶ
878 4891 978 4961 τὴν
1005 4891 1094 4945 διὰ
1140 4892 1309 4963 πυρὸς
1357 4891 1390 4962 ἢ
1434 4889 1627 4955 ὕδατος
1665 4889 1838 4944 ἵενται
1872 4890 1972 4944 κά-

396 4987 610 5058 θαρσιν,
642 4986 716 5050 ὡς
738 4984 803 5039 ἂν
833 4986 882 5039 εί
920 4984 1077 5056 μόνον
1108 4985 1433 5056 ἀπόσχοιντο
1478 4983 1704 5047 τούτων,
1740 4982 1885 5052 ᾶγιοί
1914 5001 1973 5036 τε

395 5080 490 5134 καὶ
518 5077 832 5151 εἰλικρινεῖς
863 5078 1134 5149 ἐσόμενοι.
1174 5080 1476 5150 Ἥττηνται
1509 5076 1619 5146 γάρ
1641 5069 1742 5130 ὦδε
1768 5076 1866 5146 τῆς
1890 5075 1974 5128 δό-

391 5171 524 5243 ξης,
563 5172 657 5227 καὶ
685 5170 1012 5243 ἐξεστήκασι
1047 5169 1280 5244 φρενῶν,
1313 5171 1397 5240 ἐφ’
1424 5163 1506 5232 οἷς
1542 5168 1608 5223 ἂν
1640 5166 1854 5235 λέγοιτο
1879 5166 1975 5219 καὶ

392 5265 595 5337 σφόδρα
634 5265 885 5330 είκότως’
924 5282 941 5316 ι
970 5265 1106 5319 Οὑαὶ
1146 5265 1296 5336 ὑμῖν,
1340 5262 1544 5335 ὲξήνιοί
1583 5279 1643 5315 τε
1693 5261 1787 5314 καὶ
1830 5261 1976 5332 ἀμα-

392 5354 526 5423 θεῖς,
550 5355 876 5422 διυλίζοντες
904 5355 996 5408 τὸν
1027 5355 1288 5420 κώνωπα,
1322 5352 1418 5424 τὴν
1449 5351 1506 5405 δὲ
1537 5351 1782 5423 κάμηλον
1809 5368 1973 5404 κατα-

393 5450 658 5512 πίνοντες.
688 5468 707 5500 ι
745 5448 920 5517 Λόγου
974 5448 1084 5520 γὰρ
1144 5446 1422 5513 ἀξιοῦντες
1447 5446 1661 5509 οὐδενὸς
1694 5446 1755 5499 τό
1786 5462 1849 5515 γε
1894 5443 1971 5508 ὡς

392 5540 610 5612 ἀληθῶς
642 5540 1040 5611 καταμολὺνειν
1088 5540 1248 5605 εἰδὸς,
1293 5541 1740 5612 καταπεφρίκασι
1783 5556 1971 5611 περιτ-

391 5632 499 5697 τῶς
540 5618 611 5686 τὰ
641 5629 832 5696 ὲφόἶς
880 5632 945 5687 ἄν
998 5652 1082 5697 τις
1121 5633 1273 5688 οὐδὲν
1319 5632 1581 5705 ὑπομένει
1638 5632 1697 5687 τὸ
1752 5631 1967 5703 βλάϐος.

470 5812 513 5843 ³³
536 5812 702 5869 Mulli.
732 5814 967 5883 xxmﬂi.

2075 4706 2277 4769 prmter
2301 4700 2642 4756 voluntatem
2679 4702 2972 4772 attingant,
3017 4703 3164 4758 illico
3196 4704 3482 4771 resiliunt,
3510 4714 3687 4776 atque

2076 4795 2142 4851 ad
2170 4793 2311 4865 ignis
2329 4794 2416 4851 vel
2450 4809 2605 4864 aqua:
2627 4794 3010 4849 lustrationem
3051 4803 3384 4866 properant;
3416 4804 3673 4868 tanquam

2073 4887 2119 4943 si
2155 4887 2224 4943 ab
2248 4887 2317 4943 iis
2342 4887 2607 4942 duntaxat
2647 4878 3037 4955 abstinuerint,
3070 4888 3243 4946 sancti
3281 4890 3391 4945 sint
3433 4906 3497 4946 ac
3542 4893 3669 4962 puri

2076 4980 2280 5047 futuri;
2309 4980 2446 5035 adeo
2483 4980 2587 5035 hac
2630 4980 2888 5051 opinione
2913 4991 3042 5037 sunt
3075 4984 3346 5053 occupati,
3377 4992 3431 5038 et
3469 4986 3673 5040 mentis

2078 5075 2314 5146 impotes
2356 5075 2517 5130 facti:
2546 5076 2601 5131 in
2626 5091 2764 5146 quos
2787 5076 2895 5131 dici
2921 5083 3121 5148 potest,
3147 5084 3202 5131 et
3239 5076 3462 5145 quidem
3499 5077 3671 5146 aptis-

2075 5167 2247 5221 sime:
2273 5184 2290 5218 ι
2313 5167 2404 5222 Va:
2426 5158 2604 5235 vobis,
2632 5168 2885 5224 eﬂrenati
2910 5185 2973 5224 ac
2996 5169 3172 5232 stulti,
3196 5167 3510 5222 excolantes
3533 5169 3670 5222 culi~

2075 5275 2216 5325 cem,
2243 5266 2298 5315 et
2322 5259 2618 5332 glutientes
2641 5260 2915 5316 camelum
2939 5260 3002 5313 ¹³.
3038 5279 3055 5310 ι
3086 5258 3233 5313 Nihil
3258 5257 3404 5312 enim
3431 5258 3499 5313 de
3523 5274 3586 5313 ea
3610 5276 3668 5315 re

2072 5351 2325 5407 laborant
2347 5368 2469 5423 qua:
2494 5368 2622 5407 vere
2675 5352 2969 5421 inquinare
2994 5349 3313 5414 consuevit;
3341 5363 3405 5403 ea
3428 5348 3668 5405 inaniter

2076 5445 2326 5510 horrent,
2370 5460 2400 5499 a
2444 5444 2649 5515 quibus
2681 5443 2835 5498 nullo
2875 5441 3146 5512 quispiam
3187 5440 3421 5497 adicitur
3454 5442 3667 5497 incom-

2079 5538 2262 5594 modo.
2290 5537 2478 5607 Itaque
2497 5577 2510 5602 ,
2538 5536 2583 5591 si
2612 5536 2736 5606 quis
2759 5549 2951 5590 eorum
2991 5532 3057 5587 ad
3096 5540 3510 5588 monumentum
3535 5548 3662 5602 per-

2084 5632 2312 5696 rexerit,
2341 5638 2395 5685 et
2433 5636 2776 5684 mortuorum
2803 5626 3084 5683 hominum
3110 5626 3359 5697 sepulcra
3381 5623 3548 5679 fuerit
3574 5621 3664 5677 in-
