4138 6300
429 351 531 408 U7
1447 340 1500 398 S.
1537 339 1822 408 CYRILLI.
1846 339 2120 396 ΑιΕιιΑΝ
2128 337 2311 394 BBINI
2349 335 2684 401 ARCHIEP.,
3576 317 3682 379 “3

431 477 673 537 gressus,
712 459 901 532 abjicit
924 466 1154 524 vestem,
1180 457 1326 512 radit
1363 467 1556 528 caput,
1582 457 1762 527 ipsum
1785 472 2002 528 quoque
2031 464 2049 518 Α

2150 455 2269 508 Ξστε
2317 453 2410 507 καὶ
2445 451 2498 504 εἴ
2539 467 2625 514 τις
2669 447 2848 503 αὐτῶν
2897 446 2991 501 ἐπὶ
3049 429 3255 515 τύμϐον
3297 440 3389 507 ῐοι,
3425 437 3520 494 καὶ¹
3571 443 3684 537 τ-οῖς

431 531 641 612 crinem
666 561 923 621 tanquam
941 550 1216 620 impurum
1232 548 1554 604 detonderis.
1572 548 1617 603 A
1628 548 1826 618 quibus
1840 548 2008 603 rebus

2150 545 2220 599 ὦν
2255 542 2568 599 τεθνεώτων
2606 539 2866 612 ἐμϐάλλοι
2909 539 3170 610 σήμασιν,
3209 532 3425 605 ἱμάτιον
3471 531 3682 586 ἀποϐα-

431 658 553 698 esse
575 640 734 696 nobis
761 639 1152 704 recedendum,
1179 639 1591 708 cavendumque
1615 653 1685 694 ne
1708 653 1803 694 eos
1825 637 2010 693 imite-
2035 699 2040 704 ,

2150 637 2238 704 ὼν,
2277 635 2528 706 ψιλοῦται
2573 633 2670 703 τὴν
2722 630 2988 701 κεφαλὴν,
3023 627 3117 682 καὶ
3149 623 3320 697 αὐτὴν
3373 623 3684 695 ἀποκείρων

434 751 583 800 mur,
609 733 795 788 divina
831 734 921 788 lex
954 733 1143 789 docuit
1172 751 1185 788 :
1220 733 1359 788 dixit
1382 733 1530 788 enim
1559 733 1794 788 iterum:
1843 751 1862 784 ι
1888 733 2012 788 Non

2150 751 2188 798 »ς
2219 729 2636 804 μεμολυσμένην
2681 726 2780 798 τὴν
2808 725 2990 796 τρίχα,
3015 716 3091 778 ὧν
3115 723 3200 776 ὅτι
3231 718 3512 793 προσῆκεν
3547 718 3686 772 ἀπο-

433 824 760 890 lustrabitis,
799 839 911 879 non
957 823 1252 894 imponetis
1275 824 1553 878 calvitium
1589 839 1756 894 super
1786 832 2006 879 mortuo

437 915 582 970 inter
603 913 798 968 oculos
815 913 1101 968 vestros”.
1124 932 1142 964 ι
1170 912 1469 968 Gentilium
1491 913 1639 968 enim
1662 913 1866 984 egregii
1883 913 2016 968 scri-

439 1015 630 1078 ptores
651 1005 962 1076 Apollinem
999 1003 1210 1076 tingunt
1245 1005 1406 1060 deum
1427 1045 1444 1070 ,
1469 1020 1633 1075 quem
1658 1005 1823 1061 etiam
1855 1005 2018 1061 Phoe-

439 1097 570 1154 bum
595 1097 889 1168 appellant,
918 1097 973 1153 id
994 1105 1078 1152 est
1100 1137 1114 1160 ,
1140 1112 1337 1166 purum
1373 1103 1429 1151 et
1469 1095 1836 1166 impollutum,
1860 1110 2017 1150 eum-

440 1191 679 1261 demque
713 1205 834 1246 esse
873 1205 1036 1260 quem
1081 1190 1252 1244 solem
1294 1189 1504 1244 dicunt.
1531 1187 1810 1252 Φοιϐἀζειν
1856 1187 2022 1258 igitur

442 1283 731 1348 dicebant,
763 1299 826 1338 ac
863 1282 1151 1352 φοιϐᾶσθαι
1185 1297 1378 1337 rursus
1421 1297 1490 1336 ex
1531 1281 1718 1337 Graeca
1760 1280 2022 1351 loquendi

442 1372 864 1436 consuetudine,
894 1370 1042 1440 quod
1081 1386 1312 1442 purgare
1355 1378 1440 1425 est
1465 1380 1633 1440 atquc
1675 1371 1936 1440 purgari,
1963 1379 2026 1425 ut

445 1461 550 1533 ipsi
574 1467 789 1531 putant,
807 1468 862 1516 et
883 1468 944 1514 ut
965 1471 1050 1516 est
1071 1459 1126 1514 in
1149 1459 1390 1529 ipsorum
1411 1460 1644 1530 legibus.
1661 1459 1744 1516 Ab
1767 1461 1836 1515 iis
1859 1460 2026 1532 igitur

447 1553 585 1608 adeo
610 1551 864 1622 turpibus
885 1557 1050 1622 atque
1071 1549 1412 1606 deformibus
1431 1550 1907 1606 observationibus
1927 1565 2030 1606 nos

449 1640 700 1697 divinum
743 1655 1078 1710 responsum
1123 1649 1376 1707 coercet;
1403 1657 1584 1712 neque
1611 1641 1758 1696 enim
1794 1646 2032 1718 mortem

449 1745 748 1801 corporum
787 1745 910 1784 esse
933 1729 1101 1785 animi
1127 1729 1486 1800 pollutionem
1528 1738 1722 1800 putare
1751 1731 2028 1796 convenit,

449 1829 547 1878 aut
568 1821 885 1876 existimare
908 1820 1192 1875 cadaveris
1227 1827 1523 1890 conspectu
1549 1819 1792 1876 maculas
1824 1819 1880 1874 in
1902 1834 2030 1875 cor-
2063 1807 2104 1861 Β

451 1913 616 1970 dibus
639 1913 1021 1984 aspicientium
1036 1911 1274 1980 imprimi
1290 1928 1306 1978 ;
1322 1927 1499 1981 neque
1514 1919 1807 1982 propterea
1822 1913 2030 1967 crimen

454 2003 714 2068 tondere;
743 2001 798 2059 id
843 2002 988 2056 enim
1033 2001 1394 2055 vanissimum
1419 2007 1523 2065 est,
1560 2015 1619 2060 et.
1651 2000 2032 2071 abjectissimae

452 2093 732 2164 opinionis
754 2093 998 2164 plenum.
1030 2093 1185 2164 197
1214 2091 1478 2147 Praeclare
1505 2092 1670 2162 igitur
1707 2092 1832 2148 lex:
1866 2111 1884 2144 ι
1913 2092 2035 2147 Νοιι

455 2183 782 2248 lustrabitis,
814 2203 832 2236 ι
867 2183 1076 2254 inquit;
1100 2198 1285 2253 neque
1319 2183 1466 2237 enim
1488 2183 1758 2256 ejusmodi
1783 2184 2036 2255 purgatio

455 2274 892 2345 animumjuvat,
935 2274 1030 2329 sed
1075 2273 1224 2329 laedit
1249 2274 1468 2344 potius;
1495 2289 1622 2330 nam
1655 2283 1712 2330 et
1735 2275 2038 2332 utilissimae

458 2368 559 2423 viae
583 2367 950 2438 cognitionem
986 2367 1186 2434 aufert,
1214 2376 1270 2423 et
1306 2367 1376 2422 ab
1400 2368 1654 2424 utilitatis
1687 2367 2038 2440 indagatione

458 2474 560 2514 nos
583 2459 826 2515 abducit.
862 2460 1116 2516 lncamus
1151 2459 1301 2515 enim
1341 2459 1486 2515 hanc
1525 2461 1794 2516 rationem
1826 2480 1838 2515 :
1868 2461 2042 2533 Leges

459 2559 589 2606 sunt
611 2552 757 2624 apud
792 2567 895 2608 nos
918 2568 1112 2608 eorum
1153 2551 1249 2622 qui
1273 2567 1438 2622 super
1475 2560 1680 2608 terram
1710 2553 1918 2608 habent
1941 2555 2043 2608 im-

463 2643 710 2713 perium,
751 2659 876 2713 quae
913 2643 1171 2698 omnibus
1197 2641 1402 2712 ubique
1436 2641 1788 2708 hominibus,
1821 2658 1944 2712 qua:
1963 2641 2046 2697 fa-

462 2733 659 2788 cienda
708 2734 820 2788 sint
853 2733 1102 2804 jubeant,
1131 2733 1569 2804 prohibeantque
1611 2735 1919 2790 contraria:
1947 2734 2045 2790 sed

465 2837 656 2894 poenas
689 2822 933 2894 effugere
965 2837 1156 2878 earum
1179 2824 1475 2880 violatione
1511 2825 1860 2880 commeritas
1883 2840 2046 2880 nemo

466 2913 692 2987 poterit,
711 2913 817 2967 nisi
839 2913 1186 2984 imperatoris
1207 2915 1260 2969 ei
1281 2914 1620 2986 benignitate
1643 2915 2044 2972 condonentur.

471 3003 676 3060 Eadem
699 3020 918 3076 quoque
935 3005 1168 3072 ratione,
1185 3007 1280 3078 qui
1305 3007 1520 3062 divinas
1540 3007 1690 3078 leges
1705 3014 2050 3078 contempse-

472 3095 564 3160 rit,
595 3094 712 3150 ﬁeri
739 3112 912 3167 purus
937 3111 1044 3152 non
1068 3106 1271 3168 potest,
1287 3097 1394 3154 nisi
1419 3097 1474 3153 id
1491 3097 1665 3152 divini
1687 3096 1932 3152 numinis
1953 3096 2052 3153 be—

472 3187 672 3243 neficio
696 3163 942 3244 lucratus
967 3163 1152 3244 fuerit.
1182 3163 1419 3245 Sienim
1449 3189 1591 3260 ignis
1615 3194 1710 3244 aut
1731 3203 1887 3259 aquae
1908 3187 2056 3258 leges
2081 3163 2124 3222 (ἶ

472 3278 822 3344 violavimus,
847 3287 903 3334 et
939 3279 1153 3349 peccati
1194 3278 1336 3334 ratio
1364 3279 1432 3334 ad
1469 3279 1562 3336 illa
1603 3286 1846 3349 spectat,
1873 3278 2060 3333 abluat

473 3386 618 3442 aqua
641 3373 880 3440 culpam,
907 3379 1178 3441 excoquat
1213 3371 1406 3427 sordes
1431 3371 1602 3441 ignis;
1627 3371 1940 3426 condonent
1960 3385 2060 3444 pro

475 3478 577 3518 suo
593 3463 738 3532 jure,
767 3461 970 3530 quibus
986 3462 1282 3528 voluerint,
1300 3463 1562 3530 crimina;
1585 3463 1670 3518 sin
1692 3471 1876 3518 autem
1894 3477 2062 3518 verax

476 3561 561 3608 est
587 3553 677 3607 ille
703 3554 796 3623 qui
821 3552 956 3607 dicit
978 3554 1210 3610 Domino
1240 3572 1256 3608 :
1284 3573 1302 3607 ι
1329 3554 1454 3611 Tibi
1479 3555 1579 3611 soli
1600 3555 1844 3626 peccavi,
1866 3563 1922 3610 et
1941 3569 2061 3610 ma-

481 3645 596 3699 lum
623 3659 806 3699 coram
835 3653 888 3700 te
916 3644 1021 3700 feci
1045 3646 1086 3679 ¹⁸
1117 3664 1130 3700 :
1161 3665 1180 3698 ι
1213 3643 1378 3720 (unus
1402 3647 1552 3703 enim
1589 3655 1672 3703 est
1693 3647 1970 3720 legislator
1997 3662 2063 3702 ac

478 3736 668 3810 iudex)
711 3753 874 3808 quam
901 3737 973 3792 ob
1011 3753 1232 3794 causam
1253 3779 1268 3805 ,
1304 3753 1371 3795 eo
1397 3739 1671 3804 demisso,
1706 3754 1876 3809 penes
1899 3753 2062 3809 quem

481 3839 536 3885 et
560 3829 826 3900 puniendi
871 3838 975 3894 est,
1000 3839 1056 3886 et
1097 3831 1446 3886 condonandi
1489 3840 1766 3902 potestas,
1806 3831 1874 3886 ad
1899 3831 2065 3886 anilia

483 3917 794 3996 cbmmenta
824 3920 1175 3987 delabuntur,
1199 3921 1312 3992 igni
1346 3929 1402 3976 et
1423 3937 1578 3993 aqua:
1617 3923 1920 3978 tribuentes
1943 3939 2066 3978 eam

487 4013 824 4079 facultatem,
849 4020 912 4067 ut
937 4027 1097 4083 posse
1120 4013 1435 4068 existiment
1458 4014 1604 4084 ipsos
1627 4029 1660 4070 a
1682 4015 1858 4085 culpis
1883 4015 2066 4070 absol-

503 4118 649 4158 vere.
688 4102 872 4174 Apage
909 4102 979 4157 ab
1003 4103 1106 4158 hac
1130 4103 1459 4169 temeritate,
1483 4103 1743 4170 obsecro;
1775 4103 1975 4160 accede
1999 4103 2069 4160 ad

488 4210 614 4254 eum
639 4193 730 4265 qui
756 4194 905 4249 solus
929 4201 1012 4250 est
1035 4201 1230 4249 natura
1256 4195 1422 4263 Deus,
1449 4206 1506 4252 et
1527 4210 1654 4250 eum
1682 4195 1829 4250 illico
1879 4195 2069 4250 dicen-

493 4295 603 4343 tem
627 4286 816 4343 audies
842 4305 886 4340 τι
910 4287 1024 4360 Ego
1050 4302 1172 4342 sum
1195 4287 1289 4358 qui
1318 4288 1474 4342 deleo
1496 4297 1717 4358 peccata
1735 4295 1824 4343 tua
1847 4295 2072 4358 propter

495 4395 604 4444 me,
637 4391 692 4437 et
741 4396 852 4435 non
879 4395 1092 4435 memor
1111 4381 1292 4436 ero“.
1325 4400 1344 4433 ι
1377 4380 1502 4436 Haec
1523 4387 1608 4436 est
1639 4397 1768 4436 vera
1793 4382 2068 4453 purgatio,

2115 823 2306 893 φοιτᾷν
2336 821 2432 874 καὶ
2470 815 2860 892 παραιτεῖσθαι
2887 814 2987 884 τὴν
3033 810 3285 882 μίμησιν,
3317 809 3345 862 ό
3377 807 3518 870 θεῖος
3543 807 3689 876 ἡμᾶς

2115 916 2401 970 ἐπαίδευσε
2431 913 2616 984 νόμος.
2654 911 2800 978 Ἔφη
2851 907 2960 978 γὰρ
2987 905 3176 960 πάλιν·
3217 922 3236 954 ι
3264 901 3344 956 Οὐ
3380 899 3692 971 φοιϐήσετε,

2117 1010 2217 1064 ούκ
2251 1007 2538 1079 ἐπιϐήσετε
2589 1002 2936 1074 φαλάκρωμα
2967 999 3060 1052 ἐπὶ
3107 993 3312 1067 νεκρῷ,
3380 991 3484 1048 ἀνὰ
3530 991 3694 1062 μέσον

2119 1097 2412 1170 ὀφθαλμῶν
2438 1095 2613 1168 ὑμῶν.
2645 1115 2665 1148 ι
2708 1092 2976 1162 Ἐλλήνων
2999 1089 3108 1160 γὰρ
3137 1089 3188 1142 οἱ
3217 1085 3461 1156 λογάδες,
3503 1081 3695 1136 ’Λπόλ-

2121 1192 2265 1245 λωνα
2313 1186 2668 1261 μυθολογοῦσι
2713 1185 2855 1249 θεὸν,
2893 1182 2954 1236 ὃν
2986 1181 3080 1235 καὶ
3122 1178 3310 1233 Φοῖϐον
3348 1173 3693 1261 ὀνομάζουσι,

2121 1260 2392 1348 τουτέστι,
2423 1279 2664 1351 καθαρὸν
2692 1277 2788 1332 καὶ
2819 1275 3106 1346 ἀμίαντον.
3134 1271 3240 1325 Τὸν
3275 1269 3436 1323 αὐτὸν
3464 1266 3523 1320 δὲ
3561 1260 3696 1318 εἶναι

2123 1375 2204 1446 τῷ
2239 1373 2378 1446 ἡλίῳ
2423 1371 2576 1444 φασί.
2618 1369 2900 1433 Φοιϐάζειν
2931 1360 3024 1421 οὖν
3057 1365 3316 1435 ἔφασκον,
3352 1361 3446 1415 καὶ
3509 1358 3698 1430 φοιϐᾶο

2129 1467 2251 1522 σθαι
2284 1465 2466 1532 πάλιν,
2503 1462 2646 1518 κατά
2682 1459 2970 1532 συνήθειαν
3007 1457 3106 1530 τὴν
3141 1453 3484 1526 Ἑλληνικὴν,
3507 1449 3568 1503 τὸ
3599 1465 3700 1504 κα-

2129 1558 2338 1630 θαίρειν
2381 1573 2442 1609 τε
2489 1554 2585 1610 καὶ
2630 1549 3012 1623 καθαίρεσθαι,
3037 1545 3183 1601 κατά
3220 1563 3284 1616 γε
3313 1544 3374 1598 τδ
3401 1543 3586 1605 αὐτοῖς

2130 1629 2283 1712 κοῦν,
2317 1645 2412 1700 καὶ
2447 1644 2573 1708 τοὺς
2602 1642 2751 1716 παρά
2785 1639 2968 1710 σφίσιν
2999 1638 3184 1697 αὐτοῖς
3213 1634 3436 1705 νόμους.
3485 1629 3704 1701 Ἀπείρο

2131 1754 2220 1807 γει
2246 1735 2310 1808 δὴ
2346 1729 2439 1789 οὖν
2465 1735 2614 1805 ἡμᾶς
2661 1731 2723 1784 τὸ
2756 1729 2898 1784 θεῖον
2951 1724 3334 1800 χρησμῲδημα
3383 1720 3492 1776 τῶν
3533 1721 3707 1782 οὕτως

2137 1825 2377 1898 αἰσχρῶν
2415 1825 2512 1878 καὶ
2535 1821 2954 1878 ἀκαλλεστάτων
2985 1815 3450 1890 ἐπιτηδευμάτων.
3480 1812 3556 1867 Οὐ
3582 1811 3708 1882 γάρ·

2136 1939 2220 1976 τοι
2255 1919 2524 1990 προσήκει
2561 1914 2836 1988 μολυσμὸν
2882 1911 3134 1984 ἡγεῖσθαι
3187 1907 3390 1979 ψυχῆς,
3452 1904 3545 1959 τὸν
3601 1901 3710 1956 τῶν

2141 2011 2410 2084 σωμάτων
2456 2008 2716 2074 θάνατον,
2771 2005 2897 2058 οὕτε
2975 2003 3081 2076 μὴν
3135 2001 3346 2056 οτεσθαι
3421 1999 3544 2062 ταῖς
3604 1993 3711 2049 τῶν

2141 2100 2391 2174 ὁρώντων
2427 2099 2680 2172 καρδίαις
2716 2092 3190 2166 ὲναπομάττεσθαι
3233 2089 3424 2164 ῥύπον,
3457 2087 3559 2160 τὴν
3615 2085 3714 2138 ἐπὶ

2143 2192 2324 2265 νεκρῷ
2373 2191 2523 2258 θέαν,
2566 2189 2676 2244 οὐδ’
2721 2183 2786 2243 αὖ
2829 2189 2924 2240 ἐπὶ
2951 2185 3089 2256 τῷδε
3133 2182 3398 2255 προσήκει
3432 2179 3529 2250 τὴν
3557 2175 3716 2250 τρίχα

2143 2282 2351 2356 ψιλοῦν.
2376 2281 2589 2354 Κομιδῆ
2622 2278 2732 2351 γὰρ
2753 2277 2918 2332 ἕωλον
2946 2276 3041 2330 καὶ
3069 2274 3170 2345 τῆς
3201 2269 3541 2344 χαμαιζήλου
3562 2268 3716 2337 δόξης

2146 2379 2206 2434 τὸ
2235 2377 2426 2448 χρῆμα
2462 2373 2676 2446 μεστόν.
2703 2367 2778 2424 Εὖ
2801 2387 2865 2439 γε
2887 2368 2952 2440 δὴ
2967 2363 3060 2422 οὖν
3089 2367 3118 2420 ό
3147 2365 3311 2436 νόμος
3339 2363 3419 2429 τὸ,
3461 2381 3481 2414 ι
3505 2361 3579 2415 Ού
3605 2373 3720 2430 φοι-

2148 2471 2403 2542 ϐήσετε,›
2443 2465 2626 2538 φησίνο
2657 2463 2718 2518 ού
2767 2462 2876 2534 γὰρ
2926 2459 3163 2533 ήτοιάδε
3219 2456 3488 2528 κάθαρσις
3536 2453 3720 2522 ὀνήσει

2147 2559 2347 2632 ψυχὴν,
2383 2559 2560 2612 ἀδικεῖ
2591 2556 2649 2610 δὲ
2689 2555 2908 2626 μᾶλλον,
2935 2551 3031 2607 καὶ
3067 2551 3166 2624 τὴν
3193 2549 3394 2620 γνῶσιν
3420 2561 3721 2618 παραιρου-

2155 2653 2292 2726 μένη
2312 2651 2412 2722 τῆς
2447 2646 2902 2718 ὲπωφελεστάτης
2940 2643 3082 2707 ὁδοῦ,
3117 2641 3329 2712 καὶτῆς
3370 2638 3467 2694 τοῦ
3515 2636 3723 2708 συμφὲ-

2155 2759 2338 2815 ροντος
2380 2739 2789 2812 ἀποκομίζουσα
2847 2737 3039 2808 θήρας.
3081 2729 3421 2804 Σκεψώμεθα
3458 2729 3570 2800 γάρ
3604 2727 3722 2782 ὡδί·

2152 2833 2324 2906 Νόμοι
2353 2833 2484 2904 παρ’
2515 2833 2650 2902 ἡμῖν
2678 2829 2788 2884 τῶν
2837 2827 2931 2882 ἐπὶ
2977 2827 3082 2896 γῆς
3129 2822 3474 2896 κρατούντων
3501 2819 3630 2884 εἰσὶ,
3659 2821 3726 2875 τὰ

2156 2922 2408 2998 πρακτέα
2451 2923 2542 2976 καὶ
2598 2920 2696 2993 μὴ,
2733 2922 2846 2983 τοῖς
2893 2913 3206 2989 ἁπανταχοῦ
3253 2913 3611 2986 βραϐεύοντες
3666 2927 3725 2964 τι

2157 3013 2252 3068 καὶ
2283 3013 2703 3082 ἀποφάσκοντες
2731 3025 2744 3039 °
2779 3008 2896 3063 ἀλλ’
2925 3008 3026 3063 ούκ
3063 3007 3130 3062 ἄν
3171 3023 3256 3070 τις
3288 3003 3507 3058 δύναιτο
3542 3002 3728 3070 διαφυ-

2157 3107 2274 3176 γεῖν
2311 3103 2410 3168 τὰς
2452 3103 2546 3157 ἐπὶ
2593 3104 2716 3166 ταῖς
2770 3098 3116 3171 παραϐάσεσι
3166 3097 3341 3159 δίκας,
3377 3094 3451 3166 μὴ
3501 3093 3622 3164 οὐχὶ
3671 3091 3731 3144 τὸ

2157 3195 2403 3252 ἀνεῖσθαι
2445 3195 2552 3249 δεῖν
2595 3193 2696 3264 τῆς
2772 3189 3036 3264 βασιλέως
3089 3187 3429 3261 ἡμερότητος
3486 3183 3732 3256 ἐφιείσης

2157 3285 2327 3358 αὐτῷ.
2356 3285 2510 3340 Κατά
2541 3284 2632 3339 τὸν
2656 3281 2774 3337 ἴσον
2809 3281 2940 3352 γοῦν
2983 3279 3204 3352 τρόπον,
3225 3279 3256 3332 ό
3279 3277 3388 3332 τῶν
3423 3275 3584 3330 θείων
3615 3273 3730 3328 ἀλοο

2157 3383 2334 3452 γήσας
2362 3378 2565 3450 νόμων,
2593 3375 2696 3429 οὐκ
2724 3375 2790 3428 ἂν
2812 3373 3024 3442 γένοιτο
3053 3369 3315 3441 καθαρὸς,
3353 3365 3426 3440 μὴ
3449 3367 3572 3438 οὐχὶ
3607 3365 3734 3436 θείῳ

2159 3472 2390 3544 νεύματι
2415 3470 2475 3524 τδ
2503 3469 2694 3541 χρῆμα
2748 3463 3160 3535 πεπλουτηκώς.
3194 3463 3260 3516 Εἰ
3291 3463 3390 3534 μὲν
3426 3459 3537 3531 γὰρ
3567 3457 3732 3532 πυρὸς

2161 3565 2194 3636 ἢ
2226 3563 2416 3626 ὕδατος
2444 3559 2914 3634 παραϐεϐήκαμεν
2957 3557 3176 3629 νόμους,
3211 3555 3308 3610 καὶ
3349 3556 3378 3608 ό
3407 3553 3509 3623 τῆς
3557 3552 3736 3624 ἀμαρ-

2161 3659 2280 3722 τίας
2318 3655 2478 3724 λόγος
2519 3657 2600 3718 είς
2647 3655 2831 3707 ἐκεῖνα
2879 3649 3088 3722 βλέπει,
3117 3645 3462 3702 ἀπονιπτέτω
3492 3643 3555 3698 τὸ
3595 3643 3737 3714 ὕδωρ

2161 3749 2259 3820 τὴν
2299 3747 2540 3819 γραφὴν,
2585 3741 2943 3815 κατατηκέτω
2986 3741 3080 3795 τὸν
3137 3737 3310 3812 ῥύπον
3355 3735 3420 3790 τὸ
3461 3734 3596 3806 πῦρ,
3641 3733 3740 3789 καὶ

2163 3839 2423 3895 ἀνιέντων
2451 3839 2536 3892 ἐπ’
2561 3835 2830 3906 ἐξουσίας,
2861 3828 2942 3898 οἷς
2971 3833 3036 3890 διν
3064 3831 3272 3886 ἕλοιντο
3296 3829 3366 3884 τὰ
3393 3827 3736 3898 ὲγκλήματα’

2165 3933 2214 3985 εί
2259 3931 2316 3984 δὲ
2364 3930 2571 4002 ἀληθὴς
2608 3931 2637 3983 ό
2679 3927 2858 3997 λέγων
2904 3925 3041 3997 πρὸς
3081 3922 3176 3976 τὸν
3227 3922 3394 3976 Θεόν·
3430 3918 3563 3973 «Σοὶ
3595 3917 3740 3990 μόνῳ

2165 4023 2430 4094 ἥμαρτον,
2472 4021 2566 4073 καὶ
2611 4019 2672 4073 τι
2721 4016 2954 4089 πονηρὸν
3025 4013 3255 4070 ἐνώπιόν
3299 4029 3396 4067 σου
3436 4010 3685 4080 ἐποίησα,
3713 4025 3734 4060 ι

2168 4108 2249 4178 εἷς
2281 4113 2400 4185 γὰρ.
2421 4113 2450 4166 ό
2473 4110 2768 4183 νομοθέτης
2806 4109 2898 4162 καὶ
2928 4107 3142 4179 κριτὴς,
3183 4105 3300 4160 ἀνθ’
3333 4104 3457 4158 ὅτου
3489 4100 3743 4174 μεθέντες

2167 4207 2260 4260 τδν
2295 4204 2390 4259 τοῦ
2423 4204 2654 4258 κολάσαι
2688 4219 2749 4255 τε
2791 4201 2886 4255 καὶ
2923 4201 3131 4254 ἀνεῖναι
3175 4196 3390 4270 κύριον,
3431 4195 3512 4258 είς
3573 4208 3740 4264 γραο-

2171 4297 2404 4368 πρεπεῖς
2456 4293 2666 4357 ἐννοίας
2713 4290 3213 4355 κατολισθαίνουσι,
3262 4287 3398 4359 πυρὶ
3444 4283 3541 4340 καὶ
3591 4282 3743 4337 ὕδατι

2171 4390 2426 4460 νέμοντες
2455 4387 2518 4440 τὸ
2557 4383 2922 4440 ἀπαλλάττειν
2965 4381 3224 4436 δύνασθαι
3258 4380 3368 4434 τῶν
3405 4375 3743 4448 αίτιαμάτων

494 4467 586 4524 hic
607 4468 910 4538 spiritualis
933 4469 1224 4540 Splendor:
1251 4485 1377 4524 nam
1417 4469 1589 4525 abluti
1615 4487 1806 4527 sumus
1821 4513 1836 4537 ,
1860 4479 2049 4542 peccat

2175 4479 2404 4544 αὐτούς.
2435 4479 2654 4548 Ἀπαγε
2696 4478 2798 4548 τῆς
2841 4475 3180 4542 δυσϐουλίας,
3210 4464 3744 4564 ἀνθρωπε,-πρόσιθι

494 4559 875 4615 remissionem
919 4561 1025 4616 ﬁde
1071 4561 1128 4615 in
1169 4560 1452 4617 Christum
1489 4561 1703 4632 adepti;
1745 4560 2048 4618 sanctificat

2179 4570 2324 4643 μόνῳ
2366 4567 2445 4640 τῷ
2489 4569 2632 4624 κατά
2671 4567 2834 4639 φύσιν
2887 4567 3028 4640 Θεῷ,
3081 4566 3175 4620 καὶ
3234 4561 3448 4635 ἀκούσῃ
3497 4559 3745 4628 λέγοντος

495 4651 659 4706 etiam
679 4651 896 4708 lavacro
923 4653 1375 4724 regenerationis,
1401 4668 1464 4709 ac
1487 4651 1672 4708 divina
1699 4654 1873 4709 sancti
1899 4652 2072 4724 Spiri-

497 4753 586 4796 tus
606 4743 780 4818 gratia
806 4743 1148 4812 locupletati,
1175 4745 1268 4814 qui
1295 4745 1436 4816 ignis
1457 4743 1632 4800 instar
1656 4745 1894 4800 maculas
1911 4784 1926 4811 ,
1949 4759 2072 4815 qua».

498 4833 553 4887 in
581 4839 797 4886 nostros
833 4831 1044 4887 animos
1073 4833 1320 4900 irruunt,
1359 4837 1516 4906 quasi
1559 4836 1744 4906 paleas
1777 4837 2068 4891 consumit.

499 4923 735 4991 Ideoque
777 4919 905 4991 jure
948 4922 1129 4991 inquit
1155 4923 1439 4994 Scriptura
1483 4925 1749 4982 divinitus
1784 4925 2070 4998 inSpirata,

499 5011 709 5084 Spiritu
733 5021 923 5068 sancto
947 5023 1003 5069 et
1026 5014 1136 5086 igni
1161 5029 1261 5070 nos
1281 5029 1402 5070 esse
1424 5015 1803 5086 baptizatos".

2175 4660 2377 4724 εὐθύς·
2413 4677 2434 4712 ι
2479 4659 2619 4730 Ἐγώ
2653 4662 2768 4732 εἰμι
2817 4661 2846 4715 ό
2897 4657 3192 4726 ὲξαλείφων
3241 4653 3342 4718 τὰς
3393 4651 3623 4724 ἀνομίας
3651 4664 3745 4702 σου

2174 4752 2339 4806 ’ἑνεκα
2373 4751 2530 4822 ἐμοῦ,
2558 4749 2652 4806 καὶ
2700 4751 2762 4804 οὐ
2805 4748 3206 4822 μνησθήσομαι.
3253 4765 3272 4798 ›
3304 4741 3454 4814 Αὕτη
3485 4741 3748 4811 κάθαρσις

2176 4843 2416 4915 ἀληθήςο
2447 4841 2605 4895 τοῦτο
2650 4839 2970 4912 λαμπρότης
3019 4841 3054 4911 ἡ
3099 4835 3446 4908 πνευματικὴ
3475 4846 3488 4862 ’
3528 4829 3749 4899 διεσμή-

2178 4934 2360 5004 γμεθα
2392 4932 2502 5005 γὰρ
2534 4935 2718 5004 ἡμεῖς,
2752 4933 2933 4986 πίστει
2974 4934 3041 5002 τῇ
3087 4931 3167 4994 είς
3211 4925 3452 5000 Χριστὸν
3497 4920 3750 4994 κεκερδα-

2181 5024 2338 5089 κότες
2374 5025 2474 5096 τῆς
2517 5023 2794 5096 ἁμαρτίας
2829 5022 2930 5094 τὴν
2985 5021 3198 5091 ἄφεσιν,
3239 5015 3565 5090 ἡγιασμένοι
3592 5012 3650 5065 δὲ
3674 5008 3750 5081 τῷ

501 5105 712 5177 λουτρῷ
753 5105 854 5175 τῆς
887 5103 1331 5175 παλιγγενεσίας.
1381 5104 1474 5157 καὶ
1518 5105 1617 5177 τὴν
1656 5107 1806 5162 θείαν
1852 5109 2080 5176 ἑαυτοὺς
2117 5113 2645 5176 καταπλουτίσαντες
2675 5111 2855 5184 χάριν,
2919 5109 3018 5182 τὴν
3071 5107 3164 5162 τοῦ
3196 5106 3340 5160 θείου
3411 5101 3748 5171 Πνεύματος,

501 5199 530 5252 ό
576 5197 672 5250 καὶ
721 5195 892 5268 πυρὸς
932 5196 1108 5268 δίκην,
1173 5187 1263 5248 οἷά
1308 5211 1430 5248 τινα
1481 5197 1744 5265 συρφετὸν
1789 5199 1882 5253 τὸν
1926 5204 2046 5264 ταῖς
2112 5203 2407 5276 ἡμετέραις
2487 5201 2746 5266 διανοίαις
2810 5199 3304 5270 ἐγκατασκήψαντα
3377 5193 3594 5264 δαπανᾷ
3657 5205 3750 5260 μο-

503 5285 730 5356 λυσμόν.
774 5288 863 5342 Ἐν
908 5287 1188 5360 Πνεύματι
1233 5287 1343 5358 γὰρ
1385 5283 1526 5356 ἁγιῳ
1571 5286 1665 5339 καὶ
1722 5287 1856 5360 πυρὶ
1917 5287 2276 5362 βεϐαπτίσθαι
2337 5293 2483 5365 ἡμᾶς
2529 5308 2659 5363 φησι
2705 5291 2961 5362 ταύτῃτοι
3019 5289 3241 5352 δικαίως
3301 5289 3336 5358 ἡ
3399 5283 3751 5339 θεόπνευστος

507 5378 723 5448 Γραφή.

577 5469 777 5526 PALL.
820 5473 881 5527 In
926 5475 1243 5534 idololatriae
1282 5478 1446 5551 igitur
1479 5491 1712 5533 numero
1756 5474 2080 5530 habebimus

509 5564 674 5620 etiam
704 5566 845 5622 hunc
867 5569 1142 5622 errorem?

2179 5470 2194 5486 ⁸
2257 5475 2464 5528 ΠΛΛΛ.
2519 5475 2606 5528 Ἐν
2639 5473 2800 5544 μοίρᾳ
2829 5471 2892 5543 δὴ
2931 5463 3025 5524 οὗν
3063 5467 3510 5540 είδωλολατρείας
3541 5460 3746 5534 λογιού-

2192 5566 2330 5638 μεθά
2364 5583 2463 5620 που
2493 5569 2585 5621 καὶ
2615 5567 2715 5639 τὴν
2739 5563 2830 5620 ἐπὶ
2856 5563 2992 5635 τῷδε
3025 5561 3327 5634 πλάνησινς

589 5747 812 5802 ’δικ-ιιι.
845 5764 948 5812 xiv,
983 5749 1024 5802 Ι.
1109 5751 1146 5782 ιδ
1185 5751 1322 5806 l‘sal.
1352 5767 1398 5816 L,
1438 5752 1488 5807 6.
1573 5753 1612 5784 ¹¹¹
1640 5752 1740 5807 lsa.
1803 5764 1946 5814 MJII,
1975 5747 2043 5802 “25

2150 5748 2180 5778 ¹⁷
2217 5746 2404 5802 Matth.
2429 5761 2507 5811 Ill,
2543 5744 2626 5799 ll.
