4138 6300
345 295 455 354 M9

968 338 980 347 .
1074 294 1165 350 DE
1201 290 1644 349 ADORATIONE
1682 290 1749 346 IN
1793 287 2064 346 SPlRlTU
2089 254 2193 368 pr
2234 284 2604 345 VERITATE.
2646 288 2777 345 LIB.
2814 269 2904 347 v12

3508 286 3614 344 450

417 411 585 468 ΚΥΡ.
628 389 778 466 Πάνύ
818 408 918 480 μὲν
949 404 1063 462 οὖν.
1109 407 1421 477 Ἀθεότητος
1464 407 1575 479 γὰρ
1620 407 1682 461 τὸ
1728 408 1916 479 χρῆμα

2091 406 2251 461 CYR.
2302 406 2535 462 Maxime
2555 421 2710 462 vero.
2755 406 2855 461 Est
2883 404 3031 461 enim
3071 419 3137 460 ea
3185 419 3275 460 res
3317 402 3615 476 impietatis

350 505 570 579 μεστόν.
675 502 1011 568 Συντάξαιτο
1037 501 1095 555 δὲ
1120 500 1331 571 τούτοις
1360 501 1453 555 καὶ
1484 500 1842 574 ἐπαριθμοῖτο
1863 502 1929 556 ἂν

344 596 594 658 εἰκότως,
634 593 697 646 τὺ
733 591 944 647 οἴεσθαι
972 590 1043 645 τὰ
1083 590 1400 663 ἀνθρώπινα
1426 594 1539 654 τοῖς
1568 591 1769 661 ἐτέρων
1785 591 1931 644 διοι-

343 685 566 741 κεῖσθαι
599 682 890 754 νεύμασιν,
923 683 1018 737 καὶ
1051 681 1159 736 τῶν
1208 681 1332 734 καθ’
1367 683 1517 752 ἡμᾶς
1548 681 1789 751 ἀνῆφθαι
1826 681 1927 751 τὴν

345 776 597 844 ἐξουσίαν
638 776 738 847 οὐχ
772 775 925 845 ἡμᾶς
964 772 1182 837 αὐτοὺς,
1223 772 1339 826 ἀλλ’
1371 770 1465 836 οὒς
1498 771 1563 826 ἂν
1593 771 1801 824 ἕλοιντο
1829 788 1929 841 μυ-

345 867 673 922 θοπλαστεῖν
711 867 762 919 οἰ
791 866 901 920 τῶν
925 863 1100 929 οὕτως
1126 864 1407 919 ἀπιθάνων
1453 862 1739 933 δογμάτων
1767 862 1928 934 εὑρε-

342 960 457 1015 ταί.
491 957 852 1030 Εἱμαρμένην
911 957 1021 1029 γὰρ
1056 957 1152 1010 καὶ
1195 956 1381 1028 Τύχην
1420 955 1516 1009 κει)⁸
1554 953 1795 1018 Γένεσιν,
1827 952 1929 1006 οὐκ

344 1048 468 1106 οἶδα
492 1052 644 1114 ὅπως
665 1048 1090 1121 οἱακοστρόφους
1115 1047 1306 1118 ὥσπερ
1327 1046 1478 1109 τινὰς
1509 1045 1830 1115 ἐφιστάντες
1847 1042 1930 1114 τῷ

352 1145 473 1216 βίῳ,
503 1143 734 1197 ἕκαστον
781 1141 879 1213 μὲν
921 1139 1082 1212 ἡμῶν
1121 1141 1223 1193 οὐκ
1256 1133 1398 1192 εἰναί
1435 1153 1568 1207 φασι
1609 1134 1720 1190 τῶν
1779 1150 1923 1206 πρα-

362 1232 536 1286 κτέων
595 1229 826 1301 θελητὴν
875 1229 909 1300 ἢ
969 1229 1195 1301 κύριον·
1226 1228 1456 1297 ἄγεσθαι
1477 1226 1535 1279 δὲ
1569 1225 1825 1296 καθάπερ
1869 1222 1929 1288 ἐξ

347 1323 650 1392 ἀναγκαίου
696 1321 901 1393 δεσμοῦ
950 1320 1087 1392 πρὸς
1139 1319 1202 1373 τὸ
1251 1320 1368 1381 τοῖς
1413 1316 1680 1386 κρατοῦσι
1710 1314 1922 1370 δοκοῦν.

348 1409 489 1467 Εἶτα
536 1412 590 1465 τί
628 1410 694 1466 ἂν
727 1409 941 1479 γένοιτό
990 1426 1123 1463 ποτε
1166 1407 1259 1463 τοῦ
1292 1405 1500 1461 τοιοῦδε
1549 1403 1923 1475 ἀλογώτερον;

350 1504 474 1567 πῶς
510 1503 554 1556 δ’
585 1501 648 1555 ἂν
679 1499 944 1572 μειζόνων
976 1498 1237 1570 ἠδίκησεν
1265 1496 1294 1548 ὁ
1321 1494 1568 1556 Σατανᾶς
1608 1492 1669 1545 τὸ
1694 1491 1803 1546 τῶν
1835 1493 1929 1545 ἀνι

346 1594 585 1667 θρώπων
612 1592 789 1662 γένος,
821 1593 855 1664 ἢ
881 1592 968 1645 ὅτε
1021 1590 1297 1662 προσῆκεν
1315 1583 1417 1642 ὧδε
1446 1587 1665 1657 φρονεῖν
1695 1587 1790 1639 καὶ
1811 1586 1928 1639 δια-

343 1685 657 1756 λογίζεσθαι
707 1684 948 1749 διαθείς;
994 1681 1110 1746 πῶς
1149 1681 1260 1752 γάρ
1317 1679 1386 1734 ἂν
1452 1678 1534 1732 ἔτι
1576 1677 1928 1749 βουλεύσαιτο

343 1781 417 1837 τὰ
445 1778 680 1853 χρηστὰ,
725 1778 820 1832 καὶ
862 1775 1181 1848 ἐθελουργὸς
1229 1773 1316 1827 ἐπ’
1348 1772 1490 1827 αὑτά
1519 1789 1604 1835 τις
1649 1771 1718 1824 τοι
1757 1771 1923 1838 mre;
1957 1774 2000 1828 B

345 1870 590 1941 Γεγονὼς
618 1869 676 1923 δὲ
716 1868 811 1923 καὶ
846 1870 905 1921 ὲν
931 1869 1043 1930 τοῖς
1071 1865 1332 1934 αἰσχίοσι,
1362 1864 1458 1915 καὶ
1490 1859 1858 1933 πεφροντικὼς
1888 1860 1925 1915 ἀ

348 1963 426 2036 μὴ
455 1962 583 2035 Χρὴ,
607 1960 726 2025 πῶς
756 1960 825 2014 ἂν
853 1958 1048 2013 ἑαυτὸν
1077 1956 1299 2027 αἰτιῷτο
1330 1956 1425 2010 καὶ
1468 1948 1777 2026 καταπήξας
1808 1954 1929 2016 ταῖς

345 2057 546 2120 λύπαις
580 2054 649 2109 τά
694 2052 902 2125 ἀμείνω
955 2048 1445 2123 μεταϐουλεύσαιτο
1480 2049 1697 2119 φρονεῖν
1725 2063 1786 2100 τε
1832 2046 1929 2100 καὶ

343 2148 510 2220 δρᾷν;
546 2146 761 2216 Ὠσπερ
793 2143 903 2213 γὰρ
939 2145 1052 2206 τοῖς
1097 2140 1197 2211 τὴν
1224 2138 1497 2194 θάλατταν
1520 2138 1798 2210 διᾴττουσι
1833 2136 1929 2191 καὶ

343 2237 590 2292 διαπλεῖν
636 2234 934 2309 ᾑρημένοις
998 2232 1149 2287 πᾶσά
1222 2247 1342 2294 πως
1388 2232 1501 2295 τοῖς
1559 2232 1624 2283 ὲκ
1673 2228 1930 2301 πρύμνης

343 2329 578 2400 ἄγεσθαι
624 2329 839 2398 ἀνάγκη
877 2325 1173 2397 πνεύμασι,
1205 2325 1299 2379 καὶ
1330 2323 1757 2388 καταϐιάζεσθαι
1796 2338 1932 2374 παν-

343 2423 492 2495 ταχῆ
525 2421 661 2492 πρὸς
693 2420 753 2475 τὸ
779 2419 859 2490 τῷ
883 2418 1208 2472 συνωθοῦντι
1234 2416 1423 2470 δοκοῦν
1443 2430 1456 2445 ⁸
1479 2414 1622 2469 οὓτω
1645 2432 1751 2468 που
1785 2414 1919 2466 πάνυ

347 2533 463 2580 τως
514 2516 610 2569 καὶ
645 2515 779 2585 ἡμῖν
826 2514 1012 2574 αὐτοῖς
1061 2511 1413 2581 παραχωρεῖν
1467 2508 1786 2575 ἀναγκαῖον,
1846 2504 1930 2573 ἐφ’

359 2609 501 2679 ὅπερ
526 2606 591 2662 ἂν
629 2606 804 2659 ἕλοιτο
834 2602 1175 2675 διακομίζειν
1202 2604 1236 2674 ἡ
1271 2600 1444 2670 Τύχη,
1481 2600 1576 2652 καὶ
1607 2597 1676 2651 τὰ
1712 2595 1931 2650 δυσδιά-

354 2718 536 2774 φυκτα
559 2699 674 2756 κατ’
701 2698 944 2761 ἐκείνους
981 2699 1082 2767 τῆς
1125 2693 1483 2766 Εἱμαρμένης
1515 2691 1822 2761 πνεύματα.
1860 2690 1932 2742 Ἢ

359 2797 461 2852 οὐκ
486 2794 654 2867 ὀρθῶς
691 2791 945 2864 εἰρῆσθαι
973 2788 1130 2844 ταυτὶ
1156 2788 1249 2841 καὶ
1280 2785 1443 2849 αὐτὸς
1465 2785 1625 2857 οἰήσῃ
1655 2783 1819 2837 πάλιν
1845 2799 1859 2848 ;

427 3062 635 3117 ΠΑΛΛ.
660 3060 784 3124 Πῶς
813 3059 924 3131 γὰρ
947 3058 1049 3125 οὓς

2029 497 2211 568 plena.
2238 499 2336 555 His
2359 502 2483 572 jure
2518 503 2851 571 conjungere
2888 507 3051 569 atque
3077 497 3440 555 adnumerare
3462 499 3611 555 licet.

2030 590 2179 659 quod
2204 591 2457 646 nonnulli
2483 599 2682 662 putant
2704 605 2793 645 res
2825 590 3094 644 humanas
3117 588 3349 644 aliorum
3384 590 3616 645 nutibus

2030 682 2346 753 gubernari,
2382 684 2772 753 actionumque
2795 690 3111 737 nostrarum
3152 689 3479 752 potestatem
3502 698 3614 738 non

2030 772 2099 828 de
2141 772 2303 828 nobis
2329 773 2464 843 ipsis
2485 773 2757 844 pendere,
2789 773 2886 827 sed
2933 772 3002 828 de
3042 772 3112 827 iis
3148 788 3269 843 quae
3299 773 3615 844 dogmatum

2029 863 2170 919 adeo
2186 864 2551 920 absurdorum
2576 865 2959 920 inventoribus
2980 863 3183 934 ﬁngere
3199 864 3443 920 libuerit.
3476 865 3614 920 Nam

2028 956 2223 1012 Fatum
2239 964 2295 1013 et
2310 957 2606 1012 Fortunam
2648 965 2704 1013 et
2724 957 2941 1025 Ortum,
2955 958 3141 1012 nescio
3163 972 3402 1027 quonam
3426 956 3613 1016 modo.

2029 1050 2187 1120 quasi
2228 1050 2626 1121 gubernatores
2651 1049 2917 1119 quosdam
2942 1048 3069 1104 vitm
3106 1049 3393 1103 hominum
3433 1047 3614 1118 impo-

2027 1149 2243 1209 nentes,
2279 1142 2439 1214 198
2463 1150 2715 1197 asserunt
2733 1157 2843 1197 nou
2867 1157 2987 1197 esse
3037 1156 3488 1211 unumquemque
3511 1156 3615 1197 no-

2030 1240 2207 1289 strum
2241 1249 2427 1289 rerum
2459 1234 2837 1290 faciendarum
2864 1240 3147 1288 auctorem
3175 1248 3239 1287 ac
3283 1232 3568 1287 dominum
3595 1247 3611 1296 ;

2030 1324 2127 1379 sed
2150 1333 2409 1394 tanquam
2434 1325 2747 1379 necessario
2773 1322 3011 1393 quodam
3035 1322 3257 1377 vinculo
3281 1322 3363 1392 agi
3388 1338 3488 1391 pro
3513 1321 3617 1375 im-

2029 1418 2341 1488 perantium
2365 1418 2615 1472 arbitrio.
2654 1416 2797 1482 Quid
2842 1414 3065 1469 tandem
3091 1413 3362 1485 ejusmodi
3392 1429 3451 1468 re
3489 1428 3612 1469 esse

2029 1518 2213 1581 potest
2234 1509 2699 1565 irrationabilius?
2723 1522 2887 1578 quam
2910 1521 3043 1562 vero
3069 1509 3330 1577 majorem
3355 1506 3611 1577 injuriam

2029 1605 2317 1659 hominum
2366 1604 2558 1675 generi
2606 1601 3116 1671 inferre‘potuisset
3163 1598 3408 1664 Satanas,
3448 1613 3613 1669 quam

2030 1708 2157 1750 cum
2181 1695 2459 1764 persuasit
2502 1699 2755 1762 oportere
2800 1698 2862 1744 ut
2900 1689 2968 1744 ad
3005 1689 3155 1743 hunc
3191 1686 3413 1740 modum
3440 1685 3613 1739 senti—

2029 1795 2152 1843 reut
2170 1794 2332 1856 atque
2356 1784 2692 1854 cogitarent?
2708 1781 2983 1853 quomodo
3006 1780 3154 1835 enim
3186 1779 3254 1832 de
3280 1778 3447 1832 rebus
3469 1776 3614 1846 opti-

2029 1882 2135 1939 mis
2161 1880 2469 1935 consultare
2498 1876 2730 1946 aliquis,
2756 1882 2812 1928 et
2838 1889 2901 1929 ea
2946 1882 3140 1943 sponte
3176 1869 3397 1942 aggredi
3441 1869 3616 1940 possit

2028 1972 2309 2044 unquam?
2332 1969 2451 2026 1am
2500 1983 2655 2033 vero,
2686 1967 2780 2037 qui
2808 1966 2863 2020 in
2892 1964 3148 2035 turpibus
3183 1963 3341 2017 factis
3365 1970 3618 2016 versatus

2028 2065 2120 2132 sit,
2147 2073 2204 2119 et
2226 2080 2289 2119 ea
2314 2075 2589 2134 propenso
2612 2060 2798 2114 animo
2818 2066 3076 2123 sectatus,
3104 2072 3225 2126 qua:
3244 2071 3353 2110 non
3376 2061 3611 2125 oportet,

2026 2173 2269 2229 quonam
2316 2155 2480 2209 modo
2505 2169 2563 2208 se
2591 2153 2708 2222 ipse
2735 2150 3035 2213 accusabit,
3066 2163 3130 2204 ac
3172 2162 3407 2203 mmrore
3448 2147 3618 2203 conﬁ-

2030 2250 2203 2315 ciens,
2230 2248 2297 2302 ad
2324 2246 2554 2301 meliora
2593 2250 2711 2297 tum
2736 2240 3020 2311 sapienda,
3050 2247 3165 2293 tum
3192 2239 3460 2306 facienda,
3489 2255 3617 2294 mu-

2032 2349 2137 2396 tata
2165 2339 2454 2403 sententia,
2480 2333 2804 2391 convertet?
2822 2332 2893 2388 Ut
2916 2332 3070 2385 enim
3090 2331 3127 2384 ii
3149 2331 3243 2400 qui
3267 2346 3417 2385 mare
3432 2340 3616 2386 trans-

2031 2434 2271 2498 mittere,
2298 2439 2468 2499 atque
2504 2428 2766 2498 trajicere
2788 2426 3002 2489 volunt,
3021 2424 3247 2478 omnino
3268 2437 3494 2477 necesse
3534 2430 3619 2477 est

2033 2535 2094 2582 ut
2116 2543 2145 2580 e
2169 2525 2337 2596 puppi
2389 2523 2649 2578 ﬂantibus
2671 2521 2856 2576 ventis
2894 2528 3144 2590 agantur,
3180 2524 3235 2572 et
3273 2532 3341 2571 eo
3379 2531 3479 2586 per
3504 2514 3615 2568 vim

1972 2659 1983 2670 .
2032 2615 2368 2678 deferantur,
2414 2626 2524 2681 quo
2573 2610 2734 2664 [latus
2758 2608 3113 2678 impulerint:
3144 2605 3224 2661 sic
3267 2604 3432 2659 etiam
3458 2602 3620 2658 nobis

2035 2707 2186 2776 ipsis,
2237 2717 2569 2774 quocunque
2602 2701 2848 2755 Fortuna
2901 2714 3004 2753 nos
3026 2696 3238 2752 deferre
3270 2695 3534 2761 voluerit,
3564 2703 3619 2749 et

2034 2812 2180 2852 aurae
2204 2796 2487 2860 Fatorum,
2515 2800 2575 2846 ut
2599 2791 2704 2861 ipsi
2731 2796 2961 2860 putant,
2991 2785 3335 2842 inevitabiles
3353 2828 3367 2852 ,
3392 2797 3621 2855 prorsus

2035 2888 2337 2945 concedere
2358 2895 2584 2941 necesse
2605 2891 2707 2940 est.
2736 2883 2926 2939 Nonne
2950 2887 3098 2935 recte
3122 2878 3240 2934 haec
3266 2893 3297 2932 a
3318 2875 3479 2932 nobis
3501 2889 3620 2930 esse

2037 2982 2182 3037 dicta
2210 2979 2527 3035 existimas?

2109 3071 2306 3127 PALL.
2332 3068 2535 3136 Quidni
2556 3065 2865 3122 existimem
2879 3064 2905 3116 Ἰ

429 3156 597 3213 ΚΥΡ.
635 3118 845 3209 Οὐκοῦν
879 3118 1084 3223 ἠλίθιόν
1106 3150 1324 3222 κομιδῆ,
1353 3148 1444 3203 τὸν
1476 3148 1577 3219 μὲν
1606 3146 1809 3216 ἀγαθὸν
1837 3147 1932 3200 καὶ

2104 3164 2261 3220 CYR.
2288 3164 2463 3234 Igitur
2490 3161 2719 3215 stultum
2767 3174 2897 3214 sane
2925 3164 3028 3223 est,
3069 3157 3362 3211 honestum
3398 3152 3621 3223 quidem

355 3247 574 3317 ἐπιεικῆ
622 3242 920 3315 στεφανοῦν
956 3242 1222 3306 ἐπαίνοις,
1260 3241 1354 3293 καὶ
1401 3240 1569 3310 τιμῆς
1602 3236 1808 3305 ἀξιοῦν,
1840 3236 1930 3289 τὸν

350 3342 411 3396 δὲ
447 3337 683 3410 πονηρὸν
733 3336 827 3390 καὶ
874 3333 1172 3389 ἀκόλαστον
1225 3332 1476 3404 βδελυρὸν
1518 3330 1772 3403 ἡγεῖσθαι
1836 3329 1932 3383 καὶ

355 3430 770 3503 διεπτυσμένον.

426 3525 639 3581 ΠΔΛΛ.
679 3521 812 3576 Τίνα
842 3522 948 3593 φῄς
978 3520 1179 3593 τρόπον
1211 3536 1226 3586 ;

425 3617 594 3673 ΚΥΡ.
638 3617 782 3682 Ὅτι,
835 3609 880 3668 ὦ
930 3613 1217 3676 Παλλάδιε,
1258 3612 1484 3677 Γένεσίς
1523 3630 1583 3667 τε
1632 3613 1727 3667 καὶ
1784 3612 1936 3683 Τύχη

358 3708 685 3779 νενικήκασι
730 3706 854 3760 κατ’
890 3704 1110 3768 αὐτοὺς,
1142 3703 1239 3758 καὶ
1273 3704 1613 3775 ἀνεθελήτως
1644 3705 1731 3757 ἐπ’
1767 3705 1935 3774 ἀμφω

356 3803 420 3856 τὸ
460 3799 770 3873 τρισάθλιον
809 3797 917 3852 τῶν
950 3797 1043 3850 ἐπὶ
1086 3797 1187 3867 τῆς
1242 3798 1347 3869 γῆς
1390 3797 1727 3869 ἀποφέρουσι
1757 3797 1936 3867 γένος.

374 3891 712 3947 Ἐθελούσιον
741 3890 798 3943 δὲ
842 3890 971 3960 παρ’
1005 3890 1136 3960 ἡμῖν
1163 3888 1336 3942 οὐδέν.
1364 3889 1435 3941 Ἢ
1469 3888 1579 3960 γὰρ
1607 3888 1727 3959 ούχί
1752 3887 1814 3941 τὸ
1841 3906 1934 3942 πε·

362 3985 536 4054 φυκός
560 4001 611 4037 τι
648 3984 820 4037 κινεῖν
848 3983 942 4035 καὶ
973 3980 1287 4051 δυνάμενον,
1316 3980 1488 4034 αἴτιον
1512 3980 1580 4036 ἂν
1607 3981 1692 4041 είη
1724 3980 1821 4034 τοῦ
1853 3999 1940 4036 κι-

361 4075 569 4131 νεῖσθαι
596 4076 708 4139 τοῖς
741 4073 872 4144 παρ’
903 4071 1067 4126 αὐτοῦ
1096 4070 1476 4144 κινουμένοιςς

435 4258 647 4312 ΠΑΑΑ.
685 4257 853 4328 Φημί.

438 4349 606 4403 ΚΥΡ.
635 4346 742 4401 Ἴθι
768 4342 860 4401 οὖν
882 4346 969 4401 διά
996 4362 1059 4414 γε
1089 4346 1200 4400 τῶν
1227 4346 1356 4399 ἴσων
1383 4344 1602 4400 ἐννοιῶν
1636 4345 1729 4400 ἐπὶ
1756 4347 1824 4401 τὰ
1852 4347 1946 4401 ἀν·-

2034 3273 2097 3314 ac
2120 3256 2353 3328 probum
2372 3254 2556 3308 virum
2578 3266 2775 3306 ornare
2802 3250 3080 3316 laudibus,
3095 3256 3149 3302 et
3169 3247 3377 3301 honore
3396 3243 3623 3314 dignum

2030 3348 2318 3421 judicare;
2371 3344 2687 3415 improbum
2735 3357 2870 3397 vero
2915 3348 3080 3410 atque
3124 3338 3621 3407 intemperantem,

2039 3450 2256 3511 turpem
2279 3445 2473 3509 putare
2497 3443 2663 3506 atque
2690 3442 3066 3489 contemnere.

2109 3531 2305 3587 PALL.
2332 3530 2448 3597 Qua
2478 3529 2693 3583 ratione
2718 3526 2867 3582 istud
2891 3524 3131 3580 asseris?

2111 3622 2267 3678 CYR.
2294 3621 2453 3687 Quia,
2481 3619 2711 3685 Palladi,
2739 3616 2909 3673 Ortus
2950 3633 3015 3672 ac
3040 3616 3281 3671 Fortuna
3323 3630 3389 3669 ex
3431 3627 3623 3668 eorum

2039 3714 2299 3784 opinione
2323 3711 2608 3783 superiora
2650 3717 2817 3776 sunt;
2846 3718 2902 3764 et
2924 3709 3212 3762 hominum
3237 3706 3332 3776 qui
3374 3706 3430 3760 in
3453 3705 3625 3760 terris

2039 3813 2333 3862 versantur
2365 3803 2739 3859 miserrimum
2782 3818 2953 3873 genus
2980 3808 3178 3872 praeter
3206 3802 3542 3857 voluntatem
3568 3800 3623 3854 in

2040 3906 2256 3968 partem
2287 3904 2577 3965 utramque
2610 3893 2974 3963 detorquent:
3008 3907 3188 3963 neque
3220 3890 3364 3962 apud
3395 3906 3497 3946 nos
3522 3891 3624 3945 ali-

2043 3990 2176 4061 quid
2208 3989 2580 4044 voluntarium
2625 4005 2638 4041 :
2681 3986 2814 4058 quid
2846 3985 3033 4041 enim?
3070 4001 3251 4041 nonne
3282 3986 3335 4040 id
3380 3985 3527 4055 quod
3558 3985 3625 4038 ad

2043 4079 2376 4134 movendum
2413 4078 2674 4133 idoneum
2726 4083 2809 4131 est
2843 4090 2907 4129 ac
2946 4083 3162 4145 potens,
3194 4091 3358 4131 causa
3404 4083 3490 4130 est
3526 4091 3626 4130 cur

2045 4186 2109 4225 ea
2147 4179 2494 4238 moveantur,
2526 4184 2646 4241 qua:
2674 4168 2744 4223 ab
2782 4183 2848 4223 eo
2880 4168 3207 4222 morentur?

2118 4262 2314 4317 PALL.
2353 4264 2569 4317 Fateor.

2120 4354 2276 4409 CYR.
2313 4354 2483 4424 Perge
2523 4353 2691 4423 igitur
2725 4366 2823 4421 per
2858 4349 3078 4405 easdem
3114 4348 3491 4419 intelligentia:
3528 4365 3629 4405 ηοε-

369 4441 643 4514 θρώπινα,
675 4439 770 4494 καὶ
793 4437 1088 4510 ἀναμέτρει
1120 4438 1189 4491 τὰ
1213 4438 1333 4491 καθ’
1365 4438 1535 4507 ἡμᾶς,
1559 4438 1653 4492 καὶ
1675 4437 1743 4491 ἵν’
1772 4438 1935 4509 ἐσμὲν

2048 4448 2227 4503 tiones
2253 4446 2319 4500 ad
2350 4461 2439 4501 res
2488 4445 2777 4508 humanas,
2808 4450 2864 4497 et
2911 4457 3002 4497 res
3043 4450 3258 4501 nostras
3294 4441 3517 4495 metire:
3552 4442 3626 4496 ita

369 4531 542 4589 κακοῦ
567 4530 943 4602 περιαθρήσῃς
958 4523 1018 4583 εὖ
1054 4527 1218 4599 μάλα,
1248 4529 1298 4580 εἰ
1327 4526 1402 4597 μὴ
1435 4529 1554 4590 ταῖς
1584 4528 1795 4580 ἑαυτῶν
1824 4527 1943 4581 ἐθε-

369 4624 602 4687 λουσίοις
625 4620 884 4695 ροπαῖς,ἢ
908 4619 1028 4685 τὰν,
1049 4619 1083 4689 ἢ
1101 4617 1194 4671 ἐπὶ
1219 4616 1317 4670 τὰν
1335 4618 1458 4687 ῖμεν
1473 4635 1533 4669 τε
1563 4616 1658 4670 καὶ
1686 4616 1946 4669 διασπεύ-

371 4716 554 4785 δομεν,
611 4709 1000 4783 κεκρατήμεθα
1050 4709 1108 4762 δὲ
1156 4708 1345 4778 ὥσπερ
1395 4706 1487 4760 καὶ
1533 4706 1947 4777 ὑπενηνέγμεθα

370 4809 483 4867 τοῖς
528 4805 732 4877 ἑτέρων
771 4803 955 4870 ζυγοῖς
1008 4801 1161 4871 ἄγειν
1210 4817 1269 4853 τε
1314 4800 1407 4854 καὶ
1446 4798 1634 4870 φέρειν
1695 4797 1763 4852 τὰ
1823 4797 1944 4852 καθ’

372 4899 543 4970 ἡμᾶς,
578 4890 723 4969 ᾗπερ
762 4896 827 4949 ἂν
869 4894 1097 4959 ἕλοιντο,
1140 4892 1480 4963 δυναμένοις.
1506 4892 1588 4945 Τὰ
1614 4891 1800 4943 εἰκότα
1830 4891 1941 4962 γὰρ

372 4992 474 5063 ἠδη
510 4988 854 5060 φρονοῦντες,
890 4986 1100 5049 ἑαυτοῖς
1137 4985 1235 5056 μὲν
1267 4984 1347 5038 ἔτι
1375 4983 1485 5037 τῶν
1506 4983 1797 5055 πρακτέων
1812 4984 1945 5037 ἀνα-

375 5081 614 5152 θήσομεν
648 5078 821 5141 οὐδὲν,
862 5075 1141 5146 ἀνάψομεν
1181 5075 1238 5128 δὲ
1267 5075 1466 5146 μᾶλλον
1499 5074 1596 5138 τὰς
1619 5074 1704 5142 ἐφ’
1742 5073 1947 5127 ἅπασιν

374 5174 577 5238 αἰτίας,
629 5174 740 5236 τοῖς
792 5168 878 5239 ἐφ’
920 5167 1100 5221 ὁτιοῦν
1147 5167 1254 5221 τῶν
1293 5166 1433 5221 κατά
1479 5165 1703 5236 γνώμην
1763 5166 1948 5230 αὐτοῖς

373 5262 760 5336 πηδαλιουχεῖν
808 5259 1078 5313 εἰωθόσιν.
1124 5257 1448 5329 Ἀφεστήξει
1491 5257 1555 5328 δὴ
1608 5254 1703 5312 οὖν
1755 5258 1945 5331 ὥσπερ

375 5357 603 5411 ἐπαίνου
633 5352 831 5415 παντὸς
857 5352 886 5404 ὁ
908 5350 1137 5414 δίκαιος,
1167 5347 1311 5402 οὕτω
1342 5349 1436 5403 καὶ
1468 5349 1661 5419 ποινῆς
1688 5350 1716 5402 ὁ
1735 5347 1943 5415 ἄδικος,

378 5450 474 5503 καὶ
496 5446 592 5501 τοῦ
621 5443 946 5508 κολάζεσθαι
971 5442 1100 5495 δεῖν.

449 5541 657 5594 ΠΑΛΛ.
707 5537 1002 5609 Ὀρθότατα
1042 5535 1246 5604 διανοῇ.

448 5632 615 5685 ΚΥΡ.
647 5630 787 5700 Εἱκῆ
829 5626 1118 5698 τοιγαροῦν
1154 5624 1518 5694 θαυμάζουσιν
1546 5627 1598 5682 οἰ
1629 5628 1735 5683 τῶν
1775 5627 1952 5684 τοιού-

379 5741 486 5778 των
543 5721 830 5791 δογμάτων
884 5720 1100 5790 εὑρεταί
1155 5717 1371 5772 Σόλωνά
1416 5735 1474 5772 τε
1522 5719 1607 5771 τὸν
1672 5720 1951 5791 Ἀθήνῃσι,

2050 4540 2105 4593 in
2122 4552 2232 4609 quo
2247 4537 2513 4591 malorum
2534 4534 3058 4604 cumulojaceamus,
3081 4532 3284 4602 optime
3297 4534 3623 4603 perspicies:

2051 4628 2097 4682 si
2142 4642 2250 4681 non
2287 4626 2390 4695 ipsi
2425 4624 2628 4678 nostris
2666 4622 2992 4678 voluntariis
3020 4622 3249 4677 nutibus
3272 4630 3365 4676 aut
3395 4622 3497 4678 hac
3533 4635 3630 4679 aut

2052 4717 2179 4771 illac
2207 4715 2550 4786 ingredimur
2577 4729 2639 4767 ac
2670 4726 3026 4783 properamus
3049 4728 3063 4779 ;
3091 4710 3187 4766 sed
3222 4710 3629 4781 quodammodo

2053 4816 2328 4870 tenemur,
2363 4813 2419 4859 et
2463 4803 2696 4858 aliorum
2730 4803 2861 4873 jugo
2893 4801 3124 4871 subjecti
3160 4816 3370 4868 sumus,
3413 4802 3507 4871 qui
3543 4818 3630 4855 res

2053 4905 2273 4954 nostras
2287 4910 2447 4966 agere
2463 4910 2527 4950 ac
2550 4893 2693 4948 ferre
2716 4893 2951 4959 valeant,
2980 4907 3305 4962 quacunque
3333 4892 3625 4947 voluerint.

2054 4989 2175 5047 Jam
2204 4989 2371 5055 enim,
2393 4987 2440 5042 si
2467 4985 2820 5057 congruentia
2873 4985 3265 5055 cogitabimus,
3298 4984 3459 5038 nobis
3499 4984 3630 5053 ipsis

2055 5090 2239 5152 partes
2264 5092 2452 5133 rerum
2489 5076 2819 5151 agendarum
2857 5077 3162 5131 tribuemus
3185 5075 3381 5139 nullas,
3418 5074 3512 5129 sed
3547 5090 3632 5129 re-

2056 5188 2181 5228 rum
2198 5171 2443 5228 omnium
2460 5186 2652 5226 causas
2672 5171 2739 5225 iis
2754 5169 2936 5239 potius
2951 5167 3351 5237 assignabimus
3364 5181 3485 5235 quae
3506 5181 3625 5232 nos,

2056 5265 2212 5336 quasi
2246 5264 2578 5335 gubernator
2600 5264 2813 5318 clavum
2831 5270 3043 5326 tenens,
3068 5273 3169 5329 pro
3185 5273 3376 5310 eorum
3402 5257 3628 5312 arbitrio

2058 5356 2339 5427 impellere
2373 5354 2601 5410 soleant.
2638 5352 2829 5408 Aberit
2869 5351 3053 5421 igitur,
3090 5355 3151 5403 ut
3186 5349 3253 5404 ab
3278 5348 3427 5403 omni
3467 5348 3628 5405 laudo

2055 5448 2262 5520 justus,
2299 5447 2378 5502 sic
2409 5447 2644 5518 injustus
2682 5461 2712 5498 a
2751 5458 2913 5513 poena
2949 5449 3110 5512 atque
3147 5441 3434 5512 supplicio.

2135 5539 2295 5609 199
2326 5538 2525 5593 PALL.
2551 5535 2876 5594 Rectissime
2919 5533 3151 5604 colligis.

2085 5630 2095 5665 τ
2115 5629 2271 5685 CYB.
2294 5630 2507 5682 Talium
2544 5643 2674 5698 ergo
2711 5626 3027 5697 dogmatum
3067 5624 3388 5680 inventores
3423 5631 3628 5677 temere

2062 5721 2316 5776 Solonem
2347 5720 2498 5774 illum
2524 5719 2674 5791 apud
2702 5719 2963 5786 Athenas,
2990 5718 3292 5773 Draconcm
3318 5729 3532 5782 quoque
3564 5727 3626 5767 ac
