4138 6300
519 274 618 330 451

520 388 827 458 Lycurgum
843 376 1204 440 admirantur,
1227 380 1486 443 tanquam
1499 367 1833 439 optimarum
1851 359 2096 430 discipli-

522 453 723 531 narum
733 477 1005 532 auctores,
1025 474 1087 522 ut
1109 465 1205 537 qui
1228 465 1375 536 leges
1396 460 1603 518 Graecis
1619 453 2095 530 praestantissimae

478 559 485 570 ’
524 562 845 621 invenerint.
871 558 1012 626 Quid
1027 558 1176 614 enim
1193 564 1277 612 est
1302 571 1369 610 ex
1392 569 1457 610 ea
1480 568 1540 608 re
1563 547 1858 612 commodi,
1892 545 1938 600 si
1956 543 2096 599 nihil

523 659 577 712 in
613 663 801 710 nostra
815 651 982 708 situm
1010 659 1094 706 est
1113 654 1382 721 potestate
1405 663 1419 712 ;
1449 643 1546 700 sed
1570 641 1755 714 potius
1774 655 1842 695 ex
1864 637 2097 693 aliorum

520 757 658 804 nutu
702 753 892 816 nostra
938 742 1123 797 omnia
1167 737 1444 811 pendent?
1480 734 1786 802 eodemque
1832 736 2098 801 praeterea

522 838 786 910 pondere,
823 834 1125 902 eodemque
1149 832 1271 885 loco
1309 828 1437 892 erit,
1472 826 1567 896 qui
1618 824 1767 895 leges
1794 819 2094 893 ignoravit,

525 944 636 1001 quo
686 928 767 983 illi
811 925 907 998 qui
952 933 1180 987 norunt,
1226 921 1271 975 si
1322 917 1639 974 volentibus
1680 914 1831 968 nulla
1876 909 2107 965 facultas

526 1037 649 1093 quae
678 1021 851 1075 velint
870 1007 1043 1073 libere
1084 1012 1318 1069 faciendi
1348 1011 1531 1066 datur.
1558 1005 1873 1075 Quinetiam
1921 1003 2105 1073 legum

528 1123 782 1169 auctores
802 1111 959 1181 longe
987 1105 1360 1177 iniquissimos
1384 1102 1638 1157 homines
1674 1099 1842 1154 fuisse
1866 1110 2109 1167 pronun-

529 1206 609 1262 tio
646 1246 661 1271 ,
705 1203 956 1276 quamvis
988 1199 1279 1255 maximam
1314 1196 1391 1250 illi
1413 1193 1640 1267 justitiae
1663 1190 1979 1261 opinionem
2004 1186 2110 1241 sibi

530 1292 987 1365 comparaverint.
1028 1290 1165 1344 Nam
1212 1302 1409 1359 segnes
1438 1293 1602 1354 atque
1649 1281 1991 1352 negligentes
2016 1292 2114 1332 ne-

539 1383 657 1438 scio
680 1397 786 1452 qua
810 1380 1023 1435 ratione
1041 1377 1482 1449 puniendoscsse
1495 1374 1943 1435 decreverunt,et
1963 1383 2116 1422 acer-

532 1473 631 1529 bas
656 1471 1171 1541 violatarumlegum
1196 1481 1387 1538 poenas
1413 1466 1545 1521 dare
1570 1464 1901 1527 voluerunt;
1929 1456 2116 1530 pueris

533 1571 716 1619 autem
742 1561 899 1631 quasi
926 1561 1144 1632 regulas
1168 1557 1455 1629 quasdam,
1490 1564 1547 1611 et
1573 1553 1734 1608 laude
1765 1548 2117 1622 dignissimas

533 1654 660 1708 vita?
690 1653 1041 1707 instituenda:
1071 1651 1311 1706 rationes
1338 1647 1688 1703 tradiderunt
1729 1662 1745 1711 ;
1770 1643 1943 1713 idque
1970 1640 2119 1695 fece-

1542 253 1601 308 S.
1640 246 1920 307 CYRILLI
1958 236 2430 298 ALEXANDRINI
2464 231 2782 290 ARCIIIEP.

2127 362 2172 421 Α
2200 350 2482 426 Δράκοντά
2503 367 2563 402 τε
2592 346 2688 402 καὶ
2716 339 3055 414 Λυκοῦργον,
3081 337 3158 403 ὡς
3186 334 3488 407 παγκάλων
3518 332 3780 404 μαθημά-

3674 221 3778 276 452

2197 467 2306 504 των
2324 442 2642 517 εἰσηγητὰς,
2660 441 2755 495 καὶ
2774 439 2974 509 νόμους
2995 436 3107 498 τοῖς
3130 432 3356 503 Ἕλλησι
3380 430 3509 495 τοὺς
3527 428 3784 500 ἀρίστους

2201 539 2591 613 ἐξευρηκότας.
2627 533 2764 589 Ποία
2794 533 2904 602 γὰρ
2934 531 2998 582 ἐκ
3029 526 3185 581 τοῦδε
3216 524 3405 578 λοιπδν
3430 524 3466 594 ή
3498 521 3708 592 ὄνησις,
3736 523 3787 575 εί

2201 632 2366 704 μηδὲν
2389 630 2474 701 ἐφ’
2503 629 2658 700 ἡμῖν,
2690 624 2931 695 ἀνῆπται
2959 620 3017 676 δέ
3050 617 3250 690 μᾶλλον
3274 615 3342 671 τά
3362 617 3395 685 ή
3405 613 3520 686 μῶν
3544 615 3785 684 ἐτέροις;

2198 729 2257 781 ἐν
2287 726 2388 795 ἴσῳ
2419 721 2477 778 δέ
2502 736 2605 775 που
2631 718 2730 772 καὶ
2759 717 2817 771 ἐν
2846 712 3017 784 ὁμοίῳ
3044 709 3253 773 λοιπὸν,
3287 709 3402 771 τοῖς
3427 708 3555 771 τοὺς
3586 706 3790 777 νόμους

2201 818 2384 883 εἰδόσι,
2413 815 2510 869 καὶ
2543 815 2572 868 ὁ
2599 811 2824 873 τούτους
2862 803 3172 877 ἢγνοηκὼς,
3201 802 3251 855 εἰ
3289 800 3364 872 μὴ
3404 800 3625 871 μέτεστι
3656 798 3791 870 δρᾷν

2200 912 2313 974 τοῖς
2336 907 2614 962 ἐθέλουσιν
2640 899 2963 965 ἐλευθέρως,
2996 897 3033 951 ἃ
3061 894 3128 949 ἂν
3155 894 3358 948 ἐλοιντο
3381 890 3566 961 τυχὸν,
3591 889 3793 943 άδικω·

2202 1004 2397 1065 τάτους
2428 999 2485 1053 δὲ
2520 997 2642 1050 λίαν
2673 994 2801 1056 τοὺς
2834 990 2943 1045 τῶν
2979 988 3161 1059 νόμων
3201 984 3491 1056 ὑφηγητάς
3538 980 3794 1050 γενέσθαι

2207 1093 2372 1165 φημὶ,
2402 1089 2494 1145 καί
2530 1105 2614 1142 τοι
2640 1085 2899 1152 πλείστην
2944 1082 3077 1151 ὅσην
3119 1076 3277 1142 δόξαν
3320 1074 3668 1143 δικαιοσύνης
3707 1069 3793 1138 ἐφ.

2208 1189 2417 1249 ἑαυτοῖς
2444 1180 2772 1255 ᾑρημένους.
2806 1175 3017 1247 Χρῆναι
3044 1172 3155 1242 γάρ
3184 1169 3248 1240 δὴ
3277 1165 3790 1255 νενομοθετήκασιν,

2209 1281 2311 1333 οὐκ
2345 1272 2442 1331 οἷδ’
2483 1276 2668 1338 ὅπως,
2701 1269 2830 1333 τοὺς
2868 1263 3248 1340 ρᾳθυμοῦντας
3296 1256 3655 1323 κολάζεσθαι,
3702 1254 3797 1309 καὶ

2214 1369 2415 1441 πικρὰς
2445 1368 2555 1437 τῆς
2584 1362 2952 1434 παραϐάσεως
2977 1353 3330 1412 ἀποτιννύναι
3357 1352 3537 1415 δίκας,
3567 1349 3800 1411 κανόνας

2213 1458 2271 1512 δέ
2321 1436 2515 1524 ὥσπερ
2578 1454 2692 1515 τοῖς
2769 1448 2910 1512 νέοις
2968 1445 3065 1500 καὶ
3128 1441 3505 1512 παιδαγωγίας
3564 1436 3802 1510 τρόπους

2215 1546 2775 1615 ἁξιεπαινετωτάτους
2814 1536 3281 1611 παραδεδώκασιν,
3312 1534 3345 1605 ἦ
3369 1532 3443 1596 ὡς
3468 1532 3529 1587 δν
3558 1532 3643 1599 ἐφ’
3670 1531 3803 1600 ἡμῖν

2219 1640 2436 1705 αὐτοῖς,
2473 1636 2533 1690 τὸ
2559 1632 2799 1688 διαϐιοῦν
2833 1629 3050 1684 ἑλέσθαι
3081 1626 3294 1699 σεμνῶς
3315 1666 3330 1685 .
3354 1623 3388 1694 ἦ
3418 1623 3520 1676 οὐκ
3550 1616 3645 1675 οἷδ’
3689 1620 3719 1673 ὃ
3748 1635 3803 1671 τι

539 1752 687 1809 runt,
714 1751 808 1797 aut
832 1742 983 1812 quod
1033 1741 1090 1795 in
1145 1748 1332 1794 nostra
1368 1738 1625 1792 facultate
1657 1708 1821 1790 situm
1853 1708 2123 1803 putarent

2234 1729 2651 1802 πεφρονηκότες.
2672 1725 2810 1795 Φαίη
2842 1723 2885 1777 δ’
2914 1722 3002 1788 ἂν,
3024 1717 3199 1793 οἶμαι,
3226 1718 3328 1782 τίς
3350 1711 3516 1784 Εὖγε,
3533 1708 3580 1768 ὧ
3602 1711 3803 1776 Σόλων,

539 1835 824 1889 honestam
856 1832 1023 1887 vitam
1054 1831 1377 1895 instituere;
1420 1835 1514 1882 aut
1544 1826 1730 1882 nescio
1771 1823 1918 1895 quod
1943 1822 2122 1877 consi-

538 1925 673 1980 lium
704 1924 877 1980 secuti
916 1922 1045 1978 sint.
1077 1921 1289 1976 Dixerit
1311 1926 1515 1984 autem,
1547 1924 1608 1972 ut
1634 1917 1850 1987 opinor,
1880 1914 2079 1984 aliquis
2106 1931 2118 1966 :

540 2018 807 2073 Praeclare
831 2014 1076 2086 quidem,
1118 2028 1152 2068 ο
1176 2011 1364 2077 Solon,
1392 2011 1540 2082 leges
1566 2010 1711 2065 illius
1738 2007 1921 2063 smeuli
1944 2004 2123 2061 homi-

542 2107 707 2162 nibus
730 2106 1003 2162 tradidisti
1028 2123 1043 2173 ;
1071 2104 1169 2160 sed
1193 2119 1331 2175 epus
1346 2113 1465 2158 erat
1482 2109 1542 2157 ut
1566 2101 1697 2156 Fato
1717 2106 1980 2171 praetcrea
2002 2110 2128 2168 per-

545 2199 826 2263 suaderes,
880 2197 1116 2265 sineret;
1144 2212 1239 2252 eos
1281 2195 1378 2266 qui
1417 2196 1569 2265 leges
1608 2199 1954 2261 acceperant,
2002 2203 2125 2259 quae

546 2290 746 2344 vellent
769 2297 826 2344 et
847 2289 1050 2344 sentire
1077 2297 1134 2345 et
1170 2286 1372 2343 facere.
1398 2285 1504 2341 Sed
1533 2291 1611 2350 tu,
1649 2283 1788 2338 nihil
1810 2281 1879 2337 de
1896 2296 2126 2352 persua-

545 2382 725 2437 dendo
760 2382 1037 2447 laborans,
1062 2382 1210 2453 leges
1250 2379 1511 2436 sanxisti:
1560 2376 1783 2432 ridebas
1808 2375 2014 2446 quippe
2062 2381 2123 2430 et

547 2472 661 2543 ipse
685 2473 827 2527 hanc
851 2472 1119 2536 fabulam,
1155 2479 1212 2526 et
1236 2484 1424 2525 rerum
1446 2467 1780 2538 agendarum
1803 2465 2123 2520 facultatem

546 2577 718 2633 penes
739 2577 840 2616 nos
862 2577 983 2616 esse
1029 2559 1262 2623 sciebas,
1291 2567 1348 2613 et
1390 2555 1533 2611 hanc
1571 2554 1817 2623 iniquam
1852 2557 1909 2607 et
1931 2565 2130 2606 caecam

550 2653 831 2708 actionum
876 2654 1246 2707 humanarum
1274 2649 1570 2704 Fortunam
1614 2644 1953 2715 repellebas:
1989 2642 2129 2698 alio-

552 2743 648 2813 qui
672 2758 960 2812 nunquam
999 2741 1395 2804 existimasses,
1422 2738 1689 2809 Optimum
1712 2736 1935 2806 quidem
1954 2736 2132 2790 civem

557 2850 686 2889 eum
724 2849 845 2889 esse
890 2833 1207 2889 habendum
1245 2831 1341 2903 qui
1385 2838 1499 2885 tum
1531 2829 1657 2900 pius
1692 2836 1856 2893 esset,
1894 2835 2011 2882 tum
2048 2827 2130 2891 lea

2226 1821 2566 1892 ἐνομοθέτεις
2583 1819 2696 1880 τοῖς
2715 1815 2861 1870 τότε·
2881 1813 2996 1868 ἀλλ’
3018 1811 3127 1865 ἔδει
3152 1827 3255 1863 που
3285 1809 3505 1870 πάντως
3526 1821 3807 1878 προσανα-

2228 1914 2441 1969 πεὶθειν
2485 1911 2587 1982 τήν
2616 1906 2975 1980 Εἱμαρμένην
3016 1905 3225 1974 ἐφεῖναι
3271 1903 3384 1965 τοῖς
3410 1895 3806 1971 νομοθετουμέ-

2229 2023 2341 2069 νοις
2366 2004 2402 2059 δ.
2424 2004 2490 2059 ἂν
2520 2000 2793 2073 βούλοιντο
2815 1999 3031 2070 φρονεῖν
3054 2012 3115 2049 τε
3138 1994 3230 2049 καὶ
3248 1993 3403 2064 δρᾷν.
3436 1988 3811 2061 Ἐνομοθέτεις

2230 2098 2288 2152 δὲ
2327 2097 2388 2150 οὐ
2431 2091 2741 2156 πεπεικὼς·
2783 2088 2976 2161 ἐγέλας
3011 2086 3069 2141 δέ
3096 2103 3198 2140 που
3240 2086 3380 2156 τάχα
3409 2083 3503 2137 καὶ
3529 2079 3693 2144 αὐτὸς
3717 2080 3811 2134 τὸν

2237 2187 2433 2262 μῦθον,
2465 2184 2563 2242 καί¹
2597 2182 2823 2255 κυρίους
2859 2178 3132 2251 ἠπίστασο
3166 2176 3275 2231 τῶν
3307 2173 3597 2247 πρακτέων
3637 2173 3809 2243 ἡμᾶς,

2233 2261 2334 2355 τήν
2356 2298 2414 2335 τε
2447 2279 2632 2334 ἄδικον
2661 2276 2757 2330 καὶ
2782 2272 2990 2345 τυφλὴν
3018 2270 3131 2325 τῶν
3156 2266 3515 2341 ἀνθρωπίνων
3549 2261 3811 2339 πραγμά-

2235 2390 2342 2428 των
2364 2370 2656 2431 άπεσόϐεις
2675 2366 2878 2438 Τύχην·
2901 2365 2934 2437 ἢ
2960 2363 3075 2435 γὰρ
3099 2363 3200 2416 οὐκ
3222 2360 3287 2416 ἂν
3305 2359 3417 2431 ᾤου
3434 2358 3568 2422 δεῖν,
3590 2355 3814 2427 ἄριστον

2242 2464 2339 2536 μέν
2366 2458 2508 2517 εἶναι
2530 2461 2757 2531 πολίτην
2783 2457 3032 2512 ὑπονοεῖν
3052 2495 3068 2522 ,
3093 2454 3185 2509 τὸν
3209 2451 3411 2522 εὐσεϐῆ
3434 2466 3496 2504 τε
3528 2448 3624 2503 καί⁸
3651 2462 3814 2516 νομο-

2239 2556 2457 2624 φύλακα
2479 2593 2494 2618 ,
2522 2550 2744 2621 καὶτῆς
2782 2551 2865 2613 εἰς
2901 2548 3070 2620 ἄκρον
3103 2544 3406 2608 ἐπιεικείας
3436 2539 3675 2613 άνῆρθαι
3718 2536 3815 2609 τὴν

2239 2645 2419 2712 δόξαν,
2456 2645 2677 2715 ἀχρεῖον
2709 2641 2766 2695 δέ
2795 2635 2862 2694 αὖ
2898 2639 2993 2694 καὶ
3022 2641 3137 2703 τοῖς
3167 2637 3467 2709 αἰσχίστοις
3494 2628 3819 2704 ἐναριθμού-
3857 2647 3861 2650 ’

2242 2753 2425 2810 μενον,
2442 2735 2535 2790 τὸν
2557 2733 2832 2808 ἐρρῶσθαι
2858 2731 3136 2803 φράζοντα
3161 2732 3272 2794 τοῖς
3288 2729 3368 2792 εἰς
3390 2726 3659 2798 ὀρθότητα
3679 2738 3819 2793 συμ-

2240 2825 2592 2882 δουλεύσουσι
2624 2823 2860 2896 διᾴττειν
2887 2822 3109 2891 νόμοις;

556 2940 683 2997 gum
707 2934 987 2991 servator;
1033 2934 1089 2979 et
1137 2924 1203 2979 ad
1251 2937 1520 2978 summam
1569 2920 1862 2991 probitatis
1896 2919 2127 2991 gloriam
2148 2919 2518 2992 .pertigisset;
2563 2917 2817 2972 inutilem
2857 2930 3070 2981 rursus,
3112 2921 3168 2969 et
3192 2912 3336 2968 inter
3362 2911 3711 2983 turpissimos
3732 2922 3818 2963 re-

556 3018 917 3085 censendum,
963 3019 1058 3089 qui
1101 3018 1317 3089 legibus
1366 3024 1578 3071 rectum
1619 3013 1746 3068 vitae
1777 3013 1883 3068 iter
1913 3011 2136 3083 aggredi
2174 3012 2556 3079 suadentibus,
2580 3011 2809 3066 multam
2836 3009 3067 3064 salutem
3091 3005 3340 3062 dixisset.

627 3112 827 3168 PALL.
852 3110 1271 3181 Elegantissime
1292 3117 1456 3178 atque
1480 3105 1710 3177 optime.

613 3205 770 3261 CYR.
790 3203 930 3271 Quid
947 3218 1099 3268 vero,
1114 3202 1318 3258 Palladi
1340 3219 1354 3268 ;
1380 3213 1678 3271 puerorum
1704 3197 2077 3253 institutiones
2094 3205 2149 3253 et

562 3297 786 3362 monita,
829 3295 1245 3350 exhortationes
1285 3306 1508 3362 quoque
1545 3289 1615 3345 ad
1664 3289 1952 3353 virtutem,
2007 3303 2151 3358 quas

560 3393 819 3455 parentes
861 3384 1052 3438 liberis
1092 3390 1149 3438 et
1183 3380 1429 3451 magistri
1472 3380 1539 3434 ad
1563 3394 1621 3434 se
1642 3377 2042 3433 ventitantibus
2057 3378 2154 3433 ad-

562 3478 775 3541 hibent,
803 3491 985 3530 nonne
1018 3488 1188 3530 vanas
1210 3489 1330 3528 esse
1363 3472 1647 3537 dicemus;
1692 3474 1738 3526 si
1765 3469 1909 3525 viam
1946 3485 2063 3537 non
2083 3486 2152 3525 ex

563 3576 750 3622 nostra
770 3565 1045 3621 sententia
1080 3564 1395 3636 iugredi,et
1416 3562 1543 3617 vitae
1585 3561 1839 3616 semitam
1863 3567 2050 3616 tenere
2071 3560 2155 3615 in-

566 3657 781 3714 terdum
807 3674 839 3712 a
863 3664 1046 3712 nostra
1067 3657 1348 3711 voluntate
1373 3654 1607 3709 alienam
1623 3652 1870 3724 cogimur
1894 3652 1917 3706 ?

638 3749 834 3806 PALL.
861 3750 929 3803 Et
950 3749 1175 3819 quidem
1201 3747 1461 3802 maxime.

638 3840 798 3895 CYR.
829 3837 888 3892 Si
916 3839 1042 3908 quis
1059 3846 1327 3909 praeterea
1352 3835 1642 3891 adversum
1667 3849 1870 3907 pueros
1890 3846 2037 3897 suos,
2062 3837 2158 3884 aut

571 3933 708 3988 alios
724 3930 938 3999 aliquos
957 3926 1595 3997 commoveatur,eisque
1618 3935 1826 3981 rectam
1848 3921 2159 3993 castigatio-

572 4036 699 4078 nem
722 4018 1002 4086 adhibeat,
1038 4017 1201 4088 200
1221 4016 1484 4073 laudesne
1509 4016 1625 4087 ipse
1652 4010 2161 4086 hujusmodibomi-

573 4132 725 4181 nem,
749 4132 821 4171 an
846 4113 1094 4183 iniquum
1119 4116 1299 4182 putes,
1328 4107 1422 4179 qui
1440 4106 1669 4162 consilio
1694 4105 1880 4161 nescio
1902 4120 2013 4175 quo
2038 4118 2159 4158 om-

574 4208 727 4264 nium
762 4205 922 4261 nobis
949 4205 1216 4258 malorum
1261 4206 1516 4254 auctores
1569 4196 1984 4268 irreprehensos
2008 4192 2162 4249 abire

576 4303 750 4368 sinat;
777 4314 873 4355 eos
900 4311 1033 4353 vero
1060 4294 1152 4366 qui
1178 4300 1377 4365 praeter
1398 4293 1737 4346 voluntatem
1756 4295 1813 4344 et
1834 4304 1902 4345 ex
1922 4287 2164 4343 necessi-

577 4401 692 4451 tate
714 4391 782 4447 ad
820 4390 938 4445 haec
958 4386 1179 4444 adducti
1198 4385 1330 4451 sint,
1358 4381 1675 4438 multandos
1700 4380 1896 4452 putet?

639 4483 839 4539 PALL.
866 4481 1104 4552 Equum
1131 4477 1300 4544 dicis;
1330 4490 1581 4548 magnam
1607 4474 1754 4529 enim
1777 4473 1944 4528 habet
1965 4470 2160 4543 proha-

584 4575 855 4631 bilitatem
878 4573 1073 4629 oratio.

644 4666 802 4722 (ΝΒ.
828 4664 983 4731 Quod
1009 4670 1193 4718 autem
1217 4662 1335 4717 haec
1371 4660 1596 4716 illorum
1622 4657 1811 4731 opinio
1837 4657 1909 4712 sit
1935 4669 2165 4712 summae

584 4754 885 4825 impietatis
927 4754 1108 4822 plena,
1147 4750 1277 4805 hinc
1302 4750 1517 4806 disces:
1570 4740 1802 4814 etenim,
1836 4761 1964 4801 cum
2006 4745 2172 4815 hujus

588 4844 967 4903 universitatis
988 4842 1144 4913 quasi
1166 4842 1593 4913 gubernatorem
1618 4840 1910 4913 quemdam
1945 4846 2002 4892 et
2028 4850 2171 4907 prte-

590 4940 766 5002 sidem
792 4937 967 4993 Deum
1005 4934 1074 4990 ab
1119 4949 1184 4989 ea
1219 4948 1385 5003 quam
1428 4933 1614 5000 habet,
1640 4934 1814 5006 gloria
1845 4930 2169 4993 deturbent,

592 5045 831 5104 cumque
874 5028 931 5105 in
973 5041 1094 5082 eam
1134 5024 1564 5096 progrediantur
1613 5025 1922 5090 audaciam,
1975 5030 2035 5077 ut
2060 5021 2178 5077 suis

595 5128 750 5181 illum
796 5119 1136 5179 ornamentis
1180 5118 1409 5174 omnino
1446 5117 1720 5188 spolient;
1767 5133 1867 5173 suo
1909 5114 2172 5188 suffragio

597 5233 783 5274 rerum
825 5222 1138 5271 nostrarum
1191 5214 1523 5283 potestatem
1573 5207 1642 5263 iis
1683 5208 1851 5264 rebus
1890 5207 2175 5263 ascribunt

595 5324 721 5378 quae
747 5307 878 5380 ipsis
890 5317 1100 5363 temere
1125 5302 1182 5358 in
1196 5310 1439 5358 mentem
1453 5299 1718 5367 veniunt;
1747 5300 1999 5371 quamvis
2018 5313 2173 5355 crea-

599 5411 778 5456 turam
800 5414 1016 5457 omnem
1045 5397 1288 5456 motibus
1320 5396 1468 5453 haud
1493 5394 1837 5451 moderatore
1854 5394 2173 5451 carentibus

673 5605 749 5678 (ί)
776 5603 881 5678 Sic
1112 5605 1287 5678 \latie=
1308 5621 1326 5671 ;
1368 5602 1552 5678 Sirleti
1592 5600 1798 5678 _code_x,
1840 5596 2177 5678 διδασκάλων

600 5678 659 5734 δὲ
683 5671 878 5750 ’νήφεις
904 5676 1208 5748 ὁμιληταῖς.
1245 5672 1449 5730 Vocem
1493 5671 1783 5743 ὁμιληταῖς
1816 5671 1886 5727 ad
1913 5686 1969 5725 se
2005 5671 2172 5724 venti-

2194 4444 2240 4499 D

2169 3109 2214 3168 C.
2314 3105 2524 3158 IIAAA.
2572 3102 2921 3156 Ἀστειότατά
2960 3118 3020 3154 τε
3053 3100 3147 3153 καὶ
3179 3097 3385 3169 σφόδρα
3415 3096 3598 3161 καλῶς
3628 3096 3780 3168 ἔφης.

2319 3197 2485 3253 ΚΥΡ.
2527 3196 2595 3250 Τί
2626 3195 2705 3261 δέ,
2745 3189 2792 3249 ὧ
2832 3193 3092 3265 φιλότης;
3138 3191 3259 3262 οὐχί
3299 3189 3400 3254 τὰς
3448 3190 3822 3259 παιδαγωγίας

2250 3291 2346 3346 καὶ
2374 3289 2474 3354 τὰς
2507 3287 2812 3360 ὑποθήκας,
2846 3286 2943 3339 καὶ
2975 3285 3080 3356 μὴν
3107 3284 3202 3339 καὶ
3246 3282 3579 3355 προκλήσεις
3611 3282 3712 3345 τάς
3740 3282 3823 3336 ἐπ’

2250 3384 2487 3458 ἀρετὴν,
2518 3383 2698 3455 ἇσπερ
2745 3382 2812 3436 ἂν
2856 3381 3095 3435 ποιοῖντο
3136 3377 3372 3449 πατέρες
3420 3376 3521 3448 μὲν
3559 3376 3646 3447 ἐφ’
3672 3377 3823 3441 υίοῖς,

2251 3475 2556 3530 διδάσκαλοι
2583 3473 2639 3527 δέ
2680 3471 2968 3543 ὁμιληταῖς
3008 3470 3110 3540 (l),
3147 3467 3361 3531 εἰκαίας
3392 3463 3533 3521 εἶναι
3563 3467 3824 3538 φήσομεν,

2252 3570 2303 3622 εἰ
2347 3566 2725 3638 καταστείχειν
2759 3564 2976 3636 ἀνάγκη
3021 3563 3122 3635 τὴν
3152 3563 3215 3616 οὐ
3256 3561 3399 3616 κατὰ
3429 3558 3655 3631 γνώμην
3691 3558 3827 3624 ὁδὸν,

2253 3659 2350 3715 καὶ
2383 3658 2498 3730 βίου
2527 3656 2715 3730 τρίϐον
2747 3656 2884 3711 ἰέναι
2917 3654 3016 3727 τήν
3043 3652 3368 3723 ἀνεθέλητον
3395 3651 3508 3706 ἐσθ’
3534 3652 3657 3718 δτε;

2325 3751 2537 3806 ΠΑΛΛ.
2567 3750 2680 3806 Καὶ
2713 3750 2877 3822 μάλα.

2326 3843 2495 3899 ΚΥΡ.
2523 3842 2664 3897 Εἰδέ
2688 3841 2753 3914 δὴ
2777 3840 2872 3896 καί⁸
2901 3839 3087 3896 παισὶν
3112 3839 3286 3904 ἰδίοις,
3304 3838 3469 3910 ήγουν
3493 3836 3704 3907 ἑτέροις
3723 3832 3834 3889 τισὶ

2259 3935 2783 4008 πεπλημμεληκόσιν
2808 3932 3158 4006 ἐποτρύνοιτό
3180 3949 3265 3997 τις
3290 3932 3385 3986 καὶ
3405 3930 3572 4003 ὀρθὴν
3600 3931 3833 3983 ποιεῖται

2259 4029 2357 4101 τὴν
2384 4025 2695 4097 ἐπίπληξιν,
2720 4026 3044 4090 ἐπαινέσαις
3078 4026 3147 4081 ἂν
3176 4026 3269 4079 τδν
3298 4023 3538 4083 τοιοῦτον
3577 4023 3772 4086 αὐτὸς,
3800 4020 3833 4092 ἢ

2260 4119 2446 4175 ἄδικον
2490 4119 2643 4190 λογιῇ
2666 4158 2679 4182 ,
2720 4119 2846 4182 τοὺς
2895 4118 2993 4188 μὲν
3029 4118 3284 4172 ἁπάντων
3327 4118 3461 4188 ἡμῖν
3497 4115 3608 4169 τῶν
3653 4112 3836 4168 κακῶν

2262 4210 2466 4273 αἰτίους
2495 4209 2920 4280 άνεπιτιμήτους
2947 4210 3042 4280 ἐᾷν
3079 4210 3179 4262 οὐκ
3204 4205 3299 4262 οἷδ’
3327 4209 3476 4271 ὅπως
3506 4205 3837 4279 ᾑρημένους,

2261 4300 2388 4364 τούς
2430 4315 2496 4369 γε
2547 4299 2673 4371 μὴν,
2719 4297 3061 4370 άνεθελήτως
3115 4316 3174 4353 τε
3207 4298 3302 4352 καὶ
3345 4294 3405 4363 ἐξ
3449 4297 3697 4366 ἀνάγκης
3748 4294 3841 4349 ἐπὶ

2264 4393 2437 4448 ταῦτα
2463 4392 2737 4463 ἠγμένους
2767 4391 3063 4463 ὑποφέρειν
3089 4393 3208 4454 ταῖς
3239 4390 3452 4455 δίκαις;

2339 4484 2549 4539 ΠΑΔΛ.
2575 4484 2781 4538 Ἔοικε.
2819 4483 2962 4537 Πολὺ
2991 4482 3098 4553 γὰρ
3121 4481 3234 4554 ἔχει
3259 4482 3321 4535 τὸ
3349 4480 3576 4535 πιθανὸν
3602 4479 3633 4533 ὁ
3663 4475 3848 4549 λόγος.¹

2341 4664 2508 4719 ΚΥΡ.
2564 4660 2858 4733 Ἐμπλεως
2907 4659 2964 4713 δὲ
3016 4658 3099 4713 ὅτι
3146 4654 3467 4720 δυσσεϐείας
3512 4653 3696 4718 αὐτοῖς
3751 4652 3849 4716 τῆς

2270 4754 2507 4825 ἐσχάτης
2538 4754 2573 4824 ή
2601 4751 2779 4806 τοιάδε
2806 4748 2964 4815 δόξα,
2993 4747 3289 4803 κάντεῦθεν
3318 4746 3443 4821 εῐσῃ
3470 4762 3552 4800 τοι
3571 4761 3586 4777 ·
3616 4744 3710 4798 τόν
3740 4744 3853 4817 γὰρ

2272 4844 2426 4899 τοῦδε
2452 4841 2546 4898 τοῦ
2583 4842 2784 4906 παντὸς
2812 4839 3200 4912 οἰακοστρόφον
3236 4838 3428 4911 ὥσπερ
3455 4837 3577 4893 τινὰ
3603 4838 3702 4891 καὶ
3731 4838 3856 4890 ἐπιο

2274 4935 2478 5006 στάτην
2503 4932 2656 4998 Θεὸν,
2680 4934 2779 5004 τῆς
2805 4932 3033 5003 ἐνούσης
3063 4930 3214 5002 αὑτῷ
3251 4928 3635 4992 κατασείοντες
3669 4927 3854 4997 δόξης,

2277 5026 2371 5081 καί
2411 5025 2492 5088 είς
2520 5022 2677 5078 τοῦτο
2721 5022 2906 5077 λοιπὸν
2941 5021 3109 5086 ἰόντες
3151 5020 3391 5093 θράσους
3409 5059 3426 5085 ,
3461 5019 3538 5082 ὡς
3563 5017 3674 5072 τῶν
3710 5018 3857 5071 ἰδίων

2277 5117 2509 5172 εἰσάπαν
2536 5114 2852 5186 ἀλλοτριοῦν
2882 5112 3215 5186 αὐχημάτων
3243 5112 3410 5167 αὐτὸν
3427 5151 3443 5178 ,
3473 5111 3679 5182 ψήφοις
3704 5107 3860 5171 ίδίιις

2277 5207 2435 5263 αὐτοὶ
2459 5208 2522 5261 τὸ
2540 5205 2650 5261 τῶν
2675 5206 2799 5261 καθ’
2825 5206 2975 5278 ἡμᾶς
3001 5204 3335 5276 ἀπονέμουσι
3365 5201 3567 5276 κράτος
3584 5241 3600 5270 ,
3622 5202 3738 5263 τοῖς
3778 5197 3857 5260 είς

2278 5301 2400 5356 νοῦν
2431 5301 2659 5373 ἥκουσιν
2692 5298 2882 5364 ἁπλῶς
2902 5316 2918 5330 ο
2948 5298 3043 5353 καί
3066 5314 3149 5353 τοι
3174 5297 3274 5369 τήν
3303 5296 3482 5351 κτίσιν
3511 5294 3731 5348 ἃπασαν
3758 5290 3858 5344 οὐκ

2277 5394 2731 5466 ἀνεπιστατήτοις
2765 5393 3031 5465 κινήμασι
3065 5388 3370 5462 φερομένην
3409 5384 3646 5457 ὁρῶντες
3679 5384 3761 5446 εἰς
3790 5379 3859 5433 τά

2282 5599 2517 5726 ἑιέιὲἑξδιιε
2569 5596 2781 5655 reddidi
2804 5639 2818 5667 ,
2871 5605 2933 5653 ut
2974 5597 3116 5655 solet
3159 5596 3350 5655 Cicero
3398 5592 3702 5664 discipulos
3756 5579 3863 5657 vo—Z
