4138 6300
297 284 405 343 453

1032 286 1122 343 DE
1161 284 1603 345 ADORATIONE
1634 289 1704 346 IN
1746 290 2017 353 SPlRlTU
2057 297 2145 354 ET
2187 301 2555 360 VERITATE.
2597 303 2729 361 LIB.
2766 305 2857 362 Vl.

3459 318 3560 371 454

294 402 501 460 οἰκεῖα.
541 398 607 451 Τί
647 398 759 471 γὰρ
803 398 904 453 οὐκ
942 399 1000 453 ἐν
1030 399 1226 471 κόσμῳ
1256 399 1559 471 πράττεται
1606 402 1715 459 τῶν
1762 409 1877 480 περπ

1995 416 2052 472 in
2081 429 2211 471 suos
2236 414 2376 472 ﬁnes
2419 418 2648 475 tendere
2679 420 2923 477 videant.
2968 420 3111 490 Quid
3156 423 3305 480 enim
3328 424 3385 481 in
3407 442 3561 485 crea-

295 498 401 568 τὴν
430 493 648 558 κτίσιν;
677 491 730 545 τί
754 491 811 545 δὲ
834 490 942 546 τῶν
970 491 1137 547 όντων
1162 492 1281 563 οὐχὶ
1313 492 1413 565 τὴν
1448 494 1586 549 ἰδίαν
1609 497 1880 569 τετήρηκε

292 591 470 657 τάξιν,
504 588 601 643 καὶ
653 585 938 659 μονονουχὶ
968 586 1061 641 τὸν
1102 586 1398 658 ταξίαρχον
1443 587 1751 659 άναφωνεῖ;
1788 596 1883 646 καὶ

292 686 379 739 ὅτι
417 682 603 753 νόμοις
650 677 980 744 ὑπέξευκται
1034 676 1133 749 βοᾷ
1176 679 1273 733 καὶ
1321 678 1556 751 νεύμασι
1601 682 1881 736 διοικεῖται

291 779 407 854 τοῖς
430 774 524 831 τοῦ
554 775 777 847 κρατεῖν
810 774 1107 844 ἰσχύοντος,
1141 775 1286 846 φημὶ
1315 774 1379 848 δὴ
1404 776 1561 831 Θεοῦ.
1591 779 1880 850 Τοιγάρτοι

293 872 391 926 καὶ
422 871 452 923 ό
474 866 760 930 θεσπέσιος
784 866 1029 930 Παῦλοςο
1062 886 1080 919 ι
1118 867 1199 922 Τά
1235 869 1344 940 γὰρ
1379 869 1586 942 ἀόρατα
1628 871 1816 936 αὐτοῦ,
1853 891 1872 925 ›

292 962 481 1033 φησὶν,
508 979 528 1013 ι
549 958 658 1014 ἀπὸ
686 958 919 1023 κτίσεως
930 958 1140 1030 κόσμου
1179 963 1290 1025 τοῖς
1315 963 1584 1033 ποιήμασι
1616 963 1881 1035 νοούμενα

299 1052 623 1124 καθορᾶται,
646 1050 681 1121 ή
702 1066 762 1103 τε
789 1049 959 1113 ἀΐδιος
982 1050 1147 1102 αὐτοῦ
1173 1050 1403 1122 δύναμις
1432 1054 1526 1108 καὶ
1546 1053 1778 1126 θειότης,
1799 1056 1880 1118 είς

291 1141 357 1197 τὸ
397 1138 540 1195 εἶναι
577 1138 779 1200 αὐτοὺς
826 1136 1269 1210 ἀναπολογήτους
1291 1158 1304 1172 ·
1341 1141 1477 1195 διότι
1527 1144 1746 1212 γνόντες
1790 1144 1880 1198 τὸν

291 1235 449 1301 Θεὸν,
479 1233 577 1303 οὐχ
596 1231 671 1295 ὼς
701 1230 832 1283 Θεὸν
861 1229 1139 1297 ἐδόξασαν,
1166 1231 1282 1284 ἀλλ’
1314 1233 1754 1307 ἐματαιώθησαν,
1787 1238 1881 1291 καὶ

298 1324 593 1395 ἐσκοτίσθη
624 1325 657 1395 ή
677 1322 936 1386 ἀσύνετος
954 1322 1131 1377 αὐτῶν
1153 1323 1367 1394 καρδίω
1398 1327 1717 1395 φάσκοντες,
1743 1323 1880 1382 εἶναι

292 1418 460 1488 σοφοὶ
493 1414 914 1488 ἐμωράνθησαν.
964 1433 984 1466 ι
1036 1415 1161 1479 Πῶς
1193 1416 1302 1488 γὰρ
1334 1418 1434 1471 οὐκ
1482 1419 1880 1492 ἐμωράνθησαν

290 1510 444 1583 ἕτερ’
472 1508 604 1563 ἄττα
640 1507 795 1579 παρά
820 1523 881 1561 τε
905 1505 967 1560 τὸ
1004 1505 1126 1578 ἔχον
1163 1506 1361 1580 ὀρθῶς,
1406 1509 1555 1579 σφίσι
1591 1528 1650 1563 τε
1690 1513 1877 1575 αὐτοῖς

289 1604 394 1658 καὶ
442 1600 549 1672 μὴν
592 1598 688 1654 καὶ
726 1598 934 1670 ἑτέροις
976 1602 1192 1672 φρονεῖν
1222 1600 1713 1672 συμϐουλεύοντες
1750 1603 1882 1657 Καί-

284 1712 379 1749 τοι
408 1694 466 1747 τί
498 1693 561 1765 δή
609 1709 739 1746 ποτε
788 1692 920 1763 φαίη
952 1709 1034 1757 τις
1064 1693 1130 1746 ἂν
1166 1693 1279 1757 τοῖς
1319 1693 1490 1757 οὕτως
1522 1693 1727 1759 ἀθλίοις
1768 1697 1881 1748 ἐπι-

1986 520 2111 567 tura
2140 511 2323 582 agitur
2350 510 2749 569 immoderate?
2791 514 2994 585 quidve
3020 516 3077 571 in
3112 517 3279 574 rebus
3298 528 3384 575 est
3416 533 3558 592 quod

1982 619 2093 659 non
2119 618 2279 658 suum
2294 602 2545 658 ordinem
2570 604 2785 659 servet?
2809 620 2872 660 ac
2896 621 3006 662 non
3031 606 3247 665 ordinis
3259 612 3563 684 principem

1981 691 2383 763 propemodum
2407 692 2567 747 effari
2602 692 2878 759 videatur,
2899 703 2956 750 et
2978 695 3214 753 clamare
3237 715 3296 755 se
3323 701 3443 772 ejus
3462 703 3556 757 ob-

1985 791 2296 852 temperare
2318 783 2555 853 legibus,
2597 786 2826 856 ejusque
2852 787 3086 843 nutibus
3100 793 3237 861 regi,
3270 793 3366 862 qui
3388 794 3559 864 ipsam

1980 872 2265 928 continere
2287 888 2350 929 ac
2367 873 2513 928 tueri
2536 875 2737 939 valeat,
2763 877 3119 948 Dei,inquam
3141 881 3164 933 ’ἒ
3188 882 3374 952 Itaque
3398 887 3560 941 etiam

1980 961 2175 1018 beatus
2202 964 2424 1030 Paulus,
2459 983 2476 1016 ι
2505 965 2830 1031 Invisibilia,
2866 985 2882 1016 ι
2921 966 3125 1037 inquit,
3156 987 3175 1020 ι
3204 970 3325 1041 ejus
3358 988 3390 1027 a
3414 989 3559 1029 crea-

1980 1063 2103 1110 tura
2127 1056 2319 1111 mundi
2344 1072 2443 1127 per
2478 1071 2545 1111 ea
2589 1073 2711 1127 quae
2732 1057 2879 1112 facta
2916 1067 3066 1125 sunt,
3110 1060 3389 1119 intellecta
3436 1081 3557 1121 con-

1980 1149 2292 1219 spiciuntur
2334 1166 2349 1217 ;
2375 1148 2706 1220 sempiterna
2736 1164 2953 1220 quoque
2975 1152 3096 1222 ejus
3118 1153 3318 1220 virtus,
3345 1163 3400 1211 et
3422 1155 3568 1211 divi-

1978 1240 2123 1296 nitas
2156 1260 2168 1295 :
2196 1240 2272 1295 ita
2300 1248 2361 1296 ut
2402 1241 2512 1296 sint
2549 1240 2985 1296 inexcusabiles:
3014 1244 3165 1313 quia,
3204 1261 3332 1301 cum
3360 1263 3560 1319 cogno-

1977 1330 2188 1386 vissent
2211 1333 2403 1397 Deum,
2428 1348 2541 1387 non
2566 1334 2812 1389 utDeum
2832 1333 3297 1403 gloriﬁcaverunt,
3322 1346 3418 1393 aut
3440 1353 3552 1407 gra-

1979 1423 2086 1478 tias
2108 1434 2340 1495 egerunt
2364 1441 2379 1491 ;
2404 1425 2501 1480 sed
2548 1426 2904 1482 obscuratum
2928 1436 3012 1482 est
3036 1428 3313 1498 insipiens
3353 1444 3451 1484 cor
3472 1445 3556 1485 eo-

1981 1530 2125 1580 rum,
2158 1526 2215 1571 et
2228 1527 2571 1574 evanuerunt
2608 1518 2665 1572 in
2696 1520 3127 1590 cogitationibus
3153 1520 3293 1585 suis;
3318 1520 3562 1576 dicente:I

1979 1621 2037 1660 se
2051 1621 2171 1661 esse
2188 1608 2480 1678 sapientes,
2501 1610 2652 1665 stulti
2672 1609 2799 1664 facti
2822 1619 2949 1665 sunt
2971 1612 3033 1665 ¹⁸.
3060 1632 3078 1664 ι
3109 1611 3394 1679 Quomodo
3417 1612 3565 1667 enim

1979 1714 2092 1753 non
2117 1699 2270 1753 stulti
2296 1699 2425 1755 facti
2454 1709 2603 1766 sunt,
2653 1703 2748 1773 qui
2794 1704 2899 1757 alia
2932 1704 3183 1775 quaedam
3214 1705 3283 1759 ab
3320 1720 3388 1760 eo
3418 1705 3568 1776 quod

304 1782 568 1856 νήχεσθαι
613 1782 915 1854 λογισμοῖς,
974 1782 1111 1854 μηδὲ
1170 1784 1354 1850 αὐτοῖς
1408 1783 1720 1849 ἁνδάνοντος
1767 1790 1877 1851 τοῖς

1983 1802 2194 1846 rectum
2218 1791 2310 1851 sit.
2335 1793 2542 1848 sentire
2570 1802 2684 1848 tum
2710 1795 2815 1849 sibi
2842 1796 2966 1866 ipsi,
2986 1806 3102 1851 tum
3122 1812 3254 1852 vero
3275 1799 3438 1852 etiam
3457 1813 3563 1853 cre-

287 1875 425 1948 παρ⁹
464 1875 594 1947 ὑμῖν
643 1875 895 1946 ποιηταῖς
938 1873 1031 1928 τοῦ
1083 1873 1295 1945 μύθου;
1356 1874 1620 1945 Ἀνῆφθαι
1664 1874 1772 1947 γάρ
1809 1876 1875 1949 δή

284 1968 401 2022 τῶν
445 1967 738 2040 πρακτέων
776 1966 874 2029 τὰς
916 1967 1252 2039 οἰκονομίας,
1288 1968 1396 2040 οὐχ
1438 1968 1659 2041 ἑτέρους
1690 1970 1873 2039 τινὰς,

1983 1880 2117 1936 teris
2145 1881 2482 1952 persuadent
2514 1885 2557 1916 “
2578 1885 2601 1937 ?
2623 1884 2812 1955 Atqui,
2840 1885 2987 1943 dicet
3012 1887 3233 1958 aliquis,
3269 1890 3401 1960 quid
3426 1906 3567 1963 opus

1981 1982 2067 2029 est
2089 1973 2144 2028 in
2172 1974 2258 2030 his
2280 1975 2418 2031 adeo
2452 1976 2764 2032 infelicibus
2788 1982 3118 2036 commentis
3162 1980 3402 2049 fluitare,
3429 1998 3561 2038 cum

285 2058 407 2113 ἀλλ’
440 2059 592 2130 ἡμᾶς
616 2058 816 2121 αὐτοὺς
839 2052 897 2111 εὖ
929 2057 1074 2129 ἔχειν
1096 2057 1293 2115 ἐδόκει.
1318 2059 1428 2111 Καὶ
1456 2058 1589 2128 γοῦν
1625 2060 1877 2132 Ὅμηρος

1983 2065 2088 2122 hoc
2113 2066 2431 2138 ﬁgmentum
2475 2085 2544 2125 ne
2576 2071 2776 2126 vestris
2819 2073 3046 2144 quidem
3088 2074 3266 2145 poetis
3308 2075 3565 2146 placeat?

289 2151 415 2223 μὲν,
454 2151 513 2205 ἐν
544 2150 766 2214 οἰκείοις
791 2150 1086 2222 ποιήμασι,
1114 2150 1208 2205 τὸν
1235 2150 1570 2222 πανάριστον
1602 2151 1758 2221 ὑμῶν
1780 2151 1877 2205 καὶ

1984 2157 2196 2229 Quippe
2243 2161 2337 2231 qui
2365 2177 2554 2217 rerum
2588 2165 2923 2235 agendarum
2949 2167 3403 2238 gubernationem
3451 2185 3561 2224 non

287 2240 499 2297 ὕπατον
538 2244 638 2298 Δία
673 2246 787 2308 τοῖς
811 2244 1021 2315 ἑτέροις
1047 2243 1150 2316 ἔφη
1181 2242 1621 2316 προσδιειλέχθαι
1651 2243 1873 2314 δαίμοσι

1980 2248 2045 2304 ad
2089 2250 2302 2321 aliquos
2347 2254 2503 2320 alios,
2538 2255 2634 2309 sed
2686 2255 2755 2309 ad
2794 2271 2895 2311 nos
2936 2257 3086 2327 ipsos
3124 2259 3409 2332 pertinere
3438 2260 3564 2331 jure

286 2336 418 2408 περὶ
437 2337 539 2408 τῆς
560 2337 819 2406 Αἰγίσθου
845 2337 1114 2409 μοιχείας,
1134 2337 1350 2409 καὶτῆς
1377 2336 1472 2390 ἐπὶ
1495 2336 1632 2410 τῷδε
1654 2336 1870 2408 ποινῆς’

1980 2342 2316 2398 censuerint.
2344 2344 2535 2415 Itaque
2579 2345 2852 2401 Homerus
2873 2347 2931 2402 in
2971 2348 3087 2403 suis
3106 2350 3376 2419 poematis
3410 2351 3563 2406 illum

282 2437 533 2486 vestrum
557 2446 820 2503 perquam
852 2432 1124 2503 optimum
1153 2446 1218 2487 ac
1257 2445 1535 2487 summum
1581 2431 1794 2497 Jovem,
1834 2446 1959 2486 cum
1998 2435 2213 2491 cazteris
2249 2436 2328 2491 ait
2363 2435 2471 2492 diis
2506 2436 2840 2492 collocutum
2863 2437 2931 2493 de
2951 2437 3186 2510 Egistbi
3216 2440 3486 2497 adulterio
3509 2449 3568 2497 et

282 2536 451 2598 pinna
479 2526 559 2581 illi
583 2525 769 2581 debita
794 2543 808 2580 :

283 2636 366 2694 τΩ
395 2641 600 2704 πόποι,
622 2636 747 2695 οἷον
763 2639 838 2708 δή
861 2658 938 2695 νυ
964 2640 1138 2707 θεοὺς
1158 2640 1365 2710 ,Βροτοί
1394 2640 1767 2695 αἰτιόωνται]

316 2711 424 2775 Ἐξ
446 2710 640 2779 ἡμέων
661 2711 768 2780 γάρ
796 2726 946 2781 φασι
967 2710 1100 2764 κάκ’
1131 2711 1394 2781 ἔμμεναι,
1414 2714 1467 2764 οἱ
1494 2710 1563 2764 δὲ
1589 2711 1687 2764 καὶ
1708 2711 1876 2764 αὑτοί

299 2782 527 2851 Σφίσιν
572 2781 1015 2850 ἀτασθαλίῃσιν
1062 2782 1216 2849 ὑπὲρ
1258 2780 1451 2850 μόρον
1496 2781 1877 2922 ἀλγῶἕχου·

1480 2867 1585 2905 σιν
1697 2891 1712 2905 .

1987 2638 2396 2712 Quam__temere
2440 2637 2684 2712 culpant
2698 2639 2937 2712 homines
2975 2660 3065 2712 ριο
3096 2649 3317 2703 numina
3362 2649 3565 2708 divum!

1980 2710 2066 2786 Illa;
2090 2709 2447 2786 nobis‘etenint
2470 2709 2617 2786 male
2652 2711 2834 2763 dicunt
2861 2709 3010 2786 esse:
3028 2714 3120 2767 sed
3154 2718 3255 2786 ipsi

1976 2779 2188 2833 Praeter
2217 2780 2333 2850 [uia
2362 2781 2471 2832 suis
2497 2781 2775 2850 patiuntur
2795 2789 2870 2834 tot
2897 2783 3044 2838 mala
3074 2779 3260 2856 culpis.

306 2942 450 2998 Ἄνθ⁹
467 2944 589 2998 ὅτου
608 2943 717 3016 γάρ
742 2944 1018 3016 δὴ,φησ“ιν,
1036 2943 1389 2999 ἐπαιτιῶνται
1408 2961 1552 3009 τινες
1571 2945 1699 3009 τοὺς
1716 2944 1871 3008 θεοὺς

1980 2942 2146 3011 Quam
2176 2943 2247 2998 ob
2273 2959 2517 3010 causam,
2541 2946 2742 3016 inquit,
2757 2950 2988 3004 nonnull
3020 2951 3155 3008 deos
3167 2966 3427 3012 accusant
3443 2964 3563 3014 tan-

284 3030 360 3097 ὡς
388 3035 518 3106 παρ’
545 3033 725 3088 αὐτῶν
750 3034 964 3105 ἔχοντες
1003 3035 1072 3089 τὰ
1102 3035 1270 3102 κακὰ,
1301 3034 1396 3089 καὶ
1432 3036 1554 3107 οὐχὶ
1577 3035 1643 3107 δὴ
1673 3035 1874 3108 μᾶλλον

1980 3050 2141 3106 quam
2165 3035 2235 3090 ab
2252 3035 2361 3089 illis
2386 3036 2443 3090 in
2470 3053 2527 3091 se
2542 3037 2698 3107 201
2714 3039 2853 3093 mala
2878 3040 3224 3110 deriventur,
3254 3061 3317 3101 ac
3335 3062 3445 3104 non
3463 3064 3563 3119 po-

283 3126 384 3196 τῆς
434 3125 586 3196 σφῶν
638 3126 818 3182 αὐτῶν
885 3128 1163 3200 ἁμαρτίας
1221 3130 1739 3201 ητακεκρὰγασιν,
1799 3129 1876 3193 ὠς

282 3218 526 3290 ἐνιείσης
574 3220 772 3283 αὐτοὺς
822 3222 1163 3290 συμφοραῖς,
1195 3220 1290 3274 καὶ
1331 3223 1450 3285 ταῖς
1489 3221 1631 3294 ὑπὲρ
1671 3222 1872 3293 μόρον,

282 3311 568 3378 τουτέστι,
602 3313 696 3365 καὶ
739 3315 859 3375 ταῖς
909 3312 1052 3383 ὑπὲρ
1099 3313 1481 3384 Εἱμαρμένην,
1535 3314 1656 3383 ἢτοι
1704 3315 1767 3367 τὸ
1807 3316 1873 3385 τῇ

282 3403 617 3477 Είμαρμένῃ
640 3404 853 3460 δοκοῦν.
872 3404 1082 3459 Οὐκοῦν
1108 3408 1267 3478 εἰπερ
1289 3406 1463 3460 ἐλοιτό
1491 3424 1574 3470 τις
1594 3406 1877 3461 διαϐιῶναι

287 3493 388 3565 μὲν
418 3492 616 3564 ὀρθῶς,
640 3493 1030 3559 εὐϐουλοτάτας
1058 3495 1114 3549 δὲ
1138 3496 1234 3549 καὶ
1260 3495 1672 3559 ἐπιεικεστάτας
1695 3496 1795 3561 τὰς
1817 3498 1876 3552 ὲν

281 3585 423 3656 τῷδε
451 3585 529 3654 τῷ
561 3584 663 3656 βίῳ
693 3587 965 3640 ποιεῖσθαι
987 3587 1286 3656 διατριϐάς,
1310 3586 1663 3658 ὀρθοποδήσει
1689 3604 1748 3641 τε
1782 3588 1877 3641 καὶ

281 3677 597 3750 διανὴξεται
627 3678 694 3732 τὰ
721 3678 902 3746 δεινὰ,
949 3680 1174 3751 γνώμης
1216 3679 1353 3750 ἔχων
1381 3679 1547 3750 ὀρθῆς
1583 3680 1678 3734 καὶ
1724 3681 1877 3734 ἀδια-

285 3769 523 3839 στρόφου
544 3770 779 3839 καρπὸν,
806 3769 868 3822 τὸ
901 3771 975 3840 μὴ
1001 3769 1264 3822 ἐναλῶναι
1294 3770 1482 3831 κακοῖς
1502 3787 1514 3799 ·
1551 3768 1646 3822 καὶ
1671 3768 1876 3840 ἀληθὴς

285 3861 318 3913 ό
346 3861 523 3929 λόγος.
576 3861 691 3931 Ἐφ’
733 3863 867 3932 ἡμῖν
911 3862 1017 3933 γὰρ
1058 3862 1242 3924 αὐτοῖς
1287 3862 1439 3924 ἐστι,
1472 3859 1533 3914 τὸ
1578 3861 1666 3913 ἐπ’
1711 3859 1876 3930 ἄμφω

290 3949 531 4019 βλέπειν,
577 3951 715 4021 πρός
762 3967 824 4002 τε
866 3950 927 4003 τὸ
966 3948 1168 4018 ἀγαθόν
1210 3966 1353 4020 φημι
1396 3948 1582 4002 καὶτὸ
1610 3949 1872 4004 ἐναντίον

290 4042 387 4094 καὶ
417 4042 468 4094 οί
494 4041 594 4111 μὲν
618 4043 674 4096 ἐν
696 4041 841 4111 λόγῳ
870 4041 1229 4112 πεποιημένοι
1252 4078 1267 4104 ,
1287 4040 1349 4094 τὸ
1377 4038 1756 4109 θαυμάζεσθαι
1779 4055 1876 4092 πε-

291 4131 461 4200 φυκὸς
491 4131 586 4185 καὶ
613 4130 709 4202 τὴν
730 4132 809 4195 εἰς
833 4130 1101 4202 ὀρθότητα
1124 4131 1327 4204 τρίϐον,
1359 4132 1416 4184 ἐν
1446 4131 1595 4202 καλῷ
1619 4131 1877 4204 γενήσον-

291 4236 383 4272 ται
410 4219 505 4290 τῆς
536 4220 737 4291 ἀρετῆς
759 4238 772 4250 ⁸
804 4220 856 4273 οἰ
896 4220 953 4273 δὲ
996 4220 1373 4283 ἀποκλίνοντες
1415 4223 1493 4284 εἰς
1520 4221 1580 4273 τὸ
1612 4220 1874 4286 ἐναντίον,

291 4310 387 4364 καὶ
421 4310 531 4365 τῶν
568 4311 867 4383 ἀμεινόνων
900 4313 1192 4381 προθέντες
1221 4312 1280 4365 τὸ
1313 4312 1527 4366 ἀδικοῦν
1550 4351 1564 4376 ,
1596 4312 1749 4366 αὐτοὶ¹
1777 4312 1875 4384 τὴν

297 4403 431 4457 ἰδίαν
501 4405 955 4476 καταφθείροντες
1019 4404 1196 4475 ζωὴν,
1257 4403 1436 4457 άλοῖεν
1496 4403 1561 4458 ἂν
1619 4403 1877 4457 αὐθένται

292 4495 437 4559 τινὲς
476 4497 571 4549 καὶ
605 4496 862 4568 όλετῆρες
896 4496 1061 4551 δεινοὶ
1089 4497 1187 4567 τῆς
1227 4495 1376 4564 σφῶν
1424 4494 1601 4547 αὐτῶν
1634 4494 1877 4567 κεφαλῆς

296 4586 724 4660 ἐξεληλεγμένοι.
755 4590 877 4643 Ὀτι
907 4588 965 4642 δὲ
1003 4589 1086 4657 ἐφ’
1115 4589 1246 4659 ἡμῖν
1288 4586 1472 4649 αὐτοῖς
1495 4585 1557 4638 τὸ
1592 4587 1680 4638 ἐπ’
1710 4586 1878 4655 ἄμφω

300 4679 516 4749 βλέπειν
555 4682 817 4747 κείσεται,
844 4682 1096 4752 καθάπερ
1134 4680 1271 4751 ἔφην
1296 4679 1499 4750 ἀρτίως
1520 4718 1534 4743 ,
1560 4679 1652 4732 καὶ
1676 4678 1879 4732 ἀναπε-

300 4773 576 4836 πτωκότες
607 4776 687 4837 εἰς
722 4773 936 4845 ἡδονὰς,
963 4775 1064 4844 τῆς
1090 4773 1198 4827 τῶν
1225 4771 1615 4843 συμφερόντων
1641 4771 1876 4841 διαμαρ-

297 4864 531 4933 τάνομεν
557 4863 749 4937 θήρας,
785 4867 953 4935 σαφὲς
981 4866 1046 4920 ἂν
1071 4867 1297 4935 γένοιτο,
1338 4861 1661 4926 διαϐοῶντος
1692 4862 1876 4932 ἐτέρου

297 4953 405 5007 τῶν
424 4954 553 5026 παρ’
573 4957 757 5020 αὐτοῖς
781 4955 1039 5027 ποιητῶν·
1062 4955 1357 5026 Εὐριπίδης
1376 4947 1528 5017 οὗτος
1544 4948 1629 5023 ἦν.
1657 4951 1880 5006 Γύναιον

302 5042 400 5112 μὲν
438 5044 550 5116 γὰρ
605 5047 698 5098 ἐπὶ
750 5047 956 5116 σκηνῆς
1009 5045 1326 5118 ἀρρωστοῦν
1381 5045 1553 5099 ἐποίει
1602 5044 1703 5117 τὴν
1750 5043 1879 5096 ἀκό-

300 5132 495 5188 λαστον
525 5135 735 5208 ἡδονὴν,
756 5134 876 5190 εἶτα
905 5137 1006 5191 οὐκ
1039 5132 1136 5191 οἷδ’
1162 5138 1309 5202 ὅπως
1341 5135 1660 5208 φιλοσοφοῦν
1687 5134 1878 5201 ἔδειξε,

301 5223 396 5276 καὶ
426 5223 606 5294 λέγον·

311 5416 980 5513 γυναῖκες,
1015 5425 1078 5513 af
1106 5425 1227 5479 τόδ’
1260 5424 1523 5513 ἔσχατον

309 5490 530 5544 οἰκεῖτε
568 5490 763 5558 χώρας
794 5495 1128 5561 Πελοπείας
1161 5490 1527 5563 προνώᾶτιον,

386 5600 427 5629 ³⁸
456 5601 617 5655 Rom.
645 5619 683 5669 ι,
708 5605 896 5662 20-22.
981 5609 1022 5640 ¹⁹
1058 5609 1158 5664 Job
1190 5625 1263 5675 ιι,
1297 5615 1350 5670 5.
1390 5602 1397 5605 ’
1438 5678 1445 5682 ,

394 5714 470 5785 (ι)
505 5713 693 5785 Odyss.
723 5789 729 5795 γ

1980 3129 2089 3183 tius
2137 3128 2204 3182 de
2232 3128 2348 3182 suis
2395 3128 2641 3198 ipsorum
2668 3131 2912 3198 peccatis
2954 3144 3397 3203 conqueruntur,
3440 3156 3564 3211 qua:

1977 3218 2035 3275 in
2056 3218 2310 3273 miserias
2345 3233 2440 3273 eos
2485 3219 2808 3290 conjiciunt,
2839 3236 3043 3291 easque
3074 3232 3276 3293 praeter
3293 3226 3411 3283 Fati
3433 3245 3566 3286 con-

1977 3310 2269 3375 ditionem,
2300 3316 2396 3364 aut
2425 3317 2625 3380 praeter
2668 3309 2724 3364 id
2751 3311 2899 3380 quod
2947 3312 3082 3367 Fato
3132 3313 3421 3372 decretum
3467 3319 3560 3375 sit.

1979 3399 2035 3455 Si
2060 3399 2185 3470 quis
2231 3398 2397 3470 igitur
2429 3398 2729 3453 constituat
2771 3409 2920 3454 recte
2941 3400 3149 3469 vivere,
3197 3409 3255 3458 et
3277 3405 3565 3475 sapientis-

1977 3495 2115 3551 sime
2150 3494 2467 3565 optimeque
2509 3492 2564 3547 in
2605 3494 2708 3548 hac
2746 3495 2859 3549 vita
2900 3494 3129 3562 versari,
3174 3497 3223 3552 is
3244 3505 3300 3552 et
3349 3507 3562 3555 rectum

1977 3599 2199 3640 cursum
2234 3583 2468 3647 tenebit,
2504 3590 2560 3636 et
2580 3598 2609 3637 e
2638 3584 2857 3638 casibus
2890 3586 3101 3655 asperis
3121 3586 3393 3654 elabetur,
3427 3606 3566 3646 suae-

1978 3690 2083 3745 que
2109 3681 2274 3728 rectaz
2301 3688 2366 3727 ac
2393 3675 2563 3727 firmae
2584 3674 2872 3731 sententia:
2899 3675 3053 3731 hunc
3098 3675 3344 3736 fructum
3374 3681 3560 3750 perci-

1975 3767 2110 3836 piet,
2145 3774 2207 3820 ut
2241 3765 2398 3820 malis
2444 3779 2558 3820 non
2606 3765 2951 3837 implicetur:
2998 3768 3165 3840 idque
3215 3772 3565 3830 verissimum

1975 3866 2079 3916 est.
2105 3859 2165 3914 In
2188 3867 2375 3914 nostra
2397 3874 2634 3929 namque
2659 3866 2744 3914 est
2775 3857 3034 3915 facultate
3060 3860 3250 3927 situm,
3299 3862 3356 3917 in
3385 3872 3563 3919 utram

1975 3949 2209 4004 velimus
2247 3954 2463 4018 partem
2510 3955 2783 4018 spectare,
2828 3946 2898 4002 ad
2940 3947 3167 4015 bonum,
3221 3948 3465 4020 inquam,
3492 3965 3563 4005 an

1977 4048 2168 4095 contra
2202 4039 2270 4094 ad
2295 4040 2500 4094 malum
2531 4056 2544 4093 :
2573 4054 2638 4094 ac
2684 4039 2779 4109 qui
2818 4040 2940 4111 ejus
2966 4040 3112 4110 quod
3138 4050 3330 4110 suapte
3365 4048 3562 4095 natura

1976 4139 2061 4187 est
2086 4132 2383 4188 honestum
2404 4139 2463 4187 et
2483 4130 2825 4197 admirabile,
2850 4141 2905 4187 et
2921 4133 3057 4187 recti
3077 4133 3293 4188 itineris
3313 4147 3564 4203 magnam

1978 4224 2245 4279 rationem
2272 4224 2497 4290 habent,
2540 4223 2608 4278 ad
2634 4223 2858 4278 virtutis
2880 4224 3167 4278 commoda
3198 4223 3562 4293 pervenient;

1979 4314 2074 4384 qui
2098 4329 2227 4368 vero
2278 4313 2334 4368 in
2356 4313 2691 4369 contrariam
2746 4321 2959 4382 partem
3005 4312 3352 4378 deﬂexerint,
3398 4320 3456 4367 et
3475 4328 3566 4369 res

1981 4402 2321 4474 perniciosas
2343 4403 2567 4472 optimis
2584 4403 2950 4473 pra-tulerint,
2976 4418 3089 4458 suae
3109 4403 3215 4474 ipsi
3247 4403 3372 4459 vitae
3394 4404 3565 4460 inter-

1981 4495 2121 4549 itum
2150 4493 2452 4558 ali‘erendo,
2478 4500 2737 4562 tanquam
2764 4493 2851 4547 sui
2876 4493 3118 4564 ipsorum
3155 4494 3350 4565 capitis
3378 4494 3563 4551 sicarii

1986 4600 2050 4639 ac
2100 4582 2391 4655 parricidae
2436 4582 2706 4637 teterrimi
2749 4584 2987 4639 convicti
3024 4584 3377 4641 tenebuntur.
3430 4587 3565 4642 Esse

1984 4687 2165 4732 autem
2209 4677 2267 4730 in
2289 4684 2480 4730 nostra
2502 4675 2670 4731 situm
2717 4683 3006 4745 potestate,
3035 4676 3092 4730 in
3128 4685 3308 4731 utram
3332 4677 3569 4733 velimus

1983 4776 2193 4837 partem
2220 4773 2493 4837 spectare,
2523 4772 2585 4820 ut
2606 4766 2770 4821 modo
2782 4766 2916 4832 dixi,
2942 4774 2998 4821 et
3020 4766 3153 4821 dum
3174 4766 3569 4839 advoluptates

1982 4858 2278 4923 inhiamus,
2324 4858 2589 4912 aberrare
2615 4872 2646 4910 a
2672 4871 2859 4912 rerum
2902 4857 3118 4911 utilium
3151 4859 3564 4923 consecutione,

1982 4949 2335 5020 perspicuum
2360 4948 2477 5003 ﬁeri
2504 4956 2687 5020 potest
2718 4948 3031 5004 testimonio
3066 4949 3295 5005 alterius
3319 4951 3562 5022 ipsorum

1984 5045 2193 5109 poetae:
2221 5038 2518 5108 Euripides
2539 5037 2632 5093 hic
2653 5046 2756 5093 est.
2775 5039 2826 5093 Is
2852 5039 3054 5110 quippe
3083 5040 3466 5095 mulierculam
3507 5039 3564 5093 in

1982 5145 2146 5185 scena
2191 5129 2611 5200 intemperantis
2664 5130 2912 5187 lididinis
2973 5131 3168 5185 morbo
3216 5129 3560 5185 laborantem

1983 5222 2141 5278 facit:
2189 5222 2391 5278 deinde
2434 5224 2601 5279 modo
2649 5223 2839 5279 nescio
2876 5238 2987 5292 quo
3030 5221 3277 5277 eamdem
3321 5219 3566 5290 philoso-

1983 5317 2244 5387 phantem
2266 5316 2479 5372 inducit
2504 5314 2579 5390 (2)
2611 5332 2675 5372 ac
2692 5317 3001 5373 dicentem:

2127 5426 2174 5499 ο
2192 5444 2309 5498 qua
2329 5445 2606 5499 supremas
2641 5430 2794 5499 hasce
2817 5426 3020 5499 Pglopii
3056 5425 3156 5499 soli

2129 5496 2562 5563 "abitalia—oras,
2586 5498 2829 5551 mulieres
2854 5496 3178 5575 Trwzeniw,_

2061 5714 2135 5781 (2)
2167 5716 2222 5768 In
2258 5715 2537 5787 Hippolyto
2562 5723 2810 5768 coronato
