4138 6300
556 270 561 277 ’
589 311 692 368 iss

713 430 851 488 Olim
871 430 986 500 ipsa
1015 427 1421 500 mecum,_tarda
1453 427 1579 500 dum
1606 442 1711 482 nos:
1733 425 1952 500 labitur,

727 501 840 569 Hoc
862 496 1019 553 anxie
1043 498 1277 569 quwsiui,
1306 497 1564 568 quomodo
1594 506 1643 569 et
1666 496 1851 567 quibus

726 568 991 639 Corrupta
1014 566 1185 622 causis
1210 566 1328 621 vita
1343 569 1409 622 sit
1434 566 1760 623 mortalium.

725 640 802 694 Ac
829 637 954 693 mihi
977 640 1219 692 videntur
1246 655 1350 692 non
1388 654 1416 691 e
1437 655 1620 708 sensus
1643 637 1853 708 ingenio

723 708 791 779 in
815 724 982 779 prava
1011 709 1140 779 ferri
1173 724 1190 761 :
1220 725 1452 779 namque
1476 707 1657 762 multis
1687 705 1775 760 cor
1799 705 1958 779 sapit.

724 727 791 763 ιιι
854 727 982 763 rava
1011 727 1138 779 [errr
1173 727 1190 761 :
1220 727 1452 779 namque
1476 727 1657 762 mutus
1687 727 1775 760 cor
1799 727 1958 775 sapa.

724 727 961 861 28,41:th
977 781 1124 861 origo
1151 788 1226 861 est
1252 781 1441 861 omnis,
1472 787 1529 831 ut
1553 783 1762 860 opinor,
1791 773 1959 831 mali:

724 848 887 920 Utilia
903 848 1074 902 cuncti
1090 851 1285 920 scimus
1312 857 1360 902 et
1383 850 1741 920 cognoscimus
1764 864 1781 900 :

730 918 834 974 Sed
855 920 1142 1042 relugimus
1163 917 1392 972 laborem
1420 917 1603 973 {alius
1626 918 1865 988 ignavia,

730 989 874 1042 Alius
935 997 1112 1042 onesto
1138 988 1263 1041 dum
1286 987 1615 1042 voluntatem
1642 997 1764 1041 ante
1798 986 1865 1042 fer

724 989 874 1060 Alius
899 986 1112 1060 honesto
1131 988 1263 1060 dam
1286 987 1615 1060 voluptatem
1642 986 1764 1060 ante
1797 986 1919 1060 fert,

721 1057 815 1113 Vel
832 1060 986 1121 hanc,
1009 1058 1092 1111 vel
1120 1057 1274 1112 illum
1300 1075 1318 1113 :
1345 1056 1452 1113 vita
1481 1076 1606 1113 nam
1621 1057 1817 1112 multas
1837 1056 2010 1111 habet.

723 1127 987 1199 Nugando
1008 1136 1145 1199 totos
1168 1126 1262 1199 ille
1296 1129 1556 1199 consumit
1581 1129 1689 1182 dies
1716 1145 1733 1182 :

724 1196 879 1253 Hunc
906 1197 1039 1253 nihil
1061 1197 1253 1269 agendi
1272 1196 1425 1251 dulce
1452 1196 1674 1251 delectat
1698 1196 1922 1251 malum.

654 1311 918 1382 lntelligis
957 1327 1068 1365 non
1092 1312 1412 1377 Fortunam,
1442 1327 1554 1366 non
1580 1310 1798 1374 Ortum,
1831 1324 1942 1363 non
1977 1308 2172 1362 Fatum

582 1401 781 1472 priscis
823 1399 932 1455 illis
974 1400 1109 1455 viris
1138 1400 1471 1470 culpandum
1498 1399 1697 1466 videri,
1744 1398 1899 1469 quasi
1926 1414 2026 1468 per
2061 1398 2174 1451 vim

581 1507 739 1548 nosa
784 1498 933 1546 recta
962 1492 1258 1557 sententia,
1288 1492 1468 1561 iisque
1515 1490 1684 1545 rebus
1729 1490 1991 1561 depellat,
2036 1505 2175 1559 quas

586 1583 852 1639 honestas
899 1600 1023 1639 esse
1068 1583 1472 1639 didicerimus?
1512 1581 1786 1653 Corrupta
1832 1596 2069 1651 namque
2090 1587 2175 1634 est

578 1676 693 1730 vita
716 1677 1054 1744 mortalium,
1080 1677 1281 1748 inquit,
1308 1692 1422 1730 non
1443 1691 1475 1730 e
1502 1689 1697 1729 sensus
1722 1672 1961 1743 ingenio,
1988 1672 2042 1725 id
2066 1678 2170 1734 est,

1611 305 1665 360 S.
1707 303 1983 360 CYRILLI
2023 302 2493 360 ALEXANDRINI
2529 298 2849 361 ARCHIEP.

2195 424 2243 484 Α
2275 421 2419 488 Ἤδη
2447 424 2577 491 ποτ’
2618 422 2820 489 ἄλλως
2847 422 3071 491 νυκτὸς
3094 422 3163 476 ἐν
3194 418 3402 491 μαλςρῷ
3434 423 3632 491 χρόνῳ

2273 487 2520 564 Θνητῶν
2549 487 2884 564 gamma,
2912 487 2953 564 ᾖ
2987 487 3331 564 διέφθαρται
3355 487 3520 559 βίος.

2270 563 2383 616 Kal
2410 580 2511 629 μοι
2545 561 2837 617 δοκοῦσιν
2864 560 2944 618 οὗ
2979 560 3129 617 κατὰ
3160 560 3269 629 γνά

2272 632 2582 699 Πράσσειν
2612 632 2846 686 κάκιον
2876 634 3007 687 ἐστι
3028 634 3139 702 γὰρ
3167 629 3235 686 τὸ
3273 629 3342 687 εὖ
3371 629 3620 702 φρονεῖν

2271 702 2628 756 Πολλοῖσιν.
2677 703 2859 756 Ἀλλὰ
2886 703 3031 770 τῇδε
3072 702 3366 771 ἀθρητέον
3399 703 3557 757 τόδε·

3750 290 3862 365 ’456

3160 564 3400 632 mpm
3422 564 3615 632 φύσιν

2277 772 2354 825 Τὰ
2383 771 2600 840 χρήστ’
2626 772 2996 843 ἐπιστάμεθα
3021 776 3120 828 καὶ
3146 770 3542 843 γινώσκομεν,

2277 843 2399 913 Οὐκ
2437 843 2816 913 ἐκπονοῦμεν
2850 842 2969 909 δὲ,
3005 847 3058 897 οἱ
3096 842 3214 913 μὲν
3246 842 3460 912 ἀρτίας
3497 845 3648 913 ὕπο,

2278 913 2343 963 Οἱ
2368 912 2420 963 δ’
2454 911 2691 980 ἡδονὴν
2711 913 3033 980 προθέντες
3062 911 3196 968 ἀντὶ
3227 911 3341 967 τοῦ
3361 915 3554 970 καλοῦ

2280 982 2519 1053 ’Ἄλλην
2545 985 2677 1036 τιν’.
2715 983 2851 1037 Εἰσί
2887 983 2940 1036 δ’
2975 984 3191 1052 ἡδοναὶ
3236 986 3460 1039 πολλαὶ
3477 986 3649 1053 βίου,

2274 1052 2510 1122 Μακραί
2530 1070 2596 1107 τε
2640 1053 2893 1123 λέσχαι,
2929 1054 3031 1109 καὶ
3074 1057 3315 1125 σχολὴ,
3346 1058 3610 1126 τερπνὸν
3635 1052 3862 1115 κακόν.

2346 1303 2544 1375 Συνίης
2587 1304 2736 1369 ὅπως
2765 1305 2826 1359 οὐ
2861 1304 3045 1377 Τύχην
3071 1344 3086 1371 ,
3124 1305 3186 1359 οὐ
3223 1306 3443 1363 Γένεσιν
3465 1348 3480 1373 ,
3521 1309 3619 1381 οὐχ
3655 1311 3858 1382 Είμαρο

2280 1393 2450 1465 μένην
2478 1395 2593 1456 τοῖς
2623 1393 3003 1464 ἀρχαιοτέροις
3034 1394 3313 1448 αἰτιᾶσθαι
3338 1395 3506 1462 δοκεῖ,
3535 1395 3612 1460 ὡς
3639 1397 3865 1463 ἐξωθοῦ-

2277 1501 2377 1539 σαν
2427 1486 2576 1557 ἡμᾶς
2617 1486 2715 1539 σὺν
2755 1484 2846 1557 βίᾳ
2874 1486 2974 1556 τῆς
3019 1486 3374 1558 ἐγνωσμένης
3405 1487 3737 1559 ὀρθότητος,
3770 1492 3865 1544 καὶ

2275 1572 2352 1632 ὧν
2394 1576 2461 1631 ἂν
2495 1575 2761 1648 μάθοιμεν
2810 1573 2950 1632 εἶναι
3001 1577 3288 1649 χρηστῶνς
3326 1578 3658 1651 Διέφθαρται
3689 1580 3799 1652 γὰρ
3836 1586 3865 1638 ὁ

2279 1668 2390 1738 βίος
2420 1668 2528 1723 τῶν
2553 1669 2648 1721 ἐπὶ
2668 1669 2766 1741 τῆς
2794 1670 2921 1741 γῆς,
2948 1671 3137 1742 φησὶν,
3157 1672 3218 1724 οὐ
3252 1671 3394 1726 κατά
3422 1671 3651 1744 γνώμης
3675 1673 3859 1742 φύσιν,

579 1783 691 1822 non
721 1784 788 1823 eo
811 1769 961 1839 quod
1004 1785 1235 1839 pravum
1273 1775 1475 1822 natura
1499 1782 1722 1823 sensum
1753 1765 1994 1819 habeant
2037 1780 2049 1817 :
2081 1761 2172 1817 sed

2279 1763 2592 1826 τουτέστιν,
2619 1761 2719 1833 οὐχ
2761 1762 2843 1815 ὅτι
2884 1764 3128 1834 πονηρὰν
3162 1762 3346 1833 έχουσι
3379 1766 3523 1819 κα.τά
3565 1766 3728 1833 φύσιν
3764 1767 3863 1838 τὴν

580 1862 728 1934 quod
759 1878 823 1918 ea
857 1877 979 1931 qua:
1010 1868 1160 1916 recte
1198 1865 1525 1925 senserunt,
1560 1856 1863 1912 laborando
1903 1855 2169 1926 perficere

578 1954 796 2010 nolunt.
823 1954 984 2023 202
1014 1954 1083 2008 Et
1104 1968 1227 2023 qua:
1249 1953 1414 2023 hujus
1441 1951 1522 2006 rei
1559 1965 1726 2005 causa
1749 1948 1866 2004 est?
1888 1948 1998 2003 Aut
2020 1950 2169 2004 enim

579 2045 817 2119 ignavia,
853 2045 1053 2116 inquit,
1082 2045 1157 2098 ita
1198 2043 1322 2099 illos
1354 2041 1646 2113 impedivit
1668 2049 1731 2096 ut
1755 2040 1826 2095 ad
1849 2041 2024 2096 otium
2055 2041 2169 2097 ha:-

582 2148 800 2206 rerent;
830 2146 927 2193 aut
974 2138 1225 2207 voluptas
1257 2135 1442 2205 aliqua
1474 2134 1600 2188 vita:
1635 2134 1960 2205 subrepens,
1983 2141 2042 2189 et
2069 2134 2172 2189 ad-

580 2246 775 2287 versus
802 2229 1060 2285 utilitatis
1078 2228 1353 2282 rationem
1383 2241 1501 2281 sese
1529 2241 1833 2296 opponens,
1856 2241 1888 2280 a
1920 2241 2174 2282 necessa-

487 2315 497 2323 ”
582 2318 681 2374 riis
704 2319 872 2374 rebus
892 2317 1266 2387 adipiscendis
1281 2315 1531 2381 abduxit,
1553 2316 1735 2371 etalio
1756 2324 1999 2372 mentem
2017 2332 2175 2372 aver-

583 2410 649 2465 tit
675 2427 690 2477 ;
716 2410 1024 2465 faciliorem
1063 2424 1185 2465 esse
1209 2408 1450 2464 suadens
1471 2409 1641 2476 viam,
1674 2425 1783 2480 qua
1805 2409 1874 2465 ad
1897 2409 2172 2480 ignaviam

581 2502 846 2557 tenditur.
883 2501 1316 2557 Innumerabilia
1345 2501 1433 2556 his
1453 2501 1697 2573 adjicere
1732 2516 1801 2556 ex
1836 2515 2031 2558 eorum
2067 2516 2173 2558 au-

579 2596 830 2651 ctoribus
851 2595 1246 2666 potuissemus,
1263 2600 1320 2649 et
1339 2594 1565 2664 quidem
1588 2595 1863 2654 facillime.
1886 2594 1994 2651 Sed
2010 2595 2171 2652 audi-

581 2690 819 2753 toribus,
846 2705 969 2759 qua:
1006 2697 1135 2744 sunt
1165 2689 1319 2753 satis,
1352 2690 1548 2744 eadem
1575 2689 1821 2760 jucunda
1853 2704 1996 2754 esse,
2048 2689 2174 2760 quis

480 2830 489 2839 .
582 2779 834 2835 dubitet?
858 2779 1046 2849 Itaque
1071 2778 1341 2834 orationis
1368 2779 1653 2835 fastidium
1671 2779 1962 2850 fugiemus.

652 2867 851 2923 PALL.
876 2868 1045 2923 Recte
1068 2867 1167 2923 ais.
1188 2867 1317 2934 Sed,
1344 2869 1391 2924 si
1410 2869 1512 2934 vis,
1539 2868 1816 2938 inquiunt,
1840 2868 1957 2923 haec
1981 2869 2168 2925 mitte:

584 2959 719 3015 illud
747 2959 934 3030 potius
959 2960 1160 3031 cogita,
1190 2961 1468 3030 quomodo
1498 2961 1779 3031 sapienter
1816 2960 2170 3032 reSpondeas,

583 3051 628 3106 si
657 3050 750 3122 qui
779 3058 831 3106 te
860 3060 1074 3123 rogent,
1093 3067 1344 3122 quaenam
1372 3054 1548 3124 possit
1568 3053 1867 3124 excogitari
1902 3053 2043 3108 ratio
2066 3053 2173 3108 lin-

2278 1854 2522 1925 γνώμην·
2548 1854 2663 1908 ἀλλ’
2686 1856 2769 1909 ὅτι
2799 1854 2873 1926 μὴ
2896 1856 3147 1911 ἐκπονεῖν
3174 1856 3418 1911 ἐθέλουσι
3445 1858 3516 1912 τά
3541 1860 3865 1931 ἐγνωσμένα

2277 1947 2509 2018 χρηστά.
2546 1949 2656 2002 Καὶ
2703 1948 2787 2012 τίς
2834 1949 2867 2019 ἡ
2898 1948 3053 2003 τοῦδε
3081 1950 3391 2020 πρόφασις;
3439 1953 3513 2004 ’Ἡ
3545 1953 3657 2024 γάρ
3683 1953 3860 2018 ὄκνος,

2279 2040 2464 2109 φησὶν,
2501 2039 2732 2111 ἐπέδησε
2780 2039 2920 2117 πρὸς
2965 2040 3188 2111 ἀργίαν,
3234 2042 3268 2115 ἦ
3304 2060 3389 2107 τις
3427 2044 3533 2098 τῶν
3581 2045 3724 2099 κατὰ
3769 2049 3861 2101 τὸν

2282 2128 2394 2200 βίον
2424 2131 2627 2202 ἡδονῶν
2664 2131 3160 2203 ἅντεισδραμοῦσα,
3189 2134 3356 2203 φησὶ,
3390 2136 3487 2189 καὶ
3529 2136 3626 2190 τοῦ
3656 2138 3864 2208 συμφέ-

2285 2238 2472 2291 ροντος
2496 2221 2917 2293 ἀντανίσχουσα,
2951 2226 3050 2296 τῆς
3066 2224 3176 2278 τῶν
3204 2226 3521 2295 ἀναγκαίων
3548 2228 3853 2300 ἀπεκόμιζε

2281 2313 2474 2386 θήρας,
2499 2314 2595 2370 καὶ
2641 2315 3050 2389 ἀπεϐουκόλησε
3083 2318 3176 2373 τὸν
3207 2320 3362 2385 νοῦν,
3407 2320 3689 2394 λειοτέραν
3724 2324 3863 2379 ἀπο-

2280 2406 2547 2477 φαίνουσα
2584 2404 2685 2478 τὴν
2717 2407 2798 2473 είς
2838 2407 3113 2480 ρᾳθυμίαν
3151 2411 3292 2468 ὁδόν.
3334 2412 3525 2484 Μυρία
3561 2413 3618 2466 δὲ
3641 2412 3710 2468 ἂν
3737 2414 3862 2469 τού-

2279 2514 2393 2562 τοις
2432 2497 2893 2571 ἐπεσωρεύσαμεν
2922 2500 3030 2553 τῶν
3060 2504 3193 2574 παρ’
3222 2502 3426 2568 αὐτοῖς,
3468 2503 3565 2558 καὶ
3593 2506 3771 2577 ῥᾷστά
3800 2520 3865 2573 γε

2279 2589 2361 2660 δὴ.
2406 2591 2480 2643 Τὸ
2517 2590 2573 2644 δὲ
2611 2591 2896 2663 ἀποχρῶν,
2931 2593 3011 2647 ὅτι
3054 2596 3167 2658 τοῖς
3209 2595 3580 2666 ἀκροωμένοις
3613 2599 3743 2671 ἡδὺ,
3779 2600 3863 2664 τίς

2280 2681 2348 2736 ἂν
2370 2683 2677 2751 ἐνδοιάσαι;
2708 2684 2987 2756 τοιγάρτοι
3019 2686 3435 2759 καὶδιωσόμεθα
3457 2688 3550 2742 τοῦ
3580 2690 3740 2760 λόγου
3770 2691 3864 2747 τὸν

2279 2777 2456 2849 ὄχλον.

2350 2871 2559 2925 ΠΔΛΔ.
2600 2869 2804 2942 Ὀρθῶς
2831 2869 2988 2942 ἔφης.
3033 2870 3174 2924 Ἀλλ’
3196 2872 3245 2925 εί
3273 2870 3474 2941 βούλει,
3498 2873 3653 2943 φασὶ,
3691 2873 3862 2929 ταῦτα

2277 2964 2344 3036 δὴ
2372 2963 2555 3035 μέθες.
2593 2961 2816 3016 Διανοοῦ
2852 2962 2909 3016 δὲ
2936 2963 3086 3027 ὅπως
3114 2963 3431 3037 ἀπολογήσῃ
3466 2965 3668 3035 σοφῶς,
3700 2969 3863 3037 εἷπερ

2282 3053 2492 3126 ἔροιντὸ
2529 3071 2696 3120 τινες,
2720 3053 2805 3118 τίς
2853 3053 2919 3108 ἂν
2963 3056 3136 3108 νοοῖτο
3178 3056 3340 3127 τυχὸν
3381 3058 3410 3111 ὁ
3460 3057 3618 3126 λόγος
3659 3058 3759 3129 τῆς
3805 3059 3862 3112 ἐν

583 3143 668 3213 ius
697 3150 901 3198 nostras
932 3143 1319 3214 inaequalitatis
1344 3152 1399 3199 et
1422 3143 1778 3210 confusionis,
1806 3160 1926 3215 quae
1955 3159 2172 3201 sursum

2278 3125 2412 3216 ἡμῖν
2456 3146 2807 3216 ἀνισότητος,
2851 3146 2950 3201 καὶ
2995 3145 3090 3200 τοῦ
3138 3125 3349 3202 ἄνω-τε
3396 3149 3492 3203 καὶ
3536 3125 3688 3205 κάτω
3714 3125 3860 3224 ’παρτ

582 3239 844 3292 deorsum
871 3242 929 3289 et
954 3243 1156 3306 przeter
1177 3236 1444 3290 meritum
1466 3236 1794 3307 plerumque
1828 3238 2018 3293 turbat
2054 3251 2176 3291 om-

581 3326 672 3384 nia
705 3340 874 3381 :nam
899 3341 1226 3395 perversum
1266 3325 1552 3382 hominem
1576 3326 1917 3382 fortunatum
1952 3344 2017 3383 ac
2038 3328 2179 3385 divi-

585 3427 695 3474 tem
716 3418 906 3472 videre
930 3417 1081 3481 licet,
1124 3425 1181 3471 et
1215 3418 1461 3472 vicissim
1500 3434 1876 3489 saepenumero
1916 3422 2173 3492 probum,

585 3516 641 3563 et
659 3508 890 3563 summis
904 3507 1164 3563 laudibus
1179 3507 1430 3579 dignum,
1457 3508 1516 3563 in
1541 3511 1839 3566 contrariis
1860 3512 2027 3570 rebus
2047 3530 2176 3570 ver-

587 3600 719 3656 sari.

544 3696 549 3701 ’
650 3691 810 3747 CYR.
841 3689 1150 3747 Obscurum
1175 3701 1261 3748 est
1283 3692 1340 3748 id
1378 3693 1648 3764 profecto,
1673 3702 1729 3771 et
1752 3695 1988 3751 arduum
2020 3712 2174 3764 sane,

587 3782 814 3849 Palladi,
843 3782 1011 3853 idque
1035 3785 1412 3855 pervestigare
1446 3785 1609 3853 velle,
1636 3801 1760 3841 mea
1782 3786 2008 3857 quidem
2046 3804 2175 3844 sen-

587 3874 787 3939 tentia,
818 3874 1077 3930 humanaa
1101 3884 1313 3930 natura;
1354 3875 1581 3930 modum
1615 3876 1899 3948 egreditur
1923 3893 1987 3933 ac
2008 3893 2175 3950 supe-

590 3971 677 4018 rat
720 3981 733 4018 :
780 3963 987 4020 divinis
1019 3966 1169 4020 enim
1193 3966 1417 4038 iudiciis
1458 3969 1766 4024 concedere
1804 3984 2031 4025 necesse
2067 3976 2171 4025 est.

587 4052 681 4121 Ac,
709 4053 983 4124 siquidem
1009 4063 1157 4110 recte
1184 4056 1390 4113 sentire
1428 4058 1684 4124 velimus,
1726 4058 1829 4114 soli
1861 4060 1939 4113 illi
1978 4075 2173 4130 supre-

586 4164 689 4204 ma:
736 4152 793 4200 et
855 4145 1270 4216 incorruptibili
1315 4149 1487 4208 menti
1536 4149 1703 4220 hujus
1762 4148 2175 4220 gubernationis

582 4236 869 4292 scientiam
898 4238 1238 4306 tribuemus;
1268 4240 1338 4294 ad
1375 4255 1440 4295 ea
1465 4241 1651 4311 potius
1673 4256 1796 4312 quae
1818 4248 1947 4297 sunt
1975 4242 2033 4296 in
2053 4256 2173 4296 ma-

596 4325 763 4381 nibus
785 4341 1099 4397 pergemus,
1127 4344 1249 4399 quae
1287 4329 1453 4384 etiam
1479 4345 1606 4385 cum
1628 4330 1819 4387 labore
1845 4330 1940 4387 vix
1961 4347 1989 4386 a
2011 4329 2174 4386 nobis

580 4419 963 4487 inveniuntur,
1003 4428 1064 4475 ut
1098 4421 1399 4493 Scriptura:
1425 4422 1733 4477 tradunt”.
1761 4422 1889 4491 Sed,
1916 4425 2046 4496 quia
2072 4425 2172 4481 de-

582 4509 858 4565 fendenda
883 4518 988 4575 est,
1013 4512 1231 4582 opinor,
1272 4529 1302 4568 a
1328 4513 1512 4579 nobis,
1550 4514 1645 4570 ubi
1674 4515 1831 4571 locus
1853 4515 2034 4583 datur,
2060 4517 2177 4574 haec

584 4601 725 4657 ratio
761 4619 775 4654 ι
819 4617 916 4673 age
955 4615 1058 4658 nos
1092 4620 1311 4675 quoque
1349 4605 1416 4661 ad
1447 4605 1583 4661 illud
1622 4606 1927 4663 veniamus.
1969 4609 2178 4663 Vanam

585 4707 708 4749 esse
750 4694 913 4764 paulo
937 4703 1064 4750 ante
1090 4696 1384 4767 impiorum
1416 4698 1703 4753 hominum
1734 4698 2053 4769 opinionem
2078 4717 2171 4756 ar-

585 4783 907 4854 guebamus,
933 4800 1060 4839 cum
1098 4786 1245 4841 haud
1276 4788 1472 4843 alienis
1512 4789 2049 4857 ratiocinationibus,
2077 4791 2174 4846 sed

577 4873 911 4930 necessariis
936 4877 1228 4932 sententiis
1272 4879 1692 4936 ostenderemus
1727 4881 1956 4935 humani
1999 4881 2170 4936 animi

587 4963 959 5035 gubernacula
1006 4979 1117 5018 non
1164 4982 1333 5037 penes
1371 4968 1566 5026 Ortum
1615 4987 1769 5038 esse,
1826 4987 2007 5043 neque
2050 4972 2169 5028 Fati

587 5055 787 5111 durum
805 5064 863 5111 et
887 5054 1206 5113 inevitabile
1239 5059 1431 5130 jngum
1468 5063 1631 5118 nobis
1670 5064 1988 5135 impositum
2031 5066 2169 5122 :sed

587 5165 771 5206 rerum
806 5165 929 5233 quae
954 5149 1232 5205 electione
1253 5150 1393 5206 ﬁunt
1422 5161 1749 5222 potestatem
1780 5173 1951 5228 penes
1980 5157 2171 5214 unius-

588 5243 849 5313 cujusque
870 5243 1162 5299 arbitrium
1189 5259 1332 5311 esse,
1359 5244 1414 5299 in
1430 5245 1702 5316 nobisque
1724 5249 1859 5319 ipsis
1891 5251 2081 5316 situm,
2106 5259 2169 5305 ut

589 5334 949 5407 quodcunque
970 5332 1149 5392 visum
1173 5337 1363 5404 fuerit,
1402 5337 1584 5393 facere
1621 5341 2025 5410 aggrediamur,
2052 5342 2168 5398 sive

585 5426 719 5483 illud
751 5428 956 5501 bonum
1003 5431 1097 5497 sit,
1145 5432 1262 5488 sive
1314 5434 1541 5487 malum.
1588 5432 1858 5503 Equidem
1884 5435 2167 5493 felicitatis

652 5581 699 5613 "
735 5580 864 5651 Sap.
898 5599 974 5651 Ix,
1013 5584 1098 5639 16.

658 5739 735 5812 (l)
772 5738 862 5796 Sic
886 5739 1007 5796 cod.
1050 5741 1248 5823 Valle;
1279 5742 1451 5815 codex
1480 5741 1691 5821 Sirleti,
1737 5742 1829 5813 εῷ.

2278 3231 2437 3299 ἀξίαν
2480 3233 2591 3287 ἔσθ’
2643 3235 2753 3289 ὅτε.
2797 3235 3188 3307 Εὐημεροῦντα
3237 3238 3334 3309 μὲν
3383 3239 3494 3310 γὰρ
3542 3241 3639 3293 καὶ
3692 3240 3858 3295 πλου-

2278 3327 2477 3381 τοῦντα
2517 3327 2609 3381 τὸν
2652 3327 2891 3398 πονηρὸν
2935 3327 3250 3399 καταθεῷτό
3293 3348 3378 3395 τις
3426 3329 3527 3396 ἂν,
3564 3331 3621 3385 ἐν
3654 3348 3721 3400 γε
3749 3334 3860 3395 τοῖς

2279 3419 2546 3483 ἐναντίοις
2586 3420 2850 3488 γεγονότα
2895 3418 3157 3483 πολλάκις
3191 3418 3284 3472 τὸν
3326 3421 3570 3492 ἐπιεικῆ,
3610 3422 3709 3475 καὶ
3751 3421 3859 3475 τῶν

2278 3510 2361 3574 είς
2381 3499 2536 3578 λῆξιν
2568 3509 2812 3579 ἡκόντων
2840 3509 3079 3564 ἐπαίνων
3100 3510 3342 3582 ἕμπλεω.

2351 3687 2513 3742 ΚΥΡ.
2545 3687 2894 3744 Δυσέποπτον
2933 3686 3151 3760 ἀληθῶς
3189 3690 3285 3744 καὶ
3313 3689 3634 3761 δυσέφικτον
3662 3689 3854 3766 κομιδῆ

2276 3779 2337 3834 τδ
2378 3781 2569 3854 χρῆμά
2601 3782 2771 3849 ἐστιν,
2807 3775 2852 3835 ῶ
2889 3781 3185 3850 Παλλάδιε,
3217 3782 3311 3838 καὶ
3350 3783 3414 3838 τὸ
3454 3785 3615 3838 ταυτὶ
3646 3786 3713 3856 δὴ
3742 3785 3862 3857 patir

2276 3873 2467 3928 λεσθαι
2515 3874 2997 3947 πολυπραγμονεῖν
3057 3874 3224 3945 φαίην
3276 3875 3344 3930 ἂν
3388 3875 3565 3946 ἔγωγε
3611 3877 3723 3931 τῶν
3760 3877 3861 3950 τῆς

2276 3964 2694 4037 ἀνθρωπότητος
2741 3965 2959 4037 μέτρων
3010 3965 3270 4021 ἐπέκεινά
3317 3985 3376 4022 τε
3428 3970 3525 4023 καὶ
3570 3972 3854 4026 ἀνωτάτω.

2275 4054 2453 4120 Θείοις
2508 4055 2616 4127 γὰρ
2674 4056 2907 4128 κρίμασι
2972 4060 3325 4129 παραχωρεῖν
3389 4060 3709 4129 ἀναγκαῖον·
3765 4063 3857 4117 καὶ

2275 4145 2436 4217 εἴπερ
2480 4147 2737 4218 ἑλοίμεθα
2781 4151 2998 4219 φρονεῖν
3026 4149 3233 4222 ὀρθῶς,
3283 4149 3430 4222 μόνῳ
3472 4151 3559 4226 δὴ,
3590 4154 3740 4226 μόνῳ
3781 4154 3858 4226 τῷ

2276 4237 2568 4311 ὑπερτάτῳ
2609 4240 2704 4292 καὶ
2746 4240 3011 4313 ἀκηράτῳ
3047 4241 3123 4313 νῷ
3154 4243 3231 4315 (1)
3263 4242 3365 4313 τῆς
3392 4246 3707 4317 οἰκονομίας
3760 4247 3858 4319 τὴν

2274 4331 2475 4399 γνῶσιν
2499 4331 2853 4398 ἀνάπτοντες,
2868 4332 3005 4404 πρὸς
3018 4335 3085 4388 τὰ
3102 4336 3160 4389 ἐν
3175 4352 3236 4406 χε
3244 4336 3330 4408 pst
3349 4336 3697 4408 βαδιούμεθα,
3713 4338 3750 4394 ἀ
3766 4340 3857 4394 καὶ

2281 4421 2378 4475 σὺν
2424 4421 2516 4494 βίᾳ
2567 4421 2720 4494 μόλις
2775 4424 2912 4496 πρὸς
2959 4426 3116 4497 ἡμῶν
3160 4426 3511 4498 εὑρίσκεται,
3567 4430 3713 4484 κατά
3759 4431 3857 4495 τὰς

2280 4514 2524 4586 Γραφάς.
2568 4515 2787 4588 Ἐπειδὴ
2831 4516 2889 4570 δὲ
2939 4513 3092 4589 οἶμαι
3137 4518 3247 4572 δεῖν
3290 4520 3431 4574 κατά
3472 4521 3534 4574 τὸ
3579 4521 3856 4593 ἐγχωροῦν

2275 4605 2577 4676 ἐπαμύνειν
2629 4608 2777 4678 ἡμᾶς
2838 4607 2918 4679 τῷ
2978 4609 3156 4681 λόγῳ,
3206 4611 3341 4682 φέρε
3398 4613 3494 4666 καὶ
3544 4614 3716 4685 ἡμεῖς
3769 4614 3855 4667 ἐπ’

2274 4694 2452 4751 ἐκεῖνο
2496 4699 2684 4770 ἴωμεν.
2735 4698 2941 4753 Ἕωλον
2971 4700 3175 4772 ἀρτίως
3217 4702 3328 4757 τῶν
3368 4702 3547 4759 ἀθέων
3574 4705 3673 4776 τὴν
3701 4705 3857 4771 δόξαν

2273 4790 2686 4862 ἀπηλέγχομεν,
2706 4791 2806 4845 οὐκ
2828 4790 3143 4862 ἐξαγωνίοις
3163 4792 3239 4866 (ἳ)
3262 4793 3537 4866 χρώμενοι
3556 4796 3856 4869 λογισμοῖς,

2278 4882 2392 4937 ἀλλ’
2447 4884 2506 4950 ἐξ
2564 4883 2881 4952 ἀναγκαίων
2926 4885 3149 4939 ἐννοιῶν
3178 4887 3591 4959 ἀποφαίνοντες,
3644 4891 3729 4946 ὅτι
3762 4893 3859 4964 τῆς

2277 4972 2566 5043 ἀνθρώπου
2626 4975 2868 5040 διανοίας
2923 4977 2985 5030 οὐ
3033 4977 3247 5045 γένεσις
3293 4980 3407 5050 ἔχει
3464 4981 3591 5045 τοὺς
3642 4983 3857 5047 οἴακας,

2278 5063 2392 5120 ἀλλ’
2426 5065 2533 5118 οὐδ’
2566 5067 2923 5139 Εἱμαρμένης
2961 5068 3093 5139 ἡμῖν
3136 5071 3372 5142 σκληρός
3400 5089 3458 5125 τε
3502 5073 3598 5127 καὶ
3645 5073 3857 5127 δυσδιά-
3926 5074 3933 5080 ’

2277 5177 2480 5230 φυκτος
2536 5159 2866 5236 ἐπέρριπται
2912 5159 3110 5230 ζυγὸς,
3160 5163 3276 5216 ἀλλ’
3322 5164 3404 5218 ὅτι
3444 5165 3613 5235 κυρία
3644 5165 3755 5219 τῶν
3802 5167 3856 5217 ἐν

2276 5254 2485 5324 αἱρέσει
2516 5253 2809 5323 πρακτέων
2838 5256 2871 5322 ὴ
2914 5255 3146 5310 ἑκάστου
3195 5255 3420 5328 γνώμη,
3467 5258 3563 5311 καὶ
3601 5260 3690 5328 ἐφ’
3726 5259 3854 5329 ἡμῖν

2275 5346 2460 5406 αὐτοῖς
2485 5346 2547 5399 τὸ
2581 5345 2801 5399 ἐλέσθαι
2833 5346 2968 5418 δρᾷν
2995 5347 3056 5401 τὸ
3079 5347 3300 5417 δοκοῦν,
3344 5348 3443 5403 εἴτ’
3472 5349 3713 5418 ἀγαθὸν,
3745 5348 3854 5402 εἴτε

2275 5435 2498 5505 φαῦλον.
2542 5435 3035 5509 Καταλογισαίμην
3063 5437 3173 5509 γὰρ
3213 5437 3388 5508 ἔγωγε
3420 5440 3522 5510 τῆς
3552 5438 3853 5511 εὐημερίας

2345 5742 2424 5815 (2)
2462 5743 2756 5816 Legebatui
2790 5745 2888 5817 οὐχ
2921 5746 3068 5811 ἐξαγ.
