4138 6300
1568 214 1599 247 ὶ

318 367 422 420 ἀ57

1050 363 1141 419 DE
1176 358 1619 419 ADORATIONE
1658 361 1725 416 IN
1769 361 2036 417 SPilllTl}
2080 361 2182 461 ET.
2212 362 2577 419 VERITATE.
2625 364 2752 420 LIB.
2796 362 2880 419 Vl.

3489 362 3594 419 6‘58

316 482 447 544 τοὺς
478 478 720 551 τρόπους
766 476 911 531 κατά
943 494 1006 547 γε
1034 478 1097 531 τὸ
1133 481 1246 542 τοῖς
1278 478 1444 549 ἱεροῖς
1476 477 1803 550 Γρὰμμασιν
1843 474 1902 530 εὖ

2010 492 2228 547 genera,
2256 487 2313 531 ut
2338 494 2504 532 saeue
2528 479 2753 533 Littera:
2772 478 3103 549 approbant,
3130 493 3237 533 non
3256 479 3311 533 in
3336 479 3406 534 iis
3430 480 3594 534 rebus

314 573 463 645 ἔχειν
494 570 905 642 ὑπειλημμένον
926 609 942 634 ,
972 571 1074 625 οὐκ
1097 571 1154 625 ὲν
1183 564 1265 635 οἷς
1297 571 1356 623 τὸ
1383 569 1637 642 βδελυρὸν
1663 571 1756 624 καὶ
1784 572 1906 641 γήϊ-

314 682 406 721 νον
433 664 499 736 δὴ
539 665 692 718 τουτὶ
731 663 984 736 σπαταλᾷ
1018 663 1244 735 σαρκίον
1263 705 1276 727 ,
1307 662 1425 716 ἀλλ’
1454 664 1540 733 ἐφ’
1581 657 1661 726 οἷς
1706 663 1774 718 ἂν
1813 664 1906 731 γέ-

307 776 458 813 νοιτο
498 759 601 829 τῆς
650 756 873 811 αἰωνίου
927 757 1073 829 ζωῆς
1122 755 1451 828 μεταλαχεῖν
1497 754 1759 810 δύνασθαι
1807 755 1905 827 τὴν

319 851 459 924 ὑπὲρ
500 850 664 921 σῶμα
701 849 900 920 ψυχήν*
932 844 1041 903 εἷεν
1070 849 1115 903 δ’
1135 849 1224 915 ἂν,
1268 847 1445 921 οἶμαι,
1488 848 1675 915 ταυτὶ,
1716 849 1784 903 τὰ
1824 850 1904 913 εἰς

318 941 521 1016 ἀρετὴν
554 941 947 1014 σπουδάσματα
967 982 981 1005 ,
1010 942 1104 995 καὶ
1132 943 1167 1013 ἡ
1199 943 1258 996 ὲν
1294 941 1474 995 πίστει
1502 957 1562 994 τε
1594 941 1689 994 καὶ
1720 940 1905 1013 ἔργοις

232 1017 666 1108 -ίλαμπρότηφ
712 1033 778 1087 Εἰ
837 1033 937 1103 μὲν
985 1027 1077 1088 οὖν
1120 1035 1183 1086 οὐ
1241 1032 1461 1102 μέτεστι
1505 1032 1905 1097 τοῖςὲθέλουσι

305 1104 644 1199 ⁸σωφρονεῖν,
674 1123 777 1178 κάν
816 1124 866 1176 εί
897 1122 1092 1194 φαῦλοί
1122 1140 1267 1186 τινες
1295 1118 1427 1187 εἷεν,
1458 1121 1556 1176 εἴτ’
1588 1117 1681 1176 οῦν
1712 1120 1906 1191 ἀγαθοὶ

316 1218 448 1281 τοὺς
485 1216 762 1288 τρόπους,
796 1214 1042 1287 ἡκόντων
1081 1215 1161 1278 είς
1202 1215 1370 1285 μέσον
1416 1216 1466 1268 οί
1515 1213 1902 1283 διελέγξοντες.

317 1310 384 1363 Εἰ
415 1308 474 1363 δὲ
503 1309 561 1362 ὲν
588 1307 802 1379 αἱρέσει
832 1307 1090 1378 κειμένου
1116 1306 1211 1361 τοῦ
1250 1304 1550 1379 κατορθοῦν
1583 1305 1903 1377 ἐλευθέρως,

321 1395 361 1452 ἃ.
394 1397 464 1453 ἀν
495 1397 738 1470 βούλοιτό
764 1414 879 1463 τις,
916 1397 1012 1451 καὶ
1050 1397 1168 1451 ὲνδν
1202 1396 1374 1451 ἅπασι
1407 1397 1525 1468 μετ’
1560 1394 1808 1462 ἐξουσίας
1844 1395 1907 1447 τὸ

320 1489 621 1562 εὐημερεῖν
648 1487 866 1542 ἑλέσθαι
898 1487 1304 1560 πνευματικῶς,
1334 1487 1546 1550 καὶτῆς
1566 1485 1775 1542 ἄνωθεν
1818 1486 1908 1540 εὑ-

321 1580 514 1645 κλείας
551 1582 608 1635 ὲν
637 1581 738 1653 ῐσῳ
770 1582 1095 1654 μεταλαχεῖν
1116 1624 1132 1646 ,
1164 1581 1551 1638 πλεονεκτοῦσι
1576 1599 1743 1647 τινες,
1777 1582 1810 1653 ἢ
1848 1583 1906 1634 ὲν

319 1667 543 1739 πλούτῳ
575 1669 674 1733 τάς
707 1670 1004 1742 ὑπεροχὰς,
1030 1673 1063 1744 ἢ
1091 1673 1149 1726 ὲν
1168 1671 1438 1745 δοξαρίοις
1469 1672 1682 1744 ἔχοντες
1715 1688 1908 1741 κοσμι-

321 1759 475 1822 κοίς,
512 1757 588 1831 μὴ
637 1759 800 1814 τοῦτο
850 1762 1000 1834 ἡμᾶς
1042 1762 1178 1834 πρὸς
1223 1762 1421 1828 ἀθέους
1468 1763 1623 1828 τινὰς
1668 1765 1761 1818 καὶ
1807 1764 1908 1835 τῆς

320 1850 561 1922 ἀληθοῦς
621 1852 880 1922 γνώσεως
940 1856 1456 1928 ὲκμεμοχλευμένας
1519 1856 1906 1929 ἀποκομιζέτω

318 1942 502 2008 δόξας,
532 1943 609 2008 ὡς
642 1945 852 2002 οἴεσθαι
880 1949 994 2013 τοῖς
1037 1948 1161 2003 καθ’
1200 1950 1375 2021 ἡμᾶς,
1409 1950 1769 2021 Εἱμαρμένης
1811 1952 1906 2008 καὶ

318 2034 508 2105 Τύχης
557 2037 929 2092 ὲπιτεθείσθαι
991 2038 1179 2109 ζυγόν.
1242 2039 1401 2094 Ἀλλά
1451 2040 1750 2111 γραφέσθω
1804 2042 1904 2111 μέν

314 2152 436 2203 τις,
479 2132 530 2184 εί
570 2129 860 2201 βούλεται,
903 2131 1013 2188 τῶν
1067 2135 1124 2186 ὲν
1180 2133 1396 2205 πλούτῳ
1442 2135 1542 2198 τὰς
1593 2132 1905 2200 πλεονεξίας

320 2225 456 2280 ἴδιον
505 2223 700 2295 ὥσπερ
735 2223 1124 2295 πεποιημένων
1161 2224 1398 2294 ἀγαθὸν,
1435 2226 1496 2279 τὸ
1536 2227 1670 2280 πᾶσι
1704 2226 1904 2291 κοινὸν,

317 2319 374 2372 εί
420 2317 581 2387 λόγος
616 2317 764 2388 ἀπῆν
805 2318 834 2371 6
881 2316 1221 2384 πλεονεξίας.
1270 2317 1808 2391 Πολυπραγμονείτω
1851 2320 1907 2372 δὲ

322 2408 533 2482 μᾶλλον
574 2409 669 2463 τοῦ
716 2409 1079 2481 πεποιηκότος
1113 2410 1214 2480 τὴν
1266 2410 1541 2481 βούλησιν·
1571 2413 1630 2465 ὲν
1669 2414 1758 2482 ἰσῃ
1799 2412 1907 2484 γὰρ

317 2496 475 2566 τάξει
519 2500 590 2554 τὰ
624 2500 747 2555 καθ’
791 2503 938 2573 ἡμᾶς
986 2502 1392 2574 οίκονομεῖσθαί
1445 2522 1504 2558 τε
1549 2506 1645 2558 καὶ
1678 2506 1906 2579 ὁρᾶσθαι

319 2593 516 2660 θέλων,
550 2593 827 2658 πλουσίοις
874 2594 974 2665 μὲν
1020 2595 1399 2667 παραγγέλλει
1442 2595 1533 2651 τὸν
1576 2598 1908 2668 συναχθέντα

322 2684 553 2740 πλοῦτον
599 2686 960 2758 ἀπεμπολᾷν,
1014 2687 1110 2742 καὶ
1148 2690 1271 2751 ταῖς
1322 2687 1432 2742 τῶν
1471 2690 1907 2760 πτωχευομένων

324 2775 600 2850 διανέμειν
620 2777 854 2851 χρείαις,
872 2777 1033 2850 δόξης
1060 2778 1117 2832 δὲ
1138 2779 1235 2833 καὶ
1263 2780 1536 2853 ὑπεροχῆς
1558 2781 1659 2835 οὐκ
1688 2781 1908 2854 ἐφίησιν

325 2869 478 2941 ιρᾷν.
518 2870 641 2923 Ὅτι
689 2869 747 2923 δὲ
786 2868 888 2941 τὴν
940 2869 1162 2942 ἰσότητα
1205 2872 1318 2935 τοῖς
1368 2872 1463 2926 ἐπὶ
1509 2870 1617 2942 γῆς
1649 2871 1910 2945 βραϐεύει

321 2960 481 3028 Θεὸς,
510 2960 745 3033 χαλεπὸν
774 2959 925 3016 οὐδὲν
954 2961 1185 3016 συνιδεῖν
1208 2963 1305 3017 καὶ
1342 2963 1401 3030 ἐξ
1431 2963 1601 3035 αὐτῆς
1632 2966 1782 3037 ἡμᾶς
1807 2966 1909 3037 τῆς

317 3052 418 3106 τοῦ
447 3053 701 3124 σώματος
727 3053 1096 3125 κατασκευῆς.
1132 3054 1209 3108 Οὐ
1230 3053 1341 3127 γάρ
1369 3050 1508 3110 οἶδεν
1535 3057 1570 3127 ἠ
1602 3055 1786 3126 φύσις,
1815 3057 1908 3110 τδν

321 3145 381 3198 ὲν
425 3143 588 3217 πενίᾳ
621 3145 715 3199 καὶ
762 3144 1014 3217 πλούτῳ,
1056 3146 1149 3199 τὸν
1197 3147 1434 3219 δυσγενῆ
1483 3147 1579 3202 καὶ
1629 3148 1903 3220 λαμπρὸν,
1933 3178 1977 3236 C

318 3239 413 3292 τὸν
441 3238 642 3308 εὖγενῆ
683 3238 776 3291 καὶ
809 3238 1249 3310 κατεῤῥιμμένον
1269 3276 1285 3303 ,
1321 3238 1415 3293 καὶ
1455 3238 1546 3293 τὸν
1587 3241 1646 3293 ὲν
1673 3238 1804 3313 δόξῃ
1834 3242 1902 3310 τῇ

318 3330 466 3384 κατὰ
494 3330 645 3384 τόνδε
689 3329 783 3383 τὸν
828 3328 964 3400 βίον·
999 3328 1115 3383 ἀλλ’
1162 3329 1251 3402 ῐση
1286 3329 1374 3385 διὰ
1402 3332 1621 3386 πάντων
1646 3332 1901 3403 ἀπροσω-

320 3422 613 3494 πολήπτως
640 3421 897 3495 ἔρχεται,
933 3426 1049 3487 τοῖς
1088 3424 1271 3488 αὐτοῖς
1308 3423 1648 3479 ἀποτελοῦσα
1696 3426 1904 3496 μορίοις

320 3512 553 3567 ἕκαστον
589 3515 669 3577 εἰς
714 3513 776 3567 τὸ
819 3512 1025 3587 ἀρτίως
1075 3512 1197 3583 ἕχον
1246 3513 1435 3586 σχῆμά
1469 3531 1530 3567 τε
1559 3515 1655 3569 καὶ
1686 3515 1901 3579 κάλλοςο

321 3604 419 3657 καὶ
447 3604 548 3674 μία
588 3604 688 3675 μὲν
708 3604 824 3669 ὁδὸς
847 3606 881 3677 ἡ
908 3604 1127 3659 πάντων
1159 3608 1238 3670 είς
1259 3605 1494 3675 γένεσιν,
1532 3606 1633 3677 μία
1667 3606 1724 3660 δὲ
1757 3605 1905 3677 ζωῆς

321 3694 618 3760 ἀπόθεσις,
657 3696 718 3748 οὐ
750 3696 840 3748 τὸν
875 3696 976 3767 μὲν
1020 3697 1235 3750 ἀνιεῖσα
1282 3696 1515 3768 βρόχων,
1544 3697 1636 3750 τὸν
1678 3698 1735 3751 δὲ
1773 3697 1905 3751 εἴσω

324 3784 630 3856 ποιουμένη
673 3786 850 3856 τυχὸν,
893 3787 1031 3841 ἀλλά
1078 3788 1314 3861 σκληρόν
1360 3805 1419 3841 τε
1456 3787 1551 3840 καὶ
1591 3788 1906 3859 ἀνεξίτητον

328 3878 500 3932 παντὶ
537 3876 616 3949 τῷ
648 3879 997 3951 πεποιημένῳ
1033 3881 1095 3934 τὸ
1124 3881 1277 3944 τέλος
1306 3882 1607 3949 ἐπάγουσα.
1631 3876 1758 3951 'Ap‘
1790 3878 1903 3947 οὖν,

306 3968 449 4023 ,είπέ
475 3986 586 4039 μοι,
626 3968 997 4025 δυσκάτοπτον
1027 3971 1128 4038 ἔτι,
1175 3972 1375 4043 μᾶλλον
1407 3972 1465 4026 δὲ
1491 3974 1611 4045 οὐχὶ
1640 3976 1800 4027 παντί
1827 3991 1906 4045 τῳ

324 4063 514 4117 λοιπὸν
546 4063 805 4136 ἐναργὲς,
838 4065 919 4118 ὅτι
959 4065 1057 4134 τῆς
1103 4064 1253 4128 θείας
1300 4064 1495 4136 βουλῆς
1524 4068 1553 4119 6
1586 4066 1809 4132 σκοπὸς,
1846 4067 1907 4121 τὸ

323 4156 383 4207 ὲν
416 4154 623 4225 ἰσότητι
668 4153 769 4228 ζῇν
795 4157 920 4217 τοὺς
949 4157 1040 4208 ἐπὶ
1067 4157 1168 4228 γῆς
1192 4173 1205 4223 ;
1240 4158 1441 4211 ’Ἄκουε
1468 4158 1525 4211 δὲ
1554 4158 1826 4227 λέγοντος,
1856 4159 1904 4212 εί

325 4246 493 4312 δοκεῖ,
521 4247 616 4301 καὶ
655 4247 722 4300 δι’
758 4247 876 4311 ἐνὸς
915 4248 1025 4301 τῶν
1069 4249 1387 4321 προφητῶν·
1420 4270 1437 4303 ι
1469 4252 1606 4323 Οὐχὶ
1650 4251 1781 4315 Θεὸς
1826 4247 1904 4316 εἷς

323 4339 536 4393 ἔκτισεν
577 4340 767 4411 ήμᾶς;
811 4340 935 4410 οὐχὶ
985 4342 1177 4412 Πατὴρ
1223 4336 1304 4406 εἷς
1350 4343 1568 4397 πάντων
1610 4346 1806 4416 ἡμῶν;
1855 4345 1905 4397 τί

322 4430 711 4501 ἐγκατελίπετε
739 4430 971 4495 ἕκαστος
1013 4433 1105 4486 τὸν
1134 4432 1360 4503 ἀδελφὺν
1393 4434 1595 4501 αὑτοῦ;
1636 4454 1657 4488 ι
1691 4434 1903 4488 Οὐκοῦν

2006 569 2321 625 collocanda
2366 580 2521 639 puto,
2578 570 2860 640 inquibus
2891 572 3068 642 turpis
3109 572 3228 628 luce
3272 581 3330 628 et
3374 582 3590 628 terrena

2006 672 2136 713 caro
2166 660 2381 715 lascivit
2410 679 2422 713 :
2450 662 2544 716 sed
2586 661 2641 715 in
2678 662 2769 726 iis,
2794 678 2895 732 per
2913 677 3037 734 qua:
3071 663 3308 727 animus,
3338 662 3432 734 qui
3466 679 3584 719 cor.

2006 764 2140 817 pore
2166 749 2409 805 nobilior
2439 761 2544 816 est,
2572 752 2952 822 consequitur,
2988 762 3048 805 ut
3083 752 3325 809 cwlestis
3352 752 3481 808 vitae
3523 752 3595 807 sit

2006 841 2283 912 particeps
2309 860 2319 895 :
2348 839 2463 898 lucc
2487 850 2670 898 autem
2697 854 2847 910 sunt,
2878 852 2940 898 ut
2961 845 3177 915 Opinor,
3209 845 3457 915 impensa
3481 845 3592 901 vir-

2010 933 2110 988 tuti
2140 934 2344 999 studia,
2369 944 2426 988 et
2455 933 2581 990 ﬁdei
2622 933 3002 1006 factorumque
3028 937 3269 992 claritas.
3322 937 3379 992 Si
3428 938 3594 1009 igitur

2007 1025 2322 1080 volentibus
2356 1034 2727 1095 temperanter
2752 1025 2938 1082 vivere
2964 1042 3072 1081 non
3108 1027 3256 1092 licet,
3293 1028 3454 1098 203
3478 1030 3594 1083 sive

2007 1116 2085 1171 illi
2112 1117 2271 1173 malis
2302 1119 2571 1184 moribus,
2599 1119 2714 1174 sive
2742 1118 2904 1175 bonis
2928 1116 3142 1189 praediti
3185 1119 3327 1185 sint;
3370 1118 3595 1175 veniant

2008 1210 2063 1264 in
2088 1210 2353 1278 medium,
2381 1212 2476 1283 qui
2502 1212 2558 1267 id
2575 1213 2926 1268 convincam.
2957 1211 3075 1278 Sin,
3104 1213 3356 1283 quamvis
3389 1213 3447 1268 in
3478 1214 3591 1268 elc-

2008 1303 2190 1361 ctione
2217 1304 2290 1359 sit
2311 1305 2575 1374 positum,
2609 1313 2669 1360 ut
2687 1321 2809 1376 qua:
2833 1306 3067 1376 quisque
3092 1305 3245 1365 velit.
3271 1305 3446 1362 libere
3471 1321 3594 1376 per-

2010 1393 2192 1461 ficiat;
2220 1404 2277 1450 et
2305 1396 2564 1453 omnibus
2612 1397 2684 1451 sit
2710 1406 2989 1469 potestas,
3041 1398 3287 1454 velintne
3321 1399 3590 1469 spirituali

2008 1483 2271 1541 felicitate
2300 1487 2529 1556 pollere,
2554 1496 2612 1543 et
2632 1503 2926 1558 supernam
2946 1489 3176 1560 gloriam
3193 1505 3259 1545 ex
3281 1505 3440 1560 aequo
3464 1506 3592 1561 par-

2009 1575 2270 1648 ticipare;
2318 1586 2503 1634 tamen
2545 1581 2798 1635 nonnulli
2841 1582 2966 1651 plus
2995 1575 3237 1638 habendi
3281 1583 3451 1649 avidi,
3506 1584 3593 1638 vel

2009 1671 2207 1742 opibus
2230 1674 2526 1739 excellunt,
2564 1675 2649 1729 vel
2690 1674 2969 1731 mundana
2993 1676 3242 1747 gloriola,
3285 1692 3393 1732 non
3430 1677 3595 1733 debet

2010 1777 2112 1817 nos
2129 1778 2194 1818 ea
2215 1778 2305 1818 res
2329 1764 2397 1818 ad
2427 1765 2627 1835 impias
2656 1768 2941 1837 quasdam,
2967 1776 3022 1823 et
3047 1784 3077 1822 a
3113 1783 3243 1822 vera
3279 1768 3593 1839 cognitione

2010 1862 2250 1909 remotas
2278 1856 2569 1925 opiniones
2589 1858 2888 1923 abducere,
2920 1867 2979 1913 ut
3004 1858 3259 1914 humanis
3283 1860 3449 1916 rebus
3472 1876 3594 1917 esse

2008 1942 2122 1998 Fati
2146 1958 2214 2000 ae
2238 1943 2696 2017 Fortunaajugum
2719 1947 3036 2018 impositura
3059 1957 3338 2019 putemus.
3368 1949 3475 2006 Sed
3500 1967 3592 2007 ac-

2008 2049 2183 2107 cuset,
2205 2040 2251 2096 si
2279 2040 2368 2096 cui
2394 2041 2590 2111 placet,
2616 2041 2850 2099 divitum
2889 2044 3269 2114 cupiditatem,
3307 2047 3422 2117 qui,
3446 2049 3593 2118 quod

2008 2143 2094 2188 est
2119 2133 2379 2189 omnibus
2411 2150 2725 2200 commune,
2748 2136 2796 2192 si
2825 2137 2967 2192 ratio
2998 2138 3316 2208 cupiditatis
3353 2140 3591 2205 abesset,

2009 2231 2271 2293 tanquam
2311 2226 2598 2296 proprium
2645 2226 2752 2282 sibi
2794 2238 3071 2300 arrogant.
3118 2230 3386 2301 Exquirat
3410 2233 3595 2303 potius

2009 2314 2326 2372 Conditoris
2354 2320 2836 2389 voluntatem,qui,
2861 2337 2987 2376 cum
3013 2337 3104 2377 res
3119 2323 3386 2379 humanas
3407 2341 3593 2396 aequa-

2012 2402 2108 2457 bili
2147 2404 2342 2460 ordine
2378 2414 2434 2459 et
2462 2407 2749 2475 procurari
2778 2415 2836 2462 et
2869 2409 3105 2478 spectari
3136 2411 3288 2477 velit,
3330 2411 3596 2467 divitibus

2009 2495 2232 2564 quidem
2281 2497 2531 2569 praecipit
2585 2499 2842 2555 collectas
2882 2516 3017 2572 opes
3065 2502 3394 2571 distrahere,
3440 2514 3497 2560 et
3539 2505 3594 2560 in

2010 2602 2315 2657 pauperum
2350 2605 2483 2647 usus
2515 2590 2872 2658 distribuere,
2915 2593 3145 2664 gloriam
3175 2611 3308 2650 vero
3344 2611 3408 2652 ac
3453 2613 3593 2668 prae-

2010 2679 2264 2734 stantiam
2288 2679 2543 2739 adamare
2566 2697 2678 2738 non
2699 2684 2986 2754 permittit.
3021 2685 3350 2744 Hominibus
3385 2699 3595 2756 autem,

2009 2769 2106 2839 qui
2137 2778 2430 2826 versantur
2458 2770 2514 2826 in
2550 2774 2733 2837 terris,
2748 2772 3121 2845 aequalitatem
3150 2792 3181 2831 a
3207 2778 3321 2834 Deo
3337 2780 3592 2849 praescri-

2009 2863 2089 2928 bi,
2123 2863 2271 2918 haud
2293 2863 2512 2920 dillicile
2550 2873 2655 2933 est,
2698 2882 2767 2921 ex
2815 2867 2934 2938 ipsa
2966 2870 3134 2925 etiam
3167 2872 3418 2943 corporis
3457 2886 3594 2929 eon-

2009 2956 2297 3012 stitutione
2326 2957 2663 3028 perspicere.
2686 2957 2876 3029 Neque
2914 2961 3066 3016 enim
3104 2965 3353 3034 agnoscit
3397 2972 3594 3022 natura

2009 3063 2308 3121 pauperem
2359 3065 2424 3106 ac
2473 3050 2721 3117 divitem,
2774 3067 2886 3109 non
2916 3052 3212 3125 ignobilem
3256 3064 3313 3111 et
3360 3057 3594 3123 clarum,

2009 3140 2257 3197 nobilem
2287 3150 2346 3196 et
2378 3141 2679 3213 abjectum,
2715 3150 2773 3199 et
2810 3143 2977 3215 hujus
3000 3146 3197 3203 mundi
3234 3148 3410 3219 gloria
3428 3165 3594 3204 orna-

2012 3242 2159 3301 tum;
2189 3233 2287 3289 sed
2325 3249 2424 3303 per
2435 3248 2628 3289 omnes
2652 3234 2938 3305 aequabilis
2959 3235 3077 3290 sine
3119 3244 3440 3308 acceptione
3465 3257 3595 3312 per-

2009 3338 2271 3380 sonarum
2295 3324 2520 3391 incedit,
2541 3325 2845 3397 iisdemque
2862 3327 3127 3382 membris
3148 3329 3383 3384 absolvit
3401 3347 3596 3401 quem-

2011 3434 2119 3489 que
2154 3416 2225 3472 ad
2269 3417 2543 3487 expletam
2585 3416 2775 3489 ﬁgura:
2798 3419 3352 3492 ‘pulchritudinisque
3410 3426 3593 3494 perfe-

2011 3511 2284 3565 ctionem:
2309 3524 2421 3565 una
2449 3518 2535 3564 est
2557 3509 2722 3564 etiam
2739 3510 3002 3566 omnibus
3023 3510 3091 3566 ad
3116 3522 3299 3568 ortum
3325 3516 3431 3579 via,
3452 3532 3596 3571 unus

2011 3616 2272 3656 excessus
2294 3616 2326 3655 e
2349 3602 2490 3667 vita;
2520 3617 2631 3655 non
2651 3601 2820 3656 alium
2846 3618 2877 3658 e
2900 3604 3111 3674 laqueis
3134 3605 3389 3673 absolvit,
3426 3610 3594 3664 aiium

2014 3692 2288 3747 irretitum
2318 3699 2506 3747 tenet:
2544 3692 2739 3747 duram
2773 3709 2907 3749 vero
2935 3703 2991 3749 et
3013 3695 3388 3753 inevitabilem
3416 3704 3595 3757 omni-

2015 3785 2138 3849 bus,
2183 3800 2305 3855 quae
2335 3770 2556 3839 condita
2612 3794 2760 3851 sunt,
2809 3784 2933 3841 ﬁnis
2979 3790 3366 3845 necessitatem
3413 3794 3592 3849 aﬂert.

2013 3877 2155 3933 Num
2181 3876 2369 3947 igitur,
2396 3893 2582 3947 quaeso
2624 3887 2699 3944 te,
2723 3877 3022 3933 obscurum
3060 3889 3146 3936 est
3170 3882 3370 3949 adhuc,
3400 3901 3468 3940 an
3494 3902 3593 3957 po-

2016 3968 2127 4023 tius
2149 3967 2327 4023 cuivis
2369 3969 2744 4036 manifestum,
2786 3985 2909 4027 esse
2934 3971 3136 4028 divinae
3171 3975 3441 4032 voluntati
3467 3995 3593 4049 pro-

2014 4060 2275 4131 positum,
2306 4066 2366 4114 ut
2391 4061 2664 4129 homines,
2688 4062 2784 4133 qui
2814 4063 2871 4118 in
2894 4067 3060 4122 terris
3102 4067 3328 4139 degunt,
3368 4072 3592 4140 mquali~

2014 4163 2098 4210 ter
2128 4154 2315 4209 vivant
2335 4152 2479 4209 ?Sed
2503 4154 2634 4210 audi
2661 4155 2843 4213 adhuc
2862 4158 3140 4225 eumdem,
3161 4160 3204 4214 si
3228 4161 3464 4226 videtur,
3500 4179 3594 4230 pt‘t‘

2013 4246 2309 4318 quemdam
2351 4262 2381 4302 e
2435 4248 2723 4318 prophetis
2762 4249 3037 4306 dicentem
3077 4270 3090 4305 :
3138 4272 3156 4303 ι
3211 4254 3404 4307 Nonne
3454 4255 3598 4311 Dens

2016 4353 2159 4391 unus
2185 4337 2393 4392 creavit
2428 4339 2570 4392 nos?
2600 4354 2783 4394 nonne
2800 4356 2943 4395 unus
2959 4349 3045 4396 est
3077 4343 3324 4397 onmium
3348 4353 3595 4399 nostrum

2013 4426 2199 4480 Pater?
2219 4442 2318 4480 cur
2332 4425 2633 4495 reliquistis
2654 4429 3033 4501 unusquisque
3061 4430 3285 4488 fratrem
3304 4451 3463 4489 suum
3480 4439 3521 4467 ²¹
3541 4438 3590 4488 7»

321 4523 368 4575 εί
393 4524 456 4577 τὸ
475 4522 553 4595 τῷ
575 4527 902 4599 πεποιηκότι
926 4525 1116 4580 δοκοῦν
1141 4526 1481 4598 παραλύουσί
1507 4545 1669 4593 τινες,
1694 4528 1906 4582 ἐθελού-

2016 4516 2072 4571 Si
2103 4517 2197 4588 qui
2226 4518 2395 4588 igitur
2428 4517 2747 4576 Conditoris
2787 4521 2992 4591 placita
3024 4524 3255 4590 violant,
3307 4528 3453 4598 quod
3498 4545 3596 4583 vo-

326 4630 435 4668 σιον
462 4614 680 4687 ἔχοντες
717 4618 802 4687 ἐφ’
831 4619 970 4689 ὅπερ
1000 4617 1067 4672 ἂν
1100 4618 1306 4673 ἕλοιντο
1335 4618 1445 4672 τῶν
1486 4618 1780 4689 πρακτέων
1808 4620 1908 4684 τὴν

327 4708 497 4780 ῥοπὴν
521 4710 808 4783 (τετίμηκε
839 4712 949 4786 γὰρ
979 4711 1262 4785 ἐλευθερίᾳ
1282 4711 1381 4783 τὴν
1407 4712 1569 4782 φύσιν
1591 4712 1619 4764 ό
1644 4714 1907 4785 Δημιουρς

320 4798 460 4872 γδς).
490 4801 645 4856 οὐδὲν
678 4804 816 4875 πρὸς
848 4806 941 4860 τὸν
979 4807 1158 4876 λόγον,
1190 4805 1313 4859 ἐπεί
1340 4822 1425 4859 τοι
1452 4805 1548 4860 καὶ
1587 4806 1767 4876 νόμων
1797 4805 1906 4858 τῶν

320 4892 442 4944 καθ’
464 4894 614 4965 ἡμᾶς
637 4895 1127 4970 ὑπερορῶσίτινες.
1162 4898 1324 4964 Ἀλλ’,
1351 4894 1506 4970 οἶμαί
1531 4915 1595 4967 γε
1621 4898 1707 4969 δὴ,
1740 4916 1907 4952 κατα·

317 4983 532 5054 ψέξειεν
560 4986 630 5041 ἄν
659 4988 855 5056 οὐδεὶς,
889 4991 941 5043 εἴ
966 5007 1029 5059 γε
1075 4988 1200 5045 νοῦν
1243 4990 1376 5063 ἔχοι,
1406 4992 1516 5043 τῶν
1555 4991 1736 5060 νόμων
1776 4992 1904 5054 τοὺς

317 5075 563 5148 ὁριστὰς,
597 5079 890 5152 ὲπαιτιῷτο
921 5081 967 5135 δ’
1005 5081 1070 5135 ἂν
1119 5081 1322 5153 μᾶλλον
1361 5083 1454 5137 καὶ
1502 5082 1712 5153 σφόδρα
1761 5084 1905 5135 είκό-

317 5187 426 5235 τως
475 5173 601 5237 τοὺς
654 5173 1020 5246 ὑπερφρονεῖν
1071 5175 1359 5248 ἑλομένους
1406 5174 1512 5228 τῶν
1565 5173 1901 5241 ἀναγκαίων.

316 5261 490 5317 Ὅταν
524 5262 704 5319 τοίνυν
740 5266 1190 5338 πλημμελοῦντες
1232 5267 1431 5335 λέγωσί
1473 5282 1641 5330 τινεςο
1699 5266 1904 5320 Ἐδόκει

318 5371 422 5409 που
457 5357 599 5429 τάχα
639 5362 707 5432 τῇ
751 5360 939 5435 Τύχῃ,
976 5362 1090 5425 καὶ,
1139 5361 1490 5433 Εἱμαρμένης
1523 5356 1591 5431 ἦν
1620 5354 1773 5423 οὗτος
1812 5359 1900 5411 ἐπ’

317 5449 446 5520 ἐμοὶ
485 5452 710 5518 σκοπὸς,
762 5454 845 5520 τίς
883 5456 913 5508 6
960 5454 1161 5525 λῆρος,
1211 5448 1256 5507 ὦ
1284 5449 1455 5519 οῦτοι,
1503 5454 1597 5507 καὶ
1643 5453 1782 5524 πρός
1837 5470 1901 5519 γε

316 5541 478 5610 ἡμῶν
509 5541 822 5610 λελέξεται;
851 5546 918 5600 Τί
963 5546 1020 5602 δὲ
1071 5546 1134 5617 δὴ
1160 5546 1437 5617 γράφεσθε
1478 5545 1541 5598 τὸ
1583 5545 1774 5615 μηδὲν,
1807 5544 1907 5613 τῆς

2015 4610 2268 4679 luntariis
2306 4610 2373 4664 ad
2419 4610 2623 4675 omnia,
2673 4625 2794 4682 quae
2816 4612 2995 4669 facere
3031 4614 3328 4682 voluerint,
3375 4620 3600 4676 nutibus

2014 4701 2264 4757 ferantur
2301 4700 2413 4771 (ilic
2462 4717 2698 4772 namque
2740 4702 3007 4760 Conditor
3046 4707 3301 4764 libertate
3345 4719 3597 4766 naturam

2018 4790 2375 4863 lmnestavit),
2401 4792 2457 4848 id
2485 4792 2709 4863 quidem
2744 4794 2977 4852 nihilad
3020 4813 3166 4864 rem;
3216 4800 3434 4870 quando
3478 4805 3571 4874 qui

2015 4882 2141 4936 dem
2162 4881 2328 4937 etiam
2351 4882 2501 4953 leges
2518 4882 2785 4939 humanas
2800 4886 3051 4943 nonnulli
3081 4897 3461 4947 contemnunt.
3492 4892 3597 4948 Sed

2018 4987 2201 5031 tamen
2229 4985 2484 5030 auctores
2505 4975 2707 5045 legum,
2734 4975 2840 5032 nisi
2864 4976 3041 5043 fallor,
3067 4993 3229 5035 nemo
3257 4996 3425 5036 sanus
3459 4987 3601 5038 vim»

2016 5075 2173 5138 peret
2200 5074 2459 5122 :accuset
2482 5067 2700 5139 potius,
2744 5076 2800 5123 ct
2824 5069 3049 5140 quidem
3078 5071 3204 5141 jure
3244 5073 3474 5140 optimo,
3505 5088 3601 5128 eos

2015 5160 2108 5231 qui
2160 5159 2373 5223 malint,
2424 5175 2546 5232 quae
2590 5168 2721 5216 sunt
2760 5171 2967 5218 nostra:
3014 5162 3237 5218 utilitati
3292 5168 3600 5219 necessaria

2013 5264 2386 5310 contemnere.
2418 5252 2580 5326 204
2599 5252 2737 5309 Cum
2761 5255 2945 5325 itaque
2983 5265 3213 5325 peccant
3241 5256 3513 5321 nonnulli,
3540 5274 3601 5312 ac

2006 5347 2219 5412 dicunt,
2265 5346 2355 5402 Sic
2399 5346 2655 5402 Fortuna:
2675 5346 2892 5412 visum;
2936 5354 3012 5410 et,
3055 5346 3174 5401 Huc
3201 5363 3381 5402 meum
3408 5348 3597 5405 Fatum

2007 5447 2311 5517 spectabat,
2360 5459 2606 5515 quamam
2633 5444 2749 5497 haec
2784 5450 2869 5498 est
2896 5441 3187 5497 deliratio?
3229 5459 3326 5525 vos
3363 5446 3596 5517 appello.

2012 5541 2105 5598 Sic
2152 5541 2299 5597 enim
2350 5555 2380 5594 a
2420 5538 2582 5593 nobis
2631 5544 2779 5592 certe
2820 5535 3037 5591 dicetur
3074 5534 3258 5604 :Quid
3305 5539 3596 5603 accusatis,

319 5631 474 5701 σφῶν
511 5635 694 5689 αὐτῶν
734 5637 998 5710 ὲλαφρίας
1041 5638 1098 5691 οὐ
1133 5636 1539 5704 κατεγνωκότες
1559 5653 1572 5700 ;
1617 5636 1756 5689 Ἀλλ’
1781 5635 1814 5705 ἦ
1842 5651 1904 5702 γε

2010 5634 2155 5701 quod
2192 5645 2462 5701 nusquam
2491 5637 2573 5684 est
2595 5629 2617 5682 ?
2643 5644 2705 5682 ac
2742 5638 2979 5683 vestram
3007 5627 3249 5699 ipsorum
3282 5629 3464 5701 potius
3489 5646 3599 5686 non

384 5812 431 5845 ⁸⁸
462 5811 694 5867 Halach.
732 5829 790 5877 ιι,
818 5812 907 5869 15.

648 5906 921 5967 ΡΑτιιοι.
967 5906 1083 5968 Gn.
1136 5905 1393 5965 LXVIII.

3172 5898 3241 5960 15
