4138 6300
565 421 668 476 ιςο
757 425 761 429 ’

1587 415 1642 468 S.
1686 415 1974 469 (ῖῑιιιιιι.
2003 413 2470 469 ΑιειΑΝὒιιιΝι
2511 412 2826 467 ΜὶΕΗῘΕΡ.
2887 421 2902 438 ¹

3728 415 3831 465 4130

566 533 837 587 ιξηιιιηοιὶε
870 529 1187 584 levitatem?
1211 528 1377 598 Atqui
1401 527 1585 583 divina
1610 528 1897 598 Scriptura
1939 529 2025 593 iis,
2053 531 2147 600 qui

2259 527 2378 579 θεία
2421 527 2612 596 Γραφὴ
2650 526 3047 596 παραφωνήσει
3080 523 3140 576 τὸ
3183 523 3379 594 ἀληθὲς
3420 525 3531 585 τοῖς
3562 521 3636 592 μὴ
3677 524 3833 590 ὀρθο-

569 632 712 679 recte
735 619 946 692 ingredi
984 619 1284 684 noluerint,
1311 634 1500 675 verum
1540 619 1959 690 pronuntiabit:
2005 641 2022 672 ι
2053 620 2142 675 In-

567 715 824 787 sipientia
850 713 957 768 viri
1001 713 1172 768 violat
1207 713 1324 767 vias
1345 713 1486 784 ejus,
1513 712 1686 767 Deum
1723 721 1906 767 autem
1952 728 2145 767 causa-

565 817 654 862 tur
687 806 743 862 in
767 806 932 861 corde
958 805 1142 860 suo".
1173 823 1192 856 ι
1233 804 1278 859 Α
1299 820 1431 859 vera
1468 804 1638 876 igitur
1680 805 1953 859 sententia
1983 804 2143 858 aber-

564 907 775 963 rarunt,
804 897 898 969 qui
937 895 1131 953 Ortum
1158 902 1215 950 et
1253 895 1468 961 Fatum,
1492 904 1550 952 et
1587 895 1918 950 levissimam
1945 895 2144 950 Fortu-

563 1003 690 1044 nam
713 989 919 1044 nostris
963 987 1130 1042 rebus
1161 985 1546 1058 prael‘ecerunt,
1586 1001 1650 1041 ac
1683 1001 1792 1040 non
1813 986 1995 1056 potius
2034 986 2146 1040 Deo

563 1096 750 1136 rerum
809 1079 1266 1152 gubernationem
1341 1078 1693 1134 tribuendam
1764 1086 2141 1148 putaverunt;

564 1173 821 1244 quamvis
891 1172 1041 1227 dicat
1085 1171 1379 1227 Christus:
1427 1191 1445 1223 ι
1477 1171 1671 1226 Nonne
1736 1169 1846 1224 duo
1899 1184 2148 1240 passeres

565 1278 687 1318 asse
711 1262 996 1316 veneunt?
1019 1269 1076 1316 et
1095 1277 1240 1316 unus
1259 1277 1327 1316 ex
1351 1259 1485 1332 ipsis
1509 1277 1620 1316 non
1657 1260 1815 1315 cadet
1840 1275 2006 1330 super
2032 1266 2145 1314 ter-

565 1369 681 1409 ram
705 1355 823 1408 sine
850 1353 1010 1408 Patre
1033 1361 1241 1419 vestro,
1266 1352 1360 1423 qui
1383 1361 1470 1407 est
1503 1352 1560 1406 in
1592 1351 1787 1406 caelis?
1823 1349 2003 1405 Vestri
2045 1365 2146 1403 au-

565 1453 676 1499 tem
713 1443 896 1515 capilli
917 1443 1118 1515 capitis
1139 1457 1331 1499 omnes
1354 1443 1634 1498 numerati
1667 1448 1813 1496 sunt.
1842 1440 2022 1495 Nolite
2050 1439 2147 1510 igi-

565 1545 658 1590 tur
683 1534 878 1591 timere
907 1553 922 1589 :
949 1535 1142 1589 multis
1161 1534 1481 1606 passeribus
1501 1534 1758 1588 meliores
1781 1532 1915 1587 estis
1937 1531 2106 1586 vos”.
2121 1549 2138 1581 ›

564 1625 825 1682 Providet
845 1625 1067 1696 quidem
1093 1626 1351 1681 omnibus
1374 1625 1697 1681 mortalibus
1733 1622 2028 1688 Conditor;
2051 1621 2145 1676 sed

571 1726 753 1770 tamen
775 1715 1073 1785 unicuique
1097 1715 1401 1786 permittit,
1427 1714 1573 1785 quod
1608 1713 1714 1767 sibi
1761 1712 2033 1777 videatur,
2065 1711 2146 1766 fa-

569 1821 716 1872 cere,
745 1815 801 1861 et
823 1822 1206 1877 quamcunque
1229 1806 1484 1870 voluerit,
1502 1807 1647 1860 viam
1672 1803 1883 1875 ingredi
1900 1805 1966 1859 ".
1990 1805 2148 1858 Post-

2251 617 2432 670 ποδεῖν
2477 615 2794 688 ᾑρημένοιςο
2830 635 2848 668 ι
2910 614 3216 686 Ἀφροσύνη
3267 613 3460 686 ἀνδρὸς
3513 613 3833 683 λυμανεῖται

2248 707 2346 770 τὰς
2377 707 2532 769 ὀδοὺς
2563 705 2748 758 αὑτοῦ·
2786 706 2875 758 τὸν
2921 705 2978 757 δὲ
3011 704 3144 757 Θεὸν
3186 703 3493 758 αἰτιάσεται
3528 706 3596 776 τῇ
3639 705 3839 775 καρδίᾳ

2249 795 2437 848 αὑτοῦ.
2480 814 2498 846 ι
2559 794 2820 866 Ἀληθοῦς
2851 790 2944 849 οὖν
2982 795 3089 865 ἄρα
3122 795 3535 865 διημαρτήκασι
3583 793 3740 865 δόξης
3784 797 3834 847 οί

2236 887 2468 941 -Γένεσίν
2501 905 2561 942 τε
2596 888 2691 940 καὶ
2730 888 3089 957 Εἱμαρμένην
3119 887 3214 940 καὶ
3257 885 3442 958 Τύχην
3482 886 3835 957 εὑδιαρρίπι-

2250 996 2375 1033 στον
2418 983 2530 1044 τοῖς
2587 979 2708 1033 καθ’
2762 981 2909 1049 ἡμᾶς
2964 980 3393 1048 ἐπιστήσαντες,
3450 978 3544 1030 καὶ⁵
3590 977 3713 1046 οὑχ),
3767 976 3836 1047 δὴ

2253 1071 2453 1140 μᾶλλον
2482 1070 2601 1140 Θεῷ
2648 1071 3048 1141 προσνέμοντες
3091 1068 3190 1139 τὴν
3221 1068 3329 1122 τῶν
3369 1069 3713 1140 πραγμάτων
3750 1069 3836 1121 oi-

2250 1157 2538 1227 κονομίαψ
2586 1156 2768 1210 καίτοι
2809 1157 3058 1225 λέγοντος
3085 1155 3180 1210 τοῦ
3220 1156 3478 1224 Χριστοῦ·
3515 1177 3535 1208 ‹
3573 1157 3708 1227 Οὑχὶ
3741 1157 3836 1210 δύο

2251 1249 2510 1319 στρουθία
2549 1249 2812 1318 ἀσσαρίου
2852 1249 2972 1311 ἐνὸς
3011 1248 3305 1312 πωλεῖται;
3341 1250 3436 1301 καὶ
3472 1247 3529 1301 ἓν
3559 1249 3618 1314 ἐξ
3650 1247 3836 1302 αὑτῶν

2249 1341 2308 1392 οὑ
2334 1341 2580 1393 πεσεῖται
2616 1343 2708 1394 ἐπὶ
2734 1341 2832 1412 τὴν
2859 1343 2982 1413 γῆν,
3021 1341 3149 1394 ἄνευ
3187 1341 3278 1394 τοῦ
3313 1341 3526 1413 Πατρὸς
3557 1342 3712 1412 ὑμῶν
3737 1341 3833 1394 τοῦ

2250 1434 2308 1485 ὲν
2348 1434 2461 1496 τοῖς
2493 1433 2742 1504 οὐρανοῖς
2768 1476 2780 1487 .
2830 1434 3014 1504 ’Υμῶν
3045 1434 3101 1487 δὲ
3146 1435 3200 1487 αἱ
3233 1435 3417 1506 τρίχες
3447 1435 3546 1504 τῆς
3592 1434 3835 1506 κεφαλῆς

2249 1523 2624 1595 ἠριθμημέναι
2653 1525 2780 1580 εἰσί.
2817 1526 2908 1597 Μὴ
2945 1523 3038 1580 οὗν
3077 1526 3350 1596 φοὸεῖσθε·
3401 1527 3612 1580 πολλῶν
3639 1517 3834 1596 στροῦ-

2251 1615 2382 1669 θίων
2415 1616 2709 1687 διαφέρετε
2754 1619 2931 1689 ὑμεῖς.
2981 1638 2998 1671 ι
3037 1620 3265 1689 Προνοεί
3305 1619 3403 1690 μὲν
3442 1618 3551 1690 γὰρ
3591 1619 3700 1671 τῶν
3740 1618 3834 1670 ἐπὶ

2248 1708 2347 1778 τῆς
2377 1709 2481 1778 γῆς
2526 1711 2554 1761 ὁ
2599 1711 2974 1782 Δημιουργὸς,
3020 1711 3238 1781 ἑκάστῳ
3267 1727 3330 1779 γε
3363 1710 3472 1781 μὴν
3518 1709 3704 1780 ἐφίησι
3740 1712 3834 1762 καὶ

2249 1801 2384 1872 δρᾷν
2421 1801 2482 1853 τὸ
2520 1801 2734 1864 δοκοῦν,
2771 1803 2863 1855 καὶ
2898 1803 2965 1872 ἢν
3015 1803 3080 1856 ἂν
3131 1802 3373 1873 βούλοιτο
3415 1802 3654 1872 βαδίζειν
3688 1801 3828 1855 ὁδόν.

564 1911 797 1967 eaquam
823 1911 955 1951 vero
983 1910 1307 1966 perversum
1335 1903 1422 1950 est
1445 1894 1730 1948 hominum
1755 1907 1946 1963 genus,
1972 1891 2147 1961 legem

2263 1871 2479 1961 Ἐπειδὴ
2509 1891 2565 1943 δὲ
2607 1871 2934 1963 ὴρῤώστησέ
2966 1891 3062 1963 τὴν
3101 1871 3460 1964 παρατροπην
3493 1892 3554 1946 τὸ
3598 1893 3691 1945 ἐπὶ
3735 1893 3832 1962 τῆς

567 1988 712 2044 illico
753 1987 910 2043 dedit
947 1989 1003 2043 in
1029 1987 1387 2059 adjutorium,
1433 1994 1495 2041 ut
1545 1987 1814 2056 scriptum
1848 1991 1951 2038 est.
1992 1983 2146 2038 Peri-

553 2079 813 2134 culosum
845 2079 1013 2150 igitur
1029 2077 1416 2143 est-omnibus,
1445 2079 1542 2148 qui
1568 2075 1775 2132 Christi
1799 2075 1962 2130 ﬁdem
1996 2089 2150 2129 acce-

560 2169 770 2241 perint,
817 2185 883 2225 ac
928 2177 1171 2226 veterem
1242 2170 1398 2224 illum
1441 2183 1691 2224 errorem
1725 2167 2145 2237 dereliquerint,

565 2261 809 2317 anilibus
832 2260 1034 2316 fabulis
1059 2260 1257 2316 abduci
1283 2259 1354 2315 ad
1379 2275 1465 2326 ea,
1494 2275 1616 2330 quae
1644 2274 1753 2314 non
1777 2266 2013 2328 oportet,
2039 2265 2093 2311 et
2117 2271 2147 2311 a

565 2369 693 2410 sana
725 2354 998 2409 sententia
1017 2351 1359 2422 detorqueri,
1389 2357 1450 2405 ut
1483 2350 1846 2414 arbitrentur,
1876 2349 1982 2404 hoc
2021 2349 2146 2402 uni-

551 2462 815 2512 versum,
844 2453 956 2500 .aut
977 2452 1128 2500 certe
1163 2443 1464 2510 hominem,
1504 2443 1745 2500 Fortuna
1771 2457 1834 2497 ac
1855 2441 1988 2498 Fato
2011 2441 2145 2512 regi,

563 2553 689 2609 qua:
707 2552 936 2609 prorsus
957 2537 1107 2592 nulla
1131 2545 1280 2592 sunt.

635 2715 834 2772 PALL.
880 2713 1419 2770 Periculosissimum
1465 2727 1615 2767 sane.
1654 2711 1813 2773 Nam,
1867 2710 1960 2780 qui
2001 2710 2148 2778 ejus-

565 2807 714 2862 modi
753 2815 860 2872 est,
919 2805 1146 2860 omnino
1197 2804 1492 2860 adversum
1532 2819 1589 2858 se
1625 2801 1868 2876 judicem
1907 2816 2148 2856 commo-

560 2898 736 2954 vebit.

637 2990 796 3047 (ΠΒ.
815 2988 942 3046 ·.1ιιπι
967 3002 1100 3044 vero
1122 3003 1306 3043 nonne
1334 2986 1714 3057 turpissimum
1752 3000 1870 3041 esse
1898 2984 2066 3049 dices,
2094 2990 2151 3039 et

554 3082 838 3156 ejusmodi
861 3081 1020 3137 malis
1041 3079 1351 3151 proximum
1376 3095 1440 3135 ac
1459 3079 1702 3134 vicinum
1727 3077 1860 3132 illud
1894 3078 2146 3143 alterum,

571 3176 689 3242 dies
712 3173 970 3230 videlicet
1009 3174 1338 3238 observare,
1379 3177 1436 3226 et
1477 3171 1662 3236 horas,
1703 3176 1763 3226 et
1803 3177 2069 3240 tempora,
2094 3176 2150 3224 et

551 3282 760 3332 annos,
784 3283 849 3322 ac
869 3265 1080 3321 lunaris
1101 3264 1247 3338 globi
1293 3272 1409 3318 tum
1455 3263 1846 3329 accretionem,
1891 3271 2007 3318 tum
2042 3263 2142 3318 de-

555 3356 952 3412 trementum?

638 3441 930 3496 PALL.Et
958 3441 1180 3510 quidem
1226 3442 1461 3497 maxime
1501 3460 1513 3495 :
1572 3459 1810 3513 namque
1847 3443 1936 3509 iis,
1977 3443 2073 3514 qui
2118 3459 2149 3500 e

569 3532 920 3603 gentibus‘ad
961 3534 1194 3587 salutem
1221 3533 1463 3587 revocati
1493 3541 1671 3598 erant,
1710 3535 2058 3604 apertissime
2093 3535 2149 3590 id

567 3637 670 3693 pro
695 3623 928 3679 crimine
951 3624 1142 3696 objicit
1164 3626 1358 3681 beatus
1381 3626 1602 3692 Paulus,
1626 3641 1752 3682 cum
1776 3626 1910 3681 dicit
1941 3645 1953 3680 :
1993 3645 2010 3678 ι
2041 3627 2149 3683 Sed

560 3724 684 3769 xum
713 3714 938 3786 quidem
962 3731 1073 3771 non
1107 3725 1500 3788 cognoscentes
1519 3717 1713 3783 Deum,
1742 3720 2019 3789 serviistis
2058 3721 2146 3785 iis,

561 3807 660 3877 «qui
686 3815 886 3862 natura
906 3821 1017 3862 non
1071 3817 1198 3863 sunt
1221 3809 1328 3876 dii;
1396 3827 1542 3866 nunc
1578 3826 1712 3866 vero
1754 3821 2150 3882 cognoscentes

562 3898 740 3951 ﬂeum
763 3937 778 3962 ,
808 3897 918 3952 imo
943 3911 1074 3953 vero
1095 3900 1298 3969 cogniti
1319 3916 1350 3954 a
1379 3900 1515 3967 Deo,
1560 3904 1837 3972 quomodo
1874 3906 2149 3960 converti-

569 3985 703 4041 mini
725 4002 916 4041 rursus
948 3986 1016 4040 ad
1044 3986 1261 4043 inﬁrma
1301 3997 1358 4043 et
1377 4005 1550 4061 egena
1598 3992 1906 4059 elementa,
1949 3995 2152 4064 quibus

565 4091 762 4133 rursus
803 4077 986 4134 denuo
1025 4079 1234 4134 servire
1276 4080 1483 4136 vultis?
1528 4081 1657 4137 Dies
1708 4082 2048 4149 observatis,
2096 4091 2152 4140 et

568 4183 807 4234 menses,
832 4176 888 4224 et
910 4185 1106 4237 annos,
1133 4180 1190 4225 et
1210 4181 1458 4242 tempora
1480 4191 1495 4240 ;
1516 4174 1683 4230 timeo
1698 4191 1814 4241 vos,
1841 4191 1907 4231 ne
1930 4175 2070 4232 forte
2095 4177 2152 4232 in

565 4274 765 4316 vanum
799 4261 1166 4318 laboraverim
1192 4264 1249 4319 in
1274 4266 1454 4322 vobis.
1483 4267 1528 4299 ”
1577 4286 1596 4319 ι

636 4351 796 4424 205
830 4352 988 4410 CYR.
1027 4355 1302 4412 Horarum
1332 4359 1499 4430 igitur
1540 4375 1606 4416 ac
1647 4361 1861 4416 dierum
1895 4363 2152 4420 observa-

564 4442 662 4507 tio,
693 4459 909 4500 necnon
935 4454 1197 4516 praaterea
1233 4456 1563 4521 temporum,
1605 4453 1674 4507 ab
1708 4453 1775 4508 iis
1797 4495 1811 4519 ,
1843 4455 1938 4524 qui
1979 4471 2149 4510 unum

566 4541 619 4589 et
643 4543 836 4592 natura
886 4538 1057 4595 Deum
1087 4556 1200 4596 non
1235 4542 1515 4613 ignorant,
1557 4545 1670 4600 imo
1716 4561 1885 4612 vero,
1943 4548 2039 4618 qui
2082 4547 2150 4602 ab

568 4641 683 4695 .pso
730 4643 828 4698 per
860 4626 1023 4684 (idem
1065 4640 1196 4686 sunt
1251 4634 1477 4704 cogniti,
1521 4643 1577 4689 et
1598 4634 1667 4690 ad
1707 4638 2150 4708 conjunctionem

567 4715 751 4784 gratiae
771 4732 1002 4774 munere
1021 4721 1224 4786 vocati,
1269 4722 1448 4778 aliena
1493 4739 1722 4794 prorsus
1764 4735 1878 4793 est;
1906 4743 2032 4781 nam
2060 4743 2151 4781 re-

566 4818 806 4863 trorsum
841 4809 983 4864 redit
1027 4814 1121 4882 qui
1157 4815 1264 4868 hoc
1300 4814 1482 4871 facere
1509 4817 1768 4882 voluerit,
1795 4828 1851 4874 et
1902 4819 2051 4874 illam
2094 4819 2149 4874 in

567 4896 784 4952 Christo
801 4897 1030 4968 gloriam
1049 4903 1628 4977 abjicit,animumque
1652 4923 1812 4963 suum
1838 4923 1946 4963 non
1969 4909 2152 4964 adhuc

567 4989 839 5046 libertatis
868 4999 1166 5048 amatorem
1191 5006 1391 5061 servat,
1424 4998 1520 5053 sed
1557 5001 1721 5055 stulte
1744 5001 1928 5071 pot-ius
1953 5003 2156 5058 veteris

565 5081 775 5137 erroris
793 5081 990 5154 jugum
1037 5083 1206 5150 subit,
1255 5101 1381 5140 eum
1409 5103 1537 5142 eum
1589 5091 1876 5157 honorem,
1929 5093 2021 5162 qui
2056 5095 2153 5149 Dei

568 5173 821 5243 proprius
845 5181 950 5240 est,
974 5174 1263 5231 elementis
1278 5178 1712 5250 mundidcferat;
1734 5191 1810 5249 ct,
1826 5201 1948 5254 quae
1970 5185 2036 5239 ad
2060 5202 2150 5240 or-

568 5274 704 5330 tum,
729 5264 1048 5326 Conditoris
1083 5277 1222 5323 nutu
1259 5279 1448 5324 vocata
1493 5281 1642 5338 sunt,
1680 5288 1746 5329 ea
1769 5277 1997 5332 summis
2033 5277 2152 5347 glo-

569 5356 663 5412 ria;
689 5361 1030 5416 ornamentis
1052 5359 1294 5419 decoret.
1316 5363 1604 5420 Elementa
1629 5382 1796 5436 porro
1823 5369 2010 5422 mundi
2053 5385 2152 5439 ap-

569 5447 734 5516 pellat
784 5449 1083 5520 Apostolus
1129 5454 1252 5510 illas
1300 5457 1459 5526 quasi
1510 5458 1811 5527 particulas
1857 5460 2145 5526 universi,

568 5551 811 5610 tempora
855 5558 1050 5614 nempe
1077 5562 1139 5601 ac
1164 5563 1383 5604 menses
1419 5557 1474 5604 et
1519 5548 1716 5604 horum
1755 5549 2146 5615 dimensiones,

568 5645 686 5699 qua:
708 5645 806 5700 per
835 5631 999 5689 horas
1021 5651 1084 5691 ac
1109 5636 1227 5693 dies
1247 5637 1403 5694 fiunt.
1425 5639 1560 5695 Nam
1602 5641 1731 5712 quia
1771 5641 2148 5697 continuatum

634 5825 679 5857 "
719 5824 1013 5891 Promxtx,
1059 5826 1109 5880 5.
1190 5831 1234 5862 ³³
1256 5831 1446 5886 Matth.
1477 5851 1528 5898 χ,
1568 5835 1656 5901 29,
1701 5837 1787 5892 '5l.

2247 1979 2351 2050 γῆς
2387 1979 2574 2048 γένος,
2606 1981 2770 2051 νόμον
2806 1982 2966 2045 εὑθὺς
2999 1983 3077 2044 είς
3129 1981 3380 2054 βοήθειαν
3411 1981 3609 2034 δέδωκε
3631 2021 3645 2045 ,
3683 1983 3830 2034 κατὰ

2247 2071 2308 2124 τὸ
2335 2073 2742 2142 γεγραμμένον.
2770 2071 3044 2142 Σφαλερὸν
3070 2068 3163 2126 οὖν
3192 2075 3301 2144 ἄρα
3343 2073 3504 2125 παντί
3538 2090 3615 2144 τῳ
3647 2073 3833 2126 λοιπὸν

2248 2164 2347 2233 τὴν
2389 2165 2469 2228 είς
2508 2163 2744 2235 Χριστὸν
2779 2163 2962 2216 πίστιν
2995 2165 3408 2235 είσδεδεγμένῳ,
3468 2163 3559 2217 καὶ
3601 2164 3699 2236 τὴν
3729 2166 3832 2236 ἀρ-

2249 2255 2408 2325 χαίαν
2473 2255 2688 2322 ἐκείνην
2737 2255 3043 2310 διελάσαντι
3090 2257 3389 2327 πλάνησιν,
3438 2257 3498 2309 τὸ
3556 2256 3832 2328 γραώδεσι

2253 2345 2443 2418 μύθοις
2468 2347 2842 2418 ἀποφέρεσθαι
2876 2348 3010 2420 πρὸς
3054 2347 3090 2401 ἀ
3135 2348 3211 2419 μὴ
3243 2348 3358 2412 δεῖ,
3390 2349 3484 2401 καὶ
3510 2350 3607 2418 τῆς
3646 2347 3834 2417 ὑγιοῦς

2250 2440 2682 2511 ἀποκομίζεσθαι
2719 2440 2910 2512 δόξης,
2949 2441 3027 2504 ὡς
3067 2441 3186 2494 τόδε
3229 2441 3290 2493 τὸ
3322 2441 3565 2511 σύμπαν,
3597 2443 3714 2512 ἤτοι
3742 2442 3834 2496 τὸν

2251 2532 2558 2606 ἄνθρωπον,
2597 2536 2832 2605 ἡνιοχεῖν
2861 2533 3068 2587 οἴεσθαι
3103 2533 3288 2606 Τύχην
3312 2550 3370 2586 τε
3415 2535 3506 2586 καὶ
3539 2534 3832 2604 Εἱμαρμέ-

2250 2643 2369 2698 νην,
2410 2626 2509 2690 τάς
2536 2627 2636 2679 οὑκ
2669 2627 2834 2690 οὑσας
2860 2627 3016 2690 ὅλως.

2316 2720 2530 2774 ΠΑΛΑ.
2562 2717 3006 2790 Σφαλερὼτατον.
3040 2718 3353 2790 Καταθήξει
3384 2719 3492 2790 γὰρ
3518 2717 3584 2773 ἂν
3609 2720 3637 2772 6
3657 2717 3833 2771 τοιοῦ-

2249 2829 2340 2876 τος
2371 2813 2546 2884 πάντη
2575 2829 2635 2865 τε
2666 2811 2761 2866 καὶ
2788 2814 3005 2875 πάντως
3036 2811 3122 2880 ἐφ’
3151 2812 3329 2883 ἑαυτῷ
3354 2813 3444 2866 τὸν
3479 2812 3697 2884 κριτήν.

2321 2987 2487 3041 ΚΥΡ.
2524 2988 2589 3041 Τί
2616 2987 2704 3055 δέ;
2731 2988 2791 3041 οὑ
2827 2988 3160 3060 πάναισχρον
3190 2985 3327 3043 εἶναι
3356 2990 3460 3061 φὴς
3482 2990 3576 3045 καὶ
3611 2991 3837 3062 ἀγχίου-

2257 3094 2346 3149 ρον
2393 3077 2608 3147 ἀληθῶς
2654 3081 2764 3142 τοῖς
2807 3079 3035 3132 τοιοῖσδε
3068 3083 3260 3144 κακοῖς
3298 3079 3358 3133 τὸ
3389 3080 3604 3152 ἡμέρας
3634 3081 3834 3152 ἐπιτη-

2255 3170 2390 3240 ρεῖν,
2422 3169 2516 3223 καὶ
2538 3167 2710 3239 ὥρας,
2735 3169 2830 3222 καὶ
2860 3170 3105 3242 καιροὺς,
3136 3172 3231 3225 καὶ
3266 3173 3565 3238 ἐνιαυτοὺς,
3600 3167 3753 3237 αὗξίν
3775 3189 3834 3225 τε

2253 3259 2344 3312 mi.
2366 3258 2546 3328 φθίσιν
2575 3258 2668 3313 τοῦ
2693 3261 3013 3333 σεληνιακοῦ
3047 3263 3246 3316 κύκλου
3268 3281 3284 3329 ;

2323 3439 2533 3493 ΠΑΛΛ..
2575 3439 2683 3493 Καὶ
2721 3441 2886 3512 μάλα.
2931 3443 3251 3513 Σαφέστατα
3290 3445 3400 3517 γὰρ
3432 3447 3546 3511 τοῖς
3573 3447 3631 3512 ἐξ
3665 3447 3836 3501 ἐθνῶν

2251 3530 2723 3603 ἀνασεσωσμένοις
2753 3535 3008 3607 ἔγκλημα
3039 3541 3267 3592 ποιεῖται
3297 3539 3365 3591 τὸ
3412 3539 3623 3610 χρῆμα,
3663 3539 3837 3608 λέγων

2250 3625 2278 3676 6
2329 3623 2610 3687 θεσπέσιος
2646 3625 2876 3689 Παῦλος·
2929 3645 2950 3678 ι
3001 3628 3160 3682 Ἀλλά
3191 3629 3313 3682 τότε
3349 3629 3448 3700 μὲν
3494 3631 3596 3684 οὑκ
3637 3631 3838 3693 εἰδότες

2250 3712 2404 3778 Θεὸν,
2435 3713 2784 3769 ἐδουλεύσατε
2811 3719 2925 3779 τοῖς
2965 3717 3124 3786 φύσει
3159 3719 3235 3790 μὴ
3281 3715 3402 3773 οὖσι
3439 3718 3602 3784 θεοῖς·
3642 3721 3738 3774 νῦν
3781 3723 3836 3774 δὲ

2250 3799 2471 3874 γνδντες
2509 3806 2601 3862 τὸν
2632 3807 2786 3873 Θεὸν,
2834 3809 3032 3879 μᾶλλον
3066 3810 3123 3864 δὲ
3161 3812 3501 3881 γνωσθέντες
3543 3813 3648 3867 ὑπὸ
3676 3813 3836 3877 Θεοῦ,

2249 3898 2368 3964 πῶς
2401 3901 2758 3972 ἐπιστρέφετε
2799 3903 2961 3957 πάλιν
2990 3903 3084 3956 ἐπὶ
3123 3904 3193 3958 τά
3240 3905 3444 3976 ἀσθενῆ
3509 3906 3603 3960 καὶ
3645 3909 3840 3979 πτωχὰ

2253 3993 2521 4063 στοιχεῖα,
2556 3987 2638 4056 οἷς
2672 3993 2839 4047 πάλαι
2888 3993 3096 4048 ἀνωθεν
3129 3993 3400 4048 δουλεύειν
3438 3995 3651 4064 θέλετε;
3701 3999 3839 4068 ἡμέ-

2252 4095 2352 4149 ρας
2399 4079 2843 4151 παρατηρεῖσθε,
2876 4082 2972 4136 καὶ
2998 4083 3195 4154 μῆνας,
3248 4085 3341 4137 καὶ
3387 4085 3708 4152 ἐνιαυτοὺς,
3743 4087 3840 4141 καὶ

2250 4169 2494 4241 καιρούς·
2541 4170 2814 4243 φοϐοῦμαι
2865 4173 3038 4244 ὑμᾶς,
3077 4177 3153 4246 μή
3186 4195 3304 4240 πως
3357 4179 3479 4250 εικῆ
3533 4181 3836 4235 κεκοπίακα
3905 4165 3918 4170 ’

2251 4261 2331 4325 εἰς
2361 4262 2524 4332 ὑμᾶς.
2555 4281 2576 4315 ι

2321 4355 2484 4409 ΚΥΡ.
2546 4355 2613 4409 Ἦ
2659 4355 2820 4428 ὡρῶν
2875 4356 2982 4430 ἄρα
3051 4358 3147 4411 καὶ
3199 4360 3422 4432 ἡμερῶν
3487 4363 3834 4434 ὲπιτήρησις,

2252 4446 2550 4518 προσθείην
2575 4448 2621 4501 δ’
2655 4448 2720 4503 ἂν
2750 4450 2832 4503 ὅτι
2863 4451 2957 4504 καὶ
2985 4452 3018 4521 ἠ
3059 4451 3289 4522 καιρῶν,
3326 4452 3674 4523 ἀνάρμοστος
3705 4473 3839 4510 παν-

2183 4577 2227 4633 D
2254 4537 2423 4633 τελως
2449 4541 2562 4603 τοῖς
2589 4539 2682 4593 τὸν
2705 4539 2804 4593 ’ένα
2838 4557 2897 4593 τε
2923 4541 3018 4594 καὶ
3045 4540 3203 4609 φύσει
3229 4541 3362 4596 Θεὸν
3391 4544 3492 4597 οὑκ
3517 4545 3834 4616 ἠγνοηκόσι,

2257 4627 2460 4698 μᾶλλον
2490 4628 2548 4682 δὲ
2577 4630 2690 4694 τοῖς
2722 4629 2813 4684 ὑπ’
2841 4630 3006 4685 αὑτοῦ
3051 4631 3140 4686 διὰ
3177 4632 3417 4698 πίστεως
3446 4635 3834 4708 ἐγνωσμένοις,

2255 4721 2348 4773 καὶ
2375 4721 2455 4785 εἰς
2492 4722 2802 4792 οἰκειότητα
2831 4723 3187 4795 κεκλημένοις
3213 4726 3314 4798 τὴν
3342 4727 3431 4780 διὰ
3463 4727 3563 4798 τῆς
3591 4729 3832 4800 χάριτος·

2255 4811 2538 4866 ὑπονοστεῖ
2576 4813 2684 4885 γὰρ
2723 4813 2940 4880 ἀνόπιν,
2967 4814 3031 4868 τὸ
3067 4815 3127 4868 ὲν
3159 4817 3384 4889 Χριστῷ
3421 4819 3688 4890 καύχημα
3739 4839 3834 4891 με-

2255 4904 2390 4970 θεὶς,
2421 4907 2450 4958 6
2479 4904 2640 4959 τοῦτο
2684 4905 2818 4976 δρᾷν
2845 4906 3141 4977 ᾑρημένοςο
3189 4910 3283 4965 καὶ
3325 4911 3709 4984 φιλελεύθερον
3737 4916 3832 4984 μὲν

2255 4997 2436 5050 οὑκέτι
2480 4997 2571 5052 τὸν
2617 5000 2815 5052 οἰκεῖον
2864 4997 3162 5054 διεσώσατο
3218 5000 3376 5068 νοῦν,
3432 5003 3733 5074 φληνάφως
3783 5006 3839 5060 δὲ

2257 5089 2456 5159 μᾶλλον
2478 5091 2568 5143 τὸν
2594 5091 2693 5159 τῆς
2717 5090 2950 5161 ἀρχαίας
2976 5091 3297 5164 πλανήσεως
3325 5095 3621 5167 ὑποτρέχει
3653 5097 3838 5166 ζυγὸν,

2253 5185 2364 5244 τοῖς
2391 5180 2485 5235 τοῦ
2522 5181 2728 5253 κόσμου
2775 5183 3060 5254 στοιχείοις
3093 5184 3258 5257 τιμὴν
3289 5187 3586 5258 ἀπονέμων
3607 5228 3620 5252 ,
3663 5191 3839 5260 ἥνπερ

2256 5275 2322 5326 ἂν
2351 5273 2458 5344 ἔχοι
2483 5274 2637 5337 Θεὸς,
2668 5275 2761 5328 καὶ
2795 5277 2916 5339 ταῖς
2946 5276 3209 5332 ἀνωτάτω
3251 5280 3537 5349 στεφανῶν
3563 5281 3838 5344 εὑκλείαις

2253 5364 2320 5417 τὰ
2367 5365 2677 5436 κεκλημένα
2726 5366 2862 5437 πρὸς
2899 5367 3120 5435 γένεσιν
3159 5371 3272 5432 τοῖς
3323 5369 3419 5425 τοῦ
3469 5372 3834 5442 πεποιηκότος

2257 5457 2512 5529 νεύμασι.
2557 5459 2804 5530 Στοιχεῖα
2836 5460 2893 5513 δὲ
2935 5462 3142 5532 κόσμου
3189 5465 3323 5534 φησι⁵
3366 5463 3434 5518 τὰ
3477 5466 3642 5518 οἱονεὶ
3675 5465 3838 5536 μόρια

2256 5549 2348 5602 τοῦ
2379 5550 2596 5617 παντὸς,
2627 5551 2855 5621 καιρούς
2892 5569 2953 5605 τε
2994 5554 3089 5607 καὶ
3123 5555 3301 5625 μῆνας
3322 5597 3336 5619 ,
3369 5557 3463 5609 καὶ
3502 5555 3598 5619 τὰς
3627 5555 3835 5608 τούτων

2257 5645 2677 5715 ἀναμετρήσεις,
2703 5645 2792 5699 διά
2817 5663 2874 5698 τε
2908 5647 3066 5718 ὡρῶν
3104 5649 3198 5702 καὶ
3226 5649 3446 5720 ἡμερῶν
3467 5647 3836 5720 ἀποτελουμέ-

1872 5840 1914 5870 ²³
1945 5839 2047 5895 lsa.
2099 5857 2208 5905 vm,
2245 5842 2467 5911 passim.
2548 5845 2590 5874 ”
2629 5843 2805 5897 Galat.
2837 5861 2908 5910 ιγ,
2939 5847 3064 5900 9-H
