4138 6300
261 466 361 523 £61

985 462 1072 517 DE
1090 460 1551 519 ‘ADORATIONE
1592 464 1663 518 IN
1705 463 1857 519 SPlR

1958 462 1976 518 1
2016 462 2105 518 ΕΤ
2142 464 2510 520 V'ERlTATE.
2553 466 2681 521 LIB.
2723 465 2810 520 Vl.
2868 502 2873 509 ι

3421 466 3525 521 £62

261 595 382 642 νας.
420 574 626 647 Συνεχῆ
675 574 783 645 γὰρ
823 574 953 628 ὄντα
1004 566 1363 648 τδν’χρόνον,
1420 576 1515 630 καὶ
1556 576 1841 648 ἀείρρυτον

1958 586 2061 632 :rat
2087 586 2322 646 tempus,
2350 593 2412 632 ac
2436 588 2704 648 perpetuo
2741 579 2917 633 ﬂuens
2944 578 2999 632 in
3025 578 3284 635 ulteriora
3308 576 3514 633 fereba-

260 671 457 741 εχοντα
485 668 585 741 τὴν
615 669 696 732 είς
728 665 791 721 τὸ
831 667 1021 739 πρόσω
1056 668 1260 741 φοράν,
1297 672 1417 734 ταῖς
1462 669 1570 724 τῶν
1614 671 1842 744 καιρῶν,

260 761 422 833 ὡρῶν
437 778 499 813 τε
526 760 622 814 καὶ
648 759 871 832 ἡμερῶν
899 759 1057 813 οίονεί
1098 778 1214 825 πως
1241 762 1328 816 διὰ
1369 762 1532 834 μέσον
1564 780 1843 835 παρεγκο-

261 856 395 917 παῖς
432 853 527 906 καὶ
555 852 961 923 ἀνακυκλήσεσι
986 856 1106 917 ταῖς
1132 856 1212 917 εἰς
1239 852 1395 918 αὖθις
1428 851 1494 909 αῦ
1532 856 1754 928 μέτροις
1782 874 1842 910 τε

261 946 359 999 καὶ
381 944 636 1015 ἀριθμοῖς
664 943 897 1008 ὑπέταξε
928 944 1080 1007 Θεός.
1113 946 1261 999 Ἔδει
1287 946 1416 1017 γάρ,
1466 947 1573 1001 ἔδει
1600 951 1715 1011 τοῖς
1744 949 1844 1002 οὐκ

262 1037 504 1107 ἄναρχον
529 1036 747 1108 ἔχουσιν
770 1037 850 1096 είς
880 1036 940 1089 τὸ
963 1034 1104 1091 εἶναι
1143 1038 1449 1109 διεκϐολὴν,
1477 1043 1574 1096 καὶ
1608 1042 1732 1097 ὅσον
1756 1043 1847 1096 οὓς

262 1127 410 1181 δέπω
441 1128 579 1199 πρὸς
608 1128 670 1180 τὸ
688 1127 787 1197 τῆς
821 1127 959 1191 ἰδίας
987 1126 1136 1200 ζωῆς
1167 1131 1515 1203 ἀφιξομένοις
1546 1134 1719 1199 τέλος,
1753 1135 1847 1189 καὶ

264 1219 457 1291 χρόνου
486 1218 583 1272 τοῦ
618 1218 824 1273 τοιοῦδε
865 1220 1027 1293 τυχὸν
1047 1261 1061 1287 ,
1086 1222 1392 1292 ἀρχομένου
1421 1240 1502 1290 τε,
1532 1228 1712 1297 φημὶ,
1753 1228 1847 1282 καί⁵

263 1310 545 1383 λήγοντος,
583 1312 676 1365 καὶ
707 1313 819 1376 τοῖς
855 1312 956 1365 οὐκ
986 1308 1140 1366 οὖσιν
1170 1315 1256 1367 ἀεὶ
1290 1314 1391 1388 τὴν
1417 1319 1625 1372 οίκείαν
1656 1320 1847 1392 ὥσπερ

267 1403 733 1472 συγκαθιστάντος
777 1404 959 1473 φύσιν.
1002 1403 1513 1479 Εζσκεκομισμένου
1555 1414 1846 1483 τοιγαροῦν

265 1495 485 1557 οὒδενδς
535 1495 722 1567 ἐτέρου
776 1497 891 1559 τοῖς
936 1496 1031 1550 ἐπὶ
1077 1499 1179 1569 τῆς
1227 1499 1332 1569 γῆς
1363 1500 1452 1556 διά
1498 1520 1558 1555 τε
1615 1506 1843 1576 καιρῶν,

267 1584 435 1656 ὡρῶν
478 1602 536 1638 τε
570 1584 661 1638 καὶ
696 1585 954 1657 ἡμερῶν,
996 1587 1139 1658 πλὴν
1188 1589 1270 1642 ὅτι
1318 1592 1412 1645 καὶ
1456 1592 1626 1664 μόνης
1657 1599 1757 1667 τῆς
1788 1600 1847 1652 ὲν

265 1677 455 1749 κύκλῳ
503 1677 796 1749 διαδρομῆς
848 1679 941 1733 καὶ
986 1680 1413 1754 ἀναμετρήσεως
1467 1686 1750 1758 ἀκριϐοῦς,
1791 1690 1845 1742 τί

270 1762 714 1841 μυθοπλαστοῦσί
746 1786 893 1833 τινες
924 1769 960 1824 ἀ
986 1772 1081 1825 κα)⁸
1110 1772 1319 1841 γελοῖον
1350 1774 1586 1842 ὲννοείν;
1624 1779 1720 1831 καὶ
1747 1780 1845 1843 τάς

270 1861 371 1933 μὲν
408 1860 517 1915 τῶν
556 1860 715 1934 ὡρῶν
755 1863 1163 1935 ἀγαθοεργοὺς,
1199 1863 1298 1928 τάς
1342 1865 1398 1920 δὲ
1422 1908 1436 1932 ,
1486 1869 1547 1921 οὐ
1590 1871 1845 1936 τοιαύτας

1946 676 2057 735 tur,
2085 686 2187 741 per
2211 679 2518 741 temporum
2543 680 2599 725 et
2624 673 2907 738 horarum,
2931 688 2995 727 ae
3013 672 3228 727 dierum
3251 671 3407 743 quasi
3443 671 3527 726 in-
3612 662 3623 673 ’

1945 762 2314 832 terruptiones
2337 777 2400 817 ac
2426 763 2797 818 revolutiones
2820 764 3000 819 denuo
3025 764 3339 828 redeuntes,
3372 778 3523 817 men-

1943 853 2091 907 suris
2144 868 2209 908 ac
2249 854 2497 909 numeris
2545 853 2779 925 subjecit
2824 855 2986 909 Deus.
3032 852 3182 924 Opus
3228 853 3375 908 enim
3392 870 3518 924 pro-

1944 941 2090 998 fecto
2112 942 2236 1008 fuit,
2266 952 2347 1008 ut,
2378 959 2613 1013 quorum
2639 942 2890 997 essentia:
2917 959 3025 997 non
3054 943 3126 996 ita
3152 944 3441 1009 exsistunt,
3467 952 3523 998 ut

1947 1042 2170 1089 careant
2192 1034 2372 1102 initio,
2412 1043 2467 1089 et
2490 1051 2610 1105 qua:
2633 1033 2953 1106 propediem
2978 1034 3045 1090 ad
3070 1036 3194 1089 vita:
3218 1034 3379 1089 ﬁnem
3403 1051 3525 1105 per-

1947 1130 2184 1178 ventura
2222 1131 2372 1189 sunt,
2400 1131 2461 1178 ut
2493 1139 2557 1179 ea
2586 1130 2802 1193 tempus
2833 1123 3001 1178 etiam
3039 1121 3310 1192 ejusmodi
3359 1122 3527 1176 habr-

1948 1224 2091 1279 rent,
2132 1216 2279 1285 quod
2336 1224 2392 1271 et
2430 1215 2699 1286 inciperet
2737 1214 2998 1269 nimirum
3030 1222 3085 1269 et
3122 1213 3418 1279 desineret,
3448 1227 3528 1269 al-

1947 1322 2056 1379 que
2078 1307 2146 1362 ad
2185 1325 2270 1373 ea,
2296 1323 2418 1379 quze
2457 1323 2567 1362 non
2616 1322 2834 1377 semper
2865 1316 3013 1371 sunt,
3048 1307 3338 1377 cogitatam
3384 1323 3525 1377 que-

1948 1398 2241 1455 dammodo
2269 1398 2707 1454 accommodaret
2728 1409 2998 1453 naturam.
3013 1398 3149 1454 Cum
3172 1398 3354 1468 itaque
3376 1415 3525 1453 mor-

1949 1491 2153 1547 talibus
2178 1508 2277 1563 per
2301 1500 2567 1563 tempora,
2591 1499 2647 1547 et
2670 1492 2854 1556 horas,
2884 1507 2948 1546 ac
2970 1491 3088 1547 dies
3117 1493 3254 1547 nihil
3283 1491 3355 1547 sit
3379 1492 3525 1546 aliud

1948 1583 2251 1649 invectum,
2284 1585 2390 1640 nisi
2415 1585 2504 1640 illa
2535 1584 2591 1639 in
2620 1583 2812 1639 orbem
2841 1583 3148 1647 conversio,
3187 1591 3243 1639 et
3274 1594 3524 1640 accurata

1950 1674 2242 1743 dimensio,
2273 1677 2405 1747 quid
2432 1684 2536 1741 est,
2578 1676 2725 1747 quod
2754 1693 2818 1731 ea
2844 1676 3093 1731 nonnulli
3146 1675 3390 1733 fabulose
3425 1677 3525 1732 ﬁn-

1948 1776 2103 1839 gunt,
2131 1785 2252 1839 quae
2274 1770 2345 1824 sit
2372 1770 2460 1824 vel
2479 1769 2719 1839 cogitare
2741 1767 3055 1833 ridiculum,
3072 1776 3127 1823 et
3149 1767 3284 1823 alias
3306 1770 3527 1839 quidem

1946 1859 2111 1915 horas
2134 1859 2407 1916 beneﬁcas
2421 1878 2541 1919 esse
2571 1862 2746 1932 aiunt,
2789 1861 2923 1921 alias
2948 1876 3127 1923 secus,
3168 1876 3369 1931 easque
3409 1863 3528 1916 dili-

269 1948 412 2008 εἷναί
445 1971 601 2020 φασι,
635 1957 729 2008 καὶ
764 1956 968 2027 ἀκριϐῆ
998 1956 1118 2010 λίαν
1147 1958 1423 2012 ποιοῦνται
1455 1959 1553 2030 τὴν
1588 1962 1849 2036 ἐπιτήρηο

1958 1953 2269 2024 gentissime
2311 1955 2629 2022 observant,
2654 1958 2873 2030 illisque
2898 1958 3171 2021 tribuunt,
3206 1964 3288 2020 ut,
3327 1955 3530 2025 quibus

274 2060 382 2109 σιν,
418 2045 610 2108 αὑταῖς
640 2046 1002 2117 ἀπονέμοντες
1036 2046 1097 2100 τὸ
1136 2048 1361 2116 ἐπάγειν
1386 2049 1643 2105 δύνασθαι
1685 2055 1746 2107 τό
1777 2072 1837 2108 τε

274 2134 568 2206 εὐημερεῖν
603 2136 697 2188 καὶ
725 2136 785 2189 τὸ
828 2137 1090 2201 ἐναντίον,
1124 2131 1205 2202 οἷς
1248 2137 1315 2192 ἂν
1349 2139 1554 2194 ἕλοιντο
1585 2143 1776 2212 τυχὸν,
1814 2144 1847 2214 ἢ

274 2223 361 2292 οἷς
417 2228 483 2283 ἂν
535 2227 704 2291 αὐτὰς
752 2228 966 2299 ἀνάγκη
1019 2231 1377 2301 συμϐαίνειν;
1418 2227 1544 2305 Ἆρ’
1591 2230 1684 2287 οὖν
1731 2235 1851 2308 οὐχὶ

271 2316 439 2387 λῆρός
465 2336 525 2371 τε
571 2319 673 2391 ἤδη
713 2320 870 2373 ταυτὶ
911 2321 1005 2375 καὶ
1038 2322 1445 2392 ’φρενοϐλάϐεια
1490 2324 1657 2398 δεινὴ,
1698 2328 1848 2399 πάγη

269 2411 330 2466 δέ
354 2430 440 2476 τις
468 2412 750 2482 διαθολικὴ
783 2412 1235 2485 φιλοκακούργως
1264 2416 1675 2486 ὲσκευασμένη;

344 2505 554 2558 ΠΑΛΔ.
586 2504 751 2574 Φημὶ,
784 2505 879 2558 καὶ
907 2503 1056 2558 ἔστιν
1088 2505 1338 2577 ἐναργές.

345 2594 511 2649 ΚΥΡ.
553 2595 760 2665 Ὠσπερ
802 2592 911 2665 γὰρ
950 2593 1229 2665 ἐλέγομεν,
1274 2594 1355 2648 ὅτι
1403 2594 1640 2667 Μοίραις
1671 2615 1726 2651 τε
1761 2600 1853 2651 καὶ

272 2683 432 2758 Τύχῃ
474 2686 566 2738 καὶ
599 2684 900 2755 ἀλλοτρίοις
937 2683 1168 2755 νεύμασι
1201 2684 1269 2739 τά
1293 2684 1415 2740 καθ’
1445 2688 1673 2752 ἑαυτοὺς
1707 2689 1853 2760 ἡμᾶς

278 2775 540 2830 ἀνάπτειν
574 2776 894 2841 ἀνέπειθοντ,
929 2778 1131 2830 εἰκαῖον
1176 2779 1305 2848 ἡμῖν
1357 2777 1745 2848 ἀποφαίνοντες
1793 2781 1854 2834 τὸ

279 2867 570 2937 ἐπιμελὲς,
620 2870 715 2921 καὶ
767 2868 1038 2940 μερίμνης
1078 2867 1505 2939 ἀποκομίζοντες
1554 2870 1654 2941 τῆς
1713 2872 1853 2942 ὑπὲρ

276 2959 431 3027 (φῶν
464 2958 643 3014 αὐτῶν
663 2977 677 2992 ·
709 2958 851 3014 οὕτω
883 2959 1112 3014 κάνθάδε
1158 2960 1256 3031 τὴν
1288 2961 1459 3033 αὐτὴν
1508 2963 1638 3033 ἡμῖν
1695 2961 1852 3035 ὲξαρ·

270 3049 497 3112 τύοντες
542 3049 827 3120 πλάνησιν,
871 3050 1122 3120 καθάπερ
1153 3048 1211 3115 ἐξ
1247 3051 1546 3120 ἀναγκαίου
1589 3052 1755 3121 ζυγοῦ
1786 3054 1854 3108 τὰ

276 3140 338 3206 εξ
370 3140 591 3212 ἡμερῶν
624 3143 717 3195 καὶ
744 3142 901 3213 ὡρῶν
934 3141 1276 3213 ὲπηρτῆσθαί
1308 3162 1460 3213 φασι,
1491 3147 1603 3208 τοῖς
1635 3147 1727 3199 ἐπὶ
1752 3146 1851 3215 τῆς

273 3234 401 3305 γῆς,
435 3233 830 3303 δυσδιάφυκτον
874 3233 1064 3304 ἔχοντα
1093 3233 1192 3306 τὴν
1224 3234 1567 3306 διεκδρομήν·
1604 3237 1695 3289 καὶ
1722 3237 1848 3305 τόγε

274 3291 583 3396 παράδοξον
614 3291 1010 3397 (γραοπρεπὴς
1058 3291 1160 3395 μὲν
1198 3325 1303 3397 γάρ
1332 3291 1595 3380 δ’τὲιέσδε
1629 3291 1851 3399 μῦθος),
1883 3291 1925 3349 c

275 3412 459 3477 ῦθλοις
501 3414 558 3467 δὲ
594 3416 708 3476 τοῖς
745 3414 872 3484 περὶ
901 3412 1105 3466 τούτων
1139 3414 1435 3484 νηρίθμους
1464 3412 1699 3485 ὁρῶντες
1728 3414 1851 3465 ἐπο-

279 3508 450 3574 μένας
475 3508 572 3570 τὰς
595 3504 942 3570 ἀποτεύξεις,
974 3505 1032 3559 οὐ
1064 3504 1378 3576 χαρίζονται
1411 3505 1486 3577 (l)
1513 3508 1580 3577 τῇ
1609 3505 1777 3577 πείρᾳ
1797 3504 1858 3560 τὸ

270 3600 577 3671 διελέγχειν
614 3598 875 3652 δύνασθαι
920 3597 1011 3650 τὸν
1052 3596 1389 3668 φενακισμόν
1417 3614 1429 3625 ·
1463 3597 1775 3667 φαυλότητα
1802 3596 1858 3649 δὲ

280 3691 726 3760 καταγράφοντες
756 3688 914 3759 ὡρῶν
941 3705 1002 3741 τε
1037 3688 1130 3741 καὶ
1163 3688 1405 3759 ἡμερῶν,
1440 3687 1533 3741 καὶ
1565 3691 1683 3752 ταῖς
1705 3690 1784 3751 εἰς
1799 3687 1859 3741 τὸ

286 3784 440 3851 μεῖον
472 3780 547 3850 (‘2)
581 3779 901 3833 καταδύσεσι
934 3778 1029 3833 τοῦ
1061 3778 1364 3849 σεληνιαίου
1394 3777 1597 3832 κύκλου
1638 3780 1737 3850 τὴν
1766 3780 1861 3832 αύ-

280 3873 386 3943 τῆν
419 3872 714 3939 ἐπάγοντες
741 3870 936 3941 ψῆφον,
969 3872 996 3924 ὃ
1022 3871 1074 3924 τί
1107 3888 1237 3924 ποτε
1261 3870 1368 3942 ἄρα
1404 3872 1559 3940 φαῖεν
1585 3872 1669 3926 ἀν.
1702 3872 1765 3924 ΕΞ
1794 3872 1857 3941 δὴ

280 3963 531 4035 βούλοιτό
561 3980 645 4025 τις
674 3962 731 4015 ὲν
763 3962 881 4035 ὥρᾳ
919 3965 1018 4034 μιᾷ
1069 3964 1162 4016 καὶ
1194 3964 1253 4015 ὲν
1286 3964 1469 4034 ἡμέρᾳ
1513 3963 1697 4033 τυχὸν,
1729 3964 1859 4026 τοὺς

283 4054 387 4126 μὲν
430 4055 593 4118 ὄντας
634 4055 691 4106 ἐν
740 4054 1083 4125 εὐημερίαις,
1134 4054 1258 4117 τοὺς
1304 4053 1362 4107 δὲ
1409 4056 1530 4117 ταῖς
1602 4054 1860 4125 ἐσχάταις

283 4144 576 4206 ἒναλόντας
630 4146 972 4215 συμφοραῖς,
1022 4142 1455 4214 ἀπαριθμεῖσθαι
1513 4142 1608 4196 καὶ
1657 4143 1855 4212 λέγειν,

282 4237 459 4290 καίτοι
539 4236 602 4288 τὸ
672 4234 830 4305 φύσει
896 4234 1097 4303 φαῦλον
1168 4234 1331 4287 παντί
1403 4252 1479 4300 τῳ
1542 4234 1720 4303 γένοιτ
1794 4234 1859 4288 ἂν

281 4328 465 4379 ὁποῖον
511 4322 653 4379 εἶναι
698 4326 791 4377 καὶ
826 4327 1101 4393 πέφυκεν⁸
1139 4325 1295 4395 εἰπερ
1324 4319 1417 4379 οῦν
1465 4326 1613 4378 ἐστιν
1653 4325 1771 4397 ὥρα
1800 4343 1859 4379 τε

281 4417 378 4471 καὶ
414 4415 529 4485 ἠὼς
557 4417 669 4477 τοῖς
691 4415 784 4468 ἐπὶ
814 4415 918 4484 γῆς
947 4415 1233 4484 ἐπιζήμια,
1262 4414 1315 4467 τί
1350 4414 1423 4485 μὴ
1451 4417 1530 4476 είς
1570 4415 1778 4477 πάντας
1806 4416 1860 4467 ὲν

283 4508 387 4580 ἴσῳ
412 4506 483 4561 τὰ
508 4506 567 4573 te
594 4506 776 4561 αὐτῶν
806 4506 1099 4575 διαστείχει
1127 4504 1297 4575 βλάϐη
1324 4520 1338 4533 ·
1363 4506 1478 4557 ἀλλ’
1503 4508 1552 4558 οἱ
1588 4507 1689 4575 μέν
1724 4508 1862 4560 εἰσιν

1951 2045 2247 2110 voluerint,
2273 2055 2367 2102 aut
2399 2049 2601 2118 quibus
2628 2051 2774 2121 ipsas
2800 2051 3120 2121 contingere
3160 2064 3383 2104 necesse
3407 2048 3528 2103 fuc-

1952 2136 2061 2201 rit,
2097 2137 2169 2192 iis
2206 2138 2526 2196 hominibus
2565 2152 2680 2197 tum
2725 2144 2942 2200 felicem
2982 2157 3298 2198 successum
3332 2141 3529 2196 afferre

1951 2228 2183 2300 possint,
2203 2238 2318 2285 tum
2344 2242 2536 2289 contra
2575 2234 2896 2290 infelicem?
2927 2236 3121 2290 Nonne
3147 2234 3263 2290 hzec
3292 2235 3401 2305 jam
3436 2233 3532 2288 de—

1952 2321 2077 2376 liria
2104 2332 2253 2387 sunt,
2280 2339 2342 2379 ac
2373 2327 2608 2382 maxima
2630 2327 2927 2393 dementia,
2970 2335 3026 2383 et
3053 2327 3283 2397 laqueus
3306 2325 3529 2396 quidam

1954 2414 2260 2472 diabolicus
2284 2419 2480 2473 callide
2516 2421 2782 2489 paratus?

2026 2507 2221 2562 PALL.
2252 2509 2483 2577 Fateor;
2514 2520 2570 2566 et
2596 2511 2756 2567 estid
2783 2527 2913 2568 sane
2934 2511 3180 2567 evidens.

2024 2597 2180 2652 (ΠΒ.
2212 2600 2282 2656 Ut
2311 2600 2458 2654 enim
2482 2602 2646 2671 paulo
2668 2609 2795 2656 ante
2818 2602 3157 2667 dicebamus,
3194 2600 3413 2657 suaderi
3437 2617 3534 2656 no-

1957 2685 2044 2741 bis
2064 2687 2133 2742 ab
2158 2687 2287 2753 illis,
2315 2698 2376 2745 ut
2417 2690 2564 2745 Fatis
2587 2706 2650 2746 ac
2675 2692 2936 2748 Fortunae
2956 2692 3259 2762 alienisque
3288 2690 3535 2746 arbitriis

1959 2793 2048 2833 res
2070 2787 2289 2832 nostras
2321 2780 2696 2847 ascribamus;
2737 2797 2860 2836 cum
2897 2798 3090 2836 vanam
3135 2798 3258 2837 esse
3286 2790 3532 2837 nostram

1961 2855 2298 2941 diligentiam
2327 2874 2707 2942 pronuntient,
2732 2884 2788 2931 et
2810 2873 3087 2929 abducant
3109 2890 3141 2929 a
3164 2890 3295 2929 cura
3317 2891 3420 2945 pro
3439 2892 3539 2929 no-

1961 2961 2046 3018 bis
2072 2963 2203 3032 ipsis
2221 2963 2599 3034 suscipienda;
2626 2965 2705 3019 sic
2741 2965 2796 3019 in
2822 2965 2924 3019 hac
2951 2980 3172 3035 quoque
3192 2973 3348 3036 parte
3376 2981 3534 3020 eum-

1959 3056 2083 3110 dem
2105 3056 2264 3109 nohis
2292 3072 2536 3110 errorem
2562 3067 2874 3123 struentes,
2914 3059 3128 3113 dierum
3164 3067 3328 3129 atque
3372 3059 3535 3114 hora—

1960 3159 2083 3197 rum
2130 3160 2309 3208 casns,
2356 3144 2529 3209 aiunt,
2592 3145 2756 3216 206
2800 3154 3059 3215 tanquam
3109 3162 3178 3201 ex
3224 3150 3536 3202 necessaria

1956 3234 2088 3304 jugo
2115 3233 2437 3288 mortalibus
2453 3233 2761 3299 imminere,
2784 3250 2924 3304 quos
2945 3235 3222 3290 declinare
3235 3238 3305 3290 sit
3325 3235 3538 3293 difficil-

1960 3324 2151 3377 limum
2184 3342 2195 3375 :
2222 3332 2278 3377 et
2303 3324 2449 3393 quod
2482 3324 2682 3377 mirum
2711 3332 2796 3379 est
2838 3325 3024 3394 (anilis
3049 3327 3196 3380 enim
3220 3335 3303 3382 est
3345 3328 3536 3399 hujus-

1959 3414 2107 3469 modi
2156 3413 2362 3485 fabula)
2401 3430 2525 3469 cum
2565 3416 2838 3485 ejusmodi
2874 3433 3047 3488 nugas
3102 3418 3539 3475 innumerabiles

1958 3502 2343 3559 frustrationes
2388 3505 2637 3559 comitari
2657 3504 2900 3571 videant,
2943 3521 3052 3561 non
3099 3516 3279 3562 tamen
3322 3510 3542 3579 experi-

1960 3604 2148 3650 mento
2177 3597 2507 3661 concedunt,
2538 3608 2599 3652 ut
2624 3598 2732 3651 hoc
2756 3613 2948 3653 eorum
2984 3609 3356 3654 commentum
3381 3616 3539 3655 coar-

1959 3704 2127 3759 guere
2150 3688 2342 3758 possit,
2372 3689 2467 3742 sed
2492 3689 2653 3743 horas
2688 3705 2752 3743 ac
2772 3697 3017 3759 tempora
3056 3692 3411 3762 malignitatis
3444 3710 3538 3748 ac-

1960 3779 2223 3844 cusando,
2246 3778 2501 3849 idemque
2522 3778 2792 3850 judicium
2817 3780 2884 3835 de
2909 3781 3293 3848 decrementis,
3316 3796 3436 3853 quae
3458 3785 3539 3839 lu-

1960 3886 2043 3924 nae
2081 3869 2275 3940 globus
2301 3868 2479 3933 subit,
2529 3868 2777 3935 ferendo,
2832 3870 3052 3941 quidvis
3092 3872 3314 3928 tandem
3355 3874 3539 3930 dicere

1961 3968 2241 4031 poterunt.
2267 3959 2323 4014 Si
2356 3960 2479 4030 quis
2496 3960 2662 4032 igitur
2686 3962 2818 4017 velit
2845 3962 2899 4017 in
2917 3962 3109 4018 eadem
3138 3964 3295 4031 hora,
3314 3966 3539 4023 eodem-

1962 4067 2069 4121 que
2095 4051 2183 4107 die
2195 4051 2429 4107 fortasse
2454 4052 2590 4107 alios
2613 4068 2881 4123 prospero
2901 4069 3159 4111 successu
3197 4056 3370 4122 laetos,
3407 4060 3543 4113 alios

1962 4143 2213 4198 maximis
2256 4143 2660 4199 calamitatibus
2698 4160 2997 4215 oppressos
3036 4162 3329 4203 numerare
3366 4165 3428 4203 ac
3454 4150 3540 4203 di—

1962 4250 2111 4300 cere,
2148 4235 2320 4304 atqui,
2371 4234 2517 4304 quod
2546 4244 2738 4304 suapte
2766 4245 2962 4289 natura
2979 4238 3275 4306 malignum
3302 4248 3405 4303 est,
3428 4240 3543 4293 eui-

1962 4323 2046 4377 vis
2071 4323 2172 4377 tale
2199 4324 2269 4377 sit
2295 4338 2519 4377 necesse
2544 4332 2655 4386 est,
2684 4322 2842 4391 quale
2868 4333 2928 4375 ut
2960 4333 3124 4387 esset,
3160 4323 3241 4377 illi
3274 4336 3358 4379 est
3391 4325 3543 4397 inge-

1963 4416 2138 4476 nitum
2179 4434 2189 4467 :
2218 4416 2264 4469 si
2290 4415 2455 4485 igitur
2478 4424 2607 4469 sunt
2644 4415 2777 4468 hora
2805 4422 2968 4484 atque
2995 4429 3194 4470 aurora
3231 4417 3544 4473 hominibus

1965 4505 2145 4569 noxia,
2172 4521 2271 4559 cur
2303 4520 2412 4558 non
2444 4503 2513 4558 ad
2552 4519 2743 4558 omnes
2782 4505 3069 4575 aequaliter
3104 4521 3297 4562 eorum
3339 4508 3541 4566 incom‘

284 4602 344 4653 ὲν
362 4601 477 4664 τοῖς
504 4600 645 4667 ἀγαν
664 4596 1093 4665 εὐκταιρτάτοις,
1125 4599 1171 4649 οἱ
1199 4596 1254 4649 δὲ
1279 4595 1592 4649 διολώλασιν
1622 4596 1858 4660 ἐσθ’ὂτε,

1967 4595 2127 4650 moda
2164 4595 2513 4665 perveniunt,
2564 4593 2656 4648 sed
2698 4595 2789 4649 alii
2830 4612 3015 4650 rerum
3041 4606 3170 4653 sunt
3197 4601 3545 4671 exoptatissiv

285 4691 382 4743 καὶ
409 4689 506 4743 τοῦ
534 4689 674 4761 πρὸς
701 4689 855 4759 λῆξιν
886 4688 1055 4751 ἰόντος
1085 4686 1306 4757 ἔμπλεω
1340 4687 1513 4741 κακοῦ
1537 4727 1551 4752 ,
1590 4687 1758 4757 μῦθος
1786 4688 1865 4758 τῷ

288 4783 391 4852 βίῳ
422 4782 705 4851 γεγόνασι,
738 4782 832 4836 καλ⁸
858 4780 1062 4850 σκηνῆς
1092 4779 1348 4842 ὑπόθεσις
1372 4780 1678 4850 τραγικῆς;
1726 4780 1866 4834 Ἀλλ’

284 4872 437 4926 ἐστιν
468 4872 596 4926 ἰδεῖν
630 4874 743 4936 τοῖς
770 4890 833 4940 γε
873 4869 1118 4943 ἀκριϐῶς
1144 4870 1387 4923 ἐθέλουσι
1425 4869 1486 4923 τὸ
1515 4872 1597 4924 ὅτι
1634 4871 1867 4942 μάλιστα

284 4964 566 5029 λυσιτελὲς
595 4964 793 5017 ειδέναι
820 4981 881 5016 τε
923 4963 1016 5016 καὶ
1043 4963 1316 5025 ἐκπονεῖν,
1353 4962 1434 5014 ὅτι
1474 4962 1615 5016 κατά
1643 4962 1741 5034 τὴν
1770 4963 1866 5014 αύο

282 5056 387 5126 τὴν
414 5054 629 5127 ἡμέραν
649 5073 707 5108 τε
732 5055 827 5108 καὶ
856 5056 1005 5126 ὥραν
1034 5054 1217 5125 τυχὸν,
1250 5056 1278 5109 ό
1302 5053 1450 5108 δεῖνα
1486 5054 1584 5124 μὲν
1608 5052 1723 5124 ἥλω
1752 5071 1869 5125 μοι·

283 5148 442 5219 χείας
468 5146 501 5218 ἢ
531 5147 691 5216 φόνου
720 5148 815 5201 καὶ
844 5146 1049 5216 πικρὰς
1081 5149 1190 5210 τοῖς
1215 5146 1526 5211 δικάζουσιν
1558 5145 1869 5200 ἀποτιννύει

283 5242 386 5304 τὰς
415 5240 594 5305 δίκας,
624 5243 654 5294 ὁ
680 5240 827 5314 δεῖνα
849 5240 903 5293 δὲ
943 5234 1010 5293 αὖ
1044 5238 1399 5311 σωφροσύνης
1424 5254 1485 5291 τε
1519 5239 1611 5292 καὶ
1645 5238 1866 5309 κοσμιό-

282 5350 457 5404 τητος
476 5334 571 5388 καὶ
599 5335 698 5405 τῆς
718 5336 856 5405 ὑπὲρ
870 5334 1005 5403 ἄγαν
1022 5333 1318 5396 ἐπιεικείας
1345 5331 1586 5394 ἐπαίνοις
1603 5331 1865 5404 ἐντρυφᾷ.

298 5422 442 5477 Ἀλλ’
465 5422 592 5476 οὔτε
608 5423 700 5477 τὸν
718 5424 1020 5477 ἀκόλαστον
1050 5419 1358 5491 ἀπείρξειεν
1377 5420 1444 5475 ἀν
1472 5421 1657 5491 ἡμέρα
1684 5432 1742 5473 τε
1776 5422 1870 5474 καὶ

285 5513 412 5585 ὥρα
429 5517 753 5587 σωφρονεῖν,
781 5512 905 5567 οὔτε
930 5514 1035 5584 μὴν
1050 5512 1141 5566 τὸν
1159 5511 1373 5581 επιεικῆ
1391 5512 1484 5565 καὶ
1505 5512 1749 5580 κόσμιον,
1772 5525 1870 5563 κα-

284 5605 577 5676 ταθήξειεν
618 5604 685 5659 ἂν
717 5605 798 5668 είς
836 5603 1110 5674 ἀκοσμίαν
1147 5601 1243 5655 καὶ
1278 5599 1607 5665 ἀκολάστους
1642 5601 1835 5673 ἡδονάς
1856 5617 1869 5631 ·

286 5698 488 5770 γνώμη
520 5697 578 5751 δὲ
623 5695 827 5769 μᾶλλον
865 5697 899 5765 ἡ
937 5691 1197 5764 ἐλευθέρα
1228 5692 1362 5761 πρὸς
1398 5691 1505 5744 πᾶν
1544 5690 1744 5757 ὁτιοῦν,
1775 5692 1870 5744 καὶ

1971 4702 2183 4742 marum
2227 4696 2505 4756 compotes
2550 4686 2706 4752 facti,
2763 4688 2855 4742 alii
2881 4688 3078 4758 perditi
3125 4690 3438 4755 interdum,
3483 4709 3545 4746 at:

1967 4779 2196 4834 summis
2221 4779 2377 4833 malis
2417 4778 2702 4844 cumulati,
2740 4780 2794 4834 in
2830 4780 3071 4835 fabulam
3113 4781 3299 4853 vulgi,
3358 4790 3414 4837 et
3443 4791 3545 4837 tm-

1965 4868 2099 4936 gicae
2138 4882 2315 4922 scenae
2351 4878 2734 4937 argumentum
2758 4868 3053 4924 abierunt?
3079 4869 3205 4936 Sed,
3230 4872 3545 4943 quicunque

1966 4957 2255 5028 diligenter
2280 4958 2425 5027 quod
2458 4957 2511 5012 in
2551 4957 2744 5028 primis
2763 4960 3005 5032 expedit,
3032 4960 3086 5015 id
3112 4968 3226 5017 tum
3259 4978 3420 5018 nosse
3447 4981 3543 5018 vo-

1967 5051 2107 5114 lunt,
2136 5058 2254 5104 tum
2274 5065 2406 5103 vero
2420 5050 2584 5104 etiam
2609 5051 2666 5105 in
2691 5063 2760 5107 eo
2781 5052 3085 5118 elaborare,
3110 5054 3178 5108 iis
3199 5054 3384 5109 videre
3420 5054 3541 5110 licet

1974 5140 2167 5196 eodem
2183 5139 2272 5196 die
2298 5149 2461 5212 atque
2484 5140 2619 5197 hora
2638 5142 2866 5199 fortasse
2892 5145 3041 5200 hunc
3065 5143 3287 5216 quidem
3312 5144 3379 5199 de
3396 5145 3547 5200 adul—

1975 5232 2118 5289 terio
2144 5240 2239 5288 aut
2261 5233 2408 5288 caade
2434 5235 2770 5300 convictum,
2813 5236 3043 5291 acerbas
3059 5233 3340 5305 judicibus
3361 5248 3544 5304 poenas

1967 5324 2269 5388 exsolvere,
2298 5324 2531 5380 alterum
2554 5341 2686 5382 vero
2708 5325 3083 5397 temperantiae
3111 5336 3273 5395 atque
3298 5325 3550 5381 honesta-

1969 5415 2041 5469 tis
2062 5416 2398 5487 summaque
2432 5416 2724 5488 probitatis
2757 5415 3015 5471 laudibus
3059 5414 3187 5469 frui.
3223 5406 3329 5471 Sed
3371 5431 3547 5489 neque

1972 5507 2431 5578 intemperantem
2476 5509 2630 5563 illum
2652 5507 2773 5561 dies
2808 5516 2902 5561 aut
2927 5506 3061 5561 hora
3084 5505 3368 5577 prohibuit
3418 5522 3551 5580 quo-

1974 5599 2159 5655 minus
2186 5607 2557 5670 temperanter
2596 5599 2840 5665 viveret;
2880 5614 3057 5669 neque
3090 5615 3284 5655 rursus
3319 5601 3551 5673 probum

1976 5700 2033 5747 et
2054 5691 2361 5749 modestum
2383 5691 2448 5747 ad
2475 5691 2857 5761 petulantiam,
2900 5699 2956 5745 et
2995 5689 3425 5762 intemperantes
3460 5708 3553 5745 vo-

388 5814 444 5885 Ἰ)
480 5811 667 5869 00d"
728 5809 916 5865 δίτιθίί
980 5808 1077 5875 οὐκ
1139 5802 1445 5873 ὁρίζονται,
1525 5819 1627 5856 non
1683 5802 1973 5857 declarant.

368 5814 441 5954 ὃ)
472 5883 607 5937 Cod.
646 5882 841 5946 Vatia,
873 5883 950 5942 εἰς
973 5878 1031 5931 τὸ
1059 5877 1238 5945 μέσον.

472 5883 607 5937 Cod.
646 5882 841 5946 Vatia,
873 5883 950 5942 εἰς
973 5878 1031 5931 τὸ
1059 5877 1238 5945 μέσον.
