  <div class='ocr_page' id='page_1' title='image "/cluster/home/n/w/nwhite01/storage/ocr_20150623/68/mdp.39015078384438/239.png"; bbox 0 0 4138 6300; ppageno 0'>
   <div class='ocr_carea' id='block_1_1' title="bbox 567 379 672 436">
    <p class='ocr_par' dir='ltr' id='par_1_1' title="bbox 567 379 672 436">
     <span class='ocr_line' id='line_1_1' title="bbox 567 379 672 436; baseline 0.019 -3"><span class='ocrx_word' id='word_1_1' title='bbox 567 379 672 436; x_wconf 65' lang='grc' dir='ltr'><strong>ωε</strong></span> 
     </span>
    </p>
   </div>
   <div class='ocr_carea' id='block_1_2' title="bbox 1594 376 2834 437">
    <p class='ocr_par' dir='ltr' id='par_1_2' title="bbox 1594 376 2834 437">
     <span class='ocr_line' id='line_1_2' title="bbox 1594 376 2834 437; baseline 0 -4"><span class='ocrx_word' id='word_1_2' title='bbox 1594 376 1650 433; x_wconf 92' lang='lat' dir='ltr'><strong>S.</strong></span> <span class='ocrx_word' id='word_1_3' title='bbox 1692 377 1967 434; x_wconf 68' lang='lat' dir='ltr'><strong>CYRILLI</strong></span> <span class='ocrx_word' id='word_1_4' title='bbox 2008 379 2476 437; x_wconf 69' lang='lat' dir='ltr'><strong>ALEXANDle</strong></span> <span class='ocrx_word' id='word_1_5' title='bbox 2517 378 2834 436; x_wconf 81' lang='lat' dir='ltr'><strong>ARCHIEP.</strong></span> 
     </span>
    </p>
   </div>
   <div class='ocr_carea' id='block_1_3' title="bbox 3731 371 3837 428">
    <p class='ocr_par' dir='ltr' id='par_1_3' title="bbox 3731 371 3837 428">
     <span class='ocr_line' id='line_1_3' title="bbox 3731 371 3837 428; baseline 0 0"><span class='ocrx_word' id='word_1_6' title='bbox 3731 371 3837 428; x_wconf 67' lang='grc'><strong>464</strong></span> 
     </span>
    </p>
   </div>
   <div class='ocr_carea' id='block_1_4' title="bbox 561 482 2139 565">
    <p class='ocr_par' dir='ltr' id='par_1_4' title="bbox 561 482 2139 560">
     <span class='ocr_line' id='line_1_4' title="bbox 561 482 2139 560; baseline 0 -16"><span class='ocrx_word' id='word_1_7' title='bbox 561 490 805 560; x_wconf 85' lang='lat' dir='ltr'><strong>luptatcs</strong></span> <span class='ocrx_word' id='word_1_8' title='bbox 827 486 1064 558; x_wconf 86' lang='lat' dir='ltr'><strong>impulit,</strong></span> <span class='ocrx_word' id='word_1_9' title='bbox 1091 486 1186 542; x_wconf 90' lang='lat' dir='ltr'><strong>sed</strong></span> <span class='ocrx_word' id='word_1_10' title='bbox 1207 482 1497 541; x_wconf 71' lang='lat' dir='ltr'><strong>arbitrium</strong></span> <span class='ocrx_word' id='word_1_11' title='bbox 1532 487 1718 557; x_wconf 80' lang='lat' dir='ltr'><strong>potius</strong></span> <span class='ocrx_word' id='word_1_12' title='bbox 1757 488 1824 542; x_wconf 91' lang='lat' dir='ltr'><strong>ad</strong></span> <span class='ocrx_word' id='word_1_13' title='bbox 1865 490 2049 544; x_wconf 87' lang='lat' dir='ltr'><strong>omnia</strong></span> <span class='ocrx_word' id='word_1_14' title='bbox 2087 492 2139 544; x_wconf 88' lang='lat' dir='ltr'><strong>li-</strong></span> 
     </span>
    </p>
   </div>
   <div class='ocr_carea' id='block_1_5' title="bbox 2241 482 3841 565">
    <p class='ocr_par' dir='ltr' id='par_1_5' title="bbox 2253 484 3841 565">
     <span class='ocr_line' id='line_1_5' title="bbox 2253 484 3841 565; baseline -0.004 -18"><span class='ocrx_word' id='word_1_15' title='bbox 2253 494 2514 565; x_wconf 85' lang='grc' dir='ltr'>ἀνειμένη</span> <span class='ocrx_word' id='word_1_16' title='bbox 2545 492 2708 563; x_wconf 76' lang='grc' dir='ltr'>ῥοπὴ.</span> <span class='ocrx_word' id='word_1_17' title='bbox 2738 492 2828 544; x_wconf 83' lang='grc' dir='ltr'><strong>τὸν</strong></span> <span class='ocrx_word' id='word_1_18' title='bbox 2855 490 2952 562; x_wconf 83' lang='grc' dir='ltr'><strong>μὲν</strong></span> <span class='ocrx_word' id='word_1_19' title='bbox 2978 489 3036 543; x_wconf 82' lang='grc' dir='ltr'>ὲν</span> <span class='ocrx_word' id='word_1_20' title='bbox 3064 488 3314 555; x_wconf 78' lang='grc' dir='ltr'>ἐκείνοις,</span> <span class='ocrx_word' id='word_1_21' title='bbox 3339 486 3430 541; x_wconf 76' lang='grc' dir='ltr'>τὸν</span> <span class='ocrx_word' id='word_1_22' title='bbox 3460 486 3506 540; x_wconf 87' lang='grc' dir='ltr'>δ’</span> <span class='ocrx_word' id='word_1_23' title='bbox 3534 484 3603 543; x_wconf 80' lang='grc' dir='ltr'><strong>αὖ</strong></span> <span class='ocrx_word' id='word_1_24' title='bbox 3637 488 3695 541; x_wconf 70' lang='grc' dir='ltr'>ἐν</span> <span class='ocrx_word' id='word_1_25' title='bbox 3723 488 3841 541; x_wconf 57' lang='grc' dir='ltr'>τού-</span> 
     </span>
    </p>
   </div>
   <div class='ocr_carea' id='block_1_6' title="bbox 567 576 2149 647">
    <p class='ocr_par' dir='ltr' id='par_1_6' title="bbox 567 576 2149 647">
     <span class='ocr_line' id='line_1_6' title="bbox 567 576 2149 647; baseline -0.002 -7"><span class='ocrx_word' id='word_1_26' title='bbox 567 582 859 645; x_wconf 80' lang='lat' dir='ltr'><strong>berum,et</strong></span> <span class='ocrx_word' id='word_1_27' title='bbox 880 576 1144 636; x_wconf 82' lang='lat' dir='ltr'><strong>remissus</strong></span> <span class='ocrx_word' id='word_1_28' title='bbox 1163 594 1227 634; x_wconf 91' lang='lat' dir='ltr'><strong>ac</strong></span> <span class='ocrx_word' id='word_1_29' title='bbox 1252 580 1466 635; x_wconf 90' lang='lat' dir='ltr'><strong>solutus</strong></span> <span class='ocrx_word' id='word_1_30' title='bbox 1500 579 1801 635; x_wconf 76' lang='lat' dir='ltr'><strong>voluntatis</strong></span> <span class='ocrx_word' id='word_1_31' title='bbox 1838 592 2027 647; x_wconf 90' lang='lat' dir='ltr'><strong>nutus,</strong></span> <span class='ocrx_word' id='word_1_32' title='bbox 2071 583 2149 637; x_wconf 91' lang='lat' dir='ltr'><strong>al-</strong></span> 
     </span>
    </p>
   </div>
   <div class='ocr_carea' id='block_1_7' title="bbox 565 670 2149 743">
    <p class='ocr_par' dir='ltr' id='par_1_7' title="bbox 565 670 2149 743">
     <span class='ocr_line' id='line_1_7' title="bbox 565 670 2149 743; baseline 0 -15"><span class='ocrx_word' id='word_1_33' title='bbox 565 683 745 730; x_wconf 85' lang='lat' dir='ltr'><strong>terum</strong></span> <span class='ocrx_word' id='word_1_34' title='bbox 778 671 1005 743; x_wconf 83' lang='lat' dir='ltr'><strong>quidem</strong></span> <span class='ocrx_word' id='word_1_35' title='bbox 1028 679 1092 726; x_wconf 91' lang='lat' dir='ltr'><strong>ut</strong></span> <span class='ocrx_word' id='word_1_36' title='bbox 1130 670 1187 726; x_wconf 89' lang='lat' dir='ltr'><strong>in</strong></span> <span class='ocrx_word' id='word_1_37' title='bbox 1209 670 1324 727; x_wconf 86' lang='lat' dir='ltr'><strong>illis</strong></span> <span class='ocrx_word' id='word_1_38' title='bbox 1362 681 1700 740; x_wconf 80' lang='lat' dir='ltr'><strong>versaretur,</strong></span> <span class='ocrx_word' id='word_1_39' title='bbox 1730 673 1964 728; x_wconf 87' lang='lat' dir='ltr'><strong>alterum</strong></span> <span class='ocrx_word' id='word_1_40' title='bbox 1991 685 2053 729; x_wconf 92' lang='lat' dir='ltr'><strong>ut</strong></span> <span class='ocrx_word' id='word_1_41' title='bbox 2078 672 2149 728; x_wconf 85' lang='lat' dir='ltr'><strong>in</strong></span> 
     </span>
    </p>
   </div>
   <div class='ocr_carea' id='block_1_8' title="bbox 562 762 2147 835">
    <p class='ocr_par' dir='ltr' id='par_1_8' title="bbox 562 762 2147 835">
     <span class='ocr_line' id='line_1_8' title="bbox 562 762 2147 835; baseline 0 -16"><span class='ocrx_word' id='word_1_42' title='bbox 562 763 651 821; x_wconf 85' lang='lat' dir='ltr'><strong>his</strong></span> <span class='ocrx_word' id='word_1_43' title='bbox 668 774 833 831; x_wconf 84' lang='lat' dir='ltr'><strong>esset,</strong></span> <span class='ocrx_word' id='word_1_44' title='bbox 856 762 1058 823; x_wconf 70' lang='lat' dir='ltr'><strong>effecit.</strong></span> <span class='ocrx_word' id='word_1_45' title='bbox 1089 762 1261 834; x_wconf 89' lang='lat' dir='ltr'><strong>lgitur</strong></span> <span class='ocrx_word' id='word_1_46' title='bbox 1288 762 1345 818; x_wconf 91' lang='lat' dir='ltr'><strong>in</strong></span> <span class='ocrx_word' id='word_1_47' title='bbox 1375 763 1536 819; x_wconf 90' lang='lat' dir='ltr'><strong>nobis</strong></span> <span class='ocrx_word' id='word_1_48' title='bbox 1563 772 1666 831; x_wconf 90' lang='lat' dir='ltr'><strong>est,</strong></span> <span class='ocrx_word' id='word_1_49' title='bbox 1715 779 1827 820; x_wconf 90' lang='lat' dir='ltr'><strong>non</strong></span> <span class='ocrx_word' id='word_1_50' title='bbox 1853 764 1910 819; x_wconf 90' lang='lat' dir='ltr'><strong>in</strong></span> <span class='ocrx_word' id='word_1_51' title='bbox 1933 772 2147 835; x_wconf 89' lang='lat' dir='ltr'><strong>tempo-</strong></span> 
     </span>
    </p>
   </div>
   <div class='ocr_carea' id='block_1_9' title="bbox 566 855 2149 924">
    <p class='ocr_par' dir='ltr' id='par_1_9' title="bbox 566 855 2149 924">
     <span class='ocr_line' id='line_1_9' title="bbox 566 855 2149 924; baseline 0.001 -14"><span class='ocrx_word' id='word_1_52' title='bbox 566 871 689 911; x_wconf 85' lang='lat' dir='ltr'><strong>rum</strong></span> <span class='ocrx_word' id='word_1_53' title='bbox 721 855 1067 911; x_wconf 84' lang='lat' dir='ltr'><strong>naturalibus</strong></span> <span class='ocrx_word' id='word_1_54' title='bbox 1087 855 1449 924; x_wconf 85' lang='lat' dir='ltr'><strong>qualitatibus</strong></span> <span class='ocrx_word' id='word_1_55' title='bbox 1487 855 1676 923; x_wconf 89' lang='lat' dir='ltr'><strong>situm,</strong></span> <span class='ocrx_word' id='word_1_56' title='bbox 1720 856 1890 911; x_wconf 88' lang='lat' dir='ltr'><strong>vitam</strong></span> <span class='ocrx_word' id='word_1_57' title='bbox 1934 863 1992 911; x_wconf 88' lang='lat' dir='ltr'><strong>et</strong></span> <span class='ocrx_word' id='word_1_58' title='bbox 2020 871 2149 911; x_wconf 90' lang='lat' dir='ltr'><strong>cum</strong></span> 
     </span>
    </p>
   </div>
   <div class='ocr_carea' id='block_1_10' title="bbox 564 945 1371 1008">
    <p class='ocr_par' dir='ltr' id='par_1_10' title="bbox 564 945 1371 1008">
     <span class='ocr_line' id='line_1_10' title="bbox 564 945 1371 1008; baseline -0.005 -7"><span class='ocrx_word' id='word_1_59' title='bbox 564 946 750 1002; x_wconf 67' lang='lat' dir='ltr'><strong>laetitia</strong></span> <span class='ocrx_word' id='word_1_60' title='bbox 780 945 1086 1008; x_wconf 84' lang='lat' dir='ltr'><strong>traducere,</strong></span> <span class='ocrx_word' id='word_1_61' title='bbox 1115 950 1172 999; x_wconf 85' lang='lat' dir='ltr'><strong>et</strong></span> <span class='ocrx_word' id='word_1_62' title='bbox 1193 960 1371 1000; x_wconf 90' lang='lat' dir='ltr'><strong>secus.</strong></span> 
     </span>
    </p>
   </div>
   <div class='ocr_carea' id='block_1_11' title="bbox 633 1034 2148 1093">
    <p class='ocr_par' dir='ltr' id='par_1_11' title="bbox 633 1034 2148 1093">
     <span class='ocr_line' id='line_1_11' title="bbox 633 1034 2148 1093; baseline 0 0"><span class='ocrx_word' id='word_1_63' title='bbox 633 1036 832 1093; x_wconf 82' lang='lat' dir='ltr'><strong>PALL.</strong></span> <span class='ocrx_word' id='word_1_64' title='bbox 901 1036 982 1093; x_wconf 90' lang='lat' dir='ltr'><strong>lta</strong></span> <span class='ocrx_word' id='word_1_65' title='bbox 1041 1034 1280 1091; x_wconf 89' lang='lat' dir='ltr'><strong>videtur.</strong></span> <span class='ocrx_word' id='word_1_66' title='bbox 1328 1035 1549 1091; x_wconf 85' lang='lat' dir='ltr'><strong>Etenim</strong></span> <span class='ocrx_word' id='word_1_67' title='bbox 1592 1051 1653 1093; x_wconf 91' lang='lat' dir='ltr'><strong>es</strong></span> <span class='ocrx_word' id='word_1_68' title='bbox 1697 1044 1847 1093; x_wconf 86' lang='lat' dir='ltr'><strong>recta</strong></span> <span class='ocrx_word' id='word_1_69' title='bbox 1899 1034 2148 1093; x_wconf 86' lang='lat' dir='ltr'><strong>oratione</strong></span> 
     </span>
    </p>
   </div>
   <div class='ocr_carea' id='block_1_12' title="bbox 562 1142 718 1183">
    <p class='ocr_par' dir='ltr' id='par_1_12' title="bbox 562 1142 718 1183">
     <span class='ocr_line' id='line_1_12' title="bbox 562 1142 718 1183; baseline -0.013 0"><span class='ocrx_word' id='word_1_70' title='bbox 562 1142 718 1183; x_wconf 89' lang='lat' dir='ltr'><strong>usus.</strong></span> 
     </span>
    </p>
   </div>
   <div class='ocr_carea' id='block_1_13' title="bbox 631 1217 2145 1290">
    <p class='ocr_par' dir='ltr' id='par_1_13' title="bbox 631 1217 2145 1290">
     <span class='ocr_line' id='line_1_13' title="bbox 631 1217 2145 1290; baseline -0.001 -14"><span class='ocrx_word' id='word_1_71' title='bbox 631 1219 790 1276; x_wconf 85' lang='lat' dir='ltr'><strong>CYR.</strong></span> <span class='ocrx_word' id='word_1_72' title='bbox 814 1218 1199 1276; x_wconf 67' lang='lat' dir='ltr'><strong>EXtimescunt</strong></span> <span class='ocrx_word' id='word_1_73' title='bbox 1221 1225 1406 1275; x_wconf 87' lang='lat' dir='ltr'><strong>autem</strong></span> <span class='ocrx_word' id='word_1_74' title='bbox 1422 1217 1493 1274; x_wconf 71' lang='lat' dir='ltr'><strong>&#39;in</strong></span> <span class='ocrx_word' id='word_1_75' title='bbox 1524 1219 1720 1290; x_wconf 84' lang='lat' dir='ltr'><strong>primis</strong></span> <span class='ocrx_word' id='word_1_76' title='bbox 1760 1220 2016 1290; x_wconf 89' lang='lat' dir='ltr'><strong>quintum</strong></span> <span class='ocrx_word' id='word_1_77' title='bbox 2050 1235 2145 1275; x_wconf 87' lang='lat' dir='ltr'><strong>oc-</strong></span> 
     </span>
    </p>
   </div>
   <div class='ocr_carea' id='block_1_14' title="bbox 562 1311 2145 1385">
    <p class='ocr_par' dir='ltr' id='par_1_14' title="bbox 562 1311 2145 1385">
     <span class='ocr_line' id='line_1_14' title="bbox 562 1311 2145 1385; baseline 0.001 -17"><span class='ocrx_word' id='word_1_78' title='bbox 562 1321 857 1384; x_wconf 86' lang='lat' dir='ltr'><strong>tavumque</strong></span> <span class='ocrx_word' id='word_1_79' title='bbox 879 1311 1048 1379; x_wconf 80' lang='lat' dir='ltr'><strong>diem,</strong></span> <span class='ocrx_word' id='word_1_80' title='bbox 1072 1319 1130 1370; x_wconf 87' lang='lat' dir='ltr'><strong>et</strong></span> <span class='ocrx_word' id='word_1_81' title='bbox 1151 1320 1417 1371; x_wconf 81' lang='lat' dir='ltr'><strong>excusant</strong></span> <span class='ocrx_word' id='word_1_82' title='bbox 1457 1312 1927 1370; x_wconf 65' lang='lat' dir='ltr'><strong>excusationes&#39;in</strong></span> <span class='ocrx_word' id='word_1_83' title='bbox 1949 1330 2145 1385; x_wconf 88' lang='lat' dir='ltr'><strong>pecca-</strong></span> 
     </span>
    </p>
   </div>
   <div class='ocr_carea' id='block_1_15' title="bbox 562 1396 2147 1477">
    <p class='ocr_par' dir='ltr' id='par_1_15' title="bbox 562 1396 2147 1477">
     <span class='ocr_line' id='line_1_15' title="bbox 562 1396 2147 1477; baseline -0.001 -15"><span class='ocrx_word' id='word_1_84' title='bbox 562 1406 653 1471; x_wconf 80' lang='lat' dir='ltr'><strong>tis,</strong></span> <span class='ocrx_word' id='word_1_85' title='bbox 682 1403 778 1461; x_wconf 87' lang='lat' dir='ltr'><strong>sed</strong></span> <span class='ocrx_word' id='word_1_86' title='bbox 800 1420 966 1476; x_wconf 88' lang='lat' dir='ltr'><strong>quam</strong></span> <span class='ocrx_word' id='word_1_87' title='bbox 980 1404 1202 1477; x_wconf 56' lang='lat' dir='ltr'><strong>&quot;frigidis</strong></span> <span class='ocrx_word' id='word_1_88' title='bbox 1230 1415 1394 1477; x_wconf 87' lang='lat' dir='ltr'><strong>atque</strong></span> <span class='ocrx_word' id='word_1_89' title='bbox 1439 1406 1682 1463; x_wconf 87' lang='lat' dir='ltr'><strong>anilibus</strong></span> <span class='ocrx_word' id='word_1_90' title='bbox 1711 1396 2147 1463; x_wconf 86' lang='lat' dir='ltr'><strong>ratiocinationi-</strong></span> 
     </span>
    </p>
   </div>
   <div class='ocr_carea' id='block_1_16' title="bbox 561 1495 2148 1569">
    <p class='ocr_par' dir='ltr' id='par_1_16' title="bbox 561 1495 2148 1569">
     <span class='ocr_line' id='line_1_16' title="bbox 561 1495 2148 1569; baseline 0.001 -18"><span class='ocrx_word' id='word_1_91' title='bbox 561 1498 664 1552; x_wconf 89' lang='lat' dir='ltr'><strong>bus</strong></span> <span class='ocrx_word' id='word_1_92' title='bbox 699 1495 946 1564; x_wconf 83' lang='lat' dir='ltr'><strong>ﬂuitent,</strong></span> <span class='ocrx_word' id='word_1_93' title='bbox 992 1497 1274 1553; x_wconf 86' lang='lat' dir='ltr'><strong>hominem</strong></span> <span class='ocrx_word' id='word_1_94' title='bbox 1307 1497 1601 1569; x_wconf 80' lang='lat' dir='ltr'><strong>prudentia</strong></span> <span class='ocrx_word' id='word_1_95' title='bbox 1640 1497 1932 1568; x_wconf 65' lang='lat' dir='ltr'><strong>praeditum</strong></span> <span class='ocrx_word' id='word_1_96' title='bbox 1974 1498 2148 1554; x_wconf 89' lang='lat' dir='ltr'><strong>latent</strong></span> 
     </span>
    </p>
   </div>
   <div class='ocr_carea' id='block_1_17' title="bbox 559 1574 2146 1661">
    <p class='ocr_par' dir='ltr' id='par_1_17' title="bbox 559 1574 2146 1661">
     <span class='ocr_line' id='line_1_17' title="bbox 559 1574 2146 1661; baseline 0.001 -18"><span class='ocrx_word' id='word_1_97' title='bbox 559 1588 838 1644; x_wconf 87' lang='lat' dir='ltr'><strong>neminem</strong></span> <span class='ocrx_word' id='word_1_98' title='bbox 865 1605 878 1642; x_wconf 92' lang='lat'>:</span> <span class='ocrx_word' id='word_1_99' title='bbox 913 1603 1041 1644; x_wconf 90' lang='lat' dir='ltr'><strong>nam</strong></span> <span class='ocrx_word' id='word_1_100' title='bbox 1081 1587 1352 1643; x_wconf 86' lang='lat' dir='ltr'><strong>furiarum</strong></span> <span class='ocrx_word' id='word_1_101' title='bbox 1378 1587 1744 1659; x_wconf 77' lang='lat' dir='ltr'><strong>quarumdam</strong></span> <span class='ocrx_word' id='word_1_102' title='bbox 1763 1574 2054 1661; x_wconf 80' lang='lat' dir='ltr'><strong>originem,</strong></span> <span class='ocrx_word' id='word_1_103' title='bbox 2081 1604 2146 1644; x_wconf 90' lang='lat' dir='ltr'><strong>ac</strong></span> 
     </span>
    </p>
   </div>
   <div class='ocr_carea' id='block_1_18' title="bbox 559 1681 2142 1753">
    <p class='ocr_par' dir='ltr' id='par_1_18' title="bbox 559 1681 2142 1753">
     <span class='ocr_line' id='line_1_18' title="bbox 559 1681 2142 1753; baseline -0.001 -15"><span class='ocrx_word' id='word_1_104' title='bbox 559 1681 978 1748; x_wconf 59' lang='lat' dir='ltr'><strong>daemoniorum,</strong></span> <span class='ocrx_word' id='word_1_105' title='bbox 1018 1697 1142 1753; x_wconf 68' lang='lat' dir='ltr'><strong>quae</strong></span> <span class='ocrx_word' id='word_1_106' title='bbox 1178 1682 1303 1737; x_wconf 90' lang='lat' dir='ltr'><strong>aliis</strong></span> <span class='ocrx_word' id='word_1_107' title='bbox 1340 1681 1666 1738; x_wconf 90' lang='lat' dir='ltr'><strong>immaniora</strong></span> <span class='ocrx_word' id='word_1_108' title='bbox 1707 1681 1839 1747; x_wconf 87' lang='lat' dir='ltr'><strong>sint,</strong></span> <span class='ocrx_word' id='word_1_109' title='bbox 1867 1689 2142 1747; x_wconf 83' lang='lat' dir='ltr'><strong>exortum,</strong></span> 
     </span>
    </p>
   </div>
   <div class='ocr_carea' id='block_1_19' title="bbox 558 1772 2145 1845">
    <p class='ocr_par' dir='ltr' id='par_1_19' title="bbox 558 1772 2145 1845">
     <span class='ocr_line' id='line_1_19' title="bbox 558 1772 2145 1845; baseline -0.001 -16"><span class='ocrx_word' id='word_1_110' title='bbox 558 1788 749 1844; x_wconf 85' lang='lat' dir='ltr'><strong>poenas</strong></span> <span class='ocrx_word' id='word_1_111' title='bbox 780 1772 945 1835; x_wconf 82' lang='lat' dir='ltr'><strong>etiam</strong></span> <span class='ocrx_word' id='word_1_112' title='bbox 992 1789 1059 1830; x_wconf 90' lang='lat' dir='ltr'><strong>ac</strong></span> <span class='ocrx_word' id='word_1_113' title='bbox 1097 1774 1319 1841; x_wconf 89' lang='lat' dir='ltr'><strong>multas,</strong></span> <span class='ocrx_word' id='word_1_114' title='bbox 1343 1782 1400 1830; x_wconf 93' lang='lat' dir='ltr'><strong>et</strong></span> <span class='ocrx_word' id='word_1_115' title='bbox 1443 1775 1708 1832; x_wconf 88' lang='lat' dir='ltr'><strong>nonnulla</strong></span> <span class='ocrx_word' id='word_1_116' title='bbox 1746 1773 1850 1830; x_wconf 90' lang='lat' dir='ltr'><strong>alia</strong></span> <span class='ocrx_word' id='word_1_117' title='bbox 1876 1773 2145 1845; x_wconf 68' lang='lat' dir='ltr'><strong>praeterea</strong></span> 
     </span>
    </p>
   </div>
   <div class='ocr_carea' id='block_1_20' title="bbox 2249 579 3838 654">
    <p class='ocr_par' dir='ltr' id='par_1_20' title="bbox 2249 579 3838 654">
     <span class='ocr_line' id='line_1_20' title="bbox 2249 579 3838 654; baseline -0.003 -16"><span class='ocrx_word' id='word_1_118' title='bbox 2249 602 2362 649; x_wconf 91' lang='grc' dir='ltr'>τοις</span> <span class='ocrx_word' id='word_1_119' title='bbox 2409 582 2660 654; x_wconf 88' lang='grc' dir='ltr'>γενέσθαι</span> <span class='ocrx_word' id='word_1_120' title='bbox 2695 580 3131 654; x_wconf 85' lang='grc' dir='ltr'>παρεσκεύασεν.</span> <span class='ocrx_word' id='word_1_121' title='bbox 3181 579 3391 634; x_wconf 82' lang='grc' dir='ltr'>Οὐκοῦν</span> <span class='ocrx_word' id='word_1_122' title='bbox 3433 581 3492 631; x_wconf 82' lang='grc' dir='ltr'>ὲν</span> <span class='ocrx_word' id='word_1_123' title='bbox 3537 581 3693 651; x_wconf 77' lang='grc' dir='ltr'>ἡμῖν,</span> <span class='ocrx_word' id='word_1_124' title='bbox 3743 579 3838 633; x_wconf 71' lang='grc' dir='ltr'>καὶ</span> 
     </span>
    </p>
   </div>
   <div class='ocr_carea' id='block_1_21' title="bbox 2244 670 3841 745">
    <p class='ocr_par' dir='ltr' id='par_1_21' title="bbox 2244 670 3841 745">
     <span class='ocr_line' id='line_1_21' title="bbox 2244 670 3841 745; baseline -0.003 -17"><span class='ocrx_word' id='word_1_125' title='bbox 2244 676 2350 729; x_wconf 80' lang='grc' dir='ltr'><strong>ὀὐκ</strong></span> <span class='ocrx_word' id='word_1_126' title='bbox 2376 676 2435 728; x_wconf 81' lang='grc' dir='ltr'>ὲν</span> <span class='ocrx_word' id='word_1_127' title='bbox 2463 677 2584 738; x_wconf 84' lang='grc' dir='ltr'>ταῖς</span> <span class='ocrx_word' id='word_1_128' title='bbox 2606 673 2715 729; x_wconf 86' lang='grc' dir='ltr'><strong>τῶν</strong></span> <span class='ocrx_word' id='word_1_129' title='bbox 2738 673 2941 745; x_wconf 84' lang='grc' dir='ltr'>καιρῶν</span> <span class='ocrx_word' id='word_1_130' title='bbox 2964 673 3214 743; x_wconf 84' lang='grc' dir='ltr'><strong>ποιότησι</strong></span> <span class='ocrx_word' id='word_1_131' title='bbox 3240 673 3520 741; x_wconf 79' lang='grc' dir='ltr'><strong>φυσικαῖς,</strong></span> <span class='ocrx_word' id='word_1_132' title='bbox 3546 671 3665 724; x_wconf 86' lang='grc' dir='ltr'>τότε</span> <span class='ocrx_word' id='word_1_133' title='bbox 3694 670 3841 724; x_wconf 75' lang='grc' dir='ltr'><strong>διευ⁴⁵</strong></span> 
     </span>
    </p>
   </div>
   <div class='ocr_carea' id='block_1_22' title="bbox 2251 762 3400 838">
    <p class='ocr_par' dir='ltr' id='par_1_22' title="bbox 2251 762 3400 838">
     <span class='ocr_line' id='line_1_22' title="bbox 2251 762 3400 838; baseline -0.004 -17"><span class='ocrx_word' id='word_1_134' title='bbox 2251 767 2539 838; x_wconf 79' lang='grc' dir='ltr'>θυμεῖσθαι</span> <span class='ocrx_word' id='word_1_135' title='bbox 2567 765 2705 831; x_wconf 79' lang='grc' dir='ltr'>ἔστι,</span> <span class='ocrx_word' id='word_1_136' title='bbox 2736 766 2830 820; x_wconf 74' lang='grc' dir='ltr'>καὶ</span> <span class='ocrx_word' id='word_1_137' title='bbox 2860 765 2919 819; x_wconf 83' lang='grc' dir='ltr'><strong>τὸ</strong></span> <span class='ocrx_word' id='word_1_138' title='bbox 2954 762 3030 836; x_wconf 82' lang='grc' dir='ltr'>μὴ</span> <span class='ocrx_word' id='word_1_139' title='bbox 3057 762 3231 829; x_wconf 78' lang='grc' dir='ltr'>οὕτως</span> <span class='ocrx_word' id='word_1_140' title='bbox 3259 763 3400 834; x_wconf 82' lang='grc' dir='ltr'>ἔχον.</span> 
     </span>
    </p>
   </div>
   <div class='ocr_carea' id='block_1_23' title="bbox 2307 1034 3405 1108">
    <p class='ocr_par' dir='ltr' id='par_1_23' title="bbox 2307 1034 3405 1108">
     <span class='ocr_line' id='line_1_23' title="bbox 2307 1034 3405 1108; baseline -0.002 -19"><span class='ocrx_word' id='word_1_141' title='bbox 2307 1036 2531 1092; x_wconf 84' lang='grc' dir='ltr'><strong>ἩΔΛΛ.</strong></span> <span class='ocrx_word' id='word_1_142' title='bbox 2566 1037 2801 1090; x_wconf 84' lang='grc' dir='ltr'><strong>Ἔοικεν.</strong></span> <span class='ocrx_word' id='word_1_143' title='bbox 2833 1035 3011 1100; x_wconf 83' lang='grc' dir='ltr'>Εὐθύς</span> <span class='ocrx_word' id='word_1_144' title='bbox 3038 1034 3146 1108; x_wconf 84' lang='grc' dir='ltr'>γὰρ</span> <span class='ocrx_word' id='word_1_145' title='bbox 3170 1038 3199 1089; x_wconf 85' lang='grc' dir='ltr'><strong>ό</strong></span> <span class='ocrx_word' id='word_1_146' title='bbox 3227 1034 3405 1104; x_wconf 84' lang='grc' dir='ltr'><strong>λόγος.</strong></span> 
     </span>
    </p>
   </div>
   <div class='ocr_carea' id='block_1_24' title="bbox 2312 1215 3839 1290">
    <p class='ocr_par' dir='ltr' id='par_1_24' title="bbox 2312 1215 3839 1290">
     <span class='ocr_line' id='line_1_24' title="bbox 2312 1215 3839 1290; baseline -0.001 -19"><span class='ocrx_word' id='word_1_147' title='bbox 2312 1217 2485 1271; x_wconf 82' lang='grc' dir='ltr'>ΚΥΡ.</span> <span class='ocrx_word' id='word_1_148' title='bbox 2530 1215 2833 1272; x_wconf 81' lang='grc' dir='ltr'>Ἐκδεδίασι</span> <span class='ocrx_word' id='word_1_149' title='bbox 2858 1217 2916 1272; x_wconf 79' lang='grc' dir='ltr'>δὲ</span> <span class='ocrx_word' id='word_1_150' title='bbox 2954 1218 3038 1273; x_wconf 80' lang='grc' dir='ltr'>ὅτι</span> <span class='ocrx_word' id='word_1_151' title='bbox 3069 1218 3307 1290; x_wconf 86' lang='grc' dir='ltr'>μάλιστα</span> <span class='ocrx_word' id='word_1_152' title='bbox 3350 1217 3451 1289; x_wconf 90' lang='grc' dir='ltr'><strong>τήν</strong></span> <span class='ocrx_word' id='word_1_153' title='bbox 3480 1234 3542 1272; x_wconf 89' lang='grc' dir='ltr'><strong>τε</strong></span> <span class='ocrx_word' id='word_1_154' title='bbox 3575 1216 3839 1287; x_wconf 77' lang='grc' dir='ltr'><strong>πέμπτην</strong></span> 
     </span>
    </p>
   </div>
   <div class='ocr_carea' id='block_1_25' title="bbox 2248 1307 3833 1382">
    <p class='ocr_par' dir='ltr' id='par_1_25' title="bbox 2248 1307 3833 1382">
     <span class='ocr_line' id='line_1_25' title="bbox 2248 1307 3833 1382; baseline 0.001 -21"><span class='ocrx_word' id='word_1_155' title='bbox 2248 1307 2342 1361; x_wconf 81' lang='grc' dir='ltr'><strong>καὶ</strong></span> <span class='ocrx_word' id='word_1_156' title='bbox 2360 1307 2560 1378; x_wconf 73' lang='grc' dir='ltr'>’ὀγδόην</span> <span class='ocrx_word' id='word_1_157' title='bbox 2601 1308 2839 1380; x_wconf 81' lang='grc' dir='ltr'><strong>ἡμέραν,</strong></span> <span class='ocrx_word' id='word_1_158' title='bbox 2882 1309 2979 1363; x_wconf 74' lang='grc' dir='ltr'><strong>καὶ</strong></span> <span class='ocrx_word' id='word_1_159' title='bbox 3012 1309 3443 1382; x_wconf 78' lang='grc' dir='ltr'><strong>προφασίζονται</strong></span> <span class='ocrx_word' id='word_1_160' title='bbox 3483 1309 3585 1382; x_wconf 85' lang='grc' dir='ltr'><strong>μὲν</strong></span> <span class='ocrx_word' id='word_1_161' title='bbox 3614 1309 3833 1381; x_wconf 84' lang='grc' dir='ltr'>προφά-</span> 
     </span>
    </p>
   </div>
   <div class='ocr_carea' id='block_1_26' title="bbox 2248 1396 3835 1471">
    <p class='ocr_par' dir='ltr' id='par_1_26' title="bbox 2248 1396 3835 1471">
     <span class='ocr_line' id='line_1_26' title="bbox 2248 1396 3835 1471; baseline 0.001 -22"><span class='ocrx_word' id='word_1_162' title='bbox 2248 1410 2363 1460; x_wconf 82' lang='grc' dir='ltr'>’σεις</span> <span class='ocrx_word' id='word_1_163' title='bbox 2388 1396 2448 1450; x_wconf 80' lang='grc' dir='ltr'>ὲν</span> <span class='ocrx_word' id='word_1_164' title='bbox 2482 1396 2799 1470; x_wconf 83' lang='grc' dir='ltr'>ἁμαρτίαις,</span> <span class='ocrx_word' id='word_1_165' title='bbox 2827 1397 3088 1470; x_wconf 85' lang='grc' dir='ltr'>λελήθασι</span> <span class='ocrx_word' id='word_1_166' title='bbox 3117 1398 3176 1454; x_wconf 88' lang='grc' dir='ltr'>δὲ</span> <span class='ocrx_word' id='word_1_167' title='bbox 3215 1398 3324 1452; x_wconf 84' lang='grc' dir='ltr'>τῶν</span> <span class='ocrx_word' id='word_1_168' title='bbox 3358 1399 3706 1471; x_wconf 89' lang='grc' dir='ltr'>ἀρτιφρόνων</span> <span class='ocrx_word' id='word_1_169' title='bbox 3744 1399 3835 1451; x_wconf 62' lang='grc' dir='ltr'>οὐν</span> 
     </span>
    </p>
   </div>
   <div class='ocr_carea' id='block_1_27' title="bbox 2246 1486 3831 1561">
    <p class='ocr_par' dir='ltr' id='par_1_27' title="bbox 2246 1486 3831 1561">
     <span class='ocr_line' id='line_1_27' title="bbox 2246 1486 3831 1561; baseline 0.001 -21"><span class='ocrx_word' id='word_1_170' title='bbox 2246 1487 2372 1541; x_wconf 84' lang='grc' dir='ltr'>δένα</span> <span class='ocrx_word' id='word_1_171' title='bbox 2388 1486 2619 1558; x_wconf 72' lang='grc' dir='ltr'>ψυχροῖς</span> <span class='ocrx_word' id='word_1_172' title='bbox 2648 1487 2744 1542; x_wconf 71' lang='grc' dir='ltr'><strong>καὶ</strong></span> <span class='ocrx_word' id='word_1_173' title='bbox 2761 1489 3065 1559; x_wconf 82' lang='grc' dir='ltr'>γραώδεσιν</span> <span class='ocrx_word' id='word_1_174' title='bbox 3099 1489 3485 1561; x_wconf 79' lang='grc' dir='ltr'>ὲπινηχόμενοι</span> <span class='ocrx_word' id='word_1_175' title='bbox 3509 1489 3792 1559; x_wconf 77' lang='grc' dir='ltr'>λογισμοῖς</span> <span class='ocrx_word' id='word_1_176' title='bbox 3815 1503 3831 1518; x_wconf 89' lang='grc'><strong>·</strong></span> 
     </span>
    </p>
   </div>
   <div class='ocr_carea' id='block_1_28' title="bbox 2247 1575 3830 1651">
    <p class='ocr_par' dir='ltr' id='par_1_28' title="bbox 2247 1575 3830 1651">
     <span class='ocr_line' id='line_1_28' title="bbox 2247 1575 3830 1651; baseline 0.003 -23"><span class='ocrx_word' id='word_1_177' title='bbox 2247 1575 2507 1647; x_wconf 81' lang='grc' dir='ltr'>ὲριννύων</span> <span class='ocrx_word' id='word_1_178' title='bbox 2529 1576 2639 1649; x_wconf 82' lang='grc' dir='ltr'><strong>γάρ</strong></span> <span class='ocrx_word' id='word_1_179' title='bbox 2660 1594 2824 1633; x_wconf 85' lang='grc' dir='ltr'>τινων</span> <span class='ocrx_word' id='word_1_180' title='bbox 2853 1579 3070 1647; x_wconf 82' lang='grc' dir='ltr'>γένεσιν</span> <span class='ocrx_word' id='word_1_181' title='bbox 3097 1580 3194 1634; x_wconf 75' lang='grc' dir='ltr'><strong>καὶ</strong></span> <span class='ocrx_word' id='word_1_182' title='bbox 3217 1580 3508 1651; x_wconf 78' lang='grc' dir='ltr'>δαιμονίων</span> <span class='ocrx_word' id='word_1_183' title='bbox 3538 1579 3830 1645; x_wconf 81' lang='grc' dir='ltr'>ἀνάδειξιν,</span> 
     </span>
    </p>
   </div>
   <div class='ocr_carea' id='block_1_29' title="bbox 2245 1664 3834 1741">
    <p class='ocr_par' dir='ltr' id='par_1_29' title="bbox 2245 1664 3834 1741">
     <span class='ocr_line' id='line_1_29' title="bbox 2245 1664 3834 1741; baseline 0.003 -22"><span class='ocrx_word' id='word_1_184' title='bbox 2245 1664 2282 1719; x_wconf 78' lang='grc' dir='ltr'>ὃ.</span> <span class='ocrx_word' id='word_1_185' title='bbox 2314 1664 2404 1719; x_wconf 77' lang='grc' dir='ltr'>καὶ</span> <span class='ocrx_word' id='word_1_186' title='bbox 2449 1665 2560 1719; x_wconf 86' lang='grc' dir='ltr'><strong>τῶν</strong></span> <span class='ocrx_word' id='word_1_187' title='bbox 2605 1665 2783 1721; x_wconf 72' lang='grc' dir='ltr'>ἄλλων</span> <span class='ocrx_word' id='word_1_188' title='bbox 2820 1668 2971 1723; x_wconf 77' lang='grc' dir='ltr'>ἐστὶν</span> <span class='ocrx_word' id='word_1_189' title='bbox 3000 1668 3354 1741; x_wconf 82' lang='grc' dir='ltr'>ἀγριώτερα,</span> <span class='ocrx_word' id='word_1_190' title='bbox 3403 1670 3596 1735; x_wconf 88' lang='grc' dir='ltr'>ποινάς</span> <span class='ocrx_word' id='word_1_191' title='bbox 3636 1687 3697 1723; x_wconf 90' lang='grc' dir='ltr'><strong>τε</strong></span> <span class='ocrx_word' id='word_1_192' title='bbox 3738 1671 3834 1725; x_wconf 82' lang='grc' dir='ltr'><strong>καὶ</strong></span> 
     </span>
    </p>
   </div>
   <div class='ocr_carea' id='block_1_30' title="bbox 2245 1752 3833 1833">
    <p class='ocr_par' dir='ltr' id='par_1_30' title="bbox 2245 1752 3833 1833">
     <span class='ocr_line' id='line_1_30' title="bbox 2245 1752 3833 1833; baseline 0.003 -24"><span class='ocrx_word' id='word_1_193' title='bbox 2245 1755 2424 1823; x_wconf 81' lang='grc' dir='ltr'>δίκας,</span> <span class='ocrx_word' id='word_1_194' title='bbox 2444 1752 2688 1813; x_wconf 70' lang='grc' dir='ltr'>’καίτινα</span> <span class='ocrx_word' id='word_1_195' title='bbox 2711 1758 2850 1831; x_wconf 75' lang='grc' dir='ltr'>πρὸς</span> <span class='ocrx_word' id='word_1_196' title='bbox 2870 1758 3081 1824; x_wconf 78' lang='grc' dir='ltr'>τούτοις</span> <span class='ocrx_word' id='word_1_197' title='bbox 3093 1760 3284 1833; x_wconf 69' lang='grc' dir='ltr'>ἕτερα,</span> <span class='ocrx_word' id='word_1_198' title='bbox 3315 1760 3612 1832; x_wconf 84' lang='grc' dir='ltr'>φληνάφως</span> <span class='ocrx_word' id='word_1_199' title='bbox 3638 1761 3833 1825; x_wconf 87' lang='grc' dir='ltr'>αὐταῖς</span> 
     </span>
    </p>
   </div>
   <div class='ocr_carea' id='block_1_31' title="bbox 557 1847 2139 1937">
    <p class='ocr_par' dir='ltr' id='par_1_31' title="bbox 557 1862 2139 1937">
     <span class='ocr_line' id='line_1_31' title="bbox 557 1862 2139 1937; baseline -0.003 -14"><span class='ocrx_word' id='word_1_200' title='bbox 557 1864 844 1937; x_wconf 86' lang='lat' dir='ltr'><strong>nugatorie</strong></span> <span class='ocrx_word' id='word_1_201' title='bbox 869 1864 958 1920; x_wconf 89' lang='lat' dir='ltr'><strong>bis</strong></span> <span class='ocrx_word' id='word_1_202' title='bbox 983 1864 1227 1921; x_wconf 80' lang='lat' dir='ltr'><strong>intexere</strong></span> <span class='ocrx_word' id='word_1_203' title='bbox 1251 1864 1439 1921; x_wconf 86' lang='lat' dir='ltr'><strong>miseri</strong></span> <span class='ocrx_word' id='word_1_204' title='bbox 1468 1880 1580 1920; x_wconf 94' lang='lat' dir='ltr'><strong>non</strong></span> <span class='ocrx_word' id='word_1_205' title='bbox 1608 1864 1961 1920; x_wconf 90' lang='lat' dir='ltr'><strong>erubescunt.</strong></span> <span class='ocrx_word' id='word_1_206' title='bbox 1986 1862 2139 1931; x_wconf 86' lang='lat' dir='ltr'><strong>Quod</strong></span> 
     </span>
    </p>
   </div>
   <div class='ocr_carea' id='block_1_32' title="bbox 2241 1847 3832 1937">
    <p class='ocr_par' dir='ltr' id='par_1_32' title="bbox 2245 1847 3832 1923">
     <span class='ocr_line' id='line_1_32' title="bbox 2245 1847 3832 1923; baseline 0.003 -22"><span class='ocrx_word' id='word_1_207' title='bbox 2245 1847 2667 1915; x_wconf 77' lang='grc' dir='ltr'>ὲπιπλέκοντες,</span> <span class='ocrx_word' id='word_1_208' title='bbox 2698 1850 2806 1903; x_wconf 82' lang='grc' dir='ltr'><strong>ὀὐκ</strong></span> <span class='ocrx_word' id='word_1_209' title='bbox 2835 1850 3161 1923; x_wconf 78' lang='grc' dir='ltr'>ὲρυθριῶσιν</span> <span class='ocrx_word' id='word_1_210' title='bbox 3204 1853 3253 1906; x_wconf 80' lang='lat' dir='ltr'><strong>oi</strong></span> <span class='ocrx_word' id='word_1_211' title='bbox 3287 1851 3537 1916; x_wconf 88' lang='grc' dir='ltr'>τάλανες.</span> <span class='ocrx_word' id='word_1_212' title='bbox 3575 1852 3640 1905; x_wconf 77' lang='lat' dir='ltr'><strong>El</strong></span> <span class='ocrx_word' id='word_1_213' title='bbox 3670 1851 3729 1905; x_wconf 82' lang='grc' dir='ltr'>δὲ</span> <span class='ocrx_word' id='word_1_214' title='bbox 3766 1852 3832 1923; x_wconf 78' lang='grc' dir='ltr'>δὴ</span> 
     </span>
    </p>
   </div>
   <div class='ocr_carea' id='block_1_33' title="bbox 557 1956 2139 2029">
    <p class='ocr_par' dir='ltr' id='par_1_33' title="bbox 557 1956 2139 2029">
     <span class='ocr_line' id='line_1_33' title="bbox 557 1956 2139 2029; baseline -0.003 -16"><span class='ocrx_word' id='word_1_215' title='bbox 557 1957 605 2021; x_wconf 82' lang='lat' dir='ltr'><strong>si</strong></span> <span class='ocrx_word' id='word_1_216' title='bbox 650 1957 794 2012; x_wconf 62' lang='lat' dir='ltr'><strong>lunae</strong></span> <span class='ocrx_word' id='word_1_217' title='bbox 828 1957 1030 2028; x_wconf 77' lang='lat' dir='ltr'><strong>globus</strong></span> <span class='ocrx_word' id='word_1_218' title='bbox 1073 1964 1234 2012; x_wconf 86' lang='lat' dir='ltr'><strong>antea</strong></span> <span class='ocrx_word' id='word_1_219' title='bbox 1297 1956 1494 2028; x_wconf 88' lang='lat' dir='ltr'><strong>plenus</strong></span> <span class='ocrx_word' id='word_1_220' title='bbox 1539 1958 1656 2029; x_wconf 89' lang='lat' dir='ltr'><strong>jam</strong></span> <span class='ocrx_word' id='word_1_221' title='bbox 1706 1956 1774 2011; x_wconf 92' lang='lat' dir='ltr'><strong>ad</strong></span> <span class='ocrx_word' id='word_1_222' title='bbox 1820 1956 2139 2011; x_wconf 89' lang='lat' dir='ltr'><strong>decremen-</strong></span> 
     </span>
    </p>
   </div>
   <div class='ocr_carea' id='block_1_34' title="bbox 556 2047 2145 2120">
    <p class='ocr_par' dir='ltr' id='par_1_34' title="bbox 556 2047 2145 2120">
     <span class='ocr_line' id='line_1_34' title="bbox 556 2047 2145 2120; baseline 0 -18"><span class='ocrx_word' id='word_1_223' title='bbox 556 2056 676 2108; x_wconf 87' lang='lat' dir='ltr'><strong>tum</strong></span> <span class='ocrx_word' id='word_1_224' title='bbox 697 2057 885 2120; x_wconf 77' lang='lat' dir='ltr'><strong>vergat</strong></span> <span class='ocrx_word' id='word_1_225' title='bbox 907 2048 1066 2120; x_wconf 81' lang='lat'><strong>207</strong></span> <span class='ocrx_word' id='word_1_226' title='bbox 1099 2047 1200 2119; x_wconf 90' lang='lat' dir='ltr'><strong>(sic</strong></span> <span class='ocrx_word' id='word_1_227' title='bbox 1218 2049 1366 2104; x_wconf 90' lang='lat' dir='ltr'><strong>enim</strong></span> <span class='ocrx_word' id='word_1_228' title='bbox 1388 2065 1488 2120; x_wconf 87' lang='lat' dir='ltr'><strong>per</strong></span> <span class='ocrx_word' id='word_1_229' title='bbox 1510 2058 1919 2104; x_wconf 90' lang='lat' dir='ltr'><strong>menstruorum</strong></span> <span class='ocrx_word' id='word_1_230' title='bbox 1941 2047 2145 2118; x_wconf 89' lang='lat' dir='ltr'><strong>spatio-</strong></span> 
     </span>
    </p>
   </div>
   <div class='ocr_carea' id='block_1_35' title="bbox 558 2136 2140 2201">
    <p class='ocr_par' dir='ltr' id='par_1_35' title="bbox 558 2136 2140 2201">
     <span class='ocr_line' id='line_1_35' title="bbox 558 2136 2140 2201; baseline -0.004 -8"><span class='ocrx_word' id='word_1_231' title='bbox 558 2151 683 2193; x_wconf 81' lang='lat' dir='ltr'><strong>rum</strong></span> <span class='ocrx_word' id='word_1_232' title='bbox 716 2138 910 2194; x_wconf 82' lang='lat' dir='ltr'><strong>orbem</strong></span> <span class='ocrx_word' id='word_1_233' title='bbox 946 2136 1253 2193; x_wconf 81' lang='lat' dir='ltr'><strong>reﬂectitur</strong></span> <span class='ocrx_word' id='word_1_234' title='bbox 1282 2152 1431 2191; x_wconf 91' lang='lat' dir='ltr'><strong>nunc</strong></span> <span class='ocrx_word' id='word_1_235' title='bbox 1471 2136 1819 2201; x_wconf 89' lang='lat' dir='ltr'><strong>decrescens,</strong></span> <span class='ocrx_word' id='word_1_236' title='bbox 1852 2148 2004 2189; x_wconf 88' lang='lat' dir='ltr'><strong>nunc</strong></span> <span class='ocrx_word' id='word_1_237' title='bbox 2038 2148 2140 2187; x_wconf 92' lang='lat' dir='ltr'><strong>au-</strong></span> 
     </span>
    </p>
   </div>
   <div class='ocr_carea' id='block_1_36' title="bbox 556 2224 2141 2305">
    <p class='ocr_par' dir='ltr' id='par_1_36' title="bbox 556 2224 2141 2305">
     <span class='ocr_line' id='line_1_36' title="bbox 556 2224 2141 2305; baseline -0.006 -18"><span class='ocrx_word' id='word_1_238' title='bbox 556 2245 807 2305; x_wconf 86' lang='lat' dir='ltr'><strong>gescens,</strong></span> <span class='ocrx_word' id='word_1_239' title='bbox 841 2237 906 2286; x_wconf 87' lang='lat' dir='ltr'><strong>ut</strong></span> <span class='ocrx_word' id='word_1_240' title='bbox 942 2229 1023 2285; x_wconf 91' lang='lat' dir='ltr'><strong>illi</strong></span> <span class='ocrx_word' id='word_1_241' title='bbox 1051 2229 1372 2285; x_wconf 85' lang='lat' dir='ltr'><strong>fabricatori</strong></span> <span class='ocrx_word' id='word_1_242' title='bbox 1417 2228 1597 2284; x_wconf 82' lang='lat' dir='ltr'><strong>visum</strong></span> <span class='ocrx_word' id='word_1_243' title='bbox 1644 2227 1773 2299; x_wconf 87' lang='lat' dir='ltr'><strong>est),</strong></span> <span class='ocrx_word' id='word_1_244' title='bbox 1817 2232 2038 2283; x_wconf 86' lang='lat' dir='ltr'><strong>cessant</strong></span> <span class='ocrx_word' id='word_1_245' title='bbox 2072 2224 2141 2279; x_wconf 91' lang='lat' dir='ltr'><strong>ab</strong></span> 
     </span>
    </p>
   </div>
   <div class='ocr_carea' id='block_1_37' title="bbox 555 2317 2140 2394">
    <p class='ocr_par' dir='ltr' id='par_1_37' title="bbox 555 2317 2140 2394">
     <span class='ocr_line' id='line_1_37' title="bbox 555 2317 2140 2394; baseline -0.008 -14"><span class='ocrx_word' id='word_1_246' title='bbox 555 2323 706 2381; x_wconf 89' lang='lat' dir='ltr'><strong>omni</strong></span> <span class='ocrx_word' id='word_1_247' title='bbox 729 2336 916 2394; x_wconf 83' lang='lat' dir='ltr'><strong>opere,</strong></span> <span class='ocrx_word' id='word_1_248' title='bbox 938 2320 1312 2392; x_wconf 84' lang='lat' dir='ltr'><strong>profectiones</strong></span> <span class='ocrx_word' id='word_1_249' title='bbox 1332 2319 1500 2375; x_wconf 86' lang='lat' dir='ltr'><strong>etiam</strong></span> <span class='ocrx_word' id='word_1_250' title='bbox 1520 2319 1580 2374; x_wconf 89' lang='lat' dir='ltr'><strong>in</strong></span> <span class='ocrx_word' id='word_1_251' title='bbox 1604 2318 1775 2374; x_wconf 91' lang='lat' dir='ltr'><strong>alium</strong></span> <span class='ocrx_word' id='word_1_252' title='bbox 1799 2317 1948 2372; x_wconf 89' lang='lat' dir='ltr'><strong>diem</strong></span> <span class='ocrx_word' id='word_1_253' title='bbox 1978 2330 2140 2386; x_wconf 88' lang='lat' dir='ltr'><strong>pror-</strong></span> 
     </span>
    </p>
   </div>
   <div class='ocr_carea' id='block_1_38' title="bbox 554 2408 2142 2486">
    <p class='ocr_par' dir='ltr' id='par_1_38' title="bbox 554 2408 2142 2486">
     <span class='ocr_line' id='line_1_38' title="bbox 554 2408 2142 2486; baseline -0.006 -15"><span class='ocrx_word' id='word_1_254' title='bbox 554 2430 651 2472; x_wconf 83' lang='lat' dir='ltr'><strong>sus</strong></span> <span class='ocrx_word' id='word_1_255' title='bbox 672 2414 946 2486; x_wconf 87' lang='lat' dir='ltr'><strong>rejiciunt,</strong></span> <span class='ocrx_word' id='word_1_256' title='bbox 986 2410 1133 2483; x_wconf 92' lang='lat' dir='ltr'><strong>quod</strong></span> <span class='ocrx_word' id='word_1_257' title='bbox 1173 2426 1299 2467; x_wconf 91' lang='lat' dir='ltr'><strong>cum</strong></span> <span class='ocrx_word' id='word_1_258' title='bbox 1324 2425 1391 2466; x_wconf 91' lang='lat' dir='ltr'><strong>eo</strong></span> <span class='ocrx_word' id='word_1_259' title='bbox 1434 2409 1616 2466; x_wconf 88' lang='lat' dir='ltr'><strong>sidere</strong></span> <span class='ocrx_word' id='word_1_260' title='bbox 1641 2408 1875 2465; x_wconf 84' lang='lat' dir='ltr'><strong>deﬁcere</strong></span> <span class='ocrx_word' id='word_1_261' title='bbox 1925 2413 2142 2461; x_wconf 87' lang='lat' dir='ltr'><strong>nostras</strong></span> 
     </span>
    </p>
   </div>
   <div class='ocr_carea' id='block_1_39' title="bbox 553 2495 2138 2567">
    <p class='ocr_par' dir='ltr' id='par_1_39' title="bbox 553 2495 2138 2567">
     <span class='ocr_line' id='line_1_39' title="bbox 553 2495 2138 2567; baseline -0.006 -9"><span class='ocrx_word' id='word_1_262' title='bbox 553 2501 722 2558; x_wconf 88' lang='lat' dir='ltr'><strong>etiam</strong></span> <span class='ocrx_word' id='word_1_263' title='bbox 765 2516 856 2559; x_wconf 89' lang='lat' dir='ltr'><strong>res</strong></span> <span class='ocrx_word' id='word_1_264' title='bbox 875 2499 1232 2567; x_wconf 87' lang='lat' dir='ltr'><strong>arbitrentur,</strong></span> <span class='ocrx_word' id='word_1_265' title='bbox 1263 2508 1320 2556; x_wconf 90' lang='lat' dir='ltr'><strong>et</strong></span> <span class='ocrx_word' id='word_1_266' title='bbox 1348 2514 1473 2555; x_wconf 89' lang='lat' dir='ltr'><strong>cum</strong></span> <span class='ocrx_word' id='word_1_267' title='bbox 1502 2498 1640 2554; x_wconf 90' lang='lat' dir='ltr'><strong>illud</strong></span> <span class='ocrx_word' id='word_1_268' title='bbox 1686 2499 1754 2554; x_wconf 91' lang='lat' dir='ltr'><strong>ad</strong></span> <span class='ocrx_word' id='word_1_269' title='bbox 1794 2495 2138 2552; x_wconf 87' lang='lat' dir='ltr'><strong>imminutio-</strong></span> 
     </span>
    </p>
   </div>
   <div class='ocr_carea' id='block_1_40' title="bbox 551 2591 2134 2665">
    <p class='ocr_par' dir='ltr' id='par_1_40' title="bbox 551 2591 2134 2665">
     <span class='ocr_line' id='line_1_40' title="bbox 551 2591 2134 2665; baseline -0.006 -13"><span class='ocrx_word' id='word_1_270' title='bbox 551 2610 681 2652; x_wconf 73' lang='lat' dir='ltr'><strong>n‘em</strong></span> <span class='ocrx_word' id='word_1_271' title='bbox 709 2594 1133 2661; x_wconf 80' lang='lat' dir='ltr'><strong>redit,bumana</strong></span> <span class='ocrx_word' id='word_1_272' title='bbox 1155 2608 1375 2665; x_wconf 87' lang='lat' dir='ltr'><strong>quoque</strong></span> <span class='ocrx_word' id='word_1_273' title='bbox 1402 2592 1566 2648; x_wconf 89' lang='lat' dir='ltr'><strong>simul</strong></span> <span class='ocrx_word' id='word_1_274' title='bbox 1596 2591 1880 2646; x_wconf 86' lang='lat' dir='ltr'><strong>tabescere</strong></span> <span class='ocrx_word' id='word_1_275' title='bbox 1916 2595 2134 2660; x_wconf 85' lang='lat' dir='ltr'><strong>putent.</strong></span> 
     </span>
    </p>
   </div>
   <div class='ocr_carea' id='block_1_41' title="bbox 554 2680 2139 2758">
    <p class='ocr_par' dir='ltr' id='par_1_41' title="bbox 554 2680 2139 2758">
     <span class='ocr_line' id='line_1_41' title="bbox 554 2680 2139 2758; baseline -0.004 -15"><span class='ocrx_word' id='word_1_276' title='bbox 554 2686 632 2744; x_wconf 78' lang='lat' dir='ltr'><strong>Ac</strong></span> <span class='ocrx_word' id='word_1_277' title='bbox 688 2686 904 2758; x_wconf 77' lang='lat' dir='ltr'><strong>siquid,</strong></span> <span class='ocrx_word' id='word_1_278' title='bbox 948 2686 1183 2741; x_wconf 76' lang='lat' dir='ltr'><strong>illorum</strong></span> <span class='ocrx_word' id='word_1_279' title='bbox 1259 2683 1555 2739; x_wconf 88' lang='lat' dir='ltr'><strong>stultitiam</strong></span> <span class='ocrx_word' id='word_1_280' title='bbox 1603 2680 1910 2745; x_wconf 88' lang='lat' dir='ltr'><strong>irridendo,</strong></span> <span class='ocrx_word' id='word_1_281' title='bbox 1952 2681 2139 2737; x_wconf 89' lang='lat' dir='ltr'><strong>dicere</strong></span> 
     </span>
    </p>
   </div>
   <div class='ocr_carea' id='block_1_42' title="bbox 557 2772 2138 2847">
    <p class='ocr_par' dir='ltr' id='par_1_42' title="bbox 557 2772 2138 2847">
     <span class='ocr_line' id='line_1_42' title="bbox 557 2772 2138 2847; baseline -0.004 -14"><span class='ocrx_word' id='word_1_282' title='bbox 557 2777 640 2834; x_wconf 80' lang='lat' dir='ltr'><strong>fas</strong></span> <span class='ocrx_word' id='word_1_283' title='bbox 672 2785 777 2844; x_wconf 87' lang='lat' dir='ltr'><strong>est,</strong></span> <span class='ocrx_word' id='word_1_284' title='bbox 803 2777 857 2833; x_wconf 92' lang='lat' dir='ltr'><strong>id</strong></span> <span class='ocrx_word' id='word_1_285' title='bbox 882 2783 1118 2847; x_wconf 80' lang='lat' dir='ltr'><strong>pavent,</strong></span> <span class='ocrx_word' id='word_1_286' title='bbox 1158 2774 1309 2846; x_wconf 93' lang='lat' dir='ltr'><strong>quod</strong></span> <span class='ocrx_word' id='word_1_287' title='bbox 1339 2773 1538 2829; x_wconf 88' lang='lat' dir='ltr'><strong>ostreis</strong></span> <span class='ocrx_word' id='word_1_288' title='bbox 1571 2780 1629 2827; x_wconf 89' lang='lat' dir='ltr'><strong>et</strong></span> <span class='ocrx_word' id='word_1_289' title='bbox 1667 2773 1915 2828; x_wconf 88' lang='lat' dir='ltr'><strong>oleribus</strong></span> <span class='ocrx_word' id='word_1_290' title='bbox 1952 2772 2138 2828; x_wconf 70' lang='lat' dir='ltr'><strong>infeli-</strong></span> 
     </span>
    </p>
   </div>
   <div class='ocr_carea' id='block_1_43' title="bbox 555 2863 2140 2941">
    <p class='ocr_par' dir='ltr' id='par_1_43' title="bbox 555 2863 2140 2941">
     <span class='ocr_line' id='line_1_43' title="bbox 555 2863 2140 2941; baseline -0.003 -16"><span class='ocrx_word' id='word_1_291' title='bbox 555 2869 792 2925; x_wconf 88' lang='lat' dir='ltr'><strong>cissimis</strong></span> <span class='ocrx_word' id='word_1_292' title='bbox 819 2865 1458 2941; x_wconf 70' lang='lat' dir='ltr'><strong>est&#39;pertimescendum.</strong></span> <span class='ocrx_word' id='word_1_293' title='bbox 1524 2863 1851 2936; x_wconf 86' lang='lat' dir='ltr'><strong>Hujusmodi</strong></span> <span class='ocrx_word' id='word_1_294' title='bbox 1902 2880 2140 2935; x_wconf 88' lang='lat' dir='ltr'><strong>namque</strong></span> 
     </span>
    </p>
   </div>
   <div class='ocr_carea' id='block_1_44' title="bbox 555 2957 2136 3035">
    <p class='ocr_par' dir='ltr' id='par_1_44' title="bbox 555 2957 2136 3035">
     <span class='ocr_line' id='line_1_44' title="bbox 555 2957 2136 3035; baseline -0.005 -17"><span class='ocrx_word' id='word_1_295' title='bbox 555 2976 788 3035; x_wconf 86' lang='lat' dir='ltr'><strong>corpora</strong></span> <span class='ocrx_word' id='word_1_296' title='bbox 819 2959 1052 3017; x_wconf 79' lang='lat' dir='ltr'><strong>fortasse</strong></span> <span class='ocrx_word' id='word_1_297' title='bbox 1072 2968 1177 3015; x_wconf 84' lang='lat' dir='ltr'><strong>aut</strong></span> <span class='ocrx_word' id='word_1_298' title='bbox 1215 2959 1384 3013; x_wconf 89' lang='lat' dir='ltr'><strong>etiam</strong></span> <span class='ocrx_word' id='word_1_299' title='bbox 1401 2957 1619 3028; x_wconf 83' lang='lat' dir='ltr'><strong>majora</strong></span> <span class='ocrx_word' id='word_1_300' title='bbox 1644 2970 1867 3026; x_wconf 88' lang='lat' dir='ltr'><strong>quoque</strong></span> <span class='ocrx_word' id='word_1_301' title='bbox 1905 2970 1969 3010; x_wconf 89' lang='lat' dir='ltr'><strong>ac</strong></span> <span class='ocrx_word' id='word_1_302' title='bbox 1992 2969 2136 3025; x_wconf 68' lang='lat' dir='ltr'><strong>prae-</strong></span> 
     </span>
    </p>
   </div>
   <div class='ocr_carea' id='block_1_45' title="bbox 551 3045 2138 3120">
    <p class='ocr_par' dir='ltr' id='par_1_45' title="bbox 551 3045 2138 3120">
     <span class='ocr_line' id='line_1_45' title="bbox 551 3045 2138 3120; baseline -0.008 -8"><span class='ocrx_word' id='word_1_303' title='bbox 551 3055 823 3112; x_wconf 79' lang='lat' dir='ltr'><strong>stantiora</strong></span> <span class='ocrx_word' id='word_1_304' title='bbox 849 3053 1092 3109; x_wconf 88' lang='lat' dir='ltr'><strong>sinamus</strong></span> <span class='ocrx_word' id='word_1_305' title='bbox 1110 3059 1324 3106; x_wconf 73' lang='lat' dir='ltr'><strong>natum</strong></span> <span class='ocrx_word' id='word_1_306' title='bbox 1338 3047 1393 3103; x_wconf 91' lang='lat' dir='ltr'><strong>vi</strong></span> <span class='ocrx_word' id='word_1_307' title='bbox 1415 3047 1662 3120; x_wconf 88' lang='lat' dir='ltr'><strong>ejusdem</strong></span> <span class='ocrx_word' id='word_1_308' title='bbox 1679 3045 1986 3103; x_wconf 71' lang='lat' dir='ltr'><strong>affectionis</strong></span> <span class='ocrx_word' id='word_1_309' title='bbox 2010 3060 2138 3102; x_wconf 89' lang='lat' dir='ltr'><strong>sen-</strong></span> 
     </span>
    </p>
   </div>
   <div class='ocr_carea' id='block_1_46' title="bbox 551 3137 2135 3227">
    <p class='ocr_par' dir='ltr' id='par_1_46' title="bbox 551 3137 2135 3227">
     <span class='ocr_line' id='line_1_46' title="bbox 551 3137 2135 3227; baseline -0.008 -24"><span class='ocrx_word' id='word_1_310' title='bbox 551 3146 1013 3220; x_wconf 74' lang='lat' dir='ltr'><strong>sum&#39;percipe‘re,</strong></span> <span class='ocrx_word' id='word_1_311' title='bbox 1044 3158 1110 3200; x_wconf 89' lang='lat' dir='ltr'><strong>ea</strong></span> <span class='ocrx_word' id='word_1_312' title='bbox 1149 3141 1383 3207; x_wconf 88' lang='lat' dir='ltr'><strong>ratione,</strong></span> <span class='ocrx_word' id='word_1_313' title='bbox 1417 3138 1612 3211; x_wconf 81' lang='lat' dir='ltr'><strong>Opiﬁci</strong></span> <span class='ocrx_word' id='word_1_314' title='bbox 1643 3138 1859 3227; x_wconf 68' lang='lat' dir='ltr'><strong>cognita</strong></span> <span class='ocrx_word' id='word_1_315' title='bbox 1882 3156 1896 3192; x_wconf 92' lang='lat'><strong>:</strong></span> <span class='ocrx_word' id='word_1_316' title='bbox 1921 3137 2135 3193; x_wconf 88' lang='lat' dir='ltr'><strong>lubrica</strong></span> 
     </span>
    </p>
   </div>
   <div class='ocr_carea' id='block_1_47' title="bbox 547 3211 2204 3310">
    <p class='ocr_par' dir='ltr' id='par_1_47' title="bbox 547 3211 2204 3310">
     <span class='ocr_line' id='line_1_47' title="bbox 547 3211 2204 3310; baseline -0.011 -13"><span class='ocrx_word' id='word_1_317' title='bbox 547 3211 792 3310; x_wconf 68' lang='lat' dir='ltr'><strong>namque</strong></span> <span class='ocrx_word' id='word_1_318' title='bbox 811 3211 898 3292; x_wconf 67' lang='lat' dir='ltr'><strong>est</strong></span> <span class='ocrx_word' id='word_1_319' title='bbox 919 3234 978 3289; x_wconf 89' lang='lat' dir='ltr'><strong>in</strong></span> <span class='ocrx_word' id='word_1_320' title='bbox 1000 3231 1320 3304; x_wconf 87' lang='lat' dir='ltr'><strong>hujusmodi</strong></span> <span class='ocrx_word' id='word_1_321' title='bbox 1343 3229 1512 3285; x_wconf 88' lang='lat' dir='ltr'><strong>rebus</strong></span> <span class='ocrx_word' id='word_1_322' title='bbox 1553 3211 1860 3298; x_wconf 73' lang='lat' dir='ltr'><strong>inquisitio,</strong></span> <span class='ocrx_word' id='word_1_323' title='bbox 1884 3233 2134 3299; x_wconf 81' lang='lat' dir='ltr'><strong>praestat-</strong></span> <span class='ocrx_word' id='word_1_324' title='bbox 2163 3211 2204 3267; x_wconf 59' lang='grc' dir='ltr'><strong>(Ξ</strong></span> 
     </span>
    </p>
   </div>
   <div class='ocr_carea' id='block_1_48' title="bbox 552 3319 2130 3403">
    <p class='ocr_par' dir='ltr' id='par_1_48' title="bbox 552 3319 2130 3403">
     <span class='ocr_line' id='line_1_48' title="bbox 552 3319 2130 3403; baseline -0.009 -16"><span class='ocrx_word' id='word_1_325' title='bbox 552 3346 663 3403; x_wconf 89' lang='lat' dir='ltr'><strong>que</strong></span> <span class='ocrx_word' id='word_1_326' title='bbox 700 3329 918 3385; x_wconf 83' lang='lat' dir='ltr'><strong>curiose</strong></span> <span class='ocrx_word' id='word_1_327' title='bbox 948 3338 1075 3380; x_wconf 79' lang='lat' dir='ltr'><strong>&#39;non</strong></span> <span class='ocrx_word' id='word_1_328' title='bbox 1132 3321 1445 3393; x_wconf 87' lang='lat' dir='ltr'><strong>inquirere;</strong></span> <span class='ocrx_word' id='word_1_329' title='bbox 1487 3327 1544 3374; x_wconf 90' lang='lat' dir='ltr'><strong>at</strong></span> <span class='ocrx_word' id='word_1_330' title='bbox 1590 3328 1740 3375; x_wconf 87' lang='lat' dir='ltr'><strong>certe</strong></span> <span class='ocrx_word' id='word_1_331' title='bbox 1777 3319 1846 3374; x_wconf 90' lang='lat' dir='ltr'><strong>ab</strong></span> <span class='ocrx_word' id='word_1_332' title='bbox 1889 3319 2130 3375; x_wconf 89' lang='lat' dir='ltr'><strong>humano</strong></span> 
     </span>
    </p>
   </div>
   <div class='ocr_carea' id='block_1_49' title="bbox 548 3411 2129 3483">
    <p class='ocr_par' dir='ltr' id='par_1_49' title="bbox 548 3411 2129 3483">
     <span class='ocr_line' id='line_1_49' title="bbox 548 3411 2129 3483; baseline -0.009 -5"><span class='ocrx_word' id='word_1_333' title='bbox 548 3423 739 3478; x_wconf 76' lang='lat' dir='ltr'><strong>animo</strong></span> <span class='ocrx_word' id='word_1_334' title='bbox 761 3434 826 3474; x_wconf 89' lang='lat' dir='ltr'><strong>ea</strong></span> <span class='ocrx_word' id='word_1_335' title='bbox 872 3432 962 3472; x_wconf 87' lang='lat' dir='ltr'><strong>res</strong></span> <span class='ocrx_word' id='word_1_336' title='bbox 986 3414 1183 3470; x_wconf 81' lang='lat' dir='ltr'><strong>aberit</strong></span> <span class='ocrx_word' id='word_1_337' title='bbox 1224 3429 1289 3468; x_wconf 89' lang='lat' dir='ltr'><strong>ac</strong></span> <span class='ocrx_word' id='word_1_338' title='bbox 1326 3413 1488 3483; x_wconf 86' lang='lat' dir='ltr'><strong>longe</strong></span> <span class='ocrx_word' id='word_1_339' title='bbox 1532 3418 1743 3467; x_wconf 87' lang='lat' dir='ltr'><strong>remota</strong></span> <span class='ocrx_word' id='word_1_340' title='bbox 1795 3411 1924 3466; x_wconf 88' lang='lat' dir='ltr'><strong>erit.</strong></span> <span class='ocrx_word' id='word_1_341' title='bbox 1970 3411 2129 3475; x_wconf 89' lang='lat' dir='ltr'><strong>Nam,</strong></span> 
     </span>
    </p>
   </div>
   <div class='ocr_carea' id='block_1_50' title="bbox 553 3503 2131 3571">
    <p class='ocr_par' dir='ltr' id='par_1_50' title="bbox 553 3503 2131 3571">
     <span class='ocr_line' id='line_1_50' title="bbox 553 3503 2131 3571; baseline -0.007 -4"><span class='ocrx_word' id='word_1_342' title='bbox 553 3510 775 3568; x_wconf 82' lang='lat' dir='ltr'><strong>etiamsi</strong></span> <span class='ocrx_word' id='word_1_343' title='bbox 813 3504 1125 3564; x_wconf 86' lang='lat' dir='ltr'><strong>sidusillud</strong></span> <span class='ocrx_word' id='word_1_344' title='bbox 1148 3504 1433 3560; x_wconf 87' lang='lat' dir='ltr'><strong>decrescat</strong></span> <span class='ocrx_word' id='word_1_345' title='bbox 1457 3503 1619 3569; x_wconf 84' lang='lat' dir='ltr'><strong>forte,</strong></span> <span class='ocrx_word' id='word_1_346' title='bbox 1646 3503 1732 3558; x_wconf 87' lang='lat' dir='ltr'><strong>vir</strong></span> <span class='ocrx_word' id='word_1_347' title='bbox 1753 3510 1901 3558; x_wconf 90' lang='lat' dir='ltr'><strong>certe</strong></span> <span class='ocrx_word' id='word_1_348' title='bbox 1922 3509 2131 3571; x_wconf 91' lang='lat' dir='ltr'><strong>tempe-</strong></span> 
     </span>
    </p>
   </div>
   <div class='ocr_carea' id='block_1_51' title="bbox 554 3593 2130 3669">
    <p class='ocr_par' dir='ltr' id='par_1_51' title="bbox 554 3593 2130 3669">
     <span class='ocr_line' id='line_1_51' title="bbox 554 3593 2130 3669; baseline -0.008 -9"><span class='ocrx_word' id='word_1_349' title='bbox 554 3620 702 3669; x_wconf 89' lang='lat' dir='ltr'><strong>rans,</strong></span> <span class='ocrx_word' id='word_1_350' title='bbox 717 3610 773 3659; x_wconf 92' lang='lat' dir='ltr'><strong>et</strong></span> <span class='ocrx_word' id='word_1_351' title='bbox 798 3600 1117 3657; x_wconf 90' lang='lat' dir='ltr'><strong>moderatus</strong></span> <span class='ocrx_word' id='word_1_352' title='bbox 1172 3595 1532 3653; x_wconf 82' lang='lat' dir='ltr'><strong>nihilominus</strong></span> <span class='ocrx_word' id='word_1_353' title='bbox 1574 3596 1719 3652; x_wconf 92' lang='lat' dir='ltr'><strong>idem</strong></span> <span class='ocrx_word' id='word_1_354' title='bbox 1766 3593 2130 3666; x_wconf 88' lang='lat' dir='ltr'><strong>permanebit,</strong></span> 
     </span>
    </p>
   </div>
   <div class='ocr_carea' id='block_1_52' title="bbox 551 3687 2134 3768">
    <p class='ocr_par' dir='ltr' id='par_1_52' title="bbox 551 3687 2134 3768">
     <span class='ocr_line' id='line_1_52' title="bbox 551 3687 2134 3768; baseline -0.008 -14"><span class='ocrx_word' id='word_1_355' title='bbox 551 3711 734 3768; x_wconf 88' lang='lat' dir='ltr'><strong>neque</strong></span> <span class='ocrx_word' id='word_1_356' title='bbox 775 3693 926 3750; x_wconf 89' lang='lat' dir='ltr'><strong>illius</strong></span> <span class='ocrx_word' id='word_1_357' title='bbox 972 3692 1191 3747; x_wconf 88' lang='lat' dir='ltr'><strong>animus</strong></span> <span class='ocrx_word' id='word_1_358' title='bbox 1233 3706 1342 3744; x_wconf 87' lang='lat' dir='ltr'><strong>una</strong></span> <span class='ocrx_word' id='word_1_359' title='bbox 1384 3705 1510 3745; x_wconf 92' lang='lat' dir='ltr'><strong>cum</strong></span> <span class='ocrx_word' id='word_1_360' title='bbox 1538 3690 1658 3761; x_wconf 86' lang='lat' dir='ltr'><strong>ejus</strong></span> <span class='ocrx_word' id='word_1_361' title='bbox 1682 3687 1884 3744; x_wconf 88' lang='lat' dir='ltr'><strong>sideris</strong></span> <span class='ocrx_word' id='word_1_362' title='bbox 1921 3687 2134 3758; x_wconf 82' lang='lat' dir='ltr'><strong>fulgore</strong></span> 
     </span>
    </p>
   </div>
   <div class='ocr_carea' id='block_1_53' title="bbox 553 3777 2135 3855">
    <p class='ocr_par' dir='ltr' id='par_1_53' title="bbox 553 3777 2135 3855">
     <span class='ocr_line' id='line_1_53' title="bbox 553 3777 2135 3855; baseline -0.008 -10"><span class='ocrx_word' id='word_1_363' title='bbox 553 3788 855 3853; x_wconf 88' lang='lat' dir='ltr'><strong>minuetur,</strong></span> <span class='ocrx_word' id='word_1_364' title='bbox 879 3796 1060 3855; x_wconf 90' lang='lat' dir='ltr'><strong>neque</strong></span> <span class='ocrx_word' id='word_1_365' title='bbox 1105 3783 1351 3853; x_wconf 88' lang='lat' dir='ltr'><strong>ipsarum</strong></span> <span class='ocrx_word' id='word_1_366' title='bbox 1382 3796 1568 3837; x_wconf 87' lang='lat' dir='ltr'><strong>rerum</strong></span> <span class='ocrx_word' id='word_1_367' title='bbox 1600 3788 1800 3847; x_wconf 86' lang='lat' dir='ltr'><strong>natura</strong></span> <span class='ocrx_word' id='word_1_368' title='bbox 1834 3779 1890 3833; x_wconf 89' lang='lat' dir='ltr'><strong>vi</strong></span> <span class='ocrx_word' id='word_1_369' title='bbox 1937 3777 2135 3834; x_wconf 87' lang='lat' dir='ltr'><strong>sideris</strong></span> 
     </span>
    </p>
   </div>
   <div class='ocr_carea' id='block_1_54' title="bbox 553 3869 2137 3946">
    <p class='ocr_par' dir='ltr' id='par_1_54' title="bbox 553 3869 2137 3946">
     <span class='ocr_line' id='line_1_54' title="bbox 553 3869 2137 3946; baseline -0.008 -9"><span class='ocrx_word' id='word_1_370' title='bbox 553 3889 761 3945; x_wconf 88' lang='lat' dir='ltr'><strong>coacta,</strong></span> <span class='ocrx_word' id='word_1_371' title='bbox 784 3878 852 3934; x_wconf 88' lang='lat' dir='ltr'><strong>ad</strong></span> <span class='ocrx_word' id='word_1_372' title='bbox 876 3876 1179 3946; x_wconf 84' lang='lat' dir='ltr'><strong>turpiorem</strong></span> <span class='ocrx_word' id='word_1_373' title='bbox 1223 3873 1578 3929; x_wconf 90' lang='lat' dir='ltr'><strong>melioremve</strong></span> <span class='ocrx_word' id='word_1_374' title='bbox 1604 3880 1830 3929; x_wconf 74' lang='lat' dir='ltr'><strong>,Statum</strong></span> <span class='ocrx_word' id='word_1_375' title='bbox 1865 3869 2137 3940; x_wconf 87' lang='lat' dir='ltr'><strong>demigra-</strong></span> 
     </span>
    </p>
   </div>
   <div class='ocr_carea' id='block_1_55' title="bbox 554 3963 2138 4040">
    <p class='ocr_par' dir='ltr' id='par_1_55' title="bbox 554 3963 2138 4040">
     <span class='ocr_line' id='line_1_55' title="bbox 554 3963 2138 4040; baseline -0.008 -12"><span class='ocrx_word' id='word_1_376' title='bbox 554 3973 656 4028; x_wconf 84' lang='lat' dir='ltr'><strong>bit.</strong></span> <span class='ocrx_word' id='word_1_377' title='bbox 683 3971 914 4040; x_wconf 89' lang='lat' dir='ltr'><strong>Semper</strong></span> <span class='ocrx_word' id='word_1_378' title='bbox 941 3966 1091 4023; x_wconf 89' lang='lat' dir='ltr'><strong>enim</strong></span> <span class='ocrx_word' id='word_1_379' title='bbox 1120 3964 1234 4019; x_wconf 85' lang='lat' dir='ltr'><strong>fere</strong></span> <span class='ocrx_word' id='word_1_380' title='bbox 1258 3979 1375 4027; x_wconf 92' lang='lat' dir='ltr'><strong>eos,</strong></span> <span class='ocrx_word' id='word_1_381' title='bbox 1401 3963 1499 4034; x_wconf 90' lang='lat' dir='ltr'><strong>qui</strong></span> <span class='ocrx_word' id='word_1_382' title='bbox 1520 3964 1813 4034; x_wconf 70' lang='lat' dir='ltr'><strong>prazclaras</strong></span> <span class='ocrx_word' id='word_1_383' title='bbox 1840 3977 1930 4017; x_wconf 90' lang='lat' dir='ltr'><strong>res</strong></span> <span class='ocrx_word' id='word_1_384' title='bbox 1952 3976 2138 4032; x_wconf 84' lang='lat' dir='ltr'><strong>gesse-</strong></span> 
     </span>
    </p>
   </div>
   <div class='ocr_carea' id='block_1_56' title="bbox 553 4052 2137 4128">
    <p class='ocr_par' dir='ltr' id='par_1_56' title="bbox 553 4052 2137 4128">
     <span class='ocr_line' id='line_1_56' title="bbox 553 4052 2137 4128; baseline -0.009 -10"><span class='ocrx_word' id='word_1_385' title='bbox 553 4069 720 4128; x_wconf 85' lang='lat' dir='ltr'><strong>runt,</strong></span> <span class='ocrx_word' id='word_1_386' title='bbox 769 4055 1128 4127; x_wconf 85' lang='lat' dir='ltr'><strong>consequitur</strong></span> <span class='ocrx_word' id='word_1_387' title='bbox 1169 4052 1417 4108; x_wconf 89' lang='lat' dir='ltr'><strong>omnium</strong></span> <span class='ocrx_word' id='word_1_388' title='bbox 1462 4053 1732 4108; x_wconf 86' lang='lat' dir='ltr'><strong>bonorum</strong></span> <span class='ocrx_word' id='word_1_389' title='bbox 1775 4052 2032 4122; x_wconf 89' lang='lat' dir='ltr'><strong>adeptio,</strong></span> <span class='ocrx_word' id='word_1_390' title='bbox 2080 4057 2137 4105; x_wconf 91' lang='lat' dir='ltr'><strong>et</strong></span> 
     </span>
    </p>
   </div>
   <div class='ocr_carea' id='block_1_57' title="bbox 550 4142 2136 4215">
    <p class='ocr_par' dir='ltr' id='par_1_57' title="bbox 550 4142 2136 4215">
     <span class='ocr_line' id='line_1_57' title="bbox 550 4142 2136 4215; baseline -0.009 -4"><span class='ocrx_word' id='word_1_391' title='bbox 550 4163 746 4212; x_wconf 87' lang='lat' dir='ltr'><strong>contra</strong></span> <span class='ocrx_word' id='word_1_392' title='bbox 778 4151 1062 4206; x_wconf 88' lang='lat' dir='ltr'><strong>malorum.</strong></span> <span class='ocrx_word' id='word_1_393' title='bbox 1083 4145 1354 4202; x_wconf 82' lang='lat' dir='ltr'><strong>factorum</strong></span> <span class='ocrx_word' id='word_1_394' title='bbox 1374 4155 1628 4201; x_wconf 88' lang='lat' dir='ltr'><strong>auctores</strong></span> <span class='ocrx_word' id='word_1_395' title='bbox 1646 4144 1870 4215; x_wconf 76' lang='lat' dir='ltr'><strong>praemia</strong></span> <span class='ocrx_word' id='word_1_396' title='bbox 1904 4144 2011 4198; x_wconf 90' lang='lat' dir='ltr'><strong>illis</strong></span> <span class='ocrx_word' id='word_1_397' title='bbox 2050 4142 2136 4197; x_wconf 91' lang='lat' dir='ltr'><strong>di-</strong></span> 
     </span>
    </p>
   </div>
   <div class='ocr_carea' id='block_1_58' title="bbox 550 4235 2137 4320">
    <p class='ocr_par' dir='ltr' id='par_1_58' title="bbox 550 4235 2137 4320">
     <span class='ocr_line' id='line_1_58' title="bbox 550 4235 2137 4320; baseline -0.009 -16"><span class='ocrx_word' id='word_1_398' title='bbox 550 4247 813 4320; x_wconf 86' lang='lat' dir='ltr'><strong>gnissima</strong></span> <span class='ocrx_word' id='word_1_399' title='bbox 879 4240 1232 4298; x_wconf 79' lang='lat' dir='ltr'><strong>comitantur.</strong></span> <span class='ocrx_word' id='word_1_400' title='bbox 1278 4236 1446 4292; x_wconf 83' lang='lat' dir='ltr'><strong>Miror</strong></span> <span class='ocrx_word' id='word_1_401' title='bbox 1489 4244 1695 4302; x_wconf 90' lang='lat' dir='ltr'><strong>autem,</strong></span> <span class='ocrx_word' id='word_1_402' title='bbox 1750 4251 1890 4300; x_wconf 90' lang='lat' dir='ltr'><strong>cur,</strong></span> <span class='ocrx_word' id='word_1_403' title='bbox 1943 4235 2137 4291; x_wconf 88' lang='lat' dir='ltr'><strong>decre-</strong></span> 
     </span>
    </p>
   </div>
   <div class='ocr_carea' id='block_1_59' title="bbox 550 4327 2135 4409">
    <p class='ocr_par' dir='ltr' id='par_1_59' title="bbox 550 4327 2135 4409">
     <span class='ocr_line' id='line_1_59' title="bbox 550 4327 2135 4409; baseline -0.01 -12"><span class='ocrx_word' id='word_1_404' title='bbox 550 4348 738 4398; x_wconf 89' lang='lat' dir='ltr'><strong>scente</strong></span> <span class='ocrx_word' id='word_1_405' title='bbox 762 4334 987 4409; x_wconf 87' lang='lat' dir='ltr'><strong>quidem</strong></span> <span class='ocrx_word' id='word_1_406' title='bbox 1018 4333 1170 4399; x_wconf 91' lang='lat' dir='ltr'><strong>luna,</strong></span> <span class='ocrx_word' id='word_1_407' title='bbox 1199 4341 1255 4389; x_wconf 90' lang='lat' dir='ltr'><strong>et</strong></span> <span class='ocrx_word' id='word_1_408' title='bbox 1280 4332 1348 4387; x_wconf 91' lang='lat' dir='ltr'><strong>ad</strong></span> <span class='ocrx_word' id='word_1_409' title='bbox 1376 4330 1539 4386; x_wconf 83' lang='lat' dir='ltr'><strong>ﬁnem</strong></span> <span class='ocrx_word' id='word_1_410' title='bbox 1562 4329 1766 4384; x_wconf 88' lang='lat' dir='ltr'><strong>mensis</strong></span> <span class='ocrx_word' id='word_1_411' title='bbox 1786 4327 2135 4393; x_wconf 89' lang='lat' dir='ltr'><strong>dccurrente,</strong></span> 
     </span>
    </p>
   </div>
   <div class='ocr_carea' id='block_1_60' title="bbox 551 4422 2135 4491">
    <p class='ocr_par' dir='ltr' id='par_1_60' title="bbox 551 4422 2135 4491">
     <span class='ocr_line' id='line_1_60' title="bbox 551 4422 2135 4491; baseline -0.011 -2"><span class='ocrx_word' id='word_1_412' title='bbox 551 4432 752 4489; x_wconf 86' lang='lat' dir='ltr'><strong>iisdem</strong></span> <span class='ocrx_word' id='word_1_413' title='bbox 784 4424 1130 4491; x_wconf 84' lang='lat' dir='ltr'><strong>hominibus,</strong></span> <span class='ocrx_word' id='word_1_414' title='bbox 1181 4438 1307 4479; x_wconf 90' lang='lat' dir='ltr'><strong>cum</strong></span> <span class='ocrx_word' id='word_1_415' title='bbox 1336 4422 1679 4478; x_wconf 82' lang='lat' dir='ltr'><strong>ieneratores</strong></span> <span class='ocrx_word' id='word_1_416' title='bbox 1705 4422 1837 4484; x_wconf 82' lang='lat' dir='ltr'><strong>sint,</strong></span> <span class='ocrx_word' id='word_1_417' title='bbox 1871 4427 1926 4474; x_wconf 93' lang='lat' dir='ltr'><strong>et</strong></span> <span class='ocrx_word' id='word_1_418' title='bbox 1966 4434 2135 4489; x_wconf 89' lang='lat' dir='ltr'><strong>pecu-</strong></span> 
     </span>
    </p>
   </div>
   <div class='ocr_carea' id='block_1_61' title="bbox 2249 1941 3835 2017">
    <p class='ocr_par' dir='ltr' id='par_1_61' title="bbox 2249 1941 3835 2017">
     <span class='ocr_line' id='line_1_61' title="bbox 2249 1941 3835 2017; baseline 0.003 -23"><span class='ocrx_word' id='word_1_419' title='bbox 2249 1941 2344 1994; x_wconf 79' lang='grc' dir='ltr'>καὶ</span> <span class='ocrx_word' id='word_1_420' title='bbox 2373 1942 2791 2014; x_wconf 85' lang='grc' dir='ltr'>ὑπονοστήσειεν</span> <span class='ocrx_word' id='word_1_421' title='bbox 2828 1943 2922 1996; x_wconf 78' lang='grc' dir='ltr'><strong>ἐπὶ</strong></span> <span class='ocrx_word' id='word_1_422' title='bbox 2949 1943 3011 1998; x_wconf 84' lang='grc' dir='ltr'><strong>τὸ</strong></span> <span class='ocrx_word' id='word_1_423' title='bbox 3058 1946 3208 2014; x_wconf 84' lang='grc' dir='ltr'>μεῖον</span> <span class='ocrx_word' id='word_1_424' title='bbox 3254 1945 3284 1998; x_wconf 86' lang='grc' dir='ltr'><strong>ό</strong></span> <span class='ocrx_word' id='word_1_425' title='bbox 3332 1945 3463 2016; x_wconf 77' lang='grc' dir='ltr'>πρὶν</span> <span class='ocrx_word' id='word_1_426' title='bbox 3515 1945 3835 2017; x_wconf 83' lang='grc' dir='ltr'>πλησιφαὴς</span> 
     </span>
    </p>
   </div>
   <div class='ocr_carea' id='block_1_62' title="bbox 2243 2033 3834 2111">
    <p class='ocr_par' dir='ltr' id='par_1_62' title="bbox 2243 2033 3834 2111">
     <span class='ocr_line' id='line_1_62' title="bbox 2243 2033 3834 2111; baseline 0.004 -24"><span class='ocrx_word' id='word_1_427' title='bbox 2243 2033 2319 2087; x_wconf 84' lang='grc' dir='ltr'>ὣν</span> <span class='ocrx_word' id='word_1_428' title='bbox 2342 2035 2444 2106; x_wconf 81' lang='grc' dir='ltr'><strong>ήδη</strong></span> <span class='ocrx_word' id='word_1_429' title='bbox 2472 2034 2571 2106; x_wconf 83' lang='grc' dir='ltr'>τῆς</span> <span class='ocrx_word' id='word_1_430' title='bbox 2602 2035 2831 2108; x_wconf 80' lang='grc' dir='ltr'>σελήνης</span> <span class='ocrx_word' id='word_1_431' title='bbox 2856 2036 3077 2104; x_wconf 85' lang='grc' dir='ltr'>κύκλος,</span> <span class='ocrx_word' id='word_1_432' title='bbox 3097 2038 3434 2111; x_wconf 85' lang='grc' dir='ltr'>διατορνεύει</span> <span class='ocrx_word' id='word_1_433' title='bbox 3465 2038 3574 2111; x_wconf 83' lang='grc' dir='ltr'>γὰρ</span> <span class='ocrx_word' id='word_1_434' title='bbox 3598 2033 3702 2094; x_wconf 84' lang='grc' dir='ltr'>ὧδε</span> <span class='ocrx_word' id='word_1_435' title='bbox 3721 2040 3834 2094; x_wconf 87' lang='grc' dir='ltr'>τῶν</span> 
     </span>
    </p>
   </div>
   <div class='ocr_carea' id='block_1_63' title="bbox 2247 2128 3832 2202">
    <p class='ocr_par' dir='ltr' id='par_1_63' title="bbox 2247 2128 3832 2202">
     <span class='ocr_line' id='line_1_63' title="bbox 2247 2128 3832 2202; baseline 0 -19"><span class='ocrx_word' id='word_1_436' title='bbox 2247 2130 2513 2201; x_wconf 82' lang='grc' dir='ltr'>μηνιαίων</span> <span class='ocrx_word' id='word_1_437' title='bbox 2548 2129 2934 2199; x_wconf 86' lang='grc' dir='ltr'>διαστημάτων</span> <span class='ocrx_word' id='word_1_438' title='bbox 2968 2128 3031 2183; x_wconf 79' lang='grc' dir='ltr'>τὸ</span> <span class='ocrx_word' id='word_1_439' title='bbox 3066 2130 3435 2202; x_wconf 81' lang='grc' dir='ltr'>ἀνακύκλημα</span> <span class='ocrx_word' id='word_1_440' title='bbox 3474 2130 3739 2200; x_wconf 84' lang='grc' dir='ltr'>φθίνουσά</span> <span class='ocrx_word' id='word_1_441' title='bbox 3771 2146 3832 2183; x_wconf 77' lang='grc' dir='ltr'><strong>τε</strong></span> 
     </span>
    </p>
   </div>
   <div class='ocr_carea' id='block_1_64' title="bbox 2243 2217 3831 2293">
    <p class='ocr_par' dir='ltr' id='par_1_64' title="bbox 2243 2217 3831 2293">
     <span class='ocr_line' id='line_1_64' title="bbox 2243 2217 3831 2293; baseline 0.002 -20"><span class='ocrx_word' id='word_1_442' title='bbox 2243 2220 2338 2273; x_wconf 77' lang='grc' dir='ltr'>καὶ</span> <span class='ocrx_word' id='word_1_443' title='bbox 2362 2217 2601 2284; x_wconf 77' lang='grc' dir='ltr'>αὔξουσα</span> <span class='ocrx_word' id='word_1_444' title='bbox 2634 2218 2779 2272; x_wconf 86' lang='grc' dir='ltr'>κατά</span> <span class='ocrx_word' id='word_1_445' title='bbox 2806 2235 2870 2287; x_wconf 89' lang='grc' dir='ltr'><strong>γε</strong></span> <span class='ocrx_word' id='word_1_446' title='bbox 2899 2218 2962 2272; x_wconf 84' lang='grc' dir='ltr'>τὸ</span> <span class='ocrx_word' id='word_1_447' title='bbox 2989 2220 3383 2293; x_wconf 82' lang='grc' dir='ltr'>τεχνησαμένῳ</span> <span class='ocrx_word' id='word_1_448' title='bbox 3407 2220 3599 2275; x_wconf 79' lang='grc' dir='ltr'>δοκοῦν</span> <span class='ocrx_word' id='word_1_449' title='bbox 3621 2239 3635 2255; x_wconf 69' lang='grc' dir='ltr'><strong><em>θ</em></strong></span> <span class='ocrx_word' id='word_1_450' title='bbox 3660 2239 3831 2276; x_wconf 78' lang='grc' dir='ltr'>κατα-</span> 
     </span>
    </p>
   </div>
   <div class='ocr_carea' id='block_1_65' title="bbox 2241 2310 3830 2385">
    <p class='ocr_par' dir='ltr' id='par_1_65' title="bbox 2241 2310 3830 2385">
     <span class='ocr_line' id='line_1_65' title="bbox 2241 2310 3830 2385; baseline 0.001 -19"><span class='ocrx_word' id='word_1_451' title='bbox 2241 2312 2467 2385; x_wconf 83' lang='grc' dir='ltr'>λήγουσι</span> <span class='ocrx_word' id='word_1_452' title='bbox 2499 2312 2599 2384; x_wconf 81' lang='grc' dir='ltr'>μὲν</span> <span class='ocrx_word' id='word_1_453' title='bbox 2630 2310 2796 2383; x_wconf 79' lang='grc' dir='ltr'>ἔργου</span> <span class='ocrx_word' id='word_1_454' title='bbox 2821 2312 3044 2377; x_wconf 85' lang='grc' dir='ltr'>παντὸς,</span> <span class='ocrx_word' id='word_1_455' title='bbox 3077 2312 3458 2385; x_wconf 85' lang='grc' dir='ltr'>ὐπερτίθενται</span> <span class='ocrx_word' id='word_1_456' title='bbox 3485 2313 3542 2368; x_wconf 81' lang='grc' dir='ltr'>δὲ</span> <span class='ocrx_word' id='word_1_457' title='bbox 3568 2315 3663 2367; x_wconf 73' lang='grc' dir='ltr'><strong>καὶ</strong></span> <span class='ocrx_word' id='word_1_458' title='bbox 3690 2315 3830 2367; x_wconf 84' lang='grc' dir='ltr'>ἀπο-</span> 
     </span>
    </p>
   </div>
   <div class='ocr_carea' id='block_1_66' title="bbox 2239 2404 3831 2476">
    <p class='ocr_par' dir='ltr' id='par_1_66' title="bbox 2239 2404 3831 2476">
     <span class='ocr_line' id='line_1_66' title="bbox 2239 2404 3831 2476; baseline -0.001 -17"><span class='ocrx_word' id='word_1_459' title='bbox 2239 2404 2443 2476; x_wconf 83' lang='grc' dir='ltr'>δημίας</span> <span class='ocrx_word' id='word_1_460' title='bbox 2495 2406 2678 2470; x_wconf 84' lang='grc' dir='ltr'>πάντη</span> <span class='ocrx_word' id='word_1_461' title='bbox 2730 2421 2791 2458; x_wconf 87' lang='grc' dir='ltr'><strong>τε</strong></span> <span class='ocrx_word' id='word_1_462' title='bbox 2846 2404 2940 2458; x_wconf 80' lang='grc' dir='ltr'>καὶ</span> <span class='ocrx_word' id='word_1_463' title='bbox 2985 2404 3206 2468; x_wconf 81' lang='grc' dir='ltr'>πάντως</span> <span class='ocrx_word' id='word_1_464' title='bbox 3237 2404 3559 2475; x_wconf 87' lang='grc' dir='ltr'>συμφθίνειν</span> <span class='ocrx_word' id='word_1_465' title='bbox 3594 2405 3831 2476; x_wconf 80' lang='grc' dir='ltr'>οἰόμενοι</span> 
     </span>
    </p>
   </div>
   <div class='ocr_carea' id='block_1_67' title="bbox 2240 2494 3832 2569">
    <p class='ocr_par' dir='ltr' id='par_1_67' title="bbox 2240 2494 3832 2569">
     <span class='ocr_line' id='line_1_67' title="bbox 2240 2494 3832 2569; baseline -0.003 -17"><span class='ocrx_word' id='word_1_466' title='bbox 2240 2496 2318 2568; x_wconf 83' lang='grc' dir='ltr'>τῷ</span> <span class='ocrx_word' id='word_1_467' title='bbox 2368 2499 2622 2569; x_wconf 85' lang='grc' dir='ltr'>στοιχείῳ</span> <span class='ocrx_word' id='word_1_468' title='bbox 2665 2495 2736 2549; x_wconf 87' lang='grc' dir='ltr'>τὰ</span> <span class='ocrx_word' id='word_1_469' title='bbox 2767 2494 2891 2549; x_wconf 80' lang='grc' dir='ltr'>καθ’</span> <span class='ocrx_word' id='word_1_470' title='bbox 2919 2496 3070 2566; x_wconf 79' lang='grc' dir='ltr'>ἡμᾶς</span> <span class='ocrx_word' id='word_1_471' title='bbox 3093 2536 3109 2561; x_wconf 92' lang='grc'><strong>,</strong></span> <span class='ocrx_word' id='word_1_472' title='bbox 3144 2495 3241 2550; x_wconf 77' lang='grc' dir='ltr'>καὶ</span> <span class='ocrx_word' id='word_1_473' title='bbox 3282 2498 3405 2560; x_wconf 82' lang='grc' dir='ltr'>ταῖς</span> <span class='ocrx_word' id='word_1_474' title='bbox 3434 2497 3517 2561; x_wconf 88' lang='grc' dir='ltr'>εἰς</span> <span class='ocrx_word' id='word_1_475' title='bbox 3565 2496 3629 2549; x_wconf 80' lang='grc' dir='ltr'>τὸ</span> <span class='ocrx_word' id='word_1_476' title='bbox 3675 2498 3832 2566; x_wconf 85' lang='grc' dir='ltr'>μεῖον</span> 
     </span>
    </p>
   </div>
   <div class='ocr_carea' id='block_1_68' title="bbox 2242 2586 3831 2662">
    <p class='ocr_par' dir='ltr' id='par_1_68' title="bbox 2242 2586 3831 2662">
     <span class='ocr_line' id='line_1_68' title="bbox 2242 2586 3831 2662; baseline -0.001 -18"><span class='ocrx_word' id='word_1_477' title='bbox 2242 2591 2612 2662; x_wconf 83' lang='grc' dir='ltr'>ὐποστροφαῖς</span> <span class='ocrx_word' id='word_1_478' title='bbox 2646 2586 3077 2660; x_wconf 84' lang='grc' dir='ltr'>συνεκτήκεσθαι</span> <span class='ocrx_word' id='word_1_479' title='bbox 3103 2586 3176 2641; x_wconf 84' lang='grc' dir='ltr'>τὰ</span> <span class='ocrx_word' id='word_1_480' title='bbox 3208 2587 3556 2660; x_wconf 80' lang='grc' dir='ltr'>ἀνθρώπινα.</span> <span class='ocrx_word' id='word_1_481' title='bbox 3604 2589 3746 2643; x_wconf 81' lang='grc' dir='ltr'>Ἀλλ’</span> <span class='ocrx_word' id='word_1_482' title='bbox 3781 2592 3831 2643; x_wconf 78' lang='grc' dir='ltr'>εἰ</span> 
     </span>
    </p>
   </div>
   <div class='ocr_carea' id='block_1_69' title="bbox 2238 2678 3830 2752">
    <p class='ocr_par' dir='ltr' id='par_1_69' title="bbox 2238 2678 3830 2752">
     <span class='ocr_line' id='line_1_69' title="bbox 2238 2678 3830 2752; baseline 0.001 -19"><span class='ocrx_word' id='word_1_483' title='bbox 2238 2682 2344 2752; x_wconf 86' lang='grc' dir='ltr'><strong>χρή</strong></span> <span class='ocrx_word' id='word_1_484' title='bbox 2376 2698 2429 2734; x_wconf 92' lang='grc' dir='ltr'><strong>τι</strong></span> <span class='ocrx_word' id='word_1_485' title='bbox 2448 2682 2569 2744; x_wconf 88' lang='grc' dir='ltr'>ταῖς</span> <span class='ocrx_word' id='word_1_486' title='bbox 2601 2678 2824 2734; x_wconf 78' lang='grc' dir='ltr'>ἐκείνων</span> <span class='ocrx_word' id='word_1_487' title='bbox 2845 2678 3163 2742; x_wconf 86' lang='grc' dir='ltr'>ἀσυνεσίαις</span> <span class='ocrx_word' id='word_1_488' title='bbox 3186 2679 3607 2751; x_wconf 79' lang='grc' dir='ltr'>ὲπιμειδιῶντας</span> <span class='ocrx_word' id='word_1_489' title='bbox 3630 2684 3830 2746; x_wconf 87' lang='grc' dir='ltr'>είπεῖν,</span> 
     </span>
    </p>
   </div>
   <div class='ocr_carea' id='block_1_70' title="bbox 2238 2770 3832 2844">
    <p class='ocr_par' dir='ltr' id='par_1_70' title="bbox 2238 2770 3832 2844">
     <span class='ocr_line' id='line_1_70' title="bbox 2238 2770 3832 2844; baseline 0.003 -21"><span class='ocrx_word' id='word_1_490' title='bbox 2238 2770 2330 2825; x_wconf 79' lang='grc' dir='ltr'><strong>τὸν</strong></span> <span class='ocrx_word' id='word_1_491' title='bbox 2358 2770 2628 2844; x_wconf 79' lang='grc' dir='ltr'>ὀστρείοις</span> <span class='ocrx_word' id='word_1_492' title='bbox 2659 2770 2949 2841; x_wconf 77' lang='grc' dir='ltr'>πρέποντα</span> <span class='ocrx_word' id='word_1_493' title='bbox 2981 2772 3077 2824; x_wconf 68' lang='grc' dir='ltr'>καὶ</span> <span class='ocrx_word' id='word_1_494' title='bbox 3116 2772 3230 2834; x_wconf 85' lang='grc' dir='ltr'>τοῖς</span> <span class='ocrx_word' id='word_1_495' title='bbox 3263 2771 3374 2824; x_wconf 85' lang='grc' dir='ltr'>τῶν</span> <span class='ocrx_word' id='word_1_496' title='bbox 3417 2771 3668 2843; x_wconf 82' lang='grc' dir='ltr'>λαχάνων</span> <span class='ocrx_word' id='word_1_497' title='bbox 3700 2775 3832 2828; x_wconf 87' lang='grc' dir='ltr'>ἀτυ-</span> 
     </span>
    </p>
   </div>
   <div class='ocr_carea' id='block_1_71' title="bbox 2238 2861 3833 2937">
    <p class='ocr_par' dir='ltr' id='par_1_71' title="bbox 2238 2861 3833 2937">
     <span class='ocr_line' id='line_1_71' title="bbox 2238 2861 3833 2937; baseline 0.004 -23"><span class='ocrx_word' id='word_1_498' title='bbox 2238 2861 2522 2933; x_wconf 88' lang='grc' dir='ltr'>χεστάτοις</span> <span class='ocrx_word' id='word_1_499' title='bbox 2569 2861 2900 2933; x_wconf 77' lang='grc' dir='ltr'>εἰσδέχονται</span> <span class='ocrx_word' id='word_1_500' title='bbox 2942 2861 3127 2932; x_wconf 79' lang='grc' dir='ltr'>φόϐον.</span> <span class='ocrx_word' id='word_1_501' title='bbox 3173 2861 3411 2934; x_wconf 82' lang='grc' dir='ltr'>Σώματα</span> <span class='ocrx_word' id='word_1_502' title='bbox 3462 2863 3563 2934; x_wconf 82' lang='grc' dir='ltr'>μὲν</span> <span class='ocrx_word' id='word_1_503' title='bbox 3608 2863 3719 2937; x_wconf 88' lang='grc' dir='ltr'>γὰρ</span> <span class='ocrx_word' id='word_1_504' title='bbox 3764 2867 3833 2921; x_wconf 79' lang='grc' dir='ltr'>τὰ.</span> 
     </span>
    </p>
   </div>
   <div class='ocr_carea' id='block_1_72' title="bbox 2237 2951 3831 3028">
    <p class='ocr_par' dir='ltr' id='par_1_72' title="bbox 2237 2951 3831 3028">
     <span class='ocr_line' id='line_1_72' title="bbox 2237 2951 3831 3028; baseline 0.001 -20"><span class='ocrx_word' id='word_1_505' title='bbox 2237 2954 2416 3008; x_wconf 83' lang='grc' dir='ltr'>τοιάδε</span> <span class='ocrx_word' id='word_1_506' title='bbox 2432 2951 2594 3025; x_wconf 83' lang='grc' dir='ltr'>τυχὸν</span> <span class='ocrx_word' id='word_1_507' title='bbox 2613 2953 2781 3025; x_wconf 81' lang='grc' dir='ltr'>ήγουν</span> <span class='ocrx_word' id='word_1_508' title='bbox 2798 2952 2866 3007; x_wconf 81' lang='grc' dir='ltr'>τὰ</span> <span class='ocrx_word' id='word_1_509' title='bbox 2886 2952 2966 3007; x_wconf 79' lang='grc' dir='ltr'>ἔτι</span> <span class='ocrx_word' id='word_1_510' title='bbox 2994 2953 3165 3025; x_wconf 78' lang='grc' dir='ltr'>μείζω</span> <span class='ocrx_word' id='word_1_511' title='bbox 3184 2971 3245 3008; x_wconf 89' lang='grc' dir='ltr'><strong>τε</strong></span> <span class='ocrx_word' id='word_1_512' title='bbox 3268 2954 3365 3008; x_wconf 67' lang='grc' dir='ltr'>καὶ</span> <span class='ocrx_word' id='word_1_513' title='bbox 3389 2956 3831 3028; x_wconf 81' lang='grc' dir='ltr'>προφερέστερα,</span> 
     </span>
    </p>
   </div>
   <div class='ocr_carea' id='block_1_73' title="bbox 2238 3041 3840 3117">
    <p class='ocr_par' dir='ltr' id='par_1_73' title="bbox 2238 3041 3840 3117">
     <span class='ocr_line' id='line_1_73' title="bbox 2238 3041 3840 3117; baseline 0.002 -19"><span class='ocrx_word' id='word_1_514' title='bbox 2238 3044 2497 3117; x_wconf 80' lang='grc' dir='ltr'>πασχέτω</span> <span class='ocrx_word' id='word_1_515' title='bbox 2535 3044 2783 3116; x_wconf 83' lang='grc' dir='ltr'>φυσικῶς</span> <span class='ocrx_word' id='word_1_516' title='bbox 2826 3045 2928 3116; x_wconf 82' lang='grc' dir='ltr'>τὴν</span> <span class='ocrx_word' id='word_1_517' title='bbox 2964 3044 3343 3116; x_wconf 85' lang='grc' dir='ltr'>συναίσθησιν,</span> <span class='ocrx_word' id='word_1_518' title='bbox 3378 3045 3504 3100; x_wconf 83' lang='grc' dir='ltr'>καθ’</span> <span class='ocrx_word' id='word_1_519' title='bbox 3538 3045 3598 3099; x_wconf 80' lang='grc' dir='ltr'>ὃν</span> <span class='ocrx_word' id='word_1_520' title='bbox 3627 3041 3771 3100; x_wconf 78' lang='grc' dir='ltr'>οἶδεν</span> <span class='ocrx_word' id='word_1_521' title='bbox 3808 3049 3840 3102; x_wconf 83' lang='grc'>6</span> 
     </span>
    </p>
   </div>
   <div class='ocr_carea' id='block_1_74' title="bbox 2241 3136 3833 3211">
    <p class='ocr_par' dir='ltr' id='par_1_74' title="bbox 2241 3136 3833 3211">
     <span class='ocr_line' id='line_1_74' title="bbox 2241 3136 3833 3211; baseline -0.001 -20"><span class='ocrx_word' id='word_1_522' title='bbox 2241 3138 2584 3211; x_wconf 66' lang='grc' dir='ltr'>Δημιουργύς</span> <span class='ocrx_word' id='word_1_523' title='bbox 2623 3137 2804 3208; x_wconf 84' lang='grc' dir='ltr'>λόγον·</span> <span class='ocrx_word' id='word_1_524' title='bbox 2843 3136 3150 3210; x_wconf 78' lang='grc' dir='ltr'>ἐπισφαλὴς</span> <span class='ocrx_word' id='word_1_525' title='bbox 3183 3136 3292 3207; x_wconf 80' lang='grc' dir='ltr'>γὰρ</span> <span class='ocrx_word' id='word_1_526' title='bbox 3320 3138 3382 3191; x_wconf 74' lang='grc' dir='ltr'>ὲν</span> <span class='ocrx_word' id='word_1_527' title='bbox 3406 3137 3619 3201; x_wconf 83' lang='grc' dir='ltr'>τούτοις</span> <span class='ocrx_word' id='word_1_528' title='bbox 3646 3139 3680 3208; x_wconf 88' lang='grc' dir='ltr'><strong>ή</strong></span> <span class='ocrx_word' id='word_1_529' title='bbox 3728 3139 3833 3209; x_wconf 82' lang='grc' dir='ltr'><strong>βά-</strong></span> 
     </span>
    </p>
   </div>
   <div class='ocr_carea' id='block_1_75' title="bbox 2241 3228 3830 3303">
    <p class='ocr_par' dir='ltr' id='par_1_75' title="bbox 2241 3228 3830 3303">
     <span class='ocr_line' id='line_1_75' title="bbox 2241 3228 3830 3303; baseline 0.001 -21"><span class='ocrx_word' id='word_1_530' title='bbox 2241 3246 2399 3294; x_wconf 87' lang='grc' dir='ltr'>σανος</span> <span class='ocrx_word' id='word_1_531' title='bbox 2422 3270 2437 3295; x_wconf 92' lang='grc'><strong>,</strong></span> <span class='ocrx_word' id='word_1_532' title='bbox 2473 3228 2569 3283; x_wconf 83' lang='grc' dir='ltr'><strong>καὶ</strong></span> <span class='ocrx_word' id='word_1_533' title='bbox 2607 3229 2708 3282; x_wconf 87' lang='grc' dir='ltr'><strong>οὐκ</strong></span> <span class='ocrx_word' id='word_1_534' title='bbox 2742 3228 2973 3301; x_wconf 74' lang='grc' dir='ltr'>ἀκερδὲς</span> <span class='ocrx_word' id='word_1_535' title='bbox 3011 3228 3074 3283; x_wconf 79' lang='grc' dir='ltr'><strong>τὸ</strong></span> <span class='ocrx_word' id='word_1_536' title='bbox 3122 3229 3438 3303; x_wconf 80' lang='grc' dir='ltr'>ἄπραγμον,</span> <span class='ocrx_word' id='word_1_537' title='bbox 3485 3230 3724 3296; x_wconf 87' lang='grc' dir='ltr'>διανοίας</span> <span class='ocrx_word' id='word_1_538' title='bbox 3769 3230 3830 3284; x_wconf 79' lang='grc' dir='ltr'>δὲ</span> 
     </span>
    </p>
   </div>
   <div class='ocr_carea' id='block_1_76' title="bbox 2232 3321 3829 3396">
    <p class='ocr_par' dir='ltr' id='par_1_76' title="bbox 2232 3321 3829 3396">
     <span class='ocr_line' id='line_1_76' title="bbox 2232 3321 3829 3396; baseline -0.001 -21"><span class='ocrx_word' id='word_1_539' title='bbox 2232 3321 2582 3394; x_wconf 75' lang='grc' dir='ltr'>ἀνθρωπίνης</span> <span class='ocrx_word' id='word_1_540' title='bbox 2600 3321 2891 3394; x_wconf 79' lang='grc' dir='ltr'>ἀφεστήξει</span> <span class='ocrx_word' id='word_1_541' title='bbox 2917 3322 3054 3377; x_wconf 87' lang='grc' dir='ltr'><strong>πολύ</strong></span> <span class='ocrx_word' id='word_1_542' title='bbox 3077 3323 3173 3377; x_wconf 78' lang='grc' dir='ltr'>καὶ</span> <span class='ocrx_word' id='word_1_543' title='bbox 3201 3324 3422 3396; x_wconf 88' lang='grc' dir='ltr'>μακράν</span> <span class='ocrx_word' id='word_1_544' title='bbox 3442 3340 3543 3379; x_wconf 89' lang='grc' dir='ltr'><strong>που</strong></span> <span class='ocrx_word' id='word_1_545' title='bbox 3565 3322 3829 3394; x_wconf 65' lang='grc' dir='ltr'>ὡχρῆμα</span> 
     </span>
    </p>
   </div>
   <div class='ocr_carea' id='block_1_77' title="bbox 2233 3415 3838 3490">
    <p class='ocr_par' dir='ltr' id='par_1_77' title="bbox 2233 3415 3838 3490">
     <span class='ocr_line' id='line_1_77' title="bbox 2233 3415 3838 3490; baseline 0.002 -22"><span class='ocrx_word' id='word_1_546' title='bbox 2233 3415 2498 3471; x_wconf 89' lang='grc' dir='ltr'>κείσεται.</span> <span class='ocrx_word' id='word_1_547' title='bbox 2547 3417 2611 3470; x_wconf 75' lang='lat' dir='ltr'><strong>Et</strong></span> <span class='ocrx_word' id='word_1_548' title='bbox 2641 3415 2751 3489; x_wconf 84' lang='grc' dir='ltr'>γὰρ</span> <span class='ocrx_word' id='word_1_549' title='bbox 2782 3416 2878 3471; x_wconf 74' lang='grc' dir='ltr'>καὶ</span> <span class='ocrx_word' id='word_1_550' title='bbox 2903 3416 3080 3486; x_wconf 84' lang='grc' dir='ltr'>φθίνει</span> <span class='ocrx_word' id='word_1_551' title='bbox 3106 3416 3266 3487; x_wconf 79' lang='grc' dir='ltr'>τυχὸν</span> <span class='ocrx_word' id='word_1_552' title='bbox 3299 3417 3360 3470; x_wconf 83' lang='grc' dir='ltr'><strong>τὸ</strong></span> <span class='ocrx_word' id='word_1_553' title='bbox 3390 3419 3673 3490; x_wconf 87' lang='grc' dir='ltr'>στοιχεῖον,</span> <span class='ocrx_word' id='word_1_554' title='bbox 3706 3417 3838 3472; x_wconf 81' lang='grc' dir='ltr'>ἀλλ’</span> 
     </span>
    </p>
   </div>
   <div class='ocr_carea' id='block_1_78' title="bbox 2233 3503 3827 3582">
    <p class='ocr_par' dir='ltr' id='par_1_78' title="bbox 2233 3503 3827 3582">
     <span class='ocr_line' id='line_1_78' title="bbox 2233 3503 3827 3582; baseline 0 -21"><span class='ocrx_word' id='word_1_555' title='bbox 2233 3509 2262 3562; x_wconf 82' lang='grc' dir='ltr'>ὅ</span> <span class='ocrx_word' id='word_1_556' title='bbox 2278 3525 2342 3577; x_wconf 87' lang='grc' dir='ltr'><strong>γε</strong></span> <span class='ocrx_word' id='word_1_557' title='bbox 2369 3507 2601 3581; x_wconf 86' lang='grc' dir='ltr'>σώφρων</span> <span class='ocrx_word' id='word_1_558' title='bbox 2621 3506 2717 3562; x_wconf 74' lang='grc' dir='ltr'><strong>καὶ</strong></span> <span class='ocrx_word' id='word_1_559' title='bbox 2739 3507 2987 3580; x_wconf 79' lang='grc' dir='ltr'>ἐμμελὴς</span> <span class='ocrx_word' id='word_1_560' title='bbox 3001 3507 3152 3562; x_wconf 83' lang='grc' dir='ltr'>οὐδὲν</span> <span class='ocrx_word' id='word_1_561' title='bbox 3177 3503 3343 3582; x_wconf 81' lang='grc' dir='ltr'>ἦττον</span> <span class='ocrx_word' id='word_1_562' title='bbox 3375 3507 3527 3562; x_wconf 75' lang='grc' dir='ltr'>ἔσται</span> <span class='ocrx_word' id='word_1_563' title='bbox 3556 3508 3827 3574; x_wconf 78' lang='grc' dir='ltr'>τοιοῦτος,</span> 
     </span>
    </p>
   </div>
   <div class='ocr_carea' id='block_1_79' title="bbox 2235 3600 3833 3672">
    <p class='ocr_par' dir='ltr' id='par_1_79' title="bbox 2235 3600 3833 3672">
     <span class='ocr_line' id='line_1_79' title="bbox 2235 3600 3833 3672; baseline -0.002 -17"><span class='ocrx_word' id='word_1_564' title='bbox 2235 3602 2328 3655; x_wconf 79' lang='grc' dir='ltr'><strong>καὶ</strong></span> <span class='ocrx_word' id='word_1_565' title='bbox 2349 3600 2451 3655; x_wconf 80' lang='grc' dir='ltr'><strong>οὐκ</strong></span> <span class='ocrx_word' id='word_1_566' title='bbox 2467 3600 2533 3655; x_wconf 82' lang='grc' dir='ltr'>ἂν</span> <span class='ocrx_word' id='word_1_567' title='bbox 2551 3603 2669 3665; x_wconf 85' lang='grc' dir='ltr'>ταῖς</span> <span class='ocrx_word' id='word_1_568' title='bbox 2698 3600 2910 3655; x_wconf 77' lang='grc' dir='ltr'>ἐκείνου</span> <span class='ocrx_word' id='word_1_569' title='bbox 2940 3600 3218 3671; x_wconf 78' lang='grc' dir='ltr'>συνιζήσει</span> <span class='ocrx_word' id='word_1_570' title='bbox 3246 3600 3446 3669; x_wconf 77' lang='grc' dir='ltr'>αὐγαῖς</span> <span class='ocrx_word' id='word_1_571' title='bbox 3467 3600 3561 3654; x_wconf 75' lang='grc' dir='ltr'><strong>ἐπὶ</strong></span> <span class='ocrx_word' id='word_1_572' title='bbox 3588 3600 3649 3655; x_wconf 83' lang='grc' dir='ltr'><strong>τὸ</strong></span> <span class='ocrx_word' id='word_1_573' title='bbox 3673 3602 3833 3672; x_wconf 82' lang='grc' dir='ltr'>μεῖον</span> 
     </span>
    </p>
   </div>
   <div class='ocr_carea' id='block_1_80' title="bbox 2234 3688 3831 3764">
    <p class='ocr_par' dir='ltr' id='par_1_80' title="bbox 2234 3688 3831 3764">
     <span class='ocr_line' id='line_1_80' title="bbox 2234 3688 3831 3764; baseline -0.003 -16"><span class='ocrx_word' id='word_1_574' title='bbox 2234 3695 2264 3748; x_wconf 83' lang='grc' dir='ltr'>ὁ</span> <span class='ocrx_word' id='word_1_575' title='bbox 2291 3692 2435 3759; x_wconf 86' lang='grc' dir='ltr'>νοῦς,</span> <span class='ocrx_word' id='word_1_576' title='bbox 2479 3692 2586 3747; x_wconf 88' lang='grc' dir='ltr'>οὐδ’</span> <span class='ocrx_word' id='word_1_577' title='bbox 2616 3688 2683 3747; x_wconf 77' lang='grc' dir='ltr'><strong>ἂν</strong></span> <span class='ocrx_word' id='word_1_578' title='bbox 2723 3691 3012 3764; x_wconf 87' lang='grc' dir='ltr'>μεταθεῖτο</span> <span class='ocrx_word' id='word_1_579' title='bbox 3051 3692 3159 3746; x_wconf 86' lang='grc' dir='ltr'><strong>τῶν</strong></span> <span class='ocrx_word' id='word_1_580' title='bbox 3207 3692 3551 3763; x_wconf 82' lang='grc' dir='ltr'>πραγμάτων</span> <span class='ocrx_word' id='word_1_581' title='bbox 3583 3693 3618 3763; x_wconf 89' lang='grc' dir='ltr'><strong>ή</strong></span> <span class='ocrx_word' id='word_1_582' title='bbox 3661 3691 3831 3762; x_wconf 87' lang='grc' dir='ltr'>φύσις</span> 
     </span>
    </p>
   </div>
   <div class='ocr_carea' id='block_1_81' title="bbox 2238 3782 3833 3857">
    <p class='ocr_par' dir='ltr' id='par_1_81' title="bbox 2238 3782 3833 3857">
     <span class='ocr_line' id='line_1_81' title="bbox 2238 3782 3833 3857; baseline -0.001 -20"><span class='ocrx_word' id='word_1_583' title='bbox 2238 3784 2334 3839; x_wconf 75' lang='grc' dir='ltr'><strong>ὲπὶ</strong></span> <span class='ocrx_word' id='word_1_584' title='bbox 2358 3785 2420 3839; x_wconf 82' lang='grc' dir='ltr'>τδ</span> <span class='ocrx_word' id='word_1_585' title='bbox 2451 3783 2660 3857; x_wconf 74' lang='grc' dir='ltr'>αἴσχιόν</span> <span class='ocrx_word' id='word_1_586' title='bbox 2696 3801 2757 3837; x_wconf 92' lang='grc' dir='ltr'><strong>τε</strong></span> <span class='ocrx_word' id='word_1_587' title='bbox 2788 3783 2883 3837; x_wconf 72' lang='grc' dir='ltr'><strong>καὶ</strong></span> <span class='ocrx_word' id='word_1_588' title='bbox 2912 3784 3139 3854; x_wconf 80' lang='grc' dir='ltr'>ἄμεινον</span> <span class='ocrx_word' id='word_1_589' title='bbox 3164 3784 3287 3846; x_wconf 88' lang='grc' dir='ltr'>ταῖς</span> <span class='ocrx_word' id='word_1_590' title='bbox 3313 3782 3407 3836; x_wconf 84' lang='grc' dir='ltr'>τοῦ</span> <span class='ocrx_word' id='word_1_591' title='bbox 3434 3783 3705 3855; x_wconf 88' lang='grc' dir='ltr'>στοιχείου</span> <span class='ocrx_word' id='word_1_592' title='bbox 3737 3782 3833 3836; x_wconf 82' lang='grc' dir='ltr'>δυ-</span> 
     </span>
    </p>
   </div>
   <div class='ocr_carea' id='block_1_82' title="bbox 2238 3874 3833 3949">
    <p class='ocr_par' dir='ltr' id='par_1_82' title="bbox 2238 3874 3833 3949">
     <span class='ocr_line' id='line_1_82' title="bbox 2238 3874 3833 3949; baseline -0.001 -18"><span class='ocrx_word' id='word_1_593' title='bbox 2238 3877 2436 3949; x_wconf 88' lang='grc' dir='ltr'>νάμεσι</span> <span class='ocrx_word' id='word_1_594' title='bbox 2472 3875 2994 3949; x_wconf 86' lang='grc' dir='ltr'>κατηναγκασμένη.</span> <span class='ocrx_word' id='word_1_595' title='bbox 3064 3874 3176 3931; x_wconf 79' lang='grc' dir='ltr'><strong>’Δεὶ</strong></span> <span class='ocrx_word' id='word_1_596' title='bbox 3228 3875 3338 3948; x_wconf 87' lang='grc' dir='ltr'><strong>γάρ</strong></span> <span class='ocrx_word' id='word_1_597' title='bbox 3372 3893 3491 3941; x_wconf 85' lang='grc' dir='ltr'><strong>πως</strong></span> <span class='ocrx_word' id='word_1_598' title='bbox 3538 3893 3833 3949; x_wconf 83' lang='grc' dir='ltr'>συμπαρο-</span> 
     </span>
    </p>
   </div>
   <div class='ocr_carea' id='block_1_83' title="bbox 2241 3968 3832 4042">
    <p class='ocr_par' dir='ltr' id='par_1_83' title="bbox 2241 3968 3832 4042">
     <span class='ocr_line' id='line_1_83' title="bbox 2241 3968 3832 4042; baseline -0.001 -18"><span class='ocrx_word' id='word_1_599' title='bbox 2241 3973 2442 4042; x_wconf 88' lang='grc' dir='ltr'>μαρτεῖ</span> <span class='ocrx_word' id='word_1_600' title='bbox 2464 3970 2579 4034; x_wconf 89' lang='grc' dir='ltr'>τοῖς</span> <span class='ocrx_word' id='word_1_601' title='bbox 2621 3970 2718 4040; x_wconf 80' lang='grc' dir='ltr'>μὲν</span> <span class='ocrx_word' id='word_1_602' title='bbox 2747 3968 2857 4023; x_wconf 85' lang='grc' dir='ltr'><strong>τῶν</strong></span> <span class='ocrx_word' id='word_1_603' title='bbox 2881 3968 3121 4041; x_wconf 84' lang='grc' dir='ltr'>ἀρίστων</span> <span class='ocrx_word' id='word_1_604' title='bbox 3152 3969 3507 4041; x_wconf 86' lang='grc' dir='ltr'>δημιουργοῖς</span> <span class='ocrx_word' id='word_1_605' title='bbox 3533 3969 3596 4022; x_wconf 86' lang='grc' dir='ltr'>τὸ</span> <span class='ocrx_word' id='word_1_606' title='bbox 3623 3968 3832 4041; x_wconf 81' lang='grc' dir='ltr'>χρῆναι</span> 
     </span>
    </p>
   </div>
   <div class='ocr_carea' id='block_1_84' title="bbox 2243 4059 3832 4134">
    <p class='ocr_par' dir='ltr' id='par_1_84' title="bbox 2243 4059 3832 4134">
     <span class='ocr_line' id='line_1_84' title="bbox 2243 4059 3832 4134; baseline 0.001 -19"><span class='ocrx_word' id='word_1_607' title='bbox 2243 4061 2570 4133; x_wconf 85' lang='grc' dir='ltr'>μεταλαχεῖν</span> <span class='ocrx_word' id='word_1_608' title='bbox 2596 4061 2798 4124; x_wconf 83' lang='grc' dir='ltr'>παντὸς</span> <span class='ocrx_word' id='word_1_609' title='bbox 2831 4060 3063 4130; x_wconf 84' lang='grc' dir='ltr'>ἀγαθοῦ,</span> <span class='ocrx_word' id='word_1_610' title='bbox 3087 4061 3202 4126; x_wconf 84' lang='grc' dir='ltr'>τοῖς</span> <span class='ocrx_word' id='word_1_611' title='bbox 3238 4078 3301 4131; x_wconf 91' lang='grc' dir='ltr'><strong>γε</strong></span> <span class='ocrx_word' id='word_1_612' title='bbox 3331 4063 3439 4134; x_wconf 82' lang='grc' dir='ltr'><strong>μὴν</strong></span> <span class='ocrx_word' id='word_1_613' title='bbox 3461 4059 3574 4114; x_wconf 85' lang='grc' dir='ltr'><strong>τῶν</strong></span> <span class='ocrx_word' id='word_1_614' title='bbox 3601 4060 3832 4131; x_wconf 85' lang='grc' dir='ltr'>φαύλων</span> 
     </span>
    </p>
   </div>
   <div class='ocr_carea' id='block_1_85' title="bbox 2239 4152 3825 4225">
    <p class='ocr_par' dir='ltr' id='par_1_85' title="bbox 2239 4152 3825 4225">
     <span class='ocr_line' id='line_1_85' title="bbox 2239 4152 3825 4225; baseline 0.001 -18"><span class='ocrx_word' id='word_1_615' title='bbox 2239 4153 2497 4225; x_wconf 77' lang='grc' dir='ltr'>ἐργάταις</span> <span class='ocrx_word' id='word_1_616' title='bbox 2523 4193 2537 4219; x_wconf 94' lang='grc'><strong>,</strong></span> <span class='ocrx_word' id='word_1_617' title='bbox 2579 4153 2648 4206; x_wconf 89' lang='grc' dir='ltr'><strong>τά</strong></span> <span class='ocrx_word' id='word_1_618' title='bbox 2696 4154 2880 4218; x_wconf 80' lang='grc' dir='ltr'>αὐτοῖς</span> <span class='ocrx_word' id='word_1_619' title='bbox 2938 4154 3020 4208; x_wconf 85' lang='grc' dir='ltr'>ὅτι</span> <span class='ocrx_word' id='word_1_620' title='bbox 3059 4153 3295 4225; x_wconf 86' lang='grc' dir='ltr'>μάλιστα</span> <span class='ocrx_word' id='word_1_621' title='bbox 3349 4152 3825 4225; x_wconf 84' lang='grc' dir='ltr'>πρεπωδέστατα.</span> 
     </span>
    </p>
   </div>
   <div class='ocr_carea' id='block_1_86' title="bbox 2240 4244 3829 4319">
    <p class='ocr_par' dir='ltr' id='par_1_86' title="bbox 2240 4244 3829 4319">
     <span class='ocr_line' id='line_1_86' title="bbox 2240 4244 3829 4319; baseline 0.001 -20"><span class='ocrx_word' id='word_1_622' title='bbox 2240 4244 2518 4316; x_wconf 76' lang='grc' dir='ltr'>Θαυμάζω</span> <span class='ocrx_word' id='word_1_623' title='bbox 2547 4246 2605 4299; x_wconf 85' lang='grc' dir='ltr'>δὲ</span> <span class='ocrx_word' id='word_1_624' title='bbox 2642 4246 2723 4300; x_wconf 85' lang='grc' dir='ltr'><strong>ὅτι</strong></span> <span class='ocrx_word' id='word_1_625' title='bbox 2754 4245 3051 4317; x_wconf 86' lang='grc' dir='ltr'>φθινούσης</span> <span class='ocrx_word' id='word_1_626' title='bbox 3082 4245 3314 4319; x_wconf 86' lang='grc' dir='ltr'>σελήνης</span> <span class='ocrx_word' id='word_1_627' title='bbox 3339 4285 3354 4310; x_wconf 87' lang='grc'><strong>,</strong></span> <span class='ocrx_word' id='word_1_628' title='bbox 3393 4247 3490 4301; x_wconf 80' lang='grc' dir='ltr'><strong>καὶ</strong></span> <span class='ocrx_word' id='word_1_629' title='bbox 3530 4247 3613 4311; x_wconf 90' lang='grc' dir='ltr'><strong>είς</strong></span> <span class='ocrx_word' id='word_1_630' title='bbox 3641 4246 3704 4300; x_wconf 84' lang='grc' dir='ltr'>τὸ</span> <span class='ocrx_word' id='word_1_631' title='bbox 3728 4247 3829 4301; x_wconf 75' lang='grc' dir='ltr'>τοῦ</span> 
     </span>
    </p>
   </div>
   <div class='ocr_carea' id='block_1_87' title="bbox 2245 4331 3833 4408">
    <p class='ocr_par' dir='ltr' id='par_1_87' title="bbox 2245 4331 3833 4408">
     <span class='ocr_line' id='line_1_87' title="bbox 2245 4331 3833 4408; baseline 0.001 -20"><span class='ocrx_word' id='word_1_632' title='bbox 2245 4335 2416 4407; x_wconf 85' lang='grc' dir='ltr'>μηνὸς</span> <span class='ocrx_word' id='word_1_633' title='bbox 2440 4336 2771 4408; x_wconf 86' lang='grc' dir='ltr'>διερπούσης</span> <span class='ocrx_word' id='word_1_634' title='bbox 2800 4336 2971 4403; x_wconf 83' lang='grc' dir='ltr'>τέλος,</span> <span class='ocrx_word' id='word_1_635' title='bbox 3008 4337 3276 4408; x_wconf 75' lang='grc' dir='ltr'>χρήσταις</span> <span class='ocrx_word' id='word_1_636' title='bbox 3312 4337 3413 4408; x_wconf 80' lang='grc' dir='ltr'>μὲν</span> <span class='ocrx_word' id='word_1_637' title='bbox 3459 4331 3612 4391; x_wconf 81' lang='grc' dir='ltr'>οὖσιν</span> <span class='ocrx_word' id='word_1_638' title='bbox 3637 4337 3833 4400; x_wconf 79' lang='grc' dir='ltr'>αὐτοῖς</span> 
     </span>
    </p>
   </div>
   <div class='ocr_carea' id='block_1_88' title="bbox 2242 4428 3832 4500">
    <p class='ocr_par' dir='ltr' id='par_1_88' title="bbox 2242 4428 3832 4500">
     <span class='ocr_line' id='line_1_88' title="bbox 2242 4428 3832 4500; baseline 0.001 -19"><span class='ocrx_word' id='word_1_639' title='bbox 2242 4429 2336 4481; x_wconf 72' lang='grc' dir='ltr'><strong>καὶ</strong></span> <span class='ocrx_word' id='word_1_640' title='bbox 2372 4429 2512 4498; x_wconf 80' lang='grc' dir='ltr'>ἄγαν</span> <span class='ocrx_word' id='word_1_641' title='bbox 2556 4428 3026 4500; x_wconf 77' lang='grc' dir='ltr'>ἐρασιχρημάτοις</span> <span class='ocrx_word' id='word_1_642' title='bbox 3066 4429 3391 4494; x_wconf 78' lang='grc' dir='ltr'>αὐξάνουσιν</span> <span class='ocrx_word' id='word_1_643' title='bbox 3418 4430 3467 4483; x_wconf 83' lang='lat' dir='ltr'><strong>ol</strong></span> <span class='ocrx_word' id='word_1_644' title='bbox 3502 4428 3653 4482; x_wconf 85' lang='grc' dir='ltr'>τόκοι</span> <span class='ocrx_word' id='word_1_645' title='bbox 3675 4470 3690 4495; x_wconf 94' lang='grc'><strong>,</strong></span> <span class='ocrx_word' id='word_1_646' title='bbox 3728 4430 3832 4482; x_wconf 70' lang='grc' dir='ltr'><strong>καὶ</strong></span> 
     </span>
    </p>
   </div>
   <div class='ocr_carea' id='block_1_89' title="bbox 549 4510 2139 4614">
    <p class='ocr_par' dir='ltr' id='par_1_89' title="bbox 549 4510 2135 4588">
     <span class='ocr_line' id='line_1_89' title="bbox 549 4510 2135 4588; baseline -0.009 -8"><span class='ocrx_word' id='word_1_647' title='bbox 549 4525 767 4581; x_wconf 82' lang='lat' dir='ltr'><strong>uiarum</strong></span> <span class='ocrx_word' id='word_1_648' title='bbox 796 4533 929 4575; x_wconf 89' lang='lat' dir='ltr'><strong>sane</strong></span> <span class='ocrx_word' id='word_1_649' title='bbox 976 4516 1203 4588; x_wconf 91' lang='lat' dir='ltr'><strong>cupidi,</strong></span> <span class='ocrx_word' id='word_1_650' title='bbox 1248 4523 1536 4571; x_wconf 84' lang='lat' dir='ltr'><strong>accrescat</strong></span> <span class='ocrx_word' id='word_1_651' title='bbox 1590 4510 1788 4577; x_wconf 75' lang='lat' dir='ltr'><strong>(enus,</strong></span> <span class='ocrx_word' id='word_1_652' title='bbox 1832 4518 2135 4581; x_wconf 90' lang='lat' dir='ltr'><strong>contraque</strong></span> 
     </span>
    </p>
   </div>
   <div class='ocr_carea' id='block_1_90' title="bbox 2241 4510 3833 4614">
    <p class='ocr_par' dir='ltr' id='par_1_90' title="bbox 2242 4520 3833 4593">
     <span class='ocr_line' id='line_1_90' title="bbox 2242 4520 3833 4593; baseline -0.001 -19"><span class='ocrx_word' id='word_1_653' title='bbox 2242 4520 2510 4593; x_wconf 86' lang='grc' dir='ltr'>ἀδρότερα</span> <span class='ocrx_word' id='word_1_654' title='bbox 2549 4520 2659 4574; x_wconf 84' lang='grc' dir='ltr'><strong>τῶν</strong></span> <span class='ocrx_word' id='word_1_655' title='bbox 2706 4520 3091 4576; x_wconf 86' lang='grc' dir='ltr'>δεδανεικότων</span> <span class='ocrx_word' id='word_1_656' title='bbox 3130 4522 3477 4577; x_wconf 87' lang='grc' dir='ltr'>ἀποτελεῖται</span> <span class='ocrx_word' id='word_1_657' title='bbox 3523 4521 3595 4575; x_wconf 84' lang='grc' dir='ltr'>τὰ</span> <span class='ocrx_word' id='word_1_658' title='bbox 3623 4521 3833 4593; x_wconf 79' lang='grc' dir='ltr'>βαλάν-</span> 
     </span>
    </p>
   </div>
   <div class='ocr_carea' id='block_1_91' title="bbox 546 4602 2134 4673">
    <p class='ocr_par' dir='ltr' id='par_1_91' title="bbox 546 4602 2134 4673">
     <span class='ocr_line' id='line_1_91' title="bbox 546 4602 2134 4673; baseline -0.009 -1"><span class='ocrx_word' id='word_1_659' title='bbox 546 4624 800 4673; x_wconf 89' lang='lat' dir='ltr'><strong>mutuum</strong></span> <span class='ocrx_word' id='word_1_660' title='bbox 834 4608 1171 4668; x_wconf 89' lang='lat' dir='ltr'><strong>sumentium</strong></span> <span class='ocrx_word' id='word_1_661' title='bbox 1206 4621 1484 4665; x_wconf 67' lang='lat' dir='ltr'><strong>crumena:</strong></span> <span class='ocrx_word' id='word_1_662' title='bbox 1506 4604 1745 4660; x_wconf 89' lang='lat' dir='ltr'><strong>leviores</strong></span> <span class='ocrx_word' id='word_1_663' title='bbox 1778 4602 1943 4669; x_wconf 85' lang='lat' dir='ltr'><strong>ﬁant;</strong></span> <span class='ocrx_word' id='word_1_664' title='bbox 1970 4611 2134 4658; x_wconf 83' lang='lat' dir='ltr'><strong>caete-</strong></span> 
     </span>
    </p>
   </div>
   <div class='ocr_carea' id='block_1_92' title="bbox 545 4694 2133 4779">
    <p class='ocr_par' dir='ltr' id='par_1_92' title="bbox 545 4694 2133 4779">
     <span class='ocr_line' id='line_1_92' title="bbox 545 4694 2133 4779; baseline -0.011 -13"><span class='ocrx_word' id='word_1_665' title='bbox 545 4724 635 4765; x_wconf 87' lang='lat' dir='ltr'><strong>ras</strong></span> <span class='ocrx_word' id='word_1_666' title='bbox 661 4721 825 4779; x_wconf 88' lang='lat' dir='ltr'><strong>porro</strong></span> <span class='ocrx_word' id='word_1_667' title='bbox 854 4720 943 4761; x_wconf 92' lang='lat' dir='ltr'><strong>res</strong></span> <span class='ocrx_word' id='word_1_668' title='bbox 964 4718 1073 4759; x_wconf 92' lang='lat' dir='ltr'><strong>una</strong></span> <span class='ocrx_word' id='word_1_669' title='bbox 1098 4716 1224 4758; x_wconf 91' lang='lat' dir='ltr'><strong>cum</strong></span> <span class='ocrx_word' id='word_1_670' title='bbox 1246 4699 1426 4755; x_wconf 89' lang='lat' dir='ltr'><strong>sidere</strong></span> <span class='ocrx_word' id='word_1_671' title='bbox 1449 4695 1766 4752; x_wconf 88' lang='lat' dir='ltr'><strong>necessario</strong></span> <span class='ocrx_word' id='word_1_672' title='bbox 1791 4694 2133 4759; x_wconf 87' lang='lat' dir='ltr'><strong>decrescere,</strong></span> 
     </span>
    </p>
   </div>
   <div class='ocr_carea' id='block_1_93' title="bbox 545 4783 2133 4860">
    <p class='ocr_par' dir='ltr' id='par_1_93' title="bbox 545 4783 2133 4860">
     <span class='ocr_line' id='line_1_93' title="bbox 545 4783 2133 4860; baseline -0.01 -7"><span class='ocrx_word' id='word_1_673' title='bbox 545 4813 611 4853; x_wconf 91' lang='lat' dir='ltr'><strong>ac</strong></span> <span class='ocrx_word' id='word_1_674' title='bbox 641 4795 805 4852; x_wconf 89' lang='lat' dir='ltr'><strong>simul</strong></span> <span class='ocrx_word' id='word_1_675' title='bbox 829 4793 967 4848; x_wconf 79' lang='lat' dir='ltr'><strong>affici</strong></span> <span class='ocrx_word' id='word_1_676' title='bbox 988 4790 1177 4847; x_wconf 88' lang='lat' dir='ltr'><strong>nescio</strong></span> <span class='ocrx_word' id='word_1_677' title='bbox 1202 4803 1440 4860; x_wconf 90' lang='lat' dir='ltr'><strong>quonam</strong></span> <span class='ocrx_word' id='word_1_678' title='bbox 1474 4786 1637 4842; x_wconf 90' lang='lat' dir='ltr'><strong>modo</strong></span> <span class='ocrx_word' id='word_1_679' title='bbox 1676 4783 2011 4857; x_wconf 89' lang='lat' dir='ltr'><strong>putaverint.</strong></span> <span class='ocrx_word' id='word_1_680' title='bbox 2050 4783 2133 4839; x_wconf 82' lang='lat' dir='ltr'><strong>An</strong></span> 
     </span>
    </p>
   </div>
   <div class='ocr_carea' id='block_1_94' title="bbox 548 4874 1992 4950">
    <p class='ocr_par' dir='ltr' id='par_1_94' title="bbox 548 4874 1992 4950">
     <span class='ocr_line' id='line_1_94' title="bbox 548 4874 1992 4950; baseline -0.01 -6"><span class='ocrx_word' id='word_1_681' title='bbox 548 4889 665 4943; x_wconf 63' lang='lat' dir='ltr'><strong>haec</strong></span> <span class='ocrx_word' id='word_1_682' title='bbox 692 4901 804 4942; x_wconf 90' lang='lat' dir='ltr'><strong>non</strong></span> <span class='ocrx_word' id='word_1_683' title='bbox 828 4885 972 4938; x_wconf 87' lang='lat' dir='ltr'><strong>risus</strong></span> <span class='ocrx_word' id='word_1_684' title='bbox 998 4898 1062 4936; x_wconf 91' lang='lat' dir='ltr'><strong>ac</strong></span> <span class='ocrx_word' id='word_1_685' title='bbox 1086 4879 1334 4935; x_wconf 64' lang='lat' dir='ltr'><strong>stultitiae</strong></span> <span class='ocrx_word' id='word_1_686' title='bbox 1359 4879 1521 4950; x_wconf 90' lang='lat' dir='ltr'><strong>plena</strong></span> <span class='ocrx_word' id='word_1_687' title='bbox 1546 4892 1669 4934; x_wconf 89' lang='lat' dir='ltr'><strong>esse</strong></span> <span class='ocrx_word' id='word_1_688' title='bbox 1706 4874 1943 4931; x_wconf 77' lang='lat' dir='ltr'><strong>allirmas</strong></span> <span class='ocrx_word' id='word_1_689' title='bbox 1968 4875 1992 4928; x_wconf 69' lang='grc' dir='ltr'>’ί</span> 
     </span>
    </p>
   </div>
   <div class='ocr_carea' id='block_1_95' title="bbox 616 4970 1251 5033">
    <p class='ocr_par' dir='ltr' id='par_1_95' title="bbox 616 4970 1251 5033">
     <span class='ocr_line' id='line_1_95' title="bbox 616 4970 1251 5033; baseline -0.017 0"><span class='ocrx_word' id='word_1_690' title='bbox 616 4973 816 5033; x_wconf 84' lang='lat' dir='ltr'><strong>PALL.</strong></span> <span class='ocrx_word' id='word_1_691' title='bbox 842 4970 1078 5028; x_wconf 79' lang='lat' dir='ltr'><strong>Maxime</strong></span> <span class='ocrx_word' id='word_1_692' title='bbox 1101 4983 1251 5023; x_wconf 87' lang='lat' dir='ltr'><strong>vero.</strong></span> 
     </span>
    </p>
   </div>
   <div class='ocr_carea' id='block_1_96' title="bbox 612 5053 2131 5131">
    <p class='ocr_par' dir='ltr' id='par_1_96' title="bbox 612 5053 2131 5131">
     <span class='ocr_line' id='line_1_96' title="bbox 612 5053 2131 5131; baseline -0.011 -7"><span class='ocrx_word' id='word_1_693' title='bbox 612 5066 772 5125; x_wconf 82' lang='lat' dir='ltr'><strong>CYR.</strong></span> <span class='ocrx_word' id='word_1_694' title='bbox 821 5060 928 5119; x_wconf 90' lang='lat' dir='ltr'><strong>Sed</strong></span> <span class='ocrx_word' id='word_1_695' title='bbox 978 5056 1336 5131; x_wconf 86' lang='lat' dir='ltr'><strong>opinionibus</strong></span> <span class='ocrx_word' id='word_1_696' title='bbox 1377 5055 1515 5110; x_wconf 89' lang='lat' dir='ltr'><strong>adeo</strong></span> <span class='ocrx_word' id='word_1_697' title='bbox 1557 5056 1742 5112; x_wconf 85' lang='lat' dir='ltr'><strong>stultis</strong></span> <span class='ocrx_word' id='word_1_698' title='bbox 1770 5055 1910 5112; x_wconf 89' lang='lat' dir='ltr'><strong>velle</strong></span> <span class='ocrx_word' id='word_1_699' title='bbox 1952 5053 2131 5125; x_wconf 76' lang='lat' dir='ltr'><strong>longis</strong></span> 
     </span>
    </p>
   </div>
   <div class='ocr_carea' id='block_1_97' title="bbox 545 5148 2128 5234">
    <p class='ocr_par' dir='ltr' id='par_1_97' title="bbox 545 5148 2128 5234">
     <span class='ocr_line' id='line_1_97' title="bbox 545 5148 2128 5234; baseline -0.01 -15"><span class='ocrx_word' id='word_1_700' title='bbox 545 5154 1015 5234; x_wconf 84' lang='lat' dir='ltr'><strong>disputationibus</strong></span> <span class='ocrx_word' id='word_1_701' title='bbox 1036 5162 1367 5222; x_wconf 89' lang='lat' dir='ltr'><strong>repugnare,</strong></span> <span class='ocrx_word' id='word_1_702' title='bbox 1394 5162 1595 5202; x_wconf 88' lang='lat' dir='ltr'><strong>vanum</strong></span> <span class='ocrx_word' id='word_1_703' title='bbox 1622 5156 1728 5213; x_wconf 87' lang='lat' dir='ltr'><strong>est,</strong></span> <span class='ocrx_word' id='word_1_704' title='bbox 1751 5164 1871 5203; x_wconf 88' lang='lat' dir='ltr'><strong>mea</strong></span> <span class='ocrx_word' id='word_1_705' title='bbox 1904 5148 2128 5220; x_wconf 88' lang='lat' dir='ltr'><strong>quidem</strong></span> 
     </span>
    </p>
   </div>
   <div class='ocr_carea' id='block_1_98' title="bbox 545 5239 2126 5310">
    <p class='ocr_par' dir='ltr' id='par_1_98' title="bbox 545 5239 2126 5310">
     <span class='ocr_line' id='line_1_98' title="bbox 545 5239 2126 5310; baseline -0.009 0"><span class='ocrx_word' id='word_1_706' title='bbox 545 5251 816 5310; x_wconf 85' lang='lat' dir='ltr'><strong>sententia</strong></span> <span class='ocrx_word' id='word_1_707' title='bbox 840 5267 852 5302; x_wconf 90' lang='lat'><strong>:</strong></span> <span class='ocrx_word' id='word_1_708' title='bbox 868 5253 999 5303; x_wconf 90' lang='lat' dir='ltr'><strong>sunt</strong></span> <span class='ocrx_word' id='word_1_709' title='bbox 1011 5242 1159 5300; x_wconf 88' lang='lat' dir='ltr'><strong>enim</strong></span> <span class='ocrx_word' id='word_1_710' title='bbox 1181 5255 1280 5296; x_wconf 88' lang='lat' dir='ltr'><strong>sua</strong></span> <span class='ocrx_word' id='word_1_711' title='bbox 1291 5244 1508 5310; x_wconf 88' lang='lat' dir='ltr'><strong>sponte,</strong></span> <span class='ocrx_word' id='word_1_712' title='bbox 1533 5239 1698 5293; x_wconf 88' lang='lat' dir='ltr'><strong>etiam</strong></span> <span class='ocrx_word' id='word_1_713' title='bbox 1721 5240 1872 5294; x_wconf 92' lang='lat' dir='ltr'><strong>nullo</strong></span> <span class='ocrx_word' id='word_1_714' title='bbox 1886 5239 2126 5305; x_wconf 83' lang='lat' dir='ltr'><strong>dicente,</strong></span> 
     </span>
    </p>
   </div>
   <div class='ocr_carea' id='block_1_99' title="bbox 498 5329 1755 5419">
    <p class='ocr_par' dir='ltr' id='par_1_99' title="bbox 498 5329 1755 5419">
     <span class='ocr_line' id='line_1_99' title="bbox 498 5329 1755 5419; baseline -0.011 -18"><span class='ocrx_word' id='word_1_715' title='bbox 498 5414 509 5419; x_wconf 28' lang='grc' dir='ltr'><em>ι</em></span> <span class='ocrx_word' id='word_1_716' title='bbox 548 5334 752 5415; x_wconf 82' lang='lat' dir='ltr'><strong>turpes.</strong></span> <span class='ocrx_word' id='word_1_717' title='bbox 777 5342 1079 5412; x_wconf 88' lang='lat' dir='ltr'><strong>Pergamus</strong></span> <span class='ocrx_word' id='word_1_718' title='bbox 1100 5349 1250 5390; x_wconf 92' lang='lat' dir='ltr'><strong>nunc</strong></span> <span class='ocrx_word' id='word_1_719' title='bbox 1276 5330 1345 5387; x_wconf 89' lang='lat' dir='ltr'><strong>ad</strong></span> <span class='ocrx_word' id='word_1_720' title='bbox 1378 5329 1514 5385; x_wconf 90' lang='lat' dir='ltr'><strong>illud</strong></span> <span class='ocrx_word' id='word_1_721' title='bbox 1554 5330 1755 5401; x_wconf 90' lang='lat' dir='ltr'><strong>potius.</strong></span> 
     </span>
    </p>
   </div>
   <div class='ocr_carea' id='block_1_100' title="bbox 615 5423 1346 5497">
    <p class='ocr_par' dir='ltr' id='par_1_100' title="bbox 615 5423 1346 5497">
     <span class='ocr_line' id='line_1_100' title="bbox 615 5423 1346 5497; baseline -0.015 -9"><span class='ocrx_word' id='word_1_722' title='bbox 615 5432 812 5489; x_wconf 78' lang='lat' dir='ltr'><strong>PALL.</strong></span> <span class='ocrx_word' id='word_1_723' title='bbox 837 5428 1145 5497; x_wconf 84' lang='lat' dir='ltr'><strong>Quodnam,</strong></span> <span class='ocrx_word' id='word_1_724' title='bbox 1173 5423 1346 5497; x_wconf 86' lang='lat' dir='ltr'><strong>rogo?</strong></span> 
     </span>
    </p>
   </div>
   <div class='ocr_carea' id='block_1_101' title="bbox 616 5510 2129 5584">
    <p class='ocr_par' dir='ltr' id='par_1_101' title="bbox 616 5510 2129 5584">
     <span class='ocr_line' id='line_1_101' title="bbox 616 5510 2129 5584; baseline -0.009 -2"><span class='ocrx_word' id='word_1_725' title='bbox 616 5525 774 5582; x_wconf 78' lang='lat' dir='ltr'><strong>CYR.</strong></span> <span class='ocrx_word' id='word_1_726' title='bbox 808 5517 1130 5579; x_wconf 79' lang='lat' dir='ltr'><strong>Abominari</strong></span> <span class='ocrx_word' id='word_1_727' title='bbox 1170 5516 1308 5571; x_wconf 89' lang='lat' dir='ltr'><strong>mihi</strong></span> <span class='ocrx_word' id='word_1_728' title='bbox 1353 5514 1585 5571; x_wconf 84' lang='lat' dir='ltr'><strong>Satanas</strong></span> <span class='ocrx_word' id='word_1_729' title='bbox 1612 5510 1833 5567; x_wconf 83' lang='lat' dir='ltr'><strong>videtur</strong></span> <span class='ocrx_word' id='word_1_730' title='bbox 1875 5520 1933 5568; x_wconf 86' lang='lat' dir='ltr'><strong>et</strong></span> <span class='ocrx_word' id='word_1_731' title='bbox 1966 5514 2129 5584; x_wconf 89' lang='lat' dir='ltr'><strong>quin-</strong></span> 
     </span>
    </p>
   </div>
   <div class='ocr_carea' id='block_1_102' title="bbox 547 5606 2131 5679">
    <p class='ocr_par' dir='ltr' id='par_1_102' title="bbox 547 5606 2131 5679">
     <span class='ocr_line' id='line_1_102' title="bbox 547 5606 2131 5679; baseline -0.008 -4"><span class='ocrx_word' id='word_1_732' title='bbox 547 5628 664 5675; x_wconf 90' lang='lat' dir='ltr'><strong>tum</strong></span> <span class='ocrx_word' id='word_1_733' title='bbox 693 5626 750 5673; x_wconf 90' lang='lat' dir='ltr'><strong>et</strong></span> <span class='ocrx_word' id='word_1_734' title='bbox 776 5624 1029 5672; x_wconf 86' lang='lat' dir='ltr'><strong>octavum</strong></span> <span class='ocrx_word' id='word_1_735' title='bbox 1075 5610 1254 5676; x_wconf 87' lang='lat' dir='ltr'><strong>diem,</strong></span> <span class='ocrx_word' id='word_1_736' title='bbox 1293 5616 1351 5664; x_wconf 91' lang='lat' dir='ltr'><strong>et</strong></span> <span class='ocrx_word' id='word_1_737' title='bbox 1394 5606 1548 5662; x_wconf 91' lang='lat' dir='ltr'><strong>illum</strong></span> <span class='ocrx_word' id='word_1_738' title='bbox 1589 5621 1657 5663; x_wconf 76' lang='lat' dir='ltr'><strong>ex</strong></span> <span class='ocrx_word' id='word_1_739' title='bbox 1701 5606 1865 5679; x_wconf 81' lang='lat' dir='ltr'><strong>pleno</strong></span> <span class='ocrx_word' id='word_1_740' title='bbox 1923 5606 2131 5662; x_wconf 88' lang='lat' dir='ltr'><strong>lumine</strong></span> 
     </span>
    </p>
   </div>
   <div class='ocr_carea' id='block_1_103' title="bbox 546 5708 2126 5781">
    <p class='ocr_par' dir='ltr' id='par_1_103' title="bbox 546 5708 2126 5781">
     <span class='ocr_line' id='line_1_103' title="bbox 546 5708 2126 5781; baseline -0.004 -13"><span class='ocrx_word' id='word_1_741' title='bbox 546 5711 691 5768; x_wconf 66' lang='lat' dir='ltr'><strong>luna:</strong></span> <span class='ocrx_word' id='word_1_742' title='bbox 725 5723 1038 5774; x_wconf 89' lang='lat' dir='ltr'><strong>recessum,</strong></span> <span class='ocrx_word' id='word_1_743' title='bbox 1079 5709 1164 5763; x_wconf 90' lang='lat' dir='ltr'><strong>vel</strong></span> <span class='ocrx_word' id='word_1_744' title='bbox 1201 5709 1604 5781; x_wconf 70' lang='lat' dir='ltr'><strong>conjunctionis</strong></span> <span class='ocrx_word' id='word_1_745' title='bbox 1645 5717 1883 5780; x_wconf 87' lang='lat' dir='ltr'><strong>tempus,</strong></span> <span class='ocrx_word' id='word_1_746' title='bbox 1925 5708 1980 5764; x_wconf 83' lang='lat' dir='ltr'><strong>id</strong></span> <span class='ocrx_word' id='word_1_747' title='bbox 2020 5716 2126 5775; x_wconf 90' lang='lat' dir='ltr'><strong>est,</strong></span> 
     </span>
    </p>
   </div>
   <div class='ocr_carea' id='block_1_104' title="bbox 618 5825 1272 5915">
    <p class='ocr_par' dir='ltr' id='par_1_104' title="bbox 618 5825 1272 5915">
     <span class='ocr_line' id='line_1_104' title="bbox 618 5825 1272 5915; baseline -0.011 -28"><span class='ocrx_word' id='word_1_748' title='bbox 618 5830 699 5906; x_wconf 76' lang='lat' dir='ltr'><strong>(l)</strong></span> <span class='ocrx_word' id='word_1_749' title='bbox 727 5826 863 5887; x_wconf 86' lang='lat' dir='ltr'><strong>Cod.</strong></span> <span class='ocrx_word' id='word_1_750' title='bbox 895 5825 1098 5915; x_wconf 80' lang='lat' dir='ltr'><strong>\&#39;atic.,</strong></span> <span class='ocrx_word' id='word_1_751' title='bbox 1133 5826 1272 5881; x_wconf 75' lang='grc' dir='ltr'>ὁδοῦ.</span> 
     </span>
    </p>
   </div>
   <div class='ocr_carea' id='block_1_105' title="bbox 2244 4610 3832 4689">
    <p class='ocr_par' dir='ltr' id='par_1_105' title="bbox 2244 4610 3832 4689">
     <span class='ocr_line' id='line_1_105' title="bbox 2244 4610 3832 4689; baseline 0 -21"><span class='ocrx_word' id='word_1_752' title='bbox 2244 4632 2336 4668; x_wconf 89' lang='grc' dir='ltr'><strong>τια</strong></span> <span class='ocrx_word' id='word_1_753' title='bbox 2352 4655 2366 4681; x_wconf 93' lang='grc'><strong>,</strong></span> <span class='ocrx_word' id='word_1_754' title='bbox 2409 4614 2942 4686; x_wconf 77' lang='grc' dir='ltr'>συγκατισχνοῢσθαι</span> <span class='ocrx_word' id='word_1_755' title='bbox 2966 4610 3024 4668; x_wconf 75' lang='grc' dir='ltr'>δὲ</span> <span class='ocrx_word' id='word_1_756' title='bbox 3048 4614 3125 4687; x_wconf 80' lang='grc' dir='ltr'><strong>τῷ</strong></span> <span class='ocrx_word' id='word_1_757' title='bbox 3152 4616 3403 4689; x_wconf 88' lang='grc' dir='ltr'>στοιχείῳ</span> <span class='ocrx_word' id='word_1_758' title='bbox 3427 4616 3522 4671; x_wconf 77' lang='grc' dir='ltr'>καὶ</span> <span class='ocrx_word' id='word_1_759' title='bbox 3547 4617 3832 4687; x_wconf 79' lang='grc' dir='ltr'>συναρρω-</span> 
     </span>
    </p>
   </div>
   <div class='ocr_carea' id='block_1_106' title="bbox 2245 4702 3831 4779">
    <p class='ocr_par' dir='ltr' id='par_1_106' title="bbox 2245 4702 3831 4779">
     <span class='ocr_line' id='line_1_106' title="bbox 2245 4702 3831 4779; baseline 0.001 -22"><span class='ocrx_word' id='word_1_760' title='bbox 2245 4706 2391 4758; x_wconf 84' lang='grc' dir='ltr'>στεῐν</span> <span class='ocrx_word' id='word_1_761' title='bbox 2424 4704 2741 4773; x_wconf 88' lang='grc' dir='ltr'>ἀναγκαίως</span> <span class='ocrx_word' id='word_1_762' title='bbox 2765 4703 2835 4758; x_wconf 85' lang='grc' dir='ltr'><strong>τά</strong></span> <span class='ocrx_word' id='word_1_763' title='bbox 2860 4704 3027 4776; x_wconf 73' lang='grc' dir='ltr'>ἔτερα</span> <span class='ocrx_word' id='word_1_764' title='bbox 3054 4705 3163 4760; x_wconf 82' lang='grc' dir='ltr'><strong>τῶν</strong></span> <span class='ocrx_word' id='word_1_765' title='bbox 3195 4705 3561 4779; x_wconf 84' lang='grc' dir='ltr'>πραγμάτων,</span> <span class='ocrx_word' id='word_1_766' title='bbox 3588 4706 3689 4761; x_wconf 78' lang='grc' dir='ltr'><strong>οὐκ</strong></span> <span class='ocrx_word' id='word_1_767' title='bbox 3725 4702 3831 4759; x_wconf 80' lang='grc' dir='ltr'>οἷδ’</span> 
     </span>
    </p>
   </div>
   <div class='ocr_carea' id='block_1_107' title="bbox 2241 4792 3842 4870">
    <p class='ocr_par' dir='ltr' id='par_1_107' title="bbox 2241 4792 3842 4870">
     <span class='ocr_line' id='line_1_107' title="bbox 2241 4792 3842 4870; baseline 0.002 -20"><span class='ocrx_word' id='word_1_768' title='bbox 2241 4797 2390 4859; x_wconf 81' lang='grc' dir='ltr'>ὅπως</span> <span class='ocrx_word' id='word_1_769' title='bbox 2416 4794 2803 4867; x_wconf 82' lang='grc' dir='ltr'>ὑπειλήφασιν.</span> <span class='ocrx_word' id='word_1_770' title='bbox 2832 4797 2903 4849; x_wconf 88' lang='grc' dir='ltr'>Ἣ</span> <span class='ocrx_word' id='word_1_771' title='bbox 2935 4796 3036 4850; x_wconf 86' lang='grc' dir='ltr'><strong>οὐκ</strong></span> <span class='ocrx_word' id='word_1_772' title='bbox 3075 4792 3214 4852; x_wconf 74' lang='grc' dir='ltr'>εἶναι</span> <span class='ocrx_word' id='word_1_773' title='bbox 3252 4799 3360 4870; x_wconf 82' lang='grc' dir='ltr'><strong>φής</strong></span> <span class='ocrx_word' id='word_1_774' title='bbox 3396 4797 3737 4868; x_wconf 80' lang='grc' dir='ltr'>γελοιότητός</span> <span class='ocrx_word' id='word_1_775' title='bbox 3769 4815 3842 4853; x_wconf 81' lang='grc' dir='ltr'><strong>τε</strong></span> 
     </span>
    </p>
   </div>
   <div class='ocr_carea' id='block_1_108' title="bbox 2242 4874 3141 4959">
    <p class='ocr_par' dir='ltr' id='par_1_108' title="bbox 2242 4874 3141 4959">
     <span class='ocr_line' id='line_1_108' title="bbox 2242 4874 3141 4959; baseline 0.002 -19"><span class='ocrx_word' id='word_1_776' title='bbox 2242 4889 2335 4940; x_wconf 56' lang='grc' dir='ltr'><strong>καὶ⁵</strong></span> <span class='ocrx_word' id='word_1_777' title='bbox 2366 4874 2673 4951; x_wconf 60' lang='grc' dir='ltr'>ἀσυνεσίας</span> <span class='ocrx_word' id='word_1_778' title='bbox 2697 4887 2919 4959; x_wconf 76' lang='grc' dir='ltr'>ἐμπλεω</span> <span class='ocrx_word' id='word_1_779' title='bbox 2945 4888 3103 4942; x_wconf 88' lang='grc' dir='ltr'>ταυτί</span> <span class='ocrx_word' id='word_1_780' title='bbox 3126 4907 3141 4954; x_wconf 88' lang='lat'><strong>;</strong></span> 
     </span>
    </p>
   </div>
   <div class='ocr_carea' id='block_1_109' title="bbox 2309 4976 2978 5051">
    <p class='ocr_par' dir='ltr' id='par_1_109' title="bbox 2309 4976 2978 5051">
     <span class='ocr_line' id='line_1_109' title="bbox 2309 4976 2978 5051; baseline 0.004 -20"><span class='ocrx_word' id='word_1_781' title='bbox 2309 4979 2517 5033; x_wconf 80' lang='grc' dir='ltr'><strong>ΠΑΛΛ.</strong></span> <span class='ocrx_word' id='word_1_782' title='bbox 2555 4980 2705 5035; x_wconf 86' lang='grc' dir='ltr'>Πάνυ</span> <span class='ocrx_word' id='word_1_783' title='bbox 2734 4980 2833 5051; x_wconf 81' lang='grc' dir='ltr'><strong>μὲν</strong></span> <span class='ocrx_word' id='word_1_784' title='bbox 2867 4976 2978 5035; x_wconf 73' lang='grc' dir='ltr'>οὖν.</span> 
     </span>
    </p>
   </div>
   <div class='ocr_carea' id='block_1_110' title="bbox 2309 5068 3829 5147">
    <p class='ocr_par' dir='ltr' id='par_1_110' title="bbox 2309 5068 3829 5147">
     <span class='ocr_line' id='line_1_110' title="bbox 2309 5068 3829 5147; baseline 0.003 -24"><span class='ocrx_word' id='word_1_785' title='bbox 2309 5068 2473 5125; x_wconf 84' lang='grc' dir='ltr'><strong>ΚΥΡ.</strong></span> <span class='ocrx_word' id='word_1_786' title='bbox 2498 5070 2573 5124; x_wconf 88' lang='grc' dir='ltr'><strong>Τὸ</strong></span> <span class='ocrx_word' id='word_1_787' title='bbox 2605 5070 2704 5141; x_wconf 81' lang='grc' dir='ltr'><strong>μὲν</strong></span> <span class='ocrx_word' id='word_1_788' title='bbox 2732 5073 2845 5135; x_wconf 87' lang='grc' dir='ltr'>τοῖς</span> <span class='ocrx_word' id='word_1_789' title='bbox 2873 5071 3048 5136; x_wconf 75' lang='grc' dir='ltr'>οὕτως</span> <span class='ocrx_word' id='word_1_790' title='bbox 3070 5072 3366 5145; x_wconf 85' lang='grc' dir='ltr'>φληνάφως</span> <span class='ocrx_word' id='word_1_791' title='bbox 3386 5074 3829 5147; x_wconf 80' lang='grc' dir='ltr'>ὑπειλημμένοις</span> 
     </span>
    </p>
   </div>
   <div class='ocr_carea' id='block_1_111' title="bbox 2240 5160 3836 5237">
    <p class='ocr_par' dir='ltr' id='par_1_111' title="bbox 2240 5160 3836 5237">
     <span class='ocr_line' id='line_1_111' title="bbox 2240 5160 3836 5237; baseline 0.002 -20"><span class='ocrx_word' id='word_1_792' title='bbox 2240 5163 2484 5235; x_wconf 83' lang='grc' dir='ltr'>μακροὺς</span> <span class='ocrx_word' id='word_1_793' title='bbox 2502 5163 2821 5234; x_wconf 83' lang='grc' dir='ltr'>ἀντεξάγειν</span> <span class='ocrx_word' id='word_1_794' title='bbox 2846 5163 3060 5235; x_wconf 85' lang='grc' dir='ltr'>λόγους,</span> <span class='ocrx_word' id='word_1_795' title='bbox 3096 5166 3305 5220; x_wconf 82' lang='grc' dir='ltr'>είκαῖον</span> <span class='ocrx_word' id='word_1_796' title='bbox 3332 5160 3489 5237; x_wconf 72' lang='grc' dir='ltr'>οἶμαί</span> <span class='ocrx_word' id='word_1_797' title='bbox 3509 5183 3632 5220; x_wconf 88' lang='grc' dir='ltr'>που.</span> <span class='ocrx_word' id='word_1_798' title='bbox 3657 5167 3836 5220; x_wconf 82' lang='grc' dir='ltr'>Νοσεῖ</span> 
     </span>
    </p>
   </div>
   <div class='ocr_carea' id='block_1_112' title="bbox 2237 5254 3830 5330">
    <p class='ocr_par' dir='ltr' id='par_1_112' title="bbox 2237 5254 3830 5330">
     <span class='ocr_line' id='line_1_112' title="bbox 2237 5254 3830 5330; baseline 0.003 -21"><span class='ocrx_word' id='word_1_799' title='bbox 2237 5255 2344 5328; x_wconf 81' lang='grc' dir='ltr'>γὰρ</span> <span class='ocrx_word' id='word_1_800' title='bbox 2382 5254 2443 5322; x_wconf 80' lang='grc' dir='ltr'><strong>ἐξ</strong></span> <span class='ocrx_word' id='word_1_801' title='bbox 2488 5254 2718 5324; x_wconf 77' lang='grc' dir='ltr'>ἑαυτῶν,</span> <span class='ocrx_word' id='word_1_802' title='bbox 2767 5255 2870 5311; x_wconf 81' lang='grc' dir='ltr'>κᾶν</span> <span class='ocrx_word' id='word_1_803' title='bbox 2898 5256 2948 5309; x_wconf 84' lang='grc' dir='ltr'><strong>εί</strong></span> <span class='ocrx_word' id='word_1_804' title='bbox 2987 5257 3066 5330; x_wconf 85' lang='grc' dir='ltr'><strong>μή</strong></span> <span class='ocrx_word' id='word_1_805' title='bbox 3100 5274 3186 5323; x_wconf 89' lang='grc' dir='ltr'><strong>τις</strong></span> <span class='ocrx_word' id='word_1_806' title='bbox 3229 5257 3415 5329; x_wconf 81' lang='grc' dir='ltr'>λέγοι,</span> <span class='ocrx_word' id='word_1_807' title='bbox 3455 5258 3519 5311; x_wconf 73' lang='grc' dir='ltr'>τὸ</span> <span class='ocrx_word' id='word_1_808' title='bbox 3564 5257 3830 5323; x_wconf 82' lang='grc' dir='ltr'>ἀκαλλές.</span> 
     </span>
    </p>
   </div>
   <div class='ocr_carea' id='block_1_113' title="bbox 2243 5348 3223 5420">
    <p class='ocr_par' dir='ltr' id='par_1_113' title="bbox 2243 5348 3223 5420">
     <span class='ocr_line' id='line_1_113' title="bbox 2243 5348 3223 5420; baseline 0.003 -18"><span class='ocrx_word' id='word_1_809' title='bbox 2243 5350 2441 5419; x_wconf 85' lang='grc' dir='ltr'>Ἴωμεν</span> <span class='ocrx_word' id='word_1_810' title='bbox 2464 5349 2521 5403; x_wconf 79' lang='grc' dir='ltr'>δὲ</span> <span class='ocrx_word' id='word_1_811' title='bbox 2550 5348 2749 5420; x_wconf 81' lang='grc' dir='ltr'>μᾶλλον</span> <span class='ocrx_word' id='word_1_812' title='bbox 2776 5349 2863 5402; x_wconf 74' lang='grc' dir='ltr'><strong>ἐπ’</strong></span> <span class='ocrx_word' id='word_1_813' title='bbox 2889 5348 3067 5405; x_wconf 76' lang='grc' dir='ltr'>ἐκεῖνο</span> <span class='ocrx_word' id='word_1_814' title='bbox 3084 5350 3223 5405; x_wconf 84' lang='grc' dir='ltr'>νυνί.</span> 
     </span>
    </p>
   </div>
   <div class='ocr_carea' id='block_1_114' title="bbox 2311 5433 2844 5501">
    <p class='ocr_par' dir='ltr' id='par_1_114' title="bbox 2311 5433 2844 5501">
     <span class='ocr_line' id='line_1_114' title="bbox 2311 5433 2844 5501; baseline 0.002 -14"><span class='ocrx_word' id='word_1_815' title='bbox 2311 5433 2520 5488; x_wconf 77' lang='grc' dir='ltr'><strong>ΠΔΛΛ.</strong></span> <span class='ocrx_word' id='word_1_816' title='bbox 2555 5433 2629 5487; x_wconf 84' lang='grc' dir='ltr'><strong>Τὸ</strong></span> <span class='ocrx_word' id='word_1_817' title='bbox 2658 5434 2809 5488; x_wconf 81' lang='grc' dir='ltr'>ποῖον</span> <span class='ocrx_word' id='word_1_818' title='bbox 2829 5451 2844 5501; x_wconf 87' lang='grc'>;</span> 
     </span>
    </p>
   </div>
   <div class='ocr_carea' id='block_1_115' title="bbox 2307 5525 3834 5600">
    <p class='ocr_par' dir='ltr' id='par_1_115' title="bbox 2307 5525 3834 5600">
     <span class='ocr_line' id='line_1_115' title="bbox 2307 5525 3834 5600; baseline 0.001 -21"><span class='ocrx_word' id='word_1_819' title='bbox 2307 5525 2474 5581; x_wconf 84' lang='grc' dir='ltr'>ΚΥΡ.</span> <span class='ocrx_word' id='word_1_820' title='bbox 2512 5526 3043 5597; x_wconf 81' lang='grc' dir='ltr'>Καταμυσάττεσθαί</span> <span class='ocrx_word' id='word_1_821' title='bbox 3073 5545 3165 5600; x_wconf 88' lang='grc' dir='ltr'><strong>μοι</strong></span> <span class='ocrx_word' id='word_1_822' title='bbox 3185 5529 3335 5583; x_wconf 86' lang='grc' dir='ltr'>δοκεῖ</span> <span class='ocrx_word' id='word_1_823' title='bbox 3353 5529 3453 5599; x_wconf 89' lang='grc' dir='ltr'><strong>τήν</strong></span> <span class='ocrx_word' id='word_1_824' title='bbox 3476 5544 3535 5583; x_wconf 91' lang='grc' dir='ltr'><strong>τε</strong></span> <span class='ocrx_word' id='word_1_825' title='bbox 3561 5526 3834 5599; x_wconf 76' lang='grc' dir='ltr'>πέμπτην</span> 
     </span>
    </p>
   </div>
   <div class='ocr_carea' id='block_1_116' title="bbox 2238 5616 3833 5691">
    <p class='ocr_par' dir='ltr' id='par_1_116' title="bbox 2238 5616 3833 5691">
     <span class='ocr_line' id='line_1_116' title="bbox 2238 5616 3833 5691; baseline 0.008 -20"><span class='ocrx_word' id='word_1_826' title='bbox 2238 5617 2334 5671; x_wconf 73' lang='grc' dir='ltr'>καὶ</span> <span class='ocrx_word' id='word_1_827' title='bbox 2370 5616 2561 5688; x_wconf 85' lang='grc' dir='ltr'>ὀγδόην</span> <span class='ocrx_word' id='word_1_828' title='bbox 2596 5618 2809 5691; x_wconf 82' lang='grc' dir='ltr'>ἡμέραν</span> <span class='ocrx_word' id='word_1_829' title='bbox 2834 5621 2863 5673; x_wconf 86' lang='grc' dir='ltr'><strong>ό</strong></span> <span class='ocrx_word' id='word_1_830' title='bbox 2887 5620 3166 5686; x_wconf 82' lang='grc' dir='ltr'>Σατανᾶς,</span> <span class='ocrx_word' id='word_1_831' title='bbox 3192 5621 3289 5677; x_wconf 74' lang='grc' dir='ltr'><strong>καὶ</strong></span> <span class='ocrx_word' id='word_1_832' title='bbox 3311 5620 3412 5690; x_wconf 82' lang='grc' dir='ltr'>τὴν</span> <span class='ocrx_word' id='word_1_833' title='bbox 3448 5620 3549 5691; x_wconf 84' lang='grc' dir='ltr'>τῆς</span> <span class='ocrx_word' id='word_1_834' title='bbox 3589 5620 3833 5690; x_wconf 78' lang='grc' dir='ltr'>σελήνης</span> 
     </span>
    </p>
   </div>
   <div class='ocr_carea' id='block_1_117' title="bbox 2238 5705 3834 5783">
    <p class='ocr_par' dir='ltr' id='par_1_117' title="bbox 2238 5705 3834 5783">
     <span class='ocr_line' id='line_1_117' title="bbox 2238 5705 3834 5783; baseline 0.001 -22"><span class='ocrx_word' id='word_1_835' title='bbox 2238 5708 2302 5761; x_wconf 81' lang='grc' dir='ltr'>ὲκ</span> <span class='ocrx_word' id='word_1_836' title='bbox 2328 5705 2673 5780; x_wconf 74' lang='grc' dir='ltr'>πλησιφαοῦς</span> <span class='ocrx_word' id='word_1_837' title='bbox 2700 5708 2894 5767; x_wconf 88' lang='grc' dir='ltr'>ἀνόπιν</span> <span class='ocrx_word' id='word_1_838' title='bbox 2919 5709 3057 5780; x_wconf 74' lang='grc' dir='ltr'>ὁδὸν,</span> <span class='ocrx_word' id='word_1_839' title='bbox 3085 5711 3204 5782; x_wconf 80' lang='grc' dir='ltr'>ήτοι</span> <span class='ocrx_word' id='word_1_840' title='bbox 3237 5710 3336 5782; x_wconf 76' lang='grc' dir='ltr'>τῆς</span> <span class='ocrx_word' id='word_1_841' title='bbox 3364 5709 3586 5765; x_wconf 78' lang='grc' dir='ltr'>συνόδου</span> <span class='ocrx_word' id='word_1_842' title='bbox 3618 5710 3696 5783; x_wconf 74' lang='grc'><strong>(1)</strong></span> <span class='ocrx_word' id='word_1_843' title='bbox 3730 5710 3834 5765; x_wconf 71' lang='grc' dir='ltr'><strong>τὸν</strong></span> 
     </span>
    </p>
   </div>
  </div>
