4138 6300
351 280 460 341 165

1069 286 1159 343 DE
1195 288 1635 349 ADORATIONE
1674 294 1742 351 IN
1779 294 2049 355 SPIRITU
2088 299 2176 355 ET
2218 299 2585 356 VERITATE.
2620 299 2748 354 LIB.
2790 299 2877 355 VI.

3497 301 3602 358 ιοο

353 397 571 489 καιρόν,
600 398 870 466 τουτέστι,
900 399 1000 473 τὴν
1019 410 1642 482 τεσσαρεσκαιδεκάτην,
1666 413 1732 467 δι’
1751 414 1931 469 αίτίαν

2036 416 2311 473 decimum
2331 425 2589 488 quartum
2605 415 2774 482 diem,
2801 417 2873 472 ob
2899 431 3022 472 eam
3058 431 3279 473 causam
3314 434 3326 471 :
3350 418 3601 489 quamvis

350 488 633 559 τοιαύτην,
661 489 767 545 κᾶν
794 492 843 544 εί
870 495 1243 564 παμποίκιλος
1265 499 1342 556 ὣν
1379 502 1474 556 καὶ
1501 503 1698 576 δριμὺς
1724 507 1805 570 είς
1831 523 1929 561 κα-

352 579 651 651 κουργίαν,
692 581 886 653 ἐτέρας
926 585 1110 651 αὐτοῖς
1155 589 1442 646 ἐπιπλέκει
1490 594 1589 658 τὰς
1634 595 1925 668 ἀφορμάς·

348 672 481 734 τοὺς
518 671 628 741 γάρ
656 688 741 725 τοι
772 675 999 745 καιροὺς
1031 679 1149 748 ἦτοι
1175 681 1274 746 τὰς
1307 682 1541 756 ἡμέρας,
1567 686 1626 739 ὲν
1655 682 1743 750 αἷς
1767 689 1930 742 αὑτὸν

350 762 454 831 τῆς
503 761 629 815 καθ’
660 764 817 834 ἡμῶν
855 769 1164 837 τυραννίδος
1198 772 1521 828 ἀπολισθεῖν
1559 777 1926 850 συμϐέϐηκεν,

351 851 765 922 ἐπιλάμψαντος
811 857 943 927 ἡμῖν
985 858 1080 912 τοῦ
1134 862 1474 931 Μονογενοῢς
1523 867 1582 920 ὲν
1615 866 1932 942 ἀνθρωπεία

356 945 537 1014 μορφῇ
566 945 662 997 καὶ
700 947 759 998 ὲν
801 947 933 1001 εἴδει
963 949 1041 1021 τῷ
1083 951 1205 1006 καθ’
1231 954 1378 1025 ἡμᾶς
1397 994 1412 1020 ,
1442 957 1583 1028 τάχα
1607 976 1710 1016 που
1748 960 1841 1015 καὶ
1870 961 1930 1015 ὲν

351 1033 539 1101 ψιλαῖς
567 1036 799 1102 ἐννοίαις
830 1039 972 1093 ἑλεῖν
1007 1042 1108 1095 οὐκ
1146 1044 1420 1116 ἀνέχεται.

428 1128 635 1182 ΠΑΛΛ.
668 1130 793 1194 Πῶς
814 1130 878 1203 δὴ
901 1134 1008 1204 φής
1026 1153 1041 1202 ;

426 1219 589 1273 ΚΥΡ.
623 1221 697 1274 Οὐ
718 1221 849 1294 γὰρ,
879 1217 1235 1295 ὧΠαλλάδιε,
1262 1231 1525 1304 πέμπτος
1559 1235 1691 1304 ἡμῖν
1725 1234 1927 1306 ἀπαρι-

357 1310 574 1382 θμεῖται
597 1313 807 1382 καιρὸς,
833 1316 861 1369 ὀ
882 1314 981 1386 τῆς
1006 1319 1102 1372 τοῦ
1132 1321 1389 1394 Σωτῆρος
1421 1325 1577 1396 ήμῶν
1604 1325 1929 1398 ὲπιδημίαςς

428 1402 637 1459 ΠΔΔΛ.
679 1405 909 1476 Συνίημι
951 1408 980 1462 ὃ
1026 1410 1165 1482 φὴς,
1208 1412 1315 1469 ἀπό
1338 1431 1405 1484 γε
1448 1415 1550 1487 τῆς
1573 1417 1933 1488 εὐαγγελικῆς

360 1493 692 1565 παραϐολῆς.
759 1496 1168 1570 Ἐξεληλυθέναι
1213 1504 1324 1576 γὰρ
1368 1505 1475 1577 ἔφη
1519 1508 1787 1579 Χριστὸς,
1838 1508 1932 1563 τὸν

357 1583 472 1670 τοῖς
500 1583 758 1654 ἐργάταις
790 1588 870 1652 είς
901 1589 991 1643 τὸν
1022 1592 1322 1663 ἀμπελῶνα
1367 1596 1747 1669 μισθούμενον,
1802 1600 1931 1670 περὶ

2031 514 2095 562 ιιι
2116 515 2203 563 est
2220 509 2410 564 varius
2429 516 2488 563 et
2510 523 2638 564 acer
2665 506 2736 563 ad
2774 508 3066 574 astutiam,
3098 507 3235 563 alias
3271 508 3379 583 illis
3410 521 3602 564 causas

2030 605 2217 654 nectat
2242 617 2256 653 :
2282 615 2412 654 nam
2442 607 2689 670 tempora
2731 605 2829 654 aut
2849 599 2989 665 dies,
3027 599 3230 669 quibus
3254 600 3432 670 ipsum
3455 614 3488 655 e
3517 606 3602 671 ty-

2032 691 2293 762 rannide,
2308 706 2415 761 qua
2438 690 2598 746 nobis
2618 690 3025 756 dominabatur,
3047 689 3331 746 deturbari
3353 677 3603 762 conligit,

2030 796 2157 838 eum
2182 781 2274 837 ille
2286 761 2626 852 'Unigenitus
2651 781 2710 836 in
2731 781 2972 845 humana
2990 781 3172 837 forma
3192 788 3249 839 et
3277 782 3459 853 specie
3500 761 3602 837 no-

2031 874 2136 929 stri
2165 874 2331 929 simili
2357 873 2520 928 nobis
2537 873 2854 939 affulsisset,
2876 872 3110 929 fortasse
3133 887 3205 929 ne
3226 873 3461 944 simplici
3479 872 3603 944 qui‘~

2032 965 2158 1022 dem
2190 964 2531 1037 cogitatione
2543 964 2835 1035 complecti
2854 964 3115 1021 sustinet:

2102 1147 2268 1218 208
2286 1145 2482 1202 PALL.
2511 1143 2797 1212 Quomodo
2835 1141 3257 1201 istud'asseris?
3280 1160 3285 1167 ·

2102 1236 2263 1292 CYR.
2290 1236 2505 1303 Nonne,
2528 1234 2761 1301 Palladi,
2779 1233 2973 1305 quinto
2994 1232 3117 1289 loco
3137 1247 3170 1288 a
3203 1230 3366 1287 nobis
3392 1238 3609 1302 tempus

2031 1328 2170 1385 illud
2194 1334 2538 1392 numeratur,
2561 1341 2672 1397 quo
2693 1323 2942 1381 Salvator
2971 1330 3160 1380 noster
3187 1323 3454 1379 advenit?

2105 1418 2303 1474 PALL.
2334 1417 2584 1489 Intelligo
2612 1432 2682 1472 ex
2705 1416 2800 1472 illa
2821 1413 3103 1487 Evangelii
3120 1413 3399 1486 parabola.
3418 1412 3607 1469 [hisse

2032 1512 2180 1567 enim
2203 1510 2281 1565 ait
2310 1508 2583 1574 Christus,
2633 1522 2784 1573 eum,
2831 1506 2928 1577 qui
2973 1505 3255 1577 operarios
3278 1503 3348 1559 ad
3391 1502 3605 1558 vineam

2033 1600 2378 1657 conducebat
2408 1600 2557 1656 circa
2580 1600 2775 1655 horam
2798 1598 3055 1670 primam,
3094 1596 3337 1662 tertiam,
3375 1604 3604 1657 sextam,

356 1669 508 1741 ὤραν
532 1672 775 1749 πρώτην,
808 1679 1000 1752 τρίτην
1035 1700 1095 1736 τε
1129 1685 1434 1758 καὶηῶιτην,
1467 1689 1811 1761 καϊέννάτην
1836 1669 1931 1744 καὶ

2034 1706 2233 1746 nonam
2260 1699 2317 1746 et
2341 1691 2706 1755 undecimam,
2726 1689 2782 1745 id
2796 1669 2902 1756 est,
2922 1697 3175 1745 extremo
3190 1694 3458 1758 tempore,
3482 1700 3607 1741 cum

360 1764 683 1837 ἑνδεκάτην,
702 1771 1010 1840 τουτέστιν,
1041 1775 1099 1828 ἐν
1124 1775 1201 1847 τῷ
1238 1753 1535 1852 τελευταίῳ
1564 1781 1741 1854 καιρῷ
1757 1753 1778 1847 ,”
1805 1780 1926 1835 καθ’

2035 1782 2152 1852 ipse
2171 1781 2444 1853 apparuit:
2456 1789 2512 1837 et
2535 1753 2940 1838 aﬂuls—itnobis.

357 1856 416 1912 ὃν
445 1859 691 1931 ἐπεφάνη
719 1879 779 1914 τε
813 1865 907 1918 καὶ
939 1865 1258 1938 ἐπέλαμψεν
1283 1871 1435 1942 ἡμῖν.

431 1951 596 2008 ΚΥΡ.
649 1954 1058 2026 Νουνεχέστατά
1090 1977 1154 2029 γε
1189 1963 1285 2016 καὶ
1320 1963 1441 2017 λίαν
1470 1963 1646 2034 ὀρθῶς
1678 1964 1924 2040 εἴρηκας.

359 2047 425 2101 Τί
456 2046 543 2113 δέ;
584 2049 702 2118 οὐχὶ
729 2052 799 2122 τῇ
833 2051 1056 2125 πέμπτῃ
1086 2055 1183 2109 τοῦ
1223 2057 1505 2112 Σαϐϐάτου
1532 2059 1928 2132 παραδεδόσθαι

362 2138 546 2207 φαμὲν
582 2139 768 2204 αὐτὸν,
811 2142 904 2194 καὶ
943 2145 1028 2207 εἰς
1059 2145 1238 2217 ἀρχὰς
1279 2147 1470 2220 ὥσπερ
1494 2149 1649 2220 ἥκειν
1674 2151 1770 2221 τῆς
1803 2151 1930 2221 ὅλης

356 2230 695 2301 οἰκονομίας,
724 2231 792 2286 δι’
818 2227 885 2305 ἦς
913 2235 963 2288 οἱ
990 2236 1191 2303 πάντες
1218 2239 1648 2312 ἀνασεσώσμεθα
1665 2282 1679 2308 ,
1709 2242 1801 2297 τὸν
1825 2260 1930 2297 σω·

355 2321 547 2391 τήριον
574 2322 716 2393 ὑπὲρ
751 2324 908 2394 ήμῶν
943 2326 1268 2393 ἀνατλάντος
1300 2331 1651 2403 σταυρὸντοῦ
1690 2333 1756 2386 δι’
1782 2336 1930 2405 ἡμᾶς

357 2412 844 2484 ἔνηνθρωπηκὸτος
866 2433 880 2483 ;

430 2504 642 2560 ΠΑΛΛ.
672 2505 781 2557 Καὶ
808 2505 971 2576 μάλα.

432 2593 594 2646 ΚΥΡ.
630 2595 966 2666 Κατήργηκε
996 2597 1052 2651 δὲ
1082 2598 1175 2653 τὸν
1208 2599 1457 2665 θάνατον,
1483 2603 1577 2657 καὶ
1606 2603 1805 2658 ἀνεϐίω
1828 2603 1929 2657 πά-

359 2684 466 2749 λιν,
504 2684 809 2750 σκυλεύσας
832 2687 924 2741 τὸν
949 2687 1101 2761 ᾅδην,
1134 2691 1234 2745 οὐκ
1257 2694 1315 2746 ὲν
1339 2694 1521 2768 ὀγδόῃ,
1560 2697 1829 2763 τουτέστι,
1861 2699 1929 2768 τῇ

366 2775 467 2845 μιᾷ
484 2774 592 2828 τῶν
616 2774 910 2831 Σαϐϐάτων
924 2818 939 2844 ,

432 2867 639 2922 ΠΑΛΛ.
669 2868 785 2922 Οὐκ
812 2869 931 2940 ἀμφ
940 2870 1135 2929 ίϐολον.
1742 2910 1749 2921 -

432 2955 597 3010 ΚΥΡ.
631 2957 743 3012 Καὶ
772 2956 902 3027 γοῦν
924 2960 953 3013 ό
981 2959 1149 3016 πάλαι
1176 2962 1341 3034 νόμος
1371 2964 1470 3036 τὴν
1494 2965 1552 3020 ὲν
1581 2967 1746 3039 σαρκὶ
1773 2985 1932 3041 περιρ

357 3045 555 3115 τομὴν,
586 3045 937 3101 ύποτύπωσίν
980 3066 1104 3104 τινα
1135 3049 1238 3122 τῆς
1264 3053 1322 3119 έν
1365 3054 1640 3126 πνεύματι
1673 3057 1769 3110 καὶ
1796 3058 1931 3129 ἀλη-

360 3134 505 3207 θείᾳ,
539 3136 794 3191 διετύπου
827 3139 1166 3210 πράττεσθαι
1207 3142 1351 3197 κατὰ
1380 3143 1479 3215 τὴν
1508 3145 1724 3217 ὀγδόην.
1768 3147 1936 3219 Περι-

358 3228 503 3299 τομὴ
531 3227 587 3282 δέ
614 3246 679 3298 γε
721 3230 822 3301 τῆς
871 3231 1106 3303 ἀρχαίας
1162 3235 1441 3308 ἑκείνηςή
1490 3239 1934 3312 προφερεστέρα,

358 3319 674 3390 τουτέστιν,
718 3323 750 3393 ή
794 3324 852 3375 ὲν
881 3324 1180 3395 πνεύματι,
1232 3327 1550 3397 Πνεύματός
1589 3330 1738 3384 ἐστιν
1779 3330 1937 3398 ἁγίου

363 3410 600 3480 μέθεξις,
628 3413 722 3465 καὶ
754 3414 915 3486 χάρις
951 3417 984 3487 ή
1013 3417 1071 3469 ὲν
1113 3417 1328 3489 ἀρχαῖς,
1370 3419 1460 3490 ἢν,
1488 3420 1719 3493 ἐπείπερ
1755 3423 1821 3476 ὲκ
1848 3439 1937 3476 νε-

361 3504 511 3575 κρῶν
552 3505 775 3569 ἀνεϐίω,
826 3506 991 3563 πάλιν
1038 3510 1385 3566 ἀνεκαίνισεν
1435 3513 1569 3583 ἡμῖν
1612 3515 1641 3567 ό
1667 3514 1935 3585 Χριστὸς,

360 3595 571 3665 λέγων’
608 3617 627 3649 ι
664 3598 876 3653 Λάϐετε
900 3600 1126 3672 Πνεῦμα
1155 3602 1330 3673 ἀγιον.
1373 3624 1393 3657 ι
1433 3606 1576 3678 Ἔφη
1612 3606 1670 3660 δέ
1710 3624 1812 3661 που
1842 3608 1937 3662 καὶ

363 3689 394 3740 ὁ
435 3689 697 3759 μακάριος
746 3691 990 3756 Παῦλος,
1024 3693 1105 3746 ὅτι
1157 3714 1176 3747 ι
1239 3695 1313 3749 Τὸ
1346 3695 1537 3766 Πάσχα
1582 3697 1739 3768 ήμῶν
1772 3698 1934 3770 ἐτύθη

2103 1960 2262 2017 CYR.
2298 1960 2737 2017 Prudentissime
2766 1960 2991 2032 quidem
3016 1975 3083 2016 ac
3128 1958 3437 2016 rectissime
3463 1957 3606 2014 dixi-

2034 2053 2124 2108 sti.
2149 2051 2288 2120 Quid
2304 2052 2705 2122 porroinonne
2725 2051 2918 2123 quinta
2937 2049 3161 2107 Sabbati
3183 2048 3442 2104 traditum
3490 2063 3610 2103 esse

2036 2145 2190 2200 illum
2227 2145 2492 2212 dicimus,
2517 2160 2584 2201 ac
2610 2144 2764 2200 velut
2798 2143 2869 2200 ad
2907 2141 3066 2200 initia
3088 2142 3408 2217 pervenisse
3441 2142 3611 2197 totius

2035 2236 2476 2308 dispensationis,
2502 2252 2603 2309 per
2640 2251 2805 2308 quam
2847 2236 3107 2292 omnibus
3143 2234 3305 2292 nobis
3336 2241 3421 2289 est
3456 2242 3607 2305 parta

2035 2330 2203 2394 salus,
2228 2343 2353 2384 cum
2373 2338 2601 2399 propter
2623 2343 2728 2384 nos
2747 2328 2912 2383 homo
2926 2325 3124 2393 factus,
3144 2340 3366 2382 crucem
3390 2342 3488 2397 pro
3507 2340 3609 2379 no-

2036 2419 2122 2474 bis
2146 2420 2441 2475 salutarem
2467 2416 2731 2490 pertulit?

2106 2510 2304 2565 PALL.
2336 2511 2569 2566 Maxime
2597 2522 2755 2566 vero.

2104 2602 2262 2659 CYR.
2291 2603 2521 2659 Mortem
2549 2616 2715 2675 porro
2742 2614 2929 2658 nonne
2968 2595 3263 2663 destruxit,
3295 2605 3481 2667 atque,
3524 2593 3609 2648 in-

2036 2693 2170 2750 feris
2203 2693 2543 2765 exspoliatis,
2574 2692 2776 2749 revixit
2800 2691 3005 2749 iterum
3038 2697 3234 2747 octavo
3265 2684 3380 2754 die,
3418 2682 3478 2741 id
3501 2689 3624 2749 σει..

2038 2802 2145 2842 una
2174 2783 2591 2841 Sabbatorum?

2107 2877 2306 2934 PALL.
2332 2876 2557 2934 Minime
2578 2875 2636 2932 id
2654 2874 2878 2947 quidem
2899 2873 3255 2946 ambiguum.'

2105 2966 2264 3023 CYR.
2287 2966 2599 3034 Quinetiam
2637 2966 2864 3038 antiqua
2901 2966 2991 3022 lex
3027 2961 3503 3021 circumcisionem
3541 2961 3610 3018 il-

2038 3058 2147 3114 lam
2192 3059 2251 3114 in
2283 3074 2468 3124 carne,
2506 3073 2630 3129 quae
2675 3056 2885 3128 eiligies.
2915 3056 3163 3127 quaedam
3205 3062 3351 3111 esset
3369 3053 3515 3109 illius
3555 3053 3612 3108 in

2039 3148 2239 3218 spiritu
2259 3154 2317 3203 et
2355 3148 2590 3204 veritate
2631 3145 3092 3213 circumcisionis,
3124 3144 3385 3215 praecepit
3421 3149 3615 3197 octavo

2039 3238 2128 3294 die
2156 3229 2295 3295 ﬁeri.
2316 3237 2683 3295 Circumcisio
2707 3244 2893 3294 autem
2915 3235 3091 3293 veteri
3131 3236 3224 3291 illa
3244 3231 3612 3307 prastantior,

2038 3331 2175 3396 haec,
2207 3329 2453 3401 inquam,
2487 3329 2545 3384 in
2569 3327 2792 3400 spiritu,
2817 3327 2995 3383 sancti
3016 3324 3256 3398 Spiritus
3279 3331 3365 3380 est
3386 3321 3613 3397 partici-

2036 3421 2207 3492 patio,
2235 3427 2291 3476 et
2315 3420 2491 3491 gratia
2514 3419 2628 3486 illa,
2668 3433 2832 3490 quam
2878 3417 2937 3472 in
2957 3415 3187 3473 exordio
3210 3414 3578 3469 habueramus
3596 3428 3621 3478 ξ

2036 3527 2222 3584 quam,
2246 3511 2344 3567 ubi
2367 3527 2398 3567 e
2424 3509 2659 3567 mortuis
2677 3509 2877 3566 revixit
2910 3508 3189 3573 Christus,
3212 3506 3396 3562 denuo
3425 3503 3611 3566 nobis,

2038 3602 2408 3668 instauravit,
2478 3602 2724 3658 dicens:
2786 3621 2806 3654 ι
2840 3600 3090 3672 Accipite
3159 3598 3425 3670 Spiritum
3486 3611 3613 3650 εδει-

2038 3703 2189 3750 ctum
2211 3695 2276 3749 ’³,
2309 3713 2329 3746 ι
2357 3693 2506 3749 Dixit
2526 3693 2696 3748 etiam
2719 3692 2918 3748 beatus
2938 3691 3141 3747 Paulus
3166 3707 3180 3744 :
3213 3708 3231 3742 ι
3261 3688 3470 3745 Pascha
3511 3702 3613 3741 no-

367 3778 622 3845 Χριστός.
663 3798 683 3832 ι
724 3781 932 3855 Ἡμέρα
956 3800 1020 3852 γε
1050 3784 1157 3855 μὴν
1189 3786 1288 3856 τῆς
1316 3787 1585 3859 σωτηρίου
1614 3788 1816 3859 ταύτης
1843 3790 1937 3843 καὶ

2037 3794 2235 3851 strum,
2259 3785 2575 3841 immolatus
2603 3793 2689 3841 est
2711 3783 2967 3840 Christus
2980 3783 3046 3836 ".
3085 3800 3105 3834 ι
3134 3782 3262 3836 Dies
3301 3787 3482 3835 autem
3509 3794 3614 3833 nu-

368 3870 699 3925 πολυεύκτου
753 3875 991 3945 σφαγῆς,
1029 3877 1061 3945 ἡ
1102 3876 1243 3930 κατὰ
1281 3876 1512 3949 σελήνην
1546 3895 1935 3950 τεσσαρεσκαι-

2034 3878 2123 3948 jus
2153 3878 2409 3934 salutaris
2450 3885 2507 3932 et
2535 3874 2960 3947 exoptatissimae
2990 3870 3378 3928 immolationis
3418 3880 3503 3926 est
3526 3869 3614 3924 illa

361 3959 579 4031 δεκάτη.
616 3962 771 4018 Οὕτω
803 3965 896 4018 καὶ
922 3967 950 4019 ὀ
983 3965 1146 4037 νόμος
1182 3970 1457 4038 προανεκή
1470 3985 1657 4039 ρυττεν
1693 3972 1935 4042 ἐναργῶς

2035 3980 2102 4021 ex
2127 3967 2270 4020 lunae
2285 3980 2450 4021 cursu
2475 3964 2905 4035 quartadecima.
2937 3962 3019 4019 Ita
3061 3962 3151 4017 lex
3170 3975 3391 4032 quoque
3424 3967 3615 4030 aperte

359 4050 459 4121 τῆς
485 4051 578 4105 τοῦ
606 4053 858 4126 Σωτῆρος
887 4056 1044 4127 ήμῶν
1085 4059 1299 4130 σφαγῆς
1327 4059 1420 4113 τὸν
1455 4059 1663 4132 καιρὸν,
1697 4061 1765 4132 ἢν
1794 4062 1935 4134 ὑπὲρ

2035 4058 2355 4128 praedicavit
2398 4056 2696 4113 Salvatoris
2747 4054 2926 4112 nostri
2979 4051 3368 4109 immolationis
3423 4050 3567 4105 diem
3598 4088 3612 4110 ,

356 4143 457 4213 τῆς
481 4144 576 4198 τοῦ
606 4146 813 4218 κόσμου
847 4146 993 4218 ζωῆς
1026 4150 1513 4223 ὑπομεμενηκέναι
1546 4152 1726 4222 φαμὲν
1749 4154 1931 4207 αὐτόν·

2035 4163 2200 4218 quam
2245 4148 2402 4203 illum
2427 4162 2529 4218 pro
2553 4145 2746 4202 mundi
2784 4147 2897 4200 vita
2956 4142 3284 4199 sustinuisse
3325 4138 3559 4194 dicimus
3599 4154 3610 4188 :

366 4251 385 4285 ι
420 4234 498 4305 Τῇ
537 4236 644 4307 γὰρ
673 4236 894 4308 δεκάτῃ,
927 4240 1082 4310 φησὶ,
1124 4240 1218 4293 τοῦ
1241 4240 1413 4311 μηνὸς
1442 4241 1537 4295 τοῦ
1564 4243 1804 4312 πρώτου,
1837 4244 1933 4298 λα-

2043 4258 2062 4291 (
2100 4237 2320 4293 Decima
2345 4237 2514 4303 enim,
2545 4236 2745 4308 inquit,
2771 4236 2862 4291 die
2898 4232 3106 4289 mensis
3135 4230 3300 4302 primi
3343 4227 3615 4298 accipiant

359 4323 602 4377 ϐέτωσαν
622 4326 832 4391 ἑαυτοῖς
859 4328 1130 4399 πρόϐατον
1152 4331 1273 4382 κατ’
1301 4330 1507 4394 οἴκους,
1535 4334 1656 4384 κατ’
1678 4332 1931 4404 ἀριθμὸν,

2036 4327 2141 4383 sibi
2164 4342 2320 4383 ovem
2346 4342 2446 4397 per
2471 4326 2693 4392 domos;
2729 4327 2883 4397 juxta
2909 4336 3224 4385 numerum,
3263 4318 3466 4389 inquit;
3492 4318 3607 4372 ani«

359 4414 512 4483 φησὶ,
547 4413 725 4486 ψυχῆς
751 4417 1064 4481 συλλέξουσι
1085 4458 1100 4483 ,
1148 4419 1241 4473 καὶ
1286 4417 1440 4473 ἔσται
1475 4413 1934 4492 διατετηρημένον

2037 4431 2138 4471 mae
2161 4416 2438 4487 colligent,
2464 4423 2521 4470 et
2556 4415 2864 4471 servabitur
2888 4427 3063 4483 usque
3095 4410 3179 4466 ad—
3202 4408 3613 4481 quartumdeoi-

358 4502 461 4566 ἕως
495 4504 595 4574 τῆς
625 4508 1224 4579 τεσσαρεσκαιδεκάτης
1264 4508 1356 4562 τοῦ
1389 4509 1555 4581 μηνὸς
1585 4510 1798 4576 τούτου,
1835 4515 1929 4567 καὶ

2036 4522 2187 4560 mum
2226 4503 2434 4559 mensis
2474 4504 2640 4575 hujus
2666 4502 2836 4568 diem,
2860 4510 2918 4557 et
2956 4499 3320 4565 immolabunt
3356 4498 3502 4553 illam
3545 4498 3612 4552 ad

362 4595 653 4664 σφάξουσιν
696 4599 857 4653 αὐτὸν
888 4601 1025 4671 πρὸς
1053 4601 1291 4671 ἑσπέραν
1325 4603 1434 4654 πᾶν
1473 4601 1534 4653 τὸ
1567 4601 1772 4672 πλῆθος
1815 4602 1928 4656 τῶν

2035 4611 2320 4667 vesperam
2343 4595 2523 4651 omnis
2550 4594 2848 4651 multitudo
2866 4593 3106 4649 ﬁliorum
3129 4591 3296 4648 Israel
3315 4591 3382 4644 ³³.
3403 4610 3421 4643 ι
3445 4588 3616 4644 Audis

360 4686 488 4740 υἱῶν
535 4690 772 4761 Ἰσραήλ.
809 4712 828 4744 ι
875 4692 1125 4757 Ἀκούεις
1152 4694 1300 4758 ὅπως
1321 4693 1429 4747 ἀπὸ
1448 4693 1679 4764 δεκάτης
1703 4693 1925 4765 ληφθὲν,

2036 4705 2067 4743 a
2094 4687 2304 4743 decima
2327 4686 2415 4741 die
2436 4694 2709 4758 sumptam
2732 4686 3011 4741 victimam
3044 4698 3217 4755 usque
3242 4683 3298 4739 in
3331 4691 3615 4753 quartum-

359 4779 436 4840 είς
466 4781 1061 4854 τεσσαρεσκαιδεκάτην
1108 4782 1438 4853 ἐφυλάττετο
1486 4785 1601 4848 τοῖς
1658 4783 1825 4837 πάλαι
1868 4784 1929 4836 τὸ

2036 4782 2312 4838 decimum
2362 4781 2508 4836 diem
2533 4778 2741 4841 servari
2763 4776 3101 4843 arcteribus
3140 4774 3250 4838 illis
3279 4783 3340 4831 ut
3359 4773 3610 4846 quintum

361 4868 578 4937 ἱερεῖον,
627 4870 714 4923 ἵνα
754 4871 844 4924 τὸν
889 4873 1140 4943 πέμπτον
1191 4874 1389 4945 νοήσῃς
1428 4873 1639 4945 καιρὸν,
1696 4873 1819 4927 καθ’
1870 4874 1929 4928 ὃν

2037 4874 2309 4945 intelligas
2333 4882 2571 4943 tempus,
2592 4887 2703 4943 quo
2726 4869 2905 4925 factus
2946 4867 3131 4933 homo,
3162 4867 3308 4922 illam
3332 4883 3431 4938 pro
3442 4866 3613 4922 nobis

357 4960 648 5029 γενόμενος
675 4960 958 5034 ἄνθρωπος
984 4964 1073 5017 τὸν
1095 4964 1234 5037 ὑπὲρ
1263 4964 1419 5035 ἡμῶν
1441 4964 1651 5034 ὑπέστη
1680 4964 1928 5029 θάνατον,

2034 4973 2263 5020 mortem
2281 4965 2527 5035 pertulit,
2545 4963 2900 5018 decrescente
2920 4960 3032 5032 jam
3060 4959 3211 5025 luna,
3238 4974 3361 5029 quae
3397 4957 3467 5013 ad
3508 4973 3611 5011 no-

355 5051 654 5122 φθινούσης
687 5054 785 5123 ἤδη
826 5053 929 5123 τῆς
958 5055 1207 5127 σελήνης,
1239 5057 1272 5127 ἢ
1313 5056 1409 5111 καὶ
1460 5058 1539 5120 είς
1571 5057 1746 5127 ἀρχὰς
1772 5055 1931 5110 τέτα-

2034 5059 2132 5113 clis
2155 5057 2453 5128 imperium
2470 5055 2713 5127 perfecta
2732 5062 2818 5111 est
2831 5056 2854 5109 ?
2868 5055 3000 5110 Erat
3022 5061 3203 5109 autem
3228 5066 3289 5107 ea
3305 5066 3394 5106 res
3413 5058 3614 5121 myste-

356 5159 482 5195 κται
509 5144 606 5213 τῆς
631 5144 824 5208 νυκτός
850 5161 864 5211 ;
894 5147 1207 5218 Μυστηρίου
1232 5147 1287 5200 δὲ
1321 5149 1381 5201 τὸ
1405 5152 1592 5221 χρῆμα
1617 5148 1807 5214 τύπος,
1837 5151 1932 5203 καὶ

2034 5150 2098 5204 rii
2119 5149 2311 5220 ﬁgura,
2337 5156 2393 5204 et
2416 5147 2692 5203 subtiliter
2707 5145 3021 5217 signiﬁcare
3044 5142 3266 5199 videtur
3280 5140 3421 5205 fore,
3442 5140 3612 5212 209

356 5235 762 5306 ὑποσημαίνειν
786 5236 962 5290 ἔοικεν
990 5239 1204 5308 ἰσχνῶς,
1221 5241 1319 5310 τῆς
1336 5240 1430 5294 τοῦ
1454 5241 1702 5294 διαϐόλου
1729 5241 1931 5295 πλεον-

2034 5250 2089 5296 ιιι
2113 5241 2314 5297 diaboli
2345 5240 2770 5313 tyrannicusille
2793 5238 3110 5293 dominatus
3136 5242 3285 5290 retro
3322 5233 3612 5304 sublapsus

352 5324 501 5393 εξέας
565 5327 663 5398 τὴν
710 5329 901 5384 ἀνόπιν
946 5330 1086 5393 ὁδὸν,
1132 5333 1223 5384 καὶ
1262 5334 1551 5389 κατάδυσιν
1602 5335 1789 5406 ὥσπερ
1829 5337 1926 5404 τὴν

2036 5333 2361 5397 referretur,
2392 5349 2457 5388 ac
2481 5332 2683 5387 sensim
2723 5329 3098 5385 infirmitatem
3141 5333 3308 5397 atque
3340 5326 3611 5395 impoten-

352 5419 495 5473 κατά
531 5419 705 5491 βραχὺ
742 5423 876 5490 πρὸς
926 5421 987 5474 τὸ
1031 5422 1223 5476 ἅναλκι
1271 5426 1363 5477 καὶ
1408 5426 1639 5479 εἰσάπαν
1671 5426 1919 5488 ἀσθενές.

2034 5428 2161 5481 tiam
2190 5427 2419 5481 subiret.
2467 5427 2516 5479 Is
2565 5439 2728 5493 porro
2773 5423 2914 5476 lunae
2939 5416 3342 5491 quodammodo
3382 5414 3615 5488 ﬁguram

350 5511 590 5583 Σελήνης
620 5511 676 5565 δέ
706 5530 818 5577 πως
844 5513 1030 5582 ἐπέχει
1059 5512 1246 5566 τύπον.
1286 5516 1476 5585 ’Λρχει
1512 5516 1618 5587 γὰρ
1643 5518 1734 5568 καὶ
1764 5516 1924 5580 αὐτὸς

2034 5517 2297 5579 sustinet;
2344 5513 2624 5583 namipsc
2676 5512 2823 5566 nocti
2878 5512 3132 5581 imperat,
3175 5510 3229 5566 id
3270 5508 3486 5574 cst_,,iis,
3513 5510 3615 5582 (pii.

986 5687 1070 5737 ²⁷Ι
1117 5686 1239 5737 Cor.
1293 5704 1339 5751 γ,
1384 5689 1432 5739 τ’.

429 5687 652 5742 ""anut.
684 5706 766 5751 xx,
804 5688 891 5739 '2').
986 5687 1070 5737 ’7I
1117 5687 1239 5737 Cor.
1293 5704 1339 5751 γ,
1384 5689 1432 5739 τ’.
1513 5689 1556 5717 ¹’¹
1606 5689 1773 5741 Ιῖλιηῒ,
1826 5690 2063 5749 “1.3-3.
