4138 6300
528 274 630 329 ιϐ’]

1553 277 1609 336 ὃ.
1647 274 1923 331 CYRILLI
1960 272 2428 330 ALEXANDRINI
2468 268 2765 331 ARCHIEP

3677 273 3779 329 ωε

525 388 651 445 sunt
673 389 729 444 in
755 390 1014 456 tenebris,
1040 400 1097 446 et
1121 391 1303 447 adhuc
1325 387 1646 457 donnltant,
1670 399 1727 448 et
1749 390 1950 447 divine
2006 404 2097 445 co-

2209 391 2297 462 τῆς
2320 392 2533 460 νυκτὸς,
2557 392 2827 457 τουτέστι,
2850 391 2960 445 τῶν
2983 391 3042 445 ὲν
3063 388 3246 443 σκότει
3277 389 3372 442 καὶ
3403 387 3781 452 νυσταζόντων

522 479 787 550 guitionis
818 480 1026 539 lumine
1056 490 1249 536 carent
1275 499 1288 535 :
1310 496 1432 539 esse
1475 488 1662 538 autem
1702 480 1855 537 hunc
1886 496 2097 536 morem

523 571 821 642 Scriptura
844 571 1110 629 divinitus
1134 572 1433 642 inspirata,
1448 579 1512 626 ut
1529 571 1679 628 nocti
1698 578 1981 642 comparet
2011 585 2099 625 er-

526 662 762 717 rantium
781 678 1027 735 gregem,
1053 663 1183 719 audi
1205 663 1337 735 quid
1364 664 1512 720 dicat
1545 664 1793 720 omnium
1834 662 2099 718 Dominus

520 754 746 820 Iudaeis,
780 771 906 811 cum
935 756 1130 811 civitas
1155 756 1249 812 illa
1270 755 1572 812 Jerusalem
1597 755 1667 810 ad
1691 749 1836 810 idola
1870 754 2099 809 colenda

522 849 841 904 revertisset
880 866 894 903 :
931 868 950 901 ι
980 849 1142 905 Nocti
1166 848 1463 917 assimilavi
1502 856 1739 903 matrem
1786 854 1936 902 tuam
1967 863 1979 899 :
2017 846 2095 902 si-

524 940 670 994 milis
711 940 889 995 l‘actus
934 949 1020 995 est
1062 940 1301 1011 populus
1355 956 1531 1005 meus,
1580 956 1644 996 ac
1680 939 1727 995 si
1751 954 1861 994 non
1898 938 2099 994 habeat

522 1030 810 1085 scientiam
830 1032 917 1085 η’.
946 1050 965 1081 ι
993 1030 1262 1101 Intelligis
1275 1031 1423 1086 enim
1450 1039 1666 1086 noctem
1683 1029 1956 1101 appellare
1981 1043 2096 1096 eos,

521 1122 616 1192 qui
639 1123 1006 1206 cognitionem
1052 1139 1200 1179 verae
1222 1124 1372 1179 illius
1406 1132 1463 1179 et
1498 1124 1801 1181 secundum
1844 1131 2098 1179 naturam

521 1215 827 1275 divinitatis
860 1231 971 1270 non
1010 1216 1318 1271 baberent?
1353 1214 1480 1272 Odit
1515 1216 1682 1286 igitur
1719 1215 1810 1271 ille
1852 1216 2098 1270 omnium

524 1308 698 1364 hostis
720 1312 969 1378 tempora
987 1315 1044 1363 et
1085 1308 1224 1374 dies,
1267 1309 1471 1379 quibus
1510 1308 1629 1378 ipse
1663 1307 1886 1378 quidem
1909 1308 2094 1377 periit,

522 1414 622 1454 nos
642 1414 774 1455 vero
791 1399 992 1455 servati
1017 1414 1226 1455 sumus.
1265 1400 1526 1469 Quisquis
1544 1408 1726 1455 autem
1760 1414 1885 1455 cum
1908 1399 2000 1455 illo
2028 1400 2100 1455 si-

521 1492 634 1545 mu]
655 1490 793 1555 odit,
817 1506 889 1545 ex
908 1490 1056 1546 illius
1078 1491 1245 1547 etiam
1269 1500 1428 1562 parte
1463 1494 1591 1559 erit,
1629 1500 1686 1548 et
1715 1507 1841 1548 cum
1865 1492 1960 1547 illo
1977 1507 2096 1548 sor-

522 1588 632 1634 tem
656 1580 904 1646 habebit,
928 1587 992 1636 ut
1020 1588 1292 1652 perpetuo
1313 1582 1598 1653 puniatur.
2052 1646 2057 1651 λ

588 1670 784 1727 PALL.
824 1671 885 1726 ln
921 1680 1080 1742 parte
1127 1673 1298 1743 igitur
1337 1674 1561 1730 nefarias
1599 1690 1791 1731 revera
1814 1716 1829 1741 ,
1869 1676 2097 1747 Deoque

2204 480 2318 548 ἔτι,
2366 482 2462 537 καὶ
2489 482 2587 555 τήν
2633 483 2733 552 τῆς
2765 480 3093 552 θεογνωσίας
3135 480 3236 535 οὒκ
3272 479 3508 551 ἐχόντων
3558 479 3736 550 αὐγήν
3761 495 3778 510 ο

2204 575 2286 628 ὅτι
2332 574 2389 628 δὲ
2431 577 2498 647 τῇ
2544 575 2702 628 νυκτὶ
2750 573 3107 645 παρεικάζειν
3158 571 3281 636 ἔθος
3322 572 3390 643 τῇ
3436 569 3785 641 θεοπνεύστῳ

2202 666 2397 739 Γραφῇ
2430 666 2530 739 τὴν
2575 666 2682 721 τῶν
2731 665 3198 738 ὲπιπλανωμένων
3247 664 3472 736 ἀγέλην,
3516 663 3684 717 ἄκουε
3728 665 3785 717 τί

2205 775 2371 829 φησιν
2398 761 2427 813 ὁ
2470 758 2688 814 πάντων
2744 758 3022 829 Δεσπότης
3059 758 3196 829 πρὸς
3234 757 3550 820 Ἰουδαίους,
3582 756 3785 809 ὑπονο-

2208 850 2442 922 στούσης
2474 851 2610 924 πρὸς
2629 850 3039 922 είδωλολατρίαν
3059 850 3158 918 τῆς
3186 848 3562 920 Ἰερουσαλήμ
3577 867 3593 899 ι
3608 846 3785 900 Νυκτὶ

2204 942 2463 1013 ὠμοίωσα
2494 943 2589 1014 τὴν
2631 942 2842 1014 μητέρα
2875 960 2988 995 σου·
3020 940 3274 1012 ὡμοιώθη
3315 942 3343 994 ὁ
3380 941 3507 1004 λαός
3550 958 3675 1010 μου,
3704 930 3795 1004 ὡς

2205 1035 2305 1087 οὐκ
2341 1033 2478 1104 ἔχων
2501 1035 2720 1102 γνῶσιν.
2763 1053 2781 1085 ι
2819 1034 3011 1104 Συνίης
3039 1034 3121 1086 ὅτι
3151 1032 3320 1086 νύκτα
3348 1032 3483 1102 φησὶ
3522 1034 3650 1095 τοὺς
3680 1031 3780 1085 οὐκ.

2206 1125 2427 1196 ἔχοντας
2457 1125 2658 1195 γνῶσιν
2685 1126 2782 1195 τῆς
2802 1124 3036 1196 ἀληθοῦς
3065 1126 3159 1179 καῖ¹
3185 1124 3327 1179 κατὰ
3350 1124 3509 1195 φύσιν
3537 1123 3781 1194 δηλονότι
3870 1116 3883 1129 ’

2207 1214 2488 1284 θεότητοςς
2522 1213 2815 1285 Μεμίσηκε
2844 1213 3133 1284 τοιγαροῦν
3153 1215 3181 1267 ὁ
3213 1215 3429 1268 πάντων
3454 1214 3646 1285 ἐχθρὸς
3667 1231 3786 1269 και-

2209 1305 2336 1376 pob;
2369 1303 2463 1358 καὶ
2488 1304 2701 1376 ἡμέρας
2728 1305 2848 1359 καθ’
2877 1304 2972 1369 οὓς
2999 1305 3216 1360 διόλωλε
3245 1305 3345 1377 μὲν
3377 1305 3562 1371 αὐτὸς,
3591 1307 3785 1359 ἀνασερ

2208 1393 2466 1464 σώσμεθα
2499 1394 2555 1448 δὲ
2580 1396 2834 1466 ήμείς.’0
2854 1395 2909 1449 δὲ
2940 1396 3035 1449 σὺν
3061 1397 3254 1467 ἐκείνῳ
3285 1395 3456 1467 μισῶν
3487 1396 3584 1467 τῆς
3615 1395 3782 1451 αὐτοῦ

2210 1484 2428 1556 μερίδος
2455 1485 2629 1549 ἔσται,
2663 1486 2756 1541 καὶ
2784 1485 2984 1559 κλῆρον
3014 1486 3125 1553 ἔξει
3160 1487 3257 1540 σὺν
3288 1486 3458 1558 αὐτῷ,
3494 1487 3555 1540 rb
3579 1488 3785 1541 ἀκατα-

2206 1575 2420 1647 λήκτως
2444 1577 2767 1642 κολάζεσθαι
2801 1578 2931 1632 δεῖν.

2278 1670 2485 1724 ΠΑΛΛ.
2532 1671 2620 1724 Ἐν
2654 1671 2816 1744 μοίρᾳ
2855 1671 2920 1744 δή
2953 1667 3046 1725 οὖν
3083 1673 3182 1741 τῆς
3214 1672 3288 1734 ὼς
3311 1670 3527 1741 ἀληθῶς
3557 1671 3784 1743 βεϐήλου

524 1762 709 1821 invisae
754 1764 1077 1821 idololatriae
1115 1766 1284 1821 etiam
1316 1766 1628 1837 huiusmodi
1677 1785 1768 1825 res
1806 1772 2104 1828 constitue-

2211 1778 2271 1814 τε
2292 1762 2387 1814 καὶ
2417 1762 2703 1833 θεομισοῦς
2733 1760 3170 1832 εἰδωλολατρίας,
3193 1762 3285 1814 καὶ
3314 1760 3489 1814 τοιάδε
3519 1760 3787 1832 θήσομεν,

524 1870 665 1921 mus,
699 1862 761 1909 ut
795 1856 884 1910 illa
910 1856 1103 1927 procul
1133 1856 1304 1912 dubio
1324 1858 1731 1924 constituimus,
1757 1875 1879 1929 quae
1913 1861 1980 1918 de
2021 1879 2107 1929 ea,

521 1961 644 2016 quae
678 1948 958 2016 generatio
976 1947 1302 2018 appellatur,
1328 1948 1622 2004 vanissime
1644 1949 1924 2007 dicuntur.

590 2033 747 2090 CYR.
791 2036 882 2092 Sic
906 2037 1071 2091 velim
1116 2037 1350 2104 habeas;
1391 2055 1504 2093 non
1560 2039 1721 2094 aliter
1773 2057 1831 2096 se
1876 2041 2105 2112 habere,

522 2126 986 2193 quemadmodum
1013 2127 1132 2198 ipsa
1152 2143 1371 2198 quoque
1390 2144 1574 2184 rerum
1599 2131 1934 2200 experientia
1958 2147 2113 2187 coar-

521 2217 659 2287 guit.
688 2217 773 2273 Ad
800 2218 918 2275 haec
949 2219 1086 2275 illud
1117 2236 1336 2291 quoque
1361 2222 1522 2277 nobis
1559 2221 1810 2277 odiosum
1836 2223 1893 2277 in
1916 2224 2110 2293 primis

520 2323 645 2363 esse
686 2308 872 2376 debet,
909 2310 1159 2366 deditum
1197 2326 1319 2367 esse
1358 2311 1624 2383 auguriis,
1653 2313 2110 2368 insusurrationi-

523 2399 627 2452 bus
651 2407 818 2468 atque
855 2401 1192 2457 carminibus
1239 2419 1252 2454 :
1300 2417 1427 2456 nam
1460 2402 1749 2471 gentilium
1780 2405 2029 2459 nonnulli
2052 2405 2111 2459 in

520 2505 644 2543 eam
670 2490 874 2546 mentis
925 2491 1204 2547 levitatem
1243 2492 1382 2562 lapsi
1428 2501 1576 2559 sunt,
1601 2503 1663 2548 ut
1707 2503 1965 2565 putarent
2005 2511 2108 2551 no-

523 2588 764 2636 strarum
802 2598 992 2636 rerum
1037 2582 1407 2652 cognitionem
1432 2584 1488 2637 iu
1513 2585 1708 2639 avibus
1747 2601 1966 2655 quoque
2011 2602 2111 2655 per

523 2687 651 2727 aera
671 2673 1031 2728 volitantibus
1052 2674 1295 2728 insitam.
1329 2674 1519 2743 Itaque
1548 2677 1766 2731 volatus
1800 2692 2019 2747 quoque
2041 2678 2109 2732 ad

524 2764 796 2818 orientem
819 2772 876 2816 et
918 2763 1284 2827 occidentem,
1327 2763 1395 2817 ad
1443 2765 1694 2818 dextram
1738 2774 1794 2820 et
1830 2767 2109 2821 sinistram

525 2854 743 2910 curiose
767 2851 1142 2922 pervestigant
1189 2868 1253 2907 ac
1272 2893 1287 2917 ,
1314 2852 1488 2908 sicubi
1539 2870 1737 2909 canere
1763 2859 1954 2911 cornix
1989 2858 2108 2915 visa

526 2945 721 3008 fuerit,
758 2942 1024 2999 adhibent
1056 2958 1219 2999 aures
1256 2960 1321 2999 ac
1361 2952 1616 3016 tanquam
1649 2948 1854 3019 aliquid
1892 2953 2110 3008 verissi-

528 3052 677 3092 mum
701 3035 1001 3105 accipiunt,
1047 3036 1282 3107 indeque
1333 3038 1440 3092 laeti
1472 3038 1726 3106 redeunt,
1768 3059 1949 3113 neque
1980 3059 2108 3100 eru-

2212 1852 2465 1927 καθάπερ
2504 1853 2697 1925 ἀμέλει
2724 1853 2817 1906 καὶ
2846 1853 2944 1924 τὴν
2972 1854 3100 1924 περὶ
3133 1854 3232 1923 τῆς
3272 1850 3617 1923 καλουμένης
3642 1851 3807 1921 γενέ-

2212 1962 2350 2009 σεως
2375 1944 2773 2015 είκαιομυθίαν.

2281 2037 2445 2091 ΚΥΡ.
2494 2038 2580 2102 Ὠς
2611 2032 2670 2091 εὖ
2696 2035 2806 2091 ῐσθι
2835 2055 2939 2102 τοι,
2974 2036 3049 2108 μὴ
3080 2036 3280 2107 ἑτέρως
3319 2035 3481 2107 ἔχειν,
3519 2035 3663 2090 καθὰ
3697 2034 3789 2089 καὶ

2211 2127 2350 2199 αὑτὴ
2379 2127 2628 2199 διήλεγξε
2656 2126 2765 2181 τῶν
2799 2127 3143 2199 πραγμάτων
3170 2129 3203 2198 ή
3234 2127 3488 2198 βάσανος.
3516 2126 3627 2180 Καὶ
3654 2126 3786 2197 πρός

2210 2237 2274 2288 γε
2307 2219 2369 2291 δὴ
2397 2220 2606 2285 τούτοις
2642 2221 3076 2292 καταστυγητέον
3103 2217 3159 2274 εὖ
3210 2220 3354 2290 μάλα
3387 2221 3482 2272 καὶ
3514 2218 3576 2272 rb
3610 2234 3788 2288 προσ-

2212 2314 2432 2367 κεῖσθαι
2467 2313 2643 2381 φιλεῖν
2674 2314 2953 2383 ἀνονήτοις
2982 2313 3413 2376 οίωνοσκοπίαις,
3440 2311 3788 2383 ψιθυρισμοῖς

2209 2422 2270 2458 τε
2301 2406 2394 2460 καὶ
2423 2405 2653 2476 ἐπῳδαῖς
2676 2421 2690 2436 °
2724 2404 2815 2459 νοῦ
2848 2404 2957 2476 γὰρ
3000 2404 3264 2476 ἐλαφρίας
3305 2407 3385 2468 εἰς
3415 2404 3573 2458 τοῦτο
3612 2402 3789 2456 διωλι-

2213 2495 2445 2565 σθήκασί
2480 2511 2625 2558 τινες
2661 2493 2768 2547 τῶν
2819 2493 2948 2565 παρ’
2988 2493 3267 2563 Ἕλλησιν,
3315 2494 3393 2557 ὡς
3425 2493 3632 2548 οἴεσθαι
3676 2491 3788 2553 τῶν

2210 2585 2332 2640 καθ’
2359 2586 2509 2656 ἡμᾶς
2533 2584 2875 2656 πραγμάτων
2906 2584 3006 2656 τὴν
3035 2584 3256 2653 γνῶσιν,
3280 2585 3375 2638 καὶ
3403 2587 3515 2647 τοῖς
3543 2585 3625 2647 είς
3649 2584 3790 2655 ἀέρα

2208 2678 2518 2733 διάττουσιν
2549 2677 2828 2746 ἐγκεῖσθαι
2862 2680 3106 2747 πτηνοῖς.
3137 2676 3430 2748 Τοιγάρτοι
3463 2674 3680 2738 καὶτὰς
3705 2674 3788 2737 είς

2211 2770 2284 2825 ἔω
2306 2788 2368 2824 τε
2393 2772 2487 2824 καὶ
2521 2771 2601 2833 είς
2638 2770 2902 2841 ἑσπέραν,
2934 2770 3014 2833 είς
3041 2768 3217 2835 δεξιόν
3240 2785 3301 2822 τε
3336 2769 3432 2821 καὶ
3458 2768 3540 2831 είς
3581 2766 3785 2821 εὐώνυ-

2212 2880 2312 2934 μον
2360 2858 2813 2934 περιεργάζονται
2854 2860 3110 2931 πτήσεις·
3152 2858 3256 2913 κᾶν
3298 2859 3347 2912 εί
3377 2857 3660 2931 κράζουσά
3701 2874 3789 2911 πω

2211 2953 2452 3024 φαίνοιτο
2485 2951 2722 3024 κορώνη,
2752 2951 2814 3006 rb
2852 2946 2942 3016 οὗς
2975 2952 3386 3023 ὑποστήσαντες
3411 2992 3426 3016 ,
3456 2949 3712 3020 καθάπερ
3731 2967 3788 3002 τι

2208 3045 2316 3099 τῶν
2350 3046 2489 3113 ἄγαν
2517 3044 2896 3114 ἀληθεστάτων
2925 3043 3260 3114 ἐκδέχονται,
3310 3042 3402 3096 καὶ
3431 3040 3787 3095 ὕπονοστοΰσι

528 3129 760 3184 hescunt
781 3127 991 3193 miseri,
1018 3128 1096 3183 rei
1135 3128 1277 3183 adeo
1296 3129 1647 3196 venerabilis,
1669 3134 1972 3204 prephetiae
1992 3137 2103 3192 vim

2210 3136 2491 3207 χαίροντες
2509 3152 2522 3166 ·
2550 3134 2912 3207 ὲπερυθριῶσι
2943 3135 2997 3188 δὲ
3022 3133 3273 3204 οὐδαμῶς
3305 3134 3355 3186 οἱ
3384 3132 3609 3187 δείλαιοι
3633 3172 3648 3195 ,
3688 3132 3788 3202 τῆς

527 3218 756 3275 aviculis
777 3218 1047 3274 tribuere.
1065 3217 1389 3289 Hujusmodi
1414 3229 1599 3277 autem
1616 3223 1844 3280 honesta
1874 3227 2103 3294 scilicet,

530 3318 588 3363 ut
618 3310 723 3381 ipsi
762 3324 951 3366 secum
998 3317 1216 3380 putant,
1270 3312 1413 3366 ratio
1461 3312 1768 3384 afﬁngitur;
1823 3333 1924 3386 per
1960 3319 2107 3388 ipsas

527 3399 695 3464 enim,
724 3398 1000 3467 inquiunt,
1028 3396 1105 3452 dii
1132 3399 1452 3454 ostendunt.
1495 3400 1607 3455 Nos
1635 3409 1817 3456 autem
1842 3402 1974 3459 deos
1995 3420 2105 3460 non

527 3505 649 3544 esse
688 3488 926 3544 dicimus
967 3497 1242 3559 apostatas
1284 3490 1535 3560 angelos,
1583 3506 1614 3545 a
1646 3493 1846 3562 quibus
1889 3494 1956 3548 ad
2006 3510 2108 3551 nos

529 3578 798 3648 praeclari,
823 3576 874 3632 si
895 3577 1007 3634 Deo
1031 3580 1229 3650 placet,
1254 3587 1419 3650 atque
1449 3579 1801 3639 admirabiles
1830 3585 2108 3655 prephetae

529 3677 586 3725 et
609 3685 794 3726 rerum
820 3670 1129 3726 futurarum
1154 3672 1367 3742 praescii
1386 3672 1657 3744 legantur,
1684 3683 1872 3746 arguta
1897 3678 2104 3742 cornix,

530 3768 587 3814 et
628 3776 842 3832 prmpes
887 3760 1173 3833 accipiter,
1215 3770 1273 3817 et
1310 3762 1476 3818 variae
1521 3763 1807 3834 palumbes
1859 3763 1940 3835 (ut
1975 3765 2109 3835 ipsis

530 3852 819 3922 gentilium
862 3860 1151 3908 auctorum
1187 3852 1372 3909 verbis
1411 3854 1556 3927 utar)
1595 3862 1651 3909 et
1696 3864 1905 3911 caetera:
1944 3872 2104 3924 aves;

532 3944 695 4014 210
716 3942 910 4013 dignos
942 3944 1152 4000 scilicet
1189 3944 1394 4001 talibus
1421 3945 1527 4002 diis
1562 3947 1875 4018 prophetas,
1908 3950 2108 4019 quibus

535 4033 609 4088 illi
648 4032 890 4103 garritus
910 4032 976 4088 ad
1015 4048 1108 4089 vos
1130 4033 1476 4102 deferendos,
1510 4037 1791 4103 insonent;
1819 4054 1918 4094 vos
1942 4040 2107 4096 etiam

533 4126 721 4181 felices
739 4140 805 4181 ac
830 4125 1044 4194 beatos,
1070 4128 1166 4199 qui
1189 4127 1328 4184 tales
1353 4127 1586 4184 deorum
1604 4128 1933 4202 interpretes
1963 4135 2104 4189 nacti

532 4220 686 4287 sitis;
716 4219 874 4275 obliti
912 4230 1098 4277 autem
1144 4222 1300 4287 estis,
1326 4226 1389 4277 ut
1428 4236 1519 4278 res
1559 4221 1819 4289 declarat,
1860 4227 2109 4295 quamvis

531 4321 841 4369 vestrorum
890 4321 1177 4386 poetarum
1222 4314 1513 4387 opiniones
1557 4316 1815 4372 admirari
1861 4320 2104 4387 soleatis,

2211 3225 2352 3280 οὓτω
2383 3225 2591 3295 σεπτῆς
2611 3224 2949 3295 προφητείας
2974 3224 3073 3296 τὴν
3095 3223 3322 3295 δύναμιν
3346 3223 3420 3295 (ι)
3444 3221 3788 3284 ἀνατιθέντες

2214 3315 2537 3386 στρουθίοις.
2574 3314 2776 3386 Σεμνὸς
2812 3314 2870 3368 δὲ
2902 3315 3089 3379 αὐτοῖς
3118 3314 3481 3385 ὲκπεποίηται
3519 3311 3789 3366 τοιουτοσὶ

2213 3407 2398 3477 λόγος,
2427 3406 2616 3479 ὥσπερ
2658 3406 2860 3460 οἴονται
2894 3405 3036 3460 κατὰ
3081 3407 3220 3475 σφᾶς
3261 3403 3489 3468 αὐτούς·
3533 3403 3787 3472 φαίνουσι

2212 3500 2321 3572 γάρ
2353 3500 2421 3554 δι’
2452 3499 2632 3555 αὐτῶν
2671 3500 2721 3553 oi
2763 3500 2907 3563 θεοὶ,
2939 3499 3123 3571 φησίν.
3171 3498 3362 3570 Ἡμεῖς
3406 3497 3462 3551 δὲ
3502 3497 3662 3561 θεοὺς
3688 3496 3788 3549 οὐκ

2213 3588 2351 3646 εἷναί
2381 3607 2561 3662 φαμεν
2603 3590 2730 3655 τοὺς
2755 3591 3067 3655 ἀποστάτας
3102 3589 3402 3658 ἀγγέλους,
3431 3587 3562 3659 παρ’
3593 3579 3670 3643 ὧν
3708 3589 3787 3651 είς

2213 3688 2360 3759 ἡμᾶς
2391 3684 2585 3754 ἀγαθοί
2611 3703 2670 3739 τε
2709 3685 2802 3739 καὶ
2837 3685 3157 3753 ἀξιάγαστοι
3183 3682 3460 3754 προφῆται
3488 3679 3788 3751 κεχειροτις⁴

2213 3796 2421 3850 νηνται,
2453 3778 2549 3832 καὶ
2572 3777 2681 3830 τῶν
2708 3776 2984 3847 ἐσομένων
3007 3775 3056 3828 οἱ
3084 3773 3345 3843 γνῶσται,
3366 3773 3401 3844 ἦ
3430 3789 3489 3825 τε
3510 3769 3788 3842 λακέρυζα

2213 3868 2450 3942 κορώνη,
2480 3868 2576 3923 καὶ
2600 3868 2705 3940 μὴν
2731 3869 2825 3922 καὶ
2849 3865 3167 3938 ὠκύπτερος
3191 3862 3336 3936 ἴρηξ,
3369 3861 3555 3928 ξουθαί
3576 3878 3639 3915 τε
3677 3862 3786 3916 πέσ-

2213 3963 2387 4027 λειαι,
2428 3961 2572 4016 κατά
2613 3977 2677 4029 γε
2721 3959 2848 4023 τοὺς
2890 3958 3020 4030 παρ’
3044 3956 3274 4029 Ἕλλησι
3314 3956 3539 4024 λόγους,
3582 3954 3680 4008 καὶ
3716 3951 3785 4006 τὰ

2213 4056 2376 4126 ἔτερα
2409 4053 2516 4108 τῶν
2549 4050 2868 4122 στρουθίων,
2902 4048 3042 4115 ἄξιοί
3070 4065 3135 4118 γε
3167 4049 3223 4101 οι
3254 4044 3530 4117 προφῆται
3564 4042 3673 4097 τῶν
3701 4044 3785 4096 ὲν-

2214 4142 2487 4216 ηχούντων
2526 4142 2710 4205 αὐτοῖς
2752 4140 2819 4194 τὰ
2853 4140 2935 4204 είς
2976 4139 3124 4210 ἡμᾶς
3151 4136 3347 4200 αὐτοὺς
3388 4132 3779 4205 τερετίσματα·

2214 4238 2380 4293 ὄλϐιοι
2396 4237 2452 4291 δὲ
2477 4236 2570 4290 κοιλ⁸
2591 4235 2748 4306 ὑμεῖς
2767 4233 2859 4288 καὶ
2878 4230 3231 4302 ἀξιοζήλωτοι
3252 4228 3506 4284 τοιούτων
3529 4226 3782 4298 τυχόντες

2213 4331 2321 4385 τῶν
2354 4328 2631 4401 θεηγόρων
2651 4343 2665 4358 ·
2695 4325 2990 4397 ἐκλέλησθε
3017 4324 3074 4378 δὲ
3115 4323 3192 4387 ὡς
3233 4321 3378 4376 ἔοικε
3422 4320 3519 4375 καὶ
3548 4319 3649 4383 τὰς
3677 4317 3783 4371 τῶν

534 4406 668 4473 ipsis
688 4420 908 4476 quoque
943 4422 1065 4463 eam
1097 4406 1391 4463 ridiculam
1432 4406 1638 4474 videri,
1673 4415 1731 4463 et
1770 4425 1941 4481 nugas
1960 4426 2104 4478 esse,

2216 4424 2345 4494 παρ’
2385 4422 2513 4492 ὑμῖν
2549 4417 2787 4488 ποιητῶν
2819 4415 3190 4487 θαυμάζοντες
3223 4413 3403 4480 δόξας,
3445 4413 3528 4503 ὅτι
3564 4410 3658 4464 καὶ
3688 4409 3785 4503 ati-

532 4512 597 4551 ae
659 4512 781 4553 rem
842 4513 1073 4569 prorsus
1142 4501 1395 4557 inutilem
1460 4500 1756 4572 potavisse.
1838 4502 2104 4560 Homerus

2220 4517 2333 4578 τοῖς
2380 4513 2553 4567 ἐδόκει
2582 4509 2643 4563 rb
2665 4511 2853 4582 χρῆμα
2877 4507 3151 4578 διαγελᾷν,
3193 4503 3351 4559 ὕθλον
3378 4521 3439 4557 τε
3467 4498 3608 4556 εἶναι
3635 4500 3783 4572 νομί-

531 4592 681 4647 cnim
707 4608 724 4646 :

817 4810 962 4884 Mitte
996 4811 1219 4880 agedum
1245 4809 1500 4884 uolucres,
1526 4812 1730 4883 ignave,
1759 4812 1957 4884 inquit,

534 4880 654 4951 Sive
676 4877 878 4951 intend
900 4877 1163 4951 daturam,
1185 4878 1413 4951 solisque
1436 4877 1676 4951 feru'ntur
1703 4884 1771 4937 ad
1801 4877 1968 4948 ortus,

534 4950 640 5004 Seu
660 4948 830 5019 magis
862 4945 931 5000 ad
961 4945 1169 5012 lteram,
1194 4945 1369 5003 densa:
1395 4945 1554 5020 régna
1579 4953 1793 5007 humida
1827 4945 2010 5010 noctis.

2211 4607 2325 4672 ζειν
2369 4604 2521 4667 αὐτὸ,
2555 4603 2646 4657 καὶ
2682 4601 2788 4654 τῶν
2827 4598 3140 4667 ἀναγκαίων
3186 4595 3359 4650 οὐδέν.
3396 4595 3650 4667 Ὅμηρος
3686 4592 3781 4663 μὲν

2209 4699 2339 4769 γάρ·

2293 4816 2360 4867 Ὢ
2392 4810 2607 4870 πέπον,
2637 4804 2885 4877 οιῳνοὺς
2912 4802 3031 4877 μὲν
3055 4801 3146 4877 ἔρις
3180 4800 3472 4877 (eustyli).

2291 4882 2408 4936 Εἶτ’
2442 4881 2536 4933 ἐπὶ
2567 4875 2711 4941 δέξι⁹
2742 4877 2871 4928 ῐωσι
2899 4870 3049 4941 πρὸς
3068 4871 3154 4939 ήώ
3173 4870 3235 4941 τέ
3252 4870 3459 4941 ἠέλιόν
3480 4886 3564 4941 τε,

2287 4951 2408 5005 Εἶτ’
2442 4950 2532 5002 ἐπ’
2567 4940 2878 5015 ἀριστερὰ,
2893 4940 2984 4997 τοι
3002 4957 3068 5009 γε
3103 4940 3239 4994 ποτὶ
3273 4940 3454 5010 ζόφον
3476 4940 3781 5008 ἠερόεντα.

536 5062 831 5136 Euripides
852 5075 984 5118 vero
998 5060 1221 5117 stultam
1246 5076 1361 5116 rem
1383 5077 1502 5117 esse
1524 5063 1791 5132 decernit,
1814 5068 2104 5126 observare

2214 5062 2508 5137 Εὐριπίδης
2572 5059 2629 5112 δὲ
2677 5056 2862 5126 σαφῶς
2908 5054 3003 5109 καὶ
3041 5052 3346 5122 ἀναφανδὸν
3379 5050 3659 5123 καθορίζει
3724 5050 3784 5103 rb

535 5159 720 5212 :wium
770 5154 988 5211 volatus
1013 5171 1026 5206 :
1051 5168 1179 5208 nam
1218 5153 1492 5208 Theseum
1560 5155 1740 5226 inquit
1778 5159 1881 5231 (ὅ),
1918 5161 2104 5217 furore

2216 5157 2445 5228 μάταιον
2470 5150 2564 5215 τοῦ
2605 5145 3085 5204 κατασκέπτεσθαι
3121 5145 3229 5199 δεῖν
3275 5145 3376 5208 τάς
3409 5143 3618 5198 οἰωνῶν
3668 5143 3781 5196 διαο

536 5249 801 5304 adversus
846 5245 1200 5318 Hippolytum
1249 5243 1421 5300 tilium
1478 5244 1899 5315 inﬂammatum,
1941 5260 2104 5324 atque

2212 5241 2650 5321 πτήσεις.Θησέα
2666 5241 2763 5311 μὲν
2789 5237 2896 5309 γὰρ
2923 5237 3220 5308 Ἱππολύτῳ
3244 5236 3375 5307 φησὶ
3402 5233 3780 5305 ἐπιμαίνεσθαι

537 5340 703 5393 etiam
729 5348 794 5394 ut
833 5339 987 5393 illum
1026 5352 1057 5393 e
1122 5336 1301 5408 patrio
1344 5337 1461 5392 solo
1505 5336 1736 5408 pelleret
1769 5342 2103 5408 molientem,

2210 5338 2290 5411 τῷ
2318 5336 2504 5407 οἰκείῳ
2542 5331 2715 5397 παιδὶ,
2746 5330 2839 5385 καὶ
2871 5328 2935 5401 δὴ
2966 5329 3061 5382 καὶ
3101 5326 3288 5399 ἑξελᾷν
3317 5327 3415 5399 τῆς
3454 5325 3788 5396 ἐνεγκούσης

537 5443 662 5482 cum
692 5428 783 5484 ille
809 5427 1018 5484 diceret
1043 5445 1057 5481 :

607 5539 670 5570 "‘
714 5536 850 5594 Osee
884 5540 1033 5601 ΝΑ.
1065 5539 1118 5592 6.

616 5636 690 5708 (ι’)
890 5634 1090 5708 Ϋξιΐίῡη
1123 5636 1372 5705 δήλωτιν,
1407 5637 1868 5706 signiﬁcationum.

617 5703 689 5775 (ε)
720 5703 879 5760 Iliad.
911 5704 982 5757 zu.

2220 5433 2538 5503 ἐπιχειρεῖν.
2583 5426 2824 5482 Ἐκείνου
2856 5422 2914 5476 δὲ
2934 5423 3255 5491 φάσκοντος*

2401 5633 2456 5688 in
2484 5630 2761 5701 Ηίρροίῃίο
2793 5640 3061 5683 coronato.
