4138 6300
322 318 434 375 469

402 433 539 489 066’
568 433 771 499 ὅρκον.
804 432 942 484 οὔτε
967 432 1202 500 πίστιν,
1229 432 1373 485 οὐδὲ
1398 430 1674 500 μάντεων

398 501 606 573 Φήμας
629 500 903 571 ἐλέγξας,
936 499 1179 570 ἄκριτον
1206 499 1525 568 ἐκϐάλλεις
1551 518 1628 572 με
1656 501 1791 572 τῆς.

324 617 512 691 Θησέα
540 617 677 688 πρὸς
704 613 866 669 τοῦτο
896 615 1072 670 εἰπεῖν
1094 633 1107 646 ·

406 733 470 786 Ἠ
496 730 714 796 δέλτος
738 730 849 798 ἥδε
872 730 1102 799 κλῆρον
1131 733 1202 787 οὐ
1232 731 1555 801 δεδεγμένη

398 801 729 872 Κατηγορεῖ
747 818 864 856 σου
890 801 1093 856 πιστά·
1132 802 1275 868 τοὺς
1298 804 1349 858 δ’
1380 802 1531 872 ὑπὲρ
1564 803 1717 871 κάρα

399 871 735 939 Φοιτῶντας
764 872 978 941 ὄρνεις,
1012 873 1193 928 πόλλ’
1221 874 1335 943 ἐγὼ
1366 871 1597 944 χαίρειν
1621 873 1797 944 λέγω.

321 987 438 1041 Καὶ
469 984 575 1058 μὴν
605 986 901 1056 ἀξιόχρεως
934 988 967 1057 ή
998 984 1134 1039 Θεοῦ
1162 989 1315 1060 φωνὴ
1342 989 1540 1058 γένοιτ’
1570 988 1658 1054 ἃν,
1688 989 1784 1044 καὶ
1810 990 1910 1061 τῆς

322 1079 385 1130 ὲν
413 1076 583 1147 δέλτῳ
617 1077 856 1148 γραφῆς,
892 1077 1134 1148 ἀμείνων
1172 1080 1205 1151 ἡ
1235 1079 1441 1146 πίστις,
1480 1081 1638 1153 εἴπερ
1665 1083 1783 1137 ἐστὶ
1816 1083 1910 1136 καὶ

324 1168 650 1237 ψευδοεπεῖν
690 1168 792 1222 οὐκ
822 1169 1050 1232 ἀπεικὸς
1089 1171 1238 1240 ἡμᾶς
1262 1186 1275 1201 ⁵
1311 1173 1477 1243 μηδὲν
1515 1173 1571 1228 δὲ
1600 1175 1866 1246 ἁμαρτεῖν
1891 1214 1907 1237 ,

324 1257 443 1311 ἔστι
477 1256 636 1322 Θεοῦ,
676 1259 771 1312 καὶ
802 1257 864 1313 τὸ
919 1258 1119 1330 ἀληθὲς
1148 1261 1231 1315 ὅτι
1279 1262 1515 1333 μάλιστα
1551 1264 1724 1332 φίλον.
1767 1265 1909 1320 Ἀλλ’

324 1350 446 1421 ᾔδει
477 1367 581 1404 που
625 1349 843 1414 πάντως
871 1353 999 1415 τοὺς
1035 1352 1172 1423 ὑπὲρ
1215 1353 1360 1424 κάρα
1394 1356 1696 1423 φοιτῶντας
1731 1355 1911 1427 ὄρνεις

326 1441 545 1513 Θησεὺς
575 1482 589 1505 ,
618 1443 767 1497 οὐδὲν
817 1443 977 1507 ὄντας
1019 1444 1318 1509 παντελῶς.
1365 1447 1575 1502 Οὐκοῦν
1613 1446 1910 1513 δαιμονίοις

331 1535 438 1603 μὲν
484 1535 772 1589 ἀναθετέον
804 1535 919 1591 οὔτι
959 1555 1047 1591 πω
1079 1536 1188 1591 τῶν
1225 1539 1500 1609 ἐσομένων
1544 1539 1642 1611 τὴν
1682 1542 1906 1610 γνῶσιν,

248 1634 253 1641 ’
327 1625 450 1695 Θεῷ
498 1627 554 1680 δὲ
590 1628 791 1698 μᾶλλον
822 1631 993 1701 αὐτὴν
1026 1632 1442 1703 προσνεμοῦμεν
1481 1633 1558 1698 ὡς
1607 1634 1907 1706 ἐξαίρετον.

328 1718 442 1771 Καὶ
474 1719 810 1789 φενακισμὸς
843 1720 996 1774 ἔσται
1035 1721 1241 1786 λοιπὸν,
1269 1723 1340 1776 τὰ
1370 1724 1480 1777 τῶν
1513 1724 1740 1796 ὀρνίθων
1770 1745 1908 1798 μαν-

328 1809 582 1879 τεύματα
607 1851 621 1875 ,
654 1811 749 1864 καὶ
807 1810 1043 1877 διανοίας
1073 1814 1173 1867 οὐκ
1199 1814 1473 1884 ἀσφαλοῦς
1507 1815 1725 1887 ἔλεγχος
1755 1819 1915 1889 ἐναρ-
1946 1789 1988 1844 Β

329 1899 456 1971 γῆς,
485 1903 520 1972 ἡ
561 1902 655 1955 ἐπὶ
707 1902 842 1974 τῷδε
869 1905 1070 1966 πίστις.
1117 1907 1228 1962 Καὶ
1265 1908 1430 1973 αὐτὸς
1458 1909 1516 1963 δέ
1547 1910 1648 1963 πού
1695 1928 1861 1982 φησιν
1884 1911 1914 1964 ό

329 1992 524 2062 νόμος·
563 2014 581 2046 ι
642 1995 755 2048 Οὐκ
785 1998 1119 2063 οίωνιεῖσθε,
1160 2018 1180 2052 ι
1221 1999 1474 2072 βδελυρὸν
1511 2003 1572 2056 τὸ
1615 2002 1808 2074 χρῆμα
1835 2005 1915 2059 εί.-

328 2084 457 2149 δὼς,
510 2087 607 2140 καὶ
645 2088 726 2141 ὅτι
762 2089 999 2158 μάλιστα
1034 2080 1514 2165 κατεστυγημένον
1544 2096 1698 2167 παρά
1725 2112 1790 2165 γε
1835 2096 1915 2167 τῷ

333 2175 552 2229 πάντων
588 2176 879 2248 κρατοῦντι
911 2178 1051 2248 Θεῷ.

401 2266 616 2323 ΠΑΛΛ.
652 2262 779 2322 ’Ὧδε
805 2270 980 2324 ταῦτα
1011 2271 1155 2342 ἔχειν
1182 2274 1276 2327 καὶ
1300 2275 1451 2345 αὐτῷ
1487 2293 1577 2346 μοι
1604 2277 1771 2332 δοκεῖ.

402 2356 570 2413 ΚΥΡ.
620 2360 835 2431 Ἐπειδὴ
864 2361 920 2415 δὲ
950 2362 1134 2427 πάλιν,
1169 2365 1262 2418 καὶ
1291 2368 1318 2419 ὁ
1347 2366 1602 2437 λαθραϊος
1637 2362 1791 2434 οὗτος
1822 2370 1915 2424 καὶ

330 2449 693 2520 γραοπρεπὴς
725 2449 1055 2522 ψιθυρισμὸς
1076 2493 1089 2517 ,
1121 2456 1375 2526 γοητείας
1407 2457 1473 2511 ἂν
1521 2459 1606 2531 εἴη
1639 2464 1805 2533 μοῖρα
1846 2464 1917 2518 τά

329 2541 430 2595 καὶ
458 2542 681 2612 τρόπος.
722 2545 1011 2616 Τοιγάρτοι
1050 2549 1144 2601 καὶ
1173 2549 1202 2601 ὁ
1228 2548 1519 2617 θεσπέσιος
1552 2555 1761 2626 Μωσῆς
1788 2559 1915 2622 τοὺς

332 2633 541 2688 ἄνωθεν
573 2635 705 2705 ἡμῖν
747 2634 1098 2709 διεσαφήνισε
1128 2638 1328 2710 νόμους
1348 2683 1363 2706 ,
1394 2642 1480 2694 ἀεὶ
1524 2644 1813 2699 συνάπτων
1847 2645 1916 2700 τὰ

274 2714 278 2723 ’
333 2723 815 2797 πλημμελήματα,
857 2730 951 2782 καὶ
990 2729 1155 2783 οίονεί
1200 2748 1316 2796 πως
1358 2733 1417 2787 ὲν
1457 2734 1778 2808 ἀδελφότητι
1820 2737 1917 2792 καὶ

330 2817 573 2889 δμοφυῖᾳ
618 2819 786 2884 τιθεὶς
823 2823 889 2892 τῇ
936 2824 1261 2895 φαρμακείᾳ
1307 2825 1408 2897 τὴν
1448 2826 1682 2899 ἐπωδήν.
1737 2848 1756 2881 ι
1802 2831 1916 2884 Οὐκ

332 2908 486 2962 ἔσται
514 2909 647 2982 γὰρ,
671 2910 929 2981 ἔφασκεν,
960 2915 1016 2967 ἐν
1044 2915 1172 2984 ὑμῖν
1205 2919 1603 2988 μαντευόμενος
1632 2921 1913 2992 μαντείαν,

330 3001 714 3073 οἰωνιζόμενος
751 3005 843 3058 καὶ
875 3006 1348 3078 κληδονιζόμενος,
1382 3013 1695 3082 φαρμακδς,
1726 3015 1917 3069 ἐπαοι-

1074 317 1163 372 DE
1203 316 1644 373 ADORATIONE
1682 317 1749 372 IN
1792 315 2060 372 SPIRITU
2101 318 2199 373 ΕΤ
2234 318 2596 377 ΥΕΒΠΑΤΕ.
2639 322 2767 377 LlB.
2816 322 2898 377 Vl.

3490 327 3609 383 4τῦ

1933 434 1980 489 Α
2073 432 2181 510 I_V_ec
2201 434 2732 510 jusjurandumnee
2761 435 2921 504 ﬁdem
2946 447 3240 507 expendet“
3269 440 3449 510 prius.

2084 502 2191 556 Nec
2213 502 2356 559 dicta
2383 514 2586 572 vatum,
2611 502 2809 561 indicta
2834 523 2914 561 me
2939 502 3101 562 causa
3130 502 3315 579 ejicis'?

2018 612 2291 669 Theseum
2321 615 2386 670 ad
2412 616 2530 672 haec
2552 617 2900 688 respondisse
2927 635 2941 671 ι

2121 726 2245 802 ῌωε
2265 730 2382 799 ipsa
2400 737 2457 802 te
2478 730 2699 797 tabella,
2731 732 2886 786 sortis
2913 731 3046 786 nihil
3065 749 3220 802 egens

2120 799 2364 862 Accusat,
2388 801 2496 854 haec
2520 803 2777 856 convincit
2805 818 2821 855 :
2845 802 2978 856 istas
3000 799 3180 856 arulam
3210 820 3330 858 aves

2126 867 2313 923 Valere
2330 870 2512 941 jubeo,
2541 888 2658 942 qum
2684 888 2849 943 supra
2869 881 3028 943 caput
3052 871 3252 928 volant.

2015 983 2180 1053 Atqui
2211 984 2307 1039 Dei
2338 1000 2442 1040 vox
2467 994 2617 1041 certe
2646 985 2880 1042 idoneus
2912 995 2998 1041 est
3023 995 3235 1052 auctor,
3257 1002 3431 1058 eaque
3463 990 3595 1046 ﬁdes

2014 1076 2214 1132 litteris
2244 1076 2414 1133 libelli
2438 1078 2671 1141 certior,
2713 1076 2987 1147 siquidem
3030 1078 3250 1132 mentiri
3293 1093 3403 1133 non
3451 1089 3538 1135 est
3566 1097 3596 1135 a

2015 1167 2177 1223 nobis
2197 1156 2436 1224 alienum
2467 1187 2479 1223 :
2506 1168 2605 1225 sed
2626 1169 2764 1224 nihil
2787 1183 3036 1239 peccare,
3059 1168 3155 1223 Dei
3181 1176 3267 1223 est
3290 1170 3594 1240 proprium.

2015 1262 2179 1332 eique
2201 1263 2405 1319 veritas
2430 1272 2662 1335 cognata
2694 1263 2949 1319 maxime.
2976 1261 3084 1318 Sed
3111 1263 3320 1318 sciebat
3341 1262 3599 1321 videlicet

2017 1352 2243 1407 omnino
2281 1352 2528 1409 Theseus
2572 1367 2703 1408 aves
2743 1366 2909 1422 supra
2953 1360 3119 1422 caput
3167 1352 3419 1407 volantes
3458 1352 3598 1409 nihil

2015 1459 2138 1500 esse
2177 1459 2447 1515 prorsus,
2474 1444 2597 1499 Non
2639 1444 2812 1515 igitur
2851 1443 3139 1499 daemoniis
3184 1442 3298 1499 ullo
3321 1443 3597 1500 modo'est

2015 1536 2345 1592 ascribenda
2391 1552 2579 1592 rerum
2621 1536 2934 1592 futurarum
2980 1536 3251 1607 cognitio,
3300 1536 3397 1592 sed
3452 1536 3599 1592 illam

2017 1627 2201 1696 potius
2218 1628 2330 1683 Deo
2365 1636 2624 1698 tanquam
2650 1627 2984 1699 praecipuam
3006 1631 3343 1699 tribuemus;
3368 1642 3425 1689 et
3443 1647 3600 1704 nugas

2014 1726 2187 1773 erunt
2224 1723 2454 1789 posthac
2493 1720 2678 1775 avium
2723 1721 3145 1793 praedictiones;
3172 1738 3254 1779 ac
3292 1724 3429 1780 ﬁdes
3471 1725 3600 1780 huic

2016 1812 2096 1866 rei
2119 1812 2387 1879 adhibita,
2414 1816 2615 1870 mentis
2646 1830 2842 1886 parum
2868 1815 3039 1871 arma:
3063 1817 3327 1873 indicium
3349 1818 3595 1873 evidens.

2014 1903 2136 1975 Ipsa
2173 1902 2393 1977 quoque
2434 1906 2682 1977 profecto
2734 1908 2824 1963 lex
2866 1909 2944 1963 ait
2994 1925 3027 1963 :.
3071 1928 3090 1961 ‹
3142 1910 3263 1967 Νοιι
3307 1912 3607 1984 augurahio.

2016 1997 2153 2052 mini
2181 1998 2255 2063 ²⁹;
2291 2018 2308 2050 ι
2341 1998 2489 2069 quod
2514 2014 2636 2054 eam
2670 2015 2788 2055 rem
2820 2000 3215 2057 exsecrandam
3246 2017 3370 2058 esse
3407 2002 3603 2065 sciret,

2015 2097 2074 2146 et
2104 2092 2352 2147 omnium
2376 2091 2710 2149 dominatori
2728 2093 2863 2159 Deo,
2884 2092 2943 2147 in
2975 2094 3169 2165 primis
3191 2095 3476 2151 odiosam,

2096 2268 2297 2324 PALL.
2335 2269 2461 2325 Haec
2490 2269 2566 2324 ita
2591 2286 2650 2326 se
2675 2269 2885 2326 habere
2920 2270 3058 2325 mihi
3078 2285 3319 2340 .quoque
3358 2269 3597 2324 videtur.
3626 2316 3635 2321 _

2084 2360 2242 2418 CYR.
2276 2360 2583 2417 Incantatio
2621 2377 2816 2418 rursus
2848 2370 2904 2417 et
2942 2361 3035 2417 illa
3078 2362 3291 2417 occulta
3329 2368 3387 2416 et
3440 2361 3601 2416 anili:
3632 2403 3637 2406 .

2017 2453 2404 2519 insusurratio,
2444 2454 2669 2525 magica:
2701 2453 2838 2508 artis
2874 2468 3002 2523 pars
3026 2460 3191 2523 atque
3228 2454 3442 2523 species
3481 2469 3601 2508 ess"

2015 2546 2254 2600 videtur.
2293 2544 2484 2615 Itaque
2516 2547 2680 2600 etiam
2712 2546 2908 2601 beatus
2931 2544 3140 2616 Moyses
3162 2560 3427 2614 supernas
3456 2545 3615 2615 leges

2015 2636 2178 2690 nobis
2199 2636 2518 2702 declaravit,
2540 2637 2634 2706 qui
2658 2651 2878 2705 semper
2907 2635 3024 2690 hate
3049 2643 3273 2705 peccata
3295 2634 3599 2705 conjunxit,
3640 2684 3643 2685 ν

2015 2734 2072 2783 et
2110 2734 2373 2798 tanquam
2420 2737 2670 2799 cognata,
2725 2726 3017 2798 aﬂiniaque
3066 2726 3300 2782 crimina
3345 2741 3601 2782 unacum

2015 2819 2300 2876 veneﬁciis
2322 2819 2752 2875 incantationem
2786 2818 3083 2876 recensuit.
3111 2818 3201 2873 Ait
3222 2816 3372 2872 enim
3394 2834 3455 2869 :1
3485 2816 3602 2872 Non

2016 2909 2125 2964 erit
2146 2909 2205 2965 in
2225 2909 2385 2966 vobis
2409 2909 2663 2965 divinans
2684 2910 2843 2979 211
2879 2909 3295 2975 divinationem,
3331 2922 3605 2978 augurans
3642 2946 3645 2949 »

2015 3007 2074 3056 et
2116 3001 2406 3067 ominans,
2475 3000 2789 3067 veneﬁcus,
2834 3001 3176 3067 incantator,
3220 3009 3604 3073 portentorum

331 3093 441 3161 δὺς,
461 3097 886 3167 τερατοσκόπος,
911 3100 1006 3153 καὶ
1022 3100 1480 3172 ὲγγαστρίμυθος,
1501 3106 1595 3159 καὶ
1621 3106 1915 3177 ἐπερωτῶν

2020 3093 2375 3161 observator,
2431 3103 2489 3151 et
2533 3095 2833 3167 pythonem
2875 3095 3105 3161 habens,
3153 3103 3211 3151 et
3259 3096 3606 3167 interrogans

330 3187 459 3250 τοὺς
489 3188 738 3257 νεκρούς.
785 3207 805 3240 ι
858 3189 1020 3242 Ἀλλὰ
1044 3194 1191 3244 νοσεῖ
1227 3192 1326 3262 μὲν
1360 3195 1600 3265 ἡὲπῳδὴ
1626 3196 1687 3250 τὸ
1724 3199 1920 3251 πάναι-

332 3295 497 3350 σχρον
526 3279 743 3350 κομιδῇ,
769 3280 939 3333 καὶτὸ
961 3283 1018 3334 ἐν
1038 3282 1191 3353 κακῷ
1218 3285 1430 3338 κεῖσθαι
1455 3284 1596 3351 λίαν,
1622 3288 1921 3360 ἀνεπτόην-

330 3387 423 3424 ται
453 3371 509 3423 δὲ
538 3371 639 3423 οὐκ
657 3366 921 3435 οἷδ’ὂπως
953 3374 1034 3437 είς
1061 3373 1221 3428 τοῦτό
1255 3392 1423 3439 τινες,
1459 3368 1639 3431 ἐκεῖνό
1668 3378 1918 3447 λέγοντες

333 3462 419 3515 δτι
464 3462 672 3532 Κύριον
718 3464 944 3518 Σαϐαὼθ
994 3466 1321 3536 ὀνομάζουσι
1368 3470 1766 3541 κατεπᾴδοντες
1805 3474 1917 3535 τοῖς

333 3553 751 3626 ὴρῤωστηκόσιν
785 3557 834 3608 οἱ
866 3554 974 3608 τῶν
1011 3557 1233 3612 τοιῶνδε
1281 3560 1591 3629 μελεδωνοὶ.
1622 3563 1807 3634 Ταύτῃ
1836 3580 1919 3616 τοι

336 3646 432 3698 xui.
461 3644 748 3715 ἐμπεδοῦν,
777 3647 860 3700 ὄτι
892 3647 968 3719 μὴ
1008 3650 1234 3721 αἰσχρὸν
1279 3650 1366 3720 εἴη
1401 3650 1589 3705 λοιπον
1619 3653 1681 3706 τὸ
1723 3655 1917 3725 ἐπιτή-

336 3737 515 3808 δευμα
547 3778 561 3802 ,
614 3739 1047 3796 διασπεύδουσιν.
1099 3743 1339 3797 Ἐοίκασι
1389 3745 1445 3798 δὲ
1482 3745 1675 3817 ψυχρῷ
1711 3765 1770 3801 τε
1825 3749 1920 3802 καὶ

337 3828 567 3901 ἀδρανεῖ
609 3830 743 3902 πρὸς
782 3832 1000 3903 ἀπάτην
1042 3832 1142 3886 καὶ
1183 3834 1613 3904 φρενοϐλάϐειαν
1648 3837 1918 3908 ἀποκομίο

331 3917 527 3984 ζεσθαι
558 3920 802 3993 λογισμῷ
825 3939 838 3952 ·
887 3923 1166 3993 τοιγάρτοι
1198 3924 1291 3978 τοῦ
1330 3926 1655 3998 πράγματος
1683 3929 1766 3982 ὅτι
1815 3930 1919 4002 μά-

329 4011 490 4067 λιστα
521 4014 810 4085 δυσαχθὲς,
837 4016 972 4070 αὐτὸ
995 4017 1058 4086 δὴ
1092 4016 1251 4070 τοῦτό
1275 4020 1443 4074 ἐστιν.
1486 4020 1675 4091 Ἡμεῖς
1698 4024 1807 4095 γάρ
1835 4023 1915 4091 τὺ,

330 4105 539 4177 Κύριος
559 4106 813 4172 Σαϐαὼθ,
836 4107 912 4177 τῷ
944 4108 1052 4162 τῶν
1083 4109 1219 4164 ὅλων
1241 4111 1629 4184 ἀναφωνοῦμεν
1656 4114 1774 4187 Θεῷ
1793 4157 1807 4179 ,
1831 4116 1920 4171 δο-

334 4194 574 4264 ξολογεῖν
592 4196 888 4262 ὲθέλοντεςυ
907 4198 1078 4269 ἑτέρῳ
1106 4217 1170 4269 γε
1190 4200 1297 4272 μὴν
1313 4201 1422 4256 τῶν
1442 4202 1611 4257 ὄντων
1632 4204 1805 4259 οὐδενὶ
1823 4204 1920 4276 τὴν

334 4286 543 4341 τοιάνδε
565 4288 760 4358 κλῆσιν
788 4289 1015 4361 ἐφίεμεν
1038 4290 1200 4362 ἔχειν.
1231 4289 1324 4356 Εἷς
1341 4293 1447 4365 γὰρ
1470 4295 1564 4349 καὶ⁸
1589 4296 1748 4366 μόνος
1772 4298 1919 4351 ἐστὶν

334 4379 363 4431 ὁ
398 4378 509 4431 τῶν
537 4378 819 4450 δυνάμεων
851 4382 1075 4453 Κύριος.
1116 4384 1177 4436 Οἱ
1207 4382 1296 4449 δὲῗ,
1332 4383 1430 4456 τὴν
1456 4385 1629 4451 οὕτως
1664 4388 1919 4459 ὑπερφυᾶ

337 4467 431 4521 καὶ
463 4468 865 4542 εὐκλεεστάτην
896 4472 1236 4542 ἐπωνυμίαν,
1279 4460 1399 4544 ἦτοι
1439 4476 1771 4547 δοξολογίαν,
1809 4496 1916 4535 πα-

338 4559 735 4632 ραρρίπτουσιν
785 4561 1023 4627 εὐκόλως
1068 4558 1151 4627 οἷς
1187 4563 1253 4618 ἂν
1287 4565 1492 4620 ἕλοιντο
1536 4567 1648 4623 τῶν
1684 4571 1916 4626 συναθυ-

340 4650 540 4719 ρόντων
569 4653 755 4716 αὐτοῖς
783 4653 1098 4725 δαιμονίων,
1132 4657 1225 4709 καί
1253 4659 1363 4721 τοῖς
1399 4658 1500 4730 τῆς
1528 4665 1919 4731 τερατουργίας

336 4739 514 4792 αὐτῶν
542 4740 887 4812 ὑποκριταῖς,
914 4742 1012 4812 τὴν
1033 4742 1153 4815 Θεῷ
1173 4744 1267 4799 καὶ
1289 4744 1437 4817 μόνῳ
1460 4749 1919 4823 πρεπωδεστάτην

336 4830 646 4900 χαρίζονται
672 4831 850 4900 δόξαν,
878 4833 1266 4900 κολακεύοντές
1285 4854 1344 4889 τε
1367 4837 1461 4890 καὶ
1477 4838 1919 4910 κολακευόμενοι,

338 4920 430 4974 καὶ
461 4920 560 5006 τῆς
591 4920 735 4977 οὕτω
755 4923 938 4995 δεινῆς
969 4924 1287 4991 δυσσεὸείας
1319 4928 1419 5000 τὴν
1454 4930 1780 5005 ὑπερϐολὴν,
1814 4936 1915 5006 τῆς

334 5011 420 5078 ἐφ’
441 5005 526 5075 οἷς
548 5011 616 5066 ἀν
648 5013 856 5068 ἕλοιντο
887 5017 1192 5090 συνδρομῆς
1224 5012 1594 5091 ἀπονέμοντες
1624 5026 1702 5090 είς
1724 5005 1916 5081 ἀντέκ-

336 5119 492 5155 τισιν.
538 5103 822 5174 Θεομάχον
842 5106 948 5177 γὰρ
978 5107 1065 5160 ἀεὶ
1103 5110 1195 5162 καὶ
1224 5112 1629 5181 φιλοδοξότατον
1653 5116 1761 5171 τῶν
1799 5118 1915 5171 δαι-

338 5194 537 5263 μονίων
576 5194 637 5248 τὸ
669 5199 878 5265 στῖφος.
921 5200 1040 5271 Χρὴ
1068 5203 1378 5273 τοιγαροῦν,
1425 5207 1499 5279 μὴ
1539 5211 1660 5272 ταῖς
1690 5210 1916 5265 ἐκείνων

339 5286 482 5354 ἡμᾶς
545 5289 1019 5361 συναποφέρεσθαι
1075 5292 1456 5361 δυσὸουλίαις,
1513 5298 1813 5373 ἀποφοιτᾷν
1859 5302 1915 5356 δὲ

2028 3192 2278 3241 mortuos
2321 3185 2387 3238 ³ο.
2434 3204 2453 3237 ι
2508 3184 2819 3252 Caeterum,
2864 3201 2992 3241 cum
3040 3186 3342 3241 ineantatio
3395 3186 3604 3256 turpis-

2021 3275 2160 3329 sima
2203 3274 2296 3340 sit,
2346 3289 2412 3329 ac
2468 3273 2854 3340 vitiosissima,
2904 3280 3089 3330 tamen
3138 3274 3325 3329 nescio
3364 3289 3606 3344 quonam

2022 3364 2188 3419 modo
2211 3379 2334 3419 eam
2374 3364 2630 3420 nonnulli
2683 3363 3050 3430 admirantur,
3094 3372 3261 3436 atque
3298 3364 3430 3419 illud
3451 3363 3602 3419 aiunt

2019 3455 2314 3510 Dominum
2339 3454 2579 3511 Sabaoth
2621 3470 2966 3525 nuncupare,
3009 3470 3135 3510 cum
3182 3469 3346 3526 super
3373 3453 3643 3509 infirmis,

2020 3562 2244 3602 carmen
2286 3548 2604 3612 incantant,
2648 3546 2745 3617 qui
2797 3547 3067 3618 ejusmodi
3124 3559 3275 3603 artes
3323 3553 3609 3603 exercent.

2020 3639 2136 3695 llac
2171 3640 2385 3695 ratione
2412 3639 2740 3694 conﬁrmare
2767 3647 3059 3704 conantur,
3101 3639 3293 3695 abesse
3315 3654 3346 3694 a
3371 3637 3606 3709 turpitu-

2020 3730 2148 3786 dine
2175 3730 2281 3786 hoc
2301 3730 2582 3795 studium;
2620 3729 2878 3785 videntur
2913 3739 3096 3785 autem
3134 3729 3330 3800 frigida
3368 3729 3604 3800 quadam
3638 3761 3642 3767 -

2020 3833 2187 3894 atque
2212 3822 2428 3878 infirma
2455 3821 2875 3877 ratiocinatione
2902 3821 2969 3876 ad
2994 3822 3142 3878 hunc
3173 3837 3418 3877 errorem
3443 3829 3607 3891 atque

2021 3915 2357 3972 dementiam
2404 3913 2628 3970 abduci.
2654 3912 2771 3969 Hoc
2814 3913 2962 3969 enim
3010 3913 3189 3984 ipsum
3235 3912 3421 3967 estrin
3447 3926 3514 3966 ea
3549 3929 3623 3965 re.

2021 4009 2502 4075 molestissimum;
2546 4022 2649 4064 nos
2694 4006 2843 4063 enim
2888 4006 2991 4061 hac
3026 4021 3184 4070 voce,
3215 4004 3481 4060 Dominus
3512 4004 3610 4060 Sa.-

2021 4103 2209 4169 haoth,
2249 4102 2422 4159 Deum
2468 4101 2857 4157 universorum
2896 4099 3255 4169 appellamus,
3289 4113 3415 4153 cum
3452 4096 3635 4151 illum,

2020 4192 2328 4266 gloriﬁcare
2357 4192 2633 4257 volumus,
2674 4204 2863 4261 neque
2899 4189 2993 4245 rei,
3025 4197 3291 4260 praeterea
3329 4203 3397 4242 ex
3421 4187 3603 4242 omni-

2020 4288 2145 4355 bus,
2172 4305 2294 4360 quae
2315 4297 2466 4356 sunt,
2493 4290 2590 4344 ulli
2611 4289 2754 4344 hanc
2769 4284 3189 4358 appellationem
3212 4280 3617 4353 permittimus..

2022 4381 2176 4437 Unus
2200 4383 2348 4437 enim
2397 4397 2463 4437 ac
2507 4381 2658 4437 solus
2700 4389 2785 4436 est
2825 4378 3168 4435 exercituum
3206 4373 3490 4430 Dominus.
3540 4374 3606 4429 Hi

2022 4488 2154 4527 vero
2174 4472 2312 4528 adeo
2351 4472 2731 4528 admirabilem
2771 4479 2829 4527 et
2863 4469 3156 4541 gloriosam
3183 4466 3606 4539 appellationem

2024 4576 2124 4616 seu
2143 4560 2601 4633 gloriﬁcationem
2624 4559 2910 4616 daemoniis
2932 4575 3043 4614 una
3064 4574 3250 4615 secum
3291 4557 3609 4615 ludentibus

2025 4652 2228 4722 quibus
2248 4653 2547 4719 voluerint,
2571 4652 2731 4708 facile
2755 4651 3073 4724 projiciunt,
3099 4658 3155 4706 et
3188 4649 3297 4706 illis
3328 4656 3609 4721 portento-

2028 4760 2151 4800 rum
2182 4760 2411 4801 suorum
2440 4744 2724 4802 actoribus
2768 4744 3020 4816 gloriam,
3059 4759 3182 4814 quae
3220 4744 3335 4799 Deo
3369 4743 3470 4799 soli
3495 4758 3610 4798 ma-

2030 4835 2173 4890 xime
2201 4836 2483 4899 convenit,
2509 4835 2841 4907 largiuntur,
2869 4834 3156 4891 adulantes
3180 4835 3342 4891 simul
3364 4843 3422 4892 et
3441 4835 3606 4891 vicis-

2023 4927 2125 4981 sim
2153 4926 2465 4984 adulatione
2487 4926 2653 4999 capti,
2678 4934 2732 4983 et
2769 4941 2869 4998 pro
2903 4941 3112 4992 rerum,
3148 4942 3285 4998 quas
3310 4927 3605 4991 voluerint,

2023 5029 2247 5086 eventu,
2290 5022 2434 5076 hanc
2476 5029 2590 5075 tam
2628 5028 2790 5076 terra:
2832 5019 3133 5090 impietatis
3176 5019 3608 5090 magnitudinem

2025 5114 2295 5169 mercedis
2338 5114 2460 5168 loco
2509 5113 2837 5184 rependunt.
2894 5112 2991 5168 Est
3032 5111 3180 5167 enim
3212 5111 3607 5166 daemoniorum

2025 5209 2223 5262 cohors
2248 5207 2359 5261 Deo
2376 5222 2590 5277 semper
2603 5206 2846 5269 inimica,
2865 5213 2920 5259 et
2937 5203 3384 5275 appetentissima
3402 5204 3604 5275 εισι-ἰείη

2026 5300 2143 5355 Non
2188 5299 2354 5371 igitur
2408 5297 2865 5354 committendum
2909 5305 2995 5349 est
3050 5303 3111 5349 ut
3164 5295 3380 5349 illorum
3427 5297 3608 5365 pravis

339 5375 541 5444 μᾶλλον
604 5378 679 5442 ὡς
727 5380 1000 5434 ἀπωτάτω
1033 5422 1046 5445 ,
1089 5382 1179 5436 καὶ
1224 5387 1296 5455 μὴ
1327 5392 1583 5461 πονηροῖς
1627 5394 1915 5465 προσέχειν

2029 5392 2279 5448 consiliis
2303 5391 2675 5453 abducamur;
2718 5388 2813 5443 sed
2855 5387 3038 5457 potius
3074 5387 3143 5441 ab
3167 5386 3273 5442 illis
3299 5404 3460 5458 quam
3485 5389 3607 5444 lon-

338 5469 545 5538 ἰατροῖς
569 5467 601 5539 ἢ
629 5486 685 5522 τε
697 5474 1017 5542 ρατουργοίς
1035 5515 1048 5539 ,
1084 5476 1196 5537 τοῖς
1230 5476 1470 5549 δαίμοσι,
1516 5481 1705 5550 μισθὸν
1728 5482 1917 5557 ὥσπερ

2032 5486 2250 5558 gissimc
2305 5482 2730 5546 discedendum;
2791 5495 2971 5550 neque
3035 5480 3191 5534 malis
3262 5480 3490 5537 medicis
3545 5497 3611 5534 ac

338 5559 457 5612 τινὰ
494 5559 604 5613 τῶν
631 5562 711 5624 εἰς
740 5563 884 5632 ἡμᾶς
913 5564 1245 5636 ἀουρμάτων
1274 5568 1545 5632 ἐξαιτοῦσι
1583 5576 1675 5638 τὰς
1710 5577 1912 5648 δυσφη-

2035 5586 2414 5648 portentorum
2469 5572 2795 5627 auctoribus
2830 5570 3133 5627 dmmoniis.
3156 5573 3570 5631 auscultandum
3588 5611 3605 5639 ,

406 5743 450 5774 ’δ’
489 5739 671 5795 chit.
720 5758 826 5807 xix,
859 5743 945 5795 '26.
1025 5743 1070 5770 δί’
1097 5742 1234 5795 lhid.
1265 5746 1353 5799 '51-
