4138 6300
531 265 632 324 471

1567 269 1622 324 S.
1663 268 1941 325 CYRILLI
1978 266 2448 337 ALEXANDRIN!
2489 268 2807 327 ARCHIEP.

3703 262 3808 321 472

528 402 755 444 suarum
791 386 849 443 in
883 401 988 443 nos
1029 386 1492 454 ludiﬁcationum,
1527 388 1767 445 nefarias
1804 390 1907 445 has
1932 389 2124 446 laudes

2230 395 2379 465 μίας.
2422 392 2493 446 Σὺ
2529 391 2584 445 δέ
2616 391 2751 444 εἴτι
2782 386 2892 444 τῶν
2927 389 3022 442 τοῦ
3054 387 3305 458 σώματος
3350 384 3557 458 μορίων
3596 348 3808 455 ἀλγεῖς,

527 478 799 535 mercedis
814 476 1098 548 cujusdam
1118 479 1292 536 instar
1310 479 1676 551 exigentibus.
1698 481 1780 536 Tu
1795 497 1947 548 vero,
1960 482 2006 537 si
2019 497 2126 552 qua

529 571 626 626 tibi
643 586 773 641 pars
789 570 1036 643 corporis
1051 570 1222 638 dolet,
1240 580 1297 627 et
1310 587 1441 629 vere
1456 572 1639 629 credis
1662 574 1778 629 haec
1801 573 1989 638 verba,
2016 564 2125 628 Do-

529 662 711 717 minus
727 661 970 717 Sabaoth
987 704 1001 729 ,
1016 673 1073 719 et
1101 664 1237 719 alias
1248 664 1342 737 huj
1352 665 1566 720 usmodi
1579 666 1977 737 appellationes
1988 680 2126 735 quas

526 752 639 809 Deo
662 754 757 825 qui
775 755 1083 810 secundum
1106 763 1476 823 naturamest,
1514 757 1700 812 divina
1717 756 2003 827 Scriptura
2029 756 2126 810 tri-

525 844 783 909 buit,vim
795 845 1001 901 habere
1011 847 1640 917 putaspellendimalum
1655 848 1807 913 illud,
1823 864 1923 919 pro
1939 857 1991 904 te
2004 848 2124 919 ipso

504 960 506 962 τ
528 952 724 1007 preces
734 937 1117 1003 fundens,haac
1127 940 1296 994 verba
1312 940 1630 1010 pronuntia:
1644 941 1723 995 sic
1736 940 1881 995 enim
1895 942 2119 1008 rectius,

527 1046 693 1102 quam
710 1029 787 1084 illi
797 1029 1006 1097 ,facies,
1018 1046 1199 1101 neque
1216 1030 1451 1102 impuris
1463 1030 1870 1102 Spiritibus,sed
1886 1032 1999 1087 Deo
2011 1033 2125 1103 glo-

529 1123 668 1179 riam
691 1122 1388 1179 trihues.Commemorabo
1415 1123 1860 1179 etiamdlvinitus
1884 1123 2122 1194 inspira-

532 1224 639 1270 tam
662 1213 1002 1286 Scripturam
1023 1231 1145 1285 qua
1159 1215 1237 1271 ait
1266 1233 1283 1268 τ
1320 1235 1339 1267 ι
1368 1215 1680 1271 lnﬁrmatur
1705 1216 1829 1286 quis
1858 1215 1913 1270 in
1931 1215 2122 1271 vobis?

531 1306 756 1363 inducat
779 1307 1134 1380 presbyteros
1169 1307 1461 1375 Ecclesiae;
1491 1315 1549 1363 et
1571 1317 1729 1363 orent
1776 1322 1943 1377 super
1969 1323 2117 1373 eum,

466 1384 471 1391 ’
531 1408 802 1472 nngentes
824 1415 951 1455 eum
995 1400 1120 1455 oleo
1157 1401 1213 1456 in
1240 1401 1464 1456 nomine
1518 1399 1772 1467 Domini;
1825 1407 1882 1454 et
1941 1401 2118 1455 oratio

530 1494 655 1550 ﬁdei
682 1493 916 1550 salvabit
939 1493 1242 1559 inﬁmum,
1270 1486 1325 1549 et
1348 1492 1629 1549 alleviabit
1650 1492 1807 1547 illum
1822 1492 2113 1547 Dominus:

527 1595 585 1643 et
612 1588 658 1643 si
692 1588 748 1642 in
773 1587 1022 1659 peccatis
1046 1587 1137 1652 sit,
1169 1586 1524 1642 remittentur
1549 1586 1601 1640 ei
1629 1586 1693 1638 “.
1742 1605 1761 1636 ι

602 1674 764 1748 212
798 1678 996 1734 PALL.
1022 1677 1264 1749 Auguria
1304 1676 1472 1747 igitur
1496 1683 1554 1731 et
1586 1676 1893 1732 carminum
1920 1676 2113 1730 incan-

2228 486 2322 538 καὶ
2347 481 2717 544 πεπίστευκας
2750 477 2988 552 ἀληθῶς,
3016 477 3099 531 ὅτι
3129 475 3190 531 τὸ
3208 474 3415 546 Κύριος
3437 472 3694 538 Σαϐαὼθ,
3717 478 3811 530 καὶ

2225 577 2281 632 αἱ
2324 573 2525 630 τοιαίδε
2577 571 2798 643 κλήσεις
2838 569 2904 635 ἃς
2933 568 3053 641 Θεῷ
3097 567 3177 640 τῷ
3220 568 3369 623 κατὰ
3409 567 3573 639 φύσιν
3604 571 3639 640 ή
3689 571 3809 624 θεία

2226 666 2524 740 προσνέμει
2551 663 2766 739 Γραφὴ,
2795 662 3010 718 λυτικαί
3034 679 3115 715 σοι
3137 661 3460 732 γενήσονται
3485 658 3581 714 τοῦ
3612 661 3808 738 κακοῦ,

2224 758 2388 823 αὐτὸς
2429 757 2569 828 ὑπὲρ
2612 753 2837 809 σεαυτοῦ
2876 753 3313 826 προσευχόμενος
3334 791 3350 818 ,
3392 750 3670 822 ἀναφώνει
3709 751 3809 817 τὰς

2223 850 2423 918 λέξεις·
2476 851 2699 922 ἄμεινον
2744 847 2855 920 γὰρ
2898 848 2932 921 ἢ
2992 849 3191 901 ἐκεῖνοι
3233 846 3482 914 δράσεις,
3539 844 3662 916 Θεῷ
3709 845 3808 917 τὴν

2222 945 2382 1010 δόξαν
2405 943 2699 1008 ἀνατιθεὶς,
2732 941 2829 996 καὶ⁵
2857 940 2976 1011 οὐχ).
2996 941 3110 1002 τοῖς
3137 937 3470 1009 ἀκαθάρτοις
3507 938 3804 1007 πνεύμασι.

2223 1036 2591 1107 Μεμνήσομαι
2617 1034 2675 1088 δέ
2701 1033 2796 1087 καὶ
2825 1032 2926 1102 τῆς
2960 1028 3322 1086 θεοπνεύστου
3366 1029 3593 1100 Γραφῆς
3615 1029 3808 1097 λεγού-

2225 1145 2361 1200 σης·
2400 1147 2419 1181 ι
2473 1127 2713 1180 Ἀσθενεῖ
2752 1143 2835 1189 τις
2864 1125 2923 1179 ἐν
2961 1125 3131 1196 om;
3164 1121 3637 1195 προσκαλεσάσθω
3680 1122 3808 1186 τοὺς

2222 1217 2629 1291 πρεσϐυτέρους
2663 1216 2765 1288 τῆς
2800 1214 3149 1287 Ἐκκλησίας,
3187 1213 3281 1268 καὶ
3311 1211 3807 1285 προσευξάσθωσαν

2223 1312 2308 1364 ἐπ’
2331 1308 2502 1380 αὐτῷ,
2530 1308 2852 1380 ἀλείψαντες
2875 1307 3039 1362 αὑτὸν
3067 1306 3250 1377 ἐλαίῳ,
3279 1308 3338 1360 ἐν
3358 1305 3437 1376 τῷ
3462 1305 3690 1376 ὀνόματι
3712 1305 3806 1358 τοῦ

2220 1404 2427 1474 Κυρίου
2449 1420 2463 1432 ’
2492 1402 2634 1472 καὶὴ
2667 1402 2800 1473 εὐχὴ
2822 1402 2922 1472 τῆς
2948 1400 3186 1465 πίστεως
3204 1398 3475 1453 σώσειτόν
3506 1399 3803 1468 κάμνοντα,

2220 1497 2315 1551 καὶ
2354 1498 2542 1568 ἐγερεῖ
2568 1493 2727 1548 αὐτὸν
2752 1496 2781 1547 ὀ
2821 1494 3043 1564 Κύριος,
3075 1491 3177 1545 κᾶν
3203 1489 3480 1563 ἁμαρτίας
3507 1486 3542 1565 ᾖ
3572 1507 3804 1562 πεποιηο

2219 1589 2351 1653 κὼς,
2380 1587 2709 1659 ἀφεθήσεται
2730 1584 2896 1653 αὐτῷ.
2940 1604 2957 1635 ι

2289 1683 2498 1736 ΠΑΛΔ.
2526 1679 2900 1734 Οἰωνοσκοπία
2927 1678 2990 1750 δὴ
3015 1674 3128 1742 οὖν,
3155 1678 3249 1733 καὶ
3274 1677 3374 1749 μέν
3400 1694 3481 1730 τοι
3505 1676 3601 1730 καὶ
3626 1673 3808 1746 ἐπῳδὴ

464 1786 487 1799 “
534 1772 668 1827 tatio
688 1778 1077 1837 numerentur,
1100 1770 1148 1825 si
1171 1771 1372 1840 placet,
1396 1769 1541 1823 inter
1565 1785 1650 1833 ea,
1674 1784 1796 1839 quaa
1824 1768 1943 1838 lege
1964 1767 2117 1822 dam-

2227 1773 2597 1846 συντετάχθω,
2632 1774 2680 1826 εί
2700 1773 2866 1838 δοκεῖ,
2896 1774 3009 1836 τοῖς
3038 1773 3103 1825 ὲκ
3141 1771 3309 1842 νόμου
3337 1768 3805 1839 διαϐεϐλημένοις,

531 1875 752 1933 nantur,
780 1875 837 1922 et
880 1882 1003 1938 qua:
1041 1881 1072 1921 a
1109 1866 1222 1922 Deo
1253 1864 1570 1937 turpissima
1614 1873 1669 1919 et
1697 1864 1931 1920 maxime
1954 1880 2110 1921 exse-

531 1954 734 2010 cranda
760 1953 1101 2026 judicantur.

599 2046 758 2102 CYR.
799 2045 1031 2102 Maxime
1066 2061 1218 2103 vero.
1256 2045 1393 2102 lllud
1431 2047 1599 2103 etiam
1634 2047 1965 2114 addiderim,
1992 2047 2117 2103 aliis

531 2154 752 2209 quoque
800 2138 979 2195 modis
1024 2140 1081 2194 in
1134 2140 1307 2195 Deum
1355 2139 1650 2211 injuriosos
1688 2156 1810 2196 esse
1849 2155 2031 2210 posse,
2059 2147 2114 2195 et

533 2246 647 2285 sua:
685 2246 961 2302 quemque
1012 2246 1142 2303 erga
1173 2247 1300 2287 eum
1338 2231 1639 2302 impietatis
1684 2246 1839 2287 reum
1887 2230 2025 2297 fore,
2054 2246 2118 2286 ac

532 2334 724 2387 poenas
750 2319 1032 2386 daturum,
1066 2320 1117 2376 si
1145 2322 1401 2393 perjurus
1428 2321 1557 2388 erit,
1600 2328 1694 2376 aut
1734 2321 2116 2393 blasphemum

533 2412 752 2482 aliquod
813 2413 1082 2479 verbum,
1147 2421 1206 2469 et
1260 2413 1565 2469 absurdum
1611 2414 1679 2470 de
1709 2415 1802 2470 illa
1861 2430 2117 2485 suprema

535 2505 1090 2576 praestantissimaque
1129 2504 1301 2576 gloria
1340 2504 1562 2560 dixerit.
1601 2492 1742 2562 Illud
1775 2507 1923 2562 enim
1961 2506 2118 2576 prius

535 2597 614 2653 ira
646 2614 880 2665 summa,
911 2599 1341 2671 gravissimaque
1379 2614 1543 2669 poena
1581 2599 1913 2665 vindicatur,
1958 2600 2116 2664 falce,

536 2699 595 2745 ut
619 2690 886 2761 scriptum
935 2699 1041 2755 est,
1093 2700 1453 2748 consumente
1508 2693 1717 2764 perjuri
1769 2692 2017 2758 domum,
2062 2705 2119 2751 et

534 2782 785 2838 funditus
818 2790 1101 2838 evertente
1138 2799 1151 2836 :
1186 2801 1203 2835 ι
1236 2782 1581 2855 ingredietur
1623 2783 1792 2849 enim,
1827 2784 2024 2854 inquit,
2062 2783 2119 2840 in

535 2876 761 2932 domum
790 2875 949 2942 furis,
973 2883 1029 2931 et
1051 2875 1109 2930 in
1129 2875 1355 2931 domum
1384 2875 1627 2947 jurantis
1649 2875 1706 2930 in
1743 2876 1966 2933 nomine
1997 2892 2121 2933 meo

537 2968 898 3035 mendaciter,
922 2975 982 3024 et
1013 2969 1328 3040 requiescet
1358 2969 1418 3025 in
1454 2968 1640 3025 medio
1663 2968 1862 3025 domus
1887 2971 2029 3041 ejus,
2064 2978 2121 3026 et

2212 1870 2308 1924 καὶ
2346 1871 2461 1933 τοῖς
2508 1869 2567 1921 ἐν
2614 1867 2871 1938 αἰσχίστῃ
2921 1867 3015 1919 καὶ
3065 1862 3451 1936 βδελυρωτάτῃ
3485 1861 3614 1932 δόξῃ
3658 1859 3809 1931 παρὰ

2212 1961 2353 2031 Θεῷ.

2287 2055 2453 2109 ΚΥΡ.
2495 2052 2608 2109 Καὶ
2640 2051 2783 2123 μάλα
2808 2092 2822 2116 ,
2870 2048 3167 2120 προσθείην
3198 2048 3247 2102 δ’
3282 2046 3369 2111 ἂν,
3418 2048 3500 2101 ὅτι
3545 2048 3641 2101 καί
3683 2038 3811 2099 καθ’

2216 2147 2433 2219 ἐτέρους
2465 2145 2554 2199 τὸν
2579 2144 2710 2198 Θεὸν
2734 2143 3028 2215 ὑϐριοῦμεν
3055 2144 3312 2211 τρόπους,
3341 2142 3437 2197 καὶ
3464 2141 3561 2211 τῆς
3589 2140 3671 2202 είς
3702 2139 3808 2192 αύ-

2216 2239 2306 2293 τδν
2342 2236 2661 2301 δυσσεϐείας
2687 2235 2840 2305 ὄφλοι
2876 2253 2961 2299 τις
3002 2234 3068 2289 ἂν
3095 2236 3315 2308 γραφήν
3351 2250 3413 2287 τε
3462 2233 3558 2286 καὶ
3593 2228 3810 2300 λόγους,

2214 2332 2277 2386 τὸ
2307 2331 2622 2403 ψευδορκεῖν
2651 2329 2958 2401 ᾑρημένος,
2987 2328 3081 2383 καὶ
3106 2328 3168 2382 τὸ
3201 2326 3562 2400 παλίμφημόν
3588 2343 3664 2391 τι,
3712 2321 3813 2378 καὶ

2217 2423 2430 2495 ἀπηχὲς
2467 2423 2643 2476 εἰπεῖν
2672 2421 2816 2476 κατά
2852 2438 2917 2491 γε
2946 2421 3045 2493 τῆς
3078 2420 3392 2493 ύπερτάτης
3423 2419 3519 2474 καὶ
3548 2419 3817 2474 ἀνωτάτω

2217 2514 2394 2586 δόξης.
2434 2514 2509 2568 Τὸ
2538 2513 2637 2585 μὲν
2676 2512 2785 2586 7&9
2819 2512 3107 2578 κολάζεται
3139 2516 3207 2585 τῇ
3240 2512 3475 2568 είσάπαν
3512 2512 3677 2584 ὀργῇ,
3717 2512 3815 2564 καὶ

2218 2608 2434 2679 ἀσχέτῳ
2461 2608 2642 2678 ποινῇ,
2674 2604 3057 2671 συντελοῦντος
3093 2604 3188 2660 τοῦ
3216 2605 3510 2677 δρεπάνου,
3539 2603 3686 2659 καθὰ
3714 2603 3815 2672 γέ-

2219 2717 2500 2774 γραπται,
2535 2700 2634 2773 τὴν
2662 2698 2758 2754 τοῦ
2792 2696 3220 2773 ψευδορκοῦντος
3256 2697 3478 2765 ἑστίαν,
3515 2697 3610 2752 και⁵
3636 2714 3814 2751 κατα-

2222 2791 2461 2854 σείοντος
2489 2790 2569 2854 είς
2588 2789 2649 2845 τδ
2672 2789 2964 2855 παντελές·
3001 2810 3019 2843 ι
3054 2789 3437 2844 Είσελεύσεται
3460 2786 3592 2860 γὰρ,
3623 2786 3823 2859 φησὶν.

2221 2885 2302 2948 είς
2346 2883 2439 2938 τὸν
2473 2879 2620 2938 οἷκον
2662 2882 2757 2937 τοῦ
2797 2881 3034 2938 κλέπτου
3057 2924 3072 2950 ,
3117 2881 3212 2938 καὶ
3259 2881 3341 2947 είς
3385 2880 3478 2936 τὸν
3521 2874 3673 2934 οἷκον
3716 2876 3826 2933 τοῦ

2221 2976 2517 3048 ὀμνύοντος
2540 2974 2620 3048 τῷ
2649 2975 2874 3047 ὀνόματί
2907 2993 3008 3047 μου
3039 2975 3133 3030 ἐπὶ
3157 2973 3362 3045 ψεύδει,
3392 2973 3486 3028 καὶ
3518 2970 3830 3028 καταλύσει

536 3069 825 3118 consumet
860 3076 1005 3127 eam,
1053 3060 1298 3133 et-ligna
1335 3061 1478 3132 ejus,
1514 3067 1571 3115 et
1597 3060 1810 3131 lapides
1828 3060 1950 3132 ejus
1976 3060 2060 3114 “z
2096 3079 2113 3113 ο

2227 3070 2283 3124 ἐν
2318 3069 2469 3141 μέσῳ
2490 3068 2584 3123 τοῦ
2613 3068 2762 3122 οῖκου
2799 3065 2988 3132 αὑτοῦ,
3021 3066 3118 3122 καὶ
3152 3063 3461 3120 συντελέσει
3490 3063 3690 3130 αὐτὸν,
3718 3062 3831 3115 καὶ

538 3153 676 3210 Illud
694 3169 823 3210 vero
846 3153 1080 3214 alterum
1110 3164 1289 3210 morte
1312 3169 1377 3209 ac
1397 3166 1659 3224 supremo
1682 3152 1954 3223 supplicio
1975 3152 2120 3208 mul-

541 3256 705 3302 tatur.
733 3244 854 3303 Non
878 3247 1064 3317 itaque
1085 3246 1142 3301 in
1169 3262 1229 3301 re
1250 3244 1385 3301 falsa
1400 3243 1734 3316 jurandum;
1759 3244 1872 3300 imo
1896 3259 2029 3300 vero
2054 3260 2124 3300 ne

534 3340 831 3411 jurandum
858 3339 1084 3409 quidem
1110 3336 1373 3393 omnino:
1400 3337 1453 3391 id
1489 3336 1638 3391 enim
1664 3335 1852 3391 docuit
1875 3351 1977 3393 nos
2003 3335 2124 3392 Sal-

539 3444 715 3499 vator,
741 3449 868 3488 cum
894 3433 1061 3498 dixit;
1093 3431 1205 3487 «Sit
1223 3438 1409 3486 autem
1433 3445 1617 3487 sermo
1641 3442 1845 3497 vester,
1866 3431 1983 3497 Est,
2009 3438 2121 3496 est;

540 3535 597 3581 et
636 3525 778 3589 Non,
805 3539 916 3579 non
947 3541 966 3578 ξ
987 3523 1136 3595 quod
1187 3530 1373 3578 autem
1428 3522 1516 3579 his
1541 3524 1913 3579 abundantius
1962 3530 2066 3589 est,
2095 3538 2126 3577 a

541 3616 762 3673 diabolo
785 3623 871 3672 est
908 3616 975 3671 ³⁸.
1007 3636 1026 3668 ι
1066 3616 1259 3688 Neque
1291 3617 1461 3684 enim,
1492 3616 1586 3688 qui
1609 3633 1803 3688 graves
1828 3617 2123 3681 habentur,

541 3717 598 3764 et
624 3709 886 3765 virtutem
918 3708 1024 3765 sibi
1059 3708 1215 3779 quasi
1246 3709 1697 3765 contubernalem
1745 3709 2016 3774 fecerunt,
2060 3708 2128 3763 iis

543 3802 770 3857 omnino
793 3801 1162 3873 jurisjurandi
1182 3802 1327 3857 ullus
1350 3803 1457 3857 erit
1490 3817 1662 3857 usus:
1695 3817 1823 3856 nam
1858 3800 2126 3873 ejusmodi

544 3897 831 3952 hominum
864 3897 977 3951 vita
1019 3894 1165 3965 apud
1203 3895 1426 3965 pietatis
1450 3905 1724 3951 amatores
1763 3903 1910 3949 certe
1934 3909 2129 3965 magno

547 3990 602 4043 in
623 3986 805 4058 pretio
830 3994 934 4052 cst,
970 4001 1152 4057 neque
1188 3987 1267 4041 illi
1294 3986 1431 4041 ﬁ‘d‘es
1462 4001 1574 4041 non
1600 3986 1796 4041 haberi
1830 3986 2005 4051 solet;
2043 4002 2126 4049 ac,

546 4079 591 4134 si
615 4077 748 4149 quid
775 4078 901 4133 talis
926 4077 1013 4132 vir
1029 4077 1170 4133 forte
1208 4077 1434 4141 dixerit,
1463 4076 1611 4131 illico
1646 4076 1753 4131 llde
1786 4076 2128 4131 audientium

458 4208 465 4213 -
544 4170 838 4242 excipitur.
863 4169 948 4225 Sit
972 4169 1139 4242 igitur
1159 4170 1286 4225 vitm
1310 4178 1511 4224 nostrae
1544 4168 1685 4223 ratio
1719 4168 2001 4238 praeclara,
2031 4184 2131 4221 ne-

546 4280 654 4335 que
703 4263 851 4319 ullus
870 4262 980 4319 erit
1018 4261 1304 4333 profecto,
1341 4269 1403 4316 ut
1442 4275 1543 4332 ego
1594 4259 1870 4325 arbitror,
1909 4258 2131 4331 jurandi

548 4371 698 4411 usus.
727 4353 824 4410 Sin
847 4368 988 4424 opus
1006 4353 1117 4408 erit
1137 4350 1455 4421 aliquando,
1485 4348 1634 4421 quod
1655 4350 1945 4413 honorem,
1967 4363 2132 4419 quem

2223 3158 2292 3212 τὰ
2321 3156 2453 3223 ξύλα
2479 3155 2670 3224 αὐτοῦ,
2700 3157 2795 3212 καὶ
2821 3157 2951 3221 τοὺς
2989 3154 3172 3220 λίθους
3205 3153 3394 3210 αὐτοῦ.
3430 3173 3449 3204 ι
3488 3151 3729 3225 Θάτερόν
3750 3169 3791 3221 7
3809 3170 3833 3205 ε

2227 3250 2356 3323 μὴν,
2404 3249 2464 3304 τὸ
2509 3249 2832 3305 ἐκτεθνάναι
2869 3250 2980 3302 δεῖν
3004 3291 3019 3316 ,
3067 3248 3163 3304 καὶ
3196 3247 3260 3301 τὸ
3296 3247 3517 3302 πάντων
3553 3245 3831 3300 ἐπέχειν-α

2221 3345 2332 3398 τῶν
2359 3343 2544 3398 κακῶν
2575 3342 2720 3414 ἐχειν
2751 3342 2852 3414 τὴν
2881 3341 3061 3414 δίκην.
3107 3340 3231 3413 Χρὴ
3260 3337 3554 3411 τοιγαροῦν
3582 3336 3828 3408 ὀμνύναι

2228 3438 2303 3509 μὴ
2337 3437 2432 3491 ἐπὶ
2472 3435 2691 3508 ψεύδεν
2732 3436 2935 3506 μᾶλλον
2965 3434 3024 3489 δὲ
3058 3434 3181 3506 μηδ’
3211 3432 3349 3496 ὅλως
3377 3429 3625 3509 ὀμνύναι.
3653 3428 3826 3484 Τουτὶ

2223 3527 2333 3598 7&9
2359 3528 2507 3599 ἡμᾶς
2538 3525 2773 3592 ἐδίδαξεν
2806 3527 2835 3579 ὀ
2867 3524 3078 3597 Σωτὴρ,
3108 3522 3318 3592 λέγων’
3355 3540 3375 3575 ι
3420 3520 3606 3579 Ἔστω
3637 3520 3822 3591 ὑμῶν,

2225 3620 2287 3673 τὸ
2312 3620 2440 3686 Ναὶ,
2468 3619 2585 3683 ναὶ,
2611 3618 2705 3672 καὶ
2728 3617 2789 3672 τὸ
2809 3615 2909 3683 Οὓ,
2936 3615 3019 3670 οὗ·
3054 3614 3115 3669 τὸ
3144 3615 3200 3668 δὲ
3225 3613 3478 3687 περισσὸν
3502 3613 3735 3676 τούτων,
3762 3615 3826 3671 ἐκ

2227 3714 2321 3769 τοῦ
2337 3713 2583 3768 διαϐόλου
2601 3713 2771 3767 ἐστίν.
2794 3711 3045 3783 »ηὌρκου
3066 3710 3176 3782 7&9
3196 3709 3334 3773 ὅλως
3354 3708 3456 3762 οὐκ
3478 3706 3634 3764 ἐσται
3661 3705 3827 3779 χρεία

2227 3808 2340 3870 τοῖς
2362 3807 2419 3860 ἐν
2445 3804 2712 3877 ὑπολήψει
2735 3804 3087 3875 σεμνότητος,
3115 3804 3209 3857 και
3234 3803 3479 3857 σύνοικον
3503 3799 3698 3871 ὥσπερ
3728 3817 3827 3854 πε-

2230 3897 2548 3968 ποιημένοις
2577 3894 2674 3968 τὴν
2712 3894 2948 3966 ἀρετήν’
3000 3892 3358 3965 ἐκτετίμηται
3383 3892 3493 3962 γάρ
3522 3890 3647 3946 λίαν
3671 3890 3826 3962 παρά

2230 3993 2344 4053 τοῖς
2376 3988 2661 4051 εὐσεϐείας
2688 3987 2951 4058 ἐρασταῖς
2980 3984 3089 4039 τῶν
3116 3985 3376 4041 τοιούτων
3399 3985 3427 4037 ὁ
3467 3983 3605 4053 βίος,
3638 3984 3743 4037 καὶ
3765 3982 3826 4036 τὸ

2232 4078 2582 4134 ἀπιστεῖσθαι
2625 4080 2807 4150 μισεῖν
2834 4093 2847 4107 ο
2877 4076 2984 4131 κᾶν
3010 4077 3064 4130 ετ
3099 4094 3151 4131 τι
3197 4075 3489 4147 φθέγγοιτο
3515 4075 3681 4147 τυχὸν
3701 4115 3719 4140 ,
3756 4076 3821 4144 τῇ

2236 4173 2347 4226 τῶν
2386 4171 2754 4243 ἀκροωμένων
2796 4169 2960 4233 εὐθὺς
2988 4166 3347 4239 στεφανοῦται
3391 4167 3595 4223 πίστει.
3638 4168 3825 4223 Ἔστω

2235 4261 2527 4336 τοιγαροῦν
2551 4262 2711 4336 ήμῶν
2750 4263 2982 4339 εὐκλεὴς
3008 4265 3037 4318 ὀ
3060 4261 3195 4334 βίος,
3220 4261 3318 4316 καὶ
3340 4261 3578 4332 ἀργήσει
3601 4260 3822 4322 πάντως

2238 4374 2363 4422 που,
2394 4354 2648 4426 καθάπερ
2685 4348 2921 4426 ἐγῷμαι,
2952 4355 3049 4410 καὶ
3087 4356 3121 4425 ή
3155 4352 3252 4408 τοῦ
3279 4350 3600 4423 διόμνυσθαι
3637 4349 3818 4421 χρεία.

547 4446 750 4501 sanctis
770 4445 909 4501 viris
931 4444 1123 4501 haberi
1146 4443 1425 4509 convenit,
1443 4441 1694 4498 nonnulli
1716 4441 1991 4496 interdum
2006 4456 2127 4510 par-

2236 4449 2299 4501 El
2321 4446 2377 4500 δὲ
2397 4446 2461 4518 δή
2487 4463 2589 4500 που
2612 4445 2844 4514 γένοιτο,
2873 4445 3089 4515 καὶτῆς
3117 4446 3199 4508 εἰς
3230 4442 3419 4512 ἁγίους
3440 4441 3605 4513 τιμῆς
3629 4440 3823 4509 ὀλιγω-

547 4538 867 4610 vipendant,
898 4538 1044 4593 Deus
1086 4537 1241 4593 testis
1261 4536 1328 4592 ad
1362 4534 1749 4608 jusjurandum
1771 4533 2128 4598 adhibeatur;

548 4647 727 4702 neque
756 4630 991 4686 ullarum
1027 4629 1261 4685 aliarum
1292 4643 1478 4684 rerum
1511 4642 1714 4684 nomen
1739 4626 2021 4681 alleratur.
2045 4624 2133 4677 ln—

547 4721 890 4778 considerate
910 4737 1148 4791 namque
1164 4722 1277 4791 jam
1310 4718 1558 4775 nonnulli
1573 4717 1639 4773 ad
1658 4717 1843 4772 futiles
1866 4715 2134 4771 vanitates

548 4819 805 4883 pergunt,
840 4810 1090 4879 nihilque
1126 4811 1335 4864 referre
1360 4808 1591 4880 ﬁngunt,
1621 4824 1745 4865 cum
1780 4823 1878 4878 per
1909 4806 2132 4870 caelum,

550 4920 649 4975 per
672 4901 971 4974 justitiam,
1006 4916 1104 4971 per
1142 4900 1449 4956 Adrastia-ni
1496 4901 1719 4966 dicant,
1765 4914 1867 4971 per
1903 4900 2082 4954 lucem
2114 4940 2128 4961 ,

551 5010 646 5063 per
675 4992 983 5048 lucernam.
1019 4988 1163 5057 Quin
1208 4988 1375 5043 etiam
1407 4989 1511 5043 alia
1546 4989 1796 5059 quadam
1833 5005 1934 5044 suo
1979 4987 2131 5043 arbi-

553 5094 696 5140 tratu
748 5083 1090 5155 colligentes,
1124 5080 1374 5137 fortassis
1411 5079 1575 5134 etiam
1601 5080 1692 5149 pie
1726 5096 1783 5136 se
1814 5079 1994 5137 facere
2027 5095 2131 5149 pu-

555 5185 693 5242 tant,
726 5190 852 5232 cum
906 5175 1001 5231 Dei
1058 5188 1262 5229 nomen
1311 5170 1589 5242 rejiciant,
1620 5179 1675 5226 et
1719 5186 1804 5235 ea,
1839 5188 1960 5241 quae
1989 5172 2138 5225 illius

553 5280 713 5334 nutu,
736 5277 797 5324 ut
827 5246 1034 5333 cssen‘,
1068 5276 1263 5323 vocata
1301 5271 1450 5328 Sunt,
1485 5262 1679 5334 gloria,
1717 5278 1838 5332 qum
1864 5265 1976 5319 Dco
2004 5278 2139 5317 con-

556 5362 736 5427 venit,
773 5369 1063 5417 exornent.
1101 5356 1433 5431 llujusmodi
1474 5356 1709 5427 quodam
1749 5370 1940 5409 errore
1983 5356 2139 5410 labo-

558 5468 707 5508 rasse
736 5451 1010 5507 interdum
1033 5451 1292 5507 lsraelem
1328 5450 1687 5521 reperiemus.
1710 5446 1845 5502 Nam
1875 5447 2137 5516 templum

559 5543 716 5608 illud,
756 5543 905 5614 quod
956 5543 1349 5616 Hierosolymis
1382 5542 1721 5603 habebatur,
1764 5538 2145 5610 proculdubio

2240 4529 2477 4611 ρούντων
2517 4537 2631 4590 ἔσθ’
2678 4537 2768 4591 ὅτε
2814 4537 2998 4601 τινῶν,
3040 4536 3224 4607 ὅρκιος
3265 4534 3407 4589 ἐστω
3446 4532 3601 4597 Θεὸς,
3641 4530 3717 4602 μὴ
3762 4529 3822 4581 τὸ

2238 4631 2440 4701 ἑτέρων
2470 4627 2642 4700 δνομα
2667 4625 3130 4699 παρακομιζέσθω
3151 4624 3333 4678 τινῶν.
3373 4618 3821 4694 Ἀπερισκέπτως

2238 4720 2346 4793 γὰρ
2386 4720 2487 4791 ἤδη
2526 4718 2673 4781 τινὲς
2697 4718 2778 4780 εἰς
2809 4715 3072 4779 ἐκλύτους
3111 4713 3283 4777 ίόντες
3313 4709 3622 4781 ἐξιτηλίας,
3666 4706 3821 4761 ἀδια-

2240 4814 2429 4886 φορεῖν
2458 4809 2928 4875 ὑποπλάττονται,
2960 4807 3026 4879 νὴ
3056 4806 3148 4861 τὸν
3175 4804 3427 4878 οὐρανὸν,
3456 4803 3491 4874 ἦ
3519 4802 3621 4872 τὴν
3643 4799 3818 4870 δίκην.

2238 4905 2304 4977 νὴ
2324 4904 2422 4976 τὴν
2446 4891 2811 4972 ’Ἀδράστειαν
2841 4901 3113 4969 λέγοντες,
3153 4899 3220 4969 νὴ
3248 4897 3309 4950 τὸ
3342 4895 3479 4966 φῶς,
3515 4893 3583 4964 νὴ
3610 4892 3699 4946 τὸν
3724 4888 3818 4942 λύο

2239 5013 2384 5070 χνον.
2420 4994 2626 5064 Ἕτερά
2647 5011 2707 5048 τε
2731 4993 2865 5046 ἄττα
2890 4991 3031 5046 κατά
3055 4990 3115 5044 τδ
3149 4988 3301 5060 σφίσι
3324 4984 3517 5041 δοκοῦν
3539 4981 3819 5070 συλλέγον⁴

2238 5100 2357 5147 τες,
2404 5084 2545 5155 τάχα
2592 5098 2694 5135 που
2735 5081 2829 5135 καὶ
2873 5078 3118 5134 εὐσεϐεῖν
3166 5078 3392 5142 οἴονται,
3431 5074 3493 5128 τὸ
3545 5071 3646 5144 μὲν
3681 5069 3838 5159 θεῖον,

2237 5174 2410 5246 ὄνομα
2449 5172 2887 5244 παρωθούμενοι,
2916 5174 2986 5243 τῇ
3008 5171 3065 5225 δέ
3092 5168 3379 5242 πρεπούσῃ
3407 5164 3527 5236 Θεῷ
3552 5175 3821 5232 καταχρυ-

2242 5264 2461 5330 σοῦντες
2495 5266 2624 5339 δόξῃ
2653 5265 2722 5319 τὰ
2744 5267 2856 5330 τοῖς
2884 5263 3050 5318 αὑτοῦ
3081 5262 3313 5334 νεύμασι
3342 5258 3658 5330 κεκλῃμένα
3688 5252 3823 5323 πρὸς

2240 5360 2475 5428 γένεσιν.
2511 5358 2782 5429 Τοιαύτην
2808 5357 2936 5412 τινὰ
2965 5354 3233 5427 πλάνησιν
3259 5351 3657 5425 ὴρῤωστηκότα
3685 5343 3824 5402 κατὰ

2243 5450 2468 5520 καιροὺς
2523 5449 2614 5504 τὸν
2681 5446 2896 5520 Ἰσραὴλ
2953 5447 3282 5519 εὑρήσομεν.
3345 5437 3822 5513 Ὀμολογουμένως

2244 5543 2346 5615 γὰρ
2384 5543 2460 5613 τῷ
2495 5542 2612 5613 Θεῷ
2656 5541 2747 5597 τὸν
2786 5543 2840 5594 ἐν
2882 5543 2993 5603 τοῖς
3040 5538 3431 5610 Ἱεροσολύμοις
3471 5532 3823 5603 ἀνεδείμαντο

628 5728 668 5761 ³¹
702 5724 891 5784 Iacob.
931 5744 982 5790 ι’,
1023 5725 1110 5788 li,
1148 5724 1227 5779 l3.
1295 5727 1336 5757 "
1368 5726 1529 5779 Zach.
1563 5742 1613 5788 ι’,
1648 5725 1698 5778 5.
1780 5726 1821 5757 ³³
1852 5724 2231 5791 Μηῐῐίιδηὸἲ.
