4138 6300
570 329 673 384 475

1592 326 1649 383 S.
1691 326 1969 385 CYRILIJ
2011 328 2480 384 ALEXANDRINI
2516 328 2839 387 ARCHIEP.

3739 330 3838 387 476

638 443 795 500 CYR.
832 441 1081 498 El'ﬁcitur
1112 458 1242 514 ergo
1262 484 1276 509 ,
1301 442 1418 500 haec
1446 444 1659 517 singula
1679 487 1694 512 ,
1718 446 1764 501 si
1796 462 1866 501 ex
1903 462 1967 503 ea
1997 455 2152 518 parte

2328 448 2492 501 ΚΥΡ.
2536 448 2774 520 Ἀραρεν
2814 443 3063 512 οὖνμότι
3114 446 3320 500 τούτων
3354 440 3588 502 ἕκαστον
3630 444 3745 520 εχοι
3773 448 3841 504 ἂν

569 550 677 604 qua
711 534 997 605 superiora
1041 543 1170 589 nata
1214 544 1363 601 sunt,
1407 536 1696 592 nobiscum
1741 547 2148 608 comparentur,

570 626 774 680 habere
818 625 942 695 jure
984 624 1194 696 optimo
1233 628 1637 697 praestantiam;
1669 645 1801 683 num
1832 629 1999 700 igitur
2036 630 2153 685 haec

569 715 635 770 ad
671 715 1033 786 jurisjurandi
1073 732 1235 772 usum
1264 732 1630 784 assumemus,
1671 719 1879 790 Deique
1908 736 2152 777 comme-

569 810 933 864 morationem
959 817 1219 881 tanquam
1248 825 1643 881 supervacuam
1666 810 2025 884 abjiciemus?

639 902 837 957 PALL.
867 903 1030 958 Nullo
1059 903 1244 958 modo.
2073 967 2077 972 λ

640 992 798 1050 CYR.
839 994 937 1049 Est
977 995 1143 1066 igitur
1174 1010 1538 1066 consequens,
1572 1006 1634 1051 ut
1661 996 1736 1062 id,
1778 995 1924 1067 quod
1958 1007 2153 1055 natura

571 1088 825 1157 superius
858 1095 982 1152 est,
1021 1096 1078 1142 et
1117 1088 1376 1143 universa
1427 1089 1681 1144 essentia:
1728 1090 1941 1147 ratione
1988 1093 2156 1148 rebus

573 1176 811 1232 conditis
860 1176 1172 1243 antecellit,
1212 1176 1270 1232 id
1310 1184 1426 1245 est,
1474 1179 1668 1246 Deum,
1712 1180 1880 1235 etiam
1932 1181 2155 1238 homine

573 1269 749 1339 majus
785 1284 905 1323 esse
937 1269 1203 1325 dicamus.

642 1359 840 1414 PALL.
880 1359 1048 1415 Recte
1071 1360 1172 1416 ais.

640 1449 799 1505 CYR.
855 1451 1104 1507 Habeant
1152 1454 1322 1525 igitur
1362 1454 1481 1510 haec
1523 1455 1713 1522 verba,
1751 1455 1870 1522 Est,
1915 1463 1972 1510 et
2012 1455 2155 1523 Non,

572 1542 717 1611 apud
753 1557 851 1598 eos
871 1551 1040 1610 certe,
1080 1545 1177 1614 qui
1224 1547 1490 1616 optimam
1529 1547 1657 1603 vitae
1688 1548 1961 1603 rationem
1999 1547 2160 1603 insti-

573 1644 822 1702 tuerunt,
862 1636 1045 1692 locum
1081 1653 1148 1692 ae
1186 1638 1298 1693 vim
1330 1641 1691 1711 jurisjurandi
1714 1683 1729 1707 ,
1773 1657 1838 1698 ac
1875 1654 2025 1698 recte
2068 1641 2162 1696 ﬁr-

572 1735 794 1781 mentur
823 1744 836 1780 :
864 1743 994 1782 nam
1018 1728 1095 1783 ita
1117 1736 1402 1797 sequetur,
1429 1738 1491 1785 ut
1526 1729 1664 1787 ﬁdes
1710 1731 1818 1789 illis
1864 1732 2154 1788 habeatur.

2256 539 2482 602 εἰκότως
2507 537 2583 602 ὡς
2611 539 2748 610 πρὸς
2774 540 2927 610 ἡμᾶς
2952 538 3013 591 τὸ
3047 536 3405 609 ὑπερτεροῦν,
3433 538 3555 591 καθ’
3577 537 3606 591 ὃ
3624 536 3839 607 πέφυκε

2256 630 2432 700 νικᾷν.
2477 629 2681 701 Ὅρκια
2730 629 2796 700 δὴ
2843 623 2935 683 οὖν
2971 629 3130 683 ταυτὶ
3159 628 3534 700 ποιησόμεθα,
3572 630 3840 701 παρέντες

2254 719 2332 783 ὡς
2361 720 2638 792 περιττὸν,
2675 719 2739 774 τὸ
2769 719 3175 793 διαμεμνῆσθαι
3201 720 3366 789 Θεοῦ;

2318 903 2531 957 ΠΑΛΛ.
2572 901 2859 972 Οὐδαμῶς.

2328 995 2493 1048 ΚΥΡ.
2532 995 2749 1047 Ἔοικεν
2790 987 2884 1047 οῦν
2922 992 3032 1066 ἄρα
3061 992 3124 1046 τὸ
3157 992 3299 1046 κατὰ
3341 992 3503 1062 φύσιν
3545 992 3839 1062 ύπερτενὲς

2256 1088 2352 1141 καὶ
2386 1085 2493 1157 ὅλῳ
2524 1085 2603 1157 τῷ
2644 1082 2784 1139 εἶναι
2816 1085 2926 1139 τῶν
2960 1084 3347 1155 πεποιημένων
3380 1084 3694 1153 διενεγκὺν,
3722 1101 3853 1140 του-ν

2255 1178 2427 1243 τέστι,
2456 1177 2610 1245 Θεὸν,
2640 1179 2735 1233 καὶ
2762 1177 3050 1249 ἀνθρώπου
3083 1179 3277 1251 μεῖζον,
3301 1178 3496 1232 εἰπεῖν.

2323 1357 2532 1412 ΠΑΛΛ.
2575 1351 2648 1412 Εὖ
2680 1357 2882 1429 λέγεις.

2326 1450 2490 1505 ΚΥΡ,
2519 1450 2701 1503 Ἔστω
2718 1447 3011 1520 τοιγαροῦν
3036 1447 3096 1502 τὸ
3120 1448 3251 1514 Ναὶ,
3272 1449 3366 1503 καὶ
3394 1448 3455 1502 τὸ
3479 1446 3578 1514 Οὓ,
3602 1447 3759 1518 παρά
3779 1465 3845 1518 γε

2257 1543 2371 1605 τοῖς
2402 1541 2599 1613 ἄριστα
2646 1541 2796 1611 βιοῦν
2838 1540 3175 1613 ᾑρημένοις,
3230 1541 3394 1613 ὅρκου
3441 1539 3601 1613 χρεία
3648 1557 3710 1594 τε
3749 1542 3840 1595 καί¹

2258 1632 2523 1704 δύναμις,
2571 1632 2667 1686 καὶ
2695 1632 3056 1703 διαπεπήχθω
3080 1630 3256 1703 ὀρθῶς
3275 1648 3286 1660 ·
3321 1631 3513 1703 ἕψεται
3543 1631 3653 1703 γὰρ
3699 1631 3842 1685 οῦτω

2262 1725 2357 1779 καὶ
2384 1725 2447 1778 τὸ
2477 1724 2826 1779 πιστεύεσθαι
2850 1725 2978 1779 δεῖν.
3010 1726 3072 1778 Εἰ
3099 1724 3154 1779 δὲ
3185 1725 3508 1796 ἀτιμάζοιτο
3536 1724 3674 1795 πρός
3698 1741 3842 1788 τινος

571 1815 727 1882 Quod
756 1815 802 1871 si
833 1816 951 1871 haec
973 1817 1234 1888 loquendi
1254 1818 1448 1885 forma,
1474 1820 1591 1888 Est,
1619 1829 1676 1876 et
1698 1821 1843 1889 Non,
1874 1822 1944 1878 ab
1973 1823 2157 1893 aliquo

2267 1817 2320 1871 τὺ
2353 1818 2463 1871 Ναὶ
2491 1819 2585 1871 καὶ
2610 1818 2672 1871 τὸ
2700 1816 2796 1883 Oi),
2825 1817 2935 1871 τῶν
2963 1818 3142 1888 ὅρκων
3168 1819 3201 1888 ὴ
3233 1817 3392 1888 χρεία
3418 1816 3711 1889 τετράφθω
3734 1816 3843 1869 λοι-

575 1914 983 1975 contemnatur,
1012 1916 1126 1963 tum
1153 1909 1391 1980 denique
1428 1911 1789 1983 jurisjurandi
1827 1929 1961 1969 usus
1996 1915 2065 1970 ad
2102 1915 2159 1969 id

576 2007 885 2067 revocetur,
920 2000 1067 2070 quod
1100 2009 1185 2057 est
1211 2002 1390 2068 nobis,
1417 2003 1530 2059 imo
1558 2021 1692 2061 vero
1720 2006 1976 2062 universa
2000 2022 2157 2062 crea-

577 2099 702 2145 tura
753 2092 948 2162 majus.
984 2092 1122 2146 Nam
1154 2093 1227 2148 de
1257 2093 1602 2165 blasphemia
1640 2097 1865 2167 quidem
1896 2098 2030 2169 quid
2073 2107 2161 2154 at-

578 2179 717 2235 tinet
761 2181 967 2248 dicere,
1008 2198 1225 2257 quaque
1276 2184 1333 2239 in
1375 2201 1437 2240 re
1476 2194 1751 2254 versetur,
1791 2197 1849 2244 et
1901 2189 1970 2244 ad
1996 2206 2161 2260 quam

576 2270 879 2340 perniciem
900 2288 1016 2339 eos,
1034 2277 1130 2344 qui
1153 2274 1270 2344 ipsa
1293 2276 1374 2330 uti
1406 2287 1833 2345 consueverunt,
1860 2280 2163 2350 perducat?

576 2379 741 2430 quam
784 2372 840 2418 et
881 2365 1078 2420 acerba
1104 2374 1280 2422 morte
1314 2368 1405 2423 lex
1446 2370 1788 2426 multandam
1824 2372 2063 2439 censuit,
2105 2381 2162 2428 et

576 2453 695 2523 ipse
718 2454 969 2512 Christus
994 2474 1213 2529 quoque
1238 2459 1650 2519 inevitabilibus
1670 2465 2005 2535 aaternisque
2032 2480 2163 2535 sup—

576 2546 758 2614 pliciis
801 2546 1082 2605 damnavit
1112 2568 1124 2604 :
1160 2570 1179 2602 (
1212 2550 1317 2618 Qui
1345 2553 1495 2607 enim
1527 2554 1730 2610 dixerit
1754 2557 1987 2611 verbum
2019 2572 2159 2611 eon-

578 2647 661 2693 tra
700 2638 900 2695 Filium
929 2641 1190 2708 hominis,
1219 2642 1531 2700 dimittetur
1552 2646 1605 2701 ei
1631 2664 1643 2699 :
1672 2647 1768 2717 qui
1803 2655 1987 2702 autem
2012 2647 2165 2701 dixe-

576 2730 651 2786 rit
726 2742 916 2789 contra
960 2734 1229 2805 Spiritum
1289 2744 1563 2803 sanctum,
1611 2754 1724 2793 non
1756 2738 2071 2794 remittetur
2111 2739 2162 2793 ei

576 2841 756 2896 neque
777 2826 835 2880 in
870 2826 975 2881 lioc
997 2827 1219 2893 saeculo,
1243 2844 1424 2897 neque
1448 2828 1503 2883 in
1528 2829 1713 2885 futuro
1740 2822 1804 2884 ‘3.
1842 2850 1860 2880 ι
1896 2830 2164 2901 Spiritum

576 2933 782 2973 vocans
829 2925 1086 2973 naturam
1130 2918 1280 2971 illam
1332 2933 1565 2989 corpore
1618 2921 1961 2992 superiorem
1988 2966 2002 2990 ,
2042 2940 2165 2994 quae

577 3010 724 3065 Deus
766 3018 871 3076 est,
930 3009 987 3064 in
1053 3025 1219 3081 quem
1266 3009 1312 3066 si
1375 3011 1502 3081 quis
1546 3012 1873 3068 elfrenatam
1921 3015 2163 3086 linguam

2260 1909 2361 1963 πὸν
2399 1910 2490 1963 ἐπὶ
2529 1910 2593 1963 τὸ
2627 1908 2812 1981 μεῖζον
2844 1908 2877 1979 ἦ
2922 1908 3044 1963 καθ’
3073 1910 3255 1981 ἡμᾶς,
3306 1907 3505 1979 μᾶλλον
3538 1907 3596 1962 δὲ
3628 1907 3661 1979 ἦ
3702 1907 3853 1962 κατά

2261 2001 2442 2054 πᾶσαν
2472 1998 2571 2071 τὴν
2601 1999 2799 2053 κτίσιν.
2841 1998 3168 2069 Δυσφημίαν
3191 1997 3267 2063 δὲ,
3297 1998 3350 2051 τί
3377 1996 3442 2052 ἂν
3474 1998 3695 2068 λέγοιμι
3731 1997 3842 2051 λοι-

2263 2091 2383 2157 πδν,
2411 2092 2534 2145 ὅποι
2563 2092 2624 2145 τὲ
2661 2094 2800 2156 ἐστι,
2827 2092 2922 2145 καὶ
2950 2092 3018 2144 ἵν’
3045 2090 3297 2162 ἀποφέρῃ
3341 2088 3514 2143 κακοῦ
3545 2089 3676 2152 τοὺς
3705 2089 3842 2160 αὐτῇ

2261 2188 2599 2259 χρωμένους,
2646 2186 2715 2258 ἢν
2742 2186 2956 2256 θανάτῳ
2995 2186 3093 2257 μὲν
3132 2184 3313 2257 πικρῷ
3348 2186 3442 2239 καὶ
3478 2187 3508 2238 ό
3552 2183 3722 2237 πάλαι
3763 2200 3846 2236 τι-

2266 2281 2433 2350 μᾶται
2464 2280 2647 2351 νόμος.
2684 2277 3092 2333 Καταδεδίκακε
3123 2276 3179 2331 δὲ
3209 2276 3303 2330 καὶ⁴
3335 2275 3500 2340 αὐτὸς
3530 2275 3559 2328 ό
3588 2273 3857 2346 Χριστὸς,

2263 2372 2528 2441 ἀφύκτοις
2560 2388 2622 2425 τε
2654 2372 2749 2425 καὶ
2775 2370 3159 2440 ἀτελευτήτοις
3183 2371 3375 2432 κακοῖς
3395 2384 3412 2400 ο
3449 2387 3469 2421 ι
3512 2369 3607 2431 Ὃς
3636 2366 3750 2438 γὰρ
3781 2365 3862 2421 ἂν

2264 2465 2394 2535 εἴπῃ
2422 2464 2580 2531 λόγον
2604 2462 2745 2516 κατά
2772 2462 2868 2516 τοῦ
2902 2462 3032 2516 Υίοῦ
3058 2461 3154 2515 τοῦ
3180 2459 3486 2532 ἀνθρώπου,
3513 2460 3847 2531 ἀφεθήσεται

2264 2554 2413 2625 αύτῷ
2432 2568 2445 2582 °
2476 2553 2534 2618 ὃς
2567 2553 2612 2607 δ’
2644 2553 2710 2608 ἂν
2741 2554 2870 2627 είπῃ
2903 2552 3045 2607 κατὰ
3067 2552 3161 2605 τοῦ
3198 2550 3517 2621 Πνεύματος
3540 2548 3636 2604 τοῦ
3667 2550 3846 2618 ἀγίου,

2263 2645 2365 2697 οὐκ
2395 2644 2726 2715 ἀφεθήσεται
2793 2642 2973 2713 αύτῷ,
3008 2642 3133 2697 οὔτε
3169 2643 3227 2697 ὲν
3258 2641 3336 2714 τῷ
3370 2640 3464 2695 νῦν
3494 2640 3687 2706 αἰῶνι,
3726 2639 3848 2694 οὔτε

2265 2738 2325 2790 ὲν
2359 2735 2437 2808 τῷ
2486 2736 2755 2809 μέλλοντι.
2813 2754 2831 2787 ›
2889 2735 3118 2806 Πνεῦμα
3163 2734 3337 2802 λέγων
3369 2733 3468 2805 τὴν
3501 2734 3642 2805 ὑπὲρ
3693 2732 3847 2803 σῶμα

2266 2824 2428 2895 φύσιν
2449 2866 2462 2891 ,
2496 2826 2634 2897 ὅπερ
2675 2825 2793 2878 ἐστὶ
2824 2824 2988 2890 Θεὸς,
3037 2818 3082 2892 ᾧ
3113 2821 3211 2894 τὴν
3243 2820 3494 2891 γλῶτταν
3522 2819 3782 2890 ἀχάλινον
3821 2819 3851 2870 ό

2268 2919 2560 2987 ἐπαφεῖναι
2592 2916 2829 2997 τολμῶν,
2877 2917 3005 2979 τοὺς
3029 2916 3129 2986 τῆς
3177 2913 3580 2986 ἀθυροστομίας
3612 2910 3849 2983 ἐκθεριεῖ

2266 3010 2534 3080 καρπούς.
2585 3031 2603 3062 ι
2642 3009 2810 3080 Χείλη
2847 3008 2957 3081 γὰρ
2990 3009 3257 3080 ἄφρονος,
3296 3006 3522 3075 ἄγουσιν
3563 3004 3730 3057 αὐτὸν
3774 3004 3848 3067 εἰς

577 3096 963 3157 ιοχοιδθάυειιε
988 3101 1177 3167 fuerit,
1207 3112 1378 3158 metet
1403 3104 1823 3174 intemperantis
1851 3105 2163 3198 dicacitatis

2267 3100 2433 3167 κακὰ,
2466 3099 2648 3164 καθὼς
2667 3101 3001 3169 γέγραπται.
3029 3098 3103 3152 Τὸ
3125 3097 3372 3169 στόμαδὲ
3401 3096 3567 3150 αὐτοῦ
3595 3096 3658 3149 τὸ
3678 3095 3851 3167 θρασὺ

578 3194 814 3250 fructus.
852 3214 869 3246 ι
900 3194 1071 3250 Labia
1106 3196 1255 3251 enim
1292 3197 1604 3268 insipientis
1629 3197 1917 3268 impellunt
1941 3184 2160 3258 eum'ad

2267 3191 2498 3246 θάνατον
2533 3193 2904 3246 ἐπικαλεῖται.
2945 3210 2964 3242 ι
3011 3190 3304 3260 Τοιγάρτοι
3353 3188 3449 3243 καὶ
3498 3191 3527 3243 ό
3565 3187 3865 3250 θεσπέσιος

580 3284 742 3349 mala,
795 3285 940 3340 sicut
993 3285 1257 3355 scriptum
1311 3293 1424 3353 est;
1483 3302 1546 3341 os
1588 3294 1772 3340 autem
1818 3288 1939 3357 ejus
1984 3289 2164 3343 audax

580 3383 813 3429 mortem
838 3376 1074 3430 invocat.
1095 3377 1140 3408 υ
1172 3395 1190 3427 ι
1225 3376 1416 3446 Itaque
1435 3379 1602 3431 etiam
1628 3374 1847 3430 divinus
1881 3375 1973 3431 ille
2010 3377 2164 3431 Psal-

582 3480 798 3520 morum
842 3473 1055 3530 cantor,
1081 3465 1302 3520 dicebat
1345 3483 1359 3519 :
1409 3485 1428 3518 ι
1462 3467 1633 3533 Pone,
1680 3466 1933 3534 Domine,
1971 3475 2164 3537 custo-

581 3556 730 3609 diam
757 3555 840 3610 ori
867 3571 1011 3621 meo,
1034 3564 1091 3610 et
1115 3555 1317 3612 ostium
1342 3559 1769 3615 circumstantia
1791 3560 1952 3616 labiis
1985 3561 2122 3616 meis
2149 3579 2164 3615 :

582 3662 653 3700 ne
698 3644 942 3700 declines
976 3661 1073 3701 cor
1111 3661 1296 3702 meum
1345 3648 1402 3703 in
1435 3649 1607 3704 verba
1632 3650 1857 3705 malitiae
1881 3650 1945 3706 ⁸ο.
1985 3670 2004 3702 ι
2041 3650 2168 3708 Haec

2265 3282 2471 3354 ἔφασκε
2501 3282 2772 3353 Μελῳδός·
2812 3302 2830 3335 ι
2857 3280 2984 3346 Θοῦ,
3017 3281 3212 3353 Κύριε,
3241 3280 3489 3352 φυλακὴν
3514 3278 3594 3350 τῷ
3622 3277 3856 3349 στόματί

2270 3393 2408 3447 μου,
2440 3375 2536 3429 καὶ
2586 3373 2757 3446 θύραν
2805 3376 3071 3445 περιοχῆς
3112 3372 3241 3445 περὶ
3278 3371 3348 3426 τὰ
3397 3370 3551 3442 χείλη
3598 3385 3740 3442 μου’
3778 3369 3850 3441 μὴ

2267 3468 2523 3539 ἐκκλίνῃς
2567 3468 2667 3538 τὴν
2717 3466 2943 3539 καρδίαν
2994 3482 3095 3536 μου
3133 3466 3214 3530 εἰς
3257 3464 3451 3535 λόγους
3489 3462 3779 3534 πονηρίας.
3829 3481 3848 3513 ι

2268 3557 2394 3614 Εἶεν
2430 3560 2472 3613 δ’
2509 3560 2573 3614 ἂν
2604 3553 2754 3614 οὗτοι
2778 3598 2793 3625 ,
2839 3558 2983 3613 κατά
3025 3557 3162 3612 Θεοῦ
3193 3559 3290 3612 καὶ
3327 3558 3426 3629 τῆς
3466 3558 3713 3628 ἀρρήτου
3764 3554 3855 3609 καὶ

2269 3651 2551 3723 ἀκηράτου
2586 3652 2801 3721 φύσεως
2833 3651 3172 3721 ἀνοσιωτάτη
3208 3648 3473 3720 καταϐοή.

583 3751 768 3796 autem
791 3741 958 3797 verba
981 3750 1131 3808 sunt,
1156 3749 1216 3798 ut
1241 3743 1460 3814 opinor,
1490 3743 1673 3816 impiae
1698 3744 1966 3801 adversus
2016 3745 2193 3800 Deum
2227 3754 2283 3802 et
2326 3746 2474 3801 illam
2515 3746 2854 3802 ineﬁ‘abilem
2887 3747 3376 3817 incorruptamque
3411 3751 3667 3798 naturam
3726 3759 3868 3812 quem

585 3835 731 3890 relaa.

656 3925 854 3981 PALL.
894 3925 1126 3998 Oportet
1164 3928 1352 4001 igitur,
1399 3929 1495 3999 qui
1543 3938 1696 3985 recto
1718 3931 1918 3987 itinere
1941 3946 2172 4003 pergere

586 4018 705 4072 sine
733 4017 845 4072 ulla
865 4018 1041 4088 culpa
1058 4018 1181 4074 labe
1207 4019 1571 4085 contendunt,
1596 4034 1692 4075 eos
1714 4020 1856 4076 bene
1881 4021 2172 4077 conﬁrma-

587 4121 672 4165 tus
721 4124 843 4164 esse
868 4153 883 4177 ,
926 4120 983 4166 et
1024 4111 1318 4182 ejusmodi,
1368 4118 1431 4166 ut
1476 4112 1651 4167 Deum
1686 4112 1971 4170 oll‘endere
2015 4115 2169 4170 nullo

586 4201 753 4257 modo
777 4204 1107 4259 sustineant.

2347 3930 2556 3983 ΠΑΛΛ.
2592 3930 2685 3981 Δεῖ
2715 3928 2781 4000 δὴ
2810 3926 2905 3982 οὖν
2945 3926 3054 3999 ἄρα
3082 3925 3456 4001 διερηρεῖσθαι
3492 3926 3698 3992 καλῶς,
3733 3929 3855 3990 τοὺς

2275 4024 2412 4078 ἱέναι
2463 4021 2561 4092 μὲν
2616 4022 2935 4092 ἀμωμήτως
2972 4021 3072 4092 τὴν
3127 4020 3212 4073 ἐπ’
3246 4020 3374 4073 εὐθὺ
3431 4019 3849 4085 σπουδάζοντας,

2271 4113 2389 4186 Θεῷ
2408 4110 2485 4166 δὲσ
2515 4111 2880 4184 προσκρούειν
2910 4113 3013 4165 οὐκ
3044 4114 3426 4183 ἀνεχομένους.

658 4294 817 4350 CYR.
845 4296 924 4351 Ita
948 4296 1145 4351 sentio.
1167 4295 1307 4351 Nam
1338 4295 1604 4353 adversus
1624 4313 1741 4364 eos,
1769 4298 1869 4369 qui
1890 4298 1959 4354 ad
1992 4299 2163 4355 Deum

2344 4297 2510 4353 ΚΥΡ.
2545 4294 2704 4350 Οὕτω
2732 4293 2897 4366 φημί.
2941 4293 3085 4364 Πρὸς
3113 4292 3222 4364 γάρ
3251 4308 3335 4346 τοι
3374 4292 3501 4355 τοὺς
3533 4293 3849 4363 προσιόντας

586 4387 861 4441 accedunt
877 4401 989 4441 non
1010 4402 1145 4442 sano
1165 4386 1353 4454 corde,
1380 4388 1477 4444 sed
1501 4387 1671 4444 dubio
1697 4395 1864 4460 atque
1884 4397 2167 4460 corrupto,

591 4476 739 4546 quod
766 4484 823 4532 et
848 4484 1042 4533 natura
1069 4493 1171 4533 sua
1194 4478 1357 4549 215
1384 4479 1722 4536 imbecillum
1749 4480 1840 4547 sit,
1865 4489 1922 4538 et
1950 4480 2018 4537 ad
2052 4482 2169 4537 rui-

588 4583 715 4622 nam
750 4567 907 4624 facile
946 4568 1279 4640 impellatur,
1318 4570 1591 4641 propheta
1631 4571 1916 4641 loquitur:
1953 4592 1973 4623 ε
2016 4572 2168 4639 Quo-

589 4675 766 4729 usque
810 4658 1190 4715 claudieabitis
1252 4668 1489 4732 utroque
1546 4661 1753 4733 poplite
1799 4661 2025 4717 vestro?
2073 4670 2171 4718 aut

588 4751 717 4807 Raal
742 4752 892 4817 Baal,
918 4760 1014 4807 aut
1037 4751 1150 4808 Deo
1190 4753 1302 4807 Deo
1326 4754 1367 4784 "’
1405 4773 1423 4805 ι
1462 4754 1600 4808 Nam
1632 4769 1811 4825 neque
1837 4754 1894 4809 in
1923 4752 2029 4810 ﬁde
2054 4771 2171 4810 om-

589 4845 724 4896 nino
746 4858 942 4897 sanum
984 4858 1140 4910 esse,
1179 4859 1360 4914 neque
1403 4861 1596 4900 rursus
1642 4845 1699 4901 in
1744 4862 1935 4902 errore
1978 4846 2167 4913 ﬁxum,

591 4937 829 4998 utroque
874 4929 1183 4985 claudicare
1224 4940 1331 4999 est,
1368 4933 1425 4989 id
1462 4950 1616 5001 vero,
1650 4944 1708 4990 et
1746 4935 1803 4991 in
1836 4945 2066 5007 utraque
2110 4952 2171 4993 re

591 5019 969 5075 sinceritatem
1016 5023 1339 5092 corrumpit.
1387 5023 1745 5083 Occasionem
1789 5044 1957 5099 porro
2006 5030 2170 5100 hujus

591 5110 732 5167 adeo
774 5110 1006 5168 inﬁrmae
1051 5111 1370 5183 fragilisque
1416 5122 1617 5175 mentis
1670 5120 2002 5191 quibusdam
2047 5137 2169 5177 esse

593 5210 746 5272 puto,
764 5200 911 5273 quod
937 5217 1050 5257 non
1074 5217 1227 5269 vero,
1254 5203 1352 5259 sed
1378 5206 1615 5262 conﬁcto
1649 5225 1836 5266 amore
1875 5212 2048 5266 Deum
2088 5210 2170 5264 di-

593 5292 787 5365 ligunt,
813 5309 876 5349 ac
899 5294 1161 5351 simulant
1176 5295 1397 5367 quidem
1417 5313 1474 5354 se
1497 5297 1840 5356 Christianos
1862 5319 1981 5360 esse
2005 5303 2166 5369 velle;

593 5400 703 5439 non
734 5394 917 5442 tamen
960 5388 1017 5444 id
1040 5405 1108 5445 ex
1142 5397 1257 5445 toto
1298 5392 1464 5448 corde
1510 5391 1750 5458 faciunt,
1797 5410 1975 5464 neque
2022 5394 2169 5465 quod

594 5474 842 5530 veritatis
885 5480 1191 5537 reverentia
1246 5481 1303 5537 in
1340 5499 1461 5539 eam
1499 5483 1831 5539 sententiam
1876 5484 2168 5548 ducantur,

594 5570 690 5616 aut
724 5563 800 5627 id,
836 5567 981 5634 quod
1017 5579 1224 5626 rectum
1261 5583 1363 5640 cst,
1400 5576 1582 5647 magni
1608 5575 1843 5642 faciant;
1889 5574 1983 5631 sed
2023 5577 2170 5645 quod

669 5751 714 5783 ³⁸
738 5750 929 5806 Matth.
960 5769 1052 5820 xu,
1094 5754 1180 5809 5'2.
1262 5760 1302 5794 τ’
1342 5759 1498 5812 Prov.
1535 5776 1680 5823 mn,
1716 5761 1767 5826 6,
1800 5760 1849 5813 7.

2272 4388 2391 4460 Θεῷ
2424 4388 2499 4461 μὴ
2535 4385 2596 4452 ὲξ
2635 4384 2824 4456 ὑγιοῦς
2861 4384 3117 4456 καρδίας,
3152 4384 3268 4437 ἀλλ’
3312 4384 3557 4439 ὑπόπτου
3590 4386 3686 4440 καὶ
3725 4403 3853 4457 παρ’

2272 4480 2654 4553 εφθαρμένης,
2688 4477 2783 4532 καὶ
2828 4477 3134 4548 ἀρρωστεῖν
3162 4475 3426 4547 ἑλομένης
3455 4475 3517 4529 τὸ
3557 4475 3752 4531 ἄναλκί
3793 4493 3850 4530 τε

2271 4574 2365 4630 καὶ
2394 4571 2814 4627 εύκατάσειστον
2833 4608 2850 4636 ,
2873 4570 2902 4622 ὁ
2927 4567 3217 4640 προφήτης
3240 4566 3443 4637 φησίν·
3484 4586 3504 4619 ‹
3542 4566 3690 4632 Ἕως
3724 4567 3850 4620 πότε

2270 4667 2562 4739 χωλανεϊτε
2585 4663 2671 4718 ἐπ’
2689 4660 3033 4732 ἀμφοτέραις
3058 4661 3181 4723 ταῖς
3203 4660 3419 4729 ἰγνύαις
3442 4660 3471 4714 ὑ
3479 4659 3619 4730 μῶν,
3637 4660 3671 4731 ἢ
3686 4659 3849 4723 Βάαλ,

2273 4757 2439 4822 Βάαλ,
2471 4757 2505 4828 ἢ
2539 4754 2660 4827 Θεῷ
2687 4751 2829 4823 Θεῷ;
2866 4770 2886 4803 ›
2918 4750 2993 4804 Τὸ
3027 4748 3138 4821 γὰρ
3184 4751 3321 4822 μήτε
3361 4751 3502 4822 πρὸς
3529 4752 3711 4805 πίστιν
3744 4751 3854 4804 εἰσ-

2270 4850 2415 4905 ἀπαν
2456 4847 2639 4918 ὑγιὲς,
2689 4848 2827 4918 μήτε
2873 4842 2981 4915 μὴν
3043 4843 3124 4905 εἰς
3171 4842 3442 4913 πλάνησιν
3481 4840 3851 4912 διαπεπῆχθαι

2273 4940 2468 5009 φιλεῖν,
2507 4938 2594 4991 ἐπ’
2624 4936 2798 5007 ’ἄμφω
2821 4951 2884 4988 τε
2909 4930 3172 5004 χωλεύειν
3211 4932 3330 4986 ἐστὶ
3348 4974 3364 5001 ,
3391 4933 3487 4986 καὶ
3518 4931 3646 5004 μὴν,
3676 4931 3738 4985 τδ
3770 4932 3853 4998 ἐφ’

2273 5028 2518 5098 ἐκατέρῳ
2548 5022 2906 5094 καταφθείρει
2926 5023 3168 5094 γνήσιον.
3191 5022 3475 5093 Πρόφασις
3499 5022 3557 5076 δὲ
3586 5022 3689 5094 τῆς
3716 5021 3855 5075 οὕτω

2278 5115 2481 5188 σαθρᾶς
2522 5116 2617 5169 καὶ
2647 5113 3033 5168 εὐδιακλάστου
3060 5115 3289 5186 γνώμης
3325 5115 3522 5184 γένοιτ’
3555 5114 3645 5181 ἂν,
3681 5112 3849 5187 οἶμαι,

2278 5209 2391 5262 τισὶ
2417 5207 2479 5261 τὸ
2502 5205 2883 5260 κατάπλαστον
2908 5204 3180 5260 ποιεῖσθαι
3204 5207 3298 5260 καὶ
3322 5208 3422 5261 οὐκ
3444 5208 3615 5279 ἀληθῆ
3646 5209 3747 5279 τὴν
3778 5209 3850 5269 εἰς

2277 5302 2410 5355 Θεὸν
2455 5299 2753 5370 ἀγάπησιν,
2780 5298 2876 5352 καὶ
2920 5298 3309 5368 ὑποκρίνεσθαι
3366 5301 3466 5372 μὲν
3510 5300 3570 5354 τὸ
3620 5317 3851 5372 χριστια-

2277 5396 2442 5460 νίζειν
2472 5391 2776 5465 βούλεσθαι,
2803 5391 2878 5463 μὴ
2906 5389 3015 5463 μὴν
3039 5390 3099 5456 ἐξ
3121 5392 3251 5462 ὅλης
3271 5393 3498 5464 καρδίας
3517 5391 3680 5446 τοῦτο
3702 5392 3845 5463 δρᾷν,

2280 5488 2416 5558 μήτε
2450 5486 2555 5557 μὴν
2584 5484 2720 5538 αἰδοῖ
2756 5486 2823 5555 τῇ
2865 5483 3001 5555 πρὸς
3029 5484 3090 5537 τὸ
3123 5485 3320 5555 ἀληθὲς
3344 5484 3845 5553 ἀναπεπεισμένους

2278 5578 2371 5630 καὶ
2412 5577 2776 5646 τετιμηκότας
2806 5574 2866 5627 τὸ
2892 5573 3014 5645 ἔχον
3046 5574 3249 5645 ὀρθῶς·
3289 5574 3402 5629 ἀλλ’
3428 5574 3458 5629 ἦ
3501 5571 3847 5644 θηρωμένους

1926 5760 1965 5791 "°
2000 5760 2142 5816 Psal.
2172 5776 2290 5828 (λιι,
2321 5761 2373 5825 3,
2406 5760 2450 5815 ἰ.
2524 5763 2562 5799 δ’
2602 5763 2667 5818 lll
2710 5764 2842 5836 Reg.
2871 5780 3019 5829 mu,
3044 5762 3132 5816 21.
