4138 6300
268 333 362 389 177

981 338 1069 393 DE
1107 338 1546 395 ADORATIONE
1585 339 1652 396 IN
1696 337 1965 398 SPIRITU
2001 343 2079 399 ΕΊ
2127 347 2498 404 VERlTATE.
2541 351 2666 408 ΗΒ.
2711 351 2797 405 Vl.

3424 359 3530 415 478

264 447 321 534 τὸ
354 444 536 534 σφίσιν
557 446 739 511 αὑτοῖς
777 447 898 526 καθ’
932 450 1145 523 ἡδονὴν,
1177 453 1210 523 ἢ
1242 451 1488 531 κινδύνου
1521 453 1712 523 φόϐον,
1749 455 1832 507 xu)

1944 466 2038 511 aut
2061 459 2419 528 cupiditatem
2455 479 2608 518 suam
2637 469 3002 534 aucupentur,
3029 472 3123 518 aut
3156 465 3384 534 periculi
3413 484 3532 523 mc-

262 532 600 603 δυσημερίας
646 536 847 606 ἀγρίαν
889 539 1076 607 ἔφοδον
1127 542 1291 594 οἱονεὶ
1339 543 1843 614 καταγοητεὺοντας

262 624 325 692 τῇ
354 623 535 676 πίστει
575 627 1037 696 προσεληλυθέναι
1063 631 1259 698 δοκεῖν,
1292 632 1379 687 ἵνα
1406 635 1638 698 πολλοὺς
1669 634 1842 705 ἔχοιεν

261 716 384 777 τοὺς
409 716 695 771 συναθλεῖν
727 720 1062 790 ᾑρημένους,
1093 726 1186 778 καὶ
1214 726 1314 796 τὴν
1344 727 1550 780 οἰκείαν
1577 727 1840 792 δανείζειν

262 805 534 873 φροντίδα.
584 808 723 862 Ἀλλ’
750 811 951 882 ἐσχάτη
995 817 1108 877 τοῖς
1137 816 1400 879 τοιούτοις
1427 816 1840 886 ἀπονεμηθήσε-

257 911 343 945 ται
373 897 616 964 φροντὶς,
663 899 756 950 xu)
793 900 850 951 ὲν
881 904 992 963 τοῖς
1032 903 1112 956 ὅτι
1152 905 1387 974 μάλιστα
1417 903 1834 976 καταϐεϐλημέ-

259 1001 367 1046 νοις
398 985 426 1036 ὁ
455 984 685 1055 κλῆρος,
715 988 1029 1058 ἀτιμότατοι
1057 1011 1116 1046 τε
1155 997 1248 1047 xu)
1296 996 1698 1068 ἀπερριμμένοι
1747 999 1839 1051 xu)

263 1076 412 1143 μόλις
454 1078 935 1149 ἁποκερδαίνοντες
966 1084 1028 1136 τὸ
1061 1086 1341 1150 ἀξιοῦσθαι
1365 1089 1532 1160 ζωῆς,
1567 1090 1744 1144 ἁλοῖεν
1770 1091 1837 1146 ἂν

259 1167 392 1219 Θεοῦ
429 1167 815 1236 βασανίζοντος
861 1174 930 1226 τὰ
973 1177 1030 1229 ἐν
1060 1177 1193 1246 ἡμῖν
1222 1181 1618 1251 κεκρυμμένα·
1664 1183 1838 1237 ὁποῖοί

259 1276 401 1322 τινες
428 1256 568 1330 ἦσαν
593 1263 640 1314 οἰ
668 1262 776 1316 ἀπὸ
800 1264 1044 1320 Γαϐαών.
1073 1269 1574 1341 Προσκεχωρήκασι
1599 1273 1698 1344 μὲν
1731 1275 1838 1346 γὰρ

255 1351 330 1421 τῷ
373 1353 548 1422 Ἰησοῦ
591 1372 741 1416 ποτε,
781 1357 875 1409 xu)
905 1357 980 1428 τῷ
1011 1359 1126 1430 λαῷ
1154 1361 1248 1413 τοῦ
1283 1362 1416 1414 Θεοῦ
1458 1366 1836 1434 προσοικειοῦ-

259 1443 382 1496 σθαι
425 1443 544 1496 λίαν
583 1444 965 1517 ὲξελιπάρουνο
1003 1449 1140 1520 πλὴν
1171 1451 1270 1504 οὑκ
1303 1454 1647 1524 ἀκακουργὸν
1686 1457 1836 1509 ὲποι-

254 1533 416 1586 οῦντο
469 1534 566 1605 τὴν
631 1538 1000 1610 προσδρομὴν,
1053 1539 1177 1593 οὔτε
1235 1542 1341 1613 μὴν
1398 1543 1576 1613 ἁπλῆν
1626 1562 1685 1597 τε
1741 1548 1837 1599 καὶ

253 1623 657 1692 ἀκαπήλευτον,
689 1627 783 1680 καὶ
804 1626 876 1690 ὡς
909 1627 967 1693 ἐξ
995 1629 1218 1699 ἀγάπης
1243 1632 1342 1702 τῆς
1374 1633 1510 1703 πρὸς
1539 1633 1692 1702 Θεὸν,
1719 1636 1834 1689 ἀλλ’

255 1717 312 1766 ὲν
343 1716 629 1790 ὑποκρίσει
659 1719 753 1771 xu)
783 1719 938 1790 δόλῳ.
973 1722 1081 1773 Ku)
1108 1721 1352 1776 διέλαθον
1392 1725 1490 1794 μὲν
1523 1727 1580 1778 ὲν
1614 1727 1831 1797 ἀρχαῖς.

269 1807 484 1878 Ἐπειδὴ
512 1808 567 1861 δὲ
597 1810 770 1880 πικρὰ
799 1809 1035 1880 δρῶντες
1065 1812 1369 1884 ἡλίσκοντο,
1398 1818 1491 1870 xu)
1520 1822 1836 1892 κατεφωρά-
1866 1804 1910 1863 Β

255 1896 425 1967 θησαν
445 1900 696 1952 κακόνοοί
720 1918 779 1952 τε
803 1900 897 1954 xu).
913 1901 1346 1973 πολυγνώμονες,
1370 1907 1428 1958 ἐν
1449 1909 1562 1971 τοῖς
1586 1910 1836 1980 ἐσχάτοις

252 1989 555 2045 ἐτάττοντο.
585 1991 848 2059 Γεγόνασι
877 1992 986 2063 γὰρ
1019 1993 1304 2060 ξυλοκόποι
1334 2014 1393 2050 τε
1431 1999 1522 2052 xu)
1549 2000 1835 2073 ὑδροφόροι

254 2078 404 2149 πάσῃ
439 2081 504 2150 τῇ
552 2081 873 2152 Συναγωγῇ.
919 2083 1082 2154 Ὁρᾷς
1125 2081 1220 2138 οὖν
1267 2087 1388 2140 ὅποι
1415 2093 1743 2162 κατακομιεῖ
1773 2093 1834 2146 τὸ

259 2172 333 2240 μὴ
364 2173 618 2242 γνήσιον,·
644 2175 736 2226 xu)
762 2176 823 2227 τὸ
859 2175 931 2246 μὴ
976 2176 1191 2230 ἑλέσθαι
1217 2182 1380 2249 τιμᾷν
1415 2181 1474 2244 ἐξ
1498 2182 1684 2251 ὑγιοῦς
1719 2185 1834 2239 δια-

261 2262 410 2325 νοίας
455 2264 554 2334 τὴν
619 2266 755 2336 πρὸς
817 2267 1004 2334 ἁγίους
1062 2271 1368 2340 οἰκειότητα
1432 2280 1828 2348 πνευματικήν.

262 2349 536 2402 Ἀπατῶσι
565 2353 664 2422 μὲν
692 2353 800 2422 γὰρ
829 2354 939 2408 ἔσθ’
964 2357 1052 2409 ὅτε
1077 2357 1239 2422 τινὲς,
1271 2361 1362 2412 xu)
1395 2362 1517 2414 οὑτι
1554 2365 1656 2417 πού
1688 2384 1829 2436 φημι

247 2439 339 2493 τὸν
372 2441 550 2494 πάντα
592 2442 770 2495 εἰδότα
807 2445 1067 2514 Χριστὸν,
1096 2447 1223 2511 τοὺς
1262 2450 1320 2502 ὲν
1358 2448 1513 2520 τύπῳ
1539 2451 1595 2503 δὲ
1630 2454 1829 2523 μᾶλλον

249 2532 412 2585 αὑτοῦ
431 2574 444 2597 ,
474 2534 770 2619 τουτέστιν,
816 2538 942 2600 τοὺς
975 2538 1122 2591 λαῶν
1153 2541 1508 2610 ἡγουμένους.
1565 2544 1828 2616 Καθᾴπερ

247 2621 440 2690 ἀμέλει
487 2624 728 2680 κάκεῖνοι
784 2625 907 2678 τότε
953 2627 1046 2680 τὸν
1106 2629 1313 2699 Ἰησοῦν
1365 2632 1446 2694 εἰς
1499 2633 1682 2686 εἰκόνα
1733 2637 1828 2688 xu)

248 2713 598 2769 ὑποτύπωσιν
620 2717 1019 2789 παρενεχθέντα
1043 2721 1306 2792 Χριστοῦ,
1331 2724 1427 2777 xu)
1457 2725 1827 2782 εἰσελαύνουσι

251 2803 390 2872 μετά
419 2804 571 2858 δόλου
607 2813 1124 2881 κατασκιασμάτων,
1159 2816 1216 2866 ὲν
1251 2814 1405 2883 βάθει
1435 2815 1824 2889 διαλογισμῶν,

247 2896 340 2950 xu)
367 2898 468 2968 τῆς
498 2902 577 2963 είς
601 2901 726 2954 νοῦν
759 2904 1024 2975 πονηρίας
1058 2907 1444 2978 προϊσχόμενοι
1479 2909 1576 2981 τὴν
1604 2912 1828 2983 ὑπόκρι-

248 3003 364 3042 σιν·
423 2995 966 3065 καταγινωσκόμενοι
1017 2996 1109 3062 δὲ,
1166 2997 1351 3052 λαθεῖν
1405 3000 1513 3072 γὰρ
1574 3001 1677 3054 οὑκ
1724 3002 1824 3067 ἔνι,

1943 557 2059 602 tum
2090 559 2145 603 et
2168 552 2434 620 gravioris
2470 554 2703 624 alicujus
2737 553 3023 608 infortunii
3053 553 3393 610 imminentis
3425 556 3533 610 im-

1942 652 2130 713 petum
2160 653 2416 716 tanquam
2460 649 2828 705 incantatione
2875 652 3111 722 quadam
3152 654 3523 718 amoliantur,

1943 737 2072 792 dum
2116 739 2184 792 ad
2216 739 2376 794 ﬁdem
2430 742 2696 797 accedere
2727 743 3024 809 videntur,
3068 751 3130 797 ut
3173 745 3379 799 multos
3421 745 3523 799 ha-

1942 831 2126 896 beant,
2153 833 2248 902 qui
2284 833 2667 890 laborantibus
2711 837 2874 890 simul
2923 851 3083 905 opem
3137 834 3283 890 ferre
3327 836 3520 901 velint,

1941 936 2103 994 atque
2139 926 2247 981 illis
2289 941 2416 980 suas
2462 941 2625 997 curas
2666 926 3074 996 impertiantur.
3125 924 3233 980 Sed
3273 933 3522 980 extrema

1939 1016 2208 1086 ejusmodi
2248 1017 2565 1072 hominibus
2597 1017 2913 1087 procuratio
2951 1017 3245 1082 tribuetur,
3277 1026 3333 1071 et
3377 1018 3522 1072 inter

1939 1108 2338 1178 abjectissimos
2361 1110 2612 1165 homines
2656 1125 2775 1164 sors
2810 1124 3003 1163 eorum
3025 1109 3152 1174 erit,
3187 1117 3244 1164 et
3285 1108 3522 1180 ignomi-

1939 1199 2236 1254 niosissimi
2278 1209 2442 1270 atque
2490 1199 2949 1270 contemptissimi
2995 1199 3520 1271 deprchendemur;

1939 1300 1994 1346 et
2016 1292 2112 1362 qui
2147 1293 2238 1346 vix
2273 1293 2328 1348 id
2368 1294 2632 1364 consequi
2669 1293 2903 1364 possint,
2958 1301 3020 1347 ut
3062 1293 3180 1364 ipsa
3210 1293 3323 1348 vita
3369 1291 3522 1363 digni

1938 1399 2059 1440 esse
2081 1384 2393 1453 videantur,
2445 1387 2560 1441 Deo
2595 1386 2942 1455 exquirente,
2969 1399 3092 1455 quae
3136 1385 3196 1438 in
3237 1383 3399 1440 nobis
3437 1383 3522 1438 la-

1939 1483 2092 1530 tent:
2121 1478 2312 1546 quales
2337 1477 2600 1532 nimirum
2627 1475 2942 1532 Gabaonitae
2981 1474 3236 1540 fuerunt;
3277 1489 3522 1529 accesse-

1938 1575 2068 1620 runt
2107 1566 2256 1620 enim
2296 1567 2335 1621 ii
2376 1567 2652 1637 quondam
2678 1567 2747 1621 ad
2782 1565 2969 1630 Josue,
2997 1573 3055 1620 et
3077 1573 3139 1618 ut
3165 1579 3288 1618 cum
3312 1565 3518 1632 populo

1937 1655 2035 1710 Dei
2058 1657 2420 1723 sociarentur,
2446 1659 2804 1714 vehementer
2824 1656 3090 1721 orabant;
3135 1663 3515 1711 verumtamen

1936 1762 2048 1800 non
2077 1748 2193 1802 sine
2229 1749 2436 1804 malitia
2480 1765 2661 1820 neque
2687 1747 3010 1818 simpliciter
3042 1755 3099 1801 et
3145 1746 3264 1800 sine
3292 1747 3422 1808 ulla,
3458 1753 3519 1799 ut

1939 1834 2014 1890 ita
2061 1835 2259 1903 dicam,
2313 1847 2622 1893 mercatura
2659 1837 2959 1892 utilitatum
3005 1851 3251 1901 suarum,
3299 1843 3354 1890 et
3392 1844 3517 1888 tan-

1937 1943 2101 1996 quam
2143 1943 2211 1982 ex
2232 1928 2499 1982 charitate
2525 1945 2654 1998 erga
2679 1929 2873 1992 Deum,
2901 1927 2995 1981 sed
3033 1927 3288 1982 simulate
3320 1934 3380 1980 et
3415 1925 3516 1981 do-

1939 2018 2053 2072 lose
2078 2026 2427 2073 accesserant
2453 2019 2516 2073 ".
2553 2019 2631 2074 Ac
2672 2019 2884 2073 latuere
2908 2019 3130 2088 quidem
3157 2034 3187 2072 a
3211 2017 3515 2087 principio;

1935 2109 2055 2175 sed,
2082 2119 2439 2180 posteaquam
2479 2111 2886 2180 deprehensum
2930 2118 3014 2165 est
3038 2110 3162 2164 illos
3189 2111 3372 2180 gravia
3397 2126 3518 2165 mo-

1935 2203 2044 2267 liri,
2079 2212 2136 2257 et
2179 2204 2492 2274 malignitas
2527 2219 2719 2258 eorum
2747 2211 2911 2274 atque
2937 2204 3180 2259 versutia
3207 2211 3513 2272 comperta,

1933 2293 2135 2349 inﬁmis
2182 2295 2504 2349 muneribus
2543 2295 2746 2349 addicti
2790 2304 2919 2350 sunt
2955 2313 2968 2347 :
3009 2295 3147 2350 facti
3202 2303 3331 2349 sunt
3369 2295 3518 2350 enim

1931 2384 2202 2438 universa:
2236 2384 2530 2453 Synagogae
2567 2384 2784 2454 lignarii
2817 2392 2874 2438 et
2929 2383 3161 2452 aquarii.
3204 2383 3372 2440 Vides
3413 2384 3517 2454 igi-

1935 2486 2022 2529 tur
2048 2492 2156 2545 quo
2201 2477 2470 2545 perducat
2497 2476 2796 2540 simulatio,
2830 2483 2885 2529 et
2910 2475 3055 2529 nolle
3093 2475 3308 2543 integro
3335 2475 3519 2528 animo

1931 2564 2250 2619 societatem
2301 2573 2466 2634 atque
2510 2564 2955 2634 conjunctionem
2991 2562 3336 2632 spiritualem
3388 2578 3518 2617 san-

1930 2662 2146 2708 ctorum
2173 2655 2418 2708 virorum
2463 2654 2739 2723 amplecti.
2796 2655 3014 2710 Fallunt
3059 2653 3210 2708 enim
3243 2653 3519 2708 interdum

1928 2745 2179 2799 nonnulli
2215 2761 2324 2814 non
2351 2746 2542 2815 utique
2567 2745 2869 2811 Christum,
2897 2745 3082 2800 omnia
3108 2743 3397 2808 scientem,
3421 2744 3517 2800 sed

1928 2850 2024 2890 eos
2067 2835 2162 2905 qui
2208 2836 2354 2890 illius
2394 2835 2625 2905 ﬁguram
2682 2844 2891 2902 tenent,
2937 2835 2991 2890 id
3044 2844 3148 2902 est,
3189 2835 3520 2905 populorum

1928 2929 2225 2998 principes,
2274 2938 2333 2983 ut
2363 2928 2442 2982 illi
2472 2928 2733 2984 nimirum
2763 2944 2831 2984 eo
2867 2936 3117 2998 tempore
3148 2927 3326 2998 ipsum
3351 2927 3518 2984 Josuc

1929 3022 2260 3086 fefellerunt,
2296 3021 2390 3090 qui
2434 3021 2492 3075 in
2515 3020 2726 3076 Christi
2769 3020 2944 3092 ﬁgura
2986 3030 3153 3090 atque
3189 3020 3427 3091 imagine
3459 3021 3516 3075 in

247 3081 586 3151 σωθήσονται
637 3085 821 3154 μόλις,
861 3090 1054 3159 μοῖραν
1096 3088 1310 3158 ἔχοντες
1345 3090 1443 3161 τὴν
1484 3092 1822 3164 δουλοπρεπῆ

1934 3107 2213 3178 Scriptura
2249 3081 2562 3178 productus
2605 3117 2692 3163 est
2731 3125 2743 3160 :
2781 3081 2837 3163 et
2861 3081 3133 3164 accedunt
3176 3081 3331 3163 dolis
3362 3110 3516 3174 tecti,

245 3175 341 3228 καὶ
368 3176 626 3246 ἐσχάτην·
661 3179 1014 3251 ἀνελευθέρου
1044 3182 1152 3253 γὰρ
1184 3183 1432 3255 γνώμης,
1475 3185 1656 3253 ἀπάτη
1689 3203 1826 3255 καρ-

244 3268 365 3331 πός.
403 3270 592 3340 Ἡμεῖς
618 3270 695 3334 δὲ,
717 3269 799 3335 οἷς
819 3273 879 3324 τὸ
907 3278 1120 3344 φρονεῖν
1141 3275 1308 3344 ὑγιῶς
1329 3276 1398 3329 τά
1419 3277 1512 3330 τοῦ
1542 3278 1676 3332 Θεοῦ
1709 3295 1831 3333 σκο-

243 3359 345 3422 πὸς
370 3361 464 3412 x1)
485 3362 958 3428 ἀποσπουδάζεται
978 3365 1047 3419 τὰ
1069 3366 1253 3433 λοιπὰ,
1284 3369 1726 3440 προσκεισόμεθα
1749 3369 1827 3440 τῷ

244 3453 363 3522 ἰδίῳ
393 3455 638 3527 Δεσπότῃ
672 3457 766 3510 xu)
797 3457 914 3528 Θεῷ
943 3459 1050 3512 τῶν
1082 3459 1238 3527 ὅλων,
1275 3461 1334 3528 ὲξ
1368 3461 1546 3532 ἁπλῆς
1577 3464 1824 3535 καρδίας,

239 3545 307 3596 ἐκ
335 3544 574 3610 διανοίας
606 3548 790 3619 ὀρθῆς,
826 3549 885 3614 ἐξ
915 3550 1191 3616 ὀλοτελοῦς
1223 3554 1474 3623 ἀγάπης,
1521 3557 1825 3627 ἀρρωστεῖν

236 3639 301 3690 τὸ
332 3638 553 3710 δίψυχον
580 3642 678 3694 οὑκ
713 3643 1078 3714 ἀνεχομένης,
1113 3645 1493 3717 ἁποφοιτὼσης
1524 3647 1579 3699 δὲ
1623 3664 1822 3700 παντε-

236 3728 351 3792 λῶς
387 3730 535 3799 ⁴ἰγθῶν
568 3733 658 3784 xu)
687 3735 1050 3803 φρονημάτων
1092 3735 1456 3806 Ἑλληνικῶν,
1503 3738 1597 3790 xu).
1640 3737 1824 3809 ἰούσης

236 3820 318 3883 ὡς
347 3820 621 3875 ἀπωτάτω
643 3823 734 3876 xu)
762 3826 906 3895 μάλα
930 3825 1146 3896 γοργῶς
1173 3826 1283 3881 τῶν
1311 3829 1376 3880 ὲκ
1404 3827 1569 3898 νόμου
1596 3831 1823 3883 καταδε-

232 3912 605 3984 δικασμένων.
668 3915 930 3987 Ἐσόμεθα
976 3918 1086 3990 γὰρ
1130 3917 1276 3972 οὕτω
1327 3918 1528 3973 τέλειοι
1582 3921 1824 3974 ἐναντίον

236 4006 450 4078 Κυρίου
476 4007 570 4060 τοῦ
596 4007 752 4074 Θεοῦ,
775 4010 915 4063 κατὰ
933 4011 994 4063 τὸ
1014 4010 1422 4082 γεγραμμένον,
1443 4011 1539 4065 xu)
1557 4011 1822 4084 λαμπροὶ,

233 4098 330 4152 καὶ
368 4099 648 4169 εὐδόκιμοι
680 4101 817 4170 μετά
844 4100 954 4156 τῶν
986 4101 1163 4156 ἄλλων
1196 4103 1368 4172 ἀγίων
1400 4103 1459 4157 ὲν
1485 4103 1728 4175 Χριστῷ,
1757 4105 1824 4158 δι’

232 4182 295 4242 οὗ
327 4191 425 4243 καὶ
453 4189 572 4259 μεθ’
598 4185 659 4245 οὗ
685 4192 762 4262 τῷ
789 4193 964 4265 Πατρί
986 4193 1115 4258 δόξα
1143 4195 1242 4248 σὺν
1263 4195 1405 4267 ἀγίῳ
1437 4194 1720 4267 Πνεὺματι
1746 4198 1826 4260 εἰς

230 4283 363 4345 τοὺς
394 4281 600 4346 αἰῶνας
625 4282 738 4336 τῶν
764 4284 993 4340 αἰώνων.
1043 4286 1238 4358 Ἀμήν.

1933 3199 2248 3268 abditisque
2280 3199 2500 3268 penitus
2539 3199 2804 3263 consiliis,
2853 3199 3133 3268 animique
3175 3199 3402 3264 malitia,
3441 3199 3518 3254 si-

1933 3290 2302 3345 mulationem
2351 3291 2509 3360 quasi
2553 3290 2803 3345 velamen
2848 3289 3252 3359 praetendentes
3284 3307 3296 3342 :
3325 3289 3520 3359 depre-

1937 3383 2097 3438 hensi
2149 3390 2333 3437 autem
2360 3383 2559 3453 (neque
2596 3383 2744 3436 enim
2778 3382 2952 3436 latere
2977 3381 3058 3437 fas
3097 3382 3203 3454 est)
3243 3381 3337 3435 vix
3367 3381 3516 3436 salu-

1933 3482 2044 3528 tem
2075 3472 2414 3538 retinebunt,
2442 3472 2499 3526 in
2523 3472 2778 3527 servilem
2801 3479 2966 3541 atque
2992 3471 3242 3525 inﬁmum
3269 3470 3516 3525 ordinem

1935 3563 2150 3617 redacti
2184 3581 2196 3615 :
2229 3564 2392 3633 216
2440 3571 2525 3617 est
2574 3563 2723 3617 enim
2778 3562 2992 3618 fallacia
3026 3562 3312 3618 illiberalis
3349 3561 3517 3616 animi

1930 3651 2160 3706 fructus.
2179 3652 2291 3706 Nos
2315 3659 2521 3717 autem,
2554 3653 2756 3722 quibus
2791 3653 3138 3723 propositum
3165 3660 3248 3708 est
3273 3667 3359 3717 ea,
3396 3668 3518 3722 qua:

1931 3742 2027 3797 Dei
2066 3751 2212 3809 sunt,
2267 3743 2480 3814 integro
2525 3759 2768 3814 sanoque
2814 3744 2998 3800 animo
3041 3744 3284 3808 sentire,
3322 3751 3380 3798 et
3421 3743 3516 3813 qui

1932 3843 2139 3890 caetera
2175 3835 2520 3906 negligimus,
2562 3835 2796 3891 Domino
2820 3844 3013 3892 nostro
3035 3837 3258 3906 Deoque
3289 3836 3517 3890 univer-

1923 3942 2111 3982 sorum
2146 3926 2382 3996 simplici
2425 3926 2609 3993 corde,
2655 3935 2809 3982 recto
2834 3927 3037 3993 animo,
3064 3935 3120 3982 et
3149 3927 3359 3997 integra
3381 3925 3514 3980 cha-

1925 4019 2089 4074 ritate
2129 4018 2550 4085 adhazrebimus,
2598 4034 2720 4088 quae
2749 4034 2863 4074 non
2895 4019 3125 4088 patitur,
3177 4024 3239 4072 ut
3282 4015 3516 4087 duplicis

1927 4111 2095 4167 animi
2124 4112 2263 4166 vitio
2291 4112 2625 4177 laboremus,
2651 4119 2708 4166 et
2739 4119 2824 4167 est
2851 4127 2883 4167 a
2907 4111 3156 4168 moribus
3194 4119 3359 4180 atque
3387 4124 3514 4162 sen-

1929 4201 2086 4258 sibus
2110 4204 2401 4274 gentilium
2440 4217 2669 4273 prorsus
2695 4203 2896 4267 aliena,
2935 4209 2991 4256 et
3011 4216 3175 4271 quam
3199 4197 3514 4267 longissime

1932 4294 2490 4363 constantissimeque
2515 4292 2790 4363 disjuncta
2827 4292 2895 4346 ab
2922 4292 3011 4357 iis,
3035 4306 3160 4361 quae
3207 4289 3327 4358 lege
3357 4286 3514 4339 dam-

233 4384 462 4431 nantur.
513 4378 594 4434 lta
640 4379 790 4434 enim
829 4381 1040 4437 erimus
1083 4383 1310 4454 perfecti
1362 4400 1546 4441 coram
1592 4385 1826 4441 Domino
1863 4386 1997 4453 Deo,
2041 4388 2185 4443 sicut
2248 4388 2515 4457 scriptum
2540 4394 2666 4442 est:
2701 4386 2837 4441 clari
2858 4384 3024 4440 etiam
3092 4391 3256 4451 atque
3285 4377 3504 4450 probati

235 4487 361 4524 cum
401 4472 526 4526 aliis
552 4475 757 4528 sanctis
780 4475 836 4528 in
853 4476 1091 4541 Christo,
1134 4493 1231 4546 per
1264 4493 1449 4548 quem,
1517 4485 1574 4534 et
1633 4493 1758 4534 cum
1786 4493 1898 4548 quo
1933 4479 2046 4536 Deo
2078 4496 2141 4536 ac
2171 4480 2318 4536 Patri
2346 4479 2520 4551 gloria
2559 4493 2686 4534 cum
2729 4485 2920 4534 sancto
2960 4474 3173 4547 Spiritu
3210 4473 3269 4528 in
3315 4473 3515 4528 saecula

235 4566 588 4620 seculorum.
616 4567 810 4622 Amen.

305 4745 350 4776 ⁸⁸
375 4741 492 4801 los.
525 4761 599 4811 is,
626 4745 846 4816 passim.
