4138 6300
528 329 631 384 479

1535 318 1590 374 S.
1634 317 1914 374 CYRILLI
1952 316 2423 372 ALEXANDRINI
2461 318 2761 375 ARCHIEP

534 464 3754 504 ww

1104 667 1501 796 ΠΕΡΙ
1596 663 1942 793 ΤΗΣ
2033 662 2243 789 ΕΝ
2328 653 3210 792 ΠΝΕΥΜΑΤΙ

1278 933 1283 945 "
1754 917 1950 1008 ΚΑΙ
2037 915 2536 1010 ΑΛΗΘΕΙΑ

950 1143 2176 1264 ΠΡΟΣΚΥΝΗΣΕΩΣ
2268 1144 2552 1258 ΚΑΙ
2611 1135 3357 1257 ΛΑΤΡΕΙΑΣ

1563 1391 1999 1480 ΛΟΓΟΣ
2079 1387 2736 1482 ΕΒΔΟΜΟΣ.

679 1771 862 1886 DE
929 1757 1868 1890 .ADORATIONE
1964 1769 2150 1884 ET
2235 1757 2718 1882 CULTU
2798 1757 2949 1874 IN
3039 1749 3622 1869 SPIRlTU

1698 2038 1865 2143 ET
1958 2026 2623 2144 VERITATE

1567 2258 1944 2341 LIBER
2051 2251 2748 2338 SEPTIMUS.

854 2623 1018 2695 217
1053 2622 1130 2678 De
1159 2623 1420 2678 charitate
1455 2620 1512 2673 in
1550 2616 1763 2688 fratres.

585 2735 728 2794 Cum
756 2737 984 2792 summis
1013 2735 1290 2799 laudibus,
1317 2740 1374 2789 et
1397 2732 1600 2802 quibus
1624 2727 1787 2801 adjici
1811 2726 1948 2781 nihil
1970 2738 2100 2796 pos-

516 2837 613 2896 sit,
641 2831 728 2888 lex
758 2837 920 2885 ornet
942 2828 1181 2898 primum
1213 2825 1348 2880 illud
1381 2832 1546 2893 atque
1585 2834 1910 2891 supremum
1949 2833 2104 2872 man-

517 2925 738 2989 datum,
786 2924 1045 2978 videlicet
1075 2939 1089 2974 :
1129 2939 1147 2972 ι
1177 2919 1382 2990 Diliges
1406 2915 1700 2972 Dominum
1726 2914 1900 2969 Deum
1945 2920 2102 2966 tuum

518 3030 588 3070 ex
614 3021 730 3070 toto
757 3013 923 3078 corde
951 3019 1068 3076 tuo,
1093 3016 1150 3066 et
1173 3023 1241 3064 ex
1267 3015 1380 3063 tota
1425 3013 1610 3062 mente
1651 3012 1765 3070 tua,
1790 3011 1846 3059 et
1889 3017 1958 3057 ex
1989 3009 2105 3056 tota

520 3108 724 3162 virtute
753 3113 845 3160 tua
880 3104 970 3158 “z
1027 3121 1046 3153 ι
1105 3109 1162 3157 et
1209 3100 1434 3171 adjiciat
1485 3105 1800 3168 praeterea:
1843 3113 1862 3146 ι
1911 3092 2105 3150 Proxi-

408 3220 432 3235 '
519 3215 672 3255 mum
701 3212 922 3268 quoque
946 3203 1122 3259 tuum,
1154 3194 1299 3248 sicut
1324 3200 1378 3246 te
1417 3191 1598 3261 ipsum
1625 3188 1673 3221 ’⁸⁵
1703 3205 1715 3241 :
1751 3207 1768 3239 ι
1803 3187 1941 3243 Cum
1988 3187 2104 3256 ipse

515 3306 740 3363 quoque
764 3289 1023 3345 Christus
1050 3287 1197 3342 dicat
1228 3293 1436 3356 aperte,
1489 3284 1546 3337 in
1583 3283 1671 3337 his
1695 3281 1913 3336 duobus
1945 3295 2104 3334 man-

519 3383 664 3438 datis
709 3387 880 3434 totam
931 3379 1108 3449 legem
1157 3384 1326 3446 atque
1385 3374 1686 3445 pr0phetas
1720 3371 1962 3443 pendere
2002 3387 2107 3427 :ac

519 3471 877 3528 dilectionem
913 3469 1111 3524 beatus
1158 3467 1362 3523 Paulus
1402 3464 1805 3536 plenitudinem
1836 3463 1976 3534 legis
2004 3478 2106 3533 ap-

521 3563 776 3633 pellet“,
801 3560 949 3631 quod
974 3561 1227 3630 proximo
1260 3559 1464 3613 malum
1501 3573 1614 3613 non
1644 3563 1906 3628 operetur
1932 3574 1944 3609 :
1973 3556 2107 3611 satis

520 3651 657 3707 illud
689 3651 948 3722 primum,
975 3659 1035 3705 ut
1061 3651 1196 3706 mihi
1217 3650 1441 3721 quidem
1463 3648 1702 3714 videtur,
1730 3655 1918 3702 nostra
1943 3648 2106 3718 218

518 3744 719 3810 oratio,
757 3750 818 3798 ut
851 3759 937 3799 res
962 3744 1294 3815 patiebatur,
1329 3742 1665 3813 explicavit,
1719 3756 1844 3796 cum
1885 3754 2102 3794 sursum

519 3850 588 3890 ac
610 3835 891 3902 deorsum,
917 3844 974 3891 et
995 3836 1151 3906 quasi
1182 3837 1240 3890 in
1283 3835 1477 3889 orbem
1517 3833 1703 3888 omnia
1757 3833 2105 3900 circumqua-

521 3941 630 3995 que
670 3925 1020 3992 lustraverit,
1075 3941 1258 3996 neque
1311 3926 1547 4001 obscure
1579 3925 1851 3989 docuerit,
1903 3924 2028 3994 quis
2071 3940 2102 3978 a
2137 3955 2179 4010 Β

522 4015 685 4070 nobis
712 4015 969 4086 perfecta:
997 4015 1054 4069 in
1102 4016 1277 4069 Deum
1301 4015 1610 4080 charitatis,
1639 4022 1696 4069 et
1724 4017 1875 4070 omni
1911 4031 2103 4084 repre-

522 4106 789 4162 hensione
827 4107 1072 4162 vacantis
1102 4107 1276 4177 possit
1316 4107 1568 4162 exhiberi
1612 4105 1827 4161 modus.
1858 4106 1969 4177 Age
2000 4107 2104 4178 igi-

523 4205 614 4252 tur
635 4197 768 4251 huic
801 4196 1046 4252 vicinum
1065 4204 1230 4266 atque
1259 4205 1552 4267 cognatum
1570 4197 1925 4266 exquiramus
1951 4213 2106 4250 man-

521 4287 732 4353 datum,
758 4303 822 4343 ac
848 4287 917 4343 de
947 4287 1219 4342 charitate
1249 4287 1304 4341 in
1335 4287 1648 4358 proximum
1679 4295 1935 4342 accurate
1967 4302 2102 4344 con-

519 4379 869 4445 sideremus,
933 4378 1337 4450 diligenterque
1377 4393 1442 4433 ea
1488 4379 1960 4449 pervestigemus,
2005 4396 2105 4450 per

522 4487 645 4541 qua
679 4470 746 4525 ad
774 4472 1095 4542 praeclaram
1119 4470 1386 4526 virtutem
1419 4471 1708 4540 pervenire
1738 4471 1862 4541 quis
1889 4472 2061 4542 possit
2086 4491 2098 4525 :

523 4577 609 4627 ac,
635 4577 736 4631 pro
770 4562 1044 4617 industria
1084 4561 1141 4616 in
1196 4577 1318 4616 eam
1361 4577 1479 4616 rem
1525 4562 1793 4627 adhibita,
1829 4579 2101 4619 summam

522 4654 753 4725 gloriam
787 4661 1136 4719 consecutus,
1167 4653 1224 4707 in
1253 4653 1500 4708 bonitate
1529 4669 1655 4708 cum
1685 4654 1798 4708 Deo
1833 4661 1890 4710 et
1918 4655 2100 4710 homi-

523 4744 708 4809 nibus,
737 4752 800 4798 ut
841 4744 1062 4799 divinus
1088 4745 1178 4800 ille
1208 4744 1451 4809 Samuel,
1477 4744 1724 4799 ambulet
1747 4745 1814 4800 ⁸⁸.
1847 4745 2102 4802 Arbitror
2147 4776 2156 4783 -

521 4835 670 4889 enim
695 4835 861 4888 simul
899 4849 1025 4888 cum
1057 4835 1149 4888 illa
1171 4851 1302 4906 erga
1339 4837 1512 4891 Deum
1544 4836 1812 4892 charitate
1833 4853 2099 4894 exercen-

523 4926 650 4982 dam
690 4934 816 4995 apte
848 4939 971 4980 esse
1022 4924 1169 4979 illam
1202 4926 1430 4982 alteram
1462 4928 1517 4982 in
1546 4928 1767 4984 fratres.
1808 4929 1966 4996 Nam,
2009 4931 2100 4987 cui

523 5033 632 5075 una
659 5016 916 5082 defuerit,
942 5024 1176 5088 utraque
1209 5017 1354 5074 desit
1377 5035 1603 5077 necesse
1632 5031 1735 5086 est,
1760 5023 1911 5094 juxta
1937 5024 2088 5079 Joan'

523 5112 610 5167 nis
639 5125 851 5166 vocem.
882 5110 934 5167 ls
961 5110 1111 5165 enim
1143 5109 1218 5164 ita
1251 5111 1471 5179 scripsit
1501 5130 1514 5165 :
1557 5131 1575 5164 ‹
1625 5113 1682 5168 Si
1714 5115 1837 5184 quis
1873 5116 2098 5177 dixerit,

521 5203 650 5272 quia
687 5202 856 5274 diligo
906 5203 1079 5257 Deum
1103 5242 1118 5268 ,
1155 5209 1212 5257 et
1253 5201 1480 5256 fratrem
1531 5219 1690 5257 suum
1714 5206 1915 5272 oderit,
1941 5223 2096 5261 men-

2117 2465 2187 2478 ⁸-

2107 2576 2176 2669 Ἀ

2403 2569 2406 2572 Ι
2489 2603 2629 2672 Περὶ
2657 2601 2769 2671 τῆς
2797 2601 2886 2666 είς
2909 2598 3214 2669 ἀδελφοὺς
3243 2597 3501 2668 ἀγάπης.

2287 2719 2599 2790 Εύφημίαις
2631 2718 2784 2788 ἡμῖν,
2812 2707 2858 2768 ὧ
2892 2713 3180 2778 Παλλάδιε,
3208 2715 3329 2776 ταῖς
3359 2713 3440 2775 εἰς
3492 2710 3648 2782 λῆξιν
3690 2710 3788 2765 καὶ

2196 2813 2457 2868 ἀνωτάτω
2513 2807 2908 2880 στεφανοῦντος
2959 2805 3055 2859 τοῦ
3111 2805 3278 2876 νόμου
3348 2803 3448 2875 τὴν
3479 2802 3706 2874 πρώτην
3729 2819 3788 2855 τι

2202 2905 2298 2958 καὶ
2317 2903 2629 2974 ὑπερτάτην
2651 2901 2760 2954 τῶν
2783 2898 3035 2966 ἐντολῶν,
3058 2898 3138 2961 τδ,
3172 2915 3190 2948 ι
3207 2914 3212 2920 ·
3229 2897 3564 2966 Ἀγαπήσεις
3583 2895 3790 2966 Κύριον

2205 2995 2298 3049 τὸν
2321 2993 2453 3048 Θεόν
2493 3010 2610 3056 σου,
2651 2992 2814 3063 φημἰ,
2843 2989 2902 3054 ἐξ
2927 2989 3056 3061 ὅλης
3080 2989 3180 3059 τῆς
3203 2987 3430 3058 καρδίας
3458 3003 3576 3052 σου,
3601 2987 3700 3041 καὶ
3731 2986 3790 3050 ἐξ

2202 3082 2332 3156 ὅλης
2359 3081 2617 3146 διανοίας,
2645 3079 2742 3132 καὶ
2777 3076 2836 3142 ἐξ
2871 3077 3001 3146 ὅλης
3028 3077 3129 3146 τῆς
3161 3075 3341 3145 ἰσχύος
3371 3091 3467 3128 σου
3487 3092 3500 3106 ·
3558 3094 3576 3127 ι
3618 3092 3788 3145 προσ-

2203 3174 2503 3243 επάγοντος
2521 3173 2577 3226 δὲ
2601 3173 2702 3237 ,ὅτι
2725 3190 2741 3222 ι
2762 3170 2872 3224 Καὶ
2897 3169 2988 3223 τὸν
3011 3167 3240 3238 πλησίον
3259 3185 3351 3221 σου
3378 3166 3454 3230 ὠς
3488 3168 3736 3230 σεαυτὸν,
3765 3185 3781 3216 ι

2206 3266 2303 3319 καὶ
2339 3265 2448 3336 μὴν
2479 3264 2576 3317 καὶ
2604 3262 2771 3316 αὐτοῦ
2796 3260 2892 3314 τοῦ
2918 3260 3159 3332 Χριστοῦ
3187 3259 3490 3328 φάσκοντος
3519 3257 3785 3330 ἐναργῶς,

2205 3359 2290 3412 ὅτι
2319 3358 2376 3410 ὲν
2403 3355 2631 3418 ταύταις
2669 3356 2792 3417 ταῖς
2822 3353 2972 3408 δυσὶν
3001 3352 3244 3414 ἐντολαῖς
3283 3350 3403 3414 ὅλος
3431 3352 3460 3403 6
3502 3350 3668 3420 νόμος
3695 3349 3789 3402 καὶ

2205 3451 2256 3503 οἱ
2284 3452 2561 3522 προφῆται
2589 3448 2915 3519 κρέμανται,
2956 3447 3235 3519 πλήρωμά
3258 3463 3319 3498 τε
3340 3445 3507 3515 νόμου
3531 3445 3632 3515 τὴν
3650 3443 3788 3512 ἀγά-

2206 3559 2316 3612 πην
2355 3539 2816 3611 κατονομάζοντος
2855 3538 2952 3592 καὶ
2980 3538 3075 3591 τοῦ
3103 3536 3394 3590 θεσπεσίου
3430 3534 3670 3597 Παύλου,
3702 3534 3790 3588 διά

2206 3651 2288 3688 τοι
2312 3633 2376 3686 τὸ
2411 3632 2578 3704 μηδὲν
2602 3631 2680 3702 τῷ
2706 3630 2936 3703 πλησίον
2963 3629 3295 3702 ἐργάζεσθαι
3325 3628 3516 3694 κακὸν,
3533 3627 3789 3698 ἀποχρῶ·

2207 3741 2306 3778 σαν
2335 3725 2484 3794 ἡμῖν,
2526 3722 2601 3785 ὡς
2644 3721 2776 3790 γοῦν
2803 3720 2993 3791 ἔμοιγε
3040 3719 3207 3784 δοκεῖ,
3238 3719 3337 3788 τὴν
3375 3717 3471 3770 ἐπὶ
3505 3719 3572 3788 τῇ
3598 3715 3786 3787 πρώτῃ

2208 3812 2504 3885 διασκευὴν
2531 3813 2825 3884 ἐποιήσατο
2848 3814 2876 3864 6
2906 3811 3086 3879 λόγος,
3117 3808 3261 3864 κατά
3291 3825 3355 3877 γε
3395 3808 3455 3860 τὲ
3489 3806 3786 3878 ἐγχωροῦν,

2207 3908 2320 3962 ἄνω
2348 3923 2409 3960 τε
2440 3907 2533 3960 καὶ
2573 3906 2746 3970 κάτω,
2778 3903 2874 3957 καὶ
2900 3902 3064 3956 οἱονεί
3105 3919 3223 3966 πως
3257 3902 3315 3953 ἐν
3348 3899 3534 3970 κύκλῳ
3575 3915 3783 3970 περινο·

2210 3998 2372 4064 στῶν,
2404 4000 2498 4051 καὶ
2536 3998 2638 4050 οὐκ
2684 3995 2927 4065 ἀγεννῶς
2971 3992 3355 4064 ἀφηγούμενος
3393 3991 3496 4062 τῆς
3539 3992 3619 4054 είς
3657 3990 3788 4042 Θεὸν

2207 4092 2431 4160 ἀγάπης
2473 4088 2750 4153 ὁλοτελοῦς
2787 4106 2848 4142 τε
2891 4088 2987 4141 καὶ
3019 4087 3322 4158 ἀμωμήτου
3367 4084 3670 4149 παντελῶς,
3705 4083 3787 4142 τίς

2206 4184 2273 4238 ἂν
2311 4185 2520 4252 γένοιτο
2558 4183 2696 4254 πρὸς
2741 4180 2898 4253 ήμῶν
2932 4182 2960 4234 6
2993 4181 3217 4248 τρόπος.
3268 4178 3405 4250 Φέρε
3437 4178 3502 4249 δὴ
3545 4173 3639 4231 οὖν
3690 4175 3789 4247 τὴν

2204 4272 2424 4342 γείτονὰ
2446 4289 2506 4326 τε
2536 4273 2634 4326 καὶ
2679 4270 2917 4342 ἀδελφὴν
2958 4267 3507 4341 πολυπραγμονῶμεν
3544 4265 3784 4335 ἐντολὴν,

2204 4363 2301 4418 καὶ
2329 4362 2550 4434 ἀγάπης
2565 4363 2664 4433 τῆς
2679 4365 2759 4426 είς
2781 4361 2873 4415 τὸν
2896 4360 3128 4431 πλησίον
3151 4358 3354 4430 ἀκριϐῆ
3386 4355 3670 4427 ποιώμεθα
3689 4353 3797 4425 τὴν

2204 4455 2563 4526 κατάσκεψιν,
2598 4452 3013 4525 ίχνηλατοῦντες
3038 4447 3097 4506 εὖ
3129 4451 3272 4522 μάλα
3300 4454 3368 4504 τὰ
3388 4450 3454 4504 δι’
3490 4443 3565 4503 ὧν
3596 4448 3663 4502 ἂν
3695 4447 3786 4515 γέ-

2204 4549 2349 4601 νοιτό
2374 4564 2458 4610 τις
2485 4546 2585 4616 μὲν
2611 4545 2814 4616 ἀρετῆς
2840 4546 2898 4598 ὲν
2923 4544 3108 4616 κύκλῳ
3136 4543 3212 4616 (Ι)
3245 4541 3418 4613 καλῷ,
3452 4539 3790 4611 φιλοτεχνίας

2201 4641 2258 4695 δὲ
2289 4640 2388 4711 τῆς
2417 4639 2499 4702 είς
2525 4637 2705 4700 τοῦτο,
2752 4635 2851 4708 τὴν
2894 4636 3125 4709 ἀρίστην
3169 4635 3330 4702 δόξαν
3382 4633 3680 4704 ἀράμενος,
3730 4631 3787 4682 ἐν

2201 4728 2503 4800 ἀγαθότητι
2538 4727 2800 4800 βαδιεῖται
2844 4727 2985 4798 μετὰ
3009 4726 3145 4780 Θεοῦ
3189 4727 3284 4781 καὶ
3312 4724 3618 4796 ἀνθρώπων
3648 4721 3786 4776 κατὰ

2201 4821 2294 4874 τὸν
2327 4818 2616 4874 θεσπέσιον
2653 4819 2930 4890 Σαμουὴλ.
2967 4819 3179 4890 Χρῆναι
3212 4817 3321 4888 γὰρ
3346 4814 3522 4886 ἔγωγέ
3547 4831 3691 4884 φημι
3718 4813 3782 4880 τῇ

2204 4913 2285 4975 είς
2313 4911 2444 4965 Θεὸν
2472 4911 2664 4982 ἀγάπῃ
2694 4910 3134 4980 συνεπιτηδεύειν
3162 4908 3394 4972 ἀστείως
3414 4906 3512 4978 τὴν
3533 4908 3614 4970 εἰς
3639 4903 3784 4959 ἁδελ-

2203 5005 2358 5076 φούς·
2391 5005 2467 5068 ὡς
2506 5006 2568 5059 τό
2616 5022 2696 5058 τοι
2746 5005 3032 5059 λείπεσθαι
3087 5005 3238 5076 μιᾶς,
3289 5001 3391 5072 τὴν
3443 5001 3529 5053 ἐπ’
3582 4999 3782 5070 ἀμφοῖν

2204 5095 2496 5159 ἀπότευξιν
2531 5095 2666 5165 ἔχει,
2701 5097 2845 5150 κατά
2895 5113 2960 5165 γε
3006 5095 3107 5159 τὰς
3151 5095 3400 5149 Ἰωάννου
3445 5089 3649 5161 φωνάς.
3690 5088 3782 5140 Γέ-

2202 5205 2381 5257 γραφε
2401 5187 2509 5258 γὰρ
2526 5187 2620 5239 ὡδί
2641 5202 2655 5215 ⁸
2689 5207 2706 5240 ι
2743 5186 2868 5242 Ἐάν
2887 5204 2970 5251 τις
2987 5187 3139 5259 εἴπῃ,
3163 5187 3245 5240 ὅτι
3278 5183 3501 5253 ’Δγαπῶ
3518 5181 3610 5234 τὸν
3627 5179 3776 5238 Θεὸν,

521 5270 627 5350 dax
653 5304 769 5362 est;
794 5270 900 5365 ⁷(ιιιί
916 5296 1066 5351 enim
1088 5293 1315 5349 fratrem
1341 5309 1500 5348 suum
1543 5309 1653 5348 non
1685 5295 1863 5365 diligit
1887 5270 1909 5363 ,ὴ
1935 5313 2099 5367 quem

2206 5280 2302 5333 καὶ
2328 5277 2419 5333 τὸν
2452 5278 2681 5348 ἀδελφὸν
2721 5278 2882 5332 αὑτοῦ
2921 5280 3090 5350 μισεῖ,
3137 5277 3378 5348 ψεύστης
3406 5275 3585 5328 ἐστίν·
3613 5274 3642 5326 6
3677 5270 3782 5340 γὰρ

593 5444 640 5478 ⁸³
664 5447 824 5504 Deut.
850 5467 924 5517 γι,
950 5451 1002 5507 5.
1082 5453 1128 5485 ⁸³⁵
1152 5454 1345 5510 Matth.
1384 5469 1515 5520 xm,
1547 5451 1635 5506 59.
1710 5452 1756 5485 ⁸³
1799 5453 1960 5507 Rom.
1987 5471 2104 5520 ιιιιι,

2272 5455 2320 5487 ⁸⁸
2341 5455 2361 5511 l
2385 5456 2520 5528 Reg.
2550 5474 2609 5522 ιι,
2640 5459 2726 5516 26.

702 5604 901 5684 Κύκλῳ
953 5605 1304 5663 Subditiliam
1349 5625 1537 5664 vocem
1580 5617 1730 5678 puto.
1770 5612 1919 5666 Solet
1951 5610 2096 5663 enim

597 5690 642 5726 l'l
670 5674 755 5727 lus
784 5690 862 5727 Sic
890 5675 1061 5727 lonui.
1103 5681 1159 5727 ὲν
1191 5681 1339 5727 καλῶ
1373 5675 1505 5727 εἶναι
1539 5681 1620 5727 vol
1654 5682 1921 5727 γενέσθαι-
1953 5681 2096 5727 Prm-

522 5674 1061 5748 (Jy~ri|lus_si(_:_'|oqui,
1103 5681 1159 5730 ὲν
1191 5681 1339 5748 καλῷ
1373 5675 1505 5732 εἶναι
1539 5674 1621 5733 vel
1654 5682 1922 5744 γενέσθαι.
1953 5681 2097 5734 Prm-

521 5753 670 5801 tcrca
687 5744 808 5800 cod.
839 5744 1006 5801 Valic.
1035 5748 1218 5812 habet,
1240 5744 1337 5819 τῆς
1363 5751 1459 5818 μὲν
1479 5751 1672 5821 ἀρετῆς
1691 5751 1746 5802 ἐν
1778 5750 1942 5816 καλῷ,
1964 5758 2091 5815 eun,

2205 5611 2646 5749 ii;_sci(l[ctqgt(j;un
2679 5609 2913 5680 Cyrillus
2956 5609 3166 5674 dicere,
3204 5611 3257 5662 ἐν
3291 5604 3490 5676 βεϐαίῳ
3521 5600 3623 5671 τῆς
3658 5607 3775 5674 aps.-

2216 5716 2229 5730 .
2263 5720 2300 5749 ρ
2410 5719 2518 5733 ...-
2587 5721 2598 5732 .

2216 5716 2300 5749 ..ρ
2345 5716 2418 5749 ιι..
2454 5716 2598 5749 -..νμ
