4138 6300
301 406 394 464 ιιυ

1016 392 1106 447 DE
1145 385 1590 444 ADORATIONE
1630 383 1695 436 IN
1738 380 2006 435 SPIRITU
2050 379 2138 432 ET
2180 372 2549 433 \‘ERITATE.
2594 370 2721 425 LIB.
2763 367 2873 424 VII.

3469 354 3582 407 ιιςε

305 527 380 598 μὴ
419 518 656 591 ἀγαπῶν
687 513 777 569 τδν
810 512 1038 582 ἀδελφὸν
1081 507 1248 564 αὐτοῦ
1279 506 1339 560 δν
1384 502 1619 575 ἑώρακε,
1651 499 1741 553 τὸν
1765 497 1894 551 Θεὸν
1925 547 1930 558 η

2037 495 2170 558 idet,
2226 493 2398 547 Deum
2477 503 2645 559 quem
2717 491 2827 540 non
2882 481 3072 542 videt,
3149 472 3426 547 quomodo
3482 486 3580 541 po-

2089 593 2100 598 -
2148 582 2226 598 ·ἰο
2387 581 2410 598 n
2447 581 2510 598 τ’·
2538 579 2641 598 ι--
2669 573 2986 598 ...μηιιιι-..υι
3013 569 3280 598 Iud".an
3322 565 3390 598 ιιι-ι
3433 563 3556 598 ἰηεη

301 588 488 685 ὀνόὐγ
515 615 730 682 ἑωρακε
760 605 878 670 πῶς
910 603 1132 658 δύναται
1163 600 1406 670 άγαπᾷνς
1435 595 1545 648 Καὶ
1573 591 1776 660 ταύτην
1795 588 1893 660 τὴν

303 680 525 777 ἐντολήν
565 680 762 774 ἕξομεν
797 699 928 768 παρ’
968 695 1158 761 αὐτοῦ,
1195 694 1285 746 ἵνα
1305 694 1334 745 ὀ
1363 686 1592 758 ἀγαπῶν
1622 684 1712 736 τὸν
1737 680 1890 744 Θεὸν,

306 771 494 870 ἀγαπᾷ
547 771 781 849 καλ-τὸν
827 787 1058 857 ἀδελφὸν
1088 784 1276 840 αὐτοῦ.
1322 800 1341 835 ι
1378 776 1784 840 Συνδιόλλυνται
1831 771 1896 842 δὴ

306 863 400 947 οὗν
453 863 706 960 άλλήλοιν
763 883 1003 952 ἑκάτερα
1061 877 1159 932 καὶ
1234 873 1542 942 συνανίσχει
1591 863 1892 960 λαμπρῶς·

309 943 597 1051 άγγίθυροῖ
632 973 742 1044 γὰρ
780 943 972 1039 ὥσπε-ρ
1010 964 1268 1036 ἀλλήλαιν
1300 962 1356 1015 αἱ
1401 955 1613 1030 ἀρεταὶ,
1661 951 1758 1006 καὶ
1807 943 1898 1002 οἷά

311 1041 657 1140 τίξσωίωριξ
687 1041 1078 1124 άδιάσπαστος,
1117 1058 1198 1119 εἰς
1229 1055 1288 1108 ἓν
1318 1071 1371 1106 τι
1403 1051 1466 1104 τὸ
1495 1045 1772 1118 ἐκπρεπὲς
1801 1041 1898 1097 καὶ

315 1137 644 1217 τελεώτατον
676 1153 871 1216 κάλλος
896 1151 996 1222 τῆς
1033 1151 1112 1212 εἰς
1141 1146 1274 1200 Θεὸν
1301 1140 1606 1206 εὐσεδείας,
1634 1137 1724 1191 τὸν
1751 1137 1899 1207 ήνιο-

317 1258 432 1326 χεῖν
461 1253 659 1323 ἄριστα
697 1241 1110 1318 μεμελετηκότα
1135 1233 1562 1306 διακομίζουσιν.

386 1314 600 1400 ΠΑᾸΛ.
631 1314 708 1392 Εὖ.
732 1314 889 1407 ἔφης.
927 1332 1036 1386 Καὶ
1069 1327 1190 1383 έπεί
1219 1343 1304 1380 τοι
1331 1321 1530 1385 σκοπὸς
1558 1320 1619 1373 τὸ
1642 1314 1821 1390 ἱδροῦν
1842 1314 1900 1367 ὲν

317 1437 546 1499 τούτοις,
577 1432 651 1486 ῐθι
679 1429 744 1501 δὴ
767 1424 854 1492 αὖ,
886 1422 1104 1485 καὶτὰς
1133 1421 1220 1489 ἐφ’
1249 1416 1463 1486 έκάστῳ
1483 1413 1589 1468 τῶν
1611 1406 1901 1480 θεωρημάκ

320 1544 432 1582 των
483 1499 818 1591 συναγείρων
849 1515 1061 1577 πίστεις
1086 1513 1152 1565 ὲκ
1197 1508 1306 1561 τῶν
1338 1504 1501 1577 ἱερῶν
1525 1499 1900 1574 Γραμμάτων,

323 1615 500 1687 πειρῶ
547 1589 638 1685 μοι
662 1589 868 1680 λέγειν,
905 1606 967 1659 τὸ
1013 1605 1164 1666 ὅπως
1202 1599 1268 1654 ἂν
1302 1597 1514 1668 γένοιτο
1559 1593 1659 1664 τῆς
1698 1591 1780 1654 εἰς
1811 1589 1904 1643 τὸν

324 1707 549 1779 πλησίον
577 1705 799 1774 ἀγάπης
825 1695 1135 1771 ἀκραιφνὴς
1168 1695 1204 1766 ἡ
1230 1691 1531 1764 πλήρωσις.

397 1976 561 2030 ΚΥΡ.
590 1968 951 2042 Πλείστη’μὲν
979 1962 1072 2022 οὖν
1096 1967 1196 2038 ὅση
1239 1961 1376 2036 πρὸς
1405 1958 1564 2014 τοῦτο
1595 1955 1742 2027 ἡμᾶς
1771 1951 1909 2006 ἁπο-

332 2071 486 2142 φέρει
510 2066 714 2140 τρίϐος.
744 2065 1061 2135 Γέγραπται
1082 2061 1212 2131 γὰρ,
1233 2059 1315 2111 ὅτι
1351 2074 1370 2107 ι
1405 2053 1641 2108 Πλατεῖα
1662 2051 1696 2120 ἡ
1728 2045 1912 2116 ἐντολή

340 2139 430 2216 σου
474 2139 701 2231 σφόδρα.
733 2176 752 2208 ι
781 2157 854 2210 Τό
877 2172 942 2224 γε
974 2154 1079 2226 μὴν
1110 2152 1194 2220 ἐφ’
1224 2148 1448 2227 ,ἑκάστῳ
1473 2143 1583 2197 τῶν
1621 2139 1915 2212 δρωμένων

336 2213 624 2320 εὐτεχνεςί
653 2248 751 2317 οὐχ
777 2213 1048 2317 ἑτέρωθεν
1072 2213 1320 2311 ἂνόἷμαί
1347 2213 1451 2292 που
1494 2230 1806 2299 συλλέξαιτό
1833 2213 1936 2292 τις

336 2346 474 2414 πλὴν
499 2346 583 2397 ὅτι
606 2359 672 2411 γε
699 2341 788 2394 διὰ
815 2337 910 2392 τοῦ
933 2337 1099 2408 νόμου
1118 2353 1130 2366 ·
1164 2332 1410 2387 δεδόσθαι
1443 2330 1553 2401 γὰρ
1595 2329 1726 2400 ἡμῖν
1757 2322 1919 2379 αὑτὸν

337 2441 417 2504 είς
449 2436 705 2509 βοήθειαν
733 2430 1071 2508 προφητικὸς
1104 2426 1208 2498 ἔφη
1255 2425 1432 2493 λόγος.
1463 2425 1574 2476 Καὶ
1619 2417 1750 2489 γοῦν
1783 2415 1919 2486 πρὸς

337 2532 643 2601 ἀνάμνησιν
667 2527 817 2600 ἡμᾶς
835 2525 934 2596 τήν
955 2521 1180 2592 διηνεκῆ
1205 2518 1314 2572 τῶν
1338 2512 1786 2583 τεθεσπισμένων
1809 2509 1923 2562 δια-

340 2599 589 2685 νιστὰςό
636 2616 959 2689 νομοθέτης,
997 2611 1132 2683 φησί
1157 2627 1172 2643 ο
1215 2629 1233 2662 ‹
1268 2608 1379 2662 Καὶ
1407 2603 1692 2677 ἐμϐαλεῖτε
1719 2599 1788 2653 τὰ
1827 2599 1924 2669 ῥή-

345 2711 692 2786 ματα.ταῦτα
720 2710 800 2772 είς
822 2708 920 2778 τὴν
947 2704 1176 2776 καρδίαν
1198 2699 1374 2773 ὑμῶν,
1403 2697 1498 2752 καὶ
1519 2698 1599 2759 είς
1627 2693 1724 2764 τήν
1746 2689 1924 2762 ψυχήν

343 2782 518 2880 υμῶν,
546 2805 643 2859 καὶ
662 2802 916 2872 άφάψατε
945 2797 1120 2852 ταῦτα
1143 2797 1224 2859 είς
1253 2793 1478 2864 σημεῖον
1499 2789 1592 2842 ὲπὶ
1620 2789 1719 2857 τῆς
1746 2782 1925 2855 χειρὸς

345 2871 519 2972 ὑμῶν,
559 2895 656 2950 και
684 2871 838 2948 est.
870 2890 1144 2945 ἀσάλευτα
1172 2886 1279 2958 πρὸ
1297 2879 1594 2954 ὀφθαλμῶν
1623 2876 1800 2949 ὑμῶν,
1832 2871 1926 2927 και

342 2963 592 3056 διδάξατε
616 2987 757 3042 αὑτά
779 2984 848 3039 τὰ
877 2983 1045 3038 τέκνα
1075 2979 1252 3051 ὑμῶν,
1282 2975 1466 3029 λαλεῖν
1496 2970 1656 3037 αὐτὰ,
1681 2963 1928 3038 καθημέ-

345 3097 471 3144 νους
500 3082 559 3134 έν
579 3077 709 3149 ὀδῷ,
743 3077 839 3131 καὶ
865 3071 1304 3142 κοιταζομένους,
1340 3065 1434 3120 καὶ
1460 3059 1924 3131 διανισταμένους,

347 3173 440 3227 καὶ
473 3148 728 3242 γράψατε
749 3163 886 3220 αὐτὰ
919 3164 1012 3218 ὲπὶ
1053 3161 1152 3223 τὰς
1181 3157 1342 3229 φλιὰς
1382 3156 1492 3210 τῶν
1546 3153 1709 3207 οἴκων
1752 3148 1924 3221 ὑμῶν,

349 3266 442 3318 καὶ
465 3241 574 3317 τῶν
598 3258 784 3313 πυλῶν
799 3255 976 3328 ὑμῶν,
997 3254 1087 3307 ἵνα
1111 3252 1280 3322 πολυη
1291 3247 1582 3321 μερεύητε,
1604 3243 1698 3298 καὶ
1720 3241 1925 3313 ἡμέραι

348 3356 456 3410 τῶν
503 3354 640 3408 υἱῶν
670 3350 824 3422 ὑμῶν
855 3348 949 3402 ἐπὶ
973 3347 1075 3417 τῆς
1113 3345 1240 3415 γῆς,
1270 3338 1338 3415 ἦς
1367 3341 1550 3412 ῶμοσε
1587 3336 1795 3407 Κύριος
1814 3335 1927 3395 τοῖς

353 3447 627 3518 πατράσιν
663 3419 818 3514 ὑμῶν
846 3437 1032 3493 δοῦναι
1059 3437 1264 3502 αὐτοῖς,
1299 3430 1485 3494 καθὼς
1514 3431 1570 3482 αἱ
1597 3426 1805 3498 ἡμέραι
1835 3419 1928 3476 τοῦ

356 3514 591 3608 οὐρανοῦ
640 3534 742 3587 ἐπὶ
773 3533 870 3602 τῆς
912 3529 1039 3601 γῆς.
1081 3547 1100 3582 ι
1134 3527 1246 3580 Καὶ
1291 3524 1344 3577 τί
1392 3522 1456 3594 δὴ
1485 3521 1646 3575 πάλιν
1693 3517 1810 3572 ἐστὶ
1849 3514 1931 3580 τὸ,

372 3629 646 3700 Ἀφάψατε
676 3625 814 3680 αὐτὰ
841 3624 935 3678 ἐπὶ
966 3622 1076 3675 τῶν
1098 3618 1297 3691 χειρῶν
1337 3615 1512 3686 ὑμῶν,
1561 3615 1618 3666 ὲν
1645 3613 1758 3674 τοῖς
1791 3608 1936 3677 Ἀρι-

363 3693 536 3790 θμοῖς
555 3720 737 3791 ἐδήλου
763 3716 967 3786 σαφῶς.
994 3713 1310 3783 Γέγραπται
1335 3708 1441 3778 γὰρ
1463 3705 1559 3759 ὡδί
1577 3720 1592 3735 ο
1622 3722 1640 3755 ι
1679 3701 1790 3756 Καὶ
1817 3693 1936 3751 εἶπε

369 3787 572 3883 Κύριος
616 3787 747 3880 πρὸς
790 3806 1020 3876 Μωσῆν,
1070 3801 1278 3869 λέγων·
1335 3795 1582 3866 Λάλησον
1630 3792 1742 3852 τοῖς
1805 3787 1940 3847 υἱοῖς

381 3877 620 3969 Ἰσραὴλ,
659 3877 754 3949 καὶ
789 3895 934 3966 έρεϊς
964 3891 1102 3962 πρὸς
1142 3887 1362 3952 αὐτοὺς,
1415 3884 1511 3937 καὶ
1552 3877 1941 3949 ποιησάτωσαν

364 3992 576 4051 ἑαυτοῖς
603 3987 888 4058 κράσπεδα
914 3983 1006 4037 ἐπὶ
1023 3981 1090 4036 τά
1113 3977 1387 4051 πτερύγια
1413 3974 1521 4029 τῶν
1553 3969 1786 4043 ἱματίων
1815 3969 1939 4020 ἑαυ-

364 4081 472 4135 τῶν
516 4083 597 4145 είς
628 4081 727 4143 τὰς
782 4076 975 4148 γενεὰς
1008 4073 1222 4128 αὐτῶν·
1271 4070 1366 4124 καὶ
1412 4067 1699 4138 ὲπιθήσετε
1742 4061 1834 4114 ἐπὶ
1876 4059 1946 4113 τὰ

367 4173 650 4246 κράσπεδα
679 4172 788 4226 τῶν
834 4169 1142 4240 πτερυγίων
1194 4163 1429 4234 κλῶσμα
1476 4157 1803 4222 ὑακίνθινον,
1851 4154 1948 4208 καὶ

369 4267 519 4322 ἔσται
560 4271 620 4322 ὲν
670 4269 782 4328 τοῖς
835 4262 1200 4334 κρασπέδοις,
1253 4258 1346 4310 καὶ
1402 4253 1600 4324 όψεσθε
1641 4248 1805 4313 αὐτὰ,
1856 4246 1951 4300 καὶ

374 4359 753 4440 μνησθήσεσθε
780 4354 971 4409 πασῶν
1002 4352 1110 4404 τῶν
1141 4347 1369 4403 ἐντολῶν
1396 4345 1626 4416 Κυρίου,
1658 4341 1755 4395 καὶ
1796 4338 1953 4407 ποιή-

374 4478 490 4515 σετε
520 4456 722 4518 αὐτάς’
754 4448 850 4503 καὶ
888 4447 949 4499 οὐ
978 4439 1447 4514 διαστραφήσεσθε
1479 4438 1658 4491 ὀπίσω
1706 4433 1816 4486 τῶν
1843 4431 1955 4484 δια-

2000 593 2107 640 test
2131 582 2362 653 diligere
2387 581 2410 634 ?
2447 581 2516 634 Et
2538 579 2646 633 hoc
2669 573 2989 630 mandatum
3013 569 3283 624 habemus
3321 565 3390 619 ab
3433 563 3578 633 ipso.

1997 685 2080 742 ut,
2111 676 2206 747 qui
2235 674 2415 744 diligit
2442 673 2638 735 Deum,
2685 666 2875 736 diligat
2909 673 2966 718 et
2997 663 3221 719 fratrem
3264 673 3426 715 suum
3449 658 3514 711 ".
3554 673 3573 706 ο

1997 770 2174 828 Simul
2215 768 2384 839 igitur
2419 773 2654 833 utraque
2696 777 2820 816 cum
2851 759 3026 812 altera
3067 755 3269 811 occidit
3295 769 3359 808 ac
3393 752 3580 822 splen—

1997 863 2126 920 dide
2169 859 2334 916 simul
2365 858 2612 914 exoritur
2655 873 2668 908 :
2705 860 2834 908 sunt
2866 851 3014 906 enim
3064 849 3298 902 virtutes
3343 846 3490 898 inter
3522 856 3583 896 se

1996 953 2194 1010 vicinae
2222 969 2234 1004 :
2262 965 2327 1004 ac
2353 948 2506 1003 velut
2529 942 2798 1000 individui
2825 941 3057 1012 iugales,
3095 937 3164 990 ad
3187 950 3352 990 unam
3394 947 3586 1003 quam-

1999 1044 2126 1100 dam
2173 1041 2445 1112 insignem
2489 1045 2654 1107 atque
2702 1033 3002 1105 perfectam
3055 1027 3278 1098 pietatis
3321 1026 3376 1079 in
3411 1025 3585 1078 Deum

1997 1133 2490 1209 pulchritudinem,
2515 1143 2646 1185 eum
2677 1126 2772 1196 qui
2797 1122 3002 1194 optime
3028 1132 3256 1175 currum
3303 1117 3453 1169 hunc
3483 1129 3577 1184 gu-

2001 1227 2238 1283 bernare
2263 1219 2568 1285 studuerit,
2596 1215 2876 1272 deferunt.

2070 1317 2270 1375 PALL.
2309 1317 2482 1371 Recte
2509 1312 2610 1367 ais.
2655 1309 2754 1373 Ac,
2791 1305 3051 1377 quoniam
3083 1301 3353 1356 institutae
3391 1295 3585 1367 dispu-

2004 1411 2234 1468 tationis
2257 1409 2400 1463 ratio
2424 1403 2626 1477 poscit.
2652 1409 2715 1456 ut
2761 1401 2818 1454 in
2844 1398 2933 1452 bis
2963 1393 3250 1466 explendis
3276 1390 3432 1445 labor
3462 1404 3588 1444 sus-

2005 1501 2242 1572 cipiatur
2266 1538 2280 1563 ,
2307 1510 2474 1567 perge
2507 1495 2618 1565 iam
2651 1504 2843 1545 rursus
2861 1529 2875 1553 ,
2909 1497 2966 1542 et
2998 1483 3337 1554 singularum
3365 1494 3551 1533 rerum
3572 1518 3588 1542 ,

2003 1607 2142 1661 quas
2179 1583 2630 1655 contemplandas
2683 1576 3037 1652 proposueris
3065 1615 3080 1640 ,
3151 1572 3509 1644 probationes
3558 1586 3591 1625 e

2006 1683 2180 1738 sacris
2212 1678 2443 1733 Litteris
2473 1675 2667 1745 collige
2695 1690 2708 1726 :
2743 1687 2808 1726 ac
2838 1670 3017 1724 nitere
3064 1672 3126 1720 ut
3169 1663 3305 1718 mihi
3352 1661 3596 1732 explices

2007 1785 2246 1842 quonam
2300 1776 2462 1838 pacto
2511 1766 2832 1834 contingere
2903 1757 3079 1830 possit
3135 1753 3421 1810 charitatis
3466 1767 3593 1820 erga

1939 1835 1983 1891 Β
2008 1835 2323 1937 proximum
2349 1860 2602 1916 absoluta
2632 1855 2918 1927 perfectio.

2079 1953 2237 2008 ΟΥΕ.
2274 1949 2628 2019 Amplissima
2659 1960 2762 1999 nos
2797 1942 3022 2014 quidem
3053 1939 3122 1994 ad
3152 1953 3274 1993 eam
3318 1951 3434 1990 rem
3467 1951 3594 2006 per-

2012 2045 2165 2101 ducit
2191 2044 2297 2099 via.
2327 2040 2610 2111 Scriptum
2630 2044 2715 2093 est
2746 2035 2896 2090 enim
2934 2051 2946 2086 :
2987 2051 3006 2084 ‹
3045 2032 3244 2086 Latum
3273 2029 3596 2084 mandatum

2013 2146 2171 2192 tuum
2202 2134 2369 2190 nimis
2407 2132 2472 2186 ⁸⁸.
2513 2151 2531 2182 ›
2561 2131 2750 2187 Artem
2795 2141 2929 2180 vero
2959 2132 3125 2194 atque
3165 2121 3495 2176 industriam
3542 2118 3598 2172 in

2017 2409 2351 2482 adiutorium
2378 2419 2500 2460 esse
2533 2401 2695 2456 nobis
2743 2399 2954 2461 datam,
2996 2394 3357 2465 propheticus
3423 2403 3605 2445 sermo

2019 2509 2254 2558 testatur
2275 2499 2340 2552 ⁸⁸.
2374 2498 2564 2566 Itaque
2588 2533 2604 2558 ,
2638 2498 2698 2546 ut
2720 2503 2821 2544 nos
2851 2487 2918 2542 ad
2945 2493 3270 2556 perpetuam
3305 2487 3608 2552 pracepto-

2020 2610 2144 2651 rum
2172 2586 2751 2648 commemorationem
2790 2581 2928 2652 legis
2957 2587 3150 2635 auctor
3196 2575 3484 2637 excitaret,
3525 2573 3607 2627 in-

2021 2687 2179 2759 quit:
2219 2703 2238 2737 ι
2276 2684 2345 2738 Et
2375 2677 2692 2735 recondetis
2743 2675 2862 2729 haec
2884 2671 3057 2727 verba
3105 2669 3163 2725 in
3199 2683 3295 2722 cor
3327 2673 3604 2725 vestrum,

2022 2788 2078 2836 et
2113 2779 2172 2834 in
2193 2776 2432 2832 animam
2455 2779 2720 2833 vestram,
2756 2773 2816 2822 et
2845 2765 3066 2835 alligate
3099 2777 3164 2817 ea
3203 2759 3263 2814 in
3296 2758 3512 2826 signum
3554 2754 3609 2807 in

2023 2886 2190 2925 manu
2231 2877 2448 2930 vestra,
2477 2869 2534 2917 et
2583 2865 2750 2917 erunt
2797 2857 3026 2911 immota
3057 2851 3222 2922 219
3261 2855 3389 2903 ante
3421 2846 3612 2902 oculos

2025 2968 2261 3024 vestros,
2281 2966 2339 3013 et
2366 2957 2560 3011 docete
2583 2968 2648 3008 ea
2681 2950 2823 3004 ﬁlios
2852 2953 3092 3009 vestros,
3117 2952 3175 2998 et
3202 2942 3500 3011 loquantur
3523 2952 3610 2999 ea,

2028 3054 2312 3117 sedentes,
2356 3049 2414 3103 in
2444 3047 2664 3108 itinere,
2690 3049 2746 3098 et
2794 3039 3094 3101 cubantes,
3125 3042 3181 3090 et
3196 3039 3526 3104 surgentes;
3559 3036 3615 3082 et

2033 3142 2330 3200 describite
2357 3153 2422 3193 ea
2462 3149 2627 3206 super
2653 3131 2846 3188 limina
2885 3129 3178 3183 domorum
3203 3131 3535 3183 vestrarum,
3559 3127 3616 3174 et

2031 3237 2326 3308 ianuarum
2359 3227 2782 3290 vestrarum,.ut
2806 3219 3011 3273 multos
3030 3215 3150 3270 dies
3170 3213 3388 3277 vivatis,
3413 3217 3470 3265 et
3497 3208 3618 3263 dies

2030 3327 2270 3382 ﬁliorum
2294 3328 2605 3377 vestrorum
2643 3316 2700 3370 in
2729 3321 2899 3376 terra,
2935 3322 3100 3379 quam
3122 3303 3328 3377 iuravit
3353 3300 3618 3357 Dominus

2030 3417 2281 3491 patribus
2315 3411 2515 3469 vestris
2538 3451 2553 3475 ,
2585 3408 2841 3463 daturum
2882 3375 3133 3463 ise—illis,
3161 3395 3306 3450 sicut
3339 3393 3459 3447 dies
3490 3390 3616 3447 coeli
3668 3375 3677 3385 ’

2035 3482 2200 3582 super
2243 3516 2445 3562 terram
2479 3504 2544 3556 '°.
2589 3520 2607 3552 ι
2644 3494 2856 3568 Ecquid
2893 3499 3080 3548 autem
3122 3488 3214 3552 sit,
3247 3484 3480 3555 Alligate
3501 3482 3617 3552 ipsa

2037 3604 2094 3657 in
2121 3600 2376 3656 manibus
2397 3593 2616 3657 vestris,
2649 3592 2809 3662 plane
2843 3588 2901 3641 in
2936 3580 3194 3639 Numeris
3221 3576 3496 3647 exposuit.
3530 3573 3621 3627 Sic

2039 3693 2187 3748 enim
2218 3689 2486 3757 scriptum
2511 3690 2596 3738 est
2623 3697 2637 3735 :
2664 3699 2683 3731 ι
2719 3681 2791 3734 Ει
2817 3676 2958 3732 dixit
2993 3672 3261 3729 Dominus
3281 3670 3348 3722 ad
3377 3667 3619 3737 Moysen,

2041 3784 2230 3839 dicens
2261 3799 2273 3833 :
2314 3755 2567 3846 Doquere
2603 3770 2732 3825 ﬁliis
2757 3765 2948 3830 Israel,
2980 3773 3036 3819 et
3069 3761 3222 3816 dices
3244 3756 3312 3811 ad
3356 3755 3540 3825 ipsos;
3565 3761 3626 3806 et

2043 3875 2246 3932 faciant
2277 3873 2381 3929 sibi
2412 3868 2656 3924 fimbrias
2683 3865 2741 3919 in
2776 3857 3186 3918 summitatibus
3208 3853 3446 3908 vestium
3494 3863 3624 3904 sua-

2044 3981 2168 4026 rum
2222 3968 2278 4021 in
2313 3960 2704 4037 generationes
2727 3968 2882 4020 suas;
2908 3957 2963 4006 et
2989 3945 3286 4019 imponetis
3310 3955 3474 4010 super
3503 3937 3625 3992 ﬁm-

2045 4062 2198 4118 brias
2242 4031 2618 4113 summitatum
2649 4046 2889 4104 vestium
2921 4041 3115 4101 vittam
3173 4031 3587 4106 hyacinthinam
3611 4067 3626 4091 ,

2047 4161 2103 4211 et
2131 4152 2239 4208 erit
2267 4148 2425 4204 vobis
2451 4146 2507 4199 in
2536 4140 2808 4204 fimbriis;
2842 4142 2898 4189 et
2918 4129 3180 4186 videbitis
3223 4127 3398 4196 ipsas,
3440 4128 3499 4175 et
3540 4134 3628 4172 re-

2050 4240 2415 4301 cordabimini
2457 4235 2701 4290 omnium
2751 4232 3155 4300 praeceptorum
3187 4213 3426 4276 Domini,
3455 4220 3512 4265 et
3555 4209 3632 4263 fa-

2053 4336 2211 4392 cietis
2241 4349 2340 4398 ea;
2379 4338 2436 4385 et
2483 4341 2595 4381 non
2653 4314 3048 4393 pervertemini
3094 4315 3221 4380 post
3273 4303 3635 4375 cogitationes

2055 4436 2286 4487 vestras,
2318 4432 2373 4476 et
2396 4426 2521 4491 post
2556 4414 2747 4472 oculos
2784 4415 3027 4468 vestros,
3051 4405 3111 4460 in
3149 4397 3354 4468 quibus
3389 4408 3489 4448 vos
3524 4392 3637 4446 for-

374 4481 490 4515 σετε
520 4481 721 4518 αυτοις-
757 4481 850 4503 λιιι.
888 4481 949 4499 υυ
978 4481 1447 4514 υυἎυυγωτιινι-ννυ
1481 4481 1656 4491 νη.-.-
1720 4481 1807 4486 __-_
1852 4481 1911 4484 Γ*

373 4551 527 4607 νοιῶν
557 4545 734 4617 ὑμῶν,
779 4539 874 4594 καὶ
902 4535 1077 4589 ὀπίσω
1115 4531 1224 4584 τῶν
1268 4527 1560 4598 ὀφθαλμῶν
1595 4523 1748 4594 ὑμῶν
1800 4521 1858 4572 ὲν
1881 4513 1930 4570 οἷ

2032 4513 2325 4571 ιηὶοθιιιὶιιί
2381 4517 2504 4579 post
2557 4507 2726 4576 ipsos,
2758 4505 2821 4554 ut
2877 4488 3244 4550 recordemini
3277 4503 3290 4539 :
3321 4493 3378 4539 et
3423 4481 3637 4537 faciatis

2199 4607 2210 4617 ·
2432 4602 2446 4617 I
2489 4607 2531 4617 ι-
2566 4611 2679 4617 η--
2707 4612 2720 4617 -
2757 4600 2809 4617 Α.
2850 4586 3003 4617 Mans
3053 4579 3226 4617 εαηιιιί
3269 4579 3382 4617 non
3406 4581 3594 4617 vostrn
3621 4588 3636 4617 Ζ

376 4644 532 4712 ὑμεῖς
565 4629 926 4706 ὲκπορνεύετε
955 4624 1130 4678 ὀπίσω
1159 4619 1360 4684 αὐτῶν,
1396 4618 1545 4678 ὅπως
1573 4615 1638 4669 ἂν
1661 4610 1957 4682 μνησθῆτε·

377 4734 468 4788 καὶ
497 4729 751 4799 ποιήσετε
780 4724 959 4784 πάσας
981 4717 1079 4778 τὰς
1097 4713 1314 4773 ἐντολάς
1337 4727 1462 4781 μου,
1486 4709 1579 4762 καὶ
1612 4703 1798 4758 ἔσεσθε
1815 4701 1958 4770 ἅγιοι

377 4826 455 4897 τῷ
482 4796 654 4893 Θεῷ-ὑ
667 4819 800 4890 μῶν,
821 4807 938 4884 ’ἐγὼ
966 4811 1170 4881 Κύριος
1198 4809 1226 4860 ὀ
1246 4805 1379 4868 Θεὸς
1405 4803 1578 4873 ὑμῶν.
1611 4819 1630 4852 ι
1657 4796 1959 4868 Προεπιτά-

380 4884 475 4984 ξας
499 4884 592 4969 οὖν
621 4884 680 4965 εδ
726 4908 873 4980 μάλα
902 4900 1279 4973 καταγράφειν
1307 4895 1455 4966 ἡμᾶς
1493 4893 1551 4945 ὲν
1590 4888 1840 4958 καρδίαις
1869 4884 1962 4938 τὸν

378 4977 564 5079 νόμον,
605 4977 737 5055 εἶτα-
760 4995 996 5069 χαλεπὸν
1043 4989 1385 5066 ἀρρώστημα
1419 4984 1513 5039 νοῦ
1551 4981 1651 5052 τὴν
1683 4977 1855 5050 λήθην
1884 4977 1954 5028 εἰ-

379 5068 504 5163 δῶς,
545 5068 635 5149 οἷά
673 5068 860 5162 περνὲν
886 5087 1077 5140 πίνακι
1128 5084 1247 5146 ταῖς
1279 5079 1459 5149 φλιαῖς
1498 5068 1958 5143 ἀποσημήνασθαι

380 5159 500 5246 δεῖν
531 5159 811 5242 ἐπιτάττει
840 5179 936 5241 τὰς
966 5175 1218 5236 ἐντολάς·
1257 5171 1349 5225 καὶ
1382 5169 1488 5240 μὴν
1520 5166 1614 5219 καὶ
1642 5163 1740 5231 τῆς
1780 5159 1958 5223 δεξιᾶς

382 5281 656 5350 ἀφάπτειν
674 5273 853 5345 χειρὸς
885 5266 1066 5321 δέλτιά
1097 5281 1197 5316 που
1220 5261 1358 5332 τάχα
1373 5259 1462 5313 τὸν
1493 5256 1657 5326 νόμον
1677 5253 1956 5313 ὠδίνοντα,

384 5342 479 5428 καὶ
510 5342 970 5440 ἐγγεγραμμένον
995 5359 1186 5429 έχοντα
1209 5356 1269 5409 τὸ
1293 5349 1592 5427 χρησμῴδη
1603 5364 1699 5419 μα,
1733 5345 1826 5400 καὶ
1854 5342 1960 5414 μὴν

384 5462 476 5516 καὶ
508 5437 695 5512 αότῶν
716 5450 1067 5525 ἀπηρτῆσθαι
1096 5447 1205 5501 τῶν
1238 5445 1581 5516 ἐσθημάτων,
1612 5438 1712 5492 οὐκ
1737 5437 1964 5490 ἀσυντε-

385 5559 474 5621 λὲς
505 5552 645 5609 εἷναί
676 5567 841 5622 φησιν
889 5549 969 5612 εἰς
1009 5547 1218 5615 ὀνησιν,
1249 5541 1320 5594 τά
1349 5557 1406 5592 τε
1435 5534 1749 5611 κράσπεδα,
1782 5531 1877 5586 καὶ
1907 5528 1965 5581 τὸ

385 5647 620 5718 κλῶσμα
647 5641 974 5699 ὑακίνθινον.

499 5838 540 5868 ⁸⁷
575 5836 617 5905 l,
649 5835 798 5891 Ioan.
837 5847 908 5894 Iv,
951 5827 1041 5893 ΞΟ,
1068 5825 1156 5879 2i.
1235 5823 1279 5852 ⁸⁸
1311 5819 1448 5875 Psal.
1504 5831 1682 5877 (λι-ιιι,
1717 5815 1801 5866 96.
1886 5813 1922 5842 "-"
1958 5810 2057 5862 lsa.
2103 5821 2214 5867 vm,
2262 5800 2343 5852 16.

2065 4607 2249 4664 omnia
2285 4602 2541 4658 mandata
2566 4611 2723 4660 mea;
2755 4600 2812 4647 et
2848 4586 3006 4643 eritis
3053 4579 3228 4638 sancti
3269 4579 3382 4632 Deo
3406 4581 3636 4635 vestro;

2065 4716 2165 4770 ego
2208 4695 2476 4752 Dominus
2515 4691 2660 4746 Deus
2686 4690 2890 4746 vester,
2915 4677 3012 4749 qui
3045 4672 3211 4730 eduxi
3256 4683 3356 4724 vos
3387 4665 3454 4720 de
3495 4671 3641 4717 terra

2063 4754 2301 4861 AEgypli,
2343 4795 2406 4840 ut
2427 4795 2606 4838 essem
2644 4779 2791 4832 Deus
2822 4778 3007 4826 vester
3035 4785 3047 4820 :
3079 4779 3180 4836 ego
3210 4758 3478 4817 Dominus
3499 4754 3644 4808 Deus

2063 4843 2247 4938 vester
2273 4879 2340 4931 “.
2373 4897 2390 4928 ι
2442 4873 2578 4928 Cum
2604 4882 2736 4938 ergo
2769 4869 2927 4920 antea
2968 4857 3254 4931 iussisset,
3276 4857 3339 4906 ut
3368 4843 3646 4902 describe-

2062 4987 2248 5029 remus
2276 4971 2453 5038 legem
2482 4964 2538 5017 in
2585 4956 2876 5019 cordibus,
2905 4951 3180 5019 sciretque
3229 4950 3496 5014 praeterea
3519 4950 3643 5006 gra-

2061 5081 2185 5120 vem
2219 5076 2339 5117 esse
2369 5049 2835 5112 mentismorbum
2859 5041 3193 5098 oblivionem
3224 5053 3238 5088 :
3266 5036 3323 5088 in
3362 5028 3647 5084 liminibus

2061 5169 2323 5226 tanquam
2355 5152 2411 5205 in
2437 5147 2619 5203 tabula
2646 5138 2876 5198 inscribi
2917 5132 3114 5206 iussit;
3141 5126 3275 5196 quin
3307 5121 3474 5176 etiam
3511 5117 3648 5171 dex-

2065 5209 2460 5316 traalalligare;
2509 5235 2801 5294 schedulas
2864 5228 3098 5282 fortasse
3150 5212 3414 5316 quasdam
3473 5209 3648 5312 iegem

2077 5338 2484 5413 parturientes,
2539 5339 2596 5384 et
2640 5325 2890 5382 divinum
2938 5323 3270 5384 responsum
3319 5300 3650 5370 inscriptum

2075 5388 2340 5486 liabean
2385 5442 2397 5477 :
2435 5428 2702 5492 praeterea
2731 5427 2841 5467 non
2871 5405 3067 5462 inutile
3107 5413 3228 5455 esse
3261 5394 3399 5450 dixit
3426 5406 3493 5446 ex
3521 5388 3656 5459 ipsis

2070 5537 2289 5596 quoque
2317 5482 2563 5572 vestibus
2605 5505 2848 5579 pendere
2878 5506 2993 5554 tum
3032 5491 3276 5549 ﬁmbrias
3302 5529 3316 5553 ,
3351 5495 3468 5540 tum
3519 5482 3657 5552 hya-

2069 5610 2368 5668 cinthinam
2400 5603 2612 5658 vittam.

2426 5793 2468 5822 ⁵ο
2506 5790 2664 5843 Deut.
2698 5775 2966 5844 11,18-21.
3047 5771 3089 5803 “
3125 5766 3398 5821 Num.xv,
3441 5757 3457 5807 ι
3505 5765 3638 5816 seqq
