4138 6300
527 359 630 414 ιεδ

1545 339 1603 394 S.
1643 337 1917 394 CYRILLI
1961 334 2427 390 ALEXANDNN!
2473 331 2790 388 ARCHIEP.

3684 324 3790 378 435

595 471 792 531 PALL.
843 466 1094 535 Quonam
1154 461 1317 518 modo
1371 459 1569 514 divinae
1623 457 1760 526 legis
1824 453 2108 508 admoneri

2283 448 2490 502 ΠΑΛΛ.
2520 448 2628 501 Καὶ
2655 448 2738 510 τίς
2777 446 2840 499 ἂν
2871 445 3080 514 γένοιτο
3111 440 3218 495 τῶν
3247 439 3422 492 θείων.
3441 440 3623 509 νόμων
3662 438 3792 507 ἡμῖν

529 577 818 636 possumus
848 573 948 629 per
971 553 1216 610 ﬁmbrias
1242 566 1307 606 ac
1328 551 1521 605 vittam
1548 543 1997 618 hyacinthinam?

597 744 755 800 CYR.
792 739 984 795 Nonne
1008 737 1184 806 legem
1206 748 1308 804 per
1331 729 1618 798 aenigmata
1653 721 1910 778 traditam
1942 718 2110 772 fuisse

526 835 724 905 priscis
753 833 862 886 illis
898 826 1238 889 hominibus,
1274 837 1338 876 ac
1358 818 1528 874 veluti
1548 817 1602 870 in
1635 812 1845 869 umbris
1881 825 2004 866 esse
2031 810 2111 863 fa-

531 927 666 982 teris
697 926 720 978 ?

602 1013 799 1070 PALL.
837 1013 1052 1067 Fateor.

599 1108 758 1163 CYR.
786 1105 958 1176 Igitur
990 1097 1223 1156 ﬁmbriis
1253 1109 1317 1150 ac
1349 1091 1536 1149 manui
1581 1090 1774 1144 vittam
1801 1083 2113 1176 hyacinthi-

530 1214 655 1253 nam
686 1175 928 1266 alligare,
965 1191 1191 1261 ﬁgurate
1212 1229 1226 1252 ,
1257 1201 1321 1240 ac
1363 1199 1462 1254 per
1485 1181 1716 1250 aenigma
1750 1175 2110 1266 signiﬁcabat,

530 1304 650 1359 quae
680 1263 927 1341 cmlestia
951 1288 1115 1348 sunt,
1141 1295 1205 1333 ea
1239 1284 1354 1331 tum
1406 1271 1668 1342 sapienda
1711 1283 1852 1330 esse,
1876 1274 1990 1319 tum
2030 1263 2112 1317 fa-

529 1355 745 1441 cienda,
770 1391 834 1428 ac
854 1387 1121 1442 supernas
1145 1371 1263 1423 illas
1284 1369 1433 1436 leges
1460 1361 1723 1418 memoria
1757 1355 2115 1413 retinendas?

541 1468 734 1539 Lapidi
771 1467 940 1530 enim,
985 1463 1094 1517 nisi
1122 1461 1301 1523 fallor,
1344 1457 1564 1518 indico,
1601 1451 1985 1524 hyacinthino,
2027 1447 2113 1502 in-

533 1575 699 1630 quam
724 1600 738 1623 ,
783 1556 1070 1612 aetherium
1111 1565 1312 1620 corpus
1339 1555 1423 1603 est
1449 1545 1682 1617 quadam
1713 1552 1876 1598 tenus
1905 1540 2110 1603 simile,

529 1666 653 1705 cum
683 1648 974 1720 splendore
1002 1653 1167 1715 atque
1193 1641 1438 1697 tenebris
1465 1639 1690 1692 mistum
1719 1636 1812 1700 sit,
1844 1641 2012 1702 atque
2057 1633 2113 1686 in

530 1741 640 1794 imo
679 1755 835 1808 aqua:
862 1734 1281 1790 similitudinem
1308 1731 1538 1794 habeat,
1572 1742 1694 1798 quae
1734 1724 2024 1779 tremulam
2051 1739 2115 1776 ac

2213 541 2517 608 ἀνάμνησις
2566 537 2654 590 διά
2685 554 2744 590 τε
2776 533 3098 607 κρασπέδων
3149 533 3244 586 καὶ
3293 529 3606 584 ὑακινθίνου
3652 528 3794 582 κλώ-

2216 648 2417 702 σματος
2441 648 2456 696 ;
3389 656 3404 669 ο

2284 723 2448 777 ΚΥΡ.
2491 723 2566 774 Ού
2607 721 2716 790 γὰρ
2745 719 2808 790 δὴ
2842 719 2932 771 τὸν
2973 718 3137 788 νόμον
3183 712 3599 785 αἰνιγματωδῶς
3637 713 3795 766 λελα-

2212 814 2408 884 λῆσθαι
2439 816 2552 876 τοῖς
2597 811 2768 866 πάλαι
2817 812 2912 863 καὶ
2945 811 3051 880 μὴν
3085 808 3178 862 καὶ
3224 807 3300 870 ὡς
3336 808 3393 858 ὲν
3428 807 3609 869 σκιαῖς
3655 800 3793 857 εἶναι

2215 908 2320 977 φής
2341 922 2356 970 ;

2287 996 2496 1049 ΠΑΛΛ.
2530 993 2696 1066 Φημί.

2285 1089 2452 1142 ΚΥΡ.
2489 1087 2727 1158 Αἴνιγμα
2749 1085 2813 1156 δὴ
2836 1079 2929 1139 οὑν
2953 1083 3047 1138 τοῦ
3081 1082 3189 1136 δεῖν
3214 1081 3452 1147 ἑλέσθαι,
3484 1081 3702 1149 φρονεῖν
3733 1097 3790 1130 τε

2217 1187 2311 1241 καὶ
2346 1185 2480 1255 δρᾷν
2511 1183 2578 1234 τὰ
2612 1181 2672 1248 ἐξ
2695 1178 2950 1252 οὐρανοῦ,
2981 1178 3073 1232 καὶ
3118 1175 3229 1230 τῶν
3257 1173 3462 1230 ἄνωθεν
3490 1172 3791 1242 διαμεμνῆ-

2217 1279 2344 1350 σθαι
2376 1276 2580 1346 νόμων,
2645 1273 2705 1326 τὸ
2753 1270 3076 1343 κρασπέδων
3109 1286 3167 1321 τε
3210 1269 3305 1322 καὶ
3353 1266 3521 1336 αὑτῆς
3579 1264 3790 1333 apag/av.

2217 1371 2397 1444 χειρὸς
2429 1371 2488 1423 τὸ
2517 1368 2748 1438 κλῶσμα
2778 1365 2839 1418 τὸ
2873 1361 3213 1426 ὑακίνθινον;
3247 1358 3381 1429 λίθῳ
3411 1360 3521 1429 γὰρ
3545 1352 3700 1427 οἶμαι
3725 1361 3788 1428 τῇ

2228 1463 2443 1533 Ἰνδικῇ,
2468 1461 2546 1532 τῷ
2577 1457 2866 1528 ὑακινθίνῳ
2897 1455 3061 1526 φημὶ,
3092 1452 3152 1506 τὸ
3175 1452 3412 1523 αἰθέριόν
3438 1469 3555 1511 πως
3581 1451 3787 1514 εἰκάζε-

2215 1573 2303 1609 ται
2329 1554 2508 1624 σῶμα,
2538 1552 2679 1620 αὑγῇ
2699 1566 2759 1602 τε
2785 1549 2881 1600 καὶ¹
2909 1545 3411 1624 σκότῳ-συμμιγὲς,
3442 1544 3536 1596 καὶ
3557 1545 3616 1595 ὲν
3638 1542 3788 1610 βάθει

2217 1664 2333 1710 πως
2367 1621 2488 1716 ἕχον
2519 1644 2580 1697 τὸ
2611 1641 2919 1713 ὑδαροειδὲς
2943 1679 2958 1704 ,
3005 1621 3422 1706 ὑποτρέμουσάν
3453 1653 3513 1688 τε
3559 1636 3654 1689 καὶ
3702 1637 3790 1688 εὑ-

2215 1738 2462 1806 διάχυτον
2495 1736 2789 1803 ὑποφαῖνον
2826 1732 2925 1802 τὴν
2966 1731 3108 1800 ὄψιν.
3148 1728 3525 1800 Ἀπηρτῆσθαι
3552 1725 3618 1797 δή
3643 1721 3734 1780 οῦν
3763 1728 3788 1777 ὀ

529 1796 751 1881 ﬂuidam
793 1825 1031 1896 speciem
1060 1838 1173 1892 prae
1209 1837 1267 1876 se
1302 1820 1463 1874 ferat.
1517 1796 1680 1886 220
1715 1815 1828 1870 Lex
1860 1815 2026 1885 igitur
2057 1823 2113 1868 et

2216 1796 2378 1899 νύμδς
2414 1829 2523 1880 τῶν
2557 1796 2624 1880 τε.
2656 1796 2980 1896 ἐσθημάτων
3009 1796 3190 1877 αὐτῶν
3214 1796 3306 1876 καί
3341 1821 3447 1893 μὴν
3477 1821 3572 1874 καὶ
3608 1796 3789 1890 χειρὸς

527 1919 775 1976 vestibus
810 1925 866 1971 et
904 1915 1088 1968 manui
1113 1913 1304 1967 vittam
1332 1909 1740 1981 hyacinthinam
1778 1908 1985 1977 alligari
2029 1921 2113 1960 sa-

528 2010 702 2082 pienti
729 2007 958 2064 consilio
996 2007 1192 2076 jussit,
1229 2000 1633 2074 quodammodo
1673 2000 1928 2063 innuens,
1955 1997 2111 2067 quasi

529 2101 730 2155 mentis
780 2099 1197 2160 vestimentum,
1246 2101 1303 2148 et
1351 2091 1586 2146 amictus
1619 2089 1850 2143 rationis
1895 2088 1993 2141 tibi
2042 2087 2113 2140 sit

530 2191 814 2246 oraculum
857 2186 1074 2242 coalitus
1099 2184 1340 2247 editum,
1388 2182 1480 2236 lex
1504 2181 1670 2234 etiam
1719 2179 1822 2232 rite
1864 2193 1926 2231 ac
1962 2186 2113 2232 recte

528 2279 800 2333 factorum
843 2275 1072 2330 arbitra.
1105 2275 1298 2327 Manus
1331 2271 1480 2325 enim
1505 2285 1737 2338 operum
1764 2278 1848 2322 est
1891 2268 2114 2338 symbo-

528 2368 642 2422 lum
669 2385 682 2420 :
705 2382 826 2437 quae
849 2380 1013 2436 porro
1038 2363 1282 2433 legitime
1315 2360 1456 2415 ﬁunt
1481 2374 1513 2413 a
1540 2359 1722 2422 nobis,
1763 2373 1993 2429 prorsus
2023 2374 2082 2413 re
2102 2388 2114 2398 -

529 2459 896 2529 prehensione
921 2466 1137 2519 vacant,
1165 2468 1343 2523 neque
1384 2453 1452 2506 de
1474 2452 1609 2506 vitio
1633 2451 1918 2506 sinistrum
1949 2451 2112 2520 quid-

530 2550 676 2620 piam
712 2549 935 2603 habent.
985 2545 1405 2617 Magniﬁcabant
1454 2544 1637 2613 itaque
1679 2543 1941 2598 Pharisaei
1992 2545 2113 2595 lim—

531 2641 683 2695 brias
724 2656 888 2706 suas,
923 2649 980 2693 et
1029 2637 1333 2693 dilatabant
1369 2634 1706 2706 phylacteria
1739 2649 1834 2688 sua
1861 2673 1874 2696 ,
1914 2632 1966 2686 id
2000 2641 2110 2696 est,

531 2731 822 2786 schedulas
864 2745 895 2784 e
938 2729 1133 2784 dextra
1174 2743 1341 2782 manu
1397 2740 1690 2796 suspensas
1727 2741 1739 2778 :
1791 2723 2114 2777 ridebantur

533 2831 718 2876 tamen
765 2837 795 2876 a
827 2820 1048 2876 Christo
1072 2861 1086 2886 ,
1125 2819 1271 2889 quod
1309 2834 1430 2874 eam
1456 2834 1574 2873 rem
1618 2817 1686 2872 ad
1729 2816 1906 2870 inanis
1931 2815 2116 2885 gloriae

533 2911 900 2974 occasionem,
927 2925 1037 2964 non
1089 2909 1156 2964 ad
1209 2909 1347 2979 legis
1371 2907 1948 2963 commemorationem
1981 2921 2114 2960 con-

531 3003 827 3058 vertissent
853 3004 917 3057 ⁸².
937 3002 1083 3056 Fieri
1118 3001 1284 3073 igitur
1313 3008 1515 3072 potest,
1535 3009 1597 3054 ut
1619 2999 1870 3070 quamvis
1905 2999 1959 3052 id
1999 2998 2112 3062 ﬁat,

533 3094 679 3164 quod
717 3094 805 3148 lex
835 3094 1024 3166 jubet,
1068 3103 1250 3148 tamen
1291 3094 1381 3148 lex
1408 3093 1524 3163 ipsa
1548 3093 1807 3156 violetur,
1841 3092 1951 3146 nisi
1998 3091 2116 3160 lege

533 3185 659 3258 quis
692 3195 841 3241 recte
879 3193 1084 3240 utatur.
1123 3184 1347 3256 Hocque
1382 3183 1522 3238 illud
1563 3191 1647 3237 est
1669 3223 1684 3248 ,
1721 3182 1938 3252 opinor,
1969 3180 2114 3250 quod

532 3279 610 3333 ait
665 3278 921 3333 Salomon
966 3293 979 3330 :
1039 3296 1056 3327 ι
1088 3277 1186 3330 Est
1231 3277 1434 3346 justus,
1479 3274 1572 3343 qui
1621 3273 1767 3342 perit
1805 3272 1862 3326 in
1902 3270 2116 3341 justitia

533 3384 631 3423 sua
663 3369 728 3422 ⁸³.
765 3388 782 3420 ›
817 3368 987 3439 Igitur
1028 3366 1126 3422 Dei
1165 3367 1482 3420 mandatum
1542 3366 1598 3418 in
1645 3372 1829 3418 mente
1857 3371 2020 3432 atque
2059 3362 2116 3416 in

531 3457 698 3513 corde
732 3455 1146 3512 inscribendum
1189 3464 1316 3521 est;
1350 3458 1508 3526 cujus
1557 3453 1639 3508 rei
1671 3453 1963 3507 utilitatem
1989 3467 2114 3506 cum

531 3550 878 3618 perspicuam
905 3549 1112 3603 faceret
1144 3545 1317 3620 David
1353 3545 1444 3600 ille
1467 3545 1719 3610 divinus,
1767 3544 1835 3599 de
1861 3559 2114 3614 unoquo-

531 3655 638 3709 que
661 3641 781 3695 viro
800 3642 949 3712 justo
973 3640 1205 3708 loquens
1229 3638 1307 3693 ait
1333 3655 1346 3691 :
1387 3656 1405 3689 ε
1436 3637 1550 3694 Lex
1578 3639 1675 3693 Dei
1698 3639 1819 3708 ejus
1856 3638 1913 3692 in
1949 3639 2115 3694 corde

533 3731 742 3799 ipsius;
773 3739 831 3785 et
867 3747 981 3786 non
1020 3731 1522 3801 supplantabuntur
1556 3745 1775 3800 gressus
1809 3732 1930 3801 ejus
1963 3731 2010 3762 "
2044 3749 2056 3785 :
2087 3751 2105 3782 ι

532 3821 670 3874 illud
697 3823 867 3887 enim,
890 3831 954 3877 ut
981 3824 1198 3893 opinor,
1229 3824 1392 3893 plane
1437 3824 1789 3878 manifestum
1821 3833 1924 3890 est,
1957 3827 2113 3896 cujus

534 3911 592 3964 in
618 3919 803 3966 mente
831 3913 919 3965 lex
964 3913 1154 3966 divina
1190 3914 1397 3980 fuerit,
1431 3914 1611 3972 eidem
1651 3916 1878 3970 omnino
1933 3917 2112 3972 inesse

531 4007 798 4071 praeterea
818 4041 833 4067 ,
863 4010 925 4056 ut
949 4003 1124 4072 probe
1155 4002 1514 4059 conﬁrmatus
1544 4012 1602 4060 et
1633 4005 1836 4059 virtute
1869 4005 1942 4060 sit
1999 4015 2109 4060 sta—

532 4092 650 4147 bili.

602 4183 800 4238 PALL.
831 4183 911 4239 Ita
940 4198 999 4240 se
1021 4198 1112 4239 res
1147 4185 1332 4240 habet.

607 4276 765 4332 CYR.
796 4277 984 4347 Itaque
1009 4278 1160 4348 jugis
1185 4287 1350 4348 atque
1379 4288 1644 4349 perpetua
1669 4279 1806 4350 legis
1827 4278 2109 4334 meditatio

530 4365 601 4420 ad
628 4375 852 4424 rectam-
872 4370 1019 4425 viam
1061 4369 1340 4440 perducit,
1376 4371 1525 4440 quod
1554 4371 1698 4426 idem
1735 4378 1822 4426 est
1852 4378 2016 4440 atque
2040 4371 2108 4427 ad

531 4455 588 4510 id
625 4458 773 4528 quod
805 4459 918 4514 Deo
947 4461 1161 4530 placet,
1186 4458 1524 4515 oblivionem
1568 4476 1636 4515 ex
1668 4460 1904 4517 hominis
1927 4461 2110 4516 animo

528 4549 703 4605 veluti
755 4551 1012 4607 tenebras
1047 4551 1313 4623 quasdam
1341 4553 1742 4624 caliginemque
1779 4554 2103 4610 discutiens.

528 4643 718 4713 Neque
745 4659 881 4699 vero
924 4645 1209 4716 hucusque
1238 4655 1450 4705 tantum
1483 4662 1809 4718 progressus
1843 4654 1929 4702 est
1949 4647 2110 4718 legis-

527 4734 688 4799 lator;
741 4733 842 4789 sed
885 4749 1011 4789 cum
1051 4736 1232 4793 adhuc
1264 4739 1464 4793 melius
1503 4738 1764 4808 quiddam
1807 4739 2108 4809 excogitas-

528 4832 666 4887 set,-
692 4823 761 4877 ad
793 4824 1141 4880 excitandam
1186 4827 1243 4882 in
1273 4828 1558 4885 laboribus
1590 4828 1958 4898 suscipiendis
1993 4829 2108 4884 ala-

527 4916 778 4970 critatem
805 4956 821 4982 ,
855 4931 1009 4986 spem
1065 4917 1312 4972 omnium
1359 4935 1546 4974 rerum
1577 4920 2110 4990 exoptatissimarum

527 5017 789 5079 tanquam
828 5022 1014 5064 escam
1043 5009 1334 5078 quamdam
1368 5011 1634 5081 adjungit.
1674 5012 1766 5067 Ait
1793 5012 1940 5068 enim
1979 5028 2107 5066 rur-

526 5115 620 5154 sus
649 5119 662 5154 :
711 5119 729 5150 σ
759 5098 817 5155 Si
842 5099 898 5154 in
924 5098 1217 5169 praeceptis
1239 5100 1377 5156 meis
1404 5101 1837 5168 ambulaverltis,
1871 5113 1927 5159 et
1949 5119 2107 5159 man-

527 5188 652 5244 data
698 5207 818 5246 mea
857 5190 1238 5247 custodieritis
1262 5232 1277 5257 ,
1314 5198 1370 5246 et
1403 5190 1646 5248 feceritis
1675 5209 1740 5248 ea
1762 5234 1776 5259 ,
1813 5195 1957 5249 dabo
1987 5196 2108 5265 plu-

528 5278 670 5333 viam
693 5281 852 5337 vobis
878 5283 936 5336 in
977 5291 1222 5352 tempore
1252 5297 1373 5348 suo,
1429 5290 1486 5337 et
1509 5291 1656 5338 terra
1695 5285 1848 5339 dabit
1875 5301 2109 5356 proven-

530 5380 618 5424 tus
641 5387 791 5439 suos,
829 5384 886 5430 et
909 5375 1055 5447 ligna
1082 5376 1260 5446 campi
1293 5376 1527 5432 reddent
1555 5376 1794 5432 fructum
1842 5395 2032 5444 suum;
2053 5387 2110 5434 et

530 5465 959 5532 comprehendet
983 5469 1138 5523 vobis
1160 5468 1360 5524 tritura
1382 5468 1738 5535 vindemiam,
1762 5469 2110 5525 etvindemia

528 5563 851 5619 seuientem,
889 5565 945 5610 et
974 5559 1150 5615 edetis
1175 5577 1372 5629 panem
1407 5569 1650 5616 vestrum
1679 5561 1736 5616 in
1776 5562 2106 5625 satietatem,

2165 3197 2185 3218 Δ

2140 4506 2186 4561 D

2213 1921 2274 1974 τὸ
2313 1912 2540 1992 κλῶσμα
2581 1919 2640 1972 τὸ
2669 1918 2977 1972 ὑακίνθινον
3005 1915 3364 1986 οἰκονομικῶς
3401 1913 3787 1984 προστέταχεν,

2213 2012 2375 2066 οἱονεί
2403 2029 2519 2073 πως
2555 2010 2871 2078 ὑποψωνῶν.
2900 2007 3154 2078 Ἐσθημὰ
3184 2024 3265 2060 σοι
3305 2007 3398 2058 νοῦ
3433 2006 3528 2058 καὶ
3555 2003 3791 2065 διανοίας

2215 2105 2440 2177 ἄμφιον,
2476 2104 2654 2172 λόγιον
2676 2102 2816 2154 ἔστω
2844 2103 2902 2154 τὸ
2924 2100 2984 2164 ἐξ
3005 2099 3256 2172 ούρανοῦ,
3284 2099 3380 2152 καὶ
3408 2098 3594 2164 δεξιῶν
3617 2098 3791 2168 ἔργων

2217 2197 2520 2272 βραϐευτὴς
2553 2197 2580 2249 6
2612 2196 2794 2266 νόμος.
2827 2195 3030 2265 Ἐργου
3051 2193 3162 2265 γὰρ
3179 2193 3243 2263 δὴ
3276 2191 3541 2262 σύμϐολον
3568 2193 3602 2262 ή
3637 2191 3756 2260 χείρ
3777 2205 3790 2218 ο

2214 2288 2281 2340 τὰ
2311 2287 2368 2340 δὲ
2394 2289 2672 2355 συννόμως
2699 2283 2951 2354 δρώμενα
2976 2283 3110 2354 πρὸς
3133 2283 3311 2354 ἡμῶν,
3332 2283 3547 2344 πάντως
3573 2299 3675 2334 που
3701 2282 3792 2333 καὶ

2216 2379 2618 2448 ἁνεπίπληκτα,
2657 2379 2753 2429 καὶ
2782 2377 2843 2428 τὸ
2875 2379 2933 2430 ὲν
2979 2374 3272 2444 φαυλότητι
3305 2374 3489 2427 σκαιὸν
3527 2373 3628 2427 οὑκ
3658 2373 3789 2442 ἔχει.

2227 2471 2590 2542 Ἐμεγάλυνον
2620 2466 2714 2522 οὖν
2752 2469 2802 2522 οἱ
2843 2469 3122 2539 Φαρισαῖοι
3153 2466 3220 2520 τὰ
3255 2465 3537 2534 κράσπεδα
3590 2464 3790 2526 αὑτῶν,

2215 2564 2309 2617 καὶ
2353 2563 2648 2616 ἐπλάτυνον
2688 2561 2758 2614 τὰ
2803 2561 3153 2632 φυλακτήρια
3187 2560 3384 2624 αὑτῶν,
3420 2561 3690 2622 τουτέστι,
3730 2559 3794 2612 τὰ

2213 2657 2311 2723 τῆς
2341 2654 2520 2721 δεξιᾶς
2543 2653 2911 2725 ἀπηρτημένα
2937 2653 3118 2706 δέλτια
3138 2671 3152 2686 ο
3179 2653 3316 2724 πλὴν
3348 2652 3614 2721 ὲγελῶντο
3644 2652 3794 2722 παρὰ

2215 2745 2470 2817 Χριστοῦ,
2509 2749 2588 2810 εἰς
2626 2745 2924 2815 φιλοδοξίας
2969 2745 3245 2818 ἀφορμὴν,
3272 2744 3367 2797 καὶ
3396 2745 3494 2797 οὑκ
3543 2746 3625 2808 εἰς
3661 2744 3792 2798 ἀνά-

2217 2857 2413 2914 μνησιν
2440 2839 2533 2892 τοῦ
2578 2841 2744 2909 νόμου
2775 2839 2836 2892 τὸ
2881 2840 3070 2910 χρῆμα
3104 2837 3435 2908 ποιούμενοι.
3470 2838 3659 2890 Ἔστιν
3701 2832 3792 2891 οῦν

2217 2929 2326 2998 ἄρα
2358 2927 2452 2980 καὶ
2476 2928 2717 2997 ἐννόμως
2743 2928 2987 2998 ἀνομεῖν,
3019 2929 3065 2979 εί
3097 2929 3169 2998 μή
3205 2944 3288 2990 τις
3308 2926 3482 2998 ὀρθῶς
3508 2927 3793 2999 ἀποχρῷτο

2214 3017 2292 3088 τῷ
2318 3018 2487 3088 νόμῳ.
2513 3018 2624 3070 Καὶ
2653 3017 2829 3079 τοῦτο,
2855 3013 3029 3088 οἶμαι,
3053 3017 3198 3073 ἐστὶν
3222 3020 3358 3088 ὅπερ
3380 3018 3482 3088 ἔφη
3520 3017 3788 3088 Σολομῶν·

2223 3130 2242 3162 ι
2279 3110 2392 3163 ἔστι
2442 3110 2646 3173 δίκαιος
2685 3110 3056 3181 ἀπολλύμενος
3096 3112 3154 3163 ἐν
3180 3111 3374 3181 δικαίῳ
3406 3110 3594 3164 αὑτοῦ.
3629 3131 3648 3162 ι
3685 3112 3791 3163 Κα-

2218 3200 2560 3271 ταγραπτέον
2590 3196 2683 3254 οὖν
2705 3200 2813 3271 ἄρα
2846 3201 2942 3270 τὴν
2985 3201 3133 3255 θείαν
3171 3200 3390 3272 ἐντολὴν
3423 3202 3504 3264 είς
3545 3200 3669 3254 νοῦν
3701 3181 3793 3254 καί

2219 3295 2463 3366 καρδίαν,
2499 3295 2593 3348 καὶ
2637 3295 2736 3365 τήν
2765 3311 2828 3362 γε
2869 3295 2961 3348 τοῦ
3003 3295 3327 3365 πράγματος
3359 3295 3544 3365 ὄνησιν
3589 3295 3788 3366 ἐναργῆ

2217 3385 2484 3449 καθιστὰς
2521 3389 2549 3438 6
2588 3386 2730 3448 θεῖος
2769 3385 2873 3456 ἔφη
2923 3386 3086 3438 Δαϐὶδ
3137 3387 3265 3458 περὶ
3300 3386 3510 3439 δικαίου
3558 3385 3786 3448 παντός’

2224 3495 2242 3528 ι
2292 3477 2350 3530 '0
2389 3478 2552 3548 νόμος
2580 3477 2674 3531 τοῦ
2702 3478 2836 3531 Θεοῦ
2872 3477 3038 3531 αὑτοῦ
3069 3479 3125 3530 ὲν
3151 3480 3215 3549 τῇ
3255 3478 3451 3551 καρδίᾳ
3476 3476 3660 3541 αὑτοῦ,
3697 3477 3788 3529 καὶ

2216 3570 2315 3640 οὐχ
2350 3569 2871 3641 ὑποσκελισθήσεται
2911 3569 2979 3623 τὰ
3010 3571 3321 3641 διαδήματα
3349 3571 3533 3623 αὑτοῦ.
3573 3589 3593 3622 ι
3634 3571 3788 3624 Ἔστι

2215 3662 2344 3733 γὰρ,
2368 3659 2541 3732 οἶμαι,
2565 3663 2656 3715 καὶ
2692 3663 2836 3733 μάλα
2869 3663 3058 3731 σαφὲς,
3099 3661 3170 3725 ὡς
3203 3664 3309 3734 ὅτῳ
3344 3680 3446 3736 περ
3490 3663 3555 3717 ἂν
3584 3665 3612 3716 ὁ
3651 3663 3790 3726 θεῖος

2215 3755 2294 3816 είς
2328 3753 2450 3806 νοῦν
2485 3753 2717 3824 ὑπάρχει
2753 3753 2936 3822 νόμος,
2974 3752 3271 3823 προσέσται
3303 3771 3403 3806 που
3451 3755 3672 3816 πάντως
3701 3757 3790 3806 καὶ

2215 3844 2274 3896 τὸ
2307 3845 2621 3916 ὲρηρεῖσθαι
2658 3845 2860 3911 καλῶς,
2897 3845 3076 3898 καὶτὸ
3108 3846 3167 3899 ὲν
3198 3845 3401 3915 βεϐαίῳ
3446 3846 3660 3900 κεῖσθαι
3695 3848 3790 3915 τῆς

2216 3937 2436 4008 ἀρετῆς.

2210 4029 2220 4074 l

2284 4182 2492 4238 ΠΑΛΔ.
2522 4174 2652 4234 Ὧδε
2685 4181 2814 4252 ἔχει.
3014 4253 3028 4262 ί
3051 4253 3053 4255 ι

2280 4273 2445 4327 ΚΥΡ.
2480 4272 2687 4327 Οὐκοῦν
2733 4274 2768 4344 ἡ
2806 4275 2991 4346 μακρὰ
3036 4276 3132 4328 καὶ
3179 4275 3432 4349 διηνεκὴς
3479 4275 3576 4330 τοῦ
3626 4277 3789 4346 νόμον

2214 4364 2522 4434 μελέτησις,
2557 4365 2883 4436 ἀποκομίζει
2935 4366 3071 4438 πρὸς
3108 4367 3168 4422 τὸ
3221 4368 3370 4432 εὐθὺ,
3421 4369 3580 4424 τοῦτο
3631 4370 3676 4422 δ’
3725 4368 3790 4423 ἂν

2213 4457 2298 4528 εῐη
2334 4456 2411 4528 τῷ
2456 4456 2576 4528 Θεῷ
2603 4457 2814 4522 δοκοῦν,
2845 4456 2997 4512 θολὸν
3040 4457 3226 4532 ὥσπερ
3267 4459 3390 4514 τινὰ
3429 4461 3524 4515 καὶ
3562 4461 3790 4533 ὁμίχλην

2213 4551 2313 4619 τῆς
2342 4547 2632 4619 ἀνθρώπου
2659 4549 2916 4614 διανοίας,
2945 4549 3042 4621 τὴν
3072 4549 3241 4621 λήθην
3270 4550 3654 4622 ἐκπέμπουσα.
3682 4553 3790 4605 Καὶ

2213 4640 2275 4693 οὑ
2310 4640 2472 4711 μέχρι
2500 4641 2706 4694 τούτων
2739 4643 2767 4694 6
2797 4640 3115 4712 νομοθέτης,
3157 4641 3294 4695 ἀλλά
3342 4660 3395 4696 τι
3443 4643 3538 4696 καὶ
3571 4644 3790 4714 ἄμεινον

2215 4731 2610 4802 προσεπινοῶν,
2651 4732 2845 4803 δέλεαρ
2876 4731 3062 4806 ὥσπερ
3089 4751 3162 4800 τι,
3187 4733 3286 4804 τῆς
3315 4733 3372 4786 ἓν
3403 4751 3465 4803 γε
3497 4734 3575 4804 τῷ
3593 4736 3789 4805 χρῆναι

2218 4827 2392 4878 ποιεῖν
2431 4823 2764 4896 προθυμίας,
2811 4823 2999 4877 ἐλπίδα
3048 4827 3305 4890 ποιεῖται,
3348 4825 3444 4897 τήν
3486 4826 3572 4895 ἐφ’
3619 4826 3790 4880 ἆπασι

2214 4917 2329 4978 τοῖς
2351 4914 2772 4977 εὑκταιοτάτοις.
2812 4916 2955 4984 Ἔφη
2987 4915 3094 4987 γὰρ
3126 4915 3286 4970 πάλιν
3308 4933 3322 4947 ’
3363 4936 3381 4968 ι
3437 4916 3563 4969 Ἐὰν
3591 4917 3650 4970 ἐν
3681 4918 3791 4979 τοῖς

2216 5005 2602 5077 προστάγμασί
2620 5024 2720 5077 μου
2741 5007 3068 5077 πορεύησθε,
3093 5009 3189 5062 καὶ
3205 5009 3303 5072 τὰς
3319 5008 3539 5072 ἐντολάς
3557 5025 3659 5078 μου
3692 5023 3790 5077 φυ-

2213 5097 2466 5168 λάξησθε,
2510 5098 2602 5150 καὶ
2632 5098 2894 5170 ποιήσητε
2929 5099 3116 5164 αὑτὰς,
3155 5099 3312 5154 δώσω
3345 5100 3435 5153 τὸν
3474 5099 3628 5153 ὑετὸν
3663 5100 3790 5169 ὑμῖν

2214 5191 2273 5242 ἐν
2306 5189 2385 5260 τῷ
2423 5189 2602 5262 καιρῷ
2646 5191 2834 5260 αὑτοῦ,
2879 5195 3031 5264 καὶὴ
3072 5194 3142 5265 γῆ
3176 5193 3336 5246 δώσει
3370 5193 3440 5247 τὰ
3471 5195 3787 5263 γεννήματα

2210 5281 2400 5352 αὑτῆς,
2437 5283 2532 5337 καὶ
2554 5283 2624 5337 τὰ
2655 5283 2787 5350 ξύλα
2808 5283 2918 5339 τῶν
2943 5285 3140 5339 πεδίων
3162 5283 3433 5339 ἀποδώσει
3460 5285 3552 5339 τὸν
3581 5282 3788 5356 καρπὸν

2211 5374 2411 5429 αὐτῶν.
2448 5377 2558 5430 Καὶ
2584 5376 2953 5448 καταλήψεται
2991 5380 3120 5449 ὑμῖν
3147 5381 3174 5432 6
3205 5378 3432 5450 ἀλοητδς
3458 5379 3551 5432 τὸν
3580 5393 3788 5452 τρυγη-

2211 5467 2325 5534 τὸν,
2375 5471 2470 5522 καὶ
2501 5470 2528 5522 6
2559 5471 2830 5542 τρυγητδς
2875 5472 3249 5545 καταλήψεται
3291 5474 3380 5526 τὸν
3431 5471 3653 5544 σπόρον,
3695 5470 3784 5523 καὶ

2215 5561 2453 5629 φάγεσθε
2488 5563 2576 5616 τὸν
2608 5566 2769 5635 ἄρτον
2801 5567 2953 5635 ὑμῶν
2978 5569 3054 5629 εἰς
3089 5566 3425 5637 πλησμδνὴν,
3473 5565 3566 5618 καὶ
3603 5579 3781 5617 κατοι-

625 5737 861 5795 "Malth
909 5757 1057 5809 ιιιιιτ
1095 5743 1146 5801 5.
1185 5744 1229 5776 ⁸³
1272 5746 1416 5800 Eccl.
1445 5762 1538 5811 γη,
1565 5745 1650 5798 16.
1729 5746 1776 5775 ’δ
1800 5745 1942 5800 Psal.
1983 5721 2160 5803 xxxvi.
2191 5749 2278 5802 3i.

1083 5954 1120 5973 α
