4138 6300
330 393 437 449 485

1043 396 1131 449 DE
1170 393 1613 449 ADORATIONE
1653 395 1719 450 IN
1756 395 2027 452 SPIRITU
2069 399 2157 453 ΕΤ
2200 401 2567 458 VERI'I‘ATE.
2612 403 2738 461 LIB.
2782 406 2872 462 Vll

3501 414 3603 470 486

326 513 529 580 κήσετε
567 508 684 579 μετ’
715 508 1016 577 ἀσφαλείας
1042 508 1133 562 ἐπὶ
1169 509 1270 579 τῆς
1306 512 1409 581 γῆς
1444 510 1620 582 ὑμῶν,
1647 513 1740 564 καὶ
1766 514 1795 565 ὁ
1821 512 1912 564 πό-

2018 522 2074 567 et
2111 514 2432 573 habitabitis
2475 535 2599 574 cum
2646 524 2942 579 securitate
2992 524 3049 580 in
3104 535 3248 584 terra
3287 537 3473 589 vestra
3501 577 3514 600 ,
3548 547 3606 591 et

328 604 490 673 λεμος
516 601 580 653 οὐ
628 599 964 654 διελεύσεται
999 599 1088 653 διά
1124 601 1223 672 τῆς
1258 603 1362 673 γῆς
1402 602 1577 673 ὑμῶν,
1622 604 1717 657 καὶ
1759 603 1915 656 δώσω

326 696 551 769 εἰρήνην
584 694 643 746 ἐν
672 695 740 764 τῇ
767 694 838 763 γῇ
871 692 1049 761 ὑμῶν,
1092 691 1189 745 καὶ
1217 693 1643 765 κοιμηθήσεσθε,
1681 696 1775 748 καὶ
1815 696 1915 748 οὐκ

327 785 479 837 ἐσται
510 784 540 836 ὁ
572 780 822 850 ἐκφοϐῶν
850 782 1017 851 ὑμᾶς,
1046 781 1138 851 καὶ
1181 780 1368 835 ἀπολῶ
1399 781 1564 854 Θηρία
1596 783 1807 852 πονηρά
1851 785 1915 837 ἐκ

327 875 427 946 τῆς
454 874 562 944 ’Ῠῆς
594 872 768 943 ὑμῶν.
814 891 833 924 ι
874 870 1070 943 Συνίης
1095 871 1229 944 ὅσης
1261 873 1540 945 φροντίδος
1570 873 1666 927 καὶ
1709 874 1911 946 ἡμερό-

328 985 487 1038 τητος
519 966 663 1034 ἀξιοί
697 966 787 1019 τὸν
836 965 1058 1036 ἐπιεικῆ
1104 983 1164 1020 τε
1206 967 1300 1020 καὶ
1337 966 1779 1039 φιλεργέστατον,
1821 968 1915 1022 καὶ

333 1060 440 1132 μὴν
469 1061 611 1114 αἱδοί
636 1062 702 1130 τῇ
736 1075 801 1112 πε
811 1059 864 1129 pi
894 1057 988 1111 τὸν
1009 1057 1173 1130 νόμον
1198 1058 1509 1132 ἡττώμενον
1533 1076 1548 1127 ;
1577 1061 1833 1132 Πρώῖμόν
1854 1079 1915 1115 τε

331 1152 441 1223 γὰρ
474 1152 569 1207 καὶ
600 1151 798 1221 ὄψιμον
827 1151 1004 1216 ὑετὸν,
1038 1151 1344 1222 εὐκαρπίαν
1373 1170 1432 1205 τε
1458 1152 1556 1225 τὴν
1577 1153 1915 1225 ἀλλεπάλλη-

330 1241 442 1305 λον,
472 1243 568 1296 καὶ
622 1244 729 1313 μὴν
769 1243 864 1296 καὶ
896 1242 1063 1314 ἄρτου
1098 1242 1436 1314 πλησμονὴν,
1466 1246 1560 1298 καὶ
1592 1245 1699 1298 τῶν
1734 1245 1915 1300 ἐδωδί-

332 1352 449 1406 μων
493 1334 726 1404 ἄφθονον
759 1335 976 1407 χρῆσιν,
1031 1338 1125 1391 καὶ
1165 1337 1302 1409 πρός
1333 1355 1396 1408 γε
1441 1338 1649 1403 τούτοις
1690 1341 1914 1412 εἰρήνην

328 1427 637 1499 χαριεῖσθαι
664 1428 1186 1498 κατεπαγγέλλεται.
1228 1430 1333 1483 Τὸν
1370 1430 1480 1503 γάρ
1504 1447 1585 1483 τοι
1615 1430 1710 1484 τοῦ
1747 1431 1912 1502 νόμου

329 1520 549 1586 φύλακα
582 1520 826 1588 γνήσιον,
854 1522 949 1575 καὶ⁴
980 1514 1055 1576 ὧν
1092 1520 1160 1576 ἂν
1204 1520 1445 1592 βούλοιτο
1478 1521 1609 1586 Θεὸς
1640 1522 1914 1595 ἄπληστον

328 1612 588 1683 ἐραστήν,
613 1616 732 1676 ταῖς
755 1613 866 1667 τῶν
898 1614 1164 1685 οὐρανίων
1190 1613 1411 1683 ἀγαθῶν
1437 1613 1722 1685 ἀφθονίαις
1749 1632 1915 1670 κατα-

330 1705 556 1775 μεθύειν
599 1707 770 1770 εἰκός·
803 1706 908 1778 γῆν
953 1706 1053 1779 μὲν
1084 1706 1193 1779 γὰρ
1233 1701 1323 1762 οἷά
1352 1724 1414 1761 τε
1454 1708 1670 1780 πίειράν
1709 1725 1768 1762 τε
1817 1709 1912 1764 καὶ

333 1795 553 1850 εὕτοκον
585 1798 683 1869 τὴν
721 1798 812 1852 τοῦ
838 1798 1047 1853 δικαίου
1080 1799 1278 1872 ψυχὴν,
1314 1800 1658 1872 παράκλησις
1680 1803 1714 1872 ἡ
1748 1818 1911 1856 πνευ-

2018 604 2223 660 bellum
2246 623 2357 663 non
2385 613 2742 680 pertransibit
2760 630 2859 685 per
2883 624 3088 673 terram
3108 629 3369 690 vestram,
3393 634 3448 681 et
3463 627 3606 683 dabo

2018 712 2207 766 pacem
2239 698 2295 752 in
2332 706 2479 755 terra
2508 710 2711 770 vestra,
2759 717 2817 761 et
2856 706 3165 778 dormietis,
3212 720 3270 768 et
3312 733 3421 773 non
3454 719 3602 788 erit,

2017 788 2175 858 221
2218 790 2312 859 qui
2338 801 2613 850 exterreat
2639 812 2757 862 vos,
2784 806 2840 852 et
2859 802 3085 870 perdam
3106 807 3277 863 malas
3302 810 3506 871 bestias
3533 816 3602 873 de

2020 891 2169 938 terra
2221 893 2409 940 vestra
2448 887 2514 941 ⁸⁸.
2549 907 2567 939 ι
2598 889 2865 961 Intelligis
2922 904 3126 964 quanta
3149 915 3280 956 cura
3306 913 3471 976 atque
3502 909 3602 965 be-

2016 972 2282 1044 nignitate
2310 975 2569 1047 dignetur
2593 979 2827 1050 probum
2849 983 3053 1049 virum,
3085 996 3141 1042 et
3163 989 3323 1046 bonis
3341 972 3603 1065 operibus

2016 1063 2285 1129 deditum,
2313 1075 2369 1120 et
2402 1067 2497 1138 qui
2528 1067 2701 1139 legem
2739 1077 3105 1131 revereatur?
3140 1079 3275 1134 Nam
3317 1063 3600 1156 tempesti—

2015 1171 2146 1209 vum
2176 1155 2411 1211 imbrem
2438 1167 2604 1228 atque
2639 1163 2942 1218 serotinum
2962 1207 2977 1230 ,
3029 1166 3358 1242 frugumque
3387 1178 3600 1246 copiam

2016 1245 2121 1300 sibi
2152 1247 2387 1302 invicem
2418 1250 2828 1308 succedentium
2849 1296 2862 1319 ,
2890 1259 3154 1330 panisque
3179 1245 3518 1332 satietatem,
3546 1279 3601 1325 ct

2015 1337 2421 1394 esculentorum
2449 1342 2675 1398 uberem
2719 1343 2982 1414 fructum,
3017 1366 3207 1420 pacem
3235 1367 3498 1423 praeterea
3542 1376 3599 1415 se

2015 1426 2341 1499 largiturum
2374 1432 2685 1502 pollicetur.
2711 1437 2872 1509 Legis
2893 1442 3039 1496 enim
3078 1460 3268 1499 verum
3309 1448 3598 1515 cultorem,

2016 1529 2072 1575 et
2096 1536 2288 1577 eorum
2314 1540 2435 1594 qua:
2457 1525 2569 1581 Deo
2606 1528 2823 1599 placent
2841 1534 3253 1603 cupidissimum
3278 1549 3597 1605 amatorem,

2016 1612 2322 1669 caelestium
2353 1615 2624 1673 bonorum
2666 1621 3003 1680 abundantia
3037 1625 3300 1684 inebriari
3336 1648 3436 1702 par
3471 1646 3555 1690 cst
3585 1654 3596 1686 :

2015 1703 2107 1758 illa
2147 1721 2382 1776 namque
2410 1711 2712 1779 spiritualis
2760 1724 2816 1770 et
2854 1732 3091 1788 superna
3140 1724 3443 1780 consolatio
3465 1728 3597 1797 justi

2014 1796 2119 1850 viri
2150 1798 2395 1853 animum
2423 1810 2681 1873 tanquam
2725 1808 2927 1878 pingue
2955 1812 3130 1864 solum
3182 1829 3247 1867 ac
3284 1814 3464 1871 fertile
3494 1819 3600 1872 im-

338 1890 539 1959 ματική
572 1906 631 1942 τε
665 1889 760 1942 καί⁵
792 1889 998 1944 ἀνωθεν
1030 1891 1187 1945 ὑετοῦ
1226 1892 1577 1963 κατάρδουσα
1598 1891 1779 1963 δίκην,
1812 1908 1910 1945 κα-

2012 1887 2129 1943 bris
2169 1890 2340 1946 instar
2383 1893 2618 1965 irrigans
2645 1937 2659 1959 ,
2709 1900 2943 1955 maxime
2988 1902 3246 1971 laetiﬁcat,
3270 1917 3331 1961 ut
3350 1908 3510 1980 juges
3539 1922 3596 1965 et
3628 1900 3633 1905 ’

331 1982 648 2053 τευφραίνει
672 1982 816 2047 λίαν,
852 1982 928 2046 ὡς
950 1982 1210 2055 ἀνελλιπῆ
1237 1985 1332 2037 καὶ
1355 1984 1517 2039 οἱονεί
1543 1984 1912 2054 παμποίκιλον

330 2072 431 2143 τῆς
467 2075 549 2137 εἰς
582 2073 714 2129 Θεὸν
746 2075 1032 2139 εὐσεϐείας
1061 2075 1309 2146 ἐκφαίνει
1343 2077 1554 2148 καρπόν
1575 2092 1589 2108 ⁶
1623 2079 1813 2150 εἰρήνη
1852 2078 1911 2132 δὲ

333 2168 608 2232 στεφανοῖ,
654 2164 754 2237 τήν
781 2167 862 2230 εἰς
890 2166 953 2219 τὸ
985 2161 1044 2221 εὖ
1079 2163 1220 2221 εἶναι
1264 2167 1526 2240 διαμονὴν
1564 2169 1908 2241 εἰσφέρουσα.

330 2254 539 2326 Γράφει
562 2256 694 2327 γοῦν
723 2259 818 2312 καὶ
838 2260 866 2313 ὁ
897 2258 1135 2325 Παῦλος·
1170 2278 1190 2312 ι
1226 2259 1337 2315 Καὶ
1365 2262 1399 2331 ή
1419 2261 1611 2332 εἰρήνη
1640 2261 1733 2315 τοῦ
1752 2261 1909 2327 Θεοῦ,

330 2348 367 2418 ἡ
399 2348 748 2421 ὑπερέχουσα
792 2350 971 2406 πάντα
1017 2351 1163 2417 νοῦν,
1200 2353 1501 2425 φρουρήσει
1539 2353 1638 2418 τὰς
1687 2355 1912 2426 καρδίας

333 2440 508 2510 ὑμῶν,
541 2443 636 2495 καί⁸
684 2442 754 2497 τά
784 2445 1029 2515 νοήματα
1067 2445 1243 2516 ὑμῶν.
1290 2464 1311 2498 ι
1359 2445 1417 2500 '0
1444 2447 1541 2516 τῆς
1577 2448 1791 2502 τοιᾶσδε
1819 2446 1911 2501 οὖν

332 2531 481 2602 παρά
514 2531 652 2587 Θεοῦ
683 2532 999 2606 φιλοτιμίας
1040 2534 1381 2608 τετυχηκὼς,
1424 2538 1697 2609 ἀπόλεμον
1725 2556 1783 2592 τε
1818 2541 1911 2594 καὶ

328 2625 603 2695 εἰρηναίον
641 2625 938 2681 διατελέσει
979 2626 1115 2698 βίον,
1157 2630 1397 2694 εἰκοντος
1435 2629 1653 2701 ἐχθροῦ,
1686 2632 1910 2686 πίπτον-

327 2714 418 2779 τός
433 2731 497 2768 τε
527 2717 623 2770 καὶ
647 2719 934 2789 οἰχομένου
960 2720 1100 2793 πρὸς
1116 2720 1176 2774 τὸ
1207 2722 1375 2793 μηδὲν
1400 2722 1495 2775 τοῦ
1517 2722 1910 2795 ἀνθεστηκότος

330 2806 554 2873 παντὸς,
583 2810 677 2862 καὶ
705 2809 1097 2883 ἀπρακτούσης
1122 2811 1313 2882 ἐφόδου
1342 2812 1673 2883 διαϐολικῆς,
1704 2816 1798 2869 καὶ
1820 2815 1912 2883 φό-

329 2895 428 2952 ϐου
485 2901 690 2963 παντὸς
721 2901 967 2956 ἐκποδὼν
1012 2903 1183 2966 ἰόντος
1232 2903 1491 2968 εὐκόλως.
1528 2904 1632 2959 Τὸν
1663 2905 1825 2960 αὑτὸν
1853 2906 1910 2960 δὲ

327 2989 539 3043 τουτονὶ
568 2989 731 3060 νόμον
764 2990 858 3044 καὶ
887 2992 947 3044 ἐν
976 2991 1054 3063 τῷ
1086 2994 1496 3066 Δευτερονομίῳ
1528 2998 1911 3069 γεγραμμένον

326 3077 656 3151 εὑρήσομεν.
680 3078 825 3153 Ἔφη
842 3081 949 3152 γὰρ
980 3082 1078 3136 ὡδὶ
1095 3083 1269 3156 βραχὺ
1291 3084 1642 3157 παραλλάξας
1665 3104 1678 3120 ο
1718 3107 1736 3140 ι
1784 3088 1909 3144 Ἐἀν

324 3169 386 3225 δὲ
420 3172 562 3243 ἀκοῇ
599 3172 956 3246 εἰσακούσητε
980 3175 1162 3241 πάσας
1181 3176 1281 3241 τὰς
1311 3178 1529 3242 ἐντολὰς
1563 3179 1749 3244 αὐτοῦ,
1778 3182 1909 3247 ὅσας
1936 3209 1979 3266 c

328 3259 440 3331 ἐγὼ
490 3263 812 3335 ἐντέλλομαί
867 3283 949 3320 σοι
987 3266 1260 3341 σήμερον,
1316 3270 1535 3343 ἀγαπᾷν
1576 3272 1779 3344 Κύριον
1816 3274 1908 3329 τὸν

328 3354 463 3408 Θεόν
493 3372 611 3423 σου,
634 3358 748 3420 ,καὶ
778 3356 1065 3429 λατρεύειν
1113 3359 1265 3430 αὐτῷ
1291 3360 1351 3426 ἐξ
1380 3361 1509 3433 ὅλης
1550 3364 1648 3434 τῆς
1681 3365 1905 3436 καρδίας

331 3464 446 3512 σου,
483 3448 580 3502 καὶ
618 3447 679 3512 ἐξ
723 3449 855 3520 ὅλης
885 3451 984 3521 τῆς
1028 3452 1207 3523 ψυχῆς
1249 3470 1365 3521 σου,
1399 3455 1493 3509 καὶ
1520 3454 1682 3510 δώσει
1713 3473 1796 3509 σοι
1817 3456 1907 3511 τὸν

328 3538 482 3593 ὑετὸν
514 3538 615 3610 τῆς
651 3540 754 3611 γῆς
784 3557 900 3606 σου,
939 3542 1063 3595 καθ’
1091 3543 1241 3614 ῶραν
1280 3544 1529 3616 πρώῖμον
1568 3549 1661 3601 καὶ
1711 3548 1909 3620 ὄψιμον

329 3629 426 3684 καὶ
457 3630 714 3695 εἰσοίσεις
741 3630 833 3686 τὸν
863 3633 1011 3687 σῖτόν
1037 3651 1129 3687 σου
1157 3635 1253 3687 καὶ
1280 3635 1372 3689 τὸν
1403 3633 1544 3693 οἶνόν
1581 3655 1698 3704 σου,
1731 3641 1823 3695 καὶ
1850 3640 1909 3694 τὸ

327 3719 509 3773 ἔλαιόν
563 3736 678 3787 σου,
707 3722 803 3776 καὶ
844 3721 1039 3787 δώσεις
1070 3724 1425 3795 χορτάσματα
1462 3728 1521 3779 ἐν
1566 3730 1680 3791 τοίς
1718 3730 1910 3800 ἀγροῖς

335 3829 430 3865 σου
478 3812 591 3875 τοῖς
620 3812 840 3883 κτήνεσί
872 3831 988 3867 σου.
1026 3833 1045 3865 ι
1081 3814 1293 3868 Οὐκοῦν
1334 3817 1394 3870 τὸ
1424 3817 1523 3887 μὲν
1561 3819 1810 3890 εὐτεχνές
1848 3838 1908 3873 τε

332 3907 425 3960 καὶ
454 3905 746 3980 εὔρυθμον,
766 3911 849 3975 είς
872 3928 935 3981 γε
952 3910 1014 3965 τὸ
1034 3911 1239 3983 χρῆναι
1261 3910 1503 3983 πληροῦν
1522 3910 1557 3966 ἀ
1581 3911 1645 3966 ἂν
1668 3912 1910 3984 βούλοιτο

328 3997 479 4062 Θεὸς,
517 4001 547 4069 ή
582 4000 675 4054 τοῦ
715 4001 879 4071 νόμου
924 4003 1211 4075 μελέτησις
1253 4006 1372 4066 ταῖς
1402 4003 1698 4075 ἡμετέραις
1740 4006 1909 4059 εἰσοι-

329 4094 529 4145 κιεῖται
569 4092 792 4165 ψυχαῖς.
832 4095 1061 4167 Ίδρῶτα
1104 4095 1161 4148 δὲ
1206 4095 1297 4149 τὸν
1346 4095 1437 4148 ἐπ’
1484 4095 1708 4169 ἀρεταῖς
1730 4097 1908 4152 οἰστὸν

326 4183 619 4251 ἀποφαίνει
646 4184 757 4239 τῶν
785 4186 1211 4257 ἐπηγγελμένων
1239 4188 1271 4257 ή
1308 4186 1515 4256 ἔφεσις.

394 4275 606 4329 ΠΑΛΛ.
667 4274 922 4345 Ἀληθές’
966 4276 1345 4346 συναινέσαιμι
1397 4276 1526 4346 γάρ,
1577 4278 1672 4330 καὶ
1705 4279 1910 4348 σφόδρα

327 4366 572 4429 εἰκότως.
617 4364 867 4434 Ἀγάπης
910 4363 968 4416 δὲ
1012 4362 1113 4434 τῆς
1139 4368 1221 4429 εἰς
1264 4364 1355 4419 τὸν
1385 4365 1638 4437 πλησίον,
1682 4368 1803 4420 τίνα
1844 4368 1909 4437 δὴ

327 4457 524 4524 τρόπον
555 4457 877 4528 διαπερανεῐ
915 4473 1001 4521 τις
1030 4456 1097 4511 ἂν
1125 4457 1220 4510 τὸν
1254 4458 1439 4527 νόμον,
1480 4456 1599 4529 ὥρα
1636 4458 1834 4527 λέγειν,
1863 4453 1909 4515 ὦ

326 4544 444 4598 τάν.

395 4633 564 4687 ΚΥΡ.
614 4631 774 4688 Ἰτέον
801 4634 866 4705 δὴ
896 4628 990 4689 οὖν
1026 4634 1111 4686 ἐπ’
1142 4632 1273 4687 αὐτὸ
1296 4632 1360 4704 δὴ
1391 4634 1569 4688 τοῦτο.
1599 4632 1709 4687 Καὶ
1729 4634 1794 4704 δὴ
1816 4633 1908 4687 λέ-

2011 1979 2168 2048 quasi
2209 1981 2541 2053 multiplices
2584 1984 2641 2039 in
2688 1986 2861 2042 Deum
2923 1990 3143 2060 pietatis
3190 1994 3404 2055 fructus
3424 1979 3599 2058 dedere

2011 2070 2183 2139 possit
2209 2090 2221 2126 :
2248 2089 2352 2143 pax
2385 2092 2517 2131 vero
2547 2078 2803 2133 eumdem
2827 2092 3075 2150 coronat,
3100 2102 3221 2156 quae
3264 2088 3514 2161 largitur,
3539 2105 3600 2150 ut

2013 2161 2068 2215 in
2115 2178 2203 2229 eo,
2263 2168 2408 2235 quod
2470 2168 2610 2224 bene
2656 2180 2759 2237 est,
2800 2173 2977 2229 valeat
3030 2193 3375 2247 permanere.
3410 2183 3597 2256 Itaque

2012 2252 2206 2307 scribit
2234 2255 2436 2312 Paulus
2467 2277 2477 2311 :
2534 2277 2552 2309 ‹
2604 2259 2671 2314 Ει
2697 2277 2803 2331 pax
2837 2263 2958 2331 Dei,
2988 2281 3109 2335 qua:
3136 2281 3432 2341 exsuperat
3477 2252 3598 2330 oin-

2011 2360 2137 2399 nem
2164 2361 2386 2403 sensum
2406 2390 2420 2415 ,
2446 2352 2721 2407 custodiat
2742 2356 2907 2411 corda
2940 2369 3122 2414 vestra
3142 2401 3156 2427 ,
3183 2372 3238 2416 ct
3284 2363 3597 2438 intelligen-

2015 2435 2117 2491 tias
2141 2447 2351 2494 vestras
2376 2440 2441 2495 ⁸⁴¹.
2478 2460 2496 2492 ι
2535 2441 2796 2514 Quisquis
2826 2447 2991 2518 igitur
3030 2452 3299 2522 ejusmodi
3332 2456 3427 2512 Dei
3461 2435 3598 2514 libe-

2012 2529 2287 2586 ralitatem
2330 2543 2526 2589 nactus
2570 2538 2708 2601 erit,
2756 2539 2802 2593 is
2846 2540 3008 2597 bellis
3060 2560 3309 2614 vacuam,
3355 2566 3418 2605 ac
3444 2552 3597 2622 pacis

2010 2619 2225 2689 plenam
2255 2622 2424 2682 vitam
2460 2627 2751 2695 traducet;
2793 2631 2953 2686 cedet
2998 2633 3173 2690 hostis
3206 2619 3506 2711 cadetque,
3539 2655 3598 2699 et

2011 2707 2078 2762 ad
2118 2711 2353 2769 nihilum
2400 2719 2609 2773 recidet
2649 2722 2919 2793 quidquid
2965 2725 3219 2795 obsistit,
3258 2740 3315 2786 et
3360 2707 3599 2805 impetus

2010 2803 2316 2862 diabolicus
2340 2807 2535 2864 irritus
2558 2810 2685 2877 erit,
2711 2822 2768 2868 et
2793 2815 2956 2871 timor
2982 2819 3164 2874 omnis
3195 2820 3353 2878 facile
3371 2803 3597 2896 propul-

2010 2897 2239 2952 sabitur.
2270 2898 2423 2955 Hanc
2452 2903 2698 2958 eamdem
2716 2904 2891 2976 legem
2922 2907 2979 2963 in
3009 2910 3437 2971 Deuteronomio
3458 2933 3599 2988 quo-

2009 3000 2116 3057 que
2144 2987 2474 3059 descriptam
2502 2993 2841 3063 reperiemus
2866 3013 2881 3062 ;
2924 2997 3003 3052 sic
3031 2999 3181 3055 enim
3206 3002 3365 3070 dixit,
3407 3008 3598 3076 paucis

2008 3082 2335 3151 permutatis
2360 3102 2372 3138 :
2410 3103 2427 3135 ι
2461 3085 2516 3140 Si
2542 3100 2672 3141 vero
2696 3089 2887 3144 auditu
2913 3092 3202 3150 audieritis
3226 3099 3409 3154 omnia
3444 3116 3599 3156 man-

2010 3172 2136 3229 data
2155 3174 2292 3246 ejus,
2319 3192 2441 3246 quas
2480 3193 2581 3249 ego
2608 3160 2807 3235 mando
2834 3181 2933 3237 tibi
2967 3183 3129 3239 hodie
3148 3226 3161 3250 ,
3191 3195 3252 3240 ut
3273 3187 3468 3259 diligas
3488 3192 3597 3246 Do-

2012 3265 2219 3321 minum
2242 3268 2414 3323 Deum
2444 3278 2618 3335 tuum,
2647 3280 2702 3326 et
2723 3274 2933 3329 servias
2952 3275 3033 3329 illi
3064 3291 3132 3331 ex
3150 3288 3264 3333 toto
3291 3281 3458 3336 corde
3480 3292 3594 3348 tuo,

2007 3361 2063 3409 et
2098 3371 2166 3410 ex
2200 3364 2312 3412 tota
2344 3358 2525 3413 anima
2576 3367 2688 3426 tua,
2740 3374 2795 3417 et
2818 3362 2972 3420 dabit
3018 3365 3116 3423 tibi
3146 3367 3389 3437 pluviam
3437 3380 3597 3428 terra!

2007 3454 2115 3501 tuae
2159 3462 2258 3502 suo
2290 3457 2536 3520 tempore
2571 3453 2951 3523 tempestivam
2975 3464 3031 3510 et
3072 3460 3389 3525 serotiuam,
3420 3471 3476 3517 et
3507 3478 3596 3516 rc-

2006 3538 2209 3594 condes
2240 3540 2483 3595 triticum
2531 3536 2812 3609 tuumfet
2834 3546 3021 3600 viuum
3071 3555 3225 3602 tuum
3252 3588 3267 3614 ,
3314 3558 3371 3604 et
3412 3551 3595 3606 oleum

2007 3638 2184 3696 tuum,
2210 3639 2266 3685 et
2287 3631 2443 3686 dabis
2474 3633 2673 3702 pabula
2698 3633 2752 3688 in
2791 3636 2935 3706 agris
2968 3638 3588 3709 tuisjumentistuis".i

2008 3720 2179 3792 Igitur
2210 3723 2321 3776 vim
2368 3724 2473 3778 rite
2510 3731 2566 3777 et
2621 3733 2746 3795 apte
2789 3742 2852 3780 ea
2906 3729 3260 3799 exsequendi,
3302 3747 3423 3801 qua:
3465 3733 3597 3788 velit

2008 3812 2184 3878 Deus,
2210 3813 2345 3885 legis
2378 3814 2663 3871 meditatio
2704 3819 2909 3872 nostris
2949 3819 3149 3874 animis
3195 3823 3538 3892 comparabit
3579 3842 3591 3876 :

2008 3905 2266 3961 sudorem
2292 3923 2459 3977 porro
2504 3924 2604 3979 pro
2630 3910 2833 3965 virtute
2864 3920 3203 3982 susceptum,
3246 3916 3595 3973 tolerabilem

2008 3999 2204 4057 reddet
2230 4001 2626 4071 promissorum
2665 4003 2935 4060 bonorum
2990 4020 3164 4060 amor.

2084 4264 2281 4319 PALL.
2334 4265 2414 4319 lta
2455 4272 2540 4320 est
2574 4268 2887 4320 :assentior
2911 4268 3082 4331 enim,
3114 4275 3170 4321 et
3208 4268 3432 4337 quidem
3471 4272 3594 4342 jure

2011 4354 2241 4422 optimo.
2280 4354 2386 4409 Sed
2411 4356 2524 4437 jam
2549 4362 2767 4425 tempus
2804 4364 2888 4409 est
2912 4356 3224 4425 explicandi
3255 4374 3362 4427 qua
3384 4360 3595 4416 ratione

2010 4445 2185 4516 legem
2220 4446 2287 4501 de
2304 4445 2585 4517 diligendo
2613 4446 2862 4516 proximo
2883 4448 3149 4517 perﬁcere
3172 4450 3444 4519 quispiam
3468 4468 3588 4523 pos-

1938 4571 1984 4627 ι)
2013 4537 2103 4591 sit.

2086 4627 2241 4683 CYR.
2279 4629 2449 4699 lgitur
2464 4629 2533 4684 ad
2568 4629 2710 4684 hanc
2736 4629 2907 4700 ipsam
2943 4630 3369 4702 disputationem
3394 4643 3477 4690 est
3503 4651 3595 4691 ac-

328 4743 518 4798 γομεν,
547 4728 662 4789 τοῖς
710 4727 877 4798 ἱεροῖς
920 4724 1186 4796 ἑπόμενοι
1230 4725 1688 4797 Γράμμασιν,ὄτι
1733 4726 1908 4797 Μωσῇ

2016 4722 2343 4779 cedendum.
2374 4723 2535 4792 222
2568 4722 2758 4793 Itaque
2792 4722 3028 4779 dicimus
3047 4740 3330 4779 sacrarum
3354 4726 3596 4782 Littera-

332 4819 703 4889 προστέταχεν
724 4820 751 4872 ὁ
776 4820 883 4871 τῶν
912 4820 1049 4873 ὅλων
1070 4818 1350 4889 Δεσπότης
1375 4817 1527 4884 Θεὸς,
1553 4806 1911 4888 ἐξεκκλησιά-

334 4927 421 4963 σαι
447 4911 539 4963 τὸν
571 4911 720 4973 λαὸν,
761 4910 856 4963 καὶ
886 4909 991 4962 ὑπὸ
1030 4910 1091 4963 τὸ
1123 4911 1254 4963 Σινᾶ
1293 4908 1627 4980 καλούμενον
1658 4910 1780 4980 ὅρος
1816 4928 1912 4962 κα-

332 5003 531 5074 θαρούς
568 5020 628 5055 τε
675 5002 770 5055 καὶ
808 5003 1174 5074 ήγνισμένους
1218 4999 1276 5056 εὖ
1336 5002 1485 5073 μάλα
1532 5005 1907 5071 συνενεγκεῖν·

333 5096 746 5151 ἁποπλύνασθαι
768 5096 876 5167 γὰρ
902 5098 1011 5151 δεῖν
1041 5097 1111 5150 τά
1133 5098 1333 5168 ἄμφια,
1370 5097 1463 5150 καὶ
1487 5098 1585 5167 τῆς
1609 5099 1689 5160 εἰς
1720 5088 1910 5166 γυναῑ·

333 5202 429 5250 κας
466 5188 659 5258 ἡδονῆς
697 5186 929 5257 ὁρᾶσθαι
975 5188 1238 5258 βελτίους,
1270 5190 1351 5252 εἰς
1394 5191 1542 5255 τρεῖς
1594 5189 1911 5259 διατέταχεν

329 5279 562 5350 ἡμέρας,
594 5278 680 5331 διά
699 5278 807 5332 τῶν
834 5279 894 5331 ἐν
919 5279 1168 5351 αἰσθήσει
1199 5280 1296 5333 καὶ
1329 5279 1539 5350 ὁρατῶν
1568 5280 1911 5350 πραγμάτων

330 5369 612 5440 σημαίνων
642 5370 708 5423 τά
739 5370 910 5441 νοητά
933 5388 946 5401 ·
986 5369 1261 5441 λαμπροῖς
1291 5372 1400 5443 γὰρ
1443 5371 1633 5442 ὥσπερ
1664 5371 1908 5441 ἀμφίοις,

2018 4832 2141 4871 rum
2174 4814 2402 4886 vestigia
2428 4823 2844 4885 persequentes,
2876 4815 3043 4887 Moysi
3069 4818 3393 4888 praecepisse
3425 4818 3598 4874 Deum

2018 4907 2171 4961 illum
2203 4906 2590 4961 universorum
2619 4905 2935 4973 Dominum,
2971 4915 3032 4962 ut
3069 4918 3397 4963 convocaret
3422 4926 3597 4980 popu-

2018 4996 2153 5061 lum,
2185 5003 2241 5051 et
2262 5010 2357 5050 eos
2379 4996 2483 5050 sub
2510 5005 2773 5062 montem,
2808 4997 3030 5069 nomine
3059 4998 3209 5065 Sina,
3236 5016 3402 5070 puros
3434 5010 3598 5070 atque

2013 5088 2381 5144 sanctiﬁcatos
2401 5088 2732 5159 perduceret
2759 5107 2770 5144 :
2791 5090 2957 5162 jussit
2977 5093 3123 5148 enim
3146 5091 3371 5146 abluere
3395 5099 3595 5155 vestes,

2011 5191 2067 5237 et
2092 5199 2121 5237 a
2151 5182 2445 5236 mulierum
2477 5198 2775 5254 congressu
2802 5199 2902 5254 per
2934 5191 3047 5237 tres
3075 5183 3193 5237 dies
3216 5182 3514 5236 abstinere.
3540 5182 3595 5235 In

2013 5291 2123 5346 quo
2148 5290 2248 5345 per
2269 5291 2353 5341 ea,
2379 5290 2501 5345 quae
2522 5276 2776 5331 sensibus
2793 5275 3038 5345 exposita
3063 5283 3119 5329 et
3140 5272 3491 5343 aspectabilia
3513 5289 3603 5341 ge~

2014 5369 2296 5434 rebantur,
2320 5368 2627 5438 spiritualia
2649 5366 2975 5437 significavit
2998 5383 3011 5418 :
3039 5362 3341 5434 splendidis
3362 5379 3599 5432 namque

327 5466 441 5526 τοῖς
478 5461 540 5526 ἐξ
576 5462 783 5532 ἀρετῶν
822 5462 1105 5532 αὐχήμασι
1143 5462 1667 5532 κατηγλαῖσμένους,
1706 5464 1799 5516 καὶ
1844 5466 1909 5533 τῇ

2012 5460 2254 5513 vestibus
2274 5458 2701 5529 quodammodo,
2727 5457 3015 5521 virtutum,
3040 5455 3283 5526 inquam,
3309 5470 3599 5509 ornamen-

330 5555 472 5609 κατὰ
495 5554 620 5608 νοῦν
642 5553 962 5625 φαιδρότητι
991 5552 1416 5623 διαπρέποντας,
1440 5555 1533 5608 καὶ
1558 5553 1911 5624 φιλοσαρκίας

332 5646 551 5717 ἀπάσης
610 5646 702 5698 καὶ
756 5643 1050 5714 μολυσμῶν
1098 5643 1359 5710 ἐπιγείων
1427 5645 1906 5715 ἀπηλλαγμένους,

339 5825 379 5858 ⁸⁵
416 5828 595 5884 Levit.
628 5843 770 5881 xxvi.
816 5825 930 5879 3-5.

1010 5822 1313 5890 “Philipp.
1364 5822 1498 5891 1",7.
1576 5823 1615 5853 ⁵⁷
1664 5824 1817 5875 litin.
1859 5840 1929 5883 τι,

1981 5823 1998 5873 l

2008 5553 2079 5606 tis
2120 5554 2457 5614 honestatos,
2498 5560 2553 5604 et
2598 5548 2767 5603 animi
2806 5547 3083 5602 hilaritate
3131 5546 3393 5617 insignes,
3443 5553 3499 5598 et
3532 5543 3600 5596 ab

2007 5647 2155 5699 omni
2203 5645 2385 5699 carnis
2428 5644 2708 5712 voluptate
2763 5657 2828 5697 ac
2881 5640 3121 5695 terrenis
3168 5633 3599 5710 inquinamentis

2013 5823 2063 5885 ξς,
2106 5824 2180 5873 12..
