4138 6300
558 322 662 378 487
1585 318 1642 374 5.
1684 318 1957 375 CYRILLI
1990 286 2470 373 'ALEXANDRINI
2510 316 2828 372 ARCHIEP.
3719 317 3821 372 488

557 436 768 493 alienos
787 437 853 492 ad
877 437 973 492 Dei
996 445 1351 507 conspectum
1382 450 1567 490 venire
1601 435 1780 502 decet,
1817 439 2139 492 instituente
2171 449 2191 500 ,Δ

2185 449 2212 500 η
2243 435 2404 488 οἱονεί
2426 453 2542 497 πως
2565 436 2643 498 είς
2671 433 2793 502 ὄψιν
2822 432 2958 485 ίέναι
2985 430 3184 502 πρέπει
3211 429 3369 496 Θεοῦ,
3404 430 3819 499 παιδαγωγοῦν-

559 542 661 583 nos
691 527 760 581 ad
791 542 912 582 eam
951 541 1067 580 rem
1096 526 1234 597 lege,
1277 535 1338 580 ut
1360 534 1509 583 certe
1542 527 1753 598 Moyses
1781 536 1996 582 veteres
2021 527 2142 581 illos

2243 545 2335 590 τος
2363 529 2512 598 ἡμᾶς
2545 529 2624 590 είς
2650 525 2808 579 τοῦτο
2844 523 2940 578 τοῦ
2973 525 3162 594 νόμου,
3204 523 3456 594 καθάπερ
3504 521 3699 594 ἀμέλει
3730 525 3821 577 καὶ

560 618 881 674 instituebat
913 635 926 672 :
950 634 1076 673 nam
1102 618 1193 673 illa
1221 618 1407 690 figurae
1429 629 1588 674 erant
1611 620 1890 674 veriorum
1929 636 2137 674 rerum.

2241 618 2367 683 τοὺς
2401 619 2568 673 πάλαι
2591 617 2818 687 Μωσῆς
2855 618 3014 670 τύποι
3040 617 3149 688 γὰρ
3178 611 3320 688 ἦσαν
3341 619 3525 670 ἐκεῖνα
3555 616 3662 670 τῶν
3695 618 3823 690 ἀλη-

557 707 759 777 lllaque
780 723 880 778 per
908 707 1372 778 sapientissimum
1393 709 1574 763 virum
1600 709 1822 780 Moysen
1843 709 2137 772 institutio,

2242 711 2532 781 θεστέρων.
2581 710 2692 763 Καὶ
2723 712 2756 780 ἡ
2783 709 2870 762 διὰ
2913 707 3008 762 τοῦ
3045 708 3324 774 πανσόφου
3355 706 3601 771 Μωσέως
3631 709 3822 762 παιδα-

557 800 902 871 disciplinam
933 800 1069 871 legis
1097 799 1165 854 ad
1201 799 1482 855 Christum
1523 802 1906 872 perducentis,
1945 803 2141 872 priscis

2241 804 2439 871 γωγία,
2475 803 2575 873 τὴν
2605 802 2696 856 διὰ
2738 801 2831 854 τοῦ
2871 802 3038 872 νόμου
3075 799 3358 853 παίδευσιν
3392 799 3820 869 ἀποκομίζοντος

559 891 875 947 hominibus
909 889 1195 961 ﬁgurabat.
1231 890 1314 945 Ad
1339 891 1454 945 haec
1487 891 1622 945 illud
1650 907 1867 961 quoque
1889 890 2138 946 animad—

2239 897 2317 958 είς
2349 895 2604 966 Χριστὸν,
2633 893 2911 946 ὑπετύπου
2938 895 3050 955 τοῖς
3073 890 3468 962 ἀρχαιοτέροις.
3506 890 3820 962 Ἐπιτηρεῖν
3855 890 3857 892 ’

559 983 812 1038 versione
841 982 1066 1053 dignum
1099 990 1203 1047 est,
1234 998 1435 1036 munus
1457 982 1606 1035 enim
1641 998 1705 1036 ac
1729 997 1964 1052 persona
1998 983 2138 1053 ejus,

2239 984 2294 1036 δὲ
2330 984 2467 1056 πρὸς
2501 983 2709 1046 τούτοις
2741 982 2890 1050 ἄξιον
2919 984 3141 1036 κακεῖνο
3173 976 3327 1050 οἶμαί
3356 995 3481 1034 που.
3506 981 3579 1033 Τὸ
3604 981 3715 1051 γάρ
3739 999 3817 1034 τοι

555 1074 652 1143 qui
684 1074 976 1128 instituere
1001 1073 1217 1136 debeat,
1254 1072 1311 1126 in
1333 1073 1499 1145 Moysi
1526 1089 1762 1143 persona
1792 1075 1996 1143 optime
2021 1089 2141 1128 ser-

2239 1076 2428 1147 χρῆμά
2451 1093 2511 1129 τε
2544 1077 2638 1129 καὶ
2667 1076 2959 1145 πρόσωπον
2988 1072 3082 1127 τοῦ
3107 1072 3474 1141 παιδαγωγεῖν
3491 1071 3814 1140 ὀφείλοντος,

556 1173 720 1219 vatur
751 1183 765 1217 :
805 1180 984 1235 neque
1013 1165 1161 1220 enim
1203 1164 1269 1218 ad
1313 1179 1371 1220 se
1406 1165 1689 1235 populum,
1737 1164 1832 1219 sed
1867 1164 1934 1218 ad
1968 1165 2138 1218 Deum

2239 1167 2295 1221 ἐν
2315 1184 2378 1234 γε
2408 1166 2485 1237 τῷ
2511 1167 2756 1230 Μωσέως
2773 1164 3050 1236 προσώπῳ
3073 1166 3371 1234 τετήρηται
3394 1162 3594 1226 καλῶς·
3620 1163 3680 1216 ού
3713 1163 3817 1235 γὰρ

558 1264 818 1325 tanquam
849 1255 917 1310 ad
948 1255 1314 1326 legislatorem
1343 1263 1398 1308 et
1424 1255 1728 1319 doctorem,
1758 1271 1822 1309 ac
1846 1272 2029 1310 rerum
2057 1255 2158 1310 [ιι-ο

2239 1256 2420 1326 ἑαυτῷ
2444 1258 2807 1328 παρέστησεν,
2838 1255 2974 1308 ἀλλά
3012 1254 3131 1326 Θεῷ
3172 1253 3265 1307 τὸν
3303 1253 3451 1317 λαὸν,
3490 1253 3655 1305 οἱονεί
3706 1271 3816 1318 πως

557 1344 878 1398 ciendarum
901 1352 1184 1399 auctorem
1206 1344 1454 1399 adduxit.
1481 1344 1593 1399 Lex
1617 1360 1856 1415 quoque,
1891 1362 2012 1415 qua:
2041 1361 2140 1415 per

2241 1346 2544 1418 θεσμοθέτῃ
2585 1347 2679 1400 καὶ
2717 1345 3023 1415 διδασκάλῳ
3073 1343 3167 1397 καὶ
3220 1341 3328 1396 τῶν
3376 1341 3664 1419 πρακτέων
3708 1343 3817 1393 εισ-

556 1434 796 1489 litteram
818 1435 1160 1500 instituebat,
1187 1451 1300 1489 non
1330 1436 1397 1490 ad
1428 1451 1488 1491 se
1509 1453 1610 1491 nos
1640 1438 1915 1506 perduxit,
1952 1438 2045 1492 sed
2070 1437 2139 1491 ad

2239 1441 2439 1510 ηγητῇ.
2473 1437 2845 1510 Προσεκόμιζε
2872 1437 2927 1490 δὲ
2957 1437 3054 1489 καὶ⁹
3083 1437 3228 1506 ἡμᾶς
3270 1435 3368 1504 οὐχ
3403 1432 3578 1504 ἑαυτῷ
3601 1431 3691 1486 διὰ
3722 1432 3812 1485 τοῦ

555 1526 729 1581 Deum
756 1527 1017 1592 Verbum,
1053 1528 1150 1597 qui
1188 1537 1414 1598 propter
1448 1542 1550 1582 nos
1585 1527 1921 1583 descendite
1960 1530 2134 1584 caelis.

2238 1531 2567 1602 γράμματος
2610 1529 2960 1597 παιδαγωγὸς
3009 1526 3085 1580 ὢν
3123 1529 3152 1580 6
3203 1526 3388 1595 νόμος,
3438 1525 3574 1579 ἀλλὰ
3624 1523 3702 1594 τῷ
3749 1523 3812 1576 δι’

555 1616 697 1670 Num
722 1617 822 1672 tibi
842 1633 1100 1672 verarum
1129 1617 1610 1690 intelligentiarum
1634 1620 1858 1691 vestigia
1885 1621 2137 1690 persequi

2238 1621 2388 1691 ἡμᾶς
2423 1620 2480 1686 ἐξ
2515 1619 2743 1690 οὐρανοῦ
2793 1620 3255 1688 καταφοιτήσαντι
3294 1616 3413 1688 Θεῷ
3445 1617 3623 1687 Λόγῳ.
3667 1613 3813 1687 *Αρά

556 1716 744 1762 nostra
772 1709 995 1764 videtur
1025 1711 1240 1766 oratio?
2171 1769 2190 1783 ,

2177 1769 2208 1783 n
2240 1729 2322 1765 σοι
2356 1715 2474 1766 κατ’
2501 1713 2646 1783 ἴχνος
2669 1711 2777 1767 τῶν
2799 1711 2899 1782 τῆς
2922 1709 3180 1781 ἀληθείας
3208 1708 3426 1763 ἐννοιῶν
3450 1709 3478 1760 6
3506 1708 3660 1778 λόγος
3685 1709 3811 1778 ἡμῖν

2170 1769 2578 1869 Βἱέναιδοκεῇ
2625 1769 2641 1775 ⁷
2856 1769 2895 1782 ν
3014 1769 3026 1781 '
3160 1769 3174 1773 ν
3578 1769 3591 1778 υ
3643 1769 3655 1772 ν

625 1894 822 1950 PALL.
854 1897 1084 1952 Maxime
1122 1914 1276 1953 vero.

2307 1895 2514 1948 ΠΑΛΛ.
2538 1895 2687 1948 Πάνυ
2717 1894 2815 1965 μὲν
2845 1889 2957 1948 οῦν.

623 1985 780 2042 CYR.
825 1987 1102 2058 Scriptum
1134 2000 1218 2044 est
1251 1989 1472 2060 igitur‘:
1523 2009 1540 2041 ι
1589 1989 1659 2044 Et
1696 1988 1885 2042 eduxit
1927 1988 2136 2058 Moyses

2305 1986 2470 2041 ΚΥΡ.
2495 1986 2808 2058 Γέγραπται
2832 1986 3032 2050 τοίνυν,
3058 1985 3140 2038 ὅτι
3170 2003 3188 2035 ι
3215 1985 3324 2038 Kal
3344 1969 3578 2056 ἐξήγαγε
3603 1983 3807 2054 Μωσῆς

553 2081 815 2151 populum
841 2082 894 2135 in
919 2087 1211 2136 occursum
1236 2083 1334 2136 Dei
1357 2097 1386 2137 e
1408 2083 1632 2148 castris;
1662 2091 1717 2136 et
1740 2090 2010 2137 steterunt
2031 2080 2134 2137 sub

2234 2075 2323 2129 τὸν
2349 2075 2476 2130 λαὸν
2497 2078 2577 2141 είς
2603 2079 2924 2148 συνάντησιν
2946 2077 3038 2130 τοῦ
3055 2077 3213 2142 Θεοῦ,
3233 2080 3296 2131 ὲκ
3317 2077 3418 2148 τῆς
3436 2077 3807 2150 παρεμϐολῆς,

553 2179 737 2225 monte
782 2171 932 2227 Sina.
977 2172 1130 2227 Mons
1174 2180 1359 2227 autem
1400 2172 1554 2234 Sina.
1574 2180 1720 2226 totus
1761 2172 2024 2236 fumabat,
2066 2187 2132 2226 eo

2235 2167 2328 2220 ml
2358 2169 2710 2240 παρέστησαν
2743 2169 2848 2222 ὑπὸ
2881 2169 2942 2222 τὸ
2976 2169 3099 2240 ὅρος
3133 2169 3194 2222 τὸ
3226 2170 3374 2225 Σινᾶ.
3402 2169 3474 2223 Τὸ
3511 2170 3566 2223 δὲ
3598 2171 3724 2241 ὅρος
3751 2169 3810 2222 τὸ

550 2262 696 2331 quod
727 2261 1099 2318 descendisset
1153 2263 1416 2318 Dominus
1459 2278 1624 2333 super
1677 2264 1856 2333 ipsum
1894 2263 1950 2316 in
1972 2263 2129 2333 igne:

2235 2259 2365 2310 Σινᾶ
2403 2257 2728 2323 ἐκαπνίζετο
2755 2259 2875 2312 ὅλον
2918 2257 3007 2312 διὰ
3047 2259 3108 2312 τὸ
3140 2260 3570 2331 καταϐεϐηκέναι
3607 2259 3808 2330 Κύριον

549 2362 606 2407 et
639 2354 971 2409 ascendebat
1007 2354 1190 2409 fumus
1244 2364 1502 2425 tanquam
1541 2356 1726 2410 fumus
1768 2356 2006 2411 fornacis
2036 2375 2047 2409 :
2077 2366 2134 2412 et

2234 2347 2320 2400 ἐπ’
2351 2348 2517 2401 αὑτοῦ
2539 2349 2596 2400 ἐν
2625 2348 2781 2420 πυρὶ,
2803 2348 2897 2402 καὶ
2920 2348 3200 2403 ἀνέϐαινεν
3221 2350 3250 2401 6
3277 2348 3482 2412 καπνὸς
3502 2350 3578 2413 ὡς
3605 2349 3809 2412 καπνὸς

545 2443 846 2500 exterritus
877 2451 962 2499 est
1019 2445 1198 2500 omnis
1249 2445 1484 2515 populus
1503 2445 1926 2500 valdezﬁebant
1949 2455 2131 2500 autem

2233 2438 2464 2510 καμίνου
2490 2456 2505 2470 ο
2537 2440 2630 2492 καὶ
2661 2440 2853 2510 ἐξέστη
2900 2442 3006 2504 πᾶς
3043 2441 3072 2494 6
3116 2440 3244 2504 λαὸς
3290 2442 3493 2513 σφόδρα
3515 2460 3526 2472 ·
3560 2441 3807 2512 ἐγένοντο

546 2551 711 2592 voces
741 2537 886 2592 tubae
921 2537 1282 2607 procedentes
1310 2536 1569 2591 fortiores
1601 2537 1777 2591 valde.
1820 2538 2031 2609 Moyses
2052 2538 2134 2592 lo-

2230 2529 2288 2583 δὲ
2310 2532 2364 2584 αἱ
2406 2532 2580 2600 φωναὶ
2601 2534 2698 2602 τῆς
2721 2531 3019 2600 σάλπιγγος
3049 2531 3435 2602 προϐαίνουσαι
3465 2533 3709 2605 ίσχυρότε
3721 2550 3807 2604 ραι

547 2625 846 2694 quebatur;
879 2625 1025 2680 Deus
1061 2623 1430 2694 respondebat
1469 2626 1546 2678 illi
1582 2641 1713 2680 voce
1755 2627 1821 2680 ⁵³.
1873 2646 1890 2676 ›
1937 2627 2127 2696 Igitur,

2233 2622 2458 2693 σφόδρα.
2499 2624 2707 2694 Μωσῆς
2745 2623 2954 2678 ὲλάλει’
2987 2626 3016 2677 6
3039 2623 3096 2677 δὲ
3139 2624 3275 2688 Θεὸς
3308 2624 3629 2695 ἀπεκρίνετο
3661 2625 3811 2696 αὐτῷ

546 2715 695 2784 quod
718 2716 775 2768 in
803 2722 990 2769 monte
1019 2709 1306 2770 descendit
1333 2716 1498 2779 Deus,
1539 2717 1754 2786 signum
1778 2717 2129 2786 perspicuum

2231 2717 2404 2786 (ρωνῇ.
2470 2733 2489 2765 ι
2544 2715 2618 2767 Τὸ
2659 2714 2760 2786 μὲν
2805 2710 2898 2768 οῦν
2936 2715 2995 2768 ὲν
3050 2714 3167 2786 ὄρει
3209 2716 3610 2786 καταφοιτῆσαι
3652 2717 3803 2779 Θεὸν,

545 2819 667 2860 esse
708 2805 933 2874 poterit,
988 2821 1098 2859 non
1148 2806 1302 2860 illum
1354 2807 1422 2861 ad
1468 2817 1682 2862 mentes
1733 2808 2130 2879 abjectissimas

2233 2810 2461 2878 σημεῖον
2492 2806 2556 2861 ἂν
2587 2807 2795 2876 γένοιτο
2843 2803 2938 2862 καὶ
2992 2805 3136 2877 μάλα
3183 2808 3372 2876 σαφὲς,
3409 2809 3502 2863 τοῦ
3546 2809 3805 2872 διανοίαις

545 2895 769 2959 venire;
841 2910 1020 2965 neque
1086 2911 1212 2950 cum
1283 2897 1392 2952 illis
1446 2897 1697 2953 habitare
1759 2899 1968 2965 solere,
2033 2903 2128 2972 qui

2229 2900 2393 2953 αὑτὸν
2435 2901 2495 2953 οὐ
2535 2899 2995 2970 χθαμαλωτάταις
3020 2903 3328 2974 ὲπιφοιτᾷν,
3357 2901 3480 2956 οὕτε
3516 2903 3624 2974 μὴν
3657 2905 3783 2956 ὲναυ

546 2998 818 3053 terrenos,
869 2995 926 3043 et
969 2988 1123 3042 humi
1171 2988 1413 3060 abjectos
1459 2990 1670 3046 animos
1714 2991 1982 3061 habeant;
2031 2995 2127 3050 sed

2228 2987 2473 3054 λίζεσθαι
2502 2989 2677 3059 φιλεῖν
2710 2993 2823 3054 τοῖς
2843 2992 3043 3060 γεῶδες
3086 2992 3268 3064 έχουσι
3310 2991 3404 3047 καὶ
3436 2995 3801 3068 χαμαιρῤιφὲς

547 3092 673 3134 cum
706 3092 794 3144 eo,
835 3079 991 3150 cujus
1034 3079 1250 3135 animus
1299 3080 1356 3135 in
1400 3081 1635 3136 sublime
1679 3084 2031 3150 conscendat,
2073 3095 2181 3154 et(

2169 3096 2196 3154 ς
2227 3082 2287 3135 τὺ
2311 3081 2586 3154 φρόνημα,
2618 3081 2732 3134 ἀλλ’
2758 3083 2866 3154 ὅτῳ
2889 3100 2992 3156 περ
3012 3083 3080 3138 ἂν
3106 3087 3135 3138 6
3157 3083 3282 3149 νοῦς
3293 3084 3639 3157 ἀναθρώσκοι
3668 3087 3803 3158 πρὸς

543 3168 701 3239 quasi
727 3169 988 3225 verticem
1014 3171 1288 3226 excelsum
1317 3181 1528 3238 tenens,
1573 3172 1812 3228 humana
1838 3175 2122 3247 despioiat,

2226 3175 2491 3254 comitati,
2527 3177 2621 3230 καὶ
2664 3178 2828 3231 οἱονεὶ
2868 3179 3115 3251 κορυφὴν
3156 3180 3594 3252 ὑπερτέλλουσαν
3641 3182 3799 3254 ἔχων,

543 3259 704 3330 223
729 3271 785 3316 ct
807 3276 869 3315 ea
894 3262 1029 3326 sola,
1055 3278 1175 3332 qua:
1198 3263 1294 3318 Dei
1330 3273 1478 3329 sunt,
1509 3272 1740 3334 spectet.
1771 3265 1944 3320 Aliam
1982 3283 2122 3338 quo-

2226 3253 2376 3323 κᾶτω
2405 3287 2506 3324 που
2541 3269 2729 3340 βλέπει
2746 3271 2817 3325 τὰ
2843 3272 3179 3345 ἀνθρώπινα,
3205 3274 3299 3328 καὶ
3325 3276 3460 3346 μόνα
3481 3253 3803 3344 φαντάζοιτο

541 3367 650 3421 que
671 3352 1123 3422 signiﬁcationem
1143 3354 1346 3408 habere
1378 3363 1578 3424 potest,
1607 3356 1899 3411 sublimem
1925 3375 2123 3431 nempe.

2224 3363 2294 3417 τά
2315 3363 2468 3435 παρὰ
2485 3363 2624 3434 Θεῷ.
2657 3365 3082 3436 Κατασημήνειε
3105 3365 3152 3418 δ’
3172 3365 3238 3420 ἂν
3267 3366 3362 3419 καὶ
3383 3368 3607 3439 ἑτέρως,
3626 3367 3800 3440 ὑψηλὴ

541 3457 664 3499 esse
688 3443 784 3498 Dei
809 3445 1201 3514 cognitionem,
1226 3453 1278 3500 et
1305 3456 1493 3501 nostra
1529 3448 1843 3504 conditione
1869 3453 2122 3520 superio-

2228 3456 2328 3526 μὲν
2359 3457 2443 3509 ὅτι
2463 3455 2558 3509 καὶ
2592 3455 2961 3527 ὑπερκειμένη
2988 3457 3098 3512 τῶν
3119 3457 3241 3511 καθ’
3268 3460 3419 3529 ἡμᾶς
3443 3460 3476 3530 ἡ
3511 3476 3576 3512 πε
3586 3462 3641 3530 pl.
3666 3457 3797 3512 Θεοῦ

541 3550 681 3599 rem,
717 3541 785 3592 ab
820 3536 889 3590 iis
927 3534 1212 3601 duntaxat,
1241 3545 1296 3591 et
1331 3537 1552 3606 quidem
1597 3556 1662 3594 ex
1703 3550 1877 3610 parte,
1912 3543 2121 3613 percipi

2225 3547 2448 3615 γνῶσις,
2501 3547 2683 3618 μόνοις
2724 3547 2782 3600 δὲ
2827 3547 2967 3616 τάχα
2998 3564 3102 3601 που
3145 3546 3248 3601 κᾶν
3297 3547 3428 3617 γοῦν
3485 3551 3549 3600 ὲκ
3601 3548 3795 3618 μέρους

541 3637 724 3692 posse,
753 3624 849 3694 qui
890 3640 989 3694 per
1023 3624 1280 3680 sublimia
1315 3627 1501 3682 volare
1545 3630 1887 3698 studuerint;
1933 3652 1949 3684 ι
1979 3634 2119 3688 Pulli

2223 3639 2500 3710 ἁλώσιμος
2555 3642 2667 3704 τοῖς
2705 3639 2773 3692 τὰ
2823 3637 3004 3710 ὑψηλὰ
3065 3639 3320 3694 πέτεσθαι
3371 3640 3795 3712 μεμελετηκόσι·

540 3727 780 3782 namque
821 3715 1057 3771 vulturis
1089 3732 1188 3786 per
1220 3718 1477 3773 sublimia
1508 3721 1692 3774 volant
1719 3723 1786 3788 '9,
1829 3743 1847 3773 ι
1883 3732 1942 3777 ut
1978 3727 2118 3781 scri-

2227 3753 2246 3786 (
2281 3734 2515 3788 Νεοσσοὶ
2537 3733 2644 3806 γὰρ
2675 3733 2849 3802 γυπὸς
2876 3731 2945 3786 τὰ
2974 3731 3154 3804 ὑψηλά
3191 3734 3472 3798 πέτανται,
3515 3753 3533 3786 ι
3569 3734 3712 3787 κατὰ
3740 3732 3797 3785 τὸ

537 3812 694 3874 ptum
729 3815 832 3861 est.
878 3807 1052 3863 Simul
1094 3809 1337 3881 intellige
1379 3812 1574 3876 Deum,
1603 3828 1727 3866 cum
1761 3823 2002 3870 veterem
2041 3819 2119 3872 le-

2219 3826 2627 3898 γεγραμμένον.
2673 3826 2760 3878 Ἐν
2790 3824 2964 3896 τούτῳ
2996 3824 3053 3879 δὲ
3089 3826 3265 3891 σύνες,
3292 3825 3374 3879 ὅτι
3409 3825 3616 3894 κατέϐη
3667 3824 3796 3888 Θεὸς

539 3910 660 3964 gem
686 3898 886 3965 priscis
916 3899 1024 3953 illis
1061 3900 1381 3956 hominibus
1411 3903 1604 3969 ferret,
1632 3904 1980 3962 descendisse
2007 3925 2116 3964 non

2217 3918 2310 3971 τὸν
2331 3919 2558 3988 ἀρχαῖον
2589 3920 2700 3981 τοῖς
2728 3917 2896 3972 πάλαι
2921 3916 3170 3989 διορίζων
3189 3919 3372 3988 νόμον,
3403 3917 3502 3970 οὐκ
3535 3915 3665 3969 ἔνθα
3692 3931 3794 3986 περ

541 3985 636 4038 ubi
669 3988 905 4054 populus
947 3997 1086 4054 erat,
1115 3990 1211 4044 sed
1251 3991 1309 4046 in
1349 3993 1639 4049 sublimem
1671 3996 1872 4062 locum,
1909 4009 1964 4054 et
1990 4001 2115 4070 qui-

2217 4004 2284 4079 ἦν
2314 4010 2342 4061 ὁ
2374 3985 2521 4073 λαὸς,
2552 4007 2668 4061 ἀλλ’
2700 4008 2836 4078 ὑψοῦ
2871 4010 2966 4062 καὶ
3008 3985 3266 4079 μακράνξ
3303 4007 3655 4077 Ἀφειστήκει
3687 3985 3793 4076 γὰρ

539 4078 663 4132 dem
688 4081 900 4147 procul.
932 4081 1256 4137 Recesserat
1281 4085 1428 4138 enim
1464 4100 1495 4140 a
1537 4086 1696 4156 longe
1738 4089 1937 4154 adhuc,
1960 4092 2115 4161 juxta

2221 4078 2498 4168 μακρόθεν
2523 4097 2602 4149 ἔτι
2631 4096 2771 4149 κατὰ
2808 4097 2908 4168 τὴν
2931 4078 3027 4149 τοῦ
3056 4097 3368 4159 Ψάλλοντος
3405 4096 3612 4166 φωνὴν,
3639 4093 3795 4148 οὔπω

537 4168 825 4223 Psallentis
851 4185 1038 4224 vocem
1063 4171 1127 4236 ‘°,
1162 4186 1287 4226 cum
1319 4173 1408 4227 ille
1434 4173 1757 4244 Unigenitus
1778 4178 2020 4233 nondum
2047 4181 2112 4234 ad

2215 4189 2498 4258 γεγονότος
2535 4188 2652 4259 μεθ’
2701 4189 2858 4259 ἡμῶν
2899 4189 3197 4260 σαρκικῶς,
3228 4187 3351 4241 οῦτε
3389 4186 3496 4258 μὴν
3533 4186 3791 4248 καθέντος

533 4278 636 4317 nos
665 4278 762 4332 per
793 4277 1013 4317 carnem
1050 4263 1392 4329 accessisset,
1423 4281 1603 4334 neque
1632 4281 1688 4320 se
1737 4267 1804 4321 ad
1834 4268 1978 4322 illam
2014 4286 2110 4324 ex-

2215 4281 2403 4335 έαυτδν
2452 4282 2531 4344 εἰς
2581 4281 2811 4334 κένωσιν
2854 4279 2948 4333 τοῦ
2995 4279 3364 4348 Μονογενοῦς·
3415 4280 3476 4332 οὐ
3532 4281 3641 4350 γὰρ
3681 4281 3793 4340 τοῖς

534 4354 893 4410 inanitionem
923 4355 1260 4424 demisisset;
1289 4373 1468 4427 neque
1491 4359 1637 4413 enim
1663 4359 1858 4429 priscis
1884 4361 2110 4426 illis,sed
2142 4426 2168 4444 τ

2157 4426 2184 4444 λ
2214 4372 2609 4444 ἀρχαιοτέροις,
2657 4372 2770 4425 ἀλλ’
2817 4374 2897 4436 εἰς
2949 4374 3097 4444 ἡμᾶς
3144 4372 3342 4436 αὐτοὺς
3389 4374 3685 4441 τετήρηται
3731 4371 3791 4421 τὺ

532 4447 694 4501 nobis
732 4447 866 4516 ipsis
907 4447 1012 4503 hoc
1049 4426 1487 4520 mysteriumiest
1525 4426 1860 4506 reservatum
1893 4452 2110 4511 :l‘actus
2142 4426 2166 4481 Ῑ

2152 4426 2187 4481 D
2219 4426 2514 4533 μυστήριον
2536 4476 2549 4490 ⁸
2569 4426 2774 4531 ,γέγονε
2795 4426 2902 4534 γὰρ
2937 4426 3057 4534 μέθ’
3078 4426 3242 4534 μῶν
3276 4426 3398 4516 ὅσον
3421 4426 3562 4533 ἧκεν
3579 4426 3786 4524 εἰπεῖν,

529 4544 614 4590 est
638 4536 787 4590 enim
818 4537 961 4592 inter
990 4553 1112 4602 nos,
1140 4547 1402 4608 quantum
1437 4539 1632 4595 attinet
1663 4542 1731 4596 ad
1765 4543 1914 4598 illam
1945 4559 2105 4614 aspe-

2215 4554 2294 4615 εἰς
2326 4552 2482 4617 δόξαν
2526 4552 2938 4624 ὀφθαλμοφανῆ,
2969 4553 3037 4607 τά
3073 4555 3172 4625 τῆς
3215 4553 3468 4624 θεότητος
3517 4552 3788 4624 ὑψώματα

531 4627 788 4683 ctabilem
825 4628 1072 4699 gloriam.
1099 4629 1402 4687 divinitatis
1433 4631 1768 4687 sublimitate
1799 4634 2017 4701 relicta;
2042 4650 2106 4689 ac

2215 4641 2618 4706 καταλελοιπώς
2645 4657 2659 4670 ·
2693 4643 3034 4696 ἐπολιτεύετο
3056 4643 3112 4697 δὲ
3145 4643 3264 4714 μεθ’
3295 4643 3474 4713 ἡμῶν,
3507 4644 3585 4706 ὡς
3619 4638 3700 4706 εἷς
3730 4643 3788 4706 ἐξ

529 4729 780 4775 versatus
804 4728 889 4774 est
915 4720 1230 4788 nobiscum,
1255 4731 1313 4779 ut
1348 4740 1490 4778 unus
1520 4740 1551 4779 e
1584 4725 1762 4779 nobis.
1799 4725 1944 4796 Ignis
1975 4742 2105 4782 vero

2211 4733 2388 4805 ἡμῶν.
2428 4735 2514 4788 Ἐν
2538 4733 2669 4787 είδει
2701 4751 2764 4803 γε
2790 4735 2897 4806 μὴν
2915 4734 3006 4787 τοῦ
3035 4740 3206 4806 πυρὸς
3238 4734 3429 4805 κατῄει
3451 4733 3583 4797 Θεός
3606 4751 3623 4766 ο
3658 4735 3783 4798 ἔδει,

529 4812 712 4880 specie
757 4810 1042 4865 descendit
1077 4813 1223 4867 Deus
1261 4829 1279 4867 :
1311 4816 1600 4885 oportebat
1643 4817 1791 4871 enim
1833 4818 2099 4887 profecto,

2209 4829 2322 4890 τοῖς
2357 4825 2570 4897 ἀνάγκη
2598 4827 2692 4880 καὶ
2721 4827 2870 4897 νόμῳ
2898 4826 3024 4890 τοὺς
3062 4825 3529 4895 παιδαγωγεῖσθαι
3563 4827 3783 4897 μέλλον-

536 4901 732 4970 ut,qui
770 4901 1053 4955 coactione
1097 4918 1160 4956 ac
1193 4903 1310 4973 lege
1347 4906 1569 4975 regendi
1601 4914 1780 4971 erant,
1806 4916 1957 4963 certo
1991 4909 2100 4963 sci-

2209 4934 2328 4981 τας,
2366 4917 2448 4970 ὅτι
2495 4916 2635 4988 πρὸς
2671 4916 2782 4989 πῦρ
2820 4917 3002 4982 ἕξουσι
3050 4918 3176 4980 τοὺς
3225 4917 3435 4986 λόγους,
3482 4919 3532 4970 εί
3580 4919 3785 4970 ἕλοιντο

530 4998 652 5044 rent
693 4989 741 5044 si
787 4988 856 5043 ad
904 4988 1174 5060 ignaviam
1225 4991 1500 5049 declinare
1545 4997 1778 5061 vellent,
1827 4996 1932 5051 sibi
1975 5013 2100 5052 cum

2211 5005 2498 5076 ῥᾳθυμεῖν,
2539 4988 2790 5060 διειδέναι
2829 5008 3035 5075 σαφῶς.
3069 5008 3142 5060 Οὐ
3174 5007 3283 5078 γὰρ
3329 5007 3386 5074 ἐξ
3437 5008 3661 5078 ἀγάπης
3690 5011 3783 5080 τῆς

527 5083 637 5153 igni
680 5083 950 5138 rationem
990 5081 1251 5136 futuram.
1289 5084 1476 5154 Neque
1511 5086 1659 5140 enim
1693 5103 1761 5142 ex
1795 5087 2101 5144 voluntaria

2208 5097 2534 5161 ὲθελουσίου,
2567 5099 2661 5152 καὶ
2693 5097 2784 5152 νοῦ
2814 5099 2986 5168 ῥοπῆς
3020 5098 3310 5169 ἐλευθέρας
3340 5099 3644 5169 ἐπράττετο
3673 5102 3781 5160 τοῖς

524 5177 839 5243 dilectione,
873 5185 931 5231 et
966 5175 1255 5246 spontanei
1297 5177 1465 5230 animi
1512 5179 1805 5234 momentis
1839 5196 1869 5234 a
1907 5181 2101 5251 priscis

2209 5189 2588 5258 ἀρχαιοτέροις
2633 5189 2692 5240 τὺ
2726 5188 2994 5256 θεοφιλὲς,
3030 5189 3144 5242 ἀλλ’
3171 5191 3246 5253 ὼς
3289 5189 3349 5253 ἐξ
3388 5188 3639 5260 ἀνάγκης
3692 5192 3778 5242 καὶ

526 5267 633 5322 illis
656 5269 972 5325 hominibus
995 5269 1089 5324 Dei
1119 5283 1274 5324 amor
1300 5270 1692 5338 praestabatur;
1730 5271 1823 5327 sed
1851 5273 2006 5343 quasi
2033 5289 2100 5327 ex

2207 5279 2371 5347 φόϐου
2389 5295 2402 5309 ·
2443 5279 2658 5351 πνεῦμα
2692 5280 2800 5352 γὰρ
2823 5276 2889 5351 ἦν
2919 5281 3017 5334 οὐκ
3043 5280 3346 5352 ἐλεύθερον,
3371 5281 3493 5336 οὔτε
3533 5281 3640 5352 μὴν
3669 5283 3777 5333 υἱο-

523 5360 804 5415 coactione
836 5376 901 5415 ac
927 5360 1124 5416 timore
1153 5379 1164 5413 :
1192 5376 1318 5414 nam
1356 5375 1536 5430 neque
1563 5361 1700 5415 liber
1729 5363 1955 5432 spiritus
1992 5364 2101 5418 illis

2208 5368 2414 5436 θεσίας,
2438 5371 2495 5424 τὸ
2531 5373 2587 5424 ὲν
2608 5373 2813 5436 αὐτοῖς,
2837 5372 2973 5426 ἀλλὰ
2995 5372 3238 5437 δουλείας
3255 5376 3333 5437 είς
3360 5373 3542 5442 φόϐον.
3572 5373 3777 5425 Καπνί-

524 5451 719 5514 inerat,
759 5468 936 5521 neque
989 5453 1318 5523 adoptionis,
1357 5453 1453 5508 sed
1495 5453 1783 5508 servitutis
1829 5456 1884 5507 in
1935 5455 2098 5509 timo-

2208 5459 2362 5524 ζεται
2405 5461 2461 5516 δὲ
2490 5461 2550 5515 τὸ
2579 5462 2705 5533 ὅρος
2740 5461 2830 5516 διὰ
2868 5463 2929 5516 τὺ
2975 5465 3410 5536 καταϐεϐηκέναι
3447 5464 3650 5534 Κύριον
3690 5463 3773 5515 ἐπ’

521 5558 656 5597 rem.
687 5541 950 5598 Fumabat
973 5557 1236 5616 praeterea
1257 5563 1434 5613 mons,
1457 5563 1523 5603 co
1551 5548 1698 5617 quod
1724 5547 2100 5601 descendisset

2211 5553 2370 5606 αὐτὸν
2400 5554 2456 5606 ἑν
2482 5555 2647 5625 πυρί·
2681 5554 2775 5608 καὶ
2804 5554 2984 5623 τοῦτο,
3017 5552 3192 5626 οἶμαι,
3229 5557 3342 5611 ἐστὶ
3365 5556 3424 5608 τὸ
3449 5559 3505 5610 ἐν
3527 5557 3771 5625 Ψαλμοῖς

588 5729 632 5760 ³⁸
660 5726 832 5784 Exod.
863 5744 971 5794 nx,
1006 5730 1250 5785 17-19."
1275 5733 1378 5787 Job
1405 5751 1454 5796 γ,
1510 5733 1593 5786 il.
1669 5733 1712 5763 ‘°
1743 5734 1887 5790 Psal.
1926 5749 2000 5798 γι,
2033 5733 2085 5786 4.
