4138 6300
346 328 452 391 489

1051 338 1138 397 DE
1179 340 1617 399 ADORATIONE
1656 342 1724 402 IN
1765 346 2033 408 SPlRlTU
2073 349 2162 409 ET
2201 351 2567 411 VERITATE.
2610 354 2737 415 LIB.
2778 359 2888 416 VII.

3481 362 3587 421 490

347 448 712 520 ὑμνούμενον⁵
749 470 765 502 ι
800 453 909 506 Καὶ
937 455 1088 509 ἔθετο
1119 459 1307 524 σκότος
1327 461 1856 535 ἀποκρυφὴναύτοῦ.
1890 486 1905 516 ι

1984 523 1986 528 .
2018 487 2183 542 super
2220 490 2345 528 eum
2378 475 2642 531 Dominus
2675 477 2731 532 in
2768 479 2889 548 igne
2918 496 2929 531 :
2959 478 3142 549 idque,
3170 488 3231 535 ut
3258 481 3471 550 opinor,
3500 494 3586 537 est

344 542 767 613 Κατασημήνειε
792 545 837 596 δ’
863 544 929 599 ἂν
955 554 1048 603 καὶ
1076 549 1277 621 ἑτέρως
1300 553 1431 624 ἡμῖν
1455 556 1484 607 6
1511 556 1716 635 καπνὸς
1743 558 1804 611 τὸ
1824 559 1905 611 ἐπῖ

2018 563 2165 633 quod
2208 565 2261 618 in
2300 566 2531 621 Psalmis
2560 542 2816 622 caniturv:
2858 588 2876 620 ‹
2907 569 2975 624 Et
3003 542 3187 639 posuit
3218 542 3472 629 tenebras
3502 574 3584 628 la-

340 636 407 704 τῇ
453 635 857 707 καταφρονήσει
905 639 1079 711 πάντη
1129 659 1189 694 τε
1236 644 1330 697 καὶ
1393 646 1611 711 πάντως
1658 649 1905 719 ἐσόμενοι

2018 654 2250 709 tibulum
2286 672 2446 712 suum
2471 659 2536 712 °'.
2572 678 2590 709 ι
2633 660 2807 714 Aliter
2835 635 3054 730 quoque
3088 662 3395 734 signiﬁcare
3425 665 3586 721 nobis

339 727 574 798 δάκρυον
589 745 602 759 ·
626 727 849 801 ἐξέρπει
870 730 979 803 γάρ
998 732 1064 803 δὴ
1092 738 1211 800 ταῖς
1233 738 1327 791 τοῦ
1350 740 1561 793 καπνοῦ
1589 742 1914 812 προσϐολαῖς

340 818 374 888 ἡ
406 818 465 885 ἐξ
486 818 975 892 ὀμμάτωνλκμάς.
1007 824 1070 878 Εἰ
1095 825 1152 879 δὲ
1177 826 1421 896 βούλοιτό
1435 847 1519 894 τις
1546 832 1657 894 τοῖς
1685 849 1910 903 προκει-

339 908 525 979 μένοις
556 908 910 982 θεωρήμασιν
933 913 1216 969 ἐπιϐαλεῖν
1233 918 1458 990 ἐτέρως,
1488 921 1568 985 εἰς
1588 922 1681 975 τὸν
1703 921 1790 976 διὰ
1814 923 1908 976 τοῦ

335 997 505 1069 νόμου
532 998 813 1071 φωτισμὸν
852 1001 1258 1073 καταλογιεῖται
1283 1007 1345 1060 τὸ
1373 1007 1506 1080 πῦρ,
1539 1009 1681 1081 πλὴν
1713 1010 1909 1081 ἀχλύος

336 1087 399 1143 οὐ
428 1087 574 1158 δίχα·
604 1091 700 1144 καὶ
729 1090 1017 1165 γάρβέστιν
1042 1095 1284 1168 ἀμυδρὸς
1310 1099 1406 1153 καὶ
1427 1100 1644 1174 ἀσαφὴς
1664 1102 1697 1155 6
1720 1102 1905 1174 νόμος,

337 1178 427 1232 καὶ
450 1179 513 1232 τὸ
542 1180 611 1234 ἐκ
663 1180 759 1234 τοῦ
790 1183 1120 1254 γράμματος
1166 1191 1556 1262 κατασκίασμα
1602 1196 1769 1265 παχὺ,
1811 1198 1908 1251 καὶ

332 1268 671 1324 καταθολοῦν
688 1273 877 1327 ἰκανὸν
903 1272 995 1329 τὸν
1017 1276 1117 1346 τῆς
1139 1276 1379 1343 διανοίας
1401 1281 1696 1353 ὀφθαλμόν.
1735 1286 1905 1358 Ἰσχυ-

332 1360 554 1431 ρότεραι
580 1360 638 1415 δὲ
682 1362 1076 1433 προϐαίνουσαι
1116 1367 1218 1438 τῆς
1251 1369 1553 1439 σάλπιγγος
1604 1374 1662 1428 αἰ
1704 1378 1899 1445 φωναί·

332 1451 511 1523 μικρά
542 1451 650 1523 γὰρ
679 1446 749 1523 ἦν
782 1456 876 1507 καὶ
906 1454 1061 1526 μόλις
1084 1457 1496 1527 ἀναφωνοῦντος
1525 1461 1620 1515 τοῦ
1651 1463 1816 1534 νόμου
1842 1466 1904 1520 τὸ

329 1540 392 1594 ἐν
438 1541 654 1611 ἀρχαῖς.
698 1543 916 1615 Ἐπειδὴ
943 1544 1001 1599 δὲ
1047 1546 1389 1620 προϐέϐηκεν
1415 1552 1446 1605 6
1473 1550 1629 1620 λόγος
1656 1555 1790 1623 ἡμῖν
1820 1556 1902 1618 εἰς

329 1630 611 1687 παίδευσιν
662 1633 1043 1707 εὐαγγελικὴν,
1088 1636 1494 1709 ἐπιλάμψαντος
1538 1641 1636 1697 τοῦ
1692 1644 1901 1714 Ἐμμα·

330 1714 511 1792 “sui,
543 1724 890 1796 ἰσχυρότεραι
920 1727 1211 1796 γεγόνασιν
1248 1730 1305 1783 αἰ
1332 1731 1541 1799 φωναί·
1573 1731 1898 1797 ἐξάκουστον

2014 746 2216 813 poterit
2247 747 2435 803 fumus
2470 748 2739 821 lacrymas
2781 750 2923 815 illas,
2956 760 3181 822 propter
3210 765 3582 825 contemptum

2012 834 2238 890 omnino
2267 835 2575 893 fundendas
2601 856 2614 892 :
2640 838 2813 893 eﬂluit
2843 841 2992 895 enim
3027 840 3095 895 ad
3127 842 3416 911 appulsum
3445 844 3580 901 fumi

2012 924 2103 981 ille
2123 939 2193 980 ex
2217 927 2393 983 oculis
2426 929 2645 985 humor.
2670 929 2827 996 Quod
2857 931 2904 991 si
2933 931 3022 986 cui
3047 932 3338 1002 placuerit,
3359 951 3481 1005 qua:
3514 939 3581 992 ad

2008 1016 2491 1087 contemplandum
2541 1019 2823 1090 proposita
2866 1027 3016 1086 sunt,
3053 1021 3213 1077 aliter
3254 1025 3578 1097 intelligere.

2007 1108 2190 1179 ignem
2236 1109 2373 1181 legis
2416 1109 2878 1167 illuminationem
2924 1112 3186 1184 accipiet,
3238 1128 3349 1172 non
3398 1125 3581 1173 tamen

2006 1200 2125 1257 sine
2153 1201 2419 1273 caligine;
2450 1210 2540 1259 est
2567 1202 2716 1258 enim
2745 1204 3089 1261 tenebricosa
3119 1214 3176 1261 et
3203 1206 3440 1262 obscura
3470 1208 3578 1275 lex,

2004 1300 2062 1346 et
2102 1292 2194 1348 illa
2224 1294 2424 1350 littera:
2449 1293 2646 1349 umbra
2676 1294 2919 1361 densior,
2949 1304 3008 1351 et
3033 1312 3154 1368 qua:
3177 1297 3379 1354 mentis
3405 1299 3583 1355 oculis

2004 1382 2261 1439 tenebras
2301 1386 2475 1454 possit
2514 1385 2822 1442 oli'undere.
2864 1380 3078 1443 Sensim
3119 1396 3303 1444 aute
3348 1405 3577 1461 progre-

2002 1472 2219 1529 dientes
2238 1475 2582 1546 augebantur
2605 1478 2751 1533 tuba:
2771 1493 2936 1534 voces
2962 1497 2974 1532 :
3001 1494 3130 1533 nam
3156 1479 3225 1535 ab
3248 1480 3425 1546 initio,
3450 1497 3575 1536 cum

2002 1569 2224 1618 tenuem
2262 1564 2355 1618 vix
2389 1580 2580 1621 vocem
2619 1568 2899 1623 emitteret
2938 1569 3047 1635 lex,
3078 1569 3172 1624 ubi
3209 1568 3278 1624 ad
3315 1585 3418 1625 nos
3451 1585 3576 1640 pro-

2000 1651 2168 1706 cessit
2216 1653 2479 1721 Verbum,
2509 1663 2566 1711 et
2604 1656 2696 1712 ille
2747 1657 3070 1714 Emmanuel
3128 1658 3198 1714 ad
3255 1658 3570 1715 tradendam

2000 1740 2368 1810 evangelicam
2404 1743 2749 1814 disciplinam
2787 1746 3014 1812 aﬂ‘ulsit,
3047 1762 3210 1803 voces
3242 1747 3347 1802 illa:
3384 1748 3570 1802 valen-

325 1815 432 1884 γάρ
454 1831 510 1868 τι
536 1817 633 1871 καὶ
676 1817 838 1887 τορὸν
863 1818 1293 1890 ἀναπεφώνηκεν
1323 1821 1352 1874 6
1393 1820 1652 1891 Χριστὸς,
1691 1823 1789 1875 καὶ
1818 1825 1896 1887 εἰς

1999 1826 2169 1882 tiores
2206 1828 2361 1885 facta:
2399 1841 2530 1887 sunt
2560 1850 2574 1886 :
2599 1835 2762 1906 224
2800 1835 3008 1890 clarum
3041 1836 3189 1890 enim
3225 1836 3485 1905 quiddam
3516 1846 3572 1892 et

321 1906 503 1959 πᾶσαν
542 1906 644 1978 ῆδη
670 1906 854 1978 διῆκον
890 1908 991 1980 τὴν
1019 1909 1364 1983 οἰκουμένην.
1392 1910 1569 1966 Αὐτοῦ
1606 1911 1714 1983 γάρ
1751 1912 1896 1967 ἐστιν

321 1996 556 2051 ἀκοῦσαι
586 1999 836 2068 λέγοντος
860 2000 946 2054 διὰ
972 2001 1157 2073 φωνῆς
1182 2002 1275 2056 τοῦ
1298 2003 1463 2058 Δαϐίδ
1480 2019 1494 2034 ·
1533 2023 1552 2056 ι
1602 2004 1893 2058 Ἀκούσατε

318 2084 510 2151 ταῦτα,
539 2086 720 2141 πάντα
754 2088 820 2142 τά
842 2088 992 2162 ἐθνη·
1018 2090 1369 2158 ἐνωτίσασθε,
1399 2092 1600 2156 πάντες
1629 2094 1678 2145 oi
1714 2109 1893 2146 κατοι-

319 2175 543 2241 κοῦντες
593 2177 692 2249 τὴν
753 2181 1095 2251 οἰκουμένην.
1140 2201 1160 2233 ι
1216 2183 1409 2237 Καίτοι
1454 2184 1554 2255 τῆς
1589 2182 1683 2237 τοῦ
1727 2185 1891 2254 νόμου

316 2268 575 2338 τηνικάδε
605 2270 807 2341 φωνῆς,
842 2271 1069 2343 ἑτέρωθι
1106 2273 1210 2344 μὲν
1241 2275 1341 2328 οὐκ
1391 2274 1596 2346 ἰούσης,
1624 2274 1748 2328 οὔτε
1782 2276 1893 2346 μὴν

318 2359 539 2413 ἅπαντα
562 2362 1031 2435 μυσταγωγούσης
1062 2364 1133 2417 τά
1160 2364 1310 2437 ἔθνη,
1342 2368 1510 2438 μόνην
1542 2366 1599 2421 δὲ
1623 2366 1721 2439 τὴν
1761 2368 1890 2421 Ἰουο

315 2445 481 2502 δαίων
519 2450 890 2523 περιηχούσης
933 2451 1137 2524 χώραν,
1190 2454 1286 2506 καὶ
1320 2453 1780 2527 παιδαγωγούσης
1830 2455 1889 2510 ἓν

318 2538 474 2607 γένος
497 2540 558 2594 τὸ
586 2542 648 2607 ἐξ
672 2543 919 2616 .Ἱσραήλ.
963 2546 1123 2615 ’Δλλ’,
1171 2567 1190 2600 ι
1236 2548 1441 2606 Ἐλάλει
1489 2550 1607 2619 μὲν,
1638 2550 1825 2621 φησιν,
1862 2550 1891 2602 6

315 2630 521 2702 Μωσῆς
539 2648 555 2664 ·
578 2634 607 2686 6
630 2633 688 2687 δὲ
718 2635 872 2701 θεὸς,
894 2637 1221 2710 ἀπεκρίνετο
1235 2639 1384 2712 αὐτῷ
1409 2643 1584 2713 φωνῇ.
1617 2659 1636 2692 ι
1675 2642 1887 2712 Ἐζήτει

317 2722 419 2792 μὲν
446 2722 560 2794 γὰρ
602 2725 679 2790 ὡς
712 2726 959 2793 διάκονος
986 2730 1080 2783 τὸν
1121 2731 1283 2803 νόμον
1326 2734 1355 2786 6
1381 2730 1607 2803 Μωσῆς,
1653 2733 1748 2787 καὶ
1779 2733 1887 2789 τῶν

315 2809 475 2867 θείων
519 2814 904 2887 θεσπισμάτων
941 2822 1167 2892 μεσίτης
1194 2822 1286 2876 καὶ
1316 2821 1588 2894 ὑπουργός
1616 2839 1629 2852 ·
1659 2824 1888 2896 ἀπεκρί-

316 2919 438 2957 νετο
467 2903 526 2957 δέ
557 2905 688 2971 Θεὸς
707 2911 774 2979 τῇ
803 2908 909 2981 ἰδίᾳ
938 2914 1112 2983 φωνῇ,
1148 2913 1414 2980 τουτέστι,
1448 2914 1516 2967 δι’
1547 2914 1675 2967 Υἱοῦ
1693 2931 1705 2944 ·
1734 2916 1884 2986 φωνὴ

315 2995 426 3066 γὰρ
457 2996 553 3049 καὶ
581 2996 741 3067 λόγος,
773 2999 867 3053 τοῦ
896 3001 1129 3073 Πατρὸς,
1165 3002 1195 3055 6
1221 3003 1368 3068 Υίός.
1425 3004 1515 3069 Ἐξ
1559 3004 1723 3059 αὐτοῦ
1761 3005 1818 3060 δὲ
1856 3007 1886 3059 6

315 3083 506 3157 νόμος,
539 3089 712 3143 καιεί
743 3089 1032 3163 λελάληται
1075 3093 1142 3146 δι’
1192 3094 1474 3164 ἀγγέλων·
1526 3097 1677 3167 πάρα
1731 3095 1882 3165 γοῦν,

1998 1926 2219 1971 acutum
2258 1918 2505 1974 insonuit
2539 1919 2814 1988 Christus,
2839 1930 2896 1977 et
2935 1922 3083 1992 quod
3124 1931 3301 1978 totum
3329 1925 3443 1994 jam
3474 1940 3564 1979 or-
3623 1989 3630 1996 .

1997 2007 2121 2062 hem
2150 2017 2420 2064 terrarum
2454 2013 2779 2080 penetravit.
2813 2013 2997 2083 Ipsum
3028 2014 3175 2069 enim
3212 2014 3402 2071 audire
3438 2016 3568 2071 licet

1996 2099 2168 2155 David
2188 2116 2322 2156 voce
2343 2086 2618 2156 dicentEm
2648 2119 2661 2156 :
2697 2121 2716 2154 ι
2743 2094 2943 2158 Audite
2967 2103 3103 2170 hare,
3127 2120 3316 2160 omnes
3346 2116 3566 2177 gentes;

1994 2184 2221 2240 auribus
2258 2185 2545 2256 percipite,
2579 2201 2770 2242 omnes
2804 2189 2898 2258 qui
2939 2189 3201 2245 habitatis
3231 2192 3423 2246 orbem
3446 2193 3511 2247 ⁶¹.
3540 2212 3561 2245 ›

1968 2271 2158 2343 Ᾱιηιιὶ
2185 2289 2291 2328 vox
2316 2274 2455 2344 legis
2476 2289 2543 2329 eo
2567 2282 2813 2344 tempore
2844 2277 2974 2331 alibi
3004 2292 3113 2332 non
3147 2279 3565 2347 exaudiebatur,

1992 2376 2170 2431 neque
2198 2362 2483 2419 universas
2509 2371 2701 2434 gentes
2731 2362 2982 2432 docebat,
3007 2367 3103 2422 sed
3136 2368 3192 2422 in
3217 2369 3332 2423 sola
3355 2370 3569 2425 Iudaeo-

1993 2469 2115 2506 rum
2147 2455 2369 2526 regione
2398 2455 2712 2521 resonabat,
2736 2464 2793 2511 et
2816 2472 2980 2511 unam
2998 2457 3216 2514 Israclis
3240 2467 3454 2529 gentem
3485 2462 3568 2516 in-

1991 2544 2269 2600 stituebat.
2305 2544 2410 2600 Sed
2458 2564 2478 2597 ι
2510 2545 2881 2616 Loquebatur,
2906 2548 3103 2619 inquit,
3147 2549 3385 2622 Moyses;
3421 2551 3569 2608 Deus

1989 2651 2121 2692 vero
2171 2637 2537 2706 respondebat
2581 2638 2684 2707 ipsi
2724 2654 2860 2695 voce
2892 2640 2957 2693 ⁸³.
2992 2659 3010 2693 ι
3041 2641 3461 2720 Moysesenim,
3505 2654 3565 2699 ut

1988 2727 2261 2793 minister,
2299 2737 2357 2783 et
2393 2728 2711 2787 divinorum
2753 2740 3153 2801 praceptorum
3197 2735 3472 2804 interpres
3511 2745 3567 2791 et

1988 2819 2459 2887 subministrator,
2496 2821 2671 2890 legem
2693 2822 3014 2891 expetebat;
3061 2825 3429 2893 respondebat
3463 2842 3564 2881 au-

1989 2918 2098 2965 tem
2147 2910 2292 2966 Deus
2325 2926 2423 2967 sua
2458 2926 2613 2978 voce,
2660 2912 2717 2967 id
2753 2921 2839 2968 est
2867 2929 2967 2985 per
3000 2914 3199 2969 Filium
3235 2934 3247 2969 :
3282 2930 3388 2970 vox
3416 2919 3563 2974 enim

1985 3011 2043 3057 et
2063 3001 2296 3058 verbum
2328 3003 2507 3058 Patris
2527 2989 2613 3059 e’st
2638 3005 2810 3060 Filius
2836 3026 2849 3061 :
2878 3022 2946 3061 ex
2974 3008 3094 3078 ipso
3122 3016 3307 3064 autem
3337 3004 3564 3067 auctore

1986 3093 2074 3148 lex
2112 3094 2382 3165 originem
2409 3095 2624 3162 habuit,
2649 3097 2754 3153 etsi
2778 3113 2879 3168 per
2914 3101 3139 3169 angelos
3167 3102 3313 3159 dicta
3338 3113 3455 3171 est;
3493 3106 3561 3159 li-

313 3177 472 3248 εῑπερ
503 3177 676 3232 ἐλοιτό
701 3196 806 3244 τις,
835 3181 1050 3235 ἐπαΐειν
1084 3181 1331 3251 λέγοντος
1357 3185 1621 3257 ἐναργῶς·
1657 3207 1675 3239 ι
1710 3187 1882 3253 Αὐτὸς

1984 3191 2075 3237 cet
2103 3191 2275 3247 certe,
2305 3183 2449 3238 sicut
2483 3183 2700 3239 libitum
2728 3187 2915 3253 fuerit,
2949 3188 3127 3257 ipsum
3157 3192 3448 3262 perspicue
3472 3195 3560 3249 di-

310 3268 342 3322 6
364 3267 566 3334 λαλῶν,
602 3269 851 3341 πάρειμι.
871 3290 889 3321 ι
919 3272 1054 3336 Καὶ,
1089 3293 1107 3324 ι
1142 3274 1256 3327 Οὐκ
1282 3269 1445 3345 ἦλθον
1466 3275 1761 3332 καταλῦσαι
1786 3277 1877 3332 τὸν

308 3359 473 3430 νόμον
505 3359 540 3430 ἢ
569 3363 696 3424 τοὺς
719 3365 1025 3432 προφήτας,
1054 3363 1191 3417 ἀλλά
1234 3364 1554 3436 πληρῶσαι·
1585 3366 1730 3434 λέγω
1770 3369 1875 3441 γάρ

307 3452 459 3522 ὑμῖν,
486 3452 592 3516 ἐως
614 3452 682 3506 ἂν
711 3453 952 3524 παρέλθῃ
983 3456 1012 3507 6
1048 3454 1276 3525 οὐρανὸς
1304 3458 1399 3512 καὶ
1435 3460 1469 3527 ἡ
1501 3459 1595 3526 γῆ,
1627 3459 1762 3513 ἰῶτα
1791 3459 1873 3524 ἓν,

304 3542 340 3612 ἢ
388 3541 489 3613 μία
521 3544 719 3615 κεραία
746 3544 808 3597 οὐ
838 3545 913 3616 μὴ
951 3546 1194 3618 παρέλθῃ
1219 3548 1329 3602 ἀπὸ
1354 3548 1448 3602 τοῦ
1477 3549 1641 3620 νόμου
1671 3550 1775 3613 ἕως
1808 3550 1875 3604 ἂν

302 3632 487 3687 πάντα
509 3633 754 3705 γένηται.
795 3635 856 3689 '0
890 3637 1119 3706 οὐρανὸς
1149 3638 1244 3691 καὶ
1283 3639 1412 3709 ἡγῆ
1456 3638 1871 3710 παρελεύσεται,

300 3722 353 3778 οι
376 3722 434 3777 δὲ
459 3722 610 3792 λόγοι
636 3741 741 3794 μου
757 3725 816 3778 οὐ
844 3726 920 3796 μὴ
947 3726 1278 3798 παρέλθωσι.
1306 3747 1325 3780 ι
1348 3729 1555 3795 Λόγους
1571 3727 1664 3783 οὖν
1685 3731 1869 3798 ἰδίους,

298 3814 395 3869 τὸν
420 3816 585 3887 νόμον
612 3817 897 3872 ἀποκαλεῖ·
934 3819 1083 3890 φωνὴ
1106 3819 1214 3891 γάρ
1240 3820 1403 3875 αὑτὸν
1423 3821 1683 3889 λελάληκε
1710 3822 1868 3887 Θεοῦ,

300 3904 557 3978 καθάπερ
594 3907 731 3978 ἐφην
760 3909 982 3979 ἀρτίως,
1014 3910 1289 3964 τουτέστιν
1312 3913 1342 3965 6
1381 3912 1527 3976 Υἱός.
1585 3912 1723 3965 Εἶτά
1769 3929 1871 3983 φη-

299 4014 410 4063 σιν,
440 3999 523 4051 ὅτι
561 4017 579 4049 ι
610 4000 1042 4070 Καταϐέϐηκενὸ
1069 4000 1274 4073 Κύριος
1292 4003 1385 4056 ἐπὶ
1406 4003 1466 4057 τὸ
1484 4004 1607 4075 ὅρος
1635 4005 1696 4057 τὸ
1719 4005 1868 4069 Σινᾶ,

296 4089 394 4142 ἐπὶ
420 4089 521 4160 τὴν
549 4090 792 4162 κορυφὴν
816 4090 908 4145 τοῦ
938 4092 1121 4163 ὅρους,
1151 4093 1247 4147 καὶ
1275 4093 1502 4148 ἐκάλεσε
1544 4096 1747 4164 Κύριος
1779 4097 1869 4151 τὸν

294 4177 506 4247 Μωσῆν
530 4179 623 4231 ἐπὶ
636 4178 734 4250 τὴν
746 4179 988 4251 κορυφὴν
1004 4181 1099 4234 τοῦ
1123 4181 1302 4251 ὅρους,
1328 4185 1420 4237 καὶ
1442 4185 1614 4253 ἀνέϐη
1638 4188 1863 4258 Μωσῆς.

294 4267 411 4322 Καὶ
436 4264 590 4322 εἶπεν
610 4269 640 4321 6
666 4268 795 4333 Θεὸς
818 4270 953 4339 πρὸς
982 4271 1191 4341 Μωσῆν
1218 4272 1392 4341 λέγων
1412 4290 1426 4305 ·
1457 4275 1719 4340 Καταϐἀς
1747 4277 1867 4330 δια-

298 4356 580 4429 μάρτυραι
618 4359 695 4431 τῷ
739 4360 856 4432 λαῷ
901 4363 1113 4432 μήποτε
1152 4365 1410 4433 ἐγγίσωσι
1450 4367 1586 4436 πρὸς
1615 4369 1706 4422 τὸν
1734 4369 1866 4423 Θεὸν

293 4450 653 4521 κατανοῆσαι,
674 4451 771 4516 καὶ
794 4451 934 4522 πέσῃ
966 4451 1027 4517 ἐξ
1055 4452 1233 4506 αὐτῶν
1262 4453 1463 4524 πλῆθος
1480 4471 1494 4487 ·
1522 4457 1617 4508 καὶ
1633 4458 1682 4509 οἰ
1700 4459 1863 4528 ἱερεῖς

289 4540 343 4592 οἰ
377 4539 686 4607 ἐγγίζοντες
719 4542 908 4614 Κυρίῳ
936 4541 1015 4613 τῷ
1043 4542 1161 4613 Θεῷ
1190 4544 1633 4615 ἀγιασθήτωσαν,
1658 4550 1864 4619 μήποτε

291 4630 582 4702 ἀπαλλάξῃ
606 4632 701 4683 ἀπ’
729 4632 906 4685 αὐτῶν
931 4632 1158 4704 Κύριος.
1202 4653 1220 4685 ι
1258 4634 1519 4688 Κάτεισιν
1538 4638 1618 4699 εἰς
1650 4637 1709 4689 τὸ
1740 4637 1862 4709 ὅρος

290 4719 321 4768 6
347 4717 488 4789 ὑπὲρ
518 4721 736 4773 πάντων
763 4721 914 4787 Θεὸς,
941 4718 1061 4777 εἶτα
1084 4724 1420 4795 κεκλημένος
1445 4725 1651 4780 ἄνεισιν
1681 4729 1708 4780 6
1734 4729 1863 4780 Μω-

292 4809 413 4877 σῆς.
438 4810 514 4861 Οὐ
542 4809 653 4882 γάρ
674 4812 788 4865 ἐστι
808 4811 918 4865 τῶν
955 4814 1320 4885 ἐνδεχομένων
1357 4816 1573 4887 ἰσχύσαι
1608 4819 1757 4881 τινὰς
1782 4824 1862 4882 εἰς

289 4900 358 4952 τά
382 4899 482 4970 τῆς
509 4901 743 4972 ἀληθοῦς
763 4903 1016 4968 θεοπτίας
1049 4905 1422 4976 ἀναθρώσκειν
1459 4907 1745 4978 ὑψώματα,
1782 4911 1858 4979 μὴ

285 4993 409 5062 οὐχὶ
438 4994 696 5057 καθέντος
727 4997 922 5049 ἐαυτὸν
950 4996 1042 5050 τοῦ
1080 4997 1235 5062 Θεοῦ,
1285 5000 1379 5052 καὶ
1416 5003 1535 5062 ταῖς
1564 5001 1859 5071 ἡμετέραις

284 5081 545 5146 διανοίαις
571 5085 826 5154 προσιτὸν
855 5087 1106 5154 γενέσθαι
1138 5090 1669 5160 παρασκευάζοντος·
1692 5091 1856 5144 αὑτοῦ

284 5174 343 5227 δὲ
392 5174 683 5239 καλοῦντος
730 5176 921 5247 ἄνιμεν
961 5177 1103 5232 οὕτω
1152 5179 1304 5248 μόλις
1343 5182 1423 5244 εἰς
1466 5182 1721 5254 ὑπερφυᾶ
1764 5182 1857 5235 καὶ

281 5265 627 5339 ἐξῃρημένην
665 5269 825 5322 οἰονεὶ
857 5271 1121 5340 κορυφὴν,
1156 5271 1253 5335 τὴν
1293 5274 1420 5342 περὶ
1467 5274 1630 5326 αὑτοῦ
1660 5274 1858 5342 γνῶσιν

278 5355 473 5428 ἀληθῆ.
540 5359 677 5430 ὅπερ
733 5344 943 5412 ἐποίσει
985 5359 1241 5429 Χριστὸς,
1290 5361 1688 5415 ἀποκαλύπτων
1726 5364 1857 5432 ἡμῖν

277 5451 373 5502 τὸν
421 5451 642 5521 Πατέρα
692 5452 787 5505 καὶ
835 5454 988 5516 Θεὸν,
1038 5453 1133 5505 καὶ
1172 5453 1388 5516 ἀστιϐὲς
1436 5454 1534 5522 μὲν
1574 5455 1686 5517 τοῖς
1733 5456 1857 5522 ἀγε-

232 5575 245 5617 ι
277 5538 452 5602 λαίοις
490 5541 550 5593 τὸ
584 5542 709 5612 ὅρος
758 5543 1085 5613 (ἀνέμϐατος
1119 5542 1226 5611 γὰρ
1271 5546 1386 5605 τοῖς
1432 5543 1646 5608 πολλοῖς
1693 5546 1853 5616 ήτῆς

355 5651 398 5683 ⁸⁸
440 5652 584 5721 Psal.
605 5668 734 5717 xvn,
762 5653 850 5705 12.
928 5653 973 5683 ⁸²
1003 5655 1146 5707 Psal.
1171 5670 1351 5721 xum,
1376 5657 1428 5709 2.

278 5732 394 5786 nx,
427 5720 620 5775 20-2‘2.

597 5816 868 5875 PATKOL.
909 5814 1023 5873 Gn.
1076 5812 1333 5872 LXVIII.

1899 4517 1946 4576 D

1529 5657 1573 5689 ⁸³
1596 5658 1766 5713 Exod.
1809 5659 2033 5726 x1x,l9.
2109 5660 2154 5689 ⁸⁵
2181 5659 2287 5712 lsa.
2327 5675 2416 5722 ιιι,
2442 5659 2491 5712 6.
2578 5660 2621 5691 ⁸⁵
2658 5660 2846 5715 Matth.
2899 5682 2952 5729 ν,
2982 5666 3066 5731 17,
3101 5668 3185 5722 l8.

1987 3280 2201 3328 centem
2240 3273 2432 3330 audire
2468 3292 2480 3328 :
2523 3294 2541 3327 ι
2575 3276 2717 3346 Ipse,
2755 3278 2853 3348 qui
2894 3279 3180 3350 loquebar,
3222 3283 3413 3340 adsum
3435 3285 3502 3340 “.
3532 3305 3552 3339 ι

1984 3360 2054 3416 Et
2082 3379 2094 3415 :
2127 3380 2146 3413 ι
2174 3361 2296 3416 Non
2334 3364 2461 3417 veni
2515 3364 2729 3419 solvere
2771 3366 2968 3437 legem,
3004 3370 3100 3424 sed
3134 3371 3399 3441 implere:
3433 3375 3561 3434 dico

1984 3453 2133 3508 enim
2175 3454 2353 3522 vobis,
2394 3456 2572 3513 donec
2615 3466 2858 3516 transeat
2902 3463 3103 3518 malum
3144 3473 3201 3520 et
3238 3475 3407 3535 terra,
3448 3470 3559 3529 iota

1984 3559 2176 3610 unum,
2205 3554 2301 3601 aut
2335 3563 2480 3604 unus
2514 3564 2654 3619 apex
2689 3567 2798 3606 non
2823 3556 3129 3623 praeteribit
3150 3573 3182 3613 a
3206 3559 3346 3631 lege,
3384 3562 3561 3620 donec

1982 3636 2167 3690 omnia
2208 3636 2359 3691 ﬁant.
2394 3638 2607 3695 Caelum
2635 3649 2692 3695 et
2720 3649 2866 3699 terra
2892 3649 3225 3716 transibunt,
3257 3653 3424 3708 verba
3455 3671 3557 3711 au-

1983 3732 2091 3780 tem
2125 3741 2247 3782 mea
2275 3744 2387 3783 non
2419 3731 2733 3787 transibunt
2760 3736 2825 3789 ⁶⁵.
2859 3756 2877 3787 ι
2914 3738 3021 3793 Sua
3058 3740 3241 3812 itaque
3270 3745 3438 3801 verba
3475 3747 3554 3801 le-

1979 3832 2101 3889 gem
2145 3820 2383 3889 appellat
2419 3839 2431 3875 :
2463 3836 2568 3876 vox
2605 3825 2753 3879 enim
2793 3826 2891 3881 Dei
2940 3828 3086 3884 illam
3127 3833 3460 3901 enuntiavit,
3496 3848 3557 3893 ut

1979 3910 2143 3967 modo
2188 3912 2329 3979 dixi;
2373 3912 2420 3968 is
2455 3921 2541 3969 est
2580 3916 2728 3970 enim
2798 3918 3061 3975 nimirum
3108 3923 3297 3981 Filius.
3346 3926 3554 3983 Deinde

1979 4000 2155 4072 inquit
2185 4019 2198 4056 :
2242 4021 2261 4054 ι
2297 4003 2589 4060 Descendit
2620 4006 2886 4064 Dominus
2926 4026 3092 4082 super
3130 4022 3370 4070 montem
3400 4016 3549 4081 Sina,

1977 4108 2142 4164 super
2174 4095 2437 4152 verticem
2482 4099 2708 4165 montis,
2738 4109 2795 4154 et
2827 4104 3045 4158 vocavit
3083 4104 3302 4177 Moysen
3330 4108 3397 4161 ad
3422 4124 3548 4163 ver-

1976 4182 2139 4238 ticem
2161 4185 2392 4253 montis;
2418 4197 2476 4242 et
2499 4189 2749 4245 ascendit
2774 4191 3002 4262 Moyses,
3023 4204 3080 4248 et
3100 4194 3315 4249 locutus
3339 4205 3423 4250 est
3445 4198 3550 4252 Do-

1974 4272 2157 4328 minus
2190 4274 2259 4328 ad
2292 4274 2531 4346 Moysen,
2586 4277 2813 4332 dicens:
2869 4279 3219 4335 Descendens
3254 4283 3547 4342 testiﬁcare

1971 4365 2197 4434 populo,
2218 4381 2287 4419 ne
2310 4364 2450 4421 forte
2472 4368 2738 4422 accedant
2760 4365 2829 4422 ad
2849 4368 3146 4424 videndum
3169 4371 3365 4439 Deum,
3382 4382 3437 4428 et
3459 4391 3548 4431 ca-

1971 4453 2064 4507 dat
2090 4470 2158 4508 ex
2184 4455 2318 4524 ipsis
2338 4456 2668 4524 multitudo;
2700 4467 2755 4511 et
2778 4458 3110 4524 sacerdotes,
3143 4462 3236 4530 qui
3275 4465 3547 4520 accedunt

1970 4545 2040 4599 ad
2055 4546 2369 4611 Dominum,
2389 4547 2820 4614 sanctiﬁcentur,
2839 4564 2905 4602 ne
2922 4550 3060 4604 forte
3081 4553 3301 4607 recedat
3323 4556 3391 4609 ab
3414 4557 3549 4627 ipsis

1968 4636 2314 4691 Dominus“.
2345 4658 2362 4689 ι
2397 4639 2688 4693 Descendit
2712 4638 2768 4693 in
2789 4649 3030 4695 montem
3059 4643 3149 4697 ille
3173 4661 3338 4714 super
3360 4651 3543 4704 omnia

1968 4727 2146 4793 Deus;
2176 4727 2372 4782 deinde
2396 4734 2620 4783 vocatus
2650 4731 2898 4785 ascendit
2924 4733 3152 4802 Moyses.
3182 4737 3370 4808 Neque
3393 4742 3543 4795 enim

1966 4818 2235 4888 contingit
2255 4825 2315 4872 ut
2336 4818 2403 4872 ad
2428 4819 2820 4876 sublimitatem
2842 4838 2985 4879 verm
3008 4826 3105 4881 Dei
3125 4834 3543 4901 contemplatio-

1966 4909 2053 4962 nis
2078 4910 2252 4979 possit
2275 4926 2332 4965 se
2356 4912 2643 4982 quisquam
2668 4916 2938 4984 attollere,
2969 4920 3075 4973 nisi
3102 4923 3341 4991 seipsum
3368 4925 3541 4979 demi-

1962 5000 2275 5066 seritDeus,
2297 5011 2353 5055 ct
2374 5002 2448 5055 ita
2472 5018 2529 5057 se
2551 4996 3066 5076 accommodaverit,
3094 5023 3154 5067 ut
3184 5017 3250 5070 ad
3283 5032 3409 5070 eum
3439 5034 3537 5072 no-

1965 5098 2089 5146 stra:
2112 5100 2324 5147 mentes
2346 5095 2556 5163 possint
2580 5099 2868 5165 accedere;
2902 5101 3019 5171 ipso
3043 5113 3222 5158 autem
3247 5117 3532 5171 evocante,

1963 5182 2054 5235 vix
2099 5182 2321 5238 tandem
2368 5185 2437 5239 ad
2487 5203 2758 5245 summum
2802 5192 2956 5245 illum
2985 5202 3039 5247 et
3070 5195 3347 5248 excelsum
3378 5198 3533 5263 quasi

1959 5273 2246 5339 verticem,
2273 5275 2445 5344 ipsius
2474 5293 2671 5348 nempe
2702 5297 2889 5335 veram
2918 5285 3302 5353 cognitionem,
3338 5301 3532 5340 ascen.-

1959 5364 2166 5430 dimus;
2205 5366 2351 5434 quod
2387 5366 2563 5436 ipsum
2596 5369 2850 5425 Christus
2892 5372 3041 5437 fecit,
3071 5390 3193 5427 cum
3224 5375 3439 5429 Patrem
3468 5392 3532 5431 ac

1957 5456 2126 5510 Deum
2168 5456 2325 5511 nobis
2370 5459 2651 5511 rcvelavit.
2688 5461 2754 5512 Et
2792 5477 2820 5512 a
2860 5463 3125 5531 gregariis
3166 5465 3387 5534 quidem
3427 5467 3530 5521 ho-

1955 5547 2197 5600 minibus
2236 5563 2393 5601 mons
2416 5547 2557 5600 adiri
2585 5563 2692 5601 non
2728 5558 2939 5618 potest;
2970 5554 3246 5610 inaccessa
3273 5565 3356 5611 est
3380 5558 3527 5611 enim

3285 5669 3329 5700 ⁸⁸
3351 5668 3525 5722 Exod.

3109 5829 3168 5890 16
