4138 6300
891 229 899 236 ⁷
925 231 953 245 ’δν
978 234 985 243 ¹
1030 229 1104 257 “ﬁ
1249 235 1290 257 μ’

2950 226 3102 251 -.ιτθοο
3141 228 3241 237 .......
3274 234 3335 247 Ρ..

456 283 601 341 τιτι
1252 294 1255 295 ί
1516 290 1573 347 s.
1612 288 1891 349 cvniLLt
1924 279 2401 352 ALEXANDRINI.
2427 288 2744 355 ARCHlEP’.
3652 294 3760 353 492

502 405 668 476 vulgo
692 401 840 458 illius
872 396 1497 472 supremae'cogniti‘onis
1520 407 1717 473 gratia,
1742 408 1918 478 iisque
1945 409 2064 465 solii

2178 410 2319 480 ἀγαν
2355 414 2685 487 ὑπερτενοῦς
2714 412 2970 484 γνώσεως
3032 402 3249 485 χάρις),
3298 412 3529 484 βάσιμος
3574 413 3632 468 δὲ
3660 417 3757 486 μό-

500 500 711 573 pervia,
728 496 823 567 qui
842 510 939 566 per
958 495 1107 558 illam
1131 495 1344 567 ingredi
1367 496 1576 564 sciunt;
1604 504 1715 555 imo
1737 502 1901 573 225
1920 518 2064 571 vero,

2178 520 2289 568 νοις
2338 508 2451 570 τοῖς
2505 506 2670 560 εἰδόσι
2706 506 3033 576 διαστείχειν
3083 505 3273 576 αὐτὴν,
3323 504 3524 575 μᾶλλον
3557 505 3619 558 δὲ
3661 512 3761 561 καὶ

499 593 594 663 qui
631 591 699 645 ad
734 603 857 644 eam
898 602 1015 643 rem
1050 595 1180 644 sunt
1206 586 1378 644 a-Deo
1398 593 1608 658 vocati,
1635 592 1779 648 sicut
1809 594 1916 650 fuit
1946 606 2064 666 pro-

2175 597 2258 659 είς
2301 597 2459 650 τοῦτο
2503 597 2863 668 κεκλημένοις
2908 597 3059 669 παρά
3114 598 3280 662 Θεοῦ,
3334 596 3585 668 καθάπερ
3617 600 3759 670 ἀμέ-

499 684 592 739 cut
612 680 783 738 dubio
804 679 1036 752 Moyses.
1063 678 1120 735 Si
1152 679 1483 751 quistigitur
1506 688 1592 736 est
1617 680 1792 738 ﬁdelis
1818 700 1882 740 ac
1911 701 2064 741 verus

2174 685 2257 739 λει
2278 687 2371 742 καὶ
2394 690 2618 761 Μωσῆς.
2656 688 2725 742 Εἴ
2744 706 2828 753 τις
2855 684 2949 747 οὖν
2986 690 3097 761 ἄρα
3129 688 3246 742 ἐστὶ
3293 688 3482 753 πιστὸς
3512 692 3608 743 καὶ
3629 694 3757 762 γνή-

496 788 695 828 servus
730 773 787 827 in
825 772 989 831 domo
1032 772 1150 837 Dei,
1180 772 1228 828 is
1268 787 1509 842 quoque,
1545 773 1692 829 sicut
1726 774 1840 840 ille,
1868 776 2064 832 electus

2176 796 2290 843 σιος
2340 781 2398 833 ὲν
2444 779 2579 852 οίκῳ
2618 781 2789 846 Θεοῦ,
2839 782 2993 836 ἔσται
3037 784 3135 836 καὶ
3181 782 3347 845 αὐτὸς
3389 785 3510 836 κατ’
3551 786 3759 845 ἐκεῖνον

495 865 605 919 erit
634 872 695 919 et
718 872 901 934 aptus,
934 864 1030 935 qui
1063 863 1313 935 proxime
1346 866 1574 922 accedat
1598 866 1671 921 ad
1693 866 1897 934 Deum,
1926 868 2064 938 quod

2174 869 2546 941 ὲξειλεγμένος
2575 870 2670 924 καὶ
2692 871 3016 940 ἐπιτηδείως
3042 871 3182 942 ἔχων
3205 874 3283 935 είς
3313 870 3375 924 τὸ
3399 871 3569 942 ἀγχοῦ
3598 875 3726 939 γενέ
3742 906 3759 915 ς

493 957 565 1012 ad
601 956 1056 1015 sanctiﬁcationis
1094 964 1259 1028 atque
1297 954 1626 1028 cognitionis
1649 957 1875 1021 modum
1899 960 2064 1030 perti-

2177 960 2300 1033 σθαι
2332 961 2488 1029 Θεοῦ,
2521 963 2677 1025 κατάΓ
2689 979 2752 1032 γε
2774 960 2865 1017 τὸν
2898 964 2957 1016 ὲν
2987 962 3246 1033 ἁγιασμῷ
3285 965 3378 1018 καὶ
3404 965 3611 1057 subiciet
3632 966 3760 1035 τρός

490 1056 609 1101 net.
662 1046 777 1101 liae
817 1061 1057 1117 namque
1094 1046 1308 1103 ratione
1355 1048 1520 1103 simul
1565 1063 1692 1103 cum
1731 1064 1807 1113 eo
1845 1050 2064 1117 erimus,

2176 1066 2297 1104 πον.
2339 1051 2685 1121 Συνεσόμεθα
2740 1052 2853 1124 γὰρ
2897 1051 3073 1117 οὕτως
3117 1052 3265 1124 αὐτῷ
3304 1046 3557 1122 λέγοντι·’
3599 1077 3618 1110 ο
3678 1058 3754 1111 Σὺ

488 1137 755 1193 dicente:
794 1155 819 1188 (ρ
842 1135 925 1191 'l‘u
957 1152 1091 1192 vero
1126 1145 1211 1194 sta
1253 1138 1347 1194 hic
1384 1154 1600 1195 mecum
1627 1141 1692 1195 °'.
1725 1159 1759 1192 ι.
1790 1140 1909 1199 Eos
1932 1157 2064 1212 quo-

2174 1141 2233 1194 δὲ
2277 1143 2444 1203 αὑτοῦ
2484 1143 2643 1215 στῆθι
2692 1146 2811 1216 μετῖ
2855 1146 3014 1216 ἐμοῦ.
3062 1164 3095 1197 ι-
3146 1145 3641 1218 ’Λιποκαθαίρεσθαι
3696 1148 3756 1204 δὲ

494 1246 624 1301 que,
652 1231 747 1300 qui
775 1229 1087 1289 sacerdotio
1110 1239 1242 1286 sunt
1265 1231 1526 1302 insignes,
1554 1233 1776 1303 purgari
1804 1234 2064 1304 praecipit,

2174 1231 2283 1290 δεῖν
2318 1237 2445 1299 τοὺς
2488 1237 2757 1309 ἱερωσύνῃ
2804 1238 3283 1310 κατεστεμμένους
3324 1241 3620 1311 παρεγγυᾷ
3660 1239 3753 1293 λέὸ

495 1322 686 1377 dicens
714 1339 727 1375 :
762 1341 780 1373 ι
809 1321 888 1377 Ne
923 1321 1066 1376 forte
1100 1321 1323 1378 recedat
1355 1322 1425 1378 ab
1466 1323 1548 1378 eis
1582 1325 1866 1388 Dominus.
1900 1345 1920 1377 ι
1960 1324 2064 1380 Lu-

2175 1341 2325 1393 7wv'
2369 1345 2388 1378 ι
2447 1328 2675 1397 Μήποτε
2725 1327 3011 1400 ἀπαλλάξῃ
3060 1330 3159 1383 ἀπ’
3208 1329 3390 1382 αὐτῶν
3428 1316 3659 1402 ¹Κύριος.
3723 1348 3761 1389 ο,

495 1414 709 1468 bricum
730 1419 819 1467 est
836 1413 984 1467 enim
1010 1412 1311 1469 sacerdotii.
1329 1429 1561 1481 munus,
1602 1432 1785 1486 neque
1823 1417 2017 1487 procul
2043 1433 2064 1471 a

2176 1418 2452 1491 Σφαλερὸν
2482 1419 2593 1491 γὰρ
2622 1420 2829 1491 κομιδῇ
2860 1421 2963 1491 τῆς
2994 1420 3290 1493 ἱερωσύνης
3319 1422 3389 1479 τὸ,
3410 1422 3621 1492 χρῆμα,
3657 1422 3755 1476 καὶ

493 1503 777 1575 periculis,
804 1502 916 1557 imo
938 1518 1073 1558 vero
1105 1504 1275 1559 etiam
1305 1505 1640 1575 proximum,
1664 1507 1772 1563 nisi
1803 1508 1884 1563 illi
1914 1508 2064 1579 plane

2176 1509 2436 1565 κινδύνων
2465 1512 2566 1564 οὐκ
2614 1512 2907 1578 ἀπωτάτω,
2939 1511 3141 1584 μᾶλλον
3184 1512 3240 1566 δὲ
3273 1514 3375 1567 καὶ
3412 1513 3535 1567 λίαν
3561 1514 3750 1583 ἔγγὺς,

493 1595 637 1651 adsit
669 1595 798 1650 vitae
829 1593 1118 1666 integritas
1145 1611 1158 1649 :
1187 1603 1408 1651 sanctos
1434 1597 1582 1651 enim
1617 1612 1741 1654 esse
1774 1599 1954 1665 decet,
1979 1600 2064 1670 qui

2176 1601 2225 1652 εἰ
2255 1599 2329 1671 μὴ
2355 1599 2539 1671 ὁρῷτο
2559 1602 2759 1674 προσὸν
2794 1602 2857 1657 τὸ
2891 1601 3191 1675 ἀμώμητον
3221 1606 3302 1668 είς
3348 1603 3516 1675 ζωήνο
3549 1604 3740 1673 ἁγίους

488 1688 605 1743 Deo
634 1688 882 1742 omnium
920 1688 1270 1743 sanctissimo
1307 1689 1518 1745 cultum
1549 1690 1832 1747 exhibent.
1865 1692 2064 1748 Deinde

2174 1689 2285 1763 γάρ
2308 1686 2449 1746 εἶναι
2475 1692 2675 1764 πρέπει
2715 1692 2843 1757 τοὺς
2876 1693 2957 1764 τῷ
2989 1695 3250 1767 πανὰγνῳ
3300 1696 3755 1765 λειτουργοῦντας

477 1780 570 1833 ait
596 1797 609 1832 :
644 1797 662 1830 ι
694 1779 764 1833 Ει
798 1778 939 1833 dixit
968 1780 1233 1835 Dominus
1258 1780 1462 1853 Moysi:
1493 1781 1665 1846 Vade,
1692 1782 1989 1850 descende,
2017 1790 2064 1840 et

2177 1779 2315 1851 Θεῷ.
2371 1777 2505 1834 Εἶτά
2555 1797 2726 1853 φησιο
2770 1801 2789 1834 ι
2843 1783 2954 1841 Καὶ
3006 1777 3135 1839 εἷπε
3168 1783 3374 1854 Κύριος
3424 1784 3504 1854 τῷ
3551 1785 3750 1855 Μωσῆῆ

460 1870 730 1926 .ascende
757 1878 816 1925 tu
855 1879 911 1926 et
937 1869 1131 1927 Aaron.
1147 1879 1360 1940 tecum;
1390 1872 1706 1929 sacerdotes
1728 1889 1863 1930 vero
1885 1890 1949 1931 ac
1971 1891 2064 1946 po-

2174 1870 2389 1938 Βάδιζε,
2427 1871 2698 1944 κατάϐηθι
2733 1873 2829 1929 καὶ
2863 1874 3096 1946 ωάῦηθι
3137 1875 3201 1929 σὺ
3240 1876 3334 1929 καὶ
3372 1874 3584 1946 ’Δαρὼν
3613 1878 3759 1946 μετὰ

488 1964 655 2034 pulus
697 1977 767 2019 ne
812 1970 1085 2019 conentur
1128 1965 1429 2021 ascendere
1477 1965 1555 2020 ad-
1586 1966 1782 2032 Deum,
1816 1982 1889 2023 ne
1930 1966 2064 2024 forte

2175 1963 2293 2016 σοῦ’
2320 1967 2377 2018 οί»
2396 1964 2453 2017 δὲ
2478 1967 2643 2035 ἱερεῖς
2677 1966 2781 2020 καὶ
2808 1967 2837 2019 6
2867 1964 2996 2029 λαὸς
3027 1964 3109 2036 μὴ
3134 1964 3508 2036 βιαζέσθωσαν
3540 1965 3747 2035 Mil-

488 2056 683 2127 perdat
716 2070 785 2110 ex
826 2055 909 2110 eis
940 2054 1212 2123 Dominus
1233 2056 1299 2111 οι.
1333 2075 1352 2109 ι
1397 2056 1662 2113 Ascendit
1704 2058 1938 2131 Moyses,
1974 2059 2064 2116 sed

2173 2072 2260 2109 ναι
2292 2056 2430 2128 πρὸς
2450 2058 2543 2111 τὸν
2571 2057 2723 2125 Θεὸν,
2755 2059 2966 2129 μήποτε
3009 2057 3254 2130 ἀπολέσῃ
3289 2058 3385 2112 ἀπ’
3417 2057 3600 2113 αὐτῶν
3629 2055 3749 2111 Κύ-

490 2163 602 2203 non
635 2147 755 2202 sine
785 2145 989 2212 Aaron,
1014 2147 1110 2217 qui
1147 2147 1378 2219 ﬁguram
1411 2147 1620 2205 Christi
1653 2150 1897 2207 tenebat.
1934 2150 2064 2206 Nam

2175 2164 2308 2219 ριος.
2355 2168 2374 2202 ι
2412 2149 2654 2203 Ἀνεισιν
2695 2152 2724 2203 6
2761 2151 2969 2221 Μωσῆς
2998 2151 3093 2204 καὶ
3120 2149 3182 2204 οὐ
3213 2149 3336 2221 δίχα
3372 2150 3477 2203 τοῦ
3510 2147 3744 2221 Ἀαρὼν,

488 2240 578 2295 lex
612 2240 669 2297 in
703 2238 924 2295 Christo
968 2239 1313 2303 honorabilis
1357 2249 1462 2308 est,
1490 2250 1548 2297 et
1586 2249 1845 2312 tanquam
1884 2249 2064 2296 sancta

2170 2239 2231 2304 ὃς
2255 2235 2324 2319 ἦν
2358 2241 2440 2305 είς
2465 2241 2637 2295 τύπον
2664 2241 2925 2314 Χριστοῦ.
2956 2242 3149 2314 Τίμιος
3180 2241 3292 2315 γάρ
3317 2241 3483 2313 νόμος
3512 2244 3572 2295 ἑν
3612 2242 3749 2311 Χρι-

490 2347 593 2402 per
631 2332 788 2387 illum
823 2347 996 2403 prope
1019 2332 1193 2388 Deum
1229 2340 1433 2389 etcum
1458 2335 1571 2389 Deo
1595 2340 1680 2389 est
1706 2334 1772 2389 “.
1805 2332 2064 2389 Praedical

2173 2330 2303 2402 στῷ,
2337 2333 2433 2386 καὶ
2476 2332 2553 2396 ὡς
2584 2333 2738 2402 ἅγιος
2768 2332 2836 2387 δι’
2868 2333 3056 2401 αὐτὸν,
3089 2333 3259 2402 ἐγγὺς
3311 2332 3448 2386 Θεοῦ
3475 2331 3572 2387 καὶ
3605 2331 3755 2402 μετά-

487 2424 651 2487 enim,
668 2425 788 2497 ipsa
827 2439 1048 2495 quoque
1083 2425 1391 2496 principem
1426 2426 1581 2493 illum
1617 2424 1988 2494 sacerdotum,
2016 2430 2064 2478 el

2169 2418 2328 2474 Θεοῦ.
2361 2422 2722 2493 Διακηρύττει
2755 2422 2863 2493 γάρ
2890 2422 2984 2476 καὶ
3030 2423 3194 2486 αὐτὸς
3236 2422 3331 2475 τὸν
3363 2421 3628 2494 ἀρχιερέα
3652 2422 3745 2475 καὶ

487 2519 800 2589 apostolum
837 2517 1204 2577 confessionis
1237 2526 1442 2572 nostra:
1477 2517 1782 2583 secundum
1818 2516 2064 2585 Scriptu-

2169 2511 2464 2567 ἀπόστολον
2497 2513 2596 2583 τῆς
2639 2511 2925 2585 ὁμολογίας
2972 2512 3150 2583 ἡμῶν,
3194 2511 3336 2569 κατά
3362 2511 3460 2575 τὰς
3498 2510 3739 2582 Γραφάς.

489 2626 598 2665 ras.
632 2610 716 2665 Sit
750 2609 920 2680 igitur
947 2609 1034 2662 lex
1057 2607 1280 2663 Christo
1311 2624 1412 2678 per
1448 2608 1791 2677 spiritualem
1821 2614 2064 2662 contem-

2168 2601 2539 2674 Παρεξεύχθω
2558 2599 2652 2658 οὖν
2689 2606 2717 2658 6
2745 2605 2911 2676 νόμος
2947 2604 3190 2677 Χριστῷ,
3223 2603 3311 2658 διὰ
3349 2604 3451 2675 τῆς
3483 2601 3542 2656 έν
3576 2602 3743 2656 πνεύ-

473 2702 795 2770 ,Ῥιιιιὶοιιοω
811 2700 1087 2771 adjuncta.
1108 2700 1244 2757 Nam
1264 2701 1435 2772 Moysi
1452 2701 1661 2755 dictum
1684 2707 1800 2755 est:
1827 2718 1846 2751 ι
1868 2699 2064 2767 Ascen-

2172 2709 2302 2764 ματι
2346 2693 2599 2766 θεωρίας.
2658 2688 3034 2767 Ἀκήκοεγὰρ
3072 2698 3102 2749 6
3143 2694 3370 2764 Μωσῆςο
3411 2712 3432 2747 ι
3483 2692 3755 2763 Ἀγάβηθι

467 2791 557 2845 -de
592 2798 650 2844 tu
673 2798 729 2845 et
750 2789 955 2844 Aaron.
990 2808 1009 2840 ι
1035 2780 1119 2832 ’-
1148 2809 1166 2841 ι
1187 2788 1328 2855 Qua:
1370 2790 1540 2861 igitur
1572 2790 1723 2844 Deus
1765 2788 2067 2859 conjunxit,

471 2880 653 2935 homo
676 2895 786 2934 non
810 2880 1090 2949 separet"
1106 2919 1121 2944 ,
1154 2899 1173 2932 ›
1202 2878 1476 2951 ιεεειιιιειι)
1497 2894 1563 2938 ea
1585 2878 2067 2948 contemplatione,

485 2985 608 3040 quae
634 2970 690 3023 in
719 2968 941 3025 Christo
967 2976 1072 3036 est,
1107 2971 1435 3042 abjungens,
1461 2970 1593 3037 dum
1617 2969 1720 3024 soli
1736 2968 2070 3024 adhaerescit

2169 2784 2235 2838 σὺ
2262 2784 2356 2838 καὶ
2384 2784 2613 2856 Ἀαρών.
2640 2803 2764 2839 ι-ι
2794 2788 2862 2840 Ἀ
2886 2782 2979 2842 οὖν
3007 2785 3140 2850 Θεὸς
3169 2784 3508 2852 συνέζευξεν,
3536 2784 3745 2856 ἀνθρω-

2167 2888 2268 2936 πος
2299 2872 2374 2944 μὴ
2412 2873 2714 2946 χωριζέτω,
2747 2892 2766 2925 ι
2804 2876 2906 2946 τῆς
2934 2876 2997 2933 ἐκ
3018 2873 3243 2946 Χριστῷ
3274 2872 3509 2944 Θεωρίας
3538 2876 3741 2927 ἀκιτοκοὁ

2161 2961 2345 3032 μίζων
2375 2964 2470 3018 τὸν
2499 2965 2801 3037 νόμοντδιά
2820 2967 2882 3020 τὸ
2913 2967 3053 3041 μόνη
3081 2965 3443 3037 προσκεῖσθαι
3479 2968 3548 3038 τῇ
3590 2968 3743 3038 σκιᾷ,

472 3057 715 3124 umbrae,
744 3067 801 3115 et
840 3059 1135 3126 veritatem
1176 3060 1247 3127 ad
1285 3061 1585 3134 imaginem
1618 3060 1914 3132 ﬁgurarum
1952 3076 2064 3117 non

2168 3055 2263 3109 καὶ
2294 3055 2369 3128 μὴ
2392 3060 2478 3122 ἐίς
2502 3059 2688 3113 εἰκόνα
2715 3060 2831 3114 τῶν.
2847 3059 3031 3115 τύπων
3057 3057 3458 3129 παραδέχεσθαι
3485 3059 3586 3130 τὴν
3613 3060 3746 3128 ἀλή-

472 3138 744 3206 -admittit.
786 3151 895 3208 Sed
939 3168 1171 3219 sacrum.
1205 3153 1341 3217 illud
1385 3171 1558 3226 genus
1592 3155 1650 3211 in
1681 3166 1925 3221 montem
1960 3175 2069 3215 una

484 3258 613 3310 cum
637 3243 855 3316 populis
881 3245 1181 3303 ascendere
1205 3245 1559 3316 prohibetur;
1596 3263 1777 3319 neque
1803 3251 1951 3309 enim
1977 3250 2080 3321 iis,,

478 3334 580 3405 qui
622 3335 744 3415 lege
788 3343 1079 3413 reguntur,
1116 3352 1297 3411 neque
1342 3338 1431 3403 iis,
1455 3338 1551 3421 qui
1595 3337 1777 3395 adhuc
1810 3340 1967 3395 illum
2011 3342 2069 3397 in

481 3426 700 3480 umbris
741 3425 952 3480 cultum
996 3426 1280 3493 exhibent,
1310 3427 1499 3483 datum
1538 3445 1569 3483 a
1606 3430 1720 3485 Deo
1751 3438 1855 3498 est,
1881 3441 1941 3487 ut
1974 3433 2068 3489 illa

484 3515 702 3569 excelsa
740 3528 807 3568 ac
846 3528 1059 3569 summa
1101 3514 1376 3587 dogmata,
1403 3532 1526 3587 qua:
1558 3516 1641 3583 ad
1668 3518 1849 3589 ipsius,
1883 3522 2070 3593 cogni-

486 3603 692 3657 tionem
732 3602 1036 3673 pertinent,
1077 3605 1231 3661 adire
1276 3606 1519 3676 possint;
1560 3607 1658 3662 sed
1697 3618 1974 3665 servatum
2010 3611 2067 3667 id

476 3693 669 3764 potius
697 3701 784 3749 est
826 3694 915 3761 iis,
946 3696 1042 3767 qui
1088 3696 1147 3751 in
1189 3696 1296 3765 ﬁde
1336 3697 1643 3769 iustiﬁcati,
1675 3708 1732 3754 et
1769 3700 1825 3754 in
1847 3700 2066 3759 Christo

480 3785 552 3839 ad
577 3785 952 3841 obedientiam
976 3794 1141 3857 atque
1175 3788 1547 3858 cognitionem
1571 3780 1731 3861 longe
1779 3791 1869 3846 illa
1890 3794 2065 3863 veteri

482 3878 924 3947 praestantiorem
949 3884 1077 3933 sunt
1102 3879 1304 3933 vocati.
1332 3878 1470 3945 Nam
1507 3881 1840 3947 eminentem
1874 3883 2064 3953 cogni-

481 3960 689 4022 tiOnem
710 3966 918 4023 Christi
943 3968 1141 4024 beatus
1163 3984 1381 4039 quoque
1398 3970 1600 4025 Paulus
1622 3980 1706 4027 est
1725 3972 2061 4037 admiratus:

481 4074 546 4114 ac
564 4058 722 4113 testis
742 4059 871 4114 huic
886 4058 967 4114 rei
983 4059 1091 4114 erit
1107 4059 1223 4129 ipse
1239 4075 1458 4131 quoque
1474 4060 1743 4130 Salvator,
1762 4063 1856 4133 qui
1876 4073 2064 4135 aperte

484 4158 599 4205 tum
637 4149 706 4206 de
741 4151 926 4217 nobis,
959 4159 1076 4207 tum
1109 4167 1243 4221 vero
1283 4152 1353 4208 de
1396 4153 1484 4220 iis,
1513 4155 1608 4225 qui
1646 4171 1677 4211 e
1709 4172 1908 4228 genere
1928 4142 2065 4220 sunt

483 4241 668 4307 Israel,
707 4240 844 4296 dicit
884 4260 897 4296 :
948 4262 967 4294 ι
1016 4242 1183 4305 Vobis
1232 4243 1431 4313 datum.
1464 4254 1550 4302 est
1598 4263 1759 4307 nosse
1805 4250 2064 4320 mysteria

482 4331 638 4401 regni
667 4331 956 4397 caelorum,
995 4331 1104 4399 illis
1144 4340 1329 4389 autem
1361 4350 1470 4401 non
1496 4344 1581 4401 est
1609 4335 1798 4401 datum
1824 4339 1891 4392 ’³.
1928 4358 1946 4390 ι
1984 4338 2062 4401 Ac

2156 3147 2340 3204 θείαν.
2376 3150 2615 3221 Εἴρηται
2653 3168 2719 3220 γε
2764 3151 2881 3224 μὴν
2923 3152 3219 3222 ἀναφοιτᾷν
3248 3152 3331 3213 εις
3365 3148 3427 3204 τὸ
3463 3150 3589 3221 ὅρος
3630 3153 3744 3213 τοῖς

2165 3241 2359 3314 δήμοις
2392 3240 2528 3314 ὁμοῦ
2559 3242 2622 3296 τδ
2646 3243 2799 3312 γένος
2833 3242 2893 3297 τὸ
2926 3243 3093 3314 ἱερόν.
3120 3244 3197 3296 Οὐ
3227 3241 3335 3314 γὰρ
3365 3244 3479 3306 τοῖς
3504 3243 3564 3295 ὲν
3593 3242 3743 3312 νόμῳ

2167 3333 2730 3406 παιδαγωγουμένοις,
2765 3335 2889 3389 οὐδὲ
2930 3338 3044 3398 τοῖς
3076 3334 3157 3387 ἔτι
3203 3334 3303 3405 τὴν
3347 3334 3406 3388 ὲν
3442 3336 3621 3396 σκιαῖς
3648 3349 3739 3391 τε·

2165 3422 2317 3477 λοῦσι
2363 3423 2655 3495 λατρείαν,
2704 3424 2911 3478 δέδοται
2955 3423 3105 3494 παρὰ
3147 3421 3283 3477 Θεοῦ
3325 3422 3387 3476 τὸ
3419 3423 3487 3474 δν.
3518 3419 3742 3490 ὑψηλοῖς

2166 3512 2260 3565 καὶ
2314 3513 2641 3584 ὑπερτάτοις
2706 3514 2842 3567 ίέναι
2901 3513 3137 3583 δόγμασι
3200 3515 3314 3577 τοῖς
3367 3511 3503 3584 περὶ
3549 3509 3740 3571 αὑτοῦ*

2163 3603 2458 3674 τετήρηται
2502 3604 2562 3656 δὲ
2601 3603 2800 3673 μᾶλλον
2833 3606 2947 3667 τοῖς
2977 3606 3034 3658 ὲν
3071 3603 3253 3659 πίστει
3278 3602 3737 3671 δεῶκαιωμένοις,

2164 3695 2260 3748 καὶ
2290 3696 2348 3749 ὲν
2380 3694 2604 3766 Χριστῷ
2648 3695 3015 3767 κεκλημένοις
3062 3697 3142 3759 είς
3172 3695 3442 3767 ὑπακοὴνε,
3479 3694 3571 3751 καὶ
3604 3693 3740 3746 πολὺ

2161 3781 2261 3851 τῆς
2308 3780 2674 3857 ἀρχαιοτέρας
2718 3783 3099 3852 διενεγκοῦσαν
3140 3784 3364 3852 γνῶσιν.
3410 3782 3739 3853 Ἔεθαύμακε

2162 3874 2277 3946 γὰρ
2315 3875 2377 3928 τὸ
2407 3875 2675 3947 ὑπερέχον
2718 3876 2820 3945 τῆς
2859 3874 3114 3941 γνώσεως
3166 3875 3261 3935 τοῦ
3304 3873 3542 3946 Χριστοῦ
3589 3875 3684 3933 καὶ
3711 3876 3755 3928 6

2164 3965 2454 4031 θεσπέσιος
2474 3965 2705 4030 Παῦλος⁹
2736 3968 3071 4037 μαρτυρήσει
3092 3965 3149 4020 δὲ
3171 3967 3264 4019 καὶ
3287 3966 3448 4028 αὐτὸς
3471 3967 3501 4018 6
3524 3965 3740 4036 Σωτὴρ,

2158 4056 2290 4126 περί
2319 4073 2378 4109 τε
2411 4056 2571 4126 ἡμῶν
2603 4057 2695 4109 καὶ
2718 4056 2826 4109 τῶν
2854 4054 2914 4120 ἐξ
2946 4057 3193 4127 αἵματος
3214 4056 3450 4128 Ἰσραὴλ,
3487 4056 3738 4125 ἀναφαν-

2162 4146 2255 4200 δὸν.
2281 4146 2478 4215 λέγων,
2510 4148 2592 4201 ὅτι
2637 4166 2654 4198 ι
2703 4148 2866 4218 Ὑμῖν
2902 4148 3110 4203 δέδοται
3127 4147 3331 4216 γνῶναι
3362 4147 3431 4201 τὰ
3465 4147 3743 4217 μυστήρια

2164 4238 2263 4307 τῆς
2286 4237 2572 4308 βασιλείας
2601 4236 2709 4291 τῶν
2736 4238 3009 4309 οὐρανῶν,
3050 4237 3279 4303 ἐκείνοις
3301 4237 3382 4290 δὲ.
3411 4238 3475 4290 οὑ
3504 4236 3741 4290 δέδοται.

2162 4316 2274 4382 Kal
2320 4329 2450 4399 περὶ
2504 4328 2603 4398 μὲν
2659 4328 2768 4382 τῶν
2835 4328 3126 4384 Ἰουδαίωνο
3178 4348 3197 4380 ι
3223 4382 3227 4386 ,
3257 4328 3461 4397 Ἅφετε
3513 4327 3756 4392 αὐτδὺςν.

481 4398 776 4477 σεἰιιάεειε
801 4422 1026 4493 quidem
1055 4398 1123 4477 είς
1151 4423 1326 4481 Sinite
1363 4398 1522 4495 illos;
1550 4398 1679 4484 caeci
1719 4398 1867 4497 sum,
1894 4398 2063 4496 duces

2165 4418 2352 4489 τυφλοί
2395 4398 2567 4484 εἰσιν,
2617 4419 2803 4490 ὁδηγοὶ
2833 4419 3068 4488 τυφλῶν.
3118 4438 3143 4477 ι
3191 4416 3641 4490 Προσπεφὼνηκε
3680 4417 3757 4470 δὲ.

485 4525 759 4566 caecorum
796 4515 862 4568 ".
899 4532 919 4565 ι
973 4513 1081 4569 Eos
1128 4524 1346 4583 autem,
1393 4518 1489 4588 qui
1540 4519 1720 4589 ipsum
1773 4529 2061 4589 noverant,

483 4618 677 4659 rursus
698 4603 969 4660 allocutus
988 4612 1093 4673 est,
1119 4625 1137 4657 ‹
1166 4607 1346 4662 Vestri
1372 4617 1556 4664 autem
1579 4609 1727 4677 beati
1748 4612 1915 4679 oculi,
1934 4615 2073 4684 quia.

479 4693 701 4758 vident,
727 4701 783 4747 et
801 4709 967 4751 aures
987 4704 1204 4761 vestrae,
1223 4698 1350 4767 quia
1378 4700 1693 4767 audiunt".
1727 4722 1744 4753 ι
1968 4704 2063 4760 His

482 4782 552 4836 de
579 4782 748 4836 rebus
767 4799 895 4838 cum
919 4784 1069 4854 loqui
1093 4786 1347 4842 desiisset
1368 4789 1459 4845 ille
1485 4782 2059 4861 universorum‘Deus,

481 4872 781 4943 pracipere
835 4876 1140 4941 exorditur,
1193 4886 1250 4934 et
1300 4881 1369 4936 de
1428 4884 1595 4938 rebus
1644 4886 1866 4961 optimis
1910 4887 2057 4958 leges

480 4964 839 5022 constituere.
881 4967 1070 5038 Itaque
1107 4969 1188 5036 sic
1231 4971 1350 5025 ait:
1393 4992 1411 5023 ι
1450 4973 1565 5045 Ego
1606 4976 1869 5032 Dominus
1912 4978 2058 5047 Deus

484 5068 631 5125 tuus,
656 5059 751 5131 qui
779 5059 947 5116 eduxi
987 5069 1039 5116 te
1073 5061 1141 5117 de
1174 5070 1316 5117 terra
1338 5063 1577 5138 Egypti,
1609 5068 1677 5123 de
1700 5069 1862 5131 domo
1885 5071 2059 5139 servi.-

483 5153 614 5208 tutis
637 5171 650 5206 :
683 5169 795 5207 non
823 5161 984 5209 erunt
1013 5153 1111 5209 tibi
1138 5154 1215 5209 dii
1243 5155 1333 5209 alii
1358 5165 1556 5225 printer
1583 5174 1669 5213 me
1697 5160 1767 5219 "._
1795 5179 1813 5211 ι
1849 5161 2059 5221 Decens

484 5257 613 5297 vero
651 5245 768 5299 suis
804 5245 1020 5316 legibus
1070 5244 1203 5301 fecit
1245 5246 1557 5312 exordium,
1598 5262 1656 5307 se
1705 5264 1826 5304 esse
1874 5250 2063 5313 dicens

481 5347 628 5398 cum,
673 5335 767 5405 qui
817 5336 1040 5392 illorum
1090 5337 1145 5391 in
1192 5336 1427 5410 Egypto
1461 5338 1835 5410 prodigiorum
1871 5349 2062 5395 auctor

480 5421 679 5490 fuerit;
723 5427 817 5494 qui
861 5427 1127 5483 adversus
1171 5428 1486 5499 iniquorum
1527 5428 1875 5484 dominorum
1911 5429 2059 5495 insa-

480 5511 657 5575 niam,
704 5515 1042 5583 universam,
1091 5526 1151 5572 ut
1194 5534 1305 5573 uno
1346 5520 1517 5575 verbo
1559 5519 1771 5584 dicam,
1808 5519 2061 5574 excitarit

2164 4511 2327 4566 πάλιν
2371 4513 2483 4575 τοῖς
2520 4512 2817 4580 ἐγνωκόσιν
2865 4511 3047 4564 αὐτόν·
3079 4528 3102 4562 ι
3157 4509 3341 4580 ’Υμῶν
3370 4509 3443 4562 δὲ⁹
3476 4508 3745 4579 μακάριοι

2162 4605 2212 4655 oi
2254 4601 2541 4674 ὀφθαλμοὶ,
2573 4604 2655 4657 ὅτι
2704 4602 2980 4673 βλέπουσι,
3020 4602 3115 4655 καὶ
3159 4602 3239 4654 τὰ.
3272 4596 3399 4654 ὦτα
3434 4598 3610 4669 ὑμῶν,
3657 4598 3745 4652 ὅτι

2162 4694 2475 4750 ἀκούουσιν.
2510 4713 2529 4746 ι
2576 4695 2792 4767 Ἐπειδὴ
2816 4694 2873 4748 δὲ
2898 4695 3025 4757 τοὺς
3050 4694 3181 4764 περὶ
3203 4690 3411 4745 τούτων
3432 4690 3747 4760 διεπέραινε

2161 4787 2353 4855 λόγους
2399 4787 2429 4839 ὁ
2456 4785 2565 4840 τῶν
2610 4786 2748 4839 ὅλων
2774 4785 2936 4850 Θεὸς,
2982 4784 3208 4855 ἄρχεται
3231 4782 3599 4853 θεσμοθετεῖν,
3645 4781 3751 4841 καὶ

2162 4881 2289 4942 τοὺς
2323 4879 2408 4947 ἐφ’
2440 4877 2612 4933 ἅπασι
2648 4881 2761 4941 τοῖς
2801 4877 3045 4949 ἀρίστοις
3077 4875 3279 4939 ὁρίζειν
3322 4875 3541 4943 νόμους.
3584 4872 3747 4929 Οὕτω

2161 4974 2223 5025 τέ
2258 4987 2442 5043 φησιν’
2475 4991 2492 5022 ι
2538 4968 2681 5039 Ἐγὼ
2723 4968 2925 5040 Κύριος
2962 4969 2991 5020 6
3031 4966 3165 5029 Θεός
3199 4980 3316 5031 σου,
3350 4965 3499 5027 ὅστις
3543 4962 3746 5033 ὲξήγαο

2164 5064 2259 5135 γόν
2302 5081 2361 5117 σε
2409 5062 2475 5117 ὲκ
2525 5061 2628 5132 γῆς
2675 5061 2973 5136 Αἰγύπτου,
3023 5058 3085 5123 ἐξ
3128 5058 3278 5112 οῐκου
3328 5055 3595 5118 δουλείας·
3643 5054 3748 5107 οὐκ

2166 5154 2378 5208 ἔσονταί
2406 5170 2487 5207 σοι
2532 5152 2644 5216 Θεοὶ
2673 5150 2849 5222 ἕτεροι
2894 5149 3034 5218 πλὴν
3065 5147 3221 5219 enati.
3264 5165 3291 5197 ι
3318 5146 3649 5222 Πρέπουσαν
3686 5142 3747 5194 δὲ

2163 5250 2276 5311 τοῖς
2311 5246 2494 5314 νόμοις
2534 5214 2830 5315 ἐποιήσατο
2872 5241 2971 5313 τὴν
2990 5214 3200 5312 ἀρχὴν,
3234 5214 3427 5291 ἑαυτόν
3469 5231 3613 5299 εἶναι
3655 5232 3742 5284 λέ-

2162 5354 2275 5407 γων
2318 5338 2409 5391 τὸν
2462 5338 2520 5391 ὲν
2575 5335 2836 5403 Αἰγύπτῳ
2876 5330 3263 5403 τερατουργόνο
3308 5330 3402 5381 τὰν
3454 5330 3578 5389 ταῖς
3631 5324 3739 5376 τῶν

2163 5426 2635 5480 πλεονεκτούντων
2665 5424 2883 5494 μανίαις
2922 5422 3072 5490 ὃλην,
3104 5421 3179 5483 ὡς
3207 5419 3336 5481 ἔπος
3372 5418 3572 5477 εἰπεῖν,
3609 5428 3740 5467 κατ-

2163 5517 2521 5585 εξανιστάντα
2548 5516 2648 5587 τὴν
2667 5515 2866 5568 κτίσιν·
2920 5512 3108 5574 ὑετούς
3134 5528 3203 5564 τε
3233 5509 3326 5561 κοιλ¹
3359 5504 3606 5577 χαλάζας
3652 5502 3737 5566 ἐξ·

553 5625 775 5698 ξτμῡριιῑ.
812 5643 864 5692 v,
898 5629 986 5683 51.
1057 5631 1289 5687 "Exod.
1318 5649 1426 5697 xix,
1453 5634 1543 5687 ‘24.
1617 5635 1660 5667 ⁶⁹
1683 5633 1949 5692 llebr.m,
1975 5632 2027 5697 5,
2052 5633 2102 5689 6.
2161 5637 2207 5668 ’θ
2234 5635 2398 5690 Marc.
2425 5649 2478 5698 Χ,
2505 5634 2558 5688 9.
2634 5631 2888 5687 “Matth.
2922 5646 3036 5696 xm,
3076 5629 3159 5683 ii.
3240 5626 3285 5658 ⁷¹
3315 5622 3508 5678 Matth.
3530 5637 3600 5675 xv
3648 5617 3735 5673 H-

483 5693 530 5729 ⁷³
560 5695 749 5750 Matth.
773 5713 888 5769 xm,
920 5699 1003 5754 16.
1080 5701 1127 5732 ’δ
1154 5700 1329 5756 Levit.
1354 5693 1425 5770 ιιι,
1458 5704 1525 5757 45
1547 5720 1561 5768 ;
1582 5702 1754 5760 Exod.
1777 5717 1866 5766 xx,
1902 5700 1954 5754 5.
