4138 6300
475 284 586 344 ’ὁθὸ

1516 279 1568 334 S.
1610 279 1880 336 G‘YRII.L:
1923 277 2388 334 ALEXANDRINI
2426 277 2740 335 ARCIIIEP.

3624 279 3726 337 ωε

485 394 948 465 incorruptionem
975 406 1037 446 ac
1074 390 1262 456 vitam,
1284 391 1348 446 ad
1379 405 1530 462 spem
1555 394 1792 463 denique
1815 395 2052 450 futuram

2172 394 2448 466 ὶμαρτίας,
2483 396 2560 456 εἰς
2599 392 2908 464 ἐλευθερίαν
2944 392 3034 445 καὶ
3067 393 3279 462 ἄφεσιν,
3306 394 3385 456 εἰς
3419 392 3729 466 ἀφθαρσίαν

482 487 701 542 initium
726 492 781 539 et
813 485 980 554 janua
1005 493 1059 537 et
1081 483 1168 536 via
1189 482 1350 536 nobis
1372 491 1456 537 est
1483 483 1678 538 factus.
1707 485 1892 541 Multis
1923 499 2056 541 vero

480 577 659 634 modis
673 576 840 639 hunc,
859 574 950 644 qui
978 575 1033 627 in
1057 573 1276 629 Christo
1303 575 1645 646 intelligitur,
1663 577 2055 634 sabbatismum

481 679 758 720 sacrarum
784 677 1002 734 quoque
1029 663 1362 719 Litterarum
1385 664 1519 720 ﬁdes
1533 667 1694 722 nobis
1717 669 1951 725 latenter
1975 672 2058 726 in-

479 757 681 821 sinuat,
707 771 854 811 nunc
876 755 1099 825 quidem
1117 771 1242 812 cum
1259 756 1645 823 cessationem,
1665 775 1770 829 qua
1798 769 2056 832 tanquam

477 867 506 903 a
541 848 780 918 peccatis
803 855 1069 914 cessatur,
1093 847 1377 914 describit,
1429 858 1484 904 et
1523 851 1845 907 acerbamin
1865 853 2058 923 primis

476 950 641 1008 atque
662 955 911 1010 asperam
937 939 995 994 in
1024 947 1458 1011 transgressores
1481 957 1702 1012 pennam
1737 944 2054 1012 constituit;

481 1045 628 1084 nunc
671 1044 823 1096 vero,
865 1045 991 1086 cum
1032 1031 1488 1102 redemptionem,
1528 1048 1652 1102 qua:
1693 1032 1750 1088 in
1781 1048 1847 1088 eo
1893 1033 1972 1100 ﬁt,
1995 1050 2060 1090 ac

480 1121 867 1177 remissionem
901 1130 959 1177 et
982 1122 1423 1189 instructionem,
1445 1139 1552 1193 qua
1587 1124 1654 1179 ad
1674 1123 1923 1179 futurum
1955 1141 2056 1180 sae-

481 1213 667 1266 culum
711 1227 971 1282 paramur
1013 1221 1069 1268 et
1092 1213 1469 1284 accingimur,
1495 1214 1724 1284 ﬁgurate
1765 1215 2055 1286 signiﬁcat.

553 1303 749 1358 PALL.
788 1305 1012 1374 Explica
1037 1305 1202 1376 igitur
1237 1321 1476 1376 quonam
1499 1315 1676 1376 pacto.
1707 1305 1765 1361 Id
1805 1307 1952 1362 enim
1990 1307 2058 1361 li-

485 1393 810 1449 bentissime
829 1395 1141 1450 didicerim.

551 1483 708 1539 CYR.
735 1483 839 1539 Per
873 1485 1071 1550 ﬁdem,
1101 1486 1347 1552 Palladi,
1392 1503 1514 1556 qua:
1553 1487 1608 1541 in
1653 1487 1876 1544 Christo
1903 1486 2062 1546 intel-

485 1573 702 1645 ligitur,
753 1574 1052 1629 Sabbatum
1105 1574 1464 1646 spiritualiter
1513 1577 1895 1645 celebramus,
1935 1595 2062 1634 cum

484 1681 514 1719 a
560 1665 984 1721 distentionibus
1033 1665 1196 1738 hujus
1237 1666 1428 1721 mundi
1485 1682 1783 1734 cessamus,
1809 1677 1863 1724 et
1898 1686 1926 1725 a
1968 1685 2061 1724 va-

2159 489 2252 540 xal.
2281 488 2358 550 εἰς
2387 479 2551 556 ζωήν,
2582 486 2674 538 καὶ
2709 487 2802 549 εἰς
2837 484 3027 537 ἐλπίδα
3067 484 3166 556 τὴν
3202 483 3518 554 μέλλουσαν.
3555 486 3729 540 Πολυ-

2159 578 2373 648 τρόπως
2403 577 2458 630 δὲ
2504 579 2636 648 ἡμῖν
2673 577 2766 630 τὸν
2795 579 2852 630 έν
2897 577 3120 649 Χριστῷ
3153 578 3439 648 νοούμενον
3470 579 3730 632 σαϐϐατι-

2161 668 2296 738 σμὸν
2329 669 2422 721 καὶ⁹
2447 671 2478 739 ἠ
2501 667 2610 723 τῶν
2635 667 2795 741 ἱερῶν
2821 668 3168 739 Γραμμάτων
3199 670 3493 724 αἰνίττεται
3521 671 3730 735 πίστις,

2157 757 2246 810 ὁτὲ
2280 757 2376 827 μὲν
2407 758 2506 828 τὴν
2539 758 2596 809 ὲν
2641 756 2819 827 ἐαυτῷ
2859 757 3190 826 κατάληξιν,
3218 757 3316 828 τὴν
3344 758 3422 821 ὡς
3453 756 3513 823 ὲξ
3542 759 3728 830 ἀμαρ-

2159 847 2289 903 τιῶν
2319 848 2716 919 ύπογράφουσα
2737 886 2753 912 ,
2795 847 2890 900 καὶ
2919 847 3014 917 τὴν
3051 849 3134 901 ὅτι
3171 847 3404 918 μάλιστα
3438 849 3638 920 πικράν
3667 866 3729 901 τε

2160 940 2253 992 καὶ
2303 939 2484 1009 ἀπηνῆ
2537 938 2630 991 τοῦ
2680 938 3500 1012 παραϐαίνοντος-καθορίξουσα
3539 940 3727 1012 δίκην,

2159 1031 2247 1086 ὁτὲ
2291 1032 2348 1085 δὲ
2382 1027 2448 1086 αὖ
2487 1031 2586 1102 τὴν
2618 1032 2674 1083 ὲν
2710 1029 2858 1101 αὑτῷ
2887 1029 3153 1102 λύτρωσιν
3183 1047 3245 1083 τε
3273 1031 3370 1085 καὶ
3409 1032 3606 1100 ἄφεσιν
3648 1035 3728 1097 εἰς

2160 1124 2492 1196 ἐλευθερίαν,
2515 1124 2610 1176 καὶ
2647 1122 2752 1194 μὴν
2780 1121 2875 1175 καὶ
2905 1123 3270 1195 εύτρεπισμὸν
3315 1125 3407 1177 τὸν
3446 1125 3527 1187 εἰς
3559 1125 3729 1179 αἰῶνα

2160 1214 2252 1268 τὸν
2283 1213 2543 1284 μέλλοντα
2568 1212 2812 1276 τυπικῶς
2847 1213 3244 1282 ὑποφαίνουσα.

2231 1305 2439 1358 ΠΑΛΛ.
2494 1304 2672 1376 Φράζε
2715 1305 2779 1377 δὴ
2825 1300 2918 1360 οὖν
2950 1306 3116 1368 ὅπως.
3167 1305 3380 1376 Εἰδείην
3419 1307 3526 1378 γὰρ
3559 1309 3626 1362 ἀιν
3655 1308 3732 1372 ὡς

2162 1397 2356 1468 ἥδιστά
2384 1415 2468 1466 γε.

2235 1489 2402 1544 ΚΥΡ.
2447 1489 2549 1544 Διά
2585 1490 2854 1553 πίστεως,
2896 1483 2942 1543 ὦ
2973 1489 3257 1557 Παλλάδιε,
3287 1490 3386 1562 τῆς
3420 1492 3481 1544 ὲν
3512 1493 3734 1564 Χριστῷ

2165 1581 2460 1652 νοουμένης
2503 1579 2889 1652 πνευματικῶς
2924 1579 3340 1650 σαϐϐατίζομεν,
3379 1582 3488 1636 τῶν
3514 1584 3572 1636 ὲν
3599 1583 3735 1654 τῷδε

2166 1672 2355 1744 κόσμῳ
2386 1672 2786 1744 περισπασμῶν
2837 1672 3258 1743 καταλήγοντες,
3299 1673 3392 1727 καὶ
3432 1677 3733 1746 περιφορᾶς

485 1772 558 1811 no
627 1772 817 1812 errore
883 1756 1321 1826 requiescimus,
1377 1766 1434 1813 et
1489 1774 1520 1812 a
1580 1760 1824 1829 nequitia
1887 1745 2068 1815 disce-

2172 1741 2381 1828 εἰκαίας
2409 1741 2843 1835 ἀποπαυόμενοι,
2891 1764 2986 1818 καὶ
3015 1741 3348 1834 φαυλότητος
3375 1741 3734 1836 ἀπονοσνφινζό-

486 1846 689 1911 dimus,
739 1854 796 1901 et
833 1847 1040 1916 peccati
1089 1847 1278 1918 jugum
1325 1849 1666 1904 excutientes
1715 1850 1780 1904 ad
1836 1850 2064 1905 liberam

488 1937 975 1992 sanctiﬁcationem
1013 1937 1343 1991 relaxamur.
1393 1938 1582 2008 Itaque
1627 1938 1824 1994 beatus
1866 1940 2068 1995 Paulus

487 2029 557 2082 de
592 2028 679 2094 iis,
711 2027 805 2098 qui
828 2025 1073 2081 nondum
1106 2025 1478 2092 crediderant,
1523 2029 1702 2099 inquit
1737 2048 1749 2082 :
1789 2048 1807 2080 ι
1855 2027 2068 2096 Quibus

488 2135 620 2175 vero
643 2119 884 2175 oﬁ‘ensus
904 2118 1009 2173 fuit
1029 2118 1386 2190 quadraginta
1411 2121 1612 2176 annis?
1653 2136 1835 2176 nonne
1863 2121 1950 2187 iis,
1973 2122 2067 2192 qui

490 2227 598 2266 non
634 2212 1178 2281 obtemperaverunt,
1217 2225 1451 2281 quorum
1492 2212 1757 2268 cadavera
1795 2222 2068 2283 prostrata

489 2313 619 2358 sunt
643 2304 700 2357 in
724 2303 982 2358 deserto?
1014 2300 1226 2369 Quibus
1251 2303 1640 2374 verojuravit,
1684 2318 1796 2358 non
1838 2305 2069 2361 introire

490 2397 546 2452 in
581 2396 828 2467 requiem
859 2394 1050 2466 ipsius,
1077 2394 1184 2451 nisi
1221 2395 1311 2461 iis,
1349 2397 1442 2466 qui
1486 2396 1754 2452 increduli
1811 2395 2071 2452 fuerunt?

489 2499 546 2546 et
573 2488 825 2543 videmus
866 2487 1012 2558 quod
1062 2501 1174 2541 non
1229 2494 1529 2556 potuerunt
1569 2489 1796 2560 .ingredi
1846 2499 2072 2560 propter

491 2577 953 2633 incredulitatem.
999 2575 1314 2631 Timeamus
1349 2576 1539 2646 igitur,
1567 2593 1636 2633 ne
1670 2579 1834 2643 forte,
1878 2579 2071 2633 relicta

489 2667 886 2739 pollicitatione
909 2665 1230 2721 introeundi
1256 2666 1311 2719 in
1335 2668 1584 2736 requiem
1601 2667 1794 2736 ipsius,
1820 2667 2071 2722 videatur

489 2757 689 2828 aliquis
710 2772 778 2810 ex
799 2755 957 2810 vobis
1000 2754 1241 2809 defuisse
1271 2757 1336 2808 ⁷⁷.
1376 2775 1394 2806 ι
1436 2757 1504 2810 Ει
1525 2765 1649 2826 post
1672 2757 1776 2812 alia
1801 2774 1814 2810 ε
1842 2775 1860 2809 ι
1903 2757 2074 2828 Igitur

497 2843 836 2914 relinquitur
872 2842 1242 2898 sabbatismus
1283 2844 1489 2913 populo
1526 2842 1624 2898 Dei
1664 2845 1730 2898 "'.
1781 2864 1799 2897 ι
1829 2847 1899 2900 At
1940 2860 2072 2900 vero

491 2935 626 3007 quid
649 2933 906 3005 prohibet
953 2933 1249 3004 quominus
1285 2934 1451 3004 228
1477 2949 1608 2989 vere
1648 2934 1759 2990 dici
1803 2935 1995 3006 possit,
2025 2936 2071 2990 si

2169 1873 2344 1927 μενοι,
2389 1857 2483 1910 καὶ
2528 1855 2620 1910 τὸν
2662 1857 2761 1926 τῆς
2809 1856 3083 1928 ἁμαρτίας
3127 1856 3496 1921 διεκδύνοντες
3550 1858 3732 1927 ζυγὸν,

2165 1949 2430 2019 ἀνεεμεθα
2463 1949 2657 2002 λοιπὸν
2703 1951 2782 2012 εἰς
2816 1947 3100 2020 ἐλεύθερον
3137 1950 3431 2021 ἁγιασμόν.
3465 1952 3575 2003 Καὶ
3607 1951 3736 2019 γοῦν

2168 2043 2198 2094 ὁ
2231 2040 2515 2103 θεσπέσιος
2560 2040 2769 2104 Παῦλος
2802 2042 2930 2111 περὶ
2973 2040 3081 2094 τῶν
3111 2040 3265 2094 οῦπω
3295 2041 3736 2094 πεπιστευκότων

2169 2131 2318 2202 φησί·
2375 2150 2396 2182 ι
2456 2131 2578 2185 Τίσι
2639 2132 2698 2185 δὲ
2756 2130 3098 2204 προσώχθισε
3147 2132 3558 2204 τεσσαράκοντα
3605 2132 3733 2202 Ern;

2167 2221 2287 2291 οὐχὶ
2319 2223 2431 2286 τοῖς
2477 2221 2877 2292 ἀπειθήσασιν,
2920 2214 2996 2276 ὧν
3030 2221 3100 2274 τὰ
3143 2222 3294 2275 κῶλα
3339 2221 3534 2276 ἔπεσον
3576 2224 3633 2276 ὲν
3671 2226 3736 2294 τῇ

2169 2315 2396 2387 ἐρήμῳ-ς
2428 2315 2551 2368 Τίσι
2589 2315 2648 2369 δὲ
2680 2314 2864 2386 ὤμοσε
2893 2313 2983 2385 μὴ
3019 2313 3289 2368 εἰσελθεῖν
3317 2316 3398 2380 εἰς
3428 2314 3528 2386 τὴν
3567 2315 3738 2369 κατά-

2171 2423 2370 2461 παυσιν
2401 2407 2589 2472 αὐτοῦ,
2625 2407 2675 2460 εἰ
2711 2405 2787 2478 μὴ
2827 2407 2940 2470 τοῖς
2987 2404 3355 2477 ἀπειθήσασι;
3389 2406 3484 2460 καὶ
3532 2405 3734 2477 βλέπο-

2175 2513 2273 2569 μεν
2309 2498 2391 2552 ὅτι
2435 2499 2538 2553 οὐκ
2593 2498 2941 2569 ἠδυνήθησαν
2989 2498 3254 2552 εἰσελθεῖν
3311 2497 3377 2551 δι’
3431 2497 3734 2552 ἀπείθειαν.

2171 2588 2503 2659 Φοϐηθῶμεν
2536 2583 2630 2642 οὖν
2666 2590 2875 2660 μήποτε
2905 2588 3375 2660 καταλειπομένης
3411 2588 3740 2658 ἐπαγγελίας

2173 2678 2434 2732 εἰσελθεῖν
2481 2680 2560 2743 εἰς
2608 2678 2708 2749 τὴν
2752 2677 3098 2732 κατάπαυσιν
3143 2679 3335 2744 αὑτοῦ,
3378 2677 3508 2750 δοκῇ
3554 2695 3638 2742 τις
3682 2678 3741 2742 ἐξ

2175 2769 2326 2842 ὑμῶν
2355 2769 2756 2842 ὑστερηκέναι..
2787 2788 2812 2822 -ι
2863 2769 2974 2823 Καὶ
3005 2769 3123 2840 μεθ’
3153 2769 3333 2840 ἕτερα·
3355 2789 3384 2821 ι
3428 2771 3572 2840 Ἀρα
3607 2770 3740 2823 ἀπο-

2173 2861 2418 2914 λείπεται
2466 2859 2832 2931 σαϐϐατισμὸς
2872 2860 2952 2931 τῷ
2993 2860 3110 2931 λαῷ
3143 2859 3239 2914 τοῦ
3300 2859 3459 2916 Θεοῦ.
3491 2878 3509 2912 ι
3551 2859 3742 2914 Καίτοι

2174 2952 2292 3017 πῶς
2324 2952 2425 3006 οὐκ
2453 2951 2683 3022 ἀληθὲς,
2727 2952 2804 3016 ὡς
2841 2951 2997 3024 εἰπερ
3025 2953 3171 3006 ἐστὶν
3197 2953 3226 3005 ό
3255 2952 3646 3024 σαϐϐατισμὸς,
3682 2953 3744 3006 τὸ

492 3025 864 3083 sabbatismus
887 3040 998 3080 non
1051 3025 1202 3080 aliud
1244 3025 1338 3090 sit,
1393 3041 1558 3096 quam
1595 3025 1652 3081 in
1675 3026 1915 3082 Sabbato
1949 3043 2070 3084 ces-

2177 3043 2336 3115 μόνον
2377 3042 2570 3113 ἀργεῖν
2614 3042 2672 3096 ἓν
2715 3042 3013 3114 Σαϐϐάτῳ,
3057 3043 3177 3107 πῶς
3222 3043 3322 3097 οὐκ
3365 3043 3617 3114 εἰσῆλθεν
3665 3045 3745 3108 εἰς

492 3131 615 3173 sare
638 3158 654 3183 ,
681 3117 958 3188 quomodo
979 3131 1090 3171 non
1112 3124 1196 3172 est
1222 3117 1503 3187 ingressus
1521 3116 1685 3172 Israel
1710 3116 1765 3171 in
1805 3117 2070 3188 requiem,

494 3200 620 3263 cum
642 3209 792 3263 illam
815 3207 872 3262 in
907 3207 1146 3266 Sabbato
1160 3207 1523 3263 cessationem
1545 3207 1952 3263 observaverit?
1967 3208 2075 3265 Sed

494 3299 759 3355 nimirum
783 3315 847 3355 ea
873 3315 962 3354 res
984 3299 1158 3370 ﬁgura
1179 3307 1301 3354 erat
1325 3299 1476 3354 illius
1499 3299 1558 3354 in
1593 3299 1818 3355 Christo
1852 3300 2076 3370 requie-

495 3393 588 3458 tis,
616 3401 675 3448 et
714 3391 863 3462 quod
911 3391 969 3456 ii,
994 3391 1090 3460 qui
1134 3389 1240 3445 ﬁde
1272 3390 1728 3460 justiﬁcarentur,
1773 3408 1804 3446 a
1850 3401 2076 3462 peccato

495 3481 764 3538 cessaturi
787 3489 992 3536 essent.
1020 3481 1209 3550 Itaque
1246 3479 1525 3550 lapidibus
1547 3480 1708 3535 obrui
1735 3481 1901 3551 jussit
1931 3482 2077 3537 Deus

495 3587 624 3627 eum
651 3570 749 3640 qui
774 3568 1014 3624 Sabbato
1038 3567 1183 3639 ligna
1206 3567 1500 3638 collegerat
1523 3567 1590 3633 ";
1610 3566 1756 3636 quod
1780 3566 1926 3622 illius
1943 3582 2074 3637 sup-

495 3660 723 3731 plicium
765 3656 1066 3728 spiritualis
1121 3645 1187 3711 ac
1244 3655 1569 3711 necessarias
1613 3653 1694 3709 rei
1738 3652 1910 3725 ﬁgura
1948 3654 2072 3709 fuit.

496 3747 761 3819 Nunquid
778 3747 929 3802 enim
955 3761 1065 3801 non
1093 3745 1323 3817 lignum,
1352 3744 1501 3816 quod
1526 3760 1558 3800 e
1595 3759 1695 3800 sua
1737 3745 1907 3815 stirpe
1944 3759 2075 3800 exa-

501 3839 636 3904 ruit,
658 3839 908 3893 avulsum
948 3846 1006 3892 et
1063 3837 1175 3908 jam
1210 3835 1497 3901 siccatum,
1537 3834 1886 3891 mortalitatis
1927 3850 2074 3907 sym-

502 3930 687 3985 bOIum
713 3929 900 3993 fuerit,
918 3944 981 3983 ac
1004 3936 1267 3996 praetcrea
1293 3928 1432 3998 ignis
1455 3928 1809 3982 alimentum?

570 4220 767 4276 PALL.
793 4220 869 4274 Ita
893 4231 993 4275 est.

566 4312 724 4368 (ΠΒ.
771 4312 1054 4384 Ejusmodi
1101 4311 1332 4368 omnino
1378 4323 1463 4368 est
1508 4314 2078 4383 peccatum-aerumnis

2175 3132 2274 3204 τὴν
2297 3131 2640 3186 κατάπαυσιν
2682 3131 2712 3182 ό
2747 3130 2998 3202 Ἰσραὴλ,
3027 3131 3122 3186 καί
3150 3148 3232 3185 τοι
3264 3130 3362 3203 τὴν
3393 3132 3452 3185 ὲν
3481 3130 3744 3202 Σαϐϐάτῳ

2177 3225 2426 3297 τηρήσας
2463 3222 2694 3294 ἀργίαν;
2748 3221 2888 3277 Ἀλλ’
2915 3220 2984 3294 ἦν
3011 3223 3092 3287 εἰς
3130 3221 3301 3277 τύπον
3337 3222 3399 3276 τὸ
3426 3222 3618 3294 χρῆμα
3644 3224 3742 3292 τῆς

2176 3317 2234 3370 ὲν
2253 3314 2474 3387 Χριστῷ
2537 3313 2977 3380 καταπαύσεως,
3024 3314 3120 3368 καὶ
3171 3314 3267 3368 τοῦ
3310 3314 3638 3386 καταλήξειν
3685 3313 3745 3378 ἐξ

2175 3406 2453 3479 ἁμαρτίας
2487 3405 2866 3476 δικαιουμένου
2909 3406 2977 3476 τῇ
3023 3403 3225 3458 πίστει.
3269 3404 3559 3476 Τοιγάρτοι
3599 3403 3743 3457 λιθό-

2175 3495 2398 3551 λευστον
2432 3495 2751 3551 ἑκτεθνάναι
2782 3494 2892 3548 δεῖν
2931 3494 3183 3548 ἐκέλευσε
3200 3494 3346 3560 θεὸς
3391 3496 3484 3549 τὸν
3509 3495 3569 3549 ἐν
3609 3494 3743 3548 Σαϐ-

2175 3588 2326 3660 ϐάτῳ
2367 3588 2691 3658 συλλέγοντα
2724 3586 2858 3653 ξύλα
2885 3605 2899 3617 ·
2933 3588 2968 3658 ἡ
2996 3585 3055 3639 δὲ
3098 3585 3407 3657 ἐπ’.ὲκείνῳ
3435 3587 3580 3658 δίκη,
3608 3573 3742 3656 ’νοη-

2175 3681 2269 3736 τοῦ
2313 3682 2411 3736 καὶ
2452 3680 2755 3750 ἀναγκαίου
2793 3679 3121 3751 πράγματος
3159 3677 3508 3742 ὑποτύπωσις
3545 3674 3637 3750 ἦν.
3669 3679 3740 3731 Ἢ

2173 3773 2284 3846 γάρ
2313 3773 2434 3844 οὐχὶ
2460 3771 2523 3826 τὸ
2549 3773 2617 3826 ὲκ
2646 3771 2746 3843 τῆς
2789 3769 2994 3832 οἰκείας
3037 3768 3194 3840 ῥίζης
3223 3767 3486 3834 αὐανθέν,
3515 3770 3743 3824 ἐκκεκα-

2176 3864 2448 3936 θαρμένον
2494 3863 2592 3919 καὶ
2638 3860 2901 3934 ξηρανθὲν
2940 3861 3044 3930 ήδη
3087 3859 3273 3926 ξύλον,
3318 3859 3640 3932 νεκρότητος
3677 3858 3746 3912 ἀν

2176 3957 2263 4028 εἴη
2313 3955 2610 4027 σύμϐολον;
2663 3953 2749 4024 εἴη
2800 3952 2845 4006 δ’
2894 3953 2961 4005 ἂν
3006 3952 3100 4004 καὶ
3166 3952 3370 4023 ἑτέρως
3411 3951 3583 4023 πυρὸς
3627 3951 3744 4005 δια·-

2177 4045 2348 4116 τροφή
2370 4062 2384 4112 ;

2247 4217 2456 4275 ΠΑΔΛ.
2495 4214 2738 4286 Ἀληθές.

2249 4311 2414 4364 ΚΥΡ.
2475 4307 2710 4378 Τοιαύτη
2749 4305 2832 4370 τίς
2869 4305 3016 4360 ἔστιν
3059 4308 3093 4377 ἡ
3136 4305 3537 4377 παμμόχθηρος
3565 4307 3746 4377 ἀμαρ-

501 4389 744 4474 plcnum,
771 4405 928 4474 quasi
953 4404 1258 4460 mortalitas
1282 4405 1551 4476 quaedam,
1576 4415 1632 4461 et
1675 4406 1900 4462 immitis
1921 4405 2070 4461 ﬂam-

2180 4402 2294 4470 τία,
2325 4401 2588 4474 νεκρότης
2622 4399 2812 4471 ὥσπερ
2836 4416 2940 4467 τις,
2987 4399 3083 4452 καὶ
3125 4399 3225 4468 τῆς
3251 4398 3524 4470 ἀνημέρου
3556 4398 3750 4468 φλογὸς

498 4511 600 4551 mae
623 4495 740 4551 suis
761 4495 1102 4551 amatoribus
1123 4496 1291 4567 impia
1316 4497 1522 4552 nutrix.
1550 4496 1874 4568 Quicunque
1891 4499 2077 4570 igitur,

497 4601 608 4656 quo
645 4595 892 4656 tempore
936 4601 965 4640 a
1012 4587 1253 4656 peccatis
1299 4588 1502 4644 cessari
1538 4587 1721 4654 debet,
1759 4590 1991 4645 mortuis
2020 4597 2081 4646 et

503 4677 859 4733 infructuosis
927 4678 1187 4747 operibus
1206 4677 1401 4732 intenti
1437 4687 1563 4734 sunt
1608 4689 1681 4745 et,
1707 4681 1916 4752 abjecta
1964 4682 2079 4736 vir—

501 4775 637 4831 tute,
672 4768 1067 4838 concupiscunt
1103 4783 1190 4831 ea,
1231 4783 1329 4837 per
1369 4785 1492 4839 qua:
1525 4771 1659 4840 ipsis
1699 4773 1968 4842 supplicia
2022 4773 2076 4826 in

501 4868 766 4911 aeternum
804 4863 1068 4924 parentur
1103 4866 1158 4910 et
1178 4857 1407 4913 ﬂamma:
1437 4861 1827 4926 accendantur,
1875 4862 1909 4916 ii
1963 4872 2078 4916 tum

501 4949 622 5018 jure
663 4944 871 5014 Optimo
915 4953 1091 4999 morte
1127 4946 1369 5002 damnati
1396 4951 1571 5020 justas
1614 4969 1802 5023 pcenas
1840 4955 2079 5010 sustine-

503 5037 663 5102 bunt,
689 5035 835 5106 quod
863 5049 988 5089 cum
1013 5034 1175 5089 liceat
1197 5039 1381 5107 quiete
1407 5042 1611 5106 vivere,
1636 5055 1830 5113 sponte
1861 5046 1930 5100 ad
1947 5063 2077 5115 sup-

495 5126 667 5208 ‘plicia
712 5133 901 5180 ruunt.
972 5124 1318 5194 Ingredimur
1355 5128 1520 5197 igitur
1561 5133 1615 5186 in
1665 5135 1933 5203 requiem,
1986 5135 2080 5204 qui

504 5216 859 5279 credidimus,
885 5216 1032 5286 juxta
1052 5215 1194 5270 beati
1211 5216 1360 5272 Pauli
1385 5234 1570 5273 vocem
1595 5222 1660 5273 ⁸ο.
1680 5223 1863 5292 Itaque
1878 5241 1974 5293 per
1989 5226 2082 5280 Je-

500 5312 732 5362 -remiatn
759 5307 1009 5378 increpat
1045 5306 1190 5361 Deus
1239 5325 1354 5373 eos,
1400 5310 1493 5379 qui
1553 5328 1650 5381 per
1694 5325 1979 5381 peccatum
2027 5317 2082 5369 in

507 5399 735 5467 ﬁguram
759 5400 1058 5453 admissum
1080 5399 1547 5468 pulchritudinem
1584 5404 1831 5459 veritatis
1871 5407 2082 5461 adulte-

505 5487 740 5551 rabant;
781 5487 853 5540 ait
876 5488 1090 5558 itaque:
1124 5508 1142 5540 ‹
1175 5490 1320 5544 Vade
1342 5500 1397 5545 et
1435 5500 1514 5547 sla
1554 5494 1608 5548 in
1633 5494 1815 5564 portis
1845 5494 2081 5549 ﬁliorum

573 5663 619 5701 ⁷⁷
641 5663 806 5720 Ilebr.
842 5678 915 5729 Ill,
949 5665 1148 5730 47—19;
1179 5684 1248 5732 tv,
1279 5668 1330 5720 τι.

2185 4494 2375 4550 ἀνοσία
2411 4494 2610 4565 τροφὸς
2649 4496 2762 4557 τοῖς
2801 4491 3092 4561 ἀγαπῶσιν
3135 4492 3328 4563 αὑτήν.
3367 4492 3537 4545 Ὅταν
3574 4490 3751 4544 τοίνυν

2187 4588 2263 4652 ὼς
2290 4590 2349 4642 ὲν
2385 4587 2564 4659 καιρῷ
2611 4587 2991 4658 καταλήξεως,
3024 4588 3124 4656 τῆς
3171 4585 3230 4652 ἐξ
3261 4585 3546 4657 ἁμαρτιῶν
3589 4584 3751 4654 λέγω,

2187 4677 2394 4748 νεκρῶν
2424 4677 2518 4730 καὶ
2546 4676 2811 4747 ἀκάρπων
2852 4675 3028 4746 ἔργων
3055 4674 3260 4746 ἐχοιντό
3283 4691 3427 4739 τινες
3445 4715 3460 4740 ,
3500 4675 3594 4730 καὶ
3622 4676 3756 4743 ἀγα-

2190 4771 2298 4840 πᾷν
2326 4769 2557 4836 ἕλοιντο,
2595 4768 2847 4840 μεθέντες
2887 4768 2986 4838 τὴν
3023 4767 3330 4840 ἀρετὴν,τά
3360 4767 3428 4821 δι’
3469 4762 3544 4822 ὧν
3575 4767 3757 4830 αὐτοῖς

2187 4863 2268 4924 είς
2308 4859 2479 4913 αἰῶνα
2524 4859 2710 4913 ποιναὶ
2759 4859 2853 4913 καὶ
2895 4859 3091 4929 φλόγες
3133 4859 3480 4925 ὲξάπτοιντο,
3525 4859 3624 4930 τὴν
3667 4859 3758 4910 ἐπὶ

2187 4951 2401 5021 θανάτῳ
2449 4952 2784 5022 κατάρῤησιν
2834 4948 3194 5019 ὑπομενοῦσιν
3222 4949 3468 5016 εἰκότως,
3507 4949 3590 5002 ὅτι
3632 4947 3757 5001 καί-

2185 5027 2268 5095 τοι
2301 5044 2374 5113 μὴ
2419 5042 2566 5111 βιοῦν
2597 5042 2896 5112 ἀνειμένως
2928 5041 3068 5104 ἐξὸν,
3104 5042 3342 5096 ἐθελοντὶ
3366 5041 3760 5111 διαστείχουσιν

2134 5154 2139 5160 ·
2188 5136 2283 5187 ἐπὶ
2310 5134 2372 5187 τὸ
2399 5133 2720 5197 κολάζεσθαι
2751 5133 2882 5186 δεῖν.
2918 5133 3289 5204 Εἰσερχόμεθα
3315 5132 3380 5203 δὴ
3425 5128 3518 5186 οὖν
3559 5134 3637 5195 εἰς
3662 5131 3760 5201 τὴν

2191 5224 2535 5277 κατάπαυσιν
2573 5225 2620 5276 οἱ
2666 5222 3087 5287 πιστεύσαντες,
3116 5223 3258 5276 κατά
3299 5241 3361 5291 γε
3388 5223 3486 5294 τὴν
3526 5223 3620 5276 τοῦ
3655 5237 3758 5293 μα-

2191 5316 2381 5386 καρίου
2407 5315 2620 5369 Παύλου
2643 5315 2844 5384 φωνήν.
2868 5315 2976 5366 Καὶ
2997 5315 3126 5382 γοῦν
3149 5315 3238 5368 διὰ
3258 5315 3442 5386 φωνῆς
3474 5315 3757 5385 Ἰερεμίου,

2190 5408 2314 5469 τοὺς
2341 5407 2407 5460 δι’
2439 5406 2716 5477 ἁμαρτίας
2744 5407 2841 5476 τῆς
2864 5407 2942 5469 εἰς
2970 5407 3060 5460 τὸν
3083 5407 3269 5472 τύπον,
3292 5408 3353 5460 τὸ
3376 5409 3474 5477 τῆς
3504 5405 3760 5475 ἀληθείας

2190 5501 2706 5572 παρασημαίνοντας
2763 5497 2958 5562 κάλλος
3013 5500 3320 5554 ἐπαιτιᾶται
3375 5497 3506 5562 Θεὸς
3549 5495 3756 5566 λέγων·

1403 5668 1446 5697 ⁷⁸
1473 5667 1638 5721 Ilebr.
1671 5683 1742 5731 tv,
1766 5669 1819 5725 9.
1875 5667 1917 5699 τ’
1945 5669 2104 5723 Num.
2137 5687 2222 5738 xv,
2261 5673 2343 5726 52.
2405 5675 2449 5707 ⁸ο
2482 5674 2648 5728 Ilebr.
2684 5693 2754 5738 IV,
2794 5680 2844 5730 5.
