4138 6300
402 449 507 509 437

1104 453 1192 510 DE
1229 454 1669 516 ADORATIONE
1707 461 1772 515 ΙΝ
1814 432 2079 518 ΞΡΙΒΙἸἪ
2120 462 2207 518 ΕΤ
2248 463 2613 521 VERITATE.
2655 465 2782 521 LIB.
2828 463 2938 524 ’ξλῖο

3544 458 3667 519 499

409 559 694 649 ιῌΒάδισον
736 561 830 615 καὶ
870 542 1025 633 στῆθι
1067 567 1125 618 έν
1158 565 1350 631 πύλαις
1383 569 1516 623 υίῶν
1545 569 1675 624 λαοῦ
1732 588 1857 635 σου,
1907 573 1966 625 έν

2085 574 2253 643 populi
2272 576 2370 641 tui,
2398 592 2496 646 per
2514 593 2651 648 quas
2672 577 3053 649 ingrediuntur
3069 590 3224 647 reges
3242 577 3268 632 J
3276 575 3402 641 uda,
3418 586 3474 630 et
3489 590 3645 646 egre:-

400 646 488 714 αἷς
519 651 930 724 εἰσπορεύονται
970 654 1209 724 βασιλεῖς
1248 658 1435 727 Ἰούδα,
1468 663 1563 716 καὶ
1595 663 1654 715 ἐν
1688 658 1777 726 αἷς
1804 652 1968 716 bufo-

403 742 652 814 ρεύονται
704 746 763 799 ἐν
812 747 1026 812 αὑταῖς,
1078 749 1173 802 καὶ
1214 750 1274 803 ἐν
1331 751 1535 810 πάσαις
1597 755 1720 816 ταῖς
1774 754 1971 819 πύλαις

411 834 785 907 Ἰερουσαλήμ·
815 836 908 890 καὶ
930 839 1076 907 ἐρεῖς
1102 839 1238 911 πρὸς
1266 841 1481 906 αὐτούς’
1501 843 1790 897 Ἀκούσατε
1813 844 1970 913 λόγον

399 923 633 997 Κυρίου,
659 925 899 995 βασιλεῖς
934 928 1109 984 Ἰούδα
1143 931 1237 986 καὶ
1257 935 1410 988 πᾶσα
1451 935 1678 990 Ἰουδαία
1702 936 1798 991 καὶ
1819 938 1971 992 πᾶσα

413 1015 797 1089 Ἱερουσαλῂμ,
831 1020 931 1073 καὶ
964 1021 1015 1074 οἱ
1056 1023 1505 1096 εἰσπορευόμενοι
1534 1026 1594 1080 έν
1618 1029 1741 1092 ταῖς
1773 1026 1972 1092 πύλαις

402 1112 650 1179 ταύταις.
694 1114 832 1170 Τάδε
868 1115 1017 1186 λέγει
1046 1118 1269 1191 Κύριος
1297 1120 1643 1177 ὼλάσσεσθε
1669 1123 1769 1186 τάς
1793 1122 1981 1195 ψυχάς

405 1203 580 1274 ὑμῶν,
620 1207 716 1261 καί
759 1206 834 1279 μὴ
872 1208 1057 1281 αἴρετε
1078 1210 1439 1284 βαστάγματα
1466 1216 1524 1268 έν
1555 1216 1624 1286 τῇ
1652 1215 1840 1287 ήμέρᾳ
1863 1214 1975 1269 τῶν

405 1295 724 1363 Σαϐϐάτων,
748 1299 843 1353 καὶ
871 1300 981 1354 πᾶν
996 1300 1155 1373 ἔργον
1183 1302 1246 1355 ού
1272 1304 1550 1374 ποιήσετε,
1582 1306 1676 1360 καὶ
1700 1306 1776 1378 μὴ
1806 1308 1973 1360 έκπο-

409 1387 633 1459 ρεύεσθε
659 1393 781 1454 ταῖς
810 1391 1008 1456 πύλαις
1042 1393 1417 1467 Ἰερουσαλὴμ,
1464 1397 1559 1449 καὶ
1594 1395 1670 1468 μὴ
1713 1397 1977 1468 ἐκφέρετε

408 1477 772 1550 βαστάγματα
798 1479 859 1547 ἐξ
893 1480 1080 1535 οίκιῶν
1113 1481 1269 1553 ὑμῶν
1304 1483 1365 1537 ἐν
1392 1486 1461 1556 τῇ
1491 1483 1674 1556 ἡμέρᾳ
1699 1485 1810 1540 τῶν
1838 1484 1978 1540 Σαϐ-

411 1568 614 1634 ϐάτων,
656 1569 842 1634 καθὼς
880 1571 1232 1645 ἐνετειλάμην
1261 1575 1377 1638 τοῖς
1405 1574 1679 1645 πατράσιν
1705 1575 1859 1645 ὑμῶν
1882 1577 1980 1630 καὶ

407 1660 510 1713 οὐκ
543 1660 820 1733 ἥκουσαν,
870 1664 964 1718 καὶ
1005 1664 1108 1718 οὐκ
1136 1663 1352 1718 έκλιναν
1380 1664 1444 1719 τὸ
1486 1661 1580 1730 οὖς
1622 1666 1833 1731 αὐτῶν,
1883 1668 1981 1721 καὶ

410 1749 751 1821 ἐσκλήρυναν
786 1752 879 1807 τὸν
904 1752 1176 1825 τράχηλον
1208 1753 1390 1810 αὐτῶν
1416 1754 1558 1827 ὑπὲρ
1580 1756 1709 1820 τοὺς
1736 1754 1980 1827 πατέρας

410 1840 614 1908 αὐτῶν,
647 1843 743 1898 τοῦ
785 1845 860 1917 μὴ
905 1845 1151 1900 ἀκοῦσαί
1185 1862 1309 1916 μου,
1340 1846 1437 1900 καὶ
1480 1845 1576 1900 τοῦ
1618 1844 1999 1917 μὴδέξασθαι.

2070 664 2298 720 diuntur
2331 682 2561 737 pereas,
2580 678 2636 722 et
2678 669 2733 723 in
2763 667 3019 723 omnibus
3042 667 3216 737 portis
3230 667 3527 723 Ierusalem
3550 682 3566 731 ;
3592 676 3649 721 et

2072 755 2223 811 dices
2243 756 2313 812 ad
2330 773 2426 813 eos
2451 776 2463 812 :
2493 759 2692 815 Audite
2709 759 2937 814 verbum
2962 758 3201 824 Domini,
3224 774 3381 830 reges
3411 757 3572 822 Juda,
3594 766 3651 812 et

2071 848 2250 903 omnis
2263 847 2469 913 Judaza,
2486 857 2539 905 et
2557 850 2736 905 omnis
2750 849 3171 919 Jerusalem,qui
3191 847 3534 919 ingredimini
3555 863 3653 918 per

2072 944 2259 1008 portas
2288 937 2407 993 has.
2434 938 2557 994 Haec
2574 938 2979 994 dicitDominus
2998 956 3010 991 :
3030 937 3315 994 Custodite
3331 938 3540 992 animas
3560 951 3653 991 ve-

2072 1037 2233 1094 stras,
2254 1038 2311 1085 et
2327 1045 2397 1086 ne
2411 1030 2640 1101 portetis
2652 1045 2822 1086 onera
2836 1029 2893 1085 in
2907 1029 2995 1085 die
3021 1029 3405 1094 Sabbatorum,
3420 1036 3476 1083 et
3490 1042 3652 1083 omne

2076 1134 2215 1191 opus
2231 1136 2300 1177 ne
2315 1120 2609 1187 faciatis,et
2620 1137 2690 1178 ne
2704 1121 2912 1177 exeatis
2927 1136 3026 1192 per
3039 1128 3228 1192 portas
3248 1119 3574 1182 Jerusalem,
3596 1124 3647 1171 et

2076 1227 2145 1267 ne
2166 1212 2465 1283 exportetis
2492 1228 2662 1270 onera
2682 1229 2715 1269 e
2739 1212 2993 1269 domibus
3021 1212 3224 1268 vestris
3246 1212 3301 1265 in
3330 1210 3420 1266 die
3442 1209 3651 1266 Sabba-

2078 1310 2280 1367 torum,
2307 1310 2364 1357 et
2387 1317 2549 1359 omne
2571 1319 2712 1375 opus
2730 1320 2800 1361 ne
2842 1303 3058 1359 faciatis
3084 1322 3097 1357 :
3124 1302 3460 1358 sanctiticate
3505 1301 3652 1356 diem

2078 1390 2462 1459 Sabbatorum,
2487 1394 2631 1449 sicut
2652 1393 2883 1465 praecepi
2903 1393 3152 1465 patribus
3183 1393 3384 1452 vestris
3410 1410 3426 1459 ;
3463 1401 3521 1448 et
3544 1407 3655 1447 non

2078 1483 2374 1540 audierunt
2420 1500 2601 1557 neque
2650 1486 3052 1542 inclinaverunt
3097 1500 3285 1541 aurem
3352 1499 3532 1549 suam,
3599 1491 3658 1537 et

2078 1573 2492 1631 obduraverunt
2523 1577 2794 1633 cervicem
2816 1591 2973 1633 suam
2996 1576 3120 1646 plus
3144 1590 3309 1646 quam
3339 1581 3656 1645 patreseo-

2080 1679 2224 1731 rum,
2255 1680 2325 1720 ne
2367 1666 2627 1722 audirent
2671 1682 2781 1733 me,
2816 1682 2997 1737 neque
3025 1667 3372 1737 perciperent
3407 1664 3655 1735 discipli-

2080 1769 2209 1809 nam
2239 1756 2307 1810 “.
2341 1774 2359 1808 ι
2388 1756 2509 1812 Νοη
2531 1758 2708 1813 solum
2751 1757 2941 1829 igitur,
2968 1765 3029 1813 ut
3050 1757 3120 1812 ab
3142 1755 3291 1811 omni
3328 1771 3495 1826 opere
3534 1770 3655 1810 ces-

2082 1852 2281 1898 sarent'
2315 1843 2590 1911 Sabbato,
2642 1846 2841 1917 jussit,
2902 1846 2998 1902 sed
3065 1861 3139 1902 ne
3201 1861 3373 1901 onera
3432 1844 3656 1915 quidem

414 1931 679 1988 παιδείαν.
731 1953 750 1982 ι
783 1935 859 1988 Οὐ
892 1936 1052 2005 μόνον
1087 1935 1153 2007 δὴ
1181 1930 1277 1991 οὖν
1319 1936 1382 1990 τὸ
1425 1935 1540 1990 δεῖν
1576 1934 1740 2008 ἔργου
1772 1934 1976 1998 παντὸς

2085 1936 2362 2003 efferrent,
2389 1954 2528 1995 neve
2549 1946 2703 1995 extra
2740 1947 2929 2009 portas
2948 1939 3251 1996 Jerusalem
3276 1937 3514 1995 exirent.
3614 1970 3617 1973 ν

414 2023 742 2096 καταλήγειν
786 2025 847 2079 ὲν
906 2025 1169 2098 Σαϐϐάτῳ
1208 2027 1600 2100 προστέταχεν,
1658 2026 1795 2084 ἀλλὰ
1858 2025 1955 2081 καὶ
2019 2025 2382 2102 βαστάγματα
2433 2031 2513 2103 μὴ
2554 2031 2833 2104 ἐκφέρειν,
2876 2032 3013 2103 μήτε
3053 2032 3160 2104 μὴν
3204 2030 3509 2105 ἐξοίχεσθαί
3564 2046 3659 2084 ποι

420 2114 725 2187 περαιτέρω
745 2117 936 2173 ’πυλῶν
978 2119 1357 2191 Ἰερουσαλήμ.

483 2208 690 2265 ΠΔΛΛ.
728 2210 862 2266 Εἶτα
890 2211 975 2278 τίς
997 2211 1065 2268 ἂν
1088 2213 1183 2287 εἴη
1206 2215 1301 2311 καὶ
1328 2215 1532 2275 τούτων
1562 2216 1592 2270 ό
1614 2214 1769 2284 λόγος
1791 2233 1806 2283 ;

484 2388 648 2443 ΚΥΡ.
683 2388 891 2463 Νοητὸς
929 2390 994 2464 δὴ
1025 2392 1121 2449 καὶ
1153 2394 1543 2466 πνευματικὸς,
1578 2394 1671 2448 καὶ
1725 2392 1986 2447 ἐπέκεινα

419 2477 525 2533 τῶν
572 2479 783 2547 τύπων,
834 2484 931 2537 καὶ
978 2484 1138 2549 σκιᾶς
1166 2484 1406 2556 ἀμείνων
1458 2485 1560 2555 τῆς
1600 2483 1980 2556 ἀρχαιοτέρας.

423 2571 623 2644 Ἔργον
674 2573 771 2644 μὲν
808 2572 918 2645 γάρ
957 2575 1052 2629 τοῦ
1094 2576 1231 2646 πρὸς
1260 2576 1572 2649 φαυλότητα
1608 2576 1985 2649 τετραμμένου

416 2678 475 2717 τε
510 2664 608 2718 καὶ
654 2663 941 2734 βλέποντος
976 2667 1056 2732 είς
1098 2666 1393 2739 κατάληξιν
1444 2666 1581 2721 ίέναι
1618 2667 1829 2721 κελεύει
1859 2667 1988 2730 τοὺς

418 2758 476 2809 ἐν
510 2756 730 2828 Χριστῷ
754 2759 1200 2826 σαϐϐατίζοντας,
1234 2758 1531 2831 βάσταγμά
1546 2776 1609 2829 γε
1634 2759 1741 2831 μὴν
1765 2757 1989 2829 έπωμά-

417 2844 524 2898 διον
552 2845 818 2901 ποιεῖσθαι
869 2845 1055 2918 μηδέν.
1095 2846 1235 2912 Τοὺς
1276 2847 1386 2919 γὰρ
1432 2846 1582 2914 ἅπαξ
1616 2846 1706 2901 διά
1751 2847 1854 2917 τῆς
1893 2846 1987 2901 πί-

420 2953 588 3003 στεως
614 2939 676 2992 τὸ
706 2940 985 2994 δύσοιστον
1001 2940 1217 3013 άληθῶς
1240 2941 1343 3012 τῆς
1368 2941 1644 3013 ἁμαρτίας
1670 2942 1835 3013 ἄχθος
1854 2944 1988 2997 άπο-

420 3027 776 3100 ϐεϐληκότας,
815 3030 934 3095 πῶς
967 3032 1069 3085 οὐκ
1101 3031 1449 3101 ἀπόπληκτον
1482 3032 1758 3098 παντελῶς
1800 3033 1863 3088 τὸ
1897 3034 1992 3089 καὶ

420 3118 499 3184 είς
520 3115 677 3186 αὖθις
690 3120 839 3193 αύτῷ
861 3121 1357 3193 καταφορτίξεσθαι
1375 3123 1507 3192 δεῖν,
1538 3125 1632 3179 καὶ
1660 3124 1991 3179 ὑποπίπτειν

421 3210 646 3266 ἑλέσθαιο
677 3213 840 3269 πάλιν
868 3215 980 3279 τοῖς
1000 3215 1080 3280 είς
1110 3214 1421 3287 φαυλότητα
1444 3215 1666 3285 ζυγοτςς
1704 3215 1898 3269 Πυλῶν
1934 3216 1993 3271 δὲ

421 3303 554 3357 εῐσω
598 3303 841 3369 καθίζειν
886 3305 997 3360 τῶν
1032 3306 1133 3377 τῆς
1174 3305 1551 3378 Ἰερουσαλὴμ,
1582 3306 1645 3360 τὸ
1683 3306 1761 3377 μὴ
1797 3307 1993 3378 χρῆναι

2149 2212 2314 2284 229
2334 2212 2530 2269 PALL.
2558 2212 2665 2268 Sed
2689 2227 2938 2283 quaenam
2976 2213 3173 2269 horum
3215 2230 3435 2288 quoque
3470 2216 3660 2274 afferri

2085 2311 2267 2374 potest
2298 2305 2486 2360 ratio?

2153 2394 2312 2451 CYR.
2350 2395 2663 2468 Spiritualis
2691 2413 2822 2454 sane
2855 2406 2913 2453 et
2937 2397 3210 2464 sublimis,
3242 2405 3300 2454 et
3321 2399 3514 2470 ﬁguris
3536 2416 3660 2456 um-

2086 2486 2312 2557 brisque
2352 2487 2461 2544 illis
2483 2489 2763 2545 Veteribus
2784 2489 3154 2563 praestantior.
3200 2489 3308 2547 Eos
3347 2491 3517 2557 enim,
3559 2492 3656 2562 qui

2087 2577 2143 2632 in
2163 2577 2383 2634 Christo
2404 2578 2702 2635 Sabbatum
2713 2589 2901 2651 agunt,
2921 2580 2989 2637 ab
3005 2595 3192 2651 opere,
3214 2581 3360 2657 quod
3376 2582 3445 2637 ad
3464 2582 3661 2639 vitium

2087 2667 2266 2739 vergit
2285 2683 2350 2723 ac
2374 2677 2606 2739 spectat,
2631 2684 2849 2726 cessare
2884 2670 3062 2741 jubet,
3107 2670 3475 2740 prohibetque
3521 2687 3662 2726 onus

2088 2760 2260 2815 ullum
2276 2759 2523 2815 humeris
2535 2759 2819 2831 imponere
2839 2778 2852 2813 :
2870 2775 2996 2814 nam
3017 2760 3294 2831 quomodo
3309 2776 3419 2815 non
3437 2776 3555 2815 sum
3563 2776 3664 2815 mae.

2090 2851 2316 2908 insania:
2337 2851 2429 2918 sit,
2448 2851 2544 2922 qui
2566 2852 2736 2907 semel
2758 2868 2858 2923 per
2880 2852 3042 2908 ﬁdem
3064 2868 3206 2908 onus
3248 2852 3459 2923 peccati
3503 2851 3664 2921 plane

2089 2941 2470 3013 gravissimum
2505 2943 2826 3014 abjecerint,
2853 2958 2949 2999 eos
2991 2943 3126 2998 illud
3147 2942 3293 2998 idem
3334 2942 3440 2997 sibi
3482 2941 3665 2997 denuo

2091 3033 2395 3105 imponere,
2420 3040 2478 3089 et
2502 3049 2699 3089 rursus
2728 3034 2986 3104 nequitiae.
3002 3035 3193 3105 jugum
3216 3042 3411 3104 sponte
3435 3032 3621 3087 subire
3641 3032 3667 3085 ?

2091 3120 2297 3178 Sedere
2318 3130 2503 3178 autem
2534 3122 2677 3177 intra
2700 3130 2888 3193 portas
2928 3124 3229 3179 Jerusalem
3273 3122 3328 3177 id
3372 3122 3664 3194 signiﬁcat,

2091 3229 2202 3269 non
2225 3228 2348 3270 esse
2370 3213 2533 3269 nobis
2557 3210 2627 3269 de
2653 3221 2840 3269 sancta
2863 3213 3084 3269 civitate
3109 3213 3527 3278 discedendum,
3571 3229 3669 3269 ne-

2092 3318 2200 3374 que
2222 3303 2677 3359 committendum
2719 3310 2802 3369 ut,
2832 3302 2962 3357 dum
2989 3302 3059 3357 ad
3079 3301 3229 3357 aliud
3282 3301 3544 3372 quiddam
3584 3302 3669 3357 di-

424 3395 631 3461 πόλεως
658 3396 808 3468 ἡμᾶς
836 3396 935 3468 τῆς
960 3396 1121 3465 άγίας
1140 3396 1598 3467 άπονοσφίζεσθαι
1615 3396 1825 3461 τυπῶν,
1856 3398 1985 3468 μήτε

2093 3396 2381 3460 vertimus,
2420 3403 2576 3450 extra
2616 3394 2858 3450 feramur
2887 3402 3052 3465 atque
3098 3394 3368 3449 labamur.
3413 3393 3666 3449 Sanctam

427 3485 532 3560 μὴν
564 3487 671 3555 ἔξω
697 3488 956 3561 φέρεσθαι
984 3491 1077 3543 καὶ
1106 3488 1418 3543 άπολισθεῖν
1445 3488 1643 3560 ἐφιεὶς,
1669 3487 1758 3542 διὰ
1786 3488 1887 3559 τῆς
1912 3489 1985 3553 είς

2093 3501 2226 3543 vero
2247 3486 2523 3541 civitatem
2555 3485 2854 3541 Eeelcsiam
2877 3485 3065 3556 accipe
3094 3504 3107 3538 :
3131 3485 3243 3557 jam
3263 3484 3411 3540 enim
3434 3486 3667 3541 nonnul-

423 3579 608 3652 ἔτερόν
634 3596 689 3635 τι
716 3581 1100 3653 παρατροπῆς.
1141 3580 1330 3652 ’Δγίαν
1355 3582 1413 3636 δὲ
1443 3582 1601 3636 πόλιν
1629 3582 1864 3653 νοήσεις,
1896 3579 1985 3649 τῷ

2095 3578 2155 3645 li,
2181 3578 2274 3649 qui
2293 3577 2399 3634 ﬁde
2426 3577 2483 3631 in
2505 3576 2786 3633 Christum
2809 3577 2944 3633 clari
2969 3577 3207 3642 fuerant,
3233 3584 3291 3633 et
3313 3577 3521 3632 nefaria
3544 3590 3668 3647 pec-

438 3671 785 3744 Ἐκκλησίανο
819 3672 918 3744 ήδη
948 3673 1057 3744 γάρ
1081 3673 1184 3726 πού
1216 3690 1384 3740 τινες,
1412 3673 1504 3727 διὰ
1529 3674 1628 3744 τῆς
1648 3674 1729 3737 είς
1760 3672 1985 3744 Χριστὸν

2096 3671 2203 3724 cati
2229 3670 2441 3725 sarcina
2473 3668 2776 3735 exonerati,
2800 3677 2857 3724 et
2879 3668 3026 3724 intra
3071 3677 3291 3725 sanctas
3333 3670 3529 3724 domus
3570 3668 3671 3725 Dei

427 3765 661 3826 πίστεως
685 3764 1251 3837 ἑκλελαμπρυσμένοι,
1281 3765 1782 3839 άποφορτισάμενοί
1810 3783 1871 3819 τε
1897 3765 1985 3837 τὴν

2096 3770 2287 3834 portas
2309 3762 2563 3833 ingressi,
2588 3761 2657 3817 ad
2702 3760 3064 3817 defectionem
3108 3769 3238 3815 sunt
3258 3767 3422 3831 atque
3448 3770 3668 3830 aposta-

432 3856 657 3929 βέϐηλον
687 3856 984 3929 ἁμαρτίαν.
1018 3856 1151 3911 εῐσω
1180 3873 1241 3910 τε
1270 3856 1456 3910 πυλῶν
1501 3856 1784 3925 γεγονότες
1822 3857 1985 3926 άγίωι

2099 3854 2235 3909 siam
2282 3854 2469 3919 delati,
2508 3852 2613 3909 etsi
2656 3868 2766 3910 non
2811 3860 3055 3923 apertam
3084 3850 3338 3917 fortasse,
3366 3860 3422 3907 at
3464 3861 3613 3908 certe
3638 3867 3671 3906 e

429 3944 521 4003 τού
559 3949 710 4004 οῐκου
739 3949 835 4003 τοῦ
861 3948 1017 4013 Θεοῦ,
1045 3947 1530 4021 παρεκομίσθησαν
1564 3950 1644 4013 είς
1670 3949 1985 4017 άπόσιιιασιν1

2098 3953 2287 4001 sancta
2330 3954 2487 4016 porta
2532 3944 2857 4000 cxsilierunt
2884 3983 2900 4008 ,
2944 3942 3091 4013 quod
3150 3957 3334 3999 mores
3384 3942 3671 3998 hominum

430 4042 478 4093 εί
495 4041 590 4094 καὶ
624 4040 700 4113 μὴ
733 4041 869 4111 πρδς
888 4040 1106 4111 ἐμφανῆ
1138 4038 1323 4111 τυχὸν,
1343 4040 1459 4094 ἀλλ’
1487 4035 1581 4095 οὖν
1609 4040 1868 4113 ἐξήλαντο
1896 4043 1985 4113 τῆς

2101 4036 2264 4092 idolis
2288 4037 2599 4093 deditorum
2627 4035 2807 4107 magni
2835 4033 3096 4091 facerent.
3123 4035 3272 4089 Intra
3294 4042 3481 4105 portas
3505 4033 3673 4103 igitur

432 4132 589 4200 άγίας
617 4132 811 4203 πύλης,
837 4131 933 4203 ἐθη
953 4132 1284 4204 τιμήσαντες
1310 4133 1707 4204 είδωλοπρεπῆ.
1752 4133 1898 4187 Εῐσω
1932 4134 1985 4203 δελ

2101 4127 2293 4183 sedere
2318 4168 2333 4192 ,
2364 4126 2666 4182 Sabbatum
2712 4124 3075 4196 spiritualiter
3127 4131 3373 4195 agentes,
3414 4122 3673 4191 przecepit

431 4218 522 4277 οὖν
566 4221 837 4293 καθῆσθαι
886 4221 1070 4277 πυλῶν
1124 4223 1251 4287 τοὺς
1308 4223 1516 4295 νοητῶς
1575 4224 1985 4290 σαϐϐατίζοντας

2101 4216 2435 4285 Βουεειιιιοι
2458 4214 2628 4286 ﬁgura
2661 4213 2932 4284 signiﬁcat
2976 4211 3291 4265 ﬁrmitatem
3333 4217 3498 4279 atque
3542 4225 3673 4263 con-

435 4309 863 4383 κεχρησμῴδηκε
883 4310 1039 4376 Θεὸς,
1072 4310 1134 4365 τὸ
1171 4311 1416 4381 ἀσφαλές
1444 4331 1504 4366 τε
1537 4314 1633 4367 καὶ
1664 4316 1985 4386 άνιεξίτηλον1

2102 4309 2379 4374 stantiam,
2404 4316 2464 4363 et
2484 4322 2753 4376 nusquam
2779 4306 2850 4360 ab
2890 4304 3039 4359 illius
3062 4303 3278 4357 sincero
3303 4314 3674 4371 germanoque

434 4402 526 4455 καί
557 4402 620 4456 τὸ
671 4401 894 4473 μηδαμῆ
937 4402 1137 4473 χρῆναι
1167 4404 1535 4475 ξπαρολισθετν
1578 4406 1678 4477 τῆς
1726 4408 1807 4471 είς
1837 4408 1985 4462 αύτδι

2103 4399 2254 4454 cultu
2292 4399 2454 4454 nobis
2494 4414 2616 4454 esse
2645 4396 3060 4453 discedendum.
3095 4394 3230 4448 Esse
3267 4400 3448 4447 autem
3485 4392 3674 4448 Eccle-

433 4493 815 4565 γνησιότητος,
859 4494 956 4548 τοῦ
981 4494 1153 4548 τύπου
1199 4496 1573 4567 σημαίνοντος.
1615 4498 1738 4552 Ὀτι
1773 4499 1829 4553 δὲ
1861 4499 1985 4553 Θεοῐ

2104 4492 2240 4546 siam
2292 4490 2388 4545 Dei
2438 4490 2752 4554 civitatem,
2804 4487 3149 4557 apertissime
3203 4492 3435 4540 testatur
3478 4483 3671 4549 David,

433 4585 587 4644 πόλις
629 4587 663 4656 ἡ
708 4585 1023 4658 Ἐκκλησία,
1074 4586 1309 4657 μάλιστα
1361 4586 1462 4656 μὲν
1497 4588 1791 4658 ἀναϐοήσει
1841 4590 1936 4642 καὶ
1972 4592 1985 4643 ὲ

2104 4598 2231 4637 cum
2253 4582 2321 4637 de
2351 4582 2440 4636 illa
2462 4581 2625 4636 dicit:
2659 4600 2676 4631 ι
2695 4579 2943 4635 Gloriosa
2969 4578 3112 4632 dicta
3136 4584 3266 4632 sunt
3287 4576 3355 4632 de
3384 4583 3457 4641 te,
3480 4575 3674 4629 civitas

433 4675 593 4731 Δαϐὶδ
645 4676 850 4745 λέγων·
902 4697 922 4729 ι
958 4677 1331 4749 Δεδοξασμένα
1378 4678 1613 4749 ἐλαλήθη
1646 4680 1771 4750 περὶ
1814 4680 1985 4747 mihi

2105 4672 2200 4727 Dei
2238 4673 2303 4725 ⁸².
2329 4692 2346 4721 ι
2393 4671 2513 4740 Ipse
2549 4685 2767 4739 quoque
2810 4668 3062 4721 Salvator
3105 4666 3469 4721 certissimam
3512 4665 3674 4719 fidem

436 4767 584 4829 πόλις
612 4767 708 4822 τοῦ
745 4768 903 4822 Θεοῢο
939 4788 958 4823 ι
1008 4769 1412 4841 πληροφορήσει
1443 4770 1500 4822 δέ
1528 4788 1631 4823 που
1662 4771 1756 4824 καὶ
1782 4772 1942 4836 αὐτὸς
1973 4775 1985 4826 ἑ

2105 4764 2234 4818 facit
2258 4762 2326 4818 de
2353 4762 2462 4829 illa,
2492 4762 2716 4818 dicens:
2752 4780 2769 4811 ι
2802 4760 2901 4816 llic
2930 4759 3206 4823 habitabo,
3242 4760 3501 4829 quoniam
3535 4758 3675 4830 elegi

436 4858 623 4932 Σωτὴρ
650 4860 778 4931 περὶ¹
810 4861 977 4933 αὐτῆς
1009 4861 1183 4931 λέγων
1202 4878 1215 4893 ⁸
1246 4856 1371 4916 Ὧδε
1398 4863 1709 4931 κατοικήσω
1729 4863 1811 4917 ὅτι
1828 4865 2002 4934 ᾑρετι-

436 4949 615 5021 σάμην
641 4952 833 5022 αὐτήν.
867 4970 887 5003 ι

504 5045 711 5099 ΠΛΛΛ.
765 5048 1005 5116 ’Λραρεν
1049 5044 1163 5111 οὖν,
1200 5050 1282 5101 ὅτι
1321 5048 1520 5112 παντὸς
1568 5049 1729 5119 ἔργου
1767 5050 2002 5103 καταλύ-

438 5151 601 5205 σομεν
627 5137 685 5189 ὲν
713 5135 999 5206 Σαϐϐάτῳ,
1027 5136 1167 5191 κατά
1202 5155 1264 5207 γε
1296 5138 1357 5191 τὸ
1378 5138 1644 5212 νομοθέτῃ
1670 5139 1880 5194 δοκοῦν.

506 5306 668 5360 ΚΥΡ.
707 5307 783 5360 Ού
818 5309 1015 5372 παντὸς
1062 5309 1266 5375 ἁπλῶς,
1298 5305 1343 5364 ὦ
1373 5312 1665 5366 Παλλάδιε·
1710 5316 1770 5366 τὺ
1789 5315 1896 5384 γάρ
1920 5331 2004 5367 τοι

439 5396 628 5466 χρῆναι
666 5400 884 5466 φρονεῖν
927 5415 988 5450 τε
1038 5400 1131 5452 καὶ
1181 5400 1314 5470 δρᾷν
1362 5402 1430 5455 τὰ
1470 5404 1554 5472 ἐφ’
1602 5398 1683 5466 οἷς
1716 5403 1780 5458 ἂν
1825 5406 2005 5474 ἥδοιτο

436 5483 587 5549 θεὸς,
615 5486 709 5539 καὶ
733 5487 795 5539 ού
845 5488 1070 5558 μετρίαν
1102 5489 1211 5558 ἔχοι
1241 5490 1345 5561 τὴν
1376 5491 1581 5563 ὄνησιν,
1614 5494 1712 5547 ούκ
1751 5496 2003 5548 ἐπαινου-

443 5573 608 5645 μένην
665 5577 731 5630 ἃν
790 5578 1082 5643 είσδέξαιτο
1126 5580 1224 5648 τὴν
1291 5582 1603 5650 κατάληξιν.
1648 5584 2003 5653 Προστέθεικε

438 5664 546 5734 γὰρ
582 5667 644 5719 ού
674 5668 867 5738 μάτην,
898 5670 971 5733 ὧς
1000 5670 1059 5737 γέ
1098 5686 1186 5739 μοι
1211 5669 1374 5735 δοκεῖ,
1409 5672 1467 5723 τὸ
1492 5672 1728 5743 Γράμμα
1751 5675 1806 5726 τὸ
1838 5675 1999 5744 ἱερὸν,

547 5844 716 5899 "Jcr.
769 5861 893 5907 xm,
937 5846 995 5899 ιε)
1039 5863 1185 5915 seqq.
1262 5849 1301 5881 ⁸³
1335 5850 1795 5909 Ροει1.ιχχχγι,ῧ.
1876 5852 1916 5881 ’³
1956 5851 2091 5903 l‘sal.

2105 4871 2227 4911 eam
2250 4856 2315 4909 ⁸³.
2352 4874 2369 4904 ι

2179 5032 2375 5089 PALL.
2392 5031 2724 5088 Conclusum
2748 5042 2833 5089 est
2858 5034 3043 5103 igitqu
3071 5035 3139 5088 ab
3164 5034 3313 5087 onmi
3339 5046 3506 5099 opere
3531 5028 3675 5082 desi-

2107 5124 2361 5180 stendum
2394 5124 2446 5180 in
2511 5123 2787 5190 Sabbato,
2846 5136 2909 5180 ut
2952 5133 3101 5181 certe
3158 5122 3456 5195 legislatori
3500 5121 3677 5175 visum

2107 5228 2210 5273 est.

2174 5310 2330 5365 CYR.
2354 5310 2471 5365 Non
2498 5310 2566 5365 ab
2590 5310 2739 5365 omni
2756 5324 3002 5379 prorsus,
3029 5307 3272 5375 inquam,
3297 5303 3499 5359 Palladi
3522 5322 3533 5356 :
3556 5319 3677 5356 nam

2104 5402 2171 5457 ab
2196 5402 2262 5457 iis
2304 5401 2607 5473 cogitandis
2643 5410 2806 5468 atque
2834 5396 3118 5458 faciendis,
3144 5412 3265 5464 qum
3293 5397 3404 5451 Deo
3442 5396 3675 5465 placent,

2104 5502 2160 5549 ct
2185 5509 2306 5562 qua:
2331 5510 2441 5547 non
2466 5491 2796 5545 mediocrem
2822 5488 3025 5541 habent
3047 5486 3335 5540 utilitatem
3358 5527 3371 5551 ,
3400 5502 3678 5553 nunquam

2106 5585 2455 5638 laudabiliter
2478 5580 2679 5634 cessari
2704 5587 2902 5648 potest.
2930 5578 3115 5646 Neque
3158 5577 3304 5631 enim
3350 5575 3551 5630 frustra
3600 5576 3681 5638 (ut

2111 5675 2244 5728 mihi
2284 5675 2506 5743 quidem
2534 5671 2772 5740 videtur)
2821 5671 3183 5741 adjunxcrtmt
3224 5684 3392 5723 sacrm
3436 5666 3676 5723 Littcrw,

2127 5868 2299 5904 (δικ-ιι.
2338 5853 2409 5901 επ.
