4138 6300
546 407 648 460 499

1554 376 1627 467 .S.
1667 411 1943 470 CYRILLI
1975 414 2442 470 ALEXANDRINI
2483 413 2797 472 ARCHIEP.

3696 410 3797 464 500

539 528 993 586 sanctificandum
1042 544 1162 594 esse
1207 549 1238 586 ιι
1286 534 1446 601 nobis
1495 531 1642 589 diem
1690 534 2055 591 Sabbatorum

2187 535 2282 596 ,τὸ
2323 534 2645 603 ἁγιάζεσθαι
2675 534 2790 587 δεῖν
2841 532 2976 604 πρὸς
3011 531 3170 602 ἡμῶν
3213 531 3312 602 τὴν
3344 530 3454 584 τῶν
3503 528 3800 589 Σαϐϐἀτων

549 639 567 671 ι
597 619 909 681 Recordare
931 637 1188 690 namque,
1219 626 1316 688 ait,
1343 624 1453 679 diei
1480 624 1866 693 Sabbatorum,
1909 637 1970 682 ut
1991 644 2116 686 san-

535 710 740 770 ctiﬁces
773 727 904 767 eum
927 712 992 766 ⁸⁵.
1029 732 1047 764 ι
1085 713 1143 768 Id
1166 730 1299 769 vero
1327 715 1401 770 ita
1425 716 1630 786 optime
1653 717 2022 787 perficiemus,
2063 720 2114 776 si

534 804 832 859 Sabbatum
851 805 1213 874 spiritualiter
1240 807 1591 875 celebrando,
1615 811 1819 865 sanctis
1853 813 2114 882 operibus

530 911 716 951 curam
741 907 904 967 atque
937 899 1278 970 diligentiam
1314 900 1746 971 impenderimus
1788 920 1800 956 :
1842 905 1998 974 cujus
2032 905 2113 960 rei

528 986 618 1040 illa
639 989 868 1044 evidens
890 990 1063 1062 ﬁgura
1093 991 1285 1057 tuerit,
1329 992 1477 1061 quod
1517 992 1759 1048 Sabbato
1799 995 2113 1052 sacerdotes

530 1077 584 1141 in
614 1081 815 1153 templo
843 1083 1142 1141 Sabbatum
1171 1085 1468 1152 violabant,
1507 1095 1563 1141 et
1589 1087 1707 1141 sine
1731 1087 1892 1160 culpa
1933 1090 2111 1144 sacris

527 1167 694 1222 rebus
735 1185 961 1240 operam
1006 1172 1230 1238 dabant,
1270 1174 1519 1231 victimas
1561 1175 1936 1240 immolabant,
1980 1193 2111 1232 oves

525 1260 827 1326 caedebant,
852 1264 1017 1338 23o
1040 1267 1224 1321 omnia
1248 1275 1545 1339 postremo,
1581 1282 1702 1336 qua:
1727 1266 1794 1321 ad
1847 1267 1944 1322 Dei
1983 1267 2107 1338 glo-

526 1351 664 1406 riam
711 1354 1070 1422 pertiuerent,
1098 1358 1321 1418 nomine
1362 1358 1693 1429 prohibente
1734 1358 2012 1418 faciebant
2034 1361 2103 1414 ³⁸.

519 1441 666 1512 Quid
707 1444 896 1500 enim?
942 1461 1053 1502 non
1091 1448 1407 1506 Iudaeorum
1445 1450 1736 1505 calumniis
1783 1451 1891 1508 hoc
1925 1453 2104 1524 ipsum

519 1535 773 1603 opposuit
789 1534 1066 1604 Christus,
1092 1555 1219 1594 cum
1242 1540 1422 1612 ipsum
1449 1541 1517 1596 de
1547 1543 1843 1599 violatione
1881 1543 2104 1600 Sabbati

517 1623 961 1694 criminarentur,
987 1630 1130 1700 quod
1153 1632 1516 1705 paralytich
1559 1633 1797 1692 Sabbato
1822 1637 2104 1700 curasset?

587 1718 786 1772 PALL.
818 1720 1060 1776 Memini.

576 1805 732 1861 CYR.
758 1807 1204 1867 Circumducitur
1225 1814 1390 1869 etiam
1410 1815 1645 1871 homoin
1673 1816 1930 1885 Sabbato,
1947 1820 2102 1890 juxta

517 1898 819 1956 Salvatoris
846 1919 1059 1970 vocem,
1082 1906 1200 1978 lege
1224 1922 1334 1962 non
1357 1908 1672 1965 vindicante
1703 1928 1716 1964 :
1754 1912 1984 1984 spondet
2007 1913 2096 1968 ni-

513 1990 720 2046 mirum
745 1992 919 2064 ﬁgura
956 2005 1012 2051 et
1054 1999 1453 2069 propemodum
1480 2010 1670 2071 aperte
1705 2010 1958 2068 testatur,
1999 2003 2092 2071 iis,

513 2081 606 2150 qui
631 2081 687 2136 in
713 2082 930 2140 Christo
963 2085 1262 2142 Sabbatum
1285 2099 1473 2160 agunt,
1509 2091 1564 2145 id
1577 2099 1680 2157 est,
1704 2093 1846 2162 quia
1869 2102 2095 2162 peccato

509 2183 746 2239 cessant,
773 2192 836 2231 ac
863 2179 1274 2236 sanctificantur
1297 2197 1396 2252 per
1413 2182 1597 2248 fidem,
1627 2183 1774 2238 illam
1811 2185 1866 2238 in
1893 2184 2092 2254 spiritu

509 2265 985 2323 circumcisionem
1009 2272 1354 2340 apertissime
1375 2275 1693 2341 convenire,
1719 2291 1841 2346 quae
1863 2275 1925 2330 fit
1943 2285 2094 2332 octa-

506 2370 598 2421 vo,
628 2356 680 2412 id
725 2367 831 2423 est,
871 2362 1298 2426 resurrectionis
1339 2363 1471 2418 die:
1517 2364 1600 2420 sic
1642 2365 1792 2420 enim
1839 2364 2092 2422 Christus

505 2431 842 2523 resurrexit";
886 2454 980 2522 qui
997 2464 1357 2526 posteaquam
1380 2457 1599 2523 revixit,
1626 2458 1911 2515 destructo
1936 2473 2088 2518 mor-

505 2539 576 2598 tis
613 2541 867 2616 imperio,
905 2544 1052 2602 illico
1108 2556 1298 2602 sancto
1344 2547 1553 2619 Spiritu
1611 2565 1742 2612 suos
1785 2551 2088 2620 discipulos

502 2633 813 2704 obsignavit
853 2638 1117 2708 :hmcque
1139 2650 1224 2694 est
1247 2640 1336 2694 illa
1369 2640 1425 2693 in
1461 2640 1668 2709 Spiritu
1713 2642 2082 2706 circumcisio.

501 2722 804 2786 lnsufllavit
845 2729 1016 2794 enim,
1057 2729 1250 2792 dicens
1279 2748 1292 2782 :
1339 2748 1359 2782 ι
1394 2729 1638 2800 Accipite
1664 2733 1930 2801 Spiritum
1955 2748 2082 2796 san-

500 2824 650 2880 ctum
672 2816 736 2869 ⁸⁸.
765 2835 784 2866 ι
830 2817 1028 2885 Annon
1096 2820 1299 2876 Paulus
1341 2838 1559 2892 quoque
1588 2823 1661 2878 ita
1683 2822 1803 2880 fieri
1840 2823 2083 2886 circum-

499 2905 768 2962 cisionem
814 2907 869 2972 in
932 2910 1130 2980 spiritu
1183 2912 1420 2968 fatetur?
1459 2913 1792 2970 Circumcidi
1844 2931 2080 2986 namque

498 3005 753 3066 oportere
779 3013 894 3064 eos,
945 3003 1039 3071 qui
1082 3003 1470 3072 crediderant,
1507 3005 1922 3062 circumcisione
1969 3023 2078 3062 non

497 3089 825 3158 manufacta,
855 3093 910 3148 id
933 3102 1036 3159 est,
1062 3095 1280 3165 spiritu,
1309 3099 1645 3158 asseveravit
1673 3099 1736 3152 ⁵⁷.
1765 3098 2075 3165 Quinetiam

495 3181 629 3281 illud
651 3183 976 3252 addiderim,
1005 3203 1116 3243 non
1138 3205 1298 3258 posse
1317 3205 1418 3248 nos
1448 3192 1543 3260 qui
1561 3191 1922 3260 spiritualiter
1942 3192 2076 3255 Sab-
2104 3219 2149 3281 ο

496 3269 682 3329 batum
708 3289 1012 3342 servamus,
1041 3289 1410 3349 congruenter
1441 3281 1510 3336 ab
1533 3281 1620 3346 iis,
1652 3297 1774 3351 quae
1810 3282 1878 3338 ad
1915 3281 2074 3340 forti-

496 3363 743 3426 tudinem
768 3367 1109 3435 spiritualem
1142 3371 1442 3438 pertinent,
1467 3373 1608 3428 etab
1652 3373 1906 3430 hostibus
1947 3391 2077 3432 con-

491 3457 758 3525 terendis,
783 3459 1228 3532 adversariisque
1253 3465 1312 3521 io
1335 3465 1556 3523 Christo
1586 3467 1933 3536 superandis,
1975 3486 2077 3528 un-

489 3564 655 3617 quam
683 3565 901 3610 cessare
929 3571 941 3606 :
969 3561 1026 3609 et
1065 3556 1187 3625 ejus
1205 3557 1286 3613 rei
1337 3557 1627 3629 imaginem
1654 3559 1756 3615 tibi
1794 3560 2074 3630 proferam

490 3649 683 3693 rursus
704 3647 945 3700 veterem
968 3643 1123 3704 illum
1141 3645 1348 3713 Iesum,
1375 3648 1470 3716 qui
1495 3664 1600 3704 una
1620 3665 1745 3705 cum
1769 3649 2073 3712 filiislsrael

488 3728 680 3792 urbem
715 3731 936 3794 Iericho
968 3737 1202 3806 Septimo
1238 3739 1349 3806 die,
1376 3739 1431 3806 id
1456 3750 1540 3797 est
1578 3740 1837 3810 Sabbato,
1866 3743 2031 3814 cepit,

553 3897 752 3958 PALL.
780 3903 962 3962 Solam
986 3907 1154 3977 igitur
1180 3910 1340 3967 nobis
1364 3927 1396 3966 a
1415 3913 1678 3983 nequitiae
1719 3931 1785 3971 ac
1819 3927 2072 3986 peccato-

485 4005 609 4046 rum
627 3994 890 4063 operibus
909 3999 1275 4069 vacationem,
1300 4003 1447 4072 quod
1471 4005 1538 4060 ad
1569 4006 1857 4068 veritatem
1895 4013 2070 4079 perti-

483 4095 579 4150 net
605 4091 860 4156 tauquam
902 4089 957 4145 in
980 4091 1172 4162 figuris
1197 4094 1309 4151 illis
1335 4097 1517 4154 adhuc
1537 4100 1824 4156 veteribus
1864 4118 2068 4174 prope-

482 4175 710 4238 modum.
743 4179 1144 4250 adumbratam,
1169 4184 1468 4244 Sabbatum
1492 4189 1700 4246 all‘eret.

557 4263 714 4323 CYR.
749 4269 828 4324 lta
871 4273 960 4327 aio
1013 4292 1026 4326 :
1060 4275 1106 4335 si
1139 4291 1274 4330 vero
1301 4294 1461 4335 secus
1483 4281 1670 4348 habet,
1697 4282 1751 4340 id
1779 4283 2066 4352 manifeste

479 4354 683 4412 Christi
711 4363 1030 4432 mysterium
1057 4368 1379 4424 ostenderit.

548 4445 748 4506 PALL.
775 4449 896 4518 Quo
927 4456 1148 4512 tandem
1169 4461 1374 4516 modo?

2219 625 2464 697 ἡμέραν·
2503 646 2520 676 ι
2562 625 2845 696 Μνήσθητι
2886 625 3012 696 γὰρ,
3041 643 3060 674 ς
3097 622 3252 693 φησι,
3280 641 3302 675 ι
3329 621 3427 692 τὴν
3458 621 3670 691 ἡμέραν
3689 621 3800 674 τῶν

2214 717 2512 772 Σαϐϐἀτων
2558 715 2806 785 ἀγιάξειν
2861 717 3050 786 αὐτήν.
3110 735 3127 767 ι
3201 713 3686 784 ’Δποπερανοῦμεν
3742 714 3800 766 δὲ

2213 810 2372 867 τοῦτο
2422 810 2518 864 καὶ
2551 809 2672 863 λίαν
2713 807 2993 871 ἐπιεικῶς,
3028 808 3076 860 εἰ
3112 807 3282 874 ἁγίων
3319 804 3497 874 ἔργων
3536 802 3797 873 ἐπιμελη-

2212 904 2304 958 ταὶ
2333 901 2656 972 φαινόμεθα,
2681 899 3108 963 σαϐϐατίζοντες
3147 897 3395 971 νοσινιτῶς·¹
3415 896 3502 964 εἴη
3529 895 3572 948 δ’
3609 895 3674 948 ἂν
3702 895 3797 946 τοῦ

2213 994 2541 1066 πράγματος
2594 991 2942 1054 ὑποτύπωσις
2993 988 3252 1060 ἐναργὴς,
3309 987 3370 1040 τὸ
3420 987 3478 1039 ἐν
3531 984 3798 1053 Σαϐϐάτῳ

2211 1085 2337 1147 τοὺς
2376 1083 2562 1156 ἱερέας
2605 1083 2663 1134 ὲν
2699 1080 2778 1150 τῷ
2819 1079 2947 1151 ἰερῴ
2979 1079 3040 1132 τὸ
3077 1078 3353 1134 Σάϐϐατον
3385 1075 3668 1146 βεϐηλοῦν,
3703 1075 3797 1126 καὶ

2211 1176 2527 1254 ἀμωμήτως
2579 1171 2905 1243 ἐργάζεσθαι
2949 1171 3019 1223 τὰ
3071 1169 3226 1241 ἱερὰ,
3278 1169 3375 1222 καὶ
3411 1167 3652 1239 πληροῦν
3697 1171 3794 1223 du.

2214 1267 2352 1331 σίας,
2377 1267 2470 1320 καὶ
2507 1264 2900 1336 μηλοσφαγεῖν,
2942 1262 3120 1316 πάντα
3154 1277 3215 1314 τε
3259 1260 3389 1330 δρᾷν
3421 1258 3488 1312 τὰ
3521 1259 3600 1320 εἰς
3632 1256 3792 1319 δόξαν

2211 1358 2344 1412 Θεοῦ
2385 1355 2787 1420 ἀδιακωλύτως.
2837 1356 2908 1408 Ἢ
2944 1355 3054 1425 γὰρ
3081 1353 3206 1423 οὐχὶ
3235 1355 3357 1414 ταῖς
3379 1349 3487 1405 τῶν
3522 1348 3791 1402 Ἰουδαίων

2213 1450 2457 1522 μομφαῖς
2488 1447 2621 1502 αὐτὸ
2654 1447 2718 1518 δὴ
2756 1445 2916 1500 τοῦτο
2946 1443 3319 1515 παρεκόμισεν
3343 1443 3372 1494 ὁ
3409 1439 3664 1511 Χριστὸς,
3699 1439 3790 1492 ὅτε

2209 1545 2272 1616 δὴ
2299 1544 2456 1607 λύσιν
2473 1543 2813 1614 ἐπεφήμιζον
2848 1538 2998 1610 αὐτῷ
3025 1538 3121 1594 τοῦ
3153 1538 3320 1609 νόμου
3357 1533 3787 1607 τεθεραπευκότι

2204 1637 2294 1690 τὸν
2331 1634 2642 1706 παράλυτον
2666 1635 2723 1687 ὲν
2745 1631 3035 1704 Σαϐϐάτῳ;

2275 1726 2484 1782 ΠΑΛΛ.
2517 1725 2601 1778 Με
2609 1723 2910 1795 μνήσομαι.

2275 1817 2440 1874 ΚΥΡ.
2473 1815 2868 1885 Περιτέμνεται
2895 1813 2951 1866 δὲ
2975 1810 3072 1866 καὶ
3093 1809 3388 1880 ἄνθρωπος
3413 1810 3474 1864 ὲν
3495 1808 3782 1879 Σαϐϐάτῳ,

2205 1905 2348 1959 κατά
2385 1907 2482 1978 τὴν
2520 1905 2614 1959 τοῦ
2645 1904 2902 1978 Σωτῆρος
2922 1902 3126 1974 φωνὴν,
3161 1901 3261 1962 οὐκ
3291 1899 3652 1970 ἐπιτιμῶντος
3690 1897 3783 1952 τοῦ

2203 1996 2368 2068 νόμου
2389 2012 2402 2026 ·
2437 1997 2731 2070 παρεγγυᾷ
2750 1995 2860 2068 γὰρ
2885 1996 2913 2048 ὁ
2933 1992 3102 2058 τύπος
3126 1992 3221 2046 καὶ
3247 1991 3529 2070 μονονουχὶ
3553 1991 3783 2061 διαμαρ-

2201 2087 2428 2157 τύρεται
2456 2087 2666 2156 σαφῶς,
2693 2088 2775 2140 ὅτι
2816 2085 3016 2157 πρέποι
3043 2084 3108 2139 ἂν
3133 2085 3228 2138 καὶ
3256 2083 3401 2154 μάλα
3423 2083 3649 2146 εἰκότως
3671 2084 3784 2145 τοῖς

2201 2177 2259 2230 ὲν
2279 2176 2498 2248 Χριστῷ
2515 2176 2923 2242 σαϐϐατίζουσι,
2945 2174 3215 2238 τουτέστι,
3236 2176 3350 2236 τοῖς
3375 2172 3782 2243 καταλήγουσιν

2202 2269 2495 2340 ἁμαρτίας,
2533 2270 2627 2321 καὶ
2656 2267 3039 2338 ἀγιαζομένοις
3069 2266 3158 2321 διὰ
3183 2268 3438 2328 πίστεως,
3476 2266 3510 2335 ἡ
3533 2266 3591 2318 ὲν
3619 2263 3781 2316 πνεύ-

2199 2376 2335 2432 ματι
2366 2359 2638 2432 περιτομὴ
2678 2359 3028 2430 πραττομένη
3077 2359 3219 2414 κατὰ
3243 2359 3340 2428 τὴν
3378 2357 3594 2426 ὀγδόην,
3625 2372 3778 2410 τουτ-

2197 2448 2314 2502 έστι
2346 2449 2444 2520 τὴν
2477 2449 2848 2519 ἀναστάσιμον
2878 2448 3092 2522 ἡμέραν
3119 2467 3132 2482 ·
3179 2449 3477 2520 ἐγήγερται
3503 2447 3611 2517 γὰρ
3637 2444 3779 2502 οὕτω

2194 2539 2450 2611 Χριστός.
2491 2539 2708 2610 Ἐπειδὴ
2737 2539 2794 2594 δὲ
2823 2539 3042 2606 ἀνεϐίω,
3065 2539 3126 2593 τὸ
3154 2539 3248 2595 τοῦ
3275 2538 3509 2594 θανάτου
3537 2535 3774 2590 καταλύ-

2196 2648 2294 2694 σας
2334 2631 2556 2704 κράτος,
2601 2632 3039 2703 κατεσφράγισεν
3077 2632 3242 2698 εὐθὺς
3295 2631 3374 2704 τῷ
3419 2631 3558 2702 ἁγίῳ
3601 2629 3775 2684 ΙΙνεύ⁶

2189 2741 2325 2799 ματι
2355 2723 2483 2788 τοὺς
2521 2723 2712 2779 ἑαυτοῦ
2758 2725 3089 2796 γνωρίμους,
3128 2726 3223 2780 καὶ
3266 2723 3424 2777 τοῦτό
3471 2724 3680 2794 ὲστινή
3713 2722 3773 2776 ὲν

2187 2816 2462 2886 πνεύματι
2507 2817 2797 2888 περιτομή.
2845 2817 3175 2890 Ἐνεφύσησε
3205 2816 3314 2887 γάρ
3350 2815 3526 2884 λέγων
3551 2830 3564 2845 ⁶
3606 2834 3625 2867 ‹
3659 2815 3770 2868 Adv

2189 2905 2314 2964 ϐετε
2349 2906 2577 2979 Πνεῦμα
2613 2907 2788 2976 ἅγιον.
2830 2927 2850 2962 ι
2891 2910 2962 2962 Ἦ
3001 2910 3099 2982 οὐχ
3128 2908 3270 2962 οὕτω
3305 2906 3642 2979 πράττεσθαι
3669 2906 3768 2977 τὴν

2186 2996 2262 3060 ὡς
2301 2999 2359 3050 ὲν
2399 2998 2579 3069 νοήσει
2623 3000 2924 3073 περιτομὴν
2957 3000 3052 3054 καὶ
3087 3002 3115 3054 ό
3148 2999 3358 3063 Παῦλός
3403 3016 3571 3070 φησι;
3605 3001 3771 3069 Περι-

2184 3089 2485 3160 τετμῆσθαι
2512 3089 2619 3161 γὰρ
2634 3090 2744 3144 δεῖν
2769 3095 3039 3163 περιτομῇ
3066 3092 3485 3164 ἀχειροποιήτῳ,
3517 3091 3767 3152 τουτέστι
3859 3137 3862 3140 .

2183 3181 2474 3252 πνεύματι,
2509 3182 2878 3254 διισχυρισατο
2921 3184 3049 3247 τοὺς
3086 3185 3538 3248 πεπιστευκότας.
3587 3185 3768 3257 Προσ-

2181 3270 2334 3344 Θείην
2368 3273 2413 3328 δ’
2445 3273 2512 3328 ἂν
2542 3274 2644 3341 ὅτι,
2681 3274 2790 3329 τῶν
2831 3276 2912 3340 εἰς
2943 3276 3195 3349 ἀνδρείαν
3239 3277 3338 3349 τὴν
3365 3277 3762 3348 πνευματικὴν,

2175 3365 2270 3422 καὶ
2314 3365 2407 3420 τοῦ
2456 3365 2763 3436 συντρίϐειν
2797 3367 3048 3440 ἐχθροὺς,
3099 3369 3194 3426 καὶ
3241 3371 3398 3442 νικᾷν
3443 3370 3502 3422 ὲν
3541 3368 3764 3440 Χριστῷ

2173 3458 2299 3520 τοὺς
2343 3457 2769 3531 ἀνθεστηκότας,
2802 3461 2906 3516 οὐκ
2941 3461 3008 3515 ἂν
3036 3461 3450 3532 καταλήξαιμεν
3513 3461 3760 3526 εἰκότως,

2174 3550 2378 3620 νοητῶς
2411 3551 2827 3620 σαϐϐατίξοντες
2851 3570 2864 3584 °
2898 3555 3085 3608 εἰκόνα
3121 3553 3179 3608 δέ
3207 3571 3289 3612 σοι
3321 3552 3569 3626 παροίσω
3601 3553 3762 3606 πάλιν

2172 3645 2264 3698 τὸν
2303 3646 2526 3715 ἀρχαῖον
2565 3647 2770 3702 ἐκεῖνον
2824 3645 3051 3717 Ἰησοῦν,
3100 3647 3236 3716 ὁμοῦ
3277 3649 3392 3714 τοῖς
3432 3646 3492 3714 ἐξ
3543 3645 3761 3718 Ἰσραὴλ

2172 3736 2418 3808 ᾑρηκότα
2459 3735 2558 3807 τὴν
2606 3737 2818 3809 Ἱεριχὼ
2872 3739 3016 3792 κατά
3071 3738 3168 3810 τὴν
3218 3738 3452 3811 ἑϐδόμην
3499 3737 3756 3810 ἡμέραν,

2170 3827 2467 3894 τουτέστιν,
2502 3830 2559 3885 ὲν
2586 3828 2663 3902 τῷ
2695 3829 2977 3901 Σαϐϐάτῳ.

2241 3921 2446 3976 ΠΔΛΛ.
2485 3920 2710 3993 Ἀργίαν
2741 3916 2835 3974 οὖν
2873 3921 2981 3993 ἄρα
3005 3919 3068 3974 τὸ
3102 3919 3377 3978 Σάϐϐατον
3412 3921 3572 3991 μόνον
3599 3923 3754 3998 ημῖν,

2169 4013 2244 4076 ὡς
2267 4013 2430 4076 ἔοικε,
2466 4013 2573 4068 τῶν
2620 4015 2685 4065 ὲκ
2708 4013 3042 4085 φαυλότητος
3076 4014 3171 4068 καὶ
3201 4012 3486 4083 ἁμαρτιῶν
3515 4013 3758 4084 εἰσκομί-

2170 4120 2312 4157 σειεν
2341 4103 2425 4168 ἂν,
2455 4104 2580 4173 τόγε
2626 4099 2761 4176 ἧκον
2793 4106 2874 4169 εἰς
2912 4103 3193 4177 ἀλήθειαν,
3229 4107 3327 4176 τὴν
3363 4107 3438 4170 ὡς
3461 4107 3518 4162 ὲν
3563 4107 3754 4170 τύποις

2168 4195 2254 4252 ἔτι
2279 4198 2393 4262 τοῖς
2413 4197 2790 4267 ἀρχαιοτέροις
2819 4199 3103 4270 μονονουχί
3135 4200 3677 4271 σκιαγραφουμένην.

2237 4290 2402 4343 ΚΥΡ.
2442 4288 2600 4345 Οὕτω
2627 4291 2770 4360 φημί
2794 4307 2808 4320 ·
2838 4291 2962 4348 καθ’
2986 4292 3173 4364 ἕτερον
3198 4291 3255 4346 δὲ
3276 4291 3500 4363 τρόπον,
3533 4293 3594 4346 τὸ
3619 4293 3752 4364 Χρι-

2169 4381 2295 4436 στοῦ
2325 4382 2620 4454 μυστήριον
2639 4382 3012 4454 παραδείξειεν
3034 4382 3101 4444 ἂν
3128 4385 3222 4444 καὶ
3254 4383 3400 4455 μάλα
3430 4383 3636 4453 σαφῶς.

2239 4473 2452 4526 ΠΔΛΛ.
2486 4471 2622 4528 Τίνα
2645 4471 2710 4543 δὴ
2737 4475 2866 4543 φής.

547 4538 707 4597 CYR.
735 4545 882 4602 Dixit
905 4557 1053 4606 certe
1081 4551 1283 4608 iterum
1329 4555 1416 4609 lex
1443 4573 1454 4607 :
1494 4575 1510 4606 ι
1543 4557 1600 4612 Si
1644 4561 1849 4617 emeris
1879 4561 2060 4620 virum

2235 4565 2554 4636 ΚΥΡ.Ἐφη
2569 4582 2671 4620 που
2690 4538 2851 4619 πάλιν
2871 4570 2900 4619 ό
2919 4567 3100 4636 νόμοςο
3125 4586 3143 4620 ‹
3168 4567 3295 4624 Ἐὰν
3309 4567 3366 4620 δὲ
3385 4567 3564 4639 κτήσῃ
3581 4566 3746 4620 παῖδα

477 4629 788 4702 Hebraeum,
819 4654 914 4694 sex
929 4657 1102 4700 annos
1122 4647 1326 4701 serviet
1353 4648 1450 4702 tibi
1473 4689 1487 4714 ,
1515 4665 1661 4705 anno
1684 4661 1868 4712 autem
1891 4653 2061 4723 septi-

476 4737 568 4814 mo
592 4728 907 4814 egredietur
944 4733 1088 4789 liber
1123 4739 1294 4807 gratis
1319 4739 1384 4793 ⁸⁸.
1421 4759 1439 4791 ι
1496 4741 1564 4795 Ει
1594 4743 1710 4797 hac
1751 4745 1974 4814 quidem
1998 4745 2058 4800 in

477 4809 685 4866 Exodo.
728 4815 787 4868 lu
813 4819 1236 4881 Deuteronomio
1283 4843 1416 4882 vero
1467 4846 1659 4886 rursus
1700 4809 1786 4888 ita-
1815 4834 1995 4904 inquit
2038 4851 2052 4888 :

483 4920 502 4951 ι
537 4900 594 4956 Si
617 4912 801 4958 autem
829 4909 1088 4966 venditus
1111 4915 1212 4968 tibi
1237 4916 1406 4972 fuerit
1441 4920 1610 4976 frater
1643 4931 1770 4978 tuus
1793 4900 2056 4980 Hebraeus

474 4993 559 5048 vel
607 4992 854 5064 Hebraea,
903 5003 1104 5059 serviet
1151 5007 1248 5061 tibi
1296 5025 1469 5065 annos
1531 5028 1658 5079 sex,
1710 5025 1767 5074 et
1820 5017 2056 5086 septimo

471 5084 694 5142 emittes
729 5102 857 5144 eum
915 5105 946 5148 a
1017 5102 1070 5149 te
1135 5095 1370 5160 liberum
1414 5116 1426 5152 :
1473 5116 1598 5156 cum
1643 5119 1773 5160 vero
1835 5084 2055 5166 emittes

471 5191 598 5230 cum
647 5179 889 5237 liberum
945 5200 978 5241 a
1028 5195 1100 5252 te,
1153 5203 1265 5243 non
1325 5191 1546 5245 emittes
1595 5209 1723 5248 eum
1769 5212 2044 5263 vacuum;

474 5265 732 5326 viaticum
779 5274 937 5332 dabis
985 5279 1036 5334 ei
1100 5280 1170 5336 ab
1209 5282 1404 5340 ovibus
1452 5285 1582 5349 tuis,
1621 5294 1676 5341 et
1719 5303 1748 5344 a
1778 5288 2054 5345 frumento

474 5366 590 5452 tuo,
615 5369 724 5452 eta
757 5369 1017 5426 torculari
1057 5378 1180 5440 tuo;
1219 5374 1361 5430 sicut
1400 5375 1746 5434 benedixerit
1798 5390 1851 5436 te
1892 5382 2049 5452 231

475 5448 736 5509 Dominus
757 5457 902 5515 Deus
947 5469 1094 5529 tuus,
1127 5465 1287 5523 dabis
1323 5468 1374 5523 ei
1422 5469 1488 5522 '9.
1529 5489 1547 5522 ι
1604 5470 1740 5525 Nam
1781 5448 2054 5541 superi-ori

473 5548 722 5611 tempore
752 5548 1008 5608 universo
1034 5568 1160 5612 ante
1204 5560 1378 5614 nostri
1415 5561 1715 5618 Salvatoris
1754 5562 2053 5617 adventum

473 5629 670 5700 spiritu
713 5639 998 5700 servitutis
1036 5645 1201 5704 Israel
1239 5652 1747 5724 constringebatur,
1798 5653 1905 5724 legi
1946 5669 2050 5723 pu-

579 5747 828 5835 ':.Exod.
859 5770 945 5823 xx,
967 5757 1018 5812 8.
1101 5761 1147 5793 ⁸⁸
1175 5761 1362 5818 Matth.
1397 5781 1504 5832 xxI,
1533 5767 1618 5822 12.
1701 5769 1746 5799 ⁸⁸
1773 5767 1930 5826 Joan.
1958 5784 2047 5835 xx,
2076 5771 2083 5821 τ

2229 5767 2275 5799 ⁸⁷
2307 5764 2516 5821 Coloss.
2552 5782 2612 5834 ιι,
2647 5767 2730 5822 ll.

491 5818 575 5888 lZ-
601 5819 682 5890 14,-.

2179 4652 2452 4724 Ἐϐραίον,
2472 4652 2531 4720 ἒξ
2567 4653 2661 4723 ἔτη
2683 4653 2959 4708 δουλεύσει
2983 4671 3088 4720 σοι,
3111 4655 3189 4727 τῷ
3207 4655 3263 4714 δὲ
3292 4655 3402 4707 ἔτει
3430 4653 3508 4724 τῷ
3536 4653 3746 4721 ἑϐδόμῳ

2164 4743 2522 4798 ἀπελεύσεται
2538 4743 2819 4815 ἐλεύθερος
2835 4745 3063 4816 δωρεάν.
3083 4731 3110 4796 ἰ
3131 4747 3240 4800 Καὶ
3259 4748 3316 4800 ὲν
3335 4747 3435 4816 μὲν
3453 4748 3516 4817 τῇ
3553 4744 3747 4813 Ἐξόδῳ

2163 4834 2340 4888 ταυτί.
2414 4835 2502 4888 Ἐν
2553 4833 2611 4887 δὲ
2655 4834 2732 4906 τῷ
2761 4836 3167 4906 Δευτερονομίῳ
3201 4835 3367 4890 πάλιν
3401 4835 3543 4888 οὕτω
3578 4833 3709 4905 φησί
3729 4850 3742 4863 ·

2170 4943 2190 4978 ‹
2237 4925 2365 4980 Ἐὰν
2409 4925 2466 4978 δὲ
2499 4924 2682 4996 πραθῇ
2718 4943 2798 4978 σοι
2830 4929 2858 4978 ὁ
2893 4927 3118 4996 ἀδελφός
3143 4944 3236 4980 σου
3281 4929 3308 4980 ὁ
3343 4927 3617 4998 Ἐϐραῖος,
3649 4926 3680 4996 ἢ
3709 4927 3740 4995 ή

2174 5015 2418 5084 Ἐϐραία,
2450 5015 2724 5070 δουλεύσει
2745 5034 2826 5069 σοι
2857 5017 2915 5081 ἓξ
2944 5017 3060 5088 ἔτη,
3094 5019 3188 5072 καὶ
3207 5018 3285 5088 τῷ
3318 5018 3532 5089 ἑϐδόμῳ
3557 5017 3744 5081 ἐξαποο
3841 5091 3849 5098 ⁸

2164 5107 2368 5171 στελεῖς
2397 5107 2561 5161 αὐτὸν
2592 5107 2874 5180 ἐλεύθερον
2908 5109 3016 5162 ἀπὸ
3053 5110 3147 5163 σοῦ
3169 5127 3182 5140 ο
3213 5111 3341 5164 ὅταν
3371 5109 3428 5162 δὲ
3450 5110 3743 5177 ἐξαποστε-

2160 5198 2272 5260 λεῖς
2301 5197 2466 5251 αὑτὸν
2497 5197 2781 5268 ἐλεύθερον
2821 5199 2928 5252 ἀπὸ
2959 5199 3077 5263 σοῦ,
3107 5202 3208 5254 οὐκ
3238 5200 3620 5266 ὲξαποστελεῖς
3644 5201 3741 5253 αὕη

2158 5289 2248 5344 τὸν
2270 5289 2444 5344 κενόν·
2471 5290 2679 5358 ἐφόδιον
2693 5290 2996 5358 ἑφοδιάσεις
3020 5291 3184 5345 αὐτὴν
3200 5291 3307 5350 ἀπὸ
3325 5291 3436 5345 τῶν
3453 5292 3740 5362 προϐάτων

2159 5396 2274 5446 σου,
2303 5379 2399 5436 καὶ
2421 5379 2526 5432 ἀπὸ
2543 5378 2636 5432 τοῦ
2658 5379 2803 5432 σίτου
2826 5381 2922 5434 καὶ
2945 5381 3052 5434 ἀπὸ
3068 5382 3166 5453 τῆς
3195 5383 3397 5451 κλήρου
3424 5398 3540 5436 σου⁹
3559 5379 3740 5443 καθὼς

2160 5471 2432 5541 ηὐλόγησέ
2457 5489 2516 5524 σε
2551 5472 2758 5542 Κύριος
2787 5474 2815 5526 ὁ
2845 5472 2976 5536 Θεός
3008 5492 3122 5539 σου,
3152 5473 3344 5538 δώσεις
3371 5472 3539 5543 αὐτῷ.
3574 5491 3593 5523 ι
3638 5471 3739 5524 Τδν

2160 5564 2258 5634 μὲν
2278 5564 2386 5634 γὰρ
2410 5564 2569 5618 ἄλλον
2592 5564 2806 5620 ἅπαντα
2827 5566 3040 5636 χρόνον,
3099 5567 3206 5638 πρὸ
3243 5570 3342 5638 τῆς
3366 5565 3460 5620 τοῦ
3485 5564 3738 5634 Σωτῆρος

2157 5654 2312 5725 ἡμῶν
2348 5654 2658 5725 ἐπιδημίας,
2689 5655 2961 5728 πνεύματι
2999 5657 3244 5720 δουλείας
3279 5658 3308 5710 ὁ
3367 5656 3577 5730 Ἰσραὴλ
3602 5670 3737 5707 κατ-

2844 5770 2889 5803 ⁸⁰
2920 5769 3090 5826 Exod.
3119 5787 3227 5837 xxt,
3254 5771 3307 5825 2.
3384 5770 3431 5805 ”
3447 5769 3610 5824 Deut.
3642 5784 3734 5840 xv,
