4138 6300
411 366 508 427 στι

1109 365 1197 421 DE
1232 362 1673 422 ADORATIONE
1711 367 1776 421 IN
1820 364 2089 421 SPIRITU
2131 365 2220 419 ET
2264 366 2628 422 VERITATE.
2671 365 2799 421 LIB.
2844 363 2951 420 Vll.

3682 362 3717 384 "‘

409 484 726 554 εσφίγγετο,
781 481 928 553 νόμῳ
971 480 1051 552 τῷ
1114 484 1398 548 κολάζοντι
1452 484 1976 557 καταζευγνύμενος.

2107 482 2257 538 ιίεηιὶ
2291 484 2607 555 subjectus;
2635 491 2822 555 postea
2851 496 2981 537 vero
3003 484 3167 551 quam
3197 474 3658 534 extremissaeeuli

420 572 638 643 Ἐπειδὴ
679 571 736 625 δὲ
763 571 823 626 ἐν
849 572 1097 642 ἐσχάτοις
1127 572 1220 627 τοῦ
1251 574 1445 638 αίῶνος
1467 579 1677 649 καιροῖς
1706 576 1977 647 (τέθειται

409 666 465 720 δὲ
495 665 626 735 ἡμῖν
660 663 754 716 καὶ
789 661 941 727 τοῦδε
970 662 1138 728 τύπος
1166 664 1229 718 rb
1263 664 1576 739 Σᾴὁδατον)
1607 667 1919 738 ἐπέλαμψεν
1950 669 1979 722 ὁ

423 753 798 825 Ἐμμανουὴλ,
847 753 968 806 τότε
1023 754 1089 826 δὴ
1136 755 1198 809 rb
1250 755 1348 826 μὲν
1399 756 1641 822 δουλείας
1694 759 1978 830 ἀφῄρηται

412 845 652 915 πνεῦμα,
690 844 1190 913 προσκεκαμικότες
1220 844 1277 898 δὲ
1306 845 1441 911 ὅλως
1477 847 1628 901 οὐδὲν
1649 848 1741 911 ἐίς
1780 848 1983 903 ἀπολὺ-

411 954 612 1011 τρωσιν
645 935 722 1007 τῷ
742 936 1006 1008 Δεσπότῃ,
1041 937 1458 1010 φιλανθρωπίνῳ
1483 939 1665 1011 χάριτι
1691 940 1984 1011 κέκληνται

415 1030 551 1115 πρὸς
592 1025 927 1098 ἐλευθερίαν,
973 1028 1068 1081 καὶ
1107 1020 1189 1092 είς
1217 1015 1316 1100 τὴν
1355 1029 1455 1100 τῆς
1491 1031 1763 1096 υἱοθεσίας
1785 1032 1944 1099 δόξαν
1968 1049 1982 1065 °

414 1118 787 1175 δεδικαίωνται
812 1117 921 1189 γὰρ
943 1118 994 1172 ot
1027 1119 1415 1184 πιστεύσαντες
1452 1121 1555 1176 οὐκ
1580 1120 1643 1186 ἐξ
1678 1120 1859 1193 έργων
1894 1121 1988 1177 νό-

419 1228 519 1282 μου
568 1209 710 1264 κατὰ
750 1210 851 1274 τὰς
882 1210 1123 1282 Γραφὰς,
1149 1210 1267 1265 ἀλλ’
1309 1213 1374 1265 ἐκ
1408 1212 1667 1278 πίστεως.
1703 1214 1815 1268 Καὶ
1834 1212 1991 1268 τοῦτο

416 1300 552 1355 εἷναί
589 1319 733 1372 φημι
758 1302 838 1369 rb,
891 1320 911 1353 ι
958 1301 1343 1357 Ἀπελεύσεται
1380 1304 1662 1375 ἐλεύθερος
1688 1305 1921 1378 δωρεάν.
1964 1321 1989 1358 ι

429 1392 591 1457 Ἀλλ’,
630 1411 648 1444 ι
680 1392 868 1454 Ὅταν,
905 1392 1091 1463 φησιν,
1129 1391 1509 1460 ἐξαποστελεῖς
1527 1396 1688 1451 αὐτὸν
1704 1397 1993 1470 ἐλεύθερον

418 1482 525 1538 ἀπὸ
557 1479 674 1548 σοῦ,
706 1482 806 1535 οὐκ
840 1480 1222 1549 ἐξαποστελετς
1272 1484 1434 1539 αὑτὸν
1460 1487 1638 1541 κενόνο
1663 1488 1873 1558 ἐφόδων
1892 1490 1994 1558 ἐφ-

420 1572 652 1636 οδιάσεις
686 1572 849 1626 αὐτὸν
866 1572 972 1626 ἀπὸ
993 1571 1101 1626 τῶν
1128 1574 1417 1645 προὸἀτων
1445 1592 1561 1641 σου,
1590 1577 1700 1632 ἀπὸ
1721 1578 1815 1632 τοῦ
1846 1579 1995 1633 σίτου

424 1680 538 1726 σου,
571 1663 665 1716 καὶ
705 1663 811 1716 ἀπὸ
846 1664 944 1733 τῆς
977 1663 1141 1736 ληνοῦ
1175 1681 1292 1717 σου.
1344 1683 1363 1717 ι
1417 1665 1581 1737 Ὁρᾷς
1610 1669 1856 1739 ἐναργῶς
1900 1668 1996 1722 τοῦ

422 1752 560 1807 κατὰ
582 1754 813 1826 Χριστὸν
842 1755 1144 1826 μυστηρίου
1177 1757 1274 1826 τὴν
1301 1757 1550 1829 δύναμιν,
1578 1758 1640 1812 ἓν
1664 1775 1727 1825 γε
1755 1760 1996 1814 τουτοισὶ

422 1819 859 1916 διαλάμπουσανξ
894 1819 1281 1919 λελυτρώμεθα
1324 1819 1455 1922 γὰρ,
1486 1819 1580 1905 καὶ
1608 1819 1813 1923 ἁνῆκεν
1845 1854 1994 1924 ἡμᾶς
2028 1819 2069 1875 Β

422 1936 738 2008 ἐλευθέρους
768 1939 796 1991 ὁ
834 1938 1051 1994 πάντων
1081 1940 1239 2013 ἡμῶν
1275 1942 1483 2015 Σωτὴρ,
1514 1943 1746 2015 δωρεάν.
1778 1945 1853 1998 Οὐ
1882 1945 1994 2017 γὰρ

424 2029 481 2095 ἐξ
534 2029 712 2100 ἔργων
748 2030 1101 2103 δικαιοσύνης
1150 2035 1192 2088 ἃ
1237 2035 1575 2107 ἐποιήσαμεν
1623 2037 1807 2107 ἡμεῖς,
1859 2036 1997 2090 ἀλλὰ

426 2120 567 2173 κατὰ
612 2121 673 2174 rb
720 2121 856 2175 πολὺ
898 2123 1068 2178 αὑτοῦ
1111 2123 1282 2189 ἕλεος,
1331 2125 1473 2179 κατὰ
1499 2126 1562 2180 rb
1588 2127 1992 2197 γεγραμμένον,

424 2211 523 2281 τῆς
571 2210 745 2277 οὕτως
789 2214 1103 2286 ὑπερφυοῦς
1151 2217 1490 2288 ἡμερότητος
1542 2219 1994 2290 μετεσχήκαμεν

324 2342 327 2345 -
425 2303 595 2366 ἀνιεὶς
641 2304 698 2358 δὲ
741 2307 890 2377 ἡμᾶς
938 2307 1277 2380 ἐλευθέρους,
1328 2309 1633 2376 τουτέστιν,
1679 2309 1998 2374 ἀπαλλάξας

427 2395 731 2466 ἁμαρτιῶν,
777 2398 871 2452 καὶ
913 2401 980 2470 τῇ
1024 2402 1122 2468 τῆς
1160 2400 1432 2465 υἱοθεσίας
1459 2400 1875 2465 κατακαλλύνσς
1900 2401 2001 2471 χα-

427 2503 556 2559 ριτι,
606 2487 768 2540 καλὸν
814 2488 946 2559 ἡμῖν
976 2489 1186 2558 ἐφόδιον
1231 2492 1421 2545 ἑαυτὸν
1474 2492 1884 2563 προστέθεικεν,
1922 2493 1998 2556 ὡς

426 2577 656 2648 ἄμωμον
706 2581 919 2649 ίερεῑον,
970 2580 1065 2634 καὶ
1109 2581 1186 2644 ὡς
1219 2582 1495 2650 πρόϐατον
1533 2584 1628 2637 ἐπὶ
1683 2585 1899 2655 σφαγὴν
1928 2584 1998 2638 δι’

429 2669 575 2737 ἡμᾶς
619 2670 876 2740 ἠγμένος,
921 2672 1288 2742 χαρισάμενός
1323 2690 1383 2726 τε
1414 2673 1477 2727 rb
1516 2676 1808 2745 μετασχεῖν
1848 2674 2002 2729 εὐλο-

428 2756 553 2825 γίας
584 2759 684 2827 τῆς
715 2758 1001 2824 ζωοποιοῦ,
1043 2761 1311 2823 τουτέστι,
1344 2762 1442 2832 τῆς
1476 2762 1637 2828 ἁγίας
1677 2764 1841 2817 αὑτοῦ
1867 2780 2001 2835 σαρ-

429 2847 525 2911 κός
552 2865 611 2900 τε
640 2849 734 2902 καὶ
765 2849 1012 2919 αἵματος.
1050 2851 1239 2915 Τοῦτο,
1262 2847 1435 2922 οἶμαι,
1470 2853 1598 2906 ἐστὶ
1630 2853 1691 2906 τὸ
1725 2854 2003 2924 ἐφοδιάζε-

433 2937 555 2991 σθαι
581 2939 690 2993 δεῖν
715 2940 821 2993 ἀπὸ
848 2940 956 2994 τῶν
980 2942 1290 3012 προϐάτιον,
1318 2944 1424 2997 ἀπό
1448 2956 1509 2996 τε
1538 2944 1688 2997 σίτου
1714 2947 1812 2999 καὶ
1831 2946 1999 3011 οῑνου,

430 3029 666 3122 τοῦς-ἐν
712 3031 924 3102 ἑϐδόμῳ
976 3032 1172 3105 καιρῷ,
1221 3034 1523 3102 τουτέστιν,
1588 3036 1649 3088 ἐν
1697 3035 1775 3122 τῷ
1831 3036 2005 3108 νοητῷ

433 3118 714 3223 Σαὸὅατῳ,
747 3123 1116 3223 κεκλημένους
1138 3126 1219 3188 είς
1244 3126 1556 3223 ἐλευθερίαν
1584 3128 1642 3194 ἐξ
1669 3118 2006 3200 ἡμερότητος
2036 3165 2079 3223 C

2079 575 2437 643 temporibus,
2468 588 2703 645 quorum
2728 574 2893 630 etiam
2920 572 3146 643 ﬁguram
3162 562 3472 624 'Sab'batum
3491 564 3661 621 fuisse

2081 664 2293 719 anobis
2336 666 2578 736 positum
2619 674 2736 729 est,
2783 664 2963 718 illuxit
2994 660 3337 725 Emmanuel,
3369 666 3660 713 tuanvero

2083 757 2373 813 servitutis
2404 758 2633 828 spiritus
2668 756 2923 811 sublatus
2958 760 3081 821 est;
3107 756 3343 822 cumque
3376 750 3517 805 nihil
3549 749 3659 804 Do-

2084 850 2236 939 m'ino
2252 864 2362 920 pro
2374 848 2759 919 redemptione
2775 846 3159 910 contulissent,
3177 840 3519 913 benignitate
3534 853 3662 910 gra-

2086 924 2177 996 ιίΞε
2222 947 2351 995 sunt
2389 940 2460 995 ad
2498 939 2811 995 libertatem
2848 945 2905 991 ει
2941 934 3011 991 ad
3066 933 3302 1005 gloriam
3347 924 3685 999 adoptionis.

2086 1032 2266 1089 νοωιὶ
2292 1050 2305 1086 :
2330 1029 2760 1103 namjustiﬂcati
2794 1035 2953 1093 sunt,
2992 1025 3093 1096 qui
3127 1015 3505 1082 crediderunt,
3554 1031 3677 1073 ιισιιο

2086 1138 2157 1179 ex
2181 1121 2448 1194 operibus
2470 1122 2629 1193 legis,
2651 1130 2715 1177 ut
2736 1121 3002 1190 scriptum
3024 1118 3129 1181 εει,
3158 1112 3255 1168 sed
3277 1124 3347 1167 ex
3371 1106 3495 1165 fide.
3528 1109 3671 1163 Hoc—

2089 1229 2199 1284 que
2242 1216 2367 1270 esse
2410 1213 2635 1284 inquam
2675 1211 2811 1267 illud
2841 1229 2867 1265 :,
2918 1229 2937 1260 ι
2999 1205 3326 1278 Egredietur
3364 1200 3509 1255 liber
3546 1212 3670 1268 gra-
3761 1194 3764 1198 ’

2092 1304 2165 1361 tis
2187 1305 2228 1361 ¹.
2262 1320 2286 1356 ι
2315 1304 2425 1360 Sed
2469 1318 2597 1359 cum
2620 1303 2835 1375 inquit,
2874 1320 2893 1353 ι
2925 1300 3159 1355 Emittes
3199 1302 3328 1351 cum
3370 1291 3667 1346 liberuma

2093 1400 2171 1462 te,
2196 1410 2308 1450 non
2333 1394 2554 1451 emittes
2573 1408 2703 1449 eum
2728 1406 2965 1449 vacuum
2984 1408 3017 1452 :2
3028 1389 3290 1445 viaticum
3313 1385 3474 1441 dabis
3495 1383 3574 1437 illi
3599 1383 3669 1437 ab

2092 1485 2292 1542 ovibus
2325 1485 2456 1551 tuis,
2480 1501 2512 1540 a
2542 1485 2822 1539 Mmento
2864 1480 2986 1545 tuo,
3026 1486 3084 1535 et
3107 1493 3138 1533 a
3160 1472 3425 1531 torculari
3444 1481 3544 1528 tuo
3568 1473 3612 1535 ’,
3646 1489 3664 1522 ι

2094 1577 2255 1633 vides
2292 1576 2584 1648 perspicue
2629 1573 2836 1629 Christi
2862 1568 3110 1643 mysterii
3142 1568 3256 1641 vim
3288 1560 3349 1620 i'n
3380 1564 3468 1619 his
3488 1561 3674 1617 verbis

2099 1664 2309 1735 fulgere
2334 1682 2350 1730 ;
2391 1678 2520 1719 nam
2544 1661 2819 1731 redempti
2861 1672 3082 1723 sumus,
3111 1664 3177 1712 et.
3202 1653 3415 1710 dimisit
3448 1667 3550 1707 nos
3581 1651 3673 1705 ille

2094 1754 2347 1810 omnium
2371 1753 2619 1809 Salvator
2644 1751 2852 1805 liberos
2866 1748 3064 1820 gratis.
3097 1745 3219 1802 Non
3246 1744 3402 1798 enim
3427 1757 3495 1796 ex
3539 1754 3672 1809 ope-

2096 1843 2253 1898 ribus
2272 1843 2519 1914 justitizn,
2546 1844 2667 1911 quae
2690 1839 3077 1901 fecimusnos,
3112 1833 3210 1888 sed
3235 1828 3538 1887 secundum
3561 1843 3677 1883 ma-

2099 1932 2717 2007 gnammisericordiam
2755 1934 3033 1994 suam,.ut
3066 1924 3331 1995 scriptum
3369 1919 3473 1985 est,
3518 1919 3676 1973 beni-

2098 2024 2327 2097 gnitatis
2354 2023 2497 2079 adeo
2526 2019 2756 2091 insignis
2795 2016 3094 2089 participes
3127 2014 3254 2069 facti
3274 2024 3470 2066 sumus
3494 2027 3506 2061 :
3526 2021 3680 2063 cum-

2100 2124 2208 2186 que
2228 2129 2332 2170 nos
2347 2114 2552 2169 liberos
2573 2110 2891 2175 dimisisset,
2916 2107 2972 2162 id
2994 2114 3099 2171 est,
3132 2120 3166 2159 a
3185 2101 3426 2174 peccatis
3446 2100 3679 2155 ἤθει-οδε

2102 2214 2207 2272 set,
2251 2214 2307 2262 et
2350 2203 2661 2275 adoptionis
2706 2200 2886 2273 gratia
2955 2198 3307 2260 decorasset,
3348 2186 3680 2263 praeclarum

2102 2298 2264 2353 nobis
2316 2296 2578 2351 viaticum
2634 2293 2873 2363 seipsum
2936 2289 3141 2362 adjecit
3162 2328 3176 2353 ,
3225 2291 3288 2341 ut
3335 2281 3692 2339 immaculata

2104 2388 2305 2453 hostia,
2340 2395 2397 2443 et
2419 2395 2480 2442 ut
2498 2385 2617 2441 ovis
2639 2384 2708 2439 ad
2733 2383 3012 2437 victimam
3053 2380 3285 2449 propter
3308 2386 3422 2453 nos
3457 2374 3679 2435 ductus,

2103 2451 2442 2551 lar-situsque
2465 2483 2529 2531 ut
2556 2473 2789 2531 viviﬁcae
2810 2468 3251 2531 benedictionis,
3283 2451 3343 2520 id
3408 2465 3513 2528 'est,
3553 2478 3683 2518 san-

2102 2574 2208 2628 ctas
2239 2585 2354 2627 sua;
2398 2568 2579 2623 carnis
2610 2581 2676 2622 ac
2704 2564 2992 2635 sanguinis
3033 2558 3614 2632 participestessemus
3641 2554 3683 2606 ³.

2106 2662 2223 2717 Hoc
2256 2669 2360 2725 est,
2396 2658 2611 2728 Opinor,
2661 2655 2731 2710 ab
2762 2653 2980 2716 ovibus,
3028 2653 3198 2719 atque
3233 2663 3266 2703 a
3320 2646 3601 2701 frumento
3629 2650 3687 2697 et

2105 2751 2236 2807 vino
2258 2745 2720 2819 suppeditandum
2742 2758 2864 2799 esse
2893 2741 3155 2796 viaticum
3199 2738 3289 2801 iis,
3319 2736 3415 2807 qui
3450 2734 3687 2805 septimo

2106 2845 2373 2914 tempore,
2403 2839 2460 2895 id
2481 2844 2585 2903 est,
2606 2835 2877 2907 spirituali
2904 2833 3166 2898 Sabbatao,
3197 2830 3265 2886 ad
3293 2829 3601 2883 libertatem
3618 2842 3691 2880 ex

2108 2934 2453 3005 benignitate
2477 2928 2764 2986 Dominica
2788 2933 3075 2983 vocantur.
3113 2924 3291 2993 Atque
3331 2921 3419 2976 lex
3464 2918 3693 2989 quidem

2110 3026 2394 3082 hactenus.
2425 3022 2722 3086 Caeterum,
2748 3020 2878 3089 quia
2901 3016 3105 3074 Iudaeis
3119 3030 3233 3085 prae
3250 3011 3507 3069 socordia
3536 3025 3695 3064 resu-

2111 3117 2258 3188 pinis
2277 3128 2386 3169 non
2414 3111 2714 3167 admodum
2741 3108 2991 3178 placebat
3012 3107 3130 3160 haec
3151 3103 3407 3160 mandata
3444 3115 3687 3162 servare,

435 3210 532 3282 τῆς
572 3189 935 3285 Δεσποτικῆςί
961 3215 1097 3270 ἀλλὰ
1134 3217 1294 3270 ταυτὶ
1344 3189 1448 3289 μὲν
1484 3220 1515 3271 ὁ
1554 3189 1736 3290 νόμος.
1786 3189 2007 3292 ζΕπειδη

2109 3210 2208 3261 οδε
2228 3205 2374 3258 Deus
2397 3208 2636 3264 accusat,
2676 3198 2773 3267 qui
2804 3197 2910 3252 hoc
2950 3195 3135 3249 animo
3165 3199 3372 3248 essent.
3413 3189 3692 3259 Scriptum

434 3303 491 3357 δέ
533 3306 645 3368 τοῖς
694 3305 968 3370 Ἰουδαίοις
1004 3308 1456 3365 ἀνα-πεπτωκόσιν
1494 3311 1573 3374 είς
1610 3310 1906 3382 ρᾳθυμίαν,
1947 3311 2007 3364 οὐ

434 3393 554 3448 λίαν
595 3395 768 3450 ἐδόκει
816 3401 1002 3468 τηρεῖν
1044 3398 1112 3454 τὰ
1178 3402 1565 3472 ἐντεταλμένα,
1643 3403 1939 3473 κατῃτιᾶτο
1981 3404 2010 3457 ὁ

437 3486 569 3551 Θεὸς
600 3487 759 3541 τοῦτο
790 3488 922 3559 δρᾷν
952 3489 1262 3560 ἑλομένους.
1296 3493 1609 3565 Γέγραπται
1641 3494 1771 3565 γὰρ,
1806 3495 1889 3547 ὅτι
1917 3494 2013 3548 καὶ

445 3592 464 3625 ι
488 3575 805 3667 --Ἐγενηθχ
832 3577 987 3645 λόγος
1024 3579 1230 3650 Κυρίου
1289 3582 1427 3652 πρὸς
1478 3583 1769 3654 Ἱερεμίαν,
1803 3582 2008 3652 λέγων·

441 3664 625 3730 Οὕτως
657 3662 799 3720 εἶπέ
819 3667 1024 3739 Κύριος
1073 3673 1102 3724 ὀ
1145 3671 1279 3736 Θεὸς
1322 3674 1558 3744 Ἰσραὴλ,
1590 3673 1765 3742 λέγων
1784 3690 1798 3704 ·
1828 3673 2013 3728 Διεθέ-

445 3772 550 3826 μην
577 3756 845 3828 διαθήκην
874 3757 1010 3827 πρὸς
1046 3760 1172 3823 τοὺς
1196 3760 1440 3831 πατέρας
1472 3761 1625 3831 ὑμῶν
1654 3761 1806 3833 turi}
1832 3762 2015 3834 ἡμέρᾳ

445 3840 791 3920 ᾖέξειλόμην
835 3855 1034 3915 αὐτοὺς
1069 3853 1134 3905 ἐκ
1168 3854 1268 3922 γῆς
1301 3852 1579 3921 Αἰγύπτου
1619 3856 1677 3922 ἐξ
1705 3859 1852 3911 οῐκου
1897 3859 2015 3911 δου-

443 3937 591 4002 λείας
620 3940 793 4009 λέγων
819 3958 833 3974 ο
869 3944 1040 3996 Ὅταν
1065 3942 1322 4014 πληρωθῇ
1350 3942 1410 4008 ἓξ
1433 3943 1548 4015 ἔτη,
1582 3946 1898 4012 ἀποστελεῖς
1922 3948 2013 4002 τὸν

445 4030 671 4099 ἀδελφόν
718 4050 811 4086 σου
841 4035 934 4087 τὸν
983 4033 1256 4104 Ἐϐραΐον,
1296 4033 1354 4098 ὃς
1396 4035 1739 4108 πραθήσεταί
1778 4056 1882 4103 σοι,
1922 4041 2017 4094 καὶ

448 4121 675 4191 ἐργᾶταί
719 4141 801 4178 σοι
831 4123 890 4189 ἓξ
935 4124 1051 4195 ἐτη,
1092 4126 1183 4178 καὶ
1212 4124 1589 4192 ἐξαποστελεῖς
1624 4129 1786 4184 αὐτὸν
1808 4128 2017 4184 ἐλεύθε-

451 4227 540 4280 ρον
560 4228 573 4242 ο
607 4213 700 4266 καὶ
736 4215 837 4267 οὐκ
869 4214 1106 4283 ἠκουσάν
1138 4231 1262 4284 μου,
1304 4215 1398 4268 καὶ
1430 4217 1532 4270 οὐκ
1588 4217 1802 4272 έκλιναν
1827 4218 1887 4271 rb
1926 4212 2018 4281 οὖς

446 4303 662 4357 αὐτῶν
706 4305 799 4358 καὶ
831 4305 1173 4377 ἐπέστρεψαν
1225 4308 1461 4378 σήμερον
1500 4309 1720 4378 ποιῆσαι
1759 4310 1819 4362 rb
1866 4310 2019 4373 εὑθὲς

448 4393 553 4462 πρὸ
605 4394 896 4465 ὀφθαλμῶν
950 4413 1074 4466 μου,
1131 4397 1224 4451 τοῦ
1274 4398 1502 4451 καλέσαι
1548 4399 1743 4466 ἄφεσιν
1791 4399 2019 4453 ἕκαστον

446 4485 539 4537 τοῦ
582 4486 810 4554 πλησίον
847 4487 1046 4540 αὐτοῦ’
1084 4488 1177 4540 καὶ
1207 4489 1557 4542 συνετέλεσαν
1591 4488 1854 4560 διαθήκην
1879 4489 2020 4545 κατὰ

447 4579 738 4649 πρόσωπόν
780 4598 880 4650 μου
934 4581 993 4632 ὲν
1031 4580 1110 4650 τῷ
1151 4582 1317 4650 οίκῳ,
1349 4574 1392 4648 ᾧ
1425 4581 1698 4652 ἐπεκλήθη
1755 4580 1818 4634 rb
1852 4580 2023 4651 δνομά

451 4687 551 4740 μου
581 4673 670 4724 ἐπ’
703 4672 867 4725 αὐτοῦ
891 4689 906 4705 ·
943 4672 1038 4726 καὶ
1079 4670 1469 4744 ὲπεστρέίατε,
1507 4674 1600 4726 καὶ
1644 4671 2022 4742 ἐϐεϐηλώσατε

447 4762 544 4831 τὴν
568 4763 835 4832 διαθήκην
865 4782 989 4833 μου,
1025 4763 1119 4818 τοῦ
1148 4764 1470 4834 ἐπιπρέψαι
1490 4764 1717 4817 ἕκαστον
1741 4764 1832 4817 τὸν
1858 4764 2022 4816 παῖδα

448 4854 635 4916 αὐτοῦ,
672 4854 768 4907 καὶ
800 4854 1031 4908 ’ἑκαστον
1084 4853 1183 4925 τὴν
1229 4854 1517 4924 παιδίσκην
1577 4854 1760 4917 αὑτοῦ,
1806 4850 1900 4917 οὒς
1936 4853 2022 4917 ἐξ·

450 4947 809 5000 απεστείλατε
858 4947 1175 5017 ἐλευθέρους
1217 4949 1282 5017 τῇ
1315 4945 1457 5016 ψυχῇ
1493 4943 1693 5007 αὐτῶν,
1751 4942 1845 4996 τοῦ
1883 4938 2021 4995 εἶναι

449 5036 578 5107 ὑμῖν
620 5039 700 5099 είς
743 5037 935 5099 παῖδας
985 5038 1077 5090 καὶ
1126 5032 1435 5099 παιδίσκας.
1471 5053 1488 5084 ι
1539 5034 1702 5104 Ὁρᾷς
1737 5035 1883 5096 ὅπως
1923 5033 2024 5085 οὐκ

449 5128 699 5198 ἀνέχεται
728 5125 835 5181 τῶν
864 5127 1051 5182 τύπων
1081 5121 1477 5198 ἀθετουμένων,
1516 5123 1713 5196 μᾶλλον
1760 5125 1816 5179 δὲ
1854 5124 2023 5194 αὐτῆς

449 5217 549 5287 τῆς
579 5216 837 5290 ἀληθείας
858 5214 1252 5289 ἐξυϐρισμένης
1270 5216 1344 5280 ὼς
1373 5212 1429 5271 ἐν
1455 5219 1632 5279 σκιαῖς
1659 5210 1773 5279 έτι;
1806 5234 1825 5266 ι
1865 5217 2023 5286 Ἀμε-

451 5307 730 5380 ταμέλητα
793 5308 901 5379 γὰρ
948 5308 1019 5360 τὰ
1064 5307 1400 5377 χαρίσματα,
1454 5304 1547 5360 καὶ
1596 5309 1629 5377 ἡ
1687 5305 1880 5375 κλῆσις
1927 5303 2022 5358 τοῦ

453 5393 614 5459 Θεοῦ,
652 5412 671 5448 ι
722 5396 864 5449 κατὰ
911 5396 972 5448 rb
1010 5396 1413 5466 γεγραμμένον.
1463 5393 1600 5460 Τοὺς
1633 5393 1689 5449 δὲ
1735 5392 2023 5458 ἀνεθέντας

454 5481 603 5548 ἅπαξ
629 5525 644 5549 ,
700 5485 893 5538 ἀνόπιν
949 5485 1201 5546 ἕλκοντες
1263 5482 1540 5548 Ἰουδαῖοι,
1591 5484 1684 5536 καὶ
1749 5484 1864 5546 τοῖς
1923 5482 2022 5552 τῆς

2108 3303 2198 3351 est
2218 3295 2368 3351 enim
2398 3311 2411 3347 :
2459 3310 2478 3344 ι
2507 3292 2732 3347 Factum
2773 3290 2859 3344 est
2894 3286 3124 3343 verbum
3160 3283 3379 3340 Domini
3422 3282 3492 3337 ad
3536 3281 3689 3337 Jere-

2114 3387 2281 3441 miam
2304 3420 2318 3451 ,
2342 3384 2532 3439 dicens
2561 3400 2574 3436 :
2601 3381 2693 3437 Sic
2718 3380 2854 3435 dicit
2876 3378 3143 3434 Dominus
3173 3377 3321 3432 Deus
3350 3373 3516 3429 Israel
3542 3390 3554 3425 :
3580 3372 3693 3443 Ego

2114 3476 2307 3548 pepegi
2331 3474 2510 3529 foedus
2532 3486 2658 3527 cum
2686 3470 2938 3541 patribus
2959 3467 3179 3532 vestris,
3206 3466 3264 3520 in
3291 3463 3380 3518 die
3399 3477 3505 3533 qua
3527 3460 3693 3515 eduxi

2116 3582 2212 3622 eos
2252 3566 2323 3620 de
2345 3573 2494 3619 terra
2537 3562 2774 3633 Egypti,
2822 3561 2890 3615 de
2906 3559 3069 3615 domo
3113 3555 3418 3620 servitutis,
3459 3553 3692 3607 dicens:

2115 3659 2255 3715 Cum
2289 3656 2546 3726 completi
2588 3655 2795 3710 fuerint
2837 3668 2932 3708 sex
2977 3651 3129 3714 anni,
3182 3648 3429 3704 dimittes
3470 3646 3696 3700 fratrem

2119 3756 2277 3807 tuum
2302 3749 2612 3812 Hebraeum,
2639 3746 2800 3817 232
2841 3744 2936 3816 qui
2973 3743 3231 3798 venditus
3275 3740 3445 3797 fuerit
3487 3739 3610 3803 tibi,
3639 3745 3697 3792 et

2120 3846 2378 3914 cperatus
2400 3840 2567 3896 fuerit
2593 3838 2693 3894 tibi
2716 3853 2811 3893 sex
2835 3850 3026 3899 annos,
3072 3841 3128 3889 et
3169 3832 3416 3887 dimittes
3461 3843 3588 3884 eum
3621 3826 3694 3881 li—

2121 3936 2347 3992 berum:
2373 3941 2429 3989 et
2449 3946 2558 3987 non
2574 3931 2871 3986 audierunt
2908 3926 3018 3992 me,
3048 3933 3106 3981 et
3141 3924 3255 3979 non
3293 3920 3699 3978 inclinaverunt

2122 4043 2310 4084 aurem
2335 4032 2490 4082 suam
2526 4032 2619 4079 :et
2641 4020 2890 4079 conversi
2948 4025 3077 4075 sunt
3126 4013 3310 4080 hodie,
3355 4021 3416 4069 ut
3453 4013 3699 4067 facerent

2121 4127 2335 4175 rectum
2359 4130 2543 4173 coram
2564 4115 2740 4171 oculis
2764 4113 2922 4177 meis,
2956 4119 3017 4166 ut
3039 4113 3300 4165 vocarent
3320 4104 3695 4159 dimissionem

2122 4211 2502 4281 unusquisque
2527 4206 2760 4277 proximi
2783 4204 2909 4269 sui;
2957 4198 3014 4256 et
3036 4199 3557 4255 consummaverunt
3597 4204 3695 4258 pa-

2127 4279 2353 4355 ctum—in
2377 4279 2674 4365 conspectu
2706 4306 2830 4346 meo
2857 4291 2914 4343 in
2950 4288 3134 4350 domo,
3170 4285 3360 4351 inqua
3385 4279 3697 4333 invocatum

2126 4396 2210 4443 est
2233 4402 2433 4442 nomen
2457 4399 2639 4438 meum
2674 4381 2731 4434 in
2766 4380 2922 4448 ipsa:
2949 4383 3005 4430 et
3028 4370 3277 4428 conversi
3300 4367 3437 4423 estis
3479 4373 3534 4420 et
3567 4380 3698 4433 pro-

2054 4513 2099 4568 D
2128 4478 2355 4535 fanastis
2376 4484 2596 4546 pactum
2618 4485 2821 4535 meum,
2850 4475 2914 4523 ut
2947 4462 3279 4522 revocaretis
3320 4456 3698 4528 unusquisque

2128 4583 2347 4624 servum
2381 4580 2563 4629 suum,
2591 4572 2647 4618 et
2667 4559 3044 4629 unusquisque
3063 4552 3319 4610 ancillam
3359 4563 3533 4612 suam,
3560 4560 3698 4616 quos

2128 4656 2461 4713 dimiseratis
2484 4654 2689 4708 liberos
2710 4651 2906 4704 animae
2942 4649 3206 4716 ipsorum,
3233 4650 3293 4696 ut
3331 4645 3515 4696 essent
3542 4633 3699 4690 vobis

2128 4749 2184 4804 in
2209 4762 2398 4804 servos
2417 4753 2472 4801 et
2495 4743 2718 4799 ancillas
2740 4741 2781 4794 ’⁸.
2806 4759 2822 4791 ι
2873 4724 3038 4794 Vides
3063 4731 3521 4806 quemadmodum
3564 4726 3700 4798 ﬁgu-

2129 4857 2217 4896 ras
2239 4836 2515 4909 repudiari
2539 4877 2553 4901 ,
2580 4836 2690 4890 imo
2720 4842 2850 4888 vero
2873 4832 3066 4901 ipsam,
3093 4834 3153 4882 ut
3177 4826 3231 4880 in
3262 4822 3472 4879 umbris
3495 4818 3694 4881 adhuc,

2128 4908 2420 4986 veritatem
2441 4926 2636 4982 violari
2661 4940 2770 4979 non
2798 4921 3028 4994 patitur?
3058 4938 3076 4970 ι
3106 4908 3502 4987 lmpmnitenda
3540 4925 3699 4966 nam-

2130 5038 2237 5090 que
2286 5022 2417 5074 sunt
2441 5017 2584 5072 dona
2620 5003 2718 5070 Dei
2768 5022 2930 5084 atque
2973 5009 3185 5066 vocatio
3212 5008 3254 5072 ⁵,
3289 5026 3306 5058 ι
3356 5003 3697 5069 utscriptum

2128 5120 2232 5168 est.
2258 5109 2431 5166 Judaei
2458 5106 2662 5173 autem,
2688 5107 2783 5177 qui
2808 5102 2975 5161 semel
3004 5101 3274 5173 dimissos.
3308 5092 3663 5149 retrahebant
3682 5130 3697 5153 ,

2128 5208 2185 5257 et
2208 5200 2311 5257 sub
2334 5196 2613 5255 servitutis
2629 5197 2818 5267 iugum
2844 5193 3023 5248 denuo
3062 5184 3407 5256 subigebant,
3433 5178 3579 5234 illam
3603 5178 3702 5230 im-

2129 5292 2509 5365 puéiiitentiam
2556 5290 2666 5344 non
2709 5287 3091 5344 servaverunt,
3124 5278 3195 5333 ob
3222 5280 3453 5345 eamque
3478 5285 3702 5328 causam

2128 5378 2497 5448 offenderunt,
2521 5388 2646 5436 cum
2669 5379 2788 5447 ejus
2811 5373 3053 5446 mysterii
3081 5371 3214 5435 vim,
3243 5365 3493 5438 quamvis
3522 5358 3699 5419 adhuc

2128 5480 2184 5533 in
2208 5475 2394 5549 ﬁguris
2428 5480 2592 5536 esset,
2630 5466 3102 5536 contempsissent.

455 5576 699 5642 δουλείας
751 5574 907 5641 αὖθις
966 5540 1328 5647 ὑποφέροντες
1379 5540 1581 5642 ζυγοῖς,
1646 5575 1706 5628 rb
1766 5540 2175 5644 ἀμεταμέλητον
2229 5540 2290 5623 ovi:
2343 5564 2714 5635 τετηρήκασι.
2775 5550 3256 5630 προσκεκρούκασί
3298 5570 3359 5606 τε
3413 5549 3499 5605 διὰ
3543 5540 3701 5600 τοῦτο

531 5754 549 5783 ¹
577 5751 752 5811 Exod.
778 5768 886 5816 xxi,
923 5752 969 5806 1.
1038 5754 1056 5783 ²
1081 5749 1250 5807 Exod.
1284 5751 1470 5815 111,2“.
1530 5749 1679 5805 "Tit.
1712 5765 1788 5812 ιιι,
1817 5750 2038 5817 passim.

2117 5747 2556 5807 ‘Jerem.xxx¢v,
2580 5739 2764 5794 l5-16.
2833 5738 2853 5771 ⁵
2876 5738 3033 5792 Rom.
3069 5752 3141 5800 xi,
3180 5733 3269 5789 ἓξ).
