4138 6300
474 306 581 362 503

1502 303 1557 360 S.
1598 305 1873 363 CYRILLI
1912 308 2380 365 ALEXANDRINI
2419 308 2732 364 ARCIIIEP:

3621 305 3726 364 £04

473 421 568 472 τοῦ
603 421 904 492 μυστηρίου
969 418 1068 491 τὴν
1099 419 1348 490 δύναμιν,
1418 418 1780 490 ἀθετήσαντές
1845 441 1901 476 τε
1935 423 2027 477 καὶ
2087 425 2470 497 ἀτιμάσαντες,
2501 426 2548 477 εἰ
2577 426 2668 477 καὶ
2691 421 2758 494 ἦν
2788 424 2844 476 ἐν
2868 425 3057 487 τύποις
3089 423 3174 476 ἔτιο

544 536 741 591 PALL.
777 534 1100 590 Rectissime
1123 543 1208 590 est
1231 541 1337 590 ate
1365 535 1597 592 dictum.

535 626 692 682 CYR.
736 624 1030 680 Justiﬁcari
1078 640 1178 680 nos
1223 632 1408 680 autem
1462 629 1651 697 gratis,
1692 645 1790 699 per
1811 631 2044 701 gratiam

466 734 589 789 qua:
644 728 727 772 est
788 717 842 770 in
891 716 1144 780 Christo,
1187 719 1504 788 nullamque
1550 735 1648 789 pro
1712 730 1898 776 nostra
1936 723 2047 778 vita

465 808 952 865 commutationem
987 824 1051 863 ac
1073 807 1310 879 pretium
1351 809 1570 875 aﬂ‘erre,
1598 825 1778 879 neque
1816 812 2044 882 gloriam

421 965 424 970 λ
463 901 739 956 libertatis
773 916 981 964 emere,
1007 901 1103 955 sed
1129 915 1244 956 rem
1269 909 1474 955 tantam
1515 901 1851 971 benignitate
1881 912 2046 972 atque

462 993 758 1047 clementia
779 991 993 1046 Domini
1020 993 1246 1058 lucrari,
1276 994 1649 1063 praefiguravit
1673 993 1726 1047 in
1775 995 2044 1051 Deutero-

462 1084 670 1147 nomio,
695 1082 924 1138 dicens:
968 1102 986 1135 ι
1019 1083 1264 1154 Septimo
1299 1099 1517 1155 quoque
1564 1100 1710 1140 anno
1752 1084 1919 1141 facies
1957 1103 2044 1141 re—

461 1174 798 1243 missionem.
829 1174 920 1230 Sic
945 1191 1076 1230 vero
1114 1176 1278 1230 habet
1302 1185 1634 1245 praeceptum
1661 1177 2004 1232 remissionis
2031 1197 2042 1230 :

461 1264 717 1320 Dimittes
738 1278 902 1319 omne
954 1265 1201 1320 debitum
1245 1265 1549 1334 proprium,
1575 1265 1722 1334 quod
1757 1266 1922 1321 debet
1949 1266 2047 1319 tibi

460 1354 747 1424 proximus
779 1362 924 1420 tuus,
979 1363 1036 1409 et
1067 1369 1099 1409 a
1137 1354 1305 1410 fratre
1347 1365 1441 1410 tuo
1484 1371 1594 1409 non
1641 1364 1878 1426 repetes,
1920 1357 2047 1426 quia

461 1446 668 1502 indicta
689 1454 774 1502 est
811 1446 1074 1502 remissio
1091 1447 1324 1502 Domino
1349 1449 1462 1502 Deo
1504 1456 1619 1512 tuo,
1659 1448 1729 1502 ab
1756 1448 1935 1503 alieno
1956 1463 2047 1501 re-

460 1545 614 1608 petes
656 1536 1026 1608 quodcunque
1074 1537 1243 1592 fuerit
1295 1538 1396 1593 tibi
1442 1539 1588 1609 apud
1626 1538 1804 1608 ipsum
1843 1557 1860 1592 :
1890 1539 2046 1593 fratri

460 1643 592 1683 vero
619 1638 713 1683 tuo
746 1629 1134 1684 remissionem
1183 1629 1353 1684 facies
1383 1630 1505 1700 ejus
1549 1629 1818 1699 pecuniae,
1881 1643 2046 1698 quam

461 1718 563 1773 tibi
589 1718 777 1784 debet,
799 1719 1063 1788 quianon
1086 1720 1192 1774 erit
1233 1720 1379 1790 apud
1407 1729 1460 1774 te
1491 1735 1695 1790 egens;
1729 1719 1856 1789 quia
1878 1719 2048 1774 bene-

465 1807 658 1862 dicens
683 1807 972 1863 benedicet
1021 1808 1120 1861 tibi
1164 1809 1426 1863 Dominus
1447 1808 1593 1862 Deus
1621 1815 1746 1862 tuus
1780 1807 1836 1861 in
1875 1815 2042 1873 terra,

2073 551 2118 606 Α
2220 543 2428 594 ΠΑΛΛ.
2486 540 2779 611 Ὀρθότατα
2801 539 2958 609 ἔφης.

2222 632 2387 684 ΚΥΡ.
2428 628 2794 699 Δικαιούμεθα
2821 630 2876 682 δὲ
2905 632 2985 683 ὅτι
3015 629 3221 700 δωρεὰν
3251 630 3338 684 διά
3366 629 3588 701 χάριτος
3627 630 3726 693 τῆς

2149 723 2208 774 ὲν
2240 719 2478 791 Χριστῷ,
2505 721 2603 790 τῆς
2632 718 2836 773 ἑαυτῶν
2865 720 3011 791 ζωῆς
3043 721 3396 791 ἀντάλλαγμα
3426 737 3724 793 προσενεγ-

2150 813 2336 876 κόντες
2396 811 2568 877 οὐδὲν,
2648 811 2763 866 ἀλλ’
2807 811 2926 864 οὐδὲ
2967 812 3064 882 τὴν
3114 812 3213 880 τῆς
3269 811 3582 882 ἐλευθερίας
3637 813 3730 864 ἐκ·

2153 904 2442 975 πριάμενοι
2491 901 2670 966 δόξαν,
2727 901 3026 972 ήμερότητι
3086 903 3144 956 δὲ
3192 902 3288 956 καὶ
3347 901 3730 974 φιλανθρωπίᾳ.

2149 990 2448 1059 Δεσποτικῇ
2475 988 2536 1040 τὺ
2579 988 2764 1058 χρῆμα
2802 989 3192 1058 κερδαίνοντες,
3231 990 3509 1044 ὕπετύπου
3553 990 3736 1057 λέγων

2148 1080 2207 1131 ἐν
2253 1078 2333 1148 τῷ
2364 1079 2833 1149 .Δευτερονομίῳ·
2889 1098 2909 1131 ι
2970 1080 3046 1132 Δι’
3085 1080 3228 1133 ἐπτά
3285 1080 3424 1135 ἐτῶν
3477 1081 3727 1150 ποιήσεις

2149 1169 2364 1238 ἄφεσιν.
2417 1170 2528 1222 Καὶ
2580 1169 2752 1234 οὕτως
2814 1171 2876 1223 τὸ
2920 1169 3250 1243 πρόσταγμα
3302 1171 3404 1240 τῆς
3451 1171 3721 1240 ἀφέσεως,

2149 1263 2377 1332 ἀφήσεις
2403 1263 2512 1317 πᾶν
2541 1261 2697 1333 χρέος
2725 1263 2874 1326 ἴδιον,
2907 1262 2936 1315 ὃ
2965 1262 3170 1331 ὀφείλει
3201 1279 3286 1316 σοι
3305 1265 3332 1316 ὁ
3350 1263 3580 1332 πλησίον
3605 1280 3724 1325 σου,

2150 1353 2240 1404 καὶ
2262 1351 2352 1405 τὸν
2379 1351 2607 1421 ἀδελφόν
2639 1369 2732 1405 σου
2755 1353 2857 1406 οὐκ
2883 1353 3212 1424 ἀπαιτήσεις
3234 1353 3269 1406 ’ὃ
3298 1351 3393 1406 ἐάν
3484 1371 3564 1406 σοι
3593 1352 3725 1424 παρ’

2147 1441 2298 1512 αὐτῷ
2317 1458 2331 1471 ⁶
2363 1441 2438 1514 τῷ
2469 1443 2525 1496 δὲ
2558 1442 2772 1515 ἀδελφῷ
2801 1461 2892 1498 σου
2921 1443 3114 1514 ἄφεσιν
3137 1444 3379 1515 ποιήσεις
3400 1444 3494 1496 τοῦ
3529 1443 3725 1514 χρέους

2151 1550 2266 1597 σου,
2291 1535 2374 1588 ὅτι
2402 1537 2502 1588 οὐκ
2529 1533 2680 1588 ἔσται
2714 1537 2771 1588 ἐν
2801 1536 2885 1589 σοὶ
2918 1535 3134 1600 ἐνδεής·
3169 1536 3252 1589 ὅτι
3287 1535 3525 1604 εὐλογῶν
3573 1535 3726 1588 εὐλο-

2148 1627 2308 1696 γήσει
2349 1643 2407 1680 σε
2450 1627 2653 1698 Κύριος
2690 1629 2718 1680 ό
2745 1627 2878 1691 Θεὸς
2914 1645 3029 1691 σου,
3065 1629 3123 1682 ἐν
3160 1630 3225 1699 τῇ
3267 1630 3361 1699 γῇ,
3466 1627 3667 1700 Κύριος
3695 1631 3732 1683 ὁ

2147 1717 2280 1781 Θεός
2320 1734 2414 1771 σου
2463 1718 2647 1772 δίδωσί
2693 1735 2776 1772 σοι
2830 1721 2890 1772 ἐν
2936 1718 3124 1790 κλήρῳ
3168 1719 3734 1791 κατακληρονομῆσαι,

2150 1809 2338 1880 αὐτήν.
2383 1828 2402 1860 ι
2448 1811 2610 1880 Ὀρᾶς
2653 1811 3125 1883 διαστράπτουσαν
3170 1814 3229 1866 ἐν
3259 1815 3380 1876 ταῖς
3419 1815 3598 1875 σκιαῖς
3623 1813 3723 1882 τὴν

460 1913 625 1968 quam
673 1898 938 1953 Dominus
987 1899 1135 1953 Deus
1174 1905 1301 1953 tuus
1340 1899 1432 1953 dat
1466 1897 1586 1963 tibi,
1624 1906 1686 1952 ut
1727 1897 2044 1954 haereditate

2148 1900 2440 1973 ἀλήθειαν;
2487 1901 2889 1973 Ἑναργέστατα
2917 1901 3026 1973 γὰρ
3045 1902 3140 1956 τοῦ
3164 1903 3416 1975 Σωτῆρος
3441 1905 3596 1974 ἡμῶν
3623 1903 3722 1974 τήν

461 1987 740 2058 possideas
765 2003 887 2043 eam
910 1990 972 2042 δ’.
1009 2008 1028 2040 ι
1059 1987 1220 2044 Vides
1245 1988 1451 2058 fulgere
1483 1989 1628 2044 inter
1653 1989 1874 2043 umbras
1903 1989 2046 2044 veri-

463 2080 666 2133 tatem?
733 2080 796 2134 ld
840 2081 990 2135 enim
1037 2095 1256 2149 quoque
1295 2080 1706 2135 evidentissime
1749 2079 2045 2135 Salvatoris

461 2170 644 2225 nostri
685 2170 1140 2241 gubernationem
1172 2211 1186 2235 ,
1225 2186 1333 2240 qua
1383 2185 1482 2225 nos
1523 2171 1682 2241 regit,
1755 2170 2044 2226 ostendere

462 2268 662 2328 potest.
687 2261 824 2316 Nam
843 2261 936 2332 qui
970 2276 1070 2331 per
1107 2261 1268 2316 ﬁdem
1293 2275 1465 2331 prope
1487 2260 1641 2315 illum
1670 2269 2041 2324 accesserunt,

461 2359 538 2417 et,
567 2361 826 2422 percepto
851 2351 1059 2422 Spiritu
1091 2361 1279 2406 saneto
1303 2366 1367 2406 ac
1400 2359 1611 2405 natura:
1659 2350 1861 2405 divinae
1908 2364 2043 2404 eon-

462 2443 656 2509 sortio,
680 2441 969 2498 domestici
993 2443 1104 2514 jam
1135 2451 1192 2497 et
1214 2441 1412 2496 fratres
1436 2441 1564 2496 facti
1596 2448 1742 2505 sunt,
1771 2439 1840 2494 iis
1860 2438 2046 2494 debita

462 2535 813 2601 condonavit,
835 2550 961 2590 cum
1001 2533 1139 2588 nihil
1185 2531 1613 2602 persolvissent;
1671 2546 1852 2602 neque
1897 2533 2046 2588 enim

463 2630 534 2685 ab
564 2630 672 2686 illis
696 2627 1152 2700 transgressionis
1175 2640 1366 2696 pmnas
1389 2625 1549 2695 233
1573 2625 1812 2694 repetiit,
1851 2639 2046 2695 quam-

465 2720 554 2775 vis
579 2727 843 2774 anteacta:
866 2718 993 2772 vitae
1013 2714 1322 2770 rationibus
1347 2712 1646 2768 reddendis
1671 2720 1857 2768 essent
1877 2713 2046 2766 astri-

464 2811 544 2865 cti
569 2828 583 2864 :
609 2810 705 2880 qui
729 2824 862 2864 vero
887 2816 1112 2879 propter
1150 2805 1530 2861 infidelitatem
1557 2803 1805 2874 ipsorum
1857 2802 2046 2882 perni-

464 2902 672 2956 eiosam
704 2899 886 2955 adhuc
921 2899 1087 2954 alieni
1129 2905 1307 2963 erant,
1352 2911 1415 2951 ac
1459 2895 1858 2966 propemodum
1879 2897 2046 2951 etiam

465 2992 808 3063 alienigenas,
834 2999 890 3046 et
905 3005 1068 3061 quam
1086 2988 1402 3060 longissime
1419 2987 1488 3042 ab
1512 2989 1635 3058 ejus
1658 2987 2046 3058 conjunctione

468 3084 686 3150 remoti,
710 3098 806 3139 eos
822 3083 1026 3138 debitis
1049 3079 1424 3154 persolvendis
1445 3078 1714 3150 obligatos
1737 3077 2043 3141 constituit,

463 3185 542 3243 ct,
561 3185 622 3232 ut
648 3177 742 3247 qui
764 3176 972 3247 peccati
1007 3175 1251 3230 maculas
1271 3173 1516 3229 nondum
1539 3171 1825 3237 eluissent,
1849 3171 2046 3226 merito

466 3265 645 3335 poenis
668 3273 725 3319 et
755 3261 1572 3335 suppliciisluendisobnoxios
1594 3260 1724 3318 fecit
1763 3278 1776 3313 :
1812 3259 2047 3329 ideoque

469 3353 856 3420 alloquebatur
888 3368 1008 3418 eos,
1038 3352 1136 3422 qui
1162 3351 1519 3407 crediderant
1551 3369 1572 3402 ε,
1606 3368 1625 3401 ι
1673 3349 1732 3404 Si
1766 3363 1866 3404 vos
1896 3364 2051 3403 man-

467 3443 660 3498 seritis
679 3444 735 3496 in
765 3439 1027 3498 sermonc'
1052 3457 1197 3506 meo,
1242 3457 1372 3496 vere
1409 3440 1666 3511 discipuli
1708 3442 1818 3497 mei
1869 3442 2046 3507 eritis,

467 3542 525 3587 et
548 3534 889 3603 cognoscetis
916 3532 1224 3598 veritatem,
1249 3540 1311 3587 et
1325 3532 1530 3587 veritas
1546 3532 1804 3588 liberabit
1826 3533 1995 3588 vos‘:
2022 3551 2039 3584 ι

470 3625 539 3681 iis
560 3634 782 3690 contra,
801 3624 1095 3694 quiveram
1122 3631 1287 3694 atque
1313 3623 1683 3695 cvangelicam
1699 3623 2048 3694 disciplinam

470 3715 920 3782 contemnebant,
943 3715 1197 3771 dicebat:
1241 3735 1260 3767 ‹
1292 3715 1489 3782 Amen,
1517 3715 1824 3770 amendico
1843 3730 1849 3735 ·
1869 3715 2044 3778 vobis,

471 3808 577 3862 nisi
609 3806 961 3863 credideritis
994 3807 1122 3877 quia
1157 3822 1260 3877 ego
1310 3823 1453 3873 sum,
1496 3806 1552 3861 in
1589 3806 1831 3876 peccatis
1852 3805 2049 3860 vestris

469 3897 866 3953 moriemini".
902 3917 922 3949 ι
943 3897 1205 3967 Intelligis
1241 3896 1406 3966 igitur
1459 3895 1919 3965 quemadmodum
1953 3909 2048 3948 eos

468 3989 716 4060 quidem,
741 3988 835 4058 qui
857 3986 925 4043 eri
949 3987 1054 4042 fide
1084 3987 1189 4043 sibi
1221 3986 1502 4057 conjuncti
1519 3993 1724 4050 essent,
1756 4000 1814 4039 se
1841 3983 2048 4038 liberos

468 4079 828 4136 dimissurum
870 4078 1190 4149 pollicetur;
1215 4077 1424 4132 alienos
1454 4083 1647 4131 contra
1678 4082 1734 4129 et
1755 4081 2047 4129 extraneos

469 4173 526 4227 in
549 4169 769 4227 delictis
801 4175 1058 4224 mortuos
1098 4167 1331 4224 aﬂirmat
1354 4167 1525 4239 iudici
1555 4180 1780 4221 suorum
1821 4163 2046 4220 delicto-

471 4278 590 4319 rum
621 4276 817 4333 pmnas.
833 4261 1108 4316 daturos?

539 4375 739 4432 PALL.
768 4377 971 4431 Verum
999 4380 1103 4431 est.

535 4470 694 4526 (ΠΒ.
729 4470 1021 4542 Eleganter
1078 4477 1261 4524 autem
1300 4469 1610 4539 voluptates
1648 4465 1821 4521 futuri
1859 4466 2043 4522 smculi

468 4571 704 4627 sanctas,
735 4569 901 4633 atque
928 4562 1234 4618 caelestium
1271 4560 1540 4617 bonorum
1563 4558 2041 4630 participationem

467 4654 694 4712 Sabbati
716 4655 890 4710 otium
927 4655 1194 4727 designat.

538 4768 735 4823 PALL.
768 4769 989 4837 Explica
1028 4768 1163 4823 mihi
1203 4768 1387 4838 igitur,
1438 4783 1548 4838 quo
1590 4767 1808 4822 tandem
1843 4768 2041 4829 modo;

471 4858 524 4914 id
548 4858 696 4913 enim
722 4871 858 4911 aveo
881 4856 1111 4911 discere.

537 4946 695 5004 CYR.
722 4945 1391 5016 Equidemlibentissime:
1413 4947 1597 5015 psallit
1616 4946 1763 5001 enim
1777 4943 2039 4998 nimirum

472 5041 668 5096 beatus
691 5038 864 5095 David
884 5038 953 5094 de
984 5036 1110 5092 filiis
1133 5036 1320 5100 Israel,
1357 5046 1412 5090 et
1433 5037 1546 5091 Deo
1561 5076 1574 5101 ,
1611 5037 1704 5106 qui
1732 5035 1915 5091 omnia
1938 5051 2038 5105 po-

470 5138 599 5197 test,
619 5131 852 5201 loquens
884 5145 898 5182 :
938 5147 958 5181 ι
987 5128 1189 5182 Panem
1211 5124 1337 5180 σαειί
1365 5123 1519 5179 dedit
1544 5125 1626 5179 eis
1656 5141 1668 5176 :
1696 5140 1904 5193 panem.
1936 5141 2038 5179 an-

2145 1993 2225 2057 είς
2262 1994 2411 2063 ἡμᾶς
2434 1993 2745 2064 οἰκονομίαν
2770 1993 3148 2066 παραδείξειεν
3180 1995 3248 2048 ἂν
3284 1997 3378 2048 καὶ
3409 1996 3552 2049 τόδε.
3581 1995 3720 2059 Τοὺς

2149 2083 2247 2154 μὲν
2297 2083 2405 2154 γάρ
2445 2083 2614 2154 ἀγχοῦ
2657 2084 2948 2152 γεγονότας
2983 2086 3132 2156 αὺτῷ
3174 2085 3260 2140 διὰ
3307 2086 3404 2156 τῆς
3463 2085 3719 2149 πίστεως,

2146 2172 2384 2236 οἰκείους
2427 2189 2487 2227 τε
2528 2173 2627 2244 ήδη
2654 2173 2751 2226 καὶ
2795 2173 3058 2242 ἀδελφοὺς
3099 2173 3600 2245 ἀναδεδειγμένους,
3633 2174 3724 2228 διὰ

2145 2261 2238 2314 τοῦ
2287 2260 2609 2332 μεταλαχεῖν
2647 2262 2805 2331 ἁγίου
2844 2263 3182 2334 Πνεύματος,
3220 2265 3371 2328 θείας
3411 2282 3472 2317 τε
3505 2263 3721 2334 φύσεως

2146 2351 2403 2420 γενέσθαι
2427 2354 2742 2420 κοινωνοὺς,
2769 2353 3099 2424 ὀφλημάτων
3123 2355 3342 2426 ἀνῆκεν,
3375 2357 3722 2418 ἐκτετικότας

2147 2443 2330 2497 οὐδέν’
2357 2445 2418 2498 οὑ
2449 2443 2558 2515 γάρ
2599 2445 2834 2516 ἐζήτησε
2869 2447 3002 2516 παρ’
3043 2445 3225 2500 αὐτῶν
3266 2445 3363 2510 τὰς
3407 2448 3509 2517 τῆς
3546 2463 3723 2518 παρα-

2149 2532 2362 2599 ϐάσεως
2405 2535 2584 2604 δίκας,
2613 2536 2791 2589 καίτοι
2837 2537 2964 2600 τοὺς
2994 2536 3184 2604 λόγους
3211 2536 3319 2589 τῶν
3347 2535 3498 2606 σφίσι
3527 2537 3720 2607 βεϐιωο

2151 2627 2326 2698 μένων
2381 2626 2778 2699 ἐπωφληκότας
2814 2626 2963 2698 αὐτῷ
2983 2644 2996 2658 ·
3020 2628 3146 2692 τοὺς
3183 2628 3242 2682 δὲ
3278 2628 3590 2699 ἀλλοτρίους
3619 2627 3726 2693 ἔτι,

2152 2719 2436 2789 μονονουχὶ
2462 2718 2520 2771 δὲ
2551 2720 2646 2773 καὶ
2672 2719 2999 2787 ἀλλογενεῖς,
3025 2718 3113 2773 διὰ
3139 2718 3238 2790 τὴν
3269 2719 3512 2788 ὀλέθριον
3544 2719 3722 2772 αὐτῶν

2147 2809 2425 2876 ἀπιστίαν,
2464 2811 2558 2864 καὶ
2587 2809 2664 2874 ὡς
2695 2811 2966 2864 ἀπωτάτω
2998 2810 3290 2879 γεγονότας
3324 2811 3425 2882 τῆς
3457 2811 3536 2874 εἰς
3561 2811 3724 2863 αὑτὸν

2147 2901 2497 2971 οἰκειότητος,
2550 2899 2768 2970 ἐνόχους
2815 2899 3112 2970 κατέστησε
3152 2903 3263 2963 τοῖς
3303 2900 3602 2970 ὀφλήμασι,
3630 2905 3723 2952 καὶ

2146 2993 2222 3056 ὡς
2251 2991 2616 3059 ἀναπόνιπτον
2639 2991 2860 3062 ἔχοντας
2887 2991 2967 3044 ἔτι
2993 2991 3090 3063 τὴν
3115 2992 3410 3062 ἁμαρτίαν,
3441 2991 3722 3062 ὑπόχρεως

2147 3100 2207 3137 τε
2234 3085 2300 3154 τῇ
2330 3083 2454 3156 δίκῃ
2498 3084 2592 3136 καὶ
2631 3082 2710 3154 τῷ
2749 3081 3071 3147 κολάζεσθαι
3122 3082 3230 3137 δεῖν
3268 3083 3493 3146 εἰκότως
3537 3083 3723 3154 εἰργάο

2152 3191 2300 3230 σατο·
2337 3175 2433 3230 καὶ
2457 3174 2588 3244 γοῦν
2619 3173 2959 3247 προσεφώνει
2989 3175 3088 3246 μὲν
3120 3177 3234 3238 τοῖς
3264 3175 3684 3228 πεπιστευκόσιν
3703 3191 3716 3203 '

2075 3284 2117 3344 ρ
2156 3284 2174 3317 ι
2224 3265 2352 3319 Ἐἀν
2395 3265 2552 3336 ὑμεῖς
2602 3265 2822 3336 μείνητε
2851 3265 2910 3319 ἐν
2955 3265 3033 3337 τῷ
3077 3265 3220 3336 λόγῳ
3252 3265 3332 3336 τῷ
3377 3264 3517 3335 ἐμῷ,
3555 3265 3722 3328 ὄντως

2153 3354 2389 3427 μαθηταί
2424 3355 2526 3426 μού
2557 3356 2698 3420 ἐστε,
2732 3354 2830 3408 καὶ
2863 3353 3137 3423 γνώσεσθε
3176 3353 3276 3424 τήν
3319 3352 3601 3424 ἀλήθειαν,
3630 3353 3723 3405 καὶ

2151 3450 2184 3518 ἡ
2217 3447 2444 3519 ἀλήθεια
2473 3445 2828 3520 ἐλευθερώσει
2862 3447 3026 3517 ὑμᾶς.
3067 3465 3086 3498 ι
3146 3447 3269 3508 Τοῖς
3316 3444 3372 3498 δὲ
3403 3445 3507 3515 τὴν¹
3545 3444 3718 3514 ἀληθῆ

2152 3539 2247 3592 καλ⁵
2290 3537 2648 3609 εὐαγγελικὴν
2705 3537 3032 3608 ἀτιμάζουσι
3063 3535 3377 3600 παίδευσιν.
3454 3555 3474 3588 ί
3523 3536 3718 3606 Ἀμὴν,

2147 3630 2318 3701 ἀμὴν,
2354 3628 2498 3699 λέγω
2530 3629 2676 3700 ὑμῖν,
2718 3630 2813 3683 ἐάν
2846 3629 2922 3700 μὴ
2965 3627 3294 3698 πιστεύσητε
3319 3629 3400 3682 ὅτι
3438 3628 3550 3697 ἐγώ
3580 3628 3716 3698 είμι,

2149 3725 2207 3776 ἐν
2228 3724 2348 3786 ταῖς
2377 3721 2676 3793 ἁμαρτίαις
2725 3721 2880 3792 ὑμῶν
2913 3719 3286 3774 ἀποθανεῖσθε.
3323 3738 3340 3770 ι
3395 3719 3589 3790 Συνίης
3627 3713 3724 3772 οὖν

2147 3814 2251 3877 ὅτι,
2279 3814 2404 3877 τοὺς
2437 3813 2536 3882 μὲν
2566 3813 2706 3867 κατὰ
2732 3813 2914 3866 πίστιν
2946 3811 3204 3875 οἰκείους,
3241 3810 3376 3882 πρὸς
3404 3809 3720 3881 ἐλευθερίαν

2147 3905 2369 3976 ἀνήσειν
2399 3905 2815 3972 ἐπαγγέλλεται,
2868 3903 2994 3967 τοὺς
3045 3903 3103 3956 δὲ
3144 3902 3458 3973 ἀλλοτρίους
3501 3901 3582 3954 ἔτι
3626 3902 3722 3954 καὶ·

2150 3995 2351 4062 ξένους,
2383 3995 2746 4058 ἐντεθνεῶτας
2771 3997 2883 4057 τοῖς
2913 3993 3264 4064 πταίσμασιν,
3297 3993 3577 4047 ἀποτίσειν
3614 3990 3716 4062 ἔφη

2147 4085 2226 4156 τῷ
2247 4089 2407 4157 κριτῇ
2439 4085 2548 4140 τῶν
2581 4085 2724 4140 ἰδίων
2756 4085 3243 4156 πλημμελημάτων
3272 4086 3396 4147 τοὺς
3421 4085 3646 4152 λόγους;

2215 4374 2422 4428 ΠΑΛΛ.
2461 4373 2701 4445 Ἀληθές.

2215 4467 2379 4519 ΚΥΡ.
2413 4466 2712 4538 Διαμορφοί
2733 4465 2788 4518 δὲ
2813 4467 3042 4531 ἀστείως
3076 4467 3169 4520 καὶ
3199 4466 3296 4536 τὴν
3325 4467 3402 4529 εἰς
3432 4463 3602 4517 αἰῶνα
3628 4461 3718 4516 τὸν

2149 4556 2408 4628 μέλλοντα
2440 4556 2648 4629 τρυφὴν
2680 4559 2989 4629 ἀγιοπρεπῆ
3009 4597 3024 4622 ,
3058 4557 3151 4610 καὶ
3183 4558 3281 4628 τὴν
3317 4555 3425 4610 τῶν
3456 4557 3720 4628 οὐρανίων

2072 4643 2116 4698 D
2149 4647 2366 4719 μέθεξιν
2391 4647 2611 4716 ἀγαθῶν
2640 4650 2674 4719 ή
2703 4647 2843 4702 κατά
2869 4649 2930 4702 τὸ
2963 4648 3238 4703 Σάϐϐατον
3270 4647 3455 4718 ἀργία.

2219 4762 2422 4816 ΠΑΛΛ.
2453 4761 2664 4832 Φράσον
2694 4761 2760 4815 ἂν
2788 4763 2935 4825 ὅπως
2964 4759 3198 4815 συνιέναι
3225 4759 3430 4814 θέλοντί
3467 4776 3577 4830 μοι.

2216 4937 2378 4991 ΚΥΡ.
2412 4937 2524 4989 Καὶ
2551 4935 2718 5005 μάλα.
2746 4934 2954 4991 Ψάλλει
2986 4933 3095 5004 γάρ
3123 4950 3226 4986 που
3256 4933 3428 5001 λέγων
3453 4933 3483 4983 ὁ
3521 4932 3719 4986 θεσπέ-

2146 5045 2258 5090 σιος
2302 5027 2467 5081 Δα6⁶ιδ
2499 5028 2626 5098 περὶ
2654 5027 2763 5081 τῶν
2811 5026 2944 5081 υἱῶν
3007 5024 3222 5097 Ἰσραὴλ
3241 5065 3257 5092 ,
3284 5025 3381 5079 καὶ
3417 5023 3512 5078 τοῦ
3544 5024 3725 5077 πάντα

2142 5118 2419 5189 ἰσχύοντος
2459 5117 2596 5171 Θεοῦ
2617 5134 2630 5148 ·
2668 5136 2687 5170 ι
2739 5118 2936 5188 "Ap-rev
2979 5115 3207 5187 οὐρανοῦ
3253 5115 3454 5168 ἔδωκεν
3499 5114 3684 5177 αὐτοῖς
3705 5128 3718 5142 ⁸

470 5219 716 5289 gelorum
738 5216 1088 5274 manducavit
1110 5216 1275 5270 homo
1291 5215 1311 5245 "
1334 5232 1346 5268 :
1374 5232 1391 5264 ι
1415 5212 1628 5281 Quibus
1639 5213 1824 5268 verbis
1839 5230 2038 5270 manna

2146 5213 2306 5282 ἄρτον
2334 5209 2584 5280 ἀγγέλων
2612 5210 2814 5279 ἔφαγεν
2834 5208 3141 5280 ἄνθρωπος,
3179 5226 3196 5260 ι
3229 5205 3291 5259 τὸ
3321 5205 3499 5275 μάννα
3525 5204 3718 5271 λέγων,

472 5309 765 5378 appellavit
784 5307 907 5364 caeli
929 5316 986 5362 et
999 5306 1318 5378 angelorum
1334 5303 1540 5368 cibum,
1567 5310 1629 5356 ut
1644 5303 1884 5356 animum
1899 5305 2042 5358 ultra

2146 5303 2370 5375 οὐρανοῦ
2406 5303 2500 5356 καὶ
2528 5302 2777 5371 ἀγγέλων
2802 5301 3008 5372 τροφὴν
3027 5339 3042 5364 ,
3084 5299 3171 5352 ἵνα
3213 5297 3321 5350 τῶν
3349 5293 3624 5365 αἰσθητῶν
3657 5309 3717 5344 τε

475 5399 883 5454 hascsensibilia
907 5414 971 5455 ac
997 5398 1230 5454 visibilia
1265 5395 1634 5459 intend'entes,
1683 5393 1830 5447 illam
1874 5396 2040 5464 spiri-

473 5489 676 5549 tualcm
714 5503 779 5543 ac
811 5489 1048 5544 divinam
1098 5488 1664 5546 subministrationem
1711 5486 2043 5556 contemple—

547 5692 588 5728 ⁸⁸
621 5691 778 5751 Deut.
811 5708 897 5758 xv,
921 5691 1031 5748 1-5.
1103 5696 1122 5724 ⁸
1148 5697 1298 5752 Joan.
1331 5714 1440 5761 Vill,
1468 5698 1556 5762 51,
1588 5698 1678 5753 52..

1789 5697 1826 5726 θ’
1853 5694 1985 5751 ibid.
2022 5695 2107 5747 2i.

2143 5395 2236 5448 mi
2283 5394 2496 5466 ὁρατῶν
2546 5394 2636 5448 τὸν
2683 5395 2881 5447 οἰκεῖον
2927 5393 3096 5456 ἱέντες
3140 5391 3396 5443 ἐπέκεινα
3429 5387 3576 5452 νοῦν,
3622 5384 3718 5455 τήν

2145 5484 2515 5556 πνευματικὴν
2551 5486 2644 5539 καὶ
2683 5483 2832 5537 θείαν
2881 5478 3386 5550 κατασκεπτὼμεθα
3431 5475 3717 5547 χορηγίαν,

2173 5695 2188 5724 ⁷
2216 5693 2356 5748 l'sal.
2389 5710 2584 5758 ωλι-ιι,
2614 5695 2701 5756 Ἡ,
2736 5695 2823 5749 25.
