4138 6300
316 389 420 450 5εό

1041 396 1134 452 DE
1169 397 1611 456 ΛΒΟΙιΑΤΙΟΝΕ
1645 402 1710 456 I'N
1752 402 2019 460 SPIR-ITU
2059 405 2147 460 ET
2191 401 2558 458 VEBITATE.
2600 400 2728 455 LIB.
2772 399 2882 455 VII.

3479 404 3581 460 506

312 507 381 577 ῆν
409 504 530 566 ταῖς
565 502 672 557 τῶν
701 504 872 572 ἁγίων
903 505 1101 576 ψυχαῖς
1128 511 1300 579 ἐνίησι
1329 513 1482 577 Θεὸς,
1511 513 1602 566 τὸν
1629 515 1890 583 ἀγγέλους

2009 533 2151 581 mur,
2184 532 2349 586 quam
2372 524 2688 570 sanctorum
2732 514 2931 569 animis
2972 516 3216 587 suggerit
3255 516 3416 581 Deus,
3455 531 3580 570 cum

310 593 600 665 τρέφοντα,
652 594 747 647 καὶ
779 592 1146 664 ζωογονοῦντα
1186 606 1315 664 τοὺς
1361 602 1684 672 ἀνθρώπους
1709 644 1725 669 ,
1759 605 1895 658 Θεὸν

311 687 467 755 λόγον
516 687 1003 754 ὲγκαταυλίζεσθαι
1052 691 1221 745 ποιῶν
1266 696 1378 757 τοῖς
1409 694 1508 765 τὴν
1559 695 1744 749 πίστιν
1784 697 1896 750 είσ-

311 777 674 850 δεδεγμένοις.
711 779 1020 852 Κατῴκηκε
1047 782 1154 856 γὰρ
1183 785 1211 836 6
1247 785 1483 856 Χριστὸς
1523 788 1580 840 ἐν
1607 785 1728 850 ταῖς
1762 805 1897 859 καρ-

267 923 278 940 ,
309 870 450 933 δίαις
470 869 634 940 ἡμῶν
655 868 744 924 διὰ
771 870 866 924 τοῦ
890 873 1048 942 ἁγίου
1079 874 1419 945 Πνεύματος,
1444 875 1538 930 καὶ
1560 877 1710 948 ἄρτῳ
1733 877 1896 943 ζῶντι

273 947 280 980 ⁹
310 962 404 1013 καὶ
434 957 496 1024 ἐξ
521 959 756 1030 οὐρανοῦ
781 961 1095 1033 τρεφόμεθα
1123 965 1258 1036 πρὸς
1287 966 1502 1032 εὐεξίαν
1525 985 1585 1022 τε
1603 947 1712 1024 καὶ
1743 971 1898 1040 ἰσχὺν

308 1049 690 1120 πνευματικήν
709 1065 724 1080 ⁸
753 1050 923 1116 τύπος
957 1055 1057 1125 μὲν
1083 1049 1176 1110 οὖν
1206 1055 1298 1110 τοῦ
1328 1058 1560 1124 τοιοῦδε,
1598 1060 1661 1114 τὸ
1697 1062 1894 1131 μάννα,

311 1140 491 1213 σαφὴς
522 1141 618 1194 καὶ
650 1140 1047 1207 ἀνενδοιάστως
1095 1143 1256 1214 ἔχων.
1297 1147 1643 1220 Προστέταχε
1672 1150 1730 1204 δὲ
1757 1153 1786 1204 6
1811 1151 1897 1204 νό-

311 1251 411 1304 μος
455 1233 800 1304 συναγείρειν
820 1233 954 1286 αὐτὸ
975 1236 1103 1300 τοὺς
1124 1237 1276 1302 υίοὺς
1313 1239 1554 1313 Ἰσραὴλ,
1579 1241 1639 1296 τὸ
1658 1243 1896 1315 διαρκῶς

309 1325 431 1396 ἔχον
459 1325 678 1397 ἑκάστῳ
709 1326 785 1396 μὴ
811 1328 1268 1400 ὑπερτρέχοντας.
1298 1330 1615 1402 Γέγραπται
1642 1334 1752 1404 γὰρ
1777 1335 1895 1390 ὡδί·

312 1433 334 1465 ι
363 1415 438 1468 Τὸ
462 1413 609 1486 πρωῒ
633 1415 853 1484 ἐγένετο
879 1418 1341 1489 καταπαυομένης
1365 1420 1464 1491 τῆς
1487 1420 1680 1492 δρόσου
1711 1423 1896 1496 κύκλῳ

308 1505 408 1576 τῆς
435 1505 814 1577 παρεμϐολῆς,
846 1505 942 1560 καὶ
977 1507 1088 1561 ἰδοὺ
1115 1508 1209 1562 ἐπὶ
1235 1511 1530 1582 πρόσωπον
1559 1513 1656 1584 τῆς
1686 1516 1896 1588 ἐρήμου

308 1596 502 1650 λεπτὸν
527 1597 661 1650 ὡσεὶ
700 1597 1010 1670 κορίαννον,
1045 1599 1238 1654 λευκὸν
1278 1601 1412 1656 ὼσεῖ⁵
1449 1601 1623 1672 πάγος
1667 1605 1759 1658 ἐπὶ
1797 1607 1896 1677 τῆς

308 1687 432 1760 γῆς.
486 1687 706 1752 Ἰδόντες
745 1689 803 1743 δὲ
834 1689 969 1745 αὐτὸ
998 1691 1048 1744 οί
1079 1691 1189 1746 υίοὶ
1239 1693 1478 1766 Ἰσραὴλ,
1509 1693 1673 1750 εἶπαν
1709 1696 1898 1768 ἔτερος

309 1779 387 1850 τῷ
432 1779 626 1852 ἑτέρῳ·
675 1779 743 1833 Τί
775 1781 894 1835 ἐστι
939 1781 1133 1850 τοῦτο;
1181 1784 1244 1838 οὐ
1280 1786 1391 1857 γάρ
1445 1786 1662 1858 ᾔδεισαν
1711 1787 1764 1842 τί
1803 1783 1894 1858 ἦν.

311 1848 444 1926 Eine
469 1848 539 1926 at
563 1848 772 1944 Μωσῆς
808 1873 946 1945 πρὸς
978 1848 1210 1940 αύτούς;
1242 1848 1410 1942 Οὗτος
1508 1878 1671 1950 ἄρτος
1700 1879 1760 1933 ὃν
1805 1848 1894 1934 δέ·
1924 1848 1971 1909 Β

308 1962 482 2017 δυκεν
507 1962 638 2035 ὑμῖν
659 1963 865 2037 Κύριος
889 1969 1104 2036 φαγεῖν.
1129 1967 1304 2022 Τοῦτο
1330 1969 1392 2023 τὸ
1414 1969 1566 2041 ῥῆμα
1583 1970 1612 2024 δ
1637 1970 1895 2039 συνέταξε

310 2052 513 2124 Κύριος
530 2069 558 2085 ο-
604 2055 952 2125 Συναγάγετε
998 2057 1095 2110 ἀπ’
1150 2057 1316 2111 αὑτοῦ
1370 2057 1603 2124 ἕκαστος
1648 2062 1730 2124 είς
1767 2062 1895 2124 τοὺς

308 2143 651 2214 καθήκοντας
687 2146 865 2218 γομὸρ
894 2147 1039 2202 κατὰ.
1066 2148 1331 2218 κεφαλὰς,
1357 2148 1504 2202 κατὰ
1530 2151 1764 2222 ἀριθμὸν
1785 2151 1892 2221 ψυ-

307 2232 419 2303 χῶν
458 2233 636 2303 ύμῶν,
663 2235 896 2300 ἕκαστος
923 2237 1022 2290 σὺν
1051 2240 1165 2302 τοῖς
1199 2239 1494 2309 συσκήνοις
1523 2239 1679 2310 ὑμῶν
1707 2239 1894 2293 συλλέ-

311 2324 458 2390 ξατε.
495 2343 514 2376 ι
550 2320 686 2378 Εἶτά
717 2343 852 2397 φησι
883 2327 979 2381 καὶ
1004 2328 1124 2398 μεθ’
1153 2328 1319 2400 ἔτερα
1349 2329 1546 2383 πάλινο
1583 2349 1602 2382 ι
1647 2329 1895 2398 Ἐγένετο

304 2417 362 2470 δὲ
402 2419 471 2489 τῇ
524 2417 708 2489 ἡμέρᾳ
753 2419 820 2489 τῇ
859 2418 1016 2490 ἕκτῃ,
1069 2419 1358 2486 συνέλεξαν
1393 2421 1464 2474 τὰ
1510 2420 1698 2475 δέοντα
1729 2420 1894 2475 διπλᾶ

305 2509 480 2581 γομὸρ
513 2508 593 2580 τῷ
622 2509 702 2564 ἐνί
724 2526 738 2540 ’
784 2511 1036 2582 εἰσῆλθον
1073 2511 1132 2566 δὲ
1173 2512 1375 2577 πάντες
1413 2514 1464 2566 oi
1507 2513 1767 2584 ἄρχοντες
1795 2513 1893 2583 τῆς

304 2603 662 2673 συναγωγῆς,
688 2603 795 2658 ,καὶ
825 2603 1157 2674 ἀνήγγειλαν
1185 2605 1385 2677 Mum-ﬁ.
1424 2603 1559 2660 Είπε
1596 2606 1654 2659 δὲ
1685 2606 1890 2676 Μωσῆς

305 2693 439 2764 πρὸς
461 2692 665 2758 αὐτούς
691 2711 705 2725 ·
735 2693 908 2748 Τοῦτο
927 2695 988 2748 τὸ
1013 2697 1166 2768 ῥῆμά
1184 2698 1330 2750 ἐστιν
1349 2696 1378 2750 6
1405 2696 1635 2768 έλάλησε
1665 2697 1890 2768 Κύριοςο

304 2785 556 2840 Σάὸδατα
583 2786 714 2856 ἀγια
749 2787 1059 2859 ἀνάπαυσις
1099 2787 1178 2859 τῷ
1222 2788 1412 2858 Κυρίῳ
1430 2806 1450 2822 ο
1475 2787 1668 2858 αὔριον
1693 2789 1793 2842 ὅσα
1824 2789 1892 2842 ἀν

303 2873 618 2947 πέ[σ]σητε,
630 2876 928 2948 πέ[σ]σετε,
947 2878 1047 2931 ὅσα
1065 2879 1162 2930 ὲάν
1183 2877 1372 2948 ἕψητε,
1397 2877 1579 2948 ἕψετε,
1597 2880 1692 2932 καὶ
1709 2879 1817 2932 πᾶν
1830 2879 1892 2932 τὸ

302 2965 595 3030 πλεονάζον
611 2968 967 3022 καταλείπετε
993 2970 1178 3034 αὐτοῖς
1195 2969 1482 3040 ἀποθήκην
1508 2972 1587 3032 είς
1607 2971 1667 3024 τὺ
1689 2972 1851 3043 πρωϊ.
1866 2989 1888 3021 ι

304 3050 437 3112 Εἶτα
474 3058 612 3129 πρὸς
640 3058 850 3122 τούτοις
877 3060 970 3113 τὸν
1010 3060 1151 3114 θετον
1189 3063 1378 3126 αὐτοῖς
1423 3063 1669 3132 διεσάφει
1701 3064 1888 3136 νόμον,

1997 610 2171 663 Deum
2189 609 2344 661 illum
2367 607 2607 662 Verbum
2634 606 2728 675 qui
2755 613 2812 659 et
2845 607 3067 676 angelos
3100 609 3295 676 pascit,
3321 617 3377 663 et
3405 608 3582 663 homi-

1997 699 2163 753 nibus
2203 698 2372 752 vitam
2399 705 2644 767 praestat,
2681 697 2737 750 in
2774 697 2862 760 iis,
2898 697 2993 765 qui
3036 699 3200 752 fidem
3227 709 3578 770 receperunt,

1999 788 2306 843 inhabitare
2330 787 2481 842 facit.
2515 787 2739 842 Habitat
2763 788 2912 842 enim
2933 787 3190 843 Christus
3214 789 3269 842 in
3320 791 3582 846 cordibus

1997 880 2205 935 nostris
2239 894 2339 949 per
2381 877 2646 948 Spiritum
2693 886 2965 941 sanctum,
3003 886 3060 933 et
3089 895 3227 948 pane
3268 881 3498 944 viventi,
3525 889 3584 935 et

1997 972 2216 1028 ctelitus
2237 969 2494 1025 veniente
2519 968 2796 1038 pascimur
2839 968 2910 1022 ad
2941 968 3260 1023 ﬁrmitatem
3305 981 3362 1024 et
3413 971 3582 1025 robur

1997 1061 2280 1132 spirituale
2312 1059 2734 1130 concipiendum
2763 1074 2996 1113 :manna
3021 1059 3142 1130 ejus
3178 1060 3257 1114 rei
3302 1060 3473 1131 ﬁgura
3497 1069 3586 1116 est

1960 1196 1968 1203 .
1997 1162 2148 1208 certa
2174 1160 2232 1208 et
2263 1151 2513 1208 evidens.
2542 1149 2715 1206 Iussit
2741 1157 2928 1205 autem
2951 1150 3062 1216 lex,
3088 1158 3150 1205 ut
3172 1166 3240 1205 ex
3265 1165 3333 1205 eo
3369 1157 3584 1205 tantum

1997 1241 2316 1310 colligerent
2338 1239 2435 1293 ﬁlii
2461 1239 2626 1294 Israel
2649 1279 2664 1304 ,
2692 1248 2960 1309 quantum
2999 1240 3200 1311 cuique
3237 1240 3370 1294 satis
3412 1249 3581 1306 esset,

1997 1331 2242 1400 nihilque
2272 1345 2433 1399 supra
2461 1345 2776 1384 mensuram
2803 1327 3126 1400 adjicerent.
3154 1329 3244 1385 Sic
3266 1329 3415 1386 enim
3442 1329 3582 1386 scri-

1997 1431 2152 1492 ptum
2186 1429 2318 1478 est':
2354 1441 2370 1472 ι
2408 1421 2564 1477 Mane
2593 1421 2801 1476 factum
2824 1429 2931 1487 est,
2978 1437 3103 1477 cum
3143 1421 3452 1478 desedisset
3491 1437 3584 1478 ros

1997 1514 2054 1567 in
2077 1513 2315 1570 circuitu
2338 1522 2666 1578 castrorum,
2705 1521 2762 1568 et
2791 1527 2919 1568 ecce
2943 1527 3111 1583 super
3144 1512 3341 1569 faciem
3376 1513 3581 1569 deserti

1997 1591 2271 1659 minutum
2297 1605 2453 1674 quasi
2477 1604 2830 1660 coriandrum
2852 1605 3064 1670 album,
3091 1603 3248 1674 quasi
3268 1605 3466 1674 pruina
3485 1620 3579 1659 su-

1997 1712 2097 1766 per
2120 1705 2357 1763 terram;
2384 1713 2510 1752 cum
2539 1696 2810 1752 vidissent
2831 1705 3016 1750 autem
3064 1696 3220 1751 illum
3244 1695 3343 1750 ﬁlii
3388 1696 3579 1762 Israel,

1997 1786 2256 1842 dixerunt
2277 1787 2415 1842 alter
2430 1789 2499 1843 ad
2533 1789 2770 1844 alterum
2797 1806 2810 1842 :
2839 1787 3002 1860 234
3034 1787 3178 1854 Quid
3200 1796 3285 1842 est
3309 1787 3450 1842 hoc?
3486 1803 3581 1843 ne—

1997 1892 2105 1948 que
2137 1877 2286 1932 enim
2303 1877 2550 1933 sciebant
2584 1879 2717 1948 quid
2757 1886 2923 1934 esset.
2976 1877 3123 1932 Dixit
3148 1885 3334 1932 autem
3355 1877 3423 1933 ad
3457 1878 3582 1933 illos

1996 1967 2245 2039 Moyses:
2280 1966 2382 2022 llic
2417 1973 2504 2022 est
2531 1968 2712 2038 panis,
2738 1983 2904 2038 quem
2949 1965 3103 2022 dedit
3121 1967 3280 2024 vobis
3315 1969 3581 2023 Dominus

1995 2056 2065 2112 ad
2113 2058 2472 2114 vescendum.
2526 2058 2642 2113 Hoc
2679 2067 2766 2114 est
2815 2058 3089 2124 verbum,
3126 2059 3276 2129 quod
3317 2063 3582 2130 praecepit

1996 2148 2306 2205 Dominus:
2334 2149 2574 2220 colligite
2598 2164 2666 2204 ex
2690 2149 2835 2220 ipso,
2856 2156 3124 2220 quantum
3149 2148 3370 2216 sufficit,
3389 2165 3581 2220 gomor

1994 2256 2095 2310 per
2119 2240 2337 2311 singula
2369 2241 2570 2310 capita,
2606 2240 2762 2311 juxta
2797 2257 3091 2297 numerum
3135 2241 3447 2296 animarum
3483 2257 3579 2297 ve-

1995 2332 2654 2402 strarum,unusquisque
2680 2347 2806 2387 cum
2851 2334 3346 2388 contubernalibus
3384 2333 3584 2389 vestris

1994 2423 2233 2494 colligite
2271 2424 2313 2478 ⁸.
2347 2443 2365 2475 ι
2396 2423 2604 2479 Deinde
2627 2432 2752 2494 post
2800 2425 3053 2495 quaedam
3089 2426 3195 2480 alia
3250 2441 3446 2481 rursus
3465 2425 3576 2480 ait:

2003 2531 2020 2563 ι
2051 2511 2276 2567 Factum
2302 2521 2389 2568 est
2411 2520 2597 2568 autem
2621 2513 2712 2568 die
2738 2522 2914 2578 sexta,
2937 2513 3281 2584 collegerunt
3320 2528 3580 2568 necessa-

1994 2604 2075 2658 ria
2097 2604 2284 2675 dupla,
2308 2605 2420 2660 duo
2464 2622 2676 2677 gomor,
2725 2621 2824 2676 per
2845 2606 3092 2677 singulos
3125 2623 3138 2660 :
3169 2606 3402 2676 ingressi
3451 2612 3582 2661 sunt

1993 2703 2178 2748 autem
2207 2709 2398 2748 omnes
2440 2695 2722 2764 principes
2755 2710 3061 2766 synagoga,
3093 2702 3150 2749 et
3173 2695 3579 2750 nuntiaverunt

1993 2783 2182 2854 Moysi.
2210 2783 2356 2838 Dixit
2378 2792 2563 2840 autem
2595 2785 2808 2857 Moyses
2831 2784 2901 2840 ad
2936 2799 3033 2840 eos
3059 2802 3072 2838 :
3099 2784 3216 2840 Hoc
3237 2792 3324 2840 est
3346 2785 3579 2839 verbum

1992 2873 2139 2944 quod
2161 2874 2379 2930 locutus
2400 2883 2484 2931 εει
2521 2876 2826 2931 Dominus:
2854 2875 3092 2932 Sabbata
3135 2876 3355 2946 requies
3392 2883 3580 2931 sancta

1992 2967 2226 3022 Domino
2254 2984 2267 3020 :
2297 2983 2442 3033 cras,
2465 2983 2811 3038 quacunque
2834 2984 3073 3039 coquere
3096 2969 3286 3034 vultis,
3326 2969 3577 3037 coquite;

1992 3068 2047 3114 et
2069 3075 2410 3130 quaecunque
2439 3060 2644 3114 elixarc
2667 3061 2976 3126 volueritis,
3012 3061 3212 3115 elixatc
3263 3079 3275 3116 :
3311 3067 3369 3115 et
3415 3060 3578 3130 quid-

301 3147 460 3210 εὐθὺς
489 3147 734 3201 ἐπειπὼν
761 3149 789 3200 6
817 3149 1140 3220 ἱεροφάντης
1161 3152 1366 3221 Μωσῆς
1383 3169 1398 3184 ·
1433 3171 1452 3204 ι
1487 3153 1694 3222 Φάγετε
1721 3155 1890 3225 σήμε-

1993 3150 2126 3220 quid
2154 3151 2520 3221 superfuerit,
2545 3151 2840 3220 relinquite
2884 3150 3042 3205 vobis
3083 3150 3479 3219 repositionem
3524 3150 3580 3203 in

304 3255 415 3309 ρονο
450 3237 567 3292 ἐστι
596 3239 706 3311 γὰρ
733 3239 990 3294 Σάϐϐατα
1019 3243 1260 3314 σήμερον
1283 3243 1363 3314 τῷ
1396 3244 1608 3316 Κυρίῳ.
1653 3245 1766 3316 Οὐχ
1794 3247 1888 3299 εὐ-

304 3331 499 3402 ρήσετε
531 3334 774 3404 σήμερον
803 3335 861 3388 ὲν
883 3333 962 3405 τῷ
985 3334 1172 3405 πεδίῳ.
1207 3335 1306 3400 Ἓξ
1338 3336 1552 3407 ἡμέρας
1579 3337 1883 3405 συλλέξετε,

298 3421 440 3492 τῇδὲ
461 3422 646 3494 ἡμέρᾳ
667 3427 736 3495 τῇ
762 3423 964 3497 ἐϐδόμῃ
992 3425 1268 3480 Σάϐϐαταο
1287 3427 1390 3480 οὐκ
1409 3427 1563 3482 ἔσται
1585 3431 1642 3482 έν
1668 3430 1829 3501 αὐτῇ.
1858 3449 1880 3482 ι

300 3506 450 3585 Ἀρά
481 3531 565 3568 σοι
593 3515 802 3580 λοιπὸν,
826 3507 872 3567 ὦ
902 3515 1188 3582 Παλλάδιε,
1222 3519 1319 3571 καὶ
1348 3519 1488 3587 μετὰ
1527 3520 1686 3574 τοῦτο
1717 3521 1884 3592 ἀσυμ-

300 3604 488 3670 φανὲς,
535 3606 619 3660 ὅτι
659 3607 760 3676 τῆς
813 3606 1081 3678 ἐσομένης
1131 3608 1210 3670 είς
1268 3607 1440 3663 αἰῶνα
1480 3610 1570 3664 τὸν
1618 3611 1885 3682 μέλλοντα

299 3694 479 3766 ζωῆς,
525 3697 689 3752 οίονεὶ
739 3699 1216 3768 προευτρεπισμὺν
1272 3701 1365 3752 καὶ
1414 3701 1766 3755 ὑποτύπωσιν
1817 3703 1885 3756 ἂν

298 3787 413 3859 ἔχοι
444 3789 541 3842 καὶ
576 3789 723 3858 μάλα
756 3789 925 3859 σαφῆ,
972 3789 1034 3842 τὺ
1065 3791 1201 3860 μήτε
1228 3809 1282 3843 τι
1323 3790 1456 3861 δρᾷν
1489 3793 1547 3844 ἐν
1581 3793 1879 3864 Σαϐϐάτῳ;

299 3877 577 3946 συλλέγειν
605 3877 662 3930 δὲ
682 3877 871 3949 ὥσπερ
897 3879 978 3942 είς
1001 3878 1290 3950 ἀποθήκην
1317 3879 1376 3932 τὸ
1417 3880 1518 3951 ἤδη
1553 3883 1882 3952 πεπορισμέ-

298 3985 419 4034 νον;
477 3969 574 4023 καὶ
627 3969 764 4040 μηδὲ
809 3969 944 4024 αὐτὸ
995 3969 1056 4022 τὸ
1107 3969 1168 4035 ἐξ
1211 3970 1444 4040 οὐρανοῦ
1495 3972 1882 4027 καταδεδόσθαι

301 4062 502 4131 μάννα,
524 4061 602 4131 τῷ
626 4061 683 4114 δὲ
705 4062 807 4131 ῆδη
843 4063 1336 4133 συγκεκομισμένῳ
1357 4062 1748 4136 διακεχρῆσθαι
1771 4067 1883 4120 δεῖν

300 4153 377 4216 είς
428 4152 732 4206 ἀπόλαυσιν
764 4154 860 4207 καὶ
903 4155 1144 4224 τροφήν;
1192 4153 1622 4219 Σαϐϐατίζοντες
1663 4155 1773 4228 γὰρ
1823 4159 1882 4211 ὲν

301 4242 522 4313 Χριστῷ
557 4244 652 4297 καὶ
684 4245 764 4306 είς
807 4243 958 4314 λῆξιν
993 4245 1162 4308 ίόντες
1193 4246 1294 4314 τῆς
1331 4245 1602 4316 ἁμαρτίας
1641 4247 1877 4318 ὁλοτελῆ,

299 4335 408 4399 τοῖς
437 4334 646 4389 ἀνωθεν
667 4335 1079 4406 ὲντρυφήσομεν
1097 4335 1341 4402 ἀγαθοῖς,
1369 4335 1536 4388 πόνου
1566 4338 1662 4407 μὲν
1689 4338 1881 4410 ἐξῃρη-

303 4428 465 4497 μένου
517 4427 751 4496 παντὸς,
793 4427 1033 4499 ἱδρώτων
1076 4428 1132 4480 δὲ
1170 4427 1313 4498 δίχα,
1364 4429 1473 4482 πᾶν
1500 4429 1637 4498 ὅπερ
1671 4429 1881 4501 ὀνίνησι

299 4518 572 4584 πλουσίως
599 4519 972 4592 εὑρίσκοντες.

368 4691 576 4746 ΠΑΛΛ.
613 4691 844 4764 Ἀληθὴς
867 4693 896 4744 6
920 4692 1097 4761 λόγος.
1140 4691 1254 4759 Ἐφ’
1283 4691 1519 4762 ἑτοίμοις
1559 4692 1667 4764 γὰρ
1694 4691 1884 4764 ὥσπερ

299 4782 394 4836 καὶ
441 4783 895 4854 προκεισομένοις
937 4783 1140 4837 ἀπασιν
1173 4782 1403 4852 ἀγαθοῖς
1446 4785 1480 4854 ή
1525 4784 1586 4838 τὸ
1625 4785 1882 4855 τηνικάδε

294 4873 402 4927 τῶν
450 4873 624 4942 ἀγίων
661 4871 813 4928 ἔσται
853 4875 1000 4945 ζωήο
1045 4874 1284 4946 είρήσθω
1323 4875 1381 4928 δὲ
1416 4876 1512 4930 καὶ
1554 4875 1692 4947 πρὸς
1724 4875 1881 4946 ἡμῶν

296 4963 476 5018 αὐτῶν
508 4964 652 5036 ἁγίῳ
686 4964 879 5018 παντίο
917 4984 935 5017 ι
974 4966 1113 5030 Τοὺς
1145 4966 1342 5030 πόνους
1381 4966 1490 5020 τῶν
1518 4967 1747 5037 καρπῶν
1785 4984 1878 5020 σου

297 5055 559 5127 φάγεσαι.
593 5075 612 5108 ι

364 5149 534 5204 ΚΥΡ.
587 5147 801 5221 Οὐκοῦν
838 5148 1158 5215 ἀναθέοντες
1214 5153 1294 5216 εἰς
1349 5152 1411 5204 τὸ
1451 5151 1745 5224 ἀπαρχῆς,
1786 5151 1881 5205 καὶ

1993 3258 2152 3297 mane
2172 3243 2214 3296 ⁸.
2247 3261 2266 3292 ›
2326 3239 2534 3296 Deinde
2571 3240 2802 3311 Moyses,
2831 3240 2922 3296 ille
2957 3255 3243 3296 sacrorum
3282 3240 3577 3309 interpres,

1991 3334 2234 3389 divinam
2265 3333 2376 3388 illis
2419 3332 2598 3402 legem
2623 3331 2941 3402 explicavit,
2965 3330 3231 3387 continuo
3279 3329 3523 3385 inferens
3562 3347 3576 3384 :

2000 3444 2017 3477 ι
2052 3421 2335 3480 Comedite
2361 3421 2558 3488 hodie;
2586 3429 2714 3476 sunt
2738 3421 2887 3474 enim
2910 3421 3075 3477 hodie
3125 3419 3362 3474 Sabbata
3391 3418 3580 3472 Domim

1991 3531 2090 3570 no.
2119 3515 2242 3570 Non
2266 3513 2560 3570 invenietis
2581 3512 2748 3566 hodie
2773 3511 2826 3566 in
2850 3527 3063 3582 campo.
3091 3512 3196 3567 Sex
3237 3511 3435 3566 diebus
3459 3511 3576 3565 col-

1989 3607 2208 3678 ligetis;
2231 3606 2464 3676 septima
2488 3621 2621 3660 vero
2658 3603 2749 3659 die
2776 3602 3015 3659 Sabbata
3048 3612 3214 3669 sunt;
3256 3617 3366 3657 non
3393 3601 3499 3657 erit
3522 3600 3578 3655 in

1991 3697 2108 3766 ipsa
2145 3696 2210 3748 '°.
2251 3715 2270 3746 ι
2299 3695 2384 3750 An
2429 3693 2531 3749 tibi
2571 3693 2828 3764 posthac,
2876 3693 3107 3759 Palladi,
3133 3694 3430 3748 obscurum
3455 3708 3578 3747 esse

1990 3791 2213 3860 poterit,
2255 3788 2392 3860 quin
2436 3787 2544 3842 hoc
2582 3787 2762 3858 ipsum
2803 3787 2944 3842 nihil
2967 3803 3129 3858 agere
3161 3787 3434 3852 Sabbato,
3480 3787 3577 3842 sed

1988 3881 2135 3951 quod
2155 3882 2267 3952 jam
2289 3879 2702 3950 suppeditatum
2724 3878 2817 3945 sit,
2845 3885 3108 3948 tanquam
3135 3879 3192 3933 in
3211 3879 3404 3934 cellam
3439 3893 3575 3933 con-

1989 3971 2142 4037 dere,
2183 3987 2362 4042 neque
2390 3971 2610 4026 caelitus
2633 3985 2832 4026 manna
2852 3969 2959 4040 ipsi
2987 3969 3128 4036 dari,
3158 3969 3254 4025 sed
3273 3971 3386 4041 jam
3423 3984 3576 4025 com-

1988 4071 2207 4132 portato
2236 4062 2304 4118 ad
2337 4063 2676 4132 voluptatem
2719 4071 2776 4117 et
2796 4061 2864 4116 ad
2899 4077 3084 4117 escam
3105 4062 3209 4127 uti,
3238 4061 3394 4130 quasi
3434 4077 3574 4130 prae-

1989 4153 2201 4221 paratio
2225 4153 2475 4224 quazdam
2498 4163 2664 4224 atque
2684 4154 3000 4209 informatio
3018 4155 3090 4208 sit
3126 4153 3273 4207 illius
3295 4154 3439 4215 vitae,
3457 4168 3578 4221 qua:

1987 4243 2045 4298 in
2069 4246 2265 4302 szeculo
2280 4249 2516 4302 venturo
2527 4245 2709 4302 futura
2735 4246 2856 4300 est?
2876 4246 3012 4299 Nam
3034 4243 3330 4298 Sabbatum
3356 4251 3579 4311 agentes

1989 4337 2047 4390 in
2092 4337 2334 4403 Christo,
2363 4346 2529 4407 atque
2555 4337 2781 4392 omnino
2806 4342 3086 4389 cessantes
3111 4349 3141 4388 a
3189 4341 3435 4402 peccato,
3481 4347 3573 4386 su-

1991 4430 2182 4502 pernis
2205 4429 2315 4484 illis
2337 4428 2588 4484 fruemur
2595 4427 2781 4500 bonis,
2800 4441 2927 4481 cum
2949 4426 3105 4480 labor
3126 4424 3306 4478 omnis
3328 4424 3577 4479 sublatus

1913 4535 1959 4591 ι)
1986 4522 2114 4586 erit,
2139 4529 2196 4576 et
2208 4521 2348 4574 citra
2369 4520 2628 4575 sudorem
2651 4535 2717 4574 ea
2739 4517 2946 4582 omnia,
2970 4530 3093 4585 qua:
3109 4515 3304 4586 iuvare
3321 4525 3572 4584 possunt,

1991 4609 2280 4664 afﬂuenter
2305 4608 2671 4663 inveniemus.
2901 4677 2907 4684 δ

2059 4701 2263 4756 PALL.
2309 4701 2450 4756 Vera
2474 4699 2652 4755 oratio
2678 4716 2692 4752 :
2722 4713 2848 4753 nam
2887 4696 3046 4767 quasi
3090 4696 3148 4750 in
3190 4695 3398 4766 paratis
3444 4696 3576 4750 etin

1989 4800 2246 4865 promptu
2280 4793 2474 4863 positis
2497 4791 2658 4847 bonis
2694 4790 2955 4845 omnibus
2978 4789 3092 4854 illa,
3119 4803 3242 4858 qua:
3285 4796 3418 4842 tunc
3445 4788 3575 4851 erit,

1986 4894 2304 4941 sanctorum
2326 4884 2439 4938 vita
2461 4883 2727 4949 ducetur;
2754 4883 2920 4937 liceat
2949 4880 3117 4952 igitur
3139 4888 3196 4935 et
3233 4879 3396 4934 nobis
3443 4879 3578 4949 ipsis

1987 4973 2170 5030 dicere
2207 4983 2397 5030 sancto
2425 4973 2661 5043 cuique:
2697 4991 2715 5025 ι
2760 4969 3004 5026 Labores
3051 4985 3317 5026 manuum
3353 4979 3575 5024 tuarum

1988 5066 2349 5122 manducabis
2369 5066 2432 5120 “.
2466 5084 2484 5118 ι

2049 5156 2207 5212 CYR.
2236 5156 2409 5228 Igitur
2433 5156 2500 5212 ad
2527 5156 2602 5222 id,
2627 5157 2774 5227 quod
2819 5155 2976 5210 initio
3019 5154 3259 5224 positum
3302 5158 3444 5216 erat,
3487 5166 3573 5203 re-

293 5239 484 5312 ὦσπερ
537 5240 730 5295 ἀνόπιν
778 5235 870 5294 τδν
944 5241 1102 5310 λόγον
1157 5243 1610 5314 ἀνασειράζοντες
1633 5283 1648 5308 ,
1705 5244 1880 5297 ἐκεῖνό

1990 5255 2308 5313 currentes,
2371 5255 2427 5304 et
2479 5247 2637 5318 quasi
2688 5256 2994 5301 retrorsum
3036 5241 3305 5297 orationis
3348 5255 3570 5294 cursum

295 5349 500 5403 φαμεν,
534 5331 616 5398 τὸ,
645 5333 727 5386 ὅτι
746 5332 812 5404 δὴ
844 5333 1052 5404 σφόδρα
1081 5333 1174 5386 καὶ⁹
1204 5334 1512 5399 ἀκολούθως
1535 5337 1564 5388 6
1599 5336 1761 5404 νόμος
1793 5335 1881 5404 ἐφ’

1980 5338 2347 5404 rctlcctentcs,
2375 5339 2510 5394 illud
2564 5339 2884 5400 asscrimus,
2932 5331 3457 5389 convenientissima
3494 5331 3572 5387 le-

293 5425 389 5478 ἕνα
440 5423 536 5477 τὸν
586 5423 748 5492 φύσει
805 5425 902 5477 καὶ
953 5421 1170 5491 ἀληθῶς
1224 5427 1570 5497 μεταστήσας
1616 5426 1769 5490 Θεὸν,
1815 5427 1876 5478 οὐ

1990 5446 2123 5501 gem,
2152 5446 2278 5486 cum
2301 5431 2371 5485 ad
2410 5445 2581 5485 unum
2604 5427 2920 5491 colendum,
2970 5425 3064 5494 qui
3107 5433 3306 5479 natura
3343 5430 3399 5477 et
3437 5438 3568 5478 vere

300 5515 722 5588 συγκεχώρηκεν
752 5517 964 5585 ἀγνοεῖν
1019 5516 1142 5569 οὐδὲ
1175 5516 1264 5568 τὸν
1313 5518 1373 5583 ἐξ
1406 5518 1571 5571 αὑτοῦ
1602 5536 1659 5571 τε
1695 5519 1788 5572 καὶ
1817 5520 1874 5571 ἐν

1990 5523 2120 5577 Deus
2137 5532 2239 5588 est,
2263 5538 2365 5578 nos
2383 5523 2730 5585 traduxisset,
2749 5533 2857 5574 non
2883 5515 3226 5580 sustinuisse,
3249 5523 3310 5569 ut
3328 5514 3566 5570 Verbum

298 5607 445 5678 αὐτῷ
485 5607 660 5676 φύντα
687 5625 745 5661 τε
780 5608 870 5661 καὶ
906 5608 1314 5677 συνυπάρχοντα
1359 5609 1622 5662 συναῖδιον
1678 5612 1867 5678 Λόγον.

1047 5797 1062 5825 ³
1094 5793 1226 5847 ibid,
1267 5795 1331 5847 ‘22
1353 5794 1451 5847 25.

371 5795 392 5827 "
415 5795 590 5853 Exod.
631 5811 732 5861 xw,
781 5797 964 5850 15-16.

1537 5796 1572 5817 M
1613 5796 1738 5846 ileial.
1775 5799 1837 5850 '2)
1875 5800 1955 5850 εἷ’.

1971 5613 2128 5679 illud,
2149 5615 2294 5685 quod
2319 5631 2382 5669 ex
2408 5615 2524 5683 ipso
2541 5621 2594 5666 et
2613 5613 2664 5666 in
2683 5611 2800 5682 ipso
2825 5617 3013 5665 natum
3031 5617 3082 5663 et
3107 5605 3491 5663 simulexsistit
3513 5612 3564 5657 et

2078 5802 2111 5830 "
2144 5802 2280 5854 I‘sul.
2313 5815 2505 5854 eum.
2545 5802 2596 5850 2.
