4138 6300
592 424 696 484 507

1619 420 1675 476 S.
1714 419 1991 477 CYRILLI
2032 417 2508 476 ALEXANDRINI
2545 416 2862 474 ARCIIIEP.

3746 407 3852 464 508

591 549 925 596 coactor-num
949 540 1053 601 est,
1080 534 1477 606 ignoraremus.
1498 534 1634 590 Nam
1672 551 1798 611 cum
1839 537 1993 605 prius
2031 552 2167 606 pra:-

2270 533 2761 606 Προεντειλάμενος
2788 530 2894 602 γάρ
2927 529 3022 582 καὶ
3055 524 3246 590 εἰπὼν,
3283 545 3301 576 ι
3352 522 3687 594 Ἀγαπήσεις
3732 523 3850 575 Κύ-

587 631 828 702 cepisset
852 636 1016 697 atque
1049 627 1318 683 dixisset:
1369 647 1388 678 ι
1413 628 1620 698 Diliges
1661 628 1954 682 Dominum
1997 623 2168 682 Deum

589 731 748 779 tuum
771 736 838 775 ex
866 726 980 773 toto
1007 719 1174 774 corde
1201 726 1318 784 tuo,
1344 728 1399 774 et
1423 735 1489 773 ex
1517 729 1628 775 tota
1655 729 1839 776 mente
1860 729 1978 786 tua,
2005 727 2061 775 et
2096 737 2166 775 ex

587 811 852 866 omnibus
875 811 1088 864 viribus
1113 811 1224 865 tuis
1249 812 1292 840 “
1328 828 1340 862 :
1377 829 1395 862 ι
1415 810 1576 880 235
1593 819 1648 865 et
1671 819 1938 882 praeterea
1964 829 1978 866 :
2002 829 2018 862 ι
2049 812 2170 866 Νοιι

588 910 754 958 erunt
782 903 882 957 tibi
905 902 980 956 dii
1013 903 1106 956 alii
1139 910 1339 972 praeter
1368 917 1459 956 me
1496 903 1539 934 ¹³
1575 920 1587 955 :
1629 923 1647 954 )
1700 903 1982 974 conjunxit
2023 904 2172 958 illico

586 993 801 1049 Christi
825 995 1144 1065 mysterium
1168 993 1494 1048 inferendo:
1532 1013 1548 1045 ι
1597 994 1908 1049 Recordare
1925 1003 1986 1048 ut
2026 995 2170 1049 diem

593 1074 958 1140 sabbatorum
985 1084 1295 1140 sanctiﬁces
1329 1085 1394 1139 “.
1433 1105 1450 1138 ι
1482 1085 1607 1142 Haec
1626 1088 1774 1141 enim
1811 1087 2070 1156 praeclara
2090 1101 2174 1141 se-

591 1175 726 1228 mita
765 1183 848 1229 est
877 1189 943 1230 ac
987 1175 1332 1242 necessaria,
1384 1185 1440 1230 et
1482 1177 1655 1231 divini
1695 1177 1917 1232 artiﬁcii
1961 1162 2084 1241 via,
2116 1184 2174 1231 et

591 1263 936 1319 discentibus
979 1278 1102 1332 qua:
1148 1265 1290 1319 scire
1338 1277 1478 1334 opus
1503 1273 1607 1328 est,
1634 1265 1943 1319 utilissima.
1985 1265 2174 1333 Itaque

597 1350 846 1404 Salvator
870 1349 1110 1415 Patrem,
1136 1353 1227 1421 qui
1265 1353 1322 1406 in
1366 1353 1520 1407 ccelis
1545 1361 1659 1417 est,
1700 1367 1765 1408 ac
1814 1353 1986 1407 Deum
2042 1354 2175 1408 allo-

592 1453 768 1507 quens
795 1440 870 1492 ait
897 1456 909 1490 :
943 1457 962 1489 ι
995 1437 1122 1494 Haec
1147 1449 1234 1495 est
1253 1442 1366 1494 vita
1391 1450 1618 1505 aeterna,
1665 1450 1728 1495 ut
1767 1449 2098 1512 cognoscant
2121 1449 2174 1497 te

591 1529 772 1582 solum
806 1543 998 1582 verum
1032 1527 1226 1594 Deum,
1254 1537 1310 1584 et
1333 1545 1497 1599 quem
1533 1529 1764 1595 misisti,
1789 1529 1973 1586 Jesum
2011 1529 2175 1585 Chri-

591 1627 740 1676 stum
785 1619 852 1673 ".
897 1639 916 1671 ›
966 1619 1124 1685 Nam,
1175 1620 1270 1676 ubi
1299 1621 1367 1676 de
1408 1622 1568 1677 Patre
1589 1622 1762 1676 verba
1801 1622 1960 1686 ﬁunt,
1987 1637 2176 1677 conse-

591 1718 839 1777 quuntur
868 1711 1186 1765 necessario
1201 1711 1396 1776 verba,
1413 1727 1534 1782 quae
1548 1710 1614 1766 ad
1629 1711 1829 1765 Filium
1840 1711 2171 1781 pertineant,

597 1809 655 1855 et
677 1803 972 1872 conjuncta
996 1803 1232 1857 maxime
1256 1804 1545 1872 utriusque
1567 1803 1808 1874 cognitio
1829 1811 1932 1857 est.
1958 1799 2175 1857 Judaaos

2273 640 2389 696 ριον
2425 624 2514 676 τὸν
2544 623 2678 675 Θεόν
2722 637 2815 673 σου
2857 620 2914 684 ἐξ
2941 619 3070 690 ὅλης
3111 617 3208 687 τῆς
3249 613 3477 685 καρδίας
3517 621 3634 677 σου,
3666 611 3762 664 καὶ
3791 611 3856 676 ἐξ

2270 715 2397 785 ὅλης
2425 714 2522 784 τῆς
2547 711 2783 774 διανοίας
2810 725 2923 775 σου,
2956 707 3051 760 καὶ
3081 705 3144 770 ἐξ
3161 705 3290 774 ὅλης
3324 701 3424 771 τῆς
3459 700 3640 770 ἰσχύος
3679 715 3793 752 σου’
3825 719 3844 751 ι

2270 807 2366 860 καὶ
2414 805 2552 875 μήν·
2591 823 2608 854 ι
2649 802 2759 856 Καὶ
2805 801 2904 854 ούκ
2945 797 3157 853 ἔσονταί
3198 812 3280 849 σοι
3311 789 3423 848 θεοὶ
3463 786 3674 863 ἕτεροι,
3710 789 3854 862 πλὴν

2271 896 2406 966 ἐμοῦ
2434 913 2448 927 ·
2480 915 2497 948 ι
2543 895 2783 964 συνῆψεν
2817 891 2982 955 ἐὐθὺς
3015 892 3074 944 τὸ
3105 881 3345 960 Χριστοῦ
3386 887 3702 956 μυστήριον,
3750 887 3854 937 έπ-

2271 987 2472 1040 ειπιὶιν·
2535 1003 2554 1038 ι
2617 981 2908 1056 ’Μνήσθητι
2965 982 3061 1052 τὴν
3118 979 3331 1051 ἡμέραν
3387 977 3496 1030 τῶν
3552 975 3866 1029 Σαϐϐάτων-

2273 1079 2538 1148 ἀγιάζειν.
2589 1094 2609 1128 ι
2661 1071 2830 1147 Οἷμος
2858 1074 2967 1146 γὰρ
3010 1069 3109 1144 ἥδε
3154 1071 3294 1143 καλή
3331 1082 3391 1124 τε
3429 1070 3522 1123 καὶ
3553 1067 3847 1136 ἀναγκαία,

2271 1170 2367 1222 καὶ
2392 1166 2868 1238 θεοπρεπεστάτης
2899 1161 3178 1234 εὐτεχνίας
3211 1161 3348 1226 ὁδὸς,
3379 1158 3480 1213 καὶ
3507 1157 3865 1226 ’τελεωτάτην--

2271 1262 2380 1323 τοῖς
2406 1254 2441 1313 ἀ
2468 1257 2742 1328 προσῆκεν
2773 1255 2972 1310 εἰδέναι
2996 1252 3374 1324 μανθάνουσιν,
3421 1247 3723 1320 ἐμποιοῦσα
3751 1247 3856 1318 τὴν

2269 1349 2475 1421 θνησιν.
2508 1348 2618 1403 Kal.
2650 1347 2780 1417 γοῦν
2811 1349 2839 1401 ὁ
2865 1345 3056 1417 Σωτὴρ
3082 1344 3218 1416 πρὸς
3243 1342 3334 1396 τὸν
3362 1346 3420 1396 έν
3461 1341 3711 1412 οὐρανοῖς
3744 1338 3854 1408 ἔφη

2273 1441 2493 1512 Πατέρα
2515 1440 2610 1496 καὶ
2632 1441 2784 1493 Θεόνο
2813 1457 2836 1491 ι
2868 1433 3016 1509 Α’ύτη
3038 1436 3093 1489 δέ
3119 1438 3267 1489 ἐστιν
3291 1436 3323 1504 ἡ
3355 1431 3571 1496 αἰώνιος
3597 1430 3733 1501 ζωὴ,
3764 1431 3848 1483 ἶνα

2270 1531 2579 1603 γινώσκωσί
2607 1545 2666 1585 σε
2699 1530 2788 1584 τὸν
2819 1529 2978 1601 μόνον
3012 1523 3263 1598 ἀληθινὸν
3306 1524 3476 1588 Θεὸν,
3517 1523 3613 1576 καὶ
3648 1521 3707 1574 δν
3745 1521 3853 1574 ἀπ-

2273 1625 2519 1688 έστειλας
2581 1622 2786 1695 Ἰησοῦν
2831 1619 3088 1692 Χριστόν.
3146 1636 3165 1669 ι
3221 1616 3689 1688 Συμπαρομαρτεῖ
3740 1611 3850 1683 γάρ

2273 1715 2584 1784 ἀναγκαίως
2630 1713 2710 1784 τῷ
2731 1711 2907 1783 η-λόγῳ
2933 1707 3013 1782 τῷ
3053 1710 3182 1780 περὶ
3210 1705 3444 1779 Πατρὺς,
3482 1707 3510 1758 ὁ
3537 1706 3666 1776 περὶ
3693 1703 3845 1771 Υίοῦ,

2274 1807 2371 1859 καὶ
2407 1805 2700 1876 ἀγχίθυρος
2738 1803 2860 1857 λίαν
2887 1803 2920 1871 ἠ
2949 1802 3034 1854 ἐπ’
3069 1795 3273 1870 ἀμφοῖν
3305 1802 3418 1852 ἐστι
3452 1797 3669 1865 γνῶσις.
3719 1793 3848 1850 Ἰου-

591 1898 767 1955 certe,
813 1899 1104 1960 propterea
1140 1892 1288 1962 quod
1335 1893 1535 1949 Filium
1559 1909 1670 1948 non
1716 1891 2094 1958 admitterent,
2137 1907 2167 1947 a

2269 1894 2440 1956 δαίοις
2480 1893 2611 1962 γοῦν
2653 1892 2752 1963 τῆς
2799 1889 3056 1962 ἀληθείας
3104 1889 3465 1960 ἡμαρτηκόσι,
3505 1885 3592 1940 διὰ
3632 1880 3727 1940 τοῦ
3775 1887 3846 1958 μὴ

595 1979 826 2034 veritate
873 1979 1232 2047 aberrantes,
1280 1989 1444 2051 atque
1503 1980 1840 2037 arbitrantes
1892 1997 1950 2036 se
2008 1995 2170 2035 nosse

594 2070 788 2134 Deum,
826 2070 1163 2141 increpabat,
1206 2072 1395 2128 dicens
1423 2091 1434 2126 :
1459 2093 1478 2125 ‹
1504 2073 1694 2144 Neque
1729 2087 1814 2128 me
1847 2071 2040 2138 nostis,
2076 2087 2174 2127 ne-

594 2179 704 2233 que
753 2165 970 2218 Patrem
1009 2180 1193 2219 meum
1222 2183 1234 2218 :
1263 2166 1308 2220 si
1359 2180 1446 2220 me
1500 2164 1895 2235 cognovissetis
1920 2205 1934 2230 ,
1970 2172 2029 2219 et
2065 2161 2170 2219 Pa-

597 2262 738 2308 trem
785 2270 968 2308 meum
1015 2255 1206 2325 utique
1249 2256 1644 2326 cognovissetis
1677 2254 1749 2311 “.
1784 2271 1804 2305 ι
1847 2254 1910 2310 In
1936 2263 2170 2326 utroque

595 2346 743 2400 enim
759 2347 988 2401 alterius
1010 2347 1163 2400 notio
1185 2346 1347 2402 simul
1365 2346 1618 2400 infertur.
1639 2345 1830 2416 Igitur,
1855 2362 1980 2401 eum
1994 2347 2168 2416 prius,

517 2419 527 2428 ’
597 2435 941 2491 fundamenti
967 2438 1249 2508 cujusdam
1273 2439 1468 2503 instar,
1512 2438 1733 2508 iecisset
1759 2446 1966 2494 certam
2007 2448 2171 2509 atque

596 2534 908 2582 accuratam
930 2526 1030 2580 Dei
1054 2526 1446 2596 cognitionem,
1471 2533 1528 2580 et
1549 2525 1878 2596 legislatoris
1917 2528 2171 2582 notitiam

595 2615 750 2690 prius
773 2627 1030 2686 tanquam
1055 2617 1334 2672 radicibus
1369 2617 1526 2682 actis,
1558 2617 1615 2671 in
1638 2617 1720 2672 eis
1744 2616 2031 2683 iniixisset,
2071 2617 2171 2674 de-

598 2709 766 2777 nique
791 2708 859 2762 ad
881 2709 1119 2762 humana
1145 2709 1448 2774 descendit,
1475 2717 1530 2763 et
1546 2708 1597 2762 ei
1621 2710 1963 2774 reverentiaa,
2002 2725 2170 2779 quam

596 2797 710 2854 Deo
746 2799 1088 2866 exhibemus,
1121 2799 1424 2870 proximam
1449 2797 1708 2870 deinceps
1728 2800 1957 2855 collocat
2005 2809 2171 2871 atque

597 2890 877 2960 conjungit
896 2906 1038 2955 eam,
1066 2907 1186 2960 qua:
1211 2892 1352 2961 patri
1378 2906 1442 2946 ac
1467 2892 1630 2945 matri
1653 2892 1906 2956 debetur,
1933 2907 2170 2962 quorum

596 2993 784 3048 Opera,
799 2981 912 3035 Deo
934 2992 1232 3047 annuente,
1246 2981 1499 3053 perducti
1513 2998 1578 3038 eo
1595 2997 1806 3049 sumus,
1845 2993 1906 3038 ut
1922 2999 2170 3041 essemus

595 3080 653 3126 et
681 3074 906 3129 omnino
951 3073 1379 3130 subsisteremus
1406 3115 1421 3140 ,
1460 3075 1662 3147 quippe
1697 3091 1822 3130 cum
1867 3077 2170 3133 secundum

595 3161 666 3220 ab
686 3161 896 3232 Opiﬁce
940 3163 1123 3218 locum
1169 3170 1395 3219 teneant
1445 3181 1457 3216 :
1504 3163 1708 3220 divinis
1731 3165 1877 3220 enim
1898 3165 2086 3238 jussis,
2111 3175 2170 3223 et

2271 1985 2595 2058 προσίεσθαι
2625 1983 2717 2039 τὸν
2749 1984 2897 2047 Υἱδν,
2938 1984 3207 2052 οἰομένοις
3251 1975 3308 2034 δὲ
3335 1982 3415 2034 δτι
3443 1980 3574 2033 Θεὸν
3603 1975 3845 2046 ὲγνὼκα-
3919 2025 3930 2038 ε

2273 2091 2379 2142 σιν,
2424 2075 2659 2146 ἐπετίμα
2702 2075 2907 2142 λέγων·
2964 2093 2983 2125 ι
3034 2071 3170 2126 Οὔτε
3205 2065 3304 2141 ἐμὲ
3344 2066 3544 2132 οίθατε,
3580 2061 3718 2121 ὀὗτε
3759 2069 3846 2121 τὸν

2271 2167 2493 2238 Πατέρα
2531 2183 2671 2239 μου·
2714 2167 2762 2219 εί
2791 2165 2894 2236 ἐμὲ
2937 2161 3293 2236 ᾔδειτε,,καὶ
3335 2154 3425 2213 τον
3472 2152 3691 2240 Πατέρα
3747 2175 3849 2228 μου

2269 2259 2448 2331 ᾔδειτε
2488 2255 2574 2312 ἄν.
2614 2276 2632 2307 ι
2667 2243 3104 2326 Συνεισκρίνεται
3149 2253 3256 2323 γὰρ
3286 2251 3372 2304 ἐπ’
3411 2251 3611 2320 ἀμφοῖν
3635 2243 3674 2319 ἠ
3721 2249 3848 2325 exa-

2270 2351 2428 2420 τέρου
2459 2349 2674 2417 γνῶσις.
2701 2341 2909 2401 Οὐκοῦν
2937 2339 3184 2414 θεμέλιον
3207 2337 3396 2411 ὥσπερ
3427 2339 3548 2392 τινὰ
3571 2354 3846 2418 προκατα-

2271 2439 2386 2503 θεὶς
2414 2438 2727 2506 ἀναγκαίως
2775 2435 2835 2488 τὸ
2863 2432 3086 2505 ἀκριϐὲς
3117 2432 3196 2496 είς
3223 2429 3589 2501 θεογνωσίαν,
3619 2429 3714 2482 καὶ
3751 2428 3844 2482 τοῦ

2270 2531 2560 2602 νομοθέτου
2587 2530 2686 2600 τὴν
2715 2524 2920 2599 εἴδησιν
2943 2522 3352 2596 προενριζώσας
3381 2521 3582 2584 αὐτοῖς,
3603 2518 3845 2573 κάτεισιν

2237 2622 2364 2678 ἐπὶ
2398 2622 2468 2676 τὰ
2503 2619 2851 2692 ἀνθρώπινα,
2911 2618 3006 2671 καὶ
3045 2617 3112 2687 τῇ
3156 2617 3235 2678 είς
3271 2613 3404 2667 Θεὸν
3449 2611 3588 2666 αἰδοῖ
3628 2610 3844 2680 γείτονα
3913 2672 3928 2692 ν

2269 2715 2450 2785 τίθησι
2478 2713 2572 2766 καὶ
2605 2707 2960 2781 συνημμένην
2990 2706 3151 2771 εὐθὺς
3178 2706 3277 2776 τὴν
3307 2706 3384 2767 εἰς
3413 2702 3626 2774 πατέρα
3664 2719 3723 2755 τε
3750 2701 3845 2754 καὶ

2274 2805 2522 2876 μητέρα,
2556 2802 2624 2856 δι’
2673 2797 2746 2856 ὧν
2792 2802 2870 2864 εἰς
2915 2800 2974 2854 τὸ
3005 2795 3144 2852 εἷναί
3188 2809 3248 2850 τε
3279 2796 3376 2851 καὶ
3418 2795 3686 2866 ὑπάρχειν
3711 2792 3844 2854 ὅλως

2271 2895 2406 2950 Θεοῦ
2465 2891 2854 2954 κατανεύοντος
2906 2884 3318 2960 κεκομίσμεθα,
3363 2885 3619 2957 δευτέραν
3656 2884 3843 2953 ὥσπερ

2269 2985 2391 3042 τινὰ
2423 2984 2575 3052 τάξιν
2611 2985 2850 3056 ἐχόντων,
2873 2981 2968 3036 τοῦ
2998 2976 3368 3052 Δημιουργοῦ·
3397 2977 3564 3042 θείοις
3599 2977 3697 3047 μὲν
3736 2976 3844 3046 γὰρ

2269 3077 2501 3150 νεύμασι
2527 3075 2625 3130 καὶ
2651 3071 3016 3142 αὐτοδιδάκτῳ
3038 3072 3200 3144 τέχνη
3224 3068 3561 3134 ζωοπλαστεῖ
3585 3066 3646 3121 τὺ
3669 3065 3844 3119 τικτό·

2276 3183 2435 3241 μενον
2477 3167 2512 3236 ἡ
2565 3162 2726 3234 φύσις
2771 3164 2830 3217 ὲν
2868 3161 3068 3234 ὲαυτῇο
3117 3157 3514 3230 δημιουργικὴν
3556 3155 3613 3209 δὲ
3655 3154 3861 3226 ὥσπερ.

595 3263 712 3311 arte
728 3271 836 3310 non
857 3254 926 3310 ab
947 3256 1057 3310 alio
1075 3256 1296 3320 tradita,
1321 3255 1418 3312 sed
1446 3264 1641 3326 sponte
1663 3264 1944 3328 percepta,
1969 3267 2166 3316 natura

2268 3255 2667 3311 ὑππλάττεται
2689 3253 2846 3319 δόξαν
2867 3269 2880 3283 ·
2905 3253 2997 3306 καὶ
3024 3249 3214 3322 ὥσπερ
3242 3249 3270 3302 ό
3299 3247 3432 3309 Θεὺς
3457 3245 3674 3301 πάντων
3696 3245 3843 3298 ἐστὶν

594 3345 651 3400 id
673 3346 820 3416 quod
847 3346 1107 3418 gignitur,
1135 3347 1191 3400 in
1217 3362 1274 3400 se
1296 3347 1413 3416 ipsa
1435 3347 1502 3401 ad
1542 3348 1711 3402 vitam
1733 3347 1958 3420 effingit,
2002 3359 2166 3420 atque

592 3435 817 3504 Opiﬂcis
840 3437 1067 3506 gloriam
1095 3437 1344 3491 imitatur
1369 3455 1381 3490 :
1409 3453 1534 3492 nam
1562 3439 1784 3493 utDeus
1815 3456 1922 3510 qua
1951 3446 2166 3498 ratione

595 3523 822 3579 effector
861 3533 946 3579 est
985 3532 1042 3579 et
1086 3525 1373 3594 conditor,
1421 3527 1680 3585 omnibus
1725 3529 1942 3585 initium
1985 3540 2070 3588 est
2112 3541 2169 3589 et

593 3613 782 3684 origo;
829 3613 906 3669 sic
950 3615 1184 3685 quisque
1229 3616 1394 3672 etiam
1439 3633 1640 3688 parens
1686 3635 1754 3676 ex
1800 3637 1860 3677 se
1903 3629 2032 3678 nato
2055 3621 2168 3679 filio

591 3704 748 3774 quasi
773 3705 925 3761 radix
948 3707 1195 3777 quaedam
1219 3717 1304 3764 est
1329 3712 1748 3780 procreationis,
1775 3723 1831 3768 et
1877 3715 2000 3770 fons
2019 3714 2168 3772 unde

593 3795 963 3865 progreditur,
994 3805 1055 3852 ut
1078 3799 1168 3853 sit.
1196 3799 1368 3869 Igitur
1389 3801 1481 3856 illa
1502 3802 1675 3872 patris
1701 3817 1764 3858 ac
1809 3804 2000 3858 matris
2033 3804 2167 3860 sub-

593 3885 944 3952 ministratio,
972 3904 1135 3958 quam
1158 3889 1405 3958 praebent
1426 3891 1494 3946 ad
1517 3894 1763 3947 omnium
1787 3894 1879 3963 qui
1923 3895 1978 3948 in
2003 3895 2169 3951 terris

593 3984 722 4029 sunt
745 3976 1028 4032 hominum
1051 3980 1512 4046 procreationem,
1564 3982 1714 4038 illius
1734 3985 1981 4038 omnium
2005 3984 2166 4055 opiﬂ~

592 4066 674 4120 cis
719 4066 950 4138 ﬁguram
994 4069 1202 4124 refert:
1251 4080 1416 4141 atque
1439 4071 1510 4127 ob
1542 4073 1664 4128 eam
1691 4089 1911 4129 causam
1935 4075 2003 4130 iis
2030 4090 2169 4146 prae-

592 4157 935 4222 stantiorem,
963 4174 1127 4228 quam
1151 4162 1362 4217 caeteris
1383 4162 1719 4229 hominibus,
1765 4164 2031 4220 honorem
2074 4167 2170 4222 de-

590 4243 724 4302 ferri
752 4246 839 4300 lex
857 4247 1043 4316 jussit,
1073 4263 1251 4319 neque
1274 4265 1306 4304 a
1327 4250 1568 4320 praemiis
1587 4237 1884 4307 excludens
1905 4266 2021 4320 eos,
2071 4256 2165 4324 qui

590 4333 860 4394 honorem
887 4337 997 4393 illis
1017 4339 1418 4409 impenderent,
1444 4356 1626 4411 neque
1642 4357 1740 4398 eos
1760 4343 2024 4411 vicissim,
2071 4345 2165 4415 qui

593 4426 646 4492 id
670 4425 850 4483 facere
883 4430 1112 4495 nollent,
1137 4445 1168 4485 a
1210 4432 1480 4502 supplicio
1520 4433 1765 4490 liberans
1803 4449 1972 4490 :nm
2015 4437 2166 4507 inge-

589 4534 760 4585 nuum
773 4521 1034 4592 piumque
1051 4523 1295 4578 animum
1319 4524 1620 4580 honoribus
1640 4533 1798 4581 ornat
1820 4566 1834 4592 ,
1863 4541 1991 4582 eum
2006 4543 2160 4594 vero,

589 4613 682 4681 qui
734 4613 895 4668 aliter
941 4615 1013 4669 sit
1056 4616 1305 4681 affectus,
1353 4618 1691 4688 gravissimis
1730 4619 1888 4675 malis
1919 4629 2155 4675 onerat:

596 4721 616 4752 ι
653 4703 870 4758 Honora
895 4706 1064 4768 enim,
1091 4707 1290 4776 inquit,
1316 4717 1528 4777 patrem
1556 4718 1731 4775 tuum,
1765 4718 1824 4764 ut
1869 4711 2012 4766 bene
2057 4712 2159 4767 tibi

591 4791 692 4856 sit,
720 4804 776 4849 et
810 4796 886 4849 sis
920 4797 1198 4866 longaevus
1233 4815 1400 4869 super
1443 4810 1643 4856 terram
1668 4804 1730 4856 ".
1757 4820 1774 4853 ι
1807 4803 1971 4874 236
1989 4803 2161 4874 Igitur

591 4898 716 4936 cum
740 4885 826 4949 iis,
864 4886 956 4955 qui
981 4897 1236 4954 parentes
1285 4891 1638 4957 honorarent,
1665 4893 1835 4947 vitam
1861 4909 1932 4963 ac
1949 4902 2160 4964 tempo-

591 4971 672 5026 ris
726 4972 1182 5042 diuturnitatem,
1226 4982 1385 5048 quasi
1434 4985 1721 5052 praemium
1788 4985 2064 5054 quoddam
2107 4994 2166 5041 et

590 5079 792 5120 munus
815 5069 1174 5138 praecipuum,
1202 5071 1288 5125 lex
1314 5075 1724 5141 constituisset,
1753 5085 1986 5132 mortem
2026 5092 2161 5134 vero

588 5158 844 5227 superbis
879 5166 935 5214 et
980 5160 1260 5231 injuriosis
1304 5168 1700 5234 proposuisset,
1754 5178 1962 5224 metum
1991 5169 2163 5225 veluti

587 5248 938 5320 padagogum
981 5253 1273 5321 quemdam
1298 5255 1539 5323 apponit,
1565 5255 1657 5323 qui
1710 5271 1812 5310 nos
1847 5257 1913 5313 ad
1951 5267 2162 5314 rectum

588 5339 694 5394 iter
717 5343 910 5397 timore
935 5344 1205 5399 traducat.
1232 5346 1378 5400 Dixit
1402 5346 1549 5400 enim
1577 5362 1808 5402 rursus:
1842 5368 1862 5400 ι
1905 5349 2009 5416 Qui
2033 5367 2162 5420 per-

589 5431 726 5486 cutit
761 5443 975 5502 patrem
995 5445 1090 5491 aut
1127 5445 1356 5494 matrem
1381 5451 1556 5503 suam,
1609 5448 1786 5495 morte
1827 5442 2098 5496 moriatur
2142 5459 2156 5498 :

588 5527 645 5575 et
669 5522 761 5589 qui
786 5525 1132 5587 maledixerit
1159 5529 1300 5597 patri
1323 5529 1408 5583 vel
1434 5530 1598 5586 matri
1637 5546 1768 5598 suae,
1817 5541 1994 5588 morte
2038 5549 2157 5590 mo-

589 5611 764 5666 riatur
790 5614 850 5667 ⁸⁸.
886 5633 905 5664 ι
936 5615 1073 5670 Vide
1117 5617 1281 5687 igitur
1314 5622 1772 5689 quemadmodum
1800 5637 1962 5676 omne
1985 5637 2158 5692 genus

2194 4580 2242 4640 D

2265 3349 2408 3422 ἀρχὴ
2447 3347 2542 3402 καὶ.
2601 3346 2831 3416 γένεσις,
2867 3343 3000 3406 καθὸ
3045 3341 3282 3414 Πσιητὴς
3337 3340 3433 3394 καὶ
3479 3336 3840 3409 Δημιουργὸς,

2265 3443 2406 3497 οὓτω
2437 3442 2530 3496 καὶ
2557 3438 2783 3500 ἕκαστος
2811 3435 2923 3492 τῶν
2957 3436 3036 3497 είς
3060 3433 3254 3504 γονέας
3278 3433 3638 3487 τετελεκότων
3678 3429 3755 3501 τῷ
3784 3429 3848 3494 ἐξ

2265 3532 2430 3586 αὐτοῦ
2463 3530 2618 3601 φύντι
2651 3529 2826 3600 τέκνῳ
2869 3525 2994 3600 ῥίζα
3037 3543 3122 3590 τις
3159 3524 3350 3595 ὥσπερ
3382 3521 3500 3577 ἐστὶ
3540 3523 3840 3590 γενέσεως,

2267 3625 2364 3679 καὶ
2404 3623 2502 3694 τῆς
2545 3623 2625 3687 είς
2659 3622 2719 3675 τὸ
2769 3617 2908 3675 εἶναι
2945 3617 3184 3691 παρόδου
3241 3615 3419 3688 πηγή.
3452 3615 3547 3678 Είς
3577 3616 3746 3667 τύπον
3777 3611 3841 3685 δὴ

2267 3712 2360 3771 οῦν
2386 3715 2480 3769 τοῦ
2515 3713 2730 3768 πάντων
2772 3708 3139 3784 δημιουργοῦ,
3181 3706 3215 3779 ὴ
3251 3708 3455 3780 πατρὸς
3499 3707 3594 3760 καὶ
3638 3704 3841 3776 μητρὸς

2269 3807 2543 3880 ὑπουργία
2574 3805 2708 3877 πρὸς
2749 3803 3002 3874 ὓπαρξιν,
3036 3803 3116 3864 εἰς
3162 3800 3412 3862 ἅπαντας
3447 3797 3574 3860 τοὺς
3614 3796 3709 3848 ἐπὶ
3742 3795 3842 3864 τῆς

2267 3898 2390 3970 γῆς.
2447 3897 2733 3966 Τοιγάρτοι
2773 3894 2882 3948 τῶν
2920 3891 3094 3948 ἄλλων
3138 3887 3582 3960 προφερεστέραν
3621 3885 3722 3956 τὴν
3764 3884 3843 3946 είς

2268 3990 2464 4053 αὐτοὺς
2496 3986 2765 4040 ποιεῖσθαι
2820 3985 2986 4056 τιμὴν
3030 3984 3058 4038 ὁ
3100 3983 3264 4052 νόμος
3295 3977 3682 4051 προστέταχεν,
3716 3975 3839 4029 οὕτε

2269 4078 2448 4150 γερῶν
2470 4077 2785 4148 ἀποστήσας
2806 4076 2932 4138 τοὺς
2957 4071 3266 4144 ᾑρημένους
3290 4069 3478 4141 τιμᾷν,
3500 4067 3623 4121 οὔτε
3647 4065 3839 4136 ποινῆς

2266 4171 2621 4225 ἀπαλλάττων
2657 4169 2782 4230 τοὺς
2820 4165 2979 4218 τοῦτο
3009 4163 3141 4235 δρᾷν
3174 4163 3277 4216 οὐκ
3316 4157 3678 4230 ἀνεχομένους
3698 4173 3712 4187 ·
3741 4157 3853 4224 τὴν.

2271 4261 2369 4332 μὲν
2393 4260 2499 4333 γὰρ
2525 4257 2718 4329 εὐγενῆ
2747 4259 2841 4312 καὶ
2871 4256 3023 4311 ὁσίαν
3057 4255 3284 4325 γνώμην
3319 4253 3509 4324 τιμαῖς
3538 4249 3797 4316 στεφανοῖ
3819 4261 3836 4276 ·

2266 4353 2364 4422 τὴν
2407 4352 2464 4406 δὲ
2501 4351 2598 4421 οὐχ
2637 4349 2810 4413 οὕτως
2840 4349 3088 4421 ἔχουσαν,
3131 4348 3243 4409 τοῖς
3272 4346 3353 4408 είς
3379 4343 3532 4413 λῆξιν
3560 4356 3841 4408 καταφορ-

2265 4443 2402 4508 τίζει
2425 4445 2631 4506 κακοῖς·
2654 4457 2673 4495 ι
2696 4439 2842 4512 Τίμα
2867 4459 2885 4492 ι
2903 4441 3028 4511 γὰρ,
3054 4437 3205 4509 φησι,
3223 4456 3242 4489 ι
3268 4437 3360 4490 τὸν
3378 4435 3588 4504 πατέρα
3617 4446 3731 4494 σου,
3751 4429 3840 4483 ἵνα

2267 4529 2326 4589 εὗ
2356 4553 2438 4589 σοι
2463 4535 2708 4604 γένηται,
2735 4533 2830 4588 καὶ
2859 4533 2955 4604 ἔσῃ
2987 4529 3378 4602 μακροχρόνιος
3406 4527 3499 4581 ἐπὶ
3526 4526 3624 4596 τῆς
3646 4523 3773 4593 γῆς.
3813 4539 3841 4574 ι

2267 4626 2475 4681 Οὐκοῦν
2509 4622 2670 4680 ἆθλον
2705 4627 2801 4696 μὲν
2829 4625 3015 4694 ὥσπερ
3045 4641 3098 4677 τι
3130 4621 3225 4675 καὶ
3257 4620 3426 4691 γέρας
3453 4617 3730 4687 ἐξαίρετον
3759 4616 3840 4677 είς

2268 4718 2433 4788 ζωὴν,
2457 4716 2628 4771 καὶτὸ
2649 4715 2742 4768 ἐπὶ
2773 4715 3034 4786 μήκιστον
3062 4713 3198 4766 ἰέναι
3218 4710 3431 4781 χρόνον,
3457 4711 3570 4772 τοῖς
3595 4703 3837 4760 ἐθέλουσι

2266 4809 2430 4880 τιμᾷν
2448 4849 2461 4872 ,
2494 4807 2722 4860 θάνατον
2749 4805 2805 4859 δὲ
2836 4807 2949 4868 τοῖς
2973 4803 3198 4868 ἀλαζόσι
3227 4802 3323 4857 καὶ
3352 4796 3634 4871 ὑϐρισταῖς
3663 4799 3834 4868 ἔπαρ-

2264 4901 2434 4972 τήσας
2454 4901 2482 4954 ό
2498 4900 2681 4970 νόμος,
2706 4895 3048 4966 παιδαγωγὸν
3071 4895 3259 4965 ὥσπερ
3283 4892 3408 4947 τινὰ
3434 4887 3838 4963 μετασοσοῦντα

2267 4993 2402 5063 πρὸς
2431 4992 2492 5044 τὸ
2517 4991 2646 5045 εὐθὺ
2685 4988 2774 5043 τὸν
2805 4988 2967 5058 φόϐον
3007 4989 3309 5058 ἐφίστησιν.
3343 4984 3490 5055 Ἔφη
3520 4982 3629 5053 γὰρ
3655 4979 3834 5034 πάλιν·

2272 5103 2290 5137 ι
2333 5084 2429 5146 ’ος
2464 5083 2655 5136 τύπτει
2695 5081 2965 5150 πατέραῆ
3006 5079 3219 5150 μητέρα
3264 5075 3430 5131 αὐτοῦ
3457 5115 3470 5137 ,
3517 5069 3735 5142 θανάτῳ
3757 5085 3837 5122 τε·

2264 5173 2532 5228 λευτάτιπν
2563 5174 2657 5226 καὶ
2687 5174 2714 5225 ό
2743 5169 3054 5238 κακολογῶν
3091 5169 3301 5239 πατέρα,
3339 5164 3504 5219 αὑτοῦ
3539 5165 3573 5234 ἢ
3603 5162 3834 5234 μητέρα,

2264 5265 2573 5336 τελευτήσει
2610 5263 2842 5334 θανάτῳ.
2891 5280 2909 5314 ›
2959 5259 3150 5332 Ἀθρει
3181 5259 3245 5330 δὴ
3287 5250 3380 5313 οῦν
3408 5259 3490 5312 ὅτι
3523 5254 3702 5308 πάντα
3739 5251 3844 5322 μὲν.

2265 5354 2356 5408 τὴν
2383 5353 2585 5426 τρόπον
2611 5351 2713 5422 τῆς
2739 5353 2818 5414 είς
2849 5350 3045 5413 αὐτοὺς
3082 5347 3354 5420 ἁμαρτίας
3395 5347 3452 5399 ἐν
3483 5345 3583 5414 ἴσῳ
3618 5339 3837 5404 κολάζει
3875 5374 3882 5388 .

2270 5443 2470 5512 μέτρῳ,
2498 5441 2668 5512 ἀγχοῦ
2690 5439 2747 5494 δὲ
2787 5439 2850 5512 δὴ
2878 5438 3040 5494 πάλιν
3068 5440 3179 5503 τοῖς
3210 5435 3337 5507 περὶ
3365 5431 3500 5489 Θεοῦ
3539 5431 3609 5486 τά
3633 5429 3842 5499 γονέων-

2263 5533 2449 5587 δίκαια
2474 5533 2638 5597 τιθεὶς
2665 5533 2856 5602 ὁρᾶται
2879 5529 3083 5599 σαφῶς.
3107 5530 3320 5599 Ὥσπερ
3341 5526 3449 5598 γὰρ
3469 5522 3562 5578 ἐπὶ
3585 5520 3748 5584 Θεοῦ,
3773 5517 3836 5571 τὺ

2265 5622 2509 5694 γλώττης
2541 5622 2918 5694 πλημμέλημα
2943 5620 3170 5692 τιμᾶται
3203 5617 3419 5688 θανάτῳ
3467 5614 3560 5668 καὶ
3603 5613 3727 5671 ταίς
3755 5609 3834 5671 είς

695 5727 738 5802 _"
773 5728 930 5802 Deut.
965 5731 1116 5802 vus.
1198 5732 1240 5764 ³³
1262 5733 1419 5788 Deut.
1449 5752 1520 5800 ιγ,
1551 5738 1636 5792 55.
1714 5737 1756 5769 "
1788 5737 1945 5791 Deut.
1976 5754 2028 5802 ν,
2067 5737 2150 5792 12·

2268 5739 2464 5795 ’Joan.
2502 5757 2626 5802 xm,
2657 5739 2710 5794 '5.
2777 5739 2818 5770 ¹⁶
2848 5738 3002 5794 Joan.
3029 5751 3138 5802 xxv,
3164 5735 3245 5787 I7.
3322 5733 3362 5764 "
3391 5727 3563 5787 Exod.
3595 5739 3699 5792 xx,
3743 5722 3829 5780 12.

593 5799 635 5830 ’⁸
657 5798 830 5858 Exod.
860 5815 968 5868 xxi,
995 5799 1075 5854 I5.
