4138 6300
365 392 472 451 5m

1082 395 1171 449 DE
1209 394 1648 453 ADORATIONE
1688 397 1755 453 IN
1796 398 2064 456 SPlRlTU
2105 403 2195 458 ET
2235 404 2606 462 VERITATE.
2647 408 2775 463 LIB.
2817 408 2927 466 VII.

3517 416 3620 472 510

365 515 534 585 ἀκρον
559 512 770 583 ὀργαῖς,
789 511 931 566 οὕτω
956 514 1052 566 καὶ
1078 513 1164 567 ἐπ’
1179 514 1358 570 αὐτῶν
1383 517 1492 570 τῶν
1513 518 1916 589 γεγεννηκότων

2010 523 2277 592 peccati,
2317 525 2372 579 in
2419 525 2544 582 illos
2586 526 2832 591 admissi,
2886 527 3082 597 aequali
3106 544 3360 584 mensura
3405 532 3614 602 puniat.

362 603 456 657 acati
494 602 594 672 τὴν
640 601 794 656 θείαν
826 603 927 673 μέν
962 620 1047 668 τις
1085 604 1358 675 ἀθετήσας
1389 606 1645 677 ἐντολὴν,
1695 609 1788 662 καὶ
1820 612 1940 674 ταῖς

361 693 708 763 παραϐάσεσι
749 694 1086 749 καταλυπεῖν
1114 697 1390 768 ᾑρημένος
1435 699 1525 752 τὸν
1560 699 1936 768 παιδαγωγὸν,

360 786 531 859 χωρὶς
584 786 887 858 οἰκτιρμῶν
942 787 1299 859 ἀποθνήσκει.
1348 788 1558 859 Πατρὸς
1595 789 1653 842 δὲ
1690 789 1857 860 τυχὸν
1901 789 1935 861 ἢ

330 875 571 954 ,μητρὸς
612 875 908 950 ὑποθηκῶν
944 877 1249 951 ἀλογήσας,
1297 877 1635 943 λιθόλευστος
1676 879 1933 951 τελευτᾷ,

333 968 523 1038 ,νόμου
570 966 665 1029 τοῦ
702 966 846 1020 θείου
888 968 982 1022 καὶ
1024 969 1144 1024 τόδε
1195 970 1649 1042 προστεταχότος.
1689 970 1836 1041 Ἔφη
1874 969 1935 1023 δὲ

354 1059 526 1124 οὕτως
563 1060 623 1113 ἐν
651 1057 729 1130 τῷ
768 1061 1209 1132 Δευτερονομίῳο
1271 1080 1291 1115 ι
1336 1062 1463 1117 Ἐὰν
1496 1063 1555 1119 δέ
1593 1079 1698 1123 τινι
1734 1059 1777 1136 ᾖ
1818 1061 1935 1127 υἱὸς

350 1150 589 1222 ἀπειθὴς
622 1150 719 1204 καὶ
741 1150 1048 1221 ὲρεθιστὴς,
1065 1152 1169 1223 οὐχ
1196 1152 1489 1207 ὑπακούων
1510 1152 1696 1224 φωνῆς
1725 1152 1933 1221 πατρὸς

353 1241 519 1299 αὐτοῦ
548 1244 642 1297 καὶ
665 1241 853 1313 φωνῆς
881 1243 1111 1315 μητρὸς,
1134 1244 1228 1299 καὶ⁸
1249 1245 1614 1300 παιδεύσωσιν
1637 1245 1821 1311 αὐτὺν,
1838 1244 1932 1301 καὶ

355 1333 429 1406 μὴ
465 1333 760 1406 εἰσακούσῃ
792 1333 1004 1395 αὐτῶν·
1041 1334 1136 1393 καὶ
1164 1333 1518 1398 συλλαϐόντες
1554 1335 1717 1389 αὑτὸν
1748 1336 1778 1389 ό
1826 1353 1931 1390 πα-

349 1423 454 1494 τὴρ
478 1423 647 1477 αὐτοῦ
680 1423 831 1495 καὶὴ
868 1425 1051 1495 μήτηρ
1089 1423 1277 1490 αὐτοῦ,
1318 1424 1600 1492 ἐξάξουσιν
1639 1426 1800 1483 αὐτὸν
1834 1427 1931 1481 ἐπὶ

2038 613 2111 670 lis
2127 614 2314 681 etiam,
2347 632 2469 687 quae
2491 617 2560 672 de
2583 618 2696 673 Deo
2740 627 3012 689 praecepta
3064 631 3214 683 sunt,
3257 637 3321 676 ea
3368 625 3616 693 proxime

2039 704 2296 775 conjungi
2341 709 2695 778 perspicuum
2727 718 2831 774 est,
2873 726 2995 779 quae
3046 710 3115 765 ad
3150 725 3441 780 parentum
3491 716 3614 785 jura

2036 795 2338 865 pertinent.
2364 796 2433 852 Ut
2452 798 2624 862 enim,
2661 798 2705 853 si
2734 798 2867 868 quid
2906 800 2961 853 in
3002 800 3173 855 Deum
3215 801 3401 872 lingua
3423 819 3617 873 pecca-

2036 889 2153 936 tum
2174 882 2265 950 sit,
2293 892 2470 940 morte
2487 894 2845 957 extremoque
2880 889 3154 958 supplicio
3190 891 3489 956 multatur,
3535 894 3614 947 si-

2033 974 2242 1030 militer
2268 975 2314 1030 si
2332 976 2467 1048 quid
2491 976 2549 1031 in
2572 993 2669 1033 eos
2692 993 2913 1048 quoque
2938 980 3009 1034 sit
3037 979 3340 1035 admissum
3384 983 3477 1052 qui
3523 997 3616 1051 ge-

2032 1074 2279 1120 nuerunt
2331 1083 2345 1120 :
2407 1083 2472 1123 ac
2508 1067 2755 1123 divinum
2805 1078 2959 1124 certe
2999 1070 3317 1124 mandatum
3364 1071 3614 1140 quisquis

2032 1153 2250 1215 irritum
2273 1156 2489 1225 fecerit,
2514 1165 2573 1214 et
2595 1160 2715 1231 ejus
2733 1159 3030 1215 violatione
3044 1160 3401 1232 paedagogum
3422 1162 3613 1216 volens

2030 1244 2344 1313 oﬂ'enderit,
2374 1248 2493 1303 sine
2519 1249 2630 1303 ulla
2652 1249 3006 1306 miseratione
3039 1251 3327 1307 occiditur.
3353 1250 3612 1322 Quisquis

2026 1333 2164 1390 item
2186 1337 2359 1415 patris
2384 1339 2644 1396 matrisve
2667 1340 2874 1395 monita
2896 1341 3307 1412 contempserit,
3332 1341 3610 1412 lapidibus

2030 1426 2262 1487 obrutus
2283 1439 2533 1499 necatur,
2579 1447 2706 1488 cum
2732 1432 2839 1488 hoc
2860 1432 3006 1487 idem
3035 1432 3222 1489 divina
3247 1434 3336 1488 lex
3355 1434 3603 1505 jusserit.

351 1510 446 1581 τὴν
475 1513 769 1583 γερουσίαν
794 1514 893 1583 τῆς
928 1513 1138 1579 πόλεως
1162 1515 1353 1581 αὑτοῦ,
1385 1517 1481 1570 καὶ
1504 1516 1604 1570 ἐπὶ
1629 1516 1727 1588 τὴν
1752 1517 1920 1590 πύλην

2028 1517 2176 1573 Dixit
2224 1529 2410 1577 autem
2444 1521 2512 1577 ad
2552 1522 2702 1581 hunc
2743 1522 2968 1577 modum
3010 1523 3068 1577 in
3130 1522 3603 1579 Deuteronomio:

346 1601 440 1657 τοῦ
469 1603 637 1658 τόπου
665 1604 850 1670 αὐτοῦ,
875 1604 970 1659 καὶ
998 1603 1181 1676 ἐροῦσι
1206 1608 1324 1671 τοῖς
1348 1606 1578 1678 ἀνδράσι
1600 1608 1698 1679 τῆς
1719 1608 1920 1673 πόλεως

2036 1627 2055 1660 ι
2089 1608 2145 1664 Si
2168 1618 2353 1667 autem
2376 1612 2615 1682 cuipiam
2636 1612 2803 1669 fuerit
2826 1612 2971 1667 ﬁlius
2993 1620 3287 1668 contumax
3329 1621 3385 1668 et
3422 1614 3607 1670 irrita-

344 1693 509 1751 αὐτοῦ
536 1695 808 1764 λέγοντες,
839 1696 924 1751 ὅτι
966 1697 1024 1749 '0
1052 1696 1168 1765 υἱὸς
1196 1698 1355 1771 ἡμῶν
1376 1691 1536 1763 οὗτος
1560 1699 1796 1765 ἀπειθεῖ,
1829 1702 1920 1755 καὶ

2028 1703 2133 1764 tor,
2161 1698 2256 1769 qui
2285 1714 2396 1754 non
2419 1699 2642 1755 obediat
2663 1701 2784 1757 voci
2809 1701 2982 1770 patris
3024 1699 3132 1766 sui,
3156 1706 3215 1755 et
3250 1700 3372 1753 voci
3415 1700 3606 1755 matris

343 1783 601 1853 ὲρεθίζει,
632 1788 727 1841 καὶ
751 1788 852 1841 οὐκ
876 1787 1152 1845 εἰσακούει
1191 1789 1293 1860 τῆς
1324 1790 1510 1863 φωνῆς
1553 1790 1749 1867 ἡμῶν,
1782 1808 1920 1862 συμ-

2026 1802 2161 1852 suaa,
2198 1797 2256 1845 et
2298 1790 2669 1860 corripuerint
2722 1806 2885 1855 eum,
2931 1796 2989 1844 et
3046 1804 3157 1843 non
3200 1788 3439 1843 audierit
3485 1805 3601 1854 eos,

342 1876 653 1933 ϐολοκοπῶν
700 1879 1041 1950 οἱνοφλυγεῖ⁸
1079 1882 1173 1937 καὶ
1203 1860 1647 1954 λιθοϐολήσονσιν
1683 1860 1916 1940 αὐτὸνθί

2022 1880 2496 1955 comprehendent
2539 1896 2668 1936 eum
2715 1888 2871 1951 pater
2920 1895 3055 1937 suus
3099 1888 3155 1935 et
3183 1887 3358 1934 mater
3402 1895 3521 1945 sua,
3547 1887 3605 1935 et

339 1969 533 2042 ἄνδρες
576 1971 675 2041 τῆς
715 1970 924 2035 πόλεως
961 1972 1130 2027 αὐτοῦ
1170 1972 1371 2038 λίθοις,
1410 1975 1505 2028 καὶ
1542 1975 1912 2031 ἀποθανεῖται.

2021 1972 2225 2037 ducent
2246 1989 2374 2030 eum
2397 1972 2467 2029 ad
2490 1981 2743 2030 senatum
2777 1972 2950 2043 ipsius
2970 1973 3230 2037 civitatis,
3266 1982 3325 2026 et
3366 1972 3433 2027 ad
3478 1987 3605 2041 por-

337 2062 448 2117 Καὶ
486 2062 729 2134 ὲξαρεῖτε
773 2064 865 2117 τὸν
910 2064 1147 2135 πονηρὸν
1189 2065 1248 2131 ἐξ
1293 2065 1447 2136 ὑμῶν
1486 2066 1697 2131 αὐτῶν,
1733 2067 1827 2125 καὶ
1865 2067 1914 2120 οἰ

2021 2071 2134 2126 tam
2157 2065 2265 2120 loci
2298 2064 2447 2120 illius
2470 2105 2484 2129 ,
2518 2073 2575 2121 et
2598 2064 2785 2120 dicent
2805 2065 3123 2123 hominibus
3147 2065 3386 2120 civitatis
3414 2063 3598 2117 illius:

335 2151 602 2210 ἐπίλοιποι
631 2150 966 2216 ἀκούσαντες
997 2152 1420 2225 φοϐηθήσονταιο
1461 2173 1480 2207 ι
1512 2150 1663 2227 *Αρά
1689 2172 1771 2208 σοι
1805 2154 1915 2208 λοι-

2021 2158 2195 2215 Filius
2246 2166 2438 2213 noster
2462 2158 2555 2212 hic
2595 2158 2923 2214 inobe'diens
2966 2165 3052 2213 est
3074 2158 3350 2222 etirritat,
3410 2165 3466 2211 et
3490 2170 3601 2210 non

334 2240 435 2294 πὺν
478 2239 772 2305 ἐνδοιάζειν
816 2241 896 2295 ἔτι
946 2242 1038 2295 καὶ
1076 2241 1219 2313 μετὰ
1262 2242 1422 2297 τοῦτο
1460 2242 1647 2314 θέμις,
1683 2244 1759 2307 ὡς
1806 2240 1914 2298 εἶσι

2019 2246 2175 2301 audit
2195 2261 2387 2301 vocem
2430 2254 2700 2311 nostram,
2745 2245 3239 2302 comessationibus
3268 2254 3324 2301 et
3362 2246 3603 2301 ebrieta-

333 2330 453 2387 κατ’
495 2329 640 2401 ἴχνος
665 2333 765 2403 τῆς
800 2332 896 2387 τοῦ
924 2331 1059 2387 Θεοῦ
1086 2334 1253 2405 τιμῆς
1278 2334 1312 2403 ή
1345 2334 1426 2398 εἰς
1462 2334 1679 2406 πατέρα
1715 2351 1776 2388 τε
1819 2335 1913 2394 καὶ

2019 2336 2169 2391 tibus
2189 2342 2378 2390 vacat:
2407 2342 2464 2391 et
2486 2335 2808 2405 lapidabunt
2851 2352 2978 2391 eum
3027 2337 3132 2391 viri
3165 2336 3407 2395 civitatis
3452 2335 3599 2390 illius

330 2422 548 2493 μητέρα
562 2440 578 2491 ;
2016 2426 2328 2498 lapidibus;
2353 2433 2410 2481 et
2434 2427 2723 2494 morietur,
2748 2434 2805 2482 et
2827 2427 3089 2482 auferetis
3112 2427 3315 2487 malum
3338 2443 3407 2483 ex
3440 2426 3599 2482 vobis

331 2516 500 2588 ipsis;
524 2526 579 2574 et
605 2520 787 2575 caeteri
808 2520 1098 2580 audientes
1120 2523 1394 2585 timebunt
1419 2524 1483 2581 ¹⁹.
1516 2543 1535 2576 ι
1572 2524 1716 2583 Num
1740 2522 1965 2579 tandem
1998 2521 2231 2601 posthac
2254 2520 2340 2583 fas
2388 2529 2474 2577 est
2492 2521 2795 2595 ambigere,
2828 2521 2963 2594 quin
2985 2522 3131 2595 patri
3156 2537 3221 2578 ac
3235 2521 3400 2582 matri
3422 2522 3599 2581 honos

326 2607 549 2666 habitus
578 2613 825 2683 proxime
847 2612 915 2669 ad
935 2628 1082 2675 eum,
1108 2614 1204 2686 qui
1232 2616 1345 2671 Deo
1370 2616 1653 2682 tribuitur,
1676 2614 1939 2675 ποώδη

394 2704 609 2761 ΠΑΛΛ.
642 2707 925 2777 Οὐδαμῶς.
963 2708 1303 2765 Ἐκδυσωπεῖ
1327 2711 1613 2783 γὰριήμᾶς
1641 2712 1719 2775 εἰς
1753 2725 1815 2780 γε
1842 2709 1907 2765 τὸ

254 2812 261 2819 ’
326 2797 522 2867 χρῆναι
552 2798 738 2869 τιμᾷν,
762 2800 856 2853 κα)⁵
884 2800 946 2854 τὸ
997 2801 1103 2854 ὑπό
1138 2819 1232 2855 του
1261 2803 1337 2872 (1)
1365 2802 1545 2872 σοφῶς
1575 2801 1898 2873 εἰρημένον*

329 2906 349 2940 ι
386 2887 695 2962 Μνήσθητι,
729 2891 811 2954 ὅτι
839 2892 909 2953 δι’
936 2893 1117 2947 αὐτῶν
1158 2895 1477 2967 ἐγεννήθης.
1526 2913 1547 2947 ι
1592 2895 1701 2971 Kal
1741 2892 1847 2967 μὴν
1874 2893 1907 2946 ό

2010 2906 2037 2951 a
2065 2889 2305 2961 quodam
2325 2889 2603 2959 sapienter
2634 2896 2720 2946 est
2748 2888 2959 2944 dictum
2985 2906 2999 2946 ι
3033 2908 3052 2940 ι
3084 2888 3399 2944 Recordare
3444 2888 3594 2958 quod

322 2982 670 3053 πατριάρχης
717 2983 915 3037 Ἰακὼὸ
945 2987 1334 3047 ἐπιεικέστατα
1375 2985 1581 3058 λέγων’
1633 3004 1653 3040 ι
1690 2983 1758 3047 Et
1780 2983 1908 3063 μὴὸ

2010 2997 2101 3054 per
2128 2997 2229 3038 eos
2259 2982 2475 3052 genitus
2496 2996 2557 3036 es
2596 2981 2670 3046 ²⁸;
2705 3000 2722 3032 ι
2764 2980 2937 3037 Iacob
2983 2995 3203 3055 quoque
3246 2979 3590 3051 patriarcha,

2081 2704 2279 2763 PALL.
2309 2704 2531 2761 Minime
2555 2704 2818 2761 dubium:
2848 2713 2908 2760 ut
2931 2705 3079 2759 enim
3112 2720 3208 2761 eos
3230 2705 3443 2760 honore
3472 2720 3599 2777 pro-

2002 2797 2314 2869 sequendos
2359 2805 2637 2869 putemus,
2681 2796 2817 2853 illud
2848 2812 3068 2867 quoque
3102 2796 3416 2866 persuadet,
3447 2797 3595 2877 quod

321 3072 488 3138 φόϐος
524 3074 705 3132 Ἰσαὰκ
730 3075 826 3129 τοῦ
856 3078 1063 3149 πατρὸς
1088 3074 1156 3150 ἦν
1186 3096 1295 3150 μοι.
1337 3097 1357 3133 ι

390 3271 557 3329 ΚΥΡ.
593 3266 703 3344 ’Ἃρ
719 3272 733 3294 ’
757 3268 871 3338 οὗν,
902 3274 1023 3329 εἰπέ
1065 3292 1178 3346 μοι,
1204 3277 1265 3331 τὸ
1277 3275 1346 3331 δι’
1371 3275 1554 3333 αὐτῶν
1576 3274 1906 3348 γεγενῆσθαι

2003 3087 2130 3129 cum
2154 3072 2557 3128 modestissime
2580 3071 2716 3129 dicit
2748 3089 2762 3126 :
2816 3091 2834 3123 ι
2868 3071 2986 3127 Nisi
3022 3071 3186 3125 timor
3227 3070 3379 3126 Isaac
3423 3071 3595 3149 patris

2012 3163 2123 3221 mei
2150 3163 2369 3217 adesset
2391 3161 2527 3217 mihi
2552 3162 2618 3216 ἰ.
2652 3179 2671 3212 ι

2079 3252 2236 3310 CYR.
2268 3254 2368 3309 Dic
2387 3253 2556 3326 igitur
2594 3250 2733 3308 mihi
2772 3251 2879 3308 hoc
2933 3251 3113 3323 ipsum
3137 3251 3284 3322 quod
3320 3266 3422 3322 per
3470 3250 3592 3305 illos

320 3361 499 3432 λέγειν
517 3403 532 3428 ,
554 3363 653 3417 οὐκ
672 3341 860 3420 εἰκόνα
893 3364 989 3425 τοῦ
1033 3341 1378 3438 Δήμιουργοῦ
1406 3369 1501 3423 καὶ
1529 3341 1625 3423 τοθ
1657 3341 1805 3439 *πρὲις
1840 3366 1903 3420 τὸ

2010 3346 2218 3417 genitos
2240 3360 2340 3401 nos
2362 3360 2481 3401 esse
2500 3343 2711 3400 dictum
2733 3349 2838 3410 est,
2887 3359 3020 3398 num
3062 3358 3257 3414 parum
3306 3341 3590 3397 evidenter

2010 3436 2242 3458 --ΛΑ-ΔΞ..
2268 3438 2553 3458 :..-._:_-_..
2594 3450 2680 3458 ΔΑ-
2722 3434 2946 3458 n_:n-:-
2989 3441 3172 3458 5-..---
3243 3440 3293 3458 At
3328 3432 3443 3458 1.3.."
3497 3430 3588 3458 an:

316 3453 458 3512 εἴναι
498 3456 797 3522 καλοῦντος
841 3458 911 3513 τὰ
956 3459 1057 3513 οὐκ
1093 3460 1223 3515 ὄντα
1266 3460 1399 3515 ποτὲ
1428 3459 1795 3527 καταδειξειεν
1831 3459 1899 3516 ἂν

314 3548 566 3620 ἐναργῶς
592 3549 756 3614 ὄντας
784 3550 981 3615 αὐτούς
1001 3569 1017 3619 ;
1041 3552 1102 3606 τὸ
1139 3551 1195 3611 δὲ
1231 3552 1298 3623 δὴ
1345 3553 1442 3608 καὶ
1467 3552 1618 3624 φόὸῳ
1640 3551 1719 3624 τῷ
1756 3551 1900 3624 πρὸς

318 3639 476 3708 ἡμῶν
506 3640 830 3712 τετιμῆσθαι
858 3643 1110 3712 πρέπειν,
1139 3644 1201 3697 οὐ
1235 3644 1519 3717 μονονουχὶ
1542 3645 1639 3701 καὶ
1657 3647 1719 3700 ἐν
1749 3643 1898 3717 αὑτῷ

318 3729 631 3803 Δισπατικῷ
660 3731 903 3787 τέθεικεν
927 3731 1233 3805 ἀξιώματι;

388 3893 599 3948 ΠΑΛΛ.
633 3895 744 3948 Καὶ
787 3895 954 3966 μάλα.
989 3894 1278 3969 Τοιγάρτοι
1306 3895 1406 3952 καὶ
1445 3897 1718 3969 ἐπαρᾶταὶ
1755 3915 1898 3956 τισιν

317 3986 345 4038 ὁ
377 3984 807 4056 Παροιμιαστὴς,
848 3986 1054 4054 λέγων·
1097 4007 1117 4040 ι
1171 3989 1479 4061 Ὀφθαλμὸν
1510 3990 1897 4059 καταγελῶντα

318 4076 560 4148 πατρὸς,
591 4078 686 4132 καὶ
719 4078 1054 4148 ἀτιμάζοντα
1082 4081 1260 4151 γῆρας
1305 4081 1532 4153 μητρὸς,
1563 4080 1896 4151 ὲκκόψαισαν

316 4168 478 4225 αὐτὸν
525 4170 763 4240 κόρακες
805 4171 870 4225 ἐκ
914 4172 1022 4229 τῶν
1078 4173 1398 4243 φαράγγων.
1445 4192 1465 4227 ι
1518 4173 1666 4244 Πλὴν
1716 4175 1895 4229 ἐκεῖνο

316 4261 590 4328 διασάφει,
616 4262 678 4315 τὸ
704 4263 850 4324 ὅπως
875 4261 941 4314 ἂν
966 4264 1130 4318 οῐοιτό
1150 4282 1234 4328 τις
1259 4264 1511 4336 εἰρῆσθαι
1535 4266 1721 4333 σαφῶς
1745 4267 1896 4338 παρὰ

317 4353 409 4409 τοῦ
438 4354 656 4411 πάντων
699 4356 951 4426 Σωτῆρος
993 4356 1265 4428 Χριστοῦ·
1302 4376 1323 4413 ι
1382 4359 1441 4413 '0
1480 4358 1648 4427 φιλῶν
1685 4360 1897 4430 πατέρα

318 4445 351 4516 ἢ
383 4446 597 4519 μητέρα
625 4447 764 4520 ὑπὲρ
791 4449 914 4519 ἐμὲ,
945 4449 1045 4503 οὐκ
1073 4449 1188 4505 ἐστι
1218 4467 1317 4520 μου
1346 4449 1515 4515 ἄξιος.
1549 4470 1568 4502 ι
1607 4452 1897 4523 Μεμνήσο-

320 4554 415 4614 μαι
452 4539 511 4597 δὲ
553 4541 835 4599 κάκείνου·
868 4542 1082 4612 πατέρα
1118 4541 1229 4613 γὰρ
1274 4541 1499 4599 θάπτειν
1539 4543 1634 4598 καὶ
1661 4560 1895 4615 γηροκο-

321 4631 439 4700 μεῖν
474 4632 856 4704 ὲκλιπαροῦντι
901 4633 980 4706 τῷ
1015 4634 1265 4705 μαθητῇ,
1300 4633 1361 4686 τὸ
1388 4652 1408 4685 ι
1449 4632 1757 4689 Ἀκολούθει
1785 4651 1894 4704 μοι,

2002 3436 2245 3495 ostendit
2267 3438 2559 3509 imaginem
2588 3450 2684 3491 eos
2721 3434 2948 3506 Opiﬁcis
2989 3441 3198 3499 tenere,
3239 3440 3296 3488 et
3325 3432 3465 3504 ejus,
3494 3430 3592 3501 qui

2002 3537 2163 3585 vocat
2185 3529 2253 3586 ad
2277 3528 2556 3585 exsistend
2567 3544 2657 3582 um
2684 3542 2748 3583 ea
2771 3542 2894 3597 qua:
2919 3526 3049 3581 olim
3076 3540 3188 3581 non
3210 3522 3409 3579 erant?
3428 3521 3588 3592 237

1999 3624 2121 3683 Jam
2157 3638 2290 3679 vero
2316 3623 2422 3679 hoc
2469 3622 2668 3693 ipsum,
2723 3620 2871 3691 quod
2895 3627 3086 3676 nostro
3126 3632 3346 3688 quoque
3393 3616 3590 3669 timore

1999 3729 2096 3771 eos
2117 3716 2388 3770 honorare
2414 3712 2594 3778 decet,
2640 3726 2825 3767 nonne
2850 3711 2960 3767 illis
3009 3710 3183 3781 ipsam
3216 3720 3439 3779 quoque
3476 3705 3588 3759 Do-

2000 3806 2138 3866 mini
2161 3806 2484 3877 dignitatem
2510 3802 2746 3858 tribuit?

2069 3898 2267 3957 PALL.
2329 3897 2472 3954 Sane
2512 3912 2666 3955 vero.
2714 3894 2956 3967 Ideoque
3003 3894 3097 3951 ille
3154 3894 3587 3950 Proverbiorum

1998 3999 2191 4048 auctor
2211 3997 2531 4049 exsecratur
2556 3990 2844 4060 quosdam,
2884 3989 3073 4044 dicens
3098 4004 3112 4041 :
3145 4005 3163 4038 ι
3191 3984 3446 4053 Oculum,
3490 3989 3587 4056 qui

1986 4084 2192 4141 irridet
2212 4090 2427 4155 patrem
2458 4091 2515 4139 et
2539 4083 2836 4140 dedecorat
2857 4088 3198 4138 senectutem
3223 4080 3438 4145 matris,
3454 4079 3589 4135 οιτο-

1997 4178 2156 4235 diant
2176 4192 2305 4233 eum
2327 4177 2480 4233 corvi
2502 4176 2571 4232 de
2597 4176 2937 4235 torrentibus
2964 4176 3030 4228 ²².
3064 4192 3082 4225 ι
3114 4171 3255 4227 Illud
3286 4179 3470 4226 tamen
3493 4186 3587 4226 ex-

1995 4274 2170 4344 plices
2191 4273 2374 4338 velim,
2396 4270 2671 4343 quomodo
2697 4269 2765 4327 ab
2781 4268 3027 4324 omnium
3054 4265 3341 4320 Salvatore
3363 4262 3584 4319 Christo

1996 4365 2275 4435 sapienter
2300 4364 2508 4421 dictum
2530 4362 2714 4433 putari
2755 4359 2969 4431 possit:
3002 4377 3021 4411 ι
3048 4357 3155 4426 Qui
3189 4364 3334 4412 amat
3370 4363 3584 4429 patrem

1992 4464 2093 4514 aut
2114 4465 2344 4512 matrem
2363 4471 2533 4526 super
2554 4469 2663 4521 me,
2684 4468 2798 4508 non
2822 4459 2906 4509 est
2931 4466 3019 4507 me
3042 4450 3241 4521 dignus
3258 4449 3326 4503 “.
3361 4469 3377 4501 ι
3407 4449 3585 4516 Quin-

1992 4548 2164 4605 etiam
2202 4547 2339 4603 illud
2385 4544 2831 4607 commemorabo
2861 4561 2876 4596 :
2916 4558 3044 4598 nam
3077 4550 3291 4614 patrem
3325 4540 3581 4610 sepelire,

1997 4645 2446 4707 senectutemque
2481 4635 2630 4691 illius
2677 4634 2825 4689 alere
2870 4633 3087 4703 roganti
3130 4630 3404 4702 discipulo
3444 4634 3519 4685 ait
3567 4648 3579 4682 :

317 4724 473 4793 φησὶ,
519 4727 611 4782 καὶ
652 4726 788 4797 ἄφες
825 4729 950 4791 τοὺς
990 4729 1216 4799 νεκροὺς
1264 4727 1492 4790 θάπτειν
1520 4728 1648 4791 τοὺς
1690 4727 1896 4785 ἑαυτῶν

2010 4749 2026 4785 ι
2056 4729 2299 4800 Sequere
2326 4745 2448 4795 me;
2483 4737 2542 4787 et
2566 4727 2783 4783 dimitte
2807 4734 3057 4787 mortuos
3082 4722 3316 4794 sepelire
3338 4730 3584 4778 mortuos

318 4832 567 4887 νεκρους.
608 4836 627 4871 ι

387 4907 550 4963 ΚΥΡ.
601 4904 734 4965 Εἶτα
769 4910 820 4962 τε
854 4910 917 4963 τὸ
947 4912 1145 4968 ἄτοπον
1190 4910 1268 4981 (2)
1303 4912 1361 4969 ὲν
1397 4909 1640 4974 τούτοις;
1671 4908 1894 4973 ἄναντες

321 4999 429 5073 γὰρ
460 5000 631 5065 οὐδὲν,
672 5001 748 5064 ὥς
785 5001 849 5070 γέ
884 5020 975 5074 μοι
1012 5004 1189 5068 δοκεῖ,
1217 5002 1349 5078 ψιλὴ
1386 5003 1444 5057 δὲ
1472 5002 1592 5057 λίαν
1620 5001 1730 5060 τῶν
1760 5020 1895 5074 προ-

320 5094 588 5164 κειμένων
613 5096 646 5164 ή
671 5096 870 5163 γνῶσις
886 5135 900 5159 ,
923 5098 1016 5150 καὶ
1036 5097 1176 5157 ἑλεῖν
1203 5097 1526 5169 ἑτοιμοτάτη
1551 5097 1662 5159 τοῖς
1685 5094 1897 5155 ὲθέλονυ

322 5202 402 5239 σιν
427 5186 603 5258 ὀρθῶς
641 5190 802 5241 νοεῖν.

387 5363 596 5418 ΠΑΛΛ.
633 5363 746 5419 Καὶ
777 5361 885 5435 μὴν
916 5365 1016 5419 οὐκ
1041 5362 1322 5436 ἐλεύθερος
1351 5368 1630 5435 παντελῶς
1659 5364 1896 5440 ὑποψίας

425 5518 468 5551 ¹⁹
494 5518 655 5575 Deut.
709 5534 820 5582 ιιι,
866 5517 1048 5572 18-21.

319 5587 365 5621 ³⁵
391 5588 582 5643 Matth.
624 5604 736 5655 vm,
765 5588 855 5642 9‘2.

1145 5519 1192 5551 ὀ
1220 5518 1389 5581 Eccli.
1419 5537 1511 5586 vn,
1557 5521 1643 5577 '50.

513 5743 604 5796 Sic
637 5743 758 5798 cod.
793 5743 938 5802 Vat.,
985 5743 1157 5797 codex
1216 5743 1420 5806 Sirleti,
1453 5742 1558 5795 ὑπὸ
1596 5742 1690 5794 τοῦ
1735 5744 1893 5797 Θεοῦ.

1758 5524 1800 5554 ’ί
1841 5524 1978 5581 Gen.
2031 5543 2187 5593 xm,
2233 5528 2319 5584 42.

2001 4837 2129 4886 suos
2152 4822 2217 4876 ".
2249 4840 2270 4876 ι

2069 4913 2226 4973 CYR.
2265 4910 2407 4980 Quid
2431 4923 2566 4966 vero
2613 4908 2670 4965 in
2715 4909 2785 4965 iis
2831 4906 3055 4967 absurdi
3100 4905 3223 4962 est?
3264 4917 3395 4959 nam
3421 4899 3579 4955 ardui

1998 5004 2223 5077 quidem
2249 5001 2585 5067 certe‘nihil,
2630 5009 2692 5057 ut
2736 5000 2873 5059 mihi
2918 5000 3158 5060 videtur,
3198 4995 3296 5051 sed
3350 4993 3582 5062 simplex

2001 5095 2296 5157 admodum
2319 5092 2569 5150 locorum
2591 5093 3002 5164 propositorum
3029 5096 3113 5145 est
3130 5084 3391 5155 cognitio,
3434 5091 3490 5136 et
3512 5082 3578 5136 ad

2000 5186 2418 5259 percipiendum
2440 5187 2530 5253 iis,
2560 5187 2655 5257 qui
2680 5192 2828 5242 recte
2853 5180 3161 5251 intelligere
3185 5173 3378 5237 velint,
3426 5170 3579 5226 facil-

2000 5280 2151 5337 lima.

2070 5371 2267 5430 PALL.
2324 5371 2490 5441 Atqui
2534 5383 2647 5424 non
2689 5371 2819 5423 sunt
2861 5377 2926 5421 ea
2969 5359 3139 5416 verba
3187 5372 3219 5413 a
3262 5352 3575 5430 suspicione

2426 5526 2471 5558 ”
2510 5522 2669 5581 Prov.
2705 5534 2811 5575 xxx
2834 5557 2850 5585 ,
2892 5516 2979 5574 l7.
3077 5513 3123 5547 ”
3147 5511 3339 5571 Matth.
3375 5526 3445 5577 ι,
3481 5508 3572 5565 37.

394 5743 438 5809 (I
513 5743 604 5796 Sic
637 5743 758 5798 cod.
793 5743 938 5802 Vat.,
985 5743 1157 5797 codex
1216 5743 1420 5806 Sirleti,
1453 5743 1558 5795 ὑπὸ
1596 5743 1690 5794 τοῦ
1735 5744 1893 5797 Θεοῦ.

398 5743 472 5893 (ῆς
499 5812 631 5870 Cod.
672 5813 876 5877 Sirlcti,
910 5812 962 5865 τί
991 5812 1050 5865 τὸ
1088 5812 1355 5879 irim-tm;
1405 5812 1542 5878 Quid
1567 5812 1892 5868 obscuritatis
1936 5813 2108 5870 inest?
