4138 6300
584 473 681 528 511

1611 469 1667 526 S.
1709 464 1988 524 CYRILLI
2025 459 2495 521 ALEXANDRINI
2536 460 2850 519 ARCHIEI".

3736 469 3840 524 512

583 605 810 661 prorsus
831 586 1040 641 aliena:
1074 583 1331 640 videnlur
1354 585 1500 638 enim
1533 584 1937 654 quodammodo
1981 582 2049 636 ab
2089 595 2152 635 ea

2255 579 2282 631 6
2319 577 2502 646 λόγος’
2531 577 2673 630 ἔοικε
2697 581 2805 649 γάρ
2829 597 2944 644 πως
2965 579 3062 649 τῆς
3094 579 3174 644 είς
3205 581 3398 648 γονέας
3425 579 3604 643 αἰδοῦς
3635 582 3841 641 ἀποκο-

584 679 928 744 reverentia,
973 693 1095 748 quae
1146 676 1469 746 parentibus
1513 675 1784 740 debetur,
1830 690 1932 730 nos
1976 673 2155 728 abdu-

582 787 728 826 cere.

647 861 806 916 CYR.
833 861 1015 931 Apage
1037 859 1106 914 ab
1130 860 1234 914 ista
1258 858 1591 929 suspicione,
1617 859 1844 923 Palladi,
1869 869 1926 913 et
1949 860 2154 914 intelli-

581 951 762 1022 gentia
778 960 887 1006 tam
909 967 1166 1021 perversa
1195 968 1208 1005 :
1235 965 1414 1020 neque
1441 951 1589 1005 enim
1628 949 1928 1004 Salvatoris
1979 952 2154 1006 nostri

580 1044 750 1098 verba
779 1059 811 1098 a
889 1043 1198 1098 reverentia
1263 1041 1319 1096 in
1370 1050 1626 1112 parentes
1696 1039 2012 1107 abducunt,
2058 1042 2154 1097 sed

581 1134 753 1198 illam,
787 1150 907 1204 qua:
936 1135 1047 1190 Deo
1073 1134 1384 1198 exhibetur,
1409 1132 1774 1202 antiquiorem
1796 1149 1860 1188 ac
1896 1143 2157 1202 praestan-

497 1269 499 1276 .
581 1225 780 1280 tiorem
804 1226 1006 1281 habere
1032 1225 1249 1281 docent.
1275 1225 1332 1280 ld
1362 1223 1508 1294 quod
1553 1224 1717 1279 etiam
1757 1225 2032 1295 superiori
2053 1241 2154 1280 no-

579 1324 692 1372 stra
717 1316 963 1373 oratione
1010 1318 1310 1388 perfectum
1353 1325 1458 1382 est,
1493 1333 1618 1373 cum
1656 1317 1806 1372 illam
1851 1316 2154 1387 proximam

581 1416 744 1478 atque
774 1409 1070 1464 secundam
1093 1409 1162 1464 ab
1177 1425 1263 1474 ea,
1291 1425 1413 1478 qua:
1435 1409 1548 1465 Deo
1575 1416 1661 1465 est
1684 1407 1956 1473 habenda,
1996 1407 2152 1461 iden-

582 1497 748 1553 tidem
784 1498 1134 1565 diceremus;
1176 1498 1332 1569 quod
1371 1514 1503 1554 sane
1542 1498 1709 1554 etiam
1751 1497 1865 1567 ipse
1903 1497 2156 1552 Christus

579 1589 836 1654 servavit,
878 1604 1003 1644 cum
1054 1605 1232 1659 neque
1271 1589 1331 1644 id
1365 1603 1466 1660 pro
1511 1588 1744 1644 crimine
1793 1589 2046 1658 ascripsit
2088 1589 2156 1643 iis

578 1681 673 1750 qui
710 1687 964 1750 parentes
984 1681 1296 1752 diligerent,
1324 1697 1503 1751 neque
1532 1681 1758 1735 omnino
1800 1680 2041 1750 culpavit
2060 1689 2156 1734 aut

577 1773 857 1829 accusavit
874 1789 988 1839 eos,
1015 1775 1109 1843 qui
1137 1774 1330 1830 iisdem
1347 1773 1612 1828 honorem
1638 1780 1833 1842 sponte
1853 1772 2153 1837 deferrent,

579 1866 675 1920 sed
701 1866 941 1920 humana
967 1867 1152 1921 omnia
1208 1874 1332 1936 post
1356 1867 1528 1921 Deum
1573 1864 1825 1919 habenda
1862 1879 1982 1919 esse
2025 1879 2156 1918 con-

579 1957 992 2013 venientissime
1014 1957 1213 2012 sanxit.
1240 1958 1429 2027 itaque
1452 1971 1562 2011 non
1586 1956 1835 2012 absolute
1859 1957 1936 2011 ait
1959 1974 1971 2009 :
2005 1975 2021 2006 ι
2049 1955 2154 2023 Qui

578 2055 724 2103 amat
756 2055 967 2118 patrem
1001 2064 1164 2104 suum
1189 2057 1285 2102 aut
1308 2056 1562 2112 matrem,
1600 2067 1618 2098 ι
1649 2047 1744 2102 sed
1771 2047 1972 2118 adjecit
1997 2048 2152 2113 illud,

585 2159 605 2191 ι
634 2155 800 2210 super
827 2155 935 2195 me.
971 2158 990 2191 ›
1019 2138 1102 2194 An
1124 2155 1256 2194 vero
1279 2139 1631 2194 dilectionem
1655 2139 1715 2192 in
1761 2138 1935 2191 Deum
1981 2137 2154 2193 dilec-

579 2231 714 2287 tioni
749 2231 806 2286 in
830 2231 1084 2286 homines
1107 2245 1218 2284 non
1256 2227 1680 2299 praeponendam
1708 2226 1972 2297 putabis?

648 2323 845 2379 PALL.
898 2323 1013 2394 Ego
1071 2337 1208 2378 vero
1263 2318 1688 2392 praeponendam
1715 2319 1968 2394 omnino
2019 2334 2154 2376 cen-

577 2427 801 2557 sm()IOYR.
838 2500 982 2571 Ergo
1008 2500 1065 2556 in
1088 2514 1209 2556 eam
1251 2499 1578 2554 sententiam
1628 2497 1785 2555 abire
1823 2497 2154 2570 discipulum

576 2608 687 2649 nou
720 2593 990 2664 permisit,
1033 2602 1094 2648 ut
1134 2600 1354 2662 putaret
1385 2591 1774 2658 reverentiam,
1798 2607 1922 2661 qua:
1941 2591 2152 2647 homini

573 2685 826 2754 quamvis
855 2685 1074 2755 parenti
1119 2684 1435 2750 deberetur,
1482 2683 1561 2738 illi
1598 2682 1796 2748 alteri,
1849 2699 1972 2753 qua;
2025 2699 2154 2755 erga

576 2773 746 2830 Deum
775 2775 1026 2830 habenda
1049 2781 1155 2840 est,
1179 2789 1301 2830 esse
1323 2773 1743 2844 praeferendam,
1773 2764 1868 2844 qui
1891 2774 2027 2831 alias
2054 2791 2153 2830 na-

575 2874 715 2920 tura:
739 2865 890 2936 leges
913 2864 982 2920 de
1019 2865 1232 2920 honore
1251 2863 1578 2934 parentibus
1601 2863 1899 2919 tribuendo
1921 2879 2023 2920 suo
2060 2881 2156 2935 pa-

575 2955 812 3011 trocinio
831 2955 1098 3011 defendit.
1130 2951 1238 3011 Sua
1263 2956 1429 3028 igitur
1451 2970 1571 3012 esse
1597 2956 1802 3010 nostris
1817 2955 2156 3026 praeferenda

2267 667 2443 738 μίζειν
2471 669 2638 738 ἡμᾶς.

2333 838 2496 893 ΚΥΡ.
2535 839 2749 907 Ἀπαγε
2787 840 2889 910 τῆς
2931 841 3214 909 ὑπονοίας,
3268 843 3545 914 ἄνθρωπε,
3591 845 3684 900 καὶ
3731 846 3844 901 τῶν

2264 929 2406 984 οὕτω
2434 930 2936 1002 κεκιϐδηλευμένων
2962 933 3213 1008 ἐννοιῶνί
3243 933 3502 1005 ἀφίστησι
3529 936 3660 1008 γὰρ,
3697 937 3757 991 οὗ
3787 940 3842 992 τί

2263 1037 2366 1074 που
2409 1021 2508 1092 τῆς
2549 1024 2630 1086 είς
2665 1023 2857 1090 γονέας
2899 1005 3104 1089 αἰδοῦς,
3143 1024 3238 1078 τοῦ
3287 1026 3540 1099 Σωτῆρος
3662 1029 3839 1098 λόγος,

2263 1108 2638 1180 πρεσϐυτέραν
2679 1109 2738 1163 δέ
2783 1111 2876 1164 καὶ
2919 1112 3129 1182 ἀμείνω
3165 1113 3264 1186 τὴν
3297 1116 3380 1179 είς
3411 1116 3547 1170 Θεὸν
3587 1118 3841 1188 ἡγεῖσθαι

2261 1199 2518 1254 διδάσκει.
2547 1201 2897 1255 Διατετέλεκε
2929 1201 2984 1256 δέ
3008 1203 3102 1257 καὶ
3128 1206 3260 1276 ήμῖν
3285 1207 3314 1260 6
3338 1205 3518 1275 λόγος,
3545 1207 3716 1278 ἀγχοῦ
3745 1211 3840 1264 καὶ

2260 1287 2518 1359 δευτέραν
2570 1288 2683 1343 ἀνω
2733 1307 2794 1343 τε
2847 1291 2943 1345 καὶ
2998 1291 3149 1346 κάτω
3195 1293 3295 1363 τῆς
3345 1292 3466 1366 Θεῷ
3524 1296 3838 1369 πρεπούσης

2261 1379 2543 1450 ὀνομάζων
2563 1382 2755 1453 αὐτὴν,
2777 1381 2806 1435 ὃ
2825 1381 2890 1454 δὴ
2911 1382 3005 1436 καὶ
3026 1382 3190 1448 αὐτὸς
3209 1386 3513 1456 τετήρηκεν
3535 1387 3563 1438 6
3583 1388 3837 1458 Χριστὸς,

2261 1469 2363 1524 οὐκ
2399 1471 2580 1526 αἰτίαν
2623 1473 2936 1544 ἐπιγράψας
2965 1477 3076 1538 τοῖς
3118 1477 3338 1545 ἀγαπᾷν
3383 1479 3689 1550 ἑλομένοις,
3725 1479 3839 1533 ἀλλ’

2262 1560 2380 1614 οὐδὲ
2412 1562 2602 1634 μῶμὸν
2630 1580 2751 1616 τινα
2781 1564 2876 1618 καὶ
2907 1567 3122 1637 γραφήν
3152 1567 3363 1632 ἐπιθεὶς
3395 1571 3507 1633 τοῖς
3543 1571 3840 1642 ᾑρημένοις

2262 1654 2447 1724 τιμᾷν.
2479 1654 2554 1706 Τό
2577 1670 2640 1723 γε
2682 1653 2788 1726 μὴν
2817 1655 3044 1710 κατόπιν
3073 1657 3218 1711 ίέναι·
3236 1657 3370 1713 Θεοῦ
3403 1659 3472 1713 τά
3501 1660 3837 1732 ἀνθρώπινα,

2263 1743 2688 1814 πρεπωδέστατα
2763 1747 3060 1817 νομοθετεῖ.
3147 1749 3436 1821 Τοιγάρτοι
3500 1752 3666 1822 φησὶν
3740 1754 3840 1822 οὐχ

2263 1834 2468 1898 ἁπλῶς·
2510 1853 2529 1886 ι
2571 1836 2631 1888 '0
2660 1836 2829 1904 φιλῶν
2859 1838 3068 1910 πατέρα
3096 1838 3262 1894 αὐτοῦ
3289 1841 3322 1910 ἢ
3349 1841 3580 1912 μητέρα·
3609 1862 3628 1894 ι
3667 1860 3839 1914 προσο

2185 1937 2230 1992 Β
2253 1924 2465 1978 τέθεικε
2490 1925 2548 1980 δὲ
2582 1926 2662 1992 τὸ,
2693 1947 2711 1979 ι
2736 1927 2878 1999 ὑπὲρ
2899 1928 3055 2000 ἐμέ.»
3086 1931 3157 1984 Ἢ
3172 1932 3281 2004 γὰρ
3305 1933 3404 1986 οὐκ
3422 1933 3584 2005 οἰήσῃ
3604 1933 3839 2004 πρέπειν

2253 2016 2357 2158 ἒῆὲ
2399 2017 2479 2080 είς
2527 2015 2848 2088 ἀνθρώπως
2910 2020 3131 2092 ἀγάπης
3189 2023 3564 2095 προτετάχθαι
3608 2024 3709 2096 τὴν
3759 2027 3838 2091 είς

2300 2121 2326 2157 ε
2358 2121 2414 2158 νε

2300 2121 2414 2170 εον;

2327 2289 2532 2343 EAM.
2573 2289 2893 2345 Παντάπασι
2922 2291 3022 2364 μὲν
3047 2289 3160 2348 06v.-

2325 2499 2488 2554 ΚΥΡ.
2535 2500 2692 2555 Ἰέναι
2720 2500 2786 2572 δὴ
2815 2495 2909 2556 οὗν
2939 2501 3039 2556 οὐκ
3074 2503 3222 2573 ἠφίει
3256 2503 3346 2559 τὸν
3383 2504 3629 2578 μαθητὴν
3657 2506 3752 2560 ἐπὶ
3778 2505 3838 2560 τὸ

2259 2591 2334 2661 μὴ
2392 2591 2502 2645 δεῖν
2547 2591 2754 2645 οίεσθαι
2801 2593 3263 2665 προύργιαιτέραν
3305 2594 3574 2648 ποιεῖσθαι
3622 2597 3721 2666 τῆς
3758 2595 3837 2660 είς

2254 2681 2385 2736 Θεδν
2416 2681 2596 2746 αἰδοῦς
2626 2682 2726 2754 τὴν
2757 2684 2838 2748 είς
2865 2683 3151 2756 ἄνθρωπον
3172 2725 3186 2750 ,
3223 2684 3326 2739 κᾶν
3375 2686 3425 2739 εί
3457 2687 3694 2758 ὑπάρχοι
3731 2704 3836 2741 πα-

2253 2771 2381 2844 τὴρ,
2413 2774 2442 2826 6
2479 2773 2575 2827 καῖ
2589 2775 2702 2837 τοῖς
2729 2775 2830 2845 τῆς
2871 2775 3084 2846 φύσεως
3117 2775 3302 2847 νόμοις
3335 2777 3417 2840 είς
3445 2793 3508 2846 γε
3547 2778 3608 2830 τὸ
3641 2778 3836 2848 χρῆναι

2255 2864 2516 2935 τιμᾶσθαι
2551 2865 3040 2937 συνηγορούμενος.
3083 2866 3317 2937 ’Λμείνω
3352 2867 3450 2936 μὲν
3479 2861 3575 2921 οῦν
3611 2867 3680 2920 τὰ
3714 2868 3836 2923 καθ’

2256 2954 2448 3009 ἑαυτὸν
2486 2957 2722 3009 ποιεῖται
2752 2957 2860 3010 τῶν
2904 2956 3026 3010 καθ’
3072 2957 3238 3026 ἡμᾶς.
3264 2955 3338 3010 Τὸ
3366 2957 3476 3028 γάρ
3505 2974 3587 3011 τοι
3620 2958 3836 3011 πάντων

574 3045 737 3100 docet
759 3061 774 3111 ;
799 3045 1018 3100 excellit
1032 3045 1184 3101 enim
1205 3045 1464 3101 omnibus
1485 3052 1543 3100 et
1562 3044 1770 3100 eminet
1786 3045 1932 3102 Deus
1953 3063 1968 3113 ;
1994 3046 2152 3118 238

2255 3044 2510 3099 ἐπέκεινα
2533 3047 2627 3098 καὶ
2653 3046 2931 3114 ἀνωτάτω,
2953 3045 3104 3110 Θεός’
3132 3045 3318 3117 ἐφίησι
3347 3046 3403 3100 δὲ
3431 3047 3683 3119 οὐδαμῶς
3706 3048 3835 3120 παρ’

572 3151 753 3206 neque
789 3152 942 3202 vero,
971 3137 1100 3207 quia
1123 3152 1208 3202 ea,
1234 3152 1357 3208 qua:
1381 3136 1451 3191 ad
1476 3137 1648 3192 Deum
1678 3137 1977 3207 pertinent,
2010 3138 2155 3192 anti-

528 3290 534 3298 ,
570 3228 764 3298 quiora
787 3245 852 3285 ac
880 3230 1262 3300 praestantiora
1304 3227 1549 3299 putanda
1607 3235 1741 3283 sunt
1783 3244 1848 3283 ac
1895 3228 2149 3296 dicenda,

2256 3133 2406 3187 οὐδὲν
2427 3135 2678 3207 ἡγεῖσθαί
2710 3153 2854 3190 τισιν
2892 3135 2994 3208 τὴν
3033 3137 3112 3200 είς
3154 3136 3346 3204 γονέας
3379 3137 3513 3192 αίδὼ
3535 3179 3549 3204 ,
3574 3138 3663 3192 διά
3686 3155 3749 3207 γε
3776 3138 3837 3192 τὸ

2257 3225 2455 3297 χρῆναι
2490 3228 2706 3298 φρονεῖν
2733 3245 2793 3280 τε
2820 3227 2913 3281 καὶ
2935 3227 3138 3296 λέγειν,
3171 3227 3248 3291 ὡς
3278 3226 3425 3281 ἔστιν
3460 3229 3518 3282 ἐν
3567 3228 3739 3300 μοίρᾳ
3766 3231 3836 3300 τῇ

573 3293 698 3374 ideo
722 3293 905 3374 tamen
931 3321 1042 3375 ullo
1065 3328 1226 3390 pacto
1261 3293 1534 3389 permittit
1575 3318 1856 3387 aliquibus
1895 3319 2041 3375 illam
2095 3293 2152 3374 in

2256 3293 2606 3389 πρεσϐυτέρᾳ
2625 3334 2686 3370 τε
2713 3318 2810 3372 καὶ
2835 3293 3079 3388 ἀμείνονι
3115 3317 3184 3370 τὰ
3205 3317 3302 3371 τοῦ
3329 3316 3486 3372 Θεοῦ.
3527 3293 3838 3390 ’ἐπίκλημα

571 3421 829 3480 parentes
855 3412 1224 3468 reverentiam
1263 3426 1365 3482 pro
1410 3411 1588 3465 nihilo
1615 3410 1856 3479 ducere;
1906 3413 1959 3468 id
2003 3414 2153 3469 enim

567 3501 823 3557 Christus
846 3501 1160 3556 Iudaeorum
1196 3502 1516 3560 doctoribus
1553 3502 1774 3558 crimini
1816 3504 1988 3570 dedit,
2028 3519 2152 3560 cum

570 3592 713 3646 dixit
740 3610 754 3646 :
805 3612 823 3643 ι
854 3592 1000 3648 Deus
1021 3593 1162 3648 dixit
1204 3611 1216 3647 :
1243 3594 1461 3651 Honora
1488 3607 1700 3668 patrem
1729 3605 1904 3661 tuum,
1936 3604 1993 3651 et
2035 3612 2151 3650 ma-

573 3692 712 3738 trem
754 3689 902 3738 tuam
941 3701 956 3750 ;
991 3699 1090 3740 vos
1111 3694 1293 3741 autem
1342 3688 1546 3755 dicitis,
1575 3689 1755 3759 inquit
1783 3707 1796 3742 :
1829 3688 2152 3758 Quicunque

569 3772 771 3828 dixerit
790 3773 933 3844 patri
959 3788 1060 3829 suo
1087 3792 1100 3827 :
1128 3773 1326 3830 Munus
1357 3777 1506 3846 quod
1536 3793 1602 3834 ex
1629 3792 1717 3832 me
1752 3776 1852 3830 tibi
1873 3774 2148 3846 proderit;

568 3872 627 3920 et
647 3879 758 3919 non
782 3865 1078 3920 honorabit
1117 3875 1333 3935 patrem
1357 3882 1522 3922 suum
1546 3876 1642 3923 aut
1680 3876 1912 3922 matrem
1943 3880 2098 3921 suam
2134 3882 2146 3918 :

567 3963 626 4009 et
650 3954 868 4009 irritum
888 3955 1098 4012 fecistis
1123 3957 1441 4013 mandatum
1457 3959 1555 4015 Dei
1579 3968 1808 4030 propter
1827 3958 2154 4013 traditiones

568 4052 784 4100 vestras
805 4046 870 4100 ’³.
908 4063 928 4098 ι

639 4135 837 4192 PALL.
869 4135 1035 4207 Atqui
1058 4153 1168 4194 non
1192 4138 1488 4195 admodum
1511 4147 1597 4196 est
1621 4139 1796 4196 facilis
1838 4142 2149 4212 proposito-

568 4241 692 4282 rum
735 4227 1034 4284 verborum
1071 4228 1393 4285 intellectio.
1440 4229 1670 4300 Explica
1704 4229 1891 4301 igitur,
1942 4246 2147 4300 quaso,

567 4317 844 4388 quodnam
868 4319 940 4375 sit
963 4319 1019 4374 in
1032 4319 1136 4376 hac
1159 4336 1218 4376 re
1243 4321 1643 4376 Pharisaeorum
1667 4329 1972 4392 peccatum.

637 4405 794 4461 CYll.
823 4406 884 4462 in
908 4408 1155 4464 Levitico
1177 4417 1328 4465 certe
1351 4410 1617 4481 scriptum
1642 4419 1726 4466 est
1753 4429 1771 4465 :
1800 4429 1819 4463 ι
1851 4411 2150 4469 Etlocutns

567 4503 652 4552 est
673 4497 940 4554 Dominus
973 4499 1042 4554 ad
1069 4499 1310 4572 Moysen,
1348 4501 1540 4556 dicens
1567 4517 1579 4555 :
1606 4501 1858 4572 Loquere
1903 4502 2027 4558 ﬁliis
2075 4503 2152 4558 ls-

2255 3408 2364 3480 γὰρ
2404 3409 2638 3462 ἐποιεῖτο
2669 3410 2782 3472 τοῖς
2823 3407 3092 3462 Ἰουδαίων
3132 3408 3474 3480 καθηγηταῖς
3503 3409 3566 3462 τὸ
3592 3410 3838 3480 χρῆμα-ὁ

2254 3498 2486 3570 Χριστὸς
2509 3499 2701 3566 λέγων·
2730 3518 2749 3550 ι
2785 3497 2843 3552 '0
2863 3498 2996 3562 Θεὸς
3021 3493 3164 3561 εἰπε,
3185 3499 3335 3570 Τίμα
3359 3499 3450 3553 τὸν
3477 3499 3691 3568 πατέρα
3717 3516 3833 3559 σου.

2255 3592 2348 3646 καὶ
2375 3590 2474 3662 τὴν
2503 3590 2716 3662 μητέρα
2749 3607 2843 3643 σου
2863 3605 2876 3621 '
2903 3589 3062 3660 ὑμεῖς
3088 3589 3146 3643 δὲ
3172 3589 3381 3658 λέγετε,
3422 3589 3590 3659 φησὶν
3625 3592 3654 3644 6
3681 3590 3831 3651 Θεόςο

2261 3684 2357 3746 ’ος
2389 3683 2486 3736 ἐὰν
2515 3682 2646 3755 εῐπῃ
2674 3681 2754 3753 τῷ
2785 3681 2954 3752 πατρὶ
2991 3680 3179 3746 αὑτοῦ,
3215 3680 3398 3754 Δῶρον
3423 3681 3453 3735 6
3491 3681 3587 3735 ἐὰν
3612 3681 3680 3746 ἐξ.
3699 3680 3836 3752 ἐμοῦ

2253 3773 2578 3847 ὠφεληθῇς,
2626 3774 2723 3828 καὶ
2754 3773 2816 3828 οὐ
2857 3772 2933 3846 μή
2980 3772 3186 3844 τιμήσῃ
3222 3771 3315 3826 τὸν
3345 3773 3560 3843 πατέρα
3603 3772 3836 3843 αὐτοῦ-ἢ

2252 3865 2351 3938 τὴν
2383 3867 2603 3938 μητέρα
2634 3865 2826 3931 αὐτοῦ,
2867 3866 2962 3919 καὶ
3003 3863 3326 3937 ήκυρώσατε
3364 3865 3462 3934 τὴν
3492 3863 3712 3935 ἐντολὴν
3744 3863 3838 3918 τοῦ

2252 3956 2388 4010 Θεοῦ
2423 3957 2514 4012 διά
2538 3955 2637 4028 τὴν
2663 3955 2961 4028 παράδοσιν
2995 3956 3170 4028 ὑμῶν.
3209 3975 3230 4009 ι

2323 4131 2535 4185 ΠΑΛΛ.
2588 4130 2699 4184 Καὶ
2730 4130 2838 4202 μὴν
2869 4131 2932 4184 οὗ
2960 4130 3082 4186 λίαν
3110 4130 3300 4203 ἑτοίμη
3329 4130 3436 4186 τῶν
3459 4132 3837 4203 προκειμένων

2252 4223 2286 4292 ή
2311 4221 2529 4292 γνῶσις.
2561 4223 2823 4292 Διασάφει
2841 4222 2904 4293 δὴ
2924 4217 3018 4277 οὗν
3038 4224 3068 4277 δ
3090 4223 3144 4277 τί
3171 4222 3302 4278 ποτέ
3324 4222 3557 4277 ἐστινέν
3581 4239 3645 4291 γε
3666 4223 3840 4292 τούτῳ

2250 4311 2310 4366 τὺ
2336 4313 2447 4367 τῶν
2467 4313 2779 4385 Φαρισαίων
2803 4312 3200 4386 πλημμέλημα.

2324 4403 2492 4458 ΚΥΡ.
2563 4403 2650 4456 Ἐν
2689 4401 2770 4474 τῷ
2817 4403 3086 4474 Λευῖτικῷ
3138 4403 3449 4476 γέγραπταί
3487 4419 3620 4456 που·
3661 4421 3680 4455 ι
3725 4403 3840 4456 Καὶ

2250 4497 2483 4570 ἐλάλησε
2511 4497 2718 4570 Κύριος
2751 4499 2886 4569 πρὸς
2929 4497 3160 4568 Μωσῆν,
3201 4497 3411 4566 λέγων·
3447 4496 3694 4568 Δάλησον
3726 4497 3839 4560 τοῖς

569 4587 703 4653 rael,
721 4596 778 4644 et
805 4587 957 4645 dices
982 4589 1052 4645 ad
1074 4605 1173 4646 eos
1211 4608 1224 4644 :
1264 4590 1460 4656 Homo,
1488 4592 1583 4662 qui
1623 4592 1840 4648 voverit
1860 4601 2049 4647 votum
2093 4593 2148 4646 in

2255 4589 2388 4653 υίοῖς
2420 4588 2659 4661 Ἰσραὴλ,
2695 4590 2791 4644 καὶ
2819 4591 2967 4660 ἐρεῖς
3004 4589 3144 4660 πρὸς
3174 4587 3400 4653 αὐτούς⁸
3434 4589 3756 4659 Ἀνθρωπος
3781 4586 3839 4648 ὃς

567 4677 808 4746 pretium
831 4678 1029 4735 anima:
1053 4695 1166 4736 sua:
1188 4681 1443 4748 Domino,
1471 4683 1580 4738 erit
1596 4683 1837 4753 pretium
1859 4683 2087 4739 masculi
2118 4699 2150 4738 a

2255 4679 2349 4734 ὲάν
2374 4680 2602 4752 εὔχηται
2640 4681 2806 4753 εὐχὴν
2838 4680 2914 4745 ὥς
2937 4698 2997 4734 τε
3029 4679 3198 4751 τιμὴν
3223 4679 3322 4750 τῆς
3355 4680 3538 4751 ψυχῆς
3563 4679 3729 4733 αὐτοῦ
3763 4676 3840 4748 τῷ

567 4767 828 4824 vicesimo
850 4785 998 4824 anno
1029 4787 1204 4842 usque
1229 4773 1298 4827 ad
1319 4774 1722 4844 sexagesimum
1763 4790 1990 4839 annum,
2021 4774 2149 4840 erit,

569 4860 824 4928 inquam,
871 4863 1108 4930 pretium
1153 4866 1274 4934 ejus
1327 4867 1722 4938 quinquaginta
1767 4867 1888 4922 sicli
1939 4867 2152 4938 argenti

568 4949 814 5020 pondere
859 4962 1050 5008 sancto
1097 4957 1162 5008 '°.
1218 4975 1236 5008 ι
1285 4956 1532 5027 Cumque
1576 4975 1749 5028 pauca
1806 4958 2054 5028 quaedam
2097 4959 2152 5012 in

569 5042 753 5098 medio
775 5042 844 5100 de
888 5044 1120 5101 muliere
1162 5047 1308 5102 etde
1332 5048 1518 5117 pueris
1544 5049 1795 5115 dixisset,
1819 5064 2018 5105 rursus
2063 5049 2150 5103 in-

569 5131 712 5188 fert:
753 5151 772 5186 ι
799 5133 958 5201 Quod
983 5134 1027 5189 si
1056 5150 1264 5206 pauper
1288 5135 1475 5200 fuerit,
1501 5137 1570 5190 ad
1592 5138 2010 5193 aestimationem
2039 5145 2154 5192 sta-

569 5223 652 5279 bit
676 5239 861 5281 coram
908 5227 1214 5294 sacerdote,
1240 5236 1297 5283 et
1340 5227 1635 5282 aestimabit
1676 5244 1803 5283 eum
1859 5229 2148 5285 sacerdos:

571 5321 634 5367 ut
655 5314 800 5370 valet
824 5331 1023 5372 munus
1051 5317 1193 5388 ejus,
1228 5317 1321 5387 qui
1364 5316 1541 5382 vovit,
1571 5315 1645 5370 ita
1683 5315 1977 5372 aestimabit
2023 5334 2150 5373 eum

571 5404 826 5460 sacerdos
851 5407 915 5460 ’⁷.
951 5425 968 5458 ι
1015 5407 1238 5478 Mystica
1262 5407 1430 5478 igitur
1454 5406 1570 5460 lucc
1600 5406 1766 5461 verba
1806 5417 1934 5463 sunt
1954 5417 2009 5463 ct
2048 5408 2147 5462 ab-

573 5495 714 5563 dita;
749 5499 1143 5568 opportuniore
1182 5507 1368 5555 autem
1400 5499 1522 5556 loco
1574 5516 1606 5555 a
1653 5499 1814 5554 nobis
1858 5500 2149 5570 diligenter

571 5587 947 5641 excutientur:
973 5589 1118 5657 quod
1147 5591 1329 5644 autem
1365 5591 1420 5644 in
1441 5598 1697 5660 promptu
1741 5595 1906 5658 atque
1940 5588 1994 5642 in
2036 5603 2150 5642 ma—

575 5676 736 5750 qibus
763 5683 868 5737 cst.
911 5677 1172 5733 dicamus
1213 5680 1471 5734 Nonnulli
1501 5698 1565 5735 ex
1606 5679 1869 5735 lsraclitis
1900 5679 2144 5744 adibant,

640 5856 890 5912 “Matth.
927 5873 1011 5916 κγ,
1043 5857 1073 5912 3
1104 5859 1157 5909 ti.
1278 5863 1318 5889 ²“’
1346 5861 1520 5915 Levii.
1569 5880 1725 5928 xxvii,
1763 5865 1813 5926 ⁸ὶ,

1845 5866 1888 5917 3.
1943 5866 1982 5895 ³⁷
2020 5862 2134 5917 ibid
2183 5862 2232 5916 8.

2255 4772 2473 4842 Κυρίῳ,
2505 4771 2656 4826 ἔσται
2685 4774 2718 4842 ή
2756 4771 2890 4844 τιμὴ
2929 4771 3025 4825 τοῦ
3069 4772 3297 4839 ἄρσενος
3344 4770 3454 4824 ἀπὸ
3494 4767 3841 4831 είκοσαετοῦς

2261 4863 2368 4928 ἕως
2401 4863 2840 4933 ἑξηκονταετοῦς,
2868 4863 3021 4918 ἔσται
3061 4864 3094 4933 ή
3127 4861 3262 4932 τιμὴ
3292 4860 3459 4915 αὑτοῦ
3503 4860 3842 4930 πεντήκοντα

2255 4955 2525 5026 δίδραχμα
2567 4956 2853 5027 ἀργυρίου,
2883 4955 2962 5025 τῷ
3000 4953 3226 5025 σταθμῷ
3258 4953 3336 5026 τῷ
3370 4954 3531 5024 ἁγίῳ.
3584 4972 3602 5004 ι
3656 4951 3841 5018 ὐλίγα

2255 5044 2318 5098 δὲ
2341 5045 2477 5099 ἄττα
2520 5046 2725 5116 μεταξὺ
2775 5046 2998 5114 γυναίου
3029 5062 3091 5098 τε
3139 5045 3266 5118 πέρι
3296 5047 3391 5099 καὶ
3428 5044 3739 5115 μειρακίων
3767 5043 3840 5094 εἱ-

2250 5134 2392 5194 πὼν,
2425 5137 2679 5208 ἐπιφέρει
2705 5136 2868 5191 πάλιν
2886 5153 2899 5167 ο
2942 5158 2966 5190 ι·
3019 5136 3146 5192 Ἐάν
3170 5135 3228 5190 δὲ
3255 5130 3565 5207 ταπεινὺςῇ
3591 5137 3658 5204 τῇ
3685 5136 3839 5204 τιμῇ.

2258 5229 2516 5299 στήσεται
2549 5227 2791 5281 ἐναντίον
2831 5226 2927 5279 τοῦ
2960 5226 3173 5297 ἱερέως,
3213 5225 3309 5279 καὶ
3343 5225 3639 5295 τιμήσεται
3678 5222 3842 5276 αὑτὸν

2253 5319 2281 5371 6
2305 5318 2502 5390 ἱερεύς.
2535 5335 2553 5369 ›
2576 5316 2852 5380 Μυστικὸς
2877 5317 2976 5388 μὲν
3001 5314 3096 5371 οὖν
3116 5319 3145 5370 6
3162 5316 3320 5385 λόγος
3337 5316 3430 5370 καὶ
3450 5314 3638 5386 βαθὺς,
3664 5312 3844 5382 καιρῷ

2255 5409 2310 5462 δέ
2333 5409 2410 5479 τῷ
2435 5410 2700 5480 πρέποντι
2727 5409 2862 5480 πρὸς
2883 5409 3041 5480 ἡμῶν
3077 5404 3136 5462 εὖ
3180 5409 3326 5479 μάλα
3358 5404 3838 5477 βασανισθήσεται·

2256 5498 2315 5550 τὸ
2335 5499 2392 5551 δέ
2419 5499 2477 5552 ἐν
2509 5500 2685 5571 χερσὶ,
2723 5500 2852 5570 φέρε
2886 5500 3154 5571 λέγωμενο
3186 5495 3505 5570 Προσῄεσάν
3547 5511 3696 5556 τινες
3733 5492 3842 5544 τῶν

2257 5590 2316 5654 ἐξ
2367 5589 2612 5661 Ἰσραὴλ,
2645 5592 2738 5645 καὶ
2777 5591 3066 5662 καθιεροῦν
3113 5589 3439 5653 ἐσπούδαζον
3477 5586 3554 5656 τῷ
3593 5585 3713 5655 Θεῷ
3743 5586 3838 5646 τὰς

2257 5681 2464 5735 ἑαυτῶν
2495 5682 2690 5753 ψυχὰς,
2728 5685 2799 5747 ὡς
2841 5686 2895 5738 ἐν
2934 5683 3085 5754 τύπῳ
3118 5684 3212 5754 μὲν
3249 5684 3323 5735 ἔτι
3375 5682 3460 5734 καὶ
3512 5679 3661 5747 amis,
3700 5677 3837 5748 πλὴν
