4138 6300
282 268 380 323 513

983 265 1074 321 DE
1114 263 1554 320 ADORATJONE
1594 264 1660 318 IN
1702 263 1971 320 SPIRITL'
2017 265 2102 320 ΕΤ
2153 266 2511 322 νιῖιιιτΑτΕ.
2553 267 2680 322 LIB.
2718 268 2831 324 VII.

3425 266 3528 324 5M

283 375 416 430 γατά
440 373 532 426 τὸν
561 373 745 445 νόμον,
776 375 869 439 τὰς
911 376 1052 448 ὑπὲρ
1086 376 1234 445 σφῶν
1259 375 1438 430 αὐτῶν
1471 377 1855 448 ὁμολογοῦντες

1959 386 2362 435 cteonseerare
2414 382 2528 436 Deo
2565 396 2691 436 suas
2722 381 2951 446 animas,
2978 379 3032 433 in
3086 379 3529 450 ﬁguraqquidem

279 468 438 537 τιμάς
466 468 578 529 τοῖς
616 467 861 538 ἱερᾶσθαι
885 467 1131 536 λαχοῦσι,
1158 469 1250 520 καὶ
1273 469 1348 539 τῷ
1371 469 1499 540 θείῳ
1524 469 1854 541 προσεδρεύ-

278 572 393 609 ουσι
443 556 833 626 θυσιαστηρίῳ.
893 556 1031 608 Ἀλλ’
1061 551 1201 626 ἦσάν
1239 576 1402 624 τινες,
1428 560 1706 630 ἐφιέμενοι
1753 559 1853 630 μὲν

279 646 371 715 τῆς
395 646 609 698 τοιᾶσδε
639 646 816 716 δόξης,
842 646 1197 720 (ἡγιασμένοι
1223 650 1332 720 γὰρ
1353 651 1452 722 ἤδη
1468 652 1562 704 καὶ
1579 651 1736 722 ἱεροὶ,
1759 652 1855 706 καὶ

282 739 416 791 θεῖον
444 737 725 808 ἀνάθημα,
755 739 848 792 καὶ
875 739 927 790 τί
951 741 1060 813 γὰρ
1093 742 1215 813 οὐχὶ
1242 743 1350 797 τῶν
1385 743 1600 797 τοιῶνδε
1632 760 1852 814 χρημα-

266 828 444 892 τίζειν
465 828 697 899 ἡξίουν;)
743 829 934 883 σπάνει
951 831 1008 885 δὲ
1031 851 1134 905 χρη
1144 833 1327 904 μάτων
1342 835 1740 897 ἀνακόπτοντες
1754 833 1853 906 τὴν

1954 469 2132 522 adhuc
2156 478 2212 524 et
2240 471 2455 536 umbra,
2506 479 2685 526 tamen
2725 488 2792 525 ex
2825 472 2961 541 legis
3005 471 3396 526 constitutione
3429 487 3528 527 cus

1953 560 2209 630 piebant;
2262 571 2426 632 atque
2472 565 2559 628 iis,
2586 565 2678 634 qui
2715 563 3026 619 sacerdotio
3058 562 3446 632 fungebantur,
3477 573 3530 617 et

1954 651 2020 705 ad
2054 651 2304 707 divinum
2331 655 2500 710 altare
2531 657 2869 722 assidebam,
2903 671 3004 726 pro
3044 656 3241 726 seipsis
3294 657 3532 726 pretium

1952 739 2178 795 daturos
2200 741 2617 810 profitebantur.
2645 745 2814 799 Erant
2855 743 3022 814 igitur
3052 743 3242 813 aliqui,
3268 744 3362 814 qui
3383 745 3532 816 ejus-

1954 833 2100 887 modi
2139 833 2371 903 gloriam
2407 845 2734 906 expeterent
2799 835 3212 891 :sanctificatos
3275 841 3422 891 enim
3476 852 3535 890 se

282 919 593 992 ἐπιθυμίαν,
629 921 723 975 καὶ
749 922 1171 993 δυσδιάφευκτον
1208 926 1424 998 ἔχοντες
1466 925 1856 997 παραπόδισμα

1958 926 2060 996 iam
2093 933 2150 978 et
2200 935 2496 990 sacros,-ct
2541 927 2653 981 Deo
2683 927 2926 982 dicatum
2959 925 3187 991 donum,
3215 934 3272 981 et
3309 928 3356 982 si
3388 927 3534 998 quod

280 1010 370 1063 τοῦ
396 1011 719 1080 πράγματος
755 1009 855 1082 τὴν
889 1014 1162 1084 πτωχείαν
1180 1031 1195 1047 ’
1220 1014 1635 1086 προτρεπόντων
1662 1014 1719 1067 δὲ
1755 1014 1855 1067 αὐ-

282 1104 402 1165 τοὺς
427 1101 522 1156 καί
547 1100 691 1172 μάλα
716 1101 1010 1174 προθύμως
1031 1105 1124 1157 ἐπὶ
1160 1105 1221 1158 τὸ
1241 1105 1352 1158 δεῖν
1381 1105 1515 1158 ἰέναι
1539 1104 1675 1174 πρὸς
1697 1103 1856 1158 τοῦτο

283 1193 386 1247 τῶν
405 1193 785 1264 Γραμματέων
811 1194 906 1246 καὶ
930 1195 1240 1265 Φαρισαίων
1270 1195 1722 1267 ¹(ἐρασιχρτίιματοι
1747 1195 1856 1267 γὰρ

284 1289 328 1340 οἱ
355 1285 547 1339 τοιοίδε
583 1285 736 1350 λίαν,
767 1287 860 1340 καὶ
875 1285 1182 1358 λημμάτων
1211 1288 1455 1358 αἰσχρῶν
1503 1287 1853 1358 ἡττώμενοι),

283 1377 377 1447 τὴν
400 1377 480 1439 είς
503 1374 697 1444 γονέας
729 1375 862 1430 αίδὼ
897 1377 1290 1448 προετείνοντο,
1323 1376 1584 1431 δύνασθαί
1610 1394 1670 1429 τε
1703 1378 1856 1447 μόλις

287 1467 432 1537 σφίσι
463 1483 523 1519 τε
551 1466 734 1529 αὐτοῖς
761 1466 1034 1529 κάκείνοις
1062 1467 1131 1520 τὰ
1162 1466 1388 1538 ζωαρκῆ
1418 1466 1739 1538 πορίζεσθαι
1763 1485 1858 1520 τυ-

285 1559 397 1628 χὸν,
432 1559 466 1630 ἢ
502 1559 595 1610 καὶ
625 1556 803 1628 ἀμφια
838 1557 1136 1626 συλλέγειν,
1175 1557 1558 1628 ἀληθεύοντες,
1595 1558 1854 1628 ἔφασκον.

287 1647 402 1700 Οἵδε
444 1647 757 1701 ἀναπείθειν
808 1647 1087 1717 ἐτόλμων,
1135 1648 1266 1720 παρ’
1319 1649 1473 1702 οὐδὲν
1514 1647 1766 1719 ἡγεῖσθαι
1797 1647 1859 1701 τὸ

287 1738 470 1808 χρῆμα
510 1737 599 1790 διὰ
635 1737 768 1791 Θεόν
789 1753 804 1768 ·
845 1738 949 1792 κᾶν
995 1740 1044 1791 εί
1079 1739 1358 1809 προσίοιεν
1385 1739 1436 1791 οί
1466 1739 1855 1810 γεγεννηκότες
1888 1720 1929 1774 Β

285 1827 377 1895 τὴν
403 1826 608 1898 συνήθη
631 1828 758 1898 παρ’
782 1827 960 1881 αὐτῶν
984 1827 1272 1900 ζητοῦντες
1295 1830 1633 1900 ἐπικουρίαν,
1655 1829 1855 1899 χρῆναι

286 1917 458 1986 λέγειν
488 1918 766 1972 ἐδίδασκον
798 1920 966 1989 πατρὶ
991 1919 1086 1973 καὶ
1109 1919 1276 1990 μητρί
1296 1935 1309 1949 ·
1336 1938 1354 1970 ι
1385 1919 1588 1990 Δῶρον,
1615 1920 1644 1972 ὃ
1676 1919 1770 1972 ἐὰν
1796 1920 1856 1985 ἐξ

285 2009 412 2079 ἐμοῦ
459 2009 747 2082 ὠφεληθῇς
786 2011 872 2066 ἀν.
915 2029 933 2061 ι
968 2009 1289 2078 Τουτέστιν,
1320 2011 1496 2082 Ὅπερ
1521 2010 1586 2064 ἂν
1613 2012 1672 2078 ἐξ
1720 2011 1854 2082 ἐμοῦ

284 2102 469 2174 λάϐῃς,
496 2102 559 2156 τὸ
591 2101 731 2156 θεῖον
761 2103 868 2157 ι’σθι
896 2121 979 2156 τοι
1011 2102 1420 2174 παραϐλάπτων
1446 2103 1722 2174 ἀνάθημα,
1761 2105 1857 2158 καὶ

285 2195 554 2267 χρήμασιν
582 2195 744 2266 ἱεροῖς
773 2195 871 2258 τὰς
904 2198 1092 2266 χεῖρας
1119 2193 1364 2264 ἐπάγων
1397 2194 1721 2249 ἀνατέθεικα
1747 2195 1856 2265 γάρ

283 2285 518 2358 ἐμαυτὸν
546 2286 642 2340 καὶ
668 2286 743 2350 ὡς
769 2286 940 2357 δῶρον
971 2286 1320 2357 ἐπήγγελμαι
1348 2284 1426 2355 τῷ
1451 2285 1588 2356 Θεῷ.
1619 2285 1682 2338 Οί
1703 2284 1760 2338 δὲ
1788 2286 1857 2339 τὰ

285 2379 344 2432 ἐκ
354 2379 452 2450 τῆς
473 2376 773 2449 ίεροσυλίας
789 2377 1018 2441 δεδιότες
1036 2377 1230 2447 βλάϐη,
1248 2376 1344 2430 καὶ
1364 2377 1488 2440 τοὺς
1507 2377 1600 2429 ἐπὶ
1619 2375 1752 2447 τῷδε
1775 2377 1856 2430 νό-

287 2485 416 2540 μους
436 2469 909 2540 καταπεφρικότες
927 2470 1086 2538 ἄγαν,
1100 2467 1487 2540 διεκαρτέρουν
1506 2467 1855 2539 οἰμώζοντες,

283 2561 372 2613 καὶ
393 2560 493 2630 τὴν
517 2562 597 2624 είς
621 2560 753 2614 Θεὸν
779 2559 1065 2614 εὐσέϐειαν
1093 2561 1368 2631 πρόφασιν
1398 2561 1584 2624 αὐτοῖς
1606 2561 1857 2630 γενέσθαι

282 2649 438 2722 λιμοῦ
463 2651 798 2716 διετείνοντο,
832 2651 1310 2722 κατακεκραγότες
1337 2652 1477 2723 τάχα
1504 2669 1610 2706 που
1631 2652 1726 2706 καὶ¹
1758 2653 1858 2722 τῆς

283 2739 429 2804 θείας
448 2742 690 2812 ἐντολῆς,
711 2741 787 2807 ὡς
807 2741 1098 2812 ἀδικούσης
1119 2742 1317 2806 αὐτοὺς
1333 2743 1412 2806 είς
1427 2742 1495 2795 τὰ
1507 2739 1854 2814 καιριώτατα.

283 2831 377 2884 Διά
401 2830 457 2884 τί
485 2832 663 2887 τοίνυν
702 2833 886 2902 φησὶν,
934 2853 951 2884 ι
992 2831 1342 2903 Ἠκυρώσατε
1373 2833 1472 2905 τὴν
1504 2832 1724 2903 ἐντολὴν
1764 2832 1858 2885 τοῦ

1954 1018 2102 1073 aliud
2126 1017 2398 1088 ejusmodi
2436 1018 2770 1073 vocabulum
2796 1025 2903 1082 est,
2936 1018 3202 1087 appellari
3226 1027 3483 1088 Optarent
3523 1040 3533 1074 :

1955 1118 2212 1164 caeterum
2240 1108 2423 1178 inopia
2458 1108 2706 1178 pecuniae
2741 1106 3120 1177 reprimebant
3173 1108 3280 1163 hoc
3325 1109 3538 1164 deside-

1957 1201 2122 1266 rium,
2157 1200 2304 1272 quod
2330 1200 2646 1256 inevitabile
2681 1199 2748 1254 ad
2779 1214 2901 1254 eam
2929 1214 3048 1254 rem
3086 1198 3538 1268 impedimentum

1957 1293 2245 1358 haberent,
2274 1308 2474 1362 nempe
2498 1298 2877 1361 paupertatem
2919 1308 2931 1343 :
2969 1289 3395 1344 adhortantibus
3441 1305 3538 1344 au-

1958 1392 2067 1438 tem
2098 1399 2215 1448 eos,
2242 1392 2298 1438 et
2329 1384 2554 1454 quidem
2585 1382 2824 1437 maximo
2855 1381 3037 1438 studio
3065 1381 3274 1436 Scribis
3305 1397 3369 1436 ac
3395 1382 3538 1437 Pha-

1959 1473 2152 1539 risaeis,
2172 1482 2232 1529 ut
2250 1474 2318 1528 ad
2342 1489 2464 1528 eam
2495 1489 2612 1529 rem
2635 1473 3040 1543 exsequendam
3067 1481 3364 1542 pergerent
3401 1472 3541 1543 (erat

1956 1567 2104 1620 enim
2129 1565 2183 1620 id
2209 1566 2494 1622 hominum
2530 1582 2702 1636 genus
2731 1579 2980 1630 avarum,
3008 1575 3064 1618 et
3093 1565 3268 1634 turpis
3297 1572 3541 1633 quaestus

1958 1657 2244 1727 cupiditati
2276 1658 2620 1729 obnoxium),
2662 1659 2740 1714 illi
2764 1657 3006 1715 revereri
3041 1673 3099 1712 se
3117 1665 3374 1726 parentes
3404 1672 3537 1711 cau-

1957 1749 2250 1815 sabantur,
2287 1751 2488 1821 vixque
2522 1766 2680 1820 posse
2720 1751 2825 1806 sibi
2868 1749 3001 1820 ipsis
3036 1755 3092 1802 et
3123 1748 3263 1812 illis,
3307 1763 3428 1817 qum
3471 1749 3537 1803 ad

1955 1841 2161 1895 victum
2193 1843 2327 1896 satis
2347 1851 2552 1906 essent,
2576 1839 2952 1910 suppeditare,
3007 1846 3104 1892 aut
3159 1846 3342 1893 vestes
3392 1853 3540 1892 com-

1955 1947 2150 2001 parare
2184 1932 2458 1987 dicebant.
2517 1932 2680 2002 239
2707 1933 2776 1985 At
2801 1931 2858 1985 hi
2879 1929 3211 2000 persuadere
3242 1929 3536 1994 audebant,

1957 2029 2019 2074 ut
2042 2031 2272 2093 propter
2306 2023 2478 2078 Deum
2507 2039 2628 2078 eam
2655 2038 2773 2078 rem
2805 2037 2907 2092 pro
2933 2021 3108 2075 nihilo
3135 2020 3439 2086 haberent;
3475 2035 3540 2075 ac

1958 2117 2002 2170 si
2028 2124 2284 2188 parentes
2306 2116 2376 2170 ad
2416 2116 2563 2185 ipsos
2591 2115 2939 2178 accederent,
2995 2120 3052 2168 et
3097 2119 3422 2167 consuetum
3469 2111 3541 2168 ab

1959 2211 2093 2281 ipsis
2121 2208 2430 2265 subsidium
2462 2215 2738 2276 peterent,
2785 2206 2929 2276 patri
2965 2221 3029 2260 ac
3046 2203 3207 2258 matri
3244 2202 3540 2258 dicendum

1957 2315 2078 2355 esse
2116 2298 2387 2354 docebant
2427 2315 2440 2350 :
2478 2316 2496 2348 ‹
2559 2297 2755 2351 Munus
2795 2295 3164 2366 quodcunque
3216 2304 3302 2352 est
3349 2311 3416 2350 ex
3453 2311 3541 2350 me

1959 2390 2056 2444 tibi
2111 2389 2371 2460 prosit“.
2412 2407 2429 2438 ι
2473 2387 2587 2441 [loc
2630 2396 2732 2450 est,
2785 2387 2831 2441 si
2865 2387 2996 2457 quid
3029 2403 3058 2442 a
3107 2404 3195 2444 me
3239 2388 3538 2458 acceperis,

1958 2479 2205 2533 divinum
2227 2487 2280 2533 te
2310 2477 2562 2532 fraudare
2589 2476 2795 2531 donum
2835 2477 2991 2543 scito,
3031 2486 3087 2533 et
3126 2480 3180 2533 in
3219 2495 3309 2534 res
3356 2493 3542 2533 sacras

1960 2581 2156 2620 manus
2194 2566 2443 2636 injicere,
2507 2581 2633 2619 nam
2696 2565 2970 2635 meipsum
3023 2566 3292 2632 dedicari,
3340 2574 3395 2621 et
3427 2564 3541 2620 Deo

1959 2657 2114 2726 quasi
2151 2657 2453 2726 repositum
2483 2656 2688 2710 donum
2737 2658 3072 2711 consecravi.
3124 2658 3208 2711 illi
3257 2673 3389 2712 vero
3414 2672 3540 2712 cum

1961 2748 2234 2819 sacrilegii
2269 2763 2488 2818 pmnam
2523 2755 2876 2813 metuerent,
2916 2756 2972 2802 et
3026 2749 3175 2819 leges
3228 2764 3293 2804 ea
3344 2749 3413 2804 de
3479 2765 3541 2804 re

1961 2842 2289 2896 constitutas
2309 2840 2754 2904 extimescerent,
2769 2855 3061 2894 aerummas
3082 2840 3204 2894 illas
3228 2840 3544 2896 miserrime

283 2921 438 2988 Θεοῦ,
470 2921 559 2976 διά
586 2922 684 2993 τὴν
709 2921 1003 2994 παράδοσιν
1029 2923 1215 2993 ὐμῶν;
1241 2942 1260 2972 ι
1301 2923 1448 2989 Ἔδει
1476 2923 1754 3003 γὰρηέδει
1780 2939 1858 2976 τι-

1960 2928 2332 2999 perfcrebant,
2369 2937 2424 2982 et
2451 2927 2711 2996 pietatem
2735 2927 2790 2980 in
2825 2929 2998 2982 Deum
3038 2927 3142 2982 sibi
3189 2928 3348 2983 famis
3381 2944 3542 2983 occa-

286 3013 390 3084 μᾷν
419 3013 550 3076 τοὺς
581 3013 876 3082 φύσαντας,
906 3014 966 3067 ού
992 3015 1089 3084 τῆς
1120 3017 1200 3080 είς
1225 3015 1359 3069 Θεὸν
1389 3015 1670 3078 εὐσεϐείας
1698 3015 1858 3069 ἕνεκα

1963 3013 2171 3068 sionem
2207 3013 2375 3068 fuisse
2424 3014 2775 3079 accusabant,
2830 3029 2894 3069 ac
2923 3014 3156 3070 fortasse
3191 3016 3259 3071 de
3290 3016 3408 3086 ipso
3447 3019 3544 3072 Dei

281 3101 371 3156 τὸν
403 3101 490 3155 ἐπ’
538 3102 721 3167 αὐτοῖς
771 3105 1062 3158 καταλύειν
1101 3106 1286 3174 νόμον.
1334 3105 1543 3159 Οὐκοῦν
1581 3104 1704 3159 οὔτε
1748 3105 1858 3160 τῶν

1964 3105 2221 3159 mandato
2244 3105 2747 3174 conquerebantur,
2784 3116 3046 3176 tanquam
3073 3108 3142 3162 ab
3166 3124 3233 3163 eo
3271 3110 3328 3162 in
3377 3110 3547 3164 rebus

284 3192 400 3263 Θεῷ
445 3192 765 3263 πρεπόντων
800 3195 1102 3268 ἀμελητέον
1131 3196 1220 3250 διὰ
1251 3196 1319 3250 τὰ
1348 3195 1668 3267 ἀνθρώπινα
1689 3235 1704 3260 ,
1735 3195 1858 3250 οὕτε

1966 3195 2202 3249 maxime
2257 3195 2582 3250 necessariis
2653 3195 2993 3251 violarentur
3048 3217 3061 3251 :
3115 3199 3347 3270 ideoque
3399 3201 3477 3254 ait
3527 3218 3542 3255 :

287 3281 392 3354 μὴν
429 3283 662 3338 είσάπαν
697 3285 807 3340 τῶν
858 3287 1215 3359 ἀνθρωπίνων
1250 3287 1337 3342 διὰ
1380 3287 1514 3340 Θεὸν
1545 3287 1858 3358 καταραθυ-

1973 3308 1991 3340 ‹
2019 3289 2238 3343 Irritum
2287 3287 2495 3342 fecistis
2539 3287 2856 3342 mandatum
2902 3289 2998 3343 Dei
3028 3299 3255 3359 propter
3292 3291 3546 3346 traditio-

287 3376 407 3444 μεῖν
463 3375 757 3446 ἀναγκαῖον
777 3395 792 3409 ·
848 3380 1222 3451 ἀπονέμοντας
1278 3379 1335 3431 δὲ
1392 3379 1594 3448 μᾶλλον
1645 3379 1708 3432 τὸ
1759 3379 1858 3449 τῆς

1967 3397 2092 3436 nem
2120 3387 2360 3435 vestram
2409 3379 2475 3431 ”.
2516 3397 2533 3430 ι
2565 3377 2878 3434 llonorandi
2928 3379 3076 3434 enim
3106 3390 3263 3434 erant
3299 3381 3546 3451 profecto

285 3467 503 3539 ἀγᾶπης
526 3469 802 3542 ἐξαίρετον
821 3474 889 3543 τῇ
914 3472 1131 3526 πάντων
1157 3471 1320 3542 ἀρχῇ,
1351 3469 1598 3523 τουτέστι
1625 3469 1705 3540 τῷ
1719 3469 1858 3540 Θεῷ,

1967 3477 2247 3540 parentes;
2277 3483 2386 3522 non
2409 3467 2694 3538 religionis
2715 3483 2880 3522 causa
2921 3467 3028 3534 lex,
3067 3483 3189 3538 qum
3215 3469 3282 3524 de
3307 3471 3547 3539 parenti-

285 3559 379 3611 xcti.
408 3559 660 3632 καθάπερ
685 3562 742 3615 ἐν
770 3561 920 3626 τάξει
950 3562 1178 3633 δευτέρᾳ
1214 3562 1309 3614 καὶ
1351 3560 1586 3630 γείτονι,
1619 3577 1858 3634 παρακο·

1964 3561 2069 3616 bus
2101 3560 2209 3615 lata
2235 3568 2373 3625 erat,
2406 3559 2761 3614 destruenda.
2796 3559 2984 3629 Neque
3008 3560 3177 3631 igitur
3192 3577 3278 3627 ea,
3313 3578 3435 3632 qua:
3476 3563 3546 3617 ad

276 3649 467 3719 .pICCeW
509 3650 672 3716 εὐθὺς
716 3652 810 3705 καὶ
840 3654 918 3717 είς
943 3654 1070 3717 τοὺς
1097 3653 1196 3725 τῆς
1237 3653 1508 3722 γενέσεως
1557 3653 1858 3722 ὑπουργοὺς

1964 3653 2136 3708 Dcum
2156 3651 2454 3722 pertinent,
2480 3651 2846 3704 humanarum
2877 3665 3062 3704 rerum
3097 3666 3264 3705 causa
3301 3660 3549 3709 contem-

283 3740 383 3804 τὰς
409 3741 594 3807 αὐτοῖς
620 3744 702 3797 ὅτι
737 3744 974 3815 μάλιστα
1013 3743 1329 3815 πρεπούσας
1368 3743 1534 3814 τιμὰς
1567 3743 1858 3816 προσενθυ-

1964 3743 2145 3798 nenda
2173 3750 2321 3807 sunt,
2350 3756 2530 3811 neque
2561 3755 2757 3794 rursus
2787 3755 2877 3795 res
2908 3740 3159 3794 humanae
3182 3755 3408 3810 prorsus
3447 3741 3546 3795 Dei

287 3831 616 3901 μουμένους,
639 3829 722 3896 οἷς
749 3834 889 3905 ἔφην
917 3834 1010 3887 aut
1033 3833 1173 3889 τόδε.

1965 3842 2233 3906 praetextu
2288 3831 2653 3904 negligentiae;
2697 3831 2794 3886 sed
2829 3832 3046 3901 potius,
3107 3831 3202 3886 ubi
3244 3833 3550 3903 praacipuas

285 3923 572 3981 eharitatis
629 3935 811 3998 partes
882 3928 959 3982 illi
1028 3929 1276 3983 omnium
1332 3929 1775 4000 principio,Deo
1814 3929 2099 3995 nimirum,
2152 3928 2528 3994 tribuerimus,
2580 3937 2696 3982 tum
2734 3927 2978 3982 secundo
3027 3927 3148 3982 loco
3183 3943 3247 3982 ac
3296 3928 3548 3998 proximo

284 4033 503 4087 aequum
529 4029 612 4074 est
644 4020 809 4076 etiam
850 4021 983 4091 ipsis
1013 4023 1187 4076 nostri
1219 4032 1376 4078 ortus
1426 4023 1768 4079 administris
1815 4023 2034 4080 debitos
2061 4025 2118 4082 in
2150 4022 2344 4094 primis
2401 4021 2642 4077 honores
2702 4020 2966 4076 continuo
3023 4018 3260 4086 deferre,
3285 4030 3340 4076 et
3366 4020 3433 4075 ad
3482 4034 3548 4074 ea

285 4127 407 4182 quae
428 4113 542 4169 dix‘i
566 4112 697 4169 illud
728 4129 946 4185 quoque
968 4117 1254 4173 nobiscum
1275 4125 1549 4188 reputare.

354 4205 564 4258 HAAA.
595 4201 670 4258 Τὸ
703 4205 754 4258 τί
781 4205 845 4278 δὴ
869 4209 1010 4278 φής;

355 4297 520 4350 ΚΥΡ.
554 4297 760 4368 Χρῆμα
783 4298 890 4370 γάρ
910 4300 991 4352 ὅτι
1008 4299 1241 4370 μάλιστα
1263 4301 1373 4353 τῶν
1389 4301 1700 4368 ἀναγκαίων
1729 4302 1862 4372 ἡμῖν

284 4387 601 4457 ἀποφαίνων
631 4389 659 4440 ὁ
689 4387 896 4459 Κύριος
927 4388 1084 4458 ἡμῶν
1127 4389 1333 4458 Ἰησοῦς
1377 4390 1614 4461 Χριστὸς
1653 4391 1753 4461 τὴν
1783 4393 1863 4455 είς

281 4480 408 4544 τοὺς
435 4478 710 4549 φύσαντας
731 4479 887 4545 αίδὼ,
913 4480 1128 4549 φειδοῦς
1150 4481 1302 4549 ἠξίου
1321 4483 1416 4535 καὶ
1439 4482 1599 4551 λόγου
1625 4482 1721 4553 τὴν
1744 4485 1864 4536 ἐαυ-

279 4569 373 4622 τοῦ
390 4569 624 4642 μητέρα.
643 4571 886 4642 Ἀπηρτη
895 4572 1052 4640 μένος
1065 4570 1173 4641 γὰρ
1189 4572 1288 4642 ἤδη
1305 4572 1398 4625 τοῦ
1410 4573 1588 4643 τιμίου
1605 4573 1861 4645 σταυροῦ,

281 4660 376 4712 καὶ
412 4660 489 4730 τῷ
521 4660 662 4731 ξύλῳ
689 4662 1134 4733 προσηλωμένος,
1167 4661 1244 4732 τῷ
1269 4663 1477 4731 γνησίῳ
1509 4662 1724 4734 μαθητῇ
1758 4665 1858 4734 τὴν

281 4749 442 4814 ἁγίαν
463 4748 632 4802 ἐδίδου
664 4750 963 4821 Παρθένον,
991 4752 1084 4804 καὶ
1107 4767 1176 4821 γη
1188 4751 1417 4821 ροκόμον
1436 4751 1574 4821 αὐτῇ
1593 4749 1857 4813 καθιστὰς

278 4837 368 4892 τὸν
391 4842 581 4910 ἡγαπη
593 4839 775 4910 μένον,
795 4841 999 4909 ἔλεγεν·
1029 4861 1047 4893 ι
1083 4841 1268 4907 Γύναι,
1300 4841 1408 4894 ἰδοὺ
1429 4842 1457 4894 ὁ
1481 4840 1596 4902 υἱός
1618 4857 1733 4892 σου·
1763 4841 1856 4894 καὶ

275 4928 354 4998 τῷ
393 4929 607 5001 μαθητῇ
639 4925 810 4984 εἶπεν·
857 4932 989 4985 Ἰδοὺ
1021 4935 1051 5002 ἡ
1089 4935 1271 5002 μήτηρ
1306 4949 1398 4983 σου
1424 4947 1436 4959 ”
1463 4933 1558 4984 καὶ
1587 4932 1682 4984 ἀπ’
1712 4931 1855 4984 ὲκεί-

278 5034 376 5087 νης
416 5018 515 5088 τῆς
548 5018 716 5089 ὥρας,
763 5019 962 5091 φησὶν,
997 5019 1188 5073 ἔλαϐεν
1225 5017 1397 5091 αὐτὴν
1427 5022 1454 5073 ό
1486 5019 1732 5091 μαθητὴς
1775 5022 1856 5084 εἰς

274 5108 343 5162 τά
378 5109 505 5164 ἴδια.

347 5201 556 5255 ΠΑΛΛ.
599 5201 689 5262 Ὠς
717 5201 916 5270 ἀριστά
951 5218 1012 5270 γε
1062 5203 1196 5272 ἡμῖν
1241 5204 1269 5255 ὁ
1323 5203 1451 5273 περὶ
1495 5202 1648 5256 τοῦδε
1699 5201 1856 5270 λόγος

277 5290 676 5363 ἐκπεποιῆσθαι
707 5293 870 5346 δοκεῖ.

359 5385 521 5437 ΚΥΡ.
560 5382 912 5447 Καταζεύξας
940 5382 1003 5451 δὴ
1041 5376 1132 5435 οὖν
1170 5378 1228 5436 εὖ
1267 5384 1409 5453 μάλα
1443 5386 1555 5447 τοῖς
1600 5401 1856 5454 γεγεννη-

278 5479 401 5532 κότι
444 5479 514 5534 τὰ
547 5479 606 5544 ἐξ
648 5473 861 5538 αὐτῶν,
913 5473 1006 5525 καὶ
1038 5473 1129 5524 τὸν
1161 5475 1224 5525 ἐκ
1277 5476 1441 5543 νόμον.)
1477 5475 1570 5527 καὶ
1612 5475 1858 5546 ἀνάγκης

885 5659 926 5688 ¹⁹
956 5656 1087 5708 ibid.
1116 5657 1167 5707 6.

349 5656 394 5688 ³⁸
422 5657 726 5712 Mattli.xv.
755 5657 804 5710 5.
885 5659 926 5688 ‘9
956 5656 1087 5708 ibid.
1116 5657 1167 5707 6.
1249 5655 1469 5708 30Joan.
1516 5669 1623 5718 xm,
1663 5655 1752 5718 26,
1793 5655 1882 5707 27.

1891 4212 1934 4267 D
2035 4203 2231 4261 PALL.
2260 4203 2534 4270 Quidnam
2556 4202 2612 4257 id
2633 4203 2756 4257 est?

2035 4297 2192 4353 (ΝΒ.
2251 4296 2389 4350 Nam
2424 4310 2539 4349 rem
2563 4297 2614 4350 in
2639 4292 2832 4363 primis
2868 4289 3239 4344 necessariam
3285 4302 3407 4342 esse
3458 4305 3546 4344 re-

1962 4385 2271 4442 verentiam
2308 4385 2364 4437 in
2385 4392 2662 4452 parentes,
2688 4380 2848 4435 nobis
2889 4365 3131 4432 ostendit
3156 4377 3422 4432 Dominus
3443 4394 3546 4432 no-

1966 4488 2078 4533 ster
2120 4477 2281 4532 Iesus
2308 4475 2582 4537 Christus,
2614 4487 2740 4527 eum
2787 4487 2899 4526 suae
2926 4469 3099 4539 ipsius
3134 4469 3327 4524 matris
3358 4485 3546 4524 curam

1965 4577 2130 4638 atque
2159 4567 2433 4621 rationem
2472 4564 2686 4619 habuit.
2731 4563 2994 4618 Sublatus
3041 4577 3277 4631 namque
3312 4562 3426 4632 jam
3490 4563 3546 4616 in

1965 4657 2336 4712 venerandam
2368 4656 2518 4709 illam
2552 4668 2794 4717 crucem,
2830 4661 2885 4707 et
2918 4653 3067 4722 ligno
3102 4651 3350 4716 sufﬁxus,
3377 4651 3546 4706 disci-

1957 4749 2088 4818 pulo
2115 4763 2217 4803 suo
2237 4763 2496 4819 germano
2521 4755 2766 4801 sanetam
2787 4744 3068 4814 Virginem
3095 4742 3342 4807 tradidit,
3369 4758 3433 4797 ac
3464 4759 3547 4797 se-

1955 4843 2192 4896 nectutis
2259 4840 2408 4894 illius
2458 4847 2696 4892 tutorem
2746 4837 3186 4905 nutritoremque
3258 4835 3548 4890 constituit

1959 4933 2219 4987 dilectum
2247 4931 2400 4985 illum
2432 4945 2614 4994 suum,
2653 4929 2842 4983 dicens
2879 4945 2890 4980 :
2933 4947 2948 4976 ι
2988 4926 3203 4990 Mulier,
3239 4940 3368 4980 ecce
3402 4925 3548 4981 ﬁlius

1963 5033 2120 5088 tuus;
2153 5021 2351 5076 deinde
2379 5020 2686 5089 discipulo:
2719 5020 2861 5075 Ecce
2901 5025 3075 5072 mater
3114 5024 3236 5082 tua;
3264 5026 3320 5070 et
3356 5031 3421 5069 ex
3454 5016 3547 5070 illa

1964 5114 2098 5168 hora
2116 5112 2326 5182 accepit
2351 5127 2470 5166 eam
2493 5112 2797 5181 discipulus
2823 5111 2878 5164 in
2910 5107 3090 5163 sua".
3133 5125 3150 5156 ι

2035 5203 2232 5256 PALL.
2274 5203 2540 5258 Praeclare
2564 5217 2694 5256 sane
2738 5201 2841 5254 hac
2884 5200 2951 5254 de
2983 5213 3041 5251 re
3076 5195 3251 5250 oratio
3295 5193 3546 5248 confecta

1963 5311 2083 5349 esse
2115 5295 2355 5348 videtur.

2032 5385 2189 5440 CYR.
2223 5385 2360 5441 Cum
2396 5387 2580 5455 itaque
2619 5383 2825 5436 liberos
2869 5377 3191 5448 parentibus
3241 5376 3546 5432 rectissime

1965 5477 2309 5547 subiecisset,
2335 5486 2390 5532 et
2411 5476 2714 5547 legitimum
2753 5473 2819 5526 iis
2849 5485 2913 5524 ac
2939 5469 3313 5523 necessarium
3353 5471 3544 5541 jugum
