4138 6300
528 319 632 378 515

1543 303 1596 366 S.
1638 310 1910 367 CYRILLI
1951 298 2420 366 ALEXANDRINI
2464 299 2788 368 ARCHIEP.

3685 311 3790 369 516

528 430 898 506 imposuisset,
930 429 1076 482 illico
1103 426 1293 496 quales
1322 425 1488 479 etiam
1529 433 1785 494 parentes
1817 440 1944 494 erga
1969 423 2108 478 libe-

2211 423 2394 485 αὐτοῖς
2417 422 2711 493 ἐπιρρίψας
2743 421 2925 491 ζυγὸν,
2959 422 3135 475 ὁποῖοί
3164 438 3307 485 τινες
3333 416 3443 474 εἷεν
3465 422 3531 476 ἂν
3569 422 3698 493 περὶ
3722 425 3791 477 τὰ

528 541 622 581 ros
659 537 779 578 esse
822 525 1111 588 Oporteat,
1154 517 1261 570 sia
1321 514 1418 569 Dei
1483 513 1764 568 voluntate
1821 513 2110 568 deﬂectere

526 615 722 675 nolint,
749 610 933 666 edicit.
972 609 1049 663 Ac
1071 609 1272 662 Paulus
1296 606 1518 676 quidem
1542 606 1980 673 sapientissimus
2003 607 2107 670 vir,

527 715 816 774 postquam
837 701 1028 770 paucis
1059 699 1222 770 240
1263 705 1318 751 et
1339 696 1592 766 expedite
1622 696 1809 750 liberis
1831 697 2107 766 praecepit,

530 805 589 851 at
633 793 1001 864 subjiciantur
1047 788 1409 860 parentibus,
1458 788 1658 858 adjecit
1701 788 1870 842 etiam
1925 787 2057 841 illud
2093 806 2105 840 :

535 906 552 939 ι
585 885 795 948 Patres,
837 885 1011 937 nolite
1042 883 1109 936 ad
1139 880 1481 934 iracundiam
1522 896 1818 950 provocare
1849 879 1990 934 filios
2013 895 2108 934 ve-

526 986 692 1040 stros,
712 975 806 1030 sed
837 975 1068 1029 educate
1097 988 1192 1027 eos
1214 972 1271 1024 in
1294 965 1644 1040 correptione
1674 971 1889 1024 Domini
1911 972 1975 1034 ³¹,
2007 991 2024 1021 ι
2057 971 2108 1025 id

525 1075 631 1132 est,
667 1067 998 1138 optimarum
1029 1063 1443 1132 disciplinarum
1487 1063 1595 1115 illis
1623 1070 1880 1116 auctores
1910 1066 2106 1124 estote,

526 1167 690 1227 atque
716 1157 784 1210 ad
819 1156 989 1209 vitam
1021 1155 1133 1208 Deo
1171 1161 1379 1223 gratam
1423 1152 1639 1220 legique
1687 1151 1923 1204 maxime
1975 1166 2108 1204 con-

527 1259 843 1303 sentaneam
874 1245 1112 1315 dirigite.
1143 1244 1212 1297 At
1241 1258 1374 1297 vero
1411 1259 1509 1312 per
1542 1242 1812 1296 ambitum
1842 1241 2108 1310 quodam-

527 1340 690 1394 modo
719 1348 880 1409 atque
907 1339 1200 1392 circuitum
1233 1337 1334 1407 (sic
1357 1337 1506 1390 enim
1549 1336 1663 1389 fere
1691 1333 1994 1404 consuevit)
2017 1349 2110 1404 pa-

528 1431 777 1484 rentibus
825 1429 1080 1498 inprimis
1116 1436 1172 1483 et
1213 1427 1436 1497 quidem
1479 1427 1786 1480 rectissime
1825 1427 2106 1496 praecipit,

527 1530 588 1572 ut
619 1519 684 1572 de
707 1519 1007 1572 liberorum
1031 1519 1305 1589 probitate
1335 1516 1556 1571 solliciti
1578 1517 1685 1570 sint
1715 1535 1726 1569 :
1763 1536 1781 1568 c
1818 1517 1938 1571 Non
1977 1532 2108 1586 pro-

525 1610 757 1674 fanabis,
803 1610 1079 1678 inquiens,
1120 1610 1284 1664 ﬁliam
1333 1619 1502 1674 tuam,
1535 1616 1596 1662 ut
1640 1607 1899 1662 fornicari
1940 1607 2110 1662 facias

525 1719 667 1766 eam,
693 1712 748 1756 et
771 1719 880 1756 non
917 1701 1284 1756 fornieabitur
1324 1711 1494 1763 terra,
1531 1707 1587 1754 et
1617 1706 1764 1753 terra
1804 1698 2109 1768 replebitur

2217 514 2368 583 σφῶν
2400 514 2582 568 αὐτῶν
2619 514 2936 584 γεννήματα
2973 513 3066 566 καὶ
3097 515 3146 566 οἰ
3177 515 3378 581 γονεῖς,
3402 514 3450 566 εἰ
3482 513 3542 566 τὸ
3570 515 3647 584 τῷ
3673 515 3791 588 Θεῷ

2211 605 2402 660 δοκοῦν
2455 605 2554 658 οὐκ
2604 604 3035 674 ἐκσοϐήσονται,
3088 604 3430 675 παραχρῆμα
3483 607 3786 676 νομοθετεῖ.

2213 696 2430 759 Παῦλος·
2471 697 2566 766 μὲν
2600 691 2692 749 οῦν
2739 697 2767 748 6
2809 695 3119 764 σοφώτατος
3153 698 3210 748 ἐν
3247 695 3440 766 βραχεῖ
3480 699 3574 751 καὶ
3621 701 3792 752 εὐαπο

2213 785 2516 848 αλλὰκτως,
2561 785 2959 838 ὑποτάττεσθαι
2997 786 3108 838 δεῖν
3137 789 3249 849 τοῖς
3286 788 3547 859 πατράσι,
3585 808 3796 862 παρεγ-

2212 871 2320 940 γυᾷ
2348 873 2461 933 τοῖς
2493 870 2740 933 τέκνοις.
2776 871 2880 942 ἔφη
2918 871 2996 934 δὲ,
3025 873 3110 939 ρτι
3140 874 3236 926 καί
3271 892 3290 923 ι
3323 876 3384 926 Οἱ
3421 879 3676 948 πατέρες,
3715 882 3790 951 μὴ

2211 961 2571 1032 παροργίζετε
2605 962 2675 1015 τὰ
2718 963 2882 1016 τέκνα
2941 965 3114 1034 ὑμῶν,
3154 966 3270 1019 ἀλλ’
3307 970 3601 1039 ἐκτρέφετε
3652 975 3794 1028 αὐτὰ

2211 1053 2269 1104 ἐν
2299 1053 2551 1124 νουθεσίᾳ
2585 1053 2811 1124 Κυρίου⁸
2850 1075 2868 1108 t
2896 1057 3162 1120 τουτέστι,
3196 1057 3315 1113 Τῶν
3345 1061 3582 1132 ἀρίστων
3607 1067 3791 1131 αὐτοῖς

2215 1140 2554 1210 μαθημάτων
2601 1145 2890 1215 εἰσηγηταὶ
2917 1149 3221 1215 γεγονότες,
3266 1153 3403 1221 πρὸς
3443 1153 3664 1227 θεοφιλῆ
3697 1161 3793 1219 καὶ

2213 1230 2595 1301 ἐννομωτάτην
2641 1233 2977 1288 ἀπευθύνετε
3021 1237 3321 1294 πολιτείαν.
3354 1242 3454 1296 Διὰ
3484 1245 3685 1300 κύκλου
3733 1251 3792 1304 δὲ

2210 1315 2400 1388 ὥσπερ
2420 1319 2448 1372 6
2467 1321 2629 1391 νόμος
2650 1322 2900 1393 (σύνηθες
2923 1327 3029 1396 γάρ
3051 1330 3197 1381 ἐστιν
3215 1329 3289 1394 ὡς
3312 1332 3400 1384 ἀεὶ
3420 1333 3577 1387 τοῦτο
3597 1337 3789 1406 αὐτῷ),

2210 1409 2310 1482 τῆς
2338 1413 2446 1464 τῶν
2472 1413 2677 1468 τέκνων
2723 1417 3026 1483 ἐπιεικείας
3055 1427 3302 1492 προνοεῖν
3340 1425 3422 1478 ὅτι
3460 1427 3694 1496 μάλιστα
3727 1447 3792 1499 γε

2211 1504 2308 1594 και
2350 1503 2502 1594 μαλα
2552 1505 2729 1577 ὀρθῶς
2780 1509 3111 1582 ἐπισκήπτει
3155 1517 3426 1587 πατράσιν
3451 1535 3464 1550 °
3501 1537 3519 1570 ι
3559 1522 3632 1574 Οὺ
3683 1523 3790 1594 γὰρ

2213 1589 2562 1663 βεϐηλώσεις,
2597 1614 2616 1648 ι
2643 1597 2795 1668 φησί,
2830 1617 2849 1649 ι
2891 1599 2988 1672 τὴν
3021 1600 3292 1675 θυγατέρα
3313 1623 3403 1660 σου
3425 1589 3792 1679 ἐκπορνεῦσαι

2213 1684 2403 1755 αὐτὴν,
2427 1686 2530 1740 καί
2549 1688 2649 1741 οὐκ
2682 1691 3026 1766 ἐκπορνεύσῃ
3055 1694 3088 1765 ή
3115 1695 3209 1764 γῆ,
3245 1696 3340 1750 καὶ
3361 1700 3395 1768 ή
3430 1702 3500 1771 γῆ
3542 1701 3792 1775 πλησθή-

526 1795 819 1863 iniquitate
867 1793 933 1847 ³³.
1002 1811 1020 1844 ι
1074 1793 1211 1846 Nam
1276 1795 1572 1861 corporum
1614 1791 1923 1844 castitatem
1981 1797 2108 1844 ante

2214 1789 2368 1827 σεται
2417 1775 2668 1846 ἀνομίας.
2716 1779 2829 1850 Τὴν
2879 1779 2988 1852 γάρ
3023 1799 3106 1835 τοι
3142 1785 3410 1855 σωμάτων
3440 1789 3658 1856 ἁγνείαν
3697 1791 3792 1846 καί

526 1891 634 1944 alia
695 1889 865 1944 veluti
913 1887 1185 1958 primitias
1235 1887 1499 1958 quasdam
1564 1895 1763 1942 sanctae
1810 1902 2106 1941 conversa-

528 1980 694 2034 tionis
753 1996 782 2034 a
812 1979 973 2034 nobis
1007 1979 1182 2048 exigit
1229 1985 1420 2032 noster
1454 1976 1752 2042 Conditor;
1787 1986 1916 2031 sunt
1959 1978 2106 2032 enim

526 2071 829 2138 corporalia
845 2069 960 2124 haec
976 2075 1297 2124 ornamenta
1313 2068 1462 2122 velut
1476 2067 1659 2122 aditus
1675 2067 1895 2137 quidam
1917 2067 1984 2122 ad
2001 2069 2110 2138 spi-

527 2161 667 2213 ritus
687 2159 1013 2222 claritatem,
1035 2173 1161 2212 cum
1189 2156 1551 2226 turpitudinis
1579 2173 1643 2212 ac
1673 2157 1968 2212 dedecoris
2003 2173 2107 2212 no-

527 2261 608 2307 tas
629 2253 911 2323 effugiant.
947 2251 1116 2322 Igitur
1138 2258 1396 2321 parentes
1420 2257 1638 2320 oportet
1655 2257 1714 2304 ut
1741 2251 1809 2304 ad
1836 2265 1924 2304 res
1945 2265 2109 2319 quam

524 2347 759 2415 dptimas
781 2346 891 2400 sint
933 2353 1188 2399 auctores
1221 2361 1234 2396 :
1271 2343 1358 2398 sin
1393 2343 1642 2412 resupini
1671 2348 1729 2398 et
1773 2344 2110 2414 negligentes

524 2443 690 2489 erunt
721 2434 1020 2505 paedagogi,
1044 2442 1207 2503 atque
1245 2433 1384 2488 adeo
1422 2448 1600 2497 secus,
1639 2441 1805 2503 quam
1843 2435 1989 2487 ratio
2014 2449 2111 2504 po-

524 2528 712 2591 stulat,
743 2525 811 2580 ad
852 2525 1031 2595 turpia
1062 2525 1202 2580 facta
1244 2525 1412 2579 duces
1440 2533 1504 2577 ac
1530 2524 1775 2594 magistri
1800 2524 2110 2594 deprehen-

524 2617 745 2679 dentur,
775 2624 1023 2669 extrema
1060 2614 1327 2684 supplicia
1359 2614 1730 2679 sustinebunt,
1765 2621 1825 2668 ut
1856 2615 1950 2684 qui
1984 2623 2112 2670 suos

526 2703 628 2770 ipsi
660 2702 872 2756 fructus
897 2701 1272 2771 corrumpant,
1306 2709 1363 2756 et
1399 2701 1456 2754 in
1494 2701 1649 2756 exitii
1697 2702 1884 2758 faveas
1915 2703 2109 2774 impel-

524 2786 658 2854 lant,
702 2794 800 2860 pro
827 2791 1028 2859 quibus
1058 2792 1305 2861 profecto
1338 2808 1556 2862 mquum
1597 2800 1718 2848 erat
1751 2801 1987 2849 mortem
2010 2809 2109 2865 op-

525 2891 753 2949 petere:
781 2897 908 2935 nam
947 2882 1001 2937 id
1026 2883 1276 2952 patribus
1310 2891 1506 2938 natura
1546 2900 1765 2955 quoque
1814 2885 1930 2955 ipsa
1967 2901 2110 2955 prae-

525 2970 740 3024 scribit.
772 2970 876 3037 Qui
923 2987 1053 3043 ergo
1089 2989 1157 3028 ex
1201 2990 1259 3029 se
1302 2975 1538 3044 puellam
1590 2975 1660 3030 ad
1701 2975 2109 3046 apertissimum

526 3061 792 3131 probrum
824 3064 1136 3120 volentibus
1167 3066 1416 3136 exponit,
1444 3066 1512 3121 ab
1539 3083 1606 3122 eo
1653 3083 1764 3121 non
1800 3083 1901 3138 pro
1925 3068 2107 3139 puella

533 3152 798 3207 duntaxat
821 3154 1064 3209 rationes
1081 3171 1378 3226 poenasque
1407 3156 1594 3227 flagitii
1615 3158 1918 3228 justissime
1947 3174 2105 3228 expo-

527 3253 644 3301 seet
680 3245 770 3300 ille
805 3246 1048 3299 omnium
1084 3247 1281 3316 judex,
1319 3247 1416 3302 sed
1465 3249 1632 3303 etiam
1676 3265 1777 3318 pro
1825 3249 2102 3316 omnibus,

525 3339 622 3409 qui
652 3338 762 3392 sint
800 3337 867 3391 ad
921 3339 1326 3408 turpitudinem
1392 3339 1552 3410 lapsi.
1619 3341 1903 3410 Laqueum
1954 3343 2105 3398 enim

526 3427 818 3497 quemdam
863 3436 918 3481 et
953 3429 1147 3483 mortis
1180 3437 1295 3484 rete
1358 3445 1484 3484 cum
1535 3432 1848 3497 tetenderit,
1916 3447 2107 3487 omnes

527 3519 958 3588 comprehensos
998 3519 1166 3574 habet
1193 3560 1207 3584 ,
1249 3521 1504 3590 quamvis
1527 3536 1642 3576 non
1661 3538 1851 3576 omnes
1881 3523 2105 3592 capian-

530 3620 653 3676 tur;
682 3626 863 3680 neque
895 3611 1044 3665 enim
1069 3612 1294 3666 omnino
1316 3613 1498 3668 exitus
1540 3614 1620 3668 rei
1663 3620 1963 3684 spectatur,
2009 3612 2106 3686 sed

525 3707 830 3770 cmptorum
859 3700 942 3754 vis
974 3708 1138 3771 atque
1165 3701 1414 3757 facultas.
1439 3703 1516 3756 De
1539 3703 1808 3772 ejusmodi
1831 3719 1963 3760 vero
1981 3719 2105 3756 mu-

525 3789 662 3844 liere
732 3791 1170 3860 sapientissimus
1237 3809 1456 3863 quoque
1528 3793 1786 3848 Salomon
1852 3793 2103 3848 scribit:

532 3901 552 3932 ι
587 3882 890 3948 Mulierem,
933 3899 1053 3952 qua:
1078 3884 1307 3952 laqueus
1330 3893 1416 3938 est
1447 3892 1503 3939 et
1535 3892 1651 3939 rete
1690 3900 1786 3939 cor
1821 3885 1960 3955 ejus,
1988 3885 2109 3940 vin-

524 3971 650 4026 cuia
676 3972 732 4024 in
770 3972 1022 4027 manibus
1056 3973 1175 4042 ejus
1197 3973 1260 4026 ³⁸.
1305 3993 1323 4024 ι
1357 3973 1676 4028 Necessario
1716 3974 1899 4044 itaque
1938 3975 2104 4045 legis~

525 4061 703 4126 lator,
747 4082 764 4112 (
803 4061 924 4116 Non
977 4060 1314 4133 profanabis,
1369 4063 1570 4132 inquit,
1618 4063 1786 4118 ﬁliam
1815 4072 1994 4130 tuam,
2045 4074 2106 4120 ut

523 4153 788 4207 fornicari
822 4153 990 4208 facias
1033 4169 1174 4218 eam,
1221 4162 1277 4208 et
1307 4169 1417 4208 non
1463 4153 1827 4208 fornicabitur
1875 4163 2042 4210 terra.
2079 4175 2095 4207 ι

523 4243 659 4298 Nam
689 4243 734 4298 si
770 4244 917 4298 nulla
949 4244 1118 4298 fuerit
1145 4245 1389 4309 omnino,
1429 4260 1554 4298 cum
1579 4259 1686 4314 qua
1724 4243 2105 4301 fornicationis

517 4335 732 4390 crimen
771 4334 1118 4405 admittatur,
1167 4335 1313 4390 haud
1355 4333 1575 4390 diiiicile
1607 4336 1712 4390 erit
1744 4336 1851 4392 hoc
1899 4337 2104 4392 malum

518 4424 784 4496 effugere,
823 4425 1073 4494 quamvis
1118 4425 1385 4495 praecipiti
1425 4425 1496 4480 sit
1527 4425 1799 4496 quispiam
1841 4427 1895 4480 in
1945 4428 2104 4482 volu-
2141 4448 2183 4502 υ

524 4525 728 4586 ptatem
757 4517 940 4572 animo
965 4558 979 4583 ,
1003 4525 1059 4572 et
1082 4516 1150 4571 ad
1193 4516 1562 4571 resistendum
1606 4531 1830 4586 prorsus
1881 4518 2095 4589 ignavo.

523 4605 800 4662 Hactenus
822 4621 946 4661 cum
991 4606 1361 4676 praecepisset,
1393 4614 1453 4661 ut
1494 4606 1686 4661 liberis
1713 4623 1744 4661 a
1779 4609 2102 4677 parentibus

522 4699 782 4752 honestas
816 4697 1063 4768 corporis
1107 4707 1441 4762 servaretur,
1497 4697 1654 4769 241
1697 4707 1872 4754 morte
1933 4700 2098 4755 etiam

525 4789 739 4851 multat,
792 4788 834 4841 si
872 4789 997 4856 quis
1050 4787 1243 4842 ineam
1296 4788 1625 4842 sententiam
1669 4790 1904 4853 venerit,
1931 4796 1990 4842 ut
2029 4789 2108 4844 ad

524 4876 940 4929 desciscendum
970 4892 1001 4929 a
1025 4876 1136 4930 Deo
1176 4891 1305 4930 suos
1329 4877 1535 4931 liberos
1573 4877 1837 4946 impellat.
1866 4877 1957 4932 Sic
1999 4893 2099 4932 au-

527 4972 633 5018 tem
659 4964 713 5019 iu
740 4963 982 5018 Levitico
1007 4964 1270 5033 scriptum
1293 4973 1376 5020 est
1406 4983 1419 5020 :
1453 4967 1551 5021 «Et
1576 4967 1793 5022 locutus
1805 4975 1890 5021 est
1914 4968 2100 5022 Domi-

525 5071 628 5110 nus
658 5055 726 5110 ad
760 5053 978 5124 Moysen
998 5093 1012 5118 ,
1045 5053 1232 5108 dicens
1289 5073 1302 5108 :
1331 5055 1388 5109 Si
1413 5056 1538 5124 quis
1561 5056 1628 5110 de
1667 5056 1794 5111 ﬁliis
1821 5057 1988 5112 Israel
2014 5057 2101 5112 vel

521 5147 590 5202 de
618 5145 927 5218 proselytis,
968 5143 1062 5214 qui
1095 5145 1435 5199 accesserint
1475 5145 1542 5199 ad
1571 5146 1762 5211 lsrael,
1791 5145 2004 5201 dederit
2032 5146 2101 5202 de

523 5243 732 5296 semine
759 5254 859 5295 suo
883 5239 1142 5309 principi,
1167 5246 1343 5292 morte
1369 5239 1637 5292 moriatur
1657 5257 1668 5292 :
1687 5255 1839 5310 gens,
1867 5255 1989 5310 qua:
2018 5247 2103 5296 est

524 5326 582 5379 in
610 5336 756 5381 terra
781 5326 894 5389 illa,
916 5324 1237 5396 lapidabunt
1258 5339 1384 5379 eum
1426 5325 1739 5394 lapidibus;
1768 5335 1824 5382 et
1851 5344 1952 5398 ego
1999 5329 2100 5383 ob-

524 5415 752 5471 firmabo
774 5417 968 5473 faciem
999 5434 1174 5473 meam
1190 5433 1356 5488 super
1383 5416 1661 5472 hominem
1693 5417 1866 5480 illum,
1899 5428 1954 5471 et
1978 5434 2102 5486 per-

525 5506 648 5560 dam
669 5523 795 5562 eum
818 5507 885 5563 de
904 5512 1106 5580 pepulo
1143 5526 1262 5576 suo,
1293 5509 1419 5580 quia
1461 5509 1528 5564 de
1577 5508 1786 5564 semine
1824 5523 1926 5566 suo
1948 5507 2100 5564 dedit

631 5680 674 5716 ³⁸
708 5681 913 5750 Epltes.
936 5701 1005 5749 vr,
1055 5688 1105 5740 4.
1183 5687 1224 5720 ³³
1251 5686 1424 5743 Levit.
1453 5705 1560 5755 xix,
1588 5687 1676 5744 99.
1722 5689 1764 5721 ³³
1790 5687 1969 5743 Eccle.
1997 5685 2191 5752 “1,27.

2209 1864 2315 1936 πρό
2336 1882 2399 1934 γε
2422 1866 2532 1920 τῶν
2561 1867 2757 1936 ἄλλων,
2778 1869 2873 1924 καὶ
2898 1872 3225 1941 πρωτόλειον
3247 1874 3436 1948 ῶσπερ
3456 1895 3509 1931 τι
3541 1881 3639 1951 τῆς
3665 1884 3794 1936 sta.-

2208 1955 2338 2024 γοῦς
2389 1957 2698 2025 πολιτείας,
2749 1961 2952 2027 ἐξαιτεῖ
2978 1965 3107 2035 παρ’
3149 1965 3306 2036 ήμῶν
3335 1971 3363 2022 6
3407 1971 3789 2044 Δημιουργόςο

2209 2049 2557 2117 προεισϐολαί
2577 2050 2686 2122 γὰρ
2713 2050 2901 2123 ὥσπερ
2927 2054 3032 2125 τῆς
3066 2058 3206 2111 κατὰ
3235 2059 3451 2132 πνεῦμα
3481 2062 3794 2138 λαμπρότη-

2207 2139 2395 2231 τος-τα
2427 2141 2719 2231 σωματικὰ
2745 2184 2760 2209 ,
2788 2143 2880 2199 τὸν
2907 2145 2996 2197 ἐπ’
3023 2149 3344 2220 αἰσχρότητί
3381 2169 3439 2205 τε
3469 2155 3563 2207 καί⁵
3595 2157 3790 2231 ἀτιμίᾳ

2209 2226 2654 2298 διαδιδράσκοντα
2686 2233 2896 2304 μῶμον.
2929 2235 3010 2288 Τὰ
3048 2238 3266 2292 πάντων
3295 2235 3388 2294 οῦν
3419 2243 3617 2315 ἄριστα
3654 2226 3792 2318 πρέί-

2211 2335 2304 2373 ποι
2339 2320 2405 2374 ἂν
2434 2323 2564 2393 ἡμῖν
2594 2325 2934 2396 εἰσηγεῖσθαι
2979 2329 3244 2400 πατέρας.
3276 2332 3418 2386 Εἰδέ
3445 2335 3509 2407 δὴ
3541 2337 3790 2406 μέλλοιεν

2211 2411 2536 2467 ὑπτιοῦσθαι
2575 2416 2671 2469 καὶ
2714 2417 2978 2488 ῥᾳθυμεῖν
3008 2422 3057 2473 οἰ
3093 2423 3453 2494 παιδαγωγοὶ,
3497 2431 3697 2500 μᾶλλον
3730 2433 3788 2486 δὲ

2211 2505 2304 2556 καὶ
2330 2505 2438 2558 τῶν
2469 2507 2758 2577 αἰσχιόνων
2782 2510 2968 2576 αὐτοῖς
2990 2515 3277 2584 γεγονότες
3303 2519 3540 2591 ἀρχηγοὶ
3573 2525 3668 2577 καὶ
3690 2542 3790 2579 και

2212 2591 2448 2664 θηγηταὶ
2479 2597 2804 2667 παραλόγως
2822 2601 3130 2671 ἡλίσκοντο,
3163 2607 3357 2679 ποινὴν
3388 2609 3791 2683 ὑποστήσονται

2209 2685 2310 2754 τὴν
2339 2685 2609 2758 ἐσχάτην,
2656 2688 2732 2753 ὡς
2759 2691 2888 2756 τοὺς
2933 2694 3095 2760 ἰδίους
3126 2699 3281 2753 αὐτοὶ
3321 2704 3570 2773 καρποὺς
3622 2721 3790 2758 κατα-

2212 2775 2544 2848 φθείροντες,
2578 2782 2671 2835 καί
2704 2785 2817 2848 τοῖς
2849 2785 2949 2856 τῆς
2979 2788 3253 2854 ἀπωλείας
3279 2791 3516 2858 ἐνιέντες
3536 2793 3749 2865 βάθροις
3770 2836 3786 2862 ,

2209 2865 2284 2923 ὧν
2330 2865 2399 2941 ἦν
2424 2871 2594 2943 δήπου
2635 2875 2731 2929 καὶ
2762 2875 3165 2949 ὑπερθνήσκειν
3199 2881 3424 2954 ἄμεινον
3457 2903 3471 2916 ·
3503 2887 3792 2958 νομοθετεῖ

2211 2959 2319 3032 γὰρ
2357 2963 2638 3016 καὶτοῦτο
2671 2967 2704 3036 ή
2736 2966 2898 3036 φύσις
2938 2971 3232 3042 πατράσιν.
3277 2975 3335 3027 '0
3361 2975 3507 3047 δὲ.δὴ
3541 2979 3678 3049 πρὸς
3705 2981 3786 3032 αἰ-

2214 3052 2487 3124 σχρότητα
2531 3055 2629 3127 τὴν
2668 3058 3082 3133 ἐμφανεστάτην
3131 3068 3244 3129 τοῖς
3287 3067 3530 3122 ἐθέλουσι
3565 3071 3792 3141 προθεὶς

2209 3142 2270 3195 τὸ
2299 3143 2494 3197 ἑαυτοῦ
2523 3146 2727 3217 κόριον,
2751 3149 2848 3220 οὐχ
2879 3151 3019 3224 ὑπὲρ
3045 3155 3210 3208 αὐτοῦ
3239 3158 3333 3211 καὶ
3372 3159 3532 3230 μόνου
3563 3162 3791 3227 δικαίως

2209 3233 2274 3288 ἂν
2293 3236 2566 3292 εὐθύνοιτό
2595 3257 2656 3292 τε
2682 3243 2776 3294 καὶ
2799 3242 3059 3308 ἐξαιτοῖτο
3087 3247 3241 3313 δίκας
3262 3252 3415 3321 παρά
3433 3269 3494 3320 γε
3519 3254 3613 3307 τοῦ
3651 3255 3790 3310 πάν·-

2209 3344 2317 3383 των
2341 3329 2565 3402 κριτοῦ,
2589 3333 2725 3386 ἀλλὰ
2748 3335 2839 3388 καὶ
2873 3336 3010 3407 ὑπὲρ
3039 3339 3238 3403 παντὸς
3263 3339 3356 3394 τοῦ
3399 3344 3535 3414 πρὸς
3562 3347 3788 3419 αἰσχρό-

2207 3437 2346 3491 τητα
2375 3421 2811 3494 διωλισθηκότος,
2833 3427 3118 3500 Θήρατρον
3143 3430 3248 3502 γὰρ
3272 3432 3462 3506 ῶσπερ
3489 3453 3542 3488 τι
3567 3439 3789 3507 προθεὶς

2209 3511 2304 3602 καὶ
2334 3511 2566 3566 θανάτου
2605 3514 2767 3583 λίνον,
2796 3518 3005 3582 πάντας
3035 3519 3146 3590 ἔχει
3180 3522 3476 3591 συλλαϐὼν,
3513 3528 3610 3579 καὶ
3631 3531 3680 3580 εἰ
3710 3530 3787 3602 μὴ

2210 3601 2412 3666 πάντες
2459 3603 2784 3661 ἁλίσκοιντο.
2833 3609 3201 3679 Δοκιμάξεται
3249 3613 3356 3685 γὰρ
3399 3617 3524 3686 οὐχὶ
3568 3618 3632 3689 δή
3685 3601 3786 3673 που

2210 3689 2426 3782 παντως
2470 3693 2532 3748 τὸ
2565 3695 2866 3768 ἐκϐεϐηκὸς
2893 3738 2907 3762 ,
2960 3699 3098 3752 ἀλλὰ
3139 3701 3250 3754 τῶν
3302 3705 3721 3777 ἐγχειρημάτων
3752 3713 3786 3782 ή

2209 3781 2436 3853 δύναμις
2455 3799 2471 3814 ’
2495 3787 2757 3854 γυναικὸς
2782 3787 2839 3840 δὲ
2869 3789 2994 3860 πέρι
3022 3791 3253 3855 τοιᾶσδε,
3282 3795 3379 3846 καὶ
3403 3796 3431 3847 ὁ
3473 3781 3786 3866 σοφώτατος

2208 3875 2410 3946 γράφει
2434 3877 2684 3948 Σολομῶν
2702 3896 2716 3909 ’
2741 3896 2760 3929 ι
2785 3878 2896 3950 Τὴν
2943 3883 3198 3949 γυναῖκα,
3227 3883 3351 3953 ἥτις
3383 3885 3500 3939 ἐστί
3534 3888 3792 3960 θήρευμα

2207 3967 2304 4021 καὶ
2338 3969 2552 4039 σαγή-θη
2569 3970 2764 4040 καρδία
2785 3971 2975 4043 αὐτῆς,
2999 3973 3196 4043 δεσμὸς
3223 3975 3303 4038 εἰς
3330 3979 3519 4048 χεῖρας
3542 3980 3732 4050 αὐτῆς.
3763 3999 3782 4032 ι

2220 4056 2558 4127 Ἀναγκαίως
2589 4061 2876 4132 τοιγαροῦν
2911 4062 2939 4113 6
2977 4062 3298 4136 νομοθέτης,
3353 4085 3372 4118 ι
3422 4068 3497 4121 Οὐ
3547 4069 3792 4140 βεδηλώ-

2209 4163 2348 4209 σεις,
2392 4167 2410 4199 ›
2435 4149 2588 4218 φησὶ,
2611 4168 2630 4200 ‹
2664 4150 2762 4221 τὴν
2783 4150 3055 4224 θυγατέρα
3077 4172 3192 4220 σου,
3215 4157 3574 4228 ἐκπορνεῦσαι
3593 4161 3787 4231 αὐτὴν,

2208 4241 2303 4293 καὶ
2328 4239 2427 4294 οὐκ
2451 4241 2792 4314 ἐκπορνεύσῃ
2815 4245 2847 4313 ή
2869 4244 2961 4314 γῆ.
2995 4264 3013 4296 ι
3041 4247 3115 4299 Οὐ
3138 4247 3247 4318 γὰρ
3277 4247 3445 4320 οὔσης
3472 4250 3628 4317 ὅλως,
3656 4253 3790 4324 περί⁵

2208 4330 2275 4400 ἢν
2313 4329 2379 4384 ἂν
2401 4330 2609 4398 γένοιτο
2645 4332 2809 4402 τυχὸν
2829 4333 2930 4404 τῆς
2956 4336 3209 4405 πορνείας
3234 4337 3295 4390 τὸ
3321 4338 3484 4410 έγκλη
3494 4357 3588 4409 μα,
3612 4341 3788 4410 χαλε-

2210 4420 2309 4475 πὸν
2342 4421 2493 4476 οὐδὲν
2514 4421 2576 4475 τὸ
2595 4422 2876 4496 διαδράναι
2895 4426 3107 4489 παθεῖν,
3141 4429 3234 4481 καὶ
3261 4427 3315 4481 εἴ
3330 4429 3405 4499 τῴ
3420 4447 3500 4493 τις
3527 4433 3613 4500 εἴη
3644 4433 3790 4502 πρὸς

2206 4513 2398 4584 ήδονὴν
2418 4513 2790 4583 εὐπάροιστος,
2812 4516 2981 4570 καὶτὸ
2997 4517 3187 4572 ἂναλκι
3209 4521 3484 4586 παντελῶς
3503 4522 3792 4594 ἀρρωστή-

2209 4617 2308 4663 σας
2327 4603 2356 4654 6
2372 4601 2516 4666 νοῦς,
2541 4603 2840 4675 εὐκοσμίαν
2855 4606 3024 4676 δὲτὴν
3040 4607 3118 4670 εἴς
3135 4625 3197 4676 γε
3215 4611 3284 4662 τὸ·
3297 4610 3456 4682 σῶμα
3473 4612 3783 4683 τηρεῖσθαι.

2208 4691 2360 4756 Τέως
2397 4694 2708 4764 προστάξας
2739 4696 2890 4767 παρὰ
2934 4697 3043 4751 τῶν
3089 4699 3342 4772 πατέρων
3386 4705 3499 4766 τοῖς
3534 4705 3787 4772 τέκνοις,

2208 4782 2425 4854 θανάτῳ
2461 4786 2687 4854 τιμᾶται
2733 4786 2829 4839 καὶ
2860 4787 2954 4840 τὸν
3003 4789 3083 4852 εἰς
3129 4789 3287 4843 τοῦτο
3323 4791 3470 4844 ἰόντα
3514 4794 3732 4866 γνώμη..
3767 4835 3786 4860 ,

2207 4873 2282 4938 ὼς
2307 4873 2388 4937 εἰς
2418 4875 2715 4928 ἀπόστασιν
2765 4876 2862 4947 τὴν
2898 4877 3005 4931 ἀπὸ
3035 4878 3169 4932 Θεοῦ
3199 4881 3265 4935 τὰ
3297 4883 3403 4936 ῐδια
3437 4887 3788 4957 παραρρίψαι

2209 4966 2528 5035 γεννήματα
2549 4979 2563 4994 ⁸
2605 4966 2917 5036 γέγραπται
2945 4968 3000 5022 δέ
3031 4967 3204 5035 οὕτως
3251 4973 3309 5025 ἐν
3341 4972 3418 5044 τῷ
3465 4977 3740 5048 Λευῖτικῷ
3769 4995 3786 5010 ·

2215 5073 2232 5105 ι
2254 5056 2362 5108 Καὶ
2385 5055 2614 5124 ἐλάλησε
2640 5057 2844 5126 Κύριος
2877 5060 3012 5131 πρὸς
3039 5062 3265 5132 Μωσῆν,
3297 5063 3472 5132 λέγων
3495 5079 3509 5096 ⁸
3536 5068 3646 5120 Καὶ
3670 5072 3789 5134 τοῖς

2208 5145 2344 5208 υἱοῖς
2359 5144 2572 5217 Ἰσραὴλ
2597 5145 2848 5217 λαλήσεις
2873 5149 3063 5218 λέγων·
3113 5149 3238 5204 Ἐάν
3264 5164 3347 5215 τις
3376 5153 3484 5208 ἀπὸ
3505 5155 3614 5209 τῶν
3648 5158 3790 5210 υἰῶν

2221 5235 2477 5306 Ἰσραήλ,
2521 5235 2552 5306 ἢ
2594 5235 2703 5291 τῶν
2755 5239 3285 5310 προσγεγενημένων
3323 5243 3682 5314 προσηλύτων
3725 5247 3788 5297 ἐν

2220 5326 2469 5398 Ἰσραὴλ,
2512 5325 2571 5391 ὃς
2603 5327 2669 5381 ἂν
2705 5327 2780 5399 δῷ
2825 5329 2919 5382 τοῦ
2964 5331 3276 5402 σπέρματος
3315 5334 3481 5387 αὐτοῦ
3528 5337 3788 5407 ἄρχοντι,

2208 5418 2422 5489 θανάτῳ
2455 5419 2806 5474 θανατοῦσθω
2831 5439 2844 5453 ⁶
2877 5422 2938 5476 τὸ
2966 5421 3114 5488 ἔθνος
3141 5425 3202 5477 τὸ
3242 5427 3334 5478 ἐπὶ
3362 5427 3460 5496 τῆς
3493 5428 3597 5496 γῆς
3634 5427 3789 5482 λιθοα

2208 5509 2524 5580 ϐολήσουσιν
2563 5513 2726 5568 αὐτὸν
2771 5515 2828 5567 ἐν
2870 5514 3070 5579 λίθοις·
3104 5521 3197 5572 καὶ
3240 5515 3351 5585 ἐγὼ
3383 5517 3668 5588 ἐπιστήσω
3717 5518 3791 5572 τὸ
