4138 6300
511 316 619 372 519

1535 309 1589 365 S.
1633 308 1909 365 CYBILLI
1950 302 2420 362 ALEXANDRINI
2459 306 2777 364 ARCHFEP.

3673 308 3780 365 520

513 444 640 483 nam
686 442 810 482 cum
853 425 1060 479 exteris
1098 424 1355 494 gentibus
1391 423 1632 488 conseri,
1677 433 1732 478 et
1782 423 1943 477 simul
1970 438 2094 476 cum

2198 420 2426 484 ὀθνείοις
2462 422 2850 476 ὲπιπλέκεσθαί
2902 439 3060 489 τισιν,
3103 422 3264 494 ὁμόσε
3299 439 3355 473 τε
3405 419 3545 474 κατὰ
3583 420 3779 474 ταύτὸν

511 516 835 587 alienigenis
875 516 1193 581 convenire,
1227 515 1436 585 priscis
1479 515 1595 568 illis
1639 515 1957 569 hominibus
1986 528 2094 566 non

513 609 736 678 impune
768 606 951 659 licuit:
1001 604 1163 660 nobis
1220 614 1404 659 autem
1442 603 1648 658 Paulus
1691 603 1887 657 melius
1934 611 2096 672 atque

511 695 876 752 conﬁdentius
919 695 1215 750 vivendum
1256 710 1377 750 esse
1437 695 1673 759 suadet,
1721 694 1950 749 dicens:
1990 712 2008 744 ι
2040 693 2095 747 Si

512 786 636 856 quis
656 785 744 839 vir
779 799 1004 841 uxorem
1029 785 1196 841 habet
1242 785 1541 850 inﬁdelem,
1585 794 1642 841 et
1670 785 1788 840 haec
1826 785 2098 839 consentit

513 877 762 934 habitare
788 892 917 932 cum
970 876 1110 949 ipso,
1160 892 1273 932 non
1308 877 1552 933 dimittat
1593 891 1750 942 eam;
1797 884 1855 930 et
1897 875 2097 930 mulier

511 969 558 1024 si
587 985 695 1040 qua
720 969 886 1025 habet
915 971 1096 1025 virum
1128 969 1425 1035 inﬁdelem,
1448 977 1505 1025 et
1526 969 1618 1024 hic
1641 968 1915 1025 consentit
1937 967 2096 1022 habi-

513 1067 628 1114 tare
651 1074 776 1114 cum
813 1060 926 1123 illa,
952 1075 1063 1115 non
1088 1059 1332 1115 dimittat
1353 1059 1557 1113 virum.
1585 1055 1971 1113 Sanctiﬁcatus
2009 1064 2098 1110 est

510 1150 659 1204 enim
680 1150 764 1204 vir
789 1151 1027 1207 infidelis
1055 1152 1112 1206 in
1135 1152 1387 1215 muliere,
1415 1159 1472 1206 et
1491 1148 1828 1205 sanctiﬁcata
1851 1155 1936 1203 est
1959 1162 2096 1202 uxor

514 1239 752 1296 inﬁdelis
774 1241 831 1296 in
856 1243 978 1297 viro
994 1243 1056 1296 ³⁸.
1100 1262 1119 1294 ι
1148 1243 1408 1309 Quasnam
1434 1239 1601 1311 igitur
1623 1248 1708 1294 est
1729 1240 1784 1292 in
1811 1237 1898 1292 his
1931 1237 2099 1291 rebus

511 1337 936 1406 dispensationis
963 1336 1141 1391 ratio?
1169 1335 1414 1402 Quamve
1437 1335 1510 1389 ob
1540 1348 1762 1388 causam
1795 1332 1929 1386 olim
1961 1346 2096 1385 con-

507 1427 852 1498 iunctionem
883 1440 1010 1479 cum
1037 1425 1126 1491 iis,
1169 1425 1262 1496 qui
1291 1425 1453 1479 aliter
1485 1423 1776 1488 sentirent,
1815 1421 1900 1475 lex
1923 1421 2096 1491 perti-

511 1517 790 1572 mescebat
810 1557 824 1581 ,
866 1531 1015 1571 nunc
1036 1532 1147 1571 non
1173 1517 1303 1570 item
1325 1517 1348 1570 ?
1369 1515 1508 1582 Quia
1530 1529 1730 1584 nempe
1761 1513 1948 1568 ﬁrmos
1978 1527 2094 1577 eos,

508 1609 604 1678 qui
627 1608 683 1662 in
721 1602 940 1663 Christo
962 1608 1140 1662 vocati
1164 1615 1314 1672 sunt,
1352 1616 1408 1662 et
1440 1607 1495 1660 in
1523 1606 1620 1661 Dei
1643 1619 1832 1660 amore
1872 1603 2099 1660 stabiles

508 1699 674 1754 efficit
700 1700 767 1764 is,
793 1700 885 1768 qui
922 1699 978 1753 in
1011 1699 1118 1754 illis
1148 1699 1382 1764 habitat,
1409 1698 1681 1768 Spiritus,
1715 1712 1816 1766 per
1846 1710 2010 1765 quem
2040 1702 2097 1749 et

399 1781 420 1800 '
517 1807 536 1839 ι
572 1789 626 1842 in
667 1799 777 1858 quo
843 1789 1164 1854 clamamus,
1213 1788 1389 1854 Abba,
1437 1787 1671 1842 Pater"
1707 1807 1725 1839 ι
1786 1786 1864 1840 illi
1911 1794 2096 1840 autem

507 1877 753 1932 nondum
780 1877 886 1931 hoc
899 1892 1128 1931 munere
1151 1877 1469 1946 locupletati
1488 1884 1666 1932 erant.
1693 1876 1850 1940 Nam,
1879 1883 1940 1929 ut
1962 1873 2095 1929 bea-

509 1975 599 2021 tus
633 1967 871 2021 Joannes
917 1967 1032 2021 ait:
1081 1987 1099 2018 ι
1129 1967 1368 2037 Spiritus
1407 1973 1630 2022 sanctus
1667 1965 1911 2020 nondum
1953 1973 2092 2030 erat,

508 2059 637 2128 quia
661 2059 818 2114 Jesus
842 2059 1086 2113 nondum
1108 2067 1228 2114 erat
1249 2058 1588 2129 gloriﬁcatus
1607 2058 1672 2111 ³⁸.
1705 2078 1722 2110 ι
1755 2057 1946 2114 Omnis
1963 2073 2094 2128 ergo

509 2150 772 2220 perfectio
821 2150 877 2203 in
917 2149 1136 2204 Christo
1190 2159 1304 2216 est;
1335 2166 1460 2204 nam
1499 2149 1637 2204 nihil
1677 2149 1744 2204 ad
1788 2149 2091 2219 perfectum

507 2239 736 2294 adduxit
755 2240 863 2305 lex,
893 2246 953 2294 ut
982 2239 1248 2309 scriptum
1274 2249 1378 2294 est.

576 2331 774 2385 PALL.
799 2330 1069 2401 Equidem
1093 2330 1277 2400 cupio,
1314 2339 1374 2384 ut
1403 2331 1560 2396 mihi,
1604 2332 1649 2386 si
1683 2331 1884 2402 placet,
1912 2330 2089 2401 expli-

499 2437 618 2487 ces,
663 2437 904 2492 quonam
934 2421 1101 2476 modo
1129 2421 1420 2492 perspicua
1453 2422 1573 2477 fieri
1613 2423 1788 2493 possit
1824 2423 1915 2477 illa
1954 2422 2090 2493 legis

505 2511 668 2583 25.3
695 2510 1063 2582 imperfectio.

576 2601 746 2658 (ΝΒ.-
774 2603 988 2658 Faciam
1012 2603 1221 2670 libens;
1249 2603 1344 2658 sed
1370 2602 1438 2658 ad
1460 2619 1546 2668 ea,
1574 2611 1697 2674 qum
1729 2615 1858 2660 sunt
1880 2605 1935 2660 in
1968 2620 2086 2660 ma-

504 2693 691 2758 nibus,
718 2703 908 2748 nostra
940 2693 1118 2748 oratio
1155 2693 1558 2763 proﬁciscetur,
1601 2704 1766 2765 atque
1803 2696 2087 2751 charitatis

504 2786 562 2840 in
590 2785 901 2854 proximum
936 2785 1488 2855 rationesexquiret;
1517 2801 1642 2840 cum
1678 2788 1894 2854 rudius,
1922 2805 2084 2858 quam

503 2881 808 2944 oporteret,
849 2875 953 2929 illa:
977 2891 1075 2945 per
1097 2875 1317 2946 Moysen
1352 2877 1552 2932 littera:
1578 2878 1681 2934 hac
1705 2879 1772 2935 de
1797 2895 1856 2935 rc
1879 2883 2083 2938 veteri-

504 2961 609 3016 bus
631 2962 738 3016 illis
760 2963 1083 3034 conscriptm
1107 2964 1451 3020 tradiderint.

574 3049 772 3107 PALL.
802 3053 970 3124 Perge
997 3054 1162 3125 igitur
1189 3056 1263 3110 ad
1281 3056 1387 3112 hoc
1411 3057 1590 3127 ipsum
1614 3059 1888 3117 alacriter.

573 3231 730 3288 CYR.
760 3233 932 3304 Igitur
963 3233 1050 3288 lex
1073 3234 1298 3304 quidem
1324 3236 1401 3290 ait
1427 3254 1439 3288 :
1474 3255 1492 3286 ι
1533 3236 1736 3307 Diliges
1770 3239 2082 3308 proximum

503 3329 657 3377 tuum
705 3323 848 3379 sicut
887 3335 939 3379 te
972 3325 1151 3395 ipsum
1178 3325 1258 3392 ⁸⁹;
1300 3346 1317 3376 ι
1345 3335 1402 3381 at
1431 3343 1564 3382 vero
1599 3329 1865 3384 Dominus
1894 3341 2080 3387 noster

499 3414 660 3471 Jesus
692 3415 945 3470 Christus
980 3418 1157 3470 mutui
1193 3418 1398 3473 amoris
1441 3419 1616 3490 legem
1661 3424 2081 3493 quamplurimis

502 3505 810 3560 rationibus
827 3506 986 3562 nobis
1005 3507 1260 3573 inculcat,
1279 3524 1343 3564 ac
1358 3519 1614 3580 tanquam
1637 3511 1942 3582 patronam,
1959 3533 2080 3587 quia

500 3590 644 3646 hanc
665 3592 838 3663 legem
861 3601 1127 3660 tueretur,
1157 3597 1376 3653 insitam
1414 3600 1560 3654 illam
1584 3601 1641 3656 in
1665 3610 1863 3659 natura
1887 3607 2076 3677 cogni-

501 3685 708 3740 tionem
733 3693 790 3741 et
814 3688 1173 3756 voluntatem,
1216 3706 1338 3761 quae
1371 3692 1601 3763 singulis
1639 3695 1949 3767 quibusque
1975 3698 2076 3754 ho-

500 3776 744 3832 minibus
785 3777 960 3845 adest,
984 3782 1292 3849 constituit,
1321 3784 1504 3855 itaque
1530 3786 1606 3841 ait
1632 3805 1643 3839 :
1679 3806 1696 3838 ι
1725 3788 2075 3862 Quaecunque

498 3871 668 3926 vultis
690 3880 750 3926 ut
773 3872 971 3928 faciant
995 3875 1150 3932 vobis
1179 3877 1452 3942 homines,
1478 3879 1594 3934 haec
1629 3881 1820 3936 eadem
1855 3898 1954 3939 vos
1992 3884 2073 3938 fa-

501 3961 612 4016 cite
636 3962 746 4017 illis
771 3964 1024 4019 similiter
1048 3967 1114 4030 ”,
1148 3987 1166 4018 ι
1202 3967 1336 4022 Nam
1379 3969 1446 4034 si,
1475 3987 1596 4040 quae
1626 3973 1857 4044 quisque
1884 3991 2076 4032 conse-

499 4051 595 4122 qui
619 4059 858 4122 exoptat,
899 4069 963 4109 ea
1004 4055 1120 4124 ipse
1155 4071 1374 4126 quoque
1414 4060 1534 4114 aliis
1568 4060 1748 4117 facere
1779 4065 2070 4132 studuerit,

2198 516 2308 573 τοῖς
2337 514 2681 583 ἀλλογενέσιν
2709 516 2861 579 ἰέναι,
2886 517 2998 578 τοῖς
3023 514 3399 585 ἀρχαιοτέροις
3419 514 3518 566 οὐκ
3547 512 3780 583 ἀζήμιον

2195 599 2261 674 ἦν
2280 619 2293 636 °
2328 604 2460 674 ἡμῖν
2504 604 2562 656 δὲ
2589 608 2617 657 6
2651 605 2882 668 Παῦλος,
2915 605 3296 658 πολιτεύεσθαι
3327 604 3437 658 δεῖν
3467 604 3690 675 ἄμεινόν
3718 622 3777 656 τε

2197 695 2291 748 καὶ
2339 695 2768 768 εὐθαρσέστερον
2822 695 3202 766 συμϐουλεύει,
3248 695 3466 764 λέγων·
3516 713 3535 746 ι
3588 697 3658 749 Et
3696 713 3780 760 τις

2195 786 2336 858 ἀνὴρ
2389 790 2626 857 γυναῖκα.
2674 788 2787 859 ἔχει
2839 790 3089 856 ἄπιστον,
3129 789 3225 841 καὶ
3275 787 3417 858 αὕτη
3470 788 3783 842 συνευδοκεῖ

2196 880 2365 932 οἰκεῖν
2400 880 2517 950 μετ’
2545 879 2736 943 αὐτοῦ,
2779 878 2854 950 μὴ
2887 879 3094 948 ἀφιέτω
3119 877 3311 948 αὐτὴν·
3352 880 3448 932 καὶ
3472 877 3631 949 γυνὴ,
3654 879 3778 949 ἥτις

2197 968 2310 1039 ἔχει
2349 970 2520 1040 ἄνδρα
2550 971 2797 1035 ἄπιστον,
2828 971 2920 1024 καὶ
2948 963 3106 1034 οὗτος
3129 970 3438 1024 συνευδοκεῖ
3461 972 3631 1024 οἰκεῖν
3658 972 3777 1042 μετ’

2196 1059 2385 1128 αὐτῆς,
2418 1059 2495 1130 μὴ
2529 1061 2736 1130 ἀφιέτω
2764 1060 2855 1114 τὸν
2889 1059 3081 1132 ἄνδρα.
3123 1061 3418 1129 Ἠγίασται
3450 1060 3558 1132 γάρ
3589 1063 3619 1115 6
3639 1061 3779 1133 ἀνὴρ

2197 1150 2426 1213 ἄπιστος
2459 1152 2518 1204 έν
2547 1153 2613 1222 τῇ
2642 1152 2897 1219 γυναικί·
2931 1152 3025 1206 καί
3055 1153 3313 1222 ἡγίασται
3343 1155 3377 1224 ἠ
3404 1153 3542 1224 γυνὴ
3573 1156 3606 1225 ή
3650 1153 3777 1206 άπι-

2199 1257 2323 1304 στος
2353 1241 2412 1294 έν
2441 1241 2520 1312 τῷ
2548 1243 2722 1314 ἀνδρί.
2758 1262 2776 1293 ι
2809 1243 2906 1307 Τίς
2936 1239 3028 1298 οῦν
3065 1245 3174 1314 ἄρα
3201 1245 3320 1296 ἐστὶ
3344 1246 3441 1315 τῆς
3468 1244 3525 1298 έν
3553 1263 3617 1316 γε
3649 1245 3775 1298 τοῦ·

2196 1348 2310 1396 τοις
2330 1333 2643 1403 οἰκονομίας
2665 1335 2694 1386 6
2713 1334 2914 1405 τρόπος
2941 1351 2956 1401 ;
2991 1335 3211 1388 Ἐδεδίει
3239 1335 3297 1388 δὲ
3317 1335 3434 1390 ἀνθ’
3460 1337 3583 1390 ὅτου
3607 1337 3776 1391 πάλαι

2202 1424 2300 1493 μὲν
2330 1426 2360 1478 6
2390 1425 2553 1496 νόμος
2582 1426 2682 1498 τὴν
2717 1427 2854 1497 πρὸς
2888 1427 3250 1499 έτερόφρονας
3275 1427 3589 1500 ἀναπλοκὴν
3609 1469 3624 1494 ,
3657 1429 3776 1484 νυνί

2197 1514 2255 1567 δὲ
2283 1515 2384 1568 οὐκ
2411 1514 2512 1583 En;
2532 1516 2808 1587 Ἐδραίους
2835 1518 2936 1588 μὲν
2959 1519 3067 1590 γάρ
3093 1522 3220 1585 τοὺς
3240 1523 3299 1575 έν
3325 1521 3547 1593 Χριστῷ
3573 1523 3776 1594 κεκλη-

2201 1606 2417 1676 μένους,
2457 1608 2553 1662 καὶ
2585 1609 2979 1665 άκατάσειστον
3001 1613 3225 1683 ἔχοντας
3257 1613 3358 1684 τὴν
3381 1613 3686 1684 φιλοθεῖαν,
3715 1613 3777 1668 τὸ

2202 1697 2489 1752 κατοικοῦν
2521 1700 2580 1752 ὲν
2609 1700 2795 1762 αὐτοῖς
2825 1703 3201 1774 ἀπεργάζεται
3227 1703 3473 1776 Πνεῦμα,
3497 1707 3566 1760 δι’
3589 1702 3650 1762 οῦ
3680 1709 3774 1761 καὶ

2133 1753 2174 1810 Β
2206 1807 2226 1839 ι
2261 1789 2319 1842 ὲν
2341 1781 2386 1857 ᾧ
2429 1753 2743 1862 κράζομεν·
2984 1753 3473 1868 squilla-9‘73}?
3501 1753 3571 1851 *δὲ
3593 1753 3776 1852 ’ξιῖτῖιζ

2197 1879 2258 1933 τὸ
2287 1879 2458 1952 δῶρον
2501 1882 2817 1938 ἐπλούτουν.
2865 1885 2954 1949 Ὦς
2987 1886 3096 1958 γάρ
3133 1891 3162 1941 6
3201 1887 3486 1953 θεσπέσιος
3521 1888 3774 1961 Ἰωάννης

2197 1971 2384 2042 φησὶν,
2419 1991 2439 2025 ι
2474 1973 2642 2027 Οὔπω
2669 1975 2779 2047 γὰρ
2805 1973 2873 2048 ἦν
2894 1977 3121 2049 Πνεῦμα
3147 1980 3300 2049 ἅγιον
3320 1981 3420 2053 (1),
3444 1982 3526 2034 ὃτι
3567 1981 3775 2052 Ἰησοῦς

2194 2065 2406 2119 οὐδέπω
2457 2067 2740 2140 ἐδοξάσθη.
2802 2089 2820 2121 ι
2865 2071 3078 2125 Οὐκοῦν
3126 2073 3344 2144 ήπᾶσα
3391 2073 3668 2138 τελείωσις
3716 2075 3775 2127 ὲν

2193 2157 2416 2227 Χριστῷ
2439 2196 2454 2223 ,
2493 2159 2810 2214 τετελείωκε
2854 2161 2912 2215 δὲ
2946 2163 2974 2215 6
3003 2162 3166 2234 νόμος
3194 2163 3366 2229 οὐδὲν,
3410 2164 3554 2218 κατὰ
3589 2164 3651 2218 τὸ
3677 2181 3772 2233 γε·

2193 2249 2532 2318 γραμμένον.

2265 2339 2471 2394 ΠΑΛΔ.
2517 2343 2736 2414 Φράσῃς
2761 2344 2826 2398 ἂν
2863 2340 2958 2398 οῦν
3001 2345 3268 2418 ἱμείροντί
3311 2363 3399 2417 μοι
3428 2346 3490 2400 τὺ
3535 2347 3682 2410 ὅπως
3707 2345 3774 2400 ἂν

2192 2432 2402 2501 γένοιτο
2435 2436 2604 2505 σαφὲς
2626 2436 2688 2489 τὸ
2716 2438 2908 2502 ἀτελὲς
2939 2440 2996 2493 ἐν
3023 2439 3195 2510 νόμῳ.

2261 2611 2427 2666 ΚΥΡ.
2468 2613 2580 2666 Καὶ
2621 2612 2787 2682 μάλα.
2829 2615 3108 2669 Βαδιεῖται
3158 2616 3217 2668 δὲ
3269 2618 3401 2688 ἡμῖν
3449 2618 3542 2671 ἐπὶ
3595 2619 3664 2672 τά
3716 2619 3775 2672 έν

2190 2702 2376 2773 χερσὶν
2399 2705 2429 2757 6
2455 2703 2631 2773 λόγος,
2654 2705 2748 2760 κάί
2767 2705 2988 2778 ἀγάπης
3011 2708 3114 2778 τῆς
3135 2710 3218 2772 εἰς
3237 2709 3329 2762 τὸν
3357 2710 3582 2780 πλησίον
3612 2711 3775 2766 ἐκσα-

2191 2796 2365 2848 σανιεῖ
2394 2796 2522 2859 τοὺς
2546 2797 2781 2868 τρόπους
2801 2838 2815 2863 ,
2850 2799 3157 2872 παχύτερόν
3195 2817 3311 2865 πως
3350 2802 3382 2873 ἢ
3414 2801 3518 2874 χρὴ
3547 2803 3650 2874 τῆς
3687 2803 3775 2858 διά

2188 2887 2431 2953 Μωσέως
2477 2894 2804 2962 συγγραφῆς
2832 2931 2848 2959 ,
2895 2895 3012 2957 τοῖς
3051 2893 3430 2966 ἀρχαιοτέροις
3463 2897 3775 2967 εἰσκεκομι-

2190 2977 2415 3049 σμένης.
3265 2985 3270 2992 ‘

2112 3084 2159 3147 ο
2260 3070 2470 3124 ΠΑΛΛ.
2501 3068 2605 3123 Ἴθι
2628 3069 2693 3141 δὴ
2717 3065 2812 3125 οὖν
2832 3071 2921 3125 ἐπ’
2946 3073 3078 3128 αὐτὸ
3105 3073 3209 3147 [τὸ]
3227 3073 3292 3146 δὴ
3315 3074 3486 3142 τουτὶ,
3507 3075 3602 3128 καὶ
3630 3077 3775 3146 μάλα

2193 3157 2506 3230 προθύμως.

2262 3251 2427 3305 ΚΥΡ.
2470 3252 2678 3308 Οὐκοῦν
2703 3255 2732 3307 6
2777 3253 2876 3324 μὲν
2914 3257 3107 3324 νόμος,
3144 3273 3162 3306 ι
3212 3255 3544 3327 Ἀγαπήσεις
3567 3295 3582 3320 ,
3604 3245 3773 3326 φησι,

2189 3342 2280 3396 τὸν
2307 3343 2532 3416 πλησίον
2560 3362 2656 3398 σου
2688 3345 2763 3409 ὡς
2788 3346 2997 3400 ἑαυτόν·
3040 3366 3057 3399 ι
3090 3349 3119 3400 6
3147 3346 3204 3399 δὲ
3230 3347 3437 3417 Κύριος
3461 3347 3623 3418 ἡμῶν
3662 3348 3773 3419 ’1η-

2192 3435 2315 3497 σοῦς
2343 3437 2597 3508 Χριστὸς,
2623 3437 2722 3506 τῆς
2752 3437 3110 3508 φιλαλληλίας
3130 3438 3222 3491 τὸν
3253 3438 3414 3508 νόμον
3443 3437 3533 3491 διὰ
3563 3439 3774 3509 μυρίων

2188 3528 2328 3580 ὅσων
2349 3527 2481 3598 ἡμῖν
2513 3528 2815 3600 εἰσηγεῖται
2853 3529 3046 3598 λόγων,
3095 3529 3398 3600 συνήγορον
3427 3529 3484 3582 δὲ
3512 3529 3592 3599 τῷ
3624 3530 3774 3599 νόμῳ

2187 3617 2284 3689 τὴν
2312 3617 2552 3690 ἔμφυτον
2583 3619 2810 3689 γνῶσιν,
2847 3621 2940 3674 καί⁵
2969 3619 3068 3690 τὴν
3099 3621 3158 3673 ὲν
3177 3620 3395 3691 ἑκάστῳ
3419 3619 3639 3690 θέλησιν
3667 3622 3774 3672 οἰο-

2188 3710 2267 3763 νεὶ
2298 3709 2584 3777 καθιστὰς,
2640 3729 2659 3762 ι
2703 3713 2768 3765 Ἀ
2809 3710 2903 3766 οὖν
2937 3711 3155 3780 θέλετε,
3191 3712 3378 3783 φησὶν,
3425 3714 3512 3766 ἴνα
3541 3711 3773 3765 ποιῶσιν

2188 3803 2315 3873 ὑμῖν
2359 3804 2409 3858 οἱ
2440 3803 2714 3875 ἄνθρωποι
2739 3845 2755 3869 ,
2803 3803 2976 3857 ταῦτα
3009 3805 3105 3857 καὶ
3140 3804 3304 3874 ὑμεῖς
3353 3806 3559 3857 ποιεῖτε
3589 3803 3775 3867 αὐτοῖς

2183 3895 2403 3966 ὁμοίως.
2437 3915 2454 3947 ι
2480 3896 2542 3949 Εἰ
2570 3895 2680 3966 γὰρ
2708 3889 2893 3966 ὧνπερ
2930 3896 2995 3950 ἀν
3017 3913 3100 3958 τις
3125 3893 3340 3959 εὔξαιτο
3361 3895 3571 3964 τυχεῖν,
3601 3893 3775 3948 ταῦτα

2183 3986 2314 4057 δρᾷν
2362 3987 2537 4040 ἕλοιτο
2589 3987 2684 4040 καὶ
2725 3987 2886 4050 αὐτὸς
2939 3986 3182 4058 ἑτέροις,
3238 3987 3339 4039 οὐκ
3375 3986 3775 4055 ἀποδραμεῖται

2189 4077 2416 4131 σκοποῦ·
2453 4077 2712 4147 βαδιεῖται
2741 4077 2797 4130 δὲ
2830 4077 3033 4148 μᾶλλον
3072 4079 3191 4130 κατ’
3225 4075 3357 4130 εὐθὺ
3385 4077 3487 4146 τῆς
3510 4075 3732 4146 ἀγάπης
3756 4111 3772 4140 ,

499 4140 728 4196 minime
759 4141 829 4195 ab
861 4157 931 4196 eo
966 4144 1114 4214 quod
1156 4155 1367 4215 spectat
1407 4148 1718 4216 aberrabit;
1753 4152 1848 4206 sed
1891 4155 2075 4222 potius

2189 4168 2275 4221 καὶ
2305 4168 2397 4222 τὸν
2419 4140 2513 4239 τὴς
2544 4140 2894 4240 φιλαλληλίας
2921 4168 3247 4240 ἀναδήσεται
3269 4140 3565 4238 στέφανον.ξ

501 4239 652 4288 recto
675 4233 869 4289 itinere
897 4234 964 4288 ad
988 4234 1312 4291 charitatem
1337 4247 1546 4309 perget,
1582 4247 1638 4294 et
1673 4242 1846 4296 mutui
1870 4246 2074 4302 amoris

498 4339 758 4379 coronam
802 4335 1188 4395 consequetur.

569 4412 765 4469 PALL.
801 4416 976 4472 Probe
1007 4418 1165 4474 dicis.

567 4504 726 4559 CYR.
760 4506 858 4561 Est
883 4507 1051 4578 igitur
1088 4509 1331 4565 charitas
1367 4511 1504 4581 legis
1544 4513 1768 4582 quidem
1812 4516 2081 4587 impletio,

501 4593 608 4649 ﬁde
629 4611 762 4651 vero
785 4612 850 4652 ac
868 4612 964 4668 spe
990 4602 1356 4669 praastantior.
1395 4602 1484 4658 Sic
1512 4605 1660 4659 enim
1707 4607 1902 4663 scribit
1939 4609 2082 4666 divi-

501 4702 608 4742 nus
626 4687 713 4741 vir
730 4687 953 4744 Paulus.
975 4690 1163 4761 Itaque
1184 4693 1335 4748 velut
1357 4709 1388 4750 e
1413 4696 1599 4750 vernis
1617 4695 1848 4753 ﬂoribus
1869 4701 2084 4756 varium

502 4778 581 4832 illi
604 4779 1007 4847 quodammodo
1029 4791 1238 4838 sertum
1269 4786 1540 4851 intexens,
1569 4803 1762 4844 rursus
1787 4791 1864 4843 ait
1893 4809 1905 4843 :
1947 4811 1965 4841 ι
1992 4791 2086 4845 Et-

501 4869 551 4924 si
581 4868 916 4924 distribuero
948 4885 1140 4928 omnes
1167 4875 1454 4932 facultates
1489 4893 1658 4943 meas,
1699 4889 1756 4934 et
1798 4881 1843 4934 si
1881 4881 2086 4938 dedero

503 4972 706 5027 corpus
729 4973 934 5025 meum,
960 4959 1034 5014 ita
1061 4972 1124 5018 ut
1153 4965 1397 5032 ardeam,
1418 4969 1741 5026 charitatem
1769 4981 1952 5027 autem
1975 4990 2086 5029 non

504 5049 755 5117 habeam,
796 5052 934 5107 nihil
981 5053 1117 5108 mihi
1155 5056 1398 5125 prodest.
1439 5059 1694 5117 Charitas
1735 5064 1950 5133 patiens
1979 5077 2084 5131 est,

504 5141 738 5214 benigna
763 5153 848 5198 est
881 5163 892 5197 :
925 5143 1167 5199 charitas
1189 5161 1299 5200 non
1338 5149 1646 5214 aemulatur,
1680 5168 1790 5207 non
1823 5157 1935 5224 agit
1957 5171 2085 5224 per-

504 5243 710 5304 peram,
735 5251 847 5290 non
873 5234 1116 5301 inflatur,
1156 5252 1267 5291 non
1293 5245 1376 5291 est
1399 5238 1709 5306 ambitiosa,
1740 5259 1850 5298 non
1887 5248 2085 5316 qumrit

613 5367 708 5423 ³⁸1
746 5368 872 5426 Cor.
916 5386 1010 5438 vn,
1047 5372 1232 5428 12-14.

577 5541 653 5614 (1)
685 5542 776 5598 Sic
813 5561 1004 5625 omnes
1042 5549 1258 5625 codices
1302 5551 1487 5625 Cyrilli
1524 5553 1727 5609 habent
1759 5572 1898 5625 quos
1934 5557 2067 5613 vidi.

506 5611 710 5693 Tamen
743 5615 864 5693 cod.
891 5618 1180 5693 _Vat._vocis
1204 5611 1363 5693 novre
1377 5623 1694 5693 adiunctum
1723 5611 1909 5690 habet,
1934 5611 2080 5680 δεδο-

507 5684 760 5782 μένονρυῐ
790 5685 964 5782 [ﬁlatim
1013 5684 1460 5782 Patresulegunt,’
1493 5697 1774 5775 praecipue
1821 5684 2080 5782 l‘llu'gpsti-

505 5766 630 5808 nus.
669 5753 766 5810 Sin
799 5756 892 5810 illa
924 5756 1088 5812 lectio
1119 5753 1442 5824 recipienda
1469 5753 1552 5820 est
1588 5753 1706 5822 sine
1737 5753 2083 5823 νει-ὺοἝεδο-

1350 5373 1390 5405 ³⁷
1415 5374 1576 5428 Rom.
1617 5391 1730 5442 vm,
1762 5380 1849 5434 l5.
1921 5381 1965 5413 ³⁸
1991 5383 2146 5438 Joan.
2189 5401 2283 5450 vn,
2311 5384 2399 5439 59.
2476 5385 2518 5418 ⁸³
2545 5385 2722 5441 Levit.
2755 5403 2864 5455 XIX,
2894 5389 2978 5443 l8.

2113 4436 2158 4492 ι)
2258 4427 2469 4482 ΠΑΛΛ.
2500 4421 2573 4481 Εὖ
2600 4426 2804 4496 λέγεις.

2262 4519 2428 4573 ΚΥΡ.
2489 4519 2554 4572 Ἦ
2605 4520 2794 4590 ἀγάπη
2849 4519 3052 4583 τοίνυν,
3096 4520 3262 4592 νόμου
3304 4523 3402 4592 μὲν
3450 4521 3772 4593 πλήρωσις,

2193 4613 2427 4676 πίστεως
2455 4612 2513 4666 δὲ
2546 4611 2640 4665 καὶ
2667 4611 2879 4675 ἐλπίδος
2917 4611 3175 4680 ἀμείνων.
3213 4613 3419 4682 Γράφει
3450 4614 3560 4684 γὰρ
3599 4613 3776 4676 οὓτως

2191 4704 2325 4773 ἡμῖν
2354 4706 2383 4757 6
2405 4703 2690 4766 θεσπέσιος
2711 4703 2938 4767 Παῦλος.
2977 4704 3268 4776 Τοιγάρτοι
3305 4704 3560 4775 καθάπερ
3599 4705 3656 4770 te
3685 4706 3776 4756 ἀν-

2193 4793 2329 4848 θέων
2349 4791 2550 4863 ἠρινῶν
2575 4792 2825 4862 πολυειδῆ
2841 4809 2962 4846 τινα
2981 4793 3244 4862 στέφανον
3267 4793 3592 4846 ἀναπλέκων
3612 4794 3771 4861 αὐτῇ,

2192 4882 2357 4936 πάλιν
2404 4882 2576 4952 φησί·
2631 4902 2649 4935 ι
2696 4881 2817 4936 Κάν
2844 4881 3080 4953 ψωμίσω
3124 4885 3300 4938 πάντα
3355 4885 3426 4938 τά
3458 4884 3773 4955 ὑπάρχοντά

2194 4990 2317 5043 μου,
2353 4974 2449 5027 καὶ
2480 4973 2574 5026 ἐὰν
2611 4973 2837 5044 παραδῶ
2863 4973 2925 5025 τὸ
2958 4973 3119 5045 σῶμά
3144 4993 3245 5045 μου
3276 4976 3362 5028 ἵνα
3394 4976 3765 5047 καυθήσομαι,

2190 5066 2410 5134 ἀγάπην
2437 5065 2495 5118 δὲ
2533 5065 2608 5136 μὴ
2636 5064 2764 5135 ἔχω,
2791 5067 2941 5119 οὐδὲν
2964 5066 3304 5138 ὠφελοῦμαι.
3349 5068 3412 5121 Ἦ
3443 5068 3634 5138 ἀγάπη
3671 5085 3772 5137 μα-

2192 5157 2477 5228 κροθυμεῖ,
2507 5156 2888 5226 χρηστεύεται,
2920 5160 2952 5228 ή
3007 5159 3196 5230 ἀγάπη
3231 5159 3292 5212 οὐ
3327 5156 3516 5230 ζηλοῖ,
3546 5161 3608 5211 οὐ
3640 5177 3769 5230 περ·

2193 5247 2484 5318 περεύεται
2509 5287 2524 5312 ,
2557 5249 2618 5300 οὑ
2650 5248 2979 5317 φυσιοῦται,
3008 5253 3110 5305 οὐκ
3150 5253 3455 5322 ἀσχημονεῖ
3475 5293 3490 5318 ,
3526 5253 3590 5305 οὐ
3619 5251 3771 5322 ζητεῖ

3093 5391 3140 5422 θ’
3173 5391 3365 5447 Matth.
3421 5410 3513 5461 vn,
3545 5395 3598 5451 l.

2184 5561 2362 5641 μένον3
2405 5562 2473 5619 de
2502 5567 2914 5641 operationibus
2947 5570 3186 5641 Spiritus
3230 5577 3402 5628 sancti
3444 5576 3552 5630 illis
3591 5576 3764 5630 admi-

2181 5631 2446 5714 rabilibus
2481 5631 2862 5714 accipiendum
2893 5631 3002 5714 est,
3031 5659 3139 5696 non
3185 5645 3252 5698 de
3284 5661 3512 5714 persona
3539 5656 3595 5700 et
3633 5646 3762 5700 sub-

2179 5703 2443 5830 εἰίειοιιιὶειι
2482 5703 2720 5774 Spiritus
2759 5712 2953 5777 sancti,
2985 5703 3124 5784 qua:
3154 5703 3302 5769 Patri
3351 5728 3406 5769 et
3440 5715 3580 5770 Filio
3612 5729 3756 5774 0093-

2205 5787 2338 5830 erua
2361 5788 2419 5830 es
2451 5813 2464 5830 .

2205 5787 2338 5830 erua
2361 5787 2464 5830 eSl.
