4138 6300
371 303 468 358 εει

1079 301 1167 354 DE
1207 297 1646 357 ADORATIONE
1686 300 1752 356 IN
1793 301 2061 360 SPlRlTU
2102 303 2190 360 ET
2232 303 2595 361 VERITATE.
2639 306 2764 362 LIB.
2805 309 2912 364 νυ.

3519 311 3620 372 522

367 418 436 471 τὰ
463 417 684 486 ἑαυτῆς,
735 413 792 466 ού
822 411 1218 483 παροξύνεται,
1252 414 1312 466 οὐ
1343 413 1615 484 λογίζεται
1650 417 1711 469 τὸ
1749 417 1926 482 κακὸν,

2044 433 2164 486 qua:
2210 434 2305 472 sua
2347 430 2494 484 sunt,
2533 436 2641 474 non
2686 422 2956 486 irritatur,
3005 437 3112 477 non
3152 425 3347 495 cogitat
3392 429 3617 498 malum;

367 507 427 559 οὐ
461 503 642 575 χαίρει
682 503 774 567 ἐπὶ
802 503 866 572 τῇ
905 499 1124 572 ἀδικίᾳ,
1156 502 1442 575 συγχαίρει
1480 503 1536 555 δὲ
1574 506 1638 574 τῇ
1671 504 1934 576 ἀληθείᾳο

367 595 546 648 πάντα
575 591 778 660 στέγει,
799 592 975 646 πάντα
1007 592 1272 656 πιστεύει,
1300 594 1478 647 πάντα
1500 595 1730 660 ἐλπίζει,
1763 596 1937 650 πάντα

369 684 628 756 ὑπομένει
663 687 695 754 ἠ
737 683 950 754 ἀγάπη,
989 683 1245 736 οὐδέποτε
1277 685 1554 740 ἐκπίπτει.
1596 707 1614 740 ι
1668 688 1807 740 Ἀλλ’
1835 690 1936 759 ὲμ-

368 782 507 848 φανῆ
537 781 634 848 μὲν
668 777 892 840 ἅπασιν,
923 776 999 840 ῶς
1021 794 1084 845 γε
1108 772 1281 848 οἶμαι,
1313 779 1493 840 ταυτὶ,
1517 782 1608 833 καὶ
1633 778 1844 851 μακρὸς
1872 782 1938 834 ἂν

367 870 575 938 γένοιτο
599 867 719 921 λίαν
769 868 798 919 ό
829 867 958 938 περὶ
1001 867 1181 920 αὐτῶν
1230 867 1406 936 λόγος,
1443 869 1597 938 εἴπερ
1649 886 1732 932 τις
1766 869 1939 923 ἕλοιτο

366 957 576 1020 λεπτῶς
606 955 675 1009 τὰ
709 954 861 1024 ποιρά
891 959 958 1025 τῇ
988 955 1103 1024 Νέᾳ
1128 958 1466 1027 συναγείρειν
1495 958 1706 1029 Γραφῇ.
1732 960 1935 1030 Τετραο

364 1049 577 1120 ᾠόμεθα
611 1048 668 1101 δὲ
699 1049 814 1100 νυνὶ
848 1047 988 1117 πρὸς
1016 1048 1114 1111 τάς
1144 1049 1209 1102 ὲκ
1236 1050 1401 1120 νόμου
1435 1051 1613 1116 σκιὰς,
1644 1052 1738 1105 καὶ
1765 1051 1832 1104 τά
1862 1051 1936 1116 ὡς

366 1141 422 1192 ὲν
453 1139 643 1202 τύποις
663 1137 744 1191 ἔτι
770 1139 883 1200 τοῖς
916 1137 1082 1190 πάλαι
1116 1138 1541 1208 τεθεσπισμένα.

436 1231 646 1286 ΠΑΛΛ.
688 1230 920 1298 Ἀριστα
951 1228 1159 1299 διανοῇ.

433 1325 596 1376 ΚΥΡ.
631 1322 938 1392 Μελέτησις
977 1320 1076 1390 μὲν
1117 1323 1144 1374 ὁ
1177 1321 1341 1390 νόμος
1379 1317 1446 1391 ἦν
1473 1324 1552 1388 εἰς
1590 1324 1936 1397 δικαιοσύνην

365 1417 457 1470 καὶ
493 1414 817 1486 προεισῶλή
867 1429 951 1476 τις
983 1412 1173 1482 ὥσπερ
1225 1412 1334 1466 τῶν
1373 1415 1745 1483 εὐαγγελικῶν
1774 1419 1936 1490 ἀνδρ-

365 1506 758 1576 αγαθημάτων.
791 1503 1106 1572 Γέγραπται
1141 1503 1268 1574 γάρ’
1304 1522 1321 1555 ι
1357 1505 1523 1577 Ἀρχὴ
1548 1506 1667 1560 ὁδοῦ
1698 1508 1935 1577 ἀγαθῆς,

365 1599 423 1651 τὸ
451 1598 622 1651 ποιεῖν
654 1595 723 1649 τά
757 1596 960 1649 δίκαια.
1002 1615 1020 1646 ι
1057 1596 1404 1664 Παιδαγωγεῖ
1445 1599 1554 1669 γάρ
1593 1603 1619 1652 ὁ
1646 1603 1809 1672 νόμος
1843 1603 1936 1655 ἐπὶ

367 1688 615 1760 Χριστὸν,
645 1687 739 1741 καὶ
769 1687 865 1758 τῆς
888 1689 944 1739 ὲν
973 1686 1120 1754 αὐτῷ
1148 1690 1444 1759 νοουμένης
1469 1690 1611 1761 ζωῆς
1636 1694 1697 1745 ού
1724 1693 1935 1763 διεψευσ-

2041 525 2150 563 non
2181 510 2381 580 gaudet
2405 527 2571 582 super
2595 513 2904 583 iniquitate,
2929 516 3233 585 congaudet
3262 528 3442 573 autem
3479 524 3621 576 veri-

2043 603 2136 655 tati
2159 618 2173 668 ;
2200 603 2382 658 omnia
2409 605 2622 669 suffert,
2649 606 2830 661 omnia
2853 607 3048 673 credit,
3075 610 3255 664 omnia
3277 623 3478 681 sperat,
3504 630 3622 668 om-

2041 691 2130 746 nia
2160 694 2425 760 sustinet;
2467 695 2706 749 charitas
2728 712 3007 766 nunquam
3041 699 3245 753 excidit
3268 702 3330 755 “.
3367 721 3385 752 ›
3416 704 3616 759 Verum

2041 781 2174 846 haec,
2203 791 2262 837 ut
2286 785 2502 853 opinor,
2539 786 2794 840 omnibus
2820 788 3105 858 perspicua
3144 800 3291 854 sunt,
3320 801 3374 845 et
3403 792 3617 866 longior

2037 875 2146 929 erit
2167 875 2234 930 de
2261 877 2346 931 his
2366 879 2623 934 omnibus
2646 881 2844 944 oratio,
2872 881 2915 934 si
2939 881 3063 949 quis
3090 883 3297 938 minute
3322 887 3472 951 velit,
3496 905 3617 959 quae

2041 965 2093 1018 in
2113 965 2262 1020 Nova
2285 965 2567 1037 Scriptura
2587 978 2734 1032 sunt,
2755 969 3029 1039 colligere.
3053 970 3159 1024 Sed
3178 973 3288 1042 jam
3311 975 3376 1028 ad
3398 979 3618 1034 umbras

2038 1056 2192 1126 legis,
2233 1066 2288 1112 et
2311 1074 2376 1113 ea
2404 1075 2522 1129 qua
2557 1061 2754 1128 priscis
2784 1061 3104 1116 hominibus
3128 1072 3383 1133 tanquam
3407 1068 3460 1121 in
3484 1069 3618 1140 figu-

2037 1149 2116 1202 ris
2139 1149 2318 1205 adhuc
2339 1151 2517 1206 edicta
2547 1161 2693 1215 sunt,
2720 1163 3121 1207 convertamur.

2108 1238 2306 1295 PALL.
2336 1241 2550 1312 Optime
2580 1244 2803 1314 cogitas.

2106 1331 2262 1388 CYR.
2293 1335 2628 1390 Exercitatio
2658 1335 2906 1408 quaedam
2949 1336 3015 1389 ad
3051 1337 3317 1408 justitiam
3362 1341 3465 1396 fuit
3504 1345 3614 1408 lex,

2037 1430 2093 1475 et
2134 1422 2284 1477 velut
2327 1425 2509 1480 aditus
2535 1405 2758 1494 quidam
2797 1441 2859 1480 ac
2902 1405 3068 1482 limen
3107 1431 3172 1484 ad
3216 1435 3476 1500 praeclara
3523 1405 3616 1492 iila

2037 1514 2346 1582 evangelica
2378 1514 2548 1580 facta;
2583 1517 2849 1585 scriptum
2881 1526 2964 1571 est
2993 1519 3140 1573 enim
3174 1540 3184 1574 :
3217 1537 3236 1572 ‹
3274 1524 3610 1596 Principium

2036 1602 2137 1655 viae
2171 1602 2325 1657 bona:
2361 1613 2444 1658 est
2482 1604 2661 1661 facere
2701 1607 2847 1677 justa
2884 1607 2946 1660 δ’.
2990 1628 3008 1659 ι
3041 1609 3200 1665 Ducit
3240 1614 3384 1669 enim
3418 1617 3504 1674 lex
3542 1621 3608 1674 ad

2035 1688 2333 1757 Christum,
2356 1702 2412 1748 et
2435 1695 2558 1750 vita:
2597 1695 2762 1761 illius,
2788 1712 2909 1766 qua:
2936 1698 2991 1752 in
3015 1698 3234 1756 Christo
3265 1704 3608 1778 intelligitur,

367 1782 572 1852 σμένην
615 1779 680 1832 ἂν
715 1778 826 1849 ἔχοι
863 1780 962 1850 τὴν
993 1779 1150 1844 δόξαν
1174 1821 1190 1847 ,
1223 1783 1270 1834 εί
1310 1784 1482 1834 νοοῖτο
1517 1785 1926 1853 πνευματικῶς.

2037 1794 2147 1834 non
2175 1781 2362 1836 falsam
2397 1787 2754 1855 consequitur
2779 1788 3027 1858 gloriam,
3061 1791 3104 1844 si
3136 1769 3496 1860 spiritualiter
3525 1769 3610 1853 in;

365 1874 471 1926 Καὶ
499 1873 679 1941 ἵστησι
705 1870 804 1941 μὲν
838 1872 920 1933 εἰς
947 1869 1312 1942 δικαιοσύνην,
1334 1872 1598 1942 ἀποφέρει
1625 1873 1680 1926 δὲ
1711 1873 1846 1944 πρὸς
1873 1874 1933 1928 τὸ

365 1966 503 2038 ὑπὲρ
533 1964 690 2018 τοῦτο
731 1964 812 2016 ἔτι
847 1963 908 2016 τὸ
954 1963 1184 2034 μάθημα
1217 1965 1277 2016 τὸ
1304 1965 1675 2034 εύαγγελικόν.
1727 1967 1932 2038 Τρόποι

365 2055 422 2109 δὲ
460 2053 802 2124 δικαιοσύνης
822 2093 837 2118 ,
862 2053 1078 2124 πρῶτος
1121 2054 1242 2122 μὲν,
1277 2053 1411 2124 τιμὴ
1443 2054 1537 2106 καὶ
1563 2054 1860 2125 ἀγάπησις,
1895 2056 1928 2125 ἡ

368 2147 447 2209 είς
472 2145 563 2198 τὸν
591 2145 684 2198 ἕνα
709 2162 766 2197 τε
792 2144 882 2198 καὶ
909 2145 1068 2214 φύσει
1097 2144 1230 2197 Θεόν
1253 2161 1266 2174 ·
1308 2145 1503 2213 γείτων
1531 2145 1588 2199 δὲ
1624 2143 1810 2215 ῶσπερ
1838 2145 1932 2199 καὶ

368 2234 488 2304 μετ’
507 2236 681 2288 ὲκεῖνο
708 2235 868 2298 εὐθὺς
895 2237 926 2306 ἡ
951 2236 1028 2298 εἰς
1051 2235 1314 2302 ἀδελφοὺς
1343 2238 1435 2288 καὶ
1467 2238 1770 2305 ὁμογενεῖς,
1801 2252 1933 2306 προ-

363 2327 686 2397 εγκειμένης
718 2327 815 2398 τῆς
842 2328 923 2390 είς
952 2326 1144 2395 γονέας
1168 2326 1372 2389 αἰδοῦς.
1416 2328 1502 2380 Ἐν
1533 2327 1722 2397 κόσμῳ
1743 2327 1807 2396 δὴ
1837 2325 1932 2382 οὖν

359 2418 437 2485 τῷ
460 2418 717 2488 πρέποντι
751 2416 996 2488 πρόεισιν
1024 2418 1155 2488 ἡμῖν
1187 2418 1214 2468 ὁ
1244 2417 1435 2484 Λόγος,
1467 2418 1605 2487 μετά
1635 2435 1697 2486 γε
1730 2421 1828 2489 τὴν
1851 2421 1931 2483 είς

359 2509 493 2562 Θεὸν
526 2508 832 2574 εὐσέϐειαν,
884 2511 978 2563 καὶ
1007 2509 1064 2562 τὸ
1092 2510 1171 2572 είς
1201 2509 1392 2576 γονέας
1417 2510 1645 2572 εὐλαϐὲς
1669 2551 1683 2574 ,
1717 2512 1798 2564 ὃτι
1830 2512 1930 2582 τῆς

357 2599 654 2662 ἐπιεικείας
680 2600 945 2671 προσήκει
965 2599 1065 2671 τὴν
1082 2598 1306 2665 ἔνδειξιν
1331 2600 1516 2662 καὶείς
1545 2601 1758 2671 ἐτέρους
1785 2604 1931 2674 ἡμᾶς

357 2690 627 2745 ποιεῖσθαι
664 2690 1012 2762 παρεγγυῶν.
1061 2691 1320 2762 Πανταχῆ
1362 2690 1472 2764 γὰρ
1520 2693 1548 2745 ό
1583 2693 1786 2764 νόμος,
1830 2694 1930 2765 τῆς

359 2782 605 2854 ἰσότητος
633 2787 869 2854 προνοεῖ,
904 2784 995 2837 καὶ
1027 2785 1230 2856 ἀκριϐῆ
1265 2785 1361 2838 τοῦ
1413 2785 1623 2839 δικαίου
1659 2786 1927 2841 ποιεῖσθαι

2037 1869 2332 1940 telligatur,
2357 1882 2411 1928 et
2441 1874 2495 1927 in
2517 1875 2725 1944 justitia
2754 1893 2854 1933 nos
2874 1879 3189 1946 constituit;
3223 1884 3385 1957 244
3403 1896 3457 1942 at
3480 1905 3614 1944 vero

2033 1963 2342 2032 evangelica
2369 1964 2657 2036 disciplina
2695 1983 2860 2039 supra
2903 1969 3008 2025 hoc
3045 1982 3309 2042 praeterea
3335 1980 3608 2048 perducit.

2035 2050 2174 2107 Sunt
2202 2065 2384 2110 autem
2411 2058 2637 2128 justitiae
2669 2076 2888 2130 genera,
2915 2063 3152 2132 primum
3183 2067 3403 2136 quidem
3433 2071 3613 2128 honor

2033 2153 2088 2199 et
2116 2161 2270 2199 amor
2296 2163 2424 2218 erga
2452 2165 2599 2216 eum,
2624 2151 2718 2220 qui
2739 2169 2880 2208 unus
2907 2170 2972 2208 ac
2992 2165 3186 2212 natura
3209 2159 3351 2215 Deus
3376 2171 3492 2228 est;
3521 2167 3610 2218 vi-

2033 2234 2192 2290 cinus
2213 2245 2318 2300 est,
2353 2246 2409 2292 et
2433 2239 2562 2293 huic
2591 2243 2871 2310 proximus
2900 2245 2992 2299 ille
3026 2261 3180 2302 amor
3213 2249 3268 2303 in
3305 2250 3522 2317 fratres,
3552 2266 3609 2310 et

2032 2326 2278 2395 ejusdem
2302 2330 2518 2400 generis
2552 2332 2822 2400 homines,
2850 2335 2922 2388 ita
2953 2346 3154 2404 tamen,
3184 2349 3242 2394 ut
3269 2341 3321 2394 in
3351 2354 3609 2412 parentes

2032 2419 2342 2474 reverentia
2372 2421 2585 2476 caeteris
2625 2433 2988 2493 praeponatur.
3036 2427 3395 2488 Convenienti
3441 2436 3607 2507 igitur

2031 2510 2224 2565 ordine
2247 2509 2530 2581 Scriptura
2553 2513 2921 2583 progreditur,
2951 2531 3074 2570 cum
3109 2528 3232 2588 post
3257 2521 3510 2589 pietatem
3551 2526 3606 2580 in

2030 2601 2223 2665 Deum,
2272 2611 2328 2658 et
2373 2619 2500 2674 erga
2541 2615 2795 2674 parentes
2841 2611 3229 2677 reverentiam,
3273 2614 3330 2668 in
3377 2624 3606 2672 Caeteros

2028 2707 2246 2762 quoque
2269 2694 2520 2749 homines
2548 2697 2822 2765 specimen
2853 2701 3144 2768 probitatis
3163 2720 3264 2760 nos
3280 2706 3444 2762 edere
3469 2725 3608 2778 pra:-

2029 2783 2178 2852 cipit.
2211 2785 2423 2840 Etenim
2457 2787 2661 2857 ubique
2707 2789 2794 2843 lex
2835 2806 3024 2846 curam
3051 2796 3379 2863 aequalitatis
3418 2799 3602 2865 habet,

354 2875 455 2948 τὴν
480 2875 732 2946 βάσανον,
761 2861 953 2946 ὁρᾶται
985 2875 1348 2948 θεσμοθετῶν.
1395 2877 1704 2947 Γέγραπται
1731 2878 1838 2949 γάρ
1872 2881 1926 2931 ὲν

2030 2882 2080 2927 et
2102 2884 2411 2931 accuratam
2438 2877 2666 2948 justitia:
2692 2880 2960 2936 rationem
2979 2861 3287 2941 habendam
3313 2903 3434 2945 esse
3450 2861 3606 2960 aper;

353 2967 778 3038 Δευτερονομίῳι
816 2986 832 3018 ι
865 2967 976 3020 Οὐκ
1001 2966 1151 3020 ἔσται
1173 2969 1229 3021 ἐν
1246 2967 1323 3040 τῷ
1355 2970 1658 3041 μαρσίππῳ
1683 2987 1777 3022 σου
1802 2971 1928 3024 στά-

353 3059 516 3130 θμιον
544 3059 737 3130 μέγαῆ
760 3057 974 3130 μικρόν·
997 3061 1260 3131 στάθμιον
1277 3061 1526 3130 ἀληθινὸν
1542 3062 1748 3116 δίκαιον
1775 3063 1924 3118 ἔσται

2031 2974 2080 3018 te
2113 2964 2379 3020 decernit.
2423 2967 2698 3038 Scriptum
2725 2985 2809 3029 est
2839 2974 2987 3028 enim
3029 2975 3084 3030 in
3126 2978 3552 3038 Deuteronomio
3585 3003 3600 3037 :

2035 3074 2052 3105 ‹
2090 3056 2208 3110 Non
2239 3059 2346 3112 erit
2379 3059 2436 3112 in
2458 3063 2676 3116 sacculo
2700 3071 2793 3117 tuo
2822 3065 3037 3134 pondus
3075 3082 3328 3138 magnum
3353 3079 3449 3126 aut
3473 3087 3601 3142 par-

351 3166 460 3215 σοι,
475 3153 569 3204 καὶ
590 3151 786 3222 μέτρον
800 3151 1048 3222 ἀληθινὸν
1069 3152 1274 3206 δίκαιον
1305 3153 1458 3208 ἔσται
1481 3171 1582 3218 σοι,
1637 3155 1724 3208 ἴνα
1759 3156 1922 3208 πολυ-

2030 3163 2152 3200 vum
2181 3165 2193 3201 :
2220 3149 2436 3216 pondus
2461 3166 2652 3204 verum
2683 3154 2964 3222 etjustum
2999 3156 3072 3210 sit
3101 3135 3222 3222 tibi,
3261 3168 3316 3213 et
3347 3135 3603 3217 mensura

347 3239 560 3310 ήμερος
576 3240 707 3313 γένῃ
727 3241 819 3293 ἐπί
840 3242 938 3309 τῆς
961 3242 1081 3312 γῆς,
1110 3236 1175 3312 ἦς
1200 3243 1400 3314 Κύριος
1427 3245 1454 3297 ὁ
1473 3245 1602 3308 Θεός
1626 3261 1716 3296 σου
1744 3245 1928 3298 δίδωσί

347 3346 439 3382 σοι
464 3331 523 3381 ἐν
556 3329 744 3401 κλήρῳ
764 3371 777 3394 ,
806 3332 887 3385 ὅτι
915 3332 1190 3404 βδέλυγμα
1224 3335 1414 3406 Κυρίῳ
1440 3335 1518 3403 τῷ
1545 3334 1664 3405 Θεῷ
1699 3352 1791 3388 σου
1820 3338 1927 3399 πᾶς

345 3421 524 3474 ποιῶν
552 3421 743 3488 ταῦτα,
780 3425 887 3487 πᾶς
915 3423 1083 3477 ποιῶν
1115 3426 1318 3480 ἄδικον.
1371 3445 1390 3479 ›
1438 3427 1548 3479 Καὶ
1579 3426 1741 3479 πάλιν
1766 3427 1824 3478 ἐν
1848 3425 1927 3497 τῷ

342 3512 651 3582 Λευῖτικῷ·
690 3532 708 3564 ι
759 3513 847 3568 Ἑν
885 3515 1102 3584 μέτροις
1139 3516 1235 3570 καὶ
1271 3516 1567 3587 σταθμίοις,
1609 3517 1704 3570 καὶ
1745 3517 1926 3586 ζυγοῖς

341 3599 498 3668 ζυγά
526 3603 731 3668 δίκαια,
769 3605 862 3657 καὶ
893 3605 1132 3675 στάθμια
1163 3606 1348 3661 δίκαια
1371 3650 1385 3672 ,
1420 3609 1516 3660 καὶ
1551 3607 1678 3679 χοῦς
1720 3608 1924 3672 δίκαιος

338 3691 510 3744 ἔσται
553 3709 656 3746 σοι.
715 3711 732 3742 ι
781 3692 1016 3764 Μέτροις
1047 3693 1103 3746 δὲ
1145 3695 1241 3748 καὶ
1286 3694 1572 3764 σταθμίοις
1603 3698 1698 3749 καὶ
1743 3696 1925 3763 ζυγοῖς

336 3783 622 3853 παρισοῦν
657 3780 715 3837 εὖ
768 3784 914 3853 μάλα
957 3785 1057 3854 τῆς
1107 3784 1456 3856 δικαιοσύνης
1505 3786 1631 3848 τοὺς
1692 3787 1924 3855 τρόπους

330 3875 611 3947 ἠπείγετο
640 3877 732 3930 καὶ
763 3877 906 3946 μάλα
931 3876 1104 3948 ὀρθῶς
1121 3891 1134 3905 ·
1165 3878 1288 3940 νοῦς
1313 3877 1420 3948 γὰρ
1445 3877 1603 3941 εὐθύς
1628 3895 1686 3930 τε
1718 3877 1814 3931 καὶ
1840 3895 1924 3946 (ρι-

330 3967 617 4032 λοδὶκαιος
642 3968 953 4023 ταλαντεύει
987 3967 1188 4036 τρόπον
1220 3969 1340 4023 τινά
1371 3971 1465 4023 καὶ
1487 3969 1785 4040 ἀναμετρεῖ
1815 3969 1924 4022 τῶν

328 4059 697 4132 πραγμάτων
741 4060 838 4122 τάς
886 4061 1104 4128 φύσεις,
1145 4061 1240 4112 καὶ
1275 4059 1368 4114 τὸν
1415 4060 1516 4131 τῆς
1549 4059 1790 4130 ἰσότητος
1824 4060 1921 4129 βα-

331 4151 560 4216 σανίζει
588 4151 764 4219 λόγον,
794 4152 1116 4223 λεπτότερόν
1139 4169 1198 4204 τε
1222 4152 1315 4205 καὶ
1338 4151 1748 4225 ἀκριϐέστερον,
1780 4150 1923 4223 ἥπερ

332 4240 405 4295 ἂν
437 4241 612 4294 οἴοιτό
638 4257 722 4303 τις
752 4242 874 4303 τοὺς
903 4242 994 4294 ἐπὶ
1031 4243 1362 4310 πλάστιγγος
1389 4242 1483 4295 καὶ
1521 4241 1711 4310 ζυγοῦ,
1749 4241 1810 4294 τὸ
1839 4241 1922 4294 νό-

337 4348 535 4403 μισμα
589 4331 1016 4401 δοκιμάζοντας’
1062 4335 1349 4403 ὲπιμετρεῖ
1382 4332 1438 4384 δὲ
1473 4331 1662 4404 ὥσπερ
1708 4331 1922 4402 ἑκάστῳ

331 4425 450 4478 τῶν
491 4422 887 4493 θεωρουμένων
915 4423 973 4476 τὸ
1001 4424 1081 4476 ὅτι
1115 4424 1348 4493 μάλιστα
1375 4422 1581 4492 πρέπον
1605 4421 1774 4492 αὐτῷ,
1798 4421 1921 4475 οὔτε

329 4515 417 4586 τῷ
437 4512 690 4584 περιττῷ
711 4513 810 4584 τῆς
832 4513 1092 4584 ἀκριϐοῦς
1119 4512 1360 4584 ἰσότητος
1387 4512 1680 4583 παραλύων
1703 4512 1918 4578 κάλλος,

329 4603 468 4657 οὔτε
501 4603 610 4672 μὴν
641 4604 707 4672 τῇ
743 4601 882 4673 πρὸς
921 4601 982 4654 τὸ
1015 4603 1166 4669 μεῖον
1208 4601 1474 4670 ύποφορᾷ,
1506 4599 1922 4671 παραχαράττε-

330 4695 471 4748 σθαι
499 4693 800 4762 συγχωρῶν
825 4693 884 4745 τὸ
913 4693 987 4756 ὡς
1011 4695 1066 4745 ὲν
1097 4694 1302 4762 ἰσότητι
1329 4690 1570 4762 διαρκές.
1598 4691 1780 4743 Ἔστω
1809 4692 1920 4743 τοί-

329 4804 434 4840 νυν
461 4786 607 4852 ζυγά
631 4786 722 4837 καὶ
744 4784 978 4854 στάθμια
993 4785 1195 4848 δίκαια,
1217 4784 1310 4837 καὶ
1332 4783 1460 4853 χοῦς
1481 4782 1706 4848 δίκαιος,
1733 4783 1918 4853 φησίν·

327 4876 453 4932 εἷεν
489 4875 536 4928 δ’
571 4874 656 4940 ἂν,
681 4871 854 4945 οἶμαι,
899 4875 1075 4939 ταυτὶ,
1101 4875 1258 4929 τύποι
1285 4877 1430 4939 τινὲς
1468 4876 1658 4947 ῶσπερ
1699 4876 1790 4928 καὶ⁸
1816 4876 1919 4944 ὲμ-

328 4966 496 5037 φανῆ
525 4965 944 5036 παραδείγματα
969 5005 983 5030 ,
1008 4965 1242 5036 τρόπους
1273 4968 1404 5037 ἡμῖν
1440 4965 1826 5035 ὑποφαίνοντα,
1849 4963 1918 5016 δι’

323 5054 531 5129 ὧνπερ
560 5056 626 5110 ἂν
668 5059 797 5127 ἡμῖν
832 5059 860 5110 ὁ
890 5056 986 5125 τῆς
1021 5056 1281 5128 ἀκριϐοῦς
1325 5056 1568 5128 ἰσότητος
1601 5053 1920 5127 διερευνῷτο

323 5151 539 5219 λόγος,
575 5149 669 5202 καὶ
697 5150 731 5218 ἡ
763 5147 864 5217 τῆς
906 5147 1251 5217 δικαιοσύνης
1287 5148 1642 5218 ἀναφανεῖται
1691 5146 1913 5215 γνῶσις.

324 5242 510 5302 Σύνες
529 5239 584 5292 δὲ
609 5239 690 5292 ὅτι
716 5239 1110 5308 συμμετρεῖται
1157 5239 1255 5308 μὲν
1283 5238 1352 5293 τὰ
1385 5242 1441 5293 ὲν
1462 5241 1632 5312 νόμῳ,
1667 5240 1762 5292 καὶ
1791 5241 1917 5311 ὅρον

320 5333 453 5402 ἔχει
488 5329 588 5401 τὴν
615 5326 984 5398 δικαιοσύνην,
1009 5326 1231 5380 πλουτεῖ
1252 5327 1308 5380 δὲ
1336 5329 1395 5381 τὸ
1420 5330 1627 5399 μεῖζον,
1660 5329 1755 5382 καὶ
1780 5329 1914 5382 πολὺ

317 5427 392 5497 δὴ
433 5423 562 5476 λίαν
599 5420 856 5474 ἐπέκεινα
894 5419 1076 5490 τρέχει
1112 5416 1182 5470 τά
1222 5418 1310 5471 διὰ
1337 5420 1592 5490 Χριστοῦ.
1627 5421 1776 5491 Πέρα
1808 5421 1915 5491 γὰρ

317 5514 552 5570 δικαίου
577 5513 636 5566 τὸ
655 5511 876 5581 ἀγαθὸν,
896 5511 1160 5572 τουτέστι,
1192 5509 1288 5577 τῆς
1312 5511 1368 5562 ὲν
1389 5511 1608 5582 Χριστῷ
1642 5512 1914 5574 πολιτείας

317 5612 354 5680 ἡ
386 5606 555 5670 δόξα.

388 5702 436 5733 ⁴¹
479 5699 500 5752 1
535 5698 655 5753 Cor.
689 5714 800 5758 xm,
829 5697 938 5749 5-8.
1017 5697 1059 5726 ³³
1080 5696 1240 5749 Prov.
1274 5711 1379 5758 xvi,
1409 5697 1459 5748 5.

670 5789 933 5848 ΙἈτιιοι..
968 5788 1084 5848 (in.
1124 5785 1401 5847 LXVIII.

2031 3254 2159 3292 vera
2183 3248 2239 3292 et
2255 3240 2400 3308 justa
2425 3241 2496 3294 sit
2520 3241 2642 3308 tibi,
2667 3252 2730 3298 ut
2751 3243 3028 3315 longaevus
3051 3247 3127 3301 sis
3148 3247 3204 3302 in
3227 3256 3395 3314 terra,
3438 3266 3602 3321 quam

2029 3327 2292 3384 Dominus
2319 3330 2464 3384 Deus
2497 3339 2623 3387 tuus
2652 3333 2744 3387 dat
2779 3335 2879 3388 tibi
2919 3334 2973 3390 in
3013 3337 3433 3405 possessionem,
3473 3343 3602 3412 quia

2028 3417 2358 3476 abominatio
2377 3430 2460 3476 est
2482 3424 2710 3480 Domino
2730 3426 2841 3481 Deo
2867 3435 2959 3481 tuo
2980 3429 3177 3493 omnis,
3200 3430 3295 3499 qui
3315 3431 3444 3487 facit
3463 3434 3596 3495 haec.

2027 3514 2224 3578 omnis,
2252 3516 2343 3585 qui
2380 3517 2726 3587 iniquitatem
2753 3520 2884 3575 facit
2907 3520 2971 3574 ".
3021 3541 3038 3571 ι
3069 3521 3136 3576 Et
3162 3522 3362 3577 iterum
3405 3525 3461 3580 in
3493 3526 3598 3581 Lc-

2028 3605 2193 3659 vitico
2224 3624 2236 3659 :
2271 3627 2287 3654 ι
2323 3607 2385 3661 In
2419 3611 2718 3674 mensuris,
2759 3619 2814 3665 et
2852 3613 3206 3682 ponderibus,
3249 3623 3305 3670 et
3344 3621 3595 3682 stateris;

2028 3704 2242 3750 statera:
2272 3698 2452 3766 justte,
2495 3707 2550 3753 et
2581 3700 2824 3769 pondera
2859 3702 3042 3771 justa,
3069 3714 3124 3758 et
3159 3719 3412 3760 mensura
3451 3711 3599 3778 justa

2028 3788 2136 3841 sint
2162 3787 2259 3842 tibi
2281 3789 2342 3841 “.
2377 3809 2395 3840 ι
2433 3789 2703 3845 Mensuris
2726 3791 2892 3862 igitur
2913 3800 2968 3848 et
2991 3794 3326 3862 ponderibus
3350 3806 3406 3851 et
3437 3806 3599 3854 state.-

2027 3879 2104 3932 ris
2135 3879 2424 3950 diligenter
2451 3897 2770 3952 comparare
2792 3884 3017 3952 justitias
3041 3899 3241 3955 genera
3280 3887 3508 3952 studuit,
3541 3901 3598 3945 et

2024 3966 2242 4036 quidem
2269 3969 2506 4038 optime;
2532 3971 2747 4025 animus
2776 3971 2920 4025 enim
2953 3981 3137 4027 rectus
3173 3981 3230 4028 et
3247 3973 3382 4045 justi
3408 3969 3597 4032 amans

2025 4057 2282 4126 appendit
2310 4058 2711 4127 quodammodo
2755 4068 2810 4113 et
2854 4060 3079 4114 metitur
3124 4076 3312 4116 rerum
3351 4072 3593 4126 naturas,

2023 4156 2078 4202 et
2098 4148 2424 4217 aequalitatis
2451 4151 2718 4204 rationem
2765 4149 3022 4204 subtilius
3059 4161 3114 4205 et
3154 4153 3465 4206 accuratius
3497 4167 3594 4205 ex-

2023 4237 2211 4307 quirit,
2235 4255 2398 4308 quam
2426 4240 2462 4293 ii
2489 4239 2665 4295 facere
2689 4249 2968 4309 putantur,
2997 4239 3091 4308 qui
3117 4240 3174 4293 in
3195 4242 3350 4295 lance
3375 4248 3431 4294 et
3453 4241 3592 4300 libra

2023 4331 2310 4398 pecuniam
2338 4331 2593 4400 probant,
2621 4341 2675 4385 et
2710 4330 2936 4399 singulis
2959 4329 3142 4392 rebus,
3181 4343 3316 4398 quas
3346 4337 3594 4384 contem-

2027 4418 2223 4488 platur,
2258 4421 2389 4490 quid
2425 4422 2656 4475 maxime
2699 4419 2906 4482 deceat,
2946 4420 3258 4484 admetitur,
3294 4435 3472 4490 neque
3500 4435 3592 4476 re-

2025 4510 2323 4565 dundantia
2387 4512 2713 4580 azqualitatis
2767 4510 3050 4579 exquisita;
3123 4511 3588 4580 pulchritudinem

2022 4601 2356 4670 corrumpit;
2389 4616 2566 4670 neque
2590 4615 2780 4654 rursus
2804 4600 3186 4656 imminutione
3212 4602 3264 4656 id
3290 4603 3590 4658 adulterari
3661 4671 3666 4682 ι

2023 4690 2172 4757 sinit,
2205 4692 2352 4763 quod
2374 4702 2458 4748 est
2479 4692 2804 4763 :equalitatis
2826 4692 3035 4746 ratione
3062 4693 3214 4747 satis.
3249 4693 3370 4748 Sint
3403 4697 3590 4764 itaque

2023 4793 2239 4839 statera:
2263 4795 2318 4839 et
2351 4786 2590 4855 pondera
2610 4786 2780 4855 justa,
2809 4792 2866 4839 et
2895 4799 3150 4840 mensura
3182 4784 3351 4856 justa,
3392 4787 3592 4856 inquit.

2024 4875 2148 4930 Haec
2169 4885 2373 4939 autem,
2399 4884 2458 4929 ut
2477 4876 2692 4946 opinor,
2711 4884 2968 4946 tanquam
2991 4875 3176 4946 figura:
3196 4877 3443 4947 quaedam
3465 4888 3595 4932 sunt

2023 4971 2078 5016 et
2119 4965 2364 5034 exempla
2407 4964 2714 5034 perspicua,
2759 4980 2882 5034 quae
2928 4963 3121 5019 modos
3159 4967 3321 5021 nobis
3361 4965 3592 5020 demon-

2025 5060 2218 5119 strant,
2250 5070 2349 5124 per
2389 5069 2527 5124 quos
2557 5069 2587 5108 a
2609 5053 2768 5108 nobis
2804 5063 3072 5109 accuratae
3095 5054 3422 5124 aequalitatis
3454 5055 3593 5107 ratio

2024 5142 2365 5210 exquiratur,
2403 5149 2458 5198 et
2490 5142 2715 5213 justitiae
2749 5142 2987 5212 cognitio
3021 5151 3297 5211 appareat.
3329 5140 3590 5196 Animad-

2026 5241 2177 5286 verte
2211 5243 2392 5287 autem
2415 5249 2500 5298 ea,
2526 5249 2649 5303 quae
2677 5241 2804 5286 sunt
2837 5233 2890 5286 in
2917 5232 3034 5301 lege
3061 5231 3393 5294 mensurari,
3425 5239 3481 5284 et
3499 5230 3592 5300 ju-

2023 5323 2170 5379 stitia
2198 5331 2454 5393 tanquam
2481 5325 2586 5378 fine
2618 5322 2930 5386 terminari;
2955 5336 3072 5375 esse
3094 5331 3276 5374 autem
3306 5321 3588 5389 ampliora,

2023 5430 2143 5484 quae
2181 5430 2278 5485 per
2315 5413 2592 5469 Christum
2631 5414 2827 5467 tradita
2871 5418 3017 5473 sunt,
3066 5419 3121 5464 et
3165 5409 3323 5480 longe
3361 5409 3594 5464 ulterius

2024 5507 2304 5578 progredi;
2340 5521 2466 5561 nam
2499 5505 2573 5567 id,
2599 5503 2742 5573 quod
2776 5503 2982 5570 justum
3013 5509 3116 5565 est,
3142 5515 3172 5554 a
3199 5499 3361 5565 bono,
3397 5498 3451 5552 id
3486 5509 3590 5562 est.

2022 5616 2051 5654 a
2084 5598 2409 5654 Christiana:
2432 5594 2860 5650 conversationis
2884 5593 3051 5662 gloria
3073 5633 3085 5655 ,
3111 5590 3414 5646 exceditur.

1535 5698 1577 5725 ⁸³
1609 5697 1766 5750 Deut.
1811 5694 2139 5759 xxv,13-16.
2199 5695 2237 5724 "‘
2275 5693 2446 5745 Levit.
2479 5704 2586 5751 xm,
2611 5689 2696 5740 35'.

3229 5762 3306 5834 '17
