4138 6300
462 337 564 391 525

1480 325 1533 378 S.
1576 321 1851 380 CYRILLI
1888 320 2355 375 ΑιΕΧΑΝῡΒιΜ
2396 319 2709 375 ΑΒΟΗῙΕΡ.

3619 317 3725 373 524

532 453 729 511 PALL.
757 447 1019 506 Praeclare
1049 445 1129 500 ais
1154 462 1165 496 :
1197 442 1419 498 memini
1445 442 1593 496 enim
1619 441 1707 506 iis,
1731 440 1822 510 qui
1855 440 1912 494 in
1939 438 2043 494 ﬁde

2216 438 2424 491 ΠΑΛΛ.
2457 435 2529 490 Εὖ
2556 437 2752 505 λέγεις.
2793 433 3157 505 Μεμνὴσομαι
3181 434 3287 505 γὰρ
3318 437 3429 498 τοῖς
3453 435 3510 486 ὲν
3545 433 3727 487 πίστει

458 544 740 621 justiﬁcati
766 547 943 604 erant,
975 535 1260 593 Christum
1290 541 1478 605 aperte
1514 531 1757 587 dixisse:
1800 551 1817 583 ‹
1854 532 2048 595 Amen,

462 653 621 694 amen
648 635 772 689 dico
797 629 976 694 vobis,
1007 627 1112 682 nisi
1140 626 1301 698 255
1335 624 1699 680 abundaverit
1715 623 1930 696 justitia
1959 637 2051 677 ve-

461 739 573 785 stra
603 725 728 797 plus
749 737 914 793 quam
938 719 1256 775 Scribarum
1279 725 1336 771 et
1360 715 1785 780 Pharisaeorum,
1825 728 1933 768 non
1960 713 2047 766 in-

460 818 677 874 trabitis
717 815 773 870 in
799 826 1029 884 regnum
1054 809 1320 864 ccelorum
1343 806 1411 860 ".
1447 825 1465 858 ›

528 909 687 965 CYR.
715 906 823 960 Sed
845 905 963 960 haec
985 900 1207 972 quidem
1238 899 1304 953 ad
1329 897 1477 952 hunc
1499 896 1724 952 modum
1748 895 2048 950 constituta

460 1003 588 1058 sint.
613 1001 732 1057 Jam
755 1040 770 1065 ,
795 997 841 1052 si
871 997 948 1050 ita
985 994 1208 1050 videtur
1229 1032 1243 1057 ,
1278 989 1526 1044 Mosaica:
1564 987 1858 1059 probitatis
1889 1002 2046 1041 men-

459 1108 680 1159 suram,
726 1097 782 1145 et
825 1087 1054 1161 justitize
1096 1083 1397 1140 secundum
1442 1081 1618 1152 legem
1655 1080 1884 1150 gloriam
1924 1095 2049 1149 per-

458 1184 824 1254 vestigemus:
851 1178 946 1248 qui
971 1175 1117 1231 enim
1138 1173 1365 1246 iustitiae
1386 1170 1756 1242 cognitionem
1781 1170 2045 1240 consequi

458 1285 608 1330 recte
631 1271 847 1335 studet,
872 1277 1038 1338 atque
1064 1266 1120 1320 in
1138 1264 1431 1336 diligendis
1453 1263 1720 1318 fratribus
1735 1303 1750 1328 ,
1775 1263 2046 1318 excellere

459 1378 717 1437 magnum
755 1369 939 1433 putat,
970 1374 1098 1414 cum
1140 1358 1359 1411 ﬁrmum
1385 1371 1448 1411 ac
1473 1354 1723 1410 stabilem
1746 1395 1761 1420 ,
1809 1354 2046 1424 denique

461 1458 654 1521 talem,
678 1453 858 1524 qualis
901 1466 1092 1506 revera
1117 1457 1231 1515 est,
1263 1449 1503 1520 spectari
1525 1448 1714 1514 decet,
1749 1463 1861 1502 non
1887 1447 2045 1501 inﬁr-

458 1562 610 1603 mum
637 1561 702 1602 ac
724 1544 901 1599 levem
921 1584 936 1609 ,
970 1556 1150 1611 neque
1195 1539 1379 1596 fucata
1403 1539 1678 1611 probitate
1704 1538 1998 1609 praeditum
2025 1582 2042 1606 ,

457 1657 522 1696 ac
541 1638 711 1696 veluti
738 1636 858 1693 ovis
898 1635 1040 1707 pelle
1080 1633 1195 1703 lupi
1220 1631 1455 1687 formam
1497 1638 1911 1700 contegentem,
1946 1629 2042 1684 sed

461 1730 646 1800 potius
669 1727 807 1792 niti,
850 1734 912 1780 ut
939 1724 1144 1780 nudam
1169 1730 1225 1778 et
1269 1721 1717 1793 reprehensionis
1757 1730 2040 1791 expertem

2153 528 2591 598 δεδικαιωμένοις
2635 525 2934 589 διειπόντος
2961 525 3229 595 Χριστοῦ·
3273 544 3291 577 ι
3340 523 3529 596 Ἀμὴν,
3555 525 3724 594 ἀμὴν,

2152 621 2294 688 λέγω
2333 621 2484 691 ὑμῖν,
2527 618 2622 671 ἐὰν
2660 618 2734 687 μὴ
2775 618 3110 689 περισσεύσῃ
3148 620 3181 688 ἠ
3215 617 3532 688 δικαιοσύνη
3573 617 3732 685 ὑμῶν

2151 711 2317 764 πλέον
2342 710 2451 763 τῶν
2476 709 2854 780 Γραμματέων
2883 710 2977 762 καὶ
3002 707 3334 780 Φαρισαίων,
3363 709 3424 761 ού
3448 707 3522 779 μὴ
3553 709 3730 762 είσέλο

2149 804 2275 875 θητε
2309 805 2388 866 είς
2418 802 2517 874 τὴν
2541 800 2817 872 βασιλείαν
2840 799 2947 854 τῶν
2977 800 3241 872 οὐρανῶν.
3275 819 3293 851 ι

2218 891 2381 946 ΚΥΡ.
2426 891 2566 943 Ἀλλ’
2602 884 2704 943 ὧδε
2739 891 2836 960 μὲν
2865 892 2997 962 ἡμῖν
3028 891 3200 962 ἐχέτω
3230 892 3417 944 ταυτίο
3451 893 3730 964 πολυπρα-

2147 981 2440 1052 γμονῶμεν
2480 982 2557 1046 δὲ,
2607 982 2656 1033 εί
2696 980 2864 1043 δοκεῖ,
2912 982 3010 1052 τῆς
3067 982 3373 1054 Μωάαῖκῆς
3420 985 3730 1049 ἐπιεικείας

2149 1071 2214 1125 τὸ
2263 1072 2482 1143 μέτρον,
2531 1071 2623 1125 καὶ
2675 1071 2775 1142 τῆς
2828 1071 2970 1125 κατὰ
3015 1070 3177 1141 νόμον
3248 1073 3600 1144 δικαιοσύνης
3631 1075 3732 1148 τὴν

2146 1163 2305 1227 δόξαν
2325 1180 2338 1193 ο
2369 1164 2460 1216 τὸν
2493 1165 2684 1234 γάρτοι
2713 1163 3021 1236 φιλοθηρεῖν
3054 1163 3148 1217 τοῦ
3195 1162 3544 1236 δικαίου’τὴν
3583 1167 3723 1234 γνῶ-

2148 1272 2230 1308 σιν
2273 1254 2540 1325 ὀρθότατα
2583 1255 3030 1321 διεσπουδακότα,
3082 1257 3177 1311 καὶ
3233 1257 3338 1330 μὴν
3378 1259 3473 1312 καὶ
3516 1261 3578 1314 τὸ
3611 1261 3730 1330 δια-

2146 1344 2378 1415 πρέπειν
2428 1347 2485 1399 ἐν
2538 1346 2816 1418 ἀγαπήσει
2871 1348 3032 1418 τυχὸν
3086 1351 3152 1420 τῇ
3214 1327 3349 1421 πρδς
3380 1351 3643 1419 ἀδελφοὺς
3672 1327 3732 1405 ἓν

2144 1437 2288 1510 λόγῳ
2341 1441 2731 1510 πεποιημένον,
2780 1443 2997 1514 ἀσφαλῆ
3043 1460 3103 1496 τε
3147 1445 3242 1497 καὶ
3289 1444 3582 1516 βεϐηκότα,
3637 1449 3732 1500 καὶ

2143 1533 2282 1603 ὅπερ
2311 1534 2459 1587 ἐστὶν
2492 1532 2728 1603 ἀληθῶς,
2758 1533 2988 1606 ὁρᾶσθαι
3020 1535 3243 1606 πρέπει,
3284 1537 3385 1590 οὐκ
3411 1538 3732 1592 εύκατάσει-

2145 1640 2286 1690 στον,
2322 1625 2438 1678 οὐδὲ
2477 1625 2730 1696 ἐλαφρὸν,
2766 1625 2828 1680 ού
2853 1627 3233 1680 κατάπλαστον
3278 1628 3470 1698 ἔχοντα
3502 1630 3563 1682 τὸ
3591 1648 3729 1702 χρη-

2143 1715 2287 1779 στὸν,
2315 1718 2406 1770 καὶ
2433 1715 2621 1788 ὥσπερ
2650 1717 2758 1781 δῖος
2785 1717 2864 1788 τῷ
2885 1719 3065 1791 κωδίῳ
3093 1719 3452 1784 κατασκιάζει
3481 1721 3732 1776 ἐθέλοντα

460 1792 688 1876 suorum
711 1832 928 1874 morum
965 1814 1276 1870 libertatem
1302 1813 1567 1879 retineat;
1595 1811 1828 1881 ideoque
1867 1811 2045 1882 inquit

2147 1806 2244 1877 τὴν
2267 1806 2432 1860 λύκου
2467 1807 2700 1880 μορςςὴν,
2738 1808 2940 1879 μᾶλλον
2979 1810 3037 1863 δὲ
3072 1812 3286 1882 γυμνὴν
3329 1813 3423 1865 καὶ
3467 1813 3730 1886 ἀνεπίλη-

459 1913 546 1969 lcx
576 1930 592 1966 :
627 1930 645 1964 ι
673 1910 793 1966 Non
841 1905 1150 1964 ambulabis
1190 1904 1377 1960 dolose
1415 1904 1471 1957 in
1511 1911 1672 1974 gente
1698 1911 1821 1967 tua,
1866 1918 2046 1972 neque

459 1997 646 2052 oderis
687 1995 914 2051 fratrem
960 2003 1114 2049 tuum
1158 1992 1217 2046 in
1263 1991 1431 2047 corde
1481 1999 1575 2046 tuo
1619 1991 1682 2044 “.
1717 2011 1734 2042 ι
1783 1991 2045 2047 Eamdem

459 2103 677 2159 quoque
721 2101 837 2142 rem
884 2086 1044 2141 aliter
1083 2086 1281 2156 ponit:
1337 2101 1354 2134 ι
1402 2083 1470 2136 Et
1515 2091 1698 2148 veste,
1745 2083 2046 2152 inquit,ex

460 2180 678 2236 duobus
725 2187 871 2233 texta
911 2191 1021 2232 non
1069 2173 1408 2231 indueris".
1441 2193 1458 2224 ι
1489 2174 1556 2228 Et
1601 2189 1830 2228 rursus:
1865 2193 1883 2224 ‹
1925 2173 2045 2228 Non

460 2274 657 2328 indues
698 2269 1060 2325 adulteratam
1096 2276 1306 2322 vestem
1338 2281 1406 2321 ex
1447 2266 1571 2320 lana
1614 2266 1836 2335 linoque
1881 2265 2044 2320 simul

459 2361 764 2418 confectam
790 2359 855 2413 ⁸⁵⁵.
887 2378 905 2409 ι
935 2356 1330 2414 Gravissimum
1355 2355 1503 2410 enim
1539 2369 1667 2409 sane
1691 2355 1901 2410 crimen
1927 2364 2010 2410 est
2030 2396 2044 2421 ,

458 2463 513 2508 et
542 2452 631 2508 cui
678 2450 828 2507 nulla
879 2448 1240 2520 reprehensio
1281 2447 1353 2504 sit
1389 2446 1556 2512 satis,
1591 2445 1681 2500 illa
1707 2445 1763 2500 in
1788 2446 2046 2515 opinione

458 2543 751 2614 probitatis
795 2541 1009 2596 fallacia
1041 2549 1098 2594 et
1122 2539 1311 2605 dolus;
1358 2552 1533 2607 eaque
1577 2551 1666 2592 res
1708 2545 1802 2606 est
1831 2537 1942 2590 Deo
1987 2536 2045 2590 in

457 2635 653 2704 primis
677 2633 867 2688 odiosa
890 2670 904 2697 ,
930 2640 987 2685 et
1009 2638 1296 2701 cognatam
1309 2628 1424 2683 fere
1449 2642 1668 2696 semper
1690 2627 1856 2681 habet
1879 2627 2046 2680 animi

457 2724 868 2794 duplicitatem,
905 2730 962 2774 et
992 2719 1129 2772 illud
1174 2717 1462 2773 sententia!
1507 2727 1765 2785 tanquam
1813 2716 2046 2770 biforme

458 2816 781 2882 variumque
847 2818 1201 2881 portentum;
1246 2808 1450 2878 quibus
1517 2807 1685 2862 rebus
1751 2823 1907 2863 mens
1954 2808 2046 2864 illa

459 2905 645 2960 divina
667 2911 723 2957 et
746 2901 1072 2956 immortalis
1093 2901 1162 2955 ad
1201 2901 1339 2953 iram
1388 2901 1623 2955 maxime
1645 2909 2040 2957 commovetur.

459 2995 610 3051 Dixit
647 2994 795 3050 enim
841 3000 990 3049 certe
1022 2992 1092 3048 de
1135 2991 1467 3062 quibusdam
1500 3011 1513 3046 :
1549 3012 1565 3044 ‹
1599 2992 1805 3063 Sagitta
1849 2995 2043 3049 vulne-

460 3101 594 3141 rans
628 3085 814 3156 lingua
856 3098 1052 3139 eorum
1079 3100 1092 3136 :
1119 3083 1308 3138 dolosa
1358 3084 1506 3139 enim
1553 3092 1680 3138 sunt
1715 3084 1884 3138 verba
1929 3085 2044 3139 oris

459 3189 684 3238 eorum;
711 3172 961 3243 proximo
1004 3187 1104 3227 suo
1153 3172 1400 3241 loquitur
1426 3173 1651 3244 paciﬁca
1672 3215 1686 3239 ,
1713 3181 1768 3228 et
1792 3175 1934 3229 intra
1983 3190 2041 3230 se

459 3266 628 3322 habet
649 3264 986 3319 inimicitias.
1033 3264 1293 3334 Nunquid
1329 3281 1494 3338 super
1517 3266 1604 3322 his
1629 3283 1739 3322 non
1764 3267 2044 3323 visitabo?

397 3417 408 3432 ρ
461 3355 597 3410 dicit
634 3353 931 3416 Dominus,
967 3360 1062 3406 aut
1107 3353 1163 3406 in
1213 3353 1417 3424 populo
1459 3355 1554 3409 tali
1593 3371 1702 3411 non
1745 3357 2044 3412 ulciscetur

461 3446 645 3500 anima
687 3459 810 3499 mea
849 3444 932 3496 “‘I
962 3462 979 3495 ›
1036 3444 1409 3500 Ascensurum
1441 3462 1660 3517 quoque
1701 3448 1757 3502 in
1803 3458 2044 3504 montem

462 3536 561 3590 Dei
591 3535 773 3603 inquit
795 3533 966 3588 David
990 3575 1004 3598 ,
1053 3534 1403 3592 innocentem
1447 3539 1703 3595 manibus
1721 3580 1735 3604 ,
1760 3549 1818 3594 et
1839 3541 2046 3597 mundo

463 3626 667 3691 corde,
696 3624 790 3695 qui
833 3640 944 3680 non
986 3625 1115 3681 fecit
1155 3627 1340 3683 dolum
1381 3629 1439 3683 in
1483 3629 1666 3700 lingua
1692 3646 1821 3696 sua,
1865 3647 2046 3703 neque

464 3716 594 3772 fecit
634 3716 886 3787 proximo
924 3733 1024 3772 suo
1067 3718 1272 3774 malum
1299 3719 1367 3774 ⁸ο.
1396 3721 1556 3776 Vetat
1601 3721 1768 3792 igitur
1810 3723 1898 3777 lex
1923 3733 2044 3778 tan-

463 3824 628 3879 quam
654 3824 771 3865 rem
797 3810 1170 3881 turpissimam
1194 3853 1208 3875 ,
1233 3819 1291 3867 et
1311 3814 1367 3867 in
1404 3813 1598 3883 primis
1623 3814 1916 3869 absurdam
1935 3857 1949 3881 ,
1976 3833 2044 3871 ne

463 3901 590 3966 quis
624 3899 681 3952 in
723 3899 851 3954 dolo
893 3900 1172 3966 ambulet,
1219 3902 1274 3956 id
1318 3910 1435 3967 est,
1483 3919 1551 3959 ne
1591 3905 1844 3959 callidam
1882 3914 2046 3976 atque

463 3995 703 4042 astutam
724 3989 852 4044 vitae
882 3991 1150 4046 rationem
1175 3992 1535 4061 amplectatur
1555 4035 1569 4058 ,
1592 4005 1648 4050 et
1671 4012 1794 4050 cum
1824 3999 2048 4067 justitiae

462 4075 704 4146 speciem
727 4077 980 4144 simulet,
1023 4081 1352 4150 contemptis
1373 4083 1656 4138 charitatis
1679 4085 1910 4155 legibus,
1935 4086 2048 4141 fra—

459 4158 579 4223 tres
598 4167 777 4222 laedat.
808 4169 1028 4225 Vestem
1073 4178 1342 4241 praterea
1366 4187 1467 4229 nos
1503 4173 1707 4231 habere
1730 4191 1841 4231 non
1866 4178 2049 4233 sinite

463 4259 682 4316 duobus
726 4269 1070 4330 contextam;
1099 4279 1208 4334 qua
1250 4264 1306 4320 in
1354 4281 1415 4321 re
1461 4265 1691 4338 ﬁgurate
1736 4267 2047 4339 signiﬁcat,

463 4353 768 4408 cavendum
791 4369 912 4410 esse
935 4370 1006 4410 ne
1046 4357 1214 4412 veluti
1238 4357 1617 4429 duplicitatem
1649 4363 1943 4432 quamdam
1991 4365 2048 4418 in

461 4441 705 4497 animum
773 4444 1160 4513 admittamus;
1209 4447 1374 4519 25.6
1436 4448 1815 4520 duplicitatem
1879 4469 2047 4524 porro

464 4533 738 4588 internam
770 4550 834 4590 ac
861 4536 1204 4605 Spiritualem
1236 4553 1358 4593 esse
1400 4539 1623 4610 inquam
1644 4582 1659 4606 ,
1707 4542 1856 4598 illam
1896 4559 2051 4600 exse-

461 4623 722 4678 crabilem
786 4625 1108 4684 hominibus
1172 4629 1422 4698 placendi
1484 4633 1884 4703 cupiditatem,
1928 4653 2050 4707 qua:

460 4710 613 4766 velut
651 4727 720 4766 ex
748 4710 963 4769 duobus
1006 4714 1270 4771 intexitur
1302 4719 1531 4784 studiis,
1559 4738 1669 4777 non
1697 4724 2052 4781 mediocriter

461 4796 606 4852 inter
639 4815 697 4854 se
737 4799 1138 4858 differentibus.
1181 4804 1314 4870 Qua:
1349 4810 1497 4863 enim
1535 4813 1782 4880 qualisve
1821 4823 1907 4869 est
1945 4817 2050 4871 alia

430 4886 871 4968 .ihypocritarum
899 4892 1042 4957 vita,
1086 4896 1226 4960 nisi,
1272 4908 1334 4952 ut
1367 4899 1428 4953 in
1475 4911 1772 4972 conspectu
1825 4905 2048 4974 quidem

462 4979 749 5035 hominum
809 4981 937 5037 boni
976 4986 1079 5039 viri
1116 5001 1413 5056 appareant
1457 5009 1522 5048 ac
1564 4995 1855 5052 videantur
1895 5015 2045 5064 esse,

461 5086 570 5127 non
594 5072 705 5128 sint
729 5083 908 5130 tamen
941 5092 1131 5132 revera
1156 5079 1358 5148 probi?

529 5351 726 5408 PALL.
756 5356 897 5413 Sane
920 5373 1071 5415 vero.

525 5439 682 5497 CYR.
711 5445 852 5518 Ergo
875 5451 1122 5523 duplices
1153 5465 1282 5511 sunt
1304 5457 1466 5513 nobis
1495 5475 1676 5516 mores
1702 5477 1732 5516 c
1755 5463 2038 5520 dissimili-

459 5530 562 5588 bus
599 5535 972 5598 voluntatibus
1015 5548 1276 5604 contexti.
1325 5549 1396 5605 At
1453 5567 1588 5608 vero
1630 5554 1826 5611 beatus
1870 5557 2038 5615 David

523 5713 569 5746 “
597 5715 787 5770 Matth.
813 5718 969 5780 v,‘20.
1039 5722 1085 5754 “
1140 5725 1316 5781 Levit.
1351 5745 1459 5795 xu,
1499 5731 1582 5784 l7.

2149 1915 2281 1952 πτον
2316 1899 2458 1971 ἔχειν
2492 1901 2810 1970 ἐπείγεσθαι
2837 1901 2930 1955 τοῦ
2973 1902 3099 1956 ἰδίου
3123 1903 3330 1974 τρόπου
3360 1904 3458 1976 τὴν
3505 1905 3728 1959 ἐλευθε-

2149 1990 2291 2061 ρίαν.
2343 1987 2643 2063 Τοιγάρτοι
2673 1993 2837 2064 φησιν
2865 1996 2893 2047 6
2920 1995 3114 2065 νόμος·
3157 2014 3175 2046 ι
3203 1995 3277 2048 Οὐ
3309 1996 3547 2069 πορεύσῃ
3593 1998 3732 2068 δόλῳ

2146 2086 2204 2137 ὲν
2233 2083 2310 2136 τῶ
2353 2083 2495 2139 ἔθνει
2532 2101 2647 2149 σου,
2679 2085 2775 2138 καὶ
2819 2086 2880 2139 ού
2935 2087 3187 2158 μισήσεις
3218 2088 3310 2142 τὸν
3352 2089 3580 2158 ἀδελφόν
3633 2108 3734 2143 σου

2145 2177 2211 2246 τῇ
2247 2175 2447 2248 καρδίᾳ
2483 2193 2596 2230 σου.
2627 2196 2645 2229 ι
2691 2177 2886 2247 Τίθησί
2917 2195 2977 2231 τε
3013 2180 3107 2232 καὶ
3136 2179 3338 2251 ἑτέρως
3367 2181 3530 2235 αὑτόο
3562 2200 3580 2233 ι
3618 2185 3733 2236 Καὶ

2153 2265 2364 2335 ἱμάτιον
2411 2265 2540 2337 γὰρ,
2592 2267 2778 2338 φησὶν,
2827 2269 2892 2321 ὲκ
2920 2267 3013 2321 δύο
3056 2269 3365 2340 ὑφασμένον
3404 2271 3505 2324 οὐκ
3536 2272 3731 2324 ἐπιδα-

2146 2357 2257 2421 λεῖς
2295 2358 2549 2430 σεαυτῷ·
2586 2379 2604 2410 ι
2643 2359 2738 2412 καὶ
2783 2360 2976 2414 πάλιν·
3033 2380 3050 2412 ι
3089 2363 3202 2415 Ούκ
3236 2361 3431 2434 ἐνδύσῃ
3478 2363 3735 2436 κίϐδηλον

2145 2447 2290 2518 ἔριον
2337 2451 2430 2503 καὶ
2462 2450 2604 2504 λίνον
2638 2452 2698 2504 ὲν
2726 2450 2803 2520 τῷ
2841 2451 3008 2522 αὐτῷ.
3042 2471 3060 2504 ι
3102 2453 3389 2508 Πάνδεινον
3424 2455 3532 2526 γάρ
3593 2456 3731 2528 ἀλη-

2147 2540 2254 2602 θῶς
2287 2541 2377 2594 κεῖδ
2432 2539 2622 2612 μώμου
2663 2541 2866 2606 παντὸς
2893 2542 3171 2607 ἐπέκεινα,
3209 2547 3320 2608 τοῖς
3352 2545 3410 2598 ὲν
3449 2546 3717 2618 ὑπολήψει

2145 2635 2512 2704 χρηστότητος
2539 2633 2722 2706 ἀπάτη
2767 2634 2862 2688 καὶ
2884 2634 3032 2700 δόλος
3065 2651 3081 2665 ⁶
3132 2636 3225 2689 καὶ
3277 2635 3392 2690 ἔστι
3439 2639 3501 2692 τὸ
3541 2639 3735 2710 χρῆμα

2145 2722 2255 2776 τῶν
2303 2725 2442 2793 ἄγαν
2489 2725 2640 2796 παρά
2682 2725 2804 2796 Θεῷ
2850 2727 3367 2798 κατεστυγημένων,
3415 2730 3511 2783 καὶ
3564 2730 3732 2784 ἀδελ-

2150 2814 2260 2886 φὴν
2296 2815 2418 2886 ἕχον
2462 2816 2548 2871 ἀεί
2582 2835 2700 2881 πως
2752 2817 2850 2889 τὴν
2890 2817 3160 2887 ὅιψυχίαν,
3193 2819 3293 2873 καὶ
3331 2822 3392 2874 τὸ
3436 2823 3599 2876 οἱονεὶ
3632 2825 3730 2894 τῆς

2147 2907 2370 2977 γνώμης
2409 2908 2596 2977 διφυές
2646 2925 2705 2962 τε
2750 2910 2845 2963 καὶ
2893 2910 3347 2980 ἀλλοπρόσαλλον,
3387 2916 3474 2983 ἐφ’
3508 2910 3590 2980 οἷς
3643 2918 3731 2970 ὅτι

2150 2999 2384 3070 μάλιστα
2448 2999 2824 3070 καταθήγεται
2868 3002 3006 3073 πρὸς
3042 3003 3212 3075 ὸργάς
3261 3009 3288 3059 6
3341 3005 3482 3070 θεῖός
3530 3024 3590 3061 τε
3636 3009 3734 3062 καὶ

2147 3091 2420 3161 ἀκήρατος
2458 3091 2602 3156 νοῦς.
2648 3094 2791 3162 Ἔφη
2822 3093 2928 3165 γάρ
2964 3111 3065 3147 που
3109 3095 3240 3166 περί
3270 3113 3433 3151 τινων
3455 3115 3470 3130 ο
3527 3117 3548 3150 ι
3576 3098 3730 3163 Βολ“ις

2145 3182 2526 3253 τιτρώσκουσα
2559 3185 2592 3254 ἡ
2647 3183 2868 3251 γλῶσσα
2913 3184 3091 3238 αὐτῶν
3121 3202 3134 3216 ο
3171 3187 3318 3242 δόλια
3357 3187 3467 3260 γάρ
3516 3189 3586 3244 τὰ
3633 3192 3732 3260 ῥή-

2151 3290 2297 3343 ματα
2349 3272 2443 3326 τοῦ
2493 3272 2760 3343 στόματος
2810 3274 2988 3328 αὐτῶν
3019 3293 3032 3305 ·
3085 3276 3164 3346 τῷ
3199 3277 3425 3349 πλησίον
3449 3280 3614 3334 αὑτοῦ
3636 3280 3732 3333 λα-

2147 3364 2231 3418 λεῖ
2273 3363 2340 3417 τὰ
2393 3364 2663 3434 εἰρηνικὰ,
2704 3366 2797 3419 καὶ
2843 3367 2900 3420 έν
2962 3369 3139 3440 ἑαυτῷ
3195 3369 3309 3440 ἔχει
3358 3370 3458 3441 τὴν
3507 3371 3730 3442 ἔχθραν.

2148 3454 2239 3526 Μὴ
2275 3455 2369 3509 ἐπὶ¹
2397 3455 2607 3519 τούτοις
2640 3457 2740 3509 οὐκ
2794 3459 3194 3532 ὲπισκέψομαι;
3225 3461 3374 3531 λέγει
3427 3463 3650 3534 Κύριος,
3694 3464 3732 3534 ἢ

2147 3548 2206 3600 ὲν
2232 3547 2348 3619 λαῷ
2377 3549 2603 3621 τοιούτῳ
2624 3551 2724 3604 οὐκ
2746 3553 3025 3624 ἐκδικήσει
3053 3553 3252 3625 ἡψυχὴ
3283 3572 3417 3626 μου;
3459 3576 3478 3606 ι
3501 3556 3732 3626 Ἀναὸή-

2151 3638 2344 3692 σεσθαι
2373 3639 2429 3693 δὲ
2455 3643 2549 3696 καὶ
2581 3643 2660 3706 είς
2683 3642 2744 3696 τὺ
2771 3643 2895 3712 ὅρος
2928 3643 3021 3697 τοῦ
3053 3645 3259 3715 Κυρίου
3291 3646 3456 3718 φησιν
3483 3647 3512 3699 6
3544 3647 3732 3712 Aa6‘t6,

2147 3727 2240 3782 τὸν
2283 3728 2461 3785 ἀθῶον
2508 3733 2684 3804 χερσὶ,
2743 3733 2839 3787 καὶ
2865 3734 3106 3807 καθαρὸν
3155 3739 3221 3808 τῇ
3272 3738 3491 3809 καρδίᾳ,
3518 3738 3577 3802 ὃς
3629 3739 3731 3792 οὐκ

2148 3819 2405 3874 ὲδὸλωσεν
2445 3823 2502 3875 ὲν
2528 3821 2766 3895 ίγλώσσῃ
2810 3823 2998 3890 αὑτοῦ,
3035 3825 3154 3878 οὐδὲ
3197 3825 3422 3897 ἐποίησε
3453 3825 3533 3898 τῷ
3593 3827 3733 3898 πλη-

2152 3913 2266 3967 σίον
2310 3912 2475 3967 αὐτοῦ
2530 3916 2719 3970 κακόν.
2771 3918 3105 3987 ’Λποφάσκει
3148 3919 3210 3988 δὴ
3235 3913 3328 3973 οὖν
3358 3922 3386 3973 ὁ
3437 3920 3600 3992 νόμος
3655 3922 3733 3984 ὼς

2151 4004 2434 4076 αἴσχιστόν
2471 4023 2528 4058 τε
2566 4007 2659 4060 καὶ
2704 4008 2934 4078 ἀπηχὲς,
2982 4011 3042 4062 τὸ
3091 4013 3148 4064 ὲν
3187 4010 3323 4081 δόλῳ
3374 4013 3730 4084 πορεύεσθαι,

2149 4096 2415 4161 τουτέστι,
2448 4096 2509 4150 τὸ
2573 4097 2896 4168 πανούργως
2945 4099 3157 4154 ἑλέσθαι
3220 4101 3394 4172 βιοῦν,
3442 4105 3538 4157 καὶ
3586 4106 3724 4158 ὐπο-

2153 4188 2482 4244 πλάττεσθαι
2526 4189 2624 4259 μὲν
2672 4189 2772 4260 τῆς
2803 4190 3146 4264 δικαιοσύνης
3168 4193 3229 4247 τὺ
3257 4195 3463 4266 σχῆμα,
3502 4197 3732 4251 κατασί-

2151 4278 2337 4331 νεσθαι
2373 4279 2429 4333 δὲ
2471 4279 2753 4350 ἀδελφοὺς,
2794 4281 2902 4336 τῶν
2962 4283 3063 4354 τῆς
3103 4285 3323 4358 ἀγάπης
3346 4287 3524 4359 νόμων
3576 4291 3734 4358 ἡφειο

2151 4370 2355 4442 δηκότα
2381 4367 2406 4405 ·’
2432 4370 2636 4444 άμῲιόν
2674 4391 2738 4443 γε
2771 4375 2877 4446 μὴν
2908 4375 3052 4446 ἔχειν
3101 4377 3248 4448 ἡμᾶς
3296 4379 3396 4433 οὐκ
3434 4381 3499 4450 ὲᾷ
3553 4381 3615 4433 τὸ
3662 4383 3732 4434 ὲκ

2082 4483 2125 4537 υ
2151 4463 2296 4517 δυοῖν
2317 4463 2648 4535 ὑφασμένον,
2688 4467 2919 4539 αἴνιγμά
2949 4487 3049 4522 που
3083 4471 3145 4524 τὸ
3183 4471 3375 4543 χρῆμα
3412 4474 3602 4538 τιθεὶς,
3633 4474 3733 4527 τοῦ

2154 4555 2229 4628 μὴ
2277 4556 2584 4628 ἀνέχεσθαι,
2643 4559 2866 4632 διπλόην
2899 4562 3086 4634 ὥσπερ
3121 4563 3264 4634 ἔχειν
3319 4568 3399 4630 είς
3458 4566 3618 4621 νοῦν·
3649 4568 3733 4620 δι-

2151 4645 2320 4716 πλόην
2369 4646 2426 4700 δὲ
2485 4641 2624 4702 εἷναί
2690 4667 2863 4721 φημι,
2916 4653 3013 4724 τὴν
3069 4652 3176 4707 ἔσω
3221 4655 3316 4708 καὶ
3365 4657 3581 4728 νοητὴν,
3634 4657 3737 4727 τὴν

2151 4737 2428 4809 ἐπάρατον
2498 4739 3050 4813 ἀνθρωπαρέσκειαν,
3125 4746 3158 4816 ἦ
3211 4747 3274 4798 ἐκ
3333 4747 3480 4800 δυοῖν
3544 4748 3736 4820 ὥσπερ

2150 4829 2515 4883 ἁναπλέκεται
2567 4833 3003 4905 σπουδασμάτοιν
3031 4877 3046 4901 ,
3095 4837 3192 4908 τὴν
3234 4841 3311 4902 εἰς
3365 4840 3571 4911 ἄλληλα
3616 4841 3734 4894 δια-

2151 4918 2356 4992 φθοράν
2385 4921 2447 4973 οὐ
2477 4922 2704 4992 μετρίαν
2742 4925 3202 4995 ὴρῤωστηκότοιν.
3239 4929 3334 4993 Τίς
3379 4929 3489 5000 γὰρ
3519 4931 3552 5002 ἢ
3581 4932 3734 4994 ποῖος

2148 5012 2256 5066 τῶν
2294 5013 2604 5086 ὑποκριτῶν
2655 5017 2683 5067 6
2729 5015 2878 5085 βίος;
2943 5014 3031 5088 ἆρ’
3075 5020 3195 5090 οὐχὶ
3241 5022 3300 5074 τὸ
3359 5025 3418 5076 ἐν
3462 5023 3582 5092 ὕψει
3635 5025 3737 5092 μὲν

2149 5104 2450 5175 ἀνθρώπων
2506 5106 2734 5176 ὁρᾶσθαι
2800 5113 3090 5178 χρηστοὺς,
3146 5113 3328 5167 καὶτὸ
3399 5115 3577 5170 δοκεῖν
3637 5118 3741 5186 μὲν

2150 5191 2311 5262 εἶναι,
2352 5195 2427 5268 μὴ
2480 5197 2587 5268 μὴν
2621 5197 2701 5252 ἔτι
2751 5200 2844 5253 καὶ
2902 5198 3041 5255 εἶναι
3097 5203 3238 5256 κατὰ
3288 5205 3550 5276 ἀλήθειαν
3603 5224 3741 5278 χρη-

2152 5285 2310 5348 στούς
2335 5303 2350 5351 ;

2221 5377 2430 5430 ΠΑΛΛ.
2486 5379 2594 5433 Καὶ
2625 5381 2788 5449 μάλα.

2224 5468 2388 5519 ΚΥΡ.
2433 5471 2615 5536 Διττὸς
2666 5470 2759 5528 οὖν
2796 5477 2824 5530 ὁ
2866 5479 3061 5549 τρόπος
3095 5479 3153 5548 ἐξ
3186 5481 3454 5550 ἀνομοίων
3489 5481 3620 5550 ἡμῖν
3647 5479 3742 5533 θε-

2146 5559 2402 5630 λημάτων
2461 5561 2850 5636 ἐξυφασμένος.
2897 5571 3034 5630 Ἀλλ’
3081 5573 3110 5624 ὃ
3141 5589 3204 5640 γε
3254 5573 3538 5636 θεσπέσιος
3572 5573 3746 5627 ama

1685 5735 1880 5791 "ibid.
1912 5737 1994 5792 l9.
2077 5742 2298 5817 “Deut.
2333 5763 2461 5813 ιλιι,
2501 5750 2580 5803 Η.
2663 5755 2705 5786 δ’
2759 5755 2868 5812 Jer.
2912 5773 2983 5823 Ix,
3021 5758 3072 5815 8.
3160 5760 3204 5792 "
3237 5760 3547 5826 Psalm.xtv,
3583 5760 3637 5828 3,
3684 5761 3741 5817 σί.
