4138 6300
478 340 583 402 52-3

1149 339 1236 395 DE
1269 337 1710 396 ADORATIONE
1751 339 1816 394 1N
1858 336 2126 394 SPIRITU
2164 335 2254 391 ΕΤ
2293 336 2656 393 VERITATE.
2697 338 2822 396 LIB.
2865 342 2972 398 VII.

3645 339 3749 394 5‘26

480 455 804 525 ἀποδέχεται
853 450 949 506 τὸν
1001 452 1330 524 μονότροπον
1385 454 1478 506 καὶ
1527 454 1741 523 φειδοῦς
1789 451 2056 520 ἀξιοῦσθαι

2172 453 2439 524 approbat
2462 454 2626 510 unius
2651 457 2820 510 moris
2843 456 3054 519 virum,
3081 467 3316 525 eumque
3351 467 3587 523 superna
3617 468 3747 523 pro-

480 563 612 618 φησι
653 546 756 616 τῆς
796 542 1045 600 ἀνωθεν·
1109 563 1126 596 ι
1150 544 1359 617 Κύριος
1386 545 1495 618 γὰρ
1552 547 1854 610 κατοικίζει
1905 562 2063 616 μονο-

477 641 732 713 τρόπους,
778 641 963 712 φησὶν,
1017 641 1075 694 ἐν
1121 639 1278 710 οἴκῳ.
1316 659 1334 691 ι
1397 640 1816 713 Διασκορπίξειν
1866 642 1922 696 δὲ
1978 640 2063 693 λέ-

477 750 633 803 γεται
676 733 771 786 καὶ
802 735 830 786 6
887 733 1022 796 Θεὸς
1066 733 1202 786 ὀστᾶ
1259 731 1782 806 ἀνθρωπαρέσκων·
1815 749 2064 804 καταμυ-

481 825 736 879 σάττεται
758 824 815 876 δὲ
845 824 908 877 τὸ
941 824 1132 895 χρῆμα
1171 824 1266 876 καὶ
1294 825 1322 876 6
1344 823 1574 889 Παῦλος,
1599 824 1773 894 λέγων
1801 839 1815 852 ·
1843 843 1863 874 ‹
1904 825 2064 895 Ἀρτι

480 917 588 987 γὰρ
618 914 939 987 ἀνθρώπους
965 914 1160 978 πείθω,
1192 913 1225 986 ἢ
1259 913 1351 967 τὸν
1384 913 1553 981 Θεόν;
1601 915 1634 985 ἢ
1669 913 1816 985 ζητῶ
1847 913 2060 985 ἀνθρώ-

483 1025 607 1071 ποις
630 1007 914 1079 ἀρέσκεινς
961 1007 1008 1058 εί
1057 1005 1137 1058 ἔτι
1172 1005 1484 1077 ἀνθρώποις
1529 1007 1781 1078 ἤρεσκον,
1820 1003 2056 1078 Χριστοῦ

483 1101 670 1163 δοῦλος
695 1100 794 1152 οὐκ
828 1098 894 1151 ἂν
929 1098 1097 1168 ήμην.
1128 1117 1145 1148 ι

556 1190 755 1244 ΠΑΛΛ.
797 1189 906 1242 Καὶ
944 1188 1048 1242 τίνι
1099 1188 1208 1242 τῶν
1267 1189 1436 1245 ὄντων
1479 1193 1580 1246 οὐκ
1609 1191 1944 1262 ἀσυμφανές,
1987 1190 2063 1253 ὡς

483 1281 709 1335 ἔκτοπον
733 1280 948 1350 ἀληθῶς
983 1279 1075 1332 καὶ
1119 1280 1221 1350 τῆς
1270 1280 1532 1353 ἀκριϐοῦς
1584 1282 1874 1353 ὀρθότητος
1909 1283 2063 1336 ἀπωο

481 1372 630 1426 τάτω
658 1369 719 1424 τὸ
747 1371 994 1440 διψυχεῖν
1022 1387 1083 1424 τε
1113 1372 1208 1424 καὶ
1247 1372 1668 1443 ὑποκρίνεσθαι;

549 1462 714 1516 ΚΥΡ.
763 1462 1006 1532 Ἀγάπης
1041 1457 1134 1515 οῦν
1172 1461 1282 1532 ἄρα
1326 1461 1536 1532 καρπὸς
1581 1463 1681 1533 τῆς
1743 1459 2062 1533 ἀμωμήτως

481 1551 889 1621 ἐσκευασμένης
923 1552 1018 1604 καὶ
1058 1550 1212 1622 ἀνδρὶ
1244 1550 1561 1622 πρεπούσης
1613 1550 1808 1621 δικαίῳ
1859 1567 1919 1603 τε
1967 1551 2060 1603 καὶ¹

481 1640 689 1710 ἀγαθῷ,
715 1641 776 1694 τὸ
804 1641 1146 1713 ἀπηλλάχθαι
1173 1642 1345 1694 δόλου.
1377 1641 1488 1694 Καὶ
1519 1640 1676 1694 τοῦδε
1703 1641 1814 1694 δεῖν
1850 1641 1912 1711 δή
1952 1657 2058 1711 φη-

482 1749 568 1789 σιν
596 1736 626 1787 6
666 1735 849 1806 νόμος,
904 1736 994 1788 τόν
1060 1752 1124 1802 γε
1171 1735 1246 1799 ὼς
1296 1733 1512 1804 ἀληθῶς
1560 1733 1660 1803 τῆς
1712 1731 2059 1802 δικαιοσύνης

2168 543 2410 598 videntia
2450 545 2677 616 dignum
2700 546 2890 601 haberi
2931 545 3103 601 dicit:
3141 565 3158 598 ι
3188 547 3486 612 Dominus,
3533 544 3746 615 inquit,

2167 633 2477 691 inhabitare
2512 637 2643 692 facit
2667 639 2830 692 unius
2859 636 3030 692 moris
3065 637 3119 690 in
3144 637 3308 692 domo
3331 637 3395 690 ⁸¹.
3422 656 3440 687 ι
3470 635 3748 706 Dissipare

2164 726 2331 780 etiam
2387 726 2533 782 Deus
2569 729 2775 783 dicitur
2823 742 2947 783 ossa
2987 727 3305 784 hominibus
3363 727 3742 798 placentium:

2166 816 2309 873 idem
2334 834 2552 889 quoque
2590 820 2785 874 vitium
2807 821 3008 875 Paulus
3041 829 3395 885 exsecratur,
3423 834 3548 874 cum
3573 819 3742 874 dicit:

2173 929 2191 960 ι
2223 909 2381 965 Modo
2403 912 2554 966 enim
2580 912 2900 967 hominibus
2924 913 3128 967 suadeo
3147 952 3160 977 ,
3188 927 3256 966 an
3297 912 3442 967 Deo?
3467 926 3538 965 an
3557 925 3745 980 quaero

2165 1000 2481 1057 hominibus
2521 1003 2840 1072 piaeere?si
2879 1003 3059 1057 adhuc
3097 1001 3416 1056 hominibus
3439 1003 3739 1072 placerem,

2163 1093 2373 1150 Christi
2397 1110 2592 1150 servus
2612 1111 2721 1150 non
2744 1109 2923 1151 essem
2952 1096 3016 1148 δ’.
3043 1113 3062 1146 ι

2232 1184 2429 1239 PALL.
2453 1183 2554 1240 Cui
2573 1200 2704 1239 vero
2721 1200 2831 1240 non
2849 1184 3228 1240 sitobscurum
3248 1224 3264 1250 ,
3288 1183 3422 1254 quin
3440 1182 3740 1238 absurdum

2163 1289 2294 1329 sane
2325 1280 2382 1327 et
2422 1291 2454 1330 a
2500 1275 2806 1330 rectissima
2851 1275 3071 1330 vivendi
3114 1275 3301 1345 regula
3342 1273 3742 1328 alienissimum

2163 1366 2368 1436 duplici
2393 1368 2576 1422 animo
2596 1381 2717 1422 esse
2733 1408 2746 1433 ,
2778 1383 2844 1422 ac
2865 1367 3165 1422 simulare?

2234 1456 2392 1512 ΟΥΕ.
2419 1457 2678 1513 Perfecta:
2723 1457 2888 1528 igitur
2927 1455 3245 1520 charitatis,
3270 1461 3327 1510 et
3369 1470 3491 1524 quae
3529 1455 3739 1525 justum

2162 1551 2479 1620 bonumque
2493 1551 2676 1605 virum
2693 1550 2904 1617 deceat,
2929 1550 2953 1605 f
2953 1558 3142 1605 ructus
3161 1557 3267 1615 est,
3303 1565 3335 1605 a
3353 1547 3480 1602 dolo
3498 1547 3739 1604 alienum

2160 1656 2302 1696 esse.
2337 1642 2428 1696 Ait
2455 1642 2640 1712 itaque
2664 1642 2750 1698 lex
2777 1642 3061 1698 "hominem
3080 1644 3306 1714 justitia
3342 1644 3503 1714 plane
3525 1643 3739 1698 studio-

2165 1747 2286 1787 sum
2311 1741 2367 1788 et
2394 1733 2651 1789 fraternae
2678 1735 2964 1789 charitatis
2988 1741 3263 1789 amantem
3287 1735 3600 1790 existimare
3639 1735 3738 1789 de-

480 1826 836 1899 ἐπιμελητήν,
876 1827 970 1880 καὶ
999 1827 1221 1897 ἀγάπης
1259 1827 1359 1896 τῆς
1394 1829 1472 1890 είς
1505 1825 1767 1894 ἀδελφοὺς
1795 1823 2050 1895 ἐραστὴν,

2161 1825 2326 1891 bere,
2367 1826 2441 1880 ita
2472 1827 2604 1896 ejus
2647 1827 2728 1881 rei
2769 1828 2996 1897 gloriam
3021 1842 3142 1882 esse
3168 1827 3495 1897 perfectam,
3541 1826 3588 1880 si
3628 1841 3741 1881 non

477 1916 657 1986 ὀρθῶς
696 1917 840 1988 ἔχειν
877 1916 1084 1971 οἴεσθαι
1113 1917 1211 1986 τὴν
1245 1915 1338 1968 ἐπὶ
1358 1915 1494 1986 τῷδε
1529 1915 1707 1980 δόξαν,
1741 1916 1844 1968 οὐκ
1894 1913 2055 1986 εἴπερ

479 2010 642 2074 αὐτός
685 2028 746 2064 τε
788 2011 883 2064 καὶ
919 2011 1077 2082 μόνος
1117 2012 1432 2081 παραιτοίτο
1463 2009 1686 2072 ἀδικεῖν,
1715 2007 1831 2062 ἀλλ’
1859 2009 1907 2061 εί
1961 2009 2056 2061 καὶ

479 2103 695 2174 γένοιτο
737 2102 1034 2172 παιδευτὴς
1093 2103 1189 2153 καὶ
1234 2100 1342 2154 τῶν
1401 2099 1548 2153 κατά
1594 2097 1751 2166 γένος
1803 2096 2052 2162 οἰκείων,

476 2197 646 2265 ἤγουν
690 2193 812 2249 καθ’
865 2193 1053 2264 ἐτερόν
1101 2208 1222 2246 τινα
1258 2191 1460 2262 τρόπον
1516 2188 1684 2257 ἐγγὺς
1729 2186 2052 2256 γεγονότων,

479 2289 573 2341 καὶ
604 2287 666 2340 τὸ
716 2288 814 2358 τῆς
846 2287 982 2359 πρὸς
1019 2286 1179 2338 αὑτὸν
1214 2284 1549 2353 οἰκειότητος
1586 2281 1764 2348 ὄνομα
1814 2279 2054 2332 πεπλου-

477 2380 744 2451 τηκότων.
793 2380 1088 2450 Παρεγγυᾷ
1115 2378 1171 2431 δὲ
1219 2377 1312 2431 καὶ
1337 2378 1366 2429 6
1397 2374 1608 2437 Παῦλος
1658 2372 1750 2425 τὸν
1784 2370 2053 2441 ἐπιμελη-

482 2471 707 2540 σόμενον
745 2470 1091 2540 Ἐκκλησίας,
1152 2468 1319 2522 τέκνα
1363 2467 1509 2537 ἔχειν
1555 2465 1612 2517 ἐν
1655 2464 1924 2534 ὑποταγῇ,
1960 2463 2054 2515 καὶ

479 2560 753 2627 ἀπόδειξιν
780 2560 842 2614 τὸ
893 2561 1131 2630 πρᾶγμα
1157 2561 1254 2628 τῆς
1305 2558 1532 2628 ἐνούσης
1569 2555 1719 2625 αὐτῷ
1753 2553 2053 2616 ἐπιεικείας

480 2654 573 2706 καί¹
613 2653 707 2724 μὴ,
746 2653 979 2706 ποιεῖται
1008 2651 1184 2718 λέγων
1211 2666 1226 2683 ⁸
1258 2664 1283 2703 ι
1317 2648 1381 2703 Ei
1407 2649 1464 2702 δέ
1491 2667 1573 2713 τις
1601 2647 1693 2702 τοῦ
1738 2647 1868 2699 ίδίου
1902 2647 2052 2700 οἴκου

479 2742 781 2814 προστῆναι
814 2742 916 2794 οῦκ
948 2737 1078 2806 οἶδε,
1110 2741 1227 2804 πῶς
1262 2739 1590 2810 Ἐκκλησίας
1611 2737 1748 2792 Θεοῦ
1785 2735 2051 2806 ἐπιμελή-

482 2852 634 2888 σεται
656 2851 670 2900 ;
706 2854 723 2884 ι
758 2833 856 2887 Διά
877 2831 1034 2885 τοῦτό
1058 2849 1220 2903 φησιν
1248 2833 1275 2884 6
1294 2831 1455 2902 νόμος
1478 2830 1554 2893 ὠς
1584 2832 1644 2882 ἐν
1670 2827 2051 2899 παραδείγμα-

479 2944 570 2991 τος
601 2928 808 2998 τρόπῳ,
841 2925 932 2979 καὶ
981 2921 1246 2994 ἐναργοῦς
1274 2924 1516 2987 εἰκόνοςο
1574 2942 1593 2974 ι
1644 2921 1768 2974 Ἐὰν
1803 2921 1860 2974 δὲ
1885 2933 2053 2990 κεραο-

477 3019 602 3090 τίσῃ
649 3017 850 3089 ταῦρος
895 3017 1064 3088 ἄνδρα
1094 3016 1126 3086 ἢ
1162 3016 1416 3083 γυναῖκα,
1450 3014 1545 3068 καὶ
1583 3013 1850 3084 ἀποθάνῃ.
1883 3010 2053 3075 λίθοις

2157 1916 2274 1986 ipse
2317 1917 2584 1970 duntaxat
2617 1917 2775 1981 vitet,
2799 1932 2868 1972 ne
2900 1917 3057 1972 alteri
3087 1923 3311 1983 noceat;
3339 1917 3435 1972 sed
3474 1917 3641 1972 etiam
3673 1933 3740 1973 ea

2156 2007 2211 2061 in
2229 2022 2287 2061 re
2313 2007 2528 2061 exteris
2552 2008 2812 2078 magister
2845 2009 2945 2074 sit,
2972 2009 3066 2078 qui
3105 2009 3192 2064 vel
3235 2023 3434 2081 genere
3457 2010 3740 2079 conjuncti

2156 2109 2314 2167 sunt,
2339 2102 2426 2156 vel
2470 2101 2580 2155 alio
2603 2101 2800 2171 quovis
2835 2103 3000 2157 modo
3023 2103 3176 2157 illum
3223 2105 3533 2174 attingunt,
3559 2111 3616 2158 et
3656 2102 3736 2156 illi

2156 2200 2286 2246 sunt
2314 2192 2737 2248 necessitudinis
2758 2193 2982 2248 nomine
3005 2193 3264 2249 devincti.
3293 2195 3546 2264 Pracipit
3568 2194 3738 2248 etiam

2156 2283 2390 2347 Paulus,
2424 2291 2516 2349 ut,
2553 2285 2648 2353 qui
2685 2285 2945 2340 Ecclesia:
2987 2300 3174 2340 curam
3210 2294 3295 2341 est
3325 2285 3648 2351 habiturus,
3679 2286 3740 2339 fi-

2155 2374 2259 2430 lios
2290 2375 2492 2430 habeat
2527 2377 2832 2446 subjectos,
2852 2387 2908 2433 et
2934 2393 2999 2433 ea
3029 2393 3088 2434 re
3116 2387 3374 2449 tanquam
3415 2387 3738 2450 argumento

2155 2466 2358 2532 utitur,
2399 2480 2509 2535 quo
2531 2466 2797 2535 probetur
2815 2508 2830 2533 ,
2872 2468 3014 2524 sitne
3036 2469 3094 2523 in
3119 2484 3187 2524 eo
3204 2485 3420 2524 morum
3456 2471 3701 2540 probitas
3721 2511 3735 2537 ,

2155 2573 2365 2623 necne,
2415 2573 2540 2612 cum
2579 2557 2714 2614 dicit
2754 2576 2769 2612 :
2832 2577 2850 2610 ι
2895 2559 2952 2614 Si
3000 2561 3124 2630 quis
3165 2570 3349 2616 autem
3383 2561 3570 2616 domui
3624 2578 3739 2619 sua:

2155 2665 2388 2720 praeesse
2425 2650 2635 2715 nescit,
2668 2651 2946 2720 quomodo
2982 2651 3240 2708 Ecclesiae
3278 2654 3373 2708 Dei
3397 2653 3736 2726 diligentiam

2155 2741 2381 2797 habebit
2404 2741 2484 2795 l"'i
2517 2761 2536 2792 ι
2591 2741 2778 2811 Itaque
2809 2743 2898 2797 lex
2929 2742 3000 2797 ob
3042 2758 3163 2798 eam
3210 2749 3451 2812 cauSam,
3481 2754 3736 2817 tanquam

2154 2831 2223 2887 ad
2254 2831 2634 2886 similitudinis
2677 2841 2734 2888 et
2773 2832 3045 2888 evidentis
3073 2835 3323 2905 imaginis
3354 2837 3611 2902 modum,
3647 2837 3738 2893 inv

2153 2925 2273 2993 quit
2302 2942 2315 2978 :
2352 2943 2368 2975 ι
2403 2923 2460 2978 Si
2489 2939 2662 2979 cornu
2706 2925 3042 2994 percusserit
3071 2934 3259 2983 taurus
3286 2928 3467 2983 virum
3500 2930 3586 2984 vel
3613 2945 3735 2984 mu-

2153 3016 2344 3072 lierem
2364 3033 2390 3081 ,‘
2408 3026 2465 3070 et
2489 3017 2788 3082 occiderit,
2821 3017 3100 3086 lapidibus
3139 3020 3405 3074 obruetur
3427 3028 3646 3085 taurus,
3682 3031 3739 3076 et

479 3109 956 3180 λιθοϐοληθήσεται
1007 3109 1034 3160 6
1081 3105 1298 3178 ταῦρος,
1335 3108 1430 3160 καὶ
1474 3107 1534 3159 οὐ
1587 3104 1928 3178 βρωθήσεται
1983 3103 2053 3156 τὰ

2160 3125 2350 3164 carnes
2386 3111 2506 3179 ejus
2532 3124 2642 3163 non
2675 3109 3068 3175 comedentur,
3100 3111 3357 3166 dominus
3385 3123 3566 3168 autem
3596 3116 3736 3169 tauri

482 3201 619 3271 κρέα
642 3200 826 3264 αὐτοῦ,
855 3201 883 3252 6
916 3201 970 3252 δέ
1007 3198 1198 3271 κύριος
1240 3198 1334 3251 τοῦ
1367 3198 1572 3269 ταύρου
1629 3197 1804 3261 ἀθῶος
1861 3195 2014 3249 ἔσται
2035 3211 2050 3227 ⁶

484 3294 578 3346 ἐὰν
607 3292 664 3345 δὲ
693 3294 721 3344 6
757 3290 956 3362 ταῦρος
982 3291 1309 3361 κερατιστὴς
1410 3290 1518 3361 πρὸ
1545 3289 1644 3360 τῆς
1675 3288 1801 3359 χθὲς
1829 3288 1924 3341 καὶ
1948 3285 2055 3357 πρὸ

482 3385 582 3454 τῆς
621 3383 834 3456 τρίτης,
877 3383 972 3436 καὶ
1022 3381 1499 3455 διαμαρτύρωνται
1543 3380 1622 3450 τῷ
1663 3381 1838 3451 κυρίῳ
1867 3379 2052 3445 αὐτοῦ,

485 3476 578 3528 καὶ
605 3475 678 3546 μὴ
705 3475 940 3546 ἀφανίσῃ
984 3476 1166 3539 αὐτὸν,
1220 3475 1387 3546 ἀνέλῃ
1415 3474 1472 3527 δὲ
1523 3473 1688 3544 ἄνδρα
1718 3473 1751 3541 ἢ
1800 3475 2052 3541 γυναῖκα,

484 3571 512 3620 6
535 3567 733 3638 ταῦρος
771 3566 1270 3638 λιθοϐοληθήσεται,
1301 3567 1394 3621 καὶ
1424 3568 1452 3619 6
1490 3565 1677 3636 κύριος
1696 3563 1860 3618 αὑτοῦ
1887 3579 2054 3638 προσ-

484 3660 834 3713 αποθανεῖται
862 3675 874 3688 ·
907 3659 1002 3712 ἐὰν
1046 3659 1102 3712 δὲ
1151 3659 1323 3728 λύτρα
1371 3658 1637 3728 ἐπιὸληθῇ
1685 3657 1855 3728 αὐτῷ,
1896 3656 2056 3710 δώσει

483 3751 653 3822 λύτρα
673 3752 771 3821 τῆς
806 3749 984 3821 ψυχῆς
1017 3749 1206 3813 αὐτοῦ,
1235 3751 1335 3803 ὅσα
1387 3750 1481 3803 ἐὰν
1517 3749 1848 3804 ἐπιϐάλωσιν
1881 3750 2052 3820 αὐτῷ.

498 3840 620 3895 Ἐἀν
657 3841 710 3896 δὲ
743 3842 856 3895 υἱὸν
889 3842 922 3913 ἢ
972 3841 1246 3912 θυγατέρα
1291 3839 1554 3913 κερατίσῃ
1582 3841 1610 3892 6
1665 3841 1884 3911 ταῦρος,
1916 3841 2058 3893 κατά

485 3934 544 3986 τὸ
575 3933 848 4002 δικαίωμα
880 3932 1036 3985 τοῦτο
1078 3933 1394 4002 ποιήσουσιν
1426 3931 1594 4002 αὐτῷ.
1641 3929 1765 3984 Ἐὰν
1798 3930 1854 3983 δὲ
1891 3930 2058 3983 παῖδα

486 4043 545 4078 κε
554 4025 798 4096 ρατίσῃῆ
832 4024 1142 4094 παιδίσκην,
1174 4024 1439 4095 ἀργυρίου
1463 4023 1759 4093 τριάκοντα
1783 4023 2058 4094 δίδραχμα

485 4115 644 4169 δώσει
667 4117 745 4185 τῷ
773 4115 942 4186 κυρίῳ
975 4114 1173 4180 αὐτῶν,
1201 4115 1295 4168 καὶ
1345 4117 1374 4167 6
1400 4112 1600 4184 ταῦρος
1646 4112 2060 4185 λιθοϐοληθήσε-

485 4223 594 4262 ται.
629 4228 648 4260 ι
685 4204 834 4277 ’Δρά
857 4224 939 4260 σοι
965 4208 1134 4277 σαφὲς
1161 4207 1223 4260 τὸ
1245 4207 1659 4278 χρησμῴδημα;

556 4384 766 4441 ῐῙᾹΛΛ.
792 4389 867 4441 Οὐ
895 4387 1120 4457 σφόδρα.

2160 3203 2426 3258 innocens
2459 3201 2600 3266 erit;
2640 3201 2686 3255 si
2728 3210 2910 3256 autem
2951 3209 3143 3256 taurus
3189 3215 3486 3274 cornupeta
3534 3205 3733 3272 fuerit,

2157 3303 2284 3352 ante
2331 3294 2653 3350 hesternum
2674 3302 2730 3348 et
2753 3302 2881 3348 ante
2907 3293 3133 3350 tertium
3158 3294 3304 3348 diem
3323 3336 3337 3360 ,
3367 3304 3423 3350 et
3451 3298 3734 3366 protestati

2155 3383 2363 3440 fuerint
2388 3383 2610 3437 domino
2640 3383 2760 3453 ejus
2777 3423 2792 3448 ,
2819 3390 2875 3438 et
2897 3397 3003 3437 non
3027 3383 3377 3440 absconderit
3401 3401 3549 3451 eum,
3570 3387 3738 3441 inter-

2153 3477 2350 3533 fecerit
2397 3487 2580 3534 autem
2620 3475 2803 3532 virum
2840 3475 2926 3529 vel
2979 3475 3294 3540 mulierem,
3337 3477 3496 3548 247
3549 3486 3737 3532 taurus

2156 3569 2526 3640 lapidabitur,
2575 3579 2633 3624 et
2677 3566 2933 3624 dominus
2968 3568 3087 3638 ejus
3135 3567 3360 3637 insuper
3419 3568 3732 3623 morietur:

2158 3661 2304 3731 quod
2331 3662 2376 3715 si
2401 3661 2634 3730 pretium
2658 3676 2758 3730 pro
2789 3657 3164 3728 redemptione
3198 3675 3294 3713 sua
3328 3659 3380 3714 ei
3418 3660 3736 3729 impositum

2158 3752 2359 3817 fuerit,
2400 3751 2553 3808 dabit
2599 3753 2834 3822 pretium
2867 3765 2968 3821 pro
3016 3751 3196 3804 anima
3228 3766 3345 3814 sua,
3374 3751 3738 3822 quodcunque

2159 3842 2523 3912 imposuerint
2563 3843 2660 3897 illi.
2705 3841 2860 3909 Quod
2899 3841 2946 3895 si
2973 3841 3141 3894 filium
3166 3847 3262 3894 aut
3290 3839 3454 3894 ﬁliam
3477 3843 3738 3899 cornibus

2161 3934 2386 4006 petierit
2424 3940 2632 3997 taurus,
2675 3932 2978 3988 secundum
3016 3931 3265 3986 eamdem
3291 3930 3736 4001 justificationem

2160 4025 2362 4081 facient
2391 4025 2442 4080 ei
2471 4043 2484 4078 :
2513 4023 2659 4094 quod
2705 4025 2749 4078 si
2801 4033 3019 4078 servum
3067 4025 3326 4079 cornibus
3370 4024 3592 4094 petierit
3648 4027 3737 4082 vel

2161 4117 2443 4181 ancillam,
2487 4115 2641 4171 dabit
2677 4116 2900 4170 domino
2935 4131 3127 4170 eorum
3172 4115 3394 4186 triginta
3432 4117 3596 4172 sicios
3642 4133 3736 4170 ar-

2160 4207 2344 4278 genti,
2377 4213 2432 4261 et
2473 4213 2659 4260 taurus
2696 4207 3027 4276 lapidabitur
3047 4208 3113 4260 5".
3148 4226 3164 4257 ι
3200 4207 3338 4261 Num
3371 4216 3620 4276 apertum
3651 4220 3735 4263 est

2162 4299 2263 4353 tibi
2313 4300 2419 4352 hoc
2454 4298 2550 4352 Dei
2591 4298 2946 4366 responsum?

2231 4388 2425 4442 PALL.
2452 4387 2570 4441 Non
2597 4385 2891 4440 admodum
2919 4399 3068 4440 sane.

556 4479 722 4532 ΚΥΡ.
757 4478 948 4549 Ι’.λιθρει
993 4478 1056 4548 δὴ
1098 4472 1191 4530 οῦν
1235 4478 1263 4531 ὃ
1309 4494 1474 4548 φημι,
1531 4477 1625 4530 καὶ
1675 4479 1780 4549 πρό
1837 4495 1900 4545 γε
1947 4479 2055 4530 τῶν

2228 4477 2384 4532 CYR.
2412 4475 2647 4530 Attende
2681 4475 2873 4545 igitur,
2899 4474 3042 4544 quod
3072 4474 3318 4530 dicturus
3355 4489 3506 4539 sum,
3530 4485 3587 4531 et
3610 4488 3736 4532 ante

490 4569 661 4622 ἄλλων
705 4571 786 4633 είς
817 4569 940 4622 νοῦν
963 4568 1054 4637 ἔχε
1104 4568 1196 4621 τὸν
1234 4567 1523 4639 ἱερώτατον
1570 4567 1803 4630 Παῦλον,
1830 4568 1928 4620 ὡδὶ
1964 4585 2057 4636 γεο

491 4662 774 4732 γραφὸτα’
807 4677 828 4712 ι
873 4661 963 4731 Μὴ
997 4658 1107 4712 τῶν
1158 4659 1293 4728 βοῶν
1351 4659 1502 4728 μέλει
1551 4659 1630 4729 τῷ
1675 4658 1832 4729 Θεῷ;
1883 4660 1954 4713 Ἢ
1991 4661 2056 4712 δι’

493 4753 638 4821 ἡμᾶς
662 4753 880 4815 πάντως
904 4753 1084 4820 λέγεις
1121 4770 1140 4803 ι
1178 4749 1377 4821 Ταύρῳ
1411 4751 1475 4820 δὴ
1499 4747 1591 4804 οὖν
1623 4749 1947 4823 παρεικάζει
1966 4752 2058 4804 τὸν

493 4844 752 4916 ὑϐριστήν
776 4863 834 4898 τε
863 4846 956 4898 καὶ
983 4843 1234 4909 ἀλαζόνα,
1262 4843 1356 4896 καὶ
1387 4843 1726 4897 πλεονεκτεῖν
1770 4845 2020 4914 ἰσχύοντα
2041 4884 2053 4897 .

492 4939 698 5008 Γαῦρον
751 4937 860 5006 γὰρ
902 4936 985 4988 ἀεί
1026 4935 1141 4999 πώς
1182 4938 1298 4988 ἐστι
1336 4935 1429 4986 κα)⁸
1475 4935 1753 5004 ἀγέρωχον
1796 4935 1858 4987 τὸ
1896 4934 2054 4999 ζῶον,

492 5031 584 5085 καὶ
645 5030 924 5083 πάνδεινον
982 5030 1058 5092 είς
1109 5027 1300 5098 ἀλκὴν,
1352 5027 1444 5079 καὶ
1493 5025 1769 5079 δύσοιστον
1804 5025 1916 5094 ἔχει
1960 5026 2059 5095 τὴν

492 5124 696 5193 ἔφοδον.
728 5121 833 5175 Τὸν
865 5120 926 5189 δὴ
975 5119 1231 5184 τοιοῦτον,
1264 5120 1312 5171 εί
1338 5120 1570 5187 γένοιτο,
1625 5120 1804 5188 φησιν,
1839 5120 2055 5183 οἰκεῖος,

493 5216 585 5269 καὶ
613 5215 772 5267 οἱονεί
816 5229 933 5276 πως
980 5210 1409 5280 κατεζευγμένος
1459 5209 1567 5261 τῶν
1592 5210 1896 5278 ὁσιουργεῖν
1932 5212 2061 5280 ᾑρη-

499 5304 672 5374 μένων
717 5303 842 5362 τινὶ,
893 5300 1222 5372 παραλύσειέ
1264 5317 1345 5362 τε,
1401 5299 1598 5369 μᾶλλον
1653 5299 1708 5352 δὲ
1756 5301 1849 5352 καὶ
1884 5300 2060 5352 ἀνέλοι

499 5397 634 5459 τινὰ,
674 5395 1024 5462 καταχωννὺς
1057 5392 1194 5460 τάχα
1233 5408 1335 5442 που
1377 5393 1496 5453 ταῖς
1542 5389 1894 5455 πλεονεξίαις,
1925 5391 2061 5442 ἀπο-

499 5485 733 5539 τιννῦναι
779 5487 934 5556 δίκην
979 5484 1076 5554 τὴν
1112 5485 1196 5536 ἐπ’
1237 5481 1383 5551 αὐτῷ
1416 5482 1630 5553 θανάτῳ
1684 5483 2015 5554 προσ-τέταχε
2044 5499 2058 5512 ·

497 5575 692 5645 χρῆναι
747 5575 852 5642 ἔφη
899 5574 1238 5627 λιθόλευστον
1287 5572 1564 5642 τελευτᾷν.
1613 5571 1970 5624 ’Υποκλέπτει
2004 5570 2058 5623 δὲ

569 5761 608 5791 ’ί
643 5758 780 5814 Psal.
807 5773 964 5824 LXVII,
1001 5759 1052 5810 7.
1118 5757 1179 5828 _"
1208 5755 1380 5810 Galat.
1408 5771 1442 5819 ι,
1476 5753 1553 5806 10.
1616 5754 1661 5786 ⁸⁸
1687 5753 1858 5806 l'i‘im.
1884 5755 2025 5814 "1,5.
2077 5753 2120 5784 "
2144 5753 2316 5805 Exod.
2345 5767 2455 5813 XXI,
2489 5750 2669 5802 “28-39..

2162 4570 2268 4625 alia
2327 4567 2698 4622 animadverte
2756 4567 2902 4622 beati
2961 4566 3113 4622 Pauli
3158 4567 3323 4623 verba
3385 4568 3678 4625 scribentis
3720 4589 3732 4624 :

2171 4679 2191 4711 ι
2230 4657 2489 4728 Nunquid
2521 4657 2590 4712 de
2614 4657 2794 4711 bobus
2827 4672 2957 4712 cura
2983 4665 3068 4712 est
3096 4657 3208 4712 Deo
3230 4658 3253 4710 ?
3276 4657 3354 4711 An
3382 4669 3607 4730 propter
3632 4677 3738 4716 nos

2164 4754 2388 4808 omnino
2421 4751 2557 4807 dicit
2583 4751 2666 4806 ⁸⁸2
2689 4771 2707 4804 ι
2734 4751 2918 4806 Tauro
2943 4751 3108 4820 igitur
3134 4759 3415 4820 comparat
3460 4752 3736 4808 hominem

2162 4844 2618 4900 contumeliosum
2654 4849 2712 4898 et
2762 4849 3131 4913 arrogantem,
3166 4849 3223 4897 et
3257 4843 3350 4912 qui
3378 4844 3488 4898 vim
3537 4843 3739 4900 inferre

2165 4938 2374 5008 possit:
2409 4936 2709 5006 superbum
2745 4943 2829 4990 est
2861 4935 3006 4989 enim
3050 4933 3165 4989 fere
3208 4941 3264 4988 et
3316 4937 3584 4993 tumidum
3635 4939 3740 4994 hoc

2163 5029 2394 5093 animal,
2423 5036 2480 5082 et
2506 5027 2572 5082 ad
2608 5040 2842 5097 pugnam
2868 5025 3298 5080 valentissimum
3318 5066 3332 5090 ,
3357 5029 3580 5096 ejusque
3633 5028 3739 5082 im-

2164 5128 2325 5190 pctus
2370 5114 2591 5174 difﬁcile
2649 5117 2904 5172 sustineri
2953 5124 3149 5186 potest.
3215 5115 3494 5185 Ejusmodi
3555 5116 3738 5184 itaque

2165 5210 2475 5274 hominem,
2516 5209 2723 5279 inquit,
2755 5207 2799 5261 si
2846 5207 3177 5261 domesticus
3221 5204 3420 5266 fuerit,
3468 5211 3524 5257 et
3566 5204 3735 5259 veluti

2167 5303 2446 5372 subjectus
2469 5302 2630 5356 alicui
2649 5302 2741 5372 pio
2772 5301 3032 5370 justeque
3066 5297 3184 5350 viro
3204 5336 3218 5358 ,
3248 5311 3310 5350 ac
3331 5295 3700 5350 debilitaverit
3719 5337 3732 5361 ,

2167 5394 2279 5448 imo
2309 5408 2442 5448 vero
2478 5394 2642 5446 etiam
2669 5388 2932 5445 occiderit
2977 5387 3284 5456 quempiam
3307 5428 3320 5452 ,
3346 5388 3586 5442 obruens
3610 5402 3736 5443 eum

2167 5482 2353 5551 iniqua
2411 5489 2708 5552 potestate,
2756 5477 3052 5531 admissum
3099 5476 3302 5530 crimen
3361 5485 3538 5533 morte
3585 5477 3739 5534 luere

2163 5570 2327 5642 jussit
2347 5591 2359 5640 ;
2383 5571 2656 5640 lapidibus
2673 5580 2906 5636 namque
2930 5566 3067 5620 mori
3093 5581 3217 5621 eum
3252 5575 3506 5636 oportere
3537 5567 3734 5637 inquit.

2765 5751 2806 5780 ⁵³
2833 5750 2995 5805 lCor.
3023 5767 3094 5816 Ix,
3126 5751 3178 5815 9,
3227 5750 3310 5804 10.
