4138 6300
401 323 502 380 5°27

1426 321 1482 376 S.
1523 317 1797 375 CYRlLLl
1835 317 2305 374 ALEXANDRINI
2344 318 2662 379 ARCHIEP.

3558 316 3664 372 528

403 436 688 494 Subtrahit
710 441 890 489 autem
919 431 987 486 ab
1025 430 1127 486 hac
1149 445 1309 502 poena
1335 444 1729 500 possessorem,
1753 431 1799 484 si
1836 428 1981 484 illius

2085 433 2182 502 τῆς
2201 432 2368 504 ὀργῆς
2401 433 2492 486 τὸν
2518 430 2875 504 κεκτημένον,
2910 429 2956 483 εί
2994 429 3068 502 μὴ
3109 432 3206 501 τῆς
3240 399 3554 494 πλεονεξίας
3597 434 3667 485 εί-

402 533 618 600 iniquos
644 541 824 581 mores
856 524 1164 596 ignorabat,
1197 532 1252 578 et
1275 521 1532 591 nequitiae
1552 521 1734 576 socius
1755 520 1977 574 minime

400 621 565 673 fuisse
587 615 1030 686 deprehendatur
1057 631 1070 666 :
1096 627 1276 681 neque
1299 610 1445 666 enim
1475 610 1708 664 aliorum
1744 609 1978 664 crimina

401 716 585 763 nostra
609 714 768 771 sunt,
795 705 836 761 si
863 705 1002 760 clam
1029 704 1187 758 nobis
1209 703 1588 757 admittantur.
1613 701 1771 757 Vesci
1795 710 1981 756 autem

401 799 541 853 tauri
575 799 834 852 carnibus
867 804 1018 851 vetat
1045 813 1058 848 :
1086 795 1138 849 in
1163 810 1273 864 quo
1309 809 1421 848 non
1452 802 1708 863 oportere
1747 792 1982 848 aliorum

399 887 730 958 impuritatis
780 901 901 941 esse
941 893 1260 949 consortes,
1306 883 1409 938 sub
1451 883 1708 938 vescendi
1755 883 1980 953 partici-

399 979 672 1050 pandique
721 978 893 1050 ﬁgura
937 977 1175 1031 latenter
1207 974 1478 1047 signiﬁcat
1509 991 1522 1026 :
1558 989 1740 1028 annon
1795 982 1984 1043 aperte

400 1072 501 1125 hoc
547 1069 682 1124 illud
721 1080 849 1125 est:
893 1087 910 1120 ι
941 1068 1017 1123 Te
1045 1069 1224 1138 ipsum
1256 1075 1467 1121 castum
1515 1065 1759 1131 custodi,
1804 1072 1860 1120 et
1913 1081 1984 1121 ne

397 1161 892 1218 communicaveris
925 1159 1167 1229 peccatis
1191 1159 1388 1214 alienis
1409 1158 1488 1211 3'?
1511 1177 1529 1210 ι

469 1249 666 1306 PALL.
693 1250 924 1304 Maxime
945 1265 1100 1304 vero.

467 1342 621 1398 CVR,
663 1341 837 1396 Simul
871 1350 1055 1396 autem
1085 1356 1210 1397 cum
1255 1351 1413 1395 tauro
1455 1338 1739 1395 dominum
1765 1353 1984 1409 quoque

397 1433 643 1488 damnari
681 1431 957 1498 decernit,
1004 1432 1050 1487 si
1082 1433 1341 1504 injuriam
1386 1433 1593 1487 illatam
1633 1431 1890 1497 sciverit,
1930 1439 1987 1486 et

400 1524 547 1579 illius
595 1524 944 1594 iniquitatem
980 1538 1092 1578 non
1133 1524 1412 1596 ignorasse
1459 1533 1830 1596 coarguatur:
1859 1540 1986 1579 nam

384 1632 557 1688 .posse
584 1617 805 1687 quidem
831 1617 1051 1687 iniquos
1075 1633 1258 1673 mores
1286 1633 1543 1673 coercere
1563 1659 1576 1682 ,
1597 1625 1658 1676 et
1695 1617 1764 1672 ab
1786 1617 1986 1688 injuria

399 1710 559 1763 facile
594 1710 913 1778 prohibere,
940 1710 1036 1766 sed
1065 1710 1245 1766 facere
1273 1711 1418 1765 nolle
1439 1751 1453 1775 ,
1494 1710 1659 1781 idque
1684 1709 1985 1779 praesertim

2083 525 2195 596 δείη
2228 531 2316 579 τὸν
2341 525 2564 597 τρόπον,
2595 525 2728 596 μηδὲ
2769 525 2870 595 τῆς
2935 524 3144 578 ἐκείνου
3189 523 3525 593 φαυλότητος
3551 524 3667 578 ἁλί-

2086 634 2268 670 σκοιτο
2295 617 2548 680 κοινωνός
2568 633 2580 646 ο
2600 617 2660 668 οὐ
2683 615 2962 688 γὰρήμῶν
2996 615 3319 687 ἐγκλήματα
3342 616 3410 669 τά
3440 617 3667 686 ἑτέρων,

2084 711 2132 762 εί
2153 709 2386 780 λαθραῖα
2411 709 2618 778 γένοιτο
2645 709 2824 778 τυχόν.
2870 707 3103 760 Ἐσθίειν
3127 707 3171 760 δ’
3194 709 3295 760 οὐκ
3325 708 3388 777 ea
3411 707 3508 760 τοῦ
3533 706 3666 760 ταύ-

2085 819 2180 874 ρου
2204 801 2271 855 τά
2302 802 2461 872 κρέα,
2487 801 2546 854 τό
2574 817 2655 853 τοι
2692 799 2767 870 μὴ
2797 802 2989 870 χρῆναι
3027 797 3353 868 μεταλαχεῖν
3404 800 3502 866 τῆς
3548 797 3667 850 ἑτέ-

2085 909 2194 964 ρων
2223 892 2578 962 ἀκαθαρσίας,
2610 891 2684 955 ὡς
2714 892 2772 942 ἐν
2805 889 2959 959 τύπῳ
3004 888 3082 958 τῷ
3113 887 3254 941 κατά
3305 886 3404 956 τὴν
3461 885 3664 956 βρῶσιν

2085 983 2177 1036 καὶ
2191 982 2286 1053 τὴν
2311 983 2472 1036 οἱονεὶ
2495 980 2711 1053 μέθεξιν
2733 979 3044 1032 ὐποτυπῶν·
3071 973 3157 1048 ἆρ’
3179 976 3303 1046 οὐχὶ
3330 975 3488 1028 τοῦτό
3517 976 3663 1027 ἐστιν

2083 1073 2349 1146 ἐναργῶς,
2385 1073 2465 1139 16,
2504 1091 2521 1123 ι
2557 1069 2786 1124 Σεαυτὸν
2815 1069 2978 1138 ἁγνὸν
3016 1069 3194 1140 τήρει,
3235 1067 3328 1122 καὶ
3361 1065 3436 1138 μὴ
3473 1065 3664 1119 κοινώ-

2083 1182 2163 1219 νει
2197 1161 2494 1233 ἁμαρτίαις
2519 1161 2856 1230 ἀλλοτρίαις;
2891 1177 2910 1210 ι

2159 1255 2365 1308 ΠΑΛΛ.
2394 1252 2543 1307 Πάνυ
2571 1252 2670 1323 μὲν
2701 1246 2814 1305 οὖν.

2156 1345 2321 1399 ΚΥΡ.
2355 1343 2924 1410 Συγκαταδικάζεσθαι
2948 1342 3003 1394 δὲ
3024 1340 3100 1410 τῷ
3133 1339 3317 1410 μόσχῳ
3341 1337 3661 1392 δεδικαίωκε

2083 1434 2174 1489 τὸν
2202 1433 2489 1504 δεσπότην,
2525 1434 2682 1504 εἴπερ
2707 1432 2874 1502 εἰδείη
2897 1431 2958 1485 16
2989 1431 3095 1503 πλη
3105 1429 3400 1501 μμεληθὲν,
3431 1429 3526 1481 καὶ
3561 1446 3665 1499 μα-

2086 1526 2194 1580 θὼν
2234 1526 2509 1597 ἐλέγχοιτο
2554 1525 2652 1597 τὴν
2695 1524 3006 1590 πλεονεξίαν
3037 1538 3051 1552 °
3101 1523 3162 1576 16
3214 1522 3322 1593 γὰρ
3376 1522 3663 1592 ἀπείργειν

2085 1616 2344 1674 δύνασθαι
2363 1616 2460 1684 τῆς
2485 1614 2698 1677 ἀδικίας
2721 1614 2848 1677 τοὺς
2867 1613 3123 1684 τρόπους,
3157 1613 3252 1664 καὶ
3281 1610 3662 1664 κατακωλύειν

2088 1703 2146 1762 εὖ
2183 1706 2327 1779 μάλα
2351 1707 2413 1760 τὸ
2441 1705 2782 1776 πλημμελὲς,
2829 1700 2949 1758 εἶτα
2990 1702 3147 1756 τοῦτο
3179 1701 3310 1773 δρᾷν
3333 1701 3433 1754 οὐκ
3469 1701 3662 1772 ἀνέχεη

397 1815 466 1854 οι
517 1800 816 1866 industria,
872 1803 1272 1872 propemodum
1332 1801 1536 1856 indicat
1599 1801 1876 1855 hominem
1928 1801 1981 1853 in

2087 1799 2232 1862 σθαι,
2251 1802 2346 1853 καὶ
2366 1799 2483 1852 λίαν
2503 1796 2978 1866 ἐσπουδασμένως,
3013 1794 3293 1865 μονονουχὶ
3317 1795 3410 1848 καὶ
3441 1810 3660 1864 συνειρ-

399 1891 648 1947 faciendo
675 1892 883 1947 socium
911 1892 1106 1956 fuisse,
1139 1903 1194 1948 et
1232 1892 1378 1962 quod
1411 1892 1482 1946 ad
1519 1891 1856 1946 voluntatem
1876 1932 1891 1956 ,
1925 1901 1982 1946 et

399 1999 687 2039 commune
719 1984 1011 2040 consilium
1038 1985 1309 2054 pertinet,
1339 1999 1463 2038 cum
1501 1983 1599 2048 iis,
1642 1983 1738 2052 qui
1789 1992 1982 2038 contra

397 2077 479 2131 fas
499 2076 776 2147 quidpiam
807 2078 1150 2133 committere
1183 2076 1392 2140 velint,
1432 2090 1656 2146 operam
1682 2091 1899 2145 quoque
1926 2076 1981 2130 in

398 2186 462 2224 ea
488 2185 546 2224 re
569 2186 725 2225 suam
741 2171 993 2226 conferre
1015 2170 1274 2226 voluisse.
1299 2167 1583 2242 Ejusmodi
1608 2168 1774 2238 igitur
1795 2167 1980 2232 homo,

400 2261 607 2329 inquit,
639 2270 816 2317 morte
857 2261 1150 2325 multetur,
1192 2257 1298 2313 nisi
1345 2257 1584 2328 pretium
1607 2264 1664 2310 et
1701 2271 1801 2326 pro
1833 2258 1983 2327 ejus-

399 2351 548 2406 modi
591 2352 918 2407 criminibus
968 2350 1223 2406 admissis
1262 2350 1490 2404 multam
1545 2349 1759 2420 judices
1804 2349 1982 2418 impo-

398 2446 628 2501 suerint.
664 2444 829 2517 248
861 2444 1084 2515 Spectat
1104 2445 1253 2499 enim
1282 2443 1370 2500 lex
1415 2441 1483 2497 ad
1523 2441 1866 2497 clementiam
1890 2482 1904 2506 ,
1927 2448 1984 2495 et

398 2536 694 2592 voluntatis
724 2537 780 2590 in
803 2535 1082 2607 peccando
1105 2535 1421 2591 societatem
1439 2575 1453 2599 ,
1484 2541 1541 2586 et
1563 2533 1733 2587 solius
1755 2547 1983 2586 consen-

398 2628 570 2685 sionis
591 2643 940 2684 concursum.
977 2647 994 2679 ι
1017 2627 1220 2682 Levius
1243 2627 1420 2697 punit,
1449 2624 1742 2694 siquidem,
1769 2622 1979 2692 inquit,

393 2719 609 2789 judices
648 2721 722 2774 ita
759 2720 1098 2775 censuerint.
1131 2739 1150 2770 ι
1183 2719 1303 2774 lam
1333 2717 1559 2788 ﬁguram
1583 2715 1766 2784 accipe
1800 2722 1983 2769 trans-

397 2811 561 2864 latam
585 2811 652 2866 ad
676 2811 925 2866 veritatis
943 2810 1427 2881 signiﬁcationem:
1455 2809 1546 2863 ille
1567 2808 1714 2862 enim
1739 2807 1982 2861 omnium

393 2903 563 2972 judex
607 2902 926 2972 gravissima
975 2901 1206 2957 crimina
1263 2910 1437 2956 morte
1488 2899 1762 2965 vindicat;
1816 2898 1986 2953 mittit

400 3003 583 3072 tamen
635 3008 732 3048 eos
772 2994 866 3064 qui
909 2993 1219 3066 peccarint,
1259 2993 1304 3048 si
1337 2991 1516 3063 pretia
1560 2991 1823 3056 oﬁ‘erant,
1857 2992 1983 3062 qui-

399 3087 505 3141 bus
531 3093 753 3156 peccata
781 3085 1064 3140 solvantur
1083 3126 1097 3150 ,
1127 3085 1395 3156 lacrymas
1425 3083 1684 3138 nimirum
1710 3083 1983 3154 pmniten-

2082 1889 2353 1960 γασμένον
2384 1887 2674 1957 ἀποφαίνει
2709 1885 2800 1939 τὸν
2850 1884 3156 1955 ἄνθρωπον,
3208 1884 3301 1936 καὶ
3344 1883 3465 1936 ὅσον
3521 1877 3659 1953 ἧκεν

2083 1981 2163 2044 είς
2187 1979 2402 2050 θέλησιν
2422 1979 2515 2032 καὶ
2536 1976 2924 2031 ταυτοϐουλίαν
2942 1979 3054 2039 τοῖς
3075 1974 3351 2028 ἐθέλουσιν
3378 1975 3659 2042 ἀνοσιουρο

2083 2075 2202 2140 γεῖν
2231 2072 2325 2124 καὶ
2376 2072 2727 2125 συνεκπονεῖν
2769 2068 3066 2141 ᾑρημένον.
3122 2066 3377 2122 Τεθνάτω
3416 2065 3481 2136 δὴ
3512 2061 3605 2118 οὖν
3633 2066 3664 2117 6

2084 2162 2309 2225 τοιόσδε,
2342 2163 2526 2232 φησὶν,
2584 2160 2723 2232 πλὴν
2769 2161 2817 2212 εί
2866 2160 2942 2232 μὴ
2974 2158 3145 2230 λύτρα
3191 2158 3286 2212 καὶ
3347 2158 3446 2220 τὰς
3493 2156 3550 2210 ἔν
3600 2172 3664 2223 γε

2081 2252 2290 2317 τούτοις
2321 2251 2524 2323 ζημίας
2553 2251 2790 2306 ὲπιθεῖεν
2813 2253 2862 2304 οί
2895 2251 3096 2322 κριταί.
3127 2248 3326 2302 Βλέπει
3363 2247 3418 2301 δὲ
3447 2248 3475 2300 6
3504 2245 3665 2316 νόμος

2083 2345 2222 2416 πρὸς
2252 2344 2314 2397 16
2343 2345 2599 2416 χρηστὸν,
2629 2345 2725 2398 καὶ
2761 2342 3080 2413 συνθέλησιν
3114 2343 3214 2413 τὴν
3252 2344 3332 2405 είς
3369 2339 3664 2412 ἁμαρτίαν,

2084 2437 2177 2489 καὶ
2226 2435 2301 2498 ὡς
2349 2438 2408 2488 ὲν
2453 2434 2582 2507 ψιλῇ
2629 2434 2933 2488 συναινέσει
2990 2433 3313 2504 συνδρομήν.
3380 2451 3399 2484 ι
3435 2432 3666 2496 Κολάζει

2084 2526 2192 2597 γὰρ
2237 2525 2623 2596 μετριώτερον,
2655 2524 2814 2596 εἴπερ
2843 2524 3069 2587 ἕλοιντο,
3102 2525 3287 2593 φησὶν,
3323 2524 3372 2576 οἱ
3404 2521 3603 2596 κριταί.
3639 2540 3658 2572 ι

2084 2617 2195 2669 Καὶ
2224 2615 2380 2685 δέχου
2415 2615 2506 2669 τὸν
2532 2614 2703 2668 τύπον
2753 2616 2834 2678 είς
2864 2613 3124 2685 ἀλήθειαν
3155 2629 3168 2644 ·
3205 2613 3529 2684 κατακρίνει
3566 2612 3666 2682 μὲν

2084 2707 2192 2778 γὰρ
2251 2707 2463 2778 θανάτῳ
2491 2706 2560 2761 τὰ
2603 2705 2932 2778 παγχάλεπα
2983 2707 3090 2760 τῶν
3121 2705 3607 2777 πλημμελημάτων
3637 2706 3667 2757 ό

2085 2799 2303 2852 πάντων
2329 2801 2544 2871 κριτὴς,
2591 2799 2732 2870 πλὴν
2763 2799 3048 2871 προσίεται
3078 2799 3202 2862 τοὺς
3244 2795 3663 2868 ἡμαρτηκότας,

2085 2891 2181 2944 καὶ
2205 2891 2373 2963 λύτρα
2419 2891 2853 2964 προσφέροντας,
2885 2891 2956 2946 τὰ
2984 2891 3080 2962 τῆς
3127 2891 3400 2962 ἁμαρτίας
3445 2889 3663 2948 λυτικά.

2084 2979 2147 3034 16
2185 2982 2251 3035 ἐκ
2298 2983 2586 3052 μετανοίας
2612 2983 2867 3055 δάκρυον,
2908 2983 2998 3035 τὸν
3027 2981 3120 3034 ἐπὶ
3144 2984 3264 3046 ταῖς
3292 2976 3666 3052 μεταγνώσεσι

2089 3077 2272 3145 πόνον,
2295 3079 2393 3149 τῆς
2424 3077 2792 3149 ὲλεημοσύνης
2834 3077 2960 3140 τοὺς
2998 3075 3236 3147 τρόπους
3259 3091 3272 3105 ·
3312 3093 3331 3127 ι
3361 3075 3663 3128 Κατακαυ-

401 3177 491 3232 tiae
511 3218 524 3243 ,
564 3176 916 3246 laboremque
953 3173 1359 3255 conversionis,
1393 3183 1449 3230 et
1479 3174 1837 3245 eleemosynae
1869 3190 1981 3229 mo-

2093 3169 2254 3240 χᾶται
2313 3166 2423 3239 γὰρ
2480 3167 2628 3230 ἔλεος
2691 3167 2950 3239 κρίσεως,
2986 3183 3004 3218 ι
3064 3166 3206 3218 κατά
3253 3163 3353 3226 τάς
3407 3163 3446 3215 Γ
3452 3163 3664 3235 ραφάς.

399 3267 499 3322 dos
525 3288 536 3322 :
576 3288 592 3319 ι
616 3267 997 3337 Superexaltat
1021 3266 1170 3322 enim
1186 3265 1563 3321 misericordia
1584 3265 1854 3337 judicium
1876 3266 1974 3331 ",r

394 3361 547 3431 juxta
587 3358 921 3428 Scriptu_ras.
966 3358 1227 3428 Diligenti
1267 3372 1486 3431 quoque
1522 3357 1839 3412 discrimine
1895 3357 1983 3413 lex

398 3449 683 3519 distinguit
704 3463 800 3503 eos
820 3448 914 3516 qui
940 3448 1139 3518 injuria
1157 3448 1268 3502 sint
1290 3446 1471 3502 aﬁ‘ecti
1489 3465 1504 3501 :
1519 3463 1641 3502 nam
1662 3489 1677 3513 ,
1703 3449 1748 3503 si
1772 3447 1944 3503 ﬁlium
1964 3489 1978 3515 ,

402 3540 606 3609 inquit,
633 3546 729 3592 aut
757 3537 924 3592 ﬁliam
964 3549 1162 3593 taurus
1193 3538 1490 3606 occiderit,
1544 3541 1847 3606 moriatur,
1880 3559 1982 3599 nec

401 3628 544 3684 ullus
558 3629 630 3684 sit
655 3629 993 3684 miserationi
1016 3630 1200 3685 locus:
1228 3632 1314 3686 sin
1341 3647 1556 3688 servum
1583 3641 1678 3688 aut
1703 3635 1979 3702 ancillam,

396 3728 682 3788 argentum
708 3735 807 3788 pro
838 3719 949 3774 illis
981 3720 1248 3790 exigatur.
1287 3721 1576 3777 Rationem
1618 3723 1784 3793 igitur
1818 3723 1982 3796 hujus

397 3809 728 3867 discriminis
774 3811 1054 3882 inquirere
1099 3813 1195 3882 qui
1231 3812 1351 3867 ﬁeri
1390 3822 1571 3883 potest
1608 3823 1669 3868 ut
1697 3815 1980 3886 indignum

397 3900 484 3960 sit,
535 3916 660 3955 cum
704 3901 1010 3969 prmsertim
1049 3901 1210 3955 liberi
1253 3902 1506 3971 servique
1561 3902 1873 3957 diﬁ‘erentia
1924 3904 1980 3957 in

397 3989 558 4044 nobis
587 4005 697 4045 non
720 3998 930 4046 naturae
956 3991 1152 4046 vitium
1185 3992 1256 4046 sit
1278 4033 1291 4056 ,
1320 3992 1496 4062 qualis
1533 4001 1619 4048 est
1656 3995 1847 4063 procul
1874 3995 1978 4048 du-

399 4082 491 4137 bio
523 4083 661 4138 mala
687 4084 944 4139 valetudo
963 4125 977 4149 ,
1006 4084 1101 4140 sed
1127 4101 1194 4140 ex
1222 4086 1591 4155 potentiorum
1625 4087 1978 4156 oppressione

2097 3256 2326 3329 ’Δκριὸἧ
2379 3256 2437 3310 δὲ
2486 3258 2514 3309 6
2546 3256 2710 3328 νόμος
2753 3255 2848 3308 καὶ
2909 3255 3010 3326 τὴν
3051 3253 3144 3306 ἐπὶ
3190 3255 3302 3317 τοῖς
3367 3252 3671 3305 πεπονθόσι

2085 3353 2321 3403 ποιεῖται
2368 3347 2651 3418 διαστολήν
2677 3365 2691 3378 ’
2724 3350 2773 3402 εί
2827 3346 2929 3418 μὲν
2982 3347 3091 3417 γὰρ
3137 3346 3250 3398 υἱὸν
3288 3347 3320 3416 ἡ
3361 3345 3661 3416 θυγατέρα,

2084 3442 2268 3512 φησὶν,
2298 3443 2325 3494 6
2366 3440 2564 3511 μόσχος
2597 3439 2780 3511 ἀνέλῃ,
2822 3438 3064 3492 τεθνάτω
3096 3438 3189 3491 καὶ
3241 3437 3660 3509 ἀφιλοικτιρμό-

2083 3550 2188 3597 νως
2220 3550 2232 3564 ·
2265 3535 2312 3586 εί
2359 3534 2416 3586 δὲ
2447 3532 2614 3588 παῖδα
2656 3531 2689 3603 ἢ
2733 3531 3048 3600 παιδίσκην,
3099 3530 3366 3602 ἀργύριον
3415 3530 3554 3583 ἔστω
3597 3529 3660 3582 16

2083 3625 2224 3696 ὑπὲρ
2255 3625 2431 3680 αὐτῶν
2457 3624 2808 3698 ζητούμενον.
2845 3624 2941 3688 Τίς
2983 3619 3075 3677 οὖν
3114 3625 3142 3676 ό
3189 3623 3367 3691 λόγος,
3398 3621 3516 3686 πῶς
3559 3623 3660 3679 οὐκ

2082 3715 2230 3781 ἄξιον
2257 3717 2422 3783 ίδεῖν;
2456 3717 2632 3769 καίτοι
2680 3716 2744 3769 16
2797 3713 3082 3786 ἐλεύθερόν
3122 3731 3181 3767 τε
3226 3715 3321 3768 καὶ
3375 3712 3560 3768 δοῦλον
3600 3716 3660 3766 ὲν

2080 3809 2237 3881 ἡμῖν,
2269 3809 2333 3861 ὲκ
2382 3807 2700 3872 πλεονεξίας
2745 3808 2841 3861 καὶ
2887 3808 2987 3860 οὐκ
3031 3806 3373 3878 ἀρρώστημα
3417 3808 3658 3876 φύσεως,

2081 3900 2332 3972 καθάπερ
2387 3900 2578 3971 ἀμέλει
2629 3899 2724 3954 καὶ
2766 3901 2827 3954 16
2881 3901 3092 3953 νοσεῖν·
3152 3917 3170 3949 ι
3216 3893 3310 3962 Εἷς
3349 3897 3460 3969 γὰρ
3507 3900 3658 3968 ἡμᾶς

2081 3991 2261 4044 ἔκτισε
2287 3991 2440 4055 Θεὸς,
2473 3991 2568 4044 καὶ
2587 3984 2710 4055 είςό
2732 3990 2950 4045 πάντων
2983 3989 3229 4060 Πατὴρ,›
3264 3989 3404 4042 κατά
3435 3989 3533 4060 τὴν
3562 3987 3654 4041 τοῦ

2081 4085 2361 4156 προφήτου
2399 4085 2603 4155 φωνήν.
2626 4079 2751 4155 'Ap’
2781 4079 2873 4137 οὖν
2902 4084 2978 4148 ὼς
3015 4083 3266 4152 ἔγκλημα
3291 4081 3384 4136 καὶ
3409 4079 3654 4134 δουλείαν

397 4177 697 4229 nascatur?
740 4196 757 4227 ι
804 4176 954 4231 idem
986 4193 1225 4248 namque
1281 4193 1383 4232 nos
1419 4178 1665 4233 condidit
1705 4179 1881 4244 Deus,
1924 4189 1978 4234 et

2084 4174 2421 4246 καταγράφει
2441 4173 2606 4228 τινῶν
2634 4175 2663 4226 6
2687 4175 3026 4245 Δημιουργός
3049 4192 3063 4243 ;
3092 4170 3202 4246 ἆρα
3227 4175 3321 4226 καὶ
3350 4176 3480 4245 παρ’
3506 4176 3656 4248 αὐτῷ

397 4280 539 4320 unus
574 4275 662 4321 εει
694 4267 938 4322 omnium
970 4267 1134 4331 Pater
1169 4269 1238 4334 ⁸⁸,
1285 4288 1304 4320 ι
1365 4270 1521 4341 juxta
1562 4270 1844 4340 prophetae
1882 4285 1979 4325 vo—

2084 4267 2138 4320 16
2169 4266 2352 4321 δοῠ).ον
2383 4269 2442 4320 ὲν
2495 4267 2690 4338 μείοσι,
2732 4269 2826 4322 καὶ
2880 4267 3004 4340 δόξῃ
3045 4269 3358 4323 πλεονεκτεῖ
3392 4270 3452 4322 τὸ
3494 4269 3652 4322 ἐλεύ-

393 4368 533 4408 cem.
565 4353 708 4410 Num
759 4355 926 4428 igitur
964 4354 1230 4420 Conditor
1279 4367 1467 4416 noster
1500 4361 1783 4416 nonnullis
1806 4361 1974 4416 etiam

2084 4357 2263 4429 Βερον;
2310 4357 2387 4411 Οὐ
2429 4358 2526 4430 μὲν
2556 4353 2670 4412 οὖν.
2704 4377 2723 4411 ι
2776 4357 2865 4412 Ἐν
2907 4358 3018 4431 γὰρ
3061 4359 3283 4432 Χριστῷ
3331 4358 3498 4430 Ἰησοῦ
3548 4361 3648 4414 οὐκ

393 4444 717 4501 servitutem
762 4461 864 4517 pro
907 4448 1140 4504 crimine
1179 4449 1436 4505 ascribit?
1466 4465 1598 4505 num
1625 4450 1771 4522 apud
1795 4453 1974 4523 ipsum

2084 4448 2155 4503 ἔνι
2191 4447 2398 4516 δοῦλος,
2435 4448 2558 4504 οὔτε
2602 4449 2908 4522 ἐλεύθερος.
2943 4470 2963 4504 ι
3005 4450 3238 4514 Οὐκοῦν,
3289 4450 3413 4504 σκιά
3463 4450 3572 4520 γὰρ
3618 4454 3649 4504 6

390 4550 611 4607 quoque
646 4539 865 4594 servilis
901 4539 1145 4596 conditio
1179 4542 1317 4601 nihil
1346 4542 1630 4613 penditur,
1664 4551 1721 4598 et
1750 4543 1974 4600 libertas

2084 4543 2261 4612 νόμος,
2293 4540 2383 4595 διὰ
2423 4542 2524 4612 μὲν
2553 4541 2672 4596 υίοῦ
2705 4559 2766 4596 τε
2799 4543 2895 4597 καὶ
2929 4541 3220 4614 θύγατρος,
3250 4541 3313 4596 16
3364 4539 3650 4612 ἐλεύθερον

392 4630 598 4700 majore
643 4628 815 4700 gloria
865 4631 1079 4701 pollet?
1123 4631 1346 4689 Minime
1391 4647 1566 4689 vero:
1597 4653 1616 4686 ι
1655 4633 1718 4690 In
1752 4633 1972 4692 Christo

2084 4633 2184 4686 τῶν
2207 4632 2377 4702 ἁγίων
2398 4634 2722 4705 σημαίνεται
2772 4633 2927 4703 γένος
2953 4649 2968 4665 ο
3009 4632 3098 4687 διὰ
3147 4633 3206 4687 δέ
3253 4649 3318 4703 γε
3357 4631 3548 4697 παιδός
3588 4647 3650 4685 1s

391 4718 538 4772 enim
558 4717 687 4773 Jesu
717 4733 828 4773 non
861 4729 946 4774 est
977 4736 1204 4787 servus,
1237 4737 1416 4793 neque
1440 4723 1582 4783 liber
1608 4725 1676 4780 ".
1716 4745 1734 4775 ›
1769 4725 1968 4797 Igitur,

2084 4724 2169 4776 καὶ
2196 4723 2510 4794 παιδίσκης,
2540 4724 2604 4778 16
2641 4723 2823 4778 δοῦλον
2854 4723 2936 4778 ἔτι
2984 4724 3081 4778 καὶ
3120 4723 3228 4778 ὑπὸ
3259 4723 3424 4793 ζυγὸν
3465 4724 3649 4797 ἀμαρ-

390 4810 520 4877 quia
556 4810 644 4863 lex
682 4810 876 4865 umbra
910 4823 1019 4876 est,
1057 4829 1156 4882 per
1197 4813 1373 4870 ﬁlium
1411 4831 1475 4870 ac
1518 4815 1686 4870 ﬁliam
1729 4817 1969 4872 liberum

2084 4813 2210 4877 πίας.
2257 4814 2413 4868 Ἐστι
2443 4813 2498 4866 δὲ
2528 4814 2588 4867 οὐ
2616 4813 2835 4884 ταυτὸν,
2864 4813 2925 4867 16
2957 4813 3302 4886 πλημμελεῖν
3349 4816 3432 4877 είς
3462 4815 3650 4882 ἁγίους

388 4906 704 4953 sanctorum
731 4899 1014 4954 hominum
1036 4918 1208 4972 genus
1229 4905 1598 4975 signiﬁcatur;
1628 4922 1726 4977 per
1747 4922 1966 4962 servum

2084 4903 2499 4976 ἣάμαρτωλούς.
2534 4904 2838 4968 Κολάζεται
2860 4905 2916 4958 δὲ
2940 4905 3041 4958 οὐκ
3089 4907 3146 4959 ἐν
3205 4906 3307 4975 tot?
3357 4903 3544 4975 μέτρῳ
3579 4902 3650 4956 τά

391 5003 521 5045 vero
553 4997 609 5043 et
631 4990 880 5045 ancillam
919 4991 1053 5046 illud
1084 4993 1264 5048 adhuc
1298 4996 1495 5052 servile
1532 5013 1731 5067 genus,
1761 5006 1816 5052 et
1839 5013 1968 5068 pec-

2084 4993 2158 5046 ίπ⁹
2189 4995 2433 5070 ἀμφοῖν·
2469 4995 2550 5048 ὅτι
2605 4997 2707 5067 μὲν
2763 4996 2874 5068 γὰρ
2924 4996 3144 5064 ἀδελφοὶ
3177 4996 3278 5067 τὴν
3314 4994 3498 5065 φύσιν,
3539 4994 3647 5046 οἵδε

387 5083 492 5138 cati
521 5083 652 5154 jugo
691 5083 1018 5154 subjectum.
1067 5084 1186 5139 Non
1214 5094 1296 5140 est
1338 5087 1504 5157 igitur
1535 5105 1634 5159 par
1673 5090 1869 5161 injuria
1908 5091 1964 5146 in

2084 5102 2129 5138 τε
2162 5086 2424 5149 κάκεῖνοι,
2453 5087 2617 5140 παντί
2651 5104 2728 5158 τῳ
2774 5086 2975 5156 σαφέςο
3009 5087 3120 5140 ἀλλ’
3172 5085 3290 5139 ἐστι
3343 5085 3408 5138 16
3465 5086 3642 5152 ἅγιον,

387 5183 601 5230 sanctos
651 5177 904 5246 atquein
957 5186 1274 5246 peccatores
1331 5177 1499 5243 facta,
1541 5196 1719 5250 neque
1771 5183 1964 5238 eadem

2084 5185 2128 5230 ιν
2155 5177 2395 5250 ὑπεροχῇ
2424 5181 2488 5250 τῇ
2517 5183 2880 5252 πνευματικῇ,
2913 5181 3003 5232 καὶ
3045 5182 3101 5233 ἐν
3133 5182 3246 5243 τοῖς
3293 5180 3393 5248 τῆς
3443 5177 3645 5248 ἀρετῆς

383 5280 640 5321 mensura
665 5267 980 5336 plectuntur
1002 5275 1224 5338 peccata
1258 5267 1314 5322 in
1339 5276 1600 5338 utrosque
1627 5273 1917 5327 commissa
1949 5291 1962 5326 :

2084 5267 2326 5340 ὅψώμασι
2353 5287 2367 5300 ⁸
2401 5273 2494 5324 καὶ
2521 5271 2673 5342 παρά
2705 5271 2780 5343 τῷ
2811 5272 2929 5343 Θεῷ
2968 5272 3169 5342 τίμιον,
3195 5272 3271 5334 ὼς
3296 5271 3391 5325 καὶ
3417 5272 3475 5321 ὲν
3523 5268 3642 5320 υίοῦ

385 5367 512 5405 nam
534 5369 654 5410 esse
677 5358 899 5426 quidem
926 5367 1042 5413 tum
1070 5359 1198 5424 hos,
1223 5368 1340 5414 tum
1365 5358 1487 5412 illos
1509 5367 1704 5414 natura
1729 5361 1962 5427 fratres,

2084 5362 2219 5429 τάξει
2245 5362 2497 5431 γενέσθαι
2527 5366 2618 5418 καὶ
2654 5363 2946 5437 θύγατρος,
2977 5365 3071 5419 καὶ
3101 5364 3162 5417 16
3212 5359 3555 5432 ἀνθρώπινόν
3584 5374 3640 5411 τε

385 5444 640 5500 omnibus
666 5445 870 5517 liquet;
917 5449 1012 5504 sed
1045 5459 1222 5505 tamen
1257 5458 1576 5505 sanctorum
1609 5451 1854 5507 conditio
1880 5461 1967 5507 est

2084 5453 2164 5506 ιαὶ
2196 5451 2559 5525 δουλοπρεπὲς
2579 5455 2986 5529 ὑπερφέρεσθαι
3030 5456 3252 5528 μέτρον.
3305 5453 3640 5523 Ὀσιουργεῖν

385 5533 655 5602 Spirituali
671 5537 1018 5604 excellentia,
1043 5549 1099 5597 et
1122 5539 1384 5596 virtutum
1423 5539 1760 5595 sublimitate
1788 5556 1959 5612 supe-

2084 5544 2122 5599 ίὲ
2149 5545 2365 5615 όνόμος
2404 5547 2497 5600 καὶ
2540 5547 2763 5620 ἀγάπης
2809 5547 3028 5619 ἔχεσθαι
3083 5537 3184 5619 τῆς
3229 5549 3308 5613 είς
3351 5544 3636 5612 ἀδελφοὺς,

427 5711 470 5747 ⁸⁸
499 5712 683 5772 l'Tim.
713 5731 764 5784 ν,
795 5716 883 5770 ‘22.
947 5717 990 5748 "
1021 5717 1206 5772 Jacob.
1232 5733 1289 5784 ιι,
1316 5719 1368 5772 5.
1431 5718 1477 5752 ⁸⁸
1505 5717 1732 5775 Malach.
1771 5733 1830 5786 ιι,
1863 5717 1946 5772 10.

2084 5718 2254 5775 Galat.
2279 5734 2360 5785 ιιι,
2395 5720 2488 5776 28.
