  <div class='ocr_page' id='page_1' title='image "/cluster/home/n/w/nwhite01/storage/ocr_20150623/68/mdp.39015078384438/272.png"; bbox 0 0 4138 6300; ppageno 0'>
   <div class='ocr_carea' id='block_1_1' title="bbox 385 362 3641 445">
    <p class='ocr_par' dir='ltr' id='par_1_1' title="bbox 385 362 3641 445">
     <span class='ocr_line' id='line_1_1' title="bbox 385 362 3641 445; baseline 0.007 -23"><span class='ocrx_word' id='word_1_1' title='bbox 385 364 489 422; x_wconf 69' lang='lat'><strong>529</strong></span> <span class='ocrx_word' id='word_1_2' title='bbox 1061 373 1146 428; x_wconf 77' lang='lat' dir='ltr'><strong>on</strong></span> <span class='ocrx_word' id='word_1_3' title='bbox 1184 371 1624 434; x_wconf 79' lang='lat' dir='ltr'><strong>ADORATIONE</strong></span> <span class='ocrx_word' id='word_1_4' title='bbox 1658 379 1727 436; x_wconf 82' lang='lat' dir='ltr'><strong>lN</strong></span> <span class='ocrx_word' id='word_1_5' title='bbox 1767 381 2035 441; x_wconf 80' lang='lat' dir='ltr'><strong>SPIRITU</strong></span> <span class='ocrx_word' id='word_1_6' title='bbox 2074 384 2164 441; x_wconf 87' lang='lat' dir='ltr'><strong>ET</strong></span> <span class='ocrx_word' id='word_1_7' title='bbox 2203 385 2570 442; x_wconf 66' lang='lat' dir='ltr'><strong>vannus.</strong></span> <span class='ocrx_word' id='word_1_8' title='bbox 2610 362 2738 441; x_wconf 76' lang='lat' dir='ltr'><strong>LIB.</strong></span> <span class='ocrx_word' id='word_1_9' title='bbox 2782 386 2893 441; x_wconf 88' lang='lat' dir='ltr'><strong>vn.</strong></span> <span class='ocrx_word' id='word_1_10' title='bbox 3534 386 3641 445; x_wconf 70' lang='lat'><strong>530</strong></span> 
     </span>
    </p>
   </div>
   <div class='ocr_carea' id='block_1_2' title="bbox 383 482 1925 568">
    <p class='ocr_par' dir='ltr' id='par_1_2' title="bbox 383 483 1925 564">
     <span class='ocr_line' id='line_1_2' title="bbox 383 483 1925 564; baseline 0.009 -26"><span class='ocrx_word' id='word_1_11' title='bbox 383 485 477 538; x_wconf 72' lang='grc' dir='ltr'>καὶ</span> <span class='ocrx_word' id='word_1_12' title='bbox 510 483 631 537; x_wconf 83' lang='grc' dir='ltr'>καθ’</span> <span class='ocrx_word' id='word_1_13' title='bbox 666 483 885 558; x_wconf 79' lang='grc' dir='ltr'>ἐτέρους</span> <span class='ocrx_word' id='word_1_14' title='bbox 929 488 1062 558; x_wconf 81' lang='grc' dir='ltr'>ἡμῖν</span> <span class='ocrx_word' id='word_1_15' title='bbox 1116 489 1416 563; x_wconf 76' lang='grc' dir='ltr'><strong>εἰσηγεῖται</strong></span> <span class='ocrx_word' id='word_1_16' title='bbox 1444 493 1698 564; x_wconf 85' lang='grc' dir='ltr'><strong>τρόπους,</strong></span> <span class='ocrx_word' id='word_1_17' title='bbox 1726 495 1821 562; x_wconf 78' lang='grc' dir='ltr'>οὓς</span> <span class='ocrx_word' id='word_1_18' title='bbox 1865 515 1925 552; x_wconf 84' lang='grc' dir='ltr'><strong>κο</strong></span> 
     </span>
    </p>
   </div>
   <div class='ocr_carea' id='block_1_3' title="bbox 2027 482 3639 568">
    <p class='ocr_par' dir='ltr' id='par_1_3' title="bbox 2027 482 3639 568">
     <span class='ocr_line' id='line_1_3' title="bbox 2027 482 3639 568; baseline 0.004 -13"><span class='ocrx_word' id='word_1_19' title='bbox 2027 545 2034 562; x_wconf 70' lang='grc'><strong>,</strong></span> <span class='ocrx_word' id='word_1_20' title='bbox 2064 499 2207 567; x_wconf 91' lang='lat' dir='ltr'><strong>rior,</strong></span> <span class='ocrx_word' id='word_1_21' title='bbox 2232 509 2289 557; x_wconf 88' lang='lat' dir='ltr'><strong>et</strong></span> <span class='ocrx_word' id='word_1_22' title='bbox 2319 501 2432 558; x_wconf 91' lang='lat' dir='ltr'><strong>Deo</strong></span> <span class='ocrx_word' id='word_1_23' title='bbox 2463 500 2602 558; x_wconf 87' lang='lat' dir='ltr'><strong>adeo</strong></span> <span class='ocrx_word' id='word_1_24' title='bbox 2630 482 2781 557; x_wconf 87' lang='lat' dir='ltr'><strong>chari</strong></span> <span class='ocrx_word' id='word_1_25' title='bbox 2807 509 2964 568; x_wconf 86' lang='lat' dir='ltr'><strong>sunt,</strong></span> <span class='ocrx_word' id='word_1_26' title='bbox 3001 488 3063 556; x_wconf 86' lang='lat' dir='ltr'><strong>ut</strong></span> <span class='ocrx_word' id='word_1_27' title='bbox 3089 501 3145 557; x_wconf 91' lang='lat' dir='ltr'><strong>in</strong></span> <span class='ocrx_word' id='word_1_28' title='bbox 3173 501 3271 558; x_wconf 84' lang='lat' dir='ltr'><strong>ﬁlii</strong></span> <span class='ocrx_word' id='word_1_29' title='bbox 3292 509 3349 559; x_wconf 90' lang='lat' dir='ltr'><strong>et</strong></span> <span class='ocrx_word' id='word_1_30' title='bbox 3379 499 3501 559; x_wconf 73' lang='lat' dir='ltr'><strong>ﬁliae</strong></span> <span class='ocrx_word' id='word_1_31' title='bbox 3517 504 3639 562; x_wconf 88' lang='lat' dir='ltr'><strong>loco</strong></span> 
     </span>
    </p>
   </div>
   <div class='ocr_carea' id='block_1_4' title="bbox 262 575 1925 665">
    <p class='ocr_par' dir='ltr' id='par_1_4' title="bbox 262 575 1925 665">
     <span class='ocr_line' id='line_1_4' title="bbox 262 575 1925 665; baseline 0.012 -40"><span class='ocrx_word' id='word_1_32' title='bbox 262 604 277 625; x_wconf 66' lang='grc' dir='ltr'>,κ</span> <span class='ocrx_word' id='word_1_33' title='bbox 381 575 724 665; x_wconf 73' lang='grc' dir='ltr'><strong>παραθέντες</strong></span> <span class='ocrx_word' id='word_1_34' title='bbox 772 578 991 650; x_wconf 74' lang='grc' dir='ltr'>ἑφεξῆς,</span> <span class='ocrx_word' id='word_1_35' title='bbox 1030 581 1093 634; x_wconf 78' lang='grc' dir='ltr'><strong>τὸ</strong></span> <span class='ocrx_word' id='word_1_36' title='bbox 1125 583 1204 647; x_wconf 86' lang='grc' dir='ltr'><strong>είς</strong></span> <span class='ocrx_word' id='word_1_37' title='bbox 1239 582 1365 638; x_wconf 82' lang='grc' dir='ltr'>νοῦν</span> <span class='ocrx_word' id='word_1_38' title='bbox 1417 580 1553 657; x_wconf 79' lang='grc' dir='ltr'>ἧκον</span> <span class='ocrx_word' id='word_1_39' title='bbox 1604 589 1688 658; x_wconf 76' lang='grc' dir='ltr'><strong>ἐφ’</strong></span> <span class='ocrx_word' id='word_1_40' title='bbox 1742 589 1925 644; x_wconf 80' lang='grc' dir='ltr'>έκάστι</span> 
     </span>
    </p>
   </div>
   <div class='ocr_carea' id='block_1_5' title="bbox 2027 575 3636 665">
    <p class='ocr_par' dir='ltr' id='par_1_5' title="bbox 2061 592 3636 665">
     <span class='ocr_line' id='line_1_5' title="bbox 2061 592 3636 665; baseline 0.003 -18"><span class='ocrx_word' id='word_1_41' title='bbox 2061 592 2398 657; x_wconf 88' lang='lat' dir='ltr'><strong>habeantur,</strong></span> <span class='ocrx_word' id='word_1_42' title='bbox 2455 603 2512 649; x_wconf 90' lang='lat' dir='ltr'><strong>et</strong></span> <span class='ocrx_word' id='word_1_43' title='bbox 2553 594 2847 649; x_wconf 83' lang='lat' dir='ltr'><strong>humanam</strong></span> <span class='ocrx_word' id='word_1_44' title='bbox 2907 593 3271 665; x_wconf 87' lang='lat' dir='ltr'><strong>servilemque</strong></span> <span class='ocrx_word' id='word_1_45' title='bbox 3321 592 3636 652; x_wconf 88' lang='lat' dir='ltr'><strong>mensuram</strong></span> 
     </span>
    </p>
   </div>
   <div class='ocr_carea' id='block_1_6' title="bbox 302 664 1925 755">
    <p class='ocr_par' dir='ltr' id='par_1_6' title="bbox 302 664 1925 755">
     <span class='ocr_line' id='line_1_6' title="bbox 302 664 1925 755; baseline 0.011 -38"><span class='ocrx_word' id='word_1_46' title='bbox 302 698 307 701; x_wconf 99' lang='lat'><em>-</em></span> <span class='ocrx_word' id='word_1_47' title='bbox 379 664 632 755; x_wconf 67' lang='grc' dir='ltr'>έροῦμεν.</span> <span class='ocrx_word' id='word_1_48' title='bbox 664 668 817 740; x_wconf 75' lang='grc' dir='ltr'>’Ἔφη</span> <span class='ocrx_word' id='word_1_49' title='bbox 868 670 978 742; x_wconf 86' lang='grc' dir='ltr'>γὰρ</span> <span class='ocrx_word' id='word_1_50' title='bbox 1017 671 1179 727; x_wconf 86' lang='grc' dir='ltr'>πάλιν</span> <span class='ocrx_word' id='word_1_51' title='bbox 1208 689 1223 704; x_wconf 72' lang='grc' dir='ltr'><strong><em>ο</em></strong></span> <span class='ocrx_word' id='word_1_52' title='bbox 1283 694 1303 727; x_wconf 77' lang='grc' dir='ltr'><strong>ι</strong></span> <span class='ocrx_word' id='word_1_53' title='bbox 1353 676 1480 733; x_wconf 83' lang='grc' dir='ltr'>Ἐάν</span> <span class='ocrx_word' id='word_1_54' title='bbox 1521 678 1578 732; x_wconf 87' lang='grc' dir='ltr'><strong>δέ</strong></span> <span class='ocrx_word' id='word_1_55' title='bbox 1630 696 1713 743; x_wconf 87' lang='grc' dir='ltr'><strong>τις</strong></span> <span class='ocrx_word' id='word_1_56' title='bbox 1771 681 1925 746; x_wconf 65' lang='grc' dir='ltr'>ἀνοίξι</span> 
     </span>
    </p>
   </div>
   <div class='ocr_carea' id='block_1_7' title="bbox 2027 664 3638 755">
    <p class='ocr_par' dir='ltr' id='par_1_7' title="bbox 2062 664 3638 754">
     <span class='ocr_line' id='line_1_7' title="bbox 2062 664 3638 754; baseline 0.002 -16"><span class='ocrx_word' id='word_1_57' title='bbox 2062 683 2388 739; x_wconf 90' lang='lat' dir='ltr'><strong>transiliant.</strong></span> <span class='ocrx_word' id='word_1_58' title='bbox 2416 683 2682 739; x_wconf 80' lang='lat' dir='ltr'><strong>Pietatem</strong></span> <span class='ocrx_word' id='word_1_59' title='bbox 2708 699 2878 754; x_wconf 90' lang='lat' dir='ltr'><strong>porro</strong></span> <span class='ocrx_word' id='word_1_60' title='bbox 2909 685 3112 751; x_wconf 89' lang='lat' dir='ltr'><strong>colere,</strong></span> <span class='ocrx_word' id='word_1_61' title='bbox 3151 664 3207 739; x_wconf 86' lang='lat' dir='ltr'><strong>et</strong></span> <span class='ocrx_word' id='word_1_62' title='bbox 3228 685 3548 741; x_wconf 89' lang='lat' dir='ltr'><strong>cbaritatem</strong></span> <span class='ocrx_word' id='word_1_63' title='bbox 3581 686 3638 742; x_wconf 89' lang='lat' dir='ltr'><strong>in</strong></span> 
     </span>
    </p>
   </div>
   <div class='ocr_carea' id='block_1_8' title="bbox 378 753 1953 840">
    <p class='ocr_par' dir='ltr' id='par_1_8' title="bbox 378 753 1953 840">
     <span class='ocr_line' id='line_1_8' title="bbox 378 753 1953 840; baseline 0.011 -33"><span class='ocrx_word' id='word_1_64' title='bbox 378 753 603 819; x_wconf 80' lang='grc' dir='ltr'>λὰἷκκον,</span> <span class='ocrx_word' id='word_1_65' title='bbox 635 757 669 828; x_wconf 78' lang='grc' dir='ltr'>ἢ</span> <span class='ocrx_word' id='word_1_66' title='bbox 702 757 984 831; x_wconf 82' lang='grc' dir='ltr'>λατομήσῃ</span> <span class='ocrx_word' id='word_1_67' title='bbox 1006 761 1234 829; x_wconf 84' lang='grc' dir='ltr'><strong>λάκκον,</strong></span> <span class='ocrx_word' id='word_1_68' title='bbox 1280 767 1375 820; x_wconf 81' lang='grc' dir='ltr'>καὶ</span> <span class='ocrx_word' id='word_1_69' title='bbox 1402 767 1475 839; x_wconf 82' lang='grc' dir='ltr'>μὴ</span> <span class='ocrx_word' id='word_1_70' title='bbox 1512 768 1727 840; x_wconf 81' lang='grc' dir='ltr'><strong>καλύψῃ</strong></span> <span class='ocrx_word' id='word_1_71' title='bbox 1768 753 1953 837; x_wconf 80' lang='grc' dir='ltr'>αὑτὸν,</span> 
     </span>
    </p>
   </div>
   <div class='ocr_carea' id='block_1_9' title="bbox 379 845 1948 930">
    <p class='ocr_par' dir='ltr' id='par_1_9' title="bbox 379 845 1948 930">
     <span class='ocr_line' id='line_1_9' title="bbox 379 845 1948 930; baseline 0.011 -32"><span class='ocrx_word' id='word_1_72' title='bbox 379 845 475 899; x_wconf 61' lang='grc' dir='ltr'><strong>καί¹</strong></span> <span class='ocrx_word' id='word_1_73' title='bbox 499 846 716 920; x_wconf 77' lang='grc' dir='ltr'>ἐμπέσῃ</span> <span class='ocrx_word' id='word_1_74' title='bbox 756 849 875 902; x_wconf 75' lang='grc' dir='ltr'>ἐκεῖ</span> <span class='ocrx_word' id='word_1_75' title='bbox 905 851 1125 923; x_wconf 80' lang='grc' dir='ltr'><strong>μόσχος,</strong></span> <span class='ocrx_word' id='word_1_76' title='bbox 1156 853 1189 925; x_wconf 83' lang='grc' dir='ltr'>ἢ</span> <span class='ocrx_word' id='word_1_77' title='bbox 1217 854 1359 919; x_wconf 75' lang='grc' dir='ltr'>ὄνος,</span> <span class='ocrx_word' id='word_1_78' title='bbox 1390 857 1419 909; x_wconf 99' lang='lat'><strong>6</strong></span> <span class='ocrx_word' id='word_1_79' title='bbox 1461 855 1649 930; x_wconf 89' lang='grc' dir='ltr'>κύριος</span> <span class='ocrx_word' id='word_1_80' title='bbox 1676 858 1771 913; x_wconf 88' lang='grc' dir='ltr'><strong>τοῦ</strong></span> <span class='ocrx_word' id='word_1_81' title='bbox 1818 858 1948 915; x_wconf 90' lang='grc' dir='ltr'>λάκ-</span> 
     </span>
    </p>
   </div>
   <div class='ocr_carea' id='block_1_10' title="bbox 381 938 1954 1022">
    <p class='ocr_par' dir='ltr' id='par_1_10' title="bbox 381 938 1954 1022">
     <span class='ocr_line' id='line_1_10' title="bbox 381 938 1954 1022; baseline 0.01 -32"><span class='ocrx_word' id='word_1_82' title='bbox 381 955 477 991; x_wconf 88' lang='grc' dir='ltr'><strong>κου</strong></span> <span class='ocrx_word' id='word_1_83' title='bbox 512 938 778 1004; x_wconf 85' lang='grc' dir='ltr'>ἀποτίσει,</span> <span class='ocrx_word' id='word_1_84' title='bbox 820 940 1081 1014; x_wconf 89' lang='grc' dir='ltr'>ἀργύριον</span> <span class='ocrx_word' id='word_1_85' title='bbox 1104 944 1267 999; x_wconf 85' lang='grc' dir='ltr'>δώσει</span> <span class='ocrx_word' id='word_1_86' title='bbox 1304 946 1384 1018; x_wconf 85' lang='grc' dir='ltr'>τῷ</span> <span class='ocrx_word' id='word_1_87' title='bbox 1436 949 1610 1022; x_wconf 80' lang='grc' dir='ltr'>κυρίῳ</span> <span class='ocrx_word' id='word_1_88' title='bbox 1638 951 1837 1017; x_wconf 80' lang='grc' dir='ltr'>αὐτῶν,</span> <span class='ocrx_word' id='word_1_89' title='bbox 1893 953 1954 1006; x_wconf 83' lang='grc' dir='ltr'><strong>τὸ</strong></span> 
     </span>
    </p>
   </div>
   <div class='ocr_carea' id='block_1_11' title="bbox 380 1029 1951 1102">
    <p class='ocr_par' dir='ltr' id='par_1_11' title="bbox 380 1029 1951 1102">
     <span class='ocr_line' id='line_1_11' title="bbox 380 1029 1951 1102; baseline 0.01 -21"><span class='ocrx_word' id='word_1_90' title='bbox 380 1029 438 1081; x_wconf 70' lang='grc' dir='ltr'>δὲ</span> <span class='ocrx_word' id='word_1_91' title='bbox 462 1029 852 1101; x_wconf 81' lang='grc' dir='ltr'>τετελευτηκὸς</span> <span class='ocrx_word' id='word_1_92' title='bbox 901 1033 1050 1102; x_wconf 84' lang='grc' dir='ltr'>αὐτῷ</span> <span class='ocrx_word' id='word_1_93' title='bbox 1083 1034 1259 1092; x_wconf 79' lang='grc' dir='ltr'>ἔσται.</span> <span class='ocrx_word' id='word_1_94' title='bbox 1300 1056 1320 1090; x_wconf 73' lang='grc' dir='ltr'><strong>ι</strong></span> <span class='ocrx_word' id='word_1_95' title='bbox 1354 1038 1524 1093; x_wconf 91' lang='grc' dir='ltr'>Τοῦτο</span> <span class='ocrx_word' id='word_1_96' title='bbox 1549 1039 1605 1093; x_wconf 87' lang='grc' dir='ltr'><strong>δέ</strong></span> <span class='ocrx_word' id='word_1_97' title='bbox 1635 1043 1782 1095; x_wconf 72' lang='grc' dir='ltr'>ἐστιν</span> <span class='ocrx_word' id='word_1_98' title='bbox 1808 1044 1951 1097; x_wconf 84' lang='grc' dir='ltr'>αίνι-</span> 
     </span>
    </p>
   </div>
   <div class='ocr_carea' id='block_1_12' title="bbox 381 1120 1951 1206">
    <p class='ocr_par' dir='ltr' id='par_1_12' title="bbox 381 1120 1951 1206">
     <span class='ocr_line' id='line_1_12' title="bbox 381 1120 1951 1206; baseline 0.011 -34"><span class='ocrx_word' id='word_1_99' title='bbox 381 1120 703 1190; x_wconf 84' lang='grc' dir='ltr'>γματωδῶς,</span> <span class='ocrx_word' id='word_1_100' title='bbox 751 1121 813 1176; x_wconf 81' lang='grc' dir='ltr'>τὸ</span> <span class='ocrx_word' id='word_1_101' title='bbox 862 1122 936 1194; x_wconf 82' lang='grc' dir='ltr'>μὴ</span> <span class='ocrx_word' id='word_1_102' title='bbox 991 1124 1198 1181; x_wconf 82' lang='grc' dir='ltr'><strong>τιθέναι</strong></span> <span class='ocrx_word' id='word_1_103' title='bbox 1248 1128 1582 1202; x_wconf 82' lang='grc' dir='ltr'><strong>πρόσκομμα</strong></span> <span class='ocrx_word' id='word_1_104' title='bbox 1623 1132 1701 1203; x_wconf 88' lang='grc' dir='ltr'>τῷ</span> <span class='ocrx_word' id='word_1_105' title='bbox 1738 1133 1951 1206; x_wconf 87' lang='grc' dir='ltr'>ἀδελφῷ</span> 
     </span>
    </p>
   </div>
   <div class='ocr_carea' id='block_1_13' title="bbox 380 1209 1950 1299">
    <p class='ocr_par' dir='ltr' id='par_1_13' title="bbox 380 1209 1950 1299">
     <span class='ocr_line' id='line_1_13' title="bbox 380 1209 1950 1299; baseline 0.011 -36"><span class='ocrx_word' id='word_1_106' title='bbox 380 1209 415 1281; x_wconf 77' lang='grc' dir='ltr'>ἢ</span> <span class='ocrx_word' id='word_1_107' title='bbox 453 1211 767 1277; x_wconf 82' lang='grc' dir='ltr'><strong>σκάνδαλον,</strong></span> <span class='ocrx_word' id='word_1_108' title='bbox 796 1214 891 1267; x_wconf 73' lang='grc' dir='ltr'>καὶ</span> <span class='ocrx_word' id='word_1_109' title='bbox 913 1215 974 1268; x_wconf 77' lang='grc' dir='ltr'><strong>τὸ</strong></span> <span class='ocrx_word' id='word_1_110' title='bbox 1013 1216 1244 1285; x_wconf 81' lang='grc' dir='ltr'>ὠφελεῖν</span> <span class='ocrx_word' id='word_1_111' title='bbox 1271 1221 1515 1290; x_wconf 82' lang='grc' dir='ltr'>πεφυκὸς</span> <span class='ocrx_word' id='word_1_112' title='bbox 1541 1224 1641 1278; x_wconf 82' lang='grc' dir='ltr'><strong>οὐκ</strong></span> <span class='ocrx_word' id='word_1_113' title='bbox 1662 1227 1758 1296; x_wconf 79' lang='grc' dir='ltr'>ὲᾷν</span> <span class='ocrx_word' id='word_1_114' title='bbox 1778 1226 1950 1299; x_wconf 81' lang='grc' dir='ltr'>ἀχρη-</span> 
     </span>
    </p>
   </div>
   <div class='ocr_carea' id='block_1_14' title="bbox 378 1301 1949 1385">
    <p class='ocr_par' dir='ltr' id='par_1_14' title="bbox 378 1301 1949 1385">
     <span class='ocr_line' id='line_1_14' title="bbox 378 1301 1949 1385; baseline 0.011 -32"><span class='ocrx_word' id='word_1_115' title='bbox 378 1316 502 1355; x_wconf 89' lang='grc' dir='ltr'>στον</span> <span class='ocrx_word' id='word_1_116' title='bbox 523 1301 775 1370; x_wconf 85' lang='grc' dir='ltr'>γενέσθαι</span> <span class='ocrx_word' id='word_1_117' title='bbox 799 1305 961 1370; x_wconf 80' lang='grc' dir='ltr'>τισὶν,</span> <span class='ocrx_word' id='word_1_118' title='bbox 987 1304 1111 1359; x_wconf 83' lang='grc' dir='ltr'>οῦτε</span> <span class='ocrx_word' id='word_1_119' title='bbox 1145 1308 1251 1378; x_wconf 86' lang='grc' dir='ltr'>μὴν</span> <span class='ocrx_word' id='word_1_120' title='bbox 1275 1307 1392 1362; x_wconf 80' lang='grc' dir='ltr'>ὀδδν</span> <span class='ocrx_word' id='word_1_121' title='bbox 1417 1310 1644 1381; x_wconf 76' lang='grc' dir='ltr'>ὁρᾶσθαι</span> <span class='ocrx_word' id='word_1_122' title='bbox 1678 1315 1817 1385; x_wconf 73' lang='grc' dir='ltr'>πρὸς</span> <span class='ocrx_word' id='word_1_123' title='bbox 1855 1315 1949 1370; x_wconf 85' lang='grc' dir='ltr'>θά-</span> 
     </span>
    </p>
   </div>
   <div class='ocr_carea' id='block_1_15' title="bbox 373 1392 1939 1479">
    <p class='ocr_par' dir='ltr' id='par_1_15' title="bbox 373 1392 1939 1479">
     <span class='ocr_line' id='line_1_15' title="bbox 373 1392 1939 1479; baseline 0.012 -36"><span class='ocrx_word' id='word_1_124' title='bbox 373 1407 554 1457; x_wconf 84' lang='grc' dir='ltr'>νατον,</span> <span class='ocrx_word' id='word_1_125' title='bbox 596 1392 665 1446; x_wconf 86' lang='grc' dir='ltr'><strong>τὰ</strong></span> <span class='ocrx_word' id='word_1_126' title='bbox 693 1396 825 1475; x_wconf 77' lang='grc' dir='ltr'>ἡμῖν</span> <span class='ocrx_word' id='word_1_127' title='bbox 858 1411 919 1449; x_wconf 87' lang='grc' dir='ltr'><strong>τε</strong></span> <span class='ocrx_word' id='word_1_128' title='bbox 946 1397 1042 1450; x_wconf 72' lang='grc' dir='ltr'>καὶ</span> <span class='ocrx_word' id='word_1_129' title='bbox 1068 1397 1275 1470; x_wconf 75' lang='grc' dir='ltr'>ἑτέροις</span> <span class='ocrx_word' id='word_1_130' title='bbox 1296 1400 1571 1470; x_wconf 81' lang='grc' dir='ltr'>ἀναγκαῖα</span> <span class='ocrx_word' id='word_1_131' title='bbox 1601 1405 1742 1476; x_wconf 78' lang='grc' dir='ltr'>πρὸς</span> <span class='ocrx_word' id='word_1_132' title='bbox 1769 1406 1939 1479; x_wconf 76' lang='grc' dir='ltr'>ζωήν.</span> 
     </span>
    </p>
   </div>
   <div class='ocr_carea' id='block_1_16' title="bbox 374 1482 1949 1567">
    <p class='ocr_par' dir='ltr' id='par_1_16' title="bbox 374 1482 1949 1567">
     <span class='ocr_line' id='line_1_16' title="bbox 374 1482 1949 1567; baseline 0.012 -33"><span class='ocrx_word' id='word_1_133' title='bbox 374 1482 445 1535; x_wconf 84' lang='grc' dir='ltr'><strong>Ἦ</strong></span> <span class='ocrx_word' id='word_1_134' title='bbox 468 1482 578 1556; x_wconf 81' lang='grc' dir='ltr'><strong>γὰρ</strong></span> <span class='ocrx_word' id='word_1_135' title='bbox 634 1486 755 1556; x_wconf 80' lang='grc' dir='ltr'><strong>οὐχὶ</strong></span> <span class='ocrx_word' id='word_1_136' title='bbox 796 1485 995 1541; x_wconf 83' lang='grc' dir='ltr'><strong>λάκκον</strong></span> <span class='ocrx_word' id='word_1_137' title='bbox 1033 1505 1117 1552; x_wconf 88' lang='grc' dir='ltr'><strong>τις</strong></span> <span class='ocrx_word' id='word_1_138' title='bbox 1146 1489 1396 1559; x_wconf 85' lang='grc' dir='ltr'>ἀνοίγων,</span> <span class='ocrx_word' id='word_1_139' title='bbox 1429 1493 1462 1565; x_wconf 78' lang='grc' dir='ltr'>ἦ</span> <span class='ocrx_word' id='word_1_140' title='bbox 1510 1493 1780 1567; x_wconf 81' lang='grc' dir='ltr'>λατόμῶν,</span> <span class='ocrx_word' id='word_1_141' title='bbox 1821 1499 1949 1552; x_wconf 79' lang='grc' dir='ltr'>ἑαυ-</span> 
     </span>
    </p>
   </div>
   <div class='ocr_carea' id='block_1_17' title="bbox 369 1570 1948 1656">
    <p class='ocr_par' dir='ltr' id='par_1_17' title="bbox 369 1570 1948 1656">
     <span class='ocr_line' id='line_1_17' title="bbox 369 1570 1948 1656; baseline 0.013 -31"><span class='ocrx_word' id='word_1_142' title='bbox 369 1570 448 1642; x_wconf 81' lang='grc' dir='ltr'><strong>τῷ</strong></span> <span class='ocrx_word' id='word_1_143' title='bbox 487 1590 535 1627; x_wconf 88' lang='grc' dir='ltr'><strong>τι</strong></span> <span class='ocrx_word' id='word_1_144' title='bbox 579 1575 674 1630; x_wconf 66' lang='grc' dir='ltr'><strong>καὶΙ</strong></span> <span class='ocrx_word' id='word_1_145' title='bbox 720 1577 929 1650; x_wconf 78' lang='grc' dir='ltr'>ἑτέροις</span> <span class='ocrx_word' id='word_1_146' title='bbox 971 1581 1244 1653; x_wconf 74' lang='grc' dir='ltr'>χρήσιμόν</span> <span class='ocrx_word' id='word_1_147' title='bbox 1264 1599 1323 1635; x_wconf 88' lang='grc' dir='ltr'><strong>τε</strong></span> <span class='ocrx_word' id='word_1_148' title='bbox 1358 1585 1449 1638; x_wconf 79' lang='grc' dir='ltr'>καὶ</span> <span class='ocrx_word' id='word_1_149' title='bbox 1488 1586 1787 1656; x_wconf 81' lang='grc' dir='ltr'>ἀναγκαῖον</span> <span class='ocrx_word' id='word_1_150' title='bbox 1813 1591 1948 1645; x_wconf 87' lang='grc' dir='ltr'>ἀπο-</span> 
     </span>
    </p>
   </div>
   <div class='ocr_carea' id='block_1_18' title="bbox 369 1662 1941 1750">
    <p class='ocr_par' dir='ltr' id='par_1_18' title="bbox 369 1662 1941 1750">
     <span class='ocr_line' id='line_1_18' title="bbox 369 1662 1941 1750; baseline 0.014 -36"><span class='ocrx_word' id='word_1_151' title='bbox 369 1662 542 1730; x_wconf 85' lang='grc' dir='ltr'>τελεί;</span> <span class='ocrx_word' id='word_1_152' title='bbox 584 1665 744 1721; x_wconf 88' lang='grc' dir='ltr'><strong>Ἀλλά</strong></span> <span class='ocrx_word' id='word_1_153' title='bbox 773 1670 847 1740; x_wconf 82' lang='grc' dir='ltr'>μὴ</span> <span class='ocrx_word' id='word_1_154' title='bbox 880 1670 1038 1738; x_wconf 76' lang='grc' dir='ltr'>ἔστω,</span> <span class='ocrx_word' id='word_1_155' title='bbox 1074 1674 1229 1745; x_wconf 75' lang='grc' dir='ltr'>φησὶ,</span> <span class='ocrx_word' id='word_1_156' title='bbox 1256 1674 1503 1731; x_wconf 83' lang='grc' dir='ltr'><strong>κινδύνου</strong></span> <span class='ocrx_word' id='word_1_157' title='bbox 1522 1679 1795 1750; x_wconf 88' lang='grc' dir='ltr'>πρόφασις</span> <span class='ocrx_word' id='word_1_158' title='bbox 1821 1683 1941 1736; x_wconf 82' lang='grc' dir='ltr'>ἑτέ-</span> 
     </span>
    </p>
   </div>
   <div class='ocr_carea' id='block_1_19' title="bbox 370 1753 1938 1840">
    <p class='ocr_par' dir='ltr' id='par_1_19' title="bbox 370 1753 1938 1840">
     <span class='ocr_line' id='line_1_19' title="bbox 370 1753 1938 1840; baseline 0.014 -34"><span class='ocrx_word' id='word_1_159' title='bbox 370 1770 451 1825; x_wconf 80' lang='grc' dir='ltr'><strong>ρῳ</strong></span> <span class='ocrx_word' id='word_1_160' title='bbox 484 1753 553 1809; x_wconf 82' lang='grc' dir='ltr'><strong>τὰ</strong></span> <span class='ocrx_word' id='word_1_161' title='bbox 586 1757 674 1811; x_wconf 89' lang='grc' dir='ltr'>σά.</span> <span class='ocrx_word' id='word_1_162' title='bbox 698 1778 716 1811; x_wconf 83' lang='grc' dir='ltr'><strong>ι</strong></span> <span class='ocrx_word' id='word_1_163' title='bbox 737 1760 802 1813; x_wconf 85' lang='grc' dir='ltr'><strong>Ἠ</strong></span> <span class='ocrx_word' id='word_1_164' title='bbox 828 1763 936 1833; x_wconf 81' lang='grc' dir='ltr'><strong>γὰρ</strong></span> <span class='ocrx_word' id='word_1_165' title='bbox 964 1764 1174 1836; x_wconf 81' lang='grc' dir='ltr'><strong>ἀγάπη,</strong></span> <span class='ocrx_word' id='word_1_166' title='bbox 1201 1784 1219 1818; x_wconf 74' lang='grc' dir='ltr'><strong>ι</strong></span> <span class='ocrx_word' id='word_1_167' title='bbox 1251 1766 1395 1821; x_wconf 88' lang='grc' dir='ltr'>καθά</span> <span class='ocrx_word' id='word_1_168' title='bbox 1418 1785 1581 1840; x_wconf 89' lang='grc' dir='ltr'>φησιν</span> <span class='ocrx_word' id='word_1_169' title='bbox 1602 1772 1631 1823; x_wconf 88' lang='lat'><strong>6</strong></span> <span class='ocrx_word' id='word_1_170' title='bbox 1649 1771 1938 1840; x_wconf 81' lang='grc' dir='ltr'><strong>θεσπέσιος</strong></span> 
     </span>
    </p>
   </div>
   <div class='ocr_carea' id='block_1_20' title="bbox 2056 773 3636 846">
    <p class='ocr_par' dir='ltr' id='par_1_20' title="bbox 2056 773 3636 846">
     <span class='ocr_line' id='line_1_20' title="bbox 2056 773 3636 846; baseline 0.004 -19"><span class='ocrx_word' id='word_1_171' title='bbox 2056 773 2256 831; x_wconf 77' lang='lat' dir='ltr'><strong>fratres</strong></span> <span class='ocrx_word' id='word_1_172' title='bbox 2296 774 2572 839; x_wconf 90' lang='lat' dir='ltr'><strong>retinere,</strong></span> <span class='ocrx_word' id='word_1_173' title='bbox 2623 775 2714 829; x_wconf 86' lang='lat' dir='ltr'><strong>lex</strong></span> <span class='ocrx_word' id='word_1_174' title='bbox 2742 774 2868 830; x_wconf 91' lang='lat' dir='ltr'><strong>aliis</strong></span> <span class='ocrx_word' id='word_1_175' title='bbox 2912 791 3132 846; x_wconf 90' lang='lat' dir='ltr'><strong>quoque</strong></span> <span class='ocrx_word' id='word_1_176' title='bbox 3177 776 3356 831; x_wconf 90' lang='lat' dir='ltr'><strong>modis</strong></span> <span class='ocrx_word' id='word_1_177' title='bbox 3398 777 3636 842; x_wconf 93' lang='lat' dir='ltr'><strong>suadet,</strong></span> 
     </span>
    </p>
   </div>
   <div class='ocr_carea' id='block_1_21' title="bbox 2056 865 3639 940">
    <p class='ocr_par' dir='ltr' id='par_1_21' title="bbox 2056 865 3639 940">
     <span class='ocr_line' id='line_1_21' title="bbox 2056 865 3639 940; baseline 0.003 -21"><span class='ocrx_word' id='word_1_178' title='bbox 2056 880 2194 935; x_wconf 90' lang='lat' dir='ltr'><strong>quos</strong></span> <span class='ocrx_word' id='word_1_179' title='bbox 2222 865 2409 930; x_wconf 84' lang='lat' dir='ltr'><strong>etiam,</strong></span> <span class='ocrx_word' id='word_1_180' title='bbox 2442 865 2535 920; x_wconf 90' lang='lat' dir='ltr'><strong>ubi</strong></span> <span class='ocrx_word' id='word_1_181' title='bbox 2567 865 2828 936; x_wconf 86' lang='lat' dir='ltr'><strong>deinceps</strong></span> <span class='ocrx_word' id='word_1_182' title='bbox 2853 868 3321 937; x_wconf 81' lang='lat' dir='ltr'><strong>proposuerimus,</strong></span> <span class='ocrx_word' id='word_1_183' title='bbox 3353 868 3421 923; x_wconf 90' lang='lat' dir='ltr'><strong>de</strong></span> <span class='ocrx_word' id='word_1_184' title='bbox 3453 869 3639 940; x_wconf 88' lang='lat' dir='ltr'><strong>singu-</strong></span> 
     </span>
    </p>
   </div>
   <div class='ocr_carea' id='block_1_22' title="bbox 2052 954 3639 1027">
    <p class='ocr_par' dir='ltr' id='par_1_22' title="bbox 2052 954 3639 1027">
     <span class='ocr_line' id='line_1_22' title="bbox 2052 954 3639 1027; baseline 0.003 -18"><span class='ocrx_word' id='word_1_185' title='bbox 2052 954 2141 1021; x_wconf 85' lang='lat' dir='ltr'><strong>lis,</strong></span> <span class='ocrx_word' id='word_1_186' title='bbox 2159 956 2380 1027; x_wconf 88' lang='lat' dir='ltr'><strong>quodin</strong></span> <span class='ocrx_word' id='word_1_187' title='bbox 2404 964 2642 1013; x_wconf 90' lang='lat' dir='ltr'><strong>mentem</strong></span> <span class='ocrx_word' id='word_1_188' title='bbox 2672 958 2906 1023; x_wconf 79' lang='lat' dir='ltr'><strong>venerit,</strong></span> <span class='ocrx_word' id='word_1_189' title='bbox 2932 958 3199 1013; x_wconf 89' lang='lat' dir='ltr'><strong>dicemus.</strong></span> <span class='ocrx_word' id='word_1_190' title='bbox 3226 958 3316 1013; x_wconf 85' lang='lat' dir='ltr'><strong>Ait</strong></span> <span class='ocrx_word' id='word_1_191' title='bbox 3338 960 3484 1013; x_wconf 90' lang='lat' dir='ltr'><strong>enim</strong></span> <span class='ocrx_word' id='word_1_192' title='bbox 3516 976 3639 1014; x_wconf 89' lang='lat' dir='ltr'><strong>rur-</strong></span> 
     </span>
    </p>
   </div>
   <div class='ocr_carea' id='block_1_23' title="bbox 2052 1046 3635 1119">
    <p class='ocr_par' dir='ltr' id='par_1_23' title="bbox 2052 1046 3635 1119">
     <span class='ocr_line' id='line_1_23' title="bbox 2052 1046 3635 1119; baseline 0.002 -17"><span class='ocrx_word' id='word_1_193' title='bbox 2052 1061 2183 1103; x_wconf 86' lang='lat' dir='ltr'><strong>sus:</strong></span> <span class='ocrx_word' id='word_1_194' title='bbox 2219 1066 2237 1100; x_wconf 78' lang='grc' dir='ltr'><strong>ι</strong></span> <span class='ocrx_word' id='word_1_195' title='bbox 2268 1046 2424 1115; x_wconf 85' lang='lat' dir='ltr'><strong>Quod</strong></span> <span class='ocrx_word' id='word_1_196' title='bbox 2445 1049 2489 1103; x_wconf 87' lang='lat' dir='ltr'><strong>si</strong></span> <span class='ocrx_word' id='word_1_197' title='bbox 2516 1050 2642 1119; x_wconf 89' lang='lat' dir='ltr'><strong>quis</strong></span> <span class='ocrx_word' id='word_1_198' title='bbox 2677 1049 2960 1119; x_wconf 88' lang='lat' dir='ltr'><strong>aperuerit</strong></span> <span class='ocrx_word' id='word_1_199' title='bbox 3000 1049 3201 1115; x_wconf 91' lang='lat' dir='ltr'><strong>lacum,</strong></span> <span class='ocrx_word' id='word_1_200' title='bbox 3228 1059 3326 1105; x_wconf 91' lang='lat' dir='ltr'><strong>aut</strong></span> <span class='ocrx_word' id='word_1_201' title='bbox 3366 1051 3635 1106; x_wconf 84' lang='lat' dir='ltr'><strong>exciderit</strong></span> 
     </span>
    </p>
   </div>
   <div class='ocr_carea' id='block_1_24' title="bbox 2049 1138 3633 1213">
    <p class='ocr_par' dir='ltr' id='par_1_24' title="bbox 2049 1138 3633 1213">
     <span class='ocr_line' id='line_1_24' title="bbox 2049 1138 3633 1213; baseline 0.003 -20"><span class='ocrx_word' id='word_1_202' title='bbox 2049 1138 2252 1205; x_wconf 91' lang='lat' dir='ltr'><strong>lacum,</strong></span> <span class='ocrx_word' id='word_1_203' title='bbox 2277 1156 2457 1211; x_wconf 91' lang='lat' dir='ltr'><strong>neque</strong></span> <span class='ocrx_word' id='word_1_204' title='bbox 2480 1156 2606 1197; x_wconf 90' lang='lat' dir='ltr'><strong>eum</strong></span> <span class='ocrx_word' id='word_1_205' title='bbox 2628 1142 2932 1213; x_wconf 88' lang='lat' dir='ltr'><strong>operuerit,</strong></span> <span class='ocrx_word' id='word_1_206' title='bbox 2959 1149 3017 1198; x_wconf 92' lang='lat' dir='ltr'><strong>et</strong></span> <span class='ocrx_word' id='word_1_207' title='bbox 3044 1141 3310 1199; x_wconf 79' lang='lat' dir='ltr'><strong>ceciderit</strong></span> <span class='ocrx_word' id='word_1_208' title='bbox 3332 1141 3463 1197; x_wconf 90' lang='lat' dir='ltr'><strong>illuc</strong></span> <span class='ocrx_word' id='word_1_209' title='bbox 3486 1142 3633 1197; x_wconf 90' lang='lat' dir='ltr'><strong>vitu-</strong></span> 
     </span>
    </p>
   </div>
   <div class='ocr_carea' id='block_1_25' title="bbox 2049 1230 3635 1305">
    <p class='ocr_par' dir='ltr' id='par_1_25' title="bbox 2049 1230 3635 1305">
     <span class='ocr_line' id='line_1_25' title="bbox 2049 1230 3635 1305; baseline 0.002 -20"><span class='ocrx_word' id='word_1_210' title='bbox 2049 1230 2137 1285; x_wconf 86' lang='lat' dir='ltr'><strong>lus</strong></span> <span class='ocrx_word' id='word_1_211' title='bbox 2169 1241 2264 1287; x_wconf 90' lang='lat' dir='ltr'><strong>aut</strong></span> <span class='ocrx_word' id='word_1_212' title='bbox 2288 1232 2497 1297; x_wconf 86' lang='lat' dir='ltr'><strong>asinus,</strong></span> <span class='ocrx_word' id='word_1_213' title='bbox 2530 1233 2792 1290; x_wconf 90' lang='lat' dir='ltr'><strong>dominus</strong></span> <span class='ocrx_word' id='word_1_214' title='bbox 2822 1234 2927 1291; x_wconf 91' lang='lat' dir='ltr'><strong>laci</strong></span> <span class='ocrx_word' id='word_1_215' title='bbox 2965 1234 3190 1299; x_wconf 85' lang='lat' dir='ltr'><strong>reddet,</strong></span> <span class='ocrx_word' id='word_1_216' title='bbox 3219 1240 3507 1305; x_wconf 79' lang='lat' dir='ltr'><strong>argentum</strong></span> <span class='ocrx_word' id='word_1_217' title='bbox 3535 1233 3635 1288; x_wconf 91' lang='lat' dir='ltr'><strong>da-</strong></span> 
     </span>
    </p>
   </div>
   <div class='ocr_carea' id='block_1_26' title="bbox 2048 1322 3626 1396">
    <p class='ocr_par' dir='ltr' id='par_1_26' title="bbox 2048 1322 3626 1396">
     <span class='ocr_line' id='line_1_26' title="bbox 2048 1322 3626 1396; baseline 0 -20"><span class='ocrx_word' id='word_1_218' title='bbox 2048 1322 2129 1377; x_wconf 86' lang='lat' dir='ltr'><strong>bit</strong></span> <span class='ocrx_word' id='word_1_219' title='bbox 2148 1322 2372 1377; x_wconf 91' lang='lat' dir='ltr'><strong>domino</strong></span> <span class='ocrx_word' id='word_1_220' title='bbox 2388 1322 2552 1396; x_wconf 58' lang='lat'><strong>25,9</strong></span> <span class='ocrx_word' id='word_1_221' title='bbox 2573 1324 2812 1390; x_wconf 88' lang='lat' dir='ltr'><strong>illorum,</strong></span> <span class='ocrx_word' id='word_1_222' title='bbox 2830 1333 2886 1380; x_wconf 89' lang='lat' dir='ltr'><strong>et</strong></span> <span class='ocrx_word' id='word_1_223' title='bbox 2900 1332 3177 1380; x_wconf 90' lang='lat' dir='ltr'><strong>mortuum</strong></span> <span class='ocrx_word' id='word_1_224' title='bbox 3193 1323 3300 1379; x_wconf 90' lang='lat' dir='ltr'><strong>erit</strong></span> <span class='ocrx_word' id='word_1_225' title='bbox 3315 1322 3488 1394; x_wconf 88' lang='lat' dir='ltr'><strong>ipsius</strong></span> <span class='ocrx_word' id='word_1_226' title='bbox 3500 1324 3593 1378; x_wconf 55' lang='lat'><strong>“2</strong></span> <span class='ocrx_word' id='word_1_227' title='bbox 3607 1343 3626 1375; x_wconf 75' lang='grc' dir='ltr'><strong>ι</strong></span> 
     </span>
    </p>
   </div>
   <div class='ocr_carea' id='block_1_27' title="bbox 2048 1409 3631 1485">
    <p class='ocr_par' dir='ltr' id='par_1_27' title="bbox 2048 1409 3631 1485">
     <span class='ocr_line' id='line_1_27' title="bbox 2048 1409 3631 1485; baseline 0.003 -20"><span class='ocrx_word' id='word_1_228' title='bbox 2048 1410 2163 1466; x_wconf 85' lang='lat' dir='ltr'><strong>Hoc</strong></span> <span class='ocrx_word' id='word_1_229' title='bbox 2184 1426 2317 1465; x_wconf 90' lang='lat' dir='ltr'><strong>vero</strong></span> <span class='ocrx_word' id='word_1_230' title='bbox 2346 1409 2575 1481; x_wconf 81' lang='lat' dir='ltr'><strong>ﬁgurate</strong></span> <span class='ocrx_word' id='word_1_231' title='bbox 2597 1412 2728 1467; x_wconf 92' lang='lat' dir='ltr'><strong>illud</strong></span> <span class='ocrx_word' id='word_1_232' title='bbox 2758 1421 2844 1469; x_wconf 90' lang='lat' dir='ltr'><strong>est</strong></span> <span class='ocrx_word' id='word_1_233' title='bbox 2864 1454 2878 1479; x_wconf 93' lang='lat'><strong>,</strong></span> <span class='ocrx_word' id='word_1_234' title='bbox 2907 1429 3019 1469; x_wconf 92' lang='lat' dir='ltr'><strong>non</strong></span> <span class='ocrx_word' id='word_1_235' title='bbox 3035 1428 3243 1485; x_wconf 91' lang='lat' dir='ltr'><strong>ponere</strong></span> <span class='ocrx_word' id='word_1_236' title='bbox 3266 1412 3631 1470; x_wconf 84' lang='lat' dir='ltr'><strong>oﬂ&#39;ensionem</strong></span> 
     </span>
    </p>
   </div>
   <div class='ocr_carea' id='block_1_28' title="bbox 2046 1501 3630 1577">
    <p class='ocr_par' dir='ltr' id='par_1_28' title="bbox 2046 1501 3630 1577">
     <span class='ocr_line' id='line_1_28' title="bbox 2046 1501 3630 1577; baseline 0.003 -21"><span class='ocrx_word' id='word_1_237' title='bbox 2046 1501 2201 1557; x_wconf 78' lang='lat' dir='ltr'><strong>fratri</strong></span> <span class='ocrx_word' id='word_1_238' title='bbox 2232 1508 2330 1557; x_wconf 91' lang='lat' dir='ltr'><strong>aut</strong></span> <span class='ocrx_word' id='word_1_239' title='bbox 2369 1504 2685 1558; x_wconf 87' lang='lat' dir='ltr'><strong>scandalum</strong></span> <span class='ocrx_word' id='word_1_240' title='bbox 2712 1544 2727 1569; x_wconf 94' lang='lat'><strong>,</strong></span> <span class='ocrx_word' id='word_1_241' title='bbox 2758 1519 2938 1575; x_wconf 90' lang='lat' dir='ltr'><strong>neque</strong></span> <span class='ocrx_word' id='word_1_242' title='bbox 2961 1505 3108 1575; x_wconf 88' lang='lat' dir='ltr'><strong>pati,</strong></span> <span class='ocrx_word' id='word_1_243' title='bbox 3144 1513 3207 1560; x_wconf 92' lang='lat' dir='ltr'><strong>ut</strong></span> <span class='ocrx_word' id='word_1_244' title='bbox 3243 1505 3391 1576; x_wconf 89' lang='lat' dir='ltr'><strong>quod</strong></span> <span class='ocrx_word' id='word_1_245' title='bbox 3434 1514 3630 1577; x_wconf 91' lang='lat' dir='ltr'><strong>suapte</strong></span> 
     </span>
    </p>
   </div>
   <div class='ocr_carea' id='block_1_29' title="bbox 2043 1584 3630 1666">
    <p class='ocr_par' dir='ltr' id='par_1_29' title="bbox 2043 1584 3630 1666">
     <span class='ocr_line' id='line_1_29' title="bbox 2043 1584 3630 1666; baseline 0.003 -19"><span class='ocrx_word' id='word_1_246' title='bbox 2043 1584 2241 1648; x_wconf 84' lang='lat' dir='ltr'><strong>natura</strong></span> <span class='ocrx_word' id='word_1_247' title='bbox 2270 1592 2401 1647; x_wconf 85' lang='lat' dir='ltr'><strong>utile</strong></span> <span class='ocrx_word' id='word_1_248' title='bbox 2422 1601 2528 1659; x_wconf 90' lang='lat' dir='ltr'><strong>est,</strong></span> <span class='ocrx_word' id='word_1_249' title='bbox 2567 1594 2847 1665; x_wconf 81' lang='lat' dir='ltr'><strong>aliquibus</strong></span> <span class='ocrx_word' id='word_1_250' title='bbox 2869 1596 3064 1651; x_wconf 89' lang='lat' dir='ltr'><strong>inutile</strong></span> <span class='ocrx_word' id='word_1_251' title='bbox 3092 1595 3219 1662; x_wconf 73' lang='grc' dir='ltr'>θοις</span> <span class='ocrx_word' id='word_1_252' title='bbox 3257 1611 3439 1666; x_wconf 89' lang='lat' dir='ltr'><strong>neque</strong></span> <span class='ocrx_word' id='word_1_253' title='bbox 3473 1612 3630 1652; x_wconf 91' lang='lat' dir='ltr'><strong>com-</strong></span> 
     </span>
    </p>
   </div>
   <div class='ocr_carea' id='block_1_30' title="bbox 2043 1683 3629 1757">
    <p class='ocr_par' dir='ltr' id='par_1_30' title="bbox 2043 1683 3629 1757">
     <span class='ocr_line' id='line_1_30' title="bbox 2043 1683 3629 1757; baseline 0.004 -21"><span class='ocrx_word' id='word_1_254' title='bbox 2043 1683 2263 1737; x_wconf 87' lang='lat' dir='ltr'><strong>mittere</strong></span> <span class='ocrx_word' id='word_1_255' title='bbox 2300 1690 2394 1747; x_wconf 92' lang='lat' dir='ltr'><strong>ut,</strong></span> <span class='ocrx_word' id='word_1_256' title='bbox 2432 1698 2553 1753; x_wconf 70' lang='lat' dir='ltr'><strong>quae</strong></span> <span class='ocrx_word' id='word_1_257' title='bbox 2586 1684 2744 1740; x_wconf 91' lang='lat' dir='ltr'><strong>nobis</strong></span> <span class='ocrx_word' id='word_1_258' title='bbox 2768 1686 2999 1757; x_wconf 85' lang='lat' dir='ltr'><strong>aliisque</strong></span> <span class='ocrx_word' id='word_1_259' title='bbox 3027 1686 3337 1741; x_wconf 88' lang='lat' dir='ltr'><strong>necessaria</strong></span> <span class='ocrx_word' id='word_1_260' title='bbox 3381 1696 3512 1741; x_wconf 90' lang='lat' dir='ltr'><strong>sunt</strong></span> <span class='ocrx_word' id='word_1_261' title='bbox 3556 1687 3629 1742; x_wconf 87' lang='lat' dir='ltr'><strong>ad</strong></span> 
     </span>
    </p>
   </div>
   <div class='ocr_carea' id='block_1_31' title="bbox 2042 1774 3628 1849">
    <p class='ocr_par' dir='ltr' id='par_1_31' title="bbox 2042 1774 3628 1849">
     <span class='ocr_line' id='line_1_31' title="bbox 2042 1774 3628 1849; baseline 0.003 -20"><span class='ocrx_word' id='word_1_262' title='bbox 2042 1775 2232 1841; x_wconf 91' lang='lat' dir='ltr'><strong>vitam,</strong></span> <span class='ocrx_word' id='word_1_263' title='bbox 2257 1791 2323 1830; x_wconf 90' lang='lat' dir='ltr'><strong>ea</strong></span> <span class='ocrx_word' id='word_1_264' title='bbox 2353 1774 2499 1829; x_wconf 88' lang='lat' dir='ltr'><strong>viam</strong></span> <span class='ocrx_word' id='word_1_265' title='bbox 2522 1775 2590 1830; x_wconf 88' lang='lat' dir='ltr'><strong>ad</strong></span> <span class='ocrx_word' id='word_1_266' title='bbox 2616 1786 2848 1833; x_wconf 90' lang='lat' dir='ltr'><strong>mortem</strong></span> <span class='ocrx_word' id='word_1_267' title='bbox 2879 1778 3093 1849; x_wconf 90' lang='lat' dir='ltr'><strong>aperire</strong></span> <span class='ocrx_word' id='word_1_268' title='bbox 3130 1778 3425 1833; x_wconf 84' lang='lat' dir='ltr'><strong>videantur</strong></span> <span class='ocrx_word' id='word_1_269' title='bbox 3451 1795 3464 1830; x_wconf 90' lang='lat'><strong>:</strong></span> <span class='ocrx_word' id='word_1_270' title='bbox 3487 1794 3628 1833; x_wconf 88' lang='lat' dir='ltr'><strong>nun-</strong></span> 
     </span>
    </p>
   </div>
   <div class='ocr_carea' id='block_1_32' title="bbox 368 1845 1925 1939">
    <p class='ocr_par' dir='ltr' id='par_1_32' title="bbox 368 1845 1925 1939">
     <span class='ocr_line' id='line_1_32' title="bbox 368 1845 1925 1939; baseline 0.015 -42"><span class='ocrx_word' id='word_1_271' title='bbox 368 1845 576 1939; x_wconf 65' lang='grc' dir='ltr'>ῌαῦλος</span> <span class='ocrx_word' id='word_1_272' title='bbox 605 1888 621 1913; x_wconf 96' lang='grc'>,</span> <span class='ocrx_word' id='word_1_273' title='bbox 661 1867 680 1901; x_wconf 80' lang='grc' dir='ltr'><strong>ι</strong></span> <span class='ocrx_word' id='word_1_274' title='bbox 720 1851 781 1905; x_wconf 86' lang='grc' dir='ltr'><strong>ού</strong></span> <span class='ocrx_word' id='word_1_275' title='bbox 821 1852 976 1926; x_wconf 82' lang='grc' dir='ltr'><strong>ζητεῖ</strong></span> <span class='ocrx_word' id='word_1_276' title='bbox 1006 1856 1072 1911; x_wconf 83' lang='grc' dir='ltr'>τὰ</span> <span class='ocrx_word' id='word_1_277' title='bbox 1095 1857 1313 1929; x_wconf 77' lang='grc' dir='ltr'>ἑαυτῆς,</span> <span class='ocrx_word' id='word_1_278' title='bbox 1346 1877 1365 1911; x_wconf 71' lang='grc' dir='ltr'><strong>ι</strong></span> <span class='ocrx_word' id='word_1_279' title='bbox 1407 1859 1681 1930; x_wconf 83' lang='grc' dir='ltr'>λογίζεται</span> <span class='ocrx_word' id='word_1_280' title='bbox 1714 1864 1770 1919; x_wconf 78' lang='grc' dir='ltr'>δὲ</span> <span class='ocrx_word' id='word_1_281' title='bbox 1795 1866 1925 1936; x_wconf 85' lang='grc' dir='ltr'>μᾶλ-</span> 
     </span>
    </p>
   </div>
   <div class='ocr_carea' id='block_1_33' title="bbox 2027 1845 3628 1939">
    <p class='ocr_par' dir='ltr' id='par_1_33' title="bbox 2042 1845 3628 1939">
     <span class='ocr_line' id='line_1_33' title="bbox 2042 1845 3628 1939; baseline 0.004 -19"><span class='ocrx_word' id='word_1_282' title='bbox 2042 1866 2176 1938; x_wconf 91' lang='lat' dir='ltr'><strong>quid</strong></span> <span class='ocrx_word' id='word_1_283' title='bbox 2198 1866 2346 1923; x_wconf 90' lang='lat' dir='ltr'><strong>enim</strong></span> <span class='ocrx_word' id='word_1_284' title='bbox 2365 1908 2379 1932; x_wconf 93' lang='lat'><strong>,</strong></span> <span class='ocrx_word' id='word_1_285' title='bbox 2408 1868 2503 1938; x_wconf 91' lang='lat' dir='ltr'><strong>qui</strong></span> <span class='ocrx_word' id='word_1_286' title='bbox 2527 1868 2708 1923; x_wconf 89' lang='lat' dir='ltr'><strong>lacum</strong></span> <span class='ocrx_word' id='word_1_287' title='bbox 2734 1845 2932 1939; x_wconf 24' lang='lat' dir='ltr'><strong>aperitt</strong></span> <span class='ocrx_word' id='word_1_288' title='bbox 2958 1876 3053 1924; x_wconf 91' lang='lat' dir='ltr'><strong>aut</strong></span> <span class='ocrx_word' id='word_1_289' title='bbox 3073 1868 3212 1925; x_wconf 78' lang='lat' dir='ltr'><strong>fodit</strong></span> <span class='ocrx_word' id='word_1_290' title='bbox 3233 1909 3248 1936; x_wconf 96' lang='lat'><strong>,</strong></span> <span class='ocrx_word' id='word_1_291' title='bbox 3276 1885 3386 1924; x_wconf 91' lang='lat' dir='ltr'><strong>non</strong></span> <span class='ocrx_word' id='word_1_292' title='bbox 3425 1870 3531 1925; x_wconf 90' lang='lat' dir='ltr'><strong>sibi</strong></span> <span class='ocrx_word' id='word_1_293' title='bbox 3562 1885 3628 1926; x_wconf 90' lang='lat' dir='ltr'><strong>ac</strong></span> 
     </span>
    </p>
   </div>
   <div class='ocr_carea' id='block_1_34' title="bbox 366 1936 931 2017">
    <p class='ocr_par' dir='ltr' id='par_1_34' title="bbox 366 1936 931 2017">
     <span class='ocr_line' id='line_1_34' title="bbox 366 1936 931 2017; baseline 0.016 -26"><span class='ocrx_word' id='word_1_294' title='bbox 366 1936 457 1991; x_wconf 89' lang='grc' dir='ltr'><strong>λον</strong></span> <span class='ocrx_word' id='word_1_295' title='bbox 495 1939 678 1995; x_wconf 78' lang='grc' dir='ltr'>καὶτὰ</span> <span class='ocrx_word' id='word_1_296' title='bbox 706 1944 931 2017; x_wconf 80' lang='grc' dir='ltr'>ἐτέρων.</span> 
     </span>
    </p>
   </div>
   <div class='ocr_carea' id='block_1_35' title="bbox 2042 1957 3625 2029">
    <p class='ocr_par' dir='ltr' id='par_1_35' title="bbox 2042 1957 3625 2029">
     <span class='ocr_line' id='line_1_35' title="bbox 2042 1957 3625 2029; baseline 0.002 -15"><span class='ocrx_word' id='word_1_297' title='bbox 2042 1958 2257 2014; x_wconf 68' lang='lat' dir='ltr'><strong>caeteris</strong></span> <span class='ocrx_word' id='word_1_298' title='bbox 2299 1958 2435 2014; x_wconf 89' lang='lat' dir='ltr'><strong>utile</strong></span> <span class='ocrx_word' id='word_1_299' title='bbox 2478 1957 2763 2029; x_wconf 89' lang='lat' dir='ltr'><strong>quidpiam</strong></span> <span class='ocrx_word' id='word_1_300' title='bbox 2802 1975 2867 2015; x_wconf 91' lang='lat' dir='ltr'><strong>ac</strong></span> <span class='ocrx_word' id='word_1_301' title='bbox 2904 1960 3278 2016; x_wconf 88' lang='lat' dir='ltr'><strong>necessarium</strong></span> <span class='ocrx_word' id='word_1_302' title='bbox 3302 1959 3502 2016; x_wconf 81' lang='lat' dir='ltr'><strong>etlicit?</strong></span> <span class='ocrx_word' id='word_1_303' title='bbox 3544 1960 3625 2017; x_wconf 84' lang='lat' dir='ltr'><strong>Ne</strong></span> 
     </span>
    </p>
   </div>
   <div class='ocr_carea' id='block_1_36' title="bbox 361 2032 3625 2122">
    <p class='ocr_par' dir='ltr' id='par_1_36' title="bbox 361 2032 3625 2122">
     <span class='ocr_line' id='line_1_36' title="bbox 361 2032 3625 2122; baseline 0.008 -39"><span class='ocrx_word' id='word_1_304' title='bbox 361 2032 705 2102; x_wconf 74' lang='lat' dir='ltr'><strong>committas,</strong></span> <span class='ocrx_word' id='word_1_305' title='bbox 746 2036 954 2108; x_wconf 88' lang='lat' dir='ltr'><strong>inquit,</strong></span> <span class='ocrx_word' id='word_1_306' title='bbox 992 2046 1167 2097; x_wconf 86' lang='lat' dir='ltr'><strong>utres</strong></span> <span class='ocrx_word' id='word_1_307' title='bbox 1207 2049 1314 2098; x_wconf 78' lang='lat' dir='ltr'><strong>tuze</strong></span> <span class='ocrx_word' id='word_1_308' title='bbox 1351 2044 1506 2100; x_wconf 85' lang='lat' dir='ltr'><strong>alteri</strong></span> <span class='ocrx_word' id='word_1_309' title='bbox 1530 2049 1875 2106; x_wconf 87' lang='lat' dir='ltr'><strong>occasionem</strong></span> <span class='ocrx_word' id='word_1_310' title='bbox 1911 2051 2141 2122; x_wconf 83' lang='lat' dir='ltr'><strong>periculi</strong></span> <span class='ocrx_word' id='word_1_311' title='bbox 2181 2052 2443 2108; x_wconf 77' lang='lat' dir='ltr'><strong>afferant:</strong></span> <span class='ocrx_word' id='word_1_312' title='bbox 2478 2070 2497 2105; x_wconf 88' lang='grc' dir='ltr'><strong>ι</strong></span> <span class='ocrx_word' id='word_1_313' title='bbox 2528 2051 2782 2108; x_wconf 83' lang='lat' dir='ltr'><strong>Charitas</strong></span> <span class='ocrx_word' id='word_1_314' title='bbox 2804 2054 2954 2110; x_wconf 90' lang='lat' dir='ltr'><strong>enim</strong></span> <span class='ocrx_word' id='word_1_315' title='bbox 2977 2095 2993 2120; x_wconf 92' lang='lat'><strong>,</strong></span> <span class='ocrx_word' id='word_1_316' title='bbox 3026 2072 3045 2105; x_wconf 79' lang='grc' dir='ltr'><strong>ι</strong></span> <span class='ocrx_word' id='word_1_317' title='bbox 3078 2060 3139 2109; x_wconf 80' lang='grc' dir='ltr'><strong>ιιι</strong></span> <span class='ocrx_word' id='word_1_318' title='bbox 3161 2056 3239 2109; x_wconf 90' lang='lat' dir='ltr'><strong>ait</strong></span> <span class='ocrx_word' id='word_1_319' title='bbox 3261 2054 3458 2110; x_wconf 88' lang='lat' dir='ltr'><strong>beatus</strong></span> <span class='ocrx_word' id='word_1_320' title='bbox 3477 2055 3625 2110; x_wconf 89' lang='lat' dir='ltr'><strong>Pau-</strong></span> 
     </span>
    </p>
   </div>
   <div class='ocr_carea' id='block_1_37' title="bbox 362 2124 2977 2213">
    <p class='ocr_par' dir='ltr' id='par_1_37' title="bbox 362 2124 2977 2213">
     <span class='ocr_line' id='line_1_37' title="bbox 362 2124 2977 2213; baseline 0.009 -36"><span class='ocrx_word' id='word_1_321' title='bbox 362 2124 479 2188; x_wconf 84' lang='lat' dir='ltr'><strong>lus,</strong></span> <span class='ocrx_word' id='word_1_322' title='bbox 512 2143 530 2174; x_wconf 76' lang='grc' dir='ltr'><strong>ι</strong></span> <span class='ocrx_word' id='word_1_323' title='bbox 561 2141 672 2181; x_wconf 85' lang='grc' dir='ltr'>ιιοιι</span> <span class='ocrx_word' id='word_1_324' title='bbox 699 2137 892 2198; x_wconf 75' lang='lat' dir='ltr'><strong>quaerit</strong></span> <span class='ocrx_word' id='word_1_325' title='bbox 914 2146 1034 2201; x_wconf 84' lang='lat' dir='ltr'><strong>quae</strong></span> <span class='ocrx_word' id='word_1_326' title='bbox 1076 2148 1175 2188; x_wconf 89' lang='lat' dir='ltr'><strong>sua</strong></span> <span class='ocrx_word' id='word_1_327' title='bbox 1204 2143 1332 2189; x_wconf 91' lang='lat' dir='ltr'><strong>sunt</strong></span> <span class='ocrx_word' id='word_1_328' title='bbox 1356 2137 1460 2203; x_wconf 75' lang='grc'><strong>⁸¹’;</strong></span> <span class='ocrx_word' id='word_1_329' title='bbox 1500 2156 1519 2189; x_wconf 74' lang='grc' dir='ltr'><strong>ι</strong></span> <span class='ocrx_word' id='word_1_330' title='bbox 1551 2140 1757 2210; x_wconf 80' lang='lat' dir='ltr'><strong>cogitat</strong></span> <span class='ocrx_word' id='word_1_331' title='bbox 1798 2150 1982 2197; x_wconf 89' lang='lat' dir='ltr'><strong>autem</strong></span> <span class='ocrx_word' id='word_1_332' title='bbox 2018 2143 2207 2213; x_wconf 89' lang='lat' dir='ltr'><strong>potius</strong></span> <span class='ocrx_word' id='word_1_333' title='bbox 2229 2143 2397 2198; x_wconf 88' lang='lat' dir='ltr'><strong>etiam</strong></span> <span class='ocrx_word' id='word_1_334' title='bbox 2416 2157 2539 2213; x_wconf 72' lang='lat' dir='ltr'><strong>quae</strong></span> <span class='ocrx_word' id='word_1_335' title='bbox 2568 2150 2698 2198; x_wconf 89' lang='lat' dir='ltr'><strong>sunt</strong></span> <span class='ocrx_word' id='word_1_336' title='bbox 2721 2145 2977 2200; x_wconf 89' lang='lat' dir='ltr'><strong>aliorum.</strong></span> 
     </span>
    </p>
   </div>
   <div class='ocr_carea' id='block_1_38' title="bbox 430 2218 1936 2306">
    <p class='ocr_par' dir='ltr' id='par_1_38' title="bbox 430 2218 1936 2306">
     <span class='ocr_line' id='line_1_38' title="bbox 430 2218 1936 2306; baseline 0.011 -35"><span class='ocrx_word' id='word_1_337' title='bbox 430 2218 637 2275; x_wconf 82' lang='lat' dir='ltr'><strong>IIAAA.</strong></span> <span class='ocrx_word' id='word_1_338' title='bbox 672 2221 782 2276; x_wconf 70' lang='grc' dir='ltr'><strong>Καὶ</strong></span> <span class='ocrx_word' id='word_1_339' title='bbox 815 2223 898 2288; x_wconf 90' lang='grc' dir='ltr'><strong>τίς</strong></span> <span class='ocrx_word' id='word_1_340' title='bbox 926 2225 954 2277; x_wconf 84' lang='grc' dir='ltr'><strong>ὁ</strong></span> <span class='ocrx_word' id='word_1_341' title='bbox 979 2225 1184 2282; x_wconf 85' lang='grc' dir='ltr'>λάκκον</span> <span class='ocrx_word' id='word_1_342' title='bbox 1230 2229 1462 2298; x_wconf 83' lang='grc' dir='ltr'>ἀνοίγων</span> <span class='ocrx_word' id='word_1_343' title='bbox 1494 2232 1527 2304; x_wconf 81' lang='grc' dir='ltr'>ἢ</span> <span class='ocrx_word' id='word_1_344' title='bbox 1562 2232 1936 2306; x_wconf 83' lang='grc' dir='ltr'>λατομῶν,.τίς</span> 
     </span>
    </p>
   </div>
   <div class='ocr_carea' id='block_1_39' title="bbox 362 2307 1542 2391">
    <p class='ocr_par' dir='ltr' id='par_1_39' title="bbox 362 2307 1542 2391">
     <span class='ocr_line' id='line_1_39' title="bbox 362 2307 1542 2391; baseline 0.014 -31"><span class='ocrx_word' id='word_1_345' title='bbox 362 2307 420 2361; x_wconf 74' lang='grc' dir='ltr'>δὲ</span> <span class='ocrx_word' id='word_1_346' title='bbox 450 2310 479 2362; x_wconf 90' lang='grc' dir='ltr'><strong>ὀ</strong></span> <span class='ocrx_word' id='word_1_347' title='bbox 515 2309 736 2378; x_wconf 83' lang='grc' dir='ltr'><strong>λάκκος,</strong></span> <span class='ocrx_word' id='word_1_348' title='bbox 761 2312 995 2387; x_wconf 75' lang='grc' dir='ltr'><strong>ἐθέλοιμ’</strong></span> <span class='ocrx_word' id='word_1_349' title='bbox 1016 2315 1093 2371; x_wconf 52' lang='grc' dir='ltr'><strong>ἂν,</strong></span> <span class='ocrx_word' id='word_1_350' title='bbox 1111 2319 1310 2373; x_wconf 85' lang='grc' dir='ltr'>είδέναι</span> <span class='ocrx_word' id='word_1_351' title='bbox 1339 2321 1542 2391; x_wconf 88' lang='grc' dir='ltr'>σαφῶς.</span> 
     </span>
    </p>
   </div>
   <div class='ocr_carea' id='block_1_40' title="bbox 431 2479 1935 2566">
    <p class='ocr_par' dir='ltr' id='par_1_40' title="bbox 431 2479 1935 2566">
     <span class='ocr_line' id='line_1_40' title="bbox 431 2479 1935 2566; baseline 0.011 -32"><span class='ocrx_word' id='word_1_352' title='bbox 431 2479 592 2537; x_wconf 84' lang='grc' dir='ltr'><strong>ΚΥΡ.</strong></span> <span class='ocrx_word' id='word_1_353' title='bbox 626 2483 700 2538; x_wconf 83' lang='grc' dir='ltr'><strong>Τὸ</strong></span> <span class='ocrx_word' id='word_1_354' title='bbox 734 2485 834 2555; x_wconf 83' lang='grc' dir='ltr'>μὲν</span> <span class='ocrx_word' id='word_1_355' title='bbox 861 2481 954 2540; x_wconf 83' lang='grc' dir='ltr'><strong>οῦν</strong></span> <span class='ocrx_word' id='word_1_356' title='bbox 983 2488 1047 2542; x_wconf 82' lang='grc' dir='ltr'><strong>ὲκ</strong></span> <span class='ocrx_word' id='word_1_357' title='bbox 1074 2489 1171 2560; x_wconf 84' lang='grc' dir='ltr'>τῆς</span> <span class='ocrx_word' id='word_1_358' title='bbox 1201 2490 1448 2562; x_wconf 72' lang='grc' dir='ltr'>ἱστορίας</span> <span class='ocrx_word' id='word_1_359' title='bbox 1477 2492 1935 2566; x_wconf 85' lang='grc' dir='ltr'>ὑποδηλούμενον,</span> 
     </span>
    </p>
   </div>
   <div class='ocr_carea' id='block_1_41' title="bbox 355 2570 1931 2655">
    <p class='ocr_par' dir='ltr' id='par_1_41' title="bbox 355 2570 1931 2655">
     <span class='ocr_line' id='line_1_41' title="bbox 355 2570 1931 2655; baseline 0.011 -33"><span class='ocrx_word' id='word_1_360' title='bbox 355 2570 455 2624; x_wconf 80' lang='grc' dir='ltr'><strong>οὐκ</strong></span> <span class='ocrx_word' id='word_1_361' title='bbox 491 2572 811 2644; x_wconf 87' lang='grc' dir='ltr'>ἀσυμφανές</span> <span class='ocrx_word' id='word_1_362' title='bbox 830 2593 844 2609; x_wconf 78' lang='grc' dir='ltr'><strong>ο</strong></span> <span class='ocrx_word' id='word_1_363' title='bbox 873 2579 1068 2649; x_wconf 84' lang='grc' dir='ltr'>χρῆναι</span> <span class='ocrx_word' id='word_1_364' title='bbox 1105 2580 1215 2654; x_wconf 92' lang='grc' dir='ltr'><strong>γάρ</strong></span> <span class='ocrx_word' id='word_1_365' title='bbox 1258 2599 1392 2655; x_wconf 85' lang='grc' dir='ltr'>φησι</span> <span class='ocrx_word' id='word_1_366' title='bbox 1419 2584 1931 2641; x_wconf 83' lang='grc' dir='ltr'>κατακαλύπτεσθαι</span> 
     </span>
    </p>
   </div>
   <div class='ocr_carea' id='block_1_42' title="bbox 354 2660 1932 2750">
    <p class='ocr_par' dir='ltr' id='par_1_42' title="bbox 354 2660 1932 2750">
     <span class='ocr_line' id='line_1_42' title="bbox 354 2660 1932 2750; baseline 0.013 -36"><span class='ocrx_word' id='word_1_367' title='bbox 354 2660 576 2730; x_wconf 87' lang='grc' dir='ltr'>λάκκον,</span> <span class='ocrx_word' id='word_1_368' title='bbox 608 2664 696 2720; x_wconf 74' lang='grc' dir='ltr'>ἵνα</span> <span class='ocrx_word' id='word_1_369' title='bbox 737 2668 895 2740; x_wconf 78' lang='grc' dir='ltr'>μήτι</span> <span class='ocrx_word' id='word_1_370' title='bbox 952 2669 1148 2741; x_wconf 83' lang='grc' dir='ltr'>βλάϐος</span> <span class='ocrx_word' id='word_1_371' title='bbox 1200 2674 1474 2750; x_wconf 74' lang='grc' dir='ltr'>συμϐαίνῃ</span> <span class='ocrx_word' id='word_1_372' title='bbox 1530 2678 1692 2732; x_wconf 90' lang='grc' dir='ltr'>τισίν.</span> <span class='ocrx_word' id='word_1_373' title='bbox 1728 2679 1932 2748; x_wconf 85' lang='grc' dir='ltr'>Ἤγουν</span> 
     </span>
    </p>
   </div>
   <div class='ocr_carea' id='block_1_43' title="bbox 358 2751 1934 2841">
    <p class='ocr_par' dir='ltr' id='par_1_43' title="bbox 358 2751 1934 2841">
     <span class='ocr_line' id='line_1_43' title="bbox 358 2751 1934 2841; baseline 0.013 -37"><span class='ocrx_word' id='word_1_374' title='bbox 358 2751 507 2817; x_wconf 78' lang='grc' dir='ltr'>[στω.</span> <span class='ocrx_word' id='word_1_375' title='bbox 563 2756 751 2825; x_wconf 78' lang='grc' dir='ltr'>φησὶν,</span> <span class='ocrx_word' id='word_1_376' title='bbox 783 2760 813 2813; x_wconf 91' lang='lat'><strong>6</strong></span> <span class='ocrx_word' id='word_1_377' title='bbox 852 2760 928 2832; x_wconf 81' lang='grc' dir='ltr'>μὴ</span> <span class='ocrx_word' id='word_1_378' title='bbox 970 2762 1127 2817; x_wconf 87' lang='grc' dir='ltr'>τοῦτο</span> <span class='ocrx_word' id='word_1_379' title='bbox 1173 2765 1499 2837; x_wconf 83' lang='grc' dir='ltr'>πεπραχὼς,</span> <span class='ocrx_word' id='word_1_380' title='bbox 1548 2768 1625 2832; x_wconf 84' lang='grc' dir='ltr'>ὡς</span> <span class='ocrx_word' id='word_1_381' title='bbox 1675 2769 1836 2841; x_wconf 75' lang='grc' dir='ltr'>εἴπερ</span> <span class='ocrx_word' id='word_1_382' title='bbox 1880 2788 1934 2824; x_wconf 85' lang='grc' dir='ltr'><strong>τι</strong></span> 
     </span>
    </p>
   </div>
   <div class='ocr_carea' id='block_1_44' title="bbox 354 2844 1930 2932">
    <p class='ocr_par' dir='ltr' id='par_1_44' title="bbox 354 2844 1930 2932">
     <span class='ocr_line' id='line_1_44' title="bbox 354 2844 1930 2932; baseline 0.013 -36"><span class='ocrx_word' id='word_1_383' title='bbox 354 2844 815 2918; x_wconf 81' lang='grc' dir='ltr'>κατολισθήσειεν,</span> <span class='ocrx_word' id='word_1_384' title='bbox 833 2852 1098 2925; x_wconf 81' lang='grc' dir='ltr'>ἀργύριον</span> <span class='ocrx_word' id='word_1_385' title='bbox 1120 2856 1390 2913; x_wconf 84' lang='grc' dir='ltr'>ἀποδώσει</span> <span class='ocrx_word' id='word_1_386' title='bbox 1418 2859 1497 2929; x_wconf 81' lang='grc' dir='ltr'><strong>τῷ</strong></span> <span class='ocrx_word' id='word_1_387' title='bbox 1539 2861 1713 2932; x_wconf 80' lang='grc' dir='ltr'>κυρίῳ</span> <span class='ocrx_word' id='word_1_388' title='bbox 1743 2862 1930 2927; x_wconf 82' lang='grc' dir='ltr'>αὑτοῦ,</span> 
     </span>
    </p>
   </div>
   <div class='ocr_carea' id='block_1_45' title="bbox 351 2936 1934 3021">
    <p class='ocr_par' dir='ltr' id='par_1_45' title="bbox 351 2936 1934 3021">
     <span class='ocr_line' id='line_1_45' title="bbox 351 2936 1934 3021; baseline 0.012 -33"><span class='ocrx_word' id='word_1_389' title='bbox 351 2936 415 2988; x_wconf 80' lang='grc' dir='ltr'><strong>τὸ</strong></span> <span class='ocrx_word' id='word_1_390' title='bbox 443 2936 501 2992; x_wconf 76' lang='grc' dir='ltr'>δὲ</span> <span class='ocrx_word' id='word_1_391' title='bbox 547 2939 809 3013; x_wconf 80' lang='grc' dir='ltr'>τεθνηκὸς</span> <span class='ocrx_word' id='word_1_392' title='bbox 856 2943 1007 3000; x_wconf 81' lang='grc' dir='ltr'>ἔσται</span> <span class='ocrx_word' id='word_1_393' title='bbox 1056 2948 1226 3019; x_wconf 85' lang='grc' dir='ltr'>αύτῷ.</span> <span class='ocrx_word' id='word_1_394' title='bbox 1273 2950 1742 3021; x_wconf 78' lang='grc' dir='ltr'>’Δναθρώσκοντες</span> <span class='ocrx_word' id='word_1_395' title='bbox 1778 2953 1835 3007; x_wconf 78' lang='grc' dir='ltr'>δὲ</span> <span class='ocrx_word' id='word_1_396' title='bbox 1871 2954 1934 3007; x_wconf 82' lang='grc' dir='ltr'><strong>τὸ</strong></span> 
     </span>
    </p>
   </div>
   <div class='ocr_carea' id='block_1_46' title="bbox 2102 2235 3627 2309">
    <p class='ocr_par' dir='ltr' id='par_1_46' title="bbox 2102 2235 3627 2309">
     <span class='ocr_line' id='line_1_46' title="bbox 2102 2235 3627 2309; baseline 0.003 -18"><span class='ocrx_word' id='word_1_397' title='bbox 2102 2236 2300 2292; x_wconf 82' lang='lat' dir='ltr'><strong>PALL.</strong></span> <span class='ocrx_word' id='word_1_398' title='bbox 2332 2235 2466 2303; x_wconf 85' lang='lat' dir='ltr'><strong>Quis</strong></span> <span class='ocrx_word' id='word_1_399' title='bbox 2508 2250 2641 2291; x_wconf 87' lang='lat' dir='ltr'><strong>vero</strong></span> <span class='ocrx_word' id='word_1_400' title='bbox 2667 2235 2759 2292; x_wconf 90' lang='lat' dir='ltr'><strong>ille</strong></span> <span class='ocrx_word' id='word_1_401' title='bbox 2800 2245 2905 2303; x_wconf 89' lang='lat' dir='ltr'><strong>est,</strong></span> <span class='ocrx_word' id='word_1_402' title='bbox 2942 2238 3037 2308; x_wconf 90' lang='lat' dir='ltr'><strong>qui</strong></span> <span class='ocrx_word' id='word_1_403' title='bbox 3076 2237 3258 2294; x_wconf 89' lang='lat' dir='ltr'><strong>lacum</strong></span> <span class='ocrx_word' id='word_1_404' title='bbox 3296 2238 3493 2309; x_wconf 89' lang='lat' dir='ltr'><strong>aperit,</strong></span> <span class='ocrx_word' id='word_1_405' title='bbox 3531 2248 3627 2295; x_wconf 90' lang='lat' dir='ltr'><strong>aut</strong></span> 
     </span>
    </p>
   </div>
   <div class='ocr_carea' id='block_1_47' title="bbox 2033 2327 3624 2401">
    <p class='ocr_par' dir='ltr' id='par_1_47' title="bbox 2033 2327 3624 2401">
     <span class='ocr_line' id='line_1_47' title="bbox 2033 2327 3624 2401; baseline 0.002 -17"><span class='ocrx_word' id='word_1_406' title='bbox 2033 2328 2245 2395; x_wconf 81' lang='lat' dir='ltr'><strong>etl‘odit,</strong></span> <span class='ocrx_word' id='word_1_407' title='bbox 2271 2329 2396 2400; x_wconf 84' lang='lat' dir='ltr'><strong>quis</strong></span> <span class='ocrx_word' id='word_1_408' title='bbox 2419 2328 2583 2383; x_wconf 84' lang='lat' dir='ltr'><strong>etiam</strong></span> <span class='ocrx_word' id='word_1_409' title='bbox 2612 2327 2786 2396; x_wconf 91' lang='lat' dir='ltr'><strong>lacus,</strong></span> <span class='ocrx_word' id='word_1_410' title='bbox 2830 2330 2994 2385; x_wconf 82' lang='lat' dir='ltr'><strong>velim</strong></span> <span class='ocrx_word' id='word_1_411' title='bbox 3029 2330 3288 2401; x_wconf 91' lang='lat' dir='ltr'><strong>equidem</strong></span> <span class='ocrx_word' id='word_1_412' title='bbox 3329 2331 3624 2401; x_wconf 82' lang='lat' dir='ltr'><strong>perspicue</strong></span> 
     </span>
    </p>
   </div>
   <div class='ocr_carea' id='block_1_48' title="bbox 2034 2435 2216 2476">
    <p class='ocr_par' dir='ltr' id='par_1_48' title="bbox 2034 2435 2216 2476">
     <span class='ocr_line' id='line_1_48' title="bbox 2034 2435 2216 2476; baseline 0 -1"><span class='ocrx_word' id='word_1_413' title='bbox 2034 2435 2216 2476; x_wconf 70' lang='lat'><strong>110680.</strong></span> 
     </span>
    </p>
   </div>
   <div class='ocr_carea' id='block_1_49' title="bbox 2103 2510 3623 2583">
    <p class='ocr_par' dir='ltr' id='par_1_49' title="bbox 2103 2510 3623 2583">
     <span class='ocr_line' id='line_1_49' title="bbox 2103 2510 3623 2583; baseline -0.003 -14"><span class='ocrx_word' id='word_1_414' title='bbox 2103 2512 2273 2569; x_wconf 51' lang='grc' dir='ltr'><strong>ΟΥΕ,</strong></span> <span class='ocrx_word' id='word_1_415' title='bbox 2289 2510 2409 2567; x_wconf 90' lang='lat' dir='ltr'><strong>Non</strong></span> <span class='ocrx_word' id='word_1_416' title='bbox 2432 2513 2733 2570; x_wconf 86' lang='lat' dir='ltr'><strong>obscurum</strong></span> <span class='ocrx_word' id='word_1_417' title='bbox 2754 2522 2839 2568; x_wconf 90' lang='lat' dir='ltr'><strong>est</strong></span> <span class='ocrx_word' id='word_1_418' title='bbox 2875 2511 3009 2582; x_wconf 86' lang='lat' dir='ltr'><strong>quid</strong></span> <span class='ocrx_word' id='word_1_419' title='bbox 3041 2511 3275 2567; x_wconf 88' lang='lat' dir='ltr'><strong>historia</strong></span> <span class='ocrx_word' id='word_1_420' title='bbox 3312 2510 3584 2583; x_wconf 83' lang='lat' dir='ltr'><strong>signiticet</strong></span> <span class='ocrx_word' id='word_1_421' title='bbox 3605 2552 3623 2578; x_wconf 90' lang='lat'><strong>,</strong></span> 
     </span>
    </p>
   </div>
   <div class='ocr_carea' id='block_1_50' title="bbox 2033 2600 3621 2674">
    <p class='ocr_par' dir='ltr' id='par_1_50' title="bbox 2033 2600 3621 2674">
     <span class='ocr_line' id='line_1_50' title="bbox 2033 2600 3621 2674; baseline -0.001 -17"><span class='ocrx_word' id='word_1_422' title='bbox 2033 2602 2394 2672; x_wconf 80' lang='lat' dir='ltr'><strong>aperiendum</strong></span> <span class='ocrx_word' id='word_1_423' title='bbox 2417 2604 2620 2674; x_wconf 91' lang='lat' dir='ltr'><strong>quippe</strong></span> <span class='ocrx_word' id='word_1_424' title='bbox 2655 2604 2835 2659; x_wconf 88' lang='lat' dir='ltr'><strong>lacum</strong></span> <span class='ocrx_word' id='word_1_425' title='bbox 2864 2617 2984 2658; x_wconf 89' lang='lat' dir='ltr'><strong>esse</strong></span> <span class='ocrx_word' id='word_1_426' title='bbox 3007 2602 3206 2672; x_wconf 89' lang='lat' dir='ltr'><strong>inquit,</strong></span> <span class='ocrx_word' id='word_1_427' title='bbox 3224 2618 3295 2658; x_wconf 88' lang='lat' dir='ltr'><strong>ne</strong></span> <span class='ocrx_word' id='word_1_428' title='bbox 3319 2601 3466 2672; x_wconf 90' lang='lat' dir='ltr'><strong>quod</strong></span> <span class='ocrx_word' id='word_1_429' title='bbox 3492 2600 3621 2655; x_wconf 89' lang='lat' dir='ltr'><strong>inde</strong></span> 
     </span>
    </p>
   </div>
   <div class='ocr_carea' id='block_1_51' title="bbox 2033 2689 3620 2764">
    <p class='ocr_par' dir='ltr' id='par_1_51' title="bbox 2033 2689 3620 2764">
     <span class='ocr_line' id='line_1_51' title="bbox 2033 2689 3620 2764; baseline 0.001 -20"><span class='ocrx_word' id='word_1_430' title='bbox 2033 2689 2295 2746; x_wconf 90' lang='lat' dir='ltr'><strong>damnum</strong></span> <span class='ocrx_word' id='word_1_431' title='bbox 2326 2693 2606 2763; x_wconf 86' lang='lat' dir='ltr'><strong>aliquibus</strong></span> <span class='ocrx_word' id='word_1_432' title='bbox 2632 2693 2948 2764; x_wconf 79' lang='lat' dir='ltr'><strong>contingat:</strong></span> <span class='ocrx_word' id='word_1_433' title='bbox 2997 2699 3094 2746; x_wconf 89' lang='lat' dir='ltr'><strong>aut</strong></span> <span class='ocrx_word' id='word_1_434' title='bbox 3134 2691 3292 2759; x_wconf 87' lang='lat' dir='ltr'><strong>sciat,</strong></span> <span class='ocrx_word' id='word_1_435' title='bbox 3338 2692 3538 2761; x_wconf 90' lang='lat' dir='ltr'><strong>inquit,</strong></span> <span class='ocrx_word' id='word_1_436' title='bbox 3570 2691 3620 2746; x_wconf 89' lang='lat' dir='ltr'><strong>is</strong></span> 
     </span>
    </p>
   </div>
   <div class='ocr_carea' id='block_1_52' title="bbox 2032 2781 3620 2854">
    <p class='ocr_par' dir='ltr' id='par_1_52' title="bbox 2032 2781 3620 2854">
     <span class='ocr_line' id='line_1_52' title="bbox 2032 2781 3620 2854; baseline 0 -19"><span class='ocrx_word' id='word_1_437' title='bbox 2032 2782 2128 2851; x_wconf 88' lang='lat' dir='ltr'><strong>qui</strong></span> <span class='ocrx_word' id='word_1_438' title='bbox 2151 2782 2255 2838; x_wconf 92' lang='lat' dir='ltr'><strong>hoc</strong></span> <span class='ocrx_word' id='word_1_439' title='bbox 2273 2781 2456 2838; x_wconf 80' lang='lat' dir='ltr'><strong>facere</strong></span> <span class='ocrx_word' id='word_1_440' title='bbox 2479 2783 2802 2854; x_wconf 77' lang='lat' dir='ltr'><strong>neglexerit,</strong></span> <span class='ocrx_word' id='word_1_441' title='bbox 2829 2781 2875 2838; x_wconf 87' lang='lat' dir='ltr'><strong>si</strong></span> <span class='ocrx_word' id='word_1_442' title='bbox 2901 2782 3035 2852; x_wconf 91' lang='lat' dir='ltr'><strong>quid</strong></span> <span class='ocrx_word' id='word_1_443' title='bbox 3062 2781 3316 2852; x_wconf 89' lang='lat' dir='ltr'><strong>illapsum</strong></span> <span class='ocrx_word' id='word_1_444' title='bbox 3346 2781 3534 2847; x_wconf 81' lang='lat' dir='ltr'><strong>fuerit,</strong></span> <span class='ocrx_word' id='word_1_445' title='bbox 3558 2795 3620 2836; x_wconf 87' lang='lat' dir='ltr'><strong>se</strong></span> 
     </span>
    </p>
   </div>
   <div class='ocr_carea' id='block_1_53' title="bbox 2031 2872 3617 2944">
    <p class='ocr_par' dir='ltr' id='par_1_53' title="bbox 2031 2872 3617 2944">
     <span class='ocr_line' id='line_1_53' title="bbox 2031 2872 3617 2944; baseline 0.001 -17"><span class='ocrx_word' id='word_1_446' title='bbox 2031 2872 2153 2943; x_wconf 88' lang='lat' dir='ltr'><strong>ejus</strong></span> <span class='ocrx_word' id='word_1_447' title='bbox 2188 2873 2271 2927; x_wconf 90' lang='lat' dir='ltr'><strong>rei</strong></span> <span class='ocrx_word' id='word_1_448' title='bbox 2301 2872 2525 2928; x_wconf 90' lang='lat' dir='ltr'><strong>domino</strong></span> <span class='ocrx_word' id='word_1_449' title='bbox 2561 2880 2847 2944; x_wconf 78' lang='lat' dir='ltr'><strong>argentum</strong></span> <span class='ocrx_word' id='word_1_450' title='bbox 2870 2872 3312 2943; x_wconf 87' lang='lat' dir='ltr'><strong>persoluturum;</strong></span> <span class='ocrx_word' id='word_1_451' title='bbox 3338 2882 3617 2928; x_wconf 86' lang='lat' dir='ltr'><strong>mortuum</strong></span> 
     </span>
    </p>
   </div>
   <div class='ocr_carea' id='block_1_54' title="bbox 2029 2963 3616 3034">
    <p class='ocr_par' dir='ltr' id='par_1_54' title="bbox 2029 2963 3616 3034">
     <span class='ocr_line' id='line_1_54' title="bbox 2029 2963 3616 3034; baseline 0.001 -16"><span class='ocrx_word' id='word_1_452' title='bbox 2029 2978 2164 3019; x_wconf 87' lang='lat' dir='ltr'><strong>vero</strong></span> <span class='ocrx_word' id='word_1_453' title='bbox 2178 2964 2412 3019; x_wconf 80' lang='lat' dir='ltr'><strong>cadaver</strong></span> <span class='ocrx_word' id='word_1_454' title='bbox 2428 2964 2601 3033; x_wconf 89' lang='lat' dir='ltr'><strong>ipsius</strong></span> <span class='ocrx_word' id='word_1_455' title='bbox 2620 2964 2888 3020; x_wconf 78' lang='lat' dir='ltr'><strong>futurum.</strong></span> <span class='ocrx_word' id='word_1_456' title='bbox 2905 2963 2995 3030; x_wconf 79' lang='lat' dir='ltr'><strong>At,</strong></span> <span class='ocrx_word' id='word_1_457' title='bbox 3022 2963 3068 3018; x_wconf 89' lang='lat' dir='ltr'><strong>si</strong></span> <span class='ocrx_word' id='word_1_458' title='bbox 3085 2978 3150 3019; x_wconf 88' lang='lat' dir='ltr'><strong>ea</strong></span> <span class='ocrx_word' id='word_1_459' title='bbox 3165 2979 3287 3034; x_wconf 70' lang='lat' dir='ltr'><strong>qua:</strong></span> <span class='ocrx_word' id='word_1_460' title='bbox 3310 2963 3366 3018; x_wconf 89' lang='lat' dir='ltr'><strong>in</strong></span> <span class='ocrx_word' id='word_1_461' title='bbox 3388 2963 3616 3019; x_wconf 90' lang='lat' dir='ltr'><strong>historia</strong></span> 
     </span>
    </p>
   </div>
   <div class='ocr_carea' id='block_1_55' title="bbox 351 3026 1925 3127">
    <p class='ocr_par' dir='ltr' id='par_1_55' title="bbox 351 3026 1925 3127">
     <span class='ocr_line' id='line_1_55' title="bbox 351 3026 1925 3127; baseline 0.013 -49"><span class='ocrx_word' id='word_1_462' title='bbox 351 3026 452 3127; x_wconf 56' lang='grc' dir='ltr'><strong>τῇς</strong></span> <span class='ocrx_word' id='word_1_463' title='bbox 492 3029 734 3127; x_wconf 63' lang='grc' dir='ltr'>ἱστορίας</span> <span class='ocrx_word' id='word_1_464' title='bbox 771 3036 1032 3105; x_wconf 78' lang='grc' dir='ltr'>ἐμφανὲς,</span> <span class='ocrx_word' id='word_1_465' title='bbox 1067 3040 1159 3094; x_wconf 73' lang='grc' dir='ltr'><strong>καὶ</strong></span> <span class='ocrx_word' id='word_1_466' title='bbox 1189 3042 1268 3105; x_wconf 88' lang='grc' dir='ltr'><strong>είς</strong></span> <span class='ocrx_word' id='word_1_467' title='bbox 1305 3039 1538 3111; x_wconf 82' lang='grc' dir='ltr'>θεωρίαν</span> <span class='ocrx_word' id='word_1_468' title='bbox 1570 3043 1925 3113; x_wconf 80' lang='grc' dir='ltr'>ἀναγαγόντες</span> 
     </span>
    </p>
   </div>
   <div class='ocr_carea' id='block_1_56' title="bbox 2027 3026 3614 3127">
    <p class='ocr_par' dir='ltr' id='par_1_56' title="bbox 2039 3026 3614 3127">
     <span class='ocr_line' id='line_1_56' title="bbox 2039 3026 3614 3127; baseline -0.001 -17"><span class='ocrx_word' id='word_1_469' title='bbox 2039 3065 2225 3127; x_wconf 87' lang='lat' dir='ltr'><strong>aperta</strong></span> <span class='ocrx_word' id='word_1_470' title='bbox 2247 3064 2377 3111; x_wconf 91' lang='lat' dir='ltr'><strong>sunt</strong></span> <span class='ocrx_word' id='word_1_471' title='bbox 2402 3026 2807 3126; x_wconf 78' lang='lat' dir='ltr'><strong>reliquerimus,</strong></span> <span class='ocrx_word' id='word_1_472' title='bbox 2837 3056 3003 3127; x_wconf 90' lang='lat' dir='ltr'><strong>idque</strong></span> <span class='ocrx_word' id='word_1_473' title='bbox 3024 3054 3230 3110; x_wconf 82' lang='lat' dir='ltr'><strong>factum</strong></span> <span class='ocrx_word' id='word_1_474' title='bbox 3262 3056 3614 3111; x_wconf 80' lang='lat' dir='ltr'><strong>transtuleri-</strong></span> 
     </span>
    </p>
   </div>
   <div class='ocr_carea' id='block_1_57' title="bbox 349 3120 1925 3220">
    <p class='ocr_par' dir='ltr' id='par_1_57' title="bbox 349 3120 1925 3220">
     <span class='ocr_line' id='line_1_57' title="bbox 349 3120 1925 3220; baseline 0.012 -48"><span class='ocrx_word' id='word_1_475' title='bbox 349 3120 413 3220; x_wconf 66' lang='grc' dir='ltr'><strong>τὸ</strong></span> <span class='ocrx_word' id='word_1_476' title='bbox 464 3121 652 3193; x_wconf 87' lang='grc' dir='ltr'>χρῆμα</span> <span class='ocrx_word' id='word_1_477' title='bbox 717 3128 1112 3199; x_wconf 83' lang='grc' dir='ltr'>πνευματικὴν,</span> <span class='ocrx_word' id='word_1_478' title='bbox 1175 3131 1353 3185; x_wconf 76' lang='grc' dir='ltr'>ἐκεῖνο</span> <span class='ocrx_word' id='word_1_479' title='bbox 1403 3134 1682 3206; x_wconf 70' lang='grc' dir='ltr'>ἐροῦμενσ</span> <span class='ocrx_word' id='word_1_480' title='bbox 1714 3136 1925 3191; x_wconf 79' lang='grc' dir='ltr'>Λάκκον</span> 
     </span>
    </p>
   </div>
   <div class='ocr_carea' id='block_1_58' title="bbox 2027 3120 3618 3220">
    <p class='ocr_par' dir='ltr' id='par_1_58' title="bbox 2036 3120 3618 3220">
     <span class='ocr_line' id='line_1_58' title="bbox 2036 3120 3618 3220; baseline 0.001 -18"><span class='ocrx_word' id='word_1_481' title='bbox 2036 3120 2159 3203; x_wconf 79' lang='lat' dir='ltr'><strong>mus</strong></span> <span class='ocrx_word' id='word_1_482' title='bbox 2180 3148 2247 3203; x_wconf 90' lang='lat' dir='ltr'><strong>ad</strong></span> <span class='ocrx_word' id='word_1_483' title='bbox 2269 3120 2613 3218; x_wconf 80' lang='lat' dir='ltr'><strong>spiritualem</strong></span> <span class='ocrx_word' id='word_1_484' title='bbox 2637 3120 3075 3220; x_wconf 69' lang='lat' dir='ltr'><strong>intelligentiam,</strong></span> <span class='ocrx_word' id='word_1_485' title='bbox 3111 3148 3246 3203; x_wconf 87' lang='lat' dir='ltr'><strong>illud</strong></span> <span class='ocrx_word' id='word_1_486' title='bbox 3268 3148 3377 3203; x_wconf 92' lang='lat' dir='ltr'><strong>dici</strong></span> <span class='ocrx_word' id='word_1_487' title='bbox 3402 3164 3431 3203; x_wconf 91' lang='lat' dir='ltr'><strong>a</strong></span> <span class='ocrx_word' id='word_1_488' title='bbox 3456 3149 3618 3205; x_wconf 82' lang='lat' dir='ltr'><strong>nobis</strong></span> 
     </span>
    </p>
   </div>
   <div class='ocr_carea' id='block_1_59' title="bbox 350 3211 1925 3310">
    <p class='ocr_par' dir='ltr' id='par_1_59' title="bbox 350 3211 1925 3310">
     <span class='ocr_line' id='line_1_59' title="bbox 350 3211 1925 3310; baseline 0.011 -45"><span class='ocrx_word' id='word_1_489' title='bbox 350 3211 526 3310; x_wconf 70' lang='grc' dir='ltr'>ἔοικεν</span> <span class='ocrx_word' id='word_1_490' title='bbox 555 3216 843 3287; x_wconf 76' lang='grc' dir='ltr'>ὀνομάζειν</span> <span class='ocrx_word' id='word_1_491' title='bbox 863 3220 1005 3290; x_wconf 76' lang='grc' dir='ltr'>,ἡμῖν</span> <span class='ocrx_word' id='word_1_492' title='bbox 1041 3221 1098 3276; x_wconf 84' lang='grc' dir='ltr'>ὲν</span> <span class='ocrx_word' id='word_1_493' title='bbox 1121 3222 1332 3288; x_wconf 87' lang='grc' dir='ltr'>τούτοις</span> <span class='ocrx_word' id='word_1_494' title='bbox 1363 3227 1392 3278; x_wconf 93' lang='lat'><strong>6</strong></span> <span class='ocrx_word' id='word_1_495' title='bbox 1425 3226 1611 3297; x_wconf 86' lang='grc' dir='ltr'>νόμος,</span> <span class='ocrx_word' id='word_1_496' title='bbox 1664 3227 1765 3298; x_wconf 84' lang='grc' dir='ltr'>τῆς</span> <span class='ocrx_word' id='word_1_497' title='bbox 1816 3229 1925 3283; x_wconf 87' lang='grc' dir='ltr'>θεο-</span> 
     </span>
    </p>
   </div>
   <div class='ocr_carea' id='block_1_60' title="bbox 2027 3211 3620 3310">
    <p class='ocr_par' dir='ltr' id='par_1_60' title="bbox 2036 3211 3620 3310">
     <span class='ocr_line' id='line_1_60' title="bbox 2036 3211 3620 3310; baseline -0.001 -16"><span class='ocrx_word' id='word_1_498' title='bbox 2036 3240 2255 3310; x_wconf 91' lang='lat' dir='ltr'><strong>poterit,</strong></span> <span class='ocrx_word' id='word_1_499' title='bbox 2273 3211 2453 3295; x_wconf 74' lang='lat' dir='ltr'><strong>lacum</strong></span> <span class='ocrx_word' id='word_1_500' title='bbox 2478 3240 2535 3294; x_wconf 92' lang='lat' dir='ltr'><strong>in</strong></span> <span class='ocrx_word' id='word_1_501' title='bbox 2558 3240 2645 3295; x_wconf 90' lang='lat' dir='ltr'><strong>his</strong></span> <span class='ocrx_word' id='word_1_502' title='bbox 2665 3211 2852 3295; x_wconf 71' lang='lat' dir='ltr'><strong>verbis</strong></span> <span class='ocrx_word' id='word_1_503' title='bbox 2865 3238 3041 3294; x_wconf 82' lang='lat' dir='ltr'><strong>videri</strong></span> <span class='ocrx_word' id='word_1_504' title='bbox 3061 3211 3223 3293; x_wconf 85' lang='lat' dir='ltr'><strong>nobis</strong></span> <span class='ocrx_word' id='word_1_505' title='bbox 3242 3253 3274 3293; x_wconf 90' lang='lat' dir='ltr'><strong>a</strong></span> <span class='ocrx_word' id='word_1_506' title='bbox 3294 3238 3412 3309; x_wconf 85' lang='lat' dir='ltr'><strong>lege</strong></span> <span class='ocrx_word' id='word_1_507' title='bbox 3431 3239 3620 3309; x_wconf 83' lang='lat' dir='ltr'><strong>appel-</strong></span> 
     </span>
    </p>
   </div>
   <div class='ocr_carea' id='block_1_61' title="bbox 348 3304 1925 3402">
    <p class='ocr_par' dir='ltr' id='par_1_61' title="bbox 348 3304 1925 3402">
     <span class='ocr_line' id='line_1_61' title="bbox 348 3304 1925 3402; baseline 0.012 -46"><span class='ocrx_word' id='word_1_508' title='bbox 348 3304 611 3402; x_wconf 78' lang='grc' dir='ltr'>πνεύστου</span> <span class='ocrx_word' id='word_1_509' title='bbox 643 3307 865 3379; x_wconf 83' lang='grc' dir='ltr'>Γραφῆς</span> <span class='ocrx_word' id='word_1_510' title='bbox 885 3311 983 3380; x_wconf 83' lang='grc' dir='ltr'><strong>τὴν</strong></span> <span class='ocrx_word' id='word_1_511' title='bbox 1005 3313 1205 3380; x_wconf 84' lang='grc' dir='ltr'>γνῶσιν</span> <span class='ocrx_word' id='word_1_512' title='bbox 1225 3356 1240 3380; x_wconf 94' lang='grc'><strong>,</strong></span> <span class='ocrx_word' id='word_1_513' title='bbox 1270 3315 1471 3371; x_wconf 73' lang='grc' dir='ltr'>καὶτὸν</span> <span class='ocrx_word' id='word_1_514' title='bbox 1495 3319 1742 3389; x_wconf 76' lang='grc' dir='ltr'>περὶτῆς</span> <span class='ocrx_word' id='word_1_515' title='bbox 1773 3321 1925 3390; x_wconf 86' lang='grc' dir='ltr'>ἁγίας</span> 
     </span>
    </p>
   </div>
   <div class='ocr_carea' id='block_1_62' title="bbox 2027 3304 3615 3402">
    <p class='ocr_par' dir='ltr' id='par_1_62' title="bbox 2032 3304 3615 3402">
     <span class='ocr_line' id='line_1_62' title="bbox 2032 3304 3615 3402; baseline -0.002 -16"><span class='ocrx_word' id='word_1_516' title='bbox 2032 3304 2135 3387; x_wconf 81' lang='lat' dir='ltr'><strong>lari</strong></span> <span class='ocrx_word' id='word_1_517' title='bbox 2171 3331 2469 3402; x_wconf 72' lang='lat' dir='ltr'><strong>Scriptum</strong></span> <span class='ocrx_word' id='word_1_518' title='bbox 2507 3331 2773 3388; x_wconf 88' lang='lat' dir='ltr'><strong>divinitus</strong></span> <span class='ocrx_word' id='word_1_519' title='bbox 2804 3332 3082 3402; x_wconf 70' lang='lat' dir='ltr'><strong>inspiralae</strong></span> <span class='ocrx_word' id='word_1_520' title='bbox 3125 3304 3615 3402; x_wconf 50' lang='lat' dir='ltr'><strong>cognitionem—&quot;3</strong></span> 
     </span>
    </p>
   </div>
   <div class='ocr_carea' id='block_1_63' title="bbox 350 3396 1932 3482">
    <p class='ocr_par' dir='ltr' id='par_1_63' title="bbox 350 3396 1932 3482">
     <span class='ocr_line' id='line_1_63' title="bbox 350 3396 1932 3482; baseline 0.012 -35"><span class='ocrx_word' id='word_1_521' title='bbox 350 3396 444 3448; x_wconf 72' lang='grc' dir='ltr'>καὶ</span> <span class='ocrx_word' id='word_1_522' title='bbox 486 3398 771 3466; x_wconf 81' lang='grc' dir='ltr'>ὀμοουσίου</span> <span class='ocrx_word' id='word_1_523' title='bbox 813 3402 1039 3473; x_wconf 86' lang='grc' dir='ltr'>Τριάδος</span> <span class='ocrx_word' id='word_1_524' title='bbox 1081 3405 1256 3474; x_wconf 80' lang='grc' dir='ltr'>λόγον,</span> <span class='ocrx_word' id='word_1_525' title='bbox 1284 3408 1374 3461; x_wconf 76' lang='grc' dir='ltr'>καὶ</span> <span class='ocrx_word' id='word_1_526' title='bbox 1401 3408 1495 3461; x_wconf 90' lang='grc' dir='ltr'>τοῦ</span> <span class='ocrx_word' id='word_1_527' title='bbox 1526 3410 1669 3464; x_wconf 88' lang='grc' dir='ltr'><strong>κατά</strong></span> <span class='ocrx_word' id='word_1_528' title='bbox 1698 3411 1932 3482; x_wconf 80' lang='grc' dir='ltr'>Χριστὸν</span> 
     </span>
    </p>
   </div>
   <div class='ocr_carea' id='block_1_64' title="bbox 351 3490 1928 3574">
    <p class='ocr_par' dir='ltr' id='par_1_64' title="bbox 351 3490 1928 3574">
     <span class='ocr_line' id='line_1_64' title="bbox 351 3490 1928 3574; baseline 0.014 -36"><span class='ocrx_word' id='word_1_529' title='bbox 351 3490 648 3560; x_wconf 73' lang='grc' dir='ltr'>μυστηρίου</span> <span class='ocrx_word' id='word_1_530' title='bbox 680 3492 779 3563; x_wconf 81' lang='grc' dir='ltr'><strong>τὴν</strong></span> <span class='ocrx_word' id='word_1_531' title='bbox 823 3493 1029 3564; x_wconf 77' lang='grc' dir='ltr'>εἴδησιν</span> <span class='ocrx_word' id='word_1_532' title='bbox 1052 3512 1065 3525; x_wconf 90' lang='grc'><strong>·</strong></span> <span class='ocrx_word' id='word_1_533' title='bbox 1119 3500 1293 3551; x_wconf 79' lang='grc' dir='ltr'>κεῖται</span> <span class='ocrx_word' id='word_1_534' title='bbox 1335 3499 1441 3572; x_wconf 82' lang='grc' dir='ltr'><strong>γάρ</strong></span> <span class='ocrx_word' id='word_1_535' title='bbox 1475 3500 1663 3574; x_wconf 84' lang='grc' dir='ltr'>ὥσπερ</span> <span class='ocrx_word' id='word_1_536' title='bbox 1691 3503 1748 3557; x_wconf 75' lang='grc' dir='ltr'>ὲν</span> <span class='ocrx_word' id='word_1_537' title='bbox 1776 3504 1928 3574; x_wconf 86' lang='grc' dir='ltr'>βάθει</span> 
     </span>
    </p>
   </div>
   <div class='ocr_carea' id='block_1_65' title="bbox 347 3579 1925 3668">
    <p class='ocr_par' dir='ltr' id='par_1_65' title="bbox 347 3579 1925 3668">
     <span class='ocr_line' id='line_1_65' title="bbox 347 3579 1925 3668; baseline 0.012 -38"><span class='ocrx_word' id='word_1_538' title='bbox 347 3579 520 3645; x_wconf 79' lang='grc' dir='ltr'>ταυτὶ,</span> <span class='ocrx_word' id='word_1_539' title='bbox 546 3581 639 3633; x_wconf 77' lang='grc' dir='ltr'>καὶ.</span> <span class='ocrx_word' id='word_1_540' title='bbox 672 3581 932 3646; x_wconf 81' lang='grc' dir='ltr'>ζωοποιὺν</span> <span class='ocrx_word' id='word_1_541' title='bbox 965 3584 1076 3655; x_wconf 79' lang='grc' dir='ltr'>ἔχει</span> <span class='ocrx_word' id='word_1_542' title='bbox 1106 3588 1204 3658; x_wconf 75' lang='grc' dir='ltr'>τὴν</span> <span class='ocrx_word' id='word_1_543' title='bbox 1235 3587 1486 3659; x_wconf 79' lang='grc' dir='ltr'>δύναμιν·</span> <span class='ocrx_word' id='word_1_544' title='bbox 1522 3592 1618 3646; x_wconf 76' lang='grc' dir='ltr'>καὶ</span> <span class='ocrx_word' id='word_1_545' title='bbox 1641 3598 1925 3668; x_wconf 83' lang='grc' dir='ltr'>μαρτυρή-</span> 
     </span>
    </p>
   </div>
   <div class='ocr_carea' id='block_1_66' title="bbox 348 3668 1926 3759">
    <p class='ocr_par' dir='ltr' id='par_1_66' title="bbox 348 3668 1926 3759">
     <span class='ocr_line' id='line_1_66' title="bbox 348 3668 1926 3759; baseline 0.015 -39"><span class='ocrx_word' id='word_1_546' title='bbox 348 3684 430 3722; x_wconf 84' lang='grc' dir='ltr'><strong>σει</strong></span> <span class='ocrx_word' id='word_1_547' title='bbox 452 3668 628 3739; x_wconf 84' lang='grc' dir='ltr'>λέγων</span> <span class='ocrx_word' id='word_1_548' title='bbox 654 3673 814 3737; x_wconf 82' lang='grc' dir='ltr'>αὐτὸς</span> <span class='ocrx_word' id='word_1_549' title='bbox 846 3676 875 3727; x_wconf 94' lang='lat'><strong>6</strong></span> <span class='ocrx_word' id='word_1_550' title='bbox 904 3676 1096 3747; x_wconf 82' lang='grc' dir='ltr'><strong>Σωτήρ</strong></span> <span class='ocrx_word' id='word_1_551' title='bbox 1130 3694 1144 3707; x_wconf 84' lang='grc'><em>’</em></span> <span class='ocrx_word' id='word_1_552' title='bbox 1200 3699 1219 3733; x_wconf 86' lang='grc' dir='ltr'><strong>ι</strong></span> <span class='ocrx_word' id='word_1_553' title='bbox 1249 3679 1397 3753; x_wconf 76' lang='grc' dir='ltr'>Αὕτη</span> <span class='ocrx_word' id='word_1_554' title='bbox 1431 3683 1489 3737; x_wconf 92' lang='grc' dir='ltr'><strong>δέ</strong></span> <span class='ocrx_word' id='word_1_555' title='bbox 1531 3684 1678 3738; x_wconf 74' lang='grc' dir='ltr'>ἐστιν</span> <span class='ocrx_word' id='word_1_556' title='bbox 1722 3689 1754 3759; x_wconf 79' lang='grc' dir='ltr'><strong>ἠ</strong></span> <span class='ocrx_word' id='word_1_557' title='bbox 1792 3690 1926 3743; x_wconf 85' lang='grc' dir='ltr'><strong>αίώ-</strong></span> 
     </span>
    </p>
   </div>
   <div class='ocr_carea' id='block_1_67' title="bbox 346 3760 1919 3845">
    <p class='ocr_par' dir='ltr' id='par_1_67' title="bbox 346 3760 1919 3845">
     <span class='ocr_line' id='line_1_67' title="bbox 346 3760 1919 3845; baseline 0.014 -34"><span class='ocrx_word' id='word_1_558' title='bbox 346 3776 456 3822; x_wconf 88' lang='grc' dir='ltr'>νιος</span> <span class='ocrx_word' id='word_1_559' title='bbox 485 3760 621 3832; x_wconf 79' lang='grc' dir='ltr'><strong>ζωὴ,</strong></span> <span class='ocrx_word' id='word_1_560' title='bbox 658 3763 745 3817; x_wconf 77' lang='grc' dir='ltr'><strong>ἵνα</strong></span> <span class='ocrx_word' id='word_1_561' title='bbox 767 3764 1079 3845; x_wconf 79' lang='grc' dir='ltr'>γινώσκῳσί</span> <span class='ocrx_word' id='word_1_562' title='bbox 1102 3785 1161 3821; x_wconf 91' lang='grc' dir='ltr'><strong>σε</strong></span> <span class='ocrx_word' id='word_1_563' title='bbox 1189 3769 1280 3822; x_wconf 84' lang='grc' dir='ltr'><strong>τόν</strong></span> <span class='ocrx_word' id='word_1_564' title='bbox 1300 3771 1459 3840; x_wconf 85' lang='grc' dir='ltr'>μόνον</span> <span class='ocrx_word' id='word_1_565' title='bbox 1486 3772 1738 3844; x_wconf 83' lang='grc' dir='ltr'>ἀληθινὸν</span> <span class='ocrx_word' id='word_1_566' title='bbox 1762 3778 1919 3845; x_wconf 82' lang='grc' dir='ltr'>Θεὸν,</span> 
     </span>
    </p>
   </div>
   <div class='ocr_carea' id='block_1_68' title="bbox 344 3849 1922 3937">
    <p class='ocr_par' dir='ltr' id='par_1_68' title="bbox 344 3849 1922 3937">
     <span class='ocr_line' id='line_1_68' title="bbox 344 3849 1922 3937; baseline 0.013 -36"><span class='ocrx_word' id='word_1_567' title='bbox 344 3849 439 3902; x_wconf 74' lang='grc' dir='ltr'>καὶ</span> <span class='ocrx_word' id='word_1_568' title='bbox 463 3850 523 3904; x_wconf 80' lang='grc' dir='ltr'>ὃν</span> <span class='ocrx_word' id='word_1_569' title='bbox 551 3852 875 3917; x_wconf 84' lang='grc' dir='ltr'>ἀπέστειλας</span> <span class='ocrx_word' id='word_1_570' title='bbox 915 3855 1121 3925; x_wconf 87' lang='grc' dir='ltr'>Ἰησοῦν</span> <span class='ocrx_word' id='word_1_571' title='bbox 1149 3859 1404 3929; x_wconf 89' lang='grc' dir='ltr'>Χριστόν.</span> <span class='ocrx_word' id='word_1_572' title='bbox 1436 3878 1455 3912; x_wconf 73' lang='grc' dir='ltr'><strong>ι</strong></span> <span class='ocrx_word' id='word_1_573' title='bbox 1491 3863 1700 3918; x_wconf 82' lang='grc' dir='ltr'>υύκοῦν</span> <span class='ocrx_word' id='word_1_574' title='bbox 1725 3868 1754 3920; x_wconf 90' lang='lat'><strong>6</strong></span> <span class='ocrx_word' id='word_1_575' title='bbox 1789 3883 1922 3937; x_wconf 83' lang='grc' dir='ltr'>συγ-</span> 
     </span>
    </p>
   </div>
   <div class='ocr_carea' id='block_1_69' title="bbox 344 3941 1921 4023">
    <p class='ocr_par' dir='ltr' id='par_1_69' title="bbox 344 3941 1921 4023">
     <span class='ocr_line' id='line_1_69' title="bbox 344 3941 1921 4023; baseline 0.011 -29"><span class='ocrx_word' id='word_1_576' title='bbox 344 3941 632 4013; x_wconf 82' lang='grc' dir='ltr'>γράμμασι</span> <span class='ocrx_word' id='word_1_577' title='bbox 668 3943 765 4014; x_wconf 80' lang='grc' dir='ltr'>μὲν</span> <span class='ocrx_word' id='word_1_578' title='bbox 802 3948 915 4009; x_wconf 81' lang='grc' dir='ltr'><strong>τοῖς</strong></span> <span class='ocrx_word' id='word_1_579' title='bbox 947 3947 1323 4020; x_wconf 80' lang='grc' dir='ltr'>ἀρχαιοτέροις</span> <span class='ocrx_word' id='word_1_580' title='bbox 1372 3951 1609 4023; x_wconf 75' lang='grc' dir='ltr'>ἐντυχὼν</span> <span class='ocrx_word' id='word_1_581' title='bbox 1631 3993 1646 4020; x_wconf 92' lang='grc'>,</span> <span class='ocrx_word' id='word_1_582' title='bbox 1684 3956 1778 4009; x_wconf 80' lang='grc' dir='ltr'>καὶ</span> <span class='ocrx_word' id='word_1_583' title='bbox 1824 3958 1921 4011; x_wconf 86' lang='grc' dir='ltr'>σὺν</span> 
     </span>
    </p>
   </div>
   <div class='ocr_carea' id='block_1_70' title="bbox 344 4032 1917 4116">
    <p class='ocr_par' dir='ltr' id='par_1_70' title="bbox 344 4032 1917 4116">
     <span class='ocr_line' id='line_1_70' title="bbox 344 4032 1917 4116; baseline 0.011 -32"><span class='ocrx_word' id='word_1_584' title='bbox 344 4032 493 4104; x_wconf 83' lang='grc' dir='ltr'>πόνῳ</span> <span class='ocrx_word' id='word_1_585' title='bbox 524 4034 1000 4106; x_wconf 80' lang='grc' dir='ltr'>πολυπραγμονῶν</span> <span class='ocrx_word' id='word_1_586' title='bbox 1029 4042 1129 4111; x_wconf 79' lang='grc' dir='ltr'><strong>τῆς</strong></span> <span class='ocrx_word' id='word_1_587' title='bbox 1151 4039 1511 4097; x_wconf 90' lang='grc' dir='ltr'>θεοπνεύστου</span> <span class='ocrx_word' id='word_1_588' title='bbox 1543 4043 1765 4116; x_wconf 85' lang='grc' dir='ltr'>Γραφῆς</span> <span class='ocrx_word' id='word_1_589' title='bbox 1790 4049 1917 4112; x_wconf 82' lang='grc' dir='ltr'>τοὺς</span> 
     </span>
    </p>
   </div>
   <div class='ocr_carea' id='block_1_71' title="bbox 343 4122 1916 4205">
    <p class='ocr_par' dir='ltr' id='par_1_71' title="bbox 343 4122 1916 4205">
     <span class='ocr_line' id='line_1_71' title="bbox 343 4122 1916 4205; baseline 0.011 -29"><span class='ocrx_word' id='word_1_590' title='bbox 343 4122 552 4193; x_wconf 82' lang='grc' dir='ltr'>λόγους,</span> <span class='ocrx_word' id='word_1_591' title='bbox 581 4127 675 4180; x_wconf 75' lang='grc' dir='ltr'><strong>καὶ</strong></span> <span class='ocrx_word' id='word_1_592' title='bbox 703 4127 800 4199; x_wconf 81' lang='grc' dir='ltr'><strong>τὴν</strong></span> <span class='ocrx_word' id='word_1_593' title='bbox 820 4129 1020 4201; x_wconf 80' lang='grc' dir='ltr'>ἀκριϐῆ</span> <span class='ocrx_word' id='word_1_594' title='bbox 1046 4147 1105 4185; x_wconf 88' lang='grc' dir='ltr'><strong>τε</strong></span> <span class='ocrx_word' id='word_1_595' title='bbox 1123 4133 1213 4187; x_wconf 78' lang='grc' dir='ltr'>καὶ</span> <span class='ocrx_word' id='word_1_596' title='bbox 1239 4133 1533 4205; x_wconf 77' lang='grc' dir='ltr'>ἀκίϐδηλον</span> <span class='ocrx_word' id='word_1_597' title='bbox 1556 4135 1756 4205; x_wconf 85' lang='grc' dir='ltr'>γνῶσιν</span> <span class='ocrx_word' id='word_1_598' title='bbox 1783 4138 1916 4192; x_wconf 85' lang='grc' dir='ltr'>ἀνα-</span> 
     </span>
    </p>
   </div>
   <div class='ocr_carea' id='block_1_72' title="bbox 341 4214 1918 4297">
    <p class='ocr_par' dir='ltr' id='par_1_72' title="bbox 341 4214 1918 4297">
     <span class='ocr_line' id='line_1_72' title="bbox 341 4214 1918 4297; baseline 0.009 -28"><span class='ocrx_word' id='word_1_599' title='bbox 341 4214 538 4285; x_wconf 78' lang='grc' dir='ltr'>ζητῶν,</span> <span class='ocrx_word' id='word_1_600' title='bbox 563 4217 761 4289; x_wconf 78' lang='grc' dir='ltr'>πολλὴν</span> <span class='ocrx_word' id='word_1_601' title='bbox 793 4219 857 4272; x_wconf 81' lang='grc' dir='ltr'><strong>ἃν</strong></span> <span class='ocrx_word' id='word_1_602' title='bbox 897 4220 1009 4291; x_wconf 75' lang='grc' dir='ltr'>ἔχοι</span> <span class='ocrx_word' id='word_1_603' title='bbox 1047 4222 1145 4292; x_wconf 80' lang='grc' dir='ltr'>τὴν</span> <span class='ocrx_word' id='word_1_604' title='bbox 1191 4225 1488 4295; x_wconf 78' lang='grc' dir='ltr'>ἐμφέρειαν</span> <span class='ocrx_word' id='word_1_605' title='bbox 1530 4227 1668 4297; x_wconf 85' lang='grc' dir='ltr'>πρός</span> <span class='ocrx_word' id='word_1_606' title='bbox 1717 4244 1781 4297; x_wconf 89' lang='grc' dir='ltr'><strong>γε</strong></span> <span class='ocrx_word' id='word_1_607' title='bbox 1826 4229 1918 4283; x_wconf 81' lang='grc' dir='ltr'><strong>τὸν</strong></span> 
     </span>
    </p>
   </div>
   <div class='ocr_carea' id='block_1_73' title="bbox 339 4307 1918 4387">
    <p class='ocr_par' dir='ltr' id='par_1_73' title="bbox 339 4307 1918 4387">
     <span class='ocr_line' id='line_1_73' title="bbox 339 4307 1918 4387; baseline 0.009 -27"><span class='ocrx_word' id='word_1_608' title='bbox 339 4307 627 4378; x_wconf 78' lang='grc' dir='ltr'>ὀρύττοντα</span> <span class='ocrx_word' id='word_1_609' title='bbox 666 4310 895 4364; x_wconf 90' lang='grc' dir='ltr'>λάκκον·</span> <span class='ocrx_word' id='word_1_610' title='bbox 955 4311 1107 4382; x_wconf 80' lang='grc' dir='ltr'><strong>ζητεῖ</strong></span> <span class='ocrx_word' id='word_1_611' title='bbox 1138 4314 1247 4385; x_wconf 83' lang='grc' dir='ltr'><strong>γὰρ</strong></span> <span class='ocrx_word' id='word_1_612' title='bbox 1303 4314 1446 4387; x_wconf 77' lang='grc' dir='ltr'>ὕδωρ</span> <span class='ocrx_word' id='word_1_613' title='bbox 1507 4317 1788 4384; x_wconf 78' lang='grc' dir='ltr'>ζωοποιδν,</span> <span class='ocrx_word' id='word_1_614' title='bbox 1824 4322 1918 4375; x_wconf 78' lang='grc' dir='ltr'>καὶ</span> 
     </span>
    </p>
   </div>
   <div class='ocr_carea' id='block_1_74' title="bbox 337 4395 1989 4481">
    <p class='ocr_par' dir='ltr' id='par_1_74' title="bbox 337 4395 1989 4481">
     <span class='ocr_line' id='line_1_74' title="bbox 337 4395 1989 4481; baseline 0.007 -27"><span class='ocrx_word' id='word_1_615' title='bbox 337 4401 519 4470; x_wconf 76' lang='grc' dir='ltr'>πηγὴν</span> <span class='ocrx_word' id='word_1_616' title='bbox 552 4402 972 4472; x_wconf 84' lang='grc' dir='ltr'>ἐύφραίνουσαν,</span> <span class='ocrx_word' id='word_1_617' title='bbox 1009 4404 1103 4457; x_wconf 70' lang='grc' dir='ltr'>καὶ</span> <span class='ocrx_word' id='word_1_618' title='bbox 1128 4408 1464 4479; x_wconf 78' lang='grc' dir='ltr'>χειμάρρουν</span> <span class='ocrx_word' id='word_1_619' title='bbox 1486 4413 1698 4481; x_wconf 82' lang='grc' dir='ltr'>τρυφῆς</span> <span class='ocrx_word' id='word_1_620' title='bbox 1723 4428 1738 4443; x_wconf 78' lang='grc' dir='ltr'><strong>ο</strong></span> <span class='ocrx_word' id='word_1_621' title='bbox 1778 4413 1807 4465; x_wconf 88' lang='lat'><strong>6</strong></span> <span class='ocrx_word' id='word_1_622' title='bbox 1852 4413 1910 4466; x_wconf 89' lang='grc' dir='ltr'><strong>δέ</strong></span> <span class='ocrx_word' id='word_1_623' title='bbox 1940 4395 1989 4454; x_wconf 79' lang='lat' dir='ltr'><strong>D</strong></span> 
     </span>
    </p>
   </div>
   <div class='ocr_carea' id='block_1_75' title="bbox 336 4492 1909 4576">
    <p class='ocr_par' dir='ltr' id='par_1_75' title="bbox 336 4492 1909 4576">
     <span class='ocr_line' id='line_1_75' title="bbox 336 4492 1909 4576; baseline 0.009 -33"><span class='ocrx_word' id='word_1_624' title='bbox 336 4508 398 4560; x_wconf 88' lang='grc' dir='ltr'><strong>γε</strong></span> <span class='ocrx_word' id='word_1_625' title='bbox 428 4495 508 4556; x_wconf 85' lang='grc' dir='ltr'><strong>είς</strong></span> <span class='ocrx_word' id='word_1_626' title='bbox 529 4492 684 4548; x_wconf 84' lang='grc' dir='ltr'><strong>τοῦτο</strong></span> <span class='ocrx_word' id='word_1_627' title='bbox 711 4493 894 4548; x_wconf 84' lang='grc' dir='ltr'>λοιπὸν</span> <span class='ocrx_word' id='word_1_628' title='bbox 928 4497 1197 4560; x_wconf 86' lang='grc' dir='ltr'>συνέσεως</span> <span class='ocrx_word' id='word_1_629' title='bbox 1226 4499 1547 4570; x_wconf 78' lang='grc' dir='ltr'>ἀφιγμένος,</span> <span class='ocrx_word' id='word_1_630' title='bbox 1573 4501 1649 4566; x_wconf 84' lang='grc' dir='ltr'><strong>ὡς</strong></span> <span class='ocrx_word' id='word_1_631' title='bbox 1678 4504 1770 4556; x_wconf 74' lang='grc' dir='ltr'>καὶ</span> <span class='ocrx_word' id='word_1_632' title='bbox 1804 4504 1909 4576; x_wconf 72' lang='grc' dir='ltr'>ἰδία</span> 
     </span>
    </p>
   </div>
   <div class='ocr_carea' id='block_1_76' title="bbox 332 4583 1909 4664">
    <p class='ocr_par' dir='ltr' id='par_1_76' title="bbox 332 4583 1909 4664">
     <span class='ocr_line' id='line_1_76' title="bbox 332 4583 1909 4664; baseline 0.009 -29"><span class='ocrx_word' id='word_1_633' title='bbox 332 4583 592 4639; x_wconf 83' lang='grc' dir='ltr'>δύνασθαι</span> <span class='ocrx_word' id='word_1_634' title='bbox 637 4586 970 4657; x_wconf 83' lang='grc' dir='ltr'>παραδοῦναι</span> <span class='ocrx_word' id='word_1_635' title='bbox 1005 4592 1293 4661; x_wconf 82' lang='grc' dir='ltr'>συγγραφῇ</span> <span class='ocrx_word' id='word_1_636' title='bbox 1340 4592 1433 4644; x_wconf 88' lang='grc' dir='ltr'>τοῦ</span> <span class='ocrx_word' id='word_1_637' title='bbox 1481 4594 1787 4664; x_wconf 88' lang='grc' dir='ltr'>μυστηρίου</span> <span class='ocrx_word' id='word_1_638' title='bbox 1817 4595 1909 4649; x_wconf 82' lang='grc' dir='ltr'>τὸν</span> 
     </span>
    </p>
   </div>
   <div class='ocr_carea' id='block_1_77' title="bbox 332 4672 1897 4758">
    <p class='ocr_par' dir='ltr' id='par_1_77' title="bbox 332 4672 1897 4758">
     <span class='ocr_line' id='line_1_77' title="bbox 332 4672 1897 4758; baseline 0.01 -32"><span class='ocrx_word' id='word_1_639' title='bbox 332 4672 509 4743; x_wconf 88' lang='grc' dir='ltr'>λόγον,</span> <span class='ocrx_word' id='word_1_640' title='bbox 549 4676 777 4747; x_wconf 86' lang='grc' dir='ltr'>λατομεῖ</span> <span class='ocrx_word' id='word_1_641' title='bbox 813 4678 1011 4758; x_wconf 81' lang='grc' dir='ltr'>λάκκον</span> <span class='ocrx_word' id='word_1_642' title='bbox 1033 4697 1046 4710; x_wconf 90' lang='grc'><strong>·</strong></span> <span class='ocrx_word' id='word_1_643' title='bbox 1105 4685 1427 4754; x_wconf 86' lang='grc' dir='ltr'>καινουργεί</span> <span class='ocrx_word' id='word_1_644' title='bbox 1453 4684 1563 4756; x_wconf 79' lang='grc' dir='ltr'>γὰρ</span> <span class='ocrx_word' id='word_1_645' title='bbox 1613 4684 1805 4758; x_wconf 79' lang='grc' dir='ltr'>ὥσπερ</span> <span class='ocrx_word' id='word_1_646' title='bbox 1834 4689 1897 4740; x_wconf 87' lang='grc' dir='ltr'><strong>ού</strong></span> 
     </span>
    </p>
   </div>
   <div class='ocr_carea' id='block_1_78' title="bbox 331 4756 1908 4843">
    <p class='ocr_par' dir='ltr' id='par_1_78' title="bbox 331 4756 1908 4843">
     <span class='ocr_line' id='line_1_78' title="bbox 331 4756 1908 4843; baseline 0.009 -26"><span class='ocrx_word' id='word_1_647' title='bbox 331 4767 440 4829; x_wconf 85' lang='grc' dir='ltr'>τοῖς</span> <span class='ocrx_word' id='word_1_648' title='bbox 479 4766 682 4837; x_wconf 79' lang='grc' dir='ltr'>ἑτέρων</span> <span class='ocrx_word' id='word_1_649' title='bbox 718 4756 944 4839; x_wconf 61' lang='grc' dir='ltr'>ίδρῶσικῖ</span> <span class='ocrx_word' id='word_1_650' title='bbox 983 4771 1378 4843; x_wconf 80' lang='grc' dir='ltr'>ὲποικοδομῶν,</span> <span class='ocrx_word' id='word_1_651' title='bbox 1409 4773 1544 4827; x_wconf 84' lang='grc' dir='ltr'><strong>ἀλλά</strong></span> <span class='ocrx_word' id='word_1_652' title='bbox 1591 4777 1706 4839; x_wconf 82' lang='grc' dir='ltr'>τοῖς</span> <span class='ocrx_word' id='word_1_653' title='bbox 1758 4756 1908 4840; x_wconf 83' lang='grc' dir='ltr'>ίδίοις</span> 
     </span>
    </p>
   </div>
   <div class='ocr_carea' id='block_1_79' title="bbox 329 4856 1904 4936">
    <p class='ocr_par' dir='ltr' id='par_1_79' title="bbox 329 4856 1904 4936">
     <span class='ocr_line' id='line_1_79' title="bbox 329 4856 1904 4936; baseline 0.01 -28"><span class='ocrx_word' id='word_1_654' title='bbox 329 4856 517 4909; x_wconf 82' lang='grc' dir='ltr'>ἑαυτόν</span> <span class='ocrx_word' id='word_1_655' title='bbox 550 4874 607 4910; x_wconf 90' lang='grc' dir='ltr'>τε</span> <span class='ocrx_word' id='word_1_656' title='bbox 643 4861 737 4912; x_wconf 70' lang='grc' dir='ltr'>καὶ</span> <span class='ocrx_word' id='word_1_657' title='bbox 771 4860 990 4931; x_wconf 79' lang='grc' dir='ltr'>ἑτέρους</span> <span class='ocrx_word' id='word_1_658' title='bbox 1031 4862 1275 4932; x_wconf 80' lang='grc' dir='ltr'>ὠφελῶν.</span> <span class='ocrx_word' id='word_1_659' title='bbox 1327 4866 1640 4936; x_wconf 86' lang='grc' dir='ltr'>Ὀρύττουσι</span> <span class='ocrx_word' id='word_1_660' title='bbox 1669 4867 1725 4923; x_wconf 79' lang='grc' dir='ltr'>δὲ</span> <span class='ocrx_word' id='word_1_661' title='bbox 1769 4869 1904 4924; x_wconf 84' lang='grc' dir='ltr'>λάκ-</span> 
     </span>
    </p>
   </div>
   <div class='ocr_carea' id='block_1_80' title="bbox 327 4952 1901 5032">
    <p class='ocr_par' dir='ltr' id='par_1_80' title="bbox 327 4952 1901 5032">
     <span class='ocr_line' id='line_1_80' title="bbox 327 4952 1901 5032; baseline 0.011 -34"><span class='ocrx_word' id='word_1_662' title='bbox 327 4962 454 5011; x_wconf 84' lang='grc' dir='ltr'>κους</span> <span class='ocrx_word' id='word_1_663' title='bbox 475 4952 984 5021; x_wconf 79' lang='grc' dir='ltr'>συντετριμμένους,</span> <span class='ocrx_word' id='word_1_664' title='bbox 1011 4955 1151 5008; x_wconf 84' lang='grc' dir='ltr'><strong>κατά</strong></span> <span class='ocrx_word' id='word_1_665' title='bbox 1173 4956 1269 5028; x_wconf 81' lang='grc' dir='ltr'>τὴν</span> <span class='ocrx_word' id='word_1_666' title='bbox 1288 4957 1381 5010; x_wconf 91' lang='grc' dir='ltr'>τοῦ</span> <span class='ocrx_word' id='word_1_667' title='bbox 1403 4961 1681 5031; x_wconf 79' lang='grc' dir='ltr'>προφήτου</span> <span class='ocrx_word' id='word_1_668' title='bbox 1698 4962 1901 5032; x_wconf 83' lang='grc' dir='ltr'>φωνὴν,</span> 
     </span>
    </p>
   </div>
   <div class='ocr_carea' id='block_1_81' title="bbox 328 5037 1902 5121">
    <p class='ocr_par' dir='ltr' id='par_1_81' title="bbox 328 5037 1902 5121">
     <span class='ocr_line' id='line_1_81' title="bbox 328 5037 1902 5121; baseline 0.012 -32"><span class='ocrx_word' id='word_1_669' title='bbox 328 5037 421 5090; x_wconf 79' lang='grc' dir='ltr'>καὶ</span> <span class='ocrx_word' id='word_1_670' title='bbox 451 5040 500 5091; x_wconf 84' lang='grc' dir='ltr'><strong>οἱ</strong></span> <span class='ocrx_word' id='word_1_671' title='bbox 532 5042 631 5112; x_wconf 75' lang='grc' dir='ltr'>τῆς</span> <span class='ocrx_word' id='word_1_672' title='bbox 655 5042 1008 5116; x_wconf 81' lang='grc' dir='ltr'>ψευδωνύμου</span> <span class='ocrx_word' id='word_1_673' title='bbox 1040 5046 1290 5114; x_wconf 83' lang='grc' dir='ltr'>γνώσεως</span> <span class='ocrx_word' id='word_1_674' title='bbox 1313 5050 1540 5121; x_wconf 77' lang='grc' dir='ltr'>ἐρασταί</span> <span class='ocrx_word' id='word_1_675' title='bbox 1573 5067 1587 5081; x_wconf 73' lang='grc' dir='ltr'>ο</span> <span class='ocrx_word' id='word_1_676' title='bbox 1624 5053 1678 5106; x_wconf 79' lang='grc' dir='ltr'><strong>εί</strong></span> <span class='ocrx_word' id='word_1_677' title='bbox 1696 5070 1779 5117; x_wconf 84' lang='grc' dir='ltr'><strong>τις</strong></span> <span class='ocrx_word' id='word_1_678' title='bbox 1801 5056 1902 5108; x_wconf 69' lang='grc' dir='ltr'>τοία</span> 
     </span>
    </p>
   </div>
   <div class='ocr_carea' id='block_1_82' title="bbox 324 5129 1899 5218">
    <p class='ocr_par' dir='ltr' id='par_1_82' title="bbox 324 5129 1899 5218">
     <span class='ocr_line' id='line_1_82' title="bbox 324 5129 1899 5218; baseline 0.015 -39"><span class='ocrx_word' id='word_1_679' title='bbox 324 5144 420 5218; x_wconf 89' lang='grc' dir='ltr'><strong>νυν</strong></span> <span class='ocrx_word' id='word_1_680' title='bbox 457 5129 668 5200; x_wconf 75' lang='grc' dir='ltr'>ὀρύξειε</span> <span class='ocrx_word' id='word_1_681' title='bbox 695 5133 915 5200; x_wconf 90' lang='grc' dir='ltr'>λάκκον,</span> <span class='ocrx_word' id='word_1_682' title='bbox 967 5137 1382 5207; x_wconf 74' lang='grc' dir='ltr'>ἀσφαλιζέσθω,</span> <span class='ocrx_word' id='word_1_683' title='bbox 1438 5143 1622 5214; x_wconf 81' lang='grc' dir='ltr'>φησὶν,</span> <span class='ocrx_word' id='word_1_684' title='bbox 1663 5144 1737 5216; x_wconf 83' lang='grc' dir='ltr'>μὴ</span> <span class='ocrx_word' id='word_1_685' title='bbox 1793 5145 1899 5218; x_wconf 78' lang='grc' dir='ltr'>ἄρα</span> 
     </span>
    </p>
   </div>
   <div class='ocr_carea' id='block_1_83' title="bbox 322 5217 1901 5308">
    <p class='ocr_par' dir='ltr' id='par_1_83' title="bbox 322 5217 1901 5308">
     <span class='ocr_line' id='line_1_83' title="bbox 322 5217 1901 5308; baseline 0.015 -39"><span class='ocrx_word' id='word_1_686' title='bbox 322 5217 465 5308; x_wconf 80' lang='grc' dir='ltr'>τισὶν</span> <span class='ocrx_word' id='word_1_687' title='bbox 498 5219 721 5308; x_wconf 81' lang='grc' dir='ltr'>ὀλέθρου</span> <span class='ocrx_word' id='word_1_688' title='bbox 762 5225 974 5293; x_wconf 87' lang='grc' dir='ltr'>γένοιτο</span> <span class='ocrx_word' id='word_1_689' title='bbox 1015 5228 1235 5298; x_wconf 88' lang='grc' dir='ltr'>τρόπος,</span> <span class='ocrx_word' id='word_1_690' title='bbox 1266 5231 1325 5284; x_wconf 82' lang='grc' dir='ltr'>τὺ</span> <span class='ocrx_word' id='word_1_691' title='bbox 1379 5233 1561 5300; x_wconf 80' lang='grc' dir='ltr'>καλῶς</span> <span class='ocrx_word' id='word_1_692' title='bbox 1610 5217 1901 5308; x_wconf 81' lang='grc' dir='ltr'>είργάσθαι</span> 
     </span>
    </p>
   </div>
   <div class='ocr_carea' id='block_1_84' title="bbox 319 5304 1898 5398">
    <p class='ocr_par' dir='ltr' id='par_1_84' title="bbox 319 5304 1898 5398">
     <span class='ocr_line' id='line_1_84' title="bbox 319 5304 1898 5398; baseline 0.015 -39"><span class='ocrx_word' id='word_1_693' title='bbox 319 5305 510 5398; x_wconf 85' lang='grc' dir='ltr'>δοκοῦν</span> <span class='ocrx_word' id='word_1_694' title='bbox 535 5324 548 5337; x_wconf 90' lang='lat'><strong>&#39;</strong></span> <span class='ocrx_word' id='word_1_695' title='bbox 581 5304 662 5364; x_wconf 73' lang='grc' dir='ltr'><strong>δεῖ</strong></span> <span class='ocrx_word' id='word_1_696' title='bbox 688 5315 795 5384; x_wconf 84' lang='grc' dir='ltr'>γὰρ</span> <span class='ocrx_word' id='word_1_697' title='bbox 837 5317 983 5385; x_wconf 81' lang='grc' dir='ltr'>ἡμᾶς</span> <span class='ocrx_word' id='word_1_698' title='bbox 1010 5317 1184 5386; x_wconf 84' lang='grc' dir='ltr'>ὀρθῶς</span> <span class='ocrx_word' id='word_1_699' title='bbox 1219 5337 1279 5373; x_wconf 88' lang='grc' dir='ltr'>τε</span> <span class='ocrx_word' id='word_1_700' title='bbox 1309 5324 1401 5377; x_wconf 74' lang='grc' dir='ltr'><strong>καὶ</strong></span> <span class='ocrx_word' id='word_1_701' title='bbox 1424 5304 1898 5398; x_wconf 67' lang='grc' dir='ltr'>ἀπηκριῦιομένως</span> 
     </span>
    </p>
   </div>
   <div class='ocr_carea' id='block_1_85' title="bbox 317 5397 1897 5486">
    <p class='ocr_par' dir='ltr' id='par_1_85' title="bbox 317 5397 1897 5486">
     <span class='ocr_line' id='line_1_85' title="bbox 317 5397 1897 5486; baseline 0.016 -37"><span class='ocrx_word' id='word_1_702' title='bbox 317 5397 411 5450; x_wconf 83' lang='grc' dir='ltr'>τὸν</span> <span class='ocrx_word' id='word_1_703' title='bbox 443 5399 571 5471; x_wconf 74' lang='grc' dir='ltr'>περὶ</span> <span class='ocrx_word' id='word_1_704' title='bbox 610 5401 744 5455; x_wconf 87' lang='grc' dir='ltr'>Θεοῦ</span> <span class='ocrx_word' id='word_1_705' title='bbox 777 5405 1041 5459; x_wconf 86' lang='grc' dir='ltr'>ποιεῖσθαι</span> <span class='ocrx_word' id='word_1_706' title='bbox 1092 5407 1267 5476; x_wconf 84' lang='grc' dir='ltr'>λόγον,</span> <span class='ocrx_word' id='word_1_707' title='bbox 1307 5411 1382 5474; x_wconf 82' lang='grc' dir='ltr'>ὡς</span> <span class='ocrx_word' id='word_1_708' title='bbox 1432 5416 1616 5486; x_wconf 83' lang='grc' dir='ltr'>μηδενὶ</span> <span class='ocrx_word' id='word_1_709' title='bbox 1648 5397 1897 5486; x_wconf 73' lang='grc' dir='ltr'>γενέσθαι</span> 
     </span>
    </p>
   </div>
   <div class='ocr_carea' id='block_1_86' title="bbox 320 5489 1896 5580">
    <p class='ocr_par' dir='ltr' id='par_1_86' title="bbox 320 5489 1896 5580">
     <span class='ocr_line' id='line_1_86' title="bbox 320 5489 1896 5580; baseline 0.015 -41"><span class='ocrx_word' id='word_1_710' title='bbox 320 5489 616 5544; x_wconf 82' lang='grc' dir='ltr'>σκανδάλου</span> <span class='ocrx_word' id='word_1_711' title='bbox 649 5493 942 5563; x_wconf 82' lang='grc' dir='ltr'>πρόφασιν.</span> <span class='ocrx_word' id='word_1_712' title='bbox 959 5497 1066 5549; x_wconf 73' lang='grc' dir='ltr'><strong>Καὶ</strong></span> <span class='ocrx_word' id='word_1_713' title='bbox 1086 5497 1263 5562; x_wconf 87' lang='grc' dir='ltr'>τοῦτο,</span> <span class='ocrx_word' id='word_1_714' title='bbox 1284 5496 1455 5570; x_wconf 82' lang='grc' dir='ltr'>οἶμαι,</span> <span class='ocrx_word' id='word_1_715' title='bbox 1488 5506 1604 5558; x_wconf 81' lang='grc' dir='ltr'><strong>ἐστὶ</strong></span> <span class='ocrx_word' id='word_1_716' title='bbox 1646 5508 1706 5560; x_wconf 81' lang='grc' dir='ltr'><strong>τὸ</strong></span> <span class='ocrx_word' id='word_1_717' title='bbox 1730 5509 1896 5580; x_wconf 81' lang='grc' dir='ltr'>πῶμα</span> 
     </span>
    </p>
   </div>
   <div class='ocr_carea' id='block_1_87' title="bbox 315 5574 1895 5668">
    <p class='ocr_par' dir='ltr' id='par_1_87' title="bbox 315 5574 1895 5668">
     <span class='ocr_line' id='line_1_87' title="bbox 315 5574 1895 5668; baseline 0.018 -42"><span class='ocrx_word' id='word_1_718' title='bbox 315 5574 631 5634; x_wconf 76' lang='grc' dir='ltr'>ἐπικεῖσθαι</span> <span class='ocrx_word' id='word_1_719' title='bbox 673 5583 750 5653; x_wconf 83' lang='grc' dir='ltr'><strong>τῷ</strong></span> <span class='ocrx_word' id='word_1_720' title='bbox 789 5585 998 5657; x_wconf 84' lang='grc' dir='ltr'>λάκκῳ,</span> <span class='ocrx_word' id='word_1_721' title='bbox 1048 5587 1108 5640; x_wconf 78' lang='grc' dir='ltr'><strong>τὸ</strong></span> <span class='ocrx_word' id='word_1_722' title='bbox 1165 5590 1263 5660; x_wconf 81' lang='grc' dir='ltr'><strong>τῆς</strong></span> <span class='ocrx_word' id='word_1_723' title='bbox 1321 5593 1667 5666; x_wconf 61' lang='grc' dir='ltr'>καθηκούσης</span> <span class='ocrx_word' id='word_1_724' title='bbox 1720 5601 1895 5668; x_wconf 75' lang='grc' dir='ltr'>ἀσφα-</span> 
     </span>
    </p>
   </div>
   <div class='ocr_carea' id='block_1_88' title="bbox 378 5697 2121 5789">
    <p class='ocr_par' dir='ltr' id='par_1_88' title="bbox 378 5697 2121 5789">
     <span class='ocr_line' id='line_1_88' title="bbox 378 5697 2121 5789; baseline 0.01 -25"><span class='ocrx_word' id='word_1_725' title='bbox 378 5697 882 5789; x_wconf 19' lang='grc' dir='ltr'><strong>’ξξψξῖικίξίίᾼ-δκιλὸξ,</strong></span> <span class='ocrx_word' id='word_1_726' title='bbox 925 5706 1010 5760; x_wconf 58' lang='grc'><strong>55.</strong></span> <span class='ocrx_word' id='word_1_727' title='bbox 1047 5710 1154 5789; x_wconf 80' lang='lat'><strong>__“&#39;</strong></span> <span class='ocrx_word' id='word_1_728' title='bbox 1184 5711 1340 5769; x_wconf 80' lang='lat' dir='ltr'><strong>Rom.</strong></span> <span class='ocrx_word' id='word_1_729' title='bbox 1366 5733 1467 5789; x_wconf 67' lang='lat' dir='ltr'><strong>xlv,</strong></span> <span class='ocrx_word' id='word_1_730' title='bbox 1499 5719 1549 5772; x_wconf 81' lang='lat'><strong>7.</strong></span> <span class='ocrx_word' id='word_1_731' title='bbox 1614 5722 1679 5752; x_wconf 81' lang='grc'><strong>³³·</strong></span> <span class='ocrx_word' id='word_1_732' title='bbox 1712 5723 1729 5776; x_wconf 89' lang='lat' dir='ltr'><strong>l</strong></span> <span class='ocrx_word' id='word_1_733' title='bbox 1779 5723 1903 5778; x_wconf 80' lang='lat' dir='ltr'><strong>Cor.</strong></span> <span class='ocrx_word' id='word_1_734' title='bbox 1933 5743 2042 5789; x_wconf 86' lang='lat' dir='ltr'><strong>xm,</strong></span> <span class='ocrx_word' id='word_1_735' title='bbox 2071 5727 2121 5781; x_wconf 66' lang='grc' dir='ltr'><strong>εἰ.</strong></span> 
     </span>
    </p>
   </div>
   <div class='ocr_carea' id='block_1_89' title="bbox 313 5766 1122 5844">
    <p class='ocr_par' dir='ltr' id='par_1_89' title="bbox 313 5766 1122 5844">
     <span class='ocr_line' id='line_1_89' title="bbox 313 5766 1122 5844; baseline 0.011 -21"><span class='ocrx_word' id='word_1_736' title='bbox 313 5766 377 5832; x_wconf 76' lang='grc'>5;</span> <span class='ocrx_word' id='word_1_737' title='bbox 397 5768 536 5825; x_wconf 84' lang='lat' dir='ltr'><strong>Psal.</strong></span> <span class='ocrx_word' id='word_1_738' title='bbox 564 5787 720 5839; x_wconf 82' lang='lat' dir='ltr'><strong>xxxv,</strong></span> <span class='ocrx_word' id='word_1_739' title='bbox 750 5774 812 5840; x_wconf 81' lang='lat'><strong>9;</strong></span> <span class='ocrx_word' id='word_1_740' title='bbox 838 5776 1019 5844; x_wconf 83' lang='lat' dir='ltr'><strong>Jcr.n,</strong></span> <span class='ocrx_word' id='word_1_741' title='bbox 1043 5777 1122 5832; x_wconf 76' lang='lat' dir='ltr'><strong>l5.</strong></span> 
     </span>
    </p>
   </div>
   <div class='ocr_carea' id='block_1_90' title="bbox 2032 3423 3615 3494">
    <p class='ocr_par' dir='ltr' id='par_1_90' title="bbox 2032 3423 3615 3494">
     <span class='ocr_line' id='line_1_90' title="bbox 2032 3423 3615 3494; baseline 0 -15"><span class='ocrx_word' id='word_1_742' title='bbox 2032 3440 2097 3480; x_wconf 89' lang='lat' dir='ltr'><strong>ac</strong></span> <span class='ocrx_word' id='word_1_743' title='bbox 2117 3425 2184 3480; x_wconf 87' lang='lat' dir='ltr'><strong>de</strong></span> <span class='ocrx_word' id='word_1_744' title='bbox 2212 3433 2395 3481; x_wconf 88' lang='lat' dir='ltr'><strong>sancta</strong></span> <span class='ocrx_word' id='word_1_745' title='bbox 2422 3434 2479 3481; x_wconf 91' lang='lat' dir='ltr'><strong>et</strong></span> <span class='ocrx_word' id='word_1_746' title='bbox 2501 3424 2950 3481; x_wconf 88' lang='lat' dir='ltr'><strong>consubstantiali</strong></span> <span class='ocrx_word' id='word_1_747' title='bbox 2982 3423 3246 3479; x_wconf 87' lang='lat' dir='ltr'><strong>Trinitate</strong></span> <span class='ocrx_word' id='word_1_748' title='bbox 3284 3423 3615 3494; x_wconf 81' lang='lat' dir='ltr'><strong>disputatio-</strong></span> 
     </span>
    </p>
   </div>
   <div class='ocr_carea' id='block_1_91' title="bbox 2030 3516 3612 3590">
    <p class='ocr_par' dir='ltr' id='par_1_91' title="bbox 2030 3516 3612 3590">
     <span class='ocr_line' id='line_1_91' title="bbox 2030 3516 3612 3590; baseline 0 -18"><span class='ocrx_word' id='word_1_749' title='bbox 2030 3533 2177 3585; x_wconf 91' lang='lat' dir='ltr'><strong>nem,</strong></span> <span class='ocrx_word' id='word_1_750' title='bbox 2202 3528 2367 3589; x_wconf 86' lang='lat' dir='ltr'><strong>atque</strong></span> <span class='ocrx_word' id='word_1_751' title='bbox 2402 3518 2606 3575; x_wconf 87' lang='lat' dir='ltr'><strong>Christi</strong></span> <span class='ocrx_word' id='word_1_752' title='bbox 2650 3517 2895 3590; x_wconf 78' lang='lat' dir='ltr'><strong>mysterii</strong></span> <span class='ocrx_word' id='word_1_753' title='bbox 2936 3517 3261 3573; x_wconf 86' lang='lat' dir='ltr'><strong>scientiam:</strong></span> <span class='ocrx_word' id='word_1_754' title='bbox 3305 3516 3422 3572; x_wconf 65' lang='lat' dir='ltr'><strong>haec</strong></span> <span class='ocrx_word' id='word_1_755' title='bbox 3462 3516 3612 3572; x_wconf 85' lang='lat' dir='ltr'><strong>enim</strong></span> 
     </span>
    </p>
   </div>
   <div class='ocr_carea' id='block_1_92' title="bbox 2028 3608 3611 3680">
    <p class='ocr_par' dir='ltr' id='par_1_92' title="bbox 2028 3608 3611 3680">
     <span class='ocr_line' id='line_1_92' title="bbox 2028 3608 3611 3680; baseline -0.001 -16"><span class='ocrx_word' id='word_1_756' title='bbox 2028 3616 2287 3680; x_wconf 89' lang='lat' dir='ltr'><strong>tanquam</strong></span> <span class='ocrx_word' id='word_1_757' title='bbox 2335 3610 2391 3664; x_wconf 90' lang='lat' dir='ltr'><strong>in</strong></span> <span class='ocrx_word' id='word_1_758' title='bbox 2427 3608 2701 3678; x_wconf 84' lang='lat' dir='ltr'><strong>profundo</strong></span> <span class='ocrx_word' id='word_1_759' title='bbox 2738 3609 2930 3678; x_wconf 87' lang='lat' dir='ltr'><strong>posita-</strong></span> <span class='ocrx_word' id='word_1_760' title='bbox 2964 3616 3093 3663; x_wconf 88' lang='lat' dir='ltr'><strong>sunt</strong></span> <span class='ocrx_word' id='word_1_761' title='bbox 3131 3608 3354 3677; x_wconf 79' lang='lat' dir='ltr'><strong>vimque</strong></span> <span class='ocrx_word' id='word_1_762' title='bbox 3384 3608 3611 3663; x_wconf 82' lang='lat' dir='ltr'><strong>vitalem</strong></span> 
     </span>
    </p>
   </div>
   <div class='ocr_carea' id='block_1_93' title="bbox 2030 3698 3608 3773">
    <p class='ocr_par' dir='ltr' id='par_1_93' title="bbox 2030 3698 3608 3773">
     <span class='ocr_line' id='line_1_93' title="bbox 2030 3698 3608 3773; baseline 0.001 -18"><span class='ocrx_word' id='word_1_763' title='bbox 2030 3701 2267 3768; x_wconf 87' lang='lat' dir='ltr'><strong>habent;</strong></span> <span class='ocrx_word' id='word_1_764' title='bbox 2299 3703 2457 3773; x_wconf 85' lang='lat' dir='ltr'><strong>cujus</strong></span> <span class='ocrx_word' id='word_1_765' title='bbox 2488 3701 2568 3757; x_wconf 91' lang='lat' dir='ltr'><strong>rei</strong></span> <span class='ocrx_word' id='word_1_766' title='bbox 2597 3701 2753 3757; x_wconf 84' lang='lat' dir='ltr'><strong>testis</strong></span> <span class='ocrx_word' id='word_1_767' title='bbox 2784 3702 3027 3772; x_wconf 71' lang='lat' dir='ltr'><strong>est-1pse</strong></span> <span class='ocrx_word' id='word_1_768' title='bbox 3071 3698 3344 3765; x_wconf 81' lang='lat' dir='ltr'><strong>Salvator,</strong></span> <span class='ocrx_word' id='word_1_769' title='bbox 3373 3700 3566 3756; x_wconf 90' lang='lat' dir='ltr'><strong>dicens</strong></span> <span class='ocrx_word' id='word_1_770' title='bbox 3593 3720 3608 3756; x_wconf 89' lang='lat'><strong><em>:</em></strong></span> 
     </span>
    </p>
   </div>
   <div class='ocr_carea' id='block_1_94' title="bbox 2035 3792 3609 3863">
    <p class='ocr_par' dir='ltr' id='par_1_94' title="bbox 2035 3792 3609 3863">
     <span class='ocr_line' id='line_1_94' title="bbox 2035 3792 3609 3863; baseline 0.002 -19"><span class='ocrx_word' id='word_1_771' title='bbox 2035 3812 2053 3844; x_wconf 75' lang='grc' dir='ltr'><strong>ι</strong></span> <span class='ocrx_word' id='word_1_772' title='bbox 2094 3792 2221 3849; x_wconf 81' lang='lat' dir='ltr'><strong>llaec</strong></span> <span class='ocrx_word' id='word_1_773' title='bbox 2241 3801 2325 3849; x_wconf 93' lang='lat' dir='ltr'><strong>est</strong></span> <span class='ocrx_word' id='word_1_774' title='bbox 2355 3805 2538 3848; x_wconf 87' lang='lat' dir='ltr'><strong>autem</strong></span> <span class='ocrx_word' id='word_1_775' title='bbox 2565 3793 2678 3849; x_wconf 84' lang='lat' dir='ltr'><strong>vita</strong></span> <span class='ocrx_word' id='word_1_776' title='bbox 2709 3802 2933 3859; x_wconf 70' lang='lat' dir='ltr'><strong>aeterna,</strong></span> <span class='ocrx_word' id='word_1_777' title='bbox 2973 3801 3034 3847; x_wconf 89' lang='lat' dir='ltr'><strong>ut</strong></span> <span class='ocrx_word' id='word_1_778' title='bbox 3062 3800 3393 3863; x_wconf 82' lang='lat' dir='ltr'><strong>cognoscant</strong></span> <span class='ocrx_word' id='word_1_779' title='bbox 3436 3801 3491 3847; x_wconf 84' lang='lat' dir='ltr'><strong>te</strong></span> <span class='ocrx_word' id='word_1_780' title='bbox 3517 3807 3609 3847; x_wconf 90' lang='lat' dir='ltr'><strong>so—</strong></span> 
     </span>
    </p>
   </div>
   <div class='ocr_carea' id='block_1_95' title="bbox 2027 3881 3607 3956">
    <p class='ocr_par' dir='ltr' id='par_1_95' title="bbox 2027 3881 3607 3956">
     <span class='ocr_line' id='line_1_95' title="bbox 2027 3881 3607 3956; baseline -0.001 -17"><span class='ocrx_word' id='word_1_781' title='bbox 2027 3885 2143 3940; x_wconf 91' lang='lat' dir='ltr'><strong>lum</strong></span> <span class='ocrx_word' id='word_1_782' title='bbox 2187 3901 2379 3940; x_wconf 89' lang='lat' dir='ltr'><strong>verum</strong></span> <span class='ocrx_word' id='word_1_783' title='bbox 2421 3886 2618 3952; x_wconf 89' lang='lat' dir='ltr'><strong>Deum,</strong></span> <span class='ocrx_word' id='word_1_784' title='bbox 2654 3894 2709 3941; x_wconf 83' lang='lat' dir='ltr'><strong>et</strong></span> <span class='ocrx_word' id='word_1_785' title='bbox 2754 3900 2918 3956; x_wconf 88' lang='lat' dir='ltr'><strong>quem</strong></span> <span class='ocrx_word' id='word_1_786' title='bbox 2963 3884 3183 3949; x_wconf 85' lang='lat' dir='ltr'><strong>misisti,</strong></span> <span class='ocrx_word' id='word_1_787' title='bbox 3223 3883 3410 3939; x_wconf 85' lang='lat' dir='ltr'><strong>Jesum</strong></span> <span class='ocrx_word' id='word_1_788' title='bbox 3444 3881 3607 3939; x_wconf 83' lang='lat' dir='ltr'><strong>Chri-</strong></span> 
     </span>
    </p>
   </div>
   <div class='ocr_carea' id='block_1_96' title="bbox 2024 3973 3607 4048">
    <p class='ocr_par' dir='ltr' id='par_1_96' title="bbox 2024 3973 3607 4048">
     <span class='ocr_line' id='line_1_96' title="bbox 2024 3973 3607 4048; baseline 0 -18"><span class='ocrx_word' id='word_1_789' title='bbox 2024 3984 2170 4031; x_wconf 91' lang='lat' dir='ltr'><strong>stum</strong></span> <span class='ocrx_word' id='word_1_790' title='bbox 2195 3977 2286 4030; x_wconf 82' lang='lat'><strong>“&#39;.</strong></span> <span class='ocrx_word' id='word_1_791' title='bbox 2318 3995 2335 4027; x_wconf 80' lang='grc' dir='ltr'><strong>ι</strong></span> <span class='ocrx_word' id='word_1_792' title='bbox 2366 3976 2558 4048; x_wconf 66' lang='lat' dir='ltr'><strong>igitur,</strong></span> <span class='ocrx_word' id='word_1_793' title='bbox 2583 3976 2675 4048; x_wconf 91' lang='lat' dir='ltr'><strong>qui</strong></span> <span class='ocrx_word' id='word_1_794' title='bbox 2701 3985 2890 4033; x_wconf 89' lang='lat' dir='ltr'><strong>vetera</strong></span> <span class='ocrx_word' id='word_1_795' title='bbox 2915 3977 3116 4047; x_wconf 88' lang='lat' dir='ltr'><strong>scripta</strong></span> <span class='ocrx_word' id='word_1_796' title='bbox 3139 3973 3291 4046; x_wconf 88' lang='lat' dir='ltr'><strong>legit,</strong></span> <span class='ocrx_word' id='word_1_797' title='bbox 3329 3980 3386 4029; x_wconf 94' lang='lat' dir='ltr'><strong>et</strong></span> <span class='ocrx_word' id='word_1_798' title='bbox 3406 3973 3607 4030; x_wconf 72' lang='lat' dir='ltr'><strong>divinae</strong></span> 
     </span>
    </p>
   </div>
   <div class='ocr_carea' id='block_1_97' title="bbox 2024 4066 3608 4140">
    <p class='ocr_par' dir='ltr' id='par_1_97' title="bbox 2024 4066 3608 4140">
     <span class='ocr_line' id='line_1_97' title="bbox 2024 4066 3608 4140; baseline -0.003 -16"><span class='ocrx_word' id='word_1_799' title='bbox 2024 4067 2323 4140; x_wconf 68' lang='lat' dir='ltr'><strong>Scriptura:</strong></span> <span class='ocrx_word' id='word_1_800' title='bbox 2357 4070 2519 4125; x_wconf 89' lang='lat' dir='ltr'><strong>verba</strong></span> <span class='ocrx_word' id='word_1_801' title='bbox 2550 4085 2660 4125; x_wconf 90' lang='lat' dir='ltr'><strong>non</strong></span> <span class='ocrx_word' id='word_1_802' title='bbox 2683 4070 2800 4126; x_wconf 88' lang='lat' dir='ltr'><strong>sine</strong></span> <span class='ocrx_word' id='word_1_803' title='bbox 2822 4068 3012 4124; x_wconf 87' lang='lat' dir='ltr'><strong>labore</strong></span> <span class='ocrx_word' id='word_1_804' title='bbox 3050 4066 3407 4139; x_wconf 88' lang='lat' dir='ltr'><strong>pervestigat,</strong></span> <span class='ocrx_word' id='word_1_805' title='bbox 3432 4075 3489 4121; x_wconf 90' lang='lat' dir='ltr'><strong>et</strong></span> <span class='ocrx_word' id='word_1_806' title='bbox 3511 4080 3608 4120; x_wconf 91' lang='lat' dir='ltr'><strong>ac-</strong></span> 
     </span>
    </p>
   </div>
   <div class='ocr_carea' id='block_1_98' title="bbox 2023 4156 3606 4230">
    <p class='ocr_par' dir='ltr' id='par_1_98' title="bbox 2023 4156 3606 4230">
     <span class='ocr_line' id='line_1_98' title="bbox 2023 4156 3606 4230; baseline -0.001 -16"><span class='ocrx_word' id='word_1_807' title='bbox 2023 4168 2270 4215; x_wconf 89' lang='lat' dir='ltr'><strong>curatam</strong></span> <span class='ocrx_word' id='word_1_808' title='bbox 2323 4162 2809 4230; x_wconf 87' lang='lat' dir='ltr'><strong>incorruptamque</strong></span> <span class='ocrx_word' id='word_1_809' title='bbox 2849 4159 3217 4229; x_wconf 90' lang='lat' dir='ltr'><strong>cognitionem</strong></span> <span class='ocrx_word' id='word_1_810' title='bbox 3254 4156 3518 4225; x_wconf 81' lang='lat' dir='ltr'><strong>exquirit,</strong></span> <span class='ocrx_word' id='word_1_811' title='bbox 3556 4156 3606 4212; x_wconf 85' lang='lat' dir='ltr'><strong>is</strong></span> 
     </span>
    </p>
   </div>
   <div class='ocr_carea' id='block_1_99' title="bbox 2021 4246 3604 4320">
    <p class='ocr_par' dir='ltr' id='par_1_99' title="bbox 2021 4246 3604 4320">
     <span class='ocr_line' id='line_1_99' title="bbox 2021 4246 3604 4320; baseline -0.003 -15"><span class='ocrx_word' id='word_1_812' title='bbox 2021 4260 2105 4305; x_wconf 90' lang='lat' dir='ltr'><strong>est</strong></span> <span class='ocrx_word' id='word_1_813' title='bbox 2134 4250 2364 4306; x_wconf 80' lang='lat' dir='ltr'><strong>fodienti</strong></span> <span class='ocrx_word' id='word_1_814' title='bbox 2387 4250 2566 4305; x_wconf 89' lang='lat' dir='ltr'><strong>lacum</strong></span> <span class='ocrx_word' id='word_1_815' title='bbox 2593 4263 2857 4320; x_wconf 87' lang='lat' dir='ltr'><strong>perquam</strong></span> <span class='ocrx_word' id='word_1_816' title='bbox 2884 4248 3099 4312; x_wconf 88' lang='lat' dir='ltr'><strong>similis,</strong></span> <span class='ocrx_word' id='word_1_817' title='bbox 3134 4260 3329 4317; x_wconf 87' lang='lat' dir='ltr'><strong>aquam</strong></span> <span class='ocrx_word' id='word_1_818' title='bbox 3351 4246 3500 4300; x_wconf 90' lang='lat' dir='ltr'><strong>enim</strong></span> <span class='ocrx_word' id='word_1_819' title='bbox 3521 4247 3604 4300; x_wconf 85' lang='lat' dir='ltr'><strong>vi-</strong></span> 
     </span>
    </p>
   </div>
   <div class='ocr_carea' id='block_1_100' title="bbox 2022 4338 3602 4411">
    <p class='ocr_par' dir='ltr' id='par_1_100' title="bbox 2022 4338 3602 4411">
     <span class='ocr_line' id='line_1_100' title="bbox 2022 4338 3602 4411; baseline 0.001 -18"><span class='ocrx_word' id='word_1_820' title='bbox 2022 4341 2186 4397; x_wconf 88' lang='lat' dir='ltr'><strong>talem</strong></span> <span class='ocrx_word' id='word_1_821' title='bbox 2230 4342 2446 4411; x_wconf 71' lang='lat' dir='ltr'><strong>quaerit,</strong></span> <span class='ocrx_word' id='word_1_822' title='bbox 2474 4349 2530 4397; x_wconf 94' lang='lat' dir='ltr'><strong>et</strong></span> <span class='ocrx_word' id='word_1_823' title='bbox 2558 4340 2764 4395; x_wconf 82' lang='lat' dir='ltr'><strong>fontem</strong></span> <span class='ocrx_word' id='word_1_824' title='bbox 2806 4338 3192 4403; x_wconf 67' lang='lat' dir='ltr'><strong>laetiﬁcantem,</strong></span> <span class='ocrx_word' id='word_1_825' title='bbox 3219 4344 3276 4392; x_wconf 90' lang='lat' dir='ltr'><strong>et</strong></span> <span class='ocrx_word' id='word_1_826' title='bbox 3302 4344 3602 4394; x_wconf 88' lang='lat' dir='ltr'><strong>torrentem</strong></span> 
     </span>
    </p>
   </div>
   <div class='ocr_carea' id='block_1_101' title="bbox 2012 4427 3597 4502">
    <p class='ocr_par' dir='ltr' id='par_1_101' title="bbox 2012 4427 3597 4502">
     <span class='ocr_line' id='line_1_101' title="bbox 2012 4427 3597 4502; baseline -0.002 -16"><span class='ocrx_word' id='word_1_827' title='bbox 2012 4431 2309 4502; x_wconf 81' lang='lat' dir='ltr'><strong>voluptatis</strong></span> <span class='ocrx_word' id='word_1_828' title='bbox 2331 4431 2396 4463; x_wconf 82' lang='lat'><strong>&quot;&#39;</strong></span> <span class='ocrx_word' id='word_1_829' title='bbox 2421 4449 2435 4484; x_wconf 88' lang='lat'>:</span> <span class='ocrx_word' id='word_1_830' title='bbox 2461 4438 2535 4495; x_wconf 90' lang='lat' dir='ltr'><strong>at,</strong></span> <span class='ocrx_word' id='word_1_831' title='bbox 2566 4430 2660 4499; x_wconf 91' lang='lat' dir='ltr'><strong>qui</strong></span> <span class='ocrx_word' id='word_1_832' title='bbox 2696 4428 2765 4483; x_wconf 87' lang='lat' dir='ltr'><strong>ad</strong></span> <span class='ocrx_word' id='word_1_833' title='bbox 2797 4443 2918 4483; x_wconf 88' lang='lat' dir='ltr'><strong>eam</strong></span> <span class='ocrx_word' id='word_1_834' title='bbox 2945 4427 3294 4497; x_wconf 91' lang='lat' dir='ltr'><strong>prudentiam</strong></span> <span class='ocrx_word' id='word_1_835' title='bbox 3327 4428 3597 4497; x_wconf 86' lang='lat' dir='ltr'><strong>pervenit,</strong></span> 
     </span>
    </p>
   </div>
   <div class='ocr_carea' id='block_1_102' title="bbox 2018 4520 3598 4592">
    <p class='ocr_par' dir='ltr' id='par_1_102' title="bbox 2018 4520 3598 4592">
     <span class='ocr_line' id='line_1_102' title="bbox 2018 4520 3598 4592; baseline -0.001 -15"><span class='ocrx_word' id='word_1_836' title='bbox 2018 4531 2076 4577; x_wconf 90' lang='lat' dir='ltr'><strong>ut</strong></span> <span class='ocrx_word' id='word_1_837' title='bbox 2105 4523 2225 4577; x_wconf 83' lang='lat' dir='ltr'><strong>suis</strong></span> <span class='ocrx_word' id='word_1_838' title='bbox 2250 4522 2451 4577; x_wconf 84' lang='lat' dir='ltr'><strong>litteris</strong></span> <span class='ocrx_word' id='word_1_839' title='bbox 2475 4520 2739 4576; x_wconf 87' lang='lat' dir='ltr'><strong>mandare</strong></span> <span class='ocrx_word' id='word_1_840' title='bbox 2767 4528 2934 4591; x_wconf 87' lang='lat' dir='ltr'><strong>queat</strong></span> <span class='ocrx_word' id='word_1_841' title='bbox 2971 4521 3093 4592; x_wconf 90' lang='lat' dir='ltr'><strong>ejus</strong></span> <span class='ocrx_word' id='word_1_842' title='bbox 3134 4521 3382 4591; x_wconf 84' lang='lat' dir='ltr'><strong>mysterii</strong></span> <span class='ocrx_word' id='word_1_843' title='bbox 3406 4520 3598 4592; x_wconf 90' lang='lat' dir='ltr'><strong>dispu-</strong></span> 
     </span>
    </p>
   </div>
   <div class='ocr_carea' id='block_1_103' title="bbox 2014 4610 3592 4682">
    <p class='ocr_par' dir='ltr' id='par_1_103' title="bbox 2014 4610 3592 4682">
     <span class='ocr_line' id='line_1_103' title="bbox 2014 4610 3592 4682; baseline 0.001 -16"><span class='ocrx_word' id='word_1_844' title='bbox 2014 4613 2297 4678; x_wconf 86' lang='lat' dir='ltr'><strong>tationem,</strong></span> <span class='ocrx_word' id='word_1_845' title='bbox 2332 4612 2379 4666; x_wconf 91' lang='lat' dir='ltr'><strong>is</strong></span> <span class='ocrx_word' id='word_1_846' title='bbox 2407 4611 2588 4667; x_wconf 90' lang='lat' dir='ltr'><strong>lacum</strong></span> <span class='ocrx_word' id='word_1_847' title='bbox 2612 4612 2825 4682; x_wconf 90' lang='lat' dir='ltr'><strong>aperit;</strong></span> <span class='ocrx_word' id='word_1_848' title='bbox 2850 4610 2979 4667; x_wconf 91' lang='lat' dir='ltr'><strong>novi</strong></span> <span class='ocrx_word' id='word_1_849' title='bbox 3005 4610 3153 4666; x_wconf 91' lang='lat' dir='ltr'><strong>enim</strong></span> <span class='ocrx_word' id='word_1_850' title='bbox 3176 4612 3429 4667; x_wconf 89' lang='lat' dir='ltr'><strong>nonnihil</strong></span> <span class='ocrx_word' id='word_1_851' title='bbox 3456 4612 3592 4678; x_wconf 90' lang='lat' dir='ltr'><strong>edit,</strong></span> 
     </span>
    </p>
   </div>
   <div class='ocr_carea' id='block_1_104' title="bbox 2010 4700 3595 4773">
    <p class='ocr_par' dir='ltr' id='par_1_104' title="bbox 2010 4700 3595 4773">
     <span class='ocr_line' id='line_1_104' title="bbox 2010 4700 3595 4773; baseline 0.003 -18"><span class='ocrx_word' id='word_1_852' title='bbox 2010 4717 2121 4757; x_wconf 90' lang='lat' dir='ltr'><strong>non</strong></span> <span class='ocrx_word' id='word_1_853' title='bbox 2160 4702 2219 4756; x_wconf 93' lang='lat' dir='ltr'><strong>in</strong></span> <span class='ocrx_word' id='word_1_854' title='bbox 2257 4702 2489 4757; x_wconf 87' lang='lat' dir='ltr'><strong>aliorum</strong></span> <span class='ocrx_word' id='word_1_855' title='bbox 2523 4701 2821 4758; x_wconf 88' lang='lat' dir='ltr'><strong>sudoribus</strong></span> <span class='ocrx_word' id='word_1_856' title='bbox 2866 4700 3289 4773; x_wconf 67' lang='lat' dir='ltr'><strong>superaediﬁcat,</strong></span> <span class='ocrx_word' id='word_1_857' title='bbox 3339 4702 3436 4758; x_wconf 89' lang='lat' dir='ltr'><strong>sed</strong></span> <span class='ocrx_word' id='word_1_858' title='bbox 3480 4704 3595 4760; x_wconf 90' lang='lat' dir='ltr'><strong>suis</strong></span> 
     </span>
    </p>
   </div>
   <div class='ocr_carea' id='block_1_105' title="bbox 2011 4792 3592 4865">
    <p class='ocr_par' dir='ltr' id='par_1_105' title="bbox 2011 4792 3592 4865">
     <span class='ocr_line' id='line_1_105' title="bbox 2011 4792 3592 4865; baseline 0.003 -19"><span class='ocrx_word' id='word_1_859' title='bbox 2011 4792 2126 4862; x_wconf 91' lang='lat' dir='ltr'><strong>ipse</strong></span> <span class='ocrx_word' id='word_1_860' title='bbox 2149 4792 2451 4859; x_wconf 88' lang='lat' dir='ltr'><strong>laboribus,</strong></span> <span class='ocrx_word' id='word_1_861' title='bbox 2482 4800 2539 4848; x_wconf 90' lang='lat' dir='ltr'><strong>et</strong></span> <span class='ocrx_word' id='word_1_862' title='bbox 2561 4808 2618 4848; x_wconf 90' lang='lat' dir='ltr'><strong>se</strong></span> <span class='ocrx_word' id='word_1_863' title='bbox 2642 4800 2698 4848; x_wconf 92' lang='lat' dir='ltr'><strong>et</strong></span> <span class='ocrx_word' id='word_1_864' title='bbox 2722 4800 2949 4849; x_wconf 66' lang='lat' dir='ltr'><strong>caeteros</strong></span> <span class='ocrx_word' id='word_1_865' title='bbox 2965 4794 3140 4865; x_wconf 87' lang='lat' dir='ltr'><strong>juvat.</strong></span> <span class='ocrx_word' id='word_1_866' title='bbox 3166 4793 3403 4850; x_wconf 89' lang='lat' dir='ltr'><strong>Fodiunt</strong></span> <span class='ocrx_word' id='word_1_867' title='bbox 3426 4796 3592 4852; x_wconf 85' lang='lat' dir='ltr'><strong>etiam</strong></span> 
     </span>
    </p>
   </div>
   <div class='ocr_carea' id='block_1_106' title="bbox 2012 4882 3593 4959">
    <p class='ocr_par' dir='ltr' id='par_1_106' title="bbox 2012 4882 3593 4959">
     <span class='ocr_line' id='line_1_106' title="bbox 2012 4882 3593 4959; baseline 0.005 -22"><span class='ocrx_word' id='word_1_868' title='bbox 2012 4882 2164 4938; x_wconf 88' lang='lat' dir='ltr'><strong>lacus</strong></span> <span class='ocrx_word' id='word_1_869' title='bbox 2186 4884 2470 4949; x_wconf 80' lang='lat' dir='ltr'><strong>contritas,</strong></span> <span class='ocrx_word' id='word_1_870' title='bbox 2490 4885 2646 4955; x_wconf 87' lang='lat' dir='ltr'><strong>juxta</strong></span> <span class='ocrx_word' id='word_1_871' title='bbox 2682 4884 2967 4955; x_wconf 70' lang='lat' dir='ltr'><strong>prophetae</strong></span> <span class='ocrx_word' id='word_1_872' title='bbox 2992 4900 3204 4952; x_wconf 87' lang='lat' dir='ltr'><strong>vocem,</strong></span> <span class='ocrx_word' id='word_1_873' title='bbox 3231 4885 3350 4943; x_wconf 78' lang='lat' dir='ltr'><strong>falsi</strong></span> <span class='ocrx_word' id='word_1_874' title='bbox 3374 4903 3593 4959; x_wconf 90' lang='lat' dir='ltr'><strong>quoque</strong></span> 
     </span>
    </p>
   </div>
   <div class='ocr_carea' id='block_1_107' title="bbox 2010 4974 3593 5047">
    <p class='ocr_par' dir='ltr' id='par_1_107' title="bbox 2010 4974 3593 5047">
     <span class='ocr_line' id='line_1_107' title="bbox 2010 4974 3593 5047; baseline 0.003 -20"><span class='ocrx_word' id='word_1_875' title='bbox 2010 4974 2249 5030; x_wconf 89' lang='lat' dir='ltr'><strong>nominis</strong></span> <span class='ocrx_word' id='word_1_876' title='bbox 2273 4975 2516 5031; x_wconf 63' lang='lat' dir='ltr'><strong>scientia:</strong></span> <span class='ocrx_word' id='word_1_877' title='bbox 2543 4982 2846 5043; x_wconf 87' lang='lat' dir='ltr'><strong>amatores;</strong></span> <span class='ocrx_word' id='word_1_878' title='bbox 2876 4976 3126 5047; x_wconf 89' lang='lat' dir='ltr'><strong>quisquis</strong></span> <span class='ocrx_word' id='word_1_879' title='bbox 3158 4976 3325 5047; x_wconf 87' lang='lat' dir='ltr'><strong>igitur</strong></span> <span class='ocrx_word' id='word_1_880' title='bbox 3350 4977 3490 5032; x_wconf 82' lang='lat' dir='ltr'><strong>fodit</strong></span> <span class='ocrx_word' id='word_1_881' title='bbox 3516 4978 3593 5033; x_wconf 82' lang='lat' dir='ltr'><strong>la-</strong></span> 
     </span>
    </p>
   </div>
   <div class='ocr_carea' id='block_1_108' title="bbox 2008 5065 3588 5136">
    <p class='ocr_par' dir='ltr' id='par_1_108' title="bbox 2008 5065 3588 5136">
     <span class='ocr_line' id='line_1_108' title="bbox 2008 5065 3588 5136; baseline 0.001 -17"><span class='ocrx_word' id='word_1_882' title='bbox 2008 5079 2154 5130; x_wconf 90' lang='lat' dir='ltr'><strong>cum,</strong></span> <span class='ocrx_word' id='word_1_883' title='bbox 2183 5074 2391 5127; x_wconf 82' lang='lat' dir='ltr'><strong>caveat,</strong></span> <span class='ocrx_word' id='word_1_884' title='bbox 2431 5065 2629 5135; x_wconf 89' lang='lat' dir='ltr'><strong>inquit,</strong></span> <span class='ocrx_word' id='word_1_885' title='bbox 2672 5080 2764 5131; x_wconf 91' lang='lat' dir='ltr'><strong>ne,</strong></span> <span class='ocrx_word' id='word_1_886' title='bbox 2814 5065 2960 5136; x_wconf 91' lang='lat' dir='ltr'><strong>quod</strong></span> <span class='ocrx_word' id='word_1_887' title='bbox 2989 5065 3160 5135; x_wconf 93' lang='lat' dir='ltr'><strong>probe</strong></span> <span class='ocrx_word' id='word_1_888' title='bbox 3187 5065 3441 5119; x_wconf 82' lang='lat' dir='ltr'><strong>eﬂ&#39;ectum</strong></span> <span class='ocrx_word' id='word_1_889' title='bbox 3468 5081 3588 5120; x_wconf 84' lang='lat' dir='ltr'><strong>esse</strong></span> 
     </span>
    </p>
   </div>
   <div class='ocr_carea' id='block_1_109' title="bbox 2006 5155 3581 5233">
    <p class='ocr_par' dir='ltr' id='par_1_109' title="bbox 2006 5155 3581 5233">
     <span class='ocr_line' id='line_1_109' title="bbox 2006 5155 3581 5233; baseline 0 -24"><span class='ocrx_word' id='word_1_890' title='bbox 2006 5155 2245 5221; x_wconf 90' lang='lat' dir='ltr'><strong>videtur,</strong></span> <span class='ocrx_word' id='word_1_891' title='bbox 2294 5157 2478 5227; x_wconf 87' lang='lat' dir='ltr'><strong>aliquo</strong></span> <span class='ocrx_word' id='word_1_892' title='bbox 2513 5157 2675 5212; x_wconf 92' lang='lat' dir='ltr'><strong>modo</strong></span> <span class='ocrx_word' id='word_1_893' title='bbox 2704 5157 3003 5227; x_wconf 88' lang='lat' dir='ltr'><strong>perniciem</strong></span> <span class='ocrx_word' id='word_1_894' title='bbox 3030 5156 3310 5233; x_wconf 87' lang='lat' dir='ltr'><strong>nonnullis</strong></span> <span class='ocrx_word' id='word_1_895' title='bbox 3342 5156 3535 5210; x_wconf 80' lang='lat' dir='ltr'><strong>afferat</strong></span> <span class='ocrx_word' id='word_1_896' title='bbox 3570 5175 3581 5209; x_wconf 93' lang='lat'>:</span> 
     </span>
    </p>
   </div>
   <div class='ocr_carea' id='block_1_110' title="bbox 2005 5245 3583 5317">
    <p class='ocr_par' dir='ltr' id='par_1_110' title="bbox 2005 5245 3583 5317">
     <span class='ocr_line' id='line_1_110' title="bbox 2005 5245 3583 5317; baseline -0.002 -14"><span class='ocrx_word' id='word_1_897' title='bbox 2005 5247 2271 5304; x_wconf 89' lang='lat' dir='ltr'><strong>debemus</strong></span> <span class='ocrx_word' id='word_1_898' title='bbox 2301 5249 2447 5304; x_wconf 87' lang='lat' dir='ltr'><strong>enim</strong></span> <span class='ocrx_word' id='word_1_899' title='bbox 2474 5257 2624 5304; x_wconf 90' lang='lat' dir='ltr'><strong>recte</strong></span> <span class='ocrx_word' id='word_1_900' title='bbox 2660 5256 2715 5303; x_wconf 90' lang='lat' dir='ltr'><strong>et</strong></span> <span class='ocrx_word' id='word_1_901' title='bbox 2738 5248 3028 5317; x_wconf 87' lang='lat' dir='ltr'><strong>diligenter</strong></span> <span class='ocrx_word' id='word_1_902' title='bbox 3051 5246 3118 5301; x_wconf 92' lang='lat' dir='ltr'><strong>de</strong></span> <span class='ocrx_word' id='word_1_903' title='bbox 3147 5246 3260 5301; x_wconf 84' lang='lat' dir='ltr'><strong>Deo</strong></span> <span class='ocrx_word' id='word_1_904' title='bbox 3300 5245 3466 5300; x_wconf 86' lang='lat' dir='ltr'><strong>verba</strong></span> <span class='ocrx_word' id='word_1_905' title='bbox 3500 5246 3583 5300; x_wconf 51' lang='lat' dir='ltr'><strong>fas</strong></span> 
     </span>
    </p>
   </div>
   <div class='ocr_carea' id='block_1_111' title="bbox 2003 5336 3707 5406">
    <p class='ocr_par' dir='ltr' id='par_1_111' title="bbox 2003 5336 3707 5406">
     <span class='ocr_line' id='line_1_111' title="bbox 2003 5336 3707 5406; baseline -0.001 -13"><span class='ocrx_word' id='word_1_906' title='bbox 2003 5346 2158 5405; x_wconf 85' lang='lat' dir='ltr'><strong>cere,</strong></span> <span class='ocrx_word' id='word_1_907' title='bbox 2205 5340 2300 5404; x_wconf 88' lang='lat' dir='ltr'><strong>ita,</strong></span> <span class='ocrx_word' id='word_1_908' title='bbox 2341 5350 2401 5394; x_wconf 92' lang='lat' dir='ltr'><strong>ut</strong></span> <span class='ocrx_word' id='word_1_909' title='bbox 2440 5340 2647 5396; x_wconf 89' lang='lat' dir='ltr'><strong>nemini</strong></span> <span class='ocrx_word' id='word_1_910' title='bbox 2675 5339 3018 5393; x_wconf 88' lang='lat' dir='ltr'><strong>occasionem</strong></span> <span class='ocrx_word' id='word_1_911' title='bbox 3062 5336 3302 5391; x_wconf 85' lang='lat' dir='ltr'><strong>scandali</strong></span> <span class='ocrx_word' id='word_1_912' title='bbox 3337 5336 3581 5406; x_wconf 60' lang='lat' dir='ltr'><strong>praebea-</strong></span> <span class='ocrx_word' id='word_1_913' title='bbox 3696 5361 3707 5367; x_wconf 94' lang='lat'><strong><em>-</em></strong></span> 
     </span>
    </p>
   </div>
   <div class='ocr_carea' id='block_1_112' title="bbox 2004 5425 3578 5499">
    <p class='ocr_par' dir='ltr' id='par_1_112' title="bbox 2004 5425 3578 5499">
     <span class='ocr_line' id='line_1_112' title="bbox 2004 5425 3578 5499; baseline 0 -18"><span class='ocrx_word' id='word_1_914' title='bbox 2004 5443 2125 5483; x_wconf 90' lang='lat' dir='ltr'><strong>mus</strong></span> <span class='ocrx_word' id='word_1_915' title='bbox 2151 5447 2161 5481; x_wconf 95' lang='lat'>:</span> <span class='ocrx_word' id='word_1_916' title='bbox 2192 5427 2355 5499; x_wconf 82' lang='lat'><strong>250</strong></span> <span class='ocrx_word' id='word_1_917' title='bbox 2376 5430 2539 5498; x_wconf 87' lang='lat' dir='ltr'><strong>idque</strong></span> <span class='ocrx_word' id='word_1_918' title='bbox 2560 5436 2662 5492; x_wconf 89' lang='lat' dir='ltr'><strong>est,</strong></span> <span class='ocrx_word' id='word_1_919' title='bbox 2689 5426 2905 5494; x_wconf 84' lang='lat' dir='ltr'><strong>opinor,</strong></span> <span class='ocrx_word' id='word_1_920' title='bbox 2931 5425 3578 5496; x_wconf 87' lang='lat' dir='ltr'><strong>operculumimpositum</strong></span> 
     </span>
    </p>
   </div>
   <div class='ocr_carea' id='block_1_113' title="bbox 2002 5517 3575 5587">
    <p class='ocr_par' dir='ltr' id='par_1_113' title="bbox 2002 5517 3575 5587">
     <span class='ocr_line' id='line_1_113' title="bbox 2002 5517 3575 5587; baseline -0.001 -16"><span class='ocrx_word' id='word_1_921' title='bbox 2002 5533 2119 5573; x_wconf 86' lang='lat' dir='ltr'><strong>esse</strong></span> <span class='ocrx_word' id='word_1_922' title='bbox 2144 5519 2282 5572; x_wconf 91' lang='lat' dir='ltr'><strong>lacui</strong></span> <span class='ocrx_word' id='word_1_923' title='bbox 2313 5537 2324 5571; x_wconf 91' lang='lat'>:</span> <span class='ocrx_word' id='word_1_924' title='bbox 2352 5533 2545 5587; x_wconf 86' lang='lat' dir='ltr'><strong>nempe</strong></span> <span class='ocrx_word' id='word_1_925' title='bbox 2573 5530 2882 5570; x_wconf 87' lang='lat' dir='ltr'><strong>sermonem</strong></span> <span class='ocrx_word' id='word_1_926' title='bbox 2906 5532 3015 5570; x_wconf 92' lang='lat' dir='ltr'><strong>non</strong></span> <span class='ocrx_word' id='word_1_927' title='bbox 3047 5532 3168 5571; x_wconf 82' lang='lat' dir='ltr'><strong>esse</strong></span> <span class='ocrx_word' id='word_1_928' title='bbox 3196 5517 3421 5573; x_wconf 78' lang='lat' dir='ltr'><strong>cautela:</strong></span> <span class='ocrx_word' id='word_1_929' title='bbox 3443 5533 3575 5572; x_wconf 57' lang='lat' dir='ltr'><strong>con-</strong></span> 
     </span>
    </p>
   </div>
   <div class='ocr_carea' id='block_1_114' title="bbox 2003 5604 3578 5676">
    <p class='ocr_par' dir='ltr' id='par_1_114' title="bbox 2003 5604 3578 5676">
     <span class='ocr_line' id='line_1_114' title="bbox 2003 5604 3578 5676; baseline 0 -17"><span class='ocrx_word' id='word_1_930' title='bbox 2003 5608 2272 5661; x_wconf 85' lang='lat' dir='ltr'><strong>venientis</strong></span> <span class='ocrx_word' id='word_1_931' title='bbox 2296 5615 2594 5676; x_wconf 88' lang='lat' dir='ltr'><strong>expertem.</strong></span> <span class='ocrx_word' id='word_1_932' title='bbox 2621 5604 2753 5658; x_wconf 84' lang='lat' dir='ltr'><strong>Nam</strong></span> <span class='ocrx_word' id='word_1_933' title='bbox 2776 5604 2819 5658; x_wconf 89' lang='lat' dir='ltr'><strong>si</strong></span> <span class='ocrx_word' id='word_1_934' title='bbox 2847 5604 2965 5667; x_wconf 85' lang='lat' dir='ltr'><strong>bos,</strong></span> <span class='ocrx_word' id='word_1_935' title='bbox 2992 5606 3086 5669; x_wconf 86' lang='lat' dir='ltr'><strong>ait,</strong></span> <span class='ocrx_word' id='word_1_936' title='bbox 3115 5617 3208 5661; x_wconf 88' lang='lat' dir='ltr'><strong>aut</strong></span> <span class='ocrx_word' id='word_1_937' title='bbox 3229 5608 3415 5661; x_wconf 85' lang='lat' dir='ltr'><strong>asinus</strong></span> <span class='ocrx_word' id='word_1_938' title='bbox 3437 5607 3578 5661; x_wconf 83' lang='lat' dir='ltr'><strong>ceci-</strong></span> 
     </span>
    </p>
   </div>
   <div class='ocr_carea' id='block_1_115' title="bbox 2217 5724 3571 5790">
    <p class='ocr_par' dir='ltr' id='par_1_115' title="bbox 2217 5724 3571 5790">
     <span class='ocr_line' id='line_1_115' title="bbox 2217 5724 3571 5790; baseline -0.007 -8"><span class='ocrx_word' id='word_1_939' title='bbox 2217 5730 2282 5760; x_wconf 59' lang='grc' dir='ltr'>δν</span> <span class='ocrx_word' id='word_1_940' title='bbox 2313 5730 2467 5783; x_wconf 84' lang='lat' dir='ltr'><strong>Joan.</strong></span> <span class='ocrx_word' id='word_1_941' title='bbox 2496 5744 2621 5785; x_wconf 80' lang='lat' dir='ltr'><strong>xm.</strong></span> <span class='ocrx_word' id='word_1_942' title='bbox 2661 5727 2713 5778; x_wconf 80' lang='grc'><strong>5.</strong></span> <span class='ocrx_word' id='word_1_943' title='bbox 2778 5726 2840 5757; x_wconf 82' lang='grc'><strong><em>⁵⁵⁸</em></strong></span> <span class='ocrx_word' id='word_1_944' title='bbox 2869 5726 3027 5780; x_wconf 79' lang='lat' dir='ltr'><strong>Joan.</strong></span> <span class='ocrx_word' id='word_1_945' title='bbox 3061 5742 3130 5790; x_wconf 81' lang='lat' dir='ltr'><strong>Iv,</strong></span> <span class='ocrx_word' id='word_1_946' title='bbox 3161 5725 3240 5786; x_wconf 79' lang='grc' dir='ltr'><strong>Η,</strong></span> <span class='ocrx_word' id='word_1_947' title='bbox 3286 5724 3422 5779; x_wconf 72' lang='grc' dir='ltr'>Ρειιί.</span> <span class='ocrx_word' id='word_1_948' title='bbox 3452 5735 3571 5785; x_wconf 65' lang='grc' dir='ltr'>ην,</span> 
     </span>
    </p>
   </div>
  </div>
