4138 6300
466 366 561 422 531
1509 365 1563 419 5.
1604 365 1880 422 ιῖῖιιιιιι
1911 367 2383 422 ΑιΕΧΑΝυιιιΝι
2422 368 2737 426 ARClIlEP.

3629 380 3736 434 ὅδὲ

466 486 632 548 derit,
659 483 752 552 qui
779 481 1050 536 laboravit
1085 481 1140 535 in
1170 481 1505 537 exstruendo
1527 482 1672 547 lacu,
1698 482 1815 552 ipse
1841 483 2047 553 persol-

2156 483 2306 546 λείας
2337 483 2413 554 μὴ
2443 484 2690 556 ἀμοιρεῖν
2720 484 2810 538 τὸν
2836 485 3010 554 λόγον.
3058 485 3186 540 Ἑάν
3228 485 3339 559 γὰρ
3377 489 3543 563 πέσῃ,
3576 494 3735 563 φησὶ,

464 584 584 641 vet;
611 576 805 630 bovem
829 589 958 628 vero
981 582 1038 629 et
1059 574 1274 629 asinum
1306 589 1417 630 non
1443 573 1768 644 simpliciter
1794 576 2048 645 appellat,

465 665 558 722 sed
585 665 768 721 abdita
789 664 999 721 ratione
1027 683 1038 720 :
1065 681 1130 720 ac
1167 665 1362 722 bovem
1388 665 1610 736 quidem
1634 665 1832 734 inquit,
1869 675 1930 720 ut
1964 667 2050 721 in-

465 757 676 828 telligas
701 773 919 813 sacrum
945 773 1008 814 ac
1043 774 1242 828 purum
1273 758 1557 814 hominum
1586 775 1791 830 genus;
1833 757 2050 813 asinum

463 861 616 910 vero,
651 854 714 900 ut
741 847 1032 916 profanum
1053 856 1111 903 et
1135 848 1443 918 impurum;
1470 864 1649 919 neque
1673 849 1822 904 enim
1857 850 1970 904 Deo
1994 849 2050 904 in

327 969 330 972 η
384 971 390 976 ~
464 934 796 989 sacrificium
824 935 1054 990 oilertur
1083 953 1096 988 :
1123 951 1340 991 sacrum
1369 953 1533 1008 porro
1557 953 1730 1010 genus
1753 953 1816 993 ac
1846 953 2050 1008 purum

463 1043 584 1082 esse
605 1027 840 1082 dicimus
861 1043 977 1093 eos,
997 1029 1092 1098 qui
1109 1030 1221 1099 jam
1242 1045 1341 1100 per
1364 1029 1524 1084 {idem
1549 1030 1868 1086 sanctiﬁcati
1891 1040 2048 1096 sunt;

465 1119 754 1187 profanum
777 1128 833 1176 et
858 1121 1137 1190 impurum
1163 1137 1278 1186 eos,
1307 1122 1401 1192 qui
1438 1122 1683 1178 nondum
1708 1132 1835 1178 sunt
1861 1132 2050 1179 sancto

465 1211 795 1282 baptismate
817 1213 1062 1284 purgati,
1086 1213 1182 1268 sed
1204 1215 1413 1284 peccati
1442 1215 1684 1270 maculas
1715 1215 1898 1270 adhuc
1919 1215 2048 1267 inu-

465 1311 576 1359 stas
601 1303 827 1360 habent.
850 1304 1084 1359 Perinde
1109 1305 1276 1374 igitur
1297 1314 1401 1371 est,
1427 1321 1491 1360 ac
1510 1306 1555 1360 si
1585 1305 1814 1371 diceret,
1839 1305 1897 1361 Si
1917 1304 2050 1376 quid

464 1393 729 1450 acciderit
749 1394 936 1448 damni
960 1393 1126 1448 alicui
1150 1410 1218 1448 ex
1242 1395 1330 1460 iis,
1355 1396 1448 1465 qui
1475 1397 1586 1467 jam
1614 1395 1873 1465 baptizati
1899 1402 2047 1460 sunt,

462 1494 519 1542 et
539 1501 638 1555 per
659 1486 889 1556 gratiam
911 1486 979 1541 ad
1001 1487 1444 1558 conjunctionem
1461 1502 1586 1542 cum
1609 1487 1721 1542 Deo
1751 1487 2050 1542 iucundam

463 1575 686 1646 signati,
735 1583 830 1631 aut
871 1592 939 1631 ex
985 1576 1052 1631 iis
1093 1584 1264 1642 certe,
1308 1578 1402 1648 qui
1439 1578 1684 1633 nondum
1721 1577 1858 1634 tales
1894 1587 2044 1644 sunt,

462 1667 583 1736 ejus
603 1667 845 1723 scandali
879 1678 1075 1725 auctor
1113 1671 1299 1726 multa:
1321 1670 1594 1725 obnoxius
1617 1671 1743 1737 erit,
1770 1679 1826 1725 et
1851 1670 1919 1725 ad
1962 1671 2049 1741 ip-

464 1772 585 1810 sum
615 1758 919 1827 pertinebit
944 1761 1196 1816 exanime
1242 1759 1496 1827 cadaver,
1545 1760 1601 1814 id
1642 1768 1746 1825 est,
1791 1761 1912 1832 ejus
1939 1761 2051 1816 erit

2157 572 2283 644 βοῦς
2317 574 2349 645 ἢ
2387 573 2538 639 ὄνος,
2585 576 2614 626 ὀ
2660 576 2985 647 πεπονηκὼς
3032 576 3304 631 ἀποτίσει.
3355 578 3494 632 Βοῦν
3537 581 3596 634 δὲ
3645 585 3743 637 καὶ

2151 668 2271 722 ὄνον
2298 667 2552 738 ὀνομάζει
2586 669 2748 722 πάλιν
2768 669 2866 739 οὐχ
2885 668 3094 734 ἀπλῶς,
3125 669 3241 722 ἀλλ’
3274 670 3351 735 ὡς
3381 673 3438 725 ἐν
3466 672 3609 745 λόγῳ
3637 674 3739 746 βα-

2153 760 2270 814 θεῖ’
2321 760 2414 814 καὶ
2473 759 2599 831 βοῦν
2651 759 2752 830 μέν
2799 778 2982 832 φησιν,
3029 762 3116 816 ἵνα
3149 763 3350 835 νοήσῃς
3391 763 3453 817 τὸ
3497 767 3640 837 ἱερόν
3676 783 3740 822 τε

2151 853 2245 907 καὶ
2271 852 2512 924 καθαρὸν
2538 853 2714 921 γένος·
2741 852 2861 907 ὖνον
2886 854 2960 919 δὲ,
2983 854 3068 908 ἵνα
3095 857 3282 926 συνῇς,
3307 855 3368 908 τδ
3395 857 3613 928 ἀνίερον
3640 860 3738 914 καὶ

2151 945 2460 1017 ἀκάθαρτον
2488 962 2504 978 ·
2531 947 2592 999 ού
2627 946 2737 1016 γὰρ
2771 947 3108 1018 προσάγεται
3140 947 3284 1000 κατά
3319 949 3484 1018 νόμον
3515 953 3596 1014 είς
3643 949 3740 1004 θυ-

2155 1037 2275 1089 σίαν
2295 1034 2414 1107 Θεῷ
2448 1036 2505 1089 τὸ
2535 1035 2845 1106 ἀκάθαρτον
2868 1053 2881 1068 ·
2929 1037 3068 1109 ἱερὸν
3105 1037 3163 1090 δὲ
3203 1037 3360 1103 γένος
3415 1040 3511 1093 καὶ
3565 1039 3743 1095 καθα-

2153 1126 2246 1198 ρὸν
2275 1121 2411 1180 εἷναί
2443 1144 2643 1198 φαμεν,
2677 1127 2804 1191 τοὺς
2834 1127 3207 1198 ἡγιασμένους
3249 1128 3351 1200 ἤδη
3388 1129 3478 1182 διὰ
3521 1133 3620 1202 τῆς
3651 1130 3743 1184 πί·-

2153 1234 2324 1284 στεως
2355 1235 2371 1247 ’
2399 1218 2612 1288 ἀνίερον
2635 1217 2690 1270 δὲ
2732 1217 2830 1272 καὶ
2858 1218 3192 1289 ἀκάθαρτον,
3228 1219 3357 1284 τοὺς
3383 1219 3538 1274 οῦπω
3573 1238 3744 1276 κεκα-

2153 1308 2462 1381 θαρμένους
2499 1309 2589 1364 διὰ
2624 1308 2716 1362 τοῦ
2773 1310 2930 1377 ἀγίου
2988 1309 3388 1381 βαπτίσματος,
3439 1311 3553 1364 ἀλλ’
3592 1313 3742 1366 ὲντε-

2152 1399 2424 1472 τηγμένον
2465 1400 2681 1470 ἔχοντες
2716 1399 2797 1454 ἔτι
2841 1400 2943 1472 τῆς
2989 1401 3266 1472 ἁμαρτίας
3306 1402 3398 1457 τὸν
3441 1402 3738 1473 μολυσμὸν.

2153 1493 2378 1563 Ὅμοιον
2423 1489 2518 1547 οὖν
2561 1493 2636 1556 ὼς
2690 1494 2737 1546 εί
2786 1492 2956 1562 λέγοι.
3002 1492 3074 1546 Εἴ
3100 1511 3156 1547 τι
3189 1493 3403 1563 γένοιτο
3447 1494 3664 1566 aueo"
3703 1495 3738 1566 ἦ

2153 1581 2282 1654 περί
2317 1599 2441 1635 τινα
2495 1581 2603 1635 τῶν
2639 1581 2740 1653 ἤδη
2789 1581 3241 1653 βεϐαπτισμένων
3282 1583 3379 1636 καὶ
3430 1600 3741 1654 κατεσφρα-

2152 1674 2428 1744 γισμένων
2471 1672 2560 1726 διά
2598 1671 2698 1742 τῆς
2738 1672 2960 1744 χάριτος
3026 1673 3108 1736 είς
3159 1674 3469 1744 οἰκειότητα
3514 1674 3612 1744 τὴν
3659 1673 3741 1737 ὡς

2154 1763 2291 1834 πρὸς
2322 1763 2476 1826 Θεὸν,
2511 1764 2679 1834 ἤγουν
2705 1763 2787 1827 εἷς
2825 1780 2945 1817 τινα
2982 1762 3146 1833 τυχὸν
3201 1763 3308 1816 τῶν
3356 1763 3510 1818 οὔπω
3556 1763 3736 1816 τοιού⁹

465 1863 616 1903 mors
646 1848 815 1913 illius,
839 1850 935 1919 qui
961 1851 1222 1914 damnum
1250 1861 1334 1907 est
1363 1867 1575 1923 passus.
1605 1853 1792 1922 Itaque
1816 1868 2047 1922 praemo-

2157 1871 2286 1918 των,
2322 1853 2548 1926 ὀφλήσει
2581 1854 2739 1926 δίκην
2779 1855 2806 1906 ὀ
2847 1853 2940 1907 τοῦ
2973 1854 3272 1908 σκανδάλου
3318 1854 3598 1925 πρόξενος,
3632 1854 3733 1908 καὶ

463 1944 558 1992 net
580 1952 682 1990 nos
712 1937 828 2008 ipsc
848 1953 1067 2009 quoque
1089 1939 1359 2005 Salvator,
1383 1940 1573 1995 dicens
1597 1959 1610 1993 :
1646 1960 1664 1992 ι
1693 1940 1797 2008 Qui
1820 1941 2048 1997 scanda-

463 2029 712 2085 lizaverit
750 2046 922 2084 unum
951 2045 1020 2085 ex
1042 2031 1258 2100 pusillis
1291 2032 1432 2096 istis,
1458 2033 1553 2102 qui
1587 2033 1645 2086 in
1673 2048 1760 2088 me
1790 2033 2044 2098 credunt,

461 2106 685 2191 expedit
732 2122 808 2187 ei,
855 2131 916 2177 ut
957 2122 1326 2192 suspendatur
1367 2124 1510 2178 mola
1553 2124 1791 2180 asinaria
1819 2125 1873 2179 in
1905 2125 2047 2180 collo

459 2212 599 2283 ejus,
623 2221 679 2266 et
709 2213 1059 2285 demergatur
1079 2213 1136 2268 in
1159 2213 1492 2284 profundum
1515 2214 1683 2270 maris
1706 2214 1793 2268 ⁸⁸⁸.
1825 2233 1843 2266 ι

2153 1943 2303 2014 αὐτῷ
2331 1947 2483 2014 μενεῖ
2515 1944 2578 1997 τὸ
2618 1943 2900 2015 τεθνηκὸς,
2949 1943 3248 2008 τουτέστιν,
3283 1944 3446 1997 αὐτοῦ
3503 1944 3728 2014 γενήσε-

2154 2053 2244 2088 ται
2282 2035 2376 2088 τοῦ
2413 2034 2678 2098 παθόντος
2718 2037 2746 2088 ὁ
2776 2033 3023 2099 θάνατος.
3071 2033 3453 2104 Ἀσφαλίζεταί
3497 2051 3562 2102 γε
3599 2033 3730 2101 γοῦν

2156 2125 2252 2178 καὶ
2285 2122 2446 2188 αὐτὸς
2472 2123 2500 2176 ὀ
2527 2123 2717 2194 Σωτὴρ
2745 2124 2893 2194 ἡμᾶς
2924 2123 3098 2190 λέγων
3117 2140 3130 2152 ·
3169 2142 3186 2173 ι
3225 2124 3321 2186 Ὃς
3368 2121 3468 2176 ὲάν
3507 2122 3737 2176 σκανδα-

2155 2214 2282 2288 λίσῃ
2312 2216 2408 2269 ἕνα
2441 2213 2550 2267 τῶν
2583 2213 2794 2286 μικρῶν
2841 2213 3045 2268 τούτων
3090 2212 3201 2267 τῶν
3229 2213 3619 2269 ,πιστευόντων
3655 2213 3735 2274 εἰς

460 2306 585 2379 ἐμὲ,
634 2309 904 2380 συμφέρει
950 2307 1121 2378 αὐτῷ,
1164 2309 1252 2362 ἵνα
1304 2308 1592 2380 κρεμασθῇ
1647 2309 1813 2381 μύλος
1861 2309 2040 2375 ὀνικὸς
2115 2311 2245 2382 περὶ
2280 2309 2372 2364 τὸν
2411 2309 2682 2382 τράχηλον
2725 2308 2891 2364 αὑτοῦ
2958 2309 3054 2363 καὶ
3107 2310 3512 2383 καταποντισθῇ
3567 2311 3626 2366 ὲν
3663 2311 3744 2382 τῷ

434 2401 686 2470 ,πελάγει
707 2403 806 2473 τῆς
832 2401 1130 2472 θαλάσσης.
1154 2421 1176 2454 ›

526 2491 726 2549 PALL.
753 2493 920 2548 Recte
947 2492 1108 2548 dicis.

527 2585 684 2642 CVR.
713 2586 893 2641 Facile
916 2593 1100 2640 autem
1123 2584 1354 2651 videbis,
1384 2586 1506 2642 aliis
1541 2587 1708 2641 etiam
1737 2585 1929 2657 ﬁguris
1958 2585 2046 2640 in-

458 2676 643 2732 dicare
669 2677 868 2746 legem,
894 2691 1059 2744 quam
1087 2675 1458 2745 periculosum
1483 2676 1553 2730 sit
1575 2691 1827 2746 peccare,
1858 2684 1915 2730 et
1939 2676 2048 2729 hoc

460 2769 517 2822 in
540 2768 740 2822 fratres
763 2784 780 2821 :
802 2783 927 2822 nam
953 2767 1010 2821 in
1032 2783 1120 2832 eo,
1147 2767 1295 2837 quod
1317 2768 1658 2837 percutimus
1681 2782 1874 2822 eorum
1897 2765 2049 2821 inﬁr-

460 2873 606 2912 mam
629 2856 1046 2922 conscientiam,
1073 2866 1263 2912 nostra
1289 2856 1498 2912 otlensa
1526 2856 1594 2911 ad
1623 2855 1904 2912 Christum
1925 2872 2049 2927 per-

461 2951 601 3004 tinet
622 2947 709 3004 ⁸⁷“.
735 2949 974 3019 Ideoque
995 2949 1109 3005 ait:
1143 2969 1161 3000 ι
1194 2948 1350 3016 Quod
1380 2951 1426 3005 si
1451 2965 1707 3021 egressus
1732 2949 1874 3020 ignis
1898 2949 2050 3005 inve-

459 3042 608 3098 nerit
630 3041 836 3113 spinas,
871 3050 928 3097 et
957 3041 1122 3097 simul
1150 3042 1499 3098 succenderit
1523 3058 1697 3109 areas,
1726 3049 1821 3097 aut
1846 3042 2044 3112 spicas,

2222 2493 2433 2547 ΠΑΛΛ.
2481 2491 2689 2562 Ὀρθῶς
2717 2470 2874 2563 έφης.

2219 2587 2385 2639 ΚΥΡ.
2431 2583 2590 2646 Ἴδοις
2615 2583 2658 2636 δ’
2683 2583 2747 2637 ἂν
2775 2581 3014 2644 εὐκόλως
3047 2581 3142 2636 καὶ
3173 2581 3240 2635 δι’
3263 2581 3466 2654 ἑτέρων
3497 2581 3625 2653 ἡμῖν
3655 2581 3742 2634 ai-

2150 2675 2430 2746 νιγμάτων
2456 2673 2872 2744 παραδηλοῦντα
2897 2672 2988 2726 τὸν
3028 2673 3194 2744 νόμον
3224 2673 3517 2743 σφαλερὸν,
3549 2672 3632 2725 ὅτι
3677 2671 3739 2725 τὸ

2149 2767 2490 2839 πλημμελεῖν
2526 2766 2804 2822 καὶτοῦτο
2828 2767 2907 2830 είς
2931 2765 3216 2836 ἀδελφούς·
3255 2765 3316 2819 τὸ
3351 2765 3460 2837 γὰρ
3511 2763 3740 2820 τύπτειν

2150 2858 2330 2912 αὐτῶν
2362 2856 2696 2912 ἀσθενοῦσαν
2723 2855 2822 2928 τὴν
2860 2855 3187 2927 συνείδησιν,
3210 2856 3290 2919 είς
3316 2856 3551 2928 Χριστὸν
3577 2851 3739 2925 ἡμῶν

2151 2955 2414 3026 ἀναφέρει
2455 2955 2516 3008 τὸ
2567 2954 2916 3026 πλημμελές.
2977 2952 3125 3022 Ἔφη
3185 2948 3399 3003 τοίνυνο
3457 2967 3475 3000 ι
3511 2948 3637 3002 Ἐὰν
3671 2950 3735 3006 δὲ

2150 3047 2364 3114 ἐξελθὸν
2391 3047 2504 3118 πῦρ
2540 3046 2678 3119 εῦρῃ
2732 3046 2977 3109 ἀκάνθας
3012 3045 3108 3099 καὶ
3143 3042 3553 3114 προσεμπρήσῃ
3597 3039 3738 3094 ἀλω-

458 3144 555 3192 aut
590 3110 864 3206 campum,
899 3137 1166 3201 exsolvet,
1198 3135 1293 3206 qui
1335 3135 1519 3205 ignem
1557 3110 1982 3190 accenderit-5".
2020 3153 2037 3184 ι

2151 3110 2246 3203 νας
2277 3138 2310 3210 ἣ
2347 3110 2678 3210 strix-uagi
2714 3138 2915 3200 πεδίον,
2950 3110 3200 3191 ἀποτίσει
3225 3134 3286 3188 τὸ
3528 3110 3734 3201 ἐγκαύ-

455 3229 578 3284 Non
619 3228 769 3283 enim
812 3227 1088 3294 convenit,
1133 3234 1196 3281 ut
1224 3226 1386 3280 simul
1417 3241 1544 3280 cum
1577 3225 1668 3290 iis,
1711 3242 1832 3296 qua:
1855 3231 2046 3294 suapte

456 3326 655 3375 natura
685 3317 911 3382 laedunt,
938 3317 1105 3372 etiam
1134 3316 1282 3386 quod
1308 3315 1430 3370 usui
1471 3322 1577 3380 est,
1613 3321 1830 3384 pereat;
1865 3329 2046 3383 neque

457 3426 584 3467 cum
607 3409 955 3465 silvestribus
979 3408 1143 3464 simul
1189 3414 1566 3472 consumatur,
1595 3405 1741 3476 quod
1767 3404 2045 3460 excultum

458 3509 564 3557 est.

528 3593 729 3649 PALL.
762 3591 882 3659 Quo
906 3592 1127 3648 tandem
1155 3592 1302 3649 istud
1335 3592 1500 3648 modo
1524 3593 1548 3646 ἲ

526 3684 684 3740 CYR.
731 3684 930 3740 Annon
967 3685 1142 3755 spinis
1171 3685 1461 3742 montanis
1506 3694 1672 3756 atque
1699 3684 2046 3742 silvestribus

456 3777 974 3834 convenientissime
992 3778 1299 3848 comparari
1315 3784 1545 3848 possunt
1564 3777 1858 3848 impiorum
1873 3778 2047 3833 haere-

460 3869 695 3923 ticorum
717 3870 942 3936 scripta,
967 3878 1023 3925 et
1048 3869 1337 3941 gentilium
1374 3868 1691 3941 dogmatum
1717 3869 2047 3941 praestigiae?

456 3975 586 4014 nam
630 3975 752 4030 quae
793 3961 921 4016 inde
947 3961 1156 4016 utilitas
1186 3962 1243 4016 in
1277 3963 1491 4017 animos
1515 3962 1800 4016 hominum
1824 3979 2044 4034 perma-

457 4065 592 4105 nare
617 4050 828 4120 possit?
854 4050 964 4104 imo
989 4064 1142 4115 vero,
1167 4065 1290 4120 quae
1318 4065 1429 4104 non
1452 4050 1727 4120 pernicies
1753 4051 1821 4106 iis
1843 4051 2044 4106 aﬂ‘era-

456 4151 569 4208 tur,
614 4142 706 4213 qui
745 4143 837 4198 illa
882 4143 939 4197 in
975 4142 1220 4197 animum
1247 4141 1540 4197 admittere
1566 4142 2047 4214 voluerintilgnis

454 4235 604 4289 enim
644 4234 911 4290 duntaxat
948 4235 1168 4290 altrices
1196 4243 1322 4289 sunt
1349 4234 1519 4304 spina:
1545 4241 1602 4289 et
1621 4232 1851 4290 ﬂammae
1873 4235 2046 4304 pabu-

453 4326 604 4390 lum;
633 4323 878 4381 tlammas
909 4325 1100 4382 itidem
1131 4326 1293 4382 nobis
1316 4325 1627 4381 accendunt
1654 4326 2042 4396 sempiternas,

2149 3248 2266 3294 σας.
2303 3250 2320 3282 ι
2359 3232 2434 3283 Ού
2466 3229 2575 3302 γάρ
2615 3248 2696 3284 τοι
2749 3230 3018 3302 προσήκει
3058 3229 3172 3290 τοῖς
3205 3226 3411 3280 ἀδικεῖν
3462 3222 3736 3292 πεφυκόσι

2149 3321 2552 3376 συνδιόλλυσθαι
2594 3321 2657 3374 τὸ
2685 3321 2940 3392 χρηστὸν,
2965 3320 3086 3373 οὐδὲ
3129 3321 3240 3383 τοῖς
3279 3318 3495 3389 ἀγρίοις
3543 3314 3705 3370 συνδα

2147 3414 2424 3470 πανᾶσθαι
2449 3414 2510 3468 τὸ
2530 3415 2762 3486 ἥμερον.

2218 3589 2428 3643 ΠΑΛΛ.
2455 3587 2579 3653 Πῶς
2606 3588 2739 3658 ἔφης
2763 3603 2778 3653 ;
3516 3655 3526 3659 _

2215 3679 2380 3736 ΚΥΡ.
2432 3683 2502 3735 Ἣ
2532 3681 2642 3753 γὰρ
2673 3679 2795 3750 οὐχὶ
2816 3679 2937 3741 ταῖς
2956 3679 3016 3733 ἐν
3039 3677 3190 3752 δρεσί
3221 3694 3281 3731 τε
3310 3677 3404 3732 καὶ
3457 3677 3515 3732 ὲν
3540 3676 3733 3748 ἀγροῖς

2145 3756 2413 3839 ἀκάνθαις
2462 3773 2854 3846 παρεικάξοιτο
2911 3771 2978 3826 ἂν
3005 3771 3230 3836 εἰκότως
3255 3771 3323 3826 τά
3349 3771 3458 3825 τῶν
3501 3768 3733 3824 ἀνοσίων

2148 3867 2442 3940 αἱρετικῶν
2476 3867 2910 3940 συγγράμματα,
2957 3865 3054 3919 καὶ
3100 3865 3134 3936 ὴ
3191 3864 3304 3919 τῶν
3329 3863 3462 3934 παρ’
3504 3861 3734 3933 Ἕλλησι

2147 3959 2435 4030 δογμάτων
2457 3959 2747 4031 τερθρεία;
2781 3959 2865 4022 τίς
2890 3956 3000 4029 γάρ
3027 3957 3093 4011 ἂν
3121 3955 3332 4026 γένοιτο
3355 3957 3477 4020 ταῖς
3508 3953 3618 4008 τῶν
3643 3954 3734 4008 ἀν-

2147 4051 2382 4123 θρώπων
2414 4051 2613 4121 ψυχαῖς
2657 4050 2865 4104 ἐκεῖθεν
2894 4053 2927 4121 ἡ
2979 4050 3189 4120 ὕνησις,
3226 4047 3424 4120 μᾶλλον
3455 4048 3513 4102 δὲ
3579 4047 3737 4106 ποῖον,

2145 4141 2245 4194 οὐκ
2275 4139 2425 4194 ἔσται
2458 4139 2656 4210 βλάϐος
2679 4143 2793 4204 τοῖς
2822 4143 2904 4204 είς
2926 4140 3052 4194 νοῦν
3093 4141 3369 4194 ἐθέλουσιν
3403 4141 3589 4194 ἐκεῖνα
3629 4138 3729 4192 λαο

2146 4233 2294 4302 6εῖν;
2321 4233 2504 4305 Πυρὸς
2525 4232 2708 4286 τοίνυν
2731 4232 2892 4304 μόνου
2919 4233 3140 4303 τροφὸς,
3163 4234 3198 4302 ἡ
3224 4231 3456 4299 ἄκανθα,
3478 4230 3573 4285 καὶ
3598 4229 3730 4298 φλο-

2145 4325 2240 4395 γὸς
2269 4326 2556 4397 διατροφὴ.
2600 4325 2947 4380 Ἀνακαίουσι
2971 4324 3029 4378 δὲ
3070 4324 3164 4378 καὶ
3207 4323 3412 4395 φλόγας
3454 4324 3588 4394 ἡμῖν
3625 4321 3728 4386 τάς

454 4420 614 4490 251
639 4435 764 4474 cum
789 4437 931 4476 vana
953 4422 1256 4478 errantium
1276 4421 1549 4492 dogmata,
1570 4429 1686 4474 tum
1710 4435 1842 4476 vero
1873 4420 2044 4475 idolo-

2150 4419 2226 4480 είς
2275 4414 2448 4470 αἰῶνα
2491 4415 2586 4469 καὶ
2622 4415 2735 4470 τῶν
2770 4416 3205 4487 πεπλανημένων
3233 4414 3303 4469 τά
3343 4413 3562 4484 ἐξίτηλα
3603 4413 3729 4481 δόγ-

453 4511 723 4567 latrarum
743 4513 920 4570 aniles
942 4514 1174 4570 fabula:
1206 4515 1358 4585 spica
1382 4528 1550 4584 porro
1570 4521 1627 4569 et
1647 4513 1892 4569 triticum
1915 4529 2042 4568 sua-

2150 4526 2315 4582 ματα,
2357 4508 2452 4561 καὶ
2488 4507 2558 4561 τὰ
2585 4507 2693 4562 τῶν
2723 4507 3127 4579 είδωλολατρῶν
3166 4503 3493 4576 γραοπρεπῆ
3549 4503 3728 4573 μυθάο

452 4605 714 4662 vissimus
726 4617 810 4662 est
835 4607 1012 4672 cibus,
1030 4615 1085 4662 et
1100 4606 1416 4662 hominibus
1432 4607 1500 4661 ad
1515 4606 1846 4662 vescendum
1865 4607 2040 4676 aptis-

2150 4618 2257 4674 ρια·
2299 4600 2539 4672 ἄσταχυς
2570 4600 2627 4654 δὲ
2657 4601 2752 4654 καὶ
2789 4603 2956 4667 σῖτος,
2991 4598 3324 4671 ἡμερωτάτη
3371 4595 3568 4669 τροφὴ,
3627 4595 3730 4650 καὶ

453 4697 646 4763 simus,
671 4709 728 4755 et
765 4700 834 4754 ad
872 4715 1033 4754 usum
1071 4699 1445 4767 necessarius;
1474 4699 1724 4754 continet
1747 4697 1897 4753 enim
1937 4712 2042 4752 nos

2150 4693 2452 4765 ἀνθρώποις
2507 4692 2764 4765 ἐδώδιμα,
2822 4694 2916 4746 καὶ
2973 4693 3244 4761 ἀναγκαῖα
3297 4689 3435 4762 πρὸς
3495 4688 3684 4761 δνησιν
3707 4703 3727 4722 ο

454 4793 511 4845 in
541 4792 687 4857 vita;
723 4799 779 4845 ct
819 4791 993 4860 figura
1029 4806 1150 4846 esse
1192 4792 1396 4860 poterit
1429 4793 1745 4863 dogmatum
1766 4790 2038 4854 veritatis,

2150 4785 2362 4856 συνέχει
2395 4785 2504 4856 γάρ
2538 4786 2687 4856 ἡμᾶς
2711 4786 2791 4850 είς
2841 4783 3006 4855 ζωὴν,
3034 4785 3128 4837 καὶ
3163 4783 3335 4846 τύπος
3375 4781 3444 4837 ἂν
3489 4783 3577 4852 εῐη
3614 4780 3729 4835 τῶν

452 4895 555 4950 per
583 4895 706 4948 qua:
734 4893 854 4941 nos,
879 4877 973 4947 qui
1001 4878 1298 4944 credimus,
1330 4880 1570 4945 Christo,
1600 4888 1860 4950 tauquam
1897 4894 2040 4950 pane

2150 4877 2243 4948 τῆς
2270 4877 2531 4948 ἀληθείας
2559 4876 2866 4947 δογμάτων,
2897 4876 2965 4930 δι’
2997 4870 3072 4932 ὧν
3103 4879 3152 4930 οἱ
3177 4875 3612 4937 πεπιστευκότες
3649 4874 3730 4938 ὡς

454 4969 664 5024 viventi
692 4983 757 5023 ac
788 4982 941 5032 vero,
978 4967 1276 5038 pascimur.
1321 4970 1535 5026 Rursus
1566 4986 1792 5041 campus
1812 4978 1898 5025 est
1919 4969 2040 5040 pla.-

2150 4969 2290 5040 Ξρτῳ
2339 4969 2502 5034 ζῶντι
2544 4967 2865 5040 τρεφόμεθα
2916 4970 3012 5024 καὶ
3051 4967 3316 5040 ἀληθινῷ,
3361 4967 3439 5039 τῷ
3477 4965 3726 5040 Χριστῷ.

453 5076 579 5125 nus,
606 5067 662 5115 et
684 5058 910 5113 minimc
934 5074 1096 5128 asper
1119 5058 1208 5122 iis,
1233 5059 1328 5128 qui
1356 5071 1504 5116 recte
1537 5077 1636 5132 per
1661 5061 1817 5117 illum
1849 5060 2042 5116 ambu-

2150 5062 2300 5115 Ἐστι
2326 5061 2384 5115 δὲ
2417 5056 2485 5116 αὖ
2519 5061 2701 5115 πεδίον
2723 5061 2867 5114 λεῖον
2895 5059 3086 5131 ὥσπερ
3117 5078 3170 5113 τι
3205 5061 3300 5114 καὶ
3345 5059 3581 5131 ἄτραχυ,
3613 5061 3729 5122 τοῖς

452 5151 568 5207 lare
601 5157 828 5217 norunt,
855 5151 1144 5220 Scriptura
1169 5149 1434 5205 divinitus
1460 5151 1762 5221 inspirata:
1797 5171 1814 5204 ι
1844 5150 2040 5207 Omnia

2150 5152 2464 5224 Ξιαστείχειν
2481 5152 2675 5206 εἰδόσιν
2690 5151 2918 5224 ὀρθῶςή
2936 5151 3292 5214 θεόπνευστος
3306 5151 3524 5223 Γραφήο
3544 5171 3562 5198 σ
3583 5149 3728 5204 Πάν-

451 5243 601 5297 enim
637 5241 695 5296 in
729 5252 1023 5314 prospectu
1061 5249 1190 5298 sunt
1218 5241 1307 5306 iis,
1344 5239 1440 5310 qui
1473 5241 1784 5312 intelligunt
1807 5243 1894 5309 ⁵³⁸,
1926 5263 1945 5294 ι
1980 5251 2042 5298 ιιι

2150 5262 2206 5299 τα
2247 5245 2356 5318 γάρ
2397 5244 2627 5301 ὲνὼπιον
2673 5246 2786 5309 τοῖς
2837 5243 3129 5309 συνιοῦσι,›
3183 5242 3329 5296 κατὰ
3385 5241 3441 5296 τὸ
3475 5259 3728 5314 γεγραμ-

455 5333 721 5403 scriptum
742 5344 852 5398 est,
885 5354 903 5385 ι
930 5343 986 5390 et
1009 5343 1158 5390 recta
1180 5331 1591 5388 invenientibus
1611 5334 1897 5388 scientiam
1921 5335 1984 5388 ⁸ο.
2013 5354 2030 5386 ι

2150 5339 2304 5409 μένον
2329 5355 2342 5370 ·
2387 5359 2406 5391 ι
2432 5340 2528 5393 καὶ
2555 5338 2693 5410 ὀρθά
2708 5341 2820 5402 τοῖς
2853 5321 3178 5411 εὑρίσκουσι
3196 5336 3421 5406 γνῶσιν.
3457 5355 3476 5387 ι
3512 5334 3726 5388 Οὐκοῦν

453 5424 625 5493 lgitur
657 5427 812 5494 spina
835 5428 1058 5496 quidem
1087 5434 1170 5482 est
1209 5427 1299 5480 illa
1331 5441 1718 5496 perversorum
1751 5427 2036 5481 hominum

2150 5429 2352 5484 ἄκανθα
2381 5431 2482 5501 μὲν
2538 5432 2572 5502 η
2620 5431 2986 5502 μυσαρωτάτη
3015 5429 3108 5482 καὶ
3149 5426 3377 5498 βέϐηλος
3423 5427 3726 5497 ἀθυροστο-

453 5517 804 5572 exsecrabilis
824 5521 1057 5575 maxime
1081 5529 1137 5575 et
1165 5519 1394 5590 profana
1417 5520 1723 5590 loquacitas
1750 5538 1761 5572 :
1792 5519 2037 5575 triticum

2150 5520 2243 5591 μία
2282 5521 2392 5574 τῶν
2431 5521 2880 5593 διεστραμμένων
2905 5538 2919 5552 ο
2981 5522 3125 5582 σῖτος
3171 5519 3230 5571 δὲ
3285 5518 3380 5570 καὶ
3414 5517 3654 5586 ἄσταχυς
3693 5515 3727 5570 ὀ

452 5620 588 5662 vero
611 5613 669 5660 ct
701 5607 850 5677 spica
885 5624 1067 5664 sermo
1090 5611 1362 5675 veritatis,
1397 5610 1493 5683 qui
1517 5611 1716 5667 animis
1741 5610 2036 5667 utilitatem

2150 5611 2466 5682 ζλυχωφελής
2509 5629 2568 5664 τε
2620 5613 2717 5667 καὶ
2753 5610 3168 5683 τροφιμώτατος
3200 5610 3300 5679 τῆς
3329 5606 3588 5679 ἀληθείας
3627 5606 3724 5660 λό-

557 5784 626 5817 '”
657 5785 847 5842 Matth.
878 5803 1024 5851 mn,
1056 5789 1106 5842 6.
1171 5790 1234 5824 ⁵⁷⁸
1269 5791 1436 5847 lCor.
1469 5809 1579 5860 vm,
1621 5793 1702 5847 l2.
1763 5794 1826 5827 ⁵³⁸
1848 5791 2020 5850 Exod.

2150 5810 2172 5857 ν,
2217 5792 2265 5844 6.
2345 5792 2405 5823 ⁸³⁸
2433 5791 2563 5860 Sap.
2604 5807 2674 5857 ix,
2712 5792 2794 5845 16.
2851 5793 2892 5821 ‘°
2916 5791 3077 5846 Prov.
3113 5789 3302 5856 γιιι,9.
