  <div class='ocr_page' id='page_1' title='image "/cluster/home/n/w/nwhite01/storage/ocr_20150623/68/mdp.39015078384438/274.png"; bbox 0 0 4138 6300; ppageno 0'>
   <div class='ocr_carea' id='block_1_1' title="bbox 383 411 494 468">
    <p class='ocr_par' dir='ltr' id='par_1_1' title="bbox 383 411 494 468">
     <span class='ocr_line' id='line_1_1' title="bbox 383 411 494 468; baseline 0 -1"><span class='ocrx_word' id='word_1_1' title='bbox 383 411 494 468; x_wconf 73' lang='lat'><strong>533</strong></span> 
     </span>
    </p>
   </div>
   <div class='ocr_carea' id='block_1_2' title="bbox 1064 391 2936 465">
    <p class='ocr_par' dir='ltr' id='par_1_2' title="bbox 1064 391 2936 465">
     <span class='ocr_line' id='line_1_2' title="bbox 1064 391 2936 465; baseline -0.003 -2"><span class='ocrx_word' id='word_1_2' title='bbox 1064 407 1152 464; x_wconf 86' lang='lat' dir='ltr'><strong>DE</strong></span> <span class='ocrx_word' id='word_1_3' title='bbox 1193 406 1636 465; x_wconf 78' lang='lat' dir='ltr'><strong>ADORATIONE</strong></span> <span class='ocrx_word' id='word_1_4' title='bbox 1674 408 1742 464; x_wconf 80' lang='grc' dir='ltr'><strong>ΙΝ</strong></span> <span class='ocrx_word' id='word_1_5' title='bbox 1786 405 2055 465; x_wconf 78' lang='lat' dir='ltr'><strong>SPIBITU</strong></span> <span class='ocrx_word' id='word_1_6' title='bbox 2096 403 2185 460; x_wconf 89' lang='grc' dir='ltr'>ΕΤ</span> <span class='ocrx_word' id='word_1_7' title='bbox 2218 403 2589 459; x_wconf 75' lang='lat' dir='ltr'><strong>VERITATE.</strong></span> <span class='ocrx_word' id='word_1_8' title='bbox 2630 404 2760 458; x_wconf 85' lang='lat' dir='ltr'><strong>LIB.</strong></span> <span class='ocrx_word' id='word_1_9' title='bbox 2802 391 2936 460; x_wconf 77' lang='lat' dir='ltr'><strong>Vill.</strong></span> 
     </span>
    </p>
   </div>
   <div class='ocr_carea' id='block_1_3' title="bbox 3541 411 3646 467">
    <p class='ocr_par' dir='ltr' id='par_1_3' title="bbox 3541 411 3646 467">
     <span class='ocr_line' id='line_1_3' title="bbox 3541 411 3646 467; baseline 0 -1"><span class='ocrx_word' id='word_1_10' title='bbox 3541 411 3646 467; x_wconf 61' lang='grc'><strong>554</strong></span> 
     </span>
    </p>
   </div>
   <div class='ocr_carea' id='block_1_4' title="bbox 387 519 1958 598">
    <p class='ocr_par' dir='ltr' id='par_1_4' title="bbox 387 522 1958 598">
     <span class='ocr_line' id='line_1_4' title="bbox 387 522 1958 598; baseline 0 -21"><span class='ocrx_word' id='word_1_11' title='bbox 387 535 527 595; x_wconf 68' lang='grc' dir='ltr'>γος·</span> <span class='ocrx_word' id='word_1_12' title='bbox 554 524 707 593; x_wconf 72' lang='grc' dir='ltr'>ψιλὸν</span> <span class='ocrx_word' id='word_1_13' title='bbox 735 523 790 576; x_wconf 82' lang='grc' dir='ltr'>δὲ</span> <span class='ocrx_word' id='word_1_14' title='bbox 835 522 1036 590; x_wconf 80' lang='grc' dir='ltr'><strong>πεδίον,</strong></span> <span class='ocrx_word' id='word_1_15' title='bbox 1073 526 1106 596; x_wconf 82' lang='grc' dir='ltr'>ὴ</span> <span class='ocrx_word' id='word_1_16' title='bbox 1147 523 1503 590; x_wconf 71' lang='grc' dir='ltr'><strong>θεόπνευστος</strong></span> <span class='ocrx_word' id='word_1_17' title='bbox 1527 526 1740 598; x_wconf 83' lang='grc' dir='ltr'>Γραφή.</span> <span class='ocrx_word' id='word_1_18' title='bbox 1790 525 1958 580; x_wconf 83' lang='grc' dir='ltr'><strong>Ὅταν</strong></span> 
     </span>
    </p>
   </div>
   <div class='ocr_carea' id='block_1_5' title="bbox 2060 519 3646 598">
    <p class='ocr_par' dir='ltr' id='par_1_5' title="bbox 2061 519 3646 592">
     <span class='ocr_line' id='line_1_5' title="bbox 2061 519 3646 592; baseline 0.001 -15"><span class='ocrx_word' id='word_1_19' title='bbox 2061 521 2240 587; x_wconf 82' lang='lat' dir='ltr'><strong>ali‘ert,</strong></span> <span class='ocrx_word' id='word_1_20' title='bbox 2263 528 2319 575; x_wconf 89' lang='lat' dir='ltr'><strong>et</strong></span> <span class='ocrx_word' id='word_1_21' title='bbox 2338 519 2406 574; x_wconf 90' lang='lat' dir='ltr'><strong>ad</strong></span> <span class='ocrx_word' id='word_1_22' title='bbox 2427 519 2788 575; x_wconf 91' lang='lat' dir='ltr'><strong>nutriendum</strong></span> <span class='ocrx_word' id='word_1_23' title='bbox 2807 527 2890 576; x_wconf 89' lang='lat' dir='ltr'><strong>est</strong></span> <span class='ocrx_word' id='word_1_24' title='bbox 2915 521 3230 591; x_wconf 86' lang='lat' dir='ltr'><strong>aptissimus</strong></span> <span class='ocrx_word' id='word_1_25' title='bbox 3249 521 3268 589; x_wconf 83' lang='lat'><strong>&#39;;</strong></span> <span class='ocrx_word' id='word_1_26' title='bbox 3295 519 3490 592; x_wconf 80' lang='lat' dir='ltr'><strong>planus</strong></span> <span class='ocrx_word' id='word_1_27' title='bbox 3511 539 3646 580; x_wconf 83' lang='lat' dir='ltr'><strong>vero</strong></span> 
     </span>
    </p>
   </div>
   <div class='ocr_carea' id='block_1_6' title="bbox 389 611 1959 690">
    <p class='ocr_par' dir='ltr' id='par_1_6' title="bbox 389 611 1959 690">
     <span class='ocr_line' id='line_1_6' title="bbox 389 611 1959 690; baseline 0.003 -22"><span class='ocrx_word' id='word_1_28' title='bbox 389 615 568 670; x_wconf 80' lang='grc' dir='ltr'>τοίνυν</span> <span class='ocrx_word' id='word_1_29' title='bbox 595 611 683 668; x_wconf 82' lang='grc' dir='ltr'><strong>οἶά</strong></span> <span class='ocrx_word' id='word_1_30' title='bbox 711 630 816 686; x_wconf 81' lang='grc' dir='ltr'><strong>περ</strong></span> <span class='ocrx_word' id='word_1_31' title='bbox 836 613 1108 686; x_wconf 72' lang='grc' dir='ltr'>φλόγες-,ἢ</span> <span class='ocrx_word' id='word_1_32' title='bbox 1142 616 1251 688; x_wconf 85' lang='grc' dir='ltr'>πῦρ</span> <span class='ocrx_word' id='word_1_33' title='bbox 1273 619 1386 681; x_wconf 82' lang='grc' dir='ltr'>τοῖς</span> <span class='ocrx_word' id='word_1_34' title='bbox 1415 616 1523 671; x_wconf 85' lang='grc' dir='ltr'><strong>τῶν</strong></span> <span class='ocrx_word' id='word_1_35' title='bbox 1551 617 1874 690; x_wconf 75' lang='grc' dir='ltr'>ἑτεροδόξων</span> <span class='ocrx_word' id='word_1_36' title='bbox 1899 636 1959 672; x_wconf 88' lang='grc' dir='ltr'><strong>τε</strong></span> 
     </span>
    </p>
   </div>
   <div class='ocr_carea' id='block_1_7' title="bbox 391 706 1962 781">
    <p class='ocr_par' dir='ltr' id='par_1_7' title="bbox 391 706 1962 781">
     <span class='ocr_line' id='line_1_7' title="bbox 391 706 1962 781; baseline 0.003 -21"><span class='ocrx_word' id='word_1_37' title='bbox 391 709 484 760; x_wconf 73' lang='grc' dir='ltr'>καὶ</span> <span class='ocrx_word' id='word_1_38' title='bbox 512 706 772 776; x_wconf 81' lang='grc' dir='ltr'>Ἐλλήνων</span> <span class='ocrx_word' id='word_1_39' title='bbox 791 710 1144 778; x_wconf 82' lang='grc' dir='ltr'><strong>φενακισμοῖς</strong></span> <span class='ocrx_word' id='word_1_40' title='bbox 1171 710 1222 761; x_wconf 75' lang='lat' dir='ltr'><strong>ot</strong></span> <span class='ocrx_word' id='word_1_41' title='bbox 1250 708 1358 763; x_wconf 82' lang='grc' dir='ltr'><strong>τῶν</strong></span> <span class='ocrx_word' id='word_1_42' title='bbox 1389 709 1560 778; x_wconf 81' lang='grc' dir='ltr'>ἁγίων</span> <span class='ocrx_word' id='word_1_43' title='bbox 1585 710 1962 781; x_wconf 83' lang='grc' dir='ltr'><strong>μυσταγωγῶν</strong></span> 
     </span>
    </p>
   </div>
   <div class='ocr_carea' id='block_1_8' title="bbox 389 797 1963 873">
    <p class='ocr_par' dir='ltr' id='par_1_8' title="bbox 389 797 1963 873">
     <span class='ocr_line' id='line_1_8' title="bbox 389 797 1963 873; baseline 0.003 -22"><span class='ocrx_word' id='word_1_44' title='bbox 389 797 700 866; x_wconf 80' lang='grc' dir='ltr'>ὲπιφύοιντο</span> <span class='ocrx_word' id='word_1_45' title='bbox 747 798 917 866; x_wconf 86' lang='grc' dir='ltr'>λόγοι,</span> <span class='ocrx_word' id='word_1_46' title='bbox 955 800 1068 862; x_wconf 81' lang='grc' dir='ltr'>τοῖς</span> <span class='ocrx_word' id='word_1_47' title='bbox 1099 800 1199 869; x_wconf 87' lang='grc' dir='ltr'>τῆς</span> <span class='ocrx_word' id='word_1_48' title='bbox 1243 799 1500 870; x_wconf 79' lang='grc' dir='ltr'><strong>ἀληθείας</strong></span> <span class='ocrx_word' id='word_1_49' title='bbox 1539 801 1963 873; x_wconf 82' lang='grc' dir='ltr'><strong>συνηγοροῦντες</strong></span> 
     </span>
    </p>
   </div>
   <div class='ocr_carea' id='block_1_9' title="bbox 383 888 1950 965">
    <p class='ocr_par' dir='ltr' id='par_1_9' title="bbox 383 888 1950 965">
     <span class='ocr_line' id='line_1_9' title="bbox 383 888 1950 965; baseline 0.003 -23"><span class='ocrx_word' id='word_1_50' title='bbox 383 889 640 958; x_wconf 83' lang='grc' dir='ltr'><strong>δόγμασι,</strong></span> <span class='ocrx_word' id='word_1_51' title='bbox 673 890 767 942; x_wconf 67' lang='grc' dir='ltr'><strong>καὶ⁹</strong></span> <span class='ocrx_word' id='word_1_52' title='bbox 795 888 863 943; x_wconf 87' lang='grc' dir='ltr'><strong>τά</strong></span> <span class='ocrx_word' id='word_1_53' title='bbox 891 891 1031 945; x_wconf 86' lang='grc' dir='ltr'><strong>κατά</strong></span> <span class='ocrx_word' id='word_1_54' title='bbox 1081 891 1246 962; x_wconf 87' lang='grc' dir='ltr'>μόνης</span> <span class='ocrx_word' id='word_1_55' title='bbox 1282 892 1467 946; x_wconf 89' lang='grc' dir='ltr'>ίόντων</span> <span class='ocrx_word' id='word_1_56' title='bbox 1509 892 1753 965; x_wconf 82' lang='grc' dir='ltr'><strong>ἀκάνθης</strong></span> <span class='ocrx_word' id='word_1_57' title='bbox 1793 895 1950 963; x_wconf 79' lang='grc' dir='ltr'>φησὶ,</span> 
     </span>
    </p>
   </div>
   <div class='ocr_carea' id='block_1_10' title="bbox 383 981 1960 1056">
    <p class='ocr_par' dir='ltr' id='par_1_10' title="bbox 383 981 1960 1056">
     <span class='ocr_line' id='line_1_10' title="bbox 383 981 1960 1056; baseline 0.001 -22"><span class='ocrx_word' id='word_1_58' title='bbox 383 981 480 1034; x_wconf 72' lang='grc' dir='ltr'><strong>καὶ</strong></span> <span class='ocrx_word' id='word_1_59' title='bbox 517 981 969 1051; x_wconf 83' lang='grc' dir='ltr'>καταφλεγόντων</span> <span class='ocrx_word' id='word_1_60' title='bbox 1030 982 1129 1053; x_wconf 85' lang='grc' dir='ltr'>μὲν</span> <span class='ocrx_word' id='word_1_61' title='bbox 1168 983 1242 1048; x_wconf 82' lang='grc' dir='ltr'>ὡς</span> <span class='ocrx_word' id='word_1_62' title='bbox 1281 983 1556 1056; x_wconf 76' lang='grc' dir='ltr'>ἄχρηστον</span> <span class='ocrx_word' id='word_1_63' title='bbox 1606 984 1700 1038; x_wconf 60' lang='grc' dir='ltr'><strong>κοιλ⁵</strong></span> <span class='ocrx_word' id='word_1_64' title='bbox 1760 985 1960 1056; x_wconf 83' lang='grc' dir='ltr'>ἀγρίαν</span> 
     </span>
    </p>
   </div>
   <div class='ocr_carea' id='block_1_11' title="bbox 383 1071 1962 1149">
    <p class='ocr_par' dir='ltr' id='par_1_11' title="bbox 383 1071 1962 1149">
     <span class='ocr_line' id='line_1_11' title="bbox 383 1071 1962 1149; baseline 0.003 -23"><span class='ocrx_word' id='word_1_65' title='bbox 383 1071 540 1144; x_wconf 77' lang='grc' dir='ltr'>ὓλην,</span> <span class='ocrx_word' id='word_1_66' title='bbox 579 1073 647 1127; x_wconf 88' lang='grc' dir='ltr'><strong>τά</strong></span> <span class='ocrx_word' id='word_1_67' title='bbox 709 1075 834 1144; x_wconf 82' lang='grc' dir='ltr'>παρ’</span> <span class='ocrx_word' id='word_1_68' title='bbox 879 1074 1109 1138; x_wconf 75' lang='grc' dir='ltr'>ἐκείνοις</span> <span class='ocrx_word' id='word_1_69' title='bbox 1164 1078 1592 1148; x_wconf 82' lang='grc' dir='ltr'>συγγράμματα,</span> <span class='ocrx_word' id='word_1_70' title='bbox 1633 1077 1706 1149; x_wconf 82' lang='grc' dir='ltr'>μὴ</span> <span class='ocrx_word' id='word_1_71' title='bbox 1756 1077 1962 1131; x_wconf 89' lang='grc' dir='ltr'>συναδι-</span> 
     </span>
    </p>
   </div>
   <div class='ocr_carea' id='block_1_12' title="bbox 386 1153 1960 1240">
    <p class='ocr_par' dir='ltr' id='par_1_12' title="bbox 386 1153 1960 1240">
     <span class='ocr_line' id='line_1_12' title="bbox 386 1153 1960 1240; baseline 0.003 -21"><span class='ocrx_word' id='word_1_72' title='bbox 386 1165 631 1219; x_wconf 88' lang='grc' dir='ltr'>κούντων</span> <span class='ocrx_word' id='word_1_73' title='bbox 672 1165 727 1218; x_wconf 88' lang='grc' dir='ltr'>δὲ</span> <span class='ocrx_word' id='word_1_74' title='bbox 756 1153 904 1219; x_wconf 84' lang='grc' dir='ltr'>σῖτον</span> <span class='ocrx_word' id='word_1_75' title='bbox 953 1166 986 1237; x_wconf 77' lang='grc' dir='ltr'><strong>ἢ</strong></span> <span class='ocrx_word' id='word_1_76' title='bbox 1021 1167 1282 1238; x_wconf 82' lang='grc' dir='ltr'>ἀσταχυν,</span> <span class='ocrx_word' id='word_1_77' title='bbox 1318 1169 1614 1235; x_wconf 69' lang='grc' dir='ltr'>τουτέστιν,</span> <span class='ocrx_word' id='word_1_78' title='bbox 1645 1169 1960 1240; x_wconf 83' lang='grc' dir='ltr'>νηφέτωσαν</span> 
     </span>
    </p>
   </div>
   <div class='ocr_carea' id='block_1_13' title="bbox 383 1258 1960 1333">
    <p class='ocr_par' dir='ltr' id='par_1_13' title="bbox 383 1258 1960 1333">
     <span class='ocr_line' id='line_1_13' title="bbox 383 1258 1960 1333; baseline 0.004 -24"><span class='ocrx_word' id='word_1_79' title='bbox 383 1259 433 1310; x_wconf 70' lang='lat' dir='ltr'><strong>oi</strong></span> <span class='ocrx_word' id='word_1_80' title='bbox 462 1259 826 1328; x_wconf 72' lang='grc' dir='ltr'>μυσταγωγοὶ,</span> <span class='ocrx_word' id='word_1_81' title='bbox 859 1258 934 1328; x_wconf 80' lang='grc' dir='ltr'>μὴ</span> <span class='ocrx_word' id='word_1_82' title='bbox 976 1259 1084 1329; x_wconf 80' lang='grc' dir='ltr'><strong>ἀρα</strong></span> <span class='ocrx_word' id='word_1_83' title='bbox 1112 1277 1166 1311; x_wconf 89' lang='grc' dir='ltr'><strong>τι</strong></span> <span class='ocrx_word' id='word_1_84' title='bbox 1220 1262 1680 1332; x_wconf 85' lang='grc' dir='ltr'>καταπημήνειαν</span> <span class='ocrx_word' id='word_1_85' title='bbox 1721 1261 1831 1316; x_wconf 83' lang='grc' dir='ltr'><strong>τῶν</strong></span> <span class='ocrx_word' id='word_1_86' title='bbox 1862 1263 1960 1333; x_wconf 84' lang='grc' dir='ltr'><strong>τῆς</strong></span> 
     </span>
    </p>
   </div>
   <div class='ocr_carea' id='block_1_14' title="bbox 382 1345 1960 1424">
    <p class='ocr_par' dir='ltr' id='par_1_14' title="bbox 382 1345 1960 1424">
     <span class='ocr_line' id='line_1_14' title="bbox 382 1345 1960 1424; baseline 0.004 -24"><span class='ocrx_word' id='word_1_87' title='bbox 382 1345 640 1416; x_wconf 83' lang='grc' dir='ltr'>ἀληθείας</span> <span class='ocrx_word' id='word_1_88' title='bbox 670 1347 977 1416; x_wconf 77' lang='grc' dir='ltr'><strong>δογμάτων⁹</strong></span> <span class='ocrx_word' id='word_1_89' title='bbox 1006 1349 1039 1419; x_wconf 82' lang='grc' dir='ltr'>ἢ</span> <span class='ocrx_word' id='word_1_90' title='bbox 1074 1350 1228 1412; x_wconf 85' lang='grc' dir='ltr'>ῐστω,</span> <span class='ocrx_word' id='word_1_91' title='bbox 1267 1350 1452 1421; x_wconf 64' lang='grc' dir='ltr'>φησιν,</span> <span class='ocrx_word' id='word_1_92' title='bbox 1483 1353 1512 1404; x_wconf 86' lang='grc' dir='ltr'><strong>ό</strong></span> <span class='ocrx_word' id='word_1_93' title='bbox 1544 1352 1640 1404; x_wconf 82' lang='grc' dir='ltr'>σὺν</span> <span class='ocrx_word' id='word_1_94' title='bbox 1690 1351 1960 1424; x_wconf 73' lang='grc' dir='ltr'>ἀσφαλείᾳ</span> 
     </span>
    </p>
   </div>
   <div class='ocr_carea' id='block_1_15' title="bbox 382 1437 1959 1514">
    <p class='ocr_par' dir='ltr' id='par_1_15' title="bbox 382 1437 1959 1514">
     <span class='ocr_line' id='line_1_15' title="bbox 382 1437 1959 1514; baseline 0.005 -24"><span class='ocrx_word' id='word_1_95' title='bbox 382 1437 541 1491; x_wconf 79' lang='grc' dir='ltr'>τοῦτο</span> <span class='ocrx_word' id='word_1_96' title='bbox 581 1439 714 1508; x_wconf 82' lang='grc' dir='ltr'>δρᾷν</span> <span class='ocrx_word' id='word_1_97' title='bbox 752 1439 851 1492; x_wconf 78' lang='grc' dir='ltr'>οὐκ</span> <span class='ocrx_word' id='word_1_98' title='bbox 913 1441 1258 1512; x_wconf 83' lang='grc' dir='ltr'><strong>ἀνεχόμενος,</strong></span> <span class='ocrx_word' id='word_1_99' title='bbox 1287 1441 1363 1505; x_wconf 81' lang='grc' dir='ltr'><strong>ὡς</strong></span> <span class='ocrx_word' id='word_1_100' title='bbox 1426 1441 1590 1514; x_wconf 76' lang='grc' dir='ltr'>εἴπερ</span> <span class='ocrx_word' id='word_1_101' title='bbox 1637 1460 1691 1496; x_wconf 92' lang='grc' dir='ltr'><strong>τι</strong></span> <span class='ocrx_word' id='word_1_102' title='bbox 1750 1445 1959 1512; x_wconf 73' lang='grc' dir='ltr'>γίνοιτο</span> 
     </span>
    </p>
   </div>
   <div class='ocr_carea' id='block_1_16' title="bbox 385 1529 1959 1604">
    <p class='ocr_par' dir='ltr' id='par_1_16' title="bbox 385 1529 1959 1604">
     <span class='ocr_line' id='line_1_16' title="bbox 385 1529 1959 1604; baseline 0.005 -23"><span class='ocrx_word' id='word_1_103' title='bbox 385 1529 925 1601; x_wconf 81' lang='grc' dir='ltr'>συγκαταφλεχθῆναι</span> <span class='ocrx_word' id='word_1_104' title='bbox 963 1535 1074 1596; x_wconf 82' lang='grc' dir='ltr'>τοῖς</span> <span class='ocrx_word' id='word_1_105' title='bbox 1097 1533 1324 1602; x_wconf 79' lang='grc' dir='ltr'>φαύλοις</span> <span class='ocrx_word' id='word_1_106' title='bbox 1369 1533 1478 1587; x_wconf 86' lang='grc' dir='ltr'>τῶν</span> <span class='ocrx_word' id='word_1_107' title='bbox 1517 1535 1828 1604; x_wconf 83' lang='grc' dir='ltr'>ἀναγκαίων</span> <span class='ocrx_word' id='word_1_108' title='bbox 1879 1538 1959 1600; x_wconf 78' lang='grc' dir='ltr'><strong>εἰς</strong></span> 
     </span>
    </p>
   </div>
   <div class='ocr_carea' id='block_1_17' title="bbox 381 1621 1959 1696">
    <p class='ocr_par' dir='ltr' id='par_1_17' title="bbox 381 1621 1959 1696">
     <span class='ocr_line' id='line_1_17' title="bbox 381 1621 1959 1696; baseline 0.006 -24"><span class='ocrx_word' id='word_1_109' title='bbox 381 1621 586 1692; x_wconf 85' lang='grc' dir='ltr'>δνησιν,</span> <span class='ocrx_word' id='word_1_110' title='bbox 615 1623 861 1677; x_wconf 87' lang='grc' dir='ltr'>ἀποτίσει</span> <span class='ocrx_word' id='word_1_111' title='bbox 891 1623 990 1694; x_wconf 80' lang='grc' dir='ltr'>τῆς</span> <span class='ocrx_word' id='word_1_112' title='bbox 1009 1623 1342 1696; x_wconf 80' lang='grc' dir='ltr'>ἀπροσεξίας</span> <span class='ocrx_word' id='word_1_113' title='bbox 1365 1626 1493 1688; x_wconf 76' lang='grc' dir='ltr'>τοὺς</span> <span class='ocrx_word' id='word_1_114' title='bbox 1523 1625 1732 1694; x_wconf 89' lang='grc' dir='ltr'>λόγους.</span> <span class='ocrx_word' id='word_1_115' title='bbox 1762 1627 1959 1681; x_wconf 79' lang='grc' dir='ltr'>Δίσθά-</span> 
     </span>
    </p>
   </div>
   <div class='ocr_carea' id='block_1_18' title="bbox 383 1708 1955 1789">
    <p class='ocr_par' dir='ltr' id='par_1_18' title="bbox 383 1708 1955 1789">
     <span class='ocr_line' id='line_1_18' title="bbox 383 1708 1955 1789; baseline 0.003 -24"><span class='ocrx_word' id='word_1_116' title='bbox 383 1728 450 1784; x_wconf 85' lang='grc' dir='ltr'>νῃ</span> <span class='ocrx_word' id='word_1_117' title='bbox 482 1712 547 1784; x_wconf 81' lang='grc' dir='ltr'>δὴ</span> <span class='ocrx_word' id='word_1_118' title='bbox 566 1708 658 1766; x_wconf 80' lang='grc' dir='ltr'>οὖν</span> <span class='ocrx_word' id='word_1_119' title='bbox 681 1713 813 1785; x_wconf 83' lang='grc' dir='ltr'>ὅσην</span> <span class='ocrx_word' id='word_1_120' title='bbox 829 1715 979 1785; x_wconf 78' lang='grc' dir='ltr'>ἡμᾶς</span> <span class='ocrx_word' id='word_1_121' title='bbox 1004 1715 1274 1768; x_wconf 85' lang='grc' dir='ltr'>ποιεῖσθαι</span> <span class='ocrx_word' id='word_1_122' title='bbox 1305 1715 1404 1787; x_wconf 85' lang='grc' dir='ltr'><strong>τὴν</strong></span> <span class='ocrx_word' id='word_1_123' title='bbox 1430 1717 1756 1787; x_wconf 82' lang='grc' dir='ltr'>ὲπιτήρησιν</span> <span class='ocrx_word' id='word_1_124' title='bbox 1783 1733 1955 1789; x_wconf 86' lang='grc' dir='ltr'>προσ-</span> 
     </span>
    </p>
   </div>
   <div class='ocr_carea' id='block_1_19' title="bbox 2064 610 3642 685">
    <p class='ocr_par' dir='ltr' id='par_1_19' title="bbox 2064 610 3642 685">
     <span class='ocr_line' id='line_1_19' title="bbox 2064 610 3642 685; baseline 0.003 -18"><span class='ocrx_word' id='word_1_125' title='bbox 2064 627 2290 682; x_wconf 87' lang='lat' dir='ltr'><strong>campus</strong></span> <span class='ocrx_word' id='word_1_126' title='bbox 2311 611 2498 667; x_wconf 86' lang='lat' dir='ltr'><strong>divina</strong></span> <span class='ocrx_word' id='word_1_127' title='bbox 2515 610 2820 682; x_wconf 74' lang='lat' dir='ltr'><strong>Scriptura.</strong></span> <span class='ocrx_word' id='word_1_128' title='bbox 2839 611 2977 668; x_wconf 89' lang='lat' dir='ltr'><strong>Cum</strong></span> <span class='ocrx_word' id='word_1_129' title='bbox 3000 613 3163 685; x_wconf 79' lang='lat' dir='ltr'><strong>igitur</strong></span> <span class='ocrx_word' id='word_1_130' title='bbox 3183 613 3239 668; x_wconf 90' lang='lat' dir='ltr'><strong>in</strong></span> <span class='ocrx_word' id='word_1_131' title='bbox 3260 614 3642 671; x_wconf 65' lang='lat' dir='ltr'><strong>haereticorum</strong></span> 
     </span>
    </p>
   </div>
   <div class='ocr_carea' id='block_1_20' title="bbox 2063 703 3642 776">
    <p class='ocr_par' dir='ltr' id='par_1_20' title="bbox 2063 703 3642 776">
     <span class='ocr_line' id='line_1_20' title="bbox 2063 703 3642 776; baseline 0.001 -15"><span class='ocrx_word' id='word_1_132' title='bbox 2063 705 2460 776; x_wconf 85' lang='lat' dir='ltr'><strong>gentiliumque</strong></span> <span class='ocrx_word' id='word_1_133' title='bbox 2496 703 2752 774; x_wconf 83' lang='lat' dir='ltr'><strong>ﬁgmenta</strong></span> <span class='ocrx_word' id='word_1_134' title='bbox 2788 713 3106 760; x_wconf 81' lang='lat' dir='ltr'><strong>sanctorum</strong></span> <span class='ocrx_word' id='word_1_135' title='bbox 3133 705 3420 761; x_wconf 87' lang='lat' dir='ltr'><strong>doctorum</strong></span> <span class='ocrx_word' id='word_1_136' title='bbox 3451 707 3642 773; x_wconf 83' lang='lat' dir='ltr'><strong>verba.</strong></span> 
     </span>
    </p>
   </div>
   <div class='ocr_carea' id='block_1_21' title="bbox 2063 795 3642 866">
    <p class='ocr_par' dir='ltr' id='par_1_21' title="bbox 2063 795 3642 866">
     <span class='ocr_line' id='line_1_21' title="bbox 2063 795 3642 866; baseline 0.003 -15"><span class='ocrx_word' id='word_1_137' title='bbox 2063 796 2332 866; x_wconf 81' lang='lat' dir='ltr'><strong>dogmatis</strong></span> <span class='ocrx_word' id='word_1_138' title='bbox 2353 795 2604 849; x_wconf 84' lang='lat' dir='ltr'><strong>veritatis</strong></span> <span class='ocrx_word' id='word_1_139' title='bbox 2625 796 2992 865; x_wconf 83' lang='lat' dir='ltr'><strong>patrocinium</strong></span> <span class='ocrx_word' id='word_1_140' title='bbox 3013 796 3266 863; x_wconf 80' lang='lat' dir='ltr'><strong>ferentia,</strong></span> <span class='ocrx_word' id='word_1_141' title='bbox 3299 797 3642 854; x_wconf 83' lang='lat' dir='ltr'><strong>ﬂammarum</strong></span> 
     </span>
    </p>
   </div>
   <div class='ocr_carea' id='block_1_22' title="bbox 2062 886 3642 959">
    <p class='ocr_par' dir='ltr' id='par_1_22' title="bbox 2062 886 3642 959">
     <span class='ocr_line' id='line_1_22' title="bbox 2062 886 3642 959; baseline 0.002 -17"><span class='ocrx_word' id='word_1_142' title='bbox 2062 897 2156 942; x_wconf 86' lang='lat' dir='ltr'><strong>aut</strong></span> <span class='ocrx_word' id='word_1_143' title='bbox 2177 888 2318 958; x_wconf 88' lang='lat' dir='ltr'><strong>ignis</strong></span> <span class='ocrx_word' id='word_1_144' title='bbox 2345 886 2538 952; x_wconf 90' lang='lat' dir='ltr'><strong>instar,</strong></span> <span class='ocrx_word' id='word_1_145' title='bbox 2566 886 2833 956; x_wconf 81' lang='lat' dir='ltr'><strong>impetum</strong></span> <span class='ocrx_word' id='word_1_146' title='bbox 2859 886 3112 950; x_wconf 80' lang='lat' dir='ltr'><strong>fecerint,</strong></span> <span class='ocrx_word' id='word_1_147' title='bbox 3147 903 3245 958; x_wconf 92' lang='lat' dir='ltr'><strong>per</strong></span> <span class='ocrx_word' id='word_1_148' title='bbox 3282 889 3467 959; x_wconf 89' lang='lat' dir='ltr'><strong>spinas</strong></span> <span class='ocrx_word' id='word_1_149' title='bbox 3497 889 3642 944; x_wconf 86' lang='lat' dir='ltr'><strong>dun-</strong></span> 
     </span>
    </p>
   </div>
   <div class='ocr_carea' id='block_1_23' title="bbox 2063 977 3640 1050">
    <p class='ocr_par' dir='ltr' id='par_1_23' title="bbox 2063 977 3640 1050">
     <span class='ocr_line' id='line_1_23' title="bbox 2063 977 3640 1050; baseline 0.002 -19"><span class='ocrx_word' id='word_1_150' title='bbox 2063 986 2213 1033; x_wconf 77' lang='lat' dir='ltr'><strong>taxat</strong></span> <span class='ocrx_word' id='word_1_151' title='bbox 2238 978 2560 1043; x_wconf 85' lang='lat' dir='ltr'><strong>decurrant,</strong></span> <span class='ocrx_word' id='word_1_152' title='bbox 2587 977 2788 1047; x_wconf 86' lang='lat' dir='ltr'><strong>inquit,</strong></span> <span class='ocrx_word' id='word_1_153' title='bbox 2813 984 2870 1032; x_wconf 90' lang='lat' dir='ltr'><strong>et</strong></span> <span class='ocrx_word' id='word_1_154' title='bbox 2897 977 3116 1032; x_wconf 91' lang='lat' dir='ltr'><strong>illorum</strong></span> <span class='ocrx_word' id='word_1_155' title='bbox 3145 979 3350 1048; x_wconf 88' lang='lat' dir='ltr'><strong>scripta</strong></span> <span class='ocrx_word' id='word_1_156' title='bbox 3383 988 3640 1050; x_wconf 88' lang='lat' dir='ltr'><strong>tanquam</strong></span> 
     </span>
    </p>
   </div>
   <div class='ocr_carea' id='block_1_24' title="bbox 2060 1068 3644 1138">
    <p class='ocr_par' dir='ltr' id='par_1_24' title="bbox 2060 1068 3644 1138">
     <span class='ocr_line' id='line_1_24' title="bbox 2060 1068 3644 1138; baseline 0.003 -16"><span class='ocrx_word' id='word_1_157' title='bbox 2060 1069 2312 1124; x_wconf 85' lang='lat' dir='ltr'><strong>inutilem</strong></span> <span class='ocrx_word' id='word_1_158' title='bbox 2350 1068 2767 1138; x_wconf 88' lang='lat' dir='ltr'><strong>silvestremque</strong></span> <span class='ocrx_word' id='word_1_159' title='bbox 2807 1068 3094 1123; x_wconf 88' lang='lat' dir='ltr'><strong>materiam</strong></span> <span class='ocrx_word' id='word_1_160' title='bbox 3133 1068 3491 1136; x_wconf 80' lang='lat' dir='ltr'><strong>comburam;</strong></span> <span class='ocrx_word' id='word_1_161' title='bbox 3531 1085 3644 1127; x_wconf 88' lang='lat' dir='ltr'><strong>non</strong></span> 
     </span>
    </p>
   </div>
   <div class='ocr_carea' id='block_1_25' title="bbox 2059 1159 3657 1248">
    <p class='ocr_par' dir='ltr' id='par_1_25' title="bbox 2059 1159 3657 1248">
     <span class='ocr_line' id='line_1_25' title="bbox 2059 1159 3657 1248; baseline 0 -32"><span class='ocrx_word' id='word_1_162' title='bbox 2059 1170 2244 1216; x_wconf 86' lang='lat' dir='ltr'><strong>autem</strong></span> <span class='ocrx_word' id='word_1_163' title='bbox 2277 1161 2442 1217; x_wconf 88' lang='lat' dir='ltr'><strong>simul</strong></span> <span class='ocrx_word' id='word_1_164' title='bbox 2467 1161 2711 1216; x_wconf 90' lang='lat' dir='ltr'><strong>triticum</strong></span> <span class='ocrx_word' id='word_1_165' title='bbox 2737 1168 2835 1216; x_wconf 90' lang='lat' dir='ltr'><strong>aut</strong></span> <span class='ocrx_word' id='word_1_166' title='bbox 2864 1161 3043 1231; x_wconf 83' lang='lat' dir='ltr'><strong>spicas</strong></span> <span class='ocrx_word' id='word_1_167' title='bbox 3077 1161 3296 1227; x_wconf 66' lang='lat' dir='ltr'><strong>laedant,</strong></span> <span class='ocrx_word' id='word_1_168' title='bbox 3339 1161 3395 1215; x_wconf 90' lang='lat' dir='ltr'><strong>id</strong></span> <span class='ocrx_word' id='word_1_169' title='bbox 3423 1169 3528 1226; x_wconf 89' lang='lat' dir='ltr'><strong>est,</strong></span> <span class='ocrx_word' id='word_1_170' title='bbox 3555 1159 3657 1248; x_wconf 54' lang='lat' dir='ltr'><strong>ab;</strong></span> 
     </span>
    </p>
   </div>
   <div class='ocr_carea' id='block_1_26' title="bbox 2059 1251 3657 1324">
    <p class='ocr_par' dir='ltr' id='par_1_26' title="bbox 2059 1251 3657 1324">
     <span class='ocr_line' id='line_1_26' title="bbox 2059 1251 3657 1324; baseline 0.001 -18"><span class='ocrx_word' id='word_1_171' title='bbox 2059 1251 2289 1307; x_wconf 79' lang='lat' dir='ltr'><strong>tendant</strong></span> <span class='ocrx_word' id='word_1_172' title='bbox 2313 1252 2587 1316; x_wconf 91' lang='lat' dir='ltr'><strong>doctores,</strong></span> <span class='ocrx_word' id='word_1_173' title='bbox 2615 1266 2686 1306; x_wconf 92' lang='lat' dir='ltr'><strong>ne</strong></span> <span class='ocrx_word' id='word_1_174' title='bbox 2712 1252 2844 1322; x_wconf 88' lang='lat' dir='ltr'><strong>quid</strong></span> <span class='ocrx_word' id='word_1_175' title='bbox 2869 1253 3130 1309; x_wconf 87' lang='lat' dir='ltr'><strong>violente</strong></span> <span class='ocrx_word' id='word_1_176' title='bbox 3151 1252 3420 1324; x_wconf 80' lang='lat' dir='ltr'><strong>dogmatis</strong></span> <span class='ocrx_word' id='word_1_177' title='bbox 3442 1252 3657 1308; x_wconf 86' lang='lat' dir='ltr'><strong>verita-&#39;</strong></span> 
     </span>
    </p>
   </div>
   <div class='ocr_carea' id='block_1_27' title="bbox 2059 1344 3642 1415">
    <p class='ocr_par' dir='ltr' id='par_1_27' title="bbox 2059 1344 3642 1415">
     <span class='ocr_line' id='line_1_27' title="bbox 2059 1344 3642 1415; baseline 0.001 -17"><span class='ocrx_word' id='word_1_178' title='bbox 2059 1345 2130 1400; x_wconf 88' lang='lat' dir='ltr'><strong>tis</strong></span> <span class='ocrx_word' id='word_1_179' title='bbox 2161 1360 2179 1398; x_wconf 88' lang='lat'><strong>:</strong></span> <span class='ocrx_word' id='word_1_180' title='bbox 2211 1352 2307 1400; x_wconf 79' lang='lat' dir='ltr'><strong>aut</strong></span> <span class='ocrx_word' id='word_1_181' title='bbox 2329 1345 2484 1411; x_wconf 83' lang='lat' dir='ltr'><strong>sciat,</strong></span> <span class='ocrx_word' id='word_1_182' title='bbox 2518 1345 2718 1414; x_wconf 87' lang='lat' dir='ltr'><strong>inquit,</strong></span> <span class='ocrx_word' id='word_1_183' title='bbox 2743 1346 2860 1415; x_wconf 88' lang='lat' dir='ltr'><strong>qui,</strong></span> <span class='ocrx_word' id='word_1_184' title='bbox 2886 1345 2943 1401; x_wconf 76' lang='lat' dir='ltr'><strong>id</strong></span> <span class='ocrx_word' id='word_1_185' title='bbox 2974 1354 3037 1400; x_wconf 95' lang='lat' dir='ltr'><strong>ut</strong></span> <span class='ocrx_word' id='word_1_186' title='bbox 3070 1353 3231 1401; x_wconf 87' lang='lat' dir='ltr'><strong>caute</strong></span> <span class='ocrx_word' id='word_1_187' title='bbox 3268 1344 3495 1412; x_wconf 81' lang='lat' dir='ltr'><strong>faceret,</strong></span> <span class='ocrx_word' id='word_1_188' title='bbox 3530 1359 3642 1400; x_wconf 89' lang='lat' dir='ltr'><strong>non</strong></span> 
     </span>
    </p>
   </div>
   <div class='ocr_carea' id='block_1_28' title="bbox 2058 1436 3643 1508">
    <p class='ocr_par' dir='ltr' id='par_1_28' title="bbox 2058 1436 3643 1508">
     <span class='ocr_line' id='line_1_28' title="bbox 2058 1436 3643 1508; baseline -0.001 -16"><span class='ocrx_word' id='word_1_189' title='bbox 2058 1437 2348 1502; x_wconf 83' lang='lat' dir='ltr'><strong>laboravit,</strong></span> <span class='ocrx_word' id='word_1_190' title='bbox 2396 1438 2441 1493; x_wconf 90' lang='lat' dir='ltr'><strong>si</strong></span> <span class='ocrx_word' id='word_1_191' title='bbox 2477 1437 2609 1508; x_wconf 91' lang='lat' dir='ltr'><strong>quid</strong></span> <span class='ocrx_word' id='word_1_192' title='bbox 2640 1453 2855 1505; x_wconf 90' lang='lat' dir='ltr'><strong>eorum,</strong></span> <span class='ocrx_word' id='word_1_193' title='bbox 2892 1453 3013 1508; x_wconf 90' lang='lat' dir='ltr'><strong>quae</strong></span> <span class='ocrx_word' id='word_1_194' title='bbox 3047 1438 3114 1492; x_wconf 88' lang='lat' dir='ltr'><strong>ad</strong></span> <span class='ocrx_word' id='word_1_195' title='bbox 3141 1452 3302 1492; x_wconf 90' lang='lat' dir='ltr'><strong>usum</strong></span> <span class='ocrx_word' id='word_1_196' title='bbox 3330 1436 3643 1492; x_wconf 85' lang='lat' dir='ltr'><strong>necessaria</strong></span> 
     </span>
    </p>
   </div>
   <div class='ocr_carea' id='block_1_29' title="bbox 2058 1528 3657 1614">
    <p class='ocr_par' dir='ltr' id='par_1_29' title="bbox 2058 1528 3657 1614">
     <span class='ocr_line' id='line_1_29' title="bbox 2058 1528 3657 1614; baseline -0.002 -27"><span class='ocrx_word' id='word_1_197' title='bbox 2058 1539 2206 1597; x_wconf 87' lang='lat' dir='ltr'><strong>sunt,</strong></span> <span class='ocrx_word' id='word_1_198' title='bbox 2248 1532 2410 1586; x_wconf 87' lang='lat' dir='ltr'><strong>simul</strong></span> <span class='ocrx_word' id='word_1_199' title='bbox 2451 1546 2578 1586; x_wconf 91' lang='lat' dir='ltr'><strong>cum</strong></span> <span class='ocrx_word' id='word_1_200' title='bbox 2615 1531 2830 1587; x_wconf 86' lang='lat' dir='ltr'><strong>vitiosis</strong></span> <span class='ocrx_word' id='word_1_201' title='bbox 2861 1529 3199 1601; x_wconf 82' lang='lat' dir='ltr'><strong>conﬂagrare</strong></span> <span class='ocrx_word' id='word_1_202' title='bbox 3233 1528 3545 1601; x_wconf 79' lang='lat' dir='ltr'><strong>contigerit,</strong></span> <span class='ocrx_word' id='word_1_203' title='bbox 3583 1543 3657 1614; x_wconf 43' lang='lat' dir='ltr'><strong>sel</strong></span> 
     </span>
    </p>
   </div>
   <div class='ocr_carea' id='block_1_30' title="bbox 2057 1615 3657 1695">
    <p class='ocr_par' dir='ltr' id='par_1_30' title="bbox 2057 1615 3657 1695">
     <span class='ocr_line' id='line_1_30' title="bbox 2057 1615 3657 1695; baseline -0.002 -15"><span class='ocrx_word' id='word_1_204' title='bbox 2057 1640 2249 1694; x_wconf 59' lang='lat' dir='ltr'><strong>poenas</strong></span> <span class='ocrx_word' id='word_1_205' title='bbox 2270 1625 2653 1695; x_wconf 66' lang='lat' dir='ltr'><strong>imprudentiae</strong></span> <span class='ocrx_word' id='word_1_206' title='bbox 2675 1625 2952 1680; x_wconf 91' lang='lat' dir='ltr'><strong>daturum.</strong></span> <span class='ocrx_word' id='word_1_207' title='bbox 2977 1624 3234 1680; x_wconf 83' lang='lat' dir='ltr'><strong>Advertis</strong></span> <span class='ocrx_word' id='word_1_208' title='bbox 3257 1623 3444 1695; x_wconf 79' lang='lat' dir='ltr'><strong>igitur,</strong></span> <span class='ocrx_word' id='word_1_209' title='bbox 3469 1615 3657 1693; x_wconf 43' lang='lat' dir='ltr'><strong>quan?</strong></span> 
     </span>
    </p>
   </div>
   <div class='ocr_carea' id='block_1_31' title="bbox 2059 1715 3642 1788">
    <p class='ocr_par' dir='ltr' id='par_1_31' title="bbox 2059 1715 3642 1788">
     <span class='ocr_line' id='line_1_31' title="bbox 2059 1715 3642 1788; baseline -0.001 -18"><span class='ocrx_word' id='word_1_210' title='bbox 2059 1725 2167 1770; x_wconf 88' lang='lat' dir='ltr'><strong>tam</strong></span> <span class='ocrx_word' id='word_1_211' title='bbox 2193 1731 2294 1772; x_wconf 91' lang='lat' dir='ltr'><strong>nos</strong></span> <span class='ocrx_word' id='word_1_212' title='bbox 2315 1717 2580 1774; x_wconf 89' lang='lat' dir='ltr'><strong>adhibere</strong></span> <span class='ocrx_word' id='word_1_213' title='bbox 2602 1718 2911 1774; x_wconf 88' lang='lat' dir='ltr'><strong>cautionem</strong></span> <span class='ocrx_word' id='word_1_214' title='bbox 2937 1717 3162 1788; x_wconf 85' lang='lat' dir='ltr'><strong>jusserit</strong></span> <span class='ocrx_word' id='word_1_215' title='bbox 3192 1717 3492 1786; x_wconf 88' lang='lat' dir='ltr'><strong>legislator,</strong></span> <span class='ocrx_word' id='word_1_216' title='bbox 3518 1715 3642 1770; x_wconf 91' lang='lat' dir='ltr'><strong>ubi-</strong></span> 
     </span>
    </p>
   </div>
   <div class='ocr_carea' id='block_1_32' title="bbox 383 1806 1958 1879">
    <p class='ocr_par' dir='ltr' id='par_1_32' title="bbox 383 1806 1956 1879">
     <span class='ocr_line' id='line_1_32' title="bbox 383 1806 1956 1879; baseline 0.004 -21"><span class='ocrx_word' id='word_1_217' title='bbox 383 1806 608 1876; x_wconf 84' lang='grc' dir='ltr'>τέταχεν</span> <span class='ocrx_word' id='word_1_218' title='bbox 647 1806 677 1859; x_wconf 87' lang='grc' dir='ltr'><strong>ό</strong></span> <span class='ocrx_word' id='word_1_219' title='bbox 715 1806 1040 1877; x_wconf 83' lang='grc' dir='ltr'>νομοθετῶν,</span> <span class='ocrx_word' id='word_1_220' title='bbox 1071 1807 1170 1877; x_wconf 83' lang='grc' dir='ltr'>τῆς</span> <span class='ocrx_word' id='word_1_221' title='bbox 1208 1810 1288 1871; x_wconf 88' lang='grc' dir='ltr'><strong>είς</strong></span> <span class='ocrx_word' id='word_1_222' title='bbox 1339 1807 1603 1878; x_wconf 82' lang='grc' dir='ltr'>ἀδελφοὺς</span> <span class='ocrx_word' id='word_1_223' title='bbox 1635 1809 1854 1879; x_wconf 86' lang='grc' dir='ltr'>ἀγάπης</span> <span class='ocrx_word' id='word_1_224' title='bbox 1894 1810 1956 1864; x_wconf 80' lang='grc' dir='ltr'>τὸ</span> 
     </span>
    </p>
   </div>
   <div class='ocr_carea' id='block_1_33' title="bbox 2060 1806 3638 1879">
    <p class='ocr_par' dir='ltr' id='par_1_33' title="bbox 2060 1807 3638 1878">
     <span class='ocr_line' id='line_1_33' title="bbox 2060 1807 3638 1878; baseline -0.002 -15"><span class='ocrx_word' id='word_1_225' title='bbox 2060 1825 2162 1878; x_wconf 90' lang='lat' dir='ltr'><strong>que</strong></span> <span class='ocrx_word' id='word_1_226' title='bbox 2187 1808 2474 1863; x_wconf 86' lang='lat' dir='ltr'><strong>charitatis</strong></span> <span class='ocrx_word' id='word_1_227' title='bbox 2496 1809 2553 1863; x_wconf 90' lang='lat' dir='ltr'><strong>in</strong></span> <span class='ocrx_word' id='word_1_228' title='bbox 2574 1809 2777 1865; x_wconf 82' lang='lat' dir='ltr'><strong>fratres</strong></span> <span class='ocrx_word' id='word_1_229' title='bbox 2802 1807 3174 1864; x_wconf 89' lang='lat' dir='ltr'><strong>sinceritatem</strong></span> <span class='ocrx_word' id='word_1_230' title='bbox 3212 1822 3406 1877; x_wconf 90' lang='lat' dir='ltr'><strong>puram</strong></span> <span class='ocrx_word' id='word_1_231' title='bbox 3445 1814 3500 1862; x_wconf 90' lang='lat' dir='ltr'><strong>et</strong></span> <span class='ocrx_word' id='word_1_232' title='bbox 3533 1807 3638 1860; x_wconf 86' lang='lat' dir='ltr'><strong>im-</strong></span> 
     </span>
    </p>
   </div>
   <div class='ocr_carea' id='block_1_34' title="bbox 383 1895 1613 1971">
    <p class='ocr_par' dir='ltr' id='par_1_34' title="bbox 383 1895 1613 1971">
     <span class='ocr_line' id='line_1_34' title="bbox 383 1895 1613 1971; baseline 0.006 -24"><span class='ocrx_word' id='word_1_233' title='bbox 383 1895 669 1966; x_wconf 80' lang='grc' dir='ltr'>είλικρινὲς</span> <span class='ocrx_word' id='word_1_234' title='bbox 699 1896 966 1952; x_wconf 86' lang='grc' dir='ltr'>ἀθόλωτον</span> <span class='ocrx_word' id='word_1_235' title='bbox 998 1898 1296 1963; x_wconf 79' lang='grc' dir='ltr'>ἀποσώζων</span> <span class='ocrx_word' id='word_1_236' title='bbox 1327 1899 1613 1971; x_wconf 75' lang='grc' dir='ltr'>πανταχῆς</span> 
     </span>
    </p>
   </div>
   <div class='ocr_carea' id='block_1_35' title="bbox 450 1986 944 2061">
    <p class='ocr_par' dir='ltr' id='par_1_35' title="bbox 450 1986 944 2061">
     <span class='ocr_line' id='line_1_35' title="bbox 450 1986 944 2061; baseline 0.008 -22"><span class='ocrx_word' id='word_1_237' title='bbox 450 1986 658 2041; x_wconf 82' lang='grc' dir='ltr'><strong>ΠΔΛΛ.</strong></span> <span class='ocrx_word' id='word_1_238' title='bbox 691 1988 944 2061; x_wconf 87' lang='grc' dir='ltr'>Συνίημι.</span> 
     </span>
    </p>
   </div>
   <div class='ocr_carea' id='block_1_36' title="bbox 2056 1899 2739 1970">
    <p class='ocr_par' dir='ltr' id='par_1_36' title="bbox 2056 1899 2739 1970">
     <span class='ocr_line' id='line_1_36' title="bbox 2056 1899 2739 1970; baseline 0 -16"><span class='ocrx_word' id='word_1_239' title='bbox 2056 1899 2434 1970; x_wconf 88' lang='lat' dir='ltr'><strong>perturbatam</strong></span> <span class='ocrx_word' id='word_1_240' title='bbox 2475 1901 2739 1954; x_wconf 79' lang='lat' dir='ltr'><strong>servans?</strong></span> 
     </span>
    </p>
   </div>
   <div class='ocr_carea' id='block_1_37' title="bbox 2128 1989 2753 2061">
    <p class='ocr_par' dir='ltr' id='par_1_37' title="bbox 2128 1989 2753 2061">
     <span class='ocr_line' id='line_1_37' title="bbox 2128 1989 2753 2061; baseline -0.003 -17"><span class='ocrx_word' id='word_1_241' title='bbox 2128 1989 2324 2044; x_wconf 84' lang='lat' dir='ltr'><strong>PALL.</strong></span> <span class='ocrx_word' id='word_1_242' title='bbox 2360 1989 2632 2061; x_wconf 87' lang='lat' dir='ltr'><strong>Intelligo.</strong></span> <span class='ocrx_word' id='word_1_243' title='bbox 2741 2019 2753 2055; x_wconf 63' lang='grc' dir='ltr'>ς</span> 
     </span>
    </p>
   </div>
   <div class='ocr_carea' id='block_1_38' title="bbox 379 2199 3623 2235">
    <p class='ocr_par' dir='ltr' id='par_1_38' title="bbox 379 2199 3623 2235">
     <span class='ocr_line' id='line_1_38' title="bbox 379 2199 3623 2235; baseline -0.002 -2"><span class='ocrx_word' id='word_1_244' title='bbox 379 2199 3623 2235; x_wconf 63' lang='lat' dir='ltr'><em>W</em></span> 
     </span>
    </p>
   </div>
   <div class='ocr_carea' id='block_1_39' title="bbox 631 2287 3080 2521">
    <p class='ocr_par' dir='ltr' id='par_1_39' title="bbox 631 2287 3080 2521">
     <span class='ocr_line' id='line_1_39' title="bbox 631 2287 3080 2521; baseline 0 -7"><span class='ocrx_word' id='word_1_245' title='bbox 631 2498 666 2513; x_wconf 77' lang='lat'><strong>-</strong></span> <span class='ocrx_word' id='word_1_246' title='bbox 941 2389 1334 2516; x_wconf 80' lang='grc' dir='ltr'><strong>ΠΕΡΙ</strong></span> <span class='ocrx_word' id='word_1_247' title='bbox 1434 2390 1774 2517; x_wconf 81' lang='grc' dir='ltr'><strong>ΤΗΣ</strong></span> <span class='ocrx_word' id='word_1_248' title='bbox 1878 2391 2083 2515; x_wconf 88' lang='lat' dir='ltr'><strong>EN</strong></span> <span class='ocrx_word' id='word_1_249' title='bbox 2201 2287 3080 2521; x_wconf 81' lang='grc' dir='ltr'><strong>ΠΝΕΥΜΑΤΙ</strong></span> 
     </span>
    </p>
   </div>
   <div class='ocr_carea' id='block_1_40' title="bbox 1624 2644 2382 2738">
    <p class='ocr_par' dir='ltr' id='par_1_40' title="bbox 1624 2644 2382 2738">
     <span class='ocr_line' id='line_1_40' title="bbox 1624 2644 2382 2738; baseline 0 -3"><span class='ocrx_word' id='word_1_250' title='bbox 1624 2646 1820 2735; x_wconf 85' lang='grc' dir='ltr'><strong>ΚΑΙ</strong></span> <span class='ocrx_word' id='word_1_251' title='bbox 1893 2644 2382 2738; x_wconf 85' lang='grc' dir='ltr'><strong>ΑΛΗΘΕΙΑ</strong></span> 
     </span>
    </p>
   </div>
   <div class='ocr_carea' id='block_1_41' title="bbox 803 2858 3212 2982">
    <p class='ocr_par' dir='ltr' id='par_1_41' title="bbox 803 2858 3212 2982">
     <span class='ocr_line' id='line_1_41' title="bbox 803 2858 3212 2982; baseline -0.001 -2"><span class='ocrx_word' id='word_1_252' title='bbox 803 2864 2022 2982; x_wconf 86' lang='grc' dir='ltr'><strong>ΠΡΟΣΚΥΝΗΣΕΩΣ</strong></span> <span class='ocrx_word' id='word_1_253' title='bbox 2096 2866 2374 2976; x_wconf 85' lang='grc' dir='ltr'><strong>ΚΑΙ</strong></span> <span class='ocrx_word' id='word_1_254' title='bbox 2466 2858 3212 2980; x_wconf 86' lang='grc' dir='ltr'><strong>ΛΑΤΡΕΙΑΣ</strong></span> 
     </span>
    </p>
   </div>
   <div class='ocr_carea' id='block_1_42' title="bbox 1554 3103 2464 3192">
    <p class='ocr_par' dir='ltr' id='par_1_42' title="bbox 1554 3103 2464 3192">
     <span class='ocr_line' id='line_1_42' title="bbox 1554 3103 2464 3192; baseline 0.002 -3"><span class='ocrx_word' id='word_1_255' title='bbox 1554 3104 1919 3190; x_wconf 88' lang='grc' dir='ltr'><strong>ΛΟΓΟΣ</strong></span> <span class='ocrx_word' id='word_1_256' title='bbox 1995 3103 2464 3192; x_wconf 90' lang='grc' dir='ltr'><strong>ΟΓΔΟΟΣ.</strong></span> 
     </span>
    </p>
   </div>
   <div class='ocr_carea' id='block_1_43' title="bbox 507 3427 3534 3556">
    <p class='ocr_par' dir='ltr' id='par_1_43' title="bbox 507 3427 3534 3556">
     <span class='ocr_line' id='line_1_43' title="bbox 507 3427 3534 3556; baseline 0.004 -13"><span class='ocrx_word' id='word_1_257' title='bbox 507 3431 687 3544; x_wconf 89' lang='lat' dir='ltr'><strong>DE</strong></span> <span class='ocrx_word' id='word_1_258' title='bbox 799 3427 1721 3546; x_wconf 82' lang='lat' dir='ltr'><strong>ADOBATIONE</strong></span> <span class='ocrx_word' id='word_1_259' title='bbox 1815 3431 1998 3545; x_wconf 87' lang='lat' dir='ltr'><strong>ET</strong></span> <span class='ocrx_word' id='word_1_260' title='bbox 2098 3432 2575 3551; x_wconf 86' lang='lat' dir='ltr'><strong>CULTU</strong></span> <span class='ocrx_word' id='word_1_261' title='bbox 2688 3431 2835 3551; x_wconf 91' lang='lat' dir='ltr'><strong>IN</strong></span> <span class='ocrx_word' id='word_1_262' title='bbox 2953 3433 3534 3556; x_wconf 83' lang='lat' dir='ltr'><strong>SPIRITU</strong></span> 
     </span>
    </p>
   </div>
   <div class='ocr_carea' id='block_1_44' title="bbox 1536 3691 2455 3800">
    <p class='ocr_par' dir='ltr' id='par_1_44' title="bbox 1536 3691 2455 3800">
     <span class='ocr_line' id='line_1_44' title="bbox 1536 3691 2455 3800; baseline 0.003 -3"><span class='ocrx_word' id='word_1_263' title='bbox 1536 3696 1700 3798; x_wconf 91' lang='lat' dir='ltr'>ET</span> <span class='ocrx_word' id='word_1_264' title='bbox 1795 3691 2455 3800; x_wconf 82' lang='lat' dir='ltr'><strong>VEBITATE</strong></span> 
     </span>
    </p>
   </div>
   <div class='ocr_carea' id='block_1_45' title="bbox 1477 3934 2536 4020">
    <p class='ocr_par' dir='ltr' id='par_1_45' title="bbox 1477 3934 2536 4020">
     <span class='ocr_line' id='line_1_45' title="bbox 1477 3934 2536 4020; baseline 0.001 -6"><span class='ocrx_word' id='word_1_265' title='bbox 1477 3934 1834 4017; x_wconf 81' lang='lat' dir='ltr'>LIBER</span> <span class='ocrx_word' id='word_1_266' title='bbox 1936 3938 2536 4020; x_wconf 86' lang='lat' dir='ltr'><strong>OCTAVUS.</strong></span> 
     </span>
    </p>
   </div>
   <div class='ocr_carea' id='block_1_46' title="bbox 386 4243 1958 4340">
    <p class='ocr_par' dir='ltr' id='par_1_46' title="bbox 386 4243 1954 4340">
     <span class='ocr_line' id='line_1_46' title="bbox 386 4243 1954 4340; baseline 0.003 -42"><span class='ocrx_word' id='word_1_267' title='bbox 386 4244 507 4299; x_wconf 81' lang='grc' dir='ltr'><strong>Ἔτι</strong></span> <span class='ocrx_word' id='word_1_268' title='bbox 543 4244 676 4325; x_wconf 62' lang='grc' dir='ltr'>περὶ</span> <span class='ocrx_word' id='word_1_269' title='bbox 724 4243 1128 4340; x_wconf 41' lang='grc' dir='ltr'><strong>ἀχζιίσΞἾςΨΪ-ῆς</strong></span> <span class='ocrx_word' id='word_1_270' title='bbox 1171 4248 1259 4340; x_wconf 49' lang='grc' dir='ltr'><strong>είς</strong></span> <span class='ocrx_word' id='word_1_271' title='bbox 1309 4245 1634 4340; x_wconf 49' lang='grc' dir='ltr'>ἀδξλφοιὲξ,</span> <span class='ocrx_word' id='word_1_272' title='bbox 1666 4247 1765 4302; x_wconf 76' lang='grc' dir='ltr'>καὶ</span> <span class='ocrx_word' id='word_1_273' title='bbox 1803 4249 1954 4302; x_wconf 84' lang='grc' dir='ltr'>κατὰ</span> 
     </span>
    </p>
   </div>
   <div class='ocr_carea' id='block_1_47' title="bbox 2060 4243 3652 4340">
    <p class='ocr_par' dir='ltr' id='par_1_47' title="bbox 2060 4247 3652 4340">
     <span class='ocr_line' id='line_1_47' title="bbox 2060 4247 3652 4340; baseline 0.002 -37"><span class='ocrx_word' id='word_1_274' title='bbox 2060 4248 2190 4304; x_wconf 82' lang='lat' dir='ltr'><strong>Item</strong></span> <span class='ocrx_word' id='word_1_275' title='bbox 2224 4250 2287 4304; x_wconf 78' lang='lat' dir='ltr'><strong>de</strong></span> <span class='ocrx_word' id='word_1_276' title='bbox 2325 4248 2585 4304; x_wconf 81' lang='lat' dir='ltr'><strong>charitatc</strong></span> <span class='ocrx_word' id='word_1_277' title='bbox 2615 4250 2674 4340; x_wconf 48' lang='lat' dir='ltr'><strong>in,</strong></span> <span class='ocrx_word' id='word_1_278' title='bbox 2695 4250 2908 4340; x_wconf 65' lang='lat' dir='ltr'><strong>fratres,</strong></span> <span class='ocrx_word' id='word_1_279' title='bbox 2948 4257 2997 4302; x_wconf 79' lang='lat' dir='ltr'><strong>et</strong></span> <span class='ocrx_word' id='word_1_280' title='bbox 3024 4250 3086 4303; x_wconf 85' lang='lat' dir='ltr'><strong>de</strong></span> <span class='ocrx_word' id='word_1_281' title='bbox 3110 4265 3169 4304; x_wconf 84' lang='lat' dir='ltr'><strong>ea</strong></span> <span class='ocrx_word' id='word_1_282' title='bbox 3193 4249 3282 4318; x_wconf 80' lang='lat' dir='ltr'><strong>qui</strong></span> <span class='ocrx_word' id='word_1_283' title='bbox 3310 4248 3524 4318; x_wconf 78' lang='lat' dir='ltr'><strong>furatur</strong></span> <span class='ocrx_word' id='word_1_284' title='bbox 3554 4247 3652 4340; x_wconf 45' lang='grc' dir='ltr'><strong>υἱέ</strong></span> 
     </span>
    </p>
   </div>
   <div class='ocr_carea' id='block_1_48' title="bbox 554 4312 1775 4385">
    <p class='ocr_par' dir='ltr' id='par_1_48' title="bbox 554 4312 1775 4385">
     <span class='ocr_line' id='line_1_48' title="bbox 554 4312 1775 4385; baseline 0.003 -17"><span class='ocrx_word' id='word_1_285' title='bbox 554 4313 659 4369; x_wconf 81' lang='grc' dir='ltr'>τοῦ</span> <span class='ocrx_word' id='word_1_286' title='bbox 702 4312 1071 4378; x_wconf 72' lang='grc' dir='ltr'>κλέπτοντος</span> <span class='ocrx_word' id='word_1_287' title='bbox 1118 4318 1360 4384; x_wconf 79' lang='grc' dir='ltr'>μόσχον</span> <span class='ocrx_word' id='word_1_288' title='bbox 1386 4315 1424 4385; x_wconf 79' lang='grc' dir='ltr'><strong>ἢ</strong></span> <span class='ocrx_word' id='word_1_289' title='bbox 1460 4312 1775 4385; x_wconf 66' lang='grc' dir='ltr'>πρόϐατον.</span> 
     </span>
    </p>
   </div>
   <div class='ocr_carea' id='block_1_49' title="bbox 453 4420 1952 4500">
    <p class='ocr_par' dir='ltr' id='par_1_49' title="bbox 453 4420 1952 4500">
     <span class='ocr_line' id='line_1_49' title="bbox 453 4420 1952 4500; baseline 0.001 -19"><span class='ocrx_word' id='word_1_290' title='bbox 453 4426 796 4498; x_wconf 73' lang='grc' dir='ltr'>Πανταχόθεν</span> <span class='ocrx_word' id='word_1_291' title='bbox 845 4425 909 4497; x_wconf 83' lang='grc' dir='ltr'>δὴ</span> <span class='ocrx_word' id='word_1_292' title='bbox 967 4420 1079 4489; x_wconf 84' lang='grc' dir='ltr'>οὖν,</span> <span class='ocrx_word' id='word_1_293' title='bbox 1110 4420 1154 4480; x_wconf 80' lang='grc' dir='ltr'>ὦ</span> <span class='ocrx_word' id='word_1_294' title='bbox 1179 4427 1466 4494; x_wconf 81' lang='grc' dir='ltr'>Παλλάδιε,</span> <span class='ocrx_word' id='word_1_295' title='bbox 1499 4430 1650 4500; x_wconf 83' lang='grc' dir='ltr'>πάρα</span> <span class='ocrx_word' id='word_1_296' title='bbox 1680 4447 1762 4484; x_wconf 89' lang='grc' dir='ltr'><strong>σοι</strong></span> <span class='ocrx_word' id='word_1_297' title='bbox 1789 4433 1952 4494; x_wconf 83' lang='grc' dir='ltr'>νοεῖν,</span> 
     </span>
    </p>
   </div>
   <div class='ocr_carea' id='block_1_50' title="bbox 383 4517 1956 4590">
    <p class='ocr_par' dir='ltr' id='par_1_50' title="bbox 383 4517 1956 4590">
     <span class='ocr_line' id='line_1_50' title="bbox 383 4517 1956 4590; baseline 0.001 -18"><span class='ocrx_word' id='word_1_298' title='bbox 383 4517 457 4581; x_wconf 82' lang='grc' dir='ltr'><strong>ὡς</strong></span> <span class='ocrx_word' id='word_1_299' title='bbox 489 4518 680 4590; x_wconf 86' lang='grc' dir='ltr'>ὀρθούς</span> <span class='ocrx_word' id='word_1_300' title='bbox 724 4535 786 4571; x_wconf 90' lang='grc' dir='ltr'><strong>τε</strong></span> <span class='ocrx_word' id='word_1_301' title='bbox 836 4518 931 4570; x_wconf 78' lang='grc' dir='ltr'>καὶ</span> <span class='ocrx_word' id='word_1_302' title='bbox 972 4517 1222 4586; x_wconf 87' lang='grc' dir='ltr'>ἀκριϐεῖς</span> <span class='ocrx_word' id='word_1_303' title='bbox 1249 4519 1388 4586; x_wconf 82' lang='grc' dir='ltr'>ἀγαν</span> <span class='ocrx_word' id='word_1_304' title='bbox 1427 4520 1699 4573; x_wconf 87' lang='grc' dir='ltr'>ποιεῖσθαι</span> <span class='ocrx_word' id='word_1_305' title='bbox 1743 4519 1956 4574; x_wconf 83' lang='grc' dir='ltr'>κελεύει</span> 
     </span>
    </p>
   </div>
   <div class='ocr_carea' id='block_1_51' title="bbox 384 4608 1953 4682">
    <p class='ocr_par' dir='ltr' id='par_1_51' title="bbox 384 4608 1953 4682">
     <span class='ocr_line' id='line_1_51' title="bbox 384 4608 1953 4682; baseline -0.002 -16"><span class='ocrx_word' id='word_1_306' title='bbox 384 4611 481 4680; x_wconf 81' lang='grc' dir='ltr'>τῆς</span> <span class='ocrx_word' id='word_1_307' title='bbox 515 4609 903 4680; x_wconf 88' lang='grc' dir='ltr'>μυσταγωγίας</span> <span class='ocrx_word' id='word_1_308' title='bbox 942 4610 1069 4673; x_wconf 84' lang='grc' dir='ltr'>τοὺς</span> <span class='ocrx_word' id='word_1_309' title='bbox 1118 4608 1312 4678; x_wconf 84' lang='grc' dir='ltr'>λόγους</span> <span class='ocrx_word' id='word_1_310' title='bbox 1345 4611 1441 4664; x_wconf 71' lang='grc' dir='ltr'>καὶ</span> <span class='ocrx_word' id='word_1_311' title='bbox 1489 4612 1517 4662; x_wconf 88' lang='grc' dir='ltr'><strong>ό</strong></span> <span class='ocrx_word' id='word_1_312' title='bbox 1566 4611 1740 4666; x_wconf 80' lang='grc' dir='ltr'>πάλαι</span> <span class='ocrx_word' id='word_1_313' title='bbox 1768 4613 1953 4682; x_wconf 89' lang='grc' dir='ltr'>νόμος.</span> 
     </span>
    </p>
   </div>
   <div class='ocr_carea' id='block_1_52' title="bbox 387 4700 1957 4774">
    <p class='ocr_par' dir='ltr' id='par_1_52' title="bbox 387 4700 1957 4774">
     <span class='ocr_line' id='line_1_52' title="bbox 387 4700 1957 4774; baseline -0.001 -18"><span class='ocrx_word' id='word_1_314' title='bbox 387 4703 498 4756; x_wconf 83' lang='grc' dir='ltr'><strong>Οὐκ</strong></span> <span class='ocrx_word' id='word_1_315' title='bbox 525 4702 758 4774; x_wconf 79' lang='grc' dir='ltr'>ἀζήμιον</span> <span class='ocrx_word' id='word_1_316' title='bbox 787 4702 843 4755; x_wconf 80' lang='grc' dir='ltr'>δὲ</span> <span class='ocrx_word' id='word_1_317' title='bbox 877 4702 995 4766; x_wconf 82' lang='grc' dir='ltr'>τοῖς</span> <span class='ocrx_word' id='word_1_318' title='bbox 1040 4700 1316 4773; x_wconf 80' lang='grc' dir='ltr'>ὲξαπατᾷν</span> <span class='ocrx_word' id='word_1_319' title='bbox 1358 4700 1572 4755; x_wconf 84' lang='grc' dir='ltr'>εἰωθόσι</span> <span class='ocrx_word' id='word_1_320' title='bbox 1613 4701 1722 4758; x_wconf 83' lang='grc' dir='ltr'><strong>τῶν</strong></span> <span class='ocrx_word' id='word_1_321' title='bbox 1767 4703 1957 4756; x_wconf 78' lang='grc' dir='ltr'>ἁπλου-</span> 
     </span>
    </p>
   </div>
   <div class='ocr_carea' id='block_1_53' title="bbox 388 4794 1957 4866">
    <p class='ocr_par' dir='ltr' id='par_1_53' title="bbox 388 4794 1957 4866">
     <span class='ocr_line' id='line_1_53' title="bbox 388 4794 1957 4866; baseline 0.001 -19"><span class='ocrx_word' id='word_1_322' title='bbox 388 4794 591 4866; x_wconf 84' lang='grc' dir='ltr'>στέρων</span> <span class='ocrx_word' id='word_1_323' title='bbox 618 4795 770 4858; x_wconf 81' lang='grc' dir='ltr'>τινὰς</span> <span class='ocrx_word' id='word_1_324' title='bbox 802 4795 862 4848; x_wconf 85' lang='grc' dir='ltr'>τὸ</span> <span class='ocrx_word' id='word_1_325' title='bbox 893 4797 1083 4866; x_wconf 84' lang='grc' dir='ltr'>χρῆμα</span> <span class='ocrx_word' id='word_1_326' title='bbox 1117 4795 1311 4860; x_wconf 75' lang='grc' dir='ltr'>τιθεὶς,</span> <span class='ocrx_word' id='word_1_327' title='bbox 1348 4794 1451 4866; x_wconf 75' lang='grc' dir='ltr'>ἔφη</span> <span class='ocrx_word' id='word_1_328' title='bbox 1476 4794 1636 4848; x_wconf 77' lang='grc' dir='ltr'>πάλιν</span> <span class='ocrx_word' id='word_1_329' title='bbox 1655 4813 1669 4827; x_wconf 87' lang='grc'><strong>·</strong></span> <span class='ocrx_word' id='word_1_330' title='bbox 1707 4814 1725 4848; x_wconf 80' lang='grc' dir='ltr'><strong>ι</strong></span> <span class='ocrx_word' id='word_1_331' title='bbox 1750 4795 1874 4849; x_wconf 83' lang='grc' dir='ltr'><strong>Ἐὰν</strong></span> <span class='ocrx_word' id='word_1_332' title='bbox 1900 4795 1957 4848; x_wconf 81' lang='grc' dir='ltr'>δέ</span> 
     </span>
    </p>
   </div>
   <div class='ocr_carea' id='block_1_54' title="bbox 384 4884 1952 4958">
    <p class='ocr_par' dir='ltr' id='par_1_54' title="bbox 384 4884 1952 4958">
     <span class='ocr_line' id='line_1_54' title="bbox 384 4884 1952 4958; baseline 0.003 -22"><span class='ocrx_word' id='word_1_333' title='bbox 384 4901 469 4947; x_wconf 87' lang='grc' dir='ltr'><strong>τις</strong></span> <span class='ocrx_word' id='word_1_334' title='bbox 494 4884 666 4956; x_wconf 76' lang='grc' dir='ltr'>κλέψῃ</span> <span class='ocrx_word' id='word_1_335' title='bbox 714 4886 911 4955; x_wconf 87' lang='grc' dir='ltr'>μόσχον</span> <span class='ocrx_word' id='word_1_336' title='bbox 944 4886 976 4957; x_wconf 87' lang='grc' dir='ltr'>ἢ</span> <span class='ocrx_word' id='word_1_337' title='bbox 1006 4887 1297 4958; x_wconf 87' lang='grc' dir='ltr'>πρόϐατον,</span> <span class='ocrx_word' id='word_1_338' title='bbox 1330 4887 1424 4940; x_wconf 71' lang='grc' dir='ltr'>καὶ</span> <span class='ocrx_word' id='word_1_339' title='bbox 1460 4885 1636 4958; x_wconf 77' lang='grc' dir='ltr'>σφάξῃ</span> <span class='ocrx_word' id='word_1_340' title='bbox 1667 4886 1698 4958; x_wconf 84' lang='grc' dir='ltr'>ἢ</span> <span class='ocrx_word' id='word_1_341' title='bbox 1729 4886 1952 4940; x_wconf 81' lang='grc' dir='ltr'>ἀποδῶ-</span> 
     </span>
    </p>
   </div>
   <div class='ocr_carea' id='block_1_55' title="bbox 384 4977 1959 5050">
    <p class='ocr_par' dir='ltr' id='par_1_55' title="bbox 384 4977 1959 5050">
     <span class='ocr_line' id='line_1_55' title="bbox 384 4977 1959 5050; baseline 0.002 -22"><span class='ocrx_word' id='word_1_342' title='bbox 384 4993 496 5038; x_wconf 83' lang='grc' dir='ltr'>ται,</span> <span class='ocrx_word' id='word_1_343' title='bbox 532 4977 693 5029; x_wconf 81' lang='grc' dir='ltr'>πέντε</span> <span class='ocrx_word' id='word_1_344' title='bbox 751 4978 982 5046; x_wconf 78' lang='grc' dir='ltr'>μόσχους</span> <span class='ocrx_word' id='word_1_345' title='bbox 1020 4980 1269 5032; x_wconf 84' lang='grc' dir='ltr'>ἀποτίσει</span> <span class='ocrx_word' id='word_1_346' title='bbox 1321 4980 1442 5033; x_wconf 72' lang='grc' dir='ltr'>ἀντὶ</span> <span class='ocrx_word' id='word_1_347' title='bbox 1483 4978 1576 5032; x_wconf 82' lang='grc' dir='ltr'><strong>τοῦ</strong></span> <span class='ocrx_word' id='word_1_348' title='bbox 1611 4978 1832 5050; x_wconf 87' lang='grc' dir='ltr'>μόσχου,</span> <span class='ocrx_word' id='word_1_349' title='bbox 1865 4979 1959 5032; x_wconf 76' lang='grc' dir='ltr'>καὶ</span> 
     </span>
    </p>
   </div>
   <div class='ocr_carea' id='block_1_56' title="bbox 385 5066 1958 5140">
    <p class='ocr_par' dir='ltr' id='par_1_56' title="bbox 385 5066 1958 5140">
     <span class='ocr_line' id='line_1_56' title="bbox 385 5066 1958 5140; baseline 0.003 -22"><span class='ocrx_word' id='word_1_350' title='bbox 385 5067 629 5135; x_wconf 78' lang='grc' dir='ltr'>τέσσαρα</span> <span class='ocrx_word' id='word_1_351' title='bbox 658 5066 906 5135; x_wconf 83' lang='grc' dir='ltr'>πρόϐατα</span> <span class='ocrx_word' id='word_1_352' title='bbox 937 5069 1058 5121; x_wconf 75' lang='grc' dir='ltr'>ἀντὶ</span> <span class='ocrx_word' id='word_1_353' title='bbox 1093 5071 1187 5122; x_wconf 79' lang='grc' dir='ltr'>τοῦ</span> <span class='ocrx_word' id='word_1_354' title='bbox 1216 5071 1512 5140; x_wconf 82' lang='grc' dir='ltr'>προϐάτου.</span> <span class='ocrx_word' id='word_1_355' title='bbox 1556 5069 1683 5123; x_wconf 87' lang='grc' dir='ltr'>Ἐὰν</span> <span class='ocrx_word' id='word_1_356' title='bbox 1715 5070 1772 5123; x_wconf 81' lang='grc' dir='ltr'>δὲ</span> <span class='ocrx_word' id='word_1_357' title='bbox 1802 5071 1860 5123; x_wconf 87' lang='grc' dir='ltr'>ὲν</span> <span class='ocrx_word' id='word_1_358' title='bbox 1881 5069 1958 5140; x_wconf 79' lang='grc' dir='ltr'><strong>τῷ</strong></span> 
     </span>
    </p>
   </div>
   <div class='ocr_carea' id='block_1_57' title="bbox 387 5155 1957 5232">
    <p class='ocr_par' dir='ltr' id='par_1_57' title="bbox 387 5155 1957 5232">
     <span class='ocr_line' id='line_1_57' title="bbox 387 5155 1957 5232; baseline 0.003 -24"><span class='ocrx_word' id='word_1_359' title='bbox 387 5155 712 5226; x_wconf 80' lang='grc' dir='ltr'>διορύγματι</span> <span class='ocrx_word' id='word_1_360' title='bbox 735 5157 929 5228; x_wconf 79' lang='grc' dir='ltr'>εὑρεθῇ</span> <span class='ocrx_word' id='word_1_361' title='bbox 969 5161 997 5211; x_wconf 91' lang='grc' dir='ltr'>ὁ</span> <span class='ocrx_word' id='word_1_362' title='bbox 1031 5159 1286 5230; x_wconf 80' lang='grc' dir='ltr'>κλέπτης,</span> <span class='ocrx_word' id='word_1_363' title='bbox 1314 5163 1408 5214; x_wconf 77' lang='grc' dir='ltr'>καὶ</span> <span class='ocrx_word' id='word_1_364' title='bbox 1433 5161 1661 5232; x_wconf 75' lang='grc' dir='ltr'>πληγεὶς</span> <span class='ocrx_word' id='word_1_365' title='bbox 1690 5160 1957 5232; x_wconf 84' lang='grc' dir='ltr'>ἀποθάνῃ,</span> 
     </span>
    </p>
   </div>
   <div class='ocr_carea' id='block_1_58' title="bbox 388 5246 1961 5324">
    <p class='ocr_par' dir='ltr' id='par_1_58' title="bbox 388 5246 1961 5324">
     <span class='ocr_line' id='line_1_58' title="bbox 388 5246 1961 5324; baseline 0.004 -26"><span class='ocrx_word' id='word_1_366' title='bbox 388 5248 488 5300; x_wconf 78' lang='grc' dir='ltr'>οὐκ</span> <span class='ocrx_word' id='word_1_367' title='bbox 516 5246 663 5301; x_wconf 80' lang='grc' dir='ltr'>ἔστιν</span> <span class='ocrx_word' id='word_1_368' title='bbox 691 5246 838 5316; x_wconf 80' lang='grc' dir='ltr'>αὐτῷ</span> <span class='ocrx_word' id='word_1_369' title='bbox 878 5248 1035 5315; x_wconf 85' lang='grc' dir='ltr'>φόνος</span> <span class='ocrx_word' id='word_1_370' title='bbox 1061 5266 1074 5278; x_wconf 78' lang='grc'><em>’</em></span> <span class='ocrx_word' id='word_1_371' title='bbox 1112 5250 1204 5303; x_wconf 79' lang='grc' dir='ltr'>ἐὰν</span> <span class='ocrx_word' id='word_1_372' title='bbox 1232 5251 1286 5303; x_wconf 85' lang='grc' dir='ltr'>δὲ</span> <span class='ocrx_word' id='word_1_373' title='bbox 1324 5252 1579 5324; x_wconf 82' lang='grc' dir='ltr'>ἀνατείλῃ</span> <span class='ocrx_word' id='word_1_374' title='bbox 1625 5253 1652 5304; x_wconf 90' lang='grc' dir='ltr'><strong>ό</strong></span> <span class='ocrx_word' id='word_1_375' title='bbox 1693 5251 1844 5323; x_wconf 76' lang='grc' dir='ltr'>ἥλιος</span> <span class='ocrx_word' id='word_1_376' title='bbox 1873 5249 1961 5305; x_wconf 75' lang='grc' dir='ltr'><strong>ἐπ’</strong></span> 
     </span>
    </p>
   </div>
   <div class='ocr_carea' id='block_1_59' title="bbox 390 5337 1960 5413">
    <p class='ocr_par' dir='ltr' id='par_1_59' title="bbox 390 5337 1960 5413">
     <span class='ocr_line' id='line_1_59' title="bbox 390 5337 1960 5413; baseline 0.003 -22"><span class='ocrx_word' id='word_1_377' title='bbox 390 5337 556 5408; x_wconf 78' lang='grc' dir='ltr'>αὐτῷ,</span> <span class='ocrx_word' id='word_1_378' title='bbox 609 5338 790 5409; x_wconf 77' lang='grc' dir='ltr'>ἔνοχος</span> <span class='ocrx_word' id='word_1_379' title='bbox 836 5338 1008 5405; x_wconf 79' lang='grc' dir='ltr'>ἔσται,</span> <span class='ocrx_word' id='word_1_380' title='bbox 1046 5341 1517 5397; x_wconf 87' lang='grc' dir='ltr'>ἀνταποθανεῖται.</span> <span class='ocrx_word' id='word_1_381' title='bbox 1588 5343 1716 5397; x_wconf 82' lang='grc' dir='ltr'>Ἐὰν</span> <span class='ocrx_word' id='word_1_382' title='bbox 1773 5342 1828 5395; x_wconf 83' lang='grc' dir='ltr'>δὲ</span> <span class='ocrx_word' id='word_1_383' title='bbox 1886 5341 1960 5413; x_wconf 80' lang='grc' dir='ltr'>μὴ</span> 
     </span>
    </p>
   </div>
   <div class='ocr_carea' id='block_1_60' title="bbox 393 5431 1960 5505">
    <p class='ocr_par' dir='ltr' id='par_1_60' title="bbox 393 5431 1960 5505">
     <span class='ocr_line' id='line_1_60' title="bbox 393 5431 1960 5505; baseline 0.002 -21"><span class='ocrx_word' id='word_1_384' title='bbox 393 5431 609 5501; x_wconf 80' lang='grc' dir='ltr'>ὑπάρχῃ</span> <span class='ocrx_word' id='word_1_385' title='bbox 656 5431 825 5501; x_wconf 80' lang='grc' dir='ltr'>αὐτῷ,</span> <span class='ocrx_word' id='word_1_386' title='bbox 874 5432 1138 5503; x_wconf 85' lang='grc' dir='ltr'>πραθήτω</span> <span class='ocrx_word' id='word_1_387' title='bbox 1182 5434 1302 5486; x_wconf 72' lang='grc' dir='ltr'>ἀντὶ</span> <span class='ocrx_word' id='word_1_388' title='bbox 1340 5434 1433 5486; x_wconf 80' lang='grc' dir='ltr'>τοῦ</span> <span class='ocrx_word' id='word_1_389' title='bbox 1479 5434 1790 5505; x_wconf 81' lang='grc' dir='ltr'>κλέμματος</span> <span class='ocrx_word' id='word_1_390' title='bbox 1817 5452 1829 5464; x_wconf 79' lang='grc'><em>’</em></span> <span class='ocrx_word' id='word_1_391' title='bbox 1865 5434 1960 5487; x_wconf 80' lang='grc' dir='ltr'>ἐὰν</span> 
     </span>
    </p>
   </div>
   <div class='ocr_carea' id='block_1_61' title="bbox 389 5521 1957 5596">
    <p class='ocr_par' dir='ltr' id='par_1_61' title="bbox 389 5521 1957 5596">
     <span class='ocr_line' id='line_1_61' title="bbox 389 5521 1957 5596; baseline 0.003 -23"><span class='ocrx_word' id='word_1_392' title='bbox 389 5521 446 5575; x_wconf 82' lang='grc' dir='ltr'>δὲ</span> <span class='ocrx_word' id='word_1_393' title='bbox 473 5523 792 5594; x_wconf 79' lang='grc' dir='ltr'>καταληφθῇ</span> <span class='ocrx_word' id='word_1_394' title='bbox 826 5525 919 5576; x_wconf 71' lang='grc' dir='ltr'>καὶ</span> <span class='ocrx_word' id='word_1_395' title='bbox 941 5525 1140 5595; x_wconf 83' lang='grc' dir='ltr'>εὑρεθῇ</span> <span class='ocrx_word' id='word_1_396' title='bbox 1164 5525 1220 5577; x_wconf 81' lang='grc' dir='ltr'>ὲν</span> <span class='ocrx_word' id='word_1_397' title='bbox 1249 5528 1317 5596; x_wconf 82' lang='grc' dir='ltr'><strong>τῇ</strong></span> <span class='ocrx_word' id='word_1_398' title='bbox 1349 5526 1492 5596; x_wconf 73' lang='grc' dir='ltr'>χειρὶ</span> <span class='ocrx_word' id='word_1_399' title='bbox 1523 5525 1688 5579; x_wconf 80' lang='grc' dir='ltr'>αὐτοῦ</span> <span class='ocrx_word' id='word_1_400' title='bbox 1715 5525 1957 5596; x_wconf 83' lang='grc' dir='ltr'>κλέμμα,</span> 
     </span>
    </p>
   </div>
   <div class='ocr_carea' id='block_1_62' title="bbox 391 5615 1956 5686">
    <p class='ocr_par' dir='ltr' id='par_1_62' title="bbox 391 5615 1956 5686">
     <span class='ocr_line' id='line_1_62' title="bbox 391 5615 1956 5686; baseline 0.002 -19"><span class='ocrx_word' id='word_1_401' title='bbox 391 5615 500 5671; x_wconf 85' lang='grc' dir='ltr'><strong>ἀπό</strong></span> <span class='ocrx_word' id='word_1_402' title='bbox 531 5632 589 5667; x_wconf 89' lang='grc' dir='ltr'><strong>τε</strong></span> <span class='ocrx_word' id='word_1_403' title='bbox 627 5615 748 5668; x_wconf 71' lang='grc' dir='ltr'><strong>³5νου</strong></span> <span class='ocrx_word' id='word_1_404' title='bbox 777 5617 869 5668; x_wconf 73' lang='grc' dir='ltr'>καὶ</span> <span class='ocrx_word' id='word_1_405' title='bbox 915 5615 1019 5678; x_wconf 77' lang='grc' dir='ltr'>ἓως</span> <span class='ocrx_word' id='word_1_406' title='bbox 1060 5617 1333 5686; x_wconf 79' lang='grc' dir='ltr'>προϐάτου</span> <span class='ocrx_word' id='word_1_407' title='bbox 1386 5617 1583 5685; x_wconf 82' lang='grc' dir='ltr'>ζῶντα,</span> <span class='ocrx_word' id='word_1_408' title='bbox 1617 5617 1782 5672; x_wconf 78' lang='grc' dir='ltr'>διπλᾶ</span> <span class='ocrx_word' id='word_1_409' title='bbox 1823 5619 1956 5672; x_wconf 84' lang='grc' dir='ltr'>ἀπο-</span> 
     </span>
    </p>
   </div>
   <div class='ocr_carea' id='block_1_63' title="bbox 394 5706 767 5760">
    <p class='ocr_par' dir='ltr' id='par_1_63' title="bbox 394 5706 767 5760">
     <span class='ocr_line' id='line_1_63' title="bbox 394 5706 767 5760; baseline -0.005 -2"><span class='ocrx_word' id='word_1_410' title='bbox 394 5706 534 5758; x_wconf 73' lang='grc' dir='ltr'>τίσει</span> <span class='ocrx_word' id='word_1_411' title='bbox 560 5707 717 5760; x_wconf 76' lang='grc' dir='ltr'>αὐτὰ.</span> <span class='ocrx_word' id='word_1_412' title='bbox 750 5726 767 5756; x_wconf 73' lang='grc' dir='ltr'><strong>ι</strong></span> 
     </span>
    </p>
   </div>
   <div class='ocr_carea' id='block_1_64' title="bbox 465 5819 1076 5888">
    <p class='ocr_par' dir='ltr' id='par_1_64' title="bbox 465 5819 1076 5888">
     <span class='ocr_line' id='line_1_64' title="bbox 465 5819 1076 5888; baseline -0.003 -14"><span class='ocrx_word' id='word_1_413' title='bbox 465 5820 505 5850; x_wconf 80' lang='grc'>⁶¹</span> <span class='ocrx_word' id='word_1_414' title='bbox 526 5819 696 5874; x_wconf 76' lang='lat' dir='ltr'><strong>Exod.</strong></span> <span class='ocrx_word' id='word_1_415' title='bbox 726 5835 854 5884; x_wconf 76' lang='lat' dir='ltr'><strong>xx&quot;,</strong></span> <span class='ocrx_word' id='word_1_416' title='bbox 885 5821 901 5871; x_wconf 88' lang='lat' dir='ltr'><strong>l</strong></span> <span class='ocrx_word' id='word_1_417' title='bbox 927 5834 1076 5888; x_wconf 76' lang='lat' dir='ltr'><strong>seqq.</strong></span> 
     </span>
    </p>
   </div>
   <div class='ocr_carea' id='block_1_65' title="bbox 2594 4318 3092 4383">
    <p class='ocr_par' dir='ltr' id='par_1_65' title="bbox 2594 4318 3092 4383">
     <span class='ocr_line' id='line_1_65' title="bbox 2594 4318 3092 4383; baseline 0 -12"><span class='ocrx_word' id='word_1_418' title='bbox 2594 4318 2784 4383; x_wconf 72' lang='lat' dir='ltr'><strong>tutum,</strong></span> <span class='ocrx_word' id='word_1_419' title='bbox 2811 4326 2906 4372; x_wconf 81' lang='lat' dir='ltr'><strong>aut</strong></span> <span class='ocrx_word' id='word_1_420' title='bbox 2929 4333 3092 4372; x_wconf 84' lang='lat' dir='ltr'><strong>ovem.</strong></span> 
     </span>
    </p>
   </div>
   <div class='ocr_carea' id='block_1_66' title="bbox 2125 4429 3622 4503">
    <p class='ocr_par' dir='ltr' id='par_1_66' title="bbox 2125 4429 3622 4503">
     <span class='ocr_line' id='line_1_66' title="bbox 2125 4429 3622 4503; baseline -0.002 -13"><span class='ocrx_word' id='word_1_421' title='bbox 2125 4431 2284 4503; x_wconf 79' lang='lat'><strong>252</strong></span> <span class='ocrx_word' id='word_1_422' title='bbox 2311 4431 2564 4501; x_wconf 86' lang='lat' dir='ltr'><strong>Undique</strong></span> <span class='ocrx_word' id='word_1_423' title='bbox 2591 4431 2778 4503; x_wconf 89' lang='lat' dir='ltr'><strong>igitur,</strong></span> <span class='ocrx_word' id='word_1_424' title='bbox 2823 4429 3049 4496; x_wconf 84' lang='lat' dir='ltr'><strong>Palladi,</strong></span> <span class='ocrx_word' id='word_1_425' title='bbox 3091 4431 3407 4502; x_wconf 86' lang='lat' dir='ltr'><strong>perspicere</strong></span> <span class='ocrx_word' id='word_1_426' title='bbox 3439 4439 3622 4502; x_wconf 82' lang='lat' dir='ltr'><strong>potes,</strong></span> 
     </span>
    </p>
   </div>
   <div class='ocr_carea' id='block_1_67' title="bbox 2055 4521 3632 4594">
    <p class='ocr_par' dir='ltr' id='par_1_67' title="bbox 2055 4521 3632 4594">
     <span class='ocr_line' id='line_1_67' title="bbox 2055 4521 3632 4594; baseline 0 -17"><span class='ocrx_word' id='word_1_427' title='bbox 2055 4537 2220 4594; x_wconf 88' lang='lat' dir='ltr'><strong>quam</strong></span> <span class='ocrx_word' id='word_1_428' title='bbox 2239 4531 2388 4577; x_wconf 91' lang='lat' dir='ltr'><strong>recte</strong></span> <span class='ocrx_word' id='word_1_429' title='bbox 2411 4537 2474 4578; x_wconf 90' lang='lat' dir='ltr'><strong>ac</strong></span> <span class='ocrx_word' id='word_1_430' title='bbox 2499 4522 2790 4593; x_wconf 90' lang='lat' dir='ltr'><strong>diligenter</strong></span> <span class='ocrx_word' id='word_1_431' title='bbox 2812 4521 2880 4576; x_wconf 89' lang='lat' dir='ltr'><strong>de</strong></span> <span class='ocrx_word' id='word_1_432' title='bbox 2900 4529 3218 4577; x_wconf 88' lang='lat' dir='ltr'><strong>nostrorum</strong></span> <span class='ocrx_word' id='word_1_433' title='bbox 3244 4523 3632 4594; x_wconf 86' lang='lat' dir='ltr'><strong>mysteriorum</strong></span> 
     </span>
    </p>
   </div>
   <div class='ocr_carea' id='block_1_68' title="bbox 2057 4613 3632 4684">
    <p class='ocr_par' dir='ltr' id='par_1_68' title="bbox 2057 4613 3632 4684">
     <span class='ocr_line' id='line_1_68' title="bbox 2057 4613 3632 4684; baseline -0.001 -16"><span class='ocrx_word' id='word_1_434' title='bbox 2057 4614 2268 4670; x_wconf 86' lang='lat' dir='ltr'><strong>ratione</strong></span> <span class='ocrx_word' id='word_1_435' title='bbox 2282 4613 2555 4669; x_wconf 86' lang='lat' dir='ltr'><strong>disserere</strong></span> <span class='ocrx_word' id='word_1_436' title='bbox 2576 4613 2756 4683; x_wconf 89' lang='lat' dir='ltr'><strong>prisca</strong></span> <span class='ocrx_word' id='word_1_437' title='bbox 2779 4628 2996 4683; x_wconf 91' lang='lat' dir='ltr'><strong>quoque</strong></span> <span class='ocrx_word' id='word_1_438' title='bbox 3021 4613 3108 4668; x_wconf 84' lang='lat' dir='ltr'><strong>lex</strong></span> <span class='ocrx_word' id='word_1_439' title='bbox 3129 4613 3339 4684; x_wconf 87' lang='lat' dir='ltr'><strong>jubeat.</strong></span> <span class='ocrx_word' id='word_1_440' title='bbox 3354 4613 3471 4668; x_wconf 71' lang='lat' dir='ltr'><strong>Iam</strong></span> <span class='ocrx_word' id='word_1_441' title='bbox 3498 4627 3632 4667; x_wconf 91' lang='lat' dir='ltr'><strong>vero</strong></span> 
     </span>
    </p>
   </div>
   <div class='ocr_carea' id='block_1_69' title="bbox 2058 4702 3631 4776">
    <p class='ocr_par' dir='ltr' id='par_1_69' title="bbox 2058 4702 3631 4776">
     <span class='ocr_line' id='line_1_69' title="bbox 2058 4702 3631 4776; baseline -0.003 -15"><span class='ocrx_word' id='word_1_442' title='bbox 2058 4707 2126 4762; x_wconf 90' lang='lat' dir='ltr'><strong>iis</strong></span> <span class='ocrx_word' id='word_1_443' title='bbox 2137 4706 2231 4776; x_wconf 91' lang='lat' dir='ltr'><strong>qui</strong></span> <span class='ocrx_word' id='word_1_444' title='bbox 2247 4705 2610 4776; x_wconf 87' lang='lat' dir='ltr'><strong>simpliciores</strong></span> <span class='ocrx_word' id='word_1_445' title='bbox 2638 4703 2903 4774; x_wconf 90' lang='lat' dir='ltr'><strong>quosdam</strong></span> <span class='ocrx_word' id='word_1_446' title='bbox 2932 4702 3185 4774; x_wconf 87' lang='lat' dir='ltr'><strong>decipere</strong></span> <span class='ocrx_word' id='word_1_447' title='bbox 3205 4711 3631 4769; x_wconf 87' lang='lat' dir='ltr'><strong>consueverunt,</strong></span> 
     </span>
    </p>
   </div>
   <div class='ocr_carea' id='block_1_70' title="bbox 2057 4793 3634 4872">
    <p class='ocr_par' dir='ltr' id='par_1_70' title="bbox 2057 4793 3634 4872">
     <span class='ocr_line' id='line_1_70' title="bbox 2057 4793 3634 4872; baseline -0.003 -18"><span class='ocrx_word' id='word_1_448' title='bbox 2057 4814 2178 4854; x_wconf 90' lang='lat' dir='ltr'><strong>eam</strong></span> <span class='ocrx_word' id='word_1_449' title='bbox 2205 4813 2322 4854; x_wconf 90' lang='lat' dir='ltr'><strong>rem</strong></span> <span class='ocrx_word' id='word_1_450' title='bbox 2348 4813 2461 4872; x_wconf 82' lang='lat' dir='ltr'><strong>non</strong></span> <span class='ocrx_word' id='word_1_451' title='bbox 2492 4796 2724 4850; x_wconf 90' lang='lat' dir='ltr'><strong>inultam</strong></span> <span class='ocrx_word' id='word_1_452' title='bbox 2747 4809 2870 4851; x_wconf 88' lang='lat' dir='ltr'><strong>esse</strong></span> <span class='ocrx_word' id='word_1_453' title='bbox 2905 4795 3112 4860; x_wconf 87' lang='lat' dir='ltr'><strong>sinens,</strong></span> <span class='ocrx_word' id='word_1_454' title='bbox 3141 4810 3334 4850; x_wconf 78' lang='lat' dir='ltr'><strong>rursus</strong></span> <span class='ocrx_word' id='word_1_455' title='bbox 3369 4796 3446 4850; x_wconf 89' lang='lat' dir='ltr'><strong>ait</strong></span> <span class='ocrx_word' id='word_1_456' title='bbox 3474 4813 3488 4849; x_wconf 94' lang='lat'>:</span> <span class='ocrx_word' id='word_1_457' title='bbox 3518 4814 3536 4846; x_wconf 85' lang='grc'><strong><em>‹</em></strong></span> <span class='ocrx_word' id='word_1_458' title='bbox 3575 4793 3634 4849; x_wconf 92' lang='lat' dir='ltr'><strong>Si</strong></span> 
     </span>
    </p>
   </div>
   <div class='ocr_carea' id='block_1_71' title="bbox 2059 4884 3635 4958">
    <p class='ocr_par' dir='ltr' id='par_1_71' title="bbox 2059 4884 3635 4958">
     <span class='ocr_line' id='line_1_71' title="bbox 2059 4884 3635 4958; baseline -0.001 -17"><span class='ocrx_word' id='word_1_459' title='bbox 2059 4888 2182 4958; x_wconf 91' lang='lat' dir='ltr'><strong>quis</strong></span> <span class='ocrx_word' id='word_1_460' title='bbox 2203 4887 2418 4942; x_wconf 82' lang='lat' dir='ltr'><strong>furatus</strong></span> <span class='ocrx_word' id='word_1_461' title='bbox 2442 4884 2612 4941; x_wconf 83' lang='lat' dir='ltr'><strong>fuerit</strong></span> <span class='ocrx_word' id='word_1_462' title='bbox 2636 4884 2830 4940; x_wconf 85' lang='lat' dir='ltr'><strong>bovem</strong></span> <span class='ocrx_word' id='word_1_463' title='bbox 2855 4892 2950 4939; x_wconf 89' lang='lat' dir='ltr'><strong>aut</strong></span> <span class='ocrx_word' id='word_1_464' title='bbox 2969 4900 3147 4950; x_wconf 91' lang='lat' dir='ltr'><strong>ovem,</strong></span> <span class='ocrx_word' id='word_1_465' title='bbox 3176 4893 3232 4940; x_wconf 89' lang='lat' dir='ltr'><strong>et</strong></span> <span class='ocrx_word' id='word_1_466' title='bbox 3252 4885 3515 4941; x_wconf 88' lang='lat' dir='ltr'><strong>occiderit</strong></span> <span class='ocrx_word' id='word_1_467' title='bbox 3539 4897 3635 4940; x_wconf 88' lang='lat' dir='ltr'><strong>aut</strong></span> 
     </span>
    </p>
   </div>
   <div class='ocr_carea' id='block_1_72' title="bbox 2058 4976 3636 5048">
    <p class='ocr_par' dir='ltr' id='par_1_72' title="bbox 2058 4976 3636 5048">
     <span class='ocr_line' id='line_1_72' title="bbox 2058 4976 3636 5048; baseline 0 -16"><span class='ocrx_word' id='word_1_468' title='bbox 2058 4978 2388 5043; x_wconf 87' lang='lat' dir='ltr'><strong>vendiderit,</strong></span> <span class='ocrx_word' id='word_1_469' title='bbox 2425 4977 2666 5048; x_wconf 88' lang='lat' dir='ltr'><strong>quinque</strong></span> <span class='ocrx_word' id='word_1_470' title='bbox 2695 4977 2896 5031; x_wconf 85' lang='lat' dir='ltr'><strong>vitulos</strong></span> <span class='ocrx_word' id='word_1_471' title='bbox 2920 4977 3196 5046; x_wconf 84' lang='lat' dir='ltr'><strong>persolvet</strong></span> <span class='ocrx_word' id='word_1_472' title='bbox 3220 4992 3321 5046; x_wconf 91' lang='lat' dir='ltr'><strong>pro</strong></span> <span class='ocrx_word' id='word_1_473' title='bbox 3357 4976 3551 5042; x_wconf 90' lang='lat' dir='ltr'><strong>vitulo,</strong></span> <span class='ocrx_word' id='word_1_474' title='bbox 3577 4986 3636 5032; x_wconf 88' lang='lat' dir='ltr'><strong>et</strong></span> 
     </span>
    </p>
   </div>
   <div class='ocr_carea' id='block_1_73' title="bbox 2060 5066 3638 5140">
    <p class='ocr_par' dir='ltr' id='par_1_73' title="bbox 2060 5066 3638 5140">
     <span class='ocr_line' id='line_1_73' title="bbox 2060 5066 3638 5140; baseline -0.003 -15"><span class='ocrx_word' id='word_1_475' title='bbox 2060 5080 2294 5140; x_wconf 83' lang='lat' dir='ltr'><strong>quatuor</strong></span> <span class='ocrx_word' id='word_1_476' title='bbox 2320 5085 2450 5126; x_wconf 87' lang='lat' dir='ltr'><strong>oves</strong></span> <span class='ocrx_word' id='word_1_477' title='bbox 2471 5084 2572 5140; x_wconf 92' lang='lat' dir='ltr'><strong>pro</strong></span> <span class='ocrx_word' id='word_1_478' title='bbox 2601 5083 2702 5123; x_wconf 81' lang='lat' dir='ltr'><strong>ove</strong></span> <span class='ocrx_word' id='word_1_479' title='bbox 2727 5087 2740 5121; x_wconf 90' lang='lat'><strong>:</strong></span> <span class='ocrx_word' id='word_1_480' title='bbox 2765 5067 2909 5138; x_wconf 88' lang='lat' dir='ltr'><strong>quod</strong></span> <span class='ocrx_word' id='word_1_481' title='bbox 2949 5067 2994 5121; x_wconf 91' lang='lat' dir='ltr'><strong>si</strong></span> <span class='ocrx_word' id='word_1_482' title='bbox 3031 5066 3345 5137; x_wconf 81' lang='lat' dir='ltr'><strong>perfodiens</strong></span> <span class='ocrx_word' id='word_1_483' title='bbox 3380 5066 3638 5121; x_wconf 88' lang='lat' dir='ltr'><strong>inventus</strong></span> 
     </span>
    </p>
   </div>
   <div class='ocr_carea' id='block_1_74' title="bbox 2061 5156 3636 5230">
    <p class='ocr_par' dir='ltr' id='par_1_74' title="bbox 2061 5156 3636 5230">
     <span class='ocr_line' id='line_1_74' title="bbox 2061 5156 3636 5230; baseline -0.002 -16"><span class='ocrx_word' id='word_1_484' title='bbox 2061 5160 2354 5225; x_wconf 80' lang='lat' dir='ltr'><strong>fueritfur,</strong></span> <span class='ocrx_word' id='word_1_485' title='bbox 2382 5167 2437 5214; x_wconf 92' lang='lat' dir='ltr'><strong>et</strong></span> <span class='ocrx_word' id='word_1_486' title='bbox 2459 5173 2755 5230; x_wconf 91' lang='lat' dir='ltr'><strong>percussus</strong></span> <span class='ocrx_word' id='word_1_487' title='bbox 2788 5165 3040 5212; x_wconf 88' lang='lat' dir='ltr'><strong>mortuus</strong></span> <span class='ocrx_word' id='word_1_488' title='bbox 3064 5157 3253 5222; x_wconf 83' lang='lat' dir='ltr'><strong>fuerit,</strong></span> <span class='ocrx_word' id='word_1_489' title='bbox 3290 5172 3401 5210; x_wconf 91' lang='lat' dir='ltr'><strong>non</strong></span> <span class='ocrx_word' id='word_1_490' title='bbox 3436 5162 3519 5210; x_wconf 91' lang='lat' dir='ltr'><strong>est</strong></span> <span class='ocrx_word' id='word_1_491' title='bbox 3545 5156 3636 5211; x_wconf 90' lang='lat' dir='ltr'><strong>ille</strong></span> 
     </span>
    </p>
   </div>
   <div class='ocr_carea' id='block_1_75' title="bbox 2061 5247 3637 5317">
    <p class='ocr_par' dir='ltr' id='par_1_75' title="bbox 2061 5247 3637 5317">
     <span class='ocr_line' id='line_1_75' title="bbox 2061 5247 3637 5317; baseline -0.004 -11"><span class='ocrx_word' id='word_1_492' title='bbox 2061 5267 2190 5308; x_wconf 87' lang='lat' dir='ltr'><strong>reus</strong></span> <span class='ocrx_word' id='word_1_493' title='bbox 2212 5251 2378 5306; x_wconf 60' lang='lat' dir='ltr'><strong>caedis</strong></span> <span class='ocrx_word' id='word_1_494' title='bbox 2406 5268 2419 5304; x_wconf 88' lang='lat'>:</span> <span class='ocrx_word' id='word_1_495' title='bbox 2445 5250 2529 5304; x_wconf 91' lang='lat' dir='ltr'><strong>sin</strong></span> <span class='ocrx_word' id='word_1_496' title='bbox 2554 5257 2710 5304; x_wconf 88' lang='lat' dir='ltr'><strong>ortus</strong></span> <span class='ocrx_word' id='word_1_497' title='bbox 2728 5248 2896 5304; x_wconf 86' lang='lat' dir='ltr'><strong>fuerit</strong></span> <span class='ocrx_word' id='word_1_498' title='bbox 2918 5249 2998 5302; x_wconf 87' lang='lat' dir='ltr'><strong>sol</strong></span> <span class='ocrx_word' id='word_1_499' title='bbox 3022 5262 3187 5317; x_wconf 88' lang='lat' dir='ltr'><strong>super</strong></span> <span class='ocrx_word' id='word_1_500' title='bbox 3208 5261 3356 5311; x_wconf 90' lang='lat' dir='ltr'><strong>eum,</strong></span> <span class='ocrx_word' id='word_1_501' title='bbox 3382 5260 3510 5300; x_wconf 89' lang='lat' dir='ltr'><strong>reus</strong></span> <span class='ocrx_word' id='word_1_502' title='bbox 3531 5247 3637 5300; x_wconf 88' lang='lat' dir='ltr'><strong>erit</strong></span> 
     </span>
    </p>
   </div>
   <div class='ocr_carea' id='block_1_76' title="bbox 2061 5336 3635 5414">
    <p class='ocr_par' dir='ltr' id='par_1_76' title="bbox 2061 5336 3635 5414">
     <span class='ocr_line' id='line_1_76' title="bbox 2061 5336 3635 5414; baseline -0.005 -15"><span class='ocrx_word' id='word_1_503' title='bbox 2061 5360 2162 5414; x_wconf 91' lang='lat' dir='ltr'><strong>pro</strong></span> <span class='ocrx_word' id='word_1_504' title='bbox 2183 5343 2350 5407; x_wconf 58' lang='lat' dir='ltr'><strong>caede,</strong></span> <span class='ocrx_word' id='word_1_505' title='bbox 2375 5341 2640 5396; x_wconf 86' lang='lat' dir='ltr'><strong>morietur</strong></span> <span class='ocrx_word' id='word_1_506' title='bbox 2675 5336 2864 5408; x_wconf 79' lang='lat' dir='ltr'><strong>:°quod</strong></span> <span class='ocrx_word' id='word_1_507' title='bbox 2899 5339 2944 5393; x_wconf 92' lang='lat' dir='ltr'><strong>si</strong></span> <span class='ocrx_word' id='word_1_508' title='bbox 2985 5353 3098 5392; x_wconf 90' lang='lat' dir='ltr'><strong>non</strong></span> <span class='ocrx_word' id='word_1_509' title='bbox 3137 5337 3281 5391; x_wconf 88' lang='lat' dir='ltr'><strong>adsit</strong></span> <span class='ocrx_word' id='word_1_510' title='bbox 3304 5337 3353 5390; x_wconf 91' lang='lat' dir='ltr'><strong>ei</strong></span> <span class='ocrx_word' id='word_1_511' title='bbox 3378 5336 3635 5392; x_wconf 84' lang='lat' dir='ltr'><strong>substan-</strong></span> 
     </span>
    </p>
   </div>
   <div class='ocr_carea' id='block_1_77' title="bbox 2063 5427 3638 5506">
    <p class='ocr_par' dir='ltr' id='par_1_77' title="bbox 2063 5427 3638 5506">
     <span class='ocr_line' id='line_1_77' title="bbox 2063 5427 3638 5506; baseline -0.003 -18"><span class='ocrx_word' id='word_1_512' title='bbox 2063 5437 2157 5501; x_wconf 86' lang='lat' dir='ltr'><strong>tia,</strong></span> <span class='ocrx_word' id='word_1_513' title='bbox 2197 5435 2356 5506; x_wconf 79' lang='lat'><strong>253</strong></span> <span class='ocrx_word' id='word_1_514' title='bbox 2383 5434 2653 5490; x_wconf 86' lang='lat' dir='ltr'><strong>vendatur</strong></span> <span class='ocrx_word' id='word_1_515' title='bbox 2687 5445 2789 5501; x_wconf 92' lang='lat' dir='ltr'><strong>pro</strong></span> <span class='ocrx_word' id='word_1_516' title='bbox 2818 5429 3004 5482; x_wconf 83' lang='lat' dir='ltr'><strong>furto:</strong></span> <span class='ocrx_word' id='word_1_517' title='bbox 3032 5427 3127 5482; x_wconf 90' lang='lat' dir='ltr'><strong>sed</strong></span> <span class='ocrx_word' id='word_1_518' title='bbox 3169 5427 3215 5482; x_wconf 90' lang='lat' dir='ltr'><strong>si</strong></span> <span class='ocrx_word' id='word_1_519' title='bbox 3251 5427 3533 5482; x_wconf 84' lang='lat' dir='ltr'><strong>inventum</strong></span> <span class='ocrx_word' id='word_1_520' title='bbox 3572 5443 3638 5485; x_wconf 86' lang='lat' dir='ltr'><strong>ac</strong></span> 
     </span>
    </p>
   </div>
   <div class='ocr_carea' id='block_1_78' title="bbox 2068 5517 3636 5600">
    <p class='ocr_par' dir='ltr' id='par_1_78' title="bbox 2068 5517 3636 5600">
     <span class='ocr_line' id='line_1_78' title="bbox 2068 5517 3636 5600; baseline -0.008 -15"><span class='ocrx_word' id='word_1_521' title='bbox 2068 5530 2470 5600; x_wconf 88' lang='lat' dir='ltr'><strong>deprehensum</strong></span> <span class='ocrx_word' id='word_1_522' title='bbox 2501 5525 2666 5581; x_wconf 77' lang='lat' dir='ltr'><strong>fuerit</strong></span> <span class='ocrx_word' id='word_1_523' title='bbox 2693 5524 2903 5577; x_wconf 84' lang='lat' dir='ltr'><strong>furtum</strong></span> <span class='ocrx_word' id='word_1_524' title='bbox 2929 5520 2984 5572; x_wconf 88' lang='lat' dir='ltr'><strong>in</strong></span> <span class='ocrx_word' id='word_1_525' title='bbox 3011 5535 3174 5572; x_wconf 90' lang='lat' dir='ltr'><strong>manu</strong></span> <span class='ocrx_word' id='word_1_526' title='bbox 3205 5519 3344 5590; x_wconf 85' lang='lat' dir='ltr'><strong>ejus,</strong></span> <span class='ocrx_word' id='word_1_527' title='bbox 3379 5518 3447 5573; x_wconf 88' lang='lat' dir='ltr'><strong>ab</strong></span> <span class='ocrx_word' id='word_1_528' title='bbox 3481 5517 3636 5574; x_wconf 88' lang='lat' dir='ltr'><strong>asino</strong></span> 
     </span>
    </p>
   </div>
   <div class='ocr_carea' id='block_1_79' title="bbox 2069 5606 3582 5690">
    <p class='ocr_par' dir='ltr' id='par_1_79' title="bbox 2069 5606 3582 5690">
     <span class='ocr_line' id='line_1_79' title="bbox 2069 5606 3582 5690; baseline -0.013 -13"><span class='ocrx_word' id='word_1_529' title='bbox 2069 5629 2122 5676; x_wconf 86' lang='lat' dir='ltr'><strong>ct</strong></span> <span class='ocrx_word' id='word_1_530' title='bbox 2146 5635 2317 5690; x_wconf 89' lang='lat' dir='ltr'><strong>usque</strong></span> <span class='ocrx_word' id='word_1_531' title='bbox 2344 5618 2409 5672; x_wconf 85' lang='lat' dir='ltr'><strong>ad</strong></span> <span class='ocrx_word' id='word_1_532' title='bbox 2435 5630 2615 5676; x_wconf 81' lang='lat' dir='ltr'><strong>ovem,</strong></span> <span class='ocrx_word' id='word_1_533' title='bbox 2641 5610 2899 5674; x_wconf 82' lang='lat' dir='ltr'><strong>viventia,</strong></span> <span class='ocrx_word' id='word_1_534' title='bbox 2926 5607 3090 5677; x_wconf 84' lang='lat' dir='ltr'><strong>dupla</strong></span> <span class='ocrx_word' id='word_1_535' title='bbox 3113 5622 3174 5663; x_wconf 84' lang='lat' dir='ltr'><strong>ea</strong></span> <span class='ocrx_word' id='word_1_536' title='bbox 3205 5608 3444 5664; x_wconf 79' lang='lat' dir='ltr'><strong>exsolvet</strong></span> <span class='ocrx_word' id='word_1_537' title='bbox 3467 5606 3528 5660; x_wconf 81' lang='grc'><strong>⁸¹.</strong></span> <span class='ocrx_word' id='word_1_538' title='bbox 3563 5625 3582 5657; x_wconf 74' lang='grc' dir='ltr'><strong>ο</strong></span> 
     </span>
    </p>
   </div>
  </div>
