4138 6300
2045 255 2154 266 ..ο-»ο

472 379 577 435 535

1502 377 1556 432 S.
1591 376 1867 432 CYRILLI
1908 376 2377 433 ALEXANDRIM
2416 381 2733 438 ARCHIEP.

3621 379 3726 438 536

536 492 731 548 PALL.
770 489 924 545 Haud
952 504 1081 544 sane
1114 489 1437 558 perspicuus
1465 500 1550 544 est
1585 490 1676 543 hic
1709 490 1901 544 locus:
1941 491 2045 545 ita-

2222 492 2430 545 ΠΑΛΛ.
2471 494 2544 546 Ού
2595 495 2799 566 σφόδρα
2848 498 3022 566 σαφὴς
3074 497 3102 548 6
3152 495 3325 563 λόγος.
3380 496 3451 548 Σὺ
3508 493 3565 548 δὲ
3605 496 3634 548 6
3676 493 3729 548 τί

465 601 571 655 que
595 584 826 648 enitere,
853 591 914 636 ut
936 581 1073 637 mihi
1099 581 1359 651 explices,
1383 581 1516 651 quid
1540 582 1760 638 tandem
1779 583 1927 638 istud
1951 585 2044 649 sit,

464 676 610 745 quod
636 691 733 744 per
761 674 991 744 aenigma
1013 672 1202 729 divino
1229 675 1334 729 hoc
1360 689 1624 746 responso
1651 675 1986 746 praecipitur.

530 764 687 821 CYR.
727 764 952 819 Multam
978 765 1124 820 haud
1162 765 1231 820 ab
1273 781 1332 820 re
1366 767 1656 822 constituit
1693 769 1802 833 lex,
1841 768 1887 822 si
1925 768 2053 838 quis

465 872 658 928 rapere
696 857 981 927 quidpiam
1013 857 1257 919 tentarit,
1297 867 1353 912 et
1385 859 1608 915 cohibet
1643 859 2050 930 quodammodo

465 949 822 1018 impotentem
854 964 1047 1004 earum
1072 964 1257 1004 rerum
1281 950 1658 1020 cupiditatem,
1691 968 1829 1022 quas
1851 961 1946 1007 aut
1969 953 2048 1008 vi-

465 1040 646 1103 cinus,
695 1046 794 1093 aut
829 1038 1000 1094 frater
1033 1039 1219 1104 habet,
1267 1040 1341 1094 ita
1371 1050 1451 1105 ut,
1491 1042 1706 1097 etiamsi
1744 1044 2043 1114 contingat,

465 1131 664 1201 inquit,
694 1130 749 1184 in
777 1131 895 1200 ipso
926 1129 1076 1185 furto
1093 1131 1268 1186 occidi
1294 1147 1443 1196 eum,
1466 1133 1561 1202 qui
1589 1133 1693 1188 hoc
1716 1133 1924 1189 crimen
1949 1135 2048 1189 ad-

464 1222 653 1285 mittit,
681 1221 735 1276 id
762 1221 941 1276 fraudi
965 1237 1075 1276 non
1099 1222 1170 1276 sit
1191 1222 1279 1285 iis,
1304 1223 1400 1294 qui
1425 1223 1730 1278 occiderint
1757 1243 1768 1277 :
1792 1224 2047 1279 eumdem

466 1314 773 1384 ignominia.
789 1330 1007 1384 quoque
1042 1323 1216 1380 notat,
1245 1330 1370 1369 cum
1405 1315 1655 1370 decernit
1687 1315 1850 1369 vendi
1880 1331 2048 1385 opor-

466 1416 602 1468 tere,
661 1405 706 1458 si
755 1405 892 1460 adeo
941 1405 1122 1459 tenuis
1162 1413 1265 1469 est,
1299 1415 1361 1459 ut
1402 1406 1565 1475 pretii
1617 1406 2048 1475 persolutionem

462 1496 608 1553 ferre
649 1510 757 1549 non
801 1495 1010 1565 possit:
1047 1505 1107 1551 ut
1146 1495 1216 1548 ad
1257 1495 1426 1548 vitam
1469 1505 1617 1549 recte
1658 1496 2047 1551 instituendam

465 1596 615 1642 metu
641 1587 951 1657 compellat.
986 1587 1223 1640 Interior
1261 1601 1426 1656 porro
1465 1603 1660 1642 sensus
1701 1587 1947 1642 historiae
1979 1589 2049 1643 ab

470 1678 575 1732 hoc
623 1677 784 1746 longe
821 1676 1075 1730 diversus
1123 1683 1205 1730 est
1252 1675 1514 1745 quidem:
1544 1676 1796 1746 proinde,
1829 1686 1890 1732 ut
1927 1677 2047 1732 ﬁeri

465 1777 665 1840 potest,
705 1769 911 1839 optime
942 1768 1299 1838 explicemus.
1333 1767 1438 1822 Bos
1461 1783 1592 1838 ergo
1613 1777 1670 1823 et
1691 1769 1809 1823 ovis
1837 1768 2046 1823 anima-

466 1864 538 1919 lia
565 1860 770 1916 munda
797 1869 925 1916 sunt
953 1861 1114 1916 ambo
1149 1867 1205 1916 et
1235 1876 1412 1925 sacra,
1454 1869 1510 1915 et
1552 1861 1664 1916 Deo
1713 1861 1769 1916 in
1813 1861 2042 1916 odorem

466 1955 753 2010 suavitatis
774 1953 1104 2008 offeruntur.
1131 1952 1238 2009 Sed
1263 1952 1364 2008 bos
1389 1953 1612 2022 quidem
1645 1953 1927 2023 praestanti
1960 1963 2046 2008 est

469 2062 776 2119 magnoque
823 2061 1076 2117 corpore,
1119 2046 1251 2101 illud
1297 2062 1429 2102 vero
1462 2047 1695 2102 alterum
1735 2063 1905 2117 pecus
1934 2063 2045 2102 non

470 2140 645 2196 item:
682 2154 810 2194 nam
851 2139 990 2194 bove
1028 2141 1208 2194 minor
1247 2149 1331 2194 est
1381 2140 1518 2193 ovis.
1571 2139 1743 2194 Boum
1789 2139 1956 2210 igitur
1989 2148 2046 2195 et

467 2233 675 2295 ovium,
725 2240 781 2285 et
814 2229 1147 2284 mundorum
1201 2228 1606 2299 quodammodo
1652 2244 2046 2300 sacrorumque

467 2324 788 2380 animalium
821 2323 992 2378 instar
1020 2330 1105 2377 est
1139 2323 1230 2376 illa
1254 2321 1538 2376 hominum
1577 2337 1675 2391 per
1696 2321 1858 2377 ﬁdem
1879 2323 2044 2393 justi-

469 2417 755 2472 ﬁcatorum
792 2424 980 2471 sancta
1011 2413 1327 2480 multitudo,
1355 2423 1412 2470 et
1449 2414 1665 2470 ﬁndunt
1695 2415 1952 2487 ungulam
1989 2425 2045 2472 et

467 2513 775 2576 ruminant,
825 2512 977 2582 juxta
1032 2510 1227 2580 legem,
1272 2516 1329 2564 et
1374 2508 1718 2563 exeultorum
1764 2508 2046 2563 fructuum

466 2616 595 2660 sunt
621 2605 860 2675 operarii
890 2623 902 2657 :
934 2604 1033 2658 bos
1062 2603 1209 2657 enim
1249 2611 1455 2657 terram
1483 2601 1718 2667 excolit;
1761 2601 1880 2656 ovis
1905 2617 2045 2672 quo-

465 2716 573 2770 que
617 2698 898 2753 fructuosa
940 2704 1023 2750 est
1059 2713 1072 2749 :
1117 2705 1282 2765 atque
1323 2695 1413 2750 ille
1455 2694 1678 2765 quidem
1728 2703 2045 2750 vocatorum

466 2804 600 2858 grex
631 2788 686 2841 in
713 2787 915 2842 divinis
935 2786 1108 2841 caulis
1130 2787 1376 2842 inclusus
1403 2795 1506 2851 est,
1531 2785 1586 2840 in
1613 2785 1862 2841 ecclesiis
1887 2801 2045 2842 nem-

468 2895 570 2949 pe;
608 2879 702 2934 sed
735 2878 1049 2948 complures
1077 2878 1156 2934 illi
1185 2878 1336 2933 fures
1380 2877 1736 2942 insidiantur,
1769 2877 1865 2948 qui
1907 2877 2046 2934 eﬁ‘o—

469 2969 632 3024 diunt
662 2976 719 3023 et
745 2967 948 3023 sensim
976 2968 1243 3038 irrepunt,
1283 2985 1346 3025 ac
1383 2969 1550 3024 variis
1578 2968 2049 3025 ludiﬁcationibus

467 3059 681 3113 animas
705 3058 990 3114 hominum
1012 3059 1409 3130 simpliciorum
1433 3061 1751 3128 extrahunt,
1775 3077 1858 3127 ac,
1877 3077 2048 3132 prope

2154 580 2284 634 ποτέ
2317 583 2434 634 ἐστι
2456 581 2516 634 τὸ
2547 581 2622 645 ὼς
2652 585 2711 636 ὲν
2740 582 3024 653 αἰνίγματι
3065 582 3582 655 χρησμῳδούμενον,
3609 600 3729 637 πει-

2156 672 2233 744 ρῶ
2262 691 2350 743 μοι
2387 673 2588 741 λέγειν.

2222 766 2384 820 ΚΥΡ.
2426 767 2640 838 Ζημίαν
2677 769 2704 822 6
2756 770 2916 839 νόμος
2964 769 3248 842 καθορίζει
3297 769 3586 841 χρησίμως
3629 771 3726 823 τοῦ

2151 860 2493 912 πλεονεκτεῖν
2526 859 2826 925 ἐθέλοντος,
2861 862 2955 916 καὶ
2989 862 3338 934 ἀνασειράζει
3369 863 3566 933 τρόπον
3603 863 3728 916 τινὰ

2149 951 2240 1004 τὸν
2271 950 2574 1006 ἀκάθεκτον
2621 954 2704 1017 είς
2747 954 3069 1026 ἐπιθυμίαν,
3116 949 3192 1010 ὧν
3237 956 3303 1010 ἂν
3346 954 3459 1026 ἔχοι
3498 957 3658 1025 τυχὸν
3689 954 3724 1024 ἢ

2152 1044 2368 1112 γείτων,
2405 1044 2437 1115 ἢ
2483 1044 2739 1113 ἀδελφὸς,
2767 1045 2907 1099 ὥστε
2949 1047 3052 1100 κᾶν
3089 1048 3138 1100 εί
3190 1045 3421 1116 γένοιτο,
3447 1047 3632 1116 φησὶν,
3667 1047 3728 1099 ιν

2151 1135 2299 1206 αύτῷ
2329 1135 2582 1190 τεθνάναι
2611 1135 2689 1207 τῷ
2718 1137 2972 1192 κλέπτειν
2992 1137 3084 1192 τὸν
3119 1138 3214 1190 ἐπὶ
3259 1136 3394 1207 τῷδε
3448 1154 3726 1205 κατεγνωο

2153 1229 2372 1298 σμένον,
2389 1227 2578 1280 οὐδένα
2607 1230 2720 1291 τοῖς
2733 1228 3032 1302 ἀνῃρηκόσι
3058 1229 3479 1301 προστρίϐεσθαι
3513 1227 3723 1298 μῶμον.

2164 1322 2360 1392 Ἀτιμᾷ
2387 1320 2445 1374 δὲ
2491 1322 2585 1375 καὶ
2615 1322 2810 1389 λέγων,
2845 1323 2927 1376 ὅτι
2967 1324 3236 1394 προσήκει
3269 1322 3605 1392 πιπράσκειν
3631 1322 3728 1373 αύ-

2148 1412 2259 1476 τδν,
2291 1413 2340 1465 εί
2381 1410 2457 1481 μὴ
2496 1413 2631 1483 πρὸς
2667 1412 2876 1484 λύτρων
2919 1414 3138 1484 ἀντέχοι
3185 1411 3513 1483 καταϐολὴν,
3551 1413 3631 1475 εἰς
3663 1429 3725 1478 γε

2150 1503 2209 1556 τὸ
2237 1503 2431 1573 χρῆναι
2467 1502 2618 1572 βιοῦν
2651 1503 2866 1558 ἑλέσθαι
2899 1505 3085 1567 καλῶς
3117 1503 3456 1558 συνελαύνων
3489 1506 3600 1566 τοῖς
3623 1502 3728 1555 δεί-

2153 1612 2306 1665 μασι.
2340 1594 2482 1658 Νοῦς
2515 1610 2577 1662 γε
2602 1593 2708 1664 μὴν
2740 1595 2839 1666 τῆς
2875 1595 3116 1664 ἱστορίας
3147 1596 3174 1648 6
3197 1593 3581 1664 κεκρυμμένος
3611 1592 3729 1645 ἓτε-

2154 1702 2244 1756 ρος
2276 1685 2342 1738 ἂν
2390 1684 2475 1756 είη
2520 1685 2672 1757 παρά
2725 1685 2912 1738 τοῦτον
2950 1685 3109 1748 πολὺ,
3153 1684 3248 1738 καὶ
3297 1684 3379 1736 δεῖ
3421 1685 3516 1736 καὶ
3547 1682 3728 1751 λέγειν

2151 1779 2299 1847 ἡμᾶς
2330 1777 2406 1840 ὡς
2449 1777 2530 1830 ένι
2561 1778 2762 1843 καλῶς.
2791 1778 3012 1848 Μόσχος
3043 1777 3140 1848 μὲν
3181 1775 3246 1847 δὴ
3297 1776 3400 1830 καὶ
3432 1775 3724 1846 πρόϐατον,

2148 1871 2364 1942 καθαρά
2399 1889 2459 1925 τε
2508 1871 2677 1942 ἄμφω
2723 1870 2819 1924 καὶ
2865 1872 3008 1941 ιερὰ,
3049 1870 3146 1923 καὶ
3180 1870 3260 1933 είς
3291 1867 3467 1940 ὀσμὴν
3499 1868 3730 1929 εὐωδίας

2145 1961 2580 2032 ἀνακομιζόμενα
2607 1961 2685 2031 τῷ
2703 1959 2842 2031 Θεῷ.
2880 1959 3018 2013 Ἀλλ’
3047 1960 3076 2012 6
3114 1959 3212 2029 μὲν
3246 1957 3444 2029 μόσχος
3473 1957 3529 2008 ἐν
3557 1957 3728 2024 ὑπαρ-

2145 2057 2240 2124 οχῇ
2281 2055 2374 2106 καὶ
2418 2053 2638 2123 μεγέθει
2679 2051 2959 2123 σώματος·
3009 2050 3234 2120 θάτερόν
3299 2065 3362 2118 γε
3423 2047 3570 2118 μὴν,
3627 2045 3727 2115 οὐχ

2145 2143 2308 2197 οὕτω.
2344 2144 2562 2214 Μόσχου
2604 2143 2715 2215 γὰρ
2757 2144 2910 2212 μεῖον
2942 2141 3005 2195 τὸ
3051 2141 3347 2212 πρόϐατον.
3402 2139 3612 2209 Μόσχοι
3661 2136 3732 2206 δὴ

2145 2231 2236 2290 οὖν
2264 2237 2356 2290 καὶ
2372 2235 2615 2307 πρόϐατα
2649 2235 2837 2306 ὥσπερ
2867 2233 2990 2288 τινὰ
3013 2233 3127 2298 ζῶα
3154 2231 3372 2303 καθαρά
3389 2246 3448 2283 τε
3469 2225 3730 2297 καὶίερώ-

2145 2346 2300 2393 τατα,
2344 2327 2452 2382 τῶν
2489 2326 2578 2380 διά
2610 2326 2846 2389 πίστεως
2879 2323 3319 2394 δεδικαιωμένων
3361 2323 3394 2393 ἠ
3430 2319 3562 2390 άγία
3592 2319 3730 2388 πλη-

2147 2422 2265 2488 θὺς,
2325 2422 2422 2476 καὶ
2469 2418 2811 2492 διχηλοῦντες
2847 2417 3042 2490 ὁπλὴν,
3093 2416 3191 2470 καὶ
3245 2412 3591 2486 μηρυκισμδν
3637 2412 3732 2464 ἀν-

2145 2517 2390 2586 άγοντες,
2415 2515 2554 2568 κατά
2595 2513 2687 2566 τὸν
2717 2513 2900 2583 νόμον,
2928 2513 3022 2566 καὶ
3055 2509 3286 2582 καρπῶν
3313 2506 3536 2578 ἡμέρων
3564 2503 3730 2575 ἐργά-

2145 2623 2262 2658 ται·
2286 2606 2517 2675 γηπονεῖ
2542 2602 2651 2674 γὰρ
2683 2605 2710 2656 6
2739 2602 2936 2672 μόσχος
2955 2618 2968 2631 ·
3002 2599 3282 2670 ἔγκαρπον
3308 2598 3364 2651 δὲ
3389 2597 3483 2650 καὶ
3509 2597 3571 2651 τὸ
3595 2594 3731 2666 πρό-

2147 2695 2330 2758 ϐατον,
2371 2695 2465 2746 καὶ
2518 2693 2916 2764 ὲνσεσήκασται
2970 2692 3069 2762 μὲν
3123 2692 3241 2753 ταῖς
3287 2689 3460 2752 θείαις
3514 2687 3728 2752 αὐλαῖς,

2145 2785 2442 2849 τουτέστιν,
2475 2785 2533 2837 έν
2563 2783 2884 2855 ἐκκλησίαις
2919 2785 2953 2854 ὴ
2982 2782 3090 2835 τῶν
3123 2781 3476 2854 κεκλημένων
3509 2779 3680 2849 ἀγέλη
3709 2795 3725 2810 ο

2148 2877 2333 2931 πολλοὶ
2365 2877 2422 2930 δὲ
2450 2876 2568 2930 λίαν
2596 2879 2644 2930 οἱ
2677 2875 2905 2929 κλέπται
2960 2875 3089 2945 περὶ
3137 2873 3327 2945 αὐτὴν,
3361 2870 3736 2942 διορύττοντες

2149 2988 2207 3024 τε
2233 2971 2326 3024 καὶ
2351 2968 2824 3041 παρεισδύνοντες,
2859 2967 2953 3022 καὶ
2983 2966 3346 3036 πολυτρόποις
3373 2949 3729 3033 φενακισμοῖς

2152 3065 2251 3129 τὰς
2278 3063 2387 3118 τῶν
2424 3062 2809 3133 ἁπλουστέρων
2847 3059 3024 3132 ψυχὰς
3052 3058 3383 3125 ὲξέλκοντες,
3414 3056 3509 3110 καὶ
3542 3070 3730 3126 μονον-

467 3149 724 3214 dixerim,
759 3149 1171 3204 exterminatori
1204 3149 1416 3206 Satanae
1448 3151 1695 3206 vendunt
1723 3169 1735 3205 :
1767 3161 2046 3218 caeterum,

2154 3157 2271 3228 ουχὶ
2324 3154 2874 3225 καταπιπράσκοντες
2932 3151 3011 3223 τῷ
3070 3149 3412 3221 ὀλοθρεύοντι
3462 3146 3678 3215 Σατανᾷ
3708 3159 3726 3176 ο

467 3242 561 3311 qui
590 3241 696 3296 tale
723 3238 1007 3310 quidpiam
1035 3240 1221 3305 audet,
1245 3240 1487 3310 quinque
1515 3240 1704 3306 boves,
1731 3241 1928 3310 inquit,
1952 3257 2050 3312 pro

469 3349 579 3388 uno
603 3333 910 3404 persolvet;
937 3341 1176 3402 quatuor
1213 3333 1366 3395 item,
1396 3347 1498 3402 pro
1527 3348 1658 3396 una,
1687 3349 1816 3387 oves
1845 3351 1858 3386 :
1885 3333 2048 3402 quin-

467 3441 575 3496 que
608 3426 756 3482 enim
783 3425 1032 3495 partibus
1067 3425 1335 3494 majorem
1371 3437 1472 3493 pro
1505 3423 1644 3478 bove
1674 3424 1923 3489 multam,
1951 3440 2051 3494 pro

471 3529 580 3568 una
605 3530 798 3569 rursus
827 3529 950 3579 ove,
979 3512 1340 3584 quadruplam
1378 3511 1487 3566 ftiri
1518 3527 1640 3568 esse
1681 3513 2048 3584 irrogandam,

470 3603 652 3671 inquit
688 3621 700 3656 :
745 3603 798 3658 in
842 3619 972 3674 quo,
1021 3614 1081 3659 ut
1116 3619 1236 3658 mea
1269 3602 1375 3659 fert
1407 3603 1614 3674 opinio,
1655 3619 1757 3673 pro
1792 3619 2052 3661 mensura

471 3694 775 3764 spiritualis
804 3695 858 3749 in
884 3696 1088 3750 virtute
1123 3695 1534 3766 magnitudinis,
1569 3711 1732 3765 quam
1760 3697 1852 3767 qui
1875 3697 2054 3768 perie-

472 3794 602 3839 runt
640 3785 936 3851 habebant,
975 3788 1202 3840 multam
1247 3785 1528 3855 imposuit.
1569 3785 1666 3840 Est
1712 3796 1896 3841 autem
1941 3803 2052 3842 non

472 3877 710 3932 absurde
739 3877 910 3946 ﬁgura
936 3887 993 3932 et
1022 3877 1218 3931 umbra
1244 3877 1390 3930 illius
1420 3877 1476 3930 in
1498 3877 1701 3932 virtute
1733 3878 2055 3947 quantitatis

474 3969 593 4022 haec
629 3982 893 4036 corporea
916 3967 1268 4036 magnitudo;
1302 3983 1538 4036 namque
1579 3969 1842 4039 majorem
1876 3971 2054 4025 mino-

475 4073 659 4114 remve
678 4057 1006 4128 probitatem
1032 4059 1086 4112 in
1109 4057 1178 4111 iis
1199 4066 1369 4122 certe,
1392 4059 1486 4127 qui
1507 4059 1882 4124 crediderunt,
1910 4062 2054 4116 haud

473 4147 695 4204 difﬁcile
723 4158 810 4204 est
842 4148 1032 4204 videre
1061 4168 1072 4203 :
1102 4165 1285 4219 neque
1321 4150 1468 4205 enim
1497 4166 1652 4220 aequa
1687 4160 1774 4206 est
1800 4152 2058 4208 omnibus

475 4257 737 4297 mensura
771 4260 783 4294 :
827 4240 990 4313 254
1021 4260 1039 4291 ι
1077 4241 1184 4297 Sed
1213 4243 1591 4313 unusquisque
1635 4250 1884 4299 nostrum
1925 4260 2055 4315 prov

473 4334 655 4404 prium
698 4332 867 4388 habet
907 4333 1111 4388 donum
1160 4349 1226 4388 ex
1254 4334 1366 4390 Deo
1403 4352 1414 4387 :
1458 4334 1549 4389 hic
1587 4335 1808 4405 quidem
1835 4336 1931 4401 sic,
1967 4337 2058 4394 ille

474 4439 610 4480 vero
638 4425 718 4480 sic
741 4426 804 4478 ".
837 4445 855 4477 ι
887 4424 943 4480 Si
973 4426 1139 4497 igitur
1162 4424 1364 4492 furari,
1381 4425 1667 4496 perfodere
1690 4438 1978 4498 praeterea,
2003 4441 2059 4486 et

2150 3251 2290 3322 πλὴν
2327 3253 2356 3305 6
2384 3247 2661 3320 δεδρακώς
2701 3263 2753 3299 τι
2788 3243 3051 3307 τοιοῦτον,
3092 3242 3254 3295 πέντε
3305 3240 3540 3311 μόσχους
3590 3238 3727 3289 ἀπο-

2150 3342 2313 3405 τίσει,
2354 3340 2539 3410 φησὶν,
2569 3337 2686 3391 ἀνθ’
2718 3335 2856 3400 ἑνὸς,
2898 3333 2994 3388 καὶ
3031 3333 3274 3403 τέσσαρα
3325 3329 3573 3400 πρόϐατα
3607 3326 3730 3379 ἀντὶ

2149 3431 2243 3487 τοῦ
2272 3431 2564 3504 προϐάτου’
2591 3426 3029 3484 πενταπλασίονα
3053 3425 3151 3493 μὲν
3171 3423 3279 3494 γάρ
3303 3423 3395 3476 επὶ
3419 3423 3496 3492 τῷ
3520 3420 3726 3492 μόσχῳ,

2150 3524 2227 3596 τῷ
2266 3523 2552 3592 κεκλοφότι
2595 3521 2694 3594 τὴν
2743 3519 2926 3590 δίκην,
2962 3516 3396 3590 τετραπλασίονα
3426 3514 3483 3566 δὲ
3511 3513 3618 3566 δεῖν
3644 3511 3728 3576 ἐφ’

2153 3614 2234 3667 ἑνὶ
2257 3614 2513 3685 προϐάτῳ
2545 3609 2798 3680 γενέσθαι
2834 3609 2988 3678 φησὶ,
3025 3605 3168 3659 κατά
3210 3605 3268 3657 τὸ
3325 3604 3543 3674 μέτρον,
3575 3597 3730 3670 οἶμαί

2153 3725 2280 3771 που,
2322 3709 2421 3776 τῆς
2451 3703 2830 3774 πνευματικῆς
2875 3700 2996 3752 κατ’
3025 3698 3224 3770 ἀρετὴν
3273 3697 3591 3766 ποσότητος,
3626 3692 3731 3745 τῶν

2154 3796 2542 3867 ἀπολλυμένων
2588 3794 2796 3858 ἐπιθεὶς
2842 3791 2940 3862 τὴν
2991 3790 3229 3844 κόλασιν.
3259 3789 3440 3850 Τύπος
3478 3786 3521 3840 δ’
3551 3785 3618 3838 ἂν
3646 3783 3731 3852 εἴη

2155 3891 2247 3944 iul
2288 3889 2414 3944 σκιὰ
2453 3889 2551 3958 τῆς
2588 3889 2645 3941 ὲν
2688 3887 2857 3957 ἀρετῇ
2905 3883 3223 3954 ποσότητος,
3256 3881 3290 3951 ἡ
3323 3878 3642 3950 σωματικὴ-
3671 3875 3734 3929 τὸ

2155 3985 2344 4053 γάρτοι
2377 3979 2618 4050 μεῖζονῆ
2660 3979 2810 4048 μεῖον
2863 3978 2920 4028 ὲν
2959 3971 3307 4035 ὲπιεικείαις,
3348 3967 3733 4039 ἀταλαίπωρον

2158 4073 2284 4125 ίδεῖν
2317 4071 2373 4123 ἐν
2405 4088 2466 4138 γε
2497 4071 2610 4131 τοῖς
2639 4066 3083 4127 πεπιστευκόσιν,
3115 4063 3237 4115 ἐπεὶ
3270 4061 3344 4132 μὴ
3380 4063 3437 4113 ὲν
3467 4059 3568 4130 ίσῳ
3599 4058 3736 4112 πάν-

2156 4182 2246 4226 τες
2267 4162 2427 4232 τυχόν
2451 4179 2463 4192 ο
2500 4179 2518 4212 ι
2565 4159 2702 4213 Ἀλλ’
2736 4159 2965 4220 ἕκαστος
2994 4155 3150 4228 ἡμῶν
3172 4155 3304 4208 ῖδιον
3336 4151 3452 4223 ἔχει
3487 4153 3735 4223 χάρισμα

2158 4257 2222 4308 ὲκ
2240 4251 2398 4316 Θεοῦ,
2415 4253 2442 4305 6
2461 4252 2558 4323 μὲν
2575 4249 2765 4314 οὕτως,
2789 4251 2816 4302 6
2842 4248 2896 4302 δὲ
2929 4247 3149 4310 οὕτως.»
3171 4246 3234 4298 Ei
3249 4244 3305 4296 δὲ
3327 4243 3391 4314 δὴ
3407 4243 3654 4295 κλέπτων
3675 4235 3754 4294 τι

2161 4340 2253 4394 καὶ
2270 4337 2556 4410 διορύττων
2581 4337 2682 4400 ἔτι,
2701 4337 2793 4390 καὶ
2821 4335 2890 4388 τά
2919 4335 3019 4405 τῆς
3043 4333 3294 4405 λῃστείας
3325 4331 3456 4402 ἔργα
3489 4329 3735 4398 πληρῶν,

2160 4429 2235 4493 ὼς
2266 4430 2324 4482 ὲν
2355 4429 2508 4482 νυκτί
2545 4445 2605 4482 τε
2640 4429 2734 4481 καὶ
2770 4426 2945 4496 σκότῳ
2977 4423 3420 4493 καταφωραθείη,
3449 4421 3603 4491 φησὶ,
3636 4420 3736 4472 καὶ

473 4516 612 4572 furis
645 4532 876 4572 munera
894 4517 1113 4588 explere
1147 4517 1214 4572 de
1235 4526 1395 4573 nocte
1423 4527 1478 4573 et
1511 4518 1567 4573 in
1590 4520 1833 4576 tenebris
1857 4521 2050 4592 depre-

2158 4520 2464 4574 ἐκτεθνάτω
2491 4520 2640 4572 τότε“
2679 4519 2775 4571 καὶ
2811 4517 2871 4570 τὸ
2912 4517 3121 4588 χρῆμα,
3163 4515 3223 4567 οὐ
3265 4514 3441 4580 φόνος,
3490 4511 3613 4564 οὐδὲ
3656 4509 3738 4579 τῷ

475 4607 683 4662 liensus
722 4607 909 4673 fuerit,
936 4608 1137 4678 inquit,
1175 4619 1290 4663 tum
1326 4623 1460 4663 vero
1481 4609 1644 4666 liceat
1679 4611 1965 4678 occidere;
2000 4622 2056 4669 et

475 4716 538 4756 ea
561 4716 652 4756 res
674 4716 782 4756 non
822 4710 907 4756 est
932 4702 1127 4766 cades,
1166 4717 1345 4772 neque
1386 4701 1613 4767 faciens,
1648 4703 1896 4759 criminis
1929 4720 2056 4759 reus

475 4792 604 4846 erit.
635 4791 746 4846 Fur
774 4791 922 4846 enim
947 4801 1086 4854 erat,
1115 4793 1208 4862 qui
1243 4793 1442 4848 cecidit
1466 4804 1522 4849 et
1546 4795 1654 4848 vim
1679 4794 1971 4859 inferebat,
2002 4804 2058 4850 et

477 4881 608 4935 belli
629 4882 755 4949 jure
782 4895 955 4935 caesus
983 4891 1068 4936 est
1094 4899 1106 4933 :
1137 4891 1212 4947 at,
1237 4885 1351 4938 sole
1376 4885 1486 4954 jam
1513 4895 1658 4950 orto,
1685 4895 1848 4958 atque
1871 4888 2058 4958 elapso

476 4971 696 5027 furandi
720 4980 988 5040 tempore,
1011 4971 1233 5027 cohibet
1253 4976 1610 5044 percutientis
1629 4993 1874 5042 manum,
1894 4978 2057 5047 idque

477 5063 692 5120 facinus
717 5065 998 5121 homicidii
1025 5066 1234 5122 crimen
1260 5083 1380 5123 esse
1406 5069 1613 5124 deﬁnit.
1637 5071 1774 5126 Dum
1797 5072 1944 5128 enim
1972 5073 2058 5127 fur

476 5159 800 5228 spiritualis,
831 5159 1066 5214 animam
1093 5159 1369 5214 credentis
1396 5160 1451 5214 in
1474 5161 1756 5218 Christum
1779 5165 2059 5235 depraada-

481 5256 587 5310 tur,
622 5259 677 5305 et
714 5267 743 5304 a
781 5250 1048 5305 charitate
1079 5249 1174 5304 Dei
1215 5249 1504 5313 abstrahit,
1541 5252 1582 5305 si
1619 5253 1673 5307 in
1702 5255 1821 5323 ipso
1851 5256 2057 5310 scelere

480 5336 858 5406 deprehensus
899 5339 1094 5403 fuerit,
1135 5356 1246 5394 non
1295 5340 1492 5409 injuria
1539 5351 1711 5396 morte
1749 5345 2054 5400 multatur:

480 5427 717 5483 animam
743 5431 891 5484 enim
913 5433 1134 5497 occidit,
1159 5448 1280 5503 quae
1309 5432 1657 5502 praestantior
1680 5445 1764 5490 est
1786 5451 2013 5505 corpore
2041 5456 2053 5489 :

483 5525 540 5571 at
575 5532 728 5584 vero,
770 5537 896 5575 cum
935 5523 992 5578 in
1023 5526 1140 5595 ejus
1179 5541 1398 5596 quoque
1439 5537 1677 5582 mentem
1717 5529 1794 5583 sol
1837 5538 2059 5585 exortus

484 5601 670 5673 fuerit,
700 5623 930 5680 eamque
965 5629 1091 5668 vera
1130 5617 1388 5688 cognitio,
1426 5619 1565 5674 lucis
1607 5636 1669 5674 ac
1712 5619 1819 5674 diei
1862 5619 2054 5685 instar,

591 5783 633 5815 ε’
665 5781 826 5839 lCor.
861 5797 955 5849 vn,
984 5784 1032 5836 7.

2158 4613 2417 4682 δράσαντι
2466 4612 2672 4683 γραφή.
2715 4609 3048 4678 Πλεονέκτης
3093 4605 3203 4676 γὰρ
3243 4606 3336 4659 καὶ
3379 4603 3548 4673 βίαιος
3583 4605 3610 4655 6
3640 4617 3740 4656 πε-

2165 4705 2292 4768 σὼν,
2326 4705 2419 4758 καὶ
2448 4703 2686 4774 πολέμου
2723 4703 2988 4771 τέτρωται
3021 4698 3172 4770 νόμῳ
3199 4714 3210 4727 ·
3248 4697 3398 4768 ἡλίου
3437 4695 3494 4750 δὲ
3522 4693 3741 4748 ἀνατεί-

2164 4798 2374 4861 λαντος,
2408 4797 2499 4851 καὶ
2528 4777 2931 4867 παρελάσαντος
2959 4792 3058 4863 ἤδη
3090 4791 3184 4846 τοῦ
3207 4791 3304 4860 τῆς
3340 4787 3593 4863 λῃστείας
3615 4803 3740 4839 και-

2169 4889 2286 4960 ροῦ,
2315 4888 2414 4956 τὴν
2468 4885 2560 4938 τοῦ
2613 4885 2936 4954 πλήττοντος
2987 4881 3160 4951 είργει
3208 4883 3387 4949 χεῖρα,
3425 4879 3520 4931 καὶ
3575 4876 3740 4944 φόνου

2166 4978 2382 5049 γραφὴν
2426 4974 2701 5046 καθορίζει
2728 4973 2822 5027 τοῦ
2864 4972 3227 5042 τολμήματος.
3255 4971 3402 5033 Ἕως
3447 4970 3546 5038 μὲν
3568 4967 3676 5038 γὰρ
3712 4967 3742 5018 6

2164 5071 2404 5139 κλέπτης
2433 5072 2461 5123 6
2490 5067 2696 5139 νοητὸς,
2721 5067 2820 5137 τὴν
2841 5064 2934 5118 τοῦ
2971 5063 3357 5124 πιστεύσαντος
3387 5064 3466 5123 εἰς
3505 5058 3742 5129 Χριστὸν

2167 5162 2547 5218 καταλωϐἄται
2598 5159 2793 5230 ψυχὴν,
2847 5157 2940 5211 καὶ
2987 5155 3208 5224 ἀγάπης
3267 5153 3476 5217 ὲξέλκει
3522 5150 3620 5220 τῆς
3660 5151 3742 5211 είς

2165 5255 2317 5320 Θεὸν,
2353 5257 2402 5307 εί
2436 5255 2493 5306 ὲν
2525 5253 2706 5315 αὐτοῖς
2741 5250 2892 5320 ἀλοίη
2941 5251 3054 5312 τοῖς
3088 5246 3545 5319 πλημμελήμασι,
3578 5242 3741 5294 πάθοι

2165 5349 2233 5403 ἂν
2269 5348 2366 5400 οὐκ
2400 5345 2596 5408 ἀδίκως
2627 5343 2719 5396 καὶ
2767 5341 2827 5394 τὸ
2870 5339 3184 5393 ὲκτεθνάναι
3228 5338 3336 5391 δεῖν
3361 5353 3374 5366 ·
3416 5333 3593 5404 ψυχὴν
3631 5330 3743 5401 γὰρ

2166 5439 2472 5502 ἀπέκτεινε,
2505 5435 2604 5507 τὴν
2646 5432 2854 5504 ἀμείνω
2903 5431 3186 5501 σώματος’
3235 5428 3387 5498 ἡλίου
3424 5426 3480 5478 δὲ
3523 5422 3741 5477 ἀνατείη

2165 5530 2354 5592 λαντος
2389 5529 2479 5582 κα¹ι
2508 5525 2653 5596 αὐτῷ
2675 5527 2814 5578 κατά
2845 5523 2984 5587 νοῦν,
3019 5523 3114 5576 καὶ
3151 5517 3546 5589 διαυγαζούσης
3573 5515 3650 5576 ὡς
3679 5512 3741 5564 ἔν

2164 5620 2312 5685 τάξει
2367 5620 2539 5690 φωτὸς
2591 5619 2682 5672 καὶ
2725 5617 2958 5689 ἡμέρας,
3020 5615 3116 5684 τῆς
3169 5611 3398 5684 ἀληθοῦς
3457 5609 3738 5677 γνώσεως,
