4138 6300
446 407 550 467 5'57

1110 407 1200 464 DE
1235 407 1674 465 ADORA'I‘IONE
1714 409 1780 464 IN
1819 407 2087 465 SPIRITU
2125 407 2214 464 ET
2253 407 2621 464 VERITATE.
2649 407 2792 464 .LIB.
2821 408 2954 465 VIII.

3596 406 3701 464 538

449 519 776 578 κινδυνεύειν
807 519 906 573 ούκ
937 521 1021 590 ἐᾷ,
1066 521 1352 586 κολάζεται
1389 521 1498 594 γὰρ
1547 522 1616 576 τὰ
1651 523 1844 587 νυκτὸς
1876 523 2012 595 ἔργα

2115 521 2494 589 illustraverit,
2520 524 2823 593 periclitari
2849 539 2959 578 non
2982 524 3148 580 sinit:
3174 539 3299 578 nam
3323 539 3491 594 opera
3518 527 3699 582 noctis

325 631 357 646 '
449 616 543 669 καὶ
563 613 805 676 σκότους,
827 613 896 666 τά
922 612 978 666 δὲ
1005 612 1080 676 ὡς
1108 614 1166 666 ἐν
1195 614 1332 683 φωτὶ
1356 614 1560 681 λοιπὸν,
1591 617 1692 669 οὐκ
1719 614 1818 671 ἔτι.
1856 616 2019 670 Ἀνεῖ-

450 705 644 761 σθαιδέ
662 704 771 758 τῶν
803 705 1045 774 ἀρχαίων
1080 705 1462 778 ἐγκλημάτων,
1491 710 1584 762 καὶ
1611 708 1722 762 τῶν
1744 708 1801 761 ἐν
1825 708 2017 779 ἀγνοίᾳ

445 797 538 851 καὶ
573 795 770 866 σκότῳ,
805 795 1121 850 δεδικαίωκε
1166 795 1315 860 Θεός.
1371 798 1481 851 Καὶ
1527 799 1591 868 δὴ
1634 799 1725 852 καὶ
1774 797 2016 866 λεγέσθω

322 923 344 934 ς
441 891 553 952 τοῖς
603 887 661 954 ἐξ
715 886 987 958 ἁμαρτίας
1039 889 1119 951 είς
1169 887 1285 957 φῶς
1341 888 1664 958 ἀφιγμένοις
1701 889 1762 940 τὸ
1805 889 2013 958 νοητὸν,

449 998 466 1030 ι
502 974 644 1033 ἾῙτέ
679 996 808 1033 ποτε
841 979 1052 1044 σκότος,
1089 979 1204 1033 νυνὶ
1237 979 1294 1033 δέ
1321 979 1438 1050 φῶς
1479 982 1536 1033 ἐν
1563 979 1772 1050 Κυρίῳ.
1804 1000 1823 1033 ι
1859 979 2016 1034 Οῦτω

441 1069 786 1124 δεδικαίωκεν
809 1071 837 1123 6
871 1069 1076 1142 Κύριος
1113 1071 1208 1125 καὶ
1231 1072 1322 1124 τὸν
1359 1071 1644 1126 θεσπέσιον
1666 1071 1898 1135 Παῦλον,
1924 1074 2016 1126 τὸν

443 1160 706 1232 πρότερον
745 1161 872 1215 ὄντα
908 1161 1246 1234 βλάσφημον,
1282 1165 1374 1217 καὶ
1415 1164 1670 1236 διώκτην,
1714 1165 1806 1219 καὶ
1857 1165 2014 1236 ύϐρι-

445 1254 608 1325 στήν·
659 1253 780 1307 καθ’
827 1254 1128 1326 ὑπερϐολὴν
1169 1255 1279 1328 γάρ
1319 1256 1508 1311 ἐδίωκε
1550 1257 1647 1328 τὴν
1691 1257 2015 1329 Ἐκκλησίαν

441 1343 534 1396 τοῦ
558 1341 714 1408 Θεοῦ,
743 1343 837 1396 καὶ
869 1344 1090 1416 ἐπόρθει
1117 1345 1310 1414 αὐτήν.

511 1521 716 1574 ΠΑΛΛ.
752 1521 981 1591 ¹Ἀριιιτα
1009 1520 1165 1591 ἔφης.

509 1611 674 1664 ΚΥΡ.
730 1611 855 1665 Ἐὰν
894 1611 950 1665 δέ
990 1613 1063 1682 μὴ
1105 1611 1350 1683 δύνηται,
1394 1613 1561 1684 φησὶ,
1585 1611 1743 1666 πέντε
1782 1613 2014 1682 μόσχους

441 1700 558 1756 ἀνθ’
592 1701 730 1765 ἐνὸς,
765 1702 858 1754 καὶ
889 1702 1135 1772 πρόϐατα
1159 1702 1400 1773 τέσσαρα
1432 1704 1549 1756 ἀνθ’
1589 1702 1726 1767 ἐνὸς,
1752 1703 2015 1772 πραθήτω

440 1789 560 1844 ἀντὶ
585 1788 680 1843 τοῦ
704 1789 1032 1860 κλέμματος.
1071 1789 1232 1862 Ὁρᾷς
1254 1791 1401 1854 ὅπως
1427 1791 1651 1862 ἀτιμίαν
1677 1793 1706 1845 6
1728 1791 1890 1862 νόμος
1914 1790 2014 1862 τὴν

438 1880 778 1952 δουλοπρεπῆ
833 1881 1179 1951 καταγράφει
1238 1881 1424 1951 σαφῶς
1476 1881 1585 1934 τῶν
1636 1881 1858 1953 διηνεκῆ
1913 1882 2008 1935 καὶ

439 1973 757 2026 ἀνέκνιπτον
791 1971 1024 2041 ἐχόντων
1071 1971 1171 2042 τὴν
1219 1971 1523 2042 ἁμαρτίαν,
1564 1972 1657 2026 καὶ
1699 1972 1842 2042 μηδ’,
1885 1972 2008 2024 ὅσον

439 2063 630 2127 εἰπεῖν,
675 2059 894 2132 λύτροις
935 2061 1336 2130 ἀποκρούεσθαι
1377 2061 1442 2114 τά
1489 2061 1812 2133 ἐγκλήματα
1850 2061 2009 2114 δυνα-

442 2152 636 2221 μένων,
664 2151 752 2205 διά
773 2168 832 2205 τε
855 2152 916 2204 τὸ
939 2152 1038 2222 τῆς
1057 2152 1281 2222 γνώμης
1308 2151 1531 2217 ἀσθενὲς
1550 2153 1648 2205 οὐκ
1670 2153 2010 2223 ἀνεχομένων

443 2243 620 2314 ίδροῦν
640 2244 720 2306 είς
754 2243 1114 2314 μετάγνωσιν,
1151 2244 1248 2298 καὶ
1273 2242 1360 2296 διὰ
1388 2244 1495 2296 τῶν
1529 2245 1609 2307 είς
1639 2243 1796 2297 τοῦτο
1831 2245 2010 2298 πόνων

439 2332 871 2404 ἐκμειλίττεσθαι
898 2333 1064 2397 Θεόν;
1098 2333 1514 2404 Πιπράσκεσθαι
1553 2335 1616 2404 δὴ
1650 2329 1742 2388 οὖν
1781 2331 1840 2388 εὖ
1867 2336 2010 2406 μάλα

439 2423 620 2496 φησίν.
656 2423 1095 2497 Ἐναριθμεῖσθαι
1121 2425 1230 2496 γὰρ
1258 2425 1358 2478 οὐκ
1398 2427 1463 2496 ἐᾷ.
1489 2429 1599 2490 τοῖς
1624 2425 1714 2479 διὰ
1736 2426 1834 2497 τῆς
1863 2426 2012 2491 θείας

439 2521 657 2589 χάριτος
687 2517 1169 2588 ἠλευθερωμένοις,
1205 2518 1331 2580 τοὺς
1359 2517 1501 2571 οὕτω
1547 2517 2008 2589 μεμολυσμένους.

451 2609 840 2681 Ἑξωθούμενοι
877 2609 934 2664 δὲ
965 2611 1208 2681 τῆςτοῖς
1236 2610 1539 2681 ἐλευθέροις
1585 2611 1900 2683 πρεπούσης
1939 2630 2014 2665 τι·

443 2702 568 2772 μῆς,
585 2701 910 2757 ἀκούσονται
931 2702 1024 2756 καὶ
1047 2702 1201 2756 αὐτοί
1221 2717 1234 2733 ⁸
1262 2722 1280 2753 ι
1305 2703 1433 2756 Ἰδοὺ
1450 2705 1569 2766 ταῖς
1587 2702 1840 2774 ἀνομίαις
1858 2705 2012 2775 ὑμῶν

441 2793 735 2865 ἐπράθητε.
761 2813 779 2847 ι
812 2795 876 2848 Εί
895 2794 1248 2863 δέῠκεκλοφὼς
1277 2795 1372 2866 μὲν
1390 2795 1563 2866 ἁλοίη,
1583 2797 1768 2866 φησὶν,
1787 2795 1938 2850 οὔπω
1957 2795 2013 2849 δὲ

441 2885 662 2952 ἀνελὼν,
688 2885 987 2950 τουτέστιν,
1007 2887 1056 2939 εί
1078 2886 1412 2957 φενακισμοῦ
1432 2887 1526 2941 καὶ
1539 2888 1756 2958 ἀπάτης
1773 2888 2015 2958 ἀρξάμε-

441 2993 526 3041 νος
542 2978 640 3048 τῆς
656 2979 732 3042 είς
746 2978 832 3031 ἐτέ
841 2995 962 3050 ρους
983 2980 1187 3033 καταλα
1195 2979 1449 3049 μϐάνοιτό
1469 2997 1553 3044 τις
1567 2980 1675 3033 τῶν
1688 2980 2014 3052 ἐτεροδοξεῖν

442 3071 730 3135 εἰωθότων,
755 3070 1054 3143 νενικηκὼς
1086 3071 1143 3126 δὲ
1189 3071 1340 3125 οὔπω
1393 3074 1486 3125 καὶ
1524 3075 1898 3142 κατακομίσας
1935 3075 2016 3137 εἰς

2117 628 2180 668 ac
2233 612 2589 668 tenebrarum
2629 617 2965 685 puniuntur;
3000 631 3123 686 quae
3163 624 3348 670 autem
3394 615 3452 671 in
3491 617 3700 673 lumine

2118 703 2277 767 fiunt,
2310 719 2422 758 non
2457 705 2628 761 item:
2670 705 2972 760 condonari
3007 714 3190 761 autem
3229 717 3414 763 vetera
3455 707 3693 764 crimina

2116 803 2171 849 et
2205 796 2261 849 in
2293 795 2509 850 inscitia
2531 813 2595 851 ac
2619 797 2868 852 tenebris
2897 797 3153 863 admissa,
3181 813 3398 868 aequum
3425 814 3546 855 esse
3571 816 3698 855 cen-

2116 884 2227 938 suit
2251 885 2411 939 Deus.
2439 885 2625 956 ltaque
2653 887 2867 942 dicatur
2888 887 2977 952 iis,
3001 888 3095 958 qui
3127 887 3194 942 de
3219 897 3444 957 peccato
3486 889 3555 943 ad
3581 890 3694 959 spi-

2116 976 2313 1031 rituale
2349 976 2532 1032 lumen
2568 987 2979 1047 pervenerunt:
3020 997 3038 1029 ι
3075 979 3254 1033 Eratis
3286 980 3580 1049 aliquando
3611 989 3694 1035 te—

2115 1066 2333 1132 nebrm;
2367 1084 2513 1123 nunc
2545 1077 2728 1123 autem
2768 1070 2859 1123 lux
2897 1069 2954 1123 in
2992 1069 3224 1124 Domino
3255 1069 3318 1123 ⁸³.
3365 1089 3383 1120 ι
3419 1070 3508 1124 Sic
3531 1071 3695 1140 justi-

2116 1155 2297 1210 ﬁcavit
2335 1157 2600 1211 Dominus
2639 1158 2807 1212 etiam
2850 1158 3072 1213 beatum
3117 1158 3369 1222 Paulum,
3407 1158 3501 1227 qui
3541 1159 3697 1228 prius

2114 1245 2293 1302 fuerat
2311 1248 2687 1318 blasphemus,
2716 1257 2772 1304 et
2791 1257 3132 1319 persecutor,
3156 1257 3212 1304 et
3231 1251 3693 1317 contumeliosus;

2115 1353 2278 1408 supra
2306 1340 2529 1395 modum
2562 1342 2710 1395 enim
2753 1342 3189 1413 persequebatur
3229 1341 3528 1398 Ecclesiam
3575 1343 3692 1408 Dei,

2114 1441 2170 1486 et
2193 1430 2520 1486 devastabat
2543 1432 2691 1486 illam
2720 1433 2784 1487 “.

2185 1523 2382 1577 PALL.
2413 1523 2632 1594 Optime
2658 1525 2818 1580 dicis.

2183 1613 2339 1669 CYR.
2377 1614 2584 1682 Quodsi
2613 1631 2724 1670 non
2766 1617 2994 1686 poterit,
3023 1618 3223 1690 inquit,
3259 1621 3502 1691 quinque
3526 1621 3696 1678 boves

2114 1721 2213 1775 pro
2255 1721 2388 1771 uno,
2427 1715 2664 1776 quatuor
2693 1708 2857 1762 etiam
2895 1724 3025 1764 oves
3062 1725 3164 1779 pro
3204 1727 3314 1766 una
3357 1713 3692 1780 persolvere,

2113 1795 2382 1849 vendatur
2405 1809 2506 1864 pro
2543 1795 2712 1850 furto.
2742 1797 2905 1853 Vides
2935 1807 2996 1853 ut
3029 1799 3115 1854 lex
3141 1800 3494 1871 ignominiam
3521 1802 3693 1857 servi-

2040 1867 2081 1922 B
2109 1886 2215 1940 lem
2234 1892 2422 1955 aperte
2444 1888 2686 1942 sanxerit
2710 1888 2764 1942 in
2786 1903 2901 1952 eos,
2925 1890 3040 1958 qui,
3060 1904 3184 1943 cum
3206 1892 3423 1946 assidue
3444 1901 3693 1962 peccent,

2110 1989 2219 2028 non
2250 1983 2432 2029 tamen
2470 1977 2683 2044 peccati
2717 1979 2962 2032 maculas
2999 1979 3250 2045 abluunt,
3282 1998 3482 2052 neque,
3527 1993 3586 2038 ut
3621 1984 3696 2040 ita

2110 2065 2308 2129 dicam,
2345 2066 2527 2135 pretio
2550 2065 2697 2132 dato,
2722 2078 2951 2137 possunt
2971 2071 3202 2126 crimina
3224 2072 3492 2143 depellere
3515 2093 3526 2127 :
3549 2074 3695 2144 quod

2110 2155 2310 2208 mentis
2352 2154 2672 2210 infirmitate
2717 2157 2948 2215 sudores
2984 2161 3323 2230 pmnitentia:
3347 2164 3614 2232 perferre,
3639 2173 3696 2221 et

2110 2246 2283 2300 Deum
2315 2245 2585 2316 ejusmodi
2611 2247 2895 2304 laboribus
2922 2251 3139 2320 placare
3163 2255 3376 2308 nolint?
3398 2256 3571 2312 Vendi
3597 2257 3696 2327 igi-

2113 2345 2203 2391 tur
2225 2351 2321 2392 eos
2345 2336 2653 2392 rectissime
2674 2338 2832 2408 jubet
2856 2358 2869 2391 :
2906 2355 3087 2410 neque
3109 2344 3256 2397 enim
3285 2345 3534 2402 homines
3557 2348 3694 2403 adeo

2112 2429 2429 2499 inquinatos
2450 2429 2723 2499 permittit
2744 2430 2888 2485 inter
2909 2447 3004 2486 eos
3025 2437 3328 2501 numerari,
3360 2439 3452 2507 qui
3481 2455 3579 2508 per
3597 2439 3693 2494 Dei

2111 2519 2342 2589 gratiam
2378 2517 2542 2573 liberi
2575 2516 2704 2571 facti
2738 2525 2884 2572 sunt.
2919 2518 3144 2590 Expulsi
3187 2531 3369 2577 autem
3405 2523 3472 2578 ab
3505 2539 3571 2578 eo
3597 2523 3697 2578 lio-

2112 2627 2267 2675 nore,
2295 2611 2390 2680 qui
2411 2613 2603 2666 liberis
2625 2613 2902 2675 convenit.
2928 2614 3156 2668 audient
3179 2615 3343 2668 etiam
3371 2615 3473 2684 ipsi
3503 2633 3515 2668 :
3550 2634 3567 2666 ι
3595 2616 3696 2671 Ec-

2113 2717 2174 2758 ce
2197 2703 2250 2757 in
2280 2703 2667 2772 iniquitatibus
2696 2703 2894 2758 vestris
2915 2705 3124 2759 venditi
3147 2706 3280 2760 estis
3306 2707 3372 2758 ⁶⁸.
3414 2725 3432 2757 ι
3465 2706 3620 2772 Quod
3649 2709 3695 2762 si

2112 2793 2318 2850 furtum
2343 2798 2564 2866 quidem
2587 2798 2784 2854 fecisse
2808 2806 3122 2867 compertus
3141 2795 3327 2863 fuerit,
3349 2797 3592 2852 nondum
3615 2806 3697 2853 ta-

2113 2901 2239 2940 men
2271 2888 2558 2954 occidisse,
2587 2889 2642 2943 id
2669 2897 2770 2956 est,
2807 2889 2968 2958 255
3007 2889 3051 2943 si
3083 2890 3207 2959 quis
3242 2889 3402 2943 aliter
3427 2889 3692 2955 sentiens,

2114 2993 2276 3048 quam
2311 2977 2447 3034 ﬁdes
2470 2988 2620 3034 recta
2658 2980 2985 3049 praescribit,
3016 2979 3202 3034 fallere
3229 2979 3452 3048 quidem
3475 2986 3531 3033 et
3550 2979 3698 3034 deci-

2115 3084 2246 3139 pere
2268 3081 2496 3125 caeteros
2528 3072 2751 3125 molitus
2788 3087 2909 3126 esse
2946 3070 3412 3140 deprehendatur,
3448 3068 3694 3124 nondum

441 3161 658 3233 δλεθρον
687 3163 812 3224 τοὺς
839 3163 1245 3234 ἀκροωμένους,
1275 3164 1521 3218 ἀποτίσει
1551 3160 1733 3218 διπλᾶ.
1780 3164 2008 3237 Ἀναλή-

2118 3168 2300 3215 tamen
2329 3161 2528 3216 vicisse
2555 3172 2650 3217 aut
2675 3162 2742 3216 ad
2767 3162 3067 3231 perniciem
3090 3162 3369 3217 auditores
3403 3161 3694 3230 perduxis-

441 3251 599 3320 ψεται
634 3251 744 3323 γὰρ
769 3252 830 3304 τὸ
863 3253 1060 3306 οἰκεῖον
1082 3254 1110 3305 6
1157 3255 1254 3324 τῆς
1283 3254 1487 3325 ἀγέλης
1513 3255 1800 3324 δεσπότης,
1840 3272 2011 3326 προσ-

442 3342 857 3414 εξαιτηθήσεται
883 3343 940 3397 δὲ
968 3346 1061 3398 καὶ
1077 3345 1268 3413 λόγους
1299 3348 1326 3399 6
1353 3345 1660 3416 βωμολόχος
1677 3364 1690 3375 ·
1720 3344 1878 3398 τοῦτο
1904 3347 2012 3417 γὰρ

442 3433 508 3488 ἂν
559 3435 644 3506 εἴη
685 3435 746 3488 τὸ
793 3435 850 3487 ἐν
893 3435 1096 3506 διπλῷο
1131 3438 1224 3490 καὶ
1259 3436 1461 3507 ζημίαν
1492 3437 1755 3506 ὑπομενεῖ
1784 3437 1883 3507 τὴν
1935 3438 2014 3499 είς

445 3525 691 3581 θάνατον.
728 3529 793 3581 "0
822 3527 930 3598 γάρ
977 3527 1211 3599 ἠθέλησε
1264 3529 1397 3600 δρᾷν
1447 3530 1527 3593 είς
1575 3529 1816 3600 ἐτέρους,
1851 3529 2012 3583 πάθοι

444 3618 509 3673 ἂν
530 3618 690 3678 αὐτὸς
713 3619 805 3673 καὶ
845 3619 987 3689 μάλα
1017 3619 1262 3683 εἰκότως.

516 3711 722 3766 (IAM.
776 3711 861 3775 Ὦς
888 3710 1125 3782 ὀλέθριόν
1153 3729 1210 3764 τε
1237 3710 1331 3764 καὶ
1362 3711 1640 3764 πάνδεινον
1668 3711 1881 3782 ἀληθῶς
1907 3711 2014 3764 τῶν

445 3802 691 3869 φενάκων
735 3801 797 3855 τὸ
841 3803 1048 3873 χρῆμα,
1091 3803 1219 3873 περὶ
1244 3795 1317 3855 ὧν
1345 3797 1500 3872 οἶμαί
1544 3819 1644 3855 που
1693 3801 1786 3854 καὶ
1851 3801 2014 3855 αὑτὸν

445 3888 848 3959 προαγορεῦσαι
883 3889 1144 3960 Χριστόνο
1184 3908 1202 3941 ι
1247 3889 1548 3961 Προσέχετε
1578 3890 1688 3943 ἀπὸ
1722 3890 1832 3943 τῶν
1861 3893 2017 3963 ἐρχο-

448 3981 623 4050 μένων
657 3982 793 4053 πρὸς
820 3983 963 4052 ὑμᾶς
1001 3983 1058 4035 ἐν
1091 3981 1346 4053 ἐνδύμασι
1382 3982 1687 4053 προϐάτων,
1720 3981 1920 4036 ἔσωθεν
1958 3983 2015 4037 δέ

446 4074 550 4125 είσι
577 4072 731 4126 λύκοι
759 4073 1024 4145 ἅρπαγες.
1067 4091 1085 4124 ι

512 4162 674 4216 ΚΥΡ.
730 4161 934 4232 Ὀρθῶς
980 4158 1070 4215 οὖν
1106 4164 1134 4216 6
1162 4162 1323 4232 νόμος
1350 4162 1426 4226 ὡς
1459 4161 1640 4234 θηρῶν
1686 4164 1912 4234 ἀγρίων,
1953 4165 2016 4218 τὸ

447 4251 760 4305 ἐκτεθνάναι
794 4251 904 4303 δεῖν
949 4251 1145 4313 παντὸς
1179 4251 1383 4304 τοιοῦδε
1427 4252 1880 4320 καταψηφίζεται.
1915 4253 2015 4305 Γέ-

446 4355 686 4408 γραπται
713 4338 820 4408 γιὰρ
859 4338 915 4390 ἐν
949 4338 1047 4407 μὲν
1101 4341 1166 4408 τῇ
1229 4337 1453 4408 Ἐξξόδῳ⁹
1499 4357 1517 4389 ι
1567 4339 1693 4392 Ἐάν
1731 4339 1905 4411 κλέψῃ
1933 4340 2016 4402 τίς

445 4446 565 4484 τινα
591 4429 700 4483 τῶν
733 4429 867 4481 υἱῶν
910 4427 1144 4498 Ἰσραὴλ,
1175 4428 1268 4480 καὶ
1306 4427 1811 4492 καταδυναστεύσας
1854 4429 2018 4483 αὑτὸν

2115 3268 2193 3317 se,
2237 3251 2462 3321 duplum
2506 3254 2780 3322 persolvet
2808 3271 2820 3306 :
2853 3269 2980 3308 nam
3044 3253 3299 3308 dominus
3327 3254 3505 3324 gregis
3533 3270 3692 3310 suum

2114 3341 2362 3412 recipiet,
2399 3351 2455 3397 et
2506 3343 2601 3397 ille
2640 3359 2863 3412 quoque
2903 3341 3193 3397 insidiator
3230 3358 3419 3412 poenas
3459 3344 3574 3399 luet
3617 3343 3693 3415 (id

2111 3432 2259 3486 enim
2277 3441 2362 3486 est
2383 3432 2657 3502 duplum),
2683 3448 2748 3486 ac
2771 3433 2962 3488 mortis
2987 3447 3146 3502 pcena
3171 3432 3514 3486 multabitur.
3538 3431 3694 3499 Quod

2112 3522 2259 3577 enim
2293 3523 2414 3578 aliis
2453 3522 2634 3578 facere
2672 3523 2875 3590 voluit,
2915 3523 2970 3578 id
3006 3524 3122 3594 ipse
3164 3524 3288 3594 jure
3333 3524 3541 3594 Optimo
3594 3539 3693 3595 pa-

2113 3615 2306 3668 tietur.

2185 3706 2380 3760 PALL.
2428 3707 2807 3762 Perniciosum
2833 3723 2963 3762 sane
3005 3723 3069 3762 ac
3117 3723 3279 3778 grave
3299 3714 3384 3760 est
3429 3706 3692 3775 decepto-

2115 3814 2236 3852 rum
2263 3799 2495 3864 crimen,
2551 3800 2620 3854 de
2666 3799 2868 3870 quibus
2910 3800 3089 3868 ipsum
3148 3813 3369 3867 quoque
3411 3796 3691 3852 Christum

2114 3891 2434 3960 prmdixisse
2472 3898 2640 3960 puto:
2676 3912 2693 3942 ι
2724 3890 3007 3945 Attendite
3034 3890 3101 3944 ab
3125 3891 3193 3944 iis
3225 3890 3318 3958 qui
3352 3889 3587 3943 veniunt
3622 3888 3691 3944 ad

2114 3995 2211 4036 vos
2239 3981 2294 4034 in
2316 3981 2664 4036 vestimentis
2721 3981 2940 4046 ovium,
2979 3981 3317 4036 intrinsecus
3345 3988 3528 4034 autem
3563 3987 3694 4034 sunt

2114 4073 2229 4143 lupi
2255 4089 2482 4143 rapaces
2504 4074 2569 4127 “.
2594 4093 2612 4124 ι

2185 4162 2344 4217 CYR.
2367 4165 2535 4218 Recte
2561 4164 2727 4234 igitur
2747 4163 2834 4218 lex
2849 4161 3244 4232 dehujusmodi
3266 4161 3545 4225 omnibus,
3567 4168 3692 4214 tan-

2117 4267 2281 4322 quam
2303 4251 2372 4306 de
2406 4252 2537 4306 feris
2559 4253 2780 4314 belluis,
2835 4260 3145 4305 extremum
3181 4250 3518 4318 supplicium
3562 4263 3690 4302 san-

2116 4345 2213 4398 xit.
2243 4344 2520 4413 Scriptum
2546 4352 2633 4398 est
2664 4343 2813 4397 enim
2839 4343 2893 4396 in
2918 4340 3106 4395 Exodo
3133 4340 3355 4408 quidem
3379 4357 3393 4393 :
3433 4359 3451 4390 ι
3483 4338 3538 4394 Si
3567 4339 3692 4408 quis

2119 4437 2334 4490 furatus
2360 4435 2528 4489 fuerit
2551 4436 2785 4503 aliquem
2810 4433 2877 4488 de
2919 4432 3047 4486 filiis
3095 4431 3286 4497 Israel,
3311 4439 3367 4486 et
3399 4431 3452 4486 vi
3501 4432 3689 4501 oppri-

446 4520 738 4585 ἀποδῶται,
775 4521 868 4573 καὶ
894 4517 1088 4590 εὑρεθῇ
1119 4520 1176 4572 ἐν
1211 4517 1380 4587 αύτῷ,
1416 4517 1628 4587 θανάτῳ
1653 4517 2007 4573 τελευτάτω.»

2120 4542 2274 4581 mens
2314 4541 2440 4579 eum
2483 4525 2909 4588 vendiderit,et
2950 4523 3210 4577 inventus
3252 4522 3419 4577 fuerit
3463 4523 3518 4576 in
3549 4522 3689 4591 ipso,

457 4610 544 4666 Ἑν
598 4611 656 4665 δέ
705 4629 767 4680 γε
823 4610 900 4681 τῷ
949 4608 1378 4679 Δευτερονομίῳζ·
1427 4626 1445 4658 ι
1507 4609 1632 4660 Ἐὰν
1673 4609 1732 4661 δὲ
1773 4608 1887 4678 ἁλῷ
1924 4609 2018 4663 ἄν..

447 4703 660 4775 θρωπος
700 4704 947 4757 κλέπτων
977 4702 1155 4772 ψυχὴν
1184 4702 1249 4754 ἐκ
1277 4701 1383 4754 τῶν
1414 4699 1656 4768 ἀδελφῶν
1689 4701 1876 4766 αὐτοῦ,
1908 4700 2016 4753 τῶν

445 4797 574 4851 υίῶν
620 4797 856 4868 Ἰσραὴλ,
881 4795 975 4850 καὶ
999 4792 1504 4854 καταδυναστεύσας
1535 4792 1694 4846 αὐτὸν
1722 4791 2015 4856 ἀποδῶται,

446 4887 792 4940 ἀποθανεῖται
826 4887 853 4938 6
900 4885 1138 4954 κλέπτης
1175 4885 1400 4946 ἐκεῖνος.
1438 4901 1458 4936 t
1496 4884 1570 4936 Οὐ
1610 4883 1718 4953 γάρ
1750 4900 1831 4936 τοι
1861 4885 2017 4954 θέμις

443 4977 502 5028 τὸ
531 4975 672 5046 ἱερὸν
701 4977 758 5028 ἐν
791 4974 1012 5046 Χριστῷ
1041 4972 1444 5044 καταδῃοῦσθαι
1467 4972 1640 5040 γένος,
1665 4974 1759 5026 καὶ⁴
1790 4975 1869 5036 είς
1898 4973 2018 5026 δου-

446 5067 591 5121 λείαν
617 5069 718 5121 οὑκ
750 5069 969 5138 ἐντριϐἦ
1007 5066 1470 5138 κατακομίζεσθαί
1512 5085 1602 5120 ποι
1631 5067 1784 5136 παρὰ
1815 5083 1879 5135 γε
1905 5067 2014 5121 τῶν

446 5155 604 5208 τοῦτο
647 5158 780 5228 δρᾷν
823 5158 1120 5211 είωθότων·
1177 5159 1364 5228 ὥσπερ
1420 5159 1528 5228 γάρ
1571 5160 1620 5212 οί
1653 5158 1722 5212 τὰ
1755 5159 2016 5231 μειράκια

449 5245 849 5312 φενακίζοντες,
888 5247 1092 5310 πόλεώς
1132 5265 1190 5300 τε
1223 5250 1316 5301 καὶ
1352 5249 1537 5303 οἰκιῶν
1567 5251 2012 5320 ἀπονοσφίζουσι,

448 5337 539 5388 καὶ
584 5335 915 5406 αὐχημάτων
961 5337 1100 5391 αὐτὰ
1124 5337 1233 5390 τῶν
1275 5339 1574 5411 ἐλευθέρων
1615 5341 2011 5414 ἐκπέμποντες,

446 5428 556 5489 τοῖς
584 5427 683 5496 τῆς
716 5427 1015 5495 ἀναγκαίας
1047 5427 1286 5492 δουλείας
1325 5430 1652 5502 ὐποφέρουσι
1689 5433 1894 5502 ζυγοῖς·
1925 5433 2015 5488 τὸν

447 5516 626 5580 αὑτὸν,
645 5517 819 5589 οἶμαι,
846 5518 1065 5588 τρόπον,
1096 5519 1144 5571 οἱ
1161 5521 1284 5582 τοὺς
1308 5519 1441 5589 ὀρθὰ
1459 5526 1675 5591 φρονεῖν
1701 5526 2009 5596 ἑλομένους,

448 5608 538 5659 καὶ
567 5606 655 5660 τὸν
685 5608 986 5678 ἐλευθέροις
1021 5609 1294 5678 πρέποντα
1320 5609 1423 5677 βίον
1455 5613 1884 5682 ἐπιτηδεύοντας,
1917 5621 2008 5671 ἐπὶ

554 5796 595 5826 ω
624 5795 822 5865 Ephes.
850 5810 902 5861 γ,
924 5793 973 5846 8.

1050 5792 1090 5821 ει
1117 5791 1136 5845 ι
1167 5791 1302 5845 Tim,
1329 5810 1364 5858 ι,
1405 5795 1486 5848 15.
1552 5793 1788 5862 "153.1,
1837 5797 1881 5847 ί.
1934 5797 1976 5826 ⁸⁸
2004 5796 2188 5849 Matth.
2221 5813 2308 5850 xu.
2346 5797 2427 5849 15.

2122 4627 2297 4673 morte
2330 4617 2601 4672 moriatur
2628 4618 2694 4670 θ’.
2719 4635 2737 4667 ι
2789 4616 2851 4670 In
2904 4613 3335 4670 Deuteronomio
3375 4627 3506 4668 vero
3533 4631 3546 4666 :
3581 4633 3599 4664 ‹
3630 4613 3689 4669 Si

2121 4717 2304 4763 autem
2349 4707 2727 4776 deprehensus
2750 4706 2922 4761 fuerit
2948 4707 3115 4760 homo
3138 4704 3313 4759 furari
3346 4703 3580 4759 animam
3624 4718 3692 4758 ex

2117 4796 2380 4850 fratribus
2403 4797 2538 4861 suis,
2569 4795 2696 4850 ﬁliis
2719 4795 2910 4858 Israel,
2935 4804 2991 4850 et
3023 4795 3076 4848 vi
3122 4794 3459 4863 opprimens,
3508 4791 3687 4861 ipsum

2121 4888 2452 4954 vendiderit,
2498 4888 2768 4942 morietur
2795 4887 2884 4940 fur
2908 4887 2999 4941 ille
3023 4885 3089 4938 ⁸⁸.
3123 4904 3141 4936 ι
3170 4884 3289 4938 Νοη
3313 4883 3461 4937 enim
3487 4881 3569 4936 fas
3604 4890 3689 4936 est

2121 4979 2256 5035 illud
2303 4995 2522 5034 sacrum
2569 4979 2626 5032 in
2667 4978 2890 5034 Christo
2935 4990 3107 5048 genus
3133 4973 3331 5044 praedae
3379 4972 3685 5042 expositum

2118 5072 2334 5135 esse,’et
2355 5071 2423 5125 ad
2448 5070 2770 5125 servitutem
2796 5070 3067 5124 insuetam
3094 5067 3162 5121 ab
3190 5066 3257 5119 iis
3295 5064 3500 5132 quibus
3519 5061 3574 5114 id
3602 5061 3686 5114 fa-

2119 5177 2243 5217 cere
2266 5162 2441 5216 moris
2464 5170 2569 5225 est,
2593 5161 2865 5231 pertrahi.
2891 5161 2962 5216 Ut
2995 5158 3144 5214 enim
3170 5156 3264 5225 qui
3315 5167 3518 5223 pueros
3541 5152 3690 5204 deci-

2120 5254 2298 5323 piunt,
2329 5269 2425 5309 eos
2448 5269 2478 5308 a
2503 5254 2726 5309 civitate
2753 5260 2809 5307 et
2857 5252 3114 5306 domibus
3151 5247 3266 5301 suis
3309 5243 3610 5306 abducunt,
3633 5251 3690 5296 et

2120 5347 2460 5402 ornamentis
2482 5348 2756 5402 libertatis
2798 5336 3148 5413 exspoliatos,
3177 5346 3380 5393 coactae
3403 5335 3688 5390 servitutis

2116 5439 2248 5510 jugo
2275 5439 2598 5508 subjiciunt,
2626 5437 2844 5499 eodem,
2868 5443 2932 5487 ut
2956 5434 3176 5502 opinor,
3207 5428 3393 5491 modo,
3419 5427 3513 5496 qui
3541 5427 3686 5481 mul-

2118 5532 2398 5601 tiplicibus
2421 5537 2856 5584 commentorum
2881 5538 3107 5578 suorum
3136 5519 3555 5588 deceptionibus
3594 5533 3690 5570 eos

2116 5624 2207 5691 qui
2237 5630 2387 5677 recte
2416 5620 2685 5681 sentiunt,
2733 5625 2788 5669 et
2816 5616 2942 5668 vita:
2988 5627 3158 5684 genus
3197 5609 3454 5666 excolunt
3496 5607 3687 5661 liberis

2501 5797 2539 5824 ‘7
2572 5793 2739 5849 Exod.
2766 5809 2872 5857 χχι,
2913 5793 2997 5848 l6.
3050 5793 3091 5824 θ’
3122 5795 3277 5847 Deut.
3309 5791 3519 5854 XXIV/,7.
