4138 6300
422 346 526 402 559

1443 341 1498 396 S.
1541 341 1814 398 CYl’dLLl
1853 342 2324 400 ALEXANDRINI
2365 341 2680 399 ARCHIEP.

3585 342 3690 398 540

425 455 744 511 hominibus
769 453 1017 525 dignum,
1048 452 1114 509 ad
1140 469 1295 509 suam
1339 454 1725 510 stultissimam
1772 463 1984 511 senten-

2106 459 2167 512 τὸ
2223 459 2405 528 σφίσιν
2446 459 2628 521 αὐτοῖς
2675 455 3010 527 ἀνοητότατα
3061 453 3276 520 δοκοῦν,
3328 453 3689 521 πολυπλόκοις

423 548 556 602 tiam
579 545 879 610 adducunt,
905 545 972 600 de
1014 545 1164 600 furto
1187 561 1252 601 ac
1312 547 1604 602 latrocinio
1637 548 2003 605 humanarum

421 639 728 692 animarum
755 638 834 692 rei
858 638 1058 692 merito
1087 639 1240 703 ﬁent,
1269 655 1572 711 pmnasque
1599 650 1846 698 extremo
1870 659 2000 713 sup-

422 726 796 796 pliciolucnt.
853 728 1184 798 Hujusmodi
1234 730 1557 785 hominibus
1605 748 1784 802 neque
1844 733 2003 788 «Ave

423 814 678 871 dixeritis
704 817 772 882 ⁸⁸,
807 837 824 868 ι
876 817 1058 887 inquit
1105 818 1405 874 Salvatoris
1438 820 1614 874 nostri
1659 821 1998 890 discipulus:

422 921 534 960 non
559 906 704 975 quod
733 907 1049 962 inhumanis
1075 923 1176 961 nos
1199 924 1322 964 esse
1356 910 1606 964 moribus
1659 910 1876 976 doceat,
1903 913 2001 967 sed

421 999 572 1068 quod
593 999 661 1054 ad
683 1003 1016 1056 commercia
1067 1019 1193 1056 cum
1247 1002 1378 1078 lupo
1421 1004 1684 1069 ineunda,
1712 1006 1900 1075 inepta
1924 1007 2000 1061 sit

422 1091 566 1156 ovis,
615 1099 673 1147 et
724 1092 871 1147 inter
900 1109 1018 1159 eos,
1071 1096 1164 1164 qui
1205 1095 1657 1151 animi'sensibus
1714 1096 1996 1164 differunt,

419 1186 574 1239 nulla
596 1186 890 1239 conventio
913 1201 1035 1240 esse
1066 1187 1239 1256 possit
1265 1205 1278 1240 :
1318 1206 1335 1237 ι
1363 1187 1493 1253 Quae
1523 1189 1671 1242 enim
1698 1204 1825 1258 pars
1851 1189 1998 1244 ﬁdeli

418 1289 546 1328 cum
570 1273 872 1328 infideli"?
892 1293 910 1325 ι
938 1275 1213 1330 Prmtcrea
1237 1291 1362 1330 cum
1384 1276 1813 1332 fornicatoribus
1835 1278 2000 1348 hujus

418 1363 612 1417 mundi
635 1378 744 1417 non
769 1365 1117 1418 commisceri
1138 1366 1538 1421 scribitbeatus
1562 1368 1786 1423 Paulus.
1835 1369 2000 1440 256

415 1453 497 1508 Ne
521 1454 614 1524 qui
661 1455 831 1524 igitur
859 1464 1118 1526 tanquam
1151 1473 1181 1512 e
1219 1460 1414 1528 patriis
1452 1459 1596 1514 focis
1637 1475 1701 1515 ex
1747 1461 1996 1518 Ecclesia

417 1545 514 1599 Dei
555 1547 863 1616 rapiantur,
898 1557 955 1602 et
1003 1549 1060 1603 in
1095 1547 1370 1606 ‘ecclesias
1404 1553 1820 1623 malignantium
1845 1554 1996 1609 defe-

418 1646 630 1703 rantur,
664 1637 796 1694 dum
828 1639 898 1693 ad
938 1640 1168 1696 vitiosos
1213 1659 1394 1699 mores
1441 1645 1794 1700 divertendos
1834 1661 1995 1700 suum

416 1727 662 1807 animum
675 1729 1082 1798 quodammodo
1106 1735 1380 1790 vendunt:
1413 1756 1430 1786 ‹
1453 1735 1825 1807 Corrumpunt
1846 1739 1992 1793 enim

418 1793 603 1870 mor'es
649 1817 825 1873 bonos
874 1820 1148 1892 colloquia
1195 1823 1338 1878 mala
1367 1825 1440 1878 “z
1478 1844 1494 1874 ι
1528 1827 1723 1880 mortis
1775 1843 1994 1896 pmnam

415 1903 507 1959 lex
529 1908 816 1964 constituit
838 1910 896 1964 in
917 1926 1014 1967 eos
1040 1913 1138 1982 qui
1183 1913 1242 1968 id
1262 1913 1450 1970 facere
1477 1916 1686 1972 nefarie
1709 1919 1830 1974 ausi
1871 1919 1994 1975 fue-

417 1997 550 2050 rint.
582 1999 762 2055 Facile
790 2009 974 2057 autem
997 2004 1185 2060 videas
1212 2005 1318 2060 hoc
1342 2007 1524 2077 ipsum
1569 2009 1790 2079 oblique
1834 2011 1995 2066 nobis

417 2088 527 2164 alio
553 2105 774 2161 quoque
801 2109 1068 2163 responso
1090 2096 1266 2167 legem
1297 2115 1492 2154 rursus
1537 2101 1815 2157 indicare:
1865 2119 1993 2158 nam

417 2183 689 2250 apertiore
711 2186 948 2254 quadam
991 2189 1373 2261 intelligentia,
1405 2201 1462 2248 et
1489 2209 1610 2263 qua:
1637 2211 1668 2250 a
1703 2197 1993 2265 quibusvis

416 2271 576 2328 facile
599 2276 808 2346 percipi
833 2279 1028 2347 possit,
1057 2296 1146 2336 res
1189 2282 1457 2340 humanas
1499 2288 1802 2356 componit,
1827 2296 1884 2343 et
1924 2289 1993 2344 ad

415 2374 631 2421 rectum
657 2375 862 2423 statum
906 2382 1156 2428 revocat:
1186 2389 1365 2444 neque
1409 2377 1557 2430 enim
1603 2377 1891 2434 historiam
1935 2381 1992 2436 in

414 2457 484 2513 iis
505 2467 658 2515 certe
707 2477 830 2530 quae
853 2464 1094 2519 maximo
1116 2467 1244 2521 usui
1268 2476 1417 2532 sunt,
1443 2477 1707 2540 tanquam
1731 2472 1991 2544 frigidam

412 2563 476 2603 ac
502 2559 746 2606 veterem
783 2554 1040 2612 tollemus
1071 2575 1082 2610 :
1112 2559 1264 2614 utilis
1289 2570 1375 2616 est
1400 2563 1550 2616 enim
1594 2581 1991 2636 nonnunquam

412 2642 760 2699 auditoribus
780 2646 896 2715 ipsa
920 2665 1142 2718 quoque
1191 2651 1400 2718 littera,
1427 2655 1523 2708 sed
1551 2671 1615 2710 ea
1660 2664 1843 2712 tamen
1869 2667 1991 2713 tan-

413 2745 580 2799 quam
604 2735 664 2787 in
700 2735 974 2804 profundo
995 2739 1241 2794 continet
1286 2758 1376 2796 res
1417 2743 1753 2812 spirituales,
1777 2755 1834 2802 et
1856 2749 1991 2803 sub-

415 2817 657 2874 tiliorum
684 2837 945 2877 sensuum
971 2827 1080 2880 vim
1118 2835 1376 2898 tanquam
1407 2832 1464 2885 in
1491 2833 1750 2890 tenuibus
1781 2839 1992 2894 umbris

411 2911 816 2979 complectitur.
843 2915 990 2970 Dixit
1011 2916 1179 2988 igitur
1203 2919 1259 2973 in
1283 2921 1471 2978 Exodo
1495 2940 1722 2982 rursus:
1758 2929 1844 2985 «Si
1867 2933 1990 3002 quis

410 3015 545 3055 vero
572 3002 1144 3079 deceperitvirginem
1188 3025 1298 3066 non
1343 3013 1754 3085 desponsatam,
1779 3029 1836 3076 et
1859 3022 1989 3078 dor-

411 3089 730 3147 mieritcum
751 3108 835 3160 ea,
861 3095 986 3152 dote
1009 3098 1355 3156 dotabiteam
1369 3103 1475 3159 sibi
1495 3105 1549 3158 in
1566 3122 1791 3164 uxorem
1814 3113 1986 3181 :quod

405 3181 454 3234 si
481 3196 720 3238 renuens
760 3193 978 3252 renuat,
1003 3195 1060 3242 et
1102 3189 1242 3244 nolit
1280 3199 1439 3261 pater
1484 3193 1634 3250 illius
1685 3197 1816 3253 dare
1840 3200 1986 3256 illam

406 3273 513 3328 sibi
547 3291 797 3343 uxorem,
849 3292 1135 3350 argentum
1183 3285 1365 3338 solvet
1415 3288 1558 3356 patri
1606 3289 1762 3358 juxta
1802 3292 1987 3348 dotem

407 3366 690 3436 virginum
714 3370 782 3424 ".
815 3390 834 3422 ›
889 3372 1004 3426 Hoc
1027 3374 1123 3428 Dei
1151 3385 1488 3446 prmceptum
1513 3379 1751 3437 dilatans
1793 3383 1987 3441 beatus

406 3456 619 3528 Moyses
663 3461 722 3514 in
762 3462 1226 3530 Deuteronomio,
1275 3467 1488 3538 inquit:
1523 3490 1540 3521 ι
1571 3471 1629 3526 Si
1664 3483 1850 3530 autem
1901 3476 1986 3531 in-

403 3555 607 3604 ventus
627 3549 794 3606 fuerit
814 3551 980 3608 homo
1003 3555 1285 3614 dormiens
1319 3575 1445 3615 cum
1478 3561 1684 3620 femina
1717 3567 1983 3624 collocata

404 3637 544 3705 viro,
581 3641 846 3699 occidetis
871 3646 1084 3713 ambos,
1116 3650 1298 3706 virum
1338 3653 1704 3713 dormientem
1747 3675 1873 3715 cum
1897 3661 1980 3717 fe-

403 3727 572 3794 mina,
599 3740 656 3786 et
688 3733 974 3791 mulierem
1000 3737 1211 3809 ipsam:
1237 3751 1294 3798 et
1326 3746 1546 3804 auferes
1588 3751 1792 3806 malum
1823 3754 1892 3808 de
1914 3754 1981 3809 fi-

401 3816 492 3872 liis
513 3818 698 3876 Israel.
726 3822 783 3878 Si
808 3834 991 3882 autem
1027 3828 1195 3886 fuerit
1235 3836 1418 3903 puella
1461 3839 1616 3910 virgo
1652 3840 1980 3912 desponsata

402 3909 547 3976 viro,
577 3920 634 3966 et
661 3913 952 3974 inveniens
975 3935 1096 3975 eam
1125 3923 1291 3979 homo
1318 3927 1374 3982 in
1412 3909 1654 3997 civitate,
1689 3934 1981 3992 dormierit

401 4015 528 4053 cum
564 4001 712 4072 ipsa:
739 4005 988 4064 educetis
1017 4011 1208 4068 ambos
1233 4016 1302 4070 ad
1324 4027 1539 4088 portam
1567 4023 1806 4092 civitatis
1828 4028 1978 4097 ipso-

401 4107 548 4158 rum,
573 4102 631 4148 et
654 4095 933 4166 lapidibus
955 4102 1284 4172 obruentur,
1311 4118 1367 4165 et
1403 4113 1749 4182 morientur;
1787 4095 1976 4174 adole-

399 4187 727 4254 scentulam,
773 4191 904 4261 quia
945 4209 1057 4250 non
1096 4195 1354 4256 clamavit
1386 4203 1441 4257 in
1474 4205 1730 4274 civitate;
1767 4217 1825 4264 et
1867 4211 1973 4266 ho-

398 4276 626 4345 minem,
675 4281 807 4350 quia
843 4282 1156 4342 humiliavit
1200 4306 1428 4347 uxorem
1475 4297 1708 4364 proximi
1753 4301 1867 4355 sui:
1918 4310 1977 4357 et

394 4366 656 4424 auferetis
678 4373 1122 4433 malumavobis
1149 4381 1302 4451 ipsis.
1351 4383 1448 4440 Sin
1500 4395 1684 4443 autem
1734 4390 1792 4446 in
1842 4409 1974 4463 agro

2107 551 2322 604 ἐννοιῶν
2371 550 2606 611 ἀπάταις
2651 546 3098 617 ἀποκομίζοντες,
3157 545 3414 617 λῃστείας
3463 548 3690 614 είκότως

2104 643 2202 711 τῆς
2237 643 2328 694 ἐπὶ
2355 641 2554 710 ψυχαῖς
2587 637 2908 708 ἀνθρώπων,
2951 636 3283 706 ὑπομενοῦσι
3313 636 3412 705 τὴν
3441 637 3684 708 γραφήν·

2105 733 2262 803 ποινὴ
2287 733 2342 785 δὲ
2372 733 2554 795 αὐτοῖς
2575 733 2602 784 ὁ
2622 730 2866 793 θάνατος.
2894 730 3017 790 Τοῖς
3040 729 3319 793 τοιούτοις,
3349 728 3483 798 μηδὲ
3507 747 3524 778 ι
3554 729 3689 782 Χαί-
3778 740 3787 749 ·

2106 841 2220 896 ρειν
2250 824 2457 893 λέγετε,
2500 843 2519 875 ι
2559 821 2690 892 φησὶ
2722 819 2813 873 τοῦ
2845 819 3096 890 Σωτῆρος
3121 819 3148 869 6
3178 817 3445 889 μαθητὴς,
3479 819 3578 870 οὐκ
3605 820 3686 883 εἰς

2101 918 2317 988 τρόπων
2365 917 2512 987 ἡμᾶς
2559 915 2863 986 ἀγριότητα
2913 911 3301 980 παιδαγωγῶν,
3334 910 3448 963 ἀλλ’
3481 912 3560 963 ὅτι
3606 910 3684 980 τῷ

2100 1008 2250 1078 λύκῳ
2295 1010 2357 1062 τὸ
2409 1007 2681 1078 πρόϐατον
2739 1007 2820 1070 εἰς
2871 1005 3138 1068 διαθέσεις
3185 1004 3285 1056 οὐκ
3343 1004 3680 1074 ἐπιτήδειονο

2100 1098 2392 1169 ἀσύμὸατα
2439 1098 2497 1151 δὲ
2544 1097 2733 1167 ῶσπερ
2777 1095 3049 1166 ἀλλήλοιν,
3097 1093 3166 1146 τὰ
3227 1093 3683 1164 ἐτερογνωμονεῖν

2099 1189 2343 1242 εἰωθότα·
2385 1208 2402 1240 ι
2443 1187 2539 1251 Τίς
2586 1186 2696 1256 γὰρ
2755 1186 2911 1257 μερὶς
2947 1183 3124 1254 πιστῷ
3161 1182 3298 1253 μετὰ
3346 1182 3613 1247 ἀπίστου;
3658 1199 3678 1233 ι

2099 1281 2208 1333 Καὶ
2256 1279 2388 1350 πρός
2439 1295 2502 1347 γε
2534 1278 2597 1350 δὴ
2637 1279 2867 1343 τούτοις,
2915 1279 3028 1339 τοῖς
3073 1276 3296 1346 πόρνοις
3339 1275 3434 1328 τού
3489 1276 3682 1341 αίῶνος

2097 1368 2286 1422 τούτου
2313 1369 2387 1440 μὴ
2427 1367 2928 1422 συναναπλέκεσθαι
2954 1367 3084 1430 δεῖν,
3111 1369 3139 1420 6
3164 1367 3448 1430 θεσπέσιος
3471 1367 3681 1432 Παῦλος

2096 1460 2321 1531 γράφει.
2366 1460 2481 1514 Ἵνα
2505 1460 2685 1514 τοίνυν
2716 1461 2791 1530 μὴ
2831 1458 3084 1530 καθάπερ
3109 1459 3173 1512 ἐκ
3207 1457 3470 1530 πατρῴας
3495 1458 3680 1523 ἑστίας

2096 1553 2196 1622 τῆς
2236 1550 2560 1623 Ἐκκλησίας
2605 1550 2702 1604 τοῦ
2733 1549 2867 1604 Θεοῦ
2911 1550 3346 1622 καθαρπάζοιντό
3396 1567 3558 1616 τινες,
3587 1551 3679 1604 καὶ

2097 1646 2177 1707 εἰς
2225 1643 2518 1714 ἐκκλησίας
2565 1642 2924 1713 ἀποφέροιντο
2957 1642 3425 1713 πονηρευομένων,
3453 1645 3572 1705 ταῖς
3598 1644 3679 1706 είς

2097 1735 2407 1806 φαυλότητα
2444 1737 2826 1807 παρατροπαῖς
2865 1734 2954 1787 τὸν
2988 1735 3187 1787 οίκεῖον
3215 1733 3404 1805 ῶσπερ
3440 1751 3676 1788 καταπι-

2101 1829 2438 1899 πράσκοντες
2477 1825 2624 1890 νοῦν,
2661 1845 2679 1878 ι
2714 1825 2999 1896 Φθείρουσι
3044 1824 3153 1896 γὰρ
3177 1824 3279 1895 ἤθη
3313 1824 3526 1895 χρηστὰ
3550 1827 3674 1896 ὁμι-

2100 1920 2208 1973 λίαι
2238 1919 2424 1983 κακαὶ,
2464 1937 2482 1968 ι
2526 1917 2750 1971 θάνατον
2779 1917 2950 1988 ὁρίζει
2989 1915 3087 1987 τὴν
3125 1916 3278 1986 δίκην
3307 1919 3335 1969 6
3373 1917 3537 1986 νόμος
3563 1920 3677 1981 τοῖς

2099 2011 2254 2065 τούτο
2302 2011 2434 2083 δρᾷν
2477 2007 2814 2063 ἀνοσιώτατα
2859 2008 3381 2080 προτεθυμημένοις.
3430 2009 3587 2073 Ἵδοις
3630 2009 3674 2062 δ’

2099 2102 2164 2156 ἂν
2189 2103 2319 2157 αὐτὸ
2340 2101 2584 2170 πλαγίως
2610 2103 2740 2171 ἡμῖν
2774 2101 3138 2168 ὑποφαίνοντα
3174 2099 3336 2154 πάλιν
3361 2099 3547 2171 νόμον,
3579 2100 3676 2154 καὶ

2098 2196 2164 2250 δι’
2197 2196 2384 2268 ἐτέρου
2436 2194 2933 2266 χρησμῳδήματος.
2978 2192 3390 2265 Καταρυθμίςει
3433 2193 3542 2264 γὰρ
3582 2195 3676 2247 ἐπὶ

2099 2289 2160 2342 τὸ
2187 2288 2309 2358 ἔχον
2356 2287 2530 2359 ὀρθῶς
2575 2287 2643 2340 τά
2673 2289 2730 2340 ἐν
2759 2287 2948 2358 κόσμῳ
2982 2287 3303 2357 πράγματα,
3334 2285 3423 2338 διὰ
3449 2286 3550 2356 τῆς
3578 2288 3676 2357 ἐμ-

2099 2379 2434 2450 φανεστέρας
2462 2379 2558 2433 καὶ
2585 2377 2806 2450 ἐτοίμης
2840 2378 2979 2430 ἐλεῖν
3005 2380 3116 2440 τοῖς
3138 2377 3384 2430 ἐθέλουσι
3417 2377 3671 2449 θεωρίας.

2099 2472 2172 2526 Οὐ
2203 2472 2310 2542 γάρ
2328 2489 2412 2524 τοι
2433 2469 2530 2542 τὴν
2553 2469 2789 2539 ἱστορίαν
2815 2467 2870 2522 ἐν
2891 2487 2955 2538 γε
2981 2472 3093 2530 τοῖς
3113 2470 3194 2522 ὅτι
3224 2468 3458 2540 μάλιστα
3482 2468 3673 2539 χρησί-

2101 2579 2222 2633 μοις
2249 2562 2323 2625 ὠς
2349 2562 2512 2614 ἕωλον
2557 2562 2944 2633 ἀναιρήσομεν.
3003 2562 3216 2629 Ὀνήσει
3268 2561 3378 2631 γάρ
3425 2560 3538 2613 ἐσθ’
3584 2561 3672 2614 ὅτε

2098 2655 2191 2707 καὶ
2245 2653 2375 2707 αὐτὸ
2416 2653 2478 2707 τὸ
2520 2654 2754 2724 γράμμα
2797 2654 2925 2717 τοὺς
2965 2653 3373 2725 ἀκροωμένους,
3404 2653 3582 2706 eam;
3613 2653 3669 2706 δέ

2096 2745 2284 2816 ῶσπερ
2311 2747 2370 2799 ἐν
2399 2744 2554 2816 βάθει
2575 2745 2642 2799 τὰ
2671 2744 3038 2816 πνευματικὰ,
3072 2745 3165 2799 καὶ⁸
3205 2743 3314 2797 τῶν
3348 2744 3671 2815 ίσχνοτέρων

2095 2833 2312 2889 ἐννοιῶν
2342 2836 2440 2906 τὴν
2459 2835 2686 2906 δύναμιν
2707 2835 2782 2899 ὼς
2809 2837 2866 2888 ἐν
2894 2837 3070 2897 σκιαῖς
3097 2834 3210 2904 ἔχει
3241 2833 3483 2897 λεπταῖς.
3520 2835 3665 2905 Ἔφη

2096 2927 2153 2980 δὲ
2185 2929 2242 2980 ἐν
2275 2931 2340 2999 τῇ
2384 2927 2578 2999 Ἐξόδῳ
2605 2926 2785 2982 πάλινσ
2820 2945 2838 2978 ι
2890 2925 3013 2981 Ἐἀν
3047 2927 3106 2979 δέ
3134 2943 3215 2990 τις
3245 2926 3501 2997 ἀπατήσῃ
3527 2941 3668 2996 παρ-

2098 3017 2244 3070 θένον
2275 3018 2666 3090 ἀμνήστευτον,
2713 3018 2806 3071 καὶ
2839 3017 3076 3089 κοιμηθῇ
3113 3017 3230 3087 μετ’
3272 3017 3463 3086 αὐτῆς,
3494 3017 3663 3088 φερνῇ

2015 3154 2056 3211 C
2097 3112 2308 3180 φερνιεῖ
2357 3109 2524 3180 αὐτὴν
2574 3109 2754 3180 ἐαυτῴ
2810 3111 3064 3179 γυναῖκα.
3131 3109 3256 3162 Ἐὰν
3295 3108 3352 3162 δὲ
3389 3107 3664 3162 ἀνανεύων

2089 3201 2388 3274 ἀνανεύσῃ,
2423 3203 2518 3256 καὶ
2559 3202 2633 3274 μὴ
2678 3202 2932 3273 βούληται
2986 3204 3015 3256 6
3059 3200 3242 3272 πατὴρ
3271 3199 3442 3270 αὐτῆς
3480 3199 3662 3252 δοῦναι

2089 3294 2258 3366 αὐτὴν
2309 3293 2458 3364 αὐτῷ
2490 3297 2745 3362 γυναῖκα,
2771 3294 3035 3366 ἀργύριον
3085 3293 3333 3346 ἀποτίσει
3371 3291 3447 3362 τῷ
3493 3291 3664 3361 πατρὶ

2087 3381 2206 3436 καθ’
2234 3384 2357 3437 ὅσον
2400 3385 2549 3437 ἐστὶν
2596 3385 2628 3454 ή
2669 3385 2838 3456 φερνὴ
2873 3385 2978 3438 τῶν
3009 3383 3312 3455 παρθένων.
3346 3402 3364 3434 ι
3407 3381 3663 3452 Ἀνευρύ-

2085 3491 2191 3527 νων
2241 3474 2298 3528 δέ
2337 3473 2527 3547 ὥσπερ
2558 3477 2688 3547 ἡμῖν
2732 3477 2830 3548 τὴν
2862 3475 3011 3530 θείαν
3040 3475 3281 3547 ἐντολὴν,
3311 3477 3338 3529 6
3377 3473 3661 3537 θεσπέσιος

2083 3565 2290 3635 Μωσῆς
2323 3568 2382 3620 ὲν
2420 3568 2496 3639 τῷ
2543 3570 2942 3642 Δευτερονομίῳ
2987 3571 3179 3643 φησίν·
3243 3590 3262 3623 ι
3309 3570 3434 3626 Ἐὰν
3475 3569 3532 3623 δὲ
3567 3570 3660 3623 εὑ-

2087 3657 2215 3729 ρεθῇ
2265 3658 2548 3731 ἄνθρωπος
2610 3662 2952 3734 κοιμώμενος
3041 3663 3182 3735 μετά
3235 3663 3490 3733 γυναικὸς
3531 3680 3655 3717 συν-

2081 3749 2392 3820 ῳκισμένης
2416 3751 2590 3823 ἀνδρὶ,
2621 3755 2967 3808 ἀποκτενεῖτε
2985 3755 3350 3826 ἀμφοτέρους,
3372 3754 3462 3809 τὸν
3488 3755 3656 3827 ἄνδρα

2080 3845 2172 3898 τὸν
2195 3844 2538 3916 κοιμώμενον
2563 3844 2699 3916 μετὰ
2727 3846 2825 3917 τῆς
2854 3847 3132 3914 γυναικὸς,
3156 3847 3252 3902 καὶ¹
3272 3847 3372 3919 τὴν
3399 3851 3656 3917 γυναῖκα,

2081 3937 2176 3990 καὶ
2218 3936 2433 4009 ὲξαρεῖς
2475 3937 2539 3990 τὸ
2577 3939 2816 4008 πονηρὸν
2862 3937 2921 4002 ἐξ
2975 3938 3105 3991 υίῶν
3141 3939 3378 4010 Ἰσραήλ.
3423 3940 3550 3993 Ἐὰν
3598 3939 3657 3992 δὲ

2078 4027 2302 4097 γένηται
2330 4027 2600 4097 παρθένος
2637 4029 3092 4100 μεμνηστευμένη
3141 4031 3314 4102 ἀνδρὶ,
3356 4032 3450 4084 καὶ
3480 4030 3655 4102 εὑρὼν

2078 4120 2247 4191 αὐτὴν
2272 4119 2557 4191 ἄνθρωπος
2586 4122 2644 4174 ἐν
2687 4121 2868 4185 πόλει,
2906 4121 3141 4192 κοιμηθῇ
3172 4123 3286 4192 μετ’
3339 4122 3532 4192 αὐτῆς,
3568 4123 3654 4188 ἐξ·

2077 4209 2232 4276 ἄξετε
2261 4209 2605 4282 ἀμφοτέρους
2625 4211 2718 4264 ἐπὶ
2757 4212 2857 4282 τὴν
2884 4211 3059 4283 πύλην
3093 4213 3190 4283 τῆς
3213 4212 3423 4276 πόλεως
3446 4212 3650 4276 αὐτῶν,

2077 4303 2170 4357 καὶ
2196 4302 2709 4374 λιθοϐοληθήσονται
2746 4305 2804 4358 ἐν
2842 4304 3031 4370 λίθοις,
3075 4305 3168 4359 καὶ
3211 4303 3644 4358 ἀποθανοῦνται·

2075 4395 2172 4467 τὴν
2203 4395 2404 4463 νεάνιν,
2429 4397 2512 4449 ὅτι
2537 4397 2637 4449 οὐκ
2663 4395 2887 4468 ἐϐόησεν
2916 4399 2973 4450 ἐν
3001 4399 3068 4468 τῇ
3104 4395 3281 4482 πόλει,
3314 4395 3406 4449 καὶ
3439 4395 3527 4449 τὸν
3552 4394 3646 4448 ἄν·

395 4455 672 4516 invenerit
696 4462 862 4519 homo
885 4467 1123 4536 puellam
1155 4471 1563 4543 desponsatam,
1613 4487 1670 4534 et
1700 4481 1753 4535 vi
1785 4455 1974 4554 oppri-

2087 4488 2316 4558 Eipmtov,
2372 4488 2454 4540 ὅτι
2507 4488 2839 4542 ἐταπείνωσε
2877 4490 2976 4560 τὴν
3021 4477 3257 4557 γυναῖκα
3285 4486 3378 4540 τοῦ
3420 4487 3648 4556 πλησίον

395 4563 554 4606 mens
605 4552 898 4612 dormierit
939 4574 1065 4616 cum
1099 4577 1184 4629 ea,
1222 4566 1488 4624 occidetis
1531 4552 1828 4640 hominem,
1859 4552 1972 4645 Equi

393 4641 659 4701 dormivit
688 4663 812 4704 cum
838 4666 926 4718 ea,
970 4652 1269 4724 duntaxat;
1327 4660 1748 4721 adolescentula:
1787 4641 1972 4722 autem

393 4734 534 4789 nihil
588 4736 834 4796 facietis:
883 4759 995 4799 non
1055 4748 1164 4802 erit
1223 4751 1646 4812 adolescentulae
1687 4769 1973 4828 peccatum

393 4826 618 4893 mortis;
646 4831 775 4897 quia
819 4833 962 4888 sicut
1015 4837 1209 4908 siquis
1249 4843 1502 4916 insurgat
1547 4847 1712 4904 homo
1759 4852 1817 4906 in
1840 4869 1972 4922 pro-

392 4916 607 4972 ximum
651 4935 811 4977 suum
839 4964 853 4989 ,
883 4935 939 4979 et
967 4931 1182 4986 occidat
1206 4936 1324 5004 ejus
1347 4940 1608 5006 animam,
1652 4943 1731 4998 sic
1754 4944 1860 5000 hoc
1884 4947 1962 5002 fa-

391 5017 577 5078 ctum;
609 5013 741 5082 quia
770 5016 824 5069 in
851 5031 982 5087 agro
1008 5020 1220 5077 invenit
1271 5043 1414 5095 eam,
1462 5033 1719 5090 clamavit
1775 5038 1965 5094 adole-

391 5103 643 5159 scentula
689 5105 1042 5177 desponsata,
1097 5121 1154 5167 et
1203 5130 1316 5170 non
1368 5119 1492 5185 fuit,
1537 5125 1636 5192 qui
1681 5128 1968 5199 adjuvaret

388 5207 511 5287 eam
531 5197 596 5250 ⁷³.
633 5217 650 5249 ι
681 5199 840 5271 257
895 5202 1052 5269 Quod
1077 5205 1244 5275 igitur
1267 5208 1334 5262 ad
1373 5211 1658 5270 historiam
1704 5197 1962 5287 pertinet,

389 5285 559 5350 nulla,
594 5297 655 5342 ut
683 5292 900 5361 opinor,
948 5297 1294 5366 expositione
1342 5299 1572 5371 indiget,
1600 5314 1660 5359 ut
1704 5285 1962 5378 cuiquam

388 5376 675 5443 perspicua
700 5381 823 5438 fiat:
850 5396 1040 5455 aperta
1063 5398 1194 5445 sunt
1214 5391 1361 5446 enim
1387 5395 1571 5449 omnia
1591 5405 1754 5467 atque
1783 5376 1960 5456 mani-

387 5464 556 5520 festa:
605 5477 964 5538 quamobrem
1016 5480 1153 5549 hac,
1199 5491 1262 5538 ut
1305 5485 1442 5539 mihi
1506 5464 1746 5553 videtur,
1797 5493 1961 5549 nobis

387 5553 689 5612 omittenda
734 5573 861 5619 sunt
909 5567 977 5620 ad
1033 5585 1296 5639 praesens,
1329 5584 1382 5628 ct
1410 5591 1507 5643 per
1550 5577 1870 5633 interiorem
1898 5582 1960 5635 il-

2070 4578 2272 4631 αὐτοῦ·
2323 4579 2415 4632 καὶ
2445 4576 2690 4650 ἐξαιρεῖτε
2739 4578 2800 4632 τὸ
2849 4580 3082 4651 πονηρὸν
3133 4578 3193 4644 ἐξ
3243 4578 3399 4650 ὑμῶν
3445 4578 3644 4634 αὐτῶν.

2083 4670 2208 4723 Ἐὰν
2232 4669 2288 4722 δὲ
2312 4673 2370 4723 ἐν
2404 4670 2571 4740 πεδίῳ
2595 4669 2729 4742 εὕρῃ
2771 4671 3056 4742 ἄνθρωπος
3089 4670 3188 4741 τὴν
3229 4671 3650 4742 μεμνηστευμέ-

2071 4774 2188 4826 νην,
2229 4759 2324 4824 καὶ
2365 4757 2693 4827 βιασάμενος
2736 4757 2972 4830 κοιμηθῇ
3023 4758 3141 4829 μετ’
3188 4759 3380 4829 αὐτῆς,
3411 4760 3648 4813 ἀποκτε-

2071 4851 2210 4901 νεῖτε
2251 4849 2341 4902 τὸν
2393 4850 2698 4920 ἄνθρωπον,
2756 4851 2847 4903 τὸν
2896 4849 3238 4920 κοιμώμενον
3287 4851 3408 4921 μετ’
3453 4851 3646 4920 αὐτῆς,

2077 4942 2264 5012 μόνον’
2322 4941 2474 5012 τῇδὲ
2511 4941 2711 4994 νεάνιδι
2751 4941 3008 5011 ποιήσετε
3049 4942 3222 5006 οὐδὲν,
3259 4943 3362 4994 οὐκ
3399 4940 3550 4994 ἔσται
3578 4943 3644 5011 τῇ

2072 5031 2270 5086 νεάνιδι
2300 5031 2604 5102 ἁμάρτημα
2638 5029 2893 5096 θανάτου,
2924 5032 3006 5084 ὅτι
3043 5030 3119 5094 ὼς
3155 5032 3211 5084 εῐ
3250 5047 3334 5094 τις
3369 5031 3645 5100 ἐπαναστῇ

2071 5122 2352 5194 ἄνθρωπος
2387 5121 2478 5175 ἐπὶ
2521 5121 2614 5176 τὸν
2655 5121 2882 5192 πλησίον
2926 5119 3113 5184 αὑτοῦ,
3155 5122 3250 5175 καὶ
3288 5120 3522 5190 φονεύσῃ
3544 5121 3645 5172 αὐ-

2071 5217 2165 5270 τοῦ
2201 5217 2297 5288 τὴν
2338 5216 2537 5287 ψυχὴν,
2575 5215 2748 5280 οὓτως
2786 5219 2847 5271 τὸ
2891 5219 3123 5287 πρᾶγμα
3160 5214 3338 5278 τοῦτο,
3365 5215 3446 5268 ὅτι
3475 5215 3534 5266 ἐν
3565 5213 3645 5284 τῷ

2071 5308 2228 5379 ἀγρῷ
2255 5301 2413 5378 εὗρεν
2440 5308 2630 5379 αὐτὴν,
2659 5308 2884 5378 ἐῦόησεν
2927 5309 2960 5379 ἡ
2989 5308 3169 5371 νεάνις
3209 5310 3242 5378 ὴ
3299 5321 3644 5377 μεμνηστευ-

2072 5401 2231 5470 μένη,
2263 5401 2404 5454 καὶὸ
2430 5399 2712 5471 βοηθήσων
2732 5401 2834 5453 οὐκ
2860 5395 2930 5470 ἦν
2960 5400 3117 5470 αὐτῇ.
3159 5418 3179 5450 ι
3201 5399 3274 5452 Τὸ
3305 5398 3402 5469 μὲν
3433 5393 3524 5450 οὖν
3542 5396 3643 5466 τῆς

2070 5492 2325 5560 ἱστορίας,
2345 5491 2556 5554 οὐδενὸς
2585 5487 2739 5562 οἶμαί
2766 5508 2866 5544 που
2889 5491 3177 5562 δεήσεσθαι
3206 5490 3388 5559 λόγου,
3418 5488 3552 5559 πρὸς
3579 5487 3643 5538 τὺ

2070 5582 2305 5636 συνιέναι
2343 5581 2596 5636 δύνασθαί
2628 5599 2736 5634 τισι
2762 5599 2776 5614 ο
2815 5585 2957 5652 σαφῆ
2989 5583 3097 5652 γὰρ
3127 5581 3244 5635 λίαν
3271 5581 3365 5634 καὶ
3407 5575 3635 5648 ἐναργῆ.

493 5735 534 5767 ⁶⁹
563 5737 625 5804 ll,
651 5737 918 5811 Joan._lO.
985 5742 1028 5775 ⁷ο
1055 5745 1098 5799 ll
1132 5748 1256 5802 Cor.
1281 5766 1348 5816 vl,
1539 5757 1577 5788 τί
1613 5757 1628 5810 l
1658 5758 1782 5812 Cor.
1815 5776 1900 5827 xv,
1929 5761 1984 5815 ὄὲ

2092 5764 2109 5794 ³
2148 5763 2317 5819 Exod.
2347 5780 2478 5829 χχιι,
2512 5764 2595 5830 l6,
2639 5765 2719 5817 i7.
2787 5766 2830 5798 ⁷³
2855 5766 3011 5821 Dent.
3042 5781 3170 5832 xx",
3196 5764 3264 5818 22
3296 5777 3448 5834 seqq.
