4138 6300
364 404 393 459 5
410 402 458 456 Η

1069 397 1158 451 DE
1194 395 1633 452 ADORATIONE
1671 397 1737 452 IN
1780 397 2048 455 SPIRITU
2090 401 2178 455 ET
2221 401 2590 457 VERITATE.
2635 402 2762 457 LIB.
2805 405 2941 460 Vlll.

3495 408 3626 464 -542

368 517 460 569 Δεῖ
489 512 544 566 δὲ
576 510 745 582 ἡμᾶς,
780 507 855 572 ὡς
885 505 1049 570 ἔοικε,
1071 506 1232 558 ταυτὶ
1268 505 1530 575 μεθέντας
1549 509 1627 572 είς
1657 508 1717 561 τὸ
1751 509 1944 580 παρὸν,

2060 511 2157 565 lam
2184 512 2656 582 occultioremque
2717 515 2969 569 semitam
3033 524 3118 571 est
3181 506 3621 589 ingrediendum.

366 607 466 678 τὴν
498 603 605 656 έσω
631 616 690 653 τε
733 599 827 652 καὶ
865 596 1256 668 κεκρυμμένην
1283 596 1420 652 ἰέναι
1454 597 1660 668 τρί6ον.

439 693 643 748 ΠΑΛΛ.
670 689 817 743 Πάνυ
847 689 944 759 μὲν
970 685 1084 742 οὖν.

435 785 598 839 ΚΥΡ.
638 783 783 852 Φημὶ
813 781 877 852 δὴ
914 777 1028 846 οὖν,
1061 781 1143 834 ὅτι
1173 780 1362 851 ὥσπερ
1391 781 1449 834 ὲν
1482 783 1593 844 τοῖς
1614 782 1693 844 εἰς
1712 781 1946 849 γυναῖκα

370 872 831 946 πλημμελήμασι,
878 870 939 924 τὸ
993 871 1212 926 πάντων
1263 871 1330 924 ἂν
1362 871 1446 942 εῐη
1499 871 1873 942 παγχάλεπον,
1909 874 1943 941 ἡ

371 965 623 1037 μοιχεία,¹
652 962 743 1016 τὸν
785 961 972 1032 ἑτέρου
1026 961 1170 1024 τινὸς
1217 960 1568 1032 παραλύουσα
1607 961 1806 1031 γάμον,
1853 961 1948 1014 καὶ

366 1057 476 1111 τῶν
526 1055 627 1126 ἤδη
665 1052 1026 1123 συνημμένων
1059 1052 1286 1105 ποιοῦσα
1336 1052 1628 1119 διάζευξιν,
1680 1052 1820 1106 κατὰ
1854 1053 1948 1106 τὸν

371 1149 553 1212 αὑτὸν,
593 1143 767 1216 οἶμαι,
802 1145 1014 1199 τουτονὶ
1062 1145 1286 1216 τρόπον,
1332 1144 1440 1198 τῶν
1481 1147 1561 1208 εἰς
1605 1144 1950 1216 ἀνθρωπίνας

369 1239 547 1312 ψυχὰς
592 1238 951 1308 αίτιαμάτων,
988 1236 1050 1290 τὸ
1079 1236 1297 1290 πάντων
1345 1235 1582 1306 μάλιστά
1618 1239 1734 1290 ἐστι
1763 1236 1950 1290 δυσσεο

371 1329 625 1403 ὅέστερόν
654 1347 716 1383 τε
763 1329 855 1383 καὶ
884 1327 1306 1398 ἀφορητότερον,
1351 1328 1413 1380 τὸ
1453 1327 1807 1398 ἐπιτηδεῦσαι
1846 1328 1948 1396 τὴν

370 1421 746 1494 παραφθορὰν,
787 1419 888 1474 οὐκ
931 1421 1012 1478 είς
1033 1418 1131 1490 τὴν
1162 1417 1429 1488 τυχοῦσαν
1460 1417 1664 1482 ἁπλῶς,
1700 1418 1836 1471 ἀλλὰ
1870 1421 1950 1481 είς

370 1512 468 1584 τὴν
509 1511 608 1582 ήδη
657 1509 860 1580 τρόπον
908 1507 1031 1561 τινὰ
1077 1507 1490 1578 συνῳκισμένην
1516 1506 1614 1562 καὶ
1661 1507 1950 1561 ένωθεῖσαν

370 1601 608 1674 Χριστῷ,
643 1598 720 1670 τῷ
745 1598 948 1653 ἄνωθέν
973 1615 1031 1651 τε
1056 1598 1151 1651 καὶ
1178 1598 1238 1663 ἐξ
1259 1596 1490 1668 ούρανοῦ
1513 1584 1734 1668 νυμφίῳ
1753 1614 1765 1628 ·
1799 1595 1951 1650 ἑνού-

377 1694 515 1766 μεθα
555 1691 664 1762 γὰρ
708 1690 857 1763 αὐτῷ
907 1690 995 1744 διά
1036 1707 1096 1742 τε
1125 1690 1225 1760 τῆς
1273 1689 1528 1754 πίστεως,
1573 1689 1668 1742 καὶ
1703 1687 1946 1758 προσέτι,

371 1782 464 1838 τοῦ
493 1782 820 1855 μεταλαχεῖν
850 1781 1006 1850 ἁγίου
1039 1780 1178 1836 Πνεύ
1188 1797 1356 1851 ματος
1378 1796 1393 1812 ο
1432 1800 1452 1832 ι
1509 1779 1565 1834 Ὀ
1597 1779 1706 1851 γάρ
1745 1777 1948 1832 κολλώ-

2117 691 2312 746 PALL.
2341 692 2484 748 Sane
2509 693 2754 763 quidem.

2114 782 2272 838 CYR.
2321 783 2582 839 Arbitror
2619 787 2788 855 igitur
2830 795 2890 842 ut
2923 788 3068 842 inter
3115 799 3338 858 peccata
3364 790 3422 846 in
3461 791 3622 848 femi-

2046 889 2173 928 nam
2230 873 2470 929 admissa
2513 877 2900 946 gravissimum
2944 886 3031 934 est
3079 879 3431 944 adulterium,
3477 885 3624 954 quod

2047 962 2266 1033 nuptias
2281 964 2510 1020 alterius
2535 967 2724 1033 violet,
2755 975 2810 1021 et
2834 970 2946 1038 jam
2971 971 3580 1043 conjunctosdisjungat
3607 991 3623 1039 ;

2048 1056 2130 1111 sic
2152 1071 2379 1126 prorsus
2403 1057 2698 1112 criminum
2724 1059 2782 1112 in
2804 1059 3072 1114 humanas
3107 1062 3318 1116 animas
3345 1074 3627 1133 perpetra-

2049 1154 2233 1200 torum
2259 1145 2505 1200 omnium
2555 1147 2790 1202 maxime
2836 1149 3134 1214 nefarium,
3174 1166 3238 1205 ac
3285 1153 3512 1208 minime
3543 1154 3622 1208 fe-

2049 1237 2284 1291 rendum
2317 1253 2458 1303 esse,
2487 1238 2669 1293 moliri
2691 1241 3079 1311 corruptelam,
3109 1257 3218 1295 non
3246 1243 3302 1296 in
3326 1244 3629 1312 quamlibet

2048 1325 2288 1383 animam
2318 1337 2544 1395 temere,
2564 1331 2660 1386 sed
2685 1331 2740 1385 in
2765 1347 2884 1386 eam
2925 1349 3046 1402 qua:
3063 1335 3174 1403 jam
3202 1335 3367 1390 modo
3389 1338 3626 1406 quodam

2049 1421 2315 1475 collocata
2360 1430 2478 1476 erat
2517 1430 2572 1475 et
2611 1423 2904 1493 conjuncta
2948 1423 3168 1479 Christo
3195 1467 3209 1489 ,
3259 1442 3500 1496 superno
3546 1429 3628 1482 illi

2056 1511 2380 1581 caelestique
2405 1527 2638 1582 sponso:
2663 1514 2945 1584 jungimur
2969 1523 3154 1569 autem
3180 1515 3258 1569 illi
3304 1532 3405 1586 per
3428 1517 3590 1572 fidem
3610 1557 3626 1583 ,

2049 1613 2105 1658 et
2131 1613 2398 1673 praeterea
2433 1619 2533 1674 per
2585 1604 2824 1675 Spiritus
2876 1608 3050 1663 sancti
3100 1609 3626 1680 participa_tionem:

2059 1713 2076 1745 ι
2106 1694 2211 1760 Qui
2235 1695 2381 1749 enim
2406 1696 2650 1752 adhmret
2677 1699 2927 1764 Domino,
2973 1717 3118 1757 unus
3145 1702 3374 1772 spiritus
3403 1710 3488 1757 est
3504 1703 3571 1763 ⁷⁸,
3601 1721 3620 1755 ι

2052 1786 2356 1841 secundum
2371 1787 2739 1858 ScripturasJ
2746 1808 2840 1846 ure
2856 1792 3039 1862 itaque
3052 1795 3139 1848 lex
3155 1795 3317 1848 simul
3331 1810 3455 1849 cum
3470 1793 3632 1849 adul-

376 1894 532 1948 μενος
558 1875 638 1946 τῷ
671 1876 880 1946 Κυρίῳ,
911 1874 968 1927 ἓν
1001 1873 1218 1946 πνεῦμά
1247 1876 1385 1942 ἐστι,
1429 1892 1446 1925 ι
1482 1872 1624 1928 κατὰ
1668 1873 1767 1936 τὰς
1806 1873 1947 1941 Γρα-

2060 1884 2262 1931 Lerante
2276 1875 2638 1932 adulteratam
2654 1895 2876 1949 quoque
2889 1861 3064 1936 morte
3088 1884 3316 1938 multat:
3344 1883 3497 1938 illum
3510 1884 3632 1954 qui-

373 1969 499 2037 φάς.
521 1966 763 2036 -Θανάτῳ
806 1965 870 2036 δὴ
903 1960 994 2019 οὖν
1025 1965 1054 2017 6
1097 1965 1262 2034 νόμος
1307 1966 1532 2034 τιμᾶται
1564 1964 1786 2028 δικαίως
1813 1962 1948 2034 ὁμοῦ

371 2059 449 2129 τῷ
471 2057 813 2132 μοιχεύσαντι
861 2058 958 2128 τὴν
990 2056 1460 2128 πεπορνευμένην,
1490 2056 1584 2110 καὶ
1618 2055 1710 2108 τὸν
1736 2054 1832 2126 μὲν
1875 2053 1951 2117 ὡς

374 2149 588 2204 ὲνιέντα
625 2149 724 2218 τῆς
752 2148 977 2220 ἐνούσης
1007 2148 1155 2219 αὐτῷ
1182 2146 1504 2210 δυσσεϐείας
1538 2147 1606 2200 τὰ
1637 2147 1950 2216 σπέρματα,

371 2250 471 2318 τὴν
501 2247 580 2313 δὲ,
620 2249 699 2302 ὅτι
727 2247 818 2301 τὸν
858 2248 957 2318 τῆς
989 2246 1341 2316 γνησιότητος
1373 2243 1719 2314 ἀτιμάζουσα
1766 2243 1952 2313 νόμον,

374 2339 545 2411 ἑτέρῳ
565 2338 775 2408 γέγονε,
802 2338 897 2392 καὶ
914 2339 1033 2402 ταῖς
1059 2335 1270 2390 ἐκείνου
1299 2335 1684 2406 παραφθοραῖς
1709 2333 1955 2388 ἁπλοῦσα

374 2435 465 2490 τὸν
497 2433 642 2500 νοῦν,
672 2433 762 2488 τὸν
788 2433 847 2500 ἐξ
881 2431 1238 2504 ἀνθρωπίνων
1281 2429 1611 2503 εὑρημάτων
1648 2427 1955 2495 εἰσεδέξατο

379 2525 674 2596 μολυσμόν.

446 2615 656 2671 ΠΑΛΛ.
697 2612 926 2676 Πιθανὸς
952 2615 981 2668 6
1008 2611 1188 2681 λόγος.

446 2706 606 2760 ΚΥΡ.
650 2705 872 2759 Γυναικ)⁸
923 2705 1021 2774 μὲν
1056 2699 1171 2768 οὖν,
1209 2703 1366 2772 ἀνδρὶ
1397 2700 1539 2755 κατὰ
1579 2701 1777 2770 νόμους
1828 2713 1956 2750 συν-

376 2796 676 2870 ῳκισμένῃ,
723 2794 1117 2866 παρεικαστέον
1164 2789 1222 2846 εὖ
1255 2791 1402 2863 μάλα
1443 2791 1542 2861 τὴν
1591 2790 1679 2844 διὰ
1720 2787 1956 2851 πίστεώς

376 2908 435 2943 τε
465 2890 559 2944 καὶ
580 2887 895 2958 Πνεύματος
920 2884 1142 2957 Χριστῷ
1174 2883 1583 2955 συνῳκισμένην
1615 2882 1710 2934 καὶ
1743 2880 1958 2934 ἐνωθεί-

380 2998 479 3034 σαν
507 2981 706 3050 ψυχήν.
741 2978 1016 3050 Παρθένον
1050 2977 1106 3030 δὲ
1151 2973 1290 3030 εἶναι
1336 2973 1824 3046 μεμνηστευμένην
1870 2972 1958 3025 λο-

377 3074 664 3145 γιούμεθα,
701 3075 800 3143 τὴν
847 3069 1194 3141 κεκλημένην
1223 3071 1302 3132 είς
1331 3067 1508 3140 ἀρχάς
1539 3066 1792 3135 γνώσεως
1818 3064 1956 3134 άλη-

2052 1966 2199 2031 dem,
2233 1975 2294 2022 ut
2340 1968 2439 2038 qui
2483 1969 2786 2039 impietatis
2831 1972 3040 2026 semina
3088 1988 3209 2041 qua:
3238 1973 3344 2027 sibi
3387 1975 3626 2039 inerant,

2053 2058 2348 2114 infuderit:
2376 2060 2524 2115 illam
2549 2076 2702 2125 vero,
2731 2061 2860 2131 quia
2887 2063 3216 2133 contemptis
3240 2062 3518 2118 fidelitatis
3547 2063 3629 2119 le-

2053 2149 2230 2220 gibus,
2260 2150 2421 2205 alteri
2452 2151 2636 2222 juncta
2675 2151 2766 2216 sit,
2820 2151 3077 2222 illiusque
3117 2153 3448 2223 corruptelis
3473 2169 3631 2208 men-

2055 2247 2164 2293 tem
2203 2239 2482 2308 aperiens,
2540 2256 2609 2295 ex
2657 2240 2915 2297 humanis
2937 2244 3263 2299 commentis
3316 2244 3497 2299 labem
3530 2242 3631 2298 ad-

2053 2331 2291 2386 miserit.

2127 2616 2324 2672 PALL.
2347 2617 2657 2672 Probabilis
2693 2619 2890 2673 oratio.

2127 2709 2287 2764 CYR.
2312 2710 2527 2764 Mulieri
2559 2710 2746 2779 igitur,
2774 2713 2895 2766 viro
2929 2713 3235 2768 secundum
3264 2713 3414 2781 leges
3455 2707 3630 2765 collo-

2057 2798 2524 2867 cataa,persimilis
2548 2807 2633 2853 est
2660 2815 2725 2854 ea
2753 2802 2937 2856 anima
2979 2802 3225 2872 putanda
3269 2815 3390 2870 quae
3433 2816 3532 2870 per
3565 2799 3635 2856 ﬁ-

2056 2891 2180 2945 dem
2200 2905 2264 2944 ac
2290 2889 2557 2959 Spiritum
2605 2890 2828 2946 Christo
2850 2901 2934 2948 est
2991 2894 3256 2948 collocata
3295 2899 3458 2962 atque
3506 2907 3637 2950 con-

2052 2982 2264 3051 juncta.
2328 2981 2719 3050 Desponsatam
2766 2998 2900 3038 vero
2963 2983 3232 3054 virginem
3288 2981 3633 3052 putabimus,

2058 3087 2180 3140 qua:
2210 3070 2278 3124 ad
2319 3070 2476 3124 initia
2514 3086 2658 3125 vera:
2684 3073 3015 3141 cognitionis
3040 3081 3230 3127 vocata
3283 3081 3368 3126 est
3395 3072 3486 3125 illa
3511 3073 3637 3141 qui-

379 3166 524 3230 θοῧς,
561 3163 714 3218 οὔπω
749 3164 806 3216 δὲ
835 3160 1093 3225 όλοτελῶς
1129 3160 1424 3214 ὲνωθεῖσαν
1451 3157 1692 3230 Χριστῷ,
1726 3155 1958 3228 περιμέα

2060 3161 2206 3229 dem,
2232 3177 2341 3215 non
2371 3170 2551 3216 tamen
2579 3163 2761 3217 adhuc
2782 3164 3025 3232 perfecte
3051 3164 3272 3219 Christo
3321 3166 3634 3235 conjuncta,

379 3257 576 3310 νουσάν
619 3273 676 3308 τε
728 3255 808 3307 ἔτι
855 3252 1105 3323 καθάπερ
1153 3251 1277 3306 τινά
1301 3251 1478 3321 γάμον
1522 3251 1618 3304 καὶ
1662 3247 1956 3317 συναφείας

379 3348 578 3421 τρόπον
613 3348 706 3401 τὸν
753 3345 1128 3420 ἀληθέστερον,
1160 3345 1258 3414 τὴν
1298 3343 1386 3397 διὰ
1419 3343 1514 3396 τοῦ
1573 3342 1730 3410 ἁγίου
1768 3341 1959 3410 βαπτί-

383 3454 586 3508 σματος
625 3437 802 3508 χάριν,
831 3435 926 3488 καὶ
949 3434 1045 3506 τὴν
1074 3433 1168 3487 τοῦ
1197 3433 1350 3502 ἁγίου
1378 3433 1692 3503 Πνεύματος
1718 3429 1958 3501 μέθεξιν,

381 3525 678 3599 ἀρραϐῶνα
722 3543 784 3594 γε
833 3526 959 3596 μὴν,
1003 3524 1099 3578 καὶ
1139 3523 1354 3593 ὁμιλίας
1395 3521 1583 3591 ὥσπερ
1626 3520 1821 3591 ἀρχὴν,
1869 3519 1961 3572 τὸν

381 3620 480 3689 τῆς
514 3620 870 3689 κατηχήσεως
899 3617 1055 3685 λόγον
1101 3615 1532 3684 είσδεδεγμένην.
1567 3613 1723 3666 Οῦτω
1770 3613 1870 3684 τὴν
1903 3610 1962 3676 ἐξ

383 3708 551 3761 ὲθνῶν
593 3707 916 3778 Ἐκκλησίαν
941 3710 968 3760 6
1001 3706 1143 3768 θεῖος
1171 3707 1302 3775 ἡμῖν
1336 3704 1714 3775 μυσταγωγὸς,
1749 3703 1961 3765 Παῦλος

383 3801 441 3855 δὲ
469 3795 642 3866 οὗτος,
685 3800 1022 3871 παρεκόμισε
1049 3799 1125 3869 τῷ
1156 3795 1376 3868 Χριστῷ
1398 3813 1410 3826 ·
1453 3797 1646 3868 γράφει
1684 3795 1793 3866 γὰρ
1819 3788 1921 3848 ὧδε
1942 3811 1957 3826 ο

390 3911 412 3944 ι
463 3893 822 3964 Ἦρμοσάμην
851 3892 960 3962 γὰρ
1000 3891 1143 3960 ὑμᾶς
1175 3888 1254 3943 ἐνὶ
1294 3888 1470 3959 ἀνδρὶ,
1498 3887 1768 3958 παρθένον
1793 3885 1960 3956 ἁγνὴν

387 3985 733 4056 παραστῆσαι
761 3983 838 4054 τῷ
875 3983 1112 4052 Χριστῷ.
1146 4001 1162 4033 ι
1197 3981 1306 4034 Καὶ
1339 3981 1500 4044 αὐτὸς
1529 3980 1584 4033 δέ
1607 3980 1707 4033 πού
1736 3997 1900 4050 φησιν
1933 3983 1961 4033 ὁ

385 4077 636 4148 Νυμφίος
665 4076 751 4129 διὰ
781 4075 965 4145 φωνῆς
996 4072 1289 4145 προφητῶν
1308 4090 1321 4104 ·
1361 4090 1379 4123 ι
1415 4072 1525 4125 Καὶ
1555 4071 1960 4142 μνηστεύσομαί

389 4188 446 4224 σε
493 4170 714 4240 ἐμαυτῷ
758 4169 837 4231 είς
894 4167 984 4220 τὸν
1023 4166 1224 4230 αἰῶνα,
1281 4168 1338 4220 ὲν
1390 4165 1726 4237 δικαιοσύνῃ,
1768 4165 1861 4217 καὶ
1903 4165 1961 4216 ὲν

390 4265 633 4335 κρίματι,
671 4261 764 4314 καὶ
805 4261 861 4311 ὲν
891 4259 1046 4325 ἐλέῳ,
1094 4260 1186 4311 καὶ
1215 4259 1273 4311 ὲν
1304 4258 1638 4327 οίκτιρμοῖς’
1685 4256 1779 4308 καί
1821 4271 1959 4324 μνη-

392 4353 686 4423 στεύσομαί
719 4369 776 4405 σε
803 4352 860 4402 ὲν
885 4350 1086 4412 πίστει,
1117 4351 1212 4403 καὶ
1242 4349 1518 4419 ὲπιγνώσῃ
1548 4348 1638 4401 τὸν
1674 4347 1895 4417 Κύριον.
1937 4365 1956 4399 ι

391 4447 451 4498 Εἰ
481 4445 659 4498 τοίνυν
700 4442 928 4512 γένοιτο,
967 4441 1119 4510 φησι,
1153 4441 1251 4510 τῆς
1282 4440 1638 4510 παραφθορᾶς
1662 4438 1734 4491 τὰ
1761 4438 1959 4508 ἐγκλή-

395 4554 558 4607 ματα,
588 4537 682 4591 καὶ
726 4534 818 4587 ὲπί
848 4551 953 4588 τινι
983 4530 1160 4604 τοιᾷδε
1203 4531 1371 4602 ψυχῇ,
1408 4531 1624 4600 μοιχείᾳ
1665 4529 1963 4600 γεγράφθω
1993 4518 2038 4574 Ῑ)

389 4629 450 4681 τὸ
499 4629 719 4700 χρῆμαο
757 4626 1039 4696 ὑπόχρεως
1081 4622 1188 4693 γὰρ
1243 4625 1276 4693 ἡ
1340 4621 1815 4693 μεμνηστευμένη,
1871 4622 1964 4674 καὶ

393 4721 497 4774 ύπὺ
535 4723 690 4791 χεῖρα
713 4719 897 4772 λοιπὸν
916 4716 1008 4771 τοῦ
1051 4715 1189 4787 μετὰ
1216 4715 1390 4786 βραχὺ
1426 4713 1681 4785 νυμφίου.
1732 4711 1872 4765 Ἀλλ’
1915 4713 1964 4764 εἰ

394 4813 492 4882 μὲν
513 4816 570 4866 ἐν
596 4814 745 4866 πόλει
770 4812 977 4881 γένοιτο
1009 4811 1070 4863 τὸ
1100 4810 1363 4879 ἀδίκημα,
1406 4808 1560 4878 φησι,
1587 4805 1886 4868 τουτέστιν,
1929 4805 1962 4875 ἢ

391 4902 449 4955 ὲν
490 4901 785 4971 Ἐκκλησία
809 4899 1068 4970 Χριστοῦ,
1095 4898 1191 4952 καὶ
1219 4900 1276 4950 ὲν
1300 4898 1452 4950 πόλει
1489 4894 1625 4950 Θεοῦ
1653 4895 1870 4960 ζῶντος,
1897 4895 1963 4966 ἢν

392 4993 735 5048 κατοικοῦσιν
783 4993 1025 5060 ἄγγελοι,
1070 4995 1164 5046 καὶ
1196 4992 1386 5063 ἄνδρες
1433 4991 1600 5058 ἆγιοι,
1652 4987 1966 5058 καθηγηταί.

394 5087 488 5137 καὶ
540 5084 846 5136 διδάσκαλοι
874 5087 986 5146 τοῖς
1028 5085 1414 5148 κινδυνεύουσι,
1451 5083 1546 5136 καὶ
1584 5081 1967 5152 ἀπατωμένοις

395 5172 692 5241 ἐπαμύνειν
725 5167 825 5224 οἷοὶ
858 5190 936 5236 τε,
973 5173 1422 5227 συναποτεθνάτω
1457 5172 1536 5244 τῷ
1581 5173 1775 5240 φένακι
1813 5171 1965 5241 καὶὴ

396 5259 646 5313 παθοῦσα
672 5259 958 5330 παρθένος.
1009 5261 1156 5324 Ἐξδν
1180 5263 1285 5332 γὰρ
1310 5263 1541 5333 ἑτοίμως
1567 5263 1847 5333 διαδράναι
1867 5261 1966 5331 τὴν

399 5352 776 5423 παραφθορὰν,
813 5353 862 5405 εἰ
889 5355 999 5415 τοῖς
1028 5353 1311 5416 διασώζειν
1340 5357 1504 5409 εἰδόσι
1538 5357 1965 5426 καταμεμήνυκε

394 5445 750 5508 διδασκάλοις,
790 5442 1092 5496 ἐθελούσιον
1138 5443 1462 5515 ἡρῤὡστησε
1503 5447 1563 5498 τὸ
1615 5447 1831 5509 παθεῖν,
1874 5446 1968 5499 καὶ

397 5536 497 5588 οὐκ
523 5536 581 5600 ἐξ
609 5537 854 5603 ἀνάγκης
884 5533 993 5602 ἔχει
1012 5535 1108 5605 τὴν
1133 5537 1210 5599 είς
1232 5536 1293 5587 τὸ
1315 5536 1514 5604 φαῦλον
1545 5539 1863 5607 ἀπαγωγήν.
1903 5539 1968 5592 Εἰ

397 5625 453 5678 δὲ
500 5626 563 5696 δὴ
615 5625 688 5696 μὴ
731 5624 972 5692 γένοιτο,
1035 5626 1216 5695 φησὶν,
1274 5628 1331 5678 ἐν
1383 5627 1699 5697 Ἐκκλησίᾳ,
1741 5629 1875 5697 μηδὲ
1910 5629 1968 5680 ἐν

451 5805 497 5838 ’³³
523 5803 540 5857 l
568 5804 691 5859 Cor.
719 5819 788 5866 γι,
837 5802 912 5854 l7.
983 5803 1085 5856 ⁷⁵11
1110 5804 1231 5857 (.lor.
1267 5820 1338 5869 xu,
1367 5804 1415 5854 :2.
1485 5803 1781 5868 "Osecm,
1827 5805 1995 5870 l9,20.

2061 3253 2157 3307 sed
2199 3251 2381 3306 adhuc
2405 3253 2580 3306 sancti
2632 3253 2978 3322 baptismatis
3028 3254 3295 3324 gratiam,
3353 3255 3638 3322 sanctique

2062 3346 2300 3415 Spiritus
2330 3345 2775 3400 communionem
2799 3354 3061 3415 tanquam
3091 3346 3314 3416 nuptias
3349 3347 3635 3415 quasdam,

2059 3433 2440 3502 verioremque
2463 3434 2870 3503 conjunctionis
2902 3435 3125 3489 modum
3166 3443 3482 3504 exspectat:
3525 3435 3638 3505 jam

2059 3531 2242 3578 tamen
2265 3525 2420 3593 quasi
2457 3525 2824 3580 arrhabonem
2873 3535 2930 3581 et
2973 3526 3398 3581 consuetudinis
3437 3525 3639 3580 futurae

2060 3616 2301 3683 initium,
2331 3618 2638 3674 catechesis
2661 3634 2972 3673 sermonem
2994 3619 3225 3688 accepit.
3255 3619 3346 3673 Sic
3389 3618 3536 3672 illam
3573 3633 3639 3672 ex

2061 3707 2314 3777 gentibus
2346 3709 2652 3764 Ecclesiam
2684 3710 2907 3764 divinus
2926 3709 3016 3764 ille
3039 3717 3229 3764 noster
3251 3710 3635 3781 mysteriorum

2062 3800 2275 3865 doctor,
2303 3800 2524 3867 Paulus,
2546 3802 2789 3871 inquam,
2810 3801 3038 3856 adduxit
3068 3801 3136 3856 ad
3156 3799 3472 3856 Christum:
3498 3802 3640 3854 scri-

2064 3893 2144 3946 bit
2165 3891 2312 3946 enim
2339 3891 2408 3946 ad
2427 3892 2579 3947 hunc
2594 3893 2822 3949 modum
2845 3912 2857 3948 :
2895 3913 2912 3944 ι
2932 3893 3211 3964 Despondi
3245 3893 3394 3946 enim
3423 3906 3521 3947 vos
3544 3891 3640 3945 uni

2062 3984 2202 4048 viro,
2252 3985 2518 4054 virginem
2571 3995 2777 4040 castam
2831 3987 3096 4042 exhibere
3139 3986 3359 4042 Christo
3415 3985 3521 4039 ⁷⁸.)
3573 3983 3644 4038 Et

2063 4072 2179 4142 ipse
2225 4073 2473 4143 Sponsus
2521 4085 2670 4131 certe
2726 4093 2828 4147 per
2861 4093 3052 4132 vocem
3094 4078 3486 4148 prophetarum
3529 4076 3636 4127 ait:

2071 4183 2087 4213 ι
2112 4163 2180 4216 Ει
2204 4163 2554 4234 desponsaho
2583 4176 2633 4221 te
2659 4167 2794 4220 mihi
2821 4167 2923 4236 ipsi
2946 4167 3002 4220 in
3026 4176 3312 4229 aeternum,
3339 4164 3638 4234 injustitia,

2063 4261 2119 4306 et
2141 4252 2197 4306 in
2217 4254 2449 4323 judicio,
2476 4265 2532 4310 et
2557 4256 2612 4310 in
2660 4255 3072 4320 misericordia,
3102 4264 3157 4310 et
3184 4257 3241 4308 in
3276 4253 3646 4307 miserationi-

2064 4347 2195 4415 bus;
2220 4349 2636 4418 etdesponsabo
2669 4355 2723 4402 te
2748 4347 2882 4412 mihi
2917 4347 2973 4399 in
3015 4346 3141 4409 fide,
3175 4353 3229 4400 et
3269 4345 3410 4399 scies
3451 4343 3644 4397 Domi-

2067 4456 2202 4494 num
2224 4441 2290 4494 ⁷⁶.
2315 4460 2332 4490 ι
2379 4439 2545 4508 258
2569 4437 2625 4492 Si
2655 4438 2821 4508 igitur
2858 4438 2914 4491 in
2961 4437 3144 4507 aliqua
3177 4435 3489 4506 hujusmodi
3519 4435 3645 4489 ani-

2068 4547 2154 4585 ma
2189 4530 2516 4599 corruptelae
2579 4529 2811 4592 crimen,
2854 4528 3054 4596 inquit,
3111 4527 3410 4582 admissum
3453 4526 3640 4592 fuerit,

2069 4621 2339 4691 ejusmodi
2367 4620 2572 4675 factum
2618 4628 2679 4673 ut
2708 4619 3043 4674 adulterium
3086 4620 3397 4675 habeatur:
3443 4619 3644 4674 obstri-

2069 4723 2153 4768 cta
2183 4713 2328 4767 enim
2363 4719 2448 4767 est
2485 4712 2812 4781 desponsata
2842 4712 3066 4775 femina,
3111 4721 3168 4765 et
3192 4713 3302 4781 jam
3351 4711 3454 4766 sub
3495 4711 3647 4765 illius

2069 4813 2339 4881 potestate
2385 4803 2479 4873 qui
2498 4818 2626 4857 mox
2645 4811 2730 4857 est
2755 4818 2988 4872 sponsus
3016 4802 3255 4857 futurus.
3280 4800 3570 4865 Cmterum,
3596 4801 3644 4855 si

2069 4900 2125 4953 in
2161 4897 2297 4952 urbe
2321 4898 2426 4951 hoc
2465 4897 2536 4950 sit
2557 4896 2768 4950 crimen
2793 4895 3114 4958 admissum,
3150 4895 3205 4948 id
3240 4902 3345 4959 est,
3375 4893 3431 4947 in
3453 4892 3645 4948 Eccle-

2071 4992 2151 5047 sia
2175 4991 2380 5046 Christi
2402 4998 2458 5044 et
2482 4990 2536 5043 in
2555 4988 2778 5042 civitate
2819 4988 2916 5042 Dei
2939 4988 3197 5052 viventis,
3244 4988 3300 5041 in
3343 5001 3449 5056 qua
3484 4982 3645 5038 habi-

2074 5089 2190 5136 tant
2211 5082 2409 5151 angeli,
2442 5089 2497 5134 et
2522 5080 2625 5134 viri
2653 5080 2850 5144 sancti,
2884 5079 3210 5150 magistriet
3249 5078 3522 5136 doctores,
3547 5074 3642 5141 qui

2070 5173 2139 5228 iis
2182 5172 2276 5241 qui
2323 5171 2706 5241 periclitantur
2778 5181 2834 5224 et
2888 5169 3228 5223 seducuntur
3287 5179 3446 5234 opem
3500 5163 3644 5216 fetre

2071 5266 2344 5333 possunt:
2386 5261 2548 5316 simul
2587 5277 2712 5315 cum
2751 5261 3041 5315 seductore
3075 5258 3228 5326 virgo
3274 5267 3492 5322 quoque
3530 5251 3646 5304 vio-

2071 5357 2180 5410 lata
2207 5356 2508 5410 moriatur:
2557 5371 2685 5409 nam
2734 5369 2861 5408 cum
2919 5353 3113 5406 liceret
3151 5347 3412 5418 perfacile
3450 5360 3644 5399 corru-

2071 5449 2314 5518 ptionem
2338 5448 2602 5518 effugere,
2639 5447 2683 5500 si
2712 5443 2989 5513 magistris
3039 5439 3293 5496 servandi
3319 5437 3513 5508 peritis
3529 5451 3645 5490 rem

2072 5539 2386 5602 indicasset,
2409 5535 2718 5591 voluntarie
2742 5533 3092 5587 violationem
3118 5545 3375 5600 perpessa
3400 5534 3503 5590 est,
3536 5542 3646 5580 non

2073 5640 2257 5684 macte
2281 5630 2346 5684 ad
2371 5627 2780 5696 improbitatem
2817 5623 3073 5679 adducta.
3113 5621 3412 5676 Sinaatem
3447 5617 3498 5672 id
3533 5629 3642 5669 non
3740 5613 3746 5625 ‘
