4138 6300
441 333 548 394 545

1447 341 1503 398 s.
1545 342 1820 400 CYRILLI
1863 341 2329 401 ALEXANDRINI
2367 303 2703 402 Αιιειιιερξ

3586 339 3694 397 544

443 450 499 504 in
525 449 765 504 Ecclesia
781 449 1090 521 contigerit,
1117 469 1293 525 neque
1319 456 1376 511 in
1400 457 1619 535 civitate
1644 457 1740 512 Dei
1757 457 2011 522 viventis,

2120 458 2270 512 πόλει
2291 457 2422 512 Θεοῦ
2452 458 2670 522 ζῶντος,
2694 457 2809 511 ἀλλ’
2833 458 3020 529 ὥσπερ
3044 459 3102 513 ὲν
3130 456 3296 527 πεδίῳ
3317 456 3411 510 καὶ
3433 458 3490 510 ἐν
3513 456 3692 528 ἀγρῷ,

443 541 541 596 sed
571 542 626 594 in
651 555 843 609 campo
868 550 1032 612 atque
1060 545 1115 598 in
1140 562 1289 616 agro,
1318 547 1411 602 ubi
1430 549 1710 619 magister,
1735 548 1830 618 qui
1855 563 2015 618 opem

441 630 632 695 ferret,
665 634 848 690 nullus
881 644 1021 702 erat,
1060 637 1116 690 in
1157 653 1354 709 magna
1407 639 1703 694 solitudine
1728 639 2014 694 hominum

439 723 533 790 qui
571 723 638 778 ad
675 725 957 780 meliorem
987 730 1310 783 sententiam
1334 729 1622 784 traducere
1669 739 1913 800 possent,
1959 741 2016 786 et

444 821 701 882 tanquam
727 815 783 868 in
816 817 1046 885 penuria
1080 819 1497 890 paedagogorum
1546 821 1699 875 fraus
1735 829 1819 876 est
1870 837 2018 875 com—

443 903 638 958 missa:
666 905 757 960 ille
781 907 1047 963 duntaxat
1093 911 1150 963 in
1197 911 1502 980 periculum
1528 912 1731 972 veniat,
1781 913 1875 981 qui
1903 911 2014 964 vim

443 991 656 1047 intulit:
682 1011 807 1048 nam
834 1011 922 1051 res
971 1007 1121 1068 gesta
1146 1015 1244 1068 per
1292 1003 1705 1070 oppressionem
1736 999 1858 1065 fuit,
1901 1017 2017 1055 ma-

440 1083 664 1154 lumque
719 1087 865 1156 quod
910 1104 974 1144 ea
1021 1105 1280 1161 perpessa
1325 1101 1410 1146 est
1457 1091 1728 1162 ejusmodi
1771 1092 1896 1155 fuit,
1957 1100 2017 1146 ut

441 1175 723 1235 subveniri
748 1179 826 1233 illi
871 1195 983 1234 non
1021 1193 1234 1250 posset:
1285 1183 1471 1252 itaque
1500 1184 1584 1240 vis
1627 1184 1809 1248 allata,
1857 1185 2018 1254 cujus

2113 545 2172 604 οὗ
2214 549 2568 619 μυσταγωγὸς
2604 552 2632 603 6
2659 549 2952 620 ὲπαμύνων
2980 551 3080 603 οὐκ
3119 545 3210 620 ἦν,
3244 547 3338 602 καὶ
3371 549 3479 600 τῶν
3523 566 3691 620 μετα-

2113 640 2321 693 πείθειν
2359 640 2453 692 tan
2485 639 2546 692 τὸ
2579 639 2801 708 ἄμεινον
2830 637 3099 694 εἰωθότων
3135 637 3342 707 ὲρημία
3372 636 3562 707 πολλὴ,
3596 637 3692 691 καὶ

2112 727 2188 790 ὼς
2221 729 2279 780 ὲν
2305 727 2496 780 σπάνει
2517 727 2881 796 παιδαγωγῶν
2904 729 2932 779 ὁ
2959 727 3311 796 φενακισμὸς,
3335 727 3689 780 κινδυνευέτω

2117 821 2275 889 μόνος
2297 821 2326 873 6
2359 818 2688 889 βιασάμενος
2711 833 2725 845 ·
2756 816 3036 880 πλεονεξία
3060 816 3167 887 γάρ
3195 817 3294 888 ἤδη
3324 816 3384 869 τδ
3411 815 3687 887 δρώμενον

2115 910 2210 963 καὶ
2243 908 2414 972 πάθος
2442 907 2892 979 ἀνεπικούρητον,
2921 907 3016 960 καὶ
3040 907 3253 975 ἀνάγκη
3285 923 3368 969 τις
3396 906 3685 975 δυσδιάφυ-

2116 1017 2266 1065 κτος,
2294 998 2736 1072 παρακρούσεται
2768 999 2866 1068 τὴν
2892 999 3142 1069 γραφήνο
3173 997 3205 1068 ἢ
3234 999 3347 1059 τοῖς
3375 997 3688 1066 ἀϐουλήτως

2115 1091 2568 1162 ἐπενηνεγμένοις
2611 1090 2686 1154 ὡς
2723 1089 3018 1154 ἀκουσίοις,
3056 1089 3316 1159 ἐπιτιμᾷν
3347 1089 3408 1141 οὐ
3437 1089 3689 1157 περιττὸν

2115 1181 2252 1236 εἶναι
2282 1185 2524 1254 φήσομεν
2541 1199 2556 1248 ;

439 1265 675 1321 vitanda:
710 1269 859 1322 nulla
907 1269 1140 1326 facultas
1180 1271 1304 1335 fuit,
1363 1272 1625 1326 amolitur
1684 1273 1914 1326 crimen.
1977 1273 2062 1326 An
2117 1287 2272 1337 vero,
2313 1288 2436 1341 quae
2481 1280 2680 1342 praeter
2721 1271 3059 1326 voluntatem
3102 1285 3203 1326 nos
3239 1269 3576 1341 Opprimunt,
3625 1285 3688 1324 ea

440 1357 667 1427 perinde
689 1374 754 1413 ac
782 1358 826 1412 si
844 1361 1152 1417 voluntarie
1179 1363 1417 1418 admissa
1445 1365 1574 1428 sint,
1610 1378 1890 1427 accusare,
1932 1379 2042 1418 non
2075 1363 2240 1417 nimis
2279 1363 2539 1417 acerbum
2568 1379 2688 1419 esse
2706 1364 2993 1419 dicemus?

509 1455 707 1509 PALL.
735 1455 849 1510 Imo
882 1472 1016 1511 vero
1043 1473 1303 1527 prorsus:
1323 1461 1472 1530 justa
1509 1467 1595 1514 est
1621 1460 1768 1513 enim
1794 1459 1901 1513 lex.

494 1546 669 1618 _CYR.
702 1546 872 1602 Recte
921 1547 1080 1602 dicis.
1117 1548 1408 1603 Subtiliori
1433 1550 1615 1618 itaque
1643 1549 1892 1603 examine
1931 1548 2012 1602 fa-

442 1645 527 1690 cta
550 1636 837 1706 dijudicat,
865 1649 920 1694 et
941 1654 1042 1708 pro
1065 1655 1322 1694 mensura
1346 1650 1696 1710 peccatorum
1717 1641 2014 1694 vindictam

445 1727 709 1782 adhibet:
738 1730 833 1794 ita,
860 1739 922 1784 ut
945 1747 1124 1800 neque
1167 1732 1224 1784 in
1248 1731 1417 1786 rebus
1461 1732 1762 1786 levioribus
1807 1730 2013 1785 admis-
2048 1759 2094 1818 Β

442 1831 563 1869 sum
588 1825 876 1885 peccatum
917 1821 1144 1874 omnino
1190 1820 1482 1884 condonet,
1509 1822 1804 1891 quominus
1827 1821 2019 1892 punia-

443 1915 567 1973 tur;
598 1924 779 1978 neque
800 1926 998 1964 rursus
1024 1912 1375 1981 gravioribus
1404 1922 1687 1983 exaequet;
1713 1915 1808 1969 sed
1833 1929 2020 1984 parem

441 1999 768 2054 criminibus
790 2002 1055 2056 ultionem
1077 2003 1360 2073 rependit:
1382 2005 1458 2059 ait
1479 2005 1625 2059 enim
1651 2005 1849 2059 iterum
1877 2023 1890 2058 :
1924 2026 1941 2056 ‹
1962 2005 2019 2060 Si

445 2098 630 2144 autem
686 2092 965 2147 invenerit
1005 2095 1278 2164 quispiam
1311 2097 1549 2165 puellam
1587 2096 1853 2167 virginem
1899 2113 2020 2166 quae

441 2193 550 2232 non
591 2181 662 2233 sit
685 2180 1035 2250 desponsata,
1066 2190 1124 2238 et
1176 2184 1495 2252 Opprime-ns
1541 2200 1683 2248 eam,
1732 2185 2020 2240 dormierit

440 2285 566 2322 cum
591 2287 675 2336 ea,
711 2279 767 2326 et
810 2273 1067 2328 inventus
1111 2274 1297 2339 fuerit,
1348 2276 1500 2329 dabit
1541 2277 1706 2330 homo
1755 2276 1850 2346 qui
1887 2276 2016 2330 dor-

441 2360 625 2416 mierit
649 2377 774 2416 cum
801 2380 885 2426 ea,
918 2364 1064 2432 patri
1093 2365 1291 2434 puellae
1321 2366 1719 2438 quinquaginta
1744 2368 1908 2421 siclos
1931 2383 2020 2421 ar-

439 2453 607 2522 genti,
648 2461 704 2508 et
727 2455 833 2508 erit
865 2455 1036 2524 ipsius
1079 2471 1249 2522 uxor;
1280 2471 1381 2526 pro
1402 2473 1469 2511 eo
1503 2457 1654 2527 quod
1699 2457 2016 2513 humiliavit

441 2544 620 2598 illam:
653 2561 761 2599 non
785 2547 991 2616 poterit
1017 2545 1296 2601 dimittere
1319 2563 1440 2602 eam
1463 2548 1612 2602 omni
1649 2557 1896 2618 tempore
1910 2549 2008 2601 τ’.»

440 2634 610 2704 Igitur
631 2635 885 2690 adulterii
916 2637 1146 2692 crimine
1177 2638 1353 2692 teneri
1381 2639 1578 2693 statuit
1619 2638 1868 2708 quisquis
1891 2654 2016 2693 cum

441 2727 770 2796 desponsata
809 2743 1136 2798 congressus
1161 2727 1350 2793 fuerit,
1381 2730 1450 2784 iis
1480 2737 1661 2785 tamen
1706 2729 1905 2794 modis,
1927 2729 2016 2784 ni-

443 2819 664 2885 mirum,
691 2837 830 2890 quos
852 2821 1016 2876 modo
1050 2822 1310 2876 diximus.
1360 2820 1465 2876 Sed
1500 2822 1545 2877 si
1584 2822 1794 2876 nemini
1835 2823 2017 2877 adhuc

441 2909 790 2979 conjunctam
815 2911 984 2967 fuisse
1009 2919 1240 2978 constet,
1271 2912 1508 2967 necdum
1531 2912 1753 2968 Christo
1776 2912 2014 2983 despon-

443 3007 614 3055 satam
642 3017 738 3071 per
772 3001 955 3068 fidem,
977 3011 1232 3074 tanquam
1281 3003 1462 3073 specie
1493 3004 1721 3074 virginis
1754 3004 2012 3068 animam,

2172 1459 2394 1523 \IIAAA.
2439 1460 2757 1511 Παντάπασι
2784 1459 2897 1529 ’μὲν
2919 1454 3042 1512 οὖν·
3076 1457 3220 1521 ὅσιος
3251 1455 3360 1528 γὰρ
3380 1459 3414 1511 ὁ·
3435 1459 3616 1528 νόμος.

2187 1549 2352 1602 ΚΥΡ.
2375 1545 2448 1602 Εὖ
2472 1549 2668 1617 λέγεις·
2696 1549 3011 1619 ίσχνοτέραν
3027 1549 3082 1602 δὲ
3107 1548 3216 1602 τῶν
3237 1548 3532 1619 δρωμένων
3547 1551 3693 1602 ποιεῖ

2117 1637 2217 1710 τὴν
2248 1638 2499 1710 βάσανον,
2538 1639 2635 1692 καὶ
2670 1641 2958 1709 ὲπιμετρεῖ
2989 1639 3190 1710 τρόπον
3222 1639 3342 1693 τινά
3369 1641 3481 1702 τοῖς
3508 1639 3690 1710 πλημ-

2125 1727 2256 1798 μελή
2267 1745 2396 1798 μασι
2416 1727 2513 1791 τὰς
2542 1727 2732 1800 ὀργὰς,
2765 1727 2888 1782 οὔτε
2910 1729 3003 1782 τοῦ
3029 1729 3353 1793 κολάζεσθαι
3381 1730 3491 1783 δεῖν
3517 1731 3692 1785 ἀπαλ-

2119 1820 2326 1873 λάττων
2355 1820 2590 1874 είσάπαν
2623 1821 2683 1873 τὸ
2719 1822 2812 1874 ἐπὶ
2846 1823 2958 1884 τοῖς
2987 1821 3165 1891 μείοσι
3197 1821 3534 1892 πλημμελὲς,
3565 1821 3689 1875 οὔτε

2122 1913 2229 1984 μὴν
2275 1914 2333 1965 ὲν
2378 1913 2479 1983 ἴσῳ
2509 1914 2620 1976 τοῖς
2672 1912 2810 1984 ὑπὲρ
2850 1914 3007 1967 τοῦτο
3047 1913 3246 1979 τιθεὶς,
3295 1913 3582 1986 ίσομεγέθη
3632 1915 3690 1968 δὲ

2117 2001 2306 2072 ὥσπερ
2348 2004 2459 2063 τοῖς
2505 2002 2827 2072 αἰτιάμασιν
2872 2002 3250 2073 ἀποτορνεύων
3296 2002 3394 2073 τὴν
3455 2001 3685 2071 κίνησιν.

2120 2094 2264 2163 Ἔφη
2290 2092 2398 2164 γάρ
2433 2093 2591 2146 πάλιν
2611 2108 2626 2124 ο
2669 2111 2687 2144 ι
2737 2092 2862 2146 Ἐάν
2894 2093 2952 2146 δέ
2996 2111 3080 2156 τις
3103 2093 3237 2166 εὕρῃ
3267 2093 3365 2166 τὴν
3395 2095 3562 2149 παῖδα
3592 2095 3692 2166 τὴν

2117 2183 2421 2255 παρθένον,
2468 2184 2591 2253 ἥτις
2625 2184 2688 2237 οὐ
2739 2186 3179 2256 μεμνήστευται,
3215 2186 3310 2240 καὶ
3361 2187 3690 2257 βιασάμενος

2116 2276 2287 2342 αὐτὴν
2324 2275 2560 2346 κοιμηθῇ
2591 2275 2706 2346 μετ’
2752 2275 2942 2345 αὐτῆς,
2972 2277 3065 2330 καὶ
3096 2276 3319 2348 εὑρεθῇ,
3344 2277 3506 2350 δώσει
3539 2280 3566 2330 ό
3600 2278 3692 2332 ἀν-

2116 2366 2331 2438 θρωπος
2356 2369 2384 2420 ὁ
2412 2367 2697 2438 κοιμηθεὶς
2732 2367 2847 2437 μετ’
2882 2368 3052 2438 αὐτῆς
3077 2368 3155 2439 τῷ
3184 2371 3350 2439 πατρὶ
3379 2369 3480 2440 τῆς
3509 2370 3691 2422 νεάνι-

2113 2457 2202 2520 δος
2240 2459 2578 2530 πεντήκοντα
2610 2459 2883 2529 δίδραχμα
2910 2461 3195 2531 ἀργυρίου,
3224 2462 3320 2514 καὶ
3343 2461 3510 2514 αὐτοῦ
3537 2462 3692 2516 ἔσται

2114 2549 2271 2618 γυνὴ,
2312 2549 2429 2602 ἀνθ’
2481 2543 2556 2604 ὧν
2608 2551 2972 2605 ἐταπείνωσεν
3022 2552 3229 2622 αὑτήν·
3292 2553 3352 2605 οὐ
3403 2553 3690 2622 δυνήσεται

2114 2638 2492 2703 ἐξαποστεῖλαι
2538 2639 2708 2712 αὐτὴν
2757 2642 2849 2694 τὸν
2885 2640 3100 2694 ἅπαντα
3140 2641 3349 2713 χρόνον.
3391 2660 3410 2693 ι
3460 2641 3692 2712 Μοιχεία

2118 2729 2217 2801 μὲν
2261 2725 2354 2785 οὖν
2401 2731 2654 2802 ὑπόχρεω
2689 2731 3061 2801 κατεστήσατο
3089 2731 3181 2785 τὸν
3220 2731 3445 2785 συνόντα
3482 2748 3692 2802 μεμνη-

2117 2823 2407 2894 στευμένῃ,
2439 2823 2578 2876 κατά
2602 2822 2833 2894 τρόπους
2870 2821 2927 2874 δὲ
2953 2821 3195 2892 δηλονότι
3227 2822 3354 2885 τοὺς
3379 2822 3479 2894 ἤδη
3505 2838 3691 2893 προει-

2115 2915 2406 2985 ρημένους.
2429 2915 2493 2968 El
2519 2914 2576 2968 δὲ
2596 2914 2662 2986 δὴ
2687 2915 2947 2984 φαίνοιτο,
2979 2917 3134 2984 φησὶ,
3158 2915 3254 2967 καὶ
3279 2913 3557 2985 ἀσυναφὴς
3583 2912 3688 2980 ἔτι,

2115 3004 2551 3075 κατεγγυηθεῖσα
2598 3005 2656 3058 δὲ
2707 3004 2860 3059 οὔπω
2903 3003 3124 3075 Χριστῷ
3167 3004 3256 3058 διά
3300 3004 3400 3073 τῆς
3430 3003 3683 3067 πίστεως,

443 3091 606 3162 259
649 3094 848 3149 deinde
871 3097 1142 3166 quispiam
1183 3096 1371 3151 verbis
1407 3096 1475 3150 ad
1522 3095 1858 3164 impietatem
1883 3110 2010 3164 per-

2115 3097 2188 3160 ὼς
2221 3100 2278 3150 ὲν
2307 3096 2436 3150 εῖδει
2468 3096 2738 3167 παρθένου
2767 3096 2936 3167 ψυχὴ,
2982 3091 3104 3149 εἶτά
3141 3111 3225 3158 τις
3262 3093 3434 3164 αὐτὴν
3461 3096 3574 3157 τοῖς
3607 3095 3689 3156 είς

442 3183 774 3240 ducentibus
817 3202 936 3241 eam
977 3188 1296 3257 inquinasse
1339 3186 1716 3257 deprehensus
1743 3186 1834 3250 sit,
1869 3193 1925 3240 et
1947 3201 2015 3240 ex

442 3291 554 3331 uno
579 3294 767 3333 errore
791 3279 859 3332 ad
892 3279 1126 3333 alterum
1175 3278 1504 3342 traduxisse,
1549 3285 1611 3331 ut
1652 3276 1895 3331 haeretici
1930 3276 2014 3330 fa-

442 3367 616 3430 ciunt,
635 3369 728 3437 qui
757 3371 1049 3424 nonnullos
1074 3385 1141 3423 ex
1163 3369 1420 3438 gentibus
1443 3373 1930 3436 nonnunquam,et
1948 3381 2014 3421 ex

441 3457 647 3512 Iudaeis
688 3460 932 3528 rapiunt,
979 3469 1057 3524 et,
1099 3469 1159 3514 ut
1205 3470 1529 3530 sequantur,
1575 3459 1936 3530 persuadent:
1968 3459 2015 3514 is

443 3548 666 3616 quidem
694 3566 804 3604 non
825 3550 934 3605 erit
959 3567 1082 3606 eam
1115 3568 1230 3607 rem
1250 3553 1472 3622 impune
1509 3569 1712 3620 ausus;
1739 3553 2016 3623 persolvet

441 3639 590 3694 enim
616 3643 755 3710 patri
778 3642 1094 3712 spirituum,
1121 3644 1174 3699 id
1202 3652 1306 3710 est,
1328 3645 1457 3710 Deo,
1475 3645 1558 3700 sui
1575 3645 1781 3715 peccati
1804 3661 2012 3715 poenas,

441 3747 563 3800 qum.
593 3723 850 3803 tanquam
885 3735 940 3789 in
965 3751 1028 3791 ea
1065 3737 1312 3806 pecuniae
1334 3737 1508 3790 multa
1545 3752 1654 3790 non
1690 3737 1928 3792 absurde
1954 3737 2016 3791 ﬁ-

441 3833 729 3891 gurantur.
777 3825 917 3880 Illud
976 3843 1140 3896 porro
1187 3846 1199 3880 :
1250 3829 1426 3897 Ipsius
1479 3829 1589 3883 erit
1645 3843 1802 3892 uxor,
1847 3828 2014 3883 etiam

437 3912 595 3981 juxta
619 3913 906 3968 historiam
941 3916 1072 3970 utile
1095 3924 1198 3970 est.

516 4000 712 4056 PALL.
738 4001 986 4074 Intelligo
1011 4019 1141 4057 sane
1173 4003 1320 4072 quod
1345 4003 1513 4058 dicis:
1538 4003 1743 4073 duplex
1756 4012 1838 4059 est
1867 4006 2014 4059 enim

442 4093 548 4158 lex,
573 4095 810 4150 carnalis
837 4112 900 4151 ac
923 4096 1243 4165 spiritualis.

510 4187 668 4244 ΟΥΕ.
722 4189 826 4244 Sed
883 4190 1044 4244 velim
1103 4190 1366 4245 observes
1414 4205 1482 4245 ne
1535 4191 1741 4246 veteris
1792 4190 2014 4260 quidem

441 4280 682 4335 mandati
706 4297 1013 4336 sermonem
1037 4282 1335 4352 ignorasse,
1385 4283 1532 4352 quod
1581 4282 1833 4338 Christus
1878 4282 2015 4336 dixit

442 4371 511 4425 de
556 4371 677 4425 viro
718 4379 880 4442 atque
927 4371 1192 4426 muliere:
1258 4371 1451 4438 «Quod
1508 4372 1654 4426 Deus
1704 4371 2008 4441 conjunxit,

442 4461 606 4515 homo
629 4478 740 4516 non
763 4471 980 4532 separet
1001 4464 1064 4518 ⁷³.
1091 4482 1109 4515 ›
1141 4463 1317 4533 Ipsius
1339 4463 1508 4526 enim,
1538 4461 1736 4532 inquit,
1755 4461 1829 4516 sit
1852 4477 2008 4526 uxor,

441 4568 544 4621 pro
570 4569 637 4608 eo
658 4554 806 4624 quod
854 4555 1167 4610 humiliavit
1191 4556 1378 4610 illam:
1428 4571 1537 4608 non
1581 4555 1786 4624 poterit
1824 4554 2012 4608 dimit-

443 4651 557 4698 tere
589 4659 710 4698 eam
733 4645 881 4700 omni
905 4654 1169 4715 tempore.
1190 4645 1327 4700 Illud
1349 4654 1613 4715 pneterca
1643 4646 1808 4700 velim
1834 4645 2012 4699 anim-

440 4731 715 4796 advertas,
750 4742 954 4802 quanta
988 4735 1058 4788 sit
1083 4734 1438 4789 sanctissimae
1467 4734 1795 4804 virginitatis
1827 4734 2013 4803 gloriae

443 4821 784 4875 sublimitas:
824 4839 948 4877 nam
974 4825 1118 4879 illius
1139 4825 1570 4902 deﬂorationem‘,
1596 4841 1765 4880 sacrae
1790 4824 2016 4878 divina:-

441 4927 550 4980 que
580 4911 800 4967 Litterae
828 4928 937 4966 non
979 4915 1153 4967 solum
1197 4931 1316 4970 esse
1342 4917 1776 4971 hutniliationem
1820 4931 2010 4969 sense-

443 5013 594 5072 runt,
629 5005 724 5060 sed
747 5005 913 5061 etiam
943 5007 1321 5076 appellandam
1345 5019 1683 5064 censuerunt
1712 5009 1870 5079 quasi
1917 5024 2010 5062 ve-

442 5097 743 5152 nerationis
763 5096 1054 5167 quamdam
1083 5095 1452 5151 amissionem.

511 5187 707 5242 PALL.
735 5188 902 5243 Recte
933 5187 1089 5243 dicis.

510 5277 667 5332 CYR.
705 5278 840 5334 Cum
897 5281 1080 5349 itaque
1139 5279 1525 5333 haereticorum
1563 5280 1617 5333 in
1671 5282 2009 5352 decipiendis

443 5367 760 5424 hominibus
797 5369 1066 5425 fallaciam
1098 5379 1352 5439 tanquam
1407 5369 1516 5423 Deo
1573 5387 1793 5424 cxosam
1820 5389 1885 5426 ac
1915 5389 2006 5426 re-

444 5472 573 5510 vera
629 5458 911 5526 ncfariam,
964 5471 1021 5516 et
1084 5475 1276 5515 eorum
1337 5460 1430 5530 qui
1483 5469 1631 5514 recte
1694 5461 2008 5516 incedentes

443 5559 797 5615 corrumpere
827 5558 1252 5614 consueverunt,
1300 5550 1542 5604 studium
1585 5551 1865 5606 avertendi
1901 5570 2005 5607 etc-

548 5726 591 5756 "
612 5723 769 5780 Deut.
806 5739 931 5790 xm,
957 5725 1140 5792 28,29.
1199 5729 1242 5760 ⁷⁸
1269 5729 1430 5784 Marc.
1465 5747 1516 5797 χ,
1537 5732 1589 5786 9.

2114 3186 2431 3240 δυσσέϐειαν
2461 3187 2640 3256 λόγοις
2675 3187 3015 3257 καταμιάνας
3047 3184 3178 3255 ἀλῷ,
3216 3186 3311 3240 καὶ
3340 3183 3691 3256 παρενεγκὼν

2115 3279 2179 3331 ἐκ
2203 3277 2409 3349 πλάνης
2440 3281 2520 3342 εἰς
2547 3277 2832 3349 πλάνησιν,
2867 3276 3046 3330 ὁποῖόν
3069 3293 3123 3328 τι
3152 3275 3349 3344 δρῶσιν
3397 3276 3688 3346 αἱρετικοὶ,

2114 3366 2241 3430 τοὺς
2285 3365 2344 3432 ἐξ
2376 3366 2546 3420 ὲθνῶν
2592 3365 2705 3419 ἔσθ’
2740 3367 2829 3418 ὅτε
2868 3366 2962 3420 καὶ
3019 3364 3286 3418 Ἰουδαίων
3328 3363 3688 3434 ἁρπάζοντες,

2114 3458 2343 3512 ’ἐπεσθαί
2375 3477 2433 3512 τε
2461 3459 2642 3528 σφίσιν
2675 3460 2858 3520 αὐτοῖς
2893 3456 3293 3520 ἀναπείθοντες,
3329 3455 3430 3508 οὐκ
3456 3455 3688 3524 ἀζήμιον

2115 3549 2342 3620 εὑρήσει
2363 3549 2423 3601 τὸ
2446 3549 2768 3620 ἐγχείρημα.
2815 3548 3092 3602 Ἀποτίσει
3125 3548 3232 3618 γὰρ
3271 3546 3350 3617 τῷ
3380 3548 3549 3618 πατρὶ
3579 3547 3687 3600 τῶν

2116 3641 2461 3706 πνευμάτων,
2515 3640 2789 3702 τουτέστι,
2837 3638 2916 3710 τῷ
2961 3637 3099 3709 Θεῷ,
3157 3638 3260 3707 τῆς
3314 3636 3689 3708 πλημμελείας

2113 3734 2240 3798 τοὺς
2269 3732 2481 3802 λόγους,
2509 3732 2584 3796 ὼς
2616 3733 2674 3784 ἐν
2704 3731 2876 3803 ζημίᾳ
2902 3731 3199 3802 χρημάτων
3238 3729 3690 3801 ὑποτυπουμένης

2115 3820 2175 3878 εὖ
2210 3825 2374 3896 μάλα.
2407 3825 2481 3877 Τὸ
2509 3825 2588 3891 δὲ,
2629 3824 2804 3878 Αὐτοῦ
2836 3823 2986 3878 ἔσται
3015 3822 3174 3894 γυνὴ,
3203 3824 3270 3894 τῇ
3301 3822 3512 3894 ἱστορία
3552 3822 3688 3893 χρή-

2117 3933 2168 3969 σι
2175 3934 2297 3986 μον.

2185 4009 2392 4062 ΠΑΛΛ.
2446 4007 2675 4077 Συνίημι
2725 4008 2753 4059 6
2807 4008 2950 4077 φής’
2996 4005 3215 4069 διπλοῦς
3261 4005 3372 4074 γὰρ
3419 4005 3449 4057 6
3483 4003 3682 4074 νόμος·

2116 4098 2379 4169 σαρκικὸς
2414 4115 2474 4150 τε
2513 4098 2607 4151 καὶ
2630 4096 3020 4168 πνευματικός.

2184 4190 2346 4243 ΚΥΡ.
2388 4189 2666 4260 Ἐπιτὴρει
2703 4188 2778 4255 δὲ,
2814 4189 2962 4253 ὅπως
2998 4187 3119 4241 οὐδὲ
3158 4188 3186 4240 ό
3209 4187 3308 4257 τῆς
3336 4185 3566 4255 ἀρχαίας
3597 4185 3685 4236 ὲν-

2112 4280 2274 4351 τολῆς
2310 4280 2548 4350 ἠγνόησε
2581 4279 2758 4348 λόγος,
2791 4280 2929 4348 ὅπερ
2973 4277 3076 4348 ἔφη
3121 4278 3357 4349 Χριστὸς
3399 4275 3587 4345 ἀνδρός
3621 4289 3681 4325 τε

2115 4374 2240 4443 πέρι
2275 4372 2368 4425 καὶ
2393 4369 2650 4439 γυναικός
2675 4387 2688 4398 '
2745 4389 2762 4421 ι
2809 4373 2872 4422 Ὃ
2901 4364 2992 4422 οὖν
3028 4368 3157 4432 Θεὸς
3201 4365 3512 4430 συνέζευξεν
3537 4402 3551 4427 ,
3581 4364 3679 4417 ἀν·

2115 4461 2328 4532 θρωπος
2349 4460 2423 4532 μὴ
2447 4458 2746 4531 χωριζέτω.
2785 4476 2803 4508 ι
2831 4457 3004 4512 Αὑτοῦ
3021 4457 3128 4528 γὰρ
3152 4456 3291 4509 ἔστω
3306 4454 3462 4522 γυνὴ,
3495 4451 3680 4523 φησιν,

2114 4552 2230 4606 ἀνθ’
2271 4545 2344 4604 ὧν
2378 4551 2742 4604 ἐταπείνωσεν
2792 4549 2991 4618 αὐτήν·
3041 4549 3102 4600 οὐ
3149 4548 3436 4619 δυνήσεται
3486 4543 3682 4609 ἐξαπο-

2115 4642 2317 4695 στεῖλαι
2363 4641 2532 4710 αὐτὴν
2584 4640 2674 4694 τὸν
2723 4639 2937 4693 ἅπαντα
2991 4638 3201 4709 χρόνον.
3278 4637 3387 4692 Καὶ
3440 4636 3576 4705 πρός
3619 4650 3683 4702 γε

2113 4734 2323 4806 τούτῳ,
2357 4731 2569 4786 διανοοῦ
2622 4734 2721 4802 τῆς
2775 4730 3050 4797 πανάγνου
3104 4728 3443 4800 παρθενίας,
3489 4727 3682 4781 ὁπόσον

2116 4825 2232 4879 ἐστὶ
2263 4825 2324 4878 τὸ
2361 4826 2437 4887 ὡς
2479 4826 2536 4877 ὲν
2585 4823 2896 4893 αὐχήμασιν
2943 4821 3177 4892 ὑψηλόν·
3214 4821 3544 4874 ταπείνωσιν
3578 4819 3685 4889 γάρ

2113 4911 2219 4968 οἶδέ
2255 4932 2314 4967 τε
2341 4914 2435 4968 καὶ
2463 4912 2745 4982 ὀνομάζειν
2775 4911 2916 4977 ἀξιοῖ
2945 4913 3044 4980 τῆς
3077 4910 3431 4964 θεοπνεύστου
3465 4908 3684 4979 Γραφῆς

2111 5010 2140 5060 ὁ
2173 5007 2346 5076 λόγος,
2381 5007 2478 5076 τὴν
2526 5002 2995 5072 διαπαρθένευσιν,
3037 5005 3130 5057 καὶ
3165 5003 3325 5056 οἱονεὶ
3357 5002 3454 5071 τῆς
3489 4998 3680 5070 σεμνό·

2113 5111 2272 5165 τητος
2299 5094 2396 5163 τὴν
2430 5093 2710 5148 ἀπόθεσιν.

2186 5187 2392 5239 ΠΑΛΛ.
2436 5184 2640 5254 Ὀρθῶς
2671 5184 2829 5257 ἔφης.

2186 5278 2349 5330 ΚΥΡ.
2400 5278 2710 5347 Ἀποφήσας
2739 5278 2802 5346 δὴ
2842 5271 2934 5330 οὖν
2966 5277 3040 5338 ὡς
3070 5272 3299 5343 θεομισῆ
3333 5272 3426 5324 καὶ
3473 5268 3684 5322 ἀνόσιον

2115 5367 2329 5439 ἀληθῶς
2357 5368 2448 5420 τὸν
2476 5368 2584 5420 τῶν
2617 5368 2936 5438 ἑτεροδόξων
2965 5363 3323 5433 φενακισμὸν,
3354 5361 3448 5414 καὶ
3479 5357 3575 5430 τὴν
3603 5359 3680 5420 είς

2116 5460 2423 5530 φαυλότητα
2449 5459 2809 5531 παρατροπὴν
2837 5459 2946 5514 τῶν
2975 5454 3370 5526 παραφθείρειν
3414 5449 3682 5503 εἰωθότων

2113 5553 2238 5616 τοὺς
2267 5549 2576 5625 ὀρθοποδεῖν
2621 5551 2946 5622 ᾑρημένους,
2979 5549 3073 5603 καὶ
3111 5547 3208 5617 τὴν
3235 5545 3316 5614 ἐφ’
3345 5542 3382 5598 ἃ
3413 5540 3489 5613 μὴ
3520 5553 3684 5608 προσ-
