4138 6300
421 304 529 365 545

1101 302 1189 362 DE
1227 305 1664 362 ADORA'IIONE
1706 307 1771 364 IN
1813 307 2081 366 SPIRITU
2119 311 2208 368 ET
2246 315 2612 376 VERITATE.
2654 322 2781 378 LIB.
2825 324 2958 381 VIII.

3582 331 3684 388 546

433 423 573 492 ἧκεν
601 417 929 488 ἀπαγωγὴν,
965 414 1282 488 ἐπινενόηκέ
1312 438 1360 473 τι
1391 423 1485 476 καὶ
1531 423 1739 496 ἕτερον,
1771 425 1798 478 ὃ
1832 425 1895 495 δὴ
1920 441 1972 478 κς

2075 456 2084 484 ι
2118 436 2264 484 teros
2284 431 2351 485 ad
2382 432 2811 503 improbitatem,
2853 447 2907 492 et
2941 437 3008 494 ad
3062 455 3125 494 ea
3176 455 3297 510 quae
3334 457 3446 498 non
3477 459 3682 501 convc-

422 511 585 572 αὐτὸς
610 511 740 580 ἡμῖν
767 511 796 561 ὁ
825 507 1112 570 θεσπέσιος
1151 509 1363 574 Παῦλος
1414 513 1759 585 μαθημάτων
1784 515 2004 586 ἄριστον

422 603 675 661 ἐποιεῖτο,
716 598 922 667 λέγων·
965 617 982 650 ι
1026 598 1118 670 Μὴ
1160 599 1486 672 λογομαχεῖν
1521 607 1610 659 ἐπ’
1661 605 1834 657 οὐδενὶ
1866 621 2002 674 χρη-

370 673 380 690 ’
423 693 584 762 σίμῳ,
617 690 649 760 ἢ
685 691 779 742 ἐπὶ
810 694 1161 760 καταστροφῇ
1202 691 1310 745 τῶν
1340 695 1666 749 ἀκουόντων.
1719 715 1737 748 ι
1786 697 1852 748 Al
1890 673 2000 767 γὰρ

419 783 670 855 περιτταὶ
704 782 974 847 διαλέξεις
1002 821 1016 845 ,
1051 785 1144 837 καὶ
1189 784 1250 836 τὸ
1294 785 1596 854 φιλόνεικον
1631 788 1826 858 κομιδῇ
1869 789 2000 859 περὶ

415 875 678 946 ζητήσεις
700 913 716 939 ,
764 876 865 928 οὐκ
919 874 1228 941 ἀναγκαίας
1256 877 1488 945 γεννῶσι
1531 878 1746 949 μάχας,
1785 879 1878 932 καὶ
1909 880 1998 931 τὸν

413 965 523 1018 τῶν
550 964 916 1035 ἀκροωμένων
943 963 1208 1016 τύπτουσι
1235 964 1357 1018 νοῦν
1383 983 1395 995 ·
1434 967 1481 1019 οί
1512 967 1607 1036 μὲν
1636 967 1763 1037 γὰρ,
1786 967 1844 1034 ἐξ
1871 967 1998 1019 ἐλα-

418 1059 586 1129 φρίας
608 1098 623 1119 ,
651 1058 712 1109 τὸ
744 1056 822 1127 μὴ
852 1055 1028 1128 ὀρθῶς
1063 1055 1185 1126 ἔχον
1218 1073 1277 1108 τε
1313 1058 1408 1110 καὶ
1436 1060 1724 1128 εἰρημένον
1768 1059 1878 1113 ἔσθ’
1907 1060 1996 1113 ὅτε

417 1148 670 1220 προαλῶς
696 1164 755 1198 τε
782 1148 878 1200 καὶ
909 1146 1135 1217 ἀμαθῶς
1183 1148 1518 1218 είσδέχονταί
1547 1167 1604 1203 τε
1627 1155 1720 1204 καὶ
1755 1151 1995 1204 ἐπαινεῖν

418 1241 809 1304 σπουδάζουσιν
833 1254 846 1267 ’
879 1240 926 1291 ol
957 1239 1031 1304 δέ,
1063 1243 1174 1302 τοῖς
1200 1240 1445 1309 ἀρίστοις
1473 1243 1569 1312 τὴν
1598 1243 1791 1312 αἰσχίω
1816 1243 1993 1313 ψῆφον

425 1331 746 1399 ἐπάγοντες,
767 1330 875 1401 τὴν
905 1331 1024 1399 ἴσην
1049 1333 1157 1393 τοῖς
1177 1330 1359 1394 ἄλλοις
1385 1333 1800 1404 ὴρρωστηκότες
1828 1336 1994 1388 ἀπαι-

421 1423 662 1483 δευσίαν,
698 1423 874 1476 ἁλοῖεν
909 1422 1005 1476 ἄν’
1040 1421 1208 1489 ὀλίγοι
1239 1422 1296 1476 δὲ
1322 1424 1598 1487 παντελῶς
1624 1427 1673 1478 οί
1699 1427 1991 1498 διακρίνειν

413 1517 633 1577 εἰδότες,
663 1515 758 1567 καὶ
784 1513 876 1568 τοῦ
911 1513 1295 1568 κατασίνεσθαι
1339 1516 1642 1584 πεφυκότος
1669 1519 1990 1588 προτάττειν

415 1607 476 1660 τὸ
519 1605 780 1674 ὠφελοῦν.
831 1603 1086 1674 Ἀπληγα
1111 1605 1166 1658 δέ
1200 1605 1291 1658 τὸν
1331 1606 1458 1658 νοῦν
1499 1601 1643 1661 οῦτοι
1671 1609 1986 1679 διατηροῦσι

419 1697 570 1768 μόλις
612 1699 670 1750 ἐν
717 1698 836 1758 ταῖς
871 1695 978 1748 τῶν
1005 1695 1206 1766 ἐτέρων
1249 1696 1624 1768 λογομαχίαις.
1672 1699 1881 1752 Οὐκοῦν
1908 1700 1984 1764 ὡς

408 1762 560 1841 ἐσται
597 1788 657 1840 τὸ
703 1787 894 1858 χρῆμα
939 1791 1049 1852 τοῖς
1099 1762 1231 1858 δρᾷν
1261 1762 1533 1842 ἐθέλουσιν
1579 1790 1679 1844 οὐκ
1726 1762 1978 1862 ἀζήμιον,
2011 1762 2058 1821 Β

410 1879 779 1934 ὑπαινίττεται
804 1879 967 1931 πάλιν
985 1881 1114 1950 ἡμῖν
1135 1882 1163 1933 ό
1182 1879 1362 1950 νόμος,
1391 1881 1582 1950 λέγων’
1602 1901 1621 1934 ι
1645 1882 1768 1936 Ἐὰν
1795 1883 1852 1935 δέ
1881 1885 1983 1954 μά-

404 1983 606 2038 χωνται
644 1965 737 2018 δύο
766 1965 978 2036 ἄνδρες,
1011 1966 1104 2019 καὶ
1134 1965 1413 2031 πατάξωσι
1435 1971 1669 2036 γυναῖκα
1692 1969 1750 2022 ἐν
1781 1968 1980 2040 γαστρὶ

403 2057 655 2126 ἔχουσαν,
692 2057 786 2109 καὶ
821 2055 1012 2128 ἐξέλθῃ
1043 2057 1104 2110 τὸ
1145 2055 1358 2110 παιδίον
1411 2059 1582 2129 αὐτῆς
1616 2060 1691 2131 μὴ
1729 2061 1980 2126 ἐξεικονι-

407 2147 623 2218 σμένον,
657 2147 946 2218 ἐπιζήμιον
973 2147 1402 2220 ζημιωθήσεται,
1435 2150 1624 2204 καθότι
1648 2151 1712 2204 ἂν
1747 2153 1979 2225 ἐπιὸάλῃ

401 2241 430 2290 ὁ
473 2238 614 2309 ἀνὴρ
663 2238 761 2309 τῆς
795 2238 1051 2306 γυναικὸς
1075 2278 1090 2302 ,
1135 2241 1230 2294 καί⁸
1269 2239 1431 2294 δώσει
1467 2241 1606 2312 μετὰ
1646 2243 1974 2314 ἀξιώματος.

416 2331 540 2383 Ἐάν
564 2331 620 2383 δὲ
650 2329 1080 2400 ἐξεικονισμένον
1102 2329 1158 2405 ᾖ,
1188 2331 1346 2385 δώσει
1371 2333 1548 2405 ψυχὴν
1574 2335 1693 2388 ἀντὶ
1723 2336 1918 2407 ψυχῆς.
1951 2356 1970 2390 ι

400 2426 570 2493 Λόγος
603 2426 700 2496 μὲν
724 2420 848 2491 οῦν,
881 2427 938 2478 ἐν
971 2428 1158 2498 μήτρᾳ
1194 2427 1254 2479 τὸ
1284 2427 1542 2500 ἔμϐρυον,
1579 2429 1976 2500 ἀνθρωποειδές

399 2517 632 2587 δρᾶσθαι
669 2517 856 2587 μόλις,
897 2520 991 2571 καὶ
1027 2520 1108 2581 είς
1145 2519 1314 2573 τύπον
1347 2519 1484 2573 ίέναι
1528 2521 1623 2574 τοῦ
1672 2523 1794 2575 καθ’
1829 2525 1975 2594 ἡμᾶς

406 2607 660 2678 σώματος
691 2609 840 2672 τότε,
884 2611 970 2662 ὅτε
1013 2611 1105 2664 καὶ
1139 2611 1371 2683 ἀριθμὸς
1411 2615 1497 2666 ἐπ’
1526 2613 1674 2684 αὑτῷ
1706 2633 1974 2688 τεσσαρα-

406 2700 603 2769 κοστῆς
619 2701 828 2771 ἡμέρας
848 2701 1272 2773 διαπεραίνεται.
1306 2703 1572 2778 Ταύτῃτοί
1613 2723 1746 2775 φασι
1771 2708 1971 2762 Μωσέα

408 2791 512 2864 μὲν
539 2793 628 2844 τὸν
660 2794 989 2865 πανάριστον
1011 2794 1077 2848 ἐκ
1101 2794 1200 2864 τῆς
1229 2796 1286 2848 ἐν
1310 2795 1574 2866 Αἰγύπτῳ
1601 2797 1810 2865 πλάνης
1834 2801 1971 2852 οίον-

401 2882 452 2935 εί
484 2900 601 2946 πως
631 2883 956 2938 άνωδίνοντά
988 2902 1046 2938 τε
1070 2886 1162 2938 κα¹ι
1188 2887 1606 2956 ἀναμορφοῦντα
1625 2887 1715 2942 τὸν
1754 2889 1970 2961 Ἰσραὴλ

399 2975 479 3038 είς
510 2974 609 3044 τὴν
638 2975 696 3029 ἐν
725 2975 875 3047 νόμῳ
900 2975 1066 3046 ζωὴν,
1095 2978 1278 3030 σιτίων
1315 2977 1614 3048 ἀπέχεσθαι
1639 2981 1732 3033 καὶ
1757 2980 1934 3034 ποτῶν
1953 2999 1966 3013 ο

403 3085 422 3119 ι
473 3069 668 3138 ’Λρτον
697 3067 826 3139 γάρ,
875 3069 1059 3138 φησὶν,
1112 3070 1210 3122 οὐκ
1253 3069 1474 3139 ἔφαγον,
1527 3071 1620 3124 καὶ
1674 3070 1817 3142 ὕδωρ
1869 3072 1970 3127 οὐκ

396 3161 549 3215 ἔπιον
577 3163 989 3234 τεσσαράκοντα
1019 3163 1252 3234 ἡμέρας.
1291 3183 1310 3215 ι
1347 3165 1456 3218 Καὶ
1499 3166 1580 3228 είς
1611 3167 1755 3236 ἡμᾶς
1782 3166 1838 3219 δέ
1872 3167 1970 3220 αύ-

394 3253 556 3316 τοὺς,
595 3253 966 3323 ύποτοπητέον
1013 3253 1208 3324 δράσαι
1257 3271 1315 3306 τε
1350 3253 1501 3307 τοῦτο
1539 3256 1634 3308 καὶ
1683 3256 1968 3326 ὑπομεῖναι

395 3343 646 3414 Χριστόν.
690 3344 1089 3415 Ἀνεμορφοῦτο
1121 3344 1227 3415 γάρ
1261 3345 1318 3398 ἐν
1344 3343 1491 3415 αύτῷ
1531 3345 1665 3416 πρὸς
1696 3347 1968 3417 ἁγιασμόν

391 3434 458 3488 δι’
508 3436 839 3506 ἐγκρατείας
887 3437 920 3507 ή
958 3436 1154 3506 φύσις,
1203 3435 1264 3500 ἐξ
1304 3437 1580 3507 ἀκρατοῦς
1635 3439 1867 3508 ὀρέξεως
1909 3441 1968 3492 ἐν

393 3529 590 3596 ἀρχαῖς
642 3529 702 3580 ἐν
734 3527 812 3593 τῷ
858 3528 1270 3599 πρωτοπλάστῳ
1305 3529 1398 3582 τὸν
1428 3531 1508 3592 είς
1553 3530 1831 3600 ἁμαρτίαν
1875 3530 1966 3584 κο.)⁸

394 3616 707 3685 παράϐασιν
742 3618 1140 3688 ἀῤῥωστήσασα
1177 3618 1470 3689 μολυσμόν.
1506 3620 1675 3672 Ταυτὶ
1702 3621 1799 3690 μὲν
1820 3623 1966 3692 ἡμᾶς

390 3710 492 3762 ούκ
519 3709 780 3762 ἀπίθανον
821 3711 1021 3762 ἐννοεῖν
1047 3726 1061 3740 ο
1109 3709 1266 3780 πλὴν,
1302 3711 1448 3774 ὅπως
1480 3711 1598 3764 ποτ’
1636 3711 1702 3765 ἂν
1732 3711 1842 3782 ἔχοι
1867 3714 1966 3780 τῆς

392 3800 634 3870 ἱστορίας
662 3803 690 3853 ό
720 3801 897 3870 λόγος,
922 3802 1204 3873 παρείσθω
1235 3803 1387 3856 νυνί·
1420 3803 1536 3866 πῶς
1567 3804 1611 3858 δ’
1633 3803 1700 3858 ἂν
1723 3805 1962 3858 νοεῖσθαι

390 3889 624 3962 πρέποι,
651 3893 713 3945 τὸ
739 3897 973 3961 γυναῖκα
1008 3893 1341 3964 πλήττεσθαι
1376 3896 1474 3964 τὴν
1504 3897 1561 3948 ἐν
1585 3896 1782 3967 γαστρὶ
1817 3897 1963 3966 ἔχου·

392 3997 512 4048 σαν,
548 3983 684 4054 πρὸς
717 3983 825 4036 τῶν
864 3983 1131 4037 είωθότων
1153 3984 1503 4054 λογομαχεῖν,
1539 3985 1671 4056 φέρε
1703 3986 1792 4057 δὴ,
1825 3987 1958 4057 φέρε

388 4072 840 4144 διασκεπτώμεθα
860 4093 872 4105 ·
908 4075 969 4127 τὸ
989 4076 1098 4146 γάρ
1122 4093 1202 4128 τοι
1224 4075 1345 4129 λίαν
1373 4076 1716 4146 ίσχνομυθεῖν
1735 4076 1791 4128 ἕν
1812 4094 1873 4145 γε
1895 4077 1958 4148 δὴ

387 4160 631 4226 τούτοις,
670 4163 772 4215 οὐκ
816 4162 1072 4232 ἀτερπές.
1121 4161 1330 4216 Οὐκοῦν
1378 4163 1589 4233 καρπὸς
1634 4161 1699 4216 ἂν
1748 4163 1834 4232 εἴη
1865 4165 1956 4216 καὶ

388 4250 575 4322 κύημα
607 4251 719 4315 νοῦ,
758 4253 939 4315 πίστις
972 4255 1005 4322 ἡ
1046 4253 1124 4316 είς
1157 4253 1410 4323 Χριστὸν,
1439 4255 1505 4306 δι’
1535 4253 1778 4317 ἐντελοῦς
1813 4256 1958 4324 ἡμᾶς

388 4340 637 4408 γνώσεως
688 4343 1105 4396 ἀναπλάττουσα
1151 4345 1285 4414 πρὸς
1322 4345 1520 4410 αὑτὸν,
1572 4347 1664 4398 καὶ
1707 4347 1787 4408 εἰς
1817 4346 1957 4399 θεῖον

2107 521 2267 575 niunt
2306 524 2636 591 abducendi,
2667 529 3066 598 prohibuisset,
3099 533 3247 586 aliud
3277 534 3539 603 quiddam
3581 553 3680 592 ex-

2105 615 2384 683 cogitavit,
2413 617 2560 685 quod
2587 618 2764 688 ipsum
2801 619 2997 676 beatus
3044 638 3264 692 quoque
3299 625 3519 691 Paulus,
3556 638 3679 689 tan-

2102 720 2266 774 quam
2326 707 2588 775 optimam
2647 709 2808 763 nobis
2862 710 3210 780 disciplinam
3259 714 3516 769 tradidit:
3561 717 3679 772 «Ne

2100 811 2405 866 pugnemus
2433 798 2638 864 verbis,
2675 815 2797 868 qua:
2838 800 2907 854 ad
2938 801 3176 856 nihilum
3211 803 3414 869 valent,
3454 806 3561 860 nisi
3608 806 3677 861 ad

2098 886 2518 941 subversionem
2579 889 2925 944 audientium
2963 893 3073 945 ⁷⁸.»
3128 893 3264 946 Nam
3323 910 3677 964 supervacua:

2098 976 2204 1030 illa:
2231 977 2654 1046 disputationes,
2689 986 2746 1034 et
2793 982 2962 1036 nimia
3023 982 3169 1036 circa
3203 985 3538 1052 quaestiones
3567 988 3674 1039 mi-

2097 1067 2242 1122 nimc
2261 1069 2599 1123 necessarias
2624 1072 2927 1137 contentio,
2955 1083 3227 1143 generant
3243 1091 3473 1144 pugnas,
3499 1087 3556 1130 et
3580 1093 3677 1130 auo

2094 1157 2363 1212 dientium
2398 1160 2610 1216 animos
2660 1161 2904 1217 feriunt:
2942 1179 2972 1218 e
3007 1165 3212 1234 quibus
3250 1167 3500 1220 nonnulli
3552 1169 3676 1237 qui.

2093 1247 2216 1302 dem
2249 1264 2316 1302 ex
2345 1248 2586 1315 levitate,
2631 1251 2777 1320 quod
2823 1267 3004 1322 neque
3064 1263 3213 1310 recte
3273 1255 3462 1321 habet,
3491 1273 3672 1326 neque

2092 1339 2302 1394 dictum
2333 1351 2436 1406 est,
2468 1349 2673 1397 temere
2713 1351 2769 1398 et
2821 1344 3018 1400 inscite
3069 1361 3466 1415 nonnunquam
3517 1351 3669 1403 excio

2091 1421 2266 1501 piunt,
2292 1441 2348 1487 et
2373 1433 2630 1488 laudibus
2665 1436 2902 1490 tollunt:
2955 1437 3046 1491 alii
3080 1454 3273 1492 rursus
3325 1440 3394 1494 de
3447 1442 3670 1509 optimis

2089 1524 2224 1579 viris
2249 1531 2406 1595 turpe
2441 1525 2711 1595 judicium
2740 1527 3027 1595 facientes,
3084 1529 3299 1595 eadem,
3337 1547 3444 1601 qua
3476 1534 3664 1602 primi,

2091 1612 2308 1668 inscitia
2375 1614 2630 1671 laborare
2669 1617 3206 1687 deprehenduntur:
3260 1623 3419 1690 pauci
3479 1632 3664 1677 autem

2087 1703 2380 1758 admodum
2406 1705 2675 1774 judicare,
2705 1715 2761 1762 et
2791 1708 2958 1764 rebus
2989 1711 3169 1766 noxiis
3217 1713 3371 1766 utilia
3407 1713 3666 1782 praeferre

2088 1795 2306 1860 sciunt,
2364 1797 2566 1867 vixque
2595 1799 2632 1852 ii
2683 1799 2952 1855 duntaxat
2999 1802 3055 1856 in
3109 1805 3342 1858 aliorum
3376 1806 3662 1861 hominum

2088 1885 2383 1939 verborum
2429 1888 2627 1957 pugnis
2666 1888 3073 1946 invulneratum
3121 1895 3366 1948 animum
3416 1907 3658 1952 servant.

2088 1976 2276 2047 Itaque
2314 1977 2369 2032 id
2396 1977 2730 2035 facientibus
2766 1996 2876 2037 non
2918 1982 3250 2052 impunitum
3287 1986 3404 2042 fore
3453 1988 3662 2043 indicat

2087 2083 2306 2122 rursum
2337 2068 2443 2133 lex,
2475 2084 2601 2124 cum
2627 2069 2794 2125 dicit:
2843 2091 2860 2124 ι
2889 2071 2945 2128 Si
2971 2089 3104 2128 vero
3143 2075 3254 2130 duo
3284 2077 3388 2132 viri
3415 2094 3662 2148 pugnan—

2087 2167 2170 2214 tes
2223 2160 2597 2229 percusserint
2650 2163 2942 2219 mulierem
3001 2166 3056 2221 in
3127 2175 3287 2222 utero
3340 2169 3656 2234 habentem,

2085 2251 2250 2320 260
2302 2259 2357 2306 et
2401 2253 2600 2308 exierit
2653 2255 2831 2310 infans
2867 2258 3005 2326 ejus,
3065 2259 3310 2312 nondum
3368 2259 3654 2325 formatus,

2083 2346 2254 2398 multa
2281 2345 2622 2413 multabitur,
2670 2357 2936 2418 quantum
2984 2347 3244 2403 indixerit
3291 2350 3374 2404 vir
3411 2352 3658 2406 mulieris

2075 2421 2251 2509 illius,
2278 2445 2333 2490 et
2351 2435 2504 2490 dabit
2534 2453 2659 2492 cum
2683 2438 3088 2507 postulatione;
3123 2441 3208 2494 sin
3230 2441 3499 2498 formatus
3533 2444 3655 2498 fue-

2081 2528 2172 2592 rit,
2197 2529 2349 2583 dabit
2393 2529 2632 2583 animam
2691 2546 2794 2600 pro
2829 2532 3012 2586 anima
3059 2533 3124 2586 3°.
3155 2552 3173 2583 ι
3224 2533 3430 2588 Ferunt
3489 2535 3656 2604 igitur

2080 2617 2252 2674 fetum
2281 2621 2335 2675 in
2370 2631 2532 2676 utero
2549 2623 2640 2678 vix
2670 2623 2893 2678 tandem
2950 2623 3018 2678 ad
3079 2625 3377 2679 humanam
3414 2628 3652 2696 speciem

2078 2710 2315 2767 eﬁictum
2350 2713 2548 2780 videri,
2582 2723 2640 2769 et
2669 2715 2738 2770 ad
2785 2714 3013 2785 ﬁguram
3055 2715 3229 2770 nostri
3268 2717 3521 2785 corporis
3550 2733 3644 2770 ac-

2078 2802 2293 2867 cedere,
2316 2819 2550 2858 numero
2582 2803 2944 2874 quadraginta
2972 2803 3188 2858 dierum
3224 2804 3440 2872 expleto
3498 2805 3650 2858 ideo-

2076 2907 2183 2960 que
2221 2892 2376 2946 aiunt
2416 2893 2656 2965 Moysen,
2683 2894 2864 2948 virum
2917 2895 3208 2964 Optimum,
3261 2909 3385 2948 cum
3438 2895 3651 2950 lsraelis

2077 2979 2340 3049 populum
2367 2997 2434 3034 ex
2470 2982 2562 3035 illo
2585 2980 2802 3052 [Egypti
2833 2996 3022 3035 errore
3049 2981 3118 3034 ad
3147 2981 3314 3034 vitam
3345 2979 3648 3033 secundum

2076 3071 2249 3141 legem
2275 3071 2583 3126 ducendam
2641 3073 2843 3127 iterum
2901 3070 3305 3142 quodammodo
3350 3073 3650 3141 parturirct

2073 3180 2136 3219 ac
2168 3165 2512 3229 reformaret,
2550 3164 2677 3220 cibo
2705 3171 2761 3219 et
2811 3172 2945 3233 potu
2988 3163 3322 3218 abstinuisse
3353 3179 3365 3214 :
3401 3182 3417 3213 ι
3443 3164 3646 3217 Panem

2071 3257 2240 3320 enim,
2265 3255 2461 3326 inquit,
2495 3271 2609 3310 non
2635 3254 2871 3320 comedi,
2891 3263 2949 3309 et
2974 3269 3176 3324 aquam
3213 3269 3324 3309 non
3372 3253 3488 3308 bibi
3513 3271 3646 3324 qua-

2069 3349 2321 3420 draginta
2377 3349 2575 3404 diebus
2618 3349 2684 3402 ⁸¹.
2724 3369 2742 3398 ι
2807 3347 2956 3403 Idem
2999 3362 3217 3417 quoque
3268 3356 3493 3418 propter
3547 3363 3648 3401 nos

2069 3440 2217 3510 ipsos
2267 3441 2691 3496 existimandum
2747 3447 2832 3495 est
2886 3449 2941 3495 et
2990 3439 3206 3504 fecisse,
3235 3449 3292 3494 et
3353 3439 3645 3508 pertulisse

2066 3528 2381 3584 Christum:
2407 3528 2814 3584 reformabatur
2837 3529 2985 3583 enim
3017 3531 3075 3582 in
3107 3543 3174 3582 eo
3223 3526 3291 3582 ad
3329 3527 3644 3582 sanctiﬁca-

2068 3621 2272 3676 tionem
2305 3637 2403 3690 per
2421 3620 2838 3690 temperantiam
2896 3627 3084 3674 nostra
3141 3628 3359 3683 natura,
3403 3635 3526 3689 qua:
3574 3619 3644 3672 ab

2067 3707 2224 3761 initio
2248 3707 2301 3759 in
2335 3707 2558 3762 homine
2586 3709 2824 3777 primum
2856 3707 3111 3773 formato,
3131 3723 3230 3776 per
3273 3707 3640 3777 intemperan-

2067 3805 2177 3854 tem
2211 3797 2538 3868 appetitum,
2569 3800 2782 3869 peccati
2815 3799 3377 3869 transgressionisquc
3429 3799 3640 3855 macula

2063 3893 2246 3947 fuerat
2267 3893 2570 3962 inquinata.
2596 3892 2776 3962 Atque
2827 3890 2945 3947 haec
2974 3906 3006 3945 a
3048 3890 3208 3944 nobis
3249 3890 3474 3961 quidem
3529 3907 3639 3946 non

2063 3986 2506 4057 improhabiliter
2549 3985 2982 4056 excogitantur:
3038 3991 3242 4048 tamen,
3307 3999 3639 4054 quocunque

2063 4079 2226 4132 modo
2260 4092 2318 4132 se
2349 4077 2550 4131 habeat
2579 4076 2823 4131 historia:
2859 4075 3020 4138 ratio,
3079 4073 3146 4128 ad
3196 4089 3439 4144 prtesens
3471 4075 3635 4128 omit-

2063 4179 2236 4224 tatur:
2277 4168 2551 4238 quomodo
2605 4175 2790 4221 autem
2837 4164 3069 4233 intelligi
3121 4165 3414 4218 conveniat
3474 4163 3632 4224 illud,

2060 4259 2349 4314 mulierem
2403 4259 2459 4312 in
2502 4267 2661 4312 utero
2709 4255 3004 4309 habentem
3061 4253 3128 4306 ab
3163 4253 3229 4306 iis
3282 4253 3377 4321 qui
3423 4267 3635 4322 pugnas

2059 4349 2359 4403 verborum
2392 4361 2650 4401 exercere
2674 4341 3355 4410 consueverunt,percuti,
3383 4356 3478 4410 age
3519 4343 3631 4411 jam

385 4431 756 4503 διαμορφοῦσα
791 4433 988 4487 τύπον·
1023 4434 1119 4487 καὶ
1157 4435 1286 4502 γοῦν
1315 4436 1365 4487 οἱ
1413 4436 1835 4500 πεπιστευκότες
1867 4437 1954 4490 διά

2075 4437 2496 4493 :onsideremus:
2524 4449 2649 4488 nam
2711 4432 2987 4487 subtiliter
3024 4431 3318 4486 admodum
3352 4431 3630 4486 disserere

387 4526 566 4591 φωνῆς
610 4523 854 4590 Ἡσαΐου,
880 4524 1059 4587 τοῦτο,
1092 4521 1245 4596 οἶμαί
1271 4542 1400 4591 που,
1435 4528 1954 4597 κατασημαίνοντες,

385 4608 444 4666 εὖ
480 4614 623 4684 μάλα
655 4615 1101 4687 κατακεκράγασι
1127 4633 1141 4648 ’
1180 4635 1198 4668 ι
1238 4616 1336 4669 Διὰ
1368 4618 1459 4670 τὸν
1491 4618 1653 4686 φόϐον
1688 4635 1781 4672 σου
1801 4661 1815 4682 ,
1846 4620 1958 4672 Κύ-

388 4721 509 4775 ριε,
546 4707 602 4758 ἐν
655 4707 850 4778 γαστρὶ
904 4707 1169 4779 ἐλάϐομεν
1197 4749 1211 4771 ,
1265 4710 1357 4762 καὶ
1429 4708 1814 4780 ὠδινήσαμεν,
1863 4711 1957 4763 καὶ

384 4795 670 4866 έτέκομεν,
721 4798 938 4868 πνεῦμα
993 4799 1267 4871 σωτηρίας
1320 4816 1414 4852 σου
1471 4801 1810 4871 ἐποιήσαμεν
1861 4803 1954 4854 ἐπὶ

381 4883 480 4954 τῆς
506 4885 631 4955 γῆς.
666 4905 684 4938 ι
720 4887 928 4942 Οὐκοῦν
959 4891 1170 4961 καρπὸς
1196 4890 1263 4944 ἂν
1291 4891 1377 4962 εῖη
1400 4893 1494 4944 καὶ
1535 4891 1724 4962 κύημα
1763 4891 1853 4945 νοῦ
1890 4892 1950 4946 τὸ

381 4976 752 5046 πνευματικὸν
784 4980 878 5032 καὶ
911 4983 1199 5053 σωτήριον,
1243 4984 1422 5046 πίστις
1451 4985 1484 5054 ή
1511 4984 1592 5045 εἰς
1629 4984 1881 5054 Χριστὸν,
1914 4985 1947 5053 ἥ

382 5068 476 5118 καὶ
522 5068 651 5130 τοὺς
719 5068 896 5134 θείους
947 5073 1080 5142 ἡμῖν
1137 5074 1492 5145 χαρακτῆρας
1538 5075 1942 5145 ἐνσημαίνεται.

379 5154 504 5217 Τοῖς
543 5157 676 5224 γοῦν
727 5159 791 5211 ἐκ
829 5158 1161 5231 τελεωτέρας
1203 5160 1455 5229 γνώσεως
1517 5165 1946 5234 μετερῤυηκόσιν

377 5247 606 5315 ἀμαθῶς
630 5249 711 5312 είς
751 5251 850 5320 τὴν
893 5252 1032 5320 μείω
1059 5269 1118 5304 τε
1155 5253 1250 5305 καὶ
1280 5254 1640 5324 άτελεστέραν
1665 5296 1679 5320 ,
1713 5256 1948 5310 Γαλάται

377 5337 433 5389 δὲ
486 5333 634 5392 οὗτοι
660 5379 677 5403 ,
713 5341 1052 5411 προσεφώνει
1101 5342 1272 5410 λέγων
1311 5345 1338 5396 ὁ
1368 5345 1648 5408 θεσπέσιος
1696 5347 1905 5412 Παῦλος
1933 5363 1945 5376 ⁸

383 5444 402 5475 ι
453 5429 654 5484 Τεκνία
687 5449 812 5502 μου,
838 5433 932 5497 οὓς
958 5435 1117 5489 πάλιν
1151 5435 1323 5488 ὠδίνω
1346 5476 1361 5499 ,
1393 5437 1549 5508 ἄχρις
1588 5433 1648 5492 οὗ
1684 5441 1945 5511 μορφωθῇ

377 5517 614 5583 Χριστὸς
647 5522 706 5576 ἐν
731 5522 882 5593 ὑμῖν.
922 5541 939 5575 ι
988 5521 1367 5594 Ἐναρξάμενοι
1393 5525 1500 5595 γάρ
1544 5527 1831 5597 πνεύματι,
1852 5528 1948 5598 τὴν

2063 4527 2119 4581 in
2143 4526 2229 4580 his
2257 4534 2407 4580 certe
2432 4524 2618 4587 rebus,
2655 4537 2763 4576 non
2791 4522 3148 4592 injucundum
3182 4531 3284 4576 est.
3321 4521 3418 4576 Est
3467 4523 3632 4593 igitur

2067 4612 2281 4666 [ructus
2310 4626 2376 4666 ac
2423 4611 2573 4665 fetus
2607 4610 2828 4673 mentis,
2861 4609 2997 4664 ﬁdes
3047 4610 3101 4664 in
3159 4609 3460 4676 Christum,
3508 4628 3630 4681 quae

2061 4717 2165 4756 nos
2214 4700 2459 4771 perfecta
2509 4698 2822 4769 cognitione
2875 4697 2944 4752 ad
3007 4698 3155 4753 illius
3211 4700 3627 4756 similitudinem

2058 4793 2284 4863 efﬁngit,
2312 4800 2368 4846 et
2393 4792 2461 4846 ad
2492 4789 2718 4861 ﬁguram
2773 4789 3013 4843 divinam
3071 4791 3360 4846 reformat:
3397 4793 3629 4864 ideoque

2061 4881 2251 4936 ﬁdeles
2277 4895 2376 4951 per
2419 4879 2572 4934 Isaiae
2625 4893 2813 4933 vocem
2857 4878 2982 4944 hoc,
3010 4888 3071 4934 ut
3098 4881 3314 4950 opinor,
3364 4883 3521 4953 plane
3549 4884 3628 4939 si-

2057 4970 2397 5042 gniﬁcantes,
2423 4971 2692 5024 clamant:
2727 4987 2743 5020 ι
2768 4969 2996 5039 Propter
3036 4971 3292 5025 timorem
3321 4980 3495 5035 tuum,
3524 4971 3628 5026 Do-

2058 5063 2228 5126 mine,
2257 5062 2312 5115 in
2369 5069 2560 5115 ventre
2615 5063 2954 5132 accepimus,
3004 5070 3060 5116 et
3111 5061 3623 5131 parturivimus,et

2053 5155 2374 5225 peperimus
2414 5152 2666 5224 spiritum
2719 5153 2910 5209 salutis
2971 5163 3096 5219 tuaz,
3133 5169 3254 5223 quae
3304 5153 3535 5206 fecimus
3567 5153 3622 5207 in

2056 5256 2208 5302 terra
2237 5248 2302 5301 ⁸³.
2331 5266 2349 5298 ι
2391 5247 2622 5301 Fructus
2654 5246 2819 5316 igitur
2852 5246 3056 5300 mentis
3089 5261 3152 5298 ac
3189 5245 3332 5298 fctus
3357 5245 3616 5313 spiritua-

2050 5340 2120 5397 lis
2149 5350 2312 5410 atque
2342 5339 2598 5395 salutaris
2623 5349 2706 5394 est
2737 5339 2870 5394 ﬁdes
2895 5339 2949 5392 in
2978 5337 3280 5400 Christum,
3335 5353 3454 5405 qua:
3484 5337 3621 5391 divi-

2052 5447 2151 5486 nos
2184 5447 2402 5501 quoque
2425 5432 2480 5485 in
2509 5432 2669 5486 nobis
2699 5432 3041 5485 characteres
3099 5430 3380 5499 imprimit.
3434 5429 3618 5500 Itaque

2050 5539 2147 5580 eos
2168 5529 2315 5576 certe
2343 5521 2436 5590 qui
2477 5537 2507 5575 e
2537 5520 2848 5590 perfectiori
2903 5519 3214 5590 cognitione
3239 5519 3304 5574 ad
3347 5520 3617 5576 minorem

439 5705 556 5779 "JI
584 5706 726 5761 Tim.
748 5722 807 5772 ιι,
835 5707 920 5762 14.
983 5708 1028 5740 ⁸⁸
1054 5707 1225 5762 Exod.
1259 5725 1365 5772 χχι,
1394 5709 1480 5775 29,
1515 5712 1602 5766 95.
1662 5713 1700 5745 ⁸¹
1737 5714 1892 5767 Deut.
1925 5729 1972 5765 ix

2085 5715 2134 5770 8.
2200 5713 2241 5743 ’τ’
2283 5713 2381 5765 Isa.
2413 5728 2553 5773 xxvi,
2580 5711 2663 5764 18.
