4138 6300
587 322 691 378 547

1577 312 1633 368 S.
1673 311 1948 368 CYRILLI
1987 305 2456 365 ALEXANDRINI
2494 303 2811 360 ARCHIEP.

3753 312 3852 370 513

587 441 645 487 et
697 428 1161 501 imperfectiorem
1208 426 1374 480 stulte
1428 424 1774 480 deduxerant
1815 421 2042 494 (Galatae
2101 418 2157 472 bi

2270 415 2405 471 κατὰ
2434 415 2612 486 σάρκα
2645 413 2922 467 τελείωσιν
2950 410 3304 482 ἐπετήδευον,
3334 415 3417 478 είς
3447 415 3547 489 τὴν
3567 415 3670 471 τοῦ
3697 420 3853 492 νόμου

587 523 792 590 erant),
831 519 1218 592 alloquebatur
1234 517 1434 572 beatus
1458 516 1684 581 Paulus,
1735 514 1930 567 dicens
1959 530 1969 563 :
2022 529 2039 560 ι
2068 508 2160 562 Fi-

590 614 702 668 lioli
749 612 890 676 mei,
946 625 1088 680 quos
1153 609 1355 662 iterum
1415 603 1686 675 partur'to,
1740 601 1918 656 donec
1959 599 2161 653 forme-

591 718 681 763 tur
703 707 957 763 Christus
995 705 1050 759 in
1106 704 1264 758 vobis
1322 703 1388 756 ⁸³.
1421 722 1437 753 ι
1491 700 1630 756 Cum
1675 699 1824 753 enim
1872 697 2166 767 coepissent

589 795 810 867 spiritu,
836 794 1018 848 carnis
1041 792 1438 862 perfectionem
1467 789 1536 844 ad
1558 790 1787 859 legalem
1816 787 2025 842 cultum
2059 795 2167 840 tra-

589 884 762 949 ducti,
789 883 1160 945 sectabantur,
1181 879 1252 934 ob
1282 894 1513 948 eamque
1528 892 1747 932 causam
1772 874 2081 930 elIiciebant
2108 885 2170 927 ut

591 977 649 1031 in
681 974 880 1044 seipsis
905 973 998 1028 illa
1025 972 1232 1027 Christi
1265 970 1524 1025 formatio
1564 969 1632 1023 ad
1660 967 1827 1022 ﬁnem
1879 965 2169 1037 perfectio-

590 1082 828 1136 nemque
853 1065 1080 1118 minime
1108 1062 1446 1134 perveniret,
1477 1061 1684 1116 bonum
1738 1058 1874 1113 illud
1915 1057 2062 1128 quod
2111 1057 2169 1110 in

593 1158 728 1228 ipsis
752 1165 1012 1227 tanquam
1044 1156 1101 1209 in
1157 1161 1316 1209 utero
1344 1153 1586 1224 positum
1635 1159 1774 1216 erat,
1809 1151 1960 1206 velut
1999 1151 2168 1205 abor-

591 1249 812 1302 tientes.
842 1246 1016 1316 igitur
1050 1244 1141 1298 illa
1183 1243 1516 1314 cognitionis
1568 1240 1853 1312 perfectio,
1907 1247 1964 1294 et
2010 1240 2166 1310 261

592 1337 878 1407 integritas
913 1334 1060 1400 fidei,
1106 1333 1408 1388 Salvatoris
1463 1333 1639 1387 nostri
1693 1331 2076 1385 formationem
2114 1331 2170 1385 in

587 1437 807 1481 nostros
835 1424 1083 1478 omnium
1107 1425 1322 1478 animos
1377 1421 1621 1487 inducet,
1651 1436 1826 1490 eaque
1871 1435 1960 1475 res
2011 1420 2171 1474 nobis

589 1519 765 1572 instar
797 1516 969 1571 divini
1019 1515 1305 1585 cujusdam
1354 1513 1582 1568 seminis
1606 1499 1756 1567 'erit.
1803 1512 1944 1568 Cum
2003 1512 2171 1582 igitur

586 1608 952 1679 quorumdam
1027 1607 1324 1661 verborum
1391 1605 1842 1660 contentionibus
1920 1602 2170 1658 nonnulli

2265 505 2521 576 λατρείαν
2562 501 3050 574 μετενηνεγμένον
3094 501 3361 574 ταύτῃτοι
3421 505 3517 558 καὶ
3566 507 3856 580 ἀτελεσφό-

2269 613 2431 668 ρητον
2453 598 2511 651 ὲν
2543 596 2755 656 ἑαυτοῖς
2790 593 2889 664 τὴν
2912 593 3009 646 τοῦ
3055 593 3300 663 Χριστοῦ
3337 597 3636 668 μόρφωσιν
3664 601 3854 657 ἀπετέ-

2265 691 2412 754 λουν,
2461 687 2624 742 οίονεί
2657 702 2774 749 πως
2819 684 3304 755 ἁπαμὸλίσκοντες
3349 689 3411 742 τὸ
3452 689 3510 744 ἔν
3562 709 3638 760 γε
3681 695 3855 764 σφίσιν

2266 783 2448 845 αὐτοῖς
2476 781 2551 844 ὡς
2595 781 2652 833 ἐν
2705 775 2860 848 νηδύϊ
2905 777 3161 848 κείμενον
3189 779 3417 847 ἀγαθόν.
3465 782 3684 838 Οὐκοῦν
3711 787 3769 839 τὸ
3801 789 3854 841 έν

2265 869 2466 939 γνώσει
2505 868 2711 921 τέλειον
2763 866 2857 919 καὶ
2915 865 2975 919 τὸ
3025 868 3333 938 ἀκραιφνὲς
3377 875 3460 936 είς
3506 874 3712 939 πίστιν,
3762 877 3848 930 τοῦ

2267 960 2518 1030 Σωτῆρος
2544 959 2644 1030 τὴν
2669 958 2950 1028 μόρφωσιν
2973 962 3092 1022 ταῖς
3121 961 3380 1017 ἁπάντων
3406 965 3569 1035 ἡμῶν
3588 968 3848 1022 εἰσοικιείρ

2266 1066 2358 1102 ται
2394 1049 2618 1120 ψυχαῖς,
2666 1047 2960 1101 καὶτοῦτο
3011 1049 3070 1102 έν
3111 1052 3246 1122 ἡμῖν
3293 1053 3369 1118 ὡς
3419 1054 3544 1109 θεία
3593 1074 3674 1120 τις
3701 1058 3843 1112 ἔσται

2270 1140 2467 1211 σπορὰ.
2515 1139 2685 1191 Ὅταν
2714 1139 2892 1192 τοίνυν
2923 1138 3000 1202 ὡς
3051 1140 3160 1193 ἀπό
3191 1157 3255 1209 γε
3287 1143 3386 1214 τῆς
3415 1161 3579 1198 τινων
3623 1145 3844 1218 λογομα-

2268 1231 2393 1302 χίας
2444 1228 2879 1294 σκανδαλίζοιντό
2928 1246 3110 1294 τινες·
3156 1229 3276 1286 εἷτα
3323 1235 3357 1304 ὴ
3409 1234 3570 1289 τοῦτο
3607 1236 3841 1290 παθοῦσα

2268 1323 2437 1394 ψυχὴ,
2467 1323 2567 1394 τὴν
2605 1323 2680 1384 ὡς
2720 1323 2778 1376 ὲν
2809 1321 2964 1375 ὠδίσι
3003 1322 3293 1394 κειμένην,
3334 1326 3430 1380 καὶ
3467 1327 3546 1389 εἰς
3583 1327 3703 1380 νοῦν
3739 1327 3839 1380 έσω

2273 1411 2805 1484 τεθησαυρισμένην,
2852 1410 3231 1480 ἀπαμϐλίσκοι
3263 1415 3450 1468 πίστιν
3492 1431 3553 1469 τε
3590 1417 3683 1471 καὶ
3705 1417 3839 1486 γνῶ-

2274 1525 2377 1574 σιν,
2415 1509 2464 1560 εί
2495 1506 2592 1578 μὲν
2637 1505 2744 1575 εἴη,
2785 1503 2940 1574 φησὶ,
2975 1502 3052 1574 μὴ
3074 1504 3502 1575 ἐξεικονισμένη,
3542 1508 3828 1573 τουτέστιν,

2273 1601 2322 1652 εἰ
2377 1598 2574 1666 ἀτελὴς
2619 1596 2698 1650 ἔτι
2741 1596 2836 1648 καὶ
2888 1595 3264 1668 ἀκαλλεστέρα
3289 1635 3302 1658 ,
3343 1597 3544 1665 ζημίαν
3577 1598 3834 1666 ὑπομενεί

588 1698 1066 1764 scandalizantur;
1101 1697 1299 1752 deinde
1331 1696 1514 1750 anima
1565 1697 1620 1750 id
1670 1711 1960 1766 perpessa,
2019 1695 2166 1748 illam

2278 1691 2454 1760 πάντη
2495 1705 2554 1740 τε
2591 1687 2683 1740 καὶ
2718 1685 2936 1748 πάντως
2985 1686 3014 1738 ὁ
3047 1685 3140 1738 τοῦ
3189 1683 3476 1737 σκανδάλου
3510 1684 3824 1752 παραίτιος,
3864 1739 3872 1748 κ

588 1805 754 1861 quam
781 1789 837 1843 in
865 1797 1024 1843 utero
1054 1789 1320 1859 gestabat,
1365 1794 1421 1842 et
1448 1787 1504 1841 in
1541 1788 1724 1840 animo
1750 1786 1942 1841 intime
1973 1800 2167 1840 recon-

2271 1787 2344 1854 ἢν
2371 1783 2437 1836 ἂν
2463 1780 2716 1850 ἐπιϐάλῃ,
2752 1779 2936 1849 φησὶν,
2966 1779 2994 1830 ὁ
3026 1777 3221 1847 ταύτης
3258 1775 3490 1846 νυμφίος
3513 1817 3528 1841 ,
3557 1775 3816 1841 τουτέστι,

587 1881 762 1936 ditam
795 1880 1060 1944 habebat,
1112 1878 1274 1934 fidem
1309 1887 1366 1933 et
1393 1879 1763 1948 cognitionem
1817 1876 2162 1940 abortiverit,

588 1971 884 2042 siquidem,
935 1971 1134 2040 inquit,
1168 1970 1411 2025 nondum
1464 1969 1695 2024 formata
1748 1969 1934 2034 fuerit,
1971 1969 2025 2023 id
2061 1976 2164 2037 est,

590 2064 772 2117 adhuc
817 2061 1140 2131 imperfecta
1194 2069 1250 2116 et
1302 2061 1594 2125 informis,
1661 2061 1891 2114 multam
1939 2059 2167 2114 omnino

589 2155 906 2221 sustinebit,
935 2154 1030 2224 qui
1059 2139 1316 2210 iscandali
1343 2169 1566 2231 causam
1604 2153 1777 2218 dedit,
1825 2169 1988 2224 quam
2025 2151 2169 2207 indi-

590 2249 754 2312 xerit,
787 2247 988 2316 inquit,
1031 2246 1182 2300 illius
1235 2261 1493 2316 sponsus,
1546 2261 1744 2316 nempe
1772 2245 2063 2312 Christus;
2112 2253 2170 2301 et

589 2337 743 2391 dabit
765 2351 890 2392 cum
916 2334 1310 2406 postulatione,
1343 2335 1543 2406 inquit,
1580 2336 1634 2390 id
1655 2342 1760 2400 est,
1798 2337 2000 2407 gratias
2023 2343 2164 2406 aget,

588 2425 736 2495 quod
777 2440 886 2479 non
926 2425 1102 2494 plenae
1140 2425 1469 2494 perditionis
1501 2441 1720 2496 poenam
1761 2427 2051 2481 sustineat.
2101 2425 2170 2480 At

589 2515 634 2569 si
661 2515 964 2584 spiritualis
989 2514 1161 2568 animi
1221 2514 1367 2570 fetus
1394 2515 1716 2570 eﬂ‘ormatus
1761 2514 1950 2580 fuerit,
1975 2515 2029 2568 id
2063 2521 2166 2579 est,

589 2604 635 2658 si
665 2604 906 2674 cognitio
937 2618 1002 2657 ac
1050 2603 1185 2657 fides
1226 2604 1616 2658 formationem
1643 2604 1850 2659 Christi
1892 2604 2166 2668 habuerit,

589 2701 840 2748 extremo
892 2693 1164 2762 supplicio
1198 2695 1524 2764 subjacebit,
1561 2703 1622 2748 ut
1681 2694 1776 2762 qui
1817 2695 1930 2764 jam
1994 2694 2172 2748 homi-

590 2786 711 2840 cida
744 2786 845 2839 sit:
872 2801 1000 2838 nam
1028 2787 1254 2854 integrae
1286 2785 1411 2839 fidei
1437 2785 1680 2849 amissio,
1704 2794 1761 2839 et
1807 2785 2064 2853 perfectae
2081 2800 2170 2840 co-

590 2877 1110 2948 gnitionisjactura,
1137 2892 1288 2930 mors
1331 2877 1657 2931 estanimze.
1705 2876 1895 2946 Itaque
1943 2877 2168 2945 partici-

589 2984 714 3040 pem
743 2984 864 3024 esse
917 2968 1251 3024 nefariarum
1278 2963 1720 3038 persuasionum',
1770 2984 1832 3023 ac
1857 2983 2170 3023 sermonum

2280 1873 2515 1945 Χριστός
2534 1890 2548 1904 ·
2585 1873 2679 1925 καὶ
2705 1871 2866 1924 δώσει
2895 1869 3028 1941 μετὰ
3055 1868 3360 1939 ἀξιώματος
3385 1910 3401 1934 ,
3427 1866 3695 1935 τουτέστι,
3724 1869 3815 1922 καὶ

2269 1963 2604 2036 ὁμολογείτω
2640 1962 2821 2034 χάριν,
2857 1960 2933 2032 μὴ
2969 1959 3066 2030 τὴν
3090 1959 3170 2022 είς
3203 1956 3425 2029 ὀλεθρον
3454 1957 3671 2030 παντελῆ
3697 1975 3810 2012 ποι·-

2269 2055 2364 2126 νὴν
2386 2053 2644 2116 ὑποστάς.
2677 2053 2738 2105 Εἰ
2767 2051 2822 2104 δὲ
2847 2049 2931 2120 εἴη
2949 2090 2963 2114 ,
2993 2049 3176 2120 φησὶν,
3212 2050 3627 2118 ὲξεικονισμίνον
3647 2049 3704 2101 τὸ
3728 2049 3819 2117 τῆς

2268 2145 2450 2216 ψυχῆς
2501 2143 2692 2213 κύημα
2721 2141 2931 2212 νοητὸν,
2968 2139 3266 2203 τουτέστιν,
3317 2141 3366 2192 εί
3396 2137 3594 2207 γνῶσις
3631 2137 3714 2208 εἴη
3739 2139 3830 2192 καὶ

2271 2237 2451 2299 πίστις
2492 2233 2585 2288 τοῦ
2624 2231 2860 2304 Χριστοῦ
2908 2231 3148 2303 φοροῦσα
3207 2230 3506 2301 μόρφωσιν,
3550 2231 3658 2292 τοῖς
3710 2227 3834 2298 περὶ

2272 2329 2379 2382 τῶν
2408 2327 2653 2397 ἐσχάτων
2701 2323 3050 2378 ὑποκείσεται
3100 2315 3430 2390 λόγοις,’ὼς
3469 2320 3568 2390 ήδη
3598 2320 3692 2373 καὶ
3738 2334 3832 2388 φο-

2271 2419 2454 2488 νευτή.
2482 2418 2672 2487 Ψυχῆς
2694 2415 2800 2487 γὰρ
2829 2415 3078 2478 θάνατος,
3097 2415 3131 2483 ή
3158 2413 3256 2483 τῆς
3287 2411 3586 2482 ἀμωμήτου
3611 2408 3835 2470 πίστεως

2270 2509 2546 2570 ἀπόθεσις,
2579 2509 2673 2560 καὶ
2705 2508 2804 2576 τῆς
2834 2506 3039 2577 ἀρτίως
3065 2504 3293 2575 ἐχούσης
3322 2502 3573 2572 γνώσεως
3593 2501 3626 2572 ὴ
3650 2500 3836 2571 ζημία.

2271 2599 2558 2668 Τοιγάρτοι
2585 2598 2647 2650 τὸ
2677 2600 2873 2669 χρῆναι
2907 2596 3230 2666 μεταλαχεῖν
3263 2594 3496 2648 ἀνοσίων
3528 2592 3834 2662 εἰσηγημά-

2270 2712 2401 2760 των,
2443 2691 2537 2745 καὶ
2575 2685 2651 2744 ὧν
2680 2688 2746 2743 ἂν
2775 2691 2981 2743 ποιοῖτο
3004 2688 3199 2756 λόγων,
3223 2685 3383 2756 ἀνὴρ,
3413 2682 3654 2753 γεγονὼς
3688 2682 3844 2736 κατά-

2273 2784 2468 2856 6ρωμα
2514 2780 2842 2846 διαδολικὺν,
2885 2781 3112 2850 καὶτῆς
3157 2779 3267 2831 τῶν
3309 2776 3609 2848 δαιμονίων
3651 2774 3847 2846 ἀγέλης

2271 2876 2430 2930 οἱονεί
2461 2892 2577 2937 πως
2606 2872 2801 2944 τροφὴ,
2837 2872 3113 2944 μολυσμὸν
3145 2867 3286 2926 εἷναί
3319 2887 3485 2941 φησι·
3516 2868 3614 2924 καὶ
3635 2867 3850 2935 ἀποφά-

2275 2985 2394 3022 σκει
2423 2969 2606 3030 πάλιν,
2632 2967 2708 3029 ὡς
2740 2968 2798 3019 ὲν
2829 2967 3112 3036 αἰνίγματι
3135 2964 3330 3034 λέγων,
3365 2983 3383 3014 ι
3422 2963 3539 3015 Καὶ
3568 2961 3737 3032 κρέας
3765 2961 3856 3030 θη-

590 3075 730 3131 quos
753 3060 1011 3115 habuerit
1036 3061 1082 3116 is
1141 3061 1234 3130 qui
1285 3075 1413 3115 esca
1467 3060 1738 3115 diabolica
1781 3059 1958 3114 factus
1979 3069 2083 3125 est,
2115 3069 2167 3114 ct

2277 3062 2536 3134 ριάλωτον
2567 3059 2667 3113 οὐκ
2709 3059 2927 3111 ἔδεσθε·
2963 3057 3042 3127 τῷ
3084 3058 3206 3110 κυνί⁵
3241 3055 3597 3128 ἀπορρίψατε
3644 3054 3797 3107 αὑτό.
3835 3072 3852 3102 ι

590 3150 900 3207 daemonum
922 3151 1101 3222 gregis
1133 3149 1304 3205 veluti
1354 3152 1533 3216 cibus,
1583 3167 1698 3206 rem
1734 3151 2006 3221 impuram
2043 3166 2164 3206 esse

2272 3153 2425 3208 Κύνα
2458 3152 2555 3221 μὲν
2589 3150 2717 3221 γὰρ,
2753 3149 2844 3202 τὸν
2874 3149 3068 3216 ἀναιδῆ
3093 3149 3187 3201 ml.
3219 3147 3538 3218 ἀκάθαρτον
3574 3145 3860 3215 ἄνθρωπον

589 3244 698 3298 ait:
728 3243 890 3313 idque
931 3243 1188 3313 prohibet
1222 3260 1463 3308 rursum,
1490 3251 1749 3313 tanquam
1799 3259 1897 3313 per
1933 3244 2165 3314 aenigma

589 3335 811 3390 dicens:
846 3355 865 3386 ι
889 3336 957 3390 Ει
979 3351 1198 3390 carnem
1218 3343 1432 3404 captam
1465 3350 1496 3387 a
1525 3335 1702 3389 bestia
1750 3350 1862 3388 non
1904 3334 2162 3389 comede-

590 3425 662 3478 tis
696 3444 707 3477 :
739 3424 862 3479 cani
909 3426 1159 3495 projicite
1204 3425 1352 3478 illam
1376 3423 1443 3477 ⁸⁵.
1479 3444 1497 3474 ι
1542 3424 1658 3478 Mos
1699 3431 1785 3478 est
1833 3425 1980 3478 enim
2018 3424 2166 3480 Scri-

591 3525 764 3584 ptura:
816 3531 1008 3569 canem
1053 3515 1329 3584 appellare
1369 3515 1747 3587 impudentem
1783 3523 1838 3570 et
1885 3517 2162 3586 impurum
2206 3554 2209 3556 -

590 3607 869 3660 hominem
894 3624 906 3659 :
935 3606 1273 3661 conveniens
1293 3615 1376 3661 est
1406 3615 1592 3667 autem
1635 3607 1903 3677 ejusmodi
1929 3607 2159 3674 homini,

590 3709 650 3754 ut
673 3698 888 3768 opinor,
915 3698 1099 3768 quivis
1144 3713 1327 3753 sermo
1377 3699 1627 3768 impurus
1649 3713 1714 3753 ac
1737 3698 1960 3764 fetidus,
1994 3708 2050 3754 et
2091 3702 2160 3756 ab

589 3791 709 3859 ipso
735 3789 1042 3844 Beelzebub
1059 3789 1416 3858 compositus,
1441 3797 1699 3858 tanquam
1730 3805 1760 3844 a
1804 3789 1918 3844 fera
1956 3791 2158 3858 bellua,

587 3897 711 3949 quae
739 3881 1014 3936 subditam
1039 3881 1143 3935 sibi
1191 3889 1246 3935 et
1268 3881 1323 3934 in
1349 3896 1412 3935 ea
1438 3895 1496 3934 re
1511 3881 1907 3950 obsequentem
1925 3884 2160 3938 animam

589 3976 746 4021 vorat
773 3987 785 4021 :
819 3988 836 4018 ι
867 3969 1038 4022 Nemo
1070 3968 1216 4023 enim
1237 3967 1393 4032 dicit,
1418 3967 1723 4023 Anathema
1756 3970 1936 4035 Jesus,
1963 3971 2075 4026 nisi
2104 3972 2161 4026 in

587 4059 896 4114 Beelzebub
944 4059 1054 4113 ⁸⁸.›
1113 4059 1158 4114 Α
1205 4059 1410 4116 sanctis
1469 4068 1655 4114 autem
1718 4061 1852 4115 viris
1889 4063 2160 4131 ejusmodi

2271 3244 2554 3315 ὀνομάζειν
2581 3242 2701 3306 ἔθος
2737 3245 2804 3314 τῇ
2833 3241 2956 3312 θείᾳ
2986 3241 3199 3312 Γραφῇ.
3252 3241 3471 3312 Πρέπον
3505 3240 3551 3293 δ’
3587 3239 3652 3294 ἂν
3678 3237 3764 3309 εἴη
3785 3235 3864 3307 τῷ

2267 3335 2454 3405 τοιῷδε
2477 3334 2658 3405 τυχὸν,
2680 3335 2823 3398 ἅπας
2844 3351 2928 3394 τις
2957 3328 3069 3398 οὖν,
3092 3327 3267 3402 οἶμαι,
3289 3333 3445 3401 λόγος
3476 3332 3740 3403 βδελυρὸς
3771 3331 3867 3384 καὶ

2267 3425 2529 3498 δυσώδης,
2556 3429 2650 3481 καὶ⁸
2688 3427 2749 3492 ἐξ
2775 3426 2938 3480 αὐτοῦ
2970 3426 3328 3494 συγκείμενος
3359 3426 3455 3479 τοῦ
3508 3422 3866 3489 Βεελζεδοὺλ,

2271 3519 2346 3582 ὼς
2395 3519 2562 3590 θηρὸς
2612 3518 2807 3590 ἀγρίου
2859 3518 3279 3589 κατεδηδοκότος
3321 3517 3421 3588 τὴν
3469 3515 3870 3572 ὑποπεσοῦσαν

2268 3609 2418 3680 αὐτῷ
2443 3611 2536 3664 καὶ
2563 3609 2940 3682 ὑπηρετοῦσαν
2969 3611 3047 3673 είς
3071 3609 3228 3662 τοῦτο
3255 3608 3432 3680 ψυχήν
3451 3625 3466 3639 ·
3519 3629 3538 3662 ι
3572 3609 3739 3678 Λέγει
3763 3605 3872 3676 γάρ

2269 3701 2463 3766 οὐδεὶς,
2505 3703 2776 3774 Ἀνάθεμα
2828 3699 3065 3772 Ἰησοῦς,
3106 3702 3154 3753 εί
3191 3699 3265 3772 μὴ
3313 3702 3373 3753 ὲν
3423 3699 3791 3765 Βεελζεῦούλ.
3851 3718 3869 3750 ι

2281 3793 2485 3863 Ἀγίοις
2521 3811 2587 3864 γε
2638 3798 2750 3866 μὴν
2779 3793 2842 3846 τὸ
2886 3795 2944 3846 ὲν
2989 3792 3206 3865 μεθέξει
3238 3792 3507 3861 γενέσθαι
3549 3793 3664 3846 τῶν
3693 3791 3872 3855 οὕτως

2269 3885 2574 3956 αἰσχρῶνῆ
2615 3884 3118 3955 κεκιϐδηλευμένων
3157 3883 3374 3937 ἐννοιῶν
3404 3897 3465 3936 τε
3524 3883 3624 3937 καὶ
3669 3883 3873 3951 λόγων,

2267 3976 2608 4046 ἀνάρμοστον
2651 3975 2867 4047 κομιδῇ.
2911 3993 2930 4026 ι
2983 3974 3253 4029 Κοινωνία
3288 3973 3399 4045 γὰρ
3441 3973 3682 4046 οὐδεμία
3731 3973 3876 4044 φωτὶ

2270 4069 2406 4139 πρὸς
2431 4069 2640 4130 σκότος.
2681 4088 2700 4120 ›

587 4151 831 4220 turpium
875 4166 940 4204 ac
1015 4149 1276 4206 falsarum
1331 4150 1730 4204 sententiarum
1771 4152 1934 4206 simul
1985 4161 2149 4222 atque
2221 4171 2536 4211 sermonum
2599 4157 2952 4228 participatio
2993 4171 3222 4227 prorsus
3257 4165 3345 4211 est
3390 4156 3610 4210 aliena:
3648 4174 3668 4207 ι
3700 4155 3875 4210 Nulla

582 4249 670 4296 est
701 4242 849 4296 enim
871 4241 1164 4296 conventio
1192 4240 1334 4296 lucis
1356 4241 1424 4295 ad
1453 4241 1709 4296 tenebras
1741 4242 1805 4296 “.
1833 4262 1851 4293 ι

657 4333 850 4390 PALL.
900 4333 978 4387 Ita
999 4340 1101 4386 est.

651 4423 810 4479 CYR.
855 4423 989 4478 Esse
1036 4433 1219 4478 autem
1274 4421 1342 4478 iis
1401 4422 1739 4494 vigilandum
1782 4424 1875 4494 qui
1923 4423 2168 4497 magistri

583 4516 750 4572 creati
798 4515 909 4570 sint
937 4523 992 4569 et
1039 4515 1208 4570 duce's
1251 4531 1508 4586 gregum,
1557 4532 1754 4571 rursus
1797 4517 1989 4572 edixit.
2035 4515 2170 4585 Quis

581 4616 765 4662 autem
802 4607 857 4660 in
892 4623 956 4660 ea
986 4623 1046 4662 re
1082 4607 1376 4677 probitatis
1412 4607 1610 4662 modus
1655 4625 1686 4663 a
1722 4610 1884 4666 nobis
1920 4611 2169 4680 praestari

583 4697 800 4762 debeat,
837 4698 1072 4752 latenter
1119 4698 1326 4753 indicat
1358 4699 1414 4752 in
1443 4698 1709 4764 Levitico,
1735 4698 1924 4755 dicens
1962 4719 1975 4754 :
2025 4721 2042 4750 ‹
2065 4703 2168 4756 Ρε-

583 4786 752 4840 cudes
801 4795 922 4838 tuas
975 4800 1084 4840 non
1133 4801 1411 4856 suppones
1453 4787 1673 4842 diverso
1719 4790 1906 4858 generi
1943 4808 1954 4841 :
1990 4801 2047 4845 et
2084 4791 2167 4844 vi-

583 4889 742 4928 neam
805 4882 953 4926 tuam
1011 4889 1121 4927 non
1179 4890 1329 4930 seres
1395 4876 1631 4933 diversis
1689 4880 1991 4935 seminibus
2053 4882 2163 4935 ⁸⁷.»

587 4965 744 5037 262
773 4962 1042 5036 Gregibus
1073 4965 1220 5018 enim
1245 4981 1536 5034 caprarum
1566 4978 1622 5025 et
1647 4971 1854 5036 ovium,
1882 4980 1975 5026 aut
2001 4973 2173 5029 vinea:

582 5056 880 5131 persimilis
933 5071 1053 5112 esse
1091 5057 1254 5126 plane
1285 5060 1558 5114 censenda
1583 5071 1668 5116 est
1721 5064 1951 5134 subjecti
1984 5067 2172 5136 populi

583 5146 895 5202 multitudo.
923 5146 1141 5201 Dictum
1186 5153 1268 5200 est
1307 5146 1452 5201 enim
1487 5148 1649 5203 beato
1683 5152 1847 5206 Petro
1885 5171 1898 5206 :
1937 5175 1954 5205 ι
1983 5155 2171 5210 Simon

577 5237 751 5302 Jonn,
797 5238 983 5308 diligis
1027 5238 1153 5292 me?
1195 5252 1357 5306 pasce
1401 5253 1571 5306 agnos
1597 5254 1782 5308 meos,
1833 5261 1994 5314 pasce
2032 5261 2162 5302 oves

581 5345 728 5384 meas
752 5332 815 5384 ⁸⁸.
850 5351 866 5381 ι
907 5332 1178 5386 Praeterea
1223 5329 1290 5385 de
1341 5329 1467 5384 ﬁliis
1494 5329 1655 5385 Israel
1699 5337 1963 5404 propheta
1993 5336 2161 5394 Isaias

578 5418 718 5473 dixit
751 5439 762 5473 :
805 5440 822 5472 ι
846 5422 1017 5477 Vinea
1043 5423 1190 5477 enim
1230 5422 1444 5477 Domini
1473 5422 1741 5489 Sabaoth,
1778 5426 2158 5484 domuslsrael

2207 4345 2257 4404 ι)
2355 4336 2558 4388 ΠΑΛΛ.
2621 4334 2863 4405 Ἀληθές.

2342 4427 2508 4480 ΚΥΡ.
2545 4425 2937 4496 Ἐγρηγορέναι
2957 4424 3012 4478 δὲ
3034 4426 3116 4478 ὅτι
3145 4424 3411 4494 προσήκει
3440 4423 3573 4485 τοὺς
3600 4421 3884 4495 καθηγεῖ-

2270 4517 2394 4570 σθαι
2421 4515 2685 4587 λαχόντας
2709 4553 2724 4580 ,
2759 4516 2852 4568 καὶ
2895 4515 3230 4586 ἡγουμένους
3257 4510 3548 4582 ποιμνίων,
3583 4529 3881 4584 κατεχρη-

2273 4609 2525 4680 σμῴδησε
2568 4608 2752 4664 πάλιν.
2799 4609 2894 4670 Τίς
2935 4608 2980 4660 δ’
3011 4605 3078 4661 ἂν
3121 4606 3334 4674 γένοιτο
3379 4604 3478 4675 τῆς
3520 4605 3670 4676 πρὸς
3708 4606 3882 4678 ἡμῶν

2271 4699 2570 4777 ξπιεικείας
2607 4699 2688 4762 εἰς
2716 4697 2872 4752 τοῦτο
2904 4698 3136 4769 τρόπος,
3178 4694 3542 4766 ὑπεμφαίνει,
3592 4695 3787 4765 λέγων
3819 4699 3881 4750 ἐν

2269 4790 2348 4861 τῷ
2381 4789 2680 4860 Λευῖτικῴ·
2715 4808 2733 4840 ι
2763 4789 2843 4841 Τὰ
2864 4789 3037 4859 κτήνη
3069 4785 3239 4839 σουού
3275 4782 3650 4854 κατοχεύσεις
3677 4786 3880 4858 ἑτερο-

2270 4884 2452 4953 ζύγῳ,
2483 4883 2579 4938 καὶ
2622 4883 2712 4935 τὸν
2743 4879 3042 4951 ἀμπελῶνά
3075 4897 3169 4933 σου
3220 4879 3280 4932 οὐ
3323 4881 3714 4949 κατασπερεῖς
3755 4879 3882 4933 διά-

2275 4992 2460 5048 φορον.
2502 4994 2520 5025 ι
2546 4973 2726 5028 Πώεσι
2752 4974 2851 5043 μὲν
2872 4971 2980 5044 γὰρ
3004 4970 3178 5039 αἰγῶν
3212 4970 3307 5023 καὶ
3337 4968 3668 5040 προϐάτων,
3702 4971 3881 5040 ἧγουν

2272 5065 2557 5136 ἀμπελῶνι
2620 5064 3016 5136 παρεικαστέον
3062 5059 3123 5116 εὖ
3174 5061 3321 5134 μάλα
3369 5059 3469 5131 τὴν
3536 5062 3651 5115 ὑπὸ
3718 5065 3880 5133 χεῖρα

2272 5156 2502 5227 πληθύν.
2547 5158 2750 5210 Ἦκουε
2784 5156 2883 5226 μὲν
2911 5157 3018 5225 γὰρ
3060 5156 3089 5208 ό
3118 5154 3404 5216 θεσπέσιος
3431 5153 3660 5225 Πέτρος
3681 5169 3696 5184 ’
3735 5173 3754 5206 ι
3793 5151 3881 5206 Σί-

2278 5264 2395 5316 μων
2463 5249 2620 5300 Ἰωνᾶ
2656 5289 2671 5312 ,
2731 5247 2906 5318 φιλεῖς
2970 5263 3074 5317 με;
3131 5245 3294 5316 βόσκε
3357 5242 3426 5296 τά
3491 5244 3674 5314 ἀρνία
3726 5261 3831 5315 μου
3859 5283 3874 5306 ,

2270 5339 2526 5410 ποίμαινε
2561 5341 2630 5392 τὰ
2663 5340 2909 5411 πρόϐατά
2938 5356 3060 5410 μου.
3097 5357 3116 5390 ι
3153 5337 3288 5408 Περὶ
3314 5336 3371 5389 δέ
3405 5352 3476 5403 γε
3519 5338 3639 5390 τῶν
3671 5336 3732 5404 ἐξ
3773 5337 3876 5389 Ἰσ-

2273 5431 2428 5502 ραὴλ,
2459 5434 2487 5486 ὁ
2519 5434 2800 5504 προφήτης
2829 5431 3063 5501 ἔφασκεν
3094 5429 3349 5490 Ἡσαΐας·
3380 5446 3398 5477 ι
3449 5428 3513 5482 '0
3537 5430 3653 5500 γὰρ
3686 5431 3873 5499 ἀμπε-

577 5516 697 5572 est;
725 5516 779 5560 et
826 5510 988 5564 homo
1019 5512 1157 5566 Juda
1180 5553 1194 5577 ,
1222 5528 1448 5583 germen
1485 5514 1745 5570 dilectum
1769 5516 1832 5570 '°.
1867 5536 1884 5567 ι
1921 5519 2159 5575 Pastoris

2270 5524 2372 5576 λὼν
2406 5525 2609 5595 Κυρίου
2659 5523 2922 5590 Σαϐαὼθ,
2962 5519 3110 5587 οἶκος
3151 5520 3243 5573 τοῦ
3295 5519 3526 5590 Ἰσραήλ
3563 5523 3690 5575 ὲστι
3718 5561 3733 5583 ,
3777 5517 3873 5572 καὶ

687 5646 1034 5743 ::Gal?.t.ll1r,
1054 5651 1181 5743 19.”
1219 5654 1263 5685 ”
1295 5655 1613 5727 Exod.xxu,
1646 5663 1732 5715 5|.
1811 5663 1856 5743 ξ’
1890 5664 1909 5718 l
1949 5664 2075 5720 Cor.
2105 5682 2167 5719 xn

2270 5693 2292 5719 ι.
2361 5669 2403 5699 ⁸ο
2433 5669 2475 5722 ll
2503 5668 2630 5724 Cor.
2659 5687 2731 5733 vr,
2765 5671 2848 5724 l5.
2921 5664 3389 5728 “l.evit.x1x,19.
3479 5667 3529 5698 ⁸⁸
3555 5668 3724 5723 Joan.
3757 5680 3870 5730 xxx,

559 5715 770 5816 ⁵151⁵1.
860 5718 904 5751 "
931 5718 1032 5773 lsa.
1056 5737 1106 5786 ν,
1151 5723 1198 5774 7.

2829 5955 2858 5970 ﬂ
