4138 6300
377 363 482 422 549

1089 368 1177 422 DE
1215 365 1655 422 ADORATIONE
1689 367 1756 421 IN
1792 365 2060 423 SPIRITU
2103 365 2191 420 ET
2227 363 2594 420 VERITATE.
2634 365 2761 421 LIB.
2805 365 2940 421 VIII.

3543 370 3649 429 δίἶο

381 482 670 557 ἄνθρωπος
694 483 789 538 τοῦ
828 482 997 538 Ἰούδα
1022 523 1036 548 ,
1073 486 1331 555 νεόφυτον
1369 490 1745 561 ἠγαπημένον.
1779 508 1798 542 ι
1833 491 1941 543 nos

2066 485 2234 556 igitur
2257 484 2435 539 virtus
2455 492 2539 538 est
2565 484 2762 540 ovibus
2782 500 2894 539 non
2924 484 3214 540 admittere
3239 484 3442 541 diversi
3478 500 3647 577 gen}:-

385 580 547 650 μὲνος
574 575 638 645 δὴ
666 570 761 628 οὖν
792 574 985 646 ἀρετὴ,
1010 574 1071 626 τὸ
1104 575 1179 645 μὴ
1202 575 1495 644 ἐπαφιέναι
1525 579 1815 650 προϐάτοις
1844 580 1961 633 ἑτε-

381 667 583 742 ροειδές
616 683 671 718 τι
700 664 862 728 ζῶον,
894 665 971 729 ὡς
996 669 1116 729 ταῖς
1147 665 1361 721 όθνείου
1388 668 1551 739 τυχὸν
1585 669 1791 741 όχείαις
1826 672 1959 724 ὑπο-

2062 577 2138 630 ris
2170 575 2404 640 animal,
2430 574 2505 629 ita
2545 583 2604 629 ut
2630 575 2821 630 alienae
2854 575 3083 644 pecudis
3110 575 3497 649 congressibus
3514 574 3649 648 su'p-

2058 674 2364 737 ponantur,
2391 680 2463 720 ne
2492 665 2625 735 quid
2669 666 2986 737 ambiguum
3012 669 3262 737 pariant.
3287 676 3344 722 et
3381 667 3451 721 ab
3482 667 3650 723 insita

377 760 589 822 πεσεῖν,
642 757 731 811 ἴνα
780 756 856 828 μὴ
900 758 1193 828 ὲτεροφυὲς
1238 757 1396 832 τέκῃ,
1445 761 1539 815 καὶ
1592 760 1692 831 τῆς
1730 762 1941 835 ἐνούσης

2056 756 2295 811 naturali
2346 756 2530 811 indole
2561 756 2840 811 diversum
2867 777 2881 811 :
2912 760 3088 813 cultor
3111 766 3295 813 autem
3335 759 3643 824 vinearum,

372 852 518 923 αὐτῷ
550 852 788 923 φυσικῆς
819 851 1100 921 εὐγενείας
1139 854 1489 920 ὲκνενευκόςο
1529 857 1869 929 ἀμπελώνων
1898 857 1941 912 δὲ

2057 850 2103 905 si
2146 849 2309 905 modo
2356 850 2602 920 prudens
2642 849 2843 916 fuerit,
2886 860 2941 906 et
2977 853 3183 922 optime
3229 860 3431 906 terram
3476 860 3643 907 eXco-

369 948 399 999 6
436 944 755 1017 μελεδωνὸς,
778 943 937 1016 εἰπερ
957 944 1045 1016 εἴη
1063 947 1339 1019 νουνεχὴς,
1358 950 1450 1002 καὶ
1469 952 1725 1020 γηπονεῖν
1756 950 1941 1023 ἀριστο

2053 938 2169 996 lere
2219 940 2532 1006 studuerit,
2575 956 2858 1011 nunquam
2906 941 3179 1011 patietur,
3213 949 3274 995 ut
3308 942 3645 998 exsiccantia

378 1036 770 1109 μεμελετηκὼς
791 1076 806 1102 ,
849 1037 950 1093 οὐκ
981 1037 1049 1092 ἀν
1081 1040 1371 1114 ἀνάσχοιτο
1398 1060 1528 1097 ποτε
1568 1044 1637 1098 τὰ
1677 1043 1818 1117 ξηρά
1842 1044 1952 1100 τῶν

377 1130 710 1201 σπερμάτων
754 1130 847 1184 ὑπ’
899 1132 1094 1197 αὑταῖς
1126 1133 1359 1203 φύεσθαι
1400 1139 1522 1202 ταῖς
1551 1138 1839 1209 ἀμπέλοις,
1865 1138 1951 1192 ἵνα

377 1220 451 1293 μὴ
472 1220 866 1293 δαπανωμένης
881 1223 1072 1288 αὑταῖς
1100 1225 1199 1296 τῆς
1216 1227 1443 1296 ἰκμάδος
1462 1230 1542 1293 εἰς
1562 1229 1623 1283 τὸ
1650 1230 1948 1301 ἀλλότριον,

373 1311 707 1385 ὑστερίζοιεν
736 1306 898 1368 αὗται
932 1317 1059 1387 περί⁵
1088 1317 1150 1369 τὸ
1182 1318 1400 1372 οἰκεῖον.
1436 1319 1540 1373 Ἴθι
1563 1320 1626 1392 δὴ
1659 1317 1751 1375 οὖν
1782 1321 1857 1386 ὼς
1890 1322 1949 1388 ἐξ

371 1406 581 1468 εἰκόνος
621 1406 724 1477 ἤδη
772 1408 922 1471 πως”,
959 1409 1054 1463 ἐπὶ
1081 1410 1171 1464 τὸν
1212 1411 1616 1483 πνευματικὸν,
1658 1413 1727 1467 τὰ
1755 1412 1949 1483 λογικά

372 1496 686 1570 θρέμματα,
716 1497 790 1568 μὴ
824 1498 936 1562 τοῖς
967 1497 1076 1551 τῶν
1115 1499 1609 1571 ἑτεροδιδασκάλων
1639 1502 1946 1573 ὑπάγεσθαι

374 1587 743 1660 συγχωρῶμεν
772 1590 1003 1654 ἀνοσίως
1030 1589 1218 1662 ὥσπερ
1246 1596 1704 1666 σπερματισμοϊς,
1737 1599 1947 1667 νοητοῖς

369 1680 626 1753 δηλονότι,
659 1681 756 1735 καὶ
776 1684 896 1745 ταῖς
925 1683 1002 1747 ὡς
1031 1686 1088 1737 ὲν
1113 1684 1259 1755 λόγῳ
1285 1685 1640 1757 εἰσηγήσεσιν
1658 1702 1673 1720 ·
1705 1687 1945 1760 ἀκαλλὴς

367 1772 473 1845 γὰρ
503 1773 619 1826 λίαν
648 1775 676 1826 6
702 1772 762 1838 ἐξ
813 1774 1070 1845 ἀνομοίου
1102 1777 1313 1847 καρπὸς
1345 1777 1601 1850 γνὼμης’,
1636 1778 1729 1832 καὶ
1757 1780 1805 1831 οἰ
1834 1777 1943 1833 τῶν

365 1863 461 1934 οὐχ
489 1862 809 1933 όμοπίστων
832 1863 1000 1933 λόγοι,
1030 1863 1248 1935 φαύλων
1279 1866 1347 1919 ἂν
1367 1866 1608 1935 γένοιντο
1643 1869 1942 1940 κυημάτων

365 1951 615 2024 πρόξενοι
648 1956 762 2017 τοῖς
800 1954 1229 2025 εἰσδεδεγμένοις
1266 1956 1463 2021 αύτούς
1484 1973 1498 1987 ⁸
1529 1957 1860 2029 ἀμπελῶνας
1887 1959 1941 2012 δὲ

364 2045 522 2111 ὄντας
550 2047 722 2118 ἡμᾶς,
752 2047 846 2100 καὶ
871 2048 928 2100 ἐν
946 2047 1191 2119 όρχάτων
1217 2047 1368 2115 τάξει
1396 2049 1702 2120 κειμένους,
1732 2069 1942 2122 μονοει-

362 2137 445 2191 δεῖ
478 2138 679 2209 τρόπον
704 2136 829 2190 τινά
857 2141 1123 2210 προσήκει
1163 2138 1561 2209 στεφανοῦσθαι
1590 2141 1810 2213 καρπῷ,
1847 2145 1942 2198 καὶ

362 2228 451 2281 τὸν
472 2228 638 2298 διφυᾶ
666 2229 1053 2301 παραιτεῖσθαι
1080 2229 1299 2301 τρόπον.
1323 2230 1496 2300 Λόγος
1523 2231 1630 2303 γάρ
1654 2233 1830 2299 οὐδεὶς
1862 2235 1941 2299 εἰς

362 2319 653 2392 ὁμοιότητα
684 2320 942 2392 φυσικὴν,
987 2321 1119 2393 σίτῳ
1156 2322 1248 2375 καὶ
1284 2321 1566 2395 βότρυσιν.
1624 2324 1941 2399 ’Δλλοτρίων

366 2407 428 2480 δὴ
473 2406 567 2463 οὖν
600 2411 941 2482 σπερμάτων.
959 2411 1143 2483 μηδεὶς
1167 2415 1200 2485 ἡ
1210 2413 1325 2484 μῶν
1352 2412 1490 2468 ἔστω
1510 2415 1693 2481 τόπος.

432 2501 637 2555 ΠΔΛΛ.
678 2498 753 2556 Εὖ
777 2502 978 2572 λέγεις.

433 2594 600 2648 ΚΥΡ.
628 2594 737 2648 Καὶ
765 2595 887 2649 καθ’
920 2595 1110 2669 ἕτερον
1136 2595 1193 2651 δὲ
1221 2599 1421 2670 τρόπον
1452 2598 1530 2670 (1)
1566 2600 1817 2673 ἀσυναφῆ
1844 2602 1939 2656 καὶ

365 2686 654 2759 ἀσύμϐατα
680 2730 695 2753 ,
729 2689 822 2741 καὶ
845 2688 946 2760 τῆς
980 2692 1115 2761 πρὸς
1150 2691 1354 2764 ἄλληλα
1414 2694 1704 2758 κοινωνίας
1740 2693 1939 2765 διεσχι-

367 2777 539 2851 σμένα
578 2780 644 2833 τά
666 2780 1124 2854 ἐτεροτροποῦντα
1157 2783 1410 2849 δεικνύει,
1443 2785 1708 2858 παραθεὶς
1745 2788 1825 2850 εἰς
1846 2785 1938 2839 τύ-

365 2888 464 2925 πον
494 2870 592 2942 τὴν
631 2873 1016 2946 ὲκτοπωτάτην
1058 2877 1154 2935 καὶ
1187 2877 1477 2932 ἀλλόκοτον
1511 2878 1711 2950 κομιδῇ
1739 2876 1833 2931 τοῦ
1859 2878 1937 2933 λοτ

360 2963 514 3032 γικοῦ
544 2964 683 3029 ζὼου
713 2965 952 3033 σύνοδον,
986 2968 1124 3040 πρός
1162 2970 1223 3023 τὸ
1247 2970 1321 3042 μὴ
1349 2969 1609 3037 τοιοῦτον,
1642 2971 1939 3041 ἑτεροειδὲς

358 3054 414 3107 δὲ
448 3056 541 3109 καὶ
569 3056 822 3124 ἔκφυλον.
855 3058 965 3112 Καὶ
993 3058 1059 3131 δὴ
1080 3058 1171 3114 καί
1197 3077 1360 3131 φησιν
1385 3063 1444 3115 ὲν
1479 3061 1578 3132 μὲν
1607 3064 1673 3133 τῇ
1715 3059 1933 3130 Ἐξόδῳο

366 3165 382 3197 ι
401 3148 494 3210 ’ος
526 3145 590 3200 ἂν
623 3148 860 3220 κοιμηθῇ
898 3148 1035 3219 μετά
1061 3151 1310 3221 κτήνους,
1346 3150 1559 3223 θανάτῳ
1588 3152 1936 3205 ἀποκτενεῖτε
1963 3180 2006 3237 C

358 3236 572 3291 αὐτόν.»
598 3238 939 3311 Σαφέστερον
965 3240 1022 3292 δὲ
1053 3240 1217 3294 πάλιν
1246 3243 1303 3294 ὲν
1340 3242 1418 3311 τῷ
1446 3241 1739 3312 Λευῖτικῷο
1773 3262 1791 3295 ι
1826 3243 1937 3297 Καὶ

357 3326 417 3392 ὃς
461 3328 557 3382 ἐάν
603 3328 677 3398 δῷ
712 3330 993 3383 κοιτασίαν
1027 3328 1193 3384 αὑτοῦ
1244 3331 1302 3383 ὲν
1348 3330 1676 3401 τετράποδι,
1721 3329 1937 3403 θανάτῳ

358 3416 726 3483 θανατούσθω,
750 3421 845 3473 καί
869 3420 928 3474 τὸ
954 3420 1258 3491 τετράπουν
1283 3422 1653 3476 ἀποκτενεῖτε·
1682 3422 1777 3476 καὶ
1798 3422 1934 3494 γυνὴ

354 3508 477 3579 ἥτις
500 3509 921 3580 προσελεύσεται
944 3511 1081 3582 πρὸς
1104 3514 1212 3565 πᾶν
1234 3512 1431 3582 κτῆνος
1461 3511 1747 3583 βιασθῆναι
1766 3512 1935 3585 αὐτὴν

356 3601 450 3655 ὑπ’
476 3600 641 3655 αὑτοῦ
664 3644 679 3666 ,
716 3603 1065 3656 ἀποκτενεῖτε
1091 3604 1191 3674 τὴν
1214 3606 1469 3672 γυναῖκα,
1500 3605 1593 3658 καὶ
1614 3605 1674 3659 τὸ
1706 3605 1928 3676 κτῆνοςσ

357 3688 573 3762 θανάτῳ
614 3691 1094 3746 θανατούσθωσαν·
1138 3693 1309 3765 ἔνοχοί
1355 3695 1511 3747 εἰσιν.
1545 3712 1563 3745 t
1607 3694 1845 3767 Ὀμιλίαι
1873 3714 1931 3749 τε

354 3782 485 3854 γάρ,
517 3783 612 3837 καὶ
643 3783 807 3836 οἱονεί
829 3783 1003 3854 μίξεις
1023 3786 1078 3839 αἱ
1108 3787 1298 3855 νοηταί
1322 3786 1417 3839 καὶ
1448 3786 1685 3851 σύνοδοι,
1714 3788 1771 3841 αἰ
1796 3787 1933 3860 πρός

355 3872 448 3937 οὒς
477 3873 541 3927 ἂν
563 3875 766 3946 ἣκιστα
812 3877 1035 3947 πρέποι,
1064 3876 1161 3930 καὶ
1192 3872 1274 3940 οἷς
1306 3876 1742 3949 κατηῤῥὼστησε
1794 3878 1932 3950 πρὸς

357 3965 579 4036 ἀλογίαν
609 3967 638 4020 6
668 3965 792 4031 νοῦς
827 3968 927 4037 τὴν
964 3969 1235 4040 ἐσχάτην,
1269 3968 1501 4024 θανάτου
1536 3968 1811 4042 πρόξενοι,
1835 3971 1929 4024 καὶ

356 4058 537 4123 αὐτοῖς
568 4061 680 4123 τοῖς
703 4060 1160 4131 παραφθείρουσι,
1190 4062 1283 4116 καὶ
1314 4065 1427 4127 τοῖς
1454 4062 1760 4119 ἐθελούσιον
1794 4065 1929 4119 ὐπο-

360 4150 578 4219 μένουσι
603 4151 700 4223 τὴν
722 4155 1105 4229 παραφθορὰν.

427 4328 631 4383 ΠΔΛΛ.
693 4329 993 4403 Ὀρθότατά
1032 4348 1091 4384 τε
1132 4334 1229 4385 καὶ¹
1282 4334 1426 4404 μάλα
1472 4334 1639 4399 ὁσίως
1685 4337 1714 4389 6
1764 4336 1927 4407 νόμος

358 4417 510 4488 φησί.

357 4599 457 4652 πού
505 4618 675 4666 τινας,
710 4600 784 4664 ὼς
816 4601 877 4665 ἐξ
918 4602 1198 4674 ἀφορήτου
1246 4603 1578 4671 πλεονεξίας,
1615 4607 1710 4661 καὶ
1753 4608 1802 4659 εἰ
1854 4606 1930 4678 μὴ

357 4691 629 4761 βούλοιντο
669 4694 828 4765 τυχὸν
875 4695 974 4766 τὴν
1018 4695 1079 4762 ἐξ
1124 4697 1418 4769 ὀρθότητος
1464 4698 1685 4753 ἐννοιῶν
1727 4700 1821 4753 ἐπὶ
1868 4701 1930 4753 τὸ

356 4785 600 4854 πλαγίως
635 4785 755 4856 εχον
787 4788 1076 4858 ὑπομεῖναι
1106 4788 1487 4862 παραφθορὰν,
1535 4792 1631 4845 καὶ
1676 4792 1929 4865 καθάπερ

354 4876 413 4942 ἐξ
437 4876 701 4946 ἀνάγκης,
728 4878 826 4930 οὐκ
856 4878 1120 4950 ἀδακρυτὶ
1138 4880 1280 4950 τάχα
1314 4897 1415 4933 που
1440 4881 1636 4936 παθεῖν
1666 4882 1765 4954 τὴν
1791 4883 1928 4937 πλά-

354 4984 528 5037 νησιν.
561 4968 674 5021 Ούκ
714 4968 1145 5040 ἀνεπικούρητον
1178 4970 1360 5026 τοίνυν
1391 4972 1419 5025 6
1457 4974 1622 5045 νόμος
1667 4978 1928 5049 περιορᾷν

353 5055 507 5126 ἠξίου
544 5059 640 5114 καὶ
668 5060 730 5113 τὸ
748 5060 986 5115 τοιοῦτον
1013 5063 1188 5131 γένος.

423 5313 631 5370 ΠΑΑΑ,
663 5314 736 5370 Τὸ
770 5318 997 5389 ποῖόν-τι
1024 5317 1132 5390 φῄς
1150 5319 1188 5389 ;‘.

424 5493 586 5547 ΚΥΡ.
622 5495 695 5548 Τὸ
741 5495 889 5566 ζυγῷ
922 5496 1167 5559 δουλείας
1202 5501 1633 5570 κατεσφιγμένον
1676 5505 1768 5558 καὶ
1806 5509 1927 5571 ταῖς

348 5581 458 5638 τῶν
490 5587 811 5657 πριαμένων
842 5587 1112 5652 ἐξουσίαις
1143 5591 1587 5659 κατησχοιμένον.

456 5694 501 5726 ⁹⁰
532 5696 704 5751 Exod.
741 5713 871 5761 xxn,
895 5697 981 5751 19.
1074 5699 1119 5730 ’³
1154 5698 1329 5755 Levit.
1363 5718 1451 5769 xx,
1475 5703 1562 5768 15,
1594 5705 1681 5762 16.

426 5784 502 5857 (I)
535 5785 670 5843 Cod.
702 5787 899 5851 Vatic.,
926 5787 1104 5855 τόκον,
1138 5790 1405 5860 biformem
1440 5803 1673 5864 partum.

2053 1033 2263 1087 semina
2287 1032 2390 1088 sub
2413 1032 2547 1103 ipsis
2567 1032 2776 1087 vitibus
2801 1040 3128 1099 nascantur;
3154 1047 3222 1087 ne
3255 1032 3483 1099 humor,
3508 1033 3641 1087 dum

2050 1124 2216 1180 alieni
2241 1125 2503 1197 germinis
2548 1125 2740 1182 usibus
2771 1125 3149 1189 consumitur,
3175 1124 3297 1179 illas
3339 1123 3557 1180 deﬁciat
3583 1127 3640 1182 in

2051 1218 2186 1274 suis.
2213 1218 2385 1290 Perge
2429 1218 2595 1290 igitur
2613 1219 2726 1290 jam
2755 1226 3010 1287 tanquam
3041 1232 3110 1271 ex
3147 1216 3382 1288 imagine
3407 1218 3475 1272 ad
3510 1232 3641 1273 sen-

2050 1325 2171 1364 sum
2199 1310 2541 1380 spiritualem
2563 1350 2577 1375 ,
2609 1325 2680 1364 ne
2722 1310 3021 1365 rationales
3043 1324 3202 1374 oves,
3250 1309 3640 1380 magistrorum

2049 1402 2266 1458 diversa
2290 1401 2607 1457 docentium
2634 1401 2857 1461 nefariae
2882 1400 3230 1456 seminationi
3246 1442 3261 1467 ,
3287 1401 3637 1457 intellectua-

2048 1492 2127 1558 li,
2159 1493 2382 1564 inquam
2403 1534 2417 1559 ,
2444 1500 2501 1548 et
2523 1494 2702 1564 qualis
2740 1494 2796 1547 in
2839 1493 3190 1548 sermonibus
3226 1501 3390 1563 atque
3414 1508 3639 1564 persua-

2048 1583 2297 1640 sionibus
2341 1600 2461 1641 esse
2514 1585 2836 1649 consuevit,
2881 1583 3141 1656 subjungi
3209 1585 3524 1655 patiamur:
3552 1592 3637 1640 est

2045 1674 2193 1730 enim
2227 1677 2385 1746 plane
2428 1676 2691 1732 deformis
2733 1675 2916 1731 editus
2947 1692 3017 1731 ex
3060 1675 3313 1753 dissimili
3362 1677 3636 1733 sententia

2044 1768 2261 1825 fructus
2282 1812 2295 1835 ,
2321 1782 2376 1825 et
2402 1771 2687 1826 hominum
2718 1770 2775 1825 in
2800 1769 2905 1826 ﬁde
2930 1769 3282 1825 dissimilium
3317 1784 3633 1836 sermones,

2044 1857 2114 1913 iis
2151 1859 2246 1929 qui
2285 1860 2409 1915 illos
2450 1860 2780 1925 admittunt,
2819 1875 3019 1931 pravos
3060 1867 3251 1930 partus
3291 1859 3631 1914 conciliant:

2043 1949 2138 2004 sed
2173 1966 2297 2006 cum
2337 1953 2479 2007 vites
2512 1968 2614 2007 nos
2654 1951 2758 2023 ipsi
2809 1951 3011 2017 simus,
3043 1959 3100 2006 et
3132 1950 3448 2005 vinctorum
3486 1952 3637 2007 vices

2044 2046 2329 2096 teneamus
2346 2082 2361 2107 ,
2394 2041 2559 2095 unius
2584 2040 2735 2096 modi
2780 2039 3019 2112 quodam
3044 2038 3209 2094 modo
3238 2038 3421 2095 fructu
3447 2041 3633 2095 ornari

2045 2131 2340 2196 convenit,
2390 2139 2447 2185 et
2493 2130 2758 2187 biformes
2812 2144 2994 2185 mores
3038 2129 3246 2196 vitare;
3301 2129 3441 2185 nihil
3482 2130 3634 2187 enim

2042 2223 2228 2277 tritico
2260 2232 2316 2277 et
2359 2223 2518 2290 uvis,
2548 2223 2697 2294 quod
2741 2222 2810 2278 ad
2856 2221 3167 2277 naturalem
3213 2221 3631 2279 similitudinem

2040 2316 2344 2386 pertineat,
2370 2332 2661 2372 commune
2706 2323 2811 2370 est.
2839 2315 3034 2370 Nullus
3081 2314 3247 2385 igitur
3273 2316 3329 2369 in
3374 2315 3535 2373 nobis
3559 2318 3634 2372 sit

2040 2409 2236 2464 alienis
2271 2410 2578 2465 seminibus
2611 2410 2785 2464 locus.

2110 2498 2309 2554 I’ALL.
2339 2501 2508 2555 Recte
2534 2500 2696 2555 dicis.

2108 2592 2265 2647 CYR.
2291 2592 2413 2647 Alia
2438 2607 2657 2663 quoque
2682 2591 2899 2648 ratione
2924 2610 3036 2650 non
3062 2596 3341 2653 cohterere
3367 2595 3513 2652 inter
3533 2611 3590 2651 se
3610 2636 3627 2662 ,

2039 2700 2218 2755 neque
2243 2684 2540 2740 convenire
2584 2699 2774 2755 posse,
2824 2700 2947 2754 quae
2998 2686 3235 2743 diversis
3271 2687 3498 2759 praedita
3520 2687 3631 2742 sint

2037 2777 2316 2842 moribus,
2356 2786 2414 2832 et
2443 2786 2631 2831 mutua
2657 2775 2802 2831 inter
2830 2792 2888 2832 se
2917 2779 3302 2835 communione
3334 2779 3628 2851 disiuncta,

2038 2867 2408 2931 demonstrat,
2452 2867 2521 2921 ad
2567 2868 2686 2938 ejus
2725 2868 2805 2922 rei
2842 2866 3074 2939 ﬁguram
3111 2885 3426 2941 proponens
3473 2870 3631 2926 illum

2042 2957 2441 3013 alienissimum
2476 2999 2491 3024 ,
2551 2967 2608 3013 et
2670 2958 2831 3029 plane
2895 2969 3275 3030 portentosum
3347 2961 3632 3018 rationalis

2038 3049 2335 3105 animantis
2370 3064 2494 3104 cum
2539 3065 2606 3104 eo
2653 3066 3040 3121 congressum,
3068 3052 3217 3123 quod
3260 3054 3380 3124 ejus
3418 3062 3632 3109 naturas

2038 3159 2150 3198 non
2177 3143 2284 3208 sit,
2321 3142 2420 3197 sed
2447 3141 2652 3197 diversi
2695 3143 2949 3214 generis,
2974 3150 3031 3198 et
3060 3152 3405 3199 extraneum.
3440 3143 3631 3213 Itaque

2041 3234 2097 3289 in
2123 3233 2313 3289 Exodo
2344 3232 2461 3286 ait:
2500 3250 2518 3283 ι
2562 3230 2824 3298 Omnem,
2862 3233 2957 3304 qui
2985 3234 3185 3288 coierit
3210 3249 3336 3288 cum
3382 3235 3627 3304 pecude,

2040 3335 2219 3381 morte
2243 3324 2493 3381 aﬁicietis
2514 3340 2641 3379 eum
2665 3325 2733 3380 '°.
2766 3343 2784 3377 ›
2815 3325 3039 3381 Planius
3064 3335 3246 3380 autem
3272 3327 3328 3380 in
3350 3325 3628 3381 Levitico:

2048 3435 2066 3467 ι
2096 3417 2165 3470 Ει
2188 3415 2441 3486 quisquis
2483 3414 2703 3470 dederit
2728 3415 3080 3470 cubationem
3124 3431 3280 3471 suam
3305 3416 3361 3471 in
3388 3417 3630 3487 quadru-

2037 3507 2177 3577 pede
2202 3547 2217 3572 ,
2246 3516 2425 3562 morte
2450 3507 2755 3575 moriatur;
2786 3515 2844 3563 et
2876 3507 3193 3579 quadrupes
3216 3509 3582 3566 interficietur
3609 3529 3625 3577 ;

2038 3606 2095 3652 et
2130 3598 2329 3652 mulier
2374 3612 2717 3667 qumcunque
2766 3598 3064 3653 accesserit
3106 3598 3175 3653 ad
3221 3615 3382 3655 omne
3427 3616 3626 3672 pecus,

2037 3698 2100 3744 ut
2123 3688 2192 3744 ab
2216 3704 2284 3743 eo
2314 3687 2690 3754 insccndatur,
2723 3688 3071 3744 interﬁcietis
3104 3691 3396 3747 mulierem
3431 3700 3489 3747 et
3526 3710 3625 3763 pc-

2039 3797 2167 3848 cus;
2203 3790 2380 3835 morte
2405 3780 2838 3848 interﬁciantur;
2864 3781 2948 3836 rei
2974 3783 3188 3837 sunt“.
3222 3802 3241 3835 ι
3287 3783 3449 3854 263
3485 3784 3631 3840 Cou-

2036 3873 2360 3930 suetudines
2395 3874 2600 3940 animi,
2644 3882 2700 3929 et
2742 3873 2911 3929 veluti
2962 3874 3328 3931 admistiones
3364 3875 3632 3947 spiritua-

2035 3967 2119 4022 les
2160 3974 2216 4021 et
2251 3979 2607 4037 congressus,
2632 3981 2758 4021 cum
2809 3966 3012 4037 quibus
3055 3968 3285 4025 minime
3333 3972 3526 4036 decet,
3569 3978 3628 4024 et

2034 4073 2269 4129 quorum
2326 4058 2544 4113 animus
2584 4057 3067 4114 irrationabilitate
3115 4075 3329 4115 summa
3379 4060 3624 4129 laborat,

2033 4150 2229 4203 mortis
2271 4164 2436 4203 causa
2477 4155 2608 4203 sunt
2663 4156 2778 4202 tum
2822 4148 2958 4218 ipsis
3000 4150 3459 4220 corruptoribus,
3503 4157 3622 4205 tum

2032 4240 2196 4293 etiam
2233 4238 2300 4293 iis
2332 4238 2423 4309 qui
2456 4254 2513 4293 se
2543 4245 2735 4308 sponte
2765 4238 3046 4307 corrumpi
3069 4239 3380 4308 patiuntur.

2103 4329 2300 4385 PALL.
2327 4330 2650 4384 Rectissime
2670 4369 2684 4393 ,
2711 4337 2767 4383 ct
2811 4327 3114 4399 justissime
3140 4328 3228 4383 lex
3248 4328 3515 4386 decrevit.

624 4507 947 4579 Θαυμάσαις
976 4509 1021 4563 δ’
1059 4509 1127 4564 ἂν
1169 4509 1251 4564 ἔτι
1298 4513 1392 4565 καὶ
1416 4512 1536 4566 τόδε
1562 4530 1575 4544 ·
1609 4510 1677 4588 ἦν
1720 4514 1830 4586 γάρ
1863 4515 1926 4588 δή

2103 4503 2259 4559 CYR.
2303 4503 2443 4559 Illud
2484 4504 2632 4558 enim
2659 4504 3023 4561 admiratione
3067 4505 3295 4578 dignum
3341 4516 3459 4576 est;
3485 4524 3619 4565 con-

2032 4595 2245 4666 tingere
2286 4594 2436 4650 enim
2483 4596 2673 4666 utique
2716 4604 2962 4667 poterat,
2993 4605 3056 4652 ut
3086 4599 3339 4655 nonnulli
3386 4601 3621 4658 aliorum

2031 4686 2088 4741 vi
2113 4695 2170 4742 et
2190 4686 2435 4757 potentia
2458 4701 2569 4741 non
2592 4687 2817 4743 ferenda
2839 4690 3118 4759 superati,
3149 4691 3367 4748 etiamsi
3392 4693 3621 4749 minime

2031 4777 2264 4834 fortasse
2306 4778 2538 4844 vellent,
2568 4794 2600 4833 a
2646 4788 2797 4835 recto
2843 4796 3009 4837 sensu
3035 4782 3104 4838 ad
3128 4782 3407 4855 cbiiquam
3455 4794 3620 4857 atque

2033 4886 2349 4942 perversam
2389 4871 2706 4941 Opinionem
2746 4874 2991 4943 corrupti
3036 4878 3529 4944 pertraherentur,
3557 4894 3621 4934 ac

2035 4963 2205 5018 veluti
2229 4964 2437 5029 coacti,
2461 4978 2571 5018 non
2614 4963 2732 5019 sine
2756 4964 3011 5037 lacrymis
3034 4966 3270 5024 fortasse
3292 4969 3349 5024 in
3372 4985 3618 5047 errogem

2034 5055 2454 5112 seducerentur.
2482 5056 2601 5111 Non
2637 5057 2821 5127 itaque
2863 5058 2948 5114 lex
2982 5060 3088 5115 hoc
3136 5077 3309 5132 genus
3332 5062 3617 5117 hominum

2034 5151 2153 5206 sine
2201 5152 2325 5207 ullis
2371 5155 2588 5211 auxiliis
2654 5157 3077 5229 relinquendum
3121 5176 3185 5215 ac
3231 5159 3616 5231 negligendum

2035 5242 2269 5296 censuit.

2102 5333 2298 5389 PALL.
2348 5335 2517 5403 Quale
2578 5340 2800 5396 tandem
2863 5342 3012 5397 istud
3067 5358 3240 5413 genus
3294 5348 3411 5407 est,
3466 5342 3614 5412 quod

2036 5423 2209 5480 dicis?

2105 5515 2260 5573 CYR.
2291 5520 2428 5576 illud
2474 5526 2735 5580 nimirum
2760 5523 3045 5578 servitutis
3061 5523 3193 5595 jugo
3218 5524 3574 5582 constrictum
3591 5561 3613 5593 ,

2036 5614 2092 5660 et
2119 5607 2463 5668 dominorum
2494 5616 2725 5687 imperio
2748 5626 3167 5687 przegravatum.
