4138 6300
544 317 642 372 551

619 428 812 484 PALL.
840 425 952 492 Qua
988 424 1199 478 ratione
1228 422 1295 477 iis
1321 423 1407 475 lex
1433 437 1592 491 Opem
1618 422 1781 476 tulit?

613 615 770 670 CYR.
803 611 979 666 Solvit
1010 611 1159 664 enim
1196 607 1432 663 vinculis
1469 616 1526 662 et
1558 608 1840 662 coactione
1861 648 1875 673 ,
1905 609 1949 662 si
1975 607 2124 662 dam—

546 722 676 761 num
723 704 791 758 ad
832 703 1068 757 animam
1107 701 1411 770 pertineat,
1453 714 1519 754 ac
1560 700 1824 752 violatum
1864 699 2126 769 aufugere

548 799 593 851 si
640 797 807 859 velit,
845 794 1064 848 nemine
1117 792 1479 862 impediente,
1529 790 1874 860 apertissime
1927 791 2124 844 sanxit.

549 888 640 944 Sic
662 888 808 942 enim
849 885 1072 954 oblique
1115 884 1253 938 dixit
1278 883 1333 936 in
1359 881 1548 936 Exodo
1575 900 1588 934 :
1621 901 1638 932 ι
1671 880 1727 935 Si
1754 881 1876 950 quis
1900 896 2127 950 percus-

549 981 683 1035 serit
707 979 926 1033 oculum
953 977 1098 1031 servi
1126 976 1211 1029 sui
1235 1016 1249 1039 ,
1275 974 1360 1029 vel
1405 974 1624 1028 oculum
1653 973 1865 1026 ancilla:
1910 988 2050 1037 suae,
2075 981 2132 1028 et

549 1069 906 1124 excaecaverit
925 1109 938 1133 ,
966 1067 1175 1121 liberos
1198 1065 1439 1119 dimittet
1472 1079 1568 1118 eos
1581 1079 1690 1133 .pro
1714 1064 1872 1118 oculo
1894 1078 2084 1117 eorum
2115 1081 2127 1115 :

549 1163 596 1216 si
621 1170 803 1215 autem
830 1163 1050 1214 dentem
1080 1157 1227 1212 servi
1274 1156 1358 1210 sui
1381 1197 1394 1220 ,
1422 1155 1508 1210 vel
1533 1156 1751 1210 dentem
1779 1156 1989 1210 ancilla:
2021 1171 2133 1210 suae

551 1249 892 1313 excusserit,
919 1248 1124 1302 liberos
1145 1246 1386 1300 dimittet
1400 1260 1495 1300 eos
1511 1261 1611 1314 pro
1627 1245 1790 1299 dente
1816 1259 2008 1299 eorum
2027 1246 2092 1297 ’⁸.
2108 1264 2124 1293 ι

551 1339 705 1407 Quod
744 1339 891 1392 enim
927 1337 995 1391 ad
1043 1336 1402 1406 conspicuum
1441 1350 1692 1397 sensum,
1738 1341 1794 1387 et
1828 1335 2132 1403 expositam

552 1441 903 1500 apertamque
931 1426 1346 1497 intelligentiam
1386 1426 1659 1496 pertinet,
1685 1425 1941 1494 prohibet
1963 1425 2133 1479 auda-

552 1521 734 1586 ciam,
782 1529 838 1576 et
883 1519 1234 1574 dominorum
1282 1517 1378 1572 ira:
1430 1516 1653 1571 modum
1708 1516 1908 1586 ponit,
1957 1533 2136 1586 neque

552 1628 794 1682 eousque
817 1611 1070 1682 progredi
1097 1610 1246 1672 vult,
1297 1609 1443 1664 unde
1474 1619 1876 1679 consequatur,
1907 1618 1998 1674 ut,
2041 1611 2136 1681 qui

554 1709 684 1755 sunt
706 1715 897 1755 eorum
946 1699 1252 1754 dominatui
1298 1699 1560 1771 subjecti,
1603 1701 1873 1754 naturalis
1906 1702 2136 1772 integri-

556 1791 685 1844 tatis
722 1791 988 1861 jacturam
1035 1791 1316 1859 patiantur
1349 1809 1362 1844 :
1398 1769 1578 1861 neque
1633 1792 1744 1845 ullo
1803 1793 1966 1847 modo
2013 1769 2138 1862 per-
2169 1769 2210 1822 Β

557 1883 755 1948 mittit,
804 1891 864 1936 ut
909 1881 1066 1936 furor
1103 1882 1368 1937 effrenate
1413 1882 1658 1948 feratur,
1709 1891 2144 1954 exerceaturque

551 1975 664 2048 jam
691 1978 747 2030 in
773 1976 894 2046 ipsa
931 1983 1163 2040 natura,
1192 1976 1350 2046 cujus
1376 1975 1466 2030 ille
1504 1976 1770 2030 duntaxat
1797 1993 1918 2032 esse
1954 1978 2142 2032 Domi-

557 2083 662 2122 nus
684 2068 1037 2137 intelligitur,
1065 2067 1159 2136 qui
1183 2067 1408 2122 creavit.
1437 2067 1572 2122 Nam
1600 2068 1870 2133 servitus,
1899 2078 1984 2132 et,
2022 2087 2144 2140 qua:

559 2158 612 2212 in
637 2174 702 2213 ea
745 2159 1030 2228 sequitur,
1074 2158 1356 2213 calamitas
1397 2159 1622 2213 minime
1658 2160 1747 2213 illa
1795 2161 2014 2230 quidem
2059 2169 2144 2214 cst

557 2256 770 2304 naturae
813 2249 1075 2313 morbus,
1122 2248 1217 2304 sed
1264 2249 1553 2319 iniquitate
1593 2251 2027 2320 opprimentium
2056 2253 2141 2306 in-

558 2348 770 2394 vectus.
797 2339 856 2394 In
880 2339 1105 2394 Christo
1129 2339 1295 2409 igitur
1320 2339 1464 2394 Deus
1487 2354 1551 2395 ac
1592 2340 1754 2394 Pater
1776 2349 1946 2395 totam
1972 2342 2146 2396 conti-

559 2448 671 2487 nuo
716 2440 970 2487 naturam
1015 2431 1084 2486 ad
1135 2447 1261 2486 eum
1310 2439 1514 2486 statum
1576 2431 1871 2498 reformat,
1919 2449 2028 2502 quo
2074 2434 2144 2490 ab

558 2523 715 2579 initio
736 2523 934 2580 fuerat.
967 2543 986 2576 ι
1017 2523 1074 2578 Si
1097 2523 1221 2592 quis
1235 2523 1382 2578 enim
1409 2524 1464 2577 in
1479 2523 1700 2578 Christo
1721 2565 1736 2589 ,
1760 2541 1902 2579 nova
1923 2535 2144 2580 creatu-

561 2631 622 2669 ra
647 2616 713 2668 ”.
748 2635 764 2666 ι
795 2615 983 2684 Itaque
1007 2615 1222 2670 tollitur
1270 2615 1495 2669 omnino
1535 2614 1819 2669 servitutis
1861 2615 2101 2670 dedecus
2130 2635 2142 2669 :

565 2706 761 2760 scribit
800 2706 948 2757 enim
971 2705 1174 2758 Paulus
1204 2722 1216 2757 :
1254 2724 1271 2755 ι
1302 2705 1363 2758 In
1385 2703 1606 2758 Christo
1632 2705 1761 2759 Jesu
1787 2718 1898 2758 non
1921 2713 2004 2759 est
2026 2722 2145 2761 ser-

562 2812 694 2859 vus,
740 2810 918 2864 neque
953 2794 1094 2848 liber
1145 2796 1212 2848 “.
1250 2814 1267 2846 ι
1316 2794 1478 2866 264
1525 2795 1752 2849 Interim
1824 2804 2007 2851 tamen
2059 2799 2146 2852 lex

564 2883 759 2954 puerili
784 2884 939 2953 prius
962 2883 1308 2938 institutione
1335 2899 1434 2938 nos
1457 2883 1523 2938 ad
1547 2883 1941 2953 perfectionem
1965 2887 2143 2941 dedu-

563 2989 723 3037 cens,
779 2973 960 3028 aufert
1011 2973 1470 3044 intemperantem
1519 2979 2041 3046 usum-potestatis,
2087 2989 2145 3035 et

1531 303 1585 358 S.
1629 303 1904 360 CYRILLI
1944 302 2412 359 ALEXANDRINI
2452 301 2766 358 ARCHIEP.

2151 429 2198 484 Α
2299 424 2506 476 ΠΑΛΛ.
2537 417 2851 488 Βεδοήθηκε
2875 413 2932 467 δὲ
2954 412 3074 466 τίνα
3112 399 3178 483 δὴ
3207 412 3316 484 ἄρα
3339 413 3540 483 τρόπον
3569 416 3662 470 καὶ
3683 419 3808 474 τοὺ.

3699 298 3808 356 55?.

2225 531 2341 577 τοις
2373 514 2400 567 ὀ
2431 512 2593 582 νόμος
2615 527 2629 576 ;

2299 604 2462 659 ΚΥΡ.
2508 603 2717 672 Ἀνίησι
2747 599 2855 670 γὰρ
2877 596 3076 668 δεσμοῦ
3100 597 3194 651 xai.
3215 597 3485 668 ἀνάγκης,
3513 599 3646 653 εἰτὸ
3682 601 3809 672 βλά.

2232 693 2328 756 σος
2359 693 2444 763 εἴη
2493 691 2622 761 περὶ
2655 689 2856 759 ψυχὴν,
2888 687 2986 741 καὶ
3032 686 3359 758 ἀποτρέχειν
3389 689 3437 742 εἰ
3481 689 3722 759 βούλοιτο
3750 691 3811 746 τὸ

2227 784 2557 857 ἠδικημένον
2627 778 3088 853 παραποδίζοντος
3154 780 3404 848 οὐδενὸς,
3458 779 3809 838 δεδικαίωκεν

2231 876 2499 947 ἐναργῶς.
2559 876 2703 945 Ἔφη
2757 872 2868 944 γὰρ
2911 865 3013 925 ὧδε
3061 871 3309 940 πλαγίως
3347 874 3406 926 ὲν
3450 875 3516 944 τῇ
3575 874 3796 942 Ἐξόδῳο

2237 988 2258 1022 ι
2312 971 2436 1024 Ἐὰν
2479 969 2536 1022 δέ
2583 985 2668 1032 τις
2719 965 2937 1038 πατάξῃ
2981 966 3073 1020 τὸν
3121 965 3400 1036 ὀφθαλμὸν
3448 966 3544 1020 τοῦ
3599 969 3810 1021 οἰκέτου

2234 1061 2422 1124 αὑτοῦ,
2465 1061 2497 1130 ἢ
2537 1060 2628 1113 τὸν
2667 1057 2946 1128 ὀφθαλμὸν
2989 1057 3088 1127 τῆς
3116 1057 3453 1128 θεραπαίνης
3483 1057 3670 1121 αὑτοῦ,
3715 1060 3813 1112 καὶ

2234 1151 2592 1223 ἐκτυφλῶσῃ,
2643 1150 2985 1222 ἐλευθερίους
3023 1148 3377 1214 ὲξαποστελεῖ
3421 1151 3641 1214 αὑτοὺς,
3687 1151 3814 1203 ἀντὶ

2233 1244 2326 1298 τοῦ
2371 1242 2653 1313 ὀφθαλμοῦ
2698 1242 2910 1296 αὐτῶνθ
2956 1241 3052 1294 ὲάν
3080 1241 3137 1294 δὲ
3171 1240 3263 1294 τὸν
3295 1240 3488 1294 ὀδόντα
3519 1242 3617 1311 τῆς
3649 1241 3815 1311 θερα-

2237 1338 2437 1408 παίνης
2470 1335 2634 1389 αὑτοῦ
2667 1335 2898 1406 ἐκκόψῃ,
2931 1335 2964 1405 ἢ
3003 1333 3094 1387 τὸν
3125 1333 3311 1388 ὀδόντα
3343 1334 3438 1387 τοῦ
3473 1334 3683 1388 οἰκέτου
3715 1335 3817 1386 αὑ-

2236 1429 2353 1493 τοῦ,
2380 1427 2695 1496 ἐλευθέρους
2711 1427 3063 1495 έξαποστελεῖ
3084 1427 3303 1490 αὑτοὺς,
3334 1429 3454 1481 ἀντὶ
3481 1427 3574 1480 τοῦ
3601 1427 3817 1491 ὀδόντος

2238 1519 2442 1573 αὑτῶν.
2492 1537 2509 1570 ι
2545 1518 2709 1572 ⁹Ὀσον
2743 1516 2842 1589 μὲν
2882 1518 2988 1589 γὰρ
3016 1513 3152 1590 ἧκεν
3181 1519 3261 1582 εἰς
3299 1517 3533 1590 Θεωρίαν
3561 1517 3815 1589 έξωφανῆ

2238 1611 2332 1664 καὶ
2363 1611 2652 1683 πρόχειρον
2682 1608 2830 1675 νοῦν,
2858 1607 3200 1663 κατακωλύει
3226 1609 3285 1663 τὸ
3312 1608 3531 1680 θράσος,
3549 1610 3645 1662 καὶ
3675 1625 3818 1678 συμ-

2245 1704 2478 1774 μέτρους
2503 1701 2760 1757 ἀποτελεῖ
2791 1701 2890 1764 τὰς
2920 1701 3030 1754 τῶν
3075 1702 3433 1772 κτησαμένων
3477 1700 3670 1772 ὀργὰς,
3714 1702 3821 1756 καὶ

2243 1791 2302 1845 οὑ
2338 1791 2530 1863 μέχρις
2563 1790 2786 1845 ἐκείνων
2818 1791 2953 1846 ἰέναι
2984 1791 3250 1862 βούλεται,
3281 1791 3348 1844 δι’
3371 1786 3448 1846 ὧν
3478 1792 3546 1846 ἂν
3579 1791 3822 1860 γένοιτο,

2243 1884 2341 1952 τὴν
2371 1883 2451 1945 εἰς
2477 1880 2538 1934 τὸ
2567 1875 2625 1934 εὑ
2653 1875 2791 1935 εἶναι
2813 1879 3016 1951 ζημίαν
3045 1881 3172 1944 τοὺς
3198 1880 3658 1952 ὑπεζευγμένους,
3683 1883 3831 1936 ἀπο-

2245 1973 2456 2042 στῆναι.
2504 1973 2722 2044 Ἐφίησι
2752 1971 2809 2026 δὲ
2841 1971 3092 2042 οὐδαμῶς
3135 1971 3405 2043 ἀχαλίνως
3457 1973 3590 2028 ἰέναι
3640 1973 3710 2027 τά
3754 1977 3832 2028 ἐκ

2244 2064 2442 2135 θυμοῦ,
2473 2065 2569 2118 καὶ
2601 2065 2681 2128 εἰς
2709 2064 2877 2136 αὑτὴν
2905 2064 3006 2136 ἤδη
3042 2063 3376 2135 πράττεσθαι
3404 2064 3502 2136 τὴν
3541 2063 3725 2134 φύσιν,
3749 2063 3832 2141 ἦς

2243 2155 2310 2209 ἀν
2339 2157 2510 2210 νοοῖτο
2568 2158 2728 2227 μόνος
2761 2156 3020 2228 ὑπάρχων
3062 2155 3340 2227 Δεσπότης
3383 2157 3411 2209 ό
3437 2159 3782 2228 Δημιουργός
3808 2176 3825 2188 ·

2244 2246 2454 2302 δουλεία
2484 2247 2593 2319 γάρ
2624 2248 2804 2302 καὶτὸ
2847 2249 2940 2302 ἐπὶ
2977 2249 3103 2320 τῇδε
3141 2247 3313 2310 πάθος
3343 2247 3441 2302 οὑκ
3480 2248 3834 2322 ἀρρώστημα

2245 2341 2492 2411 φυσικὸν,
2527 2341 2641 2395 ἀλλ’
2671 2341 2980 2410 εἰσποιητὸν
3009 2342 3071 2393 ὲκ
3101 2339 3434 2406 πλεονεξίας.
3467 2342 3554 2394 Ἐν
3599 2341 3835 2412 Χριστῷ

2251 2435 2349 2504 μὲν
2396 2429 2488 2487 οὖν
2526 2435 2553 2488 ὁ
2584 2433 2715 2496 Θεὸς
2763 2433 2855 2486 καὶ
2898 2432 3086 2504 Πατὴρ
3127 2432 3257 2502 ὅλην
3287 2434 3615 2487 ἀναπλάττει
3658 2433 3832 2498 εὐθὺς

2249 2527 2386 2596 πρὸς
2417 2525 2477 2578 τὸ
2496 2528 2551 2578 έν
2577 2526 2772 2595 ἀρχαῖς
2793 2525 2892 2596 τὴν
2923 2525 3101 2594 φύσιν.
3129 2542 3146 2575 ι
3175 2525 3240 2578 Εἴ
3258 2543 3340 2588 τις
3355 2527 3463 2597 γὰρ
3493 2527 3551 2579 ὲν
3572 2527 3826 2598 Χριστῷ,

2246 2618 2406 2687 καινὴ
2425 2618 2620 2680 κτίσις.
2648 2635 2666 2668 ι
2703 2617 3032 2687 Ἀναιρεῖται
3063 2615 3119 2668 δὲ
3148 2616 3422 2680 παντελῶς
3449 2618 3547 2686 τῆς
3573 2618 3830 2682 δουλείας

2245 2710 2306 2762 τὸ
2333 2704 2524 2780 αἶσχος
2545 2727 2558 2740 ο
2599 2708 2803 2778 γράφει
2833 2709 2942 2778 γὰρ
2967 2710 2994 2761 ό
3021 2707 3254 2774 Παῦλος,
3287 2709 3369 2762 ὅτι
3408 2727 3426 2760 ι
3482 2709 3569 2763 Ἐν
3601 2710 3831 2780 Χριστῷ

2263 2800 2461 2872 Ἰησοῦ,
2483 2801 2584 2854 οὑκ
2614 2800 2694 2854 ἔνι
2715 2800 2919 2865 δοῦλος,
2947 2801 3066 2854 οὐδὲ
3095 2800 3396 2872 ἐλεύθερος.
3428 2820 3447 2854 ι
3478 2802 3829 2874 Ἀφαιρεῖται

2244 2893 2301 2946 δὲ
2335 2893 2472 2956 τέως
2499 2893 2527 2944 ό
2556 2893 2718 2961 νόμος
2761 2892 3268 2964 προσπαιδαγωγῶν
3319 2895 3398 2956 εἰς
3437 2893 3496 2946 τὸ
3528 2894 3732 2948 τέλειον
3759 2895 3831 2948 τὸ

2244 2985 2346 3054 τῆς
2391 2983 2642 3048 ἐξουσίας
2699 2984 3024 3048 ἀκάθεκτον,
3085 2986 3180 3038 καὶ
3221 2983 3282 3038 τδ
3320 2985 3576 3039 ἐπέκεινα
3621 2985 3829 3058 μέτρου

563 3061 841 3116 licentiam
858 3102 872 3128 ,
898 3077 1021 3132 qua:
1055 3061 1197 3117 ultra
1223 3062 1447 3118 modum
1472 3063 1889 3120 convenientem
1913 3083 2142 3138 progre-

2245 3075 2340 3129 τοῦ
2368 3075 2728 3146 καθήκοντος,
2781 3075 2984 3147 ζημίαν
3042 3077 3303 3140 ἐπιτιθεὶς
3341 3079 3456 3141 τοῖς
3497 3076 3829 3150 ὀλιγωροῦσι

564 3151 748 3219 ditur,
791 3153 1132 3224 multamque
1176 3154 1351 3209 sancit
1411 3155 1466 3209 in
1512 3163 1920 3227 contemptores
1973 3159 2142 3229 legis,

561 3243 824 3298 nimirum
874 3245 1048 3315 ipsam
1074 3259 1269 3299 eorum
1292 3245 1388 3316 qui
1414 3246 1602 3301 violati
1651 3255 1812 3313 sunt,
1842 3251 2146 3304 manumis-

563 3335 797 3390 sionem.
824 3336 1030 3391 Verum
1055 3336 1172 3390 hinc
1195 3337 1418 3405 quidem
1443 3337 1510 3392 de
1551 3337 1722 3408 figura
1745 3347 1801 3393 et
1845 3338 2040 3394 umbra
2059 3381 2073 3400 ,
2100 3341 2146 3395 si

563 3429 652 3482 cui
689 3427 859 3481 libeat
902 3427 1007 3481 hac
1051 3441 1270 3496 quoque
1309 3428 1524 3482 ratione
1566 3429 1912 3500 intelligere:
1941 3430 2037 3485 sed
2068 3432 2145 3496 si,

564 3517 712 3587 quod
747 3525 957 3587 spectat
1005 3517 1122 3581 lex,
1163 3517 1218 3571 id
1269 3518 1633 3587 spiritualitcr
1681 3520 2144 3590 interpretemur,

565 3608 672 3662 alio
698 3623 915 3678 quoque
941 3607 1103 3662 modo
1124 3649 1138 3673 ,
1184 3607 1421 3674 Palladi,
1451 3608 1518 3663 ad
1546 3609 1692 3664 illius
1728 3611 2149 3681 contemplatio-

565 3713 693 3752 nem
747 3697 1011 3753 accedere
1079 3699 1329 3768 poteris:
1365 3699 1507 3754 hanc
1567 3701 1770 3770 quippe
1817 3701 2149 3756 mundanam

565 3789 746 3844 lucem
771 3791 1020 3860 corporis
1045 3792 1219 3846 oculis
1243 3792 1550 3862 excipimus
1573 3799 1627 3847 et
1650 3793 1987 3848 admiramur
2016 3813 2028 3847 :
2057 3795 2151 3848 lux

568 3890 751 3934 autem
781 3881 871 3934 illa
895 3879 1257 3953 intelligibilis
1274 3883 1327 3935 in
1354 3883 1560 3938 nostris
1584 3884 1845 3939 cordibus
1867 3887 2146 3940 exoritur:

569 3971 820 4038 corporis
859 3971 992 4024 item
1017 3972 1176 4026 cibus
1209 3971 1468 4026 dentibus
1506 3973 1795 4028 conficitur
1816 4015 1830 4039 ,
1873 3985 2064 4046 estque
2086 3991 2152 4031 ea

572 4075 662 4114 res
685 4059 752 4113 ad
795 4059 964 4114 vitam
991 4061 1251 4116 tuendam
1275 4063 1364 4117 via
1393 4080 1406 4115 :
1437 4063 1533 4117 sed
1557 4063 1865 4119 divinarum
1903 4075 2150 4121 contem-

571 4149 877 4218 plationum
924 4149 1176 4204 soliditas
1220 4159 1384 4220 atque
1437 4150 1727 4208 difficultas
1770 4157 1969 4209 mentis
2014 4157 2152 4212 viri-

497 4298 505 4305 ,
573 4241 675 4296 bus
716 4248 974 4310 tanquam
1009 4240 1269 4296 dentibus
1305 4243 1702 4312 propemodum
1728 4249 2150 4316 comminuitur,

572 4339 630 4386 et
672 4331 843 4401 pascit
881 4332 1146 4386 animum.
1171 4333 1358 4402 itaque
1385 4333 1661 4404 Sapientia
1708 4335 1870 4392 nobis
1914 4338 2152 4396 divinam

2247 3168 2338 3222 τοῦ
2380 3171 2569 3239 νόμου,
2597 3168 2704 3222 τῶν
2726 3169 2883 3239 ηδικη
2895 3169 3068 3238 μένων
3097 3169 3195 3241 τὴν
3225 3171 3438 3239 ἄφεσιν.
3480 3171 3640 3224 Ἀλλά
3663 3173 3828 3225 ταυτὶ

2252 3256 2351 3327 μὲν
2383 3259 2462 3321 εἰς
2494 3257 2730 3328 γράμμα
2759 3258 2852 3311 καὶ
2874 3257 3053 3325 σκιὰν,
3087 3260 3246 3331 εἴπερ
3272 3260 3447 3314 ’ἐλοιτό
3468 3278 3551 3324 τις
3581 3262 3674 3315 καὶ
3695 3262 3828 3332 τῇδε

2249 3351 2421 3404 νοεῖν·
2464 3351 2512 3402 εἰ
2549 3350 2603 3403 δὲ
2638 3350 2701 3420 δὴ
2746 3350 3158 3422 διερμηνεύοιτο
3217 3354 3604 3424 πνευματικῶς
3652 3357 3679 3407 ό
3728 3355 3827 3409 τοῦ

2250 3439 2416 3510 νόμου
2465 3440 2686 3503 σκοπὸς,
2741 3440 3101 3510 προσϐάλλοις
3152 3441 3239 3507 ἂν,
3289 3436 3335 3495 ὦ
3388 3441 3682 3505 Παλλάδιε,
3730 3445 3832 3498 καὶ

2251 3531 2374 3585 καθ’
2419 3531 2604 3602 ἕτερον
2640 3531 2840 3602 τρόπον
2871 3533 2981 3595 τοῖς
3014 3533 3072 3584 ὲν
3122 3532 3271 3603 αὑτῷ
3319 3534 3672 3605 θεωρήμασιο
3706 3538 3830 3605 φῶς

2255 3623 2353 3694 μὲν
2378 3623 2487 3694 γὰρ
2512 3624 2664 3677 τουτὶ
2689 3622 2750 3676 τὸ
2769 3623 3060 3694 έγκόσμιον
3089 3625 3202 3686 τοῖς
3223 3625 3316 3678 τοῦ
3349 3625 3601 3697 σώματος
3628 3626 3832 3696 ὀφθαλ-

2255 3717 2375 3784 μοῖς
2435 3713 2790 3785 εἰσδεχόμεθά
2831 3731 2891 3766 τε
2939 3714 3032 3766 καὶ
3074 3713 3452 3786 θαυμάζομενο
3506 3717 3622 3786 φῶς
3671 3717 3727 3770 δὲ
3764 3719 3831 3772 τὸ

2252 3801 2393 3856 θεῖον
2423 3803 2517 3858 καὶ
2545 3803 2735 3874 νοητὸν
2770 3805 2826 3856 έν
2855 3805 2977 3864 ταῖς
2999 3803 3296 3874 ἡμετέραις
3313 3805 3521 3876 ἀνίσχει
3541 3807 3793 3878 καρδίαις
3812 3822 3827 3835 °

2253 3893 2349 3947 καὶ
2378 3895 2552 3966 τροφὴ
2581 3895 2677 3964 μὲν
2707 3896 2738 3964 ἡ
2769 3894 2861 3948 τοῦ
2889 3893 3160 3965 σώματος,
3182 3893 3360 3947 ὀδοῦσι
3391 3895 3829 3958 καταλεαίνεται,

2253 3985 2348 4038 καὶ
2381 3985 2534 4038 ἔσται
2559 3985 2624 4038 τὸ
2656 3986 2844 4056 χρῆμα
2885 3987 3018 4056 πρὸς
3057 3985 3202 4056 ζωὴν
3229 3986 3376 4050 ὀδόςο
3411 3986 3479 4040 τὰ
3510 3987 3568 4040 δέ
3605 4005 3670 4056 γε
3717 3987 3832 4040 τῶν

2254 4075 2412 4129 θείων
2442 4076 2832 4147 θεωρημάτων,
2869 4075 3100 4148 σκληρὰ,
3131 4078 3226 4130 καὶ
3245 4077 3540 4145 δυσέφικτα
3574 4077 3834 4150 καθάπερ

2253 4167 2426 4220 ὀδόντι
2456 4169 2521 4238 τῇ
2551 4168 2649 4237 τῆς
2667 4167 2906 4231 διανοίας
2943 4168 3086 4238 ἰσχύϊ
3121 4169 3402 4238 μονονουχὶ
3433 4167 3834 4240 συνθρύπτεται

2253 4257 2347 4308 καὶ
2386 4255 2686 4326 ἀποτρέφει
2715 4255 2915 4326 ψυχήν.
2949 4258 3062 4310 Kal.
3107 4256 3236 4325 γοῦν
3275 4259 3308 4329 ἡ
3351 4257 3520 4326 Σοφία
3547 4257 3644 4327 τὴν
3679 4257 3832 4310 θείαν

2255 4349 2388 4417 ἡμῖν
2412 4347 2507 4400 καὶ
2533 4349 2912 4419 πνευματικὴν
2931 4346 3177 4402 ἀπλοῦσα
3192 4348 3490 4418 τράπεζαν,
3527 4366 3546 4398 ι
3580 4347 3828 4412 Ἔλθετε,

575 4423 1024 4493 spiritualemque
1073 4439 1320 4479 mensam
1361 4442 1670 4497 apponens,
1697 4429 1772 4482 ait
1807 4447 1820 4484 :
1867 4449 1886 4482 ι
1917 4431 2108 4488 Venite
2137 4474 2144 4497 ,

2260 4438 2464 4506 φάγετε
2506 4437 2598 4490 τὸν
2642 4437 2775 4507 ὲμὸν
2827 4440 3011 4508 ἄρτον,
3062 4456 3080 4490 ι
3135 4439 3319 4508 φησίν.
3371 4437 3577 4490 Οὐκοῦν
3625 4438 3729 4490 κᾶν
3775 4441 3829 4492 εἰ

572 4513 720 4568 edite
769 4529 965 4583 panem
999 4531 1182 4569 meum
1211 4517 1276 4570 ⁸⁵.
1313 4535 1331 4568 ι
1363 4517 1567 4588 Igitur,
1605 4521 1818 4577 etiamsi
1860 4539 2021 4579 servo
2042 4525 2156 4580 for-

574 4612 719 4658 tasse
747 4605 802 4657 in
838 4603 1155 4674 hujusmodi
1193 4607 1360 4662 rebus
1386 4608 1593 4678 aliquid
1620 4611 1801 4666 damni
1827 4615 2152 4686 contigerit,

574 4693 881 4748 insaniente
922 4695 1166 4762 domino,
1194 4706 1356 4768 atque
1400 4709 1627 4771 cogente
1661 4713 1722 4758 ut
1746 4704 1907 4760 simul
1931 4724 1961 4762 a
2003 4718 2153 4764 recta

574 4780 886 4850 dogmatum
922 4785 1108 4853 regula
1153 4785 1220 4840 ad
1251 4787 1522 4845 absurdos
1561 4808 1784 4850 errores
1827 4796 2150 4864 delabatur,

574 4871 849 4935 solvatur,
898 4871 1108 4942 inquit,
1155 4891 1361 4942 nexus,
1407 4887 1463 4934 et
1509 4883 1624 4953 jugi
1686 4887 1937 4952 servilis,
1983 4897 2147 4959 atque

573 4978 674 5032 per
701 4961 812 5015 vim
837 4962 1112 5031 impositi,
1141 4966 1289 5020 nulla
1329 4973 1470 5024 ratio
1513 4973 1798 5031 habeatur.
1847 4979 2150 5050 Abjiciatur

571 5055 738 5108 etiam
783 5054 1071 5124 potestatis
1115 5064 1324 5121 metus,
1370 5073 1544 5129 eoque
1593 5077 1781 5138 pergat
1825 5069 1914 5124 ille
1955 5071 2148 5126 aliena:

571 5145 827 5215 potestati
853 5145 1160 5217 subjectus,
1187 5147 1502 5220 ubicunque
1527 5154 1644 5210 sine
1668 5174 1779 5214 suae
1821 5161 2151 5232 integritatis

571 5235 906 5291 detrimento
929 5251 985 5290 se
1011 5253 1132 5292 esse
1157 5253 1316 5308 posse
1359 5245 1627 5310 repererit
1653 5263 1667 5311 ;
1713 5249 1891 5304 anima
1916 5267 2150 5323 namque

575 5330 918 5393 praestantius
945 5328 1080 5383 nihil
1125 5338 1210 5384 est
1237 5349 1248 5383 :
1277 5347 1438 5401 quam
1466 5342 1526 5388 ut
1552 5346 1766 5402 servet,
1813 5356 1842 5394 a
1885 5345 2151 5401 servitute

574 5416 834 5471 solvatur.
863 5418 1004 5474 Vera
1031 5430 1214 5476 autem
1231 5425 1398 5479 verba
1433 5426 1548 5481 haec
1573 5443 1724 5494 esse,
1752 5446 1925 5500 eaque
1952 5437 2155 5491 nostris

575 5503 753 5559 adhuc
778 5509 1118 5575 temporibus
1143 5511 1355 5582 impleri
1380 5556 1394 5580 ,
1420 5515 1578 5571 facile
1602 5527 1684 5573 est
1724 5520 1910 5575 videre
1939 5540 1950 5574 :
1977 5540 2154 5595 neque

2257 4528 2446 4599 οἰκέτῃ
2469 4544 2532 4580 συ
2543 4527 2758 4599 μϐαίνοι
2783 4527 2944 4599 τυχὸν
2963 4529 3088 4599 περί
3113 4545 3165 4580 τι
3194 4527 3302 4580 τῶν
3321 4526 3575 4579 τοιούτων
3603 4526 3826 4597 βλάϐος,

2259 4618 2664 4690 παραπαίοντος
2695 4618 2956 4672 δεσπότου
2989 4619 3082 4674 καὶ
3116 4615 3459 4687 παρολισθείν
3488 4618 3828 4684 ἀναγκάζον-

2253 4726 2344 4773 τος
2376 4709 2434 4776 ὲξ
2481 4709 2771 4781 ὀρθότητος
2806 4711 3092 4780 δογμάτων
3131 4709 3211 4770 εἰς
3261 4705 3490 4760 ἔκτοπον
3536 4707 3826 4777 πλάνησιν,

2255 4798 2518 4862 λελύσθω,
2567 4800 2753 4869 φησὶν,
2791 4801 2820 4852 ὀ
2848 4798 3066 4867 δεσμὸς,
3111 4796 3205 4850 καὶ
3241 4795 3398 4864 λόγος
3455 4794 3595 4848 έστω
3642 4796 3831 4865 μηδεὶς

2256 4891 2555 4959 ἀναγκαίου
2591 4889 2778 4957 ζυγοῦ.
2812 4887 3118 4958 Διερῤίφθω
3140 4887 3196 4939 δέ
3229 4903 3318 4939 ποι
3343 4885 3437 4939 καὶ
3461 4885 3559 4956 τῆς
3581 4884 3831 4950 ἐξουσίας

2255 4982 2318 5035 τὸ
2352 4982 2534 5052 δεῖμα,
2572 4983 2669 5035 ῐτω
2708 4999 2763 5034 τε
2798 4981 2983 5033 λοιπὸν
3031 4981 3059 5032 ὀ
3112 4978 3568 5049 κατεζευγμένος,
3600 4980 3830 5048 ὅποιπερ

2257 5070 2324 5123 ἂν
2354 5071 2502 5140 αὑτῷ
2554 5071 2614 5123 τὸ
2643 5069 2936 5138 ἀλωὸήτως
2959 5067 3101 5137 ἔχειν
3137 5067 3474 5137 εὑρίσκοιτο·
3515 5065 3694 5136 ψυχῆς
3722 5065 3830 5136 γὰρ

2253 5162 2474 5231 ἄμεινον
2491 5161 2642 5215 οὐδὲν
2672 5157 2758 5231 ἦν.
2796 5160 2905 5212 Καὶ
2935 5159 3020 5212 ἵνα
3054 5158 3225 5229 σώσῃ,
3261 5161 3448 5228 φησὶν,
3482 5155 3828 5210 ἀπολελύσθω

2253 5252 2524 5315 δουλείας.
2548 5252 2707 5313 Ἱδοις
2728 5251 2772 5304 δ’
2796 5250 2861 5304 ἂν
2881 5249 3057 5319 ἀληθῆ
3085 5249 3177 5302 τὸν
3205 5249 3384 5317 λόγον,
3408 5249 3501 5301 καὶ
3531 5251 3589 5300 έν
3618 5246 3827 5317 καιροῖς

2257 5344 2337 5397 ἔτι
2361 5347 2474 5408 τοῖς
2501 5343 2622 5397 καθ’
2653 5344 2800 5412 ἡμᾶς
2846 5340 3252 5412 πληρούμενον·
3303 5338 3364 5391 οὑ
3404 5338 3512 5408 γάρ
3549 5337 3823 5406 ἀνέχονται

2257 5435 2531 5488 δεσποτῶν
2555 5436 2764 5488 οἰκέται
2797 5433 3284 5504 παρακομιζόντων
3313 5431 3391 5492 εἰς
3415 5428 3699 5496 πλάνησιν,
3727 5426 3825 5495 τῆς

2259 5527 2648 5599 ἐπηρτημένης
2666 5527 2850 5590 αὑτοῖς
2873 5523 3118 5588 ἐξουσίας
3140 5519 3572 5588 ὑπεξαγαγόντες
3597 5514 3823 5585 γενικῶς

678 5687 911 5742 “Exod.
940 5706 1046 5758 xxi,
1081 5695 1170 5761 26,
1199 5698 1285 5751 27.
1375 5703 1422 5734 "
1449 5701 1488 5754 ll
1509 5701 1632 5755 Cor.
1665 5718 1715 5765 v,
1749 5701 1829 5754 l7.
1907 5701 2178 5758 "Coloss.
2211 5720 2288 5763 ut.
2330 5705 2408 5758 ll.
2493 5701 2714 5762 "Prov.
2743 5723 2817 5774 Ix,
2839 5709 2888 5762 5.
