4138 6300
355 432 464 492 553

1101 432 1190 489 DE
1226 432 1669 492 ADORATIONE
1705 435 1775 491 IN
1806 435 2082 494 SPIRITU
2119 438 2207 494 ET
2246 439 2612 497 VERlTATE.
2656 440 2925 499 LIBNIII.

3506 454 3611 514 554

352 552 419 604 τδ
446 547 505 602 εν
533 561 597 615 γε
623 547 799 616 τούτῳ
816 544 1096 617 πειθήνιον
1116 563 1131 577 ·
1157 545 1314 618 ἄχθει
1345 547 1444 618 μὲν
1465 548 1574 621 γάρ
1588 548 1666 620 τῷ
1693 548 1923 615 δουλείας

2031 550 2179 605 enim
2205 553 2350 608 servi
2393 555 2665 612 sustinent
2708 556 2963 612 dominos
3003 560 3071 613 ad
3118 567 3367 618 crmrem
3389 572 3609 634 pertra-

352 637 447 690 τὸν
493 635 588 689 τοῦ
642 634 895 707 σώματος
947 636 1339 704 ὑπενεγκόντες
1386 638 1607 710 αὐχένα,
1668 639 1929 711 τηροῦσιν

353 726 625 782 ἀθόλωτον
672 728 733 780 ὲν
775 727 990 790 ἑαυτοῖς
1020 727 1114 781 τὸν
1145 727 1292 792 νοῦν,
1341 731 1435 784 καὶ
1476 731 1538 784 τὸ
1580 730 1693 783 δεῖν
1727 730 1927 785 εἰδέναι

351 819 544 888 σαφῶς
561 834 625 871 τε
658 816 756 872 καὶ
775 817 1032 883 ἀπλανῶς
1058 819 1152 873 τὸν
1173 820 1303 893 περὶ
1328 822 1424 893 τῆς
1442 821 1676 893 ἀληθοῦς
1688 812 1929 888 πίστεως

348 909 532 979 λόγον,
567 908 765 963 πολλοῦ
812 909 877 981 δὴ
904 908 1048 979 λίαν,
1096 912 1296 983 μᾶλλον
1333 912 1392 966 δὲ
1435 912 1529 967 τοῦ
1565 913 1763 978 παντὸς
1787 911 1927 967 εἶναι

351 1001 507 1069 ἀξιον
540 1001 962 1066 πεπιστεύκασι,
992 1002 1087 1056 καὶ
1111 1003 1318 1074 τροφὴν
1348 1003 1411 1056 τὸ
1431 1007 1619 1076 χρῆμα
1646 1003 1929 1059 ποιοῦνται

354 1092 755 1164 πνευματικὴν,
794 1087 884 1147 οἷά
926 1109 1035 1165 περ
1061 1093 1235 1148 ὀδόντι
1272 1094 1353 1165 τῷ
1399 1094 1477 1166 νῷ
1507 1095 1928 1169 κατατρίδοντες

353 1186 416 1238 τὸ
444 1187 526 1248 είς
554 1180 649 1248 οῦς
672 1184 992 1255 ἐρχόμενον,
1021 1185 1121 1239 καὶ
1157 1182 1259 1254 τὴν
1284 1186 1394 1239 τῶν
1437 1186 1599 1241 θείων
1641 1186 1928 1259 νοημάτων

352 1277 778 1351 ἀναμασώμενοι
810 1277 1057 1346 δύναμιν.

433 1548 640 1603 ΠΔΛΛ.
699 1546 789 1610 Ὠς
838 1545 1019 1617 σαφής
1062 1560 1125 1597 τε
1181 1543 1338 1615 ἡμῖν,
1390 1543 1486 1598 καὶ⁵
1527 1541 1704 1615 ὀρθῶς
1735 1541 1927 1614 έχωνό

361 1643 594 1787 λόξςοᾷρ.
626 1729 949 1803 Προσεθίζει
974 1729 1032 1784 δὲ
1057 1728 1154 1785 καὶ
1190 1727 1393 1800 ἑτέρως
1415 1728 1444 1781 ὁ
1468 1726 1633 1798 νόμος
1670 1728 1821 1798 ἡμᾶς
1847 1728 1927 1792 είς

357 1823 750 1896 φιλαλληλίαν,
788 1825 956 1895 τιμᾷν
1007 1820 1319 1877 ἀναπείθων
1360 1821 1423 1873 τὸ
1464 1819 1926 1889 συγκαθίστασθαι

2028 642 2254 711 hentes,
2289 653 2347 700 et
2385 660 2453 701 ex
2499 633 2754 718 imposita
2797 650 2904 704 sibi
2948 650 3296 708 dominorum
3337 633 3609 726 potestate

2028 733 2363 791 subtrahunt
2398 736 2638 808 ingenue
2676 738 2733 793 in
2764 738 2867 795 hac
2906 756 2967 796 re
2992 754 3143 797 certe
3184 744 3423 801 cilicium
3445 748 3611 804 obse-

2028 825 2268 894 quendi;
2296 841 2453 892 nam,
2478 843 2603 883 cum
2627 844 2769 885 onus
2814 830 3100 888 servitutis
3120 835 3334 892 cervice
3359 839 3610 909 corporis

2027 916 2293 985 subeant,
2337 934 2541 989 purum
2596 920 2653 975 in
2698 920 2898 992 seipsis
2938 924 3185 979 animum
3232 928 3506 996 retinent,
3551 941 3610 987 et

2025 1008 2187 1078 plane
2209 1022 2276 1064 ac
2296 1008 2532 1065 ﬁrmiter
2550 1025 2713 1067 nosse
2731 1026 2879 1067 verae
2920 1011 3048 1068 ﬁdei
3092 1014 3364 1072 rationem
3384 1018 3608 1089 plurimi

2025 1097 2266 1165 faciunt,
2290 1098 2403 1155 imo
2429 1115 2563 1157 vero
2589 1100 2647 1156 in
2670 1116 2740 1158 eo
2761 1117 3033 1158 summam
3055 1112 3225 1160 totam
3250 1123 3374 1163 esse
3404 1111 3612 1169 consti-

2026 1196 2217 1255 tuunt,
2253 1205 2486 1262 eamque
2522 1208 2640 1248 rem
2664 1192 2723 1249 in
2745 1194 2933 1250 cibum
2977 1196 3322 1267 spiritualem
3345 1207 3607 1269 vertunt,
3680 1206 3683 1209 ’

2026 1282 2084 1336 et
2104 1281 2252 1351 quod
2274 1283 2899 1355 auribusvacceperunt,
2939 1296 3123 1344 mente
3152 1297 3409 1360 tanquam
3444 1293 3610 1350 dente

2026 1373 2446 1442 comminuunt,
2492 1375 2917 1449 divinorumque
2950 1393 3212 1435 sensuum
3233 1382 3345 1437 vim
3386 1399 3609 1440 reman-

2027 1462 2185 1520 dunt

2099 1553 2299 1610 PALL.
2326 1555 2627 1629 Perspicua
2660 1573 2793 1614 sane
2817 1565 2933 1627 est,
2971 1575 3037 1616 ac
3076 1570 3225 1618 recte
3249 1562 3417 1620 habet
3436 1582 3607 1637 expo-

2030 1644 2181 1700 sitio.
2492 1665 2499 1671 -
2931 1657 3039 1700 :1:

2096 1734 2254 1791 CYR.
2293 1736 2467 1793 Aliter
2488 1754 2707 1811 quoque
2750 1742 2840 1797 lex
2860 1758 2964 1799 nos
3005 1743 3329 1811 assuefacit,
3374 1754 3439 1800 ut
3462 1745 3609 1803 inter

2027 1842 2132 1883 nos
2180 1843 2461 1897 amemus,
2507 1847 2632 1888 cum
2677 1835 2858 1890 colere
2901 1835 3098 1892 suadet
3118 1838 3460 1905 societatem,
3500 1858 3609 1912 qua

2935 1665 2965 1684 δ’
3002 1665 3039 1684 1⁸

2931 1690 3050 1711 σι’-σι.

354 1917 466 1979 τοῖς
492 1914 682 1983 ἐγγὺς,
709 1915 805 1967 καὶ
825 1914 954 1978 τοὺς
969 1914 1068 1985 τῆς
1100 1911 1418 1981 ἀνισότητος
1443 1911 1923 1983 καταμυσαττόμε-

2025 1934 2148 1974 cum
2191 1922 2459 1991 proximis
2499 1927 2888 1996 congruimus,
2915 1937 2972 1984 et
3013 1929 3354 2001 inaequaliter
3385 1911 3607 1989 vivendi

238 2049 253 2056 -
351 2005 444 2069 νός
473 2023 535 2058 τε
563 2005 662 2059 καὶ
691 2004 935 2070 κολάζων
964 2004 1221 2077 τρόπους.

423 2098 630 2152 ΠΑΔΛ.
652 2097 777 2162 Πῶς
804 2097 868 2169 δὴ
895 2098 1003 2169 φής
1022 2116 1037 2165 ;

423 2193 590 2246 ΚΥΡ.
629 2192 833 2245 Ἄκουε
862 2193 958 2263 δὴυ
990 2191 1193 2264 γράφει
1219 2191 1330 2263 γὰρ
1356 2190 1520 2246 πάλιν
1544 2206 1559 2222 ο
1602 2208 1620 2242 ι
1665 2187 1793 2243 Ἐὰν
1832 2205 1927 2243 κε-

355 2284 552 2359 ρατίσῃ
594 2284 737 2348 τινὸς
782 2285 983 2356 ταῦρος
1019 2285 1110 2339 τὸν
1153 2283 1354 2355 ταῦρον
1399 2281 1494 2336 τοῦ
1537 2281 1784 2354 πλησίον,
1833 2281 1929 2335 καὶ

351 2372 671 2447 τελευτήσῃ,
707 2373 1079 2429 ἀποδώσονται
1114 2375 1207 2428 τὸν
1236 2373 1437 2446 ταῦρον
1471 2371 1566 2426 τδν
1598 2371 1801 2440 ζῶντα,
1832 2371 1928 2426 καὶ

353 2465 650 2520 διελοῦνται
698 2466 758 2521 τὺ
791 2465 1055 2538 ἀργύριον
1097 2465 1288 2532 αὐτοῦ,
1319 2466 1415 2519 καὶ
1461 2465 1555 2519 τὸν
1597 2465 1798 2537 ταῦρον
1836 2464 1927 2519 τὸν

352 2559 653 2626 τεθνηκότα
685 2558 1005 2613 διελοῦνται.
1050 2558 1175 2612 Ἐἀν
1202 2558 1260 2610 δὲ
1297 2557 1635 2629 γνωρίζηται
1661 2558 1690 2610 6
1724 2556 1927 2629 ταῦρος

355 2652 438 2707 δτι
473 2654 795 2725 κερατιστής
823 2654 939 2706 ἐστι
960 2653 1065 2724 πρὸ
1094 2653 1194 2724 τῆς
1214 2652 1340 2723 χθὲς
1363 2652 1458 2705 καὶ
1482 2653 1589 2721 πρὸ
1614 2650 1715 2721 τῆς
1737 2649 1924 2722 τρίτης

355 2743 598 2814 ἡμέρας·
643 2743 735 2797 καὶ
762 2742 1345 2815 διαμεμαρτυρημένα
1373 2737 1476 2797 ὦσι
1504 2741 1583 2813 τῷ
1623 2741 1798 2813 κυρίῳ
1830 2740 1928 2796 αῦ-

354 2834 472 2900 τοῦ,
503 2834 705 2906 καὶμὴ
735 2834 973 2909 ἀφανίσῃ
1019 2835 1206 2900 αὐτὸν,
1252 2834 1500 2889 ἀποτίσει
1553 2833 1753 2906 ταῦρον
1802 2830 1927 2887 ἀντὶ

351 2928 573 3002 ταύρου,
598 2931 627 2983 6
655 2928 711 2983 δὲ
732 2928 1138 3000 τετελευτηκὼς
1162 2927 1311 2999 αὐτῷ
1331 2927 1504 2982 ἔσται,
1536 2945 1555 2980 i
1574 2928 1737 3000 Ὁρᾷς
1763 2925 1824 2980 τὸ
1840 2925 1925 2980 ατο

351 3035 546 3090 νιγμα,
581 3018 677 3073 καὶ
692 3019 972 3082 οἰονείπως
998 3021 1128 3089 ἡμῖν
1151 3020 1215 3072 ὲκ
1238 3017 1680 3090 παραδείγματος
1701 3018 1925 3087 ὲναργεο

353 3112 551 3166 στάτου
584 3110 722 3184 πρὸς
745 3111 806 3164 τὸ
830 3110 959 3165 εὐθὺ
985 3109 1360 3180 διαστείχοντα
1392 3109 1483 3162 τὸν
1523 3107 1618 3162 ἐπὶ
1665 3107 1802 3176 τῷδε
1839 3108 1927 3161 λό-

350 3221 483 3274 γον;
514 3204 579 3258 Εἰ
621 3205 732 3276 γὰρ
775 3203 987 3272 γένοιτο
1027 3202 1303 3266 τεθνάναι,
1354 3202 1509 3272 φησὶ,
1534 3201 1627 3255 τὸν
1650 3200 1745 3254 τοῦ
1775 3199 1924 3254 δεῖνα

350 3295 569 3370 ταῦρον,
617 3298 712 3350 καὶ
746 3296 835 3366 ὑφ’
880 3295 1069 3367 ἑτέρου
1120 3294 1323 3367 ταύρου
1366 3296 1573 3360 πεσεῖν,
1619 3291 1920 3347 διελοῦνται

349 3389 443 3443 τὸν
490 3388 693 3461 ταῦρον
736 3389 828 3443 τὸν
869 3388 1066 3454 ζῶντα,
1101 3391 1196 3442 καὶ
1244 3390 1446 3459 ἀμφοῖν
1492 3387 1647 3441 ἔσται
1690 3385 1850 3440 πάλιν
1892 3384 1922 3436 ὁ

349 3481 649 3552 τεθνηκὼς,
681 3483 979 3545 τουτέστιν,
1021 3482 1069 3535 εί
1118 3479 1431 3544 πλεονεξίας
1479 3478 1782 3547 ἐπιγένοιτο
1828 3476 1923 3530 καὶ

350 3574 565 3637 ἀδικίας
614 3573 816 3644 τρόπος
844 3571 973 3645 παρ’
1007 3571 1107 3642 οὐχ
1144 3571 1359 3633 ἑκόντος
1403 3569 1548 3632 τινὸς
1597 3570 1677 3632 είς
1712 3568 1919 3638 ἕτερον,

350 3664 693 3736 ἐντρυφάτω,
718 3662 903 3734 φησὶν,
926 3664 955 3714 6
983 3661 1312 3734 ἠδικημένος
1331 3663 1445 3724 τοῖς
1463 3660 1555 3714 τοῦ
1582 3661 1922 3731 λυπήσαντος

351 3754 599 3823 ἀγαθοῖς,
631 3755 726 3808 καὶ
756 3754 941 3816 κοινὰς
965 3752 1136 3822 ἐχέτω
1161 3751 1260 3815 τὰς
1288 3751 1576 3821 θυμηδίας.
1597 3749 1768 3803 Τοῦτο
1791 3749 1918 3817 γὰρ,

350 3844 529 3918 οἶμαι,
577 3845 717 3911 ἐστι,
775 3847 838 3898 τὸ
869 3843 1139 3898 διελέσθαι
1188 3844 1280 3897 τὸν
1329 3843 1530 3912 ταῦρον
1577 3841 1668 3894 τὸν
1706 3839 1918 3904 ζῶντα’

352 3937 553 4001 Κοινάς
596 3937 653 3990 δὲ
687 3936 929 4002 ποιείτω,
976 3935 1130 4008 φησὶ,
1166 3935 1260 3989 καὶ
1299 3934 1637 4004 ἀνεθελῄτως
1685 3949 1922 4003 προσκε-

356 4030 607 4103 κρουκὼς
635 4031 734 4093 τάς
762 4029 855 4083 τοῦ
904 4028 1235 4091 πεπονθότος
1285 4026 1599 4098 συμφοράς·
1631 4025 1783 4079 τουτὶ
1813 4024 1921 4096 γὰρ

350 4118 505 4191 οἶμαι
535 4120 901 4192 παραδηλοῦν,
920 4119 979 4172 τὺ
1006 4117 1275 4173 διελέσθαι
1294 4118 1385 4171 τὸν
1408 4117 1725 4188 τεθνηκότα.
1761 4115 1922 4185 Ὁρᾷς

350 4206 446 4265 οὖν
491 4211 641 4274 ὅπως
666 4213 694 4264 ὁ
739 4210 902 4280 νόμος
933 4208 1349 4277 αἰνιγματωδῶς
1377 4207 1460 4261 ἔτι
1499 4206 1593 4259 καὶ
1631 4221 1923 4260 κατεσκιά-

357 4301 567 4373 σμένως
591 4303 685 4357 τὸν
710 4300 1031 4371 φιλάλληλον
1056 4301 1354 4369 εἰσηγεῖται
1373 4300 1601 4369 τρόπον;
1624 4299 1693 4350 Ἢ
1716 4297 1836 4367 οὐχὶ
1855 4296 1921 4364 δὴ

353 4395 511 4449 τοῦτό
542 4395 656 4448 ἐστι
683 4396 765 4460 τὸ,
802 4411 819 4444 ι
845 4391 1072 4463 Χαίρειν
1101 4392 1237 4463 μετά
1259 4392 1579 4462 χαιρόντων,
1608 4386 1923 4458 καίκλαίειν

358 4489 497 4559 μετά
532 4488 824 4543 κλαιόντων
844 4502 858 4552 ;
898 4504 917 4536 ι

422 4581 629 4637 ΠᾹΔΛ.
668 4581 873 4634 Ἕοικε.

423 4672 587 4726 ΚΥΡ.
614 4673 676 4725 Εἰ
705 4671 761 4724 δὲ
788 4671 873 4742 δὴ,
898 4668 1082 4740 φησὶν,
1102 4671 1130 4722 ὀ
1160 4669 1494 4723 πλεονεκτῶν
1517 4668 1682 4741 εἰδείη
1713 4671 1919 4741 σαφῶς,

349 4768 434 4821 ὅτι
466 4767 717 4822 πείσεταί
750 4785 801 4819 τι
836 4766 1008 4819 δεινὸν
1039 4767 1068 4818 6
1109 4765 1299 4828 πέλας,
1335 4762 1444 4817 τῶν
1475 4763 1573 4832 τῆς
1610 4761 1923 4828 πλεονεξίας

351 4863 570 4933 τρόπων
621 4862 722 4915 οὐκ
768 4859 1158 4931 ἀνῃρημένων,
1196 4857 1400 4928 ζημίαν
1443 4856 1605 4919 αὐτὸς
1645 4856 1742 4927 τὴν
1803 4855 1922 4926 ἴσην

353 4955 639 5025 ὑπομενεῖ,
675 4954 770 5006 καὶ
809 4954 906 5022 τὴν
947 4951 1043 5005 τοῦ
1096 4951 1362 5013 παθόντος
1414 4949 1697 5020 συμφορὰν
1754 4949 1921 5001 ἐπαν-

345 5048 539 5118 τλήσει
570 5047 707 5120 μόνῃ
729 5049 795 5117 τῇ
832 5046 940 5116 ἰδίᾳ
967 5044 1135 5114 ψυχῇ.
1155 5042 1326 5096 Τοῦτο
1350 5042 1459 5112 γὰρ
1482 5039 1916 5110 αἰνιγματωδῶς,

343 5142 430 5204 σεδ,
470 5158 488 5192 ι
529 5139 802 5192 ’Δποτίσει
824 5136 1021 5209 ταῦρον
1055 5135 1174 5190 ἀντὶ
1205 5136 1429 5204 ταύρου,
1458 5135 1487 5187 6
1514 5131 1571 5185 δὲ
1605 5132 1916 5203 τετελευτη-

347 5230 464 5293 κὼς
492 5229 656 5283 αὐτοῦ
687 5228 861 5282 ἔσται.
898 5247 917 5278 ι
970 5228 1045 5279 Οὐ
1084 5227 1192 5296 γὰρ
1230 5225 1391 5296 μέχρι
1438 5223 1531 5278 τοῦ
1570 5224 1679 5278 τῶν
1706 5223 1920 5277 οἰκείων

347 5320 574 5388 ἀγαθῶν
601 5320 896 5374 ἀποπεσεῖν
924 5320 1034 5380 τοῖς
1066 5315 1341 5369 ἀδικοῦσιν
1368 5318 1395 5369 6
1422 5315 1597 5384 λόγος,
1639 5315 1754 5369 ἀλλ’
1782 5316 1919 5370 ἰδίαν

341 5411 529 5478 ἕξουσι
566 5411 874 5481 συμφορὰν,
908 5412 1002 5463 καὶ
1029 5407 1206 5462 αὐτῶν
1238 5406 1389 5461 ἔσται
1412 5407 1602 5472 πάθος,
1630 5407 1690 5459 τὸ
1716 5407 1792 5477 τῷ
1819 5408 1918 5461 πέ-

341 5504 446 5567 λας
481 5504 846 5575 συμϐεϐηκός.

420 5679 630 5734 ΠΑΛΛ.
674 5681 760 5742 Ὦς
787 5676 844 5733 εὖ
875 5695 936 5746 γε
967 5680 1096 5749 ἡμῖν
1124 5681 1151 5731 6
1189 5677 1342 5745 λόγος
1373 5677 1504 5748 ἕχει.

461 5796 698 5852 "Exod.
727 5795 1042 5859 xxl,55,36.
1116 5794 1158 5827 ⁸⁷
1194 5794 1350 5849 Rom.
1405 5811 1499 5861 In,
1554 5794 1636 5849 15.

576 5924 581 5931 ι
666 5890 942 5950 PATROL.
990 5889 1103 5947 Gn.
1151 5890 1405 5948 LXVIII.

2030 2024 2212 2066 mores
2234 2010 2539 2068 detestatur
2562 2029 2626 2069 ac
2647 2015 2825 2086 punit.

2099 2101 2261 2173 265
2286 2103 2482 2160 PALL.
2515 2103 2637 2172 Quo
2662 2107 2883 2163 tandem
2910 2107 3057 2165 istud
3083 2110 3282 2169 modo?

2095 2191 2253 2251 CYB.
2312 2193 2515 2265 Accipe
2561 2195 2712 2266 jam;
2757 2197 2953 2253 scribit
3005 2200 3154 2255 enim
3206 2216 3402 2258 rursus
3441 2219 3456 2256 :
3491 2220 3510 2254 ι
3549 2201 3621 2260 Si

2028 2299 2202 2340 cornu
2234 2287 2572 2356 percusserit
2594 2288 2828 2359 alicujus
2870 2297 3064 2347 taurus
3106 2299 3329 2349 taurum
3371 2296 3607 2365 proximi

2028 2375 2136 2437 sui.
2184 2384 2241 2432 et
2285 2387 2540 2432 mortuus
2563 2376 2753 2443 fuerit,
2778 2379 3023 2435 vendent
3060 2388 3282 2437 taurum
3304 2384 3605 2451 viventem,

2028 2474 2085 2520 et
2105 2466 2352 2523 divident
2374 2467 2616 2538 pretium
2639 2470 2760 2540 ejus
2789 2485 2804 2535 ;
2836 2475 3055 2525 taurum
3081 2486 3300 2543 quoque
3326 2480 3607 2529 mortuum

2028 2558 2296 2615 divident.
2323 2560 2478 2628 Quod
2507 2561 2553 2617 si
2577 2562 2860 2633 cognitum
2886 2562 3073 2630 fuerit,
3100 2564 3245 2635 quod
3270 2572 3463 2621 taurus
3484 2581 3609 2621 cor-

2026 2658 2231 2722 nupeta
2255 2660 2403 2706 esset
2432 2660 2561 2708 ante
2585 2652 2908 2710 hesternum
2944 2664 3003 2710 et
3026 2663 3152 2709 ante
3177 2655 3402 2710 tertium
3434 2656 3603 2722 diem,

2026 2751 2083 2799 et
2107 2743 2381 2800 testiﬁcati
2409 2744 2618 2801 fuerint
2640 2744 2865 2801 domino
2886 2745 3026 2817 ejus,
3048 2752 3104 2801 et
3125 2760 3236 2800 non
3252 2745 3608 2804 absconderit

2026 2849 2153 2891 eum
2175 2877 2190 2895 .
2229 2834 2424 2891 reddet
2446 2843 2666 2891 taurum
2702 2850 2804 2907 pro
2830 2842 3021 2903 tauro,
3054 2844 3112 2892 et
3145 2846 3400 2893 mortuus
3431 2836 3607 2908 ipsius

2025 2925 2133 2981 erit
2153 2926 2219 2979 ’⁸.
2267 2944 2285 2977 ι
2327 2924 2507 2981 Vides
2541 2925 2796 2996 aenigma,
2846 2931 2904 2980 et
2948 2924 3244 2996 Scriptum
3292 2924 3396 2981 hac
3427 2925 3496 2981 de
3541 2941 3605 2982 re

2027 3017 2196 3073 verba
2228 3015 2634 3087 quodammodo
2672 3030 2739 3070 ex
2776 3015 3196 3072 evidentissima
3237 3016 3490 3086 exemplo
3531 3017 3603 3072 ad

2027 3108 2083 3168 id
2124 3106 2372 3171 tendere,
2400 3106 2550 3177 quod
2580 3114 2791 3162 rectum
2814 3107 2938 3161 est?
2960 3106 3017 3162 Si
3042 3107 3212 3172 enim,
3240 3106 3439 3176 inquit,
3466 3122 3603 3163 con-

2026 3199 2215 3270 tigerit
2248 3200 2389 3255 mori
2412 3198 2721 3270 cuiuspiam
2750 3208 2992 3267 taurum,
3017 3206 3075 3255 et
3100 3199 3170 3255 ab
3192 3200 3422 3255 alterius
3443 3209 3604 3257 tauro

2026 3292 2225 3356 occidi,
2257 3292 2505 3348 divident
2527 3292 2805 3348 viventem
2836 3299 3078 3357 taurum,
3102 3301 3160 3348 et
3183 3291 3470 3347 amborum
3510 3292 3605 3348 iti-

2022 3386 2147 3440 dem
2170 3386 2275 3440 erit
2295 3385 2531 3447 occisus,
2558 3383 2613 3438 id
2627 3392 2711 3439 est
2736 3401 2749 3436 :
2775 3385 2821 3439 si
2845 3383 2990 3455 quod
3023 3382 3395 3454 oppressionis
3415 3391 3473 3438 et
3496 3382 3605 3438 ini-

2022 3478 2247 3547 quitatis
2273 3494 2445 3548 genus
2467 3478 2536 3532 ab
2554 3476 2741 3547 aliquo
2763 3491 2873 3531 non
2894 3477 3137 3541 volente,
3162 3476 3219 3531 in
3243 3477 3478 3532 alterum
3501 3475 3603 3531 de-

2023 3573 2257 3626 rivatum
2284 3572 2376 3636 sit,
2401 3570 2540 3641 ejus,
2576 3569 2775 3639 inquit,
2821 3568 2985 3624 bonis
3026 3569 3119 3639 qui
3157 3569 3406 3634 oﬁ‘endit,
3436 3568 3482 3624 is
3505 3568 3601 3638 qui

2022 3650 2261 3716 violatus
2333 3666 2438 3724 cst,
2494 3658 2841 3729 perfruatur,
2893 3666 2950 3711 et
2999 3657 3308 3712 communia
3365 3657 3605 3712 habeant

2021 3752 2305 3808 commoda
2330 3759 2495 3821 atque
2521 3750 2734 3805 solatia.
2780 3750 2895 3805 Hoc
2933 3749 3081 3804 enim
3124 3758 3229 3813 est,
3269 3749 3485 3819 opinor,
3515 3747 3603 3803 di-

2022 3844 2211 3898 videre
2256 3843 2532 3897 viventem
2580 3848 2797 3896 taurum
2837 3856 2851 3894 :
2896 3854 3327 3909 communesque
3363 3840 3601 3908 habeat,

2022 3935 2221 4005 inquit,
2246 3934 2339 4004 qui
2372 3934 2460 3989 vel
2496 3933 2690 3988 nolens
2731 3931 2981 3997 oﬁ'endit,
3020 3932 3141 4002 ejus
3164 3931 3257 4003 qui
3285 3932 3484 3987 damno
3519 3942 3605 3987 cst

2022 4028 2271 4093 affectus,
2302 4026 2639 4082 calamitates
2667 4042 2682 4079 :
2728 4024 2784 4079 id
2804 4023 2954 4079 enim
2978 4038 3047 4078 ex
3069 4038 3139 4078 eo
3174 4021 3479 4093 signiﬁcari
3516 4038 3606 4076 ar-

2022 4119 2220 4184 bitror,
2276 4117 2427 4187 quod
2473 4115 2650 4171 dividi
2689 4114 2916 4186 jubetur
2949 4112 3189 4169 occisus.
3233 4111 3402 4166 Vides
3436 4110 3606 4181 igitur

2024 4218 2087 4264 ut
2127 4209 2216 4262 lex
2245 4206 2535 4276 aenigmata
2559 4212 2616 4259 et
2636 4204 2861 4258 umbras
2885 4200 2953 4256 ad
2977 4207 3185 4254 mutuae
3207 4197 3606 4254 benevolentia:

2025 4313 2207 4353 mores
2246 4296 2542 4352 hortetur?
2586 4309 2766 4349 annon
2803 4292 2912 4347 hoc
2948 4290 3084 4345 illud
3121 4296 3247 4345 est:
3296 4307 3315 4340 ι
3347 4288 3602 4346 Gaudere

2026 4404 2151 4444 cum
2178 4387 2564 4458 gaudentibus,
2591 4394 2648 4440 et
2671 4384 2801 4439 ﬁere
2825 4397 2951 4438 cum
2974 4380 3330 4437 ﬂentibus"?
3365 4400 3383 4432 ι

1959 4591 2002 4645 D
2096 4588 2294 4645 PALL.
2336 4588 2416 4642 Ita
2448 4586 2686 4641 videtur.

2094 4680 2250 4735 CYR.
2297 4678 2353 4733 Si
2392 4694 2525 4733 vero
2560 4679 2653 4733 ille
2681 4684 2973 4747 Oppressor
3013 4676 3174 4746 plane
3216 4677 3383 4741 norit,
3410 4675 3456 4730 si
3484 4674 3600 4745 ipse

2023 4770 2397 4843 Oppressionis
2439 4783 2551 4823 sua:
2582 4782 2763 4822 mores
2807 4781 2918 4821 non
2978 4765 3308 4830 cohibuerit,
3350 4764 3602 4836 proximo

2024 4860 2229 4931 aliquid
2275 4859 2607 4915 incommodi
2650 4858 2920 4924 futurum,
2965 4857 3085 4928 pari
3120 4858 3319 4913 damno
3340 4857 3601 4913 multabi-

2026 4963 2137 5017 tur,
2167 4961 2225 5007 ct
2248 4953 2368 5022 ejus
2393 4950 2788 5006 detrimentum
2828 4951 2925 5021 qui
2951 4950 3192 5006 violatus
3215 4959 3317 5005 est.
3344 4966 3456 5004 suae
3480 4949 3602 5003 ani-

2025 5062 2125 5101 ma:
2180 5046 2354 5100 solius
2408 5044 2658 5115 periculo
2724 5043 3032 5099 exhauriet.
3100 5043 3214 5097 Hoc
3264 5041 3410 5096 enim
3464 5039 3601 5094 illud

2023 5138 2253 5209 aenigma
2301 5137 2572 5206 signiﬁcat
2618 5155 2635 5191 εκ
2683 5156 2701 5188 ι
2754 5135 2966 5192 Reddet
3008 5143 3229 5189 taurum
3271 5148 3373 5202 pro
3407 5138 3599 5196 tauro;

2022 5241 2273 5286 mortuus
2294 5239 2476 5285 autem
2509 5229 2684 5300 ipsius
2706 5230 2814 5285 erit
2836 5228 2904 5280 ³⁸.
2939 5246 2957 5278 ›
2978 5226 3165 5294 Neque
3187 5224 3335 5279 enim
3364 5238 3489 5277 cum
3510 5222 3598 5289 iis,

2023 5323 2118 5393 qui
2147 5323 2402 5394 injuriam
2436 5322 2700 5385 inferunt,
2741 5321 2815 5373 ita
2851 5318 3118 5372 duntaxat
3155 5323 3367 5385 agetur,
3408 5322 3470 5368 ut
3494 5329 3600 5369 sua

2026 5412 2188 5467 modo
2236 5412 2376 5465 bona
2420 5411 2690 5469 amittant,
2730 5408 2823 5462 sed
2873 5404 3094 5475 pmpria
3134 5403 3354 5458 illorum
3378 5401 3484 5457 erit
3505 5416 3599 5458 ca-

2025 5503 2241 5556 lamitas
2277 5519 2290 5555 :
2333 5509 2387 5556 et
2413 5501 2515 5570 ipsi
2540 5500 2743 5553 malum
2773 5497 2877 5551 hoc
2898 5495 3192 5565 patientur,
3223 5491 3369 5563 quod
3411 5490 3601 5563 proxi-

2025 5609 2114 5647 mo
2144 5592 2395 5663 contigit.

2098 5684 2294 5737 PALL.
2328 5682 2593 5738 Prreclarc
2617 5696 2747 5735 sane
2782 5696 2839 5735 se
2868 5678 3035 5733 habet.
3058 5675 3256 5731 oratio.

1717 5797 1761 5828 ’⁸
1802 5797 1971 5851 Exod.
2019 5815 2126 5857 xxi,
2172 5799 2273 5852 56.

3247 5874 3316 5935 18
