4138 6300
613 459 718 516 555

1565 508 1567 510 .
1616 449 1670 506 S.
1714 448 1987 507 CYRILL‘I
2027 447 2497 506 ALEXANURINT
2527 449 2843 508 ARCHIEP.

3759 453 3856 512 δῶ

675 569 830 625 CYR.
857 564 1325 637 Sapientissimam
1356 576 1523 633 porro
1565 563 1727 618 nobis
1755 570 1961 618 mutuae
2003 562 2169 616 chari-

2362 563 2528 618 ΚΥΡ.
2580 563 2751 632 Σοφὸν
2791 565 2849 618 δὲ
2891 565 3022 636 ἡμῖν
3060 564 3160 635 τῆς
3211 564 3293 628 εἰς
3343 565 3606 637 ἀλλήλους
3642 568 3854 644 ἀγάπης

613 659 740 713 tatis
788 659 964 728 legem
1007 656 1134 711 tulit
1177 656 1373 710 beatus
1421 653 1659 720 Paulus,
1713 667 1841 708 cum
1883 653 1961 708 ita
2003 652 2185 708 dixit:

616 771 635 805 ι
667 751 786 805 Non
825 764 948 820 quae
981 757 1168 803 vestra
1206 747 1455 818 ipsorum
1499 752 1630 800 sunt
1663 752 1993 815 quaerentes,
2015 743 2111 799 sed
2133 752 2191 799 et

608 856 732 912 quae
751 841 983 896 aliorum
1002 840 1082 905 ’9;
1108 857 1124 890 ι
1147 838 1387 894 charitas
1407 838 1555 894 enim
1577 851 1689 892 non
1709 836 1926 908 quaerit,
1950 850 2072 906 qua:
2089 850 2188 890 sua

608 933 846 999 sunt"‘,
875 931 972 988 sed
1007 931 1196 1002 potius,
1217 929 1530 986 considerat
1552 930 1720 986 etiam
1741 943 1863 999 quae
1890 934 2018 984 sunt
2047 926 2187 983 alio-

609 1041 756 1091 rum,
780 1033 921 1080 etut
942 1039 1064 1094 qua:
1103 1031 1232 1078 sunt
1263 1021 1518 1088 fratrum,
1544 1023 1685 1078 bene
1710 1037 1768 1076 se
1792 1021 2048 1076 habeant.
2071 1019 2188 1075 Hoc

610 1119 790 1188 ipsum
814 1114 1002 1170 itidem
1026 1121 1241 1168 veteres
1258 1111 1482 1166 Litterae
1503 1111 1644 1167 clam
1671 1109 1934 1172 indicant,
1961 1123 2083 1178 qua:
2105 1107 2187 1163 sic

607 1209 815 1263 habent
849 1222 862 1258 :
913 1225 930 1257 ι
962 1204 1018 1260 Si
1051 1203 1312 1273 depastus
1349 1201 1474 1272 quis
1522 1201 1694 1256 fuerit
1749 1214 1939 1270 agrum
1980 1206 2077 1255 aut
2103 1197 2187 1252 vi-

605 1313 786 1363 neam,
828 1306 886 1353 et
931 1295 1207 1351 dimiserit
1234 1296 1548 1365 jumentum
1575 1306 1757 1356 suum,
1799 1291 1962 1362 266
1996 1297 2058 1344 ut
2089 1289 2185 1345 de-

604 1399 859 1461 pascatur
895 1401 1086 1458 agrum
1117 1385 1380 1450 alienum,
1416 1382 1610 1439 reddet
1634 1398 1702 1440 ex
1725 1397 1854 1452 agro
1892 1397 1993 1436 suo
2027 1381 2183 1452 juxta

603 1482 845 1536 fructum
880 1481 1033 1550 ejus;
1077 1477 1124 1532 si
1161 1484 1346 1532 autem
1377 1489 1597 1530 omnem
1630 1488 1823 1544 agrum
1868 1473 1986 1543 ejus
2011 1471 2181 1542 depa-

603 1578 750 1633 stum
779 1568 966 1630 fuerit,
994 1565 1202 1637 optima
1239 1565 1357 1636 agri
1391 1564 1501 1631 sui,
1534 1572 1593 1619 et
1620 1562 1827 1634 optima
1853 1563 2029 1618 vineae
2068 1575 2182 1616 suae

605 1661 798 1716 reddet
819 1661 859 1712 ‘.
892 1678 910 1711 ι
943 1659 1080 1714 Nam
1115 1657 1212 1728 qui
1262 1657 1409 1728 agris
1454 1655 1654 1711 alienis
1685 1670 1846 1710 suum
1868 1655 2180 1725 jumentum

602 1749 873 1814 immittit,
899 1749 990 1804 ille
1016 1749 1132 1803 suis
1154 1747 1380 1818 quidem
1406 1747 1573 1802 rebus
1599 1745 1891 1800 utilitatem
1913 1742 2094 1807 affert,
2123 1748 2180 1796 et

602 1855 700 1894 sua
725 1835 1132 1908 quodammodo
1161 1835 1378 1906 quaerit,
1422 1849 1533 1890 non
1565 1841 1748 1893 tamen
1771 1847 1836 1886 ea
1872 1845 1932 1892 re
1955 1828 2172 1899 quaerit,

2291 653 2456 706 ἐτίθει
2491 653 2656 724 νόμον
2685 654 2781 708 καὶ
2811 656 2839 708 ὁ
2871 652 3154 718 θεσπέσιος
3178 651 3410 722 Παῦλος,
3449 656 3622 728 ὡδίπη
3653 658 3851 727 λέγων·

2297 765 2315 798 ι
2344 745 2435 815 Μὴ
2464 747 2536 800 τὰ
2573 746 2784 801 ἑαυτῶν
2814 745 3125 816 ζητοῦντες,
3159 747 3299 800 ἀλλά
3337 749 3433 802 καὶ
3470 748 3540 802 τά
3576 749 3794 822 ἑτέρων.
3828 768 3852 806 θ

2289 837 2364 891 Οὐ
2394 839 2548 908 ζητεῖ
2579 839 2688 909 γὰρ
2711 840 2745 909 ή
2775 837 2968 910 ἀγάπη
2998 837 3068 891 τὰ
3090 839 3322 909 ἑαυτῆς·
3353 839 3778 911 περισκέπτεται
3801 840 3857 896 δὶ

2291 926 2492 998 μᾶλλον
2523 927 2618 980 καὶ
2654 925 2723 979 τὰ
2740 926 2964 997 ἑτέρων,
2991 925 3085 980 καὶ
3113 927 3263 990 ὅπως
3290 927 3356 980 ἂν
3385 927 3497 997 ἔχοι
3526 926 3594 979 τὰ
3619 925 3857 996 ἀδελφῶν

2286 1013 2367 1072 εὖ.
2415 1017 2585 1072 Τοῦτό
2623 1035 2707 1072 τοι
2742 1018 2907 1072 πάλιν
2955 1017 3016 1071 τὸ
3060 1021 3286 1090 ἀρχαῖον
3317 1022 3449 1090 ἡμῖν
3490 1019 3858 1074 ὑπαινίττεται

2284 1111 2539 1182 Γράμμα·
2577 1109 2692 1182 ἔχει
2719 1110 2777 1164 δὲ
2804 1108 2976 1174 οὕτως
2999 1127 3014 1141 ·
3043 1130 3063 1162 ι
3102 1112 3229 1165 Ἐὰν
3253 1111 3310 1164 δὲ
3339 1110 3730 1184 καταϐοσκήσῃ
3773 1127 3856 1173 τις

2285 1205 2454 1274 ἀγρὸν
2491 1205 2524 1276 ἢ
2556 1204 2874 1275 ἀμπελῶνα,
2902 1206 2998 1260 καὶ
3027 1206 3138 1277 ἀφῇ
3167 1206 3229 1259 τὸ
3261 1207 3458 1278 κτῆνος
3485 1206 3671 1270 αὐτοῦ,
3697 1223 3860 1260 κατα-

2284 1295 2558 1366 ϐοσκῆσαι
2583 1296 2752 1368 ἀγρὸν
2777 1296 3251 1367 ἑτερον,ἀποτίσει
3275 1299 3337 1351 ἑκ
3363 1296 3456 1350 τοῦ
3492 1297 3662 1368 ἀγροῦ
3692 1297 3857 1354 αὑτοῦ

2283 1386 2424 1441 κατά
2465 1387 2526 1441 τὸ
2567 1389 2816 1460 γέννημα
2861 1388 3028 1442 αὐτοῦ
3052 1404 3068 1418 ·
3114 1389 3208 1443 ἑὰν
3241 1389 3298 1443 δὲ
3332 1389 3511 1443 πάντα
3550 1390 3642 1442 τὸν
3689 1390 3858 1461 ἀγρὸν

2281 1473 2691 1546 καταϐοσκήσῃ,
2726 1475 2795 1529 τὰ
2830 1475 3084 1548 βέλτιστα
3113 1476 3204 1530 τοῦ
3238 1478 3408 1548 ἀγροῦ
3434 1477 3620 1545 αὑτοῦ,
3669 1479 3767 1532 καὶ
3791 1480 3858 1532 τὰ

2284 1563 2535 1634 βέλτιστα
2567 1567 2662 1627 τοῦ
2705 1567 3030 1638 ἀμπελῶνος
3065 1567 3230 1620 αὐτοῦ
3271 1567 3539 1622 ἀποτίσει.
3582 1587 3601 1622 ι
3649 1568 3708 1621 '0
3763 1568 3861 1638 μὲν

2281 1656 2388 1726 γὰρ
2410 1657 2597 1728 ἀγροῖς
2629 1658 2831 1727 ἑτέρων
2855 1659 2916 1712 τὺ
2953 1659 3083 1712 [διον
3110 1659 3307 1728 κτῆνος
3345 1660 3618 1729 ἐπαφιεὶς,
3647 1661 3863 1731 ὀνίνησι

2283 1744 2383 1814 μὲν
2417 1745 2486 1798 τὰ
2515 1745 2638 1799 καθ’
2667 1748 2881 1814 ἑαυτὸν,
2920 1749 3015 1802 καὶ
3041 1747 3196 1818 ζητεῖ
3217 1765 3333 1812 πως
3371 1747 3440 1801 τὰ
3465 1748 3683 1813 ἑαυτοῦ,
3716 1749 3862 1818 πλὴν

2279 1835 2378 1890 οὑκ
2416 1836 2474 1902 ἑξ
2520 1831 2594 1890 ὧν
2637 1839 2665 1890 ό
2712 1837 2909 1906 γείτων
2955 1839 3325 1910 εὐφραίνεται,
3380 1840 3501 1893 οὐδὲ
3533 1840 3619 1908 ἐφ’
3663 1834 3750 1904 οἷς
3794 1839 3866 1894 ἂν

602 1930 748 1986 unde
771 1931 909 1985 alter
932 1928 1170 1994 laetetur,
1188 1934 1284 1984 aut
1308 1926 1455 1988 unde
1478 1925 1762 1995 proximus
1789 1922 2056 1993 gaudeat,
2080 1920 2169 1976 sed

2276 1927 2455 1996 ἦδοιτό
2482 1945 2565 1991 τις
2593 1927 2702 1990 τῶν
2737 1929 2925 1996 πέλας,
2948 1931 3063 1984 ἀλλ’
3083 1929 3143 1997 ἐξ
3171 1923 3246 1984 ὧν
3269 1930 3334 1984 ἂν
3358 1929 3642 1983 λυπεῖσθαί
3670 1947 3735 1982 τε
3765 1932 3866 1986 καὶ

603 2022 746 2076 unde
800 2035 928 2077 eum
974 2019 1179 2074 oﬂ'endi
1220 2033 1285 2074 ae
1332 2017 1456 2073 ιωόὶ
1487 2016 1785 2086 contingat.
1813 2012 2178 2080 Quaerendum

598 2123 682 2169 est
710 2114 875 2184 igitur
900 2111 1048 2182 quod
1088 2110 1248 2166 nobis
1271 2110 1467 2180 prosit,
1494 2109 1600 2164 hoc
1622 2116 1728 2174 est,
1753 2106 1900 2177 quod
1926 2115 2177 2178 nostrum

597 2217 702 2269 est.
751 2221 861 2260 non
906 2204 1046 2260 alios
1090 2202 1476 2274 opprimendo,
1536 2201 1633 2256 sed
1679 2201 1747 2255 iis
1799 2199 2033 2264 artibus,
2076 2213 2177 2269 per

595 2314 732 2368 quas
753 2297 947 2353 eodem
973 2295 1282 2366 pervenire,
1317 2293 1456 2348 nihil
1494 2294 1706 2364 peccati
1729 2290 2095 2356 admittendo,
2119 2299 2178 2347 et

594 2390 822 2445 alterius
844 2389 1011 2443 animi
1035 2386 1489 2458 tranquillitatem
1526 2384 1817 2451 servando,
1855 2383 2170 2454 possimus:

596 2481 648 2534 id
671 2480 820 2535 enim
843 2480 1003 2550 plane
1032 2485 1118 2534 est
1141 2491 1388 2547 quaerere
1415 2475 1581 2531 etiam
1605 2489 1725 2545 quae
1751 2483 1882 2530 sunt
1900 2473 2172 2540 aliorum;

593 2572 798 2642 alioqui
832 2571 1001 2636 sciat,
1049 2570 1096 2635 si
1140 2568 1280 2624 nihil
1322 2573 1498 2632 cavet,
1549 2580 1620 2620 ne
1669 2564 1870 2620 fratres
1905 2562 2170 2629 offendat,

596 2679 773 2733 neque
809 2663 923 2716 ulla
964 2669 1049 2716 est
1099 2660 1177 2715 illi
1225 2658 1294 2714 de
1329 2657 1580 2728 proximo
1620 2671 1772 2720 cura,
1823 2654 1975 2720 dum,
2024 2653 2172 2724 quod

594 2769 755 2808 suum
785 2761 889 2816 est,
919 2752 1183 2806 duntaxat
1207 2758 1436 2821 spectet,
1469 2765 1526 2806 se
1549 2764 1649 2819 par
1671 2748 1932 2804 damnum
1961 2747 2174 2804 subitu-

596 2859 740 2908 rum,
765 2852 823 2898 et
865 2843 1015 2897 illam
1046 2841 1197 2898 falsa:
1245 2842 1502 2899 utilitatis
1552 2841 1793 2912 speciem
1828 2838 2173 2898 charissimis

596 2936 764 2990 rebus
809 2935 1094 2989 interitum
1131 2934 1446 2987 allaturum.
1502 2930 1562 2987 ld
1608 2931 1758 2987 enim
1803 2938 1888 2985 est
1931 2929 2168 2998 opinor:

603 3045 620 3078 ι
657 3023 875 3081 Reddet
906 3023 1115 3094 optima
1142 3021 1257 3094 agri
1287 3021 1373 3077 sui
1416 3029 1475 3076 et
1496 3021 1669 3075 vinea:
1701 3033 1834 3075 suae.
1859 3037 1876 3068 ι
1905 3016 2172 3079 Convenit

591 3117 780 3182 etiam,
810 3125 872 3171 ut
893 3114 1029 3169 mihi
1063 3114 1289 3184 quidem
1313 3113 1554 3178 videtur,
1601 3110 2008 3182 propositorum
2043 3124 2170 3166 ver-

591 3210 789 3264 borum
810 3206 895 3262 vis
923 3206 982 3260 in
1016 3205 1288 3260 haeresum
1330 3203 1684 3268 inventores;
1725 3215 1964 3270 quorum
1987 3200 2168 3271 impu-

2277 2018 2582 2073 ἀδικεῖσθαι
2635 2019 2940 2090 συμϐαίνοι.
2992 2022 3260 2091 Ζητητέω
3303 2020 3397 2076 οῦν
3443 2023 3555 2092 ἀρα
3593 2023 3654 2076 τδ
3709 2025 3867 2094 ἡμᾶς

2275 2109 2541 2178 ὠφελοῦν,
2583 2111 2848 2174 τουτέστι,
2874 2112 2934 2165 τὸ
2960 2112 3188 2178 ἑαυτῶν,
3212 2114 3272 2166 οὺ
3298 2113 3384 2166 διὰ
3404 2112 3502 2183 τῆς
3529 2113 3609 2176 είς
3633 2113 3725 2166 ἑτέ
3735 2131 3865 2186 ρους

2277 2195 2606 2266 πλεονεξίας,
2640 2199 2776 2253 ἀλλά
2807 2200 2873 2254 δι’
2900 2193 2974 2254 ὧν
3005 2200 3072 2256 ἂν
3101 2201 3312 2270 γένοιτο
3340 2201 3477 2272 πρὸς
3501 2202 3664 2256 τοῦτο
3699 2205 3863 2269 ἰέναι,

2275 2291 2729 2364 πλημμελοῦντας
2751 2295 2924 2359 οὐδὲν,
2957 2295 3050 2349 καὶ
3067 2296 3165 2365 τῆς
3195 2295 3290 2349 τοῦ
3323 2295 3565 2364 γείτονος
3588 2296 3868 2368 εὐθυμίας

2275 2386 2518 2457 ἑστώσης
2537 2386 2734 2456 ὀρθῶς.
2771 2387 2942 2441 Τοῦτο
2975 2387 3084 2459 γὰρ
3113 2387 3179 2441 ἂν
3211 2388 3296 2458 εἴη
3327 2388 3536 2458 σαφῶς,
3577 2388 3646 2441 τὸ
3676 2387 3871 2458 ζητεῖν

2274 2477 2467 2532 καὶτὰ
2517 2477 2742 2549 ἑτέρων.
2779 2479 2848 2532 Ἢ
2880 2478 3014 2531 ἵστω
3051 2493 3156 2541 τις,
3195 2477 3382 2550 φησὶν,
3427 2478 3476 2530 εῑ
3523 2477 3872 2548 ἀφυλάκτως

2272 2568 2446 2623 ἕλοιτο
2488 2569 2824 2623 καταλυπεϊν
2863 2568 3148 2638 ἀδελφοὺς,
3193 2568 3290 2622 καὶ
3339 2569 3707 2639 ἀπρονοήτως
3756 2568 3874 2639 ἔχοι

2272 2659 2367 2713 τοῦ
2398 2657 2588 2726 πέλας,
2611 2661 2692 2723 είς
2731 2659 2890 2736 μόνον
2919 2659 3061 2731 τάχα
3085 2673 3190 2712 που
3227 2659 3290 2712 τὸ
3319 2658 3450 2713 ῐδιον
3483 2658 3735 2728 βλέπων,
3769 2659 3875 2730 τὴν

2273 2753 2395 2824 ἴσην
2429 2753 2721 2824 ὑπομενεῖν
2763 2750 2991 2824 ζημίαν,
3028 2752 3120 2806 καὶ
3148 2750 3239 2805 τὸν
3282 2751 3380 2820 τῆς
3405 2749 3689 2822 δοκούσης
3723 2749 3876 2818 ὡφε-

2270 2841 2419 2907 λείας
2459 2843 2684 2915 τρόπον,
2726 2842 2834 2898 τῶν
2875 2843 2958 2895 ὅτι
3009 2840 3247 2911 μάλιστα
3303 2839 3652 2910 φιλαιτὰτων
3717 2839 3876 2909 αὐτῷ

2271 2933 2619 3003 προξενήσων
2656 2933 2753 3003 τὴν
2795 2931 3089 2986 ἀπώλειαν.
3120 2927 3296 3001 ιΤουτὶ
3327 2930 3456 3002 γὰρ,
3499 2926 3698 3000 οἶμαι,
3748 2928 3879 2983 ἔστι

2269 3024 2350 3092 τὸ,
2376 3042 2395 3076 ι
2440 3025 2715 3079 Ἀποτίσει
2744 3023 2812 3076 τὰ
2839 3022 3091 3094 βέλτιστα
3111 3022 3206 3076 τοῦ
3227 3022 3399 3094 ἀγροῦ
3429 3022 3634 3086 αὑτοῦ,
3660 3022 3760 3076 καὶ
3779 3017 3878 3074 τοῦ

2268 3116 2589 3187 ἀμπελῶνος
2623 3115 2810 3171 αὐτοῦ.
2847 3134 2867 3168 ι
2912 3115 3169 3188 Ἀρμόζει
3197 3115 3241 3170 δ’
3269 3115 3359 3181 ἂν,
3391 3113 3467 3178 ῶς
3496 3115 3577 3183 γέ
3613 3132 3711 3186 μοι
3741 3112 3878 3184 φαί-

2271 3224 2443 3272 νεται,
2473 3207 2581 3262 τῶν
2621 3207 3000 3278 προκειμένων
3027 3209 3061 3278 ή
3092 3207 3319 3278 δύναμις
3347 3206 3442 3260 καὶ
3468 3209 3602 3271 τοῖς
3633 3206 3749 3260 τῶν
3785 3206 3879 3259 αἱ·

593 3291 793 3356 rissimi
831 3313 896 3352 ac
939 3295 1249 3352 stultissimi
1285 3293 1561 3364 discipuli,
1602 3293 1891 3348 brutorum
1915 3291 2166 3347 animan-

2276 3267 2471 3370 ρέσειυν
2499 3267 2769 3370 εὑρεταῖς,
2800 3267 2875 3357 ῶν
2902 3301 2953 3353 οἱ
2980 3267 3349 3371 βδελυροὶ-καὶ
3373 3295 3500 3352 ἀνού
3511 3267 3724 3352 στατοι
3769 3315 3881 3368 μα·-

593 3393 728 3445 tium
757 3390 952 3452 instar,
976 3393 1189 3457 segetes
1212 3400 1278 3440 ac
1301 3385 1491 3440 vineas
1516 3383 1819 3440 dominicas
1854 3385 2164 3454 depascun-

592 3492 700 3545 tur,
737 3481 795 3535 in
838 3492 1031 3534 eorum
1079 3476 1348 3548 judicium
1385 3483 1551 3546 atque
1591 3475 1911 3540 vindictam,
1952 3475 2046 3544 qui
2078 3489 2168 3528 er-

591 3587 746 3626 rores
783 3572 1150 3634 invenerunt;
1197 3567 1479 3639 continget
1524 3567 1673 3622 enim
1726 3567 1836 3621 illis
1879 3573 1942 3620 ut
1995 3565 2165 3621 rebus

588 3660 1076 3734 praestantissimis,
1111 3657 1166 3714 id
1199 3665 1306 3723 est,
1329 3657 1503 3728 ipsius
1536 3656 1733 3712 animae
1760 3655 1986 3710 interitu
2025 3653 2165 3708 mul-

587 3764 804 3810 tentur:
835 3753 996 3810 vinea
1023 3752 1171 3808 enim
1210 3765 1274 3806 ac
1304 3757 1508 3820 segete,
1547 3755 1605 3804 et
1630 3747 1858 3803 omnino
1889 3743 2162 3802 universis

588 3847 774 3910 rebus,
801 3861 924 3915 quae
944 3843 1089 3914 apud
1118 3857 1239 3907 nos,
1264 3839 1612 3911 praestantior
1631 3846 1714 3894 est
1747 3837 1947 3905 anima.

656 4018 851 4074 PALL.
890 4017 1149 4074 Fructum
1188 4015 1354 4086 igitur
1386 4030 1451 4069 ac
1483 4029 1684 4067 munus
1724 4013 2006 4073 charitatis
2036 4029 2157 4069 esse

585 4112 852 4175 dicemus,
887 4123 1133 4179 quaerere
1176 4122 1241 4164 ea
1278 4121 1401 4176 qua:
1444 4104 1680 4159 aliorum
1714 4113 1862 4170 sunt,
1909 4121 2019 4158 non
2057 4120 2154 4160 sua

584 4207 830 4274 ipsorum
850 4203 1136 4257 duntaxat.

649 4295 808 4351 ΟΥΕ.
835 4294 1068 4348 Prorsus
1117 4292 1192 4348 ita
1239 4299 1344 4357 est,
1375 4288 1583 4346 Palladi
1618 4307 1631 4341 :
1676 4297 1733 4343 et
1773 4287 2001 4358 implere
2035 4285 2154 4357 qui-

581 4387 705 4440 dem
738 4385 1066 4439 charitatem
1116 4383 1172 4438 in
1207 4381 1425 4445 fratres,
1481 4381 1594 4436 Deo
1642 4395 1774 4435 sane
1811 4377 2150 4449 jucundissi-

581 4492 730 4530 mum
764 4483 848 4530 est
874 4493 892 4542 ;
914 4475 1134 4529 onerari
1165 4489 1294 4528 vero
1323 4489 1354 4527 a
1381 4471 1543 4526 nobis
1577 4469 1869 4524 immodico
1893 4483 1955 4523 ac
1981 4467 2148 4522 nimio

578 4567 754 4621 abusu
796 4567 1120 4621 charitatem
1163 4562 1397 4634 sapienti
1426 4560 1656 4616 consilio
1687 4575 1798 4614 non
1835 4558 2144 4630 permittit:

579 4675 704 4716 nam
750 4657 906 4712 facile
936 4657 1106 4712 etiam
1150 4655 1292 4710 bene
1327 4653 1548 4708 firmum
1592 4651 1834 4706 animum
1875 4648 2146 4714 concutit,

577 4749 829 4818 quamvis
859 4749 950 4802 ille
975 4747 1041 4801 ad
1067 4748 1381 4816 prteclaram
1406 4745 1463 4799 in
1491 4758 1710 4814 quoque
1742 4755 1941 4812 genere
1976 4740 2152 4794 virtu-

579 4851 689 4896 tem
723 4839 1060 4909 pervcnerit,
1092 4852 1429 4907 quaecunque
1463 4836 1548 4890 vis
1579 4834 1814 4906 impulsu
1850 4831 1996 4887 haud
2025 4847 2145 4887 me‘

576 4932 772 4996 diocri,
801 4929 897 4985 sed
924 4929 1108 5000 potius
1130 4929 1358 5002 impetu,
1387 4928 1477 4984 cui
1509 4927 1702 4983 obsisti
1729 4941 1839 4981 non
1871 4924 2062 4994 possit,
2089 4924 2145 4979 in

576 5026 729 5079 illum
775 5021 1054 5092 irrumpit.

642 5113 836 5172 PALL.
877 5113 1019 5180 Quid
1074 5111 1221 5166 istud
1277 5109 1496 5164 tandem
1525 5117 1628 5174 est,
1665 5107 1812 5180 quod
1862 5106 1987 5162 ais?
2033 5121 2144 5162 non

572 5206 721 5260 enim
763 5203 896 5259 satis
929 5203 1195 5273 intelligo.
1557 5195 1559 5197 ’

639 5297 795 5352 CYR.
836 5295 921 5351 An
948 5304 1007 5351 tu
1041 5294 1267 5349 minime
1301 5291 1495 5347 fateris
1525 5305 1645 5346 esse
1668 5290 1950 5355 virtutem,
1984 5304 2143 5343 man-

568 5387 919 5443 suetudinem
946 5396 1109 5456 atque
1147 5384 1512 5457 patientiam?

641 5477 835 5531 PALL.
867 5477 1071 5543 Quidni
1109 5477 1330 5532 fatear?

2269 3391 2448 3463 θηταὶ,
2479 3391 2694 3464 κτηνῶν
2721 3391 2930 3462 ἀλόγων
2953 3393 3128 3462 δίκην,
3157 3391 3286 3464 λήϊά
3303 3409 3363 3445 τε
3394 3391 3489 3444 καὶ
3533 3391 3884 3464 ἀμπελῶνας

2266 3485 2662 3554 κατανέμονται
2683 3485 2810 3548 τοὺς
2839 3484 3210 3546 δεσποτικοὺς,
3237 3485 3317 3548 είς
3351 3482 3546 3556 κρίμα
3579 3484 3683 3538 καὶ
3714 3482 3884 3538 κόλαο

2267 3591 2350 3628 σιν
2399 3575 2508 3629 τῶν
2552 3575 2654 3646 τῆς
2698 3576 2966 3646 αἱρέσεως
3005 3574 3283 3647 εὑρετῶν⁹
3345 3574 3724 3647 συμϐήσεται
3765 3576 3884 3644 γὰρ

2263 3663 2490 3728 ἐκείνοις
2535 3665 2569 3736 ή
2600 3663 2708 3717 τῶν
2746 3663 3044 3718 καλλίστων
3071 3663 3265 3735 ζημία,
3303 3662 3632 3729 τουτέστιν,
3679 3665 3711 3718 ὁ
3749 3661 3884 3735 περὶ

2259 3754 2431 3826 αὐτὴν
2478 3755 2698 3828 ὄλεθρος
2740 3757 2840 3827 τὴν
2880 3755 3078 3826 ψυχήψ
3123 3753 3446 3825 ἀμπελῶνος
3492 3755 3645 3827 γὰρ,
3703 3756 3884 3827 ἤγουν

2259 3843 2414 3916 ληΐου
2444 3845 2627 3916 τυχὸν,
2664 3846 2762 3900 καὶ
2795 3847 2898 3900 ἀνά
2933 3846 3098 3916 μέρος
3126 3845 3356 3899 ἑκάστου
3384 3845 3501 3898 τῶν
3541 3846 3680 3900 καθ’
3719 3846 3877 3916 ἡμᾶς

2259 3937 2566 4007 νοουμένων
2592 3938 2652 3991 τὸ
2680 3940 2738 3991 ἑν
2764 3937 2912 4008 αὑτῷ
2948 3937 3224 4007 βέλτιστον
3250 3936 3282 4008 ἡ
3307 3935 3455 4006 ψυχή
3492 3936 3603 4007 (.1).

2327 4029 2537 4083 IIAAA.
2572 4030 2802 4100 Καρπὺν
2825 4025 2918 4084 οὖν
2962 4031 3068 4100 ἀρα
3094 4032 3190 4101 τῆς
3234 4028 3455 4100 ἀγάπης
3493 4024 3650 4084 εἶναί
3681 4045 3881 4101 φαμεν
3981 4042 3987 4048 ·

2255 4118 2315 4172 τὸ
2350 4117 2547 4188 χρῆναι
2589 4118 2772 4191 ζητεῖν
2803 4119 2870 4174 τὰ
2908 4119 3131 4190 ἑτέρων,
3173 4120 3268 4173 καὶ
3313 4119 3437 4191 οὐχὶ
3479 4119 3553 4191 δὴ
3594 4120 3772 4189 μόνον
3803 4121 3880 4176 τὰ

2256 4207 2482 4262 ἑαυτῶν.

2322 4298 2487 4352 ΚΥΡ.
2521 4296 2672 4352 Πάνυ
2706 4299 2806 4370 μὲν
2831 4295 2946 4366 οὖν,
2977 4295 3024 4356 ὦ
3054 4300 3344 4368 nausea,
3367 4301 3462 4355 καὶ
3494 4300 3562 4355 τὸ
3590 4303 3702 4372 μὲν
3726 4305 3882 4375 χρῆ-

2253 4404 2342 4442 ναι
2374 4388 2616 4461 πληροῦν
2645 4389 2743 4462 τὴν
2777 4392 2857 4455 είς
2886 4393 3150 4463 ἀδελφοὺς
3183 4393 3484 4463 ἀγάπησιν,
3516 4390 3603 4456 ὡς
3629 4394 3882 4464 ἥδιστον

2251 4476 2326 4548 τῷ
2347 4477 2485 4547 Θεῷ,
2514 4479 3010 4548 καταφορτίζεσθαι
3043 4479 3098 4533 δὲ
3123 4480 3220 4564 τὴν
3243 4480 3461 4549 ἀγάπην
3494 4480 3583 4550 τῷ
3605 4484 3883 4556 περιττῷ

2251 4568 2346 4620 καὶ
2375 4567 2581 4621 πλείονι
2619 4568 2719 4638 τῆς
2748 4569 2884 4638 πρὸς
2925 4568 3084 4640 ἡμῶν
3109 4571 3530 4640 καταχρήσεως,
3565 4572 3884 4644 οἰκονομι-

2255 4659 2370 4722 κῶς
2406 4659 2508 4712 oux
2556 4661 2650 4730 ἑᾷ·
2695 4661 3045 4714 κατασίνεται
3080 4662 3186 4734 γὰρ
3230 4661 3470 4722 εὐκόλως
3524 4664 3634 4715 καὶ
3670 4663 3778 4718 τὸν
3816 4661 3886 4722 εὖ

2256 4749 2528 4820 βεϐηκότα
2564 4749 2710 4813 νοῦν,
2758 4749 2862 4805 κᾶν
2901 4751 2950 4803 εί
2984 4754 3041 4805 ὲν
3074 4751 3223 4822 καλῷ
3267 4751 3485 4821 γένοιτο
3533 4753 3724 4824 ei.»be
3771 4757 3889 4828 τῆς

2252 4842 2336 4912 ἐφ’
2365 4842 2472 4912 ὅτῳ
2499 4837 2592 4895 οῦν
2620 4843 2840 4914 ἀρετῆς,
2868 4843 2929 4896 τὸ
2955 4843 3028 4915 μὴ
3051 4844 3284 4916 μετρίως
3303 4843 3482 4913 αὐτῷ,
3523 4844 3892 4922 δυσαντήτῳ

2249 4933 2304 4986 δὲ
2332 4934 2531 5004 μᾶλλον
2554 4934 2894 5005 ἑπιθρῶσκον
2928 4938 3094 5006 ὁρμῇ.

2321 5111 2531 5165 ΠΛΛΛ.
2597 5111 2764 5166 Ὅσον
2807 5113 2872 5186 δὴ
2919 5113 2971 5167 τί
3018 5117 3158 5186 φήςς
3206 5115 3268 5170 οὐ
3311 5116 3426 5187 γάρ
3474 5127 3573 5172 τοι
3633 5122 3886 5194 συνίημι

2251 5203 2456 5271 σαφῶς.

2321 5294 2486 5348 ΚΥΡ.
2522 5295 2592 5348 Ἢ
2618 5295 2718 5350 οὐκ
2749 5297 2950 5369 ἀρετὴν
2983 5293 3122 5352 εἶναι
3163 5297 3291 5369 φὴς,
3322 5299 3385 5352 τὸ
3435 5303 3641 5373 πρᾶόν
3675 5322 3744 5359 τε
3783 5312 3890 5365 καὶ

2249 5383 2570 5450 ἀνεξίκακον
2591 5405 2604 5452 ;

2319 5476 2525 5530 ΠΑΑΑ.
2564 5478 2686 5542 Πῶς
2714 5480 2821 5550 γὰρ
2860 5480 2954 5547 οῦ;

633 5631 686 5675 ,⁸⁸
719 5627 954 5698 Philipp.
995 5646 1052 5694 ιι,
1079 5630 1142 5684 21
1169 5646 1184 5696 ;
1213 5629 1258 5683 ιι
1280 5630 1405 5684 Cor.
1453 5647 1548 5696 xu,
1579 5631 1663 5683 Η.
1744 5629 1788 5660 ⁹⁹
1814 5630 1830 5648 '
1857 5627 1877 5681 1
1911 5625 2039 5693 Cor,
2073 5641 2167 5683 xm

2311 5629 2327 5660 ¹
2355 5628 2526 5684 Exod.
2569 5625 2699 5693 nm,
2737 5632 2791 5686 5.

635 5785 718 5909 (Ιξ
746 5783 894 5838 lianc
920 5783 1243 5842 sententiam
1281 5783 1347 5836 ad
1387 5783 1535 5837 hunc
1569 5782 1792 5836 modum
1837 5781 2004 5837 habet
2034 5797 2128 5836 co-

637 5873 666 5909 s
715 5855 1012 5909 'aticanus.
1049 5853 1388 5909 ’Δμπελῶνος
1423 5853 1530 5909 γὰρ
1567 5853 1733 5909 ἤγουν
1766 5852 1918 5909 ληΐου
1943 5853 2121 5909 τυγὸν.

562 5852 666 5912 dei
691 5852 1012 5909 Vaticanus.
1049 5853 1388 5924 ’Δμπελῶνος
1423 5853 1530 5923 γὰρ
1567 5853 1733 5922 ήγουν
1766 5852 1918 5922 ληΐου
1943 5853 2121 5922 τυχὸν,

2238 5784 2328 5867 καὶ
2352 5784 2625 5869 ἀναμέρος
2647 5785 2876 5875 ἑκάστου
2901 5787 3021 5875 τῶν,
3042 5787 3160 5840 καθ’
3186 5787 3328 5857 ἡμᾶς
3361 5798 3720 5867 νοουμένων
3749 5807 3893 5875 βελ,

2235 5854 2429 5906 τίστων
2459 5854 2782 5925 τιμιώτερον
2815 5859 2848 5926 ἡ
2885 5856 3052 5929 ψυχή.
