4138 6300
328 412 432 469 557

1035 405 1123 460 DE
1161 402 1601 460 ADORATIONE
1639 401 1706 457 IN
1747 397 2013 456 SPIRITU
2054 397 2141 452 ET
2181 396 2548 454 VERITATE.
2587 395 2714 452 LIB.
2757 385 2899 454 Vlll'

3477 403 3581 458 558

402 529 568 586 ΚΥΡ.
619 523 757 579 Ἀλλ’
788 522 946 594 εῐπερ
975 540 1059 586 τις
1096 524 1258 593 τυχὸν
1285 521 1364 592 τῷ
1392 519 1676 590 πραότητα
1717 535 1767 571 ιε
1813 517 1906 570 καὶ

2079 515 2239 586 267
2273 514 2429 570 CYR.
2459 517 2647 587 Atqui,
2685 517 2729 571 si
2764 517 2890 586 quis
2943 517 3172 574 fortasse
3209 519 3264 573 in
3302 533 3452 587 eum,
3487 526 3580 592 qui

333 617 687 686 ἀνεξικακίαν
726 613 1122 684 ἐπιτηδεύοντι,
1155 613 1331 676 λύπας
1348 629 1408 666 τε
1440 612 1534 666 καὶ
1569 611 1756 681 ὕϐρεις
1787 610 1906 662 ὲπι-

337 709 656 781 σωρεύσειε,
713 704 809 758 καὶ
847 705 916 758 τὰ
951 705 1016 757 δι’
1040 697 1116 758 ὧν
1141 705 1192 757 οἱ
1227 703 1408 774 θυμοὶ,
1451 702 1686 772 μετρίως
1730 701 1828 770 μὲν
1857 700 1905 751 εί

332 801 567 870 γένοιτο,
607 797 1092 867 διακαρτερήσειεν
1136 795 1202 850 ἂν
1228 795 1337 848 ἐσθ’
1359 796 1448 848 ὅτε
1480 793 1573 846 καὶ
1606 791 1744 845 οἴσει
1779 807 1906 858 γεν-

330 890 523 953 νικῶς,
573 887 879 958 γύμνασμα
901 903 961 939 τε
1022 887 1327 957 πραότητος
1363 885 1461 940 καὶ
1503 882 1804 955 ἀοργησίας
1848 884 1910 937 τδ

335 984 525 1054 χρῆμα
553 982 856 1052 ποιήσεται.
884 979 949 1032 Εἰ
973 977 1032 1033 δὲ
1055 979 1120 1050 δή
1151 997 1236 1044 τις
1266 980 1335 1032 ἴοι
1363 977 1458 1032 τοῦ
1495 976 1718 1048 μετρίου
1744 976 1907 1046 πέρα,

339 1077 435 1130 καὶ
463 1074 572 1128 τῶν
604 1072 954 1138 ἀνεξικακίας
977 1073 1124 1141 ὅρων
1155 1071 1411 1133 ἐπέκεινα
1430 1088 1460 1123 1:
1471 1071 1640 1141 ρέχοι,
1668 1070 1730 1123 τὸ
1752 1070 1912 1122 ἀπειο

339 1166 436 1228 κὸς
474 1163 648 1224 οὐδὲν,
703 1162 1162 1223 καταϐιασθεῐσαν
1190 1161 1378 1232 ὥσπερ
1425 1161 1526 1232 τὴν
1563 1161 1765 1230 ἀρετὴν
1816 1160 1912 1214 καί

340 1255 597 1324 ἀτονῆσαι
628 1252 822 1323 βραχύ.

406 1347 617 1399 ΠΑΛΛ.
639 1341 715 1398 Εὖ
749 1344 926 1411 λέγεις
951 1360 965 1374 ·
1021 1341 1207 1414 μεθύει
1237 1342 1348 1411 γάρ
1378 1358 1495 1405 πως
1523 1343 1580 1394 ὲν
1603 1340 1914 1412 ἀνθρώποις

341 1435 402 1487 τὸ
440 1434 670 1502 ἀγαθὸν,
718 1434 810 1486 καὶ
840 1432 1052 1496 οὐδενὸς
1111 1432 1510 1496 κατασείοντος,
1566 1431 1762 1503 ἕστηκε
1815 1433 1912 1502 μό-

345 1525 448 1589 λις.

425 1615 586 1670 ΚΥΡ.
627 1615 730 1669 Ἴθι
750 1615 812 1686 δὴ
848 1609 963 1680 οὖν,
994 1614 1042 1666 εί
1097 1614 1273 1680 δοκεῖ,
1329 1614 1424 1668 καὶ
1476 1616 1561 1667 ἐπ’
1607 1614 1778 1684 αὐτὴν
1815 1614 1914 1684 τὴν

347 1708 643 1777 ἀγάπησιν.
677 1706 868 1778 Ἀρετὴ
909 1706 1015 1776 γὰρ
1046 1707 1078 1775 ἡ
1109 1704 1439 1776 προῦχουσα,
1467 1706 1558 1759 καὶ
1591 1705 1698 1758 τῶν
1739 1707 1914 1761 ἄλλων

347 1800 494 1851 ἐστὶν
539 1799 574 1868 ἡ
605 1797 1039 1868 προφερεστέρα.
1073 1796 1186 1865 Τῆς
1223 1813 1287 1864 γε
1319 1795 1424 1867 μὴν
1472 1797 1610 1866 ἄγαν
1635 1799 1914 1868 καταχρή-

345 1906 480 1950 σεως
499 1889 602 1940 οὐκ
643 1887 918 1955 ἀνέχεται.
953 1888 1018 1938 ’0
1059 1886 1124 1956 δὴ
1163 1886 1326 1940 πάλιν
1379 1887 1630 1958 καθάπερ
1681 1889 1740 1940 ὲν
1781 1887 1912 1941 εῖδει

344 1980 662 2052 παραϐολῆς
691 1979 786 2032 καὶ
817 1978 1023 2048 σαφοῦς
1051 1977 1515 2048 παραδείγματος,
1543 1981 1572 2032 ὁ
1595 1979 1758 2049 νόμος
1777 1981 1912 2050 ἡμῖν

343 2074 634 2142 ὑφηγεῖται
673 2071 848 2139 λέγων
872 2087 886 2100 ·
934 2088 953 2121 ι
1002 2070 1126 2123 Ἐὰν
1148 2069 1205 2122 δὲ
1234 2070 1483 2142 εἰσέλθῃς
1503 2073 1584 2134 εἰς
1620 2071 1711 2124 τὸν
1765 2073 1913 2142 ἀμη-

341 2166 430 2218 τὸν
469 2163 563 2216 τοῦ
608 2163 837 2235 πλησίον
887 2179 1003 2226 σου,
1037 2161 1132 2216 καὶ
1186 2160 1446 2233 συλλέξῃς
1491 2163 1548 2217 ὲν
1581 2165 1701 2228 ταῖς
1759 2165 1914 2234 χερσί

259 2243 274 2262 ¹“
343 2272 435 2308 σου
472 2253 718 2324 στάχυς,ι
752 2252 848 2308 καὶ
899 2252 1168 2323 δρέπανον
1207 2254 1268 2307 οὐ
1294 2254 1368 2324 μὴ
1395 2254 1663 2326 ὲπισάλῃς
1700 2255 1792 2309 ἐπὶ
1823 2255 1916 2309 τὸν

343 2346 548 2416 ἀμητὸν
576 2345 672 2398 τοῦ
705 2343 929 2415 πλησίον
954 2361 1048 2397 σου
1069 2360 1082 2373 ’
1119 2345 1213 2399 ἐὰν
1241 2345 1296 2399 δὲ
1325 2347 1570 2420 εἰσέλθῃς
1598 2349 1678 2413 είς
1698 2350 1788 2402 τὸν
1808 2350 1916 2418 ἁμ-

347 2435 563 2488 πελῶνα
587 2435 682 2488 τοῦ
715 2434 942 2506 πλησίον
969 2452 1088 2501 σου,
1118 2436 1212 2490 καὶ
1267 2437 1448 2508 φάγῃς
1489 2439 1765 2511 σταφυλὴν
1793 2441 1916 2493 ὅσον

348 2526 525 2596 ψυχήν
549 2543 643 2578 σου
665 2524 1068 2596 ἐμπλησθῆναι,
1103 2527 1183 2584 είς
1214 2526 1274 2580 δὲ
1292 2528 1458 2596 ἄγγος
1471 2529 1572 2582 οὐκ
1586 2529 1862 2600 ἐμϐαλεῖς.
1889 2549 1906 2581 ι

351 2616 426 2667 Τὸ
492 2615 589 2685 μὲν
646 2615 754 2684 γὰρ
807 2614 1021 2682 ὀλίγους
1075 2615 1233 2685 χερσὶ
1281 2619 1595 2686 συναγεῖραι
1653 2617 1914 2686 στάχυας,

355 2706 524 2774 ἧγουν
567 2705 853 2772 ἀποκεῖραι
901 2703 1097 2776 βότρυν
1130 2705 1209 2768 είς
1270 2704 1568 2774 ἐπιθυμίαν
1617 2704 1651 2776 ἢ
1687 2706 1913 2778 τροφὴν,

351 2795 499 2850 οὐδὲν
515 2794 580 2848 ἂν
609 2795 718 2865 ἔχοι
746 2795 806 2848 τὸ
835 2795 1050 2864 βλάϐος.
1075 2795 1221 2848 Οἴσει
1254 2794 1381 2865 γὰρ,
1406 2790 1582 2864 οἶμαι,
1611 2795 1708 2847 σὺν
1738 2794 1916 2867 θυμη-

349 2887 466 2957 δείᾳ
489 2905 502 2918 ·
545 2889 702 2942 ταυτὶ
734 2889 833 2956 τῆς
855 2888 1076 2959 ἀγάπης
1113 2889 1140 2941 ὁ
1178 2886 1358 2956 νόμος,
1395 2888 1491 2940 καὶ
1525 2887 1625 2942 οὐκ
1660 2887 1917 2942 ἐπέκεινα

345 2979 440 3034 τοῦ
477 2982 674 3051 μέτρου
720 2979 782 3032 τὸ
834 2981 1017 3050 χρῆμα
1059 2980 1325 3047 φαίνεται.
1363 2978 1436 3032 Τὸ
1455 2979 1510 3032 δὲ
1556 2979 1646 3033 καὶ
1692 2979 1918 3049 ἀμῶντα

350 3069 563 3141 σίδηρον
581 3073 694 3134 τοῖς
712 3069 806 3124 τοῦ
842 3072 1009 3134 πέλας
1048 3071 1385 3138 ὑπενεγκεῖν,
1410 3071 1770 3141 ὑπερνήχεταί
1800 3089 1918 3136 πως

2007 603 2486 659 mansuetudinem
2511 620 2576 660 ac
2601 605 2921 675 patientiam
2957 617 3216 673 sectatur,
3248 608 3584 668 offensiones

2007 706 2064 752 et
2089 696 2318 767 injurias
2357 705 2414 751 et
2445 712 2510 752 ea
2557 699 2760 768 quibus
2783 698 2862 753 ira
2887 709 3259 768 promovetur,
3296 702 3583 772 siquidem

2007 803 2072 843 ea
2103 789 2317 844 modice
2353 788 2516 853 ﬁant,
2561 798 2856 861 congerat,
2886 791 3146 846 tolerabit
3189 793 3490 861 interdum,
3529 808 3586 850 et

2009 877 2225 933 fortiter
2256 878 2417 944 feret,
2449 880 2682 949 eamque
2705 896 2816 934 rem
2841 881 2910 934 ad
2948 883 3387 939 mansuetudinis
3413 901 3479 940 ac
3502 886 3584 940 le—

2009 971 2200 1026 nitatis
2227 971 2680 1027 exercitationem
2713 981 3000 1027 convertet
3031 989 3046 1037 ;
3080 982 3155 1036 at,
3206 973 3252 1028 si
3295 975 3418 1042 quis
3462 992 3584 1031 mo-

2011 1063 2140 1118 dum
2171 1064 2491 1128 excesserit,
2537 1071 2594 1117 et
2651 1063 2794 1116 ultra
2833 1063 3115 1133 patientiae
3154 1065 3423 1121 terminos
3455 1082 3586 1136 pro-

2011 1168 2230 1223 gressus
2260 1153 2386 1218 erit,
2427 1152 2566 1208 nihil
2600 1152 2822 1216 mirum,
2859 1152 3209 1224 defatigatam
3242 1170 3589 1225 oppressam-

2012 1260 2119 1315 que
2147 1246 2409 1300 virtutem
2448 1247 2849 1315 aliquantulum
2892 1246 3266 1316 languescere.

2084 1335 2282 1390 PALL.
2331 1338 2501 1392 Recte
2544 1337 2626 1392 ais
2659 1355 2670 1390 :
2711 1344 2870 1392 nutat
2909 1337 3057 1390 enim
3090 1339 3494 1406 quodammodo
3531 1342 3587 1397 in

2014 1427 2332 1483 hominibus
2375 1428 2642 1498 probitas,
2672 1429 2764 1483 vix
2800 1429 2988 1494 etiam,
3028 1430 3248 1485 nemine
3284 1432 3588 1501 quatiente,

2015 1518 2285 1573 consistit.

2084 1607 2241 1663 (ΠΒ.
2276 1608 2447 1679 Perge
2491 1609 2678 1680 igitur,
2732 1610 2779 1665 si
2819 1611 3016 1680 placet,
3064 1612 3132 1667 ad
3168 1612 3340 1682 ipsam
3370 1629 3591 1684 quoque

2017 1697 2341 1753 charitatem
2378 1717 2390 1750 :
2422 1700 2599 1754 virtus
2637 1700 2785 1755 enim
2835 1713 2921 1757 est
2958 1703 3233 1758 excellens
3256 1743 3271 1768 ,
3325 1711 3384 1758 et
3446 1705 3592 1760 inter

2017 1796 2242 1844 caateras
2277 1791 2759 1858 praistantissima;
2815 1803 3019 1858 tamen,
3080 1793 3125 1848 si
3185 1809 3250 1848 ea
3301 1794 3592 1851 immodice

2013 1879 2327 1945 abutamur,
2359 1896 2471 1936 non
2507 1883 2741 1937 sustinet
2776 1902 2788 1936 :
2825 1884 2972 1954 quod
3016 1884 3194 1955 ipsum
3235 1902 3428 1942 rursus
3468 1896 3592 1942 tan-

2015 1986 2179 2041 quam
2215 1973 2490 2042 parabolae
2509 1980 2566 2029 et
2588 1975 2823 2046 exempli
2850 1978 3129 2047 perspicui
3155 1979 3339 2049 specie
3379 1980 3467 2035 lex
3496 1982 3593 2038 ad-

2016 2071 2221 2127 monet,
2246 2063 2438 2119 dicens
2467 2082 2481 2117 :
2508 2084 2527 2116 ι
2559 2065 2616 2120 Si
2642 2066 2922 2138 ingressus
2950 2069 3122 2124 fueris
3152 2085 3384 2126 messem
3408 2073 3595 2142 proxi-

2016 2152 2090 2206 mi
2144 2153 2245 2218 tui,
2292 2162 2348 2209 et
2396 2156 2686 2227 collegeris
2725 2159 2984 2216 manibus
3010 2159 3121 2216 tuis
3150 2162 3328 2232 spicas
3353 2203 3368 2226 ,
3397 2163 3591 2218 falcem

2015 2257 2128 2299 non
2171 2245 2431 2316 conjicies
2479 2246 2538 2302 in
2585 2263 2819 2304 messem
2864 2251 3101 2319 proximi
3141 2253 3250 2318 tui;
3311 2262 3387 2319 et,
3423 2254 3468 2310 si
3503 2255 3592 2309 in-

2016 2351 2238 2406 gressus
2262 2336 2434 2395 fueris
2457 2337 2674 2393 vineam
2704 2340 2940 2409 proximi
2975 2341 3076 2406 tui,
3110 2349 3166 2397 et
3191 2343 3373 2402 ederis
3406 2360 3590 2410 uvam,

2016 2437 2278 2498 quantum
2303 2429 2597 2500 impleatur
2617 2431 2800 2485 anima
2815 2440 2925 2498 tua;
2945 2432 3002 2486 in
3017 2447 3114 2488 vas
3143 2448 3274 2489 vero
3294 2450 3403 2489 non
3417 2437 3594 2508 conji-

2017 2521 2131 2576 cics
2147 2524 2188 2574 ¹.
2214 2539 2233 2572 ι
2258 2521 2393 2575 Nam
2415 2536 2618 2591 paucas
2642 2537 2806 2576 manu
2823 2523 3000 2592 spicas
3017 2524 3295 2595 colligere,
3312 2537 3408 2582 aut
3431 2545 3592 2584 uvam

2016 2612 2314 2683 decerpere
2347 2614 2700 2683 appetitionis
2738 2629 2923 2679 causa,
2958 2625 3055 2671 aut
3085 2617 3405 2687 voluptatis,
3441 2629 3593 2675 certe

2015 2703 2154 2760 nihil
2184 2719 2248 2759 ea
2269 2719 2358 2760 res
2389 2705 2572 2760 damni
2604 2705 2772 2760 habet
2799 2723 2812 2758 :
2856 2706 3000 2762 feret
3023 2707 3171 2762 enim
3204 2709 3340 2775 haec,
3379 2719 3435 2766 et
3465 2713 3592 2782 qui-

2017 2790 2139 2846 dem
2161 2793 2426 2864 jucunde,
2451 2794 2540 2850 lex
2570 2794 2890 2862 charitatis;
2935 2811 3116 2866 neque
3154 2797 3210 2853 id
3255 2799 3478 2856 modum
3507 2803 3592 2856 vi-

2017 2884 2180 2941 detur
2201 2886 2468 2941 excedere
2500 2903 2513 2939 :
2546 2896 2604 2941 at
2622 2903 2777 2943 -vero
2805 2889 2972 2944 etiam
3003 2889 3391 2955 demetentem,
3421 2893 3476 2947 in
3502 2908 3594 2948 res

2015 2974 2252 3045 proximi
2307 2974 2502 3030 falcem
2560 2975 2802 3042 inferre,
2860 2979 2915 3032 id
2954 2994 3087 3034 vero
3121 2981 3362 3036 transilit
3399 2984 3509 3054 jam
3536 2993 3596 3039 et

2016 3068 2302 3139 egreditur
2334 3077 2540 3123 mutua;
2580 3069 2978 3127 benevolentia:
3021 3073 3178 3139 ﬁnes,
3209 3085 3266 3130 et
3303 3076 3370 3130 ad
3405 3079 3596 3132 termi-

346 3161 442 3215 καὶ
476 3161 851 3234 ύπερθρώσκει
874 3162 1060 3216 λοιπὸν
1088 3162 1149 3215 τὸ
1174 3162 1514 3232 φιλάλληλον,
1539 3165 1633 3217 καὶ
1657 3167 1734 3226 εἰς
1753 3163 1912 3236 ὄρους

2017 3173 2119 3215 nos
2159 3158 2579 3228 intemperantis
2607 3161 2850 3216 avaritiae
2879 3165 3246 3234 progreditur.
3280 3166 3377 3220 Est
3426 3167 3594 3237 igitur

346 3253 447 3324 ᾗδη
493 3255 620 3317 τοὺς
665 3257 764 3324 τῆς
815 3255 1124 3320 πλεονεξίας
1168 3256 1394 3326 οἴχεται.
1442 3255 1650 3310 Οὐκοῦν
1706 3257 1916 3310 ὑπόδει-

344 3362 460 3416 γμα
486 3345 643 3399 τοῦτο
675 3347 844 3416 σαφὲς
881 3347 976 3400 τοῦ
1026 3346 1101 3418 μὴ
1146 3348 1594 3418 κατακεχρῆσθαι
1631 3348 1740 3401 δεῖν
1794 3353 1915 3414 ταῖς

345 3435 451 3488 τῶν
476 3437 718 3506 ἀδελφῶν
741 3438 1079 3509 ἀγαπήσεσίν
1113 3439 1248 3504 ἐστι,
1281 3442 1448 3510 τιμᾷν
1484 3441 1540 3495 δὲ
1567 3443 1684 3505 ταῖς
1712 3443 1914 3511 αὐταρ-

346 3528 522 3588 κείαις
585 3529 678 3581 καὶ
724 3529 785 3582 τὺ
836 3529 1178 3600 φιλάλληλον.
1216 3531 1330 3584 Οὐκ
1384 3531 1630 3602 ἄκομψον
1675 3533 1734 3584 δὲ
1784 3533 1914 3586 καθ-

345 3615 489 3684 άπερ
514 3615 748 3684 ἐγῷμαι,
777 3615 872 3689 τὸν
901 3617 994 3668 ἐπὶ
1013 3616 1148 3686 τῷδε
1176 3617 1338 3672 πάλιν
1367 3619 1448 3681 είς
1486 3620 1634 3689 ἡμᾶς
1659 3620 1753 3672 καὶ
1799 3619 1915 3672 ἑτέ·

349 3720 461 3772 ροις
489 3705 628 3757 τισὶν
653 3685 960 3775 ἐφαρμόσαι
986 3685 1161 3773 λόγον,
1187 3707 1235 3758 οἳ
1273 3707 1371 3768 τὰς
1413 3708 1472 3760 ὲν
1508 3685 1641 3770 ταῖς
1684 3707 1906 3778 Ἐκκλη-

348 3795 490 3857 τὶαις
506 3796 612 3848 τῶν
631 3796 986 3850 διδασκόντων
1017 3797 1221 3866 φωνὰς,
1249 3798 1416 3867 αἴπερ
1437 3798 1502 3852 ἂν
1532 3801 1597 3852 ἐκ
1622 3799 1714 3852 τοῦ
1740 3817 1917 3871 παρα-

348 3885 540 3956 χρῆμα
560 3887 653 3939 καὶ
675 3889 966 3958 προχείρου
998 3887 1257 3956 γένοιντο,
1282 3888 1534 3958 καθάπερ
1560 3889 1679 3942 τινὰ
1708 3890 1915 3960 τροφὴν

346 3977 670 4047 δρεπόμενοι
700 3978 915 4048 νοητὴν,
955 3979 1016 4030 οὐ
1054 3979 1214 4049 μέχρι
1254 3977 1443 4031 τούτου
1474 3978 1654 4048 μένειν
1694 3979 1914 4050 ἀνέχον-

344 4086 457 4134 ται,
489 4071 630 4139 πέρα
657 4071 713 4123 δὲ
735 4070 924 4141 ὥσπερ
959 4072 1129 4135 ἰόντες
1155 4072 1250 4126 τοῦ
1293 4073 1511 4143 μέτρου,
1548 4074 1643 4126 καὶ
1676 4070 1763 4127 οἷά
1807 4091 1914 4146 περ

347 4163 428 4222 είς
453 4163 619 4229 ἄγγος
659 4162 1053 4232 ἐμϐάλλοντες,
1090 4164 1184 4216 καὶ
1234 4163 1438 4227 δέλτοις
1487 4165 1912 4226 ἐναποτίθενται,

349 4251 751 4321 χρηστομαθεῖς
785 4254 884 4320 μὲν
908 4252 1058 4315 ὄντες
1088 4253 1228 4318 λίαν,
1253 4252 1564 4316 ἀδικοῦντες
1595 4253 1652 4306 δέ
1686 4271 1800 4317 πως
1836 4257 1915 4317 είς

347 4342 612 4412 ὑπόληψιν
664 4343 948 4411 ἀδελφοὺς,
1010 4343 1091 4395 ὅτι
1144 4343 1206 4395 τὸ
1259 4343 1674 4412 ἐσχεδιασμένον
1733 4341 1915 4405 εὐθὺς,

2017 3251 2124 3306 hoc
2147 3251 2374 3306 evidens
2398 3252 2732 3322 exemplum,
2765 3270 2836 3309 ne
2866 3255 3158 3310 abutamur
3189 3257 3420 3312 fratrum
3451 3259 3595 3315 dile-

2015 3343 2236 3409 ctione,
2273 3343 2369 3398 sed
2415 3358 2504 3409 co,
2545 3344 2691 3414 quod
2748 3346 2882 3402 satis
2933 3355 3038 3412 est,
3087 3357 3336 3403 mutuam
3371 3365 3594 3420 quoque

2016 3433 2460 3490 benevolentiam
2503 3436 2748 3492 colamus
2781 3454 2794 3491 :
2827 3453 2931 3494 nec
2960 3454 3092 3494 vero
3127 3439 3332 3510 inepte,
3377 3449 3438 3495 ut
3460 3441 3587 3512 opi-

2016 3543 2138 3591 nor,
2182 3527 2479 3598 Scripturze
2520 3531 2688 3585 verba
2727 3531 2836 3586 hac.
2871 3529 2940 3586 de
2985 3546 3046 3586 re
3086 3533 3355 3602 exposita,
3398 3549 3594 3590 rursus

2015 3619 2084 3674 ad
2121 3619 2259 3674 alios
2292 3620 2556 3690 quosdam
2584 3621 2998 3676 accommodare
3030 3637 3340 3693 possumus,
3370 3625 3464 3695 qui
3491 3641 3592 3680 vo-

2016 3723 2109 3764 ces
2144 3710 2200 3765 in
2249 3709 2510 3764 Ecclesiis
2547 3707 2884 3775 docentium,
2913 3726 2982 3766 ex
3005 3719 3252 3782 tempore
3282 3722 3340 3768 et
3364 3725 3591 3785 repente

1980 3800 2184 3884 'fnsas,
2235 3816 2360 3855 cum
2406 3809 2663 3870 tanquam
2699 3801 3037 3872 spiritualem
3075 3805 3370 3874 quamdam
3408 3823 3592 3862 escam

2015 3891 2336 3959 demetunt,
2375 3909 2486 3949 non
2546 3895 2832 3964 hucusque
2884 3894 3185 3951 consistere
3240 3899 3454 3962 volunt,
3495 3900 3592 3954 sed

2014 3985 2238 4039 modum
2273 3986 2672 4054 quodammodo
2713 3986 3060 4052 excedentes,
3105 4003 3169 4043 ac
3199 3990 3370 4044 veluti
3400 3991 3456 4044 in
3495 4007 3593 4046 vas

2014 4078 2390 4148 conjicientes,
2423 4079 2591 4133 etiam
2619 4079 2675 4132 in
2698 4078 2916 4133 libellos
2940 4079 3189 4134 referunt
3223 4099 3235 4134 ε
3270 4097 3334 4136 ac
3361 4083 3592 4137 studiosi

2015 4169 2239 4238 quidem
2290 4169 2370 4224 illi
2400 4170 2697 4224 admodum
2731 4177 2877 4234 sunt,
2909 4170 3005 4224 sed
3031 4179 3219 4224 tamen
3246 4173 3594 4240 aliquatenus

2013 4259 2245 4314 fratrum
2278 4261 2593 4330 opinionem
2673 4260 2859 4314 tedunt
2890 4276 3012 4314 cum
3042 4260 3118 4326 id,
3150 4262 3296 4330 quod
3326 4262 3506 4317 subito
3529 4280 3594 4319 ac

2016 4353 2377 4407 tumultuarie
2408 4352 2611 4406 factum
2651 4358 2756 4415 est,
2792 4358 3051 4419 tanquam
3085 4359 3342 4406 accurate
3366 4368 3593 4424 compo-

349 4433 538 4505 ὥσπερ
558 4452 610 4488 τι
643 4435 749 4489 τῶν
779 4435 917 4503 ἄγαν
952 4436 1493 4504 κατεσκευασμένων,
1515 4433 1914 4487 ὲναποτίθενται

2017 4443 2181 4496 situm
2245 4443 2446 4498 litteris
2512 4442 2797 4496 mandant.
2863 4442 3026 4512 268
3074 4442 3252 4511 Atque
3298 4443 3387 4497 lex
3442 4444 3590 4514 ipsa,

355 4528 564 4594 γραφῇ,
581 4525 719 4578 Ἀλλ’
738 4527 765 4578 ὅ
786 4543 848 4593 γε
873 4527 1056 4595 νόμος,
1074 4520 1118 4579 ὦ
1138 4525 1422 4594 βέλτιστοι,
1442 4525 1603 4594 φαίην
1624 4525 1690 4578 ἂν
1708 4525 1910 4588 αὐτοῖς,

2023 4534 2215 4602 optimi
2264 4533 2368 4587 viri
2411 4533 2690 4603 (equidem
2733 4511 3012 4604 dixerim),
3058 4533 3265 4590 diserte
3304 4511 3594 4605 prohibuit

353 4614 416 4667 τὸ
455 4617 616 4687 μηδὲν
655 4619 735 4680 εἰς
776 4617 946 4686 ἄγγος
1002 4616 1293 4688 ἐμϐάλλειν
1339 4616 1704 4686 προστέταχεν
1758 4617 1922 4686 ὲναρ-

349 4725 481 4776 γως.

420 4797 626 4850 ΠΑΛΛ.
661 4797 935 4870 Σφαλερδν
956 4794 1048 4854 οὖν
1080 4797 1188 4869 ἄρα
1228 4795 1289 4850 τὸ
1313 4793 1701 4867 ἁναμοχλεύειν
1736 4793 1924 4865 ὥσπερ

347 4890 528 4958 ψυχῆς
560 4889 779 4960 ἀρετὴν,
814 4891 907 4943 καὶ
933 4890 1024 4942 τὸν
1080 4887 1138 4943 εὖ
1174 4888 1443 4959 βεϐηκότα
1487 4887 1609 4941 νοῦν
1645 4888 1924 4957 μονονουχὶ⁹

348 4980 660 5034 κατασείειν
726 4981 1042 5051 ἀποτολμᾷν
1092 4981 1171 5051 τῷ
1213 4983 1310 5050 τῆς
1357 4979 1747 5049 καταχρήσεως
1803 4994 1915 5031 πε-

347 5082 537 5141 ριττῳ.

421 5164 506 5215 K1
523 5165 584 5217 P.
633 5163 896 5233 Ἀτρεκὴς
946 5166 973 5216 ὁ
1001 5164 1176 5231 λόγος.
1221 5163 1427 5233 Χρῆναι
1469 5161 1578 5232 γὰρ
1624 5162 1733 5215 δεῖν
1785 5161 1921 5214 δεδι-

344 5255 587 5308 καίωκεν
637 5256 881 5326 ἐναργῶς
929 5258 958 5308 ὁ
1020 5256 1126 5308 τῶν
1157 5255 1290 5307 ὅλων
1335 5255 1486 5319 Θεὸς,
1545 5255 1644 5307 οὐκ
1701 5253 1920 5306 ἐπιϐου-

345 5345 530 5399 λεύειν
561 5350 707 5417 ἡμᾶς
738 5350 926 5417 ἀρετῇ,
967 5347 1214 5416 μετέχειν
1269 5347 1326 5398 δὲ
1388 5347 1606 5416 μᾶλλον,
1646 5349 1694 5398 εί
1746 5346 1918 5414 τύχοι,

343 5437 458 5491 τῶν
488 5439 547 5502 ἐξ
575 5441 773 5508 ἀρετῆς
794 5439 1035 5506 ἁγαθόιν.
1065 5439 1172 5490 Καὶ
1191 5437 1429 5506 ἀμυδρὸν
1448 5439 1537 5490 ἐπὶ
1557 5437 1730 5507 τούτῳ
1757 5441 1923 5490 ποιεῖ-

343 5549 438 5583 ται
465 5530 527 5584 τὸ
557 5532 808 5601 αἴνιγμα,
842 5533 936 5584 καὶ
963 5533 1019 5583 ἐν
1052 5532 1264 5601 μικροῖς
1311 5529 1505 5597 κομιδῆ
1557 5530 1625 5582 τὰ
1663 5529 1919 5599 ἁσυγκρί·

344 5639 461 5686 τως
506 5624 879 5692 ὑπερκείμενα
915 5623 1213 5693 ζωγραφεῖ.
1257 5619 1568 5689 Γέγραπται
1603 5620 1711 5690 γὰρ
1760 5623 1815 5673 ἐν
1849 5621 1924 5690 τῷ

438 5791 456 5817 ’
479 5806 635 5858 Deut.
671 5820 821 5866 xxm,
856 5804 941 5863 Eli,
976 5803 1068 5855 9.3;.

2022 4641 2092 4679 ne
2119 4625 2253 4694 quid
2291 4625 2346 4679 in
2377 4641 2474 4681 vas
2503 4624 2889 4695 conjiceretur.

2091 4800 2289 4855 PALL.
2321 4801 2702 4855 Periculosum
2749 4809 2838 4856 est
2882 4799 3052 4871 igitur
3087 4804 3396 4859 convellere
3425 4803 3595 4858 animi

2020 4891 2305 4954 virtutem,
2336 4900 2395 4945 et
2445 4897 2683 4945 mentem
2722 4890 2864 4945 bene
2915 4890 3126 4947 ﬁrmam
3154 4893 3356 4948 audere
3395 4909 3597 4964 prope-

2025 4981 2269 5046 modum,
2298 4979 2529 5034 nimium
2553 4978 2851 5044 abutendo,
2882 4989 3179 5034 concutere

2094 5158 2252 5214 CYR.
2278 5159 2419 5214 Vera
2452 5157 2608 5212 dicis.
2649 5157 2918 5228 Oportere
2946 5159 3093 5212 enim
3123 5155 3339 5212 censuit
3375 5154 3604 5209 univer-

2026 5267 2214 5306 sorum
2251 5252 2415 5314 Deus,
2439 5265 2548 5304 non
2583 5249 2811 5304 insidias
2858 5249 3052 5303 virtuti
3092 5254 3328 5312 struere,
3378 5245 3475 5300 sed
3505 5261 3602 5314 po-

2029 5343 2138 5398 tius
2163 5342 2423 5406 fructum,
2454 5341 2500 5396 si
2537 5341 2720 5405 liceat,
2756 5355 2950 5396 eorum
2980 5338 3252 5393 bonorum
3294 5338 3599 5406 percipere,

2024 5452 2144 5505 qute
2174 5435 2242 5490 de
2277 5435 2481 5490 virtute
2519 5433 2983 5503 proﬁciscuntur;
3011 5430 3174 5499 idque
3203 5429 3440 5484 obscuro
3466 5431 3606 5483 teni-

2024 5539 2202 5597 gmate
2240 5527 2528 5597 signiﬁcat,
2565 5534 2621 5578 ct
2667 5524 2721 5577 in
2768 5523 2934 5578 rebus
2965 5521 3258 5576 admodum
3289 5521 3499 5591 exiguis
3539 5538 3608 5576 ea

2026 5635 2146 5690 quae
2195 5627 2323 5673 sunt
2371 5617 2558 5672 multis
2608 5613 2854 5684 partibus
2897 5613 3294 5684 praestantiora,
3338 5612 3600 5682 depingit.
