4142 6296
578 385 682 442 559

1593 378 1648 435 S.
1690 379 1965 436 CYRILLI
2001 379 2468 436 ALEXANDRINI
2505 380 2819 439 ARClllEP.

3723 386 3831 443 κου

572 499 851 568 Scriptum
907 502 991 551 est
1041 494 1187 550 enim
1229 495 1743 552 inDeuteronomio
1773 513 1785 550 :
1821 515 1838 547 ι
1877 495 1934 550 Si
1962 503 2133 550 autem

2247 497 2669 568 Δευτερονομίῳ·
2709 516 2726 547 ‹
2753 496 2877 551 Ἐὰν
2919 494 2974 548 δὲ
3018 493 3354 566 συναντήσῃς
3389 494 3577 567 νοσσιᾷ
3625 497 3827 568 ὀρνέων

571 591 880 648 occurreris
918 591 1048 646 nido
1079 591 1261 646 avium
1317 598 1443 644 ante
1487 598 1842 659 conspectum
1891 597 2043 642 tuum
2089 588 2147 641 in

572 682 682 748 via,
717 682 806 749 vel
845 681 902 736 in
941 681 1092 736 omni
1145 679 1366 744 arbore,
1391 680 1479 734 vel
1521 694 1686 748 super
1714 686 1939 742 terram,
1981 675 2146 747 pullis

571 777 657 832 vel
686 776 824 842 ovis,
857 784 916 831 et
933 783 1108 830 mater
1138 773 1286 830 fovet
1307 789 1471 844 super
1485 773 1672 844 pullis,
1699 772 1786 827 vel
1823 786 1989 842 super
2005 771 2141 834 ovis,

569 883 682 922 non
738 867 976 937 accipies
1012 874 1242 922 matrem
1302 880 1427 920 cum
1463 864 1630 930 filiis;
1687 860 2014 918 dimittendo
2055 861 2142 915 di-

569 958 757 1013 mittes
794 967 1046 1022 matrem,
1087 958 1230 1013 filios
1256 970 1439 1012 autem
1481 954 1718 1025 accipies
1753 954 1871 1018 tibi,
1913 961 1974 1008 ut
2002 952 2142 1007 bene

566 1049 640 1105 sit
665 1050 787 1115 tibi,
816 1058 873 1104 et
903 1049 1182 1119 longaevus
1205 1048 1282 1104 sis
1305 1049 1342 1102 ⁸.
1375 1067 1393 1100 ι

636 1142 833 1198 PALL.
857 1141 998 1208 Quid
1027 1141 1244 1196 tandem
1275 1140 1421 1196 istud
1459 1140 1586 1195 est?
1615 1152 1794 1209 neque
1825 1137 1975 1192 enim
2003 1136 2139 1191 mihi

565 1234 919 1307 perspicuum
949 1240 1032 1286 est
1053 1233 1159 1286 hoc
1183 1231 1433 1302 aenigma.

638 1326 796 1381 ΟΥΕ.
825 1323 1006 1390 Quid?
1049 1337 1233 1379 nonne
1265 1324 1370 1378 hoc
1399 1332 1586 1392 aperte
1616 1320 1918 1391 intelligis?
1941 1334 2139 1390 nempe

563 1417 610 1472 si
642 1415 766 1485 quis
814 1414 1024 1484 ceperit
1069 1413 1256 1484 pullis,
1291 1421 1387 1468 aut
1420 1411 1540 1468 ovis
1563 1411 1924 1466 incubantem
1953 1425 2134 1476 avem,

562 1508 722 1561 liceat
789 1505 866 1559 illi
921 1503 1272 1560 commodum
1327 1512 1385 1558 et
1441 1503 1877 1559 emolumentum
1937 1517 2006 1557 ex
2049 1501 2139 1557 bis

561 1593 867 1664 percipere,
903 1607 1025 1662 quae
1087 1607 1156 1647 ex
1214 1592 1308 1646 illa
1340 1599 1462 1646 orta
1504 1585 1663 1658 sunt;
1719 1591 1871 1646 illam
1928 1598 2134 1659 tamen,

563 1687 714 1740 nullo
745 1685 946 1740 damno
1003 1683 1274 1748 affectam,
1312 1684 1570 1738 dimittat.

629 1777 828 1833 PALL.
862 1777 941 1833 lta
983 1785 1068 1831 est
1095 1794 1106 1828 :
1136 1791 1260 1830 nam
1304 1775 1410 1831 hoc
1445 1783 1529 1830 est
1562 1775 1861 1845 Scriptura:
1888 1776 2137 1846 proposi-

565 1865 698 1926 tum.

626 1962 784 2017 (ΝΒ.
850 1960 1045 2030 Aspice
1101 1958 1270 2030 igitur
1323 1957 1418 2024 id,
1479 1957 1624 2028 quod
1658 1957 1905 2012 abditum
1942 1965 2045 2023 est,
2081 1966 2137 2013 et

562 2052 714 2121 quasi
737 2051 955 2106 evoluto
991 2050 1201 2104 umbrae
1231 2048 1518 2113 velamine,
1551 2048 1841 2103 considera
1870 2048 2134 2118 spiritua-

561 2145 688 2198 litcr
716 2142 1025 2198 veritatem.
1060 2141 1196 2196 Nam
1222 2154 1563 2209 unaquaeque
1595 2139 1774 2194 virtus
1817 2139 1989 2194 veluti
2016 2155 2134 2194 ma-

563 2247 644 2291 ter
679 2243 762 2290 est
785 2241 840 2288 et
873 2233 1029 2303 origo
1058 2247 1246 2286 eorum
1287 2231 1580 2294 bonorum,
1611 2245 1732 2299 quae
1757 2246 1826 2285 ex
1859 2231 1975 2301 ipsa
2008 2245 2137 2300 pro-

561 2326 907 2388 ficiscuntur,
956 2322 1110 2376 verbi
1157 2320 1354 2392 gratia,
1399 2319 1743 2391 benignitas,
1799 2322 2042 2378 Charitas
2072 2321 2134 2376 in

560 2431 850 2486 pauperes,
880 2413 1264 2477 mansuetudo,
1309 2413 1594 2482 patientia.
1625 2414 1722 2468 Est
1753 2414 1900 2468 enim
1934 2431 2044 2469 non
2076 2416 2134 2470 in

559 2522 616 2562 se
651 2505 944 2575 quisquam
974 2502 1145 2573 magis
1177 2499 1469 2572 benignus,
1505 2517 1669 2570 quam
1699 2501 1757 2555 in
1790 2510 2037 2569 caeteros,
2077 2511 2135 2558 et

556 2613 623 2651 ex
645 2596 913 2652 charitate
951 2608 1079 2665 erga
1117 2607 1389 2663 pauperes
1430 2592 1469 2646 ii
1520 2591 1762 2647 fructum
1798 2595 2130 2664 percipiunt,

556 2689 652 2759 qui
682 2688 947 2758 indigent,
986 2695 1043 2741 et
1084 2687 1278 2741 eodem
1313 2684 1476 2741 modo
1505 2700 1573 2743 ex
1601 2686 2026 2744 mansuetudine
2067 2703 2134 2746 ac

559 2779 839 2850 patientia.
879 2777 1226 2847 Unaquaeque
1263 2778 1430 2849 igitur
1465 2777 1643 2833 virtus
1699 2788 1876 2834 mater
1903 2780 2132 2852 intelligi

559 2878 758 2940 potest,
782 2879 838 2924 et
865 2869 1022 2939 quasi
1062 2869 1280 2923 initium
1309 2885 1504 2925 eorum
1529 2869 1822 2936 bonorum,
1855 2886 1977 2940 qua:
2016 2879 2132 2926 tum

558 2962 660 3032 ipsi
712 2963 920 3026 insunt,
962 2969 1078 3015 tum
1112 2976 1180 3016 ex
1205 2975 1270 3015 ea
1298 2960 1728 3030 proficiscuntur
1757 2979 1772 3014 ι
1801 2962 1918 3016 nidi
1942 2972 2128 3018 autem

556 3051 962 3124 quodammodo
991 3052 1256 3108 virtutum
1282 3053 1479 3108 animai
1503 3060 1653 3119 sunt,
1681 3068 1804 3123 quae
1833 3053 1953 3109 illas
1980 3068 2133 3110 com-

2251 589 2357 660 πρὸ
2387 591 2678 661 προσώπου
2714 606 2807 642 σου
2835 591 2892 642 έν
2911 592 2976 662 τῇ
3016 587 3138 659 ὁδῷ,
3196 589 3229 660 ἢ
3261 589 3355 641 ἐπὶ
3412 591 3577 644 παντὶ
3604 590 3827 662 δένδρῳ,

2247 679 2281 752 ἢ
2318 682 2410 734 ἐπὶ
2436 681 2534 753 τῆς
2562 682 2684 752 γῆς,
2707 683 2969 744 νεοσσοῖς,
3002 679 3034 751 ἢ
3067 680 3214 744 ὠοῖς,
3239 680 3333 733 καὶ
3364 681 3397 751 ἡ
3423 682 3607 752 μήτηρ
3644 681 3825 754 θάλπῃ

2247 773 2342 826 ἐπὶ
2369 773 2480 826 τῶν
2508 774 2766 841 νεοσσῶν,
2801 773 2833 843 ἢ
2869 772 2964 825 ἐπὶ
2998 771 3109 825 τῶν
3139 771 3282 838 ὠῶν,
3317 774 3378 826 ού
3412 773 3556 846 λήψῃ
3585 773 3684 844 τὴν
3728 792 3826 844 μη-

2247 861 2380 933 τέρα
2413 862 2550 933 μετά
2603 862 2708 915 τῶν
2750 861 2974 916 τέκνων.
3021 861 3314 933 Ἀποστολῇ
3354 862 3671 927 ἀποστελεῖς
3724 864 3826 935 τὴν

2249 952 2482 1024 μητέρα,
2509 952 2579 1006 τὰ
2599 953 2657 1006 δὲ
2680 954 2867 1006 παιδία
2901 953 3048 1025 λήψῃ
3081 953 3315 1024 σεαυτῷ,
3350 955 3438 1008 ἵνα
3465 950 3525 1010 εὖ
3551 972 3637 1010 σοι
3667 956 3823 1028 γένη-

2243 1063 2354 1110 ται,
2385 1047 2479 1100 καὶ
2500 1045 2846 1116 πολυήμερος
2867 1045 2984 1117 έσῃ.
3023 1063 3044 1097 ›

2317 1138 2523 1192 ΠΑΛΛ.
2556 1137 2667 1192 Καὶ
2690 1136 2742 1190 τί
2777 1135 2841 1207 δὴ
2868 1135 3026 1190 τοῦτό
3054 1137 3238 1203 ὲστινς
3279 1136 3340 1190 οὐ
3375 1137 3485 1208 γάρ
3521 1155 3612 1210 μοι
3650 1139 3821 1209 σαφὲς

2239 1229 2301 1282 τὸ
2321 1228 2568 1299 αἴνιγμα.

2311 1319 2477 1376 ΚΥΡ.
2507 1320 2577 1372 Ἢ
2609 1320 2708 1372 οὐκ
2743 1318 2991 1392 ἐναργῶς
3015 1319 3261 1385 ὲπαϊεις;
3293 1318 3368 1382 ὡς
3401 1319 3560 1392 εἴπερ
3589 1339 3672 1384 τις
3705 1320 3817 1375 ῑλοι

2241 1410 2626 1465 νεοττεύουσαν
2673 1410 2752 1463 ἔτι
2803 1410 2902 1482 τὴν
2963 1410 3133 1482 ὄρνιν,
3191 1410 3362 1480 ήγουν
3426 1412 3813 1478 ὲπωάζουσάν,

2239 1501 2499 1558 ποιείσθω
2550 1500 2649 1571 μὲν
2692 1500 2874 1572 ὄνησίν
2913 1517 2972 1554 τε
3009 1500 3104 1554 καὶ
3145 1499 3363 1572 εὕρημα
3395 1503 3465 1556 τά
3509 1503 3568 1570 ὲξ
3608 1502 3815 1574 αύτῆςο

2239 1593 2612 1664 ἀποπεμπέτω
2636 1609 2698 1661 γε
2726 1592 2853 1664 μὴν,
2881 1591 3033 1645 οὐδὲν
3056 1591 3279 1662 ἐποίησε
3315 1593 3531 1664 βλάϐος.

2308 1775 2516 1828 ΠΑΛΛ.
2545 1771 2683 1828 Ναί·
2725 1774 2754 1826 ό
2776 1772 2884 1844 γάρ
2932 1789 3015 1825 τοι
3052 1771 3147 1826 τοῦ
3181 1773 3516 1846 Γράμματος
3569 1768 3725 1840 οὗτος
3750 1776 3820 1830 ἂν

2241 1869 2325 1936 εἴη
2361 1865 2581 1928 σκοπός.

2306 1958 2472 2013 ΚΥΡ.
2491 1955 2702 2012 Οὐκοῦν
2718 1955 2873 2028 ἄθρει
2891 1956 2952 2010 τὺ
2974 1957 3380 2030 κεκρυμμένον,
3404 1958 3498 2012 καὶ
3513 1958 3679 2012 οἱονεὶ
3699 1959 3818 2013 δια-

2239 2047 2446 2113 πτύξας
2470 2047 2566 2120 τὴν
2597 2047 2776 2113 σκιὰν,
2796 2049 3176 2104 κατασκέπτου
3208 2050 3408 2120 νοητῶς
3425 2049 3524 2120 τὴν
3539 2049 3814 2121 ἀλήθειαν.

2248 2141 2480 2211 Ἐκάστη
2509 2139 2608 2210 μὲν
2623 2139 2730 2212 γὰρ
2742 2140 2930 2212 ἀρετὴ,
2965 2142 3146 2213 μήτηρ
3161 2135 3342 2204 οἷάτίς
3369 2141 3482 2194 ἐστι
3508 2141 3617 2195 τῶν
3642 2142 3702 2207 ἐξ
3721 2143 3821 2196 αύ-

2234 2234 2332 2301 τῆς
2347 2230 2568 2299 ἀγαθῶν
2590 2231 2684 2284 καὶ
2707 2231 2940 2299 γένεσις,
2963 2225 3146 2284 οἷονεῐ
3165 2244 3246 2294 τις
3271 2230 3418 2298 λέγοι
3450 2230 3547 2302 τὴν
3581 2233 3816 2304 χρησιιό⁴⁹

2232 2338 2392 2394 τητα,
2422 2321 2518 2392 τὴν
2562 2321 2978 2392 φιλοπτωχείαν,
3008 2323 3105 2394 τὴν
3143 2322 3449 2394 πραότητα,
3481 2325 3580 2395 τὴν
3618 2341 3818 2397 μακρο-

2235 2414 2452 2486 θυμίαν.
2485 2412 2860 2484 Χρηστεύεται
2906 2415 3014 2486 γάρ
3050 2431 3136 2477 τις
3172 2415 3270 2485 οὐχ
3302 2415 3482 2486 ἑαυτῷ
3535 2416 3737 2486 μᾶλλον
3777 2417 3813 2488 ἢ

2233 2509 2470 2579 ἑτέροιςο
2504 2509 2827 2580 μετάσχοιεν
2867 2506 2911 2560 δ’
2940 2501 3006 2560 αὖ
3037 2506 3137 2576 τῆς
3168 2506 3584 2577 φιλοπτωχείας,
3612 2510 3662 2561 οἱ
3691 2507 3819 2561 ταύ-

2231 2617 2331 2671 της
2369 2600 2700 2671 δεδεημένοι,
2730 2599 2826 2652 καὶ
2863 2598 3173 2670 πραότητος
3213 2600 3415 2670 ὁμοίως
3454 2599 3549 2653 καὶ
3596 2615 3813 2672 μακροο

2233 2692 2451 2762 θυμίας.
2482 2691 2690 2745 Οὐκοῦν
2714 2690 2884 2762 ἀρετὴ
2910 2690 3008 2762 μὲν
3040 2689 3246 2760 ἑκάστη
3291 2693 3474 2760 μήτηρ
3521 2691 3588 2744 ἂν
3613 2695 3812 2757 νοοῖτο,

2231 2785 2326 2847 καὶ
2356 2783 2519 2838 οἱονεί
2559 2799 2644 2846 τις
2684 2781 2825 2854 ἀρχὴ
2850 2781 2958 2835 τῶν
2998 2783 3056 2834 ὲν
3097 2781 3234 2852 αὐτῇ
3269 2797 3328 2834 τε
3375 2783 3470 2834 καὶ
3528 2782 3587 2847 ἐξ
3623 2783 3816 2853 αὐτῆς
3925 2828 3929 2831 .

2231 2873 2472 2943 ἀγαθῶν.
2506 2873 2735 2927 Νοσσιαὶ
2754 2873 2812 2927 δὲ
2859 2871 3049 2944 ὥσπερ
3077 2872 3310 2944 ἀρετῶν,
3343 2873 3400 2927 αἱ
3443 2873 3651 2938 ταύτας
3693 2875 3817 2929 ὠδί-

2231 2982 2439 3032 νουσαι,
2479 2965 2573 3019 καὶ
2605 2967 2663 3019 ὲν
2693 2964 2877 3033 σφίσιν
2923 2963 3115 3028 αὐταῖς
3168 2962 3389 3017 ἑλοῦσαι
3426 2963 3616 3035 ψυχαί,
3667 2967 3816 3037 Χρῆ-

2231 3073 2318 3111 ναι
2343 3054 2409 3126 δὴ
2443 3052 2537 3108 οὖν
2583 3055 2692 3126 ἄρα
2729 3053 2892 3125 φησὶν
2925 3054 2954 3106 ὁ
3004 3053 3189 3123 νόμος,
3225 3055 3352 3118 τοὺς
3392 3055 3616 3127 ἀνδράσι
3658 3074 3815 3130 περι-

556 3147 889 3216 plectuntur,
930 3152 987 3200 et
1013 3145 1152 3199 intra
1184 3145 1392 3215 seipsas
1416 3145 1705 3200 continent
1749 3162 1764 3198 :
1795 3160 1934 3215 opus
1964 3145 2130 3217 igitur

2236 3145 2615 3216 τυγχάνοντας,
2677 3145 2736 3197 ὲν
2787 3140 2868 3207 οἷς
2907 3144 2974 3198 ἃν
3025 3138 3134 3198 εἷεν
3179 3146 3372 3217 ἀρεταὶ
3426 3149 3678 3221 καθάπερ
3733 3151 3817 3214 είς

555 3253 674 3294 esse
722 3240 810 3294 lex
853 3240 929 3293 ait
954 3253 1073 3304 eos,
1112 3238 1207 3308 qui
1249 3239 1304 3291 in
1338 3238 1592 3294 homines
1624 3237 1899 3304 incidunt,
1924 3238 1982 3292 in
2004 3239 2132 3308 qui-

557 3332 659 3386 bus
709 3331 818 3385 sint
862 3331 1095 3384 virtutes
1146 3338 1408 3397 tanquam
1469 3329 1526 3382 in
1568 3329 1703 3385 nido
1739 3329 2134 3396 collocatae,“

555 3435 748 3475 eorum
787 3419 1059 3476 fructibus
1092 3418 1525 3472 emolumentum
1569 3420 1880 3489 percipere,
1913 3437 2023 3476 non
2045 3430 2131 3476 ta-

556 3528 678 3567 men
729 3511 1020 3576 virtutem,
1063 3519 1213 3566 recte
1256 3508 1528 3565 factorum
1577 3518 1830 3577 matrem,
1880 3512 2078 3569 laedere
2115 3532 2128 3566 :

555 3602 790 3658 violatur
831 3610 1013 3657 autem
1049 3602 1116 3656 ab
1146 3602 1331 3672 aliquo
1363 3601 1542 3658 virtus
1574 3617 1840 3660 concussa
1872 3603 1940 3661 iis
1966 3605 2134 3660 ratio-

554 3693 735 3760 nibus,
760 3710 897 3764 quas
930 3695 1096 3750 modo
1129 3695 1388 3750 diximus.

619 3785 784 3854 269
810 3783 1005 3838 PALL.
1041 3783 1404 3838 Rcconditum
1435 3791 1521 3840 est
1559 3800 1690 3841 sane
1733 3785 1838 3841 hoc
1878 3787 2127 3856 aenigma.

620 3876 776 3929 CYR.
802 3875 878 3928 lta
904 3883 1008 3939 est,
1034 3882 1182 3929 recte
1205 3874 1364 3929 dicis.
1394 3874 1521 3941 Sed,
1546 3885 1608 3930 ut
1632 3877 1837 3946 aliquid
1883 3877 2162 3933 dicamus’

554 3964 697 4018 beati
729 3963 881 4018 Pauli
906 3962 1137 4018 vocibus
1163 3963 1443 4032 persimile
1469 3981 1481 4017 :
1520 3983 1537 4016 ι
1569 3964 1826 4033 Nunquid
1852 3965 1919 4020 de
1946 3967 2133 4021 avicu-

555 4056 620 4108 lis
643 4069 776 4110 cura
808 4063 892 4109 est
927 4054 1074 4109 Deo?
1110 4070 1179 4108 an
1220 4060 1445 4124 propter
1483 4069 1585 4111 nos
1629 4055 1820 4124 utique
1858 4055 1992 4111 dicit
2029 4058 2123 4110 δῖι

553 4147 788 4202 Mandati
826 4163 1060 4217 namque
1085 4163 1181 4216 per
1210 4147 1431 4217 Moysen
1456 4146 1570 4202 dati
1594 4147 1781 4212 verba,
1806 4146 2010 4204 formas
2034 4164 2134 4204 no-

553 4237 638 4292 bis
665 4253 869 4302 rerum,
895 4253 1005 4291 non
1047 4237 1192 4306 ipsas
1224 4243 1412 4306 aperte
1451 4251 1541 4292 res
1579 4245 1878 4306 exponunt.
1909 4239 2131 4309 Perspi-

552 4344 674 4383 cere
715 4336 899 4383 autem
940 4315 1098 4383 facile
1128 4335 1305 4399 potes,
1352 4328 1814 4397 quemadmodum
1854 4329 2021 4384 etiam
2061 4331 2130 4386 ad

552 4434 776 4473 summac
799 4419 949 4472 illius
972 4418 1369 4475 benevolentia:
1403 4435 1586 4476 mores
1618 4435 1720 4475 nos
1744 4421 2008 4490 paulatim
2031 4422 2129 4478 de-

2231 3237 2449 3291 νοσσιάν
2491 3235 3014 3306 συγκεκομισμέναι,
3066 3237 3336 3289 ποιεῖσθαι
3389 3239 3488 3309 μὲν
3532 3239 3697 3311 κέρδη
3743 3240 3814 3296 τὰ
3929 3267 3945 3277 ο

2231 3325 2291 3391 ἐξ
2316 3325 2515 3392 αὐτῶν,
2557 3325 2631 3395 μὴ
2667 3323 2774 3394 μὴν
2813 3323 2893 3376 ἔτι
2945 3323 3330 3378 κατασίνεσθαι
3381 3325 3560 3393 φιλεῖν
3589 3326 3812 3398 ἀρετήν,

2229 3418 2327 3490 τὴν
2345 3417 2452 3471 τῶν
2482 3417 2720 3488 ἀρίστων
2737 3415 3174 3485 κατορθωμάτων
3202 3416 3432 3488 μητέραο
3462 3417 3729 3471 ἀδικεῖται
3754 3419 3814 3472 δὲ

2230 3508 2423 3581 ἀρετή,
2452 3507 2847 3578 κατασειομένη
2887 3505 3028 3578 πρός
3063 3522 3226 3572 τινος,
3268 3509 3411 3562 κατά
3450 3524 3513 3576 γε
3556 3508 3683 3574 τοὺς
3710 3509 3810 3582 ήδη

2233 3598 2666 3672 προειρημένους
2699 3599 2951 3669 τρόπους.

2300 3782 2505 3837 ΠΑΛΛ.
2545 3781 2634 3844 Ὦς
2659 3780 2794 3851 βαθὺ
2821 3781 2883 3834 τὸ
2914 3780 3147 3852 αἴνιγμα
3171 3783 3183 3836 !

2299 3873 2464 3926 ΚΥΡ.
2488 3871 2594 3925 Ναί
2606 3887 2622 3903 ο
2649 3870 2832 3939 λέγεις
2863 3871 3058 3941 ὀρθῶς.
3089 3872 3256 3936 Ἀλλ’,
3287 3872 3375 3927 ἵνα
3395 3889 3448 3926 τι
3479 3873 3669 3945 φῶμεν
3690 3875 3812 3938 ταῖς

2228 3964 2322 4018 τοῦ
2365 3964 2634 4035 μακαρίου
2663 3961 2876 4018 Παύλου
2919 3962 3214 4033 συμϐαῖνον
3254 3967 3460 4034 φωναῖς
3479 4006 3495 4033 ,
3527 3985 3546 4018 ι
3581 3967 3672 4038 Μὴ
3700 3967 3811 4020 τῶν

2235 4057 2532 4128 στρουθίων
2562 4055 2712 4125 μέλει
2731 4055 2808 4125 τῷ
2834 4055 2984 4124 Θεῷ;
3007 4055 3039 4125 ἢ
3066 4057 3131 4109 δι’
3155 4059 3301 4128 ἡμᾶς
3326 4058 3545 4122 πάντως
3572 4059 3750 4126 λέγεις
3782 4076 3805 4112 ι

2229 4147 2434 4208 τύπους
2466 4144 2576 4214 γὰρ
2603 4146 2738 4213 ἡμῖν
2791 4144 3158 4215 πραγμάτων,
3203 4146 3303 4199 ούκ
3341 4146 3479 4200 αὐτὰ
3511 4148 3694 4217 σαφῶς
3722 4145 3811 4213 ἐξ·-

2230 4240 2445 4309 ηγεῖται
2465 4236 2534 4290 τὰ
2553 4236 2870 4307 πράγματα,
2884 4236 2981 4307 τῆς
3001 4236 3086 4290 δίἀ
3099 4237 3341 4302 Μωσέως
3357 4239 3610 4310 ἐντολῆςὸ
3631 4240 3808 4307 λόγος’

2235 4330 2364 4392 ἴδοις
2397 4329 2442 4382 δ’
2473 4328 2558 4394 ἂν,
2589 4328 2736 4391 ὅπως
2759 4328 2906 4398 ἡμᾶς
2933 4328 3027 4380 καὶ
3051 4329 3130 4391 εἰς
3157 4328 3392 4399 τρόπους
3417 4329 3511 4400 ήδη
3539 4331 3637 4398 τῆς
3667 4330 3808 4383 ἀνω·-

2231 4423 2379 4478 τάτω
2405 4420 2754 4492 φιλαλληλίας
2786 4420 3108 4491 ἀνακομίζει
3137 4420 3279 4473 κατὰ
3309 4419 3502 4490 βραχύ.
3542 4421 3808 4492 Πειρᾶται

552 4509 754 4564 ducat:
797 4518 1027 4565 conatur
1067 4511 1214 4564 enim
1243 4511 1596 4582 persuadere,
1629 4520 1690 4566 ut
1730 4512 1878 4582 ipsos
1911 4529 2130 4582 quoque

2236 4515 2343 4586 γάρ
2390 4514 2726 4578 ἀναπείθειν,
2775 4513 2870 4566 καὶ
2913 4513 3112 4575 αὐτοὺς
3153 4512 3372 4581 ἀγαπᾷν
3401 4513 3528 4574 τοὺς
3567 4529 3807 4583 προσκε-

551 4600 859 4670 diligamus,
900 4601 992 4669 qui
1037 4616 1136 4655 nos
1165 4601 1516 4656 offenderunt
1559 4612 1655 4657 :et
1697 4603 1858 4668 iram,
1888 4619 1994 4673 qua
2037 4604 2134 4658 ad-

551 4705 743 4744 versus
783 4691 1035 4745 inimicos
1078 4691 1392 4757 incitamur,
1437 4708 1792 4762 superemus,
1823 4709 1892 4747 ne
1932 4709 1963 4747 a
1988 4695 2132 4748 malo

552 4781 859 4844 vincamur,
880 4781 976 4835 sed
997 4782 1180 4850 potius
1197 4783 1479 4838 vincamus
1504 4785 1558 4838 in
1580 4784 1726 4839 bono
1749 4785 1969 4840 malum.
1989 4786 2136 4840 Dixit

558 4872 706 4927 enim
730 4887 921 4926 rursus
949 4874 1005 4925 in
1030 4873 1215 4927 Exodo
1239 4875 1461 4943 quidem
1487 4894 1500 4930 :
1534 4896 1552 4928 ι
1584 4877 1641 4935 Si
1666 4892 1797 4932 vero
1821 4879 2135 4934 occurreris

558 4960 684 5015 bovi
731 4959 936 5014 inimici
966 4959 1066 5026 tui,
1108 4962 1194 5015 vel
1234 4963 1502 5034 subjugali
1543 4967 1682 5036 ejus,
1719 4968 2032 5024 errantibus
2075 4971 2131 5024 in

551 5049 658 5113 via,
685 5048 954 5104 reducens
981 5048 1180 5104 reddes
1207 5050 1307 5120 ipsi
1338 5069 1352 5118 ;
1387 5053 1432 5106 si
1454 5069 1587 5108 vero
1611 5055 1818 5111 videris
1846 5059 2128 5130 subjugale

557 5141 764 5196 inimici
801 5142 882 5195 tui
908 5141 1175 5197 cecidisse
1205 5143 1308 5197 sub
1346 5145 1559 5200 sarcina
1579 5148 1719 5217 ejus,
1763 5165 1872 5204 non
1898 5160 2126 5219 przeter-

551 5233 658 5288 ibis
682 5233 837 5300 illud,
863 5233 959 5289 sed
987 5234 1149 5288 simul
1183 5235 1444 5291 allevabis
1473 5252 1599 5292 cum
1633 5238 1751 5308 ipso
1772 5241 1813 5294 ⁸.
1847 5259 1864 5292 ι
1899 5241 1956 5295 ln
1984 5242 2127 5296 Deu-

554 5325 858 5380 teronomio
890 5335 1075 5381 autem
1102 5345 1114 5381 :
1147 5347 1164 5378 ι
1194 5329 1272 5383 Ne
1292 5329 1486 5385 videns
1509 5331 1704 5388 bovem
1733 5333 1918 5390 fratris
1943 5337 2128 5393 tuivcl

553 5426 710 5465 ovem
723 5413 914 5483 ipsius,
929 5424 1178 5471 errantes
1193 5418 1249 5472 in
1265 5420 1372 5483 via,
1388 5419 1656 5491 despicias
1674 5422 1763 5477 illa
1786 5442 1797 5476 :
1818 5425 2130 5479 reducendo

555 5501 785 5558 reduces
800 5505 914 5574 ipsa
929 5506 1084 5562 fratri
1109 5516 1202 5562 tuo
1222 5511 1395 5579 :quod
1421 5512 1466 5566 si
1483 5512 1653 5568 frater
1680 5522 1806 5567 tuus
1831 5529 1939 5567 non
1963 5513 2132 5568 fuerit

553 5607 725 5664 prope
749 5601 821 5659 te,
844 5611 1020 5666 neque
1041 5601 1265 5654 noveris
1285 5616 1433 5668 eum,
1458 5603 1629 5659 duces
1650 5619 1712 5659 ea
1743 5605 1886 5659 intra
1906 5605 2130 5660 domum

2233 4606 2572 4678 κρουκότας,
2626 4605 2722 4658 καὶ
2771 4603 2952 4674 λύπης
2990 4603 3248 4678 ἀμείνους
3298 4603 3528 4676 ὁρᾶσθαι
3577 4603 3679 4673 τῆς
3728 4605 3810 4666 εἰς

2235 4697 2482 4769 ἐχθροὺς,
2513 4695 2586 4767 μὴ
2612 4696 2718 4749 ὑπὸ
2743 4695 2836 4749 τοῦ
2863 4695 3035 4749 κακοῦ
3066 4696 3426 4766 νικωμένους,
3459 4695 3726 4759 νικῶντας
3752 4696 3810 4749 δὲ

2240 4789 2442 4860 μᾶλλον
2484 4789 2542 4841 έν
2579 4785 2657 4856 τῷ
2685 4786 2874 4856 ἀγαθῷ
2901 4787 2962 4839 τὸ
2989 4787 3177 4841 κακόν.
3224 4787 3368 4858 Ἔφη
3404 4787 3512 4857 γὰρ
3559 4787 3722 4840 πάλιν
3751 4788 3811 4838 ὲν

2239 4882 2336 4950 μὲν
2384 4882 2450 4949 τῇ
2497 4878 2723 4949 Ἐξόδῳ’
2763 4897 2781 4930 ι
2834 4879 2959 4932 Ἐὰν
3013 4880 3070 4932 δὲ
3117 4881 3456 4952 συναντήσῃς
3483 4879 3562 4950 τῷ
3601 4879 3686 4950 βοῒ
3713 4878 3808 4934 τοῦ

2237 4969 2430 5040 ἐχθροῦ
2459 4986 2553 5022 σου
2579 5009 2594 5035 ,
2624 4968 2658 5039 ἢ
2696 4968 2775 5038 τῷ
2805 4968 3084 5038 ὑποζυγίῳ
3113 4969 3278 5024 αὐτοῦ
3299 5012 3313 5036 ,
3343 4971 3715 5039 πλανωμένοις
3751 4971 3809 5022 ἐν

2236 5062 2303 5129 τῇ
2337 5057 2462 5128 ὀδῷ,
2485 5057 2834 5127 ἀποστρέψας
2860 5056 3162 5120 ἀποδώσεις
3194 5059 3345 5128 αύτῷ
3367 5076 3379 5091 ·
3407 5060 3501 5113 ὲάν
3525 5061 3581 5112 δὲ
3613 5059 3726 5130 ἴδῃς
3750 5060 3812 5112 τὸ

2238 5149 2530 5217 ὑποζύγιον
2565 5147 2658 5201 τοῦ
2694 5147 2891 5219 ὲχθροῦ
2923 5165 3014 5201 σου
3059 5152 3349 5214 πεπτωκὸς
3379 5153 3485 5204 ὑπὸ
3520 5152 3610 5204 τὸν
3641 5151 3808 5219 γόμον

2234 5240 2420 5306 αὐτοῦ,
2462 5240 2523 5291 ού
2557 5239 2874 5310 παρελεύσῃ
2923 5239 3077 5304 αὐτὸ,
3128 5239 3265 5293 ἀλλά
3323 5244 3629 5310 συνεγερεῖς
3678 5240 3810 5293 αὐτὸ

2240 5334 2353 5403 μετ’
2378 5330 2563 5384 αὐτοῦ.
2581 5349 2600 5380 ι
2637 5330 2724 5382 Ἐν
2752 5329 2807 5381 δὲ
2830 5329 2905 5400 τῷ
2931 5332 3335 5402 Δευτερονομίῳ
3357 5350 3370 5363 ο
3400 5350 3417 5383 ι
3447 5333 3536 5402 Μὴ
3563 5331 3686 5384 ίδὼν
3717 5331 3808 5384 τὸν

2240 5425 2437 5495 μόσχον
2465 5422 2558 5476 τοῦ
2589 5421 2818 5490 ἀδελφοῦ
2848 5438 2965 5487 σου,
2995 5423 3028 5493 ἢ
3061 5423 3120 5475 τὸ
3157 5425 3430 5494 πρόὸατον
3455 5422 3641 5484 αὑτοῦ,
3669 5421 3806 5474 πλα-

2235 5515 2450 5585 νώμενα
2475 5516 2532 5566 έν
2563 5515 2630 5583 τῇ
2658 5511 2786 5582 ὁδῷ,
2822 5514 3086 5583 ὑπερίδῃς
3111 5515 3253 5568 αὐτά
3277 5531 3290 5546 ⁸
3319 5516 3637 5586 ἀποστροφῇ
3676 5513 3807 5566 ἀπο-

2239 5607 2487 5677 στρέψεις
2516 5607 2655 5662 αὐτὰ
2703 5606 2782 5677 τῷ
2815 5606 3030 5677 ἀδελφῷ
3064 5623 3158 5660 σου
3181 5622 3194 5638 ο
3225 5605 3321 5660 ἐὰν
3353 5606 3410 5659 δὲ
3442 5605 3516 5676 μή
3541 5602 3739 5676 ὲγγίζῃ
3777 5611 3808 5664 ὁ

626 5767 832 5824 ³Βουι.
883 5783 1012 5835 nn,
1048 5770 1100 5834 6,
1137 5772 1186 5825 7.
1263 5775 1324 5828 ⁸1
1359 5775 1484 5828 Cor.
1524 5792 1595 5838 ιι,
1629 5778 1682 5840 9,
1722 5777 1804 5830 l0.
1885 5778 1905 5812 ⁸
1942 5779 2112 5833 Exod.
2163 5795 2314 5844 “In,
2351 5780 2461 5834 4-6.
