  <div class='ocr_page' id='page_1' title='image "/cluster/home/n/w/nwhite01/storage/ocr_20150623/68/mdp.39015078384438/288.png"; bbox 0 0 4142 6296; ppageno 0'>
   <div class='ocr_carea' id='block_1_1' title="bbox 308 341 409 398">
    <p class='ocr_par' dir='ltr' id='par_1_1' title="bbox 308 341 409 398">
     <span class='ocr_line' id='line_1_1' title="bbox 308 341 409 398; baseline -0.04 0"><span class='ocrx_word' id='word_1_1' title='bbox 308 341 409 398; x_wconf 70' lang='grc'><strong>561</strong></span> 
     </span>
    </p>
   </div>
   <div class='ocr_carea' id='block_1_2' title="bbox 1022 332 2891 395">
    <p class='ocr_par' dir='ltr' id='par_1_2' title="bbox 1022 332 2891 395">
     <span class='ocr_line' id='line_1_2' title="bbox 1022 332 2891 395; baseline -0.003 -3"><span class='ocrx_word' id='word_1_2' title='bbox 1022 337 1107 392; x_wconf 84' lang='lat' dir='ltr'><strong>DE</strong></span> <span class='ocrx_word' id='word_1_3' title='bbox 1144 337 1595 395; x_wconf 64' lang='lat' dir='ltr'><strong>ADORATIONE-</strong></span> <span class='ocrx_word' id='word_1_4' title='bbox 1624 337 1690 392; x_wconf 82' lang='lat' dir='ltr'><strong>IN</strong></span> <span class='ocrx_word' id='word_1_5' title='bbox 1733 333 2002 392; x_wconf 78' lang='lat' dir='ltr'><strong>SPIBITU</strong></span> <span class='ocrx_word' id='word_1_6' title='bbox 2046 333 2134 389; x_wconf 85' lang='lat' dir='ltr'><strong>ET</strong></span> <span class='ocrx_word' id='word_1_7' title='bbox 2175 332 2542 390; x_wconf 72' lang='lat' dir='ltr'><strong>VERITATE;</strong></span> <span class='ocrx_word' id='word_1_8' title='bbox 2589 333 2716 390; x_wconf 83' lang='lat' dir='ltr'><strong>LIB.</strong></span> <span class='ocrx_word' id='word_1_9' title='bbox 2760 333 2891 389; x_wconf 71' lang='grc' dir='ltr'><strong>ΠΗ.</strong></span> 
     </span>
    </p>
   </div>
   <div class='ocr_carea' id='block_1_3' title="bbox 3455 336 3558 394">
    <p class='ocr_par' dir='ltr' id='par_1_3' title="bbox 3455 336 3558 394">
     <span class='ocr_line' id='line_1_3' title="bbox 3455 336 3558 394; baseline 0.019 -2"><span class='ocrx_word' id='word_1_10' title='bbox 3455 336 3558 394; x_wconf 71' lang='grc'>562</span> 
     </span>
    </p>
   </div>
   <div class='ocr_carea' id='block_1_4' title="bbox 250 445 1886 529">
    <p class='ocr_par' dir='ltr' id='par_1_4' title="bbox 250 449 1883 529">
     <span class='ocr_line' id='line_1_4' title="bbox 250 449 1883 529; baseline -0.004 -20"><span class='ocrx_word' id='word_1_11' title='bbox 250 526 253 529; x_wconf 22' lang='grc' dir='ltr'>ι</span> <span class='ocrx_word' id='word_1_12' title='bbox 308 455 538 524; x_wconf 77' lang='grc' dir='ltr'>ἀδελφός</span> <span class='ocrx_word' id='word_1_13' title='bbox 562 469 658 505; x_wconf 90' lang='grc' dir='ltr'><strong>σου</strong></span> <span class='ocrx_word' id='word_1_14' title='bbox 690 453 825 520; x_wconf 83' lang='grc' dir='ltr'>πρὸς</span> <span class='ocrx_word' id='word_1_15' title='bbox 853 449 934 514; x_wconf 79' lang='grc' dir='ltr'>σὲ,</span> <span class='ocrx_word' id='word_1_16' title='bbox 958 451 1092 521; x_wconf 78' lang='grc' dir='ltr'>μηδὲ</span> <span class='ocrx_word' id='word_1_17' title='bbox 1127 453 1392 523; x_wconf 77' lang='grc' dir='ltr'><strong>ἐπιστήσῃ</strong></span> <span class='ocrx_word' id='word_1_18' title='bbox 1419 453 1602 518; x_wconf 80' lang='grc' dir='ltr'>αὑτὸν,</span> <span class='ocrx_word' id='word_1_19' title='bbox 1639 449 1883 516; x_wconf 78' lang='grc' dir='ltr'>συνάξεις</span> 
     </span>
    </p>
   </div>
   <div class='ocr_carea' id='block_1_5' title="bbox 1986 445 3558 529">
    <p class='ocr_par' dir='ltr' id='par_1_5' title="bbox 1988 445 3558 518">
     <span class='ocr_line' id='line_1_5' title="bbox 1988 445 3558 518; baseline -0.002 -16"><span class='ocrx_word' id='word_1_20' title='bbox 1988 457 2159 514; x_wconf 89' lang='lat' dir='ltr'><strong>tuam,</strong></span> <span class='ocrx_word' id='word_1_21' title='bbox 2195 457 2251 502; x_wconf 91' lang='lat' dir='ltr'><strong>et</strong></span> <span class='ocrx_word' id='word_1_22' title='bbox 2279 456 2438 502; x_wconf 87' lang='lat' dir='ltr'><strong>erunt</strong></span> <span class='ocrx_word' id='word_1_23' title='bbox 2465 455 2667 513; x_wconf 99' lang='lat' dir='ltr'><strong>tecum,</strong></span> <span class='ocrx_word' id='word_1_24' title='bbox 2693 463 2978 518; x_wconf 86' lang='lat' dir='ltr'><strong>quousque</strong></span> <span class='ocrx_word' id='word_1_25' title='bbox 3002 447 3279 516; x_wconf 59' lang='lat' dir='ltr'><strong>qumsnerit</strong></span> <span class='ocrx_word' id='word_1_26' title='bbox 3303 460 3365 501; x_wconf 91' lang='lat' dir='ltr'><strong>ea</strong></span> <span class='ocrx_word' id='word_1_27' title='bbox 3389 445 3558 500; x_wconf 59' lang='lat' dir='ltr'><strong>frater</strong></span> 
     </span>
    </p>
   </div>
   <div class='ocr_carea' id='block_1_6' title="bbox 311 539 1877 611">
    <p class='ocr_par' dir='ltr' id='par_1_6' title="bbox 311 539 1877 611">
     <span class='ocr_line' id='line_1_6' title="bbox 311 539 1877 611; baseline -0.004 -13"><span class='ocrx_word' id='word_1_28' title='bbox 311 544 455 598; x_wconf 86' lang='grc' dir='ltr'><strong>αύτά</strong></span> <span class='ocrx_word' id='word_1_29' title='bbox 490 542 635 596; x_wconf 73' lang='grc' dir='ltr'>ἔνδον</span> <span class='ocrx_word' id='word_1_30' title='bbox 669 543 750 604; x_wconf 82' lang='grc' dir='ltr'><strong>είς</strong></span> <span class='ocrx_word' id='word_1_31' title='bbox 775 539 874 608; x_wconf 84' lang='grc' dir='ltr'>τὴν</span> <span class='ocrx_word' id='word_1_32' title='bbox 905 539 1081 594; x_wconf 71' lang='grc' dir='ltr'>οἰκίαν</span> <span class='ocrx_word' id='word_1_33' title='bbox 1115 557 1229 606; x_wconf 89' lang='grc' dir='ltr'>σου,</span> <span class='ocrx_word' id='word_1_34' title='bbox 1264 541 1357 593; x_wconf 77' lang='grc' dir='ltr'>καὶ</span> <span class='ocrx_word' id='word_1_35' title='bbox 1381 541 1533 594; x_wconf 77' lang='grc' dir='ltr'>ἔσται</span> <span class='ocrx_word' id='word_1_36' title='bbox 1572 541 1709 611; x_wconf 86' lang='grc' dir='ltr'><strong>μετά</strong></span> <span class='ocrx_word' id='word_1_37' title='bbox 1740 540 1834 593; x_wconf 84' lang='grc' dir='ltr'><strong>σοῦ</strong></span> <span class='ocrx_word' id='word_1_38' title='bbox 1864 583 1877 608; x_wconf 85' lang='grc'><strong>,</strong></span> 
     </span>
    </p>
   </div>
   <div class='ocr_carea' id='block_1_7' title="bbox 313 627 1884 698">
    <p class='ocr_par' dir='ltr' id='par_1_7' title="bbox 313 627 1884 698">
     <span class='ocr_line' id='line_1_7' title="bbox 313 627 1884 698; baseline -0.003 -13"><span class='ocrx_word' id='word_1_39' title='bbox 313 633 419 695; x_wconf 71' lang='grc' dir='ltr'>ἕως</span> <span class='ocrx_word' id='word_1_40' title='bbox 460 632 524 684; x_wconf 75' lang='grc' dir='ltr'>ἂν</span> <span class='ocrx_word' id='word_1_41' title='bbox 572 629 784 698; x_wconf 76' lang='grc' dir='ltr'>ζητήσῃ</span> <span class='ocrx_word' id='word_1_42' title='bbox 825 627 961 680; x_wconf 84' lang='grc' dir='ltr'>αὐτὰ</span> <span class='ocrx_word' id='word_1_43' title='bbox 991 629 1019 679; x_wconf 88' lang='grc' dir='ltr'><strong>ὁ</strong></span> <span class='ocrx_word' id='word_1_44' title='bbox 1052 627 1277 696; x_wconf 80' lang='grc' dir='ltr'>ἀδελφός</span> <span class='ocrx_word' id='word_1_45' title='bbox 1310 645 1424 695; x_wconf 86' lang='grc' dir='ltr'>σου,</span> <span class='ocrx_word' id='word_1_46' title='bbox 1461 631 1555 682; x_wconf 80' lang='grc' dir='ltr'>καὶ</span> <span class='ocrx_word' id='word_1_47' title='bbox 1583 628 1884 694; x_wconf 80' lang='grc' dir='ltr'><strong>ἀποδώσεις</strong></span> 
     </span>
    </p>
   </div>
   <div class='ocr_carea' id='block_1_8' title="bbox 313 718 1884 791">
    <p class='ocr_par' dir='ltr' id='par_1_8' title="bbox 313 718 1884 791">
     <span class='ocr_line' id='line_1_8' title="bbox 313 718 1884 791; baseline -0.001 -15"><span class='ocrx_word' id='word_1_48' title='bbox 313 722 450 776; x_wconf 79' lang='grc' dir='ltr'>αὐτὰ</span> <span class='ocrx_word' id='word_1_49' title='bbox 491 719 678 790; x_wconf 87' lang='grc' dir='ltr'><strong>αὐτῷ·</strong></span> <span class='ocrx_word' id='word_1_50' title='bbox 722 718 898 783; x_wconf 80' lang='grc' dir='ltr'>οὕτως</span> <span class='ocrx_word' id='word_1_51' title='bbox 948 723 1198 791; x_wconf 79' lang='grc' dir='ltr'><strong>ποιήσεις</strong></span> <span class='ocrx_word' id='word_1_52' title='bbox 1244 720 1334 772; x_wconf 83' lang='grc' dir='ltr'><strong>τὸν</strong></span> <span class='ocrx_word' id='word_1_53' title='bbox 1377 721 1497 775; x_wconf 76' lang='grc' dir='ltr'>δνον</span> <span class='ocrx_word' id='word_1_54' title='bbox 1545 721 1710 775; x_wconf 73' lang='grc' dir='ltr'>αὑτοῦ</span> <span class='ocrx_word' id='word_1_55' title='bbox 1736 763 1750 787; x_wconf 89' lang='grc'><strong>,</strong></span> <span class='ocrx_word' id='word_1_56' title='bbox 1789 723 1884 775; x_wconf 77' lang='grc' dir='ltr'><strong>καὶ</strong></span> 
     </span>
    </p>
   </div>
   <div class='ocr_carea' id='block_1_9' title="bbox 309 809 1885 883">
    <p class='ocr_par' dir='ltr' id='par_1_9' title="bbox 309 809 1885 883">
     <span class='ocr_line' id='line_1_9' title="bbox 309 809 1885 883; baseline -0.001 -18"><span class='ocrx_word' id='word_1_57' title='bbox 309 812 480 873; x_wconf 78' lang='grc' dir='ltr'>οὕτως</span> <span class='ocrx_word' id='word_1_58' title='bbox 527 811 779 879; x_wconf 78' lang='grc' dir='ltr'><strong>ποιήσεις</strong></span> <span class='ocrx_word' id='word_1_59' title='bbox 810 809 872 861; x_wconf 75' lang='grc' dir='ltr'>τὸ</span> <span class='ocrx_word' id='word_1_60' title='bbox 904 810 1116 880; x_wconf 85' lang='grc' dir='ltr'>ἱμάτιον</span> <span class='ocrx_word' id='word_1_61' title='bbox 1155 811 1316 864; x_wconf 74' lang='grc' dir='ltr'>αὐτοῦ</span> <span class='ocrx_word' id='word_1_62' title='bbox 1338 851 1352 875; x_wconf 87' lang='grc'><strong>,</strong></span> <span class='ocrx_word' id='word_1_63' title='bbox 1387 812 1479 866; x_wconf 72' lang='grc' dir='ltr'>καὶ</span> <span class='ocrx_word' id='word_1_64' title='bbox 1518 813 1690 876; x_wconf 77' lang='grc' dir='ltr'>οὕτως</span> <span class='ocrx_word' id='word_1_65' title='bbox 1733 813 1885 883; x_wconf 85' lang='grc' dir='ltr'>ποιή-</span> 
     </span>
    </p>
   </div>
   <div class='ocr_carea' id='block_1_10' title="bbox 314 899 1884 972">
    <p class='ocr_par' dir='ltr' id='par_1_10' title="bbox 314 899 1884 972">
     <span class='ocr_line' id='line_1_10' title="bbox 314 899 1884 972; baseline 0.002 -18"><span class='ocrx_word' id='word_1_66' title='bbox 314 919 426 966; x_wconf 90' lang='grc' dir='ltr'>σεις</span> <span class='ocrx_word' id='word_1_67' title='bbox 469 901 613 954; x_wconf 78' lang='grc' dir='ltr'>κατὰ</span> <span class='ocrx_word' id='word_1_68' title='bbox 655 901 836 954; x_wconf 80' lang='grc' dir='ltr'>πᾶσαν</span> <span class='ocrx_word' id='word_1_69' title='bbox 883 899 1171 962; x_wconf 71' lang='grc' dir='ltr'>ἀπώλειαν;</span> <span class='ocrx_word' id='word_1_70' title='bbox 1188 901 1280 954; x_wconf 83' lang='grc' dir='ltr'>τοῦ</span> <span class='ocrx_word' id='word_1_71' title='bbox 1317 901 1549 972; x_wconf 83' lang='grc' dir='ltr'>ἀδελφοῦ</span> <span class='ocrx_word' id='word_1_72' title='bbox 1602 919 1696 956; x_wconf 90' lang='grc' dir='ltr'><strong>σου</strong></span> <span class='ocrx_word' id='word_1_73' title='bbox 1721 944 1736 968; x_wconf 90' lang='grc'><strong>,</strong></span> <span class='ocrx_word' id='word_1_74' title='bbox 1785 904 1884 957; x_wconf 80' lang='grc' dir='ltr'>ὅσα</span> 
     </span>
    </p>
   </div>
   <div class='ocr_carea' id='block_1_11' title="bbox 313 992 1884 1067">
    <p class='ocr_par' dir='ltr' id='par_1_11' title="bbox 313 992 1884 1067">
     <span class='ocr_line' id='line_1_11' title="bbox 313 992 1884 1067; baseline 0.002 -21"><span class='ocrx_word' id='word_1_75' title='bbox 313 993 416 1046; x_wconf 68' lang='grc' dir='ltr'>ἐὰν.</span> <span class='ocrx_word' id='word_1_76' title='bbox 464 992 734 1062; x_wconf 80' lang='grc' dir='ltr'><strong>ἀπόληται</strong></span> <span class='ocrx_word' id='word_1_77' title='bbox 775 992 903 1062; x_wconf 52' lang='grc' dir='ltr'>παρ’</span> <span class='ocrx_word' id='word_1_78' title='bbox 952 992 1116 1045; x_wconf 79' lang='grc' dir='ltr'>αὑτοῦ</span> <span class='ocrx_word' id='word_1_79' title='bbox 1144 1033 1158 1057; x_wconf 88' lang='grc'><strong>,</strong></span> <span class='ocrx_word' id='word_1_80' title='bbox 1200 994 1295 1046; x_wconf 75' lang='grc' dir='ltr'>καὶ</span> <span class='ocrx_word' id='word_1_81' title='bbox 1346 993 1516 1066; x_wconf 75' lang='grc' dir='ltr'>εὕρῃς</span> <span class='ocrx_word' id='word_1_82' title='bbox 1541 1035 1554 1060; x_wconf 91' lang='grc'><strong>,</strong></span> <span class='ocrx_word' id='word_1_83' title='bbox 1587 997 1648 1048; x_wconf 87' lang='grc' dir='ltr'><strong>ού</strong></span> <span class='ocrx_word' id='word_1_84' title='bbox 1681 996 1884 1067; x_wconf 81' lang='grc' dir='ltr'><strong>δυνήσῃ</strong></span> 
     </span>
    </p>
   </div>
   <div class='ocr_carea' id='block_1_12' title="bbox 317 1081 1884 1154">
    <p class='ocr_par' dir='ltr' id='par_1_12' title="bbox 317 1081 1884 1154">
     <span class='ocr_line' id='line_1_12' title="bbox 317 1081 1884 1154; baseline 0.003 -18"><span class='ocrx_word' id='word_1_85' title='bbox 317 1082 592 1154; x_wconf 78' lang='grc' dir='ltr'><strong>ὑπεριδεῖν</strong></span> <span class='ocrx_word' id='word_1_86' title='bbox 636 1081 808 1136; x_wconf 86' lang='grc' dir='ltr'>αύτά·</span> <span class='ocrx_word' id='word_1_87' title='bbox 845 1081 942 1152; x_wconf 84' lang='grc' dir='ltr'><strong>οὐχ</strong></span> <span class='ocrx_word' id='word_1_88' title='bbox 989 1082 1251 1154; x_wconf 74' lang='grc' dir='ltr'>ὑπερόψει</span> <span class='ocrx_word' id='word_1_89' title='bbox 1287 1084 1397 1138; x_wconf 80' lang='grc' dir='ltr'>τὸν-</span> <span class='ocrx_word' id='word_1_90' title='bbox 1425 1084 1545 1139; x_wconf 73' lang='grc' dir='ltr'>ὄνον</span> <span class='ocrx_word' id='word_1_91' title='bbox 1596 1085 1690 1140; x_wconf 77' lang='grc' dir='ltr'>τοῦ</span> <span class='ocrx_word' id='word_1_92' title='bbox 1729 1087 1884 1141; x_wconf 83' lang='grc' dir='ltr'>ἀδελ-</span> 
     </span>
    </p>
   </div>
   <div class='ocr_carea' id='block_1_13' title="bbox 319 1173 1884 1251">
    <p class='ocr_par' dir='ltr' id='par_1_13' title="bbox 319 1173 1884 1251">
     <span class='ocr_line' id='line_1_13' title="bbox 319 1173 1884 1251; baseline 0.004 -25"><span class='ocrx_word' id='word_1_93' title='bbox 319 1173 422 1244; x_wconf 75' lang='grc' dir='ltr'><strong>φοῦ</strong></span> <span class='ocrx_word' id='word_1_94' title='bbox 474 1192 600 1239; x_wconf 88' lang='grc' dir='ltr'>σου,</span> <span class='ocrx_word' id='word_1_95' title='bbox 653 1173 686 1244; x_wconf 74' lang='grc' dir='ltr'><strong>ἢ</strong></span> <span class='ocrx_word' id='word_1_96' title='bbox 726 1173 816 1226; x_wconf 84' lang='grc' dir='ltr'><strong>τόν</strong></span> <span class='ocrx_word' id='word_1_97' title='bbox 869 1174 1068 1244; x_wconf 82' lang='grc' dir='ltr'><strong>μόσχον</strong></span> <span class='ocrx_word' id='word_1_98' title='bbox 1136 1175 1302 1229; x_wconf 80' lang='grc' dir='ltr'>αὑτοῦ</span> <span class='ocrx_word' id='word_1_99' title='bbox 1343 1179 1667 1232; x_wconf 85' lang='grc' dir='ltr'><strong>πεπτωκότα</strong></span> <span class='ocrx_word' id='word_1_100' title='bbox 1727 1180 1784 1233; x_wconf 80' lang='grc' dir='ltr'>ὲν</span> <span class='ocrx_word' id='word_1_101' title='bbox 1819 1183 1884 1251; x_wconf 81' lang='grc' dir='ltr'><strong>τῇ</strong></span> 
     </span>
    </p>
   </div>
   <div class='ocr_carea' id='block_1_14' title="bbox 316 1264 1885 1342">
    <p class='ocr_par' dir='ltr' id='par_1_14' title="bbox 316 1264 1885 1342">
     <span class='ocr_line' id='line_1_14' title="bbox 316 1264 1885 1342; baseline 0.007 -28"><span class='ocrx_word' id='word_1_102' title='bbox 316 1264 450 1335; x_wconf 85' lang='grc' dir='ltr'>ὀδῷ·</span> <span class='ocrx_word' id='word_1_103' title='bbox 506 1264 580 1335; x_wconf 83' lang='grc' dir='ltr'>μὴ</span> <span class='ocrx_word' id='word_1_104' title='bbox 619 1264 917 1336; x_wconf 85' lang='grc' dir='ltr'>ὑπερίδῃς,</span> <span class='ocrx_word' id='word_1_105' title='bbox 949 1265 1183 1319; x_wconf 85' lang='grc' dir='ltr'>ἀνιστῶν</span> <span class='ocrx_word' id='word_1_106' title='bbox 1221 1266 1549 1338; x_wconf 81' lang='grc' dir='ltr'><strong>ἀναστήσεις</strong></span> <span class='ocrx_word' id='word_1_107' title='bbox 1591 1270 1729 1325; x_wconf 82' lang='grc' dir='ltr'>αὐτὰ</span> <span class='ocrx_word' id='word_1_108' title='bbox 1767 1273 1885 1342; x_wconf 85' lang='grc' dir='ltr'>μετ’</span> 
     </span>
    </p>
   </div>
   <div class='ocr_carea' id='block_1_15' title="bbox 315 1353 1888 1432">
    <p class='ocr_par' dir='ltr' id='par_1_15' title="bbox 315 1353 1888 1432">
     <span class='ocr_line' id='line_1_15' title="bbox 315 1353 1888 1432; baseline 0.005 -24"><span class='ocrx_word' id='word_1_109' title='bbox 315 1356 501 1410; x_wconf 78' lang='grc' dir='ltr'>αὐτοῦ.</span> <span class='ocrx_word' id='word_1_110' title='bbox 523 1376 542 1407; x_wconf 73' lang='grc' dir='ltr'><strong>ι</strong></span> <span class='ocrx_word' id='word_1_111' title='bbox 564 1356 756 1428; x_wconf 86' lang='grc' dir='ltr'>Συνίης</span> <span class='ocrx_word' id='word_1_112' title='bbox 785 1353 896 1420; x_wconf 84' lang='grc' dir='ltr'>οὖν,</span> <span class='ocrx_word' id='word_1_113' title='bbox 927 1357 1074 1420; x_wconf 82' lang='grc' dir='ltr'>ὅπως</span> <span class='ocrx_word' id='word_1_114' title='bbox 1093 1359 1241 1428; x_wconf 80' lang='grc' dir='ltr'>ήμᾶς</span> <span class='ocrx_word' id='word_1_115' title='bbox 1274 1357 1593 1413; x_wconf 80' lang='grc' dir='ltr'>ἀστειότατα</span> <span class='ocrx_word' id='word_1_116' title='bbox 1615 1362 1888 1432; x_wconf 87' lang='grc' dir='ltr'>παιδαγω-</span> 
     </span>
    </p>
   </div>
   <div class='ocr_carea' id='block_1_16' title="bbox 318 1447 1887 1523">
    <p class='ocr_par' dir='ltr' id='par_1_16' title="bbox 318 1447 1887 1523">
     <span class='ocr_line' id='line_1_16' title="bbox 318 1447 1887 1523; baseline 0.004 -23"><span class='ocrx_word' id='word_1_117' title='bbox 318 1449 405 1514; x_wconf 88' lang='grc' dir='ltr'><strong>γεῖ</strong></span> <span class='ocrx_word' id='word_1_118' title='bbox 429 1447 562 1518; x_wconf 80' lang='grc' dir='ltr'>πρὸς</span> <span class='ocrx_word' id='word_1_119' title='bbox 596 1448 657 1501; x_wconf 82' lang='grc' dir='ltr'>τὸ</span> <span class='ocrx_word' id='word_1_120' title='bbox 682 1447 819 1516; x_wconf 78' lang='grc' dir='ltr'>ἄγαν</span> <span class='ocrx_word' id='word_1_121' title='bbox 837 1449 937 1519; x_wconf 85' lang='grc' dir='ltr'><strong>ήδη</strong></span> <span class='ocrx_word' id='word_1_122' title='bbox 971 1465 1087 1511; x_wconf 83' lang='grc' dir='ltr'><strong>πως</strong></span> <span class='ocrx_word' id='word_1_123' title='bbox 1118 1447 1226 1500; x_wconf 74' lang='grc' dir='ltr'>καὶ·</span> <span class='ocrx_word' id='word_1_124' title='bbox 1244 1448 1441 1512; x_wconf 77' lang='grc' dir='ltr'><strong>τελέως</strong></span> <span class='ocrx_word' id='word_1_125' title='bbox 1469 1451 1694 1517; x_wconf 59' lang='grc' dir='ltr'>ἀγαθὸν,</span> <span class='ocrx_word' id='word_1_126' title='bbox 1731 1454 1887 1523; x_wconf 90' lang='grc' dir='ltr'>μελέ-</span> 
     </span>
    </p>
   </div>
   <div class='ocr_carea' id='block_1_17' title="bbox 320 1538 1884 1611">
    <p class='ocr_par' dir='ltr' id='par_1_17' title="bbox 320 1538 1884 1611">
     <span class='ocr_line' id='line_1_17' title="bbox 320 1538 1884 1611; baseline 0.005 -20"><span class='ocrx_word' id='word_1_127' title='bbox 320 1555 478 1607; x_wconf 90' lang='grc' dir='ltr'>τησιν</span> <span class='ocrx_word' id='word_1_128' title='bbox 522 1538 704 1610; x_wconf 83' lang='grc' dir='ltr'>ὥσπερ</span> <span class='ocrx_word' id='word_1_129' title='bbox 744 1539 1150 1610; x_wconf 85' lang='grc' dir='ltr'>ἀμνησικακίας</span> <span class='ocrx_word' id='word_1_130' title='bbox 1199 1540 1468 1594; x_wconf 85' lang='grc' dir='ltr'>ποιεῖσθαι</span> <span class='ocrx_word' id='word_1_131' title='bbox 1515 1543 1884 1611; x_wconf 81' lang='grc' dir='ltr'>προστάττων,</span> 
     </span>
    </p>
   </div>
   <div class='ocr_carea' id='block_1_18' title="bbox 320 1627 1889 1700">
    <p class='ocr_par' dir='ltr' id='par_1_18' title="bbox 320 1627 1889 1700">
     <span class='ocr_line' id='line_1_18' title="bbox 320 1627 1889 1700; baseline 0.005 -20"><span class='ocrx_word' id='word_1_132' title='bbox 320 1628 420 1700; x_wconf 85' lang='grc' dir='ltr'>τὴν</span> <span class='ocrx_word' id='word_1_133' title='bbox 449 1630 527 1692; x_wconf 84' lang='grc' dir='ltr'><strong>εἰς</strong></span> <span class='ocrx_word' id='word_1_134' title='bbox 549 1629 616 1682; x_wconf 79' lang='grc' dir='ltr'><strong>τὰ</strong></span> <span class='ocrx_word' id='word_1_135' title='bbox 641 1631 810 1700; x_wconf 87' lang='grc' dir='ltr'>κτήνη</span> <span class='ocrx_word' id='word_1_136' title='bbox 841 1627 1007 1698; x_wconf 88' lang='grc' dir='ltr'>φειδὼ</span> <span class='ocrx_word' id='word_1_137' title='bbox 1033 1628 1127 1682; x_wconf 77' lang='grc' dir='ltr'>τοῦ</span> <span class='ocrx_word' id='word_1_138' title='bbox 1153 1628 1535 1700; x_wconf 82' lang='grc' dir='ltr'>λελυπηκότος,</span> <span class='ocrx_word' id='word_1_139' title='bbox 1565 1631 1624 1684; x_wconf 84' lang='grc' dir='ltr'>ὃν</span> <span class='ocrx_word' id='word_1_140' title='bbox 1654 1633 1748 1685; x_wconf 73' lang='grc' dir='ltr'>καὶ</span> <span class='ocrx_word' id='word_1_141' title='bbox 1777 1634 1889 1688; x_wconf 79' lang='grc' dir='ltr'><strong>ἀνω</strong></span> 
     </span>
    </p>
   </div>
   <div class='ocr_carea' id='block_1_19' title="bbox 321 1716 1884 1791">
    <p class='ocr_par' dir='ltr' id='par_1_19' title="bbox 321 1716 1884 1791">
     <span class='ocr_line' id='line_1_19' title="bbox 321 1716 1884 1791; baseline 0.004 -21"><span class='ocrx_word' id='word_1_142' title='bbox 321 1734 380 1770; x_wconf 87' lang='grc' dir='ltr'><strong>τε</strong></span> <span class='ocrx_word' id='word_1_143' title='bbox 411 1716 504 1769; x_wconf 80' lang='grc' dir='ltr'>καὶ</span> <span class='ocrx_word' id='word_1_144' title='bbox 540 1717 689 1771; x_wconf 87' lang='grc' dir='ltr'>κάτω</span> <span class='ocrx_word' id='word_1_145' title='bbox 715 1717 793 1788; x_wconf 89' lang='grc' dir='ltr'>τῷ</span> <span class='ocrx_word' id='word_1_146' title='bbox 827 1718 925 1788; x_wconf 79' lang='grc' dir='ltr'><strong>τῆς</strong></span> <span class='ocrx_word' id='word_1_147' title='bbox 951 1717 1310 1788; x_wconf 82' lang='grc' dir='ltr'>ἁδελφότητος</span> <span class='ocrx_word' id='word_1_148' title='bbox 1338 1720 1562 1790; x_wconf 81' lang='grc' dir='ltr'>ὀνόματι</span> <span class='ocrx_word' id='word_1_149' title='bbox 1602 1727 1884 1791; x_wconf 83' lang='grc' dir='ltr'>στεφανοῖ,</span> 
     </span>
    </p>
   </div>
   <div class='ocr_carea' id='block_1_20' title="bbox 1985 540 3558 611">
    <p class='ocr_par' dir='ltr' id='par_1_20' title="bbox 1985 540 3558 611">
     <span class='ocr_line' id='line_1_20' title="bbox 1985 540 3558 611; baseline 0 -17"><span class='ocrx_word' id='word_1_150' title='bbox 1985 549 2130 607; x_wconf 90' lang='lat' dir='ltr'><strong>tuus,</strong></span> <span class='ocrx_word' id='word_1_151' title='bbox 2158 550 2212 596; x_wconf 91' lang='lat' dir='ltr'><strong>et</strong></span> <span class='ocrx_word' id='word_1_152' title='bbox 2242 541 2439 596; x_wconf 85' lang='lat' dir='ltr'><strong>reddes</strong></span> <span class='ocrx_word' id='word_1_153' title='bbox 2466 557 2529 596; x_wconf 92' lang='lat' dir='ltr'><strong>ea</strong></span> <span class='ocrx_word' id='word_1_154' title='bbox 2566 542 2702 611; x_wconf 83' lang='lat' dir='ltr'><strong>ipsi;</strong></span> <span class='ocrx_word' id='word_1_155' title='bbox 2729 542 2808 596; x_wconf 90' lang='lat' dir='ltr'><strong>sic</strong></span> <span class='ocrx_word' id='word_1_156' title='bbox 2837 541 3004 595; x_wconf 83' lang='lat' dir='ltr'><strong>facies</strong></span> <span class='ocrx_word' id='word_1_157' title='bbox 3031 540 3186 594; x_wconf 92' lang='lat' dir='ltr'><strong>asino</strong></span> <span class='ocrx_word' id='word_1_158' title='bbox 3208 541 3346 610; x_wconf 83' lang='lat' dir='ltr'><strong>ejus,</strong></span> <span class='ocrx_word' id='word_1_159' title='bbox 3386 547 3444 594; x_wconf 90' lang='lat' dir='ltr'><strong>et</strong></span> <span class='ocrx_word' id='word_1_160' title='bbox 3479 540 3558 594; x_wconf 92' lang='lat' dir='ltr'><strong>sic</strong></span> 
     </span>
    </p>
   </div>
   <div class='ocr_carea' id='block_1_21' title="bbox 1982 632 3556 703">
    <p class='ocr_par' dir='ltr' id='par_1_21' title="bbox 1982 632 3556 703">
     <span class='ocr_line' id='line_1_21' title="bbox 1982 632 3556 703; baseline -0.002 -16"><span class='ocrx_word' id='word_1_161' title='bbox 1982 633 2150 688; x_wconf 81' lang='lat' dir='ltr'><strong>facies</strong></span> <span class='ocrx_word' id='word_1_162' title='bbox 2166 632 2305 686; x_wconf 92' lang='lat' dir='ltr'><strong>vesti</strong></span> <span class='ocrx_word' id='word_1_163' title='bbox 2328 633 2467 703; x_wconf 90' lang='lat' dir='ltr'><strong>ejus,</strong></span> <span class='ocrx_word' id='word_1_164' title='bbox 2493 641 2549 686; x_wconf 92' lang='lat' dir='ltr'><strong>et</strong></span> <span class='ocrx_word' id='word_1_165' title='bbox 2569 633 2649 687; x_wconf 90' lang='lat' dir='ltr'><strong>sic</strong></span> <span class='ocrx_word' id='word_1_166' title='bbox 2675 632 2840 687; x_wconf 89' lang='lat' dir='ltr'><strong>facies</strong></span> <span class='ocrx_word' id='word_1_167' title='bbox 2860 632 2916 686; x_wconf 91' lang='lat' dir='ltr'><strong>in</strong></span> <span class='ocrx_word' id='word_1_168' title='bbox 2939 647 3264 702; x_wconf 88' lang='lat' dir='ltr'><strong>quacunque</strong></span> <span class='ocrx_word' id='word_1_169' title='bbox 3286 646 3365 694; x_wconf 91' lang='lat' dir='ltr'><strong>re,</strong></span> <span class='ocrx_word' id='word_1_170' title='bbox 3393 646 3556 701; x_wconf 91' lang='lat' dir='ltr'><strong>quam</strong></span> 
     </span>
    </p>
   </div>
   <div class='ocr_carea' id='block_1_22' title="bbox 1983 721 3559 794">
    <p class='ocr_par' dir='ltr' id='par_1_22' title="bbox 1983 721 3559 794">
     <span class='ocr_line' id='line_1_22' title="bbox 1983 721 3559 794; baseline -0.001 -15"><span class='ocrx_word' id='word_1_171' title='bbox 1983 723 2286 794; x_wconf 83' lang='lat' dir='ltr'><strong>perdiderit</strong></span> <span class='ocrx_word' id='word_1_172' title='bbox 2332 723 2502 777; x_wconf 82' lang='lat' dir='ltr'><strong>frater</strong></span> <span class='ocrx_word' id='word_1_173' title='bbox 2543 731 2700 790; x_wconf 83' lang='lat' dir='ltr'><strong>tuus;</strong></span> <span class='ocrx_word' id='word_1_174' title='bbox 2731 739 3070 794; x_wconf 68' lang='lat' dir='ltr'><strong>quaecunque</strong></span> <span class='ocrx_word' id='word_1_175' title='bbox 3108 722 3324 792; x_wconf 90' lang='lat' dir='ltr'><strong>perdita</strong></span> <span class='ocrx_word' id='word_1_176' title='bbox 3352 721 3559 777; x_wconf 90' lang='lat' dir='ltr'><strong>fuerint</strong></span> 
     </span>
    </p>
   </div>
   <div class='ocr_carea' id='block_1_23' title="bbox 1983 811 3554 884">
    <p class='ocr_par' dir='ltr' id='par_1_23' title="bbox 1983 811 3554 884">
     <span class='ocr_line' id='line_1_23' title="bbox 1983 811 3554 884; baseline -0.003 -15"><span class='ocrx_word' id='word_1_177' title='bbox 1983 815 2051 869; x_wconf 90' lang='lat' dir='ltr'><strong>ab</strong></span> <span class='ocrx_word' id='word_1_178' title='bbox 2096 815 2232 884; x_wconf 91' lang='lat' dir='ltr'><strong>ipso,</strong></span> <span class='ocrx_word' id='word_1_179' title='bbox 2262 822 2318 869; x_wconf 91' lang='lat' dir='ltr'><strong>et</strong></span> <span class='ocrx_word' id='word_1_180' title='bbox 2361 812 2656 876; x_wconf 78' lang='lat' dir='ltr'><strong>inveneris,</strong></span> <span class='ocrx_word' id='word_1_181' title='bbox 2697 829 2807 867; x_wconf 92' lang='lat' dir='ltr'><strong>non</strong></span> <span class='ocrx_word' id='word_1_182' title='bbox 2847 813 3054 883; x_wconf 89' lang='lat' dir='ltr'><strong>poteris</strong></span> <span class='ocrx_word' id='word_1_183' title='bbox 3095 812 3370 884; x_wconf 80' lang='lat' dir='ltr'><strong>negligere</strong></span> <span class='ocrx_word' id='word_1_184' title='bbox 3411 811 3554 881; x_wconf 91' lang='lat' dir='ltr'><strong>ipsa;</strong></span> 
     </span>
    </p>
   </div>
   <div class='ocr_carea' id='block_1_24' title="bbox 1983 903 3555 974">
    <p class='ocr_par' dir='ltr' id='par_1_24' title="bbox 1983 903 3555 974">
     <span class='ocr_line' id='line_1_24' title="bbox 1983 903 3555 974; baseline -0.002 -15"><span class='ocrx_word' id='word_1_185' title='bbox 1983 920 2094 959; x_wconf 90' lang='lat' dir='ltr'><strong>non</strong></span> <span class='ocrx_word' id='word_1_186' title='bbox 2117 904 2386 974; x_wconf 88' lang='lat' dir='ltr'><strong>despicies</strong></span> <span class='ocrx_word' id='word_1_187' title='bbox 2409 903 2623 959; x_wconf 90' lang='lat' dir='ltr'><strong>asinum</strong></span> <span class='ocrx_word' id='word_1_188' title='bbox 2652 904 2839 959; x_wconf 81' lang='lat' dir='ltr'><strong>fratris</strong></span> <span class='ocrx_word' id='word_1_189' title='bbox 2861 904 2961 969; x_wconf 87' lang='lat' dir='ltr'><strong>tui,</strong></span> <span class='ocrx_word' id='word_1_190' title='bbox 2989 903 3074 958; x_wconf 87' lang='lat' dir='ltr'><strong>vel</strong></span> <span class='ocrx_word' id='word_1_191' title='bbox 3097 903 3330 957; x_wconf 89' lang='lat' dir='ltr'><strong>vitulum</strong></span> <span class='ocrx_word' id='word_1_192' title='bbox 3365 903 3555 972; x_wconf 90' lang='lat' dir='ltr'><strong>ipsius,</strong></span> 
     </span>
    </p>
   </div>
   <div class='ocr_carea' id='block_1_25' title="bbox 1982 993 3555 1067">
    <p class='ocr_par' dir='ltr' id='par_1_25' title="bbox 1982 993 3555 1067">
     <span class='ocr_line' id='line_1_25' title="bbox 1982 993 3555 1067; baseline -0.003 -17"><span class='ocrx_word' id='word_1_193' title='bbox 1982 996 2078 1067; x_wconf 87' lang='lat' dir='ltr'><strong>qui</strong></span> <span class='ocrx_word' id='word_1_194' title='bbox 2115 996 2454 1052; x_wconf 85' lang='lat' dir='ltr'><strong>ceciderit‘in</strong></span> <span class='ocrx_word' id='word_1_195' title='bbox 2478 995 2564 1051; x_wconf 85' lang='lat' dir='ltr'><strong>via</strong></span> <span class='ocrx_word' id='word_1_196' title='bbox 2590 1011 2602 1049; x_wconf 90' lang='lat'><strong>:</strong></span> <span class='ocrx_word' id='word_1_197' title='bbox 2629 1011 2698 1050; x_wconf 89' lang='lat' dir='ltr'><strong>ne</strong></span> <span class='ocrx_word' id='word_1_198' title='bbox 2726 995 2967 1065; x_wconf 81' lang='lat' dir='ltr'><strong>negligas</strong></span> <span class='ocrx_word' id='word_1_199' title='bbox 2987 1009 3070 1058; x_wconf 91' lang='lat' dir='ltr'><strong>ea,</strong></span> <span class='ocrx_word' id='word_1_200' title='bbox 3105 993 3398 1048; x_wconf 84' lang='lat' dir='ltr'><strong>sublevans</strong></span> <span class='ocrx_word' id='word_1_201' title='bbox 3424 993 3555 1047; x_wconf 88' lang='lat' dir='ltr'><strong>sub-</strong></span> 
     </span>
    </p>
   </div>
   <div class='ocr_carea' id='block_1_26' title="bbox 1982 1083 3553 1156">
    <p class='ocr_par' dir='ltr' id='par_1_26' title="bbox 1982 1083 3553 1156">
     <span class='ocr_line' id='line_1_26' title="bbox 1982 1083 3553 1156; baseline -0.003 -15"><span class='ocrx_word' id='word_1_202' title='bbox 1982 1087 2190 1141; x_wconf 88' lang='lat' dir='ltr'><strong>levabis</strong></span> <span class='ocrx_word' id='word_1_203' title='bbox 2226 1101 2292 1141; x_wconf 91' lang='lat' dir='ltr'><strong>ea</strong></span> <span class='ocrx_word' id='word_1_204' title='bbox 2326 1101 2452 1141; x_wconf 89' lang='lat' dir='ltr'><strong>cum</strong></span> <span class='ocrx_word' id='word_1_205' title='bbox 2476 1085 2658 1156; x_wconf 68' lang='lat' dir='ltr'><strong>ipso“.</strong></span> <span class='ocrx_word' id='word_1_206' title='bbox 2695 1105 2712 1137; x_wconf 86' lang='grc'>›</span> <span class='ocrx_word' id='word_1_207' title='bbox 2745 1084 3011 1156; x_wconf 87' lang='lat' dir='ltr'><strong>Intelligis</strong></span> <span class='ocrx_word' id='word_1_208' title='bbox 3055 1083 3242 1154; x_wconf 87' lang='lat' dir='ltr'><strong>igitur,</strong></span> <span class='ocrx_word' id='word_1_209' title='bbox 3292 1084 3553 1154; x_wconf 90' lang='lat' dir='ltr'><strong>quemad-</strong></span> 
     </span>
    </p>
   </div>
   <div class='ocr_carea' id='block_1_27' title="bbox 1984 1176 3561 1250">
    <p class='ocr_par' dir='ltr' id='par_1_27' title="bbox 1984 1176 3561 1250">
     <span class='ocr_line' id='line_1_27' title="bbox 1984 1176 3561 1250; baseline -0.003 -18"><span class='ocrx_word' id='word_1_210' title='bbox 1984 1179 2207 1233; x_wconf 90' lang='lat' dir='ltr'><strong>modum</strong></span> <span class='ocrx_word' id='word_1_211' title='bbox 2229 1177 2631 1250; x_wconf 87' lang='lat' dir='ltr'><strong>elegantissime</strong></span> <span class='ocrx_word' id='word_1_212' title='bbox 2670 1193 2772 1232; x_wconf 91' lang='lat' dir='ltr'><strong>nos</strong></span> <span class='ocrx_word' id='word_1_213' title='bbox 2802 1178 2914 1249; x_wconf 87' lang='lat' dir='ltr'><strong>jam</strong></span> <span class='ocrx_word' id='word_1_214' title='bbox 2951 1176 3018 1231; x_wconf 91' lang='lat' dir='ltr'><strong>ad</strong></span> <span class='ocrx_word' id='word_1_215' title='bbox 3047 1182 3397 1246; x_wconf 73' lang='lat' dir='ltr'><strong>prmstantem</strong></span> <span class='ocrx_word' id='word_1_216' title='bbox 3434 1189 3561 1244; x_wconf 89' lang='lat' dir='ltr'><strong>per-</strong></span> 
     </span>
    </p>
   </div>
   <div class='ocr_carea' id='block_1_28' title="bbox 1983 1266 3560 1340">
    <p class='ocr_par' dir='ltr' id='par_1_28' title="bbox 1983 1266 3560 1340">
     <span class='ocr_line' id='line_1_28' title="bbox 1983 1266 3560 1340; baseline -0.002 -16"><span class='ocrx_word' id='word_1_217' title='bbox 1983 1269 2290 1340; x_wconf 88' lang='lat' dir='ltr'><strong>fectamque</strong></span> <span class='ocrx_word' id='word_1_218' title='bbox 2311 1269 2586 1324; x_wconf 77' lang='lat' dir='ltr'><strong>virtutem</strong></span> <span class='ocrx_word' id='word_1_219' title='bbox 2607 1269 2796 1335; x_wconf 90' lang='lat' dir='ltr'><strong>ducat,</strong></span> <span class='ocrx_word' id='word_1_220' title='bbox 2841 1268 3042 1340; x_wconf 91' lang='lat' dir='ltr'><strong>jubens</strong></span> <span class='ocrx_word' id='word_1_221' title='bbox 3081 1275 3162 1333; x_wconf 91' lang='lat' dir='ltr'><strong>ut,</strong></span> <span class='ocrx_word' id='word_1_222' title='bbox 3204 1282 3334 1321; x_wconf 88' lang='lat' dir='ltr'><strong>cura</strong></span> <span class='ocrx_word' id='word_1_223' title='bbox 3364 1266 3417 1320; x_wconf 92' lang='lat' dir='ltr'><strong>in</strong></span> <span class='ocrx_word' id='word_1_224' title='bbox 3441 1267 3560 1337; x_wconf 87' lang='lat' dir='ltr'><strong>ejus</strong></span> 
     </span>
    </p>
   </div>
   <div class='ocr_carea' id='block_1_29' title="bbox 1979 1359 3561 1434">
    <p class='ocr_par' dir='ltr' id='par_1_29' title="bbox 1979 1359 3561 1434">
     <span class='ocr_line' id='line_1_29' title="bbox 1979 1359 3561 1434; baseline -0.003 -17"><span class='ocrx_word' id='word_1_225' title='bbox 1979 1363 2240 1434; x_wconf 86' lang='lat' dir='ltr'><strong>jumenta-</strong></span> <span class='ocrx_word' id='word_1_226' title='bbox 2277 1362 2371 1432; x_wconf 84' lang='lat' dir='ltr'><strong>qui</strong></span> <span class='ocrx_word' id='word_1_227' title='bbox 2405 1377 2506 1417; x_wconf 90' lang='lat' dir='ltr'><strong>nos</strong></span> <span class='ocrx_word' id='word_1_228' title='bbox 2542 1361 2791 1426; x_wconf 70' lang='lat' dir='ltr'><strong>offendit,</strong></span> <span class='ocrx_word' id='word_1_229' title='bbox 2830 1360 3097 1430; x_wconf 89' lang='lat' dir='ltr'><strong>impensa,</strong></span> <span class='ocrx_word' id='word_1_230' title='bbox 3122 1360 3274 1414; x_wconf 89' lang='lat' dir='ltr'><strong>velut</strong></span> <span class='ocrx_word' id='word_1_231' title='bbox 3297 1359 3561 1413; x_wconf 77' lang='lat' dir='ltr'><strong>exercita-</strong></span> 
     </span>
    </p>
   </div>
   <div class='ocr_carea' id='block_1_30' title="bbox 1985 1449 3558 1522">
    <p class='ocr_par' dir='ltr' id='par_1_30' title="bbox 1985 1449 3558 1522">
     <span class='ocr_line' id='line_1_30' title="bbox 1985 1449 3558 1522; baseline -0.002 -16"><span class='ocrx_word' id='word_1_232' title='bbox 1985 1453 2133 1508; x_wconf 82' lang='lat' dir='ltr'><strong>tione</strong></span> <span class='ocrx_word' id='word_1_233' title='bbox 2168 1451 2236 1507; x_wconf 88' lang='lat' dir='ltr'><strong>ad</strong></span> <span class='ocrx_word' id='word_1_234' title='bbox 2276 1451 2680 1507; x_wconf 90' lang='lat' dir='ltr'><strong>obliviscendas</strong></span> <span class='ocrx_word' id='word_1_235' title='bbox 2719 1451 2949 1522; x_wconf 85' lang='lat' dir='ltr'><strong>injurias</strong></span> <span class='ocrx_word' id='word_1_236' title='bbox 2971 1458 3418 1519; x_wconf 64' lang='lat' dir='ltr'><strong>utamurz&#39;quem</strong></span> <span class='ocrx_word' id='word_1_237' title='bbox 3448 1449 3558 1504; x_wconf 90' lang='lat' dir='ltr'><strong>fre—</strong></span> 
     </span>
    </p>
   </div>
   <div class='ocr_carea' id='block_1_31' title="bbox 1985 1540 3559 1614">
    <p class='ocr_par' dir='ltr' id='par_1_31' title="bbox 1985 1540 3559 1614">
     <span class='ocr_line' id='line_1_31' title="bbox 1985 1540 3559 1614; baseline -0.003 -16"><span class='ocrx_word' id='word_1_238' title='bbox 1985 1543 2345 1614; x_wconf 80' lang='lat' dir='ltr'><strong>quentissime</strong></span> <span class='ocrx_word' id='word_1_239' title='bbox 2387 1542 2850 1598; x_wconf 84' lang='lat' dir='ltr'><strong>fratris-nomine</strong></span> <span class='ocrx_word' id='word_1_240' title='bbox 2913 1543 3166 1606; x_wconf 87' lang='lat' dir='ltr'><strong>decorat,</strong></span> <span class='ocrx_word' id='word_1_241' title='bbox 3223 1540 3559 1611; x_wconf 89' lang='lat' dir='ltr'><strong>prohibens,</strong></span> 
     </span>
    </p>
   </div>
   <div class='ocr_carea' id='block_1_32' title="bbox 1985 1629 3563 1702">
    <p class='ocr_par' dir='ltr' id='par_1_32' title="bbox 1985 1629 3563 1702">
     <span class='ocr_line' id='line_1_32' title="bbox 1985 1629 3563 1702; baseline -0.003 -16"><span class='ocrx_word' id='word_1_242' title='bbox 1985 1639 2047 1686; x_wconf 94' lang='lat' dir='ltr'><strong>ut</strong></span> <span class='ocrx_word' id='word_1_243' title='bbox 2070 1632 2285 1702; x_wconf 84' lang='lat' dir='ltr'><strong>Opinor,</strong></span> <span class='ocrx_word' id='word_1_244' title='bbox 2314 1631 2424 1686; x_wconf 87' lang='lat' dir='ltr'><strong>iras</strong></span> <span class='ocrx_word' id='word_1_245' title='bbox 2447 1632 2820 1702; x_wconf 82' lang='lat' dir='ltr'><strong>implacabiles</strong></span> <span class='ocrx_word' id='word_1_246' title='bbox 2868 1639 2922 1686; x_wconf 91' lang='lat' dir='ltr'><strong>et</strong></span> <span class='ocrx_word' id='word_1_247' title='bbox 2953 1631 3180 1685; x_wconf 81' lang='lat' dir='ltr'><strong>nimiam</strong></span> <span class='ocrx_word' id='word_1_248' title='bbox 3219 1629 3286 1685; x_wconf 90' lang='lat' dir='ltr'><strong>ad</strong></span> <span class='ocrx_word' id='word_1_249' title='bbox 3317 1631 3563 1683; x_wconf 82' lang='lat' dir='ltr'><strong>simulta-</strong></span> 
     </span>
    </p>
   </div>
   <div class='ocr_carea' id='block_1_33' title="bbox 1987 1717 3560 1790">
    <p class='ocr_par' dir='ltr' id='par_1_33' title="bbox 1987 1717 3560 1790">
     <span class='ocr_line' id='line_1_33' title="bbox 1987 1717 3560 1790; baseline -0.003 -17"><span class='ocrx_word' id='word_1_250' title='bbox 1987 1727 2070 1774; x_wconf 87' lang='lat' dir='ltr'><strong>tes</strong></span> <span class='ocrx_word' id='word_1_251' title='bbox 2089 1719 2534 1788; x_wconf 89' lang='lat' dir='ltr'><strong>propensionem,</strong></span> <span class='ocrx_word' id='word_1_252' title='bbox 2561 1727 2616 1774; x_wconf 91' lang='lat' dir='ltr'><strong>et</strong></span> <span class='ocrx_word' id='word_1_253' title='bbox 2636 1727 2848 1774; x_wconf 84' lang='lat' dir='ltr'><strong>naturae</strong></span> <span class='ocrx_word' id='word_1_254' title='bbox 2875 1720 3071 1790; x_wconf 87' lang='lat' dir='ltr'><strong>legem,</strong></span> <span class='ocrx_word' id='word_1_255' title='bbox 3100 1726 3354 1788; x_wconf 84' lang='lat' dir='ltr'><strong>tanquam</strong></span> <span class='ocrx_word' id='word_1_256' title='bbox 3379 1717 3560 1771; x_wconf 89' lang='lat' dir='ltr'><strong>chari-</strong></span> 
     </span>
    </p>
   </div>
   <div class='ocr_carea' id='block_1_34' title="bbox 327 1787 1886 1882">
    <p class='ocr_par' dir='ltr' id='par_1_34' title="bbox 327 1787 1883 1882">
     <span class='ocr_line' id='line_1_34' title="bbox 327 1787 1883 1882; baseline 0.005 -22"><span class='ocrx_word' id='word_1_257' title='bbox 327 1807 694 1862; x_wconf 86' lang='grc' dir='ltr'>κατακωλύων</span> <span class='ocrx_word' id='word_1_258' title='bbox 713 1849 727 1874; x_wconf 89' lang='grc'><strong>,</strong></span> <span class='ocrx_word' id='word_1_259' title='bbox 759 1787 926 1879; x_wconf 69' lang='grc' dir='ltr'>οἶμαι.</span> <span class='ocrx_word' id='word_1_260' title='bbox 946 1826 1068 1872; x_wconf 87' lang='grc' dir='ltr'>που,</span> <span class='ocrx_word' id='word_1_261' title='bbox 1100 1809 1160 1862; x_wconf 84' lang='grc' dir='ltr'>τὸ</span> <span class='ocrx_word' id='word_1_262' title='bbox 1185 1787 1395 1863; x_wconf 78' lang='grc' dir='ltr'>ἔντονον</span> <span class='ocrx_word' id='word_1_263' title='bbox 1434 1787 1514 1874; x_wconf 82' lang='grc' dir='ltr'><strong>είς</strong></span> <span class='ocrx_word' id='word_1_264' title='bbox 1546 1787 1720 1882; x_wconf 71' lang='grc' dir='ltr'>ὀργὰς</span> <span class='ocrx_word' id='word_1_265' title='bbox 1733 1853 1748 1878; x_wconf 89' lang='grc'><strong>,</strong></span> <span class='ocrx_word' id='word_1_266' title='bbox 1789 1787 1883 1868; x_wconf 58' lang='grc' dir='ltr'>καὶ</span> 
     </span>
    </p>
   </div>
   <div class='ocr_carea' id='block_1_35' title="bbox 1986 1787 3564 1882">
    <p class='ocr_par' dir='ltr' id='par_1_35' title="bbox 1990 1805 3564 1874">
     <span class='ocr_line' id='line_1_35' title="bbox 1990 1805 3564 1874; baseline -0.003 -12"><span class='ocrx_word' id='word_1_267' title='bbox 1990 1807 2116 1862; x_wconf 90' lang='lat' dir='ltr'><strong>tatis</strong></span> <span class='ocrx_word' id='word_1_268' title='bbox 2131 1807 2413 1870; x_wconf 81' lang='lat' dir='ltr'><strong>arbitram,</strong></span> <span class='ocrx_word' id='word_1_269' title='bbox 2437 1807 2622 1861; x_wconf 89' lang='lat' dir='ltr'><strong>ferens</strong></span> <span class='ocrx_word' id='word_1_270' title='bbox 2645 1824 2659 1859; x_wconf 89' lang='lat'>:</span> <span class='ocrx_word' id='word_1_271' title='bbox 2682 1806 2738 1862; x_wconf 92' lang='lat' dir='ltr'><strong>Si</strong></span> <span class='ocrx_word' id='word_1_272' title='bbox 2765 1807 2910 1860; x_wconf 87' lang='lat' dir='ltr'><strong>enim</strong></span> <span class='ocrx_word' id='word_1_273' title='bbox 2937 1806 3230 1870; x_wconf 82' lang='lat' dir='ltr'><strong>inveneris,</strong></span> <span class='ocrx_word' id='word_1_274' title='bbox 3258 1805 3454 1874; x_wconf 85' lang='lat' dir='ltr'><strong>inquit,</strong></span> <span class='ocrx_word' id='word_1_275' title='bbox 3478 1821 3564 1859; x_wconf 92' lang='lat' dir='ltr'><strong>cr-</strong></span> 
     </span>
    </p>
   </div>
   <div class='ocr_carea' id='block_1_36' title="bbox 318 1899 1883 1974">
    <p class='ocr_par' dir='ltr' id='par_1_36' title="bbox 318 1899 1883 1974">
     <span class='ocr_line' id='line_1_36' title="bbox 318 1899 1883 1974; baseline 0.004 -22"><span class='ocrx_word' id='word_1_276' title='bbox 318 1899 382 1952; x_wconf 74' lang='grc' dir='ltr'>τὸ</span> <span class='ocrx_word' id='word_1_277' title='bbox 425 1899 676 1972; x_wconf 66' lang='grc' dir='ltr'>περπτὸν</span> <span class='ocrx_word' id='word_1_278' title='bbox 725 1901 804 1962; x_wconf 84' lang='grc' dir='ltr'>εἰς</span> <span class='ocrx_word' id='word_1_279' title='bbox 838 1901 1196 1972; x_wconf 74' lang='grc' dir='ltr'>μικροψυχίας</span> <span class='ocrx_word' id='word_1_280' title='bbox 1220 1939 1234 1964; x_wconf 88' lang='grc'><strong>,</strong></span> <span class='ocrx_word' id='word_1_281' title='bbox 1263 1902 1356 1954; x_wconf 78' lang='grc' dir='ltr'>καὶ</span> <span class='ocrx_word' id='word_1_282' title='bbox 1393 1901 1484 1957; x_wconf 87' lang='grc' dir='ltr'>τὸν</span> <span class='ocrx_word' id='word_1_283' title='bbox 1529 1903 1627 1974; x_wconf 82' lang='grc' dir='ltr'><strong>τῆς</strong></span> <span class='ocrx_word' id='word_1_284' title='bbox 1670 1906 1883 1972; x_wconf 85' lang='grc' dir='ltr'>φύσεως</span> 
     </span>
    </p>
   </div>
   <div class='ocr_carea' id='block_1_37' title="bbox 317 1989 1879 2068">
    <p class='ocr_par' dir='ltr' id='par_1_37' title="bbox 317 1989 1879 2068">
     <span class='ocr_line' id='line_1_37' title="bbox 317 1989 1879 2068; baseline 0.006 -26"><span class='ocrx_word' id='word_1_285' title='bbox 317 1989 514 2060; x_wconf 71' lang='grc' dir='ltr'>νόμον,</span> <span class='ocrx_word' id='word_1_286' title='bbox 534 1989 838 2062; x_wconf 76' lang='grc' dir='ltr'>βραϐευτὴν</span> <span class='ocrx_word' id='word_1_287' title='bbox 871 1991 1058 2064; x_wconf 83' lang='grc' dir='ltr'>ὥσπερ</span> <span class='ocrx_word' id='word_1_288' title='bbox 1081 1994 1206 2046; x_wconf 84' lang='grc' dir='ltr'>τινὰ</span> <span class='ocrx_word' id='word_1_289' title='bbox 1230 1993 1328 2064; x_wconf 82' lang='grc' dir='ltr'>τῆς</span> <span class='ocrx_word' id='word_1_290' title='bbox 1353 1995 1572 2066; x_wconf 81' lang='grc' dir='ltr'><strong>ἀγάπης</strong></span> <span class='ocrx_word' id='word_1_291' title='bbox 1592 1996 1879 2068; x_wconf 77' lang='grc' dir='ltr'><strong>εἰσφέρων.</strong></span> 
     </span>
    </p>
   </div>
   <div class='ocr_carea' id='block_1_38' title="bbox 319 2081 1885 2160">
    <p class='ocr_par' dir='ltr' id='par_1_38' title="bbox 319 2081 1885 2160">
     <span class='ocr_line' id='line_1_38' title="bbox 319 2081 1885 2160; baseline 0.006 -26"><span class='ocrx_word' id='word_1_292' title='bbox 319 2082 419 2134; x_wconf 73' lang='lat' dir='ltr'><strong>“Av</strong></span> <span class='ocrx_word' id='word_1_293' title='bbox 455 2081 564 2152; x_wconf 84' lang='grc' dir='ltr'>γὰρ</span> <span class='ocrx_word' id='word_1_294' title='bbox 610 2082 795 2154; x_wconf 81' lang='grc' dir='ltr'>εὕρῃς,</span> <span class='ocrx_word' id='word_1_295' title='bbox 837 2084 1020 2155; x_wconf 65' lang='grc' dir='ltr'>φησιν,</span> <span class='ocrx_word' id='word_1_296' title='bbox 1055 2084 1645 2158; x_wconf 62' lang='grc' dir='ltr'>πλανώμενονικτῆνος,</span> <span class='ocrx_word' id='word_1_297' title='bbox 1681 2089 1719 2160; x_wconf 76' lang='grc' dir='ltr'>ἢ</span> <span class='ocrx_word' id='word_1_298' title='bbox 1751 2091 1885 2144; x_wconf 81' lang='grc' dir='ltr'>ἀπο-</span> 
     </span>
    </p>
   </div>
   <div class='ocr_carea' id='block_1_39' title="bbox 317 2173 1885 2249">
    <p class='ocr_par' dir='ltr' id='par_1_39' title="bbox 317 2173 1885 2249">
     <span class='ocr_line' id='line_1_39' title="bbox 317 2173 1885 2249; baseline 0.005 -23"><span class='ocrx_word' id='word_1_299' title='bbox 317 2173 486 2236; x_wconf 80' lang='grc' dir='ltr'>λωλὸς</span> <span class='ocrx_word' id='word_1_300' title='bbox 518 2173 756 2244; x_wconf 72' lang='grc' dir='ltr'>ἱμάτιον,</span> <span class='ocrx_word' id='word_1_301' title='bbox 787 2175 1110 2246; x_wconf 84' lang='grc' dir='ltr'>περισώσεις</span> <span class='ocrx_word' id='word_1_302' title='bbox 1129 2177 1277 2231; x_wconf 84' lang='grc' dir='ltr'>αύτὰ-</span> <span class='ocrx_word' id='word_1_303' title='bbox 1292 2177 1370 2248; x_wconf 83' lang='grc' dir='ltr'>τῷ</span> <span class='ocrx_word' id='word_1_304' title='bbox 1389 2177 1603 2249; x_wconf 79' lang='grc' dir='ltr'>ἀδελφῷ</span> <span class='ocrx_word' id='word_1_305' title='bbox 1629 2195 1745 2232; x_wconf 68' lang='grc' dir='ltr'>σουν</span> <span class='ocrx_word' id='word_1_306' title='bbox 1781 2180 1885 2234; x_wconf 77' lang='grc' dir='ltr'>κᾶν</span> 
     </span>
    </p>
   </div>
   <div class='ocr_carea' id='block_1_40' title="bbox 317 2267 1887 2343">
    <p class='ocr_par' dir='ltr' id='par_1_40' title="bbox 317 2267 1887 2343">
     <span class='ocr_line' id='line_1_40' title="bbox 317 2267 1887 2343; baseline 0.004 -24"><span class='ocrx_word' id='word_1_307' title='bbox 317 2269 367 2319; x_wconf 82' lang='grc' dir='ltr'><strong>εί</strong></span> <span class='ocrx_word' id='word_1_308' title='bbox 387 2267 664 2335; x_wconf 77' lang='grc' dir='ltr'>γένοιτότι.</span> <span class='ocrx_word' id='word_1_309' title='bbox 699 2267 826 2321; x_wconf 80' lang='grc' dir='ltr'>τῶν·</span> <span class='ocrx_word' id='word_1_310' title='bbox 870 2269 1192 2340; x_wconf 85' lang='grc' dir='ltr'>ἀχθοφορεῖν</span> <span class='ocrx_word' id='word_1_311' title='bbox 1240 2268 1506 2323; x_wconf 78' lang='grc' dir='ltr'><strong>εἰωθότων</strong></span> <span class='ocrx_word' id='word_1_312' title='bbox 1565 2271 1887 2343; x_wconf 87' lang='grc' dir='ltr'>κατολισθῆ-</span> 
     </span>
    </p>
   </div>
   <div class='ocr_carea' id='block_1_41' title="bbox 321 2358 1887 2436">
    <p class='ocr_par' dir='ltr' id='par_1_41' title="bbox 321 2358 1887 2436">
     <span class='ocr_line' id='line_1_41' title="bbox 321 2358 1887 2436; baseline 0.006 -26"><span class='ocrx_word' id='word_1_313' title='bbox 321 2374 417 2410; x_wconf 83' lang='grc' dir='ltr'><strong>σαν</strong></span> <span class='ocrx_word' id='word_1_314' title='bbox 446 2359 525 2420; x_wconf 78' lang='grc' dir='ltr'><strong>είς</strong></span> <span class='ocrx_word' id='word_1_315' title='bbox 550 2358 653 2429; x_wconf 82' lang='grc' dir='ltr'>γῆν</span> <span class='ocrx_word' id='word_1_316' title='bbox 676 2359 769 2412; x_wconf 88' lang='grc' dir='ltr'><strong>ὑπ’</strong></span> <span class='ocrx_word' id='word_1_317' title='bbox 797 2359 942 2432; x_wconf 83' lang='grc' dir='ltr'><strong>αὐτῷ</strong></span> <span class='ocrx_word' id='word_1_318' title='bbox 982 2360 1362 2432; x_wconf 75' lang='grc' dir='ltr'>συντρίϐεσθαι</span> <span class='ocrx_word' id='word_1_319' title='bbox 1391 2362 1469 2433; x_wconf 84' lang='grc' dir='ltr'>τῷ</span> <span class='ocrx_word' id='word_1_320' title='bbox 1489 2364 1694 2436; x_wconf 80' lang='grc' dir='ltr'>φορτίῳ</span> <span class='ocrx_word' id='word_1_321' title='bbox 1713 2406 1728 2432; x_wconf 87' lang='grc'><strong>,</strong></span> <span class='ocrx_word' id='word_1_322' title='bbox 1761 2382 1887 2419; x_wconf 85' lang='grc' dir='ltr'><strong>συν⁶</strong></span> 
     </span>
    </p>
   </div>
   <div class='ocr_carea' id='block_1_42' title="bbox 319 2448 1890 2526">
    <p class='ocr_par' dir='ltr' id='par_1_42' title="bbox 319 2448 1890 2526">
     <span class='ocr_line' id='line_1_42' title="bbox 319 2448 1890 2526; baseline 0.008 -29"><span class='ocrx_word' id='word_1_323' title='bbox 319 2463 344 2497; x_wconf 91' lang='grc' dir='ltr'><strong>ε</strong></span> <span class='ocrx_word' id='word_1_324' title='bbox 355 2448 530 2517; x_wconf 81' lang='grc' dir='ltr'>ργάσῃ</span> <span class='ocrx_word' id='word_1_325' title='bbox 543 2449 638 2502; x_wconf 79' lang='grc' dir='ltr'>καὶ</span> <span class='ocrx_word' id='word_1_326' title='bbox 657 2464 848 2516; x_wconf 83' lang='grc' dir='ltr'>συνεγε</span> <span class='ocrx_word' id='word_1_327' title='bbox 856 2451 986 2519; x_wconf 84' lang='grc' dir='ltr'>ρετς.</span> <span class='ocrx_word' id='word_1_328' title='bbox 1005 2450 1229 2520; x_wconf 88' lang='grc' dir='ltr'>Ἕτερον</span> <span class='ocrx_word' id='word_1_329' title='bbox 1244 2451 1301 2504; x_wconf 81' lang='grc' dir='ltr'>δὲ</span> <span class='ocrx_word' id='word_1_330' title='bbox 1315 2451 1473 2506; x_wconf 84' lang='grc' dir='ltr'>τοῦτό</span> <span class='ocrx_word' id='word_1_331' title='bbox 1494 2455 1640 2507; x_wconf 79' lang='grc' dir='ltr'>ἐστιν</span> <span class='ocrx_word' id='word_1_332' title='bbox 1660 2454 1832 2519; x_wconf 84' lang='grc' dir='ltr'>οὐδὲν,</span> <span class='ocrx_word' id='word_1_333' title='bbox 1847 2455 1890 2526; x_wconf 63' lang='grc' dir='ltr'>ἢ</span> 
     </span>
    </p>
   </div>
   <div class='ocr_carea' id='block_1_43' title="bbox 319 2534 1886 2611">
    <p class='ocr_par' dir='ltr' id='par_1_43' title="bbox 319 2534 1886 2611">
     <span class='ocr_line' id='line_1_43' title="bbox 319 2534 1886 2611; baseline 0.006 -25"><span class='ocrx_word' id='word_1_334' title='bbox 319 2535 412 2587; x_wconf 80' lang='grc' dir='ltr'>τὸν</span> <span class='ocrx_word' id='word_1_335' title='bbox 439 2536 770 2605; x_wconf 79' lang='grc' dir='ltr'><strong>κεκτημένον</strong></span> <span class='ocrx_word' id='word_1_336' title='bbox 800 2534 1050 2606; x_wconf 84' lang='grc' dir='ltr'>ὠφελεῖν,</span> <span class='ocrx_word' id='word_1_337' title='bbox 1076 2540 1172 2591; x_wconf 78' lang='grc' dir='ltr'>καὶ</span> <span class='ocrx_word' id='word_1_338' title='bbox 1207 2539 1404 2610; x_wconf 81' lang='grc' dir='ltr'><strong>μελέτη</strong></span> <span class='ocrx_word' id='word_1_339' title='bbox 1438 2541 1573 2611; x_wconf 83' lang='grc' dir='ltr'>πρὸς</span> <span class='ocrx_word' id='word_1_340' title='bbox 1593 2541 1763 2608; x_wconf 75' lang='grc' dir='ltr'>ἔλεον,</span> <span class='ocrx_word' id='word_1_341' title='bbox 1792 2541 1886 2595; x_wconf 80' lang='grc' dir='ltr'>καὶ</span> 
     </span>
    </p>
   </div>
   <div class='ocr_carea' id='block_1_44' title="bbox 323 2625 1887 2701">
    <p class='ocr_par' dir='ltr' id='par_1_44' title="bbox 323 2625 1887 2701">
     <span class='ocr_line' id='line_1_44' title="bbox 323 2625 1887 2701; baseline 0.007 -23"><span class='ocrx_word' id='word_1_342' title='bbox 323 2625 664 2695; x_wconf 88' lang='grc' dir='ltr'>παιδαγωγια</span> <span class='ocrx_word' id='word_1_343' title='bbox 701 2629 832 2698; x_wconf 78' lang='grc' dir='ltr'>πρὸς</span> <span class='ocrx_word' id='word_1_344' title='bbox 880 2630 1310 2701; x_wconf 84' lang='grc' dir='ltr'>φιλοικειότητα,</span> <span class='ocrx_word' id='word_1_345' title='bbox 1357 2632 1450 2686; x_wconf 79' lang='grc' dir='ltr'>καὶ</span> <span class='ocrx_word' id='word_1_346' title='bbox 1495 2633 1557 2686; x_wconf 85' lang='grc' dir='ltr'>τὸ</span> <span class='ocrx_word' id='word_1_347' title='bbox 1603 2631 1887 2689; x_wconf 78' lang='grc' dir='ltr'>λυπεῖσθαι</span> 
     </span>
    </p>
   </div>
   <div class='ocr_carea' id='block_1_45' title="bbox 330 2714 1890 2791">
    <p class='ocr_par' dir='ltr' id='par_1_45' title="bbox 330 2714 1890 2791">
     <span class='ocr_line' id='line_1_45' title="bbox 330 2714 1890 2791; baseline 0.006 -26"><span class='ocrx_word' id='word_1_348' title='bbox 330 2714 519 2785; x_wconf 77' lang='grc' dir='ltr'>μακρὰ</span> <span class='ocrx_word' id='word_1_349' title='bbox 545 2715 910 2786; x_wconf 58' lang='grc' dir='ltr'>παρωθεωθαι</span> <span class='ocrx_word' id='word_1_350' title='bbox 943 2715 1146 2788; x_wconf 81' lang='grc' dir='ltr'>ζητεῖν,</span> <span class='ocrx_word' id='word_1_351' title='bbox 1170 2719 1265 2772; x_wconf 82' lang='grc' dir='ltr'>καὶ</span> <span class='ocrx_word' id='word_1_352' title='bbox 1295 2721 1679 2790; x_wconf 78' lang='grc' dir='ltr'>παραιτεῖσθαι</span> <span class='ocrx_word' id='word_1_353' title='bbox 1701 2721 1890 2791; x_wconf 81' lang='grc' dir='ltr'>διαφο-</span> 
     </span>
    </p>
   </div>
   <div class='ocr_carea' id='block_1_46' title="bbox 328 2803 1889 2883">
    <p class='ocr_par' dir='ltr' id='par_1_46' title="bbox 328 2803 1889 2883">
     <span class='ocr_line' id='line_1_46' title="bbox 328 2803 1889 2883; baseline 0.007 -28"><span class='ocrx_word' id='word_1_354' title='bbox 328 2803 447 2873; x_wconf 75' lang='grc' dir='ltr'>ρὰς,</span> <span class='ocrx_word' id='word_1_355' title='bbox 483 2804 619 2876; x_wconf 83' lang='grc' dir='ltr'>ὑπέρ</span> <span class='ocrx_word' id='word_1_356' title='bbox 647 2822 709 2874; x_wconf 85' lang='grc' dir='ltr'><strong>γε</strong></span> <span class='ocrx_word' id='word_1_357' title='bbox 752 2806 844 2860; x_wconf 78' lang='grc' dir='ltr'>τοῦ</span> <span class='ocrx_word' id='word_1_358' title='bbox 886 2807 960 2878; x_wconf 84' lang='grc' dir='ltr'>μὴ</span> <span class='ocrx_word' id='word_1_359' title='bbox 980 2808 1156 2863; x_wconf 84' lang='grc' dir='ltr'>δοκεῖν</span> <span class='ocrx_word' id='word_1_360' title='bbox 1183 2810 1544 2881; x_wconf 78' lang='grc' dir='ltr'>προσκρούειν</span> <span class='ocrx_word' id='word_1_361' title='bbox 1576 2810 1762 2883; x_wconf 83' lang='grc' dir='ltr'>ἀγάπῃ</span> <span class='ocrx_word' id='word_1_362' title='bbox 1794 2813 1889 2867; x_wconf 78' lang='grc' dir='ltr'>καὶ</span> 
     </span>
    </p>
   </div>
   <div class='ocr_carea' id='block_1_47' title="bbox 325 2891 1890 2973">
    <p class='ocr_par' dir='ltr' id='par_1_47' title="bbox 325 2891 1890 2973">
     <span class='ocr_line' id='line_1_47' title="bbox 325 2891 1890 2973; baseline 0.007 -29"><span class='ocrx_word' id='word_1_363' title='bbox 325 2891 472 2962; x_wconf 80' lang='grc' dir='ltr'>νόμῳ</span> <span class='ocrx_word' id='word_1_364' title='bbox 499 2892 576 2964; x_wconf 84' lang='grc' dir='ltr'>τῷ</span> <span class='ocrx_word' id='word_1_365' title='bbox 609 2895 688 2958; x_wconf 81' lang='grc' dir='ltr'>εὶς</span> <span class='ocrx_word' id='word_1_366' title='bbox 723 2894 1094 2965; x_wconf 80' lang='grc' dir='ltr'>φιλαδελφίαν.</span> <span class='ocrx_word' id='word_1_367' title='bbox 1133 2898 1294 2962; x_wconf 81' lang='grc' dir='ltr'><strong>Εἰκὸς</strong></span> <span class='ocrx_word' id='word_1_368' title='bbox 1324 2899 1381 2952; x_wconf 79' lang='grc' dir='ltr'>δὲ</span> <span class='ocrx_word' id='word_1_369' title='bbox 1409 2899 1472 2971; x_wconf 88' lang='grc' dir='ltr'><strong>δή</strong></span> <span class='ocrx_word' id='word_1_370' title='bbox 1495 2917 1546 2954; x_wconf 90' lang='grc' dir='ltr'>τι</span> <span class='ocrx_word' id='word_1_371' title='bbox 1575 2901 1667 2954; x_wconf 76' lang='grc' dir='ltr'>καὶ</span> <span class='ocrx_word' id='word_1_372' title='bbox 1702 2901 1890 2973; x_wconf 73' lang='grc' dir='ltr'>ἕτερον</span> 
     </span>
    </p>
   </div>
   <div class='ocr_carea' id='block_1_48' title="bbox 322 2981 1888 3064">
    <p class='ocr_par' dir='ltr' id='par_1_48' title="bbox 322 2981 1888 3064">
     <span class='ocr_line' id='line_1_48' title="bbox 322 2981 1888 3064; baseline 0.007 -30"><span class='ocrx_word' id='word_1_373' title='bbox 322 2981 764 3050; x_wconf 86' lang='grc' dir='ltr'>ύπαινίττεσθαι,</span> <span class='ocrx_word' id='word_1_374' title='bbox 819 2985 880 3038; x_wconf 82' lang='grc' dir='ltr'>τὸ</span> <span class='ocrx_word' id='word_1_375' title='bbox 931 2987 1352 3058; x_wconf 78' lang='grc' dir='ltr'>χρησμῴδημαο</span> <span class='ocrx_word' id='word_1_376' title='bbox 1393 2990 1442 3042; x_wconf 80' lang='grc' dir='ltr'><strong>εί</strong></span> <span class='ocrx_word' id='word_1_377' title='bbox 1489 2989 1616 3062; x_wconf 65' lang='grc' dir='ltr'>γὰρ.</span> <span class='ocrx_word' id='word_1_378' title='bbox 1650 2993 1888 3064; x_wconf 81' lang='grc' dir='ltr'>τοσαύτη</span> 
     </span>
    </p>
   </div>
   <div class='ocr_carea' id='block_1_49' title="bbox 321 3073 1889 3148">
    <p class='ocr_par' dir='ltr' id='par_1_49' title="bbox 321 3073 1889 3148">
     <span class='ocr_line' id='line_1_49' title="bbox 321 3073 1889 3148; baseline 0.006 -23"><span class='ocrx_word' id='word_1_379' title='bbox 321 3073 512 3142; x_wconf 82' lang='grc' dir='ltr'>γέγονε</span> <span class='ocrx_word' id='word_1_380' title='bbox 537 3073 614 3142; x_wconf 86' lang='grc' dir='ltr'>τῷ</span> <span class='ocrx_word' id='word_1_381' title='bbox 639 3074 900 3148; x_wconf 77' lang='grc' dir='ltr'>νομοθέτῃ</span> <span class='ocrx_word' id='word_1_382' title='bbox 936 3077 1157 3148; x_wconf 72' lang='grc' dir='ltr'>φροντὶς</span> <span class='ocrx_word' id='word_1_383' title='bbox 1177 3117 1192 3142; x_wconf 86' lang='grc'><strong>,</strong></span> <span class='ocrx_word' id='word_1_384' title='bbox 1234 3078 1309 3143; x_wconf 87' lang='grc' dir='ltr'>ὼς</span> <span class='ocrx_word' id='word_1_385' title='bbox 1333 3081 1382 3132; x_wconf 88' lang='grc' dir='ltr'><strong>εί</strong></span> <span class='ocrx_word' id='word_1_386' title='bbox 1410 3081 1500 3134; x_wconf 86' lang='grc' dir='ltr'><strong>καί</strong></span> <span class='ocrx_word' id='word_1_387' title='bbox 1539 3099 1590 3134; x_wconf 90' lang='grc' dir='ltr'><strong>τι</strong></span> <span class='ocrx_word' id='word_1_388' title='bbox 1624 3081 1732 3136; x_wconf 84' lang='grc' dir='ltr'><strong>τῶν</strong></span> <span class='ocrx_word' id='word_1_389' title='bbox 1765 3082 1889 3136; x_wconf 82' lang='grc' dir='ltr'>ἀλό-</span> 
     </span>
    </p>
   </div>
   <div class='ocr_carea' id='block_1_50' title="bbox 320 3165 1884 3246">
    <p class='ocr_par' dir='ltr' id='par_1_50' title="bbox 320 3165 1884 3246">
     <span class='ocr_line' id='line_1_50' title="bbox 320 3165 1884 3246; baseline 0.006 -29"><span class='ocrx_word' id='word_1_390' title='bbox 320 3183 432 3234; x_wconf 87' lang='grc' dir='ltr'><strong>γων</strong></span> <span class='ocrx_word' id='word_1_391' title='bbox 458 3165 542 3236; x_wconf 83' lang='grc' dir='ltr'>εἴη</span> <span class='ocrx_word' id='word_1_392' title='bbox 580 3167 642 3246; x_wconf 77' lang='grc' dir='ltr'><strong>τδ</strong></span> <span class='ocrx_word' id='word_1_393' title='bbox 669 3168 934 3232; x_wconf 81' lang='grc' dir='ltr'>πεπονθὸς</span> <span class='ocrx_word' id='word_1_394' title='bbox 956 3210 971 3236; x_wconf 88' lang='grc'><strong>,</strong></span> <span class='ocrx_word' id='word_1_395' title='bbox 999 3170 1212 3238; x_wconf 81' lang='grc' dir='ltr'>ὀρέγειν</span> <span class='ocrx_word' id='word_1_396' title='bbox 1239 3172 1383 3241; x_wconf 80' lang='grc' dir='ltr'>ήμᾶς</span> <span class='ocrx_word' id='word_1_397' title='bbox 1413 3171 1510 3242; x_wconf 84' lang='grc' dir='ltr'><strong>τὴν</strong></span> <span class='ocrx_word' id='word_1_398' title='bbox 1541 3173 1884 3244; x_wconf 73' lang='grc' dir='ltr'>ἐπικουρίαν,</span> 
     </span>
    </p>
   </div>
   <div class='ocr_carea' id='block_1_51' title="bbox 321 3257 1887 3335">
    <p class='ocr_par' dir='ltr' id='par_1_51' title="bbox 321 3257 1887 3335">
     <span class='ocr_line' id='line_1_51' title="bbox 321 3257 1887 3335; baseline 0.006 -27"><span class='ocrx_word' id='word_1_399' title='bbox 321 3258 438 3319; x_wconf 85' lang='grc' dir='ltr'>πῶς</span> <span class='ocrx_word' id='word_1_400' title='bbox 454 3258 554 3310; x_wconf 83' lang='grc' dir='ltr'>οὑκ</span> <span class='ocrx_word' id='word_1_401' title='bbox 571 3257 638 3311; x_wconf 82' lang='grc' dir='ltr'>ἂν</span> <span class='ocrx_word' id='word_1_402' title='bbox 664 3258 813 3329; x_wconf 88' lang='grc' dir='ltr'><strong>αύτῷ</strong></span> <span class='ocrx_word' id='word_1_403' title='bbox 837 3259 1097 3330; x_wconf 74' lang='grc' dir='ltr'>μειζόνως</span> <span class='ocrx_word' id='word_1_404' title='bbox 1116 3262 1364 3332; x_wconf 86' lang='grc' dir='ltr'>ἀρέσειεν</span> <span class='ocrx_word' id='word_1_405' title='bbox 1399 3264 1430 3332; x_wconf 86' lang='grc' dir='ltr'><strong>ή</strong></span> <span class='ocrx_word' id='word_1_406' title='bbox 1466 3265 1546 3326; x_wconf 85' lang='grc' dir='ltr'><strong>είς</strong></span> <span class='ocrx_word' id='word_1_407' title='bbox 1566 3264 1887 3335; x_wconf 85' lang='grc' dir='ltr'>ἀνθρώπους</span> 
     </span>
    </p>
   </div>
   <div class='ocr_carea' id='block_1_52' title="bbox 324 3343 1886 3423">
    <p class='ocr_par' dir='ltr' id='par_1_52' title="bbox 324 3343 1886 3423">
     <span class='ocr_line' id='line_1_52' title="bbox 324 3343 1886 3423; baseline 0.006 -26"><span class='ocrx_word' id='word_1_408' title='bbox 324 3343 506 3414; x_wconf 87' lang='grc' dir='ltr'>φειδὼ,</span> <span class='ocrx_word' id='word_1_409' title='bbox 532 3348 625 3400; x_wconf 75' lang='grc' dir='ltr'>καὶ</span> <span class='ocrx_word' id='word_1_410' title='bbox 653 3348 821 3418; x_wconf 28' lang='grc' dir='ltr'>ήιτοῖς</span> <span class='ocrx_word' id='word_1_411' title='bbox 846 3349 1160 3418; x_wconf 83' lang='grc' dir='ltr'>ὀμογενέσιν</span> <span class='ocrx_word' id='word_1_412' title='bbox 1181 3351 1504 3423; x_wconf 83' lang='grc' dir='ltr'>ὀφειλομένη</span> <span class='ocrx_word' id='word_1_413' title='bbox 1530 3353 1886 3423; x_wconf 85' lang='grc' dir='ltr'>φιλαλληλία;</span> 
     </span>
    </p>
   </div>
   <div class='ocr_carea' id='block_1_53' title="bbox 320 3438 1888 3515">
    <p class='ocr_par' dir='ltr' id='par_1_53' title="bbox 320 3438 1888 3515">
     <span class='ocr_line' id='line_1_53' title="bbox 320 3438 1888 3515; baseline 0.004 -25"><span class='ocrx_word' id='word_1_414' title='bbox 320 3438 513 3492; x_wconf 80' lang='grc' dir='ltr'>οὐκοῦν</span> <span class='ocrx_word' id='word_1_415' title='bbox 543 3439 644 3494; x_wconf 74' lang='grc' dir='ltr'>κᾶν</span> <span class='ocrx_word' id='word_1_416' title='bbox 670 3443 722 3494; x_wconf 78' lang='grc' dir='ltr'><strong>ει</strong></span> <span class='ocrx_word' id='word_1_417' title='bbox 743 3441 938 3513; x_wconf 76' lang='grc' dir='ltr'>ἐχθρὸς</span> <span class='ocrx_word' id='word_1_418' title='bbox 963 3442 1212 3513; x_wconf 81' lang='grc' dir='ltr'>πλανῷτο</span> <span class='ocrx_word' id='word_1_419' title='bbox 1251 3444 1430 3514; x_wconf 83' lang='grc' dir='ltr'>τυχὸν,</span> <span class='ocrx_word' id='word_1_420' title='bbox 1455 3445 1771 3515; x_wconf 87' lang='grc' dir='ltr'>μανθανέτω</span> <span class='ocrx_word' id='word_1_421' title='bbox 1789 3444 1888 3514; x_wconf 82' lang='grc' dir='ltr'>τὴν</span> 
     </span>
    </p>
   </div>
   <div class='ocr_carea' id='block_1_54' title="bbox 321 3526 1885 3607">
    <p class='ocr_par' dir='ltr' id='par_1_54' title="bbox 321 3526 1885 3607">
     <span class='ocr_line' id='line_1_54' title="bbox 321 3526 1885 3607; baseline 0.007 -28"><span class='ocrx_word' id='word_1_422' title='bbox 321 3526 409 3579; x_wconf 82' lang='grc' dir='ltr'><strong>ἐπ’</strong></span> <span class='ocrx_word' id='word_1_423' title='bbox 434 3530 587 3595; x_wconf 78' lang='grc' dir='ltr'>εὐθὺ,</span> <span class='ocrx_word' id='word_1_424' title='bbox 609 3534 705 3605; x_wconf 80' lang='grc' dir='ltr'>καὶ</span> <span class='ocrx_word' id='word_1_425' title='bbox 729 3532 796 3586; x_wconf 86' lang='grc' dir='ltr'>δι’</span> <span class='ocrx_word' id='word_1_426' title='bbox 824 3533 984 3604; x_wconf 83' lang='grc' dir='ltr'>ἡμῶν</span> <span class='ocrx_word' id='word_1_427' title='bbox 1010 3536 1224 3588; x_wconf 65' lang='grc' dir='ltr'>νευέτων</span> <span class='ocrx_word' id='word_1_428' title='bbox 1242 3534 1316 3606; x_wconf 85' lang='grc'><strong>(1)</strong></span> <span class='ocrx_word' id='word_1_429' title='bbox 1348 3536 1483 3605; x_wconf 86' lang='grc' dir='ltr'>πρὸς</span> <span class='ocrx_word' id='word_1_430' title='bbox 1508 3537 1885 3607; x_wconf 72' lang='grc' dir='ltr'>τδισυμφέρον.</span> 
     </span>
    </p>
   </div>
   <div class='ocr_carea' id='block_1_55' title="bbox 321 3617 1890 3698">
    <p class='ocr_par' dir='ltr' id='par_1_55' title="bbox 321 3617 1890 3698">
     <span class='ocr_line' id='line_1_55' title="bbox 321 3617 1890 3698; baseline 0.008 -29"><span class='ocrx_word' id='word_1_431' title='bbox 321 3617 478 3671; x_wconf 75' lang='grc' dir='ltr'>Οὕτω</span> <span class='ocrx_word' id='word_1_432' title='bbox 511 3621 603 3673; x_wconf 73' lang='grc' dir='ltr'>καὶ</span> <span class='ocrx_word' id='word_1_433' title='bbox 633 3623 660 3674; x_wconf 87' lang='grc' dir='ltr'>ὁ</span> <span class='ocrx_word' id='word_1_434' title='bbox 697 3623 928 3693; x_wconf 86' lang='grc' dir='ltr'>Χριστὸς</span> <span class='ocrx_word' id='word_1_435' title='bbox 947 3662 962 3688; x_wconf 90' lang='grc'><strong>,</strong></span> <span class='ocrx_word' id='word_1_436' title='bbox 1001 3623 1168 3688; x_wconf 81' lang='grc' dir='ltr'>λίθοις</span> <span class='ocrx_word' id='word_1_437' title='bbox 1201 3625 1298 3695; x_wconf 84' lang='grc' dir='ltr'>μὲν</span> <span class='ocrx_word' id='word_1_438' title='bbox 1323 3624 1574 3679; x_wconf 74' lang='grc' dir='ltr'>ἐϐάλλετο</span> <span class='ocrx_word' id='word_1_439' title='bbox 1602 3628 1752 3698; x_wconf 87' lang='grc' dir='ltr'><strong>παρά</strong></span> <span class='ocrx_word' id='word_1_440' title='bbox 1781 3628 1890 3682; x_wconf 86' lang='grc' dir='ltr'>τῶν</span> 
     </span>
    </p>
   </div>
   <div class='ocr_carea' id='block_1_56' title="bbox 321 3709 1888 3789">
    <p class='ocr_par' dir='ltr' id='par_1_56' title="bbox 321 3709 1888 3789">
     <span class='ocr_line' id='line_1_56' title="bbox 321 3709 1888 3789; baseline 0.007 -28"><span class='ocrx_word' id='word_1_441' title='bbox 321 3709 380 3775; x_wconf 73' lang='grc' dir='ltr'><strong>ἐξ</strong></span> <span class='ocrx_word' id='word_1_442' title='bbox 412 3711 648 3783; x_wconf 81' lang='grc' dir='ltr'>Ἰσραὴλ,</span> <span class='ocrx_word' id='word_1_443' title='bbox 675 3714 938 3784; x_wconf 77' lang='grc' dir='ltr'>ἐπεφώνει</span> <span class='ocrx_word' id='word_1_444' title='bbox 968 3716 1026 3771; x_wconf 83' lang='grc' dir='ltr'>δὲ</span> <span class='ocrx_word' id='word_1_445' title='bbox 1053 3718 1201 3786; x_wconf 78' lang='grc' dir='ltr'>ὅμως</span> <span class='ocrx_word' id='word_1_446' title='bbox 1221 3733 1234 3748; x_wconf 86' lang='grc'><strong>·</strong></span> <span class='ocrx_word' id='word_1_447' title='bbox 1267 3735 1285 3770; x_wconf 77' lang='grc' dir='ltr'><strong>ι</strong></span> <span class='ocrx_word' id='word_1_448' title='bbox 1318 3719 1459 3781; x_wconf 86' lang='grc' dir='ltr'><strong>Ἕως</strong></span> <span class='ocrx_word' id='word_1_449' title='bbox 1486 3719 1546 3770; x_wconf 86' lang='grc' dir='ltr'>τὸ</span> <span class='ocrx_word' id='word_1_450' title='bbox 1568 3718 1683 3787; x_wconf 87' lang='grc' dir='ltr'><strong>φῶς</strong></span> <span class='ocrx_word' id='word_1_451' title='bbox 1716 3719 1888 3789; x_wconf 82' lang='grc' dir='ltr'>ἔχετε,</span> 
     </span>
    </p>
   </div>
   <div class='ocr_carea' id='block_1_57' title="bbox 330 3805 1890 3880">
    <p class='ocr_par' dir='ltr' id='par_1_57' title="bbox 330 3805 1890 3880">
     <span class='ocr_line' id='line_1_57' title="bbox 330 3805 1890 3880; baseline 0.008 -28"><span class='ocrx_word' id='word_1_452' title='bbox 330 3807 688 3870; x_wconf 79' lang='grc' dir='ltr'>περιπατεῖτε</span> <span class='ocrx_word' id='word_1_453' title='bbox 721 3806 778 3858; x_wconf 80' lang='grc' dir='ltr'>ὲν</span> <span class='ocrx_word' id='word_1_454' title='bbox 812 3805 890 3876; x_wconf 87' lang='grc' dir='ltr'>τῷ</span> <span class='ocrx_word' id='word_1_455' title='bbox 923 3808 1080 3875; x_wconf 79' lang='grc' dir='ltr'>φωτὶ,</span> <span class='ocrx_word' id='word_1_456' title='bbox 1113 3809 1198 3860; x_wconf 80' lang='grc' dir='ltr'>ἵνα</span> <span class='ocrx_word' id='word_1_457' title='bbox 1231 3807 1305 3880; x_wconf 81' lang='grc' dir='ltr'>μὴ</span> <span class='ocrx_word' id='word_1_458' title='bbox 1341 3809 1526 3862; x_wconf 87' lang='grc' dir='ltr'>σκοτία</span> <span class='ocrx_word' id='word_1_459' title='bbox 1553 3809 1697 3879; x_wconf 83' lang='grc' dir='ltr'>ὑμᾶς</span> <span class='ocrx_word' id='word_1_460' title='bbox 1720 3827 1890 3865; x_wconf 89' lang='grc' dir='ltr'>κατα-</span> 
     </span>
    </p>
   </div>
   <div class='ocr_carea' id='block_1_58' title="bbox 321 3892 1891 3969">
    <p class='ocr_par' dir='ltr' id='par_1_58' title="bbox 321 3892 1891 3969">
     <span class='ocr_line' id='line_1_58' title="bbox 321 3892 1891 3969; baseline 0.007 -25"><span class='ocrx_word' id='word_1_461' title='bbox 321 3892 480 3964; x_wconf 77' lang='grc' dir='ltr'>λάϐῃ.</span> <span class='ocrx_word' id='word_1_462' title='bbox 506 3912 524 3944; x_wconf 73' lang='grc' dir='ltr'><strong>ι</strong></span> <span class='ocrx_word' id='word_1_463' title='bbox 552 3895 664 3948; x_wconf 77' lang='grc' dir='ltr'><strong>Καὶ</strong></span> <span class='ocrx_word' id='word_1_464' title='bbox 679 3897 727 3948; x_wconf 89' lang='grc' dir='ltr'><strong>εί</strong></span> <span class='ocrx_word' id='word_1_465' title='bbox 744 3897 891 3968; x_wconf 87' lang='grc' dir='ltr'>πόνῳ</span> <span class='ocrx_word' id='word_1_466' title='bbox 914 3915 998 3960; x_wconf 88' lang='grc' dir='ltr'>τις</span> <span class='ocrx_word' id='word_1_467' title='bbox 1019 3898 1113 3951; x_wconf 82' lang='grc' dir='ltr'>καὶ</span> <span class='ocrx_word' id='word_1_468' title='bbox 1139 3901 1462 3969; x_wconf 85' lang='grc' dir='ltr'>πειρασμοῖς</span> <span class='ocrx_word' id='word_1_469' title='bbox 1478 3899 1771 3955; x_wconf 78' lang='grc' dir='ltr'>ὲνθλίὸοιτο</span> <span class='ocrx_word' id='word_1_470' title='bbox 1785 3901 1891 3956; x_wconf 85' lang='grc' dir='ltr'>τῶν</span> 
     </span>
    </p>
   </div>
   <div class='ocr_carea' id='block_1_59' title="bbox 323 3985 1889 4064">
    <p class='ocr_par' dir='ltr' id='par_1_59' title="bbox 323 3985 1889 4064">
     <span class='ocr_line' id='line_1_59' title="bbox 323 3985 1889 4064; baseline 0.008 -30"><span class='ocrx_word' id='word_1_471' title='bbox 323 3985 861 4055; x_wconf 74' lang='grc' dir='ltr'>προσκεκρουκότων,</span> <span class='ocrx_word' id='word_1_472' title='bbox 894 3989 987 4041; x_wconf 72' lang='grc' dir='ltr'>καὶ</span> <span class='ocrx_word' id='word_1_473' title='bbox 1005 3987 1282 4052; x_wconf 79' lang='grc' dir='ltr'>οἱονείπως</span> <span class='ocrx_word' id='word_1_474' title='bbox 1310 3990 1389 4052; x_wconf 84' lang='grc' dir='ltr'>εἰς</span> <span class='ocrx_word' id='word_1_475' title='bbox 1410 3990 1510 4060; x_wconf 82' lang='grc' dir='ltr'><strong>γῆν</strong></span> <span class='ocrx_word' id='word_1_476' title='bbox 1536 3991 1889 4064; x_wconf 70' lang='grc' dir='ltr'>ἐρριμμένος,</span> 
     </span>
    </p>
   </div>
   <div class='ocr_carea' id='block_1_60' title="bbox 321 4074 1892 4156">
    <p class='ocr_par' dir='ltr' id='par_1_60' title="bbox 321 4074 1892 4156">
     <span class='ocr_line' id='line_1_60' title="bbox 321 4074 1892 4156; baseline 0.008 -29"><span class='ocrx_word' id='word_1_477' title='bbox 321 4074 588 4143; x_wconf 80' lang='grc' dir='ltr'>ἀφύκτοις</span> <span class='ocrx_word' id='word_1_478' title='bbox 599 4077 863 4147; x_wconf 70' lang='grc' dir='ltr'>ἀνάγκαις</span> <span class='ocrx_word' id='word_1_479' title='bbox 880 4079 1279 4144; x_wconf 72' lang='grc' dir='ltr'>καταπιέζοιτο,</span> <span class='ocrx_word' id='word_1_480' title='bbox 1298 4083 1479 4152; x_wconf 78' lang='grc' dir='ltr'>φησὶν,</span> <span class='ocrx_word' id='word_1_481' title='bbox 1498 4084 1892 4156; x_wconf 83' lang='grc' dir='ltr'>ὲπικουρείσθω</span> 
     </span>
    </p>
   </div>
   <div class='ocr_carea' id='block_1_61' title="bbox 322 4167 1891 4248">
    <p class='ocr_par' dir='ltr' id='par_1_61' title="bbox 322 4167 1891 4248">
     <span class='ocr_line' id='line_1_61' title="bbox 322 4167 1891 4248; baseline 0.009 -30"><span class='ocrx_word' id='word_1_482' title='bbox 322 4167 458 4237; x_wconf 86' lang='grc' dir='ltr'>πρὸς</span> <span class='ocrx_word' id='word_1_483' title='bbox 483 4169 660 4240; x_wconf 82' lang='grc' dir='ltr'>ήμῶν,</span> <span class='ocrx_word' id='word_1_484' title='bbox 675 4172 915 4225; x_wconf 68' lang='grc' dir='ltr'>καιέστω</span> <span class='ocrx_word' id='word_1_485' title='bbox 930 4171 1104 4244; x_wconf 83' lang='grc' dir='ltr'>λύπης</span> <span class='ocrx_word' id='word_1_486' title='bbox 1128 4175 1422 4242; x_wconf 77' lang='grc' dir='ltr'>ἀμείνων,ό</span> <span class='ocrx_word' id='word_1_487' title='bbox 1437 4176 1690 4248; x_wconf 82' lang='grc' dir='ltr'>διάφορος</span> <span class='ocrx_word' id='word_1_488' title='bbox 1716 4178 1891 4248; x_wconf 66' lang='lat'><strong>(2).”!1</strong></span> 
     </span>
    </p>
   </div>
   <div class='ocr_carea' id='block_1_62' title="bbox 321 4260 1888 4340">
    <p class='ocr_par' dir='ltr' id='par_1_62' title="bbox 321 4260 1888 4340">
     <span class='ocr_line' id='line_1_62' title="bbox 321 4260 1888 4340; baseline 0.008 -29"><span class='ocrx_word' id='word_1_489' title='bbox 321 4260 441 4329; x_wconf 73' lang='grc' dir='ltr'>οὐχὶ</span> <span class='ocrx_word' id='word_1_490' title='bbox 463 4261 526 4332; x_wconf 80' lang='grc' dir='ltr'>δὴ</span> <span class='ocrx_word' id='word_1_491' title='bbox 547 4262 716 4315; x_wconf 81' lang='grc' dir='ltr'>τοῦτό</span> <span class='ocrx_word' id='word_1_492' title='bbox 738 4264 908 4329; x_wconf 77' lang='grc' dir='ltr'>ἐστιν,</span> <span class='ocrx_word' id='word_1_493' title='bbox 939 4283 956 4315; x_wconf 76' lang='grc' dir='ltr'><strong>ι</strong></span> <span class='ocrx_word' id='word_1_494' title='bbox 984 4261 1057 4319; x_wconf 83' lang='grc' dir='ltr'><strong>Εὖ</strong></span> <span class='ocrx_word' id='word_1_495' title='bbox 1089 4269 1288 4320; x_wconf 83' lang='grc' dir='ltr'>ποιεῖτε</span> <span class='ocrx_word' id='word_1_496' title='bbox 1313 4268 1436 4332; x_wconf 84' lang='grc' dir='ltr'>τοὺς</span> <span class='ocrx_word' id='word_1_497' title='bbox 1461 4267 1688 4340; x_wconf 79' lang='grc' dir='ltr'>ἐχθροὺς</span> <span class='ocrx_word' id='word_1_498' title='bbox 1715 4271 1744 4322; x_wconf 81' lang='grc' dir='ltr'>ὑ</span> <span class='ocrx_word' id='word_1_499' title='bbox 1753 4269 1888 4340; x_wconf 86' lang='grc' dir='ltr'>μῶν,</span> 
     </span>
    </p>
   </div>
   <div class='ocr_carea' id='block_1_63' title="bbox 323 4351 1832 4430">
    <p class='ocr_par' dir='ltr' id='par_1_63' title="bbox 323 4351 1832 4430">
     <span class='ocr_line' id='line_1_63' title="bbox 323 4351 1832 4430; baseline 0.006 -27"><span class='ocrx_word' id='word_1_500' title='bbox 323 4351 418 4403; x_wconf 80' lang='grc' dir='ltr'>καὶ</span> <span class='ocrx_word' id='word_1_501' title='bbox 449 4354 813 4424; x_wconf 87' lang='grc' dir='ltr'>προσεύχεσθε</span> <span class='ocrx_word' id='word_1_502' title='bbox 847 4355 986 4425; x_wconf 81' lang='grc' dir='ltr'>ὑπὲρ</span> <span class='ocrx_word' id='word_1_503' title='bbox 1006 4356 1111 4409; x_wconf 85' lang='grc' dir='ltr'><strong>τῶν</strong></span> <span class='ocrx_word' id='word_1_504' title='bbox 1139 4357 1549 4427; x_wconf 81' lang='grc' dir='ltr'>ἐπηρεαζόντων</span> <span class='ocrx_word' id='word_1_505' title='bbox 1575 4360 1718 4430; x_wconf 80' lang='grc' dir='ltr'>ὑμᾶς</span> <span class='ocrx_word' id='word_1_506' title='bbox 1746 4378 1760 4426; x_wconf 90' lang='grc'>;</span> <span class='ocrx_word' id='word_1_507' title='bbox 1811 4380 1832 4412; x_wconf 73' lang='grc' dir='ltr'><strong>ι</strong></span> 
     </span>
    </p>
   </div>
   <div class='ocr_carea' id='block_1_64' title="bbox 393 4443 1064 4515">
    <p class='ocr_par' dir='ltr' id='par_1_64' title="bbox 393 4443 1064 4515">
     <span class='ocr_line' id='line_1_64' title="bbox 393 4443 1064 4515; baseline 0.006 -21"><span class='ocrx_word' id='word_1_508' title='bbox 393 4443 599 4496; x_wconf 82' lang='grc' dir='ltr'><strong>ΠΑΛΛ.</strong></span> <span class='ocrx_word' id='word_1_509' title='bbox 643 4445 873 4515; x_wconf 78' lang='grc' dir='ltr'>Ἀριστα</span> <span class='ocrx_word' id='word_1_510' title='bbox 910 4444 1064 4515; x_wconf 75' lang='grc' dir='ltr'>ἔφης.</span> 
     </span>
    </p>
   </div>
   <div class='ocr_carea' id='block_1_65' title="bbox 393 4530 1892 4609">
    <p class='ocr_par' dir='ltr' id='par_1_65' title="bbox 393 4530 1892 4609">
     <span class='ocr_line' id='line_1_65' title="bbox 393 4530 1892 4609; baseline 0.004 -23"><span class='ocrx_word' id='word_1_511' title='bbox 393 4533 559 4586; x_wconf 84' lang='grc' dir='ltr'>ΚΥΡ.</span> <span class='ocrx_word' id='word_1_512' title='bbox 589 4533 944 4605; x_wconf 81' lang='grc' dir='ltr'>Ἀγιοπρεπὲς</span> <span class='ocrx_word' id='word_1_513' title='bbox 973 4530 1217 4606; x_wconf 79' lang='grc' dir='ltr'>οὗν-ἀρα,</span> <span class='ocrx_word' id='word_1_514' title='bbox 1241 4537 1302 4590; x_wconf 89' lang='grc' dir='ltr'><strong>τὺ</strong></span> <span class='ocrx_word' id='word_1_515' title='bbox 1325 4539 1437 4601; x_wconf 82' lang='grc' dir='ltr'>τοῖς</span> <span class='ocrx_word' id='word_1_516' title='bbox 1469 4537 1736 4609; x_wconf 81' lang='grc' dir='ltr'>κάμνουσι</span> <span class='ocrx_word' id='word_1_517' title='bbox 1764 4555 1892 4592; x_wconf 71' lang='grc' dir='ltr'>συνο</span> 
     </span>
    </p>
   </div>
   <div class='ocr_carea' id='block_1_66' title="bbox 321 4623 1890 4701">
    <p class='ocr_par' dir='ltr' id='par_1_66' title="bbox 321 4623 1890 4701">
     <span class='ocr_line' id='line_1_66' title="bbox 321 4623 1890 4701; baseline 0.003 -23"><span class='ocrx_word' id='word_1_518' title='bbox 321 4623 506 4690; x_wconf 87' lang='grc' dir='ltr'>αλγεῖν</span> <span class='ocrx_word' id='word_1_519' title='bbox 530 4665 546 4690; x_wconf 88' lang='grc'><strong>,</strong></span> <span class='ocrx_word' id='word_1_520' title='bbox 587 4625 681 4679; x_wconf 77' lang='grc' dir='ltr'>καὶ</span> <span class='ocrx_word' id='word_1_521' title='bbox 712 4627 830 4697; x_wconf 69' lang='grc' dir='ltr'><strong>οὐχὶ</strong></span> <span class='ocrx_word' id='word_1_522' title='bbox 873 4626 936 4699; x_wconf 82' lang='grc' dir='ltr'>δὴ</span> <span class='ocrx_word' id='word_1_523' title='bbox 975 4628 1170 4699; x_wconf 79' lang='grc' dir='ltr'>μᾶλλον</span> <span class='ocrx_word' id='word_1_524' title='bbox 1205 4627 1275 4680; x_wconf 81' lang='grc' dir='ltr'>τὰ</span> <span class='ocrx_word' id='word_1_525' title='bbox 1312 4628 1397 4697; x_wconf 79' lang='grc' dir='ltr'><strong>ἐφ’</strong></span> <span class='ocrx_word' id='word_1_526' title='bbox 1441 4623 1522 4693; x_wconf 78' lang='grc' dir='ltr'>οἷς</span> <span class='ocrx_word' id='word_1_527' title='bbox 1558 4626 1626 4700; x_wconf 82' lang='grc' dir='ltr'>ἦν</span> <span class='ocrx_word' id='word_1_528' title='bbox 1665 4631 1890 4701; x_wconf 76' lang='grc' dir='ltr'>ἄμεινον</span> 
     </span>
    </p>
   </div>
   <div class='ocr_carea' id='block_1_67' title="bbox 320 4715 1896 4789">
    <p class='ocr_par' dir='ltr' id='par_1_67' title="bbox 320 4715 1896 4789">
     <span class='ocr_line' id='line_1_67' title="bbox 320 4715 1896 4789; baseline 0.006 -24"><span class='ocrx_word' id='word_1_529' title='bbox 320 4715 760 4787; x_wconf 85' lang='grc' dir='ltr'>ὲποικτείρεσθαι</span> <span class='ocrx_word' id='word_1_530' title='bbox 807 4718 952 4784; x_wconf 83' lang='grc' dir='ltr'>δεῖν,</span> <span class='ocrx_word' id='word_1_531' title='bbox 1012 4718 1322 4785; x_wconf 85' lang='grc' dir='ltr'>πλεονεξίας</span> <span class='ocrx_word' id='word_1_532' title='bbox 1383 4719 1482 4789; x_wconf 82' lang='grc' dir='ltr'><strong>τῆς</strong></span> <span class='ocrx_word' id='word_1_533' title='bbox 1532 4722 1652 4774; x_wconf 81' lang='grc' dir='ltr'>κατ’</span> <span class='ocrx_word' id='word_1_534' title='bbox 1707 4720 1896 4775; x_wconf 74' lang='grc' dir='ltr'>αὐτῶν</span> 
     </span>
    </p>
   </div>
   <div class='ocr_carea' id='block_1_68' title="bbox 319 4807 1889 4884">
    <p class='ocr_par' dir='ltr' id='par_1_68' title="bbox 319 4807 1889 4884">
     <span class='ocr_line' id='line_1_68' title="bbox 319 4807 1889 4884; baseline 0.004 -26"><span class='ocrx_word' id='word_1_535' title='bbox 319 4807 594 4861; x_wconf 82' lang='grc' dir='ltr'>ποιεῖσθαι</span> <span class='ocrx_word' id='word_1_536' title='bbox 639 4809 929 4879; x_wconf 80' lang='grc' dir='ltr'>πρόφασιν,</span> <span class='ocrx_word' id='word_1_537' title='bbox 971 4809 1411 4883; x_wconf 78' lang='grc' dir='ltr'>ὲπιθρώσκοντάς</span> <span class='ocrx_word' id='word_1_538' title='bbox 1451 4827 1512 4864; x_wconf 86' lang='grc' dir='ltr'><strong>τε</strong></span> <span class='ocrx_word' id='word_1_539' title='bbox 1552 4811 1646 4864; x_wconf 72' lang='grc' dir='ltr'>καὶ</span> <span class='ocrx_word' id='word_1_540' title='bbox 1684 4813 1889 4884; x_wconf 73' lang='grc' dir='ltr'>ἐπιμη-</span> 
     </span>
    </p>
   </div>
   <div class='ocr_carea' id='block_1_69' title="bbox 314 4897 1887 4971">
    <p class='ocr_par' dir='ltr' id='par_1_69' title="bbox 314 4897 1887 4971">
     <span class='ocr_line' id='line_1_69' title="bbox 314 4897 1887 4971; baseline 0.004 -22"><span class='ocrx_word' id='word_1_541' title='bbox 314 4897 551 4962; x_wconf 86' lang='grc' dir='ltr'>νιῶντας</span> <span class='ocrx_word' id='word_1_542' title='bbox 579 4900 660 4952; x_wconf 69' lang='grc' dir='ltr'>ἔτι</span> <span class='ocrx_word' id='word_1_543' title='bbox 683 4903 792 4964; x_wconf 86' lang='grc' dir='ltr'>τοῖς</span> <span class='ocrx_word' id='word_1_544' title='bbox 826 4901 1193 4971; x_wconf 77' lang='grc' dir='ltr'>ἠδικημένοις.</span> <span class='ocrx_word' id='word_1_545' title='bbox 1219 4902 1336 4956; x_wconf 83' lang='grc' dir='ltr'>Κᾶν</span> <span class='ocrx_word' id='word_1_546' title='bbox 1373 4904 1418 4956; x_wconf 81' lang='grc' dir='ltr'>εἰ</span> <span class='ocrx_word' id='word_1_547' title='bbox 1443 4901 1659 4956; x_wconf 89' lang='grc' dir='ltr'>δύναιτό</span> <span class='ocrx_word' id='word_1_548' title='bbox 1683 4921 1767 4968; x_wconf 88' lang='grc' dir='ltr'><strong>τις</strong></span> <span class='ocrx_word' id='word_1_549' title='bbox 1791 4903 1887 4956; x_wconf 88' lang='grc' dir='ltr'>λα-</span> 
     </span>
    </p>
   </div>
   <div class='ocr_carea' id='block_1_70' title="bbox 315 4989 1895 5064">
    <p class='ocr_par' dir='ltr' id='par_1_70' title="bbox 315 4989 1895 5064">
     <span class='ocr_line' id='line_1_70' title="bbox 315 4989 1895 5064; baseline 0.004 -23"><span class='ocrx_word' id='word_1_550' title='bbox 315 4989 540 5059; x_wconf 85' lang='grc' dir='ltr'>θραίους</span> <span class='ocrx_word' id='word_1_551' title='bbox 568 4991 848 5044; x_wconf 82' lang='grc' dir='ltr'>ἀποτελεῖν</span> <span class='ocrx_word' id='word_1_552' title='bbox 873 4993 972 5063; x_wconf 82' lang='grc' dir='ltr'>τῆς</span> <span class='ocrx_word' id='word_1_553' title='bbox 1003 4993 1292 5064; x_wconf 70' lang='grc' dir='ltr'>ἐπιϐουλῆς</span> <span class='ocrx_word' id='word_1_554' title='bbox 1325 4994 1452 5057; x_wconf 83' lang='grc' dir='ltr'>τοὺς</span> <span class='ocrx_word' id='word_1_555' title='bbox 1481 4994 1736 5063; x_wconf 85' lang='grc' dir='ltr'>τρόπους,</span> <span class='ocrx_word' id='word_1_556' title='bbox 1762 4994 1895 5047; x_wconf 80' lang='grc' dir='ltr'>ἀπο·</span> 
     </span>
    </p>
   </div>
   <div class='ocr_carea' id='block_1_71' title="bbox 316 5079 1885 5155">
    <p class='ocr_par' dir='ltr' id='par_1_71' title="bbox 316 5079 1885 5155">
     <span class='ocr_line' id='line_1_71' title="bbox 316 5079 1885 5155; baseline 0.003 -23"><span class='ocrx_word' id='word_1_557' title='bbox 316 5079 540 5149; x_wconf 61' lang='grc' dir='ltr'>σχέσθαι</span> <span class='ocrx_word' id='word_1_558' title='bbox 567 5082 673 5135; x_wconf 84' lang='grc' dir='ltr'>δεῖν</span> <span class='ocrx_word' id='word_1_559' title='bbox 706 5083 742 5134; x_wconf 85' lang='grc' dir='ltr'>ὁ.</span> <span class='ocrx_word' id='word_1_560' title='bbox 759 5083 922 5152; x_wconf 81' lang='grc' dir='ltr'>νόμος</span> <span class='ocrx_word' id='word_1_561' title='bbox 958 5079 1021 5136; x_wconf 75' lang='grc' dir='ltr'>εὖ</span> <span class='ocrx_word' id='word_1_562' title='bbox 1063 5084 1204 5154; x_wconf 82' lang='grc' dir='ltr'>μάλα</span> <span class='ocrx_word' id='word_1_563' title='bbox 1231 5085 1364 5155; x_wconf 73' lang='grc' dir='ltr'>φησὶ</span> <span class='ocrx_word' id='word_1_564' title='bbox 1403 5084 1496 5137; x_wconf 64' lang='grc' dir='ltr'><strong>καὶ¹</strong></span> <span class='ocrx_word' id='word_1_565' title='bbox 1528 5084 1636 5136; x_wconf 84' lang='grc' dir='ltr'>τῶν</span> <span class='ocrx_word' id='word_1_566' title='bbox 1658 5085 1751 5136; x_wconf 78' lang='grc' dir='ltr'>ἐπὶ</span> <span class='ocrx_word' id='word_1_567' title='bbox 1780 5083 1885 5155; x_wconf 83' lang='grc' dir='ltr'><strong>τῷ·</strong></span> 
     </span>
    </p>
   </div>
   <div class='ocr_carea' id='block_1_72' title="bbox 311 5171 1888 5244">
    <p class='ocr_par' dir='ltr' id='par_1_72' title="bbox 311 5171 1888 5244">
     <span class='ocr_line' id='line_1_72' title="bbox 311 5171 1888 5244; baseline 0.001 -21"><span class='ocrx_word' id='word_1_568' title='bbox 311 5171 368 5224; x_wconf 78' lang='grc' dir='ltr'><strong>δε</strong></span> <span class='ocrx_word' id='word_1_569' title='bbox 387 5172 889 5243; x_wconf 82' lang='grc' dir='ltr'>κακουργημάτων·</span> <span class='ocrx_word' id='word_1_570' title='bbox 911 5173 1016 5244; x_wconf 77' lang='grc' dir='ltr'>ἔφη</span> <span class='ocrx_word' id='word_1_571' title='bbox 1036 5174 1144 5244; x_wconf 75' lang='grc' dir='ltr'>γὰρ</span> <span class='ocrx_word' id='word_1_572' title='bbox 1171 5173 1334 5227; x_wconf 79' lang='grc' dir='ltr'>πάλιν</span> <span class='ocrx_word' id='word_1_573' title='bbox 1354 5190 1364 5201; x_wconf 93' lang='grc'><strong>·</strong></span> <span class='ocrx_word' id='word_1_574' title='bbox 1395 5194 1413 5224; x_wconf 74' lang='grc' dir='ltr'><strong>ι</strong></span> <span class='ocrx_word' id='word_1_575' title='bbox 1441 5174 1514 5227; x_wconf 84' lang='grc' dir='ltr'><strong>Οὐ</strong></span> <span class='ocrx_word' id='word_1_576' title='bbox 1534 5173 1718 5236; x_wconf 85' lang='grc' dir='ltr'>κακῶς</span> <span class='ocrx_word' id='word_1_577' title='bbox 1742 5174 1888 5242; x_wconf 77' lang='grc' dir='ltr'>ἐρεῖς</span> 
     </span>
    </p>
   </div>
   <div class='ocr_carea' id='block_1_73' title="bbox 315 5261 1885 5334">
    <p class='ocr_par' dir='ltr' id='par_1_73' title="bbox 315 5261 1885 5334">
     <span class='ocr_line' id='line_1_73' title="bbox 315 5261 1885 5334; baseline 0.002 -21"><span class='ocrx_word' id='word_1_578' title='bbox 315 5261 521 5329; x_wconf 81' lang='grc' dir='ltr'>κωφὸν,</span> <span class='ocrx_word' id='word_1_579' title='bbox 562 5264 655 5316; x_wconf 74' lang='grc' dir='ltr'>καὶ</span> <span class='ocrx_word' id='word_1_580' title='bbox 682 5264 940 5318; x_wconf 87' lang='grc' dir='ltr'>ἀπέναντι</span> <span class='ocrx_word' id='word_1_581' title='bbox 984 5262 1186 5332; x_wconf 82' lang='grc' dir='ltr'>τυφλοῦ</span> <span class='ocrx_word' id='word_1_582' title='bbox 1215 5264 1274 5315; x_wconf 86' lang='grc' dir='ltr'>οὐ</span> <span class='ocrx_word' id='word_1_583' title='bbox 1305 5263 1631 5334; x_wconf 83' lang='grc' dir='ltr'>προσθήσεις</span> <span class='ocrx_word' id='word_1_584' title='bbox 1655 5263 1885 5316; x_wconf 78' lang='grc' dir='ltr'>σκάνδαο</span> 
     </span>
    </p>
   </div>
   <div class='ocr_carea' id='block_1_74' title="bbox 314 5351 1884 5424">
    <p class='ocr_par' dir='ltr' id='par_1_74' title="bbox 314 5351 1884 5424">
     <span class='ocr_line' id='line_1_74' title="bbox 314 5351 1884 5424; baseline 0.003 -20"><span class='ocrx_word' id='word_1_585' title='bbox 314 5351 428 5406; x_wconf 75' lang='grc' dir='ltr'>λον.</span> <span class='ocrx_word' id='word_1_586' title='bbox 472 5369 492 5406; x_wconf 70' lang='grc' dir='ltr'>ι</span> <span class='ocrx_word' id='word_1_587' title='bbox 528 5353 635 5406; x_wconf 80' lang='grc' dir='ltr'>Καί</span> <span class='ocrx_word' id='word_1_588' title='bbox 658 5372 739 5408; x_wconf 88' lang='grc' dir='ltr'><strong>τοι</strong></span> <span class='ocrx_word' id='word_1_589' title='bbox 761 5355 876 5420; x_wconf 86' lang='grc' dir='ltr'><strong>πῶς</strong></span> <span class='ocrx_word' id='word_1_590' title='bbox 907 5355 1006 5407; x_wconf 84' lang='grc' dir='ltr'>οὐκ</span> <span class='ocrx_word' id='word_1_591' title='bbox 1036 5354 1277 5424; x_wconf 73' lang='grc' dir='ltr'>ἄμεινον,</span> <span class='ocrx_word' id='word_1_592' title='bbox 1300 5355 1525 5418; x_wconf 73' lang='grc' dir='ltr'>καὶτοῖς</span> <span class='ocrx_word' id='word_1_593' title='bbox 1555 5355 1692 5423; x_wconf 82' lang='grc' dir='ltr'>ἄγαν</span> <span class='ocrx_word' id='word_1_594' title='bbox 1718 5356 1884 5408; x_wconf 82' lang='grc' dir='ltr'>ἐπιει-</span> 
     </span>
    </p>
   </div>
   <div class='ocr_carea' id='block_1_75' title="bbox 267 5445 1882 5538">
    <p class='ocr_par' dir='ltr' id='par_1_75' title="bbox 267 5445 1882 5538">
     <span class='ocr_line' id='line_1_75' title="bbox 267 5445 1882 5538; baseline 0.002 -41"><span class='ocrx_word' id='word_1_595' title='bbox 267 5516 274 5538; x_wconf 39' lang='grc' dir='ltr'>ι</span> <span class='ocrx_word' id='word_1_596' title='bbox 315 5446 468 5500; x_wconf 85' lang='grc' dir='ltr'>κέσιν</span> <span class='ocrx_word' id='word_1_597' title='bbox 490 5446 574 5501; x_wconf 83' lang='grc' dir='ltr'>ὅτι</span> <span class='ocrx_word' id='word_1_598' title='bbox 606 5449 836 5517; x_wconf 84' lang='grc' dir='ltr'>μάλιστα</span> <span class='ocrx_word' id='word_1_599' title='bbox 862 5448 1062 5518; x_wconf 79' lang='grc' dir='ltr'>πρέπει</span> <span class='ocrx_word' id='word_1_600' title='bbox 1101 5445 1162 5500; x_wconf 86' lang='grc' dir='ltr'>τό</span> <span class='ocrx_word' id='word_1_601' title='bbox 1192 5445 1405 5516; x_wconf 83' lang='grc' dir='ltr'>χαλινὸν</span> <span class='ocrx_word' id='word_1_602' title='bbox 1435 5445 1624 5516; x_wconf 81' lang='grc' dir='ltr'>ὥσπερ</span> <span class='ocrx_word' id='word_1_603' title='bbox 1651 5447 1796 5518; x_wconf 76' lang='grc' dir='ltr'>ἔχειν</span> <span class='ocrx_word' id='word_1_604' title='bbox 1824 5449 1882 5500; x_wconf 83' lang='grc' dir='ltr'>ἐν</span> 
     </span>
    </p>
   </div>
   <div class='ocr_carea' id='block_1_76' title="bbox 397 5633 910 5697">
    <p class='ocr_par' dir='ltr' id='par_1_76' title="bbox 397 5633 910 5697">
     <span class='ocr_line' id='line_1_76' title="bbox 397 5633 910 5697; baseline -0.014 -6"><span class='ocrx_word' id='word_1_605' title='bbox 397 5635 419 5666; x_wconf 81' lang='grc'>⁸</span> <span class='ocrx_word' id='word_1_606' title='bbox 447 5636 608 5689; x_wconf 83' lang='lat' dir='ltr'><strong>Deut.</strong></span> <span class='ocrx_word' id='word_1_607' title='bbox 631 5650 762 5697; x_wconf 67' lang='grc' dir='ltr'>χχιι,</span> <span class='ocrx_word' id='word_1_608' title='bbox 798 5633 910 5686; x_wconf 66' lang='grc'>1-4.</span> 
     </span>
    </p>
   </div>
   <div class='ocr_carea' id='block_1_77' title="bbox 393 5740 1133 5819">
    <p class='ocr_par' dir='ltr' id='par_1_77' title="bbox 393 5740 1133 5819">
     <span class='ocr_line' id='line_1_77' title="bbox 393 5740 1133 5819; baseline -0.005 -19"><span class='ocrx_word' id='word_1_609' title='bbox 393 5747 470 5819; x_wconf 81' lang='grc' dir='ltr'><strong>(ι)</strong></span> <span class='ocrx_word' id='word_1_610' title='bbox 511 5746 646 5803; x_wconf 86' lang='lat' dir='ltr'><strong>Cod.</strong></span> <span class='ocrx_word' id='word_1_611' title='bbox 681 5746 878 5809; x_wconf 70' lang='lat' dir='ltr'><strong>Vatic.,</strong></span> <span class='ocrx_word' id='word_1_612' title='bbox 922 5740 976 5797; x_wconf 70' lang='grc' dir='ltr'><strong>εὖ</strong></span> <span class='ocrx_word' id='word_1_613' title='bbox 1005 5743 1133 5812; x_wconf 74' lang='grc' dir='ltr'>ἤτω.</span> 
     </span>
    </p>
   </div>
   <div class='ocr_carea' id='block_1_78' title="bbox 1984 1899 3561 1971">
    <p class='ocr_par' dir='ltr' id='par_1_78' title="bbox 1984 1899 3561 1971">
     <span class='ocr_line' id='line_1_78' title="bbox 1984 1899 3561 1971; baseline -0.001 -18"><span class='ocrx_word' id='word_1_614' title='bbox 1984 1913 2112 1955; x_wconf 88' lang='lat' dir='ltr'><strong>rans</strong></span> <span class='ocrx_word' id='word_1_615' title='bbox 2141 1901 2454 1971; x_wconf 89' lang='lat' dir='ltr'><strong>jumentum</strong></span> <span class='ocrx_word' id='word_1_616' title='bbox 2501 1906 2596 1953; x_wconf 87' lang='lat' dir='ltr'><strong>aut</strong></span> <span class='ocrx_word' id='word_1_617' title='bbox 2621 1899 2897 1969; x_wconf 89' lang='lat' dir='ltr'><strong>perditum</strong></span> <span class='ocrx_word' id='word_1_618' title='bbox 2925 1899 3311 1953; x_wconf 82' lang='lat' dir='ltr'><strong>vestimentum</strong></span> <span class='ocrx_word' id='word_1_619' title='bbox 3331 1940 3344 1963; x_wconf 96' lang='lat'><strong>,</strong></span> <span class='ocrx_word' id='word_1_620' title='bbox 3373 1913 3561 1952; x_wconf 81' lang='lat' dir='ltr'><strong>scrva-</strong></span> 
     </span>
    </p>
   </div>
   <div class='ocr_carea' id='block_1_79' title="bbox 1983 1989 3562 2062">
    <p class='ocr_par' dir='ltr' id='par_1_79' title="bbox 1983 1989 3562 2062">
     <span class='ocr_line' id='line_1_79' title="bbox 1983 1989 3562 2062; baseline -0.002 -17"><span class='ocrx_word' id='word_1_621' title='bbox 1983 1990 2069 2046; x_wconf 87' lang='lat' dir='ltr'><strong>bis</strong></span> <span class='ocrx_word' id='word_1_622' title='bbox 2092 2007 2157 2047; x_wconf 90' lang='lat' dir='ltr'><strong>ea</strong></span> <span class='ocrx_word' id='word_1_623' title='bbox 2179 1990 2335 2045; x_wconf 89' lang='lat' dir='ltr'><strong>fratri</strong></span> <span class='ocrx_word' id='word_1_624' title='bbox 2369 1998 2495 2056; x_wconf 91' lang='lat' dir='ltr'><strong>tuo;</strong></span> <span class='ocrx_word' id='word_1_625' title='bbox 2520 1989 2688 2045; x_wconf 89' lang='lat' dir='ltr'><strong>etiam</strong></span> <span class='ocrx_word' id='word_1_626' title='bbox 2723 1990 2768 2044; x_wconf 91' lang='lat' dir='ltr'><strong>si</strong></span> <span class='ocrx_word' id='word_1_627' title='bbox 2788 1991 3097 2062; x_wconf 88' lang='lat' dir='ltr'><strong>jumentum</strong></span> <span class='ocrx_word' id='word_1_628' title='bbox 3124 1990 3343 2060; x_wconf 87' lang='lat' dir='ltr'><strong>aliquod</strong></span> <span class='ocrx_word' id='word_1_629' title='bbox 3377 1990 3562 2044; x_wconf 89' lang='lat' dir='ltr'><strong>oneri-</strong></span> 
     </span>
    </p>
   </div>
   <div class='ocr_carea' id='block_1_80' title="bbox 1983 2080 3563 2146">
    <p class='ocr_par' dir='ltr' id='par_1_80' title="bbox 1983 2080 3563 2146">
     <span class='ocr_line' id='line_1_80' title="bbox 1983 2080 3563 2146; baseline 0 -10"><span class='ocrx_word' id='word_1_630' title='bbox 1983 2081 2088 2137; x_wconf 89' lang='lat' dir='ltr'><strong>bus</strong></span> <span class='ocrx_word' id='word_1_631' title='bbox 2126 2080 2368 2136; x_wconf 89' lang='lat' dir='ltr'><strong>ferendis</strong></span> <span class='ocrx_word' id='word_1_632' title='bbox 2409 2088 2691 2135; x_wconf 89' lang='lat' dir='ltr'><strong>assuetum</strong></span> <span class='ocrx_word' id='word_1_633' title='bbox 2722 2082 2776 2135; x_wconf 90' lang='lat' dir='ltr'><strong>in</strong></span> <span class='ocrx_word' id='word_1_634' title='bbox 2813 2088 3019 2135; x_wconf 89' lang='lat' dir='ltr'><strong>terram</strong></span> <span class='ocrx_word' id='word_1_635' title='bbox 3062 2082 3345 2146; x_wconf 88' lang='lat' dir='ltr'><strong>ceciderit,</strong></span> <span class='ocrx_word' id='word_1_636' title='bbox 3374 2090 3429 2136; x_wconf 90' lang='lat' dir='ltr'><strong>et</strong></span> <span class='ocrx_word' id='word_1_637' title='bbox 3460 2082 3563 2136; x_wconf 90' lang='lat' dir='ltr'><strong>sub</strong></span> 
     </span>
    </p>
   </div>
   <div class='ocr_carea' id='block_1_81' title="bbox 1985 2172 3568 2244">
    <p class='ocr_par' dir='ltr' id='par_1_81' title="bbox 1985 2172 3568 2244">
     <span class='ocr_line' id='line_1_81' title="bbox 1985 2172 3568 2244; baseline 0.001 -17"><span class='ocrx_word' id='word_1_638' title='bbox 1985 2173 2104 2244; x_wconf 91' lang='lat' dir='ltr'><strong>ipso</strong></span> <span class='ocrx_word' id='word_1_639' title='bbox 2129 2188 2297 2227; x_wconf 90' lang='lat' dir='ltr'><strong>onere</strong></span> <span class='ocrx_word' id='word_1_640' title='bbox 2338 2180 2676 2237; x_wconf 88' lang='lat' dir='ltr'><strong>conteratur,</strong></span> <span class='ocrx_word' id='word_1_641' title='bbox 2719 2172 2882 2227; x_wconf 91' lang='lat' dir='ltr'><strong>simul</strong></span> <span class='ocrx_word' id='word_1_642' title='bbox 2908 2173 3193 2244; x_wconf 88' lang='lat' dir='ltr'><strong>adjuvabis</strong></span> <span class='ocrx_word' id='word_1_643' title='bbox 3219 2182 3274 2228; x_wconf 90' lang='lat' dir='ltr'><strong>et</strong></span> <span class='ocrx_word' id='word_1_644' title='bbox 3297 2174 3476 2244; x_wconf 88' lang='lat' dir='ltr'><strong>eriges</strong></span> <span class='ocrx_word' id='word_1_645' title='bbox 3500 2174 3568 2228; x_wconf 91' lang='lat' dir='ltr'><strong>il-</strong></span> 
     </span>
    </p>
   </div>
   <div class='ocr_carea' id='block_1_82' title="bbox 1983 2261 3562 2334">
    <p class='ocr_par' dir='ltr' id='par_1_82' title="bbox 1983 2261 3562 2334">
     <span class='ocr_line' id='line_1_82' title="bbox 1983 2261 3562 2334; baseline 0 -16"><span class='ocrx_word' id='word_1_646' title='bbox 1983 2263 2100 2318; x_wconf 87' lang='lat' dir='ltr'><strong>lud.</strong></span> <span class='ocrx_word' id='word_1_647' title='bbox 2127 2262 2186 2334; x_wconf 87' lang='lat' dir='ltr'><strong>1d</strong></span> <span class='ocrx_word' id='word_1_648' title='bbox 2208 2278 2340 2317; x_wconf 91' lang='lat' dir='ltr'><strong>vero</strong></span> <span class='ocrx_word' id='word_1_649' title='bbox 2363 2261 2502 2316; x_wconf 86' lang='lat' dir='ltr'><strong>nihil</strong></span> <span class='ocrx_word' id='word_1_650' title='bbox 2526 2262 2675 2316; x_wconf 87' lang='lat' dir='ltr'><strong>aliud</strong></span> <span class='ocrx_word' id='word_1_651' title='bbox 2704 2270 2810 2327; x_wconf 91' lang='lat' dir='ltr'><strong>est,</strong></span> <span class='ocrx_word' id='word_1_652' title='bbox 2836 2278 3000 2332; x_wconf 89' lang='lat' dir='ltr'><strong>quam</strong></span> <span class='ocrx_word' id='word_1_653' title='bbox 3034 2263 3325 2317; x_wconf 90' lang='lat' dir='ltr'><strong>Dominum</strong></span> <span class='ocrx_word' id='word_1_654' title='bbox 3347 2265 3562 2333; x_wconf 86' lang='lat' dir='ltr'><strong>juvare.</strong></span> 
     </span>
    </p>
   </div>
   <div class='ocr_carea' id='block_1_83' title="bbox 1985 2352 3564 2418">
    <p class='ocr_par' dir='ltr' id='par_1_83' title="bbox 1985 2352 3564 2418">
     <span class='ocr_line' id='line_1_83' title="bbox 1985 2352 3564 2418; baseline 0.001 -10"><span class='ocrx_word' id='word_1_655' title='bbox 1985 2361 2042 2408; x_wconf 92' lang='lat' dir='ltr'><strong>et</strong></span> <span class='ocrx_word' id='word_1_656' title='bbox 2067 2353 2134 2408; x_wconf 89' lang='lat' dir='ltr'><strong>ad</strong></span> <span class='ocrx_word' id='word_1_657' title='bbox 2167 2352 2602 2407; x_wconf 72' lang='lat' dir='ltr'><strong>miserimrdiam</strong></span> <span class='ocrx_word' id='word_1_658' title='bbox 2642 2353 2910 2418; x_wconf 85' lang='lat' dir='ltr'><strong>exerceri,</strong></span> <span class='ocrx_word' id='word_1_659' title='bbox 2937 2360 2992 2408; x_wconf 89' lang='lat' dir='ltr'><strong>et</strong></span> <span class='ocrx_word' id='word_1_660' title='bbox 3017 2353 3085 2407; x_wconf 88' lang='lat' dir='ltr'><strong>ad</strong></span> <span class='ocrx_word' id='word_1_661' title='bbox 3125 2354 3564 2410; x_wconf 81' lang='lat' dir='ltr'><strong>benevolentiam</strong></span> 
     </span>
    </p>
   </div>
   <div class='ocr_carea' id='block_1_84' title="bbox 1986 2442 3566 2515">
    <p class='ocr_par' dir='ltr' id='par_1_84' title="bbox 1986 2442 3566 2515">
     <span class='ocr_line' id='line_1_84' title="bbox 1986 2442 3566 2515; baseline 0.003 -18"><span class='ocrx_word' id='word_1_662' title='bbox 1986 2442 2218 2507; x_wconf 86' lang='lat' dir='ltr'><strong>institui,</strong></span> <span class='ocrx_word' id='word_1_663' title='bbox 2234 2443 2408 2512; x_wconf 76' lang='lat'><strong>.270</strong></span> <span class='ocrx_word' id='word_1_664' title='bbox 2431 2450 2487 2498; x_wconf 91' lang='lat' dir='ltr'><strong>et</strong></span> <span class='ocrx_word' id='word_1_665' title='bbox 2515 2444 2783 2515; x_wconf 85' lang='lat' dir='ltr'><strong>repellere</strong></span> <span class='ocrx_word' id='word_1_666' title='bbox 2807 2443 3100 2501; x_wconf 88' lang='lat' dir='ltr'><strong>diuturnas</strong></span> <span class='ocrx_word' id='word_1_667' title='bbox 3134 2445 3485 2511; x_wconf 81' lang='lat' dir='ltr'><strong>oﬁ‘ensiones,</strong></span> <span class='ocrx_word' id='word_1_668' title='bbox 3510 2453 3566 2501; x_wconf 88' lang='lat' dir='ltr'><strong>et</strong></span> 
     </span>
    </p>
   </div>
   <div class='ocr_carea' id='block_1_85' title="bbox 1985 2534 3564 2607">
    <p class='ocr_par' dir='ltr' id='par_1_85' title="bbox 1985 2534 3564 2607">
     <span class='ocr_line' id='line_1_85' title="bbox 1985 2534 3564 2607; baseline 0 -17"><span class='ocrx_word' id='word_1_669' title='bbox 1985 2536 2161 2590; x_wconf 83' lang='lat' dir='ltr'><strong>vitare</strong></span> <span class='ocrx_word' id='word_1_670' title='bbox 2184 2534 2432 2600; x_wconf 90' lang='lat' dir='ltr'><strong>dissidia,</strong></span> <span class='ocrx_word' id='word_1_671' title='bbox 2458 2551 2527 2590; x_wconf 92' lang='lat' dir='ltr'><strong>ne</strong></span> <span class='ocrx_word' id='word_1_672' title='bbox 2550 2535 2876 2590; x_wconf 85' lang='lat' dir='ltr'><strong>charitatem</strong></span> <span class='ocrx_word' id='word_1_673' title='bbox 2915 2541 2971 2590; x_wconf 86' lang='lat' dir='ltr'><strong>et</strong></span> <span class='ocrx_word' id='word_1_674' title='bbox 3008 2534 3368 2590; x_wconf 88' lang='lat' dir='ltr'><strong>fraternitatis</strong></span> <span class='ocrx_word' id='word_1_675' title='bbox 3389 2537 3564 2607; x_wconf 89' lang='lat' dir='ltr'><strong>legem</strong></span> 
     </span>
    </p>
   </div>
   <div class='ocr_carea' id='block_1_86' title="bbox 1985 2624 3567 2696">
    <p class='ocr_par' dir='ltr' id='par_1_86' title="bbox 1985 2624 3567 2696">
     <span class='ocr_line' id='line_1_86' title="bbox 1985 2624 3567 2696; baseline 0.001 -16"><span class='ocrx_word' id='word_1_676' title='bbox 1985 2625 2193 2680; x_wconf 80' lang='lat' dir='ltr'><strong>violare</strong></span> <span class='ocrx_word' id='word_1_677' title='bbox 2214 2624 2761 2680; x_wconf 70' lang='lat' dir='ltr'><strong>videamur.Videtur</strong></span> <span class='ocrx_word' id='word_1_678' title='bbox 2778 2633 2961 2680; x_wconf 82' lang='lat' dir='ltr'><strong>autem</strong></span> <span class='ocrx_word' id='word_1_679' title='bbox 2980 2626 3086 2681; x_wconf 91' lang='lat' dir='ltr'><strong>hoc</strong></span> <span class='ocrx_word' id='word_1_680' title='bbox 3099 2627 3286 2681; x_wconf 72' lang='lat' dir='ltr'><strong>divino</strong></span> <span class='ocrx_word' id='word_1_681' title='bbox 3302 2642 3567 2696; x_wconf 84' lang='lat' dir='ltr'><strong>responso</strong></span> 
     </span>
    </p>
   </div>
   <div class='ocr_carea' id='block_1_87' title="bbox 1986 2716 3568 2788">
    <p class='ocr_par' dir='ltr' id='par_1_87' title="bbox 1986 2716 3568 2788">
     <span class='ocr_line' id='line_1_87' title="bbox 1986 2716 3568 2788; baseline 0 -16"><span class='ocrx_word' id='word_1_682' title='bbox 1986 2717 2151 2772; x_wconf 88' lang='lat' dir='ltr'><strong>etiam</strong></span> <span class='ocrx_word' id='word_1_683' title='bbox 2183 2716 2333 2771; x_wconf 87' lang='lat' dir='ltr'><strong>aliud</strong></span> <span class='ocrx_word' id='word_1_684' title='bbox 2367 2717 2631 2786; x_wconf 89' lang='lat' dir='ltr'><strong>quiddam</strong></span> <span class='ocrx_word' id='word_1_685' title='bbox 2657 2716 2955 2788; x_wconf 81' lang='lat' dir='ltr'><strong>significari</strong></span> <span class='ocrx_word' id='word_1_686' title='bbox 2991 2735 3004 2770; x_wconf 91' lang='lat'>:</span> <span class='ocrx_word' id='word_1_687' title='bbox 3035 2718 3080 2772; x_wconf 92' lang='lat' dir='ltr'><strong>si</strong></span> <span class='ocrx_word' id='word_1_688' title='bbox 3103 2718 3250 2773; x_wconf 90' lang='lat' dir='ltr'><strong>enim</strong></span> <span class='ocrx_word' id='word_1_689' title='bbox 3278 2725 3439 2772; x_wconf 55' lang='lat' dir='ltr'><strong>tanta;</strong></span> <span class='ocrx_word' id='word_1_690' title='bbox 3461 2719 3568 2772; x_wconf 89' lang='lat' dir='ltr'><strong>fuit</strong></span> 
     </span>
    </p>
   </div>
   <div class='ocr_carea' id='block_1_88' title="bbox 1987 2807 3566 2880">
    <p class='ocr_par' dir='ltr' id='par_1_88' title="bbox 1987 2807 3566 2880">
     <span class='ocr_line' id='line_1_88' title="bbox 1987 2807 3566 2880; baseline 0.001 -17"><span class='ocrx_word' id='word_1_691' title='bbox 1987 2824 2134 2863; x_wconf 64' lang='lat' dir='ltr'><strong>cura:</strong></span> <span class='ocrx_word' id='word_1_692' title='bbox 2157 2807 2478 2878; x_wconf 86' lang='lat' dir='ltr'><strong>legislatori,</strong></span> <span class='ocrx_word' id='word_1_693' title='bbox 2505 2816 2586 2874; x_wconf 92' lang='lat' dir='ltr'><strong>ut,</strong></span> <span class='ocrx_word' id='word_1_694' title='bbox 2613 2807 2658 2863; x_wconf 87' lang='lat' dir='ltr'><strong>si</strong></span> <span class='ocrx_word' id='word_1_695' title='bbox 2684 2808 2773 2863; x_wconf 91' lang='lat' dir='ltr'><strong>cui</strong></span> <span class='ocrx_word' id='word_1_696' title='bbox 2805 2809 3070 2864; x_wconf 89' lang='lat' dir='ltr'><strong>animanti</strong></span> <span class='ocrx_word' id='word_1_697' title='bbox 3105 2811 3338 2865; x_wconf 83' lang='lat' dir='ltr'><strong>rationis</strong></span> <span class='ocrx_word' id='word_1_698' title='bbox 3354 2811 3566 2880; x_wconf 77' lang='lat' dir='ltr'><strong>experti</strong></span> 
     </span>
    </p>
   </div>
   <div class='ocr_carea' id='block_1_89' title="bbox 1987 2894 3563 2964">
    <p class='ocr_par' dir='ltr' id='par_1_89' title="bbox 1987 2894 3563 2964">
     <span class='ocr_line' id='line_1_89' title="bbox 1987 2894 3563 2964; baseline 0.002 -16"><span class='ocrx_word' id='word_1_699' title='bbox 1987 2894 2255 2964; x_wconf 84' lang='lat' dir='ltr'><strong>ejusmodi</strong></span> <span class='ocrx_word' id='word_1_700' title='bbox 2293 2909 2454 2949; x_wconf 89' lang='lat' dir='ltr'><strong>casus</strong></span> <span class='ocrx_word' id='word_1_701' title='bbox 2495 2894 2805 2960; x_wconf 90' lang='lat' dir='ltr'><strong>accidisset,</strong></span> <span class='ocrx_word' id='word_1_702' title='bbox 2831 2912 2934 2952; x_wconf 91' lang='lat' dir='ltr'><strong>nos</strong></span> <span class='ocrx_word' id='word_1_703' title='bbox 2971 2897 3243 2953; x_wconf 89' lang='lat' dir='ltr'><strong>ferremus</strong></span> <span class='ocrx_word' id='word_1_704' title='bbox 3277 2899 3563 2962; x_wconf 77' lang='lat' dir='ltr'><strong>auxilium,</strong></span> 
     </span>
    </p>
   </div>
   <div class='ocr_carea' id='block_1_90' title="bbox 1989 2983 3571 3058">
    <p class='ocr_par' dir='ltr' id='par_1_90' title="bbox 1989 2983 3571 3058">
     <span class='ocr_line' id='line_1_90' title="bbox 1989 2983 3571 3058; baseline 0.003 -21"><span class='ocrx_word' id='word_1_705' title='bbox 1989 2983 2265 3054; x_wconf 84' lang='lat' dir='ltr'><strong>quomodo</strong></span> <span class='ocrx_word' id='word_1_706' title='bbox 2289 3000 2399 3039; x_wconf 92' lang='lat' dir='ltr'><strong>non</strong></span> <span class='ocrx_word' id='word_1_707' title='bbox 2423 2985 2598 3040; x_wconf 79' lang='lat' dir='ltr'><strong>multo</strong></span> <span class='ocrx_word' id='word_1_708' title='bbox 2621 2987 2905 3056; x_wconf 40' lang='lat' dir='ltr'><strong>magisilli‘</strong></span> <span class='ocrx_word' id='word_1_709' title='bbox 2922 2996 3137 3058; x_wconf 84' lang='lat' dir='ltr'><strong>gratum</strong></span> <span class='ocrx_word' id='word_1_710' title='bbox 3152 2989 3331 3043; x_wconf 81' lang='lat' dir='ltr'><strong>fuerit</strong></span> <span class='ocrx_word' id='word_1_711' title='bbox 3356 2989 3571 3058; x_wconf 91' lang='lat' dir='ltr'><strong>impen-</strong></span> 
     </span>
    </p>
   </div>
   <div class='ocr_carea' id='block_1_91' title="bbox 1991 3071 3564 3146">
    <p class='ocr_par' dir='ltr' id='par_1_91' title="bbox 1991 3071 3564 3146">
     <span class='ocr_line' id='line_1_91' title="bbox 1991 3071 3564 3146; baseline 0.001 -19"><span class='ocrx_word' id='word_1_712' title='bbox 1991 3087 2110 3127; x_wconf 91' lang='lat' dir='ltr'><strong>sum</strong></span> <span class='ocrx_word' id='word_1_713' title='bbox 2135 3073 2191 3127; x_wconf 90' lang='lat' dir='ltr'><strong>in</strong></span> <span class='ocrx_word' id='word_1_714' title='bbox 2207 3071 2461 3128; x_wconf 88' lang='lat' dir='ltr'><strong>homines</strong></span> <span class='ocrx_word' id='word_1_715' title='bbox 2473 3074 2878 3129; x_wconf 85' lang='lat' dir='ltr'><strong>conservandos</strong></span> <span class='ocrx_word' id='word_1_716' title='bbox 2900 3076 3164 3141; x_wconf 82' lang='lat' dir='ltr'><strong>studium,</strong></span> <span class='ocrx_word' id='word_1_717' title='bbox 3188 3085 3244 3130; x_wconf 91' lang='lat' dir='ltr'><strong>et</strong></span> <span class='ocrx_word' id='word_1_718' title='bbox 3265 3077 3318 3130; x_wconf 91' lang='lat' dir='ltr'><strong>in</strong></span> <span class='ocrx_word' id='word_1_719' title='bbox 3335 3092 3430 3131; x_wconf 91' lang='lat' dir='ltr'><strong>cos</strong></span> <span class='ocrx_word' id='word_1_720' title='bbox 3471 3077 3564 3146; x_wconf 93' lang='lat' dir='ltr'><strong>qui</strong></span> 
     </span>
    </p>
   </div>
   <div class='ocr_carea' id='block_1_92' title="bbox 1991 3162 3564 3235">
    <p class='ocr_par' dir='ltr' id='par_1_92' title="bbox 1991 3162 3564 3235">
     <span class='ocr_line' id='line_1_92' title="bbox 1991 3162 3564 3235; baseline 0.003 -18"><span class='ocrx_word' id='word_1_721' title='bbox 1991 3162 2252 3217; x_wconf 90' lang='lat' dir='ltr'><strong>societate</strong></span> <span class='ocrx_word' id='word_1_722' title='bbox 2287 3170 2500 3218; x_wconf 80' lang='lat' dir='ltr'><strong>naturae</strong></span> <span class='ocrx_word' id='word_1_723' title='bbox 2537 3163 2846 3218; x_wconf 87' lang='lat' dir='ltr'><strong>nobiscum-</strong></span> <span class='ocrx_word' id='word_1_724' title='bbox 2870 3166 3146 3235; x_wconf 81' lang='lat' dir='ltr'><strong>oonjuncti</strong></span> <span class='ocrx_word' id='word_1_725' title='bbox 3188 3175 3333 3231; x_wconf 86' lang='lat' dir='ltr'><strong>sunt,</strong></span> <span class='ocrx_word' id='word_1_726' title='bbox 3379 3167 3564 3222; x_wconf 89' lang='lat' dir='ltr'><strong>debita</strong></span> 
     </span>
    </p>
   </div>
   <div class='ocr_carea' id='block_1_93' title="bbox 1989 3252 3569 3324">
    <p class='ocr_par' dir='ltr' id='par_1_93' title="bbox 1989 3252 3569 3324">
     <span class='ocr_line' id='line_1_93' title="bbox 1989 3252 3569 3324; baseline 0.003 -18"><span class='ocrx_word' id='word_1_727' title='bbox 1989 3252 2195 3307; x_wconf 88' lang='lat' dir='ltr'><strong>amoris</strong></span> <span class='ocrx_word' id='word_1_728' title='bbox 2235 3253 2593 3308; x_wconf 83' lang='lat' dir='ltr'><strong>vicissitudo?</strong></span> <span class='ocrx_word' id='word_1_729' title='bbox 2629 3253 2820 3324; x_wconf 82' lang='lat' dir='ltr'><strong>Igitur,</strong></span> <span class='ocrx_word' id='word_1_730' title='bbox 2867 3254 3081 3312; x_wconf 85' lang='lat' dir='ltr'><strong>etiamsi</strong></span> <span class='ocrx_word' id='word_1_731' title='bbox 3123 3257 3378 3312; x_wconf 88' lang='lat' dir='ltr'><strong>inimicus</strong></span> <span class='ocrx_word' id='word_1_732' title='bbox 3418 3266 3569 3312; x_wconf 86' lang='lat' dir='ltr'><strong>erret</strong></span> 
     </span>
    </p>
   </div>
   <div class='ocr_carea' id='block_1_94' title="bbox 1987 3345 3567 3413">
    <p class='ocr_par' dir='ltr' id='par_1_94' title="bbox 1987 3345 3567 3413">
     <span class='ocr_line' id='line_1_94' title="bbox 1987 3345 3567 3413; baseline 0.001 -13"><span class='ocrx_word' id='word_1_733' title='bbox 1987 3345 2238 3410; x_wconf 88' lang='lat' dir='ltr'><strong>fortasse,</strong></span> <span class='ocrx_word' id='word_1_734' title='bbox 2263 3354 2479 3402; x_wconf 88' lang='lat' dir='ltr'><strong>rectum</strong></span> <span class='ocrx_word' id='word_1_735' title='bbox 2518 3345 2625 3401; x_wconf 91' lang='lat' dir='ltr'><strong>iter</strong></span> <span class='ocrx_word' id='word_1_736' title='bbox 2657 3345 2942 3412; x_wconf 82' lang='lat' dir='ltr'><strong>doceatur,</strong></span> <span class='ocrx_word' id='word_1_737' title='bbox 2967 3355 3042 3413; x_wconf 90' lang='lat' dir='ltr'><strong>et,</strong></span> <span class='ocrx_word' id='word_1_738' title='bbox 3081 3347 3244 3402; x_wconf 90' lang='lat' dir='ltr'><strong>nobis</strong></span> <span class='ocrx_word' id='word_1_739' title='bbox 3281 3363 3567 3403; x_wconf 84' lang='lat' dir='ltr'><strong>commou-</strong></span> 
     </span>
    </p>
   </div>
   <div class='ocr_carea' id='block_1_95' title="bbox 1986 3437 3569 3508">
    <p class='ocr_par' dir='ltr' id='par_1_95' title="bbox 1986 3437 3569 3508">
     <span class='ocr_line' id='line_1_95' title="bbox 1986 3437 3569 3508; baseline 0.001 -15"><span class='ocrx_word' id='word_1_740' title='bbox 1986 3437 2323 3503; x_wconf 85' lang='lat' dir='ltr'><strong>strantibus,</strong></span> <span class='ocrx_word' id='word_1_741' title='bbox 2367 3451 2436 3492; x_wconf 88' lang='lat' dir='ltr'><strong>eo</strong></span> <span class='ocrx_word' id='word_1_742' title='bbox 2477 3437 2666 3493; x_wconf 87' lang='lat' dir='ltr'><strong>tendat</strong></span> <span class='ocrx_word' id='word_1_743' title='bbox 2723 3453 2833 3508; x_wconf 89' lang='lat' dir='ltr'><strong>quo</strong></span> <span class='ocrx_word' id='word_1_744' title='bbox 2894 3438 3132 3508; x_wconf 85' lang='lat' dir='ltr'><strong>expedit.</strong></span> <span class='ocrx_word' id='word_1_745' title='bbox 3185 3437 3276 3493; x_wconf 91' lang='lat' dir='ltr'><strong>Sic</strong></span> <span class='ocrx_word' id='word_1_746' title='bbox 3313 3437 3569 3494; x_wconf 86' lang='lat' dir='ltr'><strong>Christus</strong></span> 
     </span>
    </p>
   </div>
   <div class='ocr_carea' id='block_1_96' title="bbox 1987 3528 3565 3600">
    <p class='ocr_par' dir='ltr' id='par_1_96' title="bbox 1987 3528 3565 3600">
     <span class='ocr_line' id='line_1_96' title="bbox 1987 3528 3565 3600; baseline 0.001 -17"><span class='ocrx_word' id='word_1_747' title='bbox 1987 3543 2206 3599; x_wconf 85' lang='lat' dir='ltr'><strong>quoque</strong></span> <span class='ocrx_word' id='word_1_748' title='bbox 2254 3529 2534 3599; x_wconf 89' lang='lat' dir='ltr'><strong>lapidibus</strong></span> <span class='ocrx_word' id='word_1_749' title='bbox 2574 3529 2796 3599; x_wconf 90' lang='lat' dir='ltr'><strong>quidem</strong></span> <span class='ocrx_word' id='word_1_750' title='bbox 2843 3529 3134 3600; x_wconf 88' lang='lat' dir='ltr'><strong>petebatur</strong></span> <span class='ocrx_word' id='word_1_751' title='bbox 3175 3528 3243 3584; x_wconf 90' lang='lat' dir='ltr'><strong>ab</strong></span> <span class='ocrx_word' id='word_1_752' title='bbox 3282 3529 3565 3597; x_wconf 74' lang='lat' dir='ltr'><strong>lsraelitis,</strong></span> 
     </span>
    </p>
   </div>
   <div class='ocr_carea' id='block_1_97' title="bbox 1986 3619 3562 3689">
    <p class='ocr_par' dir='ltr' id='par_1_97' title="bbox 1986 3619 3562 3689">
     <span class='ocr_line' id='line_1_97' title="bbox 1986 3619 3562 3689; baseline 0.001 -15"><span class='ocrx_word' id='word_1_753' title='bbox 1986 3627 2044 3674; x_wconf 91' lang='lat' dir='ltr'><strong>et</strong></span> <span class='ocrx_word' id='word_1_754' title='bbox 2069 3628 2251 3674; x_wconf 89' lang='lat' dir='ltr'><strong>tamen</strong></span> <span class='ocrx_word' id='word_1_755' title='bbox 2284 3634 2381 3674; x_wconf 86' lang='lat' dir='ltr'><strong>eos</strong></span> <span class='ocrx_word' id='word_1_756' title='bbox 2407 3619 2788 3689; x_wconf 88' lang='lat' dir='ltr'><strong>alloquebatur</strong></span> <span class='ocrx_word' id='word_1_757' title='bbox 2815 3637 2840 3673; x_wconf 87' lang='lat'><strong>:.</strong></span> <span class='ocrx_word' id='word_1_758' title='bbox 2865 3638 2885 3671; x_wconf 70' lang='grc' dir='ltr'><strong>ι</strong></span> <span class='ocrx_word' id='word_1_759' title='bbox 2932 3621 3070 3674; x_wconf 84' lang='lat' dir='ltr'><strong>Dum</strong></span> <span class='ocrx_word' id='word_1_760' title='bbox 3112 3620 3290 3674; x_wconf 82' lang='lat' dir='ltr'><strong>lucem</strong></span> <span class='ocrx_word' id='word_1_761' title='bbox 3328 3621 3562 3686; x_wconf 86' lang='lat' dir='ltr'><strong>habetis,</strong></span> 
     </span>
    </p>
   </div>
   <div class='ocr_carea' id='block_1_98' title="bbox 1987 3712 3558 3783">
    <p class='ocr_par' dir='ltr' id='par_1_98' title="bbox 1987 3712 3558 3783">
     <span class='ocr_line' id='line_1_98' title="bbox 1987 3712 3558 3783; baseline -0.001 -15"><span class='ocrx_word' id='word_1_762' title='bbox 1987 3713 2264 3769; x_wconf 85' lang='lat' dir='ltr'><strong>ambulate</strong></span> <span class='ocrx_word' id='word_1_763' title='bbox 2281 3713 2337 3768; x_wconf 86' lang='lat' dir='ltr'><strong>in</strong></span> <span class='ocrx_word' id='word_1_764' title='bbox 2355 3714 2499 3778; x_wconf 90' lang='lat' dir='ltr'><strong>luce,</strong></span> <span class='ocrx_word' id='word_1_765' title='bbox 2519 3729 2588 3768; x_wconf 91' lang='lat' dir='ltr'><strong>ne</strong></span> <span class='ocrx_word' id='word_1_766' title='bbox 2614 3712 2855 3768; x_wconf 65' lang='lat' dir='ltr'><strong>tenebrae</strong></span> <span class='ocrx_word' id='word_1_767' title='bbox 2877 3727 2973 3769; x_wconf 91' lang='lat' dir='ltr'><strong>vos</strong></span> <span class='ocrx_word' id='word_1_768' title='bbox 2989 3713 3512 3783; x_wconf 67' lang='lat' dir='ltr'><strong>comprehendant’.</strong></span> <span class='ocrx_word' id='word_1_769' title='bbox 3539 3733 3558 3766; x_wconf 85' lang='grc'><strong>›</strong></span> 
     </span>
    </p>
   </div>
   <div class='ocr_carea' id='block_1_99' title="bbox 1987 3804 3569 3875">
    <p class='ocr_par' dir='ltr' id='par_1_99' title="bbox 1987 3804 3569 3875">
     <span class='ocr_line' id='line_1_99' title="bbox 1987 3804 3569 3875; baseline -0.001 -14"><span class='ocrx_word' id='word_1_770' title='bbox 1987 3806 2075 3871; x_wconf 91' lang='lat' dir='ltr'><strong>Et,</strong></span> <span class='ocrx_word' id='word_1_771' title='bbox 2102 3805 2147 3861; x_wconf 90' lang='lat' dir='ltr'><strong>si</strong></span> <span class='ocrx_word' id='word_1_772' title='bbox 2181 3805 2303 3875; x_wconf 89' lang='lat' dir='ltr'><strong>quis</strong></span> <span class='ocrx_word' id='word_1_773' title='bbox 2337 3805 2595 3860; x_wconf 90' lang='lat' dir='ltr'><strong>inimicus</strong></span> <span class='ocrx_word' id='word_1_774' title='bbox 2622 3804 2808 3860; x_wconf 87' lang='lat' dir='ltr'><strong>labore</strong></span> <span class='ocrx_word' id='word_1_775' title='bbox 2833 3811 2892 3858; x_wconf 90' lang='lat' dir='ltr'><strong>et</strong></span> <span class='ocrx_word' id='word_1_776' title='bbox 2924 3805 3319 3861; x_wconf 88' lang='lat' dir='ltr'><strong>tentationibus</strong></span> <span class='ocrx_word' id='word_1_777' title='bbox 3342 3805 3569 3862; x_wconf 76' lang='lat' dir='ltr'><strong>afﬂicte-</strong></span> 
     </span>
    </p>
   </div>
   <div class='ocr_carea' id='block_1_100' title="bbox 1986 3896 3568 3968">
    <p class='ocr_par' dir='ltr' id='par_1_100' title="bbox 1986 3896 3568 3968">
     <span class='ocr_line' id='line_1_100' title="bbox 1986 3896 3568 3968; baseline 0.001 -16"><span class='ocrx_word' id='word_1_778' title='bbox 1986 3906 2096 3962; x_wconf 90' lang='lat' dir='ltr'><strong>tur,</strong></span> <span class='ocrx_word' id='word_1_779' title='bbox 2124 3913 2188 3952; x_wconf 88' lang='lat' dir='ltr'><strong>ac</strong></span> <span class='ocrx_word' id='word_1_780' title='bbox 2217 3898 2368 3952; x_wconf 89' lang='lat' dir='ltr'><strong>velut</strong></span> <span class='ocrx_word' id='word_1_781' title='bbox 2391 3897 2546 3952; x_wconf 90' lang='lat' dir='ltr'><strong>humi</strong></span> <span class='ocrx_word' id='word_1_782' title='bbox 2569 3904 2874 3967; x_wconf 89' lang='lat' dir='ltr'><strong>prostratus</strong></span> <span class='ocrx_word' id='word_1_783' title='bbox 2893 3896 3092 3966; x_wconf 88' lang='lat' dir='ltr'><strong>jaceat,</strong></span> <span class='ocrx_word' id='word_1_784' title='bbox 3122 3905 3179 3951; x_wconf 89' lang='lat' dir='ltr'><strong>et</strong></span> <span class='ocrx_word' id='word_1_785' title='bbox 3200 3898 3352 3968; x_wconf 88' lang='lat' dir='ltr'><strong>gravi</strong></span> <span class='ocrx_word' id='word_1_786' title='bbox 3376 3913 3568 3953; x_wconf 86' lang='lat' dir='ltr'><strong>neces-</strong></span> 
     </span>
    </p>
   </div>
   <div class='ocr_carea' id='block_1_101' title="bbox 1989 3985 3566 4065">
    <p class='ocr_par' dir='ltr' id='par_1_101' title="bbox 1989 3985 3566 4065">
     <span class='ocr_line' id='line_1_101' title="bbox 1989 3985 3566 4065; baseline 0.001 -23"><span class='ocrx_word' id='word_1_787' title='bbox 1989 3988 2148 4043; x_wconf 89' lang='lat' dir='ltr'><strong>sitate</strong></span> <span class='ocrx_word' id='word_1_788' title='bbox 2183 3995 2488 4058; x_wconf 88' lang='lat' dir='ltr'><strong>prematur,</strong></span> <span class='ocrx_word' id='word_1_789' title='bbox 2518 3986 2856 4051; x_wconf 89' lang='lat' dir='ltr'><strong>sublevetur,</strong></span> <span class='ocrx_word' id='word_1_790' title='bbox 2885 3985 3086 4056; x_wconf 88' lang='lat' dir='ltr'><strong>inquit,</strong></span> <span class='ocrx_word' id='word_1_791' title='bbox 3110 4003 3144 4065; x_wconf 62' lang='grc' dir='ltr'><strong>ιι</strong></span> <span class='ocrx_word' id='word_1_792' title='bbox 3177 3988 3364 4053; x_wconf 90' lang='lat' dir='ltr'><strong>vobis;</strong></span> <span class='ocrx_word' id='word_1_793' title='bbox 3393 3997 3448 4042; x_wconf 92' lang='lat' dir='ltr'><strong>et</strong></span> <span class='ocrx_word' id='word_1_794' title='bbox 3471 3994 3566 4056; x_wconf 86' lang='lat' dir='ltr'><strong>qui</strong></span> 
     </span>
    </p>
   </div>
   <div class='ocr_carea' id='block_1_102' title="bbox 1988 4077 3567 4145">
    <p class='ocr_par' dir='ltr' id='par_1_102' title="bbox 1988 4077 3567 4145">
     <span class='ocr_line' id='line_1_102' title="bbox 1988 4077 3567 4145; baseline 0 -13"><span class='ocrx_word' id='word_1_795' title='bbox 1988 4078 2309 4145; x_wconf 80' lang='lat' dir='ltr'><strong>dissidebat,</strong></span> <span class='ocrx_word' id='word_1_796' title='bbox 2328 4079 2511 4133; x_wconf 91' lang='lat' dir='ltr'><strong>vincat</strong></span> <span class='ocrx_word' id='word_1_797' title='bbox 2531 4077 2851 4134; x_wconf 74' lang='lat' dir='ltr'><strong>offensionis</strong></span> <span class='ocrx_word' id='word_1_798' title='bbox 2883 4077 3225 4132; x_wconf 88' lang='lat' dir='ltr'><strong>memoriam.</strong></span> <span class='ocrx_word' id='word_1_799' title='bbox 3248 4077 3440 4131; x_wconf 85' lang='lat' dir='ltr'><strong>Annon</strong></span> <span class='ocrx_word' id='word_1_800' title='bbox 3462 4079 3567 4132; x_wconf 92' lang='lat' dir='ltr'><strong>hoc</strong></span> 
     </span>
    </p>
   </div>
   <div class='ocr_carea' id='block_1_103' title="bbox 1989 4168 3568 4240">
    <p class='ocr_par' dir='ltr' id='par_1_103' title="bbox 1989 4168 3568 4240">
     <span class='ocr_line' id='line_1_103' title="bbox 1989 4168 3568 4240; baseline 0 -16"><span class='ocrx_word' id='word_1_801' title='bbox 1989 4171 2124 4225; x_wconf 89' lang='lat' dir='ltr'><strong>illud</strong></span> <span class='ocrx_word' id='word_1_802' title='bbox 2146 4179 2231 4226; x_wconf 91' lang='lat' dir='ltr'><strong>est</strong></span> <span class='ocrx_word' id='word_1_803' title='bbox 2257 4188 2270 4224; x_wconf 91' lang='lat'>:</span> <span class='ocrx_word' id='word_1_804' title='bbox 2305 4190 2323 4222; x_wconf 85' lang='grc'>‹</span> <span class='ocrx_word' id='word_1_805' title='bbox 2357 4169 2668 4225; x_wconf 87' lang='lat' dir='ltr'><strong>Benefacite</strong></span> <span class='ocrx_word' id='word_1_806' title='bbox 2692 4168 2930 4225; x_wconf 90' lang='lat' dir='ltr'><strong>inimicis</strong></span> <span class='ocrx_word' id='word_1_807' title='bbox 2949 4169 3172 4234; x_wconf 89' lang='lat' dir='ltr'><strong>vestris,</strong></span> <span class='ocrx_word' id='word_1_808' title='bbox 3209 4176 3266 4223; x_wconf 90' lang='lat' dir='ltr'><strong>et</strong></span> <span class='ocrx_word' id='word_1_809' title='bbox 3288 4175 3442 4224; x_wconf 89' lang='lat' dir='ltr'><strong>orate</strong></span> <span class='ocrx_word' id='word_1_810' title='bbox 3464 4185 3568 4240; x_wconf 90' lang='lat' dir='ltr'><strong>pro</strong></span> 
     </span>
    </p>
   </div>
   <div class='ocr_carea' id='block_1_104' title="bbox 1988 4259 2689 4331">
    <p class='ocr_par' dir='ltr' id='par_1_104' title="bbox 1988 4259 2689 4331">
     <span class='ocr_line' id='line_1_104' title="bbox 1988 4259 2689 4331; baseline -0.01 -15"><span class='ocrx_word' id='word_1_811' title='bbox 1988 4260 2446 4331; x_wconf 89' lang='lat' dir='ltr'><strong>persequentibus</strong></span> <span class='ocrx_word' id='word_1_812' title='bbox 2467 4259 2641 4314; x_wconf 64' lang='lat' dir='ltr'><strong>vos“?</strong></span> <span class='ocrx_word' id='word_1_813' title='bbox 2671 4277 2689 4309; x_wconf 77' lang='grc' dir='ltr'><strong>ι</strong></span> 
     </span>
    </p>
   </div>
   <div class='ocr_carea' id='block_1_105' title="bbox 1922 4437 2705 4519">
    <p class='ocr_par' dir='ltr' id='par_1_105' title="bbox 1922 4437 2705 4519">
     <span class='ocr_line' id='line_1_105' title="bbox 1922 4437 2705 4519; baseline -0.005 -25"><span class='ocrx_word' id='word_1_814' title='bbox 1922 4465 1966 4519; x_wconf 78' lang='lat' dir='ltr'><strong>D</strong></span> <span class='ocrx_word' id='word_1_815' title='bbox 2064 4438 2259 4499; x_wconf 69' lang='lat' dir='ltr'><strong>PALL.</strong></span> <span class='ocrx_word' id='word_1_816' title='bbox 2287 4437 2500 4507; x_wconf 87' lang='lat' dir='ltr'><strong>Optime</strong></span> <span class='ocrx_word' id='word_1_817' title='bbox 2530 4437 2705 4492; x_wconf 89' lang='lat' dir='ltr'><strong>dicis..</strong></span> 
     </span>
    </p>
   </div>
   <div class='ocr_carea' id='block_1_106' title="bbox 2061 4510 3600 4597">
    <p class='ocr_par' dir='ltr' id='par_1_106' title="bbox 2061 4510 3600 4597">
     <span class='ocr_line' id='line_1_106' title="bbox 2061 4510 3600 4597; baseline -0.001 -14"><span class='ocrx_word' id='word_1_818' title='bbox 2061 4527 2220 4583; x_wconf 86' lang='lat' dir='ltr'><strong>CYR.</strong></span> <span class='ocrx_word' id='word_1_819' title='bbox 2250 4528 2417 4582; x_wconf 89' lang='lat' dir='ltr'><strong>Decet</strong></span> <span class='ocrx_word' id='word_1_820' title='bbox 2439 4527 2604 4597; x_wconf 86' lang='lat' dir='ltr'><strong>igitur</strong></span> <span class='ocrx_word' id='word_1_821' title='bbox 2627 4531 2846 4580; x_wconf 89' lang='lat' dir='ltr'><strong>sanctos</strong></span> <span class='ocrx_word' id='word_1_822' title='bbox 2870 4524 3018 4580; x_wconf 90' lang='lat' dir='ltr'><strong>viros</strong></span> <span class='ocrx_word' id='word_1_823' title='bbox 3040 4523 3416 4581; x_wconf 84' lang='lat' dir='ltr'><strong>laborantibus</strong></span> <span class='ocrx_word' id='word_1_824' title='bbox 3437 4510 3600 4582; x_wconf 48' lang='lat' dir='ltr'><strong>com.</strong></span> 
     </span>
    </p>
   </div>
   <div class='ocr_carea' id='block_1_107' title="bbox 1993 4615 3568 4687">
    <p class='ocr_par' dir='ltr' id='par_1_107' title="bbox 1993 4615 3568 4687">
     <span class='ocr_line' id='line_1_107' title="bbox 1993 4615 3568 4687; baseline 0.001 -15"><span class='ocrx_word' id='word_1_825' title='bbox 1993 4616 2210 4683; x_wconf 90' lang='lat' dir='ltr'><strong>dolere;</strong></span> <span class='ocrx_word' id='word_1_826' title='bbox 2239 4632 2418 4687; x_wconf 88' lang='lat' dir='ltr'><strong>neque</strong></span> <span class='ocrx_word' id='word_1_827' title='bbox 2440 4632 2505 4671; x_wconf 90' lang='lat' dir='ltr'><strong>ea</strong></span> <span class='ocrx_word' id='word_1_828' title='bbox 2533 4616 2650 4686; x_wconf 89' lang='lat' dir='ltr'><strong>ipsa</strong></span> <span class='ocrx_word' id='word_1_829' title='bbox 2672 4623 2897 4686; x_wconf 88' lang='lat' dir='ltr'><strong>propter</strong></span> <span class='ocrx_word' id='word_1_830' title='bbox 2919 4631 3040 4684; x_wconf 68' lang='lat' dir='ltr'><strong>qua:</strong></span> <span class='ocrx_word' id='word_1_831' title='bbox 3063 4615 3355 4671; x_wconf 87' lang='lat' dir='ltr'><strong>miserandi</strong></span> <span class='ocrx_word' id='word_1_832' title='bbox 3382 4617 3568 4687; x_wconf 90' lang='lat' dir='ltr'><strong>potius</strong></span> 
     </span>
    </p>
   </div>
   <div class='ocr_carea' id='block_1_108' title="bbox 1992 4705 3566 4776">
    <p class='ocr_par' dir='ltr' id='par_1_108' title="bbox 1992 4705 3566 4776">
     <span class='ocr_line' id='line_1_108' title="bbox 1992 4705 3566 4776; baseline 0.002 -15"><span class='ocrx_word' id='word_1_833' title='bbox 1992 4715 2170 4773; x_wconf 90' lang='lat' dir='ltr'><strong>erant,</strong></span> <span class='ocrx_word' id='word_1_834' title='bbox 2215 4706 2283 4762; x_wconf 87' lang='lat' dir='ltr'><strong>ad</strong></span> <span class='ocrx_word' id='word_1_835' title='bbox 2325 4706 2672 4761; x_wconf 88' lang='lat' dir='ltr'><strong>occasionem</strong></span> <span class='ocrx_word' id='word_1_836' title='bbox 2721 4705 2934 4776; x_wconf 73' lang='lat' dir='ltr'><strong>injuriae</strong></span> <span class='ocrx_word' id='word_1_837' title='bbox 2970 4712 3134 4775; x_wconf 87' lang='lat' dir='ltr'><strong>atque</strong></span> <span class='ocrx_word' id='word_1_838' title='bbox 3170 4706 3475 4766; x_wconf 59' lang='lat' dir='ltr'><strong>insolentia}</strong></span> <span class='ocrx_word' id='word_1_839' title='bbox 3509 4709 3566 4764; x_wconf 87' lang='lat' dir='ltr'><strong>in</strong></span> 
     </span>
    </p>
   </div>
   <div class='ocr_carea' id='block_1_109' title="bbox 1993 4796 3566 4862">
    <p class='ocr_par' dir='ltr' id='par_1_109' title="bbox 1993 4796 3566 4862">
     <span class='ocr_line' id='line_1_109' title="bbox 1993 4796 3566 4862; baseline 0.001 -8"><span class='ocrx_word' id='word_1_840' title='bbox 1993 4814 2089 4854; x_wconf 87' lang='lat' dir='ltr'><strong>eos</strong></span> <span class='ocrx_word' id='word_1_841' title='bbox 2111 4797 2428 4853; x_wconf 82' lang='lat' dir='ltr'><strong>exercendae</strong></span> <span class='ocrx_word' id='word_1_842' title='bbox 2452 4804 2792 4862; x_wconf 87' lang='lat' dir='ltr'><strong>convertere,</strong></span> <span class='ocrx_word' id='word_1_843' title='bbox 2819 4796 2876 4850; x_wconf 91' lang='lat' dir='ltr'><strong>in</strong></span> <span class='ocrx_word' id='word_1_844' title='bbox 2904 4811 3094 4851; x_wconf 89' lang='lat' dir='ltr'><strong>eorum</strong></span> <span class='ocrx_word' id='word_1_845' title='bbox 3131 4796 3380 4853; x_wconf 89' lang='lat' dir='ltr'><strong>miserias</strong></span> <span class='ocrx_word' id='word_1_846' title='bbox 3411 4798 3566 4855; x_wconf 87' lang='lat' dir='ltr'><strong>insu-</strong></span> 
     </span>
    </p>
   </div>
   <div class='ocr_carea' id='block_1_110' title="bbox 1994 4888 3566 4961">
    <p class='ocr_par' dir='ltr' id='par_1_110' title="bbox 1994 4888 3566 4961">
     <span class='ocr_line' id='line_1_110' title="bbox 1994 4888 3566 4961; baseline -0.001 -15"><span class='ocrx_word' id='word_1_847' title='bbox 1994 4906 2094 4961; x_wconf 89' lang='lat' dir='ltr'><strong>per</strong></span> <span class='ocrx_word' id='word_1_848' title='bbox 2144 4890 2469 4945; x_wconf 86' lang='lat' dir='ltr'><strong>insultantes</strong></span> <span class='ocrx_word' id='word_1_849' title='bbox 2500 4896 2556 4942; x_wconf 90' lang='lat' dir='ltr'><strong>et</strong></span> <span class='ocrx_word' id='word_1_850' title='bbox 2598 4888 2954 4955; x_wconf 72' lang='lat' dir='ltr'><strong>invehentes;</strong></span> <span class='ocrx_word' id='word_1_851' title='bbox 2980 4889 3113 4958; x_wconf 85' lang='lat' dir='ltr'><strong>quin</strong></span> <span class='ocrx_word' id='word_1_852' title='bbox 3143 4890 3306 4944; x_wconf 85' lang='lat' dir='ltr'><strong>etiam</strong></span> <span class='ocrx_word' id='word_1_853' title='bbox 3340 4891 3385 4946; x_wconf 90' lang='lat' dir='ltr'><strong>si</strong></span> <span class='ocrx_word' id='word_1_854' title='bbox 3424 4892 3566 4947; x_wconf 89' lang='lat' dir='ltr'><strong>clam</strong></span> 
     </span>
    </p>
   </div>
   <div class='ocr_carea' id='block_1_111' title="bbox 1991 4979 3564 5052">
    <p class='ocr_par' dir='ltr' id='par_1_111' title="bbox 1991 4979 3564 5052">
     <span class='ocr_line' id='line_1_111' title="bbox 1991 4979 3564 5052; baseline 0.002 -17"><span class='ocrx_word' id='word_1_855' title='bbox 1991 4982 2269 5036; x_wconf 90' lang='lat' dir='ltr'><strong>insidiosis</strong></span> <span class='ocrx_word' id='word_1_856' title='bbox 2291 4980 2598 5036; x_wconf 84' lang='lat' dir='ltr'><strong>illismodis</strong></span> <span class='ocrx_word' id='word_1_857' title='bbox 2620 4979 2700 5035; x_wconf 92' lang='lat' dir='ltr'><strong>uti</strong></span> <span class='ocrx_word' id='word_1_858' title='bbox 2722 4980 2992 5050; x_wconf 89' lang='lat' dir='ltr'><strong>quispiam</strong></span> <span class='ocrx_word' id='word_1_859' title='bbox 3009 4981 3164 5037; x_wconf 85' lang='lat' dir='ltr'><strong>facile</strong></span> <span class='ocrx_word' id='word_1_860' title='bbox 3185 4982 3564 5052; x_wconf 87' lang='lat' dir='ltr'><strong>possit,tamen</strong></span> 
     </span>
    </p>
   </div>
   <div class='ocr_carea' id='block_1_112' title="bbox 1989 5072 3562 5144">
    <p class='ocr_par' dir='ltr' id='par_1_112' title="bbox 1989 5072 3562 5144">
     <span class='ocr_line' id='line_1_112' title="bbox 1989 5072 3562 5144; baseline 0 -15"><span class='ocrx_word' id='word_1_861' title='bbox 1989 5074 2058 5129; x_wconf 88' lang='lat' dir='ltr'><strong>ab</strong></span> <span class='ocrx_word' id='word_1_862' title='bbox 2085 5072 2396 5144; x_wconf 88' lang='lat' dir='ltr'><strong>hujusmodi</strong></span> <span class='ocrx_word' id='word_1_863' title='bbox 2422 5072 2758 5144; x_wconf 88' lang='lat' dir='ltr'><strong>malignitate</strong></span> <span class='ocrx_word' id='word_1_864' title='bbox 2784 5073 3172 5128; x_wconf 87' lang='lat' dir='ltr'><strong>abstinendum</strong></span> <span class='ocrx_word' id='word_1_865' title='bbox 3200 5088 3341 5136; x_wconf 91' lang='lat' dir='ltr'><strong>esse,</strong></span> <span class='ocrx_word' id='word_1_866' title='bbox 3367 5073 3562 5142; x_wconf 80' lang='lat' dir='ltr'><strong>lex-ju-</strong></span> 
     </span>
    </p>
   </div>
   <div class='ocr_carea' id='block_1_113' title="bbox 1989 5165 3561 5234">
    <p class='ocr_par' dir='ltr' id='par_1_113' title="bbox 1989 5165 3561 5234">
     <span class='ocr_line' id='line_1_113' title="bbox 1989 5165 3561 5234; baseline -0.003 -11"><span class='ocrx_word' id='word_1_867' title='bbox 1989 5168 2116 5223; x_wconf 87' lang='lat' dir='ltr'><strong>bet:</strong></span> <span class='ocrx_word' id='word_1_868' title='bbox 2143 5165 2222 5220; x_wconf 89' lang='lat' dir='ltr'><strong>ait</strong></span> <span class='ocrx_word' id='word_1_869' title='bbox 2244 5165 2391 5220; x_wconf 91' lang='lat' dir='ltr'><strong>enim</strong></span> <span class='ocrx_word' id='word_1_870' title='bbox 2415 5181 2643 5221; x_wconf 89' lang='lat' dir='ltr'><strong>rursus:</strong></span> <span class='ocrx_word' id='word_1_871' title='bbox 2677 5185 2695 5216; x_wconf 87' lang='grc'><em>‹</em></span> <span class='ocrx_word' id='word_1_872' title='bbox 2720 5167 2838 5221; x_wconf 83' lang='lat' dir='ltr'><strong>Non</strong></span> <span class='ocrx_word' id='word_1_873' title='bbox 2862 5166 3155 5220; x_wconf 89' lang='lat' dir='ltr'><strong>maledices</strong></span> <span class='ocrx_word' id='word_1_874' title='bbox 3171 5165 3358 5229; x_wconf 91' lang='lat' dir='ltr'><strong>surdo,</strong></span> <span class='ocrx_word' id='word_1_875' title='bbox 3383 5179 3561 5234; x_wconf 89' lang='lat' dir='ltr'><strong>neque</strong></span> 
     </span>
    </p>
   </div>
   <div class='ocr_carea' id='block_1_114' title="bbox 1988 5256 3561 5328">
    <p class='ocr_par' dir='ltr' id='par_1_114' title="bbox 1988 5256 3561 5328">
     <span class='ocr_line' id='line_1_114' title="bbox 1988 5256 3561 5328; baseline -0.003 -12"><span class='ocrx_word' id='word_1_876' title='bbox 1988 5276 2170 5317; x_wconf 89' lang='lat' dir='ltr'><strong>coram</strong></span> <span class='ocrx_word' id='word_1_877' title='bbox 2196 5273 2350 5315; x_wconf 85' lang='lat' dir='ltr'><strong>caeco</strong></span> <span class='ocrx_word' id='word_1_878' title='bbox 2361 5273 2532 5328; x_wconf 81' lang='lat' dir='ltr'><strong>pones</strong></span> <span class='ocrx_word' id='word_1_879' title='bbox 2554 5257 2944 5313; x_wconf 82' lang='lat' dir='ltr'><strong>offendiculum</strong></span> <span class='ocrx_word' id='word_1_880' title='bbox 2972 5258 3012 5312; x_wconf 78' lang='lat'><strong>&#39;.</strong></span> <span class='ocrx_word' id='word_1_881' title='bbox 3053 5277 3070 5308; x_wconf 76' lang='grc' dir='ltr'><strong>ι</strong></span> <span class='ocrx_word' id='word_1_882' title='bbox 3099 5256 3265 5325; x_wconf 83' lang='lat' dir='ltr'><strong>Atqui</strong></span> <span class='ocrx_word' id='word_1_883' title='bbox 3287 5257 3561 5325; x_wconf 89' lang='lat' dir='ltr'><strong>quomodo</strong></span> 
     </span>
    </p>
   </div>
   <div class='ocr_carea' id='block_1_115' title="bbox 1986 5347 3560 5420">
    <p class='ocr_par' dir='ltr' id='par_1_115' title="bbox 1986 5347 3560 5420">
     <span class='ocr_line' id='line_1_115' title="bbox 1986 5347 3560 5420; baseline -0.001 -15"><span class='ocrx_word' id='word_1_884' title='bbox 1986 5367 2096 5406; x_wconf 89' lang='lat' dir='ltr'><strong>non</strong></span> <span class='ocrx_word' id='word_1_885' title='bbox 2120 5350 2467 5420; x_wconf 81' lang='lat' dir='ltr'><strong>praestantius</strong></span> <span class='ocrx_word' id='word_1_886' title='bbox 2487 5359 2590 5415; x_wconf 88' lang='lat' dir='ltr'><strong>est,</strong></span> <span class='ocrx_word' id='word_1_887' title='bbox 2621 5358 2677 5404; x_wconf 91' lang='lat' dir='ltr'><strong>et</strong></span> <span class='ocrx_word' id='word_1_888' title='bbox 2697 5349 2885 5419; x_wconf 90' lang='lat' dir='ltr'><strong>probis</strong></span> <span class='ocrx_word' id='word_1_889' title='bbox 2911 5347 3228 5403; x_wconf 86' lang='lat' dir='ltr'><strong>hominibus</strong></span> <span class='ocrx_word' id='word_1_890' title='bbox 3249 5362 3560 5417; x_wconf 88' lang='lat' dir='ltr'><strong>congruen-</strong></span> 
     </span>
    </p>
   </div>
   <div class='ocr_carea' id='block_1_116' title="bbox 1990 5439 3561 5511">
    <p class='ocr_par' dir='ltr' id='par_1_116' title="bbox 1990 5439 3561 5511">
     <span class='ocr_line' id='line_1_116' title="bbox 1990 5439 3561 5511; baseline 0.001 -16"><span class='ocrx_word' id='word_1_891' title='bbox 1990 5442 2118 5506; x_wconf 88' lang='lat' dir='ltr'><strong>tius,</strong></span> <span class='ocrx_word' id='word_1_892' title='bbox 2144 5440 2199 5494; x_wconf 90' lang='lat' dir='ltr'><strong>in</strong></span> <span class='ocrx_word' id='word_1_893' title='bbox 2221 5441 2409 5511; x_wconf 80' lang='lat' dir='ltr'><strong>lingua</strong></span> <span class='ocrx_word' id='word_1_894' title='bbox 2432 5441 2647 5495; x_wconf 83' lang='lat' dir='ltr'><strong>frenum</strong></span> <span class='ocrx_word' id='word_1_895' title='bbox 2671 5439 2892 5502; x_wconf 90' lang='lat' dir='ltr'><strong>habere,</strong></span> <span class='ocrx_word' id='word_1_896' title='bbox 2917 5445 3081 5507; x_wconf 90' lang='lat' dir='ltr'><strong>atque</strong></span> <span class='ocrx_word' id='word_1_897' title='bbox 3115 5451 3330 5503; x_wconf 91' lang='lat' dir='ltr'><strong>cavere,</strong></span> <span class='ocrx_word' id='word_1_898' title='bbox 3355 5453 3424 5493; x_wconf 91' lang='lat' dir='ltr'><strong>ne</strong></span> <span class='ocrx_word' id='word_1_899' title='bbox 3447 5453 3561 5496; x_wconf 67' lang='lat' dir='ltr'><strong>ma-</strong></span> 
     </span>
    </p>
   </div>
   <div class='ocr_carea' id='block_1_117' title="bbox 988 5627 2530 5696">
    <p class='ocr_par' dir='ltr' id='par_1_117' title="bbox 988 5627 2530 5696">
     <span class='ocr_line' id='line_1_117' title="bbox 988 5627 2530 5696; baseline -0.003 -12"><span class='ocrx_word' id='word_1_900' title='bbox 988 5631 1007 5660; x_wconf 90' lang='grc'><strong>⁷</strong></span> <span class='ocrx_word' id='word_1_901' title='bbox 1041 5631 1197 5684; x_wconf 81' lang='lat' dir='ltr'><strong>Joan.</strong></span> <span class='ocrx_word' id='word_1_902' title='bbox 1232 5644 1324 5694; x_wconf 74' lang='lat' dir='ltr'><strong>xu,</strong></span> <span class='ocrx_word' id='word_1_903' title='bbox 1368 5627 1454 5683; x_wconf 77' lang='lat'><strong>35.</strong></span> <span class='ocrx_word' id='word_1_904' title='bbox 1527 5629 1548 5660; x_wconf 81' lang='grc'>⁸</span> <span class='ocrx_word' id='word_1_905' title='bbox 1575 5627 1764 5683; x_wconf 84' lang='lat' dir='ltr'><strong>Matth.</strong></span> <span class='ocrx_word' id='word_1_906' title='bbox 1798 5629 1851 5696; x_wconf 83' lang='grc'>5,</span> <span class='ocrx_word' id='word_1_907' title='bbox 1886 5629 1972 5684; x_wconf 68' lang='grc'><strong>44.</strong></span> <span class='ocrx_word' id='word_1_908' title='bbox 2055 5631 2073 5660; x_wconf 82' lang='grc'>⁹</span> <span class='ocrx_word' id='word_1_909' title='bbox 2099 5630 2276 5685; x_wconf 86' lang='lat' dir='ltr'><strong>Levit.</strong></span> <span class='ocrx_word' id='word_1_910' title='bbox 2307 5645 2414 5694; x_wconf 76' lang='lat' dir='ltr'><strong>Xix,</strong></span> <span class='ocrx_word' id='word_1_911' title='bbox 2447 5629 2530 5682; x_wconf 73' lang='lat' dir='ltr'><strong>M.</strong></span> 
     </span>
    </p>
   </div>
   <div class='ocr_carea' id='block_1_118' title="bbox 2065 5735 3067 5815">
    <p class='ocr_par' dir='ltr' id='par_1_118' title="bbox 2065 5735 3067 5815">
     <span class='ocr_line' id='line_1_118' title="bbox 2065 5735 3067 5815; baseline -0.009 -19"><span class='ocrx_word' id='word_1_912' title='bbox 2065 5743 2140 5815; x_wconf 71' lang='grc'><strong>(2)</strong></span> <span class='ocrx_word' id='word_1_913' title='bbox 2169 5744 2319 5800; x_wconf 88' lang='lat' dir='ltr'><strong>ldcm</strong></span> <span class='ocrx_word' id='word_1_914' title='bbox 2350 5742 2469 5798; x_wconf 82' lang='lat' dir='ltr'><strong>cod.</strong></span> <span class='ocrx_word' id='word_1_915' title='bbox 2507 5741 2707 5798; x_wconf 78' lang='lat' dir='ltr'><strong>omittit</strong></span> <span class='ocrx_word' id='word_1_916' title='bbox 2739 5739 2764 5790; x_wconf 79' lang='grc' dir='ltr'>ὁ</span> <span class='ocrx_word' id='word_1_917' title='bbox 2795 5735 3067 5806; x_wconf 78' lang='grc' dir='ltr'>διάφορος.</span> 
     </span>
    </p>
   </div>
  </div>
