4142 6296
581 334 691 391 565
1610 323 1664 380 S.
1707 323 1982 380 CYRILLI
2021 323 2489 380 ALEXANDRINI
2528 324 2846 380 ARCHIEP.
3739 321 3841 378 564

585 443 848 498 ledictum
884 439 941 494 in
977 436 1227 508 quamvis
1252 451 1388 500 rem,
1422 434 1533 490 imo
1555 450 1690 489 vero
1712 435 1965 505 quemvis
1989 435 2170 491 homi-
2201 440 2221 497 Α

2213 439 2247 497 Α
2275 436 2490 507 γλώττῃ
2511 477 2524 501 ,
2559 438 2653 490 καὶ
2695 438 2794 506 τὴν
2843 437 2929 506 ἐφ’
2966 431 3166 506 ὁτῳοῦν
3191 472 3204 498 ,
3250 431 3452 502 μᾶλλον
3481 430 3539 484 δὲ
3579 431 3849 508 ἀνθρώπῳ

587 547 714 586 nem
743 527 1012 600 jactetur?
1045 525 1226 580 Nolite
1266 524 1578 588 detrahere,
1616 522 1817 578 fratres
1852 523 1982 588 mei,
2024 523 2166 577 invi-

2275 528 2436 582 παντὶ
2452 527 2834 598 παραιτεῖσθαι
2851 526 3212 599 κατάρρησινς
3238 523 3330 594 Μὴ
3349 523 3700 577 καταλαλεῖτε
3720 525 3845 598 γὰρ,

589 636 728 685 cem,
790 617 970 688 inquit
1015 617 1108 671 ille
1165 615 1466 670 Salvatoris
1524 613 1700 668 nostri
1763 613 2068 684 discipulus
2102 614 2164 668 ⁸ο.

2275 619 2460 690 φησιν,
2481 618 2696 686 ἀδελφοί
2719 635 2840 688 μου,
2861 617 3127 687 ἀλλήλων,
3147 613 3242 668 τοῦ
3259 615 3510 684 Σωτῆρος
3529 615 3558 668 δ
3583 615 3845 687 μαθητής,

469 732 477 739 ’
585 710 744 765 Nunc
776 717 961 764 autem
985 709 1075 763 lex
1104 707 1283 777 inquit
1324 725 1338 760 :
1373 725 1390 758 ‹
1436 706 1557 761 Non
1596 705 1890 761 maledices
1915 705 2105 771 surdo;

2273 709 2389 763 Νῦν
2418 709 2476 764 δέ
2501 726 2663 780 φησιν
2686 711 2714 762 ὁ
2735 709 2918 778 νόμος·
2948 726 2968 759 ι
2995 707 3069 761 Οὐ
3095 705 3282 768 κακῶς
3315 705 3462 774 ὲρεῖς
3497 704 3701 774 κωφὸν,
3732 725 3751 757 ι
3783 707 3847 760 δι’

587 800 847 855 nimirum
875 815 974 870 per
1005 797 1236 870 aenigma
1274 797 1579 868 significare
1618 796 1828 860 volens,
1854 796 2171 852 hominibus

2276 802 2616 871 αἰνίγματος,
2643 794 2798 870 οἶμαί
2817 815 2918 852 που
2937 839 2954 864 ,
2976 796 3414 866 κατασημαίνειν
3438 794 3639 849 ὲθὲλων
3659 796 3720 848 τὺ
3740 797 3850 851 δεῖν

587 908 720 948 sane
742 892 929 962 probis
948 907 1069 948 esse
1095 890 1407 946 necessario
1447 889 1517 944 ab
1546 888 1831 944 inferenda
1857 888 2059 959 injuria
2081 887 2168 942 fu-

2276 891 2594 959 ἀναγκαίως
2631 889 2757 953 τούς
2785 906 2850 958 γε
2877 889 2952 952 ὡς
2986 889 3202 959 ἀληθῶς
3227 889 3490 950 ἐπιεικεῖς
3516 886 3606 941 τδν
3631 889 3852 957 τρόπον,

589 985 848 1057 giendum
891 1003 905 1038 :
938 984 1155 1040 etiamsi
1185 983 1409 1052 quidam
1455 981 1724 1052 ejusmodi
1767 982 1897 1046 sint,
1931 990 1991 1035 ut
2018 981 2172 1036 nullo

2275 984 2576 1055 ἀποφοιτᾷν
2592 983 2824 1046 ἀδικίας,
2853 981 2956 1036 κᾶν
2978 983 3026 1038 εί
3051 981 3112 1035 τὺ
3135 979 3329 1033 παθεῖν
3349 979 3581 1049 ἑτοίμως
3594 978 3853 1032 δύνασθαι

589 1075 811 1146 negotio
853 1074 936 1130 eis
975 1073 1168 1129 inferri
1201 1072 1377 1142 possit
1421 1089 1434 1125 :
1471 1071 1673 1126 surdus
1715 1071 1864 1126 enim
1906 1079 1963 1126 et
1995 1085 2172 1126 caecus

2279 1073 2557 1144 συμϐαίνῃ
2583 1075 2726 1126 τισί·
2759 1072 2943 1142 κωφὸς
2975 1073 3075 1143 μὲν
3108 1072 3216 1142 γὰρ
3240 1071 3272 1140 ἢ
3295 1071 3516 1140 τυφλὸς,
3545 1071 3856 1140 ἀρρωστίας

589 1182 702 1220 non
731 1175 859 1221 sunt
901 1181 932 1220 a
969 1165 1163 1220 morbo
1187 1163 1383 1229 liberi;
1415 1163 1667 1218 laborant
1693 1161 1894 1234 quippe
1921 1160 2174 1233 corporis

2276 1166 2377 1217 οὑκ
2421 1163 2728 1233 ἐλεύθερον
2783 1163 3002 1217 νοσοῦσι
3045 1161 3154 1234 γάρ
3200 1161 3264 1233 δὴ
3311 1161 3382 1214 τὰ
3427 1161 3537 1214 ἀπὸ
3566 1161 3853 1231 σώματος,

590 1257 778 1322 vitiis,
821 1273 886 1312 ac
926 1257 1181 1312 sensibus
1212 1255 1409 1327 privati
1441 1262 1588 1319 sunt,
1623 1258 1878 1325 aspectu,
1927 1256 2170 1325 inquam,

2279 1256 2503 1319 καὶτὰς
2537 1255 2818 1326 αἰσθήσεις
2859 1255 3218 1327 πεπήρωνται
3242 1294 3256 1318 ,
3311 1254 3433 1322 ὄψιν
3475 1253 3535 1306 δὲ
3585 1253 3728 1320 λέγω
3764 1255 3859 1308 καὶ

593 1355 650 1402 et
675 1348 866 1402 auditu
899 1365 911 1400 :
936 1363 1116 1418 neque
1145 1348 1336 1403 audire
1359 1354 1539 1417 potest
1562 1345 1764 1403 surdus
1787 1361 1935 1413 eum,
1959 1348 2054 1416 qui
2080 1345 2175 1400 de-

2279 1349 2469 1420 ἁκοήν.
2518 1348 2629 1402 Καὶ
2651 1349 2750 1402 οὐκ
2767 1348 2836 1402 ἂν
2861 1347 3144 1402 ἀκούσειεν
3170 1349 3198 1400 ὁ
3218 1347 3400 1416 κωφὸς
3419 1345 3514 1399 τοῦ
3534 1345 3862 1401 καταλαλεῖν

591 1439 815 1494 trahere
842 1438 993 1502 velit,
1025 1453 1205 1508 neque
1234 1451 1410 1492 caecus
1441 1452 1568 1492 eum
1594 1438 1861 1508 aSpicere,
1887 1436 1979 1506 qui
2003 1435 2176 1490 offen-

2280 1440 2578 1503 ἐθέλοντος,
2599 1440 2716 1495 ἀλλ’
2745 1439 2852 1493 οὐδ’
2881 1439 2946 1493 ἂν
2969 1437 3285 1509 καταθειῖπο
3299 1437 3498 1507 τυφλὸς
3529 1438 3621 1490 τὸν
3642 1454 3861 1508 προστι-

593 1529 839 1585 diculum
868 1531 1042 1601 ponit.
1067 1531 1214 1585 Nihil
1246 1530 1413 1602 igitur
1440 1529 1646 1600 negotii
1675 1537 1779 1594 est,
1811 1544 1940 1584 eum
1980 1528 2173 1592 latere,

2281 1533 2443 1588 θέντα
2493 1533 2807 1588 σκάνδαλον.
2857 1534 3058 1587 Λαθεϊν
3105 1530 3199 1586 οὖν
3236 1533 3343 1603 ἀρα
3393 1531 3628 1602 χαλεπὸν
3683 1530 3861 1596 οὐδὲν,

593 1621 690 1692 qui
720 1622 828 1676 illis
861 1621 1110 1677 insidiari
1150 1621 1302 1677 velit.
1350 1621 1508 1691 271
1555 1619 1683 1686 Sed,
1730 1635 1868 1691 quos
1920 1617 2175 1674 miserari

2281 1625 2382 1680 κᾶν
2421 1627 2470 1678 εί
2505 1625 2745 1696 βούλοιτό
2783 1643 2868 1689 τις
2908 1624 3280 1678 ἐπιϐουλεύειν
3323 1625 3527 1687 αὐτοῖς.
3585 1622 3724 1676 Ἀλλ’
3771 1620 3865 1686 οὓς

594 1713 770 1784 magis
790 1728 1008 1782 aequum
1035 1721 1176 1778 erat,
1205 1719 1266 1766 ut
1290 1711 1386 1782 qui
1416 1719 1484 1765 ex
1510 1712 1707 1780 seipsis
1733 1725 1830 1765 sua
1878 1709 1990 1779 jam
2025 1708 2175 1762 cala-

2281 1718 2387 1772 ἔδει
2417 1717 2617 1788 μᾶλλον
2642 1716 2784 1769 ἑλεῖν
2802 1757 2818 1783 ,
2835 1715 2910 1779 ὡς
2931 1715 3360 1787 ἠρρωστηκότας
3394 1714 3494 1783 ήδη
3520 1713 3618 1784 τῆς
3647 1711 3865 1766 οἴκοθεν

596 1805 787 1858 mitate
805 1803 1138 1869 laborarent,
1160 1818 1256 1858 eos
1279 1803 1504 1872 insuper
1527 1801 1727 1872 injuria
1748 1798 1964 1855 allicere
1985 1798 2180 1868 depre-
2211 1793 2232 1848 Ι

2235 1795 2252 1848 Ῐ
2284 1811 2588 1880 συμφορᾶς,
2617 1809 2714 1861 καὶ
2738 1807 3198 1880 προσαδικοῦντες
3225 1805 3546 1871 ἁλώσονται,
3575 1804 3871 1877 σκανδάλῳ

596 1895 948 1960 lienduntur,
992 1909 1118 1949 cum
1157 1893 1492 1949 ofl'endiculo
1568 1892 1790 1962 quidem
1833 1907 2037 1947 (meum
2077 1906 2178 1945 ne—
2285 1899 2383 1969 μὲν
2424 1899 2514 1952 τὸν
2547 1899 2748 1968 τυφλὸν
2778 1901 2879 1952 οὐκ
2918 1898 3097 1952 εἰδότα
3127 1895 3538 1967 συντρίϐοντες,
3570 1895 3868 1967 λοιδορίαις

598 1988 862 2043 scientem
892 1987 948 2041 in
979 2001 1168 2042 casum
1193 1993 1379 2056 agant,
1409 1983 1478 2039 de
1510 1983 1768 2038 convitiis
1795 1999 1929 2039 vero
1951 1981 2181 2038 surdum

2280 1991 2337 2044 δὲ
2369 1989 2462 2043 τδν
2501 1990 2704 2058 κωφὸν,
2732 1989 2807 2052 ὼς
2847 1989 2934 2042 ἐπ’
2959 1987 3283 2058 εὐφημίαις,
3331 1986 3442 2040 ἔσθ’
3472 1987 3561 2040 ὅτε
3602 1986 3700 2040 καὶ
3751 2003 3872 2057 μει-

599 2089 856 2150 tanquam
881 2079 951 2133 de
979 2076 1258 2140 laudibus,
1289 2075 1566 2130 interdum
1583 2074 1764 2130 ridere
1789 2075 2178 2145 persuadeant,

2281 2083 2397 2152 διᾷν
2422 2081 2809 2143 ἀναπείθοντες
2829 2121 2844 2146 ,
2883 2078 3210 2150 πλήποντές
3238 2095 3304 2146 γε
3347 2077 3453 2148 μὴν
3489 2077 3582 2130 καὶ
3608 2078 3690 2139 είς
3725 2075 3873 2131 αὐτὰ

599 2187 763 2240 quem
787 2172 1110 2240 plerumque
1135 2168 1192 2222 in
1220 2167 1388 2222 rebus
1411 2165 1708 2236 praecipuis
1734 2165 1956 2220 feriunt.
1991 2165 2180 2235 Igitur,

2283 2187 2386 2223 που
2425 2171 2688 2234 πολλάκις
2739 2173 2810 2224 τὰ
2852 2169 3216 2242 καιριώτατα.
3245 2168 3457 2223 Οὐκοῦν
3499 2167 3872 2238 κεκρυμμένη

599 2264 644 2318 si
664 2263 790 2332 quis
808 2263 924 2318 haec
944 2261 1122 2317 facere
1144 2258 1442 2320 studuerit,
1468 2258 1684 2312 occulta
1707 2256 1930 2326 quidem
1954 2257 2009 2310 in
2032 2264 2182 2310 utro-

2287 2264 2407 2334 μὲν,
2443 2262 2602 2332 εἰπερ
2631 2262 2808 2316 ἓλοιτό
2843 2279 2927 2326 τις
2947 2304 2960 2327 ,
3006 2264 3040 2333 ὴ
3071 2262 3157 2314 ἐπ’
3187 2263 3392 2332 ἀμφοῖν
3417 2258 3483 2312 ἂν
3515 2260 3733 2328 γένοιτο
3769 2277 3873 2312 κα-

599 2369 709 2423 que
731 2353 840 2408 erit
867 2353 986 2422 ejus
1007 2350 1350 2421 malignitas;
1379 2347 1600 2402 saevitia:
1621 2362 1753 2402 vero
1777 2356 1834 2401 et
1868 2344 2181 2402 inhumani-

2284 2354 2517 2426 κουργία
2539 2395 2556 2420 ,
2585 2353 2953 2426 σκληρότητος
2984 2354 3042 2407 δὲ
3071 2353 3165 2408 καὶ
3193 2353 3292 2424 τῆς
3323 2352 3462 2422 ἀγαν
3503 2349 3874 2422 μισαλληλίας

602 2447 732 2500 tatis
756 2445 1004 2499 maximae
1026 2443 1238 2498 crimen
1262 2440 1410 2496 haud
1434 2454 1676 2511 unquam
1707 2438 1950 2510 effugiet.

1437 2454 1676 2511 unquam
1707 2438 1950 2510 effugiet-
2281 2449 2381 2502 οὐκ
2407 2447 2474 2502 ἂν
2497 2447 2807 2517 διεξοίχοιτο
2835 2447 3073 2518 γραφήν.

670 2536 868 2592 PALL.
905 2536 1107 2591 Verum
1141 2542 1248 2590 est.

1216 2542 1248 2590 ι.
2354 2539 2562 2592 ΠΑΛΛ.
2611 2538 2852 2608 Ἀληθές.

671 2629 830 2685 CYR.
859 2629 996 2684 Nam
1022 2635 1265 2682 veterem
1291 2638 1512 2694 quoque
1535 2624 1733 2692 legem,
1762 2622 1905 2676 inter
1926 2635 2028 2675 nos
2056 2635 2179 2676 mu-

2355 2628 2519 2684 ΚΥΡ.
2553 2630 2914 2700 Φιλαλλήλους
2959 2629 3068 2699 γὰρ
3106 2628 3190 2682 ὅτι
3231 2628 3326 2683 καὶ
3373 2626 3873 2696 φιλοικτίρμονας,

602 2731 698 2778 tuo
719 2723 966 2793 diligere,
984 2727 1040 2776 et
1067 2716 1452 2774 misericordes
1479 2732 1600 2772 esse
1620 2715 1778 2779 velle,
1797 2713 1956 2769 facile
1978 2713 2180 2779 disces,

2283 2719 2380 2774 καὶ
2413 2719 2474 2772 τδ
2507 2720 2731 2792 ἀρχαῖον
2758 2722 2906 2791 ἡμᾶς
2945 2720 3236 2791 καθίστησι
3273 2719 3571 2788 θέσπισμα,
3611 2718 3760 2788 ῥᾷον
3808 2715 3878 2771 ἂν

603 2812 650 2869 si
668 2811 816 2866 illius
832 2811 1001 2866 verba
1025 2809 1236 2874 audies,
1259 2807 1516 2871 dicentis,
1541 2821 1692 2862 nunc
1709 2805 1931 2876 quidem
1958 2823 1971 2858 :
1998 2823 2016 2857 ι
2041 2806 2185 2875 Ape-

2287 2811 2477 2884 μάθοις
2516 2812 2722 2866 ἐπαΐων
2773 2811 3053 2880 λέγοντος,
3107 2811 3197 2865 ὁτὲ
3248 2812 3367 2880 μὲν,
3416 2810 3498 2863 ὅτι
3537 2828 3556 2862 ι
3603 2809 3882 2876 Ἀνοίγων

603 2902 800 2958 riendo
829 2902 1044 2972 aperies
1079 2900 1293 2956 viscera
1337 2908 1430 2955 tua
1461 2913 1626 2969 super
1669 2898 1948 2969 indigente
2011 2896 2184 2951 fratre

2285 2905 2519 2969 ἀνοίξεις
2547 2905 2615 2958 τά
2656 2903 2943 2973 σπλάγχνα
2997 2919 3094 2956 σου
3140 2902 3218 2969 τῷ
3259 2901 3471 2972 ἀδελφῷ
3501 2918 3593 2956 σου
3625 2898 3713 2970 τῷ
3751 2900 3881 2952 ὲπι-

602 2993 698 3064 qui
716 2994 871 3050 estin
896 3002 950 3048 te
974 2993 1120 3060 ¹¹-¹¹;
1144 3011 1162 3045 ι
1191 3007 1339 3047 nunc
1352 3007 1484 3048 vero
1511 3009 1524 3046 :
1553 3011 1572 3042 ι
1590 2991 1658 3045 Et
1676 2990 1941 3045 advenam
1963 3004 2073 3043 non
2097 2987 2182 3042 af-

2284 2996 2523 3068 δεομένῳ
2545 2997 2604 3049 ἐν
2623 2995 2704 3049 σοί
2726 3009 2738 3022 ·
2769 3011 2788 3047 ι
2814 2994 2902 3048 ὁτὲ
2929 2993 2983 3046 δὲ
3011 2989 3101 3057 αὖ,
3139 3014 3158 3047 ι
3187 2994 3296 3048 Καὶ
3319 2992 3656 3064 προσήλυτον
3683 2991 3754 3044 οὐ
3777 3007 3881 3043 κα-

605 3085 823 3159 fligetis,
856 3100 1034 3154 neque
1056 3083 1378 3154 opprimetis
1404 3098 1566 3148 eum;
1594 3081 1764 3138 eratis
1787 3082 1934 3136 enim
1959 3080 2183 3134 advenae
2214 3139 2241 3159 Γ

2247 3141 2252 3159 Ι
2287 3086 2516 3150 κὼσετε,
2551 3088 2672 3141 οὐδὲ
2706 3086 2781 3159 μὴ
2811 3086 3028 3156 θλίψετε
3052 3085 3234 3139 αὐτόν’
3264 3081 3361 3157 ἦτε
3391 3085 3502 3156 γὰρ
3530 3083 3883 3154 προσήλυτοι

604 3139 1381 3250 inoterr’aAIngpti.‘0mnem
1413 3139 1634 3229 viduam
1671 3180 1728 3227 et
1765 3171 2035 3242 pupillum
2073 3186 2184 3225 non
2212 3139 2240 3196 ί

2243 3141 2254 3194 :
2373 3139 2605 3249 ﬂiA'iYii
2802 3139 2991 3232 Πᾶσαν
3017 3177 3191 3249 χῆραν
3225 3139 3320 3230 καὶι
3340 3139 3654 3247 ὀρφανὸνρύ
3676 3139 3879 3226 κακώ-

605 3271 857 3343 aﬂligetis
887 3288 899 3323 :
926 3269 1072 3339 quod
1096 3269 1142 3323 si
1169 3266 1456 3337 aiﬁigendo
1477 3262 1780 3319 alﬂixeritis
1801 3262 1969 3332 ipsos,
1994 3269 2053 3316 et
2074 3262 2189 3317 cla-

2291 3287 2414 3325 σετε
2437 3288 2451 3301 ο
2481 3269 2646 3324 ἐὰνδὲ
2671 3269 2840 3340 κακία
2867 3268 3156 3338 κακώσητε
3179 3266 3377 3330 αὐτοὺς
3399 3309 3414 3333 ,
3447 3267 3541 3319 καὶ
3562 3264 3886 3337 κράξαντες

610 3370 822 3417 mantes
851 3359 1209 3414 clamaverint
1241 3357 1308 3411 ad
1341 3372 1449 3420 me,
1501 3354 1694 3409 auditu
1739 3354 1957 3408 audiam
1996 3368 2188 3409 vocem

2289 3358 2669 3429 καταϐοήσωσι
2699 3357 2835 3429 πρὸς
2865 3359 2954 3427 μὲ,
2981 3358 3118 3428 ἀκοῇ
3148 3356 3650 3427 είσακούσομαιτῆς
3680 3353 3883 3424 φωνῆς

607 3467 800 3508 eorum
832 3458 889 3504 et
920 3449 1126 3503 irascar
1167 3447 1269 3512 ira,
1310 3454 1368 3501 et
1409 3443 1734 3502 interflciam
1771 3459 1870 3498 vos
1908 3443 2108 3514 gladio,
2134 3449 2192 3496 et

2288 3450 2497 3515 αὐτῶν,
2560 3449 2654 3502 καὶ
2705 3449 3113 3520 ὀργισθήσομαι
3166 3449 3357 3520 θυμῷ,
3409 3449 3504 3502 κα)⁸
3563 3444 3875 3501 ἀποκτενῶ

609 3548 776 3598 erunt
815 3553 1017 3595 uxores
1058 3544 1256 3594 vestra
1295 3535 1507 3600 viduae,
1533 3542 1590 3591 et
1631 3533 1730 3589 lilii
1762 3534 1935 3590 vestri
1973 3532 2186 3604 pupilli.

2289 3543 2434 3614 ὑμᾶς
2474 3541 2750 3614 μαχαίρᾳ,
2770 3543 2864 3595 καὶ
2890 3541 3106 3596 ἔσονται
3133 3544 3186 3596 αἱ
3213 3545 3471 3611 γυναῖκες
3493 3539 3646 3611 ὑμῶν
3670 3540 3884 3609 χῆραι,

609 3633 766 3701 Quod
792 3633 837 3688 si
860 3641 1146 3703 argentum
1169 3629 1506 3685 mutuaveris
1526 3627 1687 3683 fratri
1705 3635 1800 3683 tuo
1821 3626 2071 3698 pauperi,
2093 3627 2188 3697 qui

2288 3636 2384 3690 καὶ
2406 3635 2475 3688 τὰ
2494 3633 2682 3687 παιδία
2717 3633 2872 3705 ὑμῶν
2901 3635 3131 3705 ὀρφανά.
3174 3633 3300 3687 Ἐἀν
3328 3633 3385 3686 δὲ
3409 3631 3674 3704 ἀργύριον
3709 3630 3888 3684 ἐκδα-

608 3735 694 3781 est
723 3724 868 3795 apud
913 3721 988 3788 te,
1019 3739 1130 3778 non
1173 3721 1397 3794 urgebis
1439 3736 1586 3785 eum,
1629 3735 1810 3790 neque
1851 3720 2102 3788 impones
2135 3719 2188 3774 ei

2288 3728 2472 3798 νείσῃς
2502 3725 2580 3798 τῷ
2624 3725 2840 3797 ἀδελφῷ
2897 3743 2993 3779 σου
3040 3724 3283 3796 πενιχρῷ
3318 3724 3396 3794 τῷ
3430 3725 3581 3794 παρὰ
3612 3725 3735 3789 σοὶ,
3779 3725 3891 3777 οὐκ

610 3829 839 3870 usuram
865 3829 880 3867 :
906 3812 1054 3882 quod
1094 3812 1141 3866 si
1181 3810 1519 3881 pignerando
1549 3809 1866 3880 pigneratus
1897 3808 2069 3864 fueris
2094 3822 2190 3862 ve-

2287 3819 2385 3890 ἐοῃ
2426 3818 2589 3873 αὐτὸν
2625 3818 2994 3885 κατεπείγων,
3026 3817 3147 3870 οὐδὲ
3180 3816 3462 3887 ἐπιθήσεις
3487 3814 3637 3886 αὐτῷ
3677 3815 3888 3869 τόκον·

612 3913 750 3959 stem
780 3903 1015 3973 proximi
1046 3903 1147 3966 tui,
1181 3911 1308 3955 ante
1352 3899 1487 3955 solis
1522 3915 1778 3955 occasum
1817 3899 2015 3956 reddes
2040 3900 2141 3970 ipsi
2173 3919 2189 3955 :

2290 3910 2388 3964 ἐὰν
2418 3910 2476 3963 δὲ
2519 3909 2866 3980 ἐνεχύρασμα
2896 3907 3232 3978 ὲνεχυράσῃς
3255 3907 3317 3960 τὸ
3343 3907 3558 3976 ἱμάτιον
3601 3905 3700 3958 τοῦ
3739 3905 3893 3976 πλη-

614 3996 705 4050 hic
725 3995 874 4051 enim
899 4002 985 4050 est
1005 3994 1238 4049 amictus
1261 3991 1434 4064 ipsius
1463 3991 1663 4055 solum,
1687 3992 1794 4046 hoc
1816 3999 2191 4062 tegumentum

2290 4001 2406 4055 σίον
2444 4019 2560 4066 σου,
2602 4001 2708 4072 πρὸ
2732 4000 2953 4072 δυσμῶν
2979 4000 3132 4071 ἡλίου
3167 3998 3467 4061 ἀποδώσεις
3502 3995 3674 4067 αύτῷ.
3713 3998 3893 4050 Ἐστι

613 4088 973 4159 turpitudinis
1002 4089 1143 4159 ejus,
1184 4085 1241 4140 in
1274 4099 1384 4158 quo
1410 4083 1678 4138 dormiet?
1711 4083 1769 4138 Si
1799 4084 1964 4155 igitur
1986 4086 2190 4140 clama-

2289 4091 2398 4159 γάρ
2419 4090 2576 4143 τοῦτο
2606 4090 2950 4160 περιϐόλαιον
2974 4087 3137 4142 αὐτοῦ
3171 4088 3348 4159 μόνον,
3375 4087 3536 4141 τοῦτο
3559 4085 3622 4140 τὸ
3649 4087 3897 4156 ίμάτιον

610 4180 835 4236 veritad
853 4196 960 4245 me,
974 4178 1264 4235 exaudiam
1280 4193 1406 4233 eum
1423 4193 1438 4242 ;
1454 4175 1771 4230 misericors
1784 4176 1930 4230 enim
1949 4192 2069 4230 sum
2089 4178 2151 4231 ¹³.
2165 4195 2183 4228 ι

2290 4177 2676 4250 ἀσχημοσύνης
2716 4177 2910 4231 αὐτοῦ·
2949 4181 3008 4233 ὲν
3036 4179 3140 4232 τίνι
3164 4177 3600 4250 κοιμηθήσεται;
3637 4175 3740 4228 ἐὰν
3789 4173 3897 4231 οὖν

616 4273 782 4329 Audis
804 4287 912 4343 qua
939 4271 1171 4336 ratione,
1199 4285 1325 4326 cum
1350 4268 1724 4339 proposuisset
1747 4267 1961 4322 dulcem
1989 4277 2194 4324 mutua:

2290 4270 2604 4342 καταϐοήσῃ
2646 4271 2783 4342 πρός
2823 4287 2912 4341 με,
2947 4270 3338 4340 είσακούσομαι
3387 4268 3551 4322 αὑτοῦ
3573 4285 3588 4301 ο
3619 4269 3901 4340 ἐλεήμων

613 4359 1008 4415 benevolentiae
1041 4358 1410 4430 disciplinam,
1454 4355 1680 4426 insuper
1711 4355 1848 4411 iram
1877 4364 2041 4427 atque
2066 4359 2189 4413 vin-

2291 4363 2399 4433 γάρ
2425 4363 2560 4431 εἰμι.
2602 4379 2621 4414 ι
2663 4360 2906 4425 Ἀκούεις
2927 4362 3074 4425 ὅπως
3101 4361 3163 4414 τὸ
3187 4361 3360 4430 γλυκὺ
3388 4361 3490 4430 τῆς
3513 4360 3902 4431 φιλαλληλίας

613 4451 815 4504 dictam
838 4459 922 4505 est
951 4449 1334 4514 comminatus,
1368 4456 1426 4503 et
1462 4448 1530 4503 iis
1569 4446 1664 4518 qui
1687 4447 1984 4503 vindictam
2015 4447 2184 4514 illam,
2221 4485 2249 4542 Ε

2295 4454 2526 4526 μάθημα
2552 4452 2846 4524 προτιθεὶς,
2881 4452 3285 4523 προσηπείλησε
3318 4452 3416 4522 τὴν
3449 4452 3642 4522 ὀργήνς
3671 4467 3904 4520 μονον-

612 4541 718 4596 nisi
750 4540 1144 4596 misericordia:
1183 4541 1239 4595 in
1277 4539 1476 4594 fratres
1511 4539 1755 4594 studium
1795 4539 2184 4610 impenderint,
2221 4539 2248 4542 ⁷

2293 4547 2416 4616 ουχὶ
2442 4544 2500 4596 δὲ
2551 4544 2643 4597 καὶ
2670 4543 3020 4612 ἀπολογεῖται
3071 4542 3320 4614 χρηστῶς
3347 4543 3460 4603 τοῖς
3513 4539 3682 4610 αὐτὴν
3742 4542 3905 4595 ὑπο-

613 4630 849 4688 subituri
869 4639 1016 4694 sunt,
1041 4629 1275 4700 benigne
1299 4629 1695 4700 propemodum
1730 4645 1951 4685 causam
1975 4631 2190 4686 reddit?

2297 4639 2479 4707 μεῖναι
2512 4633 2816 4705 μέλλουσιν,
2844 4634 2891 4686 εί
2927 4634 3000 4704 μὴ
3028 4635 3263 4685 ποιοῖντο
3289 4631 3376 4684 διὰ
3403 4631 3638 4701 σπουδῆς
3658 4631 3781 4701 τὴν
3815 4635 3909 4697 είς

611 4721 753 4788 Quia
783 4722 1071 4792 benignus,
1107 4723 1380 4792 inquiens,
1425 4736 1581 4789 sum;
1627 4721 1681 4776 id
1724 4729 1829 4786 est,
1873 4737 1996 4777 cum
2029 4723 2187 4778 beni-

2295 4727 2556 4796 ἀδελφοὺς
2583 4724 3022 4794 εὐσπλαγχνίαν;
3070 4723 3347 4793 Ἐλεήμων
3384 4721 3494 4792 γάρ
3523 4725 3658 4792 είμι,
3697 4724 3860 4793 φησὶ
3887 4762 3905 4787 ,

615 4830 754 4884 gnus
771 4820 967 4866 natura
991 4813 1117 4877 sim,
1137 4822 1194 4868 et
1213 4813 1544 4878 misericors,
1567 4821 1757 4884 utpote
1775 4815 1871 4885 qui
1895 4815 2041 4871 Deus
2063 4817 2185 4882 sim,

2295 4819 2597 4882 τουτέστιν,
2625 4816 2830 4885 ἀγαθὸς
2859 4816 2938 4870 ὣν
2957 4816 3099 4870 κατὰ
3135 4814 3316 4884 φύσιν,
3351 4814 3447 4866 καὶ
3466 4813 3793 4883 οἰκτίρμων
3821 4815 3911 4880 ὼς

614 4905 878 4977 accipiam
909 4904 1133 4960 omnino
1151 4906 1331 4960 vexati
1354 4907 1591 4962 hominis
1615 4909 1932 4974 clamorem,
1967 4917 2022 4963 et
2056 4925 2190 4965 con-

2297 4912 2451 4975 Θεὸς,
2491 4909 2855 4981 προσδέξομαι
2898 4908 3117 4972 πάντως
3149 4907 3249 4979 τὴν
3276 4905 3372 4959 τοῦ
3405 4905 3670 4967 παθόντος
3707 4922 3913 4958 κατα-

618 5000 771 5054 tinuo
793 4995 1097 5052 miserebor
1117 4996 1481 5066 lacrymarum
1499 5012 1692 5051 eorum
1740 4998 1832 5068 qui
1860 5001 2193 5070 paupertatis

2297 5003 2448 5076 ϐοὴν,
2475 5005 2570 5057 καὶ
2606 5002 2814 5071 ἐλεήσω
2845 5000 3152 5072 προχείρως
3178 4998 3288 5053 τῶν
3317 4999 3384 5068 τῇ
3417 4997 3574 5067 πενίᾳ
3613 4997 3920 5066 κατηχθι-

616 5092 761 5148 mole
785 5097 1131 5162 premuntur.
1150 5087 1404 5143 Cavenda
1428 5096 1512 5142 est
1541 5089 1708 5158 igitur
1725 5093 1982 5162 pauperis
1999 5095 2194 5148 adver-

2302 5093 2517 5164 σμένων
2541 5091 2602 5144 τὸ
2629 5089 2883 5161 δάκρυον.
2913 5088 3289 5159 Παραιτητέον
3315 5083 3408 5140 οὖν
3439 5086 3546 5156 ἀρα
3579 5083 3672 5136 τοῦ
3716 5087 3917 5156 πένη-

618 5200 712 5239 sus
726 5198 827 5238 nos
849 5179 1186 5237 vociferatio.
1216 5179 1348 5234 Esse
1372 5185 1556 5232 autem
1581 5179 1648 5232 ad
1674 5183 2189 5238 communicandum

2297 5203 2388 5248 τος
2410 5185 2508 5254 τὴν
2534 5184 2897 5254 κατάῤῥησιν.
2934 5181 3058 5235 ’Ότι
3090 5180 3200 5250 γὰρ
3223 5176 3364 5232 εἶναι
3391 5179 3658 5246 προσήκει
3687 5193 3922 5230 κοινω-

619 5275 808 5330 faciles
851 5280 1139 5344 oportere,
1178 5278 1235 5326 et
1281 5269 1606 5326 charitatem
1647 5271 1702 5324 in
1740 5287 2007 5342 pauperes
2045 5289 2194 5328 sum-

2301 5278 2503 5340 νικοὺς,
2539 5275 2634 5328 καλ⁸
2673 5274 2912 5343 σπουδῆς
2935 5271 3124 5337 ἀξιοῦν
3151 5272 3256 5340 τῆς
3282 5267 3768 5342 προύργιαιτάτης
3801 5267 3923 5338 τὴν

622 5381 713 5420 mo
769 5365 953 5420 studio
1013 5361 1450 5435 amplectendam
1495 5369 1688 5432 putare
1711 5402 1724 5425 ,
1763 5364 1936 5417 suasit
2003 5381 2195 5420 rursus

2301 5366 2686 5438 φιλοπτωχίαν,
2726 5363 3141 5433 ὲκδεδυσὼπηκε
3165 5361 3327 5416 πάλιν
3365 5363 3424 5413 ὲν
3455 5359 3532 5429 τῷ
3557 5361 3927 5428 Δευτερονο-

623 5455 679 5509 in
707 5457 1157 5522 Deuteronomio,
1193 5456 1384 5512 dicens
1410 5472 1424 5509 :
1471 5472 1491 5506 ι
1522 5455 1642 5510 Non
1675 5452 1953 5509 fraudabis
1985 5471 2196 5511 merce-

2305 5459 2433 5530 μίῳ,
2460 5457 2656 5526 λέγων,
2690 5476 2708 5508 ι
2733 5457 2847 5510 Οὐκ
2881 5455 3284 5524 ἀποστερήσεις
3319 5451 3508 5522 μισθὸν
3549 5450 3843 5516 πένητος,
3885 5449 3925 5519 ἢ

620 5545 746 5602 dem
765 5549 1019 5617 pauperis
1047 5557 1142 5604 aut
1166 5547 1462 5619 indigentis
1489 5563 1557 5604 ex
1584 5547 1848 5602 fratribus
1872 5547 2033 5617 272
2063 5549 2190 5614 tuis,

2303 5549 2515 5613 ἐνδεοῦς
2541 5551 2604 5602 ἐκ
2631 5548 2739 5603 τῶν
2767 5548 3008 5618 ἀδελφῶν
3040 5567 3157 5616 σου,
3195 5547 3226 5619 ἢ
3267 5549 3330 5600 ὲκ
3367 5544 3474 5598 τῶν
3521 5540 3931 5614 προσηλύτων

703 5727 744 5758 ν’
776 5727 888 5783 Jac.
920 5742 990 5793 IV,
1032 5728 1112 5781 ll.
1199 5730 1309 5762 “"1
1363 5732 1518 5785 Deut.
1558 5747 1640 5797 xv,
1675 5731 1722 5782 7.
1805 5729 1846 5761 ¹³
1879 5729 2046 5785 Exod.
2086 5746 2210 5794 xxxi,
2260 5729 2442 5783 “ll—27.
