4142 6296
335 306 441 362 565

1045 302 1136 358 DE
1171 300 1612 358 ADORATIONE
1652 303 1718 357 ΙΝ
1760 297 2028 357 SPiRlTU
2070 295 2158 352 ET
2201 291 2568 353 VERITATE.
2611 296 2737 351 LIB.
2782 297 2913 353 Vill.

3509 298 3615 354 566

334 420 446 477 τῶν
476 422 536 474 ἐν
562 421 682 482 ταῖς
714 415 902 471 πόλεσι
930 433 1044 482 σου,
1073 417 1439 490 αὑθημερινδν
1469 420 1772 482 ἀποδώσεις
1808 421 1899 475 τὸν
1931 454 1941 479 Α

2042 416 2089 471 el
2102 431 2168 470 ex
2184 414 2410 470 advenis
2422 415 2517 484 qui
2534 422 2663 469 sunt
2691 414 2746 468 in
2766 414 2998 469 urbibus
3017 403 3152 480 tuis;
3171 414 3363 471 eodem
3391 415 3478 470 die
3495 416 3616 470 redL

341 507 538 581 μισθὸν
566 503 754 559 αὐτοῦ.
786 504 900 558 Οὐκ
924 504 1237 559 ὲπιδύσεται
1264 509 1290 560 6
1320 509 1471 579 ἥλιος
1509 510 1596 563 ἐπ’
1628 509 1808 582 αύτῷ,
1836 513 1918 568 ὅτι

341 600 514 670 πένης
551 597 704 661 ἐστὶ,
735 595 832 650 καὶ
872 595 960 650 ἐπ’
1006 596 1154 669 αύτῷ
1194 597 1309 671 ἔχει
1348 601 1448 672 τὴν
1478 601 1696 656 ἐλπίδα·
1733 605 1828 657 καὶ
1857 605 1918 658 οὐ

343 689 739 760 καταϐοήσεται
765 686 909 742 κατά
935 687 1030 742 σοῦ
1064 690 1205 762 πρὸς
1234 689 1462 764 Κύριον,
1499 695 1596 748 καὶ
1632 695 1734 749 οὐκ
1767 694 1921 751 ἔσται

341 786 398 837 έν
428 769 510 836 σοὶ
533 780 836 853 ἁμαρτία.»
870 780 1068 852 Συνίης
1090 780 1184 838 οὖν
1213 784 1296 837 ὅτι
1326 783 1419 838 τοῦ
1446 786 1679 858 πένητος
1704 785 1802 860 τήν
1826 808 1923 844 κα-

338 874 548 946 ταϐοὴν
575 873 945 945 κατορῤωδεῖν
979 873 1284 943 ἀναπείθει,
1310 877 1651 933 συνελαύνων
1683 881 1764 944 είς
1793 881 1924 951 φιλ--

342 967 639 1039 annum;
668 967 765 1023 καὶ
794 968 827 1038 ὴ
860 966 961 1038 μὲν
1010 965 1106 1022 νέα
1130 985 1190 1021 τε
1220 967 1314 1023 καὶ
1336 969 1426 1024 διά
1447 969 1684 1042 Χριστοῦ
1710 969 1924 1046 Γραφῇ,

343 1062 407 1116 τὸ
428 1061 647 1124 τελείως
671 1059 874 1129 ἀγαθὸν
906 1059 1254 1132 εἰσφέρουσα,
1283 1079 1302 1112 ι
1326 1061 1626 1134 Πωλήσατε
1653 1064 1725 1118 τά
1751 1059 1926 1136 ύπάρο

348 1169 533 1223 χοντα,
562 1150 726 1224 φησὶ,
752 1150 847 1204 καὶ
883 1150 1004 1204 δότε
1036 1145 1430 1222 ἐλεημοσύνην,
1473 1155 1569 1208 καὶ
1603 1155 1712 1209 ἰδοὺ
1749 1147 1930 1211 πάντα

349 1245 506 1298 εὔοδα
535 1246 611 1314 (ί)
644 1246 772 1315 ὑμῖν
803 1243 984 1298 ἔσται·
1013 1262 1032 1296 ι
1062 1244 1093 1297 ὃ
1112 1244 1176 1315 δὴ
1195 1245 1289 1298 καὶ
1307 1245 1600 1317 δεδράκασι
1627 1247 1736 1301 τῶν
1765 1265 1931 1302 πεπι-

351 1338 653 1391 στευκότων
690 1337 853 1400 τινές.
891 1355 910 1388 ι
937 1329 1346 1408 Προσεκόμιζον
1372 1337 1481 1409 γὰρ
1513 1339 1729 1411 χωρίων
1750 1357 1810 1393 τε
1836 1340 1932 1394 καὶ

351 1429 540 1482 οἰκιῶν
583 1427 783 1500 τιμὰς,
815 1428 910 1481 καὶ
953 1427 1205 1482 ἐτίθεσαν
1250 1428 1407 1501 παρὰ
1451 1429 1580 1494 τοὺς
1623 1421 1792 1492 πόδας
1823 1431 1931 1485 τῶν

319 1511 706 1594 ἀποστόλων,
759 1520 1012 1574 διεδίδοτο
1057 1520 1114 1574 δὲ
1177 1510 1397 1592 ἑκάστῳ
1424 1560 1440 1586 ,
1477 1521 1666 1576 καθότι
1723 1522 1790 1576 ἀν
1848 1540 1934 1587 τις

338 5492 349 5527 ί

356 1612 543 1684 χρείαν
570 1607 765 1682 εἶχεν.»
807 1601 1026 1683 Ἐπειδὴ
1046 1612 1102 1666 δὲ
1138 1613 1489 1683 στοιχειωτής
1521 1615 1670 1668 ἐστιν
1693 1615 1721 1668 6
1747 1615 1932 1686 νόμος,

355 1699 448 1754 καὶ
486 1703 563 1764 είς
595 1701 774 1772 ἀρχὰς
797 1701 1067 1772 ἀποφέρει
1102 1700 1211 1754 τῶν
1248 1701 1445 1770 λογίων
1477 1695 1570 1756 τοῦ
1605 1701 1764 1766 Θεοῦ,
1794 1720 1929 1774 προ-

355 1790 646 1864 μελέτησιν
673 1791 864 1864 ὥσπερ
895 1792 1017 1846 τινὰ
1050 1791 1152 1862 τῆς
1193 1793 1272 1856 είς
1317 1791 1504 1847 τοῦτον
1535 1792 1725 1864 τρίϐου
1756 1795 1925 1847 ποιεῖο

355 1884 483 1938 σθαι
511 1885 838 1954 προστάττει
865 1884 927 1938 τὸ
951 1884 1027 1948 ὡς
1059 1885 1116 1937 ὲν
1152 1883 1352 1952 ὀλίγοις
1378 1884 1630 1953 ἄφθονον,
1658 1885 1746 1940 διὰ
1773 1885 1934 1940 τοῦτό

353 1991 518 2044 φησιν
539 1990 553 2004 ·
582 1992 601 2025 ι
628 1972 753 2026 Ἐὰν
781 1974 836 2026 δὲ
855 1973 1076 2045 ἀμήσῃς
1103 1973 1312 2046 ἀμητόν
1336 1991 1429 2028 σου
1453 1975 1509 2028 ὲν
1541 1973 1618 2044 τῷ
1635 1974 1789 2046 ἀγρῷ
1815 1993 1932 2042 σου,

354 2064 449 2119 καὶ
477 2063 711 2136 ὲπιλάθῃ
736 2064 953 2135 δράχμα
987 2067 1044 2118 ὲν
1075 2064 1152 2136 τῷ
1190 2064 1346 2137 ἀγρῷ
1379 2081 1494 2130 σου,
1526 2066 1627 2119 οὐκ
1657 2066 1932 2138 ἀναστρα-

356 2149 504 2226 φήση
544 2153 728 2209 λαϐεῖν
754 2154 908 2208 αύτό·
954 2155 1032 2226 τῷ
1079 2155 1302 2226 πτωχῷ,
1353 2156 1449 2209 καὶ
1490 2155 1570 2226 τῷ
1613 2157 1936 2228 προσηλύτῳ

357 2247 452 2301 καὶ
488 2245 565 2320 τῷ
595 2246 818 2321 ὀρφανῷ
851 2245 944 2302 καὶ
974 2243 1040 2320 τῇ
1071 2249 1217 2320 χήρᾳ
1243 2248 1418 2314 ἔσται,
1453 2249 1540 2303 ἵνα
1574 2249 1846 2322 εύλογήοῃ
1877 2266 1936 2302 σε

357 2333 561 2412 Κύριος
585 2341 614 2394 6
650 2338 782 2404 Θεός
816 2357 909 2392 σου
949 2339 1007 2392 ὲν
1041 2339 1174 2406 πᾶσι
1209 2341 1324 2403 τοῖς
1362 2331 1546 2412 ἔργοις
1577 2330 1695 2395 τῶν
1738 2341 1940 2413 χειρῶν

360 2445 475 2482 σου·
509 2429 604 2484 ἐὰν
628 2429 684 2482 δὲ
711 2428 1024 2500 έλαιολογῇς
1052 2427 1150 2502 (2).
1181 2428 1281 2483 οὐκ
1311 2426 1746 2502 ὲπάναστρέψεις
1770 2429 1940 2484 καλα-

366 2519 643 2590 μήσασθαι
694 2519 763 2573 τά
805 2520 981 2573 ὀπίσω
1023 2537 1138 2587 σου,
1200 2518 1278 2591 τῷ
1344 2519 1669 2594 προσηλύτῳ
1716 2521 1813 2576 καὶ
1861 2509 1940 2592 τῷ

364 2609 582 2681 ὀρφανῷ
613 2611 704 2664 καὶ
724 2614 786 2683 τῇ
815 2612 960 2683 χήρᾳ
983 2610 1160 2678 ἔσται,
1188 2611 1281 2666 καὶ
1307 2611 1596 2684 μνησθήσῃ
1621 2614 1701 2666 ὅτι
1723 2614 1940 2683 οἰκέτης

366 2692 511 2768 ἦσθα
542 2700 599 2751 ὲν
633 2701 701 2769 γῇ
731 2699 1025 2768 Δίγύπτου,
1059 2701 1148 2755 διὰ
1181 2699 1340 2755 τοῦτο
1369 2702 1479 2770 ἐγώ
1509 2719 1592 2756 σοι
1623 2703 1941 2773 ἐντέλλομαι

369 2787 540 2840 ποιεῖν
562 2786 620 2839 τὸ
641 2787 705 2858 pf;
715 2806 790 2858 μα
805 2788 984 2844 τοῦτο.
1011 2791 1136 2844 Ἐάν
1155 2790 1212 2844 δὲ
1231 2793 1405 2864 τρυγή
1415 2799 1512 2863 σῃς
1532 2792 1623 2846 τὸν
1643 2791 1945 2864 ἀμπελῶνά

369 2893 480 2942 σου,
511 2877 610 2931 οὐκ
643 2879 1102 2954 ἐπανατρυγήσῃς
1150 2882 1312 2937 αὐτὸν
1358 2884 1428 2937 τά
1476 2883 1656 2939 ὀπίσω
1699 2902 1816 2951 σου,
1858 2885 1938 2955 τῷ

366 2969 690 3041 προσηλύτῳ
718 2971 812 3025 καὶ
841 2972 921 3044 τῷ
963 2973 1183 3045 ὀρφανῷ
1228 2976 1322 3028 καὶ
1354 2977 1428 3047 τῇ
1460 2976 1608 3048 χήρᾳ
1644 2972 1818 3042 ἔσται,
1851 2967 1944 3032 καὶ
1993 2985 2001 2992 ’

2022 505 2120 562 des
2136 505 2445 562 mercedem
2459 504 2628 576 ipsius
2644 523 2658 570 ;
2675 520 2784 560 non
2798 494 3012 560 ocCidet
3027 505 3106 559 sol
3123 521 3288 575 super
3303 505 3471 571 illam,
3488 507 3614 576 quia

2022 613 2230 669 pauper
2241 607 2342 663 est,
2357 608 2412 653 et
2426 599 2482 652 in
2493 599 2585 655 illa
2599 597 2765 652 habet
2777 587 2927 667 spem
2943 614 2954 649 :
2970 592 3026 651 et
3038 585 3146 650 non
3159 584 3415 652 clamabit
3428 606 3616 651 contra

2026 697 2077 745 te
2091 690 2156 744 ad
2171 689 2492 756 Dominum;
2511 701 2567 745 et
2582 703 2692 744 non
2708 690 2816 744 erit
2831 689 2884 742 in
2905 697 2956 743 te
2975 697 3260 759 peccatum
3281 689 3344 743 “.
3358 704 3360 708 τ
3373 709 3390 740 ι
3415 679 3616 744 Intelli-

2024 783 2105 852 gis
2127 773 2290 852 igitur
2322 780 2782 851 quemadmodum
2802 779 2870 834 ad
2905 769 3346 835 benevolentiam
3368 771 3467 836 tios
3497 797 3618 836 mu-

2028 880 2176 928 tuam
2215 872 2581 942 compellens,
2628 871 2889 941 pauperis
2931 871 3228 926 clamorem
3258 872 3617 926 extimescere

2026 965 2287 1020 Suadeat?
2304 962 2383 1019 Ac
2410 978 2547 1017 nova
2565 963 2788 1032 quidem
2810 962 3116 1033 Scriptura,
3136 972 3193 1018 et
3218 953 3319 1033 per
3335 963 3615 1018 Christum

2025 1053 2248 1119 tradita,
2272 1051 2572 1124 perfectam
2593 1052 2857 1106 virtutem
2885 1051 3128 1106 inferens
3163 1066 3176 1103 :
3206 1069 3224 1101 ι
3253 1039 3508 1114 Vendite,
3530 1050 3616 1103 in-

2027 1126 2167 1216 quit,
2190 1159 2312 1215 qua:
2330 1141 2567 1212 habetis,
2592 1151 2648 1199 et
2668 1132 2792 1198 date
2814 1143 3249 1213 eleemosynam;
3275 1151 3329 1196 et
3353 1156 3480 1196 ecce
3505 1155 3618 1194 om-

2027 1236 2122 1292 nia
2142 1251 2404 1306 prospere
2426 1225 2624 1290 eedent
2643 1222 2802 1290 vobis
2831 1234 2895 1287 η’.
2927 1252 2946 1286 ι
2977 1232 3134 1300 Quod
3166 1233 3342 1304 ipsum
3373 1231 3620 1292 fecerunt

2029 1343 2098 1384 ex
2121 1327 2209 1392 iis,
2247 1327 2342 1398 qui
2375 1327 2734 1402 crediderant
2752 1327 3004 1382 nonnulli
3036 1344 3048 1379 :
3083 1345 3101 1378 ι
3131 1325 3451 1380 All‘ereb‘ant
3472 1325 3619 1380 enim

2031 1413 2288 1492 agrorum
2325 1427 2382 1473 et
2410 1418 2700 1498 domorum
2735 1419 2934 1489 pretia,
2962 1426 3021 1473 et
3048 1419 3326 1488 ponebant
3355 1417 3424 1472 ad
3453 1417 3621 1488 pedes

2031 1507 2436 1582 apostolorum:
2457 1510 2890 1566 distribuebatur
2918 1497 3100 1565 autem
3122 1509 3436 1580 unicuique,
3457 1520 3622 1581 prout

2033 1603 2234 1674 cuique
2257 1619 2397 1674 opus
2419 1610 2540 1658 erat
2571 1603 2635 1658 ¹⁶.
2669 1622 2688 1654 ι
2719 1595 2846 1667 Sed,
2873 1589 3132 1680 quoniam
3153 1602 3238 1657 iex
3266 1602 3622 1656 elementaria

2036 1704 2142 1758 est,
2176 1703 2232 1750 et
2272 1695 2341 1750 ad
2369 1695 2525 1750 initia
2555 1687 2707 1752 ducit
2731 1709 3047 1750 sermonum
3081 1695 3200 1760 Dei,
3231 1694 3388 1768 jubet
3421 1705 3483 1748 ut
3519 1694 3626 1748 hac

2033 1784 2090 1840 in
2119 1785 2334 1856 exiguis
2358 1786 2526 1840 rebus
2550 1785 2904 1851 liberalitate,
2927 1771 3156 1856 perinde
3185 1799 3249 1839 ac
3267 1784 3468 1854 praevia
3491 1799 3626 1853 qua-

2034 1876 2166 1932 dam
2189 1878 2605 1943 exercitatione,
2631 1877 2886 1932 homines
2925 1871 3174 1942 utantur,
3215 1891 3323 1946 qua
3351 1875 3417 1930 ad
3442 1873 3624 1946 perfe-

2035 1969 2234 2025 ctionis
2265 1970 2384 2041 ejus
2411 1969 2660 2024 semitam
2694 1959 3164 2039 perduCerentur;
3192 1975 3486 2038 propterea
3538 1966 3625 2020 in-

2035 2061 2156 2130 quit
2201 2078 2214 2115 :
2249 2078 2268 2113 ι
2314 2059 2372 2116 Si
2410 2060 2706 2116 messueris
2740 2071 2975 2115 messem
3028 2068 3178 2114 tuam
3222 2059 3279 2114 in
3317 2074 3447 2128 agro
3497 2066 3624 2123 tuo,

2035 2161 2094 2210 et
2124 2155 2354 2211 latuerit
2400 2163 2452 2209 te
2497 2153 2810 2224 manipulus
2854 2141 2910 2208 in
2958 2168 3088 2224 agro
3131 2160 3248 2216 tuo,
3289 2167 3400 2206 non
3435 2167 3627 2205 rever-

2037 2245 2172 2300 teris
2224 2244 2418 2299 tollere
2459 2244 2646 2310 illum;
2696 2242 2961 2314 pauperi,
3011 2249 3068 2296 et
3098 2229 3379 2312 orphano,
3429 2249 3486 2295 et
3529 2236 3628 2294 ad-

2036 2335 2224 2402 venae,
2284 2343 2351 2391 et
2396 2321 2576 2390 viduae
2622 2334 2758 2401 erit;
2819 2335 2896 2388 ut'
2931 2333 3223 2388 benedieat
3273 2341 3326 2388 te
3362 2332 3630 2388 Dominus

2038 2427 2185 2484 Deus
2215 2437 2343 2484 tuus
2372 2429 2428 2484 in
2460 2427 2722 2498 operibus
2744 2411 3006 2482 manuum
3035 2434 3284 2492 tuarum;
3308 2433 3384 2490 et,
3413 2425 3457 2479 si
3482 2427 3630 2480 oleas

2041 2519 2343 2590 coilegeris,
2359 2525 2469 2573 non
2485 2515 2777 2572 reverteris
2793 2515 2860 2570 ad
2879 2500 3116 2585 reliquas
3147 2513 3480 2583 colligendas
3507 2528 3632 2584 qua:

2042 2619 2170 2664 sunt
2201 2615 2324 2680 post
2357 2617 2444 2675 te;
2477 2607 2720 2672 advenat,
2744 2616 2802 2662 et
2826 2603 3093 2678 orphano',
3119 2614 3176 2660 et
3203 2605 3382 2660 viduae
3421 2611 3585 2659 erunt
3611 2622 3626 2660 :

2041 2707 2099 2754 et
2130 2689 2507 2754 recordaberis
2531 2697 2677 2770 quod
2702 2704 2895 2752 s‘er‘vus
2924 2683 3094 2750 fueris
3127 2695 3183 2772 in
3211 2704 3357 2750 terra
3372 2692 3627 2764 AEg‘ypti:

2044 2787 2168 2843 ideo
2199 2803 2300 2858 ego
2325 2788 2588 2859 praecipio
2621 2787 2721 2843 tibi
2752 2795 2814 2841 ut
2843 2786 3010 2860 facias
3042 2785 3274 2840 verbum
3318 2784 3440 2839 hoc.
3468 2785 3536 2840 Et
3584 2786 3628 2840 si

2042 2869 2469 2934 vindemiaveris
2489 2871 2708 2933 vineam
2729 2888 2901 2942 tuam,
2930 2892 3043 2931 non
3065 2862 3495 2931 revindemiabis
3511 2892 3633 2946 qua:

2046 2979 2175 3025 Sunt
2198 2965 2322 3040 pest
2345 2978 2427 3036 te;
2447 2963 2691 3035 advenae,
2707 2978 2762 3025 et
2778 2970 3121 3040 orphano,et
3143 2968 3321 3022 viduae
3343 2976 3508 3022 erunt
3535 2985 3548 3022 :
3577 2973 3642 3021 et

370 3059 656 3133 μνησθήσῃ
693 3061 774 3115 ὅτι
825 3062 1042 3135 οἰκέτης
1084 3060 1228 3136 ἦσθα
1281 3064 1338 3118 ὲν
1393 3067 1462 3137 γῇ
1515 3047 1795 3139 Αἰγύπτῳ,
1846 3067 1941 3122 Διά

2048 3060 2429 3117 recordaberis
2465 3053 2616 3130 qubd
2653 3075 2846 3116 servus
2890 3047 3062 3115 fueris
3101 3049 3156 3112 in
3185 3066 3329 3112 terra
3370 3055 3585 3129 {Egypti
3616 3076 3629 3111 :

365 3151 523 3205 τοῦτο
542 3152 652 3222 ἐγώ
676 3171 756 3207 σοι
785 3154 1099 3226 ἐντέλλομαι
1123 3157 1295 3210 ποιεῖν
1319 3156 1380 3210 τὸ
1411 3158 1560 3229 ῥῆμα
1588 3158 1799 3213 τοῦτο.»
1832 3161 1950 3213 Κα-

367 3240 456 3294 λὸν
489 3243 599 3315 γὰρ
643 3245 700 3298 ὲν
743 3245 1030 3316 εὐθυμίαις
1075 3247 1136 3301 τὸ
1181 3248 1581 3320 διαμεμνῆσθαι
1621 3251 1821 3315 πόνων,
1854 3250 1949 3305 καὶ⁴

368 3332 599 3404 θλίψεως
626 3335 727 3407 τῆς
752 3337 1109 3411 ἀρχαιοτέρας
1131 3355 1144 3370 ·
1177 3339 1335 3393 καλεῖ
1366 3340 1475 3413 γὰρ
1503 3342 1564 3394 τὸ
1596 3343 1786 3414 χρῆμα
1812 3342 1949 3414 πρὸς

370 3426 758 3498 φιλοπτωχίαν,
789 3430 882 3484 καὶ
923 3430 1022 3501 τῆς
1057 3431 1356 3502 εὐημερίας
1393 3432 1452 3485 τὺ
1496 3433 1716 3501 πλάτος,
1769 3435 1949 3507 ἀμνη-

373 3520 556 3589 μονεῖν
583 3519 682 3572 οὐκ
703 3520 767 3590 ἐᾷ
790 3519 899 3573 τῶν
929 3522 986 3576 ὲν
1011 3515 1187 3593 ἐνδείᾳ
1214 3520 1420 3577 κακῶν.

442 3691 652 3746 nam.
689 3691 936 3765 Ἀληθές.

442 3786 608 3840 ΚΥΡ.
645 3786 755 3841 Θέα
781 3789 838 3842 δὲ
873 3789 1019 3851 ὅπως
1067 3789 1215 3858 ἡμᾶς
1261 3788 1658 3859 εὐτεχνέστατα
1696 3790 1789 3844 καὶ
1829 3782 1950 3846 λ’ίαν

372 3876 604 3942 ἀστείως
641 3880 892 3944 ἀπεθίζει
931 3877 1030 3950 μὲν
1063 3879 1171 3934 τῶν
1213 3880 1494 3952 χειρόνων,
1538 3881 1630 3934 καὶ
1674 3882 1950 3936 ἀποσπου-

357 3968 557 4032 ·δάζειν
597 3968 878 4022 ἀναπείθει
913 3970 973 4023 τὺ
1021 3968 1364 4040 ἀσυμπαθὲς,
1421 3970 1688 4041 προσάγει
1741 3971 1800 4024 δὲ
1836 3973 1950 4036 τοῖς

377 4057 642 4129 ἀμείνοσι,
679 4061 771 4113 καὶ
808 4062 920 4124 τοῖς
969 4063 1069 4132 τῆς
1113 4061 1466 4132 φιλαλληλίας
1503 4060 1790 4133 ἐμϐιϐάζει
1822 4054 1949 4135 τρό-

376 4167 498 4214 ποις
522 4167 537 4181 ’
590 4151 888 4222 προτρέπει
941 4153 1039 4223 μὲν
1077 4153 1186 4225 γὰρ
1220 4151 1364 4208 εἴτου
1404 4151 1607 4209 δέοιντο
1637 4155 1819 4225 τυχὸν,
1859 4152 1951 4208 ἔκ-

377 4239 634 4306 δανείζειν
666 4241 934 4309 ἀδελφοῖς,
984 4242 1236 4314 ἀπείργει
1283 4243 1339 4296 δὲ
1374 4245 1569 4308 τόκων,
1610 4245 1706 4299 καὶ
1746 4244 1952 4298 διωθεῖε

381 4329 503 4383 σθαι
531 4333 858 4403 προστάττει
891 4331 1281 4402 πλεονασμούς.
1313 4333 1726 4403 Προσεπιτάξας
1750 4334 1806 4386 δὲ
1837 4332 1950 4387 δεῖν

2051 3153 2176 3207 ideo
2221 3167 2322 3223 ego
2365 3153 2624 3222 praecipio
2665 3153 2766 3207 tibi
2807 3160 2868 3207 ut
2905 3151 3072 3208 facias
3103 3152 3334 3226 verbum
3384 3151 3490 3205 hoe
3517 3152 3579 3204 ".
3607 3169 3624 3202 ι

2050 3243 2378 3299 Praeclarum
2402 3252 2486 3299 est
2505 3243 2652 3299 enim
2676 3244 2733 3298 in
2758 3243 2948 3298 laetitia
2969 3243 3283 3298 meminisse
3307 3241 3519 3297 laborm
3536 3257 3556 3295 ι
3579 3249 3634 3296 et

2049 3333 2358 3390 aﬂlictionis
2391 3335 2650 3405 antiquas,
2692 3349 2818 3390 nam
2859 3350 2925 3391 ea
2963 3327 3050 3390 res
3083 3321 3150 3410 ad
3207 3335 3528 3389 charitatem
3573 3334 3628 3388 in

2049 3438 2319 3502 pauperes
2342 3425 2576 3480 excitat:
2604 3433 2660 3479 et
2682 3432 2908 3496 propter
2929 3424 3208 3480 felicitatis
3239 3425 3626 3482 abundantiam

2049 3514 2301 3570 oblivisci
2350 3531 2460 3571 non
2497 3516 2628 3571 sinit
2657 3516 2926 3571 maiorum
2965 3525 3087 3588 qua:
3124 3517 3472 3588 pertulimus,
3503 3531 3640 3573 cum.

2050 3605 2107 3659 in
2134 3621 2320 3659 rerum
2344 3605 2528 3676 inopia
2551 3589 2926 3661 versaremur.

2120 3693 2321 3750 PALL.
2349 3695 2488 3752 Vera
2516 3694 2675 3750 dicis.

2117 3778 2274 3844 cvn.
2303 3777 2437 3843 Vide
2460 3775 2646 3844 autem
2679 3774 2842 3860 quam
2870 3779 3163 3846 artiﬁciOSe
3186 3800 3242 3846 et
3263 3785 3540 3864 eleganter
3561 3791 3631 3848 ab

2051 3871 2402 3951 improbitate
2434 3869 2647 3937 morum
2681 3889 2782 3938 nos
2814 3883 3060 3950 abducit,
3097 3891 3153 3940 et
3191 3883 3475 3939 dediscere
3503 3900 3630 3939 sua-

2051 3973 2144 4028 det
2174 3971 2663 4055 inhumanitatem;
2695 3975 2916 4031 adducit
2943 3976 3073 4031 item
3102 3975 3169 4031 ad
3202 3976 3487 4032 meliorem
3513 3975 3630 4030 fru-

2050 4081 2192 4137 gem,
2231 4073 2290 4120 et
2339 4065 2406 4120 ad
2460 4073 2712 4122 mutuum
2753 4082 2996 4123 amorem
3040 4068 3333 4124 transfert:
3382 4069 3632 4122 hortatur

2050 4157 2198 4213 enim
2229 4155 2598 4223 utfratribus,
2633 4158 2679 4213 si
2706 4174 2814 4228 qua
2845 4173 2902 4212 re
2928 4159 3225 4228 indigeant,
3265 4166 3578 4212 metuemus
3615 4175 3628 4212 :

2049 4246 2311 4318 prohibet
2331 4255 2514 4302 autem
2537 4263 2754 4311 usuras,
2777 4255 2834 4301 et
2855 4244 3407 4317 superabundantiam
3431 4262 3494 4301 ac
3515 4262 3634 4301 sor-

2053 4336 2124 4391 t-is
2147 4344 2496 4408 augmentum
2523 4337 2788 4411 repellere
2809 4335 2985 4407 jubet.
3014 4335 3095 4389 Ad
3130 4323 3266 4400 hare,
3293 4351 3418 4390 eum
3441 4335 3632 4406 jussis-

384 4421 458 4491 μὴ
498 4415 635 4473 εῖναι
665 4420 976 4491 φορτικοὺς,
1007 4421 1142 4492 μήτε
1179 4421 1287 4490 μὴν
1317 4420 1597 4488 ἐγκεῖσθαι
1624 4421 1736 4482 τοῖς
1765 4419 1941 4489 ὠφλη-

2055 4433 2158 4490 εει,
2191 4440 2262 4480 ne
2306 4425 2524 4480 molesti
2565 4425 2757 4489 simus,
2789 4439 2967 4493 neque
3005 4423 3282 4479 debitores
3317 4439 3626 4495 urgeamus,

383 4509 551 4577 κόσίν,
592 4512 782 4581 ἄφεσιν
826 4512 1003 4583 χρεῶν
1043 4514 1315 4565 ποιεῖσθαι
1363 4512 1596 4566 κελεύει.
1649 4512 1856 4583 Γράφει
1893 4512 1951 4566 δὲ

380 4601 551 4666 οὕτως
576 4607 644 4655 ὀι
678 4604 790 4657 Οὐκ
838 4606 1112 4666 έκτοκιεῖς
1139 4603 1218 4674 τῷ
1258 4603 1474 4674 ἀδελφῷ
1531 4621 1624 4656 σου
1668 4603 1825 4657 τόκον
1856 4603 1954 4674 ἀρ-

381 4695 594 4765 γυρίου,
645 4696 740 4748 καὶ
796 4695 955 4748 τόκον
1005 4695 1333 4766 βρωμάτων,
1399 4695 1494 4749 καὶ
1540 4696 1699 4749 τόκον
1752 4695 1954 4759 παντὸς

381 4785 724 4856 πράγματος,
765 4780 826 4840 οὗ
860 4787 956 4840 ὲάν
983 4787 1297 4859 ὲκδανείσῃς
1329 4787 1406 4858 τῷ
1427 4786 1710 4857 ἀλλοτρίῳ,
1738 4785 1837 4840 οὐκ
1862 4787 1956 4840 έκ-

379 4880 613 4940 τοκιείς·
657 4877 745 4929 ἵνα
796 4876 1063 4950 εύλογὴσῃ
1107 4878 1310 4950 Κύριος
1357 4879 1387 4931 6
1428 4875 1562 4942 Θεός
1589 4895 1682 4931 σου
1715 4879 1773 4930 ὲν
1817 4878 1950 4930 πᾶσι

378 4973 493 5032 τοῖς
537 4970 717 5040 ἔργοις
759 4987 852 5023 σου
895 4970 987 5022 ἐπὶ
1031 4969 1132 5040 τῆς
1181 4971 1314 5039 γῆς,
1365 4970 1433 5040 ἣν
1489 4969 1781 5041 εἰσπορεύῃ
1836 4970 1953 5023 ἐκεῖ

380 5061 786 5131 κληρονομῆσαι
812 5062 1000 5130 αὑτήν.
1039 5079 1058 5112 ι
1096 5061 1259 5114 Ὅσον
1303 5060 1401 5131 μὲν
1444 5061 1554 5132 γάρ
1593 5055 1728 5133 ἧκεν
1766 5061 1848 5123 είς
1887 5077 1951 5129 γε

379 5153 479 5224 τὴν
510 5152 603 5205 τοῦ
626 5153 915 5223 νομοθέτου
948 5152 1223 5223 βούλησιν,
1255 5154 1544 5225 προῦκειτο
1574 5154 1640 5207 ἂν
1681 5152 1952 5222 ἀφθόνως,

381 5243 458 5306 ὡς
506 5242 695 5314 ὀθνείῳ
749 5261 807 5296 τε
844 5243 978 5314 ὀμοῦ
1024 5243 1121 5296 καὶ
1159 5243 1404 5312 ἀδελφοῖς
1447 5245 1506 5297 τὸ
1533 5244 1642 5297 τῶν
1674 5245 1732 5297 ὲν
1763 5242 1956 5298 πλάτει

384 5335 722 5406 περιουσίας,
771 5335 942 5402 δεξιὸν
990 5335 1082 5389 καὶ
1111 5335 1390 5406 φιλότιμόν
1418 5353 1430 5366 ·
1477 5355 1494 5388 ι
1523 5337 1695 5390 Παντὶ
1735 5336 1844 5406 γάρ
1877 5335 1956 5406 τῷ

384 5427 625 5482 αἱτοῦντί
680 5445 740 5480 σε
771 5427 934 5490 δίδου,
986 5427 1150 5497 φησιν
1192 5428 1220 5480 ὀ
1263 5427 1528 5498 Χριστὸς,
1577 5427 1671 5487 καὶ
1706 5429 1814 5482 ἀπὸ
1861 5428 1955 5482 τοῦ

464 5543 508 5574 ¹⁵
543 5544 700 5598 Deut.
729 5559 874 5608 xxiv,
917 5543 1004 5608 14,
1051 5543 1136 5596 15.

395 5613 479 5676 19,
514 5613 603 5666 20.

471 5729 542 5800 (l)
579 5727 960 5794 Graecieodd.,
995 5727 1222 5799 καθαρά,
1264 5731 1476 5784 munda.

1242 5544 1284 5573 ¹⁵
1323 5544 1456 5598 Luc.
1485 5561 1552 5598 xu
1575 5585 1588 5608 ,
1620 5545 1706 5599 55.

1811 5547 1854 5577 “‘
1876 5546 1998 5601 Act.
2030 5543 2102 5610 iv,
2145 5546 2233 5611 54,
2263 5545 2350 5598 35.

2056 4515 2217 4584 273
2260 4513 2641 4569 remissionem
2687 4531 2908 4587 quoque
2949 4516 3262 4572 debitorum
3305 4515 3422 4573 ﬁeri
3451 4516 3628 4588 jubet.

2056 4604 2262 4660 Scribit
2282 4613 2468 4659 autem
2488 4604 2556 4658 ad
2577 4604 2725 4659 hunc
2747 4605 2969 4662 modum
2991 4625 3004 4661 :
3039 4625 3057 4659 ι
3085 4607 3204 4662 Νοη
3232 4605 3507 4662 fenerabis
3525 4606 3632 4662 fra—

2055 4695 2128 4749 tri
2162 4704 2255 4750 tuo
2281 4710 2505 4750 usuram
2530 4697 2760 4768 argenti,
2791 4707 2848 4753 et
2867 4697 3090 4753 usdram
3118 4699 3388 4765 ciborum,
3410 4707 3466 4753 et
3497 4711 3629 4753 usu-

2056 4798 2175 4840 ram
2208 4787 2582 4856 cujuscunque
2618 4787 2718 4852 rei,
2745 4803 2908 4858 quam
2947 4794 3138 4842 mutuo
3179 4786 3414 4853 dederis,
3448 4793 3630 4842 extra-

2057 4893 2163 4933 neo
2194 4886 2308 4933 non
2346 4877 2653 4946 fenerabis;
2677 4886 2738 4934 ut
2759 4879 3051 4936 benedicat
3077 4880 3178 4936 tibi
3201 4879 3464 4936 Dominus
3487 4880 3632 4935 Deus

2060 4978 2186 5026 tuus
2205 4971 2260 5026 in
2279 4971 2536 5026 omnibus
2560 4972 2819 5042 operibus
2840 4971 2948 5027 tuis
2964 4987 3129 5043 super
3147 4980 3369 5035 terram,
3384 4971 3450 5026 ad
3467 4984 3628 5040 quam

2058 5059 2364 5132 ingrederis
2391 5060 2775 5132 possidendam
2817 5062 2878 5116 ⁸⁸.
2917 5081 2935 5114 ι
2964 5062 3122 5127 Nam,
3160 5061 3306 5131 quod
3339 5059 3536 5113 attinet
3563 5058 3631 5112 ad

2058 5150 2384 5221 legislatoris
2418 5153 2774 5218 voluntatem,
2816 5155 3094 5225 proposita
3134 5152 3356 5222 quidem
3386 5159 3494 5205 tam
3533 5165 3630 5206 ex-

2060 5250 2179 5296 tero
2207 5234 2370 5312 quam
2411 5242 2672 5299 fratribus
2715 5244 2909 5300 fuisset
2935 5233 3126 5300 eorum
3155 5243 3248 5312 qui
3282 5241 3634 5311 amplissimis

2059 5333 2258 5404 opibus
2270 5347 2470 5401 essent,
2489 5335 2795 5407 benignitas
2809 5343 2970 5404 atque
2987 5332 3415 5404 magniﬁcentia:
3435 5351 3453 5384 ι
3472 5329 3632 5388 Omni

2061 5430 2230 5496 enim,
2259 5431 2438 5500 inquit
2461 5430 2733 5491 Christus,
2761 5428 2967 5497 petenti
3002 5436 3075 5491 te,
3116 5426 3324 5491 tribue;
3371 5433 3426 5480 et
3465 5423 3533 5479 ab
3565 5440 3632 5480 eo

2457 5545 2498 5574 "
2531 5543 2688 5598 Deut.
2735 5558 2878 5606 xxxv,
2907 5541 3095 5596 19-21.
3205 5542 3247 5572 ³⁸
3272 5540 3430 5596 Deut.
3469 5555 3629 5603 χχιιι,

2140 5728 2212 5798 (τι)
2249 5725 2380 5782 Cod.
2426 5724 2617 5792 Vatic,
2657 5724 2749 5780 ἐὰν
2782 5727 2838 5788 δε
2871 5725 3057 5781 ἐλαίαν
3094 5725 3347 5796 ἁλοήσῃς.
