4142 6296
411 231 516 291 569

1117 225 1206 281 DE
1242 222 1680 281 ADORATIONE
1719 224 1787 279 IN
1827 220 2096 279 SPIRITU
2134 220 2222 276 ET
2256 220 2622 280 VERITATE.
2664 221 2793 276 LIB.
2826 222 2961 279 VIII.

3560 228 3666 283 5Ἱο

483 342 651 399 ΚΥΡ.
696 341 768 395 Ἣ
807 340 870 393 οὐ
916 339 1169 411 μεμνήσῃ
1216 338 1569 411 διειρηκότων
1606 338 1763 410 ἡμῶν
1807 340 1902 392 καὶ
1933 337 1974 391 Et

2161 334 2322 390 CYR.
2360 335 2443 391 An
2465 345 2526 392 tu
2549 336 2753 392 oblitus
2783 352 2864 403 es,
2895 351 2999 391 nos
3036 338 3295 406 superius
3313 352 3532 408 quoque
3551 339 3663 411 jam

412 437 527 499 τοῖς
552 433 653 505 ήδη
698 429 1106 502 παρῳχηκόσιν,
1139 429 1221 482 ὅτι
1252 426 1481 500 σύνηθες
1511 432 1579 501 τῇ
1623 429 1743 502 θείᾳ
1772 428 1983 499 Γραφῇ,

342 588 347 593 ,
411 525 509 581 τοῦ
554 521 821 594 παρόντος
867 519 961 573 καὶ
1007 519 1359 590 ἐνεστηκότος
1405 520 1601 584 αἰῶνος
1652 521 1713 573 τὸ
1768 519 1988 589 σύμπαν

411 616 681 684 διάστημα
705 608 1051 683 παρομοιοῦν
1070 609 1346 681 ὲϐδομάδι,
1371 609 1462 664 διά
1489 611 1589 681 τὴν
1618 610 1698 672 είς
1723 607 1783 661 τὸ
1811 608 1989 677 ἀπαρ-

409 707 511 776 χῆς
546 702 654 757 τῶν
695 702 922 774 ἡμερῶν
959 701 1370 767 ἀνακύκλωσιν;
1412 686 1584 771 πέρας
1618 700 1726 770 γὰρ
1752 698 1985 769 ἑϐδομά-

407 796 530 860 δος,
576 796 638 848 τὸ
672 787 976 858 Σάϐϐατόν,
1022 796 1118 847 καὶ
1156 792 1350 861 γείτων
1378 791 1539 855 εὐθὺς
1568 792 1601 861 ἡ
1639 791 1823 860 ὀγδόη,
1858 790 1985 844 νέαν

404 889 542 959 ήμῖν
595 885 784 957 ὥσπερ
830 885 1025 948 αίῶνος
1065 884 1241 956 ἀρχὴν
1282 883 1688 955 είσκομίσουσα,
1741 881 1828 934 διὰ
1883 881 1985 952 τῆς

409 976 761 1039 ἀναστάσεως
787 973 878 1028 τοῦ
909 973 1172 1045 Χριστοῦ.

482 1069 689 1121 ΠΑΛΛ.
730 1068 811 1120 Με
823 1066 1116 1137 μνήσομαι.

478 1157 645 1210 ΚΥΡ.
698 1155 1095 1225 Ἐπιδεδήμηκε
1120 1154 1302 1208 τοίνυν
1322 1152 1466 1207 κατά
1489 1152 1587 1215 τὰς
1614 1149 1858 1224 Γραφάς,
1889 1151 1981 1205 ἐπὶ

409 1247 690 1321 συντελείᾳ
715 1247 809 1301 τοῦ
858 1247 1122 1318 παρόντος
1162 1245 1377 1311 αἰῶνος,
1424 1246 1517 1299 καὶ¹
1560 1244 1721 1299 οἱονεί
1766 1261 1882 1308 πως
1921 1245 1980 1297 ἐν

407 1339 672 1411 Σαϐϐάτῳ
698 1340 950 1412 Χριστὸς,
977 1340 1065 1393 ὅτε
1094 1340 1189 1391 καὶ⁹
1232 1339 1434 1408 ἀνῆκεν
1475 1337 1740 1403 ἅπαντας,
1775 1338 1980 1408 σειραῖς

406 1426 515 1480 τῶν
546 1428 761 1481 οἰκείων
784 1427 1067 1498 ἁμαρτιῶν
1089 1427 1580 1496 κατεσφιγμένους,
1611 1425 1704 1479 καὶ
1734 1425 1979 1497 ὲπωφλη-

406 1517 574 1582 κότας
607 1518 756 1589 αύτῷ
780 1519 901 1583 τοὺς
923 1519 1024 1588 τῆς
1049 1518 1417 1591 παραϐάσεως
1446 1520 1655 1588 λόγους.
1688 1517 1977 1587 Τοιγάρτοι

406 1611 500 1663 καὶ
512 1600 580 1662 έν
608 1611 720 1672 τοῖς
750 1609 1121 1679 Εὐαγγελίοις,
1151 1610 1455 1680 ὀφειλέταις
1482 1611 1630 1680 ἡμᾶς
1656 1608 1976 1678 παρεικάζει

402 1698 605 1767 λέγων⁸
641 1717 661 1751 ι
689 1699 791 1754 Δύο
817 1701 1205 1772 χρεωφειλέται
1237 1696 1377 1772 ἦσαν
1406 1699 1677 1773 ἀνθρώπῳ
1699 1700 1777 1753 ἐνί
1800 1712 1813 1728 ⁸
1842 1699 1870 1751 6
1894 1692 1976 1761 εἷς

401 1787 632 1857 ὤφειλεν
666 1790 815 1861 αὐτῷ
841 1791 1068 1863 δηνάρια
1099 1792 1451 1856 πεντακόσια,
1479 1793 1508 1845 ὁ
1536 1791 1593 1844 δὲ
1623 1790 1810 1862 ἕτερος
1841 1806 1972 1842 πεν-

400 1883 656 1953 τήκοντα.
696 1885 788 1955 Μὴ
816 1885 1046 1955 ἐχόντων
1073 1885 1131 1939 δὲ
1165 1884 1346 1938 αὐτῶν
1388 1883 1702 1950 ἀποδοῦναι,
1733 1881 1975 1954 ἀμφοτέ-

403 1991 517 2044 ροις
549 1974 862 2045 ἐχαρίσατο.
921 1995 941 2026 ι
993 1977 1106 2030 Καὶ
1163 1976 1301 2047 πρὸς
1350 1977 1560 2038 τούτοις
1612 1972 1692 2026 ἔτι
1736 1972 1830 2026 τὸν
1879 1971 1976 2042 τῆς

400 2067 711 2135 προσευχῆς
758 2066 888 2136 ήμϊν
938 2065 1279 2120 διαπλάττων
1323 2064 1514 2129 τύπον,
1574 2083 1593 2116 ι
1646 2063 1835 2126 Οὕτως
1879 2059 1973 2115 οὖν

402 2156 562 2226 ὑμεῖς
598 2154 989 2226 προσεύχεσθε,
1024 2158 1158 2227 φησί
1178 2173 1192 2189 ο
1224 2157 1406 2229 Πάτερ
1430 2156 1584 2227 ἡμῶν
1610 2156 1640 2208 ό
1667 2156 1723 2207 έν
1750 2156 1856 2217 τοῖς
1880 2154 1974 2206 ού-

403 2248 606 2319 ρανοῖς,
642 2246 958 2318 ἁγιασθήτω
991 2248 1052 2300 τὸ
1079 2247 1250 2319 ὄνομά
1287 2265 1405 2313 σου,
1444 2245 1702 2316 ὲλθὲτωή
1731 2243 1974 2315 βασιλεία

403 2353 519 2398 σου,
569 2334 857 2406 γενηθήτω
909 2335 972 2388 τὸ
1029 2335 1243 2407 θέλημά
1295 2353 1389 2390 σου
1416 2336 1492 2400 ὠς
1527 2337 1585 2390 ὲν
1626 2333 1840 2406 οὐρανῷ
1880 2334 1975 2387 καὶ⁹

401 2427 496 2479 ἐπὶ
521 2427 619 2499 τῆς
644 2427 766 2497 γῆς,
812 2425 904 2479 τὸν
935 2424 1097 2497 ἄρτον
1130 2427 1288 2498 ἡμῶν
1312 2426 1403 2481 τὸν
1433 2426 1705 2481 ἐπιούσιον
1729 2425 1816 2489 δὺς
1842 2427 1974 2495 ἡμῖν

406 2517 665 2588 σήμερον,
709 2516 802 2570 καὶ
845 2515 983 2586 ἀφες
1020 2518 1155 2589 ἡμῖν
1187 2517 1254 2571 τά
1293 2518 1637 2588 ὀφειλήματα
1683 2515 1860 2588 ἡμῶν,
1898 2515 1974 2578 ὡς

407 2609 502 2662 καὶ
526 2608 685 2678 ἡμεῖς
727 2609 956 2681 ἀφίεμεν
987 2612 1101 2674 τοῖς
1139 2609 1441 2679 ὀφειλέταις
1461 2608 1639 2680 ἡμῶν.
1671 2627 1688 2659 ι
1723 2607 1973 2677 Πλαγίως

406 2694 501 2753 οὖν
546 2700 653 2771 ἀρα
692 2700 782 2752 καὶ
817 2700 1230 2770 αἰνιγματωδῶς
1278 2701 1306 2752 6
1352 2700 1514 2768 νόμος
1561 2698 1622 2751 τὸ
1654 2697 1794 2752 θεῖον
1840 2698 1971 2767 ἡμῖν

406 2788 669 2860 ὑπεδήλου
712 2791 1031 2861 μυστήριον,
1070 2790 1262 2859 ἄφεσιν
1307 2787 1577 2842 ποιεῖσθαι
1620 2787 1972 2858 προστάττων

400 2880 499 2953 τὴν
522 2880 588 2934 δι’
638 2881 775 2935 ἐτῶν
809 2881 969 2945 ἑπτά,
1006 2882 1098 2935 καὶ
1126 2884 1246 2944 ταῖς
1284 2880 1387 2950 τῆς
1412 2878 1779 2951 χρηστότητος
1811 2876 1971 2949 ἐμϐι-

2088 425 2312 491 dixisse,
2337 428 2507 482 moris
2556 443 2678 483 esse
2731 427 2933 482 divinae
2981 427 3302 497 Scriptum,
3344 429 3663 486 universum

2086 518 2272 573 saeculi
2297 519 2583 588 praesentis
2623 521 2880 590 spatium,
2906 529 3135 590 propter
3161 521 3313 574 illam
3349 520 3563 576 dierum
3593 523 3663 578 ad

2085 609 2305 664 initium
2345 612 2746 667 revolutionem
2793 611 3125 667 hebdomadi
3151 614 3511 683 comparare?
3536 614 3663 670 ﬁnis

2083 700 2232 754 enim
2258 701 2613 757 hc‘bdomadae
2659 702 2961 758 Sabbatum
2999 712 3113 770 est;
3165 705 3328 774 eique
3378 706 3661 775 proximus

2084 791 2344 846 continuo
2368 801 2452 846 est
2485 792 2603 846 dies
2626 802 2870 859 octavus,
2905 795 3001 864 qui
3031 812 3234 850 novum
3261 797 3660 866 quodammodo

2083 883 2266 937 saeculi
2288 882 2505 937 initium
2527 899 2626 954 per
2649 883 2854 939 Christi
2886 887 3346 941 resurrectionem
3372 887 3550 943 aﬁ‘ert.

2150 1056 2347 1112 PALL.
2382 1056 2625 1113 Memini.

2149 1146 2306 1202 CYR.
2333 1148 2571 1204 Advenit
2604 1148 2770 1220 igitur
2792 1149 3096 1206 secundum
3133 1149 3446 1220 Scripturas
3468 1148 3524 1203 in
3550 1149 3656 1205 ﬁne

2078 1240 2363 1307 prmsentis
2388 1242 2591 1307 saaculi,
2644 1257 2708 1297 ac
2760 1241 2917 1313 quasi
2968 1242 3025 1296 in
3065 1241 3306 1296 Sabbato
3361 1238 3651 1296 Christus:

2079 1343 2204 1383 cum
2229 1331 2393 1385 etiam
2442 1348 2632 1389 omnes
2673 1335 2928 1390 homines
2964 1334 3218 1399 exsolvit,
3252 1334 3486 1389 vinculis
3530 1349 3658 1403 pec-

2078 1429 2323 1476 catorum
2362 1438 2589 1479 suorum
2620 1428 2964 1492 constrictos,
2990 1434 3045 1481 ct
3075 1426 3523 1497 transgressionis
3543 1436 3656 1480 Sua:

2079 1507 2386 1563 rationibus
2419 1511 2713 1567 reddendis
2740 1515 3028 1569 obnoxios.
3076 1515 3266 1585 Itaque
3299 1522 3356 1569 et
3390 1516 3446 1568 in
3471 1514 3652 1568 Evan-

2078 1596 2233 1665 geliis
2258 1612 2360 1653 nos
2390 1598 2737 1655 debitoribus
2765 1609 3063 1671 comparat,
3094 1601 3287 1657 dicens
3312 1619 3325 1655 :
3359 1624 3377 1654 ε
3409 1604 3527 1658 Duo
3554 1602 3654 1657 de-

2008 1673 2050 1728 B
2079 1683 2287 1740 hitores
2344 1698 2502 1743 erant
2557 1690 2773 1744 cuidam
2824 1690 3155 1757 feneratori;
3216 1707 3359 1746 unus
3416 1692 3653 1746 debebat

2074 1774 2329 1831 denarios
2375 1778 2724 1850 quingentos,
2767 1782 2906 1835 alter
2955 1784 3347 1854 quinquaginta
3389 1801 3402 1835 :
3444 1791 3653 1839 etcum

2072 1880 2183 1920 non
2210 1866 2477 1922 haberent
2504 1870 2651 1924 unde
2676 1872 2994 1938 redderent,
3013 1874 3237 1928 donavit
3259 1874 3506 1944 utrisque
3529 1876 3595 1929 ⁸⁸.
3626 1895 3645 1926 ι

2068 1956 2153 2013 Ad
2176 1958 2310 2024 haec,
2333 1974 2458 2013 cum
2481 1959 2711 2015 formam
2734 1977 2952 2032 quoque
2975 1963 3169 2017 orandi
3190 1964 3350 2019 nobis
3374 1966 3614 2020 traderet
3637 1984 3649 2019 :

2081 2065 2100 2099 ι
2136 2046 2252 2112 Sic,
2282 2048 2490 2119 inquit,
2534 2065 2633 2105 vos
2684 2058 2838 2105 orate
2875 2069 2889 2105 :
2932 2052 3091 2107 Pater
3128 2061 3335 2119 noster,
3369 2054 3464 2123 qui
3496 2070 3557 2109 es
3594 2054 3652 2109 in

2073 2139 2248 2204 caelis,
2278 2141 2652 2196 sanctiﬁcetur
2692 2157 2893 2198 nomen
2923 2151 3106 2211 tuum;
3143 2144 3398 2200 adveniat
3425 2161 3652 2215 regnum

2072 2236 2249 2297 tuum,
2293 2229 2385 2286 ﬁat
2408 2233 2666 2287 voluntas
2706 2240 2799 2287 tua
2828 2235 2971 2289 sicut
3016 2236 3073 2289 in
3116 2235 3257 2291 coelo
3284 2243 3340 2290 et
3377 2237 3434 2290 in
3474 2243 3650 2304 terra;

2072 2337 2268 2392 panem
2288 2330 2538 2379 nostrum
2561 2325 2941 2393 quotidianum
2969 2325 3039 2380 da
3066 2327 3230 2382 nobis
3257 2327 3451 2394 hodie,
3484 2336 3541 2383 et
3565 2329 3653 2383 di-

2072 2414 2228 2468 mitte
2258 2413 2419 2485 275
2448 2415 2609 2470 nobis
2631 2416 2817 2471 debita
2850 2424 3058 2481 nostra,
3088 2419 3230 2472 sicut
3255 2427 3310 2473 et
3330 2432 3431 2474 nos
3462 2419 3655 2475 dimit-

2076 2505 2248 2561 timus
2268 2506 2612 2562 debitoribus
2632 2506 2839 2562 nostris
2859 2508 2926 2560 ”.
2962 2526 2980 2559 ι
3026 2507 3258 2579 Oblique
3279 2509 3447 2581 igitur
3475 2519 3531 2565 et
3553 2525 3653 2580 per

2070 2597 2299 2668 aenigma
2358 2599 2518 2654 nobis
2557 2599 2646 2654 lex
2683 2598 2929 2654 divinum
2982 2602 3305 2671 mysterium
3361 2601 3647 2669 indicavit;

2069 2703 2195 2743 cum
2211 2689 2445 2758 septimo
2463 2705 2682 2760 quoque
2705 2705 2849 2745 anno
2872 2691 3290 2747 remissionnem
3316 2691 3432 2747 ﬁeri
3453 2692 3647 2764 jussit:

2073 2787 2129 2833 et
2159 2780 2321 2835 simul
2350 2780 2419 2835 ad
2451 2780 2813 2852 benignitatis
2852 2783 3077 2837 semitas
3110 2782 3340 2847 inducit,
3367 2784 3497 2838 dum
3521 2786 3653 2840 cha-

2071 2876 2289 2931 ritatem
2324 2877 2379 2932 in
2399 2876 2599 2934 fratres
2629 2878 2839 2934 divitiis
2868 2894 3189 2950 praeponere
3218 2878 3397 2941 docet,
3420 2879 3651 2937 etfacile

401 2972 557 3038 ϐάζει
577 2972 804 3042 τρίϐοις,
837 2973 1136 3045 χρημάτων
1162 2972 1369 3042 ἀμείνω
1392 2969 1661 3024 ποιεῖσθαι
1682 2968 1968 3065 διδάσκων,

2073 2968 2197 3024 aliis
2241 2970 2513 3039 impertiri
2563 2976 2726 3040 atque
2765 2972 3174 3026 communicare
3225 2972 3419 3028 suadet
3450 2981 3651 3044 :atque

398 3063 497 3134 τήν
534 3064 615 3128 εἰς
656 3063 918 3133 ἀδελφοὺς
967 3062 1265 3131 ἀγάπησιν,
1309 3060 1699 3133 εὐμεταδότους
1742 3076 1803 3112 τε
1831 3054 1971 3111 εἶναι

2072 3056 2216 3115 hanc
2244 3061 2465 3115 interim
2489 3061 2543 3115 in
2568 3060 2795 3116 fratrem
2822 3070 2878 3117 et
2901 3063 3214 3132 proximum
3248 3063 3649 3121 humanitatem

400 3156 495 3210 καὶ
549 3157 900 3219 κοινωνικοὺς
942 3154 1282 3214 ἀναπείθων.
1332 3155 1426 3209 καὶ
1470 3153 1635 3207 οἱονεὶ
1688 3151 1974 3223 μελέτησίν

398 3264 521 3300 τινα
560 3247 659 3317 τῆς
688 3247 769 3309 είς
818 3245 1063 3309 ἅπαντας
1096 3244 1481 3315 ἀφθονωτέρας
1515 3242 1718 3308 αἰδοῦς,
1761 3244 1862 3313 τὴν
1893 3242 1973 3305 είς

398 3337 624 3406 ἀδελφὸν
664 3338 760 3392 καὶ
801 3338 1016 3407 γείτονα
1039 3337 1176 3401 τέως
1205 3336 1519 3408 ἡμερότητα
1544 3335 1732 3397 τιθείς.

473 3430 676 3484 ΠΑΛΛ.
721 3421 849 3483 Ὧδε
883 3428 1017 3499 ἔχει.
1058 3428 1445 3499 Συναινέσαιμι
1486 3426 1595 3499 γάρ
1628 3428 1972 3498 ἀριστοεπεῖν

398 3521 638 3576 ἐθέλοντι
667 3539 768 3577 σοι.
794 3542 808 3556 ‘-

468 3612 629 3668 ΚΥΡ.
655 3614 765 3667 Καὶ
787 3613 848 3666 τὸ
869 3612 949 3666 ἔτι
978 3612 1185 3684 μεῖζον,
1210 3612 1259 3665 εί
1281 3609 1493 3683 μάθοις,
1521 3609 1974 3681 καταθαυμάσαις

398 3701 487 3770 ἂν,
520 3699 567 3758 ὧ
596 3704 883 3759 Παλλάδιε.

470 3792 682 3847 ΠΑΛΛ.
718 3793 791 3846 Τὸ
824 3795 975 3845 ποῖον
996 3809 1010 3857 ;

471 3884 634 3938 ΚΥΡ.
664 3883 1044 3955 Χρηστότητος
1069 3880 1179 3953 γάρ
1209 3880 1301 3935 καὶ
1329 3879 1679 3950 φιλαλληλίας
1709 3880 1788 3942 εἰς
1815 3878 1973 3931 τοῦτο

401 3976 666 4048 προήκειν
693 3975 839 4045 ἡμᾶς
865 3975 894 4026 6
921 3972 1085 4043 νόμος
1119 3969 1387 4042 βούλεται,
1419 3969 1494 4032 ὡς
1524 3968 1673 4021 οὐδὲν
1699 3966 1968 4038 ἡγεῖσθαι,

398 4067 499 4137 τῆς
532 4068 611 4128 είς
635 4065 896 4134 ἀδελφοὺς
922 4063 1142 4135 ἀγάπης
1172 4063 1235 4116 τὸ
1266 4060 1597 4116 ἰσοστατοῦν.
1627 4058 1975 4112 Κατακολου-

400 4156 511 4210 θεῖν
556 4156 614 4209 δὲ
660 4155 801 4210 οὕτω
831 4154 1093 4223 γεννικῶς
1132 4157 1253 4218 ταῖς
1301 4153 1386 4208 ἐπ’
1420 4153 1601 4215 αὐτοῖς
1631 4150 1969 4220 δυσθυμίαις,

400 4247 474 4312 ὡς
531 4248 626 4301 καὶ
671 4247 749 4316 (1)
789 4246 958 4316 ὀργῆς
1007 4244 1239 4316 ὁρᾶσθαι
1271 4243 1616 4315 κρείττονας,
1669 4240 1770 4294 κᾶν
1807 4242 1857 4293 εί
1897 4239 1972 4310 μὴ

2073 3153 2229 3223 quasi
2254 3155 2706 3209 exercitationem
2733 3156 3029 3225 quamdam
3061 3159 3339 3226 proponit,
3367 3174 3463 3228 per
3485 3175 3649 3229 quam

2073 3244 2143 3299 ad
2170 3244 2540 3300 liberaliorem
2572 3246 2721 3302 illam
2745 3262 2877 3319 erga
2896 3262 3088 3304 omnes
3106 3249 3357 3304 homines
3388 3251 3648 3320 pietatem

2072 3333 2445 3402 perveniatur.

2142 3423 2339 3480 PALL.
2379 3425 2470 3480 Sic
2496 3442 2555 3482 se
2584 3440 2675 3482 res
2698 3426 2866 3482 habet
2897 3445 2909 3480 :
2931 3427 3030 3483 tibi
3051 3427 3198 3483 enim
3221 3429 3427 3499 optima
3445 3430 3647 3486 dicenti

2071 3514 2360 3570 a‘ssentior.
3512 3527 3521 3537 ’

2141 3607 2297 3661 CYR.
2333 3607 2520 3677 Atqui,
2543 3610 2589 3663 si
2618 3610 2695 3676 id,
2732 3611 2879 3681 quod
2906 3612 3084 3684 majus
3107 3619 3216 3678 est,
3246 3612 3527 3678 didiceris,
3552 3610 3649 3667 ad-

2072 3697 2366 3762 mirabere,
2400 3699 2627 3753 Palladi.

2142 3788 2340 3844 PALL.
2373 3790 2515 3857 Quid
2543 3791 2687 3847 istud
2728 3791 2988 3848 tandem?

2148 3880 2305 3935 CYR.
2331 3881 2413 3936 Ad
2454 3897 2574 3937 eam
2626 3883 2771 3937 enim
2820 3884 2910 3938 lex
2956 3883 3349 3955 benignitatem
3392 3884 3646 3955 progredi

2071 3987 2172 4027 nos
2194 3971 2332 4037 vult,
2353 3978 2415 4026 ut
2437 3973 2575 4026 nihil
2599 3972 2854 4028 charitati
2880 3975 2936 4028 in
2973 3973 3171 4029 fratres
3189 3974 3514 4044 aequandum
3540 3989 3645 4043 pu-

2072 4074 2250 4120 temus
2280 4083 2292 4117 :
2319 4065 2458 4120 adeo
2473 4065 2637 4119 etiam
2661 4065 2727 4120 iis
2743 4066 2939 4121 cedere
2981 4081 3045 4120 ac
3067 4065 3280 4120 fortiter
3295 4066 3438 4120 ferre
3452 4080 3645 4119 eorum

2073 4159 2405 4213 inhumanos
2445 4166 2609 4227 atque
2644 4173 2870 4228 asperos
2915 4174 3117 4223 mores,
3157 4165 3218 4212 ut
3261 4158 3399 4211 iram
3425 4172 3645 4227 quoque

2073 4236 2383 4313 vincamus,
2400 4249 2652 4319 quamvis
2678 4249 2757 4303 illi
2784 4266 2895 4303 non
2919 4249 3188 4319 ejusmodi
3225 4248 3335 4302 sint
3359 4263 3487 4318 erga
3520 4263 3641 4314 nos,

400 4339 639 4407 γένοιντο
665 4337 802 4408 πρὸς
822 4338 971 4408 ἡμᾶς
991 4336 1207 4398 ὁποίους
1228 4331 1366 4388 εἷναί
1388 4351 1446 4386 τε
1470 4334 1566 4386 καὶ
1587 4332 1813 4403 ὁρᾶσθαι
1842 4332 1968 4403 χρὴ.

2075 4340 2265 4408 quales
2306 4354 2403 4393 eos
2442 4354 2562 4393 esse
2607 4354 2670 4392 ac
2714 4338 2888 4392 videri
2928 4337 3217 4392 conveniat
3259 4336 3433 4406 :quin
3478 4337 3643 4391 etiam

400 4433 494 4485 καὶ
536 4433 656 4493 ταῖς
685 4427 1127 4498 ἀφιλοστοργίαις
1172 4425 1377 4479 ἕλοιντο
1414 4424 1622 4477 λυπεῖν.
1657 4424 1843 4492 Ἔχεις
1873 4423 1969 4475 καὶ

404 4522 555 4577 τοῦδε
592 4522 684 4576 τὸν
709 4521 879 4576 τύπον
906 4524 963 4574 ἐν
985 4521 1097 4581 τοῖς
1137 4518 1443 4588 Ἀριθμοῖςο
1478 4535 1496 4569 ι
1524 4517 1634 4571 Καὶ
1681 4515 1979 4570 ἀπέστειλε

400 4616 529 4684 γὰρ,
546 4614 729 4686 φησὶν,
743 4616 771 4667 ό
787 4613 989 4683 Μωσῆς
1019 4612 1284 4683 ἀγγέλους
1314 4611 1377 4663 ὲκ
1395 4610 1577 4681 Κάδης
1596 4611 1731 4680 πρὸς
1742 4609 1967 4678 βασιλέα

414 4704 609 4777 Ἐδὼμ,
645 4704 817 4773 λέγων
837 4722 851 4736 ο
904 4705 1043 4759 Τάδε
1085 4703 1234 4772 λέγει
1265 4703 1294 4755 ό
1322 4698 1549 4770 ἀδελφός
1581 4716 1673 4753 σου
1713 4701 1963 4771 Ἰσραήλθ

402 4793 473 4846 Σὺ
502 4793 698 4865 ἐπίστῃ
732 4791 907 4845 πάντα
938 4792 1028 4845 τὸν
1064 4790 1261 4862 μόχθον
1292 4790 1382 4843 τὸν
1416 4789 1644 4860 εὑρόντα
1676 4789 1842 4859 ἡμᾶς,
1873 4790 1968 4842 καὶ

401 4880 706 4951 κατέϐησαν
734 4881 780 4934 οἱ
814 4881 1048 4955 πατέρες
1074 4884 1106 4953 ή
1117 4882 1233 4953 μῶν
1257 4882 1337 4944 είς
1375 4879 1666 4948 Αἴγυπτον,
1706 4881 1801 4935 καὶ
1823 4897 1965 4953 παρ-

399 4972 692 5044 ῳκήσαμεν
714 4974 771 5026 ὲν
796 4973 1277 5045 Αίγύπτῳὴμέρας
1301 4972 1536 5037 πλείους,
1563 4972 1657 5025 καλ⁵
1679 4972 1965 5026 ἐκάκωσαν

402 5063 546 5132 ἡμᾶς
598 5066 648 5115 οἱ
698 5062 984 5132 Αἰγύπτιοι
1031 5065 1126 5117 καὶ
1170 5065 1298 5128 τοὺς
1339 5062 1585 5134 πατέρας
1636 5063 1829 5132 ήμῶν,
1870 5066 1965 5118 καὶ

398 5153 772 5225 ἀνεϐοήσαμεν
797 5154 932 5224 πρὸς
956 5154 1177 5224 Κύριον,
1203 5156 1295 5227 καξι
1324 5156 1609 5223 είσήκουσε
1637 5152 1839 5224 Κύριος
1864 5155 1965 5223 τῆς

401 5248 584 5316 φωνῆς
637 5245 821 5315 ήμῶν,
868 5244 962 5297 καὶ
1013 5245 1337 5307 ἀποστείλας
1387 5244 1641 5312 ἄγγελον,
1695 5243 1963 5313 ἐξήγαγεν

399 5331 545 5400 ἡμᾶς
574 5331 632 5398 ἐξ
657 5330 953 5399 Αἰγύπτου,
982 5330 1075 5384 καὶ
1101 5330 1195 5383 νῦν
1222 5333 1386 5401 ἐσμεν
1412 5334 1468 5383 ὲν
1495 5332 1679 5401 Κάδης
1701 5331 1870 5398 πόλει,
1897 5333 1962 5386 ἐκ

471 5489 517 5522 ³⁵
544 5488 681 5544 Luc.
716 5505 807 5554 vn,
843 5489 931 5554 4|,
961 5489 1047 5545 ἃ.
1124 5488 1169 5519 ’⁸
1199 5488 1473 5558 Matth.w,
1501 5493 1653 5550 9-l5.

2072 4432 2254 4484 animo
2283 4445 2314 4483 a
2334 4429 2538 4500 pietate
2564 4442 2792 4498 prorsus
2831 4427 3032 4492 alieno,
3066 4426 3228 4481 nobis
3277 4426 3523 4481 dolorem
3561 4426 3645 4480 in-

2068 4536 2231 4575 urere
2250 4527 2466 4575 curent.
2484 4518 2663 4572 Habes
2685 4518 2848 4587 hujus
2871 4532 3088 4586 quoque
3102 4516 3181 4571 rei
3203 4515 3427 4587 ﬁguram
3450 4517 3506 4571 in
3528 4516 3643 4571 Nu-

2070 4610 2268 4664 meris:
2299 4628 2317 4659 ‹
2338 4609 2407 4663 Et
2445 4607 2625 4673 misit,
2655 4607 2853 4676 inquit,
2896 4608 3107 4677 Moyses
3128 4607 3352 4661 nuntios
3378 4622 3444 4661 ex
3468 4605 3643 4662 Gades

2070 4701 2138 4755 ad
2176 4715 2362 4771 regem
2409 4699 2604 4765 Edom,
2657 4699 2846 4754 dicens
2893 4717 2905 4752 :
2955 4699 3081 4754 Haec
3123 4697 3258 4753 dicit
3298 4697 3466 4753 frater
3513 4705 3642 4756 tuus

2067 4793 2234 4849 Israel
2271 4791 2392 4846 :Tu
2417 4793 2524 4846 scis
2564 4808 2783 4847 omnem
2827 4792 3094 4856 laborem,
3146 4790 3240 4861 qui
3272 4790 3482 4845 invenit
3505 4806 3638 4859 nos;

2066 4891 2124 4938 et
2145 4883 2548 4939 descenderunt
2572 4882 2754 4954 patres
2774 4885 2948 4941 nostri
2971 4887 3024 4940 in
3043 4885 3359 4957 Egyptum,
3395 4894 3451 4940 et
3471 4885 3641 4941 adve-

2070 4990 2154 5030 nae
2176 4974 2380 5028 fuimus
2406 4974 2463 5028 in
2486 4973 2714 5047 Egypto
2738 4975 2854 5032 dies
2884 4976 3227 5046 complures;
3260 4985 3315 5029 et
3335 4975 3641 5029 afﬂixerunt

2071 5083 2171 5122 nos
2208 5066 2465 5138 Egyptii,
2508 5073 2564 5122 et
2597 5075 2781 5137 patres
2822 5076 3040 5122 nostros
3070 5085 3083 5120 :
3109 5076 3165 5122 et
3193 5065 3547 5120 clamavimus
3570 5065 3639 5120 ad

2070 5159 2382 5224 Dominum,
2408 5165 2463 5213 et
2484 5159 2763 5213 exaudivit
2785 5161 3050 5214 Dominus
3079 5173 3269 5213 vocem
3295 5163 3559 5221 nostram,
3584 5164 3641 5212 et

2071 5251 2295 5305 mittens
2318 5252 2591 5321 angelum,
2637 5250 2826 5305 eduxit
2863 5266 2963 5303 nos
3010 5265 3079 5303 ex
3126 5246 3376 5316 Egypto.
3402 5245 3470 5300 Et
3491 5261 3640 5303 nunc

2069 5353 2261 5394 sumus
2283 5338 2340 5393 in
2364 5339 2583 5394 civitate
2602 5338 2777 5395 Cach
2800 5354 2865 5393 cx
2888 5346 3043 5408 parte
3060 5335 3355 5393 conﬁnium
3380 5342 3634 5392 tuorum:

474 5629 552 5701 (l)
579 5631 714 5687 Cod.
740 5629 934 5695 Vatic,
969 5626 1379 5683 κατακολουθεῖν
1406 5628 1461 5683 δὲ
1490 5629 1629 5684 οὕτω
1657 5632 1746 5685 καὶ
1784 5629 1965 5705 φέρειν

2072 5650 2095 5697 ς
2118 5633 2201 5686 ἐπ’
2243 5633 2424 5696 αὐτοῖς
2446 5629 2762 5701 δυσθυμίας,
2795 5628 2868 5695 ὡς
2906 5630 3016 5699 καί,
3049 5638 3156 5687 etc.
