4142 6296
533 247 632 303 871

1562 226 1618 304 's.
1658 244 1940 303 CYRILLI
1975 245 2445 300 ALEXANDRINI
2484 247 2796 303 ARCl-IIEP.

3691 245 3799 302 57?

535 363 892 420 transibimus
914 377 1013 431 per
1053 370 1251 416 terram
1285 367 1456 428 tuam,
1494 376 1604 416 non
1636 362 1993 417 transibimus
2013 377 2101 432 per

2216 360 2412 430 μέρους
2442 361 2548 413 τῶν
2580 361 2743 432 όρίων
2783 376 2896 413 σου.
2938 353 3396 426 Παρελευσόμεοα
3436 353 3524 407 διὰ
3556 355 3656 426 τῆς
3688 359 3791 426 γῆς

530 470 690 525 agros
713 461 856 516 tuos,
881 465 1060 520 neque
1086 451 1340 507 bibemus
1374 467 1569 521 aquam
1595 451 1664 506 de
1696 453 1953 507 cisternis
1974 452 2104 518 tuis,

528 547 616 601 via
639 546 788 616 regia
813 543 1146 614 gradiemur,
1170 561 1282 599 non
1297 544 1697 600 declinabimus
1715 545 1782 599 ad
1804 545 2105 611 dexteram,

527 652 704 706 neque
723 636 791 690 ad
812 636 1112 702 sinistram,
1145 651 1430 706 quousque
1465 636 1894 705 praeterierimus
1915 635 2106 690 termi-

525 743 628 783 nos
653 736 794 782 tuos.
822 728 888 782 Et
910 728 1050 782 dixit
1075 727 1143 782 ad
1179 742 1306 782 eum
1344 727 1517 781 Edom
1546 726 1714 782 :Non,
1747 725 2108 796 pertransibis

528 835 626 889 per
646 819 995 888 me;alioqui
1024 819 1079 873 in
1116 817 1262 872 bello
1304 816 1467 872 exibo
1514 817 1570 870 in
1613 830 1903 872 occursum
1928 822 2102 869 tuum.

528 911 808 964 Etdicunt
829 913 881 966 ei
908 911 1005 964 ﬁlii
1037 911 1204 971 Israel
1248 928 1262 964 :
1307 911 1483 979 Prope
1521 909 1764 964 montem
1793 907 2105 977 praeteribi-

526 1014 682 1064 nius;
710 1000 857 1068 quod
881 1000 926 1054 si
953 1015 1020 1054 ex
1045 1015 1186 1070 aqua
1211 1007 1301 1054 tua
1324 999 1634 1054 biberimus
1656 1013 1756 1068 ego
1785 999 2106 1068 etjumenta

527 1103 668 1152 mea,
701 1087 955 1142 dabimus
977 1088 1216 1157 pretium
1246 1087 1380 1153 tibi;
1416 1087 1512 1142 sed
1540 1103 1627 1141 res
1663 1086 1818 1156 parvi
1842 1085 2104 1139 momenti

525 1189 636 1244 est;
654 1195 822 1250 prope
848 1186 1086 1233 montem
1109 1178 1690 1249 pertransibimus.llle
1715 1192 1847 1232 vero
1866 1175 2104 1231 aitzNon

526 1269 886 1338 pertransibis
919 1285 1018 1338 per
1055 1284 1162 1322 me.
1212 1269 1280 1322 Et
1307 1269 1440 1323 exiit
1469 1269 1644 1324 Edom
1693 1269 1749 1322 in
1806 1268 1970 1338 276
2007 1281 2103 1322 oc-

525 1368 748 1412 cursum
775 1358 852 1411 illi
893 1358 947 1410 in
989 1356 1340 1412 multitudine
1365 1358 1536 1428 gravi,
1567 1366 1623 1412 et
1663 1357 1720 1411 in
1751 1372 1916 1411 manu
1942 1355 2098 1421 forti;

523 1454 580 1500 et
604 1447 781 1500 noluit
813 1447 985 1500 Edom
1029 1446 1349 1514 permittere
1389 1446 1600 1512 Israeli,
1652 1453 1710 1498 ut
1743 1445 2104 1514 pertransiret

524 1550 622 1604 per
645 1537 912 1592 terminos
955 1553 1118 1602 suos;
1159 1547 1215 1592 et
1259 1536 1558 1592 declinavit
1584 1536 1752 1591 Israel
1787 1536 1857 1590 ab
1879 1551 1946 1590 eo
1975 1536 2042 1588 '7.
2075 1554 2094 1586 ι

522 1628 694 1684 Audis
723 1644 837 1693 eos,
863 1632 958 1700 qui
986 1631 1054 1686 de
1079 1646 1281 1702 genere
1312 1639 1470 1684 erant
1498 1628 1687 1694 Israel,
1713 1628 1781 1682 iis
1819 1627 2098 1691 aarumnis,

2217 467 2331 516 σου,
2359 452 2420 502 οὐ
2446 451 2835 521 διελευσόμεθα
2863 451 2929 504 δι’
2955 449 3162 521 ἀγρῶν,
3183 448 3306 501 οὐδὲ
3335 447 3403 499 δι’
3429 446 3789 518 ἀμπελώνων,

2212 543 2334 596 οὐδὲ
2385 541 2622 613 πιόμεθα
2671 542 2817 611 ὕδωρ
2868 543 2934 594 ἐκ
2982 541 3185 593 λάκκου
3228 555 3351 604 σου,
3390 536 3494 606 ὁδῷ
3537 536 3789 609 βασιλικῇ

2214 632 2618 705 πορευσόμεθα,
2649 633 2748 684 οὐκ
2788 631 3142 700 ὲκκλινοῦμεν
3183 628 3335 694 δεξιά
3365 627 3484 679 οὺδέ
3511 625 3788 697 εὐώνυμα,

2211 722 2316 784 ἕως
2345 723 2409 776 ἂν
2440 722 2799 793 παρέλθωμεν
2829 721 2898 774 τὰ
2929 721 3056 792 ὅριά
3085 739 3196 773 σου.
3234 720 3342 772 Kal
3370 714 3492 771 εἷπε
3524 718 3659 788 πρὸς
3693 719 3790 771 αὐ-

2211 812 2302 866 τὸν
2338 813 2546 884 Ἐδώμ·
2575 813 2650 866 Οὐ
2685 812 2931 884 διελεύσῃ
2954 812 3018 865 δι’
3053 808 3211 881 ἐμοῦ,
3243 811 3290 862 εί
3323 810 3380 862 δὲ
3413 809 3510 879 μὴ,
3545 810 3603 860 ἐν
3631 807 3790 860 πολέ-

2215 921 2300 974 μῳ
2341 905 2690 974 ἐξελεύσομαι
2738 907 2818 968 είς
2865 902 3188 973 συνάντησίν
3229 919 3331 954 σοι.
3382 900 3494 953 Kal
3541 899 3786 967 λέγουσιν

2211 995 2358 1066 αὑτῷ
2387 997 2436 1048 οἱ
2463 996 2567 1048 υἱοὶ
2607 995 2822 1065 Ἰσραήλ
2842 1011 2854 1024 ·
2886 992 3046 1064 Παρά
3072 992 3132 1046 τὸ
3157 992 3280 1062 ὅρος
3306 982 3780 1062 παρελευσόμεθα·

2210 1084 2306 1136 ἐὰν
2336 1084 2391 1136 δέ
2421 1083 2515 1136 τοῦ
2545 1083 2734 1147 ὕδατός
2766 1100 2858 1136 σου
2891 1082 3102 1152 πίωμεν
3131 1080 3242 1148 ἐγώ
3288 1095 3347 1131 τε
3380 1079 3473 1131 καὶ
3507 1078 3576 1131 τὰ
3610 1078 3780 1147 κτήνη

2214 1191 2336 1244 μου,
2364 1173 2518 1226 δώσω
2562 1174 2729 1244 τιμήν
2759 1188 2875 1226 σοι·
2919 1171 3082 1224 Ἀλλά
3111 1170 3171 1224 τὸ
3203 1171 3435 1241 πρᾶγμα
3463 1169 3614 1220 οὐδέν
3643 1170 3778 1234 ἐστι,

2209 1266 2360 1330 παρά
2401 1266 2462 1318 τὸ
2512 1264 2637 1336 ὅρος
2689 1262 3156 1336 παρελευσόμεθα.
3196 1262 3253 1315 '0
3287 1261 3344 1314 δὲ
3379 1255 3563 1313 εἶπεν·
3591 1259 3664 1313 Οὐ
3702 1259 3780 1312 δι-

2208 1355 2402 1428 ελεύσῃ
2447 1355 2512 1408 δι’
2555 1353 2712 1426 ἐμοῦ.
2749 1355 2857 1408 Kal
2886 1354 3107 1426 ἐξῆλθεν
3151 1351 3329 1423 Ἐδὼμ
3352 1353 3434 1414 είς
3462 1349 3781 1420 συνάντησιν

2207 1445 2354 1517 αὐτῷ
2386 1448 2443 1502 ἐν
2483 1445 2624 1517 ὄχλῳ
2667 1445 2840 1516 βαρεῖ,
2870 1445 2963 1497 καὶ
2999 1445 3056 1497 ἐν
3086 1444 3231 1514 χειρὶ
3279 1443 3496 1513 ἰσχυρᾷ.
3538 1440 3648 1493 Kal
3681 1441 3781 1492 οὐκ

2205 1538 2470 1610 ἠθέλησεν
2525 1537 2703 1607 Ἐδὼμ
2742 1529 2924 1590 δοῦναι
2962 1536 3041 1607 τῷ
3098 1535 3316 1606 Ἰσραὴλ
3361 1529 3648 1604 παρελθεῖν
3692 1530 3781 1584 διὰ

2206 1630 2312 1683 τῶν
2336 1629 2496 1701 ὁρίων
2529 1629 2713 1696 αὑτοῦ,
2743 1630 2835 1682 καὶ
2863 1628 3132 1695 ἐξέκλινεν
3172 1626 3388 1698 Ἰσραὴλ
3415 1624 3508 1677 ἀπ’
3537 1622 3719 1676 αὐτοῦ.
3754 1641 3774 1673 ι

524 1737 660 1790 quas
682 1721 737 1775 in
758 1721 989 1792 Egypto
1014 1725 1374 1792 pertulerant,
1404 1729 1712 1790 opportune
1744 1719 2100 1783 enumeratis,

2220 1722 2463 1785 Ἀκούεις
2491 1721 2672 1800 ὅπως,
2704 1722 2754 1775 οί
2792 1722 2888 1792 μὲν
2919 1709 2981 1786 ἐξ
3020 1721 3252 1792 αἵματος
3303 1719 3550 1790 Ἰσραὴλ,
3589 1717 3688 1780 τὰς
3721 1718 3780 1770 ἐν

523 1817 580 1862 et
604 1810 827 1878 superbi
859 1811 1006 1865 illius
1031 1811 1344 1866 dominatus
1387 1811 1566 1884 modis
1600 1810 1917 1879 frequenter
1939 1817 2105 1879 atque

524 1905 651 1966 apte
677 1903 1141 1966 commemoratis,
1167 1901 1518 1965 beneficium,
1556 1900 1700 1969 quod
1730 1900 1868 1954 nihil
1894 1900 2105 1955 incom-

524 1987 672 2042 modi
706 1989 948 2054 aﬂ‘crrct,
979 2001 1200 2060 petere;
1240 1991 1635 2061 propemodum
1659 1998 1944 2061 cognatam
1969 2005 2103 2060 gen-

525 2085 635 2132 tem
679 2079 1004 2150 adjutricem
1051 2083 1155 2137 sibi
1220 2083 1519 2153 adjungere
1566 2081 1854 2136 studentes
1925 2080 2105 2151 (erant

521 2169 671 2223 enim
694 2186 760 2225 ex
784 2172 926 2226 Esau
967 2172 1134 2228 fratre
1157 2173 1378 2244 Jacob);
1422 2172 1516 2227 sed
1541 2187 1680 2242 quos
1704 2173 1771 2226 ad
1794 2172 2106 2228 misericor-

522 2261 670 2316 diam
695 2279 888 2319 eorum
915 2267 1247 2320 commoveri
1269 2280 1488 2335 aequum
1520 2264 1718 2330 fuerat,
1758 2272 1815 2319 et
1845 2264 1952 2319 illis
1973 2279 2102 2334 per-

432 2369 448 2397 ι
523 2353 764 2420 mittere,
792 2365 852 2410 ut
873 2373 936 2411 ea
969 2357 1233 2422 facerent,
1270 2373 1391 2428 quat
1427 2358 1532 2413 sibi
1557 2358 1712 2412 utilia
1738 2366 1794 2412 et
1815 2356 2103 2412 commoda

520 2460 642 2501 esse
667 2448 894 2513 scirent,
927 2465 1024 2503 eos
1047 2450 1214 2504 duros
1237 2449 1407 2504 fuisse
1451 2458 1508 2504 et
1543 2465 1784 2520 asperos,
1809 2459 1865 2504 et
1895 2465 1926 2504 a
1948 2465 2101 2504 com-

521 2535 875 2597 miseratione
924 2544 1152 2606 alienos,
1181 2545 1426 2614 ipsarum
1450 2559 1635 2599 rerum
1663 2545 1841 2599 exitus
1855 2557 2102 2612 compro-

521 2628 672 2683 bavit
703 2647 715 2682 :
741 2631 1033 2700 prohibent
1059 2633 1206 2687 enim
1233 2649 1328 2689 eos
1351 2650 1382 2690 a
1407 2635 1519 2697 via,
1539 2635 1789 2704 quamvis
1806 2635 1898 2688 ille
1923 2650 2101 2703 popu-

523 2721 610 2773 lus
633 2729 818 2789 aperte
844 2722 1073 2788 diceret,
1099 2739 1158 2779 se
1204 2740 1386 2794 neque
1423 2725 1620 2790 vineis,
1649 2740 1826 2794 neque
1849 2739 2101 2795 agrorum

523 2811 798 2867 fructibus
840 2830 1072 2883 usquam
1120 2815 1380 2870 damnum
1427 2816 1746 2870 illaturum:
1782 2816 1915 2884 quin
1935 2816 2100 2870 etiam

524 2901 699 2970 ipsam
740 2919 957 2973 quoque
1006 2921 1203 2975 aquam
1250 2922 1361 2960 nou
1385 2906 1502 2961 sine
1540 2907 1718 2977 pretio
1750 2907 2095 2962 hausturum.

524 2991 620 3047 Ille
639 3009 791 3060 vero,
817 2995 921 3050 nisi
939 2996 1007 3050 ab
1027 2996 1114 3061 iis,
1138 3012 1258 3066 quae
1281 2997 1560 3067 petebant,
1580 2997 1961 3062 abscederent,
1989 3013 2098 3052 non

2205 1811 2466 1883 Αίγύπτῳ
2509 1813 2880 1882 ταλαιπωρίας
2930 1813 3215 1886 χρησίμως
3267 1809 3776 1882 ἀπαριθμούμενοι,

2206 1903 2301 1956 καὶ
2337 1903 2436 1973 τῆς
2479 1903 2790 1968 πλεονεξίας
2817 1907 2944 1968 τοὺς
2987 1908 3224 1976 τρόπους
3262 1904 3373 1958 ἄνω
3402 1918 3463 1954 τε
3497 1901 3589 1954 καὶ
3629 1900 3779 1954 κάτω

2207 1994 2570 2062 συντιθέντες,
2624 1996 2852 2060 ἀστείως
2887 1997 2985 2066 τήν
3034 1984 3187 2050 οὐδὲν
3236 1994 3528 2049 ἀδικοῦσαν
3565 1991 3776 2045 αἰτοῦσι

2203 2079 2382 2150 χάριν,
2419 2083 2700 2152 μονονουχὶ
2723 2083 3067 2155 συλλήπτορα
3095 2083 3363 2137 ποιεῖσθαι
3390 2082 3779 2144 σπουδάζοντες

2202 2171 2292 2222 τὸν
2318 2164 2571 2250 ὁμογενῆ·
2595 2175 2689 2228 καὶ
2714 2175 2822 2245 γὰρ
2845 2170 2986 2246 ἦσαν
3010 2175 3070 2240 ἐξ
3103 2174 3274 2230 Ἠσαῦ
3301 2175 3517 2244 ἀδελφοὶ
3557 2172 3775 2226 Ἰακώϐο

2202 2261 2252 2314 οί
2303 2261 2360 2315 δέ
2426 2264 2599 2319 καίτοι
2645 2271 3014 2340 κατοικτεῖραι
3065 2268 3204 2333 δέον,
3282 2268 3491 2338 ἐφεῖναι
3543 2285 3604 2321 τε
3642 2267 3777 2338 δρᾷν

2201 2352 2338 2426 ὅπερ
2375 2355 2440 2410 ἂν
2484 2357 2671 2412 εἰδεῖεν
2707 2360 2976 2432 χρήσιμόν
3008 2378 3068 2414 τε
3107 2363 3201 2415 καὶ
3239 2359 3516 2430 ἐπωφελές
3558 2359 3775 2423 αὐτῶν,

2204 2445 2429 2518 σκληροί
2455 2466 2514 2502 τε
2535 2450 2625 2503 καὶ
2647 2451 2980 2523 ἀτεράμονες
3009 2454 3104 2506 καὶ
3124 2455 3410 2522 συναλγεῖν
3430 2453 3530 2506 οὐκ
3553 2451 3776 2516 ειδότες,

2200 2533 2267 2588 δι’
2300 2537 2476 2591 αὐτῶν
2501 2539 2922 2618 ἡλέγχοντοπῶν
2952 2544 3314 2613 πραγμάτων·
3337 2543 3641 2615 ἐξείργουσι
3665 2541 3784 2613 γὰρ

2199 2625 2320 2680 ὀδοῦ
2344 2667 2357 2689 ,
2415 2628 2592 2683 καίτοι
2632 2630 2880 2699 λέγοντος
2909 2633 3151 2704 ἐναργῶς
3181 2633 3276 2686 τοῦ
3303 2633 3455 2694 λαοῦ,
3506 2634 3640 2702 μήτε
3665 2635 3775 2701 ἁμ-

2201 2717 2404 2772 πελῶσι
2426 2761 2439 2781 ,
2474 2721 2609 2792 μήτε
2642 2721 2828 2792 ἀγρῶν
2875 2724 3200 2795 εὐκαρπίαις
3236 2723 3618 2777 κατασίνεσθαί
3651 2739 3774 2789 ποι,

2200 2809 2336 2864 ἀλλά
2381 2813 2475 2864 καὶ
2515 2811 2658 2883 ὕδωρ
2692 2815 2977 2886 ἀντλήσειν
3007 2817 3108 2870 οὐκ
3141 2815 3466 2885 ἀνάργυρον.
3522 2815 3578 2867 '0
3616 2815 3694 2879 δὲ,
3723 2813 3787 2866 εί.

2203 2900 2278 2971 μὴ
2311 2899 2583 2970 βούλοιντο
2623 2903 2730 2956 τῶν
2762 2904 3091 2974 αίτηθέντων
3127 2907 3434 2976 ἀποχωρεῖν
3455 2942 3470 2965 ,
3514 2903 3576 2956 οὐ
3608 2920 3778 2974 προσ-

2199 2993 2462 3062 ηπείλησε
2507 2994 2665 3064 μόνον
2702 2994 2802 3066 τὴν
2845 2995 3066 3064 ἔφοδον,
3097 2996 3211 3050 ἀλλ’
3248 2993 3316 3068 ἦν
3353 2997 3445 3049 καὶ
3484 2997 3541 3048 ἐν
3588 2996 3784 3061 ὅπλοις

531 3085 696 3139 modo
722 3101 780 3141 se
801 3101 897 3141 eos
922 3087 1242 3142 invasurum
1267 3089 1633 3143 comminatus
1654 3097 1771 3155 est;
1798 3089 1892 3143 sed
1911 3090 2022 3159 jam
2049 3088 2101 3143 in

2207 3084 2329 3156 ήδη,
2361 3087 2456 3139 καλ⁵
2499 3087 2824 3156 πανστρατὶ,
2873 3081 3258 3160 παρετάττετο.
3301 3087 3411 3140 Kal
3450 3086 3502 3138 τί
3543 3087 3606 3157 δὴ
3638 3085 3777 3156 πρδς

523 3178 690 3232 armis
703 3184 842 3243 erat,
854 3188 908 3233 et
931 3179 1200 3234 universis
1209 3179 1382 3249 copiis
1403 3181 1636 3245 eductis,
1661 3180 1831 3235 aciem
1847 3181 2101 3235 adversus

2205 3175 2362 3228 τοῦτο
2385 3192 2400 3242 ;
2432 3175 2694 3244 κρείττων
2714 3171 2782 3248 ἦν
2809 3177 3182 3257 μικροιῙκυχίαςΔ
3199 3180 3227 3231 ὁ
3261 3177 3479 3248 Ἰσραήλ
3497 3194 3511 3207 ο
3535 3176 3777 3241 ἐξέκλινε

522 3286 618 3324 eos
645 3271 970 3326 instruebat.
996 3271 1136 3337 Quid
1161 3287 1326 3341 porro
1351 3272 1418 3327 ad
1445 3272 1561 3327 haec
1583 3273 1789 3328 Israel?
1809 3272 1943 3327 vicit
1965 3271 2106 3328 indi-

525 3362 804 3430 gnationis
849 3363 1352 3430 perturbationem;
1405 3363 1694 3418 declinavit
1719 3363 1868 3418 enim
1891 3363 1960 3418 ab
1986 3364 2100 3431 illo,

523 3452 724 3520 inquit,
750 3451 1158 3505 contentionem
1181 3451 1445 3506 adversus
1470 3451 1672 3507 fratres
1694 3453 1953 3507 nimirum
1977 3470 2102 3509 sus-

525 3543 711 3612 cipere
758 3542 958 3606 vitans,
985 3558 1050 3597 ac
1080 3543 1507 3614 propinquitatis
1542 3545 1720 3612 legem
1763 3560 1977 3600 summa
2004 3563 2100 3616 pa-

528 3633 719 3686 tientia
757 3640 1068 3687 veneratus.
1099 3637 1181 3688 An
1217 3634 1332 3689 haec
1357 3635 1468 3689 n0n
1497 3635 1572 3689 ita
1596 3649 1654 3689 se
1678 3634 1880 3691 habere
1908 3636 2101 3706 putas?

597 3721 794 3776 PALL.
822 3723 900 3776 Ita
935 3738 1182 3799 prorsus.

595 3811 751 3866 Cl'll.
789 3813 960 3883 Igitur
989 3815 1421 3885 indignationem
1449 3815 1772 3885 reprimere,
1797 3825 1854 3870 et
1880 3816 1988 3871 iras
2003 3831 2099 3872 co-

533 3902 748 3964 hibere,
779 3919 842 3957 ac
863 3920 964 3973 pro
987 3905 1414 3975 uniuscujusque
1437 3910 1675 3974 peccatis
1690 3922 1862 3977 paena:
1877 3909 2100 3963 modum

527 3993 812 4056 adhibere,
862 4004 1124 4064 praaterca
1186 3996 1254 4051 de
1315 4012 1645 4066 unoquoque
1696 4007 1843 4052 recta
1885 4008 2100 4069 etquae

523 4085 748 4139 omnino
771 4087 1098 4155 reprehendi
1121 4103 1232 4142 non
1270 4087 1503 4156 possint,
1529 4103 1559 4141 a
1575 4088 1735 4142 nobis
1757 4089 1874 4143 ﬁeri
1892 4090 2098 4160 judicia

525 4175 764 4232 fructum
793 4177 847 4231 id
883 4193 1004 4233 esse
1029 4194 1093 4234 ac
1115 4194 1315 4233 munus
1339 4179 1624 4235 charitatis
1648 4180 1702 4234 in
1726 4181 1940 4247 fratres,
1966 4197 2098 4238 cen-

523 4269 753 4324 sendum
779 4277 884 4324 est.

592 4363 789 4418 PALL.
824 4363 892 4418 Et
913 4363 1136 4434 quidem
1159 4365 1284 4436 jure
1307 4367 1537 4436 Optimo.

591 4451 747 4506 CYR.
779 4452 838 4506 In
863 4462 1120 4524 promptu
1147 4465 1231 4511 est
1257 4457 1424 4528 igitur
1451 4458 1666 4522 audire,
1692 4457 1739 4512 si
1761 4457 1915 4523 velis,
1948 4474 2095 4513 nunc

2204 3265 2314 3336 γὰρ
2343 3266 2435 3319 ἀπ’
2469 3265 2655 3333 αὐτοῦ,
2692 3267 2843 3336 φησι,
2871 3267 2932 3320 τὸ
2958 3267 3094 3338 πρὸς
3123 3267 3384 3336 ἀδελφοὺς
3417 3265 3602 3337 δύσερι
3630 3283 3774 3336 παρ-

2204 3357 2529 3428 ωθούμενος,
2560 3358 2656 3412 καὶ
2690 3357 2787 3428 τῆς
2820 3358 3135 3429 ἀγχιστείας
3166 3358 3255 3410 τὸν
3283 3357 3466 3427 νόμον,
3495 3359 3613 3420 ταῖς
3636 3357 3778 3424 ἄγαν

2203 3446 2577 3514 ἀνεξικακίαις
2619 3447 3012 3521 ἐκτετιμηκώς.
3057 3449 3127 3502 Ἢ
3164 3448 3260 3520 οὺχ
3299 3440 3400 3503 ὦδε
3430 3446 3574 3520 ἔχειν
3614 3447 3776 3518 οἰήσῃ

2200 3541 2358 3594 ταυτί
2374 3558 2388 3608 ;

2274 3739 2483 3794 ΠΑΛΛ.
2511 3740 2622 3795 Kal
2647 3739 2809 3794 πάνυ.

2271 3832 2436 3886 ΚΥΡ.
2472 3830 2681 3884 Οὐκοῦν
2714 3822 2775 3884 to
2808 3830 3014 3900 θυμοὺς
3057 3830 3381 3884 ἀνακόπτειν
3420 3829 3515 3884 καὶ
3553 3829 3769 3882 άνασειο

2203 3923 2387 3995 ράζειν
2433 3921 2623 3992 ὀργὰς,
2679 3921 2773 3975 καὶ
2820 3923 3135 3991 ἐπιμετρεῖν
3168 3921 3441 3990 ἀναλόγως
3480 3921 3576 3983 τάς
3615 3917 3774 3982 δίκας

2197 4017 2310 4077 τοῖς
2339 4012 2568 4065 ἐκάστου
2609 4011 2915 4080 πταίσμασι
2939 4051 2953 4076 ,
2982 4014 3075 4065 καὶ
3115 4013 3222 4086 μὴν
3251 4013 3346 4066 καὶ
3375 4011 3434 4064 τὸ
3465 4010 3572 4062 δεῖν
3601 4008 3769 4078 ὀρθὰς

2198 4107 2292 4159 καὶ
2337 4103 2693 4172 ἀδιαωήτους
2733 4102 3009 4166 παντελῶς
3059 4104 3393 4173 πράττεσθαι
3435 4102 3570 4174 πρὸς
3610 4099 3778 4170 ἡμῶν

2197 4195 2294 4258 τὰς
2316 4195 2400 4264 ἐφ’
2427 4193 2640 4264 ἐκάστῳ
2661 4193 2893 4265 κρίσεις,
2921 4194 3143 4265 ἀγάπης
3164 4191 3302 4248 εἶναι
3324 4193 3502 4261 λογιού
3513 4191 3649 4262 μεθα
3669 4192 3771 4262 τῆς

2197 4289 2276 4350 είς
2305 4285 2564 4354 ἀδελφοὺς
2593 4284 2802 4355 καρπόν
2833 4301 2893 4337 τε
2923 4285 3017 4339 καὶ
3045 4285 3412 4356 ἀποτέλεσμα.

2269 4377 2476 4430 ΙΙΑΛΛ.
2505 4376 2615 4429 Kal
2645 4375 2790 4446 μάλα
2817 4375 3064 4440 δικαίως.

2262 4468 2424 4522 ΚΥΡ.
2467 4468 2624 4538 Πάρα
2667 4468 2731 4537 δὴ
2787 4462 2880 4520 οὖν
2928 4467 3171 4521 ἐθέλοντί
3219 4483 3333 4529 σοι,
3392 4467 3771 4520 διαπείθεσθαι

523 4544 742 4613 quidem
765 4545 1041 4601 dicentem
1085 4565 1098 4601 :
1133 4566 1151 4599 ι
1181 4548 1250 4603 Ει
1292 4565 1405 4604 non
1448 4550 1701 4606 irasceris
1741 4550 1868 4605 ﬁliis
1905 4550 2090 4620 populi

2205 4557 2378 4621 πάλιν,
2409 4557 2539 4611 ποτὲ
2564 4557 2664 4628 μὲν
2687 4557 2956 4626 λέγοντος,
2988 4577 3006 4609 ι
3045 4557 3153 4610 Καὶ
3175 4557 3236 4610 οὐ
3265 4559 3478 4628 μηνιεῖς
3497 4561 3611 4622 τοῖς
3633 4559 3772 4620 υίοῖς

523 4636 605 4689 tui
628 4637 693 4690 ’⁸.
718 4655 736 4688 ι
757 4637 908 4692 Alias
932 4647 1115 4694 autem
1141 4657 1154 4692 :
1187 4659 1206 4692 ι
1250 4639 1306 4696 Si
1335 4641 1502 4696 fuerit
1525 4643 1900 4698 controversia
1950 4646 2094 4697 inter

2205 4649 2288 4701 τοῦ
2314 4648 2443 4702 λαοῦ
2459 4667 2552 4702 σου
2572 4665 2585 4679 ·
2601 4650 2755 4702 »ποτὲ
2774 4650 2830 4703 δὲ
2854 4647 2920 4704 αὖ
2943 4668 2955 4680 ο
2972 4669 2989 4701 ι
3015 4650 3140 4702 Ἐὰν
3166 4649 3221 4702 δὲ
3247 4649 3472 4719 γένηται
3494 4649 3770 4717 ἀντιλογία

523 4726 793 4794 homines,
816 4736 872 4786 et
899 4733 1232 4786 accesserint
1247 4733 1314 4787 ad
1333 4734 1622 4804 judicium,
1637 4742 1694 4788 et
1709 4734 2094 4806 judicaverint,

2205 4740 2302 4793 ἀνὰ
2331 4741 2493 4810 μέσον
2521 4739 2823 4810 ἀνθρώπων
2844 4781 2858 4805 ,
2905 4741 2998 4794 καὶ
3031 4739 3401 4811 προσέλθωσιν
3444 4741 3525 4803 είς
3563 4740 3768 4810 κρίσιν,

521 4815 900 4905 justifieabunt
916 4821 1146 4889 justum,
1177 4830 1240 4886 et
1275 4824 1718 4879 condemnabunt
1742 4825 1971 4894 impium
2002 4843 2014 4878 :
2043 4835 2100 4881 et

2205 4832 2294 4886 καὶ
2329 4831 2554 4902 κρίνωσι
2593 4831 2687 4885 καὶ
2737 4831 3065 4885 δικαιώσωσι
3103 4833 3194 4905 τὸν
3230 4832 3438 4886 δίκαιον
3491 4833 3584 4885 καὶ
3636 4847 3770 4884 κατ-

524 4904 652 4969 erit,
679 4905 724 4960 si
764 4904 930 4961 fuerit
961 4907 1159 4978 dignus
1201 4911 1394 4980 plagis,
1439 4912 1534 4981 qui
1579 4913 1916 4983 impietatem
1945 4913 2096 4979 fecit,

2205 4921 2404 4990 αγνῶσι
2430 4922 2524 4976 τοῦ
2569 4922 2816 4986 ἀσεϐοῦς,
2852 4922 2946 4975 καὶ
2975 4921 3068 4975 ἐὰν
3094 4904 3244 4986 ἄξιος
3336 4919 3557 4991 πληγῶν
3588 4923 3617 4974 ὁ
3643 4920 3770 4972 ἀσε-

525 5007 841 5068 prosternes
862 5013 987 5054 eum
1013 5017 1198 5056 coram
1214 5002 1510 5073 judicibus,
1526 5011 1581 5059 et
1603 5003 1951 5075 ﬁagellabunt
1971 5021 2097 5060 eum

2205 5013 2331 5078 δῶν,
2374 5014 2468 5067 xal
2512 5013 2719 5078 καθιεὶς
2764 5012 2926 5068 αὐτὸν
2971 5014 3210 5068 ἐναντίον
3245 5013 3356 5066 τῶν
3405 5012 3641 5084 κριτῶν,
3675 5011 3771 5064 καὶ

525 5103 705 5144 coram
748 5091 902 5161 ipsis,
949 5093 1252 5148 secundum
1300 5093 1633 5164 impietatem
1679 5097 1816 5167 ejus,
1867 5113 2096 5153 numero

2205 5100 2633 5170 μαστιγώσουσιν
2701 5102 2862 5155 αὐτὸν
2920 5103 3160 5157 ἐναντίον
3213 5101 3411 5168 αὑτοῦ,
3469 5101 3610 5155 κατὰ
3671 5100 3770 5170 τὴν

527 5182 884 5253 quadraginta
908 5182 1261 5256 flagellabunt
1285 5200 1446 5251 eum;
1475 5201 1585 5241 non
1622 5187 1856 5241 addent:
1883 5187 2028 5256 quod
2051 5186 2098 5241 si

2205 5190 2452 5244 ἀσέϐειαν
2482 5191 2669 5257 αὐτοῦ,
2712 5191 2934 5264 ἀριθμῷ·
2951 5194 3358 5263 τεσσαράκοντα
3389 5190 3769 5264 μαστιγώσου-

526 5271 838 5327 addiderint
865 5273 1138 5345 ﬂagellare
1178 5292 1305 5331 eum
1340 5277 1481 5331 ultra
1516 5277 1613 5330 has
1659 5277 1843 5346 plagas
1890 5277 2094 5347 plures,

529 5359 909 5431 deturpabitur
930 5363 1098 5420 frater
1126 5372 1252 5420 tuus
1291 5380 1475 5420 coram
1515 5373 1568 5420 te
1600 5365 1664 5417 '9.
1697 5381 1716 5414 ι

2204 5298 2288 5334 σιν
2334 5282 2528 5345 αὑτὸν,
2582 5283 2642 5335 οὺ
2689 5282 3121 5354 προσθήσουσιν,
3167 5283 3261 5337 ἐὰν
3305 5283 3363 5337 δὲ
3415 5281 3770 5353 προσθήσωσι

2205 5372 2545 5441 μαστιγῶσαι
2574 5373 2756 5439 αὐτὸν,
2783 5373 2922 5444 ὑπὲρ
2946 5373 3149 5436 ταύτας
3170 5374 3269 5436 τὰς
3291 5373 3504 5444 πληγὰς
3527 5371 3768 5438 πλείους,

2200 5462 2571 5533 ἀσχημονήσει
2593 5462 2622 5515 ὁ
2641 5462 2867 5533 ἁδελφός
2897 5480 2991 5518 σου
3028 5463 3266 5518 ἐναντίον
3293 5480 3410 5516 σου.
3456 5481 3476 5516 ι

608 5640 650 5674 ’⁷
683 5639 844 5695 Num.
879 5655 966 5706 xx,
1004 5641 1179 5696 14-21.
1260 5641 1304 5673 ⁸⁸
1335 5641 1518 5715 ιονὶι.
1544 5656 1650 5708 xrx,
1681 5641 1762 5694 l7.
1843 5641 1885 5674 ’³
1914 5641 2072 5696 Deut.
2101 5656 2221 5697 xxv.
2253 5640 2362 5695 1-4.
