4142 6296
427 259 534 318 575

1141 255 1227 310 oe
1262 252 1702 312 ADORATIONE
1740 258 1808 313 IN
1847 259 2114 316 Spmrru
2156 257 2246 313 ET
2289 213 2654 313 vannus.
2695 254 2821 310 Lm.
2846 249 2998 310 Nm.

3585 255 3653 310 εἴ

506 372 719 428 ΠΔΛΛ.
755 369 865 423 Καὶ
900 369 984 432 τίς
1009 369 1074 421 ἂν
1105 368 1276 439 ὁρῷτο
1316 369 1476 423 πάλιν
1502 373 1636 442 ἡμῖν
1658 375 1686 426 ὁ
1716 373 1891 442 λόγος,
1915 373 1996 427 τοῐ

2185 372 2380 428 PALL.
2417 372 2547 439 Quae
2587 379 2770 426 autem
2819 385 3012 426 rursus
3053 384 3318 440 apparere
3363 371 3520 426 nobis
3551 373 3692 427 ratio

435 467 626 537 χρῆναι
676 462 915 530 πληγαῖς
968 458 1186 531 ἀριθμῷ
1230 461 1639 532 τεσσαράκοντα
1676 464 1867 534 μόναις
1909 480 2009 517 κα-

433 553 756 612 ταπαίεσθαι
790 554 920 614 τοὺς
952 553 1468 623 κατεγνωσμένους;
1499 554 1746 626 αἰσχύνει
1775 555 1831 609 δὲ
1862 557 2010 620 ὅπως

430 644 599 706 τινάς,
627 642 688 694 τὸ
722 641 860 711 ὑπὲρ
884 640 1076 694 τούτου
1109 642 1336 713 φράσον.

504 822 668 876 ΚΥΡ.
714 821 874 874 Κατά
921 818 1151 882 πολλοὺς
1198 823 1331 892 ἡμῖν
1378 823 1614 893 τρόπους
1661 823 1722 876 τὸ
1771 823 2008 892 Χριστοῦ

439 914 740 984 μυστήριον
781 914 1203 982 σκιαγραφεὴαι
1251 913 1432 977 καλῶς
1483 915 1572 968 διὰ
1619 915 1720 984 τῆς
1774 915 2009 986 ἀρχαίας

437 1001 677 1070 ἐντολῆς,
701 999 878 1052 καὶτὸ
907 999 1174 1070 σωτήριον
1201 1002 1333 1070 ἡμῖν
1365 1003 1530 1056 οἱονεὶ
1554 1003 2006 1074 πλαστουργεῖται

437 1091 623 1153 πάθος,
649 1091 708 1143 ἐν
731 1082 796 1156 ᾧ,
830 1088 926 1142 καὶ
951 1089 1022 1142 δι’
1051 1083 1112 1144 οὗ
1141 1091 1340 1154 παντὸς
1368 1093 1764 1163 ἀπηλλάγμεθα
1788 1092 1880 1145 τοῦ
1909 1110 2009 1146 κα-

434 1181 562 1234 κοῦν
595 1180 906 1250 ίσχύοντος.
941 1180 1034 1233 καὶ
1062 1180 1379 1250 ἀνηκέστοις
1413 1184 1559 1253 ἡμᾶς
1591 1183 1824 1245 ἐνιέντος
1864 1199 2003 1253 συμ-

432 1272 621 1337 φοραῖς
643 1286 657 1300 ’
705 1269 799 1323 καὶ
833 1269 1020 1340 ὥσπερ
1047 1268 1274 1339 ἔναγχος
1312 1269 1470 1339 ἐφην,
1506 1271 1567 1322 τὸ
1599 1271 1668 1323 δι’
1693 1271 1832 1323 ἑπτά
1867 1269 2004 1324 ἐτῶν

431 1361 676 1414 ἀνεῖσθαι
713 1360 839 1423 τοὺς
861 1359 1180 1430 ὠφληκότας
1200 1401 1216 1427 ,
1238 1360 1328 1414 τὸν
1355 1360 1455 1430 τῆς
1481 1362 1733 1415 ἁπάντων
1754 1362 2004 1430 ἀφέσεως

434 1453 627 1523 καιρὸν
666 1451 1054 1518 ὑπαινίτςεται.
1085 1450 1494 1521 Δεδικαιὼμεθα
1527 1452 1633 1523 γάρ
1656 1453 1711 1504 ἐν
1744 1451 1964 1523 Χριστῷ
1983 1493 1998 1517 ,

436 1546 528 1599 καὶ
549 1545 903 1614 δεδιδάγμεθα
923 1544 1104 1612 λέγειν
1123 1546 1180 1597 ἐν
1203 1547 1554 1614 προσευχαῖς,
1580 1545 1717 1614 πρὸς
1740 1545 1829 1598 τὸν
1845 1548 1903 1598 ἐν
1921 1548 2004 1598 οὐ·

433 1635 614 1704 ρανοῖς
635 1633 850 1703 Πατέρα
873 1632 966 1685 καὶ
991 1631 1143 1696 Θεὸν,
1170 1652 1188 1684 ι
1205 1633 1376 1701 Ἄφες
1409 1635 1538 1704 ἡμῖν
1559 1634 1627 1688 τὰ
1661 1635 2001 1704 ὀφειλήματα

2112 464 2306 534 possit,
2325 477 2425 516 cur
2436 461 2608 532 plagis
2620 462 2778 531 277
2802 477 3034 516 numero
3046 460 3403 531 quadraginta
3427 461 3692 518 duntaxat

2110 553 2463 608 condemnati
2492 552 2739 607 caedendi
2768 552 2913 606 sint?
2950 567 3127 622 quave
3153 552 3363 607 ratione
3395 553 3692 622 deturpen-

2111 652 2218 708 tur,
2247 644 2293 698 si
2318 644 2411 713 qui
2435 659 2600 712 supra
2624 644 2771 696 hunc
2799 658 3088 697 numerum
3114 644 3414 708 caedantur,
3450 646 3692 714 explices

2109 735 2294 789 velim.

2170 826 2324 880 CYR.
2354 823 2536 878 Multis
2559 823 2739 878 modis
2753 823 2960 878 Christi
2986 826 3308 894 mysterium
3333 835 3482 880 recte
3513 825 3686 880 veteri

2107 917 2364 970 mandato
2392 915 2554 969 nobis
2591 913 2975 979 adumbratur,
3012 923 3068 969 et
3106 916 3509 984 quodammodo
3537 916 3690 970 elIin-

2106 1009 2252 1079 gitur
2267 1009 2447 1078 passio
2467 1007 2784 1073 Salvatoris,
2813 1008 2866 1062 in
2892 1025 3000 1078 qua
3047 1017 3104 1062 et
3123 1024 3227 1078 per
3256 1025 3420 1078 quam
3445 1010 3513 1064 ab
3538 1014 3686 1067 omni

2105 1101 2248 1154 malo
2277 1100 2494 1157 liberati
2541 1114 2734 1154 sumus
2774 1100 2920 1169 quod
2945 1115 3047 1154 nos
3069 1114 3266 1154 vexare
3286 1108 3522 1169 poterat,
3554 1111 3610 1156 et
3634 1105 3688 1157 in

2104 1203 2379 1243 aerumnas
2408 1188 2738 1242 insanabiles
2763 1189 3093 1259 conjecerat.
3108 1189 3307 1259 Atque,
3334 1190 3477 1244 sicut
3502 1208 3684 1261 nuper

2105 1277 2236 1342 dixi,
2281 1278 2386 1332 hoc
2407 1278 2606 1346 ipsum,
2641 1278 2787 1347 quod
2821 1279 3053 1348 septimo
3095 1294 3314 1349 quoque
3339 1296 3483 1336 anno
3523 1279 3689 1336 ﬁebat

2104 1369 2414 1424 debitorum
2435 1370 2703 1436 remissio,
2738 1381 2952 1441 tempus
2989 1373 3379 1428 universorum
3407 1377 3687 1430 remissio--

2104 1459 2190 1514 nis
2214 1460 2437 1530 ﬁgurate
2463 1460 2774 1530 significare
2841 1462 2858 1532 (
2890 1463 3174 1532 justiticati
3213 1479 3449 1533 namque
3498 1481 3689 1521 sumus

2104 1546 2160 1601 in
2197 1547 2435 1613 Christo,
2462 1557 2520 1603 et
2559 1549 2854 1604 didicimus
2893 1551 3078 1606 dicere
3127 1552 3182 1606 in
3224 1554 3569 1610 orationibus
3614 1558 3683 1610 ad

2102 1639 2272 1691 Deum
2327 1647 2381 1692 et
2402 1639 2638 1703 Patrem,
2679 1640 2853 1708 quiin
2899 1641 3054 1695 celis
3076 1649 3234 1696 estzr
3261 1642 3481 1699 Dimitte
3527 1645 3690 1700 nobis

429 1723 602 1793 ήμῶν·
617 1742 634 1774 ι
657 1722 800 1776 οὕτω
822 1723 1072 1789 κάνθάδε,
1091 1723 1151 1776 τὸ
1171 1724 1330 1794 μέχρι
1352 1723 1575 1794 πληγῶν
1595 1726 1996 1796 τεσσαράκοντα

2100 1729 2284 1784 debita
2317 1741 2505 1786 nostra
2527 1733 2572 1764 ³ο
2599 1730 2652 1803 ;)
2685 1752 2704 1784 ι
2739 1733 2819 1788 sic
2846 1734 2950 1788 hoc
2980 1751 3199 1805 quoque
3237 1736 3358 1789 loco
3384 1735 3530 1803 quod
3558 1751 3685 1790 ver-

426 1817 688 1886 προήκειν
739 1817 852 1879 τοῖς
901 1816 1190 1882 παίουσιν,
1235 1817 1353 1886 ἦτοι
1403 1815 1721 1886 παιομένοις
1761 1817 1862 1880 τὰς
1907 1816 1998 1870 διὰ

429 1909 709 1979 μαστίγων
754 1907 966 1970 αίκίας,
1015 1909 1106 1961 τὸν
1157 1907 1482 1979 τριπόθητον
1523 1909 1655 1980 ἡμῖν
1709 1907 1810 1978 τῆς
1859 1907 1997 1978 μετά

429 1999 629 2070 σαρκὸς
653 1998 961 2068 οἰκονομίας
988 1998 1082 2051 τοῦ
1107 1999 1445 2066 Μονογενοῦς
1467 1998 1756 2067 ἀποφαίνει
1780 1999 1990 2071 καιρὸν,

427 2088 548 2141 καθ’
583 2087 644 2142 ὃν
676 2088 752 2160 τῷ
793 2088 1020 2159 μώλωπι
1062 2089 1228 2143 αὑτοῦ
1273 2091 1434 2160 ἡμεῖς
1471 2089 1728 2159 ίάθημεν,
1769 2090 1862 2142 καὶ
1902 2106 1997 2158 με·

429 2179 757 2250 μαλάκισται
791 2180 890 2250 μὲν
924 2181 1084 2244 αὐτὸς
1117 2181 1204 2234 διά
1238 2181 1337 2243 τὰς
1371 2181 1642 2251 ἁμαρτίας
1675 2179 1864 2251 ἡμῶν,
1895 2180 2001 2247 ἐμ·-

426 2272 873 2343 παροινησάντων
907 2274 988 2335 είς
1036 2273 1198 2326 αὐτὸν
1243 2272 1351 2326 τῶν
1401 2272 1459 2339 ἐξ
1504 2272 1740 2343 Ἰσραὴλ,
1778 2271 1996 2334 καὶτὰς

425 2362 568 2417 κατὰ
608 2363 791 2416 νώτων
823 2363 1036 2433 πληγάς
1072 2364 1455 2432 ἐπενεγκόντος
1496 2364 1763 2428 Πιλάτου,
1805 2363 1996 2432 ποινῆς

426 2455 483 2506 δέ
511 2457 670 2524 ἡμεῖς
702 2455 796 2508 καὶ
832 2455 1105 2517 κολάσεως
1139 2455 1470 2526 ἐξῃρήμεθα.
1512 2455 1688 2508 Πάλαι
1721 2454 1828 2524 γάρ
1857 2451 1998 2524 ἦσαν

432 2547 622 2600 πολλαὶ
643 2549 696 2600 αί
721 2547 977 2617 μάστιγες
1002 2547 1096 2599 τοῦ
1121 2546 1469 2617 ἀμαρτωλοῦ,
1495 2545 1634 2600 κατά
1661 2547 1722 2599 τὸ
1749 2562 1996 2616 γεγραμ-

434 2638 612 2706 μένον,
648 2637 758 2691 ἀλλ’
791 2637 929 2707 ὑπὲρ
965 2638 1122 2708 ἡμῶν
1153 2637 1452 2707 ἐμαστίχθη
1494 2637 1728 2708 Χριστός
1752 2653 1767 2667 °
1807 2636 1996 2706 ὥσπερ

429 2727 538 2796 γάρ
564 2727 700 2795 ὑπὲρ
734 2727 951 2780 πάντων
978 2726 1246 2779 ἀπέθανεν
1269 2766 1284 2790 ,
1316 2725 1459 2779 οὕτω
1487 2727 1579 2779 καὶ
1610 2726 1750 2792 ὑπὲρ
1780 2726 1995 2778 πάντων

427 2817 784 2888 ἐμαστιγοῦτο
826 2818 1011 2882 πάλιν,
1048 2814 1128 2880 εἷς
1165 2817 1239 2870 ὢν
1269 2817 1298 2868 ὁ
1334 2817 1548 2870 πάντων
1590 2815 1858 2880 ἀντάξιος.
1894 2815 1994 2868 Τὸν

423 2908 481 2961 δέ
517 2926 580 2976 γε
618 2909 1198 2980 τεσσαρακονθήμερον
1237 2907 1470 2979 ἀριθμὸν
1500 2909 1581 2971 εἰς
1622 2909 1711 2961 τὸν
1739 2907 1996 2969 πεντάκις

423 2999 566 3052 ὀκτὼ
595 3000 940 3071 κατατεμὼν,
979 3003 1249 3072 χρήσιμον
1278 3001 1531 3072 εὑρήσεις
1566 3003 1633 3071 τῇ
1670 3000 1763 3053 τοῦ
1793 2998 1992 3070 καιροῦ

420 3090 690 3160 σημασίᾳ,
719 3091 811 3143 τὸν
839 3091 994 3144 πέντε
1021 3090 1115 3144 καὶ
1141 3090 1231 3143 τὸν
1273 3089 1419 3142 ὀκτὼ
1443 3129 1458 3152 ,
1487 3089 1850 3158 ἐπιδεδήμηκε
1885 3086 1992 3156 γὰρ

421 3183 451 3233 ὁ
482 3181 792 3250 Μονογενὴς
825 3183 883 3234 ἐν
919 3180 1158 3252 πέμπτῳ
1182 3179 1359 3249 καιρῷ
1379 3218 1394 3242 ,
1423 3179 1563 3231 κατά
1594 3194 1657 3244 γε
1685 3177 1785 3246 τὴν
1818 3177 1995 3243 Εὐαγ-

421 3271 646 3341 γελικὴν
675 3272 986 3344 παραϐολήν
1004 3288 1020 3305 ο
1057 3271 1374 3343 Ἐμισθοῦτο
1406 3269 1515 3340 γάρ
1542 3287 1625 3332 τις
1654 3271 1732 3331 είς
1763 3268 1854 3321 τὸν
1884 3268 1994 3337 ἀμ-

423 3363 638 3417 πελῶνα
676 3365 802 3427 τοὺς
840 3366 1076 3434 ἐργάτας
1100 3382 1112 3395 ·
1156 3364 1386 3432 ἐξελθὼν
1436 3364 1493 3416 δὲ
1531 3363 1659 3433 περὶ
1699 3361 1797 3432 τὴν
1847 3361 1994 3432 ὤραν

423 3454 645 3525 πρώτην
664 3495 678 3520 ,
721 3455 911 3527 τρίτην
934 3473 992 3509 τε
1026 3455 1120 3510 καὶ
1141 3455 1306 3525 ἕκτην
1326 3495 1339 3518 ,
1364 3455 1458 3506 καὶ⁹
1484 3453 1710 3522 ἐννάτην
1735 3451 1828 3504 καὶ
1846 3451 1994 3504 ἐνδε-

423 3547 624 3616 κάτην·
654 3548 948 3618 ἐγήγερται
973 3547 1030 3600 δὲ
1063 3547 1206 3600 κατά
1231 3546 1337 3617 τὴν
1363 3546 1554 3616 ὀγδόην
1579 3585 1594 3610 ,
1632 3545 1726 3598 τοῦ
1763 3545 1992 3598 Θανάτου

422 3637 728 3702 καταλύσας
753 3640 812 3691 τὸ
835 3641 1054 3712 κράτος,
1081 3640 1173 3692 καὶ
1200 3639 1297 3707 τῆς
1321 3638 1648 3691 ἐπεισάκτου
1671 3637 1877 3707 φθορᾶς
1895 3636 1993 3706 τὴν

426 3729 638 3802 μητέρα
673 3731 982 3793 συνδιολλὺς
1008 3729 1157 3800 αὐτῷ
1177 3769 1190 3791 ,
1215 3730 1360 3782 τοῦτ’
1384 3729 1552 3794 ἐστιν,
1581 3728 1856 3799 ἁμαρτίαν
1879 3769 1891 3791 ,
1925 3724 1992 3800 ἦς

421 3823 771 3892 ἀνῃρημένης
789 3861 804 3884 ,
833 3823 1024 3893 ἀργεῖν
1067 3820 1281 3890 ἀνάγκη
1316 3819 1410 3873 καὶ
1443 3819 1744 3890 μάστιγας,
1772 3819 1866 3872 καὶ
1895 3819 1992 3883 τάς

421 3913 488 3966 δι’
527 3914 694 3983 αὐτὴν
731 3915 921 3976 ποινὰς
962 3914 1056 3967 καὶ
1095 3913 1362 3976 κολάσεις.
1411 3913 1523 3966 Οὐκ
1549 3913 1613 3982 ἐᾷ
1641 3910 1928 3983 τοιγαροῦν
1966 3912 1994 3963 ὁ

421 4003 583 4072 νόμος
628 4004 980 4075 ὑπερτρέχειν
1019 4003 1100 4056 ἔτι
1127 4003 1227 4074 τὴν
1271 4003 1510 4073 μάστιγα
1539 4003 1630 4056 τὸν
1656 4018 1992 4072 τεσσαρακο-

423 4097 546 4149 στὸν
600 4097 858 4166 ἀριθμὸν,
922 4095 1082 4168 μέχρι
1123 4097 1220 4166 τῆς
1270 4095 1507 4166 Χριστοῦ
1562 4095 1861 4167 παρουσίας
1898 4095 1993 4148 καὶ

419 4188 581 4242 οἱονεί
604 4205 722 4250 πως
746 4187 896 4250 ίστάς
923 4187 993 4239 τά
1019 4187 1370 4256 κολαστήρια,
1395 4187 1488 4240 καί⁵
1511 4187 1602 4239 τὸν
1621 4187 1718 4257 τῆς
1744 4187 1992 4256 ἀφέσεως

424 4280 848 4352 κατασημαίνων
881 4279 1092 4349 καιρόν.
1125 4280 1236 4348 Τῆς
1262 4280 1372 4350 γάρ
1396 4279 1651 4348 ἀληθείας
1677 4281 1726 4332 oi
1748 4279 1907 4332 τύποι
1931 4279 1992 4331 τὸ

425 4369 616 4432 κάλλος
667 4369 964 4422 ὡδίνουσιν.
1038 4366 1229 4420 Ἱστέον
1283 4369 1339 4419 δὲ
1390 4369 1471 4419 ὅτι
1533 4367 1911 4438 προσκρούσας
1966 4369 1994 4420 ὁ

437 4463 670 4534 Ἰσραὴλ,
700 4461 1135 4532 τεσσαρακοστὸν
1172 4459 1289 4522 ἐτος
1320 4458 1585 4511 ἐπλανᾶτο
1615 4459 1712 4528 τὴν
1753 4458 1954 4529 ἔρημον
1977 4475 1990 4490 ⁸

422 4554 567 4625 ὅρκῳ
588 4557 693 4625 γάρ
723 4554 936 4623 ὤμοσεν
965 4554 993 4604 ὁ
1018 4553 1171 4615 Θεὸς,
1208 4551 1285 4621 μὴ
1314 4548 1550 4613 εἰσάξειν
1577 4549 1772 4612 αὐτοὺς
1794 4552 1872 4613 εἰς
1897 4549 1994 4619 τὴν

423 4647 527 4715 γῆν
572 4648 668 4716 τῆς
701 4645 1050 4714 ἐπαγγελίας.
1099 4645 1208 4698 Kal.
1236 4639 1305 4714 ἦν
1339 4644 1463 4712 ὄρος
1493 4637 1648 4704 οὗτος
1681 4643 1862 4704 αὐτοῖς
1897 4643 1996 4712 τῆς

423 4739 622 4808 ὀργῆς,
666 4738 1058 4808 παρῳχηκότος
1083 4736 1140 4788 δὲ
1179 4733 1275 4787 τοῦ
1309 4731 1501 4803 καιροῦ
1523 4771 1536 4795 ,
1573 4731 1787 4784 λέλυται
1822 4732 1920 4801 μὲν
1961 4733 1993 4802 ή

423 4828 597 4898 ὀργὴ,
639 4828 894 4898 διέϐησαν
927 4827 982 4880 δὲ
1015 4827 1108 4879 τὸν
1156 4824 1424 4894 Ἰορδάνην
1471 4824 1520 4875 οί
1560 4822 1620 4886 ἐξ
1653 4822 1860 4884 αὐτῶν,
1904 4823 1998 4873 καὶ

423 4921 757 4990 εἰσέφρησαν
801 4921 882 4981 είς
922 4917 1019 4988 τὴν
1069 4917 1200 4986 γῆν,
1248 4915 1346 4984 οὐχ
1397 4913 1854 4985 ὑπερδραμούσης
1900 4914 1998 4982 τῆς

423 5012 843 5080 ἀγανακτήσεως
887 5009 948 5061 τὸ
992 5007 1427 5078 τεσσαρακοστὸν
1484 5006 1622 5070 ἔτος.
1673 5005 1855 5066 Τύπος
1905 5001 1998 5058 οὖν

422 5103 528 5174 ἀρα
558 5102 650 5154 καὶ
672 5101 824 5153 τοῦδε
857 5098 1054 5167 σαφὴς,
1079 5098 1138 5150 τὸ
1162 5099 1321 5167 μέχρι
1345 5097 1570 5165 πληγῶν
1587 5097 1990 5165 τεσσαράκοντα

423 5192 820 5247 καταπαίεσθαι
853 5189 1028 5252 τινὰς,
1061 5190 1308 5254 ἀφέσεως
1340 5189 1447 5260 γὰρ
1476 5189 1503 5240 ὁ
1532 5189 1669 5256 μετὰ
1695 5188 1850 5240 τοῦτο
1875 5204 1991 5239 και-

425 5285 548 5348 ρὸς,
576 5283 824 5337 διάϐασιν
853 5283 984 5351 ἡμῖν
1023 5280 1285 5349 εἰσφέρων
1318 5281 1416 5350 τὴν
1454 5279 1547 5332 τοῦ
1593 5279 1851 5350 Ἰορδάνου
1893 5279 1989 5349 τὴν

425 5375 723 5443 μυστικὴν,
752 5372 846 5425 καὶ
890 5372 995 5442 μὴν
1031 5370 1124 5422 καὶ
1153 5369 1426 5439 μαχαίρας
1461 5370 1721 5439 πετρίνοις
1741 5411 1753 5432 ,
1782 5371 1810 5421 ὅ
1839 5372 1951 5422 ἐστι
1972 5409 1986 5432 ,

419 5465 519 5535 τὴν
550 5467 608 5518 ἐν
637 5463 907 5534 πνεύματι
933 5459 1255 5533 περιτομὴν,
1284 5461 1378 5513 καὶ
1408 5460 1507 5531 τὴν
1550 5461 1723 5531 Ἰησοῦ
1757 5479 1989 5532 στρατη-

497 5655 539 5685 ³⁹
573 5653 760 5708 Matth.
797 5669 864 5710 vt.
899 5653 979 5706 ιο.
1058 5654 1095 5685 ³³
1126 5652 1226 5708 lsa.
1261 5667 1369 5712 Llll,
1408 5653 1455 5707 5.

2095 1820 2288 1876 berum
2312 1823 2598 1891 supplicia,
2627 1832 2735 1878 tam
2757 1825 2913 1878 caesis
2935 1839 3099 1894 quam
3131 1825 3490 1891 caedentibus,
3512 1841 3687 1896 usque

2095 1913 2163 1967 ad
2217 1914 2710 1983 quadragenarium
2757 1916 3043 1984 plagarum
3104 1931 3396 1970 numerum
3460 1933 3686 1987 progre-

2095 2005 2340 2070 diuntur,
2375 2006 2426 2059 id
2474 2006 2620 2060 illius
2672 2007 2938 2076 unigeniti
2976 2007 3118 2072 Filii,
3169 2018 3449 2078 assumpta
3497 2025 3684 2073 carne,

2096 2097 2518 2166 dispensationis
2569 2107 2786 2167 tempus
2849 2099 3010 2153 nobis
3060 2101 3535 2169 exoptatissmum
3594 2101 3676 2154 in-

2096 2187 2259 2252 dicat,
2285 2199 2654 2258 quotempore
2672 2190 2845 2243 livore
2873 2193 2994 2260 ejus
3027 2205 3127 2246 nos
3163 2193 3340 2246 sanati
3373 2207 3600 2256 sumus;
3627 2197 3686 2244 et

2097 2277 2212 2347 ipse
2238 2279 2461 2348 quidem
2487 2279 2794 2334 infirmatus
2820 2289 2906 2333 est
2928 2289 3153 2349 propter
3178 2291 3402 2352 peccata
3430 2291 3615 2337 nostra
3641 2283 3684 2315 ³¹

2096 2381 2220 2420 cum
2265 2368 2483 2436 injuriis
2526 2383 2652 2421 eum
2697 2367 3020 2432 affecerunt,
3066 2371 3158 2438 qui
3208 2385 3277 2424 ex
3315 2371 3479 2425 Israel
3511 2387 3686 2442 genus

2096 2458 2396 2522 ducebant,
2429 2465 2594 2526 atque
2642 2459 2698 2512 in
2731 2461 2852 2530 ejus
2879 2466 3093 2528 tergum
3133 2460 3342 2515 Pilatus
3369 2462 3554 2531 plagas
3594 2462 3685 2515 in-

2095 2548 2267 2614 ﬂixit;
2321 2565 2420 2603 nos
2452 2549 2696 2603 vicissim
2721 2566 2751 2604 a
2778 2550 2957 2619 poenis
2993 2559 3158 2620 atque
3189 2551 3459 2620 supplicio
3498 2565 3689 2607 sumus

2093 2641 2290 2709 erepti.
2329 2640 2469 2694 Olim
2497 2656 2732 2709 namque
2756 2642 2926 2694 multa
2945 2651 3103 2696 erant
3122 2641 3329 2712 ﬂagella
3353 2645 3681 2713 peccatoris,

2097 2743 2156 2786 ut
2175 2732 2439 2801 scriptum
2462 2741 2547 2786 est
2578 2731 2648 2796 ³²,
2672 2733 2767 2786 sed
2793 2748 2892 2801 pro
2915 2733 3074 2786 nobis
3097 2733 3397 2803 ﬂagellatus
3423 2743 3507 2788 est
3527 2734 3688 2790 Chri-

2065 2829 2215 2878 stus:
2245 2826 2305 2874 ut
2341 2823 2489 2875 enim
2523 2837 2624 2890 pro
2645 2823 2901 2877 omnibus
2935 2832 3182 2878 mortuus
3204 2833 3310 2891 est,
3337 2826 3409 2878 ita
3439 2842 3536 2895 pro
3559 2841 3678 2879 om-

2096 2912 2261 2966 nibus
2283 2927 2503 2980 quoque
2542 2911 2866 2981 ﬂagellatus,
2896 2928 3022 2966 cum
3063 2929 3205 2969 unus
3229 2916 3400 2969 instar
3432 2916 3678 2970 omnium

2096 3011 2264 3056 esset.
2307 3003 2608 3056 Numerum
2653 3019 2816 3071 porro
2855 3005 3217 3074 quadraginta
3258 3005 3495 3071 dierum,
3557 3008 3599 3061 si
3630 3008 3687 3060 in

2098 3089 2388 3158 quinquies
2411 3100 2534 3144 octo
2568 3091 2939 3156 distribueris,
2975 3094 3292 3161 quinarium
3337 3095 3583 3162 reperies
3631 3103 3690 3150 et

2092 3180 2452 3245 octonarium,
2477 3189 2631 3249 aptos
2664 3196 2926 3235 numeros
2963 3183 3030 3236 ad
3061 3184 3178 3251 ejus
3209 3186 3472 3252 temporis
3513 3185 3687 3255 signi-

2091 3269 2398 3326 ﬁcationem
2444 3290 2458 3324 :
2504 3271 2727 3325 advenit
2773 3272 2920 3326 enim
2969 3273 3059 3328 ille
3111 3274 3438 3344 Unigenitus
3489 3276 3689 3346 quinto

2094 3369 2355 3430 tempore,
2375 3364 2528 3433 juxta
2563 3361 2708 3415 illam
2732 3363 3104 3431 evangelicam
3145 3363 3459 3432 parabolam
3491 3382 3504 3417 :
3538 3364 3685 3420 Con-

2092 3453 2248 3506 duxit
2269 3454 2414 3507 enim
2440 3454 2662 3523 quidam
2675 3454 2962 3522 operarios
2987 3455 3044 3508 in
3067 3456 3306 3519 vineam,
3336 3471 3460 3510 cum
3485 3458 3689 3511 exisset

2091 3546 2237 3600 circa
2281 3545 2475 3598 horam
2517 3545 2771 3614 primam,
2821 3548 3060 3610 tertiam,
3105 3553 3314 3600 sextam
3364 3561 3586 3616 quoque
3624 3561 3688 3600 ac

2092 3652 2288 3692 nonam
2317 3646 2373 3692 et
2417 3637 2760 3691 undecimam
2792 3637 2838 3668 ³³
2871 3655 2884 3690 :
2933 3638 3238 3692 resurrexit
3261 3645 3441 3692 autem
3493 3646 3688 3694 octavo

2091 3728 2200 3792 die,
2224 3728 2506 3782 destructo
2537 3727 2732 3781 mortis
2769 3727 3022 3796 imperio,
3051 3735 3108 3782 et
3131 3743 3256 3782 cum
3283 3744 3350 3783 eo
3397 3728 3685 3784 adventitii

2092 3822 2348 3879 interitus
2398 3828 2626 3889 parente
2671 3820 2834 3875 simul
2895 3820 3252 3890 interempto,
3304 3830 3550 3891 peccato,
3600 3822 3687 3876 in-

2091 3925 2276 3983 quam,
2319 3927 2428 3981 quo
2472 3911 2710 3976 sublato,
2746 3910 2980 3965 verbera
3014 3925 3231 3980 quoque
3281 3927 3346 3966 ac
3393 3927 3585 3980 poenas
3627 3920 3688 3966 et

2092 4001 2359 4071 supplicia
2409 4009 2633 4069 peccato
2664 3999 2851 4054 debita
2899 4015 3117 4054 cessare
3163 4015 3387 4055 necesse
3410 4007 3514 4054 est.
3561 4000 3685 4054 Fla-

2091 4095 2229 4164 gella
2253 4094 2422 4163 igitur
2451 4091 2958 4161 quadragenarium
3002 4091 3183 4145 adhuc
3210 4106 3503 4144 numerum
3526 4105 3686 4145 exce-

2092 4185 2221 4239 dere
2245 4199 2354 4238 non
2378 4184 2647 4254 permittit
2671 4184 2778 4247 lex,
2808 4184 2936 4251 quia
2962 4197 3134 4250 usque
3159 4185 3226 4235 ad
3248 4181 3452 4236 Christi
3481 4181 3687 4235 adven-

2096 4285 2209 4330 tum
2233 4274 2500 4343 supplicia
2518 4289 2588 4328 ne
2608 4273 2753 4326 ultra
2775 4272 3262 4343 progrederemur,
3286 4271 3686 4339 quodammodo

2094 4367 2256 4430 sistit,
2291 4381 2355 4419 ac
2380 4366 2540 4418 simul
2581 4364 2924 4418 remissionis
2977 4370 3198 4432 tempus
3245 4362 3532 4432 designat:
3558 4377 3685 4417 nam

2095 4454 2562 4525 pulchritudinem
2579 4452 2827 4507 veritatis
2853 4452 3037 4522 ﬁgurae
3059 4451 3503 4506 continent.lllud
3522 4467 3686 4521 porro

2094 4547 2379 4601 sciendum
2401 4553 2485 4599 est
2524 4544 2801 4608 lsraelem,
2824 4541 3142 4613 278quod
3165 4543 3336 4598 Deum
3348 4542 3687 4608 ot'l‘endisset,

2097 4635 2455 4705 quadraginta
2501 4648 2676 4688 annos
2713 4649 2812 4703 per
2847 4633 3129 4688 desertum
3170 4633 3485 4687 oberrasse:
3531 4635 3687 4704 jura-

2100 4737 2287 4784 mento
2312 4729 2460 4782 enim
2511 4726 2718 4799 juravit
2776 4727 2943 4790 Deus,
2990 4740 3102 4779 non
3144 4741 3202 4779 se
3245 4726 3688 4780 introducturum

2094 4821 2265 4876 cosiu‘
2312 4828 2521 4875 terram
2573 4818 2990 4889 promissionis;
3056 4819 3214 4886 isque
3263 4825 3383 4871 erat
3432 4816 3540 4871 illis
3590 4817 3686 4871 irae

2099 4912 2366 4967 terminus
2406 4909 2784 4981 praestitutus:
2815 4924 2924 4978 quo
2939 4909 3124 4978 elapso
3151 4917 3412 4977 tempore,
3451 4908 3686 4962 cessavit

2096 5003 2197 5069 ira,
2235 5019 2299 5058 ac
2325 5003 2623 5058 .lordanem
2657 5003 2876 5056 illorum
2905 5001 3110 5072 posteri
3139 5002 3492 5071 traiecerunt,
3527 5006 3583 5053 et
3627 4999 3681 5052 in

2089 5108 2287 5154 terram
2319 5099 2549 5170 ingressi
2571 5106 2719 5164 sunt,
2748 5114 2873 5153 cum
2913 5098 3003 5151 illa
3031 5093 3335 5164 indignatio
3376 5092 3518 5146 ultra
3543 5107 3682 5160 qua-

2088 5191 2453 5262 dragesimum
2469 5206 2672 5245 annum
2701 5206 2812 5244 non
2867 5195 3015 5243 esset
3040 5199 3277 5255 egressa.
3308 5182 3479 5252 Igitur
3517 5182 3683 5252 hujus

2087 5297 2306 5351 quoque
2339 5282 2414 5336 rei
2440 5281 2666 5335 evidens
2705 5279 2876 5348 ﬁgura
2904 5277 3024 5340 l'uit,
3062 5273 3215 5343 quod
3259 5286 3438 5340 usque
3466 5271 3682 5340 adqua-

2086 5371 2334 5442 draginta
2350 5373 2534 5441 plagas
2561 5370 2728 5438 aliqui
2751 5367 3104 5421 audebantur
3129 5382 3144 5417 :
3167 5362 3500 5418 remissionis
3531 5359 3678 5416 enim

2086 5471 2301 5533 tempus
2324 5470 2460 5527 erat,
2491 5461 2636 5531 quod
2657 5468 2781 5530 post
2815 5474 2944 5515 eum
2975 5463 3272 5514 numerum
3301 5451 3676 5524 consequeba-

1536 5655 1577 5685 ³³
1607 5654 1745 5709 Psal.
1791 5671 1931 5716 xxxi.
1979 5655 2056 5707 10.
2141 5655 2182 5686 ³³
2219 5654 2406 5709 Matth.
2455 5667 2542 5708 xx.
2584 5650 2723 5706 l-lG.
