4142 6296
492 252 600 310 575

1519 254 1576 309 S.
1618 254 1892 312 CYRILLI
1933 257 2404 314 ALEXANDBINI
2442 260 2757 316 ARCHIEP.

3637 254 3753 309 576-

491 381 604 439 tur,
640 370 927 428 transitum
978 369 1134 425 nobis
1162 371 1456 441 mysticum
1501 372 1757 428 Jordanis
1808 373 2065 441 all‘erens,

2178 376 2330 444 γίαν·
2366 378 2554 444 γέγονε
2584 377 2692 448 γὰρ
2720 377 2853 446 ἡμῖν
2898 372 3217 445 καθηγητὴς
3254 373 3283 425 6
3314 370 3571 444 Χριστὸς,
3605 369 3745 442 μετὰ

488 478 702 518 necnon
749 460 992 530 lapideos
1045 462 1270 527 cultros,
1312 463 1365 515 id
1409 470 1533 526 est,
1573 463 1721 516 illam
1769 464 1825 517 in
1863 466 2061 533 spiritu

2168 468 2370 520 Μωσέα
2394 469 2483 521 ml.
2507 469 2692 538 νόμον.

487 550 982 614 circumcisionem,
1011 557 1066 605 et
1101 551 1250 604 illam
1305 549 1433 605 Jcsu
1475 550 1884 620 imperatoriam
1921 559 2290 622 potestatem:
2337 555 2448 611 dux
2501 557 2703 627 quippe
2743 555 2904 610 nobis
2951 555 3128 610 factus
3171 561 3257 608 est
3319 553 3574 609 Christus
3620 550 3744 619 post

486 646 707 714 Moysen
727 658 790 696 ac
819 643 1015 712 legem.

559 732 754 788 PALL.
777 732 1083 786 Assentior.
1982 801 1988 803 _

555 823 714 878 (ΠΒ.
749 823 818 878 Ut
846 823 1013 892 igitur
1042 831 1192 877 recto
1215 829 1376 892 atque
1411 822 1729 892 incorrupto
1749 823 1979 893 judicio,
2019 823 2065 876 si

491 929 614 984 quae
641 914 766 968 lites
804 913 1116 978 inciderint,
1151 913 1498 978 dirimantur,
1545 923 1602 968 et
1635 914 1850 984 injuriae
1905 923 2067 980 atque

487 1007 792 1074 iniquitatis
818 1021 1018 1077 genera
1041 1007 1326 1060 tollantur:
1358 1025 1376 1057 ι
1396 1006 1636 1072 Judices,
1657 1006 1853 1074 inquit,
1879 1014 1932 1060 et
1956 1021 2068 1060 ma-

486 1093 1023 1167 gistros'constitues
1053 1098 1150 1152 tibi
1193 1098 1248 1151 in
1283 1098 1538 1152 omnibus
1600 1097 1915 1151 civitatibus
1961 1096 2068 1150 tuis

487 1202 625 1255 quas
651 1187 914 1240 Dominus
939 1188 1082 1242 Deus
1114 1187 1207 1240 dat
1251 1187 1370 1252 tibi,
1396 1203 1493 1257 per
1528 1188 1734 1253 tribus;
1769 1195 1824 1240 et
1853 1187 2067 1256 judica-

487 1276 627 1330 bunt
652 1278 912 1346 populum
933 1278 1080 1346 justo
1093 1277 1352 1347 njudicio:
1397 1294 1506 1332 non
1536 1278 1892 1332 declinabunt
1917 1276 2067 1346 judi-

486 1368 652 1432 cium,
712 1385 890 1438 neque
937 1377 1236 1440 agnoscent
1289 1370 1509 1434 faciem,
1561 1385 1740 1438 neque
1799 1369 2069 1438 accipient

486 1473 713 1510 munera
735 1475 746 1510 :
769 1474 998 1512 munera
1016 1460 1162 1513 enim
1175 1468 1451 1513 excaecant
1466 1460 1655 1513 oculos
1668 1459 1995 1527 sapientum,
2014 1465 2070 1512 et

485 1549 738 1602 auferunt
751 1564 1033 1604 sermones
1038 1552 1312 1621 justorum
1326 1551 1369 1581 "
1393 1570 1410 1600 ι
1430 1549 1667 1620 AEquum
1682 1550 1827 1602 enim
1846 1549 2072 1618 putabat

484 1639 591 1703 lex,
614 1647 670 1693 et
697 1640 892 1694 merito
922 1641 1236 1710 quicunque
1261 1641 1329 1695 ad
1358 1640 1561 1711 judicia
1579 1639 1882 1694 exercenda
1903 1639 2072 1692 collo-

485 1730 591 1783 cati
614 1739 817 1796 essent,
851 1748 948 1786 eos
986 1733 1228 1787 suilucri
1253 1743 1418 1801 atque
1452 1731 1819 1786 emolumenti
1851 1731 2069 1799 cupidi-

488 1826 598 1872 tate
645 1819 870 1874 minime
919 1822 1061 1890 capi,
1121 1837 1300 1890 neque
1343 1821 1576 1874 aliorum
1621 1819 1809 1890 gratiae
1858 1827 2071 1873 tantum

488 1910 754 1976 tribuere,
787 1921 846 1967 ut
877 1928 908 1965 a
950 1919 1099 1966 recto
1138 1913 1458 1981 integroque
1484 1910 1660 1964 cilicio
1694 1910 2065 1973 declinarent;

2233 729 2440 784 ΠΑΛΛ.
2471 729 2753 800 Πείθομαι.

2237 822 2402 876 ΚΥΡ.
2433 823 2547 875 Ἰνα
2575 822 2753 874 τοίνυν
2775 817 2951 890 ὀρθῶς
2969 835 3029 871 τε
3053 819 3146 872 καὶ
3171 817 3486 880 ἀδεκάστως
3508 818 3576 872 τὰ
3603 837 3716 892 παρ

2167 914 2509 982 εμπίπτοντα
2532 913 2876 983 διακρίνοιτο,
2908 911 3001 965 καὶ
3029 914 3076 963 οί
3103 911 3204 979 τῆς
3231 910 3546 974 πλεονεξίας
3569 913 3742 980 ἀφαν-

2171 1003 2364 1067 ίζοιντο
2397 1004 2606 1074 τρόποι,
2644 1021 2662 1053 ι
2704 1001 2930 1073 Κριτὰς,
2972 1002 3135 1071 φησὶ,
3193 1003 3286 1053 καὶ
3333 1019 3744 1072 γραμματοεισ-

2167 1097 2404 1162 αγωγεῖς
2446 1096 2809 1164 καταστήσεις
2857 1093 3066 1163 σεαυτῷ
3105 1096 3162 1146 ἐν
3193 1095 3395 1158 πάσαις
3422 1097 3544 1158 ταῖς
3559 1097 3744 1150 πόλεσί

2170 1204 2284 1250 σου,
2315 1181 2403 1249 αἷς
2443 1187 2646 1257 Κύριος
2678 1188 2706 1239 ὁ
2739 1185 2869 1247 Θεὸς
2885 1183 3066 1236 δίδωσί
3097 1200 3218 1257 σοι,
3248 1183 3391 1237 κατὰ
3431 1184 3602 1252 φυλὰς
3651 1187 3746 1238 καὶ

2169 1277 2416 1348 κρινοῦσι
2461 1277 2551 1330 τὸν
2596 1277 2722 1329 λαὸν
2761 1275 2975 1328 δικαίαν
3021 1275 3224 1345 κρίσιν.
3279 1276 3393 1329 Οὐκ
3438 1275 3744 1329 ἐκκλινοῦσι

2170 1371 2376 1440 κρίσιν,
2411 1370 2531 1424 οὺδέ
2560 1369 2950 1437 ἐπιγνώσονται
2987 1367 3300 1438 πρόσωπον,
3331 1367 3452 1421 ούδέ
3481 1368 3746 1438 λήψονται

2168 1461 2318 1532 δῶρα
2338 1476 2352 1490 ⁸
2381 1461 2449 1513 τὰ
2478 1460 2585 1530 γὰρ
2611 1460 2762 1529 δῶρα
2791 1461 3048 1527 ἐκτυφλοῖ
3072 1458 3384 1526 ὀφθαλμοὺς
3412 1457 3591 1527 σοφῶν
3610 1498 3624 1520 ,
3650 1457 3748 1510 καὶ

2170 1550 2376 1622 ἐξαίρει
2409 1550 2601 1618 λόγους
2645 1550 2888 1603 δικαίων.
2937 1569 2956 1600 ι
2999 1550 3158 1618 ᾬετο
3200 1547 3308 1619 γὰρ
3341 1548 3451 1600 δεῖν
3487 1550 3516 1601 6
3548 1549 3744 1618 νόμος,

2171 1644 2265 1696 καὶ
2303 1642 2451 1713 μάλα
2478 1642 2702 1704 εἰκότως
2729 1642 2853 1705 τοὺς
2886 1642 3042 1710 οἵπερ
3071 1639 3136 1693 ἂν
3160 1637 3268 1694 εἷεν
3297 1641 3376 1704 είς
3405 1641 3466 1693 τὸ
3504 1640 3748 1704 δικάζειν

2170 1732 2420 1802 ἠγμένοι,
2451 1733 2544 1785 ml.
2577 1732 2671 1784 τοῦ
2695 1730 3127 1802 χρηματίζεσθαι
3155 1729 3330 1798 φιλεῖν
3363 1729 3593 1801 ὁρᾶσθαι
3624 1729 3746 1798 βελ-

2170 1823 2338 1885 τίους,
2375 1823 2470 1875 καὶ
2494 1824 2560 1892 τῇ
2592 1823 2727 1892 πρός
2759 1839 2911 1885 τινας
2947 1821 3082 1875 αἰδοῖ
3113 1822 3186 1893 μὴ
3220 1822 3616 1892 χαριζομένους
3652 1822 3748 1877 τοῦ

2172 1912 2352 1974 καλῶς
2382 1915 2476 1966 καὶ
2505 1913 2840 1983 ἁδιαδλήτως
2877 1913 3089 1983 ἔχοντος
3128 1913 3224 1982 τὴν
3270 1913 3612 1983 παράϐασιν,
3655 1915 3751 1966 καὶ

487 2002 581 2056 sed
621 2004 805 2072 potius
838 2004 987 2057 illam
1025 2004 1082 2057 in
1126 2004 1354 2058 alteram
1405 2010 1619 2072 partem
1663 2000 2073 2055 inclinationem

2178 2004 2284 2074 μὴν
2318 2006 2410 2057 καὶ
2454 2005 2514 2056 τὸ
2560 2005 2922 2075 ἐτεροκλινές,
2955 2005 3032 2067 ὡς
3073 2004 3286 2057 ἀνόσιον
3325 2004 3748 2074 ἀποσειομένους

487 2094 657 2146 veluti
685 2095 950 2148 nefariam
987 2094 1304 2165 rejiciendo,
1341 2109 1404 2148 ac
1441 2093 1680 2162 singulas
1705 2109 1795 2146 res
1827 2092 2067 2162 legitime

486 2186 863 2254 ponderando,
914 2188 1118 2243 imitari
1162 2188 1316 2241 illum
1366 2186 1754 2239 universorum
1799 2185 2065 2254 judicem,

487 2276 768 2330 Christum
815 2278 1088 2343 videlicet,
1143 2292 1306 2346 quem
1342 2277 1458 2344 ipsa
1507 2290 1726 2344 quoque
1767 2274 1854 2328 lex
1881 2283 2069 2343 aperte

486 2370 893 2436 praenuntiavit,
928 2385 1052 2424 cum
1096 2369 1273 2434 illum,
1308 2376 1502 2438 utpote
1556 2367 1653 2436 qui
1705 2367 1852 2421 Deus
1902 2373 2066 2429 esset,

487 2458 655 2512 etiam
694 2460 938 2530 judicem
992 2467 1336 2531 agnosceret.
1387 2459 1480 2514 Sic
1521 2459 1668 2512 enim
1713 2472 1902 2511 rursus
1946 2457 2068 2510 ait:

495 2569 514 2601 ι
539 2550 597 2605 Si
628 2567 759 2605 vero
792 2551 1071 2622 ingressus
1097 2551 1271 2606 fueris
1303 2551 1360 2605 in
1387 2559 1591 2604 terram
1619 2564 1783 2618 quam
1806 2547 2070 2602 Dominus

488 2643 635 2698 Deus
663 2653 790 2697 tuus
816 2643 909 2696 dat
953 2643 1055 2696 tibi
1105 2643 1163 2696 in
1214 2643 1640 2712 possessionem,
1676 2648 1732 2693 et
1760 2636 2073 2707 possederis

489 2750 634 2798 eam,
669 2742 726 2788 et
757 2734 1092 2788 habitaveris
1127 2735 1184 2786 in
1225 2749 1312 2796 ea,
1353 2741 1410 2786 et
1443 2731 1645 2785 dixeris
1674 2748 1686 2782 :
1727 2729 2073 2784 ConStituam

491 2825 627 2878 mihi
651 2824 973 2893 principem,
997 2832 1057 2877 ut
1082 2833 1137 2877 et
1165 2825 1284 2878 alia:
1319 2831 1510 2892 gentes
1575 2837 1696 2890 quae
1721 2827 1849 2874 sunt
1876 2820 1933 2872 in
1962 2820 2072 2873 cir-

491 2918 646 2972 cuitu
678 2931 828 2982 meo;
863 2916 1205 2970 constituens
1284 2913 1585 2968 constitues
1612 2912 1711 2965 tibi
1764 2910 2073 2981 principem

491 3023 657 3078 quem
687 3008 913 3078 elegerit
935 3007 1200 3061 Dominus
1225 3007 1369 3062 Deus
1398 3013 1555 3070 tuus;
1585 3006 1765 3075 ipsum
1792 3004 1860 3059 de
1887 3003 2072 3058 fratri-

493 3099 596 3154 bus
624 3098 733 3153 tuis
758 3097 1058 3153 constitues
1100 3112 1263 3166 super
1295 3104 1346 3150 te
1366 3097 1668 3166 principem
1694 3112 1706 3148 :
1734 3110 1842 3148 non
1871 3093 2076 3164 poteris

493 3189 829 3244 constituere
872 3203 1038 3258 super
1069 3193 1121 3242 te
1154 3186 1459 3257 principem
1504 3187 1783 3240 hominem
1812 3184 2074 3256 alienige-

495 3293 642 3341 nam,
677 3278 806 3345 quia
829 3291 940 3331 non
965 3287 1048 3331 est
1070 3276 1237 3330 frater
1254 3284 1380 3330 tuus
1397 3276 1464 3329 ³⁵.
1496 3295 1513 3326 ›
1541 3275 1768 3345 Oportet
1799 3276 1946 3330 enim
1975 3290 2076 3330 nos

493 3385 525 3423 a
577 3369 843 3424 servitute
885 3374 1152 3422 creatura:
1195 3367 1378 3436 potius
1440 3383 1604 3438 quam
1645 3368 1910 3422 creatoris
1956 3367 2054 3421 Dei

496 3459 814 3528 longissime
852 3458 1210 3529 refugientes,
1241 3459 1308 3514 ad
1357 3460 1606 3514 veritatis
1632 3474 1915 3515 sermones
1947 3473 2079 3528 pro-

499 3563 700 3618 pensos
719 3563 859 3612 esse,
887 3555 943 3602 et
983 3563 1270 3604 accurrere
1303 3550 1709 3620 quodammodo
1744 3552 1799 3605 in
1833 3559 2081 3606 sanctam

501 3649 725 3704 terram,
755 3638 917 3708 279
938 3639 991 3693 id
1010 3649 1112 3703 est,
1135 3639 1204 3694 ad
1239 3635 1784 3711 promissionem'Dei,
1804 3659 1903 3713 per
1918 3643 2079 3698 fidem

499 3743 622 3797 quae
654 3737 738 3783 est
764 3729 821 3782 in
847 3728 1085 3795 Christo,
1124 3740 1286 3800 atque
1314 3732 1390 3785 ita
1419 3734 1760 3789 constituere
1787 3750 1954 3804 super
1982 3753 2083 3793 nos

501 3819 803 3890 principem
815 3835 879 3875 ac
901 3821 1143 3892 judicem
1169 3823 1324 3876 illum
1357 3824 1452 3891 qui
1487 3839 1552 3877 ex
1570 3825 1683 3878 Deo
1707 3834 1861 3880 ortus
1883 3830 2083 3893 est,Fi—

500 3909 659 3974 lium,
691 3910 940 3978 quamvis
969 3926 1092 3964 cum
1125 3926 1288 3964 carne
1319 3911 1677 3982 intelligatur,
1701 3916 1795 3984 qui
1829 3916 1898 3971 de
1926 3918 2087 3974 nobis

509 4003 643 4058 dicit
683 4019 694 4054 :
741 4021 759 4053 ι
797 4000 906 4072 Ego
931 4012 1109 4056 autem
1140 4001 1468 4057 constitutus
1501 4020 1620 4058 sum
1651 4021 1747 4060 rex
1776 4008 1844 4062 ab
1885 4025 1950 4064 eo
1982 4026 2073 4065 su-

507 4110 606 4165 per
633 4093 761 4147 Sion
793 4101 1031 4153 montem
1061 4100 1308 4147 sanctum
1340 4094 1477 4162 ejus,
1508 4096 1809 4163 praedicans
1835 4115 2076 4170 praecep-

509 4193 621 4238 tum
655 4183 867 4238 Domini
893 4183 1004 4237 “.t
1045 4183 1224 4238 Alium
1263 4192 1443 4238 autem
1475 4185 1615 4239 ultra
1657 4187 1808 4241 illum
1851 4190 2076 4245 omnino

507 4275 856 4330 admittemus
897 4276 1190 4341 neminem,
1231 4292 1406 4347 neque
1438 4287 1750 4333 exterornm
1787 4280 1918 4351 jugo
1955 4297 2076 4336 cer-

509 4367 680 4422 vicem
711 4367 1123 4423 submittemus:
1159 4385 1300 4425 unus
1336 4380 1418 4424 est
1439 4371 1583 4425 enim
1624 4372 1781 4426 nobis
1819 4374 2073 4443 magister

502 4456 828 4512 Christus".
870 4457 1044 4512 Miseri
1068 4467 1248 4512 autem
1271 4459 1441 4514 Judaei
1464 4459 1665 4514 exclusi
1695 4471 1822 4514 sunt
1851 4471 2071 4532 propter

508 4544 904 4610 inﬁdelitatem,
928 4561 1102 4616 neque
1123 4546 1228 4601 sibi
1247 4546 1552 4616 principem
1587 4564 1651 4603 ac
1669 4549 1910 4620 judicem
1935 4567 2093 4608 acce-

2171 2094 2597 2158 ταλαντεύοντὰς
2625 2113 2684 2147 τε
2719 2096 2996 2165 συννόμως
3021 2095 3227 2148 ἕκαστα
3255 2095 3361 2151 τῶν
3385 2096 3749 2166 πραγμάτων,

2171 2186 2264 2238 καὶ
2301 2185 2390 2238 τὸν
2423 2185 2529 2238 τῶν
2569 2186 2706 2238 ὅλων
2737 2185 3131 2255 ἀπομιμεῖσθαι
3160 2187 3384 2257 κριτὴν,
3425 2186 3569 2238 τοῦτ’
3611 2186 3748 2251 ἐστι,

2171 2276 2440 2347 Χριστὸν,
2479 2275 2538 2328 ὃν
2578 2276 2672 2329 καὶ
2705 2275 2868 2338 αὐτὸς
2918 2277 2946 2328 6
2994 2275 3156 2346 νόμος
3207 2275 3752 2347 προαναπεφώνηκεν

2170 2368 2450 2439 ἐναργῶς,
2483 2368 2578 2421 ml.
2618 2368 2812 2438 κριτὴν
2853 2367 2981 2421 ὄντα
3013 2367 3166 2431 εἰδὼς
3199 2369 3274 2431 ὡς
3315 2367 3468 2422 Θεόν.
3513 2369 3656 2436 Ἔφη
3693 2367 3752 2420 δὲ

2171 2461 2312 2514 οὕτω
2343 2461 2524 2514 πάλιψ
2569 2478 2586 2511 ι
2633 2459 2758 2513 Ἐὰν
2781 2460 2838 2513 δέ
2858 2459 3104 2531 εἰσέλθῃς
3143 2459 3223 2519 εἰς
3254 2461 3353 2528 τὴν
3380 2459 3482 2528 γῆν
3501 2499 3515 2522 ,
3540 2459 3605 2529 ἣν
3635 2458 3754 2510 Κύ-

2176 2569 2289 2623 ριος
2327 2553 2355 2604 6
2401 2552 2535 2616 Θεός
2574 2569 2668 2605 σου
2710 2550 2893 2604 δίδωσί
2921 2568 3003 2604 σοι
3031 2553 3088 2605 ἐν
3114 2550 3300 2621 κλήρῳ
3324 2591 3337 2612 ,
3373 2550 3466 2602 καὶ
3499 2549 3755 2621 κληρονοο

2177 2645 2356 2714 μήσῃς
2388 2645 2579 2714 αὐτὴν,
2613 2645 2706 2697 ml.
2739 2644 3073 2713 κατοικήσῃς
3100 2643 3187 2694 ἐπ’
3209 2643 3402 2712 αὐτῆς,
3433 2641 3526 2695 καὶ
3551 2641 3714 2712 εἴπῃς
3737 2683 3752 2704 ,

2172 2737 2514 2805 Καταστήσω
2553 2736 2641 2788 ἐπ’
2669 2735 2903 2806 ἐμαυτὸν
2931 2735 3167 2806 ἄρχοντα
3199 2732 3346 2786 καθὰ
3375 2734 3466 2786 ml.
3491 2731 3559 2785 τὰ
3591 2732 3754 2785 λοιπὰ

2174 2825 2299 2896 εθνη
2322 2826 2390 2878 τὰ
2419 2826 2602 2897 κύκλῳ
2637 2844 2761 2896 μου,
2793 2825 3066 2879 καθιστῶν
3088 2826 3450 2894 καταστήσεις
3474 2825 3566 2877 ἐπὶ
3591 2841 3752 2878 σεαυ-

2173 2913 2264 2967 τὸν
2289 2913 2544 2985 ἄρχοντα,
2575 2915 2632 2966 ὃν
2661 2914 2725 2968 ἂν
2759 2913 3044 2984 ἐκλέξηται
3065 2913 3270 2984 Κύριος
3301 2916 3329 2967 6
3357 2913 3488 2976 Θεός
3513 2931 3628 2978 σου,
3663 2915 3758 2966 αύο

2173 3006 2265 3060 τὸν
2309 3009 2374 3060 ἐκ
2416 3006 2524 3060 τῶν
2561 3005 2805 3074 ἀδελφῶν
2845 3022 2939 3058 σου
2986 3006 3349 3075 καταστήσεις
3388 3005 3480 3058 ἐπὶ
3530 3005 3756 3058 σεαυτὸν

2175 3099 2414 3169 ἄρχοντα
2432 3111 2448 3127 ⁸
2477 3099 2536 3151 οὐ
2557 3097 2762 3168 δυνήσῃ
2792 3096 3136 3166 καταστῆσαι
3163 3097 3254 3149 ἐπὶ
3287 3097 3511 3150 σεαυτὸν
3545 3096 3755 3167 ἄνθρω-

2176 3207 2276 3244 πον
2309 3187 2602 3260 ἀλλότριον,
2639 3187 2718 3241 ὅτι
2750 3187 2849 3242 οὐκ
2886 3186 3115 3256 ἀδελφός
3161 3185 3254 3240 σού
3296 3187 3468 3242 ἐστιν.
3511 3205 3531 3238 ι
3571 3187 3644 3240 Οὐ
3679 3186 3762 3239 δεῖ

2178 3281 2288 3353 γὰρ
2325 3281 2472 3352 ἡμᾶς
2515 3282 2581 3350 τῇ
2625 3280 2801 3333 κτίσει
2847 3279 3132 3351 λατρεύειν
3171 3279 3322 3349 παρὰ
3360 3279 3451 3332 τὸν
3495 3276 3758 3331 κτίσαντα

2179 3373 2331 3436 Θεὸν,
2366 3373 2541 3435 ἱέντας
2573 3371 2647 3434 ὡς
2677 3371 2930 3424 ἐσωτάτω
2956 3373 3069 3434 τοῖς
3092 3370 3190 3440 τῆς
3213 3369 3474 3440 ἀληθείας
3501 3367 3759 3440 προσκλί-

2179 3462 2367 3518 νεσθαι
2392 3461 2569 3528 λόγοις
2594 3461 2705 3530 (1),
2743 3461 2835 3514 ml.
2856 3460 3166 3513 εἰσκαλέσαι
3203 3461 3299 3532 μὲν
3329 3459 3518 3530 ὥσπερ
3543 3461 3623 3522 εἰς
3655 3459 3758 3527 γῆν

2179 3551 2279 3621 τὴν
2307 3550 2487 3618 ἁγίαν,
2524 3549 2667 3604 τοῦτ’
2701 3549 2839 3613 ἐστι,
2872 3549 2970 3619 τὴν
2993 3550 3326 3618 ἐπαγγελίαν
3361 3549 3454 3601 τοῦ
3493 3548 3628 3601 Θεοῦ
3662 3547 3760 3616 τὴν

2181 3642 2270 3695 διὰ
2305 3641 2540 3704 πίστεως
2574 3641 2671 3712 τῆς
2708 3641 2767 3694 ἐν
2807 3641 3063 3711 Χριστῷ’
3097 3641 3440 3710 καταστῆσαι
3493 3639 3550 3692 δέ
3589 3637 3762 3700 οὕτως

2183 3734 2267 3804 ἐφ’
2293 3735 2506 3797 ἐαυτοῖς
2529 3733 2764 3804 ἄρχοντα
2791 3733 2887 3785 ml.
2909 3731 3100 3803 κριτὴν
3119 3732 3209 3785 τὸν
3238 3734 3303 3784 ἐκ
3323 3730 3457 3784 Θεοῦ
3478 3728 3764 3798 πεφυκότα

2184 3827 2334 3889 Υἰδν,
2354 3824 2456 3878 κᾶν
2477 3827 2524 3877 εἰ
2547 3827 2720 3877 νοοῖτο
2743 3822 2879 3892 μετὰ
2903 3822 3105 3894 σαρκός
3124 3840 3137 3854 ο
3161 3823 3312 3891 λέγει
3336 3838 3396 3874 τε
3420 3837 3486 3873 πε
3495 3821 3549 3891 pl.
3576 3821 3756 3892 ἡμῶν

2191 3935 2209 3966 ι
2260 3915 2404 3983 Ἐγὼ
2431 3915 2486 3968 δὲ
2517 3912 2858 3983 κατεστάθην
2889 3911 3140 3982 βασιλεὺς
3168 3912 3260 3965 ὑπ’
3285 3911 3472 3976 αὐτοῦ,
3501 3913 3592 3964 ἐπὶ
3625 3910 3769 3962 Σιὼν·

2185 4008 2310 4078 ὅρος
2341 4007 2404 4061 τὸ
2441 4007 2594 4074 ἅγιον
2620 4005 2805 4067 αὐτοῦ,
2841 4005 3173 4074 διαγγέλλων
3202 4005 3264 4058 τὸ
3288 4005 3616 4076 πρόσταγμα
3651 4004 3764 4056 Κυ-

2192 4099 2329 4171 ρίου.
2359 4117 2378 4151 ›
2414 4097 2656 4168 Ἕτερόν,
2679 4114 2743 4166 γε
2776 4097 2884 4167 μὴν
2915 4098 3001 4149 ἐπ’
3033 4095 3182 4167 αὐτῷ
3208 4095 3270 4148 τὸ
3299 4095 3539 4166 σύμπαν,
3571 4094 3762 4148 οὐδένα

2190 4189 2635 4262 παραδεξόμεθα,
2670 4188 2764 4242 ml.
2789 4190 2900 4250 τοῖς
2933 4187 3154 4242 ὀθνείων
3199 4186 3386 4256 ζυγοῖς
3417 4188 3514 4258 ούχ
3548 4185 3764 4239 ὑποίσο-

2194 4301 2293 4354 μεν
2322 4283 2414 4336 τὸν
2442 4281 2644 4351 αὐχένα
2665 4298 2678 4313 ’
2707 4275 2788 4344 εἷς
2811 4281 2918 4352 γὰρ
2945 4282 3075 4350 ἡμῖν
3105 4281 3222 4333 ἐστι
3244 4279 3558 4351 καθηγητὴς
3576 4279 3603 4330 6
3627 4279 3760 4346 Χρι-

2192 4375 2335 4437 στός.
2395 4372 2636 4426 Ἰουδαῖοι
2669 4371 2777 4442 γὰρ
2814 4371 2863 4424 οἰ
2909 4370 3134 4434 τάλανες
3173 4369 3277 4435 ἔξω
3317 4369 3652 4440 μεμενήκασι
3696 4367 3760 4420 δι’

2193 4465 2468 4527 ἀπιστίαν,
2493 4465 2585 4518 ml.
2603 4464 2802 4534 ἥκιστα
2828 4463 2929 4532 μὲν
2964 4464 3048 4531 ἐφ’
3081 4464 3306 4526 ἑαυτοῖς
3328 4463 3407 4524 εἰς
3443 4461 3680 4531 ἄρχοντά
3705 4476 3763 4512 τε

2193 4559 2288 4612 ml.
2316 4558 2509 4629 κριτὴν
2549 4555 2902 4622 κατεδέξαντο
2947 4555 3041 4608 τὸν
3079 4555 3344 4624 Χριστὸν,
3379 4553 3472 4608 καί
3507 4571 3590 4607 τοι
3632 4569 3763 4606 κατ-

506 4634 1278 4706 peruntChristum,quamvis
1295 4637 1384 4692 ille
1407 4637 1474 4694 de
1502 4640 1642 4694 coelo
1672 4641 1768 4695 Dei
1791 4643 1969 4698 Patris
1997 4659 2074 4698 νο·

2192 4649 2430 4720 ηγμένον
2458 4645 2518 4712 ἐξ
2545 4643 2774 4717 ούρανοῦ
2795 4687 2809 4712 ,
2835 4645 3049 4716 θελήσει
3076 4662 3135 4697 τε
3159 4645 3252 4698 ml.
3277 4644 3493 4713 εὐδοκία
3519 4643 3608 4696 τοῦ
3630 4640 3766 4695 Θεοῦ

495 4726 716 4793 {luutate
733 4743 798 4782 ac
819 4729 1157 4796 beneplacito
1173 4731 1563 4798 descendisset;
1581 4733 1677 4787 sed
1697 4733 1918 4804 insuper
1936 4736 2100 4792 homi-

507 4829 632 4868 nem
653 4816 1031 4885 alienigenam,
1054 4819 1270 4887 quisibi
1287 4821 1598 4890 imperaret,
1620 4825 2083 4894 elegerunt,illum

508 4903 835 4974 perditionis
852 4905 1044 4971 lilium,
1074 4909 1474 4965 Antichristum
1497 4913 1642 4976 dico,
1676 4925 1992 4972 extraneum
2027 4927 2084 4974 et

508 4997 888 5069 alienigenam,
913 5014 1090 5070 neque
1112 5016 1179 5055 ex
1201 5018 1400 5071 genere
1436 5004 1602 5059 Israel
1633 5015 1833 5073 ortum,
1863 5011 2081 5065 tametsi

509 5091 597 5145 lex
619 5100 809 5161 aperte
843 5092 1208 5164 prohibuerit,
1249 5112 1267 5144 ι
1304 5095 1422 5148 Non
1449 5097 1675 5165 poteris,
1703 5098 1899 5168 inquit,
1946 5116 2081 5155 con-

511 5182 738 5248 stituere
767 5199 931 5252 super
966 5193 1018 5239 te
1034 5185 1211 5254 ipsum
1243 5186 1522 5240 hominem
1549 5187 1928 5257 alienigenam,
1953 5193 2082 5261 quia

512 5291 620 5331 non
641 5288 724 5332 est
747 5277 917 5333 frater
939 5285 1066 5334 tuus
1091 5279 1170 5345 ³⁸;
1214 5297 1232 5330 ι
1265 5289 1320 5334 et
1352 5280 1530 5349 ipsum
1557 5295 1777 5350 quoque
1800 5282 2082 5341 Christum

2188 4742 2282 4795 καὶ
2307 4739 2536 4809 Πατρὸς,
2570 4737 2817 4808 καὶπρὸς
2839 4736 3048 4799 τούτοις
3072 4736 3152 4788 ὅτι
3185 4737 3277 4788 ml.
3296 4734 3586 4804 ἄνθρωπον
3611 4732 3759 4784 ὰλλόέ

2186 4845 2336 4900 τριον
2367 4829 2448 4896 ἐφ’
2479 4828 2692 4889 ἑαυτοῖς
2726 4827 3203 4896 κεχειροτονήκασι
3234 4823 3456 4894 τὸν-τῆς
3490 4821 3768 4882 ἀπωλείας·

2189 4920 2328 4986 υἱὸν,
2363 4917 2508 4971 τοῦτ’
2551 4917 2688 4979 ἐστι,
2725 4917 2816 4970 τὸν
2856 4917 3257 4988 Ἀντίχριστον,
3301 4914 3533 4983 ἕκφυλόν
3574 4931 3633 4966 τε
3674 4913 3769 4965 καὶ

2187 5010 2472 5078 ἀλλογενῆ,
2515 5009 2607 5062 ml.
2631 5009 2737 5062 οὐδ’
2768 5007 2827 5072 ἐξ
2859 5008 3090 5079 αἵματος
3140 5005 3386 5078 Ἰσραὴλ,
3418 5005 3509 5059 καί
3551 5023 3631 5058 τοι
3671 5003 3765 5057 τοῦ

2187 5103 2354 5172 νόμου
2400 5101 2700 5163 διειπόντος
2746 5100 2952 5168 σαφῶς,
3002 5119 3020 5150 ι
3069 5099 3148 5153 Οὐ
3178 5099 3382 5171 δυνήσῃ
3426 5097 3766 5166 καταστῆσαι

2187 5197 2279 5248 ἐπὶ
2328 5195 2554 5248 σεαυτὸν
2587 5193 2869 5263 ἄνθρωπον
2922 5191 3234 5261 ἀλλότριον,
3274 5189 3354 5242 ὅτι
3403 5189 3503 5241 οὐκ
3543 5187 3764 5254 ἀδελφός

2189 5285 2282 5338 σού
2308 5287 2475 5338 ἐστιν.
2512 5303 2529 5335 ι
2564 5285 2802 5336 Ἤκουον
2833 5281 2889 5333 δὲ
2923 5280 3172 5347 λέγοντος
3202 5279 3295 5332 ml.
3327 5277 3491 5330 αὑτοῦ
3514 5275 3608 5329 τοῦ
3635 5277 3768 5348 Χρι-

585 5428 632 5461 ⁸⁵
656 5429 814 5484 Deut.
849 5447 956 5496 xvr,
991 5432 1078 5498 18,
1121 5432 1206 5487 19.
1282 5434 1326 5465 ³⁸
1357 5434 1514 5488 Deut.
1540 5450 1668 5501 xvu,
1709 5435 1795 5501 M,
1823 5437 1909 5492 l5.
1989 5437 2032 5468 ³⁸
2065 5439 2074 5492 l

2178 5438 2206 5493 Ι.
2235 5455 2292 5504 ιι,
2334 5439 2388 5494 6.
2466 5439 2508 5470 ⁸⁷
2539 5436 2730 5492 Matth.
2767 5451 2915 5501 xxm,
2955 5434 3006 5488 8.
3084 5433 3129 5466 ³⁸
3161 5434 3318 5488 Deut.
3350 5449 3474 5498 xvu,
3514 5435 3599 5488 15.

589 5582 666 5660 (l)
694 5577 832 5660 Cod.
858 5586 1188 5660 Vat_ic._:_Aet
1219 5591 1328 5660 γὰρ

518 5652 771 5724 ἀληθείας
814 5655 1002 5724 προκλ.
1035 5652 1243 5726 λόγοις,
1272 5652 1432 5730 quod
1452 5660 1689 5715 reddidit
1729 5652 2017 5732 interpres.

1422 5590 1843 5665 u&;_'r§__m_ioat
1875 5591 2152 5662 λατρεύειν
2196 5594 2345 5665 παρὰ
2376 5593 2464 5646 τὸν
2506 5592 2765 5648 κτίσαντα
2806 5590 2938 5649 Θεὸν
2982 5592 3158 5655 ἱέντας
3204 5590 3492 5655 ἀπωτάτω,
3522 5590 3632 5653 τοῖς
3668 5592 3763 5660 τῆς
