4142 6296
358 342 467 402 Βῗῗ

1052 340 1142 398 DE
1181 338 1622 397 ADORATIONE
1659 338 1728 396 IN
1767 336 2036 395 SPIRITU
2076 338 2166 394 ET
2203 340 2571 397 VERITATE.
2615 339 2744 399 LIB.
2776 342 2909 399 VIII.

3522 344 3629 402 578

364 458 492 512 στοῦ
513 474 526 488 ·
563 476 583 509 ι
608 455 749 523 Ἐγὼ
769 452 1004 525 ἐλήλυθα
1024 455 1082 507 ὲν
1103 455 1181 525 τῷ
1201 455 1426 526 ὀνόματι
1448 455 1543 510 τοῦ
1574 455 1783 525 Πατρός
1818 470 1943 524 μου,

2051 454 2311 509 audirem
2361 454 2658 511 dicentem:
2712 476 2730 508 ι
2767 456 2881 528 Ego
2928 455 3055 512 veni
3085 456 3145 510 in
3177 455 3401 513 nomine
3450 459 3630 518 Patris

364 551 459 604 καὶ
486 550 547 603 οὐ
576 546 887 617 λαμϐάνετέ
920 562 1009 617 με.
1051 546 1178 600 Ἐάν
1207 546 1367 610 ἄλλος
1392 547 1521 618 ἔλθῃ
1542 548 1601 599 ὲν
1621 546 1699 617 τῷ
1724 546 1950 615 ὀνόματι

364 640 441 710 τῷ
470 638 607 708 ίδίῳ,
637 638 850 690 ἐκεῖνον
869 636 1129 707 λήψεσθε.
1164 654 1183 687 ι
1222 637 1619 707 Ἐπιδεδήμηκε
1639 637 1746 707 γὰρ
1769 639 1798 690 6
1816 639 1951 708 Χρι-

365 731 485 794 στὸς
514 731 595 793 εἰς
619 726 781 793 δόξαν
807 728 944 782 Θεοῦ
973 729 1208 800 Πατρός.
1236 729 1392 794 Ἥξει
1420 729 1478 783 δὲ
1503 728 1645 782 κατὰ
1672 729 1898 795 καιροὺς
1922 732 1951 784 6

359 822 461 890 τῆς
489 817 724 889 ἀνομίας
770 818 917 882 υίὸς,
944 817 1047 871 οὐκ
1074 819 1155 882 εἰς
1183 818 1339 885 δόξαν
1367 817 1501 873 Θεοῦ
1528 816 1760 889 Πατρδς,
1793 818 1950 872 τοῦτο

359 909 469 980 γὰρ
500 904 653 978 οἶμαι
680 902 823 962 εῖναι
850 905 931 969 τὸ,
977 906 1065 960 Ἐν
1093 905 1172 977 τῷ
1197 906 1419 977 ὀνόματι
1449 904 1544 959 τοῦ
1574 906 1802 977 [ἰατρὸς.
1833 904 1947 958 ἀλλ’

366 1000 477 1067 ἰδία
523 996 732 1067 κεφαλῇ
770 993 1068 1066 περιτιθεὶς
1112 998 1142 1049 6
1182 996 1412 1058 δείλαιος
1454 995 1516 1048 τὸ
1552 994 1651 1065 τῆς
1697 994 1949 1066 θεότητος

365 1091 558 1159 ὄνομα.
585 1107 603 1139 ι
634 1086 918 1141 Καθιεῖται
937 1086 1045 1156 γὰρ
1068 1086 1151 1150 εἰς
1175 1085 1265 1140 τὸν
1284 1082 1432 1140 οἷκον
1460 1086 1553 1140 τοῦ
1577 1086 1711 1140 Θεοῦ
1734 1088 1948 1142 ἀποδει-

366 1181 497 1242 κνὺς
513 1177 723 1245 ἑαυτὸν,
745 1178 830 1230 ὅτι
851 1178 967 1231 ἐστὶ
995 1177 1145 1242 Θεός.
1172 1196 1192 1230 ι
1230 1178 1368 1231 Ἀλλ’
1391 1178 1493 1230 οὐκ
1516 1177 1582 1232 ἂν
1609 1178 1759 1249 αύτῷ
1779 1196 1945 1251 προσ-

364 1269 691 1339 κυνήσουσιν
748 1268 1019 1333 Ἰουδαῖοι,
1069 1269 1178 1322 οὐδ’
1214 1268 1281 1322 ἂν
1327 1268 1402 1331 ὼς
1446 1270 1681 1339 Χριστὸν
1713 1271 1949 1342 παραδέ-

368 1356 554 1422 ξαιντό
590 1375 721 1411 ποτε
761 1357 1058 1429 τηροῦντες
1100 1357 1191 1412 τὸν
1235 1358 1396 1428 νόμον
1417 1373 1429 1386 ·
1474 1357 1533 1421 ἐξ
1567 1358 1797 1429 αἵματος
1836 1360 1945 1430 γὰρ

379 1450 595 1522 Ἰσραὴλ
622 1449 888 1518 άναφύναι
924 1448 1181 1520 Χριστὸν,
1220 1451 1645 1520 προμεμήνυκεν
1678 1451 1942 1520 ἐναργῶς.

369 1543 433 1594 Οἱ
457 1541 536 1607 δὲ,
571 1539 839 1595 καὶτοῦτο
866 1539 1120 1611 μεθέντες
1148 1541 1226 1604 ὡς
1255 1539 1442 1606 ἕωλον,
1471 1541 1758 1612 ἄνθρωπον
1791 1541 1946 1596 ἀλλό-

369 1646 520 1701 τριον
548 1630 640 1683 καὶ
665 1629 930 1700 ἀλλογενῆ
964 1627 1378 1701 παραδέξονται.

434 1718 644 1773 ΠΔΛΔ.
673 1717 885 1772 Οὐκοῦν
909 1718 1116 1773 ἔδονται
1142 1717 1242 1788 τῆς
1274 1716 1482 1770 ἑαυτῶν
1510 1716 1631 1771 ὁδοῦ
1657 1716 1782 1781 τοὺς
1814 1734 1945 1788 καρ-

2050 542 2182 610 mei,
2222 552 2415 600 etnon
2434 545 2816 615 accipitisme:
2853 545 2898 599 si
2919 546 3062 601 alius
3083 546 3301 601 venerit
3325 546 3383 602 in
3406 549 3629 605 nomine

2051 649 2172 699 suo,
2207 633 2364 688 illum
2401 634 2686 704 accipietis
2717 636 2798 703 ³⁹;
2832 655 2850 687 ι
2887 635 3108 690 advenit
3128 637 3274 691 enim
3304 637 3555 694 Christus
3572 640 3626 695 in

2049 724 2280 795 gloriam
2318 725 2415 779 Dei
2449 725 2653 793 Patris,
2683 726 2739 782 id
2781 727 2929 781 enim
2959 744 3079 784 esse
3101 736 3256 798 puto,
3305 728 3367 783 In
3396 732 3622 786 nomine

2048 815 2260 882 Patris;
2295 816 2480 872 veniet
2507 825 2692 872 autem
2716 818 2831 872 suis
2856 818 3196 887 temporibus
3223 819 3316 874 ille
3347 820 3495 876 ﬁlius
3521 822 3628 877 ini-

2049 906 2297 976 quitatis,
2326 922 2437 961 non
2466 907 2525 962 in
2568 907 2799 978 gloriam
2829 908 2927 962 Dei
2956 907 3152 973 Patris,
3178 910 3274 963 sed
3323 926 3424 964 suo
3457 913 3624 982 capiti

2047 999 2217 1054 miser
2244 998 2489 1069 imponet
2515 997 2823 1053 divinitatis
2844 1014 3066 1053 nomen.
3104 1018 3123 1049 ι
3147 999 3533 1055 Sedebitenim
3567 1003 3626 1058 in

2048 1087 2213 1142 domo
2250 1088 2348 1143 Dei
2380 1088 2677 1144 ostendens
2732 1088 2973 1158 seipsum
3021 1088 3169 1157 quod
3208 1088 3281 1143 sit
3324 1089 3472 1145 Deus
3496 1091 3563 1144 ‘°.
3597 1109 3619 1142 ι

2049 1177 2154 1232 Sed
2176 1194 2459 1249 nunquam
2497 1178 2652 1234 illum
2674 1179 2848 1235 Judmi
2877 1186 3070 1234 essent
3110 1178 3416 1245 adoraturi,
3447 1194 3627 1251 neque

2047 1278 2111 1325 ut
2146 1270 2429 1326 Christum
2454 1271 2787 1341 suscepturi,
2814 1272 2860 1326 si
2887 1272 3067 1341 legem
3095 1270 3473 1337 observarent,
3502 1287 3626 1341 qua:

2046 1363 2336 1418 manifeste
2390 1364 2792 1433 pronuntiavit,
2839 1363 2957 1417 fore
3004 1371 3067 1417 ut
3095 1378 3164 1417 ex
3196 1362 3414 1417 Israelis
3454 1360 3626 1433 stir‘pe

2045 1451 2303 1507 Christus
2330 1453 2595 1507 oriretur.
2642 1454 2749 1508 Sed
2773 1452 2873 1517 illi,
2902 1452 2957 1506 id
2992 1467 3211 1522 quoque
3237 1460 3496 1521 tanquam
3525 1468 3623 1506 ve-

2046 1554 2137 1602 tus
2183 1562 2249 1602 ac
2276 1547 2530 1618 putidum
2585 1545 2919 1616 rejicientes,
2957 1544 3236 1599 hominem
3262 1543 3526 1609 alienum,
3566 1552 3624 1599 et

2043 1638 2405 1708 alienigenam
2426 1638 2719 1708 recipient.

2113 1728 2311 1784 PALL.
2334 1729 2506 1799 lgitur
2527 1728 2695 1783 edent
2724 1727 2939 1782 fructus
2990 1726 3094 1782 via:
3131 1740 3242 1781 sua:
3283 1725 3349 1790 υ,
3390 1732 3446 1779 ει
3483 1725 3622 1779 adeo

362 1809 517 1873 ποὺς,
558 1808 784 1880 καὶτῆς
824 1809 1055 1880 αἰσχρᾶς
1098 1804 1497 1872 εἰκαιοὸουλίας
1554 1805 1655 1877 τὴν
1708 1805 1935 1876 ἰσοπαλῆ

2046 1821 2220 1890 turpis
2249 1820 2306 1874 in
2333 1820 2568 1876 consilio
2592 1820 2865 1891 capiendo
2887 1818 3220 1873 temeritatis
3266 1816 3461 1887 dignas
3499 1831 3621 1886 pw-

363 1900 687 1972 κομιοῦνται
720 1899 897 1973 δίκην.

432 1992 596 2045 ΚΥΡ.
668 1987 743 2046 Εῦ
808 1992 980 2064 ἔφηςο
1027 1992 1057 2045 6
1111 1990 1305 2061 γάρτοι
1362 1990 1431 2044 τὰ
1500 1989 1685 2044 δίκαια
1742 1989 1943 2060 κρίνων

365 2082 517 2151 Θεὸς,
546 2083 792 2154 διανεμεῖ
821 2083 887 2155 δὴ
921 2083 1140 2146 πάντως
1167 2083 1384 2153 ἑκάστῳ
1409 2083 1552 2135 κατὰ
1576 2081 1637 2135 τὸ
1656 2081 1817 2153 ἔργον
1842 2081 1942 2135 αὺ-

365 2173 479 2229 τοῦ.
511 2175 622 2229 Καὶ
671 2167 775 2229 ὦδε
813 2175 914 2246 μὲν
942 2176 1075 2246 ἡμῖν
1116 2174 1287 2245 ὲχέτω
1329 2174 1506 2239 ταυτὶ,
1551 2174 1648 2227 καὶ
1682 2172 1942 2245 ἀποχρῶν

366 2264 507 2319 ἔστω
534 2268 562 2319 6
588 2264 767 2335 λόγος.
811 2263 976 2335 Ἀτάρ
1008 2264 1071 2336 δὴ
1098 2267 1209 2328 τοῖς
1257 2266 1337 2329 εἰς
1385 2265 1445 2319 τὸ
1479 2265 1686 2336 κρίνειν
1725 2264 1943 2335 ἐτέρους

368 2356 647 2427 ἠγμένοις,
673 2359 771 2411 καὶ
799 2357 881 2421 εἰς
924 2357 1015 2411 τὸν
1056 2358 1170 2421 τοῖς
1215 2356 1495 2420 δικάζουσι
1524 2356 1802 2429 πρέποντα
1834 2355 1942 2410 θῶ-

368 2464 486 2514 κον,
513 2446 779 2517 ἐπεφώνει
810 2447 970 2502 πάλιν
1010 2449 1039 2502 6
1073 2448 1232 2518 νόμος
1256 2464 1270 2479 ·
1311 2467 1330 2500 ι
1363 2451 1437 2502 οὐ
1462 2448 1741 2521 παραδέξῃ
1769 2448 1942 2518 ἀκοὴν

386 2537 644 2607 ματαίαν,
676 2555 695 2588 ι
728 2535 870 2590 τοῦτ’
897 2535 1034 2602 ἐστι,
1067 2536 1221 2605 λόγον
1251 2536 1419 2608 ψευδῆ
1451 2536 1548 2589 καὶ
1581 2534 1941 2604 συκοφαντίας

373 2626 627 2698 ἔμπλεωι
666 2646 684 2680 ι
713 2628 785 2681 Οὐ
825 2626 1171 2699 προστεθήσῃ
1234 2626 1372 2697 μετὰ
1429 2625 1665 2698 πλήθους
1696 2626 1938 2680 ἐκκλῖναι

374 2718 514 2789 μετά
544 2718 825 2782 πλειόνων,
851 2717 992 2772 ὥστε
1024 2719 1272 2772 ἐκκλῖναι
1315 2716 1515 2786 κρίσιν.
1545 2736 1564 2769 ι
1610 2717 1724 2769 Καὶ
1774 2715 1939 2770 πάλιν

372 2809 490 2879 μεθ’
519 2809 683 2882 ἔτερα
702 2827 717 2841 ο
753 2828 771 2861 ι
804 2809 1242 2881 Ούδιαστρέψεις
1271 2810 1449 2879 κρῖμα
1480 2806 1712 2878 πένητος
1740 2808 1798 2860 ὲν
1828 2806 1941 2878 κρί-

370 2916 454 2952 σει
498 2899 684 2964 αύτοῦ,
712 2900 820 2954 ἀπὸ
851 2901 1057 2964 παντὸς
1091 2902 1338 2972 ῥήματος
1369 2897 1552 2952 ἀδίκου
1577 2898 1881 2970 ἀποστήσῃ.
1913 2917 1933 2950 ι

2049 1927 2149 1968 nas
2182 1912 2445 1967 referent.

2118 2003 2277 2059 CYR.
2305 2004 2475 2060 Recte
2505 2004 2608 2069 ais,
2632 2018 2759 2058 nam
2787 2002 2837 2057 is
2888 2001 2983 2071 qui
3009 2006 3161 2055 recta
3193 1998 3408 2071 judicat
3450 1998 3617 2065 Deus,

2049 2094 2344 2150 distribuet
2400 2110 2630 2165 prorsus
2655 2092 2954 2163 unicuique
2976 2092 3133 2163 juxta
3155 2104 3296 2159 opus
3330 2102 3511 2143 suum.
3543 2085 3623 2141 Ac

2049 2185 2117 2241 de
2150 2184 2238 2239 his
2283 2185 2507 2256 quidem
2552 2185 2822 2238 hactenus
2887 2183 3096 2237 dictum
3133 2180 3223 2235 sit.
3272 2180 3382 2234 Eos
3409 2187 3620 2245 autem,

2048 2276 2143 2346 qui
2178 2275 2247 2330 ad
2282 2274 2609 2346 iudicandos
2663 2281 2891 2328 caeteros
2933 2269 3219 2325 constituti
3263 2276 3412 2332 sunt,
3467 2276 3523 2322 et
3562 2267 3622 2322 in

2042 2367 2314 2439 judicium
2341 2367 2470 2423 sede
2527 2364 2803 2428 collocati,
2850 2360 3231 2431 alloquebatur
3274 2359 3473 2427 iterum
3499 2358 3617 2412 lex:

2056 2459 2212 2514 «Non
2246 2457 2484 2527 accipies
2507 2456 2755 2510 auditum
2797 2467 2999 2508 vanum
3030 2451 3097 2514 ⁸⁸,
3121 2468 3140 2500 ι
3173 2448 3227 2502 id
3262 2456 3368 2514 est,
3408 2461 3619 2502 sermo-

2046 2564 2174 2604 nem
2207 2547 2431 2611 falsum,
2470 2554 2526 2600 et
2553 2544 2841 2600 calumniae
2862 2542 3086 2613 plenum
3115 2556 3131 2592 :
3166 2557 3183 2587 ι
3213 2537 3333 2592 Non
3358 2536 3625 2607 adjungas

2046 2648 2100 2695 te
2121 2636 2487 2701 multitudini,
2508 2644 2571 2689 ut
2597 2634 2842 2690 declines
2896 2647 3022 2686 cum
3062 2627 3317 2698 pluribus
3348 2627 3417 2681 ad
3446 2626 3618 2681 decli-

2045 2730 2286 2785 nandum
2308 2729 2579 2801 judicium
2605 2726 2688 2793 ";
2725 2745 2743 2777 ι
2785 2723 2948 2793 280
2994 2730 3051 2775 ει
3095 2734 3290 2775 rursus
3326 2726 3449 2788 post
3476 2732 3619 2770 non-

2045 2821 2197 2875 nulla
2231 2818 2371 2874 alia:
2408 2817 2570 2872 «Non
2616 2821 2899 2884 pervertes
2934 2808 3204 2881 judicium
3248 2805 3510 2878 pauperis
3560 2804 3618 2858 in

2041 2910 2251 2982 judicio
2314 2923 2417 2964 suo
2466 2924 2479 2959 :
2535 2906 2604 2960 ab
2645 2904 2796 2959 omni
2848 2900 3019 2956 verbo
3085 2899 3290 2968 injusto
3374 2893 3619 2949 abstine-

368 2992 580 3063 Πρέποι
609 2993 719 3063 γὰρ
766 2993 832 3047 ἂν
860 2994 942 3046 δτι
985 2992 1221 3063 μάλιστά
1253 3008 1338 3062 γε,
1367 2991 1429 3044 τὸ
1469 2990 1835 3060 ἀνεπίληπτον
1880 2991 1939 3044 ὲν

2046 2999 2132 3055 bis
2167 2999 2232 3053 “.
2258 3017 2276 3050 ι
2316 2998 2453 3052 Nam
2491 3011 2660 3066 penes
2708 3008 2846 3063 quos
2874 2999 2960 3047 est
3000 2987 3286 3059 judicandi
3349 2993 3617 3056 potestas,

367 3081 547 3152 λόγοις
591 3086 707 3148 τοῖς
755 3083 850 3138 τοῦ
906 3083 1147 3148 δικάζειν
1199 3082 1451 3156 κυρίοις,
1508 3081 1602 3136 καὶ
1658 3081 1942 3153 ὀρθοεπεῖν

2046 3102 2236 3142 eorum
2285 3084 2598 3140 orationem
2637 3097 2760 3138 esse
2813 3079 3050 3133 alienam
3092 3094 3123 3131 a
3178 3073 3619 3146 reprehensione

365 3174 577 3244 ἀνάγκη
609 3173 702 3229 τὸν
750 3176 836 3244 ἐφ’
860 3176 1076 3245 ἑκάστῳ
1107 3174 1216 3228 τῶν
1246 3173 1740 3245 κατηγορουμένων
1765 3173 1940 3244 ψηφο-

2046 3177 2279 3232 maxime
2312 3172 2591 3239 convenit,
2635 3180 2689 3227 et
2712 3180 2863 3227 recte
2909 3169 3060 3238 loqui
3099 3182 3326 3223 necesse
3377 3174 3461 3220 est
3491 3181 3619 3220 eum

366 3267 482 3336 ρεῖν
510 3264 793 3335 ὀφείλοντα
843 3266 905 3318 τὸ
941 3264 1019 3335 τῷ
1067 3263 1335 3337 νομοθέτῃ
1372 3262 1581 3317 δοκοῦν.
1649 3262 1940 3333 Ἐπενήνε-

2046 3268 2261 3339 quiest
2322 3266 2404 3321 de.
2450 3278 2785 3334 unoquoque
2857 3258 3089 3315 crimine
3159 3257 3490 3312 sententiam
3551 3271 3620 3310 ex

368 3357 568 3412 κταιδὲ
596 3357 883 3428 χρησίμως
903 3357 1098 3423 καὶτὸ,
1152 3376 1171 3409 ι
1211 3357 1429 3426 Πένητα
1452 3355 1553 3409 οὐκ
1597 3354 1838 3426 ὲλεήσεις
1883 3354 1940 3406 ὲν

2046 3357 2368 3429 legislatoris
2400 3356 2623 3412 decreto
2648 3356 2882 3409 laturus.
2920 3350 3062 3406 Illud
3093 3363 3314 3419 quoque
3359 3364 3471 3402 non
3516 3347 3621 3402 abs

366 3451 566 3521 κρίσει.
579 3450 907 3521 »Πρόχειρον
923 3449 1030 3520 γάρ
1046 3450 1299 3520 τιχρῆμα
1315 3449 1406 3502 καὶ
1426 3445 1681 3518 προαλὲς,
1704 3445 1857 3517 παρά
1878 3462 1941 3514 γε

2046 3465 2102 3504 re
2127 3449 2480 3520 subjunctum
2513 3453 2598 3502 est
2639 3464 2653 3499 :
2695 3465 2712 3495 ι
2737 3444 3001 3514 Pauperis
3038 3457 3148 3496 non
3174 3439 3531 3495 misereberis
3559 3439 3618 3493 in

362 3544 475 3604 τοῖς
501 3540 745 3611 κρίνουσι
780 3541 842 3593 τὸ
863 3540 947 3592 ἐπ’
972 3541 1140 3610 ἄμφω
1175 3538 1418 3609 βλέπειν,
1458 3538 1547 3591 ὅτε
1574 3538 1651 3607 μὴ
1689 3534 1942 3600 πλούσιος

2046 3541 2246 3613 iudicio
2270 3540 2387 3607 ⁶⁸;›
2434 3554 2584 3603 nam,
2632 3536 2728 3591 ubi
2772 3551 2904 3590 reus
2956 3533 3183 3588 minime
3228 3531 3383 3586 dives
3427 3529 3616 3594 fuerit,

364 3633 392 3682 6
422 3630 759 3703 κρινόμενος,
786 3631 882 3683 καὶ
910 3630 1312 3700 εὐκατάτροχον
1341 3628 1543 3699 κομιδῆ
1565 3626 1701 3698 πρὸς
1722 3627 1941 3680 πλεονε-

364 3722 506 3788 ξίαν,
538 3723 678 3794 ἀνὴρ
708 3722 867 3794 πενίᾳ
906 3720 1359 3793 κατηχθισμένος·
1392 3719 1504 3789 ἔχει
1529 3717 1585 3771 δὲ
1624 3717 1724 3771 οὐκ
1752 3717 1943 3771 ἀνικά-

364 3832 470 3877 νως
518 3812 631 3866 ἐσθ’
662 3816 752 3868 ὅτε
802 3814 897 3867 καὶ
932 3812 1069 3884 πρός
1097 3828 1162 3881 γε
1189 3811 1252 3865 τὸ
1300 3809 1559 3864 δύνασθαι
1601 3807 1693 3861 τὸν
1739 3808 1834 3860 τοῦ
1868 3807 1945 3861 δι-

364 3905 524 3957 καίου
577 3905 1011 3959 καταϐιάσασθαι
1067 3903 1248 3972 λόγον,
1284 3901 1466 3956 καλῶν
1510 3901 1592 3963 εἰς
1639 3898 1788 3953 ἔλεον
1817 3898 1945 3961 τοὺς

365 3995 476 4047 τῶν
529 3995 855 4058 δικαζόντων
907 3995 1314 4066 ἁπαλωτέρους.
1349 3991 1616 4062 Ἑξείργει
1662 3989 1726 4061 δὴ
1781 3988 1874 4044 οὖν
1917 3991 1946 4044 6

371 4085 536 4155 νόμος
589 4086 685 4138 καὶ
738 4083 834 4139 τοῦ
897 4082 1333 4138 πλεονεκτεῖσθαι
1385 4081 1496 4135 δεῖν
1545 4080 1761 4135 καὶτοῦ
1810 4097 1946 4133 κατ-

370 4176 662 4248 οικτείρειν
694 4177 821 4238 τοὺς
851 4177 908 4229 ὲν
931 4176 1107 4247 ἐνδείᾳ
1138 4177 1231 4228 καὶ
1253 4174 1550 4245 ἀθλιότητι,
1573 4173 1675 4245 τῆς
1704 4173 1947 4226 δικαιοκ-

375 4269 552 4338 ρισίας
582 4269 643 4322 τὸ
674 4267 867 4331 κάλλος
892 4266 1072 4338 τηρῶν
1101 4265 1511 4337 ὰπαράφθορον,
1532 4266 1743 4335 καὶτῆς
1774 4264 1948 4333 ἰσότη-

368 4378 460 4424 τος
508 4361 772 4433 πρύτανιν
821 4359 1069 4429 πανταχῆ
1102 4359 1192 4410 τὸν
1226 4357 1514 4421 δικάζοντα
1570 4356 1738 4418 τιθείς
1759 4373 1773 4387 ο
1808 4374 1826 4407 ι
1857 4354 1947 4408 Δι-

370 4452 541 4515 καίως
591 4452 698 4524 γὰρ
734 4451 794 4504 τὸ
831 4451 1040 4504 δίκαιον
1080 4448 1323 4510 διώξεις,
1351 4467 1369 4499 ι
1415 4448 1597 4517 φησίν.
1641 4449 1729 4510 Ὠς
1759 4446 1820 4500 τό
1860 4463 1943 4499 τοι

368 4544 568 4598 λυποῦν
601 4545 693 4598 τὸν
724 4543 908 4615 νόμον,
937 4542 1043 4596 κᾶν
1072 4540 1126 4594 εί
1150 4558 1203 4593 τι
1256 4540 1363 4592 τῶν
1408 4539 1626 4607 ἀγαθῶν
1675 4538 1940 4610 ὑπάρχειν

369 4637 521 4707 δοκῇ,
552 4637 708 4691 νοοῖτ’
733 4637 799 4689 ἂν
824 4634 1047 4697 εἰκότως
1071 4633 1170 4685 οὐκ
1194 4629 1550 4701 άπλημμελές
1566 4645 1578 4660 ο
1614 4631 1800 4682 «Ἔστι
1830 4629 1940 4698 γὰρ

369 4728 575 4792 δίκαιος
606 4727 974 4798 ἀπολλύμενος
1002 4727 1062 4780 ὲν
1085 4722 1278 4794 δικαίῳ
1310 4720 1496 4787 αὐτοῦ,
1524 4740 1543 4772 ι
1574 4719 1715 4774 κατὰ
1752 4719 1812 4772 τὸ
1842 4735 1939 4788 γε-

368 4819 706 4891 γραμμένον.
735 4820 911 4871 Δεῖται
943 4816 1007 4887 δὴ
1042 4812 1135 4869 οῦν
1178 4812 1460 4883 εὐτεχνίας
1490 4811 1552 4864 τὸ
1585 4807 1806 4878 ἀγαθὸν,
1845 4808 1939 4861 καὶ

370 4912 432 4964 τὸ
458 4910 816 4982 ὲποικτείρειν
844 4910 944 4963 οὑκ
975 4911 1032 4962 ὲν
1062 4905 1258 4977 καιρῷ,
1298 4904 1397 4974 τῆς
1430 4904 1511 4965 εἰς
1541 4903 1704 4972 νόμον
1731 4899 1941 4961 ἀδικίας

368 5003 470 5057 ούκ
516 5003 582 5057 ἂν
632 5002 887 5071 διαφύγοι
933 5000 1172 5070 γραφήν.
1213 4996 1353 5060 Τοὺς
1417 4994 1516 5065 μὲν
1552 4988 1645 5048 οὖν
1699 4991 1939 5062 μετρίοις

369 5093 903 5163 ἐγκατειλημμένους
958 5089 1265 5159 αἰτιάμασι,
1323 5088 1445 5150 ταῖς
1519 5084 1608 5139 διὰ
1663 5084 1940 5151 μαστίγων

369 5182 575 5246 αἰκίαις
629 5180 938 5253 ἐπανορθοῖ.
981 5180 1090 5232 Θέα
1145 5178 1202 5230 δὲ
1257 5179 1405 5241 ὅπως
1458 5174 1822 5245 δουλοπρεπὲς
1880 5174 1941 5226 τὸ

368 5274 562 5345 χρῆμα
602 5275 697 5328 καὶ
743 5271 1099 5340 ἀνελεύθερον
1127 5269 1346 5338 κομιδῆ,
1387 5269 1484 5321 καὶ
1514 5269 1587 5338 μή
1618 5284 1698 5320 τοι
1731 5265 1941 5334 θαυμά-

374 5381 505 5436 σῃς·
535 5367 754 5437 πνεῦμα
780 5364 888 5436 γάρ
933 5360 1000 5435 ἦν
1038 5364 1096 5415 ὲν
1125 5361 1309 5423 αὐτοῖς
1335 5360 1597 5422 δουλείας.
1638 5357 1738 5411 Διά
1781 5357 1939 5411 τοῦτο

371 5456 579 5529 πληγαὶ
613 5459 710 5529 μὲν
742 5458 929 5512 οὐκέτι
985 5457 1096 5518 τοῖς
1143 5451 1233 5506 διὰ
1288 5450 1523 5523 Χριστοῦ
1575 5451 1937 5521 θεσπίσμασιν

2042 3631 2283 3704 proclive
2316 3646 2381 3686 ac
2400 3628 2561 3684 facile
2608 3637 2713 3691 est,
2742 3635 2803 3681 ut
2821 3625 3040 3697 judices
3072 3623 3129 3676 in
3168 3619 3435 3675 utramvis
3488 3636 3618 3689 par-

2044 3734 2154 3780 tem
2181 3730 2539 3795 spectent;et
2588 3720 2806 3791 injuria:
2837 3716 3126 3787 expositus
3165 3720 3250 3767 est
3294 3710 3617 3774 admodum,

2043 3815 2138 3885 qui
2172 3812 2357 3883 inopia
2372 3810 2873 3882 premiturzneque
2898 3804 3143 3862 vicissim
3165 3800 3217 3856 id
3252 3814 3447 3872 parum
3476 3799 3622 3854 valet

2044 3903 2325 3959 interdum
2351 3901 2420 3956 ad
2438 3899 2665 3972 justitia:
2679 3898 2949 3953 rationem
2971 3892 3308 3957 violandam,
3335 3889 3481 3960 quod
3501 3904 3617 3953 eos,

2045 3993 2140 4064 qui
2166 4001 2295 4048 sunt
2318 3992 2373 4045 in
2394 3989 2694 4062 judicando
2724 3986 3028 4051 molliores,
3061 3983 3131 4039 ad
3173 3979 3617 4038 misericordiam

2043 4084 2233 4158 ﬂectit.
2260 4082 2523 4138 Prohibet
2555 4082 2741 4151 itaque
2773 4080 2882 4145 lex,
2916 4093 2984 4132 ne
3010 4084 3106 4131 aut
3144 4082 3403 4145 potentes
3427 4069 3618 4158 oppri-

2044 4156 2216 4242 mant,
2257 4182 2352 4229 aut
2385 4170 2794 4228 misericordia'
2816 4172 3224 4239 prosequantur
3260 4176 3356 4216 eos
3413 4159 3507 4228 qui
3563 4156 3619 4212 in

2044 4275 2363 4337 paupertate
2392 4272 2448 4318 et
2487 4261 2713 4317 miseria
2766 4264 3091 4320 versantur;
3123 4255 3181 4307 in
3225 4266 3334 4322 quo
3355 4248 3493 4321 justi
3526 4247 3620 4317 ju-

2048 4358 2180 4412 dicii
2211 4353 2682 4426 pulchritudinem
2728 4356 2911 4404 servat
2956 4347 3354 4413 incorruptam,
3399 4337 3622 4408 etjudi-

2049 4464 2167 4504 cem
2190 4446 2514 4517 mqualitatis
2535 4443 2805 4498 arbitrum
2820 4438 3023 4508 ubique
3048 4436 3209 4490 facit:
3235 4433 3423 4488 (Iuste
3447 4430 3618 4496 enim,

2051 4538 2199 4609 quod
2239 4539 2448 4608 justum
2493 4541 2607 4599 est,
2676 4529 3059 4602 persequeris,
3088 4547 3105 4578 ›
3162 4526 3343 4594 inquit
3378 4522 3451 4589 “;
3491 4536 3618 4574 nam

2046 4631 2255 4685 violare
2280 4629 2478 4698 legem,
2503 4623 2753 4695 quamvis
2774 4620 2983 4690 aliquid
3006 4616 3277 4690 ejusmodi
3313 4615 3408 4679 sit,
3442 4620 3503 4666 ut
3524 4611 3621 4665 bc-

2047 4740 2116 4778 ne
2140 4722 2257 4776 fieri
2277 4719 2551 4783 videatur,
2587 4725 2770 4770 tamen
2798 4729 2917 4768 esse
2943 4728 2974 4766 a
2990 4716 3214 4781 peccato
3242 4707 3466 4761 minime
3490 4704 3621 4758 alie-

2046 4829 2198 4878 num,
2224 4811 2370 4865 haud
2390 4807 2664 4863 immerito
2691 4804 3046 4875 intelligitur:
3086 4820 3104 4852 ‹
3129 4801 3225 4855 Est
3247 4799 3392 4854 enim
3413 4797 3617 4868 justus,

2047 4903 2141 4973 qui
2168 4901 2314 4972 perit
2351 4900 2406 4954 in
2431 4898 2643 4970 justitia
2659 4913 2777 4960 sua,
2805 4915 2823 4946 ι
2855 4895 3001 4949 sicut
3020 4891 3285 4960 scriptum
3310 4896 3394 4942 est
3429 4887 3496 4940 ⁸⁷.
3517 4885 3621 4955 lgi-

2050 5004 2138 5049 tur
2166 4993 2412 5064 probitas
2425 4990 2647 5046 solertia
2663 5002 2804 5056 opus
2829 4984 3027 5039 habet:
3055 4995 3182 5035 nam
3197 4976 3343 5034 istud
3372 4974 3617 5064 quidem,

2047 5063 2236 5139 nonin
2289 5093 2538 5152 tempore
2582 5075 2965 5137 misericordia
3010 5066 3367 5129 commoveri,
3411 5063 3617 5117 crimen

2046 5174 2262 5228 violata:
2291 5151 2429 5243 legis
2450 5183 2731 5239 nunquam
2765 5165 3011 5234 effugiet.
3037 5162 3146 5215 Eos
3192 5156 3380 5226 igitur,
3407 5151 3499 5221 qui
3534 5152 3615 5243 le-

2046 5264 2294 5319 vioribus
2317 5241 2572 5319 tenentur
2601 5259 2797 5330 culpis,
2829 5253 3156 5310 verberibus
3205 5244 3451 5314 corrigit.
3479 5241 3617 5298 Vide

2045 5366 2228 5413 autem
2274 5372 2440 5426 quam
2465 5354 2683 5410 servilis
2713 5351 2785 5404 sit
2814 5363 2879 5402 ea
2925 5360 3033 5408 res,
3079 5350 3135 5396 et
3176 5339 3353 5393 libero
3394 5334 3616 5390 homine

2043 5448 2455 5520 indignissima:
2483 5459 2660 5513 neque
2694 5455 2826 5495 vero
2870 5436 2967 5491 tibi
3010 5434 3065 5488 id
3094 5431 3293 5485 mirum
3324 5427 3612 5482 videatur:

448 5665 491 5697 ”
522 5660 675 5717 Joan.
708 5679 768 5726 v,
800 5662 889 5716 45.
951 5661 996 5692 ⁸ο
1036 5660 1084 5713 ιι
1110 5657 1302 5711 Thess.
1332 5672 1388 5717 ιι,
1428 5656 1479 5709 4.
1520 5658 1595 5689 ο¹⁵¹
1624 5658 1785 5712 Prov.
1820 5676 1858 5724 ι,
1897 5659 1943 5711 5%

2052 5657 2094 5688 ’δ’
2124 5652 2295 5709 Exod.
2323 5666 2474 5715 χχιιι,
2513 5647 2564 5700 1.
2627 5644 2672 5677 ⁸³
2705 5641 2841 5698 ibid.
2873 5640 2928 5695 2.
2987 5638 3034 5671 “
3049 5634 3184 5694 ibid.
3209 5633 3261 5688 6.
3323 5629 3365 5662 “
3388 5624 3521 5682 ibid.
3553 5619 3610 5677 3.

377 5732 425 5766 "°
452 5734 618 5788 Deut.
660 5725 767 5797 xvi,
800 5732 886 5784 ΞΟ.
973 5731 1015 5762 ¹⁴⁷
1041 5729 1224 5783 Eccle.
1250 5741 1342 5790 vn,
1372 5725 1457 5780 16.
