4142 6296
522 365 627 423 579

1541 358 1599 416 S.
1640 355 1913 416 CYRlLLl
1957 354 2428 414 ALEXANDRINI
2467 352 2786 410 ARClllEP.

3673 357 3780 414 580

525 477 804 534 servitutis
823 489 1061 544 namque
1091 473 1318 544 spiritus
1348 472 1404 528 in
1432 473 1542 528 illis
1574 482 1710 529 erat.
1759 474 1842 531 Ob
1865 489 2093 550 eamque

2197 472 2436 536 ἕπονται,
2490 468 2632 522 καθὰ
2680 468 2775 521 καὶ
2829 467 2906 534 τῷ
2962 467 3130 520 πάλαι
3172 465 3338 536 νόμῳ.
3396 467 3691 539 Πρύκειται
3721 469 3780 524 δέ

525 584 745 623 causam
771 567 974 622 Christi
1013 565 1303 636 praeceptis
1352 578 1463 618 non
1511 564 1748 633 amplius
1802 564 1971 634 plagae
1995 563 2094 618 ad-

519 662 724 730 juncta:
746 667 895 723 sunt,
925 668 986 712 ut
1009 658 1066 711 in
1086 657 1203 726 lege
1229 656 1426 720 veteri,
1462 655 1557 710 sed
1582 655 1764 724 potius
1802 671 1866 710 ea
1892 670 2090 725 propo-
2119 698 2123 700 .

523 753 627 806 sita
648 793 662 816 ,
687 768 808 821 quae
829 752 1035 806 liberos
1057 751 1274 815 decent,
1295 748 1534 802 illustria
1557 747 1830 816 dignaque
1847 746 2090 816 praemia,

520 854 580 899 et
605 845 975 914 spiritualium
1000 844 1274 898 bonorum
1315 839 1604 912 primitiae,
1633 849 1798 909 atque
1822 840 2067 909 pollicita
2094 875 2099 881 -

524 937 726 1000 tiones,
763 943 819 989 et
865 934 1237 989 beatitudines
1261 939 1408 986 recte
1455 929 1614 984 factis
1663 929 2094 984 convenientes:

526 1040 704 1092 neque
728 1024 908 1079 adhuc
932 1024 1114 1087 minae,
1140 1021 1233 1076 sed
1259 1019 1674 1075 adhortationes
1685 1018 1870 1087 potius
1892 1018 1960 1072 ad
1983 1017 2099 1072 vir-

525 1123 721 1169 tutem.
747 1114 882 1169 Cum
908 1113 1108 1183 priscis
1157 1113 1305 1167 enim
1341 1110 1450 1165 illis
1475 1108 1792 1163 hominibus
1837 1115 2096 1178 tanquam

525 1220 650 1259 cum
676 1205 914 1270 famulis,
949 1213 1011 1258 ut
1033 1203 1268 1257 famulus
1301 1213 1464 1270 atque
1510 1213 1808 1253 conservus
1827 1198 2096 1267 loqueba-

528 1303 617 1348 tur
647 1295 884 1366 Moyses;
913 1294 1166 1348 Christus
1203 1307 1336 1346 vero
1366 1307 1492 1345 cum
1541 1289 1689 1353 ﬁliis,
1716 1297 1776 1342 ut
1809 1289 2001 1354 Filius,
2042 1298 2098 1343 et

2205 561 2401 632 μᾶλλον
2431 559 2501 614 τά
2531 557 2839 628 ἐλευθέροις
2863 557 3162 628 πρέποντα,
3204 557 3460 628 λαμπραὶ
3499 557 3595 610 καὶ
3631 558 3781 623 ἀξιό·

2200 652 2394 722 ληπτοι
2431 649 2649 719 δωρεαὶ,
2699 652 2795 703 καὶ
2824 648 3222 721 επνευματικῶν
3257 648 3479 717 ἀγαθῶν
3531 651 3778 720 ἀπαρχαί

2202 763 2261 798 τε
2293 745 2385 798 καὶ
2422 743 2765 813 ὑποσχέσεις,
2792 743 2888 796 καὶ
2919 744 3258 814 μακαρισμοὶ
3277 745 3391 806 τοῖς
3417 742 3779 813 κατορθώμα-

2205 853 2258 890 σι
2291 835 2614 906 πρέποντες,
2669 834 2764 886 καὶ
2808 833 3005 904 ἀπειλὴ
3052 834 3150 904 μὲν
3197 835 3406 900 ούκέτι,
3443 833 3779 905 προκλήσεις

2199 927 2257 980 δέ
2300 926 2502 997 μᾶλλον
2539 925 2625 978 ἐπ’
2655 925 2877 996 ἀρετήν.
2919 925 3177 989 Οἰκέταις
3224 926 3322 996 μὲν
3365 925 3473 996 γὰρ
3515 925 3592 986 ὼς
3627 923 3777 977 οίκέ-

2199 1033 2298 1087 της
2339 1016 2435 1069 καὶ
2475 1014 2860 1085 συνομόδουλος
2906 1014 3228 1086 προσελάλει
3276 1016 3503 1085 Μωσῆς,
3527 1015 3638 1077 τοῖς
3677 1015 3785 1084 ἀρ-

2202 1107 2524 1178 χαιοτέροις,
2560 1105 2796 1176 Χριστὸς
2834 1105 2890 1158 δέ
2922 1106 3060 1170 υἱοῖς
3096 1107 3172 1168 ὼς
3203 1105 3350 1168 Υἱὸς,
3391 1105 3484 1158 καὶ
3523 1105 3600 1168 ὼς
3622 1105 3776 1157 ἀδελ-

2203 1202 2323 1270 φοῖς
2355 1199 2496 1253 κατά
2523 1198 2737 1265 θέσιν,ὀ
2769 1197 2986 1267 άληθῶς
3017 1196 3110 1250 καὶ
3131 1198 3354 1268 γνήσιος
3384 1198 3449 1250 ἐκ
3479 1195 3615 1249 Θεοῦ
3657 1195 3772 1247 Πασ-

2201 1291 2350 1361 τρός.

525 1399 786 1453 tanquam
830 1399 954 1438 cum
994 1382 1260 1436 fratribus
1301 1397 1399 1451 per
1432 1378 1808 1447 adoptionem,
1843 1381 1911 1444 is,
1943 1379 2036 1450 qui
2074 1394 2203 1436 vere
2235 1388 2290 1436 et
2335 1396 2628 1452 germanus
2658 1389 2780 1436 erat
2809 1396 2878 1437 ex
2913 1382 3028 1438 Deo
3061 1383 3223 1438 Patre
3255 1382 3452 1439 Filius.

595 1477 791 1532 PALL.
813 1477 981 1534 Recte
1007 1493 1064 1531 se
1088 1476 1256 1529 habet
1279 1475 1476 1529 oratio.

592 1570 747 1625 CYR.
776 1569 948 1623 Morte
978 1568 1149 1638 igitur
1171 1568 1507 1623 homicidam
1535 1567 1712 1641 punit,
1731 1582 1795 1622 ac
1828 1579 1990 1636 pcena
2014 1573 2100 1618 ta-

520 1661 690 1714 lionis
719 1659 1039 1713 eﬂren—atam
1079 1657 1366 1712 audaciam
1411 1659 1656 1721 cohibet,
1688 1657 1847 1725 231
1889 1661 1947 1707 et
1989 1668 2099 1707 non

2275 1476 2488 1528 IlAAA.
2538 1474 2741 1544 Ὀρθῶς
2773 1475 2908 1544 ἔχει.

2275 1567 2440 1620 ΚΥΡ.
2481 1566 2706 1638 Θανάτῳ
2742 1584 2807 1635 γε
2854 1567 2961 1638 μὴν
2987 1566 3080 1620 τὸν
3111 1567 3402 1636 φονεύοντα
3431 1568 3638 1638 ζημιοῖ,
3677 1569 3773 1623 καὶ

2199 1659 2320 1718 ταῖς
2358 1655 2466 1710 τῶν
2518 1657 2646 1710 ἴσων
2691 1658 3025 1726 ἐπαγωγαῖς,
3055 1658 3118 1712 τὺ
3143 1657 3397 1728 ἀχάλινον
3422 1658 3773 1730 ἀνασειράζει

523 1751 813 1807 ferendum
858 1749 1102 1804 furorem
1143 1749 1622 1804 animadversione
1667 1747 1904 1801 maxima
1925 1752 1981 1800 et
2001 1759 2093 1798 ex-

2199 1750 2418 1821 θράσος,
2452 1750 2546 1803 καὶ
2575 1749 2664 1802 τὸν
2697 1748 2881 1802 οὐκέτι
2919 1748 3155 1821 φορητὸν
3189 1750 3408 1816 κολάζει
3434 1749 3604 1820 θυμὸν
3635 1752 3773 1820 ἀφο-

527 1853 702 1896 tremo
728 1840 996 1911 supplicio
1033 1840 1252 1909 plectit;
1278 1840 1433 1910 prius
1455 1849 1640 1894 autem
1679 1837 1974 1908 diligenter
1993 1849 2091 1889 ex-

519 1933 728 1986 aminat
765 1947 874 2001 quo
927 1932 1110 1986 animo
1164 1930 1389 1998 fecerit;
1430 1946 1514 1995 ac,
1563 1930 1609 1984 si
1644 1935 1839 1998 sponte
1878 1927 1951 1982 sit
1993 1925 2092 1980 ad-

523 2026 752 2079 missum
778 2024 1006 2087 crimen,
1033 2023 1248 2076 nullum
1274 2021 1666 2076 misericordiae
1698 2021 1880 2074 locum
1921 2017 2092 2072 relin-

520 2117 663 2186 quit,
688 2131 867 2185 ncqne
895 2113 1329 2169 benevolentiam
1348 2113 1582 2183 turpiter
1601 2113 1956 2182 languescere
1971 2123 2094 2178 per-

520 2207 692 2262 mit-lit
712 2247 726 2274 ,
760 2207 1146 2276 intempestiva
1181 2204 1534 2259 miseratione
1557 2203 1811 2267 fractam,
1840 2210 2002 2270 atque
2034 2199 2092 2253 in

521 2300 590 2354 iis
617 2300 802 2363 rebus,
851 2299 904 2353 in
939 2299 1141 2368 quibus
1165 2297 1392 2350 minime
1422 2302 1661 2364 oportet,
1685 2292 1755 2346 ad
1785 2290 2091 2346 molliorem

518 2391 776 2445 affectum
805 2390 1103 2444 detractam
1131 2405 1144 2454 ;
1185 2387 1260 2441 ita
1287 2387 1436 2441 enim
1477 2386 1643 2440 dixit:
1677 2403 1696 2434 ‹
1716 2382 1872 2450 Quod
1895 2382 1939 2437 si
1966 2380 2093 2451 quis

516 2497 808 2552 aggressus
829 2481 994 2536 fuerit
1028 2480 1251 2535 fratrem
1297 2492 1480 2540 suum,
1528 2476 1596 2530 ad
1628 2471 2091 2545 interﬁciendum

517 2589 644 2627 cum
670 2573 814 2635 dolo,
834 2582 889 2628 et
912 2573 1257 2642 confugerit;
1285 2571 1353 2624 ab
1375 2568 1533 2623 altari
1563 2583 1686 2622 meo
1707 2566 1944 2635 accipies
1964 2579 2091 2618 eum

521 2674 581 2718 ut
626 2665 924 2719 interficias
967 2666 1032 2717 ⁸⁵⁸.
1061 2684 1078 2714 ι
1114 2663 1210 2717 Sin
1258 2670 1443 2717 autem
1495 2661 1615 2730 ejus
1658 2656 2090 2721 incommodum,

519 2753 614 2822 qui
636 2753 891 2823 iniuriam
916 2767 945 2806 a
967 2765 1288 2821 percussore
1309 2764 1505 2820 passus
1525 2755 1630 2812 est,
1659 2745 1926 2814 tantisper
1950 2745 2092 2799 dm-

521 2851 670 2898 taxat
699 2841 1054 2912 processerit,
1081 2849 1143 2895 ut
1165 2840 1472 2911 langueret,
1503 2853 1678 2909 poenae
1722 2835 1946 2892 modum
1990 2834 2093 2889 ad-

520 2935 766 2998 metitur,
813 2941 869 2988 et
911 2933 1172 2987 damnum
1224 2932 1359 2986 illud
1403 2930 1638 3000 pecunia
1683 2927 1947 2982 luendum
1969 2941 2092 2982 esse

518 3025 787 3081 decernit.
813 3025 891 3079 lta
916 3025 1064 3079 enim
1087 3037 1283 3078 rursus
1334 3022 1440 3076 ait:
1479 3039 1496 3070 ι
1525 3019 1680 3086 Quod
1725 3018 1772 3072 si
1796 3016 2089 3072 conviciati

2199 1841 2346 1912 ρήτῳ
2366 1840 2488 1910 δίκῃ
2522 1841 2616 1894 καὶ
2651 1845 2764 1904 τοῖς
2793 1843 2872 1904 είς
2905 1839 3059 1909 λῆξιν
3086 1841 3228 1896 ίοῦσι
3256 1841 3450 1903 κακοῦ,
3485 1842 3769 1912 προϐασα-

2194 1932 2357 1997 νίζων
2386 1928 2445 1985 εὖ
2481 1932 2625 2002 μάλα
2683 1933 2776 1986 τοῦ
2816 1933 3138 2004 δεδρακότος
3174 1933 3266 1987 τὸν
3309 1935 3540 1988 σκοπόν·
3590 1934 3684 1986 καὶ
3721 1934 3771 1988 ei

2197 2019 2294 2089 μὲν
2323 2019 2568 2072 ἑκούσιον
2606 2020 2689 2089 εἴη
2717 2019 2778 2073 τὸ
2810 2019 3221 2092 πλημμεληθέν,
3249 2023 3461 2095 ἀναιρεῖ
3483 2024 3576 2077 τὸν
3599 2022 3768 2077 ἔλεον.

2205 2111 2554 2179 Ἀσχημονεῖν
2595 2110 2651 2164 δὲ
2688 2111 2789 2165 οὐκ
2823 2113 2888 2182 ἐᾷ
2913 2115 3011 2183 τὴν
3038 2113 3412 2187 φιλαλληλίαν,
3459 2115 3768 2188 θρυπτομέ-

2193 2218 2291 2271 νην
2315 2203 2415 2255 οὐκ
2449 2203 2506 2255 ἐν
2531 2202 2726 2274 καιρῷ,
2768 2204 2863 2257 καὶ
2911 2204 2995 2274 ἐφ’
3026 2205 3110 2269 οἷς
3153 2206 3356 2277 ἥκιστα
3411 2208 3546 2279 χρὴ,
3601 2225 3772 2262 κατα-

2194 2293 2485 2366 σπωμένην
2514 2293 2703 2364 ὥσπερ
2735 2294 2828 2348 ἐπὶ
2867 2293 2928 2348 τὸ
2973 2295 3420 2370 μαλθακώτερον.
3470 2301 3612 2370 Ἔφη
3659 2299 3771 2372 γὰρ

2191 2385 2363 2448 οὕτως
2383 2401 2396 2416 ·
2427 2404 2445 2437 ι
2469 2384 2592 2440 Ἐὰν
2617 2385 2671 2438 δέ
2701 2402 2784 2450 τις
2820 2386 3074 2460 ἐπίθηται
3099 2388 3176 2459 τῷ
3197 2389 3425 2461 πλησίον
3453 2391 3770 2446 ἀποκτεῖναι

2194 2479 2353 2532 αὐτὸν
2393 2477 2549 2549 δόλῳ,
2579 2477 2673 2531 καὶ
2720 2478 3030 2551 καταφύγῃ,
3083 2480 3192 2534 ἀπὸ
3226 2480 3322 2535 τοῦ
3382 2480 3770 2554 θυσιαστηρίου

2198 2584 2298 2638 μου
2327 2566 2490 2639 λήψῃ,
2521 2565 2682 2620 αὑτὸν
2711 2566 3040 2623 θανατῶσαι.
3073 2587 3092 2622 ι
3115 2569 3250 2623 Εἱδέ
3282 2569 3443 2642 μέχρι
3467 2570 3561 2624 τοῦ
3587 2573 3764 2643 άρῤω-

2196 2659 2388 2728 στῆσαι
2428 2657 2588 2728 μόνον
2627 2658 2858 2729 προήκει
2900 2656 2978 2730 τῷ
3012 2658 3226 2713 παίοντι
3273 2660 3365 2713 τοῦ
3411 2659 3770 2732 βεϐιασμένου

2192 2749 2254 2803 τὸ
2285 2748 2488 2813 πάθος·
2519 2751 2811 2820 ἐπιμετρεῖ
2849 2750 2948 2822 τὴν
2986 2750 3164 2822 δίκην,
3196 2751 3291 2804 καὶ
3335 2751 3498 2824 μέχρι
3545 2753 3770 2824 χρημά-

2192 2857 2300 2893 των
2340 2840 2666 2912 προστάττει
2701 2840 2954 2911 γενέσθαι
3000 2841 3060 2894 τὸ
3097 2841 3311 2911 βλάϐος.
3343 2844 3487 2916 Ἔφη
3528 2844 3636 2914 γάρ
3667 2839 3771 2898 ὧδε

2194 2931 2356 2985 πάλιν
2375 2949 2389 2963 ·
2429 2951 2448 2983 ι
2477 2931 2604 2984 Ἐὰν
2639 2932 2695 2984 δὲ
2744 2931 3086 3003 λοιδορῶνται
3118 2933 3212 2987 δύο
3236 2934 3444 3006 ἄνδρες,
3471 2935 3565 2989 καὶ
3589 2933 3767 2987 πατά-

2197 3023 2262 3095 ξῃ
2292 3041 2376 3087 τις
2411 3023 2504 3076 τὸν
2545 3023 2771 3094 πλησίον
2805 3023 2957 3094 λίθῳ,
2989 3023 3023 3094 ἢ
3056 3027 3273 3096 πυγμῇ,
3312 3027 3404 3080 καὶ
3449 3026 3523 3097 μὴ
3559 3027 3770 3083 ἀποθά-

517 3119 724 3172 fuerint
757 3117 866 3170 duo
895 3115 1026 3180 viri,
1052 3123 1108 3169 et
1130 3113 1469 3184 percusserit
1509 3111 1634 3180 quis
1665 3110 1977 3180 proximum
2003 3108 2084 3162 la—

2197 3129 2276 3184 νῃ,
2309 3111 2606 3182 κατακλιθῇ
2642 3112 2698 3166 δὲ
2723 3112 2817 3164 ἐπὶ
2837 3112 3043 3182 κοίτης,
3076 3113 3170 3166 ἐὰν
3198 3113 3496 3179 ἐξαναστὰς
3515 3116 3774 3188 ὁάνθρω-

516 3209 665 3280 pide,
690 3216 784 3263 aut
810 3221 1012 3276 pugno,
1047 3213 1103 3259 ct
1132 3205 1222 3258 ille
1247 3211 1501 3258 mortuus
1516 3217 1626 3256 non
1649 3201 1838 3265 fuerit,
1868 3200 1964 3256 sed
1987 3200 2086 3254 de-

515 3299 771 3353 cubuerit
807 3299 862 3350 in
889 3297 1066 3360 lecto;
1094 3294 1139 3360 si
1167 3309 1469 3364 exsurgens
1493 3293 1660 3346 homo
1705 3292 1797 3346 ille
1841 3291 2090 3345 ambula-

516 3389 660 3441 verit
703 3385 839 3439 foris
883 3385 940 3447 in
985 3383 1158 3451 virga,
1208 3381 1469 3436 immunis
1513 3382 1954 3451 eritpercussor,
1978 3379 2088 3434 nisi

517 3476 662 3544 quod
689 3489 788 3544 pro
817 3472 1121 3527 cessatione
1153 3470 1271 3541 ejus
1307 3473 1605 3540 persolvet,
1633 3479 1690 3525 et
1737 3485 2004 3541 expensas
2032 3469 2088 3525 in

519 3566 848 3620 medicinam
887 3563 1057 3618 factas
1083 3563 1148 3617 δ’.
1173 3584 1190 3614 ›
1227 3562 1405 3633 Atque
1457 3563 1574 3617 haec
1620 3563 1842 3633 quidem
1877 3563 1966 3618 lex
2002 3564 2092 3634 ju-

519 3658 612 3710 bet
643 3673 657 3721 ;
686 3655 932 3709 Salvator
966 3661 1170 3717 autem,
1217 3654 1311 3723 qui
1358 3652 1615 3723 perfectae
1649 3654 1872 3708 virtutis
1913 3655 2088 3725 legem

519 3746 931 3818 promulgaret:
977 3762 996 3795 ι
1029 3743 1085 3798 Si
1131 3744 1276 3813 quis,
1314 3744 1516 3813 inquit,
1563 3751 1615 3798 te
1659 3743 1996 3813 percusserit
2032 3744 2089 3803 in

519 3839 800 3892 dexteram
850 3836 1146 3899 maxillam,
1191 3843 1347 3889 verte
1394 3835 1473 3888 illi
1505 3843 1562 3888 et
1605 3834 1835 3888 alteram
1863 3835 1930 3888 '°.
1964 3853 1983 3886 ι
2013 3836 2092 3890 De

520 3929 694 3983 servis
709 3943 927 3998 quoque
956 3927 1073 3980 haec
1094 3926 1318 3979 statuit:
1360 3945 1376 3974 ι
1395 3925 1553 3990 Quod
1577 3925 1620 3980 si
1652 3925 1778 3994 quis
1801 3939 2092 3995 percusse-

522 4022 596 4075 rit
643 4034 861 4073 servum
911 4034 1092 4082 suum,
1145 4026 1240 4072 aut
1285 4017 1541 4071 ancillam
1585 4031 1740 4071 suam
1788 4017 2007 4083 baculo,
2033 4027 2090 4072 et

520 4116 774 4162 mortuus
800 4106 967 4161 fuerit
984 4106 1086 4160 sub
1103 4105 1359 4160 manibus
1399 4107 1540 4176 ejus,
1567 4105 1838 4176 supplicio
1873 4107 1928 4162 in
1961 4123 2088 4162 eum

519 4198 1020 4264 animadvertetur;
1069 4198 1155 4252 sin
1197 4205 1382 4251 autem
1447 4197 1815 4267 supervixerit
1858 4213 1970 4253 uno
2000 4197 2090 4253 die

517 4288 604 4343 vel
627 4287 864 4350 duobus,
889 4301 1000 4340 non
1028 4285 1499 4352 animadvertetur
1540 4286 1596 4339 in
1617 4300 1774 4352 eum;
1804 4293 2089 4357 argentum

518 4379 667 4436 enim
717 4379 890 4450 ipsius
917 4387 1002 4433 est
1037 4380 1103 4431 δι.
1133 4397 1152 4428 ι
1198 4377 1482 4432 Summam
1526 4377 1692 4449 igitur
1734 4379 1868 4432 iram
1913 4387 2089 4434 morte

517 4469 753 4523 multat:
807 4485 985 4538 neque
1011 4469 1181 4532 enim,
1238 4468 1390 4538 quia,
1446 4484 1572 4523 cum
1617 4469 1741 4539 plus
1782 4485 2089 4539 possemus,
2123 4459 2167 4514 ι)

518 4560 727 4616 domini
752 4560 881 4623 facti
909 4577 1120 4630 sumus,
1149 4561 1296 4626 ideo,
1344 4561 1439 4631 qui
1465 4561 1522 4615 in
1567 4570 1757 4616 nostra
1797 4571 2088 4632 potestate,

517 4661 575 4706 et
607 4653 710 4705 sub
729 4653 861 4721 jugo
883 4661 1070 4706 nostro
1087 4661 1236 4716 sunt,
1263 4668 1358 4708 eos
1381 4653 1549 4707 etiam
1578 4659 1638 4707 ut
1679 4654 1791 4707 vita
1842 4654 2091 4723 privare-

517 4755 661 4803 mus,
687 4739 938 4808 permisit
961 4740 1135 4805 Deus;
1173 4741 1268 4795 sed
1293 4756 1418 4796 cum
1448 4742 1529 4795 ira
1570 4742 2006 4798 misericordiam
2034 4751 2092 4797 ut

518 4833 849 4886 misceamus
870 4831 1082 4896 suadet,
1111 4841 1356 4886 extremo
1380 4833 1650 4902 supplicio
1678 4834 1731 4888 in
1759 4834 2091 4890 homicidam

519 4919 842 4973 constituto.
891 4939 908 4971 ι
939 4919 1036 4974 Sin
1079 4931 1262 4974 autem
1307 4924 1694 4992 supervixerit,
1736 4924 1933 4994 inquit,
1981 4940 2094 4980 uno

519 5009 609 5063 die
633 5016 728 5062 aut
750 5006 987 5072 duobus,
1037 5009 1230 5062 nonin
1275 5024 1402 5063 eum
1456 5011 1955 5077 animadvertetur;
2003 5028 2093 5066 ar-

520 5105 744 5167 gentum
780 5096 952 5166 ipsius
975 5104 1078 5151 est.
1107 5115 1124 5148 ι
1167 5097 1568 5167 Propemodum
1597 5101 1745 5154 enim
1772 5100 1941 5156 dicit:
1973 5101 2089 5155 Non

521 5187 880 5257 percutientis
911 5188 990 5242 ira
1013 5186 1270 5242 effectum
1294 5196 1398 5253 est,
1434 5188 1580 5258 quod
1609 5205 1889 5259 percusso,
1943 5201 2092 5261 post-

520 5291 755 5345 eaquam
806 5285 894 5332 est
919 5293 949 5331 a
974 5277 1236 5348 languore
1285 5287 1565 5349 utcunque
1606 5289 1904 5344 recreatus,
1939 5281 2088 5335 acci-

522 5363 637 5429 dit;
678 5381 854 5434 ncque
881 5367 1026 5421 enim
1051 5368 1342 5439 quisquam
1371 5370 1638 5424 voluisset
1667 5387 1885 5426 servum
1927 5387 2087 5426 suum

522 5452 796 5517 amittere,
829 5471 988 5523 quem
1013 5460 1305 5513 coemisset
1332 5469 1558 5530 argento
1582 5470 1638 5515 et
1681 5461 1912 5529 pecunia
1961 5461 2086 5515 data

523 5553 911 5610 comparasset.
939 5545 1066 5613 Sed,
1122 5549 1165 5603 si
1192 5559 1388 5618 praeter
1427 5552 1766 5606 voluntatem
1809 5553 2086 5607 hominem

2195 3219 2293 3266 πος
2321 3193 2669 3276 περιπατήσῃ
2697 3201 2802 3266 ἔξω
2830 3203 2924 3256 ἐπὶ
2953 3203 3169 3276 ῥάϐδου,
3198 3205 3370 3269 ἀθῶος
3416 3206 3567 3259 ἐσται
3599 3209 3628 3260 ὁ
3661 3225 3772 3262 πα·-

2192 3290 2382 3357 τάξας,
2439 3292 2578 3366 πλὴν
2614 3293 2714 3364 τῆς
2769 3294 2970 3365 ἀργίας
3017 3297 3182 3349 αὐτοῦ
3245 3296 3514 3361 ἀποτίσει,
3561 3298 3655 3352 καὶ
3701 3299 3774 3353 τά

2197 3382 2468 3454 ἰατρεῖα.»
2500 3383 2608 3436 Καὶ
2637 3384 2792 3437 ταυτὶ
2829 3385 2925 3454 μὲν
2961 3385 2990 3437 ό
3020 3386 3200 3456 νόμος.
3240 3386 3378 3440 Ἀλλ’
3405 3388 3434 3441 δ
3455 3405 3518 3456 γε
3559 3391 3773 3462 Σωτὴρ,

2191 3471 2252 3525 τὸ
2265 3473 2482 3536 τελείως
2506 3474 2711 3542 ἀγαθὸν
2748 3476 3039 3549 είσφέρωνο
3068 3494 3087 3528 ι
3112 3477 3202 3549 Τῷ
3220 3477 3431 3532 παίοντί
3453 3497 3564 3543 es,»
3585 3485 3771 3553 φησιν,

2203 3565 2322 3616 (ἐπὶ
2337 3563 2436 3636 τὴν
2456 3563 2634 3628 δεξιὰν
2654 3566 3135 3639 σιαγόνα,στρέψον
3151 3570 3300 3642 αὐτῷ
3320 3573 3412 3626 καὶ
3433 3573 3531 3644 τὴν
3548 3575 3730 3646 ἀλλην.
3749 3597 3768 3628 ι

2196 3655 2435 3707 υίκετῶν
2463 3654 2519 3708 δὲ
2548 3657 2674 3728 πέρι
2700 3658 2982 3728 νομοθετεῖ
3005 3661 3153 3715 τάδε·
3181 3680 3200 3714 ι
3224 3662 3348 3717 Ἐἀν
3370 3665 3426 3719 δέ
3455 3683 3540 3730 τις
3559 3668 3774 3740 πατάξῃ

2195 3744 2286 3798 τὸν
2317 3745 2483 3799 παῖδα
2524 3747 2791 3818 αύτοῦ,’ἢ
2830 3749 2929 3820 τὴν
2969 3752 3263 3822 παιδίσκην
3293 3753 3457 3808 αὑτοῦ
3485 3757 3542 3809 ἐν
3569 3759 3771 3828 ῥάϐδῳ,

2197 3837 2290 3890 καὶ
2319 3837 2562 3910 ἀποθάνῃ
2598 3839 2702 3892 ὑπὸ
2743 3839 2844 3904 τὰς
2887 3843 3073 3912 χεῖρας
3110 3843 3296 3910 αὑτοῦ,
3327 3845 3449 3916 δίκῃ
3487 3848 3773 3920 ἐκδικηθῆ-

2199 3940 2370 3991 σεται,
2406 3927 2500 3980 ἐάν
2537 3927 2595 3981 δὲ
2637 3929 2899 4002 διαϐιώσῃ
2935 3931 3148 4004 ἡμέραν
3192 3933 3318 4004 μίαν
3346 3935 3378 4006 ἦ
3406 3937 3519 4002 δύο,
3555 3941 3654 3992 ούκ
3682 3942 3774 3994 ὲκ-

2197 4014 2570 4086 δικηθήσεται·
2602 4018 2665 4071 τὸ
2686 4019 2795 4090 γὰρ
2821 4021 3082 4091 ἀργύριον
3112 4025 3277 4079 αὐτοῦ
3307 4028 3474 4082 ἐστιν.
3502 4049 3520 4080 ι
3548 4030 3774 4103 Θανάτῳ

2200 4107 2300 4176 μὲν
2325 4104 2416 4160 οὖν
2454 4110 2678 4178 τιμᾶται
2708 4110 2806 4182 τὴν
2837 4113 3071 4168 είσάπαν
3093 4117 3263 4189 ὀργήν
3283 4134 3297 4150 °
3323 4121 3382 4172 ού
3410 4120 3518 4192 γάρ
3541 4123 3662 4176 ἐπεί
3689 4142 3771 4178 τοι

2197 4199 2500 4268 γεγόναμεν
2534 4200 2596 4252 ἐκ
2630 4200 2940 4270 πλεονεξίας
2967 4206 3246 4273 δεσπόται,
3275 4211 3370 4264 καὶ
3401 4211 3548 4283 ζωῆς
3577 4215 3773 4288 ἀπείρ-

2197 4305 2316 4356 γειν
2355 4289 2524 4360 αὐτῆς
2562 4291 2736 4361 ἐφῆκε
2770 4291 2922 4360 Θεὸς,
2957 4296 3084 4360 τοὺς
3112 4297 3217 4352 ὑπὸ
3249 4303 3406 4370 χεῖρα
3455 4304 3548 4356 καὶ
3585 4306 3769 4374 ζυγόν.

2199 4379 2631 4435 Συναναπλέκειν
2674 4382 2730 4436 δέ
2760 4386 2880 4447 ταῖς
2927 4385 3118 4458 ὀργαῖς
3159 4391 3444 4447 ἀναπείθει
3479 4394 3570 4448 τὸν
3601 4396 3769 4461 ἔλεον,

2197 4471 2388 4541 ποινὴν
2409 4471 2712 4544 καθορίζων
2753 4475 2848 4528 τοῦ
2887 4478 3203 4545 φονεύοντος
3237 4482 3338 4553 τὴν
3379 4485 3633 4556 ἐσχάτην.
3668 4489 3769 4542 «Et

2195 4556 2252 4609 δὲ
2283 4557 2531 4629 διαϐιῴη,
2563 4561 2747 4632 φησὶν,
2781 4564 2992 4636 ἡμέραν
3043 4567 3170 4636 μίαν
3201 4569 3232 4640 ἢ
3261 4570 3374 4635 δύο,
3409 4574 3508 4628 οὐκ
3553 4577 3769 4646 ἐκδικη-

2196 4647 2443 4719 θήσεται,
2474 4651 2536 4705 τὸ
2575 4654 2838 4726 ἀργύριον
2881 4658 3046 4712 αὑτοῦ
3081 4662 3246 4716 ἐστιν.
3273 4682 3292 4714 ι
3327 4665 3626 4738 Μονονουχὶ
3661 4670 3768 4741 γάρ

2197 4755 2379 4808 φησιν,
2415 4741 2490 4794 Οὐ
2527 4745 2626 4813 τῆς
2663 4745 2757 4799 τοῦ
2797 4747 3051 4813 παίοντος
3083 4751 3243 4823 ἔργον
3269 4753 3442 4825 ὀργῆς
3462 4757 3525 4810 τὸ
3549 4758 3626 4828 τῷ
3666 4777 3769 4814 πα-

2198 4828 2341 4882 θόντι
2377 4832 2742 4904 συμϐεϐηκὸς,
2779 4838 2917 4907 μετά
2947 4856 3010 4908 γε
3050 4842 3108 4895 τὸ
3150 4845 3496 4918 εὐρωστῆσαί
3518 4866 3654 4913 πως.
3690 4851 3765 4905 Οὐ

2196 4921 2305 4992 γὰρ
2333 4921 2398 4975 ἂν
2438 4923 2671 4996 ἠθέλησέ
2701 4944 2784 4992 τις
2816 4930 3110 4986 ἀποϐαλεῖν
3145 4935 3234 4987 τὸν
3266 4935 3396 4990 ἴδιον
3425 4940 3662 5010 οίκέτην,
3709 4940 3771 4995 ὃν

2193 5013 2478 5084 ἀργυρίοις
2529 5016 2778 5086 ἐπρίατο,
2831 5020 2926 5074 καὶ
2978 5024 3237 5094 χρήματα
3280 5027 3425 5095 δοὺς,
3479 5031 3765 5102 ἐκτήσατο.

2209 5104 2487 5169 Ἀκούσιος
2517 5106 2574 5160 δὲ
2619 5110 2668 5161 εί
2709 5109 2920 5178 γένοιτο
2953 5117 3169 5183 φονεὺς,
3226 5118 3458 5190 ζημιοῦν
3507 5124 3768 5194 ἀειφυγίᾳ

2190 5194 2390 5287 δικαιοῖ
2423 5198 2630 5252 πάλινό
2661 5200 2820 5271 νόμος
2854 5205 3034 5270 αὑτὸν,
3063 5210 3360 5282 συμμέτρῳ
3394 5213 3765 5287 φιλανθρωπίᾳ

2195 5284 2434 5374 κεράσας
2479 5288 2579 5357 τὴν
2624 5289 2860 5357 κόλασιν,
2895 5295 2989 5348 καὶ
3034 5297 3095 5350 τὸ
3138 5299 3472 5371 ἁνεθελήτως
3512 5284 3766 5374 πλημμελ

2194 5373 2376 5442 ληθὲν,
2412 5375 2513 5428 οὐκ
2563 5378 2619 5429 ἐν
2677 5377 2767 5450 ἴσῃ
2823 5383 2987 5453 μοίρᾳ
3032 5389 3144 5451 τοῖς
3175 5388 3498 5455 ἐθελουσίως
3527 5389 3586 5446 εὖ
3618 5373 3762 5464 μάλα

2192 5463 2379 5527 τιθείς.
2416 5467 2606 5530 Πόλεις
2633 5469 2688 5522 δὲ
2721 5472 3076 5543 ἀφορίζεσθαι
3103 5484 3252 5550 τρεῖς
3276 5483 3664 5555 προστέταχεν,
3696 5485 3764 5548 ἃς

2194 5555 2285 5607 καὶ
2312 5556 2422 5608 τῶν
2448 5559 2895 5634 Φυγαδευτηρίων
2923 5568 3196 5641 ὠνόμασε,
3231 5575 3540 5629 συνελαύνει
3573 5592 3632 5628 τε
3668 5575 3764 5629 οὓ-

595 5739 639 5771 ⁶⁸
669 5738 841 5794 Exod.
878 5755 985 5802 xxI,
1021 5741 1102 5793 Η.
1183 5743 1223 5774 ⁶”¹
1253 5744 1417 5797 Exod.
1443 5761 1587 5809 xvm,
1637 5745 1718 5799 19.
1797 5747 1841 5777 ³ο
1872 5747 2060 5802 Matth.

2197 5751 2277 5805 59.
2357 5753 2395 5784 ⁵¹
2423 5755 2592 5809 Exod.
2628 5773 2735 5826 κει,
2768 5759 2854 5825 20,
2882 5761 2967 5815 Si.
