4142 6296
348 330 453 393 5'81

1049 327 1139 385 DE
1175 326 1617 387 ADORATIONE
1656 329 1726 397 IN
1766 329 2038 389 SPIMTU
2077 330 2167 389 ET
2201 331 2573 392 VERITATE.
2611 332 2743 391 LIB.
2773 335 2909 393 VIII.

3519 333 3624 390 58:1

352 465 464 513 τως
514 445 635 500 ἐκεῖ
682 441 810 508 τοὺς
854 442 943 499 ἐπ’
974 441 1252 508 ἀκουσίοις
1278 443 1585 516 πταίσμασι
1627 444 1940 516 φεύγοντας.

2054 446 2343 514 occiderit,
2369 462 2496 503 eum
2522 448 2605 503 lex
2638 463 2831 504 rursus
2852 456 3120 519 perpetuo
3146 446 3343 505 exsilio
3383 447 3626 507 multau-

354 538 469 594 Καὶ
496 535 688 609 καιρὸν
726 532 978 604 ἀφέσεως
1014 533 1187 606 ὁρίζει
1220 534 1384 590 πάλιν
1422 537 1516 590 καὶ
1543 537 1658 596 τοῖς
1684 529 1789 594 ὧδε
1850 553 1949 590 πε-

356 628 626 701 πραχόσιν
677 624 900 692 ἀθλίως,
938 624 1131 696 ἱερέως
1171 624 1404 680 θάνατον
1426 624 1521 680 τοῦ
1547 626 1946 699 ὑπερκειμένου

355 719 449 777 καὶ
473 714 828 789 προύχοντος.
862 714 1074 787 Γράφει
1100 714 1159 769 δέ
1190 713 1366 780 οὕτως
1389 717 1449 769 ἐν
1478 718 1593 781 τοῖς
1635 714 1942 788 ’Δριθμοίς·

361 829 380 863 ι
416 808 545 865 Ἐὰν
572 809 629 862 δὲ
664 806 930 877 ἐξαπίνης
957 806 1018 859 οὐ
1043 805 1112 860 δι’
1132 805 1335 878 ἔχθραν
1374 805 1488 879 ὤσῃ
1517 806 1700 878 αὑτὸν,
1731 806 1946 878 ἢέπιρ-

362 901 495 975 ῥίψῃ
521 904 610 956 ἐπ’
651 901 815 955 αὐτὸν
845 901 955 967 πᾶν
999 898 1213 966 σκεῦος,
1245 900 1348 968 οὐκ
1375 900 1437 965 ἐξ
1465 900 1681 972 ἐνέδρου
1714 900 1748 972 ἢ
1780 900 1946 959 παντὶ

362 996 519 1066 λίθῳ,
552 998 611 1051 ἐν
641 988 686 1064 ᾧ
715 994 1068 1051 ἀποθανεῖται
1120 994 1179 1048 ἐν
1239 994 1390 1067 αὐτῷ
1440 995 1543 1061 οὐκ
1610 994 1788 1061 εἰδὼς,
1849 994 1945 1048 καὶ

366 1090 602 1160 ἐπιπέσῃ
660 1088 748 1163 ἐπ’
802 1086 990 1154 αὐτὸν,
1041 1086 1137 1141 καὶ
1180 1086 1429 1159 ἀποθάνῃ
1458 1128 1471 1153 ,
1525 1086 1688 1153 αὐτὸς
1735 1087 1793 1151 δὲ
1842 1086 1945 1142 οὐκ

369 1180 568 1252 ἐχθρὸς
587 1179 755 1233 αὐτοῦ
783 1174 873 1249 ἧν,
891 1178 1011 1232 οὐδὲ
1036 1176 1218 1247 ζητῶν
1244 1178 1633 1248 κακοποιῆσαι,
1654 1179 1748 1233 καὶ
1768 1181 1945 1251 κρινεί

366 1270 401 1339 ἡ
437 1268 742 1338 Συναγωγή
780 1267 888 1322 ἀνά
932 1267 1100 1338 μέσον
1150 1267 1247 1321 τοῦ
1285 1267 1647 1337 πατάξαντος,
1700 1270 1795 1327 καὶ
1836 1269 1944 1323 ἀνά

366 1359 528 1431 μέσον
556 1358 653 1414 τοῦ
683 1358 1109 1431 ἀγχιστεύοντες
1141 1358 1203 1411 τὸ
1241 1353 1381 1435 αἷμα
1431 1358 1576 1413 κατά
1598 1359 1668 1414 τά
1700 1360 1944 1431 κρίματα

362 1452 557 1519 ταῦτα,
584 1452 680 1505 καὶ
731 1451 993 1518 ἐξελείται
1034 1451 1068 1523 ἡ
1119 1451 1417 1523 Συναγωγὴ
1462 1452 1554 1506 τὸν
1604 1452 1941 1522 φονεύσαντα

366 1544 475 1599 ἀπὸ
502 1543 595 1598 τοῦ
633 1526 1047 1614 ἀγχιστεύοντος
1098 1545 1160 1599 τὸ
1211 1540 1371 1616 αἷμα.
1412 1544 1525 1607 Καὶ
1557 1545 1942 1617 ἀποκαταστή-

369 1652 550 1701 σουσιν
581 1636 744 1689 αὑτὸν
775 1639 812 1708 ἡ
848 1637 1147 1708 Συναγωγὴ
1179 1639 1259 1703 είς
1290 1638 1391 1708 τὴν
1439 1637 1595 1697 πόλιν
1634 1635 1729 1691 τοῦ
1764 1653 1941 1709 φυγα-

2050 537 2183 598 dum
2205 548 2415 605 censet,
2441 555 2507 594 ac
2527 539 2813 613 moderata
2835 539 3128 597 clementia
3169 554 3388 609 poenam
3421 547 3629 610 tempe-

2049 638 2156 695 rat,
2180 638 2258 696 et.
2281 630 2434 701 quod
2461 640 2666 701 praeter
2687 632 3031 687 voluntatem
3055 631 3358 687 admissum
3381 640 3487 697 est,
3515 648 3627 688 non

2048 722 2212 794 282
2234 721 2431 793 eodem
2452 723 2576 779 loco
2622 723 2812 789 habet,
2858 739 2969 795 quo
3006 724 3319 781 voluntaria
3367 725 3622 792 crimina,

2048 814 2215 886 idque
2234 816 2553 887 aequissimo
2576 818 2704 888 jure
2741 815 2893 872 facit.
2941 816 3120 873 Urbes
3156 826 3343 879 autem
3380 826 3492 874 tres
3531 818 3626 874 de-

2047 905 2199 960 cerni
2217 905 2401 976 jussit,
2426 920 2565 976 quas
2582 905 2769 971 etiam,
2810 903 3031 977 Refugii
3069 906 3139 971 ",
3167 907 3420 974 vocavit;
3447 923 3624 979 eoque

2045 996 2326 1068 compellit
2353 1011 2473 1062 eos,
2513 997 2611 1069 qui
2650 996 2723 1052 ob
2763 995 2999 1051 crimina
3023 1011 3137 1051 non
3180 997 3491 1054 voluntarie
3520 1000 3621 1055 ad-

2045 1088 2213 1145 missa
2265 1090 2601 1147 exsularent.
2642 1088 2728 1145 Ac
2760 1089 2945 1159 denuo
3010 1097 3229 1159 tempus
3281 1090 3626 1146 remissionis

2043 1181 2357 1251 praescribit
2380 1182 2453 1237 iis
2505 1182 2694 1251 etiam,
2745 1182 2841 1252 qui
2885 1181 3204 1253 hujusmodi
3246 1180 3452 1236 infelici
3498 1183 3625 1238 vita:

2043 1272 2363 1337 conditione
2408 1281 2732 1339 uterentur:
2763 1272 2900 1329 illud
2924 1273 3211 1338 nimirum,
3243 1289 3354 1343 quo
3372 1290 3622 1332 summus

2043 1378 2109 1418 ac
2130 1364 2622 1434 praestantissimus
2649 1365 2912 1435 sacerdos
2946 1372 3278 1425 moreretur.
3306 1365 3397 1421 Sic
3437 1376 3622 1422 autem

2044 1456 2238 1512 scribit
2258 1458 2319 1511 in
2344 1457 2633 1523 Numeris:
2670 1477 2688 1509 ι
2711 1457 2769 1514 Si
2795 1458 3093 1531 derepente
3120 1473 3228 1513 non
3257 1466 3486 1529 propter
3512 1460 3620 1515 ini-

2041 1550 2279 1605 micitias
2314 1550 2596 1620 impulerit
2614 1565 2764 1616 eum,
2794 1562 2892 1606 aut
2914 1550 3212 1621 conjecerit
3233 1550 3291 1604 in
3311 1566 3438 1605 eum
3461 1566 3622 1605 omne

2040 1656 2159 1705 vas,
2187 1656 2299 1695 non
2323 1656 2392 1695 ex
2410 1640 2655 1706 insidiis,
2682 1650 2779 1695 aut
2811 1641 2960 1696 omni
3007 1642 3215 1712 lapide,
3267 1642 3325 1705 in
3353 1657 3464 1712 quo
3500 1658 3621 1697 mo-

355 1727 662 1799 δευτηρίου,
703 1720 767 1783 οὗ
805 1730 1112 1800 κατέφυγε’
1152 1730 1243 1784 καὶ
1290 1730 1610 1800 κατοικήσει
1671 1731 1787 1784 ἐκεῖ
1833 1729 1938 1793 ἕως

2041 1732 2217 1787 rietur
2241 1731 2298 1785 in
2324 1731 2466 1801 ipso,
2493 1732 2767 1797 nesciens,
2818 1739 2876 1787 et
2926 1733 3194 1801 ceciderit
3232 1749 3398 1803 super
3418 1734 3620 1804 ipsum,

356 1819 423 1872 ἂν
475 1818 722 1891 ἀποθάνῃ
769 1822 799 1874 ὁ
854 1821 1032 1891 ἱερεὺς
1074 1821 1267 1892 μέγας,
1303 1820 1362 1885 ὃν
1408 1821 1630 1897 ἔχρισαν
1662 1822 1824 1876 αὐτὸν
1855 1821 1934 1893 τῷ

2041 1831 2097 1878 et
2120 1830 2375 1877 mortuus
2398 1821 2589 1886 fuerit,
2605 1830 2664 1879 et
2686 1823 2803 1893 ipse
2820 1838 2935 1878 non
2962 1832 3086 1879 erat
3132 1823 3414 1890 inimicus,
3441 1839 3624 1895 neque

229 1968 241 1975 ,
355 1911 521 1981 ἐλαίῳ
564 1912 644 1983 τῷ
689 1912 851 1982 ἁγίῳ.
877 1931 897 1965 ι
928 1909 1063 1967 Εἶτα
1117 1914 1234 1985 μεθ’
1263 1914 1426 1985 ἕτερα
1450 1929 1465 1945 ⁸
1501 1932 1522 1966 ι
1550 1915 1660 1969 Καὶ
1711 1917 1845 1985 μετὰ
1871 1915 1935 1970 τὸ

2041 1930 2168 1970 eum
2193 1914 2477 1985 quaerebat
2505 1913 2788 1969 oﬂ‘endere
2819 1932 2832 1967 :
2854 1914 3129 1986 judicabit
3170 1913 3454 1988 Synagoga
3476 1916 3622 1973 inter

353 2002 642 2057 ἀποθανεῖν
681 2004 775 2059 τὸν
808 2004 958 2078 ἱερέα
986 2005 1075 2059 τὸν
1126 2004 1320 2076 μέγαν,
1352 2005 1754 2077 ἐπαναστρέψει
1784 2008 1815 2060 ὁ
1843 2023 1936 2077 φο-

2041 2007 2460 2079 percutientem,
2501 2014 2559 2060 et
2579 2019 2708 2059 eum
2736 2003 2832 2075 qui
2878 2005 3165 2075 proximus
3209 2015 3296 2062 est
3345 2007 3621 2078 sanguini,

353 2093 547 2159 νεύσας
576 2097 659 2160 είς
686 2095 786 2169 τὴν
818 2099 922 2168 γῆν
946 2099 1045 2167 τῆς
1073 2096 1459 2167 κατασχέσεως
1483 2097 1671 2153 αὑτοῦ.
1694 2117 1714 2152 ι

2041 2102 2191 2173 iuxta
2212 2100 2330 2157 hac
2349 2097 2556 2169 judicia
2576 2114 2589 2151 :
2612 2104 2669 2152 et
2697 2106 2858 2153 eruet
2887 2097 3170 2171 Synagoga
3207 2113 3336 2155 eum
3359 2101 3452 2169 qui
3477 2099 3627 2155 oeci-

352 2189 519 2257 derit,
542 2190 613 2249 ab
646 2205 715 2246 eo
753 2190 849 2261 qui
883 2189 1173 2263 proximus
1200 2197 1290 2245 est
1329 2189 1620 2260 sanguini;
1646 2199 1705 2245 et
1733 2194 2035 2251 constituet
2066 2208 2195 2250 eum
2233 2190 2515 2265 Synagoga
2551 2189 2611 2243 in
2649 2189 2844 2247 urbem
2887 2190 3107 2262 refugii,
3131 2206 3243 2261 quo
3274 2190 3539 2263 confugit,
3565 2195 3627 2248 et

353 2279 627 2336 habitabit
656 2279 754 2344 ibi,
776 2294 1063 2349 quousque
1083 2279 1356 2335 moriatur
1389 2278 1648 2336 sacerdos
1670 2296 1921 2354 magnus,
1962 2299 2130 2357 quem
2170 2289 2451 2341 unxerunt
2490 2280 2615 2334 oleo
2662 2287 2854 2335 sancto
2895 2280 2961 2334 ⁸⁸.
2984 2299 3002 2331 ι
3039 2279 3250 2337 Deinde
3308 2292 3432 2353 post
3477 2284 3619 2340 alia:

361 2391 379 2424 ι
409 2367 479 2427 Ει
502 2381 861 2443 posteaquam
914 2378 1172 2427 mortuus
1210 2370 1378 2427 fuerit
1401 2371 1663 2443 sacerdos
1678 2388 1933 2446 magnus,
1972 2383 2289 2435 revertetur
2314 2371 2594 2429 homicida
2645 2370 2703 2424 in
2727 2379 2932 2426 terram
2984 2373 3355 2441 possessionis
3382 2390 3495 2433 sua:
3518 2376 3616 2430 ⁸⁸.»

425 2464 636 2517 ΠΑΛΛ.
675 2463 840 2528 Λύσις
868 2459 963 2517 οὖν
995 2464 1106 2535 ἄρα
1123 2464 1224 2535 τῆς
1242 2465 1532 2535 ἀειφυγίας
1551 2468 1758 2534 αὐτοῖς,
1781 2470 1810 2523 ὁ
1836 2469 1933 2523 τοῦ

358 2554 746 2628 προλεχθὲντος
765 2557 896 2626 ἡμῖν
923 2556 1128 2627 ἀρτίως
1153 2555 1344 2627 ἱερέως
1369 2557 1619 2625 θάνατος.

430 2646 595 2701 ΚΥΡ.
633 2647 824 2718 Σχῆμα
871 2647 1032 2701 τοῦτο
1053 2650 1166 2713 τοῖς
1194 2648 1407 2716 τύποις.
1456 2652 1726 2708 Ὠδίνουσι
1761 2653 1820 2708 δὲ
1873 2653 1934 2708 τὸ

360 2737 454 2792 τοῦ
484 2736 721 2809 Χριστοῦ
748 2740 1047 2812 μυστήριον
1076 2741 1134 2794 αἱ
1163 2740 1337 2797 σκιαί.

424 2829 637 2883 ΠΔΛΔ.
677 2830 813 2885 Τίνα
837 2830 1064 2902 τρόπονς

426 2918 591 2975 ΚΥΡ.
633 2920 749 2975 Οὐκ
772 2919 1052 2986 ἀπίθανον,
1091 2914 1139 2976 ὧ
1183 2921 1475 2993 Παλλάδιε,
1524 2924 1587 2978 τό
1628 2941 1693 2994 γε
1729 2925 1939 2980 οἴεσθαι

353 3012 515 3084 τυχὸν
537 3014 665 3077 τοὺς
691 3015 811 3077 ταῖς
832 3013 1130 3086 ἁμαρτίαις
1147 3016 1708 3088 ἐγκατειλημμένους,
1746 3036 1937 3089 φονευ-

352 3082 453 3170 τάξ
475 3105 668 3178 ὥσπερ
694 3105 848 3170 τινάς
1004 3108 1140 3172 ίδίας
1174 3082 1660 3181 ῦπάρχεινιιλυχῆς,
1686 3082 1780 3165 καί¹
1805 3129 1937 3166 κατ-
1961 3082 2004 3140 C

355 3199 638 3268 ολισθῆσαι
686 3201 767 3263 εἱς
823 3199 982 3256 τοῦτο
1023 3201 1399 3274 ταλαιπωρίας
1442 3204 1544 3258 οὐκ
1585 3205 1934 3274 ἐθελουσίως,

354 3289 820 3361 ἐκϐεϐιασμένους
838 3291 895 3344 δέ
920 3291 1069 3345 ὥσπε
1080 3310 1111 3362 ρ
1159 3296 1241 3357 είς
1282 3295 1616 3365 παράϐασιν,
1643 3298 1738 3350 καὶ⁹
1770 3299 1850 3362 εἰς
1878 3298 1939 3351 τὸ

354 3380 730 3453 προσκροῦσαι
762 3382 901 3454 Θεῷ,
926 3384 1016 3439 διὰ
1037 3385 1100 3438 τὸ
1129 3385 1408 3454 ἐγκεῖσθαι
1436 3388 1534 3459 τὴν
1558 3388 1795 3443 διάνοιαν
1840 3389 1936 3442 τοῦ

352 3474 644 3545 ἀνθρώπου
675 3476 768 3529 ἐπὶ
788 3475 857 3529 τά
895 3477 1109 3549 πονηρά
1137 3478 1202 3531 ἐκ
1223 3478 1492 3549 νεότητος,
1517 3480 1611 3533 καὶ
1639 3480 1728 3535 διὰ
1757 3481 1850 3537 τὸν
1880 3484 1938 3537 ἐν

354 3566 468 3628 τοῖς
515 3565 702 3636 μέλεσι
739 3566 838 3637 τῆς
890 3567 1093 3638 σαρκὸς
1145 3569 1245 3639 τῆς
1276 3568 1570 3623 ἀτιθάσσου
1604 3571 1935 3642 φιληδονίας,

351 3659 766 3728 τυραννήσαντα
792 3659 975 3730 νόμον.
1007 3661 1157 3732 Φυγῇ
1187 3663 1475 3734 τοιγαροῦν
1497 3666 1564 3735 τῇ
1595 3666 1702 3718 ἀπὸ
1730 3665 1937 3738 κόσμου

354 3753 449 3805 καὶ
475 3750 726 3823 σώματος
754 3754 786 3824 ή
812 3753 971 3807 ἀθλία
989 3752 1134 3825 ψυχὴ
1165 3754 1259 3808 τοῦ
1288 3754 1576 3827 ἀνθρώπου
1619 3755 1935 3828 ζημιοῦται,

354 3845 450 3898 καὶ
482 3844 670 3917 ὥσπερ
694 3847 774 3909 εἰς
810 3845 962 3899 πόλιν
1020 3847 1143 3900 τινά
1198 3847 1633 3918 φυγαδευτηρίου
1683 3850 1796 3913 τοῖς
1843 3849 1937 3904 τοῦ

355 3937 586 3991 θανάτου
611 3942 801 4010 μυχοῖς
824 3939 1141 4011 ἐνιζήσασα,
1168 3942 1415 4012 μακροὺς
1440 3941 1667 3995 διετέλει
1687 3945 1935 4016 χρόνους,

353 4027 541 4100 ἀνείθη
582 4029 642 4082 δὲ
701 4030 855 4100 μόλις
895 4030 1261 4095 ἀποθανόντος
1298 4031 1536 4103 Χριστοῦ
1575 4032 1670 4085 τοῦ
1696 4034 1937 4104 μεγάλου

356 4120 567 4190 ἱερέως,
597 4119 657 4184 ὃς
682 4121 774 4173 τὸν
799 4121 941 4191 ὑπὲρ
963 4122 1184 4176 πάντων
1212 4122 1444 4178 θάνατον
1489 4123 1745 4191 ἀνατλὰς,
1768 4141 1938 4180 κατα·-

364 4213 664 4284 πεφοίτηκε
705 4213 806 4283 μὲν
831 4215 911 4277 είς
947 4213 1094 4284 ᾅδου,
1128 4214 1303 4279 πύλας
1327 4216 1384 4269 δὲ
1413 4215 1592 4288 ἤνοιξε
1620 4219 1734 4280 τοῖς
1761 4218 1934 4285 κάτω,

354 4305 449 4358 καὶ
473 4304 688 4374 δεσμῶν
716 4304 887 4376 ἠφίει,
925 4324 943 4357 ι
963 4305 1137 4374 λέγων
1156 4309 1269 4370 τοῖς
1289 4307 1348 4359 ἐν
1368 4307 1604 4378 δεσμοῖς,
1636 4307 1935 4376 Ἐξέλθετέ,

355 4396 586 4461 καὶτοῖς
617 4398 676 4451 ὲν
698 4396 775 4468 τῷ
809 4396 1011 4463 σκότει,
1056 4396 1579 4452 Ἀνακαλύπτεσθε.ι

425 4489 635 4544 ΠΑΔΔ.
688 4488 776 4553 Ὣς
810 4487 986 4560 σαφὴς
1007 4490 1036 4542 ὁ
1060 4486 1237 4557 λόγος.

424 4580 592 4634 ΚΥΡ.
635 4581 710 4633 Οὐ
744 4580 868 4633 καθ’
905 4581 1001 4633 ἕνα
1024 4579 1081 4633 δὲ
1128 4579 1330 4651 τρόπον
1364 4577 1670 4649 εὐδοκιμεῖν
1710 4579 1940 4633 ἀναπεί-

355 4670 464 4723 θων
507 4671 636 4734 τοὺς
694 4670 1084 4743 ἀρχαιοτέρους
1126 4671 1155 4723 ὁ
1205 4670 1387 4740 νόμος,
1423 4670 1538 4723 ἀλλ’
1566 4665 1626 4725 εὖ
1668 4671 1940 4725 συντεθεῖ-

357 4759 483 4812 σθαι
509 4759 597 4812 διά
626 4759 866 4824 πάντων,
915 4761 1010 4814 καὶ
1026 4761 1101 4824 ὡς
1133 4759 1334 4830 ἄριστα
1366 4759 1537 4829 ἔχειν,
1570 4759 1656 4812 ἵνα
1753 4760 1941 4831 ἄρτιος

353 4852 384 4903 ὁ
413 4850 507 4904 τοῦ
532 4849 668 4904 Θεοῦ
710 4850 1013 4922 ἄνθρωπος,
1039 4852 1177 4923 πρὸς
1207 4853 1316 4904 πᾶν
1341 4850 1501 4922 ἔργον
1550 4851 1755 4920 ἀγαθὸν
1780 4851 1941 4924 ἐξηρ-

353 4943 611 5015 τημένος,
648 4944 743 4998 καὶ
782 4944 1030 5008 συνόδους
1050 4943 1294 5015 γαμικάς
1337 4941 1772 5015 καταρῤυθμίζει
1799 4943 1937 5015 πρὸς

352 5036 415 5089 τὺ
465 5036 683 5109 σεμνὸν.
729 5038 825 5091 καὶ
869 5036 946 5101 ὼς
981 5037 1049 5090 ἂν
1092 5039 1408 5107 ἀμωμήτως
1439 5037 1731 5107 πράττοιτο
1778 5037 1937 5090 ταυτὶ

352 5129 506 5200 παρά
552 5146 611 5182 τε
653 5127 774 5198 Θεῷ
830 5128 926 5181 καὶ
967 5127 1297 5199 ἀνθρώποις,
1328 5128 1651 5199 καθίστησιν
1684 5128 1933 5200 ἐναργές.

353 5220 618 5291 Πορνείαν
664 5214 765 5290 μὲν
815 5215 910 5273 οὖν
956 5219 1049 5272 καὶ
1099 5219 1438 5292 ἀκαθαρσίαν
1468 5218 1704 5291 ἐξορίζει
1739 5237 1936 5273 παντε-

351 5309 483 5372 λῶς,
540 5310 931 5383 ἀρῤενομιξίαν
979 5309 1035 5363 δὲ
1093 5310 1189 5363 καὶ
1231 5328 1496 5382 μοιχειαν,
1526 5311 1602 5377 ὡς
1661 5312 1935 5367 ἀπωτάτω

352 5402 610 5469 ποιεῖται,
653 5401 828 5470 λέγων
870 5403 927 5453 ἐν
978 5401 1056 5471 τῷ
1103 5402 1403 5472 Λευιτικῷο
1466 5422 1485 5455 ι
1514 5405 1624 5459 Καὶ
1669 5405 1807 5478 πρὸς
1833 5406 1934 5476 τὴν

352 5494 592 5559 γυναῖκα
616 5491 709 5547 τοῦ
758 5492 985 5564 πλησίον
1021 5509 1113 5544 σου
1153 5491 1213 5543 ού
1243 5490 1433 5556 δώσεις
1458 5496 1644 5566 κοίτην
1680 5498 1933 5568 σπέρμα-

352 5579 447 5646 τός
475 5599 592 5652 σου,
623 5582 984 5655 ἐκμιανθῆναι
1022 5581 1157 5651 πρὸς
1201 5582 1392 5653 αὐτὴν,
1446 5586 1542 5639 καὶ
1594 5589 1734 5657 μετά
1770 5588 1936 5660 ἄρσε-

1968 4436 2015 4493 D

2105 2469 2304 2528 PALL.
2330 2466 2484 2522 Finis
2505 2465 2677 2536 igitur
2698 2464 2881 2520 exsilii
2905 2464 3017 2520 illis
3047 2465 3159 2520 erit
3184 2480 3337 2522 mors
3358 2469 3623 2526 sacerdo—

2036 2565 2129 2628 tis,
2156 2576 2322 2632 quem
2367 2558 2532 2614 modo
2557 2556 2820 2613 diximus.

2101 2653 2597 2723 CYR.Figurarum
2626 2650 2851 2721 quidem
2871 2652 3115 2709 exterior
3140 2652 3623 2724 babitusejusmo—

2028 2746 2086 2802 di
2109 2743 2331 2805 est.Sed
2353 2743 2797 2813 complectuntur
2815 2742 3025 2803 umbrae
3046 2743 3256 2801 Christi
3270 2744 3619 2815 mysterium.

2104 2837 2303 2894 PALL.
2330 2836 2452 2903 Quo
2478 2835 2705 2891 tandem
2740 2834 2939 2889 modo?

2099 2931 2257 2988 CYR.
2282 2931 2513 2992 Nonest
2534 2929 2924 2999 improbabile,
2981 2929 3212 2995 Palladi,
3254 2938 3450 2999 putare
3496 2928 3617 2985 for-

2037 3023 2201 3083 tussis
2245 3038 2362 3087 eos,
2394 3021 2489 3092 qui
2536 3021 2782 3091 peccatis
2823 3021 3091 3091 implicati
3138 3030 3289 3086 sunt,
3334 3037 3448 3078 sua:
3490 3022 3619 3076 ani-

2037 3130 2140 3170 mae
2177 3113 2329 3168 velut
2350 3111 2657 3169 homicidas
2680 3126 2822 3177 esse,
2849 3120 3015 3182 atque
3058 3113 3125 3167 ad
3172 3128 3294 3167 eam
3342 3113 3622 3168 miseriam

2038 3224 2150 3282 non
2181 3214 2380 3277 sponte
2421 3205 2698 3274 delapsos,
2724 3203 2822 3260 sed
2866 3204 2937 3259 ad
2982 3205 3162 3275 legem
3206 3205 3518 3259 violandam
3565 3214 3623 3260 et

2040 3301 2213 3354 Deum
2239 3296 2634 3353 offendendum
2686 3304 2910 3351 coactos
2935 3312 3062 3352 esse
3114 3296 3523 3366 quodammodo
3566 3307 3623 3353 et

2040 3390 2325 3460 impulsos,
2350 3404 2419 3444 eo
2440 3387 2590 3457 quod
2612 3402 2789 3457 prona
2812 3387 2885 3442 sit
2906 3402 3066 3442 mens
3110 3387 3356 3441 hominis
3388 3387 3457 3441 ad
3479 3388 3621 3442 mala

2038 3494 2106 3534 ex
2124 3479 2413 3549 iuventute
2433 3477 2502 3541 '-',
2536 3485 2594 3531 et
2638 3475 2920 3531 indomita:
2960 3476 3424 3547 concupiscentia:
3449 3476 3537 3531 lex
3563 3476 3621 3531 in

2037 3570 2303 3626 membris
2324 3569 2509 3625 carnis
2528 3567 2865 3623 dominetur.
2892 3568 3067 3638 igitur
3091 3568 3284 3639 procul
3324 3583 3353 3623 a
3410 3569 3620 3624 mundo

2039 3668 2095 3717 et
2114 3677 2145 3716 a
2169 3674 2399 3730 corpore
2422 3657 2664 3743 hominis
2688 3659 2873 3713 anima
2896 3659 3089 3713 infelix
3119 3661 3317 3714 exsilio
3341 3661 3620 3716 multaba-

2040 3764 2152 3819 tur,
2178 3752 2427 3823 atquein
2447 3751 2654 3807 abditis
2677 3752 2874 3806 mortis
2922 3768 2988 3807 ac
3030 3753 3411 3822 penetralibus
3459 3753 3620 3820 locis,

2043 3850 2304 3913 tanquam
2342 3844 2399 3898 in
2429 3842 2570 3898 urbe
2614 3843 2853 3913 quadam
2901 3842 3099 3914 refugii
3144 3843 3412 3910 residens,
3457 3845 3622 3916 longo

2039 3946 2283 4008 tempore
2305 3936 2729 4006 perseverabat;
2760 3944 2983 3999 mortuo
3007 3943 3196 3991 autem
3221 3935 3302 3992 Cb
3313 3938 3453 3992 risto
3499 3952 3621 3993 ma-

2039 4044 2145 4099 gno
2167 4028 2474 4093 sacerdote,
2514 4028 2607 4083 vix
2653 4028 2877 4084 tandem
2924 4028 3151 4083 dimissa
3187 4037 3291 4083 est.
3338 4027 3465 4094 Qui,
3493 4044 3620 4083 cum

2038 4134 2141 4189 pro
2206 4119 2464 4174 omnibus
2542 4118 2865 4188 pertulisset
2922 4126 3159 4171 mortem
3188 4157 3203 4181 ,
3264 4117 3334 4171 ad
3404 4116 3622 4172 inferna

2039 4210 2344 4275 descendit,
2368 4217 2531 4279 atque
2563 4217 2752 4279 portas
2801 4208 2996 4262 inferis
3040 4207 3278 4276 aperuit,
3317 4222 3623 4277 eorumque

2038 4302 2257 4356 vincula
2296 4301 2586 4365 relaxavit,
2637 4299 2873 4354 «dicens
2918 4298 3025 4363 eis,
3080 4297 3176 4366 qui
3225 4298 3619 4353 vinctierant:

2046 4394 2233 4459 Exite;
2258 4402 2315 4447 et
2353 4392 2421 4446 iis
2446 4391 2539 4460 qui
2567 4391 2624 4445 in
2646 4389 2893 4445 tenebris
2920 4406 2933 4442 :
2960 4388 3302 4443 Revelamini
3327 4391 3394 4444 “.
3417 4408 3438 4443 ι

2114 4481 2312 4537 PALL.
2341 4480 2549 4550 Aperta
2571 4495 2703 4535 sane
2723 4477 3017 4549 expositio.

2110 4575 2269 4631 CYR.
2298 4572 2592 4637 Cancrum,
2621 4571 2754 4641 quia
2777 4569 2947 4640 283
2967 4570 3059 4624 lex
3082 4584 3195 4624 non
3223 4585 3336 4625 uno
3357 4569 3622 4627 duntaxat

2048 4682 2254 4740 genere
2279 4664 2504 4720 virtutis
2528 4663 2787 4732 antiquos
2810 4661 2935 4717 illos
2958 4662 3334 4725 Commendari
3382 4662 3618 4730 volebat,

2040 4760 2137 4816 sed
2162 4758 2227 4814 ad
2254 4755 2440 4812 omnia
2465 4755 2804 4824 compositos
2825 4768 2970 4820 esse,
3010 4763 3068 4809 et
3119 4754 3329 4825 optime
3374 4762 3617 4825 paratos,

2041 4859 2104 4907 ut
2133 4849 2410 4922 perfectus
2431 4855 2580 4902 esset
2603 4847 2768 4902 homo
2790 4846 2916 4912 Dei,
2939 4846 3009 4901 ad
3032 4862 3197 4902 omne
3240 4862 3381 4918 opus
3411 4848 3620 4904 bonum

2043 4952 2270 5015 paratus
2293 4942 2360 5006 ⁵⁷,
2387 4940 2515 4994 ideo
2537 4939 2856 5008 nuptiarum
2900 4940 3347 5009 conjunctionem
3384 4942 3452 4996 ad
3497 4958 3621 4998 mo-

2042 5050 2168 5090 rum
2223 5035 2570 5089 honestatem
2611 5030 2920 5100 componit:
2968 5039 3026 5086 et
3072 5047 3182 5100 qua
3232 5034 3447 5086 ratione
3505 5033 3620 5090 haec

2042 5128 2162 5183 ﬁeri
2186 5128 2261 5182 ita
2282 5127 2518 5197 possint,
2542 5132 2602 5179 ut
2623 5123 3059 5195 reprehensione
3089 5132 3208 5177 tum
3231 5123 3377 5193 apud
3422 5125 3618 5192 Deum,

2042 5228 2158 5275 tum
2205 5234 2337 5274 vero
2384 5216 2528 5288 apud
2567 5216 2819 5270 homines
2865 5222 3112 5278 careant,
3168 5215 3412 5284 exponit.
3450 5216 3620 5285 Igitur

2039 5312 2463 5368 fornicationem
2487 5306 2970 5364 etimmunditiam
2992 5321 3223 5374 prorsus
3255 5307 3465 5377 rejicit;
3499 5324 3619 5365 ma-

2041 5404 2317 5459 sculorum
2346 5417 2478 5457 vero
2503 5401 2860 5455 concubitum
2885 5406 2939 5452 ct
2959 5396 3296 5453 adulterium
3322 5415 3486 5470 quam
3503 5401 3620 5457 lon-

2040 5496 2261 5568 gissime
2287 5493 2526 5564 repellit,
2549 5492 2740 5546 dicens
2766 5490 2823 5543 in
2846 5486 3125 5542 Levitico:
3162 5508 3181 5540 ι
3200 5490 3267 5545 Et
3290 5490 3358 5544 ad
3394 5508 3620 5549 uxorem

2041 5587 2275 5658 proximi
2305 5586 2384 5640 tui
2414 5599 2525 5638 non
2548 5582 2705 5637 dabis
2731 5582 3051 5637 cucubitum
3072 5582 3297 5638 seminis
3319 5583 3422 5650 tui,
3448 5593 3510 5638 ut
3533 5584 3621 5639 ἰησ-

436 5745 483 5776 ⁸⁹
503 5768 664 5823 Deut.
692 5783 766 5829 tv,
792 5766 883 5820 ιιι.
936 5766 980 5797 vt
1001 5764 1159 5822 Num.
1185 5781 1343 5827 xxxv,
1368 5762 1557 5816 ρει-εδ.
1618 5763 1665 5795 σε
1690 5756 1824 5817 ibid.
1859 5767 1940 5819 es.

2041 5769 2070 5799 ⁵⁸
2092 5768 2290 5822 Gcnes.
2315 5780 2430 5832 vnt,
2470 5764 2558 5819 2i.
2640 5766 2686 5798 δῦ
2707 5765 2810 5819 Isa.
2842 5783 2985 5834 xm,
3014 5768 3067 5824 9.
3146 5769 3191 5802 "’
3218 5768 3263 5822 II
3286 5766 3428 5823 Tim.
3450 5781 3509 5834 ιι,
3530 5768 3622 5821 ‘24.
