4142 6296
519 363 623 421 535

1537 351 1593 408 S.
1635 351 1913 409 CYRILLI
1953 347 2424 408 ALEXANDRINI
2463 349 2781 408 ARCHIEP.

3675 359 3780 418 584

519 479 766 554 quineris
780 492 902 533 cum
917 490 1008 542 ea;
1029 483 1086 530 et
1109 488 1232 528 cum
1252 472 1619 534 masculonon
1644 472 1886 528 dormies
1902 487 2094 529 concu-

2205 487 2295 533 νος
2323 471 2384 523 οὐ
2426 471 2738 541 κοιμηθήσῃ
2785 470 2972 540 κοίτην
3007 471 3340 539 γυναικείαν·
3364 470 3638 545 βδέλυγμα
3669 483 3782 549 γὰρ

517 572 634 627 bitu
653 569 915 634 femineo;
934 565 1269 620 exsecrabile
1284 563 1428 618 enim
1445 563 1601 618 est“.
1616 582 1633 614 ι
1655 563 1998 634 Hujusmodi,
2016 563 2103 616 in-

516 657 864 729 quit,ﬂagitia
886 672 982 710 sua
1004 663 1198 724 sponte
1217 654 1472 708 damnata
1494 662 1644 720 sunt,
1669 662 1725 709 et
1746 670 2013 709 summam
2029 654 2104 708 iis

515 749 737 820 ﬂagitiis
759 747 1061 802 foeditatem
1079 747 1258 800 inesse
1279 745 1635 815 perspicuum
1661 755 1742 801 est
1765 763 1780 812 ;
1807 761 1911 801 nec
1927 744 2103 816 pluri-

516 841 620 894 bus
637 839 823 895 verbis
838 854 976 908 opus
1001 838 1110 892 erit
1132 847 1192 892 ut
1209 837 1332 892 illos
1355 837 1447 906 qui
1469 837 1535 890 ad
1559 851 1680 890 eam
1704 835 2101 907 turpitudinem

515 939 876 999 venerunt,ut
891 931 997 1001 ipsi
1014 938 1212 1000 sponte
1229 930 1365 984 adeo
1383 929 1525 998 turpi
1540 936 1595 982 et
1606 928 2102 998 deformiopinione

515 1022 1128 1092 laborarentipsamque
1151 1031 1408 1076 naturam
1435 1028 1783 1076 accusantem
1810 1020 2097 1084 haberent,

517 1129 895 1183 coarguamus.
921 1112 1197 1182 Hisigitur
1219 1111 1622 1181 praetermissis,
1642 1126 1762 1180 qum
1782 1111 2021 1180 legitime
2045 1117 2102 1165 et

519 1204 823 1257 secundum
849 1204 1120 1256 rationem
1149 1201 1306 1268 ﬁunt,
1343 1202 1639 1266 examinat,
1666 1201 1855 1254 dicens
1878 1200 1934 1253 in
1953 1201 2100 1254 Deu-

519 1295 864 1348 teronomio:
909 1313 927 1344 ι
953 1293 1008 1346 Si
1046 1293 1172 1361 quis
1219 1293 1499 1361 acceperit
1536 1305 1784 1354 uxorem,
1831 1299 1887 1343 et
1929 1290 2098 1344 coha-

521 1386 784 1439 bitaverit
816 1399 942 1438 cum
965 1399 1052 1448 ea,
1078 1391 1135 1437 et
1167 1385 1298 1449 erit,
1323 1384 1368 1438 si
1394 1385 1485 1437 illa
1532 1399 1642 1436 non
1661 1383 1937 1436 invenerit
1971 1397 2096 1453 gra-

518 1479 648 1530 tiam
681 1477 735 1529 in
761 1485 1058 1544 conspectu
1085 1475 1227 1544 ejus,
1273 1474 1402 1543 quia
1430 1473 1642 1527 invenit
1664 1472 1719 1525 in
1736 1487 1800 1526 ea
1842 1488 1957 1526 rem
1983 1481 2100 1526 tur-

515 1583 674 1637 pem;
704 1565 913 1620 scribet
935 1565 987 1619 ei
1029 1564 1277 1619 libellum
1326 1565 1566 1634 repudii,
1589 1574 1646 1618 et
1692 1564 1847 1618 dabit
1891 1565 1946 1617 in
1977 1580 2096 1620 ma-

513 1674 623 1712 nus
655 1659 795 1727 ejus,
818 1665 878 1710 et
901 1655 1143 1710 dimittet
1161 1672 1282 1711 eam
1307 1672 1338 1710 e
1369 1656 1532 1710 domo
1571 1670 1702 1709 sua:
1729 1664 1785 1709 et
1809 1655 1855 1709 si
1905 1655 2096 1710 abiens

515 1749 684 1804 fuerit
709 1749 868 1802 alteri
890 1749 1034 1813 viro,
1063 1757 1120 1802 et
1141 1748 1322 1803 oderit
1344 1763 1463 1803 eam
1495 1748 1582 1802 vir
1602 1748 1849 1812 ultimus,
1877 1755 1932 1802 et
1957 1748 2097 1802 scri-

514 1840 751 1909 pseritei
775 1840 1020 1893 libellum
1049 1840 1286 1909 repudii,
1311 1850 1366 1895 et
1391 1839 1609 1894 dederit
1633 1841 1688 1894 in
1720 1855 1919 1894 manus
1946 1841 2090 1910 ejus,
2126 1817 2168 1872 Β

517 1939 577 1984 et
608 1930 883 1986 dimiserit
909 1947 1030 1986 eam
1064 1947 1094 1985 e
1135 1931 1298 1985 domo
1349 1945 1468 1994 sua,
1493 1938 1588 1984 aut
1622 1938 1885 1985 mortuus
1928 1931 2099 1986 fuerit

516 2022 603 2074 vir
627 2023 744 2092 ejus
768 2021 1013 2087 ultimus,
1039 2022 1136 2091 qui
1160 2022 1376 2091 accepit
1397 2036 1519 2076 eam
1561 2021 1668 2075 sibi
1694 2036 1952 2087 uxorem;
1985 2037 2096 2075 non

517 2113 722 2182 poterit
745 2113 853 2178 vir,
883 2113 976 2182 qui
1004 2113 1163 2183 prius
1198 2113 1412 2166 dimisit
1450 2127 1593 2177 eam,
1620 2113 1802 2167 denuo
1847 2111 2098 2182 accipere

517 2207 623 2260 sibi
657 2206 711 2261 in
738 2223 992 2273 uxorem,
1019 2218 1382 2278 posteaquam
1421 2209 1632 2277 polluta
1668 2217 1782 2274 est;
1837 2208 1968 2279 quia
1999 2223 2096 2263 ex-

517 2296 786 2352 secrabile
810 2298 971 2353 estin
994 2307 1294 2369 conspectu
1346 2297 1564 2352 Domini
1615 2299 1713 2353 Dei
1741 2300 1855 2365 tui;
1888 2309 1945 2354 et
1985 2314 2097 2354 non

516 2387 778 2456 polluetis
832 2397 1060 2453 terram,
1084 2405 1248 2460 quam
1277 2389 1547 2446 Dominus
1585 2391 1731 2446 Deus
1783 2401 1966 2446 vester
2004 2392 2098 2448 dat

516 2479 674 2534 vobis
697 2479 752 2534 in
778 2481 1180 2549 possessionem
1207 2482 1274 2534 ⁵⁸.
1303 2501 1320 2532 ›
1355 2481 1510 2546 Nam,
1541 2497 1662 2553 quae
1682 2484 1845 2554 justis
1874 2484 1940 2540 de
1963 2501 2095 2540 cau-

515 2573 592 2626 sis
612 2587 642 2626 a
666 2573 786 2627 viro
812 2572 1089 2644 disjuncta
1117 2583 1221 2640 est,
1250 2583 1305 2629 et
1329 2575 1559 2630 alterius
1604 2576 1708 2629 viri
1741 2576 2094 2631 concubitum

517 2678 698 2732 passa,
747 2679 868 2719 eam
909 2665 1207 2735 legitimam
1234 2667 1340 2720 sibi
1367 2682 1596 2720 uxorem
1635 2667 1924 2731 asciscere,
1948 2668 2094 2722 haud

521 2762 702 2807 tutum
740 2762 844 2819 est,
871 2754 982 2808 imo
1003 2769 1138 2809 vero
1176 2756 1594 2811 stultissimum:
1619 2773 1765 2821 nam,
1825 2775 1842 2807 ι
1864 2756 1966 2822 Qui
1995 2757 2093 2811 ba-

520 2844 616 2897 bet
661 2844 984 2908 adulteram,
1024 2846 1221 2915 inquit,
1259 2847 1458 2901 stultus
1505 2856 1592 2902 est
1622 2855 1678 2902 et
1728 2847 1929 2917 impius
1966 2848 2030 2902 ⁶⁰.
2067 2867 2085 2898 ι

520 2934 594 2988 Ut
624 2943 810 2988 autem
840 2935 1100 3003 prohibet
1146 2949 1216 2989 ne
1246 2935 1336 3001 iis,
1395 2953 1516 3006 qua:
1563 2937 1858 3007 perspicue
1913 2938 2093 3008 turpia

518 3034 669 3089 sunt,
688 3035 742 3080 et
766 3026 884 3080 sine
918 3027 1298 3082 controversia
1319 3028 1671 3094 damnantur,
1718 3029 2088 3095 oblcctemur;

2207 562 2374 616 ἐστιν.
2430 579 2449 612 ι
2506 561 2764 628 Αύτόθεν,
2800 562 2954 631 φησι,
2982 562 3052 614 τὰ
3095 564 3320 618 τοιαῦτα
3344 565 3405 618 rb
3451 568 3784 638 κατακεκρί-

2211 651 2335 706 σθαι
2363 654 2529 717 νοσεῖ,
2561 652 2656 706 καὶ
2701 652 2834 704 πολὺ
2874 654 2936 706 rb
2990 653 3223 719 δυσῶδες
3246 655 3539 727 ἐντετηκὸς
3569 658 3779 722 αὐτοῖς,

2204 743 2606 815 ἀταλαιπώρως
2639 742 2970 814 εὑρίσκεται,
3007 748 3101 799 καὶ
3136 747 3350 816 μακροῦ
3395 749 3530 819 πρὸς
3555 748 3780 819 ἔλεγχον

2203 836 2265 888 οὐ
2312 835 2493 904 δεήσει
2541 833 2699 903 λόγου
2746 836 2858 898 τοῖς
2889 837 2965 898 είς
2997 835 3156 888 τοῦτο
3182 837 3465 908 βδελυρίας
3493 839 3777 909 ἠγμένοις,

2201 923 2277 988 ὡς
2322 923 2533 977 οἴκοθεν
2581 923 2726 994 ἐχειν
2777 925 3007 995 αίσχράν
3031 925 3173 979 οὕτω
3200 927 3296 980 καὶ
3327 927 3536 1000 ἀκαλλῆ
3572 931 3669 1000 τὴν
3693 933 3780 985 66-

2205 1014 2320 1082 ξαν,
2356 1017 2451 1068 καὶ
2484 1017 2617 1085 παρ’
2651 1015 2825 1086 αὐτῆς
2855 1016 2954 1086 τῆς
2993 1017 3207 1085 φύσεως
3249 1020 3350 1089 τὴν
3378 1022 3622 1092 γραφήν.
3654 1023 3778 1076 Τοι-

2201 1107 2310 1177 γάρ
2356 1123 2436 1159 τοι
2487 1107 2684 1177 παρεὶς
2715 1107 2782 1160 τὰ
2810 1107 3056 1173 τοιαῦτα,
3085 1108 3154 1162 τὰ
3199 1110 3478 1180 συννόμως
3499 1111 3772 1183 δρώμενα,

2201 1198 2297 1251 καὶ
2324 1198 2424 1250 οὐκ
2449 1196 2552 1262 ἔξω
2583 1197 2744 1266 λόγου
2794 1198 3091 1269 βασανίζει,
3122 1200 3295 1269 λέγων
3328 1203 3386 1254 ἐν
3414 1201 3492 1273 τῷ
3517 1204 3775 1276 Δευτερο-

2199 1288 2371 1359 νομίῳ
2394 1303 2406 1316 ·
2443 1305 2462 1338 ι
2503 1289 2626 1342 Ἐἀν
2656 1289 2713 1342 δέ
2754 1307 2839 1353 τις
2872 1289 3010 1362 λάϐῃ
3059 1294 3294 1360 γυναῖκα
3328 1293 3423 1346 καὶ
3477 1296 3774 1369 συνοικήσῃ

2204 1379 2342 1449 αὐτῇ
2362 1396 2375 1411 ·
2404 1379 2498 1432 καὶ
2520 1378 2692 1442 ἔσται,
2718 1378 2814 1431 ἐὰν
2847 1379 2920 1449 μὴ
2945 1380 3080 1451 εὕρῃ
3103 1380 3264 1452 χάριν
3291 1382 3533 1436 ἐναντίον
3569 1383 3732 1438 αὐτοῦ
3753 1403 3769 1417 ·

2198 1473 2282 1525 ὅτι
2336 1463 2494 1541 εὗρεν
2528 1473 2585 1524 ἐν
2621 1471 2759 1542 αὐτῇ
2800 1472 3046 1542 ἄσχημον
3080 1475 3343 1545 πρᾶγμα,
3385 1475 3589 1547 γράψει
3630 1478 3769 1549 αὐτῇ

2200 1565 2404 1634 βιϐλίον
2437 1562 2792 1627 ἀποστασίου,
2832 1564 2926 1616 καὶ
2980 1563 3249 1618 ἀποδώσει
3306 1567 3388 1630 είς
3429 1567 3529 1633 τὰς
3582 1572 3772 1642 χεῖρας

2198 1656 2390 1726 αὐτῆς,
2424 1656 2517 1709 καὶ
2559 1655 2850 1708 ἀποστελεῖ
2880 1655 3050 1726 αὐτὴν
3107 1657 3172 1709 ἐκ
3212 1657 3313 1728 τῆς
3355 1659 3532 1724 οἰκίας
3579 1661 3764 1714 αὑτοῦ·

2198 1749 2290 1802 καὶ
2312 1747 2405 1800 ἐὰν
2431 1746 2740 1800 ἀπελθοῦσα
2769 1747 2990 1818 γένηται
3029 1747 3183 1818 ἀνδρὶ
3213 1749 3403 1821 ἑτέρῳ,
3435 1751 3529 1804 καὶ
3560 1753 3767 1824 μισήσῃ

2196 1839 2362 1910 αὐτὴν
2391 1838 2530 1909 ἀνὴρ
2558 1839 2587 1890 ὁ
2614 1838 2860 1909 ἔσχατος,
2895 1839 2990 1892 καὶ⁸
3031 1839 3221 1911 γράψῃ
3250 1842 3386 1913 αὐτῇ
3411 1843 3614 1914 βιϐλίον
3637 1845 3771 1898 ἀπο-

2200 1931 2441 1994 στασίου,
2469 1930 2562 1984 καὶ
2583 1928 2730 2004 δώσῃ
2753 1932 2832 1994 είς
2874 1931 2974 1995 τὰς
3025 1934 3214 2003 χεῖρας
3238 1933 3426 2005 αὐτῆς,
3449 1935 3542 1988 καὶ
3571 1935 3766 2000 ἐξαπο-

2200 2023 2384 2095 στείλῃ
2421 2022 2589 2094 αὐτὴν
2631 2023 2697 2075 ἐκ
2721 2022 2820 2092 τῆς
2849 2023 3026 2087 οίκίας
3059 2023 3248 2088 αὑτοῦ,
3278 2025 3310 2095 ἢ
3342 2029 3436 2079 καὶ
3460 2026 3706 2100 ἀποθάνῃ
3737 2030 3768 2080 ὁ

2197 2113 2336 2184 ἀνὴρ
2377 2114 2542 2183 αὐτῆς
2570 2115 2598 2167 ό
2624 2113 2871 2183 ἔσχατος,
2918 2114 2976 2177 ὃς
3018 2113 3210 2167 ἐλαϐεν
3246 2114 3414 2187 αὐτὴν
3461 2115 3641 2188 ἐαυτῷ
3669 2134 3769 2186 γυ-

2198 2206 2380 2268 ναῖκα,
2411 2205 2470 2257 οὐ
2504 2205 2794 2276 δυνήσεται
2823 2206 2851 2256 ὁ
2872 2205 3010 2276 ἀνὴρ
3032 2207 3061 2258 ὁ
3088 2206 3354 2277 πρότερον
3378 2207 3767 2272 ἐξαποστείλας

2197 2295 2386 2365 αὐτὴν,
2419 2295 2832 2366 ἐπαναστρέψας
2859 2295 3047 2349 λαϐεῖν
3097 2297 3266 2367 αὐτὴν
3307 2298 3481 2368 ἐαυτῷ
3509 2302 3763 2368 γυναῖκα,

2201 2386 2338 2459 μετά
2386 2385 2446 2438 rb
2487 2385 2774 2457 μιανθῆναι
2804 2386 2994 2457 αὐτὴν,
3023 2386 3105 2439 ὅτι
3131 2385 3408 2458 βδέλυγμα
3433 2390 3581 2442 ἐστιν
3610 2389 3767 2442 ἐναν-

2196 2476 2308 2530 τίον
2350 2475 2554 2546 Κυρίου
2592 2473 2685 2528 τοῦ
2713 2475 2845 2528 Θεοῦ
2880 2492 2998 2539 σου,
3029 2477 3125 2529 καὶ
3147 2477 3209 2528 οὐ
3256 2477 3485 2548 μιάνητε
3511 2479 3610 2548 τὴν
3637 2478 3762 2550 γῆν,

2195 2566 2263 2635 ἢν
2309 2565 2512 2636 Κύριος
2560 2566 2588 2618 ὁ
2631 2565 2764 2629 Θεὸς
2810 2565 2964 2634 ὑμῶν
2993 2566 3206 2620 δίδωσιν
3250 2567 3379 2637 ὑμῖν
3409 2569 3468 2620 ἐν
3499 2568 3705 2639 κλήρῳ.
3738 2585 3760 2618 ι

2197 2657 2309 2728 Τὴν
2335 2657 2444 2728 γὰρ
2482 2659 2567 2710 ἐπ’
2595 2657 2796 2720 αἰτίαις
2815 2657 3060 2725 εὐλόγοις
3085 2659 3278 2730 ἀνδρὸς
3303 2659 3767 2730 διεσχοινισμένην

2197 2748 2292 2801 καὶ
2327 2747 2634 2801 ἀνατλᾶσαν
2665 2747 2818 2818 ὕϐριν
2848 2749 2946 2818 τὴν
2975 2749 3064 2817 ὑφ’
3087 2749 3277 2820 ἑτέρῳ,
3325 2751 3552 2819 γνήσιον
3596 2750 3768 2802 ποιεῖ-

2197 2837 2318 2892 σθαι
2349 2838 2614 2902 σύνοικον,
2649 2839 2749 2892 ούκ
2795 2839 3054 2908 ἀσφαλὲς,
3089 2841 3286 2910 μᾶλλον
3317 2840 3373 2893 δὲ
3413 2841 3507 2894 καὶ
3531 2840 3764 2894 είσάπαν

2199 2929 2428 3001 ἀμαθές.
2463 2949 2480 2980 ι
2504 2930 2563 2983 '0
2593 2929 2701 3002 γὰρ
2732 2930 2999 3001 κατέχων,
3037 2930 3192 3001 φησὶ,
3234 2931 3534 3003 μοιχαλίδα.
3575 2932 3765 3002 ἄφρων

2196 3023 2291 3076 καὶ
2315 3022 2570 3092 ἀσεϐής.)
2621 3022 2831 3093 Ὥσπερ
2871 3023 2930 3076 δὲ
2974 3023 3282 3093 άποφάσκει
3345 3026 3460 3086 τοῖς
3511 3022 3766 3093 ἐμφανῶς

519 3117 607 3171 sic
630 3132 825 3171 rursus
870 3133 980 3171 non
1003 3120 1279 3188 permittit
1324 3127 1386 3172 ut
1427 3119 1680 3182 honesta,
1714 3130 1973 3189 tanquam
2004 3121 2088 3174 in-

2197 3114 2440 3184 αίσχροῖς
2478 3113 2573 3166 καὶ
2607 3113 2992 3184 ἀναμφιϐόλως
3031 3114 3518 3184 κατεγνωσμένοις,
3572 3113 3634 3166 rb
3671 3116 3769 3180 ἐφ·

519 3207 747 3262 honesta
769 3208 900 3271 sint,
929 3224 1252 3265 accusemus
1277 3228 1290 3263 :
1343 3225 1442 3279 par
1465 3209 1614 3263 enim
1672 3218 1959 3279 peccatum
1982 3219 2086 3276 est,

519 3297 575 3350 id
602 3298 966 3353 adamandum
995 3309 1214 3368 putare,
1252 3299 1400 3369 quod
1423 3298 1589 3369 284
1616 3297 1806 3368 fugere
1835 3308 2086 3368 ρτρθειειω

517 3397 574 3443 οι
599 3390 666 3443 ad
699 3391 831 3445 illud
887 3393 1042 3446 nullo
1081 3391 1285 3445 affectu
1337 3389 1678 3459 permoveri,
1714 3390 1862 3458 quod
1917 3391 2090 3447 vitare

520 3487 678 3548 turpe
717 3488 820 3534 est.
869 3499 888 3530 ‹
913 3480 1008 3535 Vae
1053 3479 1221 3542 enim,
1255 3477 1351 3542 ait,
1387 3477 1480 3547 qui
1523 3475 1707 3531 dicitis
1748 3477 1906 3532 dulce
1939 3495 2090 3533 ama-

518 3586 662 3634 rum,
690 3578 746 3625 et
766 3587 1015 3625 amarum
1049 3570 1242 3635 dulce;
1293 3569 1500 3623 bonum
1524 3568 1750 3634 malum,
1793 3578 1850 3624 et
1886 3571 2087 3625 malum

519 3661 871 3732 bonum;qui
921 3662 1130 3732 ponitis
1187 3663 1367 3716 lucem
1394 3661 1670 3726 tenebras,
1733 3670 1789 3716 et
1835 3663 2089 3717 tenebras

520 3753 700 3805 lucem
736 3753 802 3805 δι.
825 3771 843 3802 ι
876 3753 1047 3822 Igitur
1076 3753 1350 3808 asciscere
1375 3751 1558 3807 denuo
1599 3751 1942 3819 repudiatam
1979 3767 2088 3806 non

519 3843 882 3911 sinit;neque
926 3853 1109 3898 tamen
1155 3843 1399 3898 vicissim
1445 3843 1737 3912 permittit,
1789 3851 1885 3909 ut,
1925 3844 2094 3898 rebus

518 3933 764 3986 nondum
787 3932 1182 3997 condemnatis,
1200 3933 1435 4000 quadam
1463 3933 1805 4003 vituperandi
1835 3934 2093 3988 facilitate

520 4024 776 4095 injuriam
802 4023 1132 4078 inferamus:
1160 4023 1240 4078 sic
1266 4023 1413 4078 enim
1439 4024 1518 4078 ait
1540 4038 1770 4077 rursus:
1806 4042 1823 4073 ι
1842 4021 1998 4088 Quod
2043 4023 2089 4076 si

518 4118 644 4186 quis
691 4116 968 4185 acceperit
1012 4129 1260 4182 uxorem,
1293 4121 1350 4170 et
1401 4115 1735 4169 habitaverit
1770 4129 1894 4168 cum
1924 4128 2010 4177 ea,
2037 4120 2095 4166 et

517 4207 695 4261 oderit
716 4221 858 4272 eam,
890 4214 946 4261 et
973 4207 1218 4275 imponat
1261 4206 1315 4261 ei
1343 4206 1654 4261 occasionis
1684 4205 1873 4268 verba,
1901 4211 1959 4258 et
1993 4203 2092 4258 de-

519 4301 707 4353 tulerit
729 4315 850 4354 eam
885 4298 952 4353 de
984 4299 1130 4353 malo
1172 4299 1418 4361 nomine,
1471 4307 1527 4352 et
1561 4297 1794 4352 dixerit:
1854 4296 2093 4352 Uxorem

518 4391 659 4444 hanc
696 4391 902 4460 accepi,
937 4400 993 4445 et
1015 4390 1282 4444 accedens
1311 4388 1380 4442 ad
1409 4403 1553 4451 eam,
1597 4403 1706 4442 non
1750 4387 1933 4442 inveni
1977 4387 2096 4456 ejus

2194 3204 2416 3273 ήδεσθαι
2445 3204 2575 3270 δεῖν,
2597 3204 2738 3258 οὕτω
2757 3205 2820 3274 δὴ
2839 3205 3000 3258 πάλιν
3025 3206 3124 3259 οὐκ
3153 3207 3216 3276 ἐᾷ
3243 3205 3312 3258 τὰ
3349 3206 3520 3276 σεμνὰ
3548 3204 3767 3259 διαϐάλ-

2190 3295 2323 3358 λειν,
2375 3295 2452 3358 ὡς
2499 3295 2732 3364 ἄσεμνα.
2782 3297 2870 3350 Ἐν
2925 3296 3023 3366 ἴσῳ
3051 3297 3160 3368 γὰρ
3204 3297 3582 3368 πλημμελείας
3620 3297 3767 3368 λόγῳ

2191 3386 2433 3439 κείσεται
2455 3386 2514 3439 rb
2537 3387 2924 3457 φιλοστοργίας
2973 3387 3178 3455 ἀξιοῦν,
3211 3387 3240 3440 ὅ
3279 3388 3500 3456 φεύγειν
3521 3389 3764 3458 ἄμεινον,

2191 3477 2286 3531 καὶ
2316 3477 2376 3530 rb
2411 3477 2702 3540 διαθέσεως
2734 3480 3082 3548 ἀποστερεῖν,
3110 3479 3138 3531 ὃ
3168 3479 3549 3551 παραιτεῖσθαι
3579 3479 3764 3548 φόϐος.

2202 3588 2220 3620 ι
2251 3569 2385 3622 Οὐαὶ
2418 3568 2545 3639 γὰρ,
2572 3570 2757 3640 φησὶν,
2792 3571 2840 3622 οί
2885 3569 3131 3638 λέγοντες
3153 3570 3213 3623 rb
3236 3571 3404 3639 γλυκὺ
3433 3571 3652 3642 πικρὸν,
3671 3571 3769 3624 καὶ

2194 3661 2254 3713 rb
2287 3662 2480 3732 πικρὸν
2506 3660 2708 3729 γλυκύ’
2740 3660 2803 3714 τὸ
2831 3661 2994 3714 καλὸν
3034 3662 3292 3733 πονηρὸν,
3325 3663 3418 3716 καὶ
3443 3663 3504 3716 τὸ
3531 3661 3767 3733 πονηρὸν

2194 3751 2383 3804 καλόν·
2439 3753 2487 3804 οί
2538 3751 2776 3814 τιθέντες
2813 3751 2873 3804 τὸ
2927 3751 3044 3821 φῶς
3083 3753 3291 3816 σκότος,
3336 3753 3430 3806 καὶ
3469 3755 3529 3806 τὸ
3579 3753 3769 3815 σκότος

2193 3842 2325 3911 φῶς.
2343 3861 2360 3893 ι
2391 3843 2598 3896 Οὐκοῦν
2615 3840 2970 3896 εἰσποιεῖσθαι
2997 3843 3095 3912 μὲν
3119 3844 3198 3906 είς
3229 3839 3502 3914 αὖθιςτὴν
3531 3860 3768 3913 γεγενη-

2197 3931 2361 4000 μένην
2394 3931 2759 4002 ἀπόπεμπτον
2814 3931 2913 3984 οὐκ
2965 3933 3050 4003 ἐᾷ,
3104 3931 3228 3986 οὔτε
3287 3933 3390 4004 μὴν
3420 3934 3602 4005 ἐφίησι
3653 3938 3768 4000 τοῖς

2192 4022 2344 4076 οὔπω
2371 4024 2841 4093 κατεγνωσμένοις
2878 4023 2947 4076 τὰ
2984 4025 3047 4076 ἐκ
3071 4024 3382 4093 φιλολογίας
3408 4026 3766 4097 ἐπιφέρεσθαι

2197 4114 2388 4184 βλάϐη.
2421 4115 2565 4183 Ἔφη
2589 4114 2645 4166 δέ
2669 4114 2811 4167 οὕτω
2835 4113 3012 4168 πάλιψ
3044 4133 3062 4165 ι
3087 4114 3211 4169 Ἐὰν
3233 4115 3291 4168 δέ
3317 4133 3400 4178 τις
3415 4115 3552 4188 λάϐῃ
3581 4120 3766 4184 γυναῖ-

2193 4223 2286 4271 κα,
2319 4206 2413 4258 κοιλ⁸
2439 4207 2732 4278 συνοικήσῃ
2759 4207 2915 4277 αὐτῇ,
2943 4207 3037 4260 καὶ¹
3068 4208 3273 4278 μισήσῃ
3303 4208 3492 4278 αὐτὴν,
3522 4208 3614 4261 καὶ
3642 4209 3764 4260 ἐπι-

2195 4295 2259 4366 θῇ
2289 4296 2426 4366 αὐτῇ
2468 4298 2928 4366 προφασιστικοὺς
2960 4295 3170 4365 λόγους,
3199 4297 3293 4350 καὶ
3337 4295 3639 4368 κατενέγκῃ
3665 4295 3765 4349 αύ-

2193 4387 2293 4456 τῆς
2340 4387 2510 4456 ὄνομα
2540 4387 2794 4458 πονηρὸν,
2841 4389 2934 4441 καὶ
2970 4388 3125 4459 λέγῃ.
3157 4389 3270 4458 Τὴν
3295 4390 3525 4456 γυναῖκα
3557 4386 3762 4456 ταύτην

517 4483 843 4552 virginalia:
875 4489 931 4536 et
947 4482 1224 4552 accipiens
1245 4491 1402 4551 pater
1421 4479 1620 4549 puellae
1644 4487 1700 4534 et
1724 4488 1922 4543 mater,
1958 4493 2088 4548 pro-

2197 4475 2416 4547 εἴληφα,
2448 4477 2542 4528 καὶ
2583 4476 2896 4546 προσελθὼν
2927 4478 3064 4548 αὐτῇ
3103 4479 3201 4547 οὐχ
3239 4477 3450 4548 εὕρηκα
3489 4477 3656 4547 αὐτῆς
3693 4477 3764 4528 τὰ

532 4574 746 4629 ducent
774 4575 1058 4646 virginalia
1094 4575 1288 4643 puella:
1317 4573 1388 4626 ad
1421 4581 1671 4627 senatum
1731 4571 1788 4625 in
1835 4579 2050 4640 portam
2078 4611 2092 4634 ,

516 4674 574 4718 ct
612 4665 761 4719 dicet
825 4675 981 4734 pater
1040 4665 1237 4733 puella:
1278 4663 1347 4718 ad
1399 4673 1680 4718 senatum:
1733 4662 1924 4716 Filiam
1953 4662 2098 4715 hanc

525 4769 704 4806 meam
729 4753 857 4806 dedi
887 4753 1098 4807 homini
1136 4753 1268 4806 huic
1299 4768 1561 4818 uxorem;
1615 4759 1673 4806 et
1705 4767 1828 4804 cum
1855 4751 1934 4804 illi
1969 4749 2098 4804 odio

517 4854 686 4907 esset,
727 4859 875 4896 nunc
902 4845 1015 4911 ipsc
1040 4843 1274 4912 imponit
1297 4845 1376 4898 illi
1403 4844 1708 4898 occasionis
1761 4843 1952 4905 verba,
2007 4842 2093 4896 di-

517 4949 680 4989 cens:
721 4934 841 4987 Non
871 4933 1056 4986 inveni
1085 4932 1210 4988 ﬁlim
1248 4944 1354 4988 tuae
1377 4935 1691 5005 virginalia:
1732 4942 1787 4988 et
1807 4948 1934 4988 ecce
1967 4933 2082 4986 vir-

517 5021 716 5091 ginalia
743 5021 866 5075 ﬁlia:
903 5035 1057 5074 meae.
1103 5021 1170 5076 Et
1213 5022 1565 5090 explicabunt
1590 5023 1814 5092 pallium
1862 5022 1917 5076 in
1949 5037 2082 5076 con-

517 5120 703 5180 spectu
738 5119 959 5166 senatus
991 5111 1230 5166 civitatis
1271 5111 1451 5178 illius;
1495 5119 1552 5167 et
1573 5113 1804 5180 accipiet
1863 5121 2085 5167 senatus

516 5202 755 5257 civitatis
773 5202 921 5257 illius
945 5203 1224 5258 hominem
1260 5203 1434 5268 illum,
1458 5212 1515 5258 et
1539 5203 1910 5259 verberabunt
1932 5219 2081 5269 eum,

517 5297 678 5358 atque
722 5292 1034 5347 multabunt
1088 5299 1310 5348 centum
1370 5292 1550 5358 siclis;
1599 5304 1656 5347 et
1700 5293 1906 5348 dabunt
1945 5293 2085 5364 patri

516 5378 954 5447 adolescentulus,
991 5385 1118 5453 quia
1144 5385 1376 5454 protulit
1414 5399 1614 5439 nomen
1665 5385 1867 5437 malum
1919 5400 2085 5452 super

517 5467 1085 5536 virginelsraclitide;
1116 5481 1171 5525 et
1199 5472 1371 5541 ipsius
1397 5473 1504 5527 erit
1541 5488 1712 5538 uxor;
1742 5487 1852 5526 non
1886 5472 2087 5541 poterit

515 5557 799 5613 dimittere
834 5574 953 5612 cam
979 5573 1244 5631 perpetuo
1279 5572 1525 5632 tempore
1553 5564 1617 5616 δ’.
1645 5584 1662 5614 ›
1696 5563 1868 5617 Audis
1892 5563 2082 5634 igitur,

625 5729 674 5762 ”
702 5729 880 5787 chit.
918 5749 1066 5801 xvm,
1111 5734 1294 5791 20-32.
1345 5799 1351 5806 1
1389 5739 1433 5770 ”
1459 5739 1620 5792 Deut.
1646 5754 1788 5803 χειν,
1820 5739 1934 5793 1-4.

2037 5740 2082 5769 ⁶⁰
2123 5741 2281 5795 Prov.
2306 5756 2452 5803 xvm,
2480 5739 2568 5793 22.

2195 4566 2492 4637 παρθένια·
2519 4568 2614 4620 καὶ
2644 4567 2823 4620 λαϐὼν
2853 4571 2881 4621 ὁ
2907 4568 3089 4640 πατὴρ
3113 4569 3210 4638 τῆς
3236 4569 3425 4632 παιδὸς
3451 4569 3545 4622 καὶ
3585 4569 3618 4637 ὴ
3661 4569 3766 4638 μή-

2200 4676 2328 4730 τηρ,
2363 4658 2631 4722 ἐξοίσουσι
2677 4658 2746 4712 τά
2794 4659 3059 4730 παρθένια
3103 4659 3205 4728 τῆς
3256 4659 3441 4722 παιδὸς
3484 4659 3621 4731 πρὸς
3664 4659 3764 4727 τὴν

2193 4759 2482 4830 γερουσίαν
2515 4758 2605 4811 ἐπὶ
2629 4758 2725 4826 τὴν
2757 4758 2953 4828 πύλην,
2972 4759 3066 4811 καὶ
3095 4759 3212 4828 ἐρεῖ
3240 4760 3268 4811 ὁ
3299 4759 3482 4829 πατὴρ
3509 4759 3608 4828 τῆς
3640 4774 3765 4811 παι-

2192 4859 2280 4922 δὸς
2303 4861 2367 4929 τῇ
2395 4859 2684 4929 γερουσίᾳ’
2719 4858 2828 4928 Τὴν
2856 4857 3131 4930 θυγατέρα
3180 4875 3282 4928 μου
3313 4860 3517 4930 ταύτην
3557 4858 3765 4912 δέδωκα

2189 4960 2268 5030 τῷ
2299 4959 2568 5031 ἀνθρώπῳ
2597 4960 2768 5030 τούτῳ
2791 4963 3041 5029 γυναῖκα,
3079 4961 3175 5015 καὶ
3207 4963 3443 5033 μισήσας
3464 4959 3635 5032 αὐτὴν
3664 4958 3762 5014 νῦν

2190 5056 2362 5125 οὗτος,
2410 5059 2717 5131 ἐπιτίθησιν
2747 5062 2882 5133 αὐτῇ
2923 5064 3390 5132 προφασιστικοὺς
3443 5062 3653 5131 λόγους,
3677 5061 3763 5115 λέ-

2199 5178 2334 5230 γων,
2389 5160 2501 5231 Οὐχ
2535 5159 2746 5232 ε’ύρηκα
2793 5164 2858 5232 τῇ
2899 5161 3126 5235 θυγατρί
3178 5180 3272 5215 σου
3321 5162 3616 5233 παρθένια·
3671 5163 3765 5216 καὶ

2193 5260 2366 5313 ταῦτα
2389 5260 2457 5314 τὰ
2487 5259 2757 5331 παρθένια
2789 5261 2888 5330 τῆς
2917 5260 3188 5333 θυγατρός
3228 5280 3349 5332 μου.
3379 5263 3493 5315 Kal.
3528 5260 3768 5316 ἁναπτύ·

2195 5357 2341 5422 ξουσι
2371 5358 2429 5411 rb
2453 5359 2665 5429 ἱμάτιον
2686 5360 2924 5413 ἐναντίον
2952 5361 3048 5432 τῆς
3079 5362 3366 5433 γερουσίας
3399 5363 3498 5432 τῆς
3533 5363 3764 5425 πόλεως,

2194 5457 2285 5510 καὶ
2316 5456 2546 5528 λήψεται
2579 5461 2612 5528 ἡ
2654 5459 2910 5531 γερουσία
2943 5461 3041 5529 τῆς
3071 5459 3279 5520 πόλεως
3308 5458 3521 5528 ἐκείνης
3559 5457 3648 5510 τὸν
3671 5457 3767 5511 ἅν·-

2195 5559 2411 5630 θρωπον
2429 5563 2653 5626 ἐκεῖνον,
2690 5559 2784 5613 καὶ
2813 5559 3190 5613 παιδεύσουσιν
3223 5557 3406 5625 αὐτὸν,
3438 5557 3529 5610 καὶ
3553 5554 3763 5627 ζημιώ-

2667 5740 2708 5771 ⁶¹
2736 5739 2836 5794 lsa.
2878 5755 2930 5806 v,
2953 5737 3042 5792 20.
3124 5737 3166 5768 ⁶¹
3191 5736 3347 5790 Deut.
3379 5750 3508 5798 χχιι,
3575 5729 3754 5802 15-19,
