4142 6296
379 333 490 392 535

1056 317 1146 374 DE
1180 311 1620 371 ADORATlONE
1659 311 1725 366 ΙΝ
1762 308 2028 367 SPlRlTU
2071 307 2159 363 ET
2200 307 2564 364 VERITATE.
2607 307 2734 362 LIB.
2775 306 2908 363 VIII.

3521 306 3628 367 586

383 461 569 500 σουσιν
595 439 756 496 αὑτὸν
787 433 980 490 ἑκατὸν
1014 431 1252 496 σίκλους,
1284 429 1380 482 καὶ
1406 428 1637 480 δώσουσι
1676 426 1753 497 τῷ
1793 424 1958 495 πατρὶ

2067 420 2525 491 quemadmodum
2549 420 2929 490 haudimpune
2956 419 3158 475 dimitti
3191 436 3222 476 a
3262 423 3498 478 concilio
3512 426 3635 497 jus-

381 537 482 608 τῆς
511 532 772 594 νεάνιδος,
805 529 888 580 ὅτι
919 524 1211 596 ἐξήνεγκεν
1240 521 1413 590 ὄνομα
1441 519 1674 590 πονηρὸν
1703 517 1794 570 ἐπὶ
1821 533 1959 608 παρ-

381 607 534 682 θένον
567 620 914 693 ἰσραηλῖτιν,
952 615 1046 669 καὶ
1088 612 1255 668 αὐτοῦ
1297 613 1450 665 ἔσται
1486 612 1646 682 γυνή.
1693 611 1767 662 Οὐ
1811 607 1962 679 δυνή-

380 733 532 770 σεται
561 709 942 778 ἐξαποστεῖλαι
966 706 1136 778 αὐτὴν
1149 705 1239 760 τὸν
1252 705 1466 760 ἅπαντα
1485 702 1692 773 χρόνον.
1725 720 1742 752 ι
1770 699 1962 770 Συνίης

379 802 472 860 οὖν
501 807 649 866 ὅπως
676 803 778 855 οὑκ
814 797 1047 869 ἀζήμιον
1076 794 1353 857 παντελῶς
1391 791 1826 847 ἀπαλλάττεσθαι
1852 791 1963 844 δεῖν

379 897 469 952 τοῦ
496 894 793 966 συνεδρίου,
828 889 1166 962 προστέταχε
1199 887 1292 939 τὸν
1318 886 1518 947 ἀδίκως
1542 883 1963 954 ὀλιγωρήσαντα

383 986 480 1056 τῆς
521 983 675 1038 οὒπω
707 977 1181 1046 κατεγνωσμένης.
1212 977 1424 1047 Χρῆναι
1469 973 1578 1045 γάρ
1617 968 1771 1042 οἶμαι
1813 989 1966 1042 περι.

382 1077 539 1129 έπειν
565 1071 625 1127 εὖ
653 1071 796 1144 μάλα
825 1069 886 1122 τὸ
911 1066 1116 1135 ἀγαθὸν
1141 1063 1239 1135 (τι),
1268 1065 1362 1118 καὶ
1387 1063 1461 1135 μὴ
1484 1063 1756 1134 ἁψικόρως
1788 1062 1964 1116 ἵεσθαι

383 1166 520 1234 πρὸς
551 1164 610 1215 τὸ
651 1160 841 1213 δοκοῦν
895 1157 956 1210 τὸ
992 1155 1188 1226 σεμνὸν
1225 1154 1300 1217 ὡς
1344 1155 1580 1224 ἄσεμνον
1613 1153 1964 1221 συκοφαντεῖν

379 1255 718 1327 ᾑρημένους·
756 1249 1051 1321 πειρᾶσθαι
1101 1247 1174 1300 δὲ’
1209 1245 1408 1317 μᾶλλον
1453 1244 1636 1308 αἰδοῦς
1664 1243 1867 1309 ἀξιοῦν,
1904 1243 1965 1297 τὺ

380 1345 545 1399 παντὶ
579 1341 937 1414 προσκεῖσθαι
989 1337 1158 1408 καλῷ,
1190 1338 1285 1391 καὶ¹
1317 1340 1430 1401 τοῖς
1479 1336 1722 1406 ἀρίστοις
1769 1336 1850 1398 εἰς
1882 1335 1966 1387 εὑο

383 1437 594 1509 φημίαν
645 1432 1051 1488 συνδιαιτᾶσθαι
1099 1430 1292 1500 φιλεῖν.
1359 1429 1419 1481 '0
1459 1429 1568 1500 γάρ
1613 1445 1691 1480 τοι
1741 1426 1842 1491 τὰς
1878 1426 1966 1482 διὰ

386 1531 552 1601 μέσου
583 1527 689 1581 τῶν
740 1524 1083 1596 πραγμάτων
1109 1521 1341 1592 ἀκηδίας
1371 1519 1448 1589 (2)
1487 1521 1549 1573 οὑ
1584 1519 1962 1590 προσιέμενος,

382 1621 475 1674 τὸν
509 1619 593 1688 ἐφ’
623 1613 702 1679 οἷς
747 1615 812 1671 ἂν
848 1616 1059 1684 γένοιτο
1093 1609 1274 1675 καλῶς
1323 1612 1682 1682 άποπεραίνει
1741 1609 1962 1664 σκοπόν.

385 1713 508 1767 ’Ότι
559 1712 615 1765 δὲ
665 1707 805 1764 εἶναι
853 1708 1121 1778 προσήκει
1175 1704 1450 1766 τοιούτους
1499 1704 1643 1774 ἡμᾶς
1701 1703 1964 1774 ὑπεδήλου

384 1803 546 1856 πάλιν
621 1802 649 1852 6
723 1799 888 1869 νόμος
955 1794 1254 1864 ὑποφωνῶν
1286 1809 1302 1824 ⁸
1347 1813 1365 1845 ι
1418 1792 1544 1846 Ἐὰν
1597 1792 1961 1864 οίκοδομήσῃς

2067 1781 2202 1837 lario
2267 1792 2364 1838 tuo
2407 1802 2419 1838 :

381 1895 559 1948 οἰκίαν
611 1892 826 1961 καινὴν,
864 1890 1108 1958 ποιήσεις
1158 1886 1426 1957 στεφάνην
1458 1883 1536 1955 τῷ
1582 1883 1790 1954 δὼματί
1846 1901 1960 1940 σου.

380 1985 491 2040 Καὶ
526 1985 588 2038 οὑ
623 1985 869 2054 ποιήσεις
917 1980 1076 2050 φόνον
1123 1980 1182 2031 ὲν
1233 1979 1300 2048 τῇ
1339 1976 1484 2048 οἰκίᾳ
1527 1992 1641 2040 σου,
1690 1974 1786 2028 ὲὰν
1820 1975 1962 2047 πέσῃ

386 2080 416 2131 6
475 2075 654 2130 πεσὼν
709 2074 798 2126 ἐπ’
841 2070 1025 2124 αὐτοῦ.
1081 2088 1101 2122 ι
1141 2069 1348 2139 Ὥσπερ
1379 2067 1488 2136 γάρ
1540 2067 1688 2120 ἐστιν
1725 2065 1966 2136 ἀκαλλὴς

381 2171 524 2225 οἰκία
591 2168 799 2228 ταινίας
845 2165 1046 2234 ἐρήμη,
1103 2161 1196 2213 καὶ
1257 2159 1363 2211 τῶν
1434 2156 1831 2228 ὑστεροδομίων
1867 2155 1966 2208 οὐκ

381 2258 834 2330 ἐπενηνεγμένων
888 2239 1025 2325 αύτῇ
1057 2295 1072 2318 ,
1113 2252 1203 2305 τὸν
1257 2249 1438 2314 αὑτὸν,
1507 2244 1681 2318 οἶμαι,
1725 2248 1962 2318 τρόπον,

381 2352 642 2406 ἀπίθανον
672 2347 868 2418 κομιδῆ
901 2346 1008 2399 πᾶν
1036 2345 1194 2414 ἔργον
1227 2344 1359 2411 ἡμῖν
1389 2340 1614 2408 ἀγαθὸν,
1645 2340 1692 2391 εί
1722 2340 1797 2410 μὴ
1827 2337 1966 2409 πρὸς

385 2447 556 2516 πέρας
589 2445 771 2513 ἄγοιτο
800 2441 858 2495 τὸ
889 2439 1097 2510 πρέπον
1125 2434 1292 2505 αὐτῷ·
1330 2435 1424 2487 καὶ
1455 2433 1516 2486 οὐ
1554 2433 1713 2502 μέχρι
1736 2429 1964 2496 τούτων,

386 2536 500 2590 ἀλλ’
532 2536 719 2604 ἕψεται
738 2535 850 2595 τοίς
887 2529 1189 2602 ῥᾳθυμοῦσι
1214 2528 1308 2579 καὶ
1335 2524 1600 2587 κίνδυνος.
1633 2522 1803 2576 Τοῦτο
1833 2521 1962 2593 γὰρ,

397 2627 573 2698 οἶμαι,
609 2627 722 2679 ἔστι
753 2625 811 2678 τὸ
829 2621 1165 2677 κατολισθείν
1200 2621 1262 2671 ὲκ
1283 2618 1382 2688 τῆς
1413 2617 1592 2679 οἰκίας
1627 2616 1768 2668 τινά.
1789 2633 1806 2666 ι
1832 2613 1966 2667 Οὐαὶ

391 2719 553 2789 γὰρ.»
577 2718 755 2786 φησὶν,
771 2734 787 2766 ι
821 2716 867 2766 οἱ
899 2711 1175 2773 ποιοῦντες
1195 2709 1254 2762 τὸ
1276 2709 1436 2780 ἔργον
1458 2706 1666 2776 Κυρίου
1691 2703 1958 2776 ἀμελῶς.»

389 2811 488 2864 Διὰ
517 2808 724 2879 μυρίων
746 2803 838 2860 οῦν
869 2807 1007 2859 ὅσων
1042 2806 1069 2856 ὁ
1102 2805 1262 2874 νόμος
1293 2804 1438 2872 ἡμᾶς
1469 2800 1793 2871 ἀποκομίζει
1830 2799 1966 2869 πρὸς

386 2902 446 2956 τὸ
478 2899 769 2972 συμφέρον.
807 2897 912 2951 Καὶ
945 2896 1149 2968 τροφὴν
1181 2897 1279 2965 μὶν
1319 2893 1469 2947 οὔπω
1500 2893 1835 2964 παρατίθησι
1867 2890 1964 2964 τὴν

385 2983 835 3065 ἀνδροπρεπήτε
863 2990 956 3041 καὶ
996 2987 1387 3058 στερεωτέραν,
1419 2986 1650 3054 γάλακτι
1679 2984 1737 3037 δὲ
1773 2983 1964 3054 ὥσπερ

384 3084 612 3156 νηπίους
645 3083 802 3144 ὄντας
853 3079 1192 3148 παιδοκομεῖ,
1233 3077 1360 3140 τοὺς
1411 3077 1804 3147 ἀρχαιοτέρους
1851 3073 1966 3127 δια-

2061 512 2218 575 serit,
2248 512 2500 580 quisquis
2523 513 2722 582 injuria
2765 511 3010 566 nondUm
3040 513 3456 569 condemnatam
3497 532 3635 572 con-

2064 601 2417 671 tempsisset?
2447 602 2545 656 Est
2567 603 2717 656 enim
2743 603 3012 673 probitas,
3041 621 3161 660 mea
3187 610 3479 675 sententia,
3504 609 3637 666 dili-

2062 692 2381 763 gentissime
2435 695 2853 765 amplectenda,
2881 711 3059 765 neque
3089 698 3200 752 cito
3248 701 3502 756 satietate
3547 716 3640 757 ca-

2062 792 2188 854 ptos
2210 785 2262 840 id
2289 786 2446 856 sequi
2489 794 2727 856 oportet,
2754 787 2900 856 quod
2941 788 3158 843 libitum
3190 789 3380 857 fuerit,
3429 810 3494 849 ac
3521 811 3635 850 rem

2064 877 2376 941 honestam,
2429 883 2691 946 tanquam
2745 878 3091 934 inhonestam
3125 882 3490 953 calumniari;
3543 869 3678 942 sed.

2065 968 2252 1037 potius
2273 967 2621 1033 enitendum,
2664 976 2726 1021 ut
2756 968 3012 1024 omnibus
3034 972 3312 1040 pmclaris
3354 977 3520 1031 rebus
3541 978 3637 1031 ad-

2067 1061 2302 1125 bmrere,
2350 1069 2409 1115 et
2448 1075 2573 1115 cum
2623 1061 2692 1116 iis
2736 1077 2858 1131 qua:
2883 1062 2950 1116 ad
2974 1062 3192 1118 laudem
3238 1068 3640 1125 conciliandam

2065 1158 2194 1205 sunt
2216 1150 2690 1220 praestantissima,
2730 1154 3185 1209 consuetudinem
3239 1155 3466 1224 habere,
3516 1162 3642 1229 plu-

2064 1241 2190 1295 rimi
2212 1241 2518 1308 faciamus;
2556 1258 2684 1297 nam
2733 1243 2827 1313 qui
2871 1244 3116 1311 taedium,
3164 1247 3312 1316 quod
3357 1249 3414 1302 in
3459 1251 3643 1306 medio

2065 1332 2344 1387 actionum
2367 1349 2533 1389 cursu
2571 1349 2691 1390 sese
2715 1335 3015 1405 interponit
3041 1337 3266 1393 minime
3289 1340 3549 1408 admittit,
3572 1344 3640 1410 is,

2067 1441 2428 1496 quascunque
2461 1441 2552 1480 res
2598 1427 2836 1497 agendas
2861 1432 3188 1499 susceperit,
3227 1434 3456 1502 optime,
3492 1436 3642 1505 quod

2067 1517 2174 1571 sibi
2193 1518 2500 1586 pr0posuit,
2527 1518 2792 1574 absolvet.
2822 1520 2956 1574 Esse
2987 1530 3173 1578 autem
3192 1540 3294 1584 nos
3321 1525 3456 1580 tales
3480 1542 3644 1596 opor-

2067 1615 2224 1671 tere,
2285 1608 2376 1662 lex
2423 1607 2616 1662 eadem
2671 1625 2866 1664 rursus
2900 1611 3167 1667 indicavit
3214 1615 3488 1670 clamans:
3541 1617 3642 1672 «Si

2065 1695 2422 1752 aediﬁcaveris
2465 1699 2689 1754 domum
2745 1716 2977 1768 novam,
3029 1704 3198 1760 facies
3252 1721 3511 1761 coronam
3549 1724 3643 1764 so-

2468 1791 2540 1839 "et
2581 1802 2690 1840 non
2740 1787 2910 1844 facies
2959 1791 3163 1847 aedem
3208 1793 3265 1848 in
3307 1794 3470 1849 domo
3525 1803 3640 1864 tua,

2069 1871 2114 1925 si
2170 1873 2444 1943 quispiam
2513 1877 2763 1932 cadendo
2827 1881 3093 1937 ceciderit
3156 1883 3226 1938 ab
3291 1899 3360 1940 eo
3410 1887 3473 1942 ".
3507 1906 3524 1939 ›
3573 1889 3645 1945 Ut

2069 1964 2218 2018 enim
2283 1967 2482 2022 domus
2551 1984 2757 2024 corona
2821 1986 3054 2040 carens,
3117 1983 3176 2030 et
3229 1975 3461 2049 fastigiis
3531 1997 3642 2035 non

2071 2058 2381 2128 impositis,
2427 2061 2689 2119 deformis
2754 2073 2880 2132 est;
2937 2067 3017 2121 sic
3070 2067 3258 2124 itidem
3325 2073 3488 2142 285
3540 2075 3643 2128 ab—

2070 2153 2298 2208 surdum
2349 2170 2478 2209 sane
2526 2163 2612 2210 est
2671 2171 2834 2212 omne
2884 2167 3137 2214 nostrum
3179 2177 3319 2232 Opus
3385 2163 3593 2218 bonum
3623 2204 3643 2231 ,

2071 2245 2176 2298 nisi
2207 2245 2274 2299 ad
2306 2246 2469 2301 tinem
2499 2247 2604 2302 sibi
2627 2250 3046 2305 convenientem
3067 2253 3435 2322 perducatur;
3463 2270 3647 2326 neque

2072 2352 2205 2391 vero
2243 2337 2346 2392 hac
2388 2339 2442 2392 in
2481 2355 2541 2394 re
2569 2341 2786 2411 jactura
2834 2343 3118 2410 consistet,
3162 2345 3260 2399 sed
3307 2347 3646 2419 negligentes

2070 2428 2237 2483 etiam
2268 2430 2574 2500 periculum
2606 2442 2979 2502 consequetur
3010 2452 3023 2488 :
3056 2435 3163 2490 hoc
3187 2437 3337 2492 enim
3377 2448 3482 2505 est,
3521 2443 3646 2511 opi-

2070 2534 2192 2585 nor,
2220 2520 2331 2574 labi
2362 2521 2602 2592 aliquem
2632 2538 2698 2577 ex
2734 2523 2918 2579 domo.
2961 2544 2981 2576 ‹
3022 2526 3114 2581 Va:
3151 2527 3322 2593 enim,
3363 2548 3381 2580 ›
3441 2530 3642 2600 inquit,

2079 2629 2098 2660 ι
2130 2611 2224 2680 qui
2248 2611 2431 2667 facitis
2471 2629 2609 2683 opus
2632 2615 2728 2668 Dei
2770 2615 3111 2687 negligenter
3131 2619 3195 2673 “.
3239 2639 3258 2670 ι
3291 2619 3646 2692 Quampluri-

2070 2702 2176 2758 mis
2213 2702 2381 2773 igitur
2411 2705 2519 2760 viis
2554 2706 2642 2759 lex
2680 2705 2748 2760 ad
2787 2706 2844 2760 id
2901 2709 3047 2777 quod
3090 2710 3333 2780 expedit,
3371 2729 3474 2768 nos
3515 2731 3645 2785 per-

2071 2793 2225 2849 ducit
2253 2813 2265 2848 :
2290 2805 2346 2850 et
2386 2812 2567 2852 escam
2600 2798 2823 2868 quidem
2861 2801 3107 2855 nondum
3143 2803 3374 2874 apponit
3401 2800 3523 2861 viro
3557 2807 3645 2862 di-

2071 2899 2230 2954 gnam
2258 2896 2313 2940 et
2350 2887 2602 2951 solidam,
2648 2889 2745 2942 sed
2777 2889 2916 2944 lacte
2950 2892 3354 2960 quodammodo
3387 2903 3648 2967 tanquam

2071 2976 2252 3030 adhuc
2277 2977 2532 3042 infantes,
2570 2979 2822 3033 homines
2860 2979 2986 3034 illos
3014 2989 3232 3038 veteres
3271 2987 3468 3052 nutrit,
3509 3003 3647 3057 pau-

2073 3065 2224 3119 latim
2252 3068 2562 3136 provehens
2585 3069 2653 3121 ad
2693 3068 2903 3123 Christi
2929 3072 3270 3140 mysterium.
3303 3075 3436 3131 Esse
3464 3086 3645 3132 autem

384 3131 626 3238 6ι⁸6ἁζων
674 3172 814 3225 κατὰ
864 3170 1036 3242 βραχὺ
1081 3168 1216 3240 πρὸς
1247 3169 1308 3222 τὸ
1356 3168 1592 3240 Χριστοῦ
1643 3168 1962 3239 μυστήριον.

2067 3131 2642 3224 Ιοεθῐη-ερίτίιυειοιη,
2669 3165 2746 3222 et,
2785 3157 2931 3226 quod
2967 3131 3034 3212 ad
3076 3160 3326 3214 umbram
3359 3171 3416 3217 et
3447 3164 3646 3234 ﬁguras

387 3267 510 3321 Ὀτι
541 3265 649 3336 γὰρ
685 3261 1052 3334 πνευματικὸς
1094 3262 1122 3313 ὁ
1168 3262 1351 3331 νόμος,
1387 3261 1480 3313 καὶ
1518 3261 1640 3313 ὅσον
1687 3260 1783 3329 μὲν
1832 3253 1966 3330 ἧκεν

385 3362 464 3423 εἰς
497 3359 652 3411 σκιὰν
686 3358 779 3410 καὶ
809 3357 1034 3418 τύπους,
1067 3354 1228 3406 οἱονεί
1259 3372 1373 3416 πως
1403 3355 1503 3406 οὐκ
1536 3351 1821 3422 ἐδώδιμος,
1843 3351 1967 3404 οὔτε

391 3455 497 3524 μὴν
533 3453 824 3518 ἀναγκαῖος
858 3450 936 3510 εἰς
972 3444 1347 3514 πνευματικὴν
1391 3443 1456 3496 ἂν
1489 3444 1697 3511 γένοιτο
1736 3443 1965 3514 τροφὴν,

388 3543 541 3594 ἔσται
570 3541 626 3593 δὲ
653 3538 913 3600 τοιοῦτος,
952 3538 1000 3588 εί
1035 3535 1163 3604 γοῦν
1201 3531 1626 3603 μεταπλάττοιτο
1655 3531 1791 3601 πρὸς
1833 3529 1967 3582 θεω-

390 3634 512 3705 ρίαν
553 3630 952 3701 εὑαγγελικὴν,
998 3627 1093 3681 καὶ
1131 3628 1210 3687 εἰς
1260 3625 1321 3675 τὸ
1364 3620 1600 3693 Χριστοῦ
1647 3623 1964 3692 μυστήριον,

389 3727 643 3794 συνήσεις
666 3720 724 3777 εὖ
756 3723 898 3794 μάλα
929 3717 1265 3790 γεγραφότος
1292 3715 1389 3768 ὡδὶ
1418 3713 1510 3766 τοῦ
1536 3713 1808 3782 πανσόφου
1840 3715 1968 3766 Μω-

393 3818 525 3878 σέως
543 3814 875 3886 περὶαύτοῦ.
909 3813 1053 3880 Ἔφη
1084 3808 1194 3878 γὰρ
1230 3808 1287 3858 ὲν
1316 3805 1395 3876 τῷ
1433 3803 1721 3871 Λευιτικῷ·
1756 3821 1773 3854 ι
1802 3803 1965 3856 Ὅταν

385 3907 444 3960 δὲ
467 3907 712 3977 εἰσέλθῃς
735 3908 812 3969 εἰς
839 3906 934 3976 τὴν
955 3901 1079 3972 γῆν,
1105 3903 1170 3972 ἢν
1198 3898 1398 3969 Κύριος
1426 3899 1452 3949 6
1479 3896 1610 3959 Θεός
1638 3912 1730 3947 σου
1754 3894 1965 3947 δίδωσιν

390 3998 541 4068 ὑμῖν,
574 3997 666 4050 καὶ
706 3995 1151 4064 καταφυτεύσητε
1191 3993 1296 4043 πᾶν
1342 3988 1498 4054 ξύλον
1533 3985 1828 4057 βρώσιμον,
1865 4002 1962 4036 πε-

393 4088 762 4159 ρικαθαριείτε
792 4087 888 4154 τὴν
918 4083 1257 4154 ἀκαθαρσίαν
1291 4079 1476 4135 αὑτοῦ·
1507 4081 1534 4132 ὁ
1565 4078 1772 4148 καρπὸς
1800 4075 1962 4129 αὑτοῦ

387 4178 512 4248 τρία
538 4180 632 4247 ἔτη
668 4177 818 4230 ἔσται
844 4177 970 4244 ὑμῖν
998 4171 1468 4242 άπερικάθαρτος,
1501 4169 1560 4220 οὑ
1597 4167 1960 4237 βρωθήσεται.

385 4270 495 4322 Καὶ
524 4267 603 4338 τῷ
641 4266 750 4319 ἐτει
790 4264 864 4328 τῷ
897 4263 1141 4333 τετάρτῳ
1172 4261 1323 4312 ἔσται
1365 4261 1471 4320 πᾶς
1499 4259 1528 4310 6
1560 4257 1770 4326 καρπὸς
1797 4254 1961 4307 αὑτοῦ

387 4361 558 4429 ἅγιος,
595 4358 804 4419 αἰνετὸς
825 4355 901 4424 τῷ
923 4353 1129 4424 Κυρίῳ.
1173 4353 1259 4405 Ἐν
1291 4352 1346 4402 δὲ
1373 4349 1449 4419 τῷ
1479 4349 1588 4401 ἔτει
1615 4348 1694 4418 τῷ
1729 4346 1963 4416 πέμπτῳ

2068 3244 2284 3309 attinet,
2313 3247 2718 3315 quodammodo
2766 3248 2912 3302 haud
2961 3251 3320 3316 esculentam,
3367 3269 3547 3323 neque
3579 3258 3647 3311 ari

2069 3336 2410 3405 spiritualem
2461 3340 2646 3393 cibum
2683 3340 2907 3408 utilem;
2960 3342 3232 3411 ejusmodi
3278 3353 3460 3400 autem
3507 3347 3645 3412 fore,

2069 3428 2114 3481 si
2151 3431 2219 3482 ad
2248 3431 2765 3500 contemplationem
2799 3435 3192 3504 evangelicam,
3241 3443 3297 3490 et
3341 3437 3408 3490 ad
3443 3437 3668 3494 Christi.

2068 3520 2389 3590 mysterium
2438 3521 2823 3589 transferatur,
2856 3532 3045 3594 aperte
3076 3525 3368 3598 intelliges,
3415 3545 3539 3585 cum
3578 3539 3646 3592 ait

2067 3610 2216 3665 hunc
2237 3612 2461 3665 modum
2497 3614 2588 3668 ille
2616 3616 3054 3683 sapientissimus
3077 3619 3288 3691 Moyses
3320 3621 3388 3676 de
3417 3637 3480 3677 ea
3510 3625 3615 3678 seri
3639 3658 3651 3666 ·

2067 3702 2258 3769 pserit.
2296 3700 2386 3755 Ait
2419 3703 2568 3758 enim
2595 3704 2650 3758 in
2679 3705 2928 3761 Levitico
2963 3725 2975 3760 :
3022 3728 3040 3759 ‹
3083 3709 3222 3764 Cum
3256 3727 3390 3765 vero
3417 3713 3646 3783 ingressi

2065 3793 2283 3849 fueritis
2327 3795 2380 3848 in
2407 3805 2607 3850 terram
2659 3813 2824 3868 quam
2869 3799 3135 3855 Dominus
3176 3801 3321 3857 Deus
3376 3811 3506 3858 tuus
3554 3805 3646 3858 dat

2068 3883 2244 3945 vobis,
2272 3893 2326 3938 et
2343 3886 2725 3954 plantaveritis
2745 3903 2908 3943 omne
2933 3889 3142 3959 lignum
3165 3891 3529 3957 esculentum,
3553 3908 3650 3947 ex-

2067 3976 2376 4046 purgabitis
2424 3977 2799 4048 impuritatem
2847 3982 2994 4051 ejus;
3050 3981 3264 4038 fructus
3309 3984 3430 4055 ejus
3467 3984 3644 4040 tribus

2066 4069 2226 4124 annis
2279 4070 2388 4124 erit
2433 4071 2589 4126 vobis
2636 4072 3000 4128 immundus:
3037 4091 3148 4130 non
3184 4079 3541 4142 comedetur;
3589 4089 3645 4131 ct

2066 4175 2211 4213 anno
2245 4171 2442 4230 quarto
2469 4164 2576 4216 erit
2606 4164 2786 4218 omnis
2816 4164 3029 4219 fructus
3075 4168 3196 4235 ejus
3239 4176 3484 4233 sanctus,
3521 4169 3640 4223 lau-

2065 4249 2264 4305 dabilis
2320 4253 2584 4317 Domino;
2633 4269 2778 4306 anno
2841 4263 3024 4308 autem
3089 4257 3284 4325 quinto
3343 4259 3641 4314 comedetis

2066 4340 2303 4395 fructum
2351 4345 2489 4412 ejus.
2531 4345 2817 4414 Appositio
2860 4347 3017 4400 vobis
3052 4354 3218 4401 erunt
3260 4347 3472 4402 fructus
3503 4350 3638 4419 ejus.

387 4452 626 4522 φάγεσθε
657 4451 751 4505 τὸν
781 4447 993 4518 καρπὸν
1038 4444 1223 4498 αὐτοῦ.
1256 4443 1546 4513 Πρόσθεμα
1578 4441 1704 4509 ὑμῖν
1738 4438 1807 4490 τὰ
1844 4455 1966 4506 γεν-

2069 4432 2182 4502 Ego
2211 4434 2476 4489 Dominus
2519 4436 2664 4490 Deus
2699 4443 2882 4490 vester
2925 4439 2987 4490 ³⁵.
3026 4457 3044 4489 ι
3096 4438 3282 4493 Hortis
3310 4439 3457 4493 enim
3488 4440 3641 4494 ferti-

387 4547 604 4613 νήματα
627 4539 812 4593 αὐτοῦ.
854 4535 995 4605 Ἐγὼ
1021 4534 1272 4605 Κύριοςκὸ
1295 4533 1424 4593 Θεὸς
1445 4529 1619 4600 ὑμῶν.
1653 4548 1670 4579 ι
1700 4527 1962 4597 Παραδεί-

390 4651 502 4698 σοις
530 4633 628 4704 μὲν
654 4631 762 4700 γὰρ
789 4631 898 4691 τοῖς
922 4625 1326 4696 εὐερνεστὰτοις
1348 4625 1379 4692 ή
1402 4624 1645 4683 Μωσέως
1663 4623 1797 4689 ἡμῖν
1821 4618 1962 4670 ἔοικε

387 4722 706 4793 Συγγραφὴ,
736 4719 985 4787 πολυειδῆ
1005 4717 1388 4785 θεσπισμάτων
1413 4712 1674 4766 ὠδίνουσα
1701 4711 1960 4781 βλάστην,

387 4816 479 4867 καὶ
505 4815 680 4877 ξύλοις
705 4811 852 4865 ὥσπε
862 4826 892 4882 ρ
918 4810 1250 4877 κατάκομος,
1273 4807 1382 4867 τοῖς
1404 4803 1488 4872 ἐφ’
1510 4802 1726 4872 ἑκάστῳ
1751 4801 1957 4870 νόμοις.

397 4903 538 4958 Ἀλλ’
579 4906 663 4972 ἐφ’
693 4904 906 4972 ἑκάστῳ
947 4900 1086 4969 ξύλῳ
1117 4897 1452 4966 καθαριεῖτε,
1484 4893 1670 4963 φησὶν,
1699 4891 1796 4963 τὴν
1830 4891 1964 4944 ἀκα-

388 4996 618 5068 θαρσίαν
653 4993 838 5057 αὑτοῦ,
875 4991 1015 5044 τοῦτ’
1047 4990 1190 5055 ἐστι,
1233 4988 1292 5040 τὸ
1327 4987 1424 5056 τῆς
1478 4983 1716 5054 ιστορίας
1759 4985 1960 5036 εἰκαῖον

389 5087 702 5156 ἀποτεμεῖς,
728 5084 820 5135 καὶ
847 5081 905 5134 τὸ
923 5081 1083 5133 οἱονεὶ
1107 5078 1336 5145 ξυλῶδες
1365 5074 1635 5146 περιελεῖς
1661 5072 1753 5126 τοῦ
1784 5073 1960 5143 γράμ-

393 5195 578 5248 ματος,
610 5176 695 5229 ὲπ’
743 5173 910 5244 αὐτὴν
957 5172 1013 5224 δὲ
1061 5169 1208 5240 ἣξεις
1242 5169 1334 5221 τοῦ
1378 5166 1544 5236 φυτοῦ
1578 5166 1675 5234 τὴν
1709 5163 1957 5233 καρδίαν,

387 5267 530 5321 τοῦτ’
545 5267 680 5329 ἐστι,
695 5266 789 5318 τοῦ
804 5261 1226 5330 τεθεσπισμένου
1245 5260 1334 5313 τὸν
1353 5259 1458 5312 ἔσω
1476 5256 1811 5330 περιεργάσῃ
1827 5273 1960 5326 καρ-

389 5359 601 5431 πὸν(5),
622 5359 716 5412 καὶ
737 5357 866 5409 αὐτὸ
892 5355 1089 5424 ποιήσῃ
1114 5353 1368 5422 τροφήν(
1395 5351 1531 5402 Ἀλλ’
1555 5351 1727 5413 ἔσται,
1743 5349 1954 5417 »φησ“ιν,

2069 4523 2295 4578 lissimis
2327 4524 2497 4595 Moysi
2525 4525 2812 4595 Scriptura
2835 4527 3035 4582 similis
3061 4528 3224 4582 nobis
3262 4528 3502 4591 videtur,
3523 4545 3642 4598 qua:

2073 4617 2357 4684 multiplex
2415 4627 2816 4687 praeceptorum
2868 4635 3094 4689 germen
3142 4621 3545 4691 complectitur,
3588 4631 3641 4676 et

2071 4717 2328 4777 tanquam
2368 4709 2662 4764 arboribus
2696 4711 2884 4764 densis
2928 4720 3122 4766 ornata
3167 4720 3275 4777 est,
3299 4712 3532 4783 legibus,
3556 4713 3643 4768 in-

2069 4815 2252 4869 quam,
2279 4799 2346 4855 de
2381 4817 2600 4870 quaque
2623 4817 2680 4855 re
2704 4802 3039 4857 constitutis.
3068 4803 3174 4858 Sed
3212 4803 3644 4874 uniuscujusque

2070 4892 2302 4957 arboris,
2348 4893 2547 4962 inquit,
2587 4895 2964 4965 expurgabitis
3005 4896 3402 4967 impuritatem,
3449 4897 3504 4951 id
3538 4906 3641 4959 est,

2068 4985 2213 5052 quod
2234 4985 2284 5038 in
2313 4986 2805 5056 historiaineptum
2825 4997 2928 5054 est,
2957 4989 3276 5055 abscindes;
3304 4989 3560 5059 quodque
3589 4989 3641 5041 in

2067 5077 2247 5131 littera
2308 5080 2474 5132 veluti
2531 5081 2867 5136 corticosum
2898 5123 2912 5147 ,
2954 5083 3338 5145 circumcides,
3369 5089 3534 5150 atque
3576 5081 3639 5132 ad

2066 5169 2245 5238 ipsum
2274 5186 2368 5224 cor
2399 5171 2614 5226 arboris
2650 5174 2966 5242 pervenies,
2999 5174 3054 5228 id
3083 5183 3187 5238 est,
3227 5172 3480 5227 intimum
3505 5186 3640 5240 prav-

2065 5260 2208 5328 cepti
2245 5258 2480 5315 fructum
2506 5264 2963 5330 perscrutaberis,
3002 5273 3164 5334 atque
3190 5263 3243 5316 in
3273 5262 3456 5316 cibum
3489 5275 3637 5313 assuo

2064 5367 2200 5404 mes.
2260 5371 2277 5400 ‹
2312 5352 2415 5407 Sed
2440 5353 2566 5417 erit,
2603 5374 2619 5404 ι
2649 5355 2849 5424 inquit,
2887 5375 2904 5405 ‹
2938 5357 3059 5426 ejus
3093 5355 3305 5410 fructus
3332 5354 3507 5407 tribus
3535 5367 3625 5406 ar.-

462 5477 506 5509 "
558 5479 717 5534 Deut.
748 5493 878 5540 mi,
917 5475 968 5528 8.
1046 5474 1090 5503 ⁶⁸
1115 5473 1227 5527 Jer.
1267 5487 1446 5534 XLVIII,
1483 5471 1568 5524 10.
1647 5471 1689 5502 ⁶⁵
1714 5469 1892 5523 Levit.
1926 5485 2034 5534 XII,
2062 5469 2252 5524 25-525.

489 5595 508 5647 1
569 5593 658 5647 Sic
687 5593 859 5646 Vatis.
883 5608 897 5655 ;
923 5588 1044 5643 cod.
1070 5587 1278 5647 Sirleti,
1310 5587 1369 5638 τὸ
1406 5585 1618 5656 ἀληθές,
1646 5590 1860 5641 veritas.

483 5663 518 5717 2
568 5663 647 5716 Ita
680 5663 801 5716 cod.
849 5659 1054 5721 Vatic.;
1109 5656 1296 5709 Sirleti
1350 5665 1532 5710 autem
1581 5657 1810 5720 ἀδικίας.
1851 5673 1860 5707 ε

461 5595 704 5800 ὶῦξῷϐοᾶ.
742 5728 947 5792 Sirleti,
981 5725 1199 5784 σκοπόν,
1229 5740 1460 5792 scopum.

483 5735 520 5789 5

520 5595 540 5803 ξ

551 5732 704 5803 βοὰ.
742 5728 947 5792 Sirleti,
981 5725 1199 5784 σκοπόν,
1229 5740 1460 5792 scopum.

712 5824 981 5885 PATROL.
1031 5817 1145 5876 Gn.
1190 5814 1447 5875 LXVIII.

568 5663 647 5716 Ita
680 5663 801 5716 cod.
849 5659 1054 5721 Vatic.;
1109 5656 1296 5728 Sirleti
1350 5665 1532 5710 autem
1581 5657 1810 5720 ἀδικίας.
1851 5669 2127 5728 c0rruptc.

3215 5806 3280 5866 19
