4142 6296
574 348 680 414 8Βῖ

1605 343 1660 403 S.
1702 338 1978 404 CYRILLI
2019 339 2492 406 ALEXANDRINI
2528 344 2845 410 ARCHIEP.

3740 359 3837 420 588

575 478 664 534 nis
695 476 1030 536 immundus,
1075 480 1186 524 non
1215 465 1664 522 manducabitur.
1699 487 1717 520 ι
1759 469 1981 524 Annum
2004 469 2156 539 ponit

2271 490 2289 524 ι
2318 472 2346 526 6
2370 473 2581 545 καρπὸς
2597 476 2784 541 αὐτοῦ,
2805 477 2932 549 τρία
2957 478 3051 551 ἔτη
3077 474 3612 553 ἀπερικάθαρτος·οὐ
3635 481 3836 555 βρωθή-

575 587 674 642 pro
703 580 985 638 tempore;
1011 563 1117 619 tria
1149 562 1298 618 enim
1324 561 1506 632 prima
1537 569 1786 632 tempora
1821 562 1977 618 fuere
2033 563 2161 632 qui-

574 662 676 714 bus
709 658 890 713 adhuc
931 656 1019 710 lex
1057 660 1178 709 erat
1226 653 1465 722 impura,
1504 652 1758 709 historia:
1790 653 2162 709 crassitudine

573 759 931 822 prwgravata,
958 756 1015 803 et
1041 747 1292 802 umbram
1320 755 1585 816 tanquam
1620 746 1870 802 inutilem
1901 745 2162 801 corticem

572 837 1028 909 circumpositam
1068 836 1330 892 habebat.
1371 835 1503 891 Tria
1535 851 1704 906 porro
1754 843 2002 907 tempora
2041 852 2163 894 esse

572 930 682 995 aio,
726 945 838 1000 quo
880 929 1114 1000 Moyses,
1143 944 1254 998 quo
1280 928 1469 996 Josue,
1504 944 1615 998 quo
1636 927 1860 984 Iudices
1902 929 2160 998 fuerunt;

573 1030 833 1091 quartum
857 1029 1047 1092 postea
1071 1019 1195 1086 fuit,
1223 1035 1334 1090 quo
1357 1020 1594 1075 illustris
1611 1021 2004 1091 prophetarum
2027 1021 2162 1076 cho-

575 1129 671 1168 rus
695 1119 924 1168 exortus
945 1121 1059 1178 est;
1087 1121 1202 1167 tum
1223 1111 1443 1168 fructus
1480 1113 1617 1184 legis
1639 1121 1866 1169 sanctus
1882 1121 1967 1169 est
1983 1113 2162 1170 factus

573 1212 632 1261 et
645 1204 938 1260 laudabilis
965 1212 977 1256 ὲ
994 1204 1160 1274 28θ
1173 1215 1300 1258 nam
1318 1220 1347 1259 a
1364 1204 1650 1275 prophetis
1671 1206 1894 1270 sanctis,
1905 1221 2027 1275 qua:
2041 1206 2160 1276 lege

575 1296 1025 1360 continebantur,
1057 1295 1314 1366 abrogari
1338 1303 1467 1351 sunt
1488 1304 1668 1366 coepta
1693 1313 1708 1362 ;
1744 1306 1801 1351 et
1823 1312 1892 1351 ne
1916 1312 2159 1353 comme—

574 1388 780 1442 morari
813 1387 1036 1456 quidem
1059 1397 1124 1441 ea
1173 1402 1297 1456 quae
1318 1388 1375 1442 in
1401 1387 1616 1442 umbris
1648 1395 1829 1454 erant,
1857 1397 2159 1460 contraque

573 1479 778 1534 veritas
801 1477 1088 1549 praedicari
1111 1478 1312 1548 palam,
1340 1487 1398 1533 et
1418 1477 1624 1534 Christi
1651 1480 1922 1535 adventus
1950 1489 2158 1553 mystes

573 1573 718 1626 rium
754 1569 1148 1626 commendari.
1201 1569 1314 1625 Hos
1343 1571 1592 1641 proxime
1619 1571 1768 1626 illico
1813 1583 2036 1628 secutus
2073 1578 2158 1628 est

573 1664 666 1719 ille
703 1679 1037 1735 praacursor,
1069 1662 1315 1718 clamans
1343 1677 1408 1718 ac
1436 1663 1630 1719 dicens
1656 1679 1669 1717 :
1721 1683 1739 1716 ι
1769 1665 2159 1721 Paenitentiam

2268 581 2472 619 σεται.»
2508 565 2580 620 Τὸ
2608 566 2727 632 ἔτος
2757 569 2972 642 τίθησιν
3007 573 3084 636 είς
3109 573 3320 645 καιρόν
3349 577 3531 647 καιροὶ
3555 575 3664 648 γὰρ
3695 576 3835 648 πρῶ-

2263 668 2346 706 τοι
2378 654 2635 723 γεγόνασι
2663 660 2810 728 τρεῖς
2835 699 2849 724 ,
2879 659 3000 714 καθ’
3027 661 3120 726 οὓς
3149 657 3217 734 ἦν
3241 661 3269 715 6
3292 663 3454 734 νόμος
3477 665 3838 736 ἀπερικάθαρ-

2263 760 2353 807 τος
2384 743 2486 811 ἔτι,
2519 745 2596 816 τῷ
2626 746 2730 817 τῆς
2764 747 3004 821 ἱστορίας
3045 752 3206 822 πάχει
3249 753 3716 826 κατηχθισμένος,
3752 753 3835 809 καὶ

2264 833 2454 908 ῶσπερ
2501 839 2708 892 εἰκαῖον
2759 840 3026 911 συρφετὸν
3076 842 3459 914 περικείμενος
3509 843 3615 916 τὴν
3661 846 3832 902 σκιάν.

2262 927 2504 998 Χρόνους
2527 929 2583 982 δὲ
2603 933 2752 1003 τρεῖς
2775 927 2912 986 εἷναί
2933 950 3095 1006 φημι,
3118 933 3210 988 τὸν
3234 936 3498 1000 Μωσέως,
3517 937 3610 991 τὸν
3645 938 3832 1010 Ἰησοῦ,

2262 1019 2355 1073 τὸν
2377 1020 2619 1091 Κριτῶν·
2655 1023 2843 1094 καιρὸς
2892 1026 3008 1096 μετ’
3048 1025 3288 1089 ἐκείνους
3311 1026 3568 1098 τέταρτος
3595 1023 3683 1099 ἦν,
3719 1027 3832 1082 καθ’

2263 1109 2320 1165 ὃν
2369 1110 2398 1162 6
2435 1111 2687 1183 λαμπρὸς
2737 1113 2845 1168 τῶν
2892 1115 3064 1185 ἁγίων
3099 1116 3396 1189 προφητῶν
3441 1118 3611 1188 ἀνέφυ
3661 1120 3831 1192 χορός.

2264 1203 2398 1255 Τότε
2431 1203 2652 1273 γέγονεν
2678 1207 2706 1259 6
2728 1205 2823 1259 τοῦ
2865 1205 3032 1278 νόμου
3072 1208 3282 1280 καρπὸς
3310 1207 3464 1276 ἅγιός
3487 1227 3545 1262 τε
3576 1211 3672 1263 καὶ
3700 1213 3835 1265 αίνε-

2262 1293 2371 1356 τός.
2399 1291 2642 1367 Ἤρξατο
2659 1294 2767 1367 γὰρ
2795 1297 2860 1349 ἐκ
2886 1296 3183 1369 προφητῶν
3212 1296 3403 1366 ἁγίων,
3431 1296 3741 1351 ἀθετεῖσθαι
3769 1299 3834 1352 τὰ

2263 1387 2322 1440 ὲν
2352 1387 2522 1460 νόμῳ,
2551 1389 2648 1442 καὶ
2681 1389 2804 1443 οὐδὲ
2831 1389 3190 1464 ὀνομάζεσθαι
3219 1391 3288 1444 τὰ
3322 1389 3397 1455 ὡς
3424 1390 3484 1444 ὲν
3515 1393 3714 1454 σκιαῖς,
3743 1407 3834 1460 κη-

2264 1480 2554 1553 ρύττεσθαι
2587 1482 2644 1536 δὲ
2679 1481 2928 1554 φανερῶς
2977 1483 3010 1552 ἡ
3048 1481 3307 1553 ἀλήθεια,
3349 1481 3444 1535 καὶ
3478 1482 3578 1552 τῆς
3604 1481 3834 1554 Χριστοῦ

2264 1573 2566 1646 παρουσίας
2612 1573 2953 1627 ἐπαινεῖσθαι
3000 1574 3060 1627 τὸ
3127 1574 3444 1646 μυστήριον.
3490 1573 3602 1627 Καὶ
3645 1573 3836 1640 γείτων

2262 1666 2424 1729 εὐθὺς
2451 1665 2479 1716 6
2516 1666 2818 1738 πρόδρομος
2855 1661 2946 1737 ἦν,
2978 1666 3374 1736 ἀνακεκραγώς
3410 1683 3472 1718 τε
3511 1665 3604 1717 καὶ
3643 1663 3832 1732 λέγων

573 1757 748 1827 agite;
775 1755 1240 1827 apprOpinquavit
1271 1754 1423 1810 enim
1463 1771 1692 1826 regnum
1737 1757 2085 1812 caelorum“.
2130 1775 2150 1809 ι

2269 1773 2286 1807 ι
2313 1757 2674 1811 Μετανοεῖτε·
2713 1757 2915 1829 ἧγγικε
2935 1756 3098 1828 γὰρὴ
3130 1756 3377 1829 βασιλεία
3402 1756 3510 1810 τῶν
3526 1755 3783 1828 οὐρανῶν.
3809 1774 3830 1809 ι

574 1849 746 1922 Igitur
765 1859 959 1920 quarto
983 1859 1252 1920 tempore,
1278 1863 1402 1918 qua:
1441 1848 1501 1903 in
1523 1849 1642 1920 lege
1680 1849 1882 1905 tradita
1912 1848 2153 1916 fuerant,

2259 1847 2466 1903 Οὐκοῦν
2489 1850 2548 1904 ὲν
2569 1849 2814 1922 τετάρτῳ
2842 1848 3023 1921 χρόνῳ
3060 1849 3198 1921 πρὸς
3228 1848 3402 1920 ἀρχὰς
3436 1847 3529 1902 τοῦ
3559 1847 3838 1903 διακαθαί-

573 1943 868 2014 expurgari
897 1949 1216 2013 coeperunt;
1244 1950 1474 2013 eratque
1492 1944 1606 2014 jam
1629 1951 1853 1999 sanctus
1884 1943 2154 2014 quodam-

573 2037 742 2091 modo
787 2037 908 2108 ejus
941 2036 1156 2092 fructus
1191 2053 1205 2089 ς
1255 2043 1638 2092 verumtamen
1687 2037 1881 2106 quinto
1909 2045 2157 2107 tempore

575 2126 645 2181 ad
676 2127 863 2182 cibum
907 2126 1012 2182 fuit
1055 2137 1236 2198 aptus,
1272 2138 1382 2198 quo
1409 2135 1655 2197 tempore
1684 2126 1889 2183 Christi
1927 2128 2158 2199 contigit

572 2217 865 2284 adventus,
899 2218 1226 2274 testiﬁcatus
1247 2235 1279 2274 a
1304 2219 1423 2289 lege
1438 2225 1495 2273 et
1517 2217 1822 2288 prophetis.
1855 2219 2156 2290 Propterea

573 2307 800 2380 inquit:
841 2329 858 2362 ι
893 2309 1014 2365 Erit
1050 2309 1264 2366 fructus
1297 2311 1418 2382 ejus
1449 2309 1722 2381 appositio
1741 2311 1921 2366 vobis.
1965 2331 1983 2363 ›
2019 2312 2156 2367 Nam

572 2411 776 2472 praeter
814 2403 1160 2474 evangelicas
1184 2402 1628 2474 praedicationes,-
1667 2403 1785 2475 ipsa
1809 2419 2028 2475 quoque
2074 2406 2155 2461 le-

571 2492 711 2562 galis
730 2493 973 2548 eruditio
1008 2492 1079 2548 ad
1107 2492 1632 2564 contemplationem
1671 2493 2018 2562 spiritualem
2042 2503 2154 2548 tra-

571 2584 756 2650 ducta,
823 2585 1089 2643 studiosis
1145 2587 1441 2643 utilissima
1478 2595 1584 2653 est,
1646 2585 1884 2654 ideoque
1937 2585 2157 2640 dicebat

571 2675 822 2735 Salvator
857 2695 872 2732 :
912 2697 931 2731 ι
973 2677 1166 2734 Omnis
1208 2674 1391 2734 scriba
1425 2678 1622 2739 doctus
1665 2677 1722 2731 in
1781 2692 1951 2747 regno
1984 2677 2154 2732 caelo-

572 2785 721 2834 rum,
756 2770 952 2826 similis
977 2780 1061 2826 est
1099 2771 1310 2825 homini
1345 2771 1528 2835 diviti,
1567 2769 1662 2840 qui
1697 2768 1905 2839 profert
1930 2768 1998 2824 de
2034 2769 2156 2825 the-

569 2874 739 2914 sauro
793 2875 894 2915 suo
943 2876 1087 2916 nova
1135 2869 1192 2916 et
1242 2867 1433 2914 vetera
1485 2860 1572 2912 3':
1616 2878 1635 2911 ι
1689 2873 1831 2913 nova
1872 2859 2155 2928 appellans

567 2950 905 3022 evangelica,
940 2959 1129 3006 vetera
1149 2958 1354 3014 autem,
1378 2961 1500 3020 quae
1522 2949 1580 3005 in
1602 2949 1721 3020 lege
1745 2949 2102 3004 continentur
2136 2968 2149 3003 :

567 3053 690 3109 qua:
711 3039 871 3095 nobis
893 3040 1045 3094 illam
1089 3038 1146 3093 in
1175 3037 1396 3094 Christo
1421 3037 1792 3109 cognitionem
1833 3053 1945 3093 non
1978 3039 2152 3095 inele-

565 3139 761 3201 ganter
787 3133 1105 3197 conciliant,
1127 3146 1291 3201 quem
1328 3131 1488 3186 decet
1513 3130 1709 3200 gloria,
1757 3130 1936 3186 honor
1958 3138 2014 3186 et
2051 3130 2151 3186 ad-

2259 1939 2450 2012 ρεσθαι
2476 1940 2546 1994 τὰ
2577 1943 2635 1995 ὲν
2662 1941 2812 2014 νόμῳ
2839 1942 3056 2012 γέγονε,
3091 1943 3187 1997 καὶ
3214 1938 3284 2014 ἦν
3303 1942 3403 2014 ἤδη
3427 1960 3543 2006 πως
3571 1943 3600 1995 6
3630 1939 3838 2012 καρπὸς

2259 2032 2432 2101 ἅγιος.
2465 2032 2634 2104 Πλὴν,
2652 2034 2709 2087 ὲν
2730 2033 2967 2106 πέμπτῳ
2992 2033 3293 2107 βρώσιμος,
3315 2034 3438 2089 καθ’
3461 2033 3521 2088 ὃν
3543 2035 3578 2106 η
3602 2030 3836 2104 Χριστοῦ

2257 2121 2530 2196 παρουσία
2562 2127 2980 2198 μαρτυρουμένη
3005 2127 3094 2184 διά
3111 2145 3172 2181 τε
3191 2127 3285 2180 τοῦ
3305 2127 3472 2198 νόμου
3497 2127 3591 2180 καὶ
3613 2123 3702 2179 διὰ
3731 2123 3836 2178 τῶν

2258 2216 2572 2288 προφητῶν.
2599 2217 2699 2273 Διὰ
2714 2217 2872 2272 τοῦτό
2894 2235 3080 2290 φησιν,
3109 2238 3126 2271 ι
3157 2219 3351 2272 Ἔσται
3388 2221 3416 2272 6
3439 2217 3648 2290 καρπὸς
3670 2212 3835 2270 αὑτοῦ

2257 2306 2545 2379 πρόσθεμα
2574 2308 2722 2378 ὑμῖν.
2751 2326 2770 2359 ›
2798 2305 2943 2379 Πρὸς
2964 2307 3074 2380 γὰρ
3122 2309 3236 2373 τοῖς
3263 2307 3640 2376 εὐαγγελικοῖς
3671 2304 3838 2377 κηρύ-

2242 2395 2431 2469 ’γμασι
2460 2400 2555 2453 καὶ
2585 2401 2618 2471 ἡ
2652 2398 2852 2470 νομικὴ
2880 2399 3160 2460 παίδευσις
3203 2399 3338 2471 πρὸς
3365 2399 3596 2471 Θεωρίαν
3624 2395 3835 2468 ἠγμένη

2258 2491 2633 2560 πνευματικὴν
2653 2494 2767 2555 τοῖς
2798 2489 3120 2562 φιλομαθέσι
3141 2491 3562 2564 χρειωδεστάτη·
3594 2489 3688 2542 καὶ
3710 2487 3837 2556 γοῦν

2256 2582 2493 2653 ἔφασκεν
2515 2583 2867 2656 ὀΣωτὴρ,ὅτι
2893 2603 2910 2637 ι
2944 2585 3058 2649 Πᾶς
3089 2584 3452 2657 γραμματεὺς
3482 2581 3836 2654 μαθητευθεὶς

2255 2676 2319 2745 τῇ
2373 2673 2621 2746 βασιλείᾳ
2666 2677 2774 2730 τῶν
2816 2675 3083 2748 οὐρανῶν,
3133 2675 3318 2746 ὅμοιός
3364 2677 3513 2728 ἐστιν
3568 2672 3838 2746 ἀνθρώπῳ

2255 2763 2535 2836 πλουσίῳ,
2586 2766 2736 2830 ὅστις
2794 2767 3044 2821 ἐκϐάλλει
3091 2767 3155 2819 ὲκ
3221 2766 3314 2819 τοῦ
3359 2763 3635 2837 θησαυροῦ
3671 2765 3837 2818 αὑτοῦ

2254 2853 2417 2909 καινὰ
2450 2857 2800 2924 καὶξπαλαιόιο
2827 2876 2845 2909 ι
2873 2858 3032 2912 καινὰ
3060 2857 3256 2926 λέγων,
3286 2857 3355 2910 τὰ
3385 2857 3710 2924 Εὑαγγέλια,
3741 2859 3837 2910 καὶ

2256 2946 2463 3001 παλαιὰ
2489 2947 2568 3012 δὲ,
2609 2949 2677 3002 τὰ
2713 2951 2770 3002 ὲν
2799 2950 2970 3020 νόμῳ,
3012 2949 3108 3021 τὴν
3133 2951 3191 3002 ὲν
3216 2947 3438 3020 Χριστῷ
3475 2948 3673 3018 γνῶσιν
3703 2949 3837 3018 ἡμῖν

2253 3039 2354 3094 οὐκ
2385 3039 2625 3109 ἀγεννῶς
2675 3042 3121 3113 συνεισφέροντα·
3165 3040 3314 3111 αὐτῷ
3357 3042 3389 3110 ἡ
3431 3040 3558 3105 δόξα
3598 3042 3677 3104 είς
3711 3040 3838 3103 τοὺς

2253 3131 2459 3196 αἰῶνας
2490 3132 2600 3186 τῶν
2631 3131 2866 3198 αἰώνων,
2914 3134 3110 3204 Ἀμήν.

566 3224 784 3291 oratio,
825 3239 953 3280 cum
989 3225 1188 3289 Patre,
1238 3222 1334 3293 qui
1386 3221 1506 3277 sine
1545 3222 1820 3294 principio
1839 3232 1944 3290 est,
1975 3231 2032 3279 et
2069 3237 2194 3279 cum
2231 3223 2598 3290 sanctissimo,
2647 3233 2704 3280 et
2742 3225 2911 3290 bono,
2964 3233 3020 3281 et
3054 3222 3366 3281 viviﬁcante
3405 3223 3635 3295 Spiritu,
3687 3236 3840 3278 nunc

565 3331 624 3373 es
646 3331 888 3387 semper,
921 3323 980 3372 et
1011 3317 1067 3372 in
1089 3315 1291 3372 saecula
1329 3314 1678 3370 saeculorum.
1708 3317 1904 3371 Amen.

640 3433 688 3463 ⁶⁶
745 3429 1150 3496 Mattb.tv,l7.
1231 3429 1276 3461 ⁸⁷
1308 3428 1505 3484 Matth.
1555 3444 1672 3495 xm,
1726 3427 1816 3483 52.

592 3615 3828 3653 W

1143 3792 1541 3921 ΠΕΡΙ
1641 3787 1984 3916 ΤΗΣ
2087 3787 2296 3912 ΕΝ
2398 3780 3276 3919 ΠΝΕΥΜΑΤΙ

1775 4019 1970 4109 ΚΑΙ
2018 4019 2504 4111 ΑΛΗΘΕΙΑ

978 4214 2200 4338 ΠΡΟΣΚΥΝΗΣΕΩΣ
2315 4217 2590 4329 ΚΑΙ
2703 4209 3445 4333 ΛΑΤΡΕΙΑΣ

1731 4439 2098 4527 ΛΟΓΟΣ
2172 4437 2709 4525 ΕΝΝΑΤΟΣ.

642 4705 824 4821 DE
937 4702 1868 4822 ADORATIONE
2015 4713 2196 4823 ET
2313 4711 2792 4828 CULTU
2900 4714 3050 4828 IN
3173 4713 3758 4834 SPIRITU

1722 4947 1891 5051 ET
1997 4949 2309 5054 VEB!
2337 4948 2660 5055 ΓΑΤΕ

1835 5171 1932 5248 Ll
1950 5170 2137 5247 BER
2209 5172 2418 5252 NON
2438 5173 2590 5250 US.

557 5497 720 5572 287
754 5500 830 5554 De
872 5512 1056 5558 sancto
1091 5504 1616 5583 tabernaculo,_quod
1659 5502 1852 5561 Christi
1894 5505 2140 5560 Ecclesia!

2258 5507 2389 5576 Περὶ
2431 5507 2542 5577 τῆς
2577 5507 2753 5583 ἁγία-ς
2797 5508 3037 5583 σκηνῆς
3061 5549 3076 5574 ,
3126 5511 3216 5565 ὅτι
3257 5512 3455 5583 ,τύπος
3494 5510 3576 5583 ἦν
3614 5508 3732 5582 τῆς
3766 5511 3855 5564 ἐν

1157 5585 1309 5646 lypus
1342 5576 1523 5644 fuerit.

630 5663 932 5720 Charitatis
959 5665 1146 5733 igitur,
1177 5676 1232 5720 et
1267 5668 1387 5734 ejus
1431 5684 1552 5736 qua,
1586 5668 1641 5721 in
1695 5668 1888 5732 Deum,
1928 5676 1984 5720 et
2020 5683 2141 5736 quae

559 5757 615 5815 in
643 5756 844 5812 fratres
871 5755 1202 5822 ostenditur,
1235 5757 1467 5829 insignia
1496 5759 1756 5827 praeclara
1775 5767 1923 5813 sunt.
1955 5769 2010 5814 et
2042 5759 2138 5813 ha-

2700 5577 2932 5646 Χριστῷ
2981 5582 3034 5631 Ἐ
3039 5582 3263 5649 κκλησί
3265 5598 3358 5648 ας.

2333 5670 2580 5740 ’Λγάπης
2617 5671 2714 5740 μὲν
2757 5667 2850 5723 οὖν
2881 5673 2961 5733 είς
2991 5671 3125 5725 Θεόν
3162 5689 3220 5725 τε
3253 5675 3344 5728 καὶ
3377 5673 3639 5742 ἀδελφοὺς
3669 5689 3853 5744 περι·-

2246 5762 2386 5832 φανῆ
2406 5763 2473 5817 τὰ
2493 5763 2808 5835 αὐχήματα,
2837 5764 2930 5818 καὶ
2956 5765 3134 5820 ἀποπε
3145 5766 3384 5838 ραίνεται
3412 5766 3512 5838 μὲν
3534 5767 3601 5820 δι’
3623 5767 3854 5835 ἀμφοῖν
