4142 6296
276 392 279 395 ’
384 397 490 455 589

1132 390 1222 449 DE
1256 391 1702 451 ADORATIONE
1739 391 1806 451 ΙΝ
1846 392 2113 451 SPIRITU
2157 389 2245 448 ΕΤ
2283 394 2649 451 VICitlTATE.
2691 392 2820 451 LIB.
2846 392 2937 452 1X.

3538 394 3641 453 590

380 510 611 580 δνόμος.
633 506 895 570 Εὐκλείας
923 520 988 575 γε
1018 506 1122 579 μὴν
1147 508 1228 571 εἰς
1261 507 1420 562 τοῦτο
1444 510 1797 579 κατηντηκὼς
1826 507 1952 563 ἀπαε

2073 524 2196 562 rum
2231 518 2464 580 utraque
2495 510 2585 565 lex
2628 510 2915 580 perﬁcitur
2949 527 2961 563 :
3000 524 3083 575 ac,
3119 509 3367 580 quisquis
3406 508 3473 564 ad
3516 524 3643 564 eum

381 618 466 663 τις
495 596 611 663 οὖν,
639 595 894 668 λαμπρός
924 612 985 649 τε
1020 596 1112 651 καὶ
1145 595 1499 665 ἀξιάγαστος,
1533 599 1628 651 καὶ
1657 599 1716 651 ἐν
1743 600 1856 662 τοῖς
1884 598 1966 651 ὅτι

384 691 620 763 μάλιστα
657 686 909 757 γνησίοις
952 687 1415 756 κατατετάξεται,
1464 688 1701 760 Χριστοῦ
1736 687 1965 759 βοῶντος

379 782 475 836 καὶ
498 778 823 849 λέγοντος,ξι
842 772 943 842 Εὖ,
972 778 1123 831 δοῦλε
1155 778 1326 848 ἀγαθέ
1356 780 1452 833 καὶ
1476 781 1656 848 πιστέ,
1686 778 1779 833 ἐπὶ
1806 778 1965 848 ὀλίγα

375 872 447 948 ῆς
472 873 689 940 πιστὸς,
707 874 801 927 ἐπὶ
825 871 1036 926 πολλῶν
1058 889 1117 926 σε
1147 876 1496 944 καταστήσω⁹
1527 870 1733 927 εῐσελθε
1759 872 1840 935 είς
1864 872 1963 943 τὴν

381 969 559 1041 χαρὰν
596 964 692 1020 τοῦ
729 964 936 1037 Κυρίου
973 979 1088 1019 σου.
1129 982 1150 1017 s
1186 963 1567 1019 Είσελεύσεται
1606 962 1716 1035 γάρ
1759 964 1823 1034 δὴ
1870 964 1964 1018 καὶ

336 1102 341 1109 .
387 1059 534 1132 μάλα
562 1056 796 1128 ἑτοίμως
822 1057 906 1120 εἰς
954 1055 1054 1128 τὴν
1082 1055 1400 1128 ἐπουράνιον
1454 1055 1806 1128 Ἰερουσαλὴμ
1825 1098 1840 1123 ,
1869 1055 1963 1109 καὶ

382 1153 504 1213 ταῖς
532 1147 642 1202 ἀνω
670 1149 860 1217 μοναίς
903 1146 1319 1219 ἐνδιαιτήσεται,
1368 1148 1480 1210 τοῖς
1524 1146 1663 1216 ύπέρ
1707 1144 1830 1198 νοῦν
1867 1144 1961 1198 καὶ

382 1240 538 1308 λόγον
560 1237 840 1309 ἐντρυφῶν
864 1235 1106 1306 ἀγαθοῖς.
1131 1236 1406 1290 Τοιουτονί
1428 1254 1479 1290 τι
1504 1236 1599 1290 καὶ
1622 1238 1651 1290 ὁ
1676 1236 1960 1306 προφήτης

388 1331 621 1394 Ἡσαΐας
648 1330 833 1400 φησίψ
867 1349 891 1380 ι
923 1329 986 1383 Οί
1014 1326 1283 1400 ὀφθαλμοί
1308 1345 1402 1382 σου
1426 1327 1669 1398 ὄψονται,
1690 1329 1959 1398 Ἰερουσα-

378 1422 515 1495 λὴμ,
548 1421 729 1483 πόλεις
764 1417 1046 1482 πλουσίας,
1084 1416 1321 1488 σκηνὰς,
1349 1418 1404 1471 αἳ
1435 1418 1496 1473 οὐ
1539 1417 1613 1488 μὴ
1651 1416 1956 1482 σεισθῶσιν,

381 1515 504 1569 οὐδὲ
536 1512 611 1585 μὴ
638 1510 933 1581 κινηθῶσιν
972 1511 1019 1563 oi
1049 1509 1315 1563 πάσσαλοι
1343 1511 1442 1580 τῆς
1472 1507 1705 1580 σκηνῆς,
1741 1508 1860 1562 οὐδὲ
1889 1508 1959 1562 τὰ

381 1603 592 1676 σχοινία
612 1602 781 1672 αὐτῆς
800 1600 866 1655 οὐ
901 1602 975 1672 μὴ
999 1600 1357 1673 διαρραγῶσι.
1398 1615 1421 1652 ι
1452 1598 1697 1669 Παράγει
1728 1599 1827 1670 μὲν
1847 1598 1957 1671 γάρ

380 1694 441 1747 τὸ
488 1693 670 1764 σχῆμα
709 1690 804 1745 τοῦ
853 1692 1060 1760 κόσμου
1100 1689 1316 1753 τούτου,
1366 1686 1510 1742 κατά
1550 1687 1651 1752 τάς
1709 1688 1952 1758 Γραφάς.

391 1782 742 1857 Ἑδραιοτάτη
785 1781 843 1835 δὲ
892 1779 1096 1850 σφόδρα
1131 1778 1229 1832 καὶ
1274 1777 1607 1849 ἀκράδαντος
1653 1776 1871 1840 πάντως
1919 1777 1952 1847 ἡ

2067 601 2255 672 gloria
2294 601 2523 671 gradum
2552 602 2891 671 pervenerit,
2920 601 3150 658 illustris
3176 602 3284 657 erit
3310 608 3367 656 et
3398 600 3643 655 admira-

2064 691 2214 756 bilis,
2242 700 2302 747 et
2326 692 2474 749 inter
2511 688 2862 750 ﬁdelissimos
2893 693 2992 748 Dei
3018 707 3212 749 servos
3236 692 3640 757 numerabitur,

2065 799 2192 839 cum
2215 783 2470 838 clamabit
2488 783 2760 851 Christus,
2784 799 2849 839 ac
2864 784 3043 841 dicet:
3075 803 3093 836 ι
3114 785 3285 856 Euge,
3312 799 3470 840 serve
3499 785 3643 841 bone

2065 882 2121 927 et
2169 873 2366 940 fidelis,
2396 875 2452 929 in
2482 891 2655 946 pauca
2704 876 2859 932 fuisti
2904 875 3117 944 ﬁdelis,
3175 892 3339 947 supra
3381 878 3552 932 multa
3586 884 3642 930 te

2064 963 2429 1030 constituam;
2468 963 2613 1020 intra
2647 963 2706 1020 in
2742 963 3005 1036 gaudium
3038 964 3258 1019 Domini
3287 965 3368 1019 tui
3393 966 3457 1018 ⁵⁸.
3499 985 3517 1017 ι
3548 965 3639 1019 ln-

2062 1054 2342 1127 gredietur
2371 1054 2541 1119 enim,
2571 1063 2629 1110 et
2673 1054 2898 1126 quidem
2935 1054 3213 1125 expedite,
3255 1055 3313 1109 in
3356 1055 3505 1109 illam
3532 1067 3643 1110 cm-

2061 1145 2255 1201 lestem
2287 1146 2618 1212 Jerusalem,
2657 1154 2715 1202 et
2752 1146 2810 1202 in
2848 1145 3105 1217 supernis
3133 1145 3242 1202 illis
3265 1145 3643 1200 mansionibus

2061 1237 2243 1309 deget,
2274 1245 2331 1292 et
2367 1236 2531 1292 bonis
2572 1252 2695 1308 quae
2737 1252 2960 1294 omnem
3010 1237 3392 1309 intelligentiae
3432 1237 3642 1292 oratio-

2060 1329 2256 1400 nisque
2306 1328 2623 1385 facultatem
2667 1338 2958 1401 supersnt,
2993 1328 3328 1400 perfruetur.
3358 1325 3639 1400 Ejusmodi

2058 1418 2227 1489 288
2278 1419 2560 1489 quidpiam
2609 1418 2778 1474 etiam
2839 1419 3110 1490 propheta
3163 1419 3331 1474 Isaias
3389 1419 3571 1487 inquit
3623 1434 3638 1472 :

2067 1527 2086 1559 ι
2114 1508 2273 1564 Oculi
2308 1510 2388 1564 tui
2412 1510 2678 1566 videbunt
2706 1510 3028 1576 Jerusalem,
3058 1510 3308 1566 civitates
3330 1510 3639 1581 opulentas,

2057 1599 2412 1655 tabernacula
2440 1614 2563 1670 quae
2605 1613 2954 1671 nequaquam
3005 1600 3411 1664 concutientur,
3459 1613 3639 1669 neque

2057 1689 2426 1745 movebuntur
2450 1691 2637 1761 paxilli
2666 1690 3028 1757 tabernaculi,
3062 1703 3243 1761 neque
3276 1689 3438 1745 funes
3466 1690 3640 1759 ipsius

2059 1780 2478 1851 disrumpentur
2518 1781 2603 1847 “;
2665 1800 2684 1832 ι
2744 1780 2992 1851 praeterit
3034 1779 3183 1834 enim
3244 1777 3418 1849 ﬁgura
3472 1777 3639 1849 hujus

378 1845 496 1929 τῶν.
519 1845 793 1942 ἐσομένων
822 1845 995 1933 ἐλπίς.
1027 1845 1198 1923 "am
1236 1845 1440 1923 τούτων
1469 1869 1725 1923 ἀπάντων
1753 1845 1951 1938 λυομέέ

2058 1869 2249 1926 mundi
2277 1845 2354 1936 —"°,
2386 1878 2449 1925 ut
2497 1845 2795 1941 Scriptura:
2840 1870 3068 1935 dicunt;
3102 1867 3193 1923 illa
3220 1845 3355 1923 vero
3393 1881 3518 1938 spes
3546 1845 3635 1922 i'u-

377 1983 505 2030 νων,
534 1963 675 2019 καθά
711 1963 806 2017 καὶ
840 1961 932 2015 τοῦ
969 1961 1221 2032 Σωτῆρος
1251 1959 1622 2031 διισχυρίσατο
1663 1957 1946 2029 μαθητὴς,

379 2056 658 2126 ποταμοὺς
700 2053 783 2106 δεῖ
809 2051 1097 2123 εὑρεθῆναι
1133 2051 1309 2121 ἡμᾶς,
1338 2049 1527 2118 ἁγίους
1566 2049 1658 2103 καὶ
1690 2046 1952 2119 ἀμώμους

378 2146 501 2200 κατ’
528 2144 759 2198 ἐνώπιον
796 2141 995 2204 αὑτοῦ,
1037 2141 1431 2210 πνευματικαῖς
1479 2140 1576 2210 μὲν
1602 2137 1815 2200 θυσίαις
1851 2152 1952 2189 κα-

376 2237 805 2311 ταγεραίροντας
841 2232 916 2295 ὡς
956 2230 1187 2302 Σωτῆρα
1229 2229 1320 2284 καί
1360 2228 1673 2299 Λυτρωτὴν,
1714 2228 1865 2300 ίεράν
1895 2228 1954 2282 δὲ

378 2330 474 2384 καὶ
506 2326 821 2389 ἀπόλεκτον,
862 2321 958 2377 καὶ
989 2324 1102 2385 τοῖς
1141 2320 1514 2389 εὐαγγελικοῖς
1551 2318 1951 2390 συμϐαίνουσαν

376 2420 559 2489 νὸμοις
601 2413 1020 2485 ἐπιτηδεύοντας
1090 2410 1398 2464 πολιτείαν·
1456 2408 1706 2481 καθάπερ
1762 2408 1953 2480 ἀμέλει

380 2513 494 2572 τοῖς
533 2504 905 2579 ἀρχαιοτέροις
943 2505 972 2557 ὁ
1015 2502 1177 2573 νόμος
1216 2500 1316 2572 τὴν
1350 2498 1494 2553 οὕτω
1530 2501 1735 2570 σεπτήν
1771 2516 1830 2553 τε
1861 2499 1955 2553 καὶ

379 2600 704 2669 ἀξιόληπτον
746 2592 1103 2663 ἐσκιαγράφει
1131 2591 1299 2663 ζωήνο
1332 2590 1702 2661 μηλοσφαγεῖν
1734 2590 1955 2644 ἐπιτάτ.

379 2705 516 2753 των,
557 2688 651 2741 καὶ
686 2684 787 2750 τὰς
826 2684 893 2737 δι’
938 2683 1185 2754 αἱμάτων
1237 2680 1509 2734 ποιεῖσθαι
1556 2680 1951 2752 προσαγωγὰς,

380 2783 616 2845 δεκάτας
637 2795 695 2833 τε
727 2778 821 2832 καὶ
854 2773 1108 2847 ἀπαρχὰς
1136 2771 1394 2845 ἀφιεροῦν
1424 2772 1501 2843 τῷ
1530 2772 1670 2842 Θεῷ,
1699 2773 1792 2826 καὶ
1818 2773 1954 2843 πρὸς

384 2873 590 2937 τούτοις
606 2870 683 2923 ἔτι
701 2868 1049 2941 χαριστήρια.
1073 2863 1241 2935 Πλὴν,
1263 2863 1362 2917 ούκ
1379 2862 1484 2928 ἔξω
1501 2861 1658 2917 ταυτὶ
1677 2863 1773 2934 τῆς
1792 2863 1955 2931 ἁγίας

384 2960 714 3038 πράττεσθαι
742 2960 851 3014 δεῖν
874 2955 1182 3027 ἐνομοθέτει
1209 2955 1431 3027 σκηνῆς.
1472 2954 1791 3008 Ἀπόλεκτον
1813 2953 1868 3008 δέ
1895 2954 1955 3008 τὸ

380 3057 447 3109 ἐκ
478 3050 607 3107 Aeci
632 3050 788 3119 γένος
822 3045 1059 3102 ἀνετίθει
1102 3044 1181 3115 τῷ
1224 3045 1363 3117 Θεῷ,
1388 3043 1556 3098 τύπον
1583 3047 1714 3116 ἡμῖν
1757 3046 1852 3099 καὶ
1875 3046 1955 3109 είς

2054 1970 2308 2016 turorum
2350 1962 2622 2016 bonorum
2675 1959 2990 2016 ﬁrmissima
3029 1966 3149 2025 est,
3196 1973 3376 2029 neque
3414 1956 3635 2015 concuti

2053 2053 2166 2108 ullo
2190 2053 2354 2107 modo
2400 2060 2600 2122 potest.
2652 2052 2781 2117 Sed,
2821 2066 2950 2107 cum
3009 2051 3128 2105 haec
3162 2051 3348 2105 omnia
3408 2051 3631 2105 solvan-

2068 2152 2160 2198 tur
2191 2145 2275 2214 (ut
2329 2140 2629 2198 Salvatoris
2675 2142 2851 2198 nostri
2900 2154 3121 2212 quoque
3148 2141 3449 2211 discipulus
3491 2141 3636 2197 aﬁir-

2059 2233 2274 2304 mavit),
2311 2234 2500 2304 quales
2531 2249 2634 2289 nos
2670 2232 2904 2288 inveniri
2938 2240 3158 2304 oportet
3195 2235 3239 2266 '“
3262 2274 3277 2299 ,
3325 2243 3543 2293 sanctos
3578 2244 3635 2290 et

2054 2325 2431 2379 immaculatos
2468 2325 2525 2379 in
2548 2332 2846 2395 conspectu
2877 2325 3030 2396 ejus;
3076 2324 3271 2380 hostiis
3311 2341 3437 2380 eum
3468 2326 3632 2396 spiri-

2055 2417 2299 2473 tualibus
2330 2425 2394 2472 ut
2432 2416 2773 2472 Salvatorem
2804 2430 2873 2472 ac
2902 2415 3328 2486 Redemptorem
3359 2432 3634 2473 veneran-

2056 2512 2159 2569 tes,
2205 2521 2273 2560 ac
2303 2520 2513 2561 sacram
2552 2513 2609 2560 et
2634 2504 2908 2577 egregiam
2935 2505 3404 2561 conversationem
3422 2545 3436 2569 ,
3468 2521 3635 2562 evan-

2054 2597 2351 2667 gelicisque
2392 2597 2604 2667 legibus
2631 2604 3043 2668 congruentem
3074 2600 3369 2666 sequentes
3403 2614 3415 2649 :
3446 2598 3631 2668 cujus-

2055 2686 2202 2741 modi
2231 2686 2451 2740 vivendi
2486 2701 2659 2755 genus
2694 2685 2838 2741 adeo
2866 2686 3240 2742 venerandum
3276 2695 3333 2740 et
3360 2687 3509 2740 omni
3538 2687 3633 2742 ad-

2055 2777 2349 2833 miratione
2388 2777 2618 2847 dignum
2670 2777 2757 2832 lex
2812 2776 3012 2847 priscis
3051 2776 3163 2832 illis
3188 2776 3506 2832 hominibus
3527 2777 3631 2831 ad—

2056 2868 2353 2932 umbravit,
2391 2881 2517 2924 cum
2553 2870 2793 2941 pecudes
2837 2869 3077 2935 cadere,
3104 2875 3162 2924 et
3195 2876 3450 2925 cruentas
3474 2870 3630 2923 obla-

2054 2959 2236 3014 tiones
2261 2959 2494 3025 oﬁ'erre,
2530 2960 2774 3015 decimas
2801 2967 3090 3030 praeterea,
3120 2965 3179 3015 et
3221 2959 3494 3029 primitias
3518 2960 3630 3013 Deo

2055 3067 2401 3113 consecrare,
2442 3066 2673 3107 munera
2710 3050 2970 3121 denique,
3021 3050 3224 3120 quibus
3269 3050 3337 3104 de
3392 3049 3631 3119 acceptis

378 3148 526 3218 ἡμᾶς
562 3142 757 3206 αὐτοὺς
794 3140 854 3194 τὺ
886 3141 1078 3211 ,χρῆμα
1109 3134 1297 3202 τιθείς.
1344 3138 1672 3209 Κεκλήμεθα
1703 3136 1812 3209 γὰρ
1857 3137 1951 3190 καὶ

2056 3143 2339 3199 beneﬁciis
2373 3143 2561 3214 gratiae
2603 3150 2920 3213 agerentur,
2967 3140 3164 3195 aﬁ‘erre
3201 3140 3444 3212 juberet.
3505 3141 3630 3197 llaec

377 3239 537 3311 ἡμεῖς
567 3234 717 3307 παρά
740 3250 804 3302 γε
834 3234 951 3292 ταῖς
973 3230 1140 3292 θείαις
1166 3229 1410 3299 Γραφαῖς
1440 3246 1458 3279 ι
1492 3228 1646 3296 γένος
1670 3227 1947 3293 ἐκλεκτὸν,

378 3330 647 3403 βασίλειον
671 3326 990 3398 ίεράτευμα,
1023 3321 1173 3386 ἔθνος
1202 3323 1373 3390 ἅγιον,
1399 3321 1526 3385 λαὸς
1548 3322 1627 3382 είς
1660 3321 1948 3393 περιποίηι

381 3436 485 3473 σιν.
520 3437 537 3468 ι
576 3414 965 3484 Είσελαύνομεν
993 3412 1050 3465 δὲ
1082 3412 1175 3464 καὶ
1201 3412 1278 3474 είς
1301 3410 1507 3482 σκηνὴν
1532 3409 1631 3481 τὴν
1657 3409 1949 3479 ἀληθεστέ-

380 3526 502 3582 ραν,
530 3509 596 3577 ἥν
637 3505 834 3577 ἔπηξεν
873 3507 901 3557 ὁ
934 3502 1135 3574 Κύριος
1172 3501 1267 3555 καὶ
1312 3502 1412 3553 οὐκ
1447 3500 1766 3572 ἄνθρωπος,
1805 3500 1948 3554 τοῦτ’

378 3600 493 3653 ἔστι
561 3597 658 3668 τὴν
711 3594 1053 3665 Ἐκκλησίαν,
1099 3594 1160 3647 ού
1197 3593 1284 3646 διὰ
1332 3591 1545 3662 μόσχων
1603 3592 1696 3646 καὶ
1731 3593 1948 3663 τράγων

376 3688 845 3762 ἐκμειλισσόμενοι
866 3688 958 3740 τὸν
979 3685 1087 3739 τῶν
1109 3684 1244 3739 ὅλων
1269 3684 1629 3755 Δημιουργὸν,
1656 3684 1769 3737 ἀλλ’
1792 3685 1868 3748 ὠς
1890 3686 1946 3738 ἐν

376 3778 512 3852 ὀρθῇ
564 3795 623 3830 τε
670 3777 764 3830 καὶ⁵
810 3776 1095 3846 ἀμωμήτῳ
1154 3775 1334 3827 πίστει
1378 3774 1803 3845 διαπρέποντες,
1853 3774 1947 3828 καὶ

375 3868 769 3938 πνευματικαῖς
821 3864 1216 3936 καρποφορίαις
1281 3862 1483 3935 νοητῶς
1544 3860 1944 3927 εύωδιάζοντες.

381 3971 402 4005 ο
437 3957 723 4022 Τοιαύταις
751 3958 858 4029 γὰρ
883 3956 948 4028 δὴ
973 3955 1184 4020 θυσίαις
1206 3954 1583 4026 εὐαρεστεῖται
1615 3953 1768 4021 Θεὸς,
1804 3974 1823 4007 ι
1852 3954 1946 4007 καὶ

375 4052 503 4115 τοὺς
542 4048 977 4122 προσκυνοῦντας
1010 4048 1192 4114 αὐτὸν,
1222 4048 1278 4101 ἐν
1305 4046 1572 4118 πνεύματι
1595 4047 1689 4101 καὶ
1720 4048 1947 4120 ἀληθείᾳ

374 4142 458 4198 δεῖ
478 4144 822 4216 προσκυνεῖν,
847 4140 990 4194 κατά
1008 4142 1105 4212 τὴν
1122 4140 1213 4195 τοῦ
1244 4140 1496 4211 Σωτῆρος
1523 4142 1728 4212 φωνήν.

2053 3243 2236 3290 tamen
2273 3234 2478 3300 omnia,
2512 3250 2582 3289 ne
2609 3241 2764 3288 extra
2795 3241 3043 3288 sanctum
3077 3231 3493 3286 tabernaculum
3528 3231 3627 3286 Γερ-

2050 3334 2195 3390 rent,
2227 3323 2533 3379 constituit.
2567 3322 2841 3378 Selectum
2893 3336 3058 3391 porro
3100 3320 3419 3376 Levitarum
3457 3336 3630 3392 genus

2049 3419 2161 3472 Deo
2197 3417 2430 3483 dicavit;
2464 3430 2571 3486 qua
2608 3414 2835 3486 quidem
2884 3414 2940 3469 in
2994 3428 3054 3469 re
3098 3414 3260 3469 nobis
3297 3413 3524 3483 ﬁguram
3557 3414 3624 3468 ad

2047 3522 2148 3563 nos
2173 3508 2320 3578 ipsos
2343 3506 2707 3577 pertinentem
2735 3502 2889 3559 dedit
2921 3520 2934 3555 :
2968 3517 3095 3557 nam
3141 3502 3197 3557 in
3244 3502 3629 3558 divinis'Scri-

2050 3600 2231 3671 pturis
2269 3612 2371 3653 nos
2398 3610 2618 3666 quoque
2649 3609 2843 3650 sumus
2881 3613 2899 3646 ι
2945 3609 3120 3664 genus
3156 3594 3416 3659 electum,
3449 3596 3626 3664 regale

2054 3686 2443 3751 sacerdotium,
2463 3700 2597 3756 gens
2623 3692 2834 3749 sancta,
2859 3684 3097 3753 populus
3125 3683 3504 3751 acquisitionis
3526 3685 3572 3714 ⁷³
3602 3704 3619 3733 ι

2055 3779 2351 3850 appellati;
2390 3777 2485 3849 qui
2534 3777 2701 3833 etiam
2743 3775 2931 3831 verius
2977 3774 3391 3828 tabernaculum
3413 3815 3429 3839 ,
3480 3777 3625 3844 quod

2057 3871 2173 3926 ﬁxit
2203 3872 2368 3935 Deus,
2400 3878 2457 3926 et
2491 3884 2604 3924 non
2645 3867 2813 3923 homo
2851 3864 2918 3932 ⁷³,
2961 3864 3015 3919 id
3059 3872 3144 3919 est
3178 3864 3499 3930 Ecclesiam,
3540 3864 3626 3919 in-

2051 3961 2369 4033 gredimur;
2404 3976 2515 4015 non
2538 3958 2685 4031 quod
2720 3957 3106 4013 universarum
3141 3971 3328 4011 rerum
3359 3954 3625 4011 Condito-

2052 4068 2167 4108 rem
2192 4053 2378 4109 vitulis
2419 4059 2476 4107 et
2522 4051 2691 4107 hircis
2717 4051 3018 4121 placemus,
3051 4047 3147 4104 sed
3182 4056 3331 4103 recta
3361 4047 3628 4102 immacu-

2048 4145 2268 4216 lataque
2301 4144 2408 4200 ﬁde
2441 4145 2613 4200 simus
2674 4142 2876 4209 ornati,
2926 4156 2993 4196 ac
3030 4140 3346 4210 spirituaies
3390 4139 3626 4195 oblatio-

380 4255 499 4306 nes,
542 4236 902 4309 intelligentia
947 4236 1270 4304 sublimiori,
1321 4238 1380 4292 in
1424 4237 1653 4293 odorem
1717 4239 2003 4295 suavitatis
2077 4241 2452 4297 incendamus.
2488 4260 2508 4293 ι
2561 4240 2788 4295 Talibus
2838 4237 2987 4294 enim
3033 4236 3232 4291 hostiis
3282 4244 3628 4306 promeretur

376 4334 525 4390 Deus
548 4333 635 4385 ’δι
677 4351 694 4384 ι
730 4338 786 4386 et
811 4344 909 4385 eos
936 4329 1030 4399 qui
1066 4330 1298 4385 adorant
1325 4345 1473 4396 eum,
1502 4340 1562 4385 ut
1589 4330 1840 4387 Salvator
1861 4340 2048 4388 noster
2087 4334 2245 4397 dixit,
2300 4334 2357 4389 in
2412 4333 2612 4404 spiritu
2647 4339 2704 4385 et
2722 4330 2955 4385 veritate
2984 4326 3214 4381 adorare
3239 4333 3455 4395 oportet
3484 4327 3550 4379 ⁷⁵.

447 4428 655 4482 ΠΑΛΛ.
707 4424 910 4497 Ὀρθῶς
942 4424 1097 4495 ἔφης.
1134 4425 1241 4478 Καὶ
1281 4424 1493 4488 θυσίαις
1535 4425 1633 4495 μὲν
1659 4428 1779 4490 ταῖς
1809 4427 1948 4499 ὑπὲρ

2120 4429 2318 4485 PALL.
2353 4429 2522 4482 Recte
2548 4441 2679 4480 sane
2710 4424 2868 4480 dicis.
2895 4423 3101 4478 Verum
3127 4420 3322 4475 hostiis
3368 4421 3625 4491 equidem

376 4522 540 4590 νόμον
561 4520 642 4571 ὅτι
664 4515 940 4587 προσῆκεν
960 4515 1105 4584 ἡμᾶς
1126 4513 1449 4582 εὐδοκιμεῖν,
1474 4514 1639 4583 φαίην
1662 4514 1729 4569 ἂν
1752 4515 1943 4584 ἔγωγε·

379 4613 715 4684 συνθήσομαι
753 4612 879 4678 γάρ.
912 4609 1078 4679 Πλὴν,
1122 4609 1300 4662 ἐκεῖνο
1327 4608 1552 4679 φράσον·
1600 4606 1691 4680 ἆρ’
1729 4611 1829 4665 οὐκ
1871 4614 1949 4676 είς

376 4705 546 4760 τύπον
574 4705 704 4774 ἡμῖν
726 4704 824 4772 τῆς
852 4701 910 4769 ἐξ
950 4700 1118 4754 ἐθνῶν
1161 4698 1487 4769 Ἐκκλησίας
1514 4700 1546 4765 ἡ
1583 4699 1786 4754 παλαιά
1811 4702 1950 4755 κατά

376 4794 477 4868 τὴν
501 4793 704 4866 ἔρημον
722 4792 1043 4862 διεπήγνυτο
1067 4789 1262 4861 σκηνὴ,
1292 4790 1391 4859 τῆς
1420 4783 1950 4861 ἀληθεστέραξάμυ-

375 4886 502 4960 δρόν
528 4901 642 4948 πως
678 4884 758 4937 ἐτι
787 4886 849 4936 τὸ
874 4884 1066 4947 κάλλος
1091 4881 1453 4951 ἐκφαίνουσας

447 5151 613 5208 ΚΥΡ.
647 5152 795 5205 Πάνυ
860 5149 958 5220 μὲν
1017 5142 1131 5203 οὖν.
1195 5150 1373 5221 Ἐφην
1415 5149 1472 5203 δέ
1530 5151 1627 5205 καὶ
1688 5151 1892 5223 ἀρτίως
1929 5191 1946 5218 ,

376 5229 460 5301 ὅτι
529 5245 624 5298 καὶ
664 5243 726 5296 τὸ
770 5242 967 5313 ἄριστα
1000 5240 1108 5293 δεῖν
1158 5240 1412 5313 εἰλῆφθαι
1454 5242 1586 5313 πρὸς
1633 5242 1786 5313 ἱερὰς
1842 5242 1949 5296 λει.

372 5337 633 5410 τουργίας
687 5336 814 5398 τοὺς
866 5332 925 5399 ἐξ
981 5332 1205 5401 αἵματος
1244 5332 1408 5398 Λευῖ,
1450 5334 1545 5388 καὶ
1593 5335 1945 5406 κεκλημένων

376 5431 437 5484 ἐν
490 5429 669 5482 πίστει
733 5426 868 5489 πρὸς
920 5421 1071 5493 ίεράν
1127 5423 1222 5474 καὶ
1268 5423 1565 5494 ἀμώμητον
1619 5426 1786 5495 ζωὴν,
1842 5446 1945 5498 φη-

382 5522 443 5593 μὶ
488 5522 550 5591 δὴ
596 5519 692 5589 τὴν
741 5518 799 5568 ἐν
839 5513 1090 5586 Χριστῷ,
1131 5512 1295 5576 τύπος
1352 5513 1417 5566 ἂν
1475 5514 1561 5585 εἴη
1620 5518 1799 5571 πάλιν.

448 5694 705 5748 “Matth.
763 5707 882 5750 xxv,
939 5691 1026 5743 2i.
1101 5694 1142 5725 ⁸³
1188 5693 1288 5747 lsa.
1333 5706 1517 5752 χχχιιι,
1556 5692 1644 5744 20.
1721 5688 1965 5749 "lCor.
2002 5712 2093 5761 vn,
2124 5697 2211 5749 3i.

382 5780 493 5827 vm,
527 5764 577 5817 9..
656 5764 703 5794 ⁷⁵
734 5761 897 5815 Hebr.
924 5776 1035 5828 xm,
1075 5762 1158 5816 16.
1235 5762 1279 5793 ⁷⁵
1300 5761 1453 5816 Joan.
1485 5776 1559 5827 ιν,
1585 5761 1677 5814 24.

2045 4538 2167 4593 qua:
2197 4522 2307 4576 sint
2334 4519 2601 4591 legalibus
2627 4517 2738 4572 illis
2766 4513 3194 4587 praestantiores,
3217 4528 3319 4568 nos
3346 4528 3627 4570 commen-

2045 4610 2163 4666 dari
2187 4620 2446 4680 oportere
2467 4607 2695 4663 minime
2722 4603 3042 4670 abnuerim;
3084 4602 3185 4658 tibi
3216 4602 3364 4657 enim
3389 4603 3626 4659 libentu-

2045 4701 2335 4757 assentior.
2380 4699 2489 4756 Sed
2529 4708 2712 4754 tamen
2738 4694 2875 4752 illud
2918 4695 3158 4765 explices
3181 4693 3369 4761 velim,
3407 4710 3474 4750 an
3515 4713 3623 4752 non

2048 4794 2104 4848 in
2137 4794 2313 4865 ﬁgura
2358 4791 2621 4849 Ecclesiae
2664 4806 2734 4845 ex
2769 4788 3028 4860 gentibus
3058 4796 3218 4863 vetus
3257 4788 3391 4843 illud
3439 4789 3623 4843 taber-

2049 4884 2305 4940 naculum
2336 4899 2437 4955 per
2478 4896 2729 4939 eremum
2762 4880 2837 4935 sit
2869 4878 3059 4944 ﬁxum,
3083 4878 3230 4948 quod
3258 4879 3408 4933 illius
3440 4880 3622 4934 verio-

2050 4976 2129 5031 ris
2168 4976 2542 5031 obscuriorem
2575 4970 2980 5045 quodammodo
3020 4970 3202 5026 adhuc
3234 4971 3470 5040 speciem
3512 4988 3624 5040 pne

2048 5081 2109 5121 se
2142 5065 2345 5121 ferret?

2119 5155 2276 5212 ΟΥΕ.
2301 5156 2529 5212 Maxime
2556 5170 2689 5211 vero
2720 5171 2734 5208 :
2763 5152 2877 5209 dixi
2909 5151 3077 5206 etiam
3110 5148 3271 5218 paulo
3299 5154 3446 5209 ante,
3477 5143 3530 5199 in
3557 5162 3622 5200 eo

2050 5249 2198 5320 quod
2236 5249 2304 5304 ad
2355 5264 2510 5304 sacra
2556 5248 2817 5318 obsequia
2867 5245 2907 5299 ii
2952 5244 3057 5298 rite
3089 5237 3404 5295 assumendi
3440 5247 3619 5301 erant,

2051 5342 2147 5412 qui
2179 5341 2248 5396 de
2276 5356 2475 5411 genere
2505 5340 2637 5395 Levi
2677 5339 2784 5394 orti
2823 5343 3029 5398 essent,
3062 5345 3257 5386 rursus
3290 5342 3483 5385 eorum
3524 5330 3619 5399 qui

2051 5432 2118 5487 ad
2164 5446 2373 5486 sacram
2432 5430 2948 5497 immaculatamque
2991 5423 3198 5487 vitam,
3251 5421 3515 5476 nimirum
3562 5421 3616 5475 in

2051 5521 2291 5587 Christo,
2321 5521 2497 5577 vocati
2559 5527 2763 5582 essent,
2821 5517 2988 5588 289
3049 5515 3277 5587 ﬁguram
3329 5511 3619 5567 contineri.

2292 5696 2331 5726 ⁷⁸
2362 5696 2405 5748 ll
2430 5696 2543 5748 Pet.
2584 5710 2661 5749 ιιι.
2711 5694 2792 5748 ll.
2880 5695 2965 5747 "l
3004 5695 3117 5748 Pet.
3154 5708 3208 5755 ιι,
3241 5691 3292 5743 9.
3367 5686 3413 5718 ⁷³
3448 5681 3579 5737 Helt'
