4142 6296
572 368 671 430 591

1597 369 1652 422 S.
1693 365 1970 425 CYRILLI
2009 361 2478 425 ALEXANDRINI
2520 363 2838 420 ARCI‘llEP.

3729 357 3828 414 592

641 488 836 544 PALL.
882 488 1043 542 V'isne
1073 484 1241 557 igitur
1273 484 1523 540 nonnihil
1564 485 1632 540 de
1675 497 1866 540 sancto
1894 486 2151 541 taberna-

2331 483 2538 538 ΠΑΛΛ.
2581 480 2767 534 Βούλει
2817 479 2880 550 δὴ
2929 471 3020 532 οὖν
3066 475 3223 545 ὀλίγα
3270 473 3404 529 ἅττα
3459 474 3584 544 περί
3631 491 3691 526 τε
3731 475 3829 546 τῆς

569 581 715 644 culo,
741 576 892 633 etde
931 578 1088 648 legali
1120 575 1428 633 sacerdotio
1484 577 1752 643 dicamus,
1804 579 1879 632 ita
1922 584 1983 630 ut
2023 593 2153 647 qua:

568 670 908 725 sanctissime
938 677 1067 723 sunt
1096 675 1329 738 utraque
1365 667 1434 724 de
1476 684 1536 724 re
1572 669 1800 735 sancita,
1830 678 2021 723 nostra
2055 684 2150 723 ex-

568 761 754 831 quirat
781 761 995 817 oratio?

634 915 792 972 CYR.
839 917 938 971 Est
966 917 1189 986 quidem
1233 931 1295 972 ea
1349 932 1440 973 res
1487 917 1632 973 haud
1664 917 1841 971 facilis
1877 914 2154 969 :maxima

567 1022 805 1078 namque
832 1007 993 1063 nobis
1025 1024 1193 1078 opera
1217 1016 1274 1064 et
1301 1008 1510 1073 labore,
1535 1007 1763 1072 Palladi,
1786 1006 1852 1062 ad
1886 1007 2004 1062 haec
2037 1015 2154 1060 tum

566 1097 942 1167 intelligenda,
969 1105 1086 1152 tum
1125 1099 1292 1154 etiam
1316 1098 1660 1162 disserenda,
1689 1113 1826 1167 opus
1862 1097 1988 1152 erit.
2022 1095 2152 1160 Sed,

568 1187 617 1241 si
640 1188 717 1243 ita
745 1189 980 1252 videtur,
1013 1190 1111 1245 Dei
1142 1190 1346 1244 auxilio
1395 1190 1541 1252 freti,
1573 1189 1951 1260 aggrediamur
1990 1205 2002 1238 :
2053 1202 2155 1241 au-

571 1279 703 1335 disti
732 1279 882 1336 enim
910 1281 1062 1335 illum
1099 1287 1292 1351 aperte
1322 1280 1597 1336 dicentem
1645 1298 1657 1332 :
1701 1299 1718 1330 ι
1749 1279 1884 1345 Quis
1909 1279 2063 1333 dedit
2094 1294 2157 1333 os

563 1370 782 1429 homini
806 1372 829 1425 ?
852 1380 908 1428 et
935 1373 1059 1442 quis
1089 1372 1222 1428 fecit
1277 1381 1492 1426 mutum
1555 1379 1612 1426 et
1667 1371 1918 1435 surdum,
1954 1369 2153 1424 viden-

571 1470 682 1519 tem
712 1471 768 1518 et
793 1478 996 1520 caecum
1020 1464 1044 1517 Ἰ
1066 1478 1250 1519 nonne
1283 1478 1384 1533 ego
1411 1462 1678 1518 Dominus
1712 1462 1894 1517 Deus?
1918 1462 1986 1516 Et
2009 1477 2156 1516 nunc

570 1555 730 1620 vade,
765 1563 823 1612 et
863 1570 964 1627 ego
987 1554 1231 1626 aperiam
1261 1571 1325 1610 os
1351 1562 1505 1610 tuum
1531 1556 1598 1607 ⁷⁸.
1640 1573 1656 1605 ι

642 1799 838 1856 PALL.
873 1803 1043 1874 Perge
1075 1803 1258 1873 igitur,
1293 1811 1351 1857 et
1394 1802 1548 1857 illum
1602 1801 1884 1871 sapientiae
1932 1800 2157 1870 largito-

575 1907 693 1945 rem
725 1891 792 1946 ad
822 1907 943 1946 eam
974 1907 1091 1947 rem
1124 1891 1433 1962 adjutorem
1472 1891 1692 1945 adhibe.

638 2026 797 2081 CYR.
838 2027 1068 2098 Pergam
1101 2027 1381 2096 equidem,
1423 2035 1586 2097 atque
1620 2028 1733 2097 jam
1766 2026 2050 2096 aggrediar
2090 2027 2157 2080 ad

570 2117 887 2181 dicendum,
923 2132 988 2171 ac
1020 2117 1088 2171 de
1135 2117 1307 2172 sacris
1340 2116 1562 2171 Litteris
1596 2115 1890 2185 diligenter
1915 2115 2161 2169 testimo-

573 2210 663 2262 nia
693 2208 963 2279 colligam.
1000 2207 1296 2263 Descendit
1336 2207 1506 2277 igitur
1537 2205 1678 2276 ignis
1704 2204 1886 2274 specie
1913 2205 1968 2258 in
1999 2220 2157 2259 mon-

575 2311 685 2356 tem
719 2300 849 2355 Sina
871 2300 1018 2356 Deus
1054 2299 1146 2354 ille
1175 2299 1563 2354 universorum
1600 2296 1873 2361 conditor,
1902 2297 2158 2366 legesque

573 2393 697 2447 tulit
749 2392 952 2462 quibus
997 2391 1194 2445 liceret
1249 2390 1496 2461 singulas
1545 2389 1791 2443 actiones
1839 2387 1907 2442 ad
1952 2395 2158 2442 rectam

572 2498 868 2552 veramque
901 2497 1150 2538 normam
1189 2481 1449 2552 dirigere.
1486 2481 1715 2545 Deinde,
1756 2488 1818 2534 ut
1857 2480 1978 2534 illos
2005 2496 2035 2534 a
2069 2495 2160 2534 ve-

572 2577 676 2630 teri
704 2592 895 2632 errore
942 2575 1283 2640 abduceret,
1321 2582 1486 2644 atque
1510 2590 1541 2629 a
1576 2573 1714 2628 falso
1749 2573 1901 2627 cultu
1951 2573 2157 2643 longis-

569 2668 708 2723 sime
752 2676 1080 2733 removeret,
1146 2668 1366 2722 locutus
1414 2674 1500 2722 est
1562 2665 1629 2720 ad
1688 2664 1931 2736 Moysen,
1965 2665 2060 2733 qui
2093 2679 2159 2719 eo

576 2773 819 2828 tempore
893 2758 1167 2813 mediator
1217 2766 1354 2814 erat.
1399 2777 1418 2810 ‹
1464 2758 1591 2813 Haec
1645 2756 1838 2820 dices,
1885 2775 1904 2807 ι
1942 2756 2155 2826 inquit,

579 2866 600 2899 ι
625 2847 816 2902 domui
852 2848 1046 2914 Jacob,
1077 2858 1134 2903 et
1155 2849 1512 2904 annuntiabis
1538 2847 1666 2903 ﬁliis
1700 2849 1864 2903 Israel
1905 2866 1917 2901 :
1947 2849 2057 2904 Vos
2080 2850 2161 2902 vi-

572 2941 734 2997 distis
795 2942 943 3012 quod
969 2957 1000 2995 e
1039 2942 1180 2998 coelo
1221 2942 1441 2997 locutus
1475 2942 1576 2996 sim
1609 2941 1766 2996 vobis
1798 2959 1810 2994 :
1848 2957 1959 2996 non
1987 2940 2156 2996 facie-

577 3036 643 3089 tis
675 3033 832 3088 vobis
851 3033 986 3088 deos
1010 3040 1322 3104 argenteos,
1359 3040 1416 3086 et
1439 3031 1572 3086 deos
1595 3047 1794 3087 aureos
1814 3049 1926 3087 non
1947 3031 2160 3087 facietis

568 3123 726 3177 vobis
765 3123 897 3194 ipsis
922 3125 986 3177 ⁷⁷.
1022 3142 1040 3175 ι
1069 3124 1213 3179 Deos
1237 3123 1384 3178 enim
1409 3122 1547 3179 falso
1584 3124 1807 3179 nomine
1858 3125 2160 3194 appellatos

567 3215 750 3272 colere
780 3231 892 3271 non
923 3215 1313 3286 permittebat;
1355 3214 1451 3269 sed
1477 3214 1528 3268 ei
1550 3214 1652 3268 soli
1684 3215 1952 3270 inhaerere
1977 3216 2155 3285 jubet,

567 3306 663 3376 qui
714 3306 782 3361 de
823 3306 1040 3375 superis
1079 3307 1216 3360 locis
1255 3321 1318 3358 ac
1362 3305 1430 3358 de
1471 3305 1612 3359 coelo
1654 3313 1901 3371 venerat,
1951 3307 2158 3377 quique

567 3412 764 3452 revera
851 3396 1024 3450 rebus
1083 3395 1357 3450 universis
1415 3394 1838 3460 dominabatur,
1893 3398 2156 3468 cujusque

569 3485 831 3556 splendor
855 3501 968 3540 non
1001 3485 1274 3541 materiali
1311 3487 1493 3557 specie
1541 3495 1705 3557 atque
1755 3488 1940 3544 colore
1978 3490 2155 3544 conti-

570 3575 846 3643 nebatur;
884 3575 981 3631 sed
1016 3575 1073 3630 in
1106 3591 1173 3631 eo
1210 3576 1356 3647 quod
1391 3592 1550 3631 suum
1583 3593 1704 3634 esse
1745 3580 1944 3634 ccelum
1968 3588 2157 3636 osten-

571 3665 756 3722 debat.
802 3668 936 3723 Erat
979 3673 1162 3722 autem
1201 3667 1608 3738 quodammodo
1651 3672 2044 3739 necessarium,
2073 3681 2154 3738 ut,

569 3761 772 3833 quibus
794 3762 1010 3833 jussum
1047 3768 1186 3826 erat,
1237 3777 1268 3815 a
1297 3763 1474 3817 veteri
1515 3763 1797 3833 impietate
1833 3766 2155 3837 nefarioque

571 3852 722 3907 cultu
759 3851 1048 3916 recedere,
1103 3851 1141 3904 ii
1195 3852 1264 3906 ad
1313 3854 1770 3910 consuetudinem
1799 3857 1963 3911 aliam
2006 3858 2155 3913 illico

569 3943 892 4010 transirent,
933 3959 995 3998 ac
1048 3945 1144 3999 Dei
1187 3945 1333 3999 illius
1393 3946 1487 4014 qui
1549 3949 1852 4004 secundum
1899 3959 2153 4006 naturam

572 4041 717 4094 Deus
739 4047 844 4103 est,
883 4039 1114 4102 cultum,
1161 4046 1421 4108 tanquam
1455 4041 1645 4112 jugum
1687 4042 1985 4112 quoddam,
2024 4045 2154 4099 sub-

569 4132 716 4184 irent
748 4147 759 4182 :
789 4129 1006 4184 animus
1036 4129 1236 4200 quippe
1263 4130 1406 4186 liber
1438 4149 1502 4188 ac
1528 4133 1742 4189 solutus
1767 4135 2012 4189 cohiberi
2038 4153 2150 4192 non

569 4230 772 4292 potest,
819 4221 1185 4293 facillimeque
1235 4223 1303 4278 ad
1333 4223 1726 4281 absurdissima
1753 4243 1982 4297 quaeque
2007 4244 2149 4298 pra:-

569 4328 699 4383 ceps
727 4313 903 4368 fertur
932 4333 943 4368 :
978 4315 1143 4380 idem,
1194 4316 1239 4370 si
1279 4325 1460 4371 metus
1489 4325 1654 4387 atque
1700 4319 2015 4375 sollicitudo
2043 4320 2150 4374 im-

569 4404 794 4470 mineat,
837 4404 989 4459 nullo
1021 4405 1241 4476 negotio
1271 4406 1338 4460 ad
1365 4414 1576 4461 rectum
1620 4408 1725 4461 iter
1769 4409 2048 4475 accurrit,
2095 4419 2152 4464 et

2263 574 2423 644 ἁγίας
2459 573 2698 643 σκηνῆς,
2727 572 2939 641 καὶτῆς
2969 569 3112 623 κατὰ
3141 569 3304 639 νόμον
3343 565 3646 637 ἱερωσύνης
3668 563 3832 633 λέγω·

2265 684 2398 738 μεν,
2439 665 2819 738 βασανίζοντος
2866 664 2999 734 ἡμῖν
3040 663 3134 716 τοῦ
3183 661 3343 729 λόγου
3385 659 3454 712 τὰ
3505 657 3590 710 ἐπ’
3632 658 3833 729 ἀμφοῖν

2260 759 2422 824 ὁσίως
2451 755 2852 832 τεθεσπισμένα
2877 771 2892 821 ;

2333 912 2499 967 ΚΥΡ.
2547 910 2660 966 Οὐκ
2703 911 2912 984 ἄτραχυ
2946 909 3044 980 μὲν
3073 906 3133 961 et
3164 907 3372 979 χρῆμαο
3411 905 3575 960 πόνου
3601 905 3734 978 γὰρ,
3760 903 3836 960 οῖ-

2265 1021 2386 1075 μαι,
2416 1003 2598 1075 δεήσει
2636 999 2872 1074 μακροῦ,
2912 1000 3007 1053 καὶ
3035 999 3256 1071 ἱδρῶτος
3283 999 3436 1069 ήμῖν,
3466 991 3512 1051 ὦ
3548 997 3834 1063 Παλλάδιε,

2263 1094 2398 1166 πρός
2438 1111 2499 1146 τε
2536 1094 2596 1146 τὸ
2642 1091 2900 1146 δύνασθαι
2945 1090 3184 1144 συνιέναι
3223 1089 3414 1153 ταυτὶ,
3464 1088 3561 1142 καὶ
3600 1089 3707 1161 μὴν
3747 1089 3838 1142 καὶ

2263 1186 2488 1254 φράσαι.
2537 1183 2724 1253 Ἀτὰρ,
2757 1183 2891 1236 εῐτοι
2926 1183 3094 1245 δοκεῖ,
3123 1181 3243 1251 Θεῷ
3281 1181 3496 1236 πίσυνοι
3525 1181 3840 1252 διαστείχω-

2267 1293 2388 1348 μεν·
2423 1275 2678 1329 διεπύθου
2714 1273 2823 1344 γὰρ
2879 1273 3132 1342 λέγοντος
3174 1271 3453 1342 ἐναργῶς,
3490 1289 3508 1322 ι
3551 1271 3647 1335 Τίς
3675 1271 3840 1325 ἔδωκε

2265 1368 2439 1439 στόμα
2492 1365 2796 1437 ἀνθρώπως
2849 1364 2942 1419 καὶ
2994 1363 3075 1426 τίς
3133 1363 3358 1435 ἐποίησε
3414 1363 3700 1432 δύσκωφον
3750 1363 3845 1416 καὶ

2263 1459 2476 1528 κωφὸν,
2527 1458 2791 1528 βλέποντα
2839 1457 2935 1510 καὶ
2979 1455 3211 1524 τυφλόν;
3257 1456 3358 1509 οὐκ
3405 1455 3518 1524 ἐγὼ
3563 1441 3770 1526 Κύριος
3819 1459 3845 1508 ὁ

2263 1551 2423 1616 Θεός;
2481 1550 2576 1604 καὶ
2615 1549 2710 1606 νῦν
2757 1548 2989 1620 πορεύου
3043 1548 3136 1601 καὶ
3181 1546 3291 1616 ἐγὼ
3331 1547 3530 1613 ἀνοίξω
3570 1547 3632 1600 τὸ
3665 1547 3844 1617 στόμα

2265 1657 2378 1694 σου.
2422 1659 2442 1694 ι

2337 1795 2544 1847 ΠΑΛΛ.
2586 1794 2688 1846 Ἴθι
2720 1792 2784 1864 δὴ
2808 1791 2922 1856 οὖν,
2950 1792 3293 1863 συλλήπτορα
3324 1792 3416 1846 καὶ
3441 1791 3577 1862 πρός
3601 1807 3664 1859 γε
3693 1789 3847 1844 τουτὶ

2261 1883 2353 1936 τὸν
2375 1885 2473 1955 τῆς
2502 1883 2697 1952 σοφίας
2738 1883 3060 1954 ποιούμενος
3091 1883 3346 1954 χορηγόν.

2332 2019 2498 2072 ΚΥΡ.
2531 2017 2739 2071 Οὐκοῦν
2789 2013 2905 2088 εἶμί
2947 2034 3061 2080 τοι,
3101 2017 3196 2070 καὶ
3247 2017 3310 2087 δὴ
3359 2017 3454 2069 καὶ
3503 2016 3634 2087 ἐρῶ,
3672 2015 3741 2069 τὰ
3793 2017 3850 2082 ἐξ

2264 2110 2423 2182 ἱερῶν
2476 2110 2823 2182 Γραμμάτων
2868 2105 2927 2164 εὗ
2977 2109 3123 2180 μάλα
3165 2109 3521 2178 συνενεγκών.
3567 2108 3850 2180 Κατέθορε

2265 2204 2363 2274 μὲν
2407 2203 2517 2273 γὰρ
2564 2205 2620 2256 ἐν
2668 2202 2797 2255 εἴδει
2847 2202 3019 2273 πυρὸς
3058 2202 3151 2254 ὲπὶ
3192 2200 3316 2271 ὄρος
3368 2200 3430 2254 τὸ
3475 2201 3606 2254 ma
3641 2200 3784 2264 Θεὸς
3823 2202 3852 2254 ό

2264 2297 2480 2350 πάντων
2507 2295 2862 2366 δημιουργὸς,
2898 2294 2993 2346 καὶ
3043 2293 3240 2364 νόμους
3279 2292 3470 2355 ἐτίθει,
3503 2291 3626 2345 καθ’
3654 2290 3752 2355 οὓς
3783 2285 3852 2363 ἦν

2261 2389 2468 2442 ἕκαστα
2508 2386 2617 2440 τῶν
2660 2385 2949 2455 πρακτέων
2998 2384 3369 2456 ἀποφέρεσθαι
3415 2383 3548 2454 πρὸς
3603 2383 3664 2436 τὸ
3711 2383 3848 2438 εὐθὺ

2261 2481 2354 2534 καὶ
2402 2479 2704 2550 ἀκιϐδήλως
2736 2477 2877 2548 ἕχον.
2927 2473 3059 2530 Εἶτα
3093 2478 3189 2547 τῆς,
3243 2477 3612 2549 ἀρχαιοτέρας
3644 2476 3852 2539 αὐτοὺς

2261 2570 2611 2641 ἀποκομίζων
2645 2569 2875 2641 πλάνης,
2913 2571 3008 2625 καὶ
3052 2571 3150 2641 τῆς
3189 2569 3247 2622 ἐν
3280 2569 3542 2640 Αἰγύπτῳ
3575 2568 3851 2638 ψευδολα-

2259 2663 2445 2734 τρείας
2492 2662 2567 2726 ὡς
2617 2661 2892 2716 ἀπωτάτω
2931 2663 3135 2728 τιθεὶς,
3169 2661 3497 2732 προσελάλει
3546 2663 3720 2732 Μωσῇ
3775 2661 3854 2733 τῷ

2259 2754 2514 2824 τηνικάδε
2539 2753 2898 2825 μεσιτεύοντι.
2937 2773 2956 2806 ‹
2981 2754 3118 2808 Τάδε
3151 2755 3354 2826 ὲρεῖς,ι
3388 2754 3548 2824 φησὶ,
3574 2753 3681 2824 «τῷ
3711 2756 3854 2823 οἴκῳ

2274 2846 2492 2913 Ἰακὼϐ,
2537 2848 2632 2900 καὶ
2674 2846 2994 2915 ἀναγγελεῖς
3037 2849 3151 2910 τοῖς
3194 2849 3328 2909 υἱοῖς
3373 2845 3608 2918 Ἰσραήλ·
3656 2845 3853 2916 Ὑμεῖς

2259 2940 2564 3011 ἑωράκατε,
2599 2939 2680 2993 ὅτι
2713 2941 2777 2992 ὲκ
2812 2939 2906 2992 τοῦ
2936 2939 3166 3009 ούρανοῦ
3200 2937 3474 3008 λελάληκα
3501 2938 3637 3008 πρὸς
3675 2938 3850 3008 ὑμᾶς,

2262 3031 2324 3084 ού
2355 3032 2612 3103 ποιήσετε
2642 3033 2858 3095 ἑαυτοῖς
2891 3031 3047 3094 θεοὺς
3079 3029 3376 3103 ἀργυροῦς,
3412 3030 3508 3084 καὶ
3534 3029 3690 3093 θεοὺς
3717 3049 3855 3102 χρυ·
3965 3077 3973 3087 .

2263 3122 2389 3187 σοῦς
2431 3124 2490 3176 οὐ
2535 3126 2792 3195 ποιήσετε
2842 3124 2970 3194 ὑμῖν
3025 3124 3260 3186 ἑαυτοῖς.
3317 3141 3336 3175 ι
3377 3123 3530 3187 Θεοῖς
3581 3123 3679 3194 μὲν
3731 3124 3850 3194 γὰρ

2260 3218 2360 3270 οὐκ
2393 3218 2544 3287 ἠφίει
2583 3220 2698 3281 τοῖς
2725 3216 3098 3288 ψευδωνύμοις
3131 3207 3436 3288 λατρεύειν.
3481 3217 3855 3288 Προσκεῖσθαι

2259 3308 2314 3362 δὲ
2343 3308 2454 3362 δεῖν
2495 3308 2776 3362 ἐπιτάττει
2809 3308 2955 3380 μόνῳ
2977 3308 3055 3379 τῷ
3080 3307 3288 3362 ἀνωθεν
3317 3309 3505 3380 ἥκοντι
3537 3309 3630 3362 καὶ
3664 3308 3722 3375 ἐξ
3752 3311 3856 3362 ού-

2261 3395 2450 3466 ρανοῦ,
2496 3397 2593 3450 καὶ
2641 3397 2719 3468 τῷ
2768 3398 2910 3452 κατὰ
2958 3398 3176 3452 πάντων
3219 3396 3496 3462 οὐσιωδῶς
3542 3399 3854 3470 ἀνημμένῳ

2257 3486 2319 3539 τὸ
2367 3488 2604 3559 κράτος,
2635 3489 2736 3540 οὐκ
2783 3489 2840 3540 ἐν
2891 3488 3168 3558 εύχροίαις
3215 3488 3356 3541 ὑλῶν
3390 3489 3566 3559 ἔχοντι
3597 3487 3659 3542 τὸ
3688 3507 3856 3562 περι-

2258 3578 2447 3647 φανὲς,
2482 3578 2595 3632 ἀλλ’
2625 3581 2683 3632 ἐν
2719 3579 2798 3650 τῷ
2830 3580 3096 3634 δεικνύειν
3143 3579 3272 3634 ίδιον
3315 3581 3443 3634 ὄντα
3475 3581 3563 3635 τὸν
3590 3583 3850 3654 οὐρανόν.

2256 3667 2365 3724 Ἦν
2395 3671 2454 3725 δέ
2486 3691 2600 3736 πως
2646 3673 2892 3744 ἀνάγκη,
2923 3674 3050 3737 τοὺς
3091 3675 3189 3746 τῆς
3225 3675 3458 3745 ἀρχαίας
3495 3677 3856 3748 ἀνοσιότητος

2257 3763 2352 3815 καὶ
2400 3763 2628 3836 βεϐήλου
2678 3764 2934 3836 λατρείας
2987 3767 3292 3836 ἁποφοιτᾷν
3352 3767 3848 3838 ἐπιτεταγμένους,

2257 3858 2342 3925 ἐφ’
2371 3858 2565 3929 ἑτέραν
2597 3859 2760 3922 εὐθὺς
2807 3859 3198 3931 μεταχωρῆσαι
3246 3859 3557 3929 συνήθειαν,
3595 3861 3689 3914 καὶ
3729 3861 3852 3917 ὦσ-

2255 3966 2362 4020 περ
2395 3949 2520 4002 τινὰ
2563 3950 2730 4018 ζυγὸν
2760 3951 3010 4004 ὑπελθεῖν
3039 3951 3138 4022 τὴν
3183 3951 3289 4004 ὑπὸ
3316 3951 3436 4023 Θεῷ
3465 3952 3542 4022 τῷ
3569 3953 3710 4008 κατὰ
3742 3956 3855 4024 φύ-

2257 4059 2362 4105 σιν,
2394 4042 2674 4115 λατρείαν.
2712 4043 3019 4114 Ἀνειμένος
3047 4044 3154 4114 γὰρ
3197 4043 3344 4111 νοῦς,
3387 4045 3715 4110 ἀκάθεκτος,
3749 4049 3854 4101 καὶ

2253 4132 2389 4186 πολὺ
2420 4133 2541 4186 λίαν
2574 4133 2792 4204 ἕτοιμος
2821 4135 2901 4198 είς
2936 4134 3242 4207 ἀποφορὰν,
3271 4137 3372 4206 τὴν
3411 4137 3490 4200 εἰς
3519 4140 3628 4192 πᾶν
3657 4140 3852 4194 ὁτιοῦν

2254 4226 2362 4280 τῶν
2390 4226 2786 4280 ὲκτοπωτάτων
2815 4226 3085 4298 δειμάτων
3125 4244 3185 4281 τε
3227 4229 3322 4282 καὶ
3354 4230 3630 4300 φροντίδος
3663 4232 3852 4303 ἐπηρ-

2250 4335 2316 4391 τη
2327 4320 2522 4389 μένων,
2553 4319 2955 4392 ἀταλαιπώρως
2979 4321 3178 4392 κομιδῆ
3203 4323 3407 4376 διάττει
3433 4323 3568 4394 πρὸς
3594 4323 3656 4376 τὸ
3678 4326 3848 4388 εὐθὺ,

2251 4411 2346 4464 καὶ
2377 4411 2632 4466 ἀπονεύει
2675 4411 2809 4483 πρὸς
2838 4411 2899 4464 τὸ
2926 4414 3224 4486 συμφέρον.
3272 4414 3489 4486 Ἐπειδὴ
3517 4415 3573 4468 δὲ
3610 4415 3675 4469 δι’
3703 4416 3852 4470 Υίοῦ

562 4495 632 4548 ad
692 4495 743 4549 id
783 4495 929 4564 quod
978 4496 1112 4551 utile
1152 4507 1239 4552 est
1281 4500 1639 4555 convertitur.
1692 4499 1961 4566 Quoniam
2018 4518 2148 4557 vero

2257 4504 2522 4573 πρόσιμεν
2551 4503 2628 4574 τῷ
2661 4504 2853 4576 Πατρίο
2899 4524 2918 4557 ι
2953 4505 3142 4569 Οὐδεὶς
3175 4506 3284 4576 γὰρ
3329 4507 3548 4577 ἔρχεται
3577 4507 3715 4574 πρὸς
3745 4509 3852 4560 τὸν

563 4598 663 4651 per
710 4582 906 4638 Filium
941 4584 1253 4640 recedimus
1292 4587 1361 4641 ad
1398 4588 1617 4643 Patrem
1660 4606 1672 4640 :
1721 4608 1738 4640 ‹
1787 4589 1960 4645 Nemo
1998 4590 2146 4644 enim

561 4674 715 4727 venit
738 4673 804 4726 ad
833 4674 1050 4727 Patrem
1073 4715 1087 4738 ,
1120 4694 1137 4725 I
1179 4675 1386 4744 inquit,
1419 4696 1434 4726 ι
1461 4677 1568 4732 nisi
1592 4693 1690 4746 per
1731 4694 1817 4732 me
1859 4681 1938 4745 ⁷⁸;
1967 4699 1983 4730 ›
2023 4681 2146 4735 ideo

562 4775 788 4815 necesse
818 4760 921 4813 fuit
947 4771 1008 4814 ut
1029 4763 1207 4830 ipsum
1232 4778 1330 4831 per
1353 4763 1549 4818 Filium
1587 4781 1888 4832 accessum,
1908 4777 1963 4821 et
1988 4769 2141 4824 obla-

560 4849 796 4911 tionum,
847 4863 968 4916 quae
1013 4866 1110 4918 per
1141 4851 1323 4920 ipsum
1368 4853 1664 4910 oﬂ‘erenda:
1712 4867 1898 4920 erant,
1943 4859 2144 4929 ﬁguras

557 4939 678 5010 lege
705 4939 966 5004 sanciret,
992 4939 1182 4995 dicens
1208 4958 1222 4994 :
1262 4961 1280 4992 ι
1305 4943 1492 4999 Altare
1515 4962 1583 5000 ex
1607 4957 1753 5000 terra
1784 4947 1951 5004 facies
1976 4951 2135 5015 mihi,

558 5029 723 5101 200
739 5038 795 5085 et
818 5029 1175 5084 immolabitis
1194 5046 1359 5100 super
1384 5031 1502 5101 ipso
1529 5033 1845 5089 holocausta
1861 5044 1916 5090 et
1932 5037 2138 5093 hostias

559 5134 787 5188 vestras,
821 5139 953 5178 oves
979 5132 1036 5178 et
1073 5123 1242 5178 boves
1273 5131 1485 5177 vestros
1506 5124 1562 5178 in
1592 5127 1739 5180 omni
1775 5128 1895 5183 loco
1946 5130 2000 5183 in
2027 5147 2138 5200 quo

555 5229 827 5271 vocavcro
863 5230 1066 5270 nomen
1120 5229 1305 5269 meum
1358 5213 1433 5268 ibi
1467 5231 1477 5265 :
1508 5224 1564 5269 et
1610 5217 1826 5272 veniam
1869 5220 1936 5274 ad
1979 5230 2052 5285 te,
2086 5230 2142 5275 et

555 5307 882 5362 bcnedicam
929 5307 1051 5362 tibi.
1091 5306 1148 5362 Si
1179 5315 1365 5362 autem
1397 5308 1466 5364 de
1494 5309 1769 5379 lapidibus
1794 5312 1965 5368 altare
1988 5313 2138 5369 fece-

555 5398 633 5451 ris
664 5399 821 5461 mihi,
862 5416 973 5454 non
1005 5399 1305 5456 aadiﬁcabis
1338 5416 1434 5457 eos
1479 5411 1690 5468 sectos;
1729 5405 1940 5457 cultum
1989 5405 2136 5459 enim

551 5495 711 5542 alnum
745 5491 981 5559 iniecisti
1032 5507 1198 5562 super
1251 5493 1434 5564 ipsos,
1477 5503 1533 5548 et
1574 5494 1848 5563 inquinati
1877 5498 2128 5550 sunt'h

556 5580 860 5635 Terrenum
888 5583 1034 5636 enim
1067 5583 1260 5649 altare,
1293 5586 1473 5656 ipsum
1502 5587 1824 5641 Emmanuel
1854 5587 2093 5657 appellat
2119 5607 2131 5640 :

628 5754 671 5783 ""
696 5761 867 5817 Exod.
906 5779 973 5828 ιγ,
1015 5765 1098 5829 ll,
1131 5765 1213 5819 ιε.
1294 5768 1337 5798 ⁷⁷
1364 5765 1533 5823 Exod.
1569 5783 1656 5831 xx,
1693 5765 1780 5832 2-2,
1804 5767 1892 5822 25.

1940 5770 2016 5844 ,⁷⁸
2036 5770 2194 5826 Joan.
2221 5787 2326 5838 xiv,
2363 5774 2412 5828 6.

2255 4594 2530 4665 Πατέρα,›
2567 4597 2784 4665 φησὶν,‹
2812 4597 2860 4648 εἰ
2895 4596 2970 4667 μὴ
2989 4595 3054 4650 δι’
3076 4595 3265 4666 ἐμοῦ.)
3296 4597 3498 4650 Λοιπὸν
3517 4599 3851 4667 ἀναγκαίως

2250 4686 2346 4756 τὴν
2383 4687 2450 4739 δι’
2483 4686 2614 4738 Υἱοῦ
2650 4687 2909 4758 πρόσοδον
2930 4688 3023 4742 καὶ
3064 4689 3165 4758 τῆς
3187 4689 3243 4740 ἐν
3274 4688 3423 4759 αὐτῷ
3452 4691 3850 4762 καρποφορῖας

2248 4777 2377 4840 τοὺς
2410 4777 2637 4843 τύπους,
2670 4777 3018 4848 ἐθεσμοθέτει
3049 4776 3244 4844 λέγων·
3289 4798 3306 4829 ι
3340 4778 3735 4851 Θυσιαστήριον
3770 4781 3850 4836 ἐκ

2248 4868 2350 4938 γῆς
2399 4871 2646 4938 ποιήσεις
2679 4887 2800 4939 μοι,
2839 4871 2932 4923 καὶ
2961 4869 3154 4923 θύσετε
3189 4869 3276 4922 ἐπ’
3321 4870 3470 4940 αύτῷ
3499 4870 3570 4923 τὰ
3605 4871 3848 4924 ὁλοκαυ-

2247 4959 2498 5030 τώματα,
2534 4961 2628 5014 καὶ
2661 4963 2759 5024 τὰς
2791 4961 2982 5024 Θυσίας
3007 4960 3184 5030 ὑμῶν,
3211 4961 3279 5014 τὰ
3305 4963 3553 5033 πρόϐατα
3583 4963 3678 5016 καὶ
3704 4964 3849 5027 τοὺς

2249 5049 2376 5119 βόας
2427 5051 2600 5120 ὑμῶν,
2651 5052 2707 5103 ὲν
2761 5054 2924 5105 παντὶ
2987 5053 3138 5122 τόπῳ
3188 5046 3232 5120 ᾧ
3281 5052 3345 5107 ἂν
3397 5055 3723 5124 ὲπονομάσω
3777 5055 3850 5107 τὸ

2247 5141 2418 5210 ὄνομά
2443 5159 2542 5210 μου
2577 5142 2711 5194 ἐκεῖ⁸
2748 5144 2840 5196 καὶ
2886 5142 3001 5213 ἥξω
3035 5145 3171 5214 πρὸς
3203 5145 3281 5206 σὲ,
3312 5146 3403 5197 καὶ
3432 5145 3714 5215 εὐλογήσω
3748 5164 3842 5200 σε.

2259 5231 2382 5283 Ἐὰν
2413 5230 2469 5283 δὲ
2498 5231 2564 5284 ἐκ
2596 5231 2760 5285 λίθων
2799 5231 3188 5305 θυσιαστήριον
3214 5237 3375 5305 ποιῇς
3411 5252 3520 5304 μοι,
3547 5237 3646 5288 οὐκ
3679 5236 3844 5287 οἰκο-

2243 5320 2504 5391 δομήσεις
2549 5322 2751 5386 αὐτοὺς
2802 5323 3064 5394 τμητούς⁸
3106 5324 3166 5377 τὸ
3203 5324 3310 5397 γὰρ
3358 5324 3682 5397 ἐγχειρίδιόν
3729 5339 3845 5376 σου

2245 5407 2613 5477 ὲπιὸέϐληκας
2639 5411 2725 5462 ἐπ’
2756 5410 2909 5475 αὐτὸ,
2955 5413 3047 5464 καὶ
3080 5412 3402 5484 μεμίανται.
3444 5430 3462 5463 ι
3503 5413 3693 5483 Γήῖνον
3722 5410 3848 5480 μὲν

2242 5497 2349 5569 γὰρ
2383 5499 2640 5569 ὀνομάζει
2685 5501 3070 5574 θυσιαστήριον
3118 5504 3212 5556 τὸν
3266 5503 3634 5575 Ἐμμανουήλ·
3672 5521 3688 5552 ι
3727 5501 3842 5554 Γέ-

2242 5607 2363 5656 γονε
2391 5592 2500 5662 γὰρ
2529 5593 2665 5663 σὰρξ
2701 5596 2728 5645 ὁ
2758 5594 2949 5664 Λόγος.
2975 5614 2992 5646 ι
3032 5595 3107 5665 Γῆ
3132 5593 3189 5646 δὲ
3213 5595 3275 5647 ὲκ
3302 5595 3405 5664 γῆς
3433 5597 3465 5666 ή
3490 5595 3688 5665 σαρκός
3705 5595 3848 5646 ἐστι

2492 5775 2536 5806 ’⁸
2601 5773 2771 5829 Exod.
2833 5789 2925 5841 xx,
2976 5774 3068 5844 24,
3103 5774 3194 5828 ‘25.
