4142 6296
373 347 482 405 593

1125 348 1210 402 DE
1246 347 1688 403 ADORATIONE
1727 349 1795 404 IN
1837 348 2109 405 SPIRITU
2150 350 2236 404 ET
2278 351 2642 406 VERITATE.
2685 352 2811 408 LIB.
2855 353 2944 408 IX.

3518 352 3628 413 ΞΜ

293 490 316 509 .
379 461 566 529 φύσις.
622 460 709 512 Ἐν
738 457 956 531 Χριστῷ
983 460 1046 532 δή
1077 458 1170 514 οὖν
1199 465 1232 533 ή
1273 465 1424 518 πᾶσα
1470 466 1818 538 καρποφορία
1855 467 1949 520 καί⁹

2057 485 2074 516 ‹
2127 465 2364 520 Verbum
2412 469 2558 522 enim
2609 484 2738 524 caro
2786 469 2990 525 factum
3028 479 3113 526 est
3135 470 3210 530 '°..
3247 489 3264 521 ι
3313 469 3479 526 Terra
3525 486 3626 526 au-

381 553 532 604 πᾶσα
564 553 898 622 προσαγωγή
928 568 941 581 °
995 554 1127 622 φησὶ
1159 554 1268 626 γὰρ
1308 556 1493 622 αὐτὸς,
1526 575 1546 609 ι
1583 558 1766 629 Χωρὶς
1791 558 1950 630 ἐμοῦ,

380 642 440 694 οὐ
475 639 704 693 δύνασθε
759 645 936 694 ποιεῖν
981 643 1154 696 οὐδέν.
1209 663 1229 695 ι
1271 646 1482 718 Ὠσπερ
1527 647 1636 718 γὰρ
1684 649 1752 701 δι’
1786 648 1951 703 αὐτοῦ

376 733 475 802 τὴν
517 730 884 801 προσαγωγὴν
914 734 1244 804 ἐσχήκαμεν,
1279 734 1423 790 οὕτω
1461 736 1554 790 καὶ
1601 739 1752 792 πᾶσα
1790 737 1953 792 θυσία

376 823 539 892 δεκτὴ
586 821 654 874 δι’
709 823 909 886 αὐτοῦ,
963 823 1070 876 τῶν
1116 825 1213 896 τήν
1261 828 1446 880 πίστιν
1506 829 1947 900 εἱσδεδεγμένων.

394 914 824 981 Ἐπαγγέλλεται
855 914 912 966 δὲ
955 918 1066 978 τοῖς
1094 917 1155 968 τὸ
1198 919 1263 971 ἐκ
1294 918 1396 988 γῆς
1448 920 1624 973 ἱστᾶσι
1656 920 1950 994 θυσιαστή-

385 1021 530 1074 ριον,
578 1005 757 1074 ἄφιξίν
799 1022 857 1056 τε
891 1007 984 1057 καὶ
1006 1007 1275 1074 εὐλογίαν.
1311 1029 1330 1061 ι
1368 1010 1518 1074 Ἥξω
1554 1013 1662 1084 γὰρ
1686 1052 1700 1074 ,
1744 1031 1762 1064 ι
1792 1015 1947 1082 φησὶ,

390 1113 408 1143 ι
449 1095 584 1166 πρὸς
627 1096 704 1158 σὲ,
731 1096 824 1148 καὶ
855 1097 1133 1167 εὐλογήσω
1165 1117 1244 1153 σε.
1290 1120 1308 1151 ι
1332 1102 1804 1174 Παραδεξαμένοις
1841 1104 1950 1178 γὰρ

385 1186 516 1252 ἡμῖν
536 1185 621 1236 διὰ
659 1184 754 1237 τοῦ
797 1187 1074 1254 πανσόφου
1116 1190 1358 1252 Μωσέως
1390 1195 1488 1262 τῆς
1525 1194 1785 1263 ἀληθείας
1823 1197 1951 1259 τοὺς

382 1273 606 1336 τύπους,
622 1275 716 1326 καὶ
734 1274 872 1347 αὕτη
901 1277 1042 1330 κατὰ
1062 1281 1286 1349 καιροὺς
1307 1282 1619 1351 ἐπέλαμψεν
1647 1288 1678 1354 ἡ
1702 1285 1946 1356 ἀλήθεια,

381 1364 527 1417 τοῦτ’
561 1364 678 1417 ἐστι
723 1367 958 1437 Χριστὸς
979 1408 993 1430 ,
1025 1369 1093 1422 δι’
1121 1363 1183 1422 οῦ
1216 1373 1309 1424 καὶ
1349 1373 1408 1425 ἐν
1432 1366 1477 1440 ᾧ
1506 1374 1602 1445 τὴν
1628 1374 1831 1429 ἄνωθεν
1860 1379 1951 1430 εὐ-

385 1455 571 1524 λογίαν
599 1457 691 1509 καλ⁵
718 1459 872 1527 παρὰ
899 1461 1112 1530 Πατρὸς
1134 1464 1946 1539 πεπλουτήκαμεν,κατεσφραο

387 1549 634 1619 γισμένοι
686 1550 822 1620 πρὸς
892 1553 1164 1606 υἱοθεσίαν
1220 1557 1278 1608 ἐν
1333 1555 1473 1626 ἁγίῳ
1532 1558 1841 1627 Πνεύματι,
1891 1562 1950 1614 ἐν

388 1639 606 1709 Χριστῷ
630 1639 686 1692 δὲ
710 1640 773 1710 δή
801 1641 961 1694 πάλιν
1003 1643 1098 1695 καὶ
1125 1643 1281 1696 τοῦτο
1306 1643 1734 1719 διαπεραίνεται.
1770 1667 1790 1700 ι
1827 1650 1950 1703 Ἐὰν

385 1727 442 1782 δέ
479 1727 858 1800 θυσιαστήριον
889 1732 951 1783 ἐκ
980 1731 1142 1786 λίθων
1175 1737 1333 1804 ποιῇς
1361 1753 1468 1806 μοι,
1509 1757 1527 1788 ›
1564 1738 1749 1808 φησὶν,
1783 1757 1802 1790 ‹
1840 1720 1949 1792 ὀὐκ

385 1820 762 1890 οἰκοδομήσεις
816 1823 1012 1885 αὐτοὺς
1063 1802 1321 1894 τμητούς.
1362 1802 1397 1878 -ι
1460 1802 1587 1882 Ούκ-
1623 1802 1688 1901 ἐᾷ
1747 1832 1952 1903 σιδήρῳ
1983 1802 2025 1856 Β

386 1909 918 1978 κατατιτρώσκεσθαι
944 1913 1071 1976 τοὺς
1089 1914 1213 1982 ἄφιε
1223 1917 1496 1985 ρωμένους
1515 1918 1590 1989 τῷ
1609 1918 1728 1990 Θεῷ
1749 1919 1949 1984 λίθους.

387 1996 546 2060 Λίθος
588 1997 702 2070 γὰρ
750 1995 818 2069 ἦν
861 2001 1118 2066 ἐκλεκτὸς
1139 2043 1154 2067 ,
1198 2005 1588 2076 ἀκρογωνιαῖος
1607 2049 1621 2074 ,
1649 2008 1894 2082 ἔντιμος,
1925 2013 1954 2065 6

385 2091 639 2160 Χριστὸς,
673 2092 914 2162 ἄτρωτος
943 2093 1040 2164 μὲν
1063 2096 1376 2167 ἁμαρτίαις,
1405 2099 1506 2163 τὰς
1530 2100 1586 2153 δὲ
1611 2103 1675 2155 ἐκ
1705 2103 1952 2158 διαϐόλου

387 2183 596 2252 πληγὰς
632 2184 826 2238 παθεῖν
869 2187 969 2240 οὐκ
1001 2189 1175 2254 εἰδὼς,
1206 2193 1265 2243 ού
1309 2195 1704 2264 μεμερισμένος
1742 2197 1860 2268 Θεῷ
1893 2215 1953 2250 τε

387 2274 480 2324 καὶ
505 2274 712 2344 κόσμῳ,
747 2277 840 2329 καὶ
870 2279 916 2329 εἱ
957 2279 1146 2346 γέγονε
1171 2281 1326 2352 σὰρξ,
1359 2283 1473 2335 ἀλλ’
1498 2285 1616 2349 ὅλος
1657 2285 1732 2339 ὢν
1775 2289 1953 2378 ᾷγιος,

385 2364 445 2414 ού
493 2363 869 2436 διαιρούμενος
913 2369 992 2430 εἰς
1045 2371 1177 2424 Θεὸν
1236 2374 1374 2444 ίδίᾳ,
1421 2378 1515 2428 καὶ
1549 2379 1629 2439 είς
1670 2363 1954 2450 ἄνθρωπον

391 2454 572 2518 ἱδικῶς
612 2456 749 2526 μετὰ
797 2457 896 2530 τὴν
949 2459 1184 2531 ἄρρητον
1230 2463 1456 2530 ἕνωσιν,
1502 2469 1621 2539 ἦτοι
1671 2469 1768 2540 τὴν
1818 2472 1954 2542 πρὸς

285 2571 296 2588 ι
393 2546 570 2616 σάρκα
619 2547 850 2614 σύνοδον,
880 2550 994 2602 ἀλλ’
1022 2545 1102 2616 εἷς
1139 2553 1398 2625 ὑπάρχων
1421 2557 1574 2622 Θεὸς,
1608 2560 1702 2612 καὶ
1739 2559 1952 2630 avem.

406 2653 505 2698 πος
530 2639 557 2689 6
591 2638 770 2701 αὑτός.
807 2642 1149 2711 Μεμέρισται
1173 2646 1282 2715 γὰρ
1304 2647 1554 2718 οὐδαμῶς
1575 2689 1588 2715 ,
1629 2650 1772 2704 καθὰ
1796 2653 1888 2706 καὶ
1925 2655 1953 2706 6

398 2729 558 2796 σοφὸς
583 2729 781 2801 γράφει
810 2731 1038 2798 Παῦλος.

461 2905 665 2960 ΠΑΛΛ.
701 2909 774 2962 Τὸ
799 2910 861 2963 ἐκ
885 2912 986 2981 γῆς
1016 2907 1109 2965 οὖν
1143 2913 1250 2984 ἄρα
1280 2914 1662 2987 θυσιαστήριον
1681 2960 1695 2984 ,
1727 2922 1821 2974 καὶ
1847 2923 1953 2994 μὴν

390 2997 484 3048 καὶ
519 2999 569 3049 οἱ
619 2999 863 3070 ἀπλῆγες
909 3002 1078 3067 λίθοι,
1136 3006 1459 3075 σημαίνουσι
1512 3011 1776 3080 Χριστὸν,
1814 3016 1953 3069 κατὰ

388 3088 513 3148 τοὺς
540 3089 639 3160 ήδη
672 3094 1103 3163 προειρημένους
1137 3098 1408 3165 τρόπους;

461 3178 622 3236 ΚΥΡ.
655 3180 810 3234 Οὕτω
841 3185 1004 3253 φημί·
1036 3188 1404 3256 πνευματικὸς
1429 3189 1579 3262 γὰρὸ
1606 3192 1790 3262 νόμος,
1809 3197 1950 3250 κατὰ

386 3270 483 3331 τὰς
514 3270 552 3320 Γ
559 3271 753 3340 ραφάς.
807 3273 1022 3344 Ἐπειδὴ
1053 3275 1108 3326 δὲ
1139 3277 1198 3328 τὸ
1237 3279 1473 3349 Χριστοῦ
1504 3285 1822 3354 μυστήριον,
1857 3287 1950 3339 καὶ

386 3360 485 3430 τήν
529 3361 595 3413 δι’
644 3362 809 3416 αὐτοῦ
868 3366 1126 3434 πρόσοδον
1187 3369 1599 3439 αἰνιγματωδῶς
1649 3374 1949 3440 ὑπετύπου,

387 3448 506 3500 τότε
526 3448 609 3520 δὴ,
657 3452 778 3503 τότε
820 3454 915 3505 καὶ
954 3454 1055 3524 τῆς
1096 3457 1423 3527 Ἐκκλησίας
1469 3463 1846 3531 προαναδεῖξαι
1892 3467 1952 3520 τὸ

387 3539 570 3606 σχῆμα
602 3538 732 3602 Θεὸς
779 3544 1090 3597 ἐσκέπτετο.
1135 3548 1338 3602 Μωσέα
1381 3549 1478 3618 μὲν
1515 3548 1605 3606 οῦν
1636 3555 1816 3608 ἐκάλει
1859 3559 1951 3611 καὶ¹

389 3629 484 3680 σὺν
534 3631 682 3700 αὐτῷ
725 3633 818 3686 τὸν
870 3637 1076 3703 Ἰησοῦν
1120 3639 1213 3691 ἐπὶ
1263 3641 1322 3694 τὸ
1373 3642 1498 3712 ὅρος
1537 3646 1596 3698 τὸ
1646 3648 1794 3702 Σινᾶ.
1842 3652 1951 3704 Καὶ

386 3717 544 3780 σύνες
569 3720 840 3788 ἐντεῦθεν,
864 3725 945 3777 ὅτι
980 3727 1074 3779 καὶ
1097 3729 1280 3794 αὐτοῖς
1309 3733 1421 3794 τοῖς
1450 3734 1626 3800 ἁγίοις
1649 3741 1952 3809 προφήταις

382 3808 452 3862 δι’
474 3810 602 3862 Υἱοῦ
630 3815 884 3884 προσιτὸς
912 3818 940 3868 6
971 3817 1180 3889 Πατήρ’
1215 3821 1624 3892 ἀναθρώσκουσι
1655 3827 1760 3898 γὰρ
1785 3808 1950 3901 αλλή-

386 3901 498 3965 λοις
526 3905 732 3977 Μωσῆς
760 3925 820 3960 τε
863 3909 955 3961 καὶ
995 3911 1216 3980 Ἰησοῦς.
1248 3914 1556 3986 Γέγραπται
1607 3920 1746 3990 γὰρ,
1793 3941 1810 3974 ι
1841 3925 1950 3978 Καὶ

384 3992 614 4065 ἐλάλησε
645 3997 846 4068 Κύριος
872 3999 1008 4070 πρὸς
1035 4003 1242 4073 Μωσῆν
1268 4005 1460 4074 λέγων·
1487 4002 1652 4063 Εἶπον
1679 4016 1791 4076 τοῖς
1816 4015 1949 4079 υἱοῖς

396 4084 629 4157 Ἰσραὴλ,
664 4090 759 4141 καὶ
786 4090 979 4144 λάϐετέ
1011 4110 1101 4163 μοι
1133 4096 1386 4168 ἀπαρχὰς
1419 4101 1570 4172 παρὰ
1601 4103 1845 4173 πάντων,
1867 4102 1950 4170 οἷς

383 4179 448 4231 ἂν
477 4179 604 4253 δόξῃ
640 4185 706 4253 τῇ
749 4185 977 4256 καρδία,
1009 4187 1243 4258 λήψεσθε
1273 4193 1370 4256 τὰς
1403 4195 1657 4266 ἀπαρχάς
1695 4216 1813 4268 μου,
1854 4201 1949 4254 καὶ

381 4268 518 4340 αὕτη
575 4274 724 4327 ἐστὶν
765 4276 799 4344 ή
854 4276 1104 4348 ἀπαρχὴ,
1162 4282 1228 4350 ἣν
1276 4283 1507 4354 λήψεσθε
1558 4289 1690 4358 παρ’
1732 4292 1944 4360 αὐτῶν,

380 4365 602 4433 χρυσίον
646 4364 742 4418 καὶ
779 4366 1063 4440 ἀργύριον,
1097 4371 1296 4440 χαλκὸν
1325 4377 1419 4428 καὶ
1454 4377 1779 4445 ὑακίνθινον,
1815 4399 1948 4453 πορ-

2056 565 2164 610 tem
2197 572 2227 610 e
2255 563 2417 622 terra,
2444 559 2559 628 ipsa
2581 562 2771 615 carnis
2798 568 2996 616 natura
3039 569 3142 618 est.
3175 561 3234 620 In
3268 560 3487 624 Christo
3521 563 3627 634 igi-

2054 655 2143 702 tur
2167 650 2346 704 omnis
2373 651 2600 717 oblatio,
2632 662 2688 706 et
2713 654 2892 708 omnis
2916 669 3171 710 accessus
3203 663 3287 710 est
3312 672 3328 721 ;
3367 655 3445 712 ait
3479 656 3626 709 enim

2053 739 2169 807 ipse
2202 756 2214 791 :
2255 759 2272 790 ‹
2316 739 2444 796 Sine
2469 757 2567 798 ‘me
2594 743 2733 798 nihil
2762 745 2993 813 potestis
3014 745 3197 800 facere
3222 747 3287 800 ⁸³.
3323 765 3340 798 ι
3381 746 3458 802 Ut
3478 745 3628 804 enim

2044 845 2151 899 per
2184 830 2368 899 ipsum
2413 848 2694 888 accessum
2728 835 3042 902 habuimus,
3083 837 3162 891 sic
3203 839 3384 894 omnis
3407 853 3628 908 quoque

2051 921 2230 975 hostia
2253 937 2458 977 eorum.
2504 925 2598 994 qui
2645 925 2807 980 ﬁdem
2834 937 3217 1000 perceperunt,
3254 939 3475 999 accepta
3503 945 3627 999 gra-

2045 1011 2213 1086 taque
2261 1033 2360 1087 per-
2409 1016 2587 1086 ipsum
2632 1025 2735 1072 est.
2780 1018 3077 1072 Pollicetur
3113 1029 3296 1077 autem
3348 1022 3417 1081 iis
3473 1022 3627 1091 quie

2051 1119 2198 1165 terra
2231 1109 2402 1164 altare
2433 1110 2853 1176 constituerent,
2881 1127 2939 1166 se
2967 1120 3280 1175 venturum,
3310 1122 3366 1166 et
3393 1113 3499 1166 illis
3529 1113 3627 1166 he-

2050 1199 2430 1255 nedicturum.
2458 1219 2475 1252 (
2508 1201 2735 1256 Veniam
2761 1202 2932 1265 enim,
2959 1221 2976 1252 ι
3012 1202 3212 1271 inquit,
3241 1221 3258 1253 ι
3300 1210 3362 1260 ει,
3395 1202 3626 1257 benedi-

2051 1305 2168 1344 cam
2201 1291 2320 1345 tibi.
2373 1311 2390 1343 ι
2422 1291 2558 1346 Cum
2605 1293 2752 1346 enim
2792 1309 2892 1362 per
2931 1293 3397 1363 sapientissimum
3447 1294 3628 1354 virum

2051 1380 2270 1452 Moysen
2300 1384 2550 1439 veritatis
2573 1383 2776 1454 ﬁguras
2809 1385 3230 1454 accepissemus,
3258 1385 3374 1455 ipsa
3407 1384 3628 1440 tandem

2049 1473 2254 1528 veritas
2285 1474 2524 1540 affulsit,
2582 1475 2636 1529 id
2678 1484 2763 1530 est
2807 1475 3100 1540 Christus,
3136 1492 3235 1546 per
3272 1491 3434 1546 quem
3473 1484 3529 1531 et
3571 1477 3629 1546 in

2051 1577 2159 1631 quo
2183 1578 2420 1633 superna
2455 1565 2550 1619 illa
2584 1565 2967 1622 benedictione
3015 1567 3177 1621 etiam
3219 1583 3248 1621 a
3281 1568 3439 1623 Patre
3470 1567 3625 1622 ditati

2051 1667 2259 1718 sumus,
2291 1656 2565 1726 obsignati
2614 1658 2672 1711 in
2703 1657 2911 1727 Spiritu
2954 1666 3144 1712 sancto
3178 1659 3236 1712 in
3276 1659 3628 1729 adoptionem

2052 1743 2288 1799 ﬁliorum
2318 1746 2363 1777 ⁸³
2399 1765 2411 1799 :
2446 1748 2594 1816 quod
2641 1748 2822 1817 ipsum
2860 1750 3025 1804 etiam
3065 1749 3378 1805 in'Christo
3404 1751 3626 1820 perﬁci-

2052 1844 2163 1890 tur.
2212 1855 2231 1886 ι
2264 1836 2320 1892 Si
2357 1847 2543 1892 autem
2584 1840 2756 1892 altare
2779 1854 2846 1892 ex
2875 1839 3150 1911 lapidibus
3177 1839 3377 1895 feceris
3413 1842 3569 1904 mihi,
3602 1863 3620 1893 ι

2053 1926 2248 1996 inquit,
2284 1947 2301 1978 ι
2324 1943 2434 1981 non
2475 1927 2779 1983 aadiﬁcabis
2801 1943 2896 1983 eos
2919 1936 3116 1985 sectos.
3155 1948 3173 1981 ι
3213 1930 3331 1986 Non
3361 1929 3630 1999 permittit

2053 2017 2164 2072 Deo
2213 2026 2563 2073 consecratos
2617 2018 2826 2086 lapides
2869 2016 3016 2072 ferro
3073 2018 3243 2083 caedi;
3295 2019 3432 2088 lapis
3479 2021 3628 2074 enim

2051 2114 2169 2162 erat
2210 2107 2440 2172 electus,
2499 2107 2796 2177 angularis,
2837 2107 3132 2177 pretiosus,
3185 2107 3476 2173 Christus,
3530 2109 3627 2178 qui

2052 2211 2230 2265 neque
2267 2197 2506 2266 peccatis
2534 2197 3049 2268 vulnerari,lneque
3086 2198 3289 2254 diaboli
3314 2200 3498 2269 plagas
3529 2215 3627 2254 ex-

2053 2289 2236 2357 cipere
2263 2295 2482 2357 posset;
2530 2303 2635 2342 nec
2678 2288 2790 2344 Deo
2837 2296 2893 2343 et
2923 2289 3129 2344 mundo
3177 2289 3386 2345 divisus
3434 2297 3625 2354 esset;

2053 2392 2201 2441 nam,
2228 2377 2330 2431 etsi
2357 2393 2488 2432 caro
2517 2376 2694 2434 factus
2739 2385 2843 2444 est,
2886 2387 3033 2434 totus
3061 2388 3246 2435 tamen
3271 2388 3356 2436 est
3381 2391 3624 2445 sanctus,

2053 2465 2149 2535 qui
2175 2475 2301 2537 post
2329 2467 2477 2520 illam
2505 2467 2832 2523 ineffabilem
2873 2470 3154 2536 unionem,
3182 2487 3279 2526 seu
3313 2488 3437 2526 cum
3462 2489 3626 2527 carne

2053 2572 2426 2628 congressum,
2455 2573 2562 2613 non
2600 2560 2656 2613 in
2681 2562 2853 2616 Deum
2877 2571 2960 2617 est
2984 2564 3275 2632 separatim
3314 2564 3625 2619 hominem-

2053 2665 2160 2718 que
2200 2667 2448 2707 seorsum
2475 2649 2704 2719 divisus,
2733 2655 2828 2708 sed
2867 2671 3010 2710 unus
3051 2663 3353 2725 permanet,
3387 2658 3531 2712 Deus
3568 2668 3640 2721 et.

2053 2739 2219 2794 homo
2257 2741 2423 2795 idem.
2457 2742 2646 2812 Neque
2679 2744 2826 2798 enim
2867 2745 2978 2799 ullo
3007 2746 3171 2800 modo
3196 2745 3406 2802 divisus
3433 2757 3537 2813 est,
3564 2758 3627 2803 ut

2053 2830 2248 2885 scribit
2274 2832 2468 2888 beatus
2497 2834 2700 2890 Paulus
2727 2835 2792 2889 ⁸³.

2123 2921 2321 2976 PALL.
2350 2923 2522 2993 Igitur
2555 2925 2726 2978 altare
2754 2923 2821 2978 de
2850 2933 2994 2980 terra
3017 2935 3414 2994 constructum,
3441 2937 3497 2983 et
3521 2931 3625 2984 mi-

2053 3008 2200 3063 nime
2243 3010 2410 3065 delati
2436 3013 2674 3081 lapides,
2707 3014 2793 3079 iis,
2825 3031 2964 3084 quos
3005 3015 3210 3082 dixisti,
3235 3018 3432 3085 modis,
3463 3020 3624 3075 Chri-

1978 3125 2020 3183 C
2053 3107 2198 3154 stum
2225 3101 2570 3171 signiﬁcant?

2124 3194 2280 3248 ΟΥΕ.
2332 3197 2407 3250 Ita
2459 3199 2635 3252 sentio
2689 3215 2702 3252 :
2749 3199 2834 3252 lex
2871 3201 3017 3252 enim
3057 3202 3357 3270 spiritualis
3402 3211 3516 3267 est,
3564 3213 3627 3258 ut-

2054 3284 2350 3354 Scriptura:
2388 3289 2628 3343 tradunt.
2675 3289 2864 3360 Igitur,
2906 3298 3258 3360 posteaquam
3283 3292 3486 3347 Christi
3510 3309 3626 3364 my-

2052 3377 2304 3442 sterium,
2353 3386 2409 3432 et
2450 3379 2604 3433 illum
2655 3397 2754 3450 per
2790 3397 2917 3436 cum
2959 3397 3240 3437 accessum
3283 3384 3622 3454 aanigmatice

2051 3467 2454 3538 prmﬁguravit,
2504 3479 2620 3524 tum
2674 3488 2807 3527 vero
2852 3472 3018 3526 etiam
3076 3473 3332 3528 Ecclesiae
3390 3473 3623 3528 formam

2051 3557 2193 3612 Deus
2227 3561 2386 3631 longe
2432 3572 2559 3615 ante
2601 3563 2894 3618 ostendere
2936 3563 3241 3618 constituit.
3271 3564 3493 3636 Moysen
3519 3565 3626 3635 igi-.

2051 3655 2162 3715 tur,
2206 3660 2411 3705 etcum
2449 3669 2515 3707 eo
2547 3654 2732 3708 Jesum
2775 3655 2842 3708 ad
2868 3665 3136 3720 gmontem
3182 3657 3312 3710 Sina
3351 3657 3618 3712 evocavit.

2049 3740 2228 3810 Atque
2274 3742 2404 3797 hinc
2458 3745 2732 3815 intelligas
2779 3746 2963 3813 velim,
2998 3747 3131 3818 ipsis
3161 3763 3380 3816 quoque
3419 3747 3623 3801 sanctis

2049 3832 2334 3901 prephetis
2391 3850 2490 3904 per
2544 3835 2743 3890 Filium
2793 3844 2983 3906 patere
3053 3837 3123 3893 ad
3173 3839 3388 3892 Patrem
3434 3852 3623 3892 access

2051 3939 2172 3977 sum
2229 3941 2242 3977 ε
2299 3926 2460 3979 simul
2513 3927 2662 3981 enim
2722 3927 3028 3982 ascendunt
3077 3928 3289 4000 Moyses
3339 3936 3394 3983 et
3433 3927 3610 3982 Jesus.

2049 4013 2207 4083 291
2228 4014 2502 4085 Scriptum
2529 4026 2614 4078 est
2637 4017 2785 4073 enim
2813 4037 2827 4072 :
2863 4037 2880 4070 ι
2910 4019 2978 4073 Ει
3003 4020 3222 4075 locutus
3243 4027 3328 4076 est
3358 4020 3622 4074 Dominus

2049 4103 2116 4156 ad
2161 4104 2401 4176 Moysen,
2449 4106 2638 4163 dicens
2675 4125 2690 4161 :
2721 4108 2821 4164 Dic
2864 4109 2992 4164 ﬁliis
3042 4110 3210 4166 Israel
3239 4129 3251 4164 :
3278 4113 3346 4165 Et
3386 4111 3618 4179 accipite

2049 4197 2182 4251 mihi
2206 4199 2477 4267 primitias
2504 4200 2574 4253 ab
2603 4201 2881 4264 omnibus,
2909 4216 3142 4269 quorum
3179 4201 3334 4256 cordi
3371 4201 3616 4266 libuerit,

2047 4286 2117 4340 ab
2145 4288 2213 4340 iis
2241 4287 2524 4357 accipietis
2549 4288 2823 4357 primitias
2849 4303 2998 4342 meas
3025 4305 3038 4340 :
3070 4295 3126 4342 et
3161 4289 3246 4344 hae
3270 4296 3399 4344 sunt
3425 4289 3617 4359 primis

2050 4377 2140 4431 tiae
2185 4392 2321 4446 quas
2363 4377 2644 4446 accipietis
2685 4378 2756 4432 ab
2793 4378 2946 4448 ipsis,
2979 4394 3174 4436 aurum
3217 4386 3273 4433 et
3310 4386 3617 4452 argentum,

380 4453 559 4524 φύραν
587 4457 680 4509 καὶ
720 4457 974 4512 κόκκινον
1001 4460 1241 4528 διπλοῦν,
1275 4466 1366 4518 καὶ
1396 4466 1593 4535 βυσσὸν
1625 4472 1944 4544 κεκλωσμέ-

2049 4481 2124 4520 aes
2151 4473 2207 4520 et
2233 4467 2611 4536 hyacinthum,
2645 4481 2946 4536 purpuram
2985 4474 3042 4521 et
3079 4467 3360 4522 coccinum
3395 4467 3617 4539 duplex,

379 4559 507 4634 νην,
537 4546 630 4598 καὶ
661 4548 854 4618 τρίχας
893 4550 1140 4618 αίγείας,
1169 4554 1264 4605 καὶ
1308 4555 1554 4625 δέρματα
1605 4561 1774 4629 κριῶν
1813 4565 1950 4634 ἠρυ-

381 4633 803 4707 θροδανωμένα,
863 4642 957 4695 καὶ
1014 4643 1259 4714 δέρματα
1317 4641 1630 4714 ὑακίνθινά,
1677 4652 1772 4704 καὶ
1818 4633 1950 4717 ξύλα

379 4727 632 4797 ἄσηπτα,
684 4734 777 4786 καὶ
828 4733 1008 4799 λίθους
1059 4736 1310 4808 σαρδίου,
1350 4739 1444 4792 καὶ
1496 4740 1678 4804 λίθους
1725 4746 1803 4807 είς
1849 4746 1947 4816 τὴν

380 4817 615 4891 γλυφὴν,
645 4822 725 4885 εἱς
773 4823 869 4894 τὴν
907 4825 1178 4896 ἐπωμίδα,
1212 4827 1306 4881 καὶ
1339 4829 1418 4891 εἰς
1457 4828 1547 4881 τὸν
1579 4831 1809 4902 ποδήρη,
1852 4834 1946 4888 καὶ

379 4910 626 4980 ποιήσεις
656 4929 745 4981 μοι
791 4913 1068 4985 ἀγίασμα,
1101 4916 1195 4969 καὶ¹
1221 4916 1530 4988 ὀφθήσομαι
1564 4921 1620 4973 ἐν
1657 4921 1804 4990 ὑμῖν.
1838 4922 1946 4975 Καὶ¹

378 5002 628 5072 ποιήσεις
670 5021 760 5074 μοι
801 5007 943 5059 κατὰ
989 5007 1165 5062 πάντα
1213 5010 1315 5063 ὅσα
1353 5010 1419 5064 ἄν
1461 5028 1544 5064 σοι
1584 5012 1742 5076 δείξω
1775 5016 1832 5066 ἐν
1869 5013 1946 5082 τῷ

378 5093 495 5162 ὄρει
521 5094 580 5147 τὸ
606 5097 953 5168 παράδειγμα
981 5099 1081 5169 τῆς
1107 5103 1332 5172 σκηνῆς,
1371 5102 1465 5155 καὶ
1492 5103 1553 5156 τὸ
1596 5105 1946 5175 παράδειγμα

379 5184 596 5238 πάντων
620 5186 730 5239 τῶν
761 5187 971 5240 σκευῶν
1003 5189 1190 5257 αὐτῆς,
1211 5190 1385 5255 οὕτως
1415 5193 1680 5263 ποιήσεις.
1717 5213 1735 5244 ι
1785 5195 1946 5265 Ὁρᾷς

377 5276 526 5338 ὅπως
570 5278 662 5329 ἐπὶ
702 5278 765 5330 τὸ
809 5279 1005 5350 χρῆναι
1049 5286 1418 5354 καρποφορεῖν
1459 5284 1521 5337 τὸ
1567 5285 1843 5350 λυσιτελές
1889 5303 1946 5339 τε

377 5365 472 5418 καὶ
525 5368 968 5438 χρειωδέστατον,
1017 5372 1096 5433 είς
1135 5372 1458 5444 Ἐκκλησίας
1508 5376 1767 5430 σύστασιν
1804 5396 1937 5449 προ-

374 5455 568 5524 τρέπει
599 5457 783 5522 λαοὺς,
813 5461 1276 5530 προσκομίζοντας
1308 5464 1506 5536 ἱλαρῶς
1532 5467 1600 5521 τὰ
1632 5469 1751 5520 κατ’
1784 5470 1939 5540 ἰσχύν

376 5564 433 5598 τε
467 5550 559 5600 καὶ
608 5548 867 5618 γνὼμηνς
902 5553 975 5603 Οὐ
1013 5553 1119 5622 γάρ
1172 5570 1249 5604 τοι
1303 5555 1500 5622 χρυσὸν
1530 5555 1710 5625 ἐζήτει
1758 5561 1935 5628 μόνον.

451 5729 492 5757 ’⁵η
523 5727 732 5791 Joan.l,
765 5728 847 5781 Η.
927 5729 966 5760 ⁸¹
1009 5729 1160 5783 Juan.
1184 5747 1268 5793 xv,
1300 5731 1348 5784 ὅ.
1430 5734 1470 5763 θ’
1499 5733 1751 5801 Ephes,1,

2046 4565 2102 4612 ει
2127 4559 2349 4629 byssum
2374 4565 2579 4623 netam,
2608 4566 2664 4613 et
2693 4559 2835 4627 pilos
2865 4575 3174 4629 caprarum,
3200 4569 3255 4615 et
3278 4561 3449 4630 pelles
3471 4561 3618 4619 arie-

2047 4656 2163 4702 tum
2194 4649 2524 4713 rubricalas,
2550 4655 2605 4702 et
2635 4649 2805 4718 pelles
2830 4649 3232 4720 hyacinthinas,
3259 4658 3315 4705 et
3339 4651 3484 4722 ligna
3508 4651 3615 4708 im-

2046 4737 2350 4807 putribilia,
2374 4746 2430 4792 et
2453 4737 2664 4808 lapides
2690 4738 2922 4806 sardios,
2949 4747 3004 4795 et
3029 4739 3236 4810 lapides
3275 4742 3341 4795 ad
3369 4742 3615 4812 sculptu~

2044 4844 2184 4895 ram,
2224 4828 2294 4883 ad
2333 4829 2785 4898 superhumerale
2824 4837 2880 4884 et
2911 4829 2980 4884 ad
3016 4830 3256 4884 tunicam
3289 4830 3537 4897 talarem,
3562 4847 3617 4890 et

2044 4918 2211 4974 facies
2235 4918 2371 4974 mihi
2399 4919 2793 4987 sanctuarium,
2815 4931 2874 4978 et
2900 4920 3175 4992 apparebo
3205 4921 3362 4976 vobis
3395 4939 3407 4974 :
3437 4928 3494 4975 et
3531 4921 3613 4986 fa-

2043 5010 2156 5066 cies
2178 5011 2313 5065 mihi
2345 5011 2500 5082 juxta
2528 5011 2713 5065 omnia
2737 5027 3076 5082 quaecunque
3099 5020 3477 5068 monstravero
3513 5013 3612 5069 tibi

2044 5104 2098 5158 in
2147 5114 2332 5160 monte
2372 5105 2648 5174 exemplar
2686 5105 3045 5170 tabernaculi,
3082 5113 3136 5159 et
3175 5107 3456 5175 exemplar
3493 5122 3615 5162 om-

2043 5197 2194 5251 nium
2227 5213 2480 5252 vasorum
2518 5197 2712 5266 ipsius,
2745 5197 2825 5251 sic
2866 5197 3036 5251 facies
3059 5197 3122 5250 ⁸⁵⁸.
3157 5215 3176 5247 ι
3225 5195 3392 5250 Vides
3445 5203 3505 5250 ut
3545 5197 3613 5264 ad

2043 5304 2109 5343 ea
2153 5305 2274 5358 qua:
2299 5289 2366 5343 ad
2397 5289 2826 5343 exstructionem
2854 5287 3110 5341 Ecclesiae,
3136 5286 3530 5354 conducerent,
3557 5297 3614 5342 et

2045 5382 2168 5435 usui
2199 5382 2434 5436 maximo
2465 5381 2650 5434 futura
2685 5384 2869 5432 essent
2904 5376 3206 5440 offerenda,
3233 5376 3484 5431 hortetur
3511 5393 3612 5448 po:

2045 5470 2203 5539 pulos
2229 5469 2473 5526 hilariter
2513 5484 2612 5536 pro
2655 5467 2817 5520 modo
2843 5466 3066 5530 virium,
3099 5473 3155 5520 et
3182 5481 3249 5521 ex
3281 5466 3447 5521 animi
3485 5483 3612 5522 seu-

2048 5562 2215 5615 tentia
2249 5559 2628 5614 conferentes?
2653 5559 2838 5628 Neque
2863 5559 3009 5612 enim
3037 5574 3227 5613 aurum
3262 5559 3422 5613 modo
3463 5574 3612 5629 quare

1923 5736 1963 5766 ³³
1999 5737 2013 5788 l
2045 5737 2165 5790 Cur.
2227 5754 2294 5790 χι.
2339 5736 2380 5764 θλ
2407 5735 2574 5786 Exsul.
2621 5752 2737 5794 xu,
2781 5735 2890 5788 I~‘J.
