4142 6296
518 308 624 405 595
1510 343 1567 398 s.
1605 341 1880 398 cvmnu
1917 340 2382 396 ALEXANDle
2421 340 2738 397 ARClilEP.
3658 340 3761 400 σου

515 463 695 529 rebat,
721 469 817 517 aut
847 473 911 517 ea
942 458 1174 515 fortasse
1237 474 1360 530 qua:
1386 460 1549 532 vulgo
1580 459 1920 531 suppeditari
1946 457 2087 514 difﬁ-

2190 459 2360 531 ῆγουν
2388 457 2458 524 τὰ,
2486 458 2701 525 πολλοῖς
2725 458 3058 530 δυσπόριστα
3086 459 3271 530 τυχὸν,
3292 457 3432 519 ἀλλὰ
3455 460 3552 522 καὶ
3567 461 3764 535 τρίχας
3864 510 3873 517 .

515 553 621 608 cile
648 558 891 623 possent,
925 548 1021 607 sed
1055 548 1221 605 etiam
1265 548 1406 620 pilos
1437 564 1730 621 caprarum
1766 556 1823 605 et
1855 549 2087 605 arietum

2194 550 2441 631 αἰγείας,
2484 550 2580 615 καὶ
2624 548 2795 621 κριῶν
2840 550 3123 625 δέρματα.
3168 550 3384 615 δεικνὺς
3431 551 3516 616 ὅτι
3561 553 3659 617 καὶ
3702 555 3766 619 τὸ

512 643 705 714 pelles,
744 648 809 696 ut
848 639 1167 697 ostenderet
1214 640 1473 711 exiguum
1521 654 1588 696 ac
1628 640 1737 695 vile
1781 654 2004 705 munus,
2042 640 2091 703 si

512 733 667 789 nihil
688 733 738 788 is
780 732 875 803 qui
907 731 1112 788 offerre
1133 729 1463 797 decreverit,
1491 730 1842 801 praestantius
1868 730 2089 795 habeat,

512 822 739 878 minime
773 837 808 877 a
847 821 962 876 Deo
1003 819 1213 890 respui,
1236 829 1403 890 atque
1435 819 1601 875 etiam
1638 817 1876 884 fortasse
1926 816 2096 878 rebus,

511 929 634 986 quae
659 913 717 969 in
740 913 980 969 maximo
1003 911 1183 983 pretio
1208 920 1356 977 sunt,
1381 911 1610 982 aequari,
1637 919 1734 979 aut
1759 909 1935 984 magis
1956 924 2094 981 quo-

510 1022 620 1077 que
643 1005 883 1072 laudari,
906 1011 971 1060 ut
998 1011 1153 1060 certe
1172 1002 1429 1059 Christus
1456 1003 1609 1071 fecit,
1635 1019 1762 1059 cum
1792 1002 1941 1069 haud
1971 1002 2092 1065 sine

509 1096 877 1153 admiratione
897 1095 1119 1151 viduam
1146 1094 1296 1151 illam
1329 1096 1568 1168 excepit,
1592 1112 1715 1167 quae
1737 1093 2096 1166 lerosolymis

510 1189 570 1243 in
615 1188 1067 1261 gazophylacium
1106 1187 1364 1258 exiguum
1402 1173 1540 1254 illud
1576 1176 1821 1256 quidem,
1851 1192 1909 1242 et
1943 1186 2090 1256 quod

508 1279 769 1334 facillime
807 1277 1115 1348 comparari
1138 1284 1343 1357 posset,
1374 1277 1581 1343 intulit,
1606 1276 1704 1335 sed
1734 1291 1990 1348 magnum
2021 1277 2095 1335 iis

509 1370 746 1426 fortasse
789 1368 886 1440 qui
919 1370 977 1424 in
1018 1383 1232 1427 summa
1264 1369 1453 1439 inopia
1482 1374 1796 1433 versantur,
1821 1382 1961 1438 quos
1991 1383 2089 1423 νοτ

510 1459 742 1516 risimile
780 1466 867 1514 est
912 1457 1079 1513 etiam
1121 1456 1513 1527 vilissimarum
1558 1471 1744 1512 rerum
1793 1456 2089 1523 amissione

506 1550 715 1604 vexari.
739 1548 994 1620 Acceptis
1014 1564 1146 1618 ergo
1170 1547 1455 1621 primitiis,
1488 1568 1509 1600 ι
1535 1546 1921 1615 sanctuarium
1950 1549 2088 1605 mihi

517 1641 764 1707 «facies,»
803 1640 1036 1711 inquit,c
1064 1648 1122 1696 et
1141 1639 1422 1712 apparebo
1438 1640 1638 1696 vobis:
1669 1640 1900 1707 uillucet
1938 1641 2088 1696 enim

510 1730 567 1784 in
622 1730 865 1786 Ecclesia
909 1730 1199 1797 Christus,
1247 1737 1307 1787 et
1361 1731 1433 1787 iis
1487 1732 1674 1801 quiin
1726 1747 1793 1796 ea
1840 1738 2085 1798 manent,

2192 640 2367 712 βραχύ
2399 657 2458 697 τε
2487 640 2582 694 καὶ
2610 637 2846 705 εὐτελὲς,
2882 642 2932 693 εί
2980 639 3145 711 μηδὲν
3184 639 3297 710 ἔχοι
3324 640 3710 717 λαμπρότερον
3735 646 3767 700 ὁ

2192 732 2560 804 καρποφορεῖν
2608 729 2915 803 ᾑρημένος,
2948 730 3050 785 οὐκ
3089 729 3399 802 ἀπόϐλητον
3430 731 3511 803 τῷ
3556 731 3694 804 Θεῷ·
3730 734 3765 805 ἢ

2189 822 2330 893 τάχα
2374 839 2475 883 που
2514 806 2710 881 καὶίὲν
2758 821 2858 891 ἴσῳ
2902 822 3017 886 τοῖς
3060 808 3439 891 τιμιωτάτοις,
3474 821 3509 893 ἢ
3564 823 3662 887 καὶ
3709 827 3768 877 tv

2191 913 2399 984 ἐπαίνῳ
2428 914 2654 985 μείζονι,
2684 912 2933 985 καθάπερ
2969 911 3162 983 ᾁμέλει
3191 912 3289 967 καὶ
3323 913 3352 965 ὁ
3392 913 3627 983 Χριστὸς
3666 913 3769 966 οὐκ

2189 1004 2540 1075 ἀθαύμαστον
2579 1005 2730 1075 ὴφίει
2765 1005 2867 1075 τὴν
2909 1005 2968 1059 tv
2998 1006 3109 1069 τοῖς
3147 986 3539 1075 Ἱεροσολύμοις
3566 1006 3766 1075 χήραν,

2188 1093 2266 1165 τῷ
2311 1093 2694 1171 γαζοφυλακίῳ
2741 1091 3126 1169 προσάγουσαν
3165 1090 3339 1162 βραχύ
3380 1107 3434 1151 τι
3464 1090 3558 1155 καὶ
3600 1090 3765 1143 εὐπό-

2190 1202 2376 1260 ριστον
2412 1185 2607 1263 κομιδῆ
2626 1225 2642 1249 ,
2676 1186 2818 1255 μέγα
2854 1183 2898 1237 δ’
2947 1183 3076 1250 ἴσως
3107 1185 3221 1247 τοῖς
3251 1184 3310 1236 tv
3340 1183 3546 1263 ἐσχάτη
3577 1179 3761 1251 πενίᾳ,

2188 1276 2281 1341 οὓς
2308 1276 2374 1349 δὴ
2405 1278 2500 1331 καὶ
2529 1275 2890 1347 κατατρύχειν
2931 1275 3078 1340 είκδς
3114 1274 3209 1334 καὶ
3244 1275 3359 1333 τῶν
3380 1273 3519 1343 ἄγαν
3547 1270 3765 1326 εὐτελεη

2194 1368 2403 1425 στάτων
2443 1368 2545 1438 τὴν
2589 1366 2935 1439 ἀπεμπολήν.
2982 1364 3313 1437 Ληφθεισῷν
3340 1364 3399 1431 δὲ
3440 1362 3548 1419 τῶν
3583 1364 3762 1433 ἀπαρτ

2189 1458 2322 1530 χῶν,
2355 1477 2373 1510 ι
2419 1457 2694 1529 Ἀγίασμᾴ
2719 1473 2811 1529 μοι
2844 1456 3108 1527 ποιήσεις,
3144 1475 3167 1508 ι
3204 1455 3360 1526 φησι,
3409 1474 3428 1507 ι
3465 1455 3561 1520 καὶ
3589 1454 3759 1526 ὀφθήτ

2192 1567 2356 1621 σομαι
2405 1552 2463 1604 tv
2510 1550 2660 1619 ὑμῖν.
2710 1568 2729 1600 ι
2771 1546 3145 1618 Ἐπιφαίνεται
3196 1548 3303 1625 γὰρ
3350 1548 3409 1601 tv
3465 1546 3764 1625 Ἐκκλησία

2188 1639 2442 1710 Χριστὸς,
2475 1639 2568 1701 καὶ
2614 1638 2913 1708 ἐπιλάμπει
2950 1639 3063 1700 τοῖς
3113 1638 3172 1690 ὲν
3216 1638 3391 1715 αὐτῇ,
3421 1637 3563 1697 κατά
3600 1653 3664 1704 γε
3699 1624 3764 1695 τὰ

2191 1732 2247 1784 ἐν
2277 1731 2557 1801 Ψαλμοῖς,
2590 1749 2607 1781 ι
2661 1729 2792 1793 Θεὸς
2844 1728 3069 1799 Κύριος,
3110 1727 3204 1781 καὶ
3242 1727 3511 1797 ἐπέφανεν
3541 1729 3694 1798 ἡμῖν.
3734 1746 3755 1783 ι

509 1821 754 1893 atl‘ulget,
781 1830 844 1878 ut
877 1829 964 1888 est
998 1823 1055 1885 in
1082 1823 1315 1883 Psalmis
1341 1841 1355 1878 :
1391 1846 1409 1874 ι
1439 1800 1585 1888 Deus
1614 1824 1898 1889 Dominus,
1929 1830 1985 1880 et
2014 1824 2084 1879 il..-

2202 1824 2478 1897 Ἐπιτήρει
2523 1820 2580 1873 δὲ
2620 1821 2803 1883 ὅπως,
2852 1818 3030 1880 καίτοι
3106 1818 3500 1891 καταϐεϐηκὼς
3559 1821 3655 1873 ἐπὶ
3698 1821 3764 1878 τὸ

513 1914 648 1968 luxit
674 1913 834 1970 nobis
855 1915 920 1969 ⁸⁵.
953 1935 973 1967 ι
1008 1915 1146 1971 Illud
1180 1924 1363 1972 autem
1395 1916 1659 1972 observes
1679 1915 1865 1981 velim,
1889 1930 2084 1985 quam-

511 2008 594 2062 vis
627 2008 899 2080 ille-ignis
942 2009 1123 2080 specie
1161 2008 1538 2065 descendisset
1579 2009 1635 2062 in
1677 2017 1939 2073 montem,
1967 2015 2023 2062 et
2054 2023 2085 2063 a

514 2099 715 2169 populo
737 2088 996 2155 universo
1024 2100 1179 2156 visus
1197 2109 1345 2156 esset
1373 2100 1474 2173 (sic
1496 2100 1643 2155 enim
1667 2099 1930 2169 scriptum
1954 2097 2082 2169 est);

514 2199 695 2245 tamen
725 2191 806 2247 sic
830 2205 957 2246 eum
989 2191 1197 2257 dicere,
1217 2191 1507 2262 Apparebo
1528 2192 1705 2256 vobis,
1729 2198 2085 2267 posteaquam

511 2290 851 2337 exstructum
885 2280 1054 2339 fuerit
1091 2283 1487 2348 sanctuarium,
1518 2282 1674 2352 quasi
1714 2281 1959 2336 nondum
1984 2296 2083 2353 ap-.

511 2373 821 2441 paruisset:
853 2387 993 2443 pene
1038 2371 1188 2428 enim
1228 2382 1416 2442 aperte
1461 2374 1700 2428 clamare
1737 2372 1958 2428 videtur
2005 2373 2085 2428 vi-

510 2463 699 2529 siones,
730 2465 851 2531 illas
881 2480 1024 2520 verae
1060 2464 1208 2520 illius
1249 2465 1344 2521 Dei
1374 2465 1604 2520 visionis
1628 2465 1852 2521 umbras
1878 2464 2083 2532 fuisse;

508 2568 700 2621 veram
728 2562 911 2621 autem
949 2555 1318 2611 ostensionem
1346 2554 1524 2624 ipsum
1549 2571 1606 2610 se
1631 2553 1913 2609 Christum
1940 2568 2083 2619 esse,

510 2643 568 2697 in
599 2658 708 2714 quo
744 2644 923 2715 ipsum
960 2660 1181 2715 quoque
1210 2644 1427 2699 Patrem
1453 2644 1857 2715 conspeximus.
1900 2643 2085 2713 Itaque

508 2734 760 2800 Judmos,
799 2735 895 2805 qui
932 2751 991 2790 se
1036 2736 1448 2803 arbitrabantur
1482 2751 1666 2795 rerum
1704 2736 2084 2792 universarum

509 2827 686 2884 Deum
714 2826 772 2881 in
806 2834 991 2881 monte
1031 2824 1161 2882 Sina
1197 2842 1323 2881 vere
1364 2827 1738 2896 conspexisse,
1766 2826 2086 2882 stultissime

512 2917 566 2971 id
604 2916 708 2977 sibi
746 2916 1085 2987 persuasisse
1122 2918 1391 2987 coarguit,
1425 2917 1615 2973 dicens
1648 2935 1660 2971 :
1700 2939 1717 2970 ι
1751 2919 1940 2988 Neque
1984 2933 2083 2972 vo-

511 3023 633 3075 cem
676 3008 797 3085 ejus
838 3008 1089 3077 audistis,
1120 3010 1281 3080 292
1317 3026 1497 3081 neque
1533 3013 1770 3082 speciem
1796 3013 1916 3082 ejus
1940 3009 2084 3065 vidi-

512 3098 634 3169 stis,
656 3106 712 3155 et
737 3114 1048 3159 sermonem
1076 3100 1197 3170 ejus
1218 3114 1327 3154 non
1358 3087 1575 3155 habetis
1598 3100 1653 3153 in
1675 3100 1833 3156 vobis
1857 3116 2085 3155 manen—

511 3196 655 3265 tem,
696 3188 847 3263 quia,
889 3204 1055 3259 quem
1094 3189 1186 3253 ille
1230 3189 1401 3255 misit,
1445 3190 1576 3248 huic
1617 3206 1716 3246 vos
1755 3206 1865 3245 non
1908 3191 2089 3248 credi-

513 3275 675 3340 tis".
710 3295 728 3327 ι
760 3276 873 3346 Ego
919 3277 1197 3347 apparebo
1245 3278 1299 3333 in
1344 3274 1523 3343 vobis,
1566 3279 1765 3350 inquit,
1813 3289 2092 3337 exstructo

510 3368 828 3439 sanctuario
857 3384 871 3420 :
898 3366 952 3421 id
975 3376 1159 3422 autem
1187 3367 1361 3438 ﬁgura
1392 3377 1513 3424 erat
1540 3369 1821 3437 Ecclesiae,
1848 3371 1916 3425 ad
1946 3371 2094 3428 illius

509 3472 767 3528 supernae
808 3456 1227 3529 similitudinem
1267 3457 1443 3513 factae.
1494 3457 1581 3513 Ait
1623 3459 1772 3513 enim
1805 3478 1818 3513 :
1855 3480 1874 3511 ι
1902 3460 2095 3519 Facies

510 3549 649 3611 mihi
679 3549 837 3620 juxta
872 3549 1055 3605 omnia
1106 3564 1447 3620 quaecunque
1491 3557 1870 3607 monstravero
1898 3552 1995 3608 tibi
2034 3553 2090 3609 in

512 3649 729 3712 monte,
777 3641 858 3714 sic
901 3640 1089 3713 facies.
1145 3660 1164 3693 ι
1216 3640 1510 3712 Ostensum
1562 3652 1648 3701 est
1694 3644 1841 3700 enim
1881 3644 2091 3714 aliquid

512 3733 675 3791 beato
697 3735 890 3808 Moysi,
918 3734 1091 3807 ﬁgura
1121 3735 1405 3802 nimirum,
1433 3746 1495 3792 ut
1518 3737 1683 3793 modo
1709 3737 1844 3803 dixi,
1873 3747 2092 3794 sancta-

510 3842 636 3883 rum
680 3827 1089 3899 Ecclesiarum,
1137 3834 1194 3883 ct
1238 3828 1355 3898 ipse
1398 3829 1489 3885 ille
1532 3830 1684 3887 varie
1730 3837 1988 3900 tanquam
2036 3831 2091 3886 in

512 3918 708 3973 umbra
741 3918 1084 3983 eﬂ‘ormatus,
1115 3918 1211 3989 qui
1242 3934 1347 3989 pro
1376 3920 1538 3980 nobis
1575 3930 1662 3976 est
1698 3921 1861 3976 homo
1893 3920 2089 3979 factus.

511 4010 589 4065 Dc
623 4009 854 4080 singulis
894 4019 1077 4074 autem
1117 4013 1522 4082 exemplaribus
1549 4015 1596 4069 si
1628 4014 1813 4071 dicere
1847 4016 2086 4071 volueri-

512 4116 656 4166 mus,
690 4101 938 4177 proiixus
964 4102 1074 4159 erit
1117 4111 1173 4157 et
1202 4102 1400 4174 longus
1429 4119 1631 4170 sermo,
1655 4114 1711 4160 et
1739 4107 1922 4170 nimiae
1952 4107 2086 4162 sub-

511 4191 727 4247 tilitatis
770 4176 985 4265 plenus.
1032 4192 1139 4248 Sed
1169 4194 1430 4263 quoniam
1471 4194 1731 4249 nonnulla
1772 4202 1903 4249 sunt
1965 4209 2086 4264 quae

2191 1914 2312 1986 ὅρος
2338 1915 2395 1969 ὲν
2429 1912 2557 1975 εῖδει
2585 1909 2773 1981 πυρὸς,
2799 1908 2985 1978 ὀφθείς
3007 1926 3066 1962 τε
3094 1908 3171 1979 τῷ
3202 1908 3316 1983 λαῷ
3349 1909 3532 1963 παντίο
3559 1909 3763 1983 γέγρατ

2193 2022 2324 2063 πται
2360 2005 2467 2075 γὰρ
2508 2004 2709 2068 οὓτως,
2736 2002 2812 2066 ὡς
2844 1999 2998 2063 οὔπω
3040 2002 3262 2071 φανεὶς,
3295 2000 3357 2053 τὸ
3400 2001 3762 2073 Ὀφθήσομαι,

2192 2096 2377 2167 φησὶν,
2408 2097 2467 2148 ὲν
2497 2095 2645 2165 ύμῖν,
2680 2091 3048 2165 ὲγηγερμένου
3073 2090 3169 2147 τοῦ
3194 2091 3551 2163 ἁγιάσματος.
3586 2092 3765 2158 Μόνοη

2190 2188 2299 2259 γὰρ
2319 2187 2438 2257 ούχὶ
2461 2182 2839 2257 διακεκραγὼς
2862 2185 3064 2255 ὁρᾶται
3100 2183 3317 2253 σαφῶς,
3348 2185 3429 2247 ὅτι
3456 2185 3606 2237 σκιαὶ
3638 2185 3759 2254 μὲν,

2191 2279 2249 2336 at
2293 2260 2553 2341 ὀπτασίαι
2599 2278 2805 2330 ἐκεῖναι
2856 2274 2956 2346 τῆς
2998 2273 3231 2346 ἀληθοῦς
3275 2274 3544 2339 θεοπτίας.
3593 2275 3659 2328 Ἠ
3704 2276 3763 2346 δε

2191 2370 2397 2441 ἀληθὴς
2424 2369 2722 2435 ἀνάδειξις,
2757 2371 2786 2425 ὁ
2820 2368 3073 2440 Χριστὸς,
3107 2369 3165 2421 tv
3188 2359 3232 2434 ᾧ
3259 2366 3354 2425 καὶ
3393 2367 3555 2421 αὑτὸν
3574 2365 3765 2420 τεθεά-

2194 2462 2336 2534 μεθα
2374 2462 2465 2516 τὸν
2517 2461 2758 2534 Πατέρα.
2808 2461 2918 2514 Καὶ
2962 2459 3093 2530 γοῦν
3142 2459 3429 2523 Ἰουδαίους
3483 2458 3763 2530 οἰομένους

2189 2553 2272 2607 ὅτι
2311 2551 2597 2608 τεθέανται
2630 2551 2772 2606 κατὰ
2809 2552 2871 2606 τὸ
2906 2552 3106 2623 ἀληθὲς
3139 2553 3196 2604 tv
3224 2550 3302 2622 τῷ
3341 2551 3457 2623 opst
3499 2552 3630 2607 Σινᾶ
3668 2553 3767 2610 τὸν

2189 2644 2298 2698 τῶν
2329 2644 2464 2701 ὅλων
2496 2642 2661 2709 Θεδν,
2697 2642 3002 2699 ἅνούστατα
3030 2640 3438 2713 διατιθεμένους
3486 2642 3764 2717 διήλεγχε,

2190 2735 2394 2804 λέγων’
2437 2752 2457 2787 ι
2509 2732 2647 2791 Οὔτε
2680 2733 2863 2807 φωνὴν
2913 2733 3075 2811 αὐτοῦ
3104 2734 3415 2805 ἀκηκόατε,
3459 2733 3584 2789 οὔτε
3623 2734 3763 2809 εἶδος

2189 2822 2355 2881 αὑτοῦ
2389 2825 2669 2897 ἑωράκατε
2689 2866 2705 2892 ,
2747 2827 2843 2879 καὶ⁹
2878 2825 2968 2880 τὸν
3000 2825 3156 2895 λόγον
3181 2826 3344 2882 αὑτοῦ
3378 2826 3480 2881 οὐκ
3522 2827 3675 2897 ἔχετε
3701 2827 3764 2891 ἐν

2192 2920 2321 2991 ὑμῖν
2369 2916 2631 2987 μένοντα,
2686 2916 2766 2971 ὅτι
2825 2916 2885 2972 ὃν
2936 2916 3258 2972 ἀπέστειλεν
3308 2919 3536 2984 ἐκεῖνος,
3584 2917 3765 2990 τούτῳ

2191 3010 2351 3080 ὑμεῖς
2380 3009 2440 3062 οὐ
2482 3007 2787 3062 πιστεύετε.
2814 3026 2834 3060 ι
2869 3008 3076 3063 Οὐκοῦν
3107 3009 3453 3082 ὀφθήσομαι,
3488 3011 3673 3083 φησὶν,
3700 3013 3765 3074 ὲν

2191 3100 2318 3170 ὑμῖν
2376 3100 2746 3170 ἐγηγερμένον
2807 3098 2900 3153 τοῦ
2958 3098 3317 3171 ἀγιάσματος.
3365 3100 3536 3155 Τοῦτο
3582 3101 3638 3155 δὲ
3690 3096 3764 3170 ἦν

2204 3191 2529 3263 Ἐκκλησίας
2576 3190 2781 3255 τύπος,
2823 3190 2946 3245 καθ’
2988 3191 3283 3263 ὁμοιότητα
3325 3192 3623 3265 γενομένης
3662 3192 3763 3263 τῆς

2188 3284 2319 3339 ἄνω.
2358 3283 2471 3338 Καὶ
2497 3282 2605 3354 γάρ
2627 3300 2712 3336 τοι
2762 3283 2917 3354 φησὶ,
2953 3303 2972 3337 ι
3013 3284 3265 3355 Ποιήσεις
3299 3302 3388 3356 μοι
3420 3284 3564 3345 κατὰ
3584 3285 3761 3352 πάντα

2187 3377 2288 3433 ὅσα
2314 3375 2541 3430 δεικνύω
2561 3393 2644 3429 σοι
2667 3377 2724 3430 ὲν
2744 3375 2822 3447 τῷ
2841 3376 2977 3448 ὄρει,
3001 3376 3145 3431 οὕτω
3170 3378 3436 3449 ποιήσεις.
3462 3397 3481 3430 ι
3499 3376 3763 3449 Παρεδείτ

2187 3467 2292 3541 χθη
2328 3469 2436 3539 γάρ
2475 3484 2560 3521 τοι
2599 3466 2678 3538 τῷ
2717 3468 2971 3540 μακαρίῳ
3003 3470 3175 3540 Μωσῇ
3233 3468 3424 3533 τύπος,
3470 3468 3546 3532 ὼς
3602 3467 3762 3545 ιξιινην,ι

2187 3560 2297 3616 τῶν
2329 3560 2502 3630 ἁγίων
2547 3558 2908 3632 Ἐκκλησιῶν,
2937 3560 3033 3614 καὶ
3060 3559 3355 3624 πολυειδῶς
3394 3560 3558 3624 αὐτὸς
3579 3560 3675 3628 ,ὼς
3703 3561 3763 3621 ὲν

2190 3654 2319 3723 σκιᾷ
2354 3650 2721 3723 πλαττόμενος
2762 3653 2790 3706 ὁ
2829 3651 2898 3705 δι’
2933 3653 3083 3724 ἡμᾶς
3121 3650 3412 3722 γενόμενος
3452 3649 3761 3719 ἄνθρωπος.

2201 3746 2319 3815 Ἐφ’
2348 3745 2563 3815 ἑκάστῳ
2591 3760 2654 3813 γε
2701 3742 2809 3815 μὴν
2849 3743 2959 3798 τῶν
3000 3743 3465 3815 παραδειγμάτων
3493 3744 3661 3807 πολὺς
3695 3743 3767 3811 ἂν

2188 3831 2397 3901 γένοιτο
2431 3830 2526 3885 καὶ
2569 3830 2781 3901 μακρὸς
2825 3832 2855 3885 ὁ
2895 3830 3083 3899 λόγος,
3114 3831 3209 3884 καὶ
3259 3830 3615 3901 ίσχνομυθίας
3659 3830 3762 3900 ἐμ-

2188 3922 2385 3988 πλεως.
2432 3922 2652 3995 Ἐπειδὴ
2678 3922 2736 3977 δέ
2764 3924 2881 3977 ἐστι
2912 3921 2983 3976 τὰ
3010 3922 3109 3993 μὲν
3145 3922 3253 3978 ἴδιά
3275 3940 3334 3979 τε
3361 3923 3459 3977 καὶ
3483 3922 3763 3994 πρέποντα

2190 4017 2256 4087 τῇ
2289 4016 2396 4068 τῶν
2420 4014 2721 4083 γεγονότων
2767 4016 3104 4085 κατασκευῇ,
3148 4015 3213 4068 τὰ
3238 4014 3296 4068 δὲ
3343 4014 3481 4086 πρὸς
3520 4014 3620 4085 τὴν
3652 4013 3771 4077 τῶν,

2191 4105 2561 4177 θεωρημάτων
2593 4104 2922 4159 ἀπονενευκε
2955 4104 3166 4175 χρείαν,
3203 4104 3366 4175 φέρε,
3402 4104 3648 4176 λέγωμεν
3691 4103 3763 4157 τὰ

2191 4195 2272 4258 είς
2303 4210 2367 4263 γε
2397 4192 2552 4247 τοῦτο
2574 4192 2850 4262 λυσιτελῆ,
2881 4193 3136 4264 μεθέντες
3163 4192 3233 4247 τὰ
3264 4194 3449 4265 ἕτερα.

512 4287 734 4357 proprie
772 4286 841 4343 ad
877 4287 1098 4365 illorum
1139 4302 1369 4357 operum
1412 4289 1884 4352 constructionem
1918 4289 2218 4359 pertinent,
2282 4288 2390 4345 alia
2436 4304 2570 4344 vero
2611 4288 2679 4343 ad
2722 4288 3208 4361 contemplationis
3262 4305 3424 4348 usum
3487 4299 3763 4367 spectant,

511 4399 630 4455 age,
668 4400 791 4455 quae
818 4384 1043 4465 adeam
1084 4400 1200 4440 rem
1241 4384 1397 4440 utilia
1433 4395 1581 4452 sunt,
1606 4384 1675 4441 de
1715 4385 1783 4441 iis
1819 4386 2089 4451 dicamus,
2129 4386 2449 4453 omittamus
2475 4393 2691 4445 caetera.

581 4477 777 4534 PALL.
815 4478 937 4533 Non
962 4480 1093 4539 satis
1114 4478 1263 4549 quod
1289 4478 1430 4535 dicis
1453 4477 1718 4551 intelligo.

578 4568 737 4636 ΟΥΕ.
779 4568 1017 4629 Adverte
1055 4569 1223 4640 igitur
1254 4570 1402 4641 quod
1439 4570 1691 4635 dicturus
1717 4586 1835 4626 sum
1868 4590 1880 4625 :
1920 4571 2083 4627 intel-

508 4664 648 4735 liges
672 4662 842 4729 enim,
874 4669 931 4718 et
962 4661 1185 4733 quidem
1219 4662 1501 4732 perfacile,
1529 4671 1591 4718 ut
1633 4664 1848 4734 opinor.
1887 4664 2081 4720 Arcam

508 4753 631 4810 fieri
664 4751 830 4825 jussit
854 4751 923 4809 de
950 4751 1112 4823 lignis
1147 4750 1601 4821 imputribilibus,
1658 4762 1716 4808 et
1752 4753 2087 4813 intrinsecus

507 4854 567 4902 et
587 4845 932 4913 extrinsecus
966 4856 1104 4897 auro
1137 4841 1342 4895 mundo
1366 4848 1566 4897 tectam
1589 4843 1657 4907 ³⁷,
1683 4858 1805 4913 qua:
1832 4843 2082 4899 contine-

511 4947 595 4995 ret
631 4936 742 5001 illa,
778 4950 899 5004 qua:
923 4933 1263 4988 vocabantur
1296 4932 1630 4997 testimonia,
1666 4933 1721 4989 id
1751 4940 1835 4989 est
1882 4933 2082 5005 legem,

509 5038 571 5084 ut
620 5029 678 5085 in
720 5025 922 5082 tabulis
962 5022 1359 5096 parturientem
1391 5042 1405 5079 :
1439 5040 1619 5098 neque
1660 5040 1793 5081 vero
1834 5025 1924 5082 hic
1961 5024 2085 5080 ﬁnis

508 5122 628 5193 ejus
667 5116 1058 5186 exstructionis
1098 5114 1236 5181 fuit;
1282 5130 1407 5170 nam
1447 5124 1504 5171 et
1544 5121 1731 5175 vectes
1769 5115 1887 5173 fieri
1930 5116 2087 5189 jubet

509 5228 703 5270 rursus
743 5227 811 5268 ex
837 5210 1001 5283 lignis
1039 5206 1474 5278 imputribilibus
1504 5223 1658 5280 aeque
1689 5208 2003 5271 deauratos,
2030 5215 2087 5263 et

509 5318 705 5360 aureos
735 5303 988 5366 annulos,
1015 5310 1072 5358 et
1096 5300 1376 5357 versatilia
1409 5301 1872 5372 circumquaque;
1907 5300 2084 5370 longi:

511 5395 758 5459 tudinem
806 5410 1048 5465 quoque,
1091 5410 1156 5450 ac
1200 5389 1570 5462 latitudinem,
1610 5402 1667 5449 et
1712 5391 2082 5463 altitudinem,

510 5496 712 5557 quanta
742 5486 924 5543 futura
951 5495 1098 5544 esset
1140 5488 1195 5544 in
1238 5503 1306 5543 eo
1343 5488 1585 5559 opiﬁcio,
1648 5484 1914 5541 deﬁnivit.
1974 5483 2080 5536 Ve-

510 5593 655 5649 rum,
683 5579 729 5631 si
754 5577 879 5647 quis
918 5578 1052 5638 velit
1085 5578 1399 5649 hujusmodi
1456 5594 1544 5634 res
1575 5577 1802 5649 mystice
1830 5582 1885 5629 et
1914 5589 2077 5629 accu-

2114 4482 2161 4539 D
2255 4482 2459 4536 ΠΑΛΛ.
2489 4480 2565 4534 Οὐ
2602 4480 2827 4551 συνίημι
2860 4481 2889 4534 ὃ
2921 4481 3045 4553 φής.

2260 4570 2426 4626 ΚΥΡ.
2459 4568 2649 4647 Ἀθρει
2680 4570 2743 4642 δὴ
2776 4565 2870 4624 οὖν
2894 4571 2923 4625 ὃ
2949 4588 3112 4643 φημι·
3142 4572 3400 4643 συνήσεις
3425 4572 3555 4646 γὰρ,
3584 4572 3762 4647 οἶμαι,

2189 4663 2284 4716 καὶ
2331 4660 2452 4714 λίαν
2496 4643 2755 4733 ἀῖιογητί·
2803 4661 3038 4716 κιϐωτὸν
3084 4662 3341 4732 γενέσθαι
3397 4643 3767 4738 προστέταχεν

2189 4755 2254 4807 ἐκ
2300 4750 2471 4819 ξύλων
2499 4753 2788 4822 ἁσήπτων,
2820 4752 3024 4808 ἐσωθέν
3066 4771 3125 4808 τε
3180 4754 3274 4811 καὶ
3318 4754 3517 4822 ἔξωθεν
3555 4759 3767 4830 χρυσίῳ

2190 4842 2417 4916 καθαρῷ
2449 4843 2996 4915 διαπεπυκασμένην,
3030 4846 3125 4900 καὶ
3166 4845 3235 4900 τὰ
3269 4847 3579 4921 καλούμενα
3620 4867 3764 4921 μαρ-

2188 4934 2371 5008 τύρια,
2394 4932 2540 4989 τοῦτ’
2567 4934 2705 5013 ἔστι,
2739 4934 2833 4990 τὸν
2858 4935 3021 5005 νόμον
3037 4936 3113 5000 ὡς
3140 4939 3198 4991 tv
3226 4936 3419 5006 πλαξὶν
3447 4939 3763 5006 ὠδίνουσαν,

2190 5028 2286 5083 καὶ
2325 5027 2389 5080 οὗ
2435 5025 2598 5097 μέχρι
2629 5025 2836 5092 τούτων
2867 5026 2936 5081 τὰ
2974 5027 3065 5081 ἐπ’
3094 5028 3284 5101 αὑτήν·
3318 5029 3624 5103 ἀναφορέας
3653 5032 3766 5104 γὰρ

2187 5119 2253 5190 δὴ
2297 5118 2549 5188 γενέσθαι
2583 5116 2911 5195 προστάττει
2962 5118 3125 5181 πάλιν
3171 5118 3230 5187 ἐξ
3276 5120 3537 5192 ἀσήπτων
3570 5121 3761 5189 ξύλων,

2189 5210 2249 5262 tv
2280 5210 2379 5279 ίσῳ
2411 5206 2862 5279 κεχρυσωμένους
2883 5245 2899 5272 ,
2934 5206 3168 5279 χρυσοῦς
3208 5224 3271 5261 τε
3306 5208 3622 5274 δακτυλίους
3667 5211 3765 5263 καὶ

2192 5298 2433 5371 στρεπτὰ
2458 5297 2666 5368 κύκλῳ.
2701 5297 2893 5369 Μῆκός
2915 5315 2975 5353 τε
2996 5297 3091 5371 καὶ
3120 5298 3322 5363 πλάτος
3350 5300 3444 5353 καὶ
3468 5298 3603 5369 ὕψος
3631 5298 3765 5369 ὠρί-

2195 5364 2326 5445 σατο
2351 5407 2431 5461 τιρ
2463 5364 2792 5462 τεχνήματι..
2827 5388 2968 5444 Ἀλλ’
3002 5366 3065 5444 εί⁸
3093 5388 3336 5460 βούλοιτό
3363 5406 3447 5455 τις
3481 5364 3790 5461 τέσλυπρι¹

2193 5482 2414 5550 γμονεῖν
2442 5474 2503 5534 εὖ
2552 5480 2697 5551 μάλα
2737 5465 2806 5533 τὰ
2844 5479 3021 5534 τοιάδε
3054 5479 3359 5551 μυστικῶς,
3408 5480 3628 5552 εὑρήσει
3664 5479 3766 5548 μὲν

2193 5572 2341 5636 ἴσως,
2385 5573 2412 5624 ὃ
2442 5574 2494 5625 τί
2546 5572 2674 5625 ποτέ
2719 5575 2866 5627 ἐστιν
2907 5574 2939 5643 ἠ
2982 5572 3251 5651 κιϐωτὸς,Δ
3295 5572 3390 5628 καὶ
3433 5571 3500 5626 τὰ
3532 5573 3592 5625 ὲν
3620 5569 3761 5641 αἰξτῆ

580 5751 628 5802 l9
677 5749 822 5828 Psal.
853 5765 1011 5815 cxvii,
1036 5750 1121 5804 27.
1197 5751 1240 5781 ‘°
1267 5752 1419 5805 Joan.
1457 5766 1507 5814 v,
1541 5750 1630 5827 37,
1682 5748 1770 5803 58.
1813 5748 1854 5781 ⁸⁷
1889 5747 2059 5826 Exod.
2092 5762 2223 5821 xxv,
2254 5745 2344 5825 10,
2380 5746 2465 5824 ii.
