4142 6296
332 371 445 428 597

1053 363 1138 418 DE
1174 359 1619 435 ΛΒΟΒΛΤΙΟΝΕ
1654 357 1724 413 IN
1764 349 2037 410 SPIRITU
2084 349 2172 405 ET
2212 352 2582 411 VERITATE.
2625 355 2755 411 LIB.
2796 354 2913 411 lX.‘

3507 346 3616 416 898

344 479 645 558 μαρτύρια,
677 476 773 529 καὶ⁵
814 472 895 536 τίς
926 472 959 542 ή
996 470 1169 539 ξύλων
1210 472 1472 544 ἀσήπτων
1512 469 1702 540 γέγονε
1745 466 1924 540 χρεία.

2042 469 2147 516 rate
2188 462 2563 535 pervestigare
2582 504 2597 529 ,
2642 462 2894 539 fortassis
2938 463 3186 541 inveniet
3247 464 3342 523 ille
3386 467 3627 543 quidem

342 574 412 628 Τί
438 571 485 626 δ’
517 569 585 624 ἂν
619 565 862 638 βούλοιτο
887 562 1101 633 δηλοῦν,
1135 562 1231 617 καὶ
1255 565 1322 636 τῇ
1356 560 1574 635 κιϐωτῷ
1598 562 1659 616 τὸ
1681 561 1925 634 χρυσίον,

344 665 415 720 τὰ
436 663 573 722 τέως
592 661 651 712 ἐν
674 655 829 723 τάξει
853 655 1045 726 χρείας
1064 672 1125 708 τε
1153 656 1247 710 καὶ
1272 654 1481 726 κόσμου
1513 650 1925 723 συντεθειμένα,

346 752 589 823 κυμάτια
627 746 692 815 δὴ
725 745 892 816 λέγω,
931 744 1208 817 στρεπτὰ,
1240 744 1469 818 κρίκους
1506 761 1566 797 τε
1597 743 1688 798 καὶ
1721 742 1928 811 ἀναφο-

347 843 496 916 ρέας,
542 841 591 893 εί
633 835 1057 909 περιεργάζοιτο
1086 834 1288 908 τυχόν,
1335 834 1574 907 σκληρὸν
1613 833 1835 905 εὑρήσει
1868 831 1929 886 τὺ

344 931 558 1005 χρῆμα.
598 927 708 982 Καὶ
753 925 912 995 λόγον
954 925 1134 989 αὐτοῖς
1182 923 1495 997 ἐφαρμόσαι
1526 921 1617 975 τὸν
1668 919 1930 992 μυστικὸν

345 1024 450 1077 οὐκ
479 1021 653 1089 ἔχων,
692 1017 1112 1089 περιττοεπήσει
1148 1016 1290 1087 τάχα
1324 1033 1428 1095 που
1453 1056 1469 1079 ,
1514 1014 1609 1068 καὶ
1649 1013 1805 1086 ὄχλον
1848 1015 1929 1067 εί-

349 1114 523 1169 καίων
547 1108 905 1181 ἐπισωρεύσει
938 1107 1221 1179 ῥημάτων,
1256 1107 1376 1172 ταῖς
1402 1105 1513 1160 τῶν
1535 1103 1931 1176 φιλομαθεστέ-

2028 550 2161 621 quid
2198 552 2269 607 sit
2305 568 2454 620 arca,
2487 554 2689 625 quidve
2726 556 3043 613 testimonia
3075 573 3198 628 qua
3236 556 3294 617 in
3331 572 3396 615 ea
3432 560 3614 624 contio

2029 643 2326 712 nebantur,
2350 646 2553 717 quidve
2581 662 2716 704 usus
2737 648 3163 719 imputribilium
3191 649 3468 722 lignorum
3496 651 3618 711 fue-

2031 736 2122 791 rit.
2149 736 2258 793 Sed
2283 747 2467 794 tamen
2490 740 2624 810 quid
2655 740 2762 795 sibi
2796 740 2933 797 velit
2964 740 3101 799 illud
3136 742 3195 799 in
3231 759 3359 800 arca
3390 749 3627 815 aurum,‘

2030 826 2233 899 quidve
2268 844 2335 885 ea
2360 845 2482 900 quae
2525 830 2750 909 interim
2794 831 2865 887 ad
2911 848 3073 888 usum
3101 836 3223 906 ejus
3261 843 3320 892 et
3353 846 3613 897 ornatum

2031 919 2332 990 composita
2364 929 2512 989 sunt,
2540 923 2793 995 cymatia,
2820 923 3066 995 inquam,
3091 933 3147 981 et
3174 927 3472 996 versatilia,
3499 931 3612 986 cir-

2031 1012 2144 1066 culi
2176 1012 2343 1069 etiam
2365 1029 2429 1070 ac
2450 1022 2657 1081 vectes,
2681 1013 2727 1072 si
2754 1014 3029 1072 curiosius
3055 1017 3331 1087 exquirat,
3377 1019 3615 1074 arduum

2032 1118 2097 1158 ac
2131 1102 2350 1160 diﬂicile
2376 1121 2515 1177 opus
2538 1107 2801 1163 inveniet.
2825 1106 2963 1165 Cum
2987 1107 3173 1178 itaque
3197 1108 3483 1180 mysticam
3531 1125 3621 1164 ra—

354 1223 464 1280 ρων
506 1203 719 1265 ἀκοαῖς.
767 1198 998 1272 Ἀληθὴς
1040 1198 1100 1252 δέ
1144 1199 1277 1270 ἡμῖν
1305 1198 1333 1251 6
1374 1198 1533 1267 λόγος
1580 1197 1681 1251 οὐκ
1730 1197 1822 1251 ἐπί
1850 1215 1931 1253 τοι

2042 1194 2240 1251 tionem
2277 1196 2389 1253 illis
2423 1206 2612 1269 aptare
2639 1209 2899 1272 nequeat,
2925 1215 3337 1272 supervacaneo
3361 1213 3623 1257 sermone
3672 1255 3681 1277 ι

353 1281 523 1369 μόνης
560 1294 660 1366 τῆς
687 1290 924 1347 κιϐωτοῦ
954 1291 1136 1363 τυχὸν,
1172 1288 1469 1362 προσθείην
1502 1288 1548 1342 δ’
1590 1288 1658 1344 ἂν
1707 1288 1791 1344 ὅτι
1834 1290 1932 1344 καὶ

351 1388 443 1442 ἐπί
475 1405 540 1458 γε
564 1387 674 1441 τῶν
703 1385 902 1451 ἄλλων,
935 1382 972 1438 ἃ
1001 1382 1066 1454 δὴ
1091 1380 1345 1451 γενέσθαι
1368 1383 1759 1455 προστέταχεν.

428 1641 636 1696 ΠΛΛΛ.
682 1640 798 1695 Ούκ
841 1641 1083 1696 ἀπίθανά
1130 1658 1224 1714 μοι
1276 1641 1453 1708 δοκεῖς
1499 1644 1831 1700 διανοεῖσθαί
1873 1666 1934 1701 τε

356 1734 449 1788 καὶ
483 1732 681 1802 λέγειν.
722 1733 1013 1804 Τοιγάρτοι
1063 1735 1247 1806 μεθεὶς
1282 1736 1343 1789 τό
1373 1753 1437 1805 γε
1478 1733 1645 1809 ἧκον,
1691 1740 1767 1802 ὡς
1803 1739 1933 1811 φὴς,

353 1829 433 1890 είς
468 1826 817 1898 συμμετρίαν
853 1843 913 1880 τε
948 1828 1040 1881 καὶ
1066 1828 1276 1900 χρείαν,
1299 1829 1465 1902 ἡγουν
1487 1806 1567 1894 είς
1593 1830 1801 1901 κόσμον
1816 1806 1934 1886 των
1968 1806 2009 1860 Β

352 1918 843 1991 ἀποτελεσμάτων,
888 1920 975 1974 ἐπ’
1020 1922 1153 1975 αὐτὸ
1183 1923 1421 1977 διάττειν
1461 1924 1684 1993 ἐπείγου
1722 1924 1783 1978 τό
1821 1929 1935 1990 τοῖς

354 2010 737 2082 θεωρήμασιν,
784 2013 1102 2081 ἀναγκαῖον,
1155 2013 1301 2069 τοῦτ’
1347 2014 1504 2082 ἔστι,
1554 2017 1677 2070 τίνα
1733 2019 1935 2088 τρόπον

354 2103 518 2168 αὐτὸς
547 2105 680 2175 ἡμῖν
727 2106 757 2158 6
789 2107 1027 2178 Χριστὸς
1060 2108 1390 2179 σημαίνεται
1421 2108 1509 2162 διά
1548 2108 1657 2162 τῶν
1691 2109 1935 2181 παραδε-

353 2196 685 2267 δειγμὲνων,
742 2197 863 2271 ἦτοι
916 2202 1477 2273 κατεσκευασμένων,
1534 2201 1769 2273 άμελητλ⁵
1819 2202 1937 2256 δια-

356 2285 538 2356 σάφει.

426 2377 590 2433 ΚΥΡ.
648 2379 877 2444 Οὐκοῦν,
937 2380 1050 2451 ἐγὼ
1083 2382 1201 2455 μὲν,
1230 2383 1307 2447 ὼς
1342 2384 1420 2439 ἔνι
1482 2386 1688 2455 φράσαι
1723 2404 1784 2440 τε
1845 2388 1940 2442 καὶ

357 2468 521 2528 νοεῖν,
553 2467 904 2540 πειράσομαι.
939 2471 1370 2544 Διαμαρτάνοντι
1392 2473 1451 2528 δέ
1488 2477 1534 2529 τ’
1562 2476 1815 2548 ἀληθοῦς,
1843 2478 1939 2531 καὶ

364 2560 515 2628 μεῖον
547 2557 582 2629 ἢ
613 2558 720 2632 χρὴ
763 2563 829 2633 τῇ
882 2561 993 2617 τῶν
1033 2562 1324 2633 νοημάτων
1381 2565 1623 2638 ὑπεροχῇ
1667 2567 1940 2639 προσϐάλ-

361 2650 527 2718 λοντι,
584 2652 917 2725 συγγνώμων
965 2654 1075 2710 ἔσο.
1108 2655 1183 2709 Τὸ
1216 2656 1326 2728 γὰρ
1353 2658 1411 2710 ἐν
1457 2659 1707 2731 ἐσόπτρῳ
1752 2677 1810 2714 τε
1843 2662 1940 2714 καὶ

364 2742 647 2821 αἰνίγματι
672 2744 913 2814 βλέπειν,
947 2747 1316 2819 ἁποσφήλειεν
1346 2748 1412 2803 ἂν
1445 2749 1556 2806 ἔσθ’
1582 2752 1670 2804 ὅτε
1715 2752 1810 2806 καὶ
1848 2754 1939 2807 τὸν

365 2832 565 2904 ἀκριϐῆ
599 2851 657 2886 τε
680 2836 773 2889 καὶ
799 2835 1048 2910 ἔμφρονα
1079 2837 1225 2895 νοῦν.

436 2925 642 2980 ΠΑΛΛ.
679 2923 753 2980 Εὖ
782 2927 982 2997 λέγεις.

431 3018 595 3073 ΚΥΡ.
640 3019 705 3072 Ἦ
733 3020 965 3086 κιϐωτὸς
993 3023 1148 3094 ἡμῖν,
1176 3017 1222 3077 ὧ
1251 3022 1538 3091 Παλλάδιε,
1564 3026 1733 3093 τύπος
1759 3029 1824 3083 ἂν
1855 3031 1940 3103 εἴη

2034 1285 2370 1344 redundabit
2410 1288 2664 1367 fortasse,
2711 1301 2768 1347 et
2821 1291 3071 1348 inanium
3113 1292 3409 1348 verborum
3454 1289 3622 1349 turba

2034 1378 2409 1435 studiosorum
2434 1397 2599 1438 aures
2641 1384 2915 1440 onerabit.
2955 1383 3147 1455 quue,
3170 1383 3325 1455 quod
3359 1383 3618 1453 dicimus,

2034 1487 2148 1528 non
2172 1472 2230 1528 in
2261 1489 2391 1530 arca
2413 1476 2527 1530 sola
2549 1491 2741 1531 verum
2766 1485 2872 1543 est,
2901 1476 2996 1533 sed
3025 1476 3080 1532 in
3111 1476 3241 1533 aliis
3279 1477 3446 1534 etiam
3496 1493 3621 1549 qua

2037 1564 2157 1619 ﬁeri
2176 1565 2361 1636 jussit.

2105 1654 2304 1711 PALL.
2346 1657 2477 1712 Mihi
2511 1674 2644 1714 vero
2678 1675 2792 1715 non
2831 1661 3070 1718 absurde
3098 1665 3305 1720 sentire
3340 1679 3406 1731 ac
3434 1664 3625 1723 dicere

2036 1740 2264 1797 videris.
2291 1742 2453 1814 293
2477 1745 2668 1816 Igitur,
2706 1747 2777 1803 iis
2813 1750 3198 1818 prastermissis
3231 1767 3354 1822 qua:
3383 1752 3452 1808 ad
3485 1769 3621 1814 con-

2036 1834 2348 1903 gruentiam
2390 1844 2448 1891 et
2484 1853 2668 1904 usum,
2702 1846 2766 1894 ut
2790 1839 2952 1908 dicis,
2977 1858 3074 1897 seu
3105 1851 3362 1899 ornatum
3390 1858 3624 1915 operum

2037 1924 2340 1995 pertinent,
2368 1927 2436 1982 ad
2473 1943 2537 1983 ea
2572 1930 2758 2000 potius
2794 1933 3115 2003 explicanda
3140 1949 3329 2008 perge,
3351 1951 3473 2006 quas
3494 1943 3626 1991 sunt

2037 2016 2106 2072 ad
2150 2018 2673 2089 contemplationem
2720 2025 3056 2091 necessaria,
3099 2025 3155 2081 id
3201 2035 3305 2093 est,
3346 2028 3627 2098 quomodo

2039 2107 2200 2163 nobis
2239 2107 2494 2166 Christus
2537 2111 2657 2183 ipse
2699 2128 2800 2184 per
2838 2129 2904 2170 ea
2947 2131 3090 2186 quae,
3127 2118 3215 2172 vel
3255 2126 3495 2185 ostensa,
3535 2118 3626 2173 vel

2039 2214 2207 2268 Opere
2234 2200 2483 2270 perfecta
2513 2212 2662 2269 sunt,
2693 2204 3058 2276 signiﬁcetur,
3089 2207 3144 2263 id
3175 2224 3308 2265 vero
3334 2210 3454 2266 sine
3484 2224 3627 2266 cun-

2040 2289 2281 2345 ctatione
2315 2292 2546 2361 explica.

2111 2380 2269 2437 CYR.
2308 2382 2424 2454 Ego
2450 2400 2604 2451 vero,
2635 2396 2697 2441 ut
2726 2396 2940 2458 potero,
2967 2399 3024 2444 et
3063 2389 3391 2464 intelligere,
3424 2400 3482 2449 et
3525 2409 3625 2449 exe

2041 2473 2249 2543 plicare
2287 2476 2533 2532 conabor
2561 2496 2575 2531 :
2604 2479 2724 2546 sed,
2759 2481 2805 2535 si
2849 2497 2880 2536 a
2919 2481 3152 2538 veritate
3185 2459 3534 2553 aberravero,
3568 2493 3628 2542 et

2042 2565 2225 2621 minus
2249 2582 2416 2636 quam
2452 2577 2726 2639 oporteat,
2760 2586 3022 2627 sensuum
3064 2575 3439 2644 praestantiam
3481 2591 3634 2632 asse-

2042 2665 2205 2712 cutus
2229 2657 2409 2725 fuero,
2434 2660 2655 2715 veniam
2684 2661 2844 2717 dabis
2870 2681 2883 2716 :
2912 2678 3039 2718 nam
3062 2665 3191 2735 quia
3219 2664 3277 2719 in
3322 2666 3545 2736 speculo
3571 2670 3633 2721 et

2041 2749 2331 2821 aenigmate
2374 2751 2649 2820 videmus,
2693 2753 2932 2809 efﬁcitur
2972 2771 3371 2827 nonnunquam
3442 2767 3503 2813 ut
3540 2762 3630 2818 vel

2042 2842 2290 2912 prudens
2315 2851 2373 2899 et
2396 2843 2631 2916 diligens
2658 2844 2877 2901 animus
2904 2845 3143 2902 labatur.

2115 2933 2315 2990 PALL.
2356 2935 2527 2992 Recte
2554 2936 2716 2994 dicis.

2049 3074 2081 3087 κ
2118 3023 2275 3080 CYR.
2315 3024 2459 3080 Area
2502 3026 2692 3097 igitur,
2719 3028 2954 3097 Palladi,
2981 3037 3045 3085 ut
3079 3046 3183 3101 ego
3226 3031 3426 3098 sentio,
3452 3031 3632 3104 imago

361 3112 457 3169 καὶ
503 3112 667 3166 είκὼν
708 3113 803 3169 τοῦ
834 3115 1095 3181 Χριστοῦ.
1132 3116 1237 3172 Τὸν
1282 3118 1391 3190 γάρ
1435 3112 1937 3196 τῆς“ἐνανθρωπή-

2045 3131 2112 3170 ac
2158 3114 2330 3186 ﬁgura
2373 3114 2579 3171 Christi
2621 3125 2747 3171 est:
2777 3134 2927 3184 nam,
2980 3120 3026 3174 si
3076 3122 3492 3177 consideremus
3524 3138 3634 3192 qua

363 3222 501 3271 σεως
527 3204 621 3260 τοῦ
651 3206 992 3276 Μονογενοῦς
1017 3210 1485 3282 ἀνασκοπούμενοι
1519 3215 1741 3286 τῷπον,
1765 3219 1940 3273 καθά-

362 3313 471 3369 περ
521 3299 580 3354 ἐν
612 3298 833 3371 κιϐωτῷ
876 3299 955 3371 τῷ
991 3302 1054 3355 ἐκ
1095 3302 1373 3375 Παρθένου
1424 3307 1535 3377 ναῷ
1574 3307 1663 3361 τόν
1697 3311 1761 3364 ἐκ
1808 3312 1942 3365 Θεοῦ

363 3390 579 3462 Πατρὸς
604 3390 776 3456 Λόγον
821 3390 1209 3463 ἐνηυλισμὲνον
1277 3394 1539 3468 ὀψόμεθα.
1581 3419 1599 3451 ι
1636 3400 1942 3472 Κατῴκησε

362 3480 473 3553 γὰρ
526 3483 585 3535 ἐν
630 3480 783 3553 αύτῷ
830 3485 939 3537 πᾶν
983 3484 1044 3537 τὸ
1077 3485 1350 3558 πλήρωμα
1401 3490 1501 3560 τῆς
1539 3489 1790 3562 θεότητος
1841 3510 1944 3546 σωο

366 3573 635 3647 ματικῶς,
670 3594 689 3627 ι
741 3575 885 3631 κατά
914 3576 1016 3640 τὰς
1052 3577 1296 3648 Γραφάς.
1322 3580 1493 3649 Λόγος
1512 3580 1567 3635 δέ
1589 3577 1658 3653 ἦν
1690 3583 1845 3649 Θεοῦ,
1877 3586 1944 3639 τὰ

362 3671 422 3727 ἐν
451 3670 515 3739 τῇ
546 3666 765 3739 κιϐωτῷ
809 3668 1108 3739 μαρτύρια.
1144 3671 1255 3723 Καὶ
1285 3670 1506 3742 ἄσηπτα
1539 3673 1637 3742 μὲν
1681 3670 1748 3748 ἦν
1774 3676 1944 3747 αὐτῆς

361 3759 434 3814 τά
474 3759 626 3826 ξύλα,
674 3760 862 3831 χρυσῷ
911 3761 969 3814 δὲ
1019 3761 1099 3833 τῷ
1152 3761 1379 3835 καθαρῷ
1435 3765 1529 3818 καὶ
1589 3765 1945 3842 δοκιμωτάτῳ

363 3852 816 3919 κατεκαλλύνετο,
865 3853 1070 3907 ἔσωθεν
1121 3872 1184 3908 τε
1232 3855 1326 3909 καὶ
1379 3854 1599 3922 ἔξωθεν.
1637 3859 1945 3932 Ἀφθαρτον

363 3945 471 4015 γὰρ
500 3945 562 4000 τδ
587 3946 745 4018 σῶμα
784 3946 1047 4018 Χριστοῦ,
1082 3947 1334 4022 καθάπερ
1369 3953 1478 4004 τινὶ
1509 3952 1716 4025 χρυσῷ,
1742 3957 1809 4027 τῇ
1849 3955 1944 4010 τοῦ

364 4036 696 4103 ἐνοικοῦντος
741 4040 919 4109 Λόγου
968 4040 1194 4112 δυνάμει
1255 4042 1350 4096 καὶ
1412 4042 1801 4116 λαμπρότητι,
1849 4047 1946 4101 καὶ

362 4132 429 4201 τῇ
486 4128 580 4184 τοῦ
651 4130 806 4201 ἁγίου
876 4132 1194 4204 Πνεύματος
1270 4135 1431 4204 φύσει
1514 4136 1609 4189 καὶ
1683 4138 1941 4210 ἐνεργείᾳ

363 4220 653 4293 ζωοποιῷ,
713 4222 851 4293 πρὸς
905 4223 1214 4295 ἀφθαρσίαν
1281 4227 1767 4300 διακρατούμενον.
1844 4231 1946 4286 Διά

363 4311 471 4382 γάρ
500 4328 582 4364 τοι
619 4309 777 4364 τοῦτο
806 4311 902 4363 καὶ
948 4311 1235 4377 ζωοποιεῖν
1276 4313 1494 4382 λέγεται
1524 4315 1782 4387 Χριστός.
1819 4317 1944 4387 Ζωὴ

362 4399 471 4469 γάρ
502 4397 579 4455 ὢν
607 4398 751 4453 κατὰ
780 4398 943 4469 φύσιν
969 4401 997 4453 6
1030 4400 1095 4454 ἐκ
1120 4400 1258 4454 Θεοῦ
1286 4403 1500 4473 Πατρός
1532 4404 1721 4473 Λόγος,
1753 4407 1820 4477 τῇ
1850 4406 1945 4459 δυ-

363 4489 525 4560 νάμει
573 4489 669 4543 τοῦ
746 4487 876 4543 ίδίου
931 4488 1243 4561 πνεύματος
1291 4490 1384 4545 τὸν
1433 4490 1565 4547 ἴδιον
1608 4494 1771 4557 αὐτὸς
1812 4476 1943 4549 νάν-
1981 4476 2025 4531 υ

362 4578 648 4643 εζωοποίει
670 4579 819 4644 ναὸν,
838 4578 1047 4652 φθορᾶς
1069 4579 1332 4655 ἀνωτέρω
1351 4580 1538 4646 τιθείς.
1552 4601 1571 4634 ι
1592 4583 1656 4636 Ἥ
1671 4584 1779 4657 γὰρ
1807 4585 1945 4658 σάρξ

363 4671 530 4725 αὐτοῦ
581 4672 681 4727 οὐκ
723 4669 833 4726 οίδε
889 4673 1230 4745 διαφθοράν,
1281 4693 1300 4726 ι
1349 4674 1493 4729 κατά
1519 4674 1619 4748 τὴν
1650 4676 1745 4730 τοῦ
1785 4678 1941 4747 ἀγίου

364 4763 580 4817 Παύλου
623 4766 829 4836 φωνήν.
871 4751 1222 4838 Προσεῷώνει
1268 4764 1325 4819 δέ
1364 4784 1467 4820 που
1515 4768 1611 4820 καὶ
1648 4766 1941 4835 Ἰουδαίοις,

364 4856 494 4926 περὶ
524 4855 618 4909 τοῦ
656 4856 787 4911 ίδίου
839 4857 1113 4931 σώματος⁸
1147 4878 1166 4911 ι
1190 4859 1409 4914 Λύσατε
1452 4857 1547 4914 τὸν
1581 4858 1710 4913 ναὸν
1731 4858 1943 4926 τοῦτον,

364 4948 457 5001 καὶ
502 4949 561 5002 ἐν
584 4951 762 5020 τρισὶν
791 4950 1025 5023 ἡμέραις
1060 4951 1239 5024 ἐγερῶ
1282 4950 1478 5005 αὐτόν·
1523 4969 1542 5002 ι
1577 4950 1673 5004 καὶ
1715 4950 1823 5022 μὴν
1857 4951 1948 5005 καὶ

362 5042 393 5095 ὁ
433 5039 639 5112 Πέτρος
677 5040 1085 5098 τεθανατῶσθαι
1135 5044 1233 5116 μὲν
1298 5044 1482 5116 σαρκὶ,
1535 5044 1718 5114 φησὶν,
1762 5045 1947 5110 αὐτὸν,

363 5130 768 5202 ἐζωοποιῆσθαι
817 5133 876 5187 δέ
926 5136 1221 5207 πνεύματι.
1275 5135 1552 5208 Σύμϐολον
1583 5131 1675 5190 οὖν
1703 5136 1811 5208 ἄρα
1845 5137 1948 5206 τῆς

364 5222 762 5296 ὑπερλάμπρου
820 5223 1099 5294 θεότητος,
1146 5229 1174 5281 ό
1199 5228 1422 5298 χρυσὸς,
1461 5228 1945 5300 ἐπαληλειμμένης

362 5312 555 5383 ὥσπερ
585 5312 664 5385 τῷ
695 5315 836 5385 ἀγίῳ
888 5315 1124 5386 σώματι,
1158 5319 1253 5371 καὶ
1293 5319 1391 5391 τὴν
1441 5319 1577 5374 ἰδίαν
1611 5320 1776 5373 αὑτοῦ
1814 5320 1949 5391 λαμ-

365 5403 619 5474 πρότητά
645 5421 703 5458 τε
735 5403 830 5458 καὶ
861 5404 1172 5476 ἀφθαρσίαν
1197 5408 1435 5480 ἐνιείσης
1466 5411 1820 5482 ἀποῤῥήτως,
1852 5411 1949 5464 καὶ

363 5495 443 5557 ὡς
493 5496 629 5567 αὐτή
674 5513 779 5549 που
817 5497 951 5569 μόνη
980 5498 1074 5550 καὶ
1097 5497 1217 5551 καθ’
1260 5499 1458 5571 ἑαυτὴν
1517 5503 1550 5569 ὴ
1602 5502 1719 5555 θεία
1767 5521 1826 5557 τε
1857 5503 1949 5557 καὶ

370 5588 512 5659 ὑπὲρ
541 5589 665 5642 νοῦν
692 5589 980 5644 ἐπίσταται
1002 5589 1181 5660 φύσις.
1202 5588 1263 5642 ΕΞ
1294 5590 1401 5662 γὰρ
1441 5609 1459 5642 ι
1494 5593 1557 5645 Οί
1577 5593 1778 5647 δίκαιοι
1810 5596 1948 5649 κατά

442 5768 490 5801 ⁸⁸
525 5768 733 5831 Coloss.
764 5785 822 5835 ιι,
841 5768 892 5822 9.

2044 3205 2259 3260 ratione
2284 3205 2379 3260 ille
2402 3205 2732 3276 Unigenitus
2753 3206 2826 3262 sit
2853 3206 3019 3262 homo
3042 3208 3240 3274 factus,
3265 3209 3400 3264 illud
3425 3225 3494 3265 ex
3519 3209 3635 3266 Deo

2043 3296 2206 3351 Patre
2234 3295 2477 3350 Verbum
2512 3296 2569 3350 in
2599 3312 2667 3350 eo
2695 3297 2922 3367 templo,
2949 3298 3098 3367 quod
3130 3314 3199 3354 ex
3231 3300 3457 3372 Virgine
3484 3316 3638 3357 sum-

2044 3388 2172 3459 psit,
2196 3396 2455 3458 tanquam
2486 3388 2543 3442 in
2569 3404 2697 3444 arca
2720 3388 3059 3446 diversatum
3081 3390 3254 3448 fuisse
3275 3392 3632 3451 videbimus:

2052 3499 2069 3530 ι
2113 3479 2393 3535 Habitavit
2424 3482 2572 3537 enim
2613 3481 2669 3536 in
2704 3496 2773 3537 eo
2808 3482 2992 3538 omnis
3012 3483 3300 3555 plenitudo
3327 3484 3638 3542 divinitatis

2044 3572 2409 3643 corporaliter
2434 3573 2502 3638 ⁸⁸,
2536 3593 2554 3625 ι
2599 3581 2661 3629 ιιι
2692 3574 2963 3645 scriptum
3012 3584 3119 3632 est.
3160 3576 3403 3632 Verbum
3449 3585 3638 3633 autem

2045 3662 2142 3717 Dei
2171 3669 2333 3717 erant
2373 3662 2465 3718 illa
2511 3664 2569 3718 in
2611 3680 2739 3719 arca
2768 3666 3121 3734 testimonia;
3152 3682 3218 3723 ac
3242 3667 3387 3739 ligna
3409 3668 3637 3739 quidem

2045 3770 2187 3810 arcae
2222 3754 2587 3826 imputribilia
2629 3763 2809 3823 erant,
2839 3774 2977 3815 auro
3004 3757 3173 3813 etiam
3214 3759 3511 3830 purissimo
3568 3770 3637 3817 ao

2045 3850 2440 3919 probatissimo
2486 3850 2726 3907 interius
2787 3859 2846 3906 et
2887 3850 3132 3906 exterius
3173 3859 3365 3907 ornata
3400 3869 3412 3905 :
3449 3851 3635 3907 incor-

2046 3942 2311 4012 ruptibile
2354 3942 2594 4014 namque
2634 3952 2758 3999 erat
2795 3941 3002 3999 Christi
3034 3958 3261 4014 corpus,
3289 3943 3436 4014 quod
3467 3942 3523 3999 vi
3554 3950 3638 3998 at-

2046 4050 2153 4104 que
2212 4034 2508 4105 splendore
2555 4034 2727 4092 Verbi
2784 4034 3169 4101 inhabitantis,
3205 4043 3264 4091 et
3320 4034 3638 4092 viviﬁcante

2045 4128 2222 4184 sancti
2267 4127 2511 4199 Spiritus
2551 4136 2751 4183 natura
2796 4136 2962 4199 atque
2999 4127 3327 4193 eﬂicientia,
3374 4134 3637 4197 tanquam

2046 4237 2183 4277 auro
2215 4221 2467 4292 .quodam
2509 4221 2565 4276 in
2603 4222 3019 4290 incorruptione
3053 4221 3437 4275 contineretur
3465 4237 3477 4272 :
3504 4234 3637 4278 nam

2046 4315 2120 4370 ob
2163 4329 2286 4369 eam
2332 4328 2555 4368 causam
2591 4310 2875 4374 vivificare
2915 4313 3083 4366 etiam
3114 4309 3370 4366 Christus
3399 4309 3635 4378 dicitur;

2049 4421 2176 4462 cum
2205 4405 2356 4459 enim
2391 4402 2528 4458 illud
2564 4417 2633 4456 ex
2664 4401 2777 4455 Deo
2811 4401 2975 4456 Patre
3016 4400 3262 4456 Verbum
3302 4410 3495 4472 suapte
3532 4418 3637 4458 na—

2052 4503 2175 4548 tura
2201 4494 2314 4547 vita
2339 4499 2507 4558 esset,
2541 4491 2628 4546 sui
2655 4488 2884 4560 spiritus
2914 4489 2969 4544 vi
2998 4504 3160 4545 suum
3197 4489 3462 4559 templum
3490 4489 3638 4545 vivi-

2052 4582 2271 4647 ﬁcabat,
2299 4587 2464 4650 atque
2502 4586 2567 4634 ut
2598 4577 2974 4649 corruptionis
3008 4592 3207 4649 expers
3238 4586 3404 4643 esset,
3429 4577 3637 4635 etlicie-

2051 4674 2165 4730 bat.
2201 4692 2220 4726 ι
2251 4672 2394 4730 Caro
2429 4672 2579 4727 enim
2613 4673 2735 4743 ejus
2764 4686 2877 4727 non
2900 4670 3041 4726 vidit
3072 4669 3486 4742 corruptionem
3509 4671 3577 4738 ⁸⁸,
3609 4692 3631 4724 ι

2045 4767 2203 4838 juxta
2242 4764 2392 4820 beati
2425 4763 2577 4819 Pauli
2606 4778 2820 4818 vocem.
2850 4761 3207 4834 Loquebatur
3237 4761 3404 4817 etiam
3436 4761 3505 4818 ad
3535 4762 3636 4819 Ju-

2049 4862 2198 4916 daeos
2219 4859 2288 4914 de
2315 4872 2547 4929 corpore
2573 4871 2675 4912 suo
2702 4873 2715 4910 :
2751 4876 2769 4907 ι
2802 4855 3010 4912 Solvite
3042 4856 3310 4927 templum
3344 4854 3473 4922 hoc,
3498 4866 3555 4912 et
3580 4856 3639 4915 in

2050 4951 2232 5007 tribus
2263 4950 2464 5006 diebus
2503 4942 2758 5004 excitabo
2782 4946 2917 5002 illud
2943 4947 3008 5002 ὀ.
3050 4967 3070 4998 ι
3099 4946 3409 5014 Quinetiam
3437 4947 3637 5003 Petrus

2051 5044 2206 5098 illum
2237 5042 2462 5113 quidem
2502 5039 3103 5097 carnemortiiicatum
3136 5040 3234 5105 ait,
3266 5040 3362 5095 sed
3392 5040 3637 5094 viviﬁca-

2052 5146 2169 5192 tum
2207 5136 2404 5206 spiritu
2430 5135 2497 5190 ⁹¹.
2543 5133 2861 5205 Symbolum
2900 5140 2986 5187 est
3021 5132 3190 5203 igitur
3216 5145 3414 5186 aurum
3452 5131 3633 5199 ipsum

2050 5227 2506 5301 splendidissima;
2527 5226 2853 5292 divinitatis,
2871 5242 2980 5296 qua
3000 5232 3250 5279 sanctum
3273 5222 3408 5277 illud
3432 5237 3635 5301 corpus

2053 5321 2224 5375 veluti
2259 5319 2459 5375 illitum
2485 5327 2624 5383 erat,
2652 5333 2883 5388 qumque
2915 5332 3076 5373 suum
3114 5314 3230 5383 ipsa
3280 5312 3655 5386 splendorem

2053 5420 2109 5468 et
2147 5411 2617 5482 incorruptionem
2648 5407 3009 5472 ineﬂ‘abilitcr
3043 5405 3395 5470 immittebat,
3427 5412 3487 5459 ut
3517 5407 3636 5476 ipsa

2055 5504 2301 5575 profecto
2331 5505 2469 5569 sola,
2495 5511 2551 5558 et
2576 5502 2798 5571 quidem
2834 5514 2933 5570 per
2961 5488 3019 5555 se
3045 5498 3199 5554 novit
3223 5498 3409 5553 divina
3441 5497 3555 5564 illa,
3580 5508 3633 5556 et

2057 5616 2176 5668 quae
2207 5597 2628 5667 intelligentiam
2671 5610 2889 5650 omnem
2931 5600 3174 5664 superat,
3214 5601 3431 5648 natura.
3473 5592 3634 5673 Nam,

971 5764 1158 5822 "Act.
1202 5785 1259 5835 ιι,
1291 5769 1378 5823 5i.
1458 5769 1679 5826 "Joan.
1724 5787 1784 5838 ιι,
1817 5772 1902 5840 19.
1986 5773 2025 5803 ⁹¹
2084 5772 2274 5837 chtr.
2322 5768 2521 5836 111,18.
