4142 6296
500 392 603 468 599

1526 397 1582 454 s.
1624 393 1898 453 cmeu
1939 381 2408 445 ALEXANDRINI
2446 350 2764 435 ARClllEF.

3655 366 3760 426 600

500 529 547 584 si
581 548 598 579 ι
631 527 769 583 .Iusti
795 522 1093 596 aliquando
1133 519 1421 593 fulgebunt
1471 526 1532 574 ut
1569 517 1650 573 sol
1690 516 1746 571 in
1785 527 1954 585 regno
1977 511 2078 566 Pa—

2185 504 2406 576 καιροὺς
2440 496 2811 568 ἐκλάμψουσιν
2850 493 2927 557 ὡς
2962 493 2990 546 ὁ
3020 491 3170 562 ήλιος
3203 489 3259 544 ἐν
3290 490 3357 561 τῇ
3390 486 3639 560 βασιλείᾳ
3663 486 3763 542 τοῦ

499 621 602 675 tris
639 619 726 674 sui
753 619 820 681 ",
856 635 874 668 ι
911 616 1022 686 jam
1046 621 1251 685 quanta
1288 612 1396 667 erit
1432 609 1607 681 ipsius
1629 607 1836 665 Christi
1871 603 2080 677 gloria?

495 709 662 782 294
684 706 969 776 Quomodo
1004 720 1115 761 non
1147 715 1205 760 et
1238 700 1654 774 intelligentiam
1684 708 1741 756 et
1771 698 2079 754 orationem

496 819 717 860 omnem
755 801 930 857 vincit
964 800 1057 855 ille
1086 797 1299 870 fulgor?
1330 794 1499 852 Aurei
1522 793 1689 850 etiam
1714 799 1846 849 sunt
1869 797 2079 854 vectes,

495 898 591 967 qui
619 909 805 951 arcam
829 893 1126 958 sustinent,
1151 888 1307 947 aurei
1328 895 1385 943 et
1407 885 1621 948 circuli.
1650 899 1819 941 aurea
1840 882 2080 951 denique

495 990 553 1045 in
591 1004 657 1045 ea
694 997 825 1044 sunt
860 985 1046 1043 omnia
1073 1003 1088 1038 :
1112 981 1411 1055 participes
1439 992 1680 1048 namque
1714 975 1864 1030 illius
1895 973 2081 1045 gloriae

496 1087 628 1136 sunt
696 1080 794 1151 qui
844 1078 1002 1133 illum
1046 1075 1427 1138 circumstant,
1480 1071 1669 1140 illique
1715 1066 1980 1125 cbaritate
2025 1074 2082 1122 et

498 1171 794 1227 sanctitate
829 1179 1091 1240 tanquam
1135 1166 1280 1223 afﬁxi
1319 1172 1468 1229 sunt,
1508 1169 1564 1222 et
1602 1176 1764 1216 usum
1811 1158 2079 1229 prmbent.

497 1262 702 1328 Quales
729 1262 807 1317 illi
837 1260 1013 1317 sancti
1056 1257 1313 1329 discipuli
1355 1261 1536 1320 erant,
1568 1255 1663 1323 qui
1696 1251 1811 1306 vim
1837 1250 2082 1305 divinam

497 1354 569 1407 ab
613 1368 682 1409 eo
734 1351 1101 1423 accipiebant,
1147 1356 1205 1405 et
1255 1362 1508 1420 superna:
1555 1346 1704 1400 illius
1746 1342 2083 1398 excellentiae

499 1444 850 1514 splendorem
898 1451 1058 1498 erant
1102 1439 1483 1514 participando
1527 1435 1831 1495 consecuti.
1896 1435 2082 1504 Itaque

501 1533 686 1588 divina
719 1533 875 1604 signa
896 1516 1113 1588 obeam
1138 1544 1360 1587 causam
1386 1528 1643 1585 edebant.

572 1623 774 1680 PALL.
812 1623 984 1679 Recte
1007 1638 1140 1680 sane
1163 1622 1325 1679 dicis.

571 1716 731 1771 CYR.
780 1734 798 1766 ι
835 1715 906 1771 Ει
925 1722 1127 1785 praeter
1149 1730 1333 1770 arcam
1368 1712 1560 1778 facies,
1594 1731 1613 1762 ι
1648 1710 1857 1782 inquit,
1903 1729 1920 1759 ι
1951 1725 2082 1779 pro-

504 1805 871 1875 pitiatorium,
911 1805 1413 1876 superpositionem
1436 1819 1502 1859 ex
1526 1818 1663 1858 auro
1685 1816 1825 1872 puro
1848 1800 2084 1855 duorum

506 1896 823 1951 cubitorum
859 1904 916 1950 et
946 1895 1161 1954 dimidii
1199 1894 1566 1967 longitudine,
1594 1902 1650 1948 et
1690 1892 1862 1952 cubiti
1904 1899 1962 1946 et
1998 1890 2087 1944 di-

507 1972 667 2042 midii
718 1986 1031 2051 latitudine.
1074 1986 1145 2049 Et
1189 1984 1359 2042 facies
1407 1985 1518 2041 duo
1549 1983 1873 2046 Cherubim,
1919 1996 2088 2035 aurea

507 2079 822 2146 tornatilia;
868 2088 925 2139 et
959 2080 1212 2150 impones
1242 2095 1307 2137 ca
1338 2094 1407 2134 ex
1435 2087 1671 2148 utroque
1698 2077 1871 2131 latere
1897 2074 2087 2144 propi-

508 2169 743 2235 tiatorii,
769 2168 993 2235 Cberub
1021 2185 1168 2227 unus
1210 2183 1278 2223 ex
1302 2168 1497 2231 latere,
1524 2175 1578 2222 et
1601 2165 1824 2221 Cherub
1854 2181 1997 2219 unus
2020 2180 2088 2218 ex

506 2261 683 2318 latere
707 2262 882 2318 altero
905 2261 1293 2333 propitiatorii.
1311 2261 1383 2315 Et
1402 2259 1573 2315 facies
1598 2260 1699 2314 hos
1725 2258 1866 2313 duos
1877 2258 2090 2314 Cheru-

507 2354 626 2409 bim
659 2369 827 2425 supra
849 2354 960 2410 duo
993 2354 1190 2417 latera,
1218 2351 1580 2408 extendentes
1604 2366 1799 2407 manus
1827 2365 2086 2422 supcrne,

507 2446 908 2503 obumbrantes
932 2445 1036 2505 alis
1060 2443 1176 2500 suis
1201 2459 1371 2514 supra
1394 2444 1862 2514 propitiatorium,
1887 2450 1944 2497 et
1966 2445 2089 2499 vul-

508 2545 600 2593 tus
621 2552 815 2597 eorum
842 2535 1073 2595 alterius
1114 2535 1172 2597 in
1211 2534 1447 2592 alterum
1484 2534 1767 2599 obversos,
1807 2535 1874 2589 ad
1905 2534 2093 2606 propi-

505 2628 794 2687 tiatorium
833 2633 999 2689 erunt
1019 2625 1206 2681 vultus
1241 2624 1562 2691 Cherubim,
1587 2633 1644 2681 et
1684 2625 1935 2696 impones
1957 2642 2088 2696 pro-

509 2719 854 2789 pitiatorium
891 2717 949 2777 in
987 2732 1172 2774 arcam
1215 2733 1475 2788 superne,
1500 2725 1557 2771 ct
1599 2717 1657 2772 in
1691 2733 1820 2773 arca
1855 2732 2092 2788 repones

509 2811 829 2866 testimonia
866 2826 990 2881 quae
1013 2810 1115 2866 tibi
1152 2809 1295 2865 dabo
1328 2829 1341 2864 :
1367 2818 1423 2866 et
1460 2825 1761 2882 cognoscar
1793 2826 1824 2865 a
1856 2818 1910 2865 te
1938 2810 2087 2877 inde,

509 2913 567 2957 et
588 2903 783 2972 loquar
809 2910 992 2958 tecum
1028 2917 1195 2974 super
1226 2902 1614 2973 propitiatorio
1649 2901 1794 2956 inter
1814 2900 1924 2957 duo
1945 2902 2091 2958 Che-

512 2994 699 3067 rubim
745 3010 869 3066 qua
919 3002 1050 3051 sunt
1092 3010 1260 3067 supra
1323 3010 1509 3049 arcam
1552 2994 1892 3061 testimonii,
1935 2997 2092 3067 juxta

511 3084 698 3147 omnia
797 3100 1139 3158 quaecunque
1227 3085 1564 3141 mandavero
1642 3085 1746 3142 tibi
1801 3086 1873 3145 ad
1948 3086 2093 3142 ﬁlios

512 3175 679 3237 Israel
701 3176 767 3231 ”.
803 3195 827 3231 ι

540 3409 547 3416 ’
583 3421 781 3477 PALL.
819 3420 964 3487 Quid
995 3435 1128 3491 ergo
1158 3421 1602 3491 propitiatorium
1643 3437 1766 3477 esse
1799 3425 2035 3479 censes?

583 3514 742 3569 CYR.
783 3513 938 3581 Quod
970 3513 1195 3583 quidem
1227 3513 1294 3568 ad
1323 3513 1561 3570 litteram
1592 3515 1839 3586 pertinet
1881 3525 1939 3572 et
1970 3533 2093 3572 um-

512 3609 693 3672 bram,
718 3622 787 3662 ex
812 3621 949 3661 auro
981 3621 1122 3687 puro
1148 3605 1355 3661 factum
1387 3616 1525 3671 erat,
1563 3616 1619 3663 et
1656 3608 1917 3680 subjectae
1955 3626 2097 3667 arcae

513 3707 636 3755 erat
669 3696 986 3767 impositum
1014 3714 1027 3751 :
1054 3696 1127 3752 ob
1160 3712 1281 3751 eam
1321 3697 1524 3768 quippe
1553 3712 1774 3753 causam
1824 3714 2094 3775 superpo-

515 3791 646 3847 sitio
674 3790 884 3846 dictum
913 3797 1019 3855 est,
1048 3788 1117 3843 ad
1149 3787 1298 3859 quod
1339 3804 1465 3845 cum
1508 3791 1762 3846 conversi
1805 3799 2014 3857 essent,
2040 3799 2097 3846 et

515 3883 653 3937 illud
711 3882 1059 3962 aspicerent,
1111 3882 1207 3951 qui
1264 3882 1559 3938 sacerdotii
1622 3884 1798 3955 gloria
1853 3885 2096 3956 insignes

515 3977 697 4038 erant,
743 3972 811 4034 ad
852 3972 1028 4027 Deum
1077 3971 1257 4041 ipsum
1296 3970 1532 4036 obverti,
1564 3988 1804 4045 eumque
1849 3977 2097 4046 aspicere

513 4062 866 4118 videbantur.
920 4061 982 4119 Id
1030 4076 1166 4117 vero
1214 4061 1262 4117 si
1315 4061 1678 4131 spiritualiter
1738 4064 2095 4136 intelligatur,

514 4154 963 4226 propitiatorium
994 4169 1116 4212 esse
1139 4153 1387 4219 dicemus
1414 4170 1541 4209 eum
1588 4155 1683 4225 qui
1710 4171 1811 4226 pro
1835 4157 1994 4211 nobis
2016 4168 2100 4214 est

516 4247 684 4301 homo
705 4244 904 4311 factus,
934 4264 953 4298 ι
978 4259 1143 4316 quem
1168 4246 1458 4317 proposuit
1482 4246 1628 4302 Deus
1652 4250 2097 4329 propitiationcm

515 4351 617 4406 per
640 4335 804 4392 ﬁdem
824 4336 879 4391 in
906 4335 1170 4407 sanguine
1193 4335 1368 4407 ipsius
1390 4337 1458 4392 ad
1480 4340 1853 4406 ostensioncm
1871 4342 2101 4413 justitia:

515 4444 629 4484 suae
666 4428 732 4483 ".
774 4447 794 4480 θ
846 4428 1054 4485 Paulus
1109 4428 1256 4486 enim
1315 4429 1423 4486 hoc
1479 4431 1634 4490 dicit.
1680 4432 1886 4489 Scribit
1932 4436 2098 4491 etiam

2180 593 2394 665 Πατρδς
2446 590 2646 653 αὐτῶν,
2696 607 2715 639 ι
2753 587 2837 651 τίς
2888 585 3042 639 ἔσται
3092 582 3280 636 λοιπὸν
3325 583 3359 652 ή
3406 579 3575 635 αὐτοῦ
3634 580 3765 645 δόξα

2180 682 2454 757 Χριστοῦ;
2510 680 2637 743 Πῶς
2679 678 2736 732 δέ
2774 677 2836 730 οὐ
2875 675 2967 729 νοῦ
2999 675 3093 728 καὶ
3130 672 3289 741 λόγου
3324 670 3471 742 πέρα
3499 670 3699 733 παντὸς
3725 672 3761 740 ἡ

2181 775 2482 848 ἐκλαμψιςς
2530 772 2739 849 Χρυσοϊ
2785 769 2843 822 δέ
2886 767 2984 839 τὴν
3032 764 3265 821 κιϐωτὸν
3306 762 3522 835 ἔχοντες
3559 763 3767 830 ἀναφυ-

2183 870 2318 941 ρεῖς,
2365 865 2556 938 χρυσοῖ
2589 862 2684 917 καὶ
2740 862 2792 914 οἱ
2831 858 3034 930 κρίκοι,
3079 857 3172 910 καὶ
3201 854 3380 909 πάντα
3413 853 3483 907 τά
3502 853 3562 905 ἐν
3587 853 3750 924 αὐτῇε

2186 960 2403 1033 μέτοχοι
2457 955 2567 1026 γὰρ
2622 953 2722 1024 τῆς
2765 951 2924 1023 δόξης
2949 951 2998 1004 οἱ
3054 948 3193 1019 ἀμφ’
3228 945 3409 1011 αὐτὸν,
3442 944 3537 997 καὶ
3580 942 3656 1007 ὡς
3705 944 3770 995 ἐν

2183 1054 2372 1129 ἀγάπῃ
2401 1051 2494 1103 καὶ
2521 1044 2780 1116 ἁγιασμῷ
2810 1035 3459 1129 προσερηρεισμένοιᾲκαὶ
3475 1036 3761 1129 χρήσιμοι.

2184 1120 2425 1195 Τοιοῦτοί
2449 1153 2592 1200 τινες
2612 1131 2752 1208 ἦσαν
2775 1120 2870 1191 καὶ
2894 1131 2942 1183 οἱ
2964 1129 3225 1200 μακάριοι
3253 1124 3516 1197 μαθηταὶ,
3534 1120 3768 1193 δύναμιν

2182 1234 2280 1306 τὴν
2318 1230 2448 1306 παρ’
2503 1226 2669 1287 αὐτοῦ
2721 1225 2821 1297 τήν
2874 1220 3155 1292 θεοπρεπῆ
3208 1218 3512 1290 δεχόμενοι,
3545 1215 3638 1269 καὶ
3664 1214 3769 1283 τῆς

2183 1324 2389 1382 ἄνωθεν
2423 1319 2699 1395 ὑπεροχῆς
2747 1318 2845 1388 τὴν
2887 1312 3252 1387 λαμπρότητα
3301 1306 3576 1381 μεθεκτῶς
3601 1308 3768 1360 ἐκπε-

2185 1415 2570 1488 πλουτηκότες,
2626 1411 2721 1465 καὶ
2770 1406 3107 1479 πληροῦντες
3132 1402 3219 1457 διὰ.
3250 1400 3409 1455 τοῦτο
3444 1397 3544 1463 τὰς
3576 1397 3769 1467 θεοσησρ

2188 1510 2336 1583 μίας.

2250 1600 2460 1659 ΠΑΛΛ.
2507 1594 2712 1667 Ὀρθῶς
2741 1593 2897 1664 ἔφης.

2255 1694 2419 1748 ΚΥΡ.
2455 1709 2473 1742 ι
2510 1689 2622 1743 Kal
2643 1685 2780 1756 πρός
2808 1701 2873 1753 γε
2898 1683 2965 1753 τῇ
2992 1677 3231 1749 κιϐωτῷ,
3262 1672 3769 1748 ποιήσεις,ιφησὶν,

2194 1805 2211 1838 ι
2249 1784 2588 1853 ἱλαστήριον,
2622 1776 2860 1848 ἐπίθεμα
2896 1771 3121 1846 χρυσίου
3157 1767 3402 1838 καθαροῦ
3431 1768 3523 1820 δύο
3550 1767 3772 1838 πήχεων

2189 1878 2285 1932 καὶ
2351 1874 2584 1945 ἡμίσους
2636 1869 2699 1922 τὸ
2737 1868 2932 1943 μῆκος,
2966 1865 3058 1919 καὶ
3090 1863 3310 1933 πήχεως
3334 1859 3429 1913 καὶ
3451 1857 3681 1929 ἡμίσους
3706 1855 3773 1913 τὸ

2191 1965 2413 2028 πλάτος.
2444 1960 2554 2015 Kal
2582 1959 2829 2043 ποιήσειὲ
2856 1955 2950 2010 δύο
2972 1952 3254 2025 Χερουϐὶμ
3275 1950 3457 2024 χρυσᾶ
3484 1947 3770 2019 τορνευτάο

2191 2059 2284 2112 καὶ
2333 2055 2615 2127 ἐπιθήσεις
2667 2040 2815 2107 αὐτᾶ
2839 2048 2900 2114 ἐξ
2923 2046 3247 2119 ἀμφοτέρων
3285 2044 3396 2099 τῶν
3440 2040 3639 2097 κλιτῶν
3674 2040 3772 2100 τοῦ

2193 2147 2527 2222 ἱλαστηρίου.
2582 2142 2979 2215 Ποιηθήσονται
3053 2138 3337 2211 Χερουϐὶμ
3410 2134 3489 2201 εἷς
3560 2136 3625 2188 ἐκ
3675 2133 3778 2188 τοῦ

2191 2241 2410 2302 κλίτους
2470 2237 2696 2300 τούτου,
2748 2233 2844 2288 καὶ
2919 2230 3204 2303 Χερουϐὶμ
3254 2224 3336 2293 εἷς
3392 2228 3457 2281 ἐκ
3514 2225 3608 2280 τοῦ
3657 2225 3817 2279 κλία’

2189 2349 2317 2395 τους
2361 2328 2456 2383 τοῦ
2506 2326 2758 2398 δευτέρου
2812 2322 2905 2378 τοῦ
2962 2320 3299 2393 ἱλαστηρίου.
3364 2318 3476 2375 Kal
3523 2318 3775 2389 ποιήσεις

2190 2424 2317 2488 τοὺς
2355 2422 2449 2476 δύο
2482 2418 2765 2491 Χερουϐὶμ
2814 2415 2907 2470 ἐπὶ
2939 2414 3010 2470 τά
3063 2412 3158 2467 δύο
3212 2412 3391 2483 κλίτη.
3429 2411 3685 2464 Ἔσονται
3723 2409 3775 2467 οἱ

2191 2512 2473 2587 Χερουϐὶμ
2521 2510 2852 2572 ἐκτείνοντες
2881 2506 2991 2570 ml;
3036 2505 3313 2577 πτέρυγας
3357 2500 3635 2556 ἐπάνωθεν
3678 2517 3775 2552 συ-

2194 2607 2511 2670 σκιάζοντες
2540 2605 2661 2666 ταῖς
2681 2598 2939 2672 πτέρυξιν
2968 2597 3145 2673 αὐτῶν
3179 2596 3271 2651 ἐπὶ
3305 2594 3399 2649 τοῦ
3438 2592 3773 2664 ἱλαστηρίου,

2190 2698 2288 2754 καὶ
2315 2696 2384 2751 τά
2412 2694 2680 2767 πρόσωπα
2707 2690 2886 2746 αὐτῶν
2913 2689 3228 2760 εἱσάλληλα,
3263 2689 3345 2753 εἱς
3369 2688 3429 2742 τὸ
3460 2686 3776 2757 ἱλαστήριον

2191 2791 2406 2846 ἔσονται
2437 2787 2505 2842 τὰ
2534 2785 2803 2858 πρόσωπα
2848 2776 2955 2838 τῶν
2988 2780 3289 2854 Χερουϐίμ.
3330 2779 3442 2835 Kal
3494 2778 3777 2851 ἐπιθήσεις

2191 2883 2253 2937 τὸ
2282 2882 2593 2953 ἱλαστήριον
2620 2878 2714 2932 ἐπὶ
2743 2876 2842 2948 τὴν
2870 2875 3115 2946 κεφαλὴν
3142 2873 3369 2940 ἄνωθεν,
3411 2873 3505 2926 καὶ
3543 2872 3629 2935 είς
3677 2870 3776 2943 τὴν

2193 2973 2425 3029 κιϐωτὸν
2458 2971 2714 3043 ἐμϐαλεῖς
2753 2968 2823 3023 τά
2874 2967 3151 3040 μαρτύρια
3190 2965 3228 3020 ἃ.
3275 2965 3341 3019 ἂν
3393 2962 3468 3019 δῶ
3507 2980 3610 3017 σοι.
3666 2961 3779 3017 Kal

2195 3060 2615 3134 γνωσθήσομαί.
2640 3077 2721 3115 σοι
2772 3057 3004 3120 ἐκεῖθεν,
3045 3054 3139 3111 καὶ
3188 3053 3408 3125 λαλήσω
3443 3069 3527 3107 σοι
3563 3049 3778 3105 ἄνωθεν

2124 3181 2169 3240 c
2200 3153 2295 3211 τοῦ
2349 3153 2663 3225 ίλαστηρίου
2698 3151 2805 3206 ἀνά
2860 3150 3022 3221 μέσον
3062 3147 3170 3202 τῶν
3216 3146 3309 3201 δύο
3359 3141 3782 3240 Χερουϐὶμ.τῶ

2198 3247 2368 3304 ὄντων
2395 3244 2488 3298 ἐπὶ
2524 3244 2623 3314 τῆς
2673 3239 2908 3297 κιϐωτοῦ
2945 3240 3040 3295 τοῦ
3070 3236 3395 3317 μαρτυρίου,
3426 3234 3568 3299 κατὰ
3601 3233 3783 3289 πάντα⁹

2193 3340 2296 3394 ὅσα
2324 3337 2391 3391 ἂν
2429 3332 2749 3409 ἐντείλωμαί
2792 3350 2874 3386 σοι
2903 3332 3037 3403 πρὸς
3058 3330 3186 3394 τούς
3218 3330 3367 3393 υἱοὺς
3397 3325 3637 3399 Ἰσραήλ.
3677 3342 3698 3378 ι

2265 3427 2475 3481 ΠΑΛΛ.
2510 3420 2643 3478 Εἶτα
2676 3422 2728 3476 τί
2762 3421 2824 3474 τὸ
2847 3421 3157 3491 ἱλαστήριον
3186 3415 3325 3472 εἶναι
3356 3418 3496 3489 φής;

2266 3518 2432 3573 ΚΥΡ.
2468 3517 2631 3570 Ὅσον
2668 3515 2766 3586 μὲν
2812 3508 2948 3585 ἦκεν
2981 3511 3061 3576 εἷς
3085 3528 3144 3571 τε
3182 3511 3417 3589 γράμμα
3468 3509 3562 3562 καὶ
3598 3507 3779 3569 σκιὰν.

2196 3612 2261 3664 ἐκ
2304 3607 2508 3681 χρυσοῦ
2556 3607 2851 3676 ἐπεποίητο
2893 3601 3173 3675 καθαροῦ,
3206 3603 3301 3656 καὶ
3343 3599 3623 3673 ἐπήρτητό
3665 3614 3781 3661 πως

2197 3700 2521 3772 ἐπικειμένη
2564 3702 2632 3771 τῇ
2686 3696 2944 3768 κιϐωτιξν
2996 3694 3213 3769 εἴρηται
3251 3693 3361 3764 γὰρ
3412 3690 3649 3771 ἐπίθεμα
3693 3689 3781 3743 διὰ

2194 3793 2371 3847 τοῦτο.
2406 3791 2787 3862 Τετραμμένοι
2829 3789 2887 3842 δὲ
2925 3788 3007 3850 εἱς
3040 3785 3175 3839 αὐτὸ
3224 3785 3318 3842 καὶ
3359 3783 3679 3853 βλέποντες,
3730 3781 3783 3832 οἱ

2196 3886 2311 3947 τοὶς
2351 3883 2450 3953 τῆς
2474 3881 2776 3954 ἱερωσύνης
2812 3880 3098 3950 αὐχήμασι
3127 3870 3782 3948 κατηγλαὶσμὲνοι,·πρὸς

2197 3976 2331 4029 Θεὸν
2360 3976 2579 4029 ἐδόκουν
2601 3974 2907 4045 τετράφθαι
2942 3972 3038 4027 καὶ
3068 3970 3307 4042 βλέπειν.
3339 3967 3523 4036 Φαμὲν
3559 3965 3617 4017 δέ
3640 3958 3782 4017 εἶναι

2196 4067 2259 4121 τὸ
2305 4067 2637 4137 ἱλαστήριον,
2670 4067 2719 4117 εί
2757 4066 2930 4118 νοοῖτο
2977 4060 3384 4133 πνευματικῶς,
3413 4058 3503 4113 τὸν
3530 4058 3594 4112 δι’
3632 4056 3782 4132 ἡμᾶς

2198 4136 2493 4229 γενόμενον
2511 4155 2606 4210 ἀνθ
2617 4172 2817 4228 ρωπον,
2841 4173 2859 4207 ι
2880 4153 2939 4208 όν
2955 4153 3217 4226 προέθετο
3245 4153 3273 4206 ὁ
3298 4151 3429 4215 Θεὸς
3470 4136 3783 4220 ἱλαστήριον

2198 4252 2286 4307 διὰ
2315 4251 2551 4314 πίστεως
2582 4251 2641 4305 ἐν
2676 4248 2754 4321 τῷ
2774 4247 2940 4303 αὐτοῦ
2970 4247 3184 4319 αἵματι,
3216 4248 3295 4311 εἱς
3317 4242 3539 4308 ἔνδειξιν
3560 4242 3661 4310 τῆς
3698 4240 3782 4293 δι-

2201 4346 2494 4417 καιοσύνης
2517 4346 2705 4401 αὐτοῦ.
2728 4365 2746 4399 ι
2783 4345 2992 4410 Παῦλος
3015 4345 3123 4417 γὰρ
3142 4337 3248 4399 ὧδέ
3272 4359 3456 4414 φησιν.
3503 4337 3785 4395 Ἐπιστέλ-

2199 4439 2282 4493 λει
2340 4439 2398 4494 δὲ
2457 4439 2591 4510 ἡμῖν
2646 4438 2743 4498 καὶ
2776 4438 3026 4509 Ἰωάννης
3069 4438 3099 4491 ό
3148 4434 3457 4504 σοφώτατος
3506 4430 3777 4504 μαθητής⁶

515 4519 585 4575 ad
642 4535 744 4576 nos
798 4520 1039 4577 Joannes
1093 4520 1187 4589 ille
1243 4522 1684 4593 sapientissimus
1737 4524 2090 4598 discipulus:

2210 4550 2227 4583 ι
2255 4530 2476 4594 Τεκνία,
2509 4529 2683 4584 ταῦτα
2721 4530 2919 4603 γράφω
2952 4530 3101 4602 ὑμῖν,
3129 4528 3218 4583 ἵνα
3249 4526 3324 4599 μὴ
3351 4527 3658 4598 ἁμάρτητε,
3684 4520 3784 4577 καὶ

523 4629 542 4660 ι
586 4610 800 4677 Filioli,
851 4610 971 4677 haec
1034 4611 1219 4668 scribo
1266 4613 1454 4680 vobis,
1509 4622 1572 4670 ut
1637 4631 1748 4672 non
1804 4619 2093 4689 peccetis:

515 4699 679 4772 295
737 4701 784 4757 si
844 4710 1029 4758 autem
1091 4708 1405 4781 peccaverit
1470 4705 1706 4776 aliquis,
1769 4709 2096 4777 advocatum

514 4791 789 4848 habemus
799 4792 868 4847 ad
887 4793 1132 4862 Patrem,
1148 4794 1337 4851 Jesum
1350 4794 1632 4853 Christum
1646 4796 1881 4868 justum,
1901 4806 1958 4854 et
1978 4799 2094 4870 ipse

512 4891 599 4939 est
627 4883 946 4954 propitiatio
963 4887 1081 4967 [pro
1106 4887 1348 4956 peccatis
1372 4887 1608 4953 nostris;
1633 4904 1744 4943 non
1770 4905 1872 4959 pro
1890 4874 2095 4947 nostris

514 4983 701 5032 autem
744 4983 995 5043 tantum,
1050 4978 1150 5034 sed
1188 4979 1357 5041 etiam
1394 4995 1499 5050 pro
1535 4981 1705 5036 totius
1738 4982 1930 5037 mundi
1963 4983 2029 5036 ⁸⁸.
2068 5002 2085 5033 ι

512 5072 621 5129 Per
661 5070 842 5141 ipsum
870 5071 1020 5127 enim
1056 5071 1399 5142 propitiatio,
1426 5073 1865 5146 supplicatioque
1891 5076 2089 5141 omnis,

510 5177 577 5218 ac
597 5162 874 5227 bonorum
898 5161 1095 5233 petitio
1127 5178 1141 5214 :
1181 5177 1309 5217 nam
1338 5181 1356 5213 ι
1393 5161 1580 5243 Usque
1604 5165 1787 5231 modo,
1830 5186 1847 5219 ο
1886 5167 2088 5239 inquit,

521 5271 541 5301 ‹
563 5269 674 5308 non
697 5253 937 5324 petiistis
975 5253 1277 5326 quidquam
1308 5252 1365 5309 in
1390 5255 1614 5311 nomine
1647 5272 1802 5323 meo;
1830 5258 2019 5330 petite,
2044 5269 2101 5314 ct

515 5345 741 5400 dabitur
769 5345 927 5402 vobis
945 5346 1036 5400 η’.
1081 5365 1100 5398 ι
1131 5347 1253 5427 ipse
1292 5346 1461 5418 igitur
1499 5357 1585 5403 est
1616 5332 2096 5429 propitiatorium;

515 5447 616 5505 per
648 5433 830 5505 ipsum
861 5450 1101 5507 namque
1131 5436 1192 5493 fit
1231 5436 1390 5494 nobis
1424 5438 1697 5510 propitius
1732 5439 1916 5504 Pater,
1950 5448 2008 5494 et
2042 5439 2097 5494 in

516 5523 697 5594 ipsum
718 5524 923 5581 desinit
948 5528 1129 5584 omnis
1160 5514 1494 5601 precationis
1527 5529 1671 5595 finis,
1699 5537 1756 5586 et
1786 5544 1887 5601 per
1917 5530 2097 5603 ipsum

516 5612 852 5682 accedimus,
872 5632 997 5675 cum
1018 5619 1167 5677 haud
1188 5621 1295 5679 alia
1312 5624 1527 5679 ratione
1554 5622 1767 5679 admitti
1800 5624 2094 5680 nossimus.

588 5792 634 5824 "
653 5792 847 5852 Matth.
891 5806 1005 5858 xm,
1030 5795 1116 5849 43.
1194 5798 1237 5827 θ’
1261 5798 1427 5871 Exod.
1460 5815 1581 5863 xxv,
1623 5798 1806 5853 17-22.

2203 4624 2299 4678 ἐάν
2323 4640 2406 4687 τις
2435 4623 2493 4677 δέ
2519 4623 2762 4695 ἁμάρτῃ.
2787 4622 3139 4699 παράκλητον
3160 4619 3357 4692 ἔχομεν
3390 4617 3525 4691 πρὸς
3548 4618 3639 4671 τὸν
3663 4616 3783 4671 Πα-

2202 4713 2359 4786 τέρα,
2415 4713 2622 4785 Ἰησοῦν
2668 4713 2905 4786 Χριστὸν
2954 4713 3184 4776 δίκαιον,
3230 4711 3325 4767 καὶ
3356 4709 3520 4774 αὐτὸς
3551 4705 3784 4776 ἱλασμός

2203 4805 2319 4860 ἐστι
2377 4806 2506 4878 περὶ
2541 4804 2652 4859 τῶν
2695 4804 2983 4877 ἁμαρτιῶν
3012 4802 3192 4876 ἡμῶν,
3234 4802 3295 4855 οὐ
3336 4800 3466 4873 περὶ
3505 4798 3613 4852 τῶν
3643 4799 3781 4869 ήμε-
3844 4824 3849 4828 ·

2200 4897 2374 4981 τέρων
2402 4897 2460 4953 δὲ
2503 4897 2703 4970 μόνων,
2732 4896 2868 4951 ἀλλὰ
2902 4895 2996 4951 καὶ
3041 4894 3170 4967 περὶ
3196 4893 3320 4948 ὅλου
3364 4891 3459 4947 τοῦ
3496 4891 3724 4957 κόσμου.
3751 4906 3774 4939 ι

2201 4990 2277 5042 Δι’
2316 4989 2483 5043 αὐτοῦ
2525 4989 2634 5064 γὰρ
2664 4988 2912 5061 ἱλασμδς,
2958 4987 3090 5059 εὐχή
3128 5004 3189 5040 τε
3229 4987 3400 5049 πᾶσα,
3437 4984 3532 5038 καὶ
3562 4981 3782 5052 αἴτησις

2201 5080 2445 5150 ἀγαθῶν.
2481 5102 2499 5135 ι
2541 5082 2686 5146 Ἕως
2728 5082 2836 5156 γὰρ
2869 5082 2995 5152 άρτι
3022 5118 3039 5145 ,
3073 5099 3092 5132 ι
3129 5079 3313 5151 φησὶν,
3352 5097 3370 5128 ι
3413 5076 3513 5130 οὐκ
3539 5075 3778 5147 ᾐτήσατε

2197 5175 2350 5229 οὐδὲν
2373 5174 2467 5229 ἐ,πὶ
2497 5173 2574 5246 τῷ
2610 5173 2834 5244 ὀνόματί
2885 5190 2986 5244 μου
3012 5188 3027 5204 ’
3080 5172 3279 5226 αἰτεῖτε
3302 5211 3317 5237 ,
3367 5167 3462 5222 καὶ
3493 5166 3780 5238 δοθήσεται

2197 5268 2345 5339 ὑμῖν.
2384 5286 2402 5319 ι
2445 5266 2615 5335 Αὐτὸς
2644 5260 2738 5321 οὖν
2777 5266 2885 5337 ἄρα
2910 5263 2971 5317 τὸ
3000 5263 3329 5333 ἱλαστήριον.
3367 5260 3446 5329 Δι’
3474 5255 3639 5310 αὐτοῦ
3669 5254 3778 5324 γὰρ

2196 5360 2326 5431 ἡμῖν
2360 5358 2518 5420 ἵλεως
2551 5357 2580 5409 ὀ
2613 5354 2823 5427 Πατὴρ,
2865 5353 2960 5407 καὶ
3000 5353 3079 5416 εἱς
3123 5351 3287 5405 αὐτὸν
3336 5347 3637 5418 καταλήγει
3669 5345 3778 5398 πᾶν

2197 5448 2371 5520 πέρας
2416 5446 2602 5518 εὐχῆς,
2639 5445 2735 5498 καὶ
2766 5444 2834 5498 δι’
2879 5439 3046 5501 αὐτοῦ
3090 5441 3393 5513 πρόσιμεν,
3429 5437 3529 5507 οὐχ
3573 5434 3777 5505 ἑτέρως

2196 5522 2579 5605 ὅντεςῧεκτοί.¹
2603 5536 2895 5609 Τοιγάρτοι
2923 5534 3116 5607 φησὶν,
3144 5550 3164 5583 ι
3210 5528 3351 5599 Ἐγὼ
3377 5531 3494 5599 εἱμι
3522 5527 3557 5598 ή
3578 5524 3718 5587 ὀδός⁸
3749 5539 3769 5573 r

2197 5627 2310 5695 καὶ,
2332 5647 2350 5680 ι
2389 5627 2528 5696 Ἐγώ
2553 5610 2841 5698 εἰμιθύρα,
2870 5644 2889 5677 ι
2905 5627 3020 5689 καὶ,
3046 5642 3065 5675 ‹
3086 5621 3273 5683 Οὐδεὶς
3296 5617 3515 5689 ἔρχεται
3538 5611 3780 5685 πρδςτδν

1890 5800 1933 5829 ’⁸⁸
1960 5797 2114 5855 Rom,
2151 5815 2228 5865 ιιι,
2269 5802 2351 5855 25.
2431 5803 2473 5831 ’⁵⁵
2508 5802 2525 5856 l
2560 5817 2711 5855 ναίω.
2745 5816 2799 5864 ιι,
2840 5800 2887 5864 l,
2920 5801 2972 5853 9..
3052 5798 3119 5829 ’⁸⁸
3144 5797 3298 5855 Joan.
3342 5808 3457 5865 xw,
3488 5789 3579 5859 24.
