4142 6296
366 390 464 447 60!

1109 383 1197 438 DE
1235 380 1677 438 ADORATIONE
1712 380 1779 436 IN
1814 379 2082 436 SPIRITU
2125 380 2213 434 ET
2259 378 2621 436 VERITATE.
2660 345 2790 434 LlB.
2831 375 2923 433 IX.

3524 377 3631 434 602

369 505 608 576 Πατέρα,
643 502 693 555 εί
738 501 813 573 μὴ
840 499 905 553 δι’
944 497 1100 570 ἐμοῦ.
1149 520 1167 551 ι
1206 498 1354 570 Πλὴν
1399 499 1448 552 εἱ
1474 501 1569 552 ml.
1598 498 1789 568 γέγονε
1817 495 1939 551 καθ’

2049 495 2228 567 itaque
2264 496 2376 550 ait:
2406 515 2423 547 ι
2449 495 2563 567 Ego
2581 510 2702 550 sum
2726 493 2851 561 via;
2880 512 2898 545 ι
2923 501 3013 548 et:
3049 512 3065 544 ι
3089 493 3202 563 Ego
3229 507 3351 548 sum
3362 493 3564 564 ianua;
3600 512 3622 546 ο

364 598 535 670 ἡμᾶς,
571 592 780 654 καθιεὶς
812 589 1007 646 ἑαυτὸν
1057 591 1137 653 είς
1174 588 1573 661 ἁνθρωπότητά
1623 607 1682 642 τε
1721 590 1817 642 ml.
1846 587 1940 642 κέ-

364 700 530 738 νωσιν
578 680 608 732 6
644 677 943 750 μονογενὴς
982 676 1078 730 τοῦ
1119 675 1255 730 Θεοῦ
1296 678 1489 747 Λόγος,
1540 678 1655 734 ἀλλ’
1692 676 1807 730 ἔστι
1848 676 1944 729 ml.

365 768 493 822 ἴδιον
525 763 692 820 αὐτοῦ
734 763 981 834 φυσικῶς
1008 764 1068 817 τδ
1095 767 1153 819 ὲν
1182 763 1308 837 δόξῃ
1334 764 1571 820 νοεῖσθαι
1612 767 1680 837 τῇ
1710 764 1941 837 θεοπρε-

363 862 475 924 πεῖ,
507 857 603 915 καὶ
628 857 686 910 ὲν
735 856 1029 928 ὑπεροχαῖς
1070 855 1335 929 ὑπάρχειν
1367 859 1488 921 ταῖς
1522 858 1661 931 ὑπὲρ
1692 856 1787 929 τὴν
1826 854 1944 909 κτί-

362 962 470 1008 σιν,
510 943 761 1016 καθάπερ
784 942 975 1013 ἀμέλει
997 943 1092 996 καὶ
1117 944 1224 1015 πρὸ
1260 942 1365 1016 τῆς
1392 947 1612 1018 σαρκός.
1654 945 1755 1001 Διά
1779 943 1944 1000 τοῦτο

364 1035 433 1090 τὰ
465 1036 746 1111 Χερουϐὶμ
798 1037 1118 1107 περιεστᾶσι
1155 1036 1216 1090 τὸ
1264 1037 1595 1111 ἱλαστήριον,
1630 1038 1945 1103 πυκάζοντα

366 1131 490 1193 ταῖς
524 1127 775 1201 πτέρυξι,
811 1128 907 1185 καὶ
939 1126 1075 1199 πρὸς
1110 1129 1243 1183 αὐτὸ
1272 1133 1625 1205 τετραμμένα
1646 1173 1661 1198 ,
1713 1134 1809 1187 καὶ
1856 1133 1944 1186 ἀεὶ

367 1221 427 1274 τὸ
463 1221 767 1291 πρόσωπον
793 1221 1167 1295 ὲπερείδοντα,
1197 1223 1292 1275 καὶ
1320 1223 1644 1295 δορυφορίας
1688 1224 1785 1295 μὲν
1809 1225 1944 1279 ἀπό-

364 1310 526 1376 δειξις
557 1312 816 1383 ἐναργὴς,
843 1314 876 1385 ή
903 1314 982 1375 εἱς
1025 1312 1176 1378 δεξιά
1226 1331 1282 1366 τε
1314 1315 1408 1367 καὶ
1436 1315 1691 1385 εὐώνυμα
1734 1315 1941 1379 στάσις.

366 1400 442 1454 Τὸ
473 1401 529 1452 δὲ
558 1400 664 1453 τῶν
693 1402 953 1455 ἀνωτάτω
980 1400 1261 1472 δυνάμεων
1285 1400 1446 1454 οἱονεί
1492 1420 1608 1466 πως
1649 1402 1858 1456 ἔντονόν
1884 1420 1943 1456 τε

370 1490 463 1544 ml.
501 1492 790 1562 ἀκόρεστον
822 1491 901 1554 εἱς
945 1490 1223 1554 θεοπτίαν,
1271 1491 1634 1560 ύπεμφαίνειν
1664 1490 1854 1556 ἔοικεν,
1885 1492 1946 1546 τὸ

372 1581 586 1651 βλέπειν
611 1581 697 1634 ἀεὶ
725 1581 793 1634 τὰ
820 1580 1103 1653 Χερουϐὶμ
1134 1581 1227 1634 ἐπὶ
1257 1582 1318 1634 rb
1356 1581 1689 1655 ἱλαστήριον.
1744 1585 1832 1637 Ἐν
1858 1585 1937 1655 τῷ

373 1672 487 1743 ἰδίῳ
522 1671 577 1726 δὲ
616 1674 853 1748 σχήματι
894 1673 1095 1743 γράφει
1133 1672 1225 1726 τὸν
1276 1673 1405 1728 Υἱὸν
1445 1675 1539 1726 καὶ
1585 1677 1613 1728 6
1663 1677 1947 1747 προφήτης

378 1763 834 1834 Ἦσαῒας,λέγων·
875 1784 893 1816 ι
924 1762 1076 1818 Εἶδον
1098 1765 1192 1817 τὸν
1223 1764 1426 1836 Κύριον
1455 1764 1683 1820 Σαϐαὼθ
1700 1765 1944 1838 καθήμε-

2042 596 2101 643 et
2126 605 2138 641 :
2170 606 2187 638 ι
2215 587 2389 642 Nemo
2410 587 2562 641 venit
2588 585 2657 641 ad
2683 586 2922 650 Patrem,
2949 583 3056 639 nisi
3081 599 3179 655 per
3204 599 3292 639 me
3306 584 3375 638 ".
3406 602 3425 635 ι
3450 581 3628 639 Caete-

2040 692 2185 742 rum,
2226 675 2443 732 tametsi
2494 675 2669 731 nostri
2717 673 2913 729 similis
2948 672 3125 728 factus
3147 674 3238 738 sit,
3266 688 3389 728 cum
3413 687 3532 728 sese
3558 672 3630 728 ad

2042 766 2443 822 humanitatem
2468 765 3010 833 exinanitionemque
3039 763 3258 818 demisit
3279 762 3414 818 illud
3435 766 3629 834 unige-

2040 858 2220 913 nitum
2257 855 2355 911 Dei
2387 855 2661 921 Verbum;
2691 860 2777 909 est
2808 860 2992 908 tamen
3027 852 3107 906 illi
3141 851 3499 907 nihilominus
3532 867 3630 906 na-

2041 955 2179 1006 turae
2200 963 2312 1003 suae
2345 946 2554 1002 ratione
2572 945 2878 1016 proprium,
2903 944 2959 997 in
2984 959 3046 998 ea
3068 943 3236 1013 gloria
3265 958 3329 998 ac
3378 944 3632 1014 majesta-

2045 1048 2099 1096 te
2136 1056 2258 1111 quae
2277 1041 2449 1095 Deum
2488 1039 2703 1103 deceat,
2727 1036 2987 1107 intelligi;
3014 1046 3069 1089 et
3095 1035 3151 1088 in
3192 1050 3261 1089 ea
3305 1035 3631 1089 excellentia

2042 1148 2150 1204 qua
2171 1132 2439 1189 creaturis
2463 1130 2719 1186 omnibus
2741 1135 2984 1200 prastat,
3004 1114 3348 1196 permanere,
3363 1125 3629 1195 quemad-

2043 1223 2267 1278 modum
2284 1224 2401 1279 sine
2417 1222 2587 1278 dubio
2603 1229 2724 1278 erat
2758 1230 3054 1291 antequam
3072 1233 3290 1274 carnem
3306 1217 3627 1286 accepisset.

2044 1317 2126 1373 Ob
2156 1331 2277 1372 eam
2306 1316 2471 1386 igitur
2516 1330 2736 1370 causam
2762 1313 3061 1369 Cherubim
3107 1311 3463 1366 circumstant
3496 1322 3629 1378 pro~

2045 1405 2407 1478 pitiatorium,
2449 1414 2506 1460 et
2540 1411 2731 1476 tegunt
2768 1404 2899 1468 alis;
2933 1410 2989 1458 et
3015 1402 3082 1457 ad
3114 1399 3249 1455 illud
3284 1414 3442 1453 versa
3477 1405 3629 1464 sunt,

2046 1508 2213 1567 atque
2235 1497 2417 1553 vultus
2449 1496 2505 1551 in
2535 1496 2671 1551 illud
2695 1496 2901 1568 ﬁgunt;
2944 1510 3009 1550 ac
3050 1492 3369 1549 satellitium
3404 1489 3628 1560 quidem

2045 1586 2333 1642 evidenter
2355 1584 2598 1641 ostendit
2646 1583 2739 1638 illa
2788 1582 2857 1637 ad
2898 1581 3181 1636 dexteram
3234 1579 3626 1646 sinistramque

2048 1676 2212 1731 statio
2247 1694 2260 1729 :
2292 1674 2439 1744 quod
2466 1690 2597 1729 vero
2622 1689 2838 1744 semper
2858 1671 3157 1728 Cheruhim
3182 1668 3625 1741 propitiatorium

2047 1768 2339 1837 aspiciunt,
2374 1766 2509 1820 illud
2546 1781 2909 1836 supernarum
2946 1765 3211 1819 virtutum
3252 1763 3543 1826 intentum,
3570 1767 3628 1815 et

366 1871 455 1911 νον
485 1854 578 1908 ἐπὶ
615 1854 803 1925 θρόνου
838 1854 1041 1926 ὑῂλοῦ
1080 1856 1174 1908 καὶ
1202 1834 1537 1927 ἐπηρμένου,
1569 1859 1662 1910 ml
1694 1834 1946 1928 Σεραιρὶμ

2051 1834 2383 1929 inexplebile
2421 1857 2519 1911 Dei
2563 1834 2784 1911 videndi
2811 1855 3146 1910 desiderium
3201 1852 3444 1907 indicare
3473 1852 3628 1907 vide-

365 1947 689 2017 εἱστήκεσαν
725 1946 910 2017 κύκλῳ
941 1946 1128 2009 αὐτοῦ,
1171 1967 1189 1999 ›
1225 1950 1321 2001 ml.
1361 1948 1420 2016 ἓξ
1456 1950 1554 2019 μὲν
1579 1950 1792 2019 ἑκάστῳ
1821 1951 1947 2003 πτέ-

369 2054 539 2109 ρυγας
568 2038 956 2105 ἐκπεφυκέναι,
990 2038 1154 2109 φησὶ,
1197 2038 1494 2094 καλύπτειν
1521 2041 1579 2094 δὲ
1623 2039 1763 2095 αύτά
1783 2082 1797 2106 ,
1828 2043 1949 2104 ταῖς

371 2128 471 2199 μὲν
509 2127 631 2181 δυσὶ
656 2128 782 2190 τοὺς
808 2128 994 2191 πόδας,
1024 2131 1145 2193 ταῖς
1183 2130 1240 2183 δὲ
1274 2131 1395 2183 δυσὶ
1425 2129 1494 2183 τά
1522 2130 1810 2201 πρόσωπα,
1847 2129 1945 2183 πέ-

366 2217 554 2272 τεσθαι
578 2217 634 2270 δὲ
667 2219 788 2281 ταῖς
824 2219 1061 2290 ἑτέραις.
1101 2219 1210 2272 Καὶ
1245 2220 1289 2273 εί
1328 2220 1426 2291 μὲν
1457 2220 1622 2273 οἴοιτό
1660 2237 1744 2283 τις
1779 2220 1949 2272 ὅτιτὸ

367 2308 460 2363 τοῦ
491 2308 627 2362 Θεοῦ
662 2309 972 2379 πρόσωπον,
1006 2309 1097 2362 ml
1122 2309 1225 2381 μὴν
1257 2310 1351 2364 ml.
1377 2312 1504 2375 τοὺς
1531 2311 1696 2374 πόδας
1718 2311 1942 2365 κατεκά·

368 2401 569 2455 λυπτον
592 2401 660 2454 τά
687 2402 959 2472 Σεραφὶμ,
990 2401 1143 2454 οὐδὲν
1184 2402 1409 2466 ἀπεικὸς
1446 2406 1646 2457 ἐννοεῖν
1685 2421 1736 2455 τι
1773 2402 1948 2456 τοιοῦ-

368 2511 482 2546 τον.
517 2493 962 2564 Μετατρὲποντες
996 2492 1106 2563 γὰρ
1146 2494 1225 2556 είς
1271 2492 1542 2563 Ἑλλήνων
1594 2494 1798 2564 φωνὴν,
1850 2490 1945 2547 τοῦ

373 2585 623 2655 Σεραφὶμ
669 2584 763 2655 τήν
797 2583 1048 2656 δήλωσιν,
1074 2583 1326 2651 γνώσεως
1356 2584 1673 2657 πληθυσμὺν
1702 2586 1824 2657 ’ήτοι
1855 2602 1947 2638 σο-

375 2676 504 2745 φίας
537 2676 689 2746 χύσιν
716 2675 1120 2747 σημαινομένην
1151 2676 1478 2747 εὑρήσομεν.
1516 2677 1945 2747 ’Υπεμφαίνουσι

373 2765 656 2837 τοιγαροῦν
692 2764 769 2836 τῷ
808 2767 1049 2838 σχήματι
1082 2767 1176 2820 ml
1195 2766 1336 2837 μάλα
1362 2767 1567 2836 σαφῶς,
1601 2768 1657 2820 αί
1684 2766 1946 2834 πάνσοφοί

371 2870 429 2908 τε
465 2856 555 2910 καὶ
603 2857 860 2910 ἀνωτάτω
900 2857 1160 2929 δυνάμεις
1186 2896 1201 2922 ,
1248 2858 1331 2911 ὅτι
1364 2857 1499 2910 Θεοῦ
1551 2857 1842 2929 πρόσωπον
1882 2857 1944 2909 ού

372 2945 529 3017 θέμις
557 2948 788 3019 ὁρᾶσθαι
836 2947 971 3019 πρός
1012 2965 1177 3013 τινος.
1222 2950 1498 3012 Ἀποπτος
1532 2951 1640 3020 γὰρ
1672 2947 1944 3011 παντελῶς

370 3041 404 3110 ή
439 3039 578 3111 ὑπὲρ
608 3041 784 3095 πάντα
822 3039 948 3095 νοῦν
991 3042 1108 3097 ὲστι
1138 3041 1319 3112 φύσις,
1365 3042 1459 3094 ml
1508 3040 1621 3110 φῶς
1653 3040 1945 3111 ἀπρόσιτον

2050 1958 2138 2004 tur
2173 1968 2184 2002 :
2217 1948 2661 2005 describitetiam
2687 1947 2951 2017 propheta
2984 1946 3149 2000 Isaias
3181 1944 3379 1998 Filium
3407 1941 3629 2012 pr0prio

2047 2042 2283 2113 quodam
2321 2040 2536 2106 habitu,
2573 2039 2765 2095 dicens
2796 2057 2811 2092 ι
2855 2058 2873 2090 ι
2913 2038 3038 2093 Vidi
3067 2037 3356 2097 Dominum
3388 2034 3624 2089 Sabaoth

2049 2140 2334 2195 sedentem
2362 2154 2529 2207 super
2544 2138 2806 2191 thronum
2842 2136 3119 2191 excelsum
3171 2141 3227 2188 et
3250 2134 3545 2196 elevatum,
3573 2143 3630 2187 et

2049 2228 2337 2298 Seraphim
2368 2229 2585 2283 stabant
2618 2227 2774 2282 'circa
2832 2226 2984 2279 illum
3016 2242 3028 2277 :
3078 2245 3095 2276 ι
3130 2232 3187 2279 et
3212 2239 3372 2278 senas
3406 2221 3627 2292 quidem

2046 2319 2159 2373 alas
2198 2320 2376 2389 inquit
2418 2317 2618 2387 cuique
2667 2317 2866 2382 fuisse;
2915 2317 3090 2385 iisque
3148 2323 3359 2385 tegere,
3414 2312 3630 2367 duabus

2048 2406 2268 2477 quidem
2295 2406 2482 2476 pedes,
2509 2405 2724 2459 duabus
2749 2403 2937 2469 facies,
2963 2403 3177 2457 cmteris
3225 2402 3409 2455 volare
3437 2401 3503 2452 ν’.
3529 2399 3627 2465 Ac,

2048 2497 2094 2552 si
2125 2495 2250 2566 quis
2272 2504 2428 2570 putet
2456 2496 2553 2555 Dei
2611 2493 2805 2548 faciem
2849 2507 2912 2547 ac
2941 2492 3110 2565 pedes
3140 2498 3432 2560 contegere
3467 2487 3629 2543 Sera-

2046 2589 2219 2658 phim,
2273 2588 2412 2642 nihil
2434 2586 2659 2641 absurdi
2710 2592 2794 2639 est
2834 2585 2911 2638 ita
2954 2583 3291 2638 existimare.
3346 2581 3520 2645 Nam,
3580 2578 3629 2645 si

2048 2679 2213 2749 hujus
2241 2677 2479 2732 nominis
2507 2675 2793 2746 Seraphim
2819 2672 3271 2745 signiﬁcationem
3306 2669 3363 2724 in
3387 2668 3628 2724 Graecam

2045 2785 2238 2825 vocem
2264 2766 2676 2831 transferamus,
2704 2763 2948 2820 scientia:
2972 2760 3396 2833 plenitudinem,
3428 2765 3521 2812 aut
3546 2756 3631 2815 ef-

2046 2860 2316 2916 fusionem
2341 2860 2643 2930 sapientize,
2670 2856 2980 2928 signiﬁcare
3018 2836 3511 2923 deprehendemus.
3536 2850 3633 2907 Sa-

2046 2952 2401 3023 pientissimze
2451 2949 2619 3019 igitur
2668 2948 2772 3001 illae
2834 2962 2899 3001 ac
2959 2959 3230 3014 supremae
3291 2943 3526 2998 virtutes
3563 2957 3631 2998 eo

2048 3044 2237 3098 habitu
2263 3042 2396 3097 illud
2427 3039 2835 3097 evidentissime
2877 3054 2988 3108 prae
3013 3052 3071 3090 se
3098 3035 3301 3098 ferunt,
3337 3033 3480 3088 haud
3511 3049 3632 3088 esse

369 3129 528 3190 οἰκεῖ,
559 3129 703 3183 κατά
739 3128 835 3201 τὴν
863 3129 955 3183 τοῦ
987 3130 1255 3201 μακαρίου
1312 3130 1521 3183 Παύλου
1570 3132 1776 3202 φωνὴν,
1843 3130 1939 3185 ml.

2049 3137 2126 3191 fas
2153 3152 2185 3191 a
2220 3149 2494 3205 quoquam
2523 3132 2619 3186 Dei
2654 3130 2847 3185 faciem
2878 3125 3461 3197 conspici.lnvisihilis
3485 3123 3632 3178 enim

375 3240 394 3272 ι
423 3222 610 3285 Οὐδεὶς
637 3220 826 3290 δψεται
844 3221 980 3279 Θεοῦ
1014 3221 1325 3291 πρόσωπον,
1355 3223 1448 3274 ml
1469 3222 1714 3293 ζήσεται,
1744 3242 1760 3275 ι
1803 3225 1948 3278 κατά

370 3329 435 3379 γε
477 3313 537 3366 τὸ
586 3312 716 3383 παρ’
748 3311 911 3366 αὐτοῦ
948 3313 1084 3382 πρὸς
1116 3312 1319 3366 Μωσέα
1344 3313 1436 3366 τὸν
1472 3312 1763 3385 ἱερώτατον
1794 3316 1948 3387 εἰρη-

374 3402 532 3473 μένον
561 3402 759 3473 ὀρθῶς.
802 3402 944 3457 Ἀλλ’
973 3403 1082 3456 οὐδ’
1108 3402 1173 3457 ἄν
1203 3422 1287 3467 τις
1310 3405 1466 3475 γνοίη
1500 3406 1567 3459 τά
1604 3423 1664 3459 τε
1707 3407 1824 3477 ἴχνη
1855 3409 1949 3462 καὶ

371 3495 471 3558 τὰς
501 3495 653 3559 ὀδοὺς
684 3494 869 3550 αὐτοῦ.
911 3495 1222 3577 Γέγραπται
1255 3496 1383 3566 γὰρ,
1423 3516 1442 3551 ι
1493 3492 1563 3550 Ὠ
1595 3497 1760 3568 βάθος
1788 3499 1951 3559 πλού-

369 3602 486 3650 του,
528 3586 621 3638 καὶ
660 3586 870 3655 σοφίας,
906 3586 1003 3640 καὶ
1028 3586 1284 3659 γνώσεως
1344 3587 1477 3640 Θεοῦ
1505 3605 1518 3619 ·
1554 3588 1630 3653 ὡς
1667 3590 1951 3662 ἀνεξερεύο

372 3692 508 3747 νητα
533 3676 603 3730 τὰ
638 3677 883 3748 κρίματα
916 3678 1102 3742 αὐτοῦ,
1133 3680 1225 3733 καὶ
1280 3679 1673 3751 ἀνεξιχνίαστοι
1727 3684 1784 3740 αἱ
1841 3684 1950 3738 ὁδοὶ

371 3768 571 3822 αὑτοῦῐ
612 3789 631 3822 ι
670 3770 876 3823 Ψάλλει
901 3771 957 3824 δὲ
990 3771 1085 3825 καὶ
1113 3771 1143 3822 6
1174 3771 1442 3843 μακάριος
1481 3773 1666 3839 Δαὸἱδ,
1719 3777 1813 3830 ml.
1865 3793 1951 3829 σο-

373 3860 473 3928 φὸν
497 3861 785 3932 ἀνακρούει
818 3861 998 3932 μέλοςο
1042 3880 1060 3912 ‹
1111 3862 1198 3914 Ἐν
1226 3865 1289 3934 τῇ
1331 3862 1575 3936 θαλάσσῃ
1613 3867 1646 3935 ή
1680 3865 1796 3931 ὁδός
1829 3884 1945 3932 σου,

372 3951 468 4004 καὶ
492 3952 549 4005 αἱ
594 3951 773 4023 τρίδοι
809 3968 903 4006 σου
931 3953 990 4006 ὲν
1024 3950 1180 4007 ὕδασι
1211 3953 1445 4017 πολλοῖς,
1487 3956 1581 4009 ml.
1613 3956 1681 4010 τὰ
1706 3956 1822 4029 ἴχνη
1855 3976 1948 4012 σου

374 4042 436 4095 ού
461 4042 886 4115 γνωσθήσονται.
937 4062 956 4095 ι
992 4044 1204 4115 Ὥσπερ
1230 4044 1337 4117 γάρ
1364 4047 1464 4101 ούκ
1488 4047 1552 4100 ἄν
1580 4066 1663 4112 τις
1687 4048 1784 4103 ἴδοι
1808 4050 1951 4121 ἴχνος

373 4134 434 4185 ὲν
474 4132 680 4199 ῦδασιν,
714 4133 748 4203 ἢ
775 4134 1062 4205 ἀνθρώπου
1097 4136 1257 4206 τυχὸν
1286 4136 1318 4206 ἢ
1364 4137 1519 4202 νεὼς,
1557 4138 1591 4210 ἢ
1629 4140 1737 4193 τῶν
1765 4141 1822 4194 ὲν
1853 4143 1952 4199 αὑ-

373 4226 485 4288 τοῖς
517 4224 849 4295 νηχομένων,
880 4224 1051 4291 οὕτως
1070 4227 1170 4282 οὐκ
1191 4227 1254 4281 ἂν
1284 4229 1651 4302 καταθρήσειέ
1678 4249 1762 4297 τις
1801 4232 1950 4297 θείας

373 4332 434 4368 τε
475 4317 569 4369 ml
606 4314 952 4387 ἀπορρήτους
988 4316 1165 4381 ὁδούς.
1203 4312 1302 4371 Ὧν
1334 4320 1400 4373 ἂν
1437 4317 1546 4375 εἷεν
1584 4323 1663 4385 εἰς
1706 4322 1875 4381 τύπον
1901 4323 1952 4375 οἱ

376 4407 555 4471 πόδες.
591 4407 655 4459 Εἱ
691 4406 748 4459 δὲ
784 4405 850 4476 δὴ
883 4405 977 4459 ml.
1008 4407 1075 4460 τὰ
1110 4408 1318 4462 ἑαυτῶν
1360 4410 1628 4481 πρόσωπα
1674 4412 1769 4466 ml.
1825 4413 1952 4476 τοὺς

377 4497 543 4562 πόδας
573 4495 981 4561 καταπυκάζειν
1010 4500 1127 4561 ταῖς
1161 4483 1417 4569 πτέρυξιν
1450 4500 1848 4573 ὑποτοπήσαιτό
1869 4520 1952 4566 τις
1982 4491 2029 4546 D

377 4589 447 4643 τά
483 4588 613 4657 ἀγια
659 4588 935 4661 Σεραφὶμ,
974 4588 1244 4660 ἐννοῶμεν
1274 4590 1355 4643 ὅτι
1400 4590 1501 4660 τῆς
1540 4594 1669 4663 περὶ
1699 4592 1835 4649 Θεοῦ
1866 4607 1953 4646 σο-

379 4679 528 4748 φίας,
568 4677 681 4749 ήτοι
715 4676 969 4746 γνώσεως
996 4678 1172 4749 ἀρχὴν
1217 4679 1249 4750 ἢ
1308 4679 1458 4743 τέλος
1503 4682 1632 4736 ἰδεῖν
1662 4683 1722 4736 ού
1768 4682 1948 4755 θέμις.

394 4769 803 4839 Ἀκατάληπτος
830 4768 938 4843 γάρ
961 4769 1057 4824 ml.
1085 4770 1244 4842 αὑτὴ,
1281 4772 1375 4825 ml
1401 4773 1539 4847 ὑπὲρ
1566 4773 1690 4828 νοῦν
1716 4776 1831 4830 ἐστι
1861 4776 1951 4833 τὸν

379 4861 739 4934 ἀνθρώπινον.
776 4861 947 4936 Ἀρχὴ
975 4862 1033 4916 δὲ
1059 4864 1257 4929 παντὸς
1291 4866 1561 4937 σώματος,
1598 4868 1827 4940 κεφαλή·
1863 4870 1953 4923 τὲ-

377 4955 470 5018 λος
507 4953 565 5006 δὲ
604 4955 655 5007 oi
697 4953 875 5018 πόδες.
899 4953 972 5008 Τὸ
1000 4955 1311 5028 ἱλαστήριον
1343 4953 1436 5011 οῦν
1464 4957 1574 5029 ἄρα
1612 4960 1866 5030 Χριστὸς,
1898 4961 1956 5025 ὃς

379 5046 473 5098 καὶ
531 5047 588 5098 ὲν
639 5044 802 5119 σαρκὶ
835 5046 1115 5117 πεφηνὼς,
1149 5048 1303 5101 οὐδὲν
1334 5042 1494 5118 ἧττόν
1533 5052 1649 5104 ἐστι
1683 5052 1836 5116 Θεὸς,
1864 5053 1958 5106 καὶ

385 5134 608 5208 Κύριος,
643 5135 801 5204 φύσει
828 5152 887 5188 τε
917 5136 1011 5188 ml.
1035 5137 1269 5208 ἀληθῶς,
1297 5129 1665 5211 περιεστώσας
1686 5143 1746 5196 ἐν
1773 5142 1957 5213 κύκλῳ

384 5224 767 5294 δουλοπρεπῶς
827 5225 925 5278 καὶ
979 5225 1147 5289 αὑτὰς
1187 5227 1323 5299 ἔχων
1382 5232 1480 5295 τὰς
1512 5233 1770 5288 ἀνωτάτω
1800 5235 1959 5288 δυνά-

390 5311 530 5387 μεις.
566 5317 706 5387 Ἔφη
736 5314 793 5368 δέ
826 5332 927 5370 που
952 5317 1045 5371 ml.
1076 5317 1232 5385 λόγος
1265 5321 1394 5391 ἡμῖν
1419 5324 1582 5394 ἱερὸς,
1607 5326 1682 5389 ὡς
1714 5328 1851 5397 μετά
1895 5345 1959 5398 γε

387 5408 448 5463 τὸ
490 5410 747 5480 ἐκστῆναι
784 5408 876 5463 τὸν
913 5410 1156 5463 Σατανᾶν
1202 5411 1300 5483 τὴν
1351 5417 1408 5468 ὲν
1466 5418 1687 5489 Χριστῷ
1729 5420 1961 5490 μεθέντα

389 5503 605 5570 πεῖραν,
633 5503 723 5555 ὅτε
735 5501 1091 5570 νενήστευκεν
1109 5502 1248 5573 ὑπὲρ
1283 5505 1459 5574 ἡμῶν,
1486 5508 1704 5577 ἄγγελοι
1725 5513 1898 5582 προσῆ
1906 5512 1960 5564 λ-

391 5592 482 5643 θον
520 5594 614 5645 καὶ
637 5591 915 5661 διηκόνουν
949 5591 1117 5662 αὐτῷ’
1183 5614 1199 5643 ι
1239 5596 1531 5664 Ιῐνεύματα
1570 5602 1676 5671 γάρ
1713 5606 1816 5656 εἰσι
1854 5605 1957 5657 λεια

2050 3232 2134 3281 cst
2164 3224 2388 3279 omnino
2418 3229 2614 3276 natura
2640 3220 2731 3274 illa
2787 3232 2910 3289 qua:
2934 3224 3155 3286 superat
3181 3228 3397 3268 omnem
3431 3212 3632 3268 intelli~

2049 3318 2385 3390 gentiam,et
2427 3314 2606 3368 lucem
2654 3308 3091 3366 inaccessibilem
3131 3306 3365 3370 habitat,
3399 3315 3461 3360 ut
3484 3305 3631 3362 beati

2051 3407 2205 3465 Pauli
2224 3422 2357 3462 voce
2392 3414 2518 3460 utar
2549 3405 2623 3471 '3;
2662 3412 2719 3458 et
2750 3419 2764 3456 :
2804 3421 2822 3453 ι
2854 3401 3026 3456 Nemo
3055 3396 3267 3455 videbit
3288 3395 3482 3451 faciem
3508 3394 3628 3458 Dei,

2050 3507 2105 3554 et
2139 3497 2304 3568 296
2330 3496 2479 3549 vivet
2502 3494 2570 3558 θ’,
2611 3512 2629 3544 ι
2675 3499 2737 3546 ut
2776 3492 2895 3561 ipse
2933 3488 3079 3543 idem
3115 3484 3421 3541 rectissime
3468 3483 3631 3541 beato

2050 3589 2218 3661 Moysi
2283 3587 2440 3641 dixit.
2501 3585 2691 3653 Neque
2743 3597 2878 3637 vero
2933 3579 3224 3651 quisquam
3274 3581 3455 3646 potest
3486 3573 3633 3628 illius

2049 3681 2276 3753 vestigia
2303 3686 2360 3735 et
2383 3678 2501 3733 vias
2526 3691 2706 3730 nosse.
2749 3674 3027 3743 Scriptum
3057 3679 3141 3725 est
3181 3668 3330 3724 enim
3363 3685 3375 3720 :
3416 3686 3434 3716 ‹
3463 3665 3508 3721 Ο
3529 3664 3633 3719 ali-

2051 3779 2185 3835 tudo
2242 3775 2579 3838 divitiarum,
2628 3781 2685 3827 et
2734 3768 3037 3840 sapientiae,
3097 3772 3153 3820 et
3205 3762 3449 3821 scientia:
3498 3759 3628 3816 Deil

2051 3889 2216 3946 quam
2231 3863 2808 3939 incomprehensibilia
2832 3867 2965 3917 sunt
2993 3857 3200 3933 judicia
3222 3857 3361 3931 ejus,
3386 3861 3443 3909 et
3485 3851 3636 3906 inve-

2056 3942 2342 4036 stigabiles
2369 3959 2472 4015 viae
2493 3958 2613 4028 ejus
2647 3955 2697 4008 ιι
2733 3972 2750 4006 ι
2781 3951 2974 4008 Psallit
3017 3950 3182 4005 etiam
3206 3948 3402 4002 beatus
3440 3942 3631 4006 David,

2049 4066 2107 4114 et
2136 4056 2353 4127 sapiens
2379 4065 2600 4107 carmen
2646 4042 2891 4102 concinit
2923 4059 2937 4098 :
2981 4061 2998 4092 ι
3027 4040 3089 4097 In
3135 4037 3279 4094 mari
3316 4036 3404 4090 via
3433 4042 3547 4097 tua,
3577 4039 3634 4087 et

2051 4149 2260 4206 semitm
2284 4156 2390 4201 tua:
2431 4145 2488 4198 in
2520 4141 2678 4212 aquis
2708 4136 2918 4201 multis,
2946 4142 3003 4189 et
3025 4131 3255 4203 vestigia
3282 4136 3377 4186 tua
3402 4141 3512 4180 non
3536 4139 3631 4177 co-

2052 4245 2384 4312 gnoscentur
2397 4238 2438 4290 '.
2470 4254 2487 4286 ι
2508 4233 2579 4290 Ut
2602 4231 2749 4287 enim
2776 4229 2833 4284 in
2850 4225 3008 4296 aquis
3023 4223 3210 4279 videre
3226 4217 3514 4288 vestigium
3539 4221 3636 4269 aut

2052 4307 2292 4389 hominis
2326 4330 2582 4391 fortasse,
2634 4330 2731 4379 aut
2763 4319 2940 4385 navis,
2983 4323 3080 4372 aut
3126 4311 3490 4373 innatantium
3514 4307 3634 4363 bel-

2055 4424 2271 4479 luarum
2295 4434 2457 4475 nemo
2476 4422 2687 4487 potest;
2730 4413 2811 4469 sic
2833 4425 2995 4467 nemo
3020 4408 3233 4464 divinas
3252 4412 3309 4461 et
3331 4401 3635 4458 ineffabiles

2056 4515 2175 4570 vias
2198 4512 2467 4582 aspicere,
2487 4521 2722 4578 quarum
2773 4502 3003 4575 ﬁguram
3030 4499 3200 4570 pedes
3225 4494 3506 4567 aptissime
3536 4507 3632 4564 ge-

2057 4615 2207 4665 runt.
2234 4604 2390 4672 Quod
2418 4603 2464 4658 si
2493 4599 2618 4671 quis
2663 4595 2940 4653 existimet
2977 4607 3105 4649 suas
3153 4589 3321 4645 facies
3370 4603 3436 4642 ac
3465 4585 3634 4657 pedes

2057 4700 2159 4755 alis
2173 4707 2464 4768 contegere
2488 4699 2673 4749 sancta
2691 4687 2999 4758 Seraphim,
3021 4682 3159 4739 illud
3181 4680 3501 4752 cogitemus,
3521 4692 3633 4768 non

2057 4807 2180 4847 esse
2206 4790 2289 4847 fas
2311 4765 2406 4844 Dei
2431 4782 2732 4855 sapientiae,
2766 4795 2863 4835 seu
2898 4774 3138 4834 scientiae
3176 4772 3398 4829 initium
3429 4775 3525 4854 aut
3564 4765 3633 4822 ﬁ—

2056 4899 2184 4939 nem
2213 4881 2398 4937 videre
2442 4896 2454 4930 :
2490 4884 2576 4932 est
2596 4872 2743 4929 enim
2775 4872 2890 4943 ipsa
2922 4881 3142 4940 quoque
3161 4858 3635 4933 incomprehensi-

2058 4975 2206 5039 bilis,
2230 4981 2289 5027 et
2315 4968 2558 5025 hominis
2588 4962 3009 5034 intelligentiam
3035 4962 3280 5029 superat.
3320 4954 3418 5009 Est
3450 4960 3635 5007 autem

2057 5067 2228 5120 totius
2268 5060 2518 5131 corporis
2550 5058 2767 5113 initium
2801 5060 2985 5123 caput,
3020 5056 3085 5105 ut
3125 5047 3250 5103 ﬁnis
3281 5044 3469 5115 pedes.
3500 5042 3634 5095 Pro-

2057 5152 2397 5224 pitiatorium
2424 5149 2592 5220 igitur
2637 5154 2723 5200 est
2778 5142 3054 5203 Christus,
3104 5137 3220 5207 qui,
3249 5131 3501 5203 quamvis
3543 5146 3637 5200 ap-

2055 5245 2240 5316 paruit
2270 5244 2325 5297 in
2360 5256 2547 5306 carne,
2575 5235 2934 5294 nihilominus
2963 5242 3145 5287 tamen
3173 5242 3326 5284 vere.
3352 5240 3418 5278 ac
3443 5230 3638 5278 natura

2056 5311 2201 5389 Deus
2227 5341 2331 5394 est,
2371 5336 2426 5385 et
2453 5327 2718 5384 Dominus
2748 5340 2760 5375 :
2793 5336 2919 5376 cum
2947 5330 3233 5386 supremas
3258 5313 3379 5368 illas
3405 5311 3639 5367 virtutes

2055 5427 2260 5482 circum
2286 5439 2342 5479 se
2372 5421 2628 5476 servilem
2661 5417 2717 5470 in
2741 5412 2964 5468 modum
2992 5413 3198 5462 stantes
3219 5405 3434 5460 habeat.
3462 5403 3641 5459 Sacrae

2055 5520 2218 5573 etiam
2237 5517 2458 5570 Litterae
2486 5513 2758 5564 testantur
2783 5505 2825 5568 ⁸,
2852 5510 3208 5574 posteaquam
3232 5496 3459 5553 recessit
3489 5495 3642 5549 Sata-

2055 5623 2176 5670 nas,
2208 5606 2299 5659 illa
2331 5603 2652 5663 tcntationc,
2706 5609 2869 5665 quam
2904 5592 3124 5646 Christo
3175 5589 3381 5652 intulit,
3415 5586 3639 5645 omissa,

469 5748 515 5777 ⁹⁶
549 5748 703 5824 Joan.
731 5761 838 5824 xt_v,
875 5746 925 5797 6.
981 5745 1045 5824 _’_’
1108 5747 1205 5802 lsa.
1242 5767 1313 5816 vr,
1360 5751 1464 5814 1,9.
1545 5756 1630 5809 "1
1656 5756 1794 5811 Tim.
1828 5776 1898 5824 γι,
1932 5760 1949 5811 l

2085 5762 2126 5792 ἠ’
2162 5758 2308 5813 Exod
2360 5768 2544 5822 χχχιιι,
2573 5751 2659 5807 ‘20.
2719 5749 2914 5804 ‘l’lom.
2947 5741 3129 5810 x1,55.
3208 5744 3226 5771 ³
3256 5738 3397 5795 Psal.
3463 5747 3635 5798 Lxxu,

402 5817 490 5882 20.
571 5818 590 5849 ³
643 5815 832 5871 Matth.
866 5830 939 5879 Iv,
978 5813 1060 5868 11.
