4142 6296
477 273 580 327 693

1491 265 1546 323 s.
1589 265 1860 321 CYRlLLl
1905 265 2373 320 ALEXANDRINI
2412 245 2758 319 ARCHIEP.’

3609 260 3714 320 604

475 404 600 444 cum
633 390 722 443 ille
745 403 845 458 pro
871 387 1029 444 nobis
1057 386 1376 456 jejunasset,
1399 385 1622 454 angelos
1652 383 1967 447 accessisse,
1994 392 2050 436 et

2155 383 2418 452 τουργικὰ
2482 385 2561 446 είς
2617 379 2896 436 διακονίαν
2943 380 3402 453 ἀποστελλόμενα,
3451 383 3539 438 διὰ
3591 387 3718 449 τοὺς

479 481 557 534 illi
597 479 977 533 ministrasse:
1026 495 1044 527 ‹
1085 476 1324 547 Spiritus
1362 491 1596 545 namque
1635 475 2046 530 administrato-

478 588 564 624 res
585 577 731 633 sunt,
759 568 815 622 in
839 567 1203 622 ministerium
1221 567 1372 622 missi
1396 576 1618 638 propter
1652 583 1746 622 eos
1767 568 1860 637 qui
1881 568 2051 621 haere-

474 662 699 714 ditatcm
724 659 949 729 capiunt
972 659 1164 713 salutis
1182 659 1222 714 ⁵.
1253 678 1269 710 ι
1297 658 1472 728 Supra
1495 659 1933 729 propitiatorium
1956 673 2051 712 au-

477 764 583 804 tem
611 765 909 820 cognoscar
939 764 969 803 a
996 757 1070 813 te,
1099 748 1297 817 inquit,
1322 755 1376 802 et
1399 749 1591 816 loquar
1619 757 1816 802 tecum.
1842 747 2050 813 Quibus

474 841 678 903 verbis,
711 849 770 894 ut
803 855 904 911 ego
931 839 1188 902 arbitror,
1237 839 1345 892 duo
1399 839 1647 908 quaedam
1700 839 2048 908 signiﬁcavit,

474 941 568 986 aut
589 932 891 997 Christum,
919 933 1166 1003 quamvis
1195 933 1360 986 homo
1392 941 1536 987 esset
1566 935 1656 987 ille
1691 935 1931 1004 quidem,
1968 943 2050 987 ta-

476 1040 601 1080 men
649 1040 813 1092 supra
869 1023 1107 1078 hominis
1171 1031 1423 1076 naturam
1477 1024 1819 1089 locuturum,
1872 1039 2051 1092 neque

476 1115 619 1172 intra
636 1114 1024 1168 exinanitiouis
1049 1113 1269 1167 modum
1293 1115 1553 1168 duntaxat
1569 1130 1687 1169 esse
1710 1131 2046 1179 mansurum,

475 1221 602 1258 cum
636 1205 779 1258 Deus
805 1205 892 1268 sit,
925 1212 980 1258 et
1003 1220 1069 1258 ex
1096 1203 1206 1258 Deo
1238 1202 1538 1256 secundum
1570 1209 1852 1256 naturam:
1891 1222 1906 1252 ι
1940 1203 2050 1272 Ego

475 1297 676 1360 enim,»
698 1297 934 1361 dicebat,
957 1303 1049 1361 «et.
1069 1295 1229 1348 Pater
1259 1309 1427 1346 unum
1455 1309 1644 1348 sumus
1663 1294 1710 1360 ³;
1738 1314 1754 1344 ι
1790 1301 1845 1347 et
1871 1311 1882 1348 :
1912 1313 1927 1344 ι
1947 1293 2051 1360 Qui

475 1388 610 1443 vidit
637 1404 742 1451 me,
774 1387 912 1441 vidit
942 1394 999 1441 et
1041 1385 1255 1440 Patrem
1291 1399 1473 1438 meum
1513 1385 1552 1438 ⁸,
1595 1404 1612 1434 ι
1648 1384 1755 1439 Aut
1780 1384 1911 1438 illud
1939 1384 2053 1437 for-

476 1477 1035 1548 tassezcognoscitur
1084 1476 1231 1529 enim
1271 1491 1438 1545 super
1486 1475 1947 1544 propitiatorium,
1997 1484 2053 1529 et

477 1585 642 1639 super
671 1568 990 1632 Cherubim,
1021 1567 1076 1621 id
1102 1577 1219 1631 est,
1270 1567 1325 1620 in
1385 1567 1709 1620 excellentia
1755 1573 1811 1619 et
1859 1567 2048 1635 gloria,

477 1675 642 1728 supra
674 1658 952 1712 hominem
1003 1666 1060 1711 et
1086 1656 1354 1726 quidquid
1388 1663 1472 1710 est
1498 1664 1700 1719 ortum,
1734 1656 1788 1708 in
1820 1670 1928 1724 quo
1957 1671 2051 1725 ge-

2157 475 2450 544 μέλλοντας
2488 473 2840 542 κληρονομεῖν
2875 471 3169 543 σωτηρίας.
3214 491 3233 523 ι
3281 471 3520 528 Ἀνωθεν
3544 473 3598 527 δὲ
3622 475 3717 530 τοῦ

2153 564 2486 635 ἱλαστηρίου,
2521 563 2907 634 γνωσθήσομαί
2927 569 3030 626 σοι,
3057 563 3210 634 φησὶ,
3247 580 3342 619 και
3364 563 3584 634 λαλήσω
3613 582 3716 630 σοι,

2149 656 2240 709 δύο
2277 673 2401 718 που,
2443 653 2691 725 καθάπερ
2729 647 2962 723 ἐγῷμαι,
3009 655 3102 706 καὶ
3142 653 3229 707 διὰ
3279 654 3470 708 τούτου
3519 655 3716 725 δηλῶν.

2151 747 2222 799 ’Ἡ
2252 745 2361 816 γὰρ
2391 746 2471 798 ὅτι
2504 745 2787 816 ἄνθρωπος
2817 745 2890 797 ὢν
2909 747 2936 797 6
2963 744 3212 815 Χριστὸς,
3238 744 3308 798 τὰ
3340 745 3480 816 ὑπὲρ
3514 745 3721 818 ἀνθρὼ-

2151 855 2254 891 που
2289 837 2512 907 λαλήσει
2570 836 2752 907 φύσιν,
2805 837 2896 890 καὶ
2953 838 3072 906 οὐχὶ
3135 837 3317 906 μόνοις
3356 840 3582 908 ἐμμενεῖ
3611 841 3721 900 τοῖς

2149 928 2248 996 τῆς
2280 928 2562 990 κενώσεως
2605 927 2843 999 μέτροις,
2875 928 2962 982 διά
3000 945 3063 996 γε
3095 929 3155 981 τὸ
3192 924 3330 987 εἶναι
3369 929 3499 991 Θεὸς
3532 931 3627 982 καὶ
3658 934 3722 983 ἐκ

2151 1017 2284 1069 Θεοῦ
2321 1017 2463 1070 κατᾶ
2490 1016 2670 1085 φύσιν.
2702 1037 2720 1067 ι
2769 1015 2908 1084 Ἐγὼ
2928 1015 3055 1087 γὰρ,
3092 1015 3317 1085 ἔφασκε,
3360 1017 3452 1070 καὶ
3476 1017 3502 1068 6
3532 1018 3722 1087 Πατὴρ

2151 1112 2209 1164 ἐν
2228 1113 2415 1181 ἐσμεν,
2451 1132 2467 1163 ι
2490 1112 2602 1172 καὶ,
2635 1132 2652 1161 ι
2689 1113 2746 1164 '0
2764 1109 3021 1182 ἑωρακὼς
3044 1111 3162 1181 ἐμὲ,
3187 1109 3396 1181 ἑώρακε
3437 1111 3524 1164 τὸν
3549 1112 3723 1164 Πατέ-

2156 1219 2245 1273 ρα.
2276 1222 2294 1253 ι
2328 1205 2395 1254 Ἢ
2413 1203 2586 1256 ἐκεῖνό
2607 1220 2706 1254 που
2724 1203 2864 1272 τάχα
2885 1217 2898 1230 ·
2921 1201 3245 1270 γινώσκεται
3267 1201 3374 1271 γὰρ
3398 1202 3603 1255 ἄνωθεν
3627 1202 3720 1255 τοῦ

2156 1293 2466 1364 ἱλαστηρίου
2489 1293 2584 1347 καὶ
2615 1293 2723 1345 τῶν
2749 1293 3046 1362 Χερουϐὶμ,
3077 1293 3370 1354 τουτέστιν,
3400 1294 3456 1345 ἐν
3480 1293 3719 1363 ὑπεροχῇ

2152 1386 2246 1438 καὶ
2281 1385 2405 1456 δόξῃ
2437 1387 2500 1456 τῇ
2548 1385 2685 1455 ὑπὲρ
2722 1385 3040 1454 ἄνθρωπον,
3089 1385 3182 1437 καὶ
3229 1385 3427 1448 παντὸς
3467 1385 3720 1442 ἐπέκεινα

2152 1477 2384 1546 γενητοῦ
2407 1516 2420 1538 ,
2449 1470 2523 1528 ὧν
2551 1477 2612 1528 τὸ
2649 1477 2944 1548 ἀκρότατον
2981 1493 3040 1528 τε
3080 1475 3173 1528 καὶ
3202 1476 3504 1546 ὑπέρτατον
3536 1476 3601 1527 τὰ
3629 1475 3724 1528 Σε-

2158 1569 2350 1638 ραφὶμ,
2371 1569 2417 1619 εἰ
2442 1567 2535 1620 καὶ
2565 1567 2754 1634 γέγονε
2788 1567 2942 1638 σάρξ.
2978 1565 3074 1619 Ἐκ
3097 1566 3296 1636 χρυσοῦ
3339 1566 3395 1619 δέ
3424 1567 3484 1620 τὸ
3515 1566 3726 1636 ἱλαστή-

2159 1675 2306 1729 ριον,
2340 1659 2432 1711 καὶ
2472 1658 2609 1710 αὐτὰ
2661 1658 2729 1710 τὰ
2782 1658 3049 1728 Σεραςρίμ.
3097 1659 3162 1711 Ἠ
3216 1659 3313 1729 μέν
3351 1657 3460 1728 γὰρ
3497 1657 3725 1727 εὐκλεής

476 1765 608 1804 nere
635 1750 871 1818 primum
916 1764 980 1802 ac
1013 1764 1289 1802 summum
1324 1748 1503 1802 locum
1528 1754 1715 1800 tenent
1741 1745 2049 1814 Seraphim,

2155 1763 2213 1798 τε
2267 1747 2362 1798 καὶ
2407 1745 2869 1818 περικαλλεστάτη
2914 1746 3094 1816 φύσις,
3146 1745 3299 1810 Θεός.
3347 1747 3434 1799 Ἐν
3467 1744 3725 1815 ὁμοιώσει

477 1839 728 1908 quamvis
767 1853 897 1894 caro
936 1839 1009 1894 sit
1058 1839 1252 1892 factus.
1297 1839 1393 1893 Est
1439 1847 1622 1893 autem
1661 1853 1729 1890 ex
1768 1852 1902 1890 auro
1929 1852 2055 1905 pro-

478 1931 900 1998 pitiatorium,et
921 1931 1036 2000 ipsa
1059 1945 1276 1999 quoque
1293 1928 1578 1996 Seraphim
1609 1945 1621 1982 :
1642 1935 1836 1981 natura
1853 1927 2054 1996 quippe

457 2011 892 2086 'prteclarissima
942 2025 1105 2087 atque
1144 2017 1516 2087 pulcherrima
1562 2017 1708 2070 Deus
1763 2024 1847 2070 est
1883 2033 1896 2080 ;
1934 2031 2056 2084 quae

479 2119 660 2164 autem
686 2120 806 2165 orta
841 2121 988 2176 sunt,
1025 2127 1090 2165 ea
1115 2111 1531 2165 similitudinem
1555 2111 1673 2180 ejus
1707 2125 1804 2180 per
1830 2111 2056 2180 partici-

477 2201 755 2269 pationem
812 2201 1069 2255 retinent.
1125 2200 1195 2254 lis
1250 2216 1415 2269 porro
1465 2200 1558 2268 qui
1605 2200 1766 2269 297
1817 2201 1960 2254 circa
1993 2215 2058 2255 ac

2157 1836 2214 1888 δέ
2245 1839 2310 1906 τῇ
2352 1823 2684 1906 πρὸςάὐτὸν
2716 1836 2856 1888 κατὰ
2899 1833 3134 1904 μέθεξιν,
3161 1835 3229 1887 τὰ
3265 1834 3488 1905 γενητὰ.
3514 1835 3638 1897 Τοῖς
3666 1833 3727 1886 δὲ

2158 1928 2216 1979 ἐν
2243 1927 2424 1996 κύκλῳ
2459 1927 2549 1979 καὶ
2577 1926 2745 1995 ἀγχοῦ
2784 1926 3062 1995 γεγονόσιν
3092 1925 3278 1994 αὑτοῦ,
3310 1925 3407 1996 τὴν
3453 1925 3552 1996 τῆς
3592 1924 3727 1988 ἰδίας

2159 2020 2255 2071 καὶ
2296 2021 2532 2088 φυσικῆς
2563 2018 2916 2088 φαιδρότητος
2981 2018 3288 2090 ἐπιμεριξει
3353 2016 3607 2088 μέθεξιν,
3651 2016 3730 2080 ὡς

2161 2110 2336 2179 φωτὸς
2369 2109 2460 2162 ἐπί
2489 2127 2541 2162 τι
2576 2109 2683 2162 τῶν
2725 2110 2893 2172 πέλας
2930 2110 3445 2180 ἁντανακλωμένου,
3468 2109 3565 2163 καὶ
3589 2107 3730 2180 λαμ.

2162 2200 2395 2272 πρότητι
2429 2204 2495 2272 τῇ
2532 2200 2636 2271 ἰδίᾳ
2653 2200 2713 2253 τὸ
2749 2200 3052 2272 προστυχὸν
3094 2200 3549 2269 καταυγάζοντος.

478 2307 645 2364 pr0pe
677 2293 852 2374 ipsum
881 2302 1027 2359 sunt,
1073 2309 1185 2347 sua:
1236 2293 1501 2347 naturalis
1540 2294 1802 2349 claritatis
1830 2295 2166 2349 consortium
2223 2296 2552 2366 impertitur,
2578 2303 2638 2350 ut
2673 2297 2920 2364 luminis,
2945 2311 3069 2351 cum
3093 2296 3161 2350 ad
3200 2297 3474 2367 objectum
3503 2296 3728 2366 aliquod

476 2399 676 2451 corpus
708 2384 993 2452 appulsam
1017 2383 1335 2447 reﬂectitur,
1361 2393 1416 2437 et
1454 2400 1553 2439 suo
1576 2385 1886 2454 splendore,
1914 2386 2179 2456 quidquid
2211 2388 2433 2442 obvium
2459 2396 2560 2453 est,
2593 2387 2881 2442 illuminat.

545 2476 743 2532 PALL.
780 2477 945 2534 Recte
970 2490 1100 2530 sane
1144 2475 1331 2541 habet,
1358 2484 1414 2530 et
1446 2485 1529 2532 est
1554 2476 1620 2530 ad
1654 2478 1943 2532 veritatem
1965 2493 2059 2532 ex.

477 2567 645 2638 polita
681 2568 879 2622 oratio.

545 2658 701 2712 CYR.
733 2659 850 2713 Jam
906 2675 1059 2722 vero,
1114 2667 1396 2714 exstructo
1451 2659 1854 2729 propitiatorio,
1892 2662 2056 2716 aliter

477 2765 696 2818 quoque
728 2749 889 2804 nobis
910 2749 1114 2804 Christi
1139 2751 1457 2822 mysterium
1483 2751 1794 2817 adumbrat,
1827 2753 2050 2807 dicens:

487 2859 504 2888 ε
544 2839 611 2893 Et
641 2838 807 2894 facies
834 2855 1075 2894 mensam
1128 2856 1194 2894 ex
1240 2856 1375 2895 auro
1429 2842 1634 2904 mundo
1660 2843 1701 2896 ⁷.
1736 2863 1752 2894 ι
1805 2843 2050 2913 Cumque

474 2930 726 3001 jussissct
757 2942 816 2984 ut
839 2931 1021 2984 annuli
1046 2947 1247 2986 mensa:
1263 2931 1633 3002 adigerentur,
1659 2934 1713 2987 in
1742 2951 1879 3004 quos
1900 2936 2051 2990 aurei

477 3026 663 3073 vectes
711 3019 1158 3084 immitterentur,
1198 3035 1429 3090 cumque
1457 3038 1742 3077 mensuras
1783 3026 1948 3078 etiam
1983 3027 2051 3079 il-

2229 2479 2436 2535 ΠΑΛΛ.
2488 2478 2844 2550 Ὀρθῶς-ἕχει
2870 2518 2886 2545 ,
2937 2478 3029 2532 καὶ
3065 2478 3432 2550 ἀπεξεσμένος
3484 2481 3614 2550 ἡμῖν
3647 2481 3729 2546 εἰς

2159 2569 2412 2640 τάληθὲς,
2445 2571 2472 2622 6
2501 2570 2677 2638 λόγος.

2229 2655 2394 2709 ΚΥΡ.
2425 2656 2579 2709 Μετὰ
2617 2657 2672 2708 δέ
2715 2655 2814 2727 τὴν
2849 2655 2941 2709 τοῦ
2996 2655 3310 2729 ἱλαστηρίου
3359 2659 3726 2731 κατασκευὴν,

2155 2744 2249 2798 καὶ
2275 2745 2480 2816 ἑτέρως
2516 2747 2647 2818 ἡμῖν
2677 2747 2738 2800 τὸ
2763 2745 3000 2818 Χριστοῦ
3039 2749 3337 2821 μυστήριον
3374 2751 3728 2819 σκιαγραφεῖ,

2165 2834 2368 2902 λέγων·
2401 2856 2417 2886 ι
2450 2837 2558 2890 Καὶ
2607 2838 2851 2907 ποιήσεις
2878 2838 3154 2908 τράπεζαν
3179 2839 3378 2909 χρυσοῦ
3409 2840 3668 2913 καθαροῦ.
3704 2860 3726 2894 ι

2155 2925 2485 2988 Δακτυλέους
2516 2944 2574 2978 τε
2619 2927 2754 2997 αὐτῇ
2787 2929 3248 3001 προσερειρῆσθαι
3290 2930 3400 2982 δεῖν
3446 2929 3726 2996 ἐπιτάξας,

2160 3017 2254 3069 καὶ
2281 3017 2517 3087 χρυσοῦς
2545 3018 2568 3069 ἐ
2579 3017 2913 3087 μὸάλλεσθαι
2937 3019 3064 3083 τοὺς
3107 3022 3437 3092 ἀναφορέας,
3473 3023 3646 3095 μέτρα
3668 3040 3731 3085 τε

481 3109 605 3173 lius,
633 3117 689 3163 et
726 3110 945 3164 artificii
972 3111 1260 3175 rationem,
1294 3128 1401 3181 qua
1440 3113 1506 3167 ad
1545 3130 1811 3168 summam
1835 3117 2050 3187 elegan-

2155 3104 2323 3176 αὐτῆς
2362 3106 2455 3158 καὶ
2489 3106 2770 3176 εὐτεχνίας
2819 3107 2945 3171 τοὺς
2982 3109 3236 3179 τρόπους,
3266 3112 3387 3164 καθ’
3425 3111 3518 3175 οὒς
3549 3113 3614 3166 ἂν
3642 3113 3732 3180 γέη

480 3201 608 3254 tiam
645 3200 871 3270 insignis
899 3202 1074 3267 tierct,
1103 3204 1443 3272 apertissime
1483 3206 1925 3275 praescripsisset,
1952 3208 2050 3262 de-

479 3291 643 3358 nique
674 3306 686 3343 :
722 3309 739 3340 ι
759 3290 826 3344 Et
860 3290 1397 3360 impones,iinquit,c
1423 3308 1589 3361 super
1612 3309 1853 3347 mensam
1884 3311 2052 3364 panes

479 3381 870 3450 propositionis
899 3397 1082 3436 coram
1107 3398 1192 3436 me
1214 3391 1481 3452 perpetuo
1506 3385 1544 3437 ⁸.
1573 3404 1590 3435 ι
1623 3386 1909 3456 Aureaque
1937 3390 2054 3459 ejus

479 3488 628 3536 vasa,
652 3480 708 3527 et
732 3473 1037 3538 acetabula,
1083 3481 1139 3528 et
1186 3474 1525 3540 mortariola,
1556 3483 1610 3529 et
1641 3478 1885 3548 cyathos,
1913 3488 1966 3534 et
1992 3480 2056 3533 li-

479 3567 690 3627 batoria
722 3565 841 3621 ﬁeri
880 3567 1062 3637 jussit.
1110 3565 1192 3620 An
1240 3581 1373 3620 vero
1417 3582 1608 3636 parum
1652 3569 1936 3625 evidenter
1963 3571 2054 3626 illc

479 3657 635 3728 panis
657 3673 687 3713 e
719 3659 859 3712 caelo
901 3658 1063 3712 nobis
1103 3657 1599 3723 demonstrabatur,
1638 3661 1731 3729 qui
1761 3661 2054 3732 aliquando

479 3748 534 3801 in
563 3748 766 3802 sanctis
813 3748 1168 3803 ecclesiarum
1209 3749 1414 3803 mensis
1464 3750 1852 3820 proponendus
1887 3762 2052 3818 esset,

475 3848 532 3894 et
575 3840 746 3895 vitam
786 3832 992 3894 mundo
1024 3839 1292 3902 daturus?

548 4015 745 4071 PALL.
776 4016 890 4070 lmo
913 4031 1044 4070 vero
1065 4018 1320 4071 maxime.

547 4107 700 4163 CYR.
749 4107 1045 4161 Acetabula
1100 4123 1296 4177 porro,
1349 4115 1406 4162 et
1455 4110 1807 4175 mortariola,
1877 4112 2055 4182 cyathi

477 4217 695 4273 quoque
729 4213 786 4256 et
804 4202 1076 4267 libatoria,
1103 4213 1159 4258 et
1183 4219 1246 4258 ea
1282 4203 1464 4258 omnia
1513 4220 1748 4274 quorum
1783 4205 1853 4261 ad
1901 4222 2056 4261 men-

479 4310 594 4350 sam
620 4293 767 4349 illam
789 4309 1000 4349 sacram
1054 4310 1117 4349 ac
1145 4296 1427 4367 mysticam
1475 4313 1610 4352 usus
1671 4308 1807 4364 erat,
1853 4315 2054 4366 nonne,

481 4385 701 4449 Palladi,
749 4385 1060 4440 divinorum
1093 4386 1472 4442 thesaurorum
1496 4388 1666 4460 ﬁgura
1692 4391 1853 4444 sunt?

548 4477 748 4532 PALL.
784 4477 926 4532 Sane
955 4493 1107 4534 vero.

543 4568 698 4624 CYR.
751 4569 857 4624 Sed
903 4569 1019 4623 haec
1067 4570 1289 4639 quidem
1341 4572 1396 4626 in
1447 4573 1636 4629 Exodo
1687 4593 1698 4629 :
1756 4573 1824 4629 de
1869 4591 2056 4631 mensa

475 4675 606 4714 vero
635 4669 690 4715 et
719 4662 950 4730 panibus
981 4665 1375 4734 propositionis
1409 4666 1691 4736 legislator
1730 4666 1786 4721 in
1809 4667 2054 4724 Levitlco

475 4751 674 4816 sanxit,
700 4760 864 4820 atque
894 4752 967 4806 ibi
991 4754 1390 4822 quodammodo
1412 4756 1648 4825 explicat
1693 4756 1800 4811 hoc
1842 4772 2053 4826 praece-

475 4849 654 4907 ptum,
695 4847 753 4892 et
806 4841 1271 4908 quemadmodum
1317 4845 1618 4913 propositio
1666 4845 1784 4900 ﬁeri
1833 4846 2050 4912 debeat,

477 4930 637 4998 plane
662 4929 822 4984 docet
851 4931 939 4986 his
973 4933 1158 4988 verbis
1195 4951 1208 4989 :
1245 4955 1263 4985 ι
1299 4934 1368 4988 Et
1396 4937 1676 5005 accipietis
1712 4938 1967 5002 similam,
1992 4946 2048 4993 et

476 5018 688 5073 facietis
724 5034 792 5074 ex
837 5035 902 5074 ea
949 5019 1240 5076 duodecim
1267 5037 1462 5091 panes;
1505 5039 1536 5077 e
1562 5023 1778 5078 duabus
1818 5024 2048 5080 decimis

474 5109 580 5165 erit
609 5111 764 5180 panis
788 5128 964 5178 unus;
1007 5121 1064 5168 et
1100 5111 1391 5182 imponetis
1426 5128 1522 5167 eos
1550 5115 1686 5168 duas
1723 5115 2044 5185 positiones,

476 5210 532 5260 ct
551 5219 645 5256 sex
666 5220 833 5274 panes
863 5222 970 5260 una
1011 5204 1212 5276 positio
1255 5221 1422 5276 super
1452 5221 1696 5260 mensam
1728 5224 1920 5276 puram
1950 5223 2045 5262 co-

478 5306 593 5344 ram
616 5292 862 5352 Domino.
882 5297 949 5350 Et
971 5296 1260 5366 imponetis
1283 5297 1346 5351 ad
1378 5297 1704 5367 positionem
1733 5314 1896 5352 unam
1919 5300 2046 5354 thus

480 5381 743 5437 mundum
766 5401 888 5440 cum
923 5389 1055 5452 sale,
1083 5397 1140 5443 et
1177 5398 1341 5444 erunt
1364 5389 1419 5444 in
1447 5405 1616 5460 panes
1649 5388 2046 5444 recordationis

482 5470 762 5538 proposita
804 5473 1062 5541 Domino;
1103 5476 1192 5533 die
1218 5479 1578 5533 Sabbatorum
1614 5486 1918 5550 apponetur
1948 5493 2041 5533 co-

554 5642 575 5691 !
611 5641 776 5698 Hebr.
805 5659 842 5712 l,
889 5645 966 5699 Η.
1045 5649 1065 5678 ⁸
1099 5648 1253 5702 Joan.
1280 5665 1332 5713 x,
1369 5650 1452 5704 50.
1527 5653 1543 5682 ⁶
1575 5653 1729 5707 Joan.
1761 5669 1865 5716 xw,
1907 5653 1954 5706 9.

2154 3215 2298 3251 νοιτο
2343 3198 2582 3268 λαχοῦσα
2627 3199 2688 3252 τὸ
2745 3202 3022 3272 ἐκπρεπὲς
3068 3204 3148 3266 εἰς
3199 3199 3339 3268 εἶδος
3379 3203 3438 3257 τὸ
3471 3205 3731 3265 ἀνωτάτω

2159 3289 2468 3357 σαφέστατα
2514 3289 2753 3352 διειπὼν,
2807 3310 2827 3342 ι
2873 3293 2982 3347 Kal.
3019 3294 3300 3366 ἐπιθήσεις
3329 3335 3345 3362 ,
3397 3296 3581 3368 φησὶν,
3638 3298 3729 3350 ἐπὶ

2153 3380 2252 3451 τήν
2285 3381 2562 3451 τράπεζαν
2625 3384 2822 3454 ἄρτους
2869 3384 3155 3452 ἐνωπιους,
3202 3386 3444 3439 ἐναντίον
3494 3405 3594 3459 μου
3643 3387 3731 3445 διὰ

2157 3472 2373 3536 παντός.
2412 3491 2431 3525 ι
2463 3475 2657 3546 Χρυσᾶ
2679 3474 2734 3528 δὲ
2759 3476 2929 3546 αὐτῆς
2959 3476 3030 3531 τὰ
3060 3476 3250 3548 σκεύη,
3284 3479 3512 3550 τρυϐλία
3547 3498 3606 3534 τε
3635 3481 3729 3534 καὶ

2157 3566 2406 3629 θυισκας,
2428 3567 2524 3622 καὶ
2554 3568 2660 3637 μὴν
2687 3569 2781 3622 καὶ
2803 3569 3057 3633 κυάθους,
3085 3571 3176 3625 καὶ
3195 3572 3448 3626 σπονδεῖα
3477 3574 3727 3642 γενέσθαι

2156 3656 2543 3728 προστέταχεν.
2582 3655 2706 3732 ’Ἆρ’
2752 3661 2854 3715 οὐκ
2900 3661 3144 3732 ἐναργῶς
3172 3665 3200 3716 6
3243 3663 3406 3736 ἄρτος
3450 3667 3581 3736 ἡμῖν
3605 3667 3635 3718 6
3667 3664 3729 3731 ἐξ

2155 3746 2385 3817 οὐρανοῦ
2432 3749 2848 3816 κατεδείκνυτο,
2880 3751 3303 3822 προκεισόμενος
3333 3756 3474 3810 κατὰ
3504 3756 3729 3828 καιροὺς

2156 3839 2214 3890 ἐν
2249 3838 2429 3907 ἁγίαις
2459 3840 2759 3911 τραπέζαις
2794 3843 3121 3916 ἐκκλησιῶν,
3151 3845 3248 3899 καὶ
3281 3845 3426 3918 ζωὴν
3456 3846 3630 3912 διδοὺς
3648 3847 3728 3918 τῷ

2157 3929 2345 4000 κόσμῳ
2361 3946 2376 3995 ;

2229 4022 2437 4075 ΠΛΛΛ.
2472 4022 2580 4075 Καὶ
2616 4015 2779 4092 μάλα.

2229 4113 2394 4169 ΚΥΡ.
2451 4113 2692 4184 Τρυϐλία
2743 4131 2802 4166 τε
2855 4119 2949 4168 καὶ
3000 4116 3239 4184 θυίσκαι,
3278 4117 3471 4181 κύαθος
3519 4135 3578 4170 τε
3634 4121 3728 4172 καὶ

2159 4205 2431 4269 σπονδεῖα,
2465 4206 2558 4258 καὶ
2590 4206 2657 4258 τὰ
2674 4206 2738 4258 δι’
2758 4201 2831 4258 ὧν
2857 4208 2952 4276 τῆς
2973 4207 3131 4276 ἁγίας
3157 4209 3427 4281 τραπέζης
3442 4211 3476 4281 ή
3495 4209 3727 4281 μυστικὴ

2159 4295 2252 4348 καὶ
2283 4296 2553 4367 ἱερωτάτη
2585 4295 2885 4367 πληροῦται
2913 4298 3096 4368 χρεία,
3125 4299 3186 4352 οὐ
3214 4300 3320 4354 τῶν
3341 4299 3498 4355 θείων
3531 4316 3727 4372 κειμη-

2162 4385 2290 4438 λίων
2325 4386 2494 4451 τύπος
2525 4387 2590 4441 ἂν
2625 4383 2753 4447 εἷεν,
2785 4381 2829 4438 ὦ
2856 4389 2992 4455 τᾶν;

2230 4480 2435 4532 ΠᾹΛΛ.
2470 4479 2613 4532 Πάνυ
2649 4480 2746 4549 μέν
2781 4476 2895 4534 οῦν.

2227 4568 2392 4621 ΚΥΡ.
2441 4568 2599 4620 Ἀλλὰ
2637 4569 2793 4620 ταυτὶ
2826 4569 2924 4638 μὲν
2967 4568 3025 4620 ἐν
3055 4569 3122 4639 τῇ
3186 4567 3399 4639 Ἐξόδῳ.
3434 4567 3725 4641 Τραπέζης

2155 4659 2211 4711 δὲ
2245 4659 2371 4728 πέρι
2397 4660 2487 4711 καὶ
2517 4658 2621 4728 μὴν
2645 4661 2738 4712 καὶ
2761 4659 3068 4730 προθέσεως
3098 4657 3300 4730 ἄρτων,
3337 4659 3724 4730 κεχρησμῴδη-

2155 4766 2248 4801 κεν
2269 4750 2297 4800 6
2326 4749 2620 4819 νομοθέτης
2640 4752 2694 4802 ἐν
2723 4749 2798 4819 τῷ
2819 4748 3086 4821 Λευιτικῷ
3107 4765 3121 4780 ο
3145 4747 3428 4821 ἀνευρύνει
3453 4750 3508 4802 δέ
3536 4749 3723 4820 ὥσπερ

2162 4839 2260 4910 τὴν
2276 4839 2512 4910 ἐντολὴν,
2527 4841 2648 4893 τινα
2664 4859 2720 4893 τε
2738 4841 2938 4911 τρόπον
2964 4842 2996 4912 ἡ
3026 4840 3281 4911 πρόθεσις
3295 4841 3461 4905 ἔσται,
3488 4841 3726 4894 διδάσκει

2155 4931 2362 4999 σαφῶς,
2395 4930 2568 4998 λέγων
2605 4931 2794 4995 οὕτως’
2841 4951 2857 4981 ι
2884 4932 2992 4985 Kal.
3027 4932 3260 5003 λήψεσθε
3295 4931 3590 5003 σεμίδαλιν,
3632 4931 3722 4988 καὶ

2153 5023 2404 5092 ποιήσετε
2427 5023 2594 5093 αὐτὴν
2625 5021 2832 5076 δώδεκα
2859 5024 3077 5094 ἄρτους.
3109 5022 3212 5076 Δύο
3244 5024 3484 5076 δεκάτων
3516 5023 3665 5076 ἔσται
3695 5024 3723 5075 ὁ

2154 5114 2317 5182 ἄρτος
2339 5115 2365 5165 6
2392 5109 2491 5176 εἷς.
2523 5115 2633 5167 Kal.
2666 5114 2956 5185 ἐπιθήσετε
3002 5114 3200 5178 αὐτοὺς
3230 5115 3322 5168 δύο
3362 5114 3594 5186 θέματα,
3626 5112 3720 5165 καὶ

2152 5204 2210 5268 ἒξ
2247 5205 2444 5274 ἄρτους
2477 5205 2536 5256 τὸ
2559 5203 2615 5257 ἒν
2650 5204 2790 5274 θέμα
2809 5204 2902 5257 ἐπὶ
2926 5204 3024 5274 τὴν
3048 5205 3324 5276 τράπεζαν
3354 5205 3450 5274 τὴν
3477 5203 3720 5274 καθαρὰν

2154 5297 2332 5348 ἔναντι
2378 5297 2602 5367 Κυρίου.
2636 5297 2748 5349 Kal.
2794 5297 3087 5367 ἐπιϐήσετε
3119 5297 3210 5349 ἐπὶ
3243 5297 3301 5349 τὸ
3332 5296 3475 5364 θέμα
3504 5295 3718 5346 λίϐανον

2152 5387 2391 5458 καθαρὸν
2421 5389 2512 5441 καὶ
2539 5387 2656 5445 ἅλα.
2695 5388 2789 5440 καὶ
2818 5387 3032 5441 ἔσονται
3053 5390 3131 5451 εἰς
3156 5389 3349 5456 ἄρτους
3375 5390 3454 5449 εἰς
3485 5385 3718 5453 ἀνάμνη-

2154 5497 2236 5531 σιν
2280 5480 2613 5550 προκείμενα
2642 5478 2719 5549 τῷ
2745 5480 2954 5550 Κυρίῳ.
2981 5483 3046 5549 τῇ
3077 5481 3258 5551 ἡμέρᾳ
3287 5479 3392 5531 τῶν
3430 5476 3714 5538 σαὸὃάτων

2032 5654 2246 5709 rma.
2288 5670 2405 5716 xxv,
2445 5653 2528 5706 η.
2608 5653 2626 5683 ε
2657 5653 2817 5716 lbid.,
2845 5651 2936 5719 σοι,
