4142 6296
344 339 454 397 Silii

1090 328 1179 385 DE
1214 325 1659 385 ADORATIONE
1692 328 1761 385 IN
1800 328 2070 391 SPIRITU.
2108 331 2198 386 ET
2238 331 2607 393 VERITATE.
2653 333 2781 387 LIB.
2820 332 2914 388 1X.

3483 334 3594 394 608

349 447 721 521 προσθήσεται
766 440 945 495 ἔναντι
978 438 1186 509 Κυρίου
1230 438 1523 503 διαπαντὸς
1554 439 1785 495 ἐνώπιον
1810 440 1920 494 τῶν

2030 455 2138 497 ram
2176 442 2408 503 Domino
2458 454 2727 515 perpetuo
2758 459 2791 504 a
2828 443 2957 499 ﬁliis
3001 442 3168 500 Israel
3208 450 3595 502 testamentum

354 539 485 594 υἱῶν
536 534 776 607 Ἰσραὴλ,
804 530 1074 604 διαθήκην
1098 530 1318 586 αίώνιον
1341 547 1356 567 ι
1388 531 1484 585 καὶ
1521 531 1672 586 ἔσται
1711 530 1921 603 ’Δαρὼν

352 630 445 682 καὶ
474 626 587 686 τοῖς
634 622 774 685 υίοῖς
811 619 1001 675 αὑτοῦ.
1034 619 1146 673 Καὶ
1191 618 1459 690 φάγονται
1482 619 1626 677 αὐτὰ
1664 622 1722 675 ἐν
1771 620 1922 692 τόπῳ

350 715 510 785 ἁγίῳ·
537 711 655 766 ἔστι
677 712 791 784 γὰρ
804 709 1089 780 ’Δγιατῶν
1110 710 1280 778 ἁγίων
1298 710 1457 766 τοῦτο
1484 711 1684 776 αὐτῶν,
1706 712 1799 766 καὶ
1814 711 1922 765 ἀπὸ

348 805 455 858 τῶν
495 801 907 874 θυσιαζομένων
949 801 1028 871 τῷ
1079 801 1291 873 Κυρίῳ,
1325 802 1556 873 νόμιμον
1601 800 1837 857 αἰώνιον.
1895 821 1915 854 ι

362 897 451 949 Ἐν
477 894 537 949 δέ
556 911 621 962 γε
641 895 753 959 τοῖς
787 892 1089 964 ’Δριθμοῖς,
1104 893 1181 957 ὡς
1197 894 1294 948 ἕνα
1309 894 1467 949 πάλιν
1491 894 1656 964 ἄρτον
1679 896 1811 965 ἡμῖν
1832 894 1922 947 τὸν

353 987 416 1053 ἐξ
445 986 678 1060 οὐρανοῦ
712 986 805 1040 καὶ
837 984 898 1057 ἐξ
926 986 1105 1056 ήμῶν·
1141 986 1334 1055 γέγονε
1367 987 1477 1057 γὰρ
1504 986 1635 1050 Θεὸς
1653 985 1729 1045 ὢν
1763 985 1923 1054 φύσει

359 1079 484 1133 καθ’
507 1081 540 1149 ή
550 1081 655 1150 μᾶς
670 1078 900 1146 όΔόγος,
926 1078 1020 1130 καὶ
1036 1078 1345 1149 ἐσκήνωσεν
1367 1078 1424 1130 ἐν
1440 1079 1591 1150 ήμίν,
1608 1078 1923 1132 κατεδείκνυ

356 1170 532 1238 λέγων
564 1170 701 1241 πρὸς
726 1168 821 1222 τὸν
850 1170 1170 1240 ἱεροφάντην
1192 1170 1451 1223 Μωῦσέα·
1485 1189 1503 1220 ι
1541 1169 1788 1240 Λάλησον
1810 1172 1924 1234 τοῖς

357 1263 492 1324 υίοῖς
536 1258 773 1332 Ἰσραήλ,
811 1259 906 1312 καὶ
938 1260 1082 1329 ἐρεῖς
1122 1258 1256 1329 πρὸς
1299 1259 1517 1322 αὐτούς’
1571 1261 1659 1313 Ἐν
1704 1260 1781 1331 τῷ
1831 1279 1926 1316 που

359 1352 613 1426 ρεύεσθαι
665 1353 811 1423 ὑμᾶς
851 1353 931 1415 είς
962 1350 1062 1423 τήν
1098 1351 1202 1422 γῆν
1254 1354 1319 1423 ἢν
1364 1351 1475 1420 ἐγὼ
1521 1354 1726 1422 είσάγω
1782 1355 1927 1425 ὑμᾶς

358 1448 493 1511 ἐκεῖ,
531 1447 627 1499 καὶ
662 1444 834 1510 ἔσται,
865 1445 993 1499 ὅταν
1040 1444 1257 1516 ἐσθίητε
1288 1445 1445 1516 ὑμεῖς
1488 1446 1598 1499 ἀπὸ
1616 1447 1726 1500 τῶν
1747 1447 1926 1515 ἄρτων

357 1536 460 1606 τῆς
486 1537 615 1606 γῆς,
637 1537 923 1606 ἀφαιρεῖτε
946 1533 1227 1606 ἀφαίρεμα
1244 1535 1525 1606 ἀφόρισμα
1540 1536 1728 1607 Κυρίῳ
1747 1537 1927 1606 ἀπαρ-

360 1630 460 1700 χήν
505 1627 821 1697 φυράματος
862 1627 1052 1697 ὑμῶν’
1090 1626 1253 1697 ἄρτον
1302 1627 1588 1696 ἅφαίρεμα
1649 1628 1925 1697 ἁφοριεϊτε

360 1717 489 1770 αὐτὸ
532 1718 609 1779 ὠς
646 1717 930 1785 ἀφαίρεμα
977 1716 1084 1769 ἀπὸ
1122 1715 1350 1779 ἅλωνος,
1377 1714 1550 1780 οὕτως
1584 1718 1925 1788 ἀφαιρήσετε

357 1807 610 1877 ἀπαρχὴν
656 1807 977 1879 φυράματος
1014 1806 1188 1877 ὑμῶν,
1233 1806 1327 1860 καὶ
1373 1803 1573 1859 δώσετε
1607 1806 1685 1877 τῷ
1739 1807 1926 1878 Κυρίῳ

358 1899 641 1971 ἀφαίρεμα
670 1901 751 1963 είς
774 1899 873 1963 τὰς
903 1899 1096 1968 γενεὰς
1148 1900 1323 1970 ὑμῶν.
1354 1920 1373 1952 ι
1415 1902 1527 1954 Καὶ
1570 1900 1797 1970 ἀπονητὶ
1830 1901 1926 1970 μὲν

355 1989 443 2044 διὰ
460 1990 663 2044 τούτων
687 1988 999 2060 καταθεῷτό
1028 2008 1111 2053 τις
1129 1989 1195 2043 ἂν
1222 1990 1282 2043 τὸ
1300 1990 1402 2062 τῆς
1433 1990 1692 2062 ἀληθείας
1723 1992 1928 2061 μυστή-

364 2096 495 2148 ριον.
527 2078 819 2144 Λελέξεται
841 2080 897 2133 δὲ
930 2081 1067 2152 πρὸς
1091 2082 1123 2151 ἡ
1134 2080 1251 2151 μῶν
1280 2083 1337 2134 ἐν
1376 2081 1490 2152 ίδίῳ
1516 2081 1692 2153 καιρῷ
1717 2081 1929 2144 λεπτῶς

360 2172 452 2237 καὶ
477 2171 975 2241 ἀπηκριϐωμένως,
1004 2173 1084 2233 είς
1104 2172 1289 2242 ἕτερον
1317 2173 1447 2243 ήμίν
1474 2172 1671 2244 ἱδρῶτα
1692 2189 1929 2244 συγγρα-

361 2263 464 2332 φῆς
498 2264 898 2333 μετερῥηκότος
918 2261 1013 2314 τοῦ
1032 2260 1215 2329 λόγου.
1241 2263 1387 2333 Πλὴν
1404 2265 1599 2325 ἐκεῖνο.
1629 2260 1779 2334 οίμαί
1802 2282 1926 2330 που,

360 2352 727 2425 κατατεθήποι
758 2371 841 2418 τις
883 2353 949 2407 ἂν
992 2353 1071 2417 εἷς
1109 2370 1171 2422 γε
1214 2354 1274 2407 τὸ
1300 2354 1473 2425 παρὸν
1513 2358 1667 2427 ἡμῖν,
1701 2351 1745 2408 ὦ
1789 2356 1928 2409 Παλ-

361 2444 506 2502 λάδιε
516 2485 529 2497 .

436 2538 643 2591 ΠΔᾹΛ.
675 2538 747 2590 Τὸ
778 2537 925 2591 ποῖόν
950 2555 1004 2591 τι
1030 2539 1135 2610 φής
1159 2557 1173 2603 ;

441 2628 603 2682 ΚΥΡ.
653 2627 945 2693 Πολυειδῶς
975 2629 1083 2700 γὰρ
1117 2632 1248 2700 ἡμῖν
1279 2630 1495 2699 ἐμφανῆ
1541 2629 1804 2693 καθιστὰς
1838 2631 1928 2684 τὸν

381 2721 741 2792 Ἐμμανουήλ,
778 2723 869 2775 καὶ
892 2723 959 2776 δι’
991 2723 1181 2794 ἐτέρου
1211 2723 1371 2776 πάλιν
1406 2722 1568 2776 αὐτὸν
1601 2723 1928 2778 ἀναπλάττει

366 2811 542 2879 λόγου.
574 2812 718 2883 Πρὸς
745 2814 851 2885 γάρ
890 2831 971 2867 τοι
1006 2814 1244 2867 Μωῦσέα
1275 2813 1407 2883 φησί
1432 2832 1447 2845 ο
1485 2833 1504 2866 ι
1549 2815 1658 2867 Καὶ
1687 2816 1930 2883 ποιήσεις

370 2904 591 2974 λυχνίαν
644 2905 713 2958 ἐκ
759 2906 986 2975 χρυσίου
1025 2906 1289 2973 καθαροῦ,
1342 2907 1638 2976 τορνευτὴν
1684 2907 1932 2974 ποιήσεις

362 2994 461 3064 τὴν
483 2993 724 3065 λυχνίαν·
765 2997 793 3048 ὁ
816 2995 1011 3059 καυλὸς
1051 2997 1222 3066 αὐτῆς
1260 2995 1350 3048 καὶ
1376 2997 1427 3048 οἱ
1455 2995 1801 3065 καλαμίσκοι,
1839 2994 1929 3047 καὶ

364 3086 412 3138 οἱ
445 3085 740 3155 κρατῆρες,
779 3084 875 3139 καὶ
913 3087 962 3139 ot
995 3088 1396 3157 σφαιρωτῆρες,
1440 3088 1532 3140 καὶ
1576 3088 1642 3140 τὰ
1668 3087 1831 3158 κρίνα
1872 3085 1932 3152 ἐξ
1959 3113 1998 3167 C

363 3174 535 3245 αὐτῆς
569 3174 740 3230 ἔσται.
765 3174 862 3243 Ἓξ
892 3176 1222 3249 καλαμίσκοι
1254 3181 1317 3232 ἐκ
1340 3180 1433 3233 τοῦ
1466 3180 1678 3244 κλίτους
1704 3180 1795 3233 τοῦ
1819 3179 1934 3232 δευ-

364 3266 546 3337 τέρου.
581 3287 599 3319 ι
644 3269 754 3322 Καὶ
799 3265 868 3324 αὖ
904 3270 997 3323 ἐπὶ
1032 3269 1244 3335 τούτοις
1274 3271 1342 3327 τὰ
1373 3272 1451 3334 εἰς
1500 3271 1701 3341 κόσμον
1738 3287 1797 3323 τε
1842 3270 1936 3322 καὶ

366 3358 553 3428 χρείαν
578 3356 659 3429 τῷ
685 3360 984 3431 τεχνήματι
1016 3360 1275 3416 τελοῦντα
1311 3360 1731 3431 προστεθεικὼς,
1776 3361 1935 3432 κρίνα

365 3448 428 3502 τέ
460 3467 627 3520 φημι,
655 3451 749 3504 καὶ
771 3452 1153 3523 σφαιρωτῆρας
1178 3461 1271 3507 ναι
1295 3451 1643 3522 καρυίσκους,
1670 3452 1935 3519 ἐπεφώνει

371 3539 557 3593 πάλιν·
593 3560 612 3593 ι
649 3540 786 3611 Ὀλη
832 3541 1116 3613 τορνευτὴ,
1160 3540 1221 3607 ἐξ
1248 3542 1367 3605 ἐνὸς
1412 3541 1633 3613 χρυσίου
1668 3541 1930 3611 καθαροῦ·

368 3631 465 3682 καὶ
489 3632 735 3701 ποιήσεις
754 3633 881 3696 τοὺς
906 3632 1134 3701 λύχνους
1158 3632 1328 3701 αὐτῆς
1346 3632 1505 3694 ἑπτὰ,
1537 3632 1628 3685 καὶ
1656 3630 1937 3701 ἐπιθήσεις

365 3721 492 3784 τοὺς
523 3720 747 3792 λύχνους
764 3724 952 3794 αὐτῆς.
976 3723 1087 3776 Καὶ
1116 3723 1375 3791 φανοῦσιν
1393 3724 1456 3775 ἐκ
1481 3722 1574 3776 τοῦ
1607 3722 1726 3785 ἐνὸς
1760 3739 1935 3793 προσ-

366 3808 540 3863 ώπου.
580 3813 694 3866 Καὶ
738 3811 830 3865 τὸν
873 3814 1234 3883 ἐπαρυστήρα
1276 3813 1469 3883 αὐτῆς,
1510 3811 1698 3866 καὶτὰ
1740 3810 1938 3864 ὑποθέ-

372 3918 521 3971 ματα
549 3903 722 3973 αὐτῆς
759 3905 825 3957 ἐκ
851 3904 1074 3976 χρυσίου
1103 3903 1368 3974 καθαροῦ,
1394 3904 1642 3975 ποιήσεις
1667 3904 1846 3959 πάντα
1869 3901 1939 3957 τὰ

371 3994 545 4065 σκεύη
594 3994 770 4048 ταῦτα
836 3994 1103 4050 ταλάντου
1156 3995 1379 4066 χρυσίου
1436 3993 1698 4066 καθαροῦ.
1762 3994 1936 4064 Ὅρα,

367 4085 618 4156 ποιήσεις
665 4085 806 4138 κατὰ
838 4084 930 4138 τὸν
961 4085 1129 4141 τύπον
1170 4087 1262 4140 τὸν
1308 4086 1585 4157 δειχθέντα
1624 4103 1708 4139 σοι
1758 4088 1816 4139 ἐν
1860 4083 1939 4155 τῷ

368 4178 507 4246 ὄρει.
546 4195 567 4230 ι
603 4177 794 4246 Χρυσῆ
829 4177 927 4247 μὲν
952 4174 1046 4231 οῦν
1071 4181 1103 4248 ή
1136 4178 1329 4248 λυχνία
1354 4180 1524 4232 τύπον
1546 4178 1816 4247 ἐπέχουσα
1841 4174 1936 4230 τοῦ

372 4267 630 4337 Χριστοῦ.
664 4266 825 4320 Φύσει
856 4267 964 4336 γὰρ
994 4270 1088 4321 καὶ
1114 4268 1341 4339 ἀληθείᾳ
1370 4268 1502 4330 Θεὸς
1532 4271 1558 4322 ό
1588 4269 1729 4330 Υἱός·
1755 4266 1939 4341 χρυσῷ

375 4357 433 4410 δὲ
471 4358 889 4428 παρεικαστέον,
934 4356 1076 4410 καθὰ
1115 4360 1211 4410 καὶ
1236 4359 1295 4410 ἐν
1326 4359 1438 4419 τοῖς
1471 4356 1728 4427 ἀνωτέρω
1756 4358 1938 4429 διωρι-

2018 540 2320 599 aeternum;
2350 542 2407 589 et
2425 544 2589 590 erunt
2613 535 2794 591 Aaron
2840 543 2897 591 et
2920 535 3048 591 ﬁliis
3066 537 3206 608 ejus,
3231 543 3289 592 et
3308 536 3597 593 comedent

2018 635 2084 675 ea
2112 621 2170 675 in
2199 620 2321 679 loco
2358 632 2548 679 sancto
2576 641 2589 679 :
2620 632 2706 682 est
2740 624 2888 685 enim
2927 624 3126 681 Sancta
3153 634 3467 683 sanctorum
3490 626 3598 684 hoc

2021 712 2175 783 ipsis,
2202 712 2349 769 etab
2386 714 2680 771 immolatis
2708 716 2939 772 Domino
2965 717 3271 789 legitimum
3308 721 3600 791 sempiter-

2020 818 2153 857 num
2178 804 2221 858 '.
2259 822 2279 854 ι
2321 803 2381 867 In
2410 804 2669 860 Numeris
2704 820 2838 861 vero
2867 814 2926 861 ut
2963 823 3134 862 unum
3158 824 3349 865 rursus
3375 825 3594 880 panem,

2021 895 2114 964 qui
2136 894 2204 949 de
2233 896 2392 960 caelo,
2434 907 2492 951 et
2532 912 2601 953 ex
2642 895 2802 955 nobis
2836 905 2921 951 est
2965 898 3224 967 (Verbum
3273 900 3442 965 enim,
3471 916 3596 955 cum

2021 986 2169 1049 Deus
2191 985 2495 1041 secundum
2515 994 2769 1045 naturam
2793 995 2960 1051 esset,
2986 986 3191 1047 factum
3219 996 3302 1044 est
3327 992 3502 1046 nostri
3527 992 3602 1047 si-

2022 1077 2171 1142 mile,
2196 1087 2251 1133 et
2272 1078 2538 1133 habitavit
2577 1079 2633 1133 in
2660 1079 2818 1135 nobis
2845 1077 2931 1150 '°),
2966 1086 3222 1148 tanquam
3246 1096 3414 1137 unum
3439 1083 3601 1140 nobis

2021 1179 2217 1236 panem
2246 1165 2661 1231 demonstravit,
2690 1183 2814 1221 cum
2849 1167 2931 1222 sic
2953 1166 3092 1226 dixit
3116 1167 3282 1238 Moysi
3319 1168 3394 1222 illi
3419 1184 3602 1226 sacro-

2023 1268 2148 1307 rum
2174 1254 2340 1324 298
2361 1254 2648 1325 interpreti
2679 1272 2691 1308 :
2742 1274 2760 1305 ι
2788 1253 3040 1324 Loquere
3068 1255 3135 1313 ad
3166 1255 3307 1310 ﬁlios
3337 1258 3521 1322 Israel,
3544 1265 3603 1314 et

2025 1341 2176 1397 dices
2208 1343 2290 1398 eis
2329 1361 2341 1396 :
2381 1342 2518 1406 Cum
2565 1343 2947 1415 ingredicmini
2984 1345 3041 1400 in
3088 1353 3290 1399 terram
3336 1348 3392 1401 in
3434 1363 3601 1417 quam

2024 1448 2124 1504 ego
2148 1432 2348 1489 induco
2373 1450 2489 1500 vos,
2524 1442 2585 1489 et
2615 1435 2743 1500 erit,
2776 1451 2902 1490 cum
2942 1435 3169 1494 ederitis
3193 1452 3290 1491 vos
3313 1451 3343 1491 e
3369 1437 3605 1507 panibus

2013 1533 2206 1587 terrai,
2248 1526 2576 1596 separabitis
2611 1528 3012 1595 separationem
3044 1528 3471 1597 segregationem
3497 1529 3602 1583 Do-

2026 1614 2177 1668 mino
2201 1614 2471 1683 primitias
2497 1631 2687 1670 massa:
2717 1625 2948 1682 vestrae;
2977 1631 3173 1686 panem
3201 1617 3603 1685 separationem

2028 1705 2383 1774 segregabitis
2406 1706 2604 1774 ipsum,
2633 1714 2892 1777 tanquam
2916 1708 3322 1776 separationem
3354 1707 3422 1761 ab
3451 1722 3599 1771 area,

2029 1794 2109 1848 sic
2144 1796 2470 1865 separabilis
2511 1796 2711 1867 ipsum,
2751 1796 3027 1867 primitias
3069 1812 3261 1852 massae
3291 1805 3503 1861 vestraa,
3542 1804 3602 1851 et

2028 1884 2230 1941 dabitis
2264 1887 2495 1942 Domino
2543 1888 2943 1957 separationem
2982 1888 3039 1942 in
3077 1887 3459 1958 generationes
3502 1901 3602 1943 ve-

2028 1985 2170 2034 stras
2216 1979 2277 2037 υ.
2329 1998 2347 2030 ι
2382 1977 2535 2032 Licet
2583 1993 2653 2033 ex
2694 1977 2781 2034 his
2818 1978 3006 2034 verbis
3057 1977 3317 2034 facillime
3354 1976 3605 2032 veritatis

2028 2070 2347 2141 mysterium
2376 2070 2695 2139 perspicere
2713 2110 2727 2135 ,
2757 2069 2824 2124 de
2850 2084 2960 2139 quo
2986 2077 3170 2126 tamen
3192 2084 3222 2123 a
3243 2068 3405 2123 nobis
3432 2066 3607 2122 subti-

2027 2160 2153 2215 liter
2184 2170 2240 2214 et
2273 2168 2526 2217 accurate
2577 2175 2678 2214 suo
2709 2160 2831 2218 loco
2854 2160 3091 2225 dicetur,
3120 2159 3371 2229 hancque
3396 2158 3605 2213 oratio-

2027 2251 2115 2306 nis
2156 2260 2365 2322 partem
2424 2251 2481 2305 in
2528 2251 2759 2306 alterius
2819 2251 3303 2306 commentationis
3358 2250 3605 2309 laborem

2032 2342 2441 2396 transferamus.
2462 2341 2602 2397 Illud
2629 2351 2829 2407 tamen,
2857 2350 2919 2398 ut
2945 2342 3163 2413 opinor,
3192 2341 3454 2397 admirari
3473 2340 3606 2403 licet

2031 2432 2086 2486 in
2119 2447 2378 2502 praesens,
2409 2431 2635 2487 Palladi.

2098 2546 2295 2601 PALL.
2335 2546 2477 2612 Quid
2514 2546 2661 2603 istud
2690 2546 2950 2604 tandem?

2096 2638 2253 2696 ΟΥΕ.
2278 2638 2415 2694 Cum
2456 2639 2662 2693 etenim
2701 2640 2852 2694 varie
2895 2638 3056 2695 nobis
3086 2635 3239 2691 illum
3285 2637 3606 2692 Emmanuel

2031 2727 2386 2797 spectandum
2417 2728 2816 2798 proposuisset,
2847 2743 3043 2783 rursus
3078 2727 3203 2781 aliis
3239 2742 3458 2796 quoque
3484 2741 3610 2780 ver-

2031 2817 2115 2870 bis
2138 2816 2392 2871 eumdem
2433 2815 2670 2887 eﬂingit;
2713 2816 2882 2888 Moysi
2907 2816 3054 2872 enim
3080 2815 3215 2870 dicit
3244 2833 3257 2868 :
3299 2834 3317 2866 ι
3345 2815 3414 2870 Et
3438 2814 3611 2872 facies

2031 2907 2416 2963 candelabrum
2441 2922 2507 2962 ex
2546 2923 2683 2961 auro
2720 2906 2959 2973 mundo;
3008 2906 3266 2961 tornatile
3287 2905 3456 2961 facies
3477 2920 3611 2962 can-2

2032 2995 2346 3061 delabrum;
2379 2997 2576 3051 hastile
2610 2997 2802 3067 ipsius,
2827 3005 2883 3051 et
2918 2997 3134 3062 calami,
3178 3004 3235 3051 et
3263 3004 3524 3061 crateres,
3551 3002 3609 3061 et

2033 3086 2335 3155 spbazrulze,
2379 3094 2435 3139 et
2483 3085 2594 3140 lilia
2638 3102 2707 3141 ex
2755 3086 2876 3156 ipso
2915 3093 3080 3140 erunt
3107 3105 3119 3139 ι
3146 3101 3241 3141 sex
3262 3085 3455 3139 calami
3483 3101 3613 3156 pro-

2032 3176 2265 3231 deuntes
2298 3192 2365 3231 ex
2387 3176 2654 3243 adverso;
2692 3176 2830 3249 [tres
2857 3176 3051 3232 calami
3084 3176 3394 3231 candelabri
3434 3192 3501 3231 ex
3531 3177 3611 3231 la-

2034 3277 2150 3325 tere
2176 3283 2303 3331 uno,
2320 3276 2377 3323 et
2400 3276 2514 3323 tres
2538 3268 2731 3324 calami
2761 3283 2827 3323 ex
2851 3269 3022 3324 latere
3045 3267 3240 3338 altero]
3264 3268 3448 3322 ¹¹.›Αι1
3472 3268 3607 3333 hac,

2032 3376 2156 3416 cum
2179 3360 2517 3431 adjunxisset
2550 3376 2616 3416 ea
2653 3376 2775 3431 qua:
2799 3360 2868 3415 ad
2898 3369 3151 3415 ornatum
3186 3370 3242 3414 et
3290 3374 3451 3414 usum
3475 3374 3612 3429 ope-

2034 3451 2111 3505 ris
2137 3452 2497 3522 pertinerent,
2529 3453 2665 3516 lilia,
2692 3452 2936 3521 inquam,
2974 3461 3030 3506 et
3055 3451 3378 3521 sphaerulas,
3403 3459 3460 3505 et
3486 3465 3610 3521 scy-

2034 3545 2191 3613 phos,
2239 3559 2460 3598 rursum
2497 3543 2698 3613 adjecit
2734 3564 2746 3598 :
2788 3563 2807 3595 ι
2849 3543 3048 3598 Τοιυω
3082 3541 3339 3598 tornatile
3387 3556 3454 3596 ex
3500 3556 3619 3601 una

2033 3650 2169 3690 auro
2206 3634 2440 3701 mundo;
2461 3641 2517 3689 et
2539 3634 2706 3690 facies
2727 3636 2777 3691 ei
2807 3636 3058 3689 lucernas
3084 3642 3315 3704 septem,
3349 3640 3405 3688 et
3432 3632 3611 3702 impo~

2034 3726 2405 3781 neslucernas
2453 3726 2646 3795 ipsius,
2698 3734 2753 3782 et
2785 3726 3052 3781 lucebunt
3102 3740 3171 3780 ex
3215 3741 3326 3778 una
3368 3724 3528 3789 facie,
3554 3731 3614 3780 et

2032 3813 2437 3868 emunctorium
2476 3814 2615 3883 ejus,
2655 3825 2712 3869 et
2755 3812 3165 3884 suppositioncs
3206 3814 3325 3882 ejus
3361 3828 3429 3867 ex
3473 3827 3615 3869 auro

2034 3906 2241 3960 mundo
2276 3923 2288 3960 :
2322 3905 2490 3961 facies
2508 3906 2694 3960 omnia
2719 3920 2845 3960 vasa
2868 3906 2990 3975 ejus
3013 3904 3281 3959 talentum
3305 3904 3424 3959 auri
3448 3919 3613 3957 mnu--

2036 3994 2111 4050 di.
2157 3995 2310 4061 Vide,
2353 3996 2523 4053 facies
2563 3996 2749 4051 omnia
2799 3996 2952 4067 juxta
3006 3994 3235 4065 ﬁguram
3274 4008 3396 4063 qum
3420 3992 3521 4047 tibi
3555 3992 3613 4049 in

2035 4096 2219 4144 monte
2242 4095 2461 4143 ostensa
2486 4096 2571 4143 est
2599 4088 2663 4143 ¹³.
2695 4107 2714 4140 ι
2746 4087 2988 4143 Aureum
3012 4087 3178 4157 igitur
3201 4086 3611 4148 candelabrum,

2037 4180 2246 4236 Christi
2286 4180 2515 4250 ﬁguram
2546 4184 2727 4244 tenet;
2760 4178 2934 4233 Filius
2980 4177 3126 4231 enim
3156 4186 3354 4230 natura
3389 4189 3454 4228 ac
3485 4188 3617 4227 vere

2034 4272 2179 4326 Deus
2204 4279 2307 4324 est.
2331 4269 2480 4325 Auro
2510 4276 2694 4322 autem
2731 4267 2926 4323 similis
2952 4281 3072 4321 esse
3097 4263 3335 4334 putanda
3359 4270 3463 4326 est,
3481 4261 3616 4322 utin

2037 4360 2420 4431 superioribus
2445 4359 2862 4422 deﬁniebamus,
2883 4359 2974 4412 illa
3006 4357 3189 4412 divina
3214 4356 3431 4411 claritas
3453 4363 3619 4423 atque

377 4424 602 4518 ζόμεθα,
635 4449 734 4518 τὴν
765 4448 915 4501 θείαν
942 4448 1300 4518 λαμπρότητα
1345 4451 1440 4501 καὶ
1476 4424 1765 4518 ὑπεροχήν.
1803 4424 1932 4517 Τορ-

2039 4424 2378 4521 prazstantia;
2400 4448 2656 4502 tornatile
2674 4455 2878 4511 autem,
2900 4447 3028 4516 quia
3063 4444 3498 4515 speciosissimus
3510 4452 3616 4509 est,

376 4537 537 4607 νευτὴ
563 4537 621 4591 δὲ
648 4539 729 4603 ὅτι
760 4536 1090 4609 περικαλλὴς
1131 4538 1225 4590 καὶ
1252 4537 1393 4609 πέρα
1429 4537 1587 4606 λόγου
1630 4539 1847 4601 παντὸς,
1877 4540 1932 4594 τό

2042 4541 2330 4610 plusquam
2388 4538 2576 4593 verbis
2606 4538 2868 4607 explicari
2908 4537 3098 4607 possit,
3138 4537 3229 4591 ille
3262 4535 3618 4599 Emmanuel,

376 4643 440 4693 γε
473 4620 607 4696 ἦκον
651 4629 729 4690 εἰς
775 4626 1079 4697 εὐμορφίαν
1108 4626 1205 4695 τὴν
1250 4625 1467 4696 νοητὴν,
1506 4630 1533 4679 ὁ
1569 4627 1932 4697 Ἐμμανουήλ.

2044 4632 2091 4685 si
2123 4628 2590 4701 pulchritudinem
2618 4628 2803 4683 animo
2829 4628 3183 4699 spectabilem
3218 4626 3443 4696 cogites.
3471 4624 3620 4679 Scri-

373 4716 689 4788 Γὲγραπται
709 4717 818 4790 γὰρ
844 4718 924 4774 ὅτι
952 4737 971 4769 ι
1019 4719 1231 4790 Ὠραῖος
1253 4717 1437 4771 κάλλει
1466 4718 1615 4789 παρὰ
1641 4718 1764 4781 τοὺς
1792 4720 1932 4783 υἱοὺς

2044 4732 2196 4793 ptum
2217 4729 2302 4777 est
2339 4722 2487 4777 enim
2520 4738 2533 4775 :
2568 4740 2586 4772 ι
2618 4719 2910 4790 Speciosus
2937 4718 3112 4773 forma
3137 4731 3251 4787 prae
3277 4715 3406 4770 ﬁliis
3429 4713 3620 4769 homi-

371 4806 484 4861 τῶν
533 4807 857 4879 ἀνθρώπιον.
916 4828 935 4862 ι
986 4810 1195 4864 Οὐκοῦν
1239 4810 1302 4862 τὸ
1344 4810 1788 4881 ἐκτετορνεῦσθαι
1836 4810 1932 4882 τὴν

2033 4810 2235 4865 num“.
2248 4809 2431 4876 sQuod
2452 4809 2619 4879 igitur
2631 4808 3020 4863 candelabrum
3035 4805 3289 4861 tornatile
3298 4803 3499 4859 factum
3512 4810 3617 4868 est,

373 4900 616 4972 λυχνίαν,
640 4900 705 4956 τδ
731 4903 812 4966 είς
847 4898 988 4967 εἶδος
1020 4902 1321 4975 ἐκπρεπὲς,
1358 4902 1514 4974 δῆλον
1544 4903 1599 4956 δὲ
1622 4903 1703 4958 ὅτι
1728 4903 1789 4956 τὸ
1819 4902 1936 4956 θεο-

372 4993 607 5063 πρεπὲς,
637 4993 1017 5049 κατεδείκνυεν
1055 4994 1122 5049 ἂν
1150 4990 1212 5048 εὖ
1255 4994 1403 5065 μάλα
1438 4993 1530 5048 τοῦ
1571 4995 1939 5066 Ἐμμανουήλ.

373 5084 469 5147 Είς
491 5083 663 5150 δεξιὸν
691 5085 749 5139 δὲ
781 5086 875 5139 καὶ
896 5086 1197 5157 εὐώνυμον,
1219 5080 1420 5157 οἷάπερ
1448 5088 1513 5139 ἐκ
1532 5086 1751 5156 δένδρου
1776 5085 1944 5140 καλα-

378 5173 609 5243 μίσκους
642 5176 1038 5245 ἐκπεφυκότας,
1085 5177 1556 5248 συναναθρώσκειν
1586 5176 1643 5230 δὲ
1683 5176 1761 5246 τῷ
1793 5176 1942 5246 μέσῳ

375 5265 561 5337 καυλῷ
582 5306 598 5331 ,
629 5269 723 5323 καὶ
755 5269 836 5332 είς
879 5266 1011 5337 ὕψος
1054 5268 1301 5339 αἴρεσθαί
1340 5285 1474 5339 φησι
1501 5269 1564 5321 τὸ
1607 5270 1939 5322 ίσοστατοῦν.

375 5353 469 5420 Εἷς
501 5358 609 5429 γὰρ
631 5358 708 5413 ὢν
731 5360 872 5414 κατὰ
896 5360 1057 5428 φύσιν
1072 5361 1101 5412 ό
1129 5361 1459 5430 Μονογενὴς,
1479 5360 1571 5413 καὶ
1593 5360 1652 5411 ἐν
1680 5359 1943 5430 ἁπλότητι

374 5450 443 5516 τῇ
467 5452 587 5504 κατ’
609 5451 818 5513 οὐσίαν,
849 5452 923 5514 ὡς
945 5450 1095 5515 Θεὸς,
1125 5450 1400 5521 διαφόροις
1432 5452 1732 5523 ἐνεργείαις
1754 5452 1942 5506 πολλο-

381 5540 503 5604 στὸς
529 5538 668 5597 εἶναι
712 5542 878 5607 δοκεῖ,
913 5542 1026 5596 ἀλλ’
1052 5543 1203 5597 οὐδὲν
1240 5544 1647 5614 είσκεκριμένον
1681 5542 1712 5611 ἢ
1743 5543 1943 5598 ὀθνεῖον

379 5736 520 5792 xuv,
544 5723 596 5776 5.

494 5654 669 5726 Levii.
708 5670 852 5722 xxxv,
879 5655 987 5713 5-9.
1062 5658 1277 5712 "Joan.
1305 5673 1343 5722 ι,
1373 5657 1454 5712 Η.
1501 5658 1538 5690 ¹¹
1568 5658 1727 5714 Num.
1757 5676 1842 5726 xv,
1868 5658 2053 5715 17—21.
2132 5655 2174 5689 ¹²
2199 5652 2370 5710 Exod.
2418 5663 2541 5716 xxv;
2565 5649 2654 5717 51,
2695 5650 2783 5704 52.

2038 4893 2093 4956 id
2110 4914 2243 4955 vero
2258 4900 2406 4954 illam
2427 4897 2854 4969 pulchritudinis
2870 4896 3262 4968 praestantiam,
3280 4894 3337 4949 id
3366 4901 3451 4949 est
3481 4891 3622 4947 divi,

2039 5007 2166 5048 nam
2204 4991 2353 5045 illam
2378 4990 2552 5047 nostri
2576 4988 2950 5045 Emmanuelis
2974 4988 3315 5059 dignitatem,
3342 4985 3622 5055 aptissime

2042 5082 2404 5157 signiﬁcabat.
2454 5082 2704 5138 Calamos
2766 5096 2933 5153 porro
2969 5094 3037 5135 ex
3058 5080 3251 5135 dextro
3288 5077 3623 5143 sinistroque

2044 5173 2216 5228 latere
2258 5178 2517 5242 tanquam
2545 5186 2615 5227 ex
2648 5171 2843 5225 arbore
2864 5168 3219 5241 prodeuntes,
3256 5162 3456 5232 inquit,
3495 5176 3621 5231 cum

2045 5264 2229 5321 medio
2260 5263 2446 5334 stipite
2469 5263 2629 5318 simul
2647 5275 2960 5331 exsurgere,
2984 5266 3041 5312 et
3059 5257 3128 5311 ad
3156 5269 3341 5326 parem
3368 5252 3618 5308 altitudi~

2043 5373 2171 5415 nem
2192 5356 2331 5412 tolli.
2365 5355 2626 5423 Quamvis
2659 5354 2807 5408 enim
2844 5349 3170 5421 Unigenitus
3196 5348 3289 5401 ille
3320 5344 3621 5403 sccundum

2044 5457 2296 5505 naturam
2325 5465 2467 5503 unus
2505 5447 2595 5509 sit,
2626 5444 2792 5515 299
2828 5451 2886 5496 et
2927 5450 2988 5496 ut
3023 5442 3167 5496 Deus
3196 5438 3495 5509 simplicem
3522 5437 3623 5490 ha-

2047 5543 2175 5598 beat
2219 5539 2534 5601 essentiam,
2590 5535 2909 5591 diversitate
2975 5541 3154 5588 tamen
3220 5530 3619 5602 operationum,

2887 5648 2928 5681 η
2952 5646 3114 5714 lbid.,
3143 5645 3324 5701 διδ-κιο.
3404 5642 3447 5674 ιι
3476 5639 3619 5715 Psal,
