4142 6296
521 308 532 326 ἐ
588 356 693 417 607

1591 361 1646 417 S.
1692 361 1965 417 CYRILLI
2012 364 2481 420 ALEXANDRINI
2522 363 2842 422 ARCHIEP.

3747 362 3859 422 608

583 472 740 544 quasi
776 471 1058 541 multiplex
1091 487 1210 527 esse
1238 472 1456 528 videtur
1499 493 1510 527 :
1562 491 1745 547 neque
1783 494 1914 532 vero
1947 479 2141 549 aliquit

2261 482 2319 534 ἐν
2343 479 2512 550 αὐτῷ,
2553 479 2654 533 κᾶν
2680 481 2728 531 εί
2762 478 2933 533 νοοῖτό
2964 496 3079 544 πως
3125 480 3233 543 τοῖς
3265 478 3628 550 θεοπρεπέσιν
3672 478 3855 544 ἀξιώ-

581 580 641 621 In
661 579 729 620 eo
754 572 1041 618 externum
1072 572 1155 618 est
1196 573 1251 618 et
1279 563 1663 632 adventitium,
1708 570 1921 623 tametsi
1950 569 2155 625 divinis

578 655 859 711 attributis
893 654 1293 724 quodammodo
1334 655 1479 711 haud
1511 656 1741 727 simplex
1764 659 2101 730 intelligatur
2136 679 2148 713 :

577 747 669 800 lux
703 745 871 809 enim,
897 752 955 799 et
977 744 1108 809 vita,
1131 746 1306 811 etvis,
1341 754 1397 800 et
1420 746 1760 818 incorruptio
1788 765 1908 804 esse
1946 750 2153 805 intelli-

577 837 744 907 gitur.
777 837 911 891 Nam
948 853 1072 891 cum
1105 838 1303 893 docere
1329 840 1494 895 vellet
1520 841 1659 894 nihil
1705 858 1827 898 esse
1866 844 1922 897 in
1955 859 2024 897 eo
2052 843 2152 897 ad-

577 927 864 991 scititium,
890 929 1094 993 intulit,
1132 936 1192 983 ut
1220 930 1436 999 opinor,
1469 931 1605 986 illud
1643 949 1655 983 :
1694 952 1712 983 ‹
1744 932 2064 1002 Sphaerulaa,
2097 944 2153 988 et

575 1017 790 1080 calami,
818 1026 875 1072 et
897 1016 1008 1071 lilia
1043 1034 1111 1071 ex
1132 1019 1251 1088 ipso
1270 1019 1400 1083 sint,
1433 1025 1606 1073 totum
1638 1023 1890 1076 tornatile
1917 1037 1983 1075 ex
2016 1037 2152 1077 auro

576 1122 717 1175 puro
745 1108 808 1172 ²⁵,
854 1127 871 1159 ι
906 1108 962 1162 id
988 1115 1092 1172 est,
1130 1116 1279 1165 totus
1320 1110 1560 1180 undique
1587 1113 1750 1175 Deus,
1776 1127 1886 1166 non
1924 1114 2153 1182 perinde

576 1203 740 1266 atque
769 1214 834 1252 ea
889 1214 1011 1267 qua:
1050 1208 1167 1253 orta
1218 1209 1380 1267 sunt,
1438 1202 1809 1258 sanctificatus
1840 1222 1853 1256 :
1882 1220 2061 1273 neque
2094 1213 2154 1259 ut

576 1288 776 1357 angeli,
802 1288 895 1357 qui
925 1304 1048 1342 cum
1075 1289 1128 1343 in
1153 1305 1250 1345 sua
1272 1291 1506 1360 quadam
1531 1302 1728 1348 natura
1750 1293 2148 1363 intelligantur,

577 1377 723 1431 illius
752 1378 922 1448 gratia
964 1388 1020 1433 et
1077 1381 1248 1450 gloria
1310 1382 1553 1436 decorati
1599 1380 1745 1448 sunt,
1796 1398 1862 1437 ac
1896 1391 2150 1453 tanquam

575 1482 711 1521 auro
736 1469 964 1534 mundo,
1007 1471 1234 1540 spiritus
1275 1488 1506 1527 munere
1560 1474 1964 1545 quodammodo
1990 1475 2149 1542 illiti;

577 1557 674 1612 sed
720 1559 867 1627 quod
923 1571 1113 1630 suapte
1166 1572 1365 1618 natura
1413 1565 1484 1619 sit
1536 1566 1629 1619 illa
1673 1566 1789 1637 ipsa
1815 1581 1922 1631 res,
1955 1582 2152 1637 nempe

573 1646 738 1713 Deus,
764 1649 856 1703 illa
903 1650 1166 1705 nimirum
1219 1654 1512 1722 puriSsima
1552 1663 1608 1709 et
1643 1670 1895 1725 suprema
1933 1665 2148 1711 natura.

2260 588 2426 641 μασιν
2455 571 2553 641 οὐχ
2584 568 2808 633 ἁπλοῦς.
2831 569 2950 633 Φῶς
2976 569 3084 640 γὰρ
3112 571 3205 623 καὶ
3230 570 3361 641 ζωὴ,
3381 571 3475 624 καὶ
3495 569 3737 639 δύναμις
3758 571 3855 624 καὶ

2254 660 2531 732 άφθαρσία
2556 663 2775 715 νοεῖται.
2811 660 2928 713 Ὅτι
2959 662 3066 731 γάρ
3091 661 3243 713 οὐδὲν
3263 660 3571 730 εἰσποιητὸν
3600 662 3664 713 ἐν
3696 660 3852 730 αὐτῷ

2258 751 2467 816 διδάξαι
2494 751 2722 822 βεϐουλη
2732 751 2909 821 μένος,
2933 751 3397 820 προσεπῄεγκεν,
3422 748 3574 821 οἶμαί
3595 766 3730 810 που,
3766 750 3848 814 τὸ,

2262 857 2280 888 ‹
2322 839 2384 890 Οἱ
2419 838 2800 907 σφαιρωτῆρες
2831 835 2924 890 καὶ
2951 838 3000 889 οί
3036 837 3364 908 καλαμίσκοι
3394 837 3452 902 ἐξ
3473 838 3649 908 αὐτῆς
3674 837 3851 890 ἔστω-

2258 945 2393 981 σαν·
2440 928 2533 998 ὅλη
2580 925 2836 998 τορνευτὴ
2888 927 2951 979 ἐκ
3006 927 3229 998 χρυσίου
3274 927 3557 999 καθαροῦ,
3621 945 3642 978 ι
3700 927 3849 981 τοῦτ’
3940 998 3943 1001 Α

2255 1019 2420 1085 ἔστιν,
2452 1020 2570 1082 ὅλος
2619 1020 2792 1072 διόλου
2836 1019 2988 1083 Θεὸς,
3043 1019 3142 1071 οὑκ
3184 1020 3242 1071 ἐν
3276 1019 3376 1090 τσῳ
3430 1022 3541 1081 τοῖς
3587 1022 3849 1089 γενητοῖς

2255 1111 2605 1181 ἡγιασμένος,
2635 1110 2753 1163 οὑδὲ
2784 1109 2971 1181 ὥσπερ
2998 1109 3215 1177 ἄγγελοι
3254 1110 3412 1179 τυχὸν
3439 1111 3496 1162 ἐν
3543 1109 3656 1179 ἰδίᾳ.
3689 1109 3844 1161 νοούσ

2258 1219 2408 1272 μενοι
2443 1200 2623 1269 φύσει,
2655 1199 3182 1270 κατηγλαῖσμένοιδέ
3210 1198 3420 1252 ἐκείνου
3444 1198 3636 1268 χάριτί
3656 1215 3722 1250 τε
3754 1200 3847 1251 καὶ

2254 1291 2403 1365 δόξῃ,
2448 1291 2542 1344 καὶ
2569 1287 2765 1361 οἷάπερ
2794 1289 3002 1360 χρυσίῳ
3030 1288 3275 1358 καθαρῷ,
3304 1290 3370 1359 τῇ
3388 1287 3496 1373 ,τοῦ
3527 1286 3847 1357 πνεύματος

2252 1384 2398 1437 δόσει
2424 1377 3074 1451 κατακεχρισμένοι,ηάλλ’
3098 1377 3320 1451 αὑτὸ-τῇ
3346 1377 3504 1445 φύσει
3525 1376 3588 1429 τὸ
3625 1377 3843 1447 χρῆμα,

2254 1473 2407 1536 Θεὸς,
2441 1474 2473 1542 ἠ
2505 1471 2866 1541 καθαρωτάτη
2905 1487 2965 1522 τε
2997 1469 3091 1522 καὶ
3122 1466 3401 1537 ὑπερτάτη
3437 1467 3623 1535 φύσις.
3672 1467 3847 1519 Ἑπτά

2254 1558 2311 1611 δὲ
2344 1559 2394 1611 ol
2444 1557 2647 1628 λύχνοι·
2697 1555 2840 1610 κατὰ
2889 1557 3118 1620 πολλοὺς
3172 1558 3280 1626 γάρ
3326 1556 3637 1628 τρόπουςίό
3690 1555 3844 1626 παρὰ

2250 1650 2494 1722 Χριστοῦ
2516 1650 2813 1720 φωτισμός.
2842 1650 2974 1716 Καὶ,
3009 1669 3027 1700 ι
3060 1645 3133 1721 1ᾨ
3169 1649 3267 1719 μὲν
3309 1648 3519 1703 δέδοται
3548 1648 3718 1717 λόγος
3751 1666 3840 1701 σου

574 1735 790 1805 Scptem
835 1755 1000 1808 porro
1060 1741 1300 1798 lucernae
1345 1753 1502 1810 sunt;
1559 1747 1751 1801 multis
1781 1763 2016 1818 namque
2038 1765 2141 1803 mo«

2258 1741 2406 1812 φίας,
2442 1741 2615 1812 ἐτέρῳ
2642 1740 2699 1794 δέ
2727 1740 2881 1809 λόγος
2905 1739 3177 1809 γνώσεως,
3211 1738 3482 1811 διάκρισίς
3508 1757 3568 1792 τε
3600 1740 3844 1810 πνευμά-

572 1827 659 1881 dis
684 1843 715 1882 a
751 1828 970 1885 Christo
1008 1831 1337 1889 illuminatio
1373 1837 1639 1899 tribuitur
1675 1856 1687 1890 :
1716 1847 1794 1904 et,
1838 1857 1857 1890 ‹
1888 1811 2141 1910 Aliiqui-

2253 1853 2381 1901 των,
2422 1853 2441 1885 ι
2494 1811 2594 1887 καῖ
2634 1834 2702 1887 τὰ
2744 1832 2925 1887 λοιπά.
2996 1832 3347 1899 Τελειότητος
3397 1830 3454 1884 δὲ
3512 1832 3775 1901 σημεῖον,
3814 1832 3844 1883 ὁ

572 1917 696 1971 dem
733 1919 894 1974 datur
914 1937 1096 1977 sermo
1125 1927 1424 1995 sapientiae,
1449 1928 1540 1983 alii
1567 1936 1750 1984 autem
1770 1945 1951 1985 sermo
1971 1932 2151 1987 scien-

575 2005 683 2069 tiae,
715 2016 772 2061 et
797 2007 1060 2065 discretio
1098 2013 1390 2082 spirituum
1425 2017 1490 2081 η,
1522 2036 1539 2068 ι
1599 2025 1656 2072 et
1686 2019 1917 2089 reliqua.
1963 2020 2150 2075 Perfe-

573 2096 771 2151 ctionis
822 2106 1007 2155 autem
1065 2102 1278 2172 signum
1339 2113 1423 2160 est
1450 2122 1715 2163 numerus
1763 2111 2142 2179 septenarius;

570 2188 1005 2256 perfectissimus
1054 2208 1186 2249 vero
1236 2203 1321 2250 est
1359 2207 1552 2268 suapte
1608 2207 1804 2255 natura
1825 2201 2150 2257 Emmanuel

572 2287 831 2349 tanquam
880 2283 1043 2348 Deus,
1085 2294 1140 2339 et
1171 2287 1563 2343 charismatum
1593 2290 1662 2344 ab
1702 2291 1821 2361 ipso
1860 2291 2149 2347 fluentium

572 2365 893 2424 distributio
916 2372 1155 2440 perfecte
1172 2373 1240 2428 iis
1259 2377 1539 2447 proposita
1556 2387 1639 2433 est
1653 2380 1747 2449 qui
1766 2390 2046 2436 merentur
2061 2397 2152 2437 ac-

567 2457 786 2528 cipere;
810 2476 987 2531 neque
1005 2464 1153 2518 enim
1179 2483 1196 2516 ι
1218 2464 1301 2521 Ad
1316 2482 1629 2523 mensuram
1649 2470 1743 2525 dat
1766 2472 2020 2543 spiritum
2045 2473 2108 2539 ¹⁷,
2122 2492 2140 2524 ι

568 2555 628 2601 ut
649 2547 842 2605 beatus
865 2550 1103 2609 Joannes
1128 2555 1233 2622 ait;
1260 2557 1355 2612 sed
1389 2577 1407 2609 ι
1438 2574 1506 2613 ex
1529 2561 1648 2631 ejus
1675 2563 2018 2632 plenitudine
2045 2579 2146 2619 nos

565 2656 757 2697 omnes
797 2647 1110 2725 accepimus
1161 2649 1222 2703 ³⁸.
1281 2667 1302 2700 ι
1356 2651 1562 2706 Deinde
1593 2653 1714 2707 ait:
1754 2673 1773 2706 ι
1805 2655 1874 2709 Et
1900 2655 2147 2725 impones

563 2731 837 2799 lucernas,
860 2744 916 2789 et
937 2736 1202 2793 lucebunt
1221 2756 1291 2795 ex
1317 2756 1426 2795 una
1447 2742 1586 2798 facie
1612 2744 1675 2799 ¹⁹.
1708 2765 1725 2796 ι
1755 2745 1940 2812 Qualis
1963 2756 2146 2801 autem

562 2822 638 2877 sit
658 2822 774 2878 haec
799 2824 1020 2894 positio,
1063 2828 1121 2882 in
1151 2829 1407 2886 Numeris
1443 2833 1664 2902 planius
1704 2836 2018 2906 explicavit,
2066 2840 2145 2894 sic

563 2911 753 2969 dicens
787 2932 800 2968 :
837 2934 855 2965 ι
894 2915 962 2970 Et
1000 2917 1219 2974 locutus
1259 2929 1341 2976 est
1390 2922 1654 2981 Dominus
1678 2926 1745 2981 ad
1782 2927 2023 3000 Moysen,
2056 2931 2143 2986 di-

560 3017 693 3058 cens
727 3021 739 3056 :
773 3004 1235 3075 LoquereAaron,
1265 3011 1486 3068 etdices
1517 3015 1586 3069 ad
1615 3031 1763 3082 eum,
1796 3017 1932 3073 Cum
1966 3020 2145 3092 impo-

2253 1926 2392 1980 ἑπτὰ
2427 1924 2589 1979 πάλιν
2620 1923 2767 1976 ἐστὶν
2797 1921 3051 1994 ἀριθμός.
3107 1921 3424 1985 Παντέλειος
3456 1921 3513 1975 δὲ
3556 1922 3662 1974 καὶ
3697 1921 3839 1975 κατὰ

2253 2018 2415 2088 φύσιν
2453 2016 2589 2071 ἰδίαν
2622 2018 2649 2068 ὁ
2687 2013 3056 2085 Ἐμμανουὴλ,
3091 2013 3168 2075 ὼς
3204 2012 3357 2076 Θεὸς,
3406 2013 3500 2102 καὶ
3540 2011 3663 2102 τῷν
3706 2016 3839 2083 παρ’

2251 2106 2415 2161 αὑτοῦ
2444 2104 2800 2178 χαρισμάτων
2828 2106 2884 2157 ἐν
2918 2104 3169 2173 διανομῇ,
3192 2102 3412 2165 τελείως
3437 2100 3696 2170 ἔγκειται
3726 2103 3837 2163 τοῖς

2251 2201 2389 2254 ἐλεῖν
2412 2198 2600 2264 ἀξίοις.
2629 2197 2704 2250 Οὐ
2725 2195 2834 2266 γὰρ
2859 2213 2878 2246 ι
2914 2195 3010 2248 Ἐκ
3038 2194 3238 2266 μέτρου
3254 2193 3435 2247 δίδωσι
3454 2193 3515 2245 τὸ
3541 2191 3789 2263 πνεῦμα,
3812 2211 3832 2244 ι

2250 2291 2391 2347 κατὰ
2421 2290 2519 2360 τὴν
2560 2285 2654 2342 τοῦ
2699 2286 2945 2340 Ἰωάννου
2981 2284 3184 2355 φωνὴν,
3234 2284 3348 2338 ἀλλ’
3384 2303 3403 2335 ι
3440 2284 3504 2336 ἐκ
3557 2282 3664 2336 τοῦ
3697 2282 3835 2353 πλη-

2252 2382 2502 2455 ρώματος
2534 2381 2693 2450 ἡμεῖς
2722 2378 2924 2440 πάντες
2954 2376 3236 2443 ἐλάϐομεν.
3270 2393 3289 2427 ι
3310 2370 3439 2428 Εἶτά
3471 2390 3613 2444 φησι
3639 2391 3655 2405 ·
3684 2391 3703 2425 ι
3727 2373 3834 2426 Καὶ

2249 2473 2530 2544 ἐπιθήσεις
2570 2470 2698 2531 τοὺς
2739 2468 2984 2537 λύχνους,
3038 2466 3132 2518 καὶ
3163 2463 3424 2532 φανοῦσιν
3452 2464 3516 2517 ἐκ
3558 2463 3665 2516 τοῦ
3716 2461 3835 2524 ἐνὸς

2248 2563 2562 2635 προσώπου.
2619 2579 2637 2611 ι
2686 2557 2850 2611 Ἀλλά
2879 2555 2962 2618 τίς
2995 2554 3061 2608 ἂν
3099 2554 3311 2623 γένοιτο
3357 2553 3516 2623 τυχὸν
3561 2554 3600 2621 ἡ
3655 2550 3830 2605 τοιάδε

2248 2658 2414 2721 θέσις,
2445 2657 2501 2708 ἐν
2532 2654 2645 2716 τοῖς
2682 2649 2962 2722 ’Δριθμοῖς
2995 2647 3178 2718 ἐδήλου
3209 2645 3414 2714 σαφῶς,
3443 2644 3585 2697 οὕτω
3616 2644 3824 2711 λέγων·

2253 2767 2272 2801 ε
2318 2747 2429 2801 Καὶ
2460 2743 2690 2812 ἐλάλησε
2720 2739 2927 2813 Κύριος
2947 2738 3085 2810 πρὸς
3111 2737 3318 2806 Μωσῆν
3342 2735 3515 2804 λέγων
3536 2750 3552 2767 ⁸
3572 2735 3828 2805 Λάλησον

2259 2838 2490 2910 Ἀαρὼν,
2523 2835 2617 2889 καὶ
2644 2834 2789 2904 ἐρεῖς
2838 2831 2972 2904 πρὸς
3004 2829 3189 2882 αὐτόν’
3241 2826 3412 2881 Ὅταν
3462 2825 3668 2896 ἐπιθῇς
3705 2826 3828 2887 τοὺς

2245 2931 2469 3001 λύχνους
2503 2928 2565 2980 ἐκ
2591 2924 2789 2994 μέρους
2814 2919 2955 2976 κατὰ
2987 2919 3279 2990 πρόσωπον
3302 2916 3400 2986 τῆς
3427 2915 3681 2985 λυχνίας,
3712 2932 3824 2984 φωο

2244 3023 2452 3078 τιοῦσιν
2474 3020 2522 3072 οί
2554 3015 2696 3071 ἑπτὰ
2722 3015 2933 3084 λύχνοι·
2968 3012 3065 3065 καὶ
3098 3010 3356 3080 ἐποίησεν
3392 3007 3564 3071 οὕτως
3612 3005 3825 3078 Ἀαρὼν

560 3093 740 3147 sueris
762 3094 1035 3163 lucernas,
1073 3114 1141 3154 ex
1166 3109 1320 3170 parte
1361 3105 1664 3160 secundum
1698 3106 1894 3164 faciem
1929 3113 2132 3169 cande-

2246 3128 2301 3179 ὲκ
2331 3115 2425 3170 τοῦ
2450 3113 2564 3175 ἐνὸς
2600 3109 2796 3181 μέρους
2826 3105 2968 3160 κατὰ
2996 3102 3285 3176 πρόσωπον
3305 3102 3405 3170 τῆς
3424 3099 3689 3199 λυχνίας,
3732 3097 3823 3199 ita}

557 3178 698 3235 labri
727 3182 989 3239 lucebunt
1020 3194 1231 3258 septem
1264 3190 1504 3247 lucernae
1533 3211 1547 3248 :
1580 3201 1635 3248 et
1679 3195 1809 3252 fecit
1837 3198 1915 3253 sic
1954 3199 2134 3258 Aaron

2246 3213 2410 3286 ἐξῆψε
2437 3208 2564 3270 τοὺς
2590 3178 2814 3273 λύχνους
2834 3199 3024 3286 αὐτῆς,
3047 3190 3477 3286 καθὰῃσυνέταξε
3508 3185 3823 3286 Κύριος-τῷ

556 3285 625 3326 ex
648 3288 755 3327 una
771 3285 927 3344 parte
956 3279 1258 3334 secundum
1280 3281 1475 3338 faciem
1501 3286 1836 3354 candelabri,
1862 3298 1919 3344 et
1945 3306 2138 3347 accen-

555 3362 639 3418 dit
660 3365 912 3421 lucernas
939 3369 1129 3438 ipsius,
1156 3380 1218 3426 ut
1239 3375 1523 3430 constituit
1550 3378 1810 3433 Dominus
1838 3380 2003 3451 Moysi
2033 3383 2128 3438 ²⁹.›

555 3453 802 3526 lntellige
821 3473 952 3529 ergo
980 3468 1191 3531 septem
1227 3463 1351 3519 illas
1398 3466 1652 3522 lucernas
1694 3470 1761 3524 ad
1789 3470 1982 3527 faciem
2008 3489 2136 3529 can-

556 3544 769 3601 delabri
818 3564 1023 3618 versas,
1080 3554 1267 3609 lumen
1326 3555 1383 3610 in
1431 3557 1758 3628 aspicientes
1808 3560 2134 3633 immittere;

557 3651 671 3690 non
693 3637 841 3693 enim
883 3643 1029 3710 quia
1062 3650 1218 3716 tergo
1251 3656 1398 3714 sunt,
1440 3665 1503 3705 ac
1531 3651 1935 3720 quodammodo
1960 3672 1991 3710 a
2023 3656 2135 3712 Deo

555 3729 755 3794 aversi,
781 3744 878 3786 eos
912 3732 1158 3789 divinum
1192 3736 1326 3791 illud
1350 3753 1414 3793 ac
1437 3740 1719 3809 spirituale
1773 3744 1959 3799 lumen
2011 3745 2138 3803 illu-

557 3825 724 3884 strat;
752 3821 847 3874 sed
876 3836 973 3877 eos
1009 3824 1105 3892 qui
1134 3825 1189 3878 in
1219 3825 1367 3882 illius
1398 3841 1753 3899 conspectum
1776 3848 1874 3903 per
1897 3838 2136 3891 sanctifi-

556 3906 829 3961 cationem
856 3911 1107 3978 perducti
1132 3922 1281 3981 sunt,
1317 3931 1381 3971 ac
1395 3918 1507 3987 jam
1533 3936 1632 3989 per
1654 3922 1780 3979 ﬁdei
1804 3925 2131 3996 libertatem,

555 4005 612 4050 et
678 3997 1021 4055 honestatem
1068 4012 1221 4058 recte
1280 4006 1504 4061 vivendi
1554 4012 1870 4078 praeclaram
1915 4032 2010 4071 ora
2055 4019 2134 4074 illi

555 4083 911 4142 obverterunt
930 4105 943 4140 :
960 4098 1019 4145 ut
1029 4090 1176 4145 enim
1190 4092 1540 4150 abominandi
1556 4108 1704 4165 sunt,
1718 4109 1773 4155 et
1785 4107 2103 4161 exsecrandi
2115 4148 2130 4173 ,

554 4177 649 4246 qui
677 4177 734 4231 in
765 4180 1011 4250 nequitia
1069 4190 1126 4237 et
1155 4184 1462 4253 pervicacia
1493 4198 1801 4257 versantur,
1826 4193 1903 4248 ita
1942 4212 2136 4252 rursus

554 4267 728 4334 cbari,
775 4278 833 4324 et
886 4271 943 4325 in
982 4272 1079 4328 Dei
1129 4284 1422 4346 conspectu
1466 4279 1630 4349 positi
1691 4282 2137 4356 obtemperantes

553 4368 716 4432 atque
733 4364 1067 4422 tractabiles.
1081 4366 1243 4438 300
1254 4369 1458 4425 Judaeis
1467 4371 1637 4438 enim,
1655 4375 1748 4445 qui
1770 4363 2136 4449 intemperan-

2481 3318 2499 3351 ι
2536 3295 2702 3356 Σύνες
2733 3291 2796 3361 δὴ
2828 3285 2942 3351 οῦν,
2967 3288 3051 3381 δτι
3084 3283 3233 3381 κατὰ
3266 3284 3558 3381 πρόσωπον
3728 3280 3820 3381 λι)-

2243 3398 2418 3469 χνίας,
2451 3392 2501 3445 οί
2533 3386 2672 3442 ἑπτά
2697 3380 3060 3451 τετραμμένοι
3084 3376 3290 3469 λύχνοι,
3312 3374 3373 3469 to
3397 3372 3514 3469 φῷς
3541 3372 3818 3469 caulam?»

2245 3460 2329 3540 σιν
2375 3482 2604 3536 ἐνίεσαν.
2639 3475 2714 3529 υύ
2755 3472 2864 3542 γὰρ
2895 3472 3006 3532 τοῖς
3035 3466 3263 3521 κατόπιν
3284 3464 3379 3518 καὶ
3419 3462 3581 3515 οἱονεί
3611 3478 3729 3524 πως
3761 3460 3818 3510 ἐν

2242 3572 2557 3645 ἀποστροφῇ
2593 3565 2865 3636 κειμένοις
2903 3563 2970 3631 τῇ
3007 3557 3158 3630 παρὰ
3194 3554 3332 3626 Θεῷ,
3361 3555 3422 3607 τὸ
3450 3553 3592 3645 θεῖόν
3620 3550 3816 3645 τεκαὶ

2242 3643 2432 3739 νοητὸν
2469 3659 2768 3729 ἐπιλάμπει
2806 3653 2940 3724 φῶς,
2975 3649 3112 3705 ἀλλὰ
3136 3651 3249 3711 τοῖς
3283 3648 3363 3739 είς
3399 3644 3522 3714 ὄψιν
3552 3643 3816 3739 ἠγμένοις

2242 3730 2649 3823 δι’δγιασμοῦ,
2690 3746 2785 3801 καὶ
2823 3739 3260 3837 ἀντιπροσώποις
3290 3737 3389 3837 ήδη
3435 3735 3693 3837 γεγονόσι,
3728 3730 3815 3832 διὰ

2241 3848 2339 3918 τῆς
2367 3846 2424 3898 ἐν
2475 3843 2656 3895 πίστει
2695 3834 3029 3908 παρρησίας,
3061 3830 3153 3883 καὶ
3198 3829 3298 3898 τῆς
3344 3825 3401 3880 ἔν
3441 3842 3508 3918 γε
3543 3823 3637 3918 τῷ,
3667 3823 3812 3918 βιοῦν

2240 3911 2415 4009 ὀρθῶς
2445 3930 2726 4002 παγκάλου
2768 3925 3117 3997 σεμνότητος.
3156 3918 3419 4009 Βδελυρδν
3443 3916 3691 4009 ᾲμὲνᾲγὰρ
3720 3911 3811 4009 καῖ

2240 4002 2627 4095 ἀπηχθημένον
2668 4020 2778 4072 πᾶν
2825 4018 2948 4070 ὅσον
3005 4012 3152 4066 ἐστὶν
3192 4013 3250 4064 ἐν
3280 4007 3579 4079 φαυλότητί
3606 4022 3671 4059 τε
3719 4002 3809 4056 καὶ

2240 4116 2484 4186 ἀπειθίᾳ.
2525 4114 2718 4183 Τίμιον
2746 4110 2802 4164 δὲ
2831 4108 2926 4162 καὶ
2957 4107 3014 4160 ἐν
3036 4103 3318 4173 ἐπισκέψει
3342 4097 3501 4161 Θεοῦ,
3531 4096 3592 4150 τὸ
3624 4097 3807 4186 εὐπει-

2240 4208 2329 4273 θές
2350 4185 2448 4262 καῖ
2463 4206 2696 4276 εὐήνιον.
2737 4199 3014 4262 Ἰουδαίοις
3051 4196 3150 4268 μὲν
3177 4193 3286 4265 γάρ
3317 4189 3673 4263 ἐμπαροινεῖν
3699 4185 3807 4238 ἑλο-

2243 4299 2424 4370 μένοις
2450 4294 2767 4357 ἁκαθέκτως
2796 4288 2965 4361 αὐτῷ,
3001 4287 3097 4342 καὶ
3119 4285 3207 4339 διὰ
3235 4283 3417 4354 φωνῆς
3455 4277 3805 4370 Ἦσαῖουᾼφη-

2243 4367 2346 4444 σίν·
2387 4407 2406 4442 ι
2448 4389 2623 4441 Ὅταν
2654 4385 2756 4448 τὰς
2787 4386 2973 4454 χεῖρας
3019 4377 3296 4446 ἐκτείνητε
3341 4371 3477 4443 πρὸς
3531 4370 3620 4440 μὲ.
3668 4367 3806 4454 άποέ

553 4456 639 4507 ter
655 4452 806 4508 illum
822 4454 1020 4526 injuria
1042 4457 1247 4514 violare
1263 4459 1699 4531 constituissent,
1715 4482 1812 4537 per
1830 4469 1980 4526 Isaiae
2003 4487 2139 4542 quo-

2247 4500 2306 4536 στ
2316 4480 2464 4553 ρέψω
2479 4480 2605 4542 τοὺς
2621 4452 2932 4548 ὀφθαλμούς
2957 4488 3056 4544 μου
3078 4469 3170 4539 ἀφ’
3191 4465 3363 4540 ὑμῶν.
3395 4482 3413 4517 ι
3445 4482 3465 4553 ι
3509 4453 3806 4553 ’(λφθαλμοὶ

552 4557 661 4613 que
681 4558 873 4601 vocem
902 4546 1039 4603 dicit
1068 4565 1082 4601 :
1116 4567 1136 4600 ι
1168 4549 1306 4605 Cum
1327 4553 1688 4611 extenderitis
1710 4573 1905 4615 manus
1936 4562 2004 4616 ad
2025 4579 2131 4630 me,

551 4643 794 4690 avertam
821 4636 1010 4693 oculos
1031 4654 1182 4695 meos
1210 4656 1241 4695 a
1264 4641 1424 4697 vobis
1442 4643 1487 4676 ’ί
1514 4661 1528 4697 :
1562 4663 1580 4696 ι
1610 4676 1684 4686 -
1718 4665 1736 4698 ι
1768 4647 1924 4705 Oculi
1952 4662 2134 4710 autem

550 4722 768 4780 Domini
804 4742 973 4797 super
993 4730 1174 4799 justus
1203 4734 1272 4797 ”,
1308 4751 1328 4785 ι
1358 4741 1422 4787 ιιι
1459 4734 1516 4789 in
1547 4736 1779 4794 Psalmis
1799 4741 2035 4797 canitur.

620 4814 818 4869 PALL.
848 4818 1051 4872 Verum
1080 4828 1183 4874 est.

618 4904 777 4959 ΟΥΕ.
813 4906 986 4975 Hujus
1013 4910 1188 4964 sancti
1219 4906 1533 4969 candelabri
1563 4917 1732 4972 etiam
1785 4919 1980 4977 beatus
2028 4925 2130 4979 Za-

549 4995 767 5050 charias
787 5004 975 5067 aperte
998 4999 1281 5066 meminit;
1318 5002 1405 5057 sic
1434 5006 1588 5060 enim
1608 5009 1748 5063 dixit
1783 5028 1799 5064 ι
1838 5031 1857 5063 ι
1895 5013 2135 5071 Conver-

2233 4545 2544 4642 δὲ’Κυρίου
2593 4545 2685 4622 ἐπὶ
2744 4545 3009 4627 δικαίους,
3068 4578 3088 4613 ι
3154 4554 3297 4612 κατά
3346 4553 3408 4607 τὺ
3453 4552 3512 4605 ἐν
3556 4545 3803 4620 Ψαλμοῖς

2234 4664 2587 4734 ὑμνούμενον.

2303 4835 2509 4888 ηΑΑΑ.
2555 4831 2795 4903 Ἀληθές.
3016 4920 3082 4928 Η
3205 4919 3218 4928 _
3364 4919 3377 4928 _
3730 4915 3755 4928 _

2300 4927 2465 4980 ΚΥΡ.
2499 4926 2608 4997 Τῆς
2637 4924 2799 4994 ἁγίας
2812 4920 3041 4994 ταυτησὶ
3066 4919 3286 4991 λυχνίας
3311 4919 3583 4992 μέμνηται
3613 4919 3796 4987 σαφῶς

2228 5018 2323 5071 καὶ
2347 5019 2375 5070 ὁ
2400 5016 2682 5078 θεσπέσιος
2708 5015 3012 5085 Ζαχαρίας⁴
3058 5012 3160 5084 ἔφη
3186 5010 3314 5082 γὰρ,
3354 5011 3437 5065 ὅτι
3492 5029 3512 5063 ι
3550 5011 3660 5065 Καὶ
3694 5010 3793 5062 ἐπ-

548 5101 643 5141 sus
678 5093 765 5143 est
818 5090 1047 5160 angelus
1074 5091 1169 5161 qui
1206 5091 1538 5163 loquebatur
1569 5098 1626 5152 in
1647 5116 1756 5167 me,
1794 5111 1850 5158 et
1874 5108 2131 5163 excitavit

2246 5106 2490 5177 Ξστρεψεν
2506 5107 2534 5158 ὁ
2560 5105 2789 5174 ἄγγελος
2812 5107 2841 5158 ὁ
2866 5102 3044 5157 λαλῶν
3064 5104 3122 5155 ἐν
3146 5103 3290 5172 ἐμοὶ,
3319 5102 3414 5155 καὶ
3438 5099 3683 5172 ἐξήγειρέ
3702 5113 3789 5169 με,

547 5191 657 5245 me,
694 5179 838 5236 sicut
866 5182 1139 5237 excitatur
1181 5184 1345 5240 homo
1369 5202 1400 5241 a
1425 5201 1618 5244 somno
1642 5206 1762 5259 suo,
1803 5204 1860 5250 et
1895 5198 2032 5253 dixit
2058 5202 2127 5257 ad

2246 5198 2283 5249 iv
2313 5196 2515 5269 τρόπον
2555 5193 2823 5266 ἐξηγέρθη
2853 5193 3138 5264 ἄνθρωπος
3180 5195 3245 5245 ἐκ
3280 5191 3376 5245 τοῦ
3410 5190 3577 5244 ὕπνου
3605 5187 3788 5249 αὐτοῦ,

548 5283 637 5325 me
665 5288 679 5323 :
707 5270 847 5338 Quid
874 5281 931 5330 tu
952 5275 1143 5332 vides?
1172 5276 1243 5332 Et
1269 5277 1417 5333 dixi:
1443 5280 1589 5347 Vidi,
1615 5291 1670 5338 et
1692 5299 1821 5342 ecce
1859 5292 2120 5347 candela-

550 5359 714 5416 brum
737 5378 987 5432 aureum,
1020 5375 1077 5423 et
1092 5368 1303 5441 lampas
1332 5386 1500 5442 super
1523 5373 1681 5440 illud,
1713 5385 1769 5432 et
1806 5390 2014 5450 septem
2039 5385 2126 5438 lu-

2222 5288 2317 5342 xal.
2344 5283 2465 5340 εἷπε
2495 5286 2627 5357 πρὸς
2649 5286 2735 5357 μὲ,
2766 5285 2832 5338 Τί
2849 5286 2913 5338 σῦ
2935 5270 3187 5354 βλέπεις;
3217 5280 3326 5335 Καὶ
3341 5275 3491 5344 εἶπα,
3519 5280 3786 5350 Ἑώρακα,

2226 5381 2321 5435 καὶ
2355 5380 2464 5435 ἰδοῦ
2490 5378 2680 5451 λυχνία
2706 5378 2883 5450 χρυσῆ
2908 5377 3026 5447 ὅλη,
3058 5375 3153 5429 καὶ
3177 5373 3240 5427 τὸ
3272 5372 3574 5443 λαμπάδιον
3602 5369 3786 5436 αὐτῆς,

549 5466 731 5510 cerua:
760 5472 925 5528 super
948 5460 1105 5527 illud,
1137 5470 1194 5518 et
1214 5463 1336 5519 duae
1364 5465 1500 5521 oleae
1520 5482 1687 5537 super
1711 5469 1889 5539 ipsum
1915 5513 1929 5536 ,
1962 5489 2070 5528 una
2095 5491 2124 5529 a

2246 5472 2319 5526 ιαὶ
2346 5471 2488 5526 ἑπτὰ
2509 5472 2693 5543 λύχνοι
2722 5470 2909 5525 ἐπάνω
2934 5467 3125 5538 αὐτῆς,
3159 5466 3252 5520 καὶ
3278 5463 3372 5518 δύο
3400 5463 3576 5517 ἐλαῖαι
3608 5460 3787 5515 ἐπάνω

550 5539 757 5597 dextris
789 5544 1055 5614 lampadis
1079 5551 1218 5618 ejus,
1240 5560 1295 5607 et
1317 5568 1425 5607 una
1455 5570 1485 5607 a
1517 5555 1771 5612 sinistris.
1803 5558 1871 5621 Et
1912 5563 2120 5633 rogavi,

2221 5565 2410 5637 αὐτῆς·
2456 5565 2554 5636 μία
2583 5566 2647 5619 ἐκ
2671 5563 2860 5632 δεξιῶν
2882 5562 2977 5616 τοῦ
3004 5559 3308 5632 λαμπαδίου
3333 5556 3520 5626 αὐτῆς,
3558 5554 3648 5607 καὶ
3688 5549 3779 5621 μία

621 5639 668 5676 ⁸³
691 5657 860 5714 Exod.
891 5642 1013 5726 xxv,
1052 5664 1137 5719 36.
1217 5668 1259 5705 ιθ
1292 5668 1463 5725 lCor.
1510 5690 1603 5737 xu,
1635 5676 1685 5729 8.
1762 5678 1802 5710 ιτ
1834 5681 1987 5738 Joan,
2034 5701 2110 5750 ιιι,

621 5725 675 5784 5.
740 5730 778 5761 ’³
818 5729 922 5784 lsa.
964 5733 1113 5784 1.15.
1192 5736 1402 5784 ηρςειι
1443 5757 1608 5784 xum
1666 5745 1731 5784 m

2321 5687 2542 5744 “Joan.
2573 5705 2608 5753 ι,
2636 5688 2718 5743 l6.
2799 5689 2843 5722 ¹⁹
2874 5688 3043 5746 Exod.
3086 5704 3208 5784 x'xv,
3237 5687 3324 5741 3'7.
3403 5682 3448 5713 ’°
3473 5680 3638 5772 Num.
3666 5689 3783 5745 νιν..

555 5721 676 5796 1-3,
740 5730 778 5761 υ
818 5729 922 5795 lsa.
964 5721 1113 5797 ωδ.
1192 5721 1751 5809 ηιίεεῖιῗέικὲὶὶὶ,”ᾶο.
