4142 6296
376 353 479 412 (ῗθθ

1121 350 1209 405 DE
1248 346 1694 404 ADORATIONE
1737 350 1800 404 IN
1844 348 2117 404 SPIRITU
2160 350 2248 403 ΕΤ
2287 350 2654 405 VERITATE.
2698 350 2823 406 LIB.
2864 352 2953 407 IX.

3527 354 3637 412 οιο·

377 463 437 531 ἑξ
468 461 786 533 εὐωνύμων.
828 462 936 515 Καὶ
981 461 1337 532 ἐπηρώτησα,
1383 462 1478 515 καὶ
1514 457 1643 514 εἶπα
1686 463 1822 534 πρὸς
1864 462 1953 514 τὸν

2056 473 2111 515 et
2156 460 2268 515 dixi
2301 462 2368 516 ad
2395 463 2646 533 angelum
2677 463 2769 532 qui
2801 465 3127 535 loquebatur
3164 466 3219 521 in
3262 482 3370 531 me,
3401 465 3628 522 dicens:

377 556 608 625 ἄγγελον
635 554 725 607 τὸν
753 551 1014 605 λαλοῦντα
1048 553 1104 604 ὲν
1132 552 1276 623 ἐμοὶ,
1318 553 1512 622 λέγων,
1538 553 1731 624 Κύριε,
1755 553 1807 604 τί
1834 555 1948 606 ἐστι

378 648 586 710 ταῦτα;
624 645 720 698 καὶ
752 640 873 697 εἷπε
910 647 1046 715 πρὸς
1083 642 1169 714 μὲ,
1209 643 1405 712 λέγων,
1438 645 1511 697 Οὐ
1561 645 1848 713 γινώσκεις
1896 644 1957 696 τί·

379 740 499 791 ἑστι
530 732 744 798 ταύτας
792 733 901 786 Καλ⁸
946 728 1093 796 εἶπα,
1126 734 1280 804 Οὐχὶ,
1317 735 1507 807 Κύριε.
1551 754 1569 785 ι
1615 734 1674 787 '0
1707 735 1802 804 μὲν
1858 729 1949 786 οὖν

375 827 644 900 μακάριος
692 823 979 898 προφήτης
1042 824 1423 891 διεπυνθάνετο
1460 827 1655 895 λέγων,
1709 825 1774 878 Τί
1828 826 1946 878 ἐστι

371 917 569 980 ταῦτα,
594 914 798 987 Κύριε;
827 910 1012 987 Βραχὺ
1043 916 1097 970 δὲ
1123 917 1368 989 διήγημα
1394 918 1679 989 παρενθεὶς
1704 921 1732 972 ὁ
1755 917 1951 971 θεσπέ-

379 1026 494 1073 σιος
540 1009 767 1078 ἄγγελος
813 1007 1158 1078 διερμηνεύει
1200 1008 1297 1079 τὴν
1329 1010 1540 1079 ὅρασιν.
1594 1010 1686 1062 καὶ
1726 1009 1821 1079 τὴν
1847 1009 1950 1078 τῆς

376 1101 599 1173 λυχνίας
630 1098 969 1170 κατασκευὴν
988 1102 1068 1163 εἰς
1094 1101 1328 1172 Χριστὸν
1349 1101 1610 1170 ἀναφέρει
1634 1100 1807 1169 λέγων
1823 1119 1887 1154 πε
1897 1100 1950 1169 ρὶ

377 1193 488 1247 τῶν
514 1195 573 1246 ὲν
605 1193 742 1263 αὐτῇ
769 1191 979 1261 λύχνων
1012 1189 1175 1258 ἑπτὰ,
1219 1209 1238 1242 ι
1282 1185 1441 1247 Οὗτοι
1463 1194 1512 1245 οι
1543 1190 1809 1262 ὀφθαλμώ⁸
1834 1192 1947 1242 Κυ-

379 1284 518 1354 ρίου,
538 1281 922 1346 ὲπισλέποντες
944 1284 1033 1336 ἐπὶ
1049 1284 1229 1337 πᾶσαν
1246 1284 1344 1353 τὴν
1363 1285 1486 1354 γῆν.
1516 1301 1535 1333 ι
1559 1283 1621 1335 El
1641 1281 1750 1352 γὰρ
1779 1281 1882 1351 χρή
1896 1296 1947 1332 τι

378 1375 597 1430 καὶτῶν
616 1375 936 1446 παχυτέρων
957 1376 1151 1438 εἰπεῖν,
1183 1373 1398 1445 μυρίοις
1421 1373 1566 1436 ὅσοις
1583 1374 1728 1443 ἡμᾶς
1751 1370 1948 1439 ὀφθαλ-

382 1469 503 1537 μοῖς
529 1468 591 1521 τὸ
624 1467 763 1520 θεῖον
792 1468 893 1538 ὁρᾷ
922 1466 1015 1520 καὶ
1040 1466 1477 1520 κατασκέπτεται
1504 1464 1574 1519 τὰ
1608 1462 1945 1536 ἀνθρώπινα.

378 1558 660 1628 γινώσκων
688 1558 755 1614 τὰ
788 1560 845 1611 ὲν
887 1556 964 1627 τῷ
1000 1558 1202 1623 σκότει,
1246 1557 1387 1611 κατὰ
1433 1558 1494 1610 τὸ
1542 1556 1945 1627 γεγραμμένον,

387 1668 406 1699 ι
446 1648 553 1701 Καὶ
569 1647 629 1701 τὸ
647 1647 760 1716 φῶς
786 1649 901 1716 μετ’
928 1646 1092 1699 αὐτοῦ
1120 1648 1287 1701 ἐστιν.
1315 1664 1333 1697 ι
1361 1647 1424 1701 Ei
1441 1647 1549 1718 γὰρ
1571 1647 1665 1700 καὶ
1686 1648 1819 1716 ἡμῖν
1835 1648 1947 1709 τοῖς

379 1739 439 1791 ὲν
476 1739 664 1807 κόσμῳ
706 1737 767 1790 τὸ
799 1737 913 1805 φῶς
947 1737 1122 1808 ἐνίησι
1159 1737 1312 1801 Θεὸς,
1347 1737 1843 1808 καταπλουτήσειεν
1878 1736 1944 1788 ἂν

377 1829 510 1884 αὐτὸ
529 1795 757 1899 καὶ-πρό
783 1795 847 1897 7's
869 1795 977 1881 τῶν
1008 1795 1183 1887 ἄλλων
1210 1795 1407 1899 ωδε,
1442 1828 1601 1896 φύσει
1639 1795 1835 1899 λάχὼν.
1873 1828 1943 1879 Ἦ
1980 1795 2020 1851 θ

377 1920 535 1990 εἴπερ
555 1920 654 1990 οὐχ
673 1914 777 1974 ὧδε
808 1919 949 1990 ἔχειν
974 1918 1335 1974 ὑποπτεύουσι
1361 1937 1526 1983 τινες,
1550 1919 1667 1990 ὥρα
1691 1936 1791 1972 που
1805 1918 1947 1988 τάχα

375 2013 489 2074 τοῖς
519 2005 624 2065 ὦδε
664 2015 880 2082 φρονεῖν
916 2011 1191 2082 ἑλομένοις
1236 2013 1548 2079 ἐπιφωνεῖν,
1593 2029 1611 2061 ι
1646 2009 1839 2063 Σύνετε
1884 2008 1946 2079 δὴ

376 2102 605 2173 ἄφρονες
636 2103 694 2154 ὲν
720 2100 797 2172 τῷ
826 2100 958 2173 λαῷ,
1000 2103 1095 2155 καὶ⁸
1149 2101 1321 2173 μωροί
1356 2118 1486 2154 ποτε
1514 2102 1836 2172 φρονήσατε.
1891 2101 1947 2153 '0

380 2193 651 2261 φυτεύσας
676 2194 737 2246 τὸ
758 2189 870 2256 οὖς,
900 2193 1021 2264 οὐχὶ
1049 2194 1267 2259 ἀκούεις
1290 2194 1322 2263 ἢ
1350 2196 1377 2245 ὁ
1397 2193 1605 2255 πλάσας
1630 2194 1722 2245 τὸν
1750 2191 1948 2260 ὀφθαλ-

381 2283 502 2354 μὸν,
529 2284 648 2355 οὐχὶ
679 2287 972 2349 κατανοεῖ;
1013 2283 1131 2339 Ζῶν
1158 2283 1265 2355 γὰρ
1289 2286 1316 2338 ὁ
1349 2284 1505 2353 λόγος
1542 2284 1636 2337 τοῦ
1672 2283 1828 2348 Θεοῦ,
1855 2284 1949 2338 καὶ

377 2375 629 2446 ἐνεργὴς,
653 2376 748 2429 καὶ
769 2375 1103 2446 ἠκονημένος
1141 2376 1341 2446 μᾶλλον
1378 2376 1648 2447 μαχαίρας
1675 2376 1945 2447 διστόμου,

377 2467 743 2537 διικνούμενος
779 2466 942 2539 μέχρι
974 2466 1245 2538 μερισμοῦ
1277 2467 1454 2538 ψυχῆς
1481 2469 1573 2521 καὶ
1620 2469 1945 2539 πνεύματος,

381 2557 577 2629 ἁρμῶν
596 2576 655 2611 τε
686 2560 775 2613 καὶ
812 2558 1043 2630 μυελῶν,
1084 2560 1178 2612 καὶ
1216 2560 1461 2630 κριτικὸς
1484 2560 1830 2631 ἐνθυμήσεων
1857 2561 1950 2613 καὶ

383 2649 602 2702 ἐννοιῶν
632 2649 872 2721 καρδίας,
902 2650 995 2703 καὶ
1020 2651 1118 2703 οὐκ
1149 2650 1263 2703 ἔστι
1293 2651 1468 2710 κτίσις
1490 2651 1701 2722 ἀφανὴς
1721 2650 1950 2705 ἐνώπιον

384 2738 571 2791 αὑτοῦ.
619 2738 804 2792 Πάντα
844 2738 901 2791 δὲ
948 2737 1133 2808 γυμνὰ
1191 2739 1284 2791 καλ⁶
1335 2737 1800 2809 τετραχηλισμένα
1842 2740 1951 2801 τοῖς

386 2828 679 2900 ὀφθαλμοῖς
711 2829 897 2883 αὑτοῦ.
923 2849 942 2882 ›
978 2829 1204 2894 Φωτίζει
1244 2829 1308 2901 δὴ
1353 2825 1444 2883 οὖν
1469 2831 1562 2882 καὶ
1584 2832 1753 2900 ἐφορᾷ
1778 2831 1951 2882 πάντα

383 2921 636 2992 Χριστός.
670 2921 959 2991 Τοιγάρτοι
987 2923 1082 2975 καὶ
1115 2922 1321 2990 ἔφασκε
1354 2921 1421 2974 δι’
1458 2921 1576 2984 ὲνὺς
1608 2919 1717 2973 τῶν
1744 2937 1953 2991 προφη-

376 3012 508 3066 τῶν*
543 3030 560 3063 ι
590 3012 720 3076 Θεὸς
744 3012 979 3081 ὲγγίζων
996 3012 1106 3080 ἐγώ
1125 3014 1260 3083 εἰμι,
1290 3011 1438 3081 λέγει
1462 3012 1685 3084 Κύριος,
1717 3012 1811 3065 καὶ
1833 3010 1952 3081 οὐχ).

379 3103 511 3164 θεὸς
532 3102 834 3175 πόρρωθεν.
855 3102 946 3173 Μὴ
970 3102 1062 3155 ἀπ’
1082 3100 1216 3172 ἐμοῦ
1256 3102 1588 3174 κρυϐήσεταί
1616 3120 1702 3169 τι;
1738 3120 1755 3152 ι
1783 3102 1950 3156 Λάθοι
1977 3128 2018 3186 C

378 3192 489 3264 γὰρ
520 3190 583 3246 ἂν
612 3191 765 3244 οὐδὲν
799 3190 890 3245 τὸν
933 3190 1108 3244 πάντα
1141 3190 1317 3244 εἰδότα
1342 3190 1486 3248 νοῦν.
1523 3192 1594 3244 Ἦ
1624 3192 1723 3245 οὐκ
1751 3193 1952 3262 ἄριστά

379 3300 463 3337 σοι
493 3284 663 3337 ταῦτα
684 3281 996 3351 διεσκέφθαι
1025 3281 1193 3346 δοκῶ;

454 3456 655 3508 ΠΑΛΛ.
699 3456 1019 3509 Παντάπασι
1052 3456 1149 3525 μὲν
1178 3450 1288 3509 οὖν.

453 3547 613 3601 ΚΥΡ.
656 3547 947 3617 ’Ᾱσύνηθες
979 3548 1035 3600 δέ
1068 3565 1120 3600 τι
1149 3550 1276 3619 περὶ
1304 3549 1400 3617 τὴν
1433 3550 1651 3621 λυχνίαν
1685 3554 1713 3605 ὁ
1741 3554 1952 3624 προφή-

377 3654 480 3708 της
508 3636 669 3707 ὁρῶν,
705 3637 897 3690 ἐλαιῶν
925 3638 1036 3709 γὰρ
1063 3634 1203 3709 ἦσαν
1233 3639 1438 3706 κλάδοι,
1479 3643 1953 3712 προσεπυνθάνετο

379 3727 576 3795 λέγων,
606 3747 623 3778 ι
657 3728 722 3780 Τί
757 3730 812 3782 αἱ
835 3728 927 3781 δύο
951 3729 1127 3783 ἐλαῖαι
1158 3721 1315 3783 αὗται
1348 3733 1402 3783 αἱ
1433 3735 1496 3785 ἐκ
1526 3734 1713 3797 δεξιῶν
1741 3735 1840 3805 τῆς
1864 3736 1954 3788 λυ-

379 3819 536 3889 χνίας
553 3818 646 3871 καὶ
668 3818 726 3882 ἐξ
743 3817 1065 3887 εὐωνύμων;
1107 3820 1214 3869 Καὶ
1244 3819 1594 3889 ἑπηρώτησα,
1612 3841 1628 3873 ι
1648 3824 1862 3894 φησὶν,ι
1891 3825 1955 3876 ἐκ

378 3910 653 3979 δευτέρου,
693 3910 786 3962 καὶ
815 3906 942 3962 εἶπα
971 3908 1106 3979 πρὸς
1133 3910 1312 3962 αὐτόν·
1347 3910 1410 3961 Τί
1439 3912 1487 3963 οἱ
1509 3912 1600 3964 δύο
1630 3912 1810 3967 κλάδοι
1847 3913 1954 3966 τῶν

381 4000 600 4060 ἐλαιῶν,
644 4002 692 4052 οἱ
736 4002 793 4052 ἐν
836 4003 956 4063 ταῖς
995 4001 1151 4070 χερσὶ
1191 4000 1299 4053 τῶν
1338 4000 1430 4054 δύο
1474 4003 1806 4075 μυξωτήρων
1849 4005 1956 4057 τῶν

380 4092 623 4163 χρυσῶν,
653 4091 760 4145 τῶν
800 4093 1128 4162 ὲπιχεόντων
1160 4093 1254 4147 καὶ
1291 4095 1673 4163 ὲπαναγόντων
1697 4096 1794 4161 τὰς
1821 4097 1955 4149 ἐπα-

383 4183 669 4254 ρυστρίδας
694 4183 792 4246 τὰς
817 4186 1050 4254 χρυσᾶς
1072 4184 1179 4238 Καὶ
1207 4181 1327 4238 εἷπε
1349 4187 1481 4255 πρός
1511 4206 1633 4258 με.»
1654 4190 1953 4260 φησὶν,ιυύ

380 4272 673 4342 γινώσκεις
712 4275 922 4346 τίηέστι
958 4276 1165 4343 mima;
1222 4279 1329 4330 Καὶ
1370 4275 1520 4339 εἶπα,
1553 4281 1718 4350 Οὐχὶ,
1759 4281 1949 4351 Κύριε.

379 4367 493 4421 Καὶ
522 4364 643 4420 εἶπέ
678 4384 787 4437 μοι’
834 4362 992 4420 Οὗτοι
1029 4370 1077 4422 οἱ
1115 4370 1207 4423 δύο
1238 4372 1341 4423 υίοὶ
1385 4372 1482 4440 τῆς
1531 4374 1780 4441 πιότητος
1816 4389 1955 4442 παρ-

381 4461 647 4529 εστήκασι
670 4459 745 4526 τῷ
768 4460 956 4527 Κυρίῳ
981 4461 1159 4529 πάσης
1181 4461 1278 4529 τῆς
1298 4462 1419 4528 γῆς·
1452 4481 1468 4510 ³

457 4554 663 4606 ΠΑΛΛ.
724 4553 820 4615 Τίς
859 4548 951 4604 οὖν
990 4552 1096 4621 ἄρα
1141 4552 1333 4619 γέγονε
1383 4552 1536 4621 χρεία
1576 4551 1653 4621 τῷ
1703 4554 1955 4624 μακαρίῳ

385 4641 665 4710 προφήτῃ,
687 4640 781 4692 τοῦ
812 4639 907 4692 καὶ
925 4641 1002 4702 είς
1028 4635 1183 4702 αὖθις
1236 4639 1606 4692 ἀναπυθέσθαι
1636 4640 1745 4693 δεῖν
1771 4658 1786 4707 ;
1831 4642 1959 4695 Ἐπο

381 4727 642 4803 ηρώτησα
672 4730 797 4803 γὰρ,
828 4732 1010 4801 φησιν,
1034 4732 1098 4784 ὲκ
1122 4730 1392 4801 δευτέρου.

456 4822 617 4877 ΚΥΡ.
659 4823 726 4874 Ἢ
768 4824 875 4892 γὰρ
906 4823 1027 4891 οὐχὶ
1063 4821 1229 4891 φαίης
1266 4821 1352 4885 ἂν,
1387 4816 1430 4873 ὧ
1465 4821 1746 4883 Παλλάδιε,
1795 4822 1955 4890 σοφόν

381 4933 445 4968 τε
480 4912 616 4968 εἶναι
642 4914 734 4966 καὶ
757 4912 983 4984 πρέπον,
1010 4915 1122 4976 τοῖς
1154 4930 1217 4981 γε
1247 4912 1380 4975 ὅλως
1408 4911 1544 4982 ὀρθὰ
1569 4912 1784 4982 φρονεῖν
1816 4913 1956 4981 ᾑρη-

387 5003 589 5074 μένοις,
631 5002 876 5071 ἁκριϐεῖς
908 5002 1002 5054 καὶ
1034 5002 1436 5071 ἁπεξεσμένους
1480 5001 1577 5065 τὰς
1610 5003 1692 5071 ἐφ’
1729 5003 1835 5072 ὅτῳ
1863 4997 1955 5055 οὖν

387 5093 495 5146 τῶν
524 5093 837 5160 ἀναγκαίων
867 5093 1133 5146 ποιεῖσθαι
1162 5093 1412 5159 πεύσεις;

456 5182 665 5235 ΠΛΛΛ.
697 5183 863 5251 Φημί.

464 5271 623 5325 ΚΥΡ.
665 5271 889 5334 Κλῶνας
910 5271 973 5341 δὴ
994 5266 1085 5324 οὗν
1104 5272 1296 5326 ἐλαιῶν
1321 5273 1466 5343 θαλῷ
1488 5273 1749 5344 βρύοντας
1770 5274 1959 5344 ἁπαλῷ

388 5363 487 5417 καὶ
511 5362 751 5416 νεοθαλεῖ
780 5361 1105 5431 τεθεαμένος
1133 5365 1158 5415 ὁ
1190 5368 1493 5433 προφήτης,
1526 5366 1710 5428 ἐλαίας
1742 5367 1957 5432 αὐτοὺς,

390 5453 488 5506 καὶ
524 5454 622 5506 οὐκ
651 5454 706 5520 ἔξ
746 5453 939 5506 ἐλαιῶν
965 5452 1211 5523 ὠνόμαζε
1239 5454 1483 5518 κλάδους,
1519 5454 1645 5509 Εἶτα
1685 5458 1953 5528 σεσιώπη-

391 5561 488 5601 κεν
534 5546 562 5597 ὁ
599 5544 881 5609 θεσπέσιος
923 5544 1152 5613 ἄγγελος
1178 5586 1191 5608 ,
1241 5546 1338 5613 τὴν
1385 5548 1822 5618 ἐμφρονεστέραν
1864 5552 1957 5602 καὶ

500 5658 544 5687 ’³
575 5657 740 5712 Zach.
766 5674 836 5719 iv,
876 5657 983 5710 1-5.

396 5742 545 5791 xxiii,
577 5726 665 5781 25.
741 5727 786 5759 ’9
822 5726 981 5779 Zach.
1003 5741 1074 5793 Iv,
1107 5727 1284 5780 H-M.

1095 5657 1296 5710 “Ibid.
1344 5657 1425 5710 10.
1503 5663 1545 5692 ⁸⁵
1575 5664 1706 5714 Dan.
1754 5678 1810 5723 ll,
1850 5662 1937 5714 29..

2052 5663 2062 5691 ⁵
2093 5662 2233 5714 Psal.
2277 5675 2420 5722 xcm,
2449 5657 2498 5717 8,
2531 5657 2582 5709 9.
2662 5655 2702 5685 "
2740 5651 2904 5705 Hebr.
2944 5664 3014 5710 Iv,
3047 5645 3132 5709 12,
3167 5646 3250 5699 15.

2054 553 2301 619 Domine,
2326 555 2455 623 quid
2484 564 2612 609 sunt
2635 556 2781 611 lucc?
2803 558 2870 611 Et
2900 557 3037 612 dixit
3064 557 3130 611 ad
3159 574 3243 612 me
3275 576 3289 612 :
3314 558 3434 613 Non
3486 561 3630 615 nosti

2053 644 2183 713 quid
2223 645 2333 698 sint
2362 645 2516 700 haec?
2544 647 2614 700 Et
2664 647 2798 711 dixi,
2843 649 2986 713 Non,
3022 649 3253 703 Domine
3293 651 3360 702 ⁸³.
3402 669 3423 702 ι
3454 649 3632 719 Atque

2052 736 2143 790 ille
2184 736 2408 805 quidem
2463 738 2657 793 beatus
2689 740 2960 809 propheta
3023 749 3381 811 percontatus
3412 752 3517 807 est,
3549 742 3633 796 die

2051 842 2204 891 cens,
2232 826 2375 893 Quid
2402 835 2530 883 sunt
2558 830 2716 884 haec?
2742 830 2849 885 Sed
2870 832 2960 886 ille
2977 832 3172 888 beatus
3198 834 3445 904 angelus,
3475 834 3627 889 brevi

2048 919 2367 974 narratione
2407 919 2770 989 interposita,
2817 922 3085 976 visionem
3118 923 3535 993 interpretatur,
3573 933 3631 981 et

2050 1008 2364 1063 candelabri
2398 1011 2863 1066 constructionem
2888 1011 2958 1066 ad
2994 1011 3276 1066 Christum
3308 1015 3475 1068 refert
3495 1055 3509 1080 ,
3540 1015 3629 1070 di-

2049 1113 2180 1153 cens
2202 1099 2268 1153 de
2311 1108 2520 1169 septem
2544 1101 2785 1156 lucernis
2805 1117 2925 1172 quae
2954 1102 3011 1156 in
3041 1117 3108 1156 eo
3137 1111 3266 1157 sunt
3304 1121 3315 1155 :
3350 1123 3369 1155 ι
3406 1105 3483 1164 lli,
3501 1113 3630 1160 sunt

2048 1190 2192 1244 oculi
2222 1192 2438 1245 Domini
2477 1193 2806 1262 aspicientes
2839 1194 2896 1248 in
2943 1210 3162 1271 omnem
3191 1203 3393 1250 terram
3415 1195 3479 1248 ".
3513 1216 3531 1247 ›
3558 1198 3630 1252 Ut

2047 1282 2194 1335 enim
2228 1283 2478 1337 nonnihil
2522 1283 2743 1339 rudiore
2794 1300 2959 1339 sensu
3000 1286 3285 1351 dicamus,
3322 1286 3629 1342 innumeris

2047 1388 2148 1427 nos
2171 1374 2345 1428 oculis
2379 1375 2524 1429 Deus
2550 1376 2773 1446 aspicit,
2797 1386 2853 1431 et
2875 1392 2963 1432 res
2997 1378 3268 1433 humanas
3290 1379 3625 1444 considerat,

2047 1471 2104 1517 et
2139 1465 2416 1534 cognoscit
2440 1481 2560 1535 quae
2585 1466 2900 1522 intenebris
2937 1458 3086 1530 sunt,
3120 1477 3182 1522 ut
3204 1469 3473 1539 scriptum
3489 1477 3621 1533 est:

2055 1573 2074 1604 ι
2116 1552 2185 1607 Ει
2214 1554 2309 1608 lux
2341 1569 2465 1629 cum
2497 1555 2616 1624 ipso
2644 1563 2731 1611 est
2756 1558 2822 1610 ".
2858 1577 2876 1608 ι
2911 1558 3081 1623 Nam,
3113 1559 3157 1613 si
3187 1560 3347 1615 nobis
3384 1575 3623 1630 quoque,

2048 1644 2141 1713 qui
2166 1645 2221 1699 in
2246 1645 2351 1701 hoc
2377 1648 2582 1703 mundo
2605 1663 2814 1714 sumus,
2840 1650 3025 1704 lumen
3057 1650 3279 1705 immitit
3300 1652 3466 1716 Deus,
3499 1667 3629 1722 pro«

2050 1735 2140 1788 cul
2190 1734 2360 1790 dubio
2388 1737 2581 1792 eodem
2624 1753 2736 1808 prae
2773 1740 2985 1794 caeteris
3026 1741 3284 1795 omnibus
3342 1741 3624 1796 abundare

2047 1838 2114 1877 ex
2137 1831 2348 1879 naturae
2372 1841 2482 1879 sua:
2508 1808 2834 1885 conditione
2862 1830 3168 1885 credendus
3194 1838 3306 1895 est;
3343 1839 3436 1885 aut
3460 1833 3506 1886 si
3531 1834 3625 1901 qui

2045 1928 2158 1967 non
2210 1915 2285 1968 ita
2338 1930 2396 1970 se
2434 1932 2551 1969 rem
2602 1917 2807 1972 habere
2840 1920 3211 1988 suspicantur,
3232 1922 3343 1991 jam
3388 1938 3521 1976 vero
3551 1925 3625 1978 ita

2046 2006 2346 2061 sentientes
2384 2007 2495 2063 illis
2525 2008 2709 2063 verbis
2748 2009 2953 2079 alloqui
2993 2010 3182 2065 licebit
3219 2029 3231 2064 :
3276 2030 3295 2062 ι
3337 2012 3626 2083 lntelligite

2048 2097 2369 2168 insipientes
2406 2100 2462 2152 in
2490 2101 2725 2169 populo,
2765 2108 2820 2154 et
2856 2101 3034 2165 stulti,
3084 2102 3377 2173 aliquando
3404 2104 3577 2174 sapite
3607 2123 3621 2169 ;

2048 2189 2140 2258 qui
2166 2190 2431 2259 plantavit
2466 2206 2687 2257 aurem,
2717 2206 2826 2246 non
2850 2192 3040 2248 audit?
3066 2202 3160 2248 aut
3183 2195 3276 2265 qui
3306 2194 3460 2248 ﬁnxit
3490 2210 3627 2250 ocu-

2046 2279 2181 2344 lum,
2206 2295 2317 2335 non
2337 2281 2649 2336 considerat
2671 2282 2750 2334 “?
2774 2282 2944 2337 Vivus
2971 2290 3056 2337 est
3103 2286 3249 2338 enim
3287 2300 3469 2340 sermo
3501 2286 3623 2350 Dei,

2048 2379 2106 2425 et
2145 2369 2355 2437 eﬁicax,
2406 2380 2461 2427 et
2502 2380 2695 2428 acutus
2722 2364 2896 2442 magis
2935 2389 3097 2442 quam
3147 2375 3359 2445 gladius
3390 2391 3625 2446 anceps;

2050 2462 2474 2533 pertingensque
2507 2479 2680 2533 usque
2726 2464 2792 2518 ad
2824 2463 3148 2518 divisionem
3179 2466 3375 2521 aniinaa
3408 2482 3473 2521 ac
3509 2466 3627 2536 spi—

2050 2552 2207 2618 ritus,
2231 2569 2553 2625 compagum
2586 2569 2804 2624 quoque
2839 2564 2895 2608 et
2921 2554 3305 2620 medullarum,
3342 2565 3399 2611 et
3422 2557 3630 2613 disere-

2050 2650 2137 2697 tor
2165 2646 2554 2715 cogitationum
2589 2653 2645 2700 et
2674 2645 3040 2700 intentionum
3083 2649 3282 2703 cordis.
3318 2649 3387 2703 Et
3408 2665 3517 2707 non
3543 2658 3629 2707 est

2051 2743 2305 2790 creatura
2343 2736 2523 2806 aliqua
2550 2736 2838 2791 invisibilis
2865 2738 2918 2791 in
2937 2744 3232 2805 conspectu
3261 2738 3413 2808 ejus:
3440 2740 3624 2795 omnia

2050 2829 2233 2878 autem
2262 2824 2410 2878 nuda
2464 2832 2520 2893 et
2541 2832 2730 2894 aperta
2765 2832 2893 2878 sunt
2925 2824 3102 2878 oculis
3138 2825 3257 2894 ejus
3272 2827 3337 2879 ’⁷.
3365 2845 3382 2877 ι
3424 2828 3630 2881 illumi-

2052 2924 2145 2969 nat
2182 2915 2348 2985 igitur
2368 2916 2620 2971 Christus
2663 2923 2720 2971 et
2762 2916 2957 2987 aspicit
2986 2916 3456 2987 omniazideoque
3490 2917 3631 2973 dixit

2051 3022 2150 3075 per
2181 3006 2472 3076 quemdam
2494 3022 2525 3061 e
2557 3007 2842 3078 prophetis
2873 3026 2885 3060 :
2937 3026 2955 3059 ‹
2994 3008 3138 3061 Deus
3170 3023 3199 3061 e
3233 3007 3482 3076 proximo
3505 3024 3628 3063 sum

2052 3112 2173 3168 ego,
2213 3097 2345 3151 dicit
2370 3097 2669 3162 Dominus,
2712 3106 2768 3152 et
2811 3114 2921 3151 non
2968 3098 3115 3151 Deus
3140 3112 3170 3151 a
3202 3097 3400 3167 longe;
3442 3114 3631 3153 numa

2051 3205 2136 3243 me
2155 3188 2519 3242 occultabitur
2535 3188 2742 3257 aliquid
2767 3189 2810 3219 ’⁸
2833 3188 2855 3239 ?
2887 3207 2903 3237 ι
2940 3186 3086 3241 Nihil
3103 3187 3250 3240 enim
3275 3187 3432 3256 301
3457 3188 3628 3242 latere

2052 3289 2229 3350 potest
2250 3287 2484 3333 mentem
2516 3278 2658 3332 illam
2679 3278 2861 3333 omnia
2884 3278 3167 3333 scientem.
3196 3276 3279 3331 An
3304 3277 3406 3331 tibi
3432 3293 3627 3347 parum

2051 3371 2393 3425 considerate
2420 3371 2535 3426 haec
2566 3370 2747 3425 dicere
2781 3370 3005 3425 videor?

2121 3459 2317 3513 PALL.
2351 3459 2464 3513 lmo
2498 3474 2629 3513 vero
2661 3461 2914 3514 maxime.

2120 3549 2276 3604 ΟΥΕ.
2309 3549 2412 3604 Sed
2454 3551 2742 3620 propheta,
2771 3566 2895 3605 cum
2932 3551 3251 3605 inusitatum
3283 3550 3542 3620 quiddam
3570 3551 3626 3605 in

2055 3644 2384 3698 candelabro
2422 3642 2634 3697 videret
2678 3642 2963 3711 (olearum
3019 3642 3163 3696 enim
3202 3643 3256 3694 in
3310 3657 3376 3695 eo
3417 3642 3629 3696 inerant

2055 3732 2237 3804 rami),
2264 3732 2446 3786 denuo
2472 3730 2780 3785 sciscitatus
2804 3738 2907 3793 est,
2927 3730 3115 3784 dicens
3141 3747 3153 3782 :
3191 3749 3207 3779 ι
3237 3716 3376 3795 Quid
3398 3739 3526 3784 sunt
3548 3730 3630 3783 hm

2056 3824 2177 3877 dua:
2205 3822 2362 3877 olivae
2387 3838 2416 3875 a
2445 3820 2655 3875 dextris
2681 3818 3027 3881 candelabri,
3074 3827 3129 3872 et
3172 3833 3202 3871 a
3250 3818 3532 3873 sinistris?
3566 3818 3627 3871 Et

2057 3912 2261 3983 rogavi,
2290 3932 2306 3963 ι
2337 3911 2537 3980 inquit,
2570 3929 2586 3961 ‹
2619 3909 2823 3974 denuo,
2849 3917 2905 3962 et
2936 3908 3046 3963 dixi
3076 3907 3144 3961 ad
3168 3923 3320 3962 eum:
3349 3908 3491 3975 Quid
3507 3916 3628 3962 sunt

2058 4005 2134 4058 illi
2163 4004 2271 4058 duo
2309 4004 2445 4056 rami
2486 4001 2730 4056 olearum
2782 3999 2873 4069 qui
2904 3999 3115 4054 suntin
3161 4015 3356 4055 manus
3399 4000 3629 4054 duarum

2057 4094 2275 4149 narium
2329 4107 2623 4147 aurearum
2651 4090 3058 4145 infundentium
3082 4132 3096 4155 ,
3133 4099 3188 4145 et
3235 4090 3629 4145 retrahentium

2058 4184 2348 4238 suﬂ'usoria
2375 4183 2579 4237 aurea?
2606 4183 2672 4236 Et
2695 4180 2832 4235 dixit
2860 4180 2926 4234 ad
2954 4195 3059 4242 me,
3094 4199 3112 4230 ι
3153 4179 3361 4248 inquit:
3402 4198 3419 4228 ι
3447 4179 3629 4233 Nescis

2059 4277 2189 4346 quid
2218 4277 2329 4330 sint
2364 4275 2519 4329 haec?
2556 4274 2625 4327 Et
2652 4272 2785 4336 dixi,
2825 4270 2944 4324 Non
2971 4310 2984 4333 ,
3019 4270 3271 4323 Domine.
3302 4270 3370 4325 Et
3410 4269 3547 4323 dixit
3565 4270 3629 4324 ad

2060 4382 2145 4420 me
2174 4385 2184 4418 :
2214 4367 2280 4421 Ili
2310 4367 2418 4420 duo
2451 4364 2547 4417 ﬁlii
2574 4362 2924 4432 pinguedinis
2956 4367 3137 4415 astant
3185 4368 3310 4415 ante
3342 4360 3629 4414 Dominum

1993 4478 2037 4532 ι)
2068 4456 2335 4509 universa:
2354 4463 2512 4508 terra:
2536 4452 2601 4503 ".
2645 4470 2663 4501 ›

2131 4546 2327 4601 PALL.
2357 4544 2499 4611 Quid
2525 4543 2744 4599 tandem
2769 4556 2907 4612 opus
2923 4541 3028 4595 fuit
3058 4541 3220 4596 beato
3253 4542 3531 4611 prophetae
3575 4555 3627 4596 ut

2062 4639 2262 4692 iterum
2303 4634 2702 4705 interrogaret?
2750 4631 3085 4701 Interrogavi
3115 4646 3382 4701 namque,
3421 4632 3630 4701 inquit,

2061 4730 2263 4785 denuo.

2129 4818 2380 4876 CYR.An
2412 4825 2491 4881 tu,
2517 4816 2747 4881 Palladi,
2772 4815 2999 4869 minime
3028 4823 3190 4884 putas
3206 4828 3326 4868 esse
3352 4812 3628 4883 sapientis,

2057 4920 2113 4967 et
2141 4912 2207 4966 ad
2231 4926 2325 4965 eos
2350 4909 2443 4979 qui
2474 4916 2618 4962 recte
2646 4906 2852 4961 sentire
2875 4905 3066 4970 velint,
3103 4920 3214 4959 non
3248 4905 3483 4958 maxime
3508 4919 3629 4972 per-

2056 5002 2232 5055 tinere
2255 5015 2464 5061 censes,
2490 4998 2557 5051 de
2580 5011 2903 5066 unaquaque
2919 5010 2977 5049 re
2994 4993 3300 5049 necessaria
3347 4993 3636 5062 diligenter

2060 5101 2116 5149 et
2138 5098 2392 5146 accurate
2418 5090 2757 5158 interrogare
2782 5086 2804 5139 ?

2129 5183 2324 5238 PALL.
2351 5184 2489 5237 Puto
2515 5180 2787 5251 equidem.
3171 5226 3175 5230 .

2135 5274 2292 5329 CYR.
2351 5274 2554 5327 Ramos
2624 5270 2792 5339 igitur
2857 5267 3101 5321 olearum
3154 5274 3341 5315 tenero
3397 5262 3630 5315 recenti-

2064 5382 2169 5436 que
2213 5364 2457 5435 germine
2504 5362 2751 5416 virentes
2799 5372 2923 5411 cum
2967 5354 3271 5423 aspexisset
3315 5351 3582 5421 propheta
3616 5392 3630 5415 ,

2065 5460 2233 5521 oleas,
2273 5473 2383 5511 non
2450 5456 2694 5509 olearum
2724 5465 2911 5504 ramos
2971 5444 3282 5516 appellavit.
3327 5443 3513 5512 Itaque
3558 5452 3629 5498 ta-

2064 5550 2179 5603 cuit
2218 5549 2413 5601 beatus
2476 5545 2737 5613 angelus,
2786 5553 2909 5593 cum
2974 5534 3388 5604 prudentiorem
3440 5549 3504 5586 ac
3539 5549 3628 5586 ve-

3359 5644 3401 5676 ”
3430 5644 3627 5700 Jcrem.
