4142 6296
518 349 537 363 ’
591 368 683 424 mt

1604 352 1659 415 s.
1703 349 1975 415 chum
2015 348 2485 415 ALEXANDRINI
2522 349 2840 417 ARCI—llEP.

3731 359 3838 415 6i!

583 493 788 536 norem
841 477 1322 546 interrogationem
1375 487 1716 546 exspectaret
1748 485 1760 529 ξ
1800 487 1990 546 postea
2026 492 2157 530 vero

2271 476 2433 546 ὶληθῆ
2466 480 2777 547 περιμένων
2804 475 2994 529 πεῦσιν
3015 492 3028 505 ·
3071 474 3259 546 ἐπειδὴ
3305 473 3357 526 δὲ
3385 472 3802 544 διεγηγερμένος
3822 512 3838 534 ,

583 586 744 640 quam
768 568 1034 622 excitatus
1055 568 1188 638 jam,
1219 569 1356 622 duos
1373 585 1550 623 ramos
1570 569 1814 622 olearum
1849 569 2156 638 appellavit,

584 674 639 713 et
667 675 723 714 se
754 658 940 713 doceri
955 657 1218 728 ﬂagitavit
1271 661 1427 730 cujus
1463 660 1542 714 rei
1575 669 1759 714 essent
1785 660 1875 714 illa
1893 663 2156 732 symbola,

584 749 780 804 didicit
811 749 981 813 illico,
1009 749 1228 804 dicente
1256 751 1448 820 angelo
1479 769 1490 803 :
1529 769 1547 800 ι
1586 750 1652 804 lli
1683 751 1794 803 duo
1813 749 1908 802 ﬁlii
1936 751 2161 820 pingue-

585 840 732 894 dinis
765 847 1086 895 astantante
1124 841 1417 894 Dominum
1448 840 1719 895 universa:
1745 849 1927 894 terrae.
1968 860 1984 892 ι
2017 843 2162 896 Duos

583 946 752 1003 porro
783 932 1133 1002 pinguedinis
1174 931 1315 986 ﬁlios
1359 941 1477 986 tum
1512 932 1666 986 illum
1705 948 1774 987 ex
1803 933 1990 997 Israel,
2045 936 2160 986 tum

585 1039 718 1077 vero
744 1024 980 1078 alterum
1010 1039 1078 1077 ex
1107 1023 1365 1093 gentibus
1387 1023 1648 1092 populum
1673 1023 1986 1093 appellavit,
2024 1038 2163 1092 quos

586 1117 754 1170 etiam
785 1122 912 1169 ante
939 1115 1230 1169 Dominum
1255 1115 1530 1170 universae
1559 1122 1720 1169 terrae
1758 1123 1936 1169 astare
1979 1115 2113 1170 dicit
2147 1133 2159 1170 :

589 1205 645 1258 in
668 1221 778 1275 quo
799 1205 1087 1260 manifeste
1104 1206 1454 1260 etevidenter
1490 1199 1623 1259 illud
1658 1206 1975 1260 candelabri
2001 1207 2162 1276 opiﬁ-

589 1296 736 1351 cium
764 1312 865 1366 pro
893 1295 1096 1351 Christi
1148 1295 1318 1368 ﬁgura
1371 1298 1578 1366 posuit,
1623 1297 1692 1351 ad
1718 1298 1874 1367 cujus
1916 1298 2164 1352 dextram

589 1389 975 1458 sinistramque
1022 1396 1233 1458 partem
1262 1390 1536 1444 olivarum
1579 1390 1716 1444 rami
1768 1398 2028 1460 tanquam
2062 1393 2168 1445 cir-

588 1492 713 1532 curn
741 1478 873 1532 illud
901 1486 1087 1532 essent
1107 1479 1381 1544 collocati,
1411 1480 1823 1550 impinguantur
1847 1481 1987 1544 oleo,
2019 1481 2166 1550 quod

588 1571 758 1625 sancti
787 1570 1027 1640 Spiritus
1071 1569 1300 1641 ﬁguram
1340 1573 1520 1641 gerit;
1552 1581 1792 1626 mentem
1822 1573 2166 1628 credentium

591 1662 888 1733 irrigantis,
917 1662 1072 1731 juxta
1123 1661 1258 1716 illud
1287 1677 1298 1691 ·
1339 1681 1358 1714 ‹
1394 1662 1753 1733 lmpinguasti
1780 1664 1834 1717 in
1861 1664 1982 1717 oleo
2003 1671 2169 1733 caput

589 1768 773 1806 meum
810 1753 876 1804 '°.
899 1771 917 1803 ι

2260 567 2352 620 δύο
2386 567 2609 631 κλάδους
2647 567 2843 620 ἐλαιῶν
2884 566 3134 636 ὠνόμαζε
3174 566 3381 630 λοιπὸν,
3409 567 3504 618 καὶ
3538 563 3840 634 ἁναμαθεῖν

2262 658 2529 726 ἐλιπάρει,
2571 656 2714 719 τίνος
2737 656 2801 708 ἂν
2828 655 2911 726 εἴη
2946 655 3007 707 σύ
3018 655 3189 726 μ6ολα
3211 655 3369 708 ταυτὶ
3398 653 3706 708 ἐδιδάσκετο
3736 672 3841 709 πα-

2263 749 2544 818 ραχρῆμα,
2573 747 2666 800 τοῦ
2704 747 2937 816 ἀγγέλου
2970 747 3239 814 λέγοντος·
3289 765 3307 797 ι
3342 737 3501 798 Οὗτοι
3539 746 3588 797 οί
3616 745 3708 798 δύο
3737 747 3844 799 υἱοὶ

2261 839 2359 908 τῆς
2381 841 2633 910 πιότητος
2647 839 3032 908 παρεστήκασι
3048 837 3124 908 τῷ
3141 837 3333 908 Κυρίῳ
3351 837 3530 906 πάσης
3547 835 3647 904 τῆς
3668 836 3788 906 γῆς.
3815 856 3834 886 ι

2263 927 2422 991 Υίοὺς
2449 927 2504 980 δὲ
2531 927 2786 997 πιότητος
2808 925 2920 989 δύο,
2948 926 3039 978 τόν
3061 943 3121 978 τε
3153 925 3212 992 ἐξ
3252 924 3492 996 Ἰσραὴλ,
3519 924 3614 977 καὶ
3639 925 3736 995 μέν
3759 919 3860 976 τοιί

2264 1020 2352 1072 τὸν
2407 1018 2464 1084 ἐξ
2521 1015 2691 1070 ἐθνῶν
2743 1014 3006 1070 ἀπεκάλει
3043 1013 3192 1079 λαὸν,
3238 1013 3330 1077 οὓς
3383 1013 3478 1066 καὶ
3529 1011 3607 1082 τῷ
3653 1013 3842 1081 Κυρίῳ

2263 1109 2442 1179 πάσης
2465 1108 2565 1178 τῆς
2584 1109 2687 1178 γῆς
2709 1105 3048 1178 παρεστάναι
3080 1104 3235 1174 φησὶ,
3263 1103 3449 1173 σαφῶς
3476 1120 3535 1154 τε
3567 1103 3659 1156 καὶ
3687 1105 3841 1169 ἐναρ-

2263 1195 2374 1263 γῶς
2418 1197 2497 1257 είς
2535 1193 2701 1247 τύπον
2732 1192 2998 1264 Χριστοῦ,
3031 1193 3093 1246 τὸ
3130 1193 3223 1245 ἐπὶ
3263 1196 3330 1264 τῇ
3373 1192 3564 1264 λυχνίᾳ
3600 1193 3842 1263 τέχνημα

2265 1284 2452 1346 τιθεὶς,
2482 1279 2548 1354 ἧς
2571 1285 2620 1336 οἱ
2645 1283 2827 1338 κλάδοι
2847 1283 2956 1336 τῶν
2983 1282 3200 1347 ἐλαιῶν,
3230 1283 3307 1346 είς
3331 1283 3483 1348 δεξιά
3501 1300 3559 1337 τε
3590 1285 3682 1336 καὶ
3707 1282 3843 1335 εὐώ-

2265 1391 2410 1444 νυμα
2430 1414 2444 1437 ,
2475 1378 2568 1428 καὶ
2611 1375 2774 1429 οἱονεὶ
2805 1375 2902 1447 τὴν
2932 1377 2990 1428 ἐν
3031 1374 3214 1445 κύκλῳ
3241 1375 3497 1444 λαχόντες
3539 1374 3727 1426 στάσιν
3764 1374 3842 1443 τῷ

2269 1463 2432 1534 ἐλαίῳ
2447 1464 2913 1529 καταπιαίνονται,
2931 1466 2959 1518 ὅ
2979 1467 3126 1518 ἐστιν
3142 1465 3294 1532 ἁγίου
3315 1464 3627 1534 Πνεύματος
3651 1465 3838 1526 τύπος,

2267 1556 2359 1608 τὸν
2377 1555 2485 1608 τῶν
2508 1556 2872 1611 πιστευόντων
2889 1558 3247 1629 κατάρδοντος
3265 1557 3410 1622 νοῦν,
3436 1556 3576 1609 κατὰ
3594 1557 3673 1619 τὸ,
3697 1576 3715 1607 ι
3756 1558 3845 1608 Ἐν

2269 1645 2435 1715 ἐλαίῳ
2470 1645 2730 1709 ἐλίπανας
2749 1647 2849 1718 τὴν
2874 1647 3116 1717 κεφαλήν
3143 1663 3266 1716 μου.
3303 1663 3322 1696 ι

657 1843 854 1898 PALL.
889 1839 996 1896 Sed
1020 1857 1118 1896 cur
1145 1857 1256 1896 non
1279 1842 1430 1897 oleas
1450 1857 1544 1897 eas
1568 1843 1752 1912 potius
1800 1858 1964 1916 quam
1987 1855 2167 1896 ramos

2349 1821 2554 1878 IIAAA.
2587 1819 2721 1878 Εἶτα
2747 1825 2801 1878 τί
2825 1824 2914 1896 -μὴ
2952 1824 3151 1894 μᾶλλον
3185 1823 3370 1888 ἐλαίας
3410 1823 3598 1886 αύτὰς,
3635 1823 3849 1885 κλῶνας

589 1934 836 1988 olearum
877 1929 1094 1986 vocavit
1126 1932 1149 1984 ?

657 2021 813 2077 CYR.
848 2021 930 2076 Ob
953 2037 1074 2076 eam
1109 2037 1332 2077 causam
1355 2063 1368 2086 ,
1419 2022 1648 2087 Palladi,
1681 2023 1807 2093 quia
1833 2021 2019 2077 ﬁdeles
2046 2031 2167 2076 tan-

589 2128 750 2181 quam
786 2129 852 2168 ex
881 2114 1018 2168 oleis
1071 2121 1302 2177 tenues,
1334 2129 1398 2168 ac
1427 2115 1793 2183 pubescentes
1829 2118 2033 2171 surculi
2069 2117 2168 2170 de-

589 2202 747 2257 tracti
771 2210 932 2266 sunt,
961 2211 1016 2256 et
1045 2201 1207 2256 simul
1255 2217 1379 2256 cum
1435 2200 1540 2257 ﬁde
1583 2204 1650 2257 ad
1695 2205 1953 2274 pietatem
1998 2217 2168 2275 prope

589 2290 1055 2360 transplantantur
1091 2309 1104 2344 :
1154 2291 1245 2344 alii
1286 2291 1508 2365 quidem
1550 2308 1617 2346 ex
1666 2294 1982 2348 Judmorum
2045 2314 2170 2367 syn-

592 2393 784 2449 agoga,
809 2379 902 2432 alii
952 2387 1136 2432 autem
1184 2393 1251 2433 ex
1276 2380 1521 2448 gentium
1562 2381 1723 2434 turba
1757 2382 2034 2437 detracti:
2066 2400 2168 2437 nc-

589 2484 700 2536 que
744 2469 890 2524 enim
946 2485 1138 2525 omnes
1185 2469 1280 2538 qui
1308 2480 1435 2524 sunt
1463 2487 1528 2524 ex
1556 2471 1740 2537 Israel,
1769 2474 2120 2529 crediderunt
2148 2493 2164 2541 ;

586 2559 929 2629 302neque
947 2561 1206 2615 universa
1224 2561 1520 2614 multitudo
1536 2563 1778 2632 gentium
1801 2574 1885 2618 est
1903 2565 2164 2635 ingressa.

589 2650 744 2704 Rami
779 2661 906 2705 sunt
929 2651 1094 2722 igitur
1124 2653 1391 2717 olearum,
1427 2655 1521 2722 qui
1565 2655 1649 2707 vel
1693 2671 1760 2709 ex
1809 2657 2165 2714 multitudine

587 2741 925 2804 Iudaeorum,
955 2743 1038 2795 vel
1085 2743 1251 2797 etiam
1285 2759 1315 2798 e
1352 2745 1511 2799 turba
1538 2746 1782 2815 gentium
1821 2757 2077 2818 tanquam
2103 2767 2168 2805 cx

589 2831 880 2886 arboribus
908 2832 1176 2899 detracti,
1217 2844 1273 2890 et
1317 2836 1385 2889 ad
1419 2836 1666 2890 divinum
1705 2838 1891 2893 lumen
1935 2842 2167 2896 traducti

590 2929 736 2985 sunt,
758 2931 813 2976 et
834 2923 1233 2981 abundantiore
1258 2928 1368 2997 jam
1412 2927 1650 2996 Spiritus
1674 2931 1848 2985 sancti
1900 2932 2168 2988 effusione

589 3009 994 3078 quodammodo
1040 3012 1337 3067 luxuriant.
1373 3014 1432 3068 ld
1468 3014 1618 3068 enim
1667 3016 1974 3086 signiﬁcare
2017 3020 2168 3074 arbi-

591 3109 741 3163 tror,
801 3102 949 3171 quod
999 3111 1256 3174 tanquam
1307 3106 1363 3159 in
1410 3107 1640 3161 naribus
1681 3107 2033 3164 lucernarum
2059 3111 2170 3165 sint

590 3189 833 3245 olearum
876 3193 1012 3247 rami
1065 3195 1356 3260 collocati,
1407 3211 1645 3265 quorum
1696 3198 1894 3254 beatus
1951 3217 2168 3270 quoque

591 3282 928 3339 Psalmorum
961 3293 1153 3340 auctor
1175 3287 1447 3352 meminit,
1481 3303 1606 3340 cum
1639 3288 1707 3342 ad
1746 3288 2030 3344 Christum
2054 3307 2170 3346 om-

590 3375 745 3426 nium
772 3372 1113 3427 Salvatorem
1157 3390 1379 3428 carmen
1428 3385 1808 3441 converteret,
1849 3395 1913 3434 ac
1959 3387 2072 3434 tum
2103 3381 2170 3434 de

592 3477 793 3530 sponsa
841 3478 963 3530 qua:
1009 3463 1089 3516 illi
1129 3464 1420 3533 conjuncta
1445 3472 1568 3528 est,
1626 3465 1731 3519 hoc
1771 3478 1856 3523 est
1891 3469 2130 3524 Ecclesia
2156 3512 2171 3537 ,

595 3561 710 3603 tum
739 3550 906 3604 etiam
934 3551 1002 3606 de
1033 3551 1180 3606 illius
1203 3567 1301 3622 per
1325 3551 1488 3607 ﬁdem
1519 3552 1646 3608 ﬁliis
1673 3555 1880 3612 diceret
1908 3577 1919 3611 :
1967 3579 1984 3608 ι
2027 3561 2173 3616 Uxor

594 3650 687 3694 tua
709 3640 851 3696 sicut
880 3641 1010 3696 vitis
1055 3643 1340 3698 abundans
1385 3644 1439 3698 in
1471 3645 1741 3702 lateribus
1789 3649 1986 3705 domus
2025 3661 2129 3707 tua:
2157 3670 2170 3718 ;

595 3727 691 3781 lilii
716 3727 793 3781 tui
825 3727 968 3784 sicut
1007 3731 1237 3786 novellae
1275 3732 1546 3787 olivarum
1589 3733 1645 3788 in
1696 3736 1933 3792 circuitu
1973 3756 2175 3796 mensa:

596 3825 702 3873 tua:
721 3809 787 3874 ".
829 3841 847 3872 ι
885 3823 1270 3892 Participando
1293 3841 1528 3895 namque
1561 3826 1849 3895 Spiritum,
1893 3839 1948 3884 et
1985 3845 2174 3887 sancta

593 3907 798 3963 Christi
829 3927 1017 3966 mensa
1043 3913 1297 3979 fruendo,
1333 3917 1698 3983 viviﬁcamur,
1723 3929 2080 3991 posteaquam
2108 3925 2174 3977 il-

596 3998 706 4054 lius
733 3999 898 4056 ﬁdem
925 4003 1162 4072 amplexi
1187 4020 1396 4060 sumus.

667 4087 864 4144 PALL.
919 4091 1085 4146 Recte
1125 4107 1260 4146 vero
1308 4093 1449 4148 dicis
1483 4113 1495 4147 :
1531 4114 1548 4145 ι
1586 4096 1698 4166 Ego
1722 4098 1892 4162 enim,
1926 4120 1943 4149 ι
1978 4101 2173 4170 inquit,

605 4197 623 4230 ι
650 4194 770 4233 sum
797 4179 954 4249 panis
974 4180 1154 4246 vivus,
1183 4181 1275 4251 qui
1295 4182 1362 4236 de
1388 4184 1527 4237 coelo
1543 4183 1823 4250 descendi,
1842 4196 1896 4242 ct
1923 4189 2084 4242 vitam
2109 4191 2178 4242 do

598 4273 804 4328 mundo
830 4274 896 4327 ³¹.
934 4293 952 4324 ι

666 4362 823 4418 CYR.
849 4364 927 4419 Ac
951 4365 1019 4420 de
1043 4365 1397 4432 candelabro,
1449 4379 1504 4422 et
1552 4369 1620 4424 iis
1665 4386 1787 4441 quae
1831 4371 1884 4426 in
1913 4387 1980 4426 eo
2028 4383 2174 4436 sunt,

599 4453 864 4510 hactenus
893 4456 961 4510 ad
983 4450 1227 4527 praesens
1272 4457 1476 4515 dixisse
1509 4461 1765 4516 suﬁiciat.
1797 4462 1913 4518 Jam
1938 4479 2071 4519 vero
2109 4465 2176 4519 ad

599 4545 770 4600 altare
797 4563 1007 4606 aeneum
1033 4558 1224 4620 pergat
1246 4552 1446 4616 oratio,
1478 4553 1635 4623 cujus
1660 4569 1792 4614 usus
1821 4554 1877 4607 in
1901 4555 1996 4609 illo
2018 4556 2175 4626 legali

601 4637 750 4690 cultu
775 4638 1042 4692 maximus
1062 4648 1198 4694 erat.
1233 4659 1252 4690 ‹
1283 4641 1351 4695 Et
1372 4641 1594 4708 facies,»
1623 4644 1821 4714 inquit,
1853 4665 1870 4696 ι
1901 4647 2071 4701 altare
2105 4648 2173 4702 de

599 4727 760 4797 lignis
830 4730 1264 4800 imputribilibus
1323 4754 1336 4788 :
1390 4737 1635 4806 quinque
1681 4740 1992 4795 cubitorum
2049 4743 2168 4797 lon-

599 4817 809 4886 gitudo,
837 4829 892 4872 et
913 4820 1158 4890 quinque
1191 4823 1506 4880 cubitorum
1548 4827 1814 4895 latitudo;
1840 4830 2168 4900 quadratum

599 4913 707 4963 erit
729 4913 919 4978 altare,
941 4922 996 4968 et
1021 4916 1190 4969 trium
1234 4918 1548 4974 cubitorum
1579 4921 1810 4977 altitudo
1837 4925 1983 4994 ejus;
2015 4939 2070 4981 et
2095 4927 2172 4982 fa-

599 5009 714 5064 cies
749 5023 955 5063 cornua
982 5009 1038 5063 in
1069 5018 1312 5081 quatuor
1339 5015 1574 5084 angulis,
1615 5031 1684 5070 ex
1723 5017 1840 5087 ipso
1862 5031 2024 5076 erunt
2047 5037 2171 5075 cor-

600 5116 707 5155 nua
735 5118 748 5154 :
782 5110 839 5156 et
860 5101 1075 5170 operies
1115 5101 1206 5156 illa
1236 5118 1343 5157 rere
1371 5122 1383 5156 :
1410 5113 1466 5158 et
1489 5105 1655 5161 facies
1685 5123 1938 5164 coronam
1970 5113 2127 5167 altari
2156 5154 2169 5175 ,

598 5201 655 5246 et
678 5200 1053 5263 tegumentum
1077 5193 1196 5264 ejus
1219 5233 1234 5258 ,
1281 5204 1337 5249 et
1366 5195 1576 5264 phialas
1601 5199 1739 5268 ejus,
1775 5208 1831 5253 et
1873 5201 2172 5257 fuscinulas

598 5284 713 5350 ejus
748 5324 762 5346 ,
811 5293 866 5336 et
899 5281 1082 5338 focum
1134 5285 1252 5354 ejus
1279 5326 1293 5350 ,
1342 5287 1524 5342 omnia
1574 5305 1701 5343 vasa
1733 5292 1853 5360 ejus
1893 5293 2060 5348 facies
2105 5309 2170 5349 ex

598 5371 780 5425 acre".
818 5391 835 5422 ι
867 5371 1120 5443 Quinque
1168 5374 1334 5444 igitur
1376 5377 1688 5432 cubitorum
1731 5389 1816 5434 est
1863 5382 2032 5436 altare
2074 5399 2172 5451 per

600 5458 993 5528 longitudinem
1036 5479 1099 5518 ac
1125 5464 1492 5521 latitudinem.
1523 5469 1655 5524 Erat
1678 5470 1825 5524 enim
1873 5485 2010 5540 opus
2039 5489 2170 5541 pro-

601 5548 742 5604 fecto
775 5561 836 5605 ut
882 5552 1108 5608 haberet
1159 5571 1484 5623 mensuras,
1530 5568 1584 5612 et
1628 5575 1722 5616 eas
1763 5562 2164 5629 amplissimas:

673 5726 719 5760 ³⁸
747 5727 887 5782 Psal.
921 5743 1050 5793 nn,
1075 5731 1126 5784 5.
1200 5733 1243 5766 ³⁸
1280 5735 1419 5790 Psal.
1456 5752 1651 5800 cxxvn,
1703 5736 1755 5790 5.

2270 1917 2326 1970 δὲ
2365 1916 2562 1986 μᾶλλον
2593 1917 2786 1970 ἐλαιῶν
2814 1917 3103 1982 ἀπεκάλει;

2341 2009 2503 2061 ΚΥΡ.
2544 2007 2687 2071 Ὅτι,
2722 2004 2767 2060 ὦ
2795 2008 2999 2078 ἐταῖρε,
3041 2006 3294 2078 καθάπερ
3323 2007 3381 2072 ἐξ
3409 2007 3602 2062 ἐλαιῶν
3646 2007 3849 2078 μόσχια

2270 2097 2438 2150 λεπτὰ
2478 2099 2572 2152 καὶ
2619 2097 2928 2166 ἀρτιθαλεῖς
2974 2097 3268 2169 ἐξῄρηνται
3311 2097 3530 2163 κλάδοι,
3576 2097 3735 2168 μόνον
3788 2097 3848 2149 δὲ

2268 2191 2390 2259 ούχὶ
2433 2187 2920 2260 μεταὸοθρεύονται
2967 2190 3104 2262 μετὰ
3154 2190 3392 2253 πίστεως
3433 2191 3512 2254 είς
3563 2190 3850 2243 εὐσέϐειαν

2269 2283 2316 2333 oi
2343 2281 2788 2344 πεπιστευκότες,
2811 2282 2861 2334 οί
2886 2281 2984 2352 μὲν
3008 2283 3071 2334 ἐκ
3103 2282 3203 2352 τῆς
3235 2281 3501 2335 Ἰουδαίων
3540 2281 3691 2344 ὄντες
3721 2299 3847 2334 συν-

2269 2371 2523 2442 αγωγῆς,
2563 2372 2612 2424 οἱ
2648 2371 2726 2434 δὲ,
2768 2372 2867 2442 τῆς
2911 2371 2968 2438 ἐξ
3012 2371 3180 2426 ἐθνῶν
3218 2371 3452 2443 πληθύος
3493 2372 3846 2445 ἐξῃρημιένοι⁸

2269 2462 2664 2517 πεπιστεύκασι
2690 2464 2799 2533 γὰρ
2820 2464 2939 2534 οὐχὶ¹
2962 2463 3162 2527 πάντες
3183 2465 3232 2516 oi
3258 2463 3318 2528 ἐξ
3354 2462 3713 2536 ’1σραὴλ,ούτε
3739 2465 3850 2535 μὴν

2269 2553 2454 2606 ἅπασα
2473 2553 2578 2606 τῶν
2599 2553 2768 2606 ἐθνῶν
2790 2554 3114 2624 εἰσέφρησεν
3137 2556 3170 2621 ή
3199 2552 3428 2623 πληθύς.
3450 2553 3648 2608 Κλάδοι
3670 2555 3849 2606 τοίνυν

2269 2646 2485 2710 ἐλαιῶν,
2535 2646 2584 2698 οί
2623 2645 2699 2708 ὼς
2745 2646 2808 2697 ἐκ
2863 2644 3093 2714 δένδρων
3141 2645 3551 2714 ἀπεσπασμένοι
3608 2643 3848 2714 πληθύος

2281 2737 2594 2806 Ἰουδαϊκῆς,
2628 2737 2719 2790 καὶ
2751 2737 2858 2808 μὴν
2888 2732 3337 2806 καὶἙλληνικῆς,
3369 2738 3462 2790 καὶ
3501 2739 3558 2791 ἐν
3598 2738 3736 2804 φωτὶ
3768 2737 3848 2806 τῷ

2271 2826 2398 2897 θείῳ
2439 2827 2816 2897 γεγενημένοι,
2864 2827 2958 2882 καὶ
2999 2827 3443 2890 ἐνσπαταλῶντες
3479 2829 3578 2898 ήδη
3634 2845 3748 2890 πως
3778 2832 3843 2899 τῇ

2268 2918 2362 2970 τοῦ
2390 2919 2553 2985 ἁγίου
2607 2919 2922 2988 Πνεύματος
2959 2920 3304 2990 ἀφθονωτέρα
3337 2919 3510 2988 χύσει.
3542 2919 3709 2971 Τοῦτο
3737 2921 3845 2989 γὰρ
3871 2954 3874 2956 -

2270 3004 2418 3078 οἶμαι
2451 3009 2663 3078 δηλοῦν,
2691 3010 2772 3076 τὸ,
2806 3010 2878 3072 ὡς
2908 3010 2964 3060 ὲν
2998 3008 3309 3078 μυξωτῆρσι
3343 3007 3450 3060 τῶν
3487 3009 3691 3079 λύχνων
3721 3010 3847 3071 τοὺς

2272 3099 2378 3152 τῶν
2402 3100 2594 3153 ἐλαιῶν
2621 3100 2832 3154 κεῖσθαι
2855 3100 3100 3165 κλάδους,
3124 3093 3197 3153 ὧν
3223 3102 3314 3154 καὶ
3341 3103 3368 3154 6
3400 3102 3666 3172 μακάριος
3696 3101 3847 3153 Ψαλ-

2278 3193 2448 3262 μῳδὸς
2480 3192 2840 3262 διαμέμνηταί
2873 3209 2997 3250 που,
3029 3192 3165 3262 πρὸς
3198 3191 3287 3244 τὸν
3319 3191 3425 3244 τῶν
3456 3191 3590 3245 ὅλων
3617 3191 3845 3262 Σωτῆρα

2273 3285 2505 3354 Χριστὸν
2536 3284 2891 3355 ἀναμελῳδῶν
2933 3301 2990 3336 τε
3027 3285 3119 3336 καὶ
3147 3283 3319 3352 λέγων
3348 3284 3472 3354 περί
3501 3301 3556 3335 τε
3587 3283 3683 3351 τῆς
3726 3299 3844 3334 συν-

2273 3377 2623 3447 ηρμοσμένης
2649 3375 2796 3446 αύτῴ
2822 3375 3060 3446 νύμφης,
3084 3377 3347 3438 τουτέστι,
3371 3376 3470 3444 τῆς
3503 3374 3843 3444 Ἐκκλησίας,

2275 3467 2368 3521 xui.
2395 3467 2501 3519 τῶν
2535 3469 2593 3520 ὲν
2640 3467 2818 3519 πίστει
2851 3467 3053 3519 τέκνων
3085 3467 3272 3537 αὐτῆς·
3312 3485 3331 3518 ι
3381 3468 3442 3518 Ἡ
3476 3469 3608 3536 γυνή
3650 3483 3741 3518 σου
3771 3467 3848 3527 ῶς

2275 3559 2517 3628 ἄμπελος
2561 3557 2861 3628 εύθηνοῦσα
2898 3558 2956 3610 ἐν
2989 3560 3099 3620 τοῖς
3135 3557 3340 3609 κλίτεσι
3377 3558 3474 3626 τῆς
3509 3555 3682 3617 οἰκίας
3730 3571 3846 3607 σου.

2276 3651 2338 3702 Οἱ
2370 3650 2472 3701 υἱοί
2501 3667 2615 3711 σου,
2645 3649 2720 3712 ὡς
2749 3649 2984 3716 νεόφυτα
3014 3649 3203 3700 ἐλαιῶν
3228 3647 3412 3718 κύκλῳ
3439 3647 3538 3716 τῆς
3569 3645 3847 3716 τραπέζης

2279 3757 2390 3794 σου.
2419 3759 2436 3790 ι
2471 3737 2889 3810 Ζωοποιούμεθα
2918 3739 3026 3808 γὰρ
3056 3740 3114 3790 ἐν
3140 3737 3355 3808 μεθέξει
3385 3735 3717 3806 Πνεύματος,
3755 3736 3849 3787 καὶ

2275 3833 2332 3884 ὲν
2371 3831 2500 3902 ἁγίᾳ
2532 3830 2777 3902 τραπέζῃ
2809 3829 3067 3901 Χριστοῦ,
3103 3830 3201 3898 τὴν
3227 3831 3306 3891 είς
3333 3828 3492 3882 αὐτὸν
3526 3827 3706 3880 πίστιν
3738 3828 3848 3878 eiu.

2275 3922 2424 3990 δεδεγ
2434 3923 2602 3992 μένοι.

2347 4098 2552 4150 ΠΑΛΛ.
2593 4097 2698 4148 Ναὶ
2715 4096 2892 4162 λέγεις
2917 4094 3110 4166 ὀρθῶςο
3151 4113 3166 4146 ι
3197 4092 3342 4163 Ἐγὼ
3375 4094 3484 4164 γάρ
3510 4094 3646 4165 εἰμι,
3690 4113 3708 4144 ι
3740 4111 3846 4162 φη-

2281 4188 2386 4251 σὶν,
2417 4205 2435 4238 ι
2470 4187 2498 4238 6
2525 4186 2688 4257 ἄρτος
2715 4189 2744 4240 6
2779 4187 2908 4255 ζῶν,
2940 4191 2968 4240 6
2996 4190 3058 4239 ἐκ
3087 4185 3181 4240 τοῦ
3211 4185 3442 4258 ούρανοῦ
3468 4185 3729 4248 καταὸὰς,
3756 4185 3846 4237 καί

2285 4279 2429 4348 ζωὴν
2457 4279 2630 4342 διδοὺς
2663 4277 2740 4349 τῷ
2767 4279 2975 4350 κόσμῳ.
3018 4298 3035 4328 ι

2351 4373 2512 4427 ΚΥΡ.
2561 4372 2721 4424 Ἀλλὰ
2763 4373 2982 4443 λυχνίας
3020 4373 3113 4442 μὲν
3144 4374 3304 4443 πέρι,
3341 4370 3564 4424 καὶτῶν
3589 4372 3646 4423 ἐν
3677 4369 3842 4438 αὐτῇ.

2281 4464 2437 4515 ταυτὶ
2489 4463 2620 4533 πρὸς
2667 4462 2824 4531 ήμῶν
2879 4463 2956 4525 εἰς
3002 4462 3174 4532 παρὸν
3209 4462 3504 4531 εἰρήσεται.
3557 4460 3682 4512 Ἰτω
3725 4458 3778 4509 δὲ
3821 4460 3848 4509 6

2279 4555 2434 4623 λόγος
2475 4555 2566 4606 ἐπί
2607 4554 2667 4606 τὸ
2707 4555 2940 4625 χαλκοῦν
2991 4553 3089 4624 ήδη
3135 4553 3537 4622 θυσιαστήριον,
3576 4551 3673 4620 τῆς
3707 4548 3848 4602 κατὰ

2285 4647 2449 4716 νόμον
2469 4644 2744 4716 λατρείας,
2768 4645 2827 4698 τὸ
2853 4645 3292 4716 χρειωδέστατον.
3338 4662 3355 4692 ι
3395 4644 3646 4712 Ποιήσεις
3678 4640 3837 4710 γὰρ,»

2279 4739 2447 4807 φησὶ,
2481 4757 2499 4788 ι
2547 4737 2930 4806 θυσιαστήριον
2977 4738 3041 4789 ἐκ
3092 4734 3262 4799 ξύλων
3332 4735 3610 4806 ἁσήπτων.
3680 4734 3844 4788 Πέντε

2277 4830 2494 4900 πήχεων
2539 4829 2599 4883 τὸ
2651 4831 2856 4901 μῆκος,
2914 4831 3006 4884 καὶ
3055 4829 3214 4882 πέντε
3267 4829 3489 4898 πήχεων
3542 4825 3602 4878 τὸ
3667 4820 3842 4895 εὖρος.

2270 4922 2617 4990 Τετράγωνον
2665 4921 2820 4975 ἐσται
2871 4919 2932 4974 τὸ
2968 4919 3370 4990 θυσιαστήριον,
3404 4917 3500 4972 καὶ
3539 4914 3705 4988 τριῶν
3750 4916 3848 4986 πή-

2271 5027 2408 5080 χεων
2453 5011 2514 5064 τὸ
2552 5010 2682 5080 ὕψος
2719 5009 2903 5063 αὐτοῦ·
2939 5009 3034 5062 καὶ
3091 5010 3338 5078 ποιήσεις
3383 5007 3452 5060 τὰ
3481 5007 3727 5078 θκέρατα,
3753 5006 3840 5056 ἐπὶ

2273 5105 2381 5156 τῶν
2445 5105 2722 5175 τεσσάρων
2778 5103 3010 5174 γωνιῶν,
3085 5103 3145 5167 ἐξ
3210 5101 3376 5156 αὐτοῦ
3425 5101 3577 5154 ἔσται
3626 5099 3696 5153 τὰ
3753 5117 3802 5151 κ.

2275 5215 2416 5270 πρατα
2438 5237 2450 5259 ,
2481 5198 2574 5250 xui.
2616 5195 2875 5266 καλύψεις
2900 5196 3038 5251 αὐτὰ
3060 5193 3246 5266 χαλκῷ
3269 5235 3283 5259 ,
3315 5193 3409 5247 καὶ
3455 5193 3702 5260 ποιήσεις
3735 5203 3838 5238 στε-

2281 5289 2454 5358 φάνην
2487 5287 2563 5358 τῷ
2611 5288 2984 5360 θυσιαστηρίῳ
3004 5327 3018 5351 ,
3050 5289 3146 5340 καὶ
3171 5287 3261 5339 τὸν
3287 5284 3612 5352 καλυπτῆρα
3642 5277 3804 5334 αὑτοῦ
3828 5319 3841 5341 ,

2281 5381 2372 5432 καὶ
2399 5380 2495 5443 τὰς
2536 5379 2730 5448 φιάλας
2759 5379 2944 5443 αὑτοῦ,
2973 5380 3066 5432 καὶ
3101 5380 3200 5441 τὰς
3231 5377 3507 5448 κρεάγρας
3537 5371 3721 5436 αὑτοῦ,
3750 5370 3845 5424 καὶ

2278 5471 2340 5523 τὸ
2370 5474 2588 5542 πυρεῖον
2619 5470 2782 5524 αὑτοῦ
2803 5511 2817 5536 ,
2863 5471 3042 5524 πάντα
3079 5470 3146 5524 τὰ
3179 5468 3349 5538 σκεύη
3390 5465 3555 5520 αὑτοῦ
3601 5466 3843 5532 ποιήσεις

2278 5562 2470 5631 χαλκᾶ.
2505 5583 2521 5615 ι
2557 5564 2877 5634 Πεντάπηχυ
2911 5563 3008 5634 μὲν
3045 5558 3137 5615 οὖν
3169 5564 3248 5624 είς
3278 5555 3431 5630 εὖρός
3461 5575 3517 5610 τε
3550 5558 3642 5611 καὶ
3672 5555 3840 5626 μῆκος

1836 5737 1877 5766 ³²
1917 5735 2071 5790 Joan.
2113 5754 2181 5803 vi,
2221 5740 2306 5792 55.
2341 5742 2381 5770 ³³
2413 5741 2578 5793 Exod.
2611 5758 2770 5804 xuii,
2814 5742 2924 5795 1-4.
