4142 6296
347 366 456 440 613

1063 372 1151 434 DE
1190 368 1635 434 ADORATlONE
1674 367 1739 430 IN
1783 366 2054 432 Sl’lRlTU
2094 368 2183 430 ΕΤ
2225 372 2594 433 VERITATE.
2638 378 2768 434 LIB.
2803 378 2893 434 IX.

3503 385 3600 442 θιι

345 496 411 548 τδ
439 492 844 561 θυσιαστήριον.
885 489 1030 542 Ἔδει
1062 490 1191 559 γὰρ,
1224 489 1330 543 ἔδει
1360 489 1574 560 μέτρων
1617 486 1788 559 αύτῷ,
1832 486 1925 540 καὶ

2028 502 2265 557 namque
2297 497 2353 542 et
2377 488 2545 544 scissa
2577 490 2730 560 signa
2755 504 2920 560 super
2952 490 3083 545 illud
3106 532 3120 556 ,
3145 502 3199 547 et
3236 492 3401 548 boum
3439 510 3608 551 caeso-

345 584 467 638 λίαν
497 580 917 649 ἀφθονωτάτων.
950 580 1138 649 Σχίσαι
1168 597 1226 633 τε
1250 579 1358 651 γὰρ
1386 580 1476 633 ἐπ’
1499 580 1647 649 αύτῷ
1672 579 1766 633 καὶ
1788 578 1929 649 βοῶν

346 674 572 745 ἔμελλον
608 669 979 743 ἀναφέρεσθαι
1017 673 1318 742 τμήματα,
1366 667 1461 726 καὶ
1497 668 1925 734 ὁλοκαυτώσεις,

342 763 474 822 οἰῶν
509 779 567 815 τε
601 761 697 815 καὶ
739 761 961 832 τράγων
1000 762 1271 833 ἀναφοραὶ
1310 745 1755 833 καθιερουμένων
1785 759 1926 832 Θεῷ.

341 850 615 924 Ταύτῃτοι
663 848 838 920 χαλκῆ
899 850 993 903 καὶ
1055 852 1263 923 ἐσχάρα
1314 852 1409 906 καὶ
1471 854 1691 923 πυρεῑον
1742 848 1924 920 αύτῷ,

338 941 618 1013 κρεάγραι
641 957 701 993 τε
730 941 823 993 καὶ
854 940 1065 1010 φιάλαι,
1105 943 1199 995 καὶ
1227 942 1403 996 πάντα
1430 940 1593 996 αὐτοῦ
1621 940 1690 995 τὰ
1718 938 1889 1011 σκεύη
1909 980 1926 1008 ,

341 1042 419 1099 ὡς
450 1033 517 1088 ἂν
550 1032 793 1087 δύναιντο
821 1035 944 1096 ταῖς
986 1033 1128 1087 κειτά
1173 1033 1336 1105 νόμον
1367 1033 1582 1098 θυσίαις
1604 1072 1619 1096 ,
1649 1033 1747 1105 τὴν
1775 1032 1929 1103 παρά

349 1141 411 1193 γε
442 1124 593 1193 σφῶν
619 1121 798 1176 αὐτῶν
840 1122 1227 1192 είσκομίξοντα
1268 1124 1476 1196 χρείαν,
1509 1127 1632 1187 ταῖς
1659 1123 1752 1177 τοῦ
1780 1140 1929 1193 παμ-

349 1215 522 1283 φάγου
557 1213 726 1285 πυρὸς
757 1213 833 1285 μὴ
855 1213 1315 1284 καταφθείρεσθαι
1349 1215 1695 1288 προσϐολαῖς.
1723 1213 1929 1284 Στεφάά

346 1325 444 1378 νην
470 1306 525 1360 δὲ
559 1305 653 1360 καὶ
678 1305 748 1359 τὰ
778 1306 869 1359 ἐπὶ
898 1306 1021 1369 ταῖς
1047 1290 1275 1375 γωνίαις
1304 1304 1533 1379 κέρατα,
1573 1308 1651 1379 τῷ
1676 1309 1768 1362 τοῦ
1794 1310 1929 1380 σχή-

349 1414 520 1469 ματος
548 1396 733 1450 κάλλει
770 1395 1172 1468 προσθήσομεν.
1218 1399 1418 1470 Ἀχαρι
1452 1402 1561 1471 γὰρ
1598 1401 1750 1454 οὐδὲν
1778 1401 1929 1472 παρὰ

346 1487 427 1560 τῷ
457 1487 718 1559 πανσόφῳ
758 1487 899 1558 Θεῷ.
945 1487 1114 1561 Πλὴν,
1155 1492 1331 1543 ἐκεῖνο
1374 1491 1534 1545 πάλιν
1561 1492 1624 1562 δὴ
1665 1493 1795 1564 φέρε
1837 1493 1927 1547 λέ-

347 1595 554 1650 γωμεν,
576 1577 778 1649 ἀκριϐῆ
806 1575 899 1631 τὸν
926 1578 1052 1632 νοῦν
1074 1579 1444 1650 ἐπερείδοντες
1472 1584 1593 1644 τοῖς
1606 1582 1690 1650 ἐφ’
1715 1580 1930 1656 ἑκάστῳ

347 1667 806 1738 τεθεσπισμένοις.
837 1666 1232 1740 Θυσιαστήριον
1263 1669 1594 1741 προστέταχε
1636 1674 1753 1735 ταῖς
1787 1673 1929 1728 κατὰ

347 1759 508 1830 νόμον
532 1759 742 1824 θυσίαις
768 1756 944 1823 ἐοικδς
966 1759 1060 1813 καὶ
1100 1760 1330 1831 πρέπον,
1371 1759 1487 1813 ἀλλ’
1511 1760 1664 1814 οὐδὲν
1693 1762 1751 1813 ἐν
1779 1760 1928 1834 αὐτῷ

2031 593 2154 631 rum
2213 577 2514 655 frusta,'et
2550 580 2895 646 holocausta,
2929 582 3225 653 oviumque
3247 593 3301 639 et
3328 584 3607 641 hircorum

2030 666 2142 721 Deo
2198 675 2646 723 consecratorum
2680 668 2989 724 oblationes
3041 681 3201 726 erant
3244 672 3601 744 imponendzn.

2027 753 2181 809 Hanc
2215 754 2287 810 ob
2312 770 2538 811 causam
2565 767 2621 813 et
2643 759 2926 826 craticula,
2944 768 2999 816 et
3023 760 3198 829 focus,
3222 772 3280 818 et
3301 764 3606 828 fuscinulaa,

2030 851 2088 900 et
2113 846 2332 916 phialae,
2369 849 2619 903 etomnia
2660 849 2898 920 denique
2926 852 3046 923 ejus
3088 868 3218 908 vasa
3255 869 3406 910 aenea
3437 865 3607 922 sunt;

2027 942 2091 990 ut
2111 935 2378 1007 legalibus
2397 935 2684 992 sacriﬁciis
2717 952 2879 992 suum
2910 955 3070 994 usum
3090 942 3336 1010 praebere
3362 951 3606 1013 possent,

2026 1048 2208 1104 neque
2238 1042 2422 1088 tamen
2446 1032 2660 1088 voracis
2683 1030 2825 1104 ignis
2862 1034 3096 1103 appulsu
3128 1045 3605 1092 consumerentur.

2026 1123 2298 1180 Coronam
2329 1140 2481 1190 vero,
2522 1131 2580 1180 et
2613 1125 2936 1197 angulorum
2971 1142 3175 1182 cornua
3201 1127 3377 1197 ipsius
3419 1128 3609 1200 ﬁgura:

2026 1214 2428 1285 pulchritudini
2458 1214 2767 1272 tribuemus
2801 1233 2967 1273 :nam
3005 1218 3149 1288 apud
3171 1218 3326 1273 illum
3359 1221 3606 1275 omnium

2027 1305 2498 1376 sapientissimum
2521 1307 2695 1364 Deum
2714 1307 2961 1364 deforme
2993 1309 3133 1364 nihil
3166 1317 3268 1365 est.
3289 1311 3447 1382 303
3466 1311 3608 1367 Illud

2029 1404 2211 1453 tamen
2238 1414 2430 1454 rursus
2457 1400 2693 1471 agedum
2710 1400 2980 1468 dicamus,
3015 1402 3084 1456 iis
3134 1417 3257 1471 qua:
3285 1401 3353 1456 de
3382 1418 3442 1457 re
3468 1419 3606 1474 qua-

2027 1502 2137 1557 que
2187 1496 2461 1559 prarcepta
2499 1497 2647 1557 sunt,
2690 1500 2946 1557 accurate
2988 1494 3230 1547 animum
3265 1494 3604 1564 adjicientes.

2026 1578 2214 1634 Altare
2238 1580 2502 1652 pmcepit
2529 1580 2649 1638 ﬁeri
2706 1584 2853 1654 quod
2877 1584 3144 1655 legalibus
3169 1585 3367 1641 hostiis
3409 1602 3609 1643 conve-

2026 1669 2174 1726 niret
2205 1680 2371 1741 atque
2416 1680 2603 1743 aptum
2646 1683 2828 1742 esset;
2860 1676 2956 1731 sed
2991 1692 3216 1732 aureum
3250 1677 3306 1731 in
3343 1692 3410 1731 eo
3443 1678 3604 1744 nihil,

2028 1760 2189 1829 quale
2218 1759 2469 1830 profecto
2491 1771 2549 1818 et
2574 1762 2631 1818 in
2655 1778 2802 1828 arca,
2829 1773 2886 1820 et
2924 1766 3274 1833 candelabro,
3311 1775 3368 1822 et
3396 1783 3603 1835 mensa,

344 1850 599 1924 χρυσοῦν,
634 1851 885 1924 καθάπερ
922 1851 1132 1922 ἀμέλει,
1162 1846 1472 1923 καταθεῷτό
1493 1870 1574 1916 τις
1606 1851 1673 1906 ἂν
1701 1852 1794 1906 ἐπὶ
1827 1831 1925 1925 τῆς

2028 1854 2085 1903 et
2113 1847 2183 1905 iis
2208 1863 2331 1921 quae
2358 1850 2417 1906 in
2455 1851 2551 1907 illa
2568 1860 2753 1921 erant,
2774 1852 2965 1910 videre
2991 1855 3141 1910 licet.

344 1941 597 2011 κιϐωτοῦ,
619 1942 842 2014 λυχνίας
865 1958 927 1998 τε
964 1937 1032 1997 αὖ
1059 1943 1153 1996 καὶ
1177 1942 1457 2015 τραπέζης
1474 1986 1488 2012 ,
1518 1942 1614 1997 καὶ
1640 1942 1751 1998 τῶν
1787 1945 1923 2017 ἀμφ’

341 2033 534 2106 αὑτήν.

412 2124 622 2178 ΠΔΛΛ.
653 2124 720 2180 Τί
741 2122 804 2195 δὴ
825 2118 919 2178 οὖν
955 2122 1064 2195 ἀρα
1106 2122 1203 2177 καὶ
1232 2121 1388 2177 τοῦτό
1424 2123 1570 2191 ἐστις

412 2215 576 2270 ΚΥΡ.
605 2215 679 2271 Ού
703 2215 813 2287 γάρ
835 2214 900 2288 δή
921 2214 1021 2284 τῆς
1044 2212 1190 2278 θείας
1212 2231 1272 2267 τε
1293 2212 1388 2267 καὶ
1408 2214 1687 2286 ἀκηράτου
1710 2215 1924 2284 φύσεως

340 2304 442 2377 τὴν
470 2305 614 2361 κατά
636 2307 857 2362 πάντων
883 2305 1180 2378 ὑπεροχὴν,
1208 2305 1305 2359 καὶ⁵
1327 2304 1659 2377 ἀσύγκριτον
1677 2305 1926 2375 λαμπρό-

339 2406 500 2470 τητα,
531 2398 607 2464 ὡς
637 2401 695 2454 ἐν
725 2400 909 2470 νοήσει
939 2398 1086 2468 λέγω
1104 2441 1118 2463 ,
1150 2398 1212 2452 τὸ
1253 2399 1477 2471 χρυσίον
1503 2392 1563 2452 εὖ
1589 2397 1735 2470 μάλα
1762 2414 1925 2451 κατα-

339 2491 532 2564 δηλοῦν
561 2490 841 2564 ἐλέγομεν,
874 2484 921 2546 ὦ
950 2490 1249 2558 Παλλάδιε;
1688 2494 1709 2515 ‘

419 2670 629 2725 IlAAA.
659 2661 786 2725 Ὧδε
815 2668 949 2741 εχει.

417 2761 579 2820 ΚΥΡ.
638 2761 827 2834 ’Δθρει
869 2761 935 2834 δὴ
982 2757 1101 2827 οὖν,
1149 2759 1465 2833 ἀχρύσωτον
1506 2758 1783 2825 παντελῶς
1822 2759 1924 2831 τῆς

344 2852 486 2908 κατά
513 2851 675 2923 νόμον
703 2851 959 2925 λατρείας
996 2851 1060 2905 τδ
1101 2851 1509 2923 θυσιαστήριον,
1549 2850 1780 2921 αἴνιγμά
1818 2864 1922 2904 που

342 2946 405 2999 τὸ
427 2943 618 3016 χρῆμα
642 2939 888 3008 τιθέντος
912 2943 1045 3015 ἡμῖν
1069 2941 1165 2997 τοῦ
1205 2942 1341 2996 Θεοῦ
1360 2981 1375 3008 ,
1406 2942 1502 2997 καὶ
1528 2941 1684 3014 μάλα
1712 2940 1920 3012 σαφῶς,

340 3032 425 3091 δτι
471 3033 786 3106 Πνεύματος
829 3034 987 3104 ἁγίου
1016 3033 1277 3107 πρόξενος
1314 3034 1515 3106 ἥκιστα
1545 3034 1645 3104 μὲν
1672 3036 1702 3087 ὁ
1725 3032 1921 3105 νόμος,

339 3126 629 3199 τετίμηται
672 3125 730 3179 δέ
770 3125 892 3196 ούχὶ
928 3122 1155 3198 τοιαύτῃ
1191 3125 1375 3196 χάριτι
1406 3124 1507 3196 τῆς
1548 3127 1606 3179 ἐν
1640 3123 1796 3196 τύπῳ
1829 3122 1923 3176 λα-

337 3179 535 3290 τρείειςΙ
561 3218 596 3288 ἡ
635 3179 886 3288 δύναμις.
915 3179 1155 3287 Πνεῦμα.
1310 3210 1379 3286 ἦν
1411 3179 1656 3278 δούλείας
1700 3179 1793 3267 ἐπὶ
1831 3213 1922 3266 τὸν
1950 3179 1992 3239 c

355 3309 595 3380 Ἰσραήλο
628 3309 762 3379 ἡμῖν
799 3308 855 3362 δὲ
898 3307 959 3362 τὸ
993 3308 1165 3380 δῶρον
1194 3306 1515 3379 ἀπενεμήθη
1558 3305 1648 3360 διά
1684 3303 1921 3375 Χριστοῦ

344 3392 625 3472 μετὰ⁶τὴν
666 3401 731 3453 ἐκ
778 3399 988 3471 νεκρῶν
1028 3398 1346 3454 ἀναϐίωσιν.
1401 3398 1734 3468 Ἐνεφύσησε
1775 3397 1919 3468 γὰρ,

341 3492 566 3562 λέγων,ι
592 3491 799 3548 Λάϐετε
814 3492 1038 3563 Πνεῦμα
1054 3493 1227 3561 ἀγιον.
1254 3510 1271 3543 ι
1292 3489 1583 3560 Τοιγάρτοι
1604 3489 1697 3542 καὶ
1714 3486 1920 3552 Παῦλος

343 3581 686 3655 προσεφώνει
747 3583 860 3646 τοῖς
911 3583 1353 3644 πεπιστευκόσιν,
1384 3599 1401 3632 ι
1432 3582 1505 3634 Οὐ
1546 3580 1655 3651 γὰρ
1701 3579 1921 3633 ἐλάϐετε

343 3673 563 3745 πνεῦμα
581 3673 821 3736 δουλείας
841 3672 1002 3728 πάλιν
1025 3673 1105 3737 είς
1130 3672 1315 3740 φόϐον,
1332 3671 1446 3724 ἀλλ’
1464 3659 1685 3724 ἐλάϐετε
1708 3670 1925 3739 πνεῦμα

350 3765 646 3832 υἱοθεσίας,
674 3765 733 3818 ἐν
754 3758 799 3833 ᾧ
836 3763 1135 3837 κράζομεν,
1170 3761 1341 3815 nassa
1363 3764 1392 3814 ὁ
1416 3762 1627 3832 Πατήρ.
1666 3779 1685 3813 ι
1717 3761 1839 3813 Ὅτι
1865 3758 1922 3812 δὲ

343 3857 445 3927 τῆς
483 3857 627 3910 κατὰ
666 3855 829 3926 νόμον
863 3854 1116 3926 λατρείας
1152 3855 1186 3924 ἡ
1228 3852 1460 3923 δύναμις
1495 3850 1594 3922 τὴν
1632 3849 1726 3903 τοῦ
1766 3850 1923 3917 ἁγίου

345 3954 664 4026 Πνεύματος
684 3954 784 4008 ούκ
818 3951 1069 4006 ἐπλούτει
1098 3949 1334 4021 μέθεξιν,
1376 3948 1613 4002 δέδονται
1639 3945 1696 3999 δὲ
1723 3944 1923 4015 μᾶλλον

341 4048 458 4110 τοῖς
495 4047 553 4100 ἐν
593 4047 772 4100 πίστει
801 4043 1271 4114 δεδικαιωμένοις,
1304 4039 1713 4111 πληροφορήσει
1749 4035 1924 4104 λέγων

341 4139 373 4190 ὁ
400 4136 562 4206 σοφὸς
605 4137 877 4209 Ἰωάννηςο
911 4156 930 4187 ι
966 4136 1133 4189 Ούπω
1154 4134 1262 4205 γὰρ
1290 4132 1358 4205 ἦν
1383 4130 1605 4202 Πνεῦμα
1636 4131 1810 4200 ἅγιον,
1840 4128 1922 4182 ὅτι

354 4229 566 4301 Ἰησοῦς
601 4228 812 4282 οὐδέπω
838 4228 1120 4298 ἐδοξάσθη.
1156 4246 1175 4279 ι
1218 4225 1384 4280 Οὔπω
1414 4225 1523 4296 γὰρ
1560 4222 1758 4278 ἀνεϐίω
1786 4223 1921 4291 Χρι-

353 4321 505 4385 στός*
528 4320 808 4391 μονονουχὶ
835 4319 944 4389 γάρ
969 4318 1087 4370 τότε
1110 4315 1498 4387 κατεχρυσώθη
1523 4314 1600 4385 τῷ
1622 4311 1917 4382 Πνεύματι,

342 4412 438 4467 καὶ
459 4411 713 4483 κοινωνίᾳ
833 4410 969 4481 πρὸς
991 4407 1172 4472 αὑτὸν,
1199 4409 1232 4477 ἡ
1261 4407 1543 4476 ἀνθρώπου
1568 4404 1747 4473 φύσις.
1778 4404 1822 4453 Χ
1832 4419 1923 4470 ρυ-

2096 2128 2293 2188 PALL.
2318 2132 2449 2200 Quae
2481 2132 2701 2191 tandem
2729 2144 2818 2194 est
2842 2138 2924 2193 rei
2947 2138 3111 2195 istius
3137 2142 3345 2197 causa?

2097 2222 2254 2278 CYR.
2278 2227 2362 2278 An
2392 2239 2542 2290 vero,
2573 2225 2802 2292 Palladi,
2842 2242 2951 2282 non
2983 2229 3132 2284 illius
3164 2228 3365 2285 divinae
3414 2242 3471 2286 et
3500 2230 3606 2287 im-

2029 2313 2276 2368 mortalis
2298 2323 2530 2380 naturze,
2573 2330 2740 2386 supra
2771 2333 2861 2373 res
2888 2332 3080 2374 omnes
3122 2322 3493 2390 praestantiam
3541 2338 3609 2379 ac

2029 2401 2379 2471 splendorem
2406 2402 2890 2475 incomparabilem
2927 2407 3017 2479 (de
3039 2423 3107 2463 eo
3142 2409 3341 2480 loquor
3372 2412 3467 2482 qui
3509 2427 3607 2482 po-

2028 2498 2137 2547 test
2189 2492 2473 2549 intellectu
2517 2494 2750 2567 percipi)
2796 2512 2931 2553 auro
2962 2497 3283 2555 dicebamus
3324 2501 3605 2572 aptissime

2028 2582 2366 2654 signiﬁcari?
2422 2580 2431 2585 ’
2462 2581 2467 2585 ’

2092 2673 2289 2730 PALL.
2321 2675 2534 2730 Fateor.

2096 2764 2252 2820 (ΠΒ.
2286 2764 2582 2821 Considera
2617 2766 2801 2837 igitur,
2828 2767 2966 2825 illud
2994 2770 3184 2841 legalis
3221 2771 3403 2828 cultus
3436 2772 3608 2830 altare

2028 2871 2228 2926 expers
2261 2858 2488 2911 omnino
2521 2858 2643 2911 auri
2688 2858 2857 2915 fuisse
2894 2879 2907 2915 :
2937 2877 3045 2931 qua
3070 2861 3126 2917 in
3153 2878 3210 2917 re
3262 2864 3606 2933 apertissime

2028 2947 2189 3002 nobis
2206 2946 2383 3002 innuit
2415 2947 2562 3003 Deus
2600 2948 2738 3021 legis
2765 2950 3032 3006 beneﬁcio
3053 2951 3318 3022 Spiritum
3355 2962 3605 3010 sanctum

2029 3038 2254 3093 minime
2285 3039 2570 3095 conciliari
2608 3042 2790 3107 nobis,
2836 3057 3017 3112 neque
3058 3043 3168 3098 vim
3201 3045 3348 3099 illam
3392 3045 3607 3117 ﬁgurati

2030 3129 2213 3184 cultus
2276 3145 2398 3186 esse
2438 3132 2711 3201 ejusmodi
2756 3133 2932 3202 gratia
2982 3134 3317 3188 decoratam.
3368 3136 3607 3206 Spiritus

2023 3218 2170 3273 enim
2205 3219 2493 3275 servitutis
2528 3230 2652 3276 erat
2673 3237 2839 3293 super
2858 3223 3063 3290 Israel;
3098 3224 3257 3279 nobis
3283 3234 3466 3280 autem
3501 3228 3607 3284 hoc

2023 3309 2229 3365 donum
2269 3327 2370 3381 per
2406 3311 2686 3368 Christum
2731 3314 3002 3368 tributum
3030 3321 3156 3380 est,
3195 3324 3547 3385 posteaquam
3572 3333 3603 3373 a

2022 3402 2257 3456 mortuis
2278 3402 2496 3470 revixit;
2521 3402 2821 3458 insufﬂavit
2838 3403 3010 3470 enim,
3038 3403 3229 3460 dicens
3256 3423 3268 3458 :
3300 3423 3320 3456 ι
3355 3405 3604 3477 Accipite

2025 3491 2296 3563 Spiritum
2328 3502 2579 3550 sanctum
2596 3495 2662 3549 ³³.
2695 3513 2715 3547 ι
2744 3494 2935 3565 Itaque
2979 3496 3183 3551 Paulus
3221 3497 3602 3567 alloquebatur

2023 3582 2312 3639 credentes
2348 3601 2360 3636 :
2395 3602 2415 3635 ι
2446 3584 2568 3640 Non
2614 3585 2763 3639 enim
2805 3586 3096 3656 accepistis
3134 3587 3389 3656 Spiritum
3424 3588 3602 3642 servi—

2022 3674 2160 3729 tutis
2215 3674 2415 3729 iterum
2458 3675 2517 3730 in
2561 3674 2799 3742 timore,
2851 3676 2949 3732 sed
3001 3677 3291 3747 accepistis
3348 3678 3603 3748 spiritum

2023 3762 2334 3834 adoptionis
2385 3764 2644 3833 ﬁliorum,
2696 3766 2752 3821 in
2779 3782 2889 3836 quo
2926 3767 3224 3822 clamamus
3255 3786 3267 3822 :
3293 3769 3468 3834 Abba,
3498 3771 3602 3825 Pa-

2024 3865 2109 3913 ter
2124 3858 2190 3911 ³⁵.
2223 3876 2242 3909 ›
2294 3857 2444 3912 Illam
2461 3873 2628 3927 porro
2665 3858 2850 3914 cultus
2887 3859 3076 3930 legalis
3123 3859 3436 3915 facultatem
3491 3876 3603 3918 non

2022 3949 2193 4007 fuisse
2205 3951 2381 4006 sancti
2413 3950 2654 4021 Spiritus
2682 3950 3102 4021 participatione
3122 3952 3426 4022 praeditam,
3444 3968 3601 4007 eum-

2024 4057 2129 4111 que
2165 4043 2233 4097 iis
2252 4044 2437 4113 potius
2459 4042 2650 4097 datum
2686 4057 2809 4097 esse
2858 4043 2953 4113 qui
2993 4042 3098 4097 ﬁde
3130 4043 3414 4113 justiﬁcati
3451 4054 3599 4109 sunt,

2022 4132 2313 4187 conﬁrmat
2343 4131 2781 4202 sapientissimus
2797 4130 3056 4197 Joannes,
3072 4147 3195 4186 cum
3221 4132 3388 4187 dicit:
3412 4151 3430 4182 ι
3452 4133 3601 4187 Non-

2024 4223 2154 4279 dum
2172 4224 2321 4279 enim
2337 4232 2457 4278 erat
2476 4222 2717 4293 Spiritus
2740 4230 2983 4286 sanctus,
3013 4223 3142 4291 quia
3164 4221 3325 4276 Jesus
3357 4221 3601 4275 nondum

2023 4325 2142 4370 erat
2157 4314 2568 4386 gloriﬁcatus".
2616 4333 2635 4365 ι
2664 4312 2920 4368 Nondum
2954 4311 3103 4366 enim
3140 4312 3414 4365 revixerat
3439 4309 3601 4366 Chri-

2026 4415 2144 4462 stus
2172 4424 2184 4459 :
2212 4415 2327 4460 tum
2346 4406 2493 4460 enim
2514 4403 2754 4458 hominis
2770 4411 2965 4457 natura
2987 4401 3216 4471 Spiritu,
3235 4411 3291 4456 et
3305 4402 3424 4471 ejus
3449 4417 3600 4456 com-

341 4500 440 4556 σοῦ
482 4502 581 4573 μὲν
622 4492 686 4572 δὴ
728 4500 885 4571 δίχα,
927 4498 1180 4570 ταύτῃτοι
1212 4495 1461 4565 γενέσθαι
1504 4493 1835 4564 προστέταχε
1868 4503 1925 4555 τδ

2036 4496 2410 4552 municatione
2441 4493 2839 4565 propemodum
2867 4493 3118 4547 inaurata
3152 4500 3255 4548 est.
3291 4493 3405 4548 Hac
3437 4492 3599 4564 igitur

341 4594 748 4665 θυσιαστήριον,
781 4592 1032 4662 καθάπερ
1060 4589 1297 4660 ἐγῷμαι,
1327 4587 1416 4640 τὸν
1437 4588 1492 4641 δὲ
1517 4586 1610 4638 ἐπὶ
1637 4585 1714 4655 τῷ
1734 4582 1917 4653 χαλκῷ

339 4687 521 4757 λόγον,
556 4684 616 4748 ἐξ
658 4678 719 4739 οὗ
746 4685 841 4738 καὶ
879 4682 1170 4753 πεποίητο,
1203 4680 1603 4752 παραδραμεῖν,
1643 4677 1718 4740 ὡς
1750 4675 1914 4738 ἔοικε,

337 4780 452 4839 τοϊς
493 4774 843 4847 φιλομαθέσιν
881 4776 981 4829 ούκ
1027 4774 1276 4845 ἀζήμιον.
1335 4769 1577 4825 Ἐκτέκοι
1614 4768 1722 4837 γὰρ
1762 4767 1827 4821 ἄν
1862 4783 1916 4818 τι

340 4866 448 4921 τῶν
486 4867 799 4934 ἀναγκαίων
831 4868 865 4937 ἡ
901 4866 1150 4936 βάσανος,
1185 4864 1438 4936 καθάπερ
1471 4862 1531 4916 τὸ
1561 4862 1663 4914 ὑπό
1700 4877 1792 4913 του
1828 4877 1916 4912 σο-

338 4957 455 5028 φῶς
473 4958 780 5029 εἰρημένον,
806 4958 894 5010 Ἐν
915 4958 1075 5012 παντὶ
1097 4975 1163 5027 με
1171 4956 1429 5028 ριμνῶντι
1449 4954 1622 5007 ἔνεστι
1641 4951 1909 5024 περιττόν.

412 5134 620 5187 ΠΑΛΛ.
656 5132 721 5186 Τί
749 5127 841 5187 οὖν
857 5131 921 5186 ἂν
945 5132 1086 5202 ἔχοις
1099 5134 1270 5186 εἰπεῖν
1295 5132 1387 5185 καὶ
1415 5131 1505 5196 ἐπὶ
1534 5129 1669 5198 τῷδε
1718 5127 1876 5180 πάλιν
1899 5142 1913 5190 ;

413 5223 574 5277 ΚΥΡ.
630 5225 828 5277 ’Ἄκουε
867 5224 955 5293 δή·
986 5223 1150 5293 ψήφῳ
1199 5222 1297 5294 μὲν
1340 5221 1448 5293 γὰρ
1495 5223 1559 5291 τῇ
1600 5219 1804 5273 ἄνωθεν
1838 5218 1918 5278 είς

338 5314 495 5383 ἱερέα
528 5316 621 5368 καὶ
652 5314 951 5385 ἡγούμενον
983 5313 1072 5366 τὸν
1101 5313 1384 5367 θεσπέσιον
1427 5311 1635 5383 ’Δαρὼν
1664 5326 1908 5380 κεχειρο-

333 5404 597 5473 τονῆσθαί
642 5422 772 5476 φησι
813 5405 874 5457 τὸ
918 5403 1156 5475 Γράμμα
1197 5402 1257 5455 τὸ
1300 5403 1464 5473 ἱερόν.
1515 5402 1658 5472 Κορὲ
1691 5417 1754 5469 γε
1803 5398 1909 5469 μὴν

334 5492 437 5548 καὶ
479 5492 677 5556 Δαθάν,
721 5494 815 5546 καὶ
861 5495 970 5554 τοῖς
1000 5491 1135 5563 ἀμφ’
1169 5490 1383 5555 αὐτοὺς,
1418 5492 1451 5561 ἡ
1497 5491 1662 5560 ἀγρία
1701 5490 1909 5560 πληθὺς

336 5583 441 5653 τῆς
484 5583 690 5636 ἀνωθεν
735 5583 917 5653 ψήφου
968 5581 1342 5653 προαλὲστατα
1390 5581 1780 5649 καταθέοντες,
1816 5583 1910 5634 καί⁹

412 5758 458 5788 ³*
480 5757 638 5812 Joan.
687 5772 776 5822 xx,
806 5756 895 5810 22.
975 5757 1016 5789 ³⁵
1040 5758 1318 5821 Rom.vm,
1352 5756 1438 5811 15.
1518 5758 1564 5787 ³⁸
1598 5757 1753 5811 Joan.
1786 5772 1882 5823 νιι,
1923 5757 2011 5813 59.

2018 4590 2087 4645 de
2129 4603 2294 4642 causa
2328 4587 2448 4641 sine
2490 4601 2628 4641 auro
2654 4584 2773 4640 ﬁeri
2815 4584 2981 4656 jussit
3021 4583 3223 4649 altare,
3271 4595 3333 4639 ut
3381 4585 3599 4655 opinor.

2016 4678 2291 4734 Caeterum
2341 4676 2609 4730 rationem
2648 4675 2774 4731 aeris
2795 4715 2810 4740 ,
2852 4689 2921 4729 ex
2952 4688 3063 4743 quo
3090 4673 3225 4727 illud
3257 4681 3595 4730 exstructum

2017 4770 2142 4835 fuit,
2173 4767 2594 4839 praatermittere
2638 4783 2751 4822 non
2798 4765 2918 4821 sine
2959 4765 3353 4833 studiosorum,
3387 4777 3449 4823 ut
3478 4769 3598 4839 opi-

2016 4875 2140 4924 nor,
2162 4860 2377 4928 jactura
2398 4872 2691 4927 possumus
2721 4873 2735 4910 :
2769 4871 2896 4911 nam
2925 4855 3041 4911 haec
3071 4855 3354 4926 inquisitio
3391 4858 3597 4929 aliquid

2018 4948 2273 5004 utilitatis
2288 4947 2489 5019 pariet,
2515 4955 2578 5001 ut
2595 4954 2681 5002 est
2709 4962 2741 5001 a
2767 4946 3006 5016 quodam
3042 4947 3321 5017 sapienter
3339 4948 3551 5006 dictum
3582 4969 3597 5006 :

2018 5038 2077 5093 In
2099 5040 2249 5093 omni
2284 5038 2520 5095 sollicito
2542 5037 2687 5093 inest
2717 5037 2947 5092 utilitas.

2089 5130 2287 5185 PALL.
2323 5129 2463 5197 Quid
2486 5130 2658 5201 igitur
2689 5129 2793 5184 hac
2817 5129 2885 5184 de
2915 5144 2976 5184 re
2997 5129 3184 5185 dicere
3212 5129 3423 5184 habes?

2089 5219 2247 5276 CYR.
2284 5220 2428 5275 Audi
2463 5220 2631 5292 igitur
2661 5237 2674 5273 :
2710 5222 2895 5275 Aaron
2925 5219 3072 5274 enim
3103 5220 3282 5273 virum
3308 5219 3465 5272 illum
3501 5218 3595 5273 ad‘

2016 5309 2358 5379 mirabilem,
2387 5312 2596 5368 caelesti
2627 5294 2885 5381 suﬁ'ragio
2915 5309 3255 5364 sacerdotem
3279 5324 3344 5362 ac
3382 5308 3592 5379 princi-

2015 5417 2140 5472 pem
2168 5405 2403 5459 electum
2442 5404 2633 5469 fuisse,
2668 5420 2834 5459 sacrae
2862 5402 3083 5456 Litterae
3130 5409 3419 5457 testantur.
3452 5400 3593 5457 Core

2016 5502 2200 5549 tamen
2236 5504 2292 5550 et
2339 5497 2590 5560 Dathan,
2641 5509 2945 5564 eorumque
2997 5493 3275 5549 sociorum
3325 5492 3591 5549 eﬁ‘renata

2016 5584 2110 5641 illa
2136 5586 2433 5643 multitudo
2463 5594 2654 5642 contra
2676 5599 2974 5655 supernum
3008 5584 3141 5640 illud
3178 5585 3457 5641 decretum
3490 5598 3589 5655 pc-
