4142 6296
628 324 732 381 6-16

1654 312 1709 367 S.
1750 311 2024 369 CYRILLI
2063 310 2531 369 ALEXANDRINI
2571 308 2883 366 ARCHIEP.

3782 306 3881 369 616

630 435 995 499 tutantissime
1026 432 1246 495 obnixa,
1274 439 1329 485 ct
1359 430 1622 485 adversus
1639 430 1857 484 divinas
1890 431 2037 499 leges
2051 428 2201 483 exci-

2310 426 2411 480 τῶν
2445 425 2600 479 θείων
2622 423 3141 493 κατεξανιστάμενοι
3161 422 3359 494 νόμων,
3390 421 3589 492 πυρεῖα
3614 422 3876 495 προσῆγον

630 540 762 592 lata,
804 526 1086 581 tburibula
1123 524 1477 587 detulerunt,
1525 537 1651 577 cum
1687 518 1947 587 invocati,
1998 536 2204 591 suaque

625 618 787 688 304
813 623 1006 686 sponte
1044 613 1113 668 ad
1137 613 1193 668 id
1236 627 1436 667 munus
1474 619 1856 681 properarent,
1908 609 2204 664 honorem-

626 722 732 775 que
761 706 864 760 sibi
895 703 1122 759 minime
1157 703 1421 758 tributum
1462 700 1792 770 arriperent,
1846 715 1910 754 ac
1936 698 2205 757 sacerdoti

623 797 885 868 principi,
909 804 965 851 et
979 813 1045 851 ex
1078 794 1349 849 universis
1372 794 1515 848 lecto
1542 792 1707 846 nimis
1726 777 1992 860 praecipiti
2022 779 2206 844 furore

625 902 779 942 suam
810 883 1104 939 amentiam
1148 891 1310 953 atque
1333 882 1618 937 audaciam
1646 880 2064 951 opponerent".
2097 880 2203 934 De-

623 977 947 1046 signabatur
979 984 1161 1029 autem
1190 975 1295 1029 hoc
1323 973 1467 1027 facto
1508 972 1698 1026 futura
1747 970 2014 1025 adversus
2047 967 2206 1025 Chri-

624 1076 773 1122 stum
795 1066 1106 1121 Judazorum
1130 1064 1357 1120 audacia
1382 1083 1395 1117 :
1424 1065 1539 1135 ipse
1567 1063 1712 1118 enim
1740 1066 1824 1117 est
1843 1071 2030 1116 noster
2052 1077 2204 1116 sum-

627 1171 749 1210 mus
778 1153 1054 1220 sacerdos,
1082 1154 1177 1225 qui
1215 1154 1283 1208 ad
1312 1154 1415 1209 hoc
1448 1152 1730 1224 dignitatis
1767 1152 1988 1206 culmen
2024 1150 2206 1205 Patris

626 1247 885 1317 suﬁragio
912 1253 996 1301 est
1018 1242 1340 1316 provectus;
1378 1253 1542 1315 atque
1568 1241 1648 1297 illi
1668 1240 1887 1312 quidem
1907 1246 2203 1296 conatuum

626 1334 764 1391 adeo
809 1334 1053 1404 turpium
1102 1348 1292 1404 paruas
1329 1333 1623 1397 dederunt,
1672 1332 1989 1401 dabuntque
2038 1330 2209 1384 etiam

624 1434 748 1496 post
775 1441 872 1480 eos
901 1424 1096 1491 Judazi,
1135 1441 1261 1480 cum
1302 1426 1497 1480 iisdem
1525 1424 1853 1480 criminibus
1890 1431 2200 1478 teneantur.

622 1517 768 1571 Deus
788 1524 972 1570 autem
1003 1515 1191 1588 Moysi,
1225 1523 1338 1570 tum
1371 1522 1428 1570 et
1453 1515 1717 1569 Eleazaro
1748 1514 1930 1567 Aaron
1956 1512 2088 1574 tilio,
2140 1525 2205 1564 ac

623 1608 896 1666 sacerdoti
928 1607 1069 1662 dixit
1100 1625 1114 1660 :
1141 1626 1159 1657 ι
1187 1605 1399 1661 Sumite
1435 1605 1718 1659 thuribula
1745 1618 1895 1658 zenea
1924 1602 1990 1657 de
2021 1600 2204 1655 medio

624 1682 1055 1764 combustorum,
1091 1699 1346 1770 etignem
1374 1698 1524 1751 hunc
1570 1696 1812 1751 alienum
1854 1708 2048 1764 sparge
2098 1692 2200 1756 ibi,

2308 515 2531 586 ἄκλητοι
2564 516 2657 569 καὶ
2687 514 2971 583 αὐτόμολοι
3006 514 3142 584 πρὸς
3174 510 3332 565 τοῦτο
3373 507 3565 575 Ξτντες,
3602 510 3695 562 καὶ
3718 514 3876 586 τιμὴν

2306 606 2664 678 ἁρπάζοντες,
2694 605 2753 658 ού
2780 623 2835 658 νε
2844 604 3105 676 μηθεῖσαν
3131 604 3335 667 αὐτοῖς,
3361 600 3875 671 ἀντιπαρεξάγοντες

2305 697 2401 750 καὶ
2432 696 2576 767 μάλα
2604 695 2841 767 θερμῶς,
2878 697 2945 749 τὰ
2975 693 3033 760 ἐξ
3062 693 3321 757 ἀπονοίας
3345 692 3440 746 καὶ
3471 691 3721 762 θράσους,
3753 695 3875 765 ἱερεῖ

2304 790 2383 862 τῷ
2425 789 2750 862 προύχοντι,
2803 791 2896 844 καὶ
2929 791 3037 845 τῶν
3078 790 3254 845 ἄλλων
3290 788 3546 844 ἁπάντων
3577 787 3877 860 άπολέγδην

2306 880 2646 954 ὲξῃρημένῳ.
2689 881 3139 951 Ἐσκιαγραφεῖτο
3159 881 3215 934 δὲ
3240 879 3330 933 διὰ
3355 878 3560 932 τούτων
3590 879 3624 949 ἡ
3655 879 3875 949 ἐσομένη

2305 972 2445 1026 κατὰ
2492 971 2729 1043 Χριστοῦ
2767 970 2877 1025 τῶν
2937 972 3205 1026 Ἰουδαίων
3260 969 3509 1025 ἀπόνοια.
3554 969 3727 1032 Αὐτὸς
3778 970 3877 1039 γάρ

2304 1061 2459 1132 ἡμῶν
2492 1062 2799 1134 ἀρχιερεὺς,
2831 1062 2995 1134 ψήφῳ
3028 1062 3162 1133 πρὸς
3193 1061 3351 1115 τοῦτο
3374 1060 3614 1131 ἠγμένος
3634 1063 3700 1131 τῇ
3735 1061 3876 1131 παρὰ

2306 1148 2537 1217 Πατρὸς,
2568 1154 2661 1207 καὶ
2690 1156 2737 1206 οί
2775 1154 2873 1225 μὲν
2903 1153 3008 1207 τῶν
3040 1148 3212 1217 οὕτως
3240 1152 3484 1224 αἰσχρῶν
3512 1150 3872 1222 ὶπιχειρημά-

2302 1259 2411 1296 των
2450 1244 2755 1297 ὲκτετίκασι
2784 1244 2958 1308 δίκας·
2990 1243 3307 1297 άποκίσουσι
3334 1245 3391 1297 δὲ
3415 1242 3513 1297 καὶ
3544 1241 3664 1314 μετ’
3689 1242 3874 1304 αὐτοὺς

2317 1332 2554 1387 Ἰουδαῖοι
2585 1337 2695 1397 τοῖς
2727 1334 2861 1397 ἴσοις
2885 1336 3192 1406 ἐγκλήμασι
3220 1336 3503 1405 γεγονότες
3526 1333 3725 1405 ἔνοχοι.
3753 1335 3875 1400 est;

2302 1422 2360 1477 δὲ
2394 1423 2459 1494 δὴ
2489 1424 2609 1477 τότε
2639 1425 2773 1495 πρὸς
2816 1426 3018 1479 Μωσέα
3053 1443 3112 1478 τε
3155 1425 3248 1481 τὸν
3295 1424 3460 1497 ἱερὸν,
3503 1426 3598 1480 καὶ
3641 1425 3749 1497 μὴν
3788 1428 3873 1479 καὶ

2304 1512 2439 1583 πρὸς
2480 1513 2742 1584 Ἐλεάζαρ
2770 1512 2893 1583 ἔφη,
2920 1513 3009 1567 τὸν
3036 1514 3093 1580 ἐξ
3134 1512 3345 1585 Ἀαρὼν
3360 1514 3450 1565 τὸν
3489 1512 3661 1585 ἱερὲι’
3697 1533 3716 1564 ι
3765 1514 3874 1567 ’Δνο

2304 1605 2486 1657 ἑλεσθε
2508 1606 2574 1659 τὰ
2596 1608 2793 1677 πυρεῖα
2817 1606 2884 1658 τὰ
2905 1605 3080 1676 χαλκᾶ
3097 1607 3160 1660 ἐκ
3186 1606 3350 1677 μέσου
3371 1606 3477 1658 τῶν
3504 1606 3873 1676 κεκαυμένων,

2307 1697 2401 1749 καὶ
2444 1696 2506 1748 τὸ
2539 1696 2651 1768 πῦρ
2702 1695 2764 1749 τὸ
2819 1695 3097 1768 ἀλλότριον
3144 1696 3303 1751 τοῦτο
3346 1698 3567 1768 σπεῖρον
3608 1699 3759 1763 ἐκεῖ,
3801 1698 3874 1749 ὃτι

626 1790 755 1861 quia
809 1788 1291 1844 sanctiﬁcaverunt
1318 1787 1599 1842 thuribula
1627 1787 1823 1841 horum
1861 1793 2206 1854 peccatorum

2310 1786 2500 1859 ἡγίασε
2543 1788 2611 1841 τὰ
2659 1790 2858 1858 πυρεῖα
2890 1787 2998 1841 τῶν
3029 1789 3371 1860 ἁμαρτωλῶν
3410 1785 3613 1841 τούτων
3660 1790 3718 1840 ὲν
3768 1792 3877 1851 ταῖς

627 1883 685 1935 in
713 1880 1002 1935 animabus
1037 1880 1151 1934 suis
1186 1897 1201 1945 ;
1235 1888 1291 1933 et
1332 1879 1586 1933 fecerunt
1610 1878 1724 1947 ipsa
1757 1878 1988 1931 laminas
2024 1875 2205 1930 ducti-

625 1974 728 2037 les,
778 1971 1314 2042 circumpositionem
1364 1971 1546 2035 altari,
1599 1971 1729 2039 quia
1762 1971 1925 2024 allata
1960 1977 2087 2024 sunt
2118 1982 2208 2022 co-

632 2081 748 2120 ram
782 2063 1037 2129 Domino,
1067 2071 1123 2118 et
1142 2060 1479 2117 sanctiﬁcata
1511 2071 1659 2125 sunt,
1705 2070 1762 2115 et
1813 2059 1951 2115 facta
1992 2067 2120 2113 sunt
2150 2059 2207 2112 in

631 2156 844 2226 signum
875 2154 1001 2209 ﬁliis
1028 2154 1193 2209 Israel
1218 2153 1281 2206 ³⁸.
1321 2172 1339 2202 ι
1366 2152 1543 2221 Atque
1570 2151 1686 2206 haec
1723 2151 1943 2221 quidem
1974 2165 2039 2204 eo
2064 2157 2203 2203 tcm-

627 2257 759 2311 pore
791 2241 931 2295 dixit
955 2242 1116 2295 Deus.
1149 2240 1208 2293 In
1242 2238 1429 2293 Exodo
1471 2248 1655 2293 autem
1694 2238 1959 2308 scriptum
2006 2246 2092 2292 est
2136 2235 2205 2291 de

627 2332 891 2395 Beseleel,
938 2331 1029 2401 qui
1066 2338 1219 2400 patre
1254 2329 1476 2399 quidem
1508 2334 1628 2382 erat
1654 2327 1804 2393 Uria,
1831 2327 1925 2381 sed
1957 2326 2024 2381 de
2056 2325 2205 2381 tribu

627 2423 762 2487 Dan,
793 2430 849 2476 et
877 2420 1117 2475 universi
1163 2420 1348 2490 operis
1383 2419 1682 2489 princeps:
1719 2437 1737 2470 ι
1766 2419 1865 2474 llic
1886 2417 2206 2473 fecitaltare

625 2528 836 2567 aeneum
885 2527 952 2566 ex
994 2512 1293 2567 thuribulis
1345 2512 1511 2567 aeneis
1570 2525 1691 2581 quae
1752 2509 1970 2564 fuerant
2029 2507 2205 2563 homi-

628 2618 756 2657 num
784 2602 877 2673 qui
915 2602 1243 2657 seditionem
1301 2601 1715 2669 concitaverunt
1753 2615 1876 2655 cum
1937 2613 2209 2673 synagoga

626 2689 767 2747 Core
800 2693 865 2745 υ.
906 2711 923 2743 ι

700 2784 894 2838 PALL.
926 2783 1066 2850 Quid
1092 2783 1259 2853 igitur
1288 2784 1430 2839 istud
1456 2785 1577 2838 est?

700 2875 856 2931 CYR.
905 2875 1191 2929 Maximam
1241 2875 1295 2931 id
1340 2891 1472 2930 vero
1495 2876 1792 2929 utilitatem
1847 2875 2111 2941 continet,
2162 2876 2209 2931 si

629 2963 1199 3026 animadverterimus,
1262 2979 1445 3017 arcam
1473 2963 1719 3033 quidem,
1751 2978 1873 3032 qua:
1908 2962 2114 3018 Christi
2140 2962 2204 3015 ﬁ-

628 3071 820 3128 guram
874 3061 1108 3125 gereret,
1157 3054 1262 3108 alia
1314 3062 1603 3124 praeterea,
1668 3053 2081 3119 candelabrum,
2123 3053 2205 3107 in-

2230 3099 2278 3164 C

2304 1876 2500 1945 ψυχαῖς
2530 1874 2730 1929 αὐτῶν.
2775 1875 2885 1928 Kal
2920 1875 3180 1948 ἐποίησαν
3222 1876 3360 1928 αὺτᾶ
3396 1876 3617 1939 λεπίόας
3646 1873 3840 1937 sla-tit;
3862 1914 3874 1937 ,

2306 1968 2576 2040 περίθεμα
2600 1968 2677 2038 τῷ
2706 1967 3096 2039 θυσιαστηρίῳ,
3122 1969 3205 2022 ὅτι
3236 1967 3680 2040 προσηνέχθησαν
3705 1969 3877 2022 Evam

2304 2059 2533 2129 Κυρίου,
2566 2062 2657 2112 καὶ
2702 2058 3058 2130 ήγιάσθησαν.
3105 2060 3214 2113 Καὶ
3263 2059 3507 2129 ἐγένοντο
3544 2062 3621 2122 εἰς
3659 2062 3878 2130 σημεῖον

2306 2152 2416 2212 τοῖς
2443 2152 2574 2212 υίοῖς
2620 2148 2857 2220 Ἰσραήλ.
2898 2167 2917 2201 ι
2956 2147 3139 2220 Ταύτῃ
3173 2147 3269 2219 μὲν
3300 2143 3391 2201 οὖν
3412 2148 3515 2218 ἔφη
3538 2146 3599 2201 τὸ
3628 2149 3878 2220 τηνικάδε

2307 2241 2458 2304 Θεὸς.
2516 2241 2602 2294 Ἐν
2630 2245 2696 2313 τῇ
2753 2240 2947 2311 Ἐξόδῳ
2974 2241 3031 2294 δὲ
3058 2241 3368 2312 γέγραπται
3414 2242 3541 2312 περὶ
3579 2241 3675 2294 τοῦ
3723 2242 3878 2294 Beca-

2305 2329 2451 2400 λεὴλ,
2501 2328 2559 2391 ὃς
2606 2324 2674 2401 ἦν
2723 2329 2787 2381 ὲκ
2825 2328 3031 2399 πατρὸς
3080 2327 3175 2398 μὲν
3219 2326 3452 2398 Οὐρίου,
3497 2327 3669 2397 φυλῆς
3697 2328 3760 2380 δὲ
3788 2329 3878 2395 τῆς

2305 2421 2411 2474 Δὰν
2461 2419 2560 2492 (1),
2612 2420 2705 2472 καὶ
2754 2419 2934 2489 πάσης
2984 2418 3262 2488 εὐτεχνίας
3301 2418 3621 2489 ἡγούμενος·
3658 2436 3678 2469 ι
3720 2410 3879 2480 Οὗτος

2304 2511 2526 2583 ἐποίησε
2557 2511 2618 2563 τὸ
2647 2509 3022 2581 θυσιαστήριον
3056 2509 3117 2562 τὸ
3147 2508 3376 2580 χαλκοῦν
3408 2512 3471 2563 ὲκ
3493 2509 3600 2563 τῶν
3647 2510 3880 2581 πυρείων

2303 2603 2410 2657 τῶν
2436 2602 2671 2674 χαλκῶν,
2710 2584 2745 2654 θ.
2772 2597 2838 2671 ἦν
2864 2605 2975 2664 τοῖς
3009 2601 3232 2672 ἀνδράσι
3262 2603 3375 2664 τοῖς
3410 2602 3881 2658 καταστασιάσασι

2307 2691 2446 2763 μετὰ
2472 2692 2571 2762 τῆς
2599 2691 2740 2763 Κορὲ
2770 2690 3114 2762 συναγωγῆς.
3160 2710 3177 2743 ι

2379 2784 2590 2836 ΠΑΛΛ.
2630 2782 2696 2835 Τί
2725 2775 2817 2836 οῦν
2848 2780 3006 2834 τοῦτό
3033 2797 3117 2849 γε;

2376 2872 2538 2927 ΚΥΡ.
2588 2872 2794 2945 Πολλὴν
2831 2871 2897 2926 ἂν
2932 2871 3046 2942 ἔχοι
3089 2871 3186 2943 τὴν
3215 2873 3421 2943 ὄνησιν,
3450 2874 3498 2927 εἰ
3546 2874 3786 2929 ὲννοοῖτο
3809 2875 3883 2928 ὅτι

2308 2963 2599 3033 πεποίηται
2623 2949 2720 3033 μὲν
2749 2963 2782 3032 ἡ
2814 2962 3047 3025 κιϐωτὸς
3068 2964 3147 3026 εἰς
3173 2963 3343 3018 τύπον
3372 2965 3635 3034 Χριστοῦ,
3664 2966 3768 3020 καὶ
3792 2964 3882 3037 μέν

2307 3070 2387 3106 τοι
2421 3053 2515 3106 καὶ
2542 3055 2610 3105 τά
2635 3052 2816 3123 ἕτερα,
2848 3052 3060 3123 λυχνία,
3092 3054 3232 3124 φημὶ
3252 3093 3266 3119 ,
3302 3056 3399 3107 καὶ
3444 3055 3505 3108 τὸ
3551 3055 3880 3127 ἱλαστήριον,

628 3156 815 3212 quam,
848 3149 903 3195 et
932 3140 1396 3210 propitiatorium,
1437 3149 1493 3196 et
1529 3158 1595 3197 ex
1618 3158 1754 3196 auro
1782 3158 2046 3207 mensam,
2088 3142 2204 3197 haec

2311 3144 2406 3197 καὶ
2439 3146 2501 3197 ὲκ
2534 3144 2757 3213 χρυσίου
2787 3143 3033 3214 τράπεζα
3057 3183 3073 3208 ,
3119 3146 3582 3217 προσκομίσαντος
3619 3147 3717 3199 τοῦ
3763 3142 3884 3200 λαοῦ

626 3231 769 3287 facta
790 3248 909 3287 esse
944 3233 1126 3286 omnia
1142 3232 1409 3287 oﬁ‘erente
1430 3235 1633 3303 populo
1655 3275 1669 3297 ,
1700 3233 1952 3305 singulis,
1976 3234 2122 3303 quod
2149 3235 2201 3287 in

626 3323 881 3377 manibus
906 3330 1043 3387 crat,
1091 3323 1203 3377 Deo
1248 3323 1560 3378 dicantibus
1591 3341 1604 3375 :
1632 3324 1841 3394 accepti
1888 3324 2036 3379 enim
2076 3339 2204 3378 sane

629 3424 757 3470 sunt
790 3415 844 3468 in
875 3414 1100 3484 gloriam
1148 3414 1266 3477 Dei,
1292 3422 1349 3468 et
1372 3414 1570 3479 Patris,
1611 3415 1703 3484 qui
1739 3415 2014 3470 Christum
2049 3416 2207 3470 donis

630 3512 986 3566 venerantur,
1008 3513 1063 3560 et
1086 3506 1399 3575 spiritualcs
1425 3506 1731 3561 oblationes
1769 3507 2026 3570 offerunt,
2066 3524 2204 3577 quo-

631 3607 754 3646 rum
784 3592 861 3645 illi
899 3592 1083 3662 figurae
1126 3594 1443 3663 umbraeque
1464 3603 1622 3649 erant
1648 3614 1660 3648 :
1701 3595 1796 3650 sed
1825 3595 1957 3650 illud
1979 3596 2207 3652 cultura:

632 3683 821 3753 legalis
881 3684 1054 3738 altare
1110 3683 1436 3738 irritationis
1499 3693 1664 3756 atque
1724 3686 2203 3751 contradictionis,

634 3774 1059 3843 consliirationis
1090 3774 1210 3844 ejus
1247 3774 1507 3844 denique,
1545 3784 1605 3830 ut
1630 3777 1705 3831 ita
1743 3776 2089 3847 dicam,quae
2108 3779 2206 3833 ad-

632 3877 829 3917 versus
856 3863 1193 3918 sacerdotem
1213 3879 1487 3919 summum
1520 3865 1660 3921 facta
1692 3876 1795 3932 est,
1833 3869 2007 3923 veluti
2029 3865 2241 3922 moni-'

635 3961 882 4008 mentum
913 3952 1185 4022 quoddam
1217 3968 1337 4008 esse
1361 3964 1522 4025 atque
1545 3957 1952 4026 praedictionem
2005 3958 2063 4013 in
2090 3959 2207 4029 ipsa

636 4043 825 4099 altaris
850 4044 1256 4099 constructione
1294 4047 1549 4115 positam,
1577 4047 1806 4118 mystice
1853 4055 1910 4102 et
1931 4048 2210 4118 dispensa-

637 4128 750 4184 tive
789 4129 1148 4201 signiﬁcatur.
1191 4131 1382 4187 Nonne
1428 4134 1526 4190 tibi
1576 4134 1748 4205 ﬁgura
1776 4137 2064 4207 perspicua
2091 4140 2212 4193 est?

637 4221 841 4277 Christi
863 4235 1099 4290 namque
1126 4220 1357 4293 ﬁguram
1396 4231 1547 4281 tenet
1582 4226 1783 4281 Aaron.
1815 4226 2091 4284 Adversus
2116 4245 2211 4285 au—

576 4312 583 4323 '
640 4320 749 4366 tem
776 4310 982 4366 Christi
1011 4312 1240 4383 gloriam
1266 4316 1619 4372 contentione
1648 4333 1863 4373 summa
1882 4318 2209 4390 Judreiquo-

637 4418 745 4471 que
797 4410 1150 4459 certaverunt
1185 4422 1198 4457 :
1239 4420 1512 4476 causaque
1552 4408 1963 4463 contradicendi
2001 4418 2087 4464 est
2129 4410 2213 4465 eis

638 4493 809 4564 legale
847 4494 951 4549 hoc
975 4495 1175 4563 altare;
1205 4497 1418 4552 ablatus
1454 4506 1537 4553 est
1570 4500 1717 4555 enim
1748 4500 1838 4555 ille
1872 4508 2129 4571 tanquam
2155 4501 2213 4556 in

640 4584 833 4639 umbra
867 4585 1066 4651 cultus,
1097 4586 1256 4657 305
1285 4595 1341 4641 et
1370 4588 1424 4642 in
1450 4587 1671 4644 Christo
1698 4591 1883 4660 potius
1913 4592 2067 4646 illum
2096 4592 2210 4663 spi-

640 4674 893 4728 ritualem
922 4675 1145 4730 odorem
1162 4677 1308 4732 Patri
1338 4679 1641 4734 adolemus.
1680 4681 1851 4751 quue
1888 4699 2083 4739 rursus
2102 4691 2220 4738 tan-

642 4780 805 4834 quam
854 4764 908 4818 in
970 4766 1201 4831 umbris,
1235 4767 1560 4838 designavit,
1610 4771 1843 4825 dicens:
1892 4791 1910 4823 ι
1945 4773 2014 4827 Et
2055 4773 2221 4828 facies

644 4855 779 4906 mihi
801 4854 971 4907 altare
997 4856 1366 4926 thymiamatis
1396 4874 1464 4913 ex
1486 4860 1645 4929 lignis
1672 4861 2139 4930 imputribilibus;
2165 4873 2223 4918 et

644 4942 812 4996 facies
846 4942 977 4997 illud
1007 4945 1179 4999 cubiti
1209 4945 1569 5015 longitudine,
1608 4958 1665 5004 et
1692 4950 1862 5004 cubiti
1889 4950 2213 5017 latitudine;

645 5031 968 5101 quadratum
995 5035 1120 5099 erit,
1162 5041 1218 5088 et
1250 5034 1485 5090 duorum
1539 5039 1851 5094 cubitorum
1903 5041 2213 5096 altitudine.

647 5124 725 5180 Ex
759 5125 876 5194 ipso
904 5134 1067 5181 erunt
1090 5141 1296 5181 cornua
1327 5129 1447 5198 ejus
1479 5147 1491 5182 :
1524 5137 1581 5183 et
1608 5131 1890 5188 inaurabis
1926 5134 2061 5188 illud
2083 5151 2220 5189 auro

648 5231 807 5285 puro,
841 5218 1161 5274 craticulam
1204 5221 1341 5290 ejus,
1372 5228 1429 5275 et
1460 5221 1700 5290 parietes
1722 5226 1843 5295 ejus
1871 5225 2220 5297 circumqua-

647 5317 774 5371 que,
795 5313 853 5361 et
883 5320 1090 5362 cornua
1112 5308 1231 5380 ejus
1252 5308 1320 5363 “.
1352 5328 1370 5361 ›
1417 5309 1661 5380 Cumque
1697 5313 1775 5369 illi
1796 5313 2010 5381 amites,
2043 5324 2099 5371 et
2116 5316 2224 5371 cir-

2310 3236 2404 3289 καὶ
2437 3235 2722 3298 ἀναθέντος
2751 3236 2979 3289 ἑκάστου
3024 3236 3086 3288 τὸ
3127 3237 3185 3289 ὲν
3208 3237 3383 3308 χερσί.
3426 3238 3613 3291 Δεκτοὶ
3640 3238 3756 3309 γὰρ
3775 3237 3883 3290 λίαν

2310 3328 2388 3388 είς
2407 3326 2560 3390 δόξαν
2584 3325 2715 3378 Θεοῦ
2734 3327 2826 3379 καὶ
2849 3327 3079 3397 Πατρῦς,
3096 3330 3143 3381 οῖ
3156 3328 3625 3401 καρποφοροῦντες
3645 3330 3689 3382 Χ
3702 3328 3882 3400 ριστῷ,

2311 3417 2408 3469 καὶ
2441 3415 2775 3488 δωροφορίας
2818 3419 3184 3489 προσάγοντες
3228 3419 3328 3482 τὰς
3368 3420 3784 3490 πνευματικὰς,
3816 3413 3885 3473 ὧν

2310 3501 2449 3577 ἦσαν
2481 3509 2676 3561 ἐκεῖνοι
2701 3507 2861 3562 τύποι
2896 3510 2988 3563 καὶ
3022 3510 3191 3563 σκιαί.
3224 3511 3334 3581 Τῆς
3363 3511 3419 3564 δὲ
3450 3512 3588 3564 κατὰ
3611 3511 3780 3583 νόμον
3801 3512 3887 3564 λα·

2311 3598 2497 3669 τρείας
2519 3598 2579 3651 τὸ
2602 3599 3004 3676 θυσιαστήριον,
3037 3600 3386 3672 παροξυσμοῦ
3433 3603 3527 3657 καὶ
3556 3604 3883 3674 ἀντιλογίας,

2314 3685 2410 3738 καὶ
2438 3686 2501 3739 ἵν’
2540 3686 2710 3750 οὓτως
2740 3689 2875 3741 εἴπω
2903 3688 3107 3752 λοιπὸν,
3143 3689 3455 3760 άντάρσεως
3498 3694 3596 3762 τῆς
3631 3692 3761 3746 καθ’
3815 3693 3885 3744 ίε-

2318 3776 2455 3845 ρέως
2481 3775 2574 3830 τοῦ
2595 3778 2826 3849 μεγάλου
2846 3780 3238 3851 γεγενημένης,
3266 3781 3425 3834 οἱονεί
3443 3799 3561 3846 πως
3589 3784 3887 3854 ὑπόμνημα

2315 3869 2409 3923 καὶ
2430 3870 2901 3942 προαναφώνησις,
2934 3874 2993 3924 ὲν
3030 3874 3166 3943 αὐτῇ
3198 3873 3426 3943 κειμένη
3454 3876 3518 3946 τῇ
3554 3877 3885 3946 κατασκευῇ,

2319 3962 2595 4033 μυστικῶς
2625 3979 2683 4015 τε
2716 3964 2809 4016 καὶ
2838 3964 3194 4034 οἰκονομικῶς
3235 3965 3580 4036 σημαίνεται.
3625 3964 3780 4039 *Δρά
3812 3982 3888 4020 σοι

2318 4053 2487 4121 σαφὲς
2508 4052 2569 4105 τὸ
2591 4053 2822 4123 αἴνιγμα
2844 4070 2859 4119 ;
2889 4052 3126 4126 Χριστοῦ
3156 4054 3266 4126 γὰρ
3290 4057 3372 4119 είς
3398 4056 3566 4109 τύπον
3585 4057 3614 4110 ὁ
3656 4057 3886 4129 ’Λαρών-

2317 4143 2795 4212 πεφιλονεικήκασι
2834 4143 2890 4196 δὲ
2932 4146 2997 4215 τῇ
3029 4145 3122 4198 τοῦ
3166 4145 3402 4217 Χριστοῦ
3441 4146 3564 4218 δόξῃ
3605 4147 3700 4200 καὶ
3760 4149 3886 4201 Ἰου-

2315 4235 2474 4300 δαῖοι,
2499 4234 2594 4288 καὶ
2615 4233 2950 4304 ἀντιλέγεται
2974 4235 3060 4289 διὰ
3085 4235 3242 4291 τοῦτο
3261 4238 3322 4290 τὸ
3350 4237 3491 4291 κατὰ.
3516 4238 3681 4307 νόμον
3705 4240 3889 4292 θυσια-

2320 4326 2557 4393 στήριον.
2612 4323 2896 4376 Πέπαυται
2945 4325 3050 4396 γὰρ
3102 4327 3135 4396 ή
3183 4325 3258 4388 ὡς
3307 4327 3365 4378 ὲν
3416 4329 3595 4390 σκιαῖς
3642 4326 3885 4399 λατρεία·

2242 4450 2288 4506 D
2318 4417 2414 4469 καὶ
2437 4417 2495 4468 ὲν
2530 4415 2751 4486 Χριστῷ
2776 4415 2839 4488 δὴ
2867 4416 3065 4486 μᾶλλον
3096 4417 3457 4488 εὐωδιάζομεν
3484 4417 3562 4487 τῷ
3587 4418 3764 4489 Πατρὶ
3794 4417 3891 4488 τὴν

2317 4508 2513 4578 νοητὴν
2541 4506 2801 4577 εὐοσμίαν
2821 4526 2834 4538 ·
2860 4509 2955 4563 καὶ
2978 4509 3134 4562 τοῦτο
3169 4512 3300 4579 ἡμῖν
3330 4511 3405 4572 ὼς
3432 4513 3490 4563 ὲν
3524 4512 3702 4575 σκιαῖς
3731 4510 3889 4565 πάλιν

2319 4596 2618 4661 ὕπετύπου,
2642 4596 2839 4666 λέγων·
2863 4616 2882 4649 ι
2903 4598 3012 4652 Kal
3033 4600 3277 4670 ποιήσεις
3298 4617 3387 4670 μοι
3408 4601 3791 4674 θυσιαστήριον
3808 4600 3892 4653 θυ-

2321 4685 2593 4757 μιάματος
2625 4687 2690 4739 ὲκ
2728 4684 2900 4751 ξύλων
2923 4687 3204 4759 άσήπτων,
3234 4691 3327 4744 καὶ
3360 4693 3607 4763 ποιήσεις
3633 4691 3765 4745 αὐτὸ
3796 4693 3892 4761 πή-

2319 4793 2458 4847 χεως
2498 4776 2559 4829 τὸ
2607 4776 2809 4846 μῆκος,
2857 4778 2953 4829 καὶ
2981 4779 3200 4848 πήχεως
3229 4779 3289 4832 τὸ
3338 4776 3512 4851 εὖροςο
3555 4780 3890 4848 τετράγωνον

2319 4866 2494 4929 ἔσται,
2524 4867 2617 4920 καὶ
2652 4866 2744 4919 δύο
2773 4869 2992 4938 πήχεων
3030 4870 3091 4922 τὸ
3120 4868 3273 4939 ὕψος.
3318 4871 3408 4935 Ἐξ
3434 4870 3599 4923 αὑτοῦ
3643 4871 3797 4924 ἔσται
3825 4870 3893 4923 τά

2323 4958 2528 5028 κέρατα
2562 4957 2749 5020 αὑτοῦ,
2782 4960 2875 5011 καὶ
2901 4961 3345 5032 καταχρυσώσεις
3383 4962 3515 5015 αὐτὸ
3554 4962 3759 5033 χρυσίῳ
3797 4977 3894 5013 κα·

2325 5047 2494 5119 θαρῷ,
2527 5047 2625 5117 τὴν
2672 5047 2910 5119 ἐσχάραν
2940 5049 3106 5102 αὑτοῦ
3127 5090 3141 5116 ,
3186 5050 3281 5104 καὶ
3316 5054 3442 5115 τοὺς
3477 5053 3690 5121 τοίχους
3727 5047 3892 5105 αὑτοῦ

2326 5137 2529 5208 κύκλῳ,
2550 5138 2642 5191 καὶ
2661 5137 2730 5190 τὰ
2753 5139 2959 5210 κέρατα
2989 5139 3174 5193 αὑτοῦ.
3201 5160 3219 5193 ι
3254 5141 3532 5205 Σκυτάλας
3551 5142 3607 5195 δὲ
3627 5139 3774 5211 αὐτῷ
3802 5139 3893 5195 καὶ

2326 5228 2584 5300 κρίκους,
2627 5232 2720 5285 καὶ
2747 5231 3074 5303 ἀναφορέας,
3112 5233 3276 5305 ἕτερά
3314 5251 3373 5288 τε
3411 5235 3634 5289 τοιαῦτα
3667 5246 3890 5303 προστε-

2329 5317 2544 5387 θεικὼς,
2564 5322 2656 5375 καὶ
2679 5322 2865 5393 θήσεις
2880 5320 3033 5386 αὐτὸ,
3054 5323 3238 5393 φησὶν,
3259 5347 3278 5382 ι
3300 5328 3518 5381 Ἔναντι
3540 5324 3636 5378 τοῦ
3657 5335 3894 5377 καταπε-

715 5456 757 5487 ⁸⁷
779 5456 940 5512 Num.
971 5474 1081 5525 xvr,
1132 5460 1159 5513 1
1190 5475 1342 5530 seqq.
1419 5460 1464 5493 ³³
1488 5460 1648 5529 lbid.,
1677 5462 1768 5530 57,
1791 5463 1879 5517 58.
1956 5464 2000 5496 ³⁸
2030 5463 2201 5521 Exod.

2310 5483 2425 5535 rvn,
2455 5469 2542 5526 25.
2621 5431 2861 5531 “Exod.
2897 5493 3021 5545 ιιι,
3048 5480 3166 5535 1-5.

707 5626 795 5752 .9)
836 5630 1030 5684 Mirum
1082 5639 1356 5715 quomodo
1401 5640 1483 5722 de_
1525 5642 1672 5722 tribu
1711 5642 1823 5696 Dan
1857 5642 1957 5697 fuis

654 5698 724 5752 tri
767 5712 801 5752 u
831 5697 1002 5752 Juda:
1032 5716 1242 5752 socium
1276 5724 1406 5752 νριιη
1437 5725 1557 5752 mm
1584 5712 1740 5752 mmh
1794 5712 1861 5752 (In
1891 5714 1957 5752 ηε

638 5697 801 5771 tribu
831 5697 1002 5768 Juda;
1032 5697 1242 5758 socium
1276 5724 1406 5762 vero
1437 5712 1557 5781 ejus
1584 5712 1761 5778 Eliab,
1794 5712 1861 5767 de
1891 5714 2039 5768 tribu
2065 5697 2201 5769 Dari.

1082 5639 2025 5730 qu‘omodoudefut‘ri'l‘mPanfuisse
2064 5644 2212 5730 dicat
2252 5648 2513 5717 Bcselccl,
2549 5672 2712 5725 quem
2758 5658 3040 5730 Scriptura
3074 5661 3359 5718 manifeste
3420 5663 3555 5718 dicit
3602 5660 3766 5716 fuisse
3840 5656 3905 5711 de
