4142 6296
396 352 498 408 ϐῑτ

1098 352 1185 411 DE
1224 354 1664 415 ADORATIONE
1700 358 1765 416 IN
1810 360 2079 421 SPIRITU
2117 367 2206 422 ET
2247 368 2618 431 VERITATE.
2659 377 2786 436 LIB.
2826 383 2915 436 IX.

3549 392 3653 449 6I8

395 465 676 537 τάσματος
699 466 792 519 τοῦ
820 466 967 531 ὄντος
997 467 1089 522 ἐπὶ
1117 473 1218 542 τῆς
1245 473 1478 527 κιϐωτοῦ
1510 475 1607 529 τοῦ
1645 481 1946 553 μαρτυρίου

2074 488 2246 551 culos,
2277 498 2334 545 et
2360 504 2565 560 vectes,
2599 505 2655 552 et
2680 508 2875 556 caetera
2898 502 3167 573 ejusmodi
3196 505 3508 576 adjecisset,
3539 512 3648 566 ait:

398 562 458 612 ἐν
505 554 590 620 οἷς
642 556 1030 629 γνωσθήσομαί
1076 577 1159 614 σοι
1202 563 1317 616 ἐκεῖ

394 651 483 702 ἐπ’
509 648 674 701 αὐτοῦ
712 646 923 719 Ἀαρὼν
950 648 1203 723 θυμίαμα
1232 654 1484 709 σύνθετον
1506 657 1699 712 λεπτὸν
1720 660 1780 713 τὸ
1807 662 1970 733 πρωῒ,

394 738 578 806 πρωΐ·
611 737 742 789 ὃταν
788 738 1083 812 ἐπισκιάξῃ
1124 743 1252 806 τοὺς
1288 743 1547 815 λύχνους,
1591 747 1842 820 θυμιάσει
1885 753 1971 806 ἐπ’

390 825 578 878 αὐτοῦ.
609 827 718 880 Καὶ
738 828 871 881 ὅταν
894 829 1104 903 ἐξάπτῃ
1141 831 1349 905 Ἀαρὼν
1365 835 1490 900 τοὺς
1518 834 1742 907 λύχνους
1771 840 1833 893 τὸ
1850 842 1968 911 ὀψὲ,

1375 563 1528 630 Θεός·
1583 572 1676 623 καὶ
1721 573 1949 641 θυμιάσε

2085 595 2103 626 ε
2135 577 2203 631 Ει
2227 594 2397 648 pones
2422 584 2557 641 illud
2578 596 2768 644 contra
2802 563 2983 646 velum
3011 594 3157 663 quod
3182 563 3453 668 est-super
3469 615 3651 655 arcam

2079 668 2538 740 testimoniorum,
2564 677 2620 731 in
2644 680 2847 749 quibus
2865 696 3161 753 cognoscar
3180 701 3209 741 a
3239 693 3290 741 te
3313 687 3440 744 inde
3464 690 3608 745 Deus
3633 708 3647 744 :

2072 766 2132 812 et
2185 760 2442 819 incendet
2480 782 2645 837 super
2673 770 2794 840 ipso
2831 773 3013 828 Aaron
3046 775 3329 832 incensum
3372 780 3647 850 composi-

2074 857 2189 903 tum
2218 862 2379 908 tenue
2406 872 2587 921 mane,
2632 875 2827 927 mane;
2876 877 2998 917 cum
3047 874 3339 935 componet
3370 867 3644 934 lucernas,

388 916 651 986 θυμιάσει
679 919 763 972 ἐπ’
801 919 968 973 αὑτοῦ
1005 921 1257 994 θυμίαμα
1296 927 1674 1001 ἐνδελεχισμοῦ
1708 928 1797 985 διὰ
1837 949 1949 987 παν

2071 941 2314 998 adolebit
2340 961 2505 1016 super
2528 948 2665 1018 ipso.
2697 951 2765 1004 Et
2795 966 2918 1006 cum
2953 916 3213 1009 accendert
3249 955 3433 1011 Aaron
3463 957 3649 1013 lucer—

387 1005 483 1069 τὸς
514 1006 694 1061 ἔναντι
743 1008 950 1079 Κυρίου
984 1012 1064 1074 είς
1099 1013 1197 1077 τὰς
1234 1016 1430 1083 γενεὰς
1477 1018 1676 1073 αὐτῶν.
1717 1021 1829 1074 Καὶ

312 1133 330 1151 .
391 1098 629 1162 ἀνοίσεις
659 1100 743 1152 ἐπ’
774 1100 923 1172 αὐτῷ
945 1101 1191 1175 θυμίαμα
1214 1106 1420 1179 ἕτερον’
1448 1110 1725 1182 κάρπωμα
1757 1112 1966 1182 θυσίας,

392 1190 488 1243 καὶ
523 1190 749 1262 σπονδὴν
780 1191 841 1244 οὐ
876 1193 1117 1259 σπείσεις
1163 1198 1251 1251 ἐπ’
1293 1199 1480 1255 αὐτοῦ.
1525 1204 1634 1255 Καὶ⁸
1663 1204 1966 1271 ἐξιλάσεται

391 1281 479 1332 ἐπ’
507 1279 671 1334 αὑτοῦ
725 1280 934 1352 Ἀαρὼν
960 1286 1052 1339 ἐπὶ
1077 1287 1184 1341 τῶν
1210 1290 1459 1363 κεράτων
1481 1294 1668 1361 αὑτοῦ,
1701 1297 1848 1362 ἆπαξ
1871 1298 1963 1351 τοῦ

390 1372 637 1426 ἐνιαυτοῦ
667 1373 774 1426 ἀπὸ
800 1374 892 1428 τοῦ
922 1377 1153 1448 αἵματος
1180 1382 1274 1434 τοῦ
1293 1382 1635 1456 καθαρισμοῦ
1653 1387 1762 1443 τῶν
1790 1392 1966 1462 ἁμαρ·

388 1462 521 1516 τιῶν
539 1462 635 1517 τοῦ
652 1464 966 1537 ἐξιλασμοῦ.
984 1467 1166 1536 Ἀπαξ
1187 1472 1281 1526 τοῦ
1302 1475 1550 1530 ἐνιαυτοῦ
1570 1479 1821 1552 καθαριεῖ
1834 1481 1965 1534 αὐτὸ

390 1554 472 1617 είς
512 1555 611 1618 τὰς
652 1557 842 1626 γενεὰς
875 1559 1075 1614 αὐτῶν
1107 1562 1297 1633 ’Λγιον
1337 1568 1446 1621 τῶν
1496 1570 1667 1639 ἁγίων
1719 1573 1836 1626 ἐστὶ
1883 1574 1963 1646 τῷ

391 1642 600 1714 Κυρίῳ.
645 1662 665 1696 ι
746 1668 755 1687 ·-

458 1736 664 1790 ΠΔΛΔ.
694 1737 789 1802 Et;
822 1739 991 1794 τύπον
1022 1741 1130 1813 ἄρα
1163 1744 1397 1815 Χριστοῦ
1431 1748 1524 1801 καὶ
1577 1749 1735 1803 τοῦτο
1786 1769 1959 1824 παρα-

382 1824 644 1898 δεξόμεθα
665 1846 680 1896 ;

378 2003 462 2057 ὅτι
492 2005 553 2058 τὸ
579 2008 767 2078 χρῆμά
796 2009 933 2076 ἐστι,
960 2011 1021 2066 τὸ
1047 2013 1224 2084 τίμιον
1252 2018 1415 2071 αὐτοῦ
1442 2020 1537 2072 καὶ
1576 2020 1708 2091 βαθὺ
1749 2003 1954 2099 μυστη-

382 2111 497 2164 ριον
517 2097 850 2171 ἐνδείξ[ει]εν
879 2100 945 2155 ἂν
962 2103 1053 2156 καὶ
1068 2104 1214 2174 μάλα
1237 2108 1432 2178 ῥᾳδίως
1448 2114 1557 2175 τοῖς
1574 2128 1637 2180 γε
1658 2097 1952 2187 ᾑρημένοις

379 2184 447 2240 τὰ
489 2188 665 2242 τοιάδε
700 2191 1177 2267 πολυπραγμονεῖν
1227 2197 1426 2270 ἰσχνῶς
1462 2220 1523 2256 τε
1566 2184 1954 2283 καὶκατερῤι-

376 2277 644 2348 νημὲνως.
681 2283 956 2355 Πεποίητο
995 2287 1095 2357 μὲν
1151 2288 1258 2360 γὰρ
1318 2294 1383 2345 ἐκ
1435 2292 1608 2361 ξύλων
1660 2277 1941 2369 ἀσήπτων,

374 2369 561 2440 χρυσῷ
583 2369 640 2422 δὲ
668 2370 789 2426 ὅλον
816 2374 1178 2450 ἀλήλΙεῙιπτο.
1198 2381 1543 2456 Ἀδιάφθορον
1575 2386 1682 2460 γὰρ
1706 2389 1766 2442 τὸ
1793 2391 1949 2463 σῶμα

374 2461 634 2531 Χριστοῦ,
677 2466 770 2518 καὶ
797 2465 960 2536 φύσιν
1014 2470 1072 2524 ἐν
1100 2472 1278 2544 ἐαυτῷ
1309 2475 1408 2545 τὴν
1445 2475 1596 2531 θείαν
1640 2461 1948 2536 καταπλου-

385 2550 537 2604 τοῦν·
576 2572 595 2604 ι
633 2555 827 2623 Γέγονε
854 2558 964 2629 γὰρ
997 2559 1133 2630 σὰρξ
1160 2564 1187 2615 6
1211 2563 1402 2632 Λόγος,
1435 2567 1531 2621 καὶ
1555 2568 1863 2642 ἐσκήνωσεν
1890 2576 1949 2629 ἐν

379 2641 533 2710 ἡμῖν.
577 2660 597 2694 ι
651 2643 893 2718 Ἀπαρχὴ
939 2648 997 2700 δὲ
1023 2650 1181 2721 ἡμῶν
1207 2653 1235 2705 6
1271 2654 1525 2723 Χριστὸς,
1554 2658 1648 2711 καὶ
1677 2641 1801 2729 ῥίζα
1849 2661 1946 2717 τοῦ

379 2730 573 2799 γένους
633 2735 1057 2809 ἁνακτιζομένου
1127 2742 1265 2814 πρὸς
1329 2745 1636 2817 ἀφθαρσίαν
1691 2750 1778 2806 διὰ
1847 2753 1944 2826 τῆς

378 2824 514 2894 πρὸς
537 2824 667 2879 Θεὸν
698 2827 964 2899 ἐνώσεως,
995 2833 1045 2885 εί
1095 2835 1188 2887 καὶ
1233 2835 1524 2906 ἐξαιρέτως
1558 2841 1646 2894 ἐπ’
1678 2843 1842 2898 αὑτοῦ

372 2918 560 2987 χρῆμα
587 2922 779 2974 νοοῖτο.
812 2922 1037 2994 Κέρατα
1058 2924 1113 2978 δὲ
1147 2925 1224 2997 τῷ
1254 2926 1642 3003 θυσιαστηρίῳ,
1672 2936 1764 2989 καὶ
1781 2936 1943 2991 οίονεὶ

370 3008 553 3077 χεῖρες
588 3008 1087 3083 ἐκπεπετασμέναι,
1124 3017 1337 3071 καὶτοῦ
1374 3021 1554 3091 τιμίου
1599 3026 1832 3098 σταυροῦ
1881 3029 1943 3082 τὸ

372 3097 560 3168 σχῆμα
602 3104 1139 3172 προαναπλάττοντα.
1183 3110 1247 3162 ΕΞ
1272 3110 1328 3164 δὲ
1359 3112 1421 3183 δὴ
1476 3115 1713 3189 τέτταρά
1738 3097 1821 3183 τις
1867 3116 1943 3174 εἷ-

367 3204 457 3241 ναι
480 3189 628 3259 λέγοι
666 3193 735 3247 τὰ
778 3195 1008 3269 κέρατα,
1056 3199 1278 3254 ἀδικοῦν
1309 3204 1482 3272 οὐδὲν,
1514 3208 1593 3271 sf;
1622 3225 1685 3276 γε
1717 3209 1777 3263 τὸ
1804 3215 1943 3266 νοεῖν

364 3278 541 3352 ὀρθῶς
558 3282 648 3337 τὸν
665 3285 956 3360 φιλομαθῆ.
977 3291 1328 3363 Τετραγὼνου
1354 3313 1412 3348 τε
1433 3297 1542 3368 γὰρ
1570 3300 1664 3352 καὶ
1692 3302 1943 3357 ἰσοπλεύ-

367 3385 464 3438 ρου
525 3375 772 3446 πανταχῆ
818 3376 911 3430 τοῦ
963 3378 1346 3454 θυσιαστηρίου
1393 3387 1749 3456 τυγχάνοντος
1780 3431 1794 3455 ,
1853 3394 1939 3465 ίση

367 3463 707 3534 πανταχόθεν
762 3466 871 3521 τῶν
932 3471 1238 3544 κεράτωνὴ
1278 3474 1376 3527 θέα
1400 3491 1414 3506 ·
1447 3478 1540 3530 καὶ
1587 3479 1669 3544 τίς
1728 3484 1757 3534 6
1791 3463 1941 3537 τοῦδε

365 3548 552 3619 λόγος;
582 3555 640 3607 ἐν
670 3557 831 3610 παντὶ
855 3557 962 3630 γὰρ
990 3561 1140 3633 τόπῳ
1171 3564 1405 3635 Χριστὸς
1448 3570 1793 3639 γινώσκεται,
1848 3577 1941 3628 καὶ¹

366 3638 523 3706 οὗτος
560 3645 1003 3720 ἐσταυρωμένος
1060 3653 1286 3726 αὔχημα
1362 3657 1420 3712 δὲ
1487 3662 1646 3716 τοῦτο
1689 3665 1941 3737 λαμπρὸν

362 3737 478 3797 τοῖς
507 3736 851 3792 πιστεύουσιν
894 3742 974 3804 είς
1007 3743 1193 3798 αὐτόν.
1250 3746 1360 3799 Καὶ
1405 3749 1537 3816 γοῦν
1577 3754 1607 3804 6
1656 3736 1941 3820 θεσπέσιος

362 3819 601 3887 Παῦλος,
636 3822 657 3875 ‘c
698 3826 852 3896 Ἐμοὶ
873 3828 930 3880 δὲ
960 3829 1034 3899 μὴ
1059 3831 1266 3898 γένοιτο
1298 3838 1622 3905 καυχᾶσθαι,
1668 3842 1716 3893 εί
1753 3842 1828 3914 μὴ
1880 3819 1939 3897 ἐν

360 3910 444 3982 τῷ
484 3915 698 3987 σταυρῷ
723 3917 815 3970 τοῦ
842 3920 1101 3989 Χριστοῦ,
1136 3922 1202 3976 δι’
1259 3918 1319 3979 οὗ
1349 3927 1473 3996 ἐμοὶ
1500 3929 1702 4000 κόσμος
1743 3910 1937 3988 ἐσταύ-

367 4019 561 4072 ρωται,
592 4006 752 4075 κάγὼ
785 4009 860 4078 τῷ
887 4011 1095 4082 κόσμῳ.
1126 4033 1144 4065 ι
1186 4016 1512 4087 Πρόσκειται
1541 4022 1597 4076 δὲ
1626 4023 1706 4095 τῷ
1745 4028 1938 4098 τεχνή-

364 4111 516 4164 ματι,
551 4097 619 4150 τὰ
654 4099 908 4154 τελοῦντα
941 4104 1077 4175 πρὸς
1114 4107 1338 4179 κόσμον,
1385 4113 1622 4187 στεφάνη
1669 4097 1932 4192 crpuit-{j-

362 4185 460 4236 καὶ
505 4186 610 4257 γάρ
645 4189 790 4242 ἐστιν
815 4192 1028 4263 ἀληθῶς
1068 4214 1085 4246 ι
1124 4197 1335 4269 Ὠραῖος
1369 4204 1553 4259 κάλλει
1597 4185 1750 4279 stupet
1806 4185 1934 4276 τοὺς

362 4271 515 4335 υίοὺς
543 4273 649 4326 τῶν
683 4276 983 4345 ἀνθρώπων
1012 4300 1031 4333 ι
1068 4286 1095 4335 6
1135 4286 1502 4363 Ἐμμανουήλ.
1545 4271 1933 4368 Ἐπενήνεκται

359 4361 422 4415 δὲ
477 4365 572 4417 καὶ
610 4365 680 4419 τὰ
724 4368 805 4430 είς
842 4371 1031 4440 χρείαν
1077 4377 1246 4445 αὐτῷ,
1296 4384 1345 4433 οἱ
1397 4361 1685 4458 ἀναφορεῖς
1728 4361 1796 4443 ’τε
1840 4395 1935 4446 καὶ

359 4452 433 4506 τὰ
473 4452 653 4510 λοιπά,
692 4458 958 4530 Φέρεσθαι
993 4464 1100 4534 γὰρ
1132 4468 1189 4520 ὲν
1239 4471 1425 4541 κόσμῳ
1475 4452 1618 4530 κατὰ
1652 4481 1777 4544 τοὺς
1825 4484 1934 4536 τῶν
1967 4487 2010 4540 Ι)

359 4542 703 4609 ἀναζεύξεων
750 4550 975 4619 καιροὺς
1042 4551 1104 4604 τὸ
1175 4555 1315 4611 θεῖον
1378 4560 1483 4613 ἔδει
1532 4542 1933 4639 θυσιαστηριον.

363 4633 578 4704 Ἔδρων
611 4636 665 4688 δὲ
695 4638 852 4691 τοῦτο
880 4641 973 4693 καὶ
1002 4644 1050 4695 οἱ
1100 4644 1374 4702 θεσπέσιοι
1406 4652 1668 4723 μαθηταὶ,
1702 4633 1934 4728 Χριστὸν

361 4726 752 4796 περιφέροντες
803 4731 891 4785 διὰ
935 4733 1027 4786 τοῦ
1076 4739 1431 4810 κηρύγματος
1483 4726 1832 4817 εὐσχημόνως
1875 4770 1934 4805 τε

360 4815 458 4868 καὶ
514 4818 655 4871 κατὰ
703 4821 875 4887 τάξιν,
923 4824 998 4889 ὡς
1053 4830 1189 4882 Θεοῦ
1227 4831 1462 4887 διάκονοι
1519 4837 1610 4888 καὶ
1666 4841 1934 4910 οἰκονόμοι

360 4910 678 4977 μυστηρίων
704 4912 958 4979 Χριστοῦ.
995 4937 1010 4967 ι
1043 4918 1238 4990 Θήσεις
1265 4921 1342 4986 δὲ,
1367 4942 1385 4974 ι
1412 4925 1564 4996 φησὶ,
1601 4944 1619 4978 ι
1654 4928 1717 4980 τὸ
1747 4930 1930 4984 θυσια-

356 4998 584 5067 στήριον
616 5001 874 5057 ἀπέναντι
898 5007 991 5059 τοῦ
1015 5012 1498 5084 καταπετάσματος
1523 5017 1613 5071 τοῦ
1652 5020 1803 5083 ὄντος
1839 5024 1931 5075 ἐπὶ

352 5089 458 5159 τῆς
506 5091 737 5146 κιϐωτοῦ
780 5097 888 5149 τῶν
943 5105 1256 5175 μαρτυρίων
1317 5109 1375 5160 ὲν
1420 5104 1502 5176 οἷς
1545 5113 1931 5186 γνωσθήσομαί

353 5195 442 5232 σοι
467 5182 691 5239 ἐκεῖθεν.
734 5206 755 5238 ι

428 5272 636 5330 ΠΑΛΛ.
682 5274 816 5332 Εἶτα
857 5280 911 5336 τί
942 5282 1002 5334 τὸ
1034 5283 1323 5352 ἀναγκαῖον
1360 5289 1452 5342 καὶ
1490 5291 1680 5363 χώρων
1719 5297 1898 5354 αὐτῶν

350 5351 530 5426 οἶμαι,
569 5362 677 5416 τῶν
712 5369 1057 5438 τεταγμένων
1077 5389 1090 5437 ;

590 5816 865 5882 ΡΑΤΙιΟΙ..
911 5827 1023 5887 GR.
1068 5834 1315 5894 LXl'ilI.

1870 1023 1970 1077 οὐκ
2069 1039 2417 1106 nasvesperi,
2442 1039 2875 1114 incendetsuper
2898 1045 3031 1099 illud
3057 1046 3341 1101 incensum
3362 1053 3649 1107 contiuua-
3747 1046 3757 1055 ’

2073 1125 2235 1181 tionis
2262 1128 2316 1182 in
2353 1139 2679 1202 perpetuum
2704 1151 2888 1190 coram
2919 1130 3151 1194 Domino
3177 1140 3233 1194 in
3265 1145 3648 1212 generationes

2066 1233 2296 1286 eorum;
2327 1230 2383 1275 et
2411 1238 2520 1279 non
2554 1224 2802 1296 impones
2834 1243 3001 1298 super
3033 1245 3100 1285 eo
3139 1232 3422 1289 incensum
3447 1236 3595 1292 aliud
3625 1255 3640 1293 :

2067 1307 2399 1366 oblationem
2436 1313 2647 1381 hostiae,
2679 1326 2735 1373 et
2772 1319 3089 1376 Iibationem
3118 1338 3229 1377 non
3256 1324 3455 1381 lihabis
3479 1343 3645 1399 super

2067 1398 2208 1468 ipso.
2239 1401 2308 1455 Et
2335 1405 2728 1474 propitiabitur
2755 1424 2918 1480 super
2942 1412 3059 1487 ipsq
3087 1415 3264 1469 Aaron
3296 1416 3351 1471 in
3382 1420 3644 1476 cornibus

2064 1489 2203 1560 ejus,
2226 1494 2393 1546 semel
2424 1509 2523 1563 per
2550 1511 2752 1551 annum
2787 1499 2854 1554 de
2877 1501 3138 1572 sanguine
3157 1506 3491 1576 purgationis
3515 1525 3645 1579 pec—

2062 1586 2311 1666 caterum
2333 1585 2760 1656 propitiationis.
2781 1588 2961 1646 Semel
2986 1593 3041 1647 in
3059 1609 3203 1649 anno
3230 1598 3486 1669 purgabit
3504 1601 3640 1657 illud

2062 1669 2119 1725 in
2152 1677 2530 1743 generationes
2560 1696 2751 1737 eorum
2782 1683 3073 1741 :Sanctum
3104 1695 3413 1744 sanctorum
3432 1705 3515 1747 est
3535 1694 3642 1750 Do~

2061 1761 2214 1816 mino
2233 1763 2295 1816 δ’.
2332 1784 2351 1816 ι

1111 1884 1117 1890 .
1168 1917 1197 1941 τ
1866 1822 1876 1824 “
1990 1822 2029 1876 Β
2124 1848 2320 1906 PALL.
2352 1852 2411 1909 In
2440 1855 2668 1927 ﬁguram
2707 1876 2841 1933 ergo
2888 1862 3095 1922 Christi
3123 1868 3230 1925 hoc
3262 1872 3637 1942 accipiemus?

448 1916 613 1971 ΚΥΡ.
667 1919 813 1973 Πάνυ
861 1920 959 1990 μὶν
1003 1917 1117 1991 οὗν,
1162 1917 1208 1977 ὦ
1247 1926 1528 1984 Παλλάδιε.
1592 1931 1813 2002 Ἀληθές
1846 1935 1954 2009 γὰρ
2052 1940 2061 1949 ⁸

2124 1938 2282 1997 CYR.
2323 1943 2556 2002 Maxime
2582 1964 2737 2016 vero,
2762 1953 2988 2010 Palladi.
3012 1957 3149 2012 Nam
3184 1960 3237 2014 id
3263 1938 3452 2017 verum
3491 1980 3634 2031 esse,

2052 2047 2117 2087 ex
2145 2037 2405 2104 praeclaro
2426 2050 2481 2096 et
2511 2042 2731 2100 sublimi
2753 2048 2871 2119 ejus
2899 2054 3156 2123 mysterio
3185 2064 3396 2125 patere,
3427 2067 3484 2114 et
3509 2061 3634 2130 qui-

2053 2123 2176 2180 dem
2214 2126 2470 2187 facillime
2503 2137 2729 2204 poterit,
2772 2140 2816 2194 si
2856 2143 2949 2212 qui
2983 2123 3262 2201 subtiliter
3311 2158 3367 2203 et
3405 2123 3637 2207 solerter

2052 2215 2363 2288 hujusmodi
2446 2240 2535 2280 res
2605 2232 2973 2304 pervestigare
3038 2236 3331 2294 voluerint.
3408 2240 3635 2298 Factum

2051 2299 2198 2362 enim
2226 2318 2346 2365 erat
2381 2328 2450 2367 ex
2477 2316 2643 2387 lignis
2671 2299 3132 2391 imputribilibus,
3167 2337 3455 2400 totumque
3492 2348 3631 2389 auro

2051 2405 2287 2467 tectum;
2325 2401 2750 2477 incorruptibile
2785 2428 3020 2484 namque
3062 2425 3145 2472 est
3167 2417 3372 2473 Christi
3406 2437 3627 2493 corpus,

2050 2496 2109 2542 et
2152 2490 2393 2555 divinam
2443 2496 2501 2551 in
2543 2513 2601 2553 se
2639 2500 2759 2570 ipso
2791 2511 3043 2560 naturam
3087 2508 3292 2563 habet:
3334 2530 3352 2562 ι
3388 2490 3629 2570 Verbum

2049 2598 2177 2640 caro
2200 2586 2403 2644 factum
2428 2600 2532 2657 est,
2568 2603 2624 2649 et
2651 2597 2920 2653 habitavit
2950 2602 3006 2655 in
3046 2604 3281 2660 nobis“.
3321 2627 3338 2658 ι
3365 2608 3628 2666 Ριξιηὶιὶω

2046 2689 2212 2745 porro
2234 2687 2453 2747 nostrae,
2468 2691 2631 2754 atque
2648 2686 2801 2742 radix
2818 2691 2988 2745 nostri
3006 2695 3224 2762 generis
3243 2695 3496 2754 Christus
3512 2709 3623 2756 est:

2046 2769 2192 2838 quod
2221 2786 2416 2842 genus.
2456 2773 2562 2830 hoc
2586 2777 2708 2849 ipso
2745 2782 2890 2851 quod
2926 2799 3052 2838 cum
3082 2784 3194 2841 Deo
3227 2789 3481 2859 junctum
3516 2800 3624 2858 est,

2043 2862 2112 2919 ad
2134 2863 2597 2937 incorruptionem
2631 2881 2952 2943 recreatur;
2982 2878 3232 2947 quamvis
3270 2880 3326 2935 in
3356 2882 3453 2939 illo
3480 2901 3624 2955 pra:-

2044 2955 2206 3026 cipue
2237 2973 2301 3012 ea
2317 2975 2407 3014 res
2437 2961 2794 3035 intelligatur.
2833 2966 2972 3023 Sunt
3001 2971 3166 3026 etiam
3200 2974 3359 3030 altari
3394 2993 3620 3046 cornua,

2043 3063 2107 3103 ac
2123 3049 2293 3104 veluti
2330 3068 2528 3109 manus
2578 3064 2832 3123 extentae,
2869 3060 3119 3130 gloriosa:
3154 3067 3336 3122 crucis
3373 3069 3621 3126 habitum

1969 3157 2013 3214 ο
2045 3140 2475 3220 praeﬁgurantes.
2510 3143 2666 3211 Quod
2696 3148 2741 3201 si
2795 3149 2919 3217 quis
2967 3162 3203 3219 quatuor
3248 3171 3371 3211 esse
3414 3175 3620 3218 cornua

2047 3228 2264 3297 dixerit,
2316 3233 2454 3288 nihil
2482 3234 2860 3305 impedimenti
2902 3241 3150 3297 studioso
3187 3260 3253 3300 ea
3302 3262 3391 3302 res
3427 3250 3618 3317 aﬁ‘ert,

2043 3320 2335 3390 quominus
2355 3334 2502 3381 recte
2539 3327 2894 3400 intelligatur.
2926 3331 3082 3398 Nam,
3106 3349 3229 3388 cum
3269 3338 3441 3394 altare
3480 3357 3617 3411 qua-

2043 3413 2259 3468 dratum
2293 3415 2383 3481 sit,
2418 3425 2475 3472 et
2508 3420 2811 3489 aequalibus
2853 3424 3098 3494 undique
3133 3426 3420 3495 lateribus,
3454 3443 3619 3504 atque

2041 3518 2109 3557 ex
2144 3506 2294 3560 omni
2327 3517 2481 3577 parte
2501 3525 2706 3567 cornua
2731 3516 3178 3585 conspiciantur;
3199 3520 3303 3575 hoc
3328 3538 3459 3578 vero
3483 3527 3616 3595 quid

2042 3595 2344 3667 signiﬁcat?
2394 3599 2556 3672 306
2586 3619 2782 3673 nempe
2846 3607 2901 3659 in
2962 3610 3110 3663 omni
3169 3611 3290 3667 loco
3335 3614 3616 3672 Christum

2041 3689 2283 3757 agnosci,
2317 3705 2553 3761 eumque
2577 3696 2896 3751 cruciﬁxum
2923 3717 2935 3752 :
2962 3700 3014 3754 id
3043 3709 3226 3756 autem
3257 3705 3310 3758 in
3335 3722 3460 3761 cum
3493 3724 3614 3765 cre-

2040 3775 2299 3833 dentibus
2334 3780 2562 3837 illustris
2590 3792 2676 3839 est
2700 3787 2974 3857 gloriatio.
3007 3791 3197 3862 Itaque
3234 3795 3428 3853 beatus
3469 3802 3613 3858 Pau-

2039 3866 2168 3920 lus:
2210 3888 2228 3920 ι
2273 3869 2403 3924 Mihi
2453 3883 2656 3941 autem,
2692 3895 2709 3927 ι
2734 3879 2931 3948 inquit,
2991 3901 3009 3933 ι
3042 3883 3183 3939 absit
3218 3888 3463 3958 gloriari,
3504 3893 3610 3947 nisi

2039 3955 2097 4010 in
2128 3974 2291 4015 cruce
2321 3960 2546 4030 Christi,
2589 3981 2689 4035 per
2706 3983 2872 4038 quem
2896 3973 3029 4027 mihi
3059 3977 3297 4034 mundus
3320 3981 3614 4039 cruciﬁxus

2039 4055 2141 4112 est,
2200 4060 2257 4104 et
2308 4069 2410 4123 ego
2432 4058 2639 4112 mundo
2673 4059 2737 4112 ³⁸³.
2782 4080 2800 4111 ι
2833 4063 3101 4135 Adjuncta
3151 4080 3279 4126 sunt
3345 4084 3612 4142 prmterea

2038 4137 2168 4193 huic
2190 4145 2341 4211 operi
2393 4162 2514 4215 quae
2558 4148 2625 4203 ad
2677 4161 2927 4207 ornatum
2956 4159 3255 4226 pertinent,
3279 4180 3477 4233 nempe
3513 4182 3609 4220 co-

2037 4244 2171 4285 rona
2197 4235 2416 4302 tortilis;
2453 4248 2537 4291 est
2560 4240 2704 4294 enim
2730 4258 2860 4299 sane
2904 4246 3219 4305 Emmanuel
3267 4272 3286 4302 ι
3318 4254 3611 4322 ῲροίοειιε

2037 4320 2211 4376 forma
2257 4341 2368 4394 pra:
2399 4326 2524 4382 ﬁliis
2548 4330 2832 4386 hominum
2862 4335 2922 4388 ⁸⁸.
2967 4356 2985 4388 ι
3020 4339 3216 4396 Addita
3264 4320 3393 4400 sunt
3417 4348 3607 4414 etiam,

2036 4426 2155 4479 qua:
2182 4414 2248 4468 ad
2279 4417 2396 4485 ejus
2424 4433 2582 4472 usum
2618 4424 2991 4492 pertinerent,
3036 4439 3237 4497 vectes,
3282 4435 3524 4505 inquam,
3552 4452 3609 4497 et

2038 4504 2245 4573 reliqua
2274 4507 2657 4566 instrumenta.
2689 4515 2821 4569 Nam
2845 4518 3089 4575 divinum
3122 4524 3254 4580 illud
3288 4530 3475 4595 altare,
3498 4549 3608 4603 quo

2035 4599 2277 4661 tempore
2301 4595 2756 4663 proﬁciscendum
2787 4612 2923 4667 erat,
2956 4607 3214 4664 decenter
3238 4613 3367 4668 ferri
3390 4595 3608 4686 oporte-

2033 4682 2142 4735 bat.
2179 4685 2236 4738 Id
2268 4702 2399 4741 vero
2432 4688 2704 4746 faciebant
2733 4695 2876 4750 beati
2912 4698 2988 4752 illi
3020 4701 3293 4772 discipuli,
3317 4682 3443 4761 cum
3465 4727 3605 4780 pra:-

2033 4772 2269 4829 dicando
2303 4776 2582 4834 Christum
2618 4784 3118 4847 circumferebant:
3149 4794 3378 4853 honeste
3419 4772 3604 4855 autem

2031 4872 2087 4916 ct
2108 4865 2380 4933 ordinate,
2413 4871 2581 4926 utDei
2604 4876 2863 4945 ministri,
2886 4891 2941 4935 et
2970 4883 3376 4954 dispensatores
3401 4906 3605 4964 myste-

2038 4955 2246 5009 riorum
2283 4959 2485 5016 Christi
2513 4964 2578 5018 δδ.
2641 4987 2658 5017 ε
2690 4968 2865 5025 Pones
2906 4984 3088 5030 autem
3120 4979 3311 5045 altare,
3345 5002 3362 5034 ι
3402 4983 3601 5053 inquit,

2044 5054 2258 5101 «contra
2271 5050 2451 5105 velum
2477 5057 2622 5123 quod
2637 5068 2722 5114 est
2745 5077 2908 5133 super
2932 5082 3112 5122 arcam
3141 5072 3600 5139 testimoniorum,

2033 5132 2089 5187 in
2122 5137 2323 5204 quibus
2352 5157 2648 5213 cegnosear
2681 5161 2786 5206 ate
2816 5132 2950 5210 inde
2974 5157 3038 5210 η.
3076 5180 3096 5210 ι

2106 5313 2300 5407 ΡΑΙΑΫΙΑ.
2328 5316 2433 5374 Sed
2459 5323 2590 5392 quid
2616 5328 2833 5384 tandem
2873 5348 3010 5403 opus
3039 5336 3143 5393 fuit
3163 5340 3298 5399 locis
3326 5356 3478 5405 certa
3515 5368 3599 5407 ra-

2033 5403 2179 5458 tione
2213 5406 2494 5467 deﬁnitis?

2104 5743 2120 5770 ‘
2147 5743 2284 5798 Psal.
2310 5764 2451 5814 κων,
2476 5750 2529 5805 5.
2607 5754 2650 5787 ⁸⁵
2675 5755 2697 5810 I
2727 5757 2851 5816 Cor.
2884 5780 2956 5831 ιν,
2987 5764 3034 5824 I.
3109 5770 3155 5801 “
3186 5771 3356 5828 Exod.
3390 5791 3514 5839 xxx,
3540 5776 3593 5829 6-

3164 5885 3239 5949 20
