4142 6296
550 319 650 373 610

1573 310 1628 365 S.
1662 308 1937 365 CYRILLI
1976 300 2443 360 Αιεχικυιιικι
2474 300 2793 356 ARCHIEP.

3693 272 3815 345 (ἥθ’

550 431 643 499 qui
669 427 800 497 ipsis
823 439 1039 494 quoque
1063 422 1219 477 caecis
1235 421 1557 491 sapientiam
1584 421 1793 474 tribuit.
1835 421 2025 472 Arcam
2049 432 2116 471 ex

2234 414 2339 473 ξοὺς
2384 410 2634 480 τυφλούς.
2670 407 2915 461 Κιϐωτὺν
2944 405 3190 474 γενέσθαι
3221 406 3284 457 ὲκ
3324 402 3494 467 ξύλων
3539 399 3801 470 ἁσήπτων

552 520 711 589 lignis
737 514 1188 586 imputribilibus,
1212 523 1266 566 et
1279 527 1414 566 auro
1438 510 1643 565 mundo
1664 511 1863 565 factam
1887 524 2006 563 esse
2020 507 2117 561 ait:

554 611 609 663 in
632 623 735 677 qua
757 607 840 661 lex
856 612 998 669 erat,
1029 604 1083 663 id
1111 612 1217 668 est,
1245 596 1468 657 divinus
1491 617 1692 666 sermo,
1732 616 1828 655 seu
1874 600 2121 654 testimo-

555 701 664 754 nia.
690 698 892 767 Figura
914 696 1119 765 quippe
1143 709 1207 748 ea
1231 710 1320 748 res
1340 702 1461 748 erat
1487 692 1656 748 Verbi
1679 708 1746 747 ex
1783 692 1895 746 Deo
1930 689 2121 760 geniti,

549 789 693 861 quod
739 787 1009 842 habitavit
1046 786 1101 839 in
1136 785 1317 852 nobis,
1349 793 1404 838 et
1435 784 1491 837 in
1536 783 1721 837 carnis
1762 781 2123 836 similitudine

548 882 752 935 factum
785 889 889 943 est,
920 887 979 932 ut
1021 876 1320 947 Scriptum
1355 883 1649 930 testantur.
1698 876 1907 930 Deinde
1942 877 2123 930 velum

550 969 822 1040 quoddam
850 968 906 1022 in
933 976 1168 1038 quatuor
1193 965 1464 1021 columnis
1499 982 1798 1036 expansum
1832 982 1996 1035 supra
2028 981 2124 1019 ar-

552 1077 667 1115 cam
692 1059 932 1130 pendere
950 1059 1133 1128 jussit,
1163 1058 1328 1128 idque
1353 1060 1534 1115 velum
1559 1059 2002 1129 propitiatorium
2026 1073 2115 1126 ap—

553 1150 876 1221 pellabatur.
898 1148 1053 1215 Quod
1079 1150 1246 1205 etiam
1286 1150 1564 1205 Christum
1590 1149 1857 1221 signiﬁcat
1881 1167 1894 1201 :
1922 1168 1952 1205 η(
1988 1148 2125 1202 Nam

554 1244 668 1313 ipse
692 1249 774 1298 est
795 1241 1089 1311 propitatio
1112 1257 1214 1310 pro
1244 1242 1481 1311 peccatis
1506 1241 1709 1296 nostris
1738 1241 1777 1272 ’⁸⁷
1809 1281 1822 1305 ,
1847 1248 1903 1294 et
1936 1239 2125 1309 propi-

555 1334 832 1388 tiatorium
856 1350 954 1404 per
979 1332 1141 1387 ﬁdem
1173 1351 1185 1386 :
1220 1353 1236 1384 ι
1268 1333 1348 1388 sic
1382 1334 1695 1388 enimillum
1719 1333 1920 1388 Paulus
1943 1332 2128 1402 appel-

554 1423 687 1478 lavit
710 1423 773 1476 δθ.
803 1422 1026 1491 Depicta
1057 1436 1224 1491 porro
1251 1430 1403 1475 erant
1426 1463 1440 1486 ,
1465 1438 1527 1477 ac
1561 1421 1731 1476 veluti
1756 1420 1961 1475 circum
2000 1435 2128 1488 pro-

554 1512 887 1583 pitiatorium
931 1510 1250 1575 Cherubim,
1288 1526 1407 1580 quae
1443 1526 1821 1581 supremarum
1859 1509 2125 1564 virtutum

554 1603 896 1667 servitutem,
950 1618 1113 1672 quam
1163 1603 1274 1657 Deo
1311 1602 1574 1657 exhibent
1621 1604 1790 1674 (Deus
1839 1601 1988 1656 enim
2041 1608 2127 1656 est

554 1692 819 1763 Verbum)
852 1693 958 1746 hoc
992 1691 1130 1762 ipso,
1161 1692 1310 1762 quod
1347 1708 1515 1763 prope
1556 1701 1705 1757 sunt,
1750 1700 1914 1761 atque
1957 1691 2124 1746 etiam

2224 504 2316 555 καὶ
2345 501 2567 573 χρυσίου
2601 498 2861 569 καθαροῦ,
2902 497 3055 566 φησι,
3089 496 3181 548 καὶ
3221 490 3288 563 ἦν
3310 495 3338 545 6
3369 492 3529 562 νόμος
3554 492 3611 543 tv
3637 491 3798 560 αὐτῇ,

2222 594 2516 654 τουτέστιν,
2557 592 2585 642 6
2620 589 2760 651 θεῖος
2794 587 2972 655 λόγος,
3008 586 3125 656 ἦτοι
3157 585 3225 637 τά
3280 581 3581 654 μαρτύρια.
3616 581 3801 643 Τύπος

2223 685 2334 755 γὰρ
2377 679 2445 752 ἦν
2476 682 2536 734 τὸ
2574 683 2781 751 χρῆμα,
2821 678 2916 730 τοῦ
2961 679 3024 730 ἐκ
3053 675 3186 729 Θεοῦ
3219 674 3415 744 φύντος
3451 673 3646 739 Λόγου,
3669 687 3803 725 κατ-

2222 778 2542 844 οικήσαντος
2579 775 2637 824 ὲν
2682 773 2834 842 ἡμῖν,
2888 770 2982 822 καὶ
3025 768 3227 840 σαρκὸς
3269 769 3326 821 tv
3355 766 3662 836 ὁμοιώματι
3707 781 3797 833 γε-

2224 865 2460 935 γονότος,
2498 864 2637 917 κατὰ
2690 863 2789 926 τὰς
2823 862 3065 932 Γραφάς.
3112 856 3245 912 Εἶτα
3299 856 3695 927 καταπέτασμά
3744 873 3799 909 τι

2224 952 2489 1021 τέσσαρσι
2550 951 2762 1014 στύλοις
2817 948 3346 1017 ὲπιτετανυσμὲνον,
3400 945 3800 1015 ἁπαιωρείσθαι

2224 1047 2290 1114 τῇ
2319 1042 2535 1113 κιϐωτῷ
2571 1042 2678 1094 δεῖν
2719 1040 2847 1110 ἔφη.
2876 1043 3088 1110 Ὀνομα
3126 1039 3182 1090 δὲ
3215 1037 3292 1108 τῷ
3325 1035 3797 1105 καταπετάσματι,
3862 1090 3874 1101 ,

2223 1137 2283 1188 τὸ
2315 1134 2639 1204 ἱλαστήριον.
2664 1130 2895 1202 Χριστὸς
2926 1130 2983 1184 δὲ
3016 1128 3287 1184 καὶτοῦτο
3307 1142 3319 1156 ·
3368 1145 3388 1177 ι
3417 1125 3664 1196 Ἰλασμδς
3692 1127 3800 1195 γάρ

2228 1228 2372 1279 ἐστιν
2401 1226 2538 1297 ὑπὲρ
2568 1224 2673 1277 τῶν
2711 1224 2992 1296 ἁμαρτιῶν
3035 1222 3212 1293 ήμῶν,
3245 1222 3337 1274 καὶ
3367 1219 3675 1289 ἱλαστήριον
3714 1218 3800 1270 διὰ

2224 1317 2478 1380 πίστεως.
2506 1336 2523 1367 ι
2570 1314 2828 1385 Ὠνόμαζε
2856 1314 2965 1386 γὰρ
2998 1313 3171 1376 οὑτως
3198 1314 3225 1364 6
3254 1311 3462 1373 Παῦλος
3492 1309 3651 1363 αὑτόν
3669 1326 3682 1339 ·
3708 1325 3799 1377 γε⁴

2228 1407 2472 1478 γράφατο
2499 1406 2555 1458 δὲ
2576 1404 2669 1459 καὶ
2688 1404 2850 1457 οἱονεί
2880 1422 2994 1467 πως
3016 1405 3072 1456 ἐν
3090 1403 3270 1473 κύκλῳ
3293 1400 3386 1454 τοῦ
3410 1398 3719 1471 ἰλαστηρίου
3734 1398 3801 1452 τά

2226 1502 2526 1574 Χερουϐὶμ,
2554 1501 2663 1554 τῶν
2693 1500 2950 1554 ἀνωτάτω
2985 1498 3265 1568 δυνάμεων
3291 1498 3388 1568 τὴν
3416 1496 3520 1549 ὑπὸ
3548 1493 3802 1565 Θειξῑδου-

2225 1594 2372 1646 λείαν
2396 1610 2409 1624 ·
2441 1593 2571 1655 Θεὸς
2603 1592 2712 1663 γὰρ
2742 1595 2768 1644 ὀ
2787 1590 2957 1659 Λόγος
2976 1606 2989 1618 '
3022 1590 3114 1643 καὶ
3142 1589 3201 1642 τὸ
3229 1588 3397 1659 ἀγχοῦ
3427 1588 3490 1660 δὴ
3520 1586 3685 1658 μάλα,
3706 1585 3802 1639 καὶ

2230 1686 2335 1755 μὴν
2357 1683 2451 1737 καὶ
2469 1684 2527 1736 τὸ
2556 1685 2886 1753 παρεστάναι
2907 1679 3312 1752 λειτουργικῶς,
3347 1675 3406 1732 εὖ
3440 1678 3587 1749 μάλα
3600 1695 3665 1748 ση
3674 1675 3798 1748 μαί-

556 1783 703 1855 quod
733 1783 800 1837 ad
840 1783 1267 1837 ministrantium
1308 1785 1546 1853 speciem
1591 1783 1880 1847 assistunt,
1923 1782 2127 1852 optime

2234 1790 2402 1827 νοντα.
2428 1768 2558 1824 Εἶτα
2577 1771 2706 1834 Θεὸς
2732 1770 2833 1840 ἔφη
2857 1769 2990 1840 πρὸς
3008 1768 3263 1823 Μωσέαἰ
3284 1768 3393 1821 Καὶ
3417 1764 3801 1837 γνωσθήσομαί

557 1873 884 1944 signiﬁcant.
932 1873 1071 1927 Tum
1103 1873 1240 1927 dixit
1271 1874 1439 1944 Moysi
1482 1892 1494 1926 :
1542 1893 1559 1924 ι
1591 1875 2033 1944 Etcognoscara
2075 1879 2126 1927 te

557 1967 707 2030 inde,
732 1972 789 2022 et
818 1965 1011 2035 loquar
1038 1972 1220 2020 tecum
1257 1963 1493 2035 desuper
1517 1966 1960 2035 propitiatorium
1984 1967 2128 2021 inter

557 2056 667 2112 duo
687 2055 1007 2121 Cherubim,
1035 2070 1155 2125 quae
1172 2062 1300 2110 sunt
1324 2071 1487 2124 supra
1501 2071 1682 2110 arcam
1701 2056 1998 2110 testimonii
2013 2056 2075 2109 δ’.
2102 2074 2120 2106 ι

556 2150 698 2203 Area
725 2145 966 2217 quidem,
1022 2153 1082 2199 ut
1126 2144 1260 2211 dixi,
1305 2144 1556 2199 Christus
1587 2153 1725 2211 erat,
1773 2153 2033 2216 tanquam
2072 2145 2127 2199 in

559 2237 962 2308 iueorruptibili
986 2238 1212 2307 cor'pore
1247 2237 1391 2291 Deus
1406 2236 1674 2302 Verbum;
1700 2236 1797 2291 sed
1819 2244 2001 2291 tamen
2059 2236 2120 2290 in

560 2339 706 2383 terra
731 2328 832 2382 sita
860 2335 943 2381 est
968 2343 1114 2391 arca,
1148 2325 1216 2380 ad
1239 2335 1482 2381 nostram
1530 2327 1679 2381 enim
1707 2327 2129 2382 submissionem

558 2427 614 2472 et
636 2417 1001 2471 humilitatem
1027 2416 1309 2471 descendit
1336 2417 1425 2471 ille
1451 2416 1773 2488 Unigenitus
1802 2435 1814 2471 :
1846 2434 1973 2472 nam
2010 2434 2129 2474 ser-

558 2506 722 2561 vilem
760 2505 993 2560 formam
1027 2505 1219 2571 subiit,
1245 2513 1300 2559 et
1334 2507 1686 2577 semetipsum
1736 2509 2035 2563 exinanivit
2061 2510 2127 2564 ⁵⁰.

558 2595 717 2666 307
749 2594 869 2665 Ipse
907 2601 993 2649 est
1023 2600 1288 2664 praeterea
1323 2594 1762 2663 propitiatorium
1814 2595 1872 2650 in
1911 2595 2132 2649 sublimi

558 2687 820 2756 positum,
839 2693 894 2740 et
909 2701 939 2739 a
956 2700 1018 2739 su
1027 2685 1210 2755 pernis
1222 2685 1529 2740 Virtutibus
1549 2686 1996 2756 circumseptum.
2013 2686 2133 2741 Non

559 2778 707 2832 enim
730 2792 761 2831 e
789 2776 905 2831 solo
930 2774 1091 2829 nobis
1117 2774 1381 2830 duntaxat
1398 2776 1787 2832 exinanitionis
1800 2777 1961 2832 modo
1972 2787 2135 2834 notus

560 2874 644 2922 est
661 2865 852 2929 Filius,
884 2862 980 2917 sed
1017 2863 1183 2918 etiam
1215 2879 1282 2918 ex
1304 2878 1370 2918 eo
1399 2867 1545 2935 quod
1582 2867 1729 2922 Deus
1758 2873 1861 2933 est,
1905 2873 1962 2922 et
2008 2867 2133 2921 uui-

563 2973 845 3014 versorum
868 2956 1132 3011 Dominus
1166 2973 1180 3009 :
1215 2955 1319 3010 etsi
1359 2956 1506 3010 enim
1549 2971 1617 3011 ex
1658 2956 1896 3011 humana
1937 2965 2134 3013 natura

2230 1879 2308 1916 σοι
2351 1862 2576 1926 ἐκεῖθεν,
2607 1862 2699 1914 καὶ
2746 1861 2964 1932 λαλήσω
3005 1878 3085 1913 σοι
3118 1860 3322 1915 ἄνωθεν
3356 1858 3449 1913 τοῦ
3489 1857 3799 1929 ίλαστηρίου

2227 1953 2496 2024 ἀναμέσον
2531 1952 2637 2005 τῶν
2654 1952 2744 2005 δύο
2761 1951 3042 2024 Χερουϐὶμ
3063 1951 3168 2004 τῶν
3191 1952 3357 2005 ὄντων
3380 1950 3475 2003 ἐπὶ
3501 1949 3601 2019 τῆς
3631 1948 3802 2002 κιϐω-

2226 2044 2317 2097 τοῦ
2372 2043 2464 2096 τοῦ
2518 2043 2835 2115 μαρτυρίου.
2878 2062 2895 2093 ι
2933 2036 3040 2096 Ἦν
3098 2041 3175 2105 δὲ,
3217 2041 3291 2105 ὡς
3350 2040 3510 2111 ἔφην,
3552 2041 3587 2111 ἡ
3642 2038 3802 2092 κιϐω-

2228 2137 2318 2200 τὸς
2348 2136 2376 2187 ὀ
2405 2136 2662 2207 Χριστὸς,
2698 2135 2773 2199 ὼς
2807 2138 2864 2189 tv
2900 2133 3162 2205 ἀφθάρτῳ
3199 2132 3410 2204 σώματι
3451 2132 3582 2195 Θεὸς
3610 2131 3799 2199 Λόγος,

2229 2228 2367 2299 πλὴν
2407 2229 2485 2291 είς
2528 2227 2632 2297 γῆν
2661 2229 2695 2298 ή
2736 2225 2995 2289 κιϐωτός’
3038 2226 3227 2295 γέγονε
3270 2226 3327 2279 δὲ
3361 2226 3454 2279 καὶ
3502 2225 3559 2277 tv
3615 2223 3802 2292 ὑφέσει

2230 2318 2322 2372 καὶ
2372 2318 2429 2371 tv
2475 2316 2841 2389 χθαμαλότητι
2881 2319 2948 2388 τῇ
3007 2317 3128 2369 καθ’
3187 2317 3335 2386 ἡμᾶς
3376 2317 3406 2368 6
3470 2313 3799 2384 Μονογενής.

2230 2410 2460 2482 Μορφὴν
2487 2408 2597 2481 γὰρ
2637 2408 2810 2462 ὑπέδυ
2856 2408 2955 2479 τὴν
2983 2409 3353 2480 δουλοπρεπῆ,
3383 2408 3478 2462 καὶ
3501 2407 3802 2461 κεκένωκεν

2231 2501 2445 2556 ἑαυτόν.
2469 2500 2639 2564 Αὐτὸς
2671 2500 2729 2554 δὲ
2758 2500 2918 2554 πάλιν
2954 2500 3069 2554 ἐστὶ
3123 2501 3184 2554 τὸ
3211 2499 3536 2570 ἱλαστήριον,
3574 2498 3636 2550 τὸ
3668 2495 3802 2566 ὑιζροῦ

2232 2591 2501 2663 κείμενον,
2551 2591 2645 2644 καὶ
2692 2590 2796 2644 ὑπὸ
2840 2589 2949 2642 τῶν
2992 2590 3103 2644 ἄνω
3146 2590 3438 2660 Δυνάμεων
3478 2586 3805 2661 δορυφοροὺ-

2236 2699 2418 2754 μενον.
2460 2683 2534 2735 Οὑ
2575 2681 2683 2753 γὰρ
2728 2682 2792 2734 ὲκ
2832 2683 3006 2753 μόνων
3047 2683 3178 2752 ἡμῖν
3223 2680 3333 2734 τῶν
3373 2681 3476 2749 τῆς
3523 2679 3805 2743 κενώσεως

2231 2774 2445 2845 τρόπων
2482 2772 2751 2845 γνώριμος
2789 2775 2818 2826 6
2841 2773 2990 2840 Υίὸς,
3022 2772 3160 2826 ἀλλὰ
3204 2774 3297 2828 καὶ
3331 2773 3391 2837 ἐξ
3421 2766 3494 2827 ὧν
3527 2775 3643 2826 ἐστι
3674 2771 3805 2834 Θεὸς

2233 2866 2326 2919 καὶ
2354 2864 2462 2918 τῶν
2490 2864 2625 2919 ὅλων
2644 2865 2867 2936 Κύριος.
2901 2865 2964 2918 Ei
2996 2866 3110 2937 ’γὰρ
3139 2865 3231 2918 καὶ
3259 2865 3655 2919 τεταπείνωκεν
3676 2865 3805 2917 ἑαυ-

2235 2957 2327 3011 τὸν
2355 2957 2444 3009 διὰ
2479 2957 2539 3009 τὸ
2568 2955 2930 3027 ἀνθρώπινον,
2962 2958 3018 3009 tv
3048 2957 3159 3019 τοῖς
3188 2954 3309 3009 καθ’
3339 2956 3487 3026 ἡμᾶς
3534 2956 3806 3023 οἰκονομιο

562 3067 622 3105 se
648 3050 827 3120 ipsum
851 3047 1181 3113 humiliavit,
1231 3055 1394 3118 atque
1449 3047 1684 3118 sapienti
1722 3048 2132 3119 gubernatione

2236 3048 2344 3112 κῶς
2369 3046 2782 3117 καταϐεϐηκὼς,
2823 3047 2935 3100 ἀλλ’
2976 3067 2994 3099 ι
3040 3047 3098 3101 '0
3131 3047 3263 3111 Θεὸς
3294 3049 3451 3101 αὑτὸν
3481 3047 3805 3117 ὑπερύψωσι

569 3142 634 3197 ad
664 3115 901 3208 nostram
931 3115 1628 3205 conditionem—descendit,
1683 3115 1923 3195 attamen
1947 3160 1964 3191 ι
1990 3140 2132 3194 Deus

2236 3134 2328 3189 καὶ
2362 3115 2649 3206 ἐχαρίσατο
2698 3134 2847 3207 αὑτῷ
2890 3135 3080 3207 ὄνομα,
3113 3136 3173 3190 τὸ
3210 3137 3350 3208 ὑπὲρ
3394 3139 3502 3191 πᾶν
3552 3115 3741 3208 ὖνομα.
3778 3155 3798 3187 ι

561 3231 717 3291 illum
752 3230 1198 3302 superexaltavit,
1234 3237 1291 3285 et
1313 3230 1464 3285 dedit
1504 3231 1581 3284 illi
1628 3246 1829 3286 nomen
1870 3230 2018 3302 quod
2054 3241 2138 3286 est

562 3338 729 3394 super
751 3339 911 3377 omne
938 3337 1139 3376 nomen
1169 3321 1234 3373 ⁸¹.
1269 3340 1287 3372 ι
1328 3321 1503 3391 Hujus
1565 3328 1747 3375 autem
1788 3321 1865 3376 rei
1897 3337 2007 3375 uon
2038 3321 2135 3375 ab-

564 3413 731 3467 surde
771 3413 943 3482 ﬂgura
1001 3420 1105 3476 est,
1170 3410 1317 3479 quod
1349 3411 1405 3465 in
1466 3411 1701 3465 sublime
1757 3413 1995 3481 positum
2055 3420 2140 3466 est

566 3499 1043 3570 propitiatorium,
1081 3498 1379 3555 Cherubim
1429 3500 1496 3555 ad
1535 3502 1654 3573 ejus
1705 3502 1952 3558 dextram
2009 3502 2140 3558 sini-

565 3596 845 3658 stramque
887 3597 1097 3658 partem
1131 3586 1362 3659 depictis
1399 3607 1412 3643 :
1449 3605 1597 3655 nam,
1641 3590 1736 3646 ubi
1770 3591 2139 3646 ministerium

565 3679 679 3733 Deo
722 3679 942 3750 proprie
980 3681 1314 3736 conveniens
1351 3680 1542 3737 adesse
1582 3684 1847 3748 cernitur,
1884 3684 1961 3739 ibi
2008 3700 2138 3755 pro-

566 3767 709 3824 fecto
742 3769 1046 3824 divinitatis
1076 3784 1295 3839 quoque
1320 3771 1491 3840 gloria
1530 3788 1756 3843 prorsus
1786 3774 1959 3842 adest,
1996 3782 2053 3831 et
2074 3792 2137 3832 ea

566 3859 846 3928 dignitatis
877 3861 1197 3915 excellentia
1258 3878 1378 3931 qua:
1396 3863 1697 3920 orationem
1733 3882 1951 3923 omnem
1981 3884 2141 3938 supe-

567 3959 671 4005 ret.
709 3968 727 4000 ‹
766 3950 1009 4019 Desuper
1037 3962 1218 4005 autem
1244 3950 1545 4007 Cherubim
1574 3970 1870 4026 cognoscar
1897 3974 1928 4012 a
1954 3965 2005 4012 te
2024 3959 2089 4024 ⁸³,
2114 3978 2131 4010 ι

569 4039 746 4110 inquit
762 4040 853 4095 ille
871 4039 1254 4096 universorum
1274 4041 1558 4108 Dominus,
1582 4044 1637 4098 in
1656 4061 1765 4114 quo
1787 4046 1933 4101 illam
1946 4049 2138 4104 ineﬂ‘a-

568 4131 736 4188 bilem
781 4142 1037 4189 naturam
1081 4148 1193 4189 non
1231 4133 1376 4188 inter
1432 4147 1711 4192 creaturas
1742 4139 1910 4208 quaeri
1944 4141 2136 4211 jussit;

568 4223 664 4279 sed
695 4224 836 4277 ultra
868 4222 925 4277 id
958 4238 1119 4278 omne
1147 4239 1393 4294 prorsus,
1427 4226 1695 4297 quidquid
1714 4238 1773 4283 ut
1802 4229 1873 4284 sit
1887 4238 2138 4285 vocatum

567 4321 671 4369 est.
696 4313 793 4369 Dei
826 4313 996 4379 enim,
1044 4314 1137 4385 qui
1168 4322 1362 4369 natura
1392 4316 1536 4371 Deus
1565 4324 1669 4383 est,
1705 4318 1863 4384 ratio,
1900 4329 1956 4374 et
1988 4318 2141 4376 locus

510 4404 513 4409 ’
568 4416 653 4461 est
679 4405 772 4461 ille
802 4405 1245 4472 decentissimus,
1275 4417 1495 4477 praeter,
1555 4424 1617 4464 ac
1647 4426 1811 4480 supra
1864 4411 1919 4466 id
1977 4427 2138 4468 omne

567 4514 709 4562 esse,
742 4496 888 4568 quod
917 4504 1099 4552 ortum
1147 4506 1250 4553 est.
1302 4499 1472 4569 Igitur
1504 4501 1593 4555 ille
1647 4518 1808 4572 supra
1839 4502 2136 4558 Cherubim

569 4593 723 4646 locus
757 4590 814 4644 in
845 4590 939 4645 illo
970 4599 1158 4645 sancto
1193 4592 1541 4648 tabernaculo
1581 4595 1782 4650 nostris
1817 4596 1981 4651 etiam
2012 4613 2137 4651 sen-

568 4683 721 4737 sibus
746 4681 984 4736 divinam
1014 4698 1182 4753 prope
1207 4693 1459 4738 naturam
1487 4686 1746 4750 ostendit,
1795 4687 1866 4741 ob
1907 4703 2138 4757 eamque

570 4787 788 4825 musam
813 4772 982 4825 altare
1005 4771 1140 4826 illud
1167 4788 1414 4838 aureum,
1443 4776 1588 4844 quod
1617 4777 1672 4831 in
1698 4776 2135 4847 ﬁguramChristi

570 4860 779 4913 factum
816 4859 1018 4922 fuerat,
1050 4874 1082 4913 e
1114 4860 1334 4929 regione
1380 4863 1498 4932 ejus
1530 4864 1787 4918 collocari
1814 4864 1995 4934 jussit,
2052 4864 2145 4934 qui

571 4967 735 5022 supra
769 4949 1065 5005 Cherubim
1102 4960 1157 5006 et
1186 4953 1382 5008 edebat
1422 4957 1661 5020 oracula,
1694 4964 1749 5010 et
1810 4956 2147 5027 intelligeba-

572 5053 663 5097 tur
696 5057 831 5113 :qua
852 5043 909 5096 in
930 5058 988 5096 re
1007 5042 1289 5113 locusipse
1320 5042 1679 5114 signiﬁcabat,
1706 5046 1760 5100 in
1788 5046 1884 5100 Dei
1915 5047 2147 5116 quodam

576 5140 736 5192 modo
764 5135 770 5143 ’
795 5145 1172 5208 conspectum,
1233 5148 1289 5193 et
1358 5146 1484 5193 ante
1511 5141 1697 5196 oculos
1742 5141 1920 5196 Patris
1957 5156 2057 5195 nos
2093 5141 2145 5193 in

569 5225 789 5282 Christo
836 5244 955 5283 esse
995 5228 1333 5298 perductos:
1367 5228 1647 5284 hominem
1678 5230 1848 5294 enim,
1903 5245 2026 5285 cum
2085 5228 2139 5282 in

572 5318 857 5371 aversione
888 5327 1052 5383 esset,
1084 5334 1147 5373 ac
1172 5329 1398 5390 propter
1427 5319 1912 5390 transgressionem
1944 5335 2141 5389 pecca-

575 5419 865 5474 torumque
906 5409 1310 5465 multitudinem
1356 5410 1525 5464 Deum
1565 5409 1903 5474 oﬂ'endisset,
1954 5425 2143 5463 rursus

572 5494 631 5549 in
658 5508 715 5548 se
749 5494 886 5561 ipso,
927 5513 989 5551 ac
1032 5498 1208 5567 primo
1255 5498 1506 5554 Christus
1536 5499 1590 5553 in
1640 5505 1932 5567 conspectu
1968 5498 2144 5551 Patris

2238 3229 2418 3292 Τύπος
2446 3228 2490 3281 δ’
2522 3227 2588 3282 ἂν
2634 3229 2716 3299 εἴη
2751 3230 2846 3282 καὶ
2884 3229 3057 3295 τοῦδε,
3093 3229 3155 3285 τὸ
3217 3228 3353 3299 ὑψοῦ
3413 3229 3684 3284 τεθεῖσθαι
3746 3229 3808 3281 τὸ

2240 3319 2551 3392 ἱλαστήριον
2597 3322 2677 3383 είς
2730 3320 2903 3386 δεξιὸν
2959 3321 3055 3374 καὶ
3118 3320 3396 3392 εὐώνυμον
3449 3322 3803 3392 ἀναγεγραμ-

2241 3413 2417 3479 μένων
2455 3413 2563 3466 τῶν
2608 3412 2913 3484 Χερουϐίμ.
2961 3411 3131 3466 Ἔνθα
3167 3412 3277 3485 γὰρ
3318 3414 3383 3468 ἂν
3434 3416 3467 3485 ἡ
3511 3412 3629 3484 Θεῷ
3676 3413 3807 3484 πρέ-

2240 3524 2419 3561 πουσα
2495 3506 2642 3576 μόνῳ
2682 3506 2923 3576 φαίνοιτο
2969 3505 3296 3577 λειτουργία,
3337 3507 3453 3559 ἐκεῖ
3495 3506 3667 3578 δήπου
3719 3506 3803 3574 εῐη

2237 3597 2302 3652 ἂν
2338 3598 2551 3661 πάντως
2578 3597 2668 3650 καὶ
2714 3598 2747 3667 ή
2788 3596 2887 3667 τῆς
2924 3595 3176 3665 θεότητος
3207 3596 3355 3661 δόξα,
3388 3596 3483 3649 καὶ
3523 3593 3633 3649 τῶν
3667 3595 3807 3666 ὑπὲρ

2236 3687 2393 3757 λόγον
2421 3686 2742 3759 ἀξιωμάτων
2767 3689 2801 3758 ή
2834 3687 3097 3758 ὑπεροχή.
3141 3706 3158 3739 ι
3195 3686 3435 3740 Ἀνωθεν
3466 3686 3522 3740 δὲ
3557 3685 3670 3740 τῶν
3698 3685 3805 3738 Χε-

2239 3780 2458 3851 ρουϐὶμ,
2519 3777 2904 3848 γνωσθήσομαί
2946 3794 3067 3841 σοι,
3099 3796 3115 3828 ι
3151 3777 3333 3847 φησιν,
3374 3778 3403 3830 6
3449 3776 3668 3831 πάντων
3707 3780 3807 3828 Δε-

2240 3869 2462 3940 σπότης,
2500 3868 2598 3940 τὴν
2623 3869 2858 3940 ἄρρητον
2895 3865 3061 3937 φύσιν
3099 3866 3172 3938 μὴ
3216 3869 3274 3920 tv
3303 3862 3384 3930 οἷς
3420 3868 3453 3938 ή
3498 3865 3672 3930 κτίσις
3712 3864 3810 3937 ζη-

2236 3961 2442 4013 τεῖσθαι
2497 3961 2847 4030 προστάττων
2869 4000 2883 4024 ,
2958 3960 3071 4013 ἀλλ’
3126 3960 3381 4013 ἐπέκεινα
3433 3960 3651 4022 πάντως
3711 3957 3808 4011 τοῦ

2239 4049 2575 4120 κεκλημένου
2606 4050 2740 4121 πρὸς
2775 4049 3026 4122 ὕπαρξιν*
3058 4048 3192 4102 Θεοῦ
3228 4049 3336 4120 γὰρ
3363 4050 3521 4118 φύσει
3564 4049 3719 4118 λόγος
3744 4062 3805 4100 τι

2239 4138 2331 4193 καὶ
2374 4128 2537 4202 τόπος
2577 4141 2604 4193 ὁ
2638 4140 3113 4211 πρεπωδεστάτας,
3161 4139 3222 4193 τὸ
3253 4141 3391 4211 πέρα
3436 4157 3498 4193 τε
3552 4141 3647 4195 καὶ
3698 4140 3809 4195 ἄνω

2239 4228 2437 4291 παντὸς
2457 4229 2703 4297 γενητοῦ.
2730 4228 2937 4282 Οὐκοῦν
2959 4231 2986 4281 6
3014 4231 3267 4303 ὑπεράνω
3290 4231 3396 4284 τῶν
3421 4231 3699 4302 Χερουϐὶμ
3724 4231 3809 4283 τό-

2239 4337 2360 4384 πος,
2392 4321 2484 4373 καὶ
2513 4319 2783 4389 αἰσθητῶς
2820 4323 2876 4374 tv
2908 4325 2974 4393 τῇ
3008 4323 3136 4394 ἁγίᾳ
3187 4327 3357 4394 σκηνῇ
3408 4323 3686 4393 μονονουχὶ
3711 4322 3809 4390 τὴν

2241 4411 2390 4466 θείαν
2427 4412 2556 4482 ἡμῖν
2597 4410 2886 4480 καταδηλοῖ
2941 4412 3131 4481 φύσιν·
3182 4414 3439 4484 ταύτῃτοι
3470 4413 3531 4466 τὸ
3578 4409 3810 4481 χρυσοῦν

2244 4502 2624 4574 θυσιαστήριον
2651 4504 2728 4566 είς
2756 4502 2924 4556 τύπον
2957 4503 3192 4577 Χριστοῦ
3220 4505 3459 4572 γεγονὸς,
3490 4501 3808 4556 ἀποκεῖσθαι

2244 4594 2611 4664 προστέταχεν
2642 4593 2899 4646 ἀπέναντι
2941 4593 3034 4645 τοῦ
3084 4593 3340 4663 ὑπεράνω
3376 4593 3486 4647 τῶν
3529 4591 3809 4665 Χερουϐὶμ

2243 4682 2670 4754 χρηματίζοντός
2703 4698 2762 4734 τε
2797 4682 2887 4735 καὶ
2940 4684 3229 4752 νοουμένου
3262 4683 3355 4736 τοῦ
3382 4684 3545 4737 οἱονεί
3574 4701 3691 4747 πως
3731 4685 3811 4746 είς

2243 4774 2364 4843 ὄψιν
2396 4772 2529 4826 Θεοῦ
2557 4775 2650 4827 καὶ
2691 4776 2747 4826 tv
2791 4775 3086 4844 ὀφθαλμοῖς
3112 4772 3206 4826 τοῦ
3256 4774 3467 4845 Harpe;
3502 4776 3559 4827 tv
3594 4775 3810 4845 Χριστῷ

2247 4863 2573 4933 γενέσθαιτὰ
2589 4863 2708 4917 καθ’
2723 4867 2869 4935 ἡμᾶς
2896 4864 3050 4916 τοῦτό
3070 4882 3169 4916 που
3188 4865 3562 4934 σημαίνοντος.
3582 4864 3669 4917 Ἐν
3682 4865 3812 4917 ἁπο-

2250 4959 2451 5027 στροφῇ
2482 4956 2588 5027 γάρ
2610 4955 2738 5009 ὄντα
2761 4959 2851 5011 τὸν
2879 4957 3183 5029 ἄνθρωπον,
3215 4959 3308 5012 καὶ
3337 4959 3812 5029 προσκεκρουκότα

2247 5048 2365 5117 Θεῷ
2393 5047 2481 5101 διὰ
2513 5048 2611 5118 τὴν
2631 5048 2941 5118 παράϐασιν
2957 5049 3049 5101 καὶ
3073 5048 3273 5121 πολλὴν
3309 5050 3598 5121 ἁμαρτίαν,
3619 5049 3811 5120 ἔστησε

2248 5136 2410 5189 πάλιν
2446 5138 2504 5190 tv
2545 5137 2820 5208 προσώπῳ
2876 5138 2967 5191 τοῦ
3010 5139 3223 5211 Πατρδς
3272 5140 3344 5203 ὠς
3403 5141 3462 5193 tv
3496 5139 3674 5211 ἑαυτῷ
3722 5138 3816 5192 καὶ

2248 5226 2447 5299 πρώτῳ
2478 5227 2726 5297 Χριστός.
2763 5245 2780 5278 ι
2811 5226 3121 5300 Πρόδρομος
3147 5230 3256 5301 γὰρ
3280 5230 3422 5300 ὑπὲρ
3445 5232 3604 5302 ἡμῶν
3639 5230 3812 5285 εἰσϐέ-
3836 5258 3847 5275 κ

2250 5322 2413 5390 ϐηκεν
2454 5323 2533 5385 εἰς
2579 5322 2669 5374 τὸν
2701 5322 2944 5392 οὐρανὸν,
2969 5323 3062 5377 νῦν
3101 5324 3497 5395 ἐμφανισθῆναι
3535 5324 3614 5396 τῷ
3647 5340 3815 5396 προσ-

2246 5411 2380 5482 ώπῳ
2428 5413 2519 5466 τοῦ
2556 5412 2690 5465 Θεοῦ
2736 5413 2876 5483 ὑπὲρ
2908 5414 3083 5484 ἡμῶν,
3122 5433 3140 5466 ι
3194 5414 3338 5467 καθὰ
3369 5414 3568 5485 γράφει
3610 5412 3814 5475 Παῦλος

2250 5505 2381 5574 ἡμῖν
2412 5507 2439 5557 ὁ
2474 5504 2652 5572 σοφός.
2704 5505 2761 5557 '0
2807 5504 2914 5575 γὰρ
2945 5504 3205 5575 ὑπάρχων
3249 5506 3335 5558 ἀεὶ
3368 5505 3508 5576 μετὰ
3545 5504 3637 5558 τοῦ
3686 5503 3818 5557 ἰδίου

680 5672 721 5706 ⁸⁸⁸
756 5669 883 5725 loan
957 5690 1011 5737 ιι,
1056 5675 1107 5729 ν.
1189 5678 1228 5705 ’⁸
1256 5678 1409 5731 ltmn.
1444 5695 1517 5741 ut,
1550 5679 1636 5732 Ξῖ).
1717 5679 1755 5708 δ’
1791 5674 1959 5731 Eiod.
2000 5694 2118 5741 xxv,

2310 5682 2351 5710 ⁵ο
2381 5681 2613 5749 Philipp.
2649 5697 2704 5745 ιι,
2736 5682 2785 5733 7.
2884 5681 2924 5712 δ’
2952 5680 3113 5748 lbid.,
3151 5682 3201 5735 9.
3294 5684 3336 5712 ⁵²
3367 5680 3515 5736 Exod
3564 5697 3685 5748 xxv,
3724 5673 3797 5734 '23
3820 5756 3832 5773 ‘
