4142 6296
354 388 457 453 cat

1032 383 1120 448 DE
1161 388 1604 446 ADORATlUNE
1642 386 1710 446 IN
1751 389 2022 447 senum
2063 380 2150 445 ET
2174 378 2561 447 vanu-na.
2598 384 2735 447 LIB.
2778 384 2870 448 Ix.

3513 388 3620 451 0%!-

353 514 596 587 Πατρδς,
629 512 723 565 νῦν
778 506 1179 578 ἐμφανισθῆναι
1207 505 1423 572 λέγεται
1454 505 1529 568 ὡς
1559 507 1616 558 ὲν
1649 505 1827 577 ἑαυτῷ
1876 523 1934 572 γε

2042 505 2329 560 constituit
2362 523 2375 558 :
2414 525 2431 556 ε
2472 507 2786 562 Praecursor
2810 506 3042 574 namque
3074 522 3174 576 pro
3213 505 3372 561 nobis
3401 504 3458 560 in
3502 522 3618 563 οωι-

357 606 452 660 ιιαὶ
476 601 675 674 πρώτῳ
701 596 1022 669 παρατιθεὶς
1046 597 1103 648 ὲν
1129 594 1247 665 ὕψει
1271 595 1364 648 τοῦ
1390 595 1602 667 Πατρδς
1629 596 1699 647 τά
1722 595 1934 663 ἀνθρώ-

355 714 508 758 πινα,
534 694 629 748 καὶ
652 693 751 763 τὴν
768 690 1003 763 ἀρχαίαν
1025 688 1237 758 ἐκείνην
1267 687 1617 758 ἀποστροφὴν
1641 686 1920 756 μεθιιστάς.

360 808 380 841 ‹
402 787 574 849 Αὐτὸς
595 784 704 854 γάρ
727 784 877 835 ἐστιν
905 783 934 852 ἡ
955 781 1143 852 εἰρήνη
1170 780 1349 850 ἡμῶν,
1364 799 1382 832 ι
1407 779 1548 832 κατὰ
1568 778 1668 841 τὰς
1684 778 1930 849 Γραφάς.

2042 596 2157 650 lum
2188 605 2271 651 est
2294 597 2596 666 ingressus,
2623 607 2684 653 ut
2713 613 2862 653 nunc
2891 605 3153 667 appareat
3180 598 3356 653 vultui
3393 598 3491 654 Dei
3514 616 3618 671 pro
3652 672 3660 681 τ

2041 687 2219 751 nobis,
2233 707 2251 740 ι
2275 696 2336 742 ιιι
2362 688 2452 743 ille
2469 689 2688 759 sapiens
2709 690 2793 744 vir
2806 689 3007 744 Paulus
3022 691 3284 761 scriptum
3316 692 3617 763 reliquit”.

2038 778 2195 844 Nam,
2229 780 2323 849 qui
2346 795 2560 848 semper
2575 787 2659 835 est
2681 797 2787 835 una
2816 796 2941 835 cum
2971 783 3154 845 Patre,
3184 799 3332 838 nunc
3354 799 3620 854 apparere

351 881 580 945 dicitur,
606 885 796 946 utpote
824 875 921 944 qui
960 873 1015 928 in
1046 889 1103 928 se
1132 874 1269 943 ipso,
1291 884 1354 926 ac
1383 871 1564 942 primo
1603 871 1661 925 in
1703 872 2001 939 conspectu
2026 871 2204 926 Patris
2259 878 2512 926 naturam
2542 872 2838 927 humanam
2888 875 3194 941 collocarit,
3253 884 3309 929 et
3376 884 3619 932 veterem

353 976 507 1033 illam
531 971 871 1027 aversiouem
902 967 1244 1023 revocaverit
1282 984 1339 1019 ει
1375 966 1494 1035 Ipse
1535 964 1682 1020 enim
1721 972 1805 1019 est
1836 980 1939 1033 pax
1978 974 2167 1020 nostra
2200 964 2275 1031 ³⁸,
2315 984 2333 1017 ι
2362 975 2424 1021 ut
2467 966 2769 1037 Scriptura:
2807 969 3054 1023 tradunt.

427 1063 641 1118 IIAAA.
687 1060 931 1129 Ἀραρεν
959 1053 1053 1110 οὖν
1087 1056 1169 1108 ὅτι
1215 1056 1456 1127 Χριστοῦ
1485 1054 1645 1110 πάλιν
1672 1053 1836 1109 εἰκὼν
1870 1055 1932 1108 τὸ

356 1152 739 1222 θυσιαστήριον
771 1150 827 1202 τὸ
851 1148 1103 1220 χρυσοῦν.

424 1246 590 1301 ΚΥΡ.
640 1242 749 1295 Καὶ
779 1240 915 1313 πρός
948 1257 1010 1307 γε
1039 1238 1104 1308 δὴ
1152 1239 1326 1309 τούτῳ
1377 1238 1535 1292 νοοῖτ’
1589 1238 1655 1293 ἂν
1712 1234 1935 1302 εἰκότως

351 1332 517 1400 αὐτὸς
559 1338 588 1389 6
641 1333 897 1404 θυμίαμα
934 1332 993 1385 τὸ
1055 1328 1307 1383 σύνθετον
1356 1331 1451 1382 καὶ
1501 1329 1715 1383 λεπτόν.
1762 1330 1932 1393 Αὐτὸς

352 1430 464 1501 γὰρ
497 1431 525 1481 6
553 1424 859 1499 ἀρχιερεύς
891 1443 909 1474 ι
938 1421 1204 1492 Θυμιάσει
1226 1420 1385 1492 γὰρ,›
1413 1421 1594 1489 φησὶν,
1618 1439 1635 1471 ι
1661 1420 1745 1473 ἐπ’
1768 1420 1932 1473 αὐτοῦ

367 1512 579 1592 Ἂαρὼν
639 1518 892 1586 θυμίαμα
933 1513 1219 1577 σύνθετον,
1268 1511 1489 1565 λεπτόν·
1538 1532 1557 1565 ι
1604 1511 1699 1575 καὶ
1748 1510 1933 1564 σύνθεο

357 1620 450 1663 τον
480 1611 577 1681 μὲν
598 1609 658 1661 τὸ
687 1606 965 1677 Θυμίαμα·
1019 1604 1152 1668 Θεὸς
1176 1605 1283 1675 γὰρ
1309 1602 1382 1656 ὣν
1418 1607 1447 1658 6
1498 1606 1690 1673 Λόγος,
1744 1604 1937 1673 γέγονε

359 1702 514 1774 σάρξ.
569 1700 676 1754 Καὶ
741 1696 1079 1752 συντέθειταί
1130 1714 1247 1760 πως
1294 1696 1426 1767 ⁴ἡμῖν
1480 1698 1508 1750 6
1571 1696 1936 1767 Ἐμμανουὴλ,

356 1794 510 1855 θείας
544 1791 612 1862 φῦ
626 1789 758 1853 radi;
784 1807 846 1841 τε
880 1790 975 1842 καὶ
1010 1788 1425 1858 ὼθρωπὸτητος
1461 1791 1541 1851 είς
1584 1788 1809 1859 ἑνότητα
1839 1790 1937 1859 τὴν

2096 1055 2303 1110 PALL.
2340 1050 2610 1112 Eil'ectum
2650 1064 2734 1114 est
2764 1059 2949 1130 igitur,
3000 1061 3173 1118 altare
3208 1062 3342 1118 illud
3393 1078 3619 1122 aureum

2037 1156 2158 1202 esse
2188 1146 2392 1203 Christi
2421 1165 2613 1206 rursus
2647 1151 2960 1222 imaginem.

2109 1236 2265 1293 CYR.
2328 1238 2532 1296 Adhaec
2585 1258 2694 1297 non
2749 1244 2987 1300 absurde
3015 1246 3161 1301 idem
3216 1238 3334 1318 ipse
3390 1251 3620 1322 intelligi

2039 1338 2220 1400 potest
2251 1331 2384 1386 illud
2430 1348 2551 1388 esse
2582 1334 2876 1407 thymiama
2905 1339 3268 1408 compositum
3326 1357 3390 1396 ac
3423 1350 3617 1409 tenue;

2041 1422 2156 1491 ipse
2182 1423 2330 1477 enim
2360 1436 2443 1478 est
2472 1426 2729 1497 princeps
2754 1427 2846 1482 ille
2876 1430 3225 1484 sacerdotum
3259 1449 3273 1485 :
3312 1452 3328 1483 ε
3361 1434 3622 1491 lncendet

2041 1512 2211 1578 enim,
2243 1533 2259 1564 ι
2288 1514 2487 1584 inquit,
2516 1534 2533 1566 ι
2557 1525 2722 1587 super
2736 1532 2802 1572 eo
2825 1518 3005 1573 Aaron
3025 1520 3321 1592 thymiama
3347 1525 3622 1594 composi-

2042 1608 2178 1660 tum.
2200 1602 2450 1672 tenue";
2476 1625 2494 1656 ι
2518 1607 2680 1676 308
2690 1623 2752 1662 ac
2769 1610 3133 1679 compositum
3157 1612 3380 1682 quidem
3395 1624 3481 1669 est
3501 1616 3623 1686 thy.
3726 1655 3737 1667 .

2040 1694 2271 1760 miama;
2299 1712 2448 1761 nam,
2474 1713 2598 1751 cum
2624 1698 2769 1753 Deus
2784 1708 2929 1754 esset
2958 1701 3221 1767 Verbum,
3252 1719 3381 1759 caro
3409 1704 3617 1760 factum

2038 1795 2142 1855 est,
2170 1797 2227 1844 et
2255 1789 2588 1857 compositus
2621 1798 2705 1845 est
2725 1791 2886 1845 nobis
2909 1792 3315 1861 quodammodo
3357 1796 3449 1852 ille
3493 1797 3622 1853 Em-

354 1886 497 1957 ὐπὲρ
526 1876 694 1947 νοῦν,
731 1866 1065 1953 ἆποῤῥήτως
1128 1881 1547 1954 συνηνεγμένην.
1600 1882 1808 1935 Λεπτὸν
1859 1882 1934 1946 δὲ,

2042 1878 2286 1942 manuel,
2327 1890 2453 1932 cum
2505 1877 2691 1933 divina
2742 1879 2902 1935 simul
2932 1882 3280 1953 humanaque
3328 1893 3526 1955 natura
3559 1889 3619 1944 in

352 1980 436 2032 ὃτι
466 1977 527 2030 τὸ
550 1976 697 2046 παχὺ
729 1975 828 2044 τῆς
851 1972 992 2026 κατὰ
1015 1973 1175 2042 νόμον
1204 1971 1461 2044 λατρείας
1485 1974 1584 2027 οὐκ
1600 1973 1735 2043 ἔχει.
1773 1990 1792 2023 ι
1827 1972 1935 2025 Θυ-

356 2070 478 2133 σίας
510 2076 619 2138 γὰρ
641 2067 737 2121 καὶ
776 2065 1090 2136 προσφορὰν
1131 2066 1231 2118 οὐκ
1274 2064 1563 2134 ἠθέλησας.
1604 2063 1938 2117 Ὀλοκαύτω-

357 2179 436 2231 μα
477 2161 572 2214 καὶ
612 2159 744 2228 περὶ
801 2159 1077 2229 ἁμαρτίας
1125 2158 1224 2210 οὐκ
1284 2157 1604 2228 εὐδόκησας.
1662 2157 1831 2227 Σῶμα
1880 2157 1937 2209 δὲ

355 2253 676 2324 κατηρτίσω
715 2264 827 2322 μοι,
879 2250 1039 2321 φησί’
1086 2250 1206 2302 τότε
1255 2242 1428 2314 εἷπον,
1477 2250 1607 2303 Ἰδοὺ
1655 2251 1812 2321 ﬁxa):
1840 2248 1936 2302 τοῦ

354 2345 603 2415 ποιῆσαι,
627 2344 656 2395 6
684 2340 838 2408 Θεὸς,
878 2342 938 2394 τὸ
965 2340 1176 2409 θέλημά
1204 2356 1319 2393 σου.
1361 2359 1379 2391 ι
1419 2342 1527 2393 Καὶ
1582 2341 1634 2393 τί
1677 2340 1740 2410 δὴ
1777 2340 1937 2393 τοῦτὸ

355 2432 560 2486 ἐστιτὺ
582 2432 794 2503 θέλημα
846 2430 939 2486 τοῦ
992 2431 1225 2502 Πατρὺς,
1263 2432 1421 2496 αὐτὸς
1469 2433 1616 2503 ἡμᾶς
1654 2435 1709 2486 ὲν
1757 2431 1940 2501 Εὐαγ-

355 2525 556 2591 γελίοις
599 2522 1075 2595 μεμυσταγώγηκε
1128 2522 1321 2591 λέγων,
1377 2524 1458 2576 ὃτι
1518 2542 1535 2574 ι
1570 2523 1937 2594 Καταϐἐὸηκα

362 2616 429 2668 ὲκ
454 2615 551 2669 τοῦ
579 2614 825 2687 οὐρανοῦ,
862 2616 957 2684 οὐχ
1015 2616 1102 2668 ἵνα
1137 2614 1272 2668 ποιῶ
1302 2614 1362 2668 τὸ
1411 2614 1621 2685 θέλημα
1673 2616 1734 2668 τὸ
1783 2616 1934 2685 ἐμὸν,

363 2706 503 2760 ἀλλὰ
540 2706 601 2759 τὸ
629 2706 834 2777 θέλημα
876 2705 971 2760 τοῦ
1003 2705 1317 2776 πέμψαντός
1383 2724 1471 2778 με.
1508 2704 1676 2759 Τοῦτο
1727 2706 1783 2760 δέ
1822 2709 1936 2760 ἐστι

363 2792 427 2852 τδ
451 2796 659 2868 θέλημα
682 2798 773 2851 τοῦ
805 2797 1119 2867 πεμψαντός
1156 2815 1244 2868 με,
1278 2797 1363 2850 ἵνα
1388 2798 1497 2850 πᾶν
1538 2796 1566 2850 6
1592 2797 1790 2851 δέδωκέ
1822 2815 1933 2868 μοι,

364 2890 440 2961 μὴ
473 2890 722 2944 ἀπολέσω
747 2886 806 2955 ἐξ
828 2889 1012 2953 αὑτοῦ,
1054 2888 1191 2943 ἀλλὰ
1237 2890 1531 2959 ἀναστήσω
1583 2889 1713 2942 αὐτὸ
1756 2891 1813 2942 ὲν
1864 2892 1931 2962 τῇ

357 2982 561 3053 ἐσχάτῃ
614 2981 824 3053 ἡμέρᾳ.
873 2999 892 3032 ι
954 2979 1372 3051 Προσκεκόμικε
1418 2978 1527 3050 γὰρ
1563 2980 1751 3033 ἑαυτὸν
1798 2978 1937 3051 ὑπὲρ

358 3073 516 3144 ἡμῶν
546 3074 624 3136 εἰς
652 3072 826 3143 ὀσμὴν
856 3071 1104 3135 εὐωδίας,
1132 3087 1301 3142 κεχρη
1314 3071 1509 3141 μάτικέ
1561 3087 1619 3124 τε
1655 3070 1741 3124 διὰ
1779 3070 1938 3124 τοῦτο

357 3164 452 3217 καὶ
510 3160 817 3234 ἀρχιερεύς.
850 3160 1058 3215 Οὐκοῦν
1091 3161 1250 3224 αὐτὸς
1279 3163 1306 3214 6
1347 3161 1656 3231 ἀρχιερεὺς,
1685 3161 1845 3223 αὐτὸς
1875 3159 1935 3214 τὺ

358 3252 612 3324 θυμίαμα
643 3252 705 3306 τὸ
756 3251 1015 3305 σὺνθετὸν
1046 3262 1104 3305 τε
1151 3252 1243 3306 καὶ
1287 3252 1514 3305 λεπτόν·
1569 3248 1664 3305 καὶ⁵
1724 3268 1936 3323 μαρτυ-

358 3347 518 3415 ρήσει
549 3346 722 3413 λέγων
741 3345 768 3397 6
797 3344 1027 3407 Παῦλοςο
1075 3364 1091 3395 ι
1237 3344 1293 3396 δὲ
1330 3342 1448 3413 Θεῷ
1476 3343 1652 3414 χάρις,
1684 3344 1763 3413 τῷ
1804 3342 1939 3396 πάν-

356 3444 480 3490 τοτε
515 3437 903 3510 θριαμϐεύοντι
948 3440 1095 3509 ἡμᾶς
1152 3439 1209 3490 ὲν
1250 3436 1330 3507 τῷ
1388 3436 1633 3507 Χριστῷ,
1693 3437 1787 3489 καὶ
1840 3437 1937 3506 τὴν

356 3519 533 3601 ὀσμὴν
570 3531 667 3600 τῆς
694 3528 949 3599 γνώσεως
991 3528 1155 3583 αὐτοῦ
1200 3528 1521 3600 φανεροῦντι
1570 3528 1637 3581 δι’
1677 3527 1833 3598 ἡμῶν
1880 3529 1938 3581 ὲν

357 3622 540 3675 παντὶ’
567 3620 738 3692 τόπῳ,
790 3622 873 3675 ὅτι
921 3622 1158 3694 Χριστοῦ
1212 3620 1410 3675 εὐωδία
1467 3621 1630 3692 ἐσμὲν
1666 3620 1745 3692 τῷ
1796 3619 1935 3691 Θεῷ,

357 3715 417 3767 ὲν
448 3714 560 3776 τοῖς
594 3712 948 3783 σωζομένοις,
985 3713 1080 3767 καὶ
1121 3715 1176 3766 ὲν
1211 3714 1322 3776 τοῖς
1371 3712 1760 3783 ἀπολλυμένοις
1784 3729 1798 3743 ’
1856 3710 1938 3776 οἷς

359 3805 464 3876 μὲν
500 3804 642 3876 ὀσμὴ
673 3807 736 3859 ὲκ
767 3804 996 3859 θανάτου
1041 3806 1121 3868 εἰς
1157 3805 1405 3869 θάνατον,
1441 3798 1521 3867 οἷς
1546 3800 1602 3857 δὲ
1626 3804 1770 3874 ὀσμὴ
1794 3805 1937 3875 ζωῆς

357 3899 439 3962 εἰς
464 3898 629 3970 ζωήν.
660 3916 679 3950 ι
724 3896 1071 3968 Προσεφώνει
1111 3897 1168 3949 δὲ
1213 3897 1305 3950 καὶ
1334 3897 1484 3966 ἡμῖν·
1554 3913 1575 3947 ι
1603 3893 1821 3948 Γίνεσθε
1844 3889 1937 3949 οὖν

357 3972 720 4062 μιμηταιτοῧ
748 3988 883 4044 Θεοῦ
939 3986 1015 4053 ὼς
1046 3986 1211 4042 τέκνα
1250 3987 1531 4057 ἀγαπητὰ,
1569 3987 1663 4041 καὶ
1697 4003 1937 4060 περιπα-

352 4084 500 4135 τεῖτε
523 4078 578 4136 ἐν
602 4082 810 4154 ἀγάπῃ,
834 4080 1011 4143 καθὼς
1036 4080 1128 4133 καὶ
1148 4082 1176 4133 6
1198 4078 1428 4149 Χριστὸς
1449 4078 1735 4150 ἠγάπησεν
1761 4080 1934 4149 ἡμᾶς,

354 4175 449 4227 καὶ
492 4174 810 4245 παρέδωκεν
867 4168 1056 4225 ἑαυτὸν
1109 4172 1250 4244 ὑπὲρ
1301 4170 1456 4242 ἡμῶν
1499 4171 1812 4241 προσφορὰν
1842 4164 1937 4225 καὶ

352 4266 549 4320 θυσίαν
588 4265 664 4336 τῷ
703 4264 822 4334 Θεῷ
849 4266 927 4326 εἰς
978 4265 1152 4335 ὀσμὴν
1208 4264 1449 4326 εὐωδίας.
1483 4282 1501 4314 ›
1568 4263 1679 4316 Καὶ
1728 4263 1817 4316 τόν
1872 4280 1935 4331 γε

350 4362 449 4411 τοῦ
487 4357 683 4428 Θυμιᾷν
719 4354 923 4425 ἐναργῆ
959 4354 1187 4423 καθίστη
1252 4355 1465 4424 καιρὸν,
1493 4354 1707 4408 ἃπαντα
1738 4355 1795 4406 δὲ
1826 4354 1935 4408 δεῖν

353 4450 414 4500 ὲν
454 4447 604 4513 τάξει
655 4464 711 4498 τε
762 4445 857 4497 καὶ
906 4443 1172 4513 εὐκοσμίᾳ
1224 4443 1555 4514 πράττεσθαι
1608 4442 1930 4512 νομοθετῶν,

2038 1969 2325 2036 unitatem,
2359 1977 2482 2040 quae
2505 1984 2724 2025 omnem
2752 1966 3168 2043 intelligentiam
3207 1985 3448 2047 superat,
3474 1980 3616 2051 incf-

2037 2058 2188 2115 fabili
2236 2061 2400 2117 modo
2457 2063 2835 2117 convenerint.
2895 2065 3104 2122 Deinde
3155 2076 3318 2126 tenue
3359 2081 3464 2136 est,
3487 2074 3616 2144 quia

2038 2151 2186 2206 illam
2218 2151 2409 2224 legalis
2431 2153 2614 2208 cultus
2638 2154 2942 2209 crassitiem
2972 2172 3084 2212 non
3113 2157 3280 2214 habet
3313 2178 3327 2214 :
3377 2180 3397 2213 ι
3431 2161 3617 2218 Sacri-

2039 2240 2225 2297 iicium
2248 2243 2397 2299 enim
2435 2250 2492 2299 et
2519 2244 2856 2301 oblationem
2891 2247 3149 2305 noluisti:
3179 2250 3520 2320 holocausta,
3559 2261 3621 2309 et

2038 2328 2138 2405 pro
2185 2343 2412 2405 peccato
2456 2350 2568 2389 non
2628 2337 2955 2406 placuerunt
2998 2341 3132 2410 tibi;
3193 2360 3392 2415 corpus
3432 2354 3618 2403 autem

2039 2428 2235 2498 aptasti
2262 2428 2429 2495 mihi;
2449 2436 2580 2483 tunc
2608 2429 2720 2484 dixi
2744 2447 2757 2483 ι
2779 2431 2919 2487 Ecce
2934 2434 3115 2500 venio,
3139 2443 3202 2490 ut
3217 2437 3431 2505 faciam,
3451 2441 3616 2510 Deus,

2037 2520 2376 2575 voluntatem
2416 2529 2565 2576 tuam
2595 2522 2660 2576 ".
2694 2541 2713 2573 ι
2768 2523 2898 2590 Quae
2921 2536 3106 2581 autem
3152 2531 3298 2585 esset
3325 2544 3390 2586 ea
3439 2534 3621 2590 Patria

2038 2611 2311 2677 voluntas,
2341 2612 2457 2683 ipse
2490 2628 2591 2668 nos
2635 2613 2691 2667 in
2737 2613 3051 2687 Evangeliis
3099 2618 3288 2676 docuit
3356 2636 3371 2672 :
3408 2639 3427 2675 ι
3478 2622 3617 2690 Quia

2037 2702 2296 2758 descendi
2358 2704 2426 2759 de
2494 2706 2671 2771 calo,
2745 2720 2855 2761 non
2899 2712 2961 2763 ut
3031 2709 3227 2765 faciam
3279 2713 3619 2771 voluntatem

2038 2806 2236 2857 meam,
2270 2791 2365 2847 sed
2402 2794 2744 2848 voluntatem
2776 2796 2895 2866 ejus
2927 2797 3021 2867 qui
3051 2799 3202 2856 misit
3236 2816 3361 2869 me;
3399 2802 3515 2859 haec
3535 2814 3622 2859 est

2037 2893 2220 2953 autem
2247 2884 2503 2941 voluntas
2534 2885 2654 2956 ejus
2686 2887 2779 2956 qui
2813 2889 2966 2943 misit
2991 2904 3098 2956 me,
3133 2892 3333 2959 Patris,
3359 2902 3418 2950 ut
3453 2910 3619 2950 omne

2037 2976 2183 3049 quod
2210 2974 2363 3032 dedit
2388 2977 2546 3043 mihi,
2566 2994 2675 3032 non
2700 2980 2925 3049 perdam
2958 2999 3025 3038 ex
3056 2999 3142 3050 eo,
3178 2985 3275 3041 sed
3293 2989 3618 3044 resuscitem

2040 3068 2173 3123 illud
2200 3069 2256 3121 in
2278 3067 2578 3123 novissimo
2602 3068 2691 3123 die
2725 3071 2770 3101 "
2805 3088 2818 3123 :
2852 3091 2870 3122 ι
2904 3072 3038 3126 Nam
3069 3076 3428 3146 semetipsum
3452 3080 3618 3133 obtun-

2036 3157 2103 3210 lit
2148 3171 2251 3227 pro
2277 3156 2439 3211 nobis
2477 3158 2537 3225 in
2574 3158 2798 3213 odorem
2835 3162 3120 3218 suavitatis
3148 3165 3230 3231 ⁸⁸,
3284 3166 3355 3221 ob
3386 3180 3620 3239 eamque

2039 3260 2259 3303 causam
2293 3250 2458 3303 etiam
2489 3250 2686 3304 summi
2715 3252 3015 3308 sacerdotis
3056 3265 3141 3311 est
3168 3256 3433 3329 dignitate
3480 3261 3620 3316 insia-

2040 3340 2243 3410 gnitus.
2283 3336 2403 3410 Ipse
2436 3340 2603 3412 igitur
2634 3346 2718 3396 est
2744 3349 2992 3400 summus
3032 3349 3309 3415 sacerdos,
3351 3351 3467 3420 ipse
3501 3353 3621 3424 thy-

2040 3430 2239 3486 miama
2288 3431 2651 3503 compositum
2681 3446 2745 3489 ac
2787 3442 2974 3501 tenue,
3017 3440 3164 3508 quod
3189 3440 3367 3512 ipsum
3414 3444 3620 3502 Paulus

2039 3524 2127 3579 his
2172 3525 2356 3580 verbis
2384 3534 2615 3583 testatus
2652 3538 2774 3585 est:
2819 3548 2838 3581 ‹
2881 3530 2993 3585 Deo
3028 3540 3213 3588 autem
3259 3536 3483 3606 gratias,
3521 3540 3619 3608 qui

2039 3624 2254 3686 Semper
2270 3619 2572 3690 triumphat
2600 3639 2698 3677 nos
2728 3625 2783 3678 in
2806 3624 3048 3689 Christo,
3079 3633 3135 3679 et
3166 3625 3390 3681 odorem
3409 3630 3622 3684 notitia:

2040 3720 2152 3761 suae
2177 3708 2489 3765 manifestat
2511 3726 2609 3780 per
2634 3728 2735 3767 nos
2769 3713 2823 3767 in
2858 3714 3008 3768 omni
3032 3714 3153 3768 loco
3179 3732 3194 3780 ;
3231 3715 3436 3771 Christi
3468 3719 3619 3772 enim

2038 3792 2218 3850 bonus
2254 3797 2392 3852 odor
2421 3814 2611 3855 sumus
2662 3800 2774 3856 Deo
2800 3801 2855 3856 in
2901 3802 2969 3857 iis
2992 3804 3084 3872 qui
3106 3804 3243 3858 salvi
3284 3804 3440 3872 fiunt,
3472 3815 3528 3861 et
3563 3808 3616 3861 in

2040 3885 2109 3941 iis
2147 3889 2240 3958 qui
2286 3901 2523 3959 pereunt
2554 3910 2566 3945 :
2606 3892 2706 3948 his
2734 3893 2956 3963 quidem
2993 3896 3129 3950 odor
3147 3897 3341 3952 mortis
3368 3898 3424 3951 in
3456 3914 3613 3953 mor-

2040 3985 2149 4033 tem
2178 4020 2193 4044 ,
2240 3980 2348 4036 illis
2398 3988 2531 4038 Vero
2592 3983 2729 4038 odor
2800 3985 2928 4040 vitae
2978 3988 3035 4041 in
3093 3987 3261 4042 vitam
3308 3988 3373 4045 ".
3412 4008 3431 4041 ι
3507 3990 3617 4045 Nos

2037 4070 2203 4129 etiam
2266 4073 2688 4144 alloquebatur,
2769 4077 3019 4133 dicens:
3098 4098 3116 4130 ι
3191 4081 3379 4136 Estotc
3447 4082 3616 4153 igitur

2038 4164 2344 4220 imitatores
2383 4168 2501 4232 Dei,
2548 4176 2609 4222 ut
2633 4168 2730 4224 filii
2769 4171 3099 4235 charissimi,
3141 4179 3195 4226 et
3232 4173 3508 4227 ambulate
3556 4176 3616 4230 in

2038 4253 2356 4324 dilectione,
2399 4259 2542 4314 sicut
2563 4268 2619 4314 et
2647 4261 2902 4316 Christus
2931 4263 3122 4316 dilexit
3154 4277 3275 4329 nos,
3311 4272 3366 4317 et
3392 4265 3617 4320 tradidit

2038 4363 2095 4400 se
2113 4338 2292 4415 ipsum
2326 4364 2426 4418 pro
2448 4351 2608 4405 nobis
2631 4351 2989 4416 oblationem,
3022 4363 3081 4424 et
3117 4354 3354 4408 hostiam
3396 4356 3530 4421 Deo,
3557 4357 3615 4412 in

2037 4437 2261 4493 odorem
2292 4440 2581 4495 suavitatis
2630 4442 2694 4495 ⁸ο.
2740 4461 2758 4492 ι
2806 4443 3046 4513 Tempus
3086 4455 3351 4515 praeterea
3403 4447 3613 4506 incensi

353 4539 453 4592 καὶ
479 4539 548 4591 δι’
575 4533 648 4590 ῶν
678 4537 742 4590 ἂν
773 4539 903 4607 ἡμῖν
922 4535 1078 4601 ἡτῶν
1101 4537 1179 4598 είς
1217 4532 1278 4586 τὸ
1307 4534 1436 4585 εἴσω
1470 4534 1840 4604 θεωρημάτων
1871 4530 1930 4588 εὖ

2038 4528 2291 4583 adolendi
2316 4530 2667 4585 manifestum
2694 4523 2844 4596 fecit,
2875 4547 2939 4586 ac
2967 4534 3161 4597 sancit,
3200 4544 3259 4590 ut
3305 4536 3487 4590 omnia
3521 4552 3614 4592 ora

353 4629 469 4700 ἔχοι
490 4627 736 4698 δύναμις.
761 4645 778 4678 ι
803 4627 875 4679 Τὸ
899 4624 1042 4696 πρωῒ
1075 4643 1093 4675 ›
1114 4624 1243 4694 γὰρ,
1269 4624 1424 4693 φησὶ,
1451 4642 1467 4674 ι
1501 4624 1595 4677 καὶ
1617 4625 1679 4676 τὸ
1708 4625 1804 4693 ὀψὲ
1825 4624 1934 4679 τῶν

351 4720 564 4789 λύχνων
587 4718 965 4789 ὲξαπτομένων
997 4716 1090 4769 καὶ
1121 4713 1606 4782 ἑπισκιαξομένωνς
1650 4735 1669 4767 ³
1715 4714 1809 4768 τοῦ
1835 4715 1933 4785 μὲν

351 4810 454 4879 ὀψὲ
484 4811 577 4862 καὶ
613 4808 779 4880 πρωῒ,
821 4809 881 4862 τὸ
905 4808 1250 4862 άδιάλειπτόν
1299 4823 1359 4858 τε
1390 4807 1483 4859 καὶ
1535 4806 1784 4875 διηνεκὲς
1833 4808 1931 4878 ὲμο

357 4902 665 4970 φαίνοντος,
688 4900 781 4954 τοῦ
807 4899 864 4954 δὲ
893 4901 999 4953 ὑπὸ
1027 4899 1241 4970 λύχνοις
1267 4897 1463 4968 χρῆναι
1498 4896 1718 4968 θυμιᾷν,
1752 4899 1929 4951 ἐκεῐνὸ

352 5010 461 5047 που
514 4993 653 5063 τάχα
720 4991 1155 5063 παραδηλοῦντος
1200 4985 1259 5044 εὖ
1311 4989 1482 5059 μάλα,
1541 4989 1622 5041 ὅτι
1665 4989 1804 5058 φωτὶ
1852 4987 1931 5059 τῷ

351 5084 487 5153 θείῳ
538 5082 1039 5153 καταλαμπόμενοι,
1091 5083 1210 5134 τότε
1248 5080 1333 5149 δὴ,
1381 5083 1500 5133 τότε
1550 5080 1649 5150 τῆς
1709 5079 1934 5143 εὐωδίας

351 5173 592 5242 Χριστοῦ
631 5174 901 5235 πλουσίως
959 5170 1447 5239 ἀναπιμπλάμεθα,
1502 5170 1625 5239 ἴμεν
1681 5185 1739 5221 τε
1790 5167 1932 5221 οὕτω

352 5266 495 5337 πρὸς
522 5267 770 5337 αἴσθησιν
803 5267 910 5319 τῶν
942 5264 1047 5316 ἔσω
1069 5265 1267 5333 σκηνῆς
1298 5261 1535 5331 ἀγαθῶν,
1556 5263 1674 5332 ἦτοι
1703 5258 1799 5331 τῆς
1825 5259 1932 5313 τῶν

351 5358 516 5411 θείων
567 5359 920 5429 χαρισμάτων
968 5355 1247 5423 διανομῆς,
1283 5355 1346 5422 ἦν
1374 5356 1485 5415 τοῖς
1532 5353 1703 5418 ἀξίοις
1750 5352 1931 5422 ὀρέγει

352 5450 609 5520 Χριστός.
641 5451 802 5502 Ὥστε
852 5449 1025 5508 εἴτις
1080 5444 1232 5496 οὔπω
1280 5446 1500 5511 γέγονεν
1549 5446 1607 5496 ἐν
1662 5445 1800 5513 φωτὶ⁸
1842 5442 1928 5496 διὰ

352 5543 617 5607 πίστεως,
651 5542 766 5594 ἔστι
799 5558 901 5592 που
946 5539 1162 5599 πάντως
1204 5537 1298 5589 καὶ
1325 5536 1419 5604 τῆς
1453 5535 1653 5606 νοητῆς
1699 5535 1928 5598 εὐωδίας

357 5633 652 5703 ἀμέτοχος,
717 5631 798 5684 ἔτι
854 5629 915 5682 τὸ
958 5626 1193 5696 Χριστοῦ
1247 5625 1323 5694 μὴ
1386 5624 1541 5688 εἰδὼς
1597 5627 1924 5695 μυστήριον.

433 5753 478 5783 ⁸³
519 5750 686 5805 Hebr.
751 5765 826 5812 ut,
870 5746 956 5799 2L
1060 5743 1106 5775 ⁸⁸
1140 5743 1336 5812 Ephes.
1371 5760 1427 5801 ιι,
1479 5743 1565 5797 14.

1665 5744 1710 5774 ⁸⁵
1756 5744 1928 5798 Exod.
1970 5760 2094 5805 xxx,
2127 5744 2178 5795 7.

2041 4618 2227 4674 dinate
2273 4625 2330 4673 et
2356 4620 2586 4675 honeste
2615 4620 2770 4687 ﬁant,
2797 4629 2855 4676 et
2882 4622 2956 4677 ita
2988 4631 3050 4678 ut
3076 4624 3144 4679 iis
3170 4624 3238 4678 ad
3272 4624 3613 4681 internarum

2036 4725 2220 4763 rerum
2259 4711 2778 4781 contemplationem
2824 4720 3029 4769 nostra:
3051 4713 3197 4769 vires
3222 4715 3551 4786 adiuventur
3597 4735 3611 4770 :

2043 4822 2059 4851 ε
2084 4802 2257 4867 Mane,
2283 4823 2299 4852 ι
2328 4791 2528 4873 inquit,
2563 4822 2580 4855 ι
2602 4805 2658 4858 et
2673 4805 2887 4874 vesperi
2909 4816 3033 4859 cum
3050 4806 3288 4861 lucernae
3304 4800 3612 4863 acCendun-

2038 4893 2128 4949 tur
2147 4902 2203 4949 et
2226 4906 2631 4966 componuntur
2655 4896 2695 4928 ⁶¹
2721 4913 2734 4961 ;
2767 4912 2859 4952 iac
2884 4912 3043 4953 mane
3063 4899 3286 4969 quidem
3305 4907 3361 4954 et
3388 4915 3617 4970 vespere

2038 4987 2357 5041 continuum
2402 4996 2840 5058 perpetuumque
2868 4989 3082 5059 tempus
3119 4989 3364 5045 indicant
3397 5009 3409 5043 :
3452 5007 3616 5060 porro

2039 5094 2163 5131 cum
2186 5077 2839 5143 accendunturlucernte,
2891 5080 3220 5135 adoicndiun
3264 5095 3386 5135 esse
3427 5080 3617 5135 incen-

2040 5182 2182 5231 sum,
2212 5164 2344 5220 illud
2366 5165 2615 5220 fortassis
2650 5175 2778 5236 apte
2815 5166 3105 5237 significat,
3149 5181 3273 5221 cum
3302 5165 3492 5220 divino
3526 5165 3614 5219 lu-

2042 5250 2188 5313 mine
2216 5252 2570 5321 illustramur,
2609 5264 2721 5310 tum
2747 5257 2967 5311 demum
3013 5257 3218 5311 Christi
3251 5256 3399 5310 bono
3445 5256 3617 5312 odore

2038 5367 2138 5406 nos
2177 5350 2394 5405 abunde
2431 5349 2714 5420 compleri,
2744 5349 2896 5403 etita
2932 5348 3000 5401 ad
3031 5348 3312 5402 interioris
3360 5348 3616 5407 taberna-

2035 5443 2142 5497 culi
2189 5441 2355 5505 bona.
2390 5430 2553 5511 309
2592 5441 2645 5495 id
2668 5450 2770 5503 est,
2834 5440 2900 5493 ad
2935 5439 3118 5494 divina
3180 5455 3407 5495 munera
3432 5443 3617 5512 perci-

2032 5526 2230 5605 pienda
2277 5548 2524 5604 pergere,
2576 5547 2697 5600 quae
2738 5531 2990 5585 Christus
3039 5529 3105 5584 iis
3159 5530 3251 5600 qui
3287 5531 3434 5602 digni
3476 5540 3607 5587 sunt

2032 5625 2282 5696 largitur.
2312 5614 2520 5690 itaque,
2551 5623 2595 5677 si
2625 5620 2748 5689 quis
2774 5621 3019 5676 nondum
3047 5632 3130 5677 cst
3163 5622 3218 5677 in
3260 5623 3468 5677 lumine
3516 5632 3617 5694 p‘e'r

2286 5742 2331 5772 "
2362 5740 2503 5796 Psal.
2550 5755 2740 5804 xxxrx,
2771 5742 2883 5796 7-9.
2961 5742 3003 5773 ⁸⁷
3052 5743 3205 5798 Joan.
3262 5758 3359 5809 v1,
3419 5734 3612 5793 3840.

355 5822 405 5853 ⁸⁸
427 5821 628 5894 Ephes.
662 5836 713 5885 v,
752 5810 819 5870 il
885 5816 928 5846 ⁵³
968 5814 1007 5868 ll
1035 5814 1161 5867 Cor.
1186 5810 1272 5877 ἠ,
1321 5813 1494 5867 14-16.
1573 5813 1614 5844 ⁶⁰
1648 5813 1844 5881 Ephes.
1878 5830 1927 5879 v,

2050 5815 2101 5865 2.
2181 5813 2222 5844 “
2249 5811 2419 5865 Exod.
2451 5826 2574 5876 xxx,
2615 5810 2665 5863 7.
2724 5853 2740 5869 δ
