4142 6296
615 323 723 380 695

2836 227 2852 263 Ι

1632 316 1690 374 S.
1731 317 2008 375 CYRILLI
2044 319 2177 375 ALE

2272 309 2511 375 ,NDRlNl
2556 318 2873 376 AliClllEP.
3166 380 3169 383 .
3756 339 3849 395 διι

618 444 800 507 ﬁdem,
834 444 918 495 cst
970 438 1161 511 procul
1195 436 1363 492 dubio
1406 435 1709 507 spiritualis
1731 438 1921 492 odoris
1964 454 2177 508 expers,

2294 457 2311 490 ι
2346 441 2468 492 Ἐὰν
2520 440 2628 510 γὰρ
2666 439 2739 509 μὴ
2799 439 3146 509 πιστεύσητε,
3208 441 3316 494 οὐδ’
3363 441 3422 495 ού
3477 442 3557 514 μὴ
3593 448 3787 519 συνῆτε,
3822 486 3837 507 ι

616 531 939 588 cumadbuc
963 529 1165 586 Christi
1187 528 1506 601 mysterium
1542 529 1755 599 ignoret
1792 546 1804 581 :
1842 547 1860 579 ι
1904 529 2018 583 Nisi
2039 529 2188 584 enim

614 622 980 687 credideritis,
1002 640 1020 673 ι
1043 620 1241 690 inquit,
1272 639 1290 671 ι
1314 635 1425 674 non
1455 619 1771 690 intelligetis
1798 621 1893 672 ⁶².›
1927 620 2023 673 Est
2041 620 2188 674 enim

615 714 748 769 ﬁdes
772 714 922 769 velut
950 712 1163 784 primus
1194 712 1378 767 aditus
1398 711 1469 765 ad
1486 711 1811 780 sapientiam
1855 710 2184 780 perducens,

614 810 961 872 mentemque
989 800 1394 871 quodammodo
1455 799 1524 853 ad
1553 798 1726 852 divini
1766 798 1994 853 luminis
2031 790 2186 853 fece-

614 895 855 963 ptionem
877 893 1073 962 aperit.
1101 890 1541 948 Continuationis
1566 898 1749 945 autem
1784 890 2070 945 incensum
2093 905 2188 960 ap-

613 987 813 1057 pellat;
852 985 1062 1040 nullum
1087 983 1289 1054 quippe
1316 991 1534 1052 tempus
1555 990 1659 1046 est,
1690 981 1824 1050 quin
1845 980 2099 1035 Christus
2129 980 2186 1034 in

614 1084 802 1131 sancto
855 1073 1227 1137 tabernaculo,
1285 1072 1390 1127 hoc
1413 1078 1517 1135 est,
1570 1071 1626 1125 in
1665 1058 1928 1134 Ecclesia,
1959 1069 2186 1124 odorem

612 1167 803 1237 spiret.
850 1165 1133 1221 lnterdicit
1183 1172 1364 1218 autem
1411 1176 1635 1232 prorsus
1682 1176 1752 1215 ne
1799 1175 1966 1230 super
2004 1160 2182 1225 illum,

615 1258 871 1313 nimirum
898 1272 1063 1327 super
1083 1256 1254 1310 altare
1282 1253 1506 1317 Christi,
1563 1252 1802 1306 libamen
1847 1251 2183 1321 imponatur,

613 1358 706 1405 aut
724 1348 986 1404 offeratur
1006 1346 1239 1411 oblatio;
1270 1359 1397 1399 nam
1440 1344 1499 1397 in
1540 1342 1760 1398 Christo
1808 1342 2011 1397 abolita
2056 1349 2186 1396 sunt

611 1457 731 1511 quae
750 1442 886 1512 legis
903 1447 1080 1505 erant,
1115 1447 1170 1494 et
1196 1438 1265 1492 ad
1281 1437 1446 1493 ﬁnem
1473 1434 2047 1506 perveniuntumbrre,
2078 1434 2184 1488 hoc

610 1538 712 1595 est,
751 1537 810 1584 ut
839 1529 1054 1599 opinor,
1088 1527 1329 1582 libamen
1356 1533 1413 1580 et
1435 1524 1673 1590 oblatio;
1707 1523 1871 1593 idque
1915 1522 2182 1593 prOpheta

612 1626 864 1682 testatur,
889 1617 1080 1672 dicens
1130 1633 1143 1668 :
1184 1634 1201 1666 ι
1230 1614 1426 1669 Ablata
1482 1620 1611 1668 sunt
1648 1613 1715 1667 de
1762 1610 1925 1665 domo
1964 1610 2182 1665 Domini

610 1707 937 1763 sacriﬁcium
993 1717 1049 1761 et
1071 1706 1310 1760 libamen
1353 1704 1420 1756 ⁸³.
1463 1723 1481 1757 ι
1523 1704 1790 1773 Namque,
1840 1700 2181 1755 manifestato

612 1804 716 1873 iam
746 1803 839 1856 illo
866 1801 1203 1856 adorationis
1226 1806 1284 1854 et
1308 1799 1489 1853 cultus
1534 1812 1756 1868 genere,
1779 1796 1924 1867 quod
1950 1796 2178 1851 exhihe-
2214 1781 2250 1834 Β

614 1900 702 1946 tur
730 1893 785 1948 in
811 1892 1007 1963 spiritu
1030 1898 1086 1946 et
1120 1890 1376 1954 veritate,
1418 1903 1767 1959 supervacuae
1802 1894 1932 1942 sunt
1972 1886 2182 1941 umbra:

611 1982 1033 2053 quodammodo,
1073 1991 1130 2037 et
1164 1980 1357 2035 inanes
1377 1981 1563 2051 ﬁgurae
1591 1994 1655 2033 ac
1679 1993 1906 2049 prorsus
1925 1978 2178 2045 inutiles;

610 2093 749 2132 nova
790 2077 999 2147 quippe
1042 2082 1294 2130 creatura
1329 2073 1384 2127 in
1434 2071 1656 2127 Christo
1692 2088 1707 2123 :
1746 2086 1777 2125 a
1820 2071 1995 2141 gratia
2033 2070 2179 2125 enim

610 2169 949 2234 exciderunt,
972 2166 1065 2238 qui
1094 2174 1217 2236 post
1244 2165 1667 2221 declarationem
1713 2162 1962 2217 veritatis
1985 2162 2041 2216 in
2098 2163 2179 2219 le-

608 2276 673 2330 ge
689 2260 1133 2333 justiﬁcantur“.
1159 2278 1174 2308 ι
1199 2257 1318 2312 Non
1351 2256 1600 2326 impones
1621 2261 1903 2324 praeterea,
1931 2272 1949 2305 ι
1978 2254 2177 2323 inquit,

612 2373 632 2406 ι
655 2368 820 2423 super
841 2353 1011 2407 altare
1029 2354 1313 2405 incensum
1335 2347 1568 2413 aliud“;
1596 2365 1613 2399 ι
1648 2346 1817 2401 alium
1859 2346 2006 2402 enim
2037 2347 2177 2401 ieci—

606 2447 820 2517 piemus
845 2446 902 2500 in
928 2444 1147 2500 Christo
1170 2456 1393 2513 prorsus
1407 2439 1704 2507 neminem,
1746 2454 1947 2510 neque,
1977 2439 2174 2509 Rabbi,

605 2540 860 2609 cuiquam
892 2535 1048 2591 alteri
1088 2535 1367 2599 dicemus;
1413 2547 1554 2587 unus
1606 2538 1692 2587 est
1735 2531 1881 2586 enim
1919 2532 2178 2603 magister

604 2642 812 2697 noster,
862 2645 927 2685 ac
969 2633 1273 2699 praeceptor
1299 2625 1377 2692 “,
1406 2624 1567 2694 eique
1617 2623 1719 2679 soli
1763 2623 2173 2688 inhaerebimus,

605 2725 889 2779 dicentes:
932 2739 950 2772 ι
979 2720 1328 2791 Unguentum
1368 2714 1705 2772 exinanitum
1763 2728 1963 2769 nomen
1997 2721 2172 2768 tuum.

614 2816 913 2886 Propterea
940 2808 1358 2866 adolescentula:
1400 2807 1713 2863 dilexerunt
1756 2814 1850 2861 te:
1891 2812 2176 2861 traxerunt

605 2921 692 2961 mc
719 2911 842 2975 post
874 2910 926 2957 te
957 2901 1050 2956 :in
1080 2899 1304 2956 odorem
1345 2908 1749 2971 unguentorum
1788 2905 2007 2951 tuorum
2043 2910 2172 2951 cur-

606 3010 792 3050 rcmus
828 2994 894 3048 ".
927 3011 945 3045 ι
997 2991 1190 3046 Annon
1250 2990 1354 3045 hoc
1401 2988 1536 3044 illud
1568 2995 1671 3052 est,
1730 3006 1748 3039 ι
1778 2986 1899 3043 Non
1925 2986 2175 3056 impones

602 3100 770 3155 super
799 3082 934 3138 illud
957 3081 1241 3137 incensum
1263 3077 1456 3134 aliud?
1481 3097 1501 3130 ι
1536 3076 1718 3170 Solius
1763 3075 1912 3170 enim
1939 3073 2171 3170 ‘Christi
2199 3112 2241 3170 c

600 3178 780 3234 bonus
794 3175 931 3232 odor
954 3175 1012 3230 in
1038 3172 1282 3229 Ecclesia
1310 3170 1445 3226 satis
1467 3170 1574 3225 erit
1598 3169 1667 3225 iis
1711 3167 1804 3238 qui
1837 3166 1954 3222 sani
1981 3180 2170 3221 revera

600 3276 749 3334 sunt,
809 3267 1014 3338 quique
1062 3264 1229 3319 alium
1281 3262 1508 3317 odorem
1550 3259 1776 3314 minime
1801 3265 2074 3327 quaerunt,
2111 3264 2173 3310 ut

600 3366 749 3413 certe
782 3356 1031 3411 infelices
1092 3352 1267 3409 Judaei
1318 3350 1550 3414 faciunt,
1601 3350 1697 3419 qui
1749 3349 1887 3404 illud
1942 3347 2173 3420 thymia-

601 3464 690 3503 ma
740 3445 1104 3517 compositum
1175 3459 1242 3497 ac
1309 3451 1472 3497 tenue
1501 3481 1517 3506 ,
1568 3440 1624 3495 id
1678 3447 1802 3505 est,
1855 3438 2160 3503 Christum,

599 3554 716 3609 prae
777 3535 1032 3607 superbia
1055 3575 1069 3601 ,
1118 3532 1358 3588 ludibrio
1411 3531 1654 3596 habent,
1711 3538 1767 3585 et
1818 3529 1961 3585 sacri
2007 3530 2172 3600 hujus

598 3644 664 3684 ac
688 3644 817 3684 sane
835 3625 1007 3682 divini
1050 3624 1238 3680 odoris
1259 3630 1511 3694 expertes
1557 3629 1956 3685 remanserunt,
2003 3619 2169 3676 alium

598 3726 781 3775 autem
810 3732 913 3789 pro
952 3730 1019 3772 eo
1070 3713 1360 3784 recipient,
1418 3711 1573 3765 illum
1615 3724 1812 3780 nempe
1861 3708 2030 3764 ﬁlium
2069 3711 2171 3766 ini-

598 3809 844 3879 quitatis,
867 3826 885 3859 ι
907 3805 1000 3877 qui
1024 3805 1365 3869 adversatur,
1385 3810 1442 3857 et
1456 3801 1735 3857 extollitur
1750 3815 1913 3871 super
1929 3815 2167 3869 omnem,

597 3901 693 3971 qui
718 3899 919 3955 dicitur
947 3898 1112 3961 Deus,
1146 3902 1240 3950 aut
1278 3892 1425 3964 quod
1469 3892 1699 3958 colitur;
1744 3892 1820 3946 ita
1853 3898 1916 3945 ut
1955 3892 2070 3962 ipse
2113 3892 2169 3946 in

595 3986 802 4056 templo
826 3983 944 4050 Dei,
986 3990 1048 4038 ut
1069 3981 1334 4051 scriptum
1362 3987 1466 4045 est,
1518 3979 1723 4044 sedeat,
1744 3980 2035 4035 ostendens
2089 3997 2167 4047 se,

596 4090 856 4149 tanquam
890 4076 962 4132 sit
999 4076 1145 4131 Deus
1190 4073 1266 4140 ‘3;
1295 4093 1312 4125 ι
1358 4072 1454 4144 qui
1480 4071 1727 4127 divinum
1761 4071 2170 4127 tabernaculum

593 4168 761 4224 etiam
795 4164 1065 4236 inquinat,
1100 4177 1226 4218 cum
1277 4162 1350 4217 sit
1401 4160 1586 4216 fumus
1628 4159 1858 4224 alienus,
1885 4167 1960 4225 et,
2011 4159 2170 4215 utita

593 4242 792 4327 dicam,
815 4256 1119 4313 diabolicus
1138 4254 1312 4309 fetor:
1337 4253 1501 4324 310
1528 4272 1545 4303 ι
1580 4250 1699 4307 Erit
1721 4250 1887 4316 enim,
1919 4270 1937 4302 ι
1969 4249 2166 4321 inquit,

601 4373 618 4404 ι
641 4340 789 4407 illius
810 4349 1075 4406 adventus
1094 4346 1396 4403 secundum
1431 4342 1805 4416 operationem
1822 4342 2034 4399 Satanae
2049 4344 2113 4397 ⁸³.
2142 4363 2161 4395 ι

2290 532 2443 602 φησί.
2492 530 2774 602 Προσὸολὴ
2800 530 2906 601 γὰρ
2952 533 2984 600 ὴ
3025 532 3228 597 πίστις,
3254 537 3333 598 είς
3383 535 3597 591 σύνεσιν
3644 540 3830 612 ἀποφὲ-

2290 635 2478 691 ρουσα,
2514 622 2611 675 καὶ
2639 622 2803 674 οἱονεὶ
2834 622 2969 693 πρὸς
3018 624 3330 696 παραδοχὴν
3380 624 3475 679 τοῦ
3504 626 3644 681 θείου
3676 636 3832 699 φωτὸς

2289 710 2533 764 ἀπλοῦσα
2575 711 2667 763 τὸν
2712 708 2857 763 νοῦν.
2926 711 3333 783 Ἐνδελεχισμοῦ
3393 713 3451 768 δὲ
3501 717 3741 788 ὀνομάζει
3780 723 3831 775 τὸ

2288 800 2556 870 θυμίαμα.
2588 800 2794 870 Καιρδς
2826 800 2933 872 γάρ
2978 801 3171 868 οὐδεὶς,
3192 803 3314 856 καθ’
3356 803 3414 858 ὃν
3446 806 3545 858 οὐκ
3577 808 3832 876 samaras;

2285 892 2517 963 Χριστὸς
2549 895 2606 946 ἐν
2631 895 2697 963 τῇ
2717 893 2848 963 ἁγίᾳ.
2882 897 3074 964 σκηνῇ,
3109 895 3405 955 τουτέστιν,
3447 900 3505 950 έν
3532 901 3596 969 τῇ
3629 894 3830 975 Ἐκκλη-

2287 983 2398 1053 σία..
2436 982 2773 1050 ’Λποφάσκει
2826 982 2885 1036 δὲ
2933 983 3231 1051 παντελῶς,
3267 986 3328 1039 τὸ
3365 987 3476 1040 δεῖν
3526 989 3612 1042 ἐπ’
3663 993 3829 1060 αὐτοῦ,

2283 1073 2441 1142 δῆλον
2470 1072 2527 1125 δὲ
2556 1073 2637 1125 ὅτι
2669 1071 2763 1125 τοῦ
2794 1072 3179 1146 θυσιαστηρίου
3205 1075 3299 1128 τοῦ
3339 1077 3599 1148 Χριστοῦ,
3623 1083 3830 1155 σπονδὴν

2286 1163 2666 1225 κατακεῖσθαι,
2694 1164 2788 1217 καὶ
2835 1164 3251 1237 ἀναφέ[ρε]σθαι
3299 1167 3601 1240 κάρπωμα.
3632 1171 3830 1243 Κατήρ-

2283 1272 2447 1325 γηται
2472 1254 2580 1325 γὰρ
2618 1256 2673 1307 ἐν
2699 1255 2919 1326 Χριστῷ
2954 1255 3022 1309 τά
3049 1258 3107 1309 ὲν
3147 1257 3316 1327 νόμῳ,
3342 1260 3435 1312 καὶ
3463 1261 3545 1324 είς
3576 1261 3722 1325 τέλος
3750 1265 3829 1334 ἔρ-

2284 1364 2476 1400 πουσιν
2501 1346 2557 1401 αί
2588 1347 2758 1401 σκιαί.
2787 1345 2979 1411 Τοῦτο,
3009 1344 3185 1417 οἶμαι,
3217 1347 3332 1402 ἐστι
3367 1350 3569 1423 σπονδὴ
3606 1354 3697 1407 καὶ
3716 1356 3832 1428 κάρα

2284 1457 2469 1510 πωμα.
2522 1440 2630 1493 Καὶ
2670 1441 2938 1511 μαρτυρεῖ
2965 1439 3137 1508 λέγων
3180 1443 3209 1494 ὁ
3256 1444 3567 1514 προφήτης·
3606 1464 3625 1497 ι
3660 1430 3830 1519 Ἒξῆρ.

2281 1549 2370 1585 ται
2403 1532 2461 1598 ἐξ
2512 1532 2660 1585 οἴκου
2709 1532 2914 1605 Κυρίου
2951 1531 3110 1585 θυσία
3157 1533 3250 1587 καὶ
3317 1524 3540 1609 σπονδή.
3570 1556 3588 1588 ι
3645 1538 3836 1592 Ἀναδε-

2282 1622 2571 1695 δειγμένης
2612 1626 2721 1695 γάρ
2764 1624 2864 1695 ἤδη
2903 1625 3003 1695 τῆς
3051 1626 3110 1680 ὲν
3159 1625 3431 1697 πνεύματι
3484 1629 3585 1681 καὶ
3631 1629 3837 1703 ἀληθείᾳ

2286 1716 2712 1787 προσκυνήσεως
2750 1718 2844 1771 καὶ
2862 1717 3137 1788 λατρείας,
3171 1720 3424 1790 περιτταί
3448 1738 3572 1784 πως
3598 1723 3652 1774 al
3681 1723 3836 1789 σκιαὶ,

2282 1808 2376 1861 καὶ
2408 1808 2469 1861 τὸ
2521 1809 2580 1862 ὲν
2632 1810 2820 1873 τύποις
2871 1811 3075 1864 είκαῖον
3110 1811 3201 1864 καὶ
3241 1812 3496 1883 ἀνόνητον
3546 1814 3835 1878 παντελῶς·

2282 1899 2442 1970 καινὴ
2467 1900 2573 1971 γὰρ
2621 1901 2798 1964 κτίσις
2829 1903 2887 1954 ὲν
2924 1900 3167 1974 Χριστῷ.
3213 1899 3328 1974 Τῆς
3361 1905 3470 1973 γὰρ
3498 1906 3723 1979 χάριτος
3760 1910 3838 1963 ὲκ.

2281 1989 2630 2044 πεπτώκασιν
2658 1993 2710 2045 οί
2746 1995 2803 2045 ὲν
2830 1992 2976 2064 νόμῳ
3020 1992 3386 2066 δικαιούμενοι
3421 1996 3565 2067 μετὰ
3620 2000 3716 2071 τὴν
3740 2001 3839 2072 τῆς

2279 2083 2536 2153 ἀληθείας
2592 2081 2883 2150 ἀνάδειξιν.
2946 2105 2963 2137 ι
3025 2087 3138 2141 Οὐκ
3195 2088 3431 2154 ἀνοίσεις
3473 2089 3574 2154 δὲ,
3604 2110 3623 2144 ι
3653 2093 3835 2163 φησὶν,

2288 2173 2428 2225 «ἐπὶ
2469 2173 2530 2226 τὸ
2592 2174 2971 2247 θυσιαστήριον
3011 2176 3261 2248 θυμίαμα
3314 2177 3517 2250 ἕτερον.
3594 2199 3613 2233 ι
3668 2184 3839 2253 Παρα-

2279 2261 2544 2331 δεξόμεθα
2578 2262 2687 2333 γὰρ
2714 2264 2773 2316 ὲν
2809 2264 3030 2335 Χριστῷ
3063 2265 3246 2338 ἓτερον
3301 2268 3589 2333 παντελῶς
3646 2270 3838 2325 οὐδένα.

2289 2351 2479 2404 'Pa66l
2507 2352 2563 2405 δὲ
2596 2351 2702 2405 τῶν
2729 2351 2898 2406 ὄντων
2941 2353 3174 2425 ἐροῦμεν
3204 2354 3397 2411 οὐδενί.
3436 2351 3543 2422 Εἷς
3568 2358 3677 2429 γὰρ
3699 2357 3842 2431 ἡμῶν

2276 2442 2592 2508 διδάσκαλος
2647 2444 2737 2498 καὶ
2792 2443 3140 2516 καθηγητὴς,
3206 2447 3299 2501 καὶ
3358 2448 3509 2521 αὐτῷ
3578 2449 3643 2522 δή
3710 2449 3843 2520 μόνῳ

2277 2534 2730 2605 προσκεισόμεθα,
2756 2534 3023 2605 λέγοντες,
3064 2555 3082 2588 ι
3118 2537 3304 2610 Μῦρον
3337 2538 3650 2594 ὲκκενωθὲν
3682 2540 3844 2611 ὄνομά

2278 2640 2392 2678 σου.
2427 2625 2526 2679 Διὰ
2549 2625 2709 2680 τοῦτο
2736 2625 2972 2691 νεάνιδες
3003 2628 3294 2700 ἠγάπησαν
3335 2645 3416 2685 σε.
3446 2629 3727 2686 Εἴλκυσάν
3760 2648 3841 2701 με.

2274 2714 2448 2767 ὀπίσω
2494 2730 2587 2767 σου
2630 2717 2709 2780 είς
2760 2715 2934 2789 ὀσμὴν
2983 2715 3170 2788 μύρων
3215 2735 3307 2771 σου
3347 2718 3680 2790 δραμοῦσαι.
3717 2740 3736 2772 ι
3781 2719 3845 2774 ’Ἡ

2274 2806 2396 2877 οὐχὶ
2418 2805 2575 2860 τοῦτό
2603 2808 2717 2861 ὲστι
2746 2807 2826 2872 τὸ,
2865 2827 2884 2859 ι
2922 2808 3036 2861 Οὐκ
3061 2808 3296 2874 ἀνοίσεις
3318 2810 3405 2862 ἐπ’
3439 2811 3583 2866 αὐτὸ
3607 2812 3844 2883 θυμίαμα

2275 2895 2472 2968 ἓτερον
2499 2914 2515 2965 ;
2547 2915 2566 2948 ι
2607 2897 2786 2951 Μόνου
2816 2897 2925 2970 γὰρ
2946 2899 3184 2967 Χριστοῦ
3207 2900 3267 2954 τὸ
3295 2899 3492 2966 εὐῶδες
3521 2905 3588 2957 ὲν
3626 2902 3845 2974 Ἐκκλη-

2277 2986 2365 3061 σία
2400 2991 2512 3052 τοῖς
2547 3005 2611 3058 γε
2649 2990 2864 3062 ἀληθῶς
2898 2991 3182 3063 ὲχέφροσιν
3229 2991 3483 3066 ὲξαρκοίη
3516 2995 3613 3063 ἂν,
3665 2995 3845 3067 ἐτέρας

2274 3082 2449 3152 ὀσμῆς
2491 3083 2590 3136 οὐκ
2623 3082 2956 3154 ἐφιεμένοις·
3015 3084 3269 3157 καθάπερ
3299 3085 3491 3156 ἀμέλει
3526 3084 3628 3143 καὶ
3658 3089 3709 3141 οι
3755 3086 3845 3141 τά-

2275 3174 2435 3239 λανες
2483 3174 2745 3230 Ἰουδαῖοι.
2774 3175 2847 3229 Τὸ
2886 3177 2985 3248 μὲν
3019 3178 3129 3249 γὰρ
3177 3176 3424 3249 θυμίαμα
3472 3179 3541 3233 τὸ
3603 3174 3845 3233 σύνθετον

2274 3265 2367 3318 καὶ
2429 3264 2661 3331 λεπτὸν,
2719 3264 2992 3331 τουτέστι,
3045 3265 3318 3336 Χριστὸν,
3382 3269 3500 3331 ταῖς
3572 3268 3846 3332 ἀπονοίαις

2274 3357 2733 3432 περιυϐρίζουσιν.
2768 3359 2879 3413 Kal
2900 3358 3159 3430 ἀμέτοχοι
3185 3360 3284 3432 μὲν
3320 3363 3421 3433 τῆς
3458 3363 3623 3432 ἱερᾶς
3650 3361 3846 3431 ταύτης

2273 3451 2305 3521 ἢ
2342 3450 2437 3504 καὶ
2479 3449 2629 3514 θείας
2668 3449 2882 3521 ἀληθῶς
2925 3451 3296 3523 μεμενήκασιν
3348 3450 3617 3517 εὐωδίας·
3668 3452 3846 3523 ἕτερον

2272 3542 2330 3595 δὲ
2352 3542 2468 3595 ἀντ’
2517 3539 2682 3595 αὐτοῦ
2714 3541 3130 3613 παραδέξονται,
3165 3541 3257 3594 τὸν
3291 3543 3389 3613 τῆς
3425 3542 3669 3615 ἀνομίας
3712 3542 3842 3601 υἱὸν,

2280 3653 2300 3686 ι
2327 3634 2418 3688 τὸν
2460 3632 2833 3704 ἀντικείμενον
2878 3634 2971 3688 καὶ
3029 3633 3458 3704 ὑπεραιρόμενον
3506 3635 3611 3690 ἐπὶ
3668 3630 3847 3688 πάντα

2271 3725 2559 3796 λεγόμενον
2592 3724 2724 3778 Θεὸν
2753 3723 2785 3795 ἢ
2818 3722 3086 3794 σέϐασμα,
3120 3720 3261 3776 ὥστε
3287 3723 3449 3785 αὑτὸν
3487 3726 3577 3788 εἰς
3612 3723 3705 3777 τὸν
3728 3723 3847 3777 ναὺν

2270 3813 2364 3866 τοῦ
2405 3811 2560 3878 Θεοῦ,
2611 3811 2752 3865 κατά
2786 3811 2846 3865 τὸ
2879 3811 3283 3884 γεγραμμένον,
3334 3810 3583 3880 καθίσαι,
3626 3813 3846 3868 ἀποδει-

2272 3906 2501 3959 κνύοντα
2550 3904 2742 3958 ἑαυτὸν
2775 3904 2856 3957 ὅτι
2903 3904 3019 3957 ἐστὶ
3066 3900 3215 3967 Θεὸς,
3242 3922 3261 3956 ι
3300 3902 3358 3967 ὃς
3397 3903 3490 3957 καὶ
3536 3905 3640 3976 τὴν
3703 3902 3847 3955 θείαν

2274 3992 2477 4063 σκηνὴν
2505 3993 2876 4064 καταμιαίνει,
2926 3991 3131 4055 καπνὸς
3154 3991 3230 4045 ὢν
3278 3991 3583 4063 ἀλλότριος,
3637 3994 3734 4048 καὶ
3783 3990 3846 4044 ἶν’

2271 4080 2444 4144 οὓτως
2496 4084 2653 4146 εἴπω,
2708 4081 2985 4152 κακοσμία
3037 4080 3352 4152 διαϐολική·
3418 4101 3440 4133 ι
3485 4082 3690 4135 Ἔσται
3744 4081 3850 4149 γὰρ

2271 4172 2458 4236 αὐτοῦ,
2495 4192 2512 4223 ι
2576 4174 2761 4244 φησὶν,
2816 4174 2894 4245 σή
2934 4172 3206 4243 παρουσία
3247 4175 3366 4228 κατ’
3427 4172 3723 4246 ἐνέργειαν
3755 4168 3848 4225 τοῦ

2272 4266 2505 4319 Σατανᾶ.
2536 4283 2556 4319 ι

662 4441 858 4497 PALL.
888 4439 1030 4507 Quid
1060 4437 1220 4505 dicis,
1258 4432 1530 4509 intelligo;
1562 4446 1646 4492 est
1671 4436 1818 4492 enim
1873 4435 2165 4506 perspicua

2341 4419 2547 4473 ΠΑΛΛ.
2589 4418 2816 4490 Συνίημι
2844 4418 2874 4471 ὃ
2911 4419 3036 4491 φής.
3067 4420 3178 4474 Καὶ
3218 4420 3327 4491 γάρ
3362 4419 3510 4472 ἐστιν
3553 4416 3802 4489 ἐναργὴς
3827 4416 3855 4467 ὁ

592 4545 685 4592 tua
712 4535 907 4589 oratio.
960 4560 967 4565 -

661 4626 821 4682 CYR.
861 4623 1154 4695 Propitiari
1182 4629 1365 4678 autem
1388 4635 1554 4691 super
1589 4620 1759 4675 altare
1793 4618 2162 4691 thymiamatis
2247 4672 2259 4683 ,

584 4718 744 4790 jubet
761 4715 942 4770 Aaron
965 4714 1134 4770 semel
1166 4714 1223 4767 in
1243 4727 1407 4776 anno,
1432 4719 1727 4782 ungentem
1752 4711 2015 4782 sanguine
2054 4726 2160 4781 pu-

590 4807 914 4862 riﬁcationis
932 4810 1277 4875 peccatorum
1309 4800 1488 4871 capita
1510 4816 1778 4856 cornuum
1809 4818 1822 4853 :
1858 4820 1876 4852 ‹
1899 4801 2162 4857 Sanctum

590 4897 738 4953 enim
759 4901 1073 4950 sanctorum
1103 4899 1207 4957 est,
1236 4911 1254 4942 ι
1284 4891 1481 4961 inquit.
1505 4890 1661 4958 Quod
1692 4892 1792 4947 tibi
1816 4892 2163 4963 perspicuum

592 4985 756 5041 faciet
781 4983 973 5038 beatus
1003 4980 1225 5045 Paulus,
1260 4977 1454 5037 dicens
1481 4997 1493 5033 :
1533 4999 1552 5032 ι
1580 4979 1837 5036 Christus
1873 4997 2007 5036 vero
2031 4981 2165 5035 assi-

592 5085 741 5133 stens
762 5073 1007 5147 pontifex
1028 5072 1342 5128 futurorum
1383 5070 1675 5138 bonorum,
1704 5089 1803 5143 per
1841 5073 2076 5145 amplius
2109 5082 2165 5129 et

576 5167 887 5238 perfectius
918 5162 1332 5220 tabernaculum
1355 5177 1465 5215 non
1511 5162 1903 5228 manufactum,
1954 5161 2008 5216 id
2052 5170 2156 5227 est,

590 5276 698 5315 non
723 5261 890 5331 hujus
920 5254 1245 5320 creationis;
1277 5266 1457 5322 neque
1481 5267 1581 5321 per
1620 5251 1939 5322 sanguinem
1972 5250 2160 5305 hirco-

591 5366 715 5405 rum
755 5360 808 5405 et
837 5360 1142 5413 taurorum,
1179 5344 1275 5402 sed
1304 5360 1403 5415 per
1422 5343 1705 5414 proprium
1727 5342 2048 5412 sanguinem
2072 5341 2155 5395 in-

590 5443 779 5496 troivit
801 5443 969 5496 semel
992 5442 1048 5496 in
1072 5446 1278 5502 sancta,
1315 5446 1519 5492 aeterna
1541 5435 1915 5504 redemptione
1962 5434 2156 5487 inven-

589 5542 643 5590 ta
674 5534 719 5565 7°
770 5552 789 5584 ι
817 5532 973 5595 Nam,
1003 5539 1065 5586 ut
1093 5530 1238 5585 idem
1268 5541 1461 5583 rursus
1484 5523 1873 5581 dicitnSemel
1888 5529 2157 5585 mortuus,

659 5645 703 5682 ε’
730 5643 832 5696 lsa.
866 5657 957 5703 vn,
988 5639 1040 5693 9.
1117 5640 1162 5671 ”
1183 5638 1321 5693 Joel.
1344 5654 1381 5698 ι,
1408 5638 1459 5691 9.

1572 5636 1617 5668 ⁸⁸
1652 5635 1827 5690 Galat.
1852 5651 1906 5699 ν,
1935 5636 1989 5688 4.
2054 5634 2099 5665 ⁸⁵
2128 5634 2299 5690 Exod.
2334 5650 2456 5699 xxx,
2488 5633 2540 5687 9.

589 5718 633 5749 ‘5
665 5714 708 5769 ll
740 5712 933 5766 Thess.
962 5725 1019 5775 ιι,
1040 5709 1095 5774 '5,
1123 5708 1175 5761 4.
1205 5707 1250 5739 ⁶⁹
1283 5707 1443 5772 lhid.,
1482 5705 1535 5760 9.
1606 5705 1652 5739 '°
1674 5705 1840 5760 Hebr.
1873 5719 1945 5771 ix,
1987 5703 2074 5770 Η,
2109 5704 2198 5757 12.

2269 4512 2443 4582 λόγος.

2338 4607 2502 4660 ΚΥΡ.
2556 4603 2933 4670 Ἐξιλάσασθαί
2959 4622 3022 4674 γε
3064 4603 3169 4676 μὴν
3200 4603 3291 4657 ἐπὶ
3330 4602 3423 4656 τοῦ
3453 4601 3853 4673 θυσιαστηρίου

2267 4697 2360 4751 τοῦ
2404 4697 2770 4768 θυμιάματος,
2809 4696 3128 4767 προστάττει
3170 4695 3246 4765 τῷ
3311 4693 3522 4766 ’Δαρὼν
3556 4694 3716 4760 ἅπαξ
3755 4690 3853 4745 τοῦ

2266 4790 2512 4844 ἐνιαυτοῦ
2546 4790 2889 4862 καταχρίοντι
2915 4787 2993 4857 τῷ
3013 4788 3204 4858 αἵματι
3234 4786 3327 4839 τοῦ
3355 4784 3716 4855 καθαρισμοῦ
3745 4782 3856 4838 τῶν

2267 4880 2569 4953 ἁμαρτιῶν,
2602 4882 2701 4944 τὰς
2741 4897 2849 4935 των
2882 4877 3126 4949 κεράτων
3168 4877 3362 4949 ἀρχάς.
3385 4896 3404 4928 ι
3433 4876 3630 4943 Ἀγιον
3663 4873 3801 4945 γὰρ,
3826 4891 3850 4924 ι

2267 4974 2420 5042 φησὶ,
2444 4990 2462 5023 ς
2487 4971 2595 5025 τῶν
2630 4971 2797 5039 ἁγίων
2819 4971 2952 5025 ἐστί.
2983 4988 3001 5021 ι
3026 4969 3133 5023 Kal
3169 4968 3325 5021 τοῦτό
3350 4984 3431 5020 σοι
3470 4966 3647 5035 σαφὲς
3681 4981 3857 5019 κατα-

2266 5064 2477 5134 στήσει,
2514 5061 2705 5130 λέγων,
2756 5062 2784 5114 ὁ
2822 5060 3105 5123 θεσπέσιος
3147 5059 3375 5121 Παῦλος·
3422 5077 3441 5109 ι
3503 5057 3756 5129 Χριστὸς
3799 5054 3857 5108 δὲ

2266 5155 2706 5226 παραγενόμενος
2722 5153 3008 5223 ἀρχιερεὺς
3028 5152 3136 5205 τῶν
3158 5152 3458 5223 μελλόντων
3484 5148 3746 5217 ἀγαθῶν,
3770 5146 3860 5202 διὶ

2264 5246 2361 5317 τῆς
2399 5245 2642 5316 μείζονος
2670 5245 2773 5297 καὶ»
2791 5243 3124 5316 τελειοτέρας
3172 5244 3393 5315 σκηνῆς,
3428 5242 3489 5295 οὐ
3522 5240 3860 5310 χειροποιή-

2261 5354 2376 5399 του,
2430 5338 2725 5401 τουτέστιν,
2760 5337 2820 5390 οὐ
2866 5336 3067 5408 ταύτης
3120 5337 3217 5407 τῆς
3270 5336 3532 5398 κτίσεως·
3597 5332 3737 5386 οὐδὲ
3791 5328 3857 5383 δι’

2262 5428 2489 5497 αἵματος
2518 5429 2736 5500 τράγων
2762 5429 2856 5480 καὶ
2884 5428 3118 5499 μόσχων,
3140 5428 3228 5481 διὰ
3254 5428 3311 5480 δὲ
3329 5427 3421 5480 τοῦ
3448 5425 3584 5479 ἰδίου
3610 5424 3863 5493 ἀἵματος

2264 5518 2510 5590 εἰσῆλθεν
2537 5519 2755 5590 ἐφάπαξ
2787 5520 2867 5582 είς
2904 5518 2972 5572 τὰ
3004 5519 3154 5587 ἆγια,
3186 5517 3410 5572 αἰωνίαν
3438 5515 3729 5583 λύτρωσιν
3767 5510 3865 5565 εὐ·

2655 5630 2700 5663 ⁸³⁸
2728 5628 2918 5685 Matth.
2946 5647 3095 5696 χχιιι,
3136 5631 3188 5683 8.
3294 5630 3338 5662 ετ
3364 5627 3518 5685 Cant.
3547 5640 3594 5692 ι,
3626 5624 3689 5693 1,
3728 5623 3790 5680 2.
