4142 6296
380 379 486 438 69.5
1094 374 1180 428 DE
1220 374 1660 431 ADORA'I'IONE
1700 376 1768 431 IN
1808 375 2074 432 SPIRITU
2116 375 2205 430 ET
2247 377 2610 433 VERITATE.
2666 378 2793 432 LIB.
2834 377 2922 432 IX.
3318 396 3325 405 ί
3524 375 3630 437 6’23

384 496 642 562 ράμενος.
683 507 702 540 ι
741 488 830 550 Ὠς
861 485 968 557 γὰρ
995 487 1155 549 αὑτός
1184 504 1284 540 που
1315 487 1473 543 πάλιν
1508 490 1694 561 φησὶν,
1724 510 1743 544 ι
1776 488 1944 552 Ἀπαξ

2058 505 2169 545 non
2195 493 2429 563 amplius
2458 493 2709 557 moritur,
2747 491 2989 546 morsilli
3016 493 3158 547 ultra
3192 508 3299 546 non
3323 491 3631 548 dominabio

380 578 690 642 ἀποθανὼν,
715 576 897 629 οὐκέτι
929 574 1279 647 ἀποθνήσκει,
1312 575 1536 642 θάνατος
1577 579 1740 633 αὐτοῦ
1768 579 1944 632 οὐκέτι

2052 592 2176 649 tur;
2205 583 2352 653 quod
2384 584 2532 638 enim
2558 592 2805 638 mortuus
2854 591 2937 637 est
2978 594 3201 653 peccato
3247 592 3498 639 mortuus
3547 592 3633 639 est

355 630 689 770 partes;
735 669 800 721 -ο
842 668 953 738 γὰρ
997 630 1370 739 ἀπέόανε,’τῇ
1405 630 1949 742 ἀμέρέιέιὶὲπέθᾷνεν

356 756 624 832 ξέεράπαξι
680 757 710 811 ὃ
754 757 812 811 δὲ
852 757 941 829 ζῇ,
991 756 1056 830 ζῇ
1096 758 1174 828 τῷ
1211 758 1348 831 Θεῷ.
1392 780 1411 812 ι
1454 761 1637 832 Είσῄει
1683 762 1862 814 τοίνυν
1922 763 1951 815 6

351 829 665 915 ’θεσπέσιος
693 849 903 922 Ἀαρὼν
920 850 1001 913 εἰς
1029 829 1097 904 τά
1128 829 1430 918 Ἀγιαήτῶν
1452 829 1644 921 ἁγίων,
1676 853 1824 918 ἅπαξ
1853 852 1948 906 τοῦ

376 938 649 1004 ἐνιαυτοῦ,
677 938 744 992 δι’
762 937 992 1007 αἵματος
1018 937 1114 990 τοῦ
1140 938 1482 1012 καθαρισμοῦ
1507 940 1617 995 τῶν
1646 940 1944 1014 ἁμαρτιῶν.

380 1034 490 1085 Καὶ
531 1033 631 1103 ὅρα
664 1029 896 1101 Χριστὸν
929 1030 987 1082 ὲν
1013 1030 1252 1083 τουτοισὶ
1278 1030 1461 1098 πάλιν,
1493 1033 1685 1103 αἵματι
1725 1032 1798 1105 τῷ
1834 1034 1951 1104 ἰδίῳ

378 1124 478 1192 τῆς
505 1123 760 1175 ἁπάντων
784 1118 1055 1190 σωτηρίας
1077 1122 1171 1173 καὶ
1201 1118 1362 1192 ζωῆς,
1397 1124 1683 1193 μονονουχὶ
1703 1124 1794 1178 τὸν
1822 1123 1950 1179 ίδιον

378 1211 807 1283 καταρῤαίνοντα
839 1210 1089 1280 σταυρόν.
1124 1210 1364 1282 Σταυροῦ
1409 1212 1517 1284 γάρ
1547 1214 1719 1278 τύπος
1752 1216 1818 1269 τὰ
1860 1214 1952 1269 κέ-

380 1320 538 1375 ρατα,
589 1303 715 1374 τῇδε
748 1302 969 1356 κάκεῖσε
1013 1301 1088 1365 ὡς
1130 1304 1188 1356 ὲν
1233 1303 1385 1367 τάξει
1430 1304 1631 1376 χειρῶν
1676 1306 1950 1378 ἀποτάδην

375 1394 753 1448 ὲκνενευκότα.
802 1391 1009 1447 οὐκοῦν
1060 1392 1395 1449 ἀποθανόντα
1445 1394 1545 1465 μὲν
1583 1395 1730 1463 ἅπαξ
1779 1398 1950 1452 ἐννόει

376 1486 632 1557 Χριστὸν,
665 1485 853 1553 Ἀγιον
876 1484 933 1536 δὲ
962 1482 1071 1537 τῶν
1099 1483 1271 1554 ἁγίων
1297 1485 1448 1550 ὄντα,
1484 1487 1624 1541 κατὰ
1658 1488 1839 1556 φύσιν,
1875 1489 1952 1554 ὼς

376 1577 532 1630 Θεόν.
567 1577 678 1629 Καὶ
718 1575 829 1647 γάρ
879 1576 1027 1629 ἐστιν
1067 1575 1272 1646 ἀληθὴς
1321 1576 1593 1647 Ἰωάννης,
1633 1577 1827 1647 λέγων,
1867 1580 1949 1633 ὅτι

384 1688 402 1721 ι
436 1669 531 1722 Ἐκ
548 1666 643 1721 τοῦ
662 1667 1024 1739 πληρώματος
1039 1668 1204 1722 αὐτοῦ
1226 1670 1387 1740 ἡμεῖς
1403 1668 1602 1732 πάντες
1617 1669 1900 1741 ἐλάϐομεν.
1922 1691 1944 1724 ι

372 1759 611 1833 Χριστοῦ
641 1758 752 1832 γὰρ
776 1759 1000 1830 μέτοχος
1020 1761 1053 1831 ή
1075 1760 1226 1813 πᾶσά
1252 1761 1369 1813 ἐστι
1407 1759 1577 1832 ὁρατὴ
1604 1762 1698 1815 καὶ
1720 1763 1949 1832 ἀόρατος

374 1853 573 1918 κτίσις.
620 1852 875 1922 Ἀγγελοί
901 1869 961 1905 τε
990 1852 1096 1924 γὰρ
1127 1852 1221 1906 καὶ
1249 1853 1599 1925 άρχάγγελοι,
1626 1854 1720 1908 καὶ
1759 1853 1831 1908 τὰ
1864 1854 1945 1908 ἔτι
1978 1839 2021 1894 Β

370 1945 576 1998 τούτων
610 1944 885 2008 ἐπέκεινα,
911 1944 1006 1997 καὶ
1032 1944 1171 1998 αὐτὰ
1201 1944 1259 1997 δὲ
1285 1944 1355 1997 τὰ
1379 1945 1678 2016 Χερουϐὶμ,
1708 1947 1805 2017 οὐχ
1829 1947 1945 2001 ὲτέ-

375 2054 485 2107 ρως
534 2036 686 2105 ἅγια,
747 2035 887 2105 πλὴν
935 2036 1017 2088 ὅτι
1057 2034 1147 2089 διὰ
1200 2035 1365 2106 μόνου
1402 2037 1659 2107 Χριστοῦ,
1706 2040 1763 2091 ὲν
1804 2039 1945 2109 ἁγίῳ

372 2127 671 2199 Πνεύματι.
702 2128 875 2191 Αὐτὸς
901 2125 995 2181 οὖν
1022 2127 1130 2199 ἄρα
1160 2128 1276 2181 ἐστὶ
1305 2128 1367 2182 τὺ
1407 2128 1807 2201 θυσιαστήριον,
1849 2131 1946 2184 αὺ-

370 2221 463 2286 τὸς
490 2221 546 2275 δὲ
568 2220 631 2274 τὸ
664 2220 934 2291 θυμίαμα,
983 2220 1077 2273 καὶ
1107 2221 1415 2293 ἀρχιερεὺς,
1451 2221 1612 2286 αὐτὸς
1648 2222 1705 2275 δὲ
1747 2222 1945 2293 ὁμοίως

369 2313 433 2366 τὸ
462 2308 601 2382 αἷμα
623 2309 717 2364 τοῦ
747 2309 1089 2382 καθαρισμοῦ
1118 2312 1420 2384 ἁμαρτιῶν.

444 2404 650 2457 nium.
692 2402 801 2455 Nat
853 2403 1032 2472 λέγεις
1077 2402 1271 2474 ὀρθῶς.
1306 2388 1451 2476 Πλῆν
1496 2407 1525 2459 δ
1584 2407 1635 2459 τι
1674 2408 1804 2461 ποτέ
1830 2411 1945 2461 ἐστι

368 2495 465 2549 τοῦ
501 2492 837 2566 καθαρισμοῦ
877 2494 987 2547 τῶν
1025 2495 1307 2567 ἁμαρτιῶν
1351 2497 1412 2549 τὸ
1446 2491 1606 2567 αἷμα,
1643 2499 1828 2569 σαφῶς
1860 2502 1945 2553 ὲν-

369 2582 516 2637 νοεῖν
543 2581 643 2634 οὐκ
664 2579 790 2651 ἔχω.

447 2671 611 2724 ΚΥΡ.
651 2671 1055 2744 Προανατυπῶν
1081 2672 1109 2724 6
1143 2672 1305 2743 νόμος
1331 2673 1430 2745 τὴν
1454 2672 1522 2727 δι’
1543 2674 1772 2746 αἵματος
1802 2677 1944 2731 ἀπο-

376 2760 641 2833 κάθαρσιν
685 2763 780 2817 καὶ
817 2763 878 2817 τὸ
926 2763 1075 2836 θῦμα
1114 2765 1176 2818 τὸ
1224 2764 1388 2837 ἱερὸν,
1420 2767 1562 2838 φημὶ
1590 2767 1655 2839 δὴ
1685 2771 1942 2841 Χριστὸν,

370 2854 439 2907 δι’
466 2845 526 2907 οὗ
556 2853 650 2909 καὶ
685 2854 1027 2926 σεσῴσμεθα,
1054 2855 1144 2909 τὸν
1168 2855 1226 2923 ἐξ
1249 2858 1524 2927 ἁμαρτίας
1551 2860 1944 2932 ὲντετηγμὲνον

369 2948 500 3018 ἡμῖν
524 2946 985 3018 διαδιδράσκοντες
1010 2948 1301 3020 μολυσμὸν,
1333 2943 1436 3004 ὦδὲ
1464 2951 1541 3022 πή
1582 2968 1747 3023 φησιν
1777 2954 1834 3006 ὲν
1864 2954 1943 3024 τῷ

366 3037 669 3108 Λευῖτικῷο
733 3057 752 3090 ι
799 3039 921 3094 Ἐάν
986 3039 1044 3093 δὲ
1090 3041 1265 3105 πᾶσα,
1302 3060 1322 3094 ι
1385 3043 1550 3113 φησι,
1604 3062 1623 3095 ι
1655 3046 1942 3116 συναγωγὴ

2051 675 2252 740 semel;
2294 675 2440 743 quod
2484 683 2666 729 autem
2701 674 2855 737 vivit,
2903 674 3036 728 vivit
3059 676 3168 729 Deo
3194 675 3259 728 τί.
3288 694 3304 726 ι
3356 674 3631 745 Ingredie-

2051 764 2212 819 batur
2238 765 2420 834 itaque
2448 766 2648 827 vinille
2671 765 3010 820 admirabilis
3025 767 3201 820 Aaron
3226 766 3280 820 in
3294 766 3489 822 Sancta
3509 783 3637 822 san-

2048 866 2262 911 ctorum
2283 858 2672 912 semelin'anno
2692 873 2788 926 per
2807 857 3124 926 sanguinem
3156 858 3488 927 purgationis
3502 873 3631 928 pec-

2049 957 2317 1005 calorum.
2343 949 2478 1005 Vide
2514 959 2696 1004 autem
2726 965 2916 1004 rursus
2942 950 2995 1004 in
3037 950 3141 1004 hoc
3178 950 3294 1019 ipso
3324 949 3624 1015 Christum,

2048 1043 2308 1114 sanguine
2341 1058 2440 1097 suo
2473 1057 2573 1113 pro
2606 1042 2780 1096 salute
2820 1041 3065 1095 omnium
3091 1055 3155 1094 ac
3172 1040 3283 1093 vita
3305 1056 3463 1094 suam
3500 1056 3627 1095 eru-

2048 1148 2167 1190 cem
2185 1134 2588 1206 quodammodo
2614 1143 3014 1204 aspergentem;
3035 1132 3219 1187 crucis
3233 1132 3436 1202 quippe
3462 1132 3627 1203 ﬁgura

2049 1238 2177 1284 sunt
2191 1242 2542 1297 cornua,quae
2563 1240 2824 1280 manuum
2846 1225 3017 1279 instar
3034 1224 3290 1293 utrinque
3307 1234 3627 1293 exporrecta

2048 1319 2381 1390 prominent.
2408 1317 2578 1389 Igitur
2603 1325 2883 1372 mortuum
2911 1316 3133 1387 quidem
3157 1316 3325 1371 semel
3346 1315 3629 1370 Christum

2048 1410 2310 1481 intellige,
2339 1409 2435 1465 sed
2457 1409 2710 1464 eumdem
2731 1423 2800 1463 ex
2814 1417 3009 1463 natura
3026 1407 3287 1463 Sanctum
3314 1416 3625 1463 sanctorum

2047 1516 2167 1557 esse
2199 1510 2459 1571 tanquam
2498 1501 2692 1555 Deum.
2739 1500 2836 1554 Est
2862 1500 3010 1554 enim
3038 1514 3207 1554 verax
3242 1497 3505 1563 Joannes,
3531 1500 3625 1576 qui

2048 1594 2125 1649 ait
2151 1611 2164 1647 :
2199 1613 2217 1645 ι
2245 1594 2326 1648 Ex
2359 1593 2697 1663 plenitudine
2713 1594 2832 1663 ejus
2853 1606 2956 1647 nos
2971 1591 3484 1661 omnesaccepimus
3502 1592 3570 1657 7’;
3600 1613 3617 1642 ι

2047 1692 2133 1738 est
2188 1683 2336 1738 enim
2365 1682 2571 1738 Christi
2599 1682 2873 1753 particeps
2894 1682 3148 1737 universa
3169 1697 3280 1735 non
3304 1680 3468 1736 modo
3490 1682 3622 1737 visi-

2046 1771 2195 1837 bilis,
2230 1772 2325 1826 sed
2343 1773 2509 1827 etiam
2534 1772 2826 1827 invisibilis
2868 1779 3142 1827 creatura.
3169 1771 3360 1840 Angeli
3385 1786 3623 1840 namque

2048 1866 2105 1914 et
2124 1860 2458 1931 archangeli,
2483 1860 2588 1915 illae
2610 1861 2776 1914 etiam
2798 1875 2921 1930 quae
2943 1875 3111 1930 supra
3121 1859 3223 1914 hos
3240 1866 3369 1913 sunt
3388 1866 3618 1924 naturae,

2048 1952 2167 2021 ipsa
2189 1951 2428 2021 denique
2452 1951 2782 2018 Cherubim,
2815 1966 2929 2006 non
2954 1952 3116 2006 aliter
3136 1967 3300 2021 quam
3324 1966 3425 2022 per
3459 1950 3621 2006 Chri-

2048 2050 2192 2096 stum
2212 2042 2389 2097 solum
2413 2042 2470 2097 in
2493 2051 2683 2098 sancto
2713 2042 2923 2114 Spiritu
2949 2049 3139 2098 sancta
3166 2050 3315 2098 sunt.
3355 2043 3475 2114 Ipse
3526 2042 3627 2114 igi-

2050 2143 2138 2189 tur
2154 2144 2240 2190 est
2260 2136 2450 2202 altare,
2475 2136 2591 2206 ipse
2609 2136 2929 2208 thymiama,
2955 2150 3313 2220 summusque
3334 2135 3619 2203 sacerdos;

2049 2227 2162 2296 ipse
2184 2227 2316 2281 item
2350 2228 2572 2299 sanguis
2599 2227 2943 2298 purgationis
2964 2233 3338 2297 peccatorum.

2116 2410 2312 2465 PALL.
2340 2411 2509 2466 Recte
2529 2426 2657 2466 sane
2687 2410 2847 2466 dicis.
2874 2410 2980 2466 Sed
3006 2410 3139 2481 quid
3162 2410 3383 2465 tandem
3411 2411 3483 2465 sit
3499 2423 3626 2465 san-

2046 2500 2168 2570 guis
2198 2500 2543 2571 purgationis
2587 2507 2963 2569 peccatorum,
2996 2488 3286 2573 perspicue
3319 2500 3625 2572 intelligere

2046 2605 2285 2659 nequeo.

2114 2679 2269 2735 CYR.
2293 2679 2430 2736 Cum
2463 2680 2841 2753 praeﬁguraret
2862 2682 2951 2736 lex
2980 2682 3127 2737 illam
3153 2698 3254 2755 per
3301 2685 3621 2756 sanguinem

2044 2774 2447 2845 purgationem,
2483 2782 2540 2829 et
2573 2789 2782 2829 sacram
2817 2774 2968 2829 illam
3006 2774 3284 2830 victimam
3322 2774 3622 2848 (Christum

2045 2865 2309 2939 intelligo)
2335 2883 2434 2937 per
2462 2882 2624 2938 quem
2658 2868 2792 2922 salvi
2814 2867 2946 2923 facti
3002 2882 3213 2933 sumus,
3247 2874 3305 2922 et
3356 2868 3620 2932 maculas,

2044 2974 2112 3014 ex
2166 2966 2395 3029 peccato
2446 2959 2609 3014 nobis
2647 2960 2858 3015 inustas
2920 2959 3178 3025 eluimus,
3217 2959 3285 3014 ad
3332 2959 3481 3013 hunc
3507 2958 3623 3014 fere

2045 3050 2269 3105 modum
2295 3050 2434 3107 dixit
2456 3050 2514 3104 in
2538 3051 2783 3105 Levitico
2809 3069 2823 3104 :
2863 3070 2881 3102 ι
2921 3049 2979 3105 Si
3006 3059 3188 3105 autem
3211 3051 3465 3106 universa
3488 3067 3622 3106 con-

378 3129 594 3202 Ἰσραὴλ
639 3130 904 3202 ἀγνοήσῃ,
934 3132 1028 3209 καὶ
1073 3130 1213 3204 λάθῃ
1242 3133 1393 3204 ῥῆμα
1422 3133 1482 3198 ἐξ
1519 3134 1811 3207 ὀφθαλμῶν
1843 3136 1941 3208 τῆς

2046 3143 2287 3215 gregatio
2308 3144 2471 3198 Israel
2508 3143 2865 3215 ignoraverit,
2910 3151 2967 3197 et
3021 3140 3402 3196 absconditum
3458 3140 3625 3194 fuerit

367 3221 708 3292 συναγωγῆς,
737 3223 832 3274 καὶ
863 3224 1127 3294 ποιήσωσι
1159 3225 1287 3296 μίαν
1309 3226 1415 3279 ἀπὸ
1444 3227 1634 3282 πασῶν
1661 3227 1769 3282 τῶν
1791 3230 1939 3283 ὲντο-

2046 3235 2276 3291 verbum
2300 3235 2369 3290 ab
2396 3235 2570 3291 oculis
2593 3233 3054 3306 congregationis,
3083 3239 3142 3287 et
3170 3232 3404 3287 fecerint
3451 3248 3620 3287 unum

364 3312 474 3367 λῶν
493 3314 718 3385 Κυρίου,
738 3314 845 3385 nos
862 3315 1239 3387 ποιήθήσεται,
1254 3318 1349 3373 καὶ
1367 3320 1659 3392 πλημμελή
1668 3338 1822 3386 σωσι,
1843 3321 1937 3375 καὶ

363 3403 582 3476 γνωσθῇ
608 3405 791 3467 αὐτοῖς
828 3406 1149 3478 ήάμαρτία,
1188 3408 1254 3480 ἡν
1278 3409 1521 3481 ἥμαρτον
1553 3411 1611 3465 ἐν
1651 3411 1808 3483 αὐτῇ.
1846 3413 1936 3466 καὶ

366 3511 408 3546 π
414 3495 629 3567 ροσάξει
643 3498 678 3566 ἡ
698 3500 988 3570 συναγωγή
1004 3498 1201 3570 μόσχον
1217 3502 1280 3553 ἐκ
1294 3500 1432 3570 βοῶν
1449 3502 1679 3574 ἄμωμον
1696 3505 1822 3576 περὶ
1840 3506 1936 3577 τῆς

366 3588 660 3660 ἁμαρτίας,
686 3589 782 3643 καὶ
830 3590 1086 3660 προσάξει
1122 3592 1282 3644 αὐτὸν
1328 3593 1479 3664 παρὰ
1514 3594 1614 3659 τὰς
1642 3595 1810 3668 θύρας
1840 3595 1936 3651 τοῦ

368 3680 671 3751 μαρτυρίου
687 3680 786 3751 τῆς
801 3682 1026 3753 σκηνῆς,
1045 3683 1139 3736 καὶ
1151 3682 1501 3755 ἐπιθήσουσιν
1513 3686 1561 3738 οἱ
1579 3687 1938 3759 πρεσϐύτεροι

362 3771 469 3841 τῆς
498 3771 818 3841 συναγωγῆς
858 3771 956 3835 τὰς
984 3774 1172 3843 χεῖρας
1220 3773 1398 3826 αὐτῶν
1433 3775 1526 3828 ἐπὶ
1563 3777 1660 3846 τὴν
1698 3777 1938 3849 κεφαλὴν

364 3863 461 3917 τοῦ
481 3863 679 3936 μόσχου
696 3864 874 3917 ἔναντι
896 3864 1120 3935 Κυρίου,
1145 3866 1239 3918 καὶ
1261 3865 1522 3935 σφάξουσι
1544 3868 1742 3940 μόσχον
1764 3870 1938 3926 ἔναντι

367 3955 597 4026 Κυρίου,
622 3955 716 4008 καὶ
742 3955 964 4009 εἰσοίσει
998 3958 1026 4010 6
1062 3958 1238 4028 ἱερεὺς
1270 3958 1488 4028 χριστὸς
1521 3960 1628 4014 ἀπὸ
1655 3960 1747 4014 τοῦ
1770 3962 1938 4033 αἷμα-

364 4065 458 4112 τος
479 4048 572 4101 τοῦ
613 4047 813 4119 μόσχου
847 4050 926 4112 είς
957 4049 1056 4119 τὴν
1095 4049 1299 4122 σκηνὴν
1325 4049 1420 4105 τοῦ
1474 4053 1795 4124 μαρτυρίου.
1829 4054 1939 4107 Καὶ

368 4138 532 4210 βάψει
575 4140 604 4191 6
647 4139 824 4209 ἱερεὺς
869 4138 959 4191 τὸν
1005 4138 1262 4194 δάκτυλον
1315 4141 1423 4194 ἀπὸ
1454 4141 1547 4194 τοῦ
1582 4143 1813 4213 αἵματος
1844 4144 1938 4197 τοῦ

368 4229 593 4299 μόσχου,
612 4229 706 4281 καὶ
729 4230 880 4300 ῥανεῖ
902 4229 1129 4292 ἑπτάκις
1149 4229 1328 4283 ἔναντι
1350 4231 1552 4301 Κυρίου
1572 4234 1689 4285 κατ’
1711 4232 1942 4288 ὲνὼπιον

362 4318 461 4371 τοῦ
487 4318 974 4387 καταπετάσματος
1009 4319 1103 4370 τοῦ
1129 4320 1305 4387 ἁγίου,
1336 4320 1428 4373 καὶ
1455 4322 1563 4375 ἀπὸ
1591 4321 1683 4374 τοῦ
1711 4325 1942 4394 αἵματος

365 4408 616 4481 ἐπιθήσει
655 4408 684 4461 6
733 4408 908 4478 ἱερεὺς
948 4408 1039 4461 ἐπὶ
1080 4408 1147 4461 τὰ
1181 4410 1388 4481 κέρατα
1426 4411 1520 4464 τοῦ
1551 4411 1940 4484 θυσιαστηρίου

2042 3329 2202 3401 311
2227 3328 2296 3383 ab
2324 3328 2582 3385 omnibus
2598 3327 2868 3382 mandatis
2894 3324 3133 3389 Domini,
3158 3322 3308 3393 quod
3330 3338 3439 3377 non
3461 3339 3625 3393 opor-

2043 3427 2122 3475 tet
2153 3420 2292 3487 tieri,
2331 3428 2387 3476 et
2432 3420 2800 3491 deliquerint,
2849 3426 2905 3473 et
2942 3418 3219 3490 cognitum
3276 3415 3445 3471 fuerit
3490 3415 3621 3484 ipsis

2043 3520 2330 3581 peccatum
2364 3512 2419 3566 in
2455 3527 2564 3582 quo
2587 3520 2975 3581 peccaverunt,
3005 3511 3241 3567 adducet
3266 3508 3623 3579 congregatio

2041 3604 2275 3659 vitulum
2298 3621 2364 3660 ex
2382 3605 2559 3661 bobus
2578 3604 2993 3660 immaculatum
3003 3619 3102 3673 pro
3121 3611 3364 3675 peccato,
3385 3606 3440 3655 et
3454 3597 3627 3656 addu-

2045 3703 2132 3751 cet
2166 3713 2293 3753 eum
2342 3708 2514 3766 prope
2559 3693 2761 3748 ostium
2811 3693 3149 3747 tabernaculi
3199 3692 3520 3757 testimonii,
3568 3696 3625 3746 et

2045 3793 2329 3861 imponent
2350 3787 2594 3842 seniores
2614 3783 3053 3856 congregationis
3074 3798 3268 3837 manus
3289 3798 3418 3837 suas
3460 3795 3624 3849 super

2045 3890 2209 3953 caput
2234 3877 2389 3936 v’ituli
2423 3895 2607 3934 coram
2629 3879 2880 3941 Domino,
2908 3887 2963 3932 et
2996 3876 3358 3934 immolabant
3387 3877 3618 3932 vitulum

2046 3989 2229 4030 coram
2250 3972 2501 4036 Domino,
2529 3979 2586 4025 et
2611 3970 2810 4025 inferet
2844 3970 3101 4025 sacerdos
3139 3976 3343 4024 unctus
3380 3968 3448 4023 de
3494 3984 3620 4023 san-

2046 4065 2211 4139 guine
2230 4063 2388 4118 vituli
2414 4063 2471 4117 in
2496 4063 3258 4125 tabernaculumtestimonii,
3293 4069 3349 4114 et
3389 4060 3620 4128 intinget

2046 4157 2301 4214 sacerdos
2344 4155 2575 4226 digitum
2620 4154 2688 4210 de
2732 4156 2993 4224 sanguine
3042 4154 3220 4207 vituli.
3259 4154 3327 4205 Et
3372 4158 3621 4220 aspergat

2047 4249 2250 4318 septies
2273 4261 2456 4303 coram
2481 4246 2712 4299 Domino
2741 4261 2771 4298 e
2802 4246 3021 4313 regione
3054 4250 3241 4298 contra
3278 4241 3457 4295 velum
3493 4256 3618 4294 san-

2047 4339 2264 4403 ctuarii,
2288 4347 2344 4391 et
2371 4336 2440 4391 de
2478 4335 2740 4404 sanguine
2763 4335 3004 4403 imponet
3027 4332 3284 4388 sacerdos
3315 4346 3479 4399 super
3499 4346 3620 4386 cor-

2048 4446 2156 4483 nua
2187 4429 2375 4483 altaris
2396 4426 2601 4480 incensi
2648 4424 3079 4495 compositionis,
3112 4423 3259 4493 quod
3305 4430 3389 4476 est
3434 4437 3617 4476 coram

364 4500 478 4554 τῶν
525 4500 886 4576 θυμιαμάτων
936 4500 1037 4570 τῆς
1080 4500 1404 4566 συνθέσεως,
1459 4503 1486 4555 ὂ
1515 4504 1661 4555 ἐστιν
1714 4504 1942 4560 ἐνώπιον

2048 4519 2300 4584 Domino,
2352 4517 2499 4587 quod
2540 4524 2624 4572 est
2667 4515 2724 4569 in
2759 4514 3109 4569 tabernaequ
3140 4512 3438 4568 testimonii
3492 4513 3554 4565 ⁷³.
3593 4534 3610 4561 ι

366 4591 597 4663 Κυρίου,
650 4591 678 4644 ὅ
715 4592 863 4643 ἐστιν
899 4593 955 4645 ἐν
983 4594 1048 4662 τῇ
1087 4594 1258 4662 σκηνῇ
1290 4592 1382 4645 τοῦ
1411 4594 1730 4665 μαρτυρίου.
1776 4616 1794 4646 ι
1832 4598 1940 4651 Καὶ

368 4683 701 4755 πλατύτερον
734 4686 830 4754 μὲν
864 4685 990 4754 περί
1023 4701 1087 4753 γε
1129 4683 1334 4739 τούτων
1372 4686 1504 4755 ἡμῖν
1534 4686 1677 4739 κατὰ
1717 4691 1938 4760 καιροὺς

367 4775 679 4845 εἰρήσεται·
721 4774 876 4846 ἄθρει
908 4774 964 4827 δὲ
993 4774 1067 4839 ὼς
1111 4777 1170 4850 ἐν
1204 4774 1389 4845 μόσχῳ
1425 4775 1582 4830 πάλιν
1615 4777 1754 4848 ὑπὲρ
1781 4779 1937 4849 ήμῶν

369 4864 710 4936 σφαζόμενον
757 4865 848 4917 τὸν
909 4865 1272 4937 Ἐμμανουήλ,
1325 4867 1417 4919 κα)⁸
1469 4868 1742 4937 ἁμαρτίας
1794 4870 1940 4939 ἡμᾶς

366 4954 798 5021 ἀπαλλάττονται,
860 4957 953 5011 καὶ
1005 4957 1297 5023 ὲξιστῶντα
1347 4957 1522 5028 δίκης,
1599 4959 1693 5011 καὶ
1749 4960 1940 5031 ποινῆς

366 5047 730 5119 ἀποφέροντα,
783 5050 877 5101 καὶ
922 5048 1009 5100 διὰ
1041 5049 1139 5120 τῆς
1181 5048 1426 5119 μείζονος
1473 5050 1566 5102 καὶ
1596 5050 1938 5123 τελειοτέρας

372 5140 521 5193 ἰόντα
552 5142 775 5211 σκηνῆς,
822 5141 883 5193 οὐ
917 5140 1002 5194 διὰ
1036 5141 1250 5211 μόσχων
1295 5142 1390 5194 καὶ
1435 5142 1674 5213 τράγων,
1709 5142 1844 5196 ἀλλὰ
1872 5144 1936 5197 δι’

370 5231 600 5300 αἵματος
647 5230 740 5283 τοῦ
781 5231 933 5294 ἰδίου,
983 5232 1076 5284 καὶ
1108 5231 1335 5285 θανάτου
1371 5232 1664 5302 προσάπαξ
1697 5234 1936 5302 ἀπογευ-

371 5323 626 5393 σάμενον.
670 5323 794 5376 Ἐπὶ
833 5322 988 5386 ξύλου
1028 5322 1137 5393 γὰρ
1166 5323 1283 5377 ἄνω
1314 5324 1483 5396 λόγχῃ
1510 5325 1799 5393 διανοιγεὶς
1838 5324 1938 5394 τὴν

367 5413 631 5484 πλευράν,
676 5411 816 5484 αἷμά
839 5431 897 5465 τε
939 5414 1031 5466 καὶ⁴
1071 5413 1214 5484 ὕδωρ
1243 5415 1546 5480 ἐξέϐλυσεν.
1583 5418 1625 5469 Τ
1631 5417 1764 5480 ύπος
1796 5417 1840 5468 δ’
1871 5403 1947 5469 ἄν’

2047 4612 2256 4678 Quibus
2299 4609 2367 4664 de
2413 4608 2581 4664 rebus
2621 4605 2898 4677 copiosius
2952 4621 2983 4659 a
3009 4605 3170 4660 nobis
3222 4604 3357 4659 alias
3378 4603 3613 4658 dicetur.

2042 4701 2341 4758 Considera
2370 4714 2559 4754 rursus
2584 4698 2736 4752 illum
2759 4695 3077 4751 Emmanuel
3112 4701 3172 4749 ut
3216 4695 3271 4748 in
3315 4694 3489 4748 vitulo
3518 4709 3617 4763 pro

2045 4793 2203 4848 nobis
2219 4790 2508 4855 immolari,
2528 4798 2583 4845 et
2603 4805 2704 4844 nos
2725 4804 2766 4853 ,a
2793 4787 3032 4858 peccatis
3056 4786 3391 4849 liberare,.et
3426 4800 3458 4839 a
3483 4799 3614 4853 sup—

2045 4886 2210 4957 plieio
2232 4885 2493 4946 eximere,
2537 4890 2593 4937 et
2637 4896 2668 4936 a
2694 4878 2876 4950 poenis
2915 4878 3151 4947 eripere,
3209 4884 3264 4931 et
3291 4891 3389 4946 per
3437 4872 3614 4946 majus

2047 4980 2209 5041 atque
2230 4969 2529 5040 perfectius
2554 4966 2976 5023 tabernaculum.
2996 4964 3224 5036 ingredi,
3265 4980 3374 5018 non
3399 4980 3498 5033 per
3529 4965 3613 5017 νὶ-

2047 5066 2208 5127 tulos,
2258 5071 2352 5117 aut
2381 5062 2596 5124 hircos,
2626 5059 2721 5116 sed
2748 5075 2845 5129 per
2871 5058 3154 5127 proprium
3180 5055 3499 5124 sanguinem
3555 5063 3613 5109 et

2050 5162 2281 5208 mortem
2314 5150 2481 5206 semel
2515 5156 2734 5219 gustare
2765 5167 2777 5200 :
2809 5163 2956 5211 nam,
2986 5161 3111 5200 cum
3156 5142 3410 5198 sublimis
3438 5143 3493 5194 in
3538 5142 3608 5194 li-

2045 5260 2149 5314 gno
2172 5243 2455 5314 penderet,
2484 5242 2604 5310 ejus
2630 5240 2773 5296 latus
2805 5240 2991 5292 lancea
3016 5235 3321 5305 perfossum
3347 5232 3608 5302 sanguine

2042 5342 2098 5389 et
2112 5350 2252 5403 aqua
2277 5333 2534 5387 manavit.
2563 5333 2815 5402 Figuram
2841 5341 3005 5397 porro
3031 5324 3212 5378 crucis
3232 5339 3341 5377 non
3372 5321 3607 5377 absurde

2043 5433 2230 5477 tenent
2253 5438 2458 5476 cornua
2481 5421 2667 5475 altaris
2689 5415 3013 5477 eminentia,
3052 5421 3113 5465 ut
3141 5413 3193 5466 in
3233 5411 3611 5482 superioribus

366 5500 479 5556 εἷεν
530 5502 783 5574 σταυροῦ,
832 5502 972 5556 καοὰ
1008 5502 1101 5556 καὶ
1144 5503 1445 5572 φθάσαντες
1473 5506 1717 5574 εἴπομεν,
1745 5505 1933 5558 αἰτῶν
2039 5513 2294 5567 diximus;

366 5592 611 5663 κεράτων
635 5594 833 5662 ὲξοχαί.

443 5770 672 5825 “Itoni.
724 5785 795 5832 γι,
837 5770 888 5831 9,
951 5769 1028 5821 l0.
1107 5772 1146 5799 ⁷²
1225 5770 1376 5823 Jnan.
1429 5787 1464 5837 ι,
1523 5771 1601 5823 IG.

1677 5773 1720 5801 ⁷³
1752 5772 2023 5835 Levit.1v,
2062 5772 2243 5824 l5—l6.
