  <div class='ocr_page' id='page_1' title='image "/cluster/home/n/w/nwhite01/storage/ocr_20150623/68/mdp.39015078384438/321.png"; bbox 0 0 4142 6296; ppageno 0'>
   <div class='ocr_carea' id='block_1_1' title="bbox 549 347 649 414">
    <p class='ocr_par' dir='ltr' id='par_1_1' title="bbox 549 347 649 414">
     <span class='ocr_line' id='line_1_1' title="bbox 549 347 649 414; baseline -0.07 0"><span class='ocrx_word' id='word_1_1' title='bbox 549 347 649 414; x_wconf 66' lang='grc' dir='ltr'><strong>6ἓῖ</strong></span> 
     </span>
    </p>
   </div>
   <div class='ocr_carea' id='block_1_2' title="bbox 618 459 1136 521">
    <p class='ocr_par' dir='ltr' id='par_1_2' title="bbox 618 459 1136 521">
     <span class='ocr_line' id='line_1_2' title="bbox 618 459 1136 521; baseline 0.014 -7"><span class='ocrx_word' id='word_1_2' title='bbox 618 459 815 514; x_wconf 82' lang='lat' dir='ltr'><strong>PALL.</strong></span> <span class='ocrx_word' id='word_1_3' title='bbox 853 461 1016 516; x_wconf 78' lang='lat' dir='ltr'><strong>l&#39;tectc</strong></span> <span class='ocrx_word' id='word_1_4' title='bbox 1041 463 1136 521; x_wconf 85' lang='lat' dir='ltr'><strong>ais.</strong></span> 
     </span>
    </p>
   </div>
   <div class='ocr_carea' id='block_1_3' title="bbox 617 549 2116 633">
    <p class='ocr_par' dir='ltr' id='par_1_3' title="bbox 617 549 2116 633">
     <span class='ocr_line' id='line_1_3' title="bbox 617 549 2116 633; baseline 0.008 -27"><span class='ocrx_word' id='word_1_5' title='bbox 617 549 773 607; x_wconf 65' lang='grc' dir='ltr'>(ΠΒ.</span> <span class='ocrx_word' id='word_1_6' title='bbox 801 553 962 622; x_wconf 79' lang='lat' dir='ltr'><strong>Atqui</strong></span> <span class='ocrx_word' id='word_1_7' title='bbox 987 571 1092 609; x_wconf 90' lang='lat' dir='ltr'><strong>non</strong></span> <span class='ocrx_word' id='word_1_8' title='bbox 1120 559 1380 628; x_wconf 79' lang='lat' dir='ltr'><strong>sanguine</strong></span> <span class='ocrx_word' id='word_1_9' title='bbox 1414 559 1610 624; x_wconf 88' lang='lat' dir='ltr'><strong>solum,</strong></span> <span class='ocrx_word' id='word_1_10' title='bbox 1637 560 1730 614; x_wconf 84' lang='lat' dir='ltr'><strong>sed</strong></span> <span class='ocrx_word' id='word_1_11' title='bbox 1758 573 1943 618; x_wconf 88' lang='lat' dir='ltr'><strong>sancta</strong></span> <span class='ocrx_word' id='word_1_12' title='bbox 1977 579 2116 633; x_wconf 90' lang='lat' dir='ltr'><strong>quo-</strong></span> 
     </span>
    </p>
   </div>
   <div class='ocr_carea' id='block_1_4' title="bbox 547 645 2116 722">
    <p class='ocr_par' dir='ltr' id='par_1_4' title="bbox 547 645 2116 722">
     <span class='ocr_line' id='line_1_4' title="bbox 547 645 2116 722; baseline 0.008 -29"><span class='ocrx_word' id='word_1_13' title='bbox 547 655 655 709; x_wconf 83' lang='lat' dir='ltr'><strong>que</strong></span> <span class='ocrx_word' id='word_1_14' title='bbox 678 655 819 710; x_wconf 84' lang='lat' dir='ltr'><strong>aqua</strong></span> <span class='ocrx_word' id='word_1_15' title='bbox 840 645 1058 713; x_wconf 87' lang='lat' dir='ltr'><strong>purgari</strong></span> <span class='ocrx_word' id='word_1_16' title='bbox 1093 655 1368 716; x_wconf 86' lang='lat' dir='ltr'><strong>oportere,</strong></span> <span class='ocrx_word' id='word_1_17' title='bbox 1409 648 1498 703; x_wconf 79' lang='lat' dir='ltr'><strong>lex</strong></span> <span class='ocrx_word' id='word_1_18' title='bbox 1535 663 1632 718; x_wconf 90' lang='lat' dir='ltr'><strong>per</strong></span> <span class='ocrx_word' id='word_1_19' title='bbox 1664 650 1894 718; x_wconf 67' lang='lat' dir='ltr'><strong>aenigma</strong></span> <span class='ocrx_word' id='word_1_20' title='bbox 1915 651 2116 722; x_wconf 85' lang='lat' dir='ltr'><strong>jussit,</strong></span> 
     </span>
    </p>
   </div>
   <div class='ocr_carea' id='block_1_5' title="bbox 548 732 2119 813">
    <p class='ocr_par' dir='ltr' id='par_1_5' title="bbox 548 732 2119 813">
     <span class='ocr_line' id='line_1_5' title="bbox 548 732 2119 813; baseline 0.004 -23"><span class='ocrx_word' id='word_1_21' title='bbox 548 747 670 800; x_wconf 68' lang='lat' dir='ltr'><strong>qua:</strong></span> <span class='ocrx_word' id='word_1_22' title='bbox 687 732 775 786; x_wconf 81' lang='lat' dir='ltr'><strong>via</strong></span> <span class='ocrx_word' id='word_1_23' title='bbox 815 742 899 788; x_wconf 90' lang='lat' dir='ltr'><strong>est</strong></span> <span class='ocrx_word' id='word_1_24' title='bbox 918 735 983 789; x_wconf 90' lang='lat' dir='ltr'><strong>ad</strong></span> <span class='ocrx_word' id='word_1_25' title='bbox 1003 739 1382 808; x_wconf 74' lang='lat' dir='ltr'><strong>purgationem</strong></span> <span class='ocrx_word' id='word_1_26' title='bbox 1410 738 1830 810; x_wconf 80' lang='lat' dir='ltr'><strong>perfectissima,</strong></span> <span class='ocrx_word' id='word_1_27' title='bbox 1855 741 1899 795; x_wconf 92' lang='lat' dir='ltr'><strong>si</strong></span> <span class='ocrx_word' id='word_1_28' title='bbox 1921 751 2119 813; x_wconf 73' lang='lat' dir='ltr'><strong>myste-</strong></span> 
     </span>
    </p>
   </div>
   <div class='ocr_carea' id='block_1_6' title="bbox 547 821 1694 895">
    <p class='ocr_par' dir='ltr' id='par_1_6' title="bbox 547 821 1694 895">
     <span class='ocr_line' id='line_1_6' title="bbox 547 821 1694 895; baseline 0.003 -15"><span class='ocrx_word' id='word_1_29' title='bbox 547 821 691 880; x_wconf 80' lang='lat' dir='ltr'><strong>rium</strong></span> <span class='ocrx_word' id='word_1_30' title='bbox 727 825 874 895; x_wconf 90' lang='lat' dir='ltr'><strong>quod</strong></span> <span class='ocrx_word' id='word_1_31' title='bbox 911 837 994 882; x_wconf 83' lang='lat' dir='ltr'><strong>est</strong></span> <span class='ocrx_word' id='word_1_32' title='bbox 1027 827 1081 882; x_wconf 93' lang='lat' dir='ltr'><strong>in</strong></span> <span class='ocrx_word' id='word_1_33' title='bbox 1111 829 1330 885; x_wconf 81' lang='lat' dir='ltr'><strong>Christo</strong></span> <span class='ocrx_word' id='word_1_34' title='bbox 1359 829 1694 886; x_wconf 92' lang='lat' dir='ltr'><strong>consideres.</strong></span> 
     </span>
    </p>
   </div>
   <div class='ocr_carea' id='block_1_7' title="bbox 618 914 2117 997">
    <p class='ocr_par' dir='ltr' id='par_1_7' title="bbox 618 914 2117 997">
     <span class='ocr_line' id='line_1_7' title="bbox 618 914 2117 997; baseline 0.009 -28"><span class='ocrx_word' id='word_1_35' title='bbox 618 914 815 977; x_wconf 83' lang='lat' dir='ltr'><strong>PALL.</strong></span> <span class='ocrx_word' id='word_1_36' title='bbox 839 916 1124 984; x_wconf 88' lang='lat' dir='ltr'><strong>Quomodo</strong></span> <span class='ocrx_word' id='word_1_37' title='bbox 1155 920 1398 987; x_wconf 85' lang='lat' dir='ltr'><strong>tandem,</strong></span> <span class='ocrx_word' id='word_1_38' title='bbox 1432 929 1526 976; x_wconf 89' lang='lat' dir='ltr'><strong>aut</strong></span> <span class='ocrx_word' id='word_1_39' title='bbox 1546 937 1655 997; x_wconf 89' lang='lat' dir='ltr'><strong>qua</strong></span> <span class='ocrx_word' id='word_1_40' title='bbox 1697 924 1908 980; x_wconf 79' lang='lat' dir='ltr'><strong>ratione</strong></span> <span class='ocrx_word' id='word_1_41' title='bbox 1938 923 1994 982; x_wconf 89' lang='lat' dir='ltr'><strong>id</strong></span> <span class='ocrx_word' id='word_1_42' title='bbox 2020 941 2117 982; x_wconf 84' lang='lat' dir='ltr'><strong>os-</strong></span> 
     </span>
    </p>
   </div>
   <div class='ocr_carea' id='block_1_8' title="bbox 547 1003 753 1063">
    <p class='ocr_par' dir='ltr' id='par_1_8' title="bbox 547 1003 753 1063">
     <span class='ocr_line' id='line_1_8' title="bbox 547 1003 753 1063; baseline 0.024 -5"><span class='ocrx_word' id='word_1_43' title='bbox 547 1003 753 1063; x_wconf 80' lang='lat' dir='ltr'><strong>tendit?</strong></span> 
     </span>
    </p>
   </div>
   <div class='ocr_carea' id='block_1_9' title="bbox 613 1093 2118 1168">
    <p class='ocr_par' dir='ltr' id='par_1_9' title="bbox 613 1093 2118 1168">
     <span class='ocr_line' id='line_1_9' title="bbox 613 1093 2118 1168; baseline 0.006 -17"><span class='ocrx_word' id='word_1_44' title='bbox 613 1093 772 1151; x_wconf 81' lang='lat' dir='ltr'><strong>CYR.</strong></span> <span class='ocrx_word' id='word_1_45' title='bbox 809 1095 1085 1168; x_wconf 86' lang='lat' dir='ltr'><strong>Scriptum</strong></span> <span class='ocrx_word' id='word_1_46' title='bbox 1111 1109 1196 1156; x_wconf 92' lang='lat' dir='ltr'><strong>est</strong></span> <span class='ocrx_word' id='word_1_47' title='bbox 1224 1102 1370 1157; x_wconf 90' lang='lat' dir='ltr'><strong>enim</strong></span> <span class='ocrx_word' id='word_1_48' title='bbox 1430 1121 1442 1157; x_wconf 93' lang='lat'>:</span> <span class='ocrx_word' id='word_1_49' title='bbox 1485 1123 1501 1154; x_wconf 82' lang='grc' dir='ltr'><strong>ι</strong></span> <span class='ocrx_word' id='word_1_50' title='bbox 1526 1104 1593 1158; x_wconf 90' lang='lat' dir='ltr'><strong>Et</strong></span> <span class='ocrx_word' id='word_1_51' title='bbox 1634 1105 1853 1160; x_wconf 88' lang='lat' dir='ltr'><strong>locutus</strong></span> <span class='ocrx_word' id='word_1_52' title='bbox 1891 1115 1975 1160; x_wconf 89' lang='lat' dir='ltr'><strong>est</strong></span> <span class='ocrx_word' id='word_1_53' title='bbox 2013 1107 2118 1159; x_wconf 85' lang='lat' dir='ltr'><strong>Do-</strong></span> 
     </span>
    </p>
   </div>
   <div class='ocr_carea' id='block_1_10' title="bbox 547 1184 2109 1261">
    <p class='ocr_par' dir='ltr' id='par_1_10' title="bbox 547 1184 2109 1261">
     <span class='ocr_line' id='line_1_10' title="bbox 547 1184 2109 1261; baseline 0.008 -24"><span class='ocrx_word' id='word_1_54' title='bbox 547 1184 730 1244; x_wconf 87' lang='lat' dir='ltr'><strong>minus</strong></span> <span class='ocrx_word' id='word_1_55' title='bbox 763 1187 831 1245; x_wconf 86' lang='lat' dir='ltr'><strong>ad</strong></span> <span class='ocrx_word' id='word_1_56' title='bbox 871 1188 1110 1261; x_wconf 80' lang='lat' dir='ltr'><strong>Moysen,</strong></span> <span class='ocrx_word' id='word_1_57' title='bbox 1154 1192 1376 1248; x_wconf 87' lang='lat' dir='ltr'><strong>dicens:</strong></span> <span class='ocrx_word' id='word_1_58' title='bbox 1441 1195 1546 1249; x_wconf 88' lang='lat' dir='ltr'><strong>Fac</strong></span> <span class='ocrx_word' id='word_1_59' title='bbox 1598 1195 1812 1250; x_wconf 85' lang='lat' dir='ltr'><strong>labrum</strong></span> <span class='ocrx_word' id='word_1_60' title='bbox 1875 1212 2109 1261; x_wconf 69' lang='lat' dir='ltr'><strong>aeneum,</strong></span> 
     </span>
    </p>
   </div>
   <div class='ocr_carea' id='block_1_11' title="bbox 544 1277 2114 1356">
    <p class='ocr_par' dir='ltr' id='par_1_11' title="bbox 544 1277 2114 1356">
     <span class='ocr_line' id='line_1_11' title="bbox 544 1277 2114 1356; baseline 0.004 -21"><span class='ocrx_word' id='word_1_61' title='bbox 544 1284 601 1335; x_wconf 83' lang='lat' dir='ltr'><strong>ct</strong></span> <span class='ocrx_word' id='word_1_62' title='bbox 621 1277 797 1333; x_wconf 84' lang='lat' dir='ltr'><strong>basim</strong></span> <span class='ocrx_word' id='word_1_63' title='bbox 831 1280 981 1336; x_wconf 89' lang='lat' dir='ltr'><strong>illius</strong></span> <span class='ocrx_word' id='word_1_64' title='bbox 1013 1297 1218 1338; x_wconf 65' lang='lat' dir='ltr'><strong>teneam</strong></span> <span class='ocrx_word' id='word_1_65' title='bbox 1242 1284 1310 1339; x_wconf 91' lang='lat' dir='ltr'><strong>ad</strong></span> <span class='ocrx_word' id='word_1_66' title='bbox 1337 1285 1676 1340; x_wconf 89' lang='lat' dir='ltr'><strong>abluendum</strong></span> <span class='ocrx_word' id='word_1_67' title='bbox 1702 1305 1715 1340; x_wconf 89' lang='lat'><strong>:</strong></span> <span class='ocrx_word' id='word_1_68' title='bbox 1744 1296 1799 1341; x_wconf 89' lang='lat' dir='ltr'><strong>et</strong></span> <span class='ocrx_word' id='word_1_69' title='bbox 1827 1303 1998 1356; x_wconf 87' lang='lat' dir='ltr'><strong>pones</strong></span> <span class='ocrx_word' id='word_1_70' title='bbox 2047 1289 2114 1342; x_wconf 84' lang='lat' dir='ltr'><strong>il-</strong></span> 
     </span>
    </p>
   </div>
   <div class='ocr_carea' id='block_1_12' title="bbox 547 1367 2108 1432">
    <p class='ocr_par' dir='ltr' id='par_1_12' title="bbox 547 1367 2108 1432">
     <span class='ocr_line' id='line_1_12' title="bbox 547 1367 2108 1432; baseline 0.007 -13"><span class='ocrx_word' id='word_1_71' title='bbox 547 1367 637 1422; x_wconf 86' lang='lat' dir='ltr'><strong>lud</strong></span> <span class='ocrx_word' id='word_1_72' title='bbox 669 1367 811 1424; x_wconf 89' lang='lat' dir='ltr'><strong>inter</strong></span> <span class='ocrx_word' id='word_1_73' title='bbox 844 1370 1258 1427; x_wconf 81' lang='lat' dir='ltr'><strong>tabernaculum</strong></span> <span class='ocrx_word' id='word_1_74' title='bbox 1302 1375 1606 1430; x_wconf 88' lang='lat' dir='ltr'><strong>testimonii</strong></span> <span class='ocrx_word' id='word_1_75' title='bbox 1637 1384 1694 1430; x_wconf 90' lang='lat' dir='ltr'><strong>et</strong></span> <span class='ocrx_word' id='word_1_76' title='bbox 1734 1377 1878 1432; x_wconf 88' lang='lat' dir='ltr'><strong>inter</strong></span> <span class='ocrx_word' id='word_1_77' title='bbox 1917 1377 2108 1431; x_wconf 84' lang='lat' dir='ltr'><strong>altare.</strong></span> 
     </span>
    </p>
   </div>
   <div class='ocr_carea' id='block_1_13' title="bbox 545 1458 2115 1535">
    <p class='ocr_par' dir='ltr' id='par_1_13' title="bbox 545 1458 2115 1535">
     <span class='ocr_line' id='line_1_13' title="bbox 545 1458 2115 1535; baseline 0.006 -22"><span class='ocrx_word' id='word_1_78' title='bbox 545 1458 613 1519; x_wconf 80' lang='lat' dir='ltr'><strong>Et</strong></span> <span class='ocrx_word' id='word_1_79' title='bbox 639 1459 889 1516; x_wconf 72' lang='lat' dir='ltr'><strong>eﬂundes</strong></span> <span class='ocrx_word' id='word_1_80' title='bbox 921 1461 975 1516; x_wconf 93' lang='lat' dir='ltr'><strong>in</strong></span> <span class='ocrx_word' id='word_1_81' title='bbox 1001 1463 1135 1523; x_wconf 90' lang='lat' dir='ltr'><strong>illud</strong></span> <span class='ocrx_word' id='word_1_82' title='bbox 1162 1481 1381 1535; x_wconf 87' lang='lat' dir='ltr'><strong>aquam,</strong></span> <span class='ocrx_word' id='word_1_83' title='bbox 1407 1476 1463 1520; x_wconf 89' lang='lat' dir='ltr'><strong>et</strong></span> <span class='ocrx_word' id='word_1_84' title='bbox 1493 1467 1717 1522; x_wconf 87' lang='lat' dir='ltr'><strong>abluent</strong></span> <span class='ocrx_word' id='word_1_85' title='bbox 1743 1468 1922 1529; x_wconf 85' lang='lat' dir='ltr'><strong>Aaron</strong></span> <span class='ocrx_word' id='word_1_86' title='bbox 1971 1477 2025 1522; x_wconf 87' lang='lat' dir='ltr'><strong>et</strong></span> <span class='ocrx_word' id='word_1_87' title='bbox 2050 1468 2115 1521; x_wconf 79' lang='lat' dir='ltr'><strong>li-</strong></span> 
     </span>
    </p>
   </div>
   <div class='ocr_carea' id='block_1_14' title="bbox 543 1549 2113 1629">
    <p class='ocr_par' dir='ltr' id='par_1_14' title="bbox 543 1549 2113 1629">
     <span class='ocr_line' id='line_1_14' title="bbox 543 1549 2113 1629; baseline 0.006 -26"><span class='ocrx_word' id='word_1_88' title='bbox 543 1549 601 1604; x_wconf 89' lang='lat' dir='ltr'><strong>lii</strong></span> <span class='ocrx_word' id='word_1_89' title='bbox 635 1551 753 1621; x_wconf 87' lang='lat' dir='ltr'><strong>ejus</strong></span> <span class='ocrx_word' id='word_1_90' title='bbox 778 1551 833 1606; x_wconf 91' lang='lat' dir='ltr'><strong>in</strong></span> <span class='ocrx_word' id='word_1_91' title='bbox 866 1568 933 1608; x_wconf 93' lang='lat' dir='ltr'><strong>eo</strong></span> <span class='ocrx_word' id='word_1_92' title='bbox 983 1569 1180 1617; x_wconf 90' lang='lat' dir='ltr'><strong>manus</strong></span> <span class='ocrx_word' id='word_1_93' title='bbox 1225 1565 1281 1616; x_wconf 88' lang='lat' dir='ltr'><strong>et</strong></span> <span class='ocrx_word' id='word_1_94' title='bbox 1318 1559 1488 1628; x_wconf 87' lang='lat' dir='ltr'><strong>pedes</strong></span> <span class='ocrx_word' id='word_1_95' title='bbox 1535 1574 1697 1629; x_wconf 82' lang='lat' dir='ltr'><strong>aqua.</strong></span> <span class='ocrx_word' id='word_1_96' title='bbox 1749 1558 1889 1614; x_wconf 94' lang='lat' dir='ltr'><strong>Cum</strong></span> <span class='ocrx_word' id='word_1_97' title='bbox 1931 1560 2113 1629; x_wconf 79' lang='lat' dir='ltr'><strong>ingre-</strong></span> 
     </span>
    </p>
   </div>
   <div class='ocr_carea' id='block_1_15' title="bbox 546 1639 2114 1715">
    <p class='ocr_par' dir='ltr' id='par_1_15' title="bbox 546 1639 2114 1715">
     <span class='ocr_line' id='line_1_15' title="bbox 546 1639 2114 1715; baseline 0.008 -21"><span class='ocrx_word' id='word_1_98' title='bbox 546 1639 770 1696; x_wconf 80' lang='lat' dir='ltr'><strong>dientur</strong></span> <span class='ocrx_word' id='word_1_99' title='bbox 823 1642 880 1697; x_wconf 90' lang='lat' dir='ltr'><strong>in</strong></span> <span class='ocrx_word' id='word_1_100' title='bbox 940 1644 1354 1703; x_wconf 85' lang='lat' dir='ltr'><strong>tabernaculum</strong></span> <span class='ocrx_word' id='word_1_101' title='bbox 1410 1651 1758 1715; x_wconf 89' lang='lat' dir='ltr'><strong>testimonii,</strong></span> <span class='ocrx_word' id='word_1_102' title='bbox 1820 1652 2114 1708; x_wconf 83' lang='lat' dir='ltr'><strong>abluentur</strong></span> 
     </span>
    </p>
   </div>
   <div class='ocr_carea' id='block_1_16' title="bbox 541 1735 2113 1812">
    <p class='ocr_par' dir='ltr' id='par_1_16' title="bbox 541 1735 2113 1812">
     <span class='ocr_line' id='line_1_16' title="bbox 541 1735 2113 1812; baseline 0.013 -29"><span class='ocrx_word' id='word_1_103' title='bbox 541 1745 702 1801; x_wconf 82' lang='lat' dir='ltr'><strong>aqua,</strong></span> <span class='ocrx_word' id='word_1_104' title='bbox 721 1740 905 1788; x_wconf 90' lang='lat' dir='ltr'><strong>etnon</strong></span> <span class='ocrx_word' id='word_1_105' title='bbox 929 1735 1256 1805; x_wconf 86' lang='lat' dir='ltr'><strong>morientur;</strong></span> <span class='ocrx_word' id='word_1_106' title='bbox 1282 1740 1361 1794; x_wconf 82' lang='lat' dir='ltr'><strong>vel</strong></span> <span class='ocrx_word' id='word_1_107' title='bbox 1384 1756 1508 1795; x_wconf 89' lang='lat' dir='ltr'><strong>cum</strong></span> <span class='ocrx_word' id='word_1_108' title='bbox 1532 1741 1909 1812; x_wconf 75' lang='lat' dir='ltr'><strong>ingrediantur</strong></span> <span class='ocrx_word' id='word_1_109' title='bbox 1923 1751 1982 1798; x_wconf 91' lang='lat' dir='ltr'><strong>ut</strong></span> <span class='ocrx_word' id='word_1_110' title='bbox 2007 1744 2113 1803; x_wconf 71' lang='lat' dir='ltr'><strong>nti--</strong></span> 
     </span>
    </p>
   </div>
   <div class='ocr_carea' id='block_1_17' title="bbox 1546 352 2774 422">
    <p class='ocr_par' dir='ltr' id='par_1_17' title="bbox 1546 352 2774 422">
     <span class='ocr_line' id='line_1_17' title="bbox 1546 352 2774 422; baseline 0.012 -15"><span class='ocrx_word' id='word_1_111' title='bbox 1546 352 1600 413; x_wconf 78' lang='grc' dir='ltr'><strong>Β.</strong></span> <span class='ocrx_word' id='word_1_112' title='bbox 1641 354 1912 414; x_wconf 70' lang='grc' dir='ltr'>ςγιιιιιι</span> <span class='ocrx_word' id='word_1_113' title='bbox 1951 359 2419 418; x_wconf 67' lang='grc' dir='ltr'><strong>ΑΕΕΧΑΝΒΜΝΙ</strong></span> <span class='ocrx_word' id='word_1_114' title='bbox 2459 364 2774 422; x_wconf 71' lang='lat' dir='ltr'><strong>ARClllEP.</strong></span> 
     </span>
    </p>
   </div>
   <div class='ocr_carea' id='block_1_18' title="bbox 1503 432 2797 546">
    <p class='ocr_par' dir='ltr' id='par_1_18' title="bbox 1503 432 2797 546">
     <span class='ocr_line' id='line_1_18' title="bbox 1503 432 2797 546; baseline 0.001 -15"><span class='ocrx_word' id='word_1_115' title='bbox 1503 432 1506 440; x_wconf 60' lang='grc'><em>’</em></span> <span class='ocrx_word' id='word_1_116' title='bbox 2149 479 2196 534; x_wconf 69' lang='grc' dir='ltr'>Α</span> <span class='ocrx_word' id='word_1_117' title='bbox 2292 478 2500 533; x_wconf 74' lang='grc' dir='ltr'><strong>ΠΑΛΛ.</strong></span> <span class='ocrx_word' id='word_1_118' title='bbox 2542 474 2612 532; x_wconf 79' lang='grc' dir='ltr'><strong>Εὖ</strong></span> <span class='ocrx_word' id='word_1_119' title='bbox 2641 477 2797 546; x_wconf 77' lang='grc' dir='ltr'>εφης.</span> 
     </span>
    </p>
   </div>
   <div class='ocr_carea' id='block_1_19' title="bbox 2337 291 2375 300">
    <p class='ocr_par' dir='ltr' id='par_1_19' title="bbox 2337 291 2375 300">
     <span class='ocr_line' id='line_1_19' title="bbox 2337 291 2375 300; baseline 0 0"><span class='ocrx_word' id='word_1_120' title='bbox 2337 291 2375 300; x_wconf 63' lang='grc' dir='ltr'>-ρ</span> 
     </span>
    </p>
   </div>
   <div class='ocr_carea' id='block_1_20' title="bbox 3691 369 3794 426">
    <p class='ocr_par' dir='ltr' id='par_1_20' title="bbox 3691 369 3794 426">
     <span class='ocr_line' id='line_1_20' title="bbox 3691 369 3794 426; baseline 0.019 -2"><span class='ocrx_word' id='word_1_121' title='bbox 3691 369 3794 426; x_wconf 73' lang='lat'><strong>6‘28</strong></span> 
     </span>
    </p>
   </div>
   <div class='ocr_carea' id='block_1_21' title="bbox 2289 568 3795 643">
    <p class='ocr_par' dir='ltr' id='par_1_21' title="bbox 2289 568 3795 643">
     <span class='ocr_line' id='line_1_21' title="bbox 2289 568 3795 643; baseline 0.005 -21"><span class='ocrx_word' id='word_1_122' title='bbox 2289 571 2451 624; x_wconf 78' lang='grc' dir='ltr'><strong>ΚΥΡ.</strong></span> <span class='ocrx_word' id='word_1_123' title='bbox 2505 569 2642 623; x_wconf 79' lang='grc' dir='ltr'>Ἀλλ’</span> <span class='ocrx_word' id='word_1_124' title='bbox 2671 568 2786 622; x_wconf 84' lang='grc' dir='ltr'>οῦτι</span> <span class='ocrx_word' id='word_1_125' title='bbox 2819 587 2902 622; x_wconf 90' lang='grc' dir='ltr'><strong>πω</strong></span> <span class='ocrx_word' id='word_1_126' title='bbox 2931 568 3074 640; x_wconf 82' lang='grc' dir='ltr'><strong>μόνῳ</strong></span> <span class='ocrx_word' id='word_1_127' title='bbox 3099 569 3175 640; x_wconf 85' lang='grc' dir='ltr'>τῷ</span> <span class='ocrx_word' id='word_1_128' title='bbox 3209 571 3401 640; x_wconf 75' lang='grc' dir='ltr'>αἵματι</span> <span class='ocrx_word' id='word_1_129' title='bbox 3433 571 3795 643; x_wconf 71' lang='grc' dir='ltr'><strong>καθαίρεσθαι</strong></span> 
     </span>
    </p>
   </div>
   <div class='ocr_carea' id='block_1_22' title="bbox 2217 660 3795 736">
    <p class='ocr_par' dir='ltr' id='par_1_22' title="bbox 2217 660 3795 736">
     <span class='ocr_line' id='line_1_22' title="bbox 2217 660 3795 736; baseline 0.003 -22"><span class='ocrx_word' id='word_1_130' title='bbox 2217 660 2326 716; x_wconf 75' lang='grc' dir='ltr'>δεῖν</span> <span class='ocrx_word' id='word_1_131' title='bbox 2355 660 2769 732; x_wconf 80' lang='grc' dir='ltr'><strong>αἰνιγματωδῶς</strong></span> <span class='ocrx_word' id='word_1_132' title='bbox 2794 663 2822 714; x_wconf 88' lang='grc' dir='ltr'><strong>ὁ</strong></span> <span class='ocrx_word' id='word_1_133' title='bbox 2860 661 3044 731; x_wconf 86' lang='grc' dir='ltr'>νόμος,</span> <span class='ocrx_word' id='word_1_134' title='bbox 3075 660 3209 714; x_wconf 72' lang='grc' dir='ltr'>ἀλλὰ</span> <span class='ocrx_word' id='word_1_135' title='bbox 3239 663 3332 714; x_wconf 76' lang='grc' dir='ltr'>καὶ</span> <span class='ocrx_word' id='word_1_136' title='bbox 3363 661 3511 714; x_wconf 79' lang='grc' dir='ltr'>ὕδατι</span> <span class='ocrx_word' id='word_1_137' title='bbox 3545 663 3624 735; x_wconf 80' lang='grc' dir='ltr'>τῷ</span> <span class='ocrx_word' id='word_1_138' title='bbox 3655 667 3795 736; x_wconf 76' lang='grc' dir='ltr'>ἁγίῳ</span> 
     </span>
    </p>
   </div>
   <div class='ocr_carea' id='block_1_23' title="bbox 2219 751 3800 826">
    <p class='ocr_par' dir='ltr' id='par_1_23' title="bbox 2219 751 3800 826">
     <span class='ocr_line' id='line_1_23' title="bbox 2219 751 3800 826; baseline 0.003 -20"><span class='ocrx_word' id='word_1_139' title='bbox 2219 755 2576 824; x_wconf 83' lang='grc' dir='ltr'>προστέταχε.</span> <span class='ocrx_word' id='word_1_140' title='bbox 2607 752 2928 822; x_wconf 88' lang='grc' dir='ltr'>Τελεωτάτη</span> <span class='ocrx_word' id='word_1_141' title='bbox 2953 751 3060 823; x_wconf 77' lang='grc' dir='ltr'><strong>γὰρ</strong></span> <span class='ocrx_word' id='word_1_142' title='bbox 3088 752 3182 822; x_wconf 84' lang='grc' dir='ltr'>ἦδε</span> <span class='ocrx_word' id='word_1_143' title='bbox 3209 759 3345 824; x_wconf 77' lang='grc' dir='ltr'>πρδς</span> <span class='ocrx_word' id='word_1_144' title='bbox 3366 753 3631 824; x_wconf 81' lang='grc' dir='ltr'><strong>κάθαρσιν</strong></span> <span class='ocrx_word' id='word_1_145' title='bbox 3654 756 3800 826; x_wconf 74' lang='grc' dir='ltr'>δδὸς,</span> 
     </span>
    </p>
   </div>
   <div class='ocr_carea' id='block_1_24' title="bbox 2220 843 3225 914">
    <p class='ocr_par' dir='ltr' id='par_1_24' title="bbox 2220 843 3225 914">
     <span class='ocr_line' id='line_1_24' title="bbox 2220 843 3225 914; baseline -0.001 -16"><span class='ocrx_word' id='word_1_146' title='bbox 2220 845 2360 898; x_wconf 89' lang='grc' dir='ltr'>κατά</span> <span class='ocrx_word' id='word_1_147' title='bbox 2387 846 2526 914; x_wconf 77' lang='grc' dir='ltr'>γετὸ</span> <span class='ocrx_word' id='word_1_148' title='bbox 2564 847 2621 900; x_wconf 82' lang='grc' dir='ltr'>ὲν</span> <span class='ocrx_word' id='word_1_149' title='bbox 2651 843 2872 914; x_wconf 83' lang='grc' dir='ltr'>Χριστῷ</span> <span class='ocrx_word' id='word_1_150' title='bbox 2905 845 3225 914; x_wconf 81' lang='grc' dir='ltr'>μυστήριον.</span> 
     </span>
    </p>
   </div>
   <div class='ocr_carea' id='block_1_25' title="bbox 2290 933 3795 1011">
    <p class='ocr_par' dir='ltr' id='par_1_25' title="bbox 2290 933 3795 1011">
     <span class='ocr_line' id='line_1_25' title="bbox 2290 933 3795 1011; baseline 0.003 -23"><span class='ocrx_word' id='word_1_151' title='bbox 2290 935 2496 990; x_wconf 82' lang='grc' dir='ltr'><strong>ΠΔΛΛ.</strong></span> <span class='ocrx_word' id='word_1_152' title='bbox 2537 935 2660 1000; x_wconf 86' lang='grc' dir='ltr'><strong>Πῶς</strong></span> <span class='ocrx_word' id='word_1_153' title='bbox 2691 935 2746 989; x_wconf 68' lang='grc' dir='ltr'>δὲ</span> <span class='ocrx_word' id='word_1_154' title='bbox 2778 934 2841 1006; x_wconf 80' lang='grc' dir='ltr'>δὴ</span> <span class='ocrx_word' id='word_1_155' title='bbox 2874 935 2981 1005; x_wconf 83' lang='grc' dir='ltr'>ἄρα</span> <span class='ocrx_word' id='word_1_156' title='bbox 3013 933 3284 990; x_wconf 79' lang='grc' dir='ltr'>καὶτοῦτο</span> <span class='ocrx_word' id='word_1_157' title='bbox 3319 937 3572 1009; x_wconf 84' lang='grc' dir='ltr'>δέδειχεν,</span> <span class='ocrx_word' id='word_1_158' title='bbox 3609 939 3642 1011; x_wconf 74' lang='grc' dir='ltr'>ἢ</span> <span class='ocrx_word' id='word_1_159' title='bbox 3675 940 3795 993; x_wconf 87' lang='grc' dir='ltr'>τίνα</span> 
     </span>
    </p>
   </div>
   <div class='ocr_carea' id='block_1_26' title="bbox 2217 1025 3319 1100">
    <p class='ocr_par' dir='ltr' id='par_1_26' title="bbox 2217 1025 3319 1100">
     <span class='ocr_line' id='line_1_26' title="bbox 2217 1025 3319 1100; baseline 0.004 -22"><span class='ocrx_word' id='word_1_160' title='bbox 2217 1025 2416 1100; x_wconf 80' lang='grc' dir='ltr'>τρόπον</span> <span class='ocrx_word' id='word_1_161' title='bbox 2431 1044 2446 1093; x_wconf 91' lang='grc'><strong>;</strong></span> <span class='ocrx_word' id='word_1_162' title='bbox 3315 1035 3319 1045; x_wconf 90' lang='grc'><em>’</em></span> 
     </span>
    </p>
   </div>
   <div class='ocr_carea' id='block_1_27' title="bbox 2288 1112 3790 1186">
    <p class='ocr_par' dir='ltr' id='par_1_27' title="bbox 2288 1112 3790 1186">
     <span class='ocr_line' id='line_1_27' title="bbox 2288 1112 3790 1186; baseline 0.002 -21"><span class='ocrx_word' id='word_1_163' title='bbox 2288 1115 2451 1167; x_wconf 81' lang='grc' dir='ltr'>ΚΥΡ.</span> <span class='ocrx_word' id='word_1_164' title='bbox 2491 1113 2804 1185; x_wconf 81' lang='grc' dir='ltr'><strong>Γέγραπται</strong></span> <span class='ocrx_word' id='word_1_165' title='bbox 2840 1113 2972 1184; x_wconf 84' lang='grc' dir='ltr'>γὰρ,</span> <span class='ocrx_word' id='word_1_166' title='bbox 3012 1112 3092 1165; x_wconf 84' lang='grc' dir='ltr'>ὅτι</span> <span class='ocrx_word' id='word_1_167' title='bbox 3135 1130 3154 1164; x_wconf 78' lang='grc' dir='ltr'><strong>ι</strong></span> <span class='ocrx_word' id='word_1_168' title='bbox 3194 1113 3303 1168; x_wconf 77' lang='grc' dir='ltr'><strong>Καὶ</strong></span> <span class='ocrx_word' id='word_1_169' title='bbox 3323 1113 3552 1186; x_wconf 81' lang='grc' dir='ltr'>ὲλάλησε</span> <span class='ocrx_word' id='word_1_170' title='bbox 3583 1114 3790 1186; x_wconf 80' lang='grc' dir='ltr'>Κύριος</span> 
     </span>
    </p>
   </div>
   <div class='ocr_carea' id='block_1_28' title="bbox 2217 1201 3789 1276">
    <p class='ocr_par' dir='ltr' id='par_1_28' title="bbox 2217 1201 3789 1276">
     <span class='ocr_line' id='line_1_28' title="bbox 2217 1201 3789 1276; baseline 0.002 -21"><span class='ocrx_word' id='word_1_171' title='bbox 2217 1203 2354 1276; x_wconf 83' lang='grc' dir='ltr'>πρὸς</span> <span class='ocrx_word' id='word_1_172' title='bbox 2397 1204 2636 1274; x_wconf 83' lang='grc' dir='ltr'>Μωσῆν,</span> <span class='ocrx_word' id='word_1_173' title='bbox 2683 1205 2890 1272; x_wconf 81' lang='grc' dir='ltr'>λέγων·</span> <span class='ocrx_word' id='word_1_174' title='bbox 2960 1201 3192 1272; x_wconf 76' lang='grc' dir='ltr'>Ποίησον</span> <span class='ocrx_word' id='word_1_175' title='bbox 3237 1203 3478 1275; x_wconf 75' lang='grc' dir='ltr'><strong>λουτῆρα</strong></span> <span class='ocrx_word' id='word_1_176' title='bbox 3534 1204 3789 1275; x_wconf 79' lang='grc' dir='ltr'>χαλκοῦν,</span> 
     </span>
    </p>
   </div>
   <div class='ocr_carea' id='block_1_29' title="bbox 2217 1293 3792 1367">
    <p class='ocr_par' dir='ltr' id='par_1_29' title="bbox 2217 1293 3792 1367">
     <span class='ocr_line' id='line_1_29' title="bbox 2217 1293 3792 1367; baseline -0.001 -15"><span class='ocrx_word' id='word_1_177' title='bbox 2217 1295 2310 1352; x_wconf 76' lang='grc' dir='ltr'>καὶ</span> <span class='ocrx_word' id='word_1_178' title='bbox 2341 1293 2495 1364; x_wconf 78' lang='grc' dir='ltr'>βάσιν</span> <span class='ocrx_word' id='word_1_179' title='bbox 2520 1293 2686 1349; x_wconf 83' lang='grc' dir='ltr'>αὐτοῦ</span> <span class='ocrx_word' id='word_1_180' title='bbox 2717 1294 2940 1366; x_wconf 83' lang='grc' dir='ltr'><strong>χαλκῆν,</strong></span> <span class='ocrx_word' id='word_1_181' title='bbox 2962 1293 3104 1347; x_wconf 82' lang='grc' dir='ltr'>ὥστε</span> <span class='ocrx_word' id='word_1_182' title='bbox 3129 1293 3434 1348; x_wconf 90' lang='grc' dir='ltr'>νίπτεσθαι.</span> <span class='ocrx_word' id='word_1_183' title='bbox 3467 1296 3578 1348; x_wconf 80' lang='grc' dir='ltr'><strong>Καὶ</strong></span> <span class='ocrx_word' id='word_1_184' title='bbox 3605 1295 3792 1367; x_wconf 81' lang='grc' dir='ltr'><strong>θήσεις</strong></span> 
     </span>
    </p>
   </div>
   <div class='ocr_carea' id='block_1_30' title="bbox 2217 1383 3788 1457">
    <p class='ocr_par' dir='ltr' id='par_1_30' title="bbox 2217 1383 3788 1457">
     <span class='ocr_line' id='line_1_30' title="bbox 2217 1383 3788 1457; baseline 0 -19"><span class='ocrx_word' id='word_1_185' title='bbox 2217 1386 2377 1439; x_wconf 70' lang='grc' dir='ltr'>αὐτὸν</span> <span class='ocrx_word' id='word_1_186' title='bbox 2431 1387 2534 1438; x_wconf 75' lang='grc' dir='ltr'><strong>ἀνὰ</strong></span> <span class='ocrx_word' id='word_1_187' title='bbox 2581 1385 2746 1455; x_wconf 81' lang='grc' dir='ltr'>μέσον</span> <span class='ocrx_word' id='word_1_188' title='bbox 2791 1385 2890 1454; x_wconf 86' lang='grc' dir='ltr'><strong>τῆς</strong></span> <span class='ocrx_word' id='word_1_189' title='bbox 2939 1385 3142 1456; x_wconf 78' lang='grc' dir='ltr'>σκηνῆς</span> <span class='ocrx_word' id='word_1_190' title='bbox 3179 1383 3271 1437; x_wconf 84' lang='grc' dir='ltr'><strong>τοῦ</strong></span> <span class='ocrx_word' id='word_1_191' title='bbox 3325 1387 3645 1457; x_wconf 85' lang='grc' dir='ltr'>μαρτυρίου,</span> <span class='ocrx_word' id='word_1_192' title='bbox 3695 1387 3788 1440; x_wconf 73' lang='grc' dir='ltr'>καὶ</span> 
     </span>
    </p>
   </div>
   <div class='ocr_carea' id='block_1_31' title="bbox 2216 1471 3788 1544">
    <p class='ocr_par' dir='ltr' id='par_1_31' title="bbox 2216 1471 3788 1544">
     <span class='ocr_line' id='line_1_31' title="bbox 2216 1471 3788 1544; baseline 0.002 -19"><span class='ocrx_word' id='word_1_193' title='bbox 2216 1473 2318 1526; x_wconf 77' lang='grc' dir='ltr'>ἀνὰ</span> <span class='ocrx_word' id='word_1_194' title='bbox 2354 1473 2518 1542; x_wconf 79' lang='grc' dir='ltr'>μέσον</span> <span class='ocrx_word' id='word_1_195' title='bbox 2553 1473 2645 1527; x_wconf 81' lang='grc' dir='ltr'><strong>τοῦ</strong></span> <span class='ocrx_word' id='word_1_196' title='bbox 2693 1471 3102 1542; x_wconf 84' lang='grc' dir='ltr'>θυσιαστηρίου.</span> <span class='ocrx_word' id='word_1_197' title='bbox 3135 1473 3244 1525; x_wconf 69' lang='grc' dir='ltr'><strong>Καὶ</strong></span> <span class='ocrx_word' id='word_1_198' title='bbox 3277 1476 3484 1544; x_wconf 85' lang='grc' dir='ltr'>ὲκχεεῖς</span> <span class='ocrx_word' id='word_1_199' title='bbox 3514 1477 3594 1538; x_wconf 84' lang='grc' dir='ltr'><strong>εἰς</strong></span> <span class='ocrx_word' id='word_1_200' title='bbox 3626 1475 3788 1528; x_wconf 82' lang='grc' dir='ltr'>αὑτὸν</span> 
     </span>
    </p>
   </div>
   <div class='ocr_carea' id='block_1_32' title="bbox 2217 1562 3785 1636">
    <p class='ocr_par' dir='ltr' id='par_1_32' title="bbox 2217 1562 3785 1636">
     <span class='ocr_line' id='line_1_32' title="bbox 2217 1562 3785 1636; baseline 0.002 -20"><span class='ocrx_word' id='word_1_201' title='bbox 2217 1562 2378 1636; x_wconf 73' lang='grc' dir='ltr'>ὕδωρο</span> <span class='ocrx_word' id='word_1_202' title='bbox 2403 1566 2496 1620; x_wconf 72' lang='grc' dir='ltr'>καὶ</span> <span class='ocrx_word' id='word_1_203' title='bbox 2523 1563 2764 1634; x_wconf 83' lang='grc' dir='ltr'>νίψονται</span> <span class='ocrx_word' id='word_1_204' title='bbox 2802 1563 3009 1634; x_wconf 80' lang='grc' dir='ltr'>Ἀαρὼν</span> <span class='ocrx_word' id='word_1_205' title='bbox 3031 1563 3125 1616; x_wconf 72' lang='grc' dir='ltr'>καὶ</span> <span class='ocrx_word' id='word_1_206' title='bbox 3146 1565 3194 1616; x_wconf 87' lang='grc' dir='ltr'>οἱ</span> <span class='ocrx_word' id='word_1_207' title='bbox 3218 1565 3322 1617; x_wconf 76' lang='grc' dir='ltr'>υἱοὶ</span> <span class='ocrx_word' id='word_1_208' title='bbox 3342 1565 3507 1618; x_wconf 80' lang='grc' dir='ltr'>αὐτοῦ</span> <span class='ocrx_word' id='word_1_209' title='bbox 3539 1566 3598 1632; x_wconf 79' lang='grc' dir='ltr'>ἐξ</span> <span class='ocrx_word' id='word_1_210' title='bbox 3622 1565 3785 1621; x_wconf 84' lang='grc' dir='ltr'>αὑτοῦ</span> 
     </span>
    </p>
   </div>
   <div class='ocr_carea' id='block_1_33' title="bbox 2215 1655 3788 1728">
    <p class='ocr_par' dir='ltr' id='par_1_33' title="bbox 2215 1655 3788 1728">
     <span class='ocr_line' id='line_1_33' title="bbox 2215 1655 3788 1728; baseline 0.004 -22"><span class='ocrx_word' id='word_1_211' title='bbox 2215 1655 2314 1719; x_wconf 80' lang='grc' dir='ltr'><strong>τὰς</strong></span> <span class='ocrx_word' id='word_1_212' title='bbox 2352 1658 2542 1726; x_wconf 86' lang='grc' dir='ltr'>χεῖρας</span> <span class='ocrx_word' id='word_1_213' title='bbox 2572 1656 2810 1718; x_wconf 78' lang='grc' dir='ltr'>καὶτοὺς</span> <span class='ocrx_word' id='word_1_214' title='bbox 2851 1655 3015 1718; x_wconf 86' lang='grc' dir='ltr'>πόδας</span> <span class='ocrx_word' id='word_1_215' title='bbox 3039 1655 3212 1708; x_wconf 76' lang='grc' dir='ltr'>ὕδατι.</span> <span class='ocrx_word' id='word_1_216' title='bbox 3243 1656 3406 1709; x_wconf 86' lang='grc' dir='ltr'>Ὅταν</span> <span class='ocrx_word' id='word_1_217' title='bbox 3431 1657 3788 1728; x_wconf 75' lang='grc' dir='ltr'>εἰσπορεύων-</span> 
     </span>
    </p>
   </div>
   <div class='ocr_carea' id='block_1_34' title="bbox 2214 1743 3781 1816">
    <p class='ocr_par' dir='ltr' id='par_1_34' title="bbox 2214 1743 3781 1816">
     <span class='ocr_line' id='line_1_34' title="bbox 2214 1743 3781 1816; baseline 0.002 -18"><span class='ocrx_word' id='word_1_218' title='bbox 2214 1763 2303 1798; x_wconf 90' lang='grc' dir='ltr'><strong>ται</strong></span> <span class='ocrx_word' id='word_1_219' title='bbox 2341 1747 2422 1808; x_wconf 85' lang='grc' dir='ltr'><strong>εἰς</strong></span> <span class='ocrx_word' id='word_1_220' title='bbox 2449 1745 2546 1816; x_wconf 82' lang='grc' dir='ltr'>τὴν</span> <span class='ocrx_word' id='word_1_221' title='bbox 2583 1746 2786 1816; x_wconf 79' lang='grc' dir='ltr'>σκηνὴν</span> <span class='ocrx_word' id='word_1_222' title='bbox 2818 1743 2909 1798; x_wconf 85' lang='grc' dir='ltr'><strong>τοῦ</strong></span> <span class='ocrx_word' id='word_1_223' title='bbox 2957 1744 3278 1816; x_wconf 75' lang='grc' dir='ltr'>μαρτυρίου,</span> <span class='ocrx_word' id='word_1_224' title='bbox 3331 1747 3576 1816; x_wconf 75' lang='grc' dir='ltr'>νίψονται</span> <span class='ocrx_word' id='word_1_225' title='bbox 3609 1747 3781 1812; x_wconf 75' lang='grc' dir='ltr'>ὕδατι,</span> 
     </span>
    </p>
   </div>
   <div class='ocr_carea' id='block_1_35' title="bbox 542 1821 2108 1908">
    <p class='ocr_par' dir='ltr' id='par_1_35' title="bbox 542 1821 2108 1900">
     <span class='ocr_line' id='line_1_35' title="bbox 542 1821 2108 1900; baseline 0.008 -25"><span class='ocrx_word' id='word_1_226' title='bbox 542 1821 788 1882; x_wconf 85' lang='lat' dir='ltr'><strong>nistrent</strong></span> <span class='ocrx_word' id='word_1_227' title='bbox 815 1823 884 1878; x_wconf 92' lang='lat' dir='ltr'><strong>ad</strong></span> <span class='ocrx_word' id='word_1_228' title='bbox 915 1825 1108 1887; x_wconf 87' lang='lat' dir='ltr'><strong>altare.</strong></span> <span class='ocrx_word' id='word_1_229' title='bbox 1143 1836 1198 1884; x_wconf 90' lang='lat' dir='ltr'><strong>et</strong></span> <span class='ocrx_word' id='word_1_230' title='bbox 1247 1830 1484 1886; x_wconf 75' lang='lat' dir='ltr'><strong>oll‘erant</strong></span> <span class='ocrx_word' id='word_1_231' title='bbox 1512 1831 1830 1895; x_wconf 78' lang='lat' dir='ltr'><strong>holocausta</strong></span> <span class='ocrx_word' id='word_1_232' title='bbox 1859 1834 2108 1900; x_wconf 81' lang='lat' dir='ltr'><strong>Domino,</strong></span> 
     </span>
    </p>
   </div>
   <div class='ocr_carea' id='block_1_36' title="bbox 2213 1821 3786 1908">
    <p class='ocr_par' dir='ltr' id='par_1_36' title="bbox 2215 1832 3786 1908">
     <span class='ocr_line' id='line_1_36' title="bbox 2215 1832 3786 1908; baseline 0.003 -23"><span class='ocrx_word' id='word_1_233' title='bbox 2215 1835 2310 1887; x_wconf 75' lang='grc' dir='ltr'>καὶ</span> <span class='ocrx_word' id='word_1_234' title='bbox 2337 1833 2398 1889; x_wconf 73' lang='grc' dir='ltr'>οὐ</span> <span class='ocrx_word' id='word_1_235' title='bbox 2429 1834 2503 1905; x_wconf 82' lang='grc' dir='ltr'>μὴ</span> <span class='ocrx_word' id='word_1_236' title='bbox 2524 1832 2885 1888; x_wconf 59' lang='grc' dir='ltr'>ἀποθάνωσιν</span> <span class='ocrx_word' id='word_1_237' title='bbox 2919 1832 2952 1901; x_wconf 84' lang='grc' dir='ltr'>ἢ</span> <span class='ocrx_word' id='word_1_238' title='bbox 2983 1834 3110 1885; x_wconf 79' lang='grc' dir='ltr'>ὅταν</span> <span class='ocrx_word' id='word_1_239' title='bbox 3143 1833 3624 1904; x_wconf 76' lang='grc' dir='ltr'>προσπορεύωνται</span> <span class='ocrx_word' id='word_1_240' title='bbox 3652 1836 3786 1908; x_wconf 79' lang='grc' dir='ltr'>πρὸς</span> 
     </span>
    </p>
   </div>
   <div class='ocr_carea' id='block_1_37' title="bbox 543 1909 2113 1992">
    <p class='ocr_par' dir='ltr' id='par_1_37' title="bbox 543 1909 2113 1992">
     <span class='ocr_line' id='line_1_37' title="bbox 543 1909 2113 1992; baseline 0.01 -30"><span class='ocrx_word' id='word_1_241' title='bbox 543 1909 769 1973; x_wconf 73' lang='lat' dir='ltr'><strong>abluent</strong></span> <span class='ocrx_word' id='word_1_242' title='bbox 803 1925 999 1968; x_wconf 89' lang='lat' dir='ltr'><strong>manus</strong></span> <span class='ocrx_word' id='word_1_243' title='bbox 1038 1922 1094 1968; x_wconf 90' lang='lat' dir='ltr'><strong>et</strong></span> <span class='ocrx_word' id='word_1_244' title='bbox 1137 1917 1306 1986; x_wconf 88' lang='lat' dir='ltr'><strong>pedes</strong></span> <span class='ocrx_word' id='word_1_245' title='bbox 1357 1934 1518 1988; x_wconf 89' lang='lat' dir='ltr'><strong>aqua.</strong></span> <span class='ocrx_word' id='word_1_246' title='bbox 1551 1919 1688 1975; x_wconf 92' lang='lat' dir='ltr'><strong>Cum</strong></span> <span class='ocrx_word' id='word_1_247' title='bbox 1733 1921 2113 1992; x_wconf 88' lang='lat' dir='ltr'><strong>ingredienlur</strong></span> 
     </span>
    </p>
   </div>
   <div class='ocr_carea' id='block_1_38' title="bbox 541 2001 2112 2084">
    <p class='ocr_par' dir='ltr' id='par_1_38' title="bbox 541 2001 2112 2084">
     <span class='ocr_line' id='line_1_38' title="bbox 541 2001 2112 2084; baseline 0.011 -31"><span class='ocrx_word' id='word_1_248' title='bbox 541 2017 594 2054; x_wconf 86' lang='grc' dir='ltr'><strong>ιιι</strong></span> <span class='ocrx_word' id='word_1_249' title='bbox 618 2001 1033 2061; x_wconf 88' lang='lat' dir='ltr'><strong>tabernaculum</strong></span> <span class='ocrx_word' id='word_1_250' title='bbox 1074 2009 1393 2074; x_wconf 84' lang='lat' dir='ltr'><strong>testimonii,</strong></span> <span class='ocrx_word' id='word_1_251' title='bbox 1418 2011 1678 2066; x_wconf 87' lang='lat' dir='ltr'><strong>lavabunt</strong></span> <span class='ocrx_word' id='word_1_252' title='bbox 1701 2029 1864 2084; x_wconf 90' lang='lat' dir='ltr'><strong>aqua,</strong></span> <span class='ocrx_word' id='word_1_253' title='bbox 1894 2023 1956 2071; x_wconf 92' lang='lat' dir='ltr'><strong>ut</strong></span> <span class='ocrx_word' id='word_1_254' title='bbox 2001 2031 2112 2070; x_wconf 91' lang='lat' dir='ltr'><strong>non</strong></span> 
     </span>
    </p>
   </div>
   <div class='ocr_carea' id='block_1_39' title="bbox 541 2094 2110 2175">
    <p class='ocr_par' dir='ltr' id='par_1_39' title="bbox 541 2094 2110 2175">
     <span class='ocr_line' id='line_1_39' title="bbox 541 2094 2110 2175; baseline 0.005 -24"><span class='ocrx_word' id='word_1_255' title='bbox 541 2094 881 2157; x_wconf 79' lang='lat' dir='ltr'><strong>moriantur:</strong></span> <span class='ocrx_word' id='word_1_256' title='bbox 929 2106 985 2152; x_wconf 91' lang='lat' dir='ltr'><strong>et</strong></span> <span class='ocrx_word' id='word_1_257' title='bbox 1013 2099 1121 2153; x_wconf 90' lang='lat' dir='ltr'><strong>erit</strong></span> <span class='ocrx_word' id='word_1_258' title='bbox 1163 2099 1324 2170; x_wconf 67' lang='lat'><strong>312</strong></span> <span class='ocrx_word' id='word_1_259' title='bbox 1382 2100 1683 2170; x_wconf 79' lang='lat' dir='ltr'><strong>legitimum</strong></span> <span class='ocrx_word' id='word_1_260' title='bbox 1717 2105 2110 2175; x_wconf 90' lang='lat' dir='ltr'><strong>sempiternum</strong></span> 
     </span>
    </p>
   </div>
   <div class='ocr_carea' id='block_1_40' title="bbox 540 2183 2110 2261">
    <p class='ocr_par' dir='ltr' id='par_1_40' title="bbox 540 2183 2110 2261">
     <span class='ocr_line' id='line_1_40' title="bbox 540 2183 2110 2261; baseline 0.008 -24"><span class='ocrx_word' id='word_1_261' title='bbox 540 2183 666 2252; x_wconf 84' lang='lat' dir='ltr'><strong>ipsi,</strong></span> <span class='ocrx_word' id='word_1_262' title='bbox 700 2192 757 2240; x_wconf 90' lang='lat' dir='ltr'><strong>et</strong></span> <span class='ocrx_word' id='word_1_263' title='bbox 771 2187 1219 2256; x_wconf 76' lang='lat' dir='ltr'><strong>generationibus</strong></span> <span class='ocrx_word' id='word_1_264' title='bbox 1252 2191 1372 2261; x_wconf 86' lang='lat' dir='ltr'><strong>ejus</strong></span> <span class='ocrx_word' id='word_1_265' title='bbox 1403 2201 1524 2261; x_wconf 89' lang='lat' dir='ltr'><strong>post</strong></span> <span class='ocrx_word' id='word_1_266' title='bbox 1549 2208 1676 2246; x_wconf 89' lang='lat' dir='ltr'><strong>eum</strong></span> <span class='ocrx_word' id='word_1_267' title='bbox 1701 2194 1765 2248; x_wconf 73' lang='grc'><strong>⁷⁸.</strong></span> <span class='ocrx_word' id='word_1_268' title='bbox 1800 2215 1818 2246; x_wconf 72' lang='grc' dir='ltr'><strong>ι</strong></span> <span class='ocrx_word' id='word_1_269' title='bbox 1867 2195 2110 2250; x_wconf 86' lang='lat' dir='ltr'><strong>Gratiam</strong></span> 
     </span>
    </p>
   </div>
   <div class='ocr_carea' id='block_1_41' title="bbox 540 2269 2108 2356">
    <p class='ocr_par' dir='ltr' id='par_1_41' title="bbox 540 2269 2108 2356">
     <span class='ocr_line' id='line_1_41' title="bbox 540 2269 2108 2356; baseline 0.011 -31"><span class='ocrx_word' id='word_1_270' title='bbox 540 2269 708 2343; x_wconf 70' lang='lat' dir='ltr'><strong>igitur</strong></span> <span class='ocrx_word' id='word_1_271' title='bbox 733 2278 908 2332; x_wconf 88' lang='lat' dir='ltr'><strong>sancti</strong></span> <span class='ocrx_word' id='word_1_272' title='bbox 933 2277 1282 2348; x_wconf 88' lang='lat' dir='ltr'><strong>baptismatis</strong></span> <span class='ocrx_word' id='word_1_273' title='bbox 1327 2281 1382 2336; x_wconf 90' lang='lat' dir='ltr'><strong>in</strong></span> <span class='ocrx_word' id='word_1_274' title='bbox 1410 2298 1474 2337; x_wconf 84' lang='lat' dir='ltr'><strong>ea</strong></span> <span class='ocrx_word' id='word_1_275' title='bbox 1506 2299 1564 2338; x_wconf 92' lang='lat' dir='ltr'><strong>re</strong></span> <span class='ocrx_word' id='word_1_276' title='bbox 1589 2285 1988 2356; x_wconf 67' lang='lat' dir='ltr'><strong>praeliguratam</strong></span> <span class='ocrx_word' id='word_1_277' title='bbox 2019 2303 2108 2342; x_wconf 92' lang='lat' dir='ltr'><strong>es-</strong></span> 
     </span>
    </p>
   </div>
   <div class='ocr_carea' id='block_1_42' title="bbox 536 2371 2108 2448">
    <p class='ocr_par' dir='ltr' id='par_1_42' title="bbox 536 2371 2108 2448">
     <span class='ocr_line' id='line_1_42' title="bbox 536 2371 2108 2448; baseline 0.008 -26"><span class='ocrx_word' id='word_1_278' title='bbox 536 2381 619 2432; x_wconf 83' lang='lat' dir='ltr'><strong>se,</strong></span> <span class='ocrx_word' id='word_1_279' title='bbox 656 2383 766 2424; x_wconf 87' lang='lat' dir='ltr'><strong>non</strong></span> <span class='ocrx_word' id='word_1_280' title='bbox 797 2380 882 2426; x_wconf 91' lang='lat' dir='ltr'><strong>est</strong></span> <span class='ocrx_word' id='word_1_281' title='bbox 900 2371 1218 2427; x_wconf 88' lang='lat' dir='ltr'><strong>obscurum.</strong></span> <span class='ocrx_word' id='word_1_282' title='bbox 1243 2374 1403 2440; x_wconf 88' lang='lat' dir='ltr'><strong>Nam,</strong></span> <span class='ocrx_word' id='word_1_283' title='bbox 1435 2390 1560 2430; x_wconf 89' lang='lat' dir='ltr'><strong>cum</strong></span> <span class='ocrx_word' id='word_1_284' title='bbox 1591 2377 1952 2448; x_wconf 79' lang='lat' dir='ltr'><strong>baptizamur,</strong></span> <span class='ocrx_word' id='word_1_285' title='bbox 1999 2395 2108 2436; x_wconf 91' lang='lat' dir='ltr'><strong>non</strong></span> 
     </span>
    </p>
   </div>
   <div class='ocr_carea' id='block_1_43' title="bbox 539 2459 2108 2540">
    <p class='ocr_par' dir='ltr' id='par_1_43' title="bbox 539 2459 2108 2540">
     <span class='ocr_line' id='line_1_43' title="bbox 539 2459 2108 2540; baseline 0.01 -27"><span class='ocrx_word' id='word_1_286' title='bbox 539 2459 787 2521; x_wconf 79' lang='lat' dir='ltr'><strong>sordium</strong></span> <span class='ocrx_word' id='word_1_287' title='bbox 817 2463 1002 2524; x_wconf 85' lang='lat' dir='ltr'><strong>carnis</strong></span> <span class='ocrx_word' id='word_1_288' title='bbox 1034 2465 1434 2534; x_wconf 81' lang='lat' dir='ltr'><strong>depositionem</strong></span> <span class='ocrx_word' id='word_1_289' title='bbox 1451 2473 1866 2540; x_wconf 83' lang='lat' dir='ltr'><strong>consequimur,</strong></span> <span class='ocrx_word' id='word_1_290' title='bbox 1895 2472 1990 2527; x_wconf 88' lang='lat' dir='ltr'><strong>sed</strong></span> <span class='ocrx_word' id='word_1_291' title='bbox 2021 2473 2108 2528; x_wconf 88' lang='lat' dir='ltr'><strong>in-</strong></span> 
     </span>
    </p>
   </div>
   <div class='ocr_carea' id='block_1_44' title="bbox 537 2549 2110 2625">
    <p class='ocr_par' dir='ltr' id='par_1_44' title="bbox 537 2549 2110 2625">
     <span class='ocr_line' id='line_1_44' title="bbox 537 2549 2110 2625; baseline 0.009 -22"><span class='ocrx_word' id='word_1_292' title='bbox 537 2549 906 2617; x_wconf 86' lang='lat' dir='ltr'><strong>quinamentis</strong></span> <span class='ocrx_word' id='word_1_293' title='bbox 936 2553 1101 2608; x_wconf 90' lang='lat' dir='ltr'><strong>animi</strong></span> <span class='ocrx_word' id='word_1_294' title='bbox 1126 2563 1183 2610; x_wconf 90' lang='lat' dir='ltr'><strong>et</strong></span> <span class='ocrx_word' id='word_1_295' title='bbox 1215 2556 1400 2610; x_wconf 90' lang='lat' dir='ltr'><strong>cordis</strong></span> <span class='ocrx_word' id='word_1_296' title='bbox 1423 2557 1746 2625; x_wconf 85' lang='lat' dir='ltr'><strong>liberamur,</strong></span> <span class='ocrx_word' id='word_1_297' title='bbox 1777 2569 1832 2614; x_wconf 91' lang='lat' dir='ltr'><strong>et</strong></span> <span class='ocrx_word' id='word_1_298' title='bbox 1870 2563 2110 2618; x_wconf 88' lang='lat' dir='ltr'><strong>maculas</strong></span> 
     </span>
    </p>
   </div>
   <div class='ocr_carea' id='block_1_45' title="bbox 535 2639 2110 2723">
    <p class='ocr_par' dir='ltr' id='par_1_45' title="bbox 535 2639 2110 2723">
     <span class='ocr_line' id='line_1_45' title="bbox 535 2639 2110 2723; baseline 0.009 -29"><span class='ocrx_word' id='word_1_299' title='bbox 535 2639 862 2698; x_wconf 83' lang='lat' dir='ltr'><strong>delictorum</strong></span> <span class='ocrx_word' id='word_1_300' title='bbox 887 2644 1184 2710; x_wconf 88' lang='lat' dir='ltr'><strong>abluimus,</strong></span> <span class='ocrx_word' id='word_1_301' title='bbox 1211 2646 1357 2705; x_wconf 89' lang='lat' dir='ltr'><strong>illius</strong></span> <span class='ocrx_word' id='word_1_302' title='bbox 1380 2649 1551 2718; x_wconf 85' lang='lat' dir='ltr'><strong>gratia</strong></span> <span class='ocrx_word' id='word_1_303' title='bbox 1581 2657 1743 2719; x_wconf 88' lang='lat' dir='ltr'><strong>atque</strong></span> <span class='ocrx_word' id='word_1_304' title='bbox 1777 2651 2110 2723; x_wconf 81' lang='lat' dir='ltr'><strong>benignitate</strong></span> 
     </span>
    </p>
   </div>
   <div class='ocr_carea' id='block_1_46' title="bbox 535 2730 2109 2797">
    <p class='ocr_par' dir='ltr' id='par_1_46' title="bbox 535 2730 2109 2797">
     <span class='ocr_line' id='line_1_46' title="bbox 535 2730 2109 2797; baseline 0.008 -14"><span class='ocrx_word' id='word_1_305' title='bbox 535 2730 632 2797; x_wconf 87' lang='lat' dir='ltr'><strong>qui</strong></span> <span class='ocrx_word' id='word_1_306' title='bbox 657 2747 757 2786; x_wconf 91' lang='lat' dir='ltr'><strong>nos</strong></span> <span class='ocrx_word' id='word_1_307' title='bbox 781 2731 848 2786; x_wconf 77' lang='lat' dir='ltr'><strong>ad</strong></span> <span class='ocrx_word' id='word_1_308' title='bbox 886 2733 1116 2788; x_wconf 89' lang='lat' dir='ltr'><strong>salutem</strong></span> <span class='ocrx_word' id='word_1_309' title='bbox 1162 2743 1340 2793; x_wconf 80' lang='lat' dir='ltr'><strong>vocat.</strong></span> <span class='ocrx_word' id='word_1_310' title='bbox 1393 2735 1768 2791; x_wconf 81' lang='lat' dir='ltr'><strong>Justilicamur</strong></span> <span class='ocrx_word' id='word_1_311' title='bbox 1799 2740 1946 2793; x_wconf 92' lang='lat' dir='ltr'><strong>enim</strong></span> <span class='ocrx_word' id='word_1_312' title='bbox 1999 2757 2109 2796; x_wconf 89' lang='lat' dir='ltr'><strong>non</strong></span> 
     </span>
    </p>
   </div>
   <div class='ocr_carea' id='block_1_47' title="bbox 535 2822 2108 2900">
    <p class='ocr_par' dir='ltr' id='par_1_47' title="bbox 535 2822 2108 2900">
     <span class='ocr_line' id='line_1_47' title="bbox 535 2822 2108 2900; baseline 0.008 -27"><span class='ocrx_word' id='word_1_313' title='bbox 535 2835 604 2874; x_wconf 80' lang='lat' dir='ltr'><strong>ex</strong></span> <span class='ocrx_word' id='word_1_314' title='bbox 636 2822 896 2890; x_wconf 86' lang='lat' dir='ltr'><strong>operibus</strong></span> <span class='ocrx_word' id='word_1_315' title='bbox 920 2823 1074 2894; x_wconf 83' lang='lat' dir='ltr'><strong>legis,</strong></span> <span class='ocrx_word' id='word_1_316' title='bbox 1102 2833 1161 2879; x_wconf 90' lang='lat' dir='ltr'><strong>ut</strong></span> <span class='ocrx_word' id='word_1_317' title='bbox 1185 2824 1486 2900; x_wconf 74' lang='lat' dir='ltr'><strong>Scripturae</strong></span> <span class='ocrx_word' id='word_1_318' title='bbox 1520 2834 1794 2883; x_wconf 86' lang='lat' dir='ltr'><strong>testantur</strong></span> <span class='ocrx_word' id='word_1_319' title='bbox 1823 2830 1891 2894; x_wconf 80' lang='grc'><strong>⁷⁵,</strong></span> <span class='ocrx_word' id='word_1_320' title='bbox 1923 2830 2019 2884; x_wconf 89' lang='lat' dir='ltr'><strong>sed</strong></span> <span class='ocrx_word' id='word_1_321' title='bbox 2041 2847 2108 2886; x_wconf 82' lang='lat' dir='ltr'><strong>ex</strong></span> 
     </span>
    </p>
   </div>
   <div class='ocr_carea' id='block_1_48' title="bbox 537 2913 2106 2988">
    <p class='ocr_par' dir='ltr' id='par_1_48' title="bbox 537 2913 2106 2988">
     <span class='ocr_line' id='line_1_48' title="bbox 537 2913 2106 2988; baseline 0.007 -23"><span class='ocrx_word' id='word_1_322' title='bbox 537 2913 644 2974; x_wconf 84' lang='lat' dir='ltr'><strong>tide</strong></span> <span class='ocrx_word' id='word_1_323' title='bbox 665 2913 795 2972; x_wconf 76' lang='lat' dir='ltr'><strong>Iesu</strong></span> <span class='ocrx_word' id='word_1_324' title='bbox 817 2914 1046 2970; x_wconf 85' lang='lat' dir='ltr'><strong>Christi.</strong></span> <span class='ocrx_word' id='word_1_325' title='bbox 1085 2916 1222 2970; x_wconf 88' lang='lat' dir='ltr'><strong>Illud</strong></span> <span class='ocrx_word' id='word_1_326' title='bbox 1247 2925 1432 2975; x_wconf 88' lang='lat' dir='ltr'><strong>autem</strong></span> <span class='ocrx_word' id='word_1_327' title='bbox 1472 2917 1878 2979; x_wconf 80' lang='lat' dir='ltr'><strong>animadvertas</strong></span> <span class='ocrx_word' id='word_1_328' title='bbox 1919 2923 2106 2988; x_wconf 85' lang='lat' dir='ltr'><strong>velim,</strong></span> 
     </span>
    </p>
   </div>
   <div class='ocr_carea' id='block_1_49' title="bbox 536 3005 2107 3085">
    <p class='ocr_par' dir='ltr' id='par_1_49' title="bbox 536 3005 2107 3085">
     <span class='ocr_line' id='line_1_49' title="bbox 536 3005 2107 3085; baseline 0.007 -27"><span class='ocrx_word' id='word_1_329' title='bbox 536 3005 738 3072; x_wconf 80' lang='lat' dir='ltr'><strong>Aaron,</strong></span> <span class='ocrx_word' id='word_1_330' title='bbox 773 3015 829 3062; x_wconf 91' lang='lat' dir='ltr'><strong>et</strong></span> <span class='ocrx_word' id='word_1_331' title='bbox 860 3021 956 3062; x_wconf 91' lang='lat' dir='ltr'><strong>eos</strong></span> <span class='ocrx_word' id='word_1_332' title='bbox 977 3007 1178 3078; x_wconf 82' lang='lat' dir='ltr'><strong>quibus</strong></span> <span class='ocrx_word' id='word_1_333' title='bbox 1207 3023 1313 3064; x_wconf 90' lang='lat' dir='ltr'><strong>una</strong></span> <span class='ocrx_word' id='word_1_334' title='bbox 1369 3009 1480 3066; x_wconf 92' lang='lat' dir='ltr'><strong>Deo</strong></span> <span class='ocrx_word' id='word_1_335' title='bbox 1533 3010 1848 3068; x_wconf 88' lang='lat' dir='ltr'><strong>ministrare</strong></span> <span class='ocrx_word' id='word_1_336' title='bbox 1893 3014 2107 3085; x_wconf 85' lang='lat' dir='ltr'><strong>jussum</strong></span> 
     </span>
    </p>
   </div>
   <div class='ocr_carea' id='block_1_50' title="bbox 533 3098 2106 3171">
    <p class='ocr_par' dir='ltr' id='par_1_50' title="bbox 533 3098 2106 3171">
     <span class='ocr_line' id='line_1_50' title="bbox 533 3098 2106 3171; baseline 0.008 -21"><span class='ocrx_word' id='word_1_337' title='bbox 533 3105 673 3164; x_wconf 86' lang='lat' dir='ltr'><strong>erat,</strong></span> <span class='ocrx_word' id='word_1_338' title='bbox 701 3098 952 3168; x_wconf 81' lang='lat' dir='ltr'><strong>quamvis</strong></span> <span class='ocrx_word' id='word_1_339' title='bbox 979 3114 1044 3153; x_wconf 82' lang='lat' dir='ltr'><strong>ex</strong></span> <span class='ocrx_word' id='word_1_340' title='bbox 1065 3099 1184 3171; x_wconf 89' lang='lat' dir='ltr'><strong>lege</strong></span> <span class='ocrx_word' id='word_1_341' title='bbox 1219 3101 1392 3157; x_wconf 74' lang='lat' dir='ltr'><strong>sancti</strong></span> <span class='ocrx_word' id='word_1_342' title='bbox 1433 3111 1638 3170; x_wconf 90' lang='lat' dir='ltr'><strong>essent,</strong></span> <span class='ocrx_word' id='word_1_343' title='bbox 1695 3103 1878 3160; x_wconf 88' lang='lat' dir='ltr'><strong>adhuc</strong></span> <span class='ocrx_word' id='word_1_344' title='bbox 1925 3114 2106 3166; x_wconf 88' lang='lat' dir='ltr'><strong>tamen</strong></span> 
     </span>
    </p>
   </div>
   <div class='ocr_carea' id='block_1_51' title="bbox 2218 1925 3785 1997">
    <p class='ocr_par' dir='ltr' id='par_1_51' title="bbox 2218 1925 3785 1997">
     <span class='ocr_line' id='line_1_51' title="bbox 2218 1925 3785 1997; baseline 0.001 -19"><span class='ocrx_word' id='word_1_345' title='bbox 2218 1925 2278 1978; x_wconf 82' lang='grc' dir='ltr'>τὸ</span> <span class='ocrx_word' id='word_1_346' title='bbox 2304 1925 2687 1996; x_wconf 84' lang='grc' dir='ltr'>θυσιαστήριον</span> <span class='ocrx_word' id='word_1_347' title='bbox 2737 1925 3093 1997; x_wconf 84' lang='grc' dir='ltr'>λειτουργεῖν,</span> <span class='ocrx_word' id='word_1_348' title='bbox 3133 1925 3226 1976; x_wconf 74' lang='grc' dir='ltr'>καὶ</span> <span class='ocrx_word' id='word_1_349' title='bbox 3251 1925 3546 1996; x_wconf 72' lang='grc' dir='ltr'>ἀναφέρειν</span> <span class='ocrx_word' id='word_1_350' title='bbox 3585 1926 3652 1980; x_wconf 85' lang='grc' dir='ltr'><strong>τὰ</strong></span> <span class='ocrx_word' id='word_1_351' title='bbox 3670 1926 3785 1981; x_wconf 85' lang='grc' dir='ltr'>ὁλο-</span> 
     </span>
    </p>
   </div>
   <div class='ocr_carea' id='block_1_52' title="bbox 2219 2015 3784 2089">
    <p class='ocr_par' dir='ltr' id='par_1_52' title="bbox 2219 2015 3784 2089">
     <span class='ocr_line' id='line_1_52' title="bbox 2219 2015 3784 2089; baseline 0.001 -19"><span class='ocrx_word' id='word_1_352' title='bbox 2219 2019 2554 2088; x_wconf 85' lang='grc' dir='ltr'>καυτώματα</span> <span class='ocrx_word' id='word_1_353' title='bbox 2595 2015 2801 2088; x_wconf 80' lang='grc' dir='ltr'>Κυρίῳ,</span> <span class='ocrx_word' id='word_1_354' title='bbox 2847 2015 3092 2085; x_wconf 68' lang='grc' dir='ltr'>νίψονται</span> <span class='ocrx_word' id='word_1_355' title='bbox 3137 2015 3235 2079; x_wconf 78' lang='grc' dir='ltr'><strong>τὰς</strong></span> <span class='ocrx_word' id='word_1_356' title='bbox 3283 2020 3472 2089; x_wconf 86' lang='grc' dir='ltr'>χεῖρας</span> <span class='ocrx_word' id='word_1_357' title='bbox 3524 2017 3616 2070; x_wconf 79' lang='grc' dir='ltr'>καὶ</span> <span class='ocrx_word' id='word_1_358' title='bbox 3658 2019 3784 2080; x_wconf 80' lang='grc' dir='ltr'>τοὺς</span> 
     </span>
    </p>
   </div>
   <div class='ocr_carea' id='block_1_53' title="bbox 2217 2105 3784 2188">
    <p class='ocr_par' dir='ltr' id='par_1_53' title="bbox 2217 2105 3784 2188">
     <span class='ocr_line' id='line_1_53' title="bbox 2217 2105 3784 2188; baseline -0.002 -27"><span class='ocrx_word' id='word_1_359' title='bbox 2217 2109 2383 2171; x_wconf 80' lang='grc' dir='ltr'>πόδας</span> <span class='ocrx_word' id='word_1_360' title='bbox 2427 2109 2807 2166; x_wconf 83' lang='grc' dir='ltr'>ῦδατι.’”οταν</span> <span class='ocrx_word' id='word_1_361' title='bbox 2857 2105 3280 2188; x_wconf 77' lang='grc' dir='ltr'>εἰσπορεύωνται</span> <span class='ocrx_word' id='word_1_362' title='bbox 3329 2108 3409 2171; x_wconf 89' lang='grc' dir='ltr'><strong>είς</strong></span> <span class='ocrx_word' id='word_1_363' title='bbox 3449 2107 3547 2178; x_wconf 79' lang='grc' dir='ltr'>τὴν</span> <span class='ocrx_word' id='word_1_364' title='bbox 3578 2108 3784 2179; x_wconf 68' lang='grc' dir='ltr'>σκηνὴ-ι</span> 
     </span>
    </p>
   </div>
   <div class='ocr_carea' id='block_1_54' title="bbox 2213 2195 3777 2268">
    <p class='ocr_par' dir='ltr' id='par_1_54' title="bbox 2213 2195 3777 2268">
     <span class='ocr_line' id='line_1_54' title="bbox 2213 2195 3777 2268; baseline 0 -16"><span class='ocrx_word' id='word_1_365' title='bbox 2213 2195 2308 2252; x_wconf 83' lang='grc' dir='ltr'><strong>τοῦ</strong></span> <span class='ocrx_word' id='word_1_366' title='bbox 2348 2196 2671 2268; x_wconf 78' lang='grc' dir='ltr'>μαρτυρίου,</span> <span class='ocrx_word' id='word_1_367' title='bbox 2713 2195 2956 2265; x_wconf 79' lang='grc' dir='ltr'>νίψονται</span> <span class='ocrx_word' id='word_1_368' title='bbox 3009 2195 3158 2249; x_wconf 75' lang='grc' dir='ltr'>ὕδατι</span> <span class='ocrx_word' id='word_1_369' title='bbox 3207 2197 3294 2254; x_wconf 84' lang='grc' dir='ltr'>ἵνα</span> <span class='ocrx_word' id='word_1_370' title='bbox 3337 2197 3414 2268; x_wconf 82' lang='grc' dir='ltr'>μὴ</span> <span class='ocrx_word' id='word_1_371' title='bbox 3446 2197 3777 2260; x_wconf 73' lang='grc' dir='ltr'>ἀποθάνωσιο</span> 
     </span>
    </p>
   </div>
   <div class='ocr_carea' id='block_1_55' title="bbox 2215 2283 3782 2354">
    <p class='ocr_par' dir='ltr' id='par_1_55' title="bbox 2215 2283 3782 2354">
     <span class='ocr_line' id='line_1_55' title="bbox 2215 2283 3782 2354; baseline -0.004 -14"><span class='ocrx_word' id='word_1_372' title='bbox 2215 2287 2312 2340; x_wconf 78' lang='grc' dir='ltr'>καὶ</span> <span class='ocrx_word' id='word_1_373' title='bbox 2357 2287 2508 2340; x_wconf 81' lang='grc' dir='ltr'>ἔσται</span> <span class='ocrx_word' id='word_1_374' title='bbox 2556 2287 2739 2348; x_wconf 81' lang='grc' dir='ltr'>αὐτοῖς</span> <span class='ocrx_word' id='word_1_375' title='bbox 2789 2283 3019 2354; x_wconf 78' lang='grc' dir='ltr'>νόμιμον</span> <span class='ocrx_word' id='word_1_376' title='bbox 3065 2283 3278 2338; x_wconf 83' lang='grc' dir='ltr'>αἰώνιον</span> <span class='ocrx_word' id='word_1_377' title='bbox 3323 2285 3503 2352; x_wconf 78' lang='grc' dir='ltr'>αὐτῷ,</span> <span class='ocrx_word' id='word_1_378' title='bbox 3545 2287 3638 2336; x_wconf 74' lang='grc' dir='ltr'>καὶ</span> <span class='ocrx_word' id='word_1_379' title='bbox 3663 2287 3782 2346; x_wconf 83' lang='grc' dir='ltr'>ταῖς</span> 
     </span>
    </p>
   </div>
   <div class='ocr_carea' id='block_1_56' title="bbox 2214 2367 3784 2448">
    <p class='ocr_par' dir='ltr' id='par_1_56' title="bbox 2214 2367 3784 2448">
     <span class='ocr_line' id='line_1_56' title="bbox 2214 2367 3784 2448; baseline -0.003 -18"><span class='ocrx_word' id='word_1_380' title='bbox 2214 2380 2427 2448; x_wconf 83' lang='grc' dir='ltr'>γενεαῖς</span> <span class='ocrx_word' id='word_1_381' title='bbox 2453 2375 2620 2430; x_wconf 81' lang='grc' dir='ltr'>αὐτοῦ</span> <span class='ocrx_word' id='word_1_382' title='bbox 2650 2376 2768 2446; x_wconf 85' lang='grc' dir='ltr'>μετ’</span> <span class='ocrx_word' id='word_1_383' title='bbox 2816 2374 2998 2429; x_wconf 83' lang='grc' dir='ltr'>αὐτόν.</span> <span class='ocrx_word' id='word_1_384' title='bbox 3042 2393 3061 2426; x_wconf 76' lang='grc' dir='ltr'><strong>ι</strong></span> <span class='ocrx_word' id='word_1_385' title='bbox 3099 2375 3220 2427; x_wconf 78' lang='grc' dir='ltr'>Ὅτι</span> <span class='ocrx_word' id='word_1_386' title='bbox 3254 2375 3348 2444; x_wconf 73' lang='grc' dir='ltr'>μὲν</span> <span class='ocrx_word' id='word_1_387' title='bbox 3379 2367 3470 2426; x_wconf 71' lang='grc' dir='ltr'>οὖν</span> <span class='ocrx_word' id='word_1_388' title='bbox 3502 2373 3535 2443; x_wconf 77' lang='grc' dir='ltr'>ἡ</span> <span class='ocrx_word' id='word_1_389' title='bbox 3573 2373 3658 2428; x_wconf 73' lang='grc' dir='ltr'><strong>διὰ</strong></span> <span class='ocrx_word' id='word_1_390' title='bbox 3692 2374 3784 2426; x_wconf 66' lang='grc' dir='ltr'><strong>τοῦ</strong></span> 
     </span>
    </p>
   </div>
   <div class='ocr_carea' id='block_1_57' title="bbox 2217 2463 3782 2540">
    <p class='ocr_par' dir='ltr' id='par_1_57' title="bbox 2217 2463 3782 2540">
     <span class='ocr_line' id='line_1_57' title="bbox 2217 2463 3782 2540; baseline -0.008 -15"><span class='ocrx_word' id='word_1_391' title='bbox 2217 2471 2372 2540; x_wconf 81' lang='grc' dir='ltr'>ἁγίου</span> <span class='ocrx_word' id='word_1_392' title='bbox 2401 2469 2776 2540; x_wconf 78' lang='grc' dir='ltr'>βαπτίσματος</span> <span class='ocrx_word' id='word_1_393' title='bbox 2795 2466 2870 2530; x_wconf 84' lang='grc' dir='ltr'>ὡς</span> <span class='ocrx_word' id='word_1_394' title='bbox 2895 2465 2953 2520; x_wconf 76' lang='grc' dir='ltr'>ἐν</span> <span class='ocrx_word' id='word_1_395' title='bbox 2972 2483 3035 2535; x_wconf 88' lang='grc' dir='ltr'><strong>γε</strong></span> <span class='ocrx_word' id='word_1_396' title='bbox 3059 2464 3124 2536; x_wconf 86' lang='grc' dir='ltr'>δὴ</span> <span class='ocrx_word' id='word_1_397' title='bbox 3147 2463 3319 2533; x_wconf 77' lang='grc' dir='ltr'>τούτῳ</span> <span class='ocrx_word' id='word_1_398' title='bbox 3346 2465 3782 2535; x_wconf 80' lang='grc' dir='ltr'>προανεγράφετο</span> 
     </span>
    </p>
   </div>
   <div class='ocr_carea' id='block_1_58' title="bbox 2213 2551 3786 2632">
    <p class='ocr_par' dir='ltr' id='par_1_58' title="bbox 2213 2551 3786 2632">
     <span class='ocr_line' id='line_1_58' title="bbox 2213 2551 3786 2632; baseline -0.006 -17"><span class='ocrx_word' id='word_1_399' title='bbox 2213 2561 2392 2632; x_wconf 85' lang='grc' dir='ltr'>χάρις,</span> <span class='ocrx_word' id='word_1_400' title='bbox 2426 2561 2526 2614; x_wconf 81' lang='grc' dir='ltr'>οὐκ</span> <span class='ocrx_word' id='word_1_401' title='bbox 2567 2559 2904 2629; x_wconf 82' lang='grc' dir='ltr'>ἁσυμφανές.</span> <span class='ocrx_word' id='word_1_402' title='bbox 2933 2554 3311 2626; x_wconf 82' lang='grc' dir='ltr'>Βαπτιζόμεθα</span> <span class='ocrx_word' id='word_1_403' title='bbox 3328 2555 3458 2625; x_wconf 86' lang='grc' dir='ltr'>γὰρ,</span> <span class='ocrx_word' id='word_1_404' title='bbox 3485 2555 3548 2608; x_wconf 86' lang='grc' dir='ltr'>οὐ</span> <span class='ocrx_word' id='word_1_405' title='bbox 3583 2551 3786 2625; x_wconf 75' lang='grc' dir='ltr'>σαρκὸς</span> 
     </span>
    </p>
   </div>
   <div class='ocr_carea' id='block_1_59' title="bbox 2215 2643 3784 2720">
    <p class='ocr_par' dir='ltr' id='par_1_59' title="bbox 2215 2643 3784 2720">
     <span class='ocr_line' id='line_1_59' title="bbox 2215 2643 3784 2720; baseline -0.005 -15"><span class='ocrx_word' id='word_1_406' title='bbox 2215 2651 2475 2705; x_wconf 77' lang='grc' dir='ltr'>ἀπόθεσιν</span> <span class='ocrx_word' id='word_1_407' title='bbox 2503 2649 2676 2720; x_wconf 79' lang='grc' dir='ltr'>ῥύπου</span> <span class='ocrx_word' id='word_1_408' title='bbox 2718 2647 3221 2720; x_wconf 83' lang='grc' dir='ltr'>ἀποκερδαίνοντες,</span> <span class='ocrx_word' id='word_1_409' title='bbox 3251 2645 3388 2700; x_wconf 82' lang='grc' dir='ltr'><strong>ἀλλὰ</strong></span> <span class='ocrx_word' id='word_1_410' title='bbox 3418 2644 3528 2698; x_wconf 85' lang='grc' dir='ltr'><strong>τῶν</strong></span> <span class='ocrx_word' id='word_1_411' title='bbox 3568 2644 3660 2699; x_wconf 83' lang='grc' dir='ltr'><strong>νοῦ</strong></span> <span class='ocrx_word' id='word_1_412' title='bbox 3689 2643 3784 2698; x_wconf 78' lang='grc' dir='ltr'>καὶ</span> 
     </span>
    </p>
   </div>
   <div class='ocr_carea' id='block_1_60' title="bbox 2215 2735 3782 2814">
    <p class='ocr_par' dir='ltr' id='par_1_60' title="bbox 2215 2735 3782 2814">
     <span class='ocr_line' id='line_1_60' title="bbox 2215 2735 3782 2814; baseline -0.006 -17"><span class='ocrx_word' id='word_1_413' title='bbox 2215 2743 2440 2814; x_wconf 87' lang='grc' dir='ltr'>καρδίας</span> <span class='ocrx_word' id='word_1_414' title='bbox 2489 2739 2952 2811; x_wconf 86' lang='grc' dir='ltr'>ἀπαλλαττόμενοι</span> <span class='ocrx_word' id='word_1_415' title='bbox 3003 2737 3316 2808; x_wconf 87' lang='grc' dir='ltr'>μολυσμῶν,</span> <span class='ocrx_word' id='word_1_416' title='bbox 3387 2735 3482 2790; x_wconf 78' lang='grc' dir='ltr'>καὶ</span> <span class='ocrx_word' id='word_1_417' title='bbox 3529 2735 3630 2798; x_wconf 80' lang='grc' dir='ltr'>τὰς</span> <span class='ocrx_word' id='word_1_418' title='bbox 3674 2735 3782 2788; x_wconf 86' lang='grc' dir='ltr'><strong>τῶν</strong></span> 
     </span>
    </p>
   </div>
   <div class='ocr_carea' id='block_1_61' title="bbox 2215 2827 3783 2908">
    <p class='ocr_par' dir='ltr' id='par_1_61' title="bbox 2215 2827 3783 2908">
     <span class='ocr_line' id='line_1_61' title="bbox 2215 2827 3783 2908; baseline -0.006 -18"><span class='ocrx_word' id='word_1_419' title='bbox 2215 2835 2701 2908; x_wconf 81' lang='grc' dir='ltr'>πλημμελημάτων</span> <span class='ocrx_word' id='word_1_420' title='bbox 2749 2830 3133 2900; x_wconf 81' lang='grc' dir='ltr'>ἀπολουόμενοι</span> <span class='ocrx_word' id='word_1_421' title='bbox 3171 2828 3414 2900; x_wconf 85' lang='grc' dir='ltr'>κηλίδας,</span> <span class='ocrx_word' id='word_1_422' title='bbox 3458 2827 3640 2899; x_wconf 82' lang='grc' dir='ltr'>χάριτι</span> <span class='ocrx_word' id='word_1_423' title='bbox 3689 2827 3783 2884; x_wconf 77' lang='grc' dir='ltr'>καὶ</span> 
     </span>
    </p>
   </div>
   <div class='ocr_carea' id='block_1_62' title="bbox 2215 2917 3782 3001">
    <p class='ocr_par' dir='ltr' id='par_1_62' title="bbox 2215 2917 3782 3001">
     <span class='ocr_line' id='line_1_62' title="bbox 2215 2917 3782 3001; baseline -0.008 -18"><span class='ocrx_word' id='word_1_424' title='bbox 2215 2927 2592 3001; x_wconf 72' lang='grc' dir='ltr'>φιλανθρωπίᾳ</span> <span class='ocrx_word' id='word_1_425' title='bbox 2617 2925 2710 2980; x_wconf 92' lang='grc' dir='ltr'><strong>τοῦ</strong></span> <span class='ocrx_word' id='word_1_426' title='bbox 2737 2921 3025 2986; x_wconf 83' lang='grc' dir='ltr'>καλοῦντος</span> <span class='ocrx_word' id='word_1_427' title='bbox 3055 2922 3134 2985; x_wconf 87' lang='grc' dir='ltr'><strong>είς</strong></span> <span class='ocrx_word' id='word_1_428' title='bbox 3165 2919 3454 2992; x_wconf 80' lang='grc' dir='ltr'>σωτηρίαν.</span> <span class='ocrx_word' id='word_1_429' title='bbox 3491 2917 3782 2975; x_wconf 73' lang='grc' dir='ltr'>Δεδικαιώ-</span> 
     </span>
    </p>
   </div>
   <div class='ocr_carea' id='block_1_63' title="bbox 2217 3007 3778 3088">
    <p class='ocr_par' dir='ltr' id='par_1_63' title="bbox 2217 3007 3778 3088">
     <span class='ocr_line' id='line_1_63' title="bbox 2217 3007 3778 3088; baseline -0.004 -20"><span class='ocrx_word' id='word_1_430' title='bbox 2217 3015 2358 3086; x_wconf 87' lang='grc' dir='ltr'>μεθα</span> <span class='ocrx_word' id='word_1_431' title='bbox 2393 3014 2502 3088; x_wconf 83' lang='grc' dir='ltr'><strong>γὰρ</strong></span> <span class='ocrx_word' id='word_1_432' title='bbox 2529 3015 2631 3068; x_wconf 84' lang='grc' dir='ltr'>οὐκ</span> <span class='ocrx_word' id='word_1_433' title='bbox 2677 3013 2736 3080; x_wconf 79' lang='grc' dir='ltr'>ἐξ</span> <span class='ocrx_word' id='word_1_434' title='bbox 2785 3013 2961 3084; x_wconf 75' lang='grc' dir='ltr'>ἔργων</span> <span class='ocrx_word' id='word_1_435' title='bbox 3002 3009 3189 3080; x_wconf 90' lang='grc' dir='ltr'>νόμου,</span> <span class='ocrx_word' id='word_1_436' title='bbox 3227 3009 3370 3063; x_wconf 86' lang='grc' dir='ltr'>κατά</span> <span class='ocrx_word' id='word_1_437' title='bbox 3400 3009 3500 3072; x_wconf 78' lang='grc' dir='ltr'><strong>τὰς</strong></span> <span class='ocrx_word' id='word_1_438' title='bbox 3538 3007 3778 3079; x_wconf 67' lang='grc' dir='ltr'>Γραφὰς,</span> 
     </span>
    </p>
   </div>
   <div class='ocr_carea' id='block_1_64' title="bbox 2216 3097 3784 3172">
    <p class='ocr_par' dir='ltr' id='par_1_64' title="bbox 2216 3097 3784 3172">
     <span class='ocr_line' id='line_1_64' title="bbox 2216 3097 3784 3172; baseline -0.006 -13"><span class='ocrx_word' id='word_1_439' title='bbox 2216 3105 2330 3160; x_wconf 81' lang='grc' dir='ltr'>ἀλλ’</span> <span class='ocrx_word' id='word_1_440' title='bbox 2364 3106 2427 3158; x_wconf 76' lang='grc' dir='ltr'>ἐκ</span> <span class='ocrx_word' id='word_1_441' title='bbox 2472 3105 2709 3167; x_wconf 84' lang='grc' dir='ltr'>πίστεως</span> <span class='ocrx_word' id='word_1_442' title='bbox 2765 3099 2938 3172; x_wconf 78' lang='grc' dir='ltr'>Ἰησοῦ</span> <span class='ocrx_word' id='word_1_443' title='bbox 2985 3098 3242 3169; x_wconf 82' lang='grc' dir='ltr'>Χριστοῦ.</span> <span class='ocrx_word' id='word_1_444' title='bbox 3293 3099 3402 3152; x_wconf 84' lang='grc' dir='ltr'>Θέα</span> <span class='ocrx_word' id='word_1_445' title='bbox 3428 3099 3485 3152; x_wconf 81' lang='grc' dir='ltr'>δὲ</span> <span class='ocrx_word' id='word_1_446' title='bbox 3513 3097 3598 3170; x_wconf 84' lang='grc' dir='ltr'>δὴ,</span> <span class='ocrx_word' id='word_1_447' title='bbox 3639 3099 3784 3160; x_wconf 84' lang='grc' dir='ltr'>ὅπως</span> 
     </span>
    </p>
   </div>
   <div class='ocr_carea' id='block_1_65' title="bbox 533 3165 2108 3266">
    <p class='ocr_par' dir='ltr' id='par_1_65' title="bbox 533 3165 2107 3266">
     <span class='ocr_line' id='line_1_65' title="bbox 533 3165 2107 3266; baseline 0.003 -18"><span class='ocrx_word' id='word_1_448' title='bbox 533 3206 675 3260; x_wconf 77' lang='lat' dir='ltr'><strong>aqua</strong></span> <span class='ocrx_word' id='word_1_449' title='bbox 701 3165 898 3249; x_wconf 80' lang='lat' dir='ltr'><strong>manus</strong></span> <span class='ocrx_word' id='word_1_450' title='bbox 951 3207 1016 3250; x_wconf 90' lang='lat' dir='ltr'><strong>ac</strong></span> <span class='ocrx_word' id='word_1_451' title='bbox 1049 3193 1220 3262; x_wconf 88' lang='lat' dir='ltr'><strong>pedes</strong></span> <span class='ocrx_word' id='word_1_452' title='bbox 1265 3193 1510 3259; x_wconf 84' lang='lat' dir='ltr'><strong>abluere,</strong></span> <span class='ocrx_word' id='word_1_453' title='bbox 1555 3194 1629 3250; x_wconf 89' lang='lat' dir='ltr'><strong>ita</strong></span> <span class='ocrx_word' id='word_1_454' title='bbox 1672 3195 1908 3266; x_wconf 86' lang='lat' dir='ltr'><strong>denique</strong></span> <span class='ocrx_word' id='word_1_455' title='bbox 1953 3212 2107 3253; x_wconf 88' lang='lat' dir='ltr'><strong>sacra</strong></span> 
     </span>
    </p>
   </div>
   <div class='ocr_carea' id='block_1_66' title="bbox 2213 3165 3782 3266">
    <p class='ocr_par' dir='ltr' id='par_1_66' title="bbox 2215 3165 3782 3266">
     <span class='ocr_line' id='line_1_66' title="bbox 2215 3165 3782 3266; baseline -0.007 -14"><span class='ocrx_word' id='word_1_456' title='bbox 2215 3198 2392 3254; x_wconf 88' lang='grc' dir='ltr'>καίτοι</span> <span class='ocrx_word' id='word_1_457' title='bbox 2417 3196 2556 3250; x_wconf 83' lang='grc' dir='ltr'>κατὰ</span> <span class='ocrx_word' id='word_1_458' title='bbox 2578 3165 2740 3266; x_wconf 84' lang='grc' dir='ltr'>νόμον</span> <span class='ocrx_word' id='word_1_459' title='bbox 2767 3165 2918 3262; x_wconf 76' lang='grc' dir='ltr'>ἅγιος</span> <span class='ocrx_word' id='word_1_460' title='bbox 2933 3165 3056 3246; x_wconf 82' lang='grc' dir='ltr'><strong>ῶν</strong></span> <span class='ocrx_word' id='word_1_461' title='bbox 3101 3191 3330 3262; x_wconf 80' lang='grc' dir='ltr'>Ἀαρὼν,</span> <span class='ocrx_word' id='word_1_462' title='bbox 3365 3191 3460 3243; x_wconf 73' lang='grc' dir='ltr'>καὶ</span> <span class='ocrx_word' id='word_1_463' title='bbox 3495 3165 3600 3261; x_wconf 77' lang='grc' dir='ltr'>μὴν</span> <span class='ocrx_word' id='word_1_464' title='bbox 3624 3190 3715 3242; x_wconf 74' lang='grc' dir='ltr'>καὶ</span> <span class='ocrx_word' id='word_1_465' title='bbox 3736 3189 3782 3241; x_wconf 78' lang='lat' dir='ltr'><strong>ei</strong></span> 
     </span>
    </p>
   </div>
   <div class='ocr_carea' id='block_1_67' title="bbox 534 3283 2114 3358">
    <p class='ocr_par' dir='ltr' id='par_1_67' title="bbox 534 3283 2114 3358">
     <span class='ocr_line' id='line_1_67' title="bbox 534 3283 2114 3358; baseline 0.006 -24"><span class='ocrx_word' id='word_1_466' title='bbox 534 3297 763 3336; x_wconf 87' lang='lat' dir='ltr'><strong>munera</strong></span> <span class='ocrx_word' id='word_1_467' title='bbox 800 3283 978 3349; x_wconf 86' lang='lat' dir='ltr'><strong>obire,</strong></span> <span class='ocrx_word' id='word_1_468' title='bbox 1009 3291 1067 3338; x_wconf 92' lang='lat' dir='ltr'><strong>et</strong></span> <span class='ocrx_word' id='word_1_469' title='bbox 1097 3285 1152 3339; x_wconf 87' lang='lat' dir='ltr'><strong>in</strong></span> <span class='ocrx_word' id='word_1_470' title='bbox 1179 3283 1378 3339; x_wconf 87' lang='lat' dir='ltr'><strong>Sancta</strong></span> <span class='ocrx_word' id='word_1_471' title='bbox 1406 3293 1720 3340; x_wconf 89' lang='lat' dir='ltr'><strong>sanctorum</strong></span> <span class='ocrx_word' id='word_1_472' title='bbox 1756 3286 1967 3358; x_wconf 83' lang='lat' dir='ltr'><strong>ingredi</strong></span> <span class='ocrx_word' id='word_1_473' title='bbox 1995 3305 2114 3343; x_wconf 89' lang='lat' dir='ltr'><strong>om-</strong></span> 
     </span>
    </p>
   </div>
   <div class='ocr_carea' id='block_1_68' title="bbox 536 3369 2112 3448">
    <p class='ocr_par' dir='ltr' id='par_1_68' title="bbox 536 3369 2112 3448">
     <span class='ocr_line' id='line_1_68' title="bbox 536 3369 2112 3448; baseline 0.007 -24"><span class='ocrx_word' id='word_1_474' title='bbox 536 3370 590 3424; x_wconf 89' lang='lat' dir='ltr'><strong>ni</strong></span> <span class='ocrx_word' id='word_1_475' title='bbox 642 3369 938 3426; x_wconf 77' lang='lat' dir='ltr'><strong>lormidine</strong></span> <span class='ocrx_word' id='word_1_476' title='bbox 995 3373 1277 3433; x_wconf 76' lang='lat' dir='ltr'><strong>liberatos.</strong></span> <span class='ocrx_word' id='word_1_477' title='bbox 1331 3374 1390 3429; x_wconf 87' lang='lat' dir='ltr'><strong>In</strong></span> <span class='ocrx_word' id='word_1_478' title='bbox 1421 3390 1530 3445; x_wconf 88' lang='lat' dir='ltr'><strong>quo</strong></span> <span class='ocrx_word' id='word_1_479' title='bbox 1586 3375 1720 3430; x_wconf 89' lang='lat' dir='ltr'><strong>illud</strong></span> <span class='ocrx_word' id='word_1_480' title='bbox 1767 3393 1986 3448; x_wconf 90' lang='lat' dir='ltr'><strong>quoque</strong></span> <span class='ocrx_word' id='word_1_481' title='bbox 2023 3381 2112 3434; x_wconf 78' lang='lat' dir='ltr'><strong>lex</strong></span> 
     </span>
    </p>
   </div>
   <div class='ocr_carea' id='block_1_69' title="bbox 535 3462 2110 3541">
    <p class='ocr_par' dir='ltr' id='par_1_69' title="bbox 535 3462 2110 3541">
     <span class='ocr_line' id='line_1_69' title="bbox 535 3462 2110 3541; baseline 0.008 -30"><span class='ocrx_word' id='word_1_482' title='bbox 535 3470 726 3530; x_wconf 69' lang='lat' dir='ltr'><strong>aperte</strong></span> <span class='ocrx_word' id='word_1_483' title='bbox 757 3471 814 3516; x_wconf 90' lang='lat' dir='ltr'><strong>et</strong></span> <span class='ocrx_word' id='word_1_484' title='bbox 857 3462 1144 3517; x_wconf 84' lang='lat' dir='ltr'><strong>evidenter</strong></span> <span class='ocrx_word' id='word_1_485' title='bbox 1171 3464 1434 3530; x_wconf 88' lang='lat' dir='ltr'><strong>ostendit,</strong></span> <span class='ocrx_word' id='word_1_486' title='bbox 1481 3474 1645 3536; x_wconf 87' lang='lat' dir='ltr'><strong>atque</strong></span> <span class='ocrx_word' id='word_1_487' title='bbox 1685 3467 1800 3541; x_wconf 87' lang='lat' dir='ltr'><strong>ipsa</strong></span> <span class='ocrx_word' id='word_1_488' title='bbox 1833 3484 1924 3523; x_wconf 93' lang='lat' dir='ltr'><strong>res</strong></span> <span class='ocrx_word' id='word_1_489' title='bbox 1959 3477 2110 3539; x_wconf 81' lang='lat' dir='ltr'><strong>gesta</strong></span> 
     </span>
    </p>
   </div>
   <div class='ocr_carea' id='block_1_70' title="bbox 535 3552 2110 3633">
    <p class='ocr_par' dir='ltr' id='par_1_70' title="bbox 535 3552 2110 3633">
     <span class='ocr_line' id='line_1_70' title="bbox 535 3552 2110 3633; baseline 0.007 -28"><span class='ocrx_word' id='word_1_490' title='bbox 535 3552 935 3623; x_wconf 87' lang='lat' dir='ltr'><strong>propemodum</strong></span> <span class='ocrx_word' id='word_1_491' title='bbox 960 3569 1094 3609; x_wconf 88' lang='lat' dir='ltr'><strong>voce</strong></span> <span class='ocrx_word' id='word_1_492' title='bbox 1125 3561 1376 3622; x_wconf 87' lang='lat' dir='ltr'><strong>testatur,</strong></span> <span class='ocrx_word' id='word_1_493' title='bbox 1407 3571 1533 3612; x_wconf 91' lang='lat' dir='ltr'><strong>eum</strong></span> <span class='ocrx_word' id='word_1_494' title='bbox 1555 3557 1722 3613; x_wconf 89' lang='lat' dir='ltr'><strong>etiam</strong></span> <span class='ocrx_word' id='word_1_495' title='bbox 1779 3559 1874 3633; x_wconf 91' lang='lat' dir='ltr'><strong>qui</strong></span> <span class='ocrx_word' id='word_1_496' title='bbox 1899 3575 1968 3614; x_wconf 85' lang='lat' dir='ltr'><strong>ex</strong></span> <span class='ocrx_word' id='word_1_497' title='bbox 1990 3561 2110 3632; x_wconf 90' lang='lat' dir='ltr'><strong>lege</strong></span> 
     </span>
    </p>
   </div>
   <div class='ocr_carea' id='block_1_71' title="bbox 534 3644 2106 3720">
    <p class='ocr_par' dir='ltr' id='par_1_71' title="bbox 534 3644 2106 3720">
     <span class='ocr_line' id='line_1_71' title="bbox 534 3644 2106 3720; baseline 0.005 -22"><span class='ocrx_word' id='word_1_498' title='bbox 534 3657 692 3698; x_wconf 88' lang='lat' dir='ltr'><strong>sacer</strong></span> <span class='ocrx_word' id='word_1_499' title='bbox 718 3659 838 3700; x_wconf 91' lang='lat' dir='ltr'><strong>esse</strong></span> <span class='ocrx_word' id='word_1_500' title='bbox 863 3644 1135 3711; x_wconf 83' lang='lat' dir='ltr'><strong>videatur,</strong></span> <span class='ocrx_word' id='word_1_501' title='bbox 1175 3647 1466 3718; x_wconf 80' lang='lat' dir='ltr'><strong>profanum</strong></span> <span class='ocrx_word' id='word_1_502' title='bbox 1490 3649 1634 3720; x_wconf 92' lang='lat' dir='ltr'><strong>apud</strong></span> <span class='ocrx_word' id='word_1_503' title='bbox 1680 3649 1850 3704; x_wconf 88' lang='lat' dir='ltr'><strong>Deum</strong></span> <span class='ocrx_word' id='word_1_504' title='bbox 1891 3651 2106 3717; x_wconf 89' lang='lat' dir='ltr'><strong>haberi,</strong></span> 
     </span>
    </p>
   </div>
   <div class='ocr_carea' id='block_1_72' title="bbox 535 3724 2110 3812">
    <p class='ocr_par' dir='ltr' id='par_1_72' title="bbox 535 3724 2110 3812">
     <span class='ocr_line' id='line_1_72' title="bbox 535 3724 2110 3812; baseline 0.008 -24"><span class='ocrx_word' id='word_1_505' title='bbox 535 3735 640 3794; x_wconf 82' lang='lat' dir='ltr'><strong>nisi</strong></span> <span class='ocrx_word' id='word_1_506' title='bbox 669 3724 927 3797; x_wconf 81' lang='lat' dir='ltr'><strong>abluatur</strong></span> <span class='ocrx_word' id='word_1_507' title='bbox 957 3753 1118 3808; x_wconf 88' lang='lat' dir='ltr'><strong>aqua,</strong></span> <span class='ocrx_word' id='word_1_508' title='bbox 1147 3739 1368 3809; x_wconf 87' lang='lat' dir='ltr'><strong>vimque</strong></span> <span class='ocrx_word' id='word_1_509' title='bbox 1397 3740 1544 3795; x_wconf 89' lang='lat' dir='ltr'><strong>illam</strong></span> <span class='ocrx_word' id='word_1_510' title='bbox 1582 3741 1772 3812; x_wconf 83' lang='lat' dir='ltr'><strong>legalis</strong></span> <span class='ocrx_word' id='word_1_511' title='bbox 1795 3743 1976 3798; x_wconf 91' lang='lat' dir='ltr'><strong>cultus</strong></span> <span class='ocrx_word' id='word_1_512' title='bbox 1999 3759 2110 3804; x_wconf 88' lang='lat' dir='ltr'><strong>non</strong></span> 
     </span>
    </p>
   </div>
   <div class='ocr_carea' id='block_1_73' title="bbox 533 3827 2108 3904">
    <p class='ocr_par' dir='ltr' id='par_1_73' title="bbox 533 3827 2108 3904">
     <span class='ocr_line' id='line_1_73' title="bbox 533 3827 2108 3904; baseline 0.006 -24"><span class='ocrx_word' id='word_1_513' title='bbox 533 3843 654 3883; x_wconf 82' lang='lat' dir='ltr'><strong>esse</strong></span> <span class='ocrx_word' id='word_1_514' title='bbox 692 3827 760 3888; x_wconf 83' lang='lat' dir='ltr'><strong>ad</strong></span> <span class='ocrx_word' id='word_1_515' title='bbox 794 3831 1139 3900; x_wconf 86' lang='lat' dir='ltr'><strong>purgandum</strong></span> <span class='ocrx_word' id='word_1_516' title='bbox 1171 3832 1305 3887; x_wconf 88' lang='lat' dir='ltr'><strong>satis</strong></span> <span class='ocrx_word' id='word_1_517' title='bbox 1331 3832 1626 3888; x_wconf 75' lang='lat' dir='ltr'><strong>ellicaeem.</strong></span> <span class='ocrx_word' id='word_1_518' title='bbox 1650 3835 1860 3904; x_wconf 83' lang='lat' dir='ltr'><strong>Itaque,</strong></span> <span class='ocrx_word' id='word_1_519' title='bbox 1890 3839 2108 3891; x_wconf 87' lang='lat' dir='ltr'><strong>tametsi</strong></span> 
     </span>
    </p>
   </div>
   <div class='ocr_carea' id='block_1_74' title="bbox 457 3917 2106 3995">
    <p class='ocr_par' dir='ltr' id='par_1_74' title="bbox 457 3917 2106 3995">
     <span class='ocr_line' id='line_1_74' title="bbox 457 3917 2106 3995; baseline 0.008 -26"><span class='ocrx_word' id='word_1_520' title='bbox 457 3938 464 3945; x_wconf 84' lang='lat'><strong>-</strong></span> <span class='ocrx_word' id='word_1_521' title='bbox 534 3917 653 3987; x_wconf 83' lang='lat' dir='ltr'><strong>lege</strong></span> <span class='ocrx_word' id='word_1_522' title='bbox 682 3918 1007 3975; x_wconf 82' lang='lat' dir='ltr'><strong>sanetiticati</strong></span> <span class='ocrx_word' id='word_1_523' title='bbox 1049 3929 1256 3985; x_wconf 88' lang='lat' dir='ltr'><strong>essent,</strong></span> <span class='ocrx_word' id='word_1_524' title='bbox 1291 3922 1471 3978; x_wconf 88' lang='lat' dir='ltr'><strong>adhuc</strong></span> <span class='ocrx_word' id='word_1_525' title='bbox 1500 3931 1680 3980; x_wconf 90' lang='lat' dir='ltr'><strong>tamen</strong></span> <span class='ocrx_word' id='word_1_526' title='bbox 1705 3925 2106 3995; x_wconf 87' lang='lat' dir='ltr'><strong>abluebantur;</strong></span> 
     </span>
    </p>
   </div>
   <div class='ocr_carea' id='block_1_75' title="bbox 534 4012 2110 4084">
    <p class='ocr_par' dir='ltr' id='par_1_75' title="bbox 534 4012 2110 4084">
     <span class='ocr_line' id='line_1_75' title="bbox 534 4012 2110 4084; baseline 0.008 -23"><span class='ocrx_word' id='word_1_527' title='bbox 534 4017 802 4079; x_wconf 76' lang='lat' dir='ltr'><strong>purgatur</strong></span> <span class='ocrx_word' id='word_1_528' title='bbox 837 4018 1022 4064; x_wconf 89' lang='lat' dir='ltr'><strong>autem</strong></span> <span class='ocrx_word' id='word_1_529' title='bbox 1061 4018 1231 4076; x_wconf 89' lang='lat' dir='ltr'><strong>certe,</strong></span> <span class='ocrx_word' id='word_1_530' title='bbox 1264 4012 1410 4082; x_wconf 89' lang='lat' dir='ltr'><strong>quod</strong></span> <span class='ocrx_word' id='word_1_531' title='bbox 1434 4030 1636 4084; x_wconf 90' lang='lat' dir='ltr'><strong>purum</strong></span> <span class='ocrx_word' id='word_1_532' title='bbox 1662 4025 1766 4080; x_wconf 91' lang='lat' dir='ltr'><strong>est,</strong></span> <span class='ocrx_word' id='word_1_533' title='bbox 1801 4017 1962 4081; x_wconf 88' lang='lat' dir='ltr'><strong>nihil,</strong></span> <span class='ocrx_word' id='word_1_534' title='bbox 2012 4021 2110 4074; x_wconf 91' lang='lat' dir='ltr'><strong>sed</strong></span> 
     </span>
    </p>
   </div>
   <div class='ocr_carea' id='block_1_76' title="bbox 533 4097 2109 4176">
    <p class='ocr_par' dir='ltr' id='par_1_76' title="bbox 533 4097 2109 4176">
     <span class='ocr_line' id='line_1_76' title="bbox 533 4097 2109 4176; baseline 0.007 -25"><span class='ocrx_word' id='word_1_535' title='bbox 533 4098 680 4166; x_wconf 89' lang='lat' dir='ltr'><strong>quod</strong></span> <span class='ocrx_word' id='word_1_536' title='bbox 708 4097 1053 4162; x_wconf 83' lang='lat' dir='ltr'><strong>immundum</strong></span> <span class='ocrx_word' id='word_1_537' title='bbox 1083 4107 1140 4154; x_wconf 90' lang='lat' dir='ltr'><strong>et</strong></span> <span class='ocrx_word' id='word_1_538' title='bbox 1190 4101 1503 4171; x_wconf 78' lang='lat' dir='ltr'><strong>impurum:</strong></span> <span class='ocrx_word' id='word_1_539' title='bbox 1535 4104 1804 4172; x_wconf 88' lang='lat' dir='ltr'><strong>ejusmodi</strong></span> <span class='ocrx_word' id='word_1_540' title='bbox 1830 4106 2109 4176; x_wconf 87' lang='lat' dir='ltr'><strong>quidpiam</strong></span> 
     </span>
    </p>
   </div>
   <div class='ocr_carea' id='block_1_77' title="bbox 535 4187 2109 4259">
    <p class='ocr_par' dir='ltr' id='par_1_77' title="bbox 535 4187 2109 4259">
     <span class='ocr_line' id='line_1_77' title="bbox 535 4187 2109 4259; baseline 0.008 -19"><span class='ocrx_word' id='word_1_541' title='bbox 535 4188 651 4257; x_wconf 91' lang='lat' dir='ltr'><strong>ipse</strong></span> <span class='ocrx_word' id='word_1_542' title='bbox 674 4203 893 4258; x_wconf 88' lang='lat' dir='ltr'><strong>quoque</strong></span> <span class='ocrx_word' id='word_1_543' title='bbox 913 4187 1168 4244; x_wconf 88' lang='lat' dir='ltr'><strong>Christus</strong></span> <span class='ocrx_word' id='word_1_544' title='bbox 1194 4189 1365 4244; x_wconf 81' lang='lat' dir='ltr'><strong>dixit:</strong></span> <span class='ocrx_word' id='word_1_545' title='bbox 1397 4210 1415 4242; x_wconf 74' lang='grc' dir='ltr'><strong>ι</strong></span> <span class='ocrx_word' id='word_1_546' title='bbox 1443 4191 1546 4258; x_wconf 84' lang='lat' dir='ltr'><strong>Qui</strong></span> <span class='ocrx_word' id='word_1_547' title='bbox 1578 4193 1725 4248; x_wconf 92' lang='lat' dir='ltr'><strong>lotus</strong></span> <span class='ocrx_word' id='word_1_548' title='bbox 1749 4203 1852 4259; x_wconf 91' lang='lat' dir='ltr'><strong>est,</strong></span> <span class='ocrx_word' id='word_1_549' title='bbox 1887 4211 1996 4251; x_wconf 90' lang='lat' dir='ltr'><strong>non</strong></span> <span class='ocrx_word' id='word_1_550' title='bbox 2021 4197 2109 4252; x_wconf 90' lang='lat' dir='ltr'><strong>in-</strong></span> 
     </span>
    </p>
   </div>
   <div class='ocr_carea' id='block_1_78' title="bbox 533 4278 2101 4353">
    <p class='ocr_par' dir='ltr' id='par_1_78' title="bbox 533 4278 2101 4353">
     <span class='ocr_line' id='line_1_78' title="bbox 533 4278 2101 4353; baseline 0.004 -20"><span class='ocrx_word' id='word_1_551' title='bbox 533 4279 682 4350; x_wconf 83' lang='lat' dir='ltr'><strong>diget</strong></span> <span class='ocrx_word' id='word_1_552' title='bbox 726 4278 834 4334; x_wconf 89' lang='lat' dir='ltr'><strong>nisi</strong></span> <span class='ocrx_word' id='word_1_553' title='bbox 867 4287 929 4333; x_wconf 89' lang='lat' dir='ltr'><strong>ut</strong></span> <span class='ocrx_word' id='word_1_554' title='bbox 951 4279 1118 4350; x_wconf 89' lang='lat' dir='ltr'><strong>pedes</strong></span> <span class='ocrx_word' id='word_1_555' title='bbox 1156 4281 1332 4348; x_wconf 83' lang='lat' dir='ltr'><strong>lavet;</strong></span> <span class='ocrx_word' id='word_1_556' title='bbox 1367 4282 1699 4353; x_wconf 74' lang='lat' dir='ltr'><strong>est&#39;quippe</strong></span> <span class='ocrx_word' id='word_1_557' title='bbox 1736 4285 1972 4342; x_wconf 91' lang='lat' dir='ltr'><strong>mundus</strong></span> <span class='ocrx_word' id='word_1_558' title='bbox 1995 4288 2061 4340; x_wconf 78' lang='grc'><strong>⁷⁵.</strong></span> <span class='ocrx_word' id='word_1_559' title='bbox 2085 4308 2101 4339; x_wconf 83' lang='grc'><strong>›</strong></span> 
     </span>
    </p>
   </div>
   <div class='ocr_carea' id='block_1_79' title="bbox 534 4370 2108 4450">
    <p class='ocr_par' dir='ltr' id='par_1_79' title="bbox 534 4370 2108 4450">
     <span class='ocr_line' id='line_1_79' title="bbox 534 4370 2108 4450; baseline 0.008 -26"><span class='ocrx_word' id='word_1_560' title='bbox 534 4370 739 4436; x_wconf 78' lang='lat' dir='ltr'><strong>Scribit</strong></span> <span class='ocrx_word' id='word_1_561' title='bbox 781 4371 948 4426; x_wconf 89' lang='lat' dir='ltr'><strong>etiam</strong></span> <span class='ocrx_word' id='word_1_562' title='bbox 980 4372 1065 4426; x_wconf 84' lang='lat' dir='ltr'><strong>vir</strong></span> <span class='ocrx_word' id='word_1_563' title='bbox 1104 4373 1541 4443; x_wconf 85' lang='lat' dir='ltr'><strong>sapientissimus</strong></span> <span class='ocrx_word' id='word_1_564' title='bbox 1573 4375 1797 4442; x_wconf 85' lang='lat' dir='ltr'><strong>Paulus,</strong></span> <span class='ocrx_word' id='word_1_565' title='bbox 1853 4379 2108 4450; x_wconf 76' lang='lat' dir='ltr'><strong>impossi-</strong></span> 
     </span>
    </p>
   </div>
   <div class='ocr_carea' id='block_1_80' title="bbox 2213 3281 3786 3360">
    <p class='ocr_par' dir='ltr' id='par_1_80' title="bbox 2213 3281 3786 3360">
     <span class='ocr_line' id='line_1_80' title="bbox 2213 3281 3786 3360; baseline -0.006 -16"><span class='ocrx_word' id='word_1_566' title='bbox 2213 3292 2310 3344; x_wconf 82' lang='grc' dir='ltr'>σὺν</span> <span class='ocrx_word' id='word_1_567' title='bbox 2333 3287 2480 3360; x_wconf 79' lang='grc' dir='ltr'>αὐτῷ</span> <span class='ocrx_word' id='word_1_568' title='bbox 2498 3287 2828 3358; x_wconf 82' lang='grc' dir='ltr'>λειτουργεῖν</span> <span class='ocrx_word' id='word_1_569' title='bbox 2851 3286 3108 3350; x_wconf 81' lang='grc' dir='ltr'>ὲπιτεταγ</span> <span class='ocrx_word' id='word_1_570' title='bbox 3117 3283 3286 3351; x_wconf 84' lang='grc' dir='ltr'>μένοι,</span> <span class='ocrx_word' id='word_1_571' title='bbox 3305 3281 3786 3353; x_wconf 78' lang='grc' dir='ltr'>προσαπονίζονται</span> 
     </span>
    </p>
   </div>
   <div class='ocr_carea' id='block_1_81' title="bbox 2211 3371 3784 3451">
    <p class='ocr_par' dir='ltr' id='par_1_81' title="bbox 2211 3371 3784 3451">
     <span class='ocr_line' id='line_1_81' title="bbox 2211 3371 3784 3451; baseline -0.004 -19"><span class='ocrx_word' id='word_1_572' title='bbox 2211 3378 2401 3451; x_wconf 84' lang='grc' dir='ltr'>χεῖράς</span> <span class='ocrx_word' id='word_1_573' title='bbox 2431 3395 2491 3431; x_wconf 86' lang='grc' dir='ltr'><strong>τε</strong></span> <span class='ocrx_word' id='word_1_574' title='bbox 2525 3377 2620 3430; x_wconf 74' lang='grc' dir='ltr'>καὶ</span> <span class='ocrx_word' id='word_1_575' title='bbox 2645 3376 2812 3438; x_wconf 84' lang='grc' dir='ltr'>πόδας</span> <span class='ocrx_word' id='word_1_576' title='bbox 2840 3374 3016 3439; x_wconf 75' lang='grc' dir='ltr'>ὕδατι,</span> <span class='ocrx_word' id='word_1_577' title='bbox 3042 3373 3220 3427; x_wconf 85' lang='grc' dir='ltr'>πόνων</span> <span class='ocrx_word' id='word_1_578' title='bbox 3246 3372 3302 3426; x_wconf 76' lang='grc' dir='ltr'>δὲ</span> <span class='ocrx_word' id='word_1_579' title='bbox 3329 3371 3500 3434; x_wconf 73' lang='grc' dir='ltr'>οὕτως</span> <span class='ocrx_word' id='word_1_580' title='bbox 3530 3372 3784 3426; x_wconf 73' lang='grc' dir='ltr'>ἅπτονται</span> 
     </span>
    </p>
   </div>
   <div class='ocr_carea' id='block_1_82' title="bbox 2211 3460 3786 3540">
    <p class='ocr_par' dir='ltr' id='par_1_82' title="bbox 2211 3460 3786 3540">
     <span class='ocr_line' id='line_1_82' title="bbox 2211 3460 3786 3540; baseline -0.005 -18"><span class='ocrx_word' id='word_1_581' title='bbox 2211 3468 2319 3522; x_wconf 84' lang='grc' dir='ltr'>τῶν</span> <span class='ocrx_word' id='word_1_582' title='bbox 2350 3469 2536 3540; x_wconf 79' lang='grc' dir='ltr'>ιερῶν,</span> <span class='ocrx_word' id='word_1_583' title='bbox 2580 3467 2676 3520; x_wconf 77' lang='grc' dir='ltr'>καὶ</span> <span class='ocrx_word' id='word_1_584' title='bbox 2707 3467 2812 3538; x_wconf 77' lang='grc' dir='ltr'>μὴν</span> <span class='ocrx_word' id='word_1_585' title='bbox 2840 3467 2917 3528; x_wconf 84' lang='grc' dir='ltr'><strong>είς</strong></span> <span class='ocrx_word' id='word_1_586' title='bbox 2943 3464 3010 3518; x_wconf 77' lang='grc' dir='ltr'>τὰ</span> <span class='ocrx_word' id='word_1_587' title='bbox 3042 3465 3208 3531; x_wconf 55' lang='lat' dir='ltr'><strong>“Arta.</strong></span> <span class='ocrx_word' id='word_1_588' title='bbox 3237 3463 3345 3516; x_wconf 84' lang='grc' dir='ltr'>τῶν</span> <span class='ocrx_word' id='word_1_589' title='bbox 3383 3463 3554 3530; x_wconf 84' lang='grc' dir='ltr'>ἁγίων</span> <span class='ocrx_word' id='word_1_590' title='bbox 3578 3460 3786 3533; x_wconf 82' lang='grc' dir='ltr'>είστρέ·</span> 
     </span>
    </p>
   </div>
   <div class='ocr_carea' id='block_1_83' title="bbox 2211 3553 3785 3630">
    <p class='ocr_par' dir='ltr' id='par_1_83' title="bbox 2211 3553 3785 3630">
     <span class='ocr_line' id='line_1_83' title="bbox 2211 3553 3785 3630; baseline -0.004 -17"><span class='ocrx_word' id='word_1_591' title='bbox 2211 3577 2388 3630; x_wconf 88' lang='grc' dir='ltr'>χουσι,</span> <span class='ocrx_word' id='word_1_592' title='bbox 2435 3559 2706 3630; x_wconf 86' lang='grc' dir='ltr'>δειμάτων</span> <span class='ocrx_word' id='word_1_593' title='bbox 2754 3556 3052 3629; x_wconf 78' lang='grc' dir='ltr'>ἐλεύθεροι,</span> <span class='ocrx_word' id='word_1_594' title='bbox 3102 3555 3284 3625; x_wconf 81' lang='grc' dir='ltr'>σαφῶς</span> <span class='ocrx_word' id='word_1_595' title='bbox 3313 3572 3370 3607; x_wconf 89' lang='grc' dir='ltr'><strong>τε</strong></span> <span class='ocrx_word' id='word_1_596' title='bbox 3409 3555 3500 3607; x_wconf 76' lang='grc' dir='ltr'><strong>καὶ</strong></span> <span class='ocrx_word' id='word_1_597' title='bbox 3543 3553 3785 3622; x_wconf 76' lang='grc' dir='ltr'>ἐναργῶς</span> 
     </span>
    </p>
   </div>
   <div class='ocr_carea' id='block_1_84' title="bbox 2209 3645 3786 3720">
    <p class='ocr_par' dir='ltr' id='par_1_84' title="bbox 2209 3645 3786 3720">
     <span class='ocr_line' id='line_1_84' title="bbox 2209 3645 3786 3720; baseline -0.004 -17"><span class='ocrx_word' id='word_1_598' title='bbox 2209 3649 2654 3720; x_wconf 83' lang='grc' dir='ltr'>καταδηλοῦντος,</span> <span class='ocrx_word' id='word_1_599' title='bbox 2673 3647 2826 3720; x_wconf 72' lang='grc' dir='ltr'>οἶμαί</span> <span class='ocrx_word' id='word_1_600' title='bbox 2854 3665 2978 3712; x_wconf 89' lang='grc' dir='ltr'>που,</span> <span class='ocrx_word' id='word_1_601' title='bbox 3003 3648 3096 3701; x_wconf 76' lang='grc' dir='ltr'>καὶ</span> <span class='ocrx_word' id='word_1_602' title='bbox 3123 3647 3280 3700; x_wconf 89' lang='grc' dir='ltr'>τοῦτο</span> <span class='ocrx_word' id='word_1_603' title='bbox 3299 3645 3392 3698; x_wconf 84' lang='grc' dir='ltr'><strong>τοῦ</strong></span> <span class='ocrx_word' id='word_1_604' title='bbox 3419 3646 3604 3716; x_wconf 88' lang='grc' dir='ltr'>νόμου,</span> <span class='ocrx_word' id='word_1_605' title='bbox 3629 3645 3786 3714; x_wconf 84' lang='grc' dir='ltr'>μόνον</span> 
     </span>
    </p>
   </div>
   <div class='ocr_carea' id='block_1_85' title="bbox 2213 3736 3786 3812">
    <p class='ocr_par' dir='ltr' id='par_1_85' title="bbox 2213 3736 3786 3812">
     <span class='ocr_line' id='line_1_85' title="bbox 2213 3736 3786 3812; baseline -0.003 -19"><span class='ocrx_word' id='word_1_606' title='bbox 2213 3741 2270 3794; x_wconf 80' lang='grc' dir='ltr'>δὲ</span> <span class='ocrx_word' id='word_1_607' title='bbox 2298 3741 2417 3812; x_wconf 74' lang='grc' dir='ltr'>οὐχὶ</span> <span class='ocrx_word' id='word_1_608' title='bbox 2457 3741 2551 3794; x_wconf 57' lang='grc' dir='ltr'><strong>καὶ⁵</strong></span> <span class='ocrx_word' id='word_1_609' title='bbox 2577 3739 2740 3794; x_wconf 84' lang='grc' dir='ltr'>αὐτοῦ</span> <span class='ocrx_word' id='word_1_610' title='bbox 2775 3739 3199 3810; x_wconf 80' lang='grc' dir='ltr'>διακεκραγὸτος</span> <span class='ocrx_word' id='word_1_611' title='bbox 3222 3736 3316 3790; x_wconf 86' lang='grc' dir='ltr'><strong>τοῦ</strong></span> <span class='ocrx_word' id='word_1_612' title='bbox 3345 3737 3686 3808; x_wconf 80' lang='grc' dir='ltr'>πράγματος,</span> <span class='ocrx_word' id='word_1_613' title='bbox 3711 3737 3786 3798; x_wconf 86' lang='grc' dir='ltr'>ὡς</span> 
     </span>
    </p>
   </div>
   <div class='ocr_carea' id='block_1_86' title="bbox 2211 3826 3781 3905">
    <p class='ocr_par' dir='ltr' id='par_1_86' title="bbox 2211 3826 3781 3905">
     <span class='ocr_line' id='line_1_86' title="bbox 2211 3826 3781 3905; baseline -0.006 -17"><span class='ocrx_word' id='word_1_614' title='bbox 2211 3833 2422 3905; x_wconf 74' lang='grc' dir='ltr'>ἁνίὲρος</span> <span class='ocrx_word' id='word_1_615' title='bbox 2453 3832 2758 3904; x_wconf 67' lang='grc' dir='ltr'>παρὰβεῷ,</span> <span class='ocrx_word' id='word_1_616' title='bbox 2788 3832 2882 3886; x_wconf 80' lang='grc' dir='ltr'>καὶ</span> <span class='ocrx_word' id='word_1_617' title='bbox 2908 3833 2936 3885; x_wconf 85' lang='grc' dir='ltr'><strong>ό</strong></span> <span class='ocrx_word' id='word_1_618' title='bbox 2965 3830 3136 3884; x_wconf 82' lang='grc' dir='ltr'>δοκῶν</span> <span class='ocrx_word' id='word_1_619' title='bbox 3170 3826 3310 3882; x_wconf 85' lang='grc' dir='ltr'>εἷναί</span> <span class='ocrx_word' id='word_1_620' title='bbox 3336 3846 3420 3890; x_wconf 90' lang='grc' dir='ltr'><strong>τις</strong></span> <span class='ocrx_word' id='word_1_621' title='bbox 3449 3828 3589 3882; x_wconf 79' lang='grc' dir='ltr'>κατᾶ</span> <span class='ocrx_word' id='word_1_622' title='bbox 3619 3827 3781 3898; x_wconf 87' lang='grc' dir='ltr'>νόμον</span> 
     </span>
    </p>
   </div>
   <div class='ocr_carea' id='block_1_87' title="bbox 2216 3919 3786 4000">
    <p class='ocr_par' dir='ltr' id='par_1_87' title="bbox 2216 3919 3786 4000">
     <span class='ocr_line' id='line_1_87' title="bbox 2216 3919 3786 4000; baseline -0.004 -24"><span class='ocrx_word' id='word_1_623' title='bbox 2216 3925 2379 3996; x_wconf 62' lang='grc' dir='ltr'>ίερδς,</span> <span class='ocrx_word' id='word_1_624' title='bbox 2424 3926 2472 3978; x_wconf 87' lang='grc' dir='ltr'><strong>εί</strong></span> <span class='ocrx_word' id='word_1_625' title='bbox 2507 3923 2580 3996; x_wconf 84' lang='grc' dir='ltr'>μὴ</span> <span class='ocrx_word' id='word_1_626' title='bbox 2609 3923 2969 4000; x_wconf 41' lang='grc' dir='ltr'>ά-πολούσαιτο</span> <span class='ocrx_word' id='word_1_627' title='bbox 3016 3921 3094 3992; x_wconf 81' lang='grc' dir='ltr'>τῷ</span> <span class='ocrx_word' id='word_1_628' title='bbox 3129 3921 3308 3984; x_wconf 75' lang='grc' dir='ltr'>ὕδατι,</span> <span class='ocrx_word' id='word_1_629' title='bbox 3361 3919 3455 3997; x_wconf 75' lang='grc' dir='ltr'><strong>καὶ</strong></span> <span class='ocrx_word' id='word_1_630' title='bbox 3481 3919 3564 3972; x_wconf 83' lang='grc' dir='ltr'>ὅτι</span> <span class='ocrx_word' id='word_1_631' title='bbox 3604 3921 3701 3988; x_wconf 81' lang='grc' dir='ltr'><strong>τῆς</strong></span> <span class='ocrx_word' id='word_1_632' title='bbox 3731 3921 3786 3970; x_wconf 81' lang='grc' dir='ltr'>ἐν</span> 
     </span>
    </p>
   </div>
   <div class='ocr_carea' id='block_1_88' title="bbox 2211 4010 3780 4086">
    <p class='ocr_par' dir='ltr' id='par_1_88' title="bbox 2211 4010 3780 4086">
     <span class='ocr_line' id='line_1_88' title="bbox 2211 4010 3780 4086; baseline -0.003 -18"><span class='ocrx_word' id='word_1_633' title='bbox 2211 4015 2360 4086; x_wconf 82' lang='grc' dir='ltr'>νόμῳ</span> <span class='ocrx_word' id='word_1_634' title='bbox 2383 4015 2639 4085; x_wconf 84' lang='grc' dir='ltr'>λατρείας</span> <span class='ocrx_word' id='word_1_635' title='bbox 2664 4017 2696 4086; x_wconf 83' lang='grc' dir='ltr'>ἡ</span> <span class='ocrx_word' id='word_1_636' title='bbox 2725 4013 2952 4084; x_wconf 79' lang='grc' dir='ltr'>δύναμις</span> <span class='ocrx_word' id='word_1_637' title='bbox 2973 4013 3072 4066; x_wconf 82' lang='grc' dir='ltr'>οὐκ</span> <span class='ocrx_word' id='word_1_638' title='bbox 3091 4012 3306 4082; x_wconf 79' lang='grc' dir='ltr'>ἀπόχρη</span> <span class='ocrx_word' id='word_1_639' title='bbox 3334 4011 3471 4082; x_wconf 87' lang='grc' dir='ltr'>πρὸς</span> <span class='ocrx_word' id='word_1_640' title='bbox 3497 4010 3780 4082; x_wconf 87' lang='grc' dir='ltr'>κάθαρσιν.</span> 
     </span>
    </p>
   </div>
   <div class='ocr_carea' id='block_1_89' title="bbox 2211 4103 3782 4177">
    <p class='ocr_par' dir='ltr' id='par_1_89' title="bbox 2211 4103 3782 4177">
     <span class='ocr_line' id='line_1_89' title="bbox 2211 4103 3782 4177; baseline -0.003 -18"><span class='ocrx_word' id='word_1_641' title='bbox 2211 4107 2642 4177; x_wconf 79' lang='grc' dir='ltr'>Προαπενίζοντο</span> <span class='ocrx_word' id='word_1_642' title='bbox 2672 4107 2826 4176; x_wconf 80' lang='grc' dir='ltr'>γοῦν,</span> <span class='ocrx_word' id='word_1_643' title='bbox 2867 4105 3044 4160; x_wconf 88' lang='grc' dir='ltr'>καίτοι</span> <span class='ocrx_word' id='word_1_644' title='bbox 3075 4103 3218 4158; x_wconf 83' lang='grc' dir='ltr'>κατά</span> <span class='ocrx_word' id='word_1_645' title='bbox 3246 4103 3412 4174; x_wconf 76' lang='grc' dir='ltr'>νόμον</span> <span class='ocrx_word' id='word_1_646' title='bbox 3441 4103 3782 4174; x_wconf 78' lang='grc' dir='ltr'>ἡγιασμένοι,</span> 
     </span>
    </p>
   </div>
   <div class='ocr_carea' id='block_1_90' title="bbox 2209 4194 3785 4269">
    <p class='ocr_par' dir='ltr' id='par_1_90' title="bbox 2209 4194 3785 4269">
     <span class='ocr_line' id='line_1_90' title="bbox 2209 4194 3785 4269; baseline -0.004 -17"><span class='ocrx_word' id='word_1_647' title='bbox 2209 4198 2529 4269; x_wconf 85' lang='grc' dir='ltr'>καθαίρεται</span> <span class='ocrx_word' id='word_1_648' title='bbox 2562 4198 2640 4261; x_wconf 77' lang='grc' dir='ltr'>δὲ,</span> <span class='ocrx_word' id='word_1_649' title='bbox 2681 4197 2798 4252; x_wconf 73' lang='grc' dir='ltr'>οὔτι</span> <span class='ocrx_word' id='word_1_650' title='bbox 2825 4216 2925 4251; x_wconf 93' lang='grc' dir='ltr'><strong>που</strong></span> <span class='ocrx_word' id='word_1_651' title='bbox 2952 4198 3013 4256; x_wconf 82' lang='grc' dir='ltr'>τὸ</span> <span class='ocrx_word' id='word_1_652' title='bbox 3039 4196 3300 4269; x_wconf 75' lang='grc' dir='ltr'>καθαρὸν,</span> <span class='ocrx_word' id='word_1_653' title='bbox 3326 4195 3462 4249; x_wconf 76' lang='grc' dir='ltr'>ἀλλὰ</span> <span class='ocrx_word' id='word_1_654' title='bbox 3489 4195 3550 4248; x_wconf 83' lang='grc' dir='ltr'><strong>τὺ</strong></span> <span class='ocrx_word' id='word_1_655' title='bbox 3585 4194 3785 4268; x_wconf 77' lang='grc' dir='ltr'>ρυποῦν</span> 
     </span>
    </p>
   </div>
   <div class='ocr_carea' id='block_1_91' title="bbox 2211 4285 3785 4360">
    <p class='ocr_par' dir='ltr' id='par_1_91' title="bbox 2211 4285 3785 4360">
     <span class='ocr_line' id='line_1_91' title="bbox 2211 4285 3785 4360; baseline -0.003 -18"><span class='ocrx_word' id='word_1_656' title='bbox 2211 4291 2302 4343; x_wconf 79' lang='grc' dir='ltr'>καὶ</span> <span class='ocrx_word' id='word_1_657' title='bbox 2345 4291 2674 4360; x_wconf 74' lang='grc' dir='ltr'>ἀκάθαρτον.</span> <span class='ocrx_word' id='word_1_658' title='bbox 2722 4291 2996 4344; x_wconf 73' lang='grc' dir='ltr'>Τοιουτονὶ</span> <span class='ocrx_word' id='word_1_659' title='bbox 3039 4290 3094 4343; x_wconf 83' lang='grc' dir='ltr'>δὲ</span> <span class='ocrx_word' id='word_1_660' title='bbox 3147 4289 3240 4342; x_wconf 71' lang='grc' dir='ltr'>καὶ</span> <span class='ocrx_word' id='word_1_661' title='bbox 3279 4289 3440 4351; x_wconf 84' lang='grc' dir='ltr'>αὐτὸς</span> <span class='ocrx_word' id='word_1_662' title='bbox 3491 4287 3709 4360; x_wconf 75' lang='grc' dir='ltr'>εἴρηκεν</span> <span class='ocrx_word' id='word_1_663' title='bbox 3757 4285 3785 4337; x_wconf 79' lang='grc' dir='ltr'><strong>ὁ</strong></span> 
     </span>
    </p>
   </div>
   <div class='ocr_carea' id='block_1_92' title="bbox 2212 4377 3784 4452">
    <p class='ocr_par' dir='ltr' id='par_1_92' title="bbox 2212 4377 3784 4452">
     <span class='ocr_line' id='line_1_92' title="bbox 2212 4377 3784 4452; baseline -0.004 -18"><span class='ocrx_word' id='word_1_664' title='bbox 2212 4381 2470 4452; x_wconf 67' lang='grc' dir='ltr'>Χριστὸς,</span> <span class='ocrx_word' id='word_1_665' title='bbox 2501 4399 2519 4432; x_wconf 80' lang='grc' dir='ltr'><strong>ι</strong></span> <span class='ocrx_word' id='word_1_666' title='bbox 2565 4380 2623 4433; x_wconf 87' lang='grc' dir='ltr'>Ὀ</span> <span class='ocrx_word' id='word_1_667' title='bbox 2648 4379 2968 4452; x_wconf 85' lang='grc' dir='ltr'>λελουμένος</span> <span class='ocrx_word' id='word_1_668' title='bbox 3001 4380 3061 4433; x_wconf 80' lang='grc' dir='ltr'>οὐ</span> <span class='ocrx_word' id='word_1_669' title='bbox 3096 4378 3282 4450; x_wconf 87' lang='grc' dir='ltr'>χρείαν</span> <span class='ocrx_word' id='word_1_670' title='bbox 3316 4377 3448 4447; x_wconf 76' lang='grc' dir='ltr'>ἔχει,</span> <span class='ocrx_word' id='word_1_671' title='bbox 3478 4379 3526 4430; x_wconf 88' lang='grc' dir='ltr'><strong>εί</strong></span> <span class='ocrx_word' id='word_1_672' title='bbox 3561 4377 3634 4447; x_wconf 80' lang='grc' dir='ltr'>μὴ</span> <span class='ocrx_word' id='word_1_673' title='bbox 3663 4377 3784 4439; x_wconf 71' lang='grc' dir='ltr'>τοὺς</span> 
     </span>
    </p>
   </div>
   <div class='ocr_carea' id='block_1_93' title="bbox 534 4456 2108 4564">
    <p class='ocr_par' dir='ltr' id='par_1_93' title="bbox 534 4461 2103 4534">
     <span class='ocr_line' id='line_1_93' title="bbox 534 4461 2103 4534; baseline 0.006 -17"><span class='ocrx_word' id='word_1_674' title='bbox 534 4461 642 4517; x_wconf 79' lang='lat' dir='ltr'><strong>bile</strong></span> <span class='ocrx_word' id='word_1_675' title='bbox 671 4477 793 4517; x_wconf 87' lang='lat' dir='ltr'><strong>esse</strong></span> <span class='ocrx_word' id='word_1_676' title='bbox 825 4463 1088 4534; x_wconf 86' lang='lat' dir='ltr'><strong>sanguine</strong></span> <span class='ocrx_word' id='word_1_677' title='bbox 1123 4471 1409 4522; x_wconf 87' lang='lat' dir='ltr'><strong>taurorum</strong></span> <span class='ocrx_word' id='word_1_678' title='bbox 1473 4474 1530 4525; x_wconf 88' lang='lat' dir='ltr'><strong>et</strong></span> <span class='ocrx_word' id='word_1_679' title='bbox 1583 4467 1867 4524; x_wconf 86' lang='lat' dir='ltr'><strong>hircorum</strong></span> <span class='ocrx_word' id='word_1_680' title='bbox 1901 4472 2103 4534; x_wconf 80' lang='lat' dir='ltr'><strong>auferri</strong></span> 
     </span>
    </p>
   </div>
   <div class='ocr_carea' id='block_1_94' title="bbox 2213 4456 3783 4564">
    <p class='ocr_par' dir='ltr' id='par_1_94' title="bbox 2215 4456 3783 4564">
     <span class='ocr_line' id='line_1_94' title="bbox 2215 4456 3783 4564; baseline -0.005 -39"><span class='ocrx_word' id='word_1_681' title='bbox 2215 4472 2382 4534; x_wconf 82' lang='grc' dir='ltr'>πόδας</span> <span class='ocrx_word' id='word_1_682' title='bbox 2413 4470 2690 4541; x_wconf 63' lang='grc' dir='ltr'>νίψασθαι.</span> <span class='ocrx_word' id='word_1_683' title='bbox 2724 4471 2838 4524; x_wconf 78' lang='grc' dir='ltr'>ἐστι</span> <span class='ocrx_word' id='word_1_684' title='bbox 2875 4471 2984 4541; x_wconf 75' lang='grc' dir='ltr'><strong>γὰρ</strong></span> <span class='ocrx_word' id='word_1_685' title='bbox 3017 4456 3275 4540; x_wconf 73' lang='grc' dir='ltr'>καθαρός.</span> <span class='ocrx_word' id='word_1_686' title='bbox 3312 4487 3330 4520; x_wconf 76' lang='grc' dir='ltr'><strong>ι</strong></span> <span class='ocrx_word' id='word_1_687' title='bbox 3371 4469 3576 4564; x_wconf 49' lang='grc' dir='ltr'>Γράφει</span> <span class='ocrx_word' id='word_1_688' title='bbox 3608 4466 3664 4564; x_wconf 59' lang='grc' dir='ltr'><strong>δέ</strong></span> <span class='ocrx_word' id='word_1_689' title='bbox 3693 4466 3783 4518; x_wconf 73' lang='grc' dir='ltr'>καὶ</span> 
     </span>
    </p>
   </div>
   <div class='ocr_carea' id='block_1_95' title="bbox 531 4555 2104 4638">
    <p class='ocr_par' dir='ltr' id='par_1_95' title="bbox 531 4555 2104 4638">
     <span class='ocr_line' id='line_1_95' title="bbox 531 4555 2104 4638; baseline 0.007 -29"><span class='ocrx_word' id='word_1_690' title='bbox 531 4563 756 4624; x_wconf 83' lang='lat' dir='ltr'><strong>peccata</strong></span> <span class='ocrx_word' id='word_1_691' title='bbox 785 4555 852 4608; x_wconf 86' lang='lat'><strong>&quot;.</strong></span> <span class='ocrx_word' id='word_1_692' title='bbox 883 4555 1206 4638; x_wconf 77' lang='lat' dir='ltr'><strong>[inperfecta</strong></span> <span class='ocrx_word' id='word_1_693' title='bbox 1239 4564 1325 4613; x_wconf 89' lang='lat' dir='ltr'><strong>est</strong></span> <span class='ocrx_word' id='word_1_694' title='bbox 1353 4557 1521 4629; x_wconf 87' lang='lat' dir='ltr'><strong>igitur</strong></span> <span class='ocrx_word' id='word_1_695' title='bbox 1546 4559 1632 4614; x_wconf 83' lang='lat' dir='ltr'><strong>lex</strong></span> <span class='ocrx_word' id='word_1_696' title='bbox 1685 4561 1753 4616; x_wconf 90' lang='lat' dir='ltr'><strong>ad</strong></span> <span class='ocrx_word' id='word_1_697' title='bbox 1797 4565 2104 4620; x_wconf 83' lang='lat' dir='ltr'><strong>sanctiﬁca-</strong></span> 
     </span>
    </p>
   </div>
   <div class='ocr_carea' id='block_1_96' title="bbox 533 4637 2107 4726">
    <p class='ocr_par' dir='ltr' id='par_1_96' title="bbox 533 4637 2107 4726">
     <span class='ocr_line' id='line_1_96' title="bbox 533 4637 2107 4726; baseline 0.008 -26"><span class='ocrx_word' id='word_1_698' title='bbox 533 4647 762 4714; x_wconf 69' lang='lat' dir='ltr'><strong>tionem,</strong></span> <span class='ocrx_word' id='word_1_699' title='bbox 811 4649 915 4704; x_wconf 92' lang='lat' dir='ltr'><strong>nisi</strong></span> <span class='ocrx_word' id='word_1_700' title='bbox 963 4649 1030 4705; x_wconf 88' lang='lat' dir='ltr'><strong>iis</strong></span> <span class='ocrx_word' id='word_1_701' title='bbox 1077 4637 1171 4720; x_wconf 63' lang='lat' dir='ltr'><strong>qui</strong></span> <span class='ocrx_word' id='word_1_702' title='bbox 1223 4651 1320 4707; x_wconf 90' lang='lat' dir='ltr'><strong>Dei</strong></span> <span class='ocrx_word' id='word_1_703' title='bbox 1368 4653 1810 4726; x_wconf 87' lang='lat' dir='ltr'><strong>conjunctionem</strong></span> <span class='ocrx_word' id='word_1_704' title='bbox 1850 4657 2107 4713; x_wconf 89' lang='lat' dir='ltr'><strong>ardenter</strong></span> 
     </span>
    </p>
   </div>
   <div class='ocr_carea' id='block_1_97' title="bbox 531 4742 2102 4815">
    <p class='ocr_par' dir='ltr' id='par_1_97' title="bbox 531 4742 2102 4815">
     <span class='ocr_line' id='line_1_97' title="bbox 531 4742 2102 4815; baseline 0.006 -20"><span class='ocrx_word' id='word_1_705' title='bbox 531 4750 816 4812; x_wconf 82' lang='lat' dir='ltr'><strong>expetunt,</strong></span> <span class='ocrx_word' id='word_1_706' title='bbox 871 4742 1173 4813; x_wconf 88' lang='lat' dir='ltr'><strong>baptismus</strong></span> <span class='ocrx_word' id='word_1_707' title='bbox 1215 4760 1433 4815; x_wconf 91' lang='lat' dir='ltr'><strong>quoque</strong></span> <span class='ocrx_word' id='word_1_708' title='bbox 1489 4745 1744 4803; x_wconf 89' lang='lat' dir='ltr'><strong>salutaris</strong></span> <span class='ocrx_word' id='word_1_709' title='bbox 1791 4750 2102 4806; x_wconf 88' lang='lat' dir='ltr'><strong>accesserit.</strong></span> 
     </span>
    </p>
   </div>
   <div class='ocr_carea' id='block_1_98' title="bbox 530 4833 2109 4918">
    <p class='ocr_par' dir='ltr' id='par_1_98' title="bbox 530 4833 2109 4918">
     <span class='ocr_line' id='line_1_98' title="bbox 530 4833 2109 4918; baseline 0.008 -32"><span class='ocrx_word' id='word_1_710' title='bbox 530 4833 718 4902; x_wconf 72' lang='lat' dir='ltr'><strong>Itaque</strong></span> <span class='ocrx_word' id='word_1_711' title='bbox 759 4833 995 4890; x_wconf 86' lang='lat' dir='ltr'><strong>Joannes</strong></span> <span class='ocrx_word' id='word_1_712' title='bbox 1049 4850 1266 4904; x_wconf 91' lang='lat' dir='ltr'><strong>quoque</strong></span> <span class='ocrx_word' id='word_1_713' title='bbox 1314 4835 1404 4890; x_wconf 89' lang='lat' dir='ltr'><strong>ille</strong></span> <span class='ocrx_word' id='word_1_714' title='bbox 1459 4837 1546 4891; x_wconf 82' lang='lat' dir='ltr'><strong>vir</strong></span> <span class='ocrx_word' id='word_1_715' title='bbox 1592 4837 1830 4901; x_wconf 87' lang='lat' dir='ltr'><strong>divinus,</strong></span> <span class='ocrx_word' id='word_1_716' title='bbox 1859 4843 2109 4918; x_wconf 84' lang='lat' dir='ltr'><strong>quamvis</strong></span> 
     </span>
    </p>
   </div>
   <div class='ocr_carea' id='block_1_99' title="bbox 531 4923 2109 4998">
    <p class='ocr_par' dir='ltr' id='par_1_99' title="bbox 531 4923 2109 4998">
     <span class='ocr_line' id='line_1_99' title="bbox 531 4923 2109 4998; baseline 0.006 -20"><span class='ocrx_word' id='word_1_717' title='bbox 531 4923 762 4987; x_wconf 73' lang='lat' dir='ltr'><strong>summis</strong></span> <span class='ocrx_word' id='word_1_718' title='bbox 787 4925 1123 4983; x_wconf 85' lang='lat' dir='ltr'><strong>ornamentis</strong></span> <span class='ocrx_word' id='word_1_719' title='bbox 1150 4935 1300 4981; x_wconf 91' lang='lat' dir='ltr'><strong>esset</strong></span> <span class='ocrx_word' id='word_1_720' title='bbox 1325 4926 1635 4998; x_wconf 79' lang='lat' dir='ltr'><strong>insignitus,</strong></span> <span class='ocrx_word' id='word_1_721' title='bbox 1675 4939 1732 4984; x_wconf 89' lang='lat' dir='ltr'><strong>et</strong></span> <span class='ocrx_word' id='word_1_722' title='bbox 1754 4931 1820 4984; x_wconf 86' lang='lat' dir='ltr'><strong>ad</strong></span> <span class='ocrx_word' id='word_1_723' title='bbox 1847 4947 1965 4985; x_wconf 88' lang='lat' dir='ltr'><strong>eam</strong></span> <span class='ocrx_word' id='word_1_724' title='bbox 1995 4933 2109 4988; x_wconf 87' lang='lat' dir='ltr'><strong>vir-</strong></span> 
     </span>
    </p>
   </div>
   <div class='ocr_carea' id='block_1_100' title="bbox 533 5017 2103 5088">
    <p class='ocr_par' dir='ltr' id='par_1_100' title="bbox 533 5017 2103 5088">
     <span class='ocr_line' id='line_1_100' title="bbox 533 5017 2103 5088; baseline 0.004 -18"><span class='ocrx_word' id='word_1_725' title='bbox 533 5023 704 5079; x_wconf 77' lang='lat' dir='ltr'><strong>tutem</strong></span> <span class='ocrx_word' id='word_1_726' title='bbox 750 5031 1097 5088; x_wconf 81' lang='lat' dir='ltr'><strong>progressus,</strong></span> <span class='ocrx_word' id='word_1_727' title='bbox 1145 5025 1208 5076; x_wconf 85' lang='lat' dir='ltr'><strong>ut</strong></span> <span class='ocrx_word' id='word_1_728' title='bbox 1243 5017 1356 5087; x_wconf 88' lang='lat' dir='ltr'><strong>jam</strong></span> <span class='ocrx_word' id='word_1_729' title='bbox 1409 5019 1476 5073; x_wconf 88' lang='lat' dir='ltr'><strong>ad</strong></span> <span class='ocrx_word' id='word_1_730' title='bbox 1511 5035 1787 5074; x_wconf 90' lang='lat' dir='ltr'><strong>summum</strong></span> <span class='ocrx_word' id='word_1_731' title='bbox 1843 5023 2103 5078; x_wconf 82' lang='lat' dir='ltr'><strong>verticem</strong></span> 
     </span>
    </p>
   </div>
   <div class='ocr_carea' id='block_1_101' title="bbox 530 5107 2100 5180">
    <p class='ocr_par' dir='ltr' id='par_1_101' title="bbox 530 5107 2100 5180">
     <span class='ocr_line' id='line_1_101' title="bbox 530 5107 2100 5180; baseline 0.004 -18"><span class='ocrx_word' id='word_1_732' title='bbox 530 5108 890 5179; x_wconf 85' lang='lat' dir='ltr'><strong>pervenisset,</strong></span> <span class='ocrx_word' id='word_1_733' title='bbox 922 5123 980 5163; x_wconf 91' lang='lat' dir='ltr'><strong>se</strong></span> <span class='ocrx_word' id='word_1_734' title='bbox 1009 5117 1191 5163; x_wconf 89' lang='lat' dir='ltr'><strong>tamen</strong></span> <span class='ocrx_word' id='word_1_735' title='bbox 1221 5107 1491 5178; x_wconf 88' lang='lat' dir='ltr'><strong>baptizari</strong></span> <span class='ocrx_word' id='word_1_736' title='bbox 1521 5112 1804 5180; x_wconf 89' lang='lat' dir='ltr'><strong>poscebat,</strong></span> <span class='ocrx_word' id='word_1_737' title='bbox 1829 5129 1953 5168; x_wconf 91' lang='lat' dir='ltr'><strong>cum</strong></span> <span class='ocrx_word' id='word_1_738' title='bbox 1980 5114 2100 5170; x_wconf 89' lang='lat' dir='ltr'><strong>Sal-</strong></span> 
     </span>
    </p>
   </div>
   <div class='ocr_carea' id='block_1_102' title="bbox 529 5199 2090 5274">
    <p class='ocr_par' dir='ltr' id='par_1_102' title="bbox 529 5199 2090 5274">
     <span class='ocr_line' id='line_1_102' title="bbox 529 5199 2090 5274; baseline 0.001 -19"><span class='ocrx_word' id='word_1_739' title='bbox 529 5201 703 5255; x_wconf 78' lang='lat' dir='ltr'><strong>vatori</strong></span> <span class='ocrx_word' id='word_1_740' title='bbox 727 5200 973 5259; x_wconf 88' lang='lat' dir='ltr'><strong>diceret:</strong></span> <span class='ocrx_word' id='word_1_741' title='bbox 1006 5218 1024 5249; x_wconf 85' lang='grc'><em>‹</em></span> <span class='ocrx_word' id='word_1_742' title='bbox 1048 5200 1160 5272; x_wconf 84' lang='lat' dir='ltr'><strong>Ego</strong></span> <span class='ocrx_word' id='word_1_743' title='bbox 1177 5215 1316 5272; x_wconf 90' lang='lat' dir='ltr'><strong>opus</strong></span> <span class='ocrx_word' id='word_1_744' title='bbox 1342 5199 1519 5259; x_wconf 83' lang='lat' dir='ltr'><strong>habeo</strong></span> <span class='ocrx_word' id='word_1_745' title='bbox 1561 5217 1590 5256; x_wconf 87' lang='lat' dir='ltr'><strong>a</strong></span> <span class='ocrx_word' id='word_1_746' title='bbox 1621 5211 1670 5257; x_wconf 90' lang='lat' dir='ltr'><strong>te</strong></span> <span class='ocrx_word' id='word_1_747' title='bbox 1698 5203 1962 5274; x_wconf 86' lang='lat' dir='ltr'><strong>baptizari</strong></span> <span class='ocrx_word' id='word_1_748' title='bbox 1993 5207 2090 5259; x_wconf 59' lang='grc' dir='ltr'><strong>τε.»</strong></span> 
     </span>
    </p>
   </div>
   <div class='ocr_carea' id='block_1_103' title="bbox 602 5377 1044 5443">
    <p class='ocr_par' dir='ltr' id='par_1_103' title="bbox 602 5377 1044 5443">
     <span class='ocr_line' id='line_1_103' title="bbox 602 5377 1044 5443; baseline 0.009 -13"><span class='ocrx_word' id='word_1_749' title='bbox 602 5377 798 5431; x_wconf 77' lang='lat' dir='ltr'><strong>PALL.</strong></span> <span class='ocrx_word' id='word_1_750' title='bbox 833 5377 911 5438; x_wconf 83' lang='lat' dir='ltr'><strong>Ita</strong></span> <span class='ocrx_word' id='word_1_751' title='bbox 942 5389 1044 5443; x_wconf 76' lang='lat' dir='ltr'><strong>est,</strong></span> 
     </span>
    </p>
   </div>
   <div class='ocr_carea' id='block_1_104' title="bbox 596 5451 2138 5544">
    <p class='ocr_par' dir='ltr' id='par_1_104' title="bbox 596 5451 2138 5544">
     <span class='ocr_line' id='line_1_104' title="bbox 596 5451 2138 5544; baseline 0.004 -23"><span class='ocrx_word' id='word_1_752' title='bbox 596 5469 754 5522; x_wconf 80' lang='lat' dir='ltr'><strong>CYR.</strong></span> <span class='ocrx_word' id='word_1_753' title='bbox 804 5469 994 5526; x_wconf 79' lang='lat' dir='ltr'><strong>Manus</strong></span> <span class='ocrx_word' id='word_1_754' title='bbox 1052 5481 1235 5526; x_wconf 74' lang='lat' dir='ltr'><strong>autem</strong></span> <span class='ocrx_word' id='word_1_755' title='bbox 1297 5482 1354 5527; x_wconf 90' lang='lat' dir='ltr'><strong>et</strong></span> <span class='ocrx_word' id='word_1_756' title='bbox 1400 5474 1570 5544; x_wconf 89' lang='lat' dir='ltr'><strong>pedes</strong></span> <span class='ocrx_word' id='word_1_757' title='bbox 1608 5475 1803 5534; x_wconf 88' lang='lat' dir='ltr'><strong>abluti,</strong></span> <span class='ocrx_word' id='word_1_758' title='bbox 1855 5451 2138 5544; x_wconf 46' lang='lat' dir='ltr'><strong>operum,-</strong></span> 
     </span>
    </p>
   </div>
   <div class='ocr_carea' id='block_1_105' title="bbox 530 5559 2099 5636">
    <p class='ocr_par' dir='ltr' id='par_1_105' title="bbox 530 5559 2099 5636">
     <span class='ocr_line' id='line_1_105' title="bbox 530 5559 2099 5636; baseline 0.002 -21"><span class='ocrx_word' id='word_1_759' title='bbox 530 5569 584 5623; x_wconf 78' lang='grc' dir='ltr'><strong>οι</strong></span> <span class='ocrx_word' id='word_1_760' title='bbox 615 5559 682 5614; x_wconf 87' lang='lat' dir='ltr'><strong>ad</strong></span> <span class='ocrx_word' id='word_1_761' title='bbox 717 5573 1152 5633; x_wconf 86' lang='lat' dir='ltr'><strong>unamquamque</strong></span> <span class='ocrx_word' id='word_1_762' title='bbox 1196 5581 1310 5619; x_wconf 90' lang='lat' dir='ltr'><strong>rem</strong></span> <span class='ocrx_word' id='word_1_763' title='bbox 1343 5567 1638 5636; x_wconf 85' lang='lat' dir='ltr'><strong>gerendam</strong></span> <span class='ocrx_word' id='word_1_764' title='bbox 1689 5566 1937 5620; x_wconf 73' lang='lat' dir='ltr'><strong>incessus</strong></span> <span class='ocrx_word' id='word_1_765' title='bbox 1965 5583 2099 5635; x_wconf 76' lang='grc' dir='ltr'>ηυο-</span> 
     </span>
    </p>
   </div>
   <div class='ocr_carea' id='block_1_106' title="bbox 603 5743 1770 5816">
    <p class='ocr_par' dir='ltr' id='par_1_106' title="bbox 603 5743 1770 5816">
     <span class='ocr_line' id='line_1_106' title="bbox 603 5743 1770 5816; baseline 0.007 -18"><span class='ocrx_word' id='word_1_766' title='bbox 603 5743 842 5807; x_wconf 65' lang='lat' dir='ltr'><strong>&quot;Exod.</strong></span> <span class='ocrx_word' id='word_1_767' title='bbox 881 5760 1002 5811; x_wconf 74' lang='lat' dir='ltr'><strong>xxx,</strong></span> <span class='ocrx_word' id='word_1_768' title='bbox 1081 5747 1238 5802; x_wconf 75' lang='grc'><strong>18-21</strong></span> <span class='ocrx_word' id='word_1_769' title='bbox 1330 5749 1374 5780; x_wconf 83' lang='lat'><em>&quot;</em></span> <span class='ocrx_word' id='word_1_770' title='bbox 1399 5749 1536 5804; x_wconf 82' lang='lat' dir='ltr'><strong>Rom</strong></span> <span class='ocrx_word' id='word_1_771' title='bbox 1584 5767 1658 5816; x_wconf 88' lang='grc' dir='ltr'>ιιι,</span> <span class='ocrx_word' id='word_1_772' title='bbox 1683 5751 1770 5806; x_wconf 76' lang='lat'><strong>‘20.</strong></span> 
     </span>
    </p>
   </div>
   <div class='ocr_carea' id='block_1_107' title="bbox 1850 5752 2321 5814">
    <p class='ocr_par' dir='ltr' id='par_1_107' title="bbox 1850 5752 2321 5814">
     <span class='ocr_line' id='line_1_107' title="bbox 1850 5752 2321 5814; baseline -0.006 -7"><span class='ocrx_word' id='word_1_773' title='bbox 1850 5753 1893 5782; x_wconf 56' lang='grc' dir='ltr'>τί</span> <span class='ocrx_word' id='word_1_774' title='bbox 1913 5752 2068 5807; x_wconf 78' lang='lat' dir='ltr'><strong>Jnan.</strong></span> <span class='ocrx_word' id='word_1_775' title='bbox 2094 5767 2209 5814; x_wconf 73' lang='lat' dir='ltr'><strong>xm,</strong></span> <span class='ocrx_word' id='word_1_776' title='bbox 2243 5752 2321 5805; x_wconf 74' lang='lat' dir='ltr'><strong>l0.</strong></span> 
     </span>
    </p>
   </div>
   <div class='ocr_carea' id='block_1_108' title="bbox 2216 4551 3780 4632">
    <p class='ocr_par' dir='ltr' id='par_1_108' title="bbox 2216 4551 3780 4632">
     <span class='ocr_line' id='line_1_108' title="bbox 2216 4551 3780 4632; baseline -0.008 -16"><span class='ocrx_word' id='word_1_777' title='bbox 2216 4561 2524 4632; x_wconf 81' lang='grc' dir='ltr'>σοφώτατος</span> <span class='ocrx_word' id='word_1_778' title='bbox 2561 4561 2793 4625; x_wconf 82' lang='grc' dir='ltr'>Παῦλος,</span> <span class='ocrx_word' id='word_1_779' title='bbox 2825 4561 2900 4624; x_wconf 83' lang='grc' dir='ltr'>ὠς</span> <span class='ocrx_word' id='word_1_780' title='bbox 2933 4559 3080 4614; x_wconf 73' lang='grc' dir='ltr'>ἐστιν</span> <span class='ocrx_word' id='word_1_781' title='bbox 3118 4559 3374 4614; x_wconf 79' lang='grc' dir='ltr'>ἀδύνατον</span> <span class='ocrx_word' id='word_1_782' title='bbox 3407 4551 3543 4626; x_wconf 73' lang='grc' dir='ltr'>αἷμα</span> <span class='ocrx_word' id='word_1_783' title='bbox 3568 4555 3780 4626; x_wconf 78' lang='grc' dir='ltr'>ταύρων</span> 
     </span>
    </p>
   </div>
   <div class='ocr_carea' id='block_1_109' title="bbox 2213 4643 3779 4726">
    <p class='ocr_par' dir='ltr' id='par_1_109' title="bbox 2213 4643 3779 4726">
     <span class='ocr_line' id='line_1_109' title="bbox 2213 4643 3779 4726; baseline -0.006 -20"><span class='ocrx_word' id='word_1_784' title='bbox 2213 4655 2308 4708; x_wconf 78' lang='grc' dir='ltr'>καὶ</span> <span class='ocrx_word' id='word_1_785' title='bbox 2335 4655 2554 4726; x_wconf 76' lang='grc' dir='ltr'>τράγων</span> <span class='ocrx_word' id='word_1_786' title='bbox 2581 4653 2831 4725; x_wconf 77' lang='grc' dir='ltr'>ἀφαιρεῖν</span> <span class='ocrx_word' id='word_1_787' title='bbox 2861 4651 3156 4725; x_wconf 73' lang='grc' dir='ltr'>ἁμαρτίας.</span> <span class='ocrx_word' id='word_1_788' title='bbox 3201 4647 3420 4718; x_wconf 72' lang='grc' dir='ltr'>Ἀτελὴς</span> <span class='ocrx_word' id='word_1_789' title='bbox 3447 4643 3538 4700; x_wconf 78' lang='grc' dir='ltr'>οὖν</span> <span class='ocrx_word' id='word_1_790' title='bbox 3563 4648 3592 4699; x_wconf 87' lang='grc' dir='ltr'>ὁ</span> <span class='ocrx_word' id='word_1_791' title='bbox 3619 4647 3779 4715; x_wconf 78' lang='grc' dir='ltr'>νόμος</span> 
     </span>
    </p>
   </div>
   <div class='ocr_carea' id='block_1_110' title="bbox 2212 4737 3776 4816">
    <p class='ocr_par' dir='ltr' id='par_1_110' title="bbox 2212 4737 3776 4816">
     <span class='ocr_line' id='line_1_110' title="bbox 2212 4737 3776 4816; baseline -0.006 -18"><span class='ocrx_word' id='word_1_792' title='bbox 2212 4747 2292 4810; x_wconf 87' lang='grc' dir='ltr'><strong>είς</strong></span> <span class='ocrx_word' id='word_1_793' title='bbox 2320 4743 2611 4816; x_wconf 78' lang='grc' dir='ltr'>ἁγιασμδν,</span> <span class='ocrx_word' id='word_1_794' title='bbox 2646 4745 2694 4797; x_wconf 85' lang='grc' dir='ltr'><strong>εί</strong></span> <span class='ocrx_word' id='word_1_795' title='bbox 2727 4744 2801 4814; x_wconf 84' lang='grc' dir='ltr'>μὴ</span> <span class='ocrx_word' id='word_1_796' title='bbox 2838 4743 3188 4813; x_wconf 81' lang='grc' dir='ltr'>προσγένοιτο</span> <span class='ocrx_word' id='word_1_797' title='bbox 3221 4743 3329 4803; x_wconf 81' lang='grc' dir='ltr'>τοῖς</span> <span class='ocrx_word' id='word_1_798' title='bbox 3351 4737 3660 4810; x_wconf 60' lang='grc' dir='ltr'>δεδιιξηκόσι</span> <span class='ocrx_word' id='word_1_799' title='bbox 3685 4737 3776 4808; x_wconf 61' lang='lat' dir='ltr'><strong>ei}!</strong></span> 
     </span>
    </p>
   </div>
   <div class='ocr_carea' id='block_1_111' title="bbox 2214 4831 3784 4906">
    <p class='ocr_par' dir='ltr' id='par_1_111' title="bbox 2214 4831 3784 4906">
     <span class='ocr_line' id='line_1_111' title="bbox 2214 4831 3784 4906; baseline -0.001 -20"><span class='ocrx_word' id='word_1_800' title='bbox 2214 4836 2350 4906; x_wconf 75' lang='grc' dir='ltr'>πρδς</span> <span class='ocrx_word' id='word_1_801' title='bbox 2383 4836 2514 4889; x_wconf 87' lang='grc' dir='ltr'>Θεὸν</span> <span class='ocrx_word' id='word_1_802' title='bbox 2557 4835 2864 4904; x_wconf 82' lang='grc' dir='ltr'>οἰκειότητα</span> <span class='ocrx_word' id='word_1_803' title='bbox 2913 4834 2974 4887; x_wconf 81' lang='grc' dir='ltr'>τὸ</span> <span class='ocrx_word' id='word_1_804' title='bbox 3008 4835 3273 4905; x_wconf 82' lang='grc' dir='ltr'>σωτήριον</span> <span class='ocrx_word' id='word_1_805' title='bbox 3326 4831 3628 4902; x_wconf 79' lang='grc' dir='ltr'>βάπτισμα.</span> <span class='ocrx_word' id='word_1_806' title='bbox 3665 4831 3784 4884; x_wconf 85' lang='grc' dir='ltr'>Τοι·</span> 
     </span>
    </p>
   </div>
   <div class='ocr_carea' id='block_1_112' title="bbox 2213 4922 3783 4996">
    <p class='ocr_par' dir='ltr' id='par_1_112' title="bbox 2213 4922 3783 4996">
     <span class='ocr_line' id='line_1_112' title="bbox 2213 4922 3783 4996; baseline -0.004 -17"><span class='ocrx_word' id='word_1_807' title='bbox 2213 4925 2404 4996; x_wconf 79' lang='grc' dir='ltr'>γάρτοι</span> <span class='ocrx_word' id='word_1_808' title='bbox 2439 4926 2529 4979; x_wconf 76' lang='grc' dir='ltr'>καὶ</span> <span class='ocrx_word' id='word_1_809' title='bbox 2575 4928 2603 4980; x_wconf 86' lang='grc' dir='ltr'><strong>ό</strong></span> <span class='ocrx_word' id='word_1_810' title='bbox 2649 4925 2932 4988; x_wconf 77' lang='grc' dir='ltr'>θεσπέσιος</span> <span class='ocrx_word' id='word_1_811' title='bbox 2992 4925 3264 4994; x_wconf 84' lang='grc' dir='ltr'>Ἰωάννης,</span> <span class='ocrx_word' id='word_1_812' title='bbox 3304 4924 3480 4976; x_wconf 85' lang='grc' dir='ltr'>καίτοι</span> <span class='ocrx_word' id='word_1_813' title='bbox 3503 4925 3614 4986; x_wconf 81' lang='grc' dir='ltr'>τοῖς</span> <span class='ocrx_word' id='word_1_814' title='bbox 3647 4922 3783 4990; x_wconf 74' lang='grc' dir='ltr'>ἄγαν</span> 
     </span>
    </p>
   </div>
   <div class='ocr_carea' id='block_1_113' title="bbox 2211 5014 3782 5089">
    <p class='ocr_par' dir='ltr' id='par_1_113' title="bbox 2211 5014 3782 5089">
     <span class='ocr_line' id='line_1_113' title="bbox 2211 5014 3782 5089; baseline -0.003 -19"><span class='ocrx_word' id='word_1_815' title='bbox 2211 5018 2525 5089; x_wconf 79' lang='grc' dir='ltr'>αὐχήμασιν</span> <span class='ocrx_word' id='word_1_816' title='bbox 2563 5014 2622 5070; x_wconf 79' lang='grc' dir='ltr'>εὖ</span> <span class='ocrx_word' id='word_1_817' title='bbox 2661 5018 2804 5088; x_wconf 85' lang='grc' dir='ltr'>μάλα</span> <span class='ocrx_word' id='word_1_818' title='bbox 2835 5017 3293 5086; x_wconf 80' lang='grc' dir='ltr'>κατεστεμμένος,</span> <span class='ocrx_word' id='word_1_819' title='bbox 3337 5016 3432 5070; x_wconf 70' lang='grc' dir='ltr'>καὶ</span> <span class='ocrx_word' id='word_1_820' title='bbox 3460 5015 3658 5088; x_wconf 83' lang='grc' dir='ltr'>ἀρετῆς</span> <span class='ocrx_word' id='word_1_821' title='bbox 3705 5015 3782 5076; x_wconf 89' lang='grc' dir='ltr'><strong>εἰς</strong></span> 
     </span>
    </p>
   </div>
   <div class='ocr_carea' id='block_1_114' title="bbox 2209 5103 3782 5178">
    <p class='ocr_par' dir='ltr' id='par_1_114' title="bbox 2209 5103 3782 5178">
     <span class='ocr_line' id='line_1_114' title="bbox 2209 5103 3782 5178; baseline -0.004 -17"><span class='ocrx_word' id='word_1_822' title='bbox 2209 5108 2367 5166; x_wconf 80' lang='grc' dir='ltr'>τοῦτο</span> <span class='ocrx_word' id='word_1_823' title='bbox 2400 5107 2644 5178; x_wconf 86' lang='grc' dir='ltr'>διέρπειν</span> <span class='ocrx_word' id='word_1_824' title='bbox 2677 5107 2853 5170; x_wconf 78' lang='grc' dir='ltr'>εἰδὼς,</span> <span class='ocrx_word' id='word_1_825' title='bbox 2882 5107 2958 5170; x_wconf 83' lang='grc' dir='ltr'>ὡς</span> <span class='ocrx_word' id='word_1_826' title='bbox 2991 5107 3069 5168; x_wconf 86' lang='grc' dir='ltr'><strong>είς</strong></span> <span class='ocrx_word' id='word_1_827' title='bbox 3102 5105 3254 5173; x_wconf 81' lang='grc' dir='ltr'>λῆξιν</span> <span class='ocrx_word' id='word_1_828' title='bbox 3287 5105 3387 5176; x_wconf 74' lang='grc' dir='ltr'><strong>ῆδη</strong></span> <span class='ocrx_word' id='word_1_829' title='bbox 3417 5106 3666 5172; x_wconf 87' lang='grc' dir='ltr'>γενέσθαι</span> <span class='ocrx_word' id='word_1_830' title='bbox 3686 5103 3782 5174; x_wconf 78' lang='grc' dir='ltr'>τὴν</span> 
     </span>
    </p>
   </div>
   <div class='ocr_carea' id='block_1_115' title="bbox 2208 5196 3776 5268">
    <p class='ocr_par' dir='ltr' id='par_1_115' title="bbox 2208 5196 3776 5268">
     <span class='ocr_line' id='line_1_115' title="bbox 2208 5196 3776 5268; baseline -0.003 -15"><span class='ocrx_word' id='word_1_831' title='bbox 2208 5200 2486 5260; x_wconf 59' lang='lat' dir='ltr'><strong>timori-co),</strong></span> <span class='ocrx_word' id='word_1_832' title='bbox 2516 5197 2868 5268; x_wconf 78' lang='grc' dir='ltr'>βαπτίζεσθαι</span> <span class='ocrx_word' id='word_1_833' title='bbox 2908 5197 3204 5268; x_wconf 74' lang='grc' dir='ltr'>παρεκάλει</span> <span class='ocrx_word' id='word_1_834' title='bbox 3234 5197 3309 5266; x_wconf 79' lang='grc' dir='ltr'><strong>τῷ</strong></span> <span class='ocrx_word' id='word_1_835' title='bbox 3343 5197 3557 5267; x_wconf 78' lang='grc' dir='ltr'>Σωτῆρι</span> <span class='ocrx_word' id='word_1_836' title='bbox 3589 5196 3776 5263; x_wconf 87' lang='grc' dir='ltr'>λέγων·</span> 
     </span>
    </p>
   </div>
   <div class='ocr_carea' id='block_1_116' title="bbox 2213 5287 3473 5366">
    <p class='ocr_par' dir='ltr' id='par_1_116' title="bbox 2213 5287 3473 5366">
     <span class='ocr_line' id='line_1_116' title="bbox 2213 5287 3473 5366; baseline -0.003 -23"><span class='ocrx_word' id='word_1_837' title='bbox 2213 5309 2232 5344; x_wconf 77' lang='grc' dir='ltr'><strong>ι</strong></span> <span class='ocrx_word' id='word_1_838' title='bbox 2273 5289 2414 5359; x_wconf 84' lang='grc' dir='ltr'><strong>Ἐγὼ</strong></span> <span class='ocrx_word' id='word_1_839' title='bbox 2437 5290 2626 5366; x_wconf 82' lang='grc' dir='ltr'>χρείαν</span> <span class='ocrx_word' id='word_1_840' title='bbox 2657 5289 2766 5360; x_wconf 75' lang='grc' dir='ltr'>ἔχω</span> <span class='ocrx_word' id='word_1_841' title='bbox 2785 5289 2889 5343; x_wconf 72' lang='grc' dir='ltr'><strong>ὑπὸ</strong></span> <span class='ocrx_word' id='word_1_842' title='bbox 2919 5290 3012 5343; x_wconf 87' lang='grc' dir='ltr'><strong>σοῦ</strong></span> <span class='ocrx_word' id='word_1_843' title='bbox 3048 5287 3430 5359; x_wconf 82' lang='grc' dir='ltr'>βαπτισθῆναι.</span> <span class='ocrx_word' id='word_1_844' title='bbox 3456 5307 3473 5339; x_wconf 74' lang='grc' dir='ltr'><strong>ι</strong></span> 
     </span>
    </p>
   </div>
   <div class='ocr_carea' id='block_1_117' title="bbox 2279 5381 2779 5451">
    <p class='ocr_par' dir='ltr' id='par_1_117' title="bbox 2279 5381 2779 5451">
     <span class='ocr_line' id='line_1_117' title="bbox 2279 5381 2779 5451; baseline -0.002 -15"><span class='ocrx_word' id='word_1_845' title='bbox 2279 5383 2486 5436; x_wconf 74' lang='grc' dir='ltr'><strong>ΠΛΛΛ.</strong></span> <span class='ocrx_word' id='word_1_846' title='bbox 2537 5381 2779 5451; x_wconf 82' lang='grc' dir='ltr'>Ἀληθές.</span> 
     </span>
    </p>
   </div>
   <div class='ocr_carea' id='block_1_118' title="bbox 2280 5469 3776 5542">
    <p class='ocr_par' dir='ltr' id='par_1_118' title="bbox 2280 5469 3776 5542">
     <span class='ocr_line' id='line_1_118' title="bbox 2280 5469 3776 5542; baseline -0.005 -16"><span class='ocrx_word' id='word_1_847' title='bbox 2280 5474 2444 5526; x_wconf 78' lang='grc' dir='ltr'><strong>ΚΥΡ.</strong></span> <span class='ocrx_word' id='word_1_848' title='bbox 2486 5473 2677 5540; x_wconf 80' lang='grc' dir='ltr'>Χεῖρες</span> <span class='ocrx_word' id='word_1_849' title='bbox 2721 5472 2775 5524; x_wconf 78' lang='grc' dir='ltr'>δὲ</span> <span class='ocrx_word' id='word_1_850' title='bbox 2810 5472 2900 5525; x_wconf 72' lang='grc' dir='ltr'>καὶ</span> <span class='ocrx_word' id='word_1_851' title='bbox 2947 5471 3102 5534; x_wconf 81' lang='grc' dir='ltr'>πόδες</span> <span class='ocrx_word' id='word_1_852' title='bbox 3137 5471 3576 5542; x_wconf 61' lang='grc' dir='ltr'>ἀπονιπτόμενοι,</span> <span class='ocrx_word' id='word_1_853' title='bbox 3620 5469 3776 5540; x_wconf 79' lang='grc' dir='ltr'>ἔργου</span> 
     </span>
    </p>
   </div>
   <div class='ocr_carea' id='block_1_119' title="bbox 2208 5560 3776 5632">
    <p class='ocr_par' dir='ltr' id='par_1_119' title="bbox 2208 5560 3776 5632">
     <span class='ocr_line' id='line_1_119' title="bbox 2208 5560 3776 5632; baseline -0.003 -16"><span class='ocrx_word' id='word_1_854' title='bbox 2208 5566 2298 5616; x_wconf 74' lang='grc' dir='ltr'>καὶ</span> <span class='ocrx_word' id='word_1_855' title='bbox 2333 5563 2556 5632; x_wconf 63' lang='grc' dir='ltr'>πορείας</span> <span class='ocrx_word' id='word_1_856' title='bbox 2587 5563 2684 5632; x_wconf 66' lang='grc' dir='ltr'><strong>τῆς</strong></span> <span class='ocrx_word' id='word_1_857' title='bbox 2727 5563 2890 5614; x_wconf 73' lang='grc' dir='ltr'>οἱονεὶ</span> <span class='ocrx_word' id='word_1_858' title='bbox 2923 5562 3056 5632; x_wconf 72' lang='grc' dir='ltr'>πρὸς</span> <span class='ocrx_word' id='word_1_859' title='bbox 3087 5563 3294 5616; x_wconf 73' lang='grc' dir='ltr'>ἕκαστα</span> <span class='ocrx_word' id='word_1_860' title='bbox 3325 5563 3432 5615; x_wconf 81' lang='grc' dir='ltr'><strong>τῶν</strong></span> <span class='ocrx_word' id='word_1_861' title='bbox 3474 5560 3776 5632; x_wconf 71' lang='grc' dir='ltr'>πρακτέων,</span> 
     </span>
    </p>
   </div>
   <div class='ocr_carea' id='block_1_120' title="bbox 2403 5743 3362 5815">
    <p class='ocr_par' dir='ltr' id='par_1_120' title="bbox 2403 5743 3362 5815">
     <span class='ocr_line' id='line_1_120' title="bbox 2403 5743 3362 5815; baseline 0.001 -16"><span class='ocrx_word' id='word_1_862' title='bbox 2403 5753 2441 5780; x_wconf 72' lang='grc' dir='ltr'><strong>ττ</strong></span> <span class='ocrx_word' id='word_1_863' title='bbox 2465 5750 2630 5804; x_wconf 62' lang='lat' dir='ltr'><strong>Hebr.</strong></span> <span class='ocrx_word' id='word_1_864' title='bbox 2677 5767 2725 5815; x_wconf 66' lang='grc' dir='ltr'><strong>τ,</strong></span> <span class='ocrx_word' id='word_1_865' title='bbox 2765 5749 2812 5802; x_wconf 72' lang='lat' dir='ltr'><strong>i.</strong></span> <span class='ocrx_word' id='word_1_866' title='bbox 2901 5750 2946 5777; x_wconf 76' lang='grc'>⁷⁸</span> <span class='ocrx_word' id='word_1_867' title='bbox 2970 5746 3158 5803; x_wconf 70' lang='lat' dir='ltr'><strong>Matth.</strong></span> <span class='ocrx_word' id='word_1_868' title='bbox 3191 5760 3270 5808; x_wconf 84' lang='grc' dir='ltr'>ιιι,</span> <span class='ocrx_word' id='word_1_869' title='bbox 3298 5743 3362 5800; x_wconf 74' lang='grc' dir='ltr'>Η</span> 
     </span>
    </p>
   </div>
  </div>
