4142 6296
385 376 492 436 τεο

1094 383 1183 439 DE
1221 385 1671 449 ADORATIONE
1705 394 1773 452 1N
1813 398 2081 455 SPlRlTU
2125 399 2215 455 ET
2256 402 2624 460 V'ERlTATE’.
2673 404 2797 462 LIB.
2841 392 2931 461 1x.

3537 413 3641 470 650

387 491 452 599 τὸ
479 489 718 599 καθαρὸν
746 493 837 545 καὶ
865 493 1151 568 ἀκίϐδηλον
1190 500 1669 576 ὑποσημαίνουσιν.
1721 512 1880 567 Τουτὶ
1909 512 1958 567 δὲ

2069 516 2361 574 dammodo
2413 522 2708 590 puritatem
2760 531 2924 594 atque
2985 523 3354 580 sinceritatem
3432 528 3641 599 signiti-

388 582 940 676 ﬁpl’v-éﬁrjsxnxdatv,
997 589 1204 658 ἐφεῖται
1264 595 1364 664 μὲν
1417 599 1677 656 εἰσελθεῖν
1737 605 1814 668 είς
1866 606 1965 676 τὴν

387 673 661 743 ὲτ”εινπέρτδυιθ
704 677 933 765 ςκηνὴν,
981 687 1369 754 προσκομίζειν
1406 690 1463 743 δὲ
1504 687 1582 763 τῷ
1621 693 1737 765 Θεῷ
1776 673 1966 761 θυσίας

383 763 781 855 πνευματικὰς,
808 769 902 822 καὶ
929 769 1006 835 ὡς
1028 773 1086 824 ὲν
1109 775 1261 840 τάξει
1292 778 1652 855 θυμιαμάτων
1682 763 1778 854 τῆς
1802 787 1965 855 εὐαγ-

380 851 607 947 γ-ελικῆς
631 855 907 947 πολιτείας
934 862 1221 935 καθιεροῦν
1244 851 1539 935 οἱονείπως1
1556 874 1653 946 τὴν
1680 851 1960 947 εύοσμίαν.

382 939 686 1014 Παρεγγυᾷ
716 944 777 997 δὲ
801 950 1090 1019 χρησίμως
1122 955 1469 1022 ἀπονίζεσθαι
1498 939 1621 1014 δεῖν⁷
1637 965 1762 1028 τοὺς
1789 939 1865 1029 είς
1896 964 1965 1021 τά

386 1030 556 1125 ῙΑγια
571 1032 679 1125 τῶν
697 1035 866 1125 ἁγίων
885 1040 1215 1097 εἰσελαύνειν
1232 1047 1529 1118 ἐθέλοντας,
1556 1053 1647 1106 καὶ
1666 1053 1774 1107 τῶν
1800 1055 1960 1125 ἱερῶν

386 1118 563 1218 ςργων
590 1123 941 1218 έπιμελητάς,
990 1132 1078 1185 ἴνα
1113 1135 1187 1205 μὴ
1216 1137 1578 1197 ἀποθάνωσιν.
1612 1145 1814 1216 Χρῆμα
1852 1118 1962 1218 γὰρ

389 1212 684 1310 ἐπισφαλές
726 1218 821 1310 και
862 1220 1150 1293 ιπιξήμιον
1195 1227 1429 1299 ἀληθῶς,
1483 1233 1544 1286 τδ
1576 1212 1816 1303 ἐγγίζειν
1844 1212 1962 1310 est;

387 1301 955 1396 Winexaﬁappévouc.
1007 1313 1292 1386 Τοιγάρτοι
1325 1320 1418 1372 καὶ
1468 1301 1631 1391 σοφὸς
1655 1301 1807 1396 Ῠήμϊν
1841 1301 1960 1380 ἐπιζ

386 1394 620 1464 σκήπτει
646 1397 889 1467 Παῦλος,
924 1404 973 1454 εί
1018 1404 1119 1474 τῆς
1154 1410 1421 1480 μυστικῆς
1453 1394 1965 1488 εὑλογίαςτῗμεταλα-

387 1488 499 1556 χεῖν
543 1488 839 1561 ἐθέλοιμεν,
905 1495 1131 1562 ἑαυτοὺς
1179 1499 1511 1571 δοκιμάζειν,
1565 1509 1847 1579 προσιέναι
1901 1526 1962 1563 τε

385 1578 528 1633 οὕτω
554 1581 752 1638 λοιπόν.
789 1586 1030 1659 Πρᾶγμα
1058 1590 1113 1644 δὲ
1141 1592 1221 1646 ὅτι
1252 1597 1345 1649 καὶ
1389 1578 1633 1652 κινδύνου
1671 1603 1867 1670 μεστὸν
1903 1602 1964 1657 τὸ

384 1671 653 1741 ὰτημελὲς
686 1675 743 1727 ὲν
765 1676 994 1742 τούτοις,
1026 1681 1354 1739 ἐκκαλύπτει
1384 1687 1579 1756 λέγων’
1621 1711 1641 1742 ι
1678 1692 1775 1744 Διὰ
1802 1692 1962 1748 τοῦτο

383 1763 441 1854 έν
466 1761 593 1854 ὑμίν
617 1764 801 1820 πολλοὶ
829 1768 1074 1836 ἀσθενεῖς
1099 1776 1191 1829 καὶ
1218 1775 1517 1849 ἄρρωστοι,
1542 1782 1634 1835 καὶ
1656 1784 1958 1854 κοιμῶνται

2065 620 2209 666 cant.
2237 611 2390 678 Quod
2420 615 2515 668 ubi
2564 625 2816 671 accurate
2872 619 3310 687 praestiterimus,
3364 621 3642 690 permitti-

2066 710 2155 757 tur
2204 713 2265 758 ut
2295 705 2528 760 interius
2558 706 2973 761 tabernaculum
3008 709 3402 779 ingrediamur,
3436 710 3639 766 oﬂ‘era~

2064 812 2298 864 musque
2330 797 2442 851 Deo
2465 798 2673 854 hostias
2694 798 3029 868 spirituales,
3055 801 3216 869 eique
3252 802 3460 857 bonum
3496 805 3634 859 odo-

2062 904 2179 943 rem
2206 889 2531 959 evangelicae
2558 890 3013 955 conversationis,
3044 892 3412 963 thymiamatis
3443 895 3637 959 instar,

2062 995 2467 1036 consecremus.
2510 982 2697 1051 Neque
2752 998 2887 1036 vero
2925 984 3194 1039 inutiliter
3238 988 3483 1056 praecipit
3559 997 3637 1051 ut,

2061 1071 2156 1142 qui
2174 1072 2347 1127 velint
2380 1073 2435 1126 in
2465 1072 2627 1143 313
2663 1072 2863 1127 Sancta
2893 1081 3211 1128 sanctorum
3247 1076 3483 1146 ingredi,
3518 1079 3642 1147 qui-

2061 1179 2169 1234 que
2209 1179 2361 1218 sacra
2389 1179 2617 1219 munera
2648 1172 2983 1234 procurant,
3036 1165 3351 1232 abluantur,
3398 1183 3467 1221 ne
3518 1182 3637 1221 mo-

2063 1254 2293 1309 riantur.
2320 1254 2696 1310 Periculosum
2721 1260 2806 1310 est
2835 1255 3006 1319 enim,
3031 1263 3086 1310 et
3112 1254 3256 1309 haud
3281 1255 3637 1325 impunitum,

2062 1346 2130 1400 ad
2157 1347 2332 1400 Deum
2362 1361 2471 1400 non
2504 1355 2763 1417 purgatos
2799 1345 3083 1400 accedere.
3131 1346 3318 1416 Itaque
3366 1346 3529 1401 nobis
3552 1347 3639 1401 vir

2063 1438 2156 1492 ille
2191 1438 2411 1507 sapiens
2436 1437 2638 1492 Paulus
2684 1435 2906 1491 mandat
2940 1446 3020 1501 ut,
3077 1437 3124 1493 si
3183 1438 3428 1510 mystica
3473 1438 3641 1493 bene-

2062 1527 2321 1583 dictionis
2342 1528 2640 1599 participes
2668 1543 2791 1584 esse
2816 1528 3070 1593 velimus,
3114 1544 3217 1583 nos
3255 1529 3404 1599 ipsos
3430 1529 3638 1600 probe-

2063 1637 2205 1685 mus,
2251 1627 2414 1690 atque
2451 1620 2528 1674 ita
2580 1619 2817 1689 denique
2870 1620 3195 1675 accedamus
3232 1638 3245 1673 :
3283 1635 3404 1676 esse
3452 1628 3638 1676 autem

2062 1712 2204 1766 hanc
2243 1712 2300 1765 in
2320 1710 2591 1781 ejusmodi
2622 1711 2790 1765 rebus
2825 1710 3236 1781 negligentiam,
3264 1725 3381 1764 rem
3405 1711 3637 1780 periculi

2062 1796 2278 1865 plenam
2310 1798 2505 1865 aperit,
2545 1796 2735 1851 dicens
2768 1815 2783 1849 :
2817 1797 2981 1852 «Ideo
3027 1797 3187 1851 multi
3239 1796 3445 1870 inﬁrmi
3494 1798 3639 1854 inter

385 1851 687 1951 ἱκανοίῖ-Εὶ
739 1856 849 1951 γάρ
884 1861 1110 1927 ἑαυτοὺς
1148 1867 1455 1939 ὲκρίνομεν,
1492 1872 1590 1924 οὐκ
1637 1872 1702 1927 ἂν
1748 1851 1958 1946 έκρινό-

2062 1901 2181 1951 vos,
2205 1885 2598 1951 etimbecilles,
2622 1897 2679 1942 et
2705 1887 2986 1942 dormiunt
3024 1889 3182 1943 multi
3211 1907 3225 1942 :
3258 1889 3307 1944 si
3348 1890 3497 1944 enim
3536 1906 3639 1945 nos

384 1941 542 2012 μεθα.
584 1945 907 2019 Κρινόμενοι
940 1951 996 2003 δὲ
1029 1953 1134 2008 ὑπὸ
1167 1957 1405 2028 Κυρίου,
1444 1941 1834 2034 παιδευόμεθα,
1876 1966 1966 2023 ἵνα

385 2033 460 2107 μὴ
489 2036 587 2090 σὺν
614 2038 693 2108 τῷ
724 2040 913 2114 κόσμῳ
954 2048 1393 2121 κατακριθῶμεν.
1445 2071 1465 2104 ι

452 2212 664 2268 ΠΑΛΛ.
705 2217 946 2291 Ἀραρεν
973 2216 1066 2276 οῦν
1088 2221 1168 2277 ὅτι
1197 2226 1295 2296 τὴν
1317 2227 1403 2282 διὰ
1432 2228 1524 2281 τοῦ
1568 2230 1725 2299 ἁγίου
1766 2233 1961 2304 βαπτί-

385 2322 587 2376 σματος
609 2313 636 2364 ὀ
663 2310 806 2377 ἱερὸς
836 2314 967 2383 ἡμῖν
1005 2315 1203 2388 λουτὴρ
1228 2323 1681 2390 προκατεδείκνυε
1707 2326 1884 2397 χάριν.

457 2400 618 2456 ΚΥΡ.
645 2398 774 2457 Ὧδε
806 2403 917 2475 ἔχει
939 2423 953 2438 ·
986 2408 1060 2478 μὴ
1089 2408 1198 2479 γὰρ
1233 2411 1513 2485 ὲνδοιάσῃς
1544 2414 1700 2480 ὅλως.
1734 2419 1843 2472 Καὶ
1869 2415 1968 2476 τόν

384 2509 447 2559 γε
467 2493 564 2562 τῆς
585 2495 772 2549 τούτου
795 2501 1137 2570 κατασκευῆς
1167 2500 1539 2576 περιαθρήσας
1559 2509 1777 2579 τρόπον,
1802 2529 1962 2567 κατα-

385 2585 636 2654 τεθηπὼς
662 2590 744 2653 ἂν,
770 2586 945 2661 οἴμαι,
975 2595 1070 2647 καὶ
1098 2593 1177 2648 ἔτι
1208 2597 1469 2666 μειζόνως
1502 2598 1619 2671 ἔσῃ.
1640 2601 1960 2674 Γέγραπται

388 2676 498 2748 γὰρ
534 2678 629 2732 ὡδὶ
675 2683 800 2753 περὶ
848 2682 942 2737 τοῦ
982 2685 1281 2759 Βεσελεὴλ,
1328 2690 1421 2744 τοῦ
1460 2692 1530 2745 τὰ
1567 2694 1626 2746 ἐν
1662 2697 1727 2767 τῇ
1786 2701 1957 2772 σκηνῇ

388 2774 922 2860 τετεχνουργηκότος
959 2794 979 2827 ι
1022 2772 1188 2842 Οὗτος
1217 2781 1440 2853 ἐποίησε
1478 2785 1567 2838 τὸν
1603 2785 1840 2860 λουτῆρα
1866 2790 1959 2845 τὸν

384 2858 646 2929 χαλκοῦν,
680 2865 773 2918 καὶ
807 2868 906 2936 τὴν
936 2867 1092 2938 βάσιν
1126 2872 1290 2925 αὑτοῦ
1323 2874 1530 2947 χαλκῆν
1550 2917 1564 2942 ,
1605 2880 1669 2934 ὲκ
1697 2858 1806 2937 των
1829 2901 1961 2938 κατ·

383 2951 598 3024 όπτρων
635 2956 746 3009 τῶν
783 2962 1196 3029 νηστευσασῶν,
1238 2966 1295 3017 αἳ
1324 2967 1652 3039 ὲνήστευσαν
1683 2975 1833 3047 παρὰ
1859 2976 1960 3041 τὰς

385 3045 555 3117 θύρας
579 3046 682 3118 τῆς
704 3054 908 3123 σκηνῆς
936 3054 1028 3106 τοῦ
1056 3058 1373 3128 μαρτυρίου,
1406 3063 1463 3115 ὲν
1547 3065 1732 3136 ἡμέρᾳ
1759 3045 1958 3138 ἔπηξεν

381 3138 573 3205 αὐτήν.
614 3140 725 3193 Καὶ
762 3142 985 3215 ἐποίησε
1023 3148 1112 3200 τὸν
1150 3149 1409 3220 λουτῆρα,
1446 3154 1531 3208 ἵνα
1565 3157 1861 3215 νίπτωνται
1899 3160 1960 3225 ἐξ

382 3230 546 3284 αὐτοῦ
579 3232 786 3302 Μωσῆς
830 3251 888 3287 τε
935 3236 1025 3289 καὶ
1073 3239 1280 3310 Ἀαρὼν
1308 3244 1401 3296 καὶ
1439 3244 1489 3296 οἱ
1522 3248 1628 3300 υἱοὶ
1661 3249 1824 3302 αὐτοῦ
1857 3250 1958 3314 τὰς

380 3324 567 3393 χεῖρας
609 3325 791 3378 αὐτῶν
820 3327 910 3380 καὶ
931 3331 1055 3394 τοὺς
1080 3331 1264 3396 πόδας,
1288 3336 1761 3408 εἰσπορευομένων
1781 3342 1958 3397 αὐτῶν

380 3415 461 3476 εἰς
488 3414 583 3486 τὴν
610 3418 815 3487 σκηνὴν
841 3421 934 3473 τοῦ
970 3425 1289 3496 μαρτυρίου,
1318 3428 1369 3481 οἶ
1395 3430 1522 3482 ὅταν
1547 3434 1960 3503 προσπορεύων·

381 3523 472 3559 ται
505 3507 585 3570 είς
625 3509 686 3561 τὸ
726 3510 1140 3585 θυσιαστήριον⁹
1172 3517 1509 3591 λειτουργεῖν
1535 3565 1548 3588 ,
1584 3524 1861 3579 ὲνίπτοντο
1900 3526 1959 3592 ἐξ

381 3597 567 3663 αὐτοῦ,
602 3600 852 3670 καθάπερ
886 3606 1175 3672 συνέταξεν
1203 3610 1230 3661 ὁ
1261 3609 1463 3681 Κύριος
1486 3613 1564 3683 τῷ
1589 3616 1780 3688 Μωσῇ.
1827 3636 1846 3669 ι

451 3689 658 3745 ΠΑΛΛ.
689 3694 796 3747 Καὶ
822 3694 876 3747 τί
905 3695 1011 3749 τῶν
1037 3699 1357 3770 κατόπτρων
1386 3701 1448 3755 τὸ
1471 3705 1664 3776 χρῆμα
1686 3723 1700 3772 ;
1727 3706 1872 3771 τίνες
1900 3707 1958 3762 δὲ

381 3779 490 3850 ἄρα
520 3783 613 3835 καὶ
640 3785 696 3838 αἱ
718 3787 1081 3855 νηστεύσασαι
1102 3805 1116 3853 ;

451 3873 614 3926 ΚΥΡ.
660 3876 837 3929 Πολλὰ
861 3877 969 3930 τῶν
1001 3881 1383 3952 γεγενημένων
1408 3885 1549 3955 σαφῆ
1583 3886 1680 3955 μὲν
1719 3886 1819 3941 οὐκ
1845 3887 1958 3960 ἔχει

384 3963 532 4031 παρὰ
559 3966 625 4034 τῇ
672 3965 788 4035 θείᾳ
820 3968 1009 4039 Γραφῇ
1046 3969 1142 4041 τὴν
1183 3972 1482 4053 ἀφήγησιν.
1524 3975 1855 4046 Σημαίνεται
1884 3979 1943 4032 δέ

381 4070 502 4116 πως
534 4053 598 4107 ἐκ
634 4058 994 4129 παραδρομῆς
1015 4101 1030 4123 ,
1057 4062 1309 4136 καθάπερ
1335 4065 1523 4135 ἀμέλει
1547 4068 1641 4120 καὶ
1668 4068 1784 4121 τόδε
1809 4069 1868 4123 τὸ
1900 4072 1957 4123 ὲν

381 4146 559 4217 χερσί.
611 4148 721 4201 Ποῦ
759 4150 899 4220 γὰρ,
941 4152 972 4223 ἥ
1012 4154 1157 4218 τίνες
1207 4157 1599 4228 νενηστεύκασι
1649 4162 1747 4232 τῆς
1784 4162 1957 4229 ἁγίας

382 4239 761 4311 ὲγηγερμένης
786 4245 1008 4312 σκηνῆς,
1040 4247 1100 4298 οὐ
1123 4246 1415 4319 λελάληκεν
1443 4252 1470 4304 ὁ
1494 4253 1718 4323 Μωσῆς.
1751 4254 1871 4307 Ὅτι
1901 4254 1957 4307 δὲ

382 4331 605 4400 γέγονεν
625 4372 639 4396 ,
683 4334 781 4385 οὐκ
811 4333 1078 4389 ἐνδοιάσαι
1118 4355 1201 4400 τις
1230 4337 1295 4391 ἄν
1315 4354 1328 4368 ·
1358 4342 1571 4409 εἴρηται
1605 4342 1733 4409 γὰρ,
1768 4345 1815 4395 εί
1863 4344 1957 4396 καὶ

386 4422 462 4494 μὴ
487 4425 693 4493 σαφῶς.
730 4424 886 4478 Ἀλλὰ
908 4427 1056 4480 τουτὶ
1078 4428 1141 4498 δὴ
1166 4429 1439 4499 μεθέντες,
1467 4432 1745 4487 ἐπ’ὲκεῖνο
1767 4435 1954 4504 ἴωμεν,

385 4518 434 4570 ει
464 4516 629 4572 δοκεῖ.

452 4606 660 4659 ΠΑΛΛ.
694 4607 767 4661 Τὸ
798 4611 945 4662 ποῖον
965 4628 978 4675 ;

450 4698 615 4750 ΚΥΡ.
658 4699 737 4751 Τὰ
777 4702 1168 4770 νενηστευκότα
1224 4702 1417 4771 γύναια
1445 4704 1584 4768 τίνος
1620 4705 1683 4759 ἂν
1727 4701 1835 4759 εἷεν
1875 4709 1955 4771 είς

385 4788 552 4843 τύπον
573 4808 587 4856 ;
610 4790 660 4843 τί
682 4792 736 4845 δὲ
763 4793 822 4844 τὸ
850 4796 913 4846 ἐκ
934 4796 1042 4847 τῶν
1069 4796 1389 4868 κατόπτρων
1412 4797 1502 4851 τὸν
1522 4798 1759 4871 λουτῆρα
1788 4801 1955 4856 πλάτ-

383 4883 567 4936 τεσθαι
597 4884 687 4937 τὸν
716 4884 946 4955 χαλκοῦν
968 4903 981 4950 ;

454 4962 660 5029 ΠΑΛΛ.
698 4978 806 5030 Καὶ
839 4977 963 5048 μὴν,
1000 4979 1089 5032 σὺν
1127 4979 1226 5051 ἤδη
1273 4997 1389 5043 πως
1430 4982 1522 5035 καὶ
1558 4980 1715 5034 τοῦτο
1756 4985 1949 5036 εἰπεῖν.

454 5069 614 5122 ΚΥΡ.
658 5069 855 5122 ’Ἄκουε
901 5070 996 5139 δὴ·
1034 5072 1472 5143 Λελατρεύκασιν
1510 5073 1751 5135 εἰδώλοις
1798 5076 1846 5127 οἱ
1897 5073 1956 5139 ἐξ

398 5162 410 5179 ,
452 5144 481 5167 ‘
580 5162 593 5175 ι
687 5161 696 5179 ι
777 5163 789 5180 ο
847 5162 855 5175 ι
955 5164 976 5177 σο
1253 5166 1263 5179 ν
1851 5167 1863 5182 ρ

418 5161 629 5232 Ισραὴλ,
648 5178 746 5230 την
770 5179 872 5214 υπο
894 5179 1004 5223 τοις
1032 5165 1345 5229 Αἰγυπτίοις
1368 5164 1692 5228 ἁνατλάντες
1713 5166 1953 5238 θητειαν,

388 5250 477 5301 καὶ
504 5253 612 5312 τοῖς
640 5251 862 5303 ἐκείνων
893 5250 1224 5315 διαϐιοῦντες
1253 5254 1460 5324 νόμοις,
1499 5258 1742 5325 μακροὺς
1774 5257 1953 5309 διατε-

383 5342 633 5395 τελέκασι
668 5343 910 5413 χρόνους.
954 5343 1113 5406 ’Ἐθος
1145 5345 1322 5397 τοίνυν
1364 5348 1674 5414 Αἰγυπτίων
1717 5349 1952 5417 μάλιστα

384 5433 647 5500 γυναιξὶν,
669 5436 946 5504 εἰσφοιτᾷν
971 5435 1150 5504 ἱεροῖς,
1184 5435 1298 5504 λινῇ
1325 5437 1421 5505 μὲν
1444 5437 1629 5507 ἐσθῆτι
1656 5439 1950 5492 κατεσταλ-

386 5524 606 5592 μὲναις,
653 5526 940 5594 κατόπτρῳ
983 5525 1038 5575 δὲ
1083 5526 1180 5594 τὴν
1217 5527 1543 5596 ἀριστερὰν,
1581 5533 1672 5583 καὶ
1721 5533 1951 5602 σείστρῳ

380 5613 480 5681 τὴν
548 5614 726 5677 δεξιὰν
796 5614 1131 5685 ἱεροπρεπῶς
1198 5619 1697 5686 κατεστεμμέναις,
1761 5622 1813 5671 αἳ
1872 5622 1951 5672 ὅτι

468 5791 513 5822 ⁷⁸³
563 5792 579 5846 Ι
613 5790 736 5845 Cor.
779 5808 849 5854 .\I,
884 5792 1065 5845 Sil—32.
1145 5796 1185 5819 “
1229 5796 1300 5847 ll"
1330 5798 1395 5848 vi.
1424 5813 1636 5859 num,
1667 5798 1696 5849 3
1723 5814 1876 5865 srqq.

2058 1978 2458 2049 iudicaremus,
2491 1994 2599 2034 non
2636 1981 2827 2050 utique
2873 1981 3287 2052 judicaremur:
3334 1981 3465 2037 dum
3486 1981 3636 2053 judi-

1970 2110 1977 2151 ι
2062 2084 2254 2126 camur
2286 2078 2470 2126 autem
2520 2086 2551 2125 a
2580 2071 2833 2136 Domino,
2870 2071 3225 2144 corripimur,
3259 2079 3321 2127 ut
3365 2088 3476 2128 non
3509 2088 3635 2129 cum

2063 2161 2169 2217 hoc
2217 2162 2424 2217 mundo
2461 2162 2789 2218 damnemur
2817 2165 2885 2217 ⁷⁸.
2906 2184 2924 2215 ι

2134 2252 2579 2309 I'ALL.Certum
2625 2260 2710 2309 est
2754 2254 2921 2325 igitur
2964 2271 3178 2311 sacrum
3231 2256 3368 2311 illud
3416 2255 3636 2311 labrum

2063 2345 2237 2399 sancti
2263 2345 2604 2415 baptismatis
2625 2348 2853 2417 gratiam
2886 2347 3280 2419 praeﬁgurasse.

2132 2435 2290 2491 CYR.
2324 2436 2414 2491 Sic
2445 2452 2504 2492 se
2542 2437 2725 2503 habet,
2769 2454 2947 2508 neque
2978 2454 3205 2509 prorsus
3245 2438 3633 2510 ambigendum

2060 2532 2242 2596 putes.
2273 2525 2361 2589 At,
2387 2526 2431 2580 si
2466 2527 2585 2596 ejus
2610 2537 2874 2596 praeterea
2903 2526 3107 2596 opiﬁcii
3139 2528 3410 2582 rationem
3446 2525 3633 2581 consi-

2061 2616 2240 2682 deres,
2269 2616 2439 2671 multo
2472 2616 2638 2671 etiam
2668 2618 2858 2687 magis,
2878 2617 2986 2672 nisi
3016 2618 3197 2682 fallor,
3250 2616 3621 2671 admirabere.

2062 2705 2152 2761 Sic
2185 2707 2333 2760 enim
2362 2707 2628 2776 scriptum
2667 2714 2752 2761 est
2778 2707 2846 2761 de
2877 2707 3141 2773 Beseleel,
3171 2708 3266 2778 qui
3291 2705 3632 2763 tabernaculi

2061 2812 2227 2869 opera
2248 2795 2549 2851 fabricatus
2571 2806 2690 2852 est:
2725 2816 2742 2848 ι
2766 2796 2867 2851 Hic
2892 2797 3023 2853 fecit
3056 2797 3273 2853 labrum
3321 2812 3556 2863 aaneum,
3578 2805 3635 2853 et

2061 2886 2236 2941 basim
2262 2888 2382 2958 ejus
2424 2903 2633 2943 aeneam
2675 2904 2705 2943 e
2737 2889 2976 2959 speculis
3013 2890 3381 2962 jejunantium
3433 2890 3634 2945 mulie-

2064 2993 2208 3043 rum,
2240 2994 2362 3048 quaa
2403 2979 2726 3050 jejunabant
2763 2997 2932 3051 prope
2986 2982 3127 3036 ostia
3160 2982 3501 3037 tabernaculi
3550 2989 3638 3036 tc—

2061 3071 2326 3135 stimonii,
2372 3071 2428 3125 in
2459 3071 2548 3125 die
2578 3087 2685 3140 qua
2711 3070 2828 3124 ﬁxit
2863 3072 3025 3137 illud;
3065 3081 3121 3126 et
3153 3072 3284 3126 fecit
3311 3073 3548 3137 labrum,
3572 3081 3634 3126 ut

2061 3161 2348 3216 abluerent
2374 3176 2439 3216 ex
2464 3177 2530 3216 eo
2556 3162 2786 3233 Moyses,
2809 3170 2864 3216 et
2884 3162 3083 3227 Aaron,
3124 3171 3180 3217 et
3206 3161 3302 3219 ﬁlii
3335 3164 3483 3234 ejus,
3518 3179 3633 3217 ma-

2060 3267 2165 3307 nus
2205 3267 2330 3306 suas
2363 3258 2418 3307 et
2450 3253 2643 3322 pedes,
2692 3268 2817 3306 cum
2844 3252 3266 3324 ingrederentur
3289 3253 3345 3307 in
3377 3252 3630 3307 taberna-

2061 3345 2245 3400 culum
2275 3344 2574 3400 testimonii
2604 3352 2735 3412 ;aut
2761 3360 2885 3400 cum
2933 3352 3226 3416 pergerent
3248 3344 3317 3411 ad
3348 3344 3539 3409 altare,
3570 3352 3632 3398 ut

2061 3438 2441 3493 ministrarent
2473 3438 2606 3502 Deo,
2658 3438 3024 3494 abluebantur
3049 3453 3117 3491 ex
3155 3437 3292 3508 ipso,
3324 3443 3385 3490 ut
3424 3436 3631 3493 consti-

2062 3518 2167 3587 tuit
2193 3531 2458 3586 Dominus
2489 3530 2656 3602 Moysi
2691 3531 2767 3590 3°.
2793 3550 2810 3581 ι

2132 3709 2330 3763 PALL.
2358 3709 2499 3776 Quid
2534 3715 2719 3764 autem
2767 3710 3005 3779 speculis
3048 3726 3186 3779 opus
3240 3711 3394 3764 erat?
3443 3724 3634 3778 quaeve

2058 3801 2223 3856 etiam
2247 3802 2352 3856 illa:
2373 3818 2494 3872 quae
2531 3802 2935 3872 jejunaverant,
2989 3800 3181 3856 fuere?
3514 3788 3525 3797 ’

2129 3892 2287 3947 CYR.
2314 3892 2498 3947 Multae
2528 3908 2615 3947 res
2634 3901 2799 3963 gestae
2836 3891 2985 3947 haud
3008 3900 3197 3962 aperte
3236 3892 3293 3946 in
3342 3891 3633 3962 Scriptura

2059 3999 2213 4038 sacra
2237 3984 2601 4053 explicantur,
2647 3983 2741 4038 sed
2790 3983 2970 4038 obiter
3003 3990 3181 4037 tamen
3214 3982 3626 4054 signiﬁcantur:

2057 4071 2217 4149 quale
2246 4071 2348 4124 hoc
2370 4078 2453 4125 est
2502 4071 2648 4141 quod
2678 4070 2733 4124 in
2755 4071 3010 4126 manibus
3033 4072 3316 4126 habemus.
3340 4073 3475 4127 Nam
3513 4071 3627 4135 ubi,

2059 4163 2222 4235 quive
2277 4163 2686 4235 j’ejunaverint,
2735 4163 2865 4217 dum
2899 4172 3146 4217 sanctum
3215 4164 3669 4218 tabernaculum’

2059 4254 2388 4324 erigeretur,
2432 4254 2485 4307 id
2521 4254 2732 4325 Moyses
2769 4270 2877 4307 non
2923 4253 3207 4322 exposuit;
3239 4253 3332 4307 sed
3383 4253 3519 4322 quin
3547 4253 3627 4307 fa-

2060 4358 2207 4398 ctum
2235 4346 2324 4408 sit,
2363 4344 2570 4398 nemini
2609 4345 2863 4398 dubitare
2890 4344 3054 4398 licet:
3101 4345 3203 4397 etsi
3247 4345 3394 4397 enim
3433 4360 3626 4414 parum

2061 4436 2365 4504 perspicue,
2395 4435 2601 4489 dictum
2633 4434 3078 4499 csttamen.Sed,
3113 4434 3215 4489 hoc
3235 4436 3625 4507 praetermisso,

1991 4545 2032 4597 ι)
2063 4528 2128 4579 ad
2165 4526 2296 4579 illud
2324 4542 2636 4597 pergamus.

2130 4618 2325 4671 PALL.
2350 4617 2634 4683 Quodnam
2669 4617 2836 4670 illud?

2130 4709 2285 4762 (JYR.
2314 4710 2541 4778 Nempe,
2573 4711 2730 4779 cujus
2770 4710 2848 4763 rei
2905 4709 3075 4779 ﬁgura
3127 4707 3329 4763 fuerint
3373 4709 3628 4763 mulieres

2057 4817 2178 4869 qua:
2197 4802 2616 4870 jejunaverunt;
2650 4803 2807 4870 cujus
2837 4801 3025 4863 etiam,
3051 4801 3197 4871 quod
3229 4817 3257 4856 e
3284 4801 3519 4871 speculis
3548 4801 3627 4854 la-

2060 4893 2219 4946 brum
2245 4909 2456 4947 :eneum
2482 4894 2685 4950 factum
2710 4903 2812 4949 est.

2131 4984 2505 5055 PALL.Atthi
2544 4987 2620 5039 tui
2646 4986 2890 5041 muneris
2918 4996 3000 5040 est
3051 4987 3102 5040 id
3137 4987 3301 5040 etiam
3330 4986 3621 5054 cxplicarr.

2132 5073 2288 5127 CYR.
2342 5074 2540 5144 Accipe
2584 5076 2768 5144 igitur.
2822 5068 3006 5130 Genus
3062 5075 3451 5135 lsraclitarnm,
3502 5090 3623 5126 cum

2062 5165 2291 5219 serviret
2315 5164 2598 5236 Egyptiis,
2636 5182 2698 5220 ac
2737 5167 2831 5220 diu
2864 5167 2919 5219 in
2949 5166 3165 5219 illorum
3205 5164 3415 5232 legibus
3459 5163 3623 5216 vitam

2062 5257 2394 5322 traduceret,
2430 5258 2572 5311 idola
2598 5258 2767 5312 coluit
2791 5277 2803 5309 :
2835 5256 2997 5327 314,
3025 5271 3142 5309 mos
3169 5255 3332 5324 igitur
3355 5263 3471 5307 erat
3495 5271 3627 5321 prm-

2061 5352 2218 5417 cipue
2270 5350 2411 5419 apud
2441 5350 2701 5403 mulieres
2731 5347 3130 5418 Egyptiorum,
3156 5346 3300 5400 linea
3326 5353 3476 5398 veste
3540 5344 3622 5397 in-

2059 5440 2238 5501 dutas,
2287 5442 2435 5494 adire
2488 5440 2720 5507 templa,
2766 5438 3047 5506 speculum
3106 5437 3347 5501 sinistra,
3400 5436 3621 5495 sistrum

2061 5533 2250 5586 dextra
2304 5548 2457 5584 sacro
2492 5529 2677 5581 habiln
2709 5536 3001 5599 gestantes,
3045 5543 3279 5599 eumque
3330 5526 3617 5585 honorem,

2063 5625 2190 5687 imo,
2223 5632 2280 5675 ut
2307 5623 2486 5674 veritis
2512 5638 2569 5673 ac
2601 5622 2794 5672 melius
2837 5620 3032 5687 (licam,
3095 5618 3478 5675 contumeliam
3526 5616 3625 5667 illic
