4142 6296
560 312 618 365 δι
896 294 905 303 ’
1525 314 1581 369 s.
1623 314 1895 369 CYltlLLl
1937 313 2113 368 ALEX

2217 314 2403 368 DRINI
2442 313 2759 371 ARCHIEP.
3070 344 3073 345 ν
3675 319 3788 377 ϐδὲ
3850 360 3851 369 η

524 426 766 494 quidem,
792 441 914 496 quae
939 426 1083 481 inter
1111 433 1337 480 caeteras
1380 425 1613 479 maxime
1656 424 2011 488 excellerent,
2040 431 2096 477 et

2212 424 2436 493 adlecta
2465 425 2574 480 τῶν
2612 425 2787 479 ἄλλων
2818 424 3189 496 ὲξειλεγμέναι
3233 427 3326 480 καὶ⁸
3372 425 3749 498 ἱερομύστιδες
3769 464 3789 491 ,

525 519 696 574 sacris
738 527 923 573 essent
974 517 1234 583 initiatae,
1288 517 1378 572 vix
1438 516 1783 596 obtinebant.
1841 516 2098 571 Mulieres

2212 516 2296 587 τῆς
2326 520 2580 588 τοιαύτης
2615 517 2769 588 μόλις
2796 515 3047 587 ἠξιοῦντο
3072 518 3264 588 τιμῆς,
3294 516 3507 589 ὕϐρεως
3535 520 3632 589 μὲν
3661 518 3787 575 οὖν*

527 611 693 681 igitur
710 625 779 665 ex
801 625 1000 681 genere
1028 609 1194 665 Israel
1223 610 1487 679 reliquias
1518 609 1667 664 illius
1692 610 1875 664 cultus
1933 623 2098 678 quem

527 700 831 772 inAEgypto
852 708 1227 765 servaverant,
1266 701 1474 756 cum.in
1507 715 1605 754 sua
1648 699 1973 769 supellectili
2016 714 2102 753 re-

529 790 819 859 perissent,
874 789 994 846 haec
1042 789 1180 862 ipsa,
1230 789 1477 860 inquam,
1541 787 1764 857 specula
1804 786 2101 841 oblationis

526 898 688 938 causa
735 882 1075 948 detulerunt,
1119 896 1295 951 eaque
1345 879 1413 935 ad
1464 879 1606 935 labri
1654 894 1817 934 usum
1841 878 2102 933 translata

527 983 689 1029 sunt:
727 989 961 1044 cumque
999 983 1248 1028 sanctum
1301 973 1720 1028 tabernaculum
1772 971 2099 1042 erigeretur,

531 1065 637 1120 illa:
676 1066 1085 1137 jejunaverunt,
1148 1065 1214 1120 ad
1267 1056 1477 1120 ostium
1527 1064 1870 1127 assidentes,
1917 1070 1973 1118 et
2004 1078 2102 1133 per

530 1157 711 1211 omnia
741 1167 891 1215 caste
916 1156 1210 1228 degentes:
1234 1172 1344 1227 quo
1377 1157 1522 1212 facto
1550 1154 1985 1226 signiﬁcabatur,
2010 1168 2103 1208 ve-

533 1250 677 1304 riore
706 1249 820 1320 jam
844 1248 900 1303 in
931 1248 1286 1304 tabernaculo
1314 1248 1628 1313 manifesto,
1685 1246 1742 1301 id
1770 1254 1876 1311 est,
1909 1245 2100 1301 Eccle-

531 1340 632 1404 sia,
657 1338 804 1408 quod
838 1337 1255 1394 tabernaculum
1310 1337 1428 1392 ﬁxit
1453 1339 1619 1401 Deus,
1653 1345 1711 1393 et
1750 1353 1863 1392 non
1911 1337 2099 1402 homo,

533 1437 589 1484 ut
621 1429 819 1485 beatus
839 1428 1044 1486 Paulus
1081 1430 1275 1487 scribit
1297 1430 1368 1495 ⁸¹,
1401 1437 1621 1499 tempus
1638 1430 1748 1500 jam
1769 1443 1890 1483 esse
1911 1426 2098 1499 profe—

531 1528 639 1585 ιιιο,
664 1527 744 1585 ιιι,
788 1520 883 1590 qui
915 1519 983 1575 ad
1008 1519 1418 1574 venerationem
1477 1517 1874 1573 daemoniorum
1921 1516 2104 1588 gregis

531 1609 698 1666 dicati
745 1617 922 1675 erant,
975 1611 1033 1663 in
1091 1625 1247 1664 sacra
1292 1624 1422 1663 vasa
1455 1614 1762 1672 mutentur,
1833 1622 1956 1677 quae
1989 1606 2104 1661 sint

532 1703 600 1756 ad
626 1702 801 1757 sancti
825 1701 1173 1771 baptismatis
1231 1700 1609 1771 receptionem
1656 1707 1816 1769 apta;
1861 1698 1999 1753 adeo
2045 1705 2105 1752 ut

534 1790 891 1854 ornamentis,
925 1806 1047 1859 quae
1074 1806 1240 1860 supra
1272 1791 1449 1860 legem
1483 1795 1635 1854 sunt,
1666 1788 1937 1842 excellere
1971 1803 2105 1857 pos-
2137 1765 2184 1825 Β

536 1882 679 1935 sint:
711 1881 819 1937 hoc
849 1881 998 1935 enim
1021 1888 1126 1946 est,
1169 1890 1231 1935 ut
1259 1882 1478 1952 opinor,
1511 1895 1541 1935 e
1568 1879 1858 1950 gentilium
1913 1893 2108 1950 specu-

538 1975 625 2038 lis,
681 1988 779 2029 seu
817 1972 1106 2029 diabolicis
1140 1973 1421 2029 thesauris
1462 1972 1676 2028 labrum
1738 1986 1953 2026 aeneum
2000 1969 2109 2024 for-

539 2066 698 2133 mari,
725 2067 782 2122 in
808 2081 920 2137 quo
939 2067 1052 2138 jam
1084 2081 1225 2136 aqua
1249 2067 1342 2131 sit,
1374 2081 1481 2135 qua
1516 2065 1632 2134 ipse
1655 2079 1873 2133 quoque
1902 2063 2111 2133 Moyses

538 2168 818 2231 purgetur,
844 2175 1074 2229 quaeque
1099 2158 1168 2213 ad
1194 2157 1533 2213 ablutionem
1557 2156 1817 2209 nimirum
1850 2155 2109 2225 Spiritua-

534 2259 643 2313 lem
672 2252 832 2323 legali
853 2251 1160 2307 sacerdotio
1188 2250 1260 2305 sit
1303 2249 1451 2304 usui.
1487 2248 1573 2302 An
1606 2256 1663 2302 tu
1706 2249 1846 2318 ipse,
1876 2247 2106 2311 Palladi,

536 2344 633 2415 qui
660 2344 717 2401 in
739 2358 929 2401 errore
951 2341 1163 2400 seducti
1189 2345 1372 2405 crant,
1403 2345 1460 2390 et
1491 2337 1768 2392 daemonia
1798 2337 2104 2402 coluerant,

537 2454 634 2494 eos
664 2452 777 2494 non
805 2452 933 2495 vasa
956 2437 1124 2493 fuisse
1154 2433 1426 2491 diabolica
1460 2432 1690 2489 censes?

609 2709 808 2765 PALL.
839 2707 953 2779 Ego
976 2723 1108 2763 vero
1142 2706 1333 2778 quidni
1358 2706 1564 2761 fatear?

606 2800 766 2856 CYR.
812 2799 1210 2870 Jejunaverunt
1238 2813 1408 2869 porro
1440 2814 1519 2853 ere
1571 2797 1834 2852 mulieres
1872 2797 1940 2853 ad
1971 2796 2113 2852 ostia

539 2894 713 2949 sancti
743 2892 1104 2962 tabernaculi,
1139 2892 1303 2963 idque
1326 2890 1649 2971 praeclarum
1677 2896 1780 2955 est,
1821 2905 1885 2945 ac
1916 2890 2112 2945 scitum

538 2984 790 3055 mnigma,
819 2983 914 3053 qui
945 2986 1003 3039 in
1033 2982 1253 3040 Christo
1283 2982 1570 3054 justiﬁcati
1594 2989 1743 3048 sunt,
1769 2996 1867 3036 eos
1887 2997 1997 3037 non
2016 2998 2115 3053 per

2198 600 2301 665 ὧδε
2332 609 2441 681 γὰρ
2466 610 2690 680 ἄμεινόν
2715 627 2774 663 τε
2803 611 2896 663 καὶ
2926 609 3124 681 ἀληθὲς
3147 611 3344 665 εἰπεῖν.
3368 609 3572 665 Γύναια
3599 612 3663 683 δὴ
3692 609 3788 671 οὖν

2199 701 2307 754 τῶν
2340 701 2399 768 ἐξ
2445 701 2677 773 αἵματος
2722 701 2958 774 Ἰσραὴλ,
2992 702 3221 772 λείψανα
3266 701 3390 773 τῆς,
3420 704 3480 756 ὲν
3525 703 3789 777 Αἰγύπτῳ

2201 792 2458 865 λατρείας
2503 795 2560 847 ἐν
2602 792 2752 857 ίδίοις
2793 792 3043 847 σκεύεσιν
3074 793 3381 865 εὑρηκότα,
3414 794 3571 847 ταυτὶ
3608 793 3673 865 δὴ
3719 795 3790 848 τὰ

2202 887 2486 956 κάτοπτρα
2514 884 2925 957 προσεκόμισαν
2957 886 3038 948 εἰς
3066 885 3476 957 καρποφορίαν,
3513 885 3550 940 ἃ
3582 888 3678 940 καὶ
3708 889 3790 953 εἰς

2199 976 2261 1030 τὸ
2282 975 2376 1030 τοῦ
2405 976 2664 1048 λουτῆρος
2690 975 3099 1048 μετεσκευάσοη
3133 977 3345 1048 χρῆμα.
3370 977 3584 1048 Σκηνῆς
3608 977 3666 1031 δὲ
3692 978 3788 1049 τῆς

2203 1068 2366 1135 ἁγίας
2394 1068 2773 1138 ἐγηγερμένης
2810 1064 3204 1137 νενηστεύκασι
3236 1064 3649 1137 προσιζήσαντά
3685 1082 3789 1121 που

2200 1162 2322 1222 ταῖς
2359 1158 2573 1230 θύραις,
2606 1158 2698 1212 καὶ
2732 1158 2912 1213 πάντα
2948 1157 3130 1227 ἁγνῶς
3166 1157 3499 1229 διαιτώμενα
3520 1199 3535 1223 ,
3583 1158 3790 1229 ὑποδη-

2202 1248 2441 1311 λοῦντα,
2467 1244 2644 1319 οἶμαι,
2675 1247 2771 1301 τοῦ
2804 1247 3155 1319 πράγματος,
3181 1248 3265 1302 ὅτι
3290 1247 3391 1318 τῆς
3416 1246 3794 1319 ἀληθεστέρας

2203 1340 2663 1411 ἀναδεδειγμένης
2697 1341 2935 1411 σκηνῆς,
2965 1339 3111 1394 τοῦτ’
3141 1339 3291 1407 ἔστι,
3316 1341 3417 1410 τῆς
3459 1338 3793 1411 Ἐκκλησίας

2203 1432 2268 1504 ἢν
2297 1430 2496 1503 ἔπηξεν
2521 1434 2550 1484 ὁ
2579 1431 2802 1504 Κύριος,
2839 1433 2935 1485 καὶ
2955 1433 3057 1485 οὐκ
3077 1431 3385 1502 ἄνθρωπος,
3411 1431 3490 1494 ὡς
3520 1431 3549 1484 ὁ
3587 1430 3791 1485 θεσπέ-

2206 1541 2320 1587 σιος
2347 1524 2549 1594 γράφει
2581 1523 2816 1589 Παῦλος,
2842 1522 3160 1596 καιρὸςῆδη
3190 1540 3306 1588 πως
3335 1522 3462 1587 τοὺς
3492 1522 3794 1594 ἀντικειμὲ⁴

2204 1634 2328 1681 νους
2362 1618 2443 1681 εἰς
2471 1608 2626 1684 δόξαν
2664 1617 2796 1670 ποτὲ
2830 1617 2929 1688 τῆς
2966 1616 3077 1669 τῶν
3118 1614 3412 1686 δαιμονίων
3441 1615 3681 1684 ἀγέλης,
3712 1617 3793 1679 εἰς

2210 1709 2331 1781 ἱερᾶ
2365 1707 2842 1778 μεταπλάττεσθαι
2888 1706 3057 1778 σκεύη
3079 1747 3093 1772 ,
3124 1708 3221 1761 καὶΙ
3246 1705 3568 1776 ἐπιτηδείως
3598 1706 3796 1777 ἔχοντα

2211 1800 2346 1871 πρὸς
2376 1799 2684 1871 παραδοχὴν
2706 1797 2800 1852 τοῦ
2832 1798 2987 1867 ἁγίου
3021 1797 3422 1869 βαπτίσματος,
3448 1797 3525 1861 ὡς
3551 1798 3651 1851 καὶ
3682 1797 3797 1851 δια·

2212 1893 2444 1963 πρέπειν
2489 1889 2751 1944 δύνασθαι
2776 1891 2891 1954 τοῖς
2917 1888 3059 1960 ὑπὲρ
3082 1890 3246 1959 νόμον
3267 1889 3599 1960 αὐχήμασιν.
3628 1888 3794 1941 Τουτὶ

2210 1983 2338 2055 γὰρ,
2368 1978 2545 2053 οἶμαι,
2599 1981 2714 2035 ἔστι
2745 1982 2806 2035 τὸ
2839 1983 2903 2035 ὲκ
2926 1980 3246 2052 κατόπτρων
3285 1979 3645 2051 Ἑλληνικῶν,
3678 1981 3796 2051 ἦτοι

2211 2074 2512 2146 κειμηλίων
2550 2073 2907 2139 διαϐολικῶν,
2935 2072 3026 2126 τὸν
3063 2071 3300 2142 λουτῆρα
3336 2071 3677 2125 πλάττεσθαι
3707 2070 3795 2125 τὸν

2212 2164 2446 2236 χαλκοῦν
2468 2204 2485 2229 ,
2512 2166 2570 2217 ὲν
2598 2156 2647 2231 ᾧ
2689 2162 2754 2233 δὴ
2787 2163 2882 2216 καὶ
2912 2162 2977 2215 τὸ
3007 2160 3152 2233 ὕδωρ
3171 2199 3186 2224 ,
3229 2160 3290 2215 τὸ
3318 2161 3415 2214 καὶ
3450 2160 3611 2214 αὑτὸν
3661 2160 3795 2213 ἀπο-

2170 2286 2181 2291 -
2212 2258 2469 2329 καθαῖρον
2488 2256 2715 2322 Μωσέα,
2740 2254 2835 2309 καὶ
2856 2256 2923 2327 τῇ
2949 2253 3092 2309 κατὰ
3116 2253 3279 2325 νόμον
3302 2252 3573 2324 ἱερωσύνῃ
3602 2253 3798 2323 χρήσι-

2215 2368 2314 2421 μον
2340 2352 2420 2413 εἰς
2448 2349 2703 2420 ἀπόνιψιν
2722 2390 2736 2412 ,
2769 2347 2926 2418 δῆλον
2967 2347 3024 2401 δὲ
3054 2347 3136 2401 ὅτι
3167 2345 3265 2416 τὴν
3296 2345 3511 2416 νοητήν.
3553 2344 3628 2397 ’Ἠ
3666 2343 3795 2415 γὰρ,

2211 2445 2332 2517 οὐχὶ
2373 2442 2541 2515 σκεύη
2586 2440 2886 2506 διαδολικὰ,
2920 2441 3047 2504 τοὺς
3080 2436 3528 2509 πεπλανημένους
3560 2436 3660 2489 καὶ
3688 2436 3797 2497 τοῖς

2212 2537 2507 2609 δαιμονίοις
2540 2534 2967 2605 λιεὶατρευκότας
2995 2532 3161 2604 φαίης
3201 2532 3268 2586 ἂν
3297 2526 3438 2587 εἶναι
3470 2530 3565 2585 καὶ
3597 2528 3798 2592 αὐτὸς,

2213 2620 2258 2681 ὦ
2290 2624 2554 2680 Παλλάδιε
2575 2640 2590 2691 ;

2283 2718 2494 2773 ΠΑΛΔ.
2533 2717 2656 2781 Πῶς
2686 2717 2795 2788 γὰρ
2823 2715 2916 2784 οὕ;

2284 2808 2449 2868 ΚΥΡ.
2479 2809 2887 2881 Νενηστεύκασι
2919 2807 2975 2861 δε
3003 2808 3072 2862 τὰ
3094 2808 3290 2877 γύναια
3321 2807 3470 2879 παρὰ
3495 2807 3596 2872 τὰς
3619 2807 3800 2880 θύρας

2214 2900 2315 2969 τῆς
2371 2898 2577 2969 σκηνῆς
2624 2898 2725 2969 τῆς
2772 2897 2951 2967 ἁγίας.
2988 2897 3087 2967 Είη
3130 2896 3175 2949 δ’
3217 2895 3284 2949 ἂν
3327 2897 3422 2949 καὶ
3465 2895 3593 2950 τάδε
3630 2895 3801 2951 καλὸν

2217 2992 2448 3060 αἴνιγμα
2473 2989 2565 3044 καὶ
2597 2987 2783 3057 σοφὸν,
2812 2987 2907 3041 τοῦ
2940 2988 3016 3059 μὴ
3041 2986 3107 3040 δι’
3134 2987 3378 3058 αἱμάτων
3409 2987 3716 3059 εἰστρέχειν
3743 2989 3800 3044 ὲν

541 3077 862 3148 sanguinem
898 3075 1109 3149 ingredi
1159 3077 1215 3131 in
1259 3075 1544 3141 ecclesias,
1586 3074 1683 3130 sed
1715 3074 1901 3145 potius
1938 3074 2104 3145 spiri-

2217 3080 2535 3153 ἐκκλησίαις
2573 3082 2700 3143 τοὺς
2722 3081 2780 3133 ὲν
2807 3078 3028 3151 Χριστῷ
3050 3079 3523 3151 δεδικαιωμένους,
3581 3079 3799 3145 θυσίαις

543 3167 784 3223 tualibus
821 3167 1016 3223 hostiis
1048 3167 1357 3239 insignitos,
1390 3174 1446 3221 et
1487 3166 1907 3236 temperantiam
1947 3173 2112 3237 atque

542 3258 939 3314 continentiam
962 3267 1019 3315 et
1053 3258 1532 3314 mortiﬁcationem
1575 3255 1869 3326 quamdam
1908 3256 2112 3323 carnis,

543 3353 698 3423 quasi
713 3351 1208 3422 donum'quoddam
1228 3349 1544 3405 oﬂ‘erentes.
1574 3366 1592 3398 ι
1614 3347 1882 3402 Exhibete
1897 3348 2066 3413 enim,
2089 3368 2108 3399 ι

557 3464 576 3492 ι
601 3443 804 3512 inquit,
820 3456 1052 3510 corpora
1072 3450 1255 3495 vestra
1271 3439 1508 3494 hostiam
1532 3440 1828 3504 viventem,
1847 3448 2112 3504 sanctam,

546 3535 659 3589 Deo
680 3533 1006 3603 placentem,
1033 3530 1355 3586 rationabile
1382 3530 1708 3601 obsequium
1732 3539 1976 3587 vestrum
2010 3532 2107 3586 θ’.»

546 3623 614 3678 Et
660 3624 895 3678 iterum:
951 3620 1306 3678 «Gloriticate
1350 3622 1520 3694 igitur
1564 3623 1738 3679 Deum
1796 3623 1854 3678 in
1884 3639 2114 3694 corpore

545 3722 729 3768 vestro
760 3712 827 3769 ³³.
851 3734 869 3766 ι
906 3713 1099 3785 Igitur,
1131 3729 1253 3784 quae
1285 3728 1412 3768 cum
1460 3714 1880 3769 tabernaculum
1932 3715 2113 3786 erige-

548 3816 700 3860 retur
717 3806 1033 3875 jejunavere
1058 3805 1336 3870 mulieres,
1361 3805 1667 3859 animarum
1692 3804 1986 3875 imaginem
2025 3820 2115 3859 re-

546 3895 752 3959 ferunt,
776 3910 899 3963 qua:
927 3910 1040 3948 non
1061 3894 1502 3950 Mosaieisadhuc
1527 3895 1798 3950 mandatis
1823 3896 2119 3963 instituun-

549 3995 660 4048 tur,
701 3983 799 4039 sed
838 3984 951 4056 jam
1006 3984 1353 4055 spiritualem
1398 3986 1603 4056 potius,
1637 3988 2117 4057 evangelicamque

546 4076 1020 4132 conversationem
1045 4076 1366 4143 ostendunt,
1399 4087 1759 4148 terrenasque
1806 4078 2119 4149 voluptates

550 4184 659 4222 non
684 4169 803 4225 sine
828 4167 1016 4225 labore
1049 4168 1283 4233 calcant,
1332 4174 1409 4232 et,
1458 4166 1590 4221 dum
1647 4167 1979 4222 exsecranda
2027 4167 2119 4222 illa

548 4261 708 4336 315
729 4270 894 4335 atque
916 4261 1125 4317 nefaria
1138 4259 1636 4317 carnalislibidlnis
1675 4259 1909 4314 crimina
1932 4259 2120 4316 subire

550 4372 659 4410 non
688 4355 983 4420 sustinent,
1012 4355 1275 4425 praeclare
1298 4352 1367 4408 ad
1399 4352 1546 4406 illam
1594 4351 1966 4420 incorruptam
1993 4352 2118 4422 pul-

2215 3175 2274 3229 δὲ
2309 3172 2512 3245 μᾶλλον
2545 3172 2943 3242 πνευματικαῖς
2976 3169 3378 3242 ἑκπρέποντας,
3418 3170 3512 3224 καὶ
3549 3169 3800 3241 δωροφο-

2219 3265 2340 3337 ρίαν
2369 3265 2557 3336 ὥσπερ
2580 3263 2702 3316 τινὰ
2728 3260 3197 3333 προσκομίζοντας
3223 3260 3303 3332 τῷ
3325 3261 3444 3332 Θεῷ
3469 3260 3568 3333 τὴν
3591 3261 3801 3332 ὲγκρὰ-

2215 3375 2386 3422 τειαν,
2422 3356 2517 3427 τὴν
2544 3355 2706 3408 οἱονεὶ
2734 3353 2998 3425 νέκρωσιν
3028 3353 3141 3424 τῆς.
3168 3354 3392 3426 σαρκός.
3435 3372 3453 3404 ι
3504 3354 3800 3424 Παραστή-

2220 3464 2346 3503 σατε
2376 3449 2504 3519 γὰρ,
2527 3467 2545 3498 ι
2583 3446 2715 3517 φησι
2733 3485 2747 3508 ,
2775 3443 2883 3513 «θτὰ
2899 3443 3127 3514 σώματα
3143 3443 3297 3515 ὑμῶν
3315 3485 3330 3509 ,
3358 3443 3547 3497 θυσίαν
3581 3442 3763 3507 ζῶσαν
3783 3484 3798 3509 ,

2220 3541 2414 3609 ἁγίαν,
2470 3539 2762 3610 εὐάρεστον
2812 3535 2890 3607 τῷ
2927 3534 3074 3606 Θεῷ,
3113 3535 3212 3605 τὴν
3263 3533 3484 3606 λογικὴν
3539 3534 3801 3605 λατρείαν

2218 3630 2391 3702 ὑμῶν.
2435 3648 2454 3682 ι
2491 3630 2602 3683 Καὶ
2643 3628 2832 3683 πάλινο
2875 3646 2893 3679 ι
2924 3627 3195 3694 Δοξάσατε
3237 3627 3301 3699 δὴ
3336 3627 3426 3682 τὸν
3455 3627 3587 3681 Θεὸν
3620 3630 3683 3682 ἐν
3725 3626 3800 3697 τῷ

2221 3718 2432 3791 σώματι
2462 3719 2635 3790 ὑμῶν.
2673 3738 2691 3770 ι
2726 3717 2932 3772 Οὐκοῦν
2979 3720 3035 3773 αἱ
3080 3717 3442 3789 νηστεύσασαι
3485 3720 3586 3790 τῆς
3639 3720 3803 3787 ἁγίας

2219 3811 2597 3884 ὲγηγερμένης
2633 3810 2837 3881 σκηνῆς
2857 3851 2872 3875 ,
2910 3811 2992 3874 είς
3039 3810 3223 3863 εἰκόνα
3251 3809 3461 3863 τελοῦσι
3488 3808 3675 3882 ψυχῶν
3696 3850 3711 3875 ,
3740 3810 3798 3862 ού

2218 3906 2529 3967 Μωσαῖκοῖς
2563 3902 2857 3972 ἐντάλμασι
2906 3902 3439 3973 παιδαγωγουμένων
3481 3900 3560 3955 ἔτι
3585 3944 3598 3967 ,
3635 3902 3800 3955 πνευ-

2222 3995 2457 4067 ματικῆν
2486 3995 2543 4047 δὲ
2578 3994 2775 4064 μᾶλλον
2815 3993 2908 4047 καὶ
2937 3993 3301 4065 εὐαγγελικὴν
3337 3993 3797 4064 ἁναδεδειγμένων

2217 4088 2316 4158 τὴν
2358 4086 2631 4141 πολιτείαν
2661 4086 2761 4156 ῆδη
2783 4124 2799 4149 ,
2839 4085 2933 4139 καὶ
2963 4084 3250 4139 πατουσῶν
3288 4087 3389 4139 ούκ
3415 4085 3674 4156 ἀνιδρωτὶ
3701 4086 3797 4148 τὰς

2220 4180 2496 4247 ἐπιγείους
2526 4177 2738 4250 ἡδονὰς,
2763 4179 2859 4232 καὶ
2883 4178 3200 4249 ἀναμορφου
3210 4178 3385 4249 μένων
3409 4172 3465 4231 εὖ
3492 4178 3635 4247 μάλα
3664 4177 3796 4247 πρὸς

2219 4271 2282 4325 τὸ
2312 4271 2590 4342 ἀκήρατον
2622 4268 2837 4333 κάλλος,
2871 4269 2960 4323 διὰ
2988 4268 3050 4321 τὸ
3079 4268 3155 4340 μὴ
3190 4268 3475 4340 ἀνέχεσθαι
3511 4268 3704 4321 παθεῖν
3732 4268 3796 4320 τὰ

2225 4363 2444 4434 μυσαρά
2473 4379 2533 4415 τε
2567 4360 2660 4414 καὶ
2688 4359 2889 4432 βέϐηλα
2914 4359 3014 4429 τῆς
3048 4358 3406 4430 φιλοσαρκίας
3453 4358 3789 4429 ἐγκλήματα.

550 4448 918 4504 chritudinem
948 4446 1337 4502 reformantur.
1367 4443 1449 4499 An
1473 4459 1604 4498 vero
1632 4458 1744 4497 non
1767 4443 1884 4499 haec
1905 4452 1990 4499 est
2022 4460 2113 4499 no-

2227 4429 2300 4507 ;‘H
2327 4429 2425 4525 ούχ
2449 4453 2619 4516 οὕτως
2638 4429 2770 4523 ἡμῖν
2852 4450 2943 4504 τοῦ
2978 4448 3094 4520 βίου
3125 4429 3324 4522 τρόπος
3353 4453 3464 4514 τοῖς
3494 4452 3553 4504 ὲν
3577 4448 3795 4519 Χριστῷ
3892 4512 3895 4513 ν

551 4538 743 4594 strain
771 4538 994 4594 Christo
1020 4534 1247 4591 vivendi
1280 4533 1443 4597 ratio,
1484 4532 1577 4601 qui
1620 4531 1687 4587 a‘d
1732 4532 2122 4587 sanctiﬁcatio-

550 4646 700 4697 nem,
735 4631 1209 4703 gracilitatemque
1252 4627 1400 4681 illam
1429 4624 1770 4698 spiritualem
1804 4626 1980 4682 vocati
2028 4643 2124 4683 su-

553 4721 705 4775 mus?

626 4810 821 4867 PALL.
853 4810 1086 4867 Maxime
1109 4825 1261 4864 vero.

622 4902 782 4959 CYR.
808 4902 985 4971 Atque
1027 4901 1144 4954 haec
1173 4901 1397 4970 quidem
1437 4901 1705 4957 hactenus
1747 4900 1815 4955 de
1841 4903 2012 4957 sacris
2035 4901 2119 4955 in-

552 4993 877 5050 strumentis
909 4991 1113 5047 dixisse
1144 4991 1397 5047 sulIiciat.
1428 4993 1547 5048 Jam
1579 5008 1710 5048 vero
1742 4993 1919 5064 ipsum
1946 4994 2125 5048 taber-

554 5085 813 5141 naculum
836 5082 1114 5155 quomodo
1141 5082 1380 5152 positum
1408 5082 1480 5137 sit
1508 5090 1564 5137 et
1592 5090 1952 5147 exstructum,
1993 5098 2125 5138 con-

558 5177 895 5232 sideremus:
954 5175 1206 5246 quamvis
1261 5183 1443 5229 autem
1471 5190 1535 5229 ea
1579 5189 1665 5228 res
1718 5176 1998 5230 recondita
2032 5175 2124 5241 sit,

554 5276 916 5339 nostrumque
973 5268 1197 5323 modum
1250 5276 1491 5337 superet,
1536 5267 1671 5321 nihil
1730 5274 1909 5321 tamen
1958 5266 2126 5321 oilicit

555 5359 782 5413 omnino
844 5360 1140 5427 quominus
1192 5358 1434 5428 undique
1484 5360 1729 5414 studiose
1808 5358 2129 5426 colligamus

554 5445 701 5515 quod
732 5446 865 5499 utile
899 5449 990 5509 sit,
1023 5456 1077 5501 ct
1106 5464 1168 5501 ea
1210 5448 1373 5502 etiam
1426 5465 1546 5517 quae
1591 5449 1752 5517 longe
1804 5446 2123 5500 sublimiora

556 5543 705 5600 sunt,
733 5534 912 5603 quoad
944 5526 1252 5605 possumus,
1282 5539 1680 5605 aggrediantur.

639 5720 681 5752 ⁸⁸
711 5719 879 5777 Hebr.
906 5736 1019 5787 vm,
1044 5719 1096 5772 2.
1174 5721 1214 5748 “’
1236 5719 1392 5771 Rom.
1437 5735 1527 5783 xu,
1555 5720 1602 5773 Ι.

1687 5723 1729 5749 ⁸³
1762 5721 1777 5773 Ι
1812 5719 1934 5772 Cor.
1968 5736 2036 5781 ιι,
2069 5718 2150 5770 2⁷).

2224 4543 2581 4613 κεκλημένοις
2620 4543 2699 4604 είς
2734 4537 3003 4611 ἁγιασμδν
3046 4537 3139 4595 καὶ
3177 4539 3465 4613 ίσχνότητα
3496 4538 3594 4614 τὴν
3638 4553 3796 4591 πνευ-

2229 4638 2461 4704 ματικήν
2482 4651 2497 4697 ;

2297 4812 2505 4864 ΠΛΑΛ.
2536 4812 2683 4866 Πάνυ
2715 4811 2814 4881 μὲν
2840 4805 2952 4864 οὖν.

2290 4903 2454 4957 ΚΥΡ.
2490 4901 2654 4956 Ἀλλὰ
2675 4903 2832 4957 ταυτὶ
2863 4902 2961 4972 μὲν
2988 4902 3066 4965 είς
3106 4900 3167 4954 τὸ
3197 4901 3369 4970 παρὸν
3398 4896 3608 4950 σκευῶν
3634 4895 3798 4964 ἱερῶν

2219 4992 2458 5063 εἰρήσθω
2481 4992 2629 5064 πέρι,
2656 4991 2791 5061 Φέρε
2821 4992 2897 5057 δὲ,
2927 4994 2974 5044 εί
2994 4990 3158 5055 δοκεῖ,
3192 4990 3287 5042 καὶ¹
3307 4987 3476 5058 αὐτὴν
3500 4988 3629 5057 ἡμῖν
3653 4987 3797 5045 ὅπως

2221 5080 2333 5150 ἔχει
2362 5079 2561 5144 Οέσεώς
2585 5097 2645 5133 τε
2676 5079 2767 5133 καὶ
2794 5080 3137 5151 κατασκευῆς
3160 5075 3668 5146 κατασκεπιῦμεθα
3698 5072 3796 5143 τὴν

2226 5173 2451 5241 σκηνήν.
2484 5172 2593 5225 Καὶ
2620 5170 2756 5241 βαθὺ
2790 5171 2889 5242 μὲν
2917 5172 2975 5225 τὸ
3004 5172 3214 5242 χρῆμα,
3246 5170 3338 5223 καὶ
3367 5168 3474 5223 τῶν
3501 5167 3622 5221 καθ’
3653 5165 3795 5236 ἡμᾶς

2230 5266 2487 5319 ἐπέκεινα
2528 5264 2770 5336 μέτρων,
2803 5264 2998 5335 βλάϐος
3024 5264 3079 5318 δὲ
3107 5259 3258 5334 οἶμαι
3287 5262 3348 5316 τὸ
3383 5261 3601 5332 σύμπαν
3625 5256 3792 5319 οὐδὲν,

2232 5357 2567 5428 πανταχόθεν
2612 5360 2759 5430 ἡμᾶς
2801 5357 3142 5429 ἐρανίζεσθαι
3179 5357 3350 5427 φιλεῖν
3394 5354 3456 5408 τὸ
3494 5351 3676 5406 τελοῦν
3717 5348 3794 5409 εἰς

2231 5448 2434 5516 ὖνησιν,
2468 5450 2559 5502 καὶ
2579 5451 2689 5513 τοῖς
2713 5448 2849 5517 ἄγαν
2880 5449 3296 5520 ὑπερκειμένας
3321 5447 3394 5510 ὡς
3423 5444 3502 5498 ἔνι
3530 5436 3793 5514 προσϐἀλ-

2231 5536 2418 5589 )OH-u..n

2250 5577 2258 5587 ο
2303 5576 2438 5601 0.-.}.
