4142 6296
320 402 434 464 675

393 516 604 572 ΠΑΛΛ.
639 508 712 567 Εὖ
745 511 900 579 ἔφης.

352 598 556 664 ’ΚΥΡ.
595 605 660 657 Et
702 602 800 672 μὲν
849 594 943 654 οὖν
993 596 1168 650 ἐλοιτό
1213 614 1297 659 τις
1334 597 1474 664 ἄγαν
1529 593 1898 664 ίσχνομυθεῖν,

321 699 531 776 μακρὸς
558 695 624 751 ἂν
654 692 868 762 γένοιτο
901 691 995 743 καὶ
1028 687 1355 759 πολυσχιδὴς
1381 688 1410 739 6
1453 687 1535 756 ἐφ’
1566 686 1781 755 ἑκάστῳ
1815 685 1905 776 λόζ

316 769 433 858 γος.
471 783 672 838 ’ἰστέον
700 780 760 835 δὲ
784 782 889 844 ὅτι,
911 777 981 831 τὰ
1006 776 1104 847 μὲν
1129 774 1338 829 σκευῶν
1360 774 1453 827 καὶ
1475 772 1707 844 θεωρίας
1732 769 1903 840 ἀγχοῦ

315 878 413 933 καὶ
434 874 610 944 λόγων
641 869 759 925 ἐστὶ
806 865 1084 939 μυστικῶν
1106 907 1119 929 ,
1146 864 1214 918 τὰ
1242 864 1297 917 δὲ
1337 865 1416 926 είς
1448 862 1652 931 κόσμον
1700 878 1759 914 τε
1810 861 1901 914 καὶ.

324 966 511 1040 χρείαν
552 958 1017 1033 ὲκμεμηχάνηται
1058 953 1167 1025 τῆς
1201 952 1442 1023 σκηνῆςσ
1486 948 1774 1020 ὑποτεμὼν
1822 948 1901 1012 δὲ,

322 1039 398 1123 ὧς
425 1057 536 1123 ενι,
572 1053 635 1108 τδ
662 1053 835 1125 μῆκος
855 1046 951 1103 τοῦ
988 1046 1149 1115 λόγου
1171 1086 1185 1109 ,
1222 1047 1280 1098 ὲν
1321 1043 1583 1115 βραχέσιν
1629 1040 1739 1112 ἐρῶ
1761 1080 1776 1105 ,
1808 1039 1904 1094 καὶ

329 1146 572 1205 συστελῶ
606 1145 666 1198 τὸ
709 1142 977 1213 διήγημα.
1024 1139 1172 1208 Ἔφη
1213 1136 1414 1201 τοίνυν,
1461 1137 1544 1189 ὅτι
1592 1153 1611 1185 ι
1646 1132 1755 1186 Καὶ
1804 1131 1904 1202 τὴν

327 1239 531 1312 σκηνὴν
556 1237 802 1307 ποιήσεις
830 1232 965 1286 δέκα
994 1229 1246 1293 αὐλαίας,
1273 1229 1336 1281 ἐκ
1366 1226 1564 1297 βύσσου
1590 1222 1906 1294 κεκλωσμέ-

325 1350 445 1405 νης,
470 1329 564 1384 καὶ
581 1324 836 1381 ὑακίνθου
857 1322 952 1377 καὶ
973 1319 1281 1391 πορφύρας,
1303 1317 1397 1372 καὶ
1420 1315 1674 1369 κοκκίνου
1698 1312 1906 1367 κεκλω-

326 1423 548 1495 σμένου.
578 1416 864 1490 Χερουϐὶμ
888 1413 1149 1483 ἐργασίαν
1184 1409 1419 1480 ὖφαντοῦ
1448 1409 1692 1478 ποιήσεις
1725 1405 1865 1460 αὐτά
1887 1422 1903 1436 ο

330 1515 506 1588 μῆκος
532 1510 630 1583 τῆς
649 1506 878 1568 αὐλαίας
900 1506 998 1576 τῆς
1025 1505 1174 1575 μιᾶς,
1197 1500 1341 1556 ὀκτὼ
1366 1500 1461 1554 καὶ
1487 1499 1658 1553 εῐκοσι
1686 1499 1902 1568 πήχεις,

325 1587 421 1664 καὶ
448 1604 606 1679 εὖρος
634 1601 915 1674 τεσσάρων
960 1599 1180 1668 ’πήχεων
1217 1595 1250 1666 ή
1289 1591 1547 1661 αὐλαίαή
1581 1588 1678 1660 μία
1715 1587 1903 1679 ἔσται·

328 1676 529 1772 μέτρον
549 1698 609 1751 τὸ
632 1694 764 1750 αὐτὸ
787 1693 939 1748 ἔσται
966 1690 1169 1751 πάσαις
1190 1687 1310 1749 ταῖς
1337 1681 1607 1746 αὐλαίαις.
1643 1679 1814 1732 Πέντε
1847 1676 1905 1730 δὲ

322 1770 544 1845 αὐλαῖαι
585 1786 800 1840 ἔσονται
844 1782 903 1850 ἐξ
932 1780 1176 1851 ἀλλήλων
1222 1774 1573 1845 συνεχόμεναι
1596 1812 1612 1837 ,
1645 1770 1806 1842 ἑτέρα
1838 1770 1904 1822 ὲκ

319 1883 421 1954 τῆς
459 1880 652 1950 ἐτέρας
670 1918 684 1943 ,
718 1876 812 1931 καὶ
840 1875 999 1927 πέντε
1029 1871 1249 1925 αὐλαῖαι
1278 1868 1491 1921 ἔσονται
1520 1864 1898 1936 συνεχόμεναι,
1936 1856 1976 1911 Β

323 1974 486 2043 ἑτέρᾳ
511 1973 579 2041 τῇ
611 1967 792 2039 ἑτέρᾳ.
835 1984 852 2017 ι
887 1964 1029 2017 Δέκα
1069 1960 1168 2031 μὲν
1191 1956 1285 2013 οὖν
1312 1959 1370 2012 αἱ
1407 1958 1625 2011 αὐλαῖαι
1670 1957 1766 2011 καὶ⁵
1793 1956 1898 2010 άλ-

321 2065 498 2136 λήλων
531 2059 702 2130 ἀπρὶξ
732 2055 977 2130 ἡμμέναι
999 2069 1014 2084 ο
1064 2051 1256 2106 πολλαὶ
1291 2049 1401 2121 γάρ
1440 2048 1599 2119 μοναὶ
1634 2048 1785 2117 παρὰ
1823 2047 1901 2119 τῷ

324 2156 533 2228 Πατρὶ,
560 2151 792 2209 κα“ι.τῶν
825 2144 1175 2201 ἐνοικούντων
1204 2142 1392 2204 αὐταῖς
1422 2138 1502 2204 εἷς
1543 2156 1646 2192 που
1682 2140 1901 2194 πάντων

324 2251 420 2304 καὶ⁸
450 2249 595 2310 ὅσιος
621 2247 650 2298 6
689 2241 911 2305 σκοπὸς,
942 2238 1039 2310 μία
1071 2237 1127 2290 δὲ
1160 2235 1254 2288 καὶ
1283 2237 1316 2305 ή
1348 2233 1475 2303 περὶ
1510 2231 1645 2284 Θεοῦ
1677 2230 1896 2300 γνῶσις.

338 2342 426 2394 Ἐν
462 2341 570 2410 γὰρ
599 2337 792 2407 εἰρήνῃ
824 2332 1089 2400 κέκληκεν
1129 2328 1274 2397 ἡμᾶς
1302 2328 1330 2378 ό
1359 2325 1510 2390 Θεὸς,
1546 2322 1688 2375 κατὰ
1716 2320 1776 2375 τὸ
1813 2338 1905 2390 γε-

324 2431 661 2505 γραμμένον.
705 2423 930 2495 Ἑκδέξῃ
962 2422 1038 2486 δὲ,
1071 2421 1119 2472 εί
1158 2420 1325 2482 δοκεῖ,
1367 2417 1467 2480 τὰς
1492 2415 1623 2469 δέκα
1655 2413 1903 2481 αὐλαίας,

328 2523 466 2580 εἶναί
480 2541 541 2577 τε
567 2523 724 2593 οἰήσῃ
744 2520 803 2574 τὸ
820 2516 1091 2588 πλήρωμα
1105 2513 1209 2566 τῶν
1230 2514 1308 2574 εἰς
1334 2509 1534 2580 κόσμον
1549 2505 1904 2578 Ἐκκλησιῶν,

331 2618 392 2673 οὐ
423 2613 828 2684 διεσπαρμένων
862 2610 945 2672 εἰς
970 2606 1235 2676 διχόνοιαν
1256 2645 1270 2668 ,
1301 2601 1333 2672 ἢ
1359 2602 1439 2664 είς
1468 2599 1797 2671 ἀσύμφωνον
1822 2597 1907 2652 δό-

336 2708 432 2774 ξαν
456 2747 471 2772 ,
502 2696 616 2759 ἀλλ’
647 2701 937 2775 ήνωμένων
986 2700 1044 2750 ὲν
1092 2693 1402 2764 πνεύματι,
1453 2690 1548 2744 καὶ
1587 2689 1750 2742 οἱονεί
1789 2705 1907 2752 πως

336 2791 775 2864 συνεσφιγμένων
813 2791 891 2853 εἰς
925 2786 982 2843 ἓν
1016 2784 1138 2839 καθ’
1173 2781 1399 2853 ἑνότητα
1442 2779 1542 2851 τὴν
1585 2780 1644 2832 ὲν
1686 2776 1910 2848 Χριστῷ

332 2888 423 2944 διὰ
451 2886 703 2947 πίστεως.
739 2877 1022 2950 Πανταχοῦ
1051 2876 1160 2947 γὰρ
1203 2876 1299 2929 καὶ
1344 2877 1401 2927 ὲν
1433 2873 1637 2936 πάσαις
1680 2865 1764 2936 εἷς
1792 2869 1909 2925 Κύ-

334 2998 469 3055 ριος,
500 2980 599 3050 μία
628 2976 828 3038 πίστις,
857 2972 913 3025 ’ἐν
942 2972 1245 3042 βάπτισμα.
1271 2965 1478 3029 Πλάτος
1499 2965 1555 3019 δὲ
1579 2963 1783 3036 ἑκάστῃ
1802 2961 1913 3016 τῶν

330 3054 572 3126 αὐλαιῶν
605 3068 801 3139 πήχεις
849 3066 1142 3134 τέσσαρες,
1185 3060 1280 3114 καὶ
1317 3056 1461 3112 ὀκτὼ
1507 3058 1601 3112 καὶ
1644 3057 1818 3110 εἴκοσι
1851 3054 1912 3107 τὸ

334 3164 527 3235 μῆκος.
570 3161 681 3215 Καὶ
713 3157 999 3229 περίεργον
1035 3153 1133 3224 μὲν
1181 3153 1272 3206 καὶ
1319 3149 1497 3220 ἰσχνὸν
1546 3149 1607 3201 1:6
1655 3151 1906 3217 αῐνιγμα,

331 3252 472 3324 πλὴν
499 3246 651 3322 οἴμαι
679 3243 1009 3316 καταδηλοῦν
1046 3241 1177 3297 αὐτὸ
1213 3238 1502 3302 σκοτεινῶς
1536 3254 1597 3291 τε
1634 3238 1727 3290 καὶ
1768 3237 1909 3306 ἀμυ-

331 3344 499 3416 δρῶς,
527 3343 610 3396 ὅτι
651 3340 745 3394 καὶ
786 3341 818 3409 ἡ
851 3335 938 3391 διὰ
980 3336 1144 3405 νόμου
1176 3333 1452 3394 παίδευσις
1482 3330 1644 3408 δεκτή
1689 3345 1807 3391 πως
1853 3329 1910 3380 ἐν

346 3433 714 3504 Ἑκκλησίαις,
752 3427 1040 3496 στενοτάτη
1074 3426 1170 3496 μὲν
1195 3420 1329 3477 οὖσα
1353 3423 1439 3476 διά
1470 3438 1532 3490 γε
1562 3422 1623 3474 τὸ
1650 3422 1908 3490 άσυμφα-

334 3527 422 3589 νὲς
445 3524 539 3579 τοῦ
571 3523 894 3594 γράμματος
913 3537 926 3550 ·
966 3516 1246 3586 προϊόντος
1276 3528 1340 3581 γε
1373 3512 1478 3581 μὴν
1504 3511 1583 3571 είς
1614 3507 1787 3579 μῆκος
1815 3505 1909 3559 τοῦ

335 3617 550 3690 χρόνου,
580 3614 729 3677 τέλος
758 3611 867 3675 ἔξει
894 3610 953 3662 τὸ
987 3607 1116 3677 περὶ
1148 3603 1382 3675 Χριστοῦ
1415 3601 1734 3671 μυστήριον,
1764 3596 1909 3650 τοῦτ’

336 3689 474 3775 ἔστι,
543 3707 642 3779 τὴν
696 3704 919 3774 ὀγδόην,
972 3701 1089 3771 ἣτοι
1144 3697 1242 3768 τὴν
1294 3697 1353 3748 ὲν
1402 3694 1563 3764 ὀγδόῃ
1613 3689 1911 3779 γενομένην

337 3777 653 3856 ἀνάστασιν.
697 3796 859 3856 Τέλος
904 3791 1011 3860 γάρ
1050 3788 1213 3857 νόμου
1258 3784 1353 3837 καὶ
1385 3778 1678 3854 προφητῶν
1711 3780 1739 3831 6
1776 3777 1911 3846 Χρι-

338 3895 482 3960 στὸς,
497 3890 631 3963 πρὸς
653 3889 710 3941 ὃν
728 3887 822 3940 καὶ
844 3886 872 3937 ὀ
896 3885 1037 3944 θεῖος
1057 3876 1399 3946 άνακέκραγε
1417 3872 1599 3925 Δαϐίδ·
1677 3868 1912 3963 Πλατεῖα

336 3988 370 4054 ή
406 3957 592 4050 ἐντολή
622 3995 717 4031 σου
769 3974 989 4045 σφόδρα.
1040 3988 1059 4021 ι
1106 3967 1312 4038 Γράφει
1341 3963 1398 4018 δὲ
1443 3961 1537 4054 καὶ
1569 3962 1597 4013 6
1626 3957 1911 4054 θεσπέσιος

337 4075 571 4138 Παῦλος,
597 4074 709 4133 τοῖς
736 4069 832 4138 τὴν
862 4069 918 4118 ὲν
957 4062 1105 4133 νόμῳ
1142 4058 1397 4126 λατρείαν
1421 4053 1523 4124 τῆς
1553 4053 1632 4115 εἰς
1677 4046 1910 4119 Χριστὸν

337 4169 573 4228 πίστεως
614 4157 1071 4234 προτετιμηκόσι’
1129 4172 1147 4204 r
1181 4151 1254 4204 T6
1297 4147 1472 4217 στόμα
1517 4142 1673 4216 ήμῶν
1701 4140 1910 4210 ἀιέῳγε

338 4263 476 4332 πρὸς
504 4258 669 4329 ὑμᾶς,
702 4249 996 4321 Κορίνθιοι,
1023 4249 1056 4315 ἡ
1090 4242 1285 4314 καρδία
1319 4239 1472 4313 ήμῶν
1517 4235 1908 4292 πεπλάτυνται·

337 4325 399 4405 οὐ
430 4325 848 4418 στενοχωρεῖσθε
882 4342 940 4393 ὲν
969 4339 1133 4408 ἡμῖν,
1172 4329 1592 4402 στενοχωρεῖσθε
1620 4326 1677 4380 δὲ
1712 4327 1770 4380 ὲν
1798 4325 1911 4388 τοῖς

341 4415 875 4511 σπλάγχιίοιςύμῶν.
909 4430 1019 4501 Τὴν
1050 4429 1107 4482 δὲ
1135 4427 1302 4495 αὐτὴν
1336 4420 1680 4491 ἀντιμισθίαν
1715 4418 1791 4480 ὡς
1827 4415 1915 4469 τέ-

1032 394 1121 449 DE
1158 392 1600 448 ADOBATIONE
1640 393 1704 447 IN
1744 394 2011 450 SPIRITU
2057 395 2145 448 ΕΤ
2187 395 2555 451 VERITATE.
2603 395 2732 450 LIB.
2774 397 2865 451 IX.

1935 515 1976 569 Α
2079 506 2273 560 PALL.
2312 468 2479 562 Recte
2514 509 2614 563 ais.

3477 399 3584 457 654

2074 596 2231 652 CYR.
2255 598 2354 663 Ac,
2387 599 2433 653 si
2466 601 2593 669 quis
2613 601 2731 656 haec
2753 602 2891 657 velit
2916 601 3150 656 nimium
3172 602 3450 658 subtiliter
3481 620 3584 659 ex-

2004 689 2231 758 plicare,
2258 690 2420 760 longa
2464 691 2572 745 erit
2599 707 2930 762 unaquaque
2970 691 3040 745 de
3085 706 3145 746 re
3201 706 3266 746 ac
3297 692 3588 763 multiplex

2003 776 2199 834 oratio.
2218 777 2353 831 Illud
2371 784 2551 832 tamen
2569 779 2855 835 sciendum
2868 787 2974 843 est,
2995 795 3064 835 ex
3080 779 3190 834 illis
3203 780 3589 838 instrumentis

2003 866 2254 934 quaedam
2279 868 2801 937 contemplationem
2818 870 3112 939 attingere,
3137 877 3194 923 et
3223 871 3290 924 ad
3337 871 3585 927 rationes

2004 957 2262 1028 mysticas
2315 959 2614 1028 pertinere,
2667 960 2916 1030 quaedam
2965 975 3087 1015 esse
3136 959 3204 1014 ad
3232 971 3490 1015 ornatum
3529 969 3590 1018 et

2006 1065 2166 1105 usum
2197 1050 2538 1106 tabernaculi
2569 1051 2860 1107 fabricata.
2889 1050 3173 1106 Orationis
3224 1051 3411 1121 itaque
3459 1053 3589 1106 lon-

2004 1140 2272 1212 gitudine,
2297 1142 2479 1211 quoad
2532 1142 2652 1198 ﬁeri
2698 1143 2925 1212 poterit,
2960 1141 3314 1207 circumcisa,
3344 1142 3593 1196 breviter
3621 1182 3639 1201 ι

2005 1232 2183 1287 dicam
2204 1273 2219 1299 ,
2256 1233 2740 1304 narrationemque
2771 1234 3162 1304 perstringam.
3198 1233 3344 1287 Dicit
3382 1218 3588 1303 igitur:

2012 1322 2122 1377 «Et
2165 1322 2333 1378 facies
2377 1310 2815 1390 tabernaculum,
2870 1325 3066 1380 decem
3101 1324 3273 1380 aulaea
3321 1340 3391 1381 ex
3427 1326 3592 1397 bysso

2008 1421 2169 1479 torta,
2194 1422 2251 1469 et
2272 1415 2589 1487 hyacintho,
2638 1424 2697 1472 et
2724 1432 2997 1487 purpura,
3057 1424 3116 1470 et
3157 1416 3386 1472 coccino
3430 1424 3582 1477 ueto.

2004 1502 2303 1558 Cherubim
2355 1519 2523 1575 opere
2560 1514 2838 1561 textorum
2880 1506 3049 1560 facies
3105 1505 3225 1575 ipsa
3257 1523 3270 1559 :
3303 1505 3592 1577 longitudo

2008 1595 2174 1648 unius
2196 1594 2353 1648 aulaei
2380 1604 2508 1650 octo
2524 1603 2582 1650 et
2608 1595 2802 1667 viginti
2844 1595 3183 1660 cubitorum,
3204 1602 3262 1649 et
3292 1596 3590 1654 latitudine

2008 1696 2245 1755 quatuor
2258 1688 2583 1767 cubitorum
2603 1687 2711 1743 erit
2727 1688 2961 1744 aulaeum
2978 1703 3181 1742 unum:
3211 1687 3404 1742 eadem
3428 1702 3591 1763 men-

2010 1793 2139 1833 sura
2173 1778 2555 1834 eritomnibus
2592 1781 2799 1835 aulaeis.
2866 1777 3124 1849 Quinque
3176 1768 3362 1832 autem
3417 1779 3591 1834 aulaea

2005 1879 2174 1925 erunt
2204 1870 2311 1925 sibi
2356 1871 2592 1925 invicem
2628 1870 2984 1934 cohaerentia,
3022 1870 3263 1923 alterum
3287 1884 3355 1924 ex
3390 1868 3589 1935 altero,

2003 1969 2077 2016 et.
2103 1961 2348 2031 quinque
2381 1961 2555 2015 aulaea
2593 1970 2761 2015 erunt
2808 1959 3143 2016 cohaerentia
3187 1960 3421 2015 alterum
3458 1961 3597 2016 alte-

2004 2053 2052 2107 ri
2078 2052 2143 2105 “.
2178 2072 2196 2105 ι
2236 2054 2433 2109 Decem
2465 2052 2648 2122 itaque
2681 2051 2911 2107 cortinae
2974 2059 3124 2117 sunt,
3152 2060 3209 2106 et
3238 2051 3383 2107 inter
3415 2067 3473 2106 se
3500 2067 3594 2105 ar-

2004 2142 2149 2198 ctius
2198 2151 2498 2209 consertae;
2556 2142 2744 2197 multae
2796 2156 3045 2211 namque
3096 2141 3414 2196 mansiones
3464 2145 3597 2196 sunt

2004 2235 2148 2304 apud
2176 2235 2422 2290 Patrem:
2459 2241 2516 2289 et
2550 2233 2646 2303 qui
2694 2234 2752 2287 in
2782 2232 2894 2286 illis
2946 2232 3226 2298 habitant,
3263 2248 3436 2287 unum
3467 2246 3599 2301 pro-

2005 2318 2148 2379 lecto
2172 2323 2431 2379 omnibus
2457 2331 2560 2388 est,
2588 2338 2651 2378 ac
2675 2323 2829 2393 pium
2866 2323 3243 2392 propositum,
3285 2338 3390 2376 una
3423 2322 3594 2376 etiam

2007 2413 2076 2468 de
2104 2414 2218 2469 Deo
2239 2414 2508 2485 cognitio;
2534 2413 2591 2466 in
2616 2428 2750 2483 pace
2774 2426 3017 2481 namque
3043 2411 3264 2465 vocavit
3290 2426 3392 2466 nos
3425 2412 3593 2475 Deus,

2008 2513 2069 2561 ut
2088 2504 2353 2575 scriptum
2375 2513 2459 2560 est
2479 2503 2547 2558 ⁸³.
2599 2502 2812 2559 Poteris
2836 2510 3029 2557 autem
3077 2502 3271 2557 decem
3321 2502 3516 2566 aulzea,
3547 2501 3596 2557 si

2008 2595 2206 2668 placet,
2256 2597 2528 2665 accipere,
2566 2604 2732 2665 atque
2789 2593 3110 2649 existimare
3158 2608 3428 2648 summam
3470 2608 3597 2647 esse

2009 2684 2275 2749 omnium,
2311 2699 2433 2753 quae
2456 2684 2663 2753 ubique
2708 2691 2860 2747 sunt,
2909 2681 3309 2744 Ecclesiarum,
3342 2697 3463 2750 qua:
3495 2680 3600 2734 mi-

2010 2776 2156 2832 nime
2184 2775 2241 2831 in
2266 2774 2518 2830 diversas
2561 2773 2876 2829 sententias
2904 2780 2961 2827 et
2991 2779 3426 2842 compugnantes
3481 2771 3600 2841 epi-

2010 2868 2207 2923 niones
2231 2866 2420 2921 divisae
2446 2873 2595 2930 sunt,
2633 2864 2730 2919 sed
2783 2865 3095 2934 conjuncta:
3146 2862 3366 2932 spiritu,
3410 2869 3466 2917 et
3499 2878 3599 2931 per

2012 2960 2301 3023 unitatem,
2324 2974 2446 3026 quae
2476 2965 2562 3011 est
2594 2957 2651 3010 in
2706 2954 2930 3010 Christo
2973 2969 3072 3023 per
3126 2952 3312 3017 ﬁdem,
3344 2952 3502 3021 quasi
3542 2956 3599 3006 in

2015 3067 2185 3106 unum
2214 3051 2553 3106 constrictae:
2584 3046 2950 3114 ubiqueenim
2972 3052 3029 3097 et
3056 3046 3113 3100 in
3136 3044 3398 3099 omnibus
3453 3058 3600 3098 unus

2014 3141 2298 3204 Dominus,
2351 3155 2458 3193 una
2502 3137 2658 3200 ﬁdes,
2697 3150 2867 3189 unum
2905 3134 3176 3203 baptisma
3199 3134 3264 3186 ⁸⁸.
3322 3132 3599 3189 Uniuscu-

2017 3236 2216 3306 jusque
2240 3238 2424 3286 autem
2453 3228 2610 3284 aulaei
2635 3226 2869 3283 latitudo
2899 3233 3140 3295 quatuor
3161 3224 3474 3278 cubitorum
3493 3231 3597 3289 est,

2011 3335 2068 3382 et
2114 3323 2308 3394 viginti
2349 3330 2406 3377 et
2455 3329 2581 3376 octo
2626 3318 2951 3390 longitudo;
2982 3317 3149 3389 316
3182 3324 3239 3372 et
3289 3315 3345 3370 id
3373 3315 3599 3385 quidem

2010 3418 2242 3488 mnigma
2265 3414 2551 3485 operosius
2573 3421 2658 3467 est
2687 3419 2853 3483 atque
2897 3410 3157 3466 subtilius
3198 3425 3211 3461 :
3246 3407 3383 3462 illud
3416 3417 3601 3463 tamen

2011 3510 2245 3563 obscure
2297 3522 2361 3562 ac
2386 3508 2625 3561 latenter
2662 3521 2730 3560 eo
2754 3503 3053 3576 signiﬁcari
3077 3502 3341 3566 arbitror,
3363 3501 3499 3572 legis
3518 3501 3603 3555 in-

2012 3601 2360 3655 stitutionem
2393 3597 2612 3652 admitti
2644 3596 2700 3649 in
2724 3596 3021 3659 Ecclesiae,
3054 3602 3341 3664 angustam
3376 3591 3602 3662 quidem

2013 3692 2163 3746 illam
2192 3698 2419 3760 propter
2440 3688 2643 3742 littera:
2668 3686 3087 3748 obscuritatem,
3121 3684 3218 3739 sed
3258 3692 3508 3751 tempore
3540 3682 3599 3735 in

2013 3782 2234 3851 longum
2259 3778 2675 3849 progrediente,
2710 3760 3220 3830 tinem°habituram
3239 3773 3294 3826 in
3314 3772 3602 3842 ipsoChri-

2013 3874 2081 3929 sti
2108 3872 2386 3944 mystcrio,
2414 3869 2467 3923 id
2487 3877 2592 3934 est,
2619 3874 2814 3923 octavo
2836 3865 3053 3929 die,scu
3085 3864 3142 3917 in
3170 3863 3599 3925 resurrectione,

2012 3980 2133 4036 quze
2147 3972 2340 4019 octavo
2355 3963 2445 4017 die
2468 3960 2701 4031 contigit
2722 3977 2735 4013 :
2765 3958 2891 4013 ﬁnis
2906 3955 3259 4027 quippelcgis
3288 3970 3351 4008 ac
3368 3954 3607 4024 prophe-

2015 4064 2217 4122 tarum,
2244 4055 2501 4110 Christus
2528 4070 2543 4118 ;
2570 4052 2637 4106 ad
2663 4066 2831 4121 quem
2862 4050 3032 4105 etiam
3069 4048 3264 4103 beatus
3287 4045 3456 4101 David
3488 4046 3600 4100 cla-

2012 4149 2226 4204 mabat:
2265 4167 2283 4198 ‹
2310 4147 2506 4201 Latum
2531 4143 2853 4198 mandatum
2899 4148 3056 4195 tuum
3080 4139 3249 4193 nimis
3267 4138 3331 4189 ".
3392 4156 3411 4186 ι
3450 4136 3600 4189 Scri-

2013 4241 2095 4294 bit
2120 4241 2284 4294 etiam
2324 4239 2519 4292 beatus
2568 4234 2773 4289 Paulus
2821 4231 2889 4285 ad
2912 4245 3010 4284 eos
3066 4228 3161 4297 qui
3211 4228 3418 4280 cultum
3471 4225 3605 4293 legis

2013 4331 2218 4386 Christi
2239 4329 2363 4383 ﬁdei
2383 4325 2791 4397 praeferebant:
2826 4342 2843 4372 ι
2862 4321 2935 4375 Os
2958 4328 3209 4373 nostrum
3238 4324 3490 4385 apertum
3520 4321 3606 4369 est

2015 4420 2085 4475 ad
2115 4435 2235 4483 vos,
2259 4415 2569 4479 Corinthii;
2603 4428 2699 4466 cor
2724 4418 2975 4465 nostrum
3015 4408 3304 4461 dilatatum
3328 4414 3412 4459 est
3439 4424 3450 4457 :
3493 4420 3603 4461 non

338 4497 671 4600 κνοιςιλιὲγωζ
700 4497 1041 4592 [Danuviian
1065 4520 1158 4573 καὶ
1183 4519 1360 4606 ὑμεῖς,
1393 4513 1467 4584 μὴ
1496 4509 1707 4606 γίνεσθε

2022 4509 2410 4582 angustiamini
2437 4509 2494 4561 in
2525 4504 2723 4571 nobis;
2774 4498 3167 4571 angustiamini
3215 4506 3400 4552 autem
3442 4498 3499 4552 in
3524 4497 3605 4550 vi-

337 4596 629 4691 Cuyoﬁ‘neg
650 4616 917 4675 ἀπίστοις.
951 4631 968 4662 ι
1004 4608 1166 4679 Ὁρᾷς
1186 4607 1266 4659 ὅτι
1288 4604 1348 4657 τὸ
1370 4597 1723 4671 προσκεῖσθαι
1743 4596 1916 4649 θέλειν

336 4719 451 4779 τοῖς
488 4713 848 4783 ἀπειθήσασιν
889 4704 1159 4766 Ἰουδαίοις
1204 4702 1298 4753 καὶ
1339 4696 1594 4751 λαλοῦσιν
1638 4693 1720 4746 ἔτι
1759 4692 1827 4746 τά
1859 4693 1916 4744 ὲν

337 4805 490 4877 νόμῳ
520 4803 660 4876 μετὰ
682 4804 778 4871 τὴν
807 4797 1006 4860 πίστιν,
1037 4786 1491 4862 στενοχωρεῖσθαι
1524 4787 1704 4847 muti;

2022 4603 2272 4658 secribus
2300 4600 2537 4655 vestris:
2569 4595 2819 4652 eamdem
2872 4599 3058 4647 autem
3112 4591 3380 4645 habentes
3417 4605 3603 4644 remu-

2024 4694 2388 4756 nerationem,
2412 4700 2672 4759 tanquam
2708 4685 2835 4739 liliis
2868 4684 3014 4748 dico,
3052 4681 3360 4738 dilatamini
3399 4689 3455 4735 et
3485 4696 3599 4734 vos.

2025 4785 2204 4839 Nolite
2224 4785 2416 4856 jugum
2442 4782 2649 4857 ducere
2672 4792 2796 4831 cum
2824 4774 3137 4830 infidelibus
3166 4774 3233 4829 ⁸³.
3260 4793 3278 4824 ι
3310 4771 3475 4826 Vides
3497 4770 3601 4841 igi‘

341 4863 435 4957 tur
461 4863 935 4969 quemadmodum
967 4886 1106 4940 velle
1162 4879 1365 4939 ludatis
1409 4875 1711 4933 incredulis
1738 4874 2017 4930 adhaerere
2053 4882 2178 4944 post
2218 4875 2403 4939 ﬁdem,
2459 4888 2525 4927 ea
2573 4884 2696 4939 qua:
2749 4866 2805 4920 in
2844 4865 2965 4936 lege
3025 4872 3155 4920 sunt
3217 4863 3598 4944 loquentibus,

340 4999 402 5052 iu
424 4994 714 5062 angustum
745 4980 1011 5038 adducat?

414 5085 619 5142 ΠΑΛᾹ.
656 5078 902 5146 Συνίημι.

414 5180 577 5234 ΚΥΡ.
626 5172 791 5229 Ἱστία
823 5169 879 5221 δὲ
922 5169 1042 5228 ταῖς
1074 5163 1324 5224 αὐλαίαις
1366 5162 1430 5212 ἐκ
1463 5156 1660 5227 βύσσου
1710 5152 1918 5207 κεκλω-

344 5272 569 5344 σμένης,
611 5268 705 5322 καὶ
745 5261 1000 5321 ὑακίνθου
1038 5258 1129 5310 καὶ
1159 5252 1480 5325 πορφύρας,
1526 5250 1620 5302 καὶ
1662 5247 1913 5299 κοκκίνου

342 5337 745 5430 κεκλιυσμένου.
807 5348 1177 5422 Παμποίκιλος
1231 5344 1336 5413 γὰρ
1382 5337 1836 5415 τῆςἚκκλησίας
1888 5337 1916 5388 6

342 5427 575 5523 κόσμοςξ
624 5447 793 5501 Τοῦτό
843 5461 925 5495 τοι
972 5440 1068 5492 καὶ
1105 5439 1133 5490 6
1185 5434 1467 5494 θεσπέσιος
1499 5430 1691 5498 ψάλλει
1730 5427 1913 5492 Δαϐὶδ,

340 5521 544 5614 ὡδίπη
570 5542 743 5608 λέγων
778 5537 902 5606 περὶ
934 5532 1122 5601 αὐτῆς·
1158 5548 1175 5578 ι
1215 5526 1466 5594 Παρέστη
1485 5526 1517 5592 ἡ
1544 5522 1824 5580 Βασίλισσα
1853 5521 1915 5571 ὲκ

342 5613 540 5702 ὃ;ξιῶν
561 5649 654 5685 σου
707 5631 764 5684 ὲν
812 5622 1090 5696 ἱματισμῷ
1135 5616 1410 5687 διαχρύσῳ
1456 5613 1913 5684 περιϐεϐλημένη,

426 5748 470 5779 ⁸³
507 5745 678 5800 Exod.
730 5757 871 5794 xxvi.
912 5737 926 5788 ἱ
966 5752 1114 5803 3mm.
1223 5733 1265 5764 ⁸⁵
1292 5723 1458 5784 ι’(ζιιγ,
1485 5744 1573 5789 γη,
1610 5727 1687 5777 If},

365 5822 411 5851 ⁸³
452 5817 595 5877 l'nnl.
632 5829 765 5875 κων,
808 5811 866 5861 ιο

1769 5726 1813 5755 δε
1839 5725 2035 5799 ὶᾷρῖιίςιὸ.
2067 5740 2141 5789 ιγ,
2170 5722 2219 5775 δ.

2099 5053 2297 5111 PALL.
2328 5049 2595 5119 Intelligo.

2042 5177 2055 5190 -
2095 5147 2253 5203 CYR.
2279 5144 2420 5199 Sunt
2441 5151 2622 5196 autem
2646 5139 2947 5193 animorum
2982 5136 3101 5189 vcla
3129 5150 3197 5188 ex
3245 5132 3407 5202 bysso
3434 5140 3598 5195 torta,

2022 5247 2079 5293 ct
2106 5235 2421 5308 hyacintho,
2446 5240 2503 5286 et
2544 5245 2810 5300 purpura,
2845 5235 2901 5281 ct
2951 5226 3176 5278 coccino
3211 5231 3359 5276 ueto.
3408 5223 3602 5278 Varius

2022 5340 2106 5384 est
2131 5330 2278 5384 enim
2302 5324 2561 5382 Ecclesia:
2583 5329 2829 5376 ornatus.
2862 5319 3028 5384 idque
3071 5315 3236 5369 etiam
3274 5313 3468 5367 beatus
3500 5314 3602 5368 Da-

2024 5422 2114 5475 vid
2150 5417 2430 5491 psallendo
2482 5413 2650 5477 canit,
2683 5410 2763 5464 sic
2821 5408 2888 5461 de
2961 5406 3052 5458 illa
3104 5404 3326 5457 dicens:
3373 5404 3602 5459 uAstilit

2025 5515 2212 5585 regina
2238 5528 2268 5567 a
2292 5509 2499 5566 dextris
2535 5506 2644 5560 tuis
2676 5505 2731 5557 in
2780 5498 2980 5553 vestitu
3029 5495 3313 5560 deaurato,
3365 5495 3601 5549 circum~

2023 5590 2168 5671 data,
2201 5606 2472 5673 \‘ariegata
2500 5603 2574 5651 89:
2612 5619 2628 5649 δ
2661 5600 3044 5650 ormuncutum
3089 5596 3272 5643 autem
3322 5589 3494 5659 ipsius
3535 5604 3599 5643 ac

2994 5708 3038 5738 δε
3073 5707 3117 5761 11
3146 5707 3271 5760 Cor.
3305 5720 3378 5770 τι,
3416 5701 3593 5756 ιι-ιι.

2334 5720 2376 5750 ετ
2408 5716 2545 5770 l’sal.
2575 5727 2753 5775 eum,
2829 5710 2914 5766 945.
