4142 6296
628 351 732 408 035

1611 346 1666 402 ε.
1707 346 1982 404 εῑίιιιιι
2021 341 2497 400 ALEXANDRINI
2536 341 2856 400 ARCHIEP.

3773 358 3867 417 663

627 465 912 536 multiplex
958 441 1123 518 decor
1179 461 1432 520 Christus
1459 469 1565 527 est,
1591 461 1710 532 qui,
1769 476 1895 516 cum
1935 474 2082 514 unus
2106 473 2184 514 se-

2299 453 2714 526 πεποικιλμένη.
2757 474 2775 504 ›
2811 453 3092 546 Κόσμημα
3110 456 3184 513 κδὲ
3229 457 3322 512 καὶ
3346 459 3624 534 ὡραϊσμὸς
3649 466 3709 520 έν
3739 473 3862 546 αὐτῇ

627 557 866 614 cundum
894 564 1146 610 naturam
1171 555 1265 620 sit,
1291 553 1480 624 ﬁguris
1505 560 1688 608 tamen
1719 553 1908 607 multis
1925 567 1990 607 ac
2021 550 2204 606 diver-

625 643 1055 714 sisintelligitur,
1071 644 1318 705 velut,ne
1330 641 1546 712 longius
1561 641 1838 704 abeam,et
1853 641 2016 712 bysso
2034 647 2199 703 torta,

621 735 768 805 quod
787 735 919 788 illud
944 750 1012 790 ex
1037 735 1148 790 Deo
1163 735 1324 789 Patre
1343 734 1586 804 genitum
1603 732 1866 797 Verbum,
1888 746 2012 786 cum
2037 739 2200 785 tenue

621 826 714 890 sit,
743 835 799 882 et
827 823 1214 896 incorporeum
1245 825 1546 880 secundum
1573 833 1848 888 naturam,
1880 831 2083 879 tortum
2116 830 2201 877 est

619 917 1044 988 quodammodo,
1100 933 1167 972 eo
1201 916 1346 986 quod
1381 932 1505 971 cum
1557 932 1722 970 carne
1750 915 1907 984 quasi
1968 929 2195 968 conser-

621 1017 739 1064 tum
767 1018 869 1064 est.
900 1009 1102 1080 Byssus
1123 1017 1207 1063 est
1234 1009 1398 1075 igitur
1431 1015 1602 1062 torta:
1647 1007 1945 1079 hyacintho
1967 1014 2198 1076 prater-

619 1117 684 1156 ea
736 1101 938 1165 simile,
975 1101 1105 1170 quia
1152 1115 1262 1154 non
1285 1117 1351 1154 ex
1375 1111 1545 1163 terra,
1576 1099 1675 1153 sed
1715 1113 1976 1169 superne,
2014 1113 2079 1153 ac
2125 1096 2194 1152 de

619 1193 786 1246 calo:
813 1207 938 1245 nam
962 1192 1258 1262 hyacintho
1287 1193 1567 1262 persimile
1592 1200 1677 1247 est
1719 1193 1823 1255 hoc
1849 1191 2107 1256 sublime,
2137 1198 2194 1246 et

619 1295 940 1350 supernum,
967 1289 1022 1336 et
1053 1283 1342 1336 aetherium
1371 1299 1592 1352 corpus,
1616 1283 1760 1352 quod
1779 1282 1845 1338 ad
1887 1282 2066 1352 ipsum
2095 1297 2192 1356 us-

617 1387 725 1442 que
751 1372 1154 1428 ﬁrmamentum
1189 1375 1449 1444 pertinet.
1487 1375 1556 1429 Ut
1613 1373 1942 1445 hyacinthus
1998 1373 2186 1443 igitur,

616 1465 748 1534 quia
781 1465 848 1519 de
871 1465 1010 1520 coelo
1041 1473 1156 1520 est:
1195 1482 1439 1536 purpura
1467 1482 1620 1530 vero,
1651 1467 1781 1536 quia
1809 1466 2046 1520 minime
2075 1481 2190 1520 ser-

615 1568 738 1617 vus,
769 1563 1024 1624 tanquam
1053 1553 1252 1618 factus,
1270 1555 1368 1611 sed
1401 1571 1470 1610 ex
1500 1555 1613 1611 Deo
1647 1559 1764 1619 rex,
1788 1565 1845 1610 et
1895 1555 2182 1610 universo-

617 1659 739 1698 rum
781 1645 1065 1700 Dominus.
1091 1645 1321 1700 Tortum
1360 1663 1530 1718 porro
1569 1647 1876 1712 coccinum,
1908 1647 2036 1717 quia
2061 1661 2184 1701 cum

614 1744 761 1792 esset
780 1753 904 1791 cum
931 1753 1093 1793 carne
1117 1748 1453 1804 consertum,
1478 1748 1542 1794 ut
1571 1739 1734 1794 modo
1751 1739 1885 1804 dixi,
1927 1746 1984 1794 et
2001 1747 2185 1793 tamen

569 1874 578 1880 .
613 1831 852 1887 vereDei
885 1831 1144 1894 Verbum,
1173 1847 1332 1886 suum
1359 1832 1674 1903 sanguinem
1705 1848 1806 1901 pro
1837 1831 1999 1887 nobis
2013 1831 2182 1902 dedit;

617 1921 900 1991 sanguinis
935 1922 1138 1992 quippe
1187 1923 1402 1992 signum
1431 1930 1516 1978 est
1543 1923 1848 1978 coccinum.
1883 1921 2184 1978 Cherubim

615 2017 795 2064 autem
821 2009 1037 2080 depicta
1065 2019 1224 2066 erant
1250 2012 1306 2064 in
1333 2012 1721 2082 pellibus;qua
1739 2015 1792 2067 in
1817 2028 1875 2066 re
1898 2013 2184 2082 aptissime

613 2098 842 2155 fortasse
871 2101 1232 2171 signiﬁcatur,
1247 2103 1477 2158 summis
1529 2103 1637 2158 ima
1659 2105 1975 2174 conjuncta,
2020 2104 2182 2174 317

614 2199 779 2261 atque
795 2192 1117 2248 cwlestibus
1163 2194 1468 2249 virtutibus
1514 2203 1832 2250 terrestrem
1875 2195 2184 2251 Ecclesiam

613 2297 734 2338 esse
759 2299 1080 2338 connexum.
1113 2285 1252 2339 Illud
1277 2295 1459 2341 autem
1507 2287 1650 2341 scitu
1687 2286 1912 2358 dignum
1942 2296 2048 2353 est,
2093 2296 2206 2344 sa-'

612 2373 1014 2443 pientissimum
1034 2389 1256 2444 quoque
1281 2376 1460 2430 virum
1506 2375 1850 2433 Salomonem
1881 2379 1936 2434 in
1961 2379 2187 2449 parieti-

610 2463 715 2520 bus
739 2465 927 2535 templi
959 2463 1260 2520 Cheruhim
1298 2467 1670 2538 insculpsisse,
1732 2477 1896 2540 atque
1928 2470 1997 2526 ad
2035 2471 2185 2526 hunc

609 2555 868 2612 eumdem
891 2557 1118 2612 modum
1136 2559 1388 2614 eﬁ‘ectam
1413 2559 1559 2614 illam
1591 2575 1712 2616 esse
1749 2561 1946 2618 domus
1977 2563 2186 2618 descri-

607 2645 849 2716 ptionem
897 2662 1018 2716 qua:
1040 2647 1347 2702 Ezechielis
1384 2663 1519 2703 voce
1567 2648 1910 2720 signiﬁcatur
1953 2650 2022 2704 '°.
2070 2651 2184 2706 Au-

607 2735 830 2790 laaorum
861 2752 1027 2807 porro
1050 2737 1286 2808 tegmina
1319 2745 1450 2793 sunt
1472 2739 1594 2794 vela
1639 2740 1922 2810 capillacia
1951 2741 2099 2797 ansis
2129 2749 2186 2797 et

609 2828 832 2884 circulis
857 2830 1182 2885 constricta:
1209 2830 1552 2900 operimenta
1575 2841 1841 2902 prazterea
1872 2834 2183 2903 superjecta

608 2919 978 2992 hyacinthina:
1019 2923 1212 2992 pelles,
1265 2931 1322 2979 et
1359 2924 1532 2994 pelles
1570 2925 1804 2980 arietum
1865 2927 2179 2993 rubricatae,

608 3015 1022 3085 qureChristnm
1059 3015 1316 3072 Ecclesiae
1343 3023 1712 3086 protectorem
1757 3017 2038 3085 indicant;
2079 3035 2181 3090 per

2309 545 2612 616 πολυειδὴς,
2643 547 2671 597 ό
2703 545 2932 617 Χριστὸς
2956 584 2970 606 ,
3003 539 3082 610 εἷς
3111 547 3211 618 μὲν
3239 551 3381 604 κατὰ
3412 553 3574 622 φύσιν
3601 539 3860 631 ὑπάρχων,

2305 637 2590 708 αἰνίγμασι
2633 637 2690 690 δὲ
2731 637 2946 700 πολλοῖς
2986 640 3080 692 καὶ
3110 640 3382 714 διαφόροις
3411 644 3716 714 νοούμενος,
3741 646 3861 716 οἷον,

2304 729 2436 800 φέρε
2469 731 2663 790 εἰπεῖν,
2691 731 2786 783 καὶ
2811 730 3006 802 βύσσος
3031 731 3409 804 κεκλωσμένη.
3449 736 3652 806 ’ἰσχνὸς
3676 741 3776 812 γάρ
3796 745 3862 797 ὢν

2301 825 2394 874 καὶ
2423 818 2710 890 ἀσώματος
2742 821 2883 874 κατὰ
2912 821 3070 890 φύσιν
3093 825 3121 876 ὁ
3144 823 3208 876 ὲκ
3235 823 3370 877 Θεοῦ
3401 824 3496 878 τοῦ
3533 827 3743 898 Πατρὸς
3768 834 3860 885 Λό-

2299 925 2436 976 γος,
2499 911 2804 966 κέκλωσται
2852 913 3052 984 τρόπον
3100 915 3222 968 τινὰ
3271 914 3358 968 διὰ
3391 915 3493 986 τῆς
3547 919 3706 971 οἱονεὶ
3739 923 3861 994 πρὸς

2300 1001 2478 1071 σάρκα
2505 1004 2844 1076 συμπλοκῆς.
2886 1003 3094 1059 Οὐκοῦν
3133 1007 3224 1060 καὶ
3277 1005 3473 1076 βύσσος
3499 1011 3892 1084 κεκλωσμένη,-

2297 1094 2390 1147 καὶ
2413 1095 2540 1164 μὴν,
2564 1094 2660 1148 καὶ
2683 1096 2758 1158 ὡς
2779 1096 3053 1160 ὑάκινθος,
3079 1099 3161 1152 ὅτι
3194 1101 3270 1170 μὴ
3299 1101 3364 1154 ἐκ
3387 1100 3513 1170 γῆς,
3537 1101 3650 1156 ἀλλ’
3674 1103 3863 1159 ἄνωθεν

2295 1183 2390 1234 καὶ
2419 1181 2479 1247 ἐξ
2518 1182 2749 1254 ούρανοῦ
2775 1201 2788 1216 ·
2828 1185 3066 1253 ὑακίνθῳ
3093 1187 3204 1259 γάρ
3240 1205 3358 1251 πως
3401 1190 3784 1260 παρεικάζει-αι
3809 1194 3861 1247 τὸ

2295 1270 2427 1340 ὑψοῦ
2459 1289 2515 1324 τε
2547 1273 2640 1324 καὶ
2670 1273 2780 1327 ἄνω
2815 1275 2904 1326 καὶ
2937 1274 3176 1346 αίθέριον
3223 1277 3414 1348 σῶμα,
3449 1279 3511 1332 τὸ
3555 1282 3650 1332 καὶ
3684 1281 3860 1352 μέχρις

2292 1362 2456 1416 αὑτοῦ
2485 1363 2669 1432 διῆκον
2698 1365 2792 1418 τοῦ
2832 1367 3230 1438 στερεώματος.
3263 1369 3472 1423 Οὐκοῦν
3504 1370 3580 1434 ὡς
3619 1371 3861 1437 ὑάκινθος

2290 1452 2378 1506 διὰ
2410 1452 2470 1504 τὸ
2498 1455 2556 1518 ἐξ
2597 1455 2854 1526 οὒρανοῦ,
2888 1457 3143 1529 πορφύρα
3188 1458 3246 1510 δὲ
3269 1499 3281 1523 ,
3314 1461 3397 1513 ὅτι
3433 1461 3508 1533 μὴ
3545 1461 3763 1528 δοῦλος,
3794 1463 3861 1528 ὡς

2289 1544 2536 1614 γενητὸς,
2564 1545 2678 1598 ἀλλ’
2701 1549 2766 1601 ἐκ
2787 1547 2920 1601 Θεοῦ
2948 1548 3219 1619 βασιλεὺς,
3247 1551 3341 1604 καὶ
3364 1551 3470 1605 τῶν
3491 1552 3626 1606 ὅλων
3651 1552 3858 1625 Κύριος.

2287 1634 2680 1706 Κεκλωσμένον
2723 1638 2777 1690 δὲ
2815 1639 3085 1694 κόκκινον·
3149 1642 3208 1695 tv
3261 1643 3549 1713 συμπλοκῇ
3600 1643 3737 1714 γὰρ,
3793 1644 3863 1709 ὡς

2289 1726 2443 1798 ἔφην,
2466 1731 2531 1800 τῇ
2557 1729 2691 1799 πρὸς
2715 1731 2892 1801 σάρκα
2916 1729 3036 1784 νοού
3045 1748 3224 1802 μενος,
3251 1733 3348 1785 καὶ
3371 1733 3632 1804 ὑπάρχων
3659 1733 3862 1805 άληθῶς

2287 1821 2316 1872 ὁ
2343 1818 2433 1886 τρῦ
2461 1819 2596 1874 Θεοῦ
2625 1821 2816 1890 Λόγος,
2846 1823 2908 1876 τὸ
2937 1823 3068 1876 ῖδιον
3095 1817 3237 1893 αἷμα.
3263 1824 3496 1878 δέδωκεν
3521 1826 3666 1896 ὑπὲρ
3694 1825 3862 1897 ἡμῶν.

2287 1911 2524 1982 Αἵματος
2553 1911 2660 1984 γάρ
2685 1916 2930 1984 σημεῖον,
2956 1914 3016 1968 τὸ
3046 1915 3318 1970 κόκκινον·
3342 1917 3624 1989 Χερουϐὶμ
3657 1917 3736 1980 δὲ.
3764 1917 3862 1972 τῶν

2285 2001 2509 2072 δείρεων
2536 2005 2570 2074 ἡ
2601 2005 2810 2076 γραφὴ,
2841 2005 2901 2058 τὸ
2932 2006 3200 2076 συνῆφθαι
3233 2007 3374 2080 τάχα
3399 2026 3501 2063 που
3527 2013 3646 2074 τοῖς
3671 2009 3780 2064 ἄνω
3801 2011 3860 2064 τά

2286 2093 2438 2146 κάτω
2455 2131 2470 2158 ,
2499 2093 2594 2146 καὶ
2622 2097 2742 2158 ταῖς
2769 2097 2826 2148 ὲν
2867 2095 3080 2168 οὐρανῷ
3105 2096 3364 2167 δυνάμεσι
3404 2097 3502 2168 τὴν
3528 2099 3620 2152 ἐπὶ
3649 2099 3748 2170 τῆς
3771 2099 3860 2170 γῆς

2298 2181 2620 2254 Ἐκκλησίαν
2645 2185 2884 2255 ἡνῶσθαι
2910 2185 3095 2239 λοιπὸν
3117 2187 3543 2258 καταδηλοῦντος
3568 2189 3671 2246 τοῦ
3700 2190 3862 2262 πράγ-

2289 2291 2456 2344 ματος
2495 2270 2554 2329 εὖ
2585 2276 2749 2347 μάλα.
2790 2277 2986 2331 ’ἰστέον
3009 2279 3066 2331 δὲ
3083 2279 3164 2332 ὅτι
3190 2280 3282 2332 καὶ
3307 2279 3336 2332 ὁ
3376 2278 3696 2348 σοφώτατος
3719 2281 3860 2336 Σολο-

2287 2364 2421 2436 μὼν,
2459 2367 2752 2438 ἐνεκόλαψε
2779 2373 2894 2434 τοῖς
2929 2369 3134 2441 τείχεσι
3179 2370 3272 2424 τοῦ
3303 2370 3432 2426 ναοῦ
3463 2373 3530 2425 τά
3562 2373 3858 2446 Χερουϐίμ.

2298 2457 2688 2528 Ἐκπεποίηται
2734 2459 2790 2513 δὲ
2837 2461 2930 2514 τὸν
2975 2461 3138 2515 αὑτὸν
3183 2463 3394 2517 τουτονὶ
3444 2464 3650 2535 τρόπον
3705 2467 3790 2520 καὶ
3827 2468 3864 2536 ἡ

2283 2547 2614 2614 διατύπωσις
2646 2549 2736 2604 τοῦ
2771 2551 2920 2605 οἴκου
2960 2552 3053 2607 τοῦ
3099 2555 3498 2625 σημαινομένου
3552 2556 3644 2610 διὰ
3694 2557 3860 2629 φωνῆς

2297 2639 2577 2710 ’Ῐεξεκιήλ.
2607 2641 2958 2712 Καλύμματα
2983 2644 3040 2697 δὲ
3063 2648 3186 2709 ταῖς
3215 2645 3464 2711 αὐλαίαις
3492 2646 3712 2720 δέρρεις
3733 2691 3747 2712 ,
3773 2651 3862 2720 ἁγ-

2283 2731 2474 2796 κύλαις
2506 2750 2567 2786 τε
2597 2734 2691 2787 καὶ
2729 2735 2940 2807 κρίκοις
2985 2739 3434 2808 συνεσφιγμέναι.
3474 2739 3584 2793 Καὶ
3627 2741 3740 2812 μὴν
3777 2741 3860 2795 καὶ

2283 2824 2765 2897 ἐπικαλύμματα,
2799 2826 3048 2898 δέρματα
3105 2823 3419 2892 ὑακίνθινα,
3476 2831 3569 2883 καὶ⁵
3617 2831 3866 2905 δέρματα

2283 2919 2475 2988 κριῶν,
2502 2921 3018 2993 ἡρυθροδανωμένα,
3043 2923 3147 2994 τῆς
3183 2913 3623 2994 Ἐκκλησίαςτδν
3658 2943 3858 2980 σκεπα-

2285 3011 2416 3080 στὴν
2449 3011 2682 3082 Χριστὸν
2717 3013 3148 3083 ὑπεμφαίνοντα,
3197 3015 3285 3069 διὰ
3334 3015 3433 3086 μὲν
3468 3015 3564 3070 τοῦ
3605 3017 3862 3072 ὑακίνθου

607 3107 964 3179 by’aeinthum
999 3125 1214 3175 rursus,
1249 3105 1462 3180 'utpote
1494 3111 1587 3180 qui
1614 3125 1645 3166 e
1677 3110 1818 3166 coelo
1861 3110 1954 3176 sit,
2011 3127 2179 3182 supe-

2287 3104 2464 3166 πάλιν,
2499 3104 2575 3168 ὡς
2599 3105 2658 3172 ἐξ
2681 3107 2910 3177 οὐρανοῦ
2945 3109 3039 3162 καὶ
3064 3107 3290 3168 ἄνωθεν.
3319 3109 3408 3164 διὰ
3433 3110 3492 3170 ,δέ
3517 3127 3582 3178 γε
3605 3113 3710 3166 τοῦ
3737 3117 3860 3186 ἐρυ-

606 3199 794 3270 risque
823 3200 990 3268 locis;
1021 3218 1120 3272 per
1143 3203 1384 3258 colorem
1417 3209 1602 3258 autem
1634 3203 1886 3268 rubrum,
1916 3211 1978 3258 ut
2003 3205 2096 3274 qui
2124 3205 2179 3258 in

603 3305 770 3348 carne
805 3292 878 3348 sit
899 3302 1084 3360 ortus;
1115 3294 1237 3348 talis
1258 3301 1343 3349 est
1371 3294 1519 3349 enim
1553 3293 1956 3364 quodammodo
2000 3295 2182 3350 carnis

603 3380 775 3434 color.

615 3496 622 3502 -
674 3469 872 3524 PALL.
909 3469 1116 3524 Harum
1159 3487 1343 3527 rerum
1375 3475 1890 3544 contemplationem
1937 3492 2044 3532 non
2085 3478 2188 3534 ab-

603 3558 771 3613 surde
802 3575 860 3614 se
889 3559 1092 3616 habere
1113 3577 1332 3618 censeo.

672 3649 830 3706 CYR.
881 3651 1160 3710 Columnae
1203 3663 1388 3712 autem
1431 3659 1730 3715 aulzeorum
1781 3662 1837 3716 in
1889 3663 2180 3718 latitudine

601 3742 824 3812 quidem
845 3743 1091 3800 cubitum
1107 3762 1171 3802 ac
1189 3747 1481 3803 dimidium
1500 3750 1734 3818 habent,
1761 3752 1816 3806 in
1835 3753 2180 3824 longitudine

601 3833 802 3899 denos;
847 3849 1147 3906 earumque
1179 3843 1294 3892 tum
1342 3839 1550 3908 capita,
1586 3847 1700 3894 tum
1749 3856 1978 3913 corpora
2023 3850 2181 3898 erant

601 3939 741 3978 auro
778 3940 1073 3994 conspersa
1094 3966 1108 3990 ,
1142 3928 1397 3998 binisque
1420 3929 1675 3996 basibus,
1698 3932 1874 4002 iisque
1905 3934 2181 4004 argenteis

599 4012 998 4070 innitebantur.
1045 4017 1106 4073 In
1157 4019 1388 4089 singulis
1443 4035 1612 4090 porro
1663 4023 1936 4079 columnis
1987 4041 2182 4083 rursus

596 4103 1224 4179 Christusintelligitur,
1259 4111 1516 4167 Ecclesia;
1556 4111 1791 4167 fulcrum
1809 4155 1823 4178 ,
1847 4130 1913 4170 ac
1932 4117 2181 4174 veritatis

600 4194 1006 4252 firmamentum
1021 4239 1036 4262 ,
1065 4209 1127 4254 ut
1150 4200 1350 4256 Paulus
1365 4201 1522 4256 ait".
1547 4201 1742 4258 Omnia
1766 4219 1900 4259 vero
1916 4205 2034 4275 ipse
2050 4223 2182 4263 con-

2285 3193 2414 3266 θροῦ
2445 3195 2752 3266 χρώματος,
2789 3198 2864 3262 ὼς
2893 3199 2950 3253 tv
2982 3201 3148 3272 σαρκὶ
3177 3201 3420 3270 γέγονεν.
3456 3203 3738 3261 Τοιουτονὶ
3760 3204 3858 3276 γάρ

2284 3287 2400 3352 πώς
2433 3289 2550 3341 ἐστι
2589 3289 2648 3343 τὸ
2675 3290 2773 3360 τῆς
2801 3292 3002 3363 σαρκὸς
3031 3293 3245 3364 χρῶμα.

2351 3493 2559 3546 ΠΑΛΛ.
2599 3493 2712 3546 Οὐκ
2738 3493 2842 3561 ἔξω
2873 3494 3029 3564 λόγου
3063 3497 3222 3552 ταυτὶ
3251 3489 3622 3572 τεθεωρῆσθαί
3660 3521 3822 3575 φημι.

2351 3671 2513 3726 ΚΥΡ.
2559 3673 2746 3728 Στύλοι
2797 3674 2854 3728 δὲ
2907 3677 3028 3739 ταῖς
3085 3676 3356 3742 αὐλαίαις,
3409 3673 3571 3750 εὖρος
3624 3681 3732 3752 μὲν
3781 3683 3858 3746 είς

2281 3763 2460 3833 πῆχυν
2493 3763 2659 3828 ἰόντες
2690 3765 2785 3820 ἕνα
2813 3783 2873 3820 τε
2902 3767 2998 3820 καὶ
3024 3769 3218 3838 ἥμισυ.
3247 3769 3440 3840 Μῆκος
3467 3771 3524 3826 δέ
3551 3787 3615 3840 γε
3651 3771 3760 3844 μὴν
3782 3773 3861 3836 εις

2279 3855 2434 3919 δέκα,
2468 3857 2712 3927 κεφαλὰς
2742 3858 2840 3928 μὲν
2880 3860 2976 3912 καὶ
3017 3859 3246 3931 σώματα
3272 3861 3460 3934 χρυσῷ
3479 3862 3857 3936 διαπεπασμέ-

2279 3965 2382 4009 νοι,
2427 3947 2614 4018 βάσεσι
2636 3951 2692 4002 δὲ
2723 3949 2937 4014 διπλαῖς
2959 3953 3052 4004 καὶ
3082 3953 3351 4024 ἀργυραῖς
3375 3955 3854 4028 ὲπερηρεισμένοι.

2279 4039 2500 4093 Νοεῖται
2531 4040 2587 4093 δὲ
2618 4041 2778 4095 πάλιν
2819 4041 2894 4104 ὡς
2937 4043 2992 4094 tv
3023 4044 3240 4114 ἑκάστῳ
3273 4043 3448 4114 στύλῳ
3481 4046 3732 4116 Χριστὸς,
3763 4047 3858 4117 τῆς

2293 4127 2616 4200 Ἐκκλησίας
2656 4130 2717 4183 τὸ
2764 4131 3014 4203 ἔρεισμα,
3038 4133 3099 4187 τὸ
3141 4135 3239 4205 τῆς
3267 4135 3526 4206 ἀληθείας
3555 4137 3855 4208 ἑδραίωμα,

2280 4223 2422 4274 κατὰ
2450 4221 2550 4294 τὴν
2579 4221 2673 4275 τοῦ
2705 4223 2918 4278 Παύλου
2951 4228 3154 4297 φωνήν.
3195 4229 3404 4297 Ἵστησι
3433 4228 3490 4282 δὲ
3525 4230 3619 4283 καὶ
3648 4231 3856 4299 συνέχει

599 4287 781 4344 ﬁrmat
817 4296 874 4344 et
911 4291 1184 4358 continet;
1211 4307 1336 4346 nam
1393 4308 1494 4363 per
1526 4308 1698 4348 unum
1739 4296 1985 4351 cubitum
2015 4286 2179 4369 atque

2287 4312 2348 4366 τά
2376 4286 2552 4368 πάντα
2577 4313 2758 4378 αὑτός.
2790 4315 2890 4370 Διὰ
2924 4286 3025 4386 μέν
3058 4286 3167 4390 χὰρ
3215 4318 3308 4372 τοῦ
3335 4286 3476 4384 ’ἑνός
3507 4337 3569 4374 τε
3603 4322 3697 4376 καί
3724 4286 3853 4391 ἡμί-

597 4376 886 4433 dimidium
925 4387 1037 4434 tum
1071 4381 1380 4451 perfectus,
1413 4384 1562 4454 quod
1599 4385 1667 4439 ad
1701 4397 1952 4442 naturam
1975 4389 2178 4444 divini-

2287 4419 2406 4468 σους
2432 4405 2674 4473 πήχεως,
2699 4376 2774 4468 ὧς
2807 4376 3010 4468 τέλειος
3030 4376 3171 4460 κατά
3197 4407 3358 4476 φύσιν
3387 4408 3659 4480 θεότητος,
3689 4376 3854 4474 μείων

596 4468 726 4523 tatis
744 4471 1014 4540 pertinet,
1039 4480 1155 4526 tum
1190 4488 1324 4528 vero
1358 4473 1565 4540 minor,
1606 4477 1664 4531 in
1697 4492 1954 4535 mensura
1981 4481 2176 4538 huma-

2287 4495 2336 4548 δὲ
2365 4466 2454 4556 αὖ.
2597 4497 2652 4549 tv
2687 4466 3111 4569 dvﬁpwzétnsog
3155 4466 3393 4568 μέτροις,
3441 4466 3700 4571 πλάγίως.
3732 4511 3856 4561 timo

593 4559 783 4614 nitatis
814 4561 1036 4630 oblique
1069 4562 1425 4632 signiﬁcatur.
1466 4566 1654 4636 Neque
1699 4585 1832 4624 vero
1873 4570 2174 4628 absurdum

594 4656 700 4713 est,
740 4648 787 4704 si
827 4649 1078 4704 dicamus
1110 4651 1572 4720 perfectissimum
1598 4657 1821 4726 quidem
1859 4674 1980 4715 esse
2013 4660 2174 4717 Chri-

592 4747 770 4803 stum,
807 4745 867 4794 ut
909 4739 966 4794 in
1031 4740 1245 4811 integro
1277 4744 1486 4808 cubito,
1527 4762 1650 4802 cum
1684 4749 1830 4804 Deus
1875 4753 2176 4809 secundum

593 4837 846 4882 naturam
869 4829 973 4892 sit;
994 4828 1250 4883 eumdem
1280 4838 1461 4886 tamen
1480 4843 1539 4886 ut
1565 4834 1619 4888 in
1645 4836 1876 4893 dimidio
1899 4841 2086 4897 cubito
2107 4859 2174 4898 ex

595 4918 838 4973 humana
869 4929 1070 4974 natura
1088 4921 1518 4980 submissiorem.
1552 4927 1700 4983 Nihil
1730 4941 1814 4986 cst
1834 4932 1981 4986 enim
2006 4934 2059 4989 in
2083 4951 2173 4992 re-

590 5009 696 5066 bus
732 5010 868 5066 ortis
915 5011 1262 5082 perfectum:
1299 5029 1463 5084 porro
1506 5017 1598 5074 ille
1647 5021 2002 5093 Unigenitus,
2047 5042 2171 5081 cum

587 5102 744 5160 dives
774 5111 952 5168 esset,
989 5119 1202 5175 pauper
1223 5104 1277 5159 in
1319 5106 1481 5164 nobis
1504 5109 1680 5169 factus
1712 5123 1822 5179 est,
1847 5131 1912 5172 ac
1959 5133 2078 5173 sese
2099 5121 2167 5174 ad

586 5198 1015 5254 exinanitionem
1051 5198 1274 5254 demisit
1301 5202 1366 5255 ".

657 5285 852 5341 PALL.
882 5287 964 5344 lla
1000 5297 1104 5344 est.

657 5373 812 5429 CYR.
847 5377 963 5432 Non
987 5380 1154 5450 igitur
1179 5396 1399 5453 aequare
1441 5385 1644 5455 poterit
1665 5386 1965 5443 divinitatis
1991 5390 2170 5445 excel—

586 5464 808 5519 lentiam
831 5468 1067 5525 humana
1089 5482 1314 5540 natura;
1343 5475 1395 5529 id
1427 5477 1572 5530 enim
1591 5477 1706 5532 ﬁeri
1722 5478 1946 5534 minime
1964 5491 2163 5550 potest.

586 5555 802 5625 Itaque,
857 5561 1037 5629 utqui
1097 5564 1272 5616 nostri
1321 5565 1517 5620 similis
1555 5568 1734 5622 factus
1776 5579 1948 5636 esset,
2001 5580 2165 5640 atquc

665 5735 710 5768 '°
753 5733 952 5788 Ezcch.
987 5752 1068 5802 XL,
1111 5739 1192 5795 47.
1256 5742 1295 5772 "
1329 5742 1608 5806 lTinHu,
1646 5745 1721 5799 l3.

2283 4583 2627 4656 σημαίνεται.
2661 4587 2776 4639 Οὐκ
2813 4585 3002 4656 εὔηθες
3056 4587 3111 4640 δὲ
3160 4589 3356 4654 εἰπεῖν,
3405 4590 3486 4644 ὅτι
3542 4591 3856 4650 παντέλειος

2283 4676 2402 4746 μὲν,
2429 4677 2502 4740 ὡς
2533 4678 2592 4729 tv
2619 4676 2898 4748 ὁλοκλήρῳ
2940 4678 3102 4747 πήχει
3134 4678 3389 4750 Χριστὸς,
3421 4681 3543 4734 ὲπεί
3590 4698 3670 4734 τοι
3723 4681 3852 4742 Θεός

2283 4769 2397 4820 ἔστι
2425 4766 2565 4820 κατὰ
2600 4768 2780 4836 φύσιν.
2831 4769 2920 4831 Ὠς
2945 4768 3000 4820 δὲ
3035 4769 3092 4820 έν
3125 4769 3313 4837 ἡμίσει
3358 4771 3596 4842 πήχεως.
3625 4770 3848 4842 ὑφειμέ-

2281 4874 2371 4920 νος
2425 4857 2512 4912 διὰ
2555 4859 2614 4910 τὸ
2669 4859 3022 4925 ἀνθρώπινον.
3080 4859 3296 4914 Τέλειον
3350 4861 3458 4932 γὰρ
3500 4865 3558 4915 ὲν
3603 4864 3850 4932 γενητοῖς

2280 4949 2451 5002 οὐδέν.
2517 4947 2776 5012 Πλούσιος
2817 4950 2874 5002 δὲ
2923 4949 3016 5013 ὢν,
3072 4951 3416 5023 ἐπτώχευσεν
3459 4955 3514 5006 ἐν
3564 4955 3712 5025 ἡμῖν,
3757 4952 3850 5010 καὶ

2282 5040 2523 5110 καθῆκεν
2553 5039 2742 5093 ἑαυτὸν
2774 5043 2851 5106 είς
2883 5041 3110 5096 κένωσιν
3140 5045 3168 5097 ό
3189 5029 3518 5115 Μονογενής.

2349 5298 2555 5350 nam.
2611 5297 2849 5370 Ἀληθές.

2348 5390 2506 5443 ΚΥΙὶ
2549 5391 2756 5444 Οὐκοῦν
2786 5393 2884 5446 οὐκ
2927 5393 3265 5466 ίσοστατήσει
3295 5399 3413 5461 ταῖς
3463 5397 3563 5468 τῆς
3599 5395 3848 5466 θεότητος

2273 5482 2570 5551 ὑπεροχαῖς
2597 5483 2656 5537 τὸ
2700 5483 3062 5556 ἀνθρώπινονο
3094 5486 3286 5540 πολλοῦ
3343 5504 3405 5556 γε
3453 5489 3545 5542 καὶ
3595 5487 3686 5541 δεῖ.
3724 5486 3846 5538 Τοι-

2272 5575 2462 5643 γάρτοι
2487 5575 2579 5626 καὶ
2611 5574 2868 5644 ἔφασκεν,
2903 5577 2976 5641 ὡς
3003 5577 3122 5632 καθ’
3144 5579 3290 5648 ἡμᾶς
3313 5577 3548 5647 γεγονὼς
3581 5578 3670 5632 καὶ
3693 5575 3848 5631 νοού-

1810 5747 1852 5776 ”
1889 5748 1929 5801 ll
1951 5750 2075 5804 Cor.
2097 5769 2208 5817 ml,
2247 5753 2300 5807 9.
