  <div class='ocr_page' id='page_1' title='image "/cluster/home/n/w/nwhite01/storage/ocr_20150623/68/mdp.39015078384438/326.png"; bbox 0 0 4142 6296; ppageno 0'>
   <div class='ocr_carea' id='block_1_1' title="bbox 855 380 928 390">
    <p class='ocr_par' dir='ltr' id='par_1_1' title="bbox 855 380 928 390">
     <span class='ocr_line' id='line_1_1' title="bbox 855 380 928 390; baseline 0 -2"><span class='ocrx_word' id='word_1_1' title='bbox 855 380 928 390; x_wconf 62' lang='grc' dir='ltr'><strong>...σε</strong></span> 
     </span>
    </p>
   </div>
   <div class='ocr_carea' id='block_1_2' title="bbox 348 413 460 470">
    <p class='ocr_par' dir='ltr' id='par_1_2' title="bbox 348 413 460 470">
     <span class='ocr_line' id='line_1_2' title="bbox 348 413 460 470; baseline 0 -1"><span class='ocrx_word' id='word_1_2' title='bbox 348 413 460 470; x_wconf 66' lang='grc' dir='ltr'><strong>ὗττ</strong></span> 
     </span>
    </p>
   </div>
   <div class='ocr_carea' id='block_1_3' title="bbox 1099 377 2946 483">
    <p class='ocr_par' dir='ltr' id='par_1_3' title="bbox 1099 377 2946 483">
     <span class='ocr_line' id='line_1_3' title="bbox 1099 377 2946 483; baseline 0.009 -18"><span class='ocrx_word' id='word_1_3' title='bbox 1099 411 1188 466; x_wconf 85' lang='lat' dir='ltr'><strong>DE</strong></span> <span class='ocrx_word' id='word_1_4' title='bbox 1225 411 1671 472; x_wconf 72' lang='lat' dir='ltr'><strong>ADORATIONE</strong></span> <span class='ocrx_word' id='word_1_5' title='bbox 1713 418 1782 473; x_wconf 85' lang='lat' dir='ltr'><strong>IN</strong></span> <span class='ocrx_word' id='word_1_6' title='bbox 1821 418 2092 476; x_wconf 78' lang='lat' dir='ltr'><strong>SPIRITU</strong></span> <span class='ocrx_word' id='word_1_7' title='bbox 2133 423 2222 477; x_wconf 80' lang='lat' dir='ltr'><strong>ET</strong></span> <span class='ocrx_word' id='word_1_8' title='bbox 2265 377 2636 483; x_wconf 68' lang='lat' dir='ltr'><strong>VElilTATE.</strong></span> <span class='ocrx_word' id='word_1_9' title='bbox 2681 427 2812 483; x_wconf 84' lang='lat' dir='ltr'><strong>LIB.</strong></span> <span class='ocrx_word' id='word_1_10' title='bbox 2854 427 2946 483; x_wconf 78' lang='lat' dir='ltr'><strong>IX.</strong></span> 
     </span>
    </p>
   </div>
   <div class='ocr_carea' id='block_1_4' title="bbox 3509 430 3614 483">
    <p class='ocr_par' dir='ltr' id='par_1_4' title="bbox 3509 430 3614 483">
     <span class='ocr_line' id='line_1_4' title="bbox 3509 430 3614 483; baseline 0 -2"><span class='ocrx_word' id='word_1_11' title='bbox 3509 430 3614 483; x_wconf 66' lang='grc' dir='ltr'>σεε</span> 
     </span>
    </p>
   </div>
   <div class='ocr_carea' id='block_1_5' title="bbox 353 526 1931 615">
    <p class='ocr_par' dir='ltr' id='par_1_5' title="bbox 353 526 1922 605">
     <span class='ocr_line' id='line_1_5' title="bbox 353 526 1922 605; baseline 0.001 -21"><span class='ocrx_word' id='word_1_12' title='bbox 353 545 552 605; x_wconf 82' lang='grc' dir='ltr'>μενος·</span> <span class='ocrx_word' id='word_1_13' title='bbox 580 546 600 581; x_wconf 85' lang='grc' dir='ltr'><strong>ι</strong></span> <span class='ocrx_word' id='word_1_14' title='bbox 640 527 698 583; x_wconf 85' lang='grc' dir='ltr'>ὀ</span> <span class='ocrx_word' id='word_1_15' title='bbox 732 527 921 597; x_wconf 83' lang='grc' dir='ltr'>Πατήρ</span> <span class='ocrx_word' id='word_1_16' title='bbox 964 543 1066 597; x_wconf 89' lang='grc' dir='ltr'><strong>μου</strong></span> <span class='ocrx_word' id='word_1_17' title='bbox 1109 526 1308 598; x_wconf 78' lang='grc' dir='ltr'>μείζων</span> <span class='ocrx_word' id='word_1_18' title='bbox 1368 547 1468 599; x_wconf 90' lang='grc' dir='ltr'><strong>μου</strong></span> <span class='ocrx_word' id='word_1_19' title='bbox 1517 532 1653 595; x_wconf 76' lang='grc' dir='ltr'>ἐστὶ,</span> <span class='ocrx_word' id='word_1_20' title='bbox 1683 552 1700 584; x_wconf 75' lang='grc' dir='ltr'><strong>ι</strong></span> <span class='ocrx_word' id='word_1_21' title='bbox 1741 533 1922 586; x_wconf 69' lang='grc' dir='ltr'>καίτοι</span> 
     </span>
    </p>
   </div>
   <div class='ocr_carea' id='block_1_6' title="bbox 2033 526 3611 615">
    <p class='ocr_par' dir='ltr' id='par_1_6' title="bbox 2033 537 3611 615">
     <span class='ocr_line' id='line_1_6' title="bbox 2033 537 3611 615; baseline 0.004 -25"><span class='ocrx_word' id='word_1_22' title='bbox 2033 537 2194 592; x_wconf 83' lang='lat' dir='ltr'><strong>etiam</strong></span> <span class='ocrx_word' id='word_1_23' title='bbox 2248 539 2683 612; x_wconf 79' lang='lat' dir='ltr'><strong>intelligeretur,</strong></span> <span class='ocrx_word' id='word_1_24' title='bbox 2721 541 2940 597; x_wconf 86' lang='lat' dir='ltr'><strong>dicebat</strong></span> <span class='ocrx_word' id='word_1_25' title='bbox 2977 559 2991 596; x_wconf 89' lang='lat'><strong>:</strong></span> <span class='ocrx_word' id='word_1_26' title='bbox 3038 559 3058 592; x_wconf 81' lang='grc' dir='ltr'><strong>ι</strong></span> <span class='ocrx_word' id='word_1_27' title='bbox 3095 541 3256 598; x_wconf 90' lang='lat' dir='ltr'><strong>Pater</strong></span> <span class='ocrx_word' id='word_1_28' title='bbox 3313 541 3486 615; x_wconf 78' lang='lat' dir='ltr'><strong>major</strong></span> <span class='ocrx_word' id='word_1_29' title='bbox 3524 555 3611 596; x_wconf 82' lang='lat' dir='ltr'><strong>me</strong></span> 
     </span>
    </p>
   </div>
   <div class='ocr_carea' id='block_1_7' title="bbox 350 617 1926 694">
    <p class='ocr_par' dir='ltr' id='par_1_7' title="bbox 350 617 1926 694">
     <span class='ocr_line' id='line_1_7' title="bbox 350 617 1926 694; baseline 0.001 -19"><span class='ocrx_word' id='word_1_30' title='bbox 350 621 493 676; x_wconf 82' lang='grc' dir='ltr'>κατὰ</span> <span class='ocrx_word' id='word_1_31' title='bbox 525 617 686 688; x_wconf 84' lang='grc' dir='ltr'>φύσιν</span> <span class='ocrx_word' id='word_1_32' title='bbox 721 617 990 687; x_wconf 82' lang='grc' dir='ltr'>Θεότητος,</span> <span class='ocrx_word' id='word_1_33' title='bbox 1027 618 1330 690; x_wconf 78' lang='grc' dir='ltr'>ἱσομέτρως</span> <span class='ocrx_word' id='word_1_34' title='bbox 1367 621 1525 692; x_wconf 74' lang='grc' dir='ltr'>ἔχων,</span> <span class='ocrx_word' id='word_1_35' title='bbox 1575 625 1667 678; x_wconf 81' lang='grc' dir='ltr'>καὶ</span> <span class='ocrx_word' id='word_1_36' title='bbox 1699 626 1800 694; x_wconf 71' lang='grc' dir='ltr'>τῆς</span> <span class='ocrx_word' id='word_1_37' title='bbox 1831 623 1926 677; x_wconf 83' lang='grc' dir='ltr'>τοῦ</span> 
     </span>
    </p>
   </div>
   <div class='ocr_carea' id='block_1_8' title="bbox 346 696 1927 785">
    <p class='ocr_par' dir='ltr' id='par_1_8' title="bbox 346 696 1927 785">
     <span class='ocr_line' id='line_1_8' title="bbox 346 696 1927 785; baseline 0.003 -21"><span class='ocrx_word' id='word_1_38' title='bbox 346 711 603 772; x_wconf 80' lang='grc' dir='ltr'><strong>τεκόντος</strong></span> <span class='ocrx_word' id='word_1_39' title='bbox 655 709 932 780; x_wconf 80' lang='grc' dir='ltr'><strong>ὑπεροχῆς</strong></span> <span class='ocrx_word' id='word_1_40' title='bbox 973 696 1457 782; x_wconf 60' lang='grc' dir='ltr'>οὐχ’ήττὼμενος.</span> <span class='ocrx_word' id='word_1_41' title='bbox 1519 715 1711 784; x_wconf 77' lang='grc' dir='ltr'>Μῆκος</span> <span class='ocrx_word' id='word_1_42' title='bbox 1761 715 1817 768; x_wconf 77' lang='grc' dir='ltr'><strong>δὲ</strong></span> <span class='ocrx_word' id='word_1_43' title='bbox 1849 715 1927 785; x_wconf 85' lang='grc' dir='ltr'><strong>τῷ</strong></span> 
     </span>
    </p>
   </div>
   <div class='ocr_carea' id='block_1_9' title="bbox 349 799 1930 876">
    <p class='ocr_par' dir='ltr' id='par_1_9' title="bbox 349 799 1930 876">
     <span class='ocr_line' id='line_1_9' title="bbox 349 799 1930 876; baseline 0.004 -22"><span class='ocrx_word' id='word_1_44' title='bbox 349 801 509 870; x_wconf 84' lang='grc' dir='ltr'>ξύλῳ,</span> <span class='ocrx_word' id='word_1_45' title='bbox 541 799 846 870; x_wconf 75' lang='grc' dir='ltr'><strong>δεκάπηχυ.</strong></span> <span class='ocrx_word' id='word_1_46' title='bbox 879 800 1198 864; x_wconf 89' lang='grc' dir='ltr'>Παντέλειος</span> <span class='ocrx_word' id='word_1_47' title='bbox 1219 802 1328 874; x_wconf 78' lang='grc' dir='ltr'>γάρ</span> <span class='ocrx_word' id='word_1_48' title='bbox 1353 804 1429 868; x_wconf 86' lang='grc' dir='ltr'><strong>ὡς</strong></span> <span class='ocrx_word' id='word_1_49' title='bbox 1455 806 1510 858; x_wconf 79' lang='grc' dir='ltr'>ὲν</span> <span class='ocrx_word' id='word_1_50' title='bbox 1542 806 1799 876; x_wconf 73' lang='grc' dir='ltr'>ὑψώμασι</span> <span class='ocrx_word' id='word_1_51' title='bbox 1830 807 1930 876; x_wconf 82' lang='grc' dir='ltr'>τῆς</span> 
     </span>
    </p>
   </div>
   <div class='ocr_carea' id='block_1_10' title="bbox 347 891 1927 968">
    <p class='ocr_par' dir='ltr' id='par_1_10' title="bbox 347 891 1927 968">
     <span class='ocr_line' id='line_1_10' title="bbox 347 891 1927 968; baseline 0.005 -25"><span class='ocrx_word' id='word_1_52' title='bbox 347 891 624 962; x_wconf 76' lang='grc' dir='ltr'>θεότητος.</span> <span class='ocrx_word' id='word_1_53' title='bbox 658 893 688 944; x_wconf 81' lang='grc' dir='ltr'>ὁ</span> <span class='ocrx_word' id='word_1_54' title='bbox 740 891 997 962; x_wconf 82' lang='grc' dir='ltr'>Χριστός.</span> <span class='ocrx_word' id='word_1_55' title='bbox 1039 893 1385 965; x_wconf 81' lang='grc' dir='ltr'>Τελειότητος</span> <span class='ocrx_word' id='word_1_56' title='bbox 1417 896 1472 950; x_wconf 80' lang='grc' dir='ltr'><strong>δὲ</strong></span> <span class='ocrx_word' id='word_1_57' title='bbox 1515 901 1758 968; x_wconf 84' lang='grc' dir='ltr'>σημεῖον,</span> <span class='ocrx_word' id='word_1_58' title='bbox 1791 901 1819 952; x_wconf 87' lang='grc' dir='ltr'>ὁ</span> <span class='ocrx_word' id='word_1_59' title='bbox 1847 901 1927 963; x_wconf 86' lang='grc' dir='ltr'>εἰς</span> 
     </span>
    </p>
   </div>
   <div class='ocr_carea' id='block_1_11' title="bbox 347 979 1926 1059">
    <p class='ocr_par' dir='ltr' id='par_1_11' title="bbox 347 979 1926 1059">
     <span class='ocr_line' id='line_1_11' title="bbox 347 979 1926 1059; baseline 0.006 -25"><span class='ocrx_word' id='word_1_60' title='bbox 347 982 482 1034; x_wconf 81' lang='grc' dir='ltr'>δέκα</span> <span class='ocrx_word' id='word_1_61' title='bbox 531 982 742 1054; x_wconf 77' lang='grc' dir='ltr'><strong>τρέχων</strong></span> <span class='ocrx_word' id='word_1_62' title='bbox 787 979 1020 1054; x_wconf 76' lang='grc' dir='ltr'>ἀριομὸς</span> <span class='ocrx_word' id='word_1_63' title='bbox 1061 985 1215 1054; x_wconf 87' lang='grc' dir='ltr'>παρά</span> <span class='ocrx_word' id='word_1_64' title='bbox 1242 1001 1306 1052; x_wconf 80' lang='grc' dir='ltr'>γε</span> <span class='ocrx_word' id='word_1_65' title='bbox 1335 989 1400 1058; x_wconf 87' lang='grc' dir='ltr'><strong>τῇ</strong></span> <span class='ocrx_word' id='word_1_66' title='bbox 1435 986 1554 1059; x_wconf 74' lang='grc' dir='ltr'>Θείᾳ</span> <span class='ocrx_word' id='word_1_67' title='bbox 1593 987 1926 1059; x_wconf 76' lang='grc' dir='ltr'>λαμϐάνεται</span> 
     </span>
    </p>
   </div>
   <div class='ocr_carea' id='block_1_12' title="bbox 356 1073 1927 1152">
    <p class='ocr_par' dir='ltr' id='par_1_12' title="bbox 356 1073 1927 1152">
     <span class='ocr_line' id='line_1_12' title="bbox 356 1073 1927 1152; baseline 0.005 -26"><span class='ocrx_word' id='word_1_68' title='bbox 356 1074 576 1145; x_wconf 80' lang='grc' dir='ltr'><strong>Γραφῇ.</strong></span> <span class='ocrx_word' id='word_1_69' title='bbox 629 1073 816 1144; x_wconf 82' lang='grc' dir='ltr'>Χρυσῆ</span> <span class='ocrx_word' id='word_1_70' title='bbox 867 1073 923 1126; x_wconf 79' lang='grc' dir='ltr'><strong>δὲ</strong></span> <span class='ocrx_word' id='word_1_71' title='bbox 971 1073 1048 1144; x_wconf 84' lang='grc' dir='ltr'>τῷ</span> <span class='ocrx_word' id='word_1_72' title='bbox 1099 1074 1239 1146; x_wconf 81' lang='grc' dir='ltr'>ξύλῳ</span> <span class='ocrx_word' id='word_1_73' title='bbox 1279 1077 1509 1148; x_wconf 78' lang='grc' dir='ltr'>κεφαλὴ,</span> <span class='ocrx_word' id='word_1_74' title='bbox 1543 1081 1638 1132; x_wconf 79' lang='grc' dir='ltr'><strong>καὶ</strong></span> <span class='ocrx_word' id='word_1_75' title='bbox 1680 1079 1786 1152; x_wconf 80' lang='grc' dir='ltr'>μὴν</span> <span class='ocrx_word' id='word_1_76' title='bbox 1832 1080 1927 1134; x_wconf 76' lang='grc' dir='ltr'><strong>καὶ</strong></span> 
     </span>
    </p>
   </div>
   <div class='ocr_carea' id='block_1_13' title="bbox 356 1161 1926 1236">
    <p class='ocr_par' dir='ltr' id='par_1_13' title="bbox 356 1161 1926 1236">
     <span class='ocr_line' id='line_1_13' title="bbox 356 1161 1926 1236; baseline 0.006 -23"><span class='ocrx_word' id='word_1_77' title='bbox 356 1161 514 1230; x_wconf 82' lang='grc' dir='ltr'>σῶμα</span> <span class='ocrx_word' id='word_1_78' title='bbox 547 1162 799 1231; x_wconf 78' lang='grc' dir='ltr'>χρυσοῦν.</span> <span class='ocrx_word' id='word_1_79' title='bbox 827 1161 1046 1226; x_wconf 78' lang='grc' dir='ltr'>Φύσεώς</span> <span class='ocrx_word' id='word_1_80' title='bbox 1078 1179 1142 1232; x_wconf 85' lang='grc' dir='ltr'>γε</span> <span class='ocrx_word' id='word_1_81' title='bbox 1180 1165 1286 1234; x_wconf 77' lang='grc' dir='ltr'>μὴν</span> <span class='ocrx_word' id='word_1_82' title='bbox 1314 1167 1413 1236; x_wconf 82' lang='grc' dir='ltr'>τῆς</span> <span class='ocrx_word' id='word_1_83' title='bbox 1466 1168 1726 1222; x_wconf 82' lang='grc' dir='ltr'><strong>ἀνωτάτω</strong></span> <span class='ocrx_word' id='word_1_84' title='bbox 1757 1187 1926 1222; x_wconf 86' lang='grc' dir='ltr'>κατα-</span> 
     </span>
    </p>
   </div>
   <div class='ocr_carea' id='block_1_14' title="bbox 353 1251 1926 1332">
    <p class='ocr_par' dir='ltr' id='par_1_14' title="bbox 353 1251 1926 1332">
     <span class='ocr_line' id='line_1_14' title="bbox 353 1251 1926 1332; baseline 0.004 -28"><span class='ocrx_word' id='word_1_85' title='bbox 353 1251 576 1304; x_wconf 79' lang='grc' dir='ltr'>πλουτεῖ</span> <span class='ocrx_word' id='word_1_86' title='bbox 607 1251 698 1303; x_wconf 77' lang='grc' dir='ltr'>τὸν</span> <span class='ocrx_word' id='word_1_87' title='bbox 736 1251 1062 1322; x_wconf 78' lang='grc' dir='ltr'>έναυλισμὸν</span> <span class='ocrx_word' id='word_1_88' title='bbox 1093 1255 1121 1306; x_wconf 86' lang='grc' dir='ltr'>ὁ</span> <span class='ocrx_word' id='word_1_89' title='bbox 1157 1256 1222 1308; x_wconf 80' lang='grc' dir='ltr'>ἐκ</span> <span class='ocrx_word' id='word_1_90' title='bbox 1255 1256 1534 1326; x_wconf 77' lang='grc' dir='ltr'><strong>Παρθένου</strong></span> <span class='ocrx_word' id='word_1_91' title='bbox 1587 1259 1732 1324; x_wconf 88' lang='grc' dir='ltr'>ναός.</span> <span class='ocrx_word' id='word_1_92' title='bbox 1776 1260 1926 1332; x_wconf 76' lang='grc' dir='ltr'>Σύμ-</span> 
     </span>
    </p>
   </div>
   <div class='ocr_carea' id='block_1_15' title="bbox 353 1343 1926 1422">
    <p class='ocr_par' dir='ltr' id='par_1_15' title="bbox 353 1343 1926 1422">
     <span class='ocr_line' id='line_1_15' title="bbox 353 1343 1926 1422; baseline 0.006 -26"><span class='ocrx_word' id='word_1_93' title='bbox 353 1343 505 1403; x_wconf 68' lang='grc' dir='ltr'>ϐολον</span> <span class='ocrx_word' id='word_1_94' title='bbox 541 1343 598 1402; x_wconf 75' lang='grc' dir='ltr'><strong>δὲ</strong></span> <span class='ocrx_word' id='word_1_95' title='bbox 651 1343 924 1411; x_wconf 76' lang='grc' dir='ltr'><strong>θεότητος,</strong></span> <span class='ocrx_word' id='word_1_96' title='bbox 979 1347 1007 1397; x_wconf 86' lang='grc' dir='ltr'><strong>ὁ</strong></span> <span class='ocrx_word' id='word_1_97' title='bbox 1054 1347 1274 1416; x_wconf 81' lang='grc' dir='ltr'>χρυσὸς,</span> <span class='ocrx_word' id='word_1_98' title='bbox 1336 1349 1609 1419; x_wconf 77' lang='grc' dir='ltr'>ὑπεροχὴν</span> <span class='ocrx_word' id='word_1_99' title='bbox 1669 1351 1806 1421; x_wconf 80' lang='grc' dir='ltr'>ἔχων</span> <span class='ocrx_word' id='word_1_100' title='bbox 1827 1352 1926 1422; x_wconf 74' lang='grc' dir='ltr'><strong>τὴν</strong></span> 
     </span>
    </p>
   </div>
   <div class='ocr_carea' id='block_1_16' title="bbox 353 1432 1922 1516">
    <p class='ocr_par' dir='ltr' id='par_1_16' title="bbox 353 1432 1922 1516">
     <span class='ocr_line' id='line_1_16' title="bbox 353 1432 1922 1516; baseline 0.006 -30"><span class='ocrx_word' id='word_1_101' title='bbox 353 1432 497 1486; x_wconf 78' lang='grc' dir='ltr'>κατὰ</span> <span class='ocrx_word' id='word_1_102' title='bbox 530 1433 764 1494; x_wconf 85' lang='grc' dir='ltr'>πάντων,</span> <span class='ocrx_word' id='word_1_103' title='bbox 795 1433 870 1516; x_wconf 79' lang='grc' dir='ltr'>ὡς</span> <span class='ocrx_word' id='word_1_104' title='bbox 903 1435 960 1486; x_wconf 84' lang='grc' dir='ltr'>ὲν</span> <span class='ocrx_word' id='word_1_105' title='bbox 1003 1433 1135 1504; x_wconf 79' lang='grc' dir='ltr'>ὕλης</span> <span class='ocrx_word' id='word_1_106' title='bbox 1181 1437 1341 1506; x_wconf 75' lang='grc' dir='ltr'>τυχὸν</span> <span class='ocrx_word' id='word_1_107' title='bbox 1370 1439 1470 1507; x_wconf 82' lang='grc' dir='ltr'>τῆς</span> <span class='ocrx_word' id='word_1_108' title='bbox 1501 1440 1714 1493; x_wconf 80' lang='grc' dir='ltr'>τοιᾶσδε</span> <span class='ocrx_word' id='word_1_109' title='bbox 1757 1441 1922 1512; x_wconf 84' lang='grc' dir='ltr'>λόγῳ.</span> 
     </span>
    </p>
   </div>
   <div class='ocr_carea' id='block_1_17' title="bbox 369 1522 1926 1603">
    <p class='ocr_par' dir='ltr' id='par_1_17' title="bbox 369 1522 1926 1603">
     <span class='ocr_line' id='line_1_17' title="bbox 369 1522 1926 1603; baseline 0.004 -25"><span class='ocrx_word' id='word_1_110' title='bbox 369 1522 460 1589; x_wconf 82' lang='grc' dir='ltr'><strong>Ἐξ</strong></span> <span class='ocrx_word' id='word_1_111' title='bbox 489 1524 726 1594; x_wconf 78' lang='grc' dir='ltr'>ἀργύρου</span> <span class='ocrx_word' id='word_1_112' title='bbox 773 1523 830 1577; x_wconf 81' lang='grc' dir='ltr'><strong>δὲ</strong></span> <span class='ocrx_word' id='word_1_113' title='bbox 879 1525 972 1578; x_wconf 79' lang='grc' dir='ltr'>καὶ</span> <span class='ocrx_word' id='word_1_114' title='bbox 1003 1526 1068 1578; x_wconf 80' lang='grc' dir='ltr'><strong>ἐκ</strong></span> <span class='ocrx_word' id='word_1_115' title='bbox 1105 1526 1304 1598; x_wconf 80' lang='grc' dir='ltr'>δυοῖνή</span> <span class='ocrx_word' id='word_1_116' title='bbox 1341 1527 1517 1597; x_wconf 79' lang='grc' dir='ltr'>βάσις.</span> <span class='ocrx_word' id='word_1_117' title='bbox 1571 1532 1840 1603; x_wconf 82' lang='grc' dir='ltr'>Λαμπρδς</span> <span class='ocrx_word' id='word_1_118' title='bbox 1869 1533 1926 1585; x_wconf 82' lang='grc' dir='ltr'><strong>δὲ</strong></span> 
     </span>
    </p>
   </div>
   <div class='ocr_carea' id='block_1_18' title="bbox 356 1607 1926 1687">
    <p class='ocr_par' dir='ltr' id='par_1_18' title="bbox 356 1607 1926 1687">
     <span class='ocr_line' id='line_1_18' title="bbox 356 1607 1926 1687; baseline 0.005 -18"><span class='ocrx_word' id='word_1_119' title='bbox 356 1616 450 1669; x_wconf 82' lang='grc' dir='ltr'>καὶ</span> <span class='ocrx_word' id='word_1_120' title='bbox 481 1614 744 1683; x_wconf 73' lang='grc' dir='ltr'>διαφανὴς</span> <span class='ocrx_word' id='word_1_121' title='bbox 788 1607 845 1666; x_wconf 79' lang='grc' dir='ltr'><strong>έν</strong></span> <span class='ocrx_word' id='word_1_122' title='bbox 891 1617 984 1684; x_wconf 74' lang='grc' dir='ltr'><strong>γῇ,</strong></span> <span class='ocrx_word' id='word_1_123' title='bbox 1015 1617 1043 1668; x_wconf 83' lang='grc' dir='ltr'>ὁ</span> <span class='ocrx_word' id='word_1_124' title='bbox 1077 1617 1330 1687; x_wconf 78' lang='grc' dir='ltr'>Χριστὸς,</span> <span class='ocrx_word' id='word_1_125' title='bbox 1363 1621 1504 1674; x_wconf 88' lang='grc' dir='ltr'>κατά</span> <span class='ocrx_word' id='word_1_126' title='bbox 1520 1637 1584 1687; x_wconf 89' lang='grc' dir='ltr'>γε</span> <span class='ocrx_word' id='word_1_127' title='bbox 1627 1621 1708 1684; x_wconf 83' lang='grc' dir='ltr'><strong>τὸ,</strong></span> <span class='ocrx_word' id='word_1_128' title='bbox 1743 1641 1760 1673; x_wconf 81' lang='grc' dir='ltr'><strong>ι</strong></span> <span class='ocrx_word' id='word_1_129' title='bbox 1791 1623 1926 1687; x_wconf 69' lang='grc' dir='ltr'>Θεὸς</span> 
     </span>
    </p>
   </div>
   <div class='ocr_carea' id='block_1_19' title="bbox 355 1704 1924 1782">
    <p class='ocr_par' dir='ltr' id='par_1_19' title="bbox 355 1704 1924 1782">
     <span class='ocr_line' id='line_1_19' title="bbox 355 1704 1924 1782; baseline 0.004 -24"><span class='ocrx_word' id='word_1_130' title='bbox 355 1705 580 1775; x_wconf 85' lang='grc' dir='ltr'>Κύριος,</span> <span class='ocrx_word' id='word_1_131' title='bbox 609 1704 700 1757; x_wconf 77' lang='grc' dir='ltr'>καὶ</span> <span class='ocrx_word' id='word_1_132' title='bbox 731 1705 994 1772; x_wconf 76' lang='grc' dir='ltr'>ὲπέφανεν</span> <span class='ocrx_word' id='word_1_133' title='bbox 1043 1707 1173 1775; x_wconf 78' lang='grc' dir='ltr'>ἡμῖν</span> <span class='ocrx_word' id='word_1_134' title='bbox 1195 1722 1212 1738; x_wconf 76' lang='grc' dir='ltr'><strong>ο</strong></span> <span class='ocrx_word' id='word_1_135' title='bbox 1237 1725 1256 1758; x_wconf 76' lang='grc' dir='ltr'><strong>ι</strong></span> <span class='ocrx_word' id='word_1_136' title='bbox 1297 1709 1388 1760; x_wconf 75' lang='grc' dir='ltr'><strong>καὶ</strong></span> <span class='ocrx_word' id='word_1_137' title='bbox 1427 1711 1588 1762; x_wconf 79' lang='grc' dir='ltr'>οἱονεὶ</span> <span class='ocrx_word' id='word_1_138' title='bbox 1622 1711 1787 1778; x_wconf 76' lang='grc' dir='ltr'>διφυᾶ</span> <span class='ocrx_word' id='word_1_139' title='bbox 1827 1713 1924 1782; x_wconf 82' lang='grc' dir='ltr'><strong>τὴν</strong></span> 
     </span>
    </p>
   </div>
   <div class='ocr_carea' id='block_1_20' title="bbox 360 1795 1924 1868">
    <p class='ocr_par' dir='ltr' id='par_1_20' title="bbox 360 1795 1924 1868">
     <span class='ocr_line' id='line_1_20' title="bbox 360 1795 1924 1868; baseline 0.005 -21"><span class='ocrx_word' id='word_1_140' title='bbox 360 1795 561 1866; x_wconf 80' lang='grc' dir='ltr'>γνῶσιν</span> <span class='ocrx_word' id='word_1_141' title='bbox 607 1795 740 1864; x_wconf 76' lang='grc' dir='ltr'>ἔχει’</span> <span class='ocrx_word' id='word_1_142' title='bbox 785 1797 986 1848; x_wconf 86' lang='grc' dir='ltr'>νοεῖται</span> <span class='ocrx_word' id='word_1_143' title='bbox 1019 1797 1128 1866; x_wconf 71' lang='grc' dir='ltr'>γὰρ</span> <span class='ocrx_word' id='word_1_144' title='bbox 1166 1798 1222 1848; x_wconf 75' lang='grc' dir='ltr'>ἐν</span> <span class='ocrx_word' id='word_1_145' title='bbox 1249 1798 1397 1868; x_wconf 82' lang='grc' dir='ltr'>αὐτῷ</span> <span class='ocrx_word' id='word_1_146' title='bbox 1431 1799 1562 1862; x_wconf 78' lang='grc' dir='ltr'>Θεός</span> <span class='ocrx_word' id='word_1_147' title='bbox 1606 1817 1664 1853; x_wconf 89' lang='grc' dir='ltr'><strong>τε</strong></span> <span class='ocrx_word' id='word_1_148' title='bbox 1701 1801 1793 1854; x_wconf 60' lang='grc' dir='ltr'><strong>καὶ⁹</strong></span> <span class='ocrx_word' id='word_1_149' title='bbox 1830 1804 1924 1856; x_wconf 80' lang='grc' dir='ltr'><strong>ἄν·</strong></span> 
     </span>
    </p>
   </div>
   <div class='ocr_carea' id='block_1_21' title="bbox 2027 627 3618 704">
    <p class='ocr_par' dir='ltr' id='par_1_21' title="bbox 2027 627 3618 704">
     <span class='ocr_line' id='line_1_21' title="bbox 2027 627 3618 704; baseline 0.008 -22"><span class='ocrx_word' id='word_1_150' title='bbox 2027 637 2111 682; x_wconf 89' lang='lat' dir='ltr'><strong>est</strong></span> <span class='ocrx_word' id='word_1_151' title='bbox 2143 627 2222 694; x_wconf 70' lang='lat'><strong>9&#39;;</strong></span> <span class='ocrx_word' id='word_1_152' title='bbox 2257 649 2274 674; x_wconf 73' lang='grc' dir='ltr'><strong>ι</strong></span> <span class='ocrx_word' id='word_1_153' title='bbox 2315 645 2440 685; x_wconf 91' lang='lat' dir='ltr'><strong>cum</strong></span> <span class='ocrx_word' id='word_1_154' title='bbox 2475 642 2659 704; x_wconf 66' lang='lat' dir='ltr'><strong>tamen</strong></span> <span class='ocrx_word' id='word_1_155' title='bbox 2704 647 2772 688; x_wconf 81' lang='lat' dir='ltr'><strong>ex</strong></span> <span class='ocrx_word' id='word_1_156' title='bbox 2809 641 3007 687; x_wconf 85' lang='lat' dir='ltr'><strong>natura</strong></span> <span class='ocrx_word' id='word_1_157' title='bbox 3043 631 3348 690; x_wconf 81' lang='lat' dir='ltr'><strong>divinitatis</strong></span> <span class='ocrx_word' id='word_1_158' title='bbox 3391 635 3618 704; x_wconf 66' lang='lat' dir='ltr'><strong>aequalis</strong></span> 
     </span>
    </p>
   </div>
   <div class='ocr_carea' id='block_1_22' title="bbox 2028 693 3618 796">
    <p class='ocr_par' dir='ltr' id='par_1_22' title="bbox 2028 693 3618 796">
     <span class='ocr_line' id='line_1_22' title="bbox 2028 693 3618 796; baseline 0.006 -23"><span class='ocrx_word' id='word_1_159' title='bbox 2028 719 2119 783; x_wconf 88' lang='lat' dir='ltr'><strong>sit,</strong></span> <span class='ocrx_word' id='word_1_160' title='bbox 2143 727 2199 774; x_wconf 91' lang='lat' dir='ltr'><strong>et</strong></span> <span class='ocrx_word' id='word_1_161' title='bbox 2210 693 2394 775; x_wconf 86' lang='lat' dir='ltr'><strong>nihilo</strong></span> <span class='ocrx_word' id='word_1_162' title='bbox 2416 693 2647 776; x_wconf 53' lang='lat' dir='ltr'><strong>inferi’or</strong></span> <span class='ocrx_word' id='word_1_163' title='bbox 2663 723 2986 778; x_wconf 79' lang='lat' dir='ltr'><strong>excellentia</strong></span> <span class='ocrx_word' id='word_1_164' title='bbox 2997 723 3293 780; x_wconf 85' lang='lat' dir='ltr'><strong>Genitoris.</strong></span> <span class='ocrx_word' id='word_1_165' title='bbox 3309 693 3618 796; x_wconf 75' lang='lat' dir='ltr'><strong>Longitudo</strong></span> 
     </span>
    </p>
   </div>
   <div class='ocr_carea' id='block_1_23' title="bbox 2026 811 3620 882">
    <p class='ocr_par' dir='ltr' id='par_1_23' title="bbox 2026 811 3620 882">
     <span class='ocr_line' id='line_1_23' title="bbox 2026 811 3620 882; baseline 0.006 -18"><span class='ocrx_word' id='word_1_166' title='bbox 2026 825 2160 864; x_wconf 87' lang='lat' dir='ltr'><strong>vero</strong></span> <span class='ocrx_word' id='word_1_167' title='bbox 2181 811 2449 868; x_wconf 65' lang='lat' dir='ltr'><strong>columnae</strong></span> <span class='ocrx_word' id='word_1_168' title='bbox 2473 814 2664 869; x_wconf 88' lang='lat' dir='ltr'><strong>decem</strong></span> <span class='ocrx_word' id='word_1_169' title='bbox 2685 815 3000 870; x_wconf 76' lang='lat' dir='ltr'><strong>cubitorum</strong></span> <span class='ocrx_word' id='word_1_170' title='bbox 3022 823 3173 882; x_wconf 88' lang='lat' dir='ltr'><strong>erat;</strong></span> <span class='ocrx_word' id='word_1_171' title='bbox 3189 823 3276 871; x_wconf 91' lang='lat' dir='ltr'><strong>est</strong></span> <span class='ocrx_word' id='word_1_172' title='bbox 3295 817 3442 872; x_wconf 89' lang='lat' dir='ltr'><strong>enim</strong></span> <span class='ocrx_word' id='word_1_173' title='bbox 3459 817 3620 874; x_wconf 81' lang='lat' dir='ltr'><strong>Chri-</strong></span> 
     </span>
    </p>
   </div>
   <div class='ocr_carea' id='block_1_24' title="bbox 2027 902 3613 977">
    <p class='ocr_par' dir='ltr' id='par_1_24' title="bbox 2027 902 3613 977">
     <span class='ocr_line' id='line_1_24' title="bbox 2027 902 3613 977; baseline 0.004 -22"><span class='ocrx_word' id='word_1_174' title='bbox 2027 907 2173 966; x_wconf 89' lang='lat' dir='ltr'><strong>stus,</strong></span> <span class='ocrx_word' id='word_1_175' title='bbox 2205 902 2351 972; x_wconf 91' lang='lat' dir='ltr'><strong>quod</strong></span> <span class='ocrx_word' id='word_1_176' title='bbox 2410 903 2478 958; x_wconf 90' lang='lat' dir='ltr'><strong>ad</strong></span> <span class='ocrx_word' id='word_1_177' title='bbox 2524 903 2830 961; x_wconf 76' lang='lat' dir='ltr'><strong>divinitatis</strong></span> <span class='ocrx_word' id='word_1_178' title='bbox 2888 905 3283 960; x_wconf 73' lang='lat' dir='ltr'><strong>sublimitatem</strong></span> <span class='ocrx_word' id='word_1_179' title='bbox 3341 909 3613 977; x_wconf 86' lang='lat' dir='ltr'><strong>pertinet.</strong></span> 
     </span>
    </p>
   </div>
   <div class='ocr_carea' id='block_1_25' title="bbox 2026 993 3619 1066">
    <p class='ocr_par' dir='ltr' id='par_1_25' title="bbox 2026 993 3619 1066">
     <span class='ocr_line' id='line_1_25' title="bbox 2026 993 3619 1066; baseline 0.004 -20"><span class='ocrx_word' id='word_1_180' title='bbox 2026 993 2489 1062; x_wconf 82' lang='lat' dir='ltr'><strong>perfectissimus;</strong></span> <span class='ocrx_word' id='word_1_181' title='bbox 2535 1010 2702 1066; x_wconf 91' lang='lat' dir='ltr'><strong>porro</strong></span> <span class='ocrx_word' id='word_1_182' title='bbox 2745 995 2800 1050; x_wconf 91' lang='lat' dir='ltr'><strong>in</strong></span> <span class='ocrx_word' id='word_1_183' title='bbox 2827 995 3031 1050; x_wconf 84' lang='lat' dir='ltr'><strong>divinis</strong></span> <span class='ocrx_word' id='word_1_184' title='bbox 3079 995 3308 1050; x_wconf 75' lang='lat' dir='ltr'><strong>Litteris</strong></span> <span class='ocrx_word' id='word_1_185' title='bbox 3351 996 3619 1052; x_wconf 84' lang='lat' dir='ltr'><strong>denarius</strong></span> 
     </span>
    </p>
   </div>
   <div class='ocr_carea' id='block_1_26' title="bbox 2025 1086 3617 1158">
    <p class='ocr_par' dir='ltr' id='par_1_26' title="bbox 2025 1086 3617 1158">
     <span class='ocr_line' id='line_1_26' title="bbox 2025 1086 3617 1158; baseline 0.001 -18"><span class='ocrx_word' id='word_1_186' title='bbox 2025 1101 2292 1142; x_wconf 88' lang='lat' dir='ltr'><strong>numerus</strong></span> <span class='ocrx_word' id='word_1_187' title='bbox 2319 1087 2714 1157; x_wconf 78' lang='lat' dir='ltr'><strong>perfectionem</strong></span> <span class='ocrx_word' id='word_1_188' title='bbox 2744 1086 3034 1158; x_wconf 75' lang='lat' dir='ltr'><strong>signiﬁcat.</strong></span> <span class='ocrx_word' id='word_1_189' title='bbox 3069 1089 3316 1142; x_wconf 85' lang='lat' dir='ltr'><strong>Aureum</strong></span> <span class='ocrx_word' id='word_1_190' title='bbox 3344 1097 3431 1142; x_wconf 92' lang='lat' dir='ltr'><strong>est</strong></span> <span class='ocrx_word' id='word_1_191' title='bbox 3473 1103 3617 1157; x_wconf 72' lang='lat' dir='ltr'><strong>pra:-</strong></span> 
     </span>
    </p>
   </div>
   <div class='ocr_carea' id='block_1_27' title="bbox 2026 1177 3618 1248">
    <p class='ocr_par' dir='ltr' id='par_1_27' title="bbox 2026 1177 3618 1248">
     <span class='ocr_line' id='line_1_27' title="bbox 2026 1177 3618 1248; baseline -0.001 -16"><span class='ocrx_word' id='word_1_192' title='bbox 2026 1187 2178 1241; x_wconf 82' lang='lat' dir='ltr'><strong>terea</strong></span> <span class='ocrx_word' id='word_1_193' title='bbox 2204 1179 2472 1234; x_wconf 69' lang='lat' dir='ltr'><strong>columna:</strong></span> <span class='ocrx_word' id='word_1_194' title='bbox 2502 1186 2696 1248; x_wconf 87' lang='lat' dir='ltr'><strong>caput,</strong></span> <span class='ocrx_word' id='word_1_195' title='bbox 2731 1186 2789 1234; x_wconf 90' lang='lat' dir='ltr'><strong>et</strong></span> <span class='ocrx_word' id='word_1_196' title='bbox 2823 1177 2959 1234; x_wconf 87' lang='lat' dir='ltr'><strong>item</strong></span> <span class='ocrx_word' id='word_1_197' title='bbox 2991 1193 3228 1248; x_wconf 85' lang='lat' dir='ltr'><strong>corpus;</strong></span> <span class='ocrx_word' id='word_1_198' title='bbox 3259 1185 3344 1232; x_wconf 87' lang='lat' dir='ltr'><strong>est</strong></span> <span class='ocrx_word' id='word_1_199' title='bbox 3373 1177 3507 1232; x_wconf 89' lang='lat' dir='ltr'><strong>illud</strong></span> <span class='ocrx_word' id='word_1_200' title='bbox 3533 1177 3618 1231; x_wconf 88' lang='lat' dir='ltr'><strong>vi-</strong></span> 
     </span>
    </p>
   </div>
   <div class='ocr_carea' id='block_1_28' title="bbox 2027 1268 3617 1340">
    <p class='ocr_par' dir='ltr' id='par_1_28' title="bbox 2027 1268 3617 1340">
     <span class='ocr_line' id='line_1_28' title="bbox 2027 1268 3617 1340; baseline 0 -17"><span class='ocrx_word' id='word_1_201' title='bbox 2027 1268 2212 1323; x_wconf 90' lang='lat' dir='ltr'><strong>cissim</strong></span> <span class='ocrx_word' id='word_1_202' title='bbox 2255 1268 2322 1323; x_wconf 88' lang='lat' dir='ltr'><strong>de</strong></span> <span class='ocrx_word' id='word_1_203' title='bbox 2364 1269 2587 1340; x_wconf 80' lang='lat' dir='ltr'><strong>Virgine</strong></span> <span class='ocrx_word' id='word_1_204' title='bbox 2629 1271 2895 1340; x_wconf 81' lang='lat' dir='ltr'><strong>templum</strong></span> <span class='ocrx_word' id='word_1_205' title='bbox 2939 1285 3169 1324; x_wconf 63' lang='lat' dir='ltr'><strong>summa:</strong></span> <span class='ocrx_word' id='word_1_206' title='bbox 3209 1268 3360 1322; x_wconf 90' lang='lat' dir='ltr'><strong>illius</strong></span> <span class='ocrx_word' id='word_1_207' title='bbox 3403 1277 3617 1323; x_wconf 65' lang='lat' dir='ltr'><strong>natura</strong></span> 
     </span>
    </p>
   </div>
   <div class='ocr_carea' id='block_1_29' title="bbox 2027 1355 3617 1429">
    <p class='ocr_par' dir='ltr' id='par_1_29' title="bbox 2027 1355 3617 1429">
     <span class='ocr_line' id='line_1_29' title="bbox 2027 1355 3617 1429; baseline 0.001 -20"><span class='ocrx_word' id='word_1_208' title='bbox 2027 1355 2424 1412; x_wconf 87' lang='lat' dir='ltr'><strong>inhabitatione</strong></span> <span class='ocrx_word' id='word_1_209' title='bbox 2477 1357 2748 1428; x_wconf 75' lang='lat' dir='ltr'><strong>praedives</strong></span> <span class='ocrx_word' id='word_1_210' title='bbox 2786 1376 2799 1412; x_wconf 92' lang='lat'><strong>:</strong></span> <span class='ocrx_word' id='word_1_211' title='bbox 2833 1359 2999 1429; x_wconf 75' lang='lat'><strong>318</strong></span> <span class='ocrx_word' id='word_1_212' title='bbox 3043 1357 3347 1412; x_wconf 85' lang='lat' dir='ltr'><strong>divinitatis</strong></span> <span class='ocrx_word' id='word_1_213' title='bbox 3415 1357 3617 1428; x_wconf 89' lang='lat' dir='ltr'><strong>quippe</strong></span> 
     </span>
    </p>
   </div>
   <div class='ocr_carea' id='block_1_30' title="bbox 2027 1447 3617 1519">
    <p class='ocr_par' dir='ltr' id='par_1_30' title="bbox 2027 1447 3617 1519">
     <span class='ocr_line' id='line_1_30' title="bbox 2027 1447 3617 1519; baseline 0.001 -18"><span class='ocrx_word' id='word_1_214' title='bbox 2027 1448 2331 1519; x_wconf 81' lang='lat' dir='ltr'><strong>symbolum</strong></span> <span class='ocrx_word' id='word_1_215' title='bbox 2379 1457 2464 1504; x_wconf 90' lang='lat' dir='ltr'><strong>est</strong></span> <span class='ocrx_word' id='word_1_216' title='bbox 2509 1465 2742 1514; x_wconf 83' lang='lat' dir='ltr'><strong>aurum,</strong></span> <span class='ocrx_word' id='word_1_217' title='bbox 2790 1465 2915 1504; x_wconf 89' lang='lat' dir='ltr'><strong>cum</strong></span> <span class='ocrx_word' id='word_1_218' title='bbox 2957 1449 3217 1502; x_wconf 92' lang='lat' dir='ltr'><strong>omnibus</strong></span> <span class='ocrx_word' id='word_1_219' title='bbox 3261 1455 3512 1518; x_wconf 63' lang='lat' dir='ltr'><strong>praestet,</strong></span> <span class='ocrx_word' id='word_1_220' title='bbox 3569 1447 3617 1503; x_wconf 89' lang='lat' dir='ltr'><strong>si</strong></span> 
     </span>
    </p>
   </div>
   <div class='ocr_carea' id='block_1_31' title="bbox 2026 1538 3619 1608">
    <p class='ocr_par' dir='ltr' id='par_1_31' title="bbox 2026 1538 3619 1608">
     <span class='ocr_line' id='line_1_31' title="bbox 2026 1538 3619 1608; baseline -0.001 -15"><span class='ocrx_word' id='word_1_221' title='bbox 2026 1538 2232 1593; x_wconf 88' lang='lat' dir='ltr'><strong>metalli</strong></span> <span class='ocrx_word' id='word_1_222' title='bbox 2275 1539 2544 1594; x_wconf 88' lang='lat' dir='ltr'><strong>rationem</strong></span> <span class='ocrx_word' id='word_1_223' title='bbox 2574 1539 2909 1594; x_wconf 82' lang='lat' dir='ltr'><strong>consideres.</strong></span> <span class='ocrx_word' id='word_1_224' title='bbox 2949 1538 3104 1595; x_wconf 88' lang='lat' dir='ltr'><strong>Basis</strong></span> <span class='ocrx_word' id='word_1_225' title='bbox 3141 1546 3406 1608; x_wconf 80' lang='lat' dir='ltr'><strong>praeterea</strong></span> <span class='ocrx_word' id='word_1_226' title='bbox 3434 1553 3502 1594; x_wconf 79' lang='lat' dir='ltr'><strong>ex</strong></span> <span class='ocrx_word' id='word_1_227' title='bbox 3527 1553 3619 1592; x_wconf 82' lang='lat' dir='ltr'><strong>ar-</strong></span> 
     </span>
    </p>
   </div>
   <div class='ocr_carea' id='block_1_32' title="bbox 2025 1627 3616 1700">
    <p class='ocr_par' dir='ltr' id='par_1_32' title="bbox 2025 1627 3616 1700">
     <span class='ocr_line' id='line_1_32' title="bbox 2025 1627 3616 1700; baseline 0 -18"><span class='ocrx_word' id='word_1_228' title='bbox 2025 1637 2189 1700; x_wconf 77' lang='lat' dir='ltr'><strong>gento</strong></span> <span class='ocrx_word' id='word_1_229' title='bbox 2211 1670 2226 1694; x_wconf 89' lang='lat'><strong>,</strong></span> <span class='ocrx_word' id='word_1_230' title='bbox 2255 1645 2320 1685; x_wconf 92' lang='lat' dir='ltr'><strong>ac</strong></span> <span class='ocrx_word' id='word_1_231' title='bbox 2359 1631 2578 1685; x_wconf 84' lang='lat' dir='ltr'><strong>duobus</strong></span> <span class='ocrx_word' id='word_1_232' title='bbox 2599 1639 2848 1696; x_wconf 78' lang='lat' dir='ltr'><strong>constat;</strong></span> <span class='ocrx_word' id='word_1_233' title='bbox 2879 1629 3130 1700; x_wconf 87' lang='lat' dir='ltr'><strong>splendet</strong></span> <span class='ocrx_word' id='word_1_234' title='bbox 3161 1628 3294 1682; x_wconf 83' lang='lat' dir='ltr'><strong>item</strong></span> <span class='ocrx_word' id='word_1_235' title='bbox 3321 1627 3374 1681; x_wconf 90' lang='lat' dir='ltr'><strong>in</strong></span> <span class='ocrx_word' id='word_1_236' title='bbox 3407 1628 3568 1682; x_wconf 83' lang='lat' dir='ltr'><strong>terris</strong></span> <span class='ocrx_word' id='word_1_237' title='bbox 3599 1667 3616 1691; x_wconf 90' lang='lat'><em>.</em></span> 
     </span>
    </p>
   </div>
   <div class='ocr_carea' id='block_1_33' title="bbox 2024 1717 3616 1786">
    <p class='ocr_par' dir='ltr' id='par_1_33' title="bbox 2024 1717 3616 1786">
     <span class='ocr_line' id='line_1_33' title="bbox 2024 1717 3616 1786; baseline -0.001 -13"><span class='ocrx_word' id='word_1_238' title='bbox 2024 1727 2081 1773; x_wconf 87' lang='lat' dir='ltr'><strong>et</strong></span> <span class='ocrx_word' id='word_1_239' title='bbox 2102 1719 2333 1774; x_wconf 86' lang='lat' dir='ltr'><strong>illustris</strong></span> <span class='ocrx_word' id='word_1_240' title='bbox 2355 1729 2437 1774; x_wconf 89' lang='lat' dir='ltr'><strong>est</strong></span> <span class='ocrx_word' id='word_1_241' title='bbox 2462 1719 2748 1786; x_wconf 88' lang='lat' dir='ltr'><strong>Christus;</strong></span> <span class='ocrx_word' id='word_1_242' title='bbox 2779 1719 2924 1774; x_wconf 89' lang='lat' dir='ltr'><strong>unde</strong></span> <span class='ocrx_word' id='word_1_243' title='bbox 2959 1719 3094 1773; x_wconf 90' lang='lat' dir='ltr'><strong>illud</strong></span> <span class='ocrx_word' id='word_1_244' title='bbox 3137 1725 3223 1772; x_wconf 89' lang='lat' dir='ltr'><strong>est</strong></span> <span class='ocrx_word' id='word_1_245' title='bbox 3251 1735 3266 1770; x_wconf 90' lang='lat'><strong>:</strong></span> <span class='ocrx_word' id='word_1_246' title='bbox 3300 1736 3318 1768; x_wconf 83' lang='grc' dir='ltr'><strong>ι</strong></span> <span class='ocrx_word' id='word_1_247' title='bbox 3341 1718 3486 1771; x_wconf 87' lang='lat' dir='ltr'><strong>Deus</strong></span> <span class='ocrx_word' id='word_1_248' title='bbox 3507 1717 3616 1772; x_wconf 86' lang='lat' dir='ltr'><strong>Do—</strong></span> 
     </span>
    </p>
   </div>
   <div class='ocr_carea' id='block_1_34' title="bbox 2025 1807 3617 1879">
    <p class='ocr_par' dir='ltr' id='par_1_34' title="bbox 2025 1807 3617 1879">
     <span class='ocr_line' id='line_1_34' title="bbox 2025 1807 3617 1879; baseline -0.002 -16"><span class='ocrx_word' id='word_1_249' title='bbox 2025 1809 2210 1864; x_wconf 90' lang='lat' dir='ltr'><strong>minus</strong></span> <span class='ocrx_word' id='word_1_250' title='bbox 2234 1849 2249 1875; x_wconf 91' lang='lat'><strong>,</strong></span> <span class='ocrx_word' id='word_1_251' title='bbox 2282 1819 2338 1864; x_wconf 90' lang='lat' dir='ltr'><strong>et</strong></span> <span class='ocrx_word' id='word_1_252' title='bbox 2371 1809 2550 1864; x_wconf 75' lang='lat' dir='ltr'><strong>illuxit</strong></span> <span class='ocrx_word' id='word_1_253' title='bbox 2575 1809 2736 1863; x_wconf 86' lang='lat' dir='ltr'><strong>nobis</strong></span> <span class='ocrx_word' id='word_1_254' title='bbox 2759 1809 2830 1875; x_wconf 79' lang='lat'><strong>“;</strong></span> <span class='ocrx_word' id='word_1_255' title='bbox 2865 1828 2883 1860; x_wconf 73' lang='grc' dir='ltr'><strong>ι</strong></span> <span class='ocrx_word' id='word_1_256' title='bbox 2917 1809 3246 1879; x_wconf 81' lang='lat' dir='ltr'><strong>geminaque</strong></span> <span class='ocrx_word' id='word_1_257' title='bbox 3271 1815 3356 1861; x_wconf 90' lang='lat' dir='ltr'><strong>est</strong></span> <span class='ocrx_word' id='word_1_258' title='bbox 3377 1807 3496 1876; x_wconf 81' lang='lat' dir='ltr'><strong>ejus</strong></span> <span class='ocrx_word' id='word_1_259' title='bbox 3521 1821 3617 1860; x_wconf 87' lang='lat' dir='ltr'><strong>co-</strong></span> 
     </span>
    </p>
   </div>
   <div class='ocr_carea' id='block_1_35' title="bbox 356 1865 1931 1971">
    <p class='ocr_par' dir='ltr' id='par_1_35' title="bbox 356 1881 1925 1965">
     <span class='ocr_line' id='line_1_35' title="bbox 356 1881 1925 1965; baseline 0.003 -23"><span class='ocrx_word' id='word_1_260' title='bbox 356 1888 592 1958; x_wconf 84' lang='grc' dir='ltr'>θρωπος.</span> <span class='ocrx_word' id='word_1_261' title='bbox 626 1886 788 1938; x_wconf 76' lang='grc' dir='ltr'>Τουτὶ</span> <span class='ocrx_word' id='word_1_262' title='bbox 834 1885 961 1956; x_wconf 79' lang='grc' dir='ltr'>γὰρ,</span> <span class='ocrx_word' id='word_1_263' title='bbox 995 1881 1169 1956; x_wconf 76' lang='grc' dir='ltr'>οἶμαι,</span> <span class='ocrx_word' id='word_1_264' title='bbox 1203 1887 1340 1954; x_wconf 72' lang='grc' dir='ltr'>ἔστι,</span> <span class='ocrx_word' id='word_1_265' title='bbox 1401 1889 1460 1942; x_wconf 71' lang='grc' dir='ltr'>τὸ</span> <span class='ocrx_word' id='word_1_266' title='bbox 1509 1890 1704 1962; x_wconf 83' lang='grc' dir='ltr'>διπλῆν</span> <span class='ocrx_word' id='word_1_267' title='bbox 1736 1891 1925 1965; x_wconf 83' lang='grc' dir='ltr'>ὥσπερ</span> 
     </span>
    </p>
   </div>
   <div class='ocr_carea' id='block_1_36' title="bbox 2033 1865 3622 1971">
    <p class='ocr_par' dir='ltr' id='par_1_36' title="bbox 2033 1865 3622 1971">
     <span class='ocr_line' id='line_1_36' title="bbox 2033 1865 3622 1971; baseline -0.001 -18"><span class='ocrx_word' id='word_1_268' title='bbox 2033 1899 2200 1971; x_wconf 82' lang='lat' dir='ltr'><strong>gnitio</strong></span> <span class='ocrx_word' id='word_1_269' title='bbox 2219 1939 2234 1964; x_wconf 95' lang='lat'><strong>,</strong></span> <span class='ocrx_word' id='word_1_270' title='bbox 2271 1909 2569 1970; x_wconf 87' lang='lat' dir='ltr'><strong>utrumque</strong></span> <span class='ocrx_word' id='word_1_271' title='bbox 2595 1901 2742 1954; x_wconf 89' lang='lat' dir='ltr'><strong>enim</strong></span> <span class='ocrx_word' id='word_1_272' title='bbox 2781 1900 2838 1953; x_wconf 88' lang='lat' dir='ltr'><strong>in</strong></span> <span class='ocrx_word' id='word_1_273' title='bbox 2868 1865 2948 1954; x_wconf 57' lang='lat' dir='ltr'><strong>et;</strong></span> <span class='ocrx_word' id='word_1_274' title='bbox 2961 1900 3110 1954; x_wconf 88' lang='lat' dir='ltr'><strong>Deus</strong></span> <span class='ocrx_word' id='word_1_275' title='bbox 3146 1905 3203 1952; x_wconf 91' lang='lat' dir='ltr'><strong>et</strong></span> <span class='ocrx_word' id='word_1_276' title='bbox 3226 1897 3393 1952; x_wconf 91' lang='lat' dir='ltr'><strong>homo</strong></span> <span class='ocrx_word' id='word_1_277' title='bbox 3417 1895 3622 1951; x_wconf 89' lang='lat' dir='ltr'><strong>intelli-</strong></span> 
     </span>
    </p>
   </div>
   <div class='ocr_carea' id='block_1_37' title="bbox 353 1975 1296 2052">
    <p class='ocr_par' dir='ltr' id='par_1_37' title="bbox 353 1975 1296 2052">
     <span class='ocr_line' id='line_1_37' title="bbox 353 1975 1296 2052; baseline 0.001 -22"><span class='ocrx_word' id='word_1_278' title='bbox 353 1976 620 2052; x_wconf 76' lang='grc' dir='ltr'>ἔχεινκαὶ</span> <span class='ocrx_word' id='word_1_279' title='bbox 646 1975 705 2040; x_wconf 77' lang='grc' dir='ltr'><strong>ἐξ</strong></span> <span class='ocrx_word' id='word_1_280' title='bbox 724 1975 966 2050; x_wconf 74' lang='grc' dir='ltr'>ἀργύρου</span> <span class='ocrx_word' id='word_1_281' title='bbox 995 1975 1092 2048; x_wconf 79' lang='grc' dir='ltr'>τὴν</span> <span class='ocrx_word' id='word_1_282' title='bbox 1117 1976 1296 2047; x_wconf 85' lang='grc' dir='ltr'>βάσιν.</span> 
     </span>
    </p>
   </div>
   <div class='ocr_carea' id='block_1_38' title="bbox 427 2151 1154 2224">
    <p class='ocr_par' dir='ltr' id='par_1_38' title="bbox 427 2151 1154 2224">
     <span class='ocr_line' id='line_1_38' title="bbox 427 2151 1154 2224; baseline 0 -18"><span class='ocrx_word' id='word_1_283' title='bbox 427 2155 635 2212; x_wconf 72' lang='grc' dir='ltr'><strong>ΠΑᾹΛ.</strong></span> <span class='ocrx_word' id='word_1_284' title='bbox 677 2151 931 2216; x_wconf 80' lang='grc' dir='ltr'>Εἰκάζεις</span> <span class='ocrx_word' id='word_1_285' title='bbox 961 2152 1154 2224; x_wconf 77' lang='grc' dir='ltr'>ὀρθῶς.</span> 
     </span>
    </p>
   </div>
   <div class='ocr_carea' id='block_1_39' title="bbox 427 2239 1408 2316">
    <p class='ocr_par' dir='ltr' id='par_1_39' title="bbox 427 2239 1408 2316">
     <span class='ocr_line' id='line_1_39' title="bbox 427 2239 1408 2316; baseline 0.003 -17"><span class='ocrx_word' id='word_1_286' title='bbox 427 2248 590 2300; x_wconf 76' lang='grc' dir='ltr'><strong>ΚΥΡ.</strong></span> <span class='ocrx_word' id='word_1_287' title='bbox 631 2247 739 2299; x_wconf 82' lang='grc' dir='ltr'>Θέα</span> <span class='ocrx_word' id='word_1_288' title='bbox 761 2263 823 2314; x_wconf 82' lang='grc' dir='ltr'>γε</span> <span class='ocrx_word' id='word_1_289' title='bbox 857 2246 964 2316; x_wconf 75' lang='grc' dir='ltr'>μὴν</span> <span class='ocrx_word' id='word_1_290' title='bbox 990 2247 1186 2311; x_wconf 79' lang='grc' dir='ltr'>ἐκεῖνο,</span> <span class='ocrx_word' id='word_1_291' title='bbox 1214 2239 1258 2299; x_wconf 80' lang='grc' dir='ltr'><strong>ὦ</strong></span> <span class='ocrx_word' id='word_1_292' title='bbox 1290 2245 1408 2302; x_wconf 71' lang='grc' dir='ltr'>τᾶν.</span> 
     </span>
    </p>
   </div>
   <div class='ocr_carea' id='block_1_40' title="bbox 423 2339 955 2408">
    <p class='ocr_par' dir='ltr' id='par_1_40' title="bbox 423 2339 955 2408">
     <span class='ocr_line' id='line_1_40' title="bbox 423 2339 955 2408; baseline -0.011 -12"><span class='ocrx_word' id='word_1_293' title='bbox 423 2340 634 2396; x_wconf 74' lang='grc' dir='ltr'><strong>ΠΛΛΛ.</strong></span> <span class='ocrx_word' id='word_1_294' title='bbox 677 2339 744 2391; x_wconf 82' lang='grc' dir='ltr'>Ὀ</span> <span class='ocrx_word' id='word_1_295' title='bbox 777 2355 827 2390; x_wconf 85' lang='grc' dir='ltr'><strong>τι</strong></span> <span class='ocrx_word' id='word_1_296' title='bbox 855 2339 955 2408; x_wconf 51' lang='lat' dir='ltr'><strong>at;</strong></span> 
     </span>
    </p>
   </div>
   <div class='ocr_carea' id='block_1_41' title="bbox 426 2429 1932 2504">
    <p class='ocr_par' dir='ltr' id='par_1_41' title="bbox 426 2429 1932 2504">
     <span class='ocr_line' id='line_1_41' title="bbox 426 2429 1932 2504; baseline 0.003 -20"><span class='ocrx_word' id='word_1_297' title='bbox 426 2431 590 2484; x_wconf 80' lang='grc' dir='ltr'><strong>ΚΥΡ.</strong></span> <span class='ocrx_word' id='word_1_298' title='bbox 631 2431 722 2494; x_wconf 82' lang='grc' dir='ltr'><strong>Εἰς</strong></span> <span class='ocrx_word' id='word_1_299' title='bbox 773 2429 996 2492; x_wconf 76' lang='grc' dir='ltr'>αὐλαίας</span> <span class='ocrx_word' id='word_1_300' title='bbox 1045 2429 1154 2501; x_wconf 76' lang='grc' dir='ltr'>γάρ</span> <span class='ocrx_word' id='word_1_301' title='bbox 1212 2429 1343 2483; x_wconf 86' lang='grc' dir='ltr'>δέκα</span> <span class='ocrx_word' id='word_1_302' title='bbox 1393 2431 1777 2503; x_wconf 73' lang='grc' dir='ltr'><strong>προστεταχὼς</strong></span> <span class='ocrx_word' id='word_1_303' title='bbox 1800 2433 1932 2504; x_wconf 84' lang='grc' dir='ltr'>ὃλην</span> 
     </span>
    </p>
   </div>
   <div class='ocr_carea' id='block_1_42' title="bbox 358 2520 1930 2592">
    <p class='ocr_par' dir='ltr' id='par_1_42' title="bbox 358 2520 1930 2592">
     <span class='ocr_line' id='line_1_42' title="bbox 358 2520 1930 2592; baseline 0.002 -18"><span class='ocrx_word' id='word_1_304' title='bbox 358 2521 692 2578; x_wconf 73' lang='grc' dir='ltr'>ἑκτείνεσθαι</span> <span class='ocrx_word' id='word_1_305' title='bbox 743 2521 842 2592; x_wconf 79' lang='grc' dir='ltr'>τὴν</span> <span class='ocrx_word' id='word_1_306' title='bbox 897 2520 1141 2591; x_wconf 77' lang='grc' dir='ltr'>σκηνὴν,</span> <span class='ocrx_word' id='word_1_307' title='bbox 1191 2522 1433 2591; x_wconf 77' lang='grc' dir='ltr'><strong>ἐπιλέγει</strong></span> <span class='ocrx_word' id='word_1_308' title='bbox 1493 2523 1720 2592; x_wconf 78' lang='grc' dir='ltr'>μεταξύ·</span> <span class='ocrx_word' id='word_1_309' title='bbox 1776 2527 1930 2582; x_wconf 76' lang='grc' dir='ltr'><strong>«Καὶ</strong></span> 
     </span>
    </p>
   </div>
   <div class='ocr_carea' id='block_1_43' title="bbox 363 2612 1926 2688">
    <p class='ocr_par' dir='ltr' id='par_1_43' title="bbox 363 2612 1926 2688">
     <span class='ocr_line' id='line_1_43' title="bbox 363 2612 1926 2688; baseline 0.002 -21"><span class='ocrx_word' id='word_1_310' title='bbox 363 2615 608 2681; x_wconf 78' lang='grc' dir='ltr'><strong>ποιήσεις</strong></span> <span class='ocrx_word' id='word_1_311' title='bbox 653 2613 858 2686; x_wconf 68' lang='grc' dir='ltr'>δέρρεις</span> <span class='ocrx_word' id='word_1_312' title='bbox 886 2612 1149 2687; x_wconf 73' lang='grc' dir='ltr'>τριχίνας,</span> <span class='ocrx_word' id='word_1_313' title='bbox 1183 2613 1392 2684; x_wconf 78' lang='grc' dir='ltr'><strong>σκέπην</strong></span> <span class='ocrx_word' id='word_1_314' title='bbox 1437 2615 1530 2667; x_wconf 75' lang='grc' dir='ltr'><strong>ἐπὶ</strong></span> <span class='ocrx_word' id='word_1_315' title='bbox 1574 2615 1672 2685; x_wconf 85' lang='grc' dir='ltr'>τῆς</span> <span class='ocrx_word' id='word_1_316' title='bbox 1698 2618 1926 2688; x_wconf 71' lang='grc' dir='ltr'><strong>σκηνῆς,-⁹</strong></span> 
     </span>
    </p>
   </div>
   <div class='ocr_carea' id='block_1_44' title="bbox 361 2703 1930 2780">
    <p class='ocr_par' dir='ltr' id='par_1_44' title="bbox 361 2703 1930 2780">
     <span class='ocr_line' id='line_1_44' title="bbox 361 2703 1930 2780; baseline 0.002 -22"><span class='ocrx_word' id='word_1_317' title='bbox 361 2705 556 2758; x_wconf 74' lang='grc' dir='ltr'>ἓνδεκα</span> <span class='ocrx_word' id='word_1_318' title='bbox 581 2705 820 2774; x_wconf 80' lang='grc' dir='ltr'><strong>ποιήσεις</strong></span> <span class='ocrx_word' id='word_1_319' title='bbox 839 2705 1007 2768; x_wconf 73' lang='grc' dir='ltr'>αὑτάς</span> <span class='ocrx_word' id='word_1_320' title='bbox 1031 2703 1262 2776; x_wconf 70' lang='grc' dir='ltr'>δέρρεις,</span> <span class='ocrx_word' id='word_1_321' title='bbox 1290 2704 1351 2757; x_wconf 80' lang='grc' dir='ltr'><strong>τὸ</strong></span> <span class='ocrx_word' id='word_1_322' title='bbox 1373 2705 1547 2776; x_wconf 81' lang='grc' dir='ltr'>μῆκος</span> <span class='ocrx_word' id='word_1_323' title='bbox 1579 2708 1678 2778; x_wconf 81' lang='grc' dir='ltr'>τῆς</span> <span class='ocrx_word' id='word_1_324' title='bbox 1693 2708 1930 2780; x_wconf 74' lang='grc' dir='ltr'>δέρῤεως</span> 
     </span>
    </p>
   </div>
   <div class='ocr_carea' id='block_1_45' title="bbox 363 2796 1930 2872">
    <p class='ocr_par' dir='ltr' id='par_1_45' title="bbox 363 2796 1930 2872">
     <span class='ocr_line' id='line_1_45' title="bbox 363 2796 1930 2872; baseline 0.004 -23"><span class='ocrx_word' id='word_1_325' title='bbox 363 2796 460 2867; x_wconf 83' lang='grc' dir='ltr'>τῆς</span> <span class='ocrx_word' id='word_1_326' title='bbox 487 2799 612 2867; x_wconf 58' lang='lat' dir='ltr'><strong>me;</strong></span> <span class='ocrx_word' id='word_1_327' title='bbox 653 2797 802 2850; x_wconf 81' lang='grc' dir='ltr'>ἔσται</span> <span class='ocrx_word' id='word_1_328' title='bbox 847 2798 1138 2869; x_wconf 85' lang='grc' dir='ltr'>τριάκοντα</span> <span class='ocrx_word' id='word_1_329' title='bbox 1199 2798 1435 2866; x_wconf 85' lang='grc' dir='ltr'>πήχεων,</span> <span class='ocrx_word' id='word_1_330' title='bbox 1499 2798 1596 2852; x_wconf 76' lang='grc' dir='ltr'>καὶ</span> <span class='ocrx_word' id='word_1_331' title='bbox 1650 2802 1930 2872; x_wconf 84' lang='grc' dir='ltr'><strong>τεσσάρων</strong></span> 
     </span>
    </p>
   </div>
   <div class='ocr_carea' id='block_1_46' title="bbox 360 2884 1932 2964">
    <p class='ocr_par' dir='ltr' id='par_1_46' title="bbox 360 2884 1932 2964">
     <span class='ocr_line' id='line_1_46' title="bbox 360 2884 1932 2964; baseline 0.01 -26"><span class='ocrx_word' id='word_1_332' title='bbox 360 2889 576 2958; x_wconf 79' lang='grc' dir='ltr'>πήχεων</span> <span class='ocrx_word' id='word_1_333' title='bbox 621 2888 682 2942; x_wconf 84' lang='grc' dir='ltr'><strong>τὸ</strong></span> <span class='ocrx_word' id='word_1_334' title='bbox 733 2884 890 2961; x_wconf 77' lang='grc' dir='ltr'>εὖρος</span> <span class='ocrx_word' id='word_1_335' title='bbox 934 2891 1032 2960; x_wconf 79' lang='grc' dir='ltr'>τῆς</span> <span class='ocrx_word' id='word_1_336' title='bbox 1062 2891 1295 2960; x_wconf 78' lang='grc' dir='ltr'>δέρῤεως</span> <span class='ocrx_word' id='word_1_337' title='bbox 1332 2892 1431 2962; x_wconf 83' lang='grc' dir='ltr'>τῆς</span> <span class='ocrx_word' id='word_1_338' title='bbox 1491 2896 1654 2964; x_wconf 64' lang='grc' dir='ltr'>μαῖς’</span> <span class='ocrx_word' id='word_1_339' title='bbox 1706 2897 1766 2950; x_wconf 79' lang='grc' dir='ltr'><strong>τὸ</strong></span> <span class='ocrx_word' id='word_1_340' title='bbox 1799 2898 1932 2954; x_wconf 79' lang='grc' dir='ltr'>αὐτὸ</span> 
     </span>
    </p>
   </div>
   <div class='ocr_carea' id='block_1_47' title="bbox 361 2979 1931 3058">
    <p class='ocr_par' dir='ltr' id='par_1_47' title="bbox 361 2979 1931 3058">
     <span class='ocr_line' id='line_1_47' title="bbox 361 2979 1931 3058; baseline 0.01 -27"><span class='ocrx_word' id='word_1_341' title='bbox 361 2979 534 3054; x_wconf 83' lang='grc' dir='ltr'>μῆκος</span> <span class='ocrx_word' id='word_1_342' title='bbox 567 2981 660 3033; x_wconf 71' lang='grc' dir='ltr'>ἐπὶ</span> <span class='ocrx_word' id='word_1_343' title='bbox 711 2984 829 3045; x_wconf 82' lang='grc' dir='ltr'>ταῖς</span> <span class='ocrx_word' id='word_1_344' title='bbox 857 2983 1048 3036; x_wconf 76' lang='grc' dir='ltr'>ἕνδεκα</span> <span class='ocrx_word' id='word_1_345' title='bbox 1081 2983 1316 3054; x_wconf 73' lang='grc' dir='ltr'>δέρρεσι.</span> <span class='ocrx_word' id='word_1_346' title='bbox 1371 2987 1480 3038; x_wconf 71' lang='grc' dir='ltr'>Καὶ</span> <span class='ocrx_word' id='word_1_347' title='bbox 1527 2988 1784 3058; x_wconf 69' lang='grc' dir='ltr'>συνάψεις</span> <span class='ocrx_word' id='word_1_348' title='bbox 1831 2993 1931 3056; x_wconf 78' lang='grc' dir='ltr'>τὰς</span> 
     </span>
    </p>
   </div>
   <div class='ocr_carea' id='block_1_48' title="bbox 359 3073 1931 3152">
    <p class='ocr_par' dir='ltr' id='par_1_48' title="bbox 359 3073 1931 3152">
     <span class='ocr_line' id='line_1_48' title="bbox 359 3073 1931 3152; baseline 0.01 -29"><span class='ocrx_word' id='word_1_349' title='bbox 359 3073 518 3126; x_wconf 80' lang='grc' dir='ltr'>πέντε</span> <span class='ocrx_word' id='word_1_350' title='bbox 545 3074 758 3145; x_wconf 69' lang='grc' dir='ltr'>δέρρεις</span> <span class='ocrx_word' id='word_1_351' title='bbox 791 3076 884 3128; x_wconf 76' lang='grc' dir='ltr'>ἐπὶ</span> <span class='ocrx_word' id='word_1_352' title='bbox 908 3075 969 3128; x_wconf 81' lang='grc' dir='ltr'><strong>τὸ</strong></span> <span class='ocrx_word' id='word_1_353' title='bbox 998 3077 1148 3139; x_wconf 78' lang='grc' dir='ltr'>αὐτὸ,</span> <span class='ocrx_word' id='word_1_354' title='bbox 1178 3078 1273 3130; x_wconf 74' lang='grc' dir='ltr'><strong>καὶ</strong></span> <span class='ocrx_word' id='word_1_355' title='bbox 1298 3078 1394 3142; x_wconf 71' lang='grc' dir='ltr'><strong>τὰς</strong></span> <span class='ocrx_word' id='word_1_356' title='bbox 1422 3079 1480 3146; x_wconf 79' lang='grc' dir='ltr'>ἓξ</span> <span class='ocrx_word' id='word_1_357' title='bbox 1505 3081 1722 3152; x_wconf 68' lang='grc' dir='ltr'>δέρρεις</span> <span class='ocrx_word' id='word_1_358' title='bbox 1753 3085 1844 3138; x_wconf 76' lang='grc' dir='ltr'>ἐπὶ</span> <span class='ocrx_word' id='word_1_359' title='bbox 1871 3087 1931 3139; x_wconf 86' lang='grc' dir='ltr'>τὺ</span> 
     </span>
    </p>
   </div>
   <div class='ocr_carea' id='block_1_49' title="bbox 2029 1987 3618 2062">
    <p class='ocr_par' dir='ltr' id='par_1_49' title="bbox 2029 1987 3618 2062">
     <span class='ocr_line' id='line_1_49' title="bbox 2029 1987 3618 2062; baseline -0.001 -16"><span class='ocrx_word' id='word_1_360' title='bbox 2029 1992 2196 2062; x_wconf 83' lang='lat' dir='ltr'><strong>gitur.</strong></span> <span class='ocrx_word' id='word_1_361' title='bbox 2237 1990 2354 2045; x_wconf 84' lang='lat' dir='ltr'><strong>Hoc</strong></span> <span class='ocrx_word' id='word_1_362' title='bbox 2381 1990 2526 2045; x_wconf 90' lang='lat' dir='ltr'><strong>enim</strong></span> <span class='ocrx_word' id='word_1_363' title='bbox 2562 1997 2678 2056; x_wconf 90' lang='lat' dir='ltr'><strong>est,</strong></span> <span class='ocrx_word' id='word_1_364' title='bbox 2714 1997 2776 2043; x_wconf 92' lang='lat' dir='ltr'><strong>ut</strong></span> <span class='ocrx_word' id='word_1_365' title='bbox 2817 1989 3042 2059; x_wconf 88' lang='lat' dir='ltr'><strong>opinor,</strong></span> <span class='ocrx_word' id='word_1_366' title='bbox 3073 1987 3353 2060; x_wconf 89' lang='lat' dir='ltr'><strong>duplicem</strong></span> <span class='ocrx_word' id='word_1_367' title='bbox 3410 1987 3618 2044; x_wconf 85' lang='lat' dir='ltr'><strong>habere</strong></span> 
     </span>
    </p>
   </div>
   <div class='ocr_carea' id='block_1_50' title="bbox 2030 2079 3104 2152">
    <p class='ocr_par' dir='ltr' id='par_1_50' title="bbox 2030 2079 3104 2152">
     <span class='ocr_line' id='line_1_50' title="bbox 2030 2079 3104 2152; baseline -0.002 -16"><span class='ocrx_word' id='word_1_368' title='bbox 2030 2083 2268 2152; x_wconf 89' lang='lat' dir='ltr'><strong>quodam</strong></span> <span class='ocrx_word' id='word_1_369' title='bbox 2294 2081 2456 2136; x_wconf 92' lang='lat' dir='ltr'><strong>modo</strong></span> <span class='ocrx_word' id='word_1_370' title='bbox 2482 2089 2538 2135; x_wconf 91' lang='lat' dir='ltr'><strong>et</strong></span> <span class='ocrx_word' id='word_1_371' title='bbox 2567 2090 2882 2151; x_wconf 77' lang='lat' dir='ltr'><strong>argenteam</strong></span> <span class='ocrx_word' id='word_1_372' title='bbox 2907 2079 3104 2134; x_wconf 84' lang='lat' dir='ltr'><strong>basim.</strong></span> 
     </span>
    </p>
   </div>
   <div class='ocr_carea' id='block_1_51' title="bbox 2101 2173 2767 2242">
    <p class='ocr_par' dir='ltr' id='par_1_51' title="bbox 2101 2173 2767 2242">
     <span class='ocr_line' id='line_1_51' title="bbox 2101 2173 2767 2242; baseline -0.005 -13"><span class='ocrx_word' id='word_1_373' title='bbox 2101 2173 2298 2230; x_wconf 80' lang='lat' dir='ltr'><strong>PALL.</strong></span> <span class='ocrx_word' id='word_1_374' title='bbox 2325 2174 2498 2228; x_wconf 83' lang='lat' dir='ltr'><strong>Recte</strong></span> <span class='ocrx_word' id='word_1_375' title='bbox 2521 2173 2767 2242; x_wconf 84' lang='lat' dir='ltr'><strong>conjicis.</strong></span> 
     </span>
    </p>
   </div>
   <div class='ocr_carea' id='block_1_52' title="bbox 2103 2263 3300 2322">
    <p class='ocr_par' dir='ltr' id='par_1_52' title="bbox 2103 2263 3300 2322">
     <span class='ocr_line' id='line_1_52' title="bbox 2103 2263 3300 2322; baseline -0.003 0"><span class='ocrx_word' id='word_1_376' title='bbox 2103 2266 2260 2322; x_wconf 76' lang='lat' dir='ltr'><strong>CYR.</strong></span> <span class='ocrx_word' id='word_1_377' title='bbox 2284 2265 2421 2321; x_wconf 85' lang='lat' dir='ltr'><strong>[llud</strong></span> <span class='ocrx_word' id='word_1_378' title='bbox 2466 2273 2646 2319; x_wconf 88' lang='lat' dir='ltr'><strong>tamen</strong></span> <span class='ocrx_word' id='word_1_379' title='bbox 2679 2263 3086 2319; x_wconf 85' lang='lat' dir='ltr'><strong>animadvertas</strong></span> <span class='ocrx_word' id='word_1_380' title='bbox 3114 2263 3300 2318; x_wconf 82' lang='lat' dir='ltr'><strong>velim.</strong></span> 
     </span>
    </p>
   </div>
   <div class='ocr_carea' id='block_1_53' title="bbox 2103 2355 2952 2424">
    <p class='ocr_par' dir='ltr' id='par_1_53' title="bbox 2103 2355 2952 2424">
     <span class='ocr_line' id='line_1_53' title="bbox 2103 2355 2952 2424; baseline -0.007 -11"><span class='ocrx_word' id='word_1_381' title='bbox 2103 2357 2302 2413; x_wconf 82' lang='lat' dir='ltr'><strong>PALL.</strong></span> <span class='ocrx_word' id='word_1_382' title='bbox 2331 2355 2474 2424; x_wconf 82' lang='lat' dir='ltr'><strong>Quid</strong></span> <span class='ocrx_word' id='word_1_383' title='bbox 2509 2355 2656 2410; x_wconf 87' lang='lat' dir='ltr'><strong>istud</strong></span> <span class='ocrx_word' id='word_1_384' title='bbox 2695 2355 2952 2410; x_wconf 85' lang='lat' dir='ltr'><strong>tandem?</strong></span> 
     </span>
    </p>
   </div>
   <div class='ocr_carea' id='block_1_54' title="bbox 2103 2442 3620 2515">
    <p class='ocr_par' dir='ltr' id='par_1_54' title="bbox 2103 2442 3620 2515">
     <span class='ocr_line' id='line_1_54' title="bbox 2103 2442 3620 2515; baseline -0.006 -10"><span class='ocrx_word' id='word_1_385' title='bbox 2103 2449 2261 2506; x_wconf 67' lang='grc' dir='ltr'><strong>(ΠΒ.</strong></span> <span class='ocrx_word' id='word_1_386' title='bbox 2281 2451 2446 2515; x_wconf 89' lang='lat' dir='ltr'><strong>Nam,</strong></span> <span class='ocrx_word' id='word_1_387' title='bbox 2475 2464 2602 2504; x_wconf 88' lang='lat' dir='ltr'><strong>cum</strong></span> <span class='ocrx_word' id='word_1_388' title='bbox 2639 2447 2706 2502; x_wconf 90' lang='lat' dir='ltr'><strong>ad</strong></span> <span class='ocrx_word' id='word_1_389' title='bbox 2749 2446 2939 2502; x_wconf 85' lang='lat' dir='ltr'><strong>decem</strong></span> <span class='ocrx_word' id='word_1_390' title='bbox 2968 2445 3138 2500; x_wconf 72' lang='lat' dir='ltr'><strong>aulaea</strong></span> <span class='ocrx_word' id='word_1_391' title='bbox 3166 2451 3335 2498; x_wconf 90' lang='lat' dir='ltr'><strong>totum</strong></span> <span class='ocrx_word' id='word_1_392' title='bbox 3358 2442 3620 2498; x_wconf 87' lang='lat' dir='ltr'><strong>taberna-</strong></span> 
     </span>
    </p>
   </div>
   <div class='ocr_carea' id='block_1_55' title="bbox 2031 2533 3620 2611">
    <p class='ocr_par' dir='ltr' id='par_1_55' title="bbox 2031 2533 3620 2611">
     <span class='ocr_line' id='line_1_55' title="bbox 2031 2533 3620 2611; baseline -0.005 -15"><span class='ocrx_word' id='word_1_393' title='bbox 2031 2541 2215 2597; x_wconf 90' lang='lat' dir='ltr'><strong>culum</strong></span> <span class='ocrx_word' id='word_1_394' title='bbox 2242 2541 2446 2611; x_wconf 78' lang='lat' dir='ltr'><strong>porrigi</strong></span> <span class='ocrx_word' id='word_1_395' title='bbox 2485 2539 2742 2610; x_wconf 79' lang='lat' dir='ltr'><strong>iussisset</strong></span> <span class='ocrx_word' id='word_1_396' title='bbox 2760 2577 2775 2600; x_wconf 83' lang='lat'><strong>,</strong></span> <span class='ocrx_word' id='word_1_397' title='bbox 2804 2537 2922 2592; x_wconf 58' lang='lat' dir='ltr'><strong>haec</strong></span> <span class='ocrx_word' id='word_1_398' title='bbox 2952 2535 3254 2606; x_wconf 86' lang='lat' dir='ltr'><strong>interponit</strong></span> <span class='ocrx_word' id='word_1_399' title='bbox 3273 2534 3469 2590; x_wconf 88' lang='lat' dir='ltr'><strong>verba:</strong></span> <span class='ocrx_word' id='word_1_400' title='bbox 3505 2553 3523 2584; x_wconf 80' lang='grc' dir='ltr'><strong>ι</strong></span> <span class='ocrx_word' id='word_1_401' title='bbox 3551 2533 3620 2588; x_wconf 85' lang='grc' dir='ltr'>Ει</span> 
     </span>
    </p>
   </div>
   <div class='ocr_carea' id='block_1_56' title="bbox 2031 2626 3611 2702">
    <p class='ocr_par' dir='ltr' id='par_1_56' title="bbox 2031 2626 3611 2702">
     <span class='ocr_line' id='line_1_56' title="bbox 2031 2626 3611 2702; baseline -0.008 -14"><span class='ocrx_word' id='word_1_402' title='bbox 2031 2633 2200 2688; x_wconf 82' lang='lat' dir='ltr'><strong>facies</strong></span> <span class='ocrx_word' id='word_1_403' title='bbox 2235 2633 2356 2687; x_wconf 87' lang='lat' dir='ltr'><strong>vela</strong></span> <span class='ocrx_word' id='word_1_404' title='bbox 2396 2631 2674 2702; x_wconf 88' lang='lat' dir='ltr'><strong>capillacia</strong></span> <span class='ocrx_word' id='word_1_405' title='bbox 2708 2635 3082 2700; x_wconf 71' lang='lat' dir='ltr'><strong>tegumentum</strong></span> <span class='ocrx_word' id='word_1_406' title='bbox 3109 2641 3274 2696; x_wconf 89' lang='lat' dir='ltr'><strong>super</strong></span> <span class='ocrx_word' id='word_1_407' title='bbox 3295 2626 3611 2680; x_wconf 86' lang='lat' dir='ltr'><strong>tabernacu-</strong></span> 
     </span>
    </p>
   </div>
   <div class='ocr_carea' id='block_1_57' title="bbox 2030 2712 3728 2790">
    <p class='ocr_par' dir='ltr' id='par_1_57' title="bbox 2030 2712 3728 2790">
     <span class='ocr_line' id='line_1_57' title="bbox 2030 2712 3728 2790; baseline -0.008 -11"><span class='ocrx_word' id='word_1_408' title='bbox 2030 2725 2180 2783; x_wconf 89' lang='lat' dir='ltr'><strong>lum:</strong></span> <span class='ocrx_word' id='word_1_409' title='bbox 2210 2723 2465 2778; x_wconf 89' lang='lat' dir='ltr'><strong>undecim</strong></span> <span class='ocrx_word' id='word_1_410' title='bbox 2489 2722 2656 2777; x_wconf 81' lang='lat' dir='ltr'><strong>facies</strong></span> <span class='ocrx_word' id='word_1_411' title='bbox 2687 2721 2804 2790; x_wconf 89' lang='lat' dir='ltr'><strong>ipsa</strong></span> <span class='ocrx_word' id='word_1_412' title='bbox 2827 2721 2975 2783; x_wconf 91' lang='lat' dir='ltr'><strong>vela,</strong></span> <span class='ocrx_word' id='word_1_413' title='bbox 3001 2717 3287 2788; x_wconf 82' lang='lat' dir='ltr'><strong>longitudo</strong></span> <span class='ocrx_word' id='word_1_414' title='bbox 3309 2717 3476 2770; x_wconf 89' lang='lat' dir='ltr'><strong>unius</strong></span> <span class='ocrx_word' id='word_1_415' title='bbox 3511 2712 3617 2768; x_wconf 89' lang='lat' dir='ltr'><strong>veli</strong></span> <span class='ocrx_word' id='word_1_416' title='bbox 3709 2782 3728 2788; x_wconf 86' lang='lat'><em>_</em></span> 
     </span>
    </p>
   </div>
   <div class='ocr_carea' id='block_1_58' title="bbox 2031 2807 3616 2888">
    <p class='ocr_par' dir='ltr' id='par_1_58' title="bbox 2031 2807 3616 2888">
     <span class='ocr_line' id='line_1_58' title="bbox 2031 2807 3616 2888; baseline -0.008 -16"><span class='ocrx_word' id='word_1_417' title='bbox 2031 2817 2140 2872; x_wconf 89' lang='lat' dir='ltr'><strong>erit</strong></span> <span class='ocrx_word' id='word_1_418' title='bbox 2169 2816 2396 2888; x_wconf 80' lang='lat' dir='ltr'><strong>triginta</strong></span> <span class='ocrx_word' id='word_1_419' title='bbox 2419 2815 2734 2870; x_wconf 81' lang='lat' dir='ltr'><strong>cubitorum</strong></span> <span class='ocrx_word' id='word_1_420' title='bbox 2754 2855 2768 2880; x_wconf 88' lang='lat'><strong>,</strong></span> <span class='ocrx_word' id='word_1_421' title='bbox 2793 2821 2850 2868; x_wconf 90' lang='lat' dir='ltr'><strong>et</strong></span> <span class='ocrx_word' id='word_1_422' title='bbox 2877 2818 3116 2882; x_wconf 87' lang='lat' dir='ltr'><strong>quatuor</strong></span> <span class='ocrx_word' id='word_1_423' title='bbox 3149 2809 3464 2865; x_wconf 87' lang='lat' dir='ltr'><strong>cubitorum</strong></span> <span class='ocrx_word' id='word_1_424' title='bbox 3487 2807 3616 2861; x_wconf 88' lang='lat' dir='ltr'><strong>lati-</strong></span> 
     </span>
    </p>
   </div>
   <div class='ocr_carea' id='block_1_59' title="bbox 2034 2896 3609 2972">
    <p class='ocr_par' dir='ltr' id='par_1_59' title="bbox 2034 2896 3609 2972">
     <span class='ocr_line' id='line_1_59' title="bbox 2034 2896 3609 2972; baseline -0.008 -12"><span class='ocrx_word' id='word_1_425' title='bbox 2034 2905 2166 2960; x_wconf 86' lang='lat' dir='ltr'><strong>tudo</strong></span> <span class='ocrx_word' id='word_1_426' title='bbox 2188 2905 2294 2960; x_wconf 85' lang='lat' dir='ltr'><strong>veli</strong></span> <span class='ocrx_word' id='word_1_427' title='bbox 2317 2903 2481 2960; x_wconf 87' lang='lat' dir='ltr'><strong>unius</strong></span> <span class='ocrx_word' id='word_1_428' title='bbox 2503 2922 2516 2957; x_wconf 91' lang='lat'>:</span> <span class='ocrx_word' id='word_1_429' title='bbox 2533 2903 2723 2958; x_wconf 89' lang='lat' dir='ltr'><strong>eadem</strong></span> <span class='ocrx_word' id='word_1_430' title='bbox 2749 2900 3033 2972; x_wconf 80' lang='lat' dir='ltr'><strong>longitudo</strong></span> <span class='ocrx_word' id='word_1_431' title='bbox 3054 2899 3160 2954; x_wconf 88' lang='lat' dir='ltr'><strong>erit</strong></span> <span class='ocrx_word' id='word_1_432' title='bbox 3175 2897 3312 2954; x_wconf 83' lang='lat' dir='ltr'><strong>velis</strong></span> <span class='ocrx_word' id='word_1_433' title='bbox 3330 2896 3609 2950; x_wconf 88' lang='lat' dir='ltr'><strong>undecim.</strong></span> 
     </span>
    </p>
   </div>
   <div class='ocr_carea' id='block_1_60' title="bbox 2033 2985 3615 3064">
    <p class='ocr_par' dir='ltr' id='par_1_60' title="bbox 2033 2985 3615 3064">
     <span class='ocr_line' id='line_1_60' title="bbox 2033 2985 3615 3064; baseline -0.007 -13"><span class='ocrx_word' id='word_1_434' title='bbox 2033 2997 2102 3052; x_wconf 88' lang='lat' dir='ltr'><strong>Et</strong></span> <span class='ocrx_word' id='word_1_435' title='bbox 2131 2996 2428 3064; x_wconf 82' lang='lat' dir='ltr'><strong>conjunges</strong></span> <span class='ocrx_word' id='word_1_436' title='bbox 2451 2993 2696 3064; x_wconf 89' lang='lat' dir='ltr'><strong>quinque</strong></span> <span class='ocrx_word' id='word_1_437' title='bbox 2734 2993 2855 3046; x_wconf 87' lang='lat' dir='ltr'><strong>vela</strong></span> <span class='ocrx_word' id='word_1_438' title='bbox 2894 2991 3038 3044; x_wconf 91' lang='lat' dir='ltr'><strong>inter</strong></span> <span class='ocrx_word' id='word_1_439' title='bbox 3067 3005 3155 3053; x_wconf 88' lang='lat' dir='ltr'><strong>se,</strong></span> <span class='ocrx_word' id='word_1_440' title='bbox 3203 2997 3258 3042; x_wconf 88' lang='lat' dir='ltr'><strong>et</strong></span> <span class='ocrx_word' id='word_1_441' title='bbox 3282 3001 3377 3041; x_wconf 78' lang='lat' dir='ltr'><strong>sex</strong></span> <span class='ocrx_word' id='word_1_442' title='bbox 3403 2985 3521 3040; x_wconf 90' lang='lat' dir='ltr'><strong>vela</strong></span> <span class='ocrx_word' id='word_1_443' title='bbox 3557 2985 3615 3040; x_wconf 89' lang='lat' dir='ltr'><strong>iu</strong></span> 
     </span>
    </p>
   </div>
   <div class='ocr_carea' id='block_1_61' title="bbox 2033 3073 3616 3154">
    <p class='ocr_par' dir='ltr' id='par_1_61' title="bbox 2033 3073 3616 3154">
     <span class='ocr_line' id='line_1_61' title="bbox 2033 3073 3616 3154; baseline -0.008 -14"><span class='ocrx_word' id='word_1_444' title='bbox 2033 3085 2274 3154; x_wconf 88' lang='lat' dir='ltr'><strong>idipsum</strong></span> <span class='ocrx_word' id='word_1_445' title='bbox 2299 3099 2314 3148; x_wconf 91' lang='lat'><strong>;</strong></span> <span class='ocrx_word' id='word_1_446' title='bbox 2345 3091 2401 3136; x_wconf 90' lang='lat' dir='ltr'><strong>et</strong></span> <span class='ocrx_word' id='word_1_447' title='bbox 2421 3081 2732 3150; x_wconf 87' lang='lat' dir='ltr'><strong>duplicabis</strong></span> <span class='ocrx_word' id='word_1_448' title='bbox 2747 3080 2928 3134; x_wconf 79' lang='lat' dir='ltr'><strong>velum</strong></span> <span class='ocrx_word' id='word_1_449' title='bbox 2952 3087 3164 3132; x_wconf 75' lang='lat' dir='ltr'><strong>sextum</strong></span> <span class='ocrx_word' id='word_1_450' title='bbox 3193 3077 3246 3130; x_wconf 92' lang='lat' dir='ltr'><strong>in</strong></span> <span class='ocrx_word' id='word_1_451' title='bbox 3273 3074 3410 3130; x_wconf 81' lang='lat' dir='ltr'><strong>facie</strong></span> <span class='ocrx_word' id='word_1_452' title='bbox 3440 3073 3616 3129; x_wconf 51' lang='lat' dir='ltr'><strong>taber.</strong></span> 
     </span>
    </p>
   </div>
   <div class='ocr_carea' id='block_1_62' title="bbox 357 3163 1931 3247">
    <p class='ocr_par' dir='ltr' id='par_1_62' title="bbox 357 3165 1931 3246">
     <span class='ocr_line' id='line_1_62' title="bbox 357 3165 1931 3246; baseline 0.01 -30"><span class='ocrx_word' id='word_1_453' title='bbox 357 3165 508 3226; x_wconf 78' lang='grc' dir='ltr'>αὐτὸ,</span> <span class='ocrx_word' id='word_1_454' title='bbox 545 3167 638 3219; x_wconf 73' lang='grc' dir='ltr'><strong>καὶ</strong></span> <span class='ocrx_word' id='word_1_455' title='bbox 668 3167 1047 3232; x_wconf 61' lang='lat' dir='ltr'><strong>mamma;</strong></span> <span class='ocrx_word' id='word_1_456' title='bbox 1093 3168 1191 3240; x_wconf 80' lang='grc' dir='ltr'>τὴν</span> <span class='ocrx_word' id='word_1_457' title='bbox 1237 3169 1420 3242; x_wconf 76' lang='grc' dir='ltr'>δέρῤιν</span> <span class='ocrx_word' id='word_1_458' title='bbox 1470 3172 1570 3244; x_wconf 77' lang='grc' dir='ltr'>τὴν</span> <span class='ocrx_word' id='word_1_459' title='bbox 1601 3175 1765 3246; x_wconf 73' lang='grc' dir='ltr'>ἕκτην</span> <span class='ocrx_word' id='word_1_460' title='bbox 1793 3177 1931 3232; x_wconf 82' lang='grc' dir='ltr'>κατὰ</span> 
     </span>
    </p>
   </div>
   <div class='ocr_carea' id='block_1_63' title="bbox 2033 3163 3617 3247">
    <p class='ocr_par' dir='ltr' id='par_1_63' title="bbox 2033 3163 3617 3240">
     <span class='ocr_line' id='line_1_63' title="bbox 2033 3163 3617 3240; baseline -0.009 -9"><span class='ocrx_word' id='word_1_461' title='bbox 2033 3175 2336 3240; x_wconf 85' lang='lat' dir='ltr'><strong>naculi;et</strong></span> <span class='ocrx_word' id='word_1_462' title='bbox 2368 3171 2538 3226; x_wconf 87' lang='lat' dir='ltr'><strong>facies</strong></span> <span class='ocrx_word' id='word_1_463' title='bbox 2585 3184 2748 3224; x_wconf 87' lang='lat' dir='ltr'><strong>ansas</strong></span> <span class='ocrx_word' id='word_1_464' title='bbox 2798 3167 3192 3238; x_wconf 82' lang='lat' dir='ltr'><strong>quinquaginta</strong></span> <span class='ocrx_word' id='word_1_465' title='bbox 3253 3165 3308 3219; x_wconf 91' lang='lat' dir='ltr'><strong>in</strong></span> <span class='ocrx_word' id='word_1_466' title='bbox 3361 3179 3456 3218; x_wconf 87' lang='lat' dir='ltr'><strong>ora</strong></span> <span class='ocrx_word' id='word_1_467' title='bbox 3511 3163 3617 3219; x_wconf 90' lang='lat' dir='ltr'><strong>veli</strong></span> 
     </span>
    </p>
   </div>
   <div class='ocr_carea' id='block_1_64' title="bbox 359 3257 1929 3340">
    <p class='ocr_par' dir='ltr' id='par_1_64' title="bbox 359 3257 1929 3340">
     <span class='ocr_line' id='line_1_64' title="bbox 359 3257 1929 3340; baseline 0.008 -30"><span class='ocrx_word' id='word_1_468' title='bbox 359 3257 647 3328; x_wconf 86' lang='grc' dir='ltr'>πρόσωπον</span> <span class='ocrx_word' id='word_1_469' title='bbox 673 3259 772 3328; x_wconf 85' lang='grc' dir='ltr'>τῆς</span> <span class='ocrx_word' id='word_1_470' title='bbox 799 3261 1020 3330; x_wconf 79' lang='grc' dir='ltr'>σκηνῆς·</span> <span class='ocrx_word' id='word_1_471' title='bbox 1066 3262 1156 3315; x_wconf 76' lang='grc' dir='ltr'><strong>καὶ</strong></span> <span class='ocrx_word' id='word_1_472' title='bbox 1187 3265 1434 3331; x_wconf 83' lang='grc' dir='ltr'>ποιήσεις</span> <span class='ocrx_word' id='word_1_473' title='bbox 1463 3267 1706 3334; x_wconf 72' lang='grc' dir='ltr'>ἀγκύλας</span> <span class='ocrx_word' id='word_1_474' title='bbox 1738 3271 1929 3340; x_wconf 81' lang='grc' dir='ltr'>πεντή-</span> 
     </span>
    </p>
   </div>
   <div class='ocr_carea' id='block_1_65' title="bbox 357 3348 1926 3428">
    <p class='ocr_par' dir='ltr' id='par_1_65' title="bbox 357 3348 1926 3428">
     <span class='ocr_line' id='line_1_65' title="bbox 357 3348 1926 3428; baseline 0.006 -25"><span class='ocrx_word' id='word_1_475' title='bbox 357 3364 522 3403; x_wconf 80' lang='grc' dir='ltr'>κοντα</span> <span class='ocrx_word' id='word_1_476' title='bbox 573 3348 667 3401; x_wconf 71' lang='grc' dir='ltr'>ἐπὶ</span> <span class='ocrx_word' id='word_1_477' title='bbox 713 3349 806 3401; x_wconf 83' lang='grc' dir='ltr'>τοῦ</span> <span class='ocrx_word' id='word_1_478' title='bbox 848 3351 1056 3420; x_wconf 76' lang='grc' dir='ltr'>χείλους</span> <span class='ocrx_word' id='word_1_479' title='bbox 1099 3352 1198 3420; x_wconf 79' lang='grc' dir='ltr'><strong>τῆς</strong></span> <span class='ocrx_word' id='word_1_480' title='bbox 1247 3351 1484 3424; x_wconf 72' lang='grc' dir='ltr'>δέρῤεως</span> <span class='ocrx_word' id='word_1_481' title='bbox 1514 3357 1614 3424; x_wconf 77' lang='grc' dir='ltr'>τῆς</span> <span class='ocrx_word' id='word_1_482' title='bbox 1648 3359 1799 3426; x_wconf 83' lang='grc' dir='ltr'>μιᾶς,</span> <span class='ocrx_word' id='word_1_483' title='bbox 1824 3359 1926 3428; x_wconf 77' lang='grc' dir='ltr'>τῆς</span> 
     </span>
    </p>
   </div>
   <div class='ocr_carea' id='block_1_66' title="bbox 356 3437 1923 3516">
    <p class='ocr_par' dir='ltr' id='par_1_66' title="bbox 356 3437 1923 3516">
     <span class='ocr_line' id='line_1_66' title="bbox 356 3437 1923 3516; baseline 0.009 -30"><span class='ocrx_word' id='word_1_484' title='bbox 356 3437 460 3496; x_wconf 70' lang='grc' dir='ltr'>ἀνὰ</span> <span class='ocrx_word' id='word_1_485' title='bbox 486 3439 646 3506; x_wconf 83' lang='grc' dir='ltr'>μέσον</span> <span class='ocrx_word' id='word_1_486' title='bbox 692 3438 831 3491; x_wconf 71' lang='grc' dir='ltr'>κατὰ</span> <span class='ocrx_word' id='word_1_487' title='bbox 855 3438 950 3508; x_wconf 81' lang='grc' dir='ltr'><strong>τὴν</strong></span> <span class='ocrx_word' id='word_1_488' title='bbox 982 3439 1274 3510; x_wconf 73' lang='grc' dir='ltr'>συμϐολήν.</span> <span class='ocrx_word' id='word_1_489' title='bbox 1314 3443 1423 3495; x_wconf 72' lang='grc' dir='ltr'>Καὶ</span> <span class='ocrx_word' id='word_1_490' title='bbox 1464 3446 1798 3512; x_wconf 82' lang='grc' dir='ltr'>πεντήκοντα</span> <span class='ocrx_word' id='word_1_491' title='bbox 1823 3447 1923 3516; x_wconf 85' lang='grc' dir='ltr'><strong>ἀγ-</strong></span> 
     </span>
    </p>
   </div>
   <div class='ocr_carea' id='block_1_67' title="bbox 357 3527 1930 3607">
    <p class='ocr_par' dir='ltr' id='par_1_67' title="bbox 357 3527 1930 3607">
     <span class='ocr_line' id='line_1_67' title="bbox 357 3527 1930 3607; baseline 0.008 -28"><span class='ocrx_word' id='word_1_492' title='bbox 357 3527 527 3590; x_wconf 87' lang='grc' dir='ltr'>κύλας</span> <span class='ocrx_word' id='word_1_493' title='bbox 562 3531 805 3598; x_wconf 84' lang='grc' dir='ltr'>ποιήσεις</span> <span class='ocrx_word' id='word_1_494' title='bbox 847 3530 938 3582; x_wconf 80' lang='grc' dir='ltr'>ἐπὶ</span> <span class='ocrx_word' id='word_1_495' title='bbox 990 3531 1084 3582; x_wconf 79' lang='grc' dir='ltr'>τοῦ</span> <span class='ocrx_word' id='word_1_496' title='bbox 1141 3531 1350 3602; x_wconf 81' lang='grc' dir='ltr'>χείλους</span> <span class='ocrx_word' id='word_1_497' title='bbox 1416 3533 1515 3603; x_wconf 81' lang='grc' dir='ltr'><strong>τῆς</strong></span> <span class='ocrx_word' id='word_1_498' title='bbox 1563 3535 1800 3607; x_wconf 76' lang='grc' dir='ltr'>δέρῤεως</span> <span class='ocrx_word' id='word_1_499' title='bbox 1829 3539 1930 3606; x_wconf 78' lang='grc' dir='ltr'><strong>τῆς</strong></span> 
     </span>
    </p>
   </div>
   <div class='ocr_carea' id='block_1_68' title="bbox 359 3621 1930 3696">
    <p class='ocr_par' dir='ltr' id='par_1_68' title="bbox 359 3621 1930 3696">
     <span class='ocr_line' id='line_1_68' title="bbox 359 3621 1930 3696; baseline 0.009 -25"><span class='ocrx_word' id='word_1_500' title='bbox 359 3621 740 3690; x_wconf 77' lang='grc' dir='ltr'>συναπτούσης</span> <span class='ocrx_word' id='word_1_501' title='bbox 775 3623 869 3691; x_wconf 81' lang='grc' dir='ltr'>τῆς</span> <span class='ocrx_word' id='word_1_502' title='bbox 903 3623 1183 3694; x_wconf 76' lang='grc' dir='ltr'>δευτέρας.</span> <span class='ocrx_word' id='word_1_503' title='bbox 1209 3643 1226 3674; x_wconf 72' lang='grc' dir='ltr'><strong>ι</strong></span> <span class='ocrx_word' id='word_1_504' title='bbox 1257 3625 1320 3678; x_wconf 79' lang='grc' dir='ltr'>Τί</span> <span class='ocrx_word' id='word_1_505' title='bbox 1355 3625 1416 3678; x_wconf 83' lang='grc' dir='ltr'><strong>τὸ</strong></span> <span class='ocrx_word' id='word_1_506' title='bbox 1444 3628 1632 3696; x_wconf 78' lang='grc' dir='ltr'>χρῆμα</span> <span class='ocrx_word' id='word_1_507' title='bbox 1655 3629 1860 3690; x_wconf 74' lang='grc' dir='ltr'>λοιπὸν,</span> <span class='ocrx_word' id='word_1_508' title='bbox 1886 3627 1930 3685; x_wconf 80' lang='grc' dir='ltr'><strong>ὦ</strong></span> 
     </span>
    </p>
   </div>
   <div class='ocr_carea' id='block_1_69' title="bbox 358 3712 1932 3785">
    <p class='ocr_par' dir='ltr' id='par_1_69' title="bbox 358 3712 1932 3785">
     <span class='ocr_line' id='line_1_69' title="bbox 358 3712 1932 3785; baseline 0.007 -20"><span class='ocrx_word' id='word_1_509' title='bbox 358 3712 788 3777; x_wconf 78' lang='grc' dir='ltr'>Παλλάδιεςδέκα</span> <span class='ocrx_word' id='word_1_510' title='bbox 815 3713 913 3784; x_wconf 73' lang='grc' dir='ltr'><strong>μὲν</strong></span> <span class='ocrx_word' id='word_1_511' title='bbox 935 3715 1004 3782; x_wconf 71' lang='grc' dir='ltr'>γά</span> <span class='ocrx_word' id='word_1_512' title='bbox 1014 3733 1044 3785; x_wconf 91' lang='grc' dir='ltr'>ρ</span> <span class='ocrx_word' id='word_1_513' title='bbox 1059 3717 1261 3784; x_wconf 78' lang='grc' dir='ltr'>ἐγείρει</span> <span class='ocrx_word' id='word_1_514' title='bbox 1281 3716 1378 3780; x_wconf 77' lang='grc' dir='ltr'>τὰς</span> <span class='ocrx_word' id='word_1_515' title='bbox 1393 3719 1638 3782; x_wconf 79' lang='grc' dir='ltr'>αὐλαίας.</span> <span class='ocrx_word' id='word_1_516' title='bbox 1663 3717 1790 3775; x_wconf 80' lang='grc' dir='ltr'>Εἶτα</span> <span class='ocrx_word' id='word_1_517' title='bbox 1819 3725 1932 3785; x_wconf 80' lang='grc' dir='ltr'><strong>πῶς</strong></span> 
     </span>
    </p>
   </div>
   <div class='ocr_carea' id='block_1_70' title="bbox 357 3801 1937 3884">
    <p class='ocr_par' dir='ltr' id='par_1_70' title="bbox 357 3801 1937 3884">
     <span class='ocr_line' id='line_1_70' title="bbox 357 3801 1937 3884; baseline 0.009 -31"><span class='ocrx_word' id='word_1_518' title='bbox 357 3801 460 3854; x_wconf 71' lang='grc' dir='ltr'><strong>οὐκ</strong></span> <span class='ocrx_word' id='word_1_519' title='bbox 497 3803 770 3874; x_wconf 77' lang='grc' dir='ltr'>ἰσάριθμοι</span> <span class='ocrx_word' id='word_1_520' title='bbox 801 3805 1024 3867; x_wconf 79' lang='grc' dir='ltr'>ταύταις</span> <span class='ocrx_word' id='word_1_521' title='bbox 1047 3805 1104 3857; x_wconf 78' lang='grc' dir='ltr'>αἱ</span> <span class='ocrx_word' id='word_1_522' title='bbox 1133 3805 1370 3876; x_wconf 71' lang='grc' dir='ltr'>δέρρεις,</span> <span class='ocrx_word' id='word_1_523' title='bbox 1397 3809 1703 3877; x_wconf 79' lang='grc' dir='ltr'>περιττεύει</span> <span class='ocrx_word' id='word_1_524' title='bbox 1728 3813 1784 3865; x_wconf 82' lang='grc' dir='ltr'><strong>δὲ</strong></span> <span class='ocrx_word' id='word_1_525' title='bbox 1819 3815 1937 3884; x_wconf 78' lang='grc' dir='ltr'>μία,</span> 
     </span>
    </p>
   </div>
   <div class='ocr_carea' id='block_1_71' title="bbox 2033 3253 3621 3333">
    <p class='ocr_par' dir='ltr' id='par_1_71' title="bbox 2033 3253 3621 3333">
     <span class='ocr_line' id='line_1_71' title="bbox 2033 3253 3621 3333; baseline -0.01 -12"><span class='ocrx_word' id='word_1_526' title='bbox 2033 3265 2218 3324; x_wconf 80' lang='lat' dir='ltr'><strong>unius,</strong></span> <span class='ocrx_word' id='word_1_527' title='bbox 2273 3261 2422 3333; x_wconf 90' lang='lat' dir='ltr'><strong>quod</strong></span> <span class='ocrx_word' id='word_1_528' title='bbox 2460 3268 2546 3316; x_wconf 87' lang='lat' dir='ltr'><strong>est</strong></span> <span class='ocrx_word' id='word_1_529' title='bbox 2588 3259 2976 3314; x_wconf 86' lang='lat' dir='ltr'><strong>intermedium</strong></span> <span class='ocrx_word' id='word_1_530' title='bbox 3019 3257 3073 3310; x_wconf 90' lang='lat' dir='ltr'><strong>in</strong></span> <span class='ocrx_word' id='word_1_531' title='bbox 3105 3253 3506 3310; x_wconf 85' lang='lat' dir='ltr'><strong>commissura:</strong></span> <span class='ocrx_word' id='word_1_532' title='bbox 3563 3260 3621 3306; x_wconf 88' lang='lat' dir='ltr'><strong>et</strong></span> 
     </span>
    </p>
   </div>
   <div class='ocr_carea' id='block_1_72' title="bbox 2034 3341 3618 3426">
    <p class='ocr_par' dir='ltr' id='par_1_72' title="bbox 2034 3341 3618 3426">
     <span class='ocr_line' id='line_1_72' title="bbox 2034 3341 3618 3426; baseline -0.009 -16"><span class='ocrx_word' id='word_1_533' title='bbox 2034 3353 2429 3426; x_wconf 80' lang='lat' dir='ltr'><strong>quinquaginta</strong></span> <span class='ocrx_word' id='word_1_534' title='bbox 2453 3365 2616 3404; x_wconf 86' lang='lat' dir='ltr'><strong>ansas</strong></span> <span class='ocrx_word' id='word_1_535' title='bbox 2669 3347 2837 3402; x_wconf 86' lang='lat' dir='ltr'><strong>facies</strong></span> <span class='ocrx_word' id='word_1_536' title='bbox 2899 3347 2954 3402; x_wconf 93' lang='lat' dir='ltr'><strong>in</strong></span> <span class='ocrx_word' id='word_1_537' title='bbox 2993 3361 3090 3401; x_wconf 89' lang='lat' dir='ltr'><strong>ora</strong></span> <span class='ocrx_word' id='word_1_538' title='bbox 3113 3343 3224 3398; x_wconf 89' lang='lat' dir='ltr'><strong>veli</strong></span> <span class='ocrx_word' id='word_1_539' title='bbox 3277 3341 3618 3396; x_wconf 70' lang='lat' dir='ltr'><strong>cohaerentis</strong></span> 
     </span>
    </p>
   </div>
   <div class='ocr_carea' id='block_1_73' title="bbox 2033 3434 3617 3509">
    <p class='ocr_par' dir='ltr' id='par_1_73' title="bbox 2033 3434 3617 3509">
     <span class='ocr_line' id='line_1_73' title="bbox 2033 3434 3617 3509; baseline -0.009 -8"><span class='ocrx_word' id='word_1_540' title='bbox 2033 3434 2262 3501; x_wconf 84' lang='lat' dir='ltr'><strong>secundi</strong></span> <span class='ocrx_word' id='word_1_541' title='bbox 2286 3446 2332 3477; x_wconf 71' lang='grc'><strong>⁸⁵</strong></span> <span class='ocrx_word' id='word_1_542' title='bbox 2357 3485 2370 3498; x_wconf 94' lang='grc'><strong>.</strong></span> <span class='ocrx_word' id='word_1_543' title='bbox 2407 3463 2425 3494; x_wconf 74' lang='grc' dir='ltr'><strong>ι</strong></span> <span class='ocrx_word' id='word_1_544' title='bbox 2453 3441 2724 3509; x_wconf 84' lang='lat' dir='ltr'><strong>Quidnam</strong></span> <span class='ocrx_word' id='word_1_545' title='bbox 2749 3446 2834 3494; x_wconf 90' lang='lat' dir='ltr'><strong>est</strong></span> <span class='ocrx_word' id='word_1_546' title='bbox 2855 3437 2960 3492; x_wconf 85' lang='lat' dir='ltr'><strong>hoc</strong></span> <span class='ocrx_word' id='word_1_547' title='bbox 2981 3478 2995 3503; x_wconf 91' lang='lat'><strong>,</strong></span> <span class='ocrx_word' id='word_1_548' title='bbox 3035 3436 3280 3496; x_wconf 80' lang='lat' dir='ltr'><strong>Palladi?</strong></span> <span class='ocrx_word' id='word_1_549' title='bbox 3307 3451 3433 3492; x_wconf 91' lang='lat' dir='ltr'><strong>nam</strong></span> <span class='ocrx_word' id='word_1_550' title='bbox 3450 3475 3466 3501; x_wconf 87' lang='lat'><strong>,</strong></span> <span class='ocrx_word' id='word_1_551' title='bbox 3491 3449 3617 3488; x_wconf 89' lang='lat' dir='ltr'><strong>cum</strong></span> 
     </span>
    </p>
   </div>
   <div class='ocr_carea' id='block_1_74' title="bbox 2035 3525 3616 3603">
    <p class='ocr_par' dir='ltr' id='par_1_74' title="bbox 2035 3525 3616 3603">
     <span class='ocr_line' id='line_1_74' title="bbox 2035 3525 3616 3603; baseline -0.008 -11"><span class='ocrx_word' id='word_1_552' title='bbox 2035 3537 2224 3592; x_wconf 88' lang='lat' dir='ltr'><strong>decem</strong></span> <span class='ocrx_word' id='word_1_553' title='bbox 2262 3537 2432 3590; x_wconf 65' lang='lat' dir='ltr'><strong>aulaea</strong></span> <span class='ocrx_word' id='word_1_554' title='bbox 2455 3535 2664 3603; x_wconf 82' lang='lat' dir='ltr'><strong>erigat,</strong></span> <span class='ocrx_word' id='word_1_555' title='bbox 2694 3548 2815 3602; x_wconf 70' lang='lat' dir='ltr'><strong>qum</strong></span> <span class='ocrx_word' id='word_1_556' title='bbox 2847 3545 3009 3585; x_wconf 88' lang='lat' dir='ltr'><strong>causa</strong></span> <span class='ocrx_word' id='word_1_557' title='bbox 3047 3538 3131 3582; x_wconf 88' lang='lat' dir='ltr'><strong>est</strong></span> <span class='ocrx_word' id='word_1_558' title='bbox 3175 3543 3276 3583; x_wconf 91' lang='lat' dir='ltr'><strong>cur</strong></span> <span class='ocrx_word' id='word_1_559' title='bbox 3326 3542 3439 3586; x_wconf 90' lang='lat' dir='ltr'><strong>non</strong></span> <span class='ocrx_word' id='word_1_560' title='bbox 3485 3525 3616 3580; x_wconf 91' lang='lat' dir='ltr'><strong>toti-</strong></span> 
     </span>
    </p>
   </div>
   <div class='ocr_carea' id='block_1_75' title="bbox 2039 3618 3618 3697">
    <p class='ocr_par' dir='ltr' id='par_1_75' title="bbox 2039 3618 3618 3697">
     <span class='ocr_line' id='line_1_75' title="bbox 2039 3618 3618 3697; baseline -0.007 -15"><span class='ocrx_word' id='word_1_561' title='bbox 2039 3628 2162 3682; x_wconf 89' lang='lat' dir='ltr'><strong>dem</strong></span> <span class='ocrx_word' id='word_1_562' title='bbox 2205 3627 2316 3681; x_wconf 89' lang='lat' dir='ltr'><strong>sint</strong></span> <span class='ocrx_word' id='word_1_563' title='bbox 2373 3625 2532 3687; x_wconf 91' lang='lat' dir='ltr'><strong>vela,</strong></span> <span class='ocrx_word' id='word_1_564' title='bbox 2589 3623 2684 3697; x_wconf 79' lang='lat' dir='ltr'><strong>sed</strong></span> <span class='ocrx_word' id='word_1_565' title='bbox 2730 3637 2899 3676; x_wconf 87' lang='lat' dir='ltr'><strong>unum</strong></span> <span class='ocrx_word' id='word_1_566' title='bbox 2949 3619 3283 3690; x_wconf 69' lang='lat' dir='ltr'><strong>superﬂuunt,</strong></span> <span class='ocrx_word' id='word_1_567' title='bbox 3350 3618 3618 3677; x_wconf 86' lang='lat' dir='ltr'><strong>nimirum</strong></span> 
     </span>
    </p>
   </div>
   <div class='ocr_carea' id='block_1_76' title="bbox 2039 3711 3619 3786">
    <p class='ocr_par' dir='ltr' id='par_1_76' title="bbox 2039 3711 3619 3786">
     <span class='ocr_line' id='line_1_76' title="bbox 2039 3711 3619 3786; baseline -0.008 -11"><span class='ocrx_word' id='word_1_568' title='bbox 2039 3717 2442 3775; x_wconf 84' lang='lat' dir='ltr'><strong>undecimum?</strong></span> <span class='ocrx_word' id='word_1_569' title='bbox 2487 3715 2799 3786; x_wconf 78' lang='lat' dir='ltr'><strong>Conjunges</strong></span> <span class='ocrx_word' id='word_1_570' title='bbox 2863 3715 3048 3777; x_wconf 90' lang='lat' dir='ltr'><strong>enim,</strong></span> <span class='ocrx_word' id='word_1_571' title='bbox 3105 3712 3320 3781; x_wconf 89' lang='lat' dir='ltr'><strong>inquit,</strong></span> <span class='ocrx_word' id='word_1_572' title='bbox 3377 3711 3619 3781; x_wconf 80' lang='lat' dir='ltr'><strong>quinque</strong></span> 
     </span>
    </p>
   </div>
   <div class='ocr_carea' id='block_1_77' title="bbox 2049 3805 3104 3874">
    <p class='ocr_par' dir='ltr' id='par_1_77' title="bbox 2049 3805 3104 3874">
     <span class='ocr_line' id='line_1_77' title="bbox 2049 3805 3104 3874; baseline -0.009 -7"><span class='ocrx_word' id='word_1_573' title='bbox 2049 3815 2170 3867; x_wconf 78' lang='lat' dir='ltr'><strong>vela</strong></span> <span class='ocrx_word' id='word_1_574' title='bbox 2200 3812 2346 3866; x_wconf 90' lang='lat' dir='ltr'><strong>inter</strong></span> <span class='ocrx_word' id='word_1_575' title='bbox 2379 3825 2437 3865; x_wconf 90' lang='lat' dir='ltr'><strong>se</strong></span> <span class='ocrx_word' id='word_1_576' title='bbox 2457 3849 2472 3874; x_wconf 96' lang='lat'><strong>,</strong></span> <span class='ocrx_word' id='word_1_577' title='bbox 2497 3816 2553 3862; x_wconf 91' lang='lat' dir='ltr'><strong>et</strong></span> <span class='ocrx_word' id='word_1_578' title='bbox 2579 3823 2675 3862; x_wconf 83' lang='lat' dir='ltr'><strong>sex</strong></span> <span class='ocrx_word' id='word_1_579' title='bbox 2701 3806 2822 3862; x_wconf 83' lang='lat' dir='ltr'><strong>vela</strong></span> <span class='ocrx_word' id='word_1_580' title='bbox 2861 3805 3006 3860; x_wconf 85' lang='lat' dir='ltr'><strong>inter</strong></span> <span class='ocrx_word' id='word_1_581' title='bbox 3026 3820 3104 3858; x_wconf 90' lang='lat' dir='ltr'><strong>se.</strong></span> 
     </span>
    </p>
   </div>
   <div class='ocr_carea' id='block_1_78' title="bbox 355 3892 3618 3977">
    <p class='ocr_par' dir='ltr' id='par_1_78' title="bbox 355 3892 3618 3977">
     <span class='ocr_line' id='line_1_78' title="bbox 355 3892 3618 3977; baseline 0.001 -31"><span class='ocrx_word' id='word_1_582' title='bbox 355 3893 504 3954; x_wconf 75' lang='grc' dir='ltr'>τοῦτ’</span> <span class='ocrx_word' id='word_1_583' title='bbox 527 3893 688 3946; x_wconf 78' lang='grc' dir='ltr'>ἔστιν.</span> <span class='ocrx_word' id='word_1_584' title='bbox 723 3895 756 3964; x_wconf 83' lang='grc' dir='ltr'><strong>ἡ</strong></span> <span class='ocrx_word' id='word_1_585' title='bbox 784 3896 1076 3966; x_wconf 52' lang='grc' dir='ltr'>ἑνδεκάτῃ</span> <span class='ocrx_word' id='word_1_586' title='bbox 1111 3897 1374 3966; x_wconf 63' lang='grc' dir='ltr'>Συνάψεις</span> <span class='ocrx_word' id='word_1_587' title='bbox 1398 3901 1524 3971; x_wconf 75' lang='grc' dir='ltr'>γὰρ,</span> <span class='ocrx_word' id='word_1_588' title='bbox 1559 3904 1740 3972; x_wconf 73' lang='grc' dir='ltr'>φησιν,</span> <span class='ocrx_word' id='word_1_589' title='bbox 1773 3905 1872 3971; x_wconf 82' lang='grc' dir='ltr'>τὰς</span> <span class='ocrx_word' id='word_1_590' title='bbox 1897 3909 2056 3962; x_wconf 82' lang='grc' dir='ltr'>πέντε</span> <span class='ocrx_word' id='word_1_591' title='bbox 2078 3907 2288 3977; x_wconf 71' lang='grc' dir='ltr'>δέρρεις</span> <span class='ocrx_word' id='word_1_592' title='bbox 2321 3902 2412 3954; x_wconf 68' lang='grc' dir='ltr'><strong>ἐπὶ</strong></span> <span class='ocrx_word' id='word_1_593' title='bbox 2438 3899 2500 3953; x_wconf 84' lang='grc' dir='ltr'>τὸ</span> <span class='ocrx_word' id='word_1_594' title='bbox 2527 3899 2678 3962; x_wconf 77' lang='grc' dir='ltr'>αὐτὸ,</span> <span class='ocrx_word' id='word_1_595' title='bbox 2715 3897 2919 3960; x_wconf 76' lang='grc' dir='ltr'>καὶτὰς</span> <span class='ocrx_word' id='word_1_596' title='bbox 2941 3895 2999 3962; x_wconf 85' lang='grc' dir='ltr'><strong>ἓξ</strong></span> <span class='ocrx_word' id='word_1_597' title='bbox 3026 3896 3235 3968; x_wconf 71' lang='grc' dir='ltr'>δέρρεις</span> <span class='ocrx_word' id='word_1_598' title='bbox 3265 3895 3358 3948; x_wconf 77' lang='grc' dir='ltr'><strong>ἐπὶ</strong></span> <span class='ocrx_word' id='word_1_599' title='bbox 3386 3894 3446 3948; x_wconf 84' lang='grc' dir='ltr'><strong>τὸ</strong></span> <span class='ocrx_word' id='word_1_600' title='bbox 3463 3892 3618 3949; x_wconf 80' lang='grc' dir='ltr'>αὐτό.</span> 
     </span>
    </p>
   </div>
   <div class='ocr_carea' id='block_1_79' title="bbox 427 3987 1185 4058">
    <p class='ocr_par' dir='ltr' id='par_1_79' title="bbox 427 3987 1185 4058">
     <span class='ocr_line' id='line_1_79' title="bbox 427 3987 1185 4058; baseline 0.004 -20"><span class='ocrx_word' id='word_1_601' title='bbox 427 3987 634 4044; x_wconf 67' lang='grc' dir='ltr'><strong>ΠΑΛΛ.</strong></span> <span class='ocrx_word' id='word_1_602' title='bbox 679 3987 792 4038; x_wconf 71' lang='grc' dir='ltr'>Οὐκ</span> <span class='ocrx_word' id='word_1_603' title='bbox 823 3987 928 4058; x_wconf 80' lang='grc' dir='ltr'>ἔχω</span> <span class='ocrx_word' id='word_1_604' title='bbox 962 3988 1185 4058; x_wconf 76' lang='grc' dir='ltr'>φράσαι.</span> 
     </span>
    </p>
   </div>
   <div class='ocr_carea' id='block_1_80' title="bbox 436 4077 1893 4162">
    <p class='ocr_par' dir='ltr' id='par_1_80' title="bbox 436 4077 1893 4162">
     <span class='ocr_line' id='line_1_80' title="bbox 436 4077 1893 4162; baseline 0.01 -32"><span class='ocrx_word' id='word_1_605' title='bbox 436 4077 598 4134; x_wconf 81' lang='grc' dir='ltr'><strong>ΚΥΡ.</strong></span> <span class='ocrx_word' id='word_1_606' title='bbox 651 4077 788 4130; x_wconf 83' lang='grc' dir='ltr'>Ἀλλ’</span> <span class='ocrx_word' id='word_1_607' title='bbox 815 4079 850 4149; x_wconf 83' lang='grc' dir='ltr'>ἦ</span> <span class='ocrx_word' id='word_1_608' title='bbox 889 4096 952 4148; x_wconf 78' lang='grc' dir='ltr'>γε</span> <span class='ocrx_word' id='word_1_609' title='bbox 988 4079 1136 4145; x_wconf 82' lang='grc' dir='ltr'>Θέσις</span> <span class='ocrx_word' id='word_1_610' title='bbox 1169 4085 1425 4154; x_wconf 73' lang='grc' dir='ltr'>σαφηνιεῖ</span> <span class='ocrx_word' id='word_1_611' title='bbox 1452 4085 1512 4138; x_wconf 81' lang='grc' dir='ltr'><strong>τὸ</strong></span> <span class='ocrx_word' id='word_1_612' title='bbox 1541 4085 1893 4162; x_wconf 78' lang='grc' dir='ltr'>ζητούμενον.</span> 
     </span>
    </p>
   </div>
   <div class='ocr_carea' id='block_1_81' title="bbox 434 4255 1008 4324">
    <p class='ocr_par' dir='ltr' id='par_1_81' title="bbox 434 4255 1008 4324">
     <span class='ocr_line' id='line_1_81' title="bbox 434 4255 1008 4324; baseline 0.023 -18"><span class='ocrx_word' id='word_1_613' title='bbox 434 4256 638 4310; x_wconf 80' lang='grc' dir='ltr'>ΠΑΛΛ.</span> <span class='ocrx_word' id='word_1_614' title='bbox 679 4256 802 4318; x_wconf 80' lang='grc' dir='ltr'>Πῶς</span> <span class='ocrx_word' id='word_1_615' title='bbox 839 4255 1008 4324; x_wconf 62' lang='grc' dir='ltr'>εςηςς</span> 
     </span>
    </p>
   </div>
   <div class='ocr_carea' id='block_1_82' title="bbox 433 4350 1937 4430">
    <p class='ocr_par' dir='ltr' id='par_1_82' title="bbox 433 4350 1937 4430">
     <span class='ocr_line' id='line_1_82' title="bbox 433 4350 1937 4430; baseline 0.01 -29"><span class='ocrx_word' id='word_1_616' title='bbox 433 4350 595 4402; x_wconf 75' lang='grc' dir='ltr'><strong>ΚΥΡ.</strong></span> <span class='ocrx_word' id='word_1_617' title='bbox 640 4350 808 4402; x_wconf 88' lang='grc' dir='ltr'>Πέντε</span> <span class='ocrx_word' id='word_1_618' title='bbox 841 4352 936 4420; x_wconf 79' lang='grc' dir='ltr'><strong>μὲν</strong></span> <span class='ocrx_word' id='word_1_619' title='bbox 961 4351 1066 4423; x_wconf 75' lang='grc' dir='ltr'><strong>γὰρ</strong></span> <span class='ocrx_word' id='word_1_620' title='bbox 1093 4355 1320 4418; x_wconf 79' lang='grc' dir='ltr'>αὐλαίας</span> <span class='ocrx_word' id='word_1_621' title='bbox 1354 4357 1610 4427; x_wconf 74' lang='grc' dir='ltr'>ἀλλήλαις</span> <span class='ocrx_word' id='word_1_622' title='bbox 1645 4379 1937 4430; x_wconf 69' lang='grc' dir='ltr'>συνεσφιγ-</span> 
     </span>
    </p>
   </div>
   <div class='ocr_carea' id='block_1_83' title="bbox 2107 3987 3370 4064">
    <p class='ocr_par' dir='ltr' id='par_1_83' title="bbox 2107 3987 3370 4064">
     <span class='ocr_line' id='line_1_83' title="bbox 2107 3987 3370 4064; baseline -0.01 -11"><span class='ocrx_word' id='word_1_623' title='bbox 2107 3995 2305 4054; x_wconf 82' lang='lat' dir='ltr'><strong>PALL.</strong></span> <span class='ocrx_word' id='word_1_624' title='bbox 2331 3993 2446 4064; x_wconf 84' lang='lat' dir='ltr'><strong>Ego</strong></span> <span class='ocrx_word' id='word_1_625' title='bbox 2478 4007 2612 4046; x_wconf 84' lang='lat' dir='ltr'><strong>vero</strong></span> <span class='ocrx_word' id='word_1_626' title='bbox 2639 3990 2768 4061; x_wconf 90' lang='lat' dir='ltr'><strong>quid</strong></span> <span class='ocrx_word' id='word_1_627' title='bbox 2801 3989 2977 4044; x_wconf 80' lang='lat' dir='ltr'><strong>dicam</strong></span> <span class='ocrx_word' id='word_1_628' title='bbox 2999 4029 3012 4052; x_wconf 90' lang='lat'><strong>,</strong></span> <span class='ocrx_word' id='word_1_629' title='bbox 3043 4003 3153 4041; x_wconf 87' lang='lat' dir='ltr'><strong>non</strong></span> <span class='ocrx_word' id='word_1_630' title='bbox 3174 3987 3370 4041; x_wconf 77' lang='lat' dir='ltr'><strong>habeo.</strong></span> 
     </span>
    </p>
   </div>
   <div class='ocr_carea' id='block_1_84' title="bbox 2110 4073 3620 4152">
    <p class='ocr_par' dir='ltr' id='par_1_84' title="bbox 2110 4073 3620 4152">
     <span class='ocr_line' id='line_1_84' title="bbox 2110 4073 3620 4152; baseline -0.005 -11"><span class='ocrx_word' id='word_1_631' title='bbox 2110 4086 2267 4141; x_wconf 81' lang='lat' dir='ltr'><strong>CYR.</strong></span> <span class='ocrx_word' id='word_1_632' title='bbox 2322 4083 2490 4152; x_wconf 82' lang='lat' dir='ltr'><strong>Atqui</strong></span> <span class='ocrx_word' id='word_1_633' title='bbox 2537 4081 2656 4152; x_wconf 89' lang='lat' dir='ltr'><strong>ipsa</strong></span> <span class='ocrx_word' id='word_1_634' title='bbox 2713 4079 3001 4135; x_wconf 89' lang='lat' dir='ltr'><strong>collocatio</strong></span> <span class='ocrx_word' id='word_1_635' title='bbox 3047 4077 3399 4148; x_wconf 87' lang='lat' dir='ltr'><strong>perspicuum</strong></span> <span class='ocrx_word' id='word_1_636' title='bbox 3456 4073 3620 4133; x_wconf 78' lang='lat' dir='ltr'><strong>faciet</strong></span> 
     </span>
    </p>
   </div>
   <div class='ocr_carea' id='block_1_85' title="bbox 2041 4177 2500 4251">
    <p class='ocr_par' dir='ltr' id='par_1_85' title="bbox 2041 4177 2500 4251">
     <span class='ocr_line' id='line_1_85' title="bbox 2041 4177 2500 4251; baseline -0.011 -17"><span class='ocrx_word' id='word_1_637' title='bbox 2041 4178 2190 4251; x_wconf 87' lang='lat' dir='ltr'><strong>quod</strong></span> <span class='ocrx_word' id='word_1_638' title='bbox 2213 4177 2500 4247; x_wconf 59' lang='lat' dir='ltr'><strong>quaeritur.</strong></span> 
     </span>
    </p>
   </div>
   <div class='ocr_carea' id='block_1_86' title="bbox 2111 4265 2924 4335">
    <p class='ocr_par' dir='ltr' id='par_1_86' title="bbox 2111 4265 2924 4335">
     <span class='ocr_line' id='line_1_86' title="bbox 2111 4265 2924 4335; baseline -0.007 -11"><span class='ocrx_word' id='word_1_639' title='bbox 2111 4271 2307 4326; x_wconf 82' lang='lat' dir='ltr'><strong>PALL.</strong></span> <span class='ocrx_word' id='word_1_640' title='bbox 2337 4270 2456 4335; x_wconf 87' lang='lat' dir='ltr'><strong>Quo</strong></span> <span class='ocrx_word' id='word_1_641' title='bbox 2479 4267 2700 4322; x_wconf 87' lang='lat' dir='ltr'><strong>tandem</strong></span> <span class='ocrx_word' id='word_1_642' title='bbox 2728 4265 2924 4320; x_wconf 86' lang='lat' dir='ltr'><strong>modo?</strong></span> 
     </span>
    </p>
   </div>
   <div class='ocr_carea' id='block_1_87' title="bbox 2109 4352 3619 4428">
    <p class='ocr_par' dir='ltr' id='par_1_87' title="bbox 2109 4352 3619 4428">
     <span class='ocr_line' id='line_1_87' title="bbox 2109 4352 3619 4428; baseline -0.008 -11"><span class='ocrx_word' id='word_1_643' title='bbox 2109 4361 2264 4416; x_wconf 63' lang='grc' dir='ltr'><strong>ΟΥΕ.</strong></span> <span class='ocrx_word' id='word_1_644' title='bbox 2313 4360 2448 4414; x_wconf 87' lang='lat' dir='ltr'><strong>Nam</strong></span> <span class='ocrx_word' id='word_1_645' title='bbox 2487 4359 2730 4428; x_wconf 87' lang='lat' dir='ltr'><strong>quinque</strong></span> <span class='ocrx_word' id='word_1_646' title='bbox 2763 4357 2962 4420; x_wconf 66' lang='lat' dir='ltr'><strong>aulaaa,</strong></span> <span class='ocrx_word' id='word_1_647' title='bbox 2998 4352 3206 4423; x_wconf 89' lang='lat' dir='ltr'><strong>inquit,</strong></span> <span class='ocrx_word' id='word_1_648' title='bbox 3246 4352 3388 4406; x_wconf 90' lang='lat' dir='ltr'><strong>inter</strong></span> <span class='ocrx_word' id='word_1_649' title='bbox 3403 4366 3460 4406; x_wconf 80' lang='lat' dir='ltr'><strong>se</strong></span> <span class='ocrx_word' id='word_1_650' title='bbox 3483 4366 3619 4406; x_wconf 88' lang='lat' dir='ltr'><strong>con-</strong></span> 
     </span>
    </p>
   </div>
   <div class='ocr_carea' id='block_1_88' title="bbox 361 4424 1931 4521">
    <p class='ocr_par' dir='ltr' id='par_1_88' title="bbox 361 4440 1931 4521">
     <span class='ocr_line' id='line_1_88' title="bbox 361 4440 1931 4521; baseline 0.01 -29"><span class='ocrx_word' id='word_1_651' title='bbox 361 4440 530 4514; x_wconf 80' lang='grc' dir='ltr'>μένας</span> <span class='ocrx_word' id='word_1_652' title='bbox 554 4443 632 4496; x_wconf 84' lang='grc' dir='ltr'>ὅτι</span> <span class='ocrx_word' id='word_1_653' title='bbox 671 4443 910 4512; x_wconf 81' lang='grc' dir='ltr'>προσῆκε</span> <span class='ocrx_word' id='word_1_654' title='bbox 945 4445 1194 4509; x_wconf 85' lang='grc' dir='ltr'>γενέσθαι</span> <span class='ocrx_word' id='word_1_655' title='bbox 1231 4449 1412 4516; x_wconf 79' lang='grc' dir='ltr'>φησίν·</span> <span class='ocrx_word' id='word_1_656' title='bbox 1445 4451 1636 4521; x_wconf 81' lang='grc' dir='ltr'>ἑτέρας</span> <span class='ocrx_word' id='word_1_657' title='bbox 1662 4454 1717 4505; x_wconf 80' lang='grc' dir='ltr'><strong>δὲ</strong></span> <span class='ocrx_word' id='word_1_658' title='bbox 1753 4457 1931 4519; x_wconf 80' lang='grc' dir='ltr'>πέντε,</span> 
     </span>
    </p>
   </div>
   <div class='ocr_carea' id='block_1_89' title="bbox 2033 4424 3618 4521">
    <p class='ocr_par' dir='ltr' id='par_1_89' title="bbox 2047 4424 3618 4518">
     <span class='ocr_line' id='line_1_89' title="bbox 2047 4424 3618 4518; baseline -0.008 -11"><span class='ocrx_word' id='word_1_659' title='bbox 2047 4469 2186 4507; x_wconf 76' lang='lat' dir='ltr'><strong>nexa</strong></span> <span class='ocrx_word' id='word_1_660' title='bbox 2215 4451 2332 4504; x_wconf 83' lang='lat' dir='ltr'><strong>fieri</strong></span> <span class='ocrx_word' id='word_1_661' title='bbox 2371 4424 2658 4518; x_wconf 65' lang='lat' dir='ltr'><strong>oportere,</strong></span> <span class='ocrx_word' id='word_1_662' title='bbox 2689 4447 2932 4515; x_wconf 87' lang='lat' dir='ltr'><strong>quinque</strong></span> <span class='ocrx_word' id='word_1_663' title='bbox 2977 4444 3166 4498; x_wconf 84' lang='lat' dir='ltr'><strong>itidem</strong></span> <span class='ocrx_word' id='word_1_664' title='bbox 3200 4443 3394 4505; x_wconf 78' lang='lat' dir='ltr'><strong>altera,</strong></span> <span class='ocrx_word' id='word_1_665' title='bbox 3427 4442 3618 4496; x_wconf 87' lang='lat' dir='ltr'><strong>eadem</strong></span> 
     </span>
    </p>
   </div>
   <div class='ocr_carea' id='block_1_90' title="bbox 357 4532 1937 4612">
    <p class='ocr_par' dir='ltr' id='par_1_90' title="bbox 357 4532 1937 4612">
     <span class='ocr_line' id='line_1_90' title="bbox 357 4532 1937 4612; baseline 0.008 -27"><span class='ocrx_word' id='word_1_666' title='bbox 357 4532 506 4585; x_wconf 73' lang='grc' dir='ltr'>κατὰ</span> <span class='ocrx_word' id='word_1_667' title='bbox 537 4533 596 4584; x_wconf 83' lang='grc' dir='ltr'><strong>τὸ</strong></span> <span class='ocrx_word' id='word_1_668' title='bbox 647 4534 776 4586; x_wconf 74' lang='grc' dir='ltr'>αὐτὸ</span> <span class='ocrx_word' id='word_1_669' title='bbox 807 4534 860 4586; x_wconf 79' lang='grc' dir='ltr'>δὲ</span> <span class='ocrx_word' id='word_1_670' title='bbox 896 4535 1104 4604; x_wconf 79' lang='grc' dir='ltr'>σχῆμα.</span> <span class='ocrx_word' id='word_1_671' title='bbox 1139 4537 1230 4589; x_wconf 70' lang='grc' dir='ltr'><strong>καὶ</strong></span> <span class='ocrx_word' id='word_1_672' title='bbox 1289 4540 1344 4590; x_wconf 83' lang='grc' dir='ltr'><strong>ἐν</strong></span> <span class='ocrx_word' id='word_1_673' title='bbox 1387 4541 1484 4610; x_wconf 78' lang='grc' dir='ltr'><strong>ἴσῳ</strong></span> <span class='ocrx_word' id='word_1_674' title='bbox 1516 4543 1700 4612; x_wconf 74' lang='grc' dir='ltr'>τρόπῳ</span> <span class='ocrx_word' id='word_1_675' title='bbox 1729 4546 1937 4598; x_wconf 83' lang='grc' dir='ltr'>ἀντιτε-</span> 
     </span>
    </p>
   </div>
   <div class='ocr_carea' id='block_1_91' title="bbox 357 4625 1940 4702">
    <p class='ocr_par' dir='ltr' id='par_1_91' title="bbox 357 4625 1940 4702">
     <span class='ocr_line' id='line_1_91' title="bbox 357 4625 1940 4702; baseline 0.009 -26"><span class='ocrx_word' id='word_1_676' title='bbox 357 4625 655 4692; x_wconf 70' lang='grc' dir='ltr'>ταγμένας.</span> <span class='ocrx_word' id='word_1_677' title='bbox 690 4626 988 4698; x_wconf 79' lang='grc' dir='ltr'>Τοιγαροῦν</span> <span class='ocrx_word' id='word_1_678' title='bbox 1033 4627 1292 4700; x_wconf 77' lang='grc' dir='ltr'>ἀλλήλοιιν</span> <span class='ocrx_word' id='word_1_679' title='bbox 1349 4631 1441 4683; x_wconf 71' lang='grc' dir='ltr'><strong>καὶ</strong></span> <span class='ocrx_word' id='word_1_680' title='bbox 1511 4635 1940 4702; x_wconf 77' lang='grc' dir='ltr'>ἁντιπροσὼπως</span> 
     </span>
    </p>
   </div>
   <div class='ocr_carea' id='block_1_92' title="bbox 359 4718 1937 4793">
    <p class='ocr_par' dir='ltr' id='par_1_92' title="bbox 359 4718 1937 4793">
     <span class='ocr_line' id='line_1_92' title="bbox 359 4718 1937 4793; baseline 0.006 -23"><span class='ocrx_word' id='word_1_681' title='bbox 359 4718 884 4788; x_wconf 78' lang='grc' dir='ltr'>ἀντεγηγερμέναιν,</span> <span class='ocrx_word' id='word_1_682' title='bbox 929 4720 1004 4783; x_wconf 86' lang='grc' dir='ltr'>ὠς</span> <span class='ocrx_word' id='word_1_683' title='bbox 1054 4723 1116 4773; x_wconf 85' lang='grc' dir='ltr'>ὲκ</span> <span class='ocrx_word' id='word_1_684' title='bbox 1171 4721 1396 4792; x_wconf 73' lang='grc' dir='ltr'>βορῤέου</span> <span class='ocrx_word' id='word_1_685' title='bbox 1449 4723 1609 4793; x_wconf 81' lang='grc' dir='ltr'>τυχὸν</span> <span class='ocrx_word' id='word_1_686' title='bbox 1643 4726 1736 4778; x_wconf 71' lang='grc' dir='ltr'>καὶ</span> <span class='ocrx_word' id='word_1_687' title='bbox 1763 4727 1937 4790; x_wconf 78' lang='grc' dir='ltr'>νότου,</span> 
     </span>
    </p>
   </div>
   <div class='ocr_carea' id='block_1_93' title="bbox 359 4809 1971 4890">
    <p class='ocr_par' dir='ltr' id='par_1_93' title="bbox 359 4809 1971 4890">
     <span class='ocr_line' id='line_1_93' title="bbox 359 4809 1971 4890; baseline 0.009 -31"><span class='ocrx_word' id='word_1_688' title='bbox 359 4809 528 4879; x_wconf 76' lang='grc' dir='ltr'>ἦγουν</span> <span class='ocrx_word' id='word_1_689' title='bbox 559 4809 616 4875; x_wconf 78' lang='grc' dir='ltr'>ἐξ</span> <span class='ocrx_word' id='word_1_690' title='bbox 662 4811 790 4878; x_wconf 78' lang='grc' dir='ltr'>ἠοῦς</span> <span class='ocrx_word' id='word_1_691' title='bbox 814 4812 907 4864; x_wconf 63' lang='grc' dir='ltr'><strong>καλ⁸</strong></span> <span class='ocrx_word' id='word_1_692' title='bbox 941 4812 1123 4881; x_wconf 88' lang='grc' dir='ltr'>μέντοι</span> <span class='ocrx_word' id='word_1_693' title='bbox 1168 4817 1260 4867; x_wconf 72' lang='grc' dir='ltr'><strong>καὶ</strong></span> <span class='ocrx_word' id='word_1_694' title='bbox 1297 4815 1534 4883; x_wconf 81' lang='grc' dir='ltr'>δυσμῶν,</span> <span class='ocrx_word' id='word_1_695' title='bbox 1565 4818 1821 4889; x_wconf 80' lang='grc' dir='ltr'>ἑνδεκάτη</span> <span class='ocrx_word' id='word_1_696' title='bbox 1856 4838 1971 4890; x_wconf 36' lang='grc' dir='ltr'>τις,</span> 
     </span>
    </p>
   </div>
   <div class='ocr_carea' id='block_1_94' title="bbox 357 4897 1941 4978">
    <p class='ocr_par' dir='ltr' id='par_1_94' title="bbox 357 4897 1941 4978">
     <span class='ocr_line' id='line_1_94' title="bbox 357 4897 1941 4978; baseline 0.008 -30"><span class='ocrx_word' id='word_1_697' title='bbox 357 4901 393 4968; x_wconf 78' lang='grc' dir='ltr'>ἡ</span> <span class='ocrx_word' id='word_1_698' title='bbox 431 4897 516 4954; x_wconf 77' lang='grc' dir='ltr'><strong>διὰ</strong></span> <span class='ocrx_word' id='word_1_699' title='bbox 551 4899 716 4969; x_wconf 86' lang='grc' dir='ltr'>μέσου</span> <span class='ocrx_word' id='word_1_700' title='bbox 758 4898 940 4958; x_wconf 78' lang='grc' dir='ltr'>λοιπὸν</span> <span class='ocrx_word' id='word_1_701' title='bbox 986 4901 1328 4972; x_wconf 79' lang='grc' dir='ltr'>ἐσχεδιάζετο</span> <span class='ocrx_word' id='word_1_702' title='bbox 1381 4903 1605 4976; x_wconf 72' lang='grc' dir='ltr'>πλευρὰ,</span> <span class='ocrx_word' id='word_1_703' title='bbox 1645 4907 1747 4960; x_wconf 74' lang='grc' dir='ltr'>ἀνά</span> <span class='ocrx_word' id='word_1_704' title='bbox 1777 4909 1941 4978; x_wconf 83' lang='grc' dir='ltr'>μέρος</span> 
     </span>
    </p>
   </div>
   <div class='ocr_carea' id='block_1_95' title="bbox 367 4991 1938 5070">
    <p class='ocr_par' dir='ltr' id='par_1_95' title="bbox 367 4991 1938 5070">
     <span class='ocr_line' id='line_1_95' title="bbox 367 4991 1938 5070; baseline 0.007 -30"><span class='ocrx_word' id='word_1_705' title='bbox 367 4991 666 5060; x_wconf 80' lang='grc' dir='ltr'>ποιουμένη</span> <span class='ocrx_word' id='word_1_706' title='bbox 702 4991 798 5052; x_wconf 85' lang='grc' dir='ltr'>τὰς</span> <span class='ocrx_word' id='word_1_707' title='bbox 833 4991 984 5056; x_wconf 85' lang='grc' dir='ltr'>δέκα,</span> <span class='ocrx_word' id='word_1_708' title='bbox 1017 4993 1353 5064; x_wconf 78' lang='grc' dir='ltr'>διηρημένας</span> <span class='ocrx_word' id='word_1_709' title='bbox 1375 4997 1453 5058; x_wconf 78' lang='grc' dir='ltr'><strong>εἰς</strong></span> <span class='ocrx_word' id='word_1_710' title='bbox 1475 4997 1586 5062; x_wconf 88' lang='grc' dir='ltr'>δύο,</span> <span class='ocrx_word' id='word_1_711' title='bbox 1616 4999 1701 5066; x_wconf 77' lang='grc' dir='ltr'><strong>ἐφ’</strong></span> <span class='ocrx_word' id='word_1_712' title='bbox 1799 4999 1938 5068; x_wconf 81' lang='grc' dir='ltr'>τάχα</span> 
     </span>
    </p>
   </div>
   <div class='ocr_carea' id='block_1_96' title="bbox 361 5079 1938 5158">
    <p class='ocr_par' dir='ltr' id='par_1_96' title="bbox 361 5079 1938 5158">
     <span class='ocr_line' id='line_1_96' title="bbox 361 5079 1938 5158; baseline 0.007 -29"><span class='ocrx_word' id='word_1_713' title='bbox 361 5093 467 5136; x_wconf 68' lang='grc' dir='ltr'><strong>που</strong></span> <span class='ocrx_word' id='word_1_714' title='bbox 492 5080 583 5131; x_wconf 72' lang='grc' dir='ltr'>καὶ</span> <span class='ocrx_word' id='word_1_715' title='bbox 601 5079 780 5152; x_wconf 51' lang='lat' dir='ltr'><strong>septi;</strong></span> <span class='ocrx_word' id='word_1_716' title='bbox 804 5084 836 5150; x_wconf 86' lang='grc' dir='ltr'>ἠ</span> <span class='ocrx_word' id='word_1_717' title='bbox 870 5082 1130 5150; x_wconf 69' lang='grc' dir='ltr'>ἑνδεκάτη</span> <span class='ocrx_word' id='word_1_718' title='bbox 1153 5085 1704 5157; x_wconf 79' lang='grc' dir='ltr'>περιτετά[ν]νυσται,</span> <span class='ocrx_word' id='word_1_719' title='bbox 1725 5088 1938 5158; x_wconf 83' lang='grc' dir='ltr'>κρίκοις</span> 
     </span>
    </p>
   </div>
   <div class='ocr_carea' id='block_1_97' title="bbox 359 5170 1935 5249">
    <p class='ocr_par' dir='ltr' id='par_1_97' title="bbox 359 5170 1935 5249">
     <span class='ocr_line' id='line_1_97' title="bbox 359 5170 1935 5249; baseline 0.007 -29"><span class='ocrx_word' id='word_1_720' title='bbox 359 5185 422 5221; x_wconf 82' lang='grc' dir='ltr'><strong>τε</strong></span> <span class='ocrx_word' id='word_1_721' title='bbox 460 5170 550 5223; x_wconf 76' lang='grc' dir='ltr'>καὶ</span> <span class='ocrx_word' id='word_1_722' title='bbox 577 5171 840 5239; x_wconf 83' lang='grc' dir='ltr'>ἀγκύλαις</span> <span class='ocrx_word' id='word_1_723' title='bbox 873 5173 1036 5242; x_wconf 68' lang='grc' dir='ltr'>ἄμφω</span> <span class='ocrx_word' id='word_1_724' title='bbox 1066 5177 1354 5246; x_wconf 79' lang='grc' dir='ltr'>συνέχοντα</span> <span class='ocrx_word' id='word_1_725' title='bbox 1390 5178 1486 5240; x_wconf 71' lang='grc' dir='ltr'><strong>τὲς</strong></span> <span class='ocrx_word' id='word_1_726' title='bbox 1513 5178 1750 5249; x_wconf 73' lang='grc' dir='ltr'>πλευράς</span> <span class='ocrx_word' id='word_1_727' title='bbox 1769 5195 1780 5207; x_wconf 74' lang='grc' dir='ltr'><strong>ο</strong></span> <span class='ocrx_word' id='word_1_728' title='bbox 1812 5177 1935 5231; x_wconf 85' lang='grc' dir='ltr'>καθ’</span> 
     </span>
    </p>
   </div>
   <div class='ocr_carea' id='block_1_98' title="bbox 360 5263 1934 5341">
    <p class='ocr_par' dir='ltr' id='par_1_98' title="bbox 360 5263 1934 5341">
     <span class='ocr_line' id='line_1_98' title="bbox 360 5263 1934 5341; baseline 0.004 -25"><span class='ocrx_word' id='word_1_729' title='bbox 360 5263 658 5334; x_wconf 77' lang='grc' dir='ltr'>ὁμοιότητα</span> <span class='ocrx_word' id='word_1_730' title='bbox 700 5264 756 5316; x_wconf 84' lang='grc' dir='ltr'><strong>δὲ</strong></span> <span class='ocrx_word' id='word_1_731' title='bbox 813 5265 920 5316; x_wconf 80' lang='grc' dir='ltr'>τῶν</span> <span class='ocrx_word' id='word_1_732' title='bbox 967 5266 1162 5330; x_wconf 81' lang='grc' dir='ltr'>ἄλλων,</span> <span class='ocrx_word' id='word_1_733' title='bbox 1218 5270 1310 5321; x_wconf 70' lang='grc' dir='ltr'><strong>καὶ</strong></span> <span class='ocrx_word' id='word_1_734' title='bbox 1362 5271 1410 5321; x_wconf 75' lang='grc' dir='ltr'>οἱ</span> <span class='ocrx_word' id='word_1_735' title='bbox 1478 5271 1681 5341; x_wconf 76' lang='grc' dir='ltr'>ταύτης</span> <span class='ocrx_word' id='word_1_736' title='bbox 1733 5271 1934 5335; x_wconf 77' lang='grc' dir='ltr'>στύλοι,</span> 
     </span>
    </p>
   </div>
   <div class='ocr_carea' id='block_1_99' title="bbox 363 5354 1932 5432">
    <p class='ocr_par' dir='ltr' id='par_1_99' title="bbox 363 5354 1932 5432">
     <span class='ocr_line' id='line_1_99' title="bbox 363 5354 1932 5432; baseline 0.006 -26"><span class='ocrx_word' id='word_1_737' title='bbox 363 5354 506 5424; x_wconf 76' lang='grc' dir='ltr'>πλὴν</span> <span class='ocrx_word' id='word_1_738' title='bbox 540 5357 734 5426; x_wconf 81' lang='grc' dir='ltr'>ἥττους</span> <span class='ocrx_word' id='word_1_739' title='bbox 772 5359 829 5412; x_wconf 81' lang='grc' dir='ltr'><strong>ἐν</strong></span> <span class='ocrx_word' id='word_1_740' title='bbox 875 5357 1112 5428; x_wconf 73' lang='grc' dir='ltr'><strong>ἀριθμῷ.</strong></span> <span class='ocrx_word' id='word_1_741' title='bbox 1148 5361 1210 5410; x_wconf 80' lang='lat' dir='ltr'><strong>Ai</strong></span> <span class='ocrx_word' id='word_1_742' title='bbox 1245 5361 1342 5429; x_wconf 70' lang='grc' dir='ltr'><strong>μὲν</strong></span> <span class='ocrx_word' id='word_1_743' title='bbox 1374 5361 1480 5432; x_wconf 74' lang='grc' dir='ltr'><strong>γὰρ</strong></span> <span class='ocrx_word' id='word_1_744' title='bbox 1501 5362 1632 5416; x_wconf 77' lang='grc' dir='ltr'>δέκα</span> <span class='ocrx_word' id='word_1_745' title='bbox 1689 5363 1932 5430; x_wconf 74' lang='grc' dir='ltr'>αὐλαῖαι,</span> 
     </span>
    </p>
   </div>
   <div class='ocr_carea' id='block_1_100' title="bbox 362 5443 1936 5523">
    <p class='ocr_par' dir='ltr' id='par_1_100' title="bbox 362 5443 1936 5523">
     <span class='ocr_line' id='line_1_100' title="bbox 362 5443 1936 5523; baseline 0.006 -26"><span class='ocrx_word' id='word_1_746' title='bbox 362 5443 614 5514; x_wconf 76' lang='grc' dir='ltr'>καθάπερ</span> <span class='ocrx_word' id='word_1_747' title='bbox 659 5446 756 5516; x_wconf 74' lang='grc' dir='ltr'><strong>ἤδη</strong></span> <span class='ocrx_word' id='word_1_748' title='bbox 821 5450 1102 5516; x_wconf 82' lang='grc' dir='ltr'>προεῖπον,</span> <span class='ocrx_word' id='word_1_749' title='bbox 1140 5449 1220 5510; x_wconf 71' lang='grc' dir='ltr'>εἰς</span> <span class='ocrx_word' id='word_1_750' title='bbox 1266 5451 1436 5518; x_wconf 80' lang='grc' dir='ltr'>μῆκος</span> <span class='ocrx_word' id='word_1_751' title='bbox 1467 5452 1792 5515; x_wconf 79' lang='grc' dir='ltr'>ἐξετείνοντο</span> <span class='ocrx_word' id='word_1_752' title='bbox 1825 5455 1936 5523; x_wconf 86' lang='grc' dir='ltr'><strong>πή-</strong></span> 
     </span>
    </p>
   </div>
   <div class='ocr_carea' id='block_1_101' title="bbox 362 5535 1936 5610">
    <p class='ocr_par' dir='ltr' id='par_1_101' title="bbox 362 5535 1936 5610">
     <span class='ocr_line' id='line_1_101' title="bbox 362 5535 1936 5610; baseline 0.006 -23"><span class='ocrx_word' id='word_1_753' title='bbox 362 5551 506 5603; x_wconf 80' lang='grc' dir='ltr'>χεων</span> <span class='ocrx_word' id='word_1_754' title='bbox 525 5535 668 5590; x_wconf 87' lang='grc' dir='ltr'>ὀκτὼ</span> <span class='ocrx_word' id='word_1_755' title='bbox 693 5537 784 5589; x_wconf 79' lang='grc' dir='ltr'><strong>καὶ</strong></span> <span class='ocrx_word' id='word_1_756' title='bbox 822 5538 1044 5600; x_wconf 72' lang='grc' dir='ltr'>εἶκε-σιν,</span> <span class='ocrx_word' id='word_1_757' title='bbox 1067 5539 1165 5607; x_wconf 70' lang='grc' dir='ltr'>ἥτε</span> <span class='ocrx_word' id='word_1_758' title='bbox 1205 5538 1308 5608; x_wconf 75' lang='grc' dir='ltr'><strong>μὴν</strong></span> <span class='ocrx_word' id='word_1_759' title='bbox 1333 5541 1586 5609; x_wconf 80' lang='grc' dir='ltr'>ἑνδεκάτη</span> <span class='ocrx_word' id='word_1_760' title='bbox 1626 5543 1719 5594; x_wconf 76' lang='grc' dir='ltr'><strong>καὶ</strong></span> <span class='ocrx_word' id='word_1_761' title='bbox 1745 5561 1936 5610; x_wconf 82' lang='grc' dir='ltr'>μεσαι-</span> 
     </span>
    </p>
   </div>
   <div class='ocr_carea' id='block_1_102' title="bbox 363 5623 1934 5702">
    <p class='ocr_par' dir='ltr' id='par_1_102' title="bbox 363 5623 1934 5702">
     <span class='ocr_line' id='line_1_102' title="bbox 363 5623 1934 5702; baseline 0.003 -22"><span class='ocrx_word' id='word_1_762' title='bbox 363 5625 500 5694; x_wconf 82' lang='grc' dir='ltr'>τάτη</span> <span class='ocrx_word' id='word_1_763' title='bbox 552 5627 659 5678; x_wconf 80' lang='grc' dir='ltr'><strong>τῶν</strong></span> <span class='ocrx_word' id='word_1_764' title='bbox 705 5626 898 5690; x_wconf 80' lang='grc' dir='ltr'>ἄλλων,</span> <span class='ocrx_word' id='word_1_765' title='bbox 939 5627 996 5678; x_wconf 73' lang='grc' dir='ltr'>τὸ</span> <span class='ocrx_word' id='word_1_766' title='bbox 1031 5623 1183 5697; x_wconf 67' lang='grc' dir='ltr'>εἶρος</span> <span class='ocrx_word' id='word_1_767' title='bbox 1216 5629 1322 5679; x_wconf 77' lang='grc' dir='ltr'>τῶν</span> <span class='ocrx_word' id='word_1_768' title='bbox 1357 5629 1512 5682; x_wconf 77' lang='grc' dir='ltr'>πέντε</span> <span class='ocrx_word' id='word_1_769' title='bbox 1545 5631 1934 5702; x_wconf 70' lang='grc' dir='ltr'>(τετραπήχεις</span> 
     </span>
    </p>
   </div>
   <div class='ocr_carea' id='block_1_103' title="bbox 445 5801 1604 5869">
    <p class='ocr_par' dir='ltr' id='par_1_103' title="bbox 445 5801 1604 5869">
     <span class='ocr_line' id='line_1_103' title="bbox 445 5801 1604 5869; baseline -0.009 -11"><span class='ocrx_word' id='word_1_770' title='bbox 445 5803 491 5836; x_wconf 68' lang='grc'><strong>⁸³</strong></span> <span class='ocrx_word' id='word_1_771' title='bbox 529 5803 682 5856; x_wconf 55' lang='grc' dir='ltr'><strong>δεξιῇ.</strong></span> <span class='ocrx_word' id='word_1_772' title='bbox 725 5819 826 5863; x_wconf 60' lang='lat' dir='ltr'><strong>xm:</strong></span> <span class='ocrx_word' id='word_1_773' title='bbox 863 5802 949 5851; x_wconf 65' lang='lat'><strong>&#39;33.</strong></span> <span class='ocrx_word' id='word_1_774' title='bbox 1045 5801 1088 5830; x_wconf 63' lang='grc' dir='ltr'><strong>ίδί</strong></span> <span class='ocrx_word' id='word_1_775' title='bbox 1125 5801 1263 5854; x_wconf 76' lang='lat' dir='ltr'><strong>Psnl.</strong></span> <span class='ocrx_word' id='word_1_776' title='bbox 1297 5818 1455 5869; x_wconf 67' lang='lat' dir='ltr'><strong>mur,</strong></span> <span class='ocrx_word' id='word_1_777' title='bbox 1517 5805 1604 5856; x_wconf 69' lang='lat'><strong>:37,</strong></span> 
     </span>
    </p>
   </div>
   <div class='ocr_carea' id='block_1_104' title="bbox 1688 5807 1958 5864">
    <p class='ocr_par' dir='ltr' id='par_1_104' title="bbox 1688 5807 1958 5864">
     <span class='ocr_line' id='line_1_104' title="bbox 1688 5807 1958 5864; baseline 0 -4"><span class='ocrx_word' id='word_1_778' title='bbox 1688 5807 1732 5836; x_wconf 58' lang='grc' dir='ltr'><strong>θ’</strong></span> <span class='ocrx_word' id='word_1_779' title='bbox 1785 5807 1958 5864; x_wconf 59' lang='lat' dir='ltr'><strong>Exod.</strong></span> 
     </span>
    </p>
   </div>
   <div class='ocr_carea' id='block_1_105' title="bbox 2045 4532 3618 4614">
    <p class='ocr_par' dir='ltr' id='par_1_105' title="bbox 2045 4532 3618 4614">
     <span class='ocr_line' id='line_1_105' title="bbox 2045 4532 3618 4614; baseline -0.008 -16"><span class='ocrx_word' id='word_1_780' title='bbox 2045 4545 2238 4614; x_wconf 75' lang='lat' dir='ltr'><strong>figura,</strong></span> <span class='ocrx_word' id='word_1_781' title='bbox 2277 4541 2585 4608; x_wconf 84' lang='lat' dir='ltr'><strong>eodemque</strong></span> <span class='ocrx_word' id='word_1_782' title='bbox 2621 4537 2784 4592; x_wconf 86' lang='lat' dir='ltr'><strong>modo</strong></span> <span class='ocrx_word' id='word_1_783' title='bbox 2811 4535 3084 4606; x_wconf 85' lang='lat' dir='ltr'><strong>opposita,</strong></span> <span class='ocrx_word' id='word_1_784' title='bbox 3121 4533 3323 4602; x_wconf 89' lang='lat' dir='ltr'><strong>quibus</strong></span> <span class='ocrx_word' id='word_1_785' title='bbox 3365 4548 3394 4586; x_wconf 89' lang='lat' dir='ltr'><strong>e</strong></span> <span class='ocrx_word' id='word_1_786' title='bbox 3433 4532 3618 4601; x_wconf 78' lang='lat' dir='ltr'><strong>regio-</strong></span> 
     </span>
    </p>
   </div>
   <div class='ocr_carea' id='block_1_106' title="bbox 2042 4625 3615 4702">
    <p class='ocr_par' dir='ltr' id='par_1_106' title="bbox 2042 4625 3615 4702">
     <span class='ocr_line' id='line_1_106' title="bbox 2042 4625 3615 4702; baseline -0.008 -12"><span class='ocrx_word' id='word_1_787' title='bbox 2042 4653 2112 4691; x_wconf 87' lang='lat' dir='ltr'><strong>ne</strong></span> <span class='ocrx_word' id='word_1_788' title='bbox 2140 4645 2304 4702; x_wconf 82' lang='lat' dir='ltr'><strong>atque</strong></span> <span class='ocrx_word' id='word_1_789' title='bbox 2338 4648 2406 4686; x_wconf 74' lang='lat' dir='ltr'><strong>ex</strong></span> <span class='ocrx_word' id='word_1_790' title='bbox 2427 4631 2660 4685; x_wconf 79' lang='lat' dir='ltr'><strong>adverso</strong></span> <span class='ocrx_word' id='word_1_791' title='bbox 2689 4627 2912 4686; x_wconf 81' lang='lat' dir='ltr'><strong>erectis.</strong></span> <span class='ocrx_word' id='word_1_792' title='bbox 2947 4642 3013 4681; x_wconf 75' lang='lat' dir='ltr'><strong>ex</strong></span> <span class='ocrx_word' id='word_1_793' title='bbox 3067 4625 3376 4694; x_wconf 87' lang='lat' dir='ltr'><strong>aquilonari</strong></span> <span class='ocrx_word' id='word_1_794' title='bbox 3419 4625 3615 4686; x_wconf 85' lang='lat' dir='ltr'><strong>latere,</strong></span> 
     </span>
    </p>
   </div>
   <div class='ocr_carea' id='block_1_107' title="bbox 2047 4715 3619 4796">
    <p class='ocr_par' dir='ltr' id='par_1_107' title="bbox 2047 4715 3619 4796">
     <span class='ocr_line' id='line_1_107' title="bbox 2047 4715 3619 4796; baseline -0.007 -15"><span class='ocrx_word' id='word_1_795' title='bbox 2047 4727 2202 4782; x_wconf 86' lang='lat' dir='ltr'><strong>verbi</strong></span> <span class='ocrx_word' id='word_1_796' title='bbox 2233 4725 2430 4796; x_wconf 76' lang='lat' dir='ltr'><strong>gratia,</strong></span> <span class='ocrx_word' id='word_1_797' title='bbox 2477 4731 2533 4778; x_wconf 89' lang='lat' dir='ltr'><strong>et</strong></span> <span class='ocrx_word' id='word_1_798' title='bbox 2573 4723 2824 4783; x_wconf 85' lang='lat' dir='ltr'><strong>australi,</strong></span> <span class='ocrx_word' id='word_1_799' title='bbox 2869 4727 2964 4774; x_wconf 91' lang='lat' dir='ltr'><strong>aut</strong></span> <span class='ocrx_word' id='word_1_800' title='bbox 2993 4728 3142 4774; x_wconf 89' lang='lat' dir='ltr'><strong>certe</strong></span> <span class='ocrx_word' id='word_1_801' title='bbox 3167 4718 3237 4772; x_wconf 89' lang='lat' dir='ltr'><strong>ab</strong></span> <span class='ocrx_word' id='word_1_802' title='bbox 3272 4726 3398 4772; x_wconf 89' lang='lat' dir='ltr'><strong>ortu</strong></span> <span class='ocrx_word' id='word_1_803' title='bbox 3451 4728 3508 4770; x_wconf 88' lang='lat' dir='ltr'><strong>et</strong></span> <span class='ocrx_word' id='word_1_804' title='bbox 3547 4715 3619 4770; x_wconf 91' lang='lat' dir='ltr'><strong>ab</strong></span> 
     </span>
    </p>
   </div>
   <div class='ocr_carea' id='block_1_108' title="bbox 2047 4807 3616 4882">
    <p class='ocr_par' dir='ltr' id='par_1_108' title="bbox 2047 4807 3616 4882">
     <span class='ocr_line' id='line_1_108' title="bbox 2047 4807 3616 4882; baseline -0.004 -15"><span class='ocrx_word' id='word_1_805' title='bbox 2047 4829 2268 4880; x_wconf 88' lang='lat' dir='ltr'><strong>occasu,</strong></span> <span class='ocrx_word' id='word_1_806' title='bbox 2297 4814 2652 4869; x_wconf 89' lang='lat' dir='ltr'><strong>undecimum</strong></span> <span class='ocrx_word' id='word_1_807' title='bbox 2679 4813 2789 4882; x_wconf 86' lang='lat' dir='ltr'><strong>jam</strong></span> <span class='ocrx_word' id='word_1_808' title='bbox 2819 4809 3208 4865; x_wconf 83' lang='lat' dir='ltr'><strong>intermedium</strong></span> <span class='ocrx_word' id='word_1_809' title='bbox 3235 4808 3380 4863; x_wconf 89' lang='lat' dir='ltr'><strong>latus</strong></span> <span class='ocrx_word' id='word_1_810' title='bbox 3413 4807 3616 4862; x_wconf 80' lang='lat' dir='ltr'><strong>ellicie-</strong></span> 
     </span>
    </p>
   </div>
   <div class='ocr_carea' id='block_1_109' title="bbox 2045 4901 3614 4978">
    <p class='ocr_par' dir='ltr' id='par_1_109' title="bbox 2045 4901 3614 4978">
     <span class='ocr_line' id='line_1_109' title="bbox 2045 4901 3614 4978; baseline -0.004 -16"><span class='ocrx_word' id='word_1_811' title='bbox 2045 4908 2142 4962; x_wconf 86' lang='lat' dir='ltr'><strong>bat</strong></span> <span class='ocrx_word' id='word_1_812' title='bbox 2195 4907 2342 4978; x_wconf 89' lang='lat' dir='ltr'><strong>quod</strong></span> <span class='ocrx_word' id='word_1_813' title='bbox 2399 4906 2489 4960; x_wconf 89' lang='lat' dir='ltr'><strong>illa</strong></span> <span class='ocrx_word' id='word_1_814' title='bbox 2537 4905 2728 4960; x_wconf 90' lang='lat' dir='ltr'><strong>decem</strong></span> <span class='ocrx_word' id='word_1_815' title='bbox 2763 4904 2937 4958; x_wconf 65' lang='lat' dir='ltr'><strong>aulaea</strong></span> <span class='ocrx_word' id='word_1_816' title='bbox 2993 4903 3328 4973; x_wconf 78' lang='lat' dir='ltr'><strong>scjungeret,</strong></span> <span class='ocrx_word' id='word_1_817' title='bbox 3385 4901 3522 4956; x_wconf 90' lang='lat' dir='ltr'><strong>duas</strong></span> <span class='ocrx_word' id='word_1_818' title='bbox 3559 4901 3614 4956; x_wconf 91' lang='lat' dir='ltr'><strong>in</strong></span> 
     </span>
    </p>
   </div>
   <div class='ocr_carea' id='block_1_110' title="bbox 2046 4991 3614 5075">
    <p class='ocr_par' dir='ltr' id='par_1_110' title="bbox 2046 4991 3614 5075">
     <span class='ocr_line' id='line_1_110' title="bbox 2046 4991 3614 5075; baseline -0.004 -25"><span class='ocrx_word' id='word_1_819' title='bbox 2046 5004 2234 5066; x_wconf 87' lang='lat' dir='ltr'><strong>partes</strong></span> <span class='ocrx_word' id='word_1_820' title='bbox 2279 4996 2476 5060; x_wconf 87' lang='lat' dir='ltr'><strong>divisa,</strong></span> <span class='ocrx_word' id='word_1_821' title='bbox 2536 5011 2646 5064; x_wconf 89' lang='lat' dir='ltr'><strong>quo</strong></span> <span class='ocrx_word' id='word_1_822' title='bbox 2691 5009 2758 5049; x_wconf 77' lang='lat' dir='ltr'><strong>ex</strong></span> <span class='ocrx_word' id='word_1_823' title='bbox 2797 4995 2971 5075; x_wconf 76' lang='lat' dir='ltr'><strong>latere</strong></span> <span class='ocrx_word' id='word_1_824' title='bbox 3023 4993 3375 5048; x_wconf 89' lang='lat' dir='ltr'><strong>undecimum</strong></span> <span class='ocrx_word' id='word_1_825' title='bbox 3432 4991 3614 5044; x_wconf 86' lang='lat' dir='ltr'><strong>velum</strong></span> 
     </span>
    </p>
   </div>
   <div class='ocr_carea' id='block_1_111' title="bbox 2042 5083 3616 5156">
    <p class='ocr_par' dir='ltr' id='par_1_111' title="bbox 2042 5083 3616 5156">
     <span class='ocr_line' id='line_1_111' title="bbox 2042 5083 3616 5156; baseline -0.006 -12"><span class='ocrx_word' id='word_1_826' title='bbox 2042 5089 2398 5154; x_wconf 81' lang='lat' dir='ltr'><strong>tondebatur,</strong></span> <span class='ocrx_word' id='word_1_827' title='bbox 2453 5089 2676 5142; x_wconf 91' lang='lat' dir='ltr'><strong>annulis</strong></span> <span class='ocrx_word' id='word_1_828' title='bbox 2727 5095 2890 5156; x_wconf 83' lang='lat' dir='ltr'><strong>atque</strong></span> <span class='ocrx_word' id='word_1_829' title='bbox 2945 5085 3096 5140; x_wconf 89' lang='lat' dir='ltr'><strong>ansis</strong></span> <span class='ocrx_word' id='word_1_830' title='bbox 3131 5093 3426 5152; x_wconf 87' lang='lat' dir='ltr'><strong>utrumque</strong></span> <span class='ocrx_word' id='word_1_831' title='bbox 3472 5083 3616 5135; x_wconf 88' lang='lat' dir='ltr'><strong>latus</strong></span> 
     </span>
    </p>
   </div>
   <div class='ocr_carea' id='block_1_112' title="bbox 2041 5170 3617 5248">
    <p class='ocr_par' dir='ltr' id='par_1_112' title="bbox 2041 5170 3617 5248">
     <span class='ocr_line' id='line_1_112' title="bbox 2041 5170 3617 5248; baseline -0.007 -16"><span class='ocrx_word' id='word_1_832' title='bbox 2041 5179 2372 5234; x_wconf 88' lang='lat' dir='ltr'><strong>continens:</strong></span> <span class='ocrx_word' id='word_1_833' title='bbox 2403 5178 2568 5248; x_wconf 87' lang='lat' dir='ltr'><strong>hujus</strong></span> <span class='ocrx_word' id='word_1_834' title='bbox 2593 5193 2812 5247; x_wconf 90' lang='lat' dir='ltr'><strong>quoque</strong></span> <span class='ocrx_word' id='word_1_835' title='bbox 2844 5175 3034 5230; x_wconf 89' lang='lat' dir='ltr'><strong>lateris</strong></span> <span class='ocrx_word' id='word_1_836' title='bbox 3083 5175 3352 5227; x_wconf 71' lang='lat' dir='ltr'><strong>columna:</strong></span> <span class='ocrx_word' id='word_1_837' title='bbox 3405 5170 3617 5230; x_wconf 66' lang='lat' dir='ltr'><strong>caeteris</strong></span> 
     </span>
    </p>
   </div>
   <div class='ocr_carea' id='block_1_113' title="bbox 2039 5261 3613 5334">
    <p class='ocr_par' dir='ltr' id='par_1_113' title="bbox 2039 5261 3613 5334">
     <span class='ocr_line' id='line_1_113' title="bbox 2039 5261 3613 5334; baseline -0.006 -8"><span class='ocrx_word' id='word_1_838' title='bbox 2039 5271 2250 5326; x_wconf 85' lang='lat' dir='ltr'><strong>similes</strong></span> <span class='ocrx_word' id='word_1_839' title='bbox 2286 5280 2466 5334; x_wconf 88' lang='lat' dir='ltr'><strong>erant,</strong></span> <span class='ocrx_word' id='word_1_840' title='bbox 2489 5286 2722 5325; x_wconf 89' lang='lat' dir='ltr'><strong>numero</strong></span> <span class='ocrx_word' id='word_1_841' title='bbox 2765 5275 2976 5322; x_wconf 86' lang='lat' dir='ltr'><strong>tantum</strong></span> <span class='ocrx_word' id='word_1_842' title='bbox 3002 5265 3313 5334; x_wconf 89' lang='lat' dir='ltr'><strong>pauciores.</strong></span> <span class='ocrx_word' id='word_1_843' title='bbox 3351 5261 3485 5316; x_wconf 82' lang='lat' dir='ltr'><strong>Nam</strong></span> <span class='ocrx_word' id='word_1_844' title='bbox 3519 5261 3613 5316; x_wconf 83' lang='lat' dir='ltr'><strong>illa</strong></span> 
     </span>
    </p>
   </div>
   <div class='ocr_carea' id='block_1_114' title="bbox 2038 5353 3612 5432">
    <p class='ocr_par' dir='ltr' id='par_1_114' title="bbox 2038 5353 3612 5432">
     <span class='ocr_line' id='line_1_114' title="bbox 2038 5353 3612 5432; baseline -0.007 -17"><span class='ocrx_word' id='word_1_845' title='bbox 2038 5361 2262 5432; x_wconf 88' lang='lat' dir='ltr'><strong>quidem</strong></span> <span class='ocrx_word' id='word_1_846' title='bbox 2289 5361 2478 5416; x_wconf 88' lang='lat' dir='ltr'><strong>decem</strong></span> <span class='ocrx_word' id='word_1_847' title='bbox 2503 5362 2644 5423; x_wconf 85' lang='lat' dir='ltr'><strong>vela,</strong></span> <span class='ocrx_word' id='word_1_848' title='bbox 2670 5366 2732 5413; x_wconf 91' lang='lat' dir='ltr'><strong>ut</strong></span> <span class='ocrx_word' id='word_1_849' title='bbox 2767 5360 2878 5411; x_wconf 76' lang='lat' dir='ltr'><strong>iam</strong></span> <span class='ocrx_word' id='word_1_850' title='bbox 2919 5353 3054 5416; x_wconf 60' lang='lat' dir='ltr'><strong>disi,</strong></span> <span class='ocrx_word' id='word_1_851' title='bbox 3091 5370 3190 5422; x_wconf 85' lang='lat' dir='ltr'><strong>per</strong></span> <span class='ocrx_word' id='word_1_852' title='bbox 3225 5353 3447 5420; x_wconf 82' lang='lat' dir='ltr'><strong>longum</strong></span> <span class='ocrx_word' id='word_1_853' title='bbox 3481 5367 3612 5421; x_wconf 48' lang='lat' dir='ltr'><strong>por-9</strong></span> 
     </span>
    </p>
   </div>
   <div class='ocr_carea' id='block_1_115' title="bbox 2038 5443 3608 5522">
    <p class='ocr_par' dir='ltr' id='par_1_115' title="bbox 2038 5443 3608 5522">
     <span class='ocr_line' id='line_1_115' title="bbox 2038 5443 3608 5522; baseline -0.006 -17"><span class='ocrx_word' id='word_1_854' title='bbox 2038 5453 2366 5522; x_wconf 75' lang='lat' dir='ltr'><strong>rigehantur</strong></span> <span class='ocrx_word' id='word_1_855' title='bbox 2389 5451 2594 5506; x_wconf 88' lang='lat' dir='ltr'><strong>cubitis</strong></span> <span class='ocrx_word' id='word_1_856' title='bbox 2623 5457 2750 5504; x_wconf 89' lang='lat' dir='ltr'><strong>octo</strong></span> <span class='ocrx_word' id='word_1_857' title='bbox 2785 5455 2841 5500; x_wconf 86' lang='lat' dir='ltr'><strong>et</strong></span> <span class='ocrx_word' id='word_1_858' title='bbox 2860 5445 3080 5515; x_wconf 75' lang='lat' dir='ltr'><strong>viginti,</strong></span> <span class='ocrx_word' id='word_1_859' title='bbox 3109 5443 3206 5498; x_wconf 86' lang='lat' dir='ltr'><strong>sed</strong></span> <span class='ocrx_word' id='word_1_860' title='bbox 3233 5443 3608 5505; x_wconf 87' lang='lat' dir='ltr'><strong>undecimum,</strong></span> 
     </span>
    </p>
   </div>
   <div class='ocr_carea' id='block_1_116' title="bbox 2035 5527 3609 5612">
    <p class='ocr_par' dir='ltr' id='par_1_116' title="bbox 2035 5527 3609 5612">
     <span class='ocr_line' id='line_1_116' title="bbox 2035 5527 3609 5612; baseline -0.006 -16"><span class='ocrx_word' id='word_1_861' title='bbox 2035 5544 2184 5612; x_wconf 86' lang='lat' dir='ltr'><strong>quod</strong></span> <span class='ocrx_word' id='word_1_862' title='bbox 2215 5527 2459 5598; x_wconf 76' lang='lat' dir='ltr'><strong>medium</strong></span> <span class='ocrx_word' id='word_1_863' title='bbox 2486 5549 2611 5594; x_wconf 87' lang='lat' dir='ltr'><strong>erat</strong></span> <span class='ocrx_word' id='word_1_864' title='bbox 2657 5543 2802 5594; x_wconf 79' lang='lat' dir='ltr'><strong>inter</strong></span> <span class='ocrx_word' id='word_1_865' title='bbox 2843 5545 3060 5601; x_wconf 71' lang='lat' dir='ltr'><strong>caztera,</strong></span> <span class='ocrx_word' id='word_1_866' title='bbox 3095 5551 3220 5591; x_wconf 91' lang='lat' dir='ltr'><strong>cum</strong></span> <span class='ocrx_word' id='word_1_867' title='bbox 3267 5535 3609 5604; x_wconf 77' lang='lat' dir='ltr'><strong>longitudine</strong></span> 
     </span>
    </p>
   </div>
   <div class='ocr_carea' id='block_1_117' title="bbox 2039 5623 3610 5702">
    <p class='ocr_par' dir='ltr' id='par_1_117' title="bbox 2039 5623 3610 5702">
     <span class='ocr_line' id='line_1_117' title="bbox 2039 5623 3610 5702; baseline -0.008 -14"><span class='ocrx_word' id='word_1_868' title='bbox 2039 5635 2392 5688; x_wconf 85' lang='lat' dir='ltr'><strong>latitudinem</strong></span> <span class='ocrx_word' id='word_1_869' title='bbox 2431 5633 2675 5702; x_wconf 73' lang='lat' dir='ltr'><strong>quinque</strong></span> <span class='ocrx_word' id='word_1_870' title='bbox 2731 5631 3066 5698; x_wconf 70' lang='lat' dir='ltr'><strong>reliquorum</strong></span> <span class='ocrx_word' id='word_1_871' title='bbox 3118 5634 3398 5697; x_wconf 58' lang='lat' dir='ltr'><strong>a‘qnarct,</strong></span> <span class='ocrx_word' id='word_1_872' title='bbox 3448 5623 3610 5694; x_wconf 74' lang='lat'><strong>319</strong></span> 
     </span>
    </p>
   </div>
   <div class='ocr_carea' id='block_1_118' title="bbox 2039 5808 2374 5875">
    <p class='ocr_par' dir='ltr' id='par_1_118' title="bbox 2039 5808 2374 5875">
     <span class='ocr_line' id='line_1_118' title="bbox 2039 5808 2374 5875; baseline -0.003 -14"><span class='ocrx_word' id='word_1_873' title='bbox 2039 5825 2184 5875; x_wconf 72' lang='lat' dir='ltr'><strong>xxu,</strong></span> <span class='ocrx_word' id='word_1_874' title='bbox 2219 5808 2374 5861; x_wconf 77' lang='lat'><strong>7-10.</strong></span> 
     </span>
    </p>
   </div>
  </div>
