4142 6296
542 328 644 383 633

1540 327 1597 383 S.
1641 330 1913 385 CYRILLI
1953 330 2419 388 ALEXANDRINI
2460 334 2778 391 ARCHIEP.

3687 341 3791 398 640

543 456 666 512 qua:
705 440 918 511 singula
967 448 1268 510 quaternos
1312 442 1531 498 cubitos
1573 445 1872 512 habebant,
1919 449 1986 503 ad
2028 449 2110 503 vi—

2222 447 2265 501 5ὲ
2305 442 2509 519 αὗται),
2538 450 2677 520 πρὸς
2717 451 2778 504 τὸ
2807 449 3225 523 εἰκοσάπηχύ[ν]
3259 468 3362 504 που
3395 451 3789 528 διατετάν[ν]υο

546 542 746 584 cenum
802 524 1118 583 cubitorum
1165 530 1403 599 spatium
1444 530 1898 601 protendebatur.
1959 539 2112 595 Hanc

542 619 615 674 ob
664 632 886 673 causam
933 618 1153 688 inquit:
1190 622 1259 675 Et
1304 621 1613 692 duplicahis
1656 627 1840 682 velum
1895 641 2111 688 sextum

542 718 668 765 ante
716 709 913 765 faciem
966 712 1309 768 tabernaculi
1353 733 1365 769 :
1420 722 1518 782 ne,
1574 719 1722 789 quod
1790 730 2111 791 protensum

542 802 907 867 redundabat,
949 803 1290 860 tabernaculi
1330 808 1725 876 pulchritudini
1756 811 2015 869 oﬁiceret.
2052 817 2114 872 In

545 895 653 949 hoc
716 893 925 964 igitur,
981 894 1130 963 quod
1188 897 1401 951 cazteris
1456 899 1698 954 medium
1763 903 2115 974 interjectum

542 995 680 1053 erat,
729 997 787 1043 et
831 998 1092 1058 tanquam
1140 991 1515 1060 undecimum,
1566 1010 1721 1052 sacra
1766 998 1857 1053 illa
1897 999 2114 1055 divina-

545 1094 654 1148 que
700 1095 831 1135 vasa
878 1082 1144 1137 collocata
1196 1092 1375 1149 erant,
1419 1102 1539 1156 quae
1586 1087 1641 1142 in
1679 1104 1738 1143 se
1789 1090 1921 1161 ipsis
1963 1092 2115 1148 vario

548 1170 716 1224 modo
773 1171 927 1226 illum
974 1173 1297 1228 Emmanuel
1349 1176 1656 1246 ﬁgurabant
1696 1197 1709 1231 :
1756 1195 1822 1234 ac
1868 1180 2118 1237 fortassis

544 1263 638 1319 ille
663 1280 929 1320 numerus
975 1265 1083 1321 hoc
1108 1282 1329 1337 quoque
1363 1269 1725 1338 signiﬁcabat,
1761 1272 1817 1325 in
1855 1277 2119 1330 extremis

492 1345 509 1371 '
545 1351 733 1407 δινουιί
762 1353 1126 1422 temporibus,
1157 1363 1214 1411 et
1242 1357 1532 1412 undecima
1569 1358 1743 1415 ferme
1774 1362 1931 1427 hora,
1954 1362 2117 1418 Chri-

548 1453 692 1498 stum
713 1448 771 1496 et
795 1442 930 1497 illud
972 1445 1411 1512 tabernaculum,
1444 1450 1590 1516 quod
1625 1449 1907 1506 Christum
1936 1456 2119 1509 conti-

544 1530 733 1594 nebat,
758 1529 812 1584 id
829 1539 914 1586 est
936 1532 1258 1597 Eeclesiam,
1283 1536 1622 1604 apparuisse.

617 1620 818 1676 PALL.
839 1621 989 1676 Nihil
1019 1623 1247 1679 absurdi
1282 1634 1386 1691 est,
1419 1635 1479 1682 ut
1519 1629 1763 1696 videtur,
1798 1633 2119 1692 existimare

548 1708 715 1781 hujus
752 1727 972 1781 quoque
997 1712 1079 1768 rei
1116 1714 1386 1770 rationem
1420 1725 1544 1786 apte
1564 1719 1836 1775 redditam
1861 1738 2009 1777 esse.

2220 552 2340 588 σται
2373 537 2588 609 μέτρον.
2619 536 2719 590 Διὰ
2754 538 2911 591 τοῦτό
2952 553 3103 609 φησι·
3134 539 3244 592 Καὶ
3286 538 3668 605 ὲπιδιπλὼσεις
3695 543 3791 615 τὴν

2213 627 2393 698 δέρῤιν
2432 629 2532 700 τὴν
2563 629 2728 699 ἕκτην
2770 629 2912 682 κατὰ
2955 629 3249 700 πρόσωπον
3279 630 3378 701 τῆς
3428 631 3659 703 σκηνῆς.
3704 634 3791 689 ῖνα

2218 718 2291 789 μὴ
2326 719 2388 771 τὸ
2427 719 2696 790 περιττῶς
2738 719 3105 791 ἐκτεταμένον
3142 720 3221 791 τῷ
3258 721 3358 792 τῆς
3390 722 3562 791 αὐλῆς
3606 724 3793 777 κάλλει

2215 810 2638 880 διαλυμαίνοιτο.
2675 812 2761 865 Ἐν
2783 810 2955 880 ταύτῃ
2995 811 3059 882 δὴ
3101 807 3197 867 οὖν
3236 816 3301 884 τῇ
3335 813 3539 884 μεταξὺ
3571 815 3681 869 τῶν
3701 816 3794 871 άλ-

2215 902 2322 955 λων
2349 902 2441 956 καὶ
2470 900 2545 965 ὡς
2574 902 2833 973 ἑνδεκάτῃ
2866 902 2936 955 τὰ
2977 903 3099 974 ίερά
3134 920 3195 956 τε
3236 904 3330 958 καὶ
3364 903 3486 957 Θεῖα
3525 907 3794 977 τετάχατο

2217 991 2409 1060 σκεύη,
2445 990 2854 1062 διαμορφοῢντα
2900 991 3158 1056 ποικίλως
3187 990 3244 1046 ἔν
3271 1008 3333 1060 γε
3365 991 3429 1063 δὴ
3472 993 3655 1062 σφίσιν
3692 996 3792 1048 αύ-

2215 1083 2330 1145 τοῖς
2377 1081 2470 1134 τὸν
2530 1081 2914 1153 Ἐμμανουήλο
2954 1083 3097 1154 τάχα
3144 1101 3248 1136 που
3288 1083 3382 1137 τοῦ
3420 1084 3656 1155 ἀριθμοῦ
3700 1087 3792 1140 καὶ

2215 1172 2334 1227 τόδε
2362 1173 2886 1246 κατασημαίνοντος,
2918 1174 2994 1240 ὡς
3028 1175 3085 1228 ὲν
3120 1174 3450 1239 τελευταίοις
3477 1176 3572 1230 τοῦ
3602 1179 3794 1242 αἰῶνος

2218 1267 2450 1336 καιροῖς,
2482 1264 2576 1318 καὶ
2612 1264 2689 1328 ὡς
2729 1266 2788 1317 ὲν
2816 1263 2935 1339 ὥρᾳ
2974 1267 3040 1336 τῇ
3075 1265 3340 1340 ἑνδεκάτῃ
3369 1266 3532 1338 τυχὸν
3565 1268 3793 1337 ἀναφαί-

2219 1369 2367 1405 νεται
2406 1352 2658 1424 Χριστὸς,
2703 1353 2799 1407 καὶ
2841 1355 2874 1424 ὴ
2913 1354 3149 1425 Χριστὸν
3181 1354 3380 1426 ἔχουσα
3422 1357 3620 1428 σκηνὴ,
3650 1357 3794 1411 τοῦτ’

2220 1443 2389 1509 ἔστιν,
2423 1445 2456 1516 η
2492 1444 2809 1515 Ἐκκλησία.

2291 1616 2497 1669 ΠΑΛΛ.
2540 1614 2728 1680 Οὐδὲν,
2755 1614 2830 1679 ὡς
2855 1614 3050 1684 ἔοικεν,
3072 1616 3302 1681 ἀπεικὸς
3325 1617 3528 1672 ἐννοεῖν
3559 1613 3618 1673 εὖ
3646 1618 3792 1691 ἔχειν

2224 1708 2319 1761 καὶ
2337 1706 2429 1761 τὶν
2467 1707 2558 1759 ἐπὶ
2578 1704 2711 1776 τῷδε
2734 1706 2911 1774 λόγον.

619 1798 778 1857 CYR.
811 1801 1107 1873 Postquam
1151 1805 1319 1875 igitur
1350 1808 1519 1862 verba
1562 1808 1630 1864 de
1665 1810 2021 1868 tabernaculo
2044 1813 2119 1869 fe-

2293 1798 2456 1851 ΚΥΡ.
2497 1796 2653 1850 Μετὰ
2692 1796 2749 1850 δέ
2794 1812 2858 1864 γε
2906 1796 3033 1861 τοὺς
3074 1797 3168 1851 ἐπὶ
3200 1799 3267 1870 τῇ
3307 1800 3480 1871 σκηνῇ
3512 1798 3706 1869 λόγους
3738 1817 3798 1854 τε

549 1887 643 1951 cit,
667 1903 732 1943 ac
754 1888 955 1959 ﬁguras
972 1892 1238 1959 praebuit:
1267 1914 1284 1946 ι
1309 1896 1572 1962 Etlaeies,
1599 1918 1616 1949 ι
1648 1899 1844 1970 inquit,
1875 1921 1893 1954 ι
1916 1905 2117 1960 atrium

547 1978 906 2036 tabernaculo
954 1981 1011 2036 in
1049 1984 1242 2050 latere,
1277 1986 1423 2055 quod
1469 1990 1696 2060 respicit
1736 1992 1803 2048 ad
1845 2003 2116 2063 austrum,

549 2076 606 2132 et
637 2073 871 2127 tentoria
894 2074 1024 2128 atrii
1047 2090 1115 2129 ex
1144 2076 1310 2147 bysso
1354 2086 1533 2135 torta:
1584 2082 1874 2153 longitudo
1899 2096 2123 2144 centum

549 2160 867 2216 cubitorum
893 2165 1002 2218 erit
1056 2166 1152 2220 uni
1204 2168 1384 2235 lateri,
1412 2179 1470 2225 et
1514 2173 1783 2229 columnae
1808 2191 2000 2232 eorum
2034 2179 2120 2234 vi-

550 2249 709 2319 ginti,
737 2260 794 2306 et
822 2253 983 2309 bases
1035 2272 1224 2311 earum
1268 2261 1462 2331 viginti
1486 2278 1672 2331 aeneae,
1712 2275 1769 2323 et
1807 2269 2000 2326 circuli
2033 2287 2124 2328 ea—

551 2354 694 2405 rum,
732 2350 787 2397 et
806 2358 967 2400 arcus
993 2361 1183 2401 earum
1232 2354 1496 2422 argentei.
1541 2355 1632 2412 Sic
1670 2360 1836 2413 etiam
1863 2362 1922 2417 in
1948 2363 2122 2419 latere

547 2434 694 2504 quod
746 2444 833 2491 est
860 2437 926 2492 ad
962 2440 1298 2509 aquilonem,
1331 2446 1569 2501 tentoria
1603 2448 1946 2521 longitudine
1990 2471 2121 2511 cen-

548 2533 664 2579 tum
696 2527 1036 2591 cubitorum,
1064 2540 1119 2586 et
1152 2534 1420 2591 columna:
1455 2552 1647 2594 eorum
1682 2542 1897 2614 viginti,
1941 2555 2000 2601 et
2022 2547 2122 2602 ba-

550 2627 637 2667 ses
654 2629 846 2669 earum
864 2618 1061 2688 viginti
1088 2637 1279 2689 aaneaz,
1320 2632 1377 2679 et
1398 2626 1591 2682 circuli
1638 2646 1852 2699 earum,
1885 2645 1942 2691 et
1960 2653 2123 2694 arcus

549 2702 953 2771 columnarum,
988 2717 1045 2762 et
1074 2709 1234 2766 bases
1256 2729 1445 2768 earum
1475 2717 1836 2789 inargentataa
1871 2737 2118 2796 argento.

552 2793 821 2851 Latitudo
856 2807 1038 2853 autem
1072 2802 1221 2868 atrii,
1252 2820 1373 2874 qua:
1393 2808 1571 2878 vergit
1597 2809 1666 2863 ad
1698 2827 1869 2879 mare,
1890 2793 2122 2873 tentoria

550 2886 949 2958 quinquaginta
971 2891 1307 2960 cubitorum,
1337 2896 1604 2953 columnae
1617 2916 1808 2957 eorum
1839 2904 2122 2973 decem,et

551 2967 713 3033 bases
747 2995 941 3037 earum
974 2983 1165 3039 decem
1202 2987 1268 3041 ".
1301 3006 1319 3039 ι
1347 2987 1801 3050 Animadvertere
1832 2996 2000 3067 igitur
2021 3016 2121 3054 an-

2225 1892 2320 1945 καὶ
2351 1890 2556 1953 τύπους
2574 1928 2589 1954 ,
2614 1910 2632 1941 ι
2655 1891 2766 1943 Καὶ
2792 1890 3061 1959 ποιήσεις,
3088 1891 3278 1961 φησιν,
3308 1890 3480 1961 αὐλὴν
3503 1893 3570 1961 τῇ
3603 1896 3799 1964 σκηνῇ,

2223 1983 2303 2045 είς
2330 1981 2391 2034 τὸ
2425 1982 2605 2045 κλίτος
2636 1981 2695 2034 τὸ
2723 1982 2858 2053 πρὸς
2889 1981 3017 2036 λίϐα
3036 2023 3051 2048 ,
3091 1983 3186 2037 καὶ
3216 1982 3362 2036 ίστία
3406 1982 3506 2054 τῆς
3534 1983 3706 2053 αύλῆς
3736 1986 3802 2038 ὲκ

2225 2072 2425 2143 βύσσου
2467 2072 2878 2143 κεκλωσμένης·
2922 2073 3096 2144 μῆκος
3134 2074 3327 2127 ἑκατὸν
3353 2074 3570 2144 πήχεων
3607 2074 3684 2145 τῷ
3720 2076 3803 2129 ἑνὶ

2226 2164 2429 2218 κλίτειο
2480 2162 2574 2216 καὶ
2627 2163 2677 2215 oi
2720 2162 2903 2216 στύλοι
2939 2163 3120 2217 αὐτῶν
3169 2163 3482 2229 είκοσι,καὶ
3513 2166 3571 2218 at
3615 2165 3803 2237 βάσεις

2224 2254 2405 2309 αὐτῶν
2439 2253 2612 2307 εἴκοσι
2654 2254 2884 2326 χαλκαῖο
2919 2254 3018 2308 καὶ
3058 2256 3106 2308 οί
3153 2255 3333 2327 κρίκοι
3373 2256 3575 2323 αὐτῶν,
3611 2260 3707 2312 καὶ
3742 2260 3800 2311 αἱ

2222 2342 2443 2412 ψαλίδες
2495 2343 2753 2416 ἀργυραῖ.
2791 2342 2975 2407 Οὕτως
3034 2343 3113 2414 τῷ
3165 2342 3335 2398 κλίτει
3385 2343 3464 2415 τῷ
3515 2345 3652 2416 πρὸς
3702 2345 3804 2399 άπο

2224 2434 2461 2506 ηλιώτην
2487 2436 2633 2489 ἱστία
2662 2436 2853 2489 ἑκατὸν
2889 2438 3110 2507 πήχεων
3145 2437 3354 2509 μῆκος’
3402 2438 3496 2491 καὶ
3530 2441 3579 2492 oi
3621 2438 3805 2492 στύλοι
3868 2476 3875 2483 -

2224 2526 2404 2578 αὐτῶν
2452 2526 2644 2590 εἰκοσι,
2697 2526 2791 2579 καὶ
2822 2527 2879 2578 at
2931 2526 3118 2597 βάσεις
3171 2527 3350 2581 αὐτῶν
3380 2529 3551 2583 εῐκοσι
3584 2528 3803 2600 χαλκαῦ

2223 2602 2320 2669 καὶ
2352 2617 2402 2668 οί
2448 2616 2630 2687 κρίκοι
2678 2618 2772 2670 καὶ
2814 2616 2871 2671 al
2918 2616 3146 2686 ψαλίδες
3191 2617 3302 2672 τῶν
3354 2619 3584 2681 στύλων,
3620 2621 3714 2673 καὶ
3744 2621 3803 2673 αῖ

2225 2704 2411 2776 βάσεις
2444 2706 2624 2760 αὐτῶν
2658 2707 3176 2779 περιηργυρωμέναι
3209 2708 3479 2782 ἀργυρίῳ.
3528 2710 3601 2764 Τὸ
3631 2710 3687 2764 δὲ
3716 2705 3806 2766 εὗ-

2228 2814 2318 2869 ρος
2358 2799 2455 2868 τῆς
2489 2798 2659 2869 αὐλῆς
2695 2798 2754 2851 τὸ
2782 2800 2924 2852 κατὰ
2952 2798 3249 2863 θάλασσαν,
3290 2800 3434 2854 ἱστία
3463 2801 3805 2872 πεντήκοντα

2225 2892 2462 2960 πήχεων,
2487 2888 2666 2943 στύλοι
2688 2890 2867 2944 αὐτῶν
2887 2890 3044 2955 δέκα,
3067 2890 3160 2944 καὶ
3189 2890 3374 2960 βάσεις
3395 2890 3575 2945 αὐτῶν
3592 2891 3743 2946 δέκα.
3776 2912 3798 2945 ι

2229 2984 2424 3056 ’Δθρει
2460 2983 2525 3056 δὴ
2559 2981 2672 3049 οὖν,
2704 2986 2787 3039 ὅτι
2823 2986 3005 3039 στεναὶ
3030 2987 3130 3056 μὲν
3176 2988 3231 3041 αί
3265 2986 3480 3057 πρῶται
3512 2988 3805 3058 γεγόνασιν

551 3077 711 3139 gusta
738 3072 962 3141 quidem
1004 3076 1192 3146 priora
1231 3079 1324 3135 illa
1371 3083 1541 3138 aulaea
1585 3084 1774 3153 fuisse,
1806 3096 1862 3146 et
1907 3106 2027 3160 quae
2053 3092 2119 3148 ad

2225 3076 2405 3141 αὐλαὶ,
2431 3077 2524 3130 καὶ
2564 3078 2644 3140 είς
2671 3076 2860 3148 τρίτην
2886 3075 3167 3146 διήκουσαι
3200 3077 3398 3131 δεκάδα
3428 3078 3665 3150 πήχεων.
3702 3073 3807 3132 Εὗ-

553 3166 664 3215 tres
722 3162 1036 3220 cubitorum
1090 3167 1324 3226 decadas
1378 3176 1767 3243 pervenirent:
1831 3179 2122 3241 latitudine

549 3266 789 3323 nmque
819 3266 1060 3326 quatuor
1082 3260 1396 3317 cubitorum
1417 3273 1596 3333 erant,
1627 3268 1971 3341 longitudine
1994 3284 2121 3332 octo

549 3352 607 3398 et
627 3343 823 3415 viginti
844 3363 858 3412 ;
883 3364 1004 3416 quae
1024 3365 1157 3405 vero
1188 3360 1311 3420 post
1339 3354 1432 3409 illa
1469 3368 1795 3427 sequuntur,
1824 3363 1934 3419 lata
1978 3367 2121 3423 adeo

550 3448 616 3488 ac
643 3436 839 3506 longa;
869 3446 1092 3494 centum
1119 3442 1270 3498 enim
1313 3460 1413 3513 per
1461 3456 1683 3505 centum
1718 3452 2015 3523 habebant,
2064 3471 2123 3515 et

552 3526 974 3621 quinquaginta,
1025 3547 1126 3601 per
1177 3534 1603 3608 quinquaginta,
1662 3544 2120 3621 pertinebantque

552 3616 657 3671 hoc
680 3619 905 3687 quidem
937 3622 1006 3677 ad
1065 3633 1271 3693 ortum,
1319 3627 1455 3685 illud
1484 3647 1617 3687 vero
1663 3634 1731 3690 ad
1786 3616 2047 3697 occasum
2065 3654 2123 3700 et

550 3716 825 3763 austrum.

620 3796 820 3890 PALL.
851 3798 1122 3867 Quidnam
1146 3805 1368 3862 tandem
1395 3809 1500 3865 hoc
1540 3813 1771 3885 asnlgma
1809 3818 2122 3890 signiﬁcat?

546 3898 551 3903 '
612 3889 770 3944 CYR.
810 3891 893 3946 An
925 3910 1036 3950 non
1075 3896 1180 3951 hoc
1224 3899 1359 3954 illud
1385 3909 1469 3957 est
1500 3904 1662 3975 plane
1690 3911 1837 3979 quod
1867 3889 1998 3969 olim
2023 3932 2122 3986 per

550 3980 702 4036 Isaiae
751 3999 940 4039 vocem
972 3987 1230 4045 Ecclesia:
1257 3990 1314 4046 in
1340 3998 1599 4052 extremis
1640 4004 1980 4071 temporibus
2021 3980 2120 4063 de-

548 4070 766 4127 clarata:
790 4076 1125 4143 promissum
1163 4086 1285 4133 est:
1320 4100 1338 4132 ι
1361 4082 1535 4139 Dilata
1565 4070 2120 4153 locumﬁtabernaculi

554 4161 653 4225 tui,
683 4170 738 4217 et
761 4165 881 4219 vela
913 4166 1213 4222 aulicorum
1239 4177 1485 4240 tuorum;
1521 4174 1644 4245 ﬁge,
1670 4194 1740 4234 ne
1761 4197 1977 4252 parcas,
2020 4189 2120 4243 ad-

547 4253 657 4309 huc
680 4254 734 4309 in
765 4256 1014 4312 dextram
1058 4268 1115 4314 et
1136 4261 1413 4319 sinistram
1450 4253 1682 4324 extende
1721 4272 1802 4340 '7;
1837 4293 1855 4326 ι
1891 4288 2120 4349 angusta

546 4344 694 4399 cnim
710 4354 829 4401 erat
855 4346 1011 4402 initio
1035 4347 1242 4407 Christi
1272 4352 1538 4422 Ecclesia,
1576 4368 1765 4427 postea
1815 4364 1883 4419 ad
1914 4344 2116 4438 ortum,

2233 3184 2322 3238 ρος
2352 3167 2451 3238 μὲν
2490 3170 2598 3238 γὰρ
2646 3167 2838 3231 αὐταῖς
2874 3168 3156 3241 τέσσαρες,
3196 3170 3369 3241 μῆκος
3409 3170 3466 3224 δὲ
3517 3168 3660 3223 ὀκτὼ
3709 3171 3811 3225 καὶ

2229 3258 2423 3311 εἴκοσι·
2456 3260 2513 3311 αί
2558 3258 2615 3311 δὲ
2644 3259 2759 3329 μετ’
2785 3258 3018 3324 ὲκείνας,
3051 3260 3259 3330 εὐρεῖαι
3285 3277 3344 3312 τε
3370 3258 3518 3314 οὕτω
3558 3260 3653 3315 καὶ
3697 3277 3804 3331 μαο

2230 3348 2389 3420 κραί·
2430 3348 2625 3402 ἑκατὸν
2672 3351 2795 3421 γάρ’
2829 3350 2913 3419 ἐφ’
2946 3349 3160 3415 ἑκατὸν,
3214 3351 3307 3405 καὶ
3348 3351 3682 3423 πεντήκοντα
3708 3352 3802 3405 ἐπὶ

2232 3440 2593 3511 πεντήκοντα,
2619 3440 2909 3511 τρέχουσαί
2940 3458 3000 3495 τε
3050 3442 3211 3513 ἠμὲν
3258 3442 3339 3507 είς
3391 3442 3492 3515 ηῶ,
3530 3444 3563 3514 ἡ
3607 3442 3665 3498 δὲ
3720 3444 3803 3507 είς

2230 3530 2468 3602 ἑσπέραν
2496 3547 2554 3583 τε
2582 3532 2676 3583 καὶ⁵
2700 3530 2843 3585 λίϐα.

2298 3797 2507 3852 ΠΑΛΛ.
2552 3792 2683 3851 Εἶτα
2716 3796 2771 3849 τί
2798 3795 2860 3849 τὸ
2882 3794 3143 3867 αίνιγμα;

2292 3888 2454 3942 ΚΥΡ.
2496 3888 2628 3960 Οὐχὶ
2655 3887 2719 3959 δὴ
2742 3888 2900 3942 τοῦτό
2962 3888 3108 3941 ἐστιν
3135 3886 3399 3960 ἐναργῶς,
3428 3887 3491 3942 τὺ
3528 3888 3694 3943 πάλαι
3722 3887 3801 3943 δι-

2229 3980 2637 4050 επηγγελμένον
2667 3979 2754 4033 διὰ
2778 3979 2964 4049 φωνῆς
3004 3979 3231 4032 Ἡσαΐου
3264 3979 3401 4051 πρὸς
3418 3980 3517 4053 τὴν
3552 3981 3607 4033 ὲν
3639 3979 3799 4052 ἐσχά-

2228 4087 2338 4132 τοις
2369 4072 2578 4141 καιροῖς
2602 4068 3052 4141 άναδεδειγμένην
3089 4067 3416 4140 Ἐκκλησίαν
3436 4084 3452 4100 ο
3491 4069 3798 4123 «Πλάτυνον

2226 4159 2316 4212 τὸν
2344 4159 2506 4212 τόπον
2538 4158 2637 4227 τῆς
2670 4157 2874 4228 σκηνῆς
2913 4174 3028 4223 σου,
3059 4158 3153 4213 καὶ
3195 4159 3293 4222 τὰς
3325 4157 3538 4229 δέρρεις
3563 4157 3672 4210 τῶν
3699 4158 3797 4210 αύο

2226 4250 2394 4303 λαιῶν
2423 4266 2535 4305 σου.
2570 4247 2767 4319 Πῆξον,
2796 4248 2871 4320 μὴ
2901 4249 3063 4321 (palan
3098 4249 3177 4303 ἔτι
3203 4251 3282 4313 είς
3308 4249 3376 4302 τὰ
3404 4246 3573 4313 δεξιὰ,
3595 4250 3687 4302 καὶ
3715 4251 3793 4312 είς

2226 4342 2295 4395 τὰ
2320 4341 2584 4413 ἀριστερὰ
2609 4341 2934 4394 ὲκπὲτασον.
2952 4340 3322 4410 ιΣτενουμέ-νη
3347 4337 3454 4410 γὰρ
3475 4339 3533 4392 ὲν
3547 4340 3739 4411 ἀρχαῖς
3757 4341 3791 4409 ἡ

546 4442 603 4489 et
628 4450 907 4503 occasum,
938 4447 995 4494 et
1029 4443 1482 4512 septentrionem,
1526 4456 1583 4503 et
1637 4462 1887 4511 austrum
1920 4427 2119 4519 dilata;

2240 4433 2534 4503 Ἐκκλησία
2557 4428 2816 4504 Χριστοῦ,
2851 4429 3036 4483 λοιπὸν
3063 4432 3145 4494 είς
3169 4429 3252 4500 ἡῶ
3278 4446 3339 4481 τε
3361 4429 3457 4483 καὶ
3493 4427 3665 4493 δύσιν,
3699 4427 3793 4523 καὶ

547 4532 658 4593 tur,
677 4533 733 4581 et
752 4528 821 4583 ad
842 4543 1060 4587 omnem
1090 4531 1272 4589 locum
1295 4539 1568 4605 pervenit.

615 4704 780 4773 320
806 4704 1003 4760 PALL.
1031 4708 1171 4764 Vera
1192 4710 1351 4767 dicis.

609 4790 768 4845 CYR.
794 4791 1185 4853 Animadverte
1206 4807 1389 4853 autem
1437 4803 1572 4859 alias
1604 4820 1794 4863 omnes
1834 4812 2117 4872 columnas
2186 4845 2198 4858 ι

547 4880 738 4934 decem
767 4880 1087 4946 animorum,
1114 4892 1170 4938 et
1197 4885 1345 4942 illius
1376 4889 1690 4949 intermedii
1729 4913 1865 4955 auro
1901 4904 2116 4974 contegi

540 4973 797 5045 jussisse,
837 4973 932 5027 sed
965 4973 1190 5031 basibus
1218 4977 1533 5049 duplicibus
1578 4984 1740 5042 inniti
1775 5005 1843 5043 ex
1885 4973 2116 5063 argento

540 5066 720 5122 factis.
773 5065 952 5137 Atque
1004 5067 1169 5140 hujus
1207 5071 1287 5125 rei
1321 5088 1541 5145 quoque
1581 5078 1722 5134 ratio
1755 5082 1867 5151 jam
1900 5085 2113 5141 reddita

542 5167 647 5223 est,
696 5165 760 5213 ut
804 5158 1035 5228 opinor;
1091 5170 1347 5217 caeterum
1418 5165 1707 5238 longorum
1768 5172 2113 5246 latorumque

543 5246 841 5302 aulicorum
866 5248 1152 5305 columnas
1202 5251 1308 5307 alia
1358 5254 1573 5310 ratione
1605 5261 1863 5315 exornari
1915 5264 2108 5334 jubet;

542 5351 666 5391 nam
705 5350 735 5390 a
767 5338 944 5407 capite
990 5338 1058 5394 ad
1104 5345 1273 5409 pedes
1310 5343 1495 5398 ornari
1525 5356 1762 5417 argento
1814 5354 2062 5423 pnecipit
2092 5372 2106 5421 ;

541 5425 635 5478 sed
667 5426 891 5481 hasihus
920 5428 1021 5480 niti
1052 5429 1219 5485 aeneis
1258 5445 1322 5485 ac
1363 5432 1733 5504 deargeutatis
1771 5457 1782 5493 :
1814 5440 1866 5494 id
1893 5458 2111 5513 quoque

541 5533 647 5571 nou
680 5516 915 5571 absurde
941 5517 1147 5572 Christi
1199 5518 1424 5590 ﬁguram
1449 5525 1621 5592 gerit;
1668 5537 1831 5598 atque
1881 5543 2111 5601 argento

602 5716 644 5746 "
688 5712 859 5767 Exod.
901 5728 1061 5778 xxvu,
1092 5719 1234 5771 {Li-2..
1333 5723 1374 5752 ⁸⁷
1418 5724 1517 5777 Im.
1565 5742 1665 5790 my,
1712 5728 1759 5781 ε,

2227 4526 2430 4596 βορῤἅν
2477 4541 2537 4577 τε
2585 4523 2680 4577 καὶ
2715 4523 2866 4577 νότον
2918 4520 3281 4589 ὲξευρύνεται,
3320 4520 3417 4575 καὶ
3458 4520 3546 4575 διὰ
3595 4518 3792 4580 παντὸς

2221 4620 2347 4689 ἣκει
2380 4617 2566 4671 τόπου.

2236 4727 2241 4733 ·
2290 4713 2496 4767 tum.
2549 4709 2788 4780 Ἀληθές.

2291 4803 2455 4855 ΚΥΡ.
2510 4801 2791 4870 Ἐπιτήρει
2834 4799 2889 4852 δὲ
2918 4799 2998 4852 ὅτι
3023 4799 3150 4861 τοὺς
3191 4798 3287 4869 μὲν
3312 4796 3503 4860 ἄλλους
3550 4797 3788 4859 ἅπαντας

2222 4894 2447 4958 στύλους
2475 4893 2583 4947 τῶν
2610 4893 2744 4947 δέκα
2766 4889 3025 4954 αύλαιῶν,
3055 4890 3150 4942 καὶ
3181 4889 3281 4958 τῆς
3303 4887 3407 4943 ἀνά
3442 4887 3629 4958 μέσον,
3657 4903 3786 4957 χρυ-

2222 4987 2297 5059 σῷ
2331 4987 2427 5058 μὲν
2460 4985 2563 5055 ἔφη
2596 4982 2985 5039 διαπάττεσθαι
3021 4981 3151 5046 δεῖν,
3200 4980 3391 5052 βάσεσί
3425 4995 3489 5050 γε
3536 4980 3643 5051 μὴν
3684 4980 3781 5031 ὲπο

2218 5097 2242 5132 ε
2252 5077 2538 5151 ρηρεῖσθαι
2560 5076 2793 5141 διπλαῖς,
2816 5074 3058 5147 ἀργύρου
3081 5072 3495 5143 πεποιημέναις.
3517 5071 3624 5125 Καὶ
3655 5071 3735 5136 τίς
3758 5073 3786 5124 ὀ

2212 5170 2367 5223 τοῦδε
2412 5168 2588 5237 λόγος,
2627 5168 2860 5239 εἴρηται,
2890 5165 3142 5236 καθάπερ
3180 5156 3419 5233 ὲγῶμαι’
3462 5161 3572 5215 τῶν
3602 5161 3657 5215 δὲ
3687 5178 3789 5231 μα-

2215 5262 2362 5333 κρῶν
2412 5262 2506 5315 καὶ
2548 5259 2817 5313 πλατειῶν
2858 5256 3093 5311 αύλαιῶν
3143 5250 3291 5320 τοὺς’
3335 5254 3579 5317 στύλους,
3615 5252 3783 5322 ἑτέρῳ

2217 5352 2569 5407 διαποικίλλει
2604 5351 2766 5420 λόγῳ.
2806 5348 3056 5421 Ἀργύρῳ
3096 5348 3192 5416 μὲν
3215 5348 3278 5400 ὲκ
3303 5344 3547 5414 κεφαλῆς
3579 5345 3659 5406 είς
3684 5340 3782 5394 πό-

2218 5445 2313 5507 δας
2343 5442 2803 5512 καταγλατζεσθαι
2831 5442 2941 5493 δεῖν
2963 5434 3020 5493 εὗ
3062 5438 3202 5509 μάλα
3231 5437 3385 5509 φησὶ,
3425 5435 3611 5505 βάσεσι
3631 5432 3687 5486 δὲ
3713 5426 3779 5484 αὖ

2222 5534 2609 5605 ἐπερηρεῖσοαι
2683 5531 2910 5603 χαλκαῖς
2986 5531 3077 5583 καὶ
3150 5526 3558 5599 περιαργύροις.
3601 5522 3781 5584 Τύπςς
