4142 6296
366 325 460 405 cn

1076 346 1166 401 ne
1206 321 1648 402 ADORATIONE
1686 342 1755 398 lN
1793 343 1942 400 sem

2042 343 2060 399 J
2102 343 2190 398 ET
2236 344 2603 401 manus.
2648 345 2777 400 LIB.
2818 346 2908 401 lx.
2976 313 2983 319 ’

3513 347 3616 405 642

364 465 413 519 δ’
455 463 521 518 ἂν
551 461 636 534 εἴη
658 461 755 518 καὶ
779 460 929 515 τοῦδε
948 452 1203 530 Χριστὸς,
1234 458 1412 529 φωτὸς
1449 456 1546 528 μὲν
1572 459 1657 512 ὅτι
1683 457 1942 529 διέλαμψε

2047 460 2269 530 quidem
2312 460 2673 531 signiﬁcatur,
2718 462 2946 518 luminis
3001 462 3175 517 instar
3227 462 3380 517 illum
3428 465 3613 534 splen-

365 555 542 625 δίκην,
587 553 785 620 αὐγαῖς
825 549 1068 622 δηλονότι
1114 552 1235 612 ταῖς
1254 551 1482 621 ,νοηταῖς
1518 548 1844 621 ἀστράπτων
1871 548 1947 613 ὡς

367 645 519 709 Θεὸς,
550 642 643 698 τοῦ
673 642 919 714 ἀργύρου
952 641 1326 713 σημαίνοντος.
1351 643 1475 695 Ὀτι
1502 641 1560 695 δὲ
1580 640 1831 712 λαμπρὸς
1853 640 1947 694 καὶ

365 737 567 807 εὐηχὴς
594 735 624 788 6
655 735 785 806 περὶ
818 735 922 805 γῆν
948 734 1097 805 αὐτῷ
1126 734 1421 804 πεποίηται
1440 731 1618 801 λόγος,
1645 729 1786 784 τοῦτ’
1807 730 1943 796 ἔστι,

359 828 422 880 τὸ
464 824 728 898 κήρυγμα
763 826 826 880 τὸ
868 827 1245 896 εὐαγγελικὸν,
1275 825 1370 879 τοῦ
1402 823 1779 895 ιπεριαργύρου⁴
1814 821 1944 892 χαλ-

361 919 464 974 κοῦ
507 919 756 987 πλαγίως
803 919 936 989 ἡμῖν
971 918 1425 989 ὑπεμφαίνοντος.
1460 913 1675 986 Εῡηχὴς
1712 915 1810 985 μὲν
1837 913 1946 985 γὰρ

365 1011 463 1066 καὶ
493 1012 522 1064 ὁ
549 1009 767 1081 χαλκὸς,
799 1008 1053 1080 λαμπρὸν
1091 1007 1147 1062 δὲ
1181 1008 1244 1079 δὴ
1287 1008 1408 1062 λίαν
1446 1005 1538 1060 καὶ
1561 1005 1819 1074 διαφανὲς
1850 1002 1945 1057 τοῦ

372 1106 614 1178 ἀργύρου
645 1101 706 1154 τὸ
742 1102 948 1173 χρῆμα.
984 1101 1204 1155 Ἐνεστι
1245 1101 1303 1153 δὲ
1346 1099 1504 1153 τοῦτο
1529 1100 1641 1161 τοῖς
1672 1096 1948 1165 εὐαγγελι-

370 1196 487 1257 κοῒς
534 1191 877 1264 κηρύγμασι,
913 1192 1008 1246 καὶ
1066 1190 1275 1244 κατίδοι
1307 1207 1389 1252 τις
1424 1187 1510 1255 ἂν,
1567 1188 1662 1241 τοῦ
1693 1187 1944 1257 Σωτῆρος

368 1287 458 1340 τὸν
492 1286 668 1354 λόγον,
705 1283 900 1355 ἔχοντα
936 1284 1036 1354 μὲν
1082 1283 1182 1355 τῆς
1226 1283 1307 1355 εἰς
1354 1282 1522 1352 ἄκρον
1578 1277 1855 1341 εὐσεϐείας
1884 1277 1945 1330 τὺ

278 1439 285 1445 _
366 1375 557 1441 διειδές
600 1393 661 1429 τε
689 1376 781 1429 καὶ
802 1375 1059 1445 καθαρὸν,
1077 1374 1206 1442 ὅλην
1220 1371 1274 1425 δὲ
1305 1367 1944 1442 ὥσπερπεριϐομσοῢντα

367 1466 466 1535 τὴν
489 1466 829 1539 οἰκουμένην.
860 1467 923 1519 Ei
951 1465 1007 1518 δὲ
1038 1464 1101 1534 δή
1126 1481 1209 1525 τις
1242 1462 1417 1515 ἕλοιτο
1443 1461 1569 1524 τοὺς
1592 1460 1782 1528 ἁγίους
1805 1460 1943 1514 ἁπο-

372 1557 590 1620 στόλους
618 1558 710 1611 καὶ
737 1555 1127 1625 εὐαγγελιστάς
1162 1554 1237 1617 ὡς
1267 1555 1325 1607 ὲν
1365 1554 1477 1615 τοῖς
1527 1550 1757 1604 τοιοῖσδε
1783 1551 1944 1621 τυχὸν

372 1646 779 1702 ἀνα-τυποῦσθαι
810 1646 1043 1710 στύλοις,
1073 1644 1336 1711 λογιεῖται
1365 1642 1431 1696 τὰ
1462 1639 1667 1693 εἰκότα.
1702 1640 1813 1692 Καὶ
1835 1641 1945 1709 γάρ

369 1741 506 1793 εἰσιν
530 1738 745 1810 άληθῶς
775 1736 965 1809 ὥσπερ
996 1736 1401 1808 ὴργυρωμένοι,
1432 1733 1522 1787 διὰ
1547 1731 1607 1785 τὸ
1638 1733 1696 1785 ὲν
1731 1731 1945 1803 μεθέξει

2050 549 2260 616 duisse,
2287 565 2412 605 cum
2460 559 2520 604 ut
2565 551 2907 606 Deus~radiis
2946 552 3209 606 nimirum
3238 551 3615 622 spiritualibus

2046 642 2300 713 fulgeret.
2330 642 2546 698 Claram
2572 658 2707 698 vero
2736 657 2801 699 ac
2839 652 3190 700 resonantem
3226 645 3284 699 in
3316 645 3482 700 terris
3496 649 3615 717 ejus

2046 734 2529 803 praedicationem,
2596 735 2651 789 id
2698 744 2801 801 est,
2845 736 3183 807 praeconium
3244 739 3614 810 evangelicum

2045 825 2233 891 fuisse,
2257 841 2331 881 ms
2379 825 2516 879 illud
2560 827 2971 896 deargentatum
3011 827 3231 896 oblique
3260 828 3420 882 nobis
3469 828 3614 882 indi-

2045 924 2167 984 cat;
2234 932 2360 972 nam
2429 933 2504 973 tes
2556 917 2777 987 quidem
2852 922 3107 984 resonat,
3188 919 3284 973 sed
3330 926 3615 989 argentum

2046 1008 2253 1063 clarum
2282 1015 2366 1063 est
2390 1023 2453 1062 ac
2478 1008 2744 1062 lucidum.
2777 1008 2928 1063 Inest
2973 1017 3154 1063 autem
3212 1019 3510 1079 utrumque
3558 1011 3619 1064 in
3720 1056 3725 1067 .

2045 1099 2361 1168 evangelica
2418 1097 2729 1168 praeconio:
2796 1113 2862 1153 ac
2912 1097 3102 1153 videre
3155 1098 3286 1153 licet
3319 1098 3616 1154 Salvatoris

2043 1189 2221 1244 nostri
2281 1188 2731 1259 praedicationem
2780 1202 2995 1243 summa
3050 1188 3254 1257 pietate
3300 1188 3501 1242 claram
3553 1201 3617 1241 ac

2042 1295 2236 1352 puram
2250 1295 2392 1344 esse,
2409 1287 2465 1334 et
2488 1294 2587 1350 per
2605 1280 2926 1333 universum
2946 1277 3137 1333 orbem
3154 1286 3425 1333 terrarum
3462 1293 3615 1333 reso-

2042 1390 2198 1429 nare.
2240 1372 2398 1440 Quod
2426 1372 2473 1428 si
2505 1373 2630 1443 quis
2651 1372 2788 1428 velit
2813 1379 3034 1427 sanctos
3064 1371 3344 1441 apostolos
3374 1378 3431 1425 et
3455 1386 3619 1426 evan-

2043 1469 2288 1540 gelistas,
2306 1476 2366 1522 ut
2388 1466 2443 1521 in
2468 1466 2742 1538 ejusmodi
2763 1467 3034 1521 columnis
3058 1464 3425 1536 praetigurari,
3445 1466 3624 1519 isnon

2044 1560 2280 1615 absurde
2314 1558 2604 1630 cogitabit:
2647 1568 2775 1614 sunt
2802 1558 2949 1613 enim
2989 1574 3117 1613 sane
3154 1556 3311 1628 quasi
3347 1558 3617 1628 deargen-

2044 1660 2191 1717 tatae,
2221 1668 2347 1707 cum
2375 1652 2486 1706 sint
2505 1652 2709 1707 Christi
2737 1650 3101 1705 illuminantis
3140 1648 3455 1720 participes.
3507 1649 3618 1703 Ita-

2045 1758 2151 1814 que
2175 1744 2281 1796 ait:
2319 1762 2337 1793 ι
2358 1743 2426 1796 Ει
2463 1743 2568 1796 erit
2605 1742 2865 1813 splendor
2888 1740 3114 1796 Domini
3138 1739 3241 1796 Dei
3255 1739 3429 1794 nostri
3451 1749 3619 1809 super

367 1831 617 1901 γενέσθαι
641 1828 881 1902 Χριστοῦ
909 1830 1002 1882 τοῦ
1051 1827 1398 1898 φωτίζοντος.
1440 1824 1728 1897 Τοιγάρτοι
1785 1824 1938 1894 φησί·

2043 1848 2144 1888 nos
2176 1834 2241 1887 ³⁸.
2270 1852 2287 1884 ι
2320 1818 2679 1902 Appellantur
2711 1840 3014 1903 praeterea:
3051 1851 3070 1883 ‹
3108 1832 3227 1886 Lux
3275 1830 3466 1885 mundi
3492 1831 3557 1882 ”.
3591 1848 3615 1881 ι

373 1941 391 1975 ι
421 1924 532 1977 Καὶ
565 1920 716 1975 ἔσται
736 1924 776 1999 ᾖ
807 1917 1126 1993 λαμπρότης
1148 1917 1355 1987 Κυρίου
1392 1915 1485 1971 τοῦ
1518 1914 1652 1968 Θεοῦ
1675 1913 1833 1989 ἡμῶν
1856 1913 1940 1983 ἐφ’

366 2016 532 2086 ἡμᾶς.
553 2033 575 2067 ι
592 2011 975 2084 Ὀνομάζονται
987 2008 1043 2063 δὲ
1060 2010 1152 2063 καὶ
1180 2007 1312 2061 (Τοῦ
1341 2007 1547 2078 κόσμου
1565 2007 1731 2076 φῶς,ι
1758 2004 1944 2078 χαλκῷ

365 2105 423 2157 δὲ
470 2101 837 2174 περιαργύρῳ
877 2100 1158 2171 μονονουχὶ
1201 2099 1296 2151 καὶ
1347 2095 1735 2168 ἐμϐεϐηκότες.
1771 2096 1948 2165 Ἐρει-

382 2211 496 2266 σμα
526 2194 634 2264 γάρ
663 2192 869 2257 αὐτοῖς,
899 2190 1089 2261 ὥσπερ
1112 2187 1188 2258 τῷ
1208 2184 1446 2257 λαμπρῷ
1473 2186 1567 2238 καὶ
1590 2184 1944 2255 εὑηχεστάτῳ

368 2285 672 2358 κεχρῆσθαι
692 2282 855 2353 λόγῳ.
879 2300 899 2334 ι
924 2281 1127 2352 Κύριος
1146 2278 1276 2349 γὰρ,
1318 2297 1336 2329 ι
1362 2277 1517 2348 φησὶ,
1548 2295 1567 2328 ι
1601 2274 1760 2329 δώσει
1792 2274 1945 2344 ῥῆμα

364 2382 477 2443 τοῖς
523 2375 1033 2447 εὐαγγελιζομένοις
1078 2371 1306 2440 δυνάμει
1364 2368 1555 2440 πολλῇ.
1582 2386 1602 2421 ι
1643 2369 1844 2440 Ὢραῖοι
1889 2367 1945 2420 δὲ

367 2471 462 2522 καὶ
504 2469 555 2521 οἱ
600 2467 753 2531 πόδες
798 2465 908 2518 τῶν
950 2461 1452 2531 εὐαγγελιζομένων
1495 2460 1563 2513 τὰ
1617 2458 1816 2529 ἀγαθά,
1849 2457 1953 2527 γέο

371 2575 636 2630 γραπται.

445 2648 658 2703 ΠΑΛΛ.
700 2645 883 2711 Βαθὺς
911 2645 1011 2717 μὲν
1032 2647 1059 2698 ὁ
1082 2643 1258 2712 λόγος,
1288 2640 1448 2713 πλὴν,
1478 2637 1732 2712 ἀληθείας
1757 2637 1943 2708 ἐγγύς.

442 2816 604 2871 ΚΥΡ.
665 2815 1225 2888 Συμπεπερασμὲνων
1274 2815 1339 2885 δὴ
1388 2806 1483 2868 οῦν
1531 2811 1628 2865 καὶ
1681 2810 1792 2864 τῶν
1850 2812 1944 2866 ἐπὶ

369 2911 490 2972 ταῖς
537 2909 726 2971 αὐλαῖς
771 2907 1240 2977 τεθεσπισμένων,
1284 2907 1364 2969 είς
1416 2904 1596 2959 ελαίου
1624 2919 1686 2956 τε
1718 2902 1818 2956 καὶ
1845 2903 1944 2974 μύ-

371 3015 468 3071 ρου
503 3000 598 3053 καὶ
658 2999 766 3070 μὴν
828 2998 923 3052 καὶ
970 2997 1332 3069 θυμιαμάτων
1395 2995 1720 3067 μετατρέπει
1776 3012 1945 3048 κατα-

370 3090 589 3162 σκευὴν,
616 3089 761 3144 οὕτω
786 3090 980 3158 λέγων·
1042 3108 1059 3142 ι
1089 3091 1198 3144 Καὶ
1245 3090 1331 3153 σὺ,
1366 3085 1624 3150 σύνταξον
1657 3088 1768 3149 τοῖς
1810 3088 1944 3149 υἱοῖς

2043 1925 2224 1994 Quid?
2275 1939 2461 1980 nonne
2527 1924 2696 1979 iidem
2773 1925 2869 1979 arri
2920 1924 3274 1994 deargentatp
3319 1921 3626 1978 insistunt?

2041 2033 2169 2072 nam
2239 2017 2395 2071 velut
2453 2015 2862 2070 ﬁrmamentum
2908 2015 3180 2086 quoddam
3235 2015 3452 2070 illorum
3495 2023 3616 2082 est,

2042 2107 2190 2178 quod
2246 2106 2555 2177 splendida,
2589 2106 2979 2176 resonantique
3014 2106 3403 2176 pratdicatione
3448 2113 3618 2161 utun-

2043 2205 2133 2254 tur
2153 2218 2172 2253 εΔ
2193 2217 2210 2250 ι
2231 2198 2496 2253 Dominus
2526 2198 2705 2263 enim,
2724 2216 2742 2249 ι
2762 2196 2960 2267 inquit,
2982 2215 3001 2248 ι
3022 2196 3177 2252 dabit
3203 2197 3433 2252 verbum
3453 2213 3622 2254 evan.

2041 2290 2404 2361 gelizant‘ibus
2438 2289 2641 2344 virtute
2668 2290 2839 2343 multa
2880 2291 2919 2343 ί.
2949 2308 2966 2340 ι
3005 2288 3297 2359 Speciosos
3333 2290 3466 2346 item
3495 2305 3625 2348 esse

2042 2380 2212 2451 pedes
2243 2379 2739 2452 evangelizantium
2761 2379 2934 2445 bona,
2962 2379 3225 2450 scriptum
3252 2388 3336 2436 est
3362 2381 3403 2436 ¹.

2110 2630 2309 2687 PALL.
2333 2630 2640 2686 Recondita
2664 2638 2749 2685 est
2773 2629 2877 2684 ista
2918 2628 3142 2699 quidem
3166 2625 3472 2699 expositio;
3517 2625 3614 2682 sed

2043 2733 2225 2778 tamen
2249 2723 2315 2777 ad
2343 2723 2633 2777 veritatem
2663 2720 2910 2792 proxime
2953 2719 3184 2776 accedit.

2115 2814 2273 2871 CYR.
2299 2814 2436 2869 Cum
2458 2814 2628 2885 igitur
2671 2813 2739 2868 de
2773 2813 2962 2868 aulaais
3004 2813 3304 2884 praecipere
3339 2812 3619 2880 desiisset,

2045 2905 2113 2961 ad
2144 2905 2272 2971 olei,
2303 2914 2358 2961 et
2386 2905 2674 2976 unguenti,
2713 2912 2770 2960 et
2800 2904 3241 2976 thymiamatum-
3264 2905 3621 2976 compositio-

2041 3013 2169 3052 nem
2204 2998 2423 3061 transit,
2447 2998 2522 3051 ita
2539 2997 2763 3052 dicens:
2785 3016 2802 3047 ‹
2828 2997 2897 3050 Et
2922 3004 2982 3050 tu
3013 2997 3245 3066 praecipe
3275 2995 3403 3051 ﬁliis
3423 2996 3619 3062 Israel,

2043 3095 2101 3142 et
2126 3087 2397 3156 accipiant
2422 3086 2522 3140 tibi
2555 3086 2740 3140 oleum
2785 3100 2855 3140 ex
2904 3085 3086 3149 olivis,
3136 3084 3481 3149 defaecatum,
3512 3100 3618 3155 pu-

381 3184 619 3254 Ἰσραήλ·
648 3185 746 3238 καὶ
775 3183 1088 3237 λαϐέτωσάν
1136 3199 1219 3235 σοι
1266 3181 1444 3235 ἔλαιον
1469 3180 1529 3246 ἐξ
1555 3180 1750 3234 ἐλαιῶν
1781 3181 1942 3251 άτρυ-

2042 3192 2187 3241 rum,
2215 3185 2529 3241 contusum,
2560 3176 2628 3230 ad
2652 3176 2858 3239 lumen,
2895 3182 2957 3229 ut
2994 3175 3185 3229 ardeat
3214 3176 3443 3230 lucerna
3474 3191 3619 3229 sem-

377 3290 496 3343 γον,
528 3274 787 3345 καθαρὸν,
819 3275 1160 3346 κεκομμένον
1178 3275 1257 3337 είς
1280 3274 1392 3343 φῶς
1416 3272 1637 3338 καῦσαι,
1670 3273 1755 3325 ἵνα
1783 3271 1942 3342 καίη-

366 3380 457 3419 ται
489 3364 678 3435 λύχνος
706 3364 996 3428 διαπαντὸς
1046 3368 1104 3419 ὲν
1142 3368 1208 3436 τῇ
1267 3367 1440 3436 σκηνῇ
1474 3364 1568 3418 τοῦ
1617 3362 1939 3435 μαρτυρίου,

369 3458 567 3525 ἔξωθεν
598 3458 691 3513 τοῦ
716 3458 1208 3528 καταπετάσματος
1246 3456 1340 3510 τοῦ
1397 3456 1488 3509 ἐπὶ
1531 3455 1629 3524 τῆς
1655 3454 1938 3525 διαθήκης,

367 3550 468 3603 καὶ
495 3548 686 3603 καύσει
717 3549 849 3602 αὐτὸ
869 3548 1120 3618 ὁἈαρὼν
1154 3548 1247 3601 καὶ
1266 3549 1313 3600 οἱ
1330 3546 1436 3600 υἱοὶ
1461 3547 1625 3600 αὑτοῦ
1651 3547 1743 3615 ἀφ’
1782 3546 1943 3599 ἑσπέ-

372 3657 471 3713 ρας
499 3639 604 3704 ἕως
634 3639 797 3711 πρωϊ,
835 3640 1074 3693 ἐναντίον
1105 3637 1333 3709 Κυρίου,
1371 3638 1601 3709 νόμιμον
1624 3637 1839 3691 αίώνιον
1863 3638 1942 3699 είς

366 3732 466 3796 τὰς
502 3732 695 3801 γενεὰς
728 3728 903 3804 ὑμῶν,
940 3732 1091 3803 ’παρὰ
1112 3733 1220 3784 τῶν
1253 3731 1386 3785 υἱῶν
1423 3730 1663 3802 Ἰσραήλ.
1706 3749 1725 3781 ι

438 3821 644 3878 ΠΑΛΛ.
684 3824 795 3877 Καὶ
822 3823 875 3877 τί
903 3823 967 3894 δὴ
986 3820 1143 3876 τοῦτό
1171 3824 1319 3875 ἐστιν
1344 3837 1358 3886 ;
1543 3840 1547 3849 ·
1590 3824 1593 3827 λ

437 3913 599 3968 ΚΥΡ.
649 3912 1104 3982 Ἀναγκαιοτάτην
1145 3910 1257 3982 ἔχει
1303 3912 1404 3981 τὴν
1448 3909 1699 3980 δήλωσιν,
1733 3908 1827 3962 καὶ
1856 3925 1944 3961 σο-

369 4004 468 4073 φὸν
506 4001 645 4057 εἷναί
674 4021 817 4074 φημι
845 4004 907 4056 τὸ
935 4003 1161 4073 αἴνιγμα
1185 4020 1199 4034 ο
1236 4001 1377 4055 ἑπτὰ
1415 4000 1513 4072 μὲν
1558 4000 1666 4071 γὰρ
1706 3999 1940 4069 λύχνοις,

370 4096 682 4167 καιομένοις
736 4113 794 4148 τε
825 4096 912 4149 ἀεὶ
950 4098 1043 4149 καὶ
1067 4096 1344 4164 φαίνουσιν
1377 4095 1434 4148 ἐν
1476 4095 1541 4164 τῇ
1582 4093 1712 4163 ἁγίᾳ.
1746 4094 1938 4162 σκηνῇ.

368 4189 462 4242 τὸν
494 4189 581 4243 διὰ
631 4186 868 4259 Χριστοῦ
919 4189 1194 4258 φωτισμὸν
1241 4185 1640 4259 παρεικαστέον
1681 4179 1740 4237 εὖ
1775 4185 1939 4256 μάλα,

370 4281 608 4353 διαρκῶς
634 4281 824 4351 ἔχοντα
854 4280 988 4352 πρὸς
1012 4280 1072 4333 τὺ
1100 4280 1396 4351 ὲλλάμπειν
1420 4278 1674 4332 δύνασθαι
1696 4277 1791 4331 καὶ
1813 4278 1942 4330 ἁνα-

371 4375 569 4440 καίειν,
598 4374 718 4444 ἦτοι
751 4370 1107 4442 ἀναμεστοῦν,
1137 4371 1244 4424 τῶν
1274 4371 1633 4423 πιστευόντων
1663 4368 1753 4421 τὸν
1794 4367 1941 4421 νοῦν.

384 4463 641 4537 Ἀριθμὸς
681 4462 790 4534 γάρ
819 4478 935 4524 πως
980 4463 1007 4514 ὁ
1044 4462 1123 4523 είς
1161 4460 1300 4513 ἑπτὰ
1330 4459 1427 4529 τὴν
1465 4458 1565 4526 τῆς
1610 4455 1942 4519 τελειώσεως

2042 3282 2141 3339 per
2177 3270 2232 3322 in
2278 3268 2636 3323 tabernaculo
2669 3266 2993 3331 testimonii,
3045 3272 3201 3320 extra
3231 3265 3413 3320 velum
3471 3266 3619 3335 quod

2040 3370 2127 3416 est
2158 3374 2323 3430 super
2359 3374 2545 3414 arcam
2587 3359 2913 3425 testimonii,
2950 3365 3007 3413 et
3036 3357 3301 3413 accendet
3327 3357 3476 3412 illam
3510 3356 3618 3410 Aa-

2041 3467 2162 3515 ron,
2195 3460 2251 3505 et
2275 3450 2371 3505 ﬁlii
2398 3451 2836 3521 ejus,avespera
2866 3464 3040 3518 usque
3062 3448 3221 3519 321
3254 3463 3415 3503 mane
3432 3460 3623 3503 coram
3696 3466 3699 3471 λ
3741 3501 3756 3515 ,

2040 3540 2291 3604 Domino,
2316 3539 2620 3610 legitimum
2659 3538 3057 3609 sempiternum
3112 3539 3170 3593 in
3214 3536 3506 3609 progenies
3528 3553 3623 3592 ve-

2042 3638 2184 3686 stras
2210 3646 2239 3684 a
2262 3630 2388 3685 ﬁliis
2413 3628 2583 3685 Israel
2606 3630 2651 3683 ³.
2695 3648 2715 3682 ι

2111 3806 2309 3864 PALL.
2340 3806 2483 3874 Quid
2509 3806 2654 3861 istud
2681 3806 2897 3861 tandem
2925 3807 3043 3863 est?

2110 3900 2267 3956 CYR.
2315 3898 2697 3953 Necessarium
2726 3912 2857 3953 sane
2882 3899 2937 3953 in
2960 3897 3155 3970 primis
3179 3904 3243 3952 ut
3285 3895 3619 3963 declaretur,

2042 4002 2097 4048 et
2125 3992 2323 4048 scitum
2343 4006 2461 4046 esse
2484 3991 2713 4061 aenigma
2734 4005 2931 4045 censeo
2956 4008 2969 4044 :
3000 4006 3124 4044 nam
3147 3997 3357 4061 septem
3378 3990 3625 4045 lucernis

2041 4083 2396 4147 ardentibus,
2435 4097 2499 4136 ac
2543 4096 2761 4151 semper
2794 4084 2851 4135 in
2892 4080 3248 4135 tabernaculo
3284 4079 3621 4143 lucentibus,

2041 4176 2244 4231 Christi
2287 4173 2614 4227 illuminatio
2654 4172 2934 4241 aptissime
2977 4177 3344 4240 comparatur,
3388 4185 3510 4239 quae
3552 4169 3624 4224 ad

2041 4267 2254 4321 animos
2293 4265 2535 4319 ﬁdelium
2576 4261 2963 4325 illustrandos,
3010 4268 3174 4330 atque
3212 4257 3618 4324 accendendos,

2042 4354 2505 4425 complendosque
2536 4351 2734 4405 suﬂicit
2772 4368 2785 4402 :
2822 4365 2947 4404 nam
2979 4348 3322 4419 septenarius
3356 4364 3627 4404 numerus
3734 4350 3743 4357 ’

2042 4448 2248 4517 ubique
2269 4445 2719 4515 signiﬁcationem
2737 4440 3092 4510 perfectionis
3112 4440 3372 4506 insinuat,
3405 4449 3468 4495 ut
3494 4455 3618 4496 cum

436 4516 497 4537 τε
542 4516 554 4536 ,
594 4516 638 4527 κ,
693 4516 704 4531 ,
757 4516 769 4534 ,
916 4516 931 4524 ,
1104 4516 1118 4523 -
1385 4516 1396 4529 .
1523 4516 1560 4526 .-
1923 4516 1934 4519 τ

367 4550 600 4621 δήλωσιν
621 4549 949 4622 ὑπεμφαίνει
976 4549 1241 4618 πανταχῆ.
1278 4548 1365 4610 Ὠς
1386 4547 1443 4599 ἓν
1468 4563 1530 4615 γε
1555 4544 1631 4615 τῷ
1659 4546 1823 4613 φάναι
1850 4562 1937 4596 τυ-

2042 4516 2197 4590 verbi
2218 4535 2391 4604 gratia
2407 4532 2541 4587 dicit
2562 4549 2606 4584 τι
2631 4529 2846 4585 Sterilis
2869 4536 3048 4582 autem
3071 4530 3282 4599 peperit
3301 4539 3508 4600 septem
3526 4531 3567 4594 ⁸,
3592 4550 3611 4582 ι
3634 4516 3651 4595 't

371 4644 487 4713 χον,
529 4661 546 4695 ι
584 4643 779 4712 Στεῖρα
802 4641 857 4694 δὲ
883 4640 1067 4694 ἔτεκεν
1100 4638 1259 4701 ἑπτὰ,
1298 4656 1315 4688 ι
1357 4636 1502 4690 τοῦτ’
1536 4635 1649 4688 ἔστι
1672 4675 1686 4700 ,
1717 4634 1943 4688 πλεῖστὰ

370 4751 429 4786 τε
452 4735 544 4787 καὶ
572 4734 670 4787 ὅσα
695 4732 861 4804 ἐχρῆν
889 4729 1028 4785 εἶναι
1054 4730 1188 4801 πρὸς
1210 4729 1558 4799 αὐτάρκειαν.
1597 4725 1940 4780 Ἀνακαίουσι

371 4823 429 4875 δὲ
445 4824 570 4887 τοὺς
592 4822 818 4893 λύχνους
854 4821 1067 4893 Ἀαρών
1092 4838 1153 4872 τε
1187 4820 1282 4873 καὶ
1311 4819 1362 4871 oi
1391 4817 1590 4882 λοιποὶ,
1621 4818 1671 4868 οἱ
1701 4816 1795 4867 καὶ
1826 4817 1941 4883 μετ’

375 4915 541 4966 αὑτὸν
581 4916 767 4985 ἱερεῖς.
802 4913 1097 4975 ’Δσὸεστος
1122 4912 1229 4982 γὰρ
1266 4909 1454 4979 ὥσπερ
1475 4911 1503 4961 ὁ
1534 4907 1685 4978 παρὰ
1708 4905 1942 4979 Χριστοῦ

373 5004 650 5074 φωτισμὸς
677 5006 735 5057 ἐν
772 5004 1114 5075 Ἐκκλησίαις
1157 5002 1385 5065 σώζεται
1414 5002 1532 5063 ταῖς
1561 4998 1669 5051 τῶν
1699 4996 1945 5068 ἱερᾶσθαι

371 5098 801 5169 κεκληρωκότων
860 5097 1183 5158 ὲπιεικείαις
1212 5137 1226 5157 ,
1286 5095 1337 5146 οἳ
1382 5095 1500 5154 ταῖς
1555 5092 1633 5153 είς
1672 5090 1946 5161 ὀρθότητα

378 5189 780 5260 μυσταγωγῐαις
810 5188 900 5240 τὸν
924 5187 1027 5239 τῶν
1046 5186 1403 5239 πιστευόντων
1426 5178 1946 5250 καταλαμπρύνουσι

374 5280 520 5334 νοῦν.
555 5280 717 5333 Τουτὶ
763 5278 891 5348 γὰρ,
942 5273 1116 5345 οἶμαι,
1148 5275 1263 5327 ἐστι
1307 5274 1367 5327 τὸ
1415 5271 1771 5327 ἀνακαίεσθαι
1819 5269 1945 5332 τοὺς

371 5373 598 5443 λύχνους
635 5371 743 5426 ἀπὸ
789 5368 1027 5438 ἑσπέρας
1074 5367 1177 5429 ἕως
1221 5367 1388 5436 πρωΐ.
1442 5365 1669 5419 Σκοτίαν
1707 5363 1763 5416 δὲ
1792 5356 1945 5431 οἶμαι
1986 5388 1998 5397 ~

371 5464 472 5535 τὴν
504 5465 567 5515 ὲκ
599 5461 844 5514 διαϐόλου
881 5459 1165 5527 πλάνησιν,
1221 5459 1313 5510 καὶ
1357 5457 1550 5527 νοητὴν
1589 5457 1776 5523 ὥσπερ
1823 5451 1944 5505 τινὰ

373 5553 541 5607 νύκτα
574 5551 713 5604 κατᾶ
751 5547 875 5602 νοῦν
908 5547 1216 5617 ἀνθρώποις
1266 5545 1696 5615 συμϐαίνουσαν,
1729 5545 1798 5598 τὰ
1829 5544 1937 5597 τῶν

464 5664 509 5695 9⁸
535 5663 679 5718 Psal.
716 5677 926 5728 Lxxxtx,
960 5662 1046 5714 Π.
1127 5662 1171 5693 ⁸⁸
1192 5658 1386 5714 Matth.
1416 5674 1471 5726 γ,
1493 5659 1596 5731 ⁸14.
1672 5659 1701 5697 οί
1745 5657 1886 5712 Psal.

375 5736 399 5771 ι
432 5735 455 5789 1
484 5731 621 5805 Reg.
654 5747 711 5796 ιι,
747 5731 800 5783 5.

1996 5669 2154 5717 mn,
2214 5648 2298 5701 12.

2048 4629 2102 4683 id
2130 4636 2233 4692 est,
2266 4624 2553 4696 plurimos,
2587 4630 2641 4675 et
2667 4628 2801 4689 quot
2825 4634 2962 4688 opus
2990 4625 3109 4672 crat
3140 4627 3201 4672 ut
3237 4617 3370 4672 satis
3413 4627 3621 4673 essent.

2045 4718 2367 4774 Accendnnt
2407 4702 2570 4783 porro
2609 4712 2862 4766 lucernas
2888 4710 3088 4774 Aaron,
3117 4717 3175 4763 et
3209 4708 3403 4779 reliqui
3435 4708 3623 4763 sacc'r-

2042 4811 2219 4873 dotes,
2249 4806 2342 4877 qui
2383 4805 2436 4859 ei
2480 4809 2894 4866 successerunt;
2931 4816 3040 4854 non
3071 4799 3216 4855 enim
3255 4800 3617 4871 exstinguitur

2041 4905 2134 4958 illa
2158 4899 2367 4957 Christi
2392 4895 2741 4959 illuminatio,
2778 4910 2898 4964 quae
2929 4893 2985 4947 in
3013 4892 3281 4958 ecclesiis,
3306 4907 3496 4948 eorum
3522 4893 3617 4962 qui

2043 4993 2109 5049 ad
2148 4988 2437 5046 sacerdotii
2474 5000 2676 5040 munus
2710 4985 3010 5054 eliguntur,
3039 4983 3315 5053 probitate
3342 4991 3613 5045 servatur,

2043 5084 2173 5138 dum
2197 5080 2361 5136 rectis
2389 5077 2695 5147 disciplinis
2720 5076 2930 5130 animos
2952 5074 3291 5129 credentium
3321 5073 3614 5126 illustrant.

2034 5175 2160 5229 ‘Hoc
2184 5171 2352 5235 enim,
2389 5176 2450 5223 ut
2472 5168 2686 5238 opinor,
2713 5177 2797 5222 est
2825 5182 2856 5221 a
2877 5180 3105 5235 vespera
3131 5177 3303 5232 usque
3336 5175 3494 5214 mane
3525 5175 3615 5213 ar-

2043 5267 2173 5321 dere
2203 5265 2476 5321 lucernas.
2518 5259 2797 5314 Tenebras
2830 5265 3012 5310 autem
3038 5269 3159 5308 esse
3190 5259 3322 5322 puto
3345 5265 3613 5315 errorem,

2042 5357 2110 5411 ad
2147 5368 2308 5425 quem
2338 5350 2587 5406 diabolus
2616 5347 2868 5417 impellit,
2895 5360 2958 5399 ac
2983 5342 3320 5413 spiritualem
3349 5340 3613 5410 quodam-

2043 5447 2204 5501 modo
2242 5451 2461 5499 noctem
2488 5440 2687 5495 animis
2717 5436 2998 5490 hominum
3022 5433 3271 5495 offusam,
3297 5446 3493 5486 censeo
3519 5446 3610 5486 ne-

2044 5539 2306 5593 fariorum
2329 5531 2713 5588 haereticorum
2753 5527 3014 5580 obscuras
3039 5523 3514 5591 tenebricosasque
3538 5526 3618 5580 ra-

2391 5647 2409 5674 ²
2443 5643 2544 5696 lsa.
2604 5656 2691 5703 ιιι,
2754 5640 2803 5691 7.
2908 5638 2928 5669 ³
2958 5635 3128 5691 Exod.
3175 5649 3339 5697 xxvii,
3383 5631 3474 5700 9.0,
3524 5627 3607 5686 21.
