4142 6296
571 291 680 346 6ίῦ

1589 277 1646 334 5.
1686 275 1961 334 CYRILLI
2000 272 2470 330 ALEXANDRINI
2503 271 2802 329 ARCHIEP

3733 262 3833 322 συ

575 403 1098 472 bulas.Perpetuum
1118 398 1285 470 igitur
1307 413 1370 452 ac
1393 397 1521 468 juge
1545 395 1720 450 nostri
1749 393 2046 448 Salvatoris
2067 391 2153 444 lu-

2262 391 2488 445 άνοσίων
2519 387 2807 460 αἱρετικῶν
2856 383 3072 456 ἀφεγγῆ
3113 399 3170 436 τε
3196 379 3538 472 καὶᾼάμυδρὰ
3569 381 3830 454 μυθάρια.

580 509 706 550 men
725 492 782 547 in
802 489 1064 546 Ecclesiis
1085 487 1384 550 videbitur,
1414 485 1460 539 si
1482 499 1670 538 earum
1704 481 1949 552 magistri
1973 479 2158 532 divina

577 580 999 652 evangelicaque
1039 577 1312 648 praeconia
1347 585 1495 630 recte
1537 575 1986 644 interpretentur.
2021 570 2159 623 Pur-

575 683 758 746 gatum
795 687 960 743 porro
1001 681 1084 726 est
1124 671 1306 725 oleum
1341 685 1354 734 ;
1389 684 1516 722 nam
1543 667 1610 721 ab
1649 665 1797 720 omni
1833 665 1962 718 faece
1999 671 2160 730 atque

575 763 940 821 crassitudine
970 777 1196 832 prorsus
1221 767 1432 815 remota
1457 765 1544 812 est
1579 757 1666 810 illa
1695 755 1763 810 de
1792 754 1994 809 divinis
2024 753 2159 822 dog-

577 856 738 910 matis
773 863 922 908 recta
949 870 1014 908 ac
1043 869 1192 916 vera,
1221 861 1277 907 et
1315 850 1492 905 omnis
1516 849 1634 904 vitii
1673 862 1869 917 expers
1897 845 2159 916 praedica-

577 945 676 1012 tio,
703 961 824 1016 quae
849 946 996 998 illam
1022 943 1322 998 Salvatoris
1345 941 1520 996 nostri
1545 939 2000 994 illuminationem
2023 951 2164 990 sem-

577 1051 679 1106 per
698 1035 934 1100 excitat;
967 1049 1076 1088 non
1105 1034 1252 1103 quod
1274 1033 1389 1102 ipsa
1415 1048 1514 1102 per
1539 1047 1598 1086 se
1631 1029 1836 1098 aliquid
1867 1027 1934 1082 ad
1955 1027 2162 1082 Christi

577 1125 924 1196 splendorem
972 1123 1192 1194 adjiciat
1256 1123 1413 1194 (nam
1478 1122 1632 1175 illum
1683 1127 1876 1188 putare
1925 1117 2164 1173 hominis

579 1229 748 1286 opera
789 1214 1054 1284 indigere,
1093 1229 1319 1268 summa:
1366 1212 1658 1268 dementiae
1691 1211 1819 1280 est),
1853 1209 1948 1264 sed
1992 1209 2160 1280 quod,

579 1320 704 1363 cum
738 1305 832 1359 lux
863 1320 992 1358 vera
1023 1313 1078 1358 et
1105 1304 1364 1374 Splendor
1410 1303 1588 1359 Patris
1627 1301 1700 1355 sit
1745 1299 2016 1362 Christus,
2060 1299 2161 1354 do-

583 1403 794 1450 ctorum
827 1393 990 1446 rectis
1011 1393 1493 1462 prmdicationibus
1519 1393 1776 1462 idipsum,
1802 1390 1948 1460 quod
1975 1405 2163 1446 revera

577 1491 683 1547 est,
712 1481 1053 1536 credentium
1076 1481 1353 1536 mentibus
1379 1490 1661 1552 appareat.

2259 482 2516 552 Διηνεκὲς
2549 477 2641 534 οὖν
2671 479 2779 551 ἄρα
2829 479 2920 532 καὶ
2953 467 3330 543 ἀκατάληκτοῦ
3363 471 3460 526 τοῦ
3495 473 3752 544 Σωτῆρος
3775 474 3832 527 τδ

2259 575 2376 644 φῶς
2425 572 2596 642 ὁρῷτο
2641 573 2706 626 ἂν
2747 573 2808 623 ἐν
2855 565 3220 639 Ἐκκλησίαις,
3247 563 3716 636 διερμηνευόντων
3742 564 3830 636 dp.

2259 664 2368 727 θῶς
2393 664 2461 716 τὰ
2491 662 2611 716 θεῖά
2655 679 2713 714 τε
2745 660 2838 714 καὶ
2883 656 3214 726 εὐαγγελικὰ
3257 656 3591 725 κηρύγματα
3635 655 3746 707 τῶν
3775 657 3830 708 ἐν

2260 757 2449 818 αὐταῖς
2492 752 2848 807 διδασκάλων.
2897 749 3152 818 Καθαρδν
3197 747 3342 800 δὲτὸ
3383 746 3560 798 ἔλαιον
3589 761 3605 774 °
3635 747 3829 816 τρυγὸς

2259 851 2367 920 γάρ
2392 848 2582 918 ὥσπερ
2609 848 2701 901 καὶ
2728 845 2899 917 ῥύπου
2925 845 3124 906 παντὸς
3157 842 3503 912 ἀπήλλακται
3559 839 3831 904 παντελῶς

2259 943 2288 994 ὁ
2327 943 2454 1010 περί
2489 958 2553 1010 γε
2591 939 2701 992 τῶν
2734 937 2892 990 θείων
2913 937 3198 1006 δογμάτων
3226 933 3386 1005 ὀρθός
3411 950 3469 985 τε
3501 933 3595 985 καὶ
3630 933 3832 1004 ἀληθὴς

2260 1033 2358 1086 καὶ
2392 1031 2600 1104 ἀμιγὴς
2634 1029 2728 1083 τοῦ
2769 1029 3010 1110 χείρονος
3041 1027 3218 1094 λόγος,
3257 1025 3317 1089 δς
3346 1026 3432 1078 ἀεὶ
3462 1023 3556 1077 τοῦ
3585 1023 3836 1095 Σωτῆρος

2260 1122 2462 1193 ἐγείρει
2508 1121 2600 1174 τὸν
2631 1119 2929 1190 φωτισμὸν,
2964 1119 3063 1172 οὐκ
3095 1116 3256 1178 αὐτὸς
3282 1112 3492 1170 οἴκοθέν
3531 1131 3588 1167 τι
3621 1131 3836 1186 προστιά

2262 1215 2372 1278 θεὶς
2397 1215 2476 1277 εἰς
2495 1213 2856 1283 λαμπρότητα
2880 1209 2956 1280 τῷ
2986 1209 3206 1282 Χριστῷ
3251 1209 3468 1279 (κομιδῇ
3505 1206 3619 1278 γὰρ
3651 1207 3834 1276 εὔηθες

2260 1307 2322 1360 τὸ
2366 1305 2656 1378 ἀνθρώπου
2707 1303 2910 1357 δεῖσθαι
2945 1301 3187 1372 νομίζειν
3219 1299 3426 1369 αὑτὸν),
3458 1298 3572 1352 ἀλλ’
3607 1297 3692 1350 ὅτι
3727 1299 3834 1366 φῶς

2261 1397 2323 1451 τὸ
2366 1395 2618 1467 ἀληθινὸν
2660 1395 2753 1448 καὶ
2785 1392 3127 1462 ἀπαύγασμα
3149 1391 3242 1444 τοῦ
3285 1389 3498 1460 Πατρδς
3523 1387 3788 1458 ὑπάρχων
3811 1391 3836 1440 ὀ

2261 1487 2519 1556 Χριστὸς,
2576 1490 2689 1549 τοῖς
2727 1489 2805 1548 είς
2831 1485 3100 1556 ὀρθότητα
3127 1482 3235 1535 τῶν
3267 1480 3610 1536 διδασκάλων
3641 1479 3832 1546 λόγοις,

2261 1579 2406 1633 τοῦθ’
2433 1579 2579 1648 ὅπερ
2605 1577 2752 1630 ἐστὶν
2787 1575 3026 1646 άληθῶς,
3050 1577 3166 1637 ταῖς
3197 1571 3304 1626 τῶν
3332 1570 3704 1624 πιστευόντων
3731 1570 3838 1623 δια-

2262 1667 2430 1731 νοίαις
2477 1667 2744 1736 φαίνεται.

652 1760 850 1818 PALL.
873 1759 984 1817 Cur
1007 1767 1192 1816 autem
1215 1759 1395 1814 oleum
1420 1774 1486 1813 ex
1510 1759 1672 1814 olivis
1692 1774 1812 1814 esse
1837 1757 2006 1814 dicit?
2026 1757 2158 1813 Nam

2333 1761 2542 1814 ΠΛΛΛ.
2572 1761 2678 1813 Καὶ
2712 1757 2854 1812 διατι
2888 1757 2950 1812 τὸ
2985 1757 3164 1810 ἔλαιον
3197 1755 3256 1822 ἐξ
3284 1755 3478 1810 ἐλαιῶν
3511 1751 3832 1824 εἷναίφησι;

578 1852 752 1910 verba
780 1859 891 1906 tam
924 1860 1178 1906 accurate
1207 1851 1351 1906 dicta
1383 1850 1614 1906 fortasse
1646 1850 2161 1919 contemplationem

577 1941 820 2012 aliquam
854 1941 1220 1996 necessariam
1263 1938 1566 1995 continent.

654 2030 810 2088 (ΠΒ.
846 2029 1061 2102 Optime
1095 2029 1394 2086 existimas.
1445 2029 1632 2084 Dicam
1681 2029 1864 2098 itaque
1905 2027 2053 2098 quod
2108 2026 2165 2083 in

584 2132 824 2177 mentem
854 2121 1024 2176 venit.
1067 2119 1189 2176 Non
1233 2135 1300 2174 ex
1343 2120 1502 2174 olivis
1541 2121 1738 2185 solum,
1784 2119 2011 2185 Palladi,
2057 2119 2164 2174 olei

585 2228 746 2269 usum
781 2228 1025 2282 quaerere
1058 2211 1238 2268 solent
1264 2212 1535 2284 ejusmodi
1563 2227 1747 2267 rerum
1772 2211 1956 2282 periti,
1982 2211 2077 2266 sed
2098 2228 2163 2267 ex

584 2303 708 2359 aliis
740 2303 1158 2373 quamplurimis
1195 2303 1418 2367 alienis,
1451 2302 1908 2372 terrestribusque
1938 2301 2163 2356 semini-

585 2391 690 2450 bus
717 2411 730 2446 :
758 2400 923 2463 atque
946 2393 1080 2448 illud
1101 2393 1322 2464 quidem
1344 2394 1621 2449 sincerum
1648 2409 1715 2449 ex
1741 2393 1900 2448 olivis
1929 2403 2013 2449 est
2034 2409 2164 2464 pro-

585 2481 912 2549 batissimis;
946 2482 1314 2537 adulterinum
1346 2497 1532 2552 porro,
1557 2492 1614 2536 et
1640 2482 1694 2536 vi
1724 2481 1980 2552 quadam,
2013 2489 2070 2536 et
2099 2497 2168 2537 ex

583 2581 703 2630 arte
735 2573 954 2639 factam,
981 2573 1142 2644 322
1174 2581 1232 2629 et
1257 2574 1662 2644 quodammodo
1695 2575 1921 2629 minime
1950 2589 2164 2641 verum,

585 2665 721 2722 illud
749 2665 1030 2732 nimirum,
1057 2666 1204 2736 quod
1233 2681 1265 2720 e
1299 2667 1661 2721 terrestribus
1695 2665 2002 2719 seminibus
2032 2680 2168 2720 con-

587 2753 790 2809 ﬁcitur.
835 2753 1084 2826 Sincera;
1117 2754 1286 2824 igitur
1337 2770 1401 2810 ac
1430 2769 1576 2810 verae
1610 2753 2002 2824 prazdicationi,
2047 2770 2169 2824 quae

587 2857 687 2912 per
715 2858 1011 2912 supernam
1045 2843 1366 2912 sapientiam
1402 2843 1472 2898 iis
1493 2843 1589 2912 qui
1620 2849 1748 2898 sunt
1792 2843 1975 2897 idonei
2033 2843 2167 2898 sub-

589 2933 954 2999 ministratur,
994 2920 1176 2988 oleum
1217 2948 1286 2988 ex
1328 2933 1488 2988 olivis
1531 2932 1842 2988 confectum
1891 2933 2169 3003 aptissime

586 3007 954 3093 comparatur.
987 3021 1126 3076 Illud
1148 3037 1280 3077 vero
1305 3038 1497 3094 genus,
1527 3023 1674 3093 quod
1703 3038 1772 3078 ex
1799 3022 2052 3077 humanis
2075 3039 2168 3078 co-

587 3113 771 3186 gitatis
801 3121 856 3169 et
884 3101 1166 3168 'instinctu
1190 3113 1525 3168 daemoniaco
1541 3123 1819 3184 repertum
1840 3123 1943 3179 est,
1964 3115 2013 3168 ei
2037 3131 2165 3184 per-

586 3203 765 3260 simile
791 3205 913 3258 oleo
938 3203 1176 3268 videtur,
1200 3204 1345 3274 quod
1368 3219 1435 3259 ex
1462 3203 1826 3274 quorumdam
1849 3215 1966 3259 arte
2001 3215 2058 3260 et
2089 3213 2168 3260 ta-

587 3293 970 3349 bernariorum
1018 3307 1186 3362 opera
1226 3293 1550 3359 coniicitur,
1599 3295 1866 3364 cujusque
1908 3310 2042 3349 usus
2084 3303 2168 3350 est

515 3438 525 3444 _
587 3383 812 3438 minime
838 3382 1136 3453 legitimus.
1171 3383 1389 3437 Inutilis
1421 3399 1588 3453 porro
1613 3393 1698 3439 est
1723 3385 1994 3455 ejusmodi
2025 3400 2166 3455 prte-

585 3473 808 3538 dicatio,
841 3481 898 3527 et
924 3471 1238 3542 rejicienda,
1263 3481 1318 3529 et
1341 3473 1564 3528 omnino
1587 3473 1654 3528 ad
1685 3474 1928 3530 scientiae
1962 3475 2167 3532 Christi

587 3561 1044 3618 illuminationem
1073 3563 1340 3619 inefﬁcax.
1367 3565 1554 3636 Itaque
1577 3565 1634 3620 in
1657 3566 1919 3622 Ecclesiis
1941 3567 2166 3624 minime

587 3657 875 3726 recipitur,
907 3673 1085 3729 neque
1115 3657 1466 3729 fragrantiam
1497 3659 1671 3714 sancti
1697 3658 1936 3730 Spiritus
1955 3661 2122 3716 habet
2149 3679 2162 3716 :

593 3765 613 3797 ι
646 3745 819 3802 Nemo
847 3749 1051 3818 quippe
1080 3749 1234 3814 dicit,
1269 3749 1534 3804 Dominus
1571 3749 1753 3816 Jesus,
1795 3749 1899 3804 nisi
1939 3750 1997 3804 in
2041 3750 2165 3822 Spi-

585 3837 698 3892 ritu
730 3848 920 3894 sancto
955 3841 1016 3906 II;
1075 3857 1094 3891 ι
1147 3855 1327 3919 neque
1366 3840 1737 3896 sinceritatem
1774 3857 1838 3896 ac
1871 3841 2166 3912 puritatem

584 3929 857 3995 veritatis,
893 3939 989 3986 aut
1020 3947 1182 3986 usum
1207 3933 1466 4002 aliquem,
1498 3934 1591 4003 qui
1627 3935 2036 4005 intelligentiam
2067 3937 2166 3992 ad-

581 4024 758 4092 juvet.
792 4022 931 4078 Illud
981 4030 1164 4079 autem
1207 4022 1466 4080 observes
1507 4025 1702 4090 velim,
1749 4025 1922 4096 legem
1971 4027 2165 4096 princi-

589 4128 722 4182 pere
773 4122 834 4168 ut
872 4130 904 4170 a
936 4113 1065 4170 ﬁliis
1087 4115 1250 4170 Israel
1281 4115 1548 4187 ejusmodi
1579 4131 1646 4171 ex
1674 4117 1832 4172 olivis
1867 4119 2048 4173 oleum
2082 4119 2165 4174 af-

581 4201 794 4259 feratur
819 4223 832 4260 :
861 4213 920 4260 ut
939 4205 1088 4260 enim
1117 4207 1282 4277 paulo
1310 4215 1436 4262 ante
1459 4207 1594 4273 dixi,
1620 4209 1938 4278 praedicatio
1960 4211 2165 4267 verita-

582 4291 656 4348 tis
687 4293 800 4350 Deo
826 4303 1081 4367 tanquam
1107 4297 1320 4353 fructus
1371 4298 1593 4368 quidam
1636 4309 1800 4370 atque
1826 4302 2030 4358 oblatio
2056 4303 2166 4374 spi-

2261 1850 2538 1919 τοιγάρτοι
2567 1849 2688 1902 λίαν
2721 1848 2946 1920 ἀκριϐὲς
2964 1847 3250 1918 τοῦλόγου,
3289 1847 3428 1918 τάχα
3455 1865 3510 1900 τι
3537 1845 3658 1899 τῶν
3678 1846 3836 1914 ἁναγι

2263 1941 2432 1993 καίων
2469 1939 2646 1993 ὠδίνει
2671 1939 3064 2010 θεωρημάτων.

2332 2031 2497 2083 ΚΥΡ.
2527 2031 2759 2101 Ἀριστα
2783 2029 2988 2100 διανοῇ,
3019 2030 3114 2084 καὶ
3141 2030 3266 2098 τόγε
3297 2030 3377 2094 είς
3399 2027 3523 2083 νοῦν
3547 2022 3692 2100 ἧκον
3713 2025 3835 2100 ὲρῶδ

2264 2119 2376 2174 υύκ
2399 2121 2463 2171 ἐκ
2483 2119 2658 2190 μόνων
2679 2119 2808 2189 ἡμῖν
2825 2119 3038 2182 ἐλαιῶν,
3061 2112 3105 2172 ὦ
3124 2112 3409 2184 Παλλάδιε,
3425 2119 3522 2189 τὴν
3542 2119 3647 2173 τοῦ
3664 2117 3834 2172 ἐλαίου

2263 2212 2453 2282 χρείαν
2501 2209 2843 2280 ἐπιτηδεύειν
2897 2208 3017 2272 ἔθος
3063 2212 3177 2273 τοῖς
3223 2211 3398 2264 ταῦτα
3451 2212 3680 2284 σοφοῖς,
3710 2207 3838 2262 ἀλλὰ

2263 2304 2358 2356 καὶ
2377 2300 2653 2370 ὲξὲτέρων
2671 2302 2810 2354 ὅσων
2857 2301 3026 2354 νόθων
3053 2319 3114 2354 τε
3138 2303 3234 2356 καὶ
3261 2301 3654 2371 γεωδεστέρων
3681 2317 3836 2372 οπερ-ι

2263 2391 2472 2460 μάτων.
2507 2393 2616 2446 Καὶ
2641 2391 2702 2445 τὸ
2733 2391 2830 2462 μὲν
2860 2394 3082 2463 γνήσιον
3107 2393 3323 2463 άληθῶς
3367 2397 3426 2458 ἐξ
3453 2392 3660 2447 ἐλαιῶν
3694 2391 3836 2444 ἔσται

2264 2482 2370 2535 τῶν
2422 2483 2826 2552 δοκιμωτάτων,
2879 2477 3124 2555 κίϐδηλον
3173 2483 3230 2536 δέ
3263 2502 3376 2548 πως
3417 2476 3476 2536 τδ
3521 2483 3602 2547 ὡς
3649 2484 3714 2537 ἐκ
3750 2499 3835 2552 μο·

2265 2573 2446 2644 χλείας
2481 2574 2576 2626 καὶ
2605 2573 2820 2646 τέχνης,
2853 2575 2948 2628 καὶ
2983 2575 3146 2628 οἱονεί
3176 2593 3293 2639 πως
3321 2577 3420 2628 οὐκ
3441 2575 3668 2644 ἀληθὲς,
3696 2577 3759 2628 τδ
3778 2577 3836 2628 ὲκ

2267 2665 2594 2736 σπερμάτων
2618 2664 2726 2717 τῶν
2754 2665 3153 2737 γεωδεστὲρων,
3187 2667 3349 2738 φημί.
3387 2666 3598 2720 Οὐκοῦν
3625 2667 3765 2737 λόγῳ
3781 2682 3834 2719 τε

2255 2758 2342 2830 .τῷ
2377 2759 2654 2831 άκιὸδήλῳ
2691 2760 2784 2813 καὶ
2809 2757 3020 2830 ἀληθεῖ,
3050 2757 3144 2810 καὶ
3165 2757 3252 2810 διὰ
3286 2757 3479 2826 σοφίας
3504 2758 3608 2828 τῆς
3644 2756 3836 2828 ἄνωθεν

2265 2853 2374 2913 τοῖς
2403 2851 2572 2918 ἀξίοις
2599 2851 3009 2922 χορηγουμένῳ,
3027 2848 3088 2901 τὸ
3107 2847 3166 2912 ἐξ
3187 2849 3380 2902 ἐλαιῶν
3401 2848 3578 2902 ἔλαιον
3606 2845 3673 2902 εὖ
3703 2848 3840 2920 μάλα

2267 2944 2684 3016 παρεικαστὲον.
2717 2945 2853 3012 Τὸγε
2883 2943 2988 3013 μὴν
3017 2941 3076 3006 ὲξ
3117 2942 3470 3014 ἀνθρωπίνων
3491 2941 3720 2996 ἐννοιῶν
3746 2941 3838 2996 καὶ

2266 3032 2674 3104 δαιμωνιώδους
2709 3033 2972 3104 ἐμπνοίας
3010 3030 3406 3102 ’ἐξευρημένον,
3435 3031 3496 3083 τὸ
3534 3031 3603 3083 ἐκ
3629 3031 3728 3101 τῆς
3760 3047 3834 3084 τι·

2268 3144 2372 3180 νων
2401 3127 2598 3197 τέχνης
2627 3127 2720 3179 καὶ
2757 3124 3083 3196 καπηλείας,
3113 3124 3210 3178 καὶ
3237 3124 3397 3193 νόθην
3421 3123 3544 3194 ἔχον
3572 3123 3682 3193 τὴν
3713 3121 3836 3194 χρῆδ

2269 3232 2372 3269 σιν.
2415 3215 2658 3286 Ἀχρεῖος
2689 3215 2745 3267 δὲ
2771 3215 2866 3268 καὶ
2897 3214 3201 3284 ἀπόϐλητος
3238 3215 3267 3266 ὁ
3285 3213 3489 3268 τοιόσδε
3533 3213 3719 3282 λόγος,
3745 3211 3834 3266 καὶ

2266 3307 2560 3378 ἁσυντελὴς
2605 3307 2884 3370 παντελῶς
2924 3307 3060 3380 πρὸς
3117 3307 3399 3378 φωτισμὸν
3443 3305 3545 3378 τῆς
3583 3305 3835 3374 γνώσεως

2264 3399 2358 3452 τοῦ
2391 3400 2436 3452 Χ
2446 3398 2648 3470 ριστοῦ.
2669 3399 2956 3469 Τοιγάρτοι
2994 3401 3090 3454 καὶ
3111 3399 3489 3471 ἀπαράδεκτος
3523 3399 3582 3452 ὲν
3611 3397 3838 3468 Ἐκκληιι

2268 3488 2430 3552 σίαις,
2460 3487 2587 3542 οὔτε
2647 3489 2710 3542 τὸ
2745 3489 2942 3554 εὑῶδες
2983 3489 3120 3561 ἔχων
3173 3489 3266 3544 τοῦ
3309 3490 3466 3558 ἁγίου
3523 3488 3833 3560 Πνεῦματος

2267 3583 2286 3651 (
2311 3601 2328 3632 ι
2357 3580 2546 3644 Οὐδεὶς
2575 3582 2684 3652 γὰρ
2711 3581 2878 3651 λέγει,
2903 3582 3109 3654 Κύριος
3143 3583 3372 3653 Ἰησοῦς,
3395 3583 3443 3636 εἰ
3481 3581 3556 3652 μὴ
3581 3583 3646 3634 ὲν
3671 3577 3834 3636 Πνεύο

2269 3691 2396 3744 ματι
2429 3673 2566 3745 ἁγίῳ
2595 3693 2612 3724 ι
2633 3673 2676 3744 ),
2699 3673 2820 3726 οὔτε
2859 3675 2964 3747 μὴν
2991 3673 3053 3728 τὸ
3072 3676 3290 3746 γνήσιον
3319 3675 3413 3728 καὶ⁵
3443 3673 3716 3728 ἀθόλωτον
3742 3673 3834 3742 τῆς

2266 3762 2547 3833 ἀληθείας,
2583 3765 2678 3816 καὶ
2729 3765 2808 3827 είς
2842 3771 3120 3835 χρησίμην
3160 3764 3259 3835 τὴν
3305 3765 3492 3834 δνησιν
3519 3765 3828 3833 ἀναγκαῖον.

2279 3853 2558 3924 Ἐπιτηρει
2587 3854 2644 3908 δὲ
2675 3857 2755 3909 ὅτι
2795 3857 2944 3927 παρὰ
2981 3857 3087 3910 τῶν
3119 3857 3248 3912 υἱῶν
3287 3857 3504 3927 Ἰσραὴλ
3535 3854 3830 3929 προσκομί-

2266 3943 2454 4009 ζεσθαι
2479 3945 2586 3998 δεῖν
2617 3947 2677 4000 τὸ
2703 3947 2763 4010 ἐξ
2800 3947 2997 4001 ἐλαιῶν
3037 3949 3209 4002 ἔλαιον
3237 3951 3267 4004 ὁ
3309 3951 3475 4020 νόμος
3519 3951 3706 4021 φησιν.
3749 3947 3832 4008 Ὦς

2265 4035 2373 4108 γὰρ
2408 4035 2546 4106 ἔφην
2575 4037 2808 4105 φθάσας,
2835 4041 3046 4110 καρπὸς
3075 4041 3228 4096 ἔσται
3261 4041 3394 4114 παρ’
3415 4043 3573 4112 ἡμῶν
3615 4044 3710 4096 καὶ
3739 4040 3838 4094 δωκ

2270 4127 2494 4198 ροφορία
2513 4129 2856 4200 πνευματικὴ
2875 4131 2954 4201 τῷ
2979 4131 3120 4202 Θεῷ,
3150 4133 3308 4200 λόγος
3329 4133 3554 4205 ἀληθὴς,
3579 4135 3674 4188 τὸν
3689 4129 3832 4204 παρὰ

2265 4219 2501 4290 Χριστοῦ
2537 4221 2814 4290 φωτισμὸν
2835 4224 2936 4278 οὐκ
2959 4226 3139 4293 ἀφιεὶς
3172 4227 3418 4280 ἀσθενεῖν
3449 4229 3507 4280 ὲν
3539 4231 3655 4290 τοῖς
3671 4241 3828 4296 μυστ⁴

2265 4313 2688 4383 αγωγουμένοις.
2719 4315 2954 4379 Ἐξωθεν
2981 4317 3035 4370 δὲ
3053 4317 3146 4371 τοῦ
3176 4321 3689 4390 καταπετάσματος,
3717 4319 3750 4389 ἦ
3772 4333 3832 4369 τε

583 4382 801 4440 ritualis
839 4402 870 4442 a
913 4388 1076 4444 nobis
1116 4389 1366 4454 oll‘crtur,
1411 4405 1533 4459 qua:
1565 4389 1771 4446 Christi
1803 4393 2163 4478 illuminatio-

2270 4403 2378 4457 τῶν
2417 4382 2623 4475 λύχνων
2657 4405 2824 4472 θέσις,
2875 4409 2968 4461 καὶ
3003 4411 3108 4478 μὴν
3141 4412 3235 4464 καὶ
3259 4413 3292 4480 ή
3331 4382 3545 4476 καῦσις.
3578 4382 3696 4476 Φῶς
3723 4382 3826 4480 γάρ

581 4487 708 4528 nem
743 4475 799 4530 in
836 4476 905 4532 iis
939 4480 1033 4550 qui
1060 4482 1335 4551 mysteriis
1366 4482 1710 4549 imbuuntur,
1745 4469 2016 4555 exstingui
2050 4501 2162 4540 non

581 4565 731 4621 sinit.
759 4567 1028 4624 Caeterum
1055 4581 1210 4626 extra
1241 4574 1422 4628 velum
1451 4575 1690 4630 lucerna:
1723 4583 1779 4629 et
1803 4575 2159 4646 imponuntur

579 4662 638 4708 et
657 4658 1052 4715 accenduntur.
1095 4661 1228 4715 Nam
1261 4661 1532 4729 Christus,
1567 4665 1695 4735 quia
1729 4666 2028 4720 secundum
2057 4682 2157 4722 na-

581 4753 761 4800 turam
794 4747 979 4804 lumen
1023 4758 1136 4816 est,
1165 4767 1276 4808 non
1320 4753 1528 4825 indiget
1565 4755 1801 4822 lumine;
1846 4756 1942 4812 sed
1972 4757 2154 4823 nobis,

580 4833 675 4902 qui
709 4851 777 4890 eo
801 4836 919 4904 ipso
953 4841 1098 4908 quod
1136 4856 1326 4895 sumus
1351 4845 1478 4907 orti,
1516 4854 1668 4900 extra
1693 4844 2034 4902 divinitatem
2061 4863 2155 4903 su-

2273 4491 2533 4563 ὑπάρχων
2554 4493 2692 4548 κατὰ
2715 4497 2876 4566 φύσιν
2901 4500 2930 4552 ό
2953 4499 3205 4570 Χριστὸς,
3222 4501 3280 4554 οὺ
3303 4501 3472 4555 δεῖται
3495 4502 3693 4572 φωτὸς,
3717 4499 3825 4554 ἀλλ’

2263 4585 2396 4654 ἡμῖν
2427 4585 2608 4650 αὐτοῖς
2641 4590 2754 4651 τοῖς
2803 4587 2906 4654 ἔξω
2945 4590 3216 4662 θεότητος,
3267 4592 3401 4646 καθὸ
3461 4595 3737 4666 γενητοῖς,
3771 4589 3828 4642 τὸ

2266 4675 2394 4730 ἴδιον
2429 4679 2602 4748 ἐνίησι
2627 4678 2760 4748 φῶς.
2800 4679 2886 4744 Ὦς
2915 4683 3168 4754 ἐσωτέρω
3189 4683 3246 4738 δὲ
3275 4684 3372 4738 τοῦ
3409 4686 3828 4751 κοιταιτιεετάσμα·Ι

2260 4767 2404 4836 τοςὴ
2435 4766 2663 4832 κιϐωτὸς
2691 4764 2780 4840 ἦν,
2797 4771 2877 4830 εἰς
2905 4771 3251 4826 ὑποτύπωσιν
3281 4775 3370 4828 καὶ
3402 4775 3587 4830 εἰκόνα
3609 4771 3825 4844 κειμένη

2263 4855 2520 4925 Χριστοῦ.
2638 4857 2642 4860 ’

583 4941 726 5032 mus,
757 4943 922 5032 suum
946 4930 1132 4986 lumen
1165 4933 1430 4990 immittit.
1458 4937 1602 4994 Intra
1633 4938 1813 4992 velum
1839 4955 2006 5009 porro
2031 4957 2156 4997 arca
2191 4947 2370 5015 posita
2426 4962 2564 5019 erat,
2594 4953 2662 5009 ad
2723 4953 2924 5010 Christi
2957 4954 3183 5027 ﬁguram
3211 4968 3376 5030 atque
3410 4959 3700 5032 imaginem
3739 4968 3822 5009 re-

583 5016 883 5074 l‘erendam.

656 5107 852 5164 PALL.
885 5111 1054 5169 Recte
1088 5114 1251 5172 dicis.

647 5198 804 5254 CYR.
847 5201 1054 5260 Deinde
1098 5207 1277 5278 inquit
1319 5227 1332 5263 :
1367 5229 1385 5260 ι
1418 5210 1489 5266 Et
1519 5212 1742 5269 locutus
1775 5223 1860 5270 est
1895 5216 2160 5273 Dominus

577 5287 648 5342 ad
678 5290 920 5362 Moysen,
951 5295 1172 5354 dicens:
1203 5301 1271 5356 Et
1315 5311 1371 5357 tu
1419 5304 1606 5374 accipe
1635 5316 1898 5373 aromata,
1961 5310 2157 5366 florum

580 5380 814 5449 myrrha:
837 5383 1025 5443 electa:
1046 5390 1375 5462 quingentos
1401 5395 1586 5460 siclos,
1615 5405 1670 5450 et
1695 5395 2019 5452 cinnamomi
2045 5399 2158 5454 fra-

579 5471 788 5540 grantis
835 5475 954 5546 ejus
991 5478 1304 5550 dimidium,
1347 5485 1612 5544 ducentos
1653 5489 2068 5560 quinquaginta,
2103 5504 2160 5547 et

661 5646 726 5707 ⁸1
757 5649 882 5709 Car.
925 5671 1018 5724 xu,
1051 5659 1085 5712 ἓν

2335 5128 2544 5184 ΠΑΛΛ.
2583 5127 2658 5183 Εὖ
2692 5130 2846 5203 ἔφης.

2332 5219 2496 5274 ΚΥΡ.
2523 5217 2656 5274 Εἶτά
2678 5239 2811 5292 φησι
2828 5239 2841 5253 ·
2869 5241 2886 5274 ι
2919 5225 3028 5278 Καὶ
3055 5224 3284 5298 ἐλάλησε
3331 5228 3536 5300 Κύριος
3555 5231 3688 5302 πρὸς
3702 5232 3822 5287 Mm-

2233 5307 2364 5377 ,σῆν
2385 5323 2398 5338 ·
2459 5311 2568 5363 Καὶ
2605 5313 2669 5365 σὺ
2697 5311 2827 5367 λάϐε
2871 5313 3177 5386 ἡδύσματα,
3205 5319 3362 5384 ἄνθος
3393 5323 3639 5394 σμύρνης
3672 5324 3819 5376 ἐκλε-

2262 5401 2396 5469 κτῆς
2431 5400 2819 5468 πεντακοσίους
2843 5406 3080 5476 σίκλους,
3110 5411 3202 5464 καὶ
3224 5413 3576 5486 κινναμώμου
3599 5413 3822 5476 εὐώδους

2261 5491 2320 5546 τὸ
2357 5493 2526 5562 ἣμισυ
2557 5495 2768 5566 τούτου,
2802 5497 3108 5565 διακοσίους
3145 5505 3500 5576 πεντήκοντα,
3533 5507 3626 5562 καὶ
3657 5505 3812 5568 καλά·
