4142 6296
334 312 440 371 διδ

1082 314 1171 368 DE
1209 312 1649 371 ADORATIONE
1690 314 1758 371 IN
1800 314 2068 374 SPIRITU
2110 319 2198 372 ET
2240 321 2608 377 VERITATE.
2652 324 2778 379 LIB.
2824 280 2931 381 lX.‘

3489 331 3596 393 646

342 448 447 501 μου
474 428 704 492 εὐώδους
733 428 1033 492 διακοσίους
1071 435 1425 503 πεντήκοντα,
1459 433 1554 485 καὶ
1589 435 1747 505 ἴρεως
1787 452 1906 488 πεν·

2021 439 2180 493 casia:
2209 440 2537 511 quingentos
2563 444 2726 498 siclos
2750 446 3066 512 sanctuarii,
3099 455 3154 503 et
3183 449 3362 503 oleum
3402 465 3466 504 ex
3492 446 3604 505 oli-

337 520 628 582 τακοσίους
656 520 869 584 σίκλους
919 521 1014 574 τοῦ
1046 522 1224 590 ἁγίου,
1259 525 1353 577 καὶ
1398 524 1578 579 ἔλαιον
1624 526 1683 593 ἐξ
1720 527 1918 580 ἐλαιῶν

338 613 514 675 ἔσται,
551 613 645 664 καὶ
678 612 926 681 ποιήσεις
958 614 1088 666 αὐτὸ
1118 614 1295 669 ἔλαιον
1321 617 1530 686 χρίσμα
1565 615 1718 684 ἅγιον
1750 617 1920 687 μύρον

343 701 644 774 μυρεψικδν
681 703 845 775 τέχνῃ
902 705 1170 774 μυρεψοῦ.
1226 706 1442 759 Ἔλαιον
1507 708 1715 777 χρίσμα
1766 708 1922 774 ᾶγιον

335 793 509 847 ἔσται.
545 792 658 846 Καὶ
690 794 904 864 χρίσεις
936 795 998 859 ἐξ
1037 795 1202 849 αὐτοῦ
1237 797 1334 867 τὴν
1365 797 1566 867 σκηνὴν
1594 797 1687 849 τοῦ
1722 814 1923 867 μαρτυ-

337 886 479 957 ρίου,
527 885 623 938 καὶ
642 883 739 954 τὴν
769 884 997 938 κιϐωτὸν
1024 888 1122 957 τῆς
1148 889 1345 957 σκηνῆς
1371 888 1466 941 τοῦ
1495 890 1794 960 μαρτυρίου
1827 890 1920 942 καὶ

338 978 521 1033 πάντα
548 976 616 1030 τὰ
649 975 812 1047 σκεύη
869 978 1056 1043 αὐτῆς,
1097 981 1190 1031 καὶ
1227 981 1324 1049 τὴν
1356 979 1573 1049 λυχνίαν
1610 981 1707 1033 καὶ
1742 980 1919 1033 πάντα

339 1067 408 1120 τὰ
439 1067 609 1138 σκεύη
654 1067 844 1138 αὐτῆς,
875 1068 970 1120 καὶ
1011 1068 1071 1121 τὸ
1116 1070 1497 1142 Θυσεαστὴριον
1517 1071 1612 1125 τοῦ
1637 1071 1917 1142 ουμιάμα-

339 1175 450 1225 τος,
496 1161 588 1212 καὶ
641 1158 700 1212 τὸ
751 1158 1135 1230 Θυσιαστήριον
1167 1162 1273 1214 τῶν
1307 1163 1795 1232 ὁλοκαυτωμάτων,
1826 1164 1921 1216 καὶ

345 1239 515 1303 πάντα
575 1249 737 1303 αὐτοῦ
824 1249 892 1301 τὰ
947 1250 1113 1322 σκεύη
1149 1291 1163 1315 ,
1215 1252 1306 1305 καὶ
1352 1254 1449 1323 τὴν
1497 1254 1779 1323 τράπεζαν
1825 1256 1918 1308 καὶ

338 1341 516 1394 πάντα
564 1339 635 1392 τὰ
675 1340 840 1410 σκεύη
886 1341 1077 1410 αὐτῆς,
1128 1343 1221 1396 καὶ
1274 1343 1364 1396 τὸν
1411 1345 1669 1416 λουτῆρα,
1698 1347 1790 1399 καὶ
1821 1346 1919 1417 τὴν

342 1432 497 1502 βάσιν
526 1430 709 1491 αὑτοῦ,
741 1433 834 1483 καὶ
863 1433 1108 1499 ἁγιάσεις
1138 1434 1296 1487 αὑτάο
1328 1437 1421 1487 καὶ
1443 1434 1593 1488 ἔσται
1630 1437 1794 1504 Ἀγια
1810 1416 1919 1490 τῖἷᾴν

340 1523 531 1591 ἁγίων.
563 1523 673 1585 Πᾶς
709 1525 738 1575 ὁ
790 1523 1094 1592 ἁπτόμενος
1120 1524 1321 1585 αὐτῶν,
1354 1525 1771 1597 ἁγιασθήσεται.
1809 1530 1919 1581 Καὶ

352 1612 561 1686 ’Λαρὼν
606 1614 698 1667 καὶ
738 1614 864 1676 τοὺς
900 1614 1049 1678 υἱοὺς
1086 1613 1251 1666 αὑτοῦ
1275 1614 1504 1686 χρίσεις,
1538 1618 1633 1669 καὶ
1664 1618 1916 1685 ἁγιάσεις

338 1706 537 1768 αὐτοὺς
576 1702 877 1774 ἱερατεύειν
908 1721 1014 1774 μοι.
1048 1706 1157 1759 Καὶ
1200 1708 1309 1767 τοῖς
1340 1707 1474 1768 υἱοῖς
1511 1707 1727 1777 Ἰσραὴλ
1756 1707 1917 1779 λαλή-

2021 528 2123 593 vis,
2146 538 2202 583 et
2222 528 2389 585 facies
2407 532 2540 587 illud
2563 533 2744 589 oleum
2766 537 3064 600 unctionis,
3084 547 3328 593 sanctum
3353 556 3601 612 unguen-

2020 629 2138 676 tum
2195 626 2555 693 compositura
2597 636 2714 682 arte
2758 631 3128 699 unguentarii.
3174 631 3365 687 Oleum
3411 634 3598 693 unctio

2020 724 2206 767 sancta
2244 715 2373 769 erit.
2406 717 2474 771 Et
2504 733 2675 787 unges
2704 735 2768 773 ex
2801 735 2869 774 eo
2902 722 3312 777 tabernaculum
3350 725 3596 779 testimo—

2016 805 2118 867 nii,
2142 821 2198 860 et
2233 822 2435 871 arcam,
2475 816 2529 862 et
2558 810 2967 875 candelabrum,
2995 821 3051 867 et
3084 815 3265 868 omnia
3298 831 3425 868 vasa
3457 816 3596 885 ejus,

2018 906 2073 952 et
2104 898 2274 953 altare
2311 898 2541 963 incensi,
2566 910 2622 954 et
2650 902 2818 956 altare
2844 902 3308 968 holocaustorum,
3339 913 3393 959 et
3416 907 3599 961 omnia

2018 1002 2145 1041 vasa
2166 988 2307 1058 ejus,
2331 995 2387 1042 et
2412 1004 2676 1054 mensam,
2693 1000 2749 1044 et
2764 992 2943 1045 omnia
2969 1008 3094 1046 vasa
3117 994 3255 1061 ejus,
3280 1002 3335 1047 et
3357 995 3595 1059 labrum,

2018 1082 2073 1129 et
2102 1076 2275 1130 basim
2320 1078 2469 1147 ejus,
2500 1085 2557 1131 et
2584 1078 2950 1132 sanctificabis
2982 1093 3080 1143 ea;
3125 1088 3181 1132 et
3211 1088 3379 1133 erunt
3401 1079 3599 1134 Sancta

2019 1177 2365 1234 sanctorum;
2398 1179 2454 1223 et
2495 1169 2674 1223 omnis
2704 1169 2797 1239 qui
2829 1170 3071 1240 tetigerit
3103 1185 3186 1233 ea,
3230 1161 3597 1225 sanctificatri-

2018 1268 2129 1314 tur.
2164 1261 2231 1313 Et
2270 1263 2472 1325 Aaron,
2504 1270 2559 1315 et
2595 1260 2734 1315 filios
2773 1262 2893 1330 ejus
2931 1276 3120 1330 ungcs,
3147 1268 3203 1315 et
3231 1260 3600 1315 sanetificabis

2017 1368 2130 1416 eos,
2156 1361 2217 1406 ut
2248 1352 2555 1406 sacerdotio
2576 1352 2875 1421 fungantur
2904 1351 3059 1405 mihi.
3091 1353 3158 1406 Et
3181 1352 3249 1406 ad
3274 1332 3433 1421 323
3456 1351 3599 1405 filios

2017 1442 2182 1497 Israel
2234 1443 2508 1512 loqueris,
2554 1443 2743 1496 dicens
2790 1460 2803 1495 :
2855 1441 3047 1496 Oleum
3097 1441 3277 1495 linitio
3323 1440 3597 1494 unctionis

2017 1542 2265 1586 sanctum
2300 1532 2405 1585 hoc
2442 1532 2550 1586 erit
2579 1532 2735 1586 vobis
2761 1533 2816 1585 in
2846 1532 3137 1601 progenies
3160 1540 3406 1585 vestras:
3432 1546 3600 1600 super

2017 1637 2237 1677 carnem
2280 1621 2519 1676 hominis
2557 1637 2666 1675 non
2710 1621 2935 1675 linietur
2972 1636 3039 1674 ex
3067 1636 3162 1686 eo;
3197 1630 3253 1674 et
3292 1620 3597 1673 secundum

2016 1711 2159 1765 hanc
2190 1711 2642 1780 compositionem
2683 1726 2793 1764 non
2822 1710 3034 1765 facietis
3066 1711 3224 1765 vobis
3267 1710 3398 1779 ipsis
3438 1709 3595 1762 simi-

339 1814 474 1861 σεις,
522 1796 716 1864 λέγων’
759 1795 980 1851 Ἔλαιον
1021 1797 1260 1867 ἄλειμμα
1289 1796 1523 1867 χρίσεως
1566 1798 1719 1867 ἆγιον
1754 1798 1906 1853 ἔσται

2014 1803 2158 1855 liter.
2194 1802 2453 1856 Sanctum
2486 1810 2591 1866 est,
2620 1810 2677 1856 et
2710 1802 3067 1857 sanctificatio
3092 1802 3198 1855 erit
3227 1801 3401 1854 vobis.
3429 1799 3593 1866 Quis-

334 1888 490 1942 τοῦτο
524 1888 652 1957 ὑμῖν
678 1889 757 1950 εἰς
781 1887 880 1951 τὰς
907 1888 1103 1955 γενεάς
1154 1888 1331 1957 ὑμῶν’
1389 1889 1481 1939 ἐπὶ
1504 1888 1682 1960 σάρκα
1709 1888 1912 1961 ἀνθρὼ-

335 1996 435 2032 που
468 1981 531 2032 οὑ
561 1978 936 2049 χρισοήσεται,
977 1978 1071 2030 καὶ
1129 1979 1269 2032 κατὰ
1301 1977 1397 2049 τὴν
1425 1978 1671 2033 σύνθεσιν
1707 1980 1912 2053 ταύτην

333 2072 394 2124 οὺ
422 2072 673 2142 ποιήσετε
712 2070 840 2141 ὑμῖν
872 2072 1086 2133 ἑαυτοῖς
1108 2069 1393 2133 ὡσαύτως.
1427 2071 1616 2138 Ἀγιόν
1656 2073 1792 2136 ἐστι,
1817 2073 1912 2125 καὶ

336 2163 580 2233 ἁγίασμα
607 2160 758 2214 ἔσται
803 2163 950 2232 ὑμῖν.
1006 2159 1108 2225 ’ος
1154 2160 1217 2214 ἂν
1268 2164 1467 2234 ποιήσῃ
1509 2161 1787 2226 ὡσαύτως,
1818 2164 1912 2217 καὶ

332 2254 390 2318 ὃς
423 2254 489 2309 ἂν
515 2253 590 2323 δῷ
616 2254 710 2306 ἀπ’
745 2252 910 2306 αὐτοῦ
957 2236 1253 2320 άλλογενεῖ,
1292 2250 1807 2324 ὲξολοθρευθήσεται
1847 2257 1912 2308 ὲκ

332 2348 428 2399 τοῦ
469 2345 597 2399 λαοῦ
634 2344 821 2398 αὑτοῦ.
872 2362 890 2396 ι
932 2345 1224 2416 Ποιότητος
1269 2346 1366 2413 μὲν
1407 2340 1627 2415 οὖνπερ,
1663 2346 1757 2398 καὶ
1805 2346 1912 2417 μὴν

334 2438 430 2490 καὶ
470 2436 762 2507 συνθήκης,
794 2435 1108 2520 ἀνισότητός
1142 2452 1201 2488 τε
1232 2430 1324 2497 αὖ,
1350 2436 1451 2505 τῆς
1494 2439 1574 2500 είς
1633 2436 1796 2508 όλκὴν
1827 2437 1910 2509 δὴ,

334 2528 501 2594 λέγω,
524 2527 629 2580 τῶν
653 2527 1057 2598 ὠνομασμένων
1081 2526 1259 2588 εἰδῶν,
1290 2527 1443 2579 οὐδὲν
1472 2527 1536 2580 ἂν
1565 2527 1743 2597 ἔχοιμι
1769 2529 1912 2599 φρά-

340 2635 454 2671 σαι·
493 2618 620 2687 φίλη
656 2618 760 2689 γὰρ
803 2620 835 2688 ἡ
874 2618 1102 2688 ἀλήθεια
1146 2620 1255 2681 τοῖς
1288 2613 1347 2670 εὖ
1390 2621 1606 2689 φρονεῖν
1644 2619 1908 2674 εἰωθόσιν.

341 2711 559 2763 Ἐλαιον
607 2709 661 2762 δὲ
716 2710 905 2781 μύροις
947 2710 1286 2781 ἁνακραΟὲν,
1337 2712 1776 2780 κατασημήνειεν
1823 2711 1910 2779 ἂν,

340 2803 528 2875 ὥσπερ
569 2799 658 2857 οὖν
700 2799 934 2873 ἐγῷμαι,
974 2801 1065 2856 τὸν
1110 2806 1167 2855 ὲν
1205 2801 1427 2875 Χριστῷ
1466 2803 1557 2856 διὰ
1588 2802 1907 2873 Πνεύματος

336 2894 605 2963 ἁγιασμὸν
619 2896 730 2958 τοῖς
749 2899 882 2964 ῆλεη
894 2893 1072 2963 μένοις
1093 2893 1512 2964 χορηγούμενον.
1558 2894 1716 2947 Κατὰ
1737 2910 1799 2961 γε
1830 2893 1909 2959 τὸ,

338 3005 358 3036 ι
410 2985 698 3048 Ἐλίπανας
732 2986 790 3037 ὲν
824 2985 992 3054 ἐλαίῳ
1038 2985 1137 3055 τὴν
1191 2983 1433 3055 κεφαλήν
1499 3001 1622 3055 μου.
1679 3004 1698 3037 ι
1733 2986 1915 3039 Κατα-

334 3074 546 3146 χρίεται
573 3075 630 3127 δὲ
657 3075 691 3145 ή
724 3073 917 3145 σκηνὴ,
947 3074 1039 3126 καὶ
1066 3075 1243 3127 πάντα
1269 3072 1336 3126 τὰ
1363 3076 1421 3126 ὲν
1454 3076 1612 3144 αὐτῇ,
1652 3075 1909 3145 μετάσχοι

328 3164 443 3235 γὰρ
472 3163 538 3217 ἂν
565 3162 837 3232 ἁγιασμοῧ
865 3163 957 3214 καὶ
990 3162 1155 3225 τόπος
1199 3160 1288 3214 διὰ
1328 3161 1421 3214 τοῦ
1467 3162 1810 3233 ἐνοικοῦντος
1848 3167 1905 3216 ὲν

328 3254 502 3323 αὐτῷ.
549 3252 861 3321 Ἀγιὰζεται
892 3252 947 3305 δὲ
978 3252 1069 3309 καὶ
1098 3253 1166 3306 τὰ
1195 3253 1384 3323 σκεύη,
1418 3252 1558 3306 κατά
1597 3269 1661 3321 γε
1687 3253 1780 3307 τὸν
1806 3255 1905 3308 αὐ-

325 3347 444 3408 τοῖς
463 3345 739 3417 πρέποντα
771 3345 992 3414 τρόπον,
1042 3346 1123 3398 ὅτι
1182 3347 1303 3406 ταῖς
1355 3344 1490 3397 Θεοῦ
1544 3344 1906 3415 λειτουργίαις

327 3438 603 3506 χρήσιμα,
659 3436 752 3489 καὶ
798 3437 825 3488 ό
867 3435 1185 3506 ’ἁπτόμενος
1250 3436 1432 3489 αὐτῶν
1490 3436 1902 3506 ἁγιασθήσεται.

340 3526 616 3595 Ἀνέπαφα
648 3526 712 3597 δὴ
747 3521 839 3578 οὖν
874 3529 985 3589 τοῖς
1022 3526 1102 3579 ἔτι
1146 3526 1393 3598 βεϐήλοις
1442 3528 1511 3581 τὰ
1544 3528 1675 3597 ἅγιά
1703 3546 1763 3581 τε
1811 3530 1906 3583 καὶ

329 3620 471 3688 ίερά·
506 3638 525 3669 ι
558 3618 650 3679 Τίς
676 3619 782 3690 γὰρ
810 3619 1062 3671 κοινωνία
1101 3620 1249 3688 φωτὶ
1271 3620 1406 3690 πρὸς
1442 3620 1668 3686 σκότος;
1710 3640 1728 3673 ›
1764 3620 1905 3674 κατὰ

323 3708 389 3760 τὸ
410 3708 817 3777 γεγραμμένον.
885 3708 1221 3776 Ἀποφάσκει
1269 3708 1326 3761 δὲ
1374 3709 1649 3773 παντελῶς
1695 3711 1755 3762 τὸ
1794 3711 1903 3763 δεῖν

324 3800 545 3863 ἑαυτοῖς
608 3800 708 3869 τὴν
752 3799 941 3870 ὁμοίαν
992 3800 1173 3852 ἐλαίου
1225 3800 1494 3852 ποιεῖσθαι
1540 3802 1899 3870 κατασκευήν.

325 3889 631 3962 ’ἰδιονύγὰρ
661 3891 819 3960 μόνου
859 3890 919 3943 τὸ
952 3889 1197 3959 ἁγιάζειν
1226 3894 1341 3944 ἐστὶ
1374 3890 1466 3944 τοῦ
1500 3890 1659 3955 Θεοῦ,
1695 3893 1787 3944 καὶ
1824 3892 1901 3955 ὡς

313 3970 609 4051 Δἐξαίρετον
639 3980 852 4052 ἀληθῶς
881 3982 1225 4034 ἀνακείσεται
1272 3981 1334 4035 τὸ
1379 3985 1567 4053 χρῆμα
1605 3982 1773 4052 αὐτῷ,
1807 4000 1902 4051 γε-

320 4073 461 4142 νητῇ
500 4069 557 4123 δὲ
607 4071 700 4124 καὶ
743 4073 1089 4142 πεποιημένῃ
1116 4070 1274 4140 φύσει
1315 4072 1374 4126 τδ
1396 4071 1642 4140 ἁγιάζειν
1671 4073 1896 4142 ἑτέρους

303 4161 352 4234 ,δ
392 4159 604 4223 νασθαι,
652 4160 768 4224 πῶς
812 4161 876 4214 ἂν
907 4161 1020 4231 ἔχοι
1061 4163 1230 4226 ποτέ;
1266 4162 1491 4217 Πλουτεῖ
1519 4164 1622 4233 γὰρ
1649 4161 1798 4233 μόλις
1837 4164 1900 4215 ἐκ

328 4252 571 4322 μετοχῆς
595 4251 692 4320 τῆς
717 4250 921 4304 ἄνωθεν
945 4253 1034 4303 τὸν
1059 4252 1347 4323 ἁγιασμόν.
1368 4253 1575 4324 Πρέποι
1600 4253 1642 4306 δ’
1666 4252 1731 4305 ἂν
1764 4252 1897 4322 αὐτῇ

301 4338 417 4392 ,διὰ
470 4340 568 4409 τῆς
622 4339 730 4392 τῶν
770 4338 939 4405 ἁγίων
989 4340 1307 4393 ἑπιϐοᾶσίὶαι
1371 4341 1571 4409 φωνῆς.
1633 4358 1650 4390 ‹
1697 4340 1761 4392 Τί
1792 4341 1900 4409 γάρ

2012 1892 2136 1964 quis
2159 1893 2354 1947 fecerit
2377 1893 2648 1958 similiter,
2675 1904 2731 1948 et
2756 1894 3006 1963 quisquis
3039 1892 3253 1947 dederit
3274 1907 3341 1946 ex
3365 1907 3432 1944 eo
3456 1891 3592 1945 alie-

2010 1985 2244 2055 nigenae,
2266 1985 2722 2039 exterminabitur
2746 2000 2777 2038 a
2802 1985 3006 2055 populo
3028 1999 3129 2038 suo
3157 1983 3198 2036 ‘.
3226 1983 3302 2037 De
3328 1983 3593 2052 qualitate

2014 2078 2201 2150 igitur,
2231 2085 2287 2133 et
2334 2078 2751 2148 compositione,
2799 2076 3163 2146 inaequalitate
3207 2075 3396 2137 etiam,
3444 2073 3593 2142 quod

2013 2169 2081 2223 ad
2106 2169 2323 2239 pondus
2355 2169 2612 2240 pertinet,
2641 2168 2911 2222 dictorum
2940 2173 3242 2220 aromatum
3273 2164 3409 2217 nihil
3431 2163 3592 2232 equi-

2013 2260 2137 2315 dem
2182 2260 2359 2315 habeo
2395 2244 2609 2326 dicere;
2643 2259 2983 2329 sapientibus
3017 2258 3161 2312 enim
3196 2256 3399 2312 veritas
3425 2255 3593 2309 chara

2013 2360 2130 2420 est;
2165 2353 2345 2407 oleum
2374 2367 2541 2422 porro
2581 2366 2704 2405 cum
2740 2349 3077 2404 aromatibus
3116 2348 3338 2401 mistum
3377 2344 3591 2416 signifi-

2014 2450 2122 2510 cat,
2153 2450 2215 2498 ut
2237 2443 2372 2497 mihi
2400 2450 2548 2497 certe
2569 2440 2808 2504 videtur,
2840 2440 2985 2493 illam
3018 2439 3072 2491 in
3095 2437 3315 2492 Christo
3340 2451 3439 2506 per
3463 2434 3589 2506 Spi-

2014 2537 2181 2589 ritum
2210 2534 2719 2596 sanctiﬁcationcm,
2762 2547 2882 2601 quae
2923 2528 3354 2584 misericordiam
3391 2541 3598 2582 conse-

2015 2627 2159 2681 cutis
2208 2626 2495 2680 tribuitur.
2541 2624 2697 2681 Unde
2727 2633 2810 2678 est
2840 2622 2972 2676 illud
3018 2639 3031 2674 :
3067 2640 3084 2672 ι
3135 2617 3493 2689 lmpinguasti
3525 2616 3586 2672 in

2014 2719 2136 2773 oleo
2158 2730 2322 2788 caput
2343 2732 2527 2772 meum
2550 2717 2592 2769 '.
2629 2735 2646 2766 ι
2678 2715 2912 2785 Ungitur
2941 2722 3122 2768 autem
3150 2712 3592 2775 tabernaculum,

2012 2818 2070 2865 ct
2118 2809 2303 2864 omnia
2340 2824 2462 2878 quae
2508 2806 2564 2861 in
2594 2821 2661 2868 eo
2707 2814 2865 2872 sunt;
2901 2820 3026 2859 nam
3069 2804 3226 2858 locus
3268 2817 3489 2872 quoque
3529 2800 3590 2857 fit

2015 2900 2462 2958 sanctiﬁcationis
2499 2899 2772 2970 particeps
2802 2913 2901 2967 per
2931 2911 3057 2951 eum
3106 2895 3202 2964 qui
3235 2893 3292 2947 in
3324 2908 3390 2947 eo
3427 2891 3588 2946 habi-

2014 3000 2113 3048 tat.
2146 2992 2569 3047 Sanctiﬁcantur
2592 3006 2719 3044 vasa
2754 3004 2971 3058 quoque
3001 3003 3067 3042 eo
3114 2986 3207 3057 qui
3246 2985 3354 3039 illis
3383 2999 3586 3039 convc-

2014 3085 2099 3138 nit
2147 3084 2346 3149 modo,
2377 3092 2438 3137 ut
2484 3082 2554 3136 ad
2592 3080 2963 3135 exhibendum
3004 3080 3117 3133 Deo
3160 3078 3389 3140 cultum,
3424 3090 3586 3130 usum

2008 3174 2305 3244 praebeant.
2344 3192 2362 3224 ι
2397 3174 2468 3227 Ει
2491 3173 2585 3243 qui
2631 3172 2805 3242 tangit
2836 3186 2921 3234 ea,
2956 3168 3407 3224 sanctiﬁcabitur.
3453 3185 3472 3217 ι
3501 3166 3586 3220 Ab

2008 3266 2076 3320 iis
2097 3263 2262 3335 igitur
2311 3265 2406 3334 qui
2432 3263 2646 3334 profani
2669 3262 2848 3317 adhuc
2873 3267 3020 3323 sunt,
3048 3267 3265 3313 sanctas
3293 3271 3584 3325 sacrasque

2007 3371 2099 3411 res
2123 3356 2364 3426 contingi
2388 3355 2542 3410 nefas
2564 3363 2686 3409 est:
2721 3372 2740 3404 ι
2776 3352 2907 3419 Quae
2936 3351 3083 3406 enim
3118 3350 3350 3403 societas
3378 3347 3489 3402 luci
3512 3346 3581 3401 ad

2007 3448 2264 3504 tenebras
2296 3448 2356 3501 ⁸⁸1
2403 3467 2421 3499 ι
2451 3448 2595 3502 sicut
2626 3446 2890 3514 scriptum
2922 3451 3025 3497 est.
3075 3440 3359 3496 lnterdicit
3397 3449 3581 3494 autem

2006 3541 2231 3596 omnino
2284 3555 2353 3594 ne
2387 3538 2622 3594 similem
2666 3538 2797 3592 huic
2827 3536 2933 3591 olei
2982 3532 3433 3603 compositionem
3475 3530 3581 3585 sibi

2005 3631 2241 3696 faciant;
2286 3630 2456 3683 solius
2481 3628 2628 3682 enim
2657 3627 2753 3681 Dei
2781 3625 3065 3695 proprium
3095 3630 3180 3677 est
3215 3619 3580 3683 sanctificare,

2004 3737 2177 3791 eaque
2219 3736 2309 3776 res
2334 3720 2414 3775 illi
2451 3727 2707 3788 tanquam
2747 3717 2946 3772 eximia
2984 3714 3275 3771 tribuenda
3309 3720 3422 3778 est;
3451 3727 3582 3766 nam

2004 3822 2137 3867 orta:
2164 3812 2505 3879 conditaeque
2534 3817 2745 3863 natura
2775 3808 2870 3876 qui
2902 3806 3119 3860 tandem
3162 3804 3341 3858 inesse
3377 3800 3580 3872 poterit

2002 3904 2234 3958 facultas
2259 3899 2633 3956 sanctificandi
2663 3905 2910 3961 caateros,
2935 3912 3056 3966 quae
3082 3894 3296 3950 caelitus
3326 3891 3579 3961 imparti-

2001 4003 2111 4048 tam
2141 3991 2625 4048 sanctificationem
2664 3989 2757 4043 vix
2784 3988 2999 4057 assequi
3030 3985 3244 4057 potest?
3269 3983 3369 4039 Cui
3395 3982 3579 4053 potius

2002 4081 2258 4137 convenit
2279 4096 2468 4135 vocem
2498 4079 2645 4133 illam
2675 4085 2989 4133 sanctorum
3013 4076 3256 4129 virorum
3284 4073 3572 4127 insonare:

2009 4194 2025 4225 ι
2055 4172 2197 4240 Quid
2236 4172 2407 4226 habes
2447 4169 2594 4240 quod
2626 4184 2737 4222 non
2760 4166 3018 4236 accepisti
3041 4166 3102 4217 9?
3135 4184 3154 4216 ι
3180 4163 3486 4230 Quinetiam
3507 4160 3577 4214 de

2001 4263 2282 4333 unigenito
2314 4261 2453 4316 Filio
2494 4259 2674 4328 inquit
2702 4258 2941 4315 Joannes
2981 4273 2993 4306 :
3040 4274 3058 4305 ι
3110 4255 3189 4308 Ex
3235 4250 3577 4321 plenitudine

2001 4355 2119 4422 ejus
2152 4369 2251 4406 nos
2272 4365 2461 4404 omnes
2494 4349 2806 4417 accepimus
2833 4346 2897 4400 ¹⁰.
2937 4366 2955 4397 ι
2984 4345 3092 4399 Et:
3132 4363 3150 4393 ι
3182 4344 3299 4396 Non
3324 4341 3389 4396 ad
3426 4356 3579 4395 men-

321 4429 518 4499 εχειςὸ
552 4431 651 4483 οὐκ
692 4429 918 4493 ἕ).α6ες;
975 4449 992 4480 ι
1029 4432 1137 4483 Καὶ
1170 4431 1277 4502 γὰρ
1325 4432 1572 4499 Ἰωάννης
1611 4429 1742 4499 φησι
1773 4430 1898 4499 περὶ

2008 4460 2186 4499 suram
2217 4442 2310 4496 dat
2341 4440 2603 4510 Spiritum
2639 4438 2702 4492 “.
2753 4457 2771 4490 ι
2802 4437 2907 4492 Sed
2938 4435 3140 4505 potius,
3183 4447 3307 4487 cum
3343 4430 3413 4485 sit
3458 4431 3576 4500 ipse

318 4518 418 4570 τοῦ
449 4519 807 4587 Μονογενούς,
858 4520 938 4572 ὅτι
986 4540 1003 4571 ι
1051 4521 1149 4574 Ἐκ
1200 4521 1293 4573 τοῦ
1338 4518 1697 4591 πληρώματος
1731 4519 1897 4572 αὑτοῦ

318 4611 485 4677 ἡμεῖς
517 4610 715 4674 πάντες
754 4611 1036 4682 ἐλάϐομεν.
1074 4632 1090 4663 ι
1133 4610 1260 4675 Καὶ,
1297 4630 1314 4661 ι
1349 4612 1461 4662 υύκ
1494 4611 1558 4662 ἐκ
1588 4609 1785 4680 μέτρου
1815 4609 1895 4663 δί-

318 4699 457 4752 δωτι
489 4699 548 4752 τὸ
584 4700 833 4772 Πνεῦμα,
875 4721 892 4753 ι
932 4701 1080 4772 πηγὴ
1111 4702 1166 4754 δὲ
1204 4701 1402 4771 μᾶλλον
1439 4701 1696 4771 ὑπάρχων
1738 4700 1896 4762 αὐτὸς

316 4790 618 4859 ἁγιασμοῦ,
646 4794 931 4863 ἐπιμετρεῖ
964 4798 1076 4857 τοῖς
1111 4794 1282 4860 ἀξίοις
1313 4793 1372 4845 τὸ
1402 4792 1642 4863 Πνεῦμα,
1676 4794 1771 4845 καὶ
1794 4794 1893 4862 τὴν

315 4879 544 4951 λογικὴν
572 4884 788 4949 ἁγιάζει
820 4885 1015 4937 κτίσων
1044 4905 1062 4936 ι
1105 4885 1226 4938 Ἐπὶ
1270 4885 1449 4955 σάρκα
1485 4884 1539 4936 δὲ
1582 4882 1890 4954 ανθρώπου,

317 4977 509 5042 φησιν,
573 4975 633 5027 οὐ
684 4977 1058 5048 χρισοὴσεται,
1106 4998 1124 5029 ι
1173 4977 1352 5031 καίτοι
1394 4976 1773 5049 προστεταχὼς
1799 4995 1894 5029 κα-

313 5066 637 5135 ταχριεσθαι
671 5068 780 5120 δεῖν
813 5070 905 5121 ἀπ’
943 5071 1128 5133 αὐτοῦ,
1168 5071 1259 5125 τόν
1291 5088 1347 5124 τε
1381 5069 1590 5140 Ἀαρὼν
1631 5071 1724 5122 καὶ
1768 5070 1893 5132 τοὺς

316 5158 820 5225 συνιερατεύοντας.
857 5161 1064 5214 Οὐκοῦν
1106 5162 1243 5232 ὑπὲρ
1280 5160 1616 5232 ἀνθρώπινον
1648 5161 1708 5212 τι
1738 5161 1893 5228 γένος

312 5245 422 5318 ἥδη
443 5247 502 5300 τὸ
536 5249 696 5318 ἱερὸν,
740 5250 834 5301 ἁτε
865 5251 928 5322 δὴ
960 5251 1052 5304 καὶ
1096 5251 1329 5320 Χριστοῦ
1377 5252 1599 5321 μέτοχον
1629 5251 1720 5303 τοῦ
1754 5251 1891 5319 ὑπὲρ

312 5336 418 5404 τὴν
446 5336 640 5390 κτίσιν.
677 5339 965 5408 Τοιγάρτοι
997 5339 1089 5391 καὶ
1125 5340 1257 5407 πρὸς
1291 5339 1351 5390 τὸ
1388 5338 1524 5408 ὑπὲρ
1549 5338 1706 5405 φύσιν
1748 5339 1891 5407 ἡμᾶς

313 5428 665 5497 ἁνακομίζων
707 5430 943 5497 ἀξίωμα,
976 5430 1068 5481 καὶ
1120 5430 1279 5481 οἱονεὶ
1328 5429 1432 5480 τῶν
1465 5428 1721 5495 ἐπιγείων
1752 5430 1888 5480 ἁπο-

312 5516 522 5586 τεμὼν,
548 5522 659 5583 τοῖς
700 5523 810 5573 ἄνω
837 5521 1154 5590 προσνέμειο
1200 5539 1216 5570 ι
1254 5520 1471 5588 Πατέρα
1505 5505 1691 5589 »κγὶιρ,
1733 5520 1882 5588 φησὶ,

397 5654 417 5685 ⁶
454 5654 622 5709 Exul.
682 5672 806 5712 xxx.
848 5655 1031 5709 25—51.

328 5742 407 5781 tu.
445 5723 539 5779 54.

1146 5657 1161 5685 ⁷
1196 5653 1334 5708 Psal.
1370 5669 1457 5719 xx,
1492 5653 1540 5706 5.
1627 5655 1645 5681 ⁸
1678 5653 1719 5705 ll
1767 5652 1889 5706 Cor.
1926 5665 1997 5715 vr,
2045 5648 2129 5700 14.

2002 4538 2123 4591 fons
2149 4531 2616 4594 sanctiﬁcationis,
2660 4531 2728 4584 iis
2775 4528 2870 4598 qui
2911 4526 3059 4596 digni
3096 4534 3151 4579 et
3194 4524 3375 4579 idonei
3422 4530 3570 4585 sunt,

2001 4626 2266 4695 Spiritum
2298 4622 2615 4684 admolitur,
2634 4630 2690 4674 et
2711 4617 3032 4673 rationalem
3048 4625 3351 4671 creaturam
3367 4612 3571 4668 sancti-

2000 4717 2157 4770 ficat:
2192 4734 2208 4764 ι
2236 4713 2412 4782 Super
2446 4724 2666 4766 carnem
2692 4724 2822 4763 vero
2846 4707 3103 4771 hominis,
3142 4726 3160 4757 ι
3186 4705 3384 4775 inquit,
3417 4724 3435 4755 δ
3459 4719 3572 4759 non

1994 4808 2220 4861 linictur
2246 4822 2312 4859 ex
2340 4819 2425 4857 eo.
2471 4822 2486 4853 ι
2520 4802 2684 4871 Atqui
2707 4802 2947 4871 jusserat
2997 4805 3055 4851 ut
3082 4813 3149 4852 ex
3181 4797 3299 4866 ipso
3323 4804 3437 4850 tum
3462 4794 3571 4849 Aa-

1995 4911 2116 4957 ron,
2145 4903 2258 4947 tum
2286 4893 2405 4962 ejus
2437 4891 2494 4944 in
2520 4889 2843 4945 sacerdotali
2874 4901 3100 4941 munere
3129 4886 3262 4941 socii
3293 4899 3571 4956 ungeren-

1995 4995 2102 5040 tur.
2130 4987 2224 5039 Est
2255 4984 2420 5054 igitur
2458 4996 2672 5037 sacrum
2708 4979 2841 5033 illud
2875 4993 3045 5049 genus
3078 4993 3241 5047 supra
3268 4975 3565 5040 hominem,

1994 5087 2182 5148 utpote
2207 5075 2350 5147 quod
2398 5074 2602 5128 Christi
2626 5073 2896 5142 particeps
2919 5079 3022 5136 est,
3045 5072 3137 5140 qui
3164 5068 3432 5124 creaturis
3453 5082 3569 5121 om-

1994 5169 2157 5223 nibus
2182 5165 2418 5229 excellit,
2455 5165 2526 5218 ob
2548 5179 2777 5232 eamque
2802 5177 3041 5226 causam,
3071 5175 3194 5215 cum
3225 5159 3291 5212 ad
3319 5157 3568 5227 superle-

1994 5282 2108 5319 rem
2143 5265 2256 5335 ipsa
2297 5277 2513 5333 quoque
2551 5269 2747 5314 natura
2787 5259 3108 5327 dignitatem
3146 5269 3248 5309 nos
3286 5252 3564 5315 eveheret,

1991 5355 2153 5426 324
2183 5361 2345 5423 atque
2368 5366 2398 5405 a
2420 5348 2652 5405 terrenis
2682 5348 2848 5400 rebus
2877 5341 3278 5414 quodammodo
3306 5339 3567 5411 praecide-

1994 5455 2103 5508 rct,
2149 5442 2473 5512 superisque
2509 5439 2868 5506 conjungerct
2904 5452 2915 5485 :
2961 5452 2979 5483 ι
3023 5433 3269 5495 Patrem,
3297 5449 3315 5481 ι
3352 5429 3565 5499 inquit,

2004 5557 2021 5589 ι
2049 5552 2115 5589 ne
2162 5533 2367 5589 vocetis
2406 5530 2561 5582 vobis
2597 5542 2761 5595 super
2790 5534 3023 5586 terram;
3078 5536 3220 5574 unus
3271 5528 3355 5574 est
3415 5517 3565 5573 enim

2243 5646 2262 5673 '
2296 5643 2317 5697 Ι
2364 5640 2490 5695 Cor.
2547 5654 2616 5701 Iv,
2655 5638 2704 5689 7.
2810 5635 2849 5665 ¹⁰
2886 5634 3042 5689 Juan.
3076 5649 3115 5700 ι,
3154 5632 3239 5688 16.
3333 5632 3371 5662 “
3403 5630 3562 5686 Joau.
