4142 6296
622 282 723 341 647

1614 282 1670 338 S.
1713 282 1992 338 CYRILLI
2032 275 2513 336 ALEXANDRINI
2552 280 2871 338 ARCHIEP.
3747 294 3835 352 διε

621 395 782 451 Pater
804 402 1003 459 vester,
1027 393 1119 463 qui
1144 393 1305 447 estin
1332 390 1518 459 aclis;
1544 405 1738 447 omnes
1761 400 1946 446 autem
1964 404 2062 443 vos
2084 387 2197 442 fra-

2306 404 2325 436 ‹
2358 387 2432 458 μὴ
2452 388 2580 441 καλέ
2590 405 2717 459 σητε
2733 390 2888 461 ὑμῶν
2901 389 2994 443 ἐπὶ
3008 389 3104 461 τῆς
3120 387 3245 458 γῆς’
3263 381 3339 451 εἷς
3360 387 3467 460 γάρ
3484 390 3623 448 ἔστιν
3635 396 3662 450 ὁ
3675 396 3835 476 Πατὴρ

619 493 737 542 tres
754 486 971 541 estis".
997 503 1015 535 ι
1045 483 1532 538 Exterminationis
1563 494 1746 537 autem
1779 498 1943 553 poena
1978 482 2046 536 iis
2074 496 2206 535 con-

617 576 809 631 stituta
833 582 919 630 est
943 575 1038 645 qui
1062 590 1130 629 ex
1153 589 1221 628 eo
1243 574 1563 645 alienigena:
1611 573 1869 628 dederint
1905 591 1917 625 :
1954 592 1971 623 ι
1992 573 2071 626 Ne
2110 571 2207 625 de-

618 666 689 721 tis
708 666 876 731 enim,
904 685 923 718 ι
966 666 1070 730 ait,
1108 684 1126 716 ‹
1151 674 1337 720 sancta
1389 666 1649 731 canibus,
1687 680 1866 734 neque
1908 661 2212 733 projiciatis

613 758 940 827 margaritas
959 766 1170 821 vestras
1190 765 1315 812 ante
1332 771 1531 827 porcos
1550 756 1612 808 ¹³.
1646 775 1663 806 ι
1685 755 1843 815 Nam,
1879 769 2001 824 qua:
2019 767 2210 807 recon-

613 847 728 902 dita
761 856 911 914 sunt,
940 857 1000 902 et
1039 848 1245 903 sanctis
1271 848 1536 902 duntaxat
1562 846 1918 910 conveniunt,
1959 860 2025 899 ea
2059 843 2211 897 nulla

613 939 830 993 ratione
871 938 1081 1004 habita,
1103 939 1173 993 iis
1194 939 1287 1009 qui
1307 947 1435 993 sunt
1456 939 1639 992 adhuc
1658 936 1928 1002 inﬁdeles,
1952 934 2205 1005 prodere,

612 1031 848 1100 periculi
883 1031 1108 1100 plenum
1144 1038 1231 1086 est
1259 1049 1271 1083 :
1298 1045 1479 1100 neque
1508 1030 1657 1084 enim
1713 1028 1808 1098 qui
1842 1026 2055 1097 profani
2080 1033 2210 1082 sunt

614 1120 817 1187 adhuc,
838 1127 895 1175 et
914 1120 1212 1176 immodica
1234 1120 1551 1190 impuritate
1572 1119 1855 1184 laborant,
1902 1118 1998 1172 sed
2020 1124 2208 1171 sancto

614 1211 946 1282 baptismate
967 1212 1185 1284 purgati
1209 1212 1639 1268 sanctiﬁcantur.

691 1304 892 1359 PALL.
922 1306 1062 1360 Vera
1094 1304 1253 1359 dicis.

584 1441 597 1451 .
683 1379 841 1449 CYR.
856 1394 1171 1465 Eademque
1187 1394 1400 1450 ratione
1415 1410 1479 1449 ac
1497 1393 1661 1448 modo
1678 1390 2045 1465 thymiamatis
2060 1405 2207 1444 como

608 1484 941 1555 positionem
972 1484 1091 1539 ﬁeri
1115 1485 1302 1555 jussit,
1336 1484 1559 1539 dicens:
1587 1502 1607 1535 ι
1637 1484 1707 1537 Et
1736 1495 1795 1540 tu
1820 1497 1953 1553 cape
1983 1482 2081 1536 tibi
2101 1480 2203 1551 ipsi

615 1582 884 1639 aromata,
924 1583 1157 1640 stacten,
1196 1585 1252 1630 et
1284 1576 1575 1648 onychem,
1612 1581 1668 1630 ct
1709 1574 2002 1645 galbanum
2038 1586 2206 1626 suave

612 1668 788 1732 olens,
824 1676 881 1721 et
903 1668 1031 1721 thus
1053 1668 1333 1734 lucidum;
1366 1667 1517 1735 paria
1546 1665 1692 1720 inter
1715 1680 1774 1720 se
1795 1672 1962 1720 erunt
1991 1681 2003 1717 :
2033 1670 2091 1718 et
2120 1662 2202 1718 fa-

2313 476 2488 546 ύμῶν,
2513 479 2542 529 ό
2568 479 2626 530 ὲν
2653 480 3067 551 τοῖς,ούρανοῖς,
3103 480 3302 541 πάντες
3346 478 3403 532 δὲ
3458 481 3608 550 ὑμεῖς
3649 485 3836 559 ἀδελφοί

2309 569 2452 622 ἐστε.
2477 587 2495 619 ι
2535 568 2794 640 Ὀλεθρος
2816 570 2921 640 δὲή
2951 570 3074 640 δίκη
3098 572 3208 632 τοῖς
3232 570 3326 621 ἀπ’
3362 570 3525 624 αὑτοῦ
3548 576 3838 648 παρέχωσιν

2308 658 2606 726 ἀλλογενεῖο
2626 679 2644 711 ι
2669 661 2760 731 Μὴ
2783 660 2919 713 δῶτε
2949 661 3081 731 γὰρ,
3106 679 3125 710 ι
3148 659 3334 729 φησὶ,«
3350 659 3416 712 τὰ
3436 661 3563 729 ἅγια
3585 668 3688 729 τοῖς
3717 673 3837 737 κυσὶ,

2313 749 2447 818 μηδὲ
2487 748 2685 819 βάλητε
2717 753 2843 814 τοὺς
2887 751 3229 821 μαργαρίτας
3264 749 3416 820 ὑμῶν
3444 752 3730 824 ἔμπροσθεν
3751 761 3841 814 τῶν

2314 840 2532 910 χοίρων.
2549 842 2650 893 »Τὸ
2668 841 2777 912 γάρ
2797 859 2878 895 τοι
2896 842 3190 912 προσάγειν
3208 840 3489 911 ἀτημελῶς
3505 847 3613 907 τοῖς
3628 847 3839 914 ἀπίστοις

2309 932 2389 983 ἔτι
2415 932 2484 984 τὰ
2516 934 2895 1003 κεκρυμμένα,
2933 933 3028 985 καὶ
3050 932 3117 985 τὰ
3158 931 3340 1002 μόνοις
3370 931 3544 999 ἁγίοις
3578 936 3839 1005 πρέποντα,

2308 1022 2556 1076 κινδύνου
2608 1025 2802 1094 μεστόν
2823 1042 2835 1055 ·
2867 1023 3152 1093 ἁγιάζεται
3180 1024 3288 1094 γὰρ
3327 1023 3390 1076 οὺ
3439 1024 3499 1076 τὸ
3533 1024 3744 1097 βέϐηλον
3776 1028 3841 1083 In

2308 1114 2404 1167 καὶ
2437 1115 2628 1169 νοσοῦν
2661 1115 2907 1177 ἐκτόπως
2949 1115 3050 1187 τὴν
3086 1115 3453 1182 ἀκαθαρσίαν,
3490 1117 3623 1171 ἀλλὰ
3658 1119 3714 1171 τδ
3761 1121 3843 1192 ήδη

2308 1206 2720 1277 κεκαθαρμένον
2755 1207 2843 1260 διὰ
2885 1207 2980 1261 τοῦ
3014 1208 3172 1277 ἁγίου
3201 1207 3597 1278 βαπτίσματος.

2377 1290 2591 1351 ΠΑΑΑ.
2641 1299 2885 1370 Ἀληθές.

2376 1390 2544 1444 ΚΥΡ.
2567 1392 2724 1445 Κατὰ
2747 1393 2836 1445 τὸν
2873 1392 2985 1446 ἴσον
3013 1394 3220 1447 τουτονὶ
3244 1393 3450 1465 τρόπον
3476 1392 3565 1446 καὶ
3592 1393 3752 1463 λόγον,
3767 1397 3847 1469 τὴν

2306 1478 2402 1532 τοῦ
2459 1478 2803 1551 θυμιάματος
2866 1482 3140 1536 ποιεῖσθαι
3191 1481 3537 1554 κατασκευὴν
3592 1484 3845 1550 διετῦπου,

2306 1570 2497 1639 λέγων’
2545 1592 2565 1623 ι
2604 1573 2715 1626 Καὶ
2751 1575 2813 1626 σὺ
2848 1572 2979 1626 λάϐε
3027 1576 3240 1647 σεαυτῷ
3290 1575 3601 1646 ήδύσματα,
3647 1578 3848 1650 στακτὴν

2308 1662 2401 1716 καὶ
2439 1662 2625 1733 ὄνυχα,
2658 1664 2752 1717 καὶ
2782 1664 3054 1736 χαλϐάνην
3080 1665 3346 1737 ἡδυσμοῦ,
3391 1667 3489 1720 καὶ
3516 1666 3719 1743 λίϐανον
3754 1669 3850 1723 δια-

612 1756 764 1813 cient
800 1773 868 1812 ex
902 1757 1038 1827 ipsis
1066 1757 1364 1828 thymiama
1394 1755 1843 1827 unguentarium,
1881 1768 2021 1823 Opus
2052 1768 2203 1808 com-

2311 1754 2476 1824 φανῆ,
2510 1755 2623 1808 ἴσον
2664 1756 2764 1826 ἴσῳ
2791 1756 2959 1823 ἐστὶν,
2983 1757 3077 1810 καὶ
3102 1758 3424 1829 ποιήσουσιν
3456 1757 3603 1828 αὑτῷ
3632 1758 3852 1829 θυμίαμα

612 1849 906 1918 positionis
954 1847 1302 1918 unguentarii
1346 1847 1591 1913 mistum,
1630 1860 1853 1916 purum,
1894 1860 2034 1915 opus
2074 1860 2203 1900 san-

611 1948 785 1995 ctum.
829 1940 898 1995 Et
934 1940 1277 1995 comminues
1307 1939 1375 1994 de
1416 1939 1525 1995 illis
1567 1938 1846 1994 minutim.
1871 1938 1941 1993 Et
1969 1953 2141 2008 pones
2172 1952 2205 1992 e

611 2032 836 2102 regione
871 2032 1171 2087 testimonii
1185 2031 1261 2101 _in
1289 2030 1647 2087 tabernaculo
1690 2030 2014 2096 testimonii,
2056 2030 2204 2086 unde

612 2122 953 2180 innotescam
984 2123 1083 2177 tibi
1116 2122 1265 2177 inde.
1291 2122 1552 2178 Sanctum
1576 2131 1890 2200 sanctorum
1916 2123 2023 2176 erit
2046 2121 2204 2176 vobis

614 2213 931 2286 thymiama.
961 2213 1276 2269 Secundum
1318 2214 1460 2268 hanc
1491 2213 1948 2283 compositionem
1986 2226 2095 2268 non
2120 2213 2203 2267 fa-

611 2306 769 2361 cietis
790 2306 948 2361 vobis
972 2306 1138 2376 ipsis;
1161 2306 1216 2360 in
1239 2305 1727 2361 sanctiﬁcationem
1762 2307 1870 2361 erit
1908 2306 2066 2361 vobis
2091 2306 2204 2361 Do-

613 2397 785 2453 mino.
811 2397 1072 2469 Quisquis
1096 2398 1289 2454 fecerit
1321 2399 1597 2464 similiter,
1623 2406 1685 2453 ut
1708 2401 1828 2471 ejus
1850 2399 2018 2455 odore
2044 2399 2201 2454 frua-

616 2495 729 2554 tur,
753 2488 962 2558 peribit
982 2490 1051 2545 de
1075 2490 1280 2560 populo
1312 2505 1412 2559 suQ
1439 2489 1503 2543 ".
1531 2510 1551 2541 ι
1581 2491 1795 2545 Rursus
1828 2491 1920 2546 hic
1943 2492 2099 2546 locus
2121 2492 2202 2545 la-

614 2589 796 2636 tenter
826 2583 989 2638 nobis
1017 2584 1225 2638 indicat
1254 2598 1375 2653 quae
1410 2583 1634 2652 propria
1685 2592 1813 2637 sunt
1840 2598 1904 2637 ac
1929 2584 2204 2653 prmeipua

612 2672 765 2728 illius
787 2674 1257 2745 praestantissima:
1281 2674 1528 2729 omnium
1555 2683 1787 2740 natum,
1813 2690 1879 2730 ea
1903 2675 1972 2729 ad
1997 2676 2203 2729 nullam

612 2780 732 2819 rem
759 2773 1002 2820 creatam
1022 2766 1275 2821 essentia;
1291 2766 1506 2820 ratione
1523 2767 1802 2835 pertinere
1817 2782 1998 2837 posse,
2023 2768 2204 2822 omni-

611 2871 796 2925 noque
812 2856 959 2926 quod
975 2856 1046 2911 ad
1062 2856 1349 2926 dignitatis
1365 2857 1636 2917 rationem
1663 2867 1721 2912 ct
1734 2857 2006 2913 honorum
2027 2859 2207 2913 excelv

610 2946 841 3002 lentiam
887 2948 1150 3018 pertinet,
1188 2963 1481 3004 commune
1523 2959 1788 3004 creaturae
1843 2964 1968 3004 cum
1994 2950 2204 3005 factore

612 3045 779 3106 atque
800 3038 1031 3092 Domino
1056 3037 1198 3092 nihil
1221 3044 1324 3092 est.
1347 3037 1762 3093 Meminerimus
1792 3047 1977 3092 autem
2000 3038 2204 3094 dixisse

2308 1845 2646 1916 μυρεψικόνο
2698 1846 2859 1917 ἔργον
2901 1847 3146 1918 μυρεψοῦ
3196 1848 3560 1919 μεμιγμένον,
3623 1844 3851 1919 καθαρὸν,

2305 1936 2466 2007 ἔργον
2499 1937 2673 2007 ἅγιον.
2713 1939 2825 1992 Καὶ
2859 1940 3154 2008 συγκόψεις
3191 1941 3257 1993 ὲκ
3290 1938 3501 1993 τούτων
3531 1939 3750 2003 λεπτῶς,
3776 1939 3853 1993 καὶ

2305 2029 2490 2102 θήσεις
2544 2031 2804 2085 ἀπέναντι
2870 2031 2969 2085 τοῦ
3020 2030 3323 2103 μαρτυρίου
3378 2032 3439 2086 ὲν
3476 2034 3544 2103 τῇ
3585 2033 3744 2103 σκηνῇ
3773 2030 3853 2084 τοῦ

2309 2122 2607 2192 μαρτυρίου
2634 2163 2649 2184 ,
2697 2122 2820 2175 ὅθεν
2855 2122 3242 2193 γνωσθήσομαί
3297 2138 3385 2175 σοι
3439 2121 3669 2176 ἐκεῖθεν.
3698 2121 3855 2189 ’Δγιον

2302 2213 2412 2266 τῶν
2443 2214 2615 2282 ἁγίων
2644 2212 2797 2267 ἔσται
2838 2215 2964 2284 ὑμῖν
2994 2214 3266 2284 θυμίαμα.
3303 2213 3470 2268 Κατὰ
3496 2212 3595 2285 τὴν
3643 2211 3858 2266 σύνθεσιν

2302 2302 2507 2374 ταύτην
2538 2304 2599 2357 οὐ
2630 2305 2986 2377 ποιηθήσεται
3019 2306 3146 2377 ὑμῖν
3163 2306 3403 2369 ἑαυτοῖς.
3443 2304 3711 2375 ’Δγίασμα
3728 2303 3857 2357 ἔσται

2305 2396 2434 2466 ὑμῖν
2464 2395 2673 2467 Κυρίῳ.
2707 2398 2803 2460 Ὃς
2842 2396 2907 2450 ἂν
2936 2398 3137 2468 ποιήσῃ
3176 2396 3467 2461 ὡσαύτως.
3494 2395 3635 2450 ὥστε
3657 2394 3858 2466 ὀσφραίο

2303 2488 2491 2544 νεσθαι
2547 2491 2606 2542 ὲν
2668 2488 2838 2559 αὐτῷ,
2882 2489 3167 2542 ἀπολεῖται
3216 2490 3283 2542 ἐκ
3316 2489 3419 2543 τοῦ
3467 2488 3597 2542 λαοῦ
3636 2487 3805 2541 αὐτοῦ.
3838 2504 3855 2536 ι

2315 2581 2634 2649 ’Υποφαίνει
2678 2580 2736 2633 δὲ
2773 2580 2934 2635 πάλιν
2967 2583 3099 2652 ἡμῖν
3132 2584 3160 2635 ό
3191 2582 3285 2634 ἐπὶ
3331 2580 3477 2651 τῷδε
3508 2580 3681 2649 λόγος,
3711 2579 3783 2632 ὅτι
3806 2576 3863 2630 τὰ

2309 2668 2490 2731 ίδικῶς
2519 2668 2770 2739 ἐξαίρετα
2790 2669 2889 2739 τῆς
2928 2669 3156 2724 ἁπασῶν
3192 2671 3457 2723 ἐπέκεινα
3494 2665 3862 2738 φύσεω;.Μὲτ·

2304 2779 2420 2815 εστι
2454 2761 2551 2832 μὲν
2587 2761 2696 2831 τῶν
2734 2762 3125 2833 πεποιημένων
3162 2763 3340 2815 οὐδενὶ
3386 2760 3681 2826 ούσιωδῶς,
3710 2759 3863 2813 κοινὸν

2303 2852 2361 2907 δὲ
2399 2856 2464 2925 τῇ
2501 2854 2676 2909 κτίσει
2719 2855 3000 2920 παντελῶς
3032 2856 3204 2920 οὐδὲν,
3234 2856 3377 2927 πρὸς
3404 2855 3500 2909 τὸν
3533 2854 3756 2925 ποιητὴν
3789 2851 3868 2906 καὶ

2304 2943 2591 3015 δεσπότην,
2646 2947 2771 3017 τόγε
2834 2942 2970 3019 ἧκον
3023 2949 3106 3011 είς
3160 2948 3317 3012 ἀξίας
3380 2947 3549 3017 λόγον
3598 2945 3691 3000 καὶ
3717 2942 3871 3014 γερῶν

2307 3037 2599 3110 ὑπεροχήν.
2651 3040 3069 3111 Μεμνησόμεθα
3105 3041 3161 3094 δὲ
3193 3041 3287 3093 καὶ
3325 3041 3385 3094 τὸ
3426 3040 3798 3111 θυσιαστήριον
3827 3036 3877 3090 τὺ

609 3141 734 3192 nos,
755 3127 927 3183 altare
946 3143 1200 3195 aureum,
1231 3138 1288 3184 et
1313 3128 1494 3199 ipsum
1525 3128 1822 3200 thymiama
1854 3137 2016 3183 teme
2039 3135 2205 3198 atque

2308 3130 2567 3200 χρυσοῦν,
2601 3131 2695 3184 καὶ
2718 3131 2851 3185 αὐτὸ
2878 3132 2935 3185 δὲ
2964 3132 3025 3185 τὸ
3058 3132 3309 3187 σύνθετον
3345 3132 3456 3186 καὶ
3484 3131 3674 3186 λεπτὸν
3702 3129 3875 3201 θυμία-

613 3220 979 3290 compositum
1007 3218 1291 3275 Christum
1313 3236 1458 3286 esse,
1484 3232 1648 3292 atque
1672 3221 1851 3292 ipsum
1881 3222 2203 3277 Emmanuel

610 3314 774 3369 nobis
801 3323 1037 3384 utroque
1063 3314 1382 3385 signiﬁcari.
1409 3315 1605 3386 igitur,
1638 3316 1683 3371 si
1712 3316 1781 3370 ad
1814 3316 2096 3371 Christum
2117 3331 2206 3372 re-

612 3405 790 3460 fertur
816 3408 1137 3479 thymiama,
1155 3423 1279 3463 cum
1308 3410 1510 3464 mirum
1540 3411 1594 3463 in
1613 3410 1834 3465 modum
1865 3410 2020 3465 suavi
2033 3410 2205 3466 odore

614 3498 709 3565 sit,
724 3514 836 3564 non
862 3499 1127 3557 faciemus
1149 3503 1312 3558 nobis
1330 3502 1626 3574 thymiama
1651 3502 1730 3557 illi
1752 3502 1949 3569 simile;
1972 3518 2098 3558 nam
2122 3502 2204 3557 al-

615 3600 797 3647 terum
813 3600 1011 3661 praeter
1024 3594 1202 3664 ipsum
1219 3596 1549 3667 recipiemus
1566 3595 1863 3660 neminem,
1880 3595 2025 3649 sicut
2043 3594 2208 3648 nimi-

614 3694 740 3735 rum
771 3681 1201 3739 iui‘elicesJudazi
1225 3684 1395 3740 ﬁlium
1422 3686 1750 3755 iniquitatis;
1772 3685 1808 3739 ii
1836 3700 2074 3755 namque
2099 3685 2205 3740 sibi

615 3773 991 3842 composuisse
1013 3774 1504 3845 deprehenduntur
1523 3777 1591 3831 ad
1616 3775 2033 3831 similitudinem
2060 3777 2207 3831 illius

616 3859 831 3913 odorati
852 3870 1015 3930 atque
1036 3863 1223 3917 eximii
1253 3863 1621 3933 thymiamatis
1666 3864 1812 3933 quod
1833 3865 1945 3918 Deo
1966 3872 2023 3918 et
2042 3864 2206 3935 325

618 3949 763 4005 Patri
780 3951 1023 4006 dicatum
1038 3960 1140 4017 est,
1155 3955 1250 4023 qui
1268 3954 1494 4008 odorem
1509 3956 1719 4011 notitia:
1735 3972 1848 4011 sua:
1862 3956 2021 4011 nobis
2034 3957 2208 4010 mani-

615 4040 840 4097 festavit
864 4042 919 4097 in
941 4044 1102 4111 Filio,
1124 4061 1223 4116 per
1242 4062 1407 4116 quem
1431 4063 1531 4102 nos
1558 4064 1777 4117 quoque
1802 4049 1939 4103 bene
1962 4049 2202 4117 olemus;

615 4150 729 4189 non
767 4138 923 4206 quasi
953 4138 1113 4195 nobis
1142 4139 1439 4211 thymiama
1468 4141 1601 4196 illud
1644 4149 1805 4197 tenue
1831 4142 2207 4213 composueri-

618 4240 761 4292 mus,
807 4229 904 4284 sed
948 4236 1211 4302 tanquam
1260 4232 1409 4287 illius
1437 4234 1753 4304 participes,
1786 4249 1911 4289 cum
1952 4244 2007 4289 et
2036 4235 2206 4306 gratia

618 4315 793 4374 sancti
820 4319 1061 4391 Spiritus
1080 4323 1234 4378 uncti
1262 4324 1455 4389 simus,
1480 4332 1536 4379 et
1560 4341 1659 4395 per
1683 4326 2054 4381 Christianam
2078 4342 2209 4381 con-

617 4413 985 4468 versationem
1011 4416 1387 4471 commendari
1412 4418 1752 4473 studeamus.

689 4591 889 4649 PALL.
933 4592 1038 4647 Per
1087 4596 1272 4653 omnia
1302 4597 1469 4667 igitur
1495 4612 1562 4652 ca
1595 4613 1716 4667 qua:
1756 4599 1810 4653 in
1850 4600 2203 4656 tabernaculo

619 4693 799 4750 erant,
837 4683 1045 4759 Christi
1080 4689 1261 4754 nobis,
1294 4696 1355 4743 ut
1389 4689 1627 4755 videtur,
1658 4692 1976 4761 mysterium
2006 4692 2202 4746 adum-

624 4775 839 4831 bratur.

694 4867 851 4923 CYR.
887 4868 1160 4924 Praeterea
1206 4869 1574 4939 admirabere,
1618 4875 1664 4928 si
1704 4875 1966 4931 didiceris
2033 4876 2201 4931 etiam

627 4958 776 5029 ipsos
811 4957 1038 5028 opiﬁces
1068 4957 1406 5014 tabernaculi
1442 4962 1499 5015 in
1536 4979 1593 5018 se
1618 4965 1750 5034 ipsis
1776 4965 1980 5021 Christi
2008 4966 2202 5037 imagi-

625 5065 753 5105 nem
789 5048 1017 5105 referre.

696 5139 894 5196 PALL.
934 5140 1223 5208 Quomodo
1251 5140 1506 5195 tandem?
1532 5158 1658 5197 nam
1692 5144 1837 5200 istud
1862 5148 2085 5218 quidem
2110 5164 2205 5204 cx-

627 5235 871 5305 cogitare
902 5250 1140 5306 nequeo.

696 5321 855 5378 CYR.
898 5324 1176 5397 Scriptum
1204 5333 1291 5381 est
1323 5326 1522 5383 iterum
1553 5344 1565 5381 :
1601 5346 1620 5379 ι
1649 5327 1718 5384 Et
1739 5328 1955 5385 locutus
1983 5341 2069 5387 est
2098 5333 2207 5387 Do—

627 5409 814 5465 minus
850 5413 916 5466 ad
956 5414 1196 5485 Moysen,
1224 5417 1416 5472 dicens
1448 5436 1460 5470 :
1494 5418 1635 5474 Ecce
1670 5416 1858 5472 vocavi
1889 5434 1958 5473 ex
1982 5420 2207 5474 nomine

628 5496 873 5554 Beseleel
907 5501 1078 5557 [ilium
1114 5505 1275 5572 Urize,
1308 5506 1406 5561 ﬁlii
1441 5505 1514 5563 0r
1544 5523 1611 5564 ex
1649 5507 1799 5563 tribu
1836 5508 1996 5575 Juda,
2024 5517 2081 5564 et
2117 5526 2206 5565 re-
2234 5588 2277 5606 Ι

2308 3239 2386 3293 μα
2426 3224 2659 3295 Χριστὸν
2692 3225 2999 3296 εἰρηκότες,
3050 3226 3141 3279 καὶ
3181 3224 3342 3279 αὐτὸν
3371 3227 3522 3297 ἡμῖν
3558 3224 3652 3279 τὸν
3691 3222 3878 3294 Ἐμμα-

2307 3313 2468 3383 νουὴλ
2516 3313 2583 3366 δι’
2625 3314 2829 3384 ἀμφοῖν
2869 3316 3248 3386 σημαίνεσθαι.
3280 3316 3504 3371 Οὐκοῦν
3545 3317 3628 3380 είς
3667 3312 3875 3386 Χριστὸν

2305 3404 2714 3476 ἀναφερομένου
2745 3405 2840 3459 τοῦ
2870 3405 3212 3478 θυμιάματος
3244 3407 3473 3477 (εὐῶδες
3495 3407 3610 3479 γὰρ
3638 3404 3878 3476 ἁσυγκρί-

2304 3495 2460 3566 τως),
2484 3497 2546 3549 οὐ
2581 3498 2884 3569 ποιήσομεν
2919 3499 3130 3562 ἑαυτοῖς
3154 3497 3277 3552 κατ’
3294 3500 3435 3553 αὐτὸ
3450 3500 3517 3571 δὴ
3543 3499 3606 3553 τὺ
3627 3498 3871 3568 θυμίαμα.

2308 3588 2535 3660 Ἕτερον
2568 3590 2678 3660 γὰρ
2726 3591 2813 3643 ἐπ’
2850 3590 2999 3661 αὐτῷ
3051 3591 3330 3655 παντελῶς
3362 3592 3567 3646 οὐδένα
3603 3587 3878 3662 παραδεξὸο

2310 3678 2468 3749 μεθα,
2522 3678 2775 3751 καθάπερ
2803 3681 2994 3751 ἀμέλει
3031 3681 3125 3734 καὶ
3156 3682 3207 3734 οἱ
3243 3682 3483 3747 τάλανες
3521 3682 3777 3742 Ἰουδαῖοι,
3798 3679 3876 3731 τὸν

2305 3771 2405 3840 τῆς
2427 3770 2656 3842 ἀνομίας
2690 3769 2826 3825 υἱόν.
2868 3773 3120 3836 Ἐαυτοῖς
3154 3772 3263 3844 γὰρ
3300 3775 3349 3826 οί
3385 3774 3590 3828 τοιοίδε
3618 3772 3877 3832 συνθέντες

2308 3862 2630 3927 ἁλώσονται,
2655 3864 2747 3917 καὶ
2782 3864 2905 3917 κατ’
2943 3866 3122 3918 ἐκεῖνο
3148 3866 3212 3937 δὴ
3251 3866 3311 3919 τὸ
3334 3866 3542 3930 εὑῶδες
3571 3865 3666 3919 καὶ
3687 3863 3876 3931 ἐξαίρε-

2306 3971 2397 4007 τον
2421 3955 2637 4025 ἀληθῶς
2668 3954 2940 4026 θυμίαμα,
2976 3955 3071 4009 τοῦ
3102 3955 3239 4010 Θεοῦ
3270 3957 3365 4010 καλ⁵
3398 3954 3642 4027 Πατρδς,
3671 3953 3763 4008 τοῦ
3793 3951 3878 4021 τὴν

2311 4040 2411 4115 μὲν
2444 4046 2618 4117 ὀσμὴν
2650 4046 2751 4115 τῆς
2780 4046 3036 4114 γνώσεως
3074 4046 3240 4101 αὐτοῦ
3277 4046 3736 4118 πεφανερωκότος
3763 4043 3879 4113 ἡμῖν

2307 4137 2365 4190 ὲν
2392 4136 2470 4208 τῷ
2507 4138 2642 4209 Υἱῷ,
2673 4139 2740 4190 δι’
2760 4132 2818 4191 οὗ
2846 4137 2937 4191 καί⁵
2962 4140 3121 4209 ἡμεῖς
3150 4135 3540 4208 εὐωδιάζομεν,
3563 4138 3664 4207 οὐχ
3684 4134 3878 4194 ἑαυτοῖς

2310 4230 2598 4294 συνθέντες
2650 4230 2713 4283 τὸ
2765 4231 3017 4301 θυμίαμα
3055 4230 3116 4283 τὸ
3167 4230 3380 4295 λεπτὸν,
3422 4229 3544 4282 ἀλλ’
3578 4228 3656 4290 ὡς
3683 4227 3881 4298 μέτοχοι

2309 4324 2401 4377 τοῦ
2429 4323 2793 4395 θυμιάματος,
2827 4324 2920 4377 καὶ
2963 4325 3028 4394 τῇ
3070 4322 3164 4375 τοῦ
3206 4321 3531 4390 Πνεύματος
3579 4320 3760 4390 χάριτι
3802 4333 3882 4368 κα·

2235 4450 2282 4505 D
2309 4415 2746 4485 τακεχρισμένοι,
2786 4415 2881 4467 καὶ
2913 4414 3001 4467 διὰ
3024 4414 3123 4483 τῆς
3156 4413 3213 4466 ἐν
3241 4410 3467 4482 Χριστῷ
3495 4408 3770 4470 πολιτείας
3806 4405 3883 4458 εύ-

2308 4505 2553 4576 δοκιμεῖν
2592 4506 3000 4570 σπουδάζοντες.

2380 4598 2586 4650 ΠᾹΛΛ.
2607 4596 2704 4650 Διὰ
2724 4596 2923 4660 παντὸς
2939 4589 3054 4660 οὖν,
3073 4595 3147 4658 ὠς
3167 4596 3364 4659 ἔοικεν,
3386 4591 3485 4647 τοῦ
3508 4589 3796 4661 γεγονότος
3811 4588 3883 4647 ἐν,

2306 4693 2373 4761 τῇ
2405 4689 2534 4759 ἀγίξι
2567 4692 2740 4760 σκηνῇ
2764 4729 2777 4753 .
2805 4688 2866 4741 τὸ
2892 4687 2988 4741 τοῦ
3020 4687 3273 4758 Σωτῆρος
3315 4688 3448 4757 ήμῖν
3489 4678 3886 4756 διαμορφοῦται

2313 4786 2626 4852 μυστήριον.

2381 4874 2542 4927 ΚΥΡ.
2582 4875 2691 4927 Καὶ
2725 4874 2862 4944 πρός
2890 4889 2954 4941 γε
2982 4872 3046 4943 δὴ
3069 4871 3244 4943 τούτῳ
3280 4868 3782 4939 καταθαυμόισειας
3806 4863 3885 4926 ἂν,

2310 4970 2358 5021 εί
2385 4968 2575 5038 μάθοις
2604 4968 2684 5019 ὅτι
2711 4967 2806 5019 καὶ
2834 4966 2989 5018 αύτώ¹
3009 4965 3108 5034 τῆς
3136 4964 3295 5032 ἁγίας
3320 4961 3537 5032 σκηνῆς
3575 4962 3628 5015 οἱ
3648 4971 3892 5028 τεχνουρ·

2311 5064 2399 5133 yol.
2422 5061 2655 5132 Χριστὸν
2688 5058 3126 5120 διαπλάττουσιν,
3163 5056 3239 5121 ὡς
3268 5057 3326 5109 ἕν
3348 5072 3411 5125 γε
3445 5054 3646 5124 σφίσιν
3666 5052 3863 5111 αὐτοῖς.

2381 5155 2587 5209 ΠΑΛΛ.
2630 5153 2762 5205 Τίνα
2802 5152 2907 5222 φὴς
2936 5150 3170 5221 τρόπον;
3199 5152 3400 5203 ὲννοεῖν
3425 5147 3543 5218 γὰρ
3575 5146 3683 5200 οὐκ
3707 5143 3830 5214 ἔχω.

2310 5343 2331 5400 ,ι
2376 5328 2541 5382 ΚΥΡ.
2574 5327 2889 5399 Γέγραπται
2934 5328 3044 5400 γὰρ
3073 5324 3140 5381 αὖ
3163 5344 3178 5358 ⁸
3216 5346 3234 5379 ι
3282 5327 3393 5381 Καὶ
3425 5324 3673 5395 ὲλάλησε
3700 5318 3898 5389 Κύρισς

2309 5423 2444 5494 πρὸς
2474 5422 2702 5491 Μωσῆν,
2737 5420 2937 5489 λέγων·
2966 5419 3095 5473 Ἰδοὺ
3123 5418 3507 5487 ἁνακέκλημαι
3547 5414 3611 5480 ἐξ
3642 5413 3898 5481 ὀνόματος

2304 5512 2394 5565 τὸν
2426 5509 2690 5579 Βεσελεὴλ
2709 5509 2801 5564 τὸν
2828 5508 2921 5564 τοῦ
2951 5508 3150 5580 Οὐρίου
3179 5506 3316 5576 υἱόν,
3346 5504 3464 5561 υίοῦ
3521 5505 3634 5574 Ὧρ
3672 5502 3776 5574 τῆς
3808 5515 3898 5569 φυ-

673 5697 718 5730 “
744 5694 937 5750 Matth.
988 5713 1139 5767 χχιιι,
1172 5701 1226 5767 8,
1264 5702 1317 5756 9.
1399 5704 1440 5736 ¹³
1482 5705 1679 5777 Matth.
1719 5722 1811 5774 vn,
1850 5707 1904 5761 6.
1987 5708 2030 5741 “
2062 5709 2233 5765 Exod.
2290 5727 2415 5777 xxx,
2472 5709 2656 5765 54-38.
