4142 6296
348 310 455 366 M9

1024 302 1112 356 DE
1152 297 1592 356 ΑὉΟΠΑΊἹΟΝΕ
1633 297 1700 352 IN
1743 295 1938 353 SPIRI';

2055 293 2145 349 ΕΤ
2185 291 2555 349 YERITATE.
2596 322 2666 332 -—
2706 291 2835 345 LIB.
2866 289 2935 344 Χ.

3498 289 3604 344 650

345 424 451 495 λῆς
499 419 694 485 Ἰούδα,
722 415 816 472 καὶ
841 411 1113 484 ἐνέπλησα
1135 413 1296 468 αὐτὸν
1332 410 1556 483 Πνεῦμα
1576 409 1718 464 θεῖον
1740 410 1932 479 σοφίας

2031 405 2177 477 pleri
2198 421 2325 464 eum
2347 405 2557 479 Spiritu
2580 403 2790 468 divino,
2809 401 3110 473 sapientiae,
3130 409 3187 458 et
3209 400 3604 473 intelligentiae,

351 516 448 569 καὶ
493 512 760 573 συνέσεως
800 507 893 560 καὶ
941 505 1271 576 ἐπιστήμης.
1318 504 1430 558 Καὶ
1472 505 1532 556 ὲν
1578 505 1741 558 παντὶ
1781 502 1929 573 ἔργῳ

350 604 679 662 διανοεῖσθαι
700 600 763 654 τὸ
791 597 1034 670 χρυσίον,
1060 597 1156 650 καὶ
1181 597 1242 650 τὸ
1257 595 1540 669 ἀργύριον,
1565 595 1770 650 καὶτὸν
1798 595 1930 665 χαλ-

351 698 480 763 κὸν,
517 694 613 748 καὶ
660 690 759 762 τὴν
796 687 1068 751 ὑάκινθον,
1110 691 1206 741 καὶ
1251 686 1349 757 τὴν
1385 685 1694 758 πορφύραν,
1726 686 1822 739 καὶ
1867 685 1930 737 τὸ

348 786 602 840 κόκκινον
620 781 683 834 τὸ
700 778 915 851 νηστδν,
941 778 1034 831 καὶ
1053 777 1152 847 τὴν
1177 776 1373 848 βύσσον
1393 777 1492 848 τὴν
1515 776 1927 846 κεκλωσμένην,

247 869 253 874 ’
349 873 448 926 καὶ
473 871 546 925 τὰ
569 868 912 936 λιθουργικᾱ,
939 866 1034 919 καὶ
1054 867 1132 928 είς
1165 865 1235 919 τὰ
1254 865 1389 936 ἔργα
1407 864 1476 918 τὰ
1506 862 1793 918 τεκτονικὰ
1820 864 1929 917 τῶν

352 963 529 1030 ξύλων
552 960 881 1034 ἐργάζεσθαι
915 958 1056 1012 κατὰ
1080 958 1257 1012 πάντα
1288 957 1358 1011 τὰ
1388 956 1544 1028 ἔργα.
1575 956 1685 1011 Καὶ
1708 954 1822 1026 ἆγὼ
1844 956 1930 1010 δέ-

351 1055 506 1110 δωκα
532 1051 714 1114 αὐτὸν,
746 1048 840 1104 καὶ
873 1049 965 1101 τὸν
1006 1047 1191 1101 Ἐλιὰὸ
1219 1047 1313 1101 τοῦ
1356 1047 1650 1120 Ἀχισαμὰ,
1678 1049 1744 1102 ἐκ
1759 1048 1932 1119 φυλῆς

356 1144 486 1210 Δὰν,
512 1144 606 1197 καὶ
636 1140 796 1194 παντὶ
826 1138 1033 1209 συνετῷ
1065 1138 1265 1209 καρδίᾳ.
1320 1139 1530 1193 δέδωκα
1572 1139 1807 1204 σύνεσιν,
1836 1140 1932 1192 καὶ

357 1236 678 1304 ποιήσουσιν
719 1233 897 1287 πάντα
948 1230 1050 1283 ὅσα
1096 1228 1383 1295 συνέταξα.
1436 1249 1455 1281 ι
1497 1230 1690 1302 Ἀθρει
1723 1231 1788 1303 δὴ
1837 1225 1931 1285 οὖν

356 1326 506 1388 ὃπως
533 1323 856 1395 καθηγεῖται
887 1320 988 1392 μὲν
1038 1320 1146 1375 τῶν
1182 1320 1675 1392 τεχνουργημάτων
1699 1325 1728 1377 ὁ
1767 1321 1931 1377 Βεσε-

355 1414 510 1487 λεὴλ,
555 1413 738 1468 Ἐλιὰὸ
763 1414 821 1468 δὲ
844 1411 1156 1485 ἐργάζεται.

431 1508 642 1561 ΠΑΛΛ.
678 1507 742 1560 Τί
775 1503 868 1561 οῦν
896 1507 1054 1561 τοῦτό
1076 1524 1140 1576 γε
1166 1523 1181 1570 ;
1498 1504 1515 1523 ‘
1814 1544 1831 1557 .

431 1598 600 1651 ΚΥΡ.
640 1597 824 1669 Πεύσῃ
861 1596 924 1667 δὴ
966 1593 1092 1650 οῦν⁹
1134 1596 1334 1660 Ἰούδας
1361 1614 1422 1651 τε
1466 1597 1561 1651 καὶ
1603 1598 1731 1663 Δὰν,
1766 1597 1934 1670 ἄμφω

362 1689 465 1760 μὲν
492 1688 552 1754 ἐξ
590 1686 801 1751 Ἰακὼὸ,
836 1688 951 1743 ἀλλ’
986 1690 1014 1741 ὁ
1044 1688 1141 1759 μὲν
1194 1687 1255 1753 ἐξ
1283 1688 1571 1761 ἐλευθέρας
1606 1690 1705 1760 τῆς
1738 1691 1930 1756 Λείας,

2034 508 2092 555 et
2113 499 2375 563 scientia},
2401 497 2470 552 ad
2510 496 2928 567 excogitandum
2961 494 3017 549 in
3046 493 3197 584 omni
3225 508 3412 563 opere,
3439 502 3496 548 et
3525 492 3609 546 fa-

2036 588 2449 645 brcfaciendum
2493 597 2551 644 et
2586 586 2927 658 operandum
2966 600 3184 650 aurum,
3214 592 3271 639 et
3297 590 3610 655 argentum,

2033 687 2091 735 et
2129 693 2224 742 aes,
2257 686 2315 732 et
2350 676 2730 748 hyacinthum,
2764 683 2822 731 et
2870 690 3192 745 purpuram,
3232 681 3288 728 et
3327 673 3614 730 coccinum

2033 778 2246 833 netum,
2279 774 2337 823 et
2376 768 2601 839 byssum
2645 773 2866 829 tortam,
2894 773 2951 823 et
2981 764 3049 820 ad
3080 763 3291 835 lapides
3323 763 3613 819 elaboran-

1996 913 2005 916 Α
2034 859 2156 924 dos,
2180 867 2238 913 et
2271 858 2342 913 ad
2386 859 2663 929 lignorum
2699 871 2867 927 opera
2900 853 3144 918 fabrilia,
3174 853 3243 908 ad
3275 852 3614 924 operandum

2031 952 2186 1022 juxta
2219 951 2404 1005 omnia
2437 963 2626 1019 opera.
2662 948 2733 1003 Et
2760 963 2862 1018 ego
2899 946 3025 1002 dedi
3054 946 3254 1016 ipsum,
3278 954 3336 1000 et
3360 945 3517 1000 Eliab
3548 945 3615 998 ii-

2033 1038 2172 1095 lium
2199 1036 2511 1113 Achisama,
2536 1053 2606 1093 ex
2637 1037 2786 1092 tribu
2817 1038 2965 1103 Dan;
2998 1046 3059 1092 et
3092 1034 3244 1090 omni
3276 1034 3371 1104 qui
3398 1034 3618 1104 sapiens

2033 1134 2121 1184 est
2150 1128 2336 1194 corde,
2367 1128 2497 1183 dedi
2535 1128 2896 1198 sapientiam;
2932 1135 2990 1183 et
3028 1126 3232 1185 facient
3256 1124 3441 1181 omnia
3464 1140 3617 1195 qua:-

2036 1233 2254 1290 cunque
2302 1217 2539 1291 praecepi
2571 1219 2636 1272 ¹⁵.
2680 1237 2701 1289 ρ
2742 1217 3133 1276 Animadverte
3174 1216 3344 1288 igitur
3382 1230 3619 1287 praeesse

2038 1310 2263 1383 quidem
2287 1309 2522 1382 opiﬁciis
2551 1309 2816 1376 Bcseleel,
2840 1310 2998 1366 Eliab
3026 1324 3159 1366 vero
3187 1325 3356 1381 opera
3381 1307 3620 1364 edicere.

1992 1459 2029 1494 τ’
2110 1505 2307 1562 PALL.
2347 1506 2491 1574 Quid
2522 1521 2655 1563 vero
2685 1505 2834 1563 istud
2868 1505 3000 1563 est?

2107 1596 2266 1652 CYR.
2307 1596 2516 1653 Audies
2539 1598 2653 1669 jam
2683 1614 2697 1652 :
2727 1596 2898 1654 Judas
2937 1605 2996 1654 et
3031 1597 3148 1652 Dan
3190 1594 3356 1652 ambo
3397 1586 3637 1679 quidem;

2039 1701 2108 1742 ex
2142 1702 2344 1757 genere
2370 1688 2540 1743 Jacob
2574 1688 2762 1755 fuere;
2796 1689 2893 1744 sed
2935 1688 3028 1743 ille
3067 1686 3291 1758 quidem
3318 1701 3385 1740 ex
3419 1685 3516 1741 Lia
3551 1685 3623 1740 lia

356 1779 389 1831 ὁ
419 1778 476 1831 δὲ
529 1780 594 1831 ὲκ
627 1777 962 1850 θεραπαίνης
987 1779 1085 1849 τῆς
1116 1777 1316 1849 Βάλης.
1352 1779 1535 1842 Tum:
1558 1774 1653 1832 οὖν
1684 1779 1794 1851 ἄρα
1839 1780 1934 1833 καὶ

2033 1777 2165 1832 ben
2200 1785 2525 1848 susceptus,
2552 1778 2645 1833 hic
2669 1795 2737 1833 ex
2762 1779 2960 1834 ancilla
2992 1778 3142 1833 Beia.
3182 1776 3429 1832 Beseleel
3456 1775 3623 1847 igitur

358 1868 600 1940 ἐναργὴς
631 1871 660 1923 ὁ
699 1869 965 1940 Βεσελεὴλ
1022 1867 1118 1923 τοῦ
1161 1869 1461 1940 πεφηνότος
1490 1871 1621 1940 ἡμῖν
1667 1872 1733 1924 ἐκ
1763 1869 1938 1942 φυλῆς

370 1959 546 2014 Ἰούδα
572 1960 633 2012 τὺ
689 1958 833 2013 κατὰ
863 1959 1040 2031 σάρκα
1057 1957 1315 2028 Χριστοῦ,
1348 1957 1446 2011 καὶ
1472 1960 1537 2011 ὲκ
1561 1957 1775 2026 φύσεως
1802 1959 1937 2031 ἀλη-

359 2050 469 2114 θῶς
499 2050 600 2121 τῆς
632 2049 945 2120 ἐλευθέρας,
974 2049 1133 2120 δῆλον
1165 2049 1220 2103 δὲ
1252 2050 1332 2103 ὅτι
1354 2049 1455 2120 τῆς
1479 2048 1628 2112 θείας
1653 2049 1748 2103 καὶ
1772 2051 1939 2121 ὑπερ-

357 2142 547 2213 τάτης.
588 2143 877 2212 Ἐμφήνειε
893 2141 940 2194 δ’
967 2140 1034 2194 ἂν
1064 2135 1124 2195 εὖ
1154 2141 1297 2212 μάλα
1317 2142 1411 2195 καὶ
1453 2141 1640 2195 Ἐλιὰϐ
1696 2142 1843 2209 τοὺς,
1862 2142 1938 2207 ὡς

358 2235 424 2287 ἐκ
445 2233 638 2303 δούλης
696 2233 797 2301 τῆς
835 2233 1209 2304 Ἰερουσαλὴμ,
1258 2232 1480 2304 Χριστῷ
1533 2234 1940 2305 συνεργασαμέ-

357 2341 483 2389 νους
511 2323 842 2387 ἀποστόλους
892 2325 986 2378 καὶ
1020 2323 1441 2393 είισιγγελισειτιὶις⁸
1479 2325 1613 2380 Θεοῦ
1636 2326 1744 2398 γὰρ
1785 2328 1940 2396 γεγό-

356 2434 483 2472 νασι
500 2416 750 2487 συνεργώ⁹
776 2416 846 2469 τὰ
862 2418 941 2479 είς
958 2416 1216 2470 σύστασιν
1232 2415 1343 2469 τῶν
1394 2417 1563 2486 ἁγίων
1598 2418 1938 2489 Ἐκκλησιῶν

362 2507 648 2579 μονονουχὶ
673 2507 928 2561 πονοῦντι
951 2508 1048 2560 καὶ
1063 2508 1407 2579 τεχνωμένῳ.
1422 2508 1781 2580 Συνεκὸμιζον
1797 2510 1854 2564 δὲ
1870 2511 1941 2564 τὰ

362 2596 428 2662 ἐξ
458 2597 665 2660 οἰκείας
692 2597 926 2668 σπουδῆς
952 2597 1049 2651 καὶ
1072 2597 1375 2661 ἐπιεικείας
1407 2599 1488 2661 εἷς
1515 2598 1583 2653 τά
1606 2601 1708 2671 τῆς
1736 2601 1939 2671 σκηνῆς

365 2688 506 2760 ἔργα
531 2688 728 2752 πάντες
756 2690 806 2741 οί
827 2688 1038 2742 συνετοὶ
1064 2691 1128 2760 τῇ
1163 2690 1381 2761 καρδίᾳ,
1411 2688 1520 2744 τῶν
1541 2690 1686 2745 κατὰ
1713 2693 1940 2764 καιροὺς

363 2779 696 2834 διδασκάλων
730 2779 1178 2850 ἀποπληροῦντες
1225 2781 1439 2844 εἰκόνας
1458 2820 1473 2846 ,
1507 2776 1590 2844 οἷς
1627 2783 1687 2835 ὲν
1732 2783 1936 2854 σπουδῇ

365 2870 461 2924 καὶ
486 2869 721 2941 φροντίδι
745 2869 808 2923 τὺ
840 2868 1167 2941 ἐργάζεσθαι
1206 2870 1274 2925 τὰ
1296 2868 1391 2925 τοῦ
1422 2871 1579 2939 Θεοῦ,
1608 2874 1703 2927 καὶ
1730 2874 1939 2945 ὅσαπερ

363 2958 432 3016 ἂν
459 2960 638 3033 τελοίη
665 2961 802 3032 πρὸς
825 2960 1017 3033 δνησιν
1044 2962 1143 3036 τῆς
1180 2961 1509 3035 Ἐκκλησίας
1534 2965 1794 3037 Χριστοῦ.

436 3200 480 3234 ⁸⁸
518 3200 693 3261 Exod.
721 3218 868 3270 χχιι,
898 3205 1015 3262 1-6.

2035 1866 2212 1939 figura
2249 1876 2336 1923 est
2376 1869 2608 1924 evidens
2644 1868 2873 1934 Christi,
2898 1869 2996 1940 qui
3047 1868 3352 1925 secundum
3398 1883 3619 1927 carnem

2035 1975 2105 2016 ex
2135 1959 2288 2015 tribu
2310 1956 2726 2025 Juda'exstitit,
2747 1968 2914 2030 atque
2934 1976 2999 2015 ex
3029 1967 3228 2016 natura
3253 1974 3386 2016 vere
3422 1956 3620 2025 libera,

2036 2048 2300 2103 nimirum
2342 2048 2531 2105 divina
2566 2049 2659 2104 illa
2689 2058 2858 2120 atque
2896 2064 3175 2120 suprema.
3209 2048 3369 2105 Eliab
3401 2064 3622 2121 quoque

2038 2139 2261 2195 illorum
2285 2138 2511 2210 ﬁguram
2540 2141 2746 2211 optime
2775 2155 2889 2211 pra:
2925 2154 2984 2196 se
3025 2139 3155 2205 fert,
3193 2140 3288 2210 qui
3310 2154 3378 2195 ex
3401 2140 3622 2198 Jerusa-

2037 2231 2145 2287 lem
2183 2231 2382 2289 ancilla
2417 2231 2556 2297 nati,
2590 2230 2812 2287 Christo
2846 2232 3127 2302 eooperati
3154 2239 3311 2298 sunt,
3344 2233 3624 2304 apostolos

2039 2321 2166 2376 dico
2203 2329 2261 2377 et
2301 2322 2702 2392 evangelistas;
2735 2321 2836 2377 Dei
2872 2322 3020 2377 enim
3064 2331 3452 2393 cooperatores
3497 2323 3622 2379 fue-

2039 2422 2189 2474 runt.
2224 2412 2282 2468 in
2309 2412 2710 2469 constituendis
2736 2412 3000 2468 Ecelesiis
3028 2414 3425 2484 propemodum
3465 2415 3621 2470 labo-

2039 2505 2213 2560 rantis
2264 2511 2433 2573 atque
2470 2518 2692 2573 operam
2733 2502 2936 2560 dantis.
2960 2503 3335 2561 Conferebant
3359 2507 3525 2562 etiam
3553 2524 3623 2564 ex

2039 2596 2224 2652 studio
2254 2610 2321 2650 ac
2349 2594 2624 2665 probitate
2658 2609 2855 2665 operas
2887 2594 2959 2650 ad
2996 2595 3415 2652 tabernaculum
3446 2598 3621 2654 conii-

2039 2688 2297 2745 ciendum
2341 2688 2507 2759 326
2548 2703 2761 2749 omnes.
2802 2690 2899 2760 qui
2939 2698 3101 2745 erant
3120 2691 3398 2761 sapientes
3430 2692 3618 2758 corde,

2040 2779 2327 2836 doctorum
2355 2778 2647 2850 imaginem
2676 2788 2944 2845 tenentes,
2969 2783 3065 2852 qui
3090 2797 3193 2837 suo
3213 2784 3449 2855 quisque
3481 2791 3621 2840 tem-

2040 2879 2176 2942 pore
2221 2869 2394 2926 futuri
2440 2878 2618 2936 erant,
2663 2871 2872 2942 quique
2915 2871 2985 2927 ad
3021 2873 3119 2929 Dei
3156 2888 3342 2945 Opera,
3375 2883 3431 2932 et
3466 2892 3621 2948 quie-

1936 2975 1941 2980 ‘
2002 3018 2005 3021 γ
2040 2976 2260 3032 cunque
2305 2960 2376 3016 ad
2421 2961 2717 3019 utilitatem
2761 2962 2968 3020 Christi
3014 2964 3275 3022 Ecclesiae
3321 2968 3619 3038 pertinent.

2043 3052 2332 3113 cﬁicienda
2358 3053 2507 3109 omni
2538 3054 2984 3127 studiogcuraque
3012 3056 3361 3114 incumbunt.

947 3589 1345 3720 ΠΕΡΙ
1418 3591 1758 3719 ΤΗΣ
1857 3593 2066 3717 ΕΝ
2160 3584 3041 3723 ΠΝΕΥΜΑΤΙ

1616 3838 1814 3924 ΚΑΙ
1883 3833 2382 3928 ΑΛΗΘΕΙΑ

629 3984 2029 4148 ΠΡΟΣΚΥΝΗΣΕΩΣ
2140 4032 2439 4144 ΚΑΙ
2533 4024 3375 4146 ΛΑΤΡΕΙΑΣ

1527 4248 1892 4337 ΛΟΓΟΣ
1969 4246 2104 4335 ΔΕ
2116 4246 2478 4338 [(ΑΤΟΣ

465 4601 648 4715 DE
746 4600 1671 4720 ADORATIONE
1789 4606 1969 4716 ET
2105 4604 2596 4723 CULTU
2692 4603 2842 4718 IN
2954 4599 3529 4755 SPIRITU

1574 4825 1742 4947 ΕΤ
1799 4826 2463 4949 VERITATE

1492 5076 1854 5169 LIBER
1956 5074 2518 5167 DECIMUS.

370 5439 521 5510 Περὶ
546 5438 666 5494 τῶν
691 5437 887 5493 αὐτῶν
914 5439 1019 5500 ἐτι,
1047 5437 1149 5490 καὶ
1179 5436 1312 5507 περὶ
1342 5439 1461 5494 τῶν
1478 5441 1548 5496 ἐν
1569 5444 1704 5513 ἁγίᾳ
1727 5448 1950 5514 σθῑηνῆ.
1981 5452 2023 5510 C

484 5551 603 5622 Αρά
630 5568 712 5604 σοι
742 5549 934 5620 σαφὴς,
962 5543 1006 5602 ὦ
1027 5546 1308 5608 Παλλάδιε,
1335 5550 1426 5603 καὶ
1450 5551 1703 5624 ἀποχρῶν
1719 5557 1747 5608 ὁ
1769 5557 1947 5625 λόγος,

381 5647 447 5699 ὃν
478 5643 572 5698 ἐπὶ
597 5646 659 5714 τῇ
692 5642 824 5710 ἁγίᾳ
860 5644 1030 5711 σκηνῇ
1061 5640 1155 5693 καὶ
1189 5638 1296 5692 τῶν
1323 5641 1381 5693 ὲν
1413 5642 1548 5713 αὑτῇ
1573 5648 1948 5717 πεποιήμεθα;

705 5830 973 5888 Parnm“
1022 5833 1137 5889 GR.
1185 5828 1443 5894 LXVIII.

2123 5446 2312 5517 3327
2335 5446 2412 5501 De
2454 5446 2519 5500 iis
2542 5445 2735 5499 iterum
2764 5454 2883 5511 qua
2903 5447 3056 5495 erant
3090 5441 3146 5493 in
3174 5439 3540 5496 tabernaculo.

2126 5557 2267 5611 Num
2302 5557 2467 5627 igitur
2491 5551 2781 5625 perspicua
2812 5550 2932 5617 tibi,
2960 5546 3187 5619 Palladi,
3217 5567 3280 5609 ac
3314 5552 3449 5610 satis
3475 5552 3633 5628 plena

2058 5651 2278 5705 videtur
2324 5649 2521 5714 oratio,
2582 5662 2746 5718 quam
2797 5646 2865 5700 de
2916 5646 3288 5711 tabernaculo,
3324 5655 3379 5701 et
3413 5646 3478 5700 iis
3514 5657 3636 5715 quae

2062 5740 2116 5792 in
2136 5740 2229 5793 illo
2256 5747 2432 5803 erant,
2461 5736 2791 5792 habuimus?

3209 5830 3277 5890 ‘21
