4142 6296
644 298 742 353 αιι

1664 292 1719 345 S.
1760 288 2035 345 CYRILLI
2075 287 2544 344 ALEXANDRINI
2585 286 2902 342 ARCHIEP.

3792 291 3887 347 652

711 408 915 465 ‘P‘ALL.
967 405 1268 477 'PerSpicua
1315 405 1406 461 illa
1458 421 1589 462 sane
1634 406 1895 476 quidem,
1942 405 2042 461 sed
2082 415 2216 461 ρει-ι(

2405 401 2616 455 ΠΑΛΛ.
2678 402 2861 472 Σαφὴς
2930 399 3027 470 μὲν
3085 392 3144 452 εὖ
3201 398 3384 470 μάλα,
3439 399 3578 470 πλὴν
3644 400 3885 475 ἀποχρῶν

648 506 797 561 haud
824 504 958 559 satis
982 504 1163 574 plena,

712 596 869 651 CYR.
906 594 1163 651 Placetne
1190 595 1358 666 igitur
1397 601 1461 646 ut
1488 592 1553 647 ad
1593 592 1647 647 id
1688 605 1882 645 rursus
1914 590 2220 656 redeamus,

646 685 794 756 quod
831 684 930 740 tibi
968 684 1023 739 in
1061 685 1150 752 iis,
1179 701 1301 756 quae
1331 684 1400 739 de
1434 683 1788 739 tabernaculo
1819 690 2037 737 narrata
2072 692 2221 748 sunt,

646 777 838 830 deesse
866 774 1120 829 videtur?
1153 790 1279 829 nam
1323 774 1576 840 fortasse,
1602 772 1706 828 nisi
1741 772 1923 839 fallor,
1947 771 2225 827 existimas

645 882 766 921 eam
803 864 1072 921 orationis
1104 873 1317 936 partem
1351 876 1475 921 esse
1507 864 1939 936 adiungendam,
1966 878 2073 933 qua
2105 863 2222 932 pla-

646 972 780 1012 num
823 955 920 1011 ﬁat
975 954 1253 1025 quomodo
1295 954 1433 1009 illud
1479 962 1727 1009 erectum
1772 954 1876 1019 sit;
1915 968 2025 1023 quo
2059 953 2223 1007 etiam

649 1058 915 1117 tempore,
938 1060 1113 1116 quave
1152 1045 1385 1111 ratione,
1411 1060 1531 1115 qua:
1566 1044 1623 1099 in
1669 1044 1764 1098 illo
1794 1050 1973 1108 erant,
1998 1057 2223 1112 compo-

646 1138 753 1192 sita
808 1136 960 1203 sint;
997 1134 1065 1189 de
1104 1134 1589 1205 justiﬁcationibus
1621 1134 1786 1188 etiam
1825 1148 1890 1188 ac
1930 1132 2144 1202 legibus
2169 1141 2225 1187 et

648 1226 905 1281 enczeniis
940 1232 998 1279 et
1033 1223 1487 1289 sanctiﬁcatione,
1526 1238 1591 1278 ac
1626 1224 1865 1293 denique
1902 1222 1970 1277 de
2002 1222 2225 1292 iudiciis

647 1332 769 1373 esse
790 1315 1043 1371 nonnihil
1070 1313 1385 1369 dicendum.

714 1405 911 1462 PALL.
954 1404 1126 1474 Igitur
1169 1403 1353 1459 denuo
1396 1402 1465 1459 de
1511 1403 1742 1475 singulis
1780 1403 1987 1459 dissere
2021 1403 2226 1474 :328

648 1507 797 1554 recte
820 1497 967 1552 enim
998 1496 1226 1566 cogitas.

714 1589 874 1645 CYR.
915 1586 1029 1657 Ego
1063 1601 1198 1641 vero
1246 1584 1446 1641 dicam.
1490 1584 1595 1641 Sed
1633 1595 1684 1642 te
1718 1585 1789 1641 ad
1830 1585 2222 1657 ignoscendum

2326 494 2526 564 ἣκιστά
2549 508 2633 561 γε.

2398 584 2562 641 ΚΥΡ,
2598 582 2784 635 Βούλει
2807 580 2871 651 δὴ
2892 576 2985 635 οὖν
3009 582 3096 634 ἐπ’
3123 583 3299 635 ἐκεῖνο
3328 581 3491 635 πάλιν
3518 582 3886 656 προθυμότατα

2324 674 2738 745 διαστείχωμεν,
2774 672 2802 725 ὂ
2832 676 2946 736 τοῖς
2986 672 3071 727 ἐπ’
3114 673 3250 743 αὐτῇ
3292 673 3627 744 διηγήμασιν
3667 675 3885 733 ἐλλελοι-

2326 766 2487 820 πέναι
2519 765 2702 831 δοκεῖς
2728 763 2831 818 οἴει
2859 764 2970 835 γάρ
3006 780 3132 827 που,
3166 764 3311 817 κατὰ
3334 762 3400 817 τὸ
3449 764 3619 830 εἰκὸς,
3660 783 3887 839 προσοπ.

2327 860 2557 929 άγεσθαι
2599 859 2709 913 δεῖν
2740 859 2832 912 τὸν
2867 858 3231 929 σαφηνιοῦντα
3260 857 3438 926 λόγον,
3481 860 3604 912 τίνα
3645 860 3743 931 μὲν
3770 866 3888 932 ἡμῖν

2326 951 2626 1020 ἐγήγερται
2667 948 2891 1020 τρόπον,
2923 947 3127 1018 πηνίκα
3159 949 3216 1002 δέ
3247 950 3343 1002 καὶ
3394 949 3542 1012 ὅπως
3574 948 3643 1002 τὰ
3679 951 3734 1002 ἐν
3761 951 3886 1023 αὐτῇ

2327 1039 2667 1093 συντέθειται
2696 1036 3047 1109 δικαιώματά
3073 1054 3132 1092 τε
3166 1040 3263 1092 καὶ
3298 1040 3481 1110 νόμοι,
3534 1040 3630 1093 καὶ
3661 1040 3887 1109 ἐγκαινι-

2327 1130 2464 1201 σμὸς
2492 1129 2585 1185 καὶ
2613 1130 2879 1200 ἁγιασμὸς
2918 1129 3015 1182 καὶ
3041 1129 3238 1198 κρίσις.

2397 1394 2599 1448 ΠΑΛΛ.
2631 1393 2807 1465 Φράζε
2838 1392 2900 1466 δὴ
2920 1390 3013 1446 οὖν
3034 1393 3101 1447 τὰ
3127 1392 3213 1463 ἐφ’
3236 1394 3450 1464 ἐκάστῳ
3479 1394 3643 1449 πάλιν
3668 1409 3680 1422 ·
3721 1394 3887 1469 διανοῇ

2329 1486 2437 1557 γὰρ
2461 1483 2658 1556 ὀρθῶς.

2396 1576 2562 1630 ΚΥΡ.
2597 1573 2810 1629 Οὐκοῦν
2868 1574 2979 1647 ἐρῶ
3010 1575 3109 1646 μὲν
3130 1575 3260 1644 ἐγώ.
3289 1576 3361 1629 Σὺ
3385 1575 3442 1629 δέ
3466 1571 3530 1629 αὖ
3569 1575 3893 1648 συγγνώμων

640 1679 861 1735 Ll‘acilem
890 1692 1010 1734 esse
1041 1678 1228 1744 velim,
1255 1677 1391 1733 illud
1431 1678 1781 1749 cogitantem,
1810 1692 2080 1732 summam
2104 1692 2216 1733 esse

2327 1669 2419 1723 ἔσο
2448 1708 2465 1734 ,
2504 1668 2605 1738 τὴν
2638 1668 2872 1722 εἰσάπαν
2904 1660 3226 1747 δυσχέρειαν
3265 1668 3375 1722 τῶν
3412 1668 3785 1740 θεωρημάτων
3815 1672 3891 1723 ἐν·

647 1784 835 1826 rerum
870 1769 938 1824 ad
977 1769 1458 1841 contemplandum
1491 1770 1896 1841 propositarum
1935 1766 2216 1824 difﬁculta-

2327 1760 2619 1832 νενοηκὼς,
2649 1759 2753 1814 κᾶν
2784 1759 2939 1814 εἵπου
2965 1777 3019 1813 τι
3071 1760 3282 1832 λέγοιμι
3305 1761 3466 1832 τυχὸν
3488 1762 3596 1815 τῶν
3625 1763 3893 1833 ἀκριϐείας

640 1872 801 1917 tem':
830 1876 913 1927 ac,
941 1862 988 1917 si
1026 1861 1158 1932 quid
1197 1862 1429 1918 fortasse
1468 1862 1680 1928 dixero,
1709 1861 1856 1932 quod
1887 1877 1920 1916 a
1944 1869 2097 1917 certa
2136 1876 2227 1915 ra-

643 1955 797 2010 tione
830 1954 1072 2019 aberret,
1094 1961 1151 2009 et
1181 1969 1212 2009 a
1243 1963 1395 2010 recta
1416 1968 1657 2024 veraque
1684 1953 2025 2024 expositione
2048 1952 2226 2008 disce-

2329 1855 2755 1927 ἡμαρτηκότων,
2795 1854 2892 1907 καὶ
2935 1853 3093 1923 λόγου
3125 1854 3220 1908 τοῦ
3263 1853 3474 1919 δέοντος
3512 1855 3891 1924 ἐκπεφοιτηκό-

2328 1962 2461 2010 των,
2506 1944 2849 2016 μετάπλαττε
2896 1943 2990 1996 καὶ
3031 1943 3365 2015 μεθάρμοζε.
3403 1944 3763 2016 Συλλήπτορα
3798 1947 3892 2017 γάρ

528 3190 533 3197 .
639 3138 856 3209 Moyses
896 3136 1316 3192 tabernaculum
1347 3138 1409 3191 ’⁷.
1444 3138 1472 3189 ἰ
1513 3138 1772 3193 Erectum
1808 3148 1895 3195 est
1932 3139 2100 3211 igitur
2132 3155 2228 3195 ve-

646 2046 761 2112 dat,
787 2045 1021 2101 emenda
1042 2054 1098 2101 et
1118 2045 1331 2116 corrige
1362 2062 1374 2098 :
1402 2051 1457 2100 te
1483 2045 1630 2100 enim
1661 2045 1872 2101 socium
1896 2044 2216 2117 adjutorem-

2330 2052 2388 2089 σε
2421 2036 2515 2090 καὶ
2546 2034 2759 2107 ἀρωγὸν
2787 2033 2895 2088 τῶν
2925 2033 3163 2105 ἐμαυτοῦ
3204 2035 3503 2107 ποιήσομαι
3537 2035 3743 2104 λόγων.

645 2151 754 2206 que
783 2151 919 2191 mete
942 2133 1211 2190 orationis
1237 2133 1534 2189 adhibebo.

2397 2129 2607 2186 ΠΑΛΛ.
2647 2128 2750 2183 Ἴθι
2773 2126 2892 2198 Θεῷ
2919 2127 3167 2191 πίσυνος.

715 2227 915 2283 PALL.
949 2228 1141 2299 Perge,
1173 2227 1270 2282 Dei
1300 2227 1508 2282 auxilio
1537 2226 1727 2283 fretus.

2397 2222 2560 2276 ΚῩΡ.
2610 2220 3161 2292 Συμπεπερασμένων
3210 2220 3275 2293 δὴ
3330 2214 3423 2275 οῦν
3479 2218 3538 2276 εὖ
3594 2221 3755 2291 μάλα
3807 2220 3902 2276 τῶν

712 2320 871 2376 CYR.
910 2318 1212 2389 Completis
1259 2319 1428 2390 igitur
1469 2319 1732 2390 operibus
1774 2319 2135 2383 tabernaculi,
2171 2326 2216 2373 el

2326 2316 2503 2387 ἔργων
2532 2314 2632 2385 τῆς
2658 2315 2820 2384 ἁγίας
2852 2313 3079 2385 σκηνῆς,
3110 2313 3206 2367 καὶ
3237 2314 3343 2385 μὴν
3397 2314 3493 2368 καὶ
3533 2314 3778 2369 ἑκάστου
3809 2313 3901 2367 τῶν

642 2410 893 2482 singulis,
916 2425 1037 2481 qum
1058 2410 1114 2465 in
1141 2424 1209 2465 eo
1234 2411 1677 2475 continebantur,
1703 2411 1771 2465 ad
1798 2410 1946 2466 illius
1978 2410 2216 2481 pulchri-

2328 2406 2385 2458 ὲν
2425 2404 2563 2475 αὐτῇ
2597 2402 2777 2473 σοφῶς
2819 2402 2915 2458 καὶ
2977 2402 3243 2473 εὐτέχνως
3280 2404 3745 2476 ἐκπεποιημένων
3783 2404 3902 2475 πρός

643 2496 853 2553 tudinis
897 2498 954 2553 in
1000 2508 1189 2553 monte
1236 2497 1626 2553 demonstrata:
1672 2497 2092 2553 similitudinem
2141 2512 2216 2552 sa-

2325 2513 2390 2564 γε
2441 2494 2503 2549 τὸ
2566 2495 2924 2567 παραὰιχθέν
2977 2496 3036 2550 ἐν
3093 2496 3172 2568 τῷ
3222 2495 3339 2569 όρει
3391 2498 3588 2562 κάλλος
3610 2538 3626 2564 ,
3674 2498 3901 2567 ἐλάλησε

640 2590 859 2660 pienter
890 2596 948 2645 et
984 2588 1280 2645 artiﬁciose
1315 2589 1494 2654 factis,
1522 2588 1743 2642 locutus
1764 2597 1849 2643 est
1871 2588 2134 2643 Dominus
2157 2587 2216 2641 ad

2327 2585 2530 2656 Κύριος
2559 2586 2698 2657 πρὸς
2730 2585 2965 2657 Μωσῆν,
3002 2585 3197 2656 λέγων,
3239 2605 3259 2639 ι
3307 2585 3397 2641 Ἐν
3435 2587 3622 2661 ἡμέρᾳ
3659 2591 3772 2660 μιᾷ
3809 2606 3902 2660 μη-

640 2682 885 2753 Moysen,
914 2680 1107 2735 dicens
1140 2698 1153 2732 :
1188 2699 1206 2730 ι
1238 2680 1296 2733 In
1328 2679 1420 2734 die
1457 2694 1564 2734 una
1590 2678 1798 2734 mensis
1822 2679 1986 2747 primi
2011 2677 2216 2732 novilu-

2326 2676 2414 2741 νὸς
2440 2674 2533 2729 τοῦ
2560 2674 2775 2746 πρώτου
2800 2715 2816 2741 ,
2860 2678 3143 2750 νεομηνίᾳ,
3192 2680 3411 2751 στήσεις
3437 2680 3537 2751 τὴν
3578 2682 3798 2752 σκηνὴν
3820 2679 3903 2733 τοῦ

635 2773 737 2827 nio
757 2773 934 2843 eriges
958 2770 1374 2827 tabernaculum
1401 2769 1703 2825 testimonii
1728 2770 1792 2822 ".
1826 2787 1844 2820 ι
1880 2769 1949 2824 Ει
1970 2776 2095 2839 post
2121 2767 2216 2824 alia

2329 2767 2653 2841 μαρτυρίου.
2712 2785 2731 2819 ι
2756 2767 2868 2823 Καὶ
2912 2768 3029 2839 μεθ’
3053 2768 3218 2840 ἔτερα
3242 2768 3430 2824 πάλιν·
3466 2786 3488 2820 ι
3522 2771 3633 2824 Kal.
3654 2772 3685 2823 ἐ
3701 2771 3902 2840 γένετο,

640 2878 834 2921 rursus
860 2880 872 2916 :
909 2881 928 2914 ι
952 2863 1021 2917 Et
1042 2862 1247 2917 factum
1270 2869 1375 2927 est,
1400 2881 1417 2913 ι
1449 2862 1649 2932 inquit,
1682 2881 1701 2914 ι
1729 2861 1786 2917 in
1809 2875 1998 2918 mense
2021 2861 2216 2934 primo,

2325 2862 2512 2932 φησιν,
2573 2862 2631 2915 ἐν
2671 2859 2747 2932 τῷ
2802 2860 2934 2930 μηνὶ
2992 2858 3072 2931 τῷ
3119 2859 3350 2933 πρώτῳ,
3400 2861 3481 2933 τῷ
3524 2862 3776 2934 δευτέρῳ
3804 2861 3903 2915 ἔτει

634 2952 889 3009 secundo
928 2968 1093 3018 anno,
1118 2961 1472 3023 posteaquam
1500 2954 1709 3025 egressi
1734 2961 1950 3010 suntex
1967 2954 2216 3027 Egypto,

2325 2953 2771 3026 ἐκπορευομένων
2793 2952 2971 3008 αὐτῶν
2998 2951 3059 3017 ἐξ
3074 2952 3350 3023 Αἰγύπτου
3366 2953 3674 3025 νεομηνίας,
3718 2952 3902 3023 ἐστάθη

640 3044 926 3099 novilunio
980 3053 1228 3099 erectum
1281 3053 1368 3099 est
1428 3045 1847 3102 tabernaculum
1890 3063 1905 3101 :
1954 3056 2011 3104 et
2047 3047 2216 3103 erein

2326 3047 2361 3117 ἡ
2392 3046 2589 3118 σκηνὴ.
2613 3046 2710 3099 καὶ
2733 3044 2929 3117 ἔστησε
2954 3047 3160 3117 Μωσῆς
3188 3044 3287 3117 τὴν
3319 3046 3546 3117 σκηνήν.
3579 3063 3598 3097 ›
3643 3046 3903 3119 Ἐγήγερ-

2331 3156 2424 3191 ται
2461 3138 2559 3209 μὲν
2588 3133 2680 3192 οὖν
2706 3179 2720 3204 ,
2753 3137 2896 3193 κατὰ
2928 3139 2991 3193 τὸ
3028 3137 3147 3209 Θεῷ
3175 3136 3389 3203 δοκοῦν,
3421 3138 3455 3209 ἡ
3486 3137 3709 3208 ἀρχαία
3744 3138 3900 3209 σκηνὴ

636 3241 730 3285 tus
761 3230 897 3285 illud
937 3229 1354 3285 tabernaculum
1394 3230 1492 3285 Dei
1526 3231 1831 3296 voluntate,
1862 3232 2007 3301 quod
2040 3232 2227 3287 Eccle-

636 3322 732 3376 siae
771 3336 894 3390 qua:
938 3319 994 3373 in
1034 3319 1256 3375 Christo
1298 3319 1648 3390 intelligitur,
1690 3321 1746 3374 in
1786 3322 1968 3390 seipso
2025 3322 2227 3392 ﬁguras

637 3412 845 3481 optime
888 3410 1197 3481 praeferret.
1248 3408 1356 3465 Sed
1403 3410 1861 3480 pervestigemus,
1897 3411 1943 3466 si
1983 3411 2222 3476 videtur,

635 3503 839 3571 quibus
866 3501 934 3555 de
965 3500 1148 3555 causis
1172 3516 1271 3570 per
1294 3500 1515 3571 Moysen
1544 3502 1730 3571 potius
1759 3512 2006 3557 erectum
2032 3503 2121 3558 sit.
2147 3503 2225 3558 Ac

636 3594 705 3648 de
727 3593 856 3649 Jesu
883 3592 995 3647 ﬁlio
1029 3592 1174 3647 Nave
1201 3591 1270 3647 ad
1298 3608 1541 3663 praesens
1569 3593 1818 3659 sileatur,
1850 3595 2103 3664 quamvis
2133 3595 2223 3650 ille

635 3702 855 3757 semper
894 3686 1057 3741 beato
1084 3686 1250 3757 Moysi
1287 3694 1488 3756 praesto
1513 3686 1701 3752 fuerit,
1728 3694 1785 3742 et
1826 3704 1934 3741 una
1972 3688 2027 3741 in
2061 3702 2221 3741 mon-

634 3791 745 3835 tem
777 3779 906 3834 Sina
928 3778 1333 3844 conscenderit,
1366 3786 1423 3835 et
1452 3778 1522 3833 ab
1551 3779 1732 3851 Moyse
1779 3780 1994 3849 iussum
2016 3779 2221 3833 bellum

632 3870 887 3941 gesserit,
917 3878 974 3925 et
1001 3886 1126 3925 eum
1158 3870 1381 3925 Amalec
1414 3870 1569 3940 signa
1605 3870 1920 3925 contulerit.
1957 3870 2048 3926 Sic
2073 3871 2221 3923 enim

633 3961 714 4017 illi
741 3961 877 4018 dixit
904 3981 918 4018 :
958 3982 975 4013 ι
1004 3962 1156 4033 Elige
1181 3960 1280 4015 tibi
1303 3961 1454 4015 viros
1476 3960 1668 4025 fortes,
1689 3970 1745 4016 et
1765 3977 2021 4032 egressus
2038 3975 2220 4031 pugna

629 4064 757 4105 cum
796 4050 1018 4105 Amalec
1048 4065 1171 4105 cras
1197 4049 1259 4102 ³⁸.
1294 4068 1313 4101 ι
1347 4048 1415 4102 Et
1435 4063 1761 4119 congressus
1801 4058 1907 4111 est,
1965 4064 2030 4103 ac
2060 4047 2213 4102 vicit.

627 4143 890 4210 Quaenam
919 4144 992 4197 sit
1018 4143 1186 4213 igitur
1211 4142 1376 4213 hujus
1405 4141 1483 4195 rei
1520 4141 1682 4207 ratio,
1710 4156 1893 4197 nonne
1919 4141 2215 4212 exquiren-

628 4237 761 4291 dum
790 4236 987 4307 putas?

697 4330 897 4385 PALL.
937 4328 1169 4382 Maxime
1202 4342 1354 4383 vero.
1444 4380 1451 4385 .

2330 3231 2431 3301 τῆς
2452 3231 2509 3283 ἐν
2534 3229 2756 3301 Χριστῷ
2776 3230 3070 3302 νοουμένης
3103 3228 3449 3300 Ἑκκλησίας,
3472 3231 3555 3300 ἐφ’
3572 3233 3669 3285 ἐαυ
3686 3236 3753 3305 τῇ
3790 3233 3902 3295 τοὺς

2325 3325 2531 3386 τύπους
2558 3319 2618 3377 τῦ
2650 3323 2798 3395 μάλα
2841 3322 3385 3395 προσαναφαίνουσα.
3421 3318 3897 3397 Πολυπραγμονῶ-

2329 3433 2428 3487 μεν
2458 3415 2535 3481 δὲ,
2569 3415 2617 3469 εί
2648 3415 2813 3482 δοκεῖ,
2845 3414 2943 3479 τὰς
2970 3414 3150 3478 αίτίας
3172 3412 3266 3467 τοῦ
3291 3414 3376 3469 διὰ
3405 3415 3651 3481 Μωσέως
3680 3416 3896 3488 ἐγηγέρ-

2327 3508 2415 3562 θαι
2452 3506 2651 3578 μᾶλλον
2679 3507 2848 3579 αὐτὴν
2868 3548 2883 3575 ,
2929 3506 3291 3578 σεσιγημένου
3322 3506 3461 3578 πρὸς
3484 3506 3547 3560 τὸ
3571 3509 3756 3581 παρὸν
3796 3510 3895 3579 Ἰη-

2326 3601 2421 3655 σοῦ
2453 3599 2546 3655 τοῦ
2590 3601 2784 3675 Ναυῆ,
2853 3600 3036 3655 καίτοι
3068 3601 3478 3671 παρεστηκότος
3511 3600 3601 3653 ἀεὶ
3647 3600 3727 3672 τῷ
3766 3617 3893 3655 παν-

2324 3692 2529 3765 αρίστῳ
2546 3692 2740 3765 Μωσῇ,
2757 3692 2851 3747 καὶ
2872 3690 3413 3765 συναναθρὼσκοντος
3439 3692 3538 3763 μὲν
3570 3693 3670 3747 ἐπὶ
3693 3693 3753 3748 τὸ
3781 3693 3897 3763 όρος

2322 3785 2381 3838 τὸ
2410 3786 2559 3851 Σινᾶ,
2592 3785 2954 3856 πολεμοῦντος
2978 3786 3035 3839 δὲ
3069 3787 3163 3840 καὶ
3196 3786 3584 3856 ἀντεξάγοντος
3606 3786 3688 3856 τῷ
3731 3787 3893 3856 Ἀμα-

2321 3877 2425 3950 λὴκ
2456 3877 2546 3932 διὰ
2578 3883 2762 3950 φωνῆς
2788 3880 3050 3944 Μωσέως.
3095 3881 3240 3950 Ἔφη
3274 3882 3383 3952 γάρ
3414 3897 3515 3934 που
3546 3881 3687 3952 πρὸς
3718 3880 3894 3944 αὑτὸν,

2328 3989 2347 4022 ι
2394 3968 2670 4035 Ἑπίλεξαι
2711 3970 2923 4042 σεαυτῷ
2960 3972 3160 4044 ἄνδρας
3195 3972 3455 4036 δυνατοὺς
3480 4010 3496 4037 ,
3541 3969 3641 4026 καὶ⁸
3668 3971 3897 4039 ἐξελθὼν

2321 4060 2631 4131 παράταξαι
2677 4059 2754 4131 τῷ
2790 4060 3036 4132 ’Δμαλὴκ
3073 4060 3281 4132 αὔριον.
3321 4079 3343 4116 ι
3381 4063 3490 4117 Καὶ
3518 4062 3893 4133 παρετάξατο,

2318 4152 2411 4205 καὶ
2440 4152 2712 4220 νενίκηκε.
2766 4151 2862 4216 Τίς
2900 4148 2992 4207 οὖν
3029 4154 3137 4224 ἄρα
3188 4154 3337 4208 ἐστὶν
3372 4156 3400 4208 ὁ
3431 4153 3585 4208 τοῦδε
3626 4154 3803 4225 λόγος,
3836 4153 3894 4207 οὗ

2315 4240 2624 4311 δοκιμάζειν
2653 4240 2801 4309 ἄξιον
2822 4258 2836 4307 ;

2388 4335 2600 4389 ΠΑΛΛ.
2644 4334 2791 4387 Πάνυ
2826 4334 2926 4404 μὲν
2958 4327 3073 4389 οὖν.

694 4421 853 4476 CYR.
894 4420 950 4475 Si
1000 4420 1169 4491 igitur
1213 4420 1269 4475 in
1313 4434 1643 4491 unaquaque
1678 4434 1737 4475 re
1770 4430 1925 4491 gesta
1967 4426 2211 4497 mysterii

2387 4421 2550 4475 ΚΥΡ.
2581 4422 2787 4476 Οὐκοῦν
2824 4422 2909 4492 ἐφ’
2939 4422 3157 4494 ἑκάστῳ
3194 4423 3303 4477 τῶν
3345 4422 3640 4495 δρωμένων
3674 4424 3769 4479 τὸν
3804 4421 3895 4477 τοῦ

624 4514 899 4568 rationem
946 4512 1070 4582 quis
1111 4512 1265 4577 velit,
1303 4510 1484 4583 quoad
1529 4511 1647 4567 ﬁeri
1693 4515 1919 4583 poterit,
1953 4525 2210 4573 accurate

623 4613 884 4669 tractare,
920 4603 1337 4674 obstupefactus
1380 4600 1569 4659 dicet:
1607 4622 1625 4655 ι
1654 4601 1701 4659 Ο
1725 4603 1958 4661 altitudo
1992 4606 2209 4663 divitia-

621 4709 746 4747 rum
786 4701 844 4748 et
889 4693 1173 4762 sapientia:
1218 4701 1274 4748 et
1321 4692 1567 4748 scientia:
1592 4693 1688 4747 Dci
1720 4694 1791 4748 "l
1829 4714 1848 4746 ι
1892 4694 2029 4752 Vide
2060 4700 2208 4753 enim

621 4801 788 4855 quam
826 4785 1049 4840 subtilis
1100 4793 1155 4839 et
1186 4800 1353 4854 quam
1392 4785 1545 4840 utilis
1582 4785 1653 4840 sit
1691 4787 1748 4841 in
1790 4805 2117 4860 unaquaque
2147 4807 2207 4848 re

621 4888 820 4930 sensus
847 4893 861 4928 :
898 4891 1046 4941 nam,
1077 4876 1411 4932 ascendente
1444 4878 1501 4932 in
1539 4889 1781 4935 montem
1815 4880 1977 4939 beato
2002 4884 2205 4957 Moyse,

622 4965 787 5020 simul
831 4964 1081 5021 ascendit
1123 4965 1323 5021 Jesus:
1355 4982 1537 5037 neque
1582 4969 1730 5023 enim
1768 4971 1930 5027 aliter
1964 4973 2101 5029 adiri
2139 4976 2206 5029 ad

619 5058 841 5114 Patrem
886 5065 1069 5129 potest
1115 5057 1221 5113 nisi
1262 5072 1362 5128 per
1398 5057 1598 5113 Filium
1638 5078 1650 5113 ε
1680 5068 1809 5117 vere
1844 5063 1991 5119 enim
2027 5064 2202 5132 dicit:

625 5168 645 5200 ι
677 5149 855 5206 Nemo
877 5149 1031 5205 venit
1052 5149 1120 5205 ad
1144 5149 1363 5206 Patrem
1387 5149 1494 5205 nisi
1518 5165 1618 5221 per
1642 5167 1731 5208 me
1756 5154 1822 5208 ".
1855 5175 1872 5207 ι
1908 5156 1965 5211 In
1985 5156 2205 5214 Christo

617 5239 788 5311 igitur
823 5242 957 5312 ipsis
991 5256 1211 5313 quoque
1244 5241 1447 5296 sanctis
1490 5241 1627 5297 viris
1668 5254 1819 5313 patet
1857 5246 2070 5314 aditus;
2101 5265 2202 5305 ne-

614 5343 723 5397 que
773 5331 1033 5397 cuiquam
1083 5331 1166 5386 fas
1210 5337 1297 5386 est
1346 5330 1417 5385 ad
1466 5332 1738 5386 excelsam
1799 5336 2201 5409 sublimemque

616 5422 1135 5491 contemplationem
1173 5423 1331 5492 quasi
1367 5423 1424 5478 in
1467 5431 1712 5478 montem
1746 5428 2065 5494 ascendere,
2098 5447 2197 5485 ne-

2323 4513 2628 4585 μυστηρίου
2658 4513 2815 4582 λόγον
2844 4514 3002 4585 εῐπερ
3029 4513 3202 4568 ἐλοιτό
3227 4531 3310 4578 τις
3336 4514 3655 4587 ἐξακριϐοῦν
3690 4516 3770 4580 ὡς
3794 4515 3894 4579 ἔνι,

2316 4603 2708 4675 κατατεθηπὼς
2739 4606 2855 4676 ἐρεῖ
2902 4605 2989 4671 τὸ,
3029 4620 3050 4657 ι
3093 4601 3164 4658 Ὦ
3196 4604 3357 4676 βάθος
3414 4606 3646 4661 πλούτου
3679 4607 3778 4661 xal.
3811 4622 3899 4660 σο-

2315 4697 2442 4765 φίας
2479 4694 2575 4750 καὶ
2609 4694 2865 4765 γνώσεως
2895 4695 3063 4750 Θεοῦὲ
3105 4715 3125 4748 ι
3158 4695 3347 4769 Ἀθρει
3374 4695 3483 4767 γὰρ
3522 4697 3671 4761 ὅπως
3699 4695 3896 4758 λεπτός

2312 4805 2372 4844 τε
2405 4789 2501 4842 καὶ
2543 4789 2840 4856 ἀναγκαῖος
2868 4789 2895 4840 ό
2924 4788 3010 4856 ἐφ’
3040 4787 3255 4858 ἑκάστῳ
3275 4785 3401 4851 νοῦς
3424 4800 3437 4814 ·
3469 4777 3759 4840 ἀναθέοντι
3802 4785 3898 4854 μὶν

2309 4882 2421 4954 γὰρ
2448 4883 2529 4945 είς
2553 4881 2613 4935 τὸ
2644 4882 2769 4952 ὅρος
2798 4880 2877 4952 τῷ
2906 4879 3178 4951 θεσπεσίῳ
3206 4880 3407 4949 Μωσῇ,
3436 4877 3748 4931 συνάνεισιν
3796 4875 3897 4943 ’1η-

2315 4972 2463 5037 σοῦς·
2492 4974 2552 5026 οὐ
2582 4972 2691 5046 γὰρ
2713 4970 2968 5043 προσιτὸς
2989 4970 3231 5042 ἐτέρωςό
3251 4968 3468 5039 Πατὴρ,
3485 4970 3535 5021 εί
3564 4966 3636 5038 μὴ
3652 4966 3724 5020 δι’
3740 4963 3896 5018 Υἱοῦ.

2308 5065 2421 5119 Καὶ
2451 5064 2560 5136 γάρ
2599 5066 2746 5118 ἐστιν
2771 5062 2988 5133 ἀληθὲς,
3034 5063 3084 5117 εί
3138 5062 3371 5129 λέγοιτοο
3391 5078 3409 5112 ι
3436 5059 3622 5122 Οὐδεὶς
3664 5057 3896 5129 ἔρχεται

2308 5159 2447 5229 πρὸς
2469 5157 2562 5211 τὸν
2598 5155 2838 5226 Πατέρα,
2869 5156 2918 5208 εί
2949 5153 3025 5225 μὴ
3045 5153 3110 5208 δι’
3134 5152 3291 5225 ἐμοῦ.
3324 5170 3342 5205 ι
3379 5152 3466 5206 Ἐν
3511 5150 3743 5224 Χριστῷ
3782 5166 3894 5203 τοι·

2308 5250 2512 5322 γαροῦν
2546 5249 2642 5304 καὶ
2677 5249 2860 5313 αὐτοῖς
2914 5249 3026 5312 τοῖς
3054 5247 3228 5316 ἁγίοις
3266 5246 3301 5317 ἡ
3341 5244 3622 5316 πρόσοδος·
3655 5243 3762 5296 καὶ
3796 5242 3895 5295 οὐκ

2307 5343 2374 5397 ἄν
2402 5360 2485 5406 τις
2510 5342 2750 5405 δύναιτο,
2772 5339 3025 5410 καθάπερ
3051 5340 3131 5401 είς
3158 5338 3306 5407 ὅρος,
3336 5337 3618 5406 ἁναπηδᾷν
3635 5336 3724 5397 εἰς
3754 5333 3895 5404 ὑψηο

2304 5432 2405 5502 λήν
2432 5448 2553 5485 τινα
2582 5431 2677 5485 καὶ
2710 5430 2998 5501 ὑπερφερῆ
3025 5426 3278 5499 θεωρίαν,
3308 5426 3422 5480 ἀλλ’
3447 5426 3557 5479 οὐδ’
3578 5424 3666 5485 ἂν.
3707 5418 3893 5493 οἶμαι,

614 5523 719 5576 que
795 5526 928 5566 vero
991 5513 1222 5584 propius
1287 5514 1355 5568 ad
1412 5515 1584 5570 Deum
1658 5516 1956 5584 accedere,
2031 5521 2198 5593 329

2320 5525 2386 5587 ςὶς
2412 5522 2582 5594 ἀγχοῦ
2597 5522 2804 5592 γένοιτο
2826 5520 2982 5587 Θεοῦ,
3014 5518 3154 5573 κατὰ
3180 5517 3376 5590 τρόπον
3399 5515 3454 5570 δὲ
3479 5511 3732 5573 δηλονότι
3764 5529 3896 5568 συνο

682 5694 918 5753 "Exod.
943 5710 1029 5757 vt,
1060 5696 1105 5752 ι.
1127 5696 1179 5749 9.
1255 5697 1293 5727 ¹⁷
1322 5697 1452 5751 ibid.
1487 5701 1568 5761 li},
1600 5699 1679 5752 l6.
1761 5697 1803 5728 ”'
1840 5696 2007 5753 Exod.
2034 5717 2159 5768 xm,
2190 5700 2405 5772 9_seqq.

2511 5705 2550 5736 ¹⁹
2573 5704 2727 5760 Rom.
2757 5718 2829 5768 τι,
2865 5702 2950 5757 33.
3031 5702 3076 5733 ²⁰
3105 5703 3259 5757 Juan.
3308 5718 3411 5768 xw,
3435 5701 3487 5756 6.
