4142 6296
329 332 436 413 tm

1076 350 1165 405 DE
1204 299 1647 405 ADOEATIONE
1684 350 1750 406 IN
1787 351 2055 409 SPIRITU
2099 354 2185 408 ET
2226 351 2593 407 VERITATE.
2639 352 2767 405 LIB.
2808 349 2875 405 Χ.

3488 350 3593 405 6Ξῗ8

325 471 573 544 ἀληθῶς,
608 471 739 525 ὅταν
768 466 904 536 ἡμῖν
932 465 960 517 6
997 464 1231 535 Χριστὸς
1263 463 1545 535 ἐπιλάμψῃ
1581 465 1743 519 πάλιν
1775 466 1902 535 μετᾶ

2013 483 2161 522 nunc
2191 467 2414 538 quidem
2451 481 2548 534 spe
2582 465 2939 535 conspicitur,
2982 472 3109 520 tunc
3142 472 3324 519 autem
3374 481 3430 518 re
3478 464 3599 533 ipsa

324 564 438 616 τῶν
470 561 643 629 ἁγίων
664 556 916 626 ἀγγέλων
954 556 1012 609 ὲν
1037 557 1103 625 τῇ
1137 552 1264 628 δόξῃ
1294 555 1390 607 τοῦ
1433 556 1664 627 Πατρὸξ,
1697 558 1824 621 τοὺς
1849 559 1905 610 ὲν

328 656 610 724 καινότητι
638 650 787 719 ζωῆς
805 650 1129 720 περιπατεῖν
1155 647 1462 719 ἑλομένους,
1494 649 1585 702 καὶ⁵
1613 649 1675 702 τὸ
1697 651 1901 720 ἐκπρε-

328 746 599 799 πέστατον
623 740 824 805 κάλλος
856 740 955 809 τῆς
981 739 1343 811 εὐαγγελικῆς
1376 740 1652 803 πολιτείας
1689 743 1747 795 ὲν
1778 742 1911 794 ὑπο.

327 838 463 908 μονῇ
492 834 927 905 πλουτήσαντας,
952 831 1409 919 παῳληψρμενος
1436 832 1553 903 μεθ’
1573 832 1786 897 ἑαυτοῦ,
1816 834 1910 887 καὶ

325 930 408 992 εἰς
437 927 540 999 τὴν
578 925 750 980 πάλαι
803 923 1260 995 προσδοκωμένην
1297 922 1452 989 δόξαν
1495 924 1590 976 καὶ
1634 923 1909 994 βασιλείαν

328 1019 649 1090 είσκομιῶν.
682 1019 806 1072 Ὅτι
835 1018 892 1070 δὲ
938 1016 1098 1086 καινὴ
1142 1016 1318 1079 κτίσις
1360 1017 1455 1069 καὶ
1492 1017 1654 1071 οἱονεὶ
1702 1018 1908 1090 καιρῶν

330 1114 426 1167 καὶ
455 1110 796 1183 πραγμάτων
823 1108 1025 1179 βλάστη
1047 1108 1145 1161 νέα
1166 1106 1274 1160 τῶν
1301 1109 1360 1161 ἐν
1390 1108 1631 1179 Χριστῷ,
1652 1110 1906 1163 καταδεί-

332 1203 473 1266 ξειεν
520 1200 587 1255 ἂν
617 1195 676 1254 εὗ
730 1198 873 1270 μάλα
926 1196 1256 1267 τδνᾶῐνιγμα
1301 1198 1396 1250 τοῦ
1449 1198 1667 1270 πρώτου
1718 1202 1905 1272 μηνὸς,

329 1293 450 1346 καθ’
485 1292 547 1345 ὃν
584 1293 714 1344 πόαι
748 1291 846 1360 μὲν
877 1292 971 1343 καὶ
1015 1288 1225 1342 ἅπαλαὶ
1262 1292 1357 1343 καὶ
1389 1292 1708 1362 ἀρτιφανείς
1731 1294 1789 1345 ὲν
1812 1297 1904 1365 γῇ,

329 1384 514 1454 φυτῶν
552 1384 609 1438 δὲ
648 1372 999 1454 ἀναθήλησις,
1035 1382 1267 1436 καὶτῶν
1302 1385 1360 1437 ὲν
1404 1384 1665 1455 λειμῶσιν
1701 1386 1901 1441 ἀνθέων

2018 567 2219 628 prmsto
2254 558 2381 623 erit,
2416 573 2543 611 cum
2584 556 2839 611 Christus
2881 555 3042 610 nobis
3091 556 3289 610 iterum
3330 555 3598 610 affulserit

2018 666 2142 706 cum
2177 650 2380 705 sanctis
2420 649 2625 720 angelis
2654 649 2712 704 in
2746 647 2918 719 gloria
2951 647 3163 714 Patris,
3188 657 3244 702 et
3267 664 3383 712 eos,
3418 649 3512 718 qui
3539 647 3601 702 in

2015 739 2257 796 novitate
2275 742 2400 795 vita;
2419 741 2703 794 ambulare
2724 736 3056 804 studuerint,
3073 746 3130 793 et
3150 740 3301 794 illam
3321 740 3597 810 egregiam

2015 833 2342 901 evangelicae
2368 832 2802 887 conversationis
2841 830 3310 901 pulchritudinem
3353 846 3451 901 per
3498 847 3599 901 pa-

2017 923 2264 979 tientiam
2287 922 2662 994 acquisierint,
2696 936 2882 977 secum
2920 929 3184 986 assumet,
3225 930 3390 992 atque
3419 922 3489 979 ad
3528 922 3601 976 il_-.

2015 1017 2124 1071 lam
2148 1017 2277 1072 olim
2307 1022 2674 1085 exspectatam
2714 1013 2943 1085 gloriam
2996 1029 3062 1068 ac
3092 1029 3319 1085 regnum
3344 1012 3598 1067 introdu-

2015 1116 2119 1163 cet.
2152 1109 2284 1164 Esse
2312 1115 2497 1162 autem
2521 1114 2832 1162 creaturam
2855 1119 3074 1168 novam,
3098 1119 3163 1160 ac
3185 1103 3355 1157 veluti
3383 1111 3564 1171 tempe
3583 1133 3596 1145 -

2013 1214 2136 1253 rum
2176 1210 2233 1255 et
2267 1215 2453 1253 rerum
2498 1199 2557 1253 in
2602 1198 2821 1254 Christo
2855 1213 3067 1252 novum
3098 1212 3344 1268 germen,
3368 1196 3599 1266 aenigma

2012 1292 2178 1363 primi
2210 1290 2415 1347 mensis
2438 1291 2644 1360 optime
2679 1290 3039 1355 demonstrat,
3070 1304 3181 1360 quo
3214 1296 3371 1345 terra
3395 1290 3599 1345 teneris

2012 1399 2076 1438 ac
2097 1383 2419 1448 recentibus
2438 1380 2627 1435 herbis
2652 1380 3012 1445 eonvestitur,
3042 1381 3241 1451 stirpes
3267 1380 3597 1450 germinant.-

326 1474 390 1528 τὸ
443 1473 722 1537 πολυειδὲς
763 1474 1085 1544 ἐμφαίνεται
1124 1474 1341 1538 κάλλος,
1384 1475 1609 1547 ἐαρινῆς
1660 1477 1902 1549 γελώσης

2011 1483 2068 1529 et
2087 1476 2140 1530 in
2161 1475 2333 1547 pratis
2353 1474 2504 1530 varia
2531 1474 2725 1529 ﬂorum
2750 1473 2967 1544 species
2994 1473 3353 1544 conspicitur,
3384 1473 3600 1543 ridente

330 1566 597 1630 εὐωδίαςο
629 1566 791 1620 οἱονεὶ
827 1566 936 1638 γάρ
966 1584 1082 1629 πως
1114 1568 1172 1619 ὲν
1200 1565 1388 1637 τοιῷδε
1411 1568 1588 1638 καιρῷ
1638 1568 1905 1639 κέκληκεν

328 1659 359 1709 6
403 1658 639 1730 Χριστὸς
681 1657 778 1729 τὴν
814 1657 874 1722 ἐξ
903 1656 1072 1710 ἐθνῶν
1138 1658 1485 1730 Ἐκκλησίαν,
1528 1659 1902 1729 οὖτωιλέγων,

332 1768 354 1803 ι
402 1748 656 1813 Ἀνάστα,
676 1749 818 1815 ἐλθὲ,
840 1752 873 1820 ἡ
904 1748 1133 1820 πλησίον
1157 1767 1280 1820 μου,
1301 1751 1438 1823 καλή
1462 1769 1583 1822 μου,
1605 1754 1905 1824 περιστερά

2012 1568 2174 1622 simul
2203 1566 2357 1622 verni
2397 1566 2662 1636 temporis
2697 1565 2992 1635 fragrantia
3022 1583 3034 1619 :
3067 1566 3161 1621 tali
3192 1581 3425 1636 namque
3458 1582 3598 1636 quo-

2012 1656 2303 1712 dammodo
2335 1666 2581 1727 tempore
2606 1655 2863 1712 Christus
2889 1657 3193 1712 Ecclesiam
3237 1673 3307 1712 ex
3345 1658 3600 1727 gentibus

2010 1746 2245 1809 vocavit,
2276 1745 2354 1801 sic
2384 1746 2611 1802 dicens:
2654 1766 2672 1798 ι
2710 1746 2902 1817 Surge,
2936 1747 3083 1811 veni,
3112 1747 3418 1817 propinqua
3455 1764 3599 1814 mea,

328 1858 454 1912 μου,
489 1842 573 1895 ὅτι
615 1840 725 1894 ἰδοὺ
763 1842 793 1894 6
827 1841 1036 1912 χειμὼν
1080 1841 1343 1914 ἀπῆλθεν,
1380 1845 1408 1896 6
1456 1844 1611 1906 ὑετὸς
1640 1844 1901 1916 ἀπῆλθεν,

2006 1837 2234 1906 pulchra
2276 1853 2418 1904 mea,
2466 1839 2721 1894 columba
2766 1855 2912 1904 mea,
2951 1840 3078 1909 quia
3117 1855 3246 1893 ecce
3283 1839 3392 1908 jam
3424 1839 3603 1893 hiems

324 1930 599 2003 ἐπορεύθη
624 1934 682 1985 ὲν
708 1932 879 2004 αὐτῷ’
912 1932 981 1989 τὰ
1020 1934 1154 2004 ἄνθη
1178 1932 1338 2005 ῶφθη
1379 1937 1436 1989 ὲν
1466 1937 1533 2007 τῇ
1571 1939 1673 2007 γῇ·
1716 1937 1908 2010 καιρὸς

323 2025 424 2095 τῆς
449 2023 624 2095 τομῆς
658 2023 914 2093 ἔφθασεν.
952 2044 973 2077 ι
1020 2025 1280 2096 Ἀνεθὸιλη
1309 2027 1418 2097 γὰρ
1441 2027 1474 2098 ἡ
1500 2027 1786 2100 ἀνθρώπου
1809 2028 1909 2099 φύ-

327 2132 413 2179 σις
460 2110 551 2180 αὖ,
592 2114 785 2187 ῶσπερ
823 2133 876 2169 τι
916 2116 1103 2185 φυτὸν,
1146 2117 1629 2189 καταμαρανθεϊσα
1666 2117 1907 2189 θανάτῳ,

322 2205 414 2259 διά
451 2200 510 2258 τε
544 2206 644 2276 τὴν
665 2207 722 2259 ὲν
766 2205 937 2278 ’Δδὰμ
964 2206 1296 2278 παράϐασιν,
1329 2208 1425 2261 καὶ
1457 2208 1557 2279 τὴν
1593 2209 1733 2263 κατὰ
1767 2211 1907 2265 πᾶν·

324 2312 435 2349 των
454 2295 609 2365 ήμῶν
637 2297 1051 2369 τυραννήσασαν
1084 2297 1381 2369 ἁμαρτίαν.
1417 2298 1625 2352 ’Δκοὸω
1649 2300 1706 2353 δὲ
1725 2300 1908 2370 λέγον-

323 2405 414 2453 τος
460 2387 554 2441 τοῦ
593 2388 830 2458 Χριστοῦ
862 2389 953 2442 καὶ
982 2388 1049 2442 δι’
1076 2390 1195 2453 ἐνὸς
1224 2390 1332 2444 τῶν
1365 2391 1537 2458 ἁγίων
1580 2394 1903 2464 προφητῶν,

331 2496 350 2529 ι
393 2478 563 2542 Αὐτὸς
591 2482 619 2532 6
641 2479 819 2534 λαλῶν
852 2480 1109 2552 πάρειμι,
1138 2482 1212 2546 ὡς
1240 2482 1358 2553 ὥρα
1386 2483 1479 2535 ἐπὶ
1510 2482 1620 2537 τῶν
1652 2485 1843 2555 ὀρέων.
1881 2506 1909 2539 λ

329 2572 514 2643 Ὅπερ
537 2571 643 2644 γὰρ
677 2574 732 2626 ὲν
773 2573 923 2645 θρεσι
952 2575 1045 2627 καὶ
1089 2574 1315 2646 δρυμοῖς
1348 2574 1409 2628 τὸ
1441 2574 1541 2648 ἔαρ
1589 2575 1903 2646 ἐργάζεται,

332 2663 535 2735 βλάστη
561 2665 654 2735 νέᾳ
682 2665 975 2735 στεφανοῦν
1007 2666 1076 2719 τὰ
1104 2666 1267 2734 φυτὰ,
1302 2665 1462 2722 τοῦτο
1497 2668 1590 2722 καὶ
1628 2670 1716 2739 ἐφ’
1744 2668 1904 2741 ἡμῶν

330 2756 364 2827 ἡ
397 2754 489 2808 τοῦ
528 2750 776 2827 Σωτῆρος
814 2758 970 2827 ἡμῶν
1009 2760 1448 2833 ἁποπεπλήρωκε
1477 2760 1769 2831 παρουσία,
1814 2778 1907 2829 γε·

328 2847 526 2917 νομένη
561 2850 701 2902 κατὰ
733 2851 979 2922 καιροὺς,
1013 2850 1087 2915 ὡς
1128 2854 1185 2904 ὲν
1223 2850 1333 2905 ἔτει
1378 2852 1638 2923 δευτέρῳ,
1673 2852 1768 2906 καὶ
1804 2854 1905 2907 οὐκ

282 2980 285 2983 .
323 2937 382 2992 ἐν
407 2956 469 3008 γε
500 2939 576 3010 τῷ
604 2940 805 3012 πρώτῳ
834 2942 1031 3013 καιρῷ,
1061 2943 1272 2997 καθ’·δν
1308 2940 1375 3016 ἦν
1407 2946 1435 2999 6
1456 2945 1637 3014 νόμος,
1674 2945 1768 2999 καὶ
1793 2945 1906 3000 τῶν

322 3033 620 3103 προφητῶν
649 3037 676 3087 6
704 3034 883 3105 χορὸς,
914 3035 1005 3087 καὶ
1028 3034 1149 3088 καθ’
1177 3035 1234 3089 6v
1273 3038 1494 3107 ἐκράτει
1530 3037 1778 3103 θάνατος.
1808 3039 1906 3091 Βε-

319 3123 611 3178 ϐασίλευκε
650 3126 757 3197 γὰρ
778 3125 886 3180 ἀπὸ
921 3128 1091 3198 Ἀδὰμ
1145 3130 1238 3183 καὶ
1268 3130 1428 3201 μέχρι
1458 3132 1720 3195 Μωσέως.
1752 3134 1897 3187 Οὐκ-

317 3216 415 3270 οῦν
449 3217 526 3281 ὡς
583 3218 641 3273 ὲν
690 3219 927 3291 δευτέρῳ
959 3219 1089 3284 ἔτει,
1117 3220 1263 3275 τοῦτ’
1310 3222 1479 3287 ἐστιν,
1512 3223 1587 3287 ὡς
1618 3226 1676 3279 ὲν
1724 3225 1900 3296 χρόνῳ

316 3307 403 3379 τῷ
427 3310 567 3379 μετὰ
594 3309 687 3364 τὸν
724 3310 961 3380 πρῶτον,
987 3312 1108 3365 καθ’
1132 3312 1191 3366 ὃν
1224 3309 1292 3384 ἦν
1321 3316 1349 3367 6
1373 3315 1556 3385 νόμος,
1588 3317 1621 3386 ἠ
1652 3316 1711 3382 ἐξ
1739 3316 1905 3371 ὲθνῶν

318 3400 637 3471 ἀνέλαμψεν
684 3402 1004 3472 Ἐκκλησία,
1041 3405 1277 3474 Χριστὸν
1311 3405 1535 3459 ἔναυλον
1581 3409 1799 3478 ἔχουσα,
1845 3410 1907 3462 τὸ

316 3490 432 3544 τῶν
455 3491 749 3562 προφητῶν
790 3493 881 3547 καὶ
910 3494 1003 3548 τοῦ
1033 3495 1198 3565 νόμου
1232 3496 1402 3559 τέλος.
1439 3494 1589 3569 τΑριὶ
1631 3515 1713 3552 σοι
1760 3499 1907 3553 δοκεί

317 3582 460 3656 πρὸς
493 3583 553 3637 τὸ
575 3583 703 3638 εὐθύ
733 3602 793 3639 τε
828 3586 919 3640 καὶ
958 3585 1157 3657 ἀληθὲς
1200 3587 1434 3642 διάττειν
1460 3588 1615 3660 ἡμῶν
1643 3591 1670 3643 ὁ
1706 3589 1900 3659 λόγος;

390 3854 598 3909 ΠΛΛΛ,
639 3854 962 3927 Παντάπασι
998 3858 1094 3927 μὲν
1121 3853 1233 3913 οὖν.

389 3945 554 3998 ΚΥΡ.
590 3943 756 4017 Οἶμαι
793 3947 850 4000 δὲ
883 3946 1057 4018 ἔγωγε
1085 3950 1184 4022 τὴν
1215 3950 1587 4024 ἀληθεστέραν
1615 3955 1746 4024 ἡμῖν
1770 3970 1899 4025 προ-

312 4037 688 4108 κατηξγέλθαι
723 4041 926 4111 σκηνὴν
952 4041 1039 4095 διὰ
1068 4043 1249 4114 φωνῆς
1264 4043 1511 4109 Ἡσαΐου,
1539 4044 1786 4115 λέγοντος
1822 4045 1899 4108 ὡς

312 4130 456 4200 πρὸς
480 4130 710 4185 ἕκαστον
733 4131 844 4183 τῶν
878 4133 935 4184 ὲν
970 4133 1151 4186 πίστει
1183 4134 1535 4205 κεκλημένων
1574 4138 1653 4198 είς
1696 4135 1897 4190 δικαιο-

314 4222 507 4293 σύνην,
545 4242 561 4273 ι
601 4224 661 4276 Ol
693 4221 959 4291 ὀφθαλμρί
992 4240 1084 4276 σου
1133 4224 1353 4295 ὄψονται
1392 4225 1770 4298 Ἰερουσαλὴμ,
1801 4229 1897 4281 πό-

312 4314 429 4377 λεις
466 4316 746 4379 πλουσίας,
783 4317 978 4387 σκηναὶ
1007 4315 1061 4369 αἳ
1105 4317 1166 4369 οὐ
1201 4321 1275 4388 μὴ
1310 4318 1615 4380 σεισθῶσιν,
1661 4319 1781 4372 οὐδὲ
1820 4319 1894 4390 μὴ

310 4406 610 4475 κινηθῶσιν
645 4407 695 4461 οἱ
743 4407 1018 4460 πάσσαλοι-
1040 4407 1138 4477 τῆς
1170 4408 1373 4478 σκηνῆς
1422 4410 1622 4479 αὐτῆς
1657 4409 1777 4462 οὐδὲ
1825 4409 1895 4461 τὰ

316 4498 531 4566 σχοινία
558 4498 728 4569 αὐτῆς
755 4498 815 4549 οὐ
852 4497 924 4569 μὴ
950 4498 1316 4569 διαρραγῶσιν
1337 4501 1417 4562 είς
1445 4500 1536 4551 τὸν
1566 4500 1739 4553 αίῶνα
1767 4500 1893 4571 χρὸ-
1927 4535 1972 4589 D

313 4604 428 4641 νον.
470 4606 489 4639 ι
524 4587 657 4641 Θεοῦ
684 4590 794 4660 γὰρ
830 4589 984 4653 πόλις
1014 4591 1047 4660 ἡ
1084 4589 1399 4660 Ἐκκλησία,
1432 4586 1498 4661 ἧς
1527 4593 1619 4644 καὶ
1646 4595 1673 4643 6
1699 4593 1895 4645 θεσπέ-

312 4696 432 4743 σιος
461 4680 622 4734 Δαδὶδ
645 4681 961 4752 ἐπεμνήσθη
979 4681 1173 4749 λέγων,
1205 4700 1223 4733 ι
1246 4680 1623 4751 Δεδοξασμένα
1653 4684 1891 4755 ἐλαλήθη

311 4771 448 4842 περὶ
498 4772 610 4837 σοῦ,
645 4774 677 4843 ἡ
710 4774 862 4836 πόλις
901 4773 996 4826 τοῦ
1027 4774 1183 4826 Θεοῦ.
1224 4793 1241 4825 ι
1308 4774 1547 4828 Πλουσία
1584 4775 1694 4845 γὰρ
1730 4776 1891 4847 αὕτη,

308 4862 409 4914 καὶ
452 4863 562 4923 τοῖς
611 4860 815 4915 ἄνωθεν
861 4864 955 4916 καὶ
1004 4863 1063 4928 ἐξ
1116 4864 1345 4935 οὐρανοῦ
1393 4865 1694 4937 χαρίσμασι
1760 4883 1890 4919 κατ-

302 4951 679 5022 ηγλαῖσμένη,
706 4953 797 5006 καὶ
814 4954 1086 5025 ἄρρηκτον
1112 4956 1308 5025 ἔχουσα
1333 4956 1430 5026 τὴν
1448 4960 1505 5009 ἐν
1540 4956 1740 5028 βεϐαίῳ
1765 4957 1894 5012 στά-

306 5061 417 5104 σιν,
473 5043 676 5113 ἱίδρυσίν
710 5061 769 5097 τε
800 5047 892 5098 καὶ
919 5046 1198 5118 διαμονήν.
1240 5067 1257 5099 ι
1302 5049 1473 5101 Πύλαι
1503 5049 1614 5121 γὰρ
1666 5049 1794 5120 ᾅδου
1830 5049 1892 5102 οὐ

302 5134 731 5203 κατισχύσουσιν
780 5136 984 5205 αὐτῆς,
1048 5157 1066 5189 ι
1136 5136 1276 5193 κατὰ
1327 5142 1427 5212 τὴν
1488 5141 1580 5194 τοῦ
1638 5141 1893 5213 Σωτῆρος

302 5225 517 5295 φωνήν.

380 5317 591 5382 ΠᾼΛᾹ.
639 5318 933 5390 Ὀρθότατα
968 5320 1060 5371 καὶ
1087 5321 1271 5374 εἰκότα
1299 5323 1504 5395 διανοῇ.

378 5409 542 5462 ΚΥΡ.
594 5408 1000 5480 Ἐγηγερμένης
1019 5409 1073 5460 δὲ
1107 5410 1205 5478 τῆς
1241 5414 1464 5482 σκηνῆς,
1499 5415 1580 5468 ὅτι
1610 5417 1885 5486 προσῆκεν

297 5503 364 5553 ἐν
419 5501 611 5570 κόσμῳ
652 5500 869 5553 κεῖσθαι
912 5500 979 5551 τέι
1026 5504 1081 5553 ἐν
1116 5501 1274 5570 αὐτῇ,
1328 5506 1421 5557 καὶ
1465 5505 1540 5575 μὴ
1583 5507 1749 5576 χύδην
1790 5509 1882 5561 καὶ

295 5592 614 5662 ariusia);
653 5593 893 5648 διδάσκει
916 5594 1088 5659 λέγων
1122 5597 1147 5646 6
1185 5595 1399 5648 πάντων
1433 5598 1699 5669 δεσπότης
1728 5602 1877 5663 (9:6;-

406 5707 447 5736 ³³
478 5710 633 5762 (,ἶ·ιιιι.
669 5725 721 5769 ιι,
757 5708 835 5770 l",
872 5706 950 5760 l2.
1017 5710 1183 5764 1"lsa.
1222 5727 1306 5774 ιιι,
1335 5715 1383 5763 (ἱ.

1449 5715 1489 5744 ³⁸
1517 5714 1673 5767 Rom.
1709 5733 1757 5779 v,
1798 5715 1874 5769 ll.
1936 5720 1953 5748 ³

2006 1928 2248 1994 transiit,
2286 1927 2464 1984 imber
2498 1929 2656 1994 abiit,
2687 1929 2828 1983 abiit
2866 1929 3003 1995 sibi;
3048 1929 3212 1984 ﬂores
3242 1929 3343 1983 visi
3386 1931 3599 1984 suntin

2003 2024 2176 2085 terra,
2232 2028 2451 2091 tempus
2499 2020 2805 2091 putationis
2840 2020 3067 2076 advenit
3095 2020 3160 2075 “.
3198 2040 3217 2073 ι
3263 2020 3601 2076 Germinavit

2005 2102 2153 2166 enim
2183 2111 2387 2179 denuo,
2424 2121 2685 2184 tanquam
2712 2114 2903 2180 arbor,
2934 2113 3222 2169 hominum
3250 2124 3601 2185 natura,qu:c

2006 2207 2184 2255 morte
2207 2210 2499 2258 exaruerat
2524 2210 2639 2257 tum
2671 2211 2897 2275 propter
2929 2204 3060 2260 Adae
3082 2206 3596 2276 transgressimlem,

2007 2299 2123 2346 tum
2152 2302 2379 2363 propter
2400 2302 2709 2365 peccatum,
2737 2296 2887 2366 quod
2917 2295 3081 2351 nobis
3100 2298 3359 2353 omnibus
3384 2300 3597 2371 tyranni

2005 2400 2158 2440 more
2177 2384 2582 2441 dominabatur.
2602 2387 2783 2442 Audio
2802 2388 2968 2443 etiam
2990 2387 3268 2444 Christum
3289 2406 3389 2461 per
3408 2407 3570 2460 quem
3596 2419 3601 2424 ~

2005 2477 2130 2531 dam
2153 2492 2184 2531 e
2215 2477 2417 2533 sanctis
2449 2480 2563 2532 suis
2589 2478 2897 2549 prophetis,
2924 2480 3200 2535 dicentem
3231 2499 3244 2535 :
3288 2500 3307 2532 ι
3342 2482 3475 2553 Ego,
3501 2482 3596 2552 qui

2003 2566 2289 2637 loquebar,
2329 2567 2542 2633 adsum,
2580 2569 2727 2624 sicut
2769 2584 3002 2624 vernum
3048 2579 3265 2642 tempus
3294 2571 3349 2625 in
3390 2573 3597 2626 monti-

2004 2658 2107 2715 bus
2134 2659 2201 2715 ³⁸.
2242 2680 2259 2711 ι
2307 2659 2468 2730 332
2509 2660 2666 2726 Quod
2710 2662 2859 2716 enim
2916 2662 2975 2715 in
3017 2663 3299 2718 montibus
3367 2679 3597 2719 vernum

2006 2758 2220 2821 tempus
2246 2750 2432 2817 ellicit,
2459 2760 2520 2805 ut
2539 2752 2763 2807 arbores
2793 2767 2936 2808 novo
2960 2753 3206 2823 germine
3237 2764 3595 2821 coronentur,

2006 2843 2112 2897 hoc
2143 2843 2288 2898 idem
2324 2844 2379 2897 in
2410 2844 2571 2898 nobis
2605 2844 2906 2900 Salvatoris
2938 2845 3113 2900 nostri
3153 2845 3425 2901 adventus
3462 2848 3597 2902 effe-

2005 2934 2099 2998 eit,
2143 2934 2238 3004 qui
2288 2935 2342 2988 in
2387 2934 2581 2989 ordine
2621 2943 2932 3005 temporum
2978 2936 3133 3006 quasi
3174 2952 3319 2992 anno
3356 2939 3599 2993 secundo

2006 3024 2130 3088 fuit,
2162 3040 2272 3079 non
2296 3034 2479 3079 autem
2506 3026 2687 3094 primo
2708 3033 2976 3096 tempore,
3028 3043 3138 3097 quo
3162 3028 3250 3082 lex
3284 3038 3337 3082 et
3363 3030 3600 3098 prophe—

2007 3125 2187 3171 tarum
2218 3116 2420 3170 chorus
2457 3115 2694 3187 vigebat,
2737 3125 2794 3171 ct
2837 3132 2947 3187 quo
2980 3133 3129 3173 mors
3165 3119 3592 3174 dominabatur:

2006 3208 2254 3279 regnavit
2287 3208 2434 3263 enim
2458 3208 2527 3263 ab
2557 3207 2730 3264 Adam
2763 3222 2935 3277 usque
2965 3209 3031 3264 ad
3068 3210 3305 3283 Moysem
3325 3212 3389 3265 “.
3426 3212 3599 3283 Igitur

2008 3309 2264 3371 tanquam
2301 3301 2544 3356 secundo
2570 3317 2734 3367 anno,
2769 3302 2824 3357 id
2856 3312 2960 3368 est,
2992 3312 3267 3375 tempore,
3296 3306 3445 3376 quod
3471 3317 3598 3377 post

2007 3392 2139 3447 illud
2181 3393 2441 3463 primum,
2486 3409 2597 3463 quo
2626 3393 2731 3449 fuit
2762 3395 2870 3460 lex,
2918 3396 3165 3465 proxime
3213 3401 3594 3469 consequitur,

2004 3486 2249 3541 Ecclesia
2282 3503 2350 3541 ex
2393 3485 2647 3557 gentibus
2683 3487 2930 3555 emicuit,
2965 3505 3087 3560 qure
3121 3488 3400 3546 Christum
3433 3492 3598 3548 inha-

2004 3577 2269 3632 bitantem
2302 3578 2491 3640 habet,
2531 3577 2626 3647 qui
2660 3587 2744 3633 est
2773 3580 2908 3651 legis
2936 3597 2999 3636 ac
3022 3581 3414 3651 prophetarum
3449 3585 3592 3639 ﬁnis.

2004 3665 2309 3721 Videturne
2348 3666 2446 3720 tibi
2481 3673 2666 3721 nostra
2693 3668 2869 3724 oratio
2899 3679 3050 3724 recto
3080 3686 3243 3725 cursu
3285 3671 3353 3729 ad
3388 3672 3593 3728 verita-

2005 3765 2114 3811 tem
2143 3757 2315 3816 ferri?

2004 3868 2011 3874 ·
2071 3853 2266 3908 PALL.
2295 3855 2523 3910 Maxime
2564 3870 2715 3910 vero.

2072 3947 2228 4002 CYR.
2281 3947 2550 4017 Equidem
2593 3956 2730 4018 puto
2776 3949 2961 4003 verius
3005 3948 3139 4003 illud
3181 3949 3591 4006 tabernaculum

2001 4040 2152 4095 Isaia:
2183 4056 2316 4095 voce
2350 4040 2783 4110 praenuntiatum
2827 4055 2967 4105 esse,
2995 4055 3119 4095 eum
3158 4041 3457 4110 unicuique
3495 4058 3595 4111 per

2000 4130 2162 4186 ﬁdem
2189 4132 2256 4186 ad
2286 4133 2558 4203 justitiam
2581 4141 2776 4187 vocato
2809 4133 3018 4188 diceret
3045 4152 3056 4186 :
3092 4153 3110 4183 ι
3143 4131 3297 4187 Oculi
3328 4136 3407 4187 tui
3439 4135 3592 4187 vide-

1996 4220 2135 4274 bunt
2178 4221 2504 4285 Jerusalem,
2557 4208 2809 4276 civitates
2858 4223 3168 4291 opulentas,
3216 4223 3591 4285 tabernacula,

1996 4327 2118 4381 quae
2162 4327 2272 4365 non
2313 4312 2717 4375 concutientur,
2764 4326 2943 4380 neque
2991 4312 3360 4366 movebuntur
3403 4310 3588 4383 paxilli

2000 4404 2340 4458 tabernaculi
2369 4405 2519 4475 ejus;
2552 4420 2732 4473 neque
2771 4402 3001 4458 funiculi
3052 4405 3171 4474 ejus
3199 4404 3591 4475 dirumpentur

1998 4494 2053 4547 in
2096 4493 2493 4563 sempiternum
2537 4502 2753 4564 tempus
2790 4494 2857 4549 ³⁷.
2921 4513 2938 4545 ι
2982 4495 3079 4549 Dei
3125 4512 3362 4566 namque
3398 4499 3591 4553 civitas

2001 4585 2243 4639 Ecclesia
2266 4593 2370 4650 est,
2406 4586 2568 4656 cujus
2595 4587 2760 4641 etiam
2787 4587 2980 4643 beatus
3003 4588 3174 4642 David
3202 4590 3473 4655 meminit,
3502 4592 3589 4644 di~

1997 4692 2129 4730 cens
2158 4694 2169 4728 :
2217 4694 2233 4726 ι
2265 4675 2512 4730 Gloriosa
2554 4676 2700 4732 dicta
2740 4684 2869 4732 sunt
2908 4677 2976 4733 de
3008 4686 3080 4741 te,
3107 4680 3299 4736 civitas
3331 4682 3427 4735 Dei
3452 4682 3515 4735 ³⁸.
3564 4702 3581 4731 ι

1998 4769 2162 4823 Dives
2186 4768 2334 4823 enim
2361 4784 2424 4823 ea
2461 4778 2565 4835 est,
2592 4770 2845 4840 supernis
2871 4772 3295 4843 cmlestibusque
3337 4775 3585 4829 muneri-

1999 4861 2103 4914 bus
2126 4861 2403 4927 decorata,
2431 4878 2611 4932 neque
2648 4879 2889 4934 unquam
2925 4865 3191 4919 dimoveri
3228 4875 3426 4936 potest,
3458 4883 3585 4921 cum

2000 4952 2311 5007 ﬁrmissime
2337 4955 2637 5010 constituta
2678 4957 2770 5022 sit,
2812 4964 2867 5011 et
2898 4958 3001 5013 fixa
3033 4966 3349 5028 permaneat
3380 4979 3391 5012 :
3426 4980 3442 5010 ‹
3476 4962 3584 5014 Tic-

1998 5061 2105 5114 que
2139 5046 2286 5099 enim
2319 5057 2489 5116 portae
2516 5048 2673 5104 inferi
2703 5052 3072 5121 prtevalebunt
3096 5053 3359 5107 adversus
3386 5070 3524 5118 eam,
3560 5073 3576 5103 ι

2000 5145 2060 5190 ιιι
2094 5136 2345 5193 Salvator
2374 5140 2449 5193 ait
2482 5139 2568 5194 ³⁸2

2002 5318 2007 5323 ’
2070 5320 2266 5375 PALL.
2304 5323 2470 5378 Recte
2506 5333 2668 5395 atque
2703 5326 3094 5379 eom'enicnter
3123 5324 3420 5377 existimas.

2065 5413 2220 5466 CYR.
2246 5412 2364 5467 Jam
2394 5430 2545 5478 vero,
2582 5426 2768 5469 erecto
2809 5416 3181 5478 tabernaculo,
3225 5415 3342 5485 ejus
3372 5416 3580 5470 instru-

1994 5516 2176 5561 menta
2205 5524 2324 5561 esse
2353 5524 2461 5561 non
2492 5509 2737 5577 disperso
2762 5515 2817 5561 et
2850 5509 3212 5577 negligenter,
3249 5509 3341 5561 sed
3386 5510 3581 5565 ordine

1991 5605 2330 5667 collocanda,
2379 5606 2537 5659 docet
2582 5606 2667 5658 ille
2703 5605 2962 5659 Dominus
3006 5609 3407 5669 llt|i\t'l‘.~‘.(tl'ulll,
3454 5623 3577 5659 eum

1964 5720 1975 5749 ῖ
2006 5720 2108 5774 Ξδιι.
2131 5737 2314 5781 χχχιιι,
2340 5720 2424 5771 22‘).
2485 5720 2523 5749 ³⁸
2548 5720 2686 5773 Paul.
2719 5736 2926 5785 l.\?\\\l,
2957 5722 3009 5775 5.
3055 5723 3109 5751 τέ’
3142 5722 3327 5775 Matth
3353 5738 3455 5784 xu,
3496 5719 3573 5770 le‘.
