4142 6296
586 363 691 426 659

1609 366 1663 422 S.
1708 365 1980 421 CYIllLLl
2019 364 2484 420 ALEXANDRl-Nl
2523 316 2848 420 ARCHIEP.‘

3727 363 3832 418 66!)

586 483 757 539 dicit:
793 501 810 530 ι
843 478 909 534 Ει
944 494 1113 549 pones
1137 491 1317 533 arcam
1359 480 1691 544 testamenti,
1717 488 1772 536 et
1799 487 1946 552 teges
1977 496 2156 535 arcam

2267 497 2284 528 ι
2317 477 2426 528 Kal
2465 475 2651 546 θήσεις
2690 476 2789 544 τὴν
2830 475 3061 527 κιϐωτὸν
3093 473 3186 528 τοῦ
3226 472 3545 546 μαρτυρίου,
3576 477 3671 529 καὶ
3705 495 3828 530 σκε-

584 573 707 627 velo
729 611 743 637 ,
771 578 827 624 et
850 569 1051 627 inferes
1072 583 1334 634 mensam,
1362 580 1417 624 et
1438 583 1709 640 propones
1729 571 2154 640 propositionem

583 664 723 734 ejus,
757 671 813 716 ct
846 661 1051 716 inferes
1073 661 1481 726 candelabrum,
1525 672 1581 716 et
1620 663 1868 732 impones
1903 663 2156 716 lucernas

582 756 720 824 ejus,
756 761 810 808 et
837 767 1009 822 pones
1030 753 1197 807 altare
1231 768 1458 807 aureum
1501 754 1568 808 ad
1607 753 1933 808 adolendum
1971 768 2155 808 coram

582 846 938 900 tabernaculo
963 845 1283 910 testimonii,
1312 855 1369 900 et
1390 846 1636 914 impones
1657 853 2026 916 tegumentum
2049 845 2155 898 veli

582 936 651 990 ad
682 937 882 990 ostium
905 937 1240 992 tabernaculi
1267 937 1589 1000 testimonii,
1629 945 1685 992 et
1707 938 1876 991 altare
1902 937 2156 991 holocau-

583 1037 790 1082 storum
837 1045 1006 1099 pones
1039 1031 1192 1100 juxta
1215 1038 1427 1100 portam
1456 1029 1790 1084 tabernaculi
1816 1026 2111 1084 testimonii
2139 1063 2154 1091 ,

581 1128 639 1174 et
664 1121 1046 1192 circumpones
1078 1124 1514 1187 tabernaculum,
1544 1131 1600 1177 et
1624 1122 1808 1177 omnia
1843 1137 1962 1192 qua:
2008 1122 2062 1175 in
2089 1135 2156 1174 eo

583 1221 712 1267 sunt
747 1213 1132 1284 circumpones
1175 1215 1230 1269 in
1262 1216 1496 1270 circuitu
1521 1214 1585 1267 ³³.
1617 1234 1635 1265 ι
1666 1214 1773 1268 Sed
1805 1214 1862 1267 in
1892 1213 1979 1267 his
2005 1227 2156 1266 sacra

583 1312 712 1357 Vasa
739 1303 906 1359 fuisse
929 1305 1018 1359 illa
1041 1305 1261 1375 quidem
1292 1306 1346 1358 in
1367 1320 1581 1359 sacrum
1605 1303 2016 1359 tabernaculum
2041 1303 2158 1356 illa-

585 1400 640 1448 ta
665 1394 854 1449 videre
881 1395 1040 1461 licet;
1068 1411 1179 1449 non
1205 1397 1335 1450 item
1364 1397 1524 1465 plane
1561 1395 1685 1464 quis
1712 1395 1908 1465 cuique
1934 1395 2048 1449 vasi
2071 1396 2155 1449 lo-

582 1499 681 1538 cus
703 1500 802 1554 pro
823 1486 941 1556 ejus
966 1487 1345 1543 convenientia
1375 1488 1446 1542 sit
1469 1488 1782 1542 attributus.
1804 1487 1963 1558 333
1993 1487 2158 1542 Visne

536 1626 540 1631 .
583 1574 753 1644 igitur
775 1576 1045 1648 ejusmodi
1065 1587 1469 1649 praceptorum
1497 1594 1618 1648 qua:
1641 1577 1708 1633 ad
1741 1578 2156 1633 tabernaculum

582 1667 882 1738 pertinent,
907 1669 1167 1726 subtilem
1205 1679 1262 1727 et
1293 1678 1609 1726 accuratam
1650 1669 2017 1741 cognitionem
2042 1669 2156 1725 col-

583 1758 856 1828 ligamus?

2258 568 2450 631 πάσεις
2475 567 2574 636 τὴν
2607 565 2837 618 κιϐωτὸν
2861 565 2938 636 τῷ
2961 567 3430 637 καταπετάσματι.
3456 566 3831 633 Καὶεξσοίσεις

2256 659 2354 729 τὴν
2393 658 2693 730 τράπεζαν,
2734 657 2828 710 καὶ
2869 659 3163 728 προθήσεις
3198 655 3295 729 τὴν
3342 656 3600 729 πρόθεσιν
3639 659 3828 730 αὐτῆς.

2256 751 2365 802 Kal
2389 750 2641 811 εἰσοίσεις
2654 748 2752 819 τὴν
2772 747 3012 818 λυχνίαν,
3035 750 3130 802 καὶ
3157 748 3434 818 ἐπιθήσεις
3455 747 3582 810 τοὺς
3607 746 3831 819 λύχνους

2258 843 2446 912 αὐτῆς.
2491 843 2601 896 Καὶ
2634 840 2818 912 θήσεις
2846 841 2908 892 τὸ
2934 841 3316 911 θυσιαστήριον
3362 841 3421 893 τὸ
3455 841 3706 910 χρυσοῦν,
3753 844 3830 906 είς

2256 933 2317 987 τὸ
2350 933 2549 1004 θυμιᾷν
2577 932 2816 984 ἐναντίον
2861 931 2960 1001 τῆς
2993 930 3247 984 κιϐωτοῦ.
3284 932 3392 984 Kal
3420 931 3703 1002 ἐπιθήσεις
3728 933 3831 984 κά-

2256 1024 2449 1094 λυμμα
2481 1022 2970 1093 καταπετάσματος
3015 1023 3106 1074 ἐπὶ
3147 1022 3245 1092 τὴν
3291 1021 3460 1094 θύραν
3499 1025 3598 1094 τῆς
3627 1023 3834 1094 σκηνῆς

2256 1117 2349 1170 τοῦ
2385 1116 2706 1187 μαρτυρίου.
2741 1116 2834 1168 καὶ
2863 1115 2924 1168 τὸ
2955 1114 3338 1186 θυσιαστήριον
3373 1115 3481 1168 τῶν
3529 1117 3833 1186 καρπωμά-

2256 1225 2364 1261 των
2394 1207 2578 1278 θήσεις
2623 1207 2773 1277 παρὰ
2806 1206 2906 1269 τὰς
2950 1205 3120 1277 θύρας
3145 1207 3244 1276 τῆς
3277 1207 3480 1276 σκηνῆς
3502 1205 3594 1260 τοῦ
3630 1224 3835 1278 μαρτυο

2262 1299 2396 1368 ρίου.
2425 1298 2531 1350 Kal
2547 1311 2614 1349 πε
2625 1297 2866 1368 ριθήσεις
2885 1297 2982 1369 τὴν
3004 1298 3228 1368 σκηνήν,
3256 1299 3349 1350 καὶ
3366 1298 3546 1351 πάντα
3571 1297 3642 1350 τά
3663 1299 3830 1370 αὐτῆς

2259 1389 2574 1460 περιθήσεις
2623 1388 2828 1459 κύκλῳ.
2874 1409 2892 1441 ι
2958 1388 3096 1441 ⁹Αλλ’
3145 1388 3323 1441 ἔνεστι
3372 1387 3471 1458 μὲν
3520 1388 3578 1440 ὲν
3625 1388 3834 1451 τούτοις

2259 1480 2718 1552 είσκεκομισμὲνα
2747 1480 2874 1533 ἰδεῖν
2907 1482 2963 1533 ἐν
2987 1483 3052 1552 τῇ
3086 1480 3216 1549 ἁγίᾳ
3245 1481 3416 1550 σκηνῇ
3469 1478 3540 1532 τὰ
3571 1479 3736 1551 σκεύη
3763 1479 3834 1532 τά

2260 1571 2410 1641 ἱερά·
2441 1572 2502 1624 ού
2533 1572 2639 1642 μὴν
2683 1571 2761 1626 έτι
2807 1574 2902 1626 καὶ
2951 1571 3138 1642 σαφῶς
3169 1570 3260 1625 τὸν
3305 1572 3520 1642 ἑκάστῳ
3555 1572 3835 1641 πρέποντά

2258 1680 2316 1715 τε
2347 1662 2441 1716 καὶ
2470 1663 2842 1733 ἐκνεμηθὲντα
2865 1664 3048 1717 τόπον.
3079 1661 3266 1716 Βούλει
3296 1661 3362 1733 δὴ
3390 1659 3482 1717 οῦν
3509 1662 3616 1716 τῶν
3641 1663 3732 1715 ἐπὶ
3763 1665 3833 1734 τῇ

2262 1755 2433 1824 σκηνῇ
2487 1754 2922 1826 προσταγμάτων
2969 1753 3172 1826 λεπτήν
3224 1770 3288 1806 τε
3329 1754 3425 1807 καὶ
3476 1753 3680 1825 ἀκριϐῆ
3723 1753 3834 1819 τῶν

2190 1831 2232 1886 Β
2260 1842 2476 1895 τοιῶνδε
2511 1843 2608 1914 τὴν
2643 1843 2843 1911 γνῶσιν
2875 1841 3283 1915 ἐρανιζώμεθα;

656 1935 852 1990 PALL.
885 1936 998 2009 Ego
1021 1953 1152 1993 vero
1179 1937 1558 1994 libentissime.

656 2029 814 2085 (ΠΒ.
837 2029 1122 2100 Aititaque
1139 2031 1206 2085 ad
1221 2031 1438 2103 Moysen
1459 2034 1635 2088 Deus:
1675 2052 1692 2084 ‹
1729 2033 1797 2087 Ει
1817 2030 1986 2087 facies
2008 2031 2157 2086 vela-

585 2135 713 2174 men
735 2135 802 2175 ex
824 2119 1195 2190 hyacintho-et
1211 2137 1474 2192 purpura,
1493 2131 1548 2178 et
1564 2138 1728 2178 cocco
1744 2130 1907 2187 torto,
1924 2130 1980 2177 et
1998 2123 2159 2194 bysso

583 2219 743 2277 neta;
778 2227 920 2281 opus
951 2211 1135 2267 textile
1163 2212 1331 2268 facies
1361 2214 1495 2268 illud
1525 2213 1846 2278 Cherubim,
1874 2221 1931 2268 et
1964 2228 2158 2282 super-

584 2304 835 2374 impones
876 2304 1014 2359 illud
1061 2320 1226 2374 super
1266 2313 1503 2375 quatuor
1533 2307 1817 2361 columnas
1848 2305 2162 2375 imputribi-

580 2395 663 2452 les
698 2396 978 2450 inauratas
993 2411 1129 2450 auro
1153 2411 1166 2448 :
1193 2403 1249 2451 et
1281 2397 1458 2467 capita
1491 2412 1678 2452 earum
1713 2410 1901 2461 aurea,
1925 2405 1981 2450 et
2000 2395 2161 2450 bases

579 2498 772 2538 earum
807 2489 1044 2554 quatuor
1085 2493 1394 2555 urgentem:
1446 2493 1503 2540 et
1523 2501 1695 2556 pones
1717 2487 1965 2541 velamen
1994 2501 2160 2555 super

580 2576 883 2640 columnas,
905 2583 963 2630 et
989 2575 1218 2632 induces
1245 2577 1392 2633 intra
1415 2577 1663 2632 velamen
1702 2593 1884 2632 arcam
1909 2577 2159 2632 testimo-

578 2667 694 2733 nii,
732 2676 790 2722 et
839 2667 1047 2722 dividet
1088 2666 1246 2723 vobis
1285 2668 1535 2723 velamen
1587 2668 1730 2722 inter
1769 2668 2061 2734 Sanctum,
2105 2674 2162 2723 et

579 2760 728 2815 inter
776 2756 1038 2814 Sanctum
1087 2766 1398 2814 sanctorum
1429 2776 1442 2825 ;
1475 2768 1531 2814 et
1570 2760 1854 2830 cooperies
1891 2760 2161 2815 velamine

579 2859 764 2901 arcam
811 2848 1112 2903 testimonii
1150 2847 1204 2903 in
1253 2847 1453 2906 Sancto
1499 2857 1834 2914 sanctorum,
1887 2859 1944 2906 et
1988 2866 2162 2923 pones

579 2949 824 2993 mensam
875 2946 1036 2995 extra
1081 2939 1363 3005 velamen,
1421 2948 1477 2996 et
1529 2941 1919 2998 candelabrum
1969 2952 2161 2997 contra

580 3044 825 3084 mensam
864 3030 920 3085 in
957 3038 1112 3101 parte
1150 3031 1490 3087 tabernaculi
1557 3048 1679 3102 quae
1712 3033 1937 3104 respicit
1959 3033 2028 3088 ad
2060 3050 2159 3088 au-

583 3128 802 3187 strum;
857 3128 913 3176 et
959 3135 1202 3176 mensam
1256 3137 1428 3190 pones
1478 3121 1535 3175 in
1582 3133 1738 3193 parte
1823 3123 2161 3180 tabernaculi

583 3228 708 3282 quae
742 3213 970 3283 respicit
1005 3213 1074 3269 ad
1111 3213 1445 3284 aquilonem.
1481 3213 1551 3269 Et
1580 3215 1748 3271 facies
1777 3215 2162 3272 adductorium

579 3319 650 3360 ex
687 3304 988 3376 hyacintho
1013 3313 1070 3360 et
1099 3321 1364 3376 purpura,
1395 3314 1452 3361 et
1481 3321 1647 3361 cocco
1680 3314 1848 3372 torto,
1898 3315 1955 3362 et
2001 3307 2162 3379 bysso

581 3404 748 3461 torta,
799 3411 942 3466 opus
967 3396 1259 3452 variator-is
1287 3414 1303 3462 ;
1355 3405 1412 3452 et
1442 3393 1610 3453 facies
1641 3398 1898 3453 velamini
1919 3401 2163 3469 quinque

581 3488 886 3553 columnas,
921 3495 979 3543 et
1019 3488 1299 3543 ina-ambis
1335 3503 1428 3544 eas
1463 3504 1619 3555 auro,
1649 3497 1706 3545 et
1745 3491 1925 3560 capita
1969 3506 2162 3546 earum

581 3592 770 3644 aurea,
804 3569 1146 3636 eteonllabis
1174 3582 1256 3637 eis
1278 3582 1519 3652 quinque
1539 3582 1700 3638 bases
1719 3598 1899 3638 aeneas
1924 3584 1989 3637 ⁸ο.
2030 3603 2047 3634 ι
2078 3582 2157 3638 Ac

582 3667 651 3722 de
684 3666 772 3724 his
796 3668 1022 3739 quidem
1043 3670 1331 3727 hactenus.
1361 3671 1437 3726 De
1456 3671 1609 3726 labro
1629 3679 1815 3727 autem
1837 3672 1954 3728 haec
1984 3672 2118 3728 dicit
2143 3700 2159 3736 τ

591 3776 610 3808 ι
639 3759 834 3815 Facies.
877 3760 1093 3816 labrum
1146 3777 1382 3826 mneum,
1423 3769 1479 3817 et
1516 3761 1692 3817 basim
1727 3763 1900 3832 ipsius
1931 3778 2162 3828 amcam,

584 3857 646 3903 ut
674 3850 950 3916 laventur,
979 3861 1037 3908 et
1069 3868 1241 3922 pones
1280 3853 1414 3906 illud
1448 3853 1590 3907 inter
1619 3853 2038 3909 tabernaculum
2079 3863 2164 3909 te-

582 3941 830 3996 stimonii
869 3950 927 3996 et
956 3943 1130 3998 altare
1162 3943 1229 3996 ⁸¹.
1263 3962 1282 3994 ι
1331 3941 1476 3997 Num
1513 3943 1612 3996 tibi
1644 3944 1936 4014 perspicue
1959 3944 2027 3999 de
2048 3944 2165 3999 sin-

582 4032 725 4104 gulis
762 4032 971 4089 dictum
999 4033 1218 4089 videtur
1242 4034 1266 4088 ?

2189 3165 2231 3223 C

3416 1916 3527 1929 uua-4.

2330 1934 2538 1987 HAAA.
2581 1933 2668 1998 Ὣς
2698 1933 2890 2003 ἥδιστά
2923 1950 3010 2001 γε.

2331 2023 2492 2078 ΚΥΡ,
2528 2025 2672 2093 Ἔφη
2705 2023 2882 2076 τοίνυν
2926 2023 3185 2092 πρὸς-τὸν
3233 2022 3376 2094 ἱερὸν
3419 2019 3627 2078 Μωσέα
3676 2022 3830 2086 Θεός·

2266 2131 2284 2164 ι
2321 2114 2432 2167 Kal
2455 2115 2702 2186 ποιήσεις
2726 2114 3126 2184 καταπέτασμα
3154 2112 3213 2178 ὲξ
3238 2111 3492 2167 ὑακίνθου
3511 2113 3605 2166 καὶ
3622 2111 3833 2183 πορφύο

2262 2224 2382 2277 ρας,
2419 2206 2514 2260 καὶ
2539 2206 2789 2260 κοκκίνου
2815 2204 3216 2276 κεκλωσμένου,
3233 2204 3327 2258 καὶ
3357 2204 3554 2274 βύσσου
3571 2202 3836 2274 νενησμέ-

2260 2316 2376 2370 νης·
2422 2297 2581 2369 ἔργον
2630 2297 2864 2367 ύφαντὸν
2918 2297 3162 2368 ποιήσεις
3209 2296 3339 2349 αὐτὸ
3377 2295 3678 2365 Χερουύίμ.
3723 2295 3835 2347 Kal

2260 2392 2545 2462 ἐπιθήσεις
2584 2389 2716 2444 αὐτὸ
2750 2389 2844 2443 ἐπὶ
2889 2389 3172 2457 τεσσάρων
3202 2387 3409 2442 στύλων
3441 2389 3703 2456 ἀσήπτων
3736 2402 3834 2438 κε-

2261 2484 2628 2556 χρυσωμένων
2662 2483 2892 2554 χρυσίῳ.
2922 2483 3033 2536 Kal
3077 2485 3133 2537 ai
3165 2483 3452 2551 κεφαλίδες
3489 2480 3670 2534 αὐτῶν
3701 2496 3836 2550 χρυ-

2263 2580 2372 2642 σαῖ,
2423 2577 2518 2630 καὶ
2560 2576 2616 2628 αἱ
2671 2575 2858 2645 βάσεις
2904 2575 3086 2628 αὐτῶν
3125 2575 3390 2646 τέσσαρες
3422 2574 3684 2644 ἀργυραῖ.
3725 2572 3836 2625 Καὶ

2262 2668 2448 2740 θήσεις
2486 2668 2545 2720 τὸ
2576 2667 2981 2737 καταπέτασμα
3017 2665 3110 2719 ἐπὶ
3139 2666 3247 2720 τῶν
3284 2665 3514 2737 στύλων,
3550 2662 3644 2716 καὶ
3673 2660 3836 2715 είσοί-

2264 2775 2375 2824 σεις
2397 2761 2513 2813 ἐκεῖ
2539 2760 2803 2832 ἐσώτερον
2834 2758 2928 2811 τοῦ
2960 2757 3447 2827 καταπετάσματος
3480 2756 3578 2827 τὴν
3603 2751 3839 2808 κιϐωτὸν

2261 2851 2355 2905 τοῦ
2399 2850 2718 2922 μαρτυρίου.
2769 2851 2879 2904 Kal
2927 2849 3118 2919 διοριετ
3162 2848 3224 2901 τὸ
3255 2847 3658 2916 καταπέτασμα
3705 2844 3836 2914 ὑμῖν

2261 2941 2533 3011 ἀναμέσον
2563 2940 2656 2994 τοῦ
2699 2940 2905 3008 Ἀγίου,
2936 2939 3030 2993 καὶ
3062 2937 3336 3008 ἁναμέσον
3368 2934 3462 2988 τοῦ
3507 2933 3686 3000 Ἀγίου
3725 2930 3836 2984 τῶν

2261 3036 2451 3105 ἁγίων.
2481 3031 2902 3102 Κατακαλύψεις
2927 3031 3006 3102 τῷ
3028 3029 3478 3100 καταπετάσματι
3492 3026 3589 3098 τὴν
3605 3023 3838 3079 κιϐωτὸν

2263 3126 2357 3180 τοῦ
2395 3126 2694 3198 μαρτυρίου
2729 3127 2786 3178 ἐν
2815 3123 2894 3196 τῷ
2938 3125 3107 3196 Ἀγίῳ
3147 3123 3254 3177 τῶν
3283 3121 3473 3191 ἁγίων.
3503 3119 3613 3172 Καὶ
3647 3115 3838 3186 ἐπιθή-

2266 3237 2378 3283 σεις
2403 3220 2501 3289 τὴν
2529 3216 2806 3290 τράπεζαν
2836 3217 3035 3282 ἔξωθεν
3065 3215 3160 3269 τοῦ
3192 3213 3706 3282 καταπετάσματος,
3740 3209 3836 3262 καὶ

2257 3309 2355 3380 τὴν
2387 3308 2606 3379 λυχνίαν
2653 3307 2912 3362 ἀπέναντι
2932 3307 3030 3376 τῆς
3063 3305 3341 3378 τραπέζης
3385 3303 3479 3356 ἐπὶ
3511 3302 3709 3373 μέρους
3736 3299 3835 3369 τῆς

2260 3402 2466 3474 σκηνῆς
2490 3401 2549 3454 τὸ
2581 3401 2720 3473 πρὸς
2750 3401 2923 3453 νότον.
2954 3399 3064 3452 Kal
3093 3398 3191 3470 τὴν
3221 3397 3499 3470 τράπεζαν
3527 3394 3714 3465 θήσεις
3743 3391 3836 3444 ἐπὶ

2262 3495 2460 3565 μέρους
2508 3492 2605 3563 τῆς
2647 3492 2853 3562 σκηνῆς
2885 3492 2944 3548 τὸ
2995 3489 3132 3560 πρὸς
3166 3488 3388 3561 βορρᾶν.
3434 3487 3544 3539 Kal
3590 3483 3834 3554 ποιήσεις

2259 3583 2628 3654 ἐπίσπαστρον
2669 3586 2736 3654 τῇ
2766 3582 2906 3655 θύρᾳ
2959 3582 3058 3652 τῆς
3104 3579 3310 3652 σκηνῆς
3353 3576 3414 3643 ἐξ
3452 3575 3707 3630 ὑακίνθου
3742 3573 3837 3627 καὶ

2265 3673 2574 3745 πορφύρας,
2607 3672 2702 3726 καὶ⁵
2747 3673 3000 3726 κοκκίνου
3045 3669 3450 3740 κεκλωσμένου,
3497 3666 3592 3721 καὶ
3637 3664 3832 3735 βύσσου

2261 3765 2670 3837 κεκλωσμένης,
2697 3765 2856 3836 ἔργον
2885 3763 3184 3817 ποικιλτοῦ.
3207 3761 3318 3816 Kal
3343 3760 3592 3830 ποιήσεις
3621 3757 3699 3828 τῷ
3728 3773 3833 3811 κα-

2261 3853 2642 3924 ταπετάσματι
2673 3853 2834 3906 πέντε
2865 3853 3110 3916 στύλους,
3149 3851 3246 3904 καὶ
3291 3847 3596 3920 χρυσώσεις
3635 3847 3834 3909 αὐτοὺς

2261 3945 2471 4016 χρυσίῳ
2490 3961 2504 3976 ο
2528 3944 2623 3996 καὶ
2643 3945 2701 3998 αἱ
2723 3945 3008 4014 κεφαλίδες
3047 3943 3226 3998 αὐτῶν
3255 3942 3475 4012 χρυσαῖ,
3507 3939 3601 3994 καὶ
3632 3935 3836 4010 χωνεύ-

2266 4054 2380 4100 σεις
2408 4036 2590 4098 αὐτοῖς
2633 4034 2794 4088 πέντε
2827 4035 3012 4106 βάσεις
3056 4033 3288 4106 χαλκᾶς.
3325 4051 3344 4084 ι
3385 4031 3494 4084 Kal
3540 4029 3698 4082 ταυτὶ
3735 4029 3833 4098 μὲν

583 4127 715 4196 περὶ
735 4125 956 4181 τούτων.
990 4127 1124 4197 Περὶ
1150 4126 1208 4179 δέ
1257 4143 1319 4196 γε
1354 4125 1446 4180 τοῦ
1483 4126 1745 4198 λουτῆρος
1781 4119 1882 4182 ὧδέ
1920 4127 1994 4198 πή
2026 4143 2178 4200 φησι·
2227 4147 2246 4180 ι
2286 4129 2517 4198 Ποίησον
2539 4127 2777 4198 λουτῆρα
2813 4127 3069 4198 χαλκοῦν,
3112 4127 3205 4182 καὶ
3257 4126 3413 4197 βάσιν
3445 4123 3594 4194 αύτῷ
3625 4120 3834 4192 χαλκῆν

598 4220 740 4274 ὥστε
784 4219 1094 4284 νίπτεσθαι,
1133 4220 1229 4273 καὶ
1261 4219 1445 4290 θήσεις
1497 4219 1661 4272 αὐτὸν
1703 4219 1808 4273 άνὰ
1856 4221 2018 4290 μέσον
2064 4221 2163 4292 τῆς
2205 4224 2409 4293 σκηνῆς
2472 4219 2565 4274 τοῦ
2609 4219 2931 4292 μαρτυρίου,
2963 4218 3056 4272 καὶ
3081 4219 3186 4273 άνά
3209 4217 3373 4289 μέσον
3403 4215 3499 4270 τοῦ
3533 4214 3831 4284 θυσιαστη-

587 4313 728 4384 ρίου,
760 4331 778 4363 ι
807 4308 957 4384 Ἀρά
988 4329 1070 4364 σοι
1108 4310 1280 4382 σαφὴς
1313 4310 1342 4361 ὁ
1377 4311 1463 4379 ἐφ’
1489 4311 1703 4381 ἑκάστῳ
1741 4310 1898 4379 λόγος
1927 4327 1942 4379 ;

655 4403 854 4460 PALL.
883 4403 1105 4458 Minime
1140 4418 1310 4458 vero:
1343 4401 1537 4457 dubito
1574 4401 1723 4457 enim
1761 4417 1912 4467 sane,
1955 4401 2163 4473 etquid
2194 4409 2241 4469 ι)

586 4497 723 4552 illud
744 4496 851 4552 sibi
878 4495 1031 4560 velit,
1064 4511 1175 4550 non
1210 4493 1388 4548 habeo
1421 4493 1627 4548 dicere.

652 4588 814 4644 CYR.
872 4586 1223 4658 Singulorum
1271 4586 1439 4656 igitur
1482 4585 1795 4650 verborum,
1839 4601 1962 4655 quae
1994 4584 2157 4639 modo

582 4678 769 4750 posui,
807 4677 902 4732 ubi
940 4691 1005 4732 ea
1044 4690 1329 4746 sumpsero
1356 4690 1479 4745 quae
1513 4673 1581 4728 ad
1601 4687 1793 4729 eorum
1825 4675 2159 4743 contempla-

584 4773 791 4826 tionem
807 4770 963 4824 utilia
986 4776 1139 4833 sunt,
1156 4767 1454 4822 dilucidam
1486 4775 1648 4837 atque
1681 4767 2028 4836 perspicuam
2057 4780 2159 4836 pro

583 4862 797 4916 viribus
820 4859 1216 4931 expositionem
1257 4858 1502 4913 all‘eram.
1525 4859 1780 4913 Erectum
1811 4872 2046 4927 namque
2075 4866 2160 4911 est
2196 4886 2198 4890 -

588 4953 644 5008 in
679 4952 897 5007 deserto
933 4965 1152 5005 sacrum
1181 4949 1316 5005 illud
1352 4949 1785 5014 tabernaculum,
1809 4948 2039 5014 Palladi,
2066 4949 2167 5004 du-

587 5046 720 5116 plici
746 5041 1147 5116 quodammodo
1167 5043 1275 5097 situ
1297 5058 1362 5099 ac
1390 5042 1559 5114 figura
1586 5060 1600 5108 ;
1627 5049 1789 5112 atque
1812 5055 1921 5095 una
1943 5040 2165 5111 quidem

587 5137 708 5206 ejus
739 5150 868 5206 pars
913 5133 1106 5187 intima
1161 5141 1309 5197 erat,
1359 5147 1532 5201 eaque
1589 5131 1790 5186 Sancta
1851 5138 2166 5188 sanctorum

589 5227 966 5298 appellabatur
991 5241 1005 5278 :
1042 5224 1206 5297 hujus
1226 5233 1347 5279 erat
1370 5223 1542 5278 veluti
1573 5223 1781 5292 primus
1801 5222 2020 5292 quidam
2064 5221 2164 5275 ad-

590 5316 722 5384 itus,
750 5327 808 5375 et
835 5319 978 5374 circa
1003 5333 1124 5373 eam
1156 5321 1332 5387 posita
1364 5329 1489 5385 pars
1510 5314 1600 5368 illa
1621 5314 1791 5384 prior,
1813 5329 1934 5384 qua:
1964 5313 2162 5368 Sancta

590 5411 926 5478 vocabatur;
967 5419 1130 5481 atque
1162 5411 1218 5464 in
1258 5409 1454 5464 intimo
1505 5407 1597 5462 illo
1640 5407 1993 5462 tabernaculo
2039 5414 2162 5460 erat

592 5515 716 5555 arca
751 5501 1010 5570 reposita,
1051 5501 1120 5556 de
1166 5508 1402 5570 quatuor
1431 5499 1700 5555 columnis
1735 5497 1983 5553 velamen
2036 5512 2160 5551 sus-

594 5605 819 5661 pensum
859 5592 1069 5648 habens
1115 5592 1406 5648 artiﬁciose
1425 5607 1490 5648 ex
1527 5591 1841 5663 hyacintho,
1899 5605 2159 5661 purpura,

695 5777 713 5803 "
739 5773 912 5829 Exod.
948 5790 1031 5840 XL,
1066 5775 1177 5832 5—8.
1258 5777 1298 5806 δ”
1335 5773 1504 5830 Exod.
1550 5791 1690 5840 xxvi,
1742 5775 1924 5829 ’ὀί-57.

2334 4400 2542 4456 ΠᾹΛΔ.
2574 4400 2649 4454 Οὐ
2683 4400 2782 4470 μὲν
2812 4393 2904 4453 οὗν
2931 4416 2946 4432 ο
2980 4399 3290 4471 διηπόρηκα
3315 4400 3422 4471 γάρ
3441 4438 3456 4465 ,
3483 4397 3609 4452 ίσθι’
3657 4396 3755 4450 καὶ
3782 4398 3838 4452 τί

2263 4491 2324 4544 τὸ
2355 4491 2567 4561 χρῆμα,
2601 4490 2778 4542 εἰπεῖν
2807 4489 2907 4542 οὐκ
2932 4489 3061 4560 ἔχω.

2334 4581 2498 4634 ΚΥΡ.
2527 4578 2740 4633 Οὐκοῦν
2759 4579 2844 4648 ἐφ’
2869 4579 3083 4651 ἑκάστῳ
3097 4580 3204 4633 τῶν
3224 4579 3600 4651 προκειμένων
3632 4577 3836 4650 ῥητῶν,

2265 4673 2346 4736 εἰς
2376 4671 2609 4743 θεωρίαν
2624 4670 2722 4742 τὴν
2748 4671 2834 4724 ἐπ’
2860 4672 3041 4736 αὐτοῖς
3070 4672 3130 4725 τὸ
3158 4670 3346 4726 τελοῦν
3375 4671 3650 4743 ἀρπάσας,
3690 4672 3838 4741 σαφῆ

2267 4763 2363 4816 καὶ
2395 4763 2846 4834 εὐκρινεστάτην,
2883 4763 2958 4827 ὡς
2990 4762 3056 4817 ἂν
3084 4758 3194 4828 οἷός
3227 4781 3287 4818 τε
3314 4757 3380 4831 ὧ,
3407 4766 3706 4836 ποιήσομαι
3738 4765 3840 4834 τὴν

2265 4856 2564 4926 ἀφήγησιν.
2609 4854 2936 4925 Ἐγήγερται
2977 4855 3074 4924 μὲν
3099 4855 3230 4927 γὰρ,
3272 4850 3316 4909 ὣ
3364 4854 3655 4921 Παλλάδιε,
3696 4855 3840 4908 κατά

2263 4945 2364 5016 τὴν
2393 4945 2599 5015 ἔρημον
2628 4944 2662 5013 ὴ
2688 4943 2816 5012 άγία
2845 4942 3036 5014 σκηνὴ,
3063 4943 3138 5007 ὡς
3161 4945 3217 4997 ἐν
3248 4944 3396 4999 θέσει
3417 4960 3478 4997 τε
3512 4946 3603 4998 καὶ
3627 4945 3684 4998 ἐν
3710 4943 3840 4997 εἴδει

2261 5037 2456 5106 διπλῷ.
2485 5037 2595 5089 Kal
2632 5037 2730 5106 μία
2769 5034 2864 5106 μὲν
2903 5029 2971 5106 ἦν
3005 5037 3040 5106 ἡ
3085 5036 3330 5108 ἐσωτάτη
3353 5053 3368 5069 ·
3397 5035 3569 5106 ὕνομα
3592 5035 3648 5088 δὲ
3675 5034 3836 5104 αὐτῇ,

2259 5128 2328 5181 τά
2366 5128 2528 5198 Ἀγια
2546 5128 2655 5181 τῶν
2696 5129 2885 5197 ἁγίων.
2913 5129 3246 5202 Προεισὸολὴ
3283 5129 3340 5182 δὲ
3381 5127 3571 5200 ὥσπερ
3614 5145 3698 5191 τις
3743 5127 3840 5180 καὶ

2263 5221 2390 5291 περὶ
2415 5219 2584 5290 αὐτὴν
2611 5223 2644 5290 ὴ
2674 5221 2885 5293 πρώτη,
2915 5222 2983 5274 τά
3017 5220 3247 5292 ἐπίκλην
3275 5221 3462 5288 Ἅγια.
3489 5221 3598 5273 Καὶ
3628 5221 3708 5282 είς
3737 5217 3838 5289 μέν

2269 5313 2367 5382 τὴν
2401 5311 2658 5365 ἐσωτάτω
2705 5314 3012 5385 σκηνὴν,ή
3065 5313 3292 5376 κιϐωτὸς
3346 5311 3690 5376 ἀπετέθειτο,
3744 5309 3837 5362 ἐπὶ

2267 5404 2547 5475 τεσσάρων
2583 5403 2790 5458 στύλων
2823 5405 3041 5478 χρυσῶν
3085 5406 3281 5476 ἔχουσα
3314 5402 3702 5474 περιπέτασμα
3736 5417 3838 5454 σιε-

2268 5496 2564 5566 ποιημένον
2591 5497 2854 5567 ἐντέχνως
2887 5498 2946 5563 ἐξ
2987 5496 3239 5550 ὑακίνθου
3271 5496 3364 5549 καὶ
3397 5494 3707 5565 πορφύρας,
3742 5491 3841 5543 καὶ

2269 5588 2521 5642 κοκκίνου
2570 5589 2972 5662 κεκλωσμένου,
3000 5589 3090 5645 καὶ
3127 5588 3324 5660 βύσσου
3359 5585 3709 5656 νενησμένης.
3745 5583 3840 5635 Εἱ-

2005 5776 2040 5804 ’·¹
2077 5771 2252 5829 Exod.
2294 5771 2531 5836 xxx,18.
2573 5771 2650 5826 19.
