4142 6296
285 402 383 457 661
1022 394 1110 449 DE
1142 392 1582 450 ADORATIONE
1619 396 1685 449 1N
1720 392 1987 455 SPIRITU
2030 392 2118 447 ET
2156 392 2524 448 VERITATE.
2567 393 2694 446 LIB.
2738 392 2815 447 Xa
3439 390 3542 446 662

288 512 520 583 ρηκότες
562 511 619 565 δὲ
664 510 786 580 ἢδη,
819 507 1202 579 καὶ,καθάπερ
1236 502 1468 580 ἐγῷμαι,
1514 511 1754 582 διαρκῶς
1790 509 1859 563 τὰ

1986 522 2127 561 :occo
2172 515 2338 571 torto,
2388 524 2451 562 ac
2500 507 2660 579 bysso
2705 516 2830 561 neta
2872 505 3202 562 confectum.
3253 505 3380 569 Sed,
3413 509 3542 575 quia

287 603 381 657 ὲπί
420 619 479 656 τε
508 604 573 672 τῇ
609 600 793 671 βύσσῳ
823 600 919 652 καί⁸
955 601 1020 669 τῇ
1076 600 1351 673 πορφύρᾳ,
1397 602 1491 654 καὶ
1521 600 1600 671 τῷ
1662 600 1868 655 κεκλω-

1989 612 2075 650 am
2128 596 2196 652 de
2228 596 2417 669 bysso,
2449 606 2505 652 ct
2552 614 2795 671 purpura
2826 607 2882 652 et
2913 612 3077 653 cocco
3103 605 3266 662 torto,
3300 596 3465 669 334
3490 606 3545 652 et

292 692 474 764 σμένῳ
488 689 748 760 κοκκίνῳ,
773 690 865 742 καὶ
890 689 991 759 μέν
1009 692 1205 745 τοικαὶ
1224 692 1483 763 ὑακίνθῳ,
1499 690 1866 761 παρωσόμεθα

294 783 394 853 μὲν
417 782 476 834 τὸ
502 779 802 842 ταυτοεπές
820 795 845 853 '_
864 781 1041 834 ὲκεῖνὸ
1068 798 1131 850 γε
1162 781 1266 853 μὴν
1298 781 1527 853 ἐροῦμεν
1549 784 1629 844 εἰς
1653 782 1713 833 τὸ
1728 796 1868 850 παρ-

290 848 369 927 όν·
418 870 493 925 Τὸ
525 848 925 940 καταπέταᾶμα
960 871 1031 939 τὸς
1062 848 1467 943 ἐπὶ-τεσσάρων
1504 870 1711 924 στύλων
1736 848 1869 940 χρυ·

292 963 426 1028 σῶν,
458 956 534 1017 ὧν
563 962 620 1015 αἱ
669 959 853 1032 βάσεις
879 961 1140 1033 ἀργυραῖ,
1184 962 1248 1016 τὸ
1293 961 1533 1034 Χριστοῦ
1568 963 1866 1033 μυστήριον

292 1054 565 1125 ὑπεδήλου
593 1052 735 1107 τότε.
758 1051 823 1104 Τί
851 1051 959 1123 γάρ
980 1069 995 1118 ;
1019 1053 1141 1122 οὐχὶ
1166 1055 1568 1125 καταπέτασμα.
1617 1053 1678 1108 τὸ
1708 1053 1868 1124 σῶμα

300 1150 536 1224 Χριστοῦ
562 1152 654 1204 καὶ
667 1149 825 1218 σοφὸς
841 1150 973 1220 ήμῖν
995 1149 1245 1220 ὠνόμασε
1263 1149 1497 1217 Παῦλος,
1510 1150 1651 1203 οὕτω
1670 1148 1865 1217 λέγων,

307 1262 324 1294 ι
365 1242 467 1294 Ἢν
515 1239 848 1293 ἐνεκαίνισεν
896 1242 1026 1311 ἡμῖν
1053 1241 1169 1294 ὁδὸν
1198 1242 1510 1315 πρόσφατον
1544 1243 1638 1295 καὶ
1688 1240 1868 1306 ζῶσαν

295 1329 384 1382 διά
418 1328 513 1382 τοῦ
553 1330 1072 1400 καταπετάσματος,
1116 1331 1383 1396 τουτέστι,
1415 1332 1514 1403 τῆς
1539 1331 1738 1403 σαρκὸς
1767 1333 1867 1386 αύ-

294 1420 491 1488 τοῦ;›

367 1512 575 1565 ΠΛΛΛ.
627 1511 828 1584 Ὀρθῶς
859 1511 1019 1585 ἔφης.

366 1601 531 1656 ΚΥΡ.
578 1600 763 1672 Ἀθρει
795 1599 858 1674 δὴ
886 1597 981 1656 οὖν
1002 1602 1080 1673 ᾡς
1104 1604 1162 1655 ὲν
1191 1605 1370 1667 σκιαῖς
1401 1603 1494 1658 καὶ
1529 1605 1867 1676 αἰνίγμασιν,

293 1692 529 1756 ὅτιθεὸς
556 1691 632 1746 ὣν
661 1694 754 1747 καὶ
778 1694 844 1747 ἐκ
865 1692 1000 1747 Θεοῦ
1031 1692 1243 1767 Πατρὸς
1278 1695 1418 1748 κατὰ
1441 1695 1601 1765 φύσιν
1625 1698 1654 1750 ό
1677 1697 1866 1767 Λόγος,

1968 686 2037 740 de
2064 686 2358 757 hyacintho
2385 688 2536 753 satis,
2576 695 2638 740 ιιι
2669 686 3228 752 arbitror,.diximus,
3258 685 3545 740 vitandum

1968 785 2121 846 puto,
2153 793 2222 832 ne
2251 778 2443 832 eadem
2466 784 2797 847 repetamus.
2814 777 2956 832 ,lllud
2986 785 3168 832 tamen
3200 778 3257 832 in
3289 776 3545 846 praesenti

1968 873 2234 937 dicemus,
2262 873 2511 928 velamen
2544 873 2700 939 illud,
2730 874 2877 944 quod
2907 873 2963 928 in
2998 881 3236 943 quatuor
3274 874 3550 930 columnis

1969 967 2245 1022 deauratis
2281 965 2519 1037 positum
2557 974 2694 1031 erat,
2721 982 2956 1036 quarum
2993 972 3152 1021 erant
3173 965 3334 1020 bases
3356 981 3550 1035 argen-

1969 1068 2091 1123 teae,
2116 1058 2322 1113 Christi
2345 1065 2458 1113 tum
2481 1056 2815 1128 signiﬁcasse
2838 1058 3179 1129 mysterium.
3206 1055 3348 1121 Quid
3373 1056 3550 1113 enim?

1968 1149 2160 1204 Nonne
2212 1149 2413 1205 Paulus
2452 1162 2672 1219 quoque
2713 1148 2799 1203 vir
2845 1134 3079 1218 sapiens
3101 1146 3307 1203 Christi
3349 1160 3552 1215 corpus

1968 1240 2218 1296 velamen
2269 1242 2584 1311 appellavit,
2633 1257 2759 1297 cum
2813 1240 2996 1295 dixit:
3040 1257 3058 1291 ι
3094 1238 3267 1303 Quam
3314 1236 3567 1293 initiavit

1968 1331 2131 1387 nobis
2150 1332 2293 1386 viam
2322 1348 2517 1387 novam
2543 1340 2600 1388 et
2635 1333 2909 1387 viventem
2942 1345 3043 1400 per
3064 1329 3335 1396 velamen,
3366 1328 3421 1385 id
3443 1337 3562 1391 est,

1971 1438 2192 1479 carnem
2225 1438 2379 1480 suam
2400 1424 2483 1477 “‘2
2523 1442 2542 1475 ι
3166 1412 3170 1416 ’

2042 1515 2241 1569 PALL.
2269 1516 2435 1570 Recte
2459 1515 2618 1571 dicis.

2041 1605 2199 1661 CVR.
2228 1606 2363 1662 Vide
2392 1607 2558 1678 igitur
2584 1613 2841 1677 tanquam
2863 1606 2919 1660 in
2947 1604 3157 1661 umbris
3171 1586 3584 1675 etaanigmatef

1973 1694 2215 1749 Verbum
2249 1695 2407 1761 illud,
2439 1695 2586 1766 quod
2612 1696 2760 1751 Deus
2796 1703 2935 1762 erat,
2960 1704 3015 1751 et
3043 1711 3111 1750 ex
3133 1695 3246 1750 Deo
3278 1695 3440 1749 Patre
3465 1710 3554 1748 se—

295 1786 375 1850 ὼς
421 1788 479 1840 ὲν
515 1789 689 1859 χρυσῇ
743 1788 839 1841 καὶ⁴
883 1788 1116 1859 άσήπτῳ
1157 1788 1350 1858 γέγονε
1398 1789 1765 1860 κιϐωτῷ,στῷ
1808 1795 1872 1845 ἐκ

1986 1787 2215 1841 eundum
2252 1798 2526 1854 naturam,
2567 1790 2624 1843 in
2652 1805 2817 1844 aurea
2843 1796 3009 1859 atque
3050 1786 3374 1858 imputribili
3405 1803 3553 1853 area,

295 1875 575 1947 Παρθένου
636 1876 771 1947 ναῷ·
823 1876 1066 1949 ἄσηπτον
1111 1880 1218 1951 γὰρ
1266 1880 1362 1933 atat
1398 1879 1580 1950 τίμιον
1621 1882 1683 1934 τὸ
1713 1882 1873 1952 σῶμα

295 1966 553 2040 Χριστοῦο
593 1969 878 2040 μονονουχὶ
923 1968 981 2024 δὲ
1021 1970 1115 2024 καί⁸
1157 1970 1458 2041 ἐκρύπτετο
1517 1972 1769 2044 καθάπερ
1814 1974 1872 2027 ὲν

296 2056 448 2122 τάξει
468 2058 982 2129 καταπετάσματος,
1010 2059 1110 2132 τὴν
1128 2059 1305 2132 σάρκα
1320 2060 1519 2114 λαϐών·
1536 2061 1873 2135 κρύπτεσθαι

299 2151 356 2203 δέ
390 2168 570 2220 φαμεν
599 2150 691 2203 τὸν
714 2152 778 2204 ὲκ
807 2151 942 2204 Θεοῦ
983 2153 1178 2222 Λόγον,
1225 2155 1325 2224 οὐχ
1354 2153 1430 2216 ὼς
1457 2155 1515 2208 ὲν
1552 2154 1743 2226 βραχεῖ
1775 2172 1872 2208 πε-

298 2239 643 2313 ριορισθέντα
688 2240 924 2312 σώματιο
976 2244 1222 2315 πανταχῆ
1253 2244 1360 2314 γὰρ
1406 2244 1497 2298 καὶ
1544 2245 1604 2297 ἐν
1644 2246 1809 2297 πᾶσιν
1845 2246 1874 2298 ὁ

296 2335 455 2413 Υἱόςχ
475 2334 615 2388 ἀλλὰ
657 2334 734 2406 τῷ
774 2334 1057 2391 λανθάνειν
1098 2337 1479 2408 οἰκονομικῶς,
1514 2339 1607 2391 καὶ
1646 2337 1738 2390 τὸν
1772 2337 1874 2406 τῆς

295 2424 623 2490 ἀναδείξεως
672 2426 972 2496 ὑπομένειν
1022 2427 1233 2499 καιρόν.
1282 2429 1627 2493 Ἀναδείξεως
1678 2430 1735 2483 δὲ
1778 2429 1876 2498 τῆς

298 2519 381 2581 εἰς
418 2517 661 2581 ἅπαντας
687 2519 715 2572 ό
744 2518 958 2591 καιρὸς,
1006 2522 1039 2590 ή
1075 2522 1138 2573 ὲκ
1157 2521 1365 2591 νεκρῶν
1414 2521 1727 2585 ἀναϐίωσις.
1764 2522 1893 2595 Πρὸ⁷

1974 1877 2030 1932 in
2050 1892 2115 1931 co
2136 1876 2399 1933 nimirum
2425 1878 2652 1948 templo,
2678 1880 2824 1950 quod
2844 1887 2965 1935 erat
2988 1896 3055 1935 ex
3080 1879 3323 1950 Virgine,
3355 1878 3547 1933 fuisse:

1973 1968 2314 2038 imputribile
2362 1984 2599 2039 namque
2652 1985 2716 2024 ac
2748 1971 3049 2041 pretiosum
3078 1978 3162 2026 est
3193 1969 3398 2025 Christi
3432 1985 3557 2025 corr

1971 2046 2112 2128 pus':
2162 2067 2325 2130 atque
2371 2067 2629 2130 suscepta
2690 2075 2877 2124 carne,
2936 2069 3198 2131 tanquam
3252 2061 3378 2115 velo
3424 2075 3561 2131 quo-

1972 2148 2097 2203 dam
2155 2149 2551 2219 propemodum
2599 2150 2912 2205 occultari:
2953 2151 3222 2205 occultari
3263 2160 3445 2206 autem
3473 2151 3559 2205 di-

1972 2239 2148 2295 cimus
2175 2239 2310 2294 illud
2337 2256 2406 2295 ex
2449 2240 2562 2295 Dee
2602 2241 2864 2306 Verbum,
2902 2256 3015 2297 non
3046 2240 3199 2313 quod
3228 2243 3411 2314 exigui
3436 2258 3561 2297 cor-

1973 2332 2126 2402 poris
2185 2331 2439 2387 terminis
2497 2330 2821 2386 deﬁniretur
2909 2332 3149 2405 (ubique
3209 2335 3357 2389 enim
3407 2343 3463 2389 et
3508 2334 3565 2387 in

1975 2423 2231 2477 omnibus
2253 2432 2338 2479 est
2366 2421 2581 2495 Filius),
2608 2422 2707 2479 sed
2723 2423 2872 2495 quod
2903 2423 3330 2495 dispensationis
3353 2424 3566 2480 ratione

1975 2518 2194 2581 lateret,
2239 2524 2296 2570 et
2342 2514 2733 2571 declarationis
2792 2525 3012 2586 tempus
3063 2522 3427 2586 exspectaret.
3459 2514 3565 2569 De—

308 2609 409 2680 μέν
450 2609 560 2680 γὰρ
589 2608 683 2662 τοῦ
726 2611 908 2681 τιμίου
960 2610 1220 2681 σταυροῦ,
1249 2614 1363 2674 τοῖς
1393 2612 1569 2678 ἁγίοις
1612 2612 1877 2667 ἐπέταττε

1986 2606 2301 2663 elarationis
2339 2616 2522 2663 autem
2556 2615 2792 2678 tempus,
2821 2622 2931 2678 quo
2956 2617 3075 2664 erat
3097 2607 3355 2663 omnibus
3379 2616 3567 2663 osten-

311 2702 602 2773 μαθηταῖς,
634 2703 719 2756 ἵνα
748 2704 821 2774 μὴ
849 2704 1083 2775 φανερὸν
1117 2704 1280 2757 αὑτὸν
1315 2704 1534 2759 ποιῶσι.
1565 2704 1881 2776 Γέγραπται

1986 2701 2220 2767 dendus,
2246 2701 2382 2756 illud
2412 2701 2535 2766 fuit,
2565 2717 2691 2756 cum
2716 2702 3006 2765 a,mortuis
3031 2700 3229 2755 revixit
3256 2719 3266 2753 :
3292 2716 3419 2755 nam
3443 2710 3569 2755 ante

308 2789 422 2862 γὰρ
442 2790 560 2844 ὡδί.
588 2792 741 2845 Μετὰ
765 2791 821 2846 δέ
844 2810 907 2863 γε
939 2793 1000 2846 τὸ
1029 2793 1328 2848 ἀναϐιῶναι
1372 2794 1609 2848 παθόντα
1667 2795 1756 2848 τὸν
1788 2794 1884 2850 θά-

1986 2791 2277 2865 pretiosam
2308 2793 2456 2849 illam
2479 2809 2700 2849 crucem
2741 2793 2947 2849 sanctis
2975 2793 3088 2848 suis
3116 2792 3401 2863 discipulis
3426 2807 3570 2862 prae-

310 2895 486 2945 νατον,
517 2898 536 2931 ι
585 2880 982 2952 Πορευθέντες,
1012 2883 1163 2952 φησὶ,
1205 2880 1583 2953 μαθητεύσατε
1614 2881 1789 2935 πάντα
1814 2880 1884 2934 τὰ

1986 2884 2151 2955 cepit,
2176 2900 2243 2939 ne
2266 2901 2324 2940 se
2345 2884 2694 2940 manifestum
2719 2884 2966 2939 facerent
2990 2902 3004 2952 ;
3028 2884 3107 2940 sic
3130 2884 3278 2940 enim
3304 2883 3612 2953 scriptum

308 2968 457 3041 ἔθνη,
482 2970 831 3041 βαπτίζοντες
882 2972 1074 3037 αὐτοὺς
1098 2974 1177 3036 εἰς
1222 2972 1283 3025 τὸ
1313 2973 1481 3043 ὄνομα
1523 2970 1614 3025 τοῦ
1653 2972 1883 3042 Πατρὸς,

1986 2985 2071 3033 est
2111 2976 2177 3031 “.
2208 2977 2403 3032 Postea
2443 2992 2574 3032 vero
2609 2992 2771 3046 quam
2795 2985 3029 3032 mortem
3063 2975 3293 3047 pertulit
3336 2991 3403 3029 ac
3430 2973 3574 3029 revi-

310 3063 406 3116 καὶ
430 3061 521 3116 τοῦ
559 3058 707 3128 Υἱοῦ,
726 3064 820 3117 καὶ
849 3063 939 3118 τοῦ
964 3064 1120 3132 ἁγίου
1150 3063 1485 3134 Πνεύματος.
1519 3082 1538 3116 ι
1561 3061 1769 3116 Οὐκοῦν
1789 3064 1885 3116 ἑπ-

1988 3068 2068 3122 xit
2092 3108 2107 3132 ,
2151 3086 2169 3119 ι
2205 3067 2436 3133 Euntes,
2477 3067 2680 3137 inquit,
2707 3068 2901 3124 docete
2932 3083 3125 3123 omnes
3150 3074 3361 3138 gentes,
3389 3066 3572 3136 bapti-

307 3154 583 3225 εκρέματο
615 3156 714 3227 μὲν
734 3159 849 3221 τοῖς
868 3156 1079 3221 στύλοις
1106 3157 1168 3210 τὸ
1195 3157 1615 3227 καταπέτασμα,
1643 3173 1885 3211 κατακα-

1992 3166 2180 3213 zantes
2209 3174 2306 3213 eos
2330 3157 2387 3213 in
2410 3158 2629 3212 nomine
2655 3157 2853 3222 Patris,
2873 3167 2931 3212 et
2954 3157 3105 3223 Filii,
3129 3165 3185 3211 et
3203 3155 3439 3226 Spiritus
3451 3172 3573 3211 san-

310 3243 513 3299 λύπτον
554 3247 663 3301 ἔσω
692 3246 791 3319 τὴν
832 3248 1082 3313 κιϐωτὸν,
1143 3249 1309 3312 τύπος
1337 3249 1382 3302 δ’
1409 3249 1475 3303 ἂν
1502 3249 1589 3319 εἴη
1622 3247 1882 3320 Χριστοῦ,

1990 3251 2061 3307 cti
2090 3250 2153 3303 ιδ.
2191 3269 2209 3300 ι
2239 3248 2410 3320 Igitur
2434 3264 2762 3320 suspensum
2787 3255 2908 3303 erat
2932 3248 3001 3303 de
3027 3246 3299 3303 columnis
3322 3247 3574 3302 velamen

309 3337 425 3401 τοῖς
451 3336 561 3391 τῶν
581 3338 752 3407 ἁγίων
784 3339 1186 3409 εὐαγγελιστῶν
1214 3339 1566 3411 κηρύγμασιν
1594 3339 1885 3410 αἰρομένου

1989 3342 2145 3407 illud,
2200 3341 2347 3411 quod
2393 3356 2578 3395 arcam
2630 3340 2863 3395 interius
2911 3337 3243 3403 occultabat,
3301 3354 3363 3392 ac
3404 3336 3577 3408 ﬁgura

311 3446 376 3483 τε
402 3428 557 3500 ὑψοῦ,
595 3432 687 3484 καὶ
716 3432 774 3485 ὲν
818 3431 945 3503 δόξῃ
974 3431 1228 3501 θεότητος
1273 3431 1551 3502 ὁρωμένου
1589 3433 1700 3495 τοῖς
1731 3432 1788 3484 ἐν
1819 3432 1885 3502 τῇ

1987 3434 2194 3490 Christi
2237 3441 2376 3499 erat,
2407 3432 2499 3503 qui
2533 3440 2850 3488 sanctorum
2874 3429 3338 3503 evangelistarum
3372 3428 3573 3499 praedi-

314 3523 449 3595 ἀγίᾳ
479 3525 673 3595 σκηνῇ,
706 3523 1060 3594 τουτέστι,τῇ
1101 3521 1418 3591 Ἐκκλησία.
1439 3521 1715 3590 Τέσσαρες
1753 3520 1811 3573 δὲ
1838 3521 1885 3572 oi

1988 3526 2203 3581 catione
2248 3525 2307 3579 in
2353 3524 2587 3580 sublime
2630 3523 2864 3585 tollitur,
2890 3532 2948 3578 et
2989 3522 3057 3576 ab
3106 3521 3193 3587 iis,
3228 3521 3323 3592 qui
3358 3529 3486 3575 sunt
3520 3520 3577 3574 iu

315 3613 520 3681 στύλοι,
549 3604 739 3686 χρυσοῖ
785 3615 879 3668 καὶ
905 3614 1286 3685 περιάργυρον
1329 3610 1676 3682 ἰσάριθμοιδὲ
1706 3610 1885 3672 αὐτοῖς

1993 3617 2362 3682 tabernaculo,
2383 3617 2438 3670 in
2454 3623 2640 3671 sancta
2651 3616 2912 3670 nimirum
2923 3615 3187 3681 Ecclesia,
3208 3612 3577 3671 indivinitatis
3600 3660 3609 3669 .

312 3709 367 3762 οἰ
387 3707 790 3776 εὐαγγελισταὶ,
817 3706 1061 3778 λαμπροί
1075 3721 1134 3758 τε
1156 3705 1249 3758 καὶ
1264 3703 1453 3774 τίμιοι.
1484 3700 1692 3756 Οὐκοῦν
1714 3701 1885 3755 ἔκειτο

1991 3710 2162 3782 gloria
2185 3708 2421 3764 videtur.
2472 3707 2717 3775 Quatuor
2744 3717 2927 3763 autem
2958 3717 3089 3763 sunt
3114 3708 3390 3767 deaurata:
3415 3707 3577 3761 dear—

317 3799 475 3870 μὲνὴ
510 3796 757 3863 κιϐωτὸς,
799 3796 1007 3851 ἄνωθεν
1068 3795 1125 3848 δὲ
1167 3795 1316 3848 κάτω
1343 3792 1529 3864 διῆκον
1566 3793 1625 3845 τὸ
1655 3789 1892 3845 καταπέ-

314 3905 526 3960 τασμα,
556 3890 615 3943 τὸ
640 3890 705 3942 ὲκ
739 3887 941 3958 βύσσου
969 3885 1064 3941 καὶ⁵
1103 3883 1388 3956 πορφύρας
1418 3882 1513 3936 καὶ
1542 3882 1648 3934 τῶν
1693 3880 1890 3944 ἄλλων,

315 3983 420 4052 οὐχ
450 3980 655 4052 ὁρατὴν
684 3979 873 4034 ἐτίθει.
909 3977 1150 4032 Ἀνωθεν
1187 3975 1245 4028 δὲ
1269 3974 1362 4028 τοῦ
1402 3974 1894 4043 καταπετάσματος

318 4075 415 4129 καὶ
441 4072 550 4126 τῶν
584 4074 665 4137 εἰς
692 4072 844 4140 δεξιά
865 4090 924 4124 τε
966 4071 1059 4126 καὶ
1090 4069 1345 4139 εὐώνυμα
1385 4067 1689 4139 Χερουϐὶμ,
1729 4067 1894 4138 ἐχρη-

323 4163 519 4237 μάτιζε
548 4164 704 4227 Θεὸς,
725 4163 937 4227 δεικνὺς
960 4164 1041 4218 ὅτι
1063 4164 1154 4216 καὶ
1181 4162 1320 4234 ὑπὲρ
1339 4163 1519 4215 πᾶσαν
1537 4160 1717 4214 κτίσιν
1747 4157 1888 4213 ὲστί·

320 4259 417 4313 καὶ
446 4257 586 4311 αὐτὰ
625 4257 682 4310 δὲ
727 4257 904 4310 πάντα
929 4256 995 4308 τὰ
1030 4255 1137 4307 τῶν
1160 4252 1394 4323 λογικῶν
1426 4252 1708 4317 ἀνωτάτω,
1738 4269 1894 4305 τουτ-

322 4350 440 4404 έστι
485 4349 555 4403 τὰ
602 4347 873 4418 Σεραφὶμ,
918 4348 1017 4417 τὴν
1051 4346 1200 4398 θείαν
1260 4362 1320 4397 τε
1352 4346 1448 4398 καὶ
1480 4344 1719 4416 ἄρρητον
1763 4344 1896 4396 ὑποα

323 4441 559 4512 κάθηται
593 4439 773 4504 δόξαν,
800 4439 897 4492 καὶ
926 4437 1088 4507 αὑτὸν
1108 4435 1513 4508 δορυφοροῦντα
1543 4435 1634 4486 τὸν
1663 4433 1812 4497 Υίὸν,
1848 4432 1895 4483 εἰ

1993 3809 2330 3874 εοηιοῐαεῳιθ
2382 3802 2687 3867 columna;
2733 3800 2961 3856 totidem
3010 3800 3398 3872 evangelista,
3447 3800 3577 3854 clari

1994 3893 2159 3949 simul
2184 3909 2248 3948 ac
2276 3893 2521 3963 pretiOsi.
2570 3892 2752 3948 Posita
2804 3903 2927 3948 erat
2951 3892 3117 3964 igitur
3140 3908 3267 3948 arca
3299 3910 3312 3946 :
3340 3907 3607 3963 superne»

1994 3992 2179 4040 autem
2226 3983 2476 4043 velamen
2518 3984 2776 4041 deorsum
2817 4001 2989 4057 usque
3014 3987 3302 4057 pertinens
3325 4002 3392 4041 ex
3414 3985 3579 4056 bysso

1995 4085 2051 4136 et
2100 4092 2346 4148 purpura
2373 4084 2678 4147 caeteraque
2711 4077 2941 4132 materia
2969 4076 3282 4132 confectum
3306 4093 3416 4131 non
3437 4077 3582 4131 sine-

1996 4170 2090 4227 bat
2134 4178 2194 4225 ut
2235 4186 2299 4226 ca
2344 4169 2630 4226 videretur
2660 4186 2673 4222 :
2709 4183 2874 4238 supra
2895 4169 3079 4223 velum
3105 4177 3311 4234 autem,
3333 4176 3390 4221 et
3415 4183 3580 4237 supra

1996 4262 2294 4317 Cherubim
2353 4277 2476 4332 qua:
2521 4276 2551 4316 a
2595 4259 2787 4315 dextra
2831 4259 3075 4328 laevaque
3113 4264 3290 4323 erant,
3319 4273 3582 4329 responsa

1998 4352 2162 4405 dabat
2207 4353 2372 4417 Deus,
2416 4351 2713 4406 ostendens
2751 4365 2809 4405 se
2847 4357 2904 4404 et
2929 4365 3095 4421 supra
3117 4364 3336 4405 omnem
3368 4357 3583 4404 creatu-

2002 4455 2119 4494 ram
2145 4455 2286 4503 esse,
2327 4448 2383 4494 et
2421 4440 2534 4509 ipsa
2560 4456 2779 4510 quoque
2802 4440 3113 4510 Scrapbim,
3141 4456 3263 4510 qua:
3286 4447 3416 4495 sunt
3438 4440 3582 4496 inter

324 4535 421 4588 καὶ
447 4536 642 4602 γέγονε
687 4529 847 4604 σὰρξ,
877 4531 975 4584 καὶ
1020 4528 1096 4591 ὼς
1125 4529 1183 4582 ὲν
1216 4528 1406 4597 ὑφέσει
1434 4525 1595 4596 τυχὸν
1624 4525 1721 4596 τῆς
1762 4523 1885 4593 πρὸς

2002 4531 2300 4586 rationales
2339 4537 2622 4585 creaturas
2644 4530 3113 4599 prmstantissima,
3141 4546 3261 4586 esse
3284 4531 3468 4586 divina
3492 4532 3582 4585 illa

324 4629 416 4681 τὸν
449 4627 669 4697 Πατέρα
701 4626 968 4696 ἰσότητος,
993 4622 1133 4676 καθὸ
1164 4621 1407 4692 πέφυκεν
1437 4618 1745 4689 ἅνθρωπος.
1777 4617 1885 4668 To:-

1999 4630 2163 4692 atque
2216 4619 2481 4677 ineffabili
2528 4619 2699 4691 gloria
2747 4618 3043 4682 inferiora,
3108 4621 3410 4690 stiparique
3476 4621 3583 4675 illis

324 4718 518 4789 γάρτοι
545 4718 639 4771 καὶ
662 4715 898 4785 ἔφασκεν
913 4712 1124 4776 αὐτός’(
1146 4710 1204 4764 '0
1226 4711 1415 4780 Πατήρ
1447 4725 1546 4778 μου
1581 4704 1781 4778 μείζων
1801 4710 1885 4775 μοι

2001 4715 2182 4785 ipsum
2232 4714 2454 4779 Filium,
2506 4711 2758 4782 quamvis
2798 4709 2871 4766 sit
2906 4726 3032 4765 caro
3060 4711 3258 4778 factus,
3284 4720 3339 4767 et
3362 4728 3469 4783 qua
3494 4726 3580 4765 ra-

324 4812 495 4864 ὲστιν.
540 4828 559 4860 ι
591 4804 740 4872 Ἶσος
764 4808 820 4860 δὲ
852 4805 928 4861 ὣν
967 4805 1108 4860 κατὰ
1134 4802 1294 4874 φύσιν
1333 4801 1411 4874 τῷ
1440 4798 1814 4870 γεγεννηκότι,
1843 4796 1904 4850 τὸ

324 4888 598 4971 ὲνμείοσι
640 4898 891 4969 γενέσθαι
921 4897 1054 4968 φησὶ
1122 4896 1209 4950 διὰ
1255 4895 1414 4966 μόνον
1453 4893 1515 4946 τὸ
1546 4890 1901 4964 ἀνθρώπινον.

325 4990 429 5044 Διὰ
458 4989 615 5045 τοῦτο
644 4990 737 5043 καὶ
766 4990 823 5042 ὲν
851 4990 919 5060 τῇ
955 4987 1085 5058 ἁγίᾳ
1109 4988 1304 5058 σκηνῇ,
1329 4982 1513 5054 κύκλῳ
1548 4980 1645 5051 μὲν
1676 4979 1767 5032 τοῦ
1801 4995 1902 5031 καο

326 5083 771 5153 ταπετάσματος,
807 5082 874 5135 τὰ
915 5079 1219 5152 Χερουϐὶμ,
1260 5077 1356 5131 καὶ¹
1389 5074 1525 5129 αὑτὰ
1552 5074 1626 5137 ὡς
1652 5071 1785 5124 Θεὸν
1816 5071 1901 5123 δο-

332 5175 676 5250 ρυφοροῦντα
707 5175 796 5227 τὸν
822 5173 970 5225 Υίόν.
996 5171 1107 5225 Καὶ
1133 5171 1239 5241 μὴν
1288 5167 1380 5222 καὶ
1414 5167 1577 5223 αὑτοῦ
1610 5164 1703 5218 τοῦ
1731 5181 1900 5219 κατα-

330 5268 679 5338 πετάσματος
708 5265 935 5329 ἄνωθεν,
959 5263 986 5316 ὂ
1006 5260 1073 5333 ἦν
1103 5263 1182 5325 εἰς
1201 5261 1370 5314 τύπον
1404 5259 1664 5330 Χριστοῦ,
1700 5261 1902 5310 νοεῖται

329 5361 484 5423 Θεός.
508 5378 526 5409 ι
548 5359 659 5412 Καὶ
678 5355 1064 5426 γνωσθὴσομαι
1095 5372 1113 5405 ι
1151 5353 1280 5424 γὰρ,
1297 5354 1479 5422 φησιν,
1515 5372 1531 5403 ι
1558 5350 1787 5417 ἐκεῖθεν,
1812 5352 1904 5403 καὶ

328 5454 550 5525 λαλήσω
575 5470 676 5507 σοι.
693 5472 709 5504 ι
733 5452 1019 5511 Ἐπέκεινα
1038 5449 1149 5519 γὰρ
1184 5448 1362 5516 πάσης
1388 5445 1612 5508 κτίσεως
1641 5446 1668 5497 ό
1692 5443 1900 5515 Πατὴρ,

332 5548 425 5601 καὶ
467 5545 634 5599 αὐτοῦ
685 5543 780 5598 τοῦ
825 5540 1195 5612 Ἐμμανουὴλ,
1247 5539 1307 5590 ού
1349 5536 1467 5589 καθ’
1496 5536 1523 5588 ὃ
1570 5539 1771 5588 νοεῖται
1811 5535 1906 5588 καὶ

332 5639 448 5690 ἐστι
484 5636 634 5700 Θεός·
665 5631 783 5698 ἶσος
817 5635 925 5704 γάρ
961 5634 1073 5685 ἐστι
1104 5628 1243 5684 κατὰ
1270 5629 1443 5681 πάντα
1464 5628 1609 5698 (θεῷ’
1644 5627 1759 5679 ἀλλ’
1781 5629 1903 5679 ὅσον

412 5821 452 5850 ³⁷
484 5811 650 5873 llébr.
677 5814 833 5879 3320.
917 5810 1154 5881 ".llattli.
1198 5826 1289 5878 xu,
1331 5808 1407 5862 lG.

1486 5807 1529 5839 '”
1563 5807 1747 5861 Matth.
1778 5823 1954 5862 xxvm.
1985 5806 2064 5871 ιθ,
2096 5805 2183 5857 :20.

2004 4808 2153 4861 tione
2177 4805 2343 4860 homo
2365 4813 2469 4869 est,
2494 4804 2674 4859 Patris
2696 4804 3006 4874 aequalitate
3031 4802 3354 4859 submissior
3382 4820 3397 4869 ;
3426 4803 3579 4857 ideo-

2002 4912 2109 4967 que
2155 4896 2271 4965 ipse
2318 4893 2558 4958 dicebat,
2606 4892 2767 4963 335
2823 4911 2840 4943 ‹
2867 4892 3029 4946 Pater
3075 4905 3249 4945 meus,
3286 4890 3461 4960 major
3495 4904 3583 4943 me

2005 4995 2089 5041 est
2134 4986 2199 5039 ⁸⁸.
2238 5004 2256 5035 ›
2285 4983 2422 5039 Cum
2466 4997 2597 5037 vero
2638 4982 2710 5037 sit
2737 4979 2983 5037 Genitori
3006 4979 3307 5037 secundum
3331 4987 3584 5032 naturam

2005 5094 2124 5149 par,
2163 5077 2433 5131 minorem
2482 5090 2541 5130 se
2565 5089 2683 5129 esse
2706 5072 2839 5128 dicit
2862 5082 3088 5143 propter
3121 5071 3417 5129 humanam
3438 5067 3581 5122 dun-

2008 5176 2156 5224 taxat
2210 5177 2483 5222 naturam.
2533 5165 2615 5221 Ob
2661 5181 2781 5221 eam
2827 5179 3047 5220 causam
3093 5163 3149 5217 in
3184 5176 3340 5216 sacro
3365 5174 3583 5229 quoque

2008 5258 2357 5314 tabernaculo
2396 5257 2451 5311 in
2503 5256 2740 5313 circuitu
2777 5252 3061 5308 velaminis
3083 5256 3239 5304 erant
3262 5246 3580 5307 Cherubim,

2004 5361 2058 5407 et
2111 5352 2227 5420 ipsa
2270 5347 2497 5419 perinde
2541 5363 2605 5403 ac
2649 5347 2692 5401 si
2739 5345 2938 5400 Filium
2984 5353 3241 5411 tanquam
3284 5339 3455 5393 Deum
3483 5350 3583 5391 suo

2008 5443 2263 5499 satellitio
2312 5442 2611 5511 stiparent,
2650 5438 2826 5505 Supra
2861 5436 3039 5504 ipsum
3071 5446 3287 5502 quoque
3314 5429 3579 5493 velamen,

2009 5537 2153 5606 quod
2216 5533 2421 5590 Christi
2477 5531 2704 5603 figuram
2754 5527 2998 5598 gerebat,
3041 5526 3183 5579 Deus
3215 5521 3579 5593 cognoscitur;

2018 5646 2033 5675 ι
2057 5626 2122 5679 Ει
2145 5625 2501 5681 innotescam,
2536 5638 2551 5665 ι
2584 5616 2782 5684 inquit,
2815 5636 2829 5664 ι
2863 5614 2986 5667 inde
3012 5622 3061 5667 ct
3087 5613 3275 5681 loquar
3301 5618 3477 5662 [cetum
3505 5622 3520 5660 :
3549 5619 3571 5654 ι

2264 5802 2303 5834 ’⁸⁵
2338 5801 2495 5855 Joan.
2541 5812 2643 5857 xxv,
2673 5794 2760 5846 28.
