4142 6296
675 417 779 472 (ἱΰό

671 622 850 689 ipsum
897 632 1117 688 quoque
1158 617 1502 682 Emmanuel,
1550 632 1662 671 non
1698 632 1764 671 ea
1797 616 2010 671 ratione
2062 631 2171 684 qua
2195 621 2252 670 et

1700 409 1756 463 S.
1798 407 2075 464 CYRILLI
2113 406 2585 464 ALEXANDle
2628 408 2947 466 ARCHIEP.

672 543 797 586 nam
829 535 1029 599 praeter
1072 542 1292 582 omnem
1339 536 1647 581 creaturam
1690 533 1775 581 est
1822 525 2005 590 Pater,
2054 532 2241 594 praeter

2353 522 2487 598 ἦκεν
2525 528 2606 592 είς
2634 526 2821 580 δούλου
2867 527 3104 601 μορφὴν,
3138 530 3232 583 καὶ
3270 532 3350 595 είς
3390 532 3814 606 ἀνθρωπότήτος
3844 538 3930 609 μέ·
4044 516 4047 521 1

3850 423 3940 477 ϐϐί

2356 634 2506 688 τρον.

667 720 752 768 cst
781 720 838 767 et
859 711 1208 783 cognoscitur
1235 710 1409 765 Deus:
1435 724 1563 764 nam
1594 707 1821 779 aequalis
1845 714 2050 777 est'per
2073 706 2258 761 omnia
2288 706 2401 763 Deo
2427 725 2439 761 :
2468 707 2564 764 sed
2602 724 2671 765 ex
2709 725 2773 765 ea
2796 716 2974 781 parte,
3003 699 3147 783 quas.
3174 713 3241 770 ad
3266 713 3415 770 servi
3466 714 3702 772 formam
3738 728 3793 773 et
3836 719 3928 774 hu-

667 806 951 863 manitatis
980 819 1292 860 mensuram
1317 802 1577 875 pertinet.

742 899 941 956 PALL.
967 899 1198 955 Subtilis
1227 914 1359 953 sane
1391 906 1447 952 et
1470 896 1752 953 recondita
1782 895 2070 966 expositio.

736 993 895 1050 CYR.
923 990 1032 1047 Sed
1062 999 1247 1045 tamen
1271 1004 1380 1044 non
1405 988 1625 1044 aberrat
1650 1003 1681 1043 a
1703 988 2003 1059 proposito.

737 1083 938 1140 PALL.
962 1082 1181 1138 Fateor.

735 1175 896 1231 CYR.
939 1174 1081 1229 Area
1130 1172 1299 1243 igitur
1341 1170 1410 1226 ad
1456 1170 1605 1226 hunc
1651 1170 1873 1226 modum
1920 1172 2241 1242 composita,

676 1287 695 1320 ι
723 1267 920 1331 Pones,
950 1285 969 1318 ι
1023 1264 1223 1334 inquit,
1285 1283 1304 1317 ι
1334 1265 1505 1320 altare
1543 1279 1769 1319 aureum
1810 1262 1879 1317 ad
1912 1263 2242 1319 adolendum

665 1365 861 1414 contra
883 1371 1087 1412 arcam.
1128 1377 1146 1408 ι
1174 1355 1352 1427 Atque
1386 1356 1666 1412 Christum
1705 1355 1929 1426 quidem
1953 1354 2245 1426 signiﬁcari

664 1448 825 1504 altari
849 1447 944 1502 illo
970 1462 1160 1514 aureo,
1197 1448 1330 1502 satis
1353 1447 1560 1503 dictum
1584 1464 1615 1502 a
1638 1447 1798 1502 nobis
1818 1456 1973 1518 puto.
1999 1446 2245 1502 Positum

662 1548 748 1594 est
777 1547 961 1593 autem
984 1546 1176 1594 contra
1201 1553 1405 1605 arcam,
1451 1553 1616 1609 supra
1642 1553 1807 1608 quam
1832 1546 1949 1593 erat
1973 1537 2243 1603 velamen,

663 1631 721 1685 in
767 1632 926 1703 cujus
961 1630 1198 1686 circuitu
1243 1620 1402 1686 erant
1428 1630 1737 1701 Seraphim,
1774 1631 1912 1685 etin
1937 1631 2249 1686 summitate

662 1726 828 1792 Deus,
860 1732 1118 1796 tanquam
1142 1725 1291 1781 illius
1319 1724 1642 1781 Emmanuel
1683 1723 2013 1795 singularem
2058 1722 2243 1777 odoris

663 1818 991 1874 suavitatem
1034 1817 1348 1888 exciperet:
1398 1831 1583 1887 neque
1608 1815 1753 1871 enim
1779 1823 2062 1885 peccatum
2088 1814 2240 1880 fecit,
2274 1786 2316 1840 Β

663 1922 845 1977 neque
893 1907 1149 1963 inventus
1180 1914 1263 1963 est
1292 1906 1451 1962 dolus
1494 1906 1552 1961 in
1594 1921 1689 1961 ore
1721 1906 1859 1976 ejus,
1901 1913 1963 1960 ut
1981 1905 2245 1974 scriptum

662 2008 748 2058 est
806 2001 891 2057 “z
929 2002 1163 2078 ideoque
1208 2000 1428 2056 dicebat
1471 1999 1588 2069 ipse
1619 2017 1632 2053 :
1690 2018 1708 2052 1
1746 1998 1909 2054 Pater
1944 1998 2120 2069 diligit
2152 1997 2243 2052 Fi-

660 2089 798 2148 lium
823 2092 889 2150 ".
929 2113 950 2146 ι
993 2093 1218 2163 Accepti
1260 2091 1425 2147 etiam
1465 2091 1578 2146 Deo
1625 2105 1726 2145 nos
1748 2089 1851 2160 ipsi
1875 2105 2083 2155 sumus,
2117 2105 2242 2145 cum

661 2182 871 2241 Christi
925 2170 1267 2257 unguentum
1324 2183 1671 2239 redoleamus
1708 2196 1723 2247 ;
1758 2182 1913 2251 eujus
1954 2180 2035 2235 rei
2079 2179 2243 2236 ﬁdem

660 2280 796 2337 facit
842 2278 1045 2335 Paulus
1088 2278 1375 2334 scribens:
1422 2294 1439 2326 ι
1468 2274 1581 2329 Deo
1634 2280 1816 2327 autem
1877 2272 2095 2342 gratias,
2148 2271 2242 2342 qui

660 2384 881 2439 semper
926 2367 1229 2441 triumphat
1257 2380 1359 2421 nos
1398 2364 1455 2419 in
1476 2362 1719 2428 Christo,
1768 2370 1825 2418 et
1849 2362 2076 2417 odorem
2101 2362 2244 2417 noti-

661 2461 754 2518 tiae
786 2476 900 2517 suae
927 2458 1241 2517 manifestat
1262 2472 1364 2536 per
1383 2471 1503 2523 nos,
1529 2456 1658 2527 quia
1676 2454 1881 2511 Christi
1905 2454 2085 2511 bonus
2105 2455 2243 2511 odor

661 2568 852 2609 sumus
870 2538 987 2608 Deo
1018 2552 1085 2608 ⁸⁸.
1119 2570 1139 2603 ι
1339 2590 1357 2615 .
2260 2556 2263 2559 λ

623 2626 633 2648 ’
732 2644 931 2702 PALL.
958 2645 1129 2700 Recte
1152 2659 1303 2700 sane.

730 2736 892 2795 CYR.
939 2736 1096 2804 Quod
1130 2737 1176 2790 si
1199 2736 1255 2792 in
1291 2751 1376 2801 ea,
1416 2739 1539 2807 quae
1572 2734 1775 2807 scripta
1800 2742 1948 2800 sunt,
1986 2742 2239 2791 accurate

662 2827 834 2883 animi
870 2826 1042 2882 aciem
1077 2824 1494 2892 intenderimus,
1530 2825 1666 2881 illud
1696 2825 2024 2891 videbimus,
2056 2839 2240 2880 arcam

662 2915 886 2987 quidem
926 2916 984 2970 in
1012 2916 1184 2972 latere
1214 2914 1552 2970 tabernaculi
1598 2915 1746 2986 quod
1778 2915 1847 2971 ad
1875 2931 2130 2971 occasum
2156 2930 2241 2970 re-

664 3005 950 3078 spiciebat,
973 3005 1143 3062 fuisse
1169 3006 1489 3062 collocatam
1521 3048 1537 3073 ,
1561 3013 1619 3061 et
1642 3014 1833 3061 contra
1861 3021 1981 3060 eam
2008 3020 2240 3060 aureum

662 3098 836 3155 altare
885 3098 942 3153 in
979 3097 1101 3155 loco
1153 3098 1247 3170 qui
1302 3098 1372 3153 ad
1418 3097 1687 3155 orientem
1733 3097 2053 3169 spectabat:
2086 3103 2239 3152 ortus
2266 3124 2310 3187 ρ

660 3189 812 3244 enim
864 3197 920 3245 et
966 3205 1214 3258 occasus,
1239 3191 1423 3262 aquilo
1469 3190 1600 3245 item
1623 3200 1679 3245 et
1699 3198 1886 3245 auster
1911 3188 2129 3245 Christo
2150 3205 2240 3245 re-

663 3281 845 3351 pletus
887 3289 995 3337 est.
1038 3282 1226 3356 Itaque
1271 3280 1662 3337 candelabrum
1693 3280 1761 3335 ad
1785 3288 2035 3335 austrum
2063 3279 2244 3334 taber-

663 3374 846 3429 naculi
902 3374 1140 3428 locatum
1183 3380 1322 3438 erat,
1352 3388 1541 3428 mensa
1580 3381 1762 3427 autem
1795 3372 1863 3427 ad
1885 3372 2195 3443 aquilonem
2224 3390 2237 3425 :

664 3477 899 3536 utroque
941 3480 1074 3520 vero
1110 3464 1389 3523 Christum
1428 3465 1741 3537 signiﬁcari,
1780 3465 1941 3536 longa
1970 3466 2083 3537 jam
2111 3481 2239 3521 ora-

665 3556 814 3613 tione
855 3556 1353 3615 demonstravimus
1388 3577 1402 3613 :
1438 3574 1566 3613 nam
1618 3558 1807 3614 lumen
1852 3558 2073 3629 quidem
2118 3573 2239 3614 esse

659 3648 962 3716 Christum,
1014 3649 1240 3706 lucerna
1296 3649 1539 3708 declarat
1570 3668 1584 3717 ;
1648 3666 1834 3707 mensa
1862 3666 1993 3707 vero
2025 3657 2081 3706 et
2117 3665 2238 3722 quae

661 3741 719 3795 in
756 3756 821 3796 ea
878 3740 1321 3809 continebantur,
1368 3741 1621 3799 eumdem
1676 3756 1797 3798 esse
1844 3741 2014 3797 vitam
2059 3757 2123 3796 ac
2144 3756 2239 3811 pa-

661 3849 788 3888 nem
819 3834 1005 3888 vivum
1027 3833 1345 3889 ostendunt.
1372 3834 1513 3889 lllud
1544 3842 1726 3889 tamen
1754 3834 2075 3905 mysterium
2106 3848 2239 3889 con-

660 3925 871 3980 sideres
917 3933 1081 3995 atque
1138 3925 1523 3996 contempleris
1554 3925 1741 3991 velim,
1773 3926 2007 3981 maxime
2032 3925 2101 3981 ad
2132 3940 2233 3979 au-

659 3998 836 4070 strum
891 4028 1015 4069 esse
1064 4014 1378 4071 Iudaeorum
1412 4013 1709 4085 regionem,
1744 4022 1806 4068 ut
1838 4022 2029 4069 contra
2062 4013 2235 4085 genti-

655 4105 791 4161 lium
834 4104 902 4161 ad
930 4105 1262 4177 aquilonem.
1296 4104 1459 4177 336
1487 4104 1657 4177 Igitur
1687 4119 1754 4159 ex
1780 4104 2066 4175 utriusque
2099 4106 2230 4173 situ,

656 4197 1002 4265 candelabri,
1049 4197 1294 4268 inquam,
1362 4204 1420 4252 et
1460 4210 1666 4252 mensa:
1693 4237 1709 4262 ,
1765 4194 2025 4267 perfacile
2124 4196 2232 4252 erit

654 4288 971 4345 volentibus
1019 4287 1344 4360 intelligere,
1395 4286 1601 4344 Iudaeis
1656 4285 1879 4357 quidem
1940 4295 2002 4341 ut
2043 4286 2230 4343 lumen

654 4376 927 4434 effulsisse
971 4376 1267 4443 Christum,
1294 4384 1351 4433 et
1382 4376 1528 4448 apud
1553 4375 1702 4446 ipsos
1729 4375 1820 4431 illa
1845 4375 2012 4431 verba
2034 4376 2233 4447 praedi-

2421 898 2630 953 ΠΑΛΛ.
2679 899 2769 964 Ὧς
2797 899 2995 964 λεπτὸς
3025 902 3053 953 6
3079 901 3237 970 λόγος
3266 903 3362 957 καὶ
3396 903 3585 973 βαθύς.

2417 989 2584 1043 ΚΥΡ.
2619 991 2884 1062 Ἔρχεται
2910 992 2967 1045 δὲ
2995 992 3145 1063 ὅμως
3174 993 3274 1048 οὐκ
3302 995 3411 1050 ἀπὸ
3437 996 3671 1053 σκοποῦ.

2332 1108 2339 1123 ι
2418 1081 2630 1137 ΠΑΛΛ.
2666 1081 2954 1155 Σὺμφημι.

2412 1169 2576 1224 ΚΥΡ.
2617 1171 2879 1246 Ἑχούσης
2909 1174 2967 1228 δὲ
2994 1169 3096 1229 ὦδε
3129 1176 3229 1247 τῆς
3265 1176 3524 1245 κιϐωτοῦ,
3551 1200 3569 1233 ι
3593 1180 3710 1236 Καὶ
3730 1180 3918 1253 θήσεις,

2342 1259 2495 1330 φησι,
2535 1259 2597 1313 τὸ
2652 1260 3037 1334 θυσιαστήριον
3081 1264 3144 1318 τὸ
3178 1267 3415 1335 χρυσοῦν
3470 1271 3553 1333 είς
3604 1271 3669 1323 τὸ
3741 1272 3921 1345 θυμιᾷν

2344 1351 2586 1405 ἐναντίον
2614 1353 2715 1422 τῆς
2746 1354 3002 1409 κιϐωτοῦ.
3034 1374 3053 1407 ι
3091 1357 3200 1409 Καὶ
3227 1358 3463 1429 Χριστὸς
3487 1361 3588 1432 μὲν
3619 1362 3705 1416 ὅτι
3734 1363 3793 1416 τὸ
3837 1364 3920 1418 θυ-

2345 1443 2662 1514 σιαστήριόν
2687 1445 2804 1499 ἐστι
2839 1445 2899 1500 τὸ
2930 1448 3188 1519 χρυσοῦν,
3234 1450 3474 1523 διαρκῶς
3503 1454 3643 1524 ἡμῖν
3687 1456 3919 1527 εἰρῆσθαι

2344 1533 2505 1589 δοκῶ.
2541 1535 2791 1592 Τέθειταί
2828 1555 2892 1607 γε
2928 1540 3035 1610 μὴν
3074 1542 3335 1598 ἀπέναντι
3358 1545 3458 1615 τῆς
3490 1541 3756 1613 κιϐωτοῦ.
3787 1544 3919 1625 ἐφ’ᾖ

2346 1625 2407 1678 16
2431 1627 2849 1700 καταπέτασμα,
2884 1630 2977 1683 καὶ
3007 1630 3193 1704 κύκλῳ
3228 1633 3299 1687 τὰ
3337 1630 3623 1707 Σεραφιμ,
3659 1638 3754 1692 καὶ
3793 1640 3920 1693 ἀνω-

2348 1715 2491 1787 τέρω
2515 1717 2667 1784 Θεὸς,
2686 1721 2848 1773 οἱονεὶ
2871 1720 3159 1793 δεχόμενος
3179 1724 3278 1794 τὴν
3297 1724 3697 1798 ἀπαράϐλητον
3712 1729 3920 1785 εὐωδίαν

2342 1806 2436 1860 τοῦ
2482 1808 2846 1881 Ἐμμανουήλ.
2895 1812 2970 1864 Οὔ
3012 1812 3119 1885 γὰρ
3168 1814 3423 1886 ἐποίησεν
3476 1816 3781 1889 ἁμαρτίαν,
3812 1820 3920 1874 οὐδὲ

2345 1898 2540 1971 εὑρέθη
2575 1898 2724 1965 δόλος
2756 1902 2813 1955 ὲν
2847 1903 2925 1974 τῷ
2952 1904 3179 1973 στόματι
3210 1906 3394 1975 αὑτοῦ,
3422 1908 3569 1962 καθά
3603 1909 3917 1982 γέγραπται·

2343 1991 2620 2063 τοιγάρτοι
2648 1992 2743 2046 καὶ
2764 1992 3004 2064 ἔφασκεν
3028 1996 3208 2062 αὐτὸς,
3246 2015 3266 2049 ι
3309 1997 3369 2051 '0
3397 1998 3595 2071 Πατὴρ
3634 2000 3821 2071 ἀγαπᾷ
3840 2000 3918 2054 τὸν

2343 2080 2494 2134 Υίόν.
2520 2099 2538 2133 ι
2559 2082 2747 2136 Δεκτοὶ
2772 2082 2828 2136 δὲ
2858 2082 2935 2154 τῷ
2953 2083 3071 2156 Θεῷ
3094 2085 3189 2139 καὶ
3215 2087 3375 2157 ἡμεῖς
3405 2087 3585 2153 αὐτοὶ,
3614 2089 3677 2143 τὸ
3701 2088 3916 2160 Χριστοῦ

2347 2171 2521 2245 μύρον
2560 2174 2965 2241 εὑωδιάζοντες.
3009 2177 3348 2233 Πιστώσεται
3397 2179 3455 2233 δὲ
3497 2182 3604 2235 καὶ
3647 2185 3677 2236 6
3725 2182 3916 2248 Παῦλος

2343 2266 2570 2334 γράφων
2599 2282 2612 2296 ο
2651 2284 2671 2318 ι
2698 2266 2787 2337 Τῷ
2834 2267 2892 2321 δὲ
2936 2266 3055 2339 Θεῷ
3096 2270 3255 2339 χάρις
3311 2270 3391 2341 τῷ
3439 2271 3686 2325 πάντοτε
3735 2272 3914 2344 θριαμ-

2344 2353 2554 2409 ϐεύοντι
2588 2357 2733 2427 ἡμᾶς
2760 2357 2817 2411 ὲν
2843 2356 2922 2429 τῷ
2955 2358 3196 2431 Χριστῷ,
3229 2360 3323 2414 καὶ
3347 2359 3444 2432 τήν
3465 2361 3652 2433 ὀσμὴν
3672 2362 3769 2433 τῆς
3787 2361 3912 2430 γνώ-

2344 2462 2482 2510 σεως
2514 2446 2678 2500 αὐτοῦ
2714 2448 3035 2521 φανεροῦντι
3061 2449 3128 2505 δι’
3161 2449 3333 2523 ἡμᾶς,
3355 2452 3436 2507 ὅτι
3463 2453 3714 2524 Χριστοῦ
3736 2450 3913 2509 εὐωδία

2343 2539 2511 2609 ἐσμὲν
2544 2538 2623 2611 τῷ
2659 2540 2801 2612 Θεῷ.
2836 2561 2857 2595 ι

2412 2631 2622 2685 ΠΑΛΛ.
2663 2631 2871 2704 Ὀρθῶς
2899 2633 3055 2707 ἔφης.

2412 2720 2579 2778 ΚΥΡ.
2629 2723 2930 2796 Ἐννοῶμεν
2978 2726 3044 2799 δὴ
3094 2720 3187 2783 οῦν
3216 2728 3481 2803 ἀκριϐῶς,
3525 2732 3653 2796 τοῖς
3684 2746 3911 2805 γεγραμ-

2343 2813 2525 2885 μένοις
2558 2811 2793 2880 ἐνιέντες
2825 2817 2916 2872 τὸν
2946 2819 3246 2892 ὀφθαλμὸν,
3286 2821 3533 2894 ίδρύσθαι
3564 2824 3674 2896 μὲν
3709 2824 3804 2897 τὴν
3836 2841 3907 2877 κι-

2341 2904 2512 2959 ϐωτὸν
2540 2906 2599 2959 ὲν
2628 2906 2705 2977 τῷ
2731 2908 2867 2979 πρὸς
2892 2909 3016 2963 λίϐα
3065 2912 3159 2966 καὶ
3178 2912 3387 2984 δυσμάς
3412 2912 3593 2969 κλίτει
3642 2917 3741 2988 τῆς
3765 2915 3907 2985 ἁγίας

2343 2997 2580 3069 σκηνῆς·
2616 2998 2876 3055 ἀπέναντι
2914 2999 2971 3055 δὲ
3014 3004 3184 3075 αὐτῆς
3244 3006 3307 3060 τδ
3339 3006 3582 3077 χρυσοῦν
3632 3008 3906 3079 θυσιαστή-

2345 3103 2477 3159 ριον,
2504 3088 2563 3143 ὲν
2586 3088 2663 3161 τῷ
2696 3091 2831 3163 πρὸς
2859 3094 3054 3149 ἀκτῖνα
3093 3094 3264 3169 τόπῳ.
3314 3097 3456 3162 Ἠὼς
3485 3097 3607 3171 γὰρ
3641 3102 3732 3154 καὶ
3774 3098 3906 3161 δύσις

2346 3181 2694 3253 μεμέστωται
2725 3185 2818 3239 τοῦ
2843 3187 3104 3258 Χριστοῦ,
3141 3186 3344 3262 βορρᾶς
3386 3202 3443 3245 τε
3483 3192 3584 3246 καὶ
3618 3193 3782 3257 νότος.
3811 3192 3905 3245 Καὶ

2342 3271 2473 3340 γοῦν
2500 3273 2664 3339 τόπος
2693 3275 2793 3347 μὲν
2819 3280 2885 3349 τῇ
2913 3277 3126 3352 λυχνίᾳ,
3156 3281 3225 3335 τὰ
3262 3281 3411 3335 νότια
3448 3278 3548 3353 τῆς
3594 3277 3816 3353 σκηνῆς.
3843 3283 3901 3354 τῇ

2340 3362 2398 3417 δὲ.
2442 3365 2712 3439 τραπέζῃ,
2751 3366 2819 3421 τὰ
2849 3369 2987 3442 πρὸς
3019 3371 3237 3445 βορρᾶν.
3284 3372 3396 3427 Καὶ
3431 3374 3515 3427 ὅτι
3549 3374 3629 3429 δι’
3663 3374 3852 3446 ἀμφοῖν
3877 3372 3903 3425 6

2340 3456 2576 3528 Χριστὸς
2609 3460 2954 3531 σημαίνεται,
3009 3464 3175 3529 πολὺς
3229 3467 3363 3536 ἡμῖν
3408 3466 3508 3538 ήδη
3557 3463 3900 3541 προαπέδειξε

2339 3550 2493 3621 λόγος
2518 3570 2534 3586 ο
2567 3554 2650 3608 ὅτι
2691 3554 2790 3625 μὲν
2821 3555 2927 3629 γὰρ
2966 3557 3081 3626 φῶς
3101 3559 3129 3612 6
3165 3559 3420 3630 Χριστὸς,
3452 3561 3486 3630 ή
3518 3559 3716 3632 λυχνία
3746 3558 3897 3631 δηλοῖ⁶

2337 3647 2419 3699 ὄτι
2447 3645 2504 3699 δὲ
2552 3646 2664 3719 ζωὴ
2695 3648 2788 3702 καὶ
2817 3648 2978 3721 ἄρτος
3003 3651 3032 3704 ὁ
3066 3649 3194 3715 ζῶν,
3221 3653 3254 3722 ή
3289 3650 3538 3724 τράπεζα
3589 3653 3690 3724 μὲν
3732 3648 3899 3705 καὶτὰ

2338 3735 2396 3788 ὲν
2432 3737 2593 3808 αὐτῇ.
2622 3737 2769 3811 Πλὴν
2796 3740 2971 3795 ἐκεῖνο
2997 3740 3229 3806 διανοοῦ,
3255 3742 3365 3795 και
3398 3742 3553 3814 ἄθρει
3608 3744 3668 3798 τὸ
3712 3742 3898 3814 μυστήο

2340 3845 2474 3899 ριον·
2508 3830 2837 3903 Νοτιωτάτη
2883 3831 2986 3904 μὲν
3031 3832 3140 3902 γὰρ
3180 3834 3290 3890 τῶν
3340 3834 3615 3890 Ἰουδαίων
3659 3838 3693 3907 ή
3738 3833 3892 3906 χώραν

2339 3918 2652 3993 βορειοτέρα
2682 3923 2739 3977 δὲ
2764 3923 2976 3996 πάλινή
2999 3923 3106 3979 τῶν
3134 3924 3324 3981 ὲθνῶν.
3348 3924 3560 3980 Οὐκοῦν
3596 3926 3701 3981 ἀπό
3729 3944 3789 3995 γε
3807 3924 3895 3995 τῆς

2336 4008 2536 4075 θέσεως
2554 4012 2655 4082 τῆς
2678 3998 2899 4084 ἀμφοῖν,
2925 4015 3026 4084 τῆς
3048 4033 3107 4069 τε
3131 4015 3351 4088 λυχνίας
3376 4016 3469 4071 καὶ
3490 4017 3594 4087 τῆς
3615 4016 3890 4090 τραπέζης.

2335 4102 2497 4172 φημὶ,
2539 4103 2822 4173 περιέσται
2843 4104 3012 4177 δήπου
3055 4110 3168 4171 τοῖς
3196 4107 3468 4162 ἐθέλουσιν
3494 4104 3553 4163 εὖ
3583 4110 3726 4181 μάλα
3746 4110 3887 4171 νοεῖν,

2334 4199 2415 4251 ὅτι
2442 4201 2554 4263 τοῖς
2596 4198 2696 4268 μὲν
2747 4200 3021 4265 Ἰουδαίοις
3070 4203 3185 4272 φῶς
3224 4203 3536 4277 ἐπέλαμψεν
3585 4207 3615 4259 ό
3656 4203 3886 4277 Χριστὸς,

2334 4288 2429 4342 καὶ
2465 4290 2594 4360 παρ’
2617 4291 2796 4357 αὐτοῖς
2845 4293 3141 4365 ἐκήρυττεν
3165 4336 3180 4361 ,
3219 4314 3238 4348 ι
3275 4294 3416 4364 Ἐγὼ
3454 4297 3569 4367 είμι
3614 4296 3677 4349 τὸ
3717 4295 3841 4365 φῶς.
3866 4311 3882 4342 ι

2347 4379 2705 4438 Ἀπέσταλται
2752 4382 2862 4456 γὰρ
2906 4386 2986 4451 είς
3035 4386 3104 4440 τὰ
3154 4387 3402 4459 πρόϐατα
3460 4387 3530 4442 τὰ
3590 4385 3884 4442 ἀπολωλότα

657 4485 831 4537 casse,
870 4489 888 4522 1
928 4471 1042 4541 Ego
1075 4484 1198 4526 sum
1253 4469 1346 4524 lux
1395 4469 1459 4523 ".
1499 4488 1519 4521 ›
1564 4468 1761 4524 Missus
1802 4475 1887 4523 est
1950 4469 2098 4524 enim
2157 4468 2225 4524 ad

2341 4472 2488 4527 οἴκου
2536 4473 2773 4546 Ἰσραήλ.
2809 4476 2938 4539 Καὶ,
2977 4494 2996 4527 ι
3031 4476 3221 4533 Αὐτῶν
3250 4479 3388 4533 εἰσιν
3429 4477 3486 4532 αἱ
3514 4474 3877 4547 ὲπαγγελίαι,ι

652 4570 807 4621 oves,
842 4570 961 4627 qua:
995 4556 1273 4627 perierant
1316 4556 1513 4611 domus
1549 4555 1716 4612 Israel
1746 4557 1813 4623 ",
1842 4563 1899 4612 et
1931 4574 1945 4611 :
1980 4575 1999 4609 ι
2028 4556 2233 4613 Εοιιιιιι

655 4655 784 4702 sunt
811 4646 1204 4718 promissiones
1237 4688 1253 4714 ,
1287 4666 1305 4699 ι
1334 4656 1404 4704 ut’
1433 4646 1736 4719 Scriptura:
1767 4647 1960 4704 dicunt
1996 4650 2040 4682 ⁸¹
2073 4691 2085 4704 .
2124 4648 2232 4704 Sed

652 4739 915 4809 quoniam
978 4740 1113 4795 illud
1182 4741 1434 4805 veritatis
1488 4742 1675 4798 lumen
1735 4742 1961 4798 minime
1998 4743 2235 4798 admise-

656 4840 805 4897 runt,
844 4832 1020 4887 factus
1054 4842 1140 4887 est
1175 4832 1431 4903 gentibus
1465 4833 1575 4888 vita
1620 4841 1678 4889 et
1735 4833 1894 4904 panis
1944 4833 2013 4889 de
2069 4834 2229 4890 cmlo.

653 4920 845 4993 Neque
878 4935 1007 4976 vero
1027 4931 1217 4992 gentes
1243 4923 1451 4979 lumine
1474 4934 1702 4992 carent;
1747 4924 1911 4995 idque
1938 4940 2006 4980 ex
2034 4939 2101 4980 eo
2144 4926 2231 4980 in-

657 5012 893 5085 telliges.
918 5011 1065 5083 quod
1090 5012 1404 5068 candelabri
1431 5015 1619 5071 lumen
1646 5016 1812 5072 etiam
1836 5016 1905 5072 ad
1944 5017 2230 5088 aquilona-

657 5118 745 5159 1'es
785 5099 1125 5160 tabernaculi
1163 5109 1347 5173 partes
1388 5103 1731 5173 penetrabat.
1788 5105 1859 5161 Et
1897 5105 2026 5175 quia
2057 5120 2233 5175 angu-

653 5197 958 5255 stissimum
1001 5203 1122 5253 erat
1173 5194 1378 5251 factum
1435 5194 1571 5250 illud
1615 5196 2050 5265 tabernaculum,
2093 5198 2234 5253 nihil

654 5290 879 5347 absurdi
934 5298 1021 5347 est
1064 5288 1398 5353 existimare,
1442 5287 1839 5358 propemodum
1894 5289 1974 5344 illi
2027 5305 2231 5346 mensa:

654 5377 966 5448 appositum
1006 5377 1175 5435 fuisse
1209 5377 1623 5443 candelabrum,
1662 5375 1796 5433 licet
1829 5378 2124 5434 australem
2146 5379 2232 5433 lo-

656 5481 781 5523 cum
839 5478 1071 5527 teneret.
1132 5471 1383 5528 Declarat
1427 5470 1593 5527 etiam
1652 5469 1758 5524 alia
1814 5468 2026 5524 ratione
2074 5469 2236 5525 nobis

655 5554 793 5615 illud
831 5557 950 5613 haec
983 5558 1174 5631 ﬁgura.
1202 5561 1297 5616 ubi
1326 5561 1573 5617 divinum
1603 5561 1790 5617 lumen
1830 5559 2073 5626 illuceat,
2119 5570 2235 5617 tum

655 5646 745 5714 iis,
790 5649 886 5719 qui
930 5649 1080 5722 digni
1133 5664 1282 5718 sunt,
1344 5654 1511 5710 licere
1539 5654 1743 5712 Christi
1776 5662 2034 5723 tanquam
2080 5654 2238 5725 panis

725 5764 771 5798 “
802 5763 903 5821 lsa.
934 5780 1045 5831 1.111.
1071 5766 1123 5825 9.
1179 5768 1223 5800 ⁸⁷
1246 5767 1401 5826 Joan.
1431 5786 1509 5839 111,
1527 5770 1613 5827 55.
1682 5769 1725 5804 ⁸⁸
1758 5769 1803 5827 ll
1827 5769 1953 5827 Cor.
1983 5785 2041 5841 11,
2085 5770 2173 5839 ll,
2207 5770 2287 5827 l5.
2333 5768 2541 5830 “Joaa.
2568 5786 2680 5857 1111,
2712 5772 2793 5829 12.

2329 4562 2471 4618 κατὰ
2503 4564 2602 4629 τὰς
2625 4566 2866 4636 Γραφάς.
2909 4568 3063 4621 Ἐπεὶ
3092 4568 3147 4623 δὲ
3177 4570 3238 4623 οὐ
3275 4570 3623 4641 προσήκαντο
3649 4568 3745 4637 τῆς
3767 4564 3883 4633 ἀλη-

2330 4653 2480 4717 θείας
2511 4654 2571 4708 τὸ
2612 4655 2757 4724 φῶς,
2809 4657 3000 4726 γέγονε
3031 4660 3145 4722 τοῖς
3186 4657 3395 4713 ἔθνεσιν
3427 4658 3540 4731 ζωὴ
3604 4658 3697 4712 καὶ
3740 4656 3883 4721 ἄρτος

2328 4745 2387 4812 ἐξ
2418 4746 2674 4819 οὐρανοῦ·
2726 4748 2819 4801 καὶ
2854 4750 2914 4802 οὐ
2946 4749 3067 4820 δίχα
3100 4751 3275 4818 φωτὸς
3306 4749 3376 4804 τὰ
3425 4750 3553 4821 ἔθνη
3574 4767 3589 4782 ο
3618 4748 3711 4803 καὶ
3745 4743 3882 4799 τοῦτο

2328 4835 2373 4888 δ’
2402 4835 2468 4890 ἂν
2497 4836 2710 4906 μάθοις,
2740 4838 3020 4909 διήκοντος
3063 4839 3154 4893 τοῦ
3191 4841 3367 4909 φωτὸς
3418 4845 3520 4913 τῆς
3551 4837 3765 4910 λυχνίας
3799 4832 3881 4887 καὶ

2329 4928 2411 4991 είς
2437 4927 2508 4981 τὰ
2540 4927 2723 5001 βόρεια
2756 4930 2856 4999 τῆς
2890 4932 3114 5003 σκηνῆς.
3151 4932 3482 5004 Στενοτάτης
3513 4933 3570 4987 δὲ
3601 4930 3764 4997 οὔσης
3796 4925 3879 4993 τῆς

2330 5021 2535 5089 σκηνῆς
2557 5020 2656 5088 τῆς
2697 5021 2875 5091 ἁγίας,
2908 5022 2970 5075 τὸ
3009 5024 3236 5089 ἀπεικὸς
3266 5024 3439 5089 οὐδὲν,
3496 5020 3769 5096 μονονουχὶ
3801 5013 3879 5069 καὶ

2330 5111 2755 5181 παρατεθεῖσθαι
2783 5114 2959 5170 δοκεῖν
2997 5118 3064 5187 τῇ
3104 5115 3352 5188 τραπέζῃ
3382 5115 3480 5186 τὴν
3527 5112 3764 5184 λυχνίαν,
3789 5105 3878 5161 κᾶν

2330 5202 2379 5254 εἰ
2407 5194 2497 5255 τὸν
2521 5203 2695 5257 νότιον
2724 5203 2821 5278 ἔχῃ
2858 5207 3040 5261 τόπον.
3087 5207 3407 5279 Ἐμφανίζει
3433 5208 3491 5262 δὲ
3517 5208 3647 5279 ⁴ἡμῖν
3675 5201 3763 5257 καὶ
3786 5194 3881 5251 ἐτέ-

2335 5309 2442 5363 ρως
2468 5294 2496 5345 ὁ
2522 5293 2711 5359 τύπος,
2737 5296 2811 5361 ὡς
2836 5297 2980 5351 θείου
3005 5300 3181 5369 φωτὸς
3212 5300 3585 5371 ὲκλάμποντος
3610 5291 3797 5362 γένοιτ’
3822 5288 3878 5340 ἂν

2329 5387 2441 5446 τοῖς
2474 5384 2646 5451 ἀξίοις
2672 5387 2729 5440 τὸ
2765 5389 3086 5461 μεταλαχεῖν
3115 5392 3373 5446 δύνασθαι
3401 5392 3493 5446 τοῦ
3536 5393 3578 5446 Χ
3588 5385 3783 5461 ριστοῦν
3814 5380 3878 5441 ὡς

2332 5472 2494 5543 ἄρτου
2530 5472 2731 5541 ζῶντος
2774 5480 2867 5533 καὶ
2914 5480 3187 5551 ἀληθινοῦ.
3230 5481 3502 5553 Σύσσωμα
3547 5480 3600 5535 δὲ
3632 5476 3723 5531 καὶ
3756 5487 3876 5539 συμθ

2338 5565 2539 5634 μέτοχα
2563 5567 2752 5637 γέγονε
2787 5572 2853 5626 τὰ
2886 5571 3011 5642 ἔθνη
3053 5571 3310 5644 Χριστοῦ.
3354 5573 3558 5646 Γράφει
3588 5570 3643 5621 δὲ
3683 5557 3878 5619 πάλινὸ

2337 5654 2623 5722 θεσπέσιος
2652 5659 2857 5725 Παῦλος
2887 5679 2899 5692 ·
2935 5663 3209 5734 Σύσσωμα
3239 5664 3293 5717 δὲ
3330 5652 3427 5719 καῖ
3466 5659 3771 5734 συμμέτοχα
3804 5646 3876 5719 τέ’

2863 5833 2868 5838 .
2909 5776 2955 5810 ⁸⁰
2981 5776 3173 5835 Matth.
3200 5795 3287 5845 xv,
3320 5777 3410 5836 2i.
3438 5778 3526 5853 __"
3551 5777 3705 5834 Rom.
3735 5785 3805 5833 ιι,
3825 5761 3872 5821 9.
