4142 6296
379 372 487 429 665

1118 377 1208 431 DE
1246 377 1693 436 ADORATIONE
1731 380 1801 435 IN
1840 378 2110 436 SPlRlTU
2147 380 2236 436 ET
2277 382 2649 441 VERITATE.
2688 387 2817 442 LIB.
2858 382 2926 442 Χ.

380 504 508 560 γονε
538 490 610 544 τά
641 489 772 562 ιθνη
806 489 1002 561 φωτὸς,
1029 490 1274 562 δηλονότι
1299 495 1391 548 τοῦ
1432 497 1646 568 νοητοῦ,
1683 515 1958 569 προσανα-

2063 496 2170 551 vivi
2219 515 2285 555 ac
2337 501 2456 555 veri
2495 504 2794 575 participes
2834 501 2976 559 fieri.
3020 500 3226 561 Scribit
3266 502 3416 561 enim
3446 503 3643 571 beatus

382 582 748 654 πιμπλάμενα
798 602 816 635 ι
849 583 1247 658 διαυγαζούσης
1273 587 1507 659 ἡμέρας,
1538 590 1632 643 καὶ
1657 589 1953 661 Φωσφόρου

381 673 522 728 κατὰ
549 671 674 727 νοῦν
699 672 1102 741 ἀνατέλλοντος,
1131 694 1150 727 ι
1181 676 1285 748 ἔφη
1344 680 1454 751 γάρ
1477 696 1561 745 τις
1588 680 1698 734 τῶν
1729 680 1822 734 τοῦ
1852 682 1958 734 Σω-

376 765 544 836 τῆρος
571 763 853 835 μαθητῶν.
888 765 1149 838 Ἐχόντων
1182 769 1239 823 δὲ
1268 763 1371 824 ὧδε
1403 770 1603 835 θέσεὼς
1636 788 1696 825 τε
1729 773 1822 825 καὶ
1857 790 1958 827 κα-

376 856 655 928 τασκευῆς
682 857 791 910 τῶν
845 858 904 911 ὲν
952 860 1067 923 τοῖς
1109 860 1312 930 Ἀγίοις
1359 862 1469 918 τῶν
1504 863 1695 932 ἁγίων,
1718 863 1956 919 ἐπίσπα-

384 964 567 1021 στρον,
587 949 707 1022 ἦτοι
748 951 1168 1023 καταπέτασμα,
1189 954 1443 1022 γενέσθαι
1492 955 1861 1027 προστέταχεν
1898 955 1957 1024 ἐξ

385 1041 643 1095 ὑακίνθου
681 1041 775 1095 καὶ
807 1042 1109 1114 πορφύρας,
1146 1046 1242 1098 καὶ
1262 1046 1517 1101 κοκκίνου
1549 1047 1957 1118 κεκλωσμένου,

386 1135 482 1187 καὶ
499 1132 693 1204 βύσσου
710 1150 833 1203 νενη
841 1134 1063 1205 σμένης·
1076 1134 1235 1191 τοῦτο
1247 1136 1304 1190 δὲ
1327 1141 1447 1203 ταῖς
1469 1139 1673 1210 σκηνῆς
1692 1137 1960 1203 εἰσϐολαῖς

385 1226 783 1297 περιτείνεσθαι
805 1224 914 1280 δεῖν
937 1225 1170 1296 ἔφασκεν
1195 1229 1526 1297 ἀναγκαίως,
1547 1230 1708 1285 πέντε
1738 1234 1960 1303 χρυσοῖς

382 1315 824 1389 ιπαιωρούμενον
874 1318 1105 1383 στύλοις,
1140 1312 1214 1374 ὧν
1243 1322 1299 1374 ai
1345 1320 1532 1392 βάσεις
1588 1322 1807 1392 χαλκαῖ.
1849 1322 1961 1377 Καὶ

384 1407 772 1499 ιπίσπαστρον
810 1409 906 1499 μεν
957 1410 1233 1480 ὀνομάζει,
1257 1411 1359 1483 τῆς
1412 1411 1583 1483 θύρας
1620 1413 1682 1467 τὸ
1733 1415 1960 1499 περιτά-

386 1514 593 1570 νυσμα,
616 1499 706 1554 διὰ
727 1497 805 1566 τὸ,
830 1498 1004 1570 οἶμαι,
1032 1499 1248 1566 λεπτοῖς
1265 1501 1475 1573 κρίκοις
1501 1505 1690 1559 άνόπιν
1707 1505 1961 1560 ἕλκεσθαι

387 1590 742 1662 δικνουμένης
790 1589 1197 1669 τῆςοείσῦολῆς·
1232 1592 1665 1650 ἁντεπισπᾶσθαι
1690 1596 1746 1650 δὲ
1767 1593 1832 1652 αὖ
1868 1598 1963 1652 καὶ

389 1680 821 1751 κατευρύνεσθαι
844 1682 953 1735 τῶν
977 1681 1177 1757 θυρῶν,
1193 1683 1457 1756 κρύπτειν
1479 1684 1549 1739 τὰ
1577 1686 1764 1755 Ἅγια.
1791 1688 1963 1743 Πέντε

387 1769 446 1823 δὲ
463 1771 511 1823 οί
530 1768 734 1891 πύλοῗ
761 1774 963 1842 χρυσοῖ
987 1773 1082 1826 καὶ⁵
1111 1773 1451 1845 περίχαλκοι,
1472 1776 1601 1839 τοὺς
1625 1777 1702 1841 ὡς
1726 1777 1962 1850 πέμπτῳ
1990 1830 2037 1891 Β

387 1862 565 1891 ...ηιηἋ
625 1880 695 1891 υ-
737 1864 751 1885 ν
784 1864 842 1891 ι..
898 1866 930 1891 ,ι
990 1864 1227 1891 ν-...-π
1268 1866 1457 1891 -,ι-.-..-
1510 1869 1773 1891 _..---.-!..
1831 1886 1928 1891 __-

386 1862 589 1935 καιρῷ,
625 1862 751 1919 καθ’
782 1864 842 1919 δν
898 1866 932 1937 ἡ
989 1864 1228 1937 Χριστοῦ
1268 1866 1458 1936 γέγονε
1508 1869 1797 1941 παρουσία,
1829 1886 1963 1941 προ-

385 1956 788 2022 ανατυποῦντες
811 1958 1164 2025 διδασκάλους
1186 1959 1278 2014 καὶ
1303 1959 1411 2014 τῶν
1436 1960 1773 2032 Ἐκκλησιῶν
1797 1963 1961 2034 ἡγου-

391 2050 610 2121 μένουςυ
642 2051 695 2106 οῖ
721 2051 812 2106 τδν
835 2052 936 2124 τῆς
963 2052 1221 2125 ἀληθείας
1240 2053 1662 2127 όρθοτομοῦντες
1685 2055 1861 2125 λόγον,
1879 2054 1962 2110 τί-

390 2160 509 2215 μιοι
539 2144 637 2215 μὲν
663 2143 741 2209 ὥς
770 2146 970 2218 χρυσός
1004 2147 1160 2215 εἰσιν,
1190 2148 1407 2219 εὐηχεῖς
1433 2147 1489 2201 δὲ
1521 2145 1695 2212 οὕτως
1726 2147 1802 2212 ὡς
1833 2147 1960 2219 χαλ-

388 2233 503 2298 κός.
539 2253 559 2287 ι
584 2233 680 2300 Είς
710 2237 892 2291 πᾶσαν
928 2236 1039 2310 γὰρ
1065 2238 1130 2309 δὴ
1149 2240 1249 2311 τὴν
1275 2240 1377 2312 γῆν
1405 2239 1626 2310 ἐξῆλθεν
1662 2241 1691 2293 ό
1728 2240 1962 2309 φθόγγος

388 2325 590 2394 αὐτῶν,
626 2328 722 2382 καὶ
757 2328 839 2391 εἰς
890 2327 961 2382 τὰ
1012 2329 1226 2402 πέρατα
1265 2331 1366 2402 τῆς
1405 2332 1731 2403 οίκουμένης
1765 2331 1834 2385 τὰ
1866 2334 1963 2403 ῥή-

392 2433 543 2489 ματα
573 2418 772 2474 αὐτῶν*
794 2437 815 2471 ι
849 2418 901 2474 οἳ
932 2420 1027 2474 καὶ
1063 2420 1151 2475 διὰ
1178 2421 1278 2493 τῆς
1303 2421 1552 2492 ὲντέχνου
1580 2421 1675 2476 καὶ
1704 2420 1962 2476 θεοπνεύ-

394 2525 523 2562 στου
573 2510 957 2581 μυσταγωγίας
1023 2513 1136 2576 τοῖς
1184 2513 1264 2576 είς
1314 2510 1385 2565 τὰ
1419 2512 1588 2581 ’Δγια
1628 2510 1738 2565 τῶν
1791 2512 1962 2580 ἁγίων

395 2595 697 2673 εἰστρέχειν
719 2601 992 2658 ἐθέλουσιν
1035 2605 1423 2677 ἀνευρύνουσιν
1451 2603 1639 2676 ὥσπερ
1665 2604 1764 2669 τὰς
1789 2602 1965 2658 είσόοο

395 2690 516 2755 λάς.
557 2691 636 2746 Τά
674 2692 773 2764 μὲν
812 2692 907 2749 οὖν
941 2694 1108 2765 Ἀγια
1154 2696 1261 2751 τῶν
1307 2697 1497 2766 ἁγίων,
1543 2697 1688 2749 τοῦτ’
1732 2695 1898 2762 ἐστιν,
1929 2697 1964 2767 η

394 2782 639 2855 ὲσωτέρα
679 2784 852 2858 σκηνὴ
889 2787 1335 2842 κατεκαλύπτετο
1365 2787 1446 2860 τῷ
1485 2788 1961 2860 καταπετάσματι.

392 2873 804 2947 Παρερήρειστο
846 2877 904 2931 δὲ
937 2877 1098 2943 εὐθὺς
1126 2878 1223 2934 καὶ
1252 2879 1594 2951 συνήρμοστο
1627 2882 1695 2950 τῇ
1738 2879 1965 2951 δευτέρᾳ

390 2968 493 3020 καὶ
535 2968 568 3039 ἡ
615 2969 807 3042 πρώτη
844 2970 1036 3043 σκηνὴ,
1095 2971 1157 3025 τὸ
1201 2970 1583 3043 θυσιαστήριον
1628 2970 1825 3043 ἔχουσα
1855 2970 1964 3025 τῶν

391 3060 810 3133 καρπωμάτων,
862 3063 921 3116 ὲν
961 3056 1006 3131 ᾧ
1059 3064 1209 3117 πᾶσα
1245 3065 1279 3135 ή
1333 3065 1401 3119 δι’
1441 3064 1688 3135 αἱμάτων
1732 3064 1965 3119 ἐτελεῖτο

2056 589 2282 656 Paulus,
2332 601 2526 662 gentes
2549 610 2670 650 esse
2693 598 3118 667 concorporales
3140 607 3303 668 atque
3343 599 3642 668 eomparti-

2057 681 2209 752 eipes
2245 681 2452 738 Christi
2475 686 2541 738 ".
2567 684 3004 756 Concorporales
3024 703 3188 757 porro
3217 697 3273 744 et
3294 689 3644 758 eompartici-

2055 787 2154 843 pes
2169 773 2325 830 facta:
2341 784 2693 847 suntgentes,
2715 793 2840 833 cum
2860 778 3070 853 lumine
3089 780 3363 850 spirituali
3379 780 3643 834 nimirum

2057 865 2281 934 repleta:
2328 876 2494 932 sunt,
2534 886 2552 919 ι
2585 868 2680 922 ubi
2710 870 2829 924 dies
2858 870 3058 935 illuxit,
3083 879 3139 925 et
3170 870 3390 924 Lucifer
3428 872 3484 924 in
3522 872 3643 925 ani-

2057 956 2163 1011 mis
2184 958 2389 1013 nostris
2420 969 2642 1015 exortus
2663 969 2767 1025 est,
2804 980 2822 1012 ι
2853 961 2929 1016 ait
2960 961 3182 1031 quidam
3215 961 3513 1016 Salvatoris
3541 979 3644 1017 no-

2058 1051 2161 1105 stri
2185 1050 2492 1122 discipulus
2526 1055 2592 1108 ⁸³.
2632 1055 2705 1109 lis
2731 1054 2918 1125 igitur,
2950 1070 3073 1123 qua:
3101 1055 3157 1107 in
3185 1054 3401 1109 Sanctis
3426 1065 3645 1110 sancto-

2059 1158 2183 1197 rum
2214 1155 2395 1211 erant,
2427 1146 2494 1201 ad
2525 1146 2673 1201 hunc
2705 1146 2930 1201 modum
2969 1146 3252 1201 collocatis
3303 1154 3465 1216 atque
3491 1162 3643 1212 corp-

2059 1236 2289 1305 positis,
2341 1237 2728 1292 adductorium
2780 1254 2878 1295 seu
2920 1239 3172 1294 velamen
3204 1237 3321 1292 ﬁeri
3347 1237 3532 1309 jussit,
3579 1254 3647 1292 ex

2060 1326 2357 1399 hyacintho
2379 1338 2435 1384 et
2462 1341 2724 1399 purpura,
2743 1338 2801 1385 et
2834 1345 2999 1386 cocco
3031 1337 3266 1396 torto,et
3298 1330 3463 1401 bysso
3490 1338 3642 1395 neta;

2062 1419 2229 1489 idque
2274 1419 2343 1474 ad
2392 1421 2571 1491 ipsum
2621 1421 2963 1477 tabernaculi
2994 1421 3196 1477 ostium
3236 1420 3645 1475 extendendum

2061 1522 2183 1564 esse
2227 1509 2544 1565 necessario
2579 1509 2739 1577 dixit,
2779 1511 2848 1566 de
2876 1511 3121 1581 quinque
3146 1511 3416 1566 inauratis
3431 1512 3647 1566 colum-

2061 1599 2169 1664 nis,
2195 1615 2429 1670 quarum
2459 1601 2620 1657 bases
2649 1612 2835 1657 essent
2859 1618 3045 1669 aeneaa,
3080 1618 3431 1674 suspensum.
3467 1603 3645 1673 Atque

2062 1688 2446 1744 adductorium
2470 1690 2693 1760 quidem
2713 1691 2953 1761 appellat
2969 1692 3153 1745 velum
3174 1692 3316 1746 ostio
3334 1692 3645 1757 obtentum,

2063 1779 2211 1848 quod
2243 1781 2474 1850 exiguis,
2511 1788 2573 1835 ut
2610 1781 2825 1850 Opinor,
2851 1782 3068 1837 annulis
3092 1781 3486 1845 retraheretur,
3522 1795 3649 1835 cum

2063 1884 2163 1941 per
2211 1871 2414 1925 ostium
2454 1870 2675 1926 transiri
2715 1885 2939 1927 necesse
2989 1882 3154 1936 esset,
3191 1888 3255 1928 ac
3305 1884 3501 1927 rursus
3552 1871 3650 1927 ad-

2066 1961 2364 2018 duceretur
2407 1962 2881 2033 explieareturque
2928 1978 3029 2035 per
3079 1965 3305 2030 ostium,
3367 1973 3427 2019 ut
3460 1972 3648 2020 sancta

2066 2054 2496 2110 occultarentur.
2540 2052 2796 2126 Quinque
2847 2065 3032 2111 autem
3076 2064 3204 2111 sunt
3252 2058 3521 2111 columna:
3552 2073 3649 2110 au-

2064 2161 2172 2203 reae
2209 2156 2372 2219 atque
2411 2162 2597 2213 ameae,
2631 2160 2752 2218 quae
2801 2148 2945 2215 illos,
2998 2149 3094 2219 qui
3144 2155 3403 2219 tanquam
3453 2149 3648 2218 quinto

2064 2249 2314 2312 tempore
2357 2240 2621 2307 fuerunt,
2655 2256 2766 2314 quo
2818 2248 3067 2312 tempore
3114 2240 3321 2297 Christi
3378 2241 3648 2296 adventus

2066 2333 2316 2406 contigit,
2367 2334 2623 2389 doctores
2674 2341 2838 2404 atque
2874 2333 3248 2389 Ecclesiarum
3290 2332 3461 2388 duces
3501 2348 3643 2403 prato

2067 2426 2368 2499 ﬁgurarent
2397 2444 2410 2481 :
2437 2426 2553 2498 qui,
2576 2442 2700 2482 cum
2739 2434 2889 2482 recte
2915 2440 3224 2481 sermonem
3255 2424 3505 2480 veritatis
3539 2433 3648 2478 tra-

2067 2527 2237 2585 ctent,
2278 2520 2508 2590 pretiosi
2544 2518 2768 2590 quidem
2803 2510 2943 2574 sunt'
2965 2527 3026 2574 ut
3049 2533 3266 2585 aurum,
3305 2527 3361 2573 et
3393 2519 3543 2572 velut
3572 2533 3647 2572 aes

2064 2619 2343 2665 resonant.
2397 2610 2534 2665 Nam
2596 2628 2614 2662 ι
2653 2610 2715 2665 In
2754 2626 2980 2665 omnem
3018 2617 3223 2666 terram
3266 2610 3439 2665 exivit
3478 2625 3646 2664 sonus

2064 2714 2278 2766 eorum,
2305 2701 2437 2756 etin
2458 2699 2595 2755 ﬁnes
2621 2701 2771 2756 orbis
2796 2709 2955 2757 terra:
2977 2702 3143 2756 verba
3161 2717 3350 2757 eorum
3372 2701 3420 2733 ”
3443 2744 3457 2766 ,
3503 2719 3521 2753 ι
3550 2700 3644 2769 qui

2067 2790 2254 2846 solerti
2282 2804 2349 2846 ac
2387 2789 2656 2846 divinitus
2693 2790 2957 2861 inSpirata
2980 2791 3231 2847 doctrina
3257 2792 3566 2846 volentibus
3590 2788 3646 2843 in

2067 2881 2265 2938 Sancta
2318 2890 2635 2938 sanctorum
2687 2883 2920 2938 introire
3002 2882 3185 2937 aditus
3243 2881 3648 2953 quodammodo

2064 2974 2419 3045 patefaciunt.
2452 2974 2623 3046 Igitur
2644 2974 2805 3045 337
2841 2974 3041 3030 Sancta
3073 2981 3408 3038 sanctorum,
3453 2973 3505 3026 id
3540 2979 3645 3037 est,

2065 3066 2299 3121 interius
2350 3066 2487 3121 illud
2537 3066 2948 3121 tabernaculum
2990 3065 3262 3121 velamine
3315 3064 3644 3133 tegebatur;

391 3152 751 3225 προσαγωγὴ,
786 3154 1005 3211 πόπανά
1039 3173 1100 3210 τε
1130 3156 1225 3210 καὶ
1254 3158 1302 3210 οί
1340 3156 1646 3224 λιϐανωτοὶ,
1682 3157 1779 3212 καὶ
1812 3158 1962 3212 πᾶσα

2066 3160 2379 3217 adhaarebat
2399 3176 2532 3216 vero
2560 3160 2809 3232 proxime
2841 3168 3002 3228 atque
3042 3157 3395 3227 conjunctum
3427 3164 3545 3210 erat
3572 3156 3648 3210 illi

389 3244 552 3299 θυσία
580 3245 673 3299 καὶ
703 3246 920 3320 σπονδὴ,
957 3249 1052 3303 καὶ
1075 3250 1210 3323 πρός
1238 3268 1302 3320 γε
1330 3250 1408 3321 τῷ
1441 3249 1814 3322 θυσιαστηρίῳ
1867 3249 1964 3304 καὶ

387 3335 759 3409 τδνλουτῆρα
784 3339 876 3392 τὸν
901 3338 1154 3410 χαλκοῦν.
1187 3340 1361 3406 Τόπος
1388 3341 1445 3395 δὲ
1486 3338 1551 3396 αὖ
1598 3340 1677 3412 τῷ
1727 3340 1825 3413 μὲν
1866 3339 1962 3393 θυ-

394 3429 695 3500 σιαστηρίῳ
723 3430 873 3500 παρὰ
904 3431 1002 3496 τὰς
1042 3431 1209 3504 θύρας
1231 3432 1330 3503 τῆς
1368 3432 1591 3503 σκηνῆς,
1623 3431 1781 3503 δῆλον
1806 3429 1861 3483 δὲ
1882 3432 1964 3483 ὅτι

392 3518 493 3588 τῆς
521 3518 805 3592 ὲξωτέρας’
836 3519 914 3593 τῷ
949 3519 1005 3574 δέ
1031 3538 1095 3591 γε
1124 3522 1366 3595 λουτῆρι,
1408 3522 1467 3576 τδ
1512 3521 1834 3594 μεσαίτατον
1862 3522 1965 3594 τῆς

395 3624 622 3683 σκηνης.

464 3881 673 3940 ΠΑΛΛ.
702 3883 814 3939 Καὶ
834 3885 919 3951 τίς
954 3883 1020 3941 ἂν
1046 3886 1218 3940 νοοῖτο
1244 3885 1404 3942 πάλιν
1433 3887 1466 3959 ἡ
1500 3888 1849 3958 ἐπιτήρησιςς
1942 3884 1951 3891 ’

464 4063 629 4119 ΚΥῬ.
667 4065 938 4137 Ἀκριὸὲς,
967 4058 1011 4120 ὦ
1032 4066 1319 4133 Παλλάδιε,
1350 4067 1410 4122 τὸ
1429 4067 1670 4138 Γράμμα
1694 4065 1755 4120 τὸ
1797 4065 1960 4138 ἱερὸν,

391 4157 488 4211 καὶ
517 4158 724 4212 εἰκαῖον
755 4158 813 4210 ὲν
839 4158 986 4230 αὐτῷ
1016 4159 1292 4224 παντελῶς
1317 4160 1488 4214 οὐδέν.
1530 4160 1640 4214 Θέα
1677 4158 1784 4231 γάρ
1816 4161 1965 4223 ὅπως

388 4251 526 4320 ἡμῖν
560 4249 623 4302 τὸ
661 4247 889 4319 αἴνιγμα
929 4249 1380 4319 παιδαγωγοῦντα
1426 4251 1657 4322 δὲδειχεν
1692 4252 1785 4303 ἐπὶ
1838 4252 1968 4322 Χρι-

393 4339 519 4395 στὸν
544 4341 635 4394 τὸν
660 4339 843 4410 νόμον.
867 4339 1115 4393 Τέθειται
1144 4340 1254 4413 γὰρ
1290 4342 1421 4414 παρ’
1468 4343 1658 4407 αὐταῖς
1692 4345 1814 4407 ταῖς
1858 4346 1968 4397 είσ-

390 4427 531 4495 όεοις
555 4434 675 4495 ταῖς
702 4432 781 4494 είς
808 4428 877 4484 τὰ
906 4430 1071 4499 Ἀγια
1121 4431 1229 4484 τῶν
1265 4432 1435 4500 ἁγίων
1477 4433 1576 4503 τῆς
1625 4433 1765 4487 κατὰ
1806 4433 1968 4503 νόμον

2064 3253 2304 3308 secundo
2344 3252 2581 3324 primum
2598 3266 2816 3323 quoque
2845 3242 3277 3315 tabernaculum,
3306 3249 3450 3319 quod
3479 3248 3650 3303 altare

2064 3344 2460 3399 sacriﬁciorum
2492 3342 2831 3408 continebat,
2872 3343 2929 3397 in
2965 3357 3074 3412 quo
3095 3342 3273 3396 omnis
3307 3356 3405 3411 per
3426 3340 3649 3409 sangui-

2063 3452 2190 3491 nem
2233 3436 2597 3491 exhibebatur
2630 3436 2855 3501 oblatio,
2879 3435 3185 3506 laganaque
3206 3442 3263 3490 et
3295 3434 3457 3488 thura
3482 3442 3537 3488 et
3558 3447 3653 3488 sa-

2065 3528 2334 3586 criﬁcium
2385 3544 2546 3584 omne
2595 3537 2760 3598 atque
2830 3526 3045 3592 libatio,
3113 3536 3171 3582 et
3224 3534 3425 3596 prmter
3477 3525 3651 3579 altare

2063 3621 2279 3676 labrum
2325 3634 2543 3689 quoque
2587 3634 2821 3674 aeneum.
2862 3619 2993 3675 Erat
3030 3625 3211 3672 autem
3242 3615 3348 3672 hoc
3372 3616 3542 3671 altare
3570 3616 3648 3670 si-

2066 3722 2183 3768 tum
2236 3720 2463 3783 propter
2502 3711 2842 3767 tabernaculi
2880 3710 3105 3774 ostium,
3155 3709 3446 3764 exterioris
3477 3709 3647 3762 nimi-

2064 3820 2208 3869 rum,
2237 3803 2455 3858 labrum
2486 3818 2619 3857 vero
2650 3802 2705 3856 in
2744 3801 2863 3871 ipso
2899 3799 3084 3855 medio
3120 3796 3461 3855 tabernaculi
3500 3798 3644 3853 loco.

2134 3893 2331 3949 PALL.
2368 3892 2510 3960 Quid
2535 3898 2718 3949 autem
2739 3891 2959 3948 latentis
2986 3890 3362 3963 intelligentiae
3398 3886 3649 3946 continet

2065 3985 2182 4040 haec
2201 3984 2512 4040 observatio
2540 3984 2565 4037 ?

2134 4078 2291 4134 CYR.
2334 4077 2602 4133 Accurate
2654 4083 2782 4130 sunt
2827 4074 3008 4130 omnia
3036 4115 3050 4139 ,
3098 4073 3326 4137 Palladi,
3367 4070 3422 4126 in
3470 4070 3647 4125 sacris

2066 4169 2291 4224 Litteris
2318 4167 2650 4238 perscripta,
2675 4164 2924 4234 nihilque
2959 4177 3188 4232 prorsus
3230 4160 3290 4213 in
3320 4160 3430 4213 illis
3446 4167 3530 4212 est
3560 4167 3645 4212 te-

2066 4275 2217 4316 mere
2263 4258 2500 4328 positum
2532 4275 2543 4309 :
2575 4255 2701 4310 vide
2748 4253 2896 4308 enim
2948 4259 3011 4306 ut
3055 4252 3162 4304 hoc
3204 4249 3433 4319 aenigma
3483 4246 3648 4303 nobis

2068 4352 2319 4408 ostendat
2350 4351 2485 4420 legis
2505 4349 2904 4403 institutionem
2926 4344 2993 4400 ad
3015 4343 3294 4399 Christum
3316 4341 3643 4411 perducere:

2070 4459 2194 4498 nam
2230 4442 2363 4496 illud
2385 4440 2575 4511 legalis
2627 4437 2907 4508 religionis
2937 4435 3105 4489 altare
3139 4432 3206 4487 ad
3240 4433 3387 4502 ipsos
3418 4431 3602 4485 aditus
3628 4471 3644 4498 ,

390 4522 649 4595 λατρείας
694 4522 755 4576 τὸ
788 4523 1194 4594 θυσιαστήριον.
1254 4522 1542 4594 Ἀποφέρει
1590 4526 1699 4595 γὰρ
1733 4526 1762 4578 ό
1799 4525 1964 4598 νόμος

2066 4551 2165 4605 per
2186 4548 2324 4604 quos
2351 4532 2418 4587 ad
2450 4530 2646 4585 Sancta
2674 4536 2991 4583 sanctorum
3028 4523 3377 4585 tondebatur,
3414 4522 3649 4576 colloca-

395 4614 551 4686 μόλις
585 4615 732 4686 ἡμᾶς
766 4616 846 4679 είς
882 4615 1056 4686 ἀρχὰς
1081 4615 1188 4668 τῶν
1219 4615 1313 4668 τοῦ
1347 4615 1584 4686 Χριστοῦ
1630 4617 1965 4689 μυστηρίων,

392 4708 489 4762 καὶ
522 4707 682 4763 οἱονεί
723 4723 840 4771 πως
873 4707 1023 4780 παρὰ
1066 4706 1163 4771 τὰς
1193 4705 1416 4777 πρώτας
1449 4707 1698 4772 είσόολὰς
1740 4709 1838 4780 τῆς
1881 4711 1967 4764 ἐπ’

391 4798 545 4871 αὐτῷ
567 4799 820 4869 γνώσεως
858 4798 1120 4873 ἀκριϐοῦς
1142 4817 1156 4831 ·
1189 4800 1492 4872 εἰσκομίζει
1525 4800 1582 4853 δὲ
1607 4802 1857 4871 οὐδαμῶς
1889 4804 1968 4867 είς

388 4892 461 4946 τὰ
488 4892 653 4961 ’Ἅγια
684 4893 792 4947 τῶν
824 4892 1015 4961 ἁγίων,
1044 4892 1190 4946 τοῦτ’
1231 4888 1398 4954 ἔστιν,
1441 4893 1522 4956 είς
1564 4892 1663 4963 τὴν
1695 4894 1966 4965 ἐσωτέραν

390 4984 620 5054 σκηνὴν,
663 4984 722 5037 ὲν
752 4978 1093 5058 ᾖπολυειδὴς
1126 4987 1155 5039 ό
1196 4984 1450 5055 Χριστὸς,
1492 4984 1567 5048 ὡς
1608 4985 1743 5039 Θεοῦ
1767 4986 1960 5054 Λόγος,

386 5076 465 5139 ὡς
493 5074 630 5144 φῶς,
658 5074 731 5140 ὡς
755 5075 917 5148 ἄρτος
943 5075 1073 5140 ζῶν,
1103 5076 1176 5140 ὡς
1202 5077 1425 5141 εὐωδίας
1458 5076 1601 5148 όσμὴ
1623 5076 1700 5147 τῷ
1728 5077 1846 5147 Θεῷ
1873 5077 1966 5130 καὶ

390 5166 587 5238 Πατρί.
622 5165 692 5220 Ἢ
737 5166 845 5238 γὰρ
894 5167 1014 5238 οὐχὶ
1069 5167 1234 5239 φαίης
1264 5168 1328 5221 ἂν
1375 5169 1456 5221 ὅτι
1505 5169 1744 5240 στοιχεῖά
1781 5186 1840 5222 τε
1872 5171 1966 5223 καὶ

388 5257 558 5329 ἀρχαὶ
589 5257 698 5311 τῶν
725 5257 920 5326 λογίων
937 5256 1028 5309 τοῦ
1054 5255 1208 5322 Θεοῦ,
1231 5257 1329 5326 τῆς
1348 5258 1487 5314 κατὰ
1509 5259 1673 5326 νόμον
1711 5261 1964 5332 λατρείας

390 5353 426 5421 ἡ
461 5349 854 5421 προμελετησις
878 5342 944 5418 ἦν
966 5367 980 5415 ;

469 5441 673 5494 ΠΑΛΛ.
721 5438 960 5509 Ἀληθές.

464 5532 630 5586 ΚΥΡ.
662 5532 785 5585 ’Ότι
816 5532 871 5584 δὲ
904 5530 1251 5585 τετελείωκεν
1279 5534 1306 5584 ό
1338 5533 1499 5603 νόμος
1526 5535 1697 5601 οὐδὲν,
1754 5557 1771 5588 ι
1793 5538 1963 5608 Ἀμή-

393 5641 555 5695 χανον
585 5624 692 5695 γὰρ
722 5619 860 5693 αἷμα
886 5624 1102 5694 ταύρων
1135 5625 1226 5677 καὶ
1259 5625 1475 5695 τράγων
1505 5628 1756 5699 ἀφαιρεῖν
1784 5631 1963 5701 ἀμαρ-

469 5806 509 5839 ¹²
540 5803 739 5874 Ephes.
781 5817 857 5868 ιη,
883 5802 937 5858 6.
1013 5802 1054 5834 ⁸³
1086 5802 1105 5858 Ι
1132 5803 1275 5858 Petr.
1302 5821 1335 5868 ι,
1370 5806 1448 5861 19.
1534 5808 1576 5841 ⁵⁸
1621 5808 1762 5865 Falli.
1805 5825 1954 5876 .\Vlll,
1990 5811 2018 5857 .‘i

2064 4632 2180 4678 tum
2207 4630 2346 4677 erat.
2382 4621 2492 4675 Lex
2531 4617 2679 4672 enim
2718 4616 2811 4670 vix
2853 4613 2920 4668 ad
2952 4614 3070 4683 ipsa
3104 4627 3204 4667 nos
3254 4611 3411 4666 initia
3442 4618 3649 4681 myste-

2063 4715 2272 4769 riorum
2318 4712 2437 4776 Dei,
2464 4719 2648 4779 atque,
2682 4714 2744 4762 ut
2775 4706 2851 4762 ita
2896 4704 3074 4759 dicam
3098 4744 3112 4768 ,
3157 4703 3225 4759 ad
3273 4701 3451 4773 prima
3482 4715 3648 4755 aecu—

2062 4815 2193 4860 ratre
2239 4802 2442 4859 Christi
2482 4798 2811 4870 cognitionis
2848 4795 3138 4867 perducit;
3170 4794 3264 4849 sed
3295 4791 3648 4848 nullovmodo

2064 4895 2275 4952 inducit
2319 4895 2375 4948 in
2404 4893 2601 4948 Sancta
2634 4899 2970 4951 sanctorum,
3001 4887 3053 4942 id
3082 4895 3165 4940 est
3195 4886 3251 4940 in
3296 4883 3530 4938 interius
3562 4890 3647 4935 ta—

2062 4987 2446 5049 bernaculum,
2472 4984 2527 5038 in
2545 4998 2654 5054 quo
2687 4979 3069 5051 multipliciter
3102 4977 3354 5035 Christus
3392 4974 3645 5029 contine-

2062 5091 2173 5146 tur,
2205 5088 2267 5134 ut
2294 5077 2392 5132 Dei
2433 5076 2703 5139 Verbum,
2739 5081 2798 5126 ut
2822 5073 3009 5126 lumen
3034 5111 3049 5134 ,
3083 5076 3143 5123 ut
3174 5068 3332 5138 panis
3357 5066 3518 5118 vivus
3538 5104 3552 5125 ,
3585 5070 3648 5115 ut

2062 5172 2322 5229 redelens.
2365 5169 2503 5226 odor
2538 5170 2651 5223 Deo
2687 5181 2753 5221 ac
2801 5165 2949 5220 Patri
2977 5162 3212 5216 oblatus.
3261 5156 3404 5223 Quid
3458 5155 3647 5208 enim?

2061 5286 2244 5326 nonne
2271 5283 2463 5324 censes
2486 5263 2747 5337 praeludis
2788 5260 2881 5314 illa
2910 5256 3101 5329 legalis
3152 5252 3332 5309 cultus
3370 5249 3643 5305 elementa

2061 5377 2182 5417 esse
2207 5371 2263 5414 et
2292 5358 2448 5413 initia
2477 5366 2793 5412 sermonum
2824 5350 2919 5403 De:
2943 5350 2963 5400 Ξ

2134 5451 2331 5505 PALL.
2363 5450 2440 5502 lla
2464 5456 2547 5502 est

2135 5543 2290 5597 CYR.
2327 5541 2474 5595 Nihil
2511 5545 2692 5590 autem
2717 5533 2781 5587 ad
2811 5532 3111 5601 perlectum
3132 5527 3422 5582 adduxisse
3447 5525 3641 5593 legem,

2078 5651 2093 5679 ‹
2136 5627 2471 5698 lmpnssihilc
2501 5622 2769 5693 siquidem
2804 5630 2905 5686 est,
2951 5619 3214 5689 sanguine
3255 5625 3537 5671 taurorum
3585 5616 3641 5664 et

3531 388 3638 445 666
3736 442 3749 447 -
