4142 6296
557 371 658 426 667

1571 375 1628 430 S.
1668 374 1943 431 CYRILLI
1978 375 2448 433 ALEXANDRINI
2486 376 2816 448 ARCHIEP.‘

3695 372 3804 431 8-63

554 487 834 542 hircorum
884 490 1087 545 auferri
1127 500 1349 562 peccata
1370 494 1437 559 ⁸⁵,
1468 514 1486 545 ι
1522 496 1784 551 continuo
1809 496 1988 551 disces
2012 536 2026 561 ,
2074 509 2113 551 et

2232 496 2386 560 τίας,
2426 514 2444 546 ι
2479 494 2778 563 ἀναμάθοις
2809 493 2876 547 ἂν
2905 492 3087 556 εὐθὺς,
3120 491 3214 545 καὶ
3255 491 3371 546 λίαν
3410 492 3665 563 ἀμογητὶ,
3707 496 3802 549 καὶ

554 575 777 647 quidem
796 578 914 634 sine
934 579 1045 636 ullo
1065 583 1284 652 negotio
1310 624 1324 648 ,
1359 585 1406 639 si
1436 586 1600 640 modo
1621 585 1761 640 labri
1782 587 1949 641 etiam
1981 587 2129 643 illius

550 686 715 726 usum
747 673 1223 731 consideraveris:
1264 686 1386 732 erat
1434 679 1583 733 enim
1627 679 1683 733 in
1733 680 1916 735 medio
1948 682 2128 750 primo

554 760 906 818 tabernaculo
956 764 1123 820 situm
1158 767 1505 837 splendidum
1549 777 1714 840 atque
1743 771 2123 841 conspicuum,

553 849 714 918 cujus'
733 865 874 920 aqua
891 853 1263 924 ingredientes
1291 858 1347 911 in
1378 857 1574 913 Sancta
1599 868 1914 915 sanctorum
1933 861 2126 917 ablue~

550 938 754 995 bantur
781 959 795 995 :
828 942 882 1022 id
916 944 1061 1000 enim
1082 947 1462 1004 sacerdotibus
1482 950 1599 1020 lege
1631 959 1960 1022 praeceptum
1982 961 2121 1008 erat.

552 1028 724 1100 Igitur
776 1020 881 1087 illa
904 1036 1102 1101 etiam,
1142 1052 1264 1107 quae
1304 1039 1361 1093 in
1408 1040 1525 1111 lege
1567 1020 1833 1111 perfectio
1881 1044 2120 1110 videtur,

554 1120 873 1191 imperfecta
905 1132 1018 1192 est,
1066 1142 1132 1183 ac
1184 1130 1357 1185 sancti
1408 1131 1754 1201 baptismatis
1784 1135 2123 1203 puriﬁcatio-

437 1265 456 1275 ὦ
554 1226 683 1266 nem
712 1213 994 1282 insinuat,
1042 1233 1154 1288 quo
1190 1234 1407 1275 sacrum
1456 1222 1588 1278 illud
1642 1239 1814 1294 genus
1854 1225 2119 1291 abluitur,

550 1317 768 1369 eorum,
800 1305 1042 1376 inquam,
1073 1311 1167 1379 qui
1190 1310 1296 1367 ﬁde
1317 1312 1598 1384 justiﬁcati
1625 1322 1771 1384 sunt,
1801 1330 1938 1385 quos
1955 1317 2121 1372 etiam

548 1390 745 1449 beatus
776 1395 867 1451 ille
900 1396 1202 1469 discipulus
1226 1401 1611 1473 alloquebatur
1640 1422 1654 1458 :
1691 1423 1708 1456 ι
1737 1406 1845 1461 Vos
1864 1413 2068 1472 autem,
2094 1427 2113 1458 ι

548 1477 760 1548 inquit,
794 1501 813 1533 ι
851 1498 1027 1554 genus
1052 1487 1288 1544 electum
1305 1530 1321 1555 ,
1350 1492 1531 1562 regale
1555 1492 1923 1548 sacerdotium
1943 1535 1958 1561 ,
1985 1510 2121 1566 gens

540 1579 764 1635 sancta.
801 1576 1037 1645 populus
1080 1578 1138 1633 in
1178 1582 1628 1651 acquisitionem,
1672 1591 1731 1640 ut
1762 1585 1991 1642 virtutes
2018 1603 2119 1643 an-

544 1663 811 1720 nuntietis
831 1667 951 1737 ejus
972 1708 987 1734 ,
1021 1670 1115 1740 qui
1143 1670 1212 1727 de
1260 1674 1505 1730 tenebris
1533 1689 1637 1730 nos
1677 1677 1896 1732 vocavit
1932 1678 1990 1733 in
2016 1677 2118 1733 ad-

541 1751 793 1811 mirabile
852 1757 1038 1814 lumen
1075 1775 1235 1816 suum
1250 1763 1318 1816 ".
1350 1782 1370 1815 ›
1418 1763 1557 1819 lllud
1598 1765 1767 1821 etiam
1792 1768 2115 1835 sciendum,

542 1844 745 1902 ostium
788 1862 1007 1920 quoque
1059 1854 1303 1911 exterius
1347 1855 1682 1911 tabernaculi
1714 1858 1983 1915 velamine
2029 1831 2122 1916 ob-
2150 1831 2193 1886 Β

540 1942 756 1992 tentum
783 1937 973 2007 fuisse,
999 1957 1069 1998 ne
1098 1944 1189 2010 iis,
1218 1945 1313 2015 qui
1346 1955 1501 2001 extra
1542 1956 1761 2014 essent,
1814 1959 2002 2020 aperta
2038 1959 2122 2007 at-

538 2040 650 2095 que
674 2029 962 2099 perspicua
987 2031 1181 2090 ﬁerent
1226 2034 1446 2099 Sancta,
1475 2035 1643 2107 338
1678 2037 1733 2092 id
1769 2047 1852 2094 est
1879 2041 2119 2109 primum

495 2139 512 2154 -
544 2118 983 2190 tabernaculum,
1016 2124 1073 2179 in
1098 2141 1208 2196 quo
1230 2127 1402 2199 legale
1440 2128 1574 2183 illud
1594 2130 1766 2186 altare
1793 2132 2118 2191 collocatum

541 2217 666 2264 erat
703 2228 716 2265 :
743 2227 850 2282 qua
876 2230 1073 2272 rursus
1103 2217 1275 2288 ﬁgura
1302 2218 1636 2286 declaratur,
1685 2237 1757 2276 ne
1787 2222 1958 2292 ipsam
1983 2241 2119 2295 quo-

545 2313 657 2368 que
682 2301 857 2374 legem
890 2320 1011 2362 esse
1047 2308 1224 2364 cuivis
1268 2310 1615 2381 perspicuam
1643 2329 1657 2367 :
1688 2314 1935 2383 velamen
1967 2318 2116 2374 enim

547 2388 715 2448 habet
731 2394 914 2455 littera
928 2438 943 2463 ,
966 2405 1023 2454 et
1041 2400 1276 2469 quadam
1291 2402 1610 2462 umbrarum
1636 2405 1969 2464 obscuritate
1988 2424 2118 2467 con-

541 2488 688 2538 tecta
717 2492 802 2540 est
831 2494 995 2556 atque
1024 2491 1218 2545 vestita
1246 2491 1668 2561 quodammodo.

605 2573 803 2631 PALL.
841 2577 932 2635 Sic
960 2595 1018 2637 se
1051 2597 1141 2637 res
1163 2582 1349 2639 habet.

602 2663 760 2720 ΟΥΕ.
798 2667 985 2739 Itaque
1042 2671 1100 2727 in
1139 2673 1321 2743 primo
1373 2677 1595 2747 quidem
1641 2679 1993 2738 tabernaculo
2028 2682 2111 2739 la-

534 2755 695 2811 brum
745 2768 867 2814 erat
912 2762 1153 2832 positum
1218 2774 1275 2821 et
1319 2768 1526 2837 altare;
1562 2770 1621 2827 in
1665 2773 1908 2828 secundo
1946 2784 2110 2844 atque

532 2847 730 2904 intimo
760 2866 886 2907 arca
924 2861 982 2909 et
1009 2856 1398 2914 candelabrum
1419 2901 1433 2927 ,
1467 2877 1696 2918 aureum
1729 2880 1948 2935 quoque
1976 2867 2108 2922 thu-

532 2939 797 3007 ribulum,
834 2943 892 2999 in
915 2960 1026 3015 quo
1070 2956 1233 3005 tenue
1270 2950 1405 3007 illud
1436 2953 1729 3025 thymiama
1760 2957 2104 3026 adolebatur,

531 3043 720 3087 mensa
752 3032 991 3106 denique
1017 3053 1105 3094 'ac
1130 3056 1318 3111 panes.
1385 3043 1638 3101 Meminit
1673 3063 1891 3119 quoque
1914 3050 2109 3108 beatus

533 3121 735 3179 Paulus
771 3140 954 3182 aurea:
976 3144 1131 3185 urna:
1154 3171 1169 3195 ,
1229 3131 1284 3188 in
1323 3149 1430 3203 qua
1462 3145 1581 3191 erat
1634 3152 1864 3206 manna;
1895 3140 2105 3212 virgam
2133 3158 2180 3224 ο

529 3227 749 3285 quoque
773 3215 954 3274 Aaron
968 3220 1138 3276 nobis
1165 3234 1588 3292 commemorat,
1628 3243 1793 3298 quam
1819 3230 1876 3285 in
1892 3230 2107 3289 Sanctis

528 3316 846 3365 sanctorum
887 3315 1182 3383 repositam
1209 3315 1379 3373 fuisse
1409 3318 1578 3385 dicit,
1623 3329 1686 3375 ut
1716 3322 1811 3392 qui
1841 3324 1899 3378 in
1935 3327 2106 3382 sacris

530 3395 755 3463 Litteris
778 3411 1029 3458 versatus
1052 3412 1216 3471 esset,
1239 3414 1297 3462 et
1332 3423 1454 3477 quae
1492 3410 1621 3465 olim
1650 3415 1886 3481 sancita,
1918 3431 2107 3486 quave

530 3484 694 3540 beato
747 3488 917 3559 Moysi
985 3490 1250 3553 divinitus
1300 3506 1571 3568 praecepta
1620 3509 1839 3568 essent,
1900 3484 2107 3575 optime

529 3579 762 3629 nosset:
806 3576 961 3633 novit
1000 3579 1166 3636 etiam
1209 3598 1456 3640 mensam
1501 3594 1665 3658 atque
1712 3591 2105 3650 candelabrum

530 3663 590 3721 in
625 3667 804 3738 primo
834 3670 1187 3728 tabernaculo
1210 3674 1400 3732 fuisse.
1425 3676 1631 3734 Scribit
1658 3689 1841 3754 autem
1863 3684 1932 3739 ad
1957 3686 2107 3743 hunc

530 3758 752 3815 modum
791 3760 860 3816 de
884 3762 1101 3819 duobus
1132 3768 1504 3824 testamentis:
1537 3788 1555 3822 ι
1584 3770 1645 3826 In
1676 3787 1743 3828 eo
1768 3775 1913 3844 quod
1935 3777 2103 3845 dicit,

530 3863 757 3917 novum,
808 3855 1078 3910 veteravit
1118 3855 1254 3912 illud
1299 3858 1489 3928 prius;
1550 3862 1705 3931 quod
1732 3873 1917 3921 autem
1944 3878 2101 3926 vete-

530 3941 674 3995 ravit
704 3950 764 3997 et
824 3945 1161 4015 antiquatur,
1194 3964 1366 4019 prope
1402 3950 1687 4008 interitum
1739 3966 1842 4012 est.
1900 3960 2106 4019 Habuit

528 4030 752 4101 quidem
791 4042 848 4089 et
893 4036 1048 4106 prius
1104 4037 1239 4093 illud
1288 4040 1710 4110 iustiﬁcationes
1764 4046 2012 4116 culturae,
2048 4061 2104 4109 et

528 4130 778 4179 sanctum
810 4127 1089 4183 saeculare.
1119 4129 1554 4189 Tabemaculum
1602 4136 1751 4191 enim
1781 4137 1986 4196 factum
2016 4154 2104 4201 est

525 4214 785 4285 primum,
819 4219 874 4273 in
915 4235 1028 4291 quo
1057 4221 1446 4280 candelabrum
1472 4233 1528 4281 et
1564 4242 1771 4295 mensa,
1804 4239 1860 4287 et
1896 4249 2101 4305 propo-

525 4304 654 4362 sitio
702 4323 926 4378 panum,
962 4327 1084 4382 quae
1124 4312 1330 4369 dicitur
1364 4323 1551 4372 sancta
1584 4337 1597 4372 :
1632 4330 1760 4389 post
1797 4304 2101 4384 secundum

522 4407 708 4461 autem
757 4401 1155 4469 velamentum,
1220 4405 1631 4464 tabernaculum
1699 4414 1847 4482 quod
1895 4416 2099 4476 dicitur

2227 588 2327 659 τὴν
2349 587 2442 642 τοῦ
2470 588 2726 658 λουτῆρος
2751 585 2938 656 χρείαν
2970 584 3319 656 ὲννενοηκὼς.
3352 585 3570 637 Ἔκειτο
3594 583 3703 656 γὰρ
3738 587 3800 639 ὲν

2231 678 2369 751 μέσῃ
2396 681 2462 750 τῇ
2488 677 2676 749 πρώτῃ
2700 679 2870 747 σκηνῇ
2897 676 3148 746 λαμπρὸς
3189 675 3284 730 καὶ
3310 676 3625 746 περίοπτος,
3666 693 3798 746 προ-

2227 769 2498 833 απονίζων
2531 768 2683 823 ὕδατι
2710 768 2836 832 τοὺς
2868 769 2947 830 είς
2967 766 3035 820 τὰ
3060 767 3228 834 Ἅγια
3260 766 3368 819 τῶν
3393 766 3565 834 ἁγίων
3588 768 3799 839 εἰστρέ-

2226 876 2436 931 χοντας.
2472 857 2690 937 Τέθειτο
2715 857 2824 928 γὰρ
2852 859 2964 920 τοῖς
2995 854 3230 927 ἱερεῦσιν
3252 856 3281 909 ό
3307 856 3399 909 ἐπὶ
3430 854 3568 927 τῷδε
3610 856 3794 926 νόμος.

2226 950 2433 1006 Οὐκοῦν
2464 952 2556 1005 καὶ
2591 951 2625 1021 ὴ
2663 951 2721 1003 ἐν
2759 950 2910 1020 νόμῳ
2946 948 3177 1002 δοκοῦσα
3229 948 3532 1019 πλήρωσις,
3578 949 3793 1020 ἀτελὴς.

2223 1039 2320 1110 τήν
2352 1040 2442 1093 διὰ
2491 1039 2585 1092 τοῦ
2632 1038 2787 1107 ἁγίου
2851 1037 3222 1107 βαπτίσματος
3278 1036 3544 1108 κάθαρσιν
3591 1037 3794 1107 ὑποδη-

2223 1128 2409 1190 λοῦσα,
2435 1130 2469 1198 ἢ
2501 1128 2561 1181 τὸ
2590 1128 2732 1199 ἱερὸν
2765 1126 3021 1181 ἐκπλύνει
3040 1126 3216 1195 γένος,
3253 1126 3397 1196 φημὶ
3417 1125 3480 1196 δή
3517 1126 3578 1180 τὸ
3602 1126 3711 1179 τῶν
3735 1128 3796 1180 ὲν

2224 1220 2402 1273 πίστει
2429 1217 2884 1289 δεδικαιωμένων,
2915 1211 2998 1282 οἷς
3032 1217 3128 1271 καὶ
3154 1219 3182 1271 ό
3224 1216 3509 1280 θεσπέσιος
3545 1216 3794 1288 μαθητὴς

2222 1313 2654 1385 προσπεφώνηκε
2699 1312 2892 1381 λέγων,
2924 1330 2944 1365 ι
2994 1312 3180 1383 Ὑμεῖς
3207 1310 3266 1365 δὲ
3309 1309 3465 1380 γένος
3515 1311 3791 1375 ἐκλεκτὸν,

2222 1403 2490 1475 βασίλειον
2547 1405 2863 1476 ἱεράτευμα,
2917 1402 3068 1467 ἔθνος
3108 1403 3284 1471 ἆγιον,
3335 1401 3462 1465 λαὸς
3504 1403 3584 1466 εἰς
3635 1419 3790 1472 περι-

2221 1497 2457 1567 ποίησιν,
2490 1496 2574 1551 ῐνα
2600 1495 2698 1560 τὰς
2724 1494 2925 1568 ἀρετὰς
2957 1494 3309 1564 ἐξαγγείλητε
3345 1492 3440 1546 τοῦ
3476 1495 3540 1547 ἐκ
3566 1492 3790 1555 σκότους

2219 1590 2365 1661 sua;
2380 1587 2705 1651 καλέσαντος
2729 1588 2808 1650 είς
2825 1586 2885 1640 τὸ
2899 1583 3207 1656 θαυμαστὸν
3222 1582 3386 1637 αὑτοῦ
3405 1582 3539 1652 φῶς.
3555 1600 3573 1634 ι
3594 1582 3790 1636 ’ἰστέον

2217 1679 2274 1734 δὲ
2300 1680 2382 1734 ὅτι
2411 1680 2505 1734 καὶ
2530 1682 2597 1750 τῇ
2634 1677 2774 1750 θύρᾳ.
2808 1677 2911 1748 τῆς
2943 1676 3047 1743 ἔξω
3091 1676 3296 1747 σκηνῆς
3336 1674 3791 1746 περιτετάννυστο

2218 1771 2638 1841 καταπέτασμα,
2673 1768 2749 1833 ὡς
2779 1768 2844 1823 ἂν
2876 1768 2949 1839 μὴ
2980 1768 3166 1837 γυμνά
3206 1780 3267 1820 τε
3298 1767 3392 1819 καὶ
3423 1765 3641 1836 ἐμφανῆ
3677 1768 3789 1829 τοῖς

2220 1861 2418 1927 ἔξωθεν
2444 1862 2528 1933 εἴη
2560 1860 2630 1914 τὰ
2684 1858 2868 1927 Ἅγια,
2899 1856 3043 1910 τοῦτ’
3077 1856 3245 1921 ἔστιν,
3268 1858 3302 1927 ή
3349 1854 3541 1926 πρώτη
3592 1854 3786 1926 σκηνή,

2220 1949 2331 2027 ὲνῇ
2362 1953 2423 2007 τὸ
2441 1954 2499 2007 ὲν
2525 1952 2675 2022 νόμῳ
2707 1949 3106 2019 θυσιαστήριον·
3126 1946 3574 2018 καταδηλοῦντος,
3608 1940 3785 2016 οἶμαι,

2218 2045 2309 2099 τοῦ
2333 2045 2504 2098 τύπου
2539 2043 2719 2105 πάλιν,
2746 2042 2827 2095 ὅτι
2856 2040 2989 2111 μηδὲ
3010 2040 3174 2105 αὐτὸς
3200 2041 3313 2104 τοῖς
3333 2037 3587 2110 τυχοῦσιν
3610 2041 3789 2110 ἐμφα-

2219 2137 2313 2206 νὴς
2342 2137 2371 2188 ό
2396 2136 2575 2206 νόμος.
2604 2131 3023 2203 Κατακάλυμμα
3051 2131 3159 2204 γὰρ
3190 2130 3301 2203 ἔχει
3327 2130 3389 2185 τδ
3410 2130 3665 2205 γράμμα,
3692 2130 3787 2183 καὶ

2218 2222 2693 2280 κατακεκάλυπταί
2717 2239 2778 2276 τε
2803 2223 2894 2277 καὶ
2922 2222 3330 2294 κατημφίασταί
3365 2237 3480 2285 πως
3507 2221 3605 2291 τὴν
3623 2219 3697 2285 ὡς
3725 2222 3785 2274 ὲν

2218 2320 2394 2382 σκιαῖς
2415 2316 2703 2388 ἀσάφειαν.

2282 2582 2492 2637 num.
2521 2574 2651 2639 Ὧδε
2683 2580 2816 2654 ἔχει.

2283 2673 2448 2728 ΚΥΡ.
2488 2674 2695 2728 Οὐκοῦν
2743 2674 2802 2728 ὲν
2848 2673 2946 2746 μὲν
2994 2675 3061 2745 τῇ
3110 2671 3298 2746 πρώτῃ
3343 2672 3514 2746 σκηνῇ
3586 2670 3785 2743 λουτὴρ

2210 2763 2389 2818 ἔκειτο
2417 2765 2510 2819 καὶ
2539 2763 2945 2836 θυσιαστήριον*
2996 2766 3053 2819 ἐν
3078 2763 3137 2818 δὲ
3174 2767 3241 2837 τῇ
3268 2765 3498 2837 δευτέρᾳ
3527 2763 3621 2818 καὶ
3647 2765 3784 2816 ὲσω-

2209 2858 2376 2919 τάτω,
2410 2858 2444 2927 ή
2479 2856 2710 2920 κιϐωτὸς
2741 2857 2838 2911 καὶ
2876 2858 2910 2928 ή
2939 2857 3164 2927 λυχνίαο
3195 2857 3291 2911 καὶ
3334 2856 3519 2926 μέντοι
3572 2856 3666 2910 καὶ
3718 2855 3784 2910 τὸ

2209 2946 2443 3020 χρυσοῦν
2489 2947 2881 3019 θυμιατήριον,
2939 2947 3025 3017 ἐφ’
3074 2940 3120 3017 ᾧ
3162 2947 3222 3002 τὸ
3266 2946 3462 3001 λεπτὸν
3508 2946 3777 3017 θυμίαμα,

2208 3034 2457 3109 τράπεζά
2484 3053 2541 3091 τε
2568 3037 2668 3091 ,καὶ
2691 3037 2866 3109 ἄρτοι.
2904 3037 3286 3108 Διαμέμνηται
3326 3037 3386 3090 δὲ
3427 3038 3456 3090 ό
3498 3034 3781 3099 θεσπέσιος

2209 3127 2421 3193 Παῦλος
2440 3128 2535 3182 καὶ
2557 3127 2795 3200 στάμνου
2827 3127 3034 3198 χρυσῆς
3069 3126 3297 3198 ἐχούσης
3340 3126 3402 3180 τδ
3437 3127 3631 3199 μάννα.
3670 3127 3783 3180 Καὶ

2215 3219 2319 3293 μὴν
2365 3220 2460 3274 καὶ
2492 3218 2685 3291 ῥάϐδον
2731 3221 2862 3292 ἡμῖν
2893 3217 3144 3291 ὀνομάζει
3181 3220 3280 3290 τὴν
3320 3217 3551 3290 Ἀαρὼν,
3581 3218 3647 3289 ἠν
3687 3216 3784 3271 καὶ

2210 3312 2267 3365 ἐν
2300 3313 2413 3375 τοῖς
2451 3311 2652 3381 Ἀγίοις
2691 3310 2798 3364 τῶν
2835 3309 3003 3380 ἁγίων
3043 3309 3426 3365 ἀποτεθεῖσθαί
3468 3326 3653 3381 φησιν,
3686 3310 3779 3363 ἅτε

2207 3401 2271 3475 δὴ
2303 3403 2398 3457 καὶ
2446 3401 2555 3456 τῶν
2602 3401 2764 3474 ἱερῶν
2797 3401 3145 3474 Γραμμάτων
3175 3399 3449 3474 ἐντριϐὴς,
3483 3401 3578 3454 καὶ
3608 3401 3780 3468 ἐγνω-

2208 3492 2320 3558 κὼς
2347 3495 2428 3548 ὅτι
2459 3492 2694 3565 μάλιστά
2716 3510 2780 3563 γε
2812 3491 2882 3546 τὰ
2906 3492 3306 3564 τεθεσπισμένα
3349 3492 3490 3547 κατὰ
3531 3493 3777 3563 καιροὺς,

2208 3586 2303 3640 καὶ
2337 3585 2415 3658 τῷ
2452 3585 2705 3657 μακαρίῳ
2731 3586 2903 3657 Μωσῇ
2932 3586 3386 3657 προστεταγμένα
3414 3583 3618 3638 θεόθεν.
3652 3579 3779 3637 Οἵδε

2204 3672 2448 3732 δὲοῦσαν
2495 3678 2588 3731 καὶ
2637 3676 2919 3750 τράπεζαν
2964 3677 3059 3731 καὶ
3103 3676 3324 3746 λυχνίαν
3371 3677 3430 3729 ὲν
3476 3679 3543 3748 τῇ
3588 3672 3777 3747 πρώτῃ

2207 3771 2400 3843 σκηνῇ.
2432 3769 2639 3841 Γράφει
2687 3768 2745 3824 δὲ
2781 3768 2923 3823 οὕτω
2960 3768 3088 3840 περὶ
3133 3770 3253 3822 ταῖν
3299 3767 3442 3822 δυοῖν
3471 3767 3776 3837 διαθήκαιν,

2211 3859 2330 3913 «Ἐν
2364 3859 2440 3930 τῷ
2466 3859 2648 3928 λέγειν
2673 3857 2887 3931 καινὴν,
2930 3857 3280 3915 πεπαλαίωκε
3308 3857 3405 3927 τήν
3436 3856 3679 3929 πρώτην.
3704 3857 3779 3911 Τὸ

2203 3949 2258 4004 δὲ
2296 3948 2689 4020 παλαιούμενον
2738 3950 2833 4002 κα)⁸
2881 3947 3179 4018 γηράσκον,
3232 3947 3401 4015 ἐγγὺς
3442 3945 3773 4017 ἀφανισμοῦ.

2204 4035 2331 4112 Εἶχε
2391 4041 2489 4111 μὲν
2535 4037 2628 4095 οὖν
2676 4041 2771 4094 κα)⁸
2811 4042 2845 4111 ή
2897 4039 3086 4112 πρώτη
3124 4037 3466 4110 δικαιώματα
3497 4039 3772 4111 λατρείας.

2202 4134 2262 4187 τό
2290 4149 2349 4185 τε
2372 4133 2524 4201 ἅγιον
2575 4131 2868 4202 κοσμικόν·
2911 4132 3084 4203 σκηνὴ
3127 4130 3235 4204 γὰρ
3286 4132 3696 4204 κατεσκευάσθη
3740 4135 3774 4203 ἡ

2203 4224 2414 4297 πρώτη,
2447 4227 2503 4278 ὲν
2537 4218 2571 4298 ᾖ
2598 4225 2632 4297 ἥ
2669 4242 2727 4278 τε
2751 4222 2943 4295 λυχνία
2976 4224 3071 4278 καὶ
3103 4226 3136 4297 ή
3165 4223 3431 4297 τράπεζα,
3458 4227 3550 4279 καλ¹
3579 4228 3613 4298 ή
3636 4226 3770 4297 πρό-

2202 4319 2350 4382 θεσις
2396 4317 2502 4371 τῶν
2551 4317 2750 4392 ἄρτων,
2789 4318 2908 4389 ἥτις
2955 4316 3171 4385 λέγεται
3226 4317 3381 4385 ἁγία.
3428 4317 3584 4370 Μετὰ
3617 4317 3673 4371 δὲ
3710 4316 3770 4370 τὸ

2199 4406 2447 4479 δεύτερον
2497 4406 2894 4477 καταπέτασμα
2943 4405 3143 4476 σκηνὴ,
3190 4407 3224 4477 ή
3265 4404 3531 4477 λεγομένη
3606 4405 3770 4473 Ἅγια

527 4487 725 4544 Sancta
755 4502 1091 4560 sanctorum,
1138 4494 1367 4552 aureum
1406 4498 1616 4555 habens
1656 4503 1999 4564 thuribulum
2039 4520 2096 4568 et

2211 4498 2387 4569 ὶγίων,
2414 4497 2647 4570 χρυσοῦν
2676 4497 2874 4568 ἔχουσα
2897 4497 3277 4569 θυμιατήριον,
3302 4497 3395 4551 καὶ
3415 4497 3514 4568 τὴν
3544 4494 3771 4551 κιϐωτὸν

522 4594 706 4635 arcam
733 4585 1065 4650 testamenti,
1099 4596 1406 4643 contectam
1444 4605 1512 4646 ex
1554 4594 1704 4648 omni
1736 4606 1891 4665 parte
1920 4616 2057 4658 auro
2079 4645 2094 4671 ,

522 4670 579 4728 in
609 4686 715 4741 qua
744 4690 883 4729 urna
910 4690 1077 4731 aurea
1121 4677 1328 4734 habens
1366 4695 1560 4739 manna
1581 4724 1596 4749 ,
1648 4694 1705 4740 et
1740 4686 1890 4759 virga
1915 4670 2096 4750 Aaron

520 4774 645 4829 quae
681 4760 961 4829 ﬂoruerat,
1001 4772 1059 4820 et
1096 4767 1293 4822 tabulae
1330 4774 1642 4829 testamenti
1678 4793 1690 4829 :
1724 4792 1889 4848 supra
1911 4791 2096 4839 autem

520 4853 698 4918 ipsam
729 4852 1034 4909 Cberubim
1091 4858 1278 4927 gloriaa
1333 4860 1718 4922 obumbrantia
1772 4873 2097 4942 propitiato-

523 4941 668 4994 rium
705 4942 775 4973 ⁸⁶”
802 4982 821 5006 ,
860 4962 879 4994 ι
913 4943 983 4999 de
1004 4946 1211 5015 quibus
1242 4963 1353 5005 non
1383 4958 1469 5005 est
1495 4969 1643 5011 nunc
1676 4941 1969 5017 dicendum
1997 4980 2098 5034 per

520 5029 755 5104 singula.

592 5123 789 5179 PALL.
824 5124 951 5191 Sed,
984 5127 1030 5182 si
1063 5127 1153 5185 cui
1188 5132 1455 5201 placuerit
1479 5137 1797 5210 diligentius
1823 5158 2089 5212 quaerere,

521 5215 829 5288 dixeritque
872 5234 1066 5275 causas
1101 5224 1256 5279 reddi
1314 5239 1574 5298 Oportere
1641 5233 1812 5289 totius
1841 5245 2094 5292 constru-

519 5306 737 5372 ctionis,
764 5325 1012 5378 quaenam
1031 5328 1061 5366 a
1088 5315 1247 5371 nobis
1275 5317 1461 5373 aﬁ'erri
1488 5322 1693 5391 poterit
1733 5325 1916 5379 ratio?

590 5395 746 5452 CYR.
769 5399 927 5467 Quia,
958 5404 1185 5471 Palladi,
1213 5408 1318 5463 alia
1349 5412 1571 5479 quidem
1598 5423 1722 5469 ante
1747 5416 2089 5473 tabernaculi

521 5491 1008 5556 constructionem,
1066 5496 1173 5550 alia
1209 5507 1331 5568 post
1374 5501 1493 5556 ﬁeri
1535 5506 1827 5575 praecepit;
1873 5524 1998 5562 nam
2035 5510 2090 5565 in

518 5574 726 5642 Exodo,
752 5585 1041 5649 antequam
1058 5584 1225 5640 ullum
1262 5588 1440 5645 adhuc
1460 5592 1683 5648 omnino
1707 5574 1877 5649 futuri
1913 5595 2092 5652 taber-

2199 4592 2297 4662 τῆς
2344 4591 2610 4663 διαθήκης
2658 4589 3210 4663 περικεκαλυμμένην
3245 4590 3509 4673 πάντοθεν
3543 4591 3768 4662 χρυσίῳ,

2198 4683 2256 4735 ἐν
2345 4682 2579 4752 στάμνος
2608 4681 2781 4753 χρυσῆ
2815 4680 3013 4751 ἔχουσα
3052 4679 3114 4733 τὸ
3147 4678 3341 4750 μάννα,
3376 4681 3470 4733 καὶ
3502 4683 3537 4750 ἡ
3580 4680 3769 4751 ῥάϐδος

2209 4774 2418 4847 Ἀαρὼν
2450 4777 2485 4847 ή
2519 4773 2885 4846 βλαστήσασα,
2919 4772 3014 4825 καὶ
3037 4772 3093 4826 αἱ
3124 4771 3329 4836 πλάκες
3358 4771 3458 4842 τῆς
3487 4771 3765 4843 διαθήκης.

2208 4867 2495 4940 ’Υπεράνω
2558 4867 2615 4920 δὲ
2668 4866 2839 4936 αὐτῆς
2899 4863 3180 4936 Χερουϐὶμ
3245 4861 3404 4931 δόξης
3468 4864 3766 4917 κατασκιά-

2196 4960 2354 5025 ζοντα
2385 4959 2446 5012 τὸ
2486 4958 2818 5029 ἱλαστήριον,
2850 4975 2870 5009 ι
2902 4956 3033 5027 περὶ
3058 4948 3132 5009 ὧν
3169 4954 3269 5007 οὐκ
3309 4952 3424 5006 ἔστι
3457 4952 3552 5005 νῦν
3594 4953 3767 5020 λέγειν

2192 5047 2335 5103 κατὰ
2359 5048 2543 5119 μέρος.

2262 5140 2598 5210 ΠΑΔΛ.”Αρ’
2619 5133 2711 5194 οὖν
2748 5140 2802 5192 εἴ
2842 5156 2923 5204 τις
2945 5140 3116 5194 ἕλοιτο
3144 5142 3543 5210 φιλοπευστεῖν,
3572 5139 3765 5212 χρῆναί

2188 5252 2249 5290 τε
2272 5235 2421 5303 λέγοι
2451 5234 2549 5296 τὰς
2577 5233 2757 5296 αίτίας
2789 5235 2963 5286 εἰπεῖν
2988 5233 3086 5302 τῆς
3124 5233 3251 5305 ὅλης
3277 5232 3648 5301 κατασκευῆς,
3683 5230 3764 5293 τίς

2193 5325 2257 5380 ἂν
2286 5325 2494 5394 γένοιτο
2519 5324 2652 5396 πρὸς
2676 5322 2833 5393 ήμῶν
2862 5325 2893 5381 ό
2920 5323 3076 5392 λόγος
3102 5342 3116 5391 ;

2262 5418 2428 5472 ΚΥΡ.
2467 5417 2608 5483 Ὅτι,
2651 5410 2696 5469 ὦ
2745 5416 3028 5481 Παλλάδιε,
3072 5416 3140 5469 τὰ
3196 5417 3294 5486 μὲν
3320 5416 3424 5488 πρὸ
3460 5418 3556 5487 τῆς
3600 5431 3765 5468 κατα-

2196 5511 2393 5581 σκευῆς
2434 5509 2531 5579 τῆς
2574 5509 2736 5576 ἁγίας
2774 5512 2997 5579 σκηνῆς,
3028 5510 3094 5563 τὰ
3136 5510 3192 5562 δὲ
3239 5509 3380 5578 μετὰ
3423 5508 3580 5562 τοῦτο
3609 5507 3758 5574 γενέ-

2195 5601 2317 5654 σθαι
2370 5599 2755 5671 προσ-τέταχεν.
2801 5599 2890 5655 Ἑν
2942 5599 3039 5669 μὲν
3088 5601 3195 5670 γὰρ
3223 5602 3286 5672 τῇ
3336 5598 3530 5668 Ἐξόδῳ
3559 5594 3651 5650 καί
3681 5610 3759 5647 τοι

593 5763 636 5797 ⁸⁵
665 5763 835 5822 llcbr.
881 5781 973 5835 VII,
1014 5766 1100 5836 l9;
1132 5786 1181 5838 κ,
1209 5774 1257 5827 l.
1343 5775 1387 5807 ⁸⁸³
1420 5775 1597 5831 lPNr.
1629 5796 1683 5845 ll,
1720 5781 1770 5837 9.
1849 5786 1912 5817 “5‘
1939 5785 2103 5841 Hebr.
2141 5802 2250 5853 vm,
2289 5788 2341 5855 9,
2388 5787 2480 5857 l3;
2525 5802 2602 5853 Ix,
2656 5786 2745 5841 1-3
