4142 6296
324 397 429 455 609

1064 393 1152 447 DE
1189 388 1630 446 ADORATIONE
1664 388 1731 444 IN
1772 387 2039 444 SPIRITU
2079 391 2168 445 ET
2211 392 2573 448 VEBITATE.
2615 392 2741 447 LIB.
2780 388 2846 447 Χ.

3493 391 3596 449 670

329 511 460 584 πρὶν
490 509 626 573 ὅλως
657 509 782 570 τοὺς
813 505 943 578 περὶ
987 506 1087 575 τῆς
1123 504 1284 573 ἁγίας
1315 505 1519 576 σκηνῆς
1547 505 1777 575 ὀφθῆναι
1805 505 1901 559 τύ-

2024 509 2185 563 iaculi
2205 509 2484 579 exemplar
2509 517 2784 564 ostensum
2812 549 2827 575 ,
2886 518 2980 564 aut
3017 507 3222 580 aliquid
3254 508 3321 564 de
3353 525 3420 564 eo
3446 528 3597 581 prae-

330 618 488 665 πους,
511 599 606 653 καὶ
634 598 704 651 τά
747 598 832 650 ἐπ’
862 595 1035 667 αὐτῆς
1073 595 1330 665 γενέσθαι
1364 597 1781 669 προστάγματα,
1816 598 1906 650 τὸν

330 694 421 748 ἐπὶ
444 694 508 762 τῇ
551 691 726 760 χρυσῇ
762 689 986 760 στάμνῳ
1018 687 1515 760 κατεχρησμῴδησε
1541 688 1721 758 λόγον,
1755 688 1909 755 είδὼς

327 785 388 837 τὸ
411 781 687 851 ἐσόμενον.
719 780 876 834 Μετὰ
898 779 955 833 δέ
980 795 1043 849 γε
1071 779 1171 851 τὴν
1209 777 1370 851 πῆξιν
1399 780 1496 850 τῆς
1544 780 1673 851 ὅλης
1706 781 1908 851 σκηνῆς

327 877 387 927 ὲν
419 874 534 936 τοῖς
573 869 852 942 Ἀριθμοῖς
870 871 1172 942 εὑρήσομεν
1205 871 1303 942 τὴν
1342 870 1536 942 ῥάϐδον
1553 871 1653 941 τὴν
1684 871 1895 942 Ἀαρὼν

266 952 271 955 ⁷
329 966 409 1028 εἰς
431 962 499 1016 τὰ
530 962 699 1030 Ἀγια
738 959 850 1013 τῶν
884 960 1056 1028 ἁγίων
1087 963 1599 1034 εἰσκεκομισμένην.
1640 962 1729 1016 Ἐν
1754 962 1810 1015 δὲ
1833 960 1909 1033 τῷ

331 1053 607 1124 Λευῖτικῷ
652 1052 1175 1124 προσεπενομοθέτει
1241 1051 1374 1117 Θεὸς
1402 1055 1529 1125 περί
1563 1071 1623 1107 τε
1665 1052 1906 1124 λυχνίας,

335 1145 431 1201 καὶ
460 1144 564 1217 μὴν
597 1145 689 1197 καὶ
719 1142 999 1215 τραπέζης
1033 1143 1134 1212 τῆς
1169 1143 1228 1197 ὲν
1255 1145 1321 1214 τῇ
1351 1141 1539 1215 πρώτῃ
1581 1147 1773 1217 σκηνῇ.
1805 1145 1911 1198 No-

338 1234 587 1308 μομαθὴς
615 1234 677 1289 δὲ
716 1233 974 1303 ὑπάρχων
1007 1234 1036 1286 6
1074 1230 1383 1300 σοφώτατος
1422 1232 1653 1298 Παῦλος,
1681 1234 1910 1304 παρίησι

337 1326 436 1398 μὲν
462 1325 598 1388 ὅλως
617 1325 724 1380 τῶν
758 1324 1061 1393 γεγονότων
1093 1322 1264 1389 οὐδὲν,
1293 1321 1657 1394 διαμέμνηται
1681 1324 1738 1376 δὲ
1762 1322 1910 1397 πρώ-

332 1434 443 1471 των
473 1433 534 1470 τε
558 1417 654 1471 καὶ
687 1414 867 1487 μέσων
896 1413 991 1467 καὶ
1019 1412 1361 1466 τελευταίων.

403 1506 613 1561 ΠΑΛΛ.
654 1506 883 1575 Ἀριστα
911 1502 1069 1574 ἔφης.
1113 1501 1293 1576 Φράζε
1330 1500 1395 1573 δὴ
1425 1495 1521 1555 οὖν
1569 1500 1780 1556 ἕκαστα
1813 1519 1911 1557 σα-

338 1597 457 1669 φῶς
492 1598 588 1652 καὶ⁵
620 1595 1048 1667 διεσταλμένως·
1081 1595 1251 1668 βαθὺς
1295 1594 1406 1668 γάρ
1446 1611 1551 1649 που
1608 1593 1826 1658 πάντως
1879 1596 1909 1650 6

339 1691 427 1745 tn’
451 1689 635 1752 αὐτοῖς
659 1689 773 1741 ἐστι
812 1688 990 1757 λόγος.

406 1781 568 1834 ΚΥΡ.
610 1780 740 1845 Ναὶ,
771 1778 949 1849 λέγεις
979 1778 1175 1852 ὀρθῶς.
1194 1779 1347 1851 Ἔχει
1370 1777 1481 1849 γὰρ
1501 1770 1604 1831 ὧδε
1632 1778 1695 1831 τὸ
1722 1778 1911 1850 χρῆμα

338 1871 480 1925 κατά
511 1838 787 1942 ἀλήθειαν.
819 1838 1220 1942 Ιίοιήσόμαι-δὲ
1265 1838 1395 1923 τῶν.
1425 1838 1780 1939 διηγημάτων
1813 1838 1916 1922 ’διαὶ
1946 1838 1988 1893 Β

337 1961 437 2032 τὴν
477 1959 715 2031 στάμνον
756 1959 954 2031 ἀρχήν.
993 1956 1182 2012 ’Υετοῦ
1214 1959 1313 2030 μὲν
1360 1957 1488 2027 γοῦν
1532 1958 1690 2030 δίκην
1736 1959 1916 2014 καθίει

337 2053 470 2118 Θεδς
498 2055 611 2118 τοῖς
662 2051 721 2119 ἐξ
764 2051 979 2123 Ἰσραὴλ
1034 2051 1095 2105 τὸ
1142 2051 1319 2122 μάννα
1356 2050 1497 2105 κατά
1547 2051 1645 2122 τὴν
1688 2050 1913 2122 ἔρημον·

338 2144 513 2218 τροφὴ
554 2143 664 2217 γάρ
712 2142 873 2197 τοῦτο
917 2143 1010 2198 καὶ
1052 2143 1217 2213 ἄρτος
1267 2143 1451 2206 αὐτοῖς
1496 2141 1704 2196 ἀνωθεν
1728 2143 1821 2196 καὶ
1859 2141 1919 2210 ἐξ

339 2234 588 2309 ούρανοῦ.
638 2235 778 2289 Ἀλλ’
808 2236 893 2289 ὅτι
924 2233 999 2308 μὴ
1054 2235 1219 2305 μέχρι
1251 2233 1359 2287 τῶν
1397 2233 1669 2304 αἰσθητῶν
1688 2234 1750 2286 τὸ
1780 2233 1919 2305 δρῶ⁴

342 2345 504 2399 μενον
547 2323 636 2399 ἦν·
675 2326 936 2398 ἀναφέρει
987 2324 1097 2396 γάρ
1143 2341 1202 2379 τε
1244 2323 1443 2396 ὥσπερ·
1477 2323 1564 2378 διὰ
1604 2322 1776 2378 τύπου
1820 2323 1917 2377 καὶ

342 2421 501 2485 σκιᾶς
528 2420 620 2473 ἐπὶ
647 2418 708 2472 τὸ
733 2420 928 2490 χρῆναι
965 2419 1127 2483 νοεῖν,
1151 2416 1232 2470 ὅτι
1278 2414 1546 2486 παρέσται
1590 2413 1731 2469 κατά
1799 2431 1921 2468 και-

343 2511 472 2584 ροὺς
499 2511 528 2564 6
563 2510 766 2564 ἄνωθεν
808 2510 940 2581 ἡμῖν
971 2509 1065 2562 καὶ
1092 2509 1157 2561 ἐκ
1180 2507 1397 2579 Πατρὺς
1431 2506 1627 2577 Λόγος,
1650 2506 1727 2570 ὡς
1757 2505 1920 2578 ἄρτος

344 2603 409 2668 ἐξ
438 2602 693 2675 ούρανοῦ,
730 2602 806 2666 ὡς
849 2602 943 2656 καὶ
984 2604 1013 2656 6
1060 2600 1203 2666 θεῖος
1248 2602 1382 2672 ἡμῖν
1431 2599 1595 2653 Δαδὶδ
1635 2599 1922 2668 ὑποφαίνει

346 2695 550 2765 λέγων’
589 2714 607 2747 ι
630 2695 821 2766 Ἀρτον
867 2692 1098 2765 ούρανοῦ
1145 2693 1346 2747 ἔδωκεν
1396 2692 1597 2755 αὐτοῖς,
1631 2692 1794 2762 ἄρτον
1826 2691 1922 2758 άγ·

348 2787 522 2856 γέλων
571 2785 770 2856 ἔφαγεν
812 2784 1117 2856 ἄνθρωπος.
1141 2802 1160 2836 ι
1205 2785 1316 2838 Καὶ
1351 2782 1468 2836 οὔτι
1507 2781 1611 2836 πού
1660 2798 1838 2852 φαμεν
1864 2780 1925 2834 τὸ

349 2878 526 2950 μάννα
577 2878 638 2930 τὸ
679 2875 937 2949 αἰσθητὸν
982 2876 1144 2948 ἄρτον
1173 2872 1311 2929 εἶναι
1330 2873 1422 2928 τὸν
1449 2874 1507 2941 ἐξ
1549 2873 1778 2945 οὐρανοῦ
1830 2874 1924 2927 καὶ

345 2970 615 3039 ἀγγέλων.
644 2970 918 3042 Τρέφεται
959 2967 1060 3040 μὲν
1115 2966 1225 3039 γὰρ
1273 2965 1335 3021 τὸ
1369 2965 1587 3037 πνεῦμα
1626 2980 1925 3036 πνευματι-

345 3058 478 3123 κῶς,
544 3058 707 3129 σῶμα
752 3058 811 3111 δὲ
862 3051 929 3111 αὖ
982 3059 1100 3110 κατ’
1137 3056 1274 3112 ίδίαν
1329 3054 1513 3126 φύσιν,
1573 3054 1721 3109 τοῦτ’
1783 3054 1923 3119 ἐστι,

2010 608 2229 668 ceptum
2277 608 2424 654 esset
2454 640 2468 665 ,
2505 614 2828 669 responsum
2865 599 2932 654 de
2990 614 3157 654 aurea
3191 616 3328 653 urna
3346 601 3387 632 '"
3420 600 3596 668 dedit,

2009 705 2134 746 cum
2206 690 2374 746 sciret
2449 692 2596 761 quod
2673 691 2922 747 futurum
2990 699 3143 757 erat;
3213 699 3399 760 postea
3462 709 3597 748 vero

2009 796 2174 851 quam
2218 788 2393 836 totum
2428 783 2845 837 tabernaculum
2892 782 3060 836 ﬁxum
3091 789 3177 837 est
3202 822 3216 847 ,
3251 783 3308 836 in
3338 783 3597 839 Numeris

2010 874 2223 944 virgam
2248 874 2429 929 Aaron
2458 874 2803 929 inveniemus
2832 874 3002 928 fuisse
3044 875 3102 927 in
3147 873 3347 929 Sancta
3377 882 3598 929 sancto-

2011 982 2134 1021 rum
2162 967 2364 1021 illatam
2388 967 2459 1033 ⁸⁸;
2483 966 2580 1021 sed
2610 966 2667 1020 in
2698 966 2944 1021 Levitico
2972 967 3198 1035 insuper
3220 967 3489 1019 sancitum
3509 973 3597 1021 est

2011 1064 2128 1112 tum
2151 1057 2219 1112 de
2249 1057 2579 1112 candelabro
2598 1098 2613 1121 ,
2636 1060 2754 1111 tum
2788 1056 2955 1111 etiam
2982 1056 3050 1111 de
3071 1071 3262 1110 mensa
3290 1058 3359 1122 ⁸⁸,
3392 1072 3514 1126 quae
3539 1059 3597 1112 in

2009 1148 2187 1218 primo
2218 1149 2570 1204 tabernaculo
2601 1148 2777 1219 posita
2797 1155 2935 1203 erat.
2976 1147 3140 1218 339
3160 1148 3361 1202 Paulus
3388 1157 3596 1214 autem,

2009 1240 2095 1297 vir
2135 1239 2602 1310 sapientissimus,
2646 1255 2773 1295 cum
2824 1238 2962 1310 legis
2998 1238 3209 1308 peritus
3236 1246 3402 1302 esset,
3459 1238 3599 1294 nihil

2009 1346 2237 1402 prorsus
2285 1348 2354 1387 ex
2404 1331 2472 1387 iis
2529 1347 2651 1402 quae
2702 1331 2846 1387 facta
2919 1337 3051 1386 sunt
3097 1329 3449 1399 praetermisit
3502 1328 3599 1383 sed

2010 1423 2207 1494 prima,
2231 1423 2413 1478 media
2433 1430 2489 1478 et
2523 1432 2769 1479 extrema
2798 1422 3268 1478 commemoravit.

2080 1515 2277 1570 PALL.
2312 1513 2529 1586 Optime
2558 1530 2690 1570 sane
2714 1521 2799 1570 est
2827 1530 2860 1569 a
2886 1522 2938 1569 te
2978 1513 3211 1575 dictum.
3241 1512 3468 1582 Explica
3499 1510 3601 1582 igi-

2014 1613 2104 1661 tur
2144 1605 2360 1677 singula
2386 1605 2627 1662 dilucide
2652 1622 2717 1662 ac
2745 1606 2991 1661 breviter
3027 1623 3042 1659 :
3075 1604 3301 1660 abditus
3333 1603 3482 1658 enim
3515 1611 3602 1657 est

2012 1711 2195 1752 sermo
2223 1736 2238 1762 ,
2272 1696 2328 1750 in
2348 1712 2457 1766 quo
2486 1695 2554 1751 de
2583 1696 2653 1751 iis
2681 1695 2849 1751 rebus
2879 1694 3077 1766 agitur.

2083 1784 2241 1841 ΟΥΕ.
2271 1786 2440 1843 Recte
2469 1787 2627 1842 dicis.
2652 1787 2743 1842 Sic
2768 1787 2916 1841 enim
2952 1801 3145 1841 revera
3179 1801 3239 1840 se
3280 1795 3369 1839 res
3411 1783 3600 1837 habet.

2017 1874 2203 1944 Itaque
2237 1873 2306 1930 ab
2329 1874 2444 1943 ipsa
2467 1875 2706 1944 primum
2741 1889 2880 1928 urna
2904 1871 3166 1927 narrandi
3199 1870 3488 1926 exordium
3524 1869 3603 1923 fa-

2017 1965 2177 2021 ciam.
2210 1965 2410 2020 Imbris
2434 1964 2601 2036 igitur
2630 1965 2803 2019 instar
2835 1963 3058 2019 demisit
3095 1964 3242 2018 Deus
3277 1962 3407 2017 liliis
3433 1961 3602 2017 Israel

2017 2070 2216 2111 manna
2267 2070 2368 2125 per
2412 2055 2722 2120 desertum;
2752 2055 2800 2108 is
2831 2054 2978 2108 enim
3009 2053 3169 2109 cibus
3209 2068 3274 2108 ac
3304 2051 3461 2122 panis
3493 2050 3603 2105 illis

2017 2154 2135 2201 erat
2160 2162 2397 2217 superne
2427 2154 2589 2216 atque
2617 2146 2686 2201 de
2716 2146 2857 2201 cmlo
2881 2145 3064 2201 datus.
3117 2145 3252 2199 Eam
3276 2158 3444 2214 porro
3485 2157 3604 2197 rem

2019 2247 2222 2310 gestam
2246 2254 2359 2294 non
2381 2253 2552 2308 usque
2574 2237 2641 2292 ad
2655 2237 2939 2291 sensibilis
2973 2236 3065 2291 illa
3087 2249 3210 2290 esse
3229 2248 3601 2306 progressam,

2021 2331 2205 2399 ibique
2235 2328 2544 2385 constitisse
2562 2369 2577 2389 .
2607 2326 2705 2382 sed
2729 2343 2826 2397 per
2848 2322 2996 2381 illam
3023 2325 3251 2396 ﬁguram
3273 2332 3329 2379 et
3351 2324 3605 2378 umbram

2020 2434 2087 2475 eo
2122 2419 2446 2490 perducere,
2474 2427 2535 2473 ut
2565 2417 2973 2488 intelligeretur
3001 2416 3122 2471 fore
3147 2456 3162 2483 ,
3206 2423 3266 2470 ut
3304 2429 3606 2485 supernum

2022 2513 2156 2569 illud
2205 2521 2261 2568 et
2304 2526 2371 2567 ex
2419 2512 2582 2566 Patre
2624 2510 2867 2565 Verbum
2903 2518 3163 2580 tanquam
3209 2508 3370 2578 panis
3406 2524 3437 2563 e
3467 2508 3607 2563 coelo

2021 2607 2090 2661 ad
2124 2620 2226 2661 nos
2277 2604 2496 2660 tandem
2535 2602 2855 2669 adveniret,
2887 2601 3109 2656 divinus
3129 2615 3349 2671 quoque
3382 2600 3470 2654 vir
3504 2600 3608 2653 Da-

2022 2698 2115 2752 vid
2142 2697 2305 2752 nobis
2341 2695 2569 2761 indicat,
2594 2695 2786 2751 dicens
2819 2711 2832 2747 :
2871 2713 2889 2745 ‹
2921 2694 3123 2748 Panem
3160 2692 3283 2747 coeli
3306 2690 3461 2745 dedit
3481 2690 3562 2744 eis
3592 2707 3606 2743 :

2022 2805 2216 2861 panem
2237 2788 2552 2860 angelorum
2574 2785 2926 2840 manducavit
2940 2785 3105 2839 homo
3127 2784 3192 2837 ⁸⁸.
3207 2803 3225 2835 ι
3260 2782 3450 2853 Neque
3474 2795 3610 2837 vero

2021 2877 2359 2933 censendum
2382 2885 2484 2941 est,
2511 2889 2711 2929 manna
2737 2873 2872 2928 illud
2904 2872 3164 2929 sensibile
3201 2885 3401 2940 panem
3452 2869 3609 2923 illum

2023 2970 2092 3025 de
2116 2969 2256 3025 coelo
2297 2976 2353 3023 et
2383 2967 2702 3037 angelorum
2745 2979 2904 3020 esse:
2945 2977 3073 3017 nam
3107 2961 3335 3032 spiritus
3385 2958 3611 3030 quidem

2025 3058 2406 3130 spiritualiter,
2442 3071 2643 3126 corpus
2661 3064 2847 3110 autem
2881 3053 3283 3109 convenienter
3305 3065 3420 3106 suae
3442 3057 3611 3104 natu-

348 3148 694 3220 σωματικῶς.
731 3146 919 3220 Τροφὴ
969 3148 1026 3201 δὲ
1056 3147 1303 3217 ἀγγέλων
1329 3147 1425 3202 καὶ
1456 3147 1620 3221 ἄρτος
1645 3148 1673 3199 6
1700 3145 1924 3217 πρέπων

2028 3168 2122 3217 ne,
2158 3150 2219 3204 id’
2233 3157 2334 3213 est,
2369 3147 2726 3217 corporaliter
2740 3144 2984 3215 pascitur
3009 3162 3021 3197 :
3049 3143 3209 3198 cibus
3236 3148 3419 3196 autem
3445 3156 3612 3212 ange-

345 3240 595 3310 οὐρανοῖς
621 3239 716 3292 καὶ
741 3241 853 3302 τοῖς
887 3237 1000 3292 ἄνω
1024 3239 1350 3309 πνεύμασιν,
1387 3240 1415 3292 6
1443 3239 1507 3291 ἐκ
1532 3236 1666 3292 Θεοῦ
1714 3237 1927 3309 Πατρός

345 3332 538 3401 Λόγος.
571 3332 645 3387 Τὺ
690 3331 864 3404 μάννα
895 3331 960 3402 δὴ
1005 3325 1097 3386 οὖν
1139 3331 1328 3402 ἐδήλου
1362 3331 1614 3402 Χριστόν.
1653 3330 1821 3383 Οὐδὲν
1859 3330 1920 3383 δὲ

345 3426 376 3480 6
399 3423 566 3488 τύπος
605 3424 666 3478 τὸ
707 3422 953 3492 ὠφελοῦν
986 3423 1121 3495 ἔχει,
1152 3423 1226 3495 μὴ
1248 3423 1347 3493 τῆς
1362 3422 1619 3493 ἀληθείας
1647 3421 1917 3489 είσδεδεγ·

352 3515 541 3587 μένης.
574 3514 709 3569 Σκιά
732 3514 842 3587 γὰρ
870 3515 1026 3571 τοῦτο
1071 3515 1312 3586 ἐκείνης,
1337 3514 1396 3567 οὐ
1426 3514 1493 3567 δι’
1531 3512 1692 3568 ἑαυτὸ
1724 3512 1928 3584 κυρίως

349 3607 594 3678 γεγονὸς,
633 3608 746 3662 ἀλλ’
778 3610 865 3664 ῐνα
895 3628 946 3664 τι
986 3610 1094 3662 τῶν
1137 3608 1441 3679 ἀμεινόνων
1487 3606 1572 3675 ἐφ’
1602 3604 1778 3676 ἑαυτῷ
1825 3605 1930 3671 ζωο

348 3703 559 3772 γραφῇ.
595 3700 694 3755 Διά
719 3701 875 3756 τοῦτο
903 3700 1135 3773 Χριστὸς
1164 3701 1277 3762 τοῖς
1320 3697 1587 3753 Ἰουδαίων
1614 3698 1808 3769 δήμοις
1837 3712 1927 3750 σο-

349 3790 459 3861 φὴν
488 3792 724 3845 ἐποιεῖτο
751 3791 850 3863 τὴν
879 3791 1191 3861 ἐπίπληξιν,
1219 3791 1298 3844 ὅτι
1329 3790 1405 3862 μὴ
1442 3789 1641 3862 μᾶλλον
1666 3788 1826 3843 αὐτὸν
1854 3787 1929 3851 ὡς

348 3881 633 3952 ἀλήθειαν,
679 3883 814 3938 ἀλλὰ
852 3883 1055 3939 Μωσέα
1086 3881 1448 3953 θαυμάζουσι,
1482 3881 1591 3936 τῶν
1614 3880 1799 3936 τύπων
1831 3881 1924 3935 τὸν

350 3974 646 4047 ὑπουργόν.
683 3976 829 4047 Ἔφη
869 3975 978 4049 γὰρ
1024 3975 1217 4043 οὕτως,
1243 3993 1250 3997 ·
1281 3995 1301 4028 ι
1336 3975 1533 4047 Ἀμὴν,
1583 3972 1731 4046 ἀμὴν
1788 3972 1932 4043 λέγω

352 4068 508 4138 ὑμῖν,
553 4068 760 4140 Μωσῆς
805 4070 934 4139 ὑμῖν
986 4069 1189 4123 δέδωκε
1235 4069 1299 4123 τὸ
1333 4068 1510 4140 μάννα
1535 4084 1548 4099 ⁸
1577 4068 1607 4121 ὁ
1630 4067 1738 4137 γὰρ
1769 4067 1932 4138 ἄρτος

348 4160 447 4214 τοῦ
484 4158 619 4214 Θεοῦ
660 4162 805 4214 ἐστιν
829 4164 857 4215 6
885 4163 949 4217 ἐκ
986 4161 1080 4216 τοῦ
1109 4161 1342 4234 οὐρανοῦ
1376 4161 1639 4226 καταϐὰς,
1667 4160 1761 4215 καὶ
1788 4159 1932 4231 ζωὴν

349 4250 527 4316 διδοὺς
559 4250 636 4322 τῷ
665 4251 873 4320 κόσμῳ.
916 4251 1056 4320 Ἐγώ
1076 4254 1191 4323 είμι
1223 4253 1252 4304 ὁ
1278 4250 1442 4322 ἄρτος
1474 4254 1502 4306 ό
1524 4251 1655 4316 ζῶν.
1680 4271 1699 4305 ι
1734 4252 1933 4305 Εἰκόνα

347 4342 417 4412 δὴ
451 4338 543 4395 οὖν
569 4342 631 4396 τὸ
666 4342 839 4413 μάννα
875 4340 1041 4405 τιθεὶς
1088 4341 1182 4395 τοῦ
1213 4343 1416 4397 ἄνωθεν
1456 4343 1553 4397 καὶ
1580 4343 1640 4408 ὲξ
1700 4341 1931 4413 οὐρανοῦ

352 4434 854 4504 καταφοιτήσαντος
890 4433 1090 4501 Λόγου,
1124 4433 1192 4487 τὰ
1238 4434 1329 4486 ὲπί
1375 4451 1438 4502 γε
1478 4437 1546 4505 τῇ
1598 4433 1818 4505 στάμνῳ
1843 4452 1934 4488 κε-

2026 3243 2203 3297 lorum
2234 3248 2291 3295 et
2321 3238 2497 3309 panis,
2526 3237 2621 3308 qui
2644 3235 2798 3291 caelis
2831 3233 3157 3304 superisque
3181 3231 3467 3302 spiritibus
3482 3245 3614 3285 con-

2024 3334 2230 3399 veniat,
2266 3332 2400 3387 illud
2453 3331 2551 3386 Dei
2583 3329 2763 3386 Patris
2797 3337 2882 3384 est
2904 3326 3163 3383 Verbum.
3199 3325 3397 3380 Manna
3439 3322 3612 3394 igitur

2023 3428 2307 3485 Christum
2335 3422 2699 3497 signiﬁcabat.
2726 3420 2833 3476 Sed
2857 3420 3030 3491 ﬁgura
3064 3417 3200 3473 nihil
3236 3416 3489 3472 utilitatis
3528 3413 3614 3469 af-

2024 3522 2152 3586 fert,
2185 3518 2294 3575 nisi
2344 3516 2547 3573 veritas
2584 3514 2957 3571 demonstrata
3000 3510 3201 3575 fuerit;
3232 3523 3320 3563 res
3348 3506 3495 3563 enim
3522 3506 3613 3562 illa

2026 3615 2223 3670 umbra
2255 3610 2420 3681 hujus
2448 3617 2532 3663 est
2557 3647 2572 3673 ,
2604 3621 2783 3676 neque
2826 3613 3051 3674 propter
3075 3617 3135 3657 se
3183 3602 3357 3672 ipsam
3388 3598 3614 3669 proprie

2026 3714 2176 3778 gesta
2207 3711 2322 3769 est,
2365 3700 2462 3756 sed
2516 3707 2578 3754 ut
2605 3698 2662 3753 in
2707 3713 2765 3752 se
2790 3695 2998 3767 aliquid
3034 3694 3387 3766 praestantius
3426 3691 3612 3761 expri-

2026 3804 2230 3862 meret;
2271 3794 2342 3849 ob
2367 3806 2596 3862 eamque
2621 3803 2844 3845 causam
2874 3786 3128 3843 Christus
3165 3784 3479 3841 Iudaeorum
3510 3797 3612 3852 po-

2027 3889 2186 3960 pulos
2217 3886 2495 3957 sapienter
2522 3881 2865 3952 increpavit,
2915 3879 3009 3951 qui
3060 3892 3169 3932 non
3210 3890 3269 3931 se
3293 3875 3512 3947 potius,
3552 3880 3614 3927 ut

2028 3981 2123 4052 qui
2139 3976 2340 4035 veritas
2361 3983 2544 4043 esset,
2571 3974 2669 4030 sed
2702 3974 2947 4046 Moysen,
2974 3971 3068 4041 qui
3099 3968 3401 4039 ﬁgurarum
3434 3964 3611 4020 admi-

2027 4073 2205 4127 nister
2269 4069 2493 4131 fuisset,
2544 4064 2966 4121 admirarentur.
3046 4060 3140 4116 Sic
3193 4059 3341 4115 enim
3415 4056 3555 4112 dixit
3595 4073 3613 4108 ε

2039 4180 2059 4213 ε
2086 4160 2280 4225 Amen,
2303 4172 2463 4213 amen
2501 4155 2625 4211 dico
2645 4153 2803 4208 vobis
2830 4170 2841 4205 :
2883 4152 3003 4206 Non
3027 4150 3238 4221 Moyses
3274 4145 3431 4201 vobis
3461 4143 3621 4203 dedit

2029 4267 2231 4308 manna
2264 4268 2277 4304 :
2304 4264 2432 4303 nam
2460 4246 2618 4318 panis
2642 4244 2740 4299 Dei
2756 4252 2841 4298 est
2867 4241 2958 4295 ille
3001 4238 3188 4310 quide
3221 4236 3360 4290 caelo
3382 4233 3617 4288 descen-

2032 4345 2133 4409 dit,
2157 4351 2212 4398 et
2237 4343 2330 4397 dat
2348 4341 2516 4393 vitam
2543 4335 2772 4391 mundo.
2813 4332 2928 4402 Ego
2965 4345 3086 4384 sum
3112 4327 3273 4399 panis
3305 4326 3465 4380 vivus
3487 4323 3551 4377 ⁶¹.
3587 4341 3606 4374 ι

2033 4435 2172 4491 Cum
2200 4433 2366 4504 igitur
2387 4432 2444 4484 in
2480 4442 2678 4482 manna
2702 4423 2995 4494 imaginem
3022 4417 3395 4491 proposuisset
3420 4414 3612 4479 Verbi,

352 4524 720 4597 χρησμῴδηκε
787 4523 937 4589 Θεός.
984 4522 1298 4594 Γέγραπται
1326 4524 1385 4577 δὲ
1426 4523 1622 4588 οὕτως’
1666 4542 1685 4575 ι
1710 4504 1845 4577 Εἶπε
1877 4522 1924 4576 δὲ

2037 4527 2184 4598 quod
2206 4537 2443 4593 superne
2466 4529 2521 4576 et
2543 4519 2611 4574 de
2628 4518 2769 4574 cmlo
2798 4513 3106 4578 descendit,
3135 4520 3251 4566 tum
3280 4509 3519 4585 denique
3546 4507 3615 4561 de

350 4616 560 4688 Μωσῆς
580 4633 596 4648 ο
627 4616 795 4670 Τοῦτο
825 4615 886 4670 τὸ
913 4616 1087 4687 ῥῆμα,
1125 4614 1154 4668 ὃ
1201 4613 1454 4679 συνέταξε
1502 4613 1729 4685 Κύριος,
1788 4614 1934 4686 Πλή-

355 4722 489 4759 σατε
529 4705 591 4758 τὸ
643 4705 814 4777 γομὸρ
876 4704 969 4758 τοῦ
1015 4706 1212 4777 μάννα,
1259 4706 1340 4768 είς
1383 4704 1666 4776 ἀποθήκην
1705 4706 1785 4768 είς
1835 4705 1934 4769 τὰς

353 4794 550 4864 γενεὰς
580 4795 754 4867 ὑμῶν,
788 4795 875 4849 ἵνα
914 4795 1064 4849 ἴδωσι
1090 4796 1181 4850 τὸν
1209 4795 1395 4868 ἄρτον,
1417 4795 1476 4849 ὃν
1511 4797 1744 4864 ἐφάγετε
1775 4795 1936 4865 ὑμεῖς

352 4886 416 4938 ὲν
449 4886 514 4956 τῇ
544 4885 756 4956 ἐρήμῳ,
786 4887 863 4946 ὡς
896 4884 1162 4957 ἐξήγαγεν
1196 4887 1342 4956 ὑμᾶς
1380 4884 1585 4957 Κύριος
1626 4886 1689 4939 ἐκ
1714 4886 1819 4956 γῆς
1842 4888 1936 4941 Al-

352 4976 718 5046 γύπτου.Καὶ
745 4971 867 5029 εἷπε
884 4976 1092 5045 Μωσῆς
1152 4977 1289 5049 πρὸς
1334 4977 1572 5049 Ἀαρών
1608 4977 1755 5032 Λάϐε
1810 4978 1937 5032 στά-

363 5085 500 5139 μνον
550 5067 786 5139 χρυσοῦν
819 5068 936 5134 ἓνα,
976 5069 1071 5123 καὶ
1102 5068 1304 5141 ἔμϐαλε
1338 5072 1419 5133 εἰς
1443 5069 1604 5124 αὐτὸν
1643 5070 1851 5141 πλῆρες
1874 5070 1935 5124 τὸ

356 5158 537 5229 γομὸρ
563 5158 657 5212 τοῦ
700 5158 896 5230 μάννα,
939 5160 1033 5212 καὶ
1070 5160 1366 5232 ἀποθήσεις
1403 5160 1536 5215 αὐτὸ
1573 5161 1812 5215 ἐναντίον
1839 5160 1934 5216 τοῦ

354 5248 515 5316 Θεοῦ,
544 5251 620 5314 εἰς
649 5251 970 5323 διατήρησιν
1001 5252 1080 5313 εἰς
1111 5250 1208 5314 τὰς
1227 5252 1421 5319 γενεὰς
1443 5253 1618 5324 ὑμῶν,
1651 5254 1710 5306 ὃν
1736 5252 1936 5323 τρόπον

358 5342 619 5407 συνέταξε
670 5343 875 5414 Κύριος
931 5342 1009 5414 τῷ
1053 5344 1246 5414 Μωσῇ.
1295 5346 1403 5398 Καὶ
1454 5346 1688 5400 ἀπέθετο
1725 5345 1935 5416 ’Λαρὼν

356 5434 537 5489 ἔναντι
566 5434 659 5488 τοῦ
687 5437 1010 5506 μαρτυρίου,
1049 5436 1127 5501 είς
1158 5434 1495 5506 διατήρησιν.
1525 5457 1544 5489 ι
1578 5440 1788 5510 Ὠσπερ
1826 5439 1932 5508 γὰρ

359 5527 616 5599 ἐλέγομεν
645 5531 727 5583 ὅτι
759 5529 847 5582 τὸν
878 5529 1018 5582 θεῖον
1052 5528 1249 5598 ἔχουσα
1313 5529 1470 5596 λόγον
1497 5532 1529 5600 ἡ
1560 5532 1790 5595 κιεωτὺς
1835 5533 1936 5585 ὑπο

361 5618 552 5690 εδήλου
583 5620 674 5674 τὸν
717 5620 1095 5690 Ἐμμανουήλ·
1142 5618 1274 5672 Θεοῦ
1318 5619 1426 5688 γὰρ
1462 5617 1528 5690 ἦν
1570 5622 1739 5689 Λόγος
1772 5622 1845 5685 ὡς
1879 5624 1936 5675 ἐν

432 5731 475 5760 ⁸⁷
517 5731 686 5785 Exod.
745 5748 850 5792 3m,
895 5731 981 5785 55.

374 5797 415 5828 ⁶²
458 5800 631 5856 Exod.
696 5817 811 5866 xvi,
844 5801 1033 5855 5254.

1062 5732 1106 5759 ⁸⁸
1150 5733 1307 5787 Num.
1370 5750 1494 5799 xm,
1547 5733 1665 5787 3-3.
1744 5735 1786 5767 δ”
1831 5735 2002 5789 Levii.
2043 5752 2187 5801 xxw,
2254 5735 2303 5787 ρι.

2036 4633 2171 4674 urna
2204 4613 2464 4687 praecepit
2488 4613 2650 4666 Deus.
2686 4609 2776 4666 Sic
2807 4617 2992 4663 autem
3021 4606 3288 4676 scriptum
3304 4609 3440 4658 esttc
3468 4599 3617 4655 Dixit

2035 4720 2219 4767 autem
2243 4708 2453 4779 Moyses
2491 4723 2505 4758 :
2541 4703 2657 4758 Hoc
2692 4710 2779 4757 est
2828 4700 3095 4764 verbum,
3134 4695 3281 4767 quod
3331 4691 3617 4749 constituit

2034 4802 2301 4858 Dominus
2330 4816 2342 4850 :
2370 4797 2598 4867 Implete
2616 4808 2806 4865 gomor
2827 4807 2894 4846 ex
2914 4805 3114 4845 manna
3137 4787 3205 4843 ad
3236 4782 3616 4856 reponendum

2036 4896 2092 4949 in
2121 4890 2413 4965 progenies
2441 4895 2653 4943 vestras
2673 4928 2687 4951 ,
2720 4893 2778 4940 ut
2816 4883 3040 4939 videant
3062 4894 3283 4951 panem,
3324 4891 3488 4946 quem
3521 4888 3616 4965 co-

2033 4954 2316 5042 mederitis
2364 4982 2422 5036 in
2462 4980 2713 5043 deserto,
2759 4985 3115 5048 posteaquam
3175 4969 3362 5026 eduxit
3402 4981 3498 5021 vos
3548 4954 3618 5019 dc

2033 5078 2282 5149 lEgypto.
2301 5076 2372 5130 Et
2393 5072 2531 5128 dixit
2552 5071 2760 5143 Moyses
2783 5067 2850 5122 ad
2874 5068 3054 5121 Aaron
3075 5082 3086 5118 :
3113 5062 3310 5130 Accipe
3329 5073 3425 5112 vas
3444 5065 3619 5110 unum

2032 5182 2286 5232 aureum,
2321 5172 2377 5221 et
2405 5163 2560 5218 mitte
2586 5161 2643 5216 in
2668 5158 2802 5215 illud
2836 5159 3062 5228 plenum
3085 5166 3276 5224 gomor
3299 5160 3531 5209 mannaz,
3560 5151 3618 5198 et

2034 5275 2267 5330 repones
2295 5255 2431 5311 illud
2460 5268 2645 5309 coram
2678 5251 2930 5313 Domino,
2963 5255 3024 5301 ut
3059 5248 3309 5299 servetur
3337 5239 3391 5292 in
3419 5250 3618 5306 proge-

2031 5326 2152 5407 nies
2181 5357 2416 5413 vestras,
2450 5356 2512 5402 ut
2531 5343 2792 5417 prmcepit
2821 5338 3085 5393 Dominus
3113 5331 3301 5402 Moysi.
3330 5327 3492 5399 340
3540 5326 3609 5381 Et

2039 5441 2286 5512 reposuit
2310 5439 2488 5494 Aaron
2513 5446 2635 5491 ante
2668 5428 3063 5489 testimonium,
3091 5428 3478 5477 utservaretur
3498 5419 3562 5471 δ’.
3589 5436 3609 5465 ι

2041 5511 2118 5587 Uti
2134 5530 2278 5586 enim
2313 5527 2662 5585 dicebamus,
2711 5533 2926 5580 arcam,
2965 5513 3111 5584 quod
3152 5511 3245 5567 Dei
3306 5524 3618 5566 sermonem

2044 5621 2387 5681 contineret,
2421 5614 2752 5686 signiﬁcasse
2782 5610 2934 5663 illum
2974 5604 3332 5660 Emmanuel:
3360 5614 3485 5656 nam
3516 5599 3616 5654 Dei

2385 5733 2426 5763 ’³ο
2470 5730 2609 5784 Psal.
2647 5742 2848 5792 Lxxvu,
2880 5724 2966 5779 9.1.
3049 5723 3086 5751 ’τ’
3115 5722 3269 5777 Joan.
3325 5735 3396 5775 γι.
3427 5710 3609 5778 52,55.
