4142 6296
542 360 642 418 ϐτί

1528 318 1605 411 δξ
1629 353 1902 410 CYRILLI
1941 349 2420 408 ALEXANDRINI
2460 351 2784 408 ARClllEl‘.

3689 355 3790 411 67?.

545 472 782 529 Verbum
828 475 947 526 erat
979 476 1233 539 tanquam
1288 467 1347 522 in
1373 483 1529 522 sacro
1560 468 1781 538 templo,
1816 468 1870 521 in
1898 483 1985 532 eo,
2026 466 2112 520 in-
2146 501 2155 527 ι

2255 466 2356 535 τεῳ
2382 463 2516 534 ναῷ,
2553 464 2632 534 τῷ
2673 466 2738 517 ὲκ
2757 463 3034 535 Παρθένου
3070 462 3212 536 φημί
3233 480 3244 493 ·
3269 461 3359 518 τδν
3381 463 3542 518 αὑτὸν
3580 463 3642 536 δὴ
3675 465 3796 537 τρό-

545 578 730 634 quam,
751 562 898 632 quod
936 577 1004 618 ex
1048 560 1267 631 Virgine
1292 568 1635 630 sumpserat:
1672 561 1753 615 sic
1779 575 1948 615 aurea
1991 573 2130 612 urna

547 667 669 721 quae
700 666 899 706 manna
934 651 1193 706 sensibile
1214 650 1552 715 continebat,
1581 650 1717 705 illud
1745 665 2048 720 supernum
2068 663 2131 703 ae

548 740 831 797 viviticans
859 740 1100 796 Verbum
1125 740 1350 806 indicat,
1369 741 1631 795 nimirum
1665 740 1799 795 illud
1840 755 1909 795 ex
1938 741 2129 804 Patre,

551 842 810 902 tanquam
846 832 904 888 in
945 847 1103 887 sacro
1137 840 1193 887 et
1225 833 1513 903 impolluto
1544 847 1797 903 corpore.
1832 824 2002 886 Plena
2048 839 2135 885 est

552 931 736 979 autem
761 938 899 977 urna
920 938 1132 978 manna:
1151 940 1167 989 ;
1188 942 1206 975 ι
1235 924 1568 979 luhabitavit
1596 923 1744 977 enim
1763 923 1819 977 in
1837 922 1930 977 illo
1953 922 2159 976 omnis

554 1013 839 1082 plenitudo
861 1013 1165 1069 divinitatis
1193 1015 1572 1084 corporaliter,
1599 1033 1617 1064 ι
1636 1022 1699 1068 ut
1721 1014 1917 1068 beatus
1934 1012 2135 1068 Paulus

556 1104 714 1158 ait“.
740 1105 954 1175 «Neque
981 1104 1051 1160 ad
1072 1106 1383 1160 mensuram
1408 1105 1502 1160 dat
1517 1105 1780 1175 Spiritum
1806 1104 1871 1157 “.
1900 1123 1918 1156 ι
1946 1102 2135 1158 Perfe-

558 1195 837 1251 ctissimus
875 1195 1023 1250 enim
1065 1203 1149 1251 est
1190 1195 1461 1252 Christus.
1528 1196 1788 1266 Reposita
1829 1201 1915 1249 est
1968 1193 2136 1248 etiam

561 1301 722 1351 urna,
757 1293 820 1341 ut
859 1293 1171 1341 servaretur
1202 1287 1259 1341 in
1304 1286 1596 1357 progenies
1639 1287 1878 1341 filiorum
1920 1287 2087 1341 lsrael
2119 1304 2134 1339 :

561 1377 912 1447 incorruptus
942 1377 1088 1432 enim
1111 1393 1174 1433 ac
1203 1393 1419 1448 semper
1448 1394 1694 1443 manens,
1730 1386 1787 1432 et
1816 1378 1966 1432 omni
1995 1386 2138 1432 tem-

2233 574 2333 610 πον
2362 557 2455 610 καὶ
2478 557 2510 627 ἡ
2543 557 2777 625 στάμνος
2805 558 2937 625 ἡμῖν
2961 557 2995 626 ή
3026 558 3222 628 χρυσῆ,
3246 558 3306 610 τὸ
3326 558 3500 628 μάννα
3525 556 3586 610 τὸ
3612 557 3795 629 αἰσθη-

2231 649 2320 702 τὸν
2367 647 2654 712 ὠδίνουσα,
2707 647 2798 701 τὸν
2843 646 3048 702 ἄνωθεν
3106 649 3200 703 καὶ
3238 646 3499 713 ζωοποιὸν
3548 650 3797 719 ἐμφαίνει

2233 738 2427 807 Λόγον,
2450 737 2608 808 δῆλον
2640 737 2697 790 δὲ
2722 738 2804 791 ὅτι
2850 736 2940 792 τὸν
2982 740 3047 792 ἐκ
3085 739 3321 810 Πατρὸς,
3360 738 3436 802 ὡς
3462 740 3519 792 tv
3547 739 3672 810 ἱερῷ
3708 741 3799 795 καὶ

2233 829 2487 901 ὰχράντῳ
2522 829 2754 899 σώματι.
2802 828 3135 903 Ἐπίμεστος
3163 829 3221 884 δὲ
3261 829 3356 883 καὶ
3386 832 3419 901 ἡ
3448 832 3799 903 στάμνος·τοῦ

2239 918 2759 990 μάννα.‹Ἐνιξ›κησε
2791 919 2900 991 γὰρ
2922 921 2979 973 tv
3007 902 3154 991 αὐτῷ
3180 922 3289 975 πᾶν
3320 921 3382 974 τδ
3415 902 3691 994 πλήρωμα
3720 924 3802 994 τῆς

2237 1011 2490 1082 θεότητος
2545 1013 2892 1084 σωματικῶς,
2932 1032 2951 1064 ι
2991 1014 3134 1067 κατά
3185 1031 3249 1083 γε
3287 1015 3386 1084 τὴν
3414 1015 3509 1069 τοῦ
3537 1017 3801 1088 μακαρίου

2236 1104 2449 1158 Παύλου
2482 1106 2687 1178 φωνήν.
2712 1124 2731 1158 ι
2755 1105 2861 1159 Καὶ
2894 1106 2995 1160 οὐκ
3028 1108 3092 1160 ὲκ
3128 1106 3328 1178 μέτρου
3357 1106 3539 1160 δίδωσι
3559 1107 3618 1159 τὸ
3640 1106 3804 1161 Πνεῦ-

2241 1216 2340 1269 μα.
2364 1217 2383 1251 ι
2413 1196 2732 1261 Παντέλειος
2759 1196 2910 1269 γάρὸ
2927 1196 3180 1269 Χριστός.
3225 1197 3509 1251 Ἀπέκειτο
3543 1198 3602 1251 δὲ
3624 1200 3658 1269 ἡ
3691 1198 3808 1252 στά-

2242 1303 2392 1356 μνος,
2411 1288 2491 1350 είς
2506 1285 2822 1357 διατήρησιν
2852 1286 2931 1348 είς
2959 1285 3060 1349 τὰς
3089 1284 3282 1353 γενεὰς
3298 1285 3407 1339 τῶν
3429 1276 3561 1340 υἱῶν
3577 1285 3806 1357 Ἰσραήλ.

2243 1376 2555 1447 Ἀφθαρτος
2586 1374 2695 1445 γὰρ
2728 1375 2821 1429 καὶ¹
2863 1374 3039 1445 μένων
3089 1375 3197 1438 ἀεὶ,
3235 1373 3329 1428 καὶ
3357 1375 3415 1428 ἐν
3450 1374 3614 1428 παντὶ
3637 1371 3811 1445 καιρῷ

561 1484 695 1539 pore
715 1468 1034 1524 notissimus
1064 1476 1145 1523 est
1170 1468 1423 1524 Christus
1442 1509 1457 1535 ,
1482 1477 1648 1524 etest
1675 1483 1862 1523 coram
1885 1469 2135 1533 Domino,

2255 1484 2295 1520 τε
2327 1466 2422 1520 καὶ
2455 1465 2631 1537 χρόνῳ
2698 1464 3124 1536 γνωριμώτατος
3152 1468 3180 1519 ό
3208 1466 3463 1537 Χριστός.
3516 1466 3628 1519 Καὶ
3674 1466 3813 1519 ἔστιν

562 1560 621 1614 id
655 1568 738 1616 est
782 1559 840 1614 in
859 1568 1155 1630 conspectu
1178 1561 1359 1616 Patris
1394 1580 1407 1614 :
1442 1577 1569 1616 nam
1589 1602 1604 1626 ,
1640 1561 1860 1632 quando
1882 1560 1973 1615 ille
2002 1560 2138 1616 Uni-

2255 1558 2419 1613 ἔναντι
2447 1556 2676 1628 Κυρίου,
2702 1556 2846 1611 τοῦτ’
2869 1556 3035 1625 ἔστιν,
3063 1558 3120 1611 tv
3145 1557 3442 1628 ὀφθαλμοῖς
3468 1557 3562 1610 τοῦ
3585 1557 3813 1628 Πατρός.

562 1648 781 1720 genitus
795 1656 878 1703 est
892 1648 1070 1704 factus
1102 1650 1275 1705 nostri
1307 1650 1526 1715 similis,
1554 1658 1669 1705 tum
1697 1651 1863 1706 etiam
1894 1649 2142 1706 introivit

2255 1651 2373 1703 Ὀτε
2408 1648 2519 1723 γάρ
2566 1649 2756 1718 γέγονε
2790 1649 2912 1702 καθ’
2938 1650 3085 1719 ἡμᾶς
3128 1650 3156 1702 ό
3202 1646 3535 1719 Μονογενὴς,
3573 1648 3697 1700 τότε
3731 1648 3816 1700 καὶ

564 1741 623 1796 in
650 1740 848 1797 Sancta
871 1748 1184 1796 sanctorum
1205 1782 1220 1807 ,
1255 1757 1355 1812 per
1379 1742 1615 1811 amplius
1639 1757 1704 1796 ac
1726 1740 2027 1813 perfectius
2057 1747 2140 1794 ta-

2255 1740 2490 1811 εἰσῆλθεν
2519 1741 2598 1804 είς
2632 1740 2699 1793 τὰ
2717 1740 2885 1808 Ἀγια
2926 1739 3035 1793 τῶν
3067 1739 3259 1805 ἁγίων,
3299 1739 3387 1792 διὰ
3430 1738 3533 1809 τῆς
3579 1737 3816 1809 μείζονος

566 1832 944 1898 bernaculum,
964 1832 1020 1887 id
1044 1842 1129 1889 est
1152 1833 1208 1888 in
1223 1807 1446 1897 coelum,
1468 1807 1536 1887 ut
1565 1807 1826 1902 appareat
1844 1847 1992 1886 nunc
2019 1832 2143 1887 vul-

2255 1807 2700 1903 καῖ-τελειοτέρας
2734 1807 2959 1902 πήνῆς,
2988 1830 3133 1885 τοῦτ’
3167 1830 3339 1897 ἔστιν,
3381 1833 3462 1894 είς
3488 1807 3598 1884 τὴν
3655 1831 3819 1901 οὐρα-

568 1922 649 1975 tui
680 1921 776 1976 Dei
801 1937 901 1992 pro
932 1922 1111 1987 nobis,
1146 1930 1206 1977 ut
1246 1923 1512 1993 scriptum
1562 1932 1647 1977 est
1674 1923 1740 1974 °'.
1773 1922 1962 1991 Neque
1997 1921 2146 1977 enim

2255 1923 2356 1985 νὺν,
2398 1921 2492 1977 νῦν
2536 1922 2935 1993 ἐμφανισθῆναι
2983 1923 3060 1994 τῷ
3105 1922 3381 1995 προσώπῳ
3408 1922 3501 1977 τοῦ
3524 1922 3661 1976 Θεοῦ
3688 1923 3819 1993 ὑπὲρ

567 2012 808 2089 seipsum
846 2012 992 2067 sistit
1028 2013 1096 2067 ad
1115 2022 1466 2083 conspectum
1498 2013 1693 2078 Patris,
1717 2013 1812 2067 sed
1834 2014 1983 2068 velut
2009 2012 2063 2066 in
2088 2026 2146 2067 se

2255 2014 2425 2086 ἡμῶν,
2459 2014 2600 2068 καθὰ
2632 2014 2959 2085 γέγραπται.
2992 2016 3065 2071 0J3
3098 2015 3210 2085 γὰρ
3242 2015 3432 2068 ἑαυτὸν
3473 2016 3531 2067 tv
3546 2014 3670 2085 ὄψει
3701 2013 3824 2067 καθ-

568 2102 690 2174 ipso
715 2118 837 2169 nos,
859 2105 1110 2173 quamvis
1131 2120 1197 2159 ex
1213 2104 1360 2159 illius
1383 2112 1680 2174 conspectu
1707 2104 2144 2170 reeessissemus,

2255 2107 2426 2176 ίστησι
2469 2105 2562 2159 τοῦ
2595 2106 2828 2177 Πατρὸς,
2859 2106 2995 2159 ἀλλὰ
3035 2107 3183 2176 ἡμᾶς
3204 2106 3279 2169 ὡς
3303 2107 3359 2160 tv
3390 2104 3587 2176 ἑαυτῷ,
3644 2105 3824 2158 καίτοι

568 2209 636 2250 ac
671 2194 842 2249 veluti
889 2211 959 2250 ex
993 2196 1170 2252 oculis
1207 2211 1457 2251 essemus
1498 2196 1678 2251 aversi
1728 2204 1956 2267 propter
1998 2196 2147 2250 illam

2255 2198 2535 2267 γεγονότας
2569 2200 2632 2251 ὲκ
2661 2196 2952 2267 προσώπου
2980 2197 3072 2251 καὶ
3100 2197 3261 2251 οἱονεί
3286 2214 3404 2261 πως
3419 2197 3477 2264 ἐξ
3507 2195 3822 2267 ὀφθαλμῶν,

570 2286 1087 2355 transgressionem,
1128 2301 1236 2356 qua
1271 2285 1327 2340 in
1353 2285 1525 2342 Adam
1547 2286 1796 2341 obstricti
1817 2302 2058 2351 eramus,
2094 2294 2151 2341 et

2255 2289 2335 2342 διὰ
2364 2289 2459 2359 τὴν
2488 2291 2546 2341 ὲν
2590 2289 2762 2359 Ἀδὰμ
2793 2287 3125 2360 παράϐασιν,
3162 2289 3257 2343 καὶ
3296 2288 3396 2360 τὴν
3428 2288 3568 2343 κατὰ
3607 2288 3826 2341 πάντων

570 2386 796 2446 propter
817 2376 1108 2447 imperium
1146 2378 1378 2447 peccati,
1414 2378 1561 2448 quod
1598 2378 1857 2433 omnibus
1895 2378 2148 2433 domina-

569 2466 753 2523 batur.
786 2469 846 2523 ln
866 2468 1086 2524 Christo
1114 2470 1281 2540 igitur
1300 2470 1595 2526 habuimus
1614 2486 1898 2526 accessum
1924 2478 1981 2524 et
2015 2469 2152 2523 ﬁdu-

569 2560 711 2614 ciam
758 2559 815 2614 in
840 2559 1126 2616 introitum
1158 2546 1509 2626 Sanctorum,
1545 2570 1609 2617 ut
1659 2562 1817 2617 nobis
1860 2561 2151 2631 sapientis-

572 2652 710 2707 sime
729 2652 933 2710 Paulus
961 2653 1100 2708 dixit
1115 2654 1181 2708 ⁸⁵.
1198 2654 1271 2711 Ut
1303 2654 1451 2708 enim
1472 2664 1528 2709 et
1544 2656 1966 2715 resurreximus,
1988 2660 2043 2705 et
2075 2651 2151 2706 si-

574 2741 690 2796 mul
717 2742 1069 2798 consedimus
1094 2743 1151 2797 in
1167 2744 1486 2799 caelestibus
1512 2744 1570 2797 in
1589 2743 1830 2805 Christo,
1863 2743 1943 2797 sic
1964 2742 2152 2803 itidem

573 2830 634 2885 in
664 2831 783 2900 ipso
810 2830 876 2885 ad
901 2839 1255 2901 conspectum
1294 2832 1475 2886 Patris
1505 2831 1776 2886 venimus.
1806 2830 1885 2885 Ae
1920 2830 1989 2885 de
2016 2846 2154 2884 urna

571 2922 799 2993 quidem
833 2937 987 2978 sacra
1020 2922 1138 2978 haec
1172 2923 1317 2977 dicta
1343 2921 1632 2978 subiciant.
1661 2922 1936 2977 Caeterum
1983 2923 2153 2993 ipsam

577 3025 799 3083 quoque
846 3012 1029 3068 Aaron
1082 3013 1292 3084 virgam
1330 3012 1610 3069 Christum
1640 3013 1966 3084 significare,
1996 3014 2153 3069 dein-

575 3119 728 3176 ceps,
747 3105 791 3158 si
823 3104 1020 3174 placet,
1056 3103 1326 3160 dicamus.

649 3196 849 3251 PALL.
881 3196 1024 3252 Sane
1044 3196 1285 3268 quidem.

647 3280 809 3340 CVR.
855 3281 997 3340 Core
1025 3285 1191 3356 igitur
1225 3294 1389 3355 atque
1414 3284 1644 3350 Abiron,
1673 3295 1730 3341 et
1771 3286 1982 3340 Dathan
2014 3299 2157 3354 prae-

581 3382 753 3438 terea,
785 3388 854 3429 ex
883 3372 1017 3429 Levi
1042 3374 1190 3429 tribu
1223 3391 1289 3430 ac
1309 3390 1510 3445 genere
1541 3376 1649 3430 orti
1692 3384 1887 3441 erant;
1923 3390 2159 3444 cumque

580 3465 680 3520 Dei
723 3464 1002 3520 voluntate
1038 3474 1250 3521 certum
1289 3475 1452 3537 atque
1486 3468 1844 3522 constitutum
1874 3482 2032 3522 sacro
2082 3476 2163 3521 ta-

582 3556 882 3613 bernaculo
911 3556 1255 3613 ministrandi
1283 3558 1523 3614 olﬁcium
1568 3559 1705 3628 ipsis
1749 3566 1898 3613 esset
1930 3573 2159 3612 concre-

582 3648 780 3712 ditum,
811 3648 981 3719 Moysi
1028 3657 1209 3705 tamen
1241 3659 1297 3705 et
1330 3650 1512 3705 Aaron
1540 3650 1770 3721 gloriam
1812 3649 1971 3704 avide
1997 3649 2161 3704 nimis

580 3737 950 3808 expetierunt,
979 3752 1217 3809 eumque
1248 3740 1513 3795 honorem
1545 3739 1647 3809 ipsi
1683 3747 2003 3809 rapuerunt,
2034 3754 2160 3794 cum

582 3825 653 3880 ad
670 3825 725 3880 id
752 3842 952 3882 munus
973 3841 1005 3881 a
1027 3828 1141 3883 Deo
1166 3828 1391 3883 minime
1417 3827 1596 3883 vocati
1613 3835 1831 3892 essent;
1858 3825 2161 3896 quinetiam

583 3917 724 3973 adeo
755 3918 1055 3976 insolenter
1078 3919 1305 3976 audacia
1335 3928 1464 3975 sunt
1490 3919 1641 3984 elati,
1673 3918 1921 3987 adeoque
1966 3932 2161 3972 erexe-

584 4016 717 4063 runt
754 4010 1131 4079 supercilium,
1164 4018 1227 4063 ut
1269 4024 1377 4063 non
1407 4009 1521 4078 jam
1568 4007 1895 4069 mediocres,
1930 4006 2025 4061 sed
2056 4005 2161 4059 mi-

585 4099 734 4156 nime
757 4099 1010 4157 ferendas
1042 4100 1307 4156 adversus
1339 4109 1637 4169 utrumque
1663 4097 1963 4153 calumnias
1994 4098 2165 4167 jacta-

584 4198 744 4258 rent,
774 4200 829 4246 et
858 4192 1009 4246 velut
1044 4200 1403 4261 aspernantes
1440 4204 1663 4261 gregem
1698 4188 1840 4243 tauri
1886 4186 2042 4259 351
2074 4202 2162 4241 se-

584 4281 874 4348 cederent,
907 4297 1246 4352 excussaque
1294 4282 1391 4337 Dei
1427 4280 1732 4345 servitute,
1783 4278 1907 4333 aliis
1944 4291 2165 4348 quoque

586 4372 751 4428 sociis
791 4373 1122 4444 impietatis,
1158 4381 1220 4428 ut
1244 4389 1350 4428 una
1393 4389 1580 4429 secum
1615 4371 2006 4436 abscederent,
2041 4386 2167 4425 sua-

2249 2382 2667 2454 τυραννήσασαν
2750 2379 3044 2453 ἁμαρτίαν.
3096 2380 3187 2433 Ἐν
3247 2381 3468 2452 Χριστῷ
3539 2380 3827 2451 τοιγαροῦν

2251 2471 2566 2542 ἐσχήκαμεν
2593 2470 2696 2541 τὴν
2732 2471 3120 2541 προσαγωγὴν,
3148 2472 3243 2524 καὶ
3267 2472 3366 2542 τὴν
3406 2472 3726 2543 παρρησίαν
3757 2473 3828 2534 είς

2250 2561 2347 2631 τὴν
2387 2560 2587 2613 εἴσοδον
2618 2559 2727 2615 τῶν
2783 2560 3007 2629 Ἀγίων,
3041 2560 3293 2632 καθάπερ
3322 2563 3451 2632 ἡμῖν
3477 2564 3505 2614 ό
3540 2561 3707 2630 σοφὸς
3734 2561 3828 2630 ἔφη

2253 2648 2480 2712 Παῦλος.
2517 2650 2727 2720 Ὠσπερ
2776 2650 2886 2722 γὶρ
2936 2652 3026 2704 καὶ
3064 2650 3510 2722 συνεγηγέρμεθα
3557 2651 3653 2705 καὶ
3714 2667 3832 2704 συν-

2253 2739 2589 2811 εκαθίσαμεν
2610 2741 2668 2792 tv
2696 2742 2807 2804 τοῖς
2828 2741 3170 2813 ἐπουρανίοις
3200 2743 3256 2794 tv
3281 2741 3519 2812 Χριστῷ,
3554 2739 3704 2795 οὕτω
3732 2742 3830 2795 πά-

2253 2831 2335 2884 λιν
2365 2834 2421 2886 ὲν
2453 2832 2599 2903 αὐτῷ
2628 2834 2722 2886 καὶ
2751 2834 2808 2887 ὲν
2842 2833 3118 2905 προσώπῳ
3141 2833 3443 2905 γεγόναμεν
3465 2833 3559 2888 τοῦ
3598 2835 3829 2904 Πατρός.

2255 2923 2364 2978 Kal.
2399 2926 2640 2995 στάμνου
2690 2924 2790 2994 μὲν
2830 2925 2961 2998 πέρι
2981 2926 3081 2995 τῆς
3107 2927 3256 2997 ἱερᾶς
3276 2926 3514 2997 εἰρήσθω
3544 2926 3672 2979 τάδε
3697 2942 3711 2955 °
3740 2943 3832 2995 σηο

2259 3015 2439 3085 μαίνει
2469 3015 2525 3067 δὲ
2556 3015 2636 3069 ὅτι
2660 3016 2751 3068 καὶ
2781 3016 2919 3085 αὐτὴ
2954 3016 3044 3069 τὸν
3067 3013 3350 3087 Χριστδνὴ
3383 3014 3572 3088 ῥάϐδος
3601 3014 3830 3088 Ἀαρὼν,

2179 3133 2223 3192 c
2257 3106 2387 3176 φέρε
2414 3105 2478 3177 δὴ
2509 3105 2782 3175 λέγωμεν,
2818 3109 2868 3160 εἰ
2899 3106 3064 3159 δοκεῖ.

2328 3199 2536 3252 ΠΑΛΛ.
2578 3199 2688 3251 Καὶ
2720 3199 2885 3269 μάλα.

2327 3291 2490 3343 ΚΥΡ.
2532 3290 2676 3361 Κορὲ
2706 3291 2887 3343 τοίνυν
2919 3293 3013 3347 καὶ
3063 3293 3247 3364 μέντοι
3292 3292 3388 3347 καὶ
3426 3290 3709 3363 Ἀϐειρὼν,
3745 3292 3837 3348 καὶ

2260 3382 2395 3453 πρός
2420 3399 2484 3451 γε
2508 3381 2684 3452 τούτῳ
2723 3382 2921 3451 Δαθάν,
2952 3386 3125 3455 φυλῆς
3156 3403 3214 3437 τε
3244 3386 3337 3437 καὶ
3366 3385 3593 3455 αἵματος
3639 3383 3835 3453 ἐξέφυ-

2260 3488 2357 3525 σαν
2386 3472 2483 3542 τῆς
2512 3472 2665 3525 Λευῖ·
2704 3475 3140 3545 συντεταγμένην
3182 3474 3258 3541 δὲ,
3292 3476 3446 3545 φησι,
3479 3478 3600 3538 ταῖς
3630 3470 3838 3528 ἄνωθεν

2258 3562 2459 3633 ψήφοις
2503 3563 2561 3616 ὲν
2615 3566 2681 3633 τῇ
2734 3565 2867 3636 ἁγίᾳ
2923 3569 3098 3637 σκηνῇ
3144 3566 3490 3636 λειτουργίαν
3539 3568 3839 3639 ἐγκεχειριο

2262 3652 2470 3721 σμένοι,
2501 3650 2598 3723 τὴν
2629 3654 2871 3716 Μωσέως
2903 3670 2961 3706 τε
3009 3655 3105 3708 καὶ
3140 3655 3351 3726 Ἀαρὼν
3403 3655 3727 3726 δεδιψήκασι
3755 3657 3838 3709 δό-

2262 3743 2380 3809 ξαν,
2432 3746 2644 3808 ἑαυτοῖς
2676 3744 3013 3817 ἁρπάζοντες
3040 3732 3138 3818 τῆν
3176 3747 3361 3820 τιμὴν,
3409 3748 3741 3819 κεκλημένοι
3785 3750 3838 3803 δὲ

2260 3835 2381 3905 οὐχὶ
2407 3835 2543 3906 πρὸς
2579 3834 2738 3888 τοῦτο
2765 3835 2919 3906 παρὰ
2946 3836 3101 3890 Θεοῦ.
3134 3838 3245 3891 Καὶ
3275 3839 3384 3908 μὴν
3414 3840 3508 3892 καὶ
3532 3841 3613 3903 εἰς
3633 3840 3839 3909 ἀπηνὲς

2261 3924 2739 4003 άπογαυρςύμενοι
2768 3925 2988 3997 θράσος,
3012 3926 3412 3998 ὲξοφρυώμενοί
3449 3946 3506 3982 τε
3547 3931 3707 3998 ἄγαν,
3748 3947 3840 3999 φο-

2265 4017 2434 4087 ρητὴν
2471 4018 2569 4087 μὲν
2597 4017 2801 4080 οὐκέτι,
2840 4016 3117 4072 δύσοιστον
3150 4020 3207 4073 δὲ
3250 4021 3445 4092 κομιδῇ
3485 4021 3605 4074 κατ’
3634 4023 3839 4092 ἀμφοῖν

2263 4106 2544 4160 ἐποιοῦντο
2587 4107 2685 4177 τὴν
2736 4107 3116 4179 κατάρῥησιν⁵
3170 4110 3492 4181 ἀτιμαγέλαι
3543 4111 3601 4164 δὲ
3650 4111 3838 4183 ὥσπερ

2263 4198 2684 4266 ἀπενοσφίζοντο
2722 4198 2935 4270 ταῦροι,
2996 4200 3089 4253 καὶ
3138 4202 3239 4273 τὴν
3285 4202 3389 4256 ὑπὸ
3430 4202 3547 4273 Θεῷ
3593 4203 3837 4257 δουλείαν

2263 4293 2665 4362 ἀποσειόμενοι,
2699 4292 3181 4364 συναποθρὼσκειν
3208 4296 3387 4359 αὐτοῖς
3413 4297 3627 4365 ἐτέρους
3648 4296 3839 4349 δυσσε-

2265 4382 2490 4446 ϐοῦντας
2527 4382 2832 4437 ἀνέπειθον.
2879 4383 3019 4437 Ἀλλ’
3072 4388 3121 4439 οἱ
3177 4386 3275 4457 μὲν
3311 4386 3419 4439 τῶν
3469 4387 3615 4456 σφίσι
3659 4388 3839 4441 τετολ-

589 4461 702 4516 ἀοι-α
725 4471 805 4517 nt.
883 4462 1091 4519 Verum
1126 4463 1165 4517 ii
1204 4479 1315 4518 sua:
1374 4462 1616 4517 audacia:
1668 4477 1859 4532 pmnas
1899 4461 2155 4526 luerunt;

2275 4475 2534 4546 μημένων
2574 4476 3000 4547 εἰσεπράττοντο
3043 4476 3217 4540 δίκας.
3250 4477 3536 4547 Διοιγνῦσα
3566 4478 3673 4547 γὰρ
3706 4479 3738 4549 ἡ
3766 4479 3834 4551 γῆ

591 4567 719 4606 nam
755 4559 897 4607 terra
917 4593 932 4618 ,
967 4568 1091 4608 cum
1119 4570 1180 4609 os
1201 4554 1527 4624 aperuisset,
1558 4553 1719 4608 simul
1749 4568 1873 4608 cum
1904 4552 2166 4624 cognatis,

586 4645 957 4701 tabernaculis
986 4654 1150 4716 atque
1189 4646 1518 4717 supellectili
1553 4646 1622 4701 ad
1663 4645 1871 4701 inferos
1907 4645 2169 4699 audacem

586 4737 855 4806 populum
886 4735 1165 4792 demersit.
1204 4736 1341 4791 Cum
1385 4737 1554 4808 igitur
1587 4736 1866 4807 legislator
1896 4736 2041 4791 Deus
2067 4734 2166 4790 dc-

587 4828 802 4882 clarare
829 4828 994 4882 vellet
1019 4828 1228 4883 ecelesti
1258 4828 1491 4882 arbitrio
1516 4844 1581 4883 ac
1603 4828 1832 4899 judicio,
1862 4843 1973 4882 non
1998 4827 2166 4897 Moysi

587 4917 870 4972 voluntate
907 4917 1090 4972 Aaron
1139 4920 1651 4987 prmstantissimum
1706 4918 2002 4975 sacerdotii
2040 4934 2166 4989 gra-

587 5008 720 5064 dum
783 5024 904 5064 esse
967 5009 1266 5075 sortitum,
1301 5010 1439 5065 dixit
1483 5012 1552 5066 ad
1608 5011 1831 5066 beatum
1891 5010 2163 5083 Moysen:

599 5120 617 5151 c
657 5100 911 5172 Loquere
944 5100 1073 5158 ﬁliis
1105 5101 1293 5167 Israel,
1316 5112 1373 5157 et
1396 5104 1580 5173 accipe
1618 5102 1687 5157 ab
1719 5104 1800 5158 eis
1825 5102 2034 5173 virgam
2070 5118 2169 5171 per

593 5193 789 5250 domos
846 5194 1179 5251 familiarum
1247 5211 1509 5260 suarum,
1549 5211 1580 5250 a
1628 5195 1843 5251 cunctis
1898 5194 2168 5264 principi-

594 5282 700 5339 bus
752 5302 945 5343 eorum
1005 5288 1299 5344 duodecim
1348 5288 1560 5359 virgas,
1635 5296 1691 5342 et
1739 5285 1979 5341 inseribe
2039 5287 2167 5340 uni-

596 5382 930 5450 liscujusque
988 5398 1190 5437 nomen
1256 5381 1314 5435 in
1387 5380 1541 5450 virga
1605 5381 1766 5449 ejus,
1849 5385 1904 5433 et
1966 5394 2167 5433 nomen

598 5466 774 5521 Aaron
819 5469 1058 5526 inscribe
1116 5472 1173 5526 in
1223 5471 1375 5541 virga
1442 5469 1604 5534 Levi;
1666 5478 1752 5523 est
1805 5468 1952 5522 enim
2016 5467 2168 5537 virga

597 5572 705 5611 una
746 5574 757 5609 :
794 5573 892 5627 per
943 5563 1146 5617 tribum
1196 5563 1394 5618 domus
1432 5560 1761 5617 familiarum
1794 5560 2036 5633 ipsorum
2069 5559 2167 5613 da-

667 5706 713 5738 ”
757 5706 872 5763 Cal.
932 5727 986 5776 ιι,
1037 5714 1087 5768 9.
1170 5715 1211 5748 6"
1245 5716 1396 5772 Joan.
1440 5730 1516 5780 ιη,
1549 5713 1635 5770 51.
1716 5717 1759 5750 ⁸⁵
1790 5716 1952 5774 llcbr.
2003 5734 2075 5781 lx,
2116 5716 2204 5770 Ἡ-

2262 4564 2323 4619 τδ
2360 4567 2533 4637 στόμα
2562 4565 2751 4635 αὐτῆς,
2786 4567 2968 4630 αὐτοῖς
2998 4567 3303 4636 όμογενέσι,
3346 4570 3569 4638 σκηναῖς
3615 4567 3706 4619 καὶ
3737 4581 3833 4618 πε-

2265 4658 2549 4729 ριουσίαις,
2589 4660 2669 4721 εἰς
2701 4658 2830 4729 ᾇδου
2888 4657 3067 4711 καθίει
3096 4658 3186 4710 τὸν
3216 4658 3450 4722 ἀλαζόνα
3481 4659 3636 4711 λαόν·
3668 4659 3747 4711 ὅτι
3780 4655 3836 4709 δὲ

2260 4751 2423 4821 ψήφῳ
2470 4753 2536 4821 τῇ
2571 4750 2798 4810 ἄνωθεν,
2833 4751 2927 4803 καὶ
2975 4750 3095 4819 οὐχὶ
3130 4749 3396 4822 θελήμασι
3424 4753 3536 4813 τοῖς
3575 4750 3835 4812 Μωσέως,

2260 4840 2358 4910 τὴν
2390 4838 2743 4912 προῦχουσαν
2774 4843 2832 4895 tv
2880 4841 3145 4913 ἱερωσύνῃ
3186 4839 3341 4906 τάξιν
3388 4841 3596 4913 Ἀαρὼν
3623 4841 3836 4911 διεκλη-

2266 4930 2499 5002 ρώσατο,
2549 4931 2869 5004 διατρανοῦν
2933 4931 3132 4984 ἐθέλων
3183 4932 3212 4984 ὁ
3263 4933 3579 5004 νομοθέτης,
3624 4936 3704 4997 εἰς
3746 4935 3837 4985 τὸν

2265 5022 2594 5093 πανάριστον
2616 5020 2718 5091 ἔφη
2736 5021 2958 5075 Μωσέαο
2990 5040 3008 5072 ι
3030 5022 3279 5093 Λάλησον
3311 5025 3424 5085 τοῖς
3439 5025 3573 5086 υἱοῖς
3602 5021 3836 5094 Ἰσραὴλ,

2265 5115 2357 5167 καὶ
2384 5112 2513 5166 λάϐε
2560 5113 2689 5183 παρ’
2732 5113 2911 5165 αὐτῶν
2937 5113 3148 5183 ῥάϐδον,
3197 5114 3318 5168 κατ’
3362 5114 3544 5176 οἴκους
3568 5111 3834 5184 πατριῶν,

2266 5205 2419 5276 παρὰ
2447 5204 2663 5257 πάντων
2701 5204 2804 5256 τῶν
2842 5205 3121 5276 ἀρχόντων
3150 5206 3343 5265 αὐτῶν,
3372 5206 3491 5257 κατ’
3515 5204 3696 5267 οἴκους
3734 5220 3840 5255 πα·

2271 5296 2438 5369 τριῶν
2466 5296 2664 5359 αὐτῶν,
2696 5295 2902 5349 δώδεκα
2934 5296 3185 5365 ῥάϐδους,
3204 5296 3299 5349 καὶ
3318 5296 3549 5349 ἑκάστου
3582 5295 3642 5347 τὸ
3672 5295 3841 5361 ὄνομα

2273 5388 2437 5442 αὐτοῦ
2486 5386 2784 5458 ὲπίγραψον
2854 5388 2947 5440 ἐπὶ
2999 5389 3099 5458 τῆς
3158 5387 3376 5457 ῥάϐδου.
3439 5386 3546 5438 Καὶ
3593 5384 3840 5451 τὸόνομα

2288 5478 2494 5550 Ἀαρὼν
2522 5479 2825 5549 ἐπίγραψον
2853 5480 2940 5532 ἐπὶ
2986 5480 3082 5549 τῆς
3132 5478 3328 5549 ῥάϐδου
3364 5480 3517 5532 Λευῖ.
3543 5476 3697 5529 Ἔστι
3729 5473 3840 5544 vi?

2278 5572 2470 5643 ῥάϐδος
2500 5569 2615 5641 μία.
2651 5571 2805 5624 Κατὰ
2845 5571 3011 5640 φυλὴν
3041 5570 3189 5624 οἴκου
3243 5570 3485 5641 πατριῶν
3521 5567 3696 5623 αὐτῶν
3734 5563 3841 5618 δώο

2309 5709 2352 5743 ⁶⁶
2402 5707 2603 5777 Ephcs.
2672 5722 2730 5772 ιι,
2786 5706 2865 5762 l8.
