4142 6296
421 313 531 370 (7⁸5

1174 322 1262 376 DE
1302 321 1741 379 ADORATIONE
1781 324 1846 380 IN
1887 325 2158 382 SI’IIlI'IU
2200 326 2288 381 ET
2330 328 2695 388 YERITATE.
2736 334 2862 390 LIB.
2905 338 2968 392 Χ.

3594 352 3702 407 674

431 445 609 483 σουσι.
644 427 755 482 Καὶ
780 428 969 497 θήσεις
988 428 1155 495 αὑτὰς
1181 433 1239 485 ἐν
1265 436 1329 504 τῇ
1364 439 1537 508 σκηνῇ
1570 436 1664 490 τοῦ
1697 439 1991 513 μαρτυρίου

2089 436 2280 495 ηιηιιιι.
2324 440 2392 495 Et
2426 458 2598 511 pones
2626 460 2721 500 eas
2751 446 2806 501 in
2857 449 3215 509 tabernaculo
3258 456 3556 515 testimonii
3603 477 3701 516 co-

428 521 720 575 κατέναντι
768 520 863 574 τοῦ
919 523 1244 594 μαρτυρίου,
1289 528 1347 578 ἐν
1393 522 1475 591 οἷς
1509 530 1893 602 γνωσθησομαί
1936 550 2016 585 σοι

427 614 563 666 ἐκεῖ.
596 611 707 671 Καὶ
724 610 901 679 ἔσται,
929 614 957 665 6
974 614 1256 685 ἄνθρωπος
1278 616 1337 669 ὃν
1358 616 1425 673 ἂν
1449 619 1751 691 ἐκλέξωμαι
1780 623 1961 688 αὑτὸν,
1983 626 2015 694 ἡ

423 703 621 774 ῥάϐδος
660 702 827 757 αὐτοῦ
888 704 1273 778 ἐκϐλαστήσει.
1326 710 1438 763 Καὶ
1476 712 1714 783 περιελῶ
1751 714 1846 766 ἀπ’
1879 716 2013 786 ἐμοῦ

419 795 512 848 τὸν
549 795 870 864 γογγυσμὸν
907 797 1040 850 υἱῶν
1087 798 1324 869 Ἰσραὴλ,
1373 800 1409 855 δι
1452 803 1606 856 αὐτοὶ
1654 803 2013 873 γογγύζουσιν

419 887 506 954 ἐφ’
542 887 693 957 ὑμῖν.
746 887 859 939 Καὶ
911 876 1139 959 ἐλάλησε
1186 892 1393 963 Μωσῆς
1441 896 1555 958 τοῖς
1605 896 1742 959 υἱοῖς
1770 897 2007 968 Ἰσραὴλ,

420 977 521 1029 καὶ
554 976 759 1030 ἔδωκαν
795 975 943 1047 αὑτῷ
979 976 1179 1042 πάντες
1209 981 1256 1032 οἱ
1303 982 1560 1053 ἄρχοντες
1593 985 1773 1039 αὐτῶν
1796 986 2006 1056 ῥάϐδον,

422 1069 503 1140 τῷ
542 1069 759 1139 ἄρχοντι
799 1069 877 1140 τῷ
915 1071 997 1124 ἐνὶ
1061 1073 1256 1143 ῥάϐδον
1300 1075 1423 1128 κατ’
1453 1075 1711 1148 ἄρχοντα,
1766 1078 1887 1133 κατ’
1933 1078 2010 1133 οῖ-

425 1178 552 1223 κους
581 1161 826 1231 πατριῶν
848 1152 1049 1230 αὐτῶν,
1078 1164 1285 1219 δώδεκα
1309 1166 1559 1236 ῥάϐδους.
1585 1169 1698 1222 Καὶ
1735 1171 1769 1240 ἡ
1811 1170 2008 1241 ῥάϐδος

437 1250 645 1320 Ἀαρὼν
674 1253 950 1322 ἀναμέσον
991 1256 1099 1307 τῶν
1132 1255 1344 1325 ῥάϐδων
1386 1259 1586 1326 αὐτῶν,
1622 1262 1716 1314 καί⁵
1761 1262 2004 1333 άπέθηκε

418 1342 626 1411 Μωσῆς
660 1343 757 1406 τὰς
788 1344 1019 1413 ῥάϐδους
1049 1346 1229 1400 ἔναντι
1277 1349 1486 1419 Κυρίου
1528 1352 1586 1404 ὲν
1613 1353 1679 1421 τῇ
1715 1356 1884 1424 σκηνῇ
1910 1352 2002 1407 τοῦ

424 1432 747 1503 μαρτυρίου.
794 1434 903 1487 Καὶ
950 1436 1172 1503 ἐγένετο
1218 1442 1282 1509 τῇ
1323 1440 1605 1512 ἐπαύριον,
1652 1443 1749 1495 καὶ
1788 1444 2002 1514 εἰσῆλθε

419 1522 630 1593 Μωσῆς
669 1525 760 1578 καὶ
807 1523 1016 1595 Ἀαρὼν
1049 1529 1107 1579 ἐν
1130 1530 1195 1599 τῇ
1227 1531 1398 1600 σκηνῇ
1434 1531 1527 1584 τοῦ
1547 1532 1868 1604 μαρτυρίου.
1896 1535 2002 1587 Καὶ

424 1616 533 1670 ἰδοὺ
573 1616 905 1688 ἐϐλάστησεν
955 1620 989 1689 ἡ
1028 1620 1222 1691 ῥάϐδος
1262 1620 1470 1693 Ἀαρὼν
1508 1625 1587 1687 εἰς
1644 1621 1790 1678 οἷκον
1844 1610 1996 1689 Λευῒ,

417 1707 510 1761 καὶ
567 1708 826 1779 ἐξήνεγκε
896 1708 1148 1779 βλαστὸν,
1201 1711 1296 1764 καὶ
1350 1711 1646 1783 ἐξήνθησεν
1697 1714 1854 1785 ἄνθη,
1905 1717 1999 1769 καὶ

413 1800 715 1872 ἐϐλάστησε
747 1802 942 1873 κάρυα.
984 1802 1094 1857 Καὶ
1129 1803 1385 1875 ἐξήνεγκε
1427 1804 1634 1876 Μωσῆς
1683 1783 1861 1870 πάσας
1902 1807 2000 1870 τὰς
2032 1783 2072 1837 Β

415 1889 647 1958 ῥάϐδους
690 1892 797 1944 ἀπὸ
847 1893 1144 1963 προσώπου
1192 1896 1400 1965 Κυρίου
1441 1896 1576 1968 πρὸς
1604 1896 1812 1961 πάντας
1850 1898 1998 1962 υἱοὺς

425 1982 663 2055 Ἰσραήλ.
698 1984 809 2037 Καὶ
847 1979 1007 2050 εἶδον,
1050 1986 1145 2064 καὶ
1178 1986 1367 2041 ἔλαϐον
1390 1986 1621 2052 ἕκαστος
1650 1989 1751 2058 τῆν
1802 1989 1998 2065 ῥάϐδον

414 2074 605 2128 αὐτοῦ.
650 2076 761 2129 Καὶ
793 2072 914 2130 εἷπε
942 2078 1145 2147 Κύριος
1174 2078 1310 2150 πρὸς
1354 2080 1578 2151 Μωσῆνο
1633 2079 1858 2145 Ἀπόθες
1900 2081 1997 2153 τὴν

415 2165 611 2237 ῥάϐδον
644 2165 854 2237 ’Δαρὼν
884 2166 1115 2223 ἐνώπιον
1161 2168 1270 2221 τῶν
1316 2171 1636 2242 μαρτυρίων
1680 2173 1758 2235 είς
1807 2171 1995 2244 διατή-

416 2274 593 2327 ρησιν,
628 2261 852 2328 σημεῖον
887 2261 1000 2324 τοῖς
1040 2262 1176 2326 υἱοῖς
1200 2260 1309 2315 τῶν
1354 2262 1623 2332 ἀνηκόων.
1656 2264 1765 2318 Καὶ
1787 2266 1997 2320 παυσά-

411 2348 527 2402 σθω
559 2352 587 2402 6
610 2350 922 2422 γογγυσμὸς
952 2352 1129 2407 αὐτῶν
1169 2355 1265 2407 ἀπ’
1295 2354 1455 2425 ἐμοῦ,
1483 2355 1577 2408 καὶ⁵
1599 2357 1659 2409 οὐ
1689 2356 1762 2428 μὴ
1788 2357 1994 2412 ἀποθά-

411 2459 564 2497 νωσι.
596 2462 614 2494 ι
652 2443 883 2512 Σημεῖον
923 2439 1015 2498 οὖν
1065 2446 1165 2499 οὐκ
1205 2447 1527 2517 ἀσυμφανὲς
1558 2447 1654 2501 τοῦ
1697 2448 1993 2522 ἐξῃρῆσθαι

410 2532 683 2602 λαμπρῶς
728 2534 823 2586 καὶ
868 2536 1285 2608 ἐκκεκριμένως
1326 2539 1405 2601 είς
1447 2539 1778 2610 ἱερουργίαν,
1822 2542 1896 2605 ὡς
1935 2542 1993 2607 ἐξ

413 2625 645 2695 αἵματος
688 2625 838 2693 Λευῖ,
866 2627 956 2681 τὸν
994 2628 1281 2683 Θεσπέσιον
1332 2629 1560 2700 Ἀαρὼν,
1585 2631 1646 2684 τὸ
1699 2631 1991 2703 ἐξανθῆσαι

414 2717 517 2787 τὴν
574 2718 784 2786 ῥάϐδον.
837 2722 1317 2792 Περιτρεπομένης
1348 2722 1404 2774 δέ
1431 2718 1586 2787 αὖθις
1640 2726 1719 2788 είς
1758 2724 1991 2797 Θεωρίαν

413 2811 808 2882 πνευματικὴν,
837 2812 912 2876 ὡς
947 2814 1003 2866 ἐν
1035 2814 1226 2877 τύποις
1262 2814 1342 2867 ἔτι
1392 2816 1742 2886 παχυτάτοις,
1770 2818 1829 2871 τὸ
1858 2820 1989 2889 Χρι-

411 2901 537 2954 στοῦ
586 2904 885 2974 μυστήριον
930 2904 1237 2974 ἀναλάμψει
1279 2906 1462 2960 πάλιν.

478 2992 687 3046 ΠᾹΛΛ.
731 2992 863 3044 Τίνα
892 2993 1090 3063 τρόπον
1119 3012 1134 3061 ;

478 3085 641 3137 ΚΥΡ.
687 3085 1142 3157 Κεχειροτόνηται
1174 3086 1272 3158 μὲν
1292 3086 1400 3160 γὰρ
1417 3089 1716 3161 νομοθέτης
1752 3090 1867 3159 ἅμα
1894 3091 1983 3145 καὶ
2012 3120 2054 3176 C

404 3176 696 3248 ἀρχιερεὺς
725 3178 810 3245 ἐφ’
847 3180 998 3248 ἡμᾶς
1044 3178 1196 3250 παρὰ
1246 3179 1381 3233 Θεοῦ
1408 3182 1500 3234 καὶ
1537 3182 1750 3253 Πατρὸς
1788 3184 1815 3235 6
1856 3184 1985 3252 Ἐμ-

408 3268 673 3340 μανουὴλ,
711 3271 902 3324 ἑαυτὸν
942 3270 1081 3342 ὑπὲρ
1115 3272 1272 3342 ἡμῶν
1321 3274 1674 3345 προσκομιῶν
1718 3275 1779 3327 τὸ
1812 3274 1978 3344 θῦμα.

415 3362 506 3423 Ὠς
535 3362 643 3431 γὰρ
675 3363 703 3413 6
730 3362 996 3433 μακάριος
1018 3364 1129 3434 ’ἔφη
1154 3364 1401 3433 Βαῦλος,
1438 3386 1454 3418 ι
1487 3368 1545 3419 '0
1578 3367 1677 3438 μὲν
1709 3367 1873 3436 νόμος
1897 3367 1984 3421 διὰ

403 3452 669 3515 Μωσέως,
701 3450 1020 3522 ἀνθρώπους
1078 3453 1395 3525 καθίστησιν
1433 3457 1709 3529 ἀρχιερεῖς
1762 3457 1984 3527 ἔχοντας

402 3542 711 3611 ἀσθένειαν·
749 3545 776 3597 6
810 3543 965 3611 λόγος
994 3544 1051 3597 δὲ
1071 3545 1172 3614 τῆς
1201 3546 1547 3617 ὁρκωμοσίας
1590 3549 1688 3618 τῆς
1730 3548 1868 3619 μετὰ
1896 3548 1983 3601 τὸν

404 3635 594 3705 νόμον,
632 3634 754 3687 Υίὸν
788 3638 868 3699 εἰς
910 3637 1001 3689 τὸν
1031 3637 1203 3691 αἰῶνα
1246 3638 1682 3709 τετελειωμένον.
1716 3660 1733 3690 ι
1774 3640 1982 3693 Οὐκοῦν

400 3726 659 3782 καθίκετο
700 3730 799 3798 μὲν
840 3729 898 3795 ἐξ
935 3728 1166 3800 οὐρανοῦ
1205 3732 1233 3782 6
1274 3731 1467 3798 Λόγος,
1509 3732 1600 3783 καὶ
1634 3732 1823 3799 γέγονε
1858 3732 1980 3784 καθ’

398 3820 569 3889 ἡμᾶς,
608 3820 716 3873 τῶν
776 3821 947 3889 ἁγίων
985 3821 1296 3891 λειτουργὸς
1349 3823 1573 3892 καὶτῆς
1630 3823 1834 3894 σκηνῆς
1882 3824 1981 3895 τῆς

397 3911 662 3981 ἀληθινῆς
716 3912 783 3983 ἦν
827 3912 1026 3983 ἔπηξεν
1065 3916 1093 3966 6
1137 3912 1357 3983 Κύριος,
1403 3915 1495 3966 καὶ
1533 3914 1630 3966 οἰκ
1674 3914 1976 3985 ἄνθρωπος.

407 4002 552 4055 Ἀλλ’
611 4004 710 4057 οὐκ
766 4004 941 4057 ἐδόκει
998 4008 1214 4075 φρονεῖν
1264 4004 1401 4075 ὀρθά
1459 4008 1569 4068 τοῖς
1632 4004 1690 4069 ἐξ
1750 4006 1979 4076 αἵματος

408 4095 648 4168 Ἰσραήλ·
700 4097 1087 4166 ἁντεξάγοντες
1136 4098 1191 4151 δὲ
1224 4098 1413 4168 ὥσπερ
1460 4098 1607 4170 αὐτῷ
1639 4099 1699 4151 τὸ
1730 4100 1858 4153 ἴδιον
1889 4099 1976 4153 θέ-

394 4185 547 4256 λημα
586 4191 698 4251 τοῖς
730 4191 795 4241 ἐκ
828 4188 1025 4257 φθόνου
1057 4190 1232 4259 βέλεσι
1258 4190 1611 4261 πολυτρόπως
1644 4190 1886 4255 ἔϐαλλον,
1914 4191 1975 4245 ού

393 4276 665 4347 γλώττης,
691 4278 752 4329 οὑ
790 4278 1026 4348 θράσους
1051 4316 1064 4341 ,
1097 4280 1195 4332 οὐκ
1247 4280 1490 4333 ἐκτόπων
1530 4281 1975 4352 ἐπιχειρημάτων

393 4365 475 4420 ἔτι
498 4368 823 4437 φειδόμενοι,
847 4366 1148 4430 διολλύντες
1181 4368 1236 4420 δὲ
1268 4371 1407 4437 σφᾶς
1432 4370 1627 4432 αὐτοὺς
1655 4372 1703 4422 οἱ
1730 4372 1969 4435 δείλαιοι,

2120 544 2238 582 ram
2269 533 2587 588 testimonio
2614 535 2669 589 in
2697 538 2901 607 quibus
2929 556 3228 614 cognosc-ar
3254 562 3282 601 a
3317 549 3493 617 teibi;
3524 560 3579 606 et
3595 555 3705 609 erit

2116 618 2302 685 homo,
2342 639 2505 693 quem
2522 642 2624 697 ego
2654 629 2893 700 elegero,
2925 633 3077 704 virga
3106 637 3226 707 ejus
3242 640 3615 711 germinabit;
3646 655 3703 701 ct

2113 712 2360 768 auferam
2392 725 2499 771 ate
2544 724 3038 780 murmurationem
3074 726 3310 784 ﬁliorum
3355 733 3551 801 Israel,
3593 752 3701 806 qua

2113 802 2215 872 ipsi
2244 817 2596 863 murmurant
2622 811 2887 869 adversus
2907 831 3023 870 vos.
3065 817 3366 877 Etlocutus
3387 833 3471 879 est
3490 802 3701 897 Moyses

2111 892 2238 948 ﬁliis
2273 896 2481 964 Israel;
2511 906 2568 953 et
2588 900 2864 959 dederunt
2896 905 2975 960 illi
3016 923 3208 965 omnes
3242 912 3521 985 principes
3547 892 3698 987 ipso-

2109 1001 2232 1040 rum
2281 988 2511 1060 virgam,
2544 992 2782 1064 principi
2804 996 2899 1050 uni
2923 996 3131 1067 virgam
3162 1016 3261 1069 per
3277 1003 3521 1073 singulos
3542 1009 3666 1075 prin
3692 1038 3698 1046 -

2107 1077 2257 1147 cipes
2277 1119 2292 1144 ,
2328 1083 2634 1138 secundum
2662 1085 2855 1142 domos
2888 1087 3223 1146 familiarum
3254 1092 3519 1162 ipsorum,
3554 1098 3695 1153 duo-

2104 1168 2283 1224 decim
2321 1174 2538 1246 virgas:
2569 1186 2627 1233 et
2683 1178 2838 1250 virga
2880 1179 3062 1236 Aaron
3105 1183 3163 1238 in
3211 1185 3395 1240 medio
3420 1188 3694 1258 virgarum

2105 1260 2397 1332 ipsorum:
2434 1278 2491 1321 et
2513 1270 2761 1339 reposuit
2788 1272 2998 1343 Moyses
3020 1274 3201 1345 virgas
3236 1286 3363 1332 ante
3401 1279 3693 1337 Dominum

2104 1354 2160 1408 in
2195 1356 2550 1415 tabernaculo
2567 1363 2887 1420 testimonii.
2911 1366 2977 1420 Et
2996 1366 3204 1421 factum
3220 1378 3307 1424 est
3331 1371 3422 1426 die
3447 1384 3689 1443 postera,

2103 1444 2387 1517 ingressus
2416 1459 2500 1506 est
2526 1453 2739 1525 Moyses
2763 1463 2820 1509 et
2843 1458 3023 1512 Aaron
3073 1458 3128 1512 in
3166 1460 3576 1519 tabernaculum
3605 1476 3691 1520 te-

2102 1534 2376 1606 stimonii;
2404 1547 2460 1594 et
2484 1555 2612 1597 ecce
2641 1546 3043 1614 germinaverat
3058 1548 3209 1619 virga
3223 1550 3406 1606 Aaron
3438 1554 3492 1608 in
3524 1555 3690 1611 domo

2101 1625 2273 1693 Levi,
2327 1639 2385 1685 et
2414 1634 2688 1688 extulerat
2739 1652 3003 1709 germen,
3039 1648 3098 1694 et
3124 1643 3384 1699 emiserat
3418 1645 3601 1712 ﬂores,
3632 1658 3691 1703 ct

2100 1720 2505 1787 germinaverat
2528 1741 2722 1781 nuces.
2752 1728 2820 1782 Et
2846 1730 3038 1785 eduxit
3059 1732 3270 1804 Moyses
3292 1751 3482 1791 omnes
3508 1739 3687 1808 virgas

2100 1822 2133 1861 a
2172 1820 2465 1881 conspectu
2494 1815 2709 1870 Domini
2740 1818 2809 1873 ad
2838 1834 3030 1878 onmes
3053 1823 3195 1879 ﬁlios
3222 1825 3389 1881 Israel
3416 1846 3429 1881 :
3457 1838 3515 1884 et
3534 1831 3687 1886 vide-

2099 1907 2254 1965 runt,
2290 1908 2348 1954 et
2386 1914 2719 1974 acceperunt
2748 1912 3126 1982 unusquisque
3165 1914 3374 1985 virgam
3398 1933 3589 1986 suam;
3629 1930 3686 1975 et

2099 1991 2320 2049 locutus
2369 2002 2453 2050 est
2494 1996 2760 2055 Dominus
2808 2002 2877 2057 ad
2926 2004 3148 2076 Moysen
3178 2008 3437 2081 :Repone
3471 2014 3682 2085 virgam

2096 2081 2303 2150 Aaron,
2333 2101 2457 2156 quae
2486 2090 2847 2159 germinavit,
2880 2102 3007 2150 ante
3036 2098 3375 2165 testimonia,
3402 2110 3464 2157 ut
3493 2081 3681 2159 serve-

2097 2182 2188 2229 tur
2242 2176 2298 2230 in
2333 2178 2550 2249 signum
2588 2180 2717 2237 ﬁliis
2750 2183 3215 2255 inobedientium,
3248 2199 3305 2245 et
3337 2201 3513 2248 cesset
3531 2211 3682 2249 mur-

2095 2269 2333 2343 muratio
2362 2285 2555 2326 eorum
2592 2288 2623 2328 a
2650 2289 2767 2338 me,
2791 2283 2847 2330 et
2874 2293 2987 2332 non
3021 2280 3329 2337 moriantur
3359 2284 3422 2338 ".
3466 2304 3486 2337 ›
3523 2285 3679 2353 Quod

2096 2355 2264 2426 igitur
2300 2358 2450 2430 virga
2482 2363 2811 2431 germinavit
2829 2405 2843 2429 ,
2870 2365 3084 2436 signum
3115 2368 3171 2422 id
3191 2370 3415 2439 quidem
3444 2389 3554 2428 non
3574 2376 3677 2430 ob-

2095 2463 2327 2506 scurum
2350 2450 2474 2517 fuit,
2507 2468 2618 2523 quo
2641 2453 3017 2512 declararetur
3045 2471 3112 2511 ex
3137 2459 3286 2514 tribu
3322 2461 3458 2517 Levi
3497 2464 3675 2520 admi-

2094 2539 2326 2594 randum
2367 2541 2522 2595 illum
2555 2544 2738 2598 virum
2774 2545 2956 2600 Aaron
2991 2548 3277 2618 splendide
3315 2559 3480 2624 atque
3517 2571 3675 2626 egre-

2092 2629 2179 2699 gie
2229 2646 2350 2686 esse
2397 2633 2465 2687 ad
2518 2635 2811 2692 sacerdotii
2854 2654 3057 2694 munus
3087 2641 3324 2697 electum
3362 2646 3425 2699 ‘8.
3466 2646 3591 2711 Sed,
3626 2649 3674 2702 si

2091 2722 2208 2778 haec
2237 2724 2427 2780 rudior
2458 2727 2627 2797 ﬁgura
2666 2728 2734 2784 ad
2776 2731 3118 2801 spiritualem
3148 2738 3671 2806 contemplationem

2094 2816 2440 2885 traducatur,
2473 2818 2678 2874 Christi
2710 2824 3035 2893 mysterium
3078 2840 3272 2881 rursus
3304 2828 3563 2884 elucebit.

2161 2995 2353 3050 PALL.
2374 2994 2501 3063 'Quo
2530 2998 2746 3054 tandem
2774 2999 2922 3054 istud
2944 3001 3142 3056 modo?

2158 3072 2315 3139 (ΠΒ.
2341 3084 2435 3140 Ille
2478 3102 2717 3157 namque
2757 3088 3077 3145 Emmanuel
3112 3106 3143 3145 a
3171 3091 3283 3146 Deo
3316 3101 3371 3148 et
3396 3094 3555 3151 Patre
3593 3096 3670 3151 lc-

2086 3175 2312 3245 gislator
2342 3176 2504 3230 simul
2546 3185 2602 3232 et
2627 3178 2870 3248 pontifex
2892 3190 3080 3236 noster
3115 3182 3327 3238 electus
3352 3193 3454 3252 est,
3487 3188 3579 3257 qui
3608 3204 3667 3243 se

2089 3268 2265 3338 ipsum
2283 3267 2557 3321 victimam
2574 3284 2675 3339 pro
2691 3270 2850 3325 nobis
2866 3271 3093 3335 otl‘erret
3117 3274 3182 3327 ".
3201 3273 3268 3329 Ut
3303 3275 3448 3329 enim
3473 3270 3670 3334 beatus

2086 3360 2286 3415 Paulus
2333 3360 2448 3414 ait:
2484 3380 2501 3411 ι
2532 3360 2645 3415 Lex
2696 3362 2917 3431 quidem
2943 3379 3040 3433 per
3069 3365 3287 3437 Moysen
3317 3366 3442 3422 data
3491 3368 3668 3423 homi-

2084 3468 2184 3506 nes
2226 3451 2512 3506 constituit
2558 3452 2878 3522 pontilices,
2934 3456 3202 3511 habentes
3254 3457 3662 3527 infirmitatem;

2083 3558 2264 3596 sermo
2302 3550 2485 3597 autem
2506 3544 2887 3614 jurisjurandi,
2906 3545 3067 3617 342
3084 3546 3175 3616 qui
3207 3556 3332 3617 post
3361 3549 3534 3619 legem
3557 3558 3662 3611 est.

2083 3633 2282 3687 Filium
2312 3633 2366 3686 in
2414 3642 2678 3687 aeternum
2708 3634 3013 3703 perfectum
3045 3636 3109 3688 7°.
3145 3655 3162 3688 ι
3202 3638 3374 3707 Igitur
3418 3640 3662 3694 Verbum

2084 3725 2216 3778 illud
2244 3724 2528 3779 descendit
2560 3725 2782 3795 quidem
2808 3741 2839 3780 e
2867 3710 3042 3790 cmlis,
3076 3736 3132 3781 et
3155 3726 3360 3781 factum
3377 3737 3459 3783 est
3487 3733 3662 3786 nostri

2083 3817 2281 3881 simile,
2317 3824 2630 3871 sanctorum
2650 3817 2899 3872 minister
2922 3824 2977 3871 et
3005 3817 3337 3875 tabernaculi
3381 3821 3492 3875 veri
3512 3823 3659 3892 quod

2083 3906 2199 3961 ﬁxit
2225 3908 2387 3972 Deus,
2416 3914 2472 3962 et
2496 3922 2606 3963 non
2627 3908 2811 3963 homo.
2843 3907 2946 3962 Sed
2974 3907 3063 3974 iis,
3083 3908 3177 3978 qui
3200 3919 3437 3965 erantex
3460 3928 3659 3982 genere

2082 3998 2269 4064 Israel,
2304 4014 2414 4053 non
2452 4008 2597 4055 recte
2624 3999 2829 4055 sentire
2854 3999 3145 4056 videbatur
3176 4018 3189 4054 :
3218 4001 3405 4073 itaque
3434 4003 3659 4061 cumilli

2080 4104 2233 4145 suam
2260 4090 2501 4161 ipsorum
2515 4092 2849 4147 voluntatem
2877 4102 3237 4163 opponerent,
3265 4094 3320 4147 in
3349 4094 3500 4149 illum
3517 4095 3658 4150 invi-

2081 4182 2185 4236 dia:
2212 4183 2393 4254 jacula
2421 4182 2720 4239 multifario
2752 4184 3141 4252 coniecerunt;
3170 4183 3513 4253 nonlinguaz,
3545 4202 3654 4242 non

2077 4274 2340 4339 audaciae,
2358 4289 2468 4327 non
2485 4272 2708 4327 nefariis
2726 4272 2836 4342 jam
2866 4273 3544 4342 conatibuspcperceruut,
3560 4277 3655 4333 sed

2079 4367 2134 4420 i'n
2161 4381 2314 4420 suam
2352 4365 2456 4435 ipsi
2498 4364 2798 4433 perniciem
2839 4364 3025 4419 miseri
3063 4372 3339 4433 postremo
3365 4367 3653 4423 crucifixe-

393 4460 488 4511 καὶ
544 4459 849 4511 τελευταῖον
895 4457 1265 4528 ἐσταύρωσαν.
1309 4459 1454 4530 Πλὴν
1499 4460 1788 4515 ἀνέθαλλεν
1817 4464 1848 4531 ἡ
1878 4463 1974 4533 ῥά-

2089 4465 2227 4511 runt.
2256 4457 2362 4511 Sed
2398 4455 2645 4511 refloruit
2674 4455 2824 4526 virga
2843 4456 2910 4511 de
2935 4455 3118 4510 radice
3146 4457 3316 4520 Jesse,
3354 4461 3655 4514 resurrexit

391 4551 480 4612 δος
514 4552 544 4620 ἡ
576 4552 639 4603 ὲκ
674 4549 831 4621 ῥίζης
874 4550 1093 4603 Ἰεσσαί·
1145 4551 1314 4620 ἀνέφυ
1361 4553 1469 4622 γὰρ
1519 4553 1583 4623 δὴ
1627 4555 1720 4606 καὶ
1776 4556 1976 4609 ἀνεϐίω

393 4642 648 4709 Χριστὸς,
673 4642 840 4705 λύσας
875 4641 971 4704 τὰς
1006 4641 1199 4704 ὀδύνας
1259 4641 1350 4693 τοῦ
1388 4641 1640 4709 θανάτου,
1687 4644 1829 4697 καθὰ
1880 4646 1973 4713 γέ-

393 4750 668 4803 γραπται·
694 4732 836 4805 ζωὴν
863 4735 971 4806 γὰρ
1005 4734 1135 4787 ὄντα
1162 4735 1303 4787 κατὰ
1335 4734 1519 4803 φύσιν,
1554 4735 1628 4799 ὡς
1664 4736 1816 4800 Θεὸν,
1858 4738 1973 4801 πῶς

390 4821 459 4894 ἦν
513 4826 658 4888 εἰκὸς
717 4826 1035 4896 κρατεῖσθαι
1079 4825 1313 4896 θανάτῳ,
1351 4827 1445 4878 καὶ
1488 4827 1610 4896 ούχὶ
1659 4827 1723 4898 δὴ
1775 4828 1972 4897 μᾶλλον

391 4917 731 4986 καταθλῆσαι
753 4918 991 4989 φθορᾶς
1026 4920 1235 4989 Ὥσπερ
1262 4918 1318 4972 δὲ
1352 4918 1413 4971 τὸ
1441 4918 1714 4987 ἀναφῦναι
1742 4919 1842 4990 τὴν
1871 4920 1971 4991 ῥά-

393 5008 535 5073 ϐδον,
562 5010 655 5062 καὶ
689 5011 1043 5064 ἀναϐλαστεῖν
1067 5012 1347 5083 ἀδοκήτως
1386 5011 1446 5065 τὸ
1474 5012 1698 5075 ἀνανθὲς
1744 5014 1842 5084 ἥδη
1878 5013 1970 5075 ξύ-

389 5099 499 5164 λον,
515 5100 733 5172 διαρκὲς
747 5105 858 5164 τοῖς
875 5103 1245 5173 ἀρχαιοτέροις
1263 5105 1485 5174 σημεῖον
1498 5099 1564 5172 ἦν
1579 5103 1672 5157 τοῦ
1691 5104 1968 5175 διὰψήφου
2034 5162 2035 5165 η

388 5190 490 5260 τῆς
508 5191 711 5244 ἀνωθεν
728 5194 807 5255 εἰς
821 5193 1078 5263 ἀρχιερέα
1100 5193 1578 5264 κεχειροτονῆσθαι
1606 5194 1698 5247 τὸν
1737 5195 1965 5264 Ἀαρών·

389 5280 531 5334 οὕτω
564 5283 764 5352 φαμὲν,
789 5283 873 5335 δτι
912 5282 1139 5352 λαμπρά
1165 5300 1224 5334 τε
1264 5284 1359 5336 καὶ
1411 5285 1647 5355 ἐναργὴς
1685 5286 1779 5337 καὶ
1826 5287 1963 5340 ἀπο-

388 5373 499 5441 χρῶ
511 5390 576 5425 σα
596 5372 714 5425 λίαν
744 5373 1011 5436 ἀπόδειξις
1057 5373 1153 5425 τοῦ
1182 5373 1273 5424 καὶ
1301 5373 1431 5426 Θεὸν
1460 5372 1599 5429 εἶναι
1631 5375 1769 5428 κατά
1802 5375 1962 5444 φύσιν

386 5464 477 5517 τὸν
531 5462 898 5534 Ἐμμανουήλ,
926 5464 984 5515 τὸ
1031 5466 1269 5529 πατῆσαι
1301 5465 1549 5530 θάνατον,
1588 5468 1680 5519 καὶ
1727 5468 1960 5520 ἀναϐιῶ-

388 5574 475 5609 ναι
536 5555 892 5626 θεοπρεπῶς.
925 5556 1032 5609 Καὶ
1067 5556 1197 5623 γοῦν
1249 5556 1408 5617 αὐτὸς
1437 5560 1463 5608 6
1488 5556 1742 5627 Χριστὸς,
1780 5562 1957 5614 καίτοι

464 5672 506 5702 ⁸⁷
563 5670 721 5723 Num.
785 5686 913 5731 xvu,
977 5672 1130 5724 “2-H.
1211 5674 1252 5703 ‘3
1290 5672 1453 5726 Hebr.
1500 5691 1589 5737 vn,
1628 5677 1658 5728 ii
1689 5693 1839 5747 seqq.

1937 5681 1977 5712 δί’
2017 5681 2182 5734 um.
2231 5696 2301 5739 IX,
2353 5676 2428 5746 ll.

2077 4549 2350 4623 Christus,
2382 4549 2577 4603 solutis
2620 4547 2907 4604 doloribus
2940 4547 3175 4613 inferni,
3214 4547 3357 4602 sicut
3388 4552 3652 4620 scriptum

2072 4652 2157 4696 est
2183 4643 2224 4673 '“
2264 4659 2277 4695 :
2305 4643 2401 4712 qui
2432 4642 2576 4696 enim
2609 4650 2866 4711 tanquam
2897 4640 3041 4694 Deus
3068 4640 3182 4710 ipsa
3208 4640 3321 4695 vita
3350 4641 3652 4696 secundum

2072 4742 2322 4788 naturam
2367 4741 2505 4797 erat,
2565 4749 2692 4787 eum
2744 4749 2850 4802 qua
2905 4732 3113 4788 ratione
3172 4748 3389 4801 aequum
3459 4732 3654 4787 fuisset

2070 4834 2248 4880 morte
2279 4825 2535 4889 detineri,
2580 4840 2643 4879 ac
2674 4840 2782 4877 non
2805 4823 2987 4893 potius
3019 4822 3088 4879 ab
3122 4838 3188 4878 eo
3227 4823 3403 4893 ipsum
3431 4840 3652 4893 quoque

2071 4917 2356 4985 interitum
2389 4915 2727 4986 expugnari?
2762 4914 2867 4969 Sed
2909 4922 2969 4968 ut
3017 4914 3231 4971 aridum
3273 4917 3385 4987 jam
3418 4916 3553 4972 illud
3576 4917 3647 4971 li-

2070 5025 2257 5079 gnum.
2289 5023 2413 5064 cum
2441 5008 2794 5079 germinasset
2821 5014 2983 5074 atque
3017 5005 3312 5074 derepente
3352 5006 3645 5071 ﬂoruisset,

2073 5102 2292 5171 signum
2322 5100 2426 5155 fuit
2456 5099 2665 5162 efﬁcax,
2690 5114 2799 5169 quo
2832 5098 3115 5153 veteribus
3139 5098 3246 5152 illis
3278 5098 3649 5154 declararetur

2069 5210 2307 5265 superno
2341 5193 2596 5263 suffragio
2620 5192 2799 5247 Aaron
2855 5205 3127 5245 summum
3160 5188 3494 5243 sacerdotem
3525 5204 3644 5243 esse

2070 5295 2314 5342 creatum
2349 5302 2361 5337 :
2393 5285 2471 5340 sic
2511 5283 2745 5337 dicimus
2784 5282 3103 5351 przcclarum
3135 5289 3192 5332 et
3220 5278 3446 5333 evidens
3483 5288 3644 5349 atque

2071 5376 2327 5428 idoneum
2347 5390 2464 5429 esse
2480 5380 2885 5443 argumentum,
2913 5386 3022 5438 quo
3038 5369 3298 5437 probetur
3324 5370 3493 5423 Deum
3523 5386 3642 5425 esse

2066 5465 2367 5522 secundum
2419 5474 2668 5517 naturam
2726 5460 2901 5528 ipsum
2966 5458 3307 5521 Emmanuel,
3349 5458 3500 5534 inreo
3532 5474 3642 5528 quo

2070 5570 2297 5614 mortem
2321 5555 2571 5614 calcavit,
2613 5561 2686 5614 et,
2746 5561 2805 5602 ut.
2851 5551 2961 5603 Deo
3000 5550 3222 5620 (lignum
3258 5562 3394 5615 erat,
3422 5552 3635 5605 revixit.

2534 5672 2578 5700 το
2626 5669 2791 5723 Ilebr.
2835 5685 2925 5731 vn,
2962 5669 3049 5721 ‘28.
3129 5672 3166 5700 ⁷⁸
3205 5669 3323 5723 Act.
3354 5686 3408 5733 ιι,
3440 5669 3507 5721 ‘Zl
