4142 6296
587 365 692 420 (ξτες

1574 355 1630 410 S.
1675 351 1952 410 CYRILLI
1989 346 2460 406 ALEXANDRINI
2498 343 2818 404 ARCHIEP.

3703 307 3708 312 ’
3741 341 3844 398 me

586 483 774 551 Itaque
803 479 947 535 idem
979 479 1092 548 ipse
1111 475 1384 541 Christus,
1411 475 1662 546 quamvis
1686 471 1838 528 n'ullo
1864 470 2084 542 negotio
2107 483 2170 524 ac

2275 468 2382 520 πᾶν
2417 464 2596 521 ὁτιοῦν
2630 463 2739 518 τῶν
2787 461 2929 536 ύπὲρ
2974 477 3036 531 γε
3067 459 3129 514 τὸ
3163 456 3308 523 εἰκὸς
3343 457 3436 512 καὶ
3458 456 3615 526 λόγον
3642 455 3843 512 ἀποπε-

585 573 744 628 lacile
763 579 965 642 posset,
984 570 1248 642 quidquid
1270 584 1436 640 supra
1461 567 1777 638 opinionem
1805 579 1868 619 ac
1899 563 2167 617 rationem

585 673 749 725 esset,
783 662 1072 732 perlicere,
1105 661 1318 732 signum
1342 659 1660 730 petentibus
1675 655 1880 712 Judaeis
1903 652 2120 709 dicebat
2151 669 2164 705 :

593 773 612 804 ε
651 752 948 808 Generatio
989 753 1108 807 haec
1131 766 1298 822 prava
1331 759 1436 815 est,
1487 749 1704 820 signum
1749 745 1968 816 quaerit,
2003 752 2061 798 et
2091 743 2167 798 si-

584 861 751 913 gnum
787 860 898 899 non
921 843 1142 899 dabitur
1174 844 1248 906 ei,
1289 841 1396 896 nisi
1435 841 1652 912 signum
1681 839 1831 895 Jonas
1866 836 2166 908 pr0phct2e.

585 935 742 990 Sicut
795 933 944 990 enim
969 933 1078 990 fuit
1104 933 1272 989 Jonas
1301 932 1358 986 in
1389 939 1582 986 ventre
1610 929 1717 985 ceti
1751 929 1930 984 tribus
1975 925 2171 980 diebus

588 1033 650 1080 et
672 1026 850 1080 tribus
873 1025 1152 1088 noctibus,
1189 1023 1268 1078 sic
1297 1023 1407 1078 erit
1431 1021 1602 1077 Filius
1635 1017 1876 1074 hominis
1914 1017 1972 1071 in
2007 1015 2172 1071 corde

587 1120 751 1168 terrae
798 1113 984 1168 tribus
1009 1111 1207 1167 diebus
1242 1119 1299 1166 et
1324 1111 1504 1166 tribus
1535 1109 1792 1166 noctibus
1849 1107 1912 1164 τ’.
1953 1125 1971 1158 ι
2005 1105 2174 1176 Igitur

587 1201 806 1257 celebre
828 1217 958 1256 sane
983 1209 1040 1259 et
1064 1201 1276 1258 illustre
1295 1201 1512 1273 signum
1537 1207 1643 1266 est,
1671 1209 1728 1255 et
1746 1201 1833 1266 iis,
1857 1197 1950 1269 qui
1982 1213 2174 1253 revera

586 1295 887 1365 prudentes
927 1303 1076 1360 sunt,
1133 1295 1266 1350 satis
1307 1293 1495 1349 eﬂicax
1535 1293 1603 1348 ad
1649 1291 1810 1348 ﬁdem
1845 1289 2172 1354 faciendam,

587 1385 770 1454 ipsum
801 1385 997 1439 Filium
1029 1383 1333 1438 secundum
1357 1392 1612 1438 naturam
1636 1397 1758 1438 esse
1779 1383 1976 1446 Deum,
2013 1389 2068 1435 et
2107 1396 2175 1435 ex

586 1475 700 1529 Deo
716 1475 874 1530 Patre
894 1482 1096 1539 ortum,
1120 1473 1224 1530 hoc
1245 1474 1444 1544 ipsum,
1467 1475 1612 1544 quod
1634 1483 1864 1529 mortem
1883 1473 2172 1538 destruxit,

585 1575 642 1622 et
663 1565 908 1622 reﬂoruit
943 1566 1008 1622 ad
1027 1566 1212 1621 vitam.
1241 1585 1261 1619 ε
1289 1567 1485 1622 Factus
1505 1567 1652 1622 enim
1675 1575 1759 1622 est
1779 1564 1896 1636 ipse
1923 1565 2176 1636 primitiae

586 1656 998 1720 dormientium,
1025 1665 1079 1712 et
1099 1656 1498 1727 primogenitus
1517 1671 1586 1712 ex
1612 1656 1848 1711 mortuis
1869 1657 1946 1722 ⁷³;
1971 1675 1992 1708 ι
2012 1654 2177 1725 idque

590 1747 806 1817 signum
842 1745 970 1802 [iliis
995 1746 1431 1802 inobedientium
1460 1753 1547 1802 est
1573 1747 1786 1812 datum,
1825 1761 1937 1816 quo
1974 1744 2176 1800 intelli—

587 1845 716 1909 gant
731 1837 1012 1894 Christum
1040 1838 1134 1894 Dei
1180 1854 1244 1894 ac
1273 1839 1450 1896 Patris
1492 1838 1753 1910 suffragio
1783 1853 2059 1893 summum
2085 1851 2174 1892 sa-

586 1929 863 1985 cerdotem
891 1937 1141 1986 nostrum
1171 1945 1292 1986 esse
1313 1929 1540 1995 factum,
1575 1946 1592 1980 ι
1622 1937 1896 1994 sanctum,
1916 1929 2176 1984 innocen-

588 2026 722 2084 tem,
773 2020 1118 2090 impollutum
1144 2060 1160 2085 ,
1219 2028 1562 2092 segregatum
1611 2035 1644 2074 a
1695 2019 2080 2090 peccatoribus
2120 2025 2178 2073 et

587 2112 942 2168 excelsiorem
963 2112 1118 2168 caelis
1139 2111 1364 2178 factum,
1397 2129 1416 2164 ι
1455 2112 1598 2168 sicut
1625 2111 1893 2183 scriptum
1913 2119 1997 2168 est
2021 2111 2088 2166 ".

654 2291 853 2346 PALL.
882 2290 989 2347 Sed
1033 2307 1144 2346 non
1187 2291 1364 2346 solum
1415 2291 1749 2362 germinavit
1795 2293 1950 2364 virga
1994 2291 2176 2348 Aaron

589 2383 668 2454 (id
691 2383 838 2438 enim
863 2398 1030 2438 sacrae
1051 2383 1270 2438 Littera:
1295 2382 1458 2438 modo
1471 2383 1633 2439 nobis
1661 2366 2062 2456 ostenderunt),
2079 2385 2175 2442 sed

589 2477 822 2548 protulit
843 2490 1032 2530 nuces.
1066 2475 1128 2530 Id
1175 2489 1308 2530 vero
1331 2475 1562 2547 aenigma
1595 2475 1728 2548 quid
1751 2475 2043 2548 signiﬁcet,
2087 2479 2175 2535 in-

591 2567 839 2639 telligere
864 2581 1102 2637 nequeo.

655 2658 816 2731 35.3
843 2657 1000 2714 (ΠΒ.
1047 2657 1295 2714 Primum
1342 2659 1589 2730 quidem,
1636 2659 1864 2726 Palladi,
1911 2661 2176 2719 nihilab-

589 2750 743 2806 surdi
767 2756 872 2815 est,
889 2749 957 2804 de
981 2763 1122 2805 nuce
1147 2759 1480 2822 assumptam
1501 2766 1622 2806 esse
1643 2751 1854 2822 virgam
1873 2753 2172 2822 suspicari;

589 2849 814 2912 eratque
857 2841 1054 2913 priscis
1097 2841 1206 2896 illis
1258 2841 1316 2896 in
1372 2857 1524 2897 more
1582 2842 1822 2912 positum
1874 2843 2072 2900 talibus
2096 2846 2176 2900 uti

591 2933 841 3002 sceptris.
890 2933 1098 2989 Deinde
1124 3008 1130 3013 ἢ
1156 2949 1309 3000 vero,
1357 2933 1404 2988 si
1456 2932 1728 2988 rationem
1763 2935 2177 2992 accommodare

591 3031 848 3095 oporteat
869 3025 956 3081 his
996 3027 1561 3098 contemplationibus
1599 3038 2016 3100 congruentem,
2040 3029 2177 3086 illud

2275 559 2476 631 ραῐνειν
2515 555 2757 628 ἀμογητὶ
2777 554 2870 608 καὶ
2901 552 3140 616 εὐκόλως
3169 549 3488 620 δυνάμενος.
3519 549 3634 610 τοῖς
3667 547 3726 601 rb
3748 565 3844 620 σηο

2273 653 2422 720 μεῖον
2491 647 2734 703 αἰτοῦσιν
2780 645 3036 716 ἔφασκεν·
3079 662 3098 696 ε
3136 642 3201 696 Ἦ
3248 639 3412 712 γενεά
3446 639 3588 710 αῦτη
3639 640 3848 710 πονηρά

2269 743 2409 794 ἐστι·
2440 742 2666 812 σημεῖον
2699 737 2858 802 αἰτεῖ,
2894 736 2988 790 καὶ
3022 737 3247 806 σημεῖον
3281 733 3342 788 ού
3381 731 3668 804 δοθήσεται
3687 731 3844 802 αὐτῇ,

2271 833 2318 885 εἰ
2348 831 2422 904 μὴ
2471 830 2532 886 τὸ
2591 831 2814 902 σημεῖον
2856 828 3012 881 Ἰωνᾶ
3051 825 3145 880 τοῦ
3178 824 3482 898 προφήτου.
3509 823 3724 892 ’Ὥσπερ
3744 821 3847 890 γὰρ

2269 918 2339 994 ἦν
2373 923 2558 986 Ἰωνᾶς
2579 924 2637 976 ὲν
2668 924 2734 994 τῇ
2771 919 2947 991 κοιλίᾳ
2978 918 3071 973 τοῦ
3101 918 3300 989 κήτους
3325 913 3477 986 τρεῖς
3523 913 3737 985 ἡμέρας
3757 913 3848 966 καὶ

2271 1017 2420 1086 τρεῖς
2453 1015 2674 1080 νύκτας,
2722 1011 2896 1084 οὕτως
2933 1009 3087 1064 ἔσται
3121 1009 3150 1061 ό
3179 1008 3307 1072 Υἱὸς
3333 1005 3428 1060 τοῦ
3475 1002 3766 1076 ἀνθρώπου
3794 1004 3848 1055 ὲν

2271 1111 2337 1179 τῇ
2361 1105 2558 1178 καρδίᾳ
2592 1105 2692 1176 τῆς
2724 1103 2828 1174 γῆς
2853 1105 3002 1174 τρεῖς
3026 1099 3242 1172 ἡμέρας
3271 1097 3368 1153 καὶ
3398 1098 3548 1170 τρεῖς
3585 1095 3843 1154 νύκτας.»

2275 1196 2484 1252 Οὐκοῦν
2521 1195 2807 1267 διαϐόητον
2866 1192 3086 1265 ἀληθῶς
3125 1191 3222 1248 καὶ
3256 1189 3556 1264 περιφανὲς
3607 1187 3847 1258 σημεῖον,

2275 1288 2369 1342 καὶ
2393 1287 2598 1359 ἀρκοῦν
2621 1289 2701 1352 είς
2732 1288 2918 1342 πίστιν
2943 1289 3057 1350 τοῖς
3085 1303 3150 1355 γε
3176 1283 3253 1348 ὡς
3281 1281 3498 1354 ἀληθῶς
3523 1278 3850 1350 εὐγνώμοσι,

2275 1381 2370 1435 τοῦ
2409 1379 2550 1434 κατὰ
2575 1379 2737 1450 φύσιν
2765 1375 2907 1434 εἶναι
2941 1377 3074 1433 Θεδν
3100 1377 3198 1432 καὶ
3223 1377 3290 1430 ὲκ
3319 1373 3455 1428 Θεοῦ
3499 1371 3721 1443 Πατρδς
3760 1387 3852 1422 πε-

2278 1473 2506 1542 φυκέναι
2532 1471 2623 1529 τὸν
2660 1471 2812 1536 Υἱὸν,
2860 1471 2924 1524 τὸ
2961 1467 3312 1540 καταργῆσαι
3351 1465 3443 1520 τὸν
3489 1463 3723 1518 θάνατον
3765 1459 3853 1515 καὶ

2239 1612 2252 1626 ,
2278 1562 2506 1636 φθορὰν,
2545 1562 2640 1618 καὶ
2655 1563 2918 1617 ἀναθάλαι
2956 1560 3094 1632 πρὸς
3133 1559 3298 1630 ζωήν.
3341 1577 3360 1610 ι
3388 1557 3584 1626 Γέγονε
3607 1555 3723 1627 γὰρ
3759 1555 3854 1608 αὐ-

2276 1655 2367 1720 τὸς
2397 1657 2618 1726 ἀπαρχὴ
2655 1654 2763 1708 τῶν
2798 1650 3246 1724 κεκοιμημένων,
3289 1649 3384 1704 καὶ
3417 1647 3767 1720 πρωτότοκος
3796 1647 3857 1700 ὲκ

2277 1747 2387 1802 τῶν
2414 1745 2644 1819 νεκρῶν.
2681 1765 2700 1798 ι
2726 1747 2840 1800 Καὶ
2870 1744 3078 1799 δέδοται
3105 1743 3165 1798 τὸ
3189 1743 3414 1814 σημεῖον
3443 1742 3556 1804 τοῖς
3586 1739 3729 1802 υἱοῖς
3756 1737 3857 1792 τῶν

2275 1838 2544 1912 ἀνηκόων,
2577 1837 2653 1902 ὡς
2683 1837 2749 1893 ἂν
2786 1837 2976 1892 εἰδεῖεν
3005 1838 3088 1891 ὅτι
3123 1835 3288 1907 ψήφῳ
3315 1831 3409 1886 τοῦ
3441 1830 3576 1888 Θεοῦ
3614 1830 3719 1885 xal.
3753 1829 3858 1886 Πα-

2273 1931 2402 2004 τρδς
2439 1931 2726 2002 ἀρχιερεὺς
2764 1929 2990 2000 γέγονεν
3025 1929 3318 2000 ἐφ’ήμᾶςό
3341 1924 3596 1997 Χριστὸς,
3634 1940 3653 1974 ι
3699 1923 3855 1987 ὅσιος,

2275 2024 2503 2088 ἄκακος,
2547 2023 2832 2095 ἀμίαντος,
2875 2019 3282 2094 κεχωρισμένος
3313 2019 3424 2074 ἀπὸ
3454 2018 3571 2072 τῶν
3597 2020 3858 2092 ἀμαρτω-

2274 2115 2404 2180 λῶν,
2423 2115 2518 2170 καὶ
2535 2114 2866 2186 ὑψηλότερος
2895 2111 3003 2168 τῶν
3031 2110 3276 2185 οὐρανῶν
3307 2110 3618 2184 γενόμενος,
3652 2129 3672 2164 ι
3727 2109 3860 2164 κατά

2275 2207 2335 2262 τὸ
2363 2207 2778 2280 γεγραμμένον.
3571 2276 3580 2282 ι

2345 2300 2558 2354 ΠΑΔΛ.
2611 2297 2756 2352 Ἀλλ’
2801 2295 3067 2370 ἐξήνθησε
3143 2295 3243 2369 μὲν
3309 2295 3443 2368 ἡμῖν
3493 2295 3527 2368 ή
3581 2293 3784 2366 ῥάϐδος
3827 2295 3858 2364 ή

2287 2389 2534 2462 ’Λαρώνο
2568 2388 2720 2442 τουτὶ
2757 2388 2868 2460 γὰρ
2907 2388 3042 2458 ἡμῖν
3087 2385 3290 2458 ἀρτίως
3336 2387 3366 2439 ό
3414 2383 3558 2456 ἱερὸς
3611 2381 3860 2446 ὑπέδειξε

2275 2481 2451 2551 λόγος’
2488 2479 2750 2553 ἐξήνθησε
2794 2478 2852 2534 δὲ
2904 2479 3122 2550 κάρυα·
3175 2476 3270 2532 καὶ
3309 2475 3360 2531 τί
3410 2475 3476 2547 δὴ
3506 2475 3567 2528 τὸ
3604 2475 3859 2546 αἴνιγμα,

2277 2576 2415 2628 νοεῖν
2437 2574 2538 2628 ούκ
2570 2572 2698 2645 ἔχω.

2347 2665 2512 2720 ΚΥΡ.
2534 2663 2791 2720 Μάλιστα
2819 2663 2940 2736 μὲν,
2963 2655 3008 2717 ὦ
3033 2660 3321 2728 Παλλάδιε,
3350 2660 3412 2716 τὸ
3436 2659 3661 2723 ἀπεικὸς
3694 2659 3857 2724 οὐδὲν,

2276 2759 2342 2812 ὲκ
2369 2755 2580 2829 καρύας
2612 2755 2864 2827 εἰλῆφθαι
2893 2753 2993 2827 τὴν
3027 2753 3218 2826 ῥάϐδον
3246 2753 3514 2808 ὑπονοεῖν.
3556 2750 3668 2804 Kal.
3711 2746 3778 2822 ἦν
3808 2750 3859 2803 ὲν

2277 2851 2388 2904 ἔθει
2413 2851 2526 2913 τοῖς
2553 2847 2722 2902 πάλαι
2772 2845 2834 2900 τδ
2871 2845 2966 2900 καὶ⁸
2993 2843 3224 2898 τοιοῖσδέ
3275 2859 3419 2898 τισιν
3450 2839 3860 2914 ἅποκεχρῆσθαι

2279 2939 2598 3009 σκήπτροις.
2629 2937 2693 2990 El
2725 2935 2783 2988 δὲ
2823 2933 2889 3006 δή
2927 2933 3020 2988 καὶ
3058 2931 3217 3002 λόγον
3251 2931 3398 3005 ἡμᾶς
3429 2931 3751 3004 ἐφαρμόσαι
3788 2929 3860 2984 δεῖ

2275 3031 2370 3086 τὸν
2395 3031 2508 3094 τοῖς
2553 3028 2875 3100 θεωρήμασι
2905 3025 3216 3098 πρέποντα,
3262 3024 3531 3096 φράσαιμ’
3575 3022 3642 3077 ἂν
3691 3024 3861 3080 έκεῖνο

591 3131 761 3187 prope
792 3119 1172 3190 pervulgatum
1192 3119 1450 3186 dixerim,
1475 3119 1623 3190 quod
1645 3120 1812 3174 etiam
1837 3121 1982 3192 apud
2005 3137 2171 3192 quos-

2280 3121 2463 3184 πάλιν,
2495 3119 2524 3173 δ
2551 3116 2972 3188 ὲκτεθρύλληταί
3009 3133 3148 3183 πως,
3177 3115 3326 3169 δοκεῖ
3361 3113 3418 3168 δὲ
3447 3111 3586 3168 εἷναί
3616 3131 3739 3168 τισι
3773 3115 3860 3168 καὶ

591 3209 716 3264 dam
747 3209 851 3267 ﬁde
874 3212 1098 3284 dignum
1139 3213 1378 3280 videtur,
1409 3229 1640 3269 nuceam
1663 3215 1872 3285 virgam
1896 3216 2044 3271 vires
2070 3215 2172 3271 ha-

590 3301 723 3358 bere
745 3303 814 3358 ad
861 3305 1198 3376 vigilantiam
1234 3306 1621 3372 tribuendam,
1651 3307 1699 3362 si
1728 3307 1878 3364 illam
1906 3307 1976 3362 ad
2006 3314 2173 3379 caput

591 3393 868 3463 quispiam
919 3396 1184 3464 posuerit,
1221 3397 1370 3466 quod
1409 3396 1639 3452 fortasse
1667 3397 1904 3455 naturali
1936 3398 2170 3468 quadam

591 3483 850 3537 facultate
891 3499 960 3539 ex
988 3485 1268 3542 voluntate
1291 3487 1388 3542 Dei
1417 3486 1584 3542 eﬂicit
1619 3505 1631 3542 :
1671 3489 1901 3560 ejusque
1949 3490 2029 3545 rei
2056 3490 2172 3560 ipse

593 3588 812 3643 quoque
834 3575 998 3641 Deus,
1031 3577 1127 3646 qui
1159 3579 1343 3633 omnia
1381 3586 1438 3634 et
1465 3579 1620 3634 novit
1647 3585 1704 3635 et
1725 3580 1994 3646 condidit,
2011 3581 2173 3638 nobis

593 3663 996 3733 quodammodo
1051 3667 1214 3724 (idem
1261 3669 1427 3737 facit,
1486 3686 1612 3726 cum
1668 3671 1920 3728 Jeremiae
1971 3673 2106 3728 dicit
2153 3689 2167 3728 :

600 3771 620 3804 ι
643 3753 784 3822 Quid
825 3762 883 3810 tu
914 3755 1101 3824 vides,
1142 3759 1416 3820 Jeremia?
1463 3780 1482 3813 ι
1520 3777 1756 3834 cumque
1779 3763 1826 3820 is
1849 3763 2169 3835 respondis-

592 3837 704 3900 set:
726 3847 978 3918 «Virgam
1004 3865 1269 3916 nuceam;
1303 3871 1322 3902 ι
1351 3851 1422 3906 ad
1449 3853 1566 3908 hac
1596 3854 1742 3909 Deus
1783 3871 1796 3906 :
1837 3873 1856 3906 ι
1887 3855 2055 3910 Recte
2082 3855 2170 3910 vi-

593 3934 744 4001 disti,
777 3955 794 3988 ι
831 3938 1027 4006 inquit,
1084 3957 1104 3990 ι
1159 3939 1326 4009 vigilo
1385 3942 1533 3996 enim
1595 3957 1697 4014 ego
1752 3959 1918 4014 super
1981 3945 2170 4000 verbis

593 4027 751 4093 meis,
784 4035 846 4082 ut
871 4028 1063 4084 faciam
1096 4031 1187 4086 illa
1209 4031 1275 4083 ’³.
1319 4049 1338 4084 ι
1376 4033 1484 4088 Pro
1513 4032 1806 4104 vigilantia“:
1838 4034 2004 4106 igitur
2021 4051 2170 4108 sym-

592 4117 722 4173 bolo
757 4134 820 4174 ac
847 4129 976 4175 nota
1005 4137 1114 4177 non
1151 4123 1427 4178 immerito
1453 4123 1606 4196 virga
1637 4141 1812 4180 nucea
1843 4127 2046 4196 poterit
2074 4143 2168 4182 ac-

592 4208 722 4280 cipi.
747 4211 914 4282 Atqui
935 4211 1028 4267 illa
1067 4212 1274 4269 Christi
1301 4229 1334 4270 e
1360 4215 1600 4271 mortuis
1625 4217 1964 4273 resurrectio
2011 4219 2168 4289 quasi

591 4302 838 4370 quaedam
864 4319 894 4358 e
917 4318 1110 4359 somno
1145 4304 1424 4376 evigilatio
1463 4305 1588 4362 l‘uit.
1635 4307 1825 4378 Itaque
1856 4324 1955 4380 per
1995 4309 2167 4382 lyram

591 4410 810 4465 quoque
836 4396 1126 4452 Psallentis
1156 4397 1234 4453 ait
1275 4414 1288 4451 :
1344 4417 1364 4450 ι
1400 4399 1514 4470 Ego
1546 4398 1803 4465 dormivi,
1829 4407 1887 4456 et
1915 4416 2168 4458 somnum

669 4579 865 4634 PALL.
901 4581 1044 4638 Vera
1073 4581 1234 4638 dicis.

659 4669 818 4726 CYB.
852 4671 929 4726 De
963 4673 1193 4728 lucerna
1219 4689 1440 4746 quoque
1468 4693 1534 4734 ac
1568 4693 1778 4746 mensa,
1817 4695 1938 4750 quae
1958 4681 2012 4736 in
2054 4681 2170 4753 pri-

591 4775 682 4815 mo
718 4760 1074 4818 tabernaculo
1126 4763 1234 4819 sita
1263 4775 1438 4832 erant,
1486 4769 1566 4824 sic
1597 4779 1864 4839 praeterea
1909 4772 2174 4843 scriptum

591 4860 678 4906 est
707 4868 721 4904 :
767 4871 785 4902 ι
820 4852 887 4906 Ει
907 4853 1127 4910 locutus
1157 4862 1243 4912 est
1271 4858 1536 4916 Dominus
1569 4862 1636 4916 ad
1661 4863 1904 4934 Moysen,
1933 4863 2124 4920 dicens
2159 4883 2172 4920 :

591 4944 836 5016 Praecipe
872 4944 1000 5000 ﬁliis
1029 4945 1218 5012 Israel,
1249 4956 1306 5002 et
1327 4950 1596 5021 accipiant
1614 4951 1713 5006 tibi
1741 4953 1924 5007 oleum
1947 4968 2167 5022 purum,

591 5042 884 5092 contusum
933 5035 1002 5091 ad
1052 5037 1262 5104 lumen,
1314 5047 1376 5094 ut
1411 5040 1604 5096 ardeat
1639 5042 1867 5098 lucerna
1905 5051 2171 5114 perpetuo

591 5136 746 5182 extra
774 5127 1028 5184 velamen
1066 5129 1122 5184 in
1147 5129 1500 5186 tabernaculo
1526 5133 1860 5201 testimonii;
1900 5143 1957 5190 et
1983 5150 2174 5192 accen-

592 5218 687 5273 det
731 5219 864 5274 illud
898 5220 1082 5276 Aaron
1119 5229 1176 5276 et
1207 5219 1304 5276 ﬁlii
1351 5223 1471 5292 ejus
1503 5237 1535 5277 a
1563 5238 1790 5296 vespera
1811 5241 1985 5296 usque
2013 5241 2174 5281 mane

595 5311 649 5364 in
676 5323 971 5384 conspectu
1023 5315 1240 5370 Domini
1282 5315 1508 5387 iugiter,
1545 5315 1850 5388 legitimum
1878 5319 2170 5389 sempiter-

595 5416 725 5456 num
757 5404 813 5458 in
849 5408 1141 5478 progenies
1175 5415 1407 5465 vestras.
1450 5409 1510 5462 In
1546 5409 1874 5465 candelabro
1906 5425 2045 5480 puro
2073 5425 2166 5464 ac-

595 5491 839 5547 cendetis
888 5495 1141 5551 lucernas
1189 5511 1370 5551 coram
1422 5497 1654 5552 Domino
1689 5512 1866 5568 usque
1892 5512 2072 5561 mane,
2111 5505 2168 5552 et

594 5579 876 5650 accipietis
889 5583 1144 5650 similam,
1162 5593 1218 5640 et
1241 5585 1452 5642 facietis
1478 5603 1545 5642 ex
1564 5603 1628 5642 ea
1655 5586 1942 5644 duodecim
1961 5603 2162 5660 panes;

697 5697 742 5728 "
783 5705 912 5750 an.
948 5713 1018 5762 χι,
1046 5697 1134 5760 ‘29,
1163 5698 1251 5752 30.
1352 5701 1398 5734 ⁷³
1425 5700 1590 5754 ICor.
1630 5717 1716 5765 xv,
1741 5701 1809 5755 20

2278 3220 2354 3282 ὡς
2375 3218 2434 3271 ἐν
2455 3215 2636 3271 πίστει
2661 3213 2870 3277 δεκτὸν,
2889 3213 2950 3268 τὸ
2981 3211 3055 3284 μὴ
3073 3209 3343 3275 ἀνικάνως
3368 3209 3513 3281 ἔχειν
3536 3211 3635 3281 τήν
3662 3209 3860 3282 ῥάϐδον

2277 3310 2376 3382 τὴν
2407 3308 2673 3381 καρυῖνην
2703 3305 2936 3362 ἀΰπνίαν
2969 3305 2994 3357 ὲ
3006 3305 3238 3376 μποιεῖν,
3273 3304 3324 3356 εἰ
3351 3301 3490 3374 πρός
3520 3319 3585 3372 γε
3623 3300 3696 3354 τὸ
3725 3301 3860 3371 κάρα

2279 3403 2459 3459 κέοιτό
2480 3416 2661 3468 τινων,
2684 3399 2824 3472 τάχα
2843 3414 2948 3452 που
2968 3395 3231 3468 δυνάμεσι
3251 3396 3508 3464 φυσικαῖς
3529 3391 3860 3464 ἐνεργοῦσαν

2276 3495 2337 3550 τὸ
2364 3495 2553 3567 χρῆμα
2579 3491 2719 3548 κατά
2749 3491 2968 3562 θέλησιν
2997 3487 3154 3561 Θεοῦ.
3188 3485 3526 3541 Πιστὼσεται
3549 3484 3608 3538 δέ
3635 3501 3763 3548 πως
3786 3485 3858 3548 εἰς

2275 3584 2434 3638 τοῦτο
2462 3585 2608 3654 ἡμᾶς
2631 3582 2724 3638 καὶ
2744 3581 2908 3644 αὐτὸς
2929 3580 3105 3649 λέγων
3149 3577 3286 3649 πρὸς
3328 3574 3602 3648 Ἰερεμίαν
3630 3576 3660 3628 ό
3690 3574 3861 3628 πάντα

2277 3675 2464 3740 εἰδὼς,
2517 3675 2610 3729 καὶ
2653 3673 2760 3728 τῶν
2815 3673 2953 3728 ὅλων
2997 3668 3358 3744 Δημιουργός’
3408 3685 3428 3718 Ι
3468 3666 3535 3720 Τί
3578 3667 3644 3720 σὺ
3697 3667 3857 3738 ὁρᾷς,

2289 3767 2546 3841 Ἱερεμίας
2575 3789 2590 3818 ι
2613 3765 2673 3821 Ὀ
2687 3765 2792 3830 δὲ..
2815 3765 2996 3834 Βακτη
3003 3765 3128 3835 ρίαν
3157 3781 3176 3813 ι
3195 3761 3400 3830 λέγων(
3424 3759 3716 3832 καρυτνην·
3771 3756 3859 3809 καὶ

2275 3860 2341 3933 δή
2370 3861 2505 3932 πρὸς
2523 3858 2682 3914 τοῦτο
2707 3856 2861 3924 Θεός;
2913 3874 2934 3909 ε
2955 3855 3160 3926 Ὀρθῶς
3188 3853 3460 3926 ἑώρακας,
3489 3871 3508 3903 ι
3531 3850 3703 3923 φησὶν
3737 3868 3756 3902 ι
3782 3849 3859 3907 ὅτι

2277 3952 2388 4022 ἐγὼ
2416 3953 2693 4024 ὲγρήγορα
2719 3949 2811 4003 ἐπὶ
2837 3949 2966 4013 τοὺς
2995 3947 3186 4016 λόγους
3225 3963 3350 4018 μου,
3386 3946 3478 3998 τοῦ
3501 3944 3733 4015 ποιῆσαι
3761 3941 3858 3996 αύ-

2275 4043 2420 4107 τούς.
2458 4061 2478 4092 ι
2519 4039 2780 4104 Ἀὓπνίας
2807 4034 2902 4092 οὖν
2933 4037 3042 4108 ἄρα
3071 4036 3338 4108 σύμϐολον
3363 4035 3522 4092 νοοῖτ⁹
3550 4033 3617 4088 ἂν
3631 4034 3857 4095 εἰκότως

2275 4135 2310 4206 ή
2353 4132 2547 4206 ῥάϐδος
2577 4135 2612 4204 ή
2646 4131 2899 4202 καρυῒνη.
2935 4129 3280 4202 Γρηγόρησις
3302 4129 3358 4183 δὲ
3384 4129 3572 4198 ὥσπερ
3603 4125 3663 4192 ἐξ
3689 4127 3854 4180 ὕπνου

2274 4225 2498 4295 γέγονεν
2522 4225 2556 4296 ή
2583 4225 2649 4278 ὲκ
2675 4221 2884 4293 νεκρῶν
2907 4220 3201 4284 ἀναϐίωσις
3226 4218 3321 4273 τοῦ
3341 4217 3599 4290 Χριστοῦ.
3623 4217 3854 4288 Τοιγάρο

2274 4334 2355 4372 τοι
2383 4315 2479 4370 καὶ
2503 4313 2592 4368 διὰ
2622 4312 2723 4382 τῆς
2755 4310 2850 4364 τοῦ
2881 4310 3191 4374 Ψάλλοντος
3217 4309 3387 4382 λύρας
3415 4307 3608 4380 φησίν·
3645 4324 3664 4358 ι
3715 4303 3854 4374 Ἐγὼ

2274 4404 2573 4477 ὲκοιμήθην
2610 4402 2703 4457 καὶ
2727 4401 2970 4469 ὕπνωσα,
3007 4399 3341 4473 ὲξηγέρθην,
3381 4401 3463 4454 ὅτι
3499 4397 3707 4470 Κύριος
3730 4397 3856 4450 ἀντ-

465 4506 472 4511 ·
591 4490 711 4560 cepi
761 4505 774 4543 :
806 4489 1082 4560 evigilavi,
1123 4491 1250 4561 quia
1299 4491 1564 4549 Dominus
1601 4494 1842 4566 suscepit
1865 4509 1952 4550 me
1980 4495 2046 4551 ".
2083 4514 2104 4549 ι

2283 4497 2506 4555 ελάϐετό
2537 4512 2660 4569 μου.
2701 4513 2721 4546 ι

2338 4589 2548 4645 ΠΛΛΛ.
2595 4585 2826 4658 Ἀληθής
2847 4586 2875 4639 ό
2902 4583 3079 4654 λόγος.

2340 4681 2503 4737 ΚΥΡ.
2533 4678 2743 4750 Λύχνου
2767 4677 2825 4730 δὲ
2857 4677 2951 4731 καὶ
2982 4675 3262 4746 τραπέζης
3289 4674 3437 4746 πέρι,
3471 4673 3576 4744 τῆς
3604 4671 3662 4725 ἔν
3689 4687 3756 4739 γε
3783 4669 3848 4738 τῇ

2270 4773 2464 4846 πρώτῃ
2497 4773 2692 4842 σκηνῇ,
2726 4768 3035 4840 γέγραπται
3062 4765 3224 4820 πάλιν
3253 4765 3370 4819 ὡδί·
3413 4785 3433 4818 ί
3481 4764 3591 4818 Kal.
3621 4761 3850 4832 ὲλάλησε

2271 4866 2475 4936 Κύριος
2523 4861 2660 4934 πρὸς
2711 4859 2917 4930 Μωσῆν
2959 4857 3158 4926 λέγων’
3222 4857 3495 4910 Ἐντειλαι
3547 4859 3658 4919 τοῖς
3713 4855 3850 4916 υἱοῖς

2278 4956 2519 5028 Ἰσραὴλ,
2553 4944 2648 5008 καὶ
2677 4951 2990 5006 λαϐέτωσαν
3016 4949 3190 5003 ἔλαιον
3216 4947 3477 5022 καθαρὸν,
3511 4944 3852 5017 κεκομμένον

2269 5049 2348 5112 εἰς
2378 5045 2516 5116 φῶς,
2549 5043 2746 5098 καῦσαι
2775 5041 2966 5114 λύχνον
2990 5041 3304 5107 διαπαντὸς,
3337 5041 3535 5108 ἔξωθεν
3563 5037 3654 5092 τοῦ
3683 5052 3852 5090 κατα-

2271 5137 2614 5208 πετάσματος
2638 5136 2697 5188 εν
2723 5137 2788 5206 τῇ
2812 5137 2982 5206 σκηνῇ
3002 5134 3096 5188 τοῦ
3124 5133 3425 5207 μαρτυρίου
3451 5151 3466 5164 ο
3494 5131 3588 5188 καὶ
3613 5130 3850 5184 καύσουεο

2273 5247 2357 5284 σιν
2385 5228 2514 5282 αὐτὸ
2553 5224 2762 5298 Ἀαρὼν
2791 5227 2885 5280 καὶ
2917 5229 2964 5279 οἱ
2999 5227 3104 5280 υἱοὶ
3131 5226 3298 5281 αὐτοῦ
3331 5225 3440 5280 ἀπὸ
3471 5223 3710 5295 ἑσπέρας
3745 5221 3850 5282 ἕως

2273 5318 2418 5392 πρωῒ
2445 5318 2674 5373 ἐνώπιον
2702 5317 2908 5390 Κυρίου
2934 5318 3246 5398 ἐνδελεχῶς,
3271 5319 3502 5391 νόμιμον
3534 5313 3751 5372 αἰώνιον
3771 5311 3850 5372 είς

2272 5411 2372 5474 τὰς
2397 5410 2590 5479 γενεάς
2634 5409 2808 5480 ὑμῶν.
2875 5410 3000 5465 Ἐπὶ
3046 5412 3148 5482 τῆς
3194 5410 3418 5484 λυχνίας
3459 5409 3560 5480 τῆς
3599 5405 3849 5475 καθαρᾶς

2271 5501 2501 5556 καύσετε
2521 5500 2646 5564 τοὺς
2659 5499 2885 5572 λύχνους
2905 5502 3143 5556 ἐναντίον
3157 5500 3362 5574 Κυρίου
3377 5501 3484 5566 ἓως
3502 5501 3584 5564 είς
3605 5496 3660 5552 τὸ
3674 5491 3846 5566 πρωΐ.

2272 5590 2383 5644 Kal
2411 5589 2642 5662 λήψεσθε
2677 5590 2954 5661 σεμίδαλιν
2975 5632 2990 5656 ,
3032 5593 3126 5646 καὶ
3157 5593 3410 5665 ποιήσετε
3444 5589 3612 5662 αὐτὴν
3636 5584 3849 5642 δώδεκα

1907 5701 1950 5733 ⁷³
1984 5701 2151 5756 Hebr.
2182 5719 2274 5768 vn,
2301 5701 2390 5756 26.
2469 5703 2515 5735 ⁷⁸
2545 5703 2655 5758 Jer.
2683 5719 2720 5771 ι,
2751 5704 2810 5758 ll
2873 5704 2954 5758 12.
2989 5707 3036 5738 ⁷⁸
3066 5706 3207 5761 l’sal.
3241 5721 3318 5773 ιιι,
3355 5706 3408 5760 6.
