  <div class='ocr_page' id='page_1' title='image "/cluster/home/n/w/nwhite01/storage/ocr_20150623/68/mdp.39015078384438/346.png"; bbox 0 0 4142 6296; ppageno 0'>
   <div class='ocr_carea' id='block_1_1' title="bbox 382 296 486 353">
    <p class='ocr_par' dir='ltr' id='par_1_1' title="bbox 382 296 486 353">
     <span class='ocr_line' id='line_1_1' title="bbox 382 296 486 353; baseline -0.019 0"><span class='ocrx_word' id='word_1_1' title='bbox 382 296 486 353; x_wconf 67' lang='grc' dir='ltr'><strong>θ’τῖ</strong></span> 
     </span>
    </p>
   </div>
   <div class='ocr_carea' id='block_1_2' title="bbox 1129 279 3645 344">
    <p class='ocr_par' dir='ltr' id='par_1_2' title="bbox 1129 279 3645 344">
     <span class='ocr_line' id='line_1_2' title="bbox 1129 279 3645 344; baseline -0.004 1"><span class='ocrx_word' id='word_1_2' title='bbox 1129 290 1218 344; x_wconf 86' lang='lat' dir='ltr'><strong>DE</strong></span> <span class='ocrx_word' id='word_1_3' title='bbox 1258 283 1697 344; x_wconf 78' lang='lat' dir='ltr'><strong>ADORATIONE</strong></span> <span class='ocrx_word' id='word_1_4' title='bbox 1738 283 1806 339; x_wconf 84' lang='lat' dir='ltr'><strong>IN</strong></span> <span class='ocrx_word' id='word_1_5' title='bbox 1848 280 2119 339; x_wconf 80' lang='lat' dir='ltr'><strong>SPIRITU</strong></span> <span class='ocrx_word' id='word_1_6' title='bbox 2158 279 2249 336; x_wconf 87' lang='lat' dir='ltr'><strong>ET</strong></span> <span class='ocrx_word' id='word_1_7' title='bbox 2292 280 2660 338; x_wconf 75' lang='lat' dir='ltr'><strong>VERITATE.</strong></span> <span class='ocrx_word' id='word_1_8' title='bbox 2698 281 2826 337; x_wconf 84' lang='lat' dir='ltr'><strong>LIB.</strong></span> <span class='ocrx_word' id='word_1_9' title='bbox 2870 281 2938 337; x_wconf 83' lang='grc' dir='ltr'>Χ.</span> <span class='ocrx_word' id='word_1_10' title='bbox 3542 281 3645 337; x_wconf 74' lang='lat'><strong>673</strong></span> 
     </span>
    </p>
   </div>
   <div class='ocr_carea' id='block_1_3' title="bbox 385 384 1977 485">
    <p class='ocr_par' dir='ltr' id='par_1_3' title="bbox 385 402 1975 485">
     <span class='ocr_line' id='line_1_3' title="bbox 385 402 1975 485; baseline -0.013 -17"><span class='ocrx_word' id='word_1_11' title='bbox 385 416 611 485; x_wconf 82' lang='grc' dir='ltr'>ἄρτους.</span> <span class='ocrx_word' id='word_1_12' title='bbox 643 411 747 465; x_wconf 84' lang='grc' dir='ltr'>Δύο</span> <span class='ocrx_word' id='word_1_13' title='bbox 785 406 1025 463; x_wconf 79' lang='grc' dir='ltr'>δεκάτων</span> <span class='ocrx_word' id='word_1_14' title='bbox 1068 405 1221 461; x_wconf 80' lang='grc' dir='ltr'>ἔσται</span> <span class='ocrx_word' id='word_1_15' title='bbox 1260 406 1289 457; x_wconf 85' lang='grc' dir='ltr'><strong>ὁ</strong></span> <span class='ocrx_word' id='word_1_16' title='bbox 1323 405 1485 477; x_wconf 79' lang='grc' dir='ltr'>ἄρτος</span> <span class='ocrx_word' id='word_1_17' title='bbox 1529 406 1559 459; x_wconf 87' lang='grc' dir='ltr'><strong>ὁ</strong></span> <span class='ocrx_word' id='word_1_18' title='bbox 1592 402 1692 468; x_wconf 77' lang='grc' dir='ltr'>εἷς,</span> <span class='ocrx_word' id='word_1_19' title='bbox 1728 404 1822 458; x_wconf 71' lang='grc' dir='ltr'>καὶ</span> <span class='ocrx_word' id='word_1_20' title='bbox 1852 404 1975 456; x_wconf 73' lang='grc' dir='ltr'>ἐπι.</span> 
     </span>
    </p>
   </div>
   <div class='ocr_carea' id='block_1_4' title="bbox 2079 384 3649 485">
    <p class='ocr_par' dir='ltr' id='par_1_4' title="bbox 2079 384 3649 470">
     <span class='ocr_line' id='line_1_4' title="bbox 2079 384 3649 470; baseline 0.001 -15"><span class='ocrx_word' id='word_1_21' title='bbox 2079 415 2141 455; x_wconf 80' lang='lat' dir='ltr'><strong>ex</strong></span> <span class='ocrx_word' id='word_1_22' title='bbox 2168 399 2384 456; x_wconf 88' lang='lat' dir='ltr'><strong>duabus</strong></span> <span class='ocrx_word' id='word_1_23' title='bbox 2413 399 2642 456; x_wconf 85' lang='lat' dir='ltr'><strong>decimis</strong></span> <span class='ocrx_word' id='word_1_24' title='bbox 2686 384 2793 456; x_wconf 83' lang='lat' dir='ltr'><strong>erit</strong></span> <span class='ocrx_word' id='word_1_25' title='bbox 2842 400 3001 470; x_wconf 89' lang='lat' dir='ltr'><strong>panis</strong></span> <span class='ocrx_word' id='word_1_26' title='bbox 3050 413 3233 455; x_wconf 92' lang='lat' dir='ltr'><strong>unus:</strong></span> <span class='ocrx_word' id='word_1_27' title='bbox 3267 407 3323 454; x_wconf 93' lang='lat' dir='ltr'><strong>et</strong></span> <span class='ocrx_word' id='word_1_28' title='bbox 3351 398 3649 470; x_wconf 79' lang='lat' dir='ltr'><strong>imponetis</strong></span> 
     </span>
    </p>
   </div>
   <div class='ocr_carea' id='block_1_5' title="bbox 385 494 1965 576">
    <p class='ocr_par' dir='ltr' id='par_1_5' title="bbox 385 494 1965 576">
     <span class='ocr_line' id='line_1_5' title="bbox 385 494 1965 576; baseline -0.007 -19"><span class='ocrx_word' id='word_1_29' title='bbox 385 505 583 576; x_wconf 80' lang='grc' dir='ltr'><strong>θήσετε</strong></span> <span class='ocrx_word' id='word_1_30' title='bbox 614 500 810 564; x_wconf 81' lang='grc' dir='ltr'>αὐτοὺς</span> <span class='ocrx_word' id='word_1_31' title='bbox 838 495 931 550; x_wconf 82' lang='grc' dir='ltr'><strong>δύο</strong></span> <span class='ocrx_word' id='word_1_32' title='bbox 953 494 1188 564; x_wconf 81' lang='grc' dir='ltr'><strong>θέματα,</strong></span> <span class='ocrx_word' id='word_1_33' title='bbox 1223 495 1282 560; x_wconf 82' lang='grc' dir='ltr'><strong>ἒξ</strong></span> <span class='ocrx_word' id='word_1_34' title='bbox 1309 494 1506 566; x_wconf 78' lang='grc' dir='ltr'><strong>ἄρτους</strong></span> <span class='ocrx_word' id='word_1_35' title='bbox 1532 495 1594 548; x_wconf 78' lang='grc' dir='ltr'>τὸ</span> <span class='ocrx_word' id='word_1_36' title='bbox 1622 495 1680 548; x_wconf 78' lang='grc' dir='ltr'>ἓν</span> <span class='ocrx_word' id='word_1_37' title='bbox 1705 494 1846 565; x_wconf 83' lang='grc' dir='ltr'>θέμα</span> <span class='ocrx_word' id='word_1_38' title='bbox 1873 494 1965 546; x_wconf 76' lang='grc' dir='ltr'><strong>ἐπὶ</strong></span> 
     </span>
    </p>
   </div>
   <div class='ocr_carea' id='block_1_6' title="bbox 385 583 1964 662">
    <p class='ocr_par' dir='ltr' id='par_1_6' title="bbox 385 583 1964 662">
     <span class='ocr_line' id='line_1_6' title="bbox 385 583 1964 662; baseline -0.007 -16"><span class='ocrx_word' id='word_1_39' title='bbox 385 593 482 660; x_wconf 67' lang='grc' dir='ltr'>τὴν</span> <span class='ocrx_word' id='word_1_40' title='bbox 508 589 790 662; x_wconf 79' lang='grc' dir='ltr'>τράπεζαν</span> <span class='ocrx_word' id='word_1_41' title='bbox 830 586 928 657; x_wconf 81' lang='grc' dir='ltr'>τὴν</span> <span class='ocrx_word' id='word_1_42' title='bbox 974 584 1219 652; x_wconf 78' lang='grc' dir='ltr'>καθαρὰν</span> <span class='ocrx_word' id='word_1_43' title='bbox 1252 584 1431 637; x_wconf 76' lang='grc' dir='ltr'>ἔναντι</span> <span class='ocrx_word' id='word_1_44' title='bbox 1469 584 1695 655; x_wconf 87' lang='grc' dir='ltr'>Κυρίου,</span> <span class='ocrx_word' id='word_1_45' title='bbox 1723 583 1816 637; x_wconf 75' lang='grc' dir='ltr'>καὶ</span> <span class='ocrx_word' id='word_1_46' title='bbox 1841 584 1964 636; x_wconf 86' lang='grc' dir='ltr'><strong>ὲπι-</strong></span> 
     </span>
    </p>
   </div>
   <div class='ocr_carea' id='block_1_7' title="bbox 384 671 1966 754">
    <p class='ocr_par' dir='ltr' id='par_1_7' title="bbox 384 671 1966 754">
     <span class='ocr_line' id='line_1_7' title="bbox 384 671 1966 754; baseline -0.007 -18"><span class='ocrx_word' id='word_1_47' title='bbox 384 683 579 754; x_wconf 78' lang='grc' dir='ltr'><strong>θήσετε</strong></span> <span class='ocrx_word' id='word_1_48' title='bbox 618 679 713 732; x_wconf 71' lang='grc' dir='ltr'><strong>ἐπὶ</strong></span> <span class='ocrx_word' id='word_1_49' title='bbox 752 677 816 731; x_wconf 80' lang='grc' dir='ltr'>τὸ</span> <span class='ocrx_word' id='word_1_50' title='bbox 850 677 994 749; x_wconf 82' lang='grc' dir='ltr'>θέμα</span> <span class='ocrx_word' id='word_1_51' title='bbox 1041 676 1258 731; x_wconf 72' lang='grc' dir='ltr'>λίϐανον</span> <span class='ocrx_word' id='word_1_52' title='bbox 1302 675 1542 746; x_wconf 74' lang='grc' dir='ltr'>καθαρὸν</span> <span class='ocrx_word' id='word_1_53' title='bbox 1580 675 1676 729; x_wconf 77' lang='grc' dir='ltr'>καὶ</span> <span class='ocrx_word' id='word_1_54' title='bbox 1713 673 1839 739; x_wconf 79' lang='grc' dir='ltr'>ἀλα,</span> <span class='ocrx_word' id='word_1_55' title='bbox 1871 671 1966 726; x_wconf 75' lang='grc' dir='ltr'>καὶ</span> 
     </span>
    </p>
   </div>
   <div class='ocr_carea' id='block_1_8' title="bbox 380 762 1965 838">
    <p class='ocr_par' dir='ltr' id='par_1_8' title="bbox 380 762 1965 838">
     <span class='ocr_line' id='line_1_8' title="bbox 380 762 1965 838; baseline -0.004 -16"><span class='ocrx_word' id='word_1_56' title='bbox 380 773 597 825; x_wconf 85' lang='grc' dir='ltr'>ἔσονται</span> <span class='ocrx_word' id='word_1_57' title='bbox 651 769 733 832; x_wconf 82' lang='grc' dir='ltr'><strong>είς</strong></span> <span class='ocrx_word' id='word_1_58' title='bbox 769 768 972 838; x_wconf 79' lang='grc' dir='ltr'><strong>ἄρτους</strong></span> <span class='ocrx_word' id='word_1_59' title='bbox 1024 769 1103 829; x_wconf 87' lang='grc' dir='ltr'><strong>είς</strong></span> <span class='ocrx_word' id='word_1_60' title='bbox 1149 767 1453 837; x_wconf 84' lang='grc' dir='ltr'>ἀνάμνησιν</span> <span class='ocrx_word' id='word_1_61' title='bbox 1503 763 1838 835; x_wconf 79' lang='grc' dir='ltr'><strong>προκείμενα</strong></span> <span class='ocrx_word' id='word_1_62' title='bbox 1885 762 1965 833; x_wconf 83' lang='grc' dir='ltr'>τῷ</span> 
     </span>
    </p>
   </div>
   <div class='ocr_carea' id='block_1_9' title="bbox 381 853 1964 933">
    <p class='ocr_par' dir='ltr' id='par_1_9' title="bbox 381 853 1964 933">
     <span class='ocr_line' id='line_1_9' title="bbox 381 853 1964 933; baseline -0.006 -16"><span class='ocrx_word' id='word_1_63' title='bbox 381 862 596 933; x_wconf 83' lang='grc' dir='ltr'>Κυρίῳ.</span> <span class='ocrx_word' id='word_1_64' title='bbox 636 860 716 931; x_wconf 83' lang='grc' dir='ltr'><strong>Τῇ</strong></span> <span class='ocrx_word' id='word_1_65' title='bbox 757 858 942 929; x_wconf 72' lang='grc' dir='ltr'>ἡμέρᾳ</span> <span class='ocrx_word' id='word_1_66' title='bbox 985 857 1094 911; x_wconf 84' lang='grc' dir='ltr'><strong>τῶν</strong></span> <span class='ocrx_word' id='word_1_67' title='bbox 1139 857 1421 911; x_wconf 77' lang='grc' dir='ltr'>σαϐϐάτων</span> <span class='ocrx_word' id='word_1_68' title='bbox 1450 855 1752 927; x_wconf 77' lang='grc' dir='ltr'>προθήσετε</span> <span class='ocrx_word' id='word_1_69' title='bbox 1785 853 1964 908; x_wconf 74' lang='grc' dir='ltr'>ἔναντι</span> 
     </span>
    </p>
   </div>
   <div class='ocr_carea' id='block_1_10' title="bbox 383 943 1965 1024">
    <p class='ocr_par' dir='ltr' id='par_1_10' title="bbox 383 943 1965 1024">
     <span class='ocr_line' id='line_1_10' title="bbox 383 943 1965 1024; baseline -0.007 -17"><span class='ocrx_word' id='word_1_70' title='bbox 383 953 593 1024; x_wconf 79' lang='grc' dir='ltr'><strong>Κυρίου</strong></span> <span class='ocrx_word' id='word_1_71' title='bbox 626 948 918 1012; x_wconf 83' lang='grc' dir='ltr'>διαπαντὸς</span> <span class='ocrx_word' id='word_1_72' title='bbox 957 945 1187 1001; x_wconf 74' lang='grc' dir='ltr'>ἐνώπιον</span> <span class='ocrx_word' id='word_1_73' title='bbox 1226 947 1334 1001; x_wconf 86' lang='grc' dir='ltr'>τῶν</span> <span class='ocrx_word' id='word_1_74' title='bbox 1380 946 1512 1002; x_wconf 83' lang='grc' dir='ltr'>υίῶν</span> <span class='ocrx_word' id='word_1_75' title='bbox 1561 944 1804 1016; x_wconf 79' lang='grc' dir='ltr'>Ἰσραὴλ,</span> <span class='ocrx_word' id='word_1_76' title='bbox 1851 943 1965 997; x_wconf 81' lang='grc' dir='ltr'>δια-</span> 
     </span>
    </p>
   </div>
   <div class='ocr_carea' id='block_1_11' title="bbox 387 1033 1962 1115">
    <p class='ocr_par' dir='ltr' id='par_1_11' title="bbox 387 1033 1962 1115">
     <span class='ocr_line' id='line_1_11' title="bbox 387 1033 1962 1115; baseline -0.007 -18"><span class='ocrx_word' id='word_1_77' title='bbox 387 1044 562 1115; x_wconf 76' lang='grc' dir='ltr'>θήκην</span> <span class='ocrx_word' id='word_1_78' title='bbox 589 1040 827 1095; x_wconf 76' lang='grc' dir='ltr'>αίώνιον³</span> <span class='ocrx_word' id='word_1_79' title='bbox 850 1037 947 1091; x_wconf 71' lang='grc' dir='ltr'>καὶ</span> <span class='ocrx_word' id='word_1_80' title='bbox 973 1037 1125 1090; x_wconf 75' lang='grc' dir='ltr'>ἔσται</span> <span class='ocrx_word' id='word_1_81' title='bbox 1141 1035 1351 1107; x_wconf 87' lang='grc' dir='ltr'>Ἀαρὼν</span> <span class='ocrx_word' id='word_1_82' title='bbox 1376 1038 1470 1090; x_wconf 77' lang='grc' dir='ltr'>καὶ</span> <span class='ocrx_word' id='word_1_83' title='bbox 1494 1038 1606 1097; x_wconf 80' lang='grc' dir='ltr'>τοῖς</span> <span class='ocrx_word' id='word_1_84' title='bbox 1620 1037 1751 1097; x_wconf 76' lang='grc' dir='ltr'>υἱοῖς</span> <span class='ocrx_word' id='word_1_85' title='bbox 1774 1033 1962 1098; x_wconf 82' lang='grc' dir='ltr'>αὑτοῦ,</span> 
     </span>
    </p>
   </div>
   <div class='ocr_carea' id='block_1_12' title="bbox 389 1124 1964 1202">
    <p class='ocr_par' dir='ltr' id='par_1_12' title="bbox 389 1124 1964 1202">
     <span class='ocr_line' id='line_1_12' title="bbox 389 1124 1964 1202; baseline -0.008 -14"><span class='ocrx_word' id='word_1_86' title='bbox 389 1135 483 1188; x_wconf 70' lang='grc' dir='ltr'>καὶ</span> <span class='ocrx_word' id='word_1_87' title='bbox 512 1134 773 1202; x_wconf 78' lang='grc' dir='ltr'>φάγονται</span> <span class='ocrx_word' id='word_1_88' title='bbox 805 1128 944 1182; x_wconf 87' lang='grc' dir='ltr'>αὑτά</span> <span class='ocrx_word' id='word_1_89' title='bbox 1003 1127 1064 1180; x_wconf 83' lang='grc' dir='ltr'>ὲν</span> <span class='ocrx_word' id='word_1_90' title='bbox 1101 1127 1252 1197; x_wconf 87' lang='grc' dir='ltr'>τόπῳ</span> <span class='ocrx_word' id='word_1_91' title='bbox 1284 1126 1449 1197; x_wconf 77' lang='grc' dir='ltr'>ἀγίῳο</span> <span class='ocrx_word' id='word_1_92' title='bbox 1503 1124 1618 1179; x_wconf 71' lang='grc' dir='ltr'>ἔστι</span> <span class='ocrx_word' id='word_1_93' title='bbox 1651 1125 1759 1196; x_wconf 85' lang='grc' dir='ltr'>γὰρ</span> <span class='ocrx_word' id='word_1_94' title='bbox 1798 1124 1964 1192; x_wconf 79' lang='grc' dir='ltr'>Ἀγια</span> 
     </span>
    </p>
   </div>
   <div class='ocr_carea' id='block_1_13' title="bbox 387 1212 1965 1291">
    <p class='ocr_par' dir='ltr' id='par_1_13' title="bbox 387 1212 1965 1291">
     <span class='ocr_line' id='line_1_13' title="bbox 387 1212 1965 1291; baseline -0.008 -13"><span class='ocrx_word' id='word_1_95' title='bbox 387 1225 495 1278; x_wconf 85' lang='grc' dir='ltr'><strong>τῶν</strong></span> <span class='ocrx_word' id='word_1_96' title='bbox 538 1221 730 1291; x_wconf 81' lang='grc' dir='ltr'>ἁγίων.</span> <span class='ocrx_word' id='word_1_97' title='bbox 765 1218 936 1272; x_wconf 86' lang='grc' dir='ltr'>Τοῦτο</span> <span class='ocrx_word' id='word_1_98' title='bbox 980 1215 1130 1288; x_wconf 80' lang='grc' dir='ltr'>αὐτῷ</span> <span class='ocrx_word' id='word_1_99' title='bbox 1161 1215 1269 1269; x_wconf 70' lang='grc' dir='ltr'>ἀπὸ</span> <span class='ocrx_word' id='word_1_100' title='bbox 1314 1216 1423 1269; x_wconf 85' lang='grc' dir='ltr'><strong>τῶν</strong></span> <span class='ocrx_word' id='word_1_101' title='bbox 1453 1213 1858 1284; x_wconf 76' lang='grc' dir='ltr'>θυσιαζομένων</span> <span class='ocrx_word' id='word_1_102' title='bbox 1888 1212 1965 1284; x_wconf 85' lang='grc' dir='ltr'><strong>τῷ</strong></span> 
     </span>
    </p>
   </div>
   <div class='ocr_carea' id='block_1_14' title="bbox 386 1299 1963 1384">
    <p class='ocr_par' dir='ltr' id='par_1_14' title="bbox 386 1299 1963 1384">
     <span class='ocr_line' id='line_1_14' title="bbox 386 1299 1963 1384; baseline -0.01 -16"><span class='ocrx_word' id='word_1_103' title='bbox 386 1313 577 1384; x_wconf 83' lang='grc' dir='ltr'>Κυρίῳ</span> <span class='ocrx_word' id='word_1_104' title='bbox 598 1351 613 1376; x_wconf 89' lang='grc'><strong>,</strong></span> <span class='ocrx_word' id='word_1_105' title='bbox 646 1311 877 1381; x_wconf 88' lang='grc' dir='ltr'>νόμιμον</span> <span class='ocrx_word' id='word_1_106' title='bbox 907 1307 1145 1360; x_wconf 79' lang='grc' dir='ltr'>αἰώνιον.</span> <span class='ocrx_word' id='word_1_107' title='bbox 1188 1325 1207 1358; x_wconf 77' lang='grc' dir='ltr'><strong>ι</strong></span> <span class='ocrx_word' id='word_1_108' title='bbox 1238 1304 1492 1377; x_wconf 79' lang='grc' dir='ltr'>Καθαρὸν</span> <span class='ocrx_word' id='word_1_109' title='bbox 1518 1299 1614 1357; x_wconf 84' lang='grc' dir='ltr'><strong>οῦν</strong></span> <span class='ocrx_word' id='word_1_110' title='bbox 1656 1301 1718 1356; x_wconf 79' lang='grc' dir='ltr'>τὸ</span> <span class='ocrx_word' id='word_1_111' title='bbox 1755 1302 1963 1364; x_wconf 80' lang='grc' dir='ltr'>ἔλαιον,</span> 
     </span>
    </p>
   </div>
   <div class='ocr_carea' id='block_1_15' title="bbox 388 1392 1966 1474">
    <p class='ocr_par' dir='ltr' id='par_1_15' title="bbox 388 1392 1966 1474">
     <span class='ocr_line' id='line_1_15' title="bbox 388 1392 1966 1474; baseline -0.01 -14"><span class='ocrx_word' id='word_1_112' title='bbox 388 1405 482 1461; x_wconf 74' lang='grc' dir='ltr'>καὶ</span> <span class='ocrx_word' id='word_1_113' title='bbox 517 1404 622 1474; x_wconf 80' lang='grc' dir='ltr'>μὴν</span> <span class='ocrx_word' id='word_1_114' title='bbox 653 1401 749 1455; x_wconf 75' lang='grc' dir='ltr'>καὶ</span> <span class='ocrx_word' id='word_1_115' title='bbox 778 1398 1011 1465; x_wconf 69' lang='grc' dir='ltr'>ἐλάϊνον,</span> <span class='ocrx_word' id='word_1_116' title='bbox 1041 1397 1191 1451; x_wconf 87' lang='grc' dir='ltr'>τοῦτ’</span> <span class='ocrx_word' id='word_1_117' title='bbox 1227 1395 1397 1459; x_wconf 79' lang='grc' dir='ltr'>ἔστιν,</span> <span class='ocrx_word' id='word_1_118' title='bbox 1434 1393 1495 1459; x_wconf 69' lang='grc' dir='ltr'><strong>ἐξ</strong></span> <span class='ocrx_word' id='word_1_119' title='bbox 1521 1392 1738 1456; x_wconf 75' lang='grc' dir='ltr'>ἐλαιῶν,</span> <span class='ocrx_word' id='word_1_120' title='bbox 1779 1393 1879 1447; x_wconf 83' lang='grc' dir='ltr'>οὐκ</span> <span class='ocrx_word' id='word_1_121' title='bbox 1906 1392 1966 1458; x_wconf 78' lang='grc' dir='ltr'>ἐξ</span> 
     </span>
    </p>
   </div>
   <div class='ocr_carea' id='block_1_16' title="bbox 389 1479 1965 1572">
    <p class='ocr_par' dir='ltr' id='par_1_16' title="bbox 389 1479 1965 1572">
     <span class='ocr_line' id='line_1_16' title="bbox 389 1479 1965 1572; baseline -0.011 -18"><span class='ocrx_word' id='word_1_122' title='bbox 389 1494 702 1572; x_wconf 74' lang='grc' dir='ltr'>ὲτεροειδῶν</span> <span class='ocrx_word' id='word_1_123' title='bbox 723 1491 1052 1563; x_wconf 78' lang='grc' dir='ltr'>σπερμάτων</span> <span class='ocrx_word' id='word_1_124' title='bbox 1072 1490 1169 1544; x_wconf 73' lang='grc' dir='ltr'>καὶ</span> <span class='ocrx_word' id='word_1_125' title='bbox 1192 1485 1594 1559; x_wconf 77' lang='grc' dir='ltr'>γεωδεστέρων,</span> <span class='ocrx_word' id='word_1_126' title='bbox 1618 1483 1678 1551; x_wconf 76' lang='grc' dir='ltr'><strong>ἐξ</strong></span> <span class='ocrx_word' id='word_1_127' title='bbox 1696 1479 1771 1540; x_wconf 84' lang='grc' dir='ltr'>ὧν</span> <span class='ocrx_word' id='word_1_128' title='bbox 1792 1484 1965 1538; x_wconf 75' lang='grc' dir='ltr'>ἔλαιον</span> 
     </span>
    </p>
   </div>
   <div class='ocr_carea' id='block_1_17' title="bbox 393 1574 1969 1664">
    <p class='ocr_par' dir='ltr' id='par_1_17' title="bbox 393 1574 1969 1664">
     <span class='ocr_line' id='line_1_17' title="bbox 393 1574 1969 1664; baseline -0.01 -19"><span class='ocrx_word' id='word_1_129' title='bbox 393 1593 492 1664; x_wconf 78' lang='grc' dir='ltr'>μὲν</span> <span class='ocrx_word' id='word_1_130' title='bbox 522 1589 780 1651; x_wconf 80' lang='grc' dir='ltr'>ἐθλίϐετο,</span> <span class='ocrx_word' id='word_1_131' title='bbox 811 1583 964 1643; x_wconf 81' lang='grc' dir='ltr'>νόθον</span> <span class='ocrx_word' id='word_1_132' title='bbox 993 1582 1049 1635; x_wconf 78' lang='grc' dir='ltr'><strong>δὲ</strong></span> <span class='ocrx_word' id='word_1_133' title='bbox 1078 1580 1267 1650; x_wconf 79' lang='grc' dir='ltr'>ὥσπερ</span> <span class='ocrx_word' id='word_1_134' title='bbox 1300 1577 1396 1632; x_wconf 81' lang='grc' dir='ltr'>καὶ</span> <span class='ocrx_word' id='word_1_135' title='bbox 1424 1576 1587 1631; x_wconf 74' lang='grc' dir='ltr'>οἱονεὶ</span> <span class='ocrx_word' id='word_1_136' title='bbox 1621 1574 1969 1646; x_wconf 64' lang='grc' dir='ltr'>κεκαπηλευα</span> 
     </span>
    </p>
   </div>
   <div class='ocr_carea' id='block_1_18' title="bbox 394 1668 1966 1755">
    <p class='ocr_par' dir='ltr' id='par_1_18' title="bbox 394 1668 1966 1755">
     <span class='ocr_line' id='line_1_18' title="bbox 394 1668 1966 1755; baseline -0.011 -17"><span class='ocrx_word' id='word_1_137' title='bbox 394 1684 578 1755; x_wconf 81' lang='grc' dir='ltr'>μένον·</span> <span class='ocrx_word' id='word_1_138' title='bbox 607 1683 695 1736; x_wconf 76' lang='grc' dir='ltr'>ἀεὶ</span> <span class='ocrx_word' id='word_1_139' title='bbox 725 1681 834 1752; x_wconf 88' lang='grc' dir='ltr'><strong>γάρ</strong></span> <span class='ocrx_word' id='word_1_140' title='bbox 863 1683 983 1734; x_wconf 76' lang='grc' dir='ltr'>ἐστι</span> <span class='ocrx_word' id='word_1_141' title='bbox 1010 1672 1249 1745; x_wconf 80' lang='grc' dir='ltr'>καθαρὸν</span> <span class='ocrx_word' id='word_1_142' title='bbox 1287 1671 1381 1725; x_wconf 57' lang='grc' dir='ltr'><strong>καί⁸</strong></span> <span class='ocrx_word' id='word_1_143' title='bbox 1408 1670 1630 1742; x_wconf 87' lang='grc' dir='ltr'>γνήσιον</span> <span class='ocrx_word' id='word_1_144' title='bbox 1656 1668 1871 1739; x_wconf 73' lang='grc' dir='ltr'>ἀληθῶς</span> <span class='ocrx_word' id='word_1_145' title='bbox 1908 1670 1966 1722; x_wconf 74' lang='grc' dir='ltr'>ὲν</span> 
     </span>
    </p>
   </div>
   <div class='ocr_carea' id='block_1_19' title="bbox 401 1758 1971 1844">
    <p class='ocr_par' dir='ltr' id='par_1_19' title="bbox 401 1758 1971 1844">
     <span class='ocr_line' id='line_1_19' title="bbox 401 1758 1971 1844; baseline -0.011 -15"><span class='ocrx_word' id='word_1_146' title='bbox 401 1773 748 1844; x_wconf 79' lang='grc' dir='ltr'>Ἐκκλησίαις</span> <span class='ocrx_word' id='word_1_147' title='bbox 785 1773 845 1826; x_wconf 80' lang='grc' dir='ltr'>τὸ</span> <span class='ocrx_word' id='word_1_148' title='bbox 890 1770 1027 1841; x_wconf 83' lang='grc' dir='ltr'>φῶς,</span> <span class='ocrx_word' id='word_1_149' title='bbox 1064 1764 1224 1839; x_wconf 74' lang='grc' dir='ltr'>δῆλον</span> <span class='ocrx_word' id='word_1_150' title='bbox 1268 1763 1324 1816; x_wconf 82' lang='grc' dir='ltr'><strong>δὲ</strong></span> <span class='ocrx_word' id='word_1_151' title='bbox 1361 1763 1443 1816; x_wconf 82' lang='grc' dir='ltr'>δτι</span> <span class='ocrx_word' id='word_1_152' title='bbox 1474 1759 1537 1815; x_wconf 87' lang='grc' dir='ltr'>τδ</span> <span class='ocrx_word' id='word_1_153' title='bbox 1580 1759 1667 1814; x_wconf 86' lang='grc' dir='ltr'>διὰ</span> <span class='ocrx_word' id='word_1_154' title='bbox 1698 1758 1971 1831; x_wconf 80' lang='grc' dir='ltr'>Χριστοῦ,</span> 
     </span>
    </p>
   </div>
   <div class='ocr_carea' id='block_1_20' title="bbox 390 1853 1967 1936">
    <p class='ocr_par' dir='ltr' id='par_1_20' title="bbox 390 1853 1967 1936">
     <span class='ocr_line' id='line_1_20' title="bbox 390 1853 1967 1936; baseline -0.008 -16"><span class='ocrx_word' id='word_1_155' title='bbox 390 1867 692 1936; x_wconf 79' lang='grc' dir='ltr'>Πνεύματι,</span> <span class='ocrx_word' id='word_1_156' title='bbox 713 1864 817 1918; x_wconf 80' lang='grc' dir='ltr'>κᾶν</span> <span class='ocrx_word' id='word_1_157' title='bbox 840 1864 888 1917; x_wconf 87' lang='grc' dir='ltr'><strong>εί</strong></span> <span class='ocrx_word' id='word_1_158' title='bbox 906 1861 994 1916; x_wconf 86' lang='grc' dir='ltr'><strong>διὰ</strong></span> <span class='ocrx_word' id='word_1_159' title='bbox 1014 1860 1114 1931; x_wconf 76' lang='grc' dir='ltr'>τῆς</span> <span class='ocrx_word' id='word_1_160' title='bbox 1131 1855 1241 1913; x_wconf 85' lang='grc' dir='ltr'>τῶν</span> <span class='ocrx_word' id='word_1_161' title='bbox 1259 1855 1427 1923; x_wconf 79' lang='grc' dir='ltr'>ἁγίων</span> <span class='ocrx_word' id='word_1_162' title='bbox 1448 1854 1746 1908; x_wconf 82' lang='grc' dir='ltr'>διακονοῖτο</span> <span class='ocrx_word' id='word_1_163' title='bbox 1765 1853 1967 1925; x_wconf 84' lang='grc' dir='ltr'>φωνῆς,</span> 
     </span>
    </p>
   </div>
   <div class='ocr_carea' id='block_1_21' title="bbox 386 1943 1970 2028">
    <p class='ocr_par' dir='ltr' id='par_1_21' title="bbox 386 1943 1970 2028">
     <span class='ocr_line' id='line_1_21' title="bbox 386 1943 1970 2028; baseline -0.008 -18"><span class='ocrx_word' id='word_1_164' title='bbox 386 1957 524 2028; x_wconf 81' lang='grc' dir='ltr'><strong>πρὸς</strong></span> <span class='ocrx_word' id='word_1_165' title='bbox 567 1954 663 2019; x_wconf 79' lang='grc' dir='ltr'>οὓς</span> <span class='ocrx_word' id='word_1_166' title='bbox 712 1955 815 2025; x_wconf 76' lang='grc' dir='ltr'><strong>ἔφη</strong></span> <span class='ocrx_word' id='word_1_167' title='bbox 842 1951 1098 2024; x_wconf 82' lang='grc' dir='ltr'>Χριστός·</span> <span class='ocrx_word' id='word_1_168' title='bbox 1149 1969 1169 2002; x_wconf 86' lang='grc'><strong>‹</strong></span> <span class='ocrx_word' id='word_1_169' title='bbox 1220 1947 1415 2021; x_wconf 76' lang='grc' dir='ltr'>Ὑμεῖς</span> <span class='ocrx_word' id='word_1_170' title='bbox 1463 1947 1588 1999; x_wconf 77' lang='grc' dir='ltr'>ἐστε</span> <span class='ocrx_word' id='word_1_171' title='bbox 1617 1945 1679 1999; x_wconf 81' lang='grc' dir='ltr'>τὸ</span> <span class='ocrx_word' id='word_1_172' title='bbox 1713 1943 1831 2014; x_wconf 84' lang='grc' dir='ltr'><strong>φῶς</strong></span> <span class='ocrx_word' id='word_1_173' title='bbox 1873 1944 1970 1999; x_wconf 90' lang='grc' dir='ltr'><strong>τοῦ</strong></span> 
     </span>
    </p>
   </div>
   <div class='ocr_carea' id='block_1_22' title="bbox 386 2034 1970 2119">
    <p class='ocr_par' dir='ltr' id='par_1_22' title="bbox 386 2034 1970 2119">
     <span class='ocr_line' id='line_1_22' title="bbox 386 2034 1970 2119; baseline -0.009 -15"><span class='ocrx_word' id='word_1_174' title='bbox 386 2050 616 2119; x_wconf 82' lang='grc' dir='ltr'>κόσμου.</span> <span class='ocrx_word' id='word_1_175' title='bbox 663 2066 681 2099; x_wconf 74' lang='grc' dir='ltr'><strong>ι</strong></span> <span class='ocrx_word' id='word_1_176' title='bbox 737 2046 847 2100; x_wconf 83' lang='grc' dir='ltr'><strong>Καὶ</strong></span> <span class='ocrx_word' id='word_1_177' title='bbox 891 2044 1199 2115; x_wconf 85' lang='grc' dir='ltr'>θαυμαστὸν</span> <span class='ocrx_word' id='word_1_178' title='bbox 1226 2039 1401 2097; x_wconf 79' lang='grc' dir='ltr'>οὐδέν’</span> <span class='ocrx_word' id='word_1_179' title='bbox 1448 2038 1541 2103; x_wconf 75' lang='grc' dir='ltr'>οὓς</span> <span class='ocrx_word' id='word_1_180' title='bbox 1567 2034 1679 2110; x_wconf 82' lang='grc' dir='ltr'><strong>γὰρ</strong></span> <span class='ocrx_word' id='word_1_181' title='bbox 1711 2036 1970 2106; x_wconf 75' lang='grc' dir='ltr'>ἀδελφοὺς</span> 
     </span>
    </p>
   </div>
   <div class='ocr_carea' id='block_1_23' title="bbox 387 2125 1972 2211">
    <p class='ocr_par' dir='ltr' id='par_1_23' title="bbox 387 2125 1972 2211">
     <span class='ocr_line' id='line_1_23' title="bbox 387 2125 1972 2211; baseline -0.01 -17"><span class='ocrx_word' id='word_1_182' title='bbox 387 2141 659 2211; x_wconf 77' lang='grc' dir='ltr'>ὠνόμασε,</span> <span class='ocrx_word' id='word_1_183' title='bbox 692 2138 784 2191; x_wconf 78' lang='grc' dir='ltr'>καὶ</span> <span class='ocrx_word' id='word_1_184' title='bbox 816 2137 1075 2208; x_wconf 83' lang='grc' dir='ltr'><strong>μετόχους</strong></span> <span class='ocrx_word' id='word_1_185' title='bbox 1103 2131 1300 2189; x_wconf 77' lang='grc' dir='ltr'>ἑαυτοῦ</span> <span class='ocrx_word' id='word_1_186' title='bbox 1332 2131 1736 2200; x_wconf 83' lang='grc' dir='ltr'>κατεστήσατο,</span> <span class='ocrx_word' id='word_1_187' title='bbox 1761 2125 1972 2191; x_wconf 84' lang='grc' dir='ltr'>τούτοις</span> 
     </span>
    </p>
   </div>
   <div class='ocr_carea' id='block_1_24' title="bbox 390 2215 1971 2293">
    <p class='ocr_par' dir='ltr' id='par_1_24' title="bbox 390 2215 1971 2293">
     <span class='ocr_line' id='line_1_24' title="bbox 390 2215 1971 2293; baseline -0.01 -6"><span class='ocrx_word' id='word_1_188' title='bbox 390 2236 457 2287; x_wconf 82' lang='grc' dir='ltr'>ἂν</span> <span class='ocrx_word' id='word_1_189' title='bbox 487 2231 713 2293; x_wconf 76' lang='grc' dir='ltr'>εἰκότως</span> <span class='ocrx_word' id='word_1_190' title='bbox 737 2229 834 2282; x_wconf 71' lang='grc' dir='ltr'>καὶ</span> <span class='ocrx_word' id='word_1_191' title='bbox 861 2227 969 2279; x_wconf 86' lang='grc' dir='ltr'>τῶν</span> <span class='ocrx_word' id='word_1_192' title='bbox 999 2225 1143 2279; x_wconf 80' lang='grc' dir='ltr'>ἰδίων</span> <span class='ocrx_word' id='word_1_193' title='bbox 1173 2221 1499 2293; x_wconf 82' lang='grc' dir='ltr'>ἀξιωμάτων</span> <span class='ocrx_word' id='word_1_194' title='bbox 1528 2216 1842 2291; x_wconf 72' lang='grc' dir='ltr'>ἐπιμερίζοι</span> <span class='ocrx_word' id='word_1_195' title='bbox 1871 2215 1971 2287; x_wconf 85' lang='grc' dir='ltr'>τὴν</span> 
     </span>
    </p>
   </div>
   <div class='ocr_carea' id='block_1_25' title="bbox 386 2310 1973 2390">
    <p class='ocr_par' dir='ltr' id='par_1_25' title="bbox 386 2310 1973 2390">
     <span class='ocr_line' id='line_1_25' title="bbox 386 2310 1973 2390; baseline -0.009 -13"><span class='ocrx_word' id='word_1_196' title='bbox 386 2322 564 2388; x_wconf 77' lang='grc' dir='ltr'>δόξαν.</span> <span class='ocrx_word' id='word_1_197' title='bbox 604 2321 836 2375; x_wconf 82' lang='grc' dir='ltr'>Καίεται</span> <span class='ocrx_word' id='word_1_198' title='bbox 872 2319 937 2390; x_wconf 78' lang='grc' dir='ltr'><strong>δὴ</strong></span> <span class='ocrx_word' id='word_1_199' title='bbox 982 2313 1075 2373; x_wconf 84' lang='grc' dir='ltr'>οὖν</span> <span class='ocrx_word' id='word_1_200' title='bbox 1114 2317 1145 2371; x_wconf 79' lang='grc' dir='ltr'><strong>ὁ</strong></span> <span class='ocrx_word' id='word_1_201' title='bbox 1192 2317 1383 2388; x_wconf 85' lang='grc' dir='ltr'>λύχνος</span> <span class='ocrx_word' id='word_1_202' title='bbox 1426 2315 1521 2369; x_wconf 73' lang='grc' dir='ltr'>καὶ</span> <span class='ocrx_word' id='word_1_203' title='bbox 1559 2316 1618 2368; x_wconf 79' lang='grc' dir='ltr'>ἐν</span> <span class='ocrx_word' id='word_1_204' title='bbox 1663 2315 1730 2384; x_wconf 75' lang='grc' dir='ltr'><strong>τῇ</strong></span> <span class='ocrx_word' id='word_1_205' title='bbox 1779 2310 1973 2384; x_wconf 78' lang='grc' dir='ltr'>πρώτῃ</span> 
     </span>
    </p>
   </div>
   <div class='ocr_carea' id='block_1_26' title="bbox 390 2401 1973 2487">
    <p class='ocr_par' dir='ltr' id='par_1_26' title="bbox 390 2401 1973 2487">
     <span class='ocr_line' id='line_1_26' title="bbox 390 2401 1973 2487; baseline -0.008 -20"><span class='ocrx_word' id='word_1_206' title='bbox 390 2416 587 2487; x_wconf 82' lang='grc' dir='ltr'>σκηνῇ.</span> <span class='ocrx_word' id='word_1_207' title='bbox 615 2412 711 2466; x_wconf 69' lang='grc' dir='ltr'>καὶ</span> <span class='ocrx_word' id='word_1_208' title='bbox 745 2410 927 2465; x_wconf 75' lang='grc' dir='ltr'>διττὸν</span> <span class='ocrx_word' id='word_1_209' title='bbox 948 2409 1014 2465; x_wconf 79' lang='grc' dir='ltr'>ἂν</span> <span class='ocrx_word' id='word_1_210' title='bbox 1044 2408 1154 2480; x_wconf 69' lang='grc' dir='ltr'>ἔχοι</span> <span class='ocrx_word' id='word_1_211' title='bbox 1182 2407 1243 2461; x_wconf 87' lang='grc' dir='ltr'>τδ</span> <span class='ocrx_word' id='word_1_212' title='bbox 1270 2408 1459 2479; x_wconf 85' lang='grc' dir='ltr'>χρῆμα</span> <span class='ocrx_word' id='word_1_213' title='bbox 1483 2405 1576 2459; x_wconf 76' lang='grc' dir='ltr'>τὸν</span> <span class='ocrx_word' id='word_1_214' title='bbox 1605 2403 1751 2459; x_wconf 83' lang='grc' dir='ltr'>νοῦν·</span> <span class='ocrx_word' id='word_1_215' title='bbox 1784 2405 1842 2457; x_wconf 72' lang='grc' dir='ltr'>ὲν</span> <span class='ocrx_word' id='word_1_216' title='bbox 1872 2401 1973 2473; x_wconf 77' lang='grc' dir='ltr'>μὲν</span> 
     </span>
    </p>
   </div>
   <div class='ocr_carea' id='block_1_27' title="bbox 387 2492 1965 2576">
    <p class='ocr_par' dir='ltr' id='par_1_27' title="bbox 387 2492 1965 2576">
     <span class='ocr_line' id='line_1_27' title="bbox 387 2492 1965 2576; baseline -0.006 -17"><span class='ocrx_word' id='word_1_217' title='bbox 387 2506 500 2575; x_wconf 83' lang='grc' dir='ltr'><strong>γὰρ</strong></span> <span class='ocrx_word' id='word_1_218' title='bbox 557 2507 626 2576; x_wconf 76' lang='grc' dir='ltr'>τῇ</span> <span class='ocrx_word' id='word_1_219' title='bbox 681 2492 924 2576; x_wconf 75' lang='grc' dir='ltr'>ἐσωτέρᾳ</span> <span class='ocrx_word' id='word_1_220' title='bbox 977 2504 1149 2573; x_wconf 78' lang='grc' dir='ltr'>σκηνῇ</span> <span class='ocrx_word' id='word_1_221' title='bbox 1216 2500 1399 2571; x_wconf 86' lang='grc' dir='ltr'>λύχνοι</span> <span class='ocrx_word' id='word_1_222' title='bbox 1462 2498 1745 2569; x_wconf 83' lang='grc' dir='ltr'>φαίνουσιν</span> <span class='ocrx_word' id='word_1_223' title='bbox 1802 2496 1965 2565; x_wconf 78' lang='grc' dir='ltr'>ἑπτὰ,</span> 
     </span>
    </p>
   </div>
   <div class='ocr_carea' id='block_1_28' title="bbox 395 2588 1972 2668">
    <p class='ocr_par' dir='ltr' id='par_1_28' title="bbox 395 2588 1972 2668">
     <span class='ocr_line' id='line_1_28' title="bbox 395 2588 1972 2668; baseline -0.006 -18"><span class='ocrx_word' id='word_1_224' title='bbox 395 2598 753 2668; x_wconf 65' lang='grc' dir='ltr'>ἐξαπτόμενοι</span> <span class='ocrx_word' id='word_1_225' title='bbox 780 2595 843 2650; x_wconf 77' lang='grc' dir='ltr'>τὸ</span> <span class='ocrx_word' id='word_1_226' title='bbox 867 2594 1032 2666; x_wconf 77' lang='grc' dir='ltr'>πρωῒ,</span> <span class='ocrx_word' id='word_1_227' title='bbox 1064 2595 1160 2647; x_wconf 82' lang='grc' dir='ltr'>καὶ</span> <span class='ocrx_word' id='word_1_228' title='bbox 1185 2591 1439 2646; x_wconf 88' lang='grc' dir='ltr'>πλούσιον</span> <span class='ocrx_word' id='word_1_229' title='bbox 1460 2593 1571 2653; x_wconf 84' lang='grc' dir='ltr'>τοῖς</span> <span class='ocrx_word' id='word_1_230' title='bbox 1602 2588 1972 2661; x_wconf 81' lang='grc' dir='ltr'>εἰστρέχουσιν</span> 
     </span>
    </p>
   </div>
   <div class='ocr_carea' id='block_1_29' title="bbox 398 2680 1974 2758">
    <p class='ocr_par' dir='ltr' id='par_1_29' title="bbox 398 2680 1974 2758">
     <span class='ocr_line' id='line_1_29' title="bbox 398 2680 1974 2758; baseline -0.005 -16"><span class='ocrx_word' id='word_1_231' title='bbox 398 2690 631 2751; x_wconf 74' lang='grc' dir='ltr'>ἐνιέντες</span> <span class='ocrx_word' id='word_1_232' title='bbox 670 2688 731 2741; x_wconf 81' lang='grc' dir='ltr'>τὸ</span> <span class='ocrx_word' id='word_1_233' title='bbox 772 2687 920 2758; x_wconf 86' lang='grc' dir='ltr'>φῶς.</span> <span class='ocrx_word' id='word_1_234' title='bbox 966 2686 1080 2741; x_wconf 78' lang='grc' dir='ltr'><strong>Καὶ</strong></span> <span class='ocrx_word' id='word_1_235' title='bbox 1105 2681 1173 2756; x_wconf 81' lang='grc' dir='ltr'>ἦν</span> <span class='ocrx_word' id='word_1_236' title='bbox 1199 2686 1233 2755; x_wconf 81' lang='grc' dir='ltr'>ἠ</span> <span class='ocrx_word' id='word_1_237' title='bbox 1270 2683 1459 2754; x_wconf 86' lang='grc' dir='ltr'>λυχνία</span> <span class='ocrx_word' id='word_1_238' title='bbox 1496 2681 1762 2753; x_wconf 77' lang='grc' dir='ltr'>Χριστὸς,</span> <span class='ocrx_word' id='word_1_239' title='bbox 1807 2680 1884 2744; x_wconf 85' lang='grc' dir='ltr'>ὡς</span> <span class='ocrx_word' id='word_1_240' title='bbox 1916 2681 1974 2734; x_wconf 78' lang='grc' dir='ltr'>ὲν</span> 
     </span>
    </p>
   </div>
   <div class='ocr_carea' id='block_1_30' title="bbox 397 2773 1973 2854">
    <p class='ocr_par' dir='ltr' id='par_1_30' title="bbox 397 2773 1973 2854">
     <span class='ocr_line' id='line_1_30' title="bbox 397 2773 1973 2854; baseline -0.005 -21"><span class='ocrx_word' id='word_1_241' title='bbox 397 2781 554 2854; x_wconf 63' lang='grc' dir='ltr'>τύπῳ</span> <span class='ocrx_word' id='word_1_242' title='bbox 586 2779 743 2835; x_wconf 77' lang='grc' dir='ltr'>πάλιν</span> <span class='ocrx_word' id='word_1_243' title='bbox 770 2781 896 2843; x_wconf 82' lang='grc' dir='ltr'>τοὺς</span> <span class='ocrx_word' id='word_1_244' title='bbox 928 2779 1007 2842; x_wconf 84' lang='grc' dir='ltr'><strong>είς</strong></span> <span class='ocrx_word' id='word_1_245' title='bbox 1035 2776 1105 2832; x_wconf 85' lang='grc' dir='ltr'>τὰ</span> <span class='ocrx_word' id='word_1_246' title='bbox 1129 2776 1297 2845; x_wconf 78' lang='grc' dir='ltr'>’Λγια</span> <span class='ocrx_word' id='word_1_247' title='bbox 1327 2775 1436 2828; x_wconf 87' lang='grc' dir='ltr'>τῶν</span> <span class='ocrx_word' id='word_1_248' title='bbox 1463 2774 1636 2842; x_wconf 81' lang='grc' dir='ltr'>ἁγίων</span> <span class='ocrx_word' id='word_1_249' title='bbox 1672 2773 1973 2843; x_wconf 84' lang='grc' dir='ltr'>είστρὲχειν</span> 
     </span>
    </p>
   </div>
   <div class='ocr_carea' id='block_1_31' title="bbox 397 2862 1968 2947">
    <p class='ocr_par' dir='ltr' id='par_1_31' title="bbox 397 2862 1968 2947">
     <span class='ocr_line' id='line_1_31' title="bbox 397 2862 1968 2947; baseline -0.007 -22"><span class='ocrx_word' id='word_1_250' title='bbox 397 2873 679 2935; x_wconf 73' lang='grc' dir='ltr'>ἐθέλοντας</span> <span class='ocrx_word' id='word_1_251' title='bbox 709 2871 891 2941; x_wconf 85' lang='grc' dir='ltr'>πολλῷ</span> <span class='ocrx_word' id='word_1_252' title='bbox 921 2871 1016 2924; x_wconf 72' lang='grc' dir='ltr'>καὶ</span> <span class='ocrx_word' id='word_1_253' title='bbox 1060 2868 1366 2940; x_wconf 84' lang='grc' dir='ltr'>ἀμφιλαφεῖ</span> <span class='ocrx_word' id='word_1_254' title='bbox 1405 2863 1769 2947; x_wconf 31' lang='grc' dir='ltr'>κιαταυγάζων</span> <span class='ocrx_word' id='word_1_255' title='bbox 1810 2862 1968 2932; x_wconf 87' lang='grc' dir='ltr'>φωτί·</span> 
     </span>
    </p>
   </div>
   <div class='ocr_carea' id='block_1_32' title="bbox 404 2955 1968 3037">
    <p class='ocr_par' dir='ltr' id='par_1_32' title="bbox 404 2955 1968 3037">
     <span class='ocr_line' id='line_1_32' title="bbox 404 2955 1968 3037; baseline -0.008 -19"><span class='ocrx_word' id='word_1_256' title='bbox 404 2987 423 3018; x_wconf 72' lang='grc' dir='ltr'>α</span> <span class='ocrx_word' id='word_1_257' title='bbox 453 2964 784 3037; x_wconf 81' lang='grc' dir='ltr'>Προσέλθετε</span> <span class='ocrx_word' id='word_1_258' title='bbox 816 2964 944 3035; x_wconf 81' lang='grc' dir='ltr'>γὰρ,</span> <span class='ocrx_word' id='word_1_259' title='bbox 961 2963 1116 3035; x_wconf 77' lang='grc' dir='ltr'>φησὶ,</span> <span class='ocrx_word' id='word_1_260' title='bbox 1141 2962 1276 3033; x_wconf 83' lang='grc' dir='ltr'>πρὸς</span> <span class='ocrx_word' id='word_1_261' title='bbox 1296 2958 1459 3015; x_wconf 82' lang='grc' dir='ltr'>αὐτὸν</span> <span class='ocrx_word' id='word_1_262' title='bbox 1481 2956 1577 3011; x_wconf 77' lang='lat' dir='ltr'><strong>xal.</strong></span> <span class='ocrx_word' id='word_1_263' title='bbox 1600 2955 1923 3026; x_wconf 83' lang='grc' dir='ltr'>φωτίσθητε.</span> <span class='ocrx_word' id='word_1_264' title='bbox 1950 2973 1968 3007; x_wconf 73' lang='grc' dir='ltr'><strong>ι</strong></span> 
     </span>
    </p>
   </div>
   <div class='ocr_carea' id='block_1_33' title="bbox 395 3045 1976 3127">
    <p class='ocr_par' dir='ltr' id='par_1_33' title="bbox 395 3045 1976 3127">
     <span class='ocr_line' id='line_1_33' title="bbox 395 3045 1976 3127; baseline -0.008 -17"><span class='ocrx_word' id='word_1_265' title='bbox 395 3057 506 3110; x_wconf 78' lang='grc' dir='ltr'><strong>Καὶ</strong></span> <span class='ocrx_word' id='word_1_266' title='bbox 537 3056 642 3127; x_wconf 83' lang='grc' dir='ltr'>μὴν</span> <span class='ocrx_word' id='word_1_267' title='bbox 672 3055 765 3108; x_wconf 76' lang='grc' dir='ltr'>καὶ</span> <span class='ocrx_word' id='word_1_268' title='bbox 795 3054 858 3106; x_wconf 83' lang='grc' dir='ltr'>τὸ</span> <span class='ocrx_word' id='word_1_269' title='bbox 889 3050 1242 3107; x_wconf 83' lang='grc' dir='ltr'>ἀνακαίεσθαι</span> <span class='ocrx_word' id='word_1_270' title='bbox 1275 3050 1336 3105; x_wconf 82' lang='grc' dir='ltr'>τὸ</span> <span class='ocrx_word' id='word_1_271' title='bbox 1397 3045 1543 3120; x_wconf 75' lang='grc' dir='ltr'>πρωῒ</span> <span class='ocrx_word' id='word_1_272' title='bbox 1579 3047 1704 3110; x_wconf 70' lang='grc' dir='ltr'>τοὺς</span> <span class='ocrx_word' id='word_1_273' title='bbox 1749 3045 1976 3116; x_wconf 88' lang='grc' dir='ltr'>λύχνους</span> 
     </span>
    </p>
   </div>
   <div class='ocr_carea' id='block_1_34' title="bbox 396 3138 1973 3219">
    <p class='ocr_par' dir='ltr' id='par_1_34' title="bbox 396 3138 1973 3219">
     <span class='ocr_line' id='line_1_34' title="bbox 396 3138 1973 3219; baseline -0.008 -15"><span class='ocrx_word' id='word_1_274' title='bbox 396 3149 835 3219; x_wconf 78' lang='grc' dir='ltr'>κατασημήνειεν</span> <span class='ocrx_word' id='word_1_275' title='bbox 867 3146 934 3200; x_wconf 83' lang='grc' dir='ltr'>ἂν</span> <span class='ocrx_word' id='word_1_276' title='bbox 969 3146 1068 3216; x_wconf 83' lang='grc' dir='ltr'>τῆς</span> <span class='ocrx_word' id='word_1_277' title='bbox 1108 3143 1576 3216; x_wconf 78' lang='grc' dir='ltr'>ὲνανθρωπήσεως</span> <span class='ocrx_word' id='word_1_278' title='bbox 1622 3141 1714 3194; x_wconf 78' lang='grc' dir='ltr'>τὸν</span> <span class='ocrx_word' id='word_1_279' title='bbox 1761 3138 1973 3210; x_wconf 81' lang='grc' dir='ltr'>καιρόν.</span> 
     </span>
    </p>
   </div>
   <div class='ocr_carea' id='block_1_35' title="bbox 397 3229 1979 3311">
    <p class='ocr_par' dir='ltr' id='par_1_35' title="bbox 397 3229 1979 3311">
     <span class='ocr_line' id='line_1_35' title="bbox 397 3229 1979 3311; baseline -0.007 -18"><span class='ocrx_word' id='word_1_280' title='bbox 397 3240 668 3311; x_wconf 81' lang='grc' dir='ltr'>Διηύγασε</span> <span class='ocrx_word' id='word_1_281' title='bbox 719 3240 863 3309; x_wconf 73' lang='grc' dir='ltr'>γὰρ,</span> <span class='ocrx_word' id='word_1_282' title='bbox 912 3232 1001 3291; x_wconf 71' lang='grc' dir='ltr'>οἷά</span> <span class='ocrx_word' id='word_1_283' title='bbox 1028 3254 1111 3300; x_wconf 87' lang='grc' dir='ltr'><strong>τις</strong></span> <span class='ocrx_word' id='word_1_284' title='bbox 1154 3236 1361 3308; x_wconf 82' lang='grc' dir='ltr'>ἡμέρα,</span> <span class='ocrx_word' id='word_1_285' title='bbox 1398 3234 1493 3287; x_wconf 77' lang='grc' dir='ltr'>καὶ</span> <span class='ocrx_word' id='word_1_286' title='bbox 1539 3233 1655 3302; x_wconf 84' lang='grc' dir='ltr'><strong>φῶς</strong></span> <span class='ocrx_word' id='word_1_287' title='bbox 1703 3229 1979 3301; x_wconf 63' lang='grc' dir='ltr'>ἀνέλαμψε</span> 
     </span>
    </p>
   </div>
   <div class='ocr_carea' id='block_1_36' title="bbox 397 3323 1974 3403">
    <p class='ocr_par' dir='ltr' id='par_1_36' title="bbox 397 3323 1974 3403">
     <span class='ocr_line' id='line_1_36' title="bbox 397 3323 1974 3403; baseline -0.006 -18"><span class='ocrx_word' id='word_1_288' title='bbox 397 3333 609 3403; x_wconf 76' lang='grc' dir='ltr'>νοητὸν,</span> <span class='ocrx_word' id='word_1_289' title='bbox 642 3334 740 3401; x_wconf 81' lang='grc' dir='ltr'>τῆς</span> <span class='ocrx_word' id='word_1_290' title='bbox 765 3331 996 3401; x_wconf 79' lang='grc' dir='ltr'>ἀρχαίας</span> <span class='ocrx_word' id='word_1_291' title='bbox 1018 3329 1173 3399; x_wconf 80' lang='grc' dir='ltr'>ἡμῶν</span> <span class='ocrx_word' id='word_1_292' title='bbox 1199 3326 1439 3399; x_wconf 78' lang='grc' dir='ltr'>ἀμαθίας</span> <span class='ocrx_word' id='word_1_293' title='bbox 1468 3326 1708 3381; x_wconf 71' lang='grc' dir='ltr'>ἐλαύνων</span> <span class='ocrx_word' id='word_1_294' title='bbox 1733 3324 1822 3378; x_wconf 79' lang='grc' dir='ltr'>τὸν</span> <span class='ocrx_word' id='word_1_295' title='bbox 1853 3323 1974 3376; x_wconf 86' lang='grc' dir='ltr'>σκό-</span> 
     </span>
    </p>
   </div>
   <div class='ocr_carea' id='block_1_37' title="bbox 399 3416 1981 3490">
    <p class='ocr_par' dir='ltr' id='par_1_37' title="bbox 399 3416 1981 3490">
     <span class='ocr_line' id='line_1_37' title="bbox 399 3416 1981 3490; baseline -0.006 -14"><span class='ocrx_word' id='word_1_296' title='bbox 399 3441 492 3476; x_wconf 81' lang='grc' dir='ltr'><strong>τον</strong></span> <span class='ocrx_word' id='word_1_297' title='bbox 512 3465 525 3486; x_wconf 88' lang='grc'><strong>,</strong></span> <span class='ocrx_word' id='word_1_298' title='bbox 552 3423 648 3476; x_wconf 79' lang='grc' dir='ltr'>καὶ</span> <span class='ocrx_word' id='word_1_299' title='bbox 675 3422 750 3485; x_wconf 85' lang='grc' dir='ltr'>ὡς</span> <span class='ocrx_word' id='word_1_300' title='bbox 783 3424 841 3475; x_wconf 83' lang='grc' dir='ltr'>ὲν</span> <span class='ocrx_word' id='word_1_301' title='bbox 868 3420 1017 3484; x_wconf 80' lang='grc' dir='ltr'>τάξει</span> <span class='ocrx_word' id='word_1_302' title='bbox 1054 3420 1276 3484; x_wconf 83' lang='grc' dir='ltr'>νυκτὸς,</span> <span class='ocrx_word' id='word_1_303' title='bbox 1308 3420 1407 3490; x_wconf 78' lang='grc' dir='ltr'>τὴν</span> <span class='ocrx_word' id='word_1_304' title='bbox 1441 3416 1822 3488; x_wconf 76' lang='grc' dir='ltr'>ὲπισκήψασαν</span> <span class='ocrx_word' id='word_1_305' title='bbox 1860 3416 1981 3478; x_wconf 81' lang='grc' dir='ltr'>ταῖς</span> 
     </span>
    </p>
   </div>
   <div class='ocr_carea' id='block_1_38' title="bbox 400 3508 1982 3583">
    <p class='ocr_par' dir='ltr' id='par_1_38' title="bbox 400 3508 1982 3583">
     <span class='ocr_line' id='line_1_38' title="bbox 400 3508 1982 3583; baseline -0.006 -13"><span class='ocrx_word' id='word_1_306' title='bbox 400 3515 658 3570; x_wconf 81' lang='grc' dir='ltr'>ἁπάντων</span> <span class='ocrx_word' id='word_1_307' title='bbox 696 3513 944 3583; x_wconf 79' lang='grc' dir='ltr'>καρδίαις</span> <span class='ocrx_word' id='word_1_308' title='bbox 968 3512 1454 3566; x_wconf 85' lang='grc' dir='ltr'>κατασκεδαννύων</span> <span class='ocrx_word' id='word_1_309' title='bbox 1482 3511 1669 3581; x_wconf 87' lang='grc' dir='ltr'>ἀχλύν.</span> <span class='ocrx_word' id='word_1_310' title='bbox 1694 3508 1849 3564; x_wconf 79' lang='grc' dir='ltr'>Οὕτω</span> <span class='ocrx_word' id='word_1_311' title='bbox 1873 3508 1982 3581; x_wconf 75' lang='grc' dir='ltr'>γὰρ</span> 
     </span>
    </p>
   </div>
   <div class='ocr_carea' id='block_1_39' title="bbox 403 3600 1985 3678">
    <p class='ocr_par' dir='ltr' id='par_1_39' title="bbox 403 3600 1985 3678">
     <span class='ocr_line' id='line_1_39' title="bbox 403 3600 1985 3678; baseline -0.005 -18"><span class='ocrx_word' id='word_1_312' title='bbox 403 3610 539 3678; x_wconf 76' lang='grc' dir='ltr'>ἡμῖν</span> <span class='ocrx_word' id='word_1_313' title='bbox 573 3607 671 3678; x_wconf 80' lang='grc' dir='ltr'>τῆς</span> <span class='ocrx_word' id='word_1_314' title='bbox 702 3606 796 3659; x_wconf 90' lang='grc' dir='ltr'><strong>τοῦ</strong></span> <span class='ocrx_word' id='word_1_315' title='bbox 827 3606 1079 3677; x_wconf 79' lang='grc' dir='ltr'>Σωτῆρος</span> <span class='ocrx_word' id='word_1_316' title='bbox 1119 3604 1415 3674; x_wconf 80' lang='grc' dir='ltr'>ἐπιδημίας</span> <span class='ocrx_word' id='word_1_317' title='bbox 1454 3603 1546 3657; x_wconf 82' lang='grc' dir='ltr'>τὸν</span> <span class='ocrx_word' id='word_1_318' title='bbox 1582 3602 1774 3674; x_wconf 79' lang='grc' dir='ltr'>καιρὸν</span> <span class='ocrx_word' id='word_1_319' title='bbox 1817 3600 1912 3653; x_wconf 74' lang='grc' dir='ltr'>καὶ</span> <span class='ocrx_word' id='word_1_320' title='bbox 1955 3601 1985 3653; x_wconf 83' lang='grc' dir='ltr'>ὁ</span> 
     </span>
    </p>
   </div>
   <div class='ocr_carea' id='block_1_40' title="bbox 403 3692 1982 3771">
    <p class='ocr_par' dir='ltr' id='par_1_40' title="bbox 403 3692 1982 3771">
     <span class='ocr_line' id='line_1_40' title="bbox 403 3692 1982 3771; baseline -0.004 -19"><span class='ocrx_word' id='word_1_321' title='bbox 403 3702 690 3771; x_wconf 76' lang='grc' dir='ltr'>προφήτης</span> <span class='ocrx_word' id='word_1_322' title='bbox 722 3698 1022 3770; x_wconf 82' lang='grc' dir='ltr'>παρεκάλει</span> <span class='ocrx_word' id='word_1_323' title='bbox 1072 3698 1267 3766; x_wconf 84' lang='grc' dir='ltr'>λέγων·</span> <span class='ocrx_word' id='word_1_324' title='bbox 1318 3716 1336 3747; x_wconf 77' lang='grc' dir='ltr'><strong>ι</strong></span> <span class='ocrx_word' id='word_1_325' title='bbox 1386 3696 1459 3749; x_wconf 83' lang='grc' dir='ltr'><strong>Τὸ</strong></span> <span class='ocrx_word' id='word_1_326' title='bbox 1501 3695 1646 3766; x_wconf 82' lang='grc' dir='ltr'><strong>πρωῒ</strong></span> <span class='ocrx_word' id='word_1_327' title='bbox 1689 3692 1982 3763; x_wconf 80' lang='grc' dir='ltr'>εἰσακούσῃ</span> 
     </span>
    </p>
   </div>
   <div class='ocr_carea' id='block_1_41' title="bbox 403 3786 1986 3862">
    <p class='ocr_par' dir='ltr' id='par_1_41' title="bbox 403 3786 1986 3862">
     <span class='ocr_line' id='line_1_41' title="bbox 403 3786 1986 3862; baseline -0.004 -17"><span class='ocrx_word' id='word_1_328' title='bbox 403 3793 507 3861; x_wconf 76' lang='grc' dir='ltr'>τῆς</span> <span class='ocrx_word' id='word_1_329' title='bbox 558 3792 741 3862; x_wconf 80' lang='grc' dir='ltr'>φωνῆς</span> <span class='ocrx_word' id='word_1_330' title='bbox 803 3808 936 3861; x_wconf 82' lang='grc' dir='ltr'>μου,</span> <span class='ocrx_word' id='word_1_331' title='bbox 984 3790 1045 3843; x_wconf 83' lang='grc' dir='ltr'>τὸ</span> <span class='ocrx_word' id='word_1_332' title='bbox 1082 3788 1225 3860; x_wconf 76' lang='grc' dir='ltr'>πρωῒ</span> <span class='ocrx_word' id='word_1_333' title='bbox 1263 3786 1690 3859; x_wconf 79' lang='grc' dir='ltr'>παραστήσομαι</span> <span class='ocrx_word' id='word_1_334' title='bbox 1738 3803 1842 3849; x_wconf 85' lang='grc' dir='ltr'>σοι,</span> <span class='ocrx_word' id='word_1_335' title='bbox 1892 3787 1986 3839; x_wconf 77' lang='grc' dir='ltr'>καὶ</span> 
     </span>
    </p>
   </div>
   <div class='ocr_carea' id='block_1_42' title="bbox 405 3875 1987 3952">
    <p class='ocr_par' dir='ltr' id='par_1_42' title="bbox 405 3875 1987 3952">
     <span class='ocr_line' id='line_1_42' title="bbox 405 3875 1987 3952; baseline -0.005 -16"><span class='ocrx_word' id='word_1_336' title='bbox 405 3883 700 3952; x_wconf 46' lang='lat' dir='ltr'><strong>ind-togati.</strong></span> <span class='ocrx_word' id='word_1_337' title='bbox 773 3900 791 3934; x_wconf 71' lang='grc' dir='ltr'><strong>ι</strong></span> <span class='ocrx_word' id='word_1_338' title='bbox 825 3882 961 3935; x_wconf 90' lang='grc' dir='ltr'>Πότε</span> <span class='ocrx_word' id='word_1_339' title='bbox 989 3879 1098 3949; x_wconf 75' lang='grc' dir='ltr'><strong>γὰρ</strong></span> <span class='ocrx_word' id='word_1_340' title='bbox 1121 3878 1186 3932; x_wconf 86' lang='grc' dir='ltr'>ἂν</span> <span class='ocrx_word' id='word_1_341' title='bbox 1216 3879 1403 3932; x_wconf 70' lang='grc' dir='ltr'>δεκταὶ</span> <span class='ocrx_word' id='word_1_342' title='bbox 1425 3877 1711 3946; x_wconf 86' lang='grc' dir='ltr'>γεγόνασιν</span> <span class='ocrx_word' id='word_1_343' title='bbox 1744 3877 1798 3929; x_wconf 86' lang='grc' dir='ltr'>αἱ</span> <span class='ocrx_word' id='word_1_344' title='bbox 1822 3875 1987 3929; x_wconf 82' lang='grc' dir='ltr'>ἀπάν-</span> 
     </span>
    </p>
   </div>
   <div class='ocr_carea' id='block_1_43' title="bbox 404 3965 1987 4044">
    <p class='ocr_par' dir='ltr' id='par_1_43' title="bbox 404 3965 1987 4044">
     <span class='ocr_line' id='line_1_43' title="bbox 404 3965 1987 4044; baseline -0.006 -17"><span class='ocrx_word' id='word_1_345' title='bbox 404 3993 518 4028; x_wconf 88' lang='grc' dir='ltr'><strong>των</strong></span> <span class='ocrx_word' id='word_1_346' title='bbox 565 3973 743 4044; x_wconf 72' lang='grc' dir='ltr'>εὐχαὶ,</span> <span class='ocrx_word' id='word_1_347' title='bbox 792 3972 889 4025; x_wconf 75' lang='grc' dir='ltr'>καὶ</span> <span class='ocrx_word' id='word_1_348' title='bbox 935 3974 983 4025; x_wconf 78' lang='lat' dir='ltr'><strong>oi</strong></span> <span class='ocrx_word' id='word_1_349' title='bbox 1034 3969 1202 4025; x_wconf 84' lang='grc' dir='ltr'>πάλαι</span> <span class='ocrx_word' id='word_1_350' title='bbox 1241 3965 1583 4039; x_wconf 80' lang='grc' dir='ltr'>πλανώμενοι</span> <span class='ocrx_word' id='word_1_351' title='bbox 1633 3966 1987 4039; x_wconf 81' lang='grc' dir='ltr'>παρέστημεν</span> 
     </span>
    </p>
   </div>
   <div class='ocr_carea' id='block_1_44' title="bbox 405 4057 1987 4134">
    <p class='ocr_par' dir='ltr' id='par_1_44' title="bbox 405 4057 1987 4134">
     <span class='ocr_line' id='line_1_44' title="bbox 405 4057 1987 4134; baseline -0.006 -16"><span class='ocrx_word' id='word_1_352' title='bbox 405 4065 570 4118; x_wconf 74' lang='grc' dir='ltr'>οἱονεὶ</span> <span class='ocrx_word' id='word_1_353' title='bbox 598 4065 675 4134; x_wconf 86' lang='grc' dir='ltr'>τῷ</span> <span class='ocrx_word' id='word_1_354' title='bbox 700 4062 818 4133; x_wconf 83' lang='grc' dir='ltr'><strong>Θεῷ</strong></span> <span class='ocrx_word' id='word_1_355' title='bbox 836 4101 850 4125; x_wconf 91' lang='grc'><strong>,</strong></span> <span class='ocrx_word' id='word_1_356' title='bbox 883 4062 947 4116; x_wconf 82' lang='grc' dir='ltr'>δι’</span> <span class='ocrx_word' id='word_1_357' title='bbox 965 4060 1316 4129; x_wconf 76' lang='grc' dir='ltr'>οἰκειότητος,</span> <span class='ocrx_word' id='word_1_358' title='bbox 1348 4057 1588 4129; x_wconf 82' lang='grc' dir='ltr'>δηλονότι</span> <span class='ocrx_word' id='word_1_359' title='bbox 1615 4057 1714 4128; x_wconf 85' lang='grc' dir='ltr'>τῆς</span> <span class='ocrx_word' id='word_1_360' title='bbox 1743 4073 1987 4128; x_wconf 80' lang='grc' dir='ltr'>πνευμα-</span> 
     </span>
    </p>
   </div>
   <div class='ocr_carea' id='block_1_45' title="bbox 404 4148 1988 4225">
    <p class='ocr_par' dir='ltr' id='par_1_45' title="bbox 404 4148 1988 4225">
     <span class='ocr_line' id='line_1_45' title="bbox 404 4148 1988 4225; baseline -0.006 -14"><span class='ocrx_word' id='word_1_361' title='bbox 404 4157 590 4225; x_wconf 82' lang='grc' dir='ltr'>τικῆς,</span> <span class='ocrx_word' id='word_1_362' title='bbox 622 4155 713 4208; x_wconf 60' lang='grc' dir='ltr'><strong>καὶ⁸</strong></span> <span class='ocrx_word' id='word_1_363' title='bbox 746 4154 987 4223; x_wconf 77' lang='grc' dir='ltr'>ὑπακοῆς</span> <span class='ocrx_word' id='word_1_364' title='bbox 1006 4153 1099 4206; x_wconf 74' lang='grc' dir='ltr'>καὶ</span> <span class='ocrx_word' id='word_1_365' title='bbox 1128 4153 1382 4217; x_wconf 84' lang='grc' dir='ltr'>πίστεως,</span> <span class='ocrx_word' id='word_1_366' title='bbox 1413 4151 1462 4202; x_wconf 86' lang='grc' dir='ltr'><strong>εί</strong></span> <span class='ocrx_word' id='word_1_367' title='bbox 1496 4148 1570 4220; x_wconf 82' lang='grc' dir='ltr'>μὴ</span> <span class='ocrx_word' id='word_1_368' title='bbox 1629 4148 1692 4202; x_wconf 81' lang='grc' dir='ltr'>τὸ</span> <span class='ocrx_word' id='word_1_369' title='bbox 1718 4149 1833 4218; x_wconf 86' lang='grc' dir='ltr'><strong>φῶς</strong></span> <span class='ocrx_word' id='word_1_370' title='bbox 1857 4150 1988 4219; x_wconf 80' lang='grc' dir='ltr'>ἡμῖν</span> 
     </span>
    </p>
   </div>
   <div class='ocr_carea' id='block_1_46' title="bbox 407 4238 1988 4321">
    <p class='ocr_par' dir='ltr' id='par_1_46' title="bbox 407 4238 1988 4321">
     <span class='ocr_line' id='line_1_46' title="bbox 407 4238 1988 4321; baseline -0.009 -16"><span class='ocrx_word' id='word_1_371' title='bbox 407 4252 690 4321; x_wconf 72' lang='grc' dir='ltr'>ἐπέλαμψε</span> <span class='ocrx_word' id='word_1_372' title='bbox 719 4251 779 4303; x_wconf 77' lang='grc' dir='ltr'>τὸ</span> <span class='ocrx_word' id='word_1_373' title='bbox 804 4248 864 4312; x_wconf 74' lang='grc' dir='ltr'><strong>ἐξ</strong></span> <span class='ocrx_word' id='word_1_374' title='bbox 890 4246 1142 4319; x_wconf 81' lang='grc' dir='ltr'>ούρανοῦ,</span> <span class='ocrx_word' id='word_1_375' title='bbox 1168 4244 1462 4308; x_wconf 74' lang='grc' dir='ltr'>τοῦτ’ἐστι,</span> <span class='ocrx_word' id='word_1_376' title='bbox 1489 4243 1752 4312; x_wconf 84' lang='grc' dir='ltr'>Χριστός;</span> <span class='ocrx_word' id='word_1_377' title='bbox 1780 4238 1988 4294; x_wconf 84' lang='grc' dir='ltr'>Οὐκοῦν</span> 
     </span>
    </p>
   </div>
   <div class='ocr_carea' id='block_1_47' title="bbox 408 4326 1989 4410">
    <p class='ocr_par' dir='ltr' id='par_1_47' title="bbox 408 4326 1989 4410">
     <span class='ocr_line' id='line_1_47' title="bbox 408 4326 1989 4410; baseline -0.01 -16"><span class='ocrx_word' id='word_1_378' title='bbox 408 4343 472 4394; x_wconf 81' lang='grc' dir='ltr'>ὲν</span> <span class='ocrx_word' id='word_1_379' title='bbox 507 4341 603 4409; x_wconf 85' lang='grc' dir='ltr'>μὲν</span> <span class='ocrx_word' id='word_1_380' title='bbox 636 4342 701 4410; x_wconf 83' lang='grc' dir='ltr'><strong>τῇ</strong></span> <span class='ocrx_word' id='word_1_381' title='bbox 740 4334 985 4407; x_wconf 78' lang='grc' dir='ltr'>ὲσωτέρᾳ</span> <span class='ocrx_word' id='word_1_382' title='bbox 1051 4336 1223 4405; x_wconf 77' lang='grc' dir='ltr'>σκηνῇ</span> <span class='ocrx_word' id='word_1_383' title='bbox 1263 4331 1515 4385; x_wconf 81' lang='grc' dir='ltr'>πλούσιόν</span> <span class='ocrx_word' id='word_1_384' title='bbox 1553 4347 1614 4383; x_wconf 86' lang='grc' dir='ltr'><strong>τε</strong></span> <span class='ocrx_word' id='word_1_385' title='bbox 1663 4329 1757 4381; x_wconf 77' lang='grc' dir='ltr'>καὶ</span> <span class='ocrx_word' id='word_1_386' title='bbox 1793 4326 1989 4379; x_wconf 76' lang='grc' dir='ltr'>λεπτὸν</span> 
     </span>
    </p>
   </div>
   <div class='ocr_carea' id='block_1_48' title="bbox 2072 492 3652 563">
    <p class='ocr_par' dir='ltr' id='par_1_48' title="bbox 2072 492 3652 563">
     <span class='ocr_line' id='line_1_48' title="bbox 2072 492 3652 563; baseline 0.001 -18"><span class='ocrx_word' id='word_1_387' title='bbox 2072 506 2168 546; x_wconf 90' lang='lat' dir='ltr'><strong>eos</strong></span> <span class='ocrx_word' id='word_1_388' title='bbox 2193 492 2330 547; x_wconf 90' lang='lat' dir='ltr'><strong>duas</strong></span> <span class='ocrx_word' id='word_1_389' title='bbox 2355 492 2686 562; x_wconf 73' lang='lat' dir='ltr'><strong>positiones;</strong></span> <span class='ocrx_word' id='word_1_390' title='bbox 2718 507 2809 548; x_wconf 78' lang='lat' dir='ltr'><strong>sex</strong></span> <span class='ocrx_word' id='word_1_391' title='bbox 2831 508 2999 563; x_wconf 87' lang='lat' dir='ltr'><strong>panes</strong></span> <span class='ocrx_word' id='word_1_392' title='bbox 3019 500 3187 547; x_wconf 86' lang='lat' dir='ltr'><strong>erunt</strong></span> <span class='ocrx_word' id='word_1_393' title='bbox 3209 508 3317 546; x_wconf 87' lang='lat' dir='ltr'><strong>una</strong></span> <span class='ocrx_word' id='word_1_394' title='bbox 3337 493 3538 562; x_wconf 89' lang='lat' dir='ltr'><strong>positio</strong></span> <span class='ocrx_word' id='word_1_395' title='bbox 3558 507 3652 547; x_wconf 85' lang='lat' dir='ltr'><strong>su-</strong></span> 
     </span>
    </p>
   </div>
   <div class='ocr_carea' id='block_1_49' title="bbox 2070 584 3653 655">
    <p class='ocr_par' dir='ltr' id='par_1_49' title="bbox 2070 584 3653 655">
     <span class='ocr_line' id='line_1_49' title="bbox 2070 584 3653 655; baseline 0.001 -17"><span class='ocrx_word' id='word_1_396' title='bbox 2070 598 2171 653; x_wconf 90' lang='lat' dir='ltr'><strong>per</strong></span> <span class='ocrx_word' id='word_1_397' title='bbox 2205 598 2449 638; x_wconf 82' lang='lat' dir='ltr'><strong>mensam</strong></span> <span class='ocrx_word' id='word_1_398' title='bbox 2481 600 2675 655; x_wconf 89' lang='lat' dir='ltr'><strong>puram</strong></span> <span class='ocrx_word' id='word_1_399' title='bbox 2720 600 2905 639; x_wconf 90' lang='lat' dir='ltr'><strong>coram</strong></span> <span class='ocrx_word' id='word_1_400' title='bbox 2945 585 3178 640; x_wconf 91' lang='lat' dir='ltr'><strong>Domino</strong></span> <span class='ocrx_word' id='word_1_401' title='bbox 3213 602 3227 637; x_wconf 89' lang='lat'><strong>:</strong></span> <span class='ocrx_word' id='word_1_402' title='bbox 3260 594 3318 640; x_wconf 91' lang='lat' dir='ltr'><strong>ct</strong></span> <span class='ocrx_word' id='word_1_403' title='bbox 3358 584 3653 654; x_wconf 75' lang='lat' dir='ltr'><strong>imponetis</strong></span> 
     </span>
    </p>
   </div>
   <div class='ocr_carea' id='block_1_50' title="bbox 2073 673 3649 745">
    <p class='ocr_par' dir='ltr' id='par_1_50' title="bbox 2073 673 3649 745">
     <span class='ocr_line' id='line_1_50' title="bbox 2073 673 3649 745; baseline 0.001 -18"><span class='ocrx_word' id='word_1_404' title='bbox 2073 687 2238 743; x_wconf 86' lang='lat' dir='ltr'><strong>super</strong></span> <span class='ocrx_word' id='word_1_405' title='bbox 2266 673 2592 743; x_wconf 74' lang='lat' dir='ltr'><strong>positionem</strong></span> <span class='ocrx_word' id='word_1_406' title='bbox 2623 675 2752 730; x_wconf 90' lang='lat' dir='ltr'><strong>thus</strong></span> <span class='ocrx_word' id='word_1_407' title='bbox 2792 690 2993 745; x_wconf 87' lang='lat' dir='ltr'><strong>purum</strong></span> <span class='ocrx_word' id='word_1_408' title='bbox 3035 683 3094 729; x_wconf 89' lang='lat' dir='ltr'><strong>et</strong></span> <span class='ocrx_word' id='word_1_409' title='bbox 3121 676 3199 730; x_wconf 89' lang='lat' dir='ltr'><strong>sal</strong></span> <span class='ocrx_word' id='word_1_410' title='bbox 3232 693 3245 727; x_wconf 90' lang='lat'>:</span> <span class='ocrx_word' id='word_1_411' title='bbox 3281 681 3517 729; x_wconf 88' lang='lat' dir='ltr'><strong>eterunt</strong></span> <span class='ocrx_word' id='word_1_412' title='bbox 3549 689 3649 745; x_wconf 84' lang='lat' dir='ltr'><strong>pa-</strong></span> 
     </span>
    </p>
   </div>
   <div class='ocr_carea' id='block_1_51' title="bbox 2070 766 3651 836">
    <p class='ocr_par' dir='ltr' id='par_1_51' title="bbox 2070 766 3651 836">
     <span class='ocr_line' id='line_1_51' title="bbox 2070 766 3651 836; baseline -0.001 -17"><span class='ocrx_word' id='word_1_413' title='bbox 2070 780 2181 822; x_wconf 87' lang='lat' dir='ltr'><strong>nes-</strong></span> <span class='ocrx_word' id='word_1_414' title='bbox 2215 766 2273 820; x_wconf 88' lang='lat' dir='ltr'><strong>in</strong></span> <span class='ocrx_word' id='word_1_415' title='bbox 2314 766 2635 820; x_wconf 84' lang='lat' dir='ltr'><strong>memoriam</strong></span> <span class='ocrx_word' id='word_1_416' title='bbox 2684 766 2953 836; x_wconf 82' lang='lat' dir='ltr'><strong>propositi</strong></span> <span class='ocrx_word' id='word_1_417' title='bbox 2999 766 3233 821; x_wconf 89' lang='lat' dir='ltr'><strong>Domino</strong></span> <span class='ocrx_word' id='word_1_418' title='bbox 3266 782 3280 818; x_wconf 89' lang='lat'><strong>:</strong></span> <span class='ocrx_word' id='word_1_419' title='bbox 3318 766 3407 820; x_wconf 89' lang='lat' dir='ltr'><strong>die</strong></span> <span class='ocrx_word' id='word_1_420' title='bbox 3436 766 3651 821; x_wconf 86' lang='lat' dir='ltr'><strong>sabbatt</strong></span> 
     </span>
    </p>
   </div>
   <div class='ocr_carea' id='block_1_52' title="bbox 2071 856 3656 929">
    <p class='ocr_par' dir='ltr' id='par_1_52' title="bbox 2071 856 3656 929">
     <span class='ocr_line' id='line_1_52' title="bbox 2071 856 3656 929; baseline 0 -18"><span class='ocrx_word' id='word_1_421' title='bbox 2071 856 2391 929; x_wconf 86' lang='lat' dir='ltr'><strong>proponetis</strong></span> <span class='ocrx_word' id='word_1_422' title='bbox 2445 872 2630 912; x_wconf 89' lang='lat' dir='ltr'><strong>coram</strong></span> <span class='ocrx_word' id='word_1_423' title='bbox 2684 857 2918 912; x_wconf 90' lang='lat' dir='ltr'><strong>Domino</strong></span> <span class='ocrx_word' id='word_1_424' title='bbox 2966 857 3023 911; x_wconf 91' lang='lat' dir='ltr'><strong>in</strong></span> <span class='ocrx_word' id='word_1_425' title='bbox 3069 865 3396 927; x_wconf 88' lang='lat' dir='ltr'><strong>perpetuum</strong></span> <span class='ocrx_word' id='word_1_426' title='bbox 3450 873 3480 911; x_wconf 88' lang='lat' dir='ltr'><strong>a</strong></span> <span class='ocrx_word' id='word_1_427' title='bbox 3525 856 3656 911; x_wconf 85' lang='lat' dir='ltr'><strong>ﬁliis</strong></span> 
     </span>
    </p>
   </div>
   <div class='ocr_carea' id='block_1_53' title="bbox 2071 947 3656 1016">
    <p class='ocr_par' dir='ltr' id='par_1_53' title="bbox 2071 947 3656 1016">
     <span class='ocr_line' id='line_1_53' title="bbox 2071 947 3656 1016; baseline -0.001 -12"><span class='ocrx_word' id='word_1_428' title='bbox 2071 948 2259 1013; x_wconf 82' lang='lat' dir='ltr'><strong>Israel,</strong></span> <span class='ocrx_word' id='word_1_429' title='bbox 2291 954 2678 1004; x_wconf 83' lang='lat' dir='ltr'><strong>testamentum</strong></span> <span class='ocrx_word' id='word_1_430' title='bbox 2716 947 3153 1016; x_wconf 87' lang='lat' dir='ltr'><strong>sempiternum;</strong></span> <span class='ocrx_word' id='word_1_431' title='bbox 3190 957 3248 1002; x_wconf 90' lang='lat' dir='ltr'><strong>et</strong></span> <span class='ocrx_word' id='word_1_432' title='bbox 3283 955 3448 1002; x_wconf 89' lang='lat' dir='ltr'><strong>erunt</strong></span> <span class='ocrx_word' id='word_1_433' title='bbox 3470 948 3656 1003; x_wconf 79' lang='lat' dir='ltr'><strong>Aaron</strong></span> 
     </span>
    </p>
   </div>
   <div class='ocr_carea' id='block_1_54' title="bbox 2071 1036 3657 1109">
    <p class='ocr_par' dir='ltr' id='par_1_54' title="bbox 2071 1036 3657 1109">
     <span class='ocr_line' id='line_1_54' title="bbox 2071 1036 3657 1109; baseline -0.003 -16"><span class='ocrx_word' id='word_1_434' title='bbox 2071 1047 2127 1095; x_wconf 86' lang='lat' dir='ltr'><strong>et</strong></span> <span class='ocrx_word' id='word_1_435' title='bbox 2151 1038 2277 1093; x_wconf 80' lang='lat' dir='ltr'><strong>ﬁliis</strong></span> <span class='ocrx_word' id='word_1_436' title='bbox 2309 1039 2449 1109; x_wconf 85' lang='lat' dir='ltr'><strong>ejus,</strong></span> <span class='ocrx_word' id='word_1_437' title='bbox 2492 1046 2549 1093; x_wconf 90' lang='lat' dir='ltr'><strong>et</strong></span> <span class='ocrx_word' id='word_1_438' title='bbox 2591 1036 2882 1092; x_wconf 89' lang='lat' dir='ltr'><strong>comedent</strong></span> <span class='ocrx_word' id='word_1_439' title='bbox 2917 1050 2982 1091; x_wconf 88' lang='lat' dir='ltr'><strong>ea</strong></span> <span class='ocrx_word' id='word_1_440' title='bbox 3025 1036 3230 1090; x_wconf 90' lang='lat' dir='ltr'><strong>inloco</strong></span> <span class='ocrx_word' id='word_1_441' title='bbox 3268 1045 3489 1091; x_wconf 88' lang='lat' dir='ltr'><strong>sancto:</strong></span> <span class='ocrx_word' id='word_1_442' title='bbox 3524 1044 3657 1091; x_wconf 86' lang='lat' dir='ltr'><strong>sunt</strong></span> 
     </span>
    </p>
   </div>
   <div class='ocr_carea' id='block_1_55' title="bbox 2071 1129 3656 1200">
    <p class='ocr_par' dir='ltr' id='par_1_55' title="bbox 2071 1129 3656 1200">
     <span class='ocr_line' id='line_1_55' title="bbox 2071 1129 3656 1200; baseline -0.002 -13"><span class='ocrx_word' id='word_1_443' title='bbox 2071 1133 2219 1188; x_wconf 90' lang='lat' dir='ltr'><strong>enim</strong></span> <span class='ocrx_word' id='word_1_444' title='bbox 2241 1133 2438 1189; x_wconf 87' lang='lat' dir='ltr'><strong>Sancta</strong></span> <span class='ocrx_word' id='word_1_445' title='bbox 2470 1140 2787 1187; x_wconf 90' lang='lat' dir='ltr'><strong>sanctorum</strong></span> <span class='ocrx_word' id='word_1_446' title='bbox 2816 1131 2957 1186; x_wconf 88' lang='lat' dir='ltr'><strong>:boc</strong></span> <span class='ocrx_word' id='word_1_447' title='bbox 2983 1130 3063 1186; x_wconf 90' lang='lat' dir='ltr'><strong>illi</strong></span> <span class='ocrx_word' id='word_1_448' title='bbox 3092 1129 3270 1195; x_wconf 88' lang='lat' dir='ltr'><strong>abiis,</strong></span> <span class='ocrx_word' id='word_1_449' title='bbox 3301 1145 3424 1200; x_wconf 71' lang='lat' dir='ltr'><strong>qua:</strong></span> <span class='ocrx_word' id='word_1_450' title='bbox 3451 1130 3656 1185; x_wconf 82' lang='lat' dir='ltr'><strong>sancti-</strong></span> 
     </span>
    </p>
   </div>
   <div class='ocr_carea' id='block_1_56' title="bbox 2072 1221 3653 1295">
    <p class='ocr_par' dir='ltr' id='par_1_56' title="bbox 2072 1221 3653 1295">
     <span class='ocr_line' id='line_1_56' title="bbox 2072 1221 3653 1295; baseline -0.002 -17"><span class='ocrx_word' id='word_1_451' title='bbox 2072 1222 2305 1278; x_wconf 81' lang='lat' dir='ltr'><strong>ﬁcantur</strong></span> <span class='ocrx_word' id='word_1_452' title='bbox 2320 1223 2571 1289; x_wconf 90' lang='lat' dir='ltr'><strong>Domino,</strong></span> <span class='ocrx_word' id='word_1_453' title='bbox 2587 1223 2890 1295; x_wconf 88' lang='lat' dir='ltr'><strong>legitimum</strong></span> <span class='ocrx_word' id='word_1_454' title='bbox 2907 1223 3302 1292; x_wconf 88' lang='lat' dir='ltr'><strong>sempiternum</strong></span> <span class='ocrx_word' id='word_1_455' title='bbox 3318 1222 3383 1274; x_wconf 83' lang='grc'><strong>⁷⁷.</strong></span> <span class='ocrx_word' id='word_1_456' title='bbox 3407 1241 3425 1272; x_wconf 72' lang='grc' dir='ltr'><strong>ι</strong></span> <span class='ocrx_word' id='word_1_457' title='bbox 3446 1221 3653 1276; x_wconf 85' lang='lat' dir='ltr'><strong>Purum</strong></span> 
     </span>
    </p>
   </div>
   <div class='ocr_carea' id='block_1_57' title="bbox 2072 1313 3654 1386">
    <p class='ocr_par' dir='ltr' id='par_1_57' title="bbox 2072 1313 3654 1386">
     <span class='ocr_line' id='line_1_57' title="bbox 2072 1313 3654 1386; baseline 0.001 -18"><span class='ocrx_word' id='word_1_458' title='bbox 2072 1314 2240 1385; x_wconf 81' lang='lat' dir='ltr'><strong>igitur</strong></span> <span class='ocrx_word' id='word_1_459' title='bbox 2261 1315 2528 1385; x_wconf 68' lang='lat' dir='ltr'><strong>quaeritur</strong></span> <span class='ocrx_word' id='word_1_460' title='bbox 2567 1315 2772 1380; x_wconf 90' lang='lat' dir='ltr'><strong>oleum,</strong></span> <span class='ocrx_word' id='word_1_461' title='bbox 2811 1325 2976 1386; x_wconf 88' lang='lat' dir='ltr'><strong>atque</strong></span> <span class='ocrx_word' id='word_1_462' title='bbox 3011 1313 3346 1385; x_wconf 89' lang='lat' dir='ltr'><strong>oleaginum,</strong></span> <span class='ocrx_word' id='word_1_463' title='bbox 3376 1313 3431 1368; x_wconf 90' lang='lat' dir='ltr'><strong>id</strong></span> <span class='ocrx_word' id='word_1_464' title='bbox 3458 1322 3542 1369; x_wconf 89' lang='lat' dir='ltr'><strong>est</strong></span> <span class='ocrx_word' id='word_1_465' title='bbox 3583 1330 3654 1369; x_wconf 75' lang='lat' dir='ltr'><strong>ex</strong></span> 
     </span>
    </p>
   </div>
   <div class='ocr_carea' id='block_1_58' title="bbox 2072 1405 3653 1479">
    <p class='ocr_par' dir='ltr' id='par_1_58' title="bbox 2072 1405 3653 1479">
     <span class='ocr_line' id='line_1_58' title="bbox 2072 1405 3653 1479; baseline -0.001 -18"><span class='ocrx_word' id='word_1_466' title='bbox 2072 1406 2229 1472; x_wconf 90' lang='lat' dir='ltr'><strong>oleis,</strong></span> <span class='ocrx_word' id='word_1_467' title='bbox 2258 1405 2421 1479; x_wconf 64' lang='lat' dir='ltr'><strong>3M</strong></span> <span class='ocrx_word' id='word_1_468' title='bbox 2446 1422 2557 1462; x_wconf 91' lang='lat' dir='ltr'><strong>non</strong></span> <span class='ocrx_word' id='word_1_469' title='bbox 2589 1423 2654 1462; x_wconf 83' lang='lat' dir='ltr'><strong>ex</strong></span> <span class='ocrx_word' id='word_1_470' title='bbox 2677 1407 2904 1462; x_wconf 87' lang='lat' dir='ltr'><strong>alterius</strong></span> <span class='ocrx_word' id='word_1_471' title='bbox 2925 1407 3142 1477; x_wconf 79' lang='lat' dir='ltr'><strong>generis</strong></span> <span class='ocrx_word' id='word_1_472' title='bbox 3158 1405 3463 1461; x_wconf 86' lang='lat' dir='ltr'><strong>seminibus</strong></span> <span class='ocrx_word' id='word_1_473' title='bbox 3488 1414 3653 1476; x_wconf 85' lang='lat' dir='ltr'><strong>atque</strong></span> 
     </span>
    </p>
   </div>
   <div class='ocr_carea' id='block_1_59' title="bbox 2073 1494 3650 1568">
    <p class='ocr_par' dir='ltr' id='par_1_59' title="bbox 2073 1494 3650 1568">
     <span class='ocr_line' id='line_1_59' title="bbox 2073 1494 3650 1568; baseline 0.001 -18"><span class='ocrx_word' id='word_1_474' title='bbox 2073 1496 2453 1563; x_wconf 81' lang='lat' dir='ltr'><strong>terrestribus,</strong></span> <span class='ocrx_word' id='word_1_475' title='bbox 2487 1512 2518 1552; x_wconf 89' lang='lat' dir='ltr'><strong>e</strong></span> <span class='ocrx_word' id='word_1_476' title='bbox 2542 1497 2744 1568; x_wconf 86' lang='lat' dir='ltr'><strong>quibus</strong></span> <span class='ocrx_word' id='word_1_477' title='bbox 2764 1496 3179 1567; x_wconf 79' lang='lat' dir='ltr'><strong>exprimebatur</strong></span> <span class='ocrx_word' id='word_1_478' title='bbox 3199 1494 3421 1565; x_wconf 90' lang='lat' dir='ltr'><strong>quidem</strong></span> <span class='ocrx_word' id='word_1_479' title='bbox 3444 1496 3650 1561; x_wconf 89' lang='lat' dir='ltr'><strong>oleum,</strong></span> 
     </span>
    </p>
   </div>
   <div class='ocr_carea' id='block_1_60' title="bbox 2072 1586 3649 1660">
    <p class='ocr_par' dir='ltr' id='par_1_60' title="bbox 2072 1586 3649 1660">
     <span class='ocr_line' id='line_1_60' title="bbox 2072 1586 3649 1660; baseline 0 -19"><span class='ocrx_word' id='word_1_480' title='bbox 2072 1586 2168 1642; x_wconf 90' lang='lat' dir='ltr'><strong>sed</strong></span> <span class='ocrx_word' id='word_1_481' title='bbox 2193 1588 2423 1644; x_wconf 86' lang='lat' dir='ltr'><strong>nothum</strong></span> <span class='ocrx_word' id='word_1_482' title='bbox 2457 1589 2863 1660; x_wconf 90' lang='lat' dir='ltr'><strong>quodammodo</strong></span> <span class='ocrx_word' id='word_1_483' title='bbox 2886 1629 2900 1653; x_wconf 92' lang='lat'><strong>,</strong></span> <span class='ocrx_word' id='word_1_484' title='bbox 2944 1595 3001 1642; x_wconf 88' lang='lat' dir='ltr'><strong>et</strong></span> <span class='ocrx_word' id='word_1_485' title='bbox 3045 1587 3203 1657; x_wconf 91' lang='lat' dir='ltr'><strong>quasi</strong></span> <span class='ocrx_word' id='word_1_486' title='bbox 3238 1586 3649 1654; x_wconf 88' lang='lat' dir='ltr'><strong>adulteratum;</strong></span> 
     </span>
    </p>
   </div>
   <div class='ocr_carea' id='block_1_61' title="bbox 2073 1678 3653 1751">
    <p class='ocr_par' dir='ltr' id='par_1_61' title="bbox 2073 1678 3653 1751">
     <span class='ocr_line' id='line_1_61' title="bbox 2073 1678 3653 1751; baseline -0.001 -16"><span class='ocrx_word' id='word_1_487' title='bbox 2073 1695 2291 1751; x_wconf 85' lang='lat' dir='ltr'><strong>semper</strong></span> <span class='ocrx_word' id='word_1_488' title='bbox 2330 1681 2477 1736; x_wconf 90' lang='lat' dir='ltr'><strong>enim</strong></span> <span class='ocrx_word' id='word_1_489' title='bbox 2518 1689 2603 1737; x_wconf 89' lang='lat' dir='ltr'><strong>est</strong></span> <span class='ocrx_word' id='word_1_490' title='bbox 2639 1683 2696 1737; x_wconf 91' lang='lat' dir='ltr'><strong>in</strong></span> <span class='ocrx_word' id='word_1_491' title='bbox 2745 1681 3007 1737; x_wconf 86' lang='lat' dir='ltr'><strong>Ecclesiis</strong></span> <span class='ocrx_word' id='word_1_492' title='bbox 3036 1693 3238 1751; x_wconf 88' lang='lat' dir='ltr'><strong>purum</strong></span> <span class='ocrx_word' id='word_1_493' title='bbox 3277 1692 3341 1732; x_wconf 89' lang='lat' dir='ltr'><strong>ac</strong></span> <span class='ocrx_word' id='word_1_494' title='bbox 3377 1678 3653 1734; x_wconf 87' lang='lat' dir='ltr'><strong>sincerum</strong></span> 
     </span>
    </p>
   </div>
   <div class='ocr_carea' id='block_1_62' title="bbox 2003 1762 3653 1842">
    <p class='ocr_par' dir='ltr' id='par_1_62' title="bbox 2003 1762 3653 1842">
     <span class='ocr_line' id='line_1_62' title="bbox 2003 1762 3653 1842; baseline 0.003 -23"><span class='ocrx_word' id='word_1_495' title='bbox 2003 1762 2047 1818; x_wconf 89' lang='lat' dir='ltr'><strong>B</strong></span> <span class='ocrx_word' id='word_1_496' title='bbox 2074 1783 2204 1823; x_wconf 86' lang='lat' dir='ltr'><strong>vere</strong></span> <span class='ocrx_word' id='word_1_497' title='bbox 2238 1770 2445 1836; x_wconf 85' lang='lat' dir='ltr'><strong>lumen,</strong></span> <span class='ocrx_word' id='word_1_498' title='bbox 2470 1770 2606 1826; x_wconf 88' lang='lat' dir='ltr'><strong>illud</strong></span> <span class='ocrx_word' id='word_1_499' title='bbox 2644 1771 2930 1837; x_wconf 89' lang='lat' dir='ltr'><strong>nimirum,</strong></span> <span class='ocrx_word' id='word_1_500' title='bbox 2972 1770 3120 1842; x_wconf 92' lang='lat' dir='ltr'><strong>quod</strong></span> <span class='ocrx_word' id='word_1_501' title='bbox 3150 1784 3251 1839; x_wconf 90' lang='lat' dir='ltr'><strong>per</strong></span> <span class='ocrx_word' id='word_1_502' title='bbox 3294 1767 3573 1825; x_wconf 86' lang='lat' dir='ltr'><strong>Christum</strong></span> <span class='ocrx_word' id='word_1_503' title='bbox 3596 1770 3653 1824; x_wconf 88' lang='lat' dir='ltr'><strong>in</strong></span> 
     </span>
    </p>
   </div>
   <div class='ocr_carea' id='block_1_63' title="bbox 2072 1858 3651 1934">
    <p class='ocr_par' dir='ltr' id='par_1_63' title="bbox 2072 1858 3651 1934">
     <span class='ocr_line' id='line_1_63' title="bbox 2072 1858 3651 1934; baseline 0.002 -19"><span class='ocrx_word' id='word_1_504' title='bbox 2072 1858 2282 1931; x_wconf 90' lang='lat' dir='ltr'><strong>Spiritu</strong></span> <span class='ocrx_word' id='word_1_505' title='bbox 2326 1870 2519 1918; x_wconf 87' lang='lat' dir='ltr'><strong>sancto</strong></span> <span class='ocrx_word' id='word_1_506' title='bbox 2559 1862 2902 1923; x_wconf 87' lang='lat' dir='ltr'><strong>accenditur.</strong></span> <span class='ocrx_word' id='word_1_507' title='bbox 2942 1865 3194 1934; x_wconf 77' lang='lat' dir='ltr'><strong>quamvis</strong></span> <span class='ocrx_word' id='word_1_508' title='bbox 3216 1873 3533 1922; x_wconf 89' lang='lat' dir='ltr'><strong>sanctorum</strong></span> <span class='ocrx_word' id='word_1_509' title='bbox 3566 1863 3651 1919; x_wconf 84' lang='lat' dir='ltr'><strong>vi-</strong></span> 
     </span>
    </p>
   </div>
   <div class='ocr_carea' id='block_1_64' title="bbox 2070 1954 3654 2026">
    <p class='ocr_par' dir='ltr' id='par_1_64' title="bbox 2070 1954 3654 2026">
     <span class='ocr_line' id='line_1_64' title="bbox 2070 1954 3654 2026; baseline 0.003 -20"><span class='ocrx_word' id='word_1_510' title='bbox 2070 1966 2260 2007; x_wconf 88' lang='lat' dir='ltr'><strong>rorum</strong></span> <span class='ocrx_word' id='word_1_511' title='bbox 2317 1969 2452 2010; x_wconf 83' lang='lat' dir='ltr'><strong>voce</strong></span> <span class='ocrx_word' id='word_1_512' title='bbox 2492 1954 2863 2021; x_wconf 88' lang='lat' dir='ltr'><strong>ministretur,</strong></span> <span class='ocrx_word' id='word_1_513' title='bbox 2911 1956 3115 2026; x_wconf 88' lang='lat' dir='ltr'><strong>quibus</strong></span> <span class='ocrx_word' id='word_1_514' title='bbox 3164 1958 3305 2013; x_wconf 77' lang='lat' dir='ltr'><strong>dixit</strong></span> <span class='ocrx_word' id='word_1_515' title='bbox 3355 1957 3654 2016; x_wconf 88' lang='lat' dir='ltr'><strong>Christus:</strong></span> 
     </span>
    </p>
   </div>
   <div class='ocr_carea' id='block_1_65' title="bbox 2080 2045 3657 2120">
    <p class='ocr_par' dir='ltr' id='par_1_65' title="bbox 2080 2045 3657 2120">
     <span class='ocr_line' id='line_1_65' title="bbox 2080 2045 3657 2120; baseline 0.006 -24"><span class='ocrx_word' id='word_1_516' title='bbox 2080 2063 2098 2095; x_wconf 75' lang='grc' dir='ltr'><strong>ι</strong></span> <span class='ocrx_word' id='word_1_517' title='bbox 2127 2045 2238 2101; x_wconf 77' lang='lat' dir='ltr'><strong>Vos</strong></span> <span class='ocrx_word' id='word_1_518' title='bbox 2266 2047 2399 2102; x_wconf 87' lang='lat' dir='ltr'><strong>estis</strong></span> <span class='ocrx_word' id='word_1_519' title='bbox 2438 2047 2534 2102; x_wconf 80' lang='lat' dir='ltr'><strong>lux</strong></span> <span class='ocrx_word' id='word_1_520' title='bbox 2568 2048 2761 2103; x_wconf 88' lang='lat' dir='ltr'><strong>mundi</strong></span> <span class='ocrx_word' id='word_1_521' title='bbox 2783 2048 2848 2103; x_wconf 83' lang='grc'><strong>⁷⁸.</strong></span> <span class='ocrx_word' id='word_1_522' title='bbox 2891 2067 2909 2101; x_wconf 84' lang='grc'><strong><em>›</em></strong></span> <span class='ocrx_word' id='word_1_523' title='bbox 2939 2049 3128 2120; x_wconf 80' lang='lat' dir='ltr'><strong>Neque</strong></span> <span class='ocrx_word' id='word_1_524' title='bbox 3177 2051 3232 2105; x_wconf 92' lang='lat' dir='ltr'><strong>id</strong></span> <span class='ocrx_word' id='word_1_525' title='bbox 3263 2051 3489 2117; x_wconf 89' lang='lat' dir='ltr'><strong>mirum;</strong></span> <span class='ocrx_word' id='word_1_526' title='bbox 3526 2065 3657 2105; x_wconf 89' lang='lat' dir='ltr'><strong>nam</strong></span> 
     </span>
    </p>
   </div>
   <div class='ocr_carea' id='block_1_66' title="bbox 2072 2136 3655 2213">
    <p class='ocr_par' dir='ltr' id='par_1_66' title="bbox 2072 2136 3655 2213">
     <span class='ocr_line' id='line_1_66' title="bbox 2072 2136 3655 2213; baseline 0.005 -23"><span class='ocrx_word' id='word_1_527' title='bbox 2072 2151 2212 2206; x_wconf 91' lang='lat' dir='ltr'><strong>quos</strong></span> <span class='ocrx_word' id='word_1_528' title='bbox 2246 2136 2447 2195; x_wconf 82' lang='lat' dir='ltr'><strong>fratres</strong></span> <span class='ocrx_word' id='word_1_529' title='bbox 2470 2141 2782 2211; x_wconf 82' lang='lat' dir='ltr'><strong>appellavit,</strong></span> <span class='ocrx_word' id='word_1_530' title='bbox 2810 2150 2867 2196; x_wconf 89' lang='lat' dir='ltr'><strong>et</strong></span> <span class='ocrx_word' id='word_1_531' title='bbox 2910 2142 3206 2213; x_wconf 89' lang='lat' dir='ltr'><strong>participes</strong></span> <span class='ocrx_word' id='word_1_532' title='bbox 3237 2142 3321 2198; x_wconf 91' lang='lat' dir='ltr'><strong>sui</strong></span> <span class='ocrx_word' id='word_1_533' title='bbox 3344 2143 3655 2209; x_wconf 86' lang='lat' dir='ltr'><strong>constituit,</strong></span> 
     </span>
    </p>
   </div>
   <div class='ocr_carea' id='block_1_67' title="bbox 2073 2229 3665 2305">
    <p class='ocr_par' dir='ltr' id='par_1_67' title="bbox 2073 2229 3665 2305">
     <span class='ocr_line' id='line_1_67' title="bbox 2073 2229 3665 2305; baseline 0.003 -21"><span class='ocrx_word' id='word_1_534' title='bbox 2073 2229 2143 2285; x_wconf 90' lang='lat' dir='ltr'><strong>iis</strong></span> <span class='ocrx_word' id='word_1_535' title='bbox 2161 2231 2557 2286; x_wconf 83' lang='lat' dir='ltr'><strong>convenienter</strong></span> <span class='ocrx_word' id='word_1_536' title='bbox 2591 2247 2817 2287; x_wconf 90' lang='lat' dir='ltr'><strong>suarum</strong></span> <span class='ocrx_word' id='word_1_537' title='bbox 2859 2234 3255 2302; x_wconf 86' lang='lat' dir='ltr'><strong>proprietatum</strong></span> <span class='ocrx_word' id='word_1_538' title='bbox 3281 2234 3511 2305; x_wconf 76' lang='lat' dir='ltr'><strong>gloriam</strong></span> <span class='ocrx_word' id='word_1_539' title='bbox 3558 2234 3665 2288; x_wconf 87' lang='lat' dir='ltr'><strong>im-</strong></span> 
     </span>
    </p>
   </div>
   <div class='ocr_carea' id='block_1_68' title="bbox 2072 2322 3663 2397">
    <p class='ocr_par' dir='ltr' id='par_1_68' title="bbox 2072 2322 3663 2397">
     <span class='ocr_line' id='line_1_68' title="bbox 2072 2322 3663 2397; baseline 0.002 -18"><span class='ocrx_word' id='word_1_540' title='bbox 2072 2325 2262 2394; x_wconf 88' lang='lat' dir='ltr'><strong>partit.</strong></span> <span class='ocrx_word' id='word_1_541' title='bbox 2296 2322 2467 2379; x_wconf 86' lang='lat' dir='ltr'><strong>Ardet</strong></span> <span class='ocrx_word' id='word_1_542' title='bbox 2487 2324 2673 2395; x_wconf 85' lang='lat' dir='ltr'><strong>itaque</strong></span> <span class='ocrx_word' id='word_1_543' title='bbox 2707 2325 2953 2390; x_wconf 91' lang='lat' dir='ltr'><strong>lucerna,</strong></span> <span class='ocrx_word' id='word_1_544' title='bbox 2984 2325 3041 2380; x_wconf 93' lang='lat' dir='ltr'><strong>in</strong></span> <span class='ocrx_word' id='word_1_545' title='bbox 3072 2327 3252 2397; x_wconf 91' lang='lat' dir='ltr'><strong>primo</strong></span> <span class='ocrx_word' id='word_1_546' title='bbox 3303 2327 3663 2383; x_wconf 88' lang='lat' dir='ltr'><strong>tabernaculo</strong></span> 
     </span>
    </p>
   </div>
   <div class='ocr_carea' id='block_1_69' title="bbox 2073 2415 3663 2489">
    <p class='ocr_par' dir='ltr' id='par_1_69' title="bbox 2073 2415 3663 2489">
     <span class='ocr_line' id='line_1_69' title="bbox 2073 2415 3663 2489; baseline 0.002 -19"><span class='ocrx_word' id='word_1_547' title='bbox 2073 2416 2259 2482; x_wconf 84' lang='lat' dir='ltr'><strong>ardet;</strong></span> <span class='ocrx_word' id='word_1_548' title='bbox 2285 2429 2461 2487; x_wconf 88' lang='lat' dir='ltr'><strong>eaque</strong></span> <span class='ocrx_word' id='word_1_549' title='bbox 2488 2430 2576 2472; x_wconf 89' lang='lat' dir='ltr'><strong>res</strong></span> <span class='ocrx_word' id='word_1_550' title='bbox 2613 2415 2895 2486; x_wconf 89' lang='lat' dir='ltr'><strong>duplicem</strong></span> <span class='ocrx_word' id='word_1_551' title='bbox 2948 2416 3152 2472; x_wconf 89' lang='lat' dir='ltr'><strong>habere</strong></span> <span class='ocrx_word' id='word_1_552' title='bbox 3182 2434 3404 2473; x_wconf 89' lang='lat' dir='ltr'><strong>sensum</strong></span> <span class='ocrx_word' id='word_1_553' title='bbox 3442 2425 3663 2489; x_wconf 82' lang='lat' dir='ltr'><strong>potest;</strong></span> 
     </span>
    </p>
   </div>
   <div class='ocr_carea' id='block_1_70' title="bbox 2073 2508 3660 2580">
    <p class='ocr_par' dir='ltr' id='par_1_70' title="bbox 2073 2508 3660 2580">
     <span class='ocr_line' id='line_1_70' title="bbox 2073 2508 3660 2580; baseline 0.001 -19"><span class='ocrx_word' id='word_1_554' title='bbox 2073 2523 2201 2562; x_wconf 88' lang='lat' dir='ltr'><strong>nam</strong></span> <span class='ocrx_word' id='word_1_555' title='bbox 2225 2508 2279 2563; x_wconf 87' lang='lat' dir='ltr'><strong>in</strong></span> <span class='ocrx_word' id='word_1_556' title='bbox 2303 2508 2554 2564; x_wconf 87' lang='lat' dir='ltr'><strong>interiori</strong></span> <span class='ocrx_word' id='word_1_557' title='bbox 2580 2508 2937 2566; x_wconf 90' lang='lat' dir='ltr'><strong>tabernaculo</strong></span> <span class='ocrx_word' id='word_1_558' title='bbox 2956 2518 3165 2580; x_wconf 88' lang='lat' dir='ltr'><strong>septem</strong></span> <span class='ocrx_word' id='word_1_559' title='bbox 3183 2509 3422 2566; x_wconf 72' lang='lat' dir='ltr'><strong>lucernae</strong></span> <span class='ocrx_word' id='word_1_560' title='bbox 3438 2511 3625 2566; x_wconf 90' lang='lat' dir='ltr'><strong>lucent</strong></span> <span class='ocrx_word' id='word_1_561' title='bbox 3642 2549 3660 2575; x_wconf 92' lang='lat'><strong>,</strong></span> 
     </span>
    </p>
   </div>
   <div class='ocr_carea' id='block_1_71' title="bbox 2073 2586 3663 2673">
    <p class='ocr_par' dir='ltr' id='par_1_71' title="bbox 2073 2586 3663 2673">
     <span class='ocr_line' id='line_1_71' title="bbox 2073 2586 3663 2673; baseline 0.001 -18"><span class='ocrx_word' id='word_1_562' title='bbox 2073 2616 2196 2671; x_wconf 69' lang='lat' dir='ltr'><strong>qua:</strong></span> <span class='ocrx_word' id='word_1_563' title='bbox 2227 2615 2388 2655; x_wconf 90' lang='lat' dir='ltr'><strong>mane</strong></span> <span class='ocrx_word' id='word_1_564' title='bbox 2416 2586 2817 2667; x_wconf 83' lang='lat' dir='ltr'><strong>accenduntur,</strong></span> <span class='ocrx_word' id='word_1_565' title='bbox 2848 2608 3013 2672; x_wconf 83' lang='lat' dir='ltr'><strong>atque</strong></span> <span class='ocrx_word' id='word_1_566' title='bbox 3042 2601 3324 2671; x_wconf 89' lang='lat' dir='ltr'><strong>copiosum</strong></span> <span class='ocrx_word' id='word_1_567' title='bbox 3357 2601 3663 2673; x_wconf 81' lang='lat' dir='ltr'><strong>ingredien-</strong></span> 
     </span>
    </p>
   </div>
   <div class='ocr_carea' id='block_1_72' title="bbox 2073 2693 3661 2766">
    <p class='ocr_par' dir='ltr' id='par_1_72' title="bbox 2073 2693 3661 2766">
     <span class='ocr_line' id='line_1_72' title="bbox 2073 2693 3661 2766; baseline 0.001 -18"><span class='ocrx_word' id='word_1_568' title='bbox 2073 2693 2224 2749; x_wconf 86' lang='lat' dir='ltr'><strong>tibus</strong></span> <span class='ocrx_word' id='word_1_569' title='bbox 2265 2694 2451 2750; x_wconf 87' lang='lat' dir='ltr'><strong>lumen</strong></span> <span class='ocrx_word' id='word_1_570' title='bbox 2481 2695 2807 2750; x_wconf 87' lang='lat' dir='ltr'><strong>immittunt.</strong></span> <span class='ocrx_word' id='word_1_571' title='bbox 2837 2696 2916 2751; x_wconf 87' lang='lat' dir='ltr'><strong>Ac</strong></span> <span class='ocrx_word' id='word_1_572' title='bbox 2967 2695 3196 2751; x_wconf 88' lang='lat' dir='ltr'><strong>lucerna</strong></span> <span class='ocrx_word' id='word_1_573' title='bbox 3229 2696 3472 2766; x_wconf 89' lang='lat' dir='ltr'><strong>quidem,</strong></span> <span class='ocrx_word' id='word_1_574' title='bbox 3509 2705 3572 2751; x_wconf 89' lang='lat' dir='ltr'><strong>ut</strong></span> <span class='ocrx_word' id='word_1_575' title='bbox 3604 2696 3661 2750; x_wconf 88' lang='lat' dir='ltr'><strong>in</strong></span> 
     </span>
    </p>
   </div>
   <div class='ocr_carea' id='block_1_73' title="bbox 2076 2782 3664 2858">
    <p class='ocr_par' dir='ltr' id='par_1_73' title="bbox 2076 2782 3664 2858">
     <span class='ocr_line' id='line_1_73' title="bbox 2076 2782 3664 2858; baseline 0.003 -20"><span class='ocrx_word' id='word_1_576' title='bbox 2076 2782 2270 2854; x_wconf 79' lang='lat' dir='ltr'><strong>ﬁgura,</strong></span> <span class='ocrx_word' id='word_1_577' title='bbox 2301 2800 2496 2840; x_wconf 87' lang='lat' dir='ltr'><strong>rursus</strong></span> <span class='ocrx_word' id='word_1_578' title='bbox 2524 2783 2779 2841; x_wconf 87' lang='lat' dir='ltr'><strong>Christus</strong></span> <span class='ocrx_word' id='word_1_579' title='bbox 2814 2793 2952 2851; x_wconf 87' lang='lat' dir='ltr'><strong>erat,</strong></span> <span class='ocrx_word' id='word_1_580' title='bbox 2995 2785 3089 2857; x_wconf 91' lang='lat' dir='ltr'><strong>qui</strong></span> <span class='ocrx_word' id='word_1_581' title='bbox 3121 2786 3296 2841; x_wconf 85' lang='lat' dir='ltr'><strong>multo</strong></span> <span class='ocrx_word' id='word_1_582' title='bbox 3328 2787 3664 2858; x_wconf 89' lang='lat' dir='ltr'><strong>c0piosoque</strong></span> 
     </span>
    </p>
   </div>
   <div class='ocr_carea' id='block_1_74' title="bbox 2075 2874 3666 2951">
    <p class='ocr_par' dir='ltr' id='par_1_74' title="bbox 2075 2874 3666 2951">
     <span class='ocr_line' id='line_1_74' title="bbox 2075 2874 3666 2951; baseline 0.004 -23"><span class='ocrx_word' id='word_1_583' title='bbox 2075 2874 2283 2930; x_wconf 90' lang='lat' dir='ltr'><strong>lumine</strong></span> <span class='ocrx_word' id='word_1_584' title='bbox 2322 2875 2381 2930; x_wconf 90' lang='lat' dir='ltr'><strong>in</strong></span> <span class='ocrx_word' id='word_1_585' title='bbox 2419 2875 2618 2932; x_wconf 85' lang='lat' dir='ltr'><strong>Sancta</strong></span> <span class='ocrx_word' id='word_1_586' title='bbox 2651 2886 2969 2933; x_wconf 88' lang='lat' dir='ltr'><strong>sanctorum</strong></span> <span class='ocrx_word' id='word_1_587' title='bbox 3014 2877 3228 2951; x_wconf 84' lang='lat' dir='ltr'><strong>ingredi</strong></span> <span class='ocrx_word' id='word_1_588' title='bbox 3263 2879 3511 2934; x_wconf 88' lang='lat' dir='ltr'><strong>volentes</strong></span> <span class='ocrx_word' id='word_1_589' title='bbox 3541 2879 3666 2934; x_wconf 90' lang='lat' dir='ltr'><strong>illu-</strong></span> 
     </span>
    </p>
   </div>
   <div class='ocr_carea' id='block_1_75' title="bbox 2075 2962 3662 3036">
    <p class='ocr_par' dir='ltr' id='par_1_75' title="bbox 2075 2962 3662 3036">
     <span class='ocr_line' id='line_1_75' title="bbox 2075 2962 3662 3036; baseline 0.003 -18"><span class='ocrx_word' id='word_1_590' title='bbox 2075 2969 2241 3018; x_wconf 77' lang='lat' dir='ltr'><strong>strat:</strong></span> <span class='ocrx_word' id='word_1_591' title='bbox 2274 2981 2293 3014; x_wconf 88' lang='grc'><strong>‹</strong></span> <span class='ocrx_word' id='word_1_592' title='bbox 2315 2962 2570 3019; x_wconf 88' lang='lat' dir='ltr'><strong>Accedite</strong></span> <span class='ocrx_word' id='word_1_593' title='bbox 2589 2967 2758 3031; x_wconf 89' lang='lat' dir='ltr'><strong>enim,</strong></span> <span class='ocrx_word' id='word_1_594' title='bbox 2784 2987 2803 3019; x_wconf 68' lang='grc' dir='ltr'><strong>ι</strong></span> <span class='ocrx_word' id='word_1_595' title='bbox 2828 2966 3071 3036; x_wconf 75' lang='lat' dir='ltr'><strong>inquit,«</strong></span> <span class='ocrx_word' id='word_1_596' title='bbox 3099 2967 3167 3021; x_wconf 90' lang='lat' dir='ltr'><strong>ad</strong></span> <span class='ocrx_word' id='word_1_597' title='bbox 3193 2982 3343 3031; x_wconf 87' lang='lat' dir='ltr'><strong>eum,</strong></span> <span class='ocrx_word' id='word_1_598' title='bbox 3379 2977 3435 3023; x_wconf 89' lang='lat' dir='ltr'><strong>et</strong></span> <span class='ocrx_word' id='word_1_599' title='bbox 3457 2968 3662 3023; x_wconf 79' lang='lat' dir='ltr'><strong>illumi-</strong></span> 
     </span>
    </p>
   </div>
   <div class='ocr_carea' id='block_1_76' title="bbox 2076 3055 3664 3128">
    <p class='ocr_par' dir='ltr' id='par_1_76' title="bbox 2076 3055 3664 3128">
     <span class='ocr_line' id='line_1_76' title="bbox 2076 3055 3664 3128; baseline 0.004 -18"><span class='ocrx_word' id='word_1_600' title='bbox 2076 3055 2285 3110; x_wconf 88' lang='lat' dir='ltr'><strong>namini</strong></span> <span class='ocrx_word' id='word_1_601' title='bbox 2312 3056 2377 3109; x_wconf 84' lang='lat'><strong>&quot;.</strong></span> <span class='ocrx_word' id='word_1_602' title='bbox 2418 3076 2436 3108; x_wconf 74' lang='grc' dir='ltr'><strong>ι</strong></span> <span class='ocrx_word' id='word_1_603' title='bbox 2473 3056 2789 3123; x_wconf 81' lang='lat' dir='ltr'><strong>Quinetiam</strong></span> <span class='ocrx_word' id='word_1_604' title='bbox 2830 3059 2978 3128; x_wconf 89' lang='lat' dir='ltr'><strong>quod</strong></span> <span class='ocrx_word' id='word_1_605' title='bbox 3027 3076 3189 3115; x_wconf 88' lang='lat' dir='ltr'><strong>mane</strong></span> <span class='ocrx_word' id='word_1_606' title='bbox 3220 3061 3664 3121; x_wconf 86' lang='lat' dir='ltr'><strong>accendebantur</strong></span> 
     </span>
    </p>
   </div>
   <div class='ocr_carea' id='block_1_77' title="bbox 2079 3146 3667 3219">
    <p class='ocr_par' dir='ltr' id='par_1_77' title="bbox 2079 3146 3667 3219">
     <span class='ocr_line' id='line_1_77' title="bbox 2079 3146 3667 3219; baseline 0.004 -18"><span class='ocrx_word' id='word_1_607' title='bbox 2079 3146 2352 3214; x_wconf 77' lang='lat' dir='ltr'><strong>lucernae,</strong></span> <span class='ocrx_word' id='word_1_608' title='bbox 2417 3146 2706 3219; x_wconf 86' lang='lat' dir='ltr'><strong>designare</strong></span> <span class='ocrx_word' id='word_1_609' title='bbox 2767 3149 2971 3219; x_wconf 84' lang='lat' dir='ltr'><strong>poterit</strong></span> <span class='ocrx_word' id='word_1_610' title='bbox 3034 3150 3214 3219; x_wconf 90' lang='lat' dir='ltr'><strong>ipsum</strong></span> <span class='ocrx_word' id='word_1_611' title='bbox 3268 3151 3667 3207; x_wconf 89' lang='lat' dir='ltr'><strong>incarnationis</strong></span> 
     </span>
    </p>
   </div>
   <div class='ocr_carea' id='block_1_78' title="bbox 2081 3242 3669 3314">
    <p class='ocr_par' dir='ltr' id='par_1_78' title="bbox 2081 3242 3669 3314">
     <span class='ocr_line' id='line_1_78' title="bbox 2081 3242 3669 3314; baseline 0.003 -18"><span class='ocrx_word' id='word_1_612' title='bbox 2081 3249 2299 3311; x_wconf 85' lang='lat' dir='ltr'><strong>tempus</strong></span> <span class='ocrx_word' id='word_1_613' title='bbox 2328 3257 2342 3293; x_wconf 90' lang='lat'>:</span> <span class='ocrx_word' id='word_1_614' title='bbox 2368 3249 2485 3297; x_wconf 90' lang='lat' dir='ltr'><strong>tum</strong></span> <span class='ocrx_word' id='word_1_615' title='bbox 2527 3242 2676 3296; x_wconf 86' lang='lat' dir='ltr'><strong>enim</strong></span> <span class='ocrx_word' id='word_1_616' title='bbox 2731 3243 2887 3297; x_wconf 87' lang='lat' dir='ltr'><strong>velut</strong></span> <span class='ocrx_word' id='word_1_617' title='bbox 2930 3243 3049 3298; x_wconf 90' lang='lat' dir='ltr'><strong>dies</strong></span> <span class='ocrx_word' id='word_1_618' title='bbox 3087 3243 3310 3314; x_wconf 86' lang='lat' dir='ltr'><strong>quidam</strong></span> <span class='ocrx_word' id='word_1_619' title='bbox 3365 3244 3565 3310; x_wconf 80' lang='lat' dir='ltr'><strong>illuxit,</strong></span> <span class='ocrx_word' id='word_1_620' title='bbox 3611 3255 3669 3302; x_wconf 89' lang='lat' dir='ltr'><strong>et</strong></span> 
     </span>
    </p>
   </div>
   <div class='ocr_carea' id='block_1_79' title="bbox 2082 3334 3665 3409">
    <p class='ocr_par' dir='ltr' id='par_1_79' title="bbox 2082 3334 3665 3409">
     <span class='ocr_line' id='line_1_79' title="bbox 2082 3334 3665 3409; baseline 0.004 -23"><span class='ocrx_word' id='word_1_621' title='bbox 2082 3334 2368 3403; x_wconf 87' lang='lat' dir='ltr'><strong>spirituale</strong></span> <span class='ocrx_word' id='word_1_622' title='bbox 2395 3334 2585 3389; x_wconf 91' lang='lat' dir='ltr'><strong>lumen</strong></span> <span class='ocrx_word' id='word_1_623' title='bbox 2619 3334 2848 3400; x_wconf 67' lang='lat' dir='ltr'><strong>effulsit,</strong></span> <span class='ocrx_word' id='word_1_624' title='bbox 2869 3336 3015 3405; x_wconf 90' lang='lat' dir='ltr'><strong>quod</strong></span> <span class='ocrx_word' id='word_1_625' title='bbox 3044 3345 3248 3391; x_wconf 60' lang='lat' dir='ltr'><strong>nostra:</strong></span> <span class='ocrx_word' id='word_1_626' title='bbox 3278 3338 3480 3391; x_wconf 82' lang='lat' dir='ltr'><strong>veteris</strong></span> <span class='ocrx_word' id='word_1_627' title='bbox 3509 3338 3665 3409; x_wconf 70' lang='lat' dir='ltr'><strong>igno-</strong></span> 
     </span>
    </p>
   </div>
   <div class='ocr_carea' id='block_1_80' title="bbox 2082 3421 3669 3496">
    <p class='ocr_par' dir='ltr' id='par_1_80' title="bbox 2082 3421 3669 3496">
     <span class='ocr_line' id='line_1_80' title="bbox 2082 3421 3669 3496; baseline 0.004 -22"><span class='ocrx_word' id='word_1_628' title='bbox 2082 3422 2275 3476; x_wconf 72' lang='lat' dir='ltr'><strong>rantiae</strong></span> <span class='ocrx_word' id='word_1_629' title='bbox 2305 3422 2559 3477; x_wconf 88' lang='lat' dir='ltr'><strong>tenebras</strong></span> <span class='ocrx_word' id='word_1_630' title='bbox 2597 3421 2846 3492; x_wconf 90' lang='lat' dir='ltr'><strong>dispulit,</strong></span> <span class='ocrx_word' id='word_1_631' title='bbox 2890 3424 3149 3494; x_wconf 89' lang='lat' dir='ltr'><strong>illamque</strong></span> <span class='ocrx_word' id='word_1_632' title='bbox 3198 3425 3507 3496; x_wconf 84' lang='lat' dir='ltr'><strong>caliginem,</strong></span> <span class='ocrx_word' id='word_1_633' title='bbox 3545 3440 3669 3496; x_wconf 79' lang='lat' dir='ltr'><strong>quae</strong></span> 
     </span>
    </p>
   </div>
   <div class='ocr_carea' id='block_1_81' title="bbox 2081 3513 3666 3580">
    <p class='ocr_par' dir='ltr' id='par_1_81' title="bbox 2081 3513 3666 3580">
     <span class='ocr_line' id='line_1_81' title="bbox 2081 3513 3666 3580; baseline 0.002 -14"><span class='ocrx_word' id='word_1_634' title='bbox 2081 3513 2262 3567; x_wconf 87' lang='lat' dir='ltr'><strong>noctis</strong></span> <span class='ocrx_word' id='word_1_635' title='bbox 2317 3513 2490 3568; x_wconf 89' lang='lat' dir='ltr'><strong>instar</strong></span> <span class='ocrx_word' id='word_1_636' title='bbox 2531 3514 2919 3568; x_wconf 88' lang='lat' dir='ltr'><strong>universorum</strong></span> <span class='ocrx_word' id='word_1_637' title='bbox 2985 3515 3249 3570; x_wconf 86' lang='lat' dir='ltr'><strong>cordibus</strong></span> <span class='ocrx_word' id='word_1_638' title='bbox 3300 3523 3420 3570; x_wconf 86' lang='lat' dir='ltr'><strong>erat</strong></span> <span class='ocrx_word' id='word_1_639' title='bbox 3469 3516 3666 3580; x_wconf 78' lang='lat' dir='ltr'><strong>offusa,</strong></span> 
     </span>
    </p>
   </div>
   <div class='ocr_carea' id='block_1_82' title="bbox 2084 3603 3667 3676">
    <p class='ocr_par' dir='ltr' id='par_1_82' title="bbox 2084 3603 3667 3676">
     <span class='ocr_line' id='line_1_82' title="bbox 2084 3603 3667 3676; baseline 0.001 -17"><span class='ocrx_word' id='word_1_640' title='bbox 2084 3603 2390 3673; x_wconf 88' lang='lat' dir='ltr'><strong>dissipavit.</strong></span> <span class='ocrx_word' id='word_1_641' title='bbox 2430 3604 2522 3659; x_wconf 91' lang='lat' dir='ltr'><strong>Sic</strong></span> <span class='ocrx_word' id='word_1_642' title='bbox 2549 3605 2696 3658; x_wconf 89' lang='lat' dir='ltr'><strong>enim</strong></span> <span class='ocrx_word' id='word_1_643' title='bbox 2726 3614 2963 3675; x_wconf 87' lang='lat' dir='ltr'><strong>tempus,</strong></span> <span class='ocrx_word' id='word_1_644' title='bbox 2997 3622 3108 3676; x_wconf 86' lang='lat' dir='ltr'><strong>quo</strong></span> <span class='ocrx_word' id='word_1_645' title='bbox 3144 3606 3395 3661; x_wconf 88' lang='lat' dir='ltr'><strong>Salvator</strong></span> <span class='ocrx_word' id='word_1_646' title='bbox 3423 3607 3667 3673; x_wconf 86' lang='lat' dir='ltr'><strong>advenit,</strong></span> 
     </span>
    </p>
   </div>
   <div class='ocr_carea' id='block_1_83' title="bbox 2084 3696 3669 3767">
    <p class='ocr_par' dir='ltr' id='par_1_83' title="bbox 2084 3696 3669 3767">
     <span class='ocr_line' id='line_1_83' title="bbox 2084 3696 3669 3767; baseline 0.003 -18"><span class='ocrx_word' id='word_1_647' title='bbox 2084 3696 2354 3766; x_wconf 86' lang='lat' dir='ltr'><strong>propheta</strong></span> <span class='ocrx_word' id='word_1_648' title='bbox 2372 3711 2590 3765; x_wconf 89' lang='lat' dir='ltr'><strong>quoque</strong></span> <span class='ocrx_word' id='word_1_649' title='bbox 2616 3696 2774 3767; x_wconf 84' lang='lat' dir='ltr'><strong>longe</strong></span> <span class='ocrx_word' id='word_1_650' title='bbox 2797 3705 2921 3751; x_wconf 86' lang='lat' dir='ltr'><strong>ante</strong></span> <span class='ocrx_word' id='word_1_651' title='bbox 2945 3698 3181 3761; x_wconf 82' lang='lat' dir='ltr'><strong>vocavit,</strong></span> <span class='ocrx_word' id='word_1_652' title='bbox 3211 3697 3434 3753; x_wconf 87' lang='lat' dir='ltr'><strong>dicens:</strong></span> <span class='ocrx_word' id='word_1_653' title='bbox 3466 3717 3483 3749; x_wconf 73' lang='grc' dir='ltr'><strong>ι</strong></span> <span class='ocrx_word' id='word_1_654' title='bbox 3513 3698 3669 3753; x_wconf 78' lang='lat' dir='ltr'><strong>Mane</strong></span> 
     </span>
    </p>
   </div>
   <div class='ocr_carea' id='block_1_84' title="bbox 2085 3786 3670 3857">
    <p class='ocr_par' dir='ltr' id='par_1_84' title="bbox 2085 3786 3670 3857">
     <span class='ocr_line' id='line_1_84' title="bbox 2085 3786 3670 3857; baseline 0.006 -17"><span class='ocrx_word' id='word_1_655' title='bbox 2085 3786 2347 3842; x_wconf 80' lang='lat' dir='ltr'><strong>exaudies</strong></span> <span class='ocrx_word' id='word_1_656' title='bbox 2372 3802 2563 3841; x_wconf 89' lang='lat' dir='ltr'><strong>vocem</strong></span> <span class='ocrx_word' id='word_1_657' title='bbox 2598 3802 2805 3852; x_wconf 87' lang='lat' dir='ltr'><strong>meam,</strong></span> <span class='ocrx_word' id='word_1_658' title='bbox 2843 3803 3002 3844; x_wconf 87' lang='lat' dir='ltr'><strong>mane</strong></span> <span class='ocrx_word' id='word_1_659' title='bbox 3038 3790 3229 3845; x_wconf 89' lang='lat' dir='ltr'><strong>astabo</strong></span> <span class='ocrx_word' id='word_1_660' title='bbox 3261 3790 3381 3857; x_wconf 88' lang='lat' dir='ltr'><strong>tibi,</strong></span> <span class='ocrx_word' id='word_1_661' title='bbox 3419 3802 3476 3849; x_wconf 86' lang='lat' dir='ltr'><strong>et</strong></span> <span class='ocrx_word' id='word_1_662' title='bbox 3511 3792 3670 3849; x_wconf 81' lang='lat' dir='ltr'><strong>vide-</strong></span> 
     </span>
    </p>
   </div>
   <div class='ocr_carea' id='block_1_85' title="bbox 2086 3878 3670 3951">
    <p class='ocr_par' dir='ltr' id='par_1_85' title="bbox 2086 3878 3670 3951">
     <span class='ocr_line' id='line_1_85' title="bbox 2086 3878 3670 3951; baseline 0.006 -18"><span class='ocrx_word' id='word_1_663' title='bbox 2086 3880 2158 3935; x_wconf 93' lang='lat' dir='ltr'><strong>bo</strong></span> <span class='ocrx_word' id='word_1_664' title='bbox 2190 3880 2256 3932; x_wconf 80' lang='grc' dir='ltr'><strong>⁸ο.</strong></span> <span class='ocrx_word' id='word_1_665' title='bbox 2303 3898 2321 3930; x_wconf 77' lang='grc' dir='ltr'><strong>ι</strong></span> <span class='ocrx_word' id='word_1_666' title='bbox 2380 3878 2610 3945; x_wconf 86' lang='lat' dir='ltr'><strong>Quando</strong></span> <span class='ocrx_word' id='word_1_667' title='bbox 2642 3880 2788 3934; x_wconf 90' lang='lat' dir='ltr'><strong>enim</strong></span> <span class='ocrx_word' id='word_1_668' title='bbox 2828 3889 3066 3951; x_wconf 62' lang='lat' dir='ltr'><strong>acceptae</strong></span> <span class='ocrx_word' id='word_1_669' title='bbox 3104 3881 3337 3938; x_wconf 77' lang='lat' dir='ltr'><strong>fuissent</strong></span> <span class='ocrx_word' id='word_1_670' title='bbox 3382 3886 3670 3943; x_wconf 88' lang='lat' dir='ltr'><strong>universo-</strong></span> 
     </span>
    </p>
   </div>
   <div class='ocr_carea' id='block_1_86' title="bbox 2086 3970 3668 4046">
    <p class='ocr_par' dir='ltr' id='par_1_86' title="bbox 2086 3970 3668 4046">
     <span class='ocr_line' id='line_1_86' title="bbox 2086 3970 3668 4046; baseline 0.005 -21"><span class='ocrx_word' id='word_1_671' title='bbox 2086 3986 2209 4025; x_wconf 89' lang='lat' dir='ltr'><strong>rum</strong></span> <span class='ocrx_word' id='word_1_672' title='bbox 2229 3985 2441 4041; x_wconf 89' lang='lat' dir='ltr'><strong>preces,</strong></span> <span class='ocrx_word' id='word_1_673' title='bbox 2456 3978 2512 4026; x_wconf 90' lang='lat' dir='ltr'><strong>et</strong></span> <span class='ocrx_word' id='word_1_674' title='bbox 2536 3986 2636 4026; x_wconf 90' lang='lat' dir='ltr'><strong>nos</strong></span> <span class='ocrx_word' id='word_1_675' title='bbox 2655 3970 2783 4026; x_wconf 92' lang='lat' dir='ltr'><strong>olim</strong></span> <span class='ocrx_word' id='word_1_676' title='bbox 2806 3980 3055 4028; x_wconf 86' lang='lat' dir='ltr'><strong>errantes</strong></span> <span class='ocrx_word' id='word_1_677' title='bbox 3083 3988 3181 4043; x_wconf 90' lang='lat' dir='ltr'><strong>per</strong></span> <span class='ocrx_word' id='word_1_678' title='bbox 3201 3976 3668 4046; x_wconf 89' lang='lat' dir='ltr'><strong>conjunctionem,</strong></span> 
     </span>
    </p>
   </div>
   <div class='ocr_carea' id='block_1_87' title="bbox 2086 4062 3672 4133">
    <p class='ocr_par' dir='ltr' id='par_1_87' title="bbox 2086 4062 3672 4133">
     <span class='ocr_line' id='line_1_87' title="bbox 2086 4062 3672 4133; baseline 0.004 -17"><span class='ocrx_word' id='word_1_679' title='bbox 2086 4062 2348 4117; x_wconf 88' lang='lat' dir='ltr'><strong>nimirum</strong></span> <span class='ocrx_word' id='word_1_680' title='bbox 2371 4063 2734 4133; x_wconf 90' lang='lat' dir='ltr'><strong>spiritualem,</strong></span> <span class='ocrx_word' id='word_1_681' title='bbox 2755 4070 2812 4119; x_wconf 90' lang='lat' dir='ltr'><strong>et</strong></span> <span class='ocrx_word' id='word_1_682' title='bbox 2839 4064 3209 4121; x_wconf 88' lang='lat' dir='ltr'><strong>obedientiam</strong></span> <span class='ocrx_word' id='word_1_683' title='bbox 3236 4082 3299 4121; x_wconf 90' lang='lat' dir='ltr'><strong>ac</strong></span> <span class='ocrx_word' id='word_1_684' title='bbox 3335 4067 3494 4121; x_wconf 82' lang='lat' dir='ltr'><strong>ﬁdem</strong></span> <span class='ocrx_word' id='word_1_685' title='bbox 3523 4076 3672 4123; x_wconf 83' lang='lat' dir='ltr'><strong>asta-</strong></span> 
     </span>
    </p>
   </div>
   <div class='ocr_carea' id='block_1_88' title="bbox 2089 4153 3670 4223">
    <p class='ocr_par' dir='ltr' id='par_1_88' title="bbox 2089 4153 3670 4223">
     <span class='ocr_line' id='line_1_88' title="bbox 2089 4153 3670 4223; baseline 0.004 -17"><span class='ocrx_word' id='word_1_686' title='bbox 2089 4168 2275 4208; x_wconf 90' lang='lat' dir='ltr'><strong>remus</strong></span> <span class='ocrx_word' id='word_1_687' title='bbox 2321 4153 2456 4219; x_wconf 91' lang='lat' dir='ltr'><strong>Deo,</strong></span> <span class='ocrx_word' id='word_1_688' title='bbox 2498 4154 2605 4209; x_wconf 87' lang='lat' dir='ltr'><strong>nisi</strong></span> <span class='ocrx_word' id='word_1_689' title='bbox 2639 4154 2802 4209; x_wconf 88' lang='lat' dir='ltr'><strong>nobis</strong></span> <span class='ocrx_word' id='word_1_690' title='bbox 2842 4154 2976 4208; x_wconf 91' lang='lat' dir='ltr'><strong>illud</strong></span> <span class='ocrx_word' id='word_1_691' title='bbox 3007 4170 3038 4209; x_wconf 92' lang='lat' dir='ltr'><strong>e</strong></span> <span class='ocrx_word' id='word_1_692' title='bbox 3071 4155 3212 4209; x_wconf 68' lang='lat' dir='ltr'><strong>coelo</strong></span> <span class='ocrx_word' id='word_1_693' title='bbox 3240 4156 3450 4221; x_wconf 90' lang='lat' dir='ltr'><strong>lumen,</strong></span> <span class='ocrx_word' id='word_1_694' title='bbox 3479 4156 3533 4211; x_wconf 93' lang='lat' dir='ltr'><strong>id</strong></span> <span class='ocrx_word' id='word_1_695' title='bbox 3563 4165 3670 4223; x_wconf 79' lang='lat' dir='ltr'><strong>est,</strong></span> 
     </span>
    </p>
   </div>
   <div class='ocr_carea' id='block_1_89' title="bbox 2087 4242 3673 4315">
    <p class='ocr_par' dir='ltr' id='par_1_89' title="bbox 2087 4242 3673 4315">
     <span class='ocr_line' id='line_1_89' title="bbox 2087 4242 3673 4315; baseline 0.003 -17"><span class='ocrx_word' id='word_1_696' title='bbox 2087 4242 2361 4308; x_wconf 88' lang='lat' dir='ltr'><strong>Christus,</strong></span> <span class='ocrx_word' id='word_1_697' title='bbox 2390 4244 2726 4299; x_wconf 72' lang='lat' dir='ltr'><strong>affulsisset?</strong></span> <span class='ocrx_word' id='word_1_698' title='bbox 2755 4244 2929 4315; x_wconf 85' lang='lat' dir='ltr'><strong>Igitur</strong></span> <span class='ocrx_word' id='word_1_699' title='bbox 2959 4245 3016 4298; x_wconf 89' lang='lat' dir='ltr'><strong>in</strong></span> <span class='ocrx_word' id='word_1_700' title='bbox 3049 4245 3309 4299; x_wconf 88' lang='lat' dir='ltr'><strong>interiore</strong></span> <span class='ocrx_word' id='word_1_701' title='bbox 3338 4246 3559 4315; x_wconf 90' lang='lat' dir='ltr'><strong>quidem</strong></span> <span class='ocrx_word' id='word_1_702' title='bbox 3586 4257 3673 4303; x_wconf 83' lang='lat' dir='ltr'><strong>ta-</strong></span> 
     </span>
    </p>
   </div>
   <div class='ocr_carea' id='block_1_90' title="bbox 2091 4331 3675 4401">
    <p class='ocr_par' dir='ltr' id='par_1_90' title="bbox 2091 4331 3675 4401">
     <span class='ocr_line' id='line_1_90' title="bbox 2091 4331 3675 4401; baseline 0.001 -15"><span class='ocrx_word' id='word_1_703' title='bbox 2091 4331 2391 4387; x_wconf 89' lang='lat' dir='ltr'><strong>bernaculo</strong></span> <span class='ocrx_word' id='word_1_704' title='bbox 2419 4332 2701 4401; x_wconf 89' lang='lat' dir='ltr'><strong>c0piosum</strong></span> <span class='ocrx_word' id='word_1_705' title='bbox 2732 4347 2797 4386; x_wconf 91' lang='lat' dir='ltr'><strong>ac</strong></span> <span class='ocrx_word' id='word_1_706' title='bbox 2827 4346 3027 4401; x_wconf 90' lang='lat' dir='ltr'><strong>purum</strong></span> <span class='ocrx_word' id='word_1_707' title='bbox 3082 4340 3289 4401; x_wconf 89' lang='lat' dir='ltr'><strong>septem</strong></span> <span class='ocrx_word' id='word_1_708' title='bbox 3319 4332 3535 4387; x_wconf 88' lang='lat' dir='ltr'><strong>illarum</strong></span> <span class='ocrx_word' id='word_1_709' title='bbox 3584 4333 3675 4388; x_wconf 83' lang='lat' dir='ltr'><strong>lu-</strong></span> 
     </span>
    </p>
   </div>
   <div class='ocr_carea' id='block_1_91' title="bbox 406 4419 1977 4497">
    <p class='ocr_par' dir='ltr' id='par_1_91' title="bbox 406 4419 1977 4497">
     <span class='ocr_line' id='line_1_91' title="bbox 406 4419 1977 4497; baseline -0.01 -12"><span class='ocrx_word' id='word_1_710' title='bbox 406 4430 522 4484; x_wconf 78' lang='grc' dir='ltr'><strong>τῶν</strong></span> <span class='ocrx_word' id='word_1_711' title='bbox 561 4431 700 4483; x_wconf 73' lang='grc' dir='ltr'>ἑπτὰ</span> <span class='ocrx_word' id='word_1_712' title='bbox 731 4427 939 4497; x_wconf 86' lang='grc' dir='ltr'>λύχνων</span> <span class='ocrx_word' id='word_1_713' title='bbox 969 4427 1029 4479; x_wconf 79' lang='grc' dir='ltr'>τὸ</span> <span class='ocrx_word' id='word_1_714' title='bbox 1069 4425 1216 4494; x_wconf 84' lang='grc' dir='ltr'>φῶς,</span> <span class='ocrx_word' id='word_1_715' title='bbox 1276 4425 1335 4476; x_wconf 74' lang='grc' dir='ltr'>ὲν</span> <span class='ocrx_word' id='word_1_716' title='bbox 1378 4422 1434 4475; x_wconf 77' lang='grc' dir='ltr'><strong>δὲ</strong></span> <span class='ocrx_word' id='word_1_717' title='bbox 1473 4423 1538 4491; x_wconf 77' lang='grc' dir='ltr'><strong>τῇ</strong></span> <span class='ocrx_word' id='word_1_718' title='bbox 1587 4419 1774 4490; x_wconf 81' lang='grc' dir='ltr'>πρώτῃ</span> <span class='ocrx_word' id='word_1_719' title='bbox 1817 4420 1977 4488; x_wconf 71' lang='grc' dir='ltr'>σκηνῗ</span> 
     </span>
    </p>
   </div>
   <div class='ocr_carea' id='block_1_92' title="bbox 2079 4419 3675 4497">
    <p class='ocr_par' dir='ltr' id='par_1_92' title="bbox 2093 4421 3675 4490">
     <span class='ocr_line' id='line_1_92' title="bbox 2093 4421 3675 4490; baseline 0.001 -14"><span class='ocrx_word' id='word_1_720' title='bbox 2093 4437 2387 4476; x_wconf 86' lang='lat' dir='ltr'><strong>cernarum</strong></span> <span class='ocrx_word' id='word_1_721' title='bbox 2432 4422 2620 4476; x_wconf 90' lang='lat' dir='ltr'><strong>lumen</strong></span> <span class='ocrx_word' id='word_1_722' title='bbox 2660 4429 2808 4488; x_wconf 90' lang='lat' dir='ltr'><strong>erat;</strong></span> <span class='ocrx_word' id='word_1_723' title='bbox 2858 4421 2955 4476; x_wconf 93' lang='lat' dir='ltr'><strong>sed</strong></span> <span class='ocrx_word' id='word_1_724' title='bbox 3004 4422 3060 4475; x_wconf 93' lang='lat' dir='ltr'><strong>in</strong></span> <span class='ocrx_word' id='word_1_725' title='bbox 3111 4421 3289 4490; x_wconf 86' lang='lat' dir='ltr'><strong>primo</strong></span> <span class='ocrx_word' id='word_1_726' title='bbox 3322 4422 3675 4478; x_wconf 86' lang='lat' dir='ltr'><strong>tabernaculo</strong></span> 
     </span>
    </p>
   </div>
   <div class='ocr_carea' id='block_1_93' title="bbox 408 4507 1987 4593">
    <p class='ocr_par' dir='ltr' id='par_1_93' title="bbox 408 4507 1987 4593">
     <span class='ocr_line' id='line_1_93' title="bbox 408 4507 1987 4593; baseline -0.011 -16"><span class='ocrx_word' id='word_1_727' title='bbox 408 4519 605 4593; x_wconf 78' lang='grc' dir='ltr'>λύχνος</span> <span class='ocrx_word' id='word_1_728' title='bbox 629 4516 695 4593; x_wconf 76' lang='grc' dir='ltr'>ἦν</span> <span class='ocrx_word' id='word_1_729' title='bbox 717 4522 744 4573; x_wconf 84' lang='grc' dir='ltr'>ὁ</span> <span class='ocrx_word' id='word_1_730' title='bbox 771 4519 996 4588; x_wconf 82' lang='grc' dir='ltr'>φαίνων,</span> <span class='ocrx_word' id='word_1_731' title='bbox 1030 4514 1309 4586; x_wconf 77' lang='grc' dir='ltr'>ἐμφαίνων</span> <span class='ocrx_word' id='word_1_732' title='bbox 1339 4530 1419 4577; x_wconf 87' lang='grc' dir='ltr'><strong>τε,</strong></span> <span class='ocrx_word' id='word_1_733' title='bbox 1453 4507 1720 4581; x_wconf 53' lang='grc' dir='ltr'>οἷμαιδμῂ</span> <span class='ocrx_word' id='word_1_734' title='bbox 1742 4509 1865 4579; x_wconf 85' lang='grc' dir='ltr'>δίχα</span> <span class='ocrx_word' id='word_1_735' title='bbox 1892 4508 1987 4560; x_wconf 90' lang='grc' dir='ltr'><strong>τοῦ</strong></span> 
     </span>
    </p>
   </div>
   <div class='ocr_carea' id='block_1_94' title="bbox 412 4599 1991 4683">
    <p class='ocr_par' dir='ltr' id='par_1_94' title="bbox 412 4599 1991 4683">
     <span class='ocr_line' id='line_1_94' title="bbox 412 4599 1991 4683; baseline -0.01 -14"><span class='ocrx_word' id='word_1_736' title='bbox 412 4616 562 4671; x_wconf 86' lang='grc' dir='ltr'>θείου</span> <span class='ocrx_word' id='word_1_737' title='bbox 594 4614 789 4683; x_wconf 84' lang='grc' dir='ltr'>φωτὸς,</span> <span class='ocrx_word' id='word_1_738' title='bbox 821 4612 954 4682; x_wconf 82' lang='grc' dir='ltr'><strong>μηδὲ</strong></span> <span class='ocrx_word' id='word_1_739' title='bbox 985 4607 1181 4669; x_wconf 75' lang='grc' dir='ltr'>αὐτοὺς</span> <span class='ocrx_word' id='word_1_740' title='bbox 1210 4601 1352 4659; x_wconf 80' lang='grc' dir='ltr'>εἶναι</span> <span class='ocrx_word' id='word_1_741' title='bbox 1411 4604 1537 4665; x_wconf 84' lang='grc' dir='ltr'>τοὺς</span> <span class='ocrx_word' id='word_1_742' title='bbox 1567 4605 1623 4655; x_wconf 82' lang='grc' dir='ltr'>ὲν</span> <span class='ocrx_word' id='word_1_743' title='bbox 1654 4603 1803 4671; x_wconf 87' lang='grc' dir='ltr'>νόμῳ</span> <span class='ocrx_word' id='word_1_744' title='bbox 1832 4599 1991 4653; x_wconf 81' lang='grc' dir='ltr'>παιδ-</span> 
     </span>
    </p>
   </div>
   <div class='ocr_carea' id='block_1_95' title="bbox 411 4691 1994 4776">
    <p class='ocr_par' dir='ltr' id='par_1_95' title="bbox 411 4691 1994 4776">
     <span class='ocr_line' id='line_1_95' title="bbox 411 4691 1994 4776; baseline -0.013 -14"><span class='ocrx_word' id='word_1_745' title='bbox 411 4723 635 4776; x_wconf 81' lang='grc' dir='ltr'>αγωγου</span> <span class='ocrx_word' id='word_1_746' title='bbox 645 4705 833 4776; x_wconf 78' lang='grc' dir='ltr'>μένους</span> <span class='ocrx_word' id='word_1_747' title='bbox 861 4701 1281 4773; x_wconf 80' lang='grc' dir='ltr'>καταδηλοῦντος</span> <span class='ocrx_word' id='word_1_748' title='bbox 1303 4695 1398 4751; x_wconf 89' lang='grc' dir='ltr'><strong>τοῦ</strong></span> <span class='ocrx_word' id='word_1_749' title='bbox 1422 4695 1763 4766; x_wconf 86' lang='grc' dir='ltr'>πράγματος.</span> <span class='ocrx_word' id='word_1_750' title='bbox 1781 4691 1994 4746; x_wconf 78' lang='grc' dir='ltr'>Ἐκάλει</span> 
     </span>
    </p>
   </div>
   <div class='ocr_carea' id='block_1_96' title="bbox 410 4782 1997 4869">
    <p class='ocr_par' dir='ltr' id='par_1_96' title="bbox 410 4782 1997 4869">
     <span class='ocr_line' id='line_1_96' title="bbox 410 4782 1997 4869; baseline -0.012 -17"><span class='ocrx_word' id='word_1_751' title='bbox 410 4798 527 4869; x_wconf 74' lang='grc' dir='ltr'>γὰρ</span> <span class='ocrx_word' id='word_1_752' title='bbox 574 4799 637 4851; x_wconf 84' lang='grc' dir='ltr'>ὲκ</span> <span class='ocrx_word' id='word_1_753' title='bbox 687 4796 971 4859; x_wconf 79' lang='grc' dir='ltr'>πολυθεῗας</span> <span class='ocrx_word' id='word_1_754' title='bbox 1022 4797 1101 4857; x_wconf 88' lang='grc' dir='ltr'><strong>είς</strong></span> <span class='ocrx_word' id='word_1_755' title='bbox 1141 4793 1436 4861; x_wconf 83' lang='grc' dir='ltr'>ἐπίγνωσιν</span> <span class='ocrx_word' id='word_1_756' title='bbox 1468 4786 1561 4840; x_wconf 89' lang='grc' dir='ltr'><strong>τοῦ</strong></span> <span class='ocrx_word' id='word_1_757' title='bbox 1606 4785 1764 4854; x_wconf 88' lang='grc' dir='ltr'>φύσει</span> <span class='ocrx_word' id='word_1_758' title='bbox 1811 4801 1869 4836; x_wconf 89' lang='grc' dir='ltr'><strong>τε</strong></span> <span class='ocrx_word' id='word_1_759' title='bbox 1904 4782 1997 4837; x_wconf 73' lang='grc' dir='ltr'>καὶ</span> 
     </span>
    </p>
   </div>
   <div class='ocr_carea' id='block_1_97' title="bbox 413 4873 1997 4960">
    <p class='ocr_par' dir='ltr' id='par_1_97' title="bbox 413 4873 1997 4960">
     <span class='ocr_line' id='line_1_97' title="bbox 413 4873 1997 4960; baseline -0.012 -16"><span class='ocrx_word' id='word_1_760' title='bbox 413 4889 637 4960; x_wconf 76' lang='grc' dir='ltr'>ἀληθῶς</span> <span class='ocrx_word' id='word_1_761' title='bbox 669 4888 822 4959; x_wconf 21' lang='grc' dir='ltr'>Θεοῦ,</span> <span class='ocrx_word' id='word_1_762' title='bbox 862 4888 954 4941; x_wconf 79' lang='grc' dir='ltr'>καὶ</span> <span class='ocrx_word' id='word_1_763' title='bbox 999 4888 1027 4939; x_wconf 85' lang='grc' dir='ltr'>ὁ</span> <span class='ocrx_word' id='word_1_764' title='bbox 1062 4884 1149 4939; x_wconf 79' lang='grc' dir='ltr'><strong>διὰ</strong></span> <span class='ocrx_word' id='word_1_765' title='bbox 1178 4882 1417 4945; x_wconf 83' lang='grc' dir='ltr'>Μωσέως</span> <span class='ocrx_word' id='word_1_766' title='bbox 1456 4880 1639 4949; x_wconf 78' lang='grc' dir='ltr'>νόμος,</span> <span class='ocrx_word' id='word_1_767' title='bbox 1671 4877 1764 4930; x_wconf 76' lang='grc' dir='ltr'>καὶ</span> <span class='ocrx_word' id='word_1_768' title='bbox 1795 4873 1997 4945; x_wconf 89' lang='grc' dir='ltr'>ἀφίστα</span> 
     </span>
    </p>
   </div>
   <div class='ocr_carea' id='block_1_98' title="bbox 419 4965 1997 5054">
    <p class='ocr_par' dir='ltr' id='par_1_98' title="bbox 419 4965 1997 5054">
     <span class='ocr_line' id='line_1_98' title="bbox 419 4965 1997 5054; baseline -0.013 -18"><span class='ocrx_word' id='word_1_769' title='bbox 419 4983 522 5054; x_wconf 81' lang='grc' dir='ltr'>μὲν</span> <span class='ocrx_word' id='word_1_770' title='bbox 567 4983 692 5044; x_wconf 74' lang='grc' dir='ltr'>τοὺς</span> <span class='ocrx_word' id='word_1_771' title='bbox 731 4977 1114 5052; x_wconf 84' lang='grc' dir='ltr'>ἀρχαιοτέρους</span> <span class='ocrx_word' id='word_1_772' title='bbox 1152 4975 1246 5028; x_wconf 85' lang='grc' dir='ltr'><strong>τοῦ</strong></span> <span class='ocrx_word' id='word_1_773' title='bbox 1287 4970 1568 5044; x_wconf 85' lang='grc' dir='ltr'>λατρεύειν</span> <span class='ocrx_word' id='word_1_774' title='bbox 1599 4968 1678 5021; x_wconf 77' lang='grc' dir='ltr'>ἔτι</span> <span class='ocrx_word' id='word_1_775' title='bbox 1716 4968 1782 5037; x_wconf 81' lang='grc' dir='ltr'>τῇ</span> <span class='ocrx_word' id='word_1_776' title='bbox 1823 4965 1997 5018; x_wconf 82' lang='grc' dir='ltr'>κτίσει</span> 
     </span>
    </p>
   </div>
   <div class='ocr_carea' id='block_1_99' title="bbox 418 5055 2000 5146">
    <p class='ocr_par' dir='ltr' id='par_1_99' title="bbox 418 5055 2000 5146">
     <span class='ocr_line' id='line_1_99' title="bbox 418 5055 2000 5146; baseline -0.013 -18"><span class='ocrx_word' id='word_1_777' title='bbox 418 5075 576 5146; x_wconf 73' lang='grc' dir='ltr'>σταρά</span> <span class='ocrx_word' id='word_1_778' title='bbox 600 5074 689 5127; x_wconf 73' lang='grc' dir='ltr'>τὸν</span> <span class='ocrx_word' id='word_1_779' title='bbox 711 5073 1021 5134; x_wconf 81' lang='grc' dir='ltr'>Κτίσαντα,</span> <span class='ocrx_word' id='word_1_780' title='bbox 1050 5070 1405 5140; x_wconf 81' lang='grc' dir='ltr'>προσκεῖσθαι</span> <span class='ocrx_word' id='word_1_781' title='bbox 1428 5065 1486 5118; x_wconf 82' lang='grc' dir='ltr'><strong>δὲ</strong></span> <span class='ocrx_word' id='word_1_782' title='bbox 1512 5063 1620 5116; x_wconf 82' lang='grc' dir='ltr'>δεῖν</span> <span class='ocrx_word' id='word_1_783' title='bbox 1648 5058 1901 5114; x_wconf 78' lang='grc' dir='ltr'>ἀνέπειθε</span> <span class='ocrx_word' id='word_1_784' title='bbox 1923 5055 2000 5127; x_wconf 84' lang='grc' dir='ltr'>τῷ</span> 
     </span>
    </p>
   </div>
   <div class='ocr_carea' id='block_1_100' title="bbox 419 5146 1998 5233">
    <p class='ocr_par' dir='ltr' id='par_1_100' title="bbox 419 5146 1998 5233">
     <span class='ocr_line' id='line_1_100' title="bbox 419 5146 1998 5233; baseline -0.012 -15"><span class='ocrx_word' id='word_1_785' title='bbox 419 5165 642 5218; x_wconf 68' lang='grc' dir='ltr'>’πάντων</span> <span class='ocrx_word' id='word_1_786' title='bbox 674 5160 1020 5233; x_wconf 78' lang='grc' dir='ltr'>Δημιουργῷο</span> <span class='ocrx_word' id='word_1_787' title='bbox 1071 5157 1246 5226; x_wconf 80' lang='grc' dir='ltr'>φωτὸς</span> <span class='ocrx_word' id='word_1_788' title='bbox 1291 5156 1347 5209; x_wconf 80' lang='grc' dir='ltr'><strong>δὲ</strong></span> <span class='ocrx_word' id='word_1_789' title='bbox 1391 5155 1452 5208; x_wconf 80' lang='grc' dir='ltr'>οὐ</span> <span class='ocrx_word' id='word_1_790' title='bbox 1502 5153 1624 5222; x_wconf 87' lang='grc' dir='ltr'>δίχα</span> <span class='ocrx_word' id='word_1_791' title='bbox 1669 5147 1764 5203; x_wconf 87' lang='grc' dir='ltr'><strong>τοῦ</strong></span> <span class='ocrx_word' id='word_1_792' title='bbox 1808 5146 1998 5218; x_wconf 79' lang='grc' dir='ltr'>νοητοῦ</span> 
     </span>
    </p>
   </div>
   <div class='ocr_carea' id='block_1_101' title="bbox 420 5239 1997 5317">
    <p class='ocr_par' dir='ltr' id='par_1_101' title="bbox 420 5239 1997 5317">
     <span class='ocr_line' id='line_1_101' title="bbox 420 5239 1997 5317; baseline -0.011 -6"><span class='ocrx_word' id='word_1_793' title='bbox 420 5256 580 5311; x_wconf 71' lang='grc' dir='ltr'>ταυτὶ</span> <span class='ocrx_word' id='word_1_794' title='bbox 602 5256 719 5317; x_wconf 86' lang='grc' dir='ltr'>ταῖς</span> <span class='ocrx_word' id='word_1_795' title='bbox 737 5253 844 5306; x_wconf 85' lang='grc' dir='ltr'><strong>τῶν</strong></span> <span class='ocrx_word' id='word_1_796' title='bbox 869 5252 1216 5317; x_wconf 87' lang='grc' dir='ltr'>παιδαγωγου</span> <span class='ocrx_word' id='word_1_797' title='bbox 1226 5246 1398 5317; x_wconf 76' lang='grc' dir='ltr'>μένων</span> <span class='ocrx_word' id='word_1_798' title='bbox 1418 5240 1764 5314; x_wconf 83' lang='grc' dir='ltr'>κατωρθοῦτο</span> <span class='ocrx_word' id='word_1_799' title='bbox 1780 5239 1997 5309; x_wconf 80' lang='grc' dir='ltr'>ψυχαῖς.</span> 
     </span>
    </p>
   </div>
   <div class='ocr_carea' id='block_1_102' title="bbox 421 5329 2000 5415">
    <p class='ocr_par' dir='ltr' id='par_1_102' title="bbox 421 5329 2000 5415">
     <span class='ocr_line' id='line_1_102' title="bbox 421 5329 2000 5415; baseline -0.012 -15"><span class='ocrx_word' id='word_1_800' title='bbox 421 5345 656 5410; x_wconf 81' lang='grc' dir='ltr'>Οὐκοῦν,</span> <span class='ocrx_word' id='word_1_801' title='bbox 698 5344 806 5415; x_wconf 83' lang='grc' dir='ltr'><strong>ὲρῶ</strong></span> <span class='ocrx_word' id='word_1_802' title='bbox 833 5344 941 5414; x_wconf 79' lang='grc' dir='ltr'><strong>γὰρ</strong></span> <span class='ocrx_word' id='word_1_803' title='bbox 977 5340 1254 5401; x_wconf 82' lang='grc' dir='ltr'>εἰσαῦθις,</span> <span class='ocrx_word' id='word_1_804' title='bbox 1287 5336 1538 5397; x_wconf 82' lang='grc' dir='ltr'>πλούσιος</span> <span class='ocrx_word' id='word_1_805' title='bbox 1567 5333 1665 5404; x_wconf 86' lang='grc' dir='ltr'>μὲν</span> <span class='ocrx_word' id='word_1_806' title='bbox 1707 5332 1799 5384; x_wconf 76' lang='grc' dir='ltr'>καὶ</span> <span class='ocrx_word' id='word_1_807' title='bbox 1835 5329 2000 5391; x_wconf 87' lang='grc' dir='ltr'>πολὺς</span> 
     </span>
    </p>
   </div>
   <div class='ocr_carea' id='block_1_103' title="bbox 421 5424 1998 5504">
    <p class='ocr_par' dir='ltr' id='par_1_103' title="bbox 421 5424 1998 5504">
     <span class='ocr_line' id='line_1_103' title="bbox 421 5424 1998 5504; baseline -0.011 -12"><span class='ocrx_word' id='word_1_808' title='bbox 421 5440 541 5501; x_wconf 87' lang='grc' dir='ltr'>τοῖς</span> <span class='ocrx_word' id='word_1_809' title='bbox 569 5440 650 5500; x_wconf 85' lang='grc' dir='ltr'><strong>είς</strong></span> <span class='ocrx_word' id='word_1_810' title='bbox 677 5437 744 5489; x_wconf 88' lang='grc' dir='ltr'><strong>τά</strong></span> <span class='ocrx_word' id='word_1_811' title='bbox 778 5436 943 5504; x_wconf 75' lang='grc' dir='ltr'>’Ἅγια</span> <span class='ocrx_word' id='word_1_812' title='bbox 968 5433 1077 5486; x_wconf 85' lang='grc' dir='ltr'><strong>τῶν</strong></span> <span class='ocrx_word' id='word_1_813' title='bbox 1110 5432 1279 5500; x_wconf 82' lang='grc' dir='ltr'>ἀγίων</span> <span class='ocrx_word' id='word_1_814' title='bbox 1311 5431 1339 5482; x_wconf 81' lang='grc' dir='ltr'>ὁ</span> <span class='ocrx_word' id='word_1_815' title='bbox 1374 5428 1528 5494; x_wconf 84' lang='grc' dir='ltr'><strong>παρά</strong></span> <span class='ocrx_word' id='word_1_816' title='bbox 1557 5424 1795 5497; x_wconf 83' lang='grc' dir='ltr'>Χριστοῦ</span> <span class='ocrx_word' id='word_1_817' title='bbox 1831 5439 1998 5492; x_wconf 84' lang='grc' dir='ltr'>φωτι-</span> 
     </span>
    </p>
   </div>
   <div class='ocr_carea' id='block_1_104' title="bbox 427 5514 1992 5597">
    <p class='ocr_par' dir='ltr' id='par_1_104' title="bbox 427 5514 1992 5597">
     <span class='ocr_line' id='line_1_104' title="bbox 427 5514 1992 5597; baseline -0.011 -15"><span class='ocrx_word' id='word_1_818' title='bbox 427 5528 588 5597; x_wconf 83' lang='grc' dir='ltr'>σμὸς,</span> <span class='ocrx_word' id='word_1_819' title='bbox 624 5527 792 5597; x_wconf 88' lang='grc' dir='ltr'>μείων</span> <span class='ocrx_word' id='word_1_820' title='bbox 820 5525 875 5577; x_wconf 83' lang='grc' dir='ltr'><strong>δὲ</strong></span> <span class='ocrx_word' id='word_1_821' title='bbox 900 5527 1011 5588; x_wconf 85' lang='grc' dir='ltr'>τοῖς</span> <span class='ocrx_word' id='word_1_822' title='bbox 1056 5525 1113 5576; x_wconf 83' lang='grc' dir='ltr'>ὲν</span> <span class='ocrx_word' id='word_1_823' title='bbox 1148 5524 1328 5591; x_wconf 76' lang='grc' dir='ltr'>νόμῳο</span> <span class='ocrx_word' id='word_1_824' title='bbox 1380 5518 1474 5571; x_wconf 73' lang='grc' dir='ltr'>καὶ</span> <span class='ocrx_word' id='word_1_825' title='bbox 1518 5515 1722 5586; x_wconf 74' lang='grc' dir='ltr'>ἀληθὴς</span> <span class='ocrx_word' id='word_1_826' title='bbox 1752 5516 1779 5567; x_wconf 83' lang='grc' dir='ltr'>ὁ</span> <span class='ocrx_word' id='word_1_827' title='bbox 1817 5514 1992 5583; x_wconf 83' lang='grc' dir='ltr'>λόγος.</span> 
     </span>
    </p>
   </div>
   <div class='ocr_carea' id='block_1_105' title="bbox 361 5707 1699 5776">
    <p class='ocr_par' dir='ltr' id='par_1_105' title="bbox 361 5707 1699 5776">
     <span class='ocr_line' id='line_1_105' title="bbox 361 5707 1699 5776; baseline -0.009 -6"><span class='ocrx_word' id='word_1_828' title='bbox 361 5707 397 5743; x_wconf 55' lang='grc' dir='ltr'><em>ν</em></span> <span class='ocrx_word' id='word_1_829' title='bbox 531 5712 578 5746; x_wconf 79' lang='grc'><strong>⁷⁷</strong></span> <span class='ocrx_word' id='word_1_830' title='bbox 610 5710 783 5768; x_wconf 66' lang='grc' dir='ltr'><strong>Ιιεγὶι.</strong></span> <span class='ocrx_word' id='word_1_831' title='bbox 824 5726 963 5771; x_wconf 70' lang='lat' dir='ltr'><strong>xxtv,</strong></span> <span class='ocrx_word' id='word_1_832' title='bbox 1002 5710 1114 5764; x_wconf 73' lang='lat'><strong>1-9.</strong></span> <span class='ocrx_word' id='word_1_833' title='bbox 1226 5711 1267 5739; x_wconf 62' lang='lat'><strong>7“</strong></span> <span class='ocrx_word' id='word_1_834' title='bbox 1304 5707 1490 5761; x_wconf 71' lang='lat' dir='ltr'><strong>Matth.</strong></span> <span class='ocrx_word' id='word_1_835' title='bbox 1522 5724 1572 5776; x_wconf 72' lang='grc' dir='ltr'>γ,</span> <span class='ocrx_word' id='word_1_836' title='bbox 1620 5707 1699 5759; x_wconf 72' lang='grc' dir='ltr'><strong>Μ.</strong></span> 
     </span>
    </p>
   </div>
   <div class='ocr_carea' id='block_1_106' title="bbox 2085 4513 3670 4583">
    <p class='ocr_par' dir='ltr' id='par_1_106' title="bbox 2085 4513 3670 4583">
     <span class='ocr_line' id='line_1_106' title="bbox 2085 4513 3670 4583; baseline 0.001 -16"><span class='ocrx_word' id='word_1_837' title='bbox 2085 4514 2310 4568; x_wconf 84' lang='lat' dir='ltr'><strong>lucerna</strong></span> <span class='ocrx_word' id='word_1_838' title='bbox 2338 4519 2459 4568; x_wconf 86' lang='lat' dir='ltr'><strong>erat</strong></span> <span class='ocrx_word' id='word_1_839' title='bbox 2496 4513 2709 4579; x_wconf 88' lang='lat' dir='ltr'><strong>lucens,</strong></span> <span class='ocrx_word' id='word_1_840' title='bbox 2758 4528 2868 4582; x_wconf 92' lang='lat' dir='ltr'><strong>quo</strong></span> <span class='ocrx_word' id='word_1_841' title='bbox 2896 4513 3312 4578; x_wconf 86' lang='lat' dir='ltr'><strong>declarabatur,</strong></span> <span class='ocrx_word' id='word_1_842' title='bbox 3355 4521 3417 4568; x_wconf 91' lang='lat' dir='ltr'><strong>ut</strong></span> <span class='ocrx_word' id='word_1_843' title='bbox 3453 4514 3670 4583; x_wconf 88' lang='lat' dir='ltr'><strong>opinor,</strong></span> 
     </span>
    </p>
   </div>
   <div class='ocr_carea' id='block_1_107' title="bbox 2086 4603 3675 4674">
    <p class='ocr_par' dir='ltr' id='par_1_107' title="bbox 2086 4603 3675 4674">
     <span class='ocr_line' id='line_1_107' title="bbox 2086 4603 3675 4674; baseline 0.003 -17"><span class='ocrx_word' id='word_1_844' title='bbox 2086 4619 2156 4658; x_wconf 89' lang='lat' dir='ltr'><strong>ne</strong></span> <span class='ocrx_word' id='word_1_845' title='bbox 2204 4604 2352 4673; x_wconf 92' lang='lat' dir='ltr'><strong>ipsos</strong></span> <span class='ocrx_word' id='word_1_846' title='bbox 2387 4603 2631 4674; x_wconf 91' lang='lat' dir='ltr'><strong>quidem,</strong></span> <span class='ocrx_word' id='word_1_847' title='bbox 2683 4604 2779 4673; x_wconf 90' lang='lat' dir='ltr'><strong>qui</strong></span> <span class='ocrx_word' id='word_1_848' title='bbox 2813 4606 2869 4658; x_wconf 92' lang='lat' dir='ltr'><strong>in</strong></span> <span class='ocrx_word' id='word_1_849' title='bbox 2918 4605 3036 4674; x_wconf 86' lang='lat' dir='ltr'><strong>lege</strong></span> <span class='ocrx_word' id='word_1_850' title='bbox 3063 4604 3511 4673; x_wconf 85' lang='lat' dir='ltr'><strong>instituebantur,</strong></span> <span class='ocrx_word' id='word_1_851' title='bbox 3553 4620 3675 4661; x_wconf 88' lang='lat' dir='ltr'><strong>esse</strong></span> 
     </span>
    </p>
   </div>
   <div class='ocr_carea' id='block_1_108' title="bbox 2090 4695 3672 4768">
    <p class='ocr_par' dir='ltr' id='par_1_108' title="bbox 2090 4695 3672 4768">
     <span class='ocr_line' id='line_1_108' title="bbox 2090 4695 3672 4768; baseline 0 -18"><span class='ocrx_word' id='word_1_852' title='bbox 2090 4695 2263 4750; x_wconf 84' lang='lat' dir='ltr'><strong>divini</strong></span> <span class='ocrx_word' id='word_1_853' title='bbox 2297 4695 2524 4750; x_wconf 89' lang='lat' dir='ltr'><strong>luminis</strong></span> <span class='ocrx_word' id='word_1_854' title='bbox 2562 4702 2838 4764; x_wconf 86' lang='lat' dir='ltr'><strong>expertes.</strong></span> <span class='ocrx_word' id='word_1_855' title='bbox 2879 4696 3015 4751; x_wconf 90' lang='lat' dir='ltr'><strong>Nam</strong></span> <span class='ocrx_word' id='word_1_856' title='bbox 3049 4696 3137 4750; x_wconf 84' lang='lat' dir='ltr'><strong>lex</strong></span> <span class='ocrx_word' id='word_1_857' title='bbox 3167 4712 3385 4767; x_wconf 86' lang='lat' dir='ltr'><strong>quoque</strong></span> <span class='ocrx_word' id='word_1_858' title='bbox 3406 4697 3575 4768; x_wconf 83' lang='lat' dir='ltr'><strong>Moysi</strong></span> <span class='ocrx_word' id='word_1_859' title='bbox 3603 4712 3672 4751; x_wconf 82' lang='lat' dir='ltr'><strong>ex</strong></span> 
     </span>
    </p>
   </div>
   <div class='ocr_carea' id='block_1_109' title="bbox 2095 4786 3673 4860">
    <p class='ocr_par' dir='ltr' id='par_1_109' title="bbox 2095 4786 3673 4860">
     <span class='ocr_line' id='line_1_109' title="bbox 2095 4786 3673 4860; baseline 0.001 -19"><span class='ocrx_word' id='word_1_860' title='bbox 2095 4787 2395 4841; x_wconf 89' lang='lat' dir='ltr'><strong>multorum</strong></span> <span class='ocrx_word' id='word_1_861' title='bbox 2447 4786 2677 4843; x_wconf 89' lang='lat' dir='ltr'><strong>deorum</strong></span> <span class='ocrx_word' id='word_1_862' title='bbox 2729 4787 2881 4842; x_wconf 90' lang='lat' dir='ltr'><strong>cultu</strong></span> <span class='ocrx_word' id='word_1_863' title='bbox 2940 4788 3171 4842; x_wconf 86' lang='lat' dir='ltr'><strong>vocabat</strong></span> <span class='ocrx_word' id='word_1_864' title='bbox 3214 4788 3282 4843; x_wconf 91' lang='lat' dir='ltr'><strong>ad</strong></span> <span class='ocrx_word' id='word_1_865' title='bbox 3336 4788 3673 4860; x_wconf 83' lang='lat' dir='ltr'><strong>agnitionem</strong></span> 
     </span>
    </p>
   </div>
   <div class='ocr_carea' id='block_1_110' title="bbox 2096 4876 3678 4946">
    <p class='ocr_par' dir='ltr' id='par_1_110' title="bbox 2096 4876 3678 4946">
     <span class='ocr_line' id='line_1_110' title="bbox 2096 4876 3678 4946; baseline 0 -16"><span class='ocrx_word' id='word_1_866' title='bbox 2096 4877 2235 4946; x_wconf 89' lang='lat' dir='ltr'><strong>ejus,</strong></span> <span class='ocrx_word' id='word_1_867' title='bbox 2260 4876 2354 4945; x_wconf 93' lang='lat' dir='ltr'><strong>qui</strong></span> <span class='ocrx_word' id='word_1_868' title='bbox 2402 4884 2597 4930; x_wconf 87' lang='lat' dir='ltr'><strong>natura</strong></span> <span class='ocrx_word' id='word_1_869' title='bbox 2629 4891 2866 4946; x_wconf 88' lang='lat' dir='ltr'><strong>vereque</strong></span> <span class='ocrx_word' id='word_1_870' title='bbox 2886 4877 3032 4932; x_wconf 89' lang='lat' dir='ltr'><strong>Deus</strong></span> <span class='ocrx_word' id='word_1_871' title='bbox 3062 4885 3180 4944; x_wconf 87' lang='lat' dir='ltr'><strong>est;</strong></span> <span class='ocrx_word' id='word_1_872' title='bbox 3218 4893 3282 4931; x_wconf 90' lang='lat' dir='ltr'><strong>ac</strong></span> <span class='ocrx_word' id='word_1_873' title='bbox 3314 4886 3531 4933; x_wconf 74' lang='lat' dir='ltr'><strong>veteres</strong></span> <span class='ocrx_word' id='word_1_874' title='bbox 3554 4877 3678 4931; x_wconf 83' lang='lat' dir='ltr'><strong>illos</strong></span> 
     </span>
    </p>
   </div>
   <div class='ocr_carea' id='block_1_111' title="bbox 2095 4967 3674 5038">
    <p class='ocr_par' dir='ltr' id='par_1_111' title="bbox 2095 4967 3674 5038">
     <span class='ocr_line' id='line_1_111' title="bbox 2095 4967 3674 5038; baseline -0.001 -15"><span class='ocrx_word' id='word_1_875' title='bbox 2095 4968 2349 5023; x_wconf 86' lang='lat' dir='ltr'><strong>homines</strong></span> <span class='ocrx_word' id='word_1_876' title='bbox 2372 4967 2677 5022; x_wconf 87' lang='lat' dir='ltr'><strong>abducebat</strong></span> <span class='ocrx_word' id='word_1_877' title='bbox 2708 4984 2737 5023; x_wconf 91' lang='lat' dir='ltr'><strong>a</strong></span> <span class='ocrx_word' id='word_1_878' title='bbox 2768 4969 2996 5024; x_wconf 90' lang='lat' dir='ltr'><strong>colenda</strong></span> <span class='ocrx_word' id='word_1_879' title='bbox 3036 4978 3283 5024; x_wconf 91' lang='lat' dir='ltr'><strong>creatura</strong></span> <span class='ocrx_word' id='word_1_880' title='bbox 3306 4971 3489 5038; x_wconf 91' lang='lat' dir='ltr'><strong>potius</strong></span> <span class='ocrx_word' id='word_1_881' title='bbox 3510 4985 3674 5037; x_wconf 87' lang='lat' dir='ltr'><strong>quam</strong></span> 
     </span>
    </p>
   </div>
   <div class='ocr_carea' id='block_1_112' title="bbox 2095 5059 3675 5131">
    <p class='ocr_par' dir='ltr' id='par_1_112' title="bbox 2095 5059 3675 5131">
     <span class='ocr_line' id='line_1_112' title="bbox 2095 5059 3675 5131; baseline -0.001 -16"><span class='ocrx_word' id='word_1_882' title='bbox 2095 5060 2375 5127; x_wconf 87' lang='lat' dir='ltr'><strong>Creatore,</strong></span> <span class='ocrx_word' id='word_1_883' title='bbox 2394 5061 2790 5131; x_wconf 88' lang='lat' dir='ltr'><strong>suadebatque,</strong></span> <span class='ocrx_word' id='word_1_884' title='bbox 2819 5070 2881 5117; x_wconf 88' lang='lat' dir='ltr'><strong>ut</strong></span> <span class='ocrx_word' id='word_1_885' title='bbox 2914 5074 3097 5117; x_wconf 84' lang='lat' dir='ltr'><strong>rerum</strong></span> <span class='ocrx_word' id='word_1_886' title='bbox 3119 5061 3363 5116; x_wconf 91' lang='lat' dir='ltr'><strong>omnium</strong></span> <span class='ocrx_word' id='word_1_887' title='bbox 3385 5059 3675 5115; x_wconf 84' lang='lat' dir='ltr'><strong>Conditori</strong></span> 
     </span>
    </p>
   </div>
   <div class='ocr_carea' id='block_1_113' title="bbox 2098 5148 3673 5219">
    <p class='ocr_par' dir='ltr' id='par_1_113' title="bbox 2098 5148 3673 5219">
     <span class='ocr_line' id='line_1_113' title="bbox 2098 5148 3673 5219; baseline -0.003 -13"><span class='ocrx_word' id='word_1_888' title='bbox 2098 5151 2472 5218; x_wconf 62' lang='lat' dir='ltr'><strong>adhaererent;</strong></span> <span class='ocrx_word' id='word_1_889' title='bbox 2506 5151 2560 5206; x_wconf 92' lang='lat' dir='ltr'><strong>id</strong></span> <span class='ocrx_word' id='word_1_890' title='bbox 2586 5169 2718 5208; x_wconf 90' lang='lat' dir='ltr'><strong>vero</strong></span> <span class='ocrx_word' id='word_1_891' title='bbox 2753 5154 2810 5207; x_wconf 94' lang='lat' dir='ltr'><strong>in</strong></span> <span class='ocrx_word' id='word_1_892' title='bbox 2832 5169 3026 5207; x_wconf 90' lang='lat' dir='ltr'><strong>eorum</strong></span> <span class='ocrx_word' id='word_1_893' title='bbox 3064 5152 3279 5214; x_wconf 84' lang='lat' dir='ltr'><strong>animis,</strong></span> <span class='ocrx_word' id='word_1_894' title='bbox 3309 5149 3402 5219; x_wconf 90' lang='lat' dir='ltr'><strong>qui</strong></span> <span class='ocrx_word' id='word_1_895' title='bbox 3430 5150 3536 5203; x_wconf 89' lang='lat' dir='ltr'><strong>illis</strong></span> <span class='ocrx_word' id='word_1_896' title='bbox 3567 5148 3673 5203; x_wconf 83' lang='lat' dir='ltr'><strong>im-</strong></span> 
     </span>
    </p>
   </div>
   <div class='ocr_carea' id='block_1_114' title="bbox 2103 5237 3679 5308">
    <p class='ocr_par' dir='ltr' id='par_1_114' title="bbox 2103 5237 3679 5308">
     <span class='ocr_line' id='line_1_114' title="bbox 2103 5237 3679 5308; baseline -0.002 -14"><span class='ocrx_word' id='word_1_897' title='bbox 2103 5239 2418 5294; x_wconf 88' lang='lat' dir='ltr'><strong>buebantur</strong></span> <span class='ocrx_word' id='word_1_898' title='bbox 2470 5240 2758 5305; x_wconf 89' lang='lat' dir='ltr'><strong>institutis,</strong></span> <span class='ocrx_word' id='word_1_899' title='bbox 2806 5257 2916 5296; x_wconf 94' lang='lat' dir='ltr'><strong>non</strong></span> <span class='ocrx_word' id='word_1_900' title='bbox 2970 5240 3089 5294; x_wconf 90' lang='lat' dir='ltr'><strong>sine</strong></span> <span class='ocrx_word' id='word_1_901' title='bbox 3141 5237 3411 5308; x_wconf 87' lang='lat' dir='ltr'><strong>spirituali</strong></span> <span class='ocrx_word' id='word_1_902' title='bbox 3469 5237 3679 5291; x_wconf 86' lang='lat' dir='ltr'><strong>lumine</strong></span> 
     </span>
    </p>
   </div>
   <div class='ocr_carea' id='block_1_115' title="bbox 2102 5326 3679 5400">
    <p class='ocr_par' dir='ltr' id='par_1_115' title="bbox 2102 5326 3679 5400">
     <span class='ocr_line' id='line_1_115' title="bbox 2102 5326 3679 5400; baseline -0.003 -17"><span class='ocrx_word' id='word_1_903' title='bbox 2102 5329 2509 5400; x_wconf 77' lang='lat' dir='ltr'><strong>perficiebatur.</strong></span> <span class='ocrx_word' id='word_1_904' title='bbox 2558 5329 2751 5400; x_wconf 83' lang='lat' dir='ltr'><strong>Igitur,</strong></span> <span class='ocrx_word' id='word_1_905' title='bbox 2790 5338 2852 5382; x_wconf 91' lang='lat' dir='ltr'><strong>ut</strong></span> <span class='ocrx_word' id='word_1_906' title='bbox 2906 5329 2958 5382; x_wconf 91' lang='lat' dir='ltr'><strong>id</strong></span> <span class='ocrx_word' id='word_1_907' title='bbox 3011 5337 3254 5396; x_wconf 88' lang='lat' dir='ltr'><strong>repetam</strong></span> <span class='ocrx_word' id='word_1_908' title='bbox 3313 5326 3458 5397; x_wconf 89' lang='lat' dir='ltr'><strong>quod</strong></span> <span class='ocrx_word' id='word_1_909' title='bbox 3513 5327 3679 5396; x_wconf 85' lang='lat' dir='ltr'><strong>paulo</strong></span> 
     </span>
    </p>
   </div>
   <div class='ocr_carea' id='block_1_116' title="bbox 2105 5415 3678 5490">
    <p class='ocr_par' dir='ltr' id='par_1_116' title="bbox 2105 5415 3678 5490">
     <span class='ocr_line' id='line_1_116' title="bbox 2105 5415 3678 5490; baseline -0.004 -15"><span class='ocrx_word' id='word_1_910' title='bbox 2105 5430 2230 5476; x_wconf 90' lang='lat' dir='ltr'><strong>ante</strong></span> <span class='ocrx_word' id='word_1_911' title='bbox 2252 5421 2384 5485; x_wconf 76' lang='lat' dir='ltr'><strong>dixi,</strong></span> <span class='ocrx_word' id='word_1_912' title='bbox 2431 5421 2650 5490; x_wconf 87' lang='lat' dir='ltr'><strong>copiosa</strong></span> <span class='ocrx_word' id='word_1_913' title='bbox 2686 5427 2771 5473; x_wconf 87' lang='lat' dir='ltr'><strong>est</strong></span> <span class='ocrx_word' id='word_1_914' title='bbox 2801 5434 2864 5472; x_wconf 88' lang='lat' dir='ltr'><strong>ac</strong></span> <span class='ocrx_word' id='word_1_915' title='bbox 2903 5419 3061 5487; x_wconf 88' lang='lat' dir='ltr'><strong>plena</strong></span> <span class='ocrx_word' id='word_1_916' title='bbox 3102 5416 3427 5471; x_wconf 86' lang='lat' dir='ltr'><strong>illuminatio</strong></span> <span class='ocrx_word' id='word_1_917' title='bbox 3462 5431 3582 5486; x_wconf 65' lang='lat' dir='ltr'><strong>qua:</strong></span> <span class='ocrx_word' id='word_1_918' title='bbox 3621 5415 3678 5469; x_wconf 83' lang='lat' dir='ltr'><strong>in</strong></span> 
     </span>
    </p>
   </div>
   <div class='ocr_carea' id='block_1_117' title="bbox 2101 5508 3682 5581">
    <p class='ocr_par' dir='ltr' id='par_1_117' title="bbox 2101 5508 3682 5581">
     <span class='ocr_line' id='line_1_117' title="bbox 2101 5508 3682 5581; baseline -0.004 -13"><span class='ocrx_word' id='word_1_919' title='bbox 2101 5514 2304 5568; x_wconf 84' lang='lat' dir='ltr'><strong>Sancta</strong></span> <span class='ocrx_word' id='word_1_920' title='bbox 2344 5522 2657 5568; x_wconf 85' lang='lat' dir='ltr'><strong>sanctorum</strong></span> <span class='ocrx_word' id='word_1_921' title='bbox 2701 5509 2860 5580; x_wconf 67' lang='grc'><strong>345</strong></span> <span class='ocrx_word' id='word_1_922' title='bbox 2903 5509 3334 5581; x_wconf 83' lang='lat' dir='ltr'><strong>ingredientibus</strong></span> <span class='ocrx_word' id='word_1_923' title='bbox 3378 5524 3407 5563; x_wconf 88' lang='lat' dir='ltr'><strong>a</strong></span> <span class='ocrx_word' id='word_1_924' title='bbox 3458 5508 3682 5563; x_wconf 80' lang='lat' dir='ltr'><strong>Christo</strong></span> 
     </span>
    </p>
   </div>
   <div class='ocr_carea' id='block_1_118' title="bbox 1789 5702 2874 5771">
    <p class='ocr_par' dir='ltr' id='par_1_118' title="bbox 1789 5702 2874 5771">
     <span class='ocr_line' id='line_1_118' title="bbox 1789 5702 2874 5771; baseline -0.006 -11"><span class='ocrx_word' id='word_1_925' title='bbox 1789 5707 1831 5737; x_wconf 70' lang='grc' dir='ltr'><strong>τ’</strong></span> <span class='ocrx_word' id='word_1_926' title='bbox 1868 5704 2009 5759; x_wconf 76' lang='lat' dir='ltr'><strong>I’sal.</strong></span> <span class='ocrx_word' id='word_1_927' title='bbox 2044 5719 2227 5771; x_wconf 71' lang='lat' dir='ltr'><strong>xxxm,</strong></span> <span class='ocrx_word' id='word_1_928' title='bbox 2261 5703 2310 5755; x_wconf 82' lang='lat' dir='ltr'><strong>(i.</strong></span> <span class='ocrx_word' id='word_1_929' title='bbox 2405 5703 2446 5732; x_wconf 72' lang='grc'><strong>⁸³</strong></span> <span class='ocrx_word' id='word_1_930' title='bbox 2482 5703 2619 5755; x_wconf 67' lang='lat' dir='ltr'><strong>Psal.</strong></span> <span class='ocrx_word' id='word_1_931' title='bbox 2654 5718 2703 5765; x_wconf 68' lang='grc' dir='ltr'><strong>ν,</strong></span> <span class='ocrx_word' id='word_1_932' title='bbox 2737 5702 2786 5761; x_wconf 74' lang='grc' dir='ltr'><strong>ιί,</strong></span> <span class='ocrx_word' id='word_1_933' title='bbox 2826 5703 2874 5753; x_wconf 63' lang='grc' dir='ltr'><strong>ξς.</strong></span> 
     </span>
    </p>
   </div>
  </div>
