4142 6296
554 279 660 334 σξιο

1580 261 1638 316 S.
1678 256 1954 316 CYRILLI
1991 253 2460 312 ALEXANDRINI
2500 250 2821 307 ARCIIIEP.

3733 249 3828 307 680

556 389 856 452 tribuitur;
904 383 1086 437 minor
1144 388 1329 435 autem
1371 392 1563 433 eorum
1595 385 1734 442 erat,
1769 377 1863 445 qui
1919 375 1975 429 in
2017 374 2134 444 lege

2250 370 2542 426 Ἰσοστατεῖ
2570 368 2678 439 γὰρ
2703 365 2975 436 οὐδαμῶς,
2992 364 3072 428 είς
3084 361 3443 436 λαμπρότητα
3458 361 3556 435 τὴν
3579 379 3828 437 meum-

556 482 859 537 vivebant:
895 476 1061 545 idque
1101 474 1447 528 verissimum
1492 479 1612 537 est;
1655 484 1835 538 neque
1866 468 2014 523 enim
2051 468 2141 521 illa

556 572 695 641 legis
722 568 915 623 umbra
946 581 1071 619 cum
1106 563 1439 641 evangelicis
1465 559 1909 616 institutionibus
1933 559 2142 611 illumi-

555 640 779 715 natione
840 655 1118 728 spirituali
1173 640 1381 724 aequari
1428 653 1544 707 ullo
1592 651 1757 705 modo
1811 656 2031 719 potest:
2059 648 2145 701 hac

557 766 795 821 namque
818 751 1141 805 universum
1188 746 1380 801 orbem
1418 752 1691 800 terrarum
1726 742 2026 806 illustrant,
2052 738 2143 793 illa

550 851 741 898 autem
767 841 871 896 soli
900 840 1279 895 lsraelitarum
1313 835 1504 909 generi
1528 841 1656 890 nota
1681 842 1821 888 erat.

626 933 823 989 PALL.
860 933 1031 986 Recte
1068 929 1228 985 dicis.

626 1028 786 1084 CYR.
826 1027 1061 1081 Videtur
1085 1033 1292 1091 autem,
1330 1022 1558 1087 Palladi,
1578 1019 1726 1076 aliud
1748 1017 2010 1089 quiddam
2042 1015 2140 1072 de-

552 1119 774 1190 signare
812 1132 1000 1172 mensa
1034 1125 1199 1187 atque
1239 1116 1468 1170 lucerna
1493 1114 1548 1168 in
1577 1113 1757 1184 primo
1788 1107 2141 1168 tabernaculo

554 1210 766 1264 colloca
775 1216 824 1263 ta
835 1250 846 1262 .

630 1300 827 1355 PALL.
863 1298 1004 1367 Quid
1037 1298 1182 1355 istud
1206 1305 1297 1353 est
1329 1295 1587 1352 tandem?

624 1388 784 1445 CYR.
820 1389 1069 1444 Lucerna
1089 1388 1314 1459 quidem
1344 1386 1578 1442 fortasse
1616 1383 1887 1439 Joannem
1948 1378 2137 1448 Bapti-

554 1487 724 1544 stam,
769 1479 949 1533 virum
1000 1477 1381 1533 admirabilem
1407 1518 1423 1543 ,
1468 1488 1639 1544 panes
1674 1487 1807 1527 vero
1848 1467 2139 1526 duodecim

557 1571 931 1641 apostolorum
958 1569 1118 1625 nobis
1140 1569 1371 1624 chorum
1399 1565 1771 1638 praeﬁgurant.

630 1660 828 1716 PALL.
847 1661 1096 1727 Quonam
1132 1658 1332 1714 modo?

628 1754 786 1809 ΟΥΕ.
824 1753 906 1808 An
924 1754 1143 1825 ignoras
1166 1753 1255 1831 iis,
1299 1752 1394 1823 qui
1423 1752 1480 1806 in
1516 1752 1637 1822 lege
1673 1757 1730 1805 et
1763 1764 1864 1819 per
1895 1746 2138 1804 Iudaeam

554 1856 737 1914 erant,
759 1847 933 1902 instar
962 1848 1202 1902 lucerna:
1223 1846 1521 1916 praeeuntis
1538 1843 1709 1897 fuisse
1741 1841 1963 1896 beatum
1985 1839 2139 1919 illum.

560 1939 859 2009 Baptistam
882 1978 899 2004 ,
945 1953 1014 1993 ac
1056 1937 1125 1993 de
1163 1938 1259 1992 illo
1303 1952 1334 1990 a
1373 1936 1488 1991 Deo
1527 1943 1585 1989 et
1620 1934 1783 1988 Patre
1816 1931 2139 2002 praedictum

556 2043 703 2092 esse,
734 2047 753 2079 ι
785 2027 982 2083 Paravi
1004 2027 1285 2082 lucernam
1304 2023 1751 2081 Christomeo‘“?
1780 2043 1800 2076 ι
1830 2022 2139 2090 Quinetiam

560 2119 679 2190 ipse
701 2120 947 2175 Salvator
970 2118 1078 2173 hoe
1109 2117 1253 2173 idem
1284 2123 1517 2172 testatus
1530 2123 1635 2180 est,
1664 2129 1786 2170 cum
1823 2114 2139 2169 Iudaeorum

559 2210 882 2266 doctoribus
919 2209 988 2265 de
1015 2210 1110 2263 illo
1141 2208 1316 2262 dixit:
1351 2226 1369 2258 ‹
1402 2208 1498 2262 Ille
1518 2214 1639 2262 erat
1671 2206 1898 2261 lucerna
1939 2204 2140 2259 ardens

557 2310 616 2357 et
644 2302 855 2367 lucens;
879 2316 976 2355 vos
999 2307 1182 2354 autem
1198 2298 1450 2353 voluistis
1465 2299 1742 2353 exsultare
1778 2296 1847 2351 ad
1872 2296 2063 2350 horam
2082 2296 2138 2350 in

562 2392 776 2446 lumine
809 2392 928 2463 ejus
951 2392 1017 2444 θ’.
1054 2409 1072 2442 ›
1098 2389 1234 2445 Vide
1264 2389 1410 2444 enim
1444 2387 1908 2460 quemadmodum
1944 2387 2140 2442 beatus

556 2473 760 2537 Paulus
774 2480 869 2551 qui
897 2481 1035 2551 legis
1048 2479 1260 2550 peritus
1284 2486 1402 2533 erat
1420 2478 1817 2549 propemodum
1842 2476 1911 2532 ad
1931 2492 2156 2553 memo—z

535 2552 542 2569 ’
562 2574 699 2629 riam
715 2582 933 2629 revocat
946 2573 1226 2627 lucernam
1236 2569 1405 2635 illam,
1419 2584 1541 2640 quae
1551 2578 1672 2624 erat
1683 2569 1739 2622 in
1752 2568 1933 2639 primo
1962 2567 2140 2623 taber-

559 2665 777 2719 naculo.
793 2661 1182 2718 lnexstinctam
1210 2660 1358 2714 enim
1378 2659 1587 2714 servari
1602 2660 1902 2724 lucernam,
1925 2657 2141 2730 legisla-

561 2768 649 2812 tor
662 2756 923 2827 przecepit
950 2755 1037 2810 his
1056 2754 1243 2811 verbis
1272 2771 1286 2807 :
1320 2772 1338 2803 ι
1371 2752 1440 2806 Et
1469 2750 1771 2806 accendent
1790 2766 1911 2805 eam
1930 2742 2148 2817 Aaron,‘

532 2856 615 2919 pet
641 2847 739 2901 filii
762 2848 928 2919 ejusa
948 2861 1174 2917 vespera
1206 2859 1376 2914 usque
1406 2857 1565 2897 mane
1590 2842 1799 2914 jugiter
1830 2841 1889 2896 in
1913 2855 2141 2913 conspe-

558 2946 652 2994 ctu
688 2937 924 2993 Domini.
961 2956 980 2987 ι
1003 2935 1111 2993 Sed
1150 2935 1345 3001 Judaei,
1396 2949 1523 2989 eum
1561 2940 1806 3005 tempore
1843 2935 2137 2991 admodum

557 3031 755 3102 exiguo
775 3030 843 3085 de
865 3031 961 3085 illo
991 3028 1162 3100 gavisi
1199 3026 1454 3093 fuissent,
1498 3027 1764 3082 hactenus
1808 3034 1978 3093 certe,
2007 3026 2136 3082 dum
2169 3065 2211 3124 C

557 3123 627 3179 ad
647 3123 916 3193 baptisma
954 3121 1101 3177 illius
1141 3128 1457 3185 accurrunt,
1493 3126 1548 3174 et
1582 3118 1736 3174 illum
1771 3118 2139 3175 admiratione

557 3216 792 3270 maxima
815 3220 1226 3285 prosequuntur
1244 3253 1259 3278 ,
1290 3211 1507 3265 tandem
1536 3210 1733 3265 mortis
1758 3225 1950 3265 somno
1977 3209 2143 3265 dede-

560 3314 711 3370 runt,
758 3319 822 3359 ac
856 3302 1257 3373 propemodum
1294 3300 1499 3371 iugiter
1554 3299 1828 3354 lucentem
1860 3299 2009 3354 illam
2051 3300 2139 3355 lu-

557 3410 779 3452 cernam
804 3394 1213 3449 exstinxerunt:
1242 3405 1390 3455 nam,
1410 3390 1541 3445 licet
1556 3388 1757 3444 Herodi
1781 3388 1914 3444 illud
1927 3389 2140 3445 facinus

558 3485 855 3547 tribuatur,
878 3491 934 3538 at
964 3483 1010 3537 is
1037 3490 1186 3537 certe
1208 3480 1277 3535 de
1309 3480 1474 3535 lsrael
1520 3496 1693 3552 genus
1734 3481 1989 3536 ducebat.
2028 3481 2138 3537 Ita-

557 3589 665 3643 que
696 3573 969 3637 Christus,
1001 3586 1128 3626 eum
1165 3569 1477 3627 Judaeorum
1517 3570 1749 3641 populos
1781 3569 1849 3625 de
1888 3570 2134 3636 audacia,

556 3682 665 3737 qua
697 3667 755 3720 in
783 3678 976 3719 omnes
1002 3670 1221 3718 sanctos
1241 3660 1327 3716 usi
1352 3660 1592 3725 fuerant,
1618 3668 1903 3716 accusaret
1929 3678 1942 3714 :
1976 3680 1995 3712 ι
2016 3661 2136 3716 Non

557 3758 678 3813 ﬁeri
697 3765 896 3828 potest,
932 3755 1130 3826 inquit,
1156 3755 1482 3826 prephetam
1514 3753 1695 3823 perire
1738 3761 1891 3809 extra
1912 3754 2134 3810 Jerusa-

554 3847 663 3909 lem
693 3847 759 3900 ⁸³.
801 3865 820 3898 ι

624 3937 822 3994 PALL.
854 3938 972 3993 Lux
1001 3938 1165 4009 igitur
1202 3954 1266 3993 ac
1305 3939 1529 3995 lucerna
1555 3955 1653 4010 per
1695 3938 2130 4003 similitudinem,

2246 463 2433 535 τικὴν,
2472 462 2584 523 τοῖς
2631 457 3009 526 εὐαγγελικοῖς
3053 455 3456 526 θεσπίσμασιν,
3493 456 3527 525 η
3577 456 3636 508 ὲν
3676 458 3821 529 νόμῳ

2246 554 2406 609 σκιάν
2458 553 2527 606 τά
2562 552 2659 622 μὲν
2707 550 2816 621 γὰρ
2857 550 2985 618 ὅλην
3029 548 3461 618 περιαστρᾶπτει
3506 545 3605 617 τὴν
3650 549 3814 603 οἰκου-

2248 661 2436 718 μενην,
2466 645 2501 714 ἡ
2532 643 2590 697 δὲ
2634 639 2703 714 ἦν
2739 642 2922 714 μόνοις
2952 639 3240 713 γνώρισμα
3269 642 3383 704 τοῖς
3412 638 3474 705 ὲξ
3516 640 3747 713 Ἰσραήλ.

2314 913 2522 968 ΠΑΛΛ.
2565 911 2770 983 Ὀρθῶς
2800 912 2958 981 ἔφης.

2312 1006 2477 1059 ΚΥΡ.
2513 1005 2696 1058 Ἔοικε
2725 1005 2804 1068 δὲ,
2836 998 2882 1057 ὦ
2909 1001 3197 1068 Παλλάδιε,
3229 1001 3324 1056 καὶ
3348 1000 3535 1073 ἕτερόν
3559 1017 3612 1055 τι
3642 1018 3813 1074 παραυ

2240 1097 2436 1169 δηλοῦν
2480 1100 2514 1169 ἡ
2548 1095 2797 1168 τράπεζα
2835 1096 2929 1149 καὶ
2966 1098 2995 1149 ὁ
3021 1094 3214 1166 λύχνος
3234 1134 3251 1161 ,
3276 1096 3306 1148 ὁ
3330 1093 3388 1148 ἓν
3415 1109 3479 1163 γε
3521 1095 3589 1165 τῇ
3634 1093 3820 1167 πρώτῃ

2244 1206 2438 1243 σκηνη.

2353 1207 2375 1239 κ.
2424 1227 2438 1243 .

2313 1191 2519 1333 ΡΙΞΛΛ.
2564 1278 2637 1332 Τὸ
2662 1278 2715 1330 τί
2742 1278 2806 1349 δὴ
2832 1278 2972 1351 φής;

2311 1369 2474 1422 ΚΥΡ.
2495 1367 2750 1438 Ἰωάννην
2768 1369 2908 1438 τάχα
2930 1384 3034 1421 που
3058 1367 3150 1421 τὸν
3173 1367 3462 1423 θεσπέσιον
3507 1367 3819 1439 Βαπτιστὴν

2238 1462 2268 1515 6
2295 1460 2509 1532 λύχνος,
2555 1461 2710 1532 ἄρτοι
2742 1460 2799 1514 δὲ
2833 1461 2882 1513 οί
2924 1459 3020 1516 δύο
3050 1461 3145 1515 καὶ
3174 1461 3331 1528 δέκα,
3391 1461 3485 1516 τὸν
3513 1460 3624 1515 τῶν
3652 1461 3821 1531 ἁγίων

2238 1554 2372 1623 ἡμῖν
2397 1550 2711 1605 ἀποστόλων
2743 1551 3189 1623 προανατυποῦσι
3216 1553 3397 1625 χορόν.

2311 1644 2523 1699 ΠΑΛΛ.
2550 1644 2684 1698 Τίνα
2712 1644 2911 1717 τρόπον
2927 1663 2942 1711 ;

2174 1711 2216 1765 Β
2313 1736 2478 1789 ΚΥΡ.
2519 1738 2591 1789 Ἢ
2621 1736 2722 1790 οὐκ
2746 1711 2904 1791 οἶσθα
2931 1737 3012 1790 ὅτι
3041 1739 3155 1802 τοῖς
3180 1737 3240 1792 ὲν
3266 1737 3418 1809 νόμῳ
3442 1737 3538 1792 καὶ
3563 1738 3707 1793 κατὰ
3730 1738 3824 1810 τὴν

2259 1828 2518 1884 Ἰουδαίαν
2562 1828 2755 1899 λύχνος
2792 1824 2861 1900 ἦν
2888 1824 2978 1883 οἶά
3001 1836 3106 1894 τις,
3136 1828 3374 1901 Χριστοῦ
3417 1830 3769 1901 προϐαδίζων
3797 1832 3824 1884 6

2247 1919 2534 1985 θεσπέσιος
2569 1920 2914 1991 Βαπτιστὴς,
2943 1921 3036 1975 καὶ
3063 1923 3194 1993 περὶ
3220 1921 3385 1975 αὐτοῦ
3425 1923 3827 1995 προαναπεφιὶ-

2245 2028 2411 2083 νηκεν
2433 2013 2461 2065 6
2481 2011 2613 2075 Θεὸς
2641 2011 2734 2065 καὶ
2756 2012 2967 2084 Πατήρ·
2998 2031 3017 2063 ι
3050 2012 3352 2084 Ἣτοίμασα
3375 2013 3566 2085 λύχνον
3588 2014 3668 2085 τῷ
3692 2016 3827 2087 Χρι-

2247 2102 2357 2173 στῷ
2379 2120 2502 2173 μου.
2536 2121 2555 2155 ι
2582 2103 2991 2176 Μεμαρτύρηκε
3009 2105 3066 2158 δὲ
3083 2104 3242 2159 τοῦτο
3262 2107 3356 2160 καὶ
3380 2107 3543 2172 αὐτὸς
3560 2110 3590 2162 6
3607 2108 3825 2180 Σωτὴρ,

2244 2197 2358 2258 τοῖς
2401 2195 2509 2248 τῶν
2566 2194 2835 2251 Ἰουδαίων
2866 2197 3206 2269 καθηγηταῖς
3237 2200 3368 2272 περὶ
3409 2200 3575 2255 αὑτοῦ
3612 2200 3827 2271 λέγωη.

2250 2306 2269 2338 ι
2337 2287 2576 2351 Ἐκεῖνος
2610 2284 2680 2362 ἦν
2720 2291 2750 2344 6
2801 2289 2994 2361 λύχνος
3039 2291 3069 2345 ὁ
3117 2291 3409 2363 καιόμενος
3450 2294 3545 2347 καὶ
3591 2294 3824 2362 φαίνων,

2244 2380 2402 2450 ὑμεῖς
2423 2380 2481 2435 δὲ
2512 2381 2814 2453 ἠθελήσατε
2844 2383 3271 2455 ἀγαλλιασθῆναι
3301 2385 3441 2458 πρὸς
3470 2384 3618 2457 ὥραν
3656 2387 3723 2439 ὲν
3753 2386 3826 2455 τῷ

2245 2470 2386 2540 φωτὶ
2418 2472 2606 2526 αὐτοῦ.
2652 2492 2671 2525 ι
2719 2473 2831 2527 Θέα
2877 2473 2987 2547 γὰρ
3035 2476 3182 2541 ὅπως
3212 2477 3288 2542 ὡς
3326 2472 3645 2550 νομομαθὴς
3672 2476 3760 2533 ὢν
3800 2479 3828 2532 6

2248 2563 2518 2634 μακάριος
2550 2564 2785 2630 Παῦλος,
2817 2568 3103 2638 μονονουχὶ
3127 2568 3264 2640 πρὸς
3290 2569 3595 2642 ἀνάμνησιν
3620 2570 3828 2641 ἀναφέ-

2247 2671 2331 2724 ρει
2360 2654 2680 2726 λύχνου,τοῦ
2708 2657 2849 2711 κατὰ
2872 2658 2970 2731 τὴν
2993 2660 3215 2734 πρώτην
3244 2665 3465 2734 σκηνήν.
3496 2663 3804 2718 Ἀσδεστον

2249 2747 2347 2818 μὲν
2389 2747 2499 2819 γὰρ
2528 2750 2556 2802 6
2595 2748 2893 2821 νομοθέτης
2934 2752 3305 2824 διατηρεῖσθαι
3347 2754 3459 2808 δεῖν
3499 2754 3827 2809 κεκέλευκεν

2237 2836 2390 2895 οὕτω
2409 2840 2612 2911 λέγων·
2655 2861 2677 2894 ι
2697 2843 2808 2897 Καὶ
2840 2842 3133 2901 καύσουσιν
3153 2846 3315 2900 αὐτὸν
3357 2846 3567 2919 Ἀαρὼν
3589 2887 3605 2913 ,
3643 2849 3749 2902 καὶ
3780 2848 3826 2900 οί

2244 2932 2351 2984 υἱοὶ
2390 2932 2554 2988 αὐτοῦ
2592 2934 2701 2988 ἀπὸ
2734 2935 2973 3014 ἑσπέρας
3010 2936 3115 3002 ἕως
3142 2937 3287 3009 πρωῒ
3334 2938 3565 2993 ἐνώπιον
3612 2939 3825 3011 Κυρίου

2245 3020 2551 3093 ἐνδελεχῶς.
2585 3043 2606 3078 ι
2643 3024 2848 3097 Χρόνον
2870 3044 2936 3097 γε
2964 3026 3070 3099 μὴν
3087 3029 3173 3082 ἐπ’
3200 3029 3349 3101 αύτῷ
3378 3031 3574 3102 κομιδῇ
3615 3030 3826 3102 βραχὺν

2243 3111 2499 3184 ἡσθέντες
2535 3116 2797 3185 Ἰουδαῖοι,
2824 3118 2914 3173 διά
2939 3137 3003 3188 γε
3031 3120 3092 3174 τὸ
3124 3122 3493 3193 προσδραμεῖν
3517 3122 3598 3194 τῷ
3625 3123 3694 3177 δι’
3724 3124 3826 3178 αύ-

2240 3201 2334 3254 τοῦ
2377 3201 2751 3274 βαπτίσματι,
2789 3208 2884 3261 καὶ⁵
2915 3208 3103 3281 θαῦμα
3149 3210 3291 3265 ἑλεῖν
3330 3212 3417 3266 ἐπ’
3461 3212 3611 3284 αύτῷ
3648 3215 3824 3280 πολὺ,

2240 3293 2635 3365 κατεκοίμισαν
2666 3296 2747 3367 τῷ
2782 3296 2998 3371 θανάτῳ
3028 3303 3309 3373 μονονουχὶ
3335 3303 3428 3356 τὸν
3463 3304 3697 3376 ἀειφανῆ
3727 3306 3822 3360 λύε

2238 3401 2365 3454 χνον
2395 3386 2902 3455 κατασϐεννύοντες.
2944 3393 3007 3446 Εἰ
3040 3392 3149 3464 γὰρ
3192 3395 3286 3449 καὶ
3327 3394 3565 3467 Ἡρώδου
3587 3398 3650 3451 τὺ
3690 3398 3819 3453 τόλ-

2242 3491 2317 3546 μη
2325 3492 2402 3546 μα
2419 3476 2626 3546 λέγοιτο
2635 3479 2817 3551 τυχὸν,
2830 3482 2943 3536 ἀλλ’
2959 3478 3055 3538 οὖν
3074 3484 3227 3549 ὄντος
3241 3485 3300 3554 ἐξ
3313 3486 3546 3558 αἵματος
3575 3489 3817 3562 Ἰσραήλ·

2237 3565 2327 3621 διὰ
2374 3567 2532 3623 τοῦτο
2577 3571 2814 3643 Χριστὸς
2882 3575 2996 3638 τοῖς
3033 3575 3303 3633 Ἰουδαίων
3356 3578 3506 3643 λαοῖς
3557 3579 3619 3634 τὸ
3669 3583 3817 3636 κατά

2238 3659 2439 3724 παντὸς
2484 3660 2638 3731 ἁγίου
2704 3662 2902 3736 θράσος
2945 3665 3215 3735 ἐγκαλῶν,
3248 3687 3268 3721 ‹
3299 3669 3413 3724 Οὐκ
3458 3671 3756 3745 ἐνδέχεται,
3789 3694 3810 3727 ι

2238 3753 2411 3825 φησὶ,
2471 3771 2492 3807 ι
2556 3756 2843 3828 προφήτην
2893 3757 3190 3815 ἀπολέσθαι
3222 3759 3329 3826 ἔξω
3370 3760 3749 3837 Ἰερουσαλήμ.
3788 3783 3807 3818 ι

2304 3939 2514 3996 ΠᾹΛΛ.
2534 3941 2653 4006 Φῶς
2677 3938 2770 3997 οὖν
2785 3943 2893 4014 ἄρα
2912 3945 3004 3999 καὶ
3025 3945 3236 4018 λύχνος,
3254 3946 3377 4001 καθ’
3398 3947 3695 4020 ὁμοιότητα
3716 3951 3812 4005 καὶ

554 4030 870 4100 Christique
928 4029 1405 4101 participationem
1468 4030 1664 4085 beatus
1745 4045 1964 4101 quoque
2026 4031 2131 4085 Ba-

2235 4029 2375 4083 κατά
2399 4030 2615 4101 μέθεξιν
2635 4032 2728 4088 τοῦ
2751 4035 3006 4106 Χριστοῦ,
3031 4037 3126 4091 καὶ
3149 4039 3178 4092 6
3197 4036 3479 4105 θεσπέσιος
3502 4039 3811 4114 Βαπτιστὴς

555 4122 719 4192 ptista
757 4121 863 4176 fuit
901 4122 990 4187 iis,
1010 4122 1105 4193 qui
1134 4122 1190 4177 in
1220 4122 1339 4193 lege
1357 4137 1424 4178 ac
1439 4137 1537 4192 per
1553 4121 1796 4177 Iudaeam
1826 4130 2001 4177 erant.

2235 4122 2342 4185 τοῖς
2371 4123 2429 4175 ὲν
2455 4125 2605 4195 νόμῳ
2632 4125 2774 4179 κατὰ
2802 4126 2901 4198 τὴν
2939 4128 3221 4185 Ἰουδαίαν.
3638 4134 3653 4151 ’

623 4216 782 4273 CYB.
820 4217 899 4272 lta
920 4225 1022 4272 est.
1048 4215 1131 4272 Ad
1168 4214 1424 4273 eumdem
1441 4230 1660 4288 quoque
1690 4214 1915 4270 modum
1939 4230 2128 4285 panes,

2301 4210 2465 4267 ΚΥΡ.
2491 4210 2647 4266 Οὕτω
2668 4215 2829 4286 φημί.
2852 4217 3011 4271 Κατὰ
3036 4217 3130 4271 τὸν
3150 4218 3262 4273 ῖσον
3299 4220 3357 4275 δὲ
3384 4221 3584 4292 τρόπον
3608 4223 3807 4296 ἄρτους

553 4313 773 4362 sanctos
795 4305 1071 4376 apostolos
1093 4303 1267 4376 accipi
1306 4310 1585 4374 putamus.
1628 4303 1783 4359 Unus
1813 4303 1961 4358 enim
2005 4318 2129 4358 cum

2235 4302 2466 4356 νοεῖσθαί
2489 4321 2669 4375 φαμεν
2713 4307 2839 4371 τοὺς
2862 4308 3051 4377 ἁγίους
3070 4310 3422 4376 ἀποστόλους.
3449 4309 3546 4377 Εἷς
3568 4314 3669 4384 μὲν
3694 4315 3804 4386 γὰρ

552 4398 624 4453 sit
662 4398 753 4453 ille
787 4413 886 4467 per
918 4404 1172 4451 naturam
1219 4403 1276 4451 et
1304 4410 1437 4450 vere
1486 4395 1666 4465 panis,
1725 4395 1822 4465 qui
1864 4395 1931 4450 de
1984 4395 2125 4451 cmlo

2235 4394 2257 4446 6
2288 4393 2448 4463 φύσει
2480 4412 2541 4448 τε
2573 4396 2663 4450 καὶ
2687 4397 2904 4467 ἀληθῶς
2932 4400 3097 4472 ἄρτος
3124 4403 3153 4456 6
3179 4402 3240 4468 ἐξ
3274 4403 3502 4476 ούρανοῦ
3533 4406 3628 4458 καὶ
3661 4405 3803 4469 ζωο-

550 4488 856 4554 descendit,
882 4504 947 4543 ac
976 4488 1146 4543 vitam
1179 4494 1421 4557 przestat,
1467 4503 1537 4543 ex
1582 4488 1701 4558 ejus
1728 4495 1909 4544 tamen
1949 4486 2132 4542 imita-

550 4581 700 4636 tione
726 4580 1276 4654 participationeque,
1302 4579 1395 4648 qui
1434 4595 1535 4649 per
1572 4587 1827 4634 naturam
1865 4580 1991 4635 talis
2023 4589 2128 4646 est,

548 4673 722 4728 divini
771 4672 849 4727 illi
873 4672 1257 4743 mysteriorum
1298 4670 1552 4725 doctores
1596 4686 1661 4724 ac
1692 4671 1935 4741 magistri
1964 4686 2132 4740 panes

547 4770 678 4818 sunt
701 4763 770 4816 ad
792 4763 1053 4831 pietatem
1082 4762 1413 4825 nutrientes,
1440 4777 1565 4817 cum
1605 4762 1773 4817 verba
1806 4761 1933 4817 vitae
1969 4761 2131 4816 nobis

547 4855 849 4924 ιιτωῦοαῐιι,
868 4862 923 4906 et
956 4851 1118 4922 3&6
1159 4852 1358 4908 famem
1408 4869 1476 4907 ex
1533 4853 1839 4923 ignorantia
1903 4853 2126 4923 profici-

548 4949 796 4995 scentem
848 4939 916 4994 de
955 4939 1298 4994 credentium
1330 4941 1527 4997 animis
1565 4943 1859 5013 depellant.
1917 4943 2124 4999 Eodem

547 5047 714 5104 porro
735 5038 863 5087 sunt
880 5046 1045 5102 panes
1065 5046 1315 5094 numero,
1333 5047 1443 5101 quo
1468 5033 1746 5104 discipuli,
1774 5048 1971 5105 nempe
1989 5037 2126 5092 duo-

548 5125 747 5190 decim,
786 5124 932 5195 iique
956 5123 1009 5177 in
1040 5123 1177 5179 duas
1209 5124 1513 5195 positiones
1536 5126 1817 5193 collocati;
1842 5143 1938 5182 sex
1969 5127 2118 5194 hinc,

548 5217 745 5288 inquit,
780 5225 836 5273 et
861 5232 957 5273 sex
982 5215 1129 5281 inde,
1161 5215 1555 5286 propemodum
1580 5216 1632 5270 in
1663 5218 1854 5271 orbem
1882 5217 2119 5273 circum-

545 5316 785 5374 stantes,
811 5308 947 5363 etin
986 5306 1169 5362 medio
1205 5307 1326 5362 loco
1355 5306 1594 5376 positum
1636 5307 1901 5362 habentes
1943 5323 2113 5363 unum

547 5398 697 5451 illum
717 5398 861 5453 etde
891 5399 1029 5454 cmlo
1062 5414 1279 5469 panem,
1310 5398 1363 5453 id
1413 5405 1497 5452 est
1544 5398 1847 5454 Christum.
1903 5398 2111 5469 Singuli

544 5487 707 5542 etiam
737 5505 803 5542 ex
825 5488 1038 5545 duabus
1065 5491 1311 5556 decimis,
1354 5490 1408 5545 id
1438 5499 1523 5547 est
1568 5508 1634 5547 ex
1659 5489 1875 5545 duabus
1928 5490 2111 5559 perfe-

628 5667 669 5700 ⁸¹
704 5666 843 5722 Psal.
888 5680 1062 5732 cxx-<1,
1099 5668 1178 5721 l7.
1254 5670 1299 5703 ⁸¹
1321 5669 1477 5725 Joan.
1504 5686 1556 5737 ν,

1752 5671 1798 5703 ⁸³
1817 5668 1953 5726 Luc.
1980 5683 2092 5733 xm,
2119 5666 2185 5719 55

2229 4483 2380 4547 ποιός
2398 4501 2410 4514 ·
2440 4485 2589 4569 κατὰ,
2612 4485 2845 4558 μίμησιν
2886 4487 2943 4541 δὲ
2963 4488 3057 4543 τοῦ
3089 4489 3249 4558 φύσει
3277 4492 3372 4545 καὶ
3398 4489 3540 4546 κατὰ
3583 4490 3803 4563 μέθεξιν

2227 4573 2380 4645 ἄρτοι
2407 4577 2695 4648 τρέφοντες
2723 4581 2803 4642 είς
2833 4580 3114 4635 εὐσέϐειαν
3163 4584 3213 4636 oi
3252 4582 3384 4637 θεῖοι
3425 4583 3798 4655 μυσταγωγοὶ,

2227 4665 2417 4735 λόγους
2446 4670 2577 4739 ἡμῖν
2604 4670 2841 4735 ἐνιέντες
2874 4671 3042 4743 ζωῆς,
3083 4674 3179 4728 καὶ
3206 4675 3297 4730 τὸν
3332 4675 3398 4729 ὲκ
3428 4675 3533 4746 τῆς
3560 4676 3801 4747 ἀμαθίας

2224 4757 2400 4828 λιμὸν,
2418 4761 2515 4831 τῆς
2528 4761 2637 4816 τῶν
2656 4764 3025 4819 πιστευόντων
3050 4765 3359 4832 ὲξιστάντες
3385 4767 3798 4840 ψυχῆς.⁹ισάρι-

2228 4850 2353 4920 ομοι
2387 4852 2446 4906 δὲ
2483 4855 2597 4917 τοῖς
2636 4854 2934 4926 μαθηταῖς,
2973 4858 3023 4912 oi
3058 4858 3247 4929 ἄρτον
3296 4860 3620 4915 δυοκαίδεκα
3665 4860 3793 4930 γὰρ.

2220 4942 2319 5015 ,καὶ
2343 4944 2424 5006 είς
2447 4942 2540 4997 δύο
2569 4944 2809 5016 κείμενοι
2839 4946 3070 5018 θέματα,
3097 4948 3159 5014 ἒξ
3194 4949 3369 5012 ἔνθεν,
3404 4951 3571 5023 φησὶ,
3614 4951 3708 5005 καὶ
3733 4948 3793 5016 ἒξ

2222 5029 2392 5098 ἔνθεν,
2440 5028 2722 5106 μονονουχὶ
2753 5036 2847 5090 καὶ
2878 5039 2937 5091 ὲν
2975 5038 3158 5111 κύκλῳ
3194 5041 3577 5113 περιεστῶτες,
3612 5043 3704 5096 καὶ
3734 5042 3792 5094 ὲν

2224 5122 2374 5194 μέσῳ
2400 5124 2548 5195 τόπῳ
2582 5126 2833 5197 κείμενον
2861 5128 3076 5199 ἔχοντες
3101 5132 3199 5185 ἕνα
3226 5150 3287 5186 τε
3320 5133 3414 5187 καὶ
3446 5132 3506 5199 ἐξ
3538 5129 3789 5204 οὐρανοῦ,

2218 5214 2362 5269 τοῦτ’
2393 5216 2531 5278 ἔστι,
2563 5218 2815 5288 Χριστόν·
2846 5221 2939 5274 καὶ
2974 5221 3069 5275 δύο
3085 5222 3326 5277 δεκάτων
3367 5223 3619 5287 ἕκαστος.
3650 5220 3789 5277 τοῦτ’

2223 5304 2390 5369 ἔστιν,
2418 5308 2482 5359 ἐκ
2501 5305 2594 5359 δύο
2615 5308 2832 5380 μέτρων
2852 5309 3090 5365 τελείων.
3118 5310 3325 5365 Τέλειοι
3348 5311 3457 5382 γὰρ
3482 5312 3604 5365 κατ’
3630 5313 3790 5381 ἄμφω

2222 5397 2509 5464 γεγόνασιν
2553 5398 2603 5450 οἱ
2647 5398 2924 5455 θεσπέσιοι
2954 5400 3224 5473 μαθηταὶ,
3276 5402 3413 5473 πρὸς
3458 5403 3569 5455 πᾶν
3614 5397 3789 5455 ὁτιοῦν

2221 5490 2422 5560 ἀρτίως
2443 5491 2655 5562 ἔχοντες
2676 5493 2897 5563 ἀγαθὸν,
2920 5493 3067 5565 ἔργῳ
3093 5512 3150 5550 τε
3170 5495 3486 5568 διαπρεπεῖς
3514 5495 3608 5551 καὶ
3626 5493 3784 5562 λόγῳ.
