4142 6296
354 396 457 454 681

1099 401 1190 459 DE
1225 398 1668 458 ADORATIONE
1703 395 1772 452 IN
1812 390 2083 451 SPIRITU
2122 393 2213 449 ET
2247 396 2614 456 VERITATE.
2656 399 2782 454 LIB.
2820 399 2888 454 Χ.

3497 398 3603 459 6M

358 511 586 576 Λίϐανος
618 512 676 566 δὲ
718 510 812 563 καὶ
846 508 978 574 ἅλας
1011 510 1198 576 αὐτοῖς
1238 512 1309 567 τὰ
1356 512 1797 583 ὲπιπαττὸμενα,
1833 503 1925 561 τοῦ

2032 507 2135 562 etis
2162 511 2466 578 mensuris;
2506 526 2633 565 nam
2682 527 2749 567 ex
2796 520 3027 584 utraque
3064 520 3220 583 parte
3263 513 3489 584 perfecti
3523 515 3603 572 illi

357 607 457 678 μὲν
480 606 698 659 λιϐάνου
723 602 785 656 τὺ
812 603 1014 668 εὐῶδες
1037 605 1097 658 ὲν
1132 604 1409 677 ἁγιασμῷ,
1446 604 1541 659 καὶ
1570 602 1765 673 εὐωδίᾳ
1790 602 1925 672 Χρι-

354 698 501 760 στοῦ,
528 694 625 748 τοῦ
656 711 720 762 γε
751 694 856 765 μὴν
886 693 1033 761 ἀλὺς,
1064 696 1165 761 τὴν
1187 696 1447 769 φρόνησιν
1475 693 1924 765 ύπεμφαίνοντος.

351 790 425 844 Ού
450 788 562 860 γάρ
598 787 854 852 ἀσύνετος
890 787 924 858 ἦ
977 788 1155 861 μωρὸς
1187 790 1297 843 τῶν
1331 788 1501 858 ἁγίων
1532 790 1560 841 6
1598 786 1776 854 λόγος,
1813 783 1928 838 ἀλλ’

349 881 407 933 ὲν
432 876 616 949 χάριτί
647 895 706 930 τε
745 879 841 931 καὶ
870 877 1028 932 ἁλατι
1061 877 1385 951 ἠρτυμένος,
1416 874 1557 931 κατὰ
1584 874 1645 927 τὸ
1675 890 1945 944 γεγραμ-.

353 970 535 1041 μένον.
574 969 668 1023 καὶ
709 968 868 1040 χάριν
909 968 1085 1032 διδοὺς
1119 970 1231 1031 τοῖς
1263 966 1571 1022 ἀκούουσιν.
1609 965 1841 1036 Εῐρηται
1870 962 1927 1015 δὲ

351 1058 487 1129 πρὸς
533 1060 730 1123 αὐτοὺς
771 1059 865 1112 καὶ⁹
907 1058 1055 1132 παρὰ
1084 1058 1343 1131 Χριστοῦ·
1384 1076 1404 1109 ι
1472 1057 1660 1128 Ὑμεῖς
1700 1056 1823 1108 ὲστε
1866 1053 1928 1106 τὸ

352 1150 484 1215 ἅλας
517 1149 615 1220 τῆς
640 1149 765 1220 γῆς.
806 1168 826 1202 ι
870 1149 1224 1221 Προτίθενται
1254 1150 1311 1203 δὲ
1344 1148 1439 1203 καὶ
1465 1148 1522 1202 ὲν
1556 1146 1744 1218 ἡμέρᾳ
1784 1143 1926 1198 Σαδ-

351 1243 551 1297 6ἁτων.
592 1240 806 1313 Ἡμέρα
836 1241 945 1312 γὰρ
985 1239 1308 1307 ἀναδείξεως
1334 1239 1444 1293 τῶν
1488 1238 1659 1308 ἁγίων
1696 1235 1927 1291 ἀποστό-

351 1335 478 1401 λων,
517 1335 548 1387 6
574 1333 666 1387 τοῦ
696 1331 889 1404 νοητοῦ
942 1331 1222 1386 Σαὸϐἁτου
1252 1331 1443 1402 καιρὸς
1462 1370 1476 1395 ,
1507 1329 1650 1383 τοῦτ’
1680 1329 1846 1393 ἐστιν,
1890 1329 1925 1399 ἡ

352 1425 591 1498 Χριστοῦ
630 1424 928 1497 παρουσία,
976 1426 1043 1495 ἢν
1084 1422 1315 1495 ἐπείπερ
1346 1422 1446 1476 οὐκ
1484 1420 1724 1491 ἔγνωσαν
1771 1422 1821 1474 οί
1866 1419 1927 1485 ἐξ

368 1518 601 1591 Ἰσραὴλ,
645 1519 674 1570 6
714 1516 923 1581 Παῦλός
956 1533 1090 1588 φησι
1139 1516 1269 1586 περὶ⁵
1314 1514 1517 1577 αὐτῶν,
1556 1533 1575 1567 ι
1616 1515 1759 1585 Ἄρα
1792 1514 1927 1567 ἁπο-

354 1612 597 1666 λείπεται
636 1607 1003 1678 σαϐὀατισμὺς
1038 1606 1119 1678 τῷ
1164 1605 1279 1677 λαῷ
1316 1603 1412 1659 τοῦ
1445 1604 1601 1659 Θεοῦ.
1641 1620 1662 1655 ι
1708 1604 1782 1658 Ού
1816 1603 1925 1674 γάρ

354 1698 598 1770 εἰσῆλθον
644 1698 724 1762 είς
759 1697 858 1770 τὴν
888 1697 1234 1752 κατάπαυσιν
1262 1694 1451 1761 αὑτοῦ,
1498 1695 1598 1766 τὴν
1638 1695 1818 1749 πίστιν
1860 1695 1921 1748 οὐ

350 1790 775 1862 προσηκάμενοι.
805 1789 1181 1860 Σαϐϐατισμδς
1214 1783 1306 1842 οὖν
1339 1787 1530 1859 νοητὸς
1566 1787 1662 1842 καὶ
1694 1786 1919 1858 ἀληθὴς,

348 1886 379 1939 6
421 1883 523 1954 τῆς
570 1883 667 1936 τοῦ
715 1880 969 1953 Σωτῆρος
994 1880 1152 1952 ἡμῶν
1202 1878 1497 1950 ἐπιδημίας
1543 1877 1763 1949 καιρός.
1835 1876 1925 1931 Ἐν

347 1974 646 2045 assumat;
677 1973 736 2027 δὲ
767 1972 902 2027 Θεοῦ
932 1971 1038 2027 τῶν
1070 1971 1252 2044 ἁρτων
1277 1973 1311 2043 ή
1348 1968 1637 2042 πρόθεσις,
1683 1969 1778 2024 καὶ
1819 1968 1926 2040 μὴν

348 2067 441 2121 καὶ
460 2068 519 2120 ὲν
543 2065 841 2136 ὀφθαλμοῖς
872 2063 1109 2136 Ἰσραήλ.
1139 2081 1158 2116 ι
1192 2062 1499 2135 Προθησετε
1523 2063 1653 2135 γὰρ,
1676 2062 1832 2134 φησὶ,
1859 2064 1924 2133 τῇ

347 2159 531 2231 ἡμέρα
549 2157 658 2211 τῶν
683 2157 975 2212 Σαϐϐάτων
1000 2155 1180 2211 ἔναντι
1198 2156 1405 2230 Κυρίου
1424 2155 1512 2210 διὰ
1537 2156 1758 2221 παντὸς,
1776 2156 1927 2227 παρά

346 2249 454 2303 τῶν
479 2248 611 2303 υίῶν
640 2249 874 2321 Ἰσραήλ·
906 2267 926 2300 ι
951 2248 1227 2321 θεωμένου
1252 2250 1345 2303 καὶ
1369 2246 1630 2320 διηνεκῶς
1649 2246 1926 2313 ἀξιοῦντος

344 2341 472 2404 τοὺς
521 2340 710 2408 ἁγίους
758 2339 1081 2411 ἐπισκοπῆς.
1136 2357 1155 2392 ι
1215 2336 1509 2408 Ὀφθαλμοὶ
1562 2335 1672 2408 γὰρ
1718 2335 1925 2407 Κυρίου

345 2433 443 2486 ἐπὶ
476 2431 739 2503 δικαίους,
787 2450 806 2484 ι
842 2430 996 2503 φησί.
1028 2430 1133 2486 Τοῦ
1166 2431 1223 2485 δὲ
1271 2429 1508 2502 Ἰσραὴλ,
1538 2430 1613 2494 ὡς
1640 2427 1924 2500 προσέχειν

345 2525 530 2588 αὐτοῖς
553 2522 879 2594 ὀφείλοντος,
932 2522 1028 2575 καὶ
1080 2521 1242 2575 οἱονεί
1280 2538 1396 2586 πως
1443 2519 1768 2589 ὲφιστῶντος
1823 2516 1924 2588 τῆς

346 2615 580 2680 διανοίας
625 2615 718 2669 τὸν
763 2611 1059 2685 ὀφθαλμὸν,
1097 2607 1159 2668 οῦ
1199 2611 1294 2667 καὶ
1338 2613 1416 2675 είς
1448 2611 1618 2665 τύπον
1666 2610 1731 2665 ἂν
1776 2608 1924 2680 εῐη.ό

353 2706 676 2777 σωματικός.
720 2724 739 2758 ι
793 2705 930 2759 Ἀλλ’
972 2703 1146 2772 ἔσται,
1199 2704 1399 2775 φησὶν,
1441 2702 1649 2776 Ἀαρὼν
1691 2702 1924 2766 καὶτοῖς

354 2799 488 2862 υἱοῖς
538 2796 720 2863 αὑτοῦ,
762 2798 859 2852 καὶ
907 2801 1173 2867 φάγονται
1218 2796 1378 2850 αὐτά.
1417 2815 1436 2848 ι
1477 2796 1768 2868 Πρόκειται
1815 2794 1924 2867 γὰρ

348 2889 481 2960 ἡμῖν
511 2888 590 2952 είς
619 2887 826 2957 τροφὴν
853 2885 921 2940 τά
948 2884 1058 2939 τῶν
1091 2883 1262 2953 ἁγίων
1294 2884 1604 2938 ἀποστόλων
1634 2883 1923 2955 συγγράμ-

351 2996 526 3051 ματα,
559 2981 671 3043 τοῖς
704 2979 762 3031 ὲν
800 2977 983 3031 πίστει
1020 2976 1489 3047 δεδικαιωμένοις,
1543 2976 1682 3047 ἁγίῳ
1726 2991 1784 3028 τε
1832 2976 1926 3029 καὶ

348 3070 480 3142 ίερῷ
510 3069 689 3139 γένει,
714 3069 862 3133 λαοῖς
891 3070 1003 3131 τοῖς
1039 3069 1118 3131 είς
1159 3067 1536 3139 περιποίησιν,
1586 3067 1681 3121 καὶ
1721 3065 1925 3133 ἐξειλε-

345 3162 591 3233 γμένοις,
626 3162 721 3216 καὶ
748 3164 814 3234 τῇ
843 3159 937 3216 τοῦ
966 3159 1121 3230 ἁγίου
1147 3159 1465 3232 Πνεύματος
1489 3159 1670 3231 χάριτι
1696 3175 1927 3212 κατακε-
1950 3189 1996 3250 c

347 3253 682 3324 χρισμὲνοις.

421 3526 630 3579 ΠΑΔΛ.
662 3519 736 3579 Εὖ
776 3518 910 3594 ἔφης
932 3540 946 3554 θ
981 3522 1356 3592 συναινέσαιμι
1379 3521 1485 3592 γὰρ
1518 3522 1603 3576 άν.
1646 3522 1803 3577 Ἀλλά
1830 3523 1924 3576 τοῦ

348 3615 415 3688 δὴ
437 3617 616 3687 χάριν,
646 3617 746 3670 οὑκ
769 3616 826 3670 ὲν
857 3617 969 3678 τοῖς
1005 3613 1208 3683 Ἀγίοις
1241 3613 1349 3667 τῶν
1387 3614 1555 3682 ἁγίων
1576 3655 1589 3677 ,
1617 3611 1730 3667 ἁλλ’
1755 3614 1811 3666 ἐν
1858 3616 1923 3685 τῇ

348 3706 541 3778 πρώτῃ
588 3711 757 3781 σκηνῇ
790 3707 884 3760 τοῦ
913 3707 1067 3776 ἁγίου
1111 3703 1417 3763 Βαπτιστοῦ
1439 3745 1454 3770 ,
1484 3706 1578 3759 καὶ
1604 3705 1713 3758 τῶν
1757 3706 1925 3774 ἁγίων

346 3798 665 3853 ἀποστόλων
688 3800 736 3851 oi
760 3799 921 3852 τύποι
940 3816 956 3865 ;

414 3890 579 3946 ΚΥΡ.
612 3882 833 3964 Πρῶτον
876 3891 975 3962 μὲν
1022 3891 1103 3944 ὅτι
1156 3889 1290 3943 πολὺ
1332 3890 1392 3943 τὸ
1434 3888 1783 3960 μεσολαϐοῦν,
1831 3890 1925 3942 καὶ

345 3982 446 4035 οὐκ
472 3982 529 4036 ὲν
555 3974 634 4045 οἷς
654 3983 682 4034 ό
705 3981 960 4052 Χριστὸς,
984 3980 1078 4033 καὶ
1101 3979 1169 4033 τὰ
1191 3981 1299 4033 τῶν
1330 3980 1500 4047 ἁγίων
1524 3979 1786 4046 κείσεται,
1810 3979 1923 4034 ἀλλ’

346 4072 508 4127 οίονεί
546 4090 664 4137 πως
697 4072 801 4139 ἔξω
843 4073 937 4126 καὶ
980 4073 1037 4125 ὲν
1077 4070 1302 4143 μείοσιν.
1350 4070 1641 4144 Ἐξῄρηται
1679 4071 1786 4143 γὰρ
1831 4072 1925 4126 καὶ

348 4165 454 4220 ἀνά
488 4166 654 4238 μέρος
681 4165 798 4218 ἐστὶ
823 4164 891 4218 τά
916 4164 1009 4218 τοῦ
1032 4162 1188 4230 Θεοῦ,
1212 4165 1307 4219 καὶ
1331 4165 1497 4229 πολὺς
1521 4163 1588 4218 τὰ
1610 4164 1924 4236 ἀνθρώπινα

347 4257 663 4329 διατειχίζει
710 4255 900 4322 λόγος,
947 4254 1276 4327 ἀσύγκριτον
1326 4257 1632 4321 ἐπιδεικνὺς
1677 4257 1775 4328 τὴν
1815 4257 1923 4311 τῶν

346 4350 563 4418 φύσεων
609 4348 866 4419 ἰδιότητα,
908 4348 1000 4400 καὶ
1046 4347 1142 4419 τὴν
1187 4348 1287 4416 τῆς
1331 4348 1584 4412 εὐκλείας
1633 4351 1917 4421 διαφοράν.

346 4437 478 4495 Εἶτα
511 4442 595 4495 ὅτι
623 4440 910 4510 γεγόνασιν
942 4436 1002 4503 ἐξ
1046 4438 1311 4493 Ἰουδαίων
1342 4441 1435 4493 καὶ
1466 4440 1567 4510 τῆς
1596 4440 1738 4494 κατά
1761 4441 1923 4510 νόμον

2031 598 2175 654 beati
2202 600 2457 670 discipuli
2479 602 2723 668 fuerunt,
2754 603 2821 658 ad
2865 620 3027 660 omne
3062 620 3201 675 opus
3238 604 3443 660 bonum
3482 622 3602 661 om-

2027 687 2193 743 nibus
2229 688 2342 744 suis
2381 691 2631 759 partibus
2671 691 2928 758 absoluti,
2956 701 3013 748 et
3057 709 3223 764 opere
3254 693 3498 765 insignes
3548 703 3606 751 et

2026 777 2217 832 verbo.
2265 779 2418 834 Thus
2450 787 2719 849 praeterea
2781 789 2837 836 et
2881 782 2960 837 sal
3005 782 3116 837 illis
3160 783 3508 855 aspergitur;
3541 799 3607 840 ac

2027 865 2157 920 thus
2176 867 2398 937 quidem
2427 868 2577 923 illam
2606 870 2912 926 sanctitatis
2936 871 3311 942 fragrantiam,
3327 884 3385 929 et
3399 874 3605 930 Christi

2028 954 2234 1009 bonum
2262 956 2510 1023 odorem,
2551 959 2630 1013 sal
2650 973 2782 1014 vero
2801 962 3149 1030 prudentiam
3168 964 3405 1032 indicat;
3426 982 3607 1037 neque

2025 1046 2175 1101 enim
2190 1055 2505 1103 sanctorum
2526 1050 2774 1106 virorum
2795 1067 2976 1108 sermo
2996 1052 3266 1123 insipiens
3289 1064 3385 1109 aut
3404 1057 3608 1112 stultus

2026 1144 2132 1204 est,
2164 1139 2260 1194 sed
2278 1141 2453 1211 gratia
2488 1150 2547 1196 et
2570 1142 2680 1198 sale
2721 1143 2976 1199 conditus
2996 1144 3064 1211 ⁸⁸,
3104 1151 3167 1200 ut
3194 1146 3461 1217 scriptum
3500 1157 3605 1214 est,

2026 1237 2084 1284 et
2108 1229 2338 1299 gratiam
2371 1230 2465 1287 dat
2489 1232 2847 1289 audientibus
2864 1234 2930 1289 ⁸⁸.
2957 1234 3173 1291 Dictum
3207 1244 3291 1293 est
3317 1238 3482 1293 etiam
3500 1238 3610 1294 illis

2027 1335 2059 1374 a
2090 1320 2314 1377 Christo
2340 1339 2353 1375 :
2385 1341 2404 1373 ‹
2444 1322 2553 1378 Vos
2585 1325 2718 1380 estis
2750 1325 2829 1380 sal
2862 1332 3024 1383 terra;
3061 1328 3126 1383 ⁸⁸.
3167 1346 3186 1380 ι
3216 1329 3610 1400 Ρτοροιιωιψτ

2027 1413 2195 1468 etiam
2224 1413 2313 1470 die
2335 1414 2593 1482 Sabbati;
2625 1417 2743 1473 dies
2760 1419 2929 1486 enim,
2953 1435 3063 1491 quo
3099 1431 3230 1478 sunt
3268 1423 3443 1478 sancti
3471 1439 3608 1496 apo-

2028 1503 2154 1558 stoli
2168 1503 2451 1573 declarati,
2471 1505 2694 1563 Sabbati
2720 1509 3022 1580 spiritualis
3046 1520 3264 1585 tempus
3288 1522 3391 1583 est,
3411 1531 3608 1588 nempe

2028 1594 2235 1651 Christi
2261 1596 2554 1664 adventus,
2585 1615 2749 1670 quem
2780 1603 2910 1673 quia
2935 1618 3045 1659 non
3063 1614 3406 1676 agnoverunt
3427 1608 3608 1679 quilex

2028 1686 2196 1743 Israel
2217 1704 2390 1759 genus
2420 1689 2716 1758 ducebant,
2748 1693 2952 1750 Paulus
2999 1695 3068 1753 de
3098 1697 3206 1753 illis
3234 1697 3369 1754 dicit
3403 1716 3416 1753 :
3452 1718 3469 1750 ι
3498 1700 3606 1771 Igi-

2029 1784 2119 1831 tur
2171 1780 2502 1851 relinquitur
2544 1784 2913 1844 sabbatismus
2967 1789 3170 1859 populo
3201 1791 3300 1845 Dei
3343 1791 3410 1845 ⁸⁷.
3434 1810 3453 1844 ›
3486 1792 3605 1848 Νοη

2030 1869 2180 1925 enim
2204 1871 2438 1943 ingressi
2457 1885 2584 1930 sunt
2609 1877 2666 1931 in
2690 1879 2939 1949 requiem
2968 1882 3107 1953 ejus,
3130 1883 3259 1955 quia
3293 1884 3454 1941 fidem
3495 1901 3604 1941 non

2028 1973 2374 2035 receperunt.
2427 1966 2807 2026 Sabbatismus
2831 1972 3000 2043 igitur
3024 1990 3190 2031 verus
3213 1991 3276 2032 ac
3304 1977 3608 2048 spiritualis

2030 2062 2246 2127 tempus
2291 2058 2427 2114 illud
2473 2068 2577 2127 est,
2634 2077 2744 2133 quo
2774 2062 3021 2120 Salvator
3062 2074 3249 2123 noster
3278 2068 3518 2124 advenit.
3545 2068 3605 2124 In

2028 2147 2205 2204 oculis
2229 2149 2395 2204 etiam
2425 2150 2521 2205 Dei
2552 2159 2636 2207 est
2663 2168 2864 2223 panum
2883 2156 3209 2227 propositio,
3243 2166 3408 2229 atque
3439 2159 3605 2214 etiam

2029 2239 2086 2295 in
2135 2242 2312 2298 oculis
2370 2244 2557 2300 Israel.
2616 2265 2634 2298 ι
2686 2247 3012 2318 Proponetis
3054 2251 3224 2316 enim,
3263 2251 3463 2322 inquit,
3515 2251 3606 2307 die

2029 2330 2393 2389 Sabbatorum
2431 2337 2489 2390 in
2521 2347 2817 2407 conspectu
2844 2340 3063 2394 Domini
3081 2340 3136 2395 in
3165 2350 3516 2413 perpetuum,
3546 2343 3604 2398 in

2029 2434 2328 2494 conspectu
2359 2425 2596 2482 ﬁliorum
2622 2428 2782 2484 Israel
2806 2429 2887 2496 ⁸⁸;
2927 2450 2946 2481 ι
2969 2446 3094 2486 cum
3119 2432 3211 2487 ille
3263 2434 3604 2505 contemple—

2030 2524 2138 2583 tur,
2165 2532 2229 2572 ac
2253 2525 2522 2589 perpetuo
2557 2529 2775 2576 sanctos
2824 2522 2968 2577 viros
3012 2536 3109 2578 sua
3131 2524 3472 2594 inspectione
3524 2525 3606 2581 di-

2028 2616 2251 2679 gnetur:
2279 2628 2296 2660 ι
2314 2609 2470 2665 Oculi
2487 2612 2657 2678 enim,
2680 2613 2881 2684 inquit,
2895 2614 3113 2670 Domini
3141 2618 3489 2688 superjustos
3499 2618 3565 2674 ⁸³.
3579 2638 3597 2671 ι

2029 2699 2089 2754 In
2109 2699 2284 2754 oculis
2324 2701 2490 2755 etiam
2521 2702 2706 2768 Israel,
2746 2703 2893 2773 quod
2945 2720 3042 2762 eos
3064 2708 3350 2764 attendere
3383 2709 3603 2778 debeat,

2029 2798 2193 2861 atque
2221 2792 2276 2846 in
2306 2791 2412 2847 illis
2449 2792 2616 2847 animi
2640 2794 2829 2850 oculos
2858 2795 3261 2866 quodammodo
3285 2797 3431 2870 ﬁgat,
3465 2816 3604 2871 quo-

2031 2896 2152 2935 rum
2173 2880 2401 2953 ﬁguram
2440 2882 2689 2954 corporis
2736 2885 2883 2941 oculi
2919 2886 3184 2944 referunt.
3222 2907 3241 2941 ι
3274 2887 3381 2945 Sed
3419 2898 3603 2958 erunt,

2031 2972 2228 3044 inquit,
2252 2972 2436 3029 Aaron
2453 2983 2512 3030 et
2540 2975 2668 3032 ﬁliis
2693 2978 2833 3049 ejus,
2860 2985 2915 3033 et
2941 2980 3233 3036 comedent
3268 2997 3352 3037 ea.
3385 3002 3403 3034 ι
3425 2983 3606 3054 Appo-

2028 3063 2131 3118 sila
2157 3070 2286 3118 sunt
2313 3064 2515 3134 quippe
2544 3066 2705 3120 nobis
2732 3067 2788 3121 in
2826 3066 3011 3121 cibum
3035 3076 3348 3123 sanctorum
3389 3081 3607 3141 aposto-

2028 3155 2208 3210 lorum
2230 3156 2454 3227 scripta,
2485 3159 2580 3228 qui
2613 3158 2717 3213 [ide
2749 3159 3035 3229 justiﬁcati
3063 3174 3282 3228 sumus;
3329 3170 3385 3217 et
3408 3166 3606 3220 sancto

2028 3246 2104 3301 illi
2133 3262 2197 3302 ac
2229 3262 2385 3303 sacro
2407 3249 2615 3319 generi,
2641 3250 2880 3320 populis,
2911 3251 3155 3321 inquam,
3194 3251 3302 3308 illis
3327 3252 3384 3306 in
3412 3254 3602 3324 acqui-

2025 3338 2304 3405 sitionem,
2336 3348 2391 3394 et
2424 3340 2636 3404 electis,
2684 3349 2740 3395 et
2784 3343 2956 3397 sancti
2997 3342 3235 3414 Spiritus
3263 3345 3435 3416 gratia
3474 3362 3604 3417 per-

2026 3432 2226 3488 unctis.

2095 3524 2293 3579 PALL.
2334 3525 2503 3580 Recte
2540 3528 2658 3581 ais:
2702 3526 2799 3581 tibi
2819 3526 2967 3582 enim
2991 3531 3281 3584 assentior.
3319 3529 3426 3585 Sed
3449 3532 3605 3603 cujus

2026 3618 2102 3673 rei
2127 3618 2303 3688 gratia
2345 3633 2457 3671 non
2502 3618 2557 3671 in
2601 3617 2815 3673 Sanctis
2856 3628 3192 3685 sanctorum,
3225 3620 3386 3692 347
3410 3622 3506 3677 sed
3547 3623 3604 3677 in

2025 3709 2207 3779 primo
2230 3708 2585 3764 tabernaculo
2607 3710 2782 3764 sancti
2808 3709 2954 3764 illius
2995 3710 3249 3780 Baptistae
3293 3726 3356 3765 ac
3389 3720 3605 3767 sancto-

2026 3816 2147 3856 rum
2176 3801 2550 3871 apostolorum
2575 3800 2691 3856 sitm
2716 3809 2874 3856 erant
2896 3800 3122 3872 ﬁgurat?

2095 3892 2249 3949 CYR.
2279 3893 2522 3948 Primum
2552 3893 2775 3963 quidem
2797 3894 3094 3963 plurimum
3130 3894 3275 3950 inter
3299 3911 3395 3951 eos
3426 3897 3601 3953 inter-

2025 3992 2140 4048 est;
2207 3997 2386 4052 neque
2439 3981 2636 4037 eodem
2693 3997 2805 4053 quo
2848 3982 3101 4039 Christus
3135 3985 3256 4041 loco
3287 3987 3393 4041 viri
3428 3989 3601 4044 sancti

2024 4092 2145 4131 esse
2168 4083 2421 4146 possunt,
2456 4073 2554 4130 sed
2582 4075 2925 4130 extrinsecus
2947 4076 3352 4146 quodammodo
3379 4088 3435 4133 et
3468 4081 3601 4134 sub-

2026 4167 2278 4223 missiore
2324 4166 2521 4237 gradu.
2571 4166 2829 4237 Sejuncta
2871 4182 3107 4236 namque
3147 4178 3275 4222 sunt
3302 4168 3506 4234 divina,
3539 4188 3603 4227 ac

2024 4257 2318 4327 separatim
2334 4257 2531 4326 posita,
2561 4265 2617 4310 et
2643 4257 2801 4327 longe
2828 4256 3042 4309 diversa
3060 4256 3199 4311 ratio
3230 4272 3267 4314 α
3294 4256 3495 4314 divinis
3513 4277 3599 4315 re-

2025 4350 2128 4405 bus
2143 4350 2382 4404 humana
2399 4348 2706 4418 distinguit,
2725 4362 2845 4417 quae
2869 4354 3192 4402 naturarum
3207 4350 3601 4421 proprietatem

2026 4441 2511 4510 diﬂerentiamquc
2537 4439 2721 4511 gloria:
2767 4447 2972 4494 tantam
2998 4456 3119 4496 esse
3149 4441 3510 4511 demonstrat,
3544 4456 3605 4501 ut

346 4532 620 4605 λατρείας.
658 4532 842 4605 Ταύτῃ
871 4549 950 4584 τοι
982 4531 1146 4594 τόπος
1182 4529 1368 4602 ὥσπερ
1418 4532 1601 4596 αὐτοῖς
1635 4535 1662 4586 ὁ
1701 4535 1924 4604 πρέπων

2028 4516 2267 4587 conferri
2292 4531 2436 4586 inter
2458 4546 2517 4586 se
2556 4530 2710 4585 nullo
2736 4529 2920 4584 .modo
2953 4540 3175 4600 queant.
3219 4533 3444 4601 Deinde,
3474 4536 3602 4606 quia

345 4626 379 4695 ἡ
415 4624 608 4697 πρώτη
641 4623 846 4694 σκηνὴ,
885 4624 941 4677 ἐν
1037 4622 1096 4676 τὸ
1124 4624 1181 4674 ἐν
1213 4620 1405 4687 τύποις
1436 4624 1613 4677 ἔκειτο
1639 4625 1749 4678 τῶν
1783 4641 1920 4698 καρο

347 4715 622 4787 πωμάτων
656 4714 1062 4785 θυσιαστήριον·
1100 4713 1133 4783 ἢ
1170 4714 1270 4767 οὐκ
1316 4712 1376 4777 ἐξ
1423 4714 1652 4784 αἵματος
1710 4715 1923 4787 Ἰσραὴλ

347 4808 439 4861 καὶ
466 4807 575 4861 ἀπὸ
619 4807 823 4878 σκηνῆς
852 4805 1040 4877 ῶσπερ
1079 4807 1176 4877 τῆς
1213 4805 1466 4877 πρώτης,
1515 4806 1547 4876 ὴ
1597 4806 1705 4859 τῶν
1753 4808 1920 4877 ἁγίων

352 4898 604 4970 μαθητῶν
626 4898 811 4968 γέγονε
844 4898 1031 4970 κλῆσις
1051 4914 1065 4963 ;

416 5161 624 5215 ΠᾹΛΛ.
649 5162 757 5214 Καὶ
792 5161 957 5232 μάλα.

413 5252 580 5304 ΚΥΡ.
632 5251 883 5322 Ἔχοντος
913 5250 978 5322 δὴ
1007 5247 1099 5304 οὖν
1127 5252 1489 5323 ἀποχρώντως
1523 5256 1651 5324 ἡμῖν
1682 5250 1738 5309 εὖ
1775 5256 1920 5326 μάλα

345 5340 434 5396 τοῦ
462 5344 590 5413 περὶ
614 5344 817 5397 τούτων
841 5343 1023 5411 λόγου,
1058 5342 1402 5413 παροιστέον,
1435 5346 1481 5398 εί
1511 5345 1674 5409 δοκεῖ,
1700 5346 1798 5418 τὴν
1823 5348 1918 5401 τοῦ

346 5436 630 5491 θεσπεσίου
657 5437 869 5489 Παύλου
903 5435 1106 5505 φωνὴν,
1143 5434 1534 5506 διατρανοῦσαν
1570 5439 1818 5505 ἀστείως,
1852 5439 1914 5493 τὸ

346 5531 434 5582 ἐπί
467 5547 530 5598 γε
558 5533 624 5600 τῇ
661 5528 849 5600 πρώτῃ
880 5527 973 5581 καὶ
999 5531 1065 5598 τῇ
1112 5528 1337 5600 δευτέρᾳ
1379 5533 1551 5602 σκηνῇ
1591 5534 1908 5605 μαρτύριον.

345 5622 549 5694 Γράφει
581 5622 637 5674 δὲ
666 5615 787 5675 ὧδε·
830 5639 848 5671 ι
889 5618 1103 5673 Τούτων
1125 5619 1180 5671 δὲ
1219 5619 1358 5672 οὕτω
1388 5625 1911 5694 κατεσκευασμένων

2029 4638 2095 4677 ex
2115 4621 2318 4678 Judaeis
2340 4621 2445 4675 orti
2472 4629 2529 4677 et
2553 4635 2620 4675 ex
2649 4620 2738 4674 illa
2754 4620 2913 4691 legali
2943 4621 3323 4680 observatione
3345 4624 3601 4692 fuerunt,

2030 4714 2101 4769 ob
2117 4729 2235 4768 eam
2260 4728 2479 4767 causam
2501 4713 2655 4767 locus
2695 4711 2802 4766 illis
2835 4712 3238 4783 quodammodo
3263 4715 3463 4772 decens
3501 4719 3602 4773 tri-

2027 4806 2197 4860 butus
2239 4813 2343 4870 est,
2387 4820 2583 4874 nempe
2618 4803 2855 4874 primum
2908 4805 3343 4874 tabernaculum,
3387 4810 3442 4865 in
3495 4828 3603 4882 quo

2030 4897 2377 4969 ﬁgurativum
2426 4895 2560 4950 illud
2599 4895 2993 4952 sacriﬁciorum
3043 4899 3215 4955 altare
3241 4901 3405 4957 situm
3460 4913 3598 4960 erat.

2031 4990 2225 5046 Annon
2281 5003 2347 5041 ex
2400 5001 2599 5057 genere
2629 4986 2817 5053 Israel,
2845 4998 2901 5043 et
2927 4989 3083 5059 quasi
3142 4994 3375 5062 eprimo
3422 4996 3601 5051 taber-

2022 5081 2218 5138 naculo
2239 5087 2458 5135 sanctos
2480 5079 2600 5134 illos
2619 5079 2918 5151 discipulos
2947 5097 3069 5138 esse
3092 5086 3285 5152 putas?

2092 5173 2288 5229 PALL.
2318 5172 2432 5244 Ego
2452 5187 2585 5227 vero
2601 5172 2856 5228 maxime.

2091 5265 2248 5321 CYR.
2276 5263 2414 5319 Cum
2442 5264 2611 5335 igitur
2634 5264 2721 5319 his
2743 5264 2810 5319 de
2834 5265 3001 5320 rebus
3016 5263 3222 5319 dictum
3249 5266 3320 5319 sit
3371 5280 3402 5318 a
3437 5266 3598 5321 nobis

2021 5356 2172 5420 satis,
2199 5355 2524 5426 proferenda
2550 5365 2698 5421 sunt,
2737 5357 2779 5409 si
2804 5356 3001 5425 placet,
3034 5354 3179 5408 beati
3224 5356 3376 5410 Pauli
3405 5358 3595 5422 verba,

2021 5463 2141 5518 qua:
2164 5447 2231 5502 de
2255 5448 2432 5518 primo
2464 5464 2527 5503 ac
2556 5447 2798 5502 secundo
2832 5446 3189 5500 tabernaculo
3223 5448 3598 5504 testimonium

2020 5539 2300 5610 eleganter
2321 5539 2614 5608 explicant.
2666 5536 2873 5592 Scribit
2921 5537 3069 5593 enim
3123 5538 3169 5594 is
3202 5524 3447 5595 adhunc
3484 5556 3599 5593 mo-

2022 5629 2149 5683 dum
2184 5648 2193 5681 :
2232 5650 2248 5680 ι
2287 5630 2382 5684 llis
2408 5631 2481 5684 ita
2506 5629 2806 5699 dispositis,
2834 5630 2890 5684 in
2910 5629 3146 5701 primum
3172 5631 3395 5702 quidem
3421 5633 3600 5686 taber-

413 5795 457 5830 ιι
479 5796 594 5853 σοι,
630 5812 702 5859 ιν,
734 5797 786 5848 6.
861 5794 905 5826 ⁸⁸
933 5794 1131 5863 Ephes.
1163 5810 1232 5856 iv,
1263 5795 1351 5847 29.
1430 5797 1475 5829 ⁸⁵
1492 5797 1681 5853 Matth.
1708 5815 1761 5865 ν,
1788 5800 1875 5857 15.

2027 5803 2269 5869 Ilebmv,
2306 5807 2355 5860 9.
2436 5807 2479 5839 ⁸⁸
2517 5808 2698 5866 Levit.
2730 5825 2873 5874 xxiv,
2904 5809 2956 5865 8.
3033 5811 3077 5844 ”
3109 5811 3253 5865 Psal.
3287 5822 3473 5871 χχχιιι,
3507 5804 3592 5857 16.

657 5886 929 5948 PATnoL.
974 5886 1087 5944 Un.
1128 5885 1384 5949 LXVIII.

3158 5898 3235 5959 22
