4142 6296
581 392 684 449 683

1618 391 1674 449 Β.
1715 392 1990 449 CYRILLI
2025 391 2491 449 ALEXANDRINI
2523 390 2840 448 ARCIIIEP.

3725 388 3834 447 684

575 508 833 565 naculum
871 521 1086 576 semper
1130 505 1511 579 ingrediuntur
1561 507 1895 572 sacerdotes,
1940 506 2138 563 sacriﬁ-

2256 509 2335 571 είς
2371 508 2469 578 μὲν
2494 507 2591 577 τὴν
2622 505 2843 577 πρώτην
2876 504 3099 574 σκηνὴν,
3144 502 3233 556 διὰ
3276 500 3477 565 παντὸς
3521 501 3754 557 εἰσίασιν
3777 505 3829 558 οε

572 598 784 653 ciorum
813 596 986 651 ollicia
1009 605 1488 652 consummantes:
1521 597 1578 650 in
1611 598 1914 652 secundum
1963 606 2146 653 autem
2175 639 2211 674 η

571 686 739 742 semel
787 686 844 740 in
887 701 1032 741 anno
1074 687 1225 741 solus
1276 685 1541 755 pontifex,
1566 702 1677 741 non
1722 687 1840 742 sine
1862 687 2144 757 sanguine,

569 793 732 847 quem
764 777 929 832 offert
954 793 1055 848 pro
1082 793 1180 833 sua
1203 784 1259 831 et
1294 777 1482 847 populi
1540 776 1881 848 ignorantia;
1917 778 2023 832 hoc
2068 777 2145 832 si-

566 867 861 937 gniﬁcante
900 867 1107 938 Spiritu
1147 874 1358 932 saneto,
1385 866 1631 922 nondum
1662 868 2001 937 propalatam
2027 882 2147 922 esse

566 964 882 1011 sanctorum
910 956 1075 1021 viam,
1102 956 1283 1011 adhuc
1308 956 1492 1026 primo
1520 957 1872 1012 tabernaculo
1910 956 2147 1013 habente

567 1053 790 1099 statum.
815 1045 948 1112 Qua:
1000 1046 1259 1115 parabola
1301 1055 1385 1101 est
1437 1046 1697 1116 temporis
1724 1046 1999 1113 instantis,
2036 1062 2146 1117 quo

565 1136 709 1191 dona
737 1136 1076 1193 etsacrificia
1096 1136 1425 1201 offeruntur,
1458 1151 1581 1206 quae
1610 1152 1720 1190 non
1738 1145 1967 1207 possunt
1993 1138 2146 1207 juxta

564 1227 956 1282 conscientiam
987 1226 1288 1297 perfectum
1315 1227 1495 1282 facere
1540 1228 1893 1293 servientem,
1944 1228 2148 1283 solum-

563 1316 726 1371 modo
756 1317 810 1371 in
841 1317 980 1373 cibis
1036 1323 1092 1371 ct
1135 1317 1377 1387 potibus,
1421 1324 1478 1372 et
1496 1317 1663 1373 variis
1706 1318 2143 1388 baptismatibus,

556 1408 977 1480 justiﬁcationes
1000 1410 1183 1465 carnis
1218 1425 1393 1480 usque
1420 1409 1487 1464 ad
1523 1417 1739 1481 tempus
1785 1410 2147 1467 correctionis

560 1499 846 1569 impositae.
868 1499 1123 1555 Christus
1153 1509 1341 1555 autem
1379 1501 1644 1557 assistens
1663 1501 1911 1571 pontifex
1934 1501 2147 1557 futuro-

558 1604 681 1642 rum
713 1589 1004 1655 bonorum,
1032 1606 1134 1659 per
1156 1590 1394 1660 amplius
1420 1600 1475 1646 et
1496 1592 1795 1662 perfectius
1812 1592 2144 1647 tabernacu-

558 1679 695 1745 lum,
725 1695 837 1734 non
862 1681 1252 1747 manufactum,
1276 1682 1331 1737 id
1363 1689 1468 1748 est,
1494 1698 1605 1739 non
1639 1683 1803 1754 hujus
1827 1682 2141 1746 ereationis,

559 1786 736 1843 neque
761 1787 861 1843 per
883 1774 1205 1844 sanguinem
1232 1774 1518 1829 hircorum
1563 1784 1659 1830 aut
1691 1776 2011 1839 vitulorum,
2046 1774 2141 1829 sed

2252 598 2412 668 ιερεϊς
2446 597 2546 661 τάς
2571 595 2825 668 λατρείας
2857 595 3248 657 ἐπιτελοῦντες.
3291 594 3386 657 El;
3433 592 3491 646 δὲ
3521 593 3621 665 τὴν
3648 594 3832 649 δευτέ-

2247 708 2367 762 ραν,
2404 689 2551 754 ἀπαξ
2576 689 2668 743 τοῦ
2700 686 2947 743 ἐνιαυτοῦ
2985 687 3143 756 μόνος
3170 688 3199 739 ό
3240 684 3530 756 ἀρχιερεὺς
3565 685 3628 738 οὐ
3660 688 3830 756 χωρὶς

2245 781 2473 851 αἵματος
2491 819 2505 844 ,
2536 780 2564 832 ὂ
2596 778 2894 852 προσφέρει
2920 778 3059 848 ὑπὲρ
3087 777 3281 831 ἐαυτοῦ
3312 776 3408 831 καὶ
3439 776 3549 829 τῶν
3576 776 3672 829 τοῦ
3696 777 3828 831 λαοῦ

2246 872 2624 944 ἀγνοημάτων,
2662 871 2821 925 τοῦτο
2847 869 3129 940 δηλοῦντος
3155 868 3249 924 τοῦ
3289 870 3447 939 ἁγίου
3483 869 3819 941 Πνεύματος,

2248 965 2413 1033 μήπω
2452 962 2869 1034 πεφανερῶσθαι
2915 963 3012 1031 τὴν
3044 961 3153 1015 τῶν
3197 961 3368 1029 ἁγίων
3416 960 3555 1028 ὁδὸν,
3602 960 3687 1014 ἔτι
3729 960 3823 1030 τῆς

2246 1053 2469 1125 πρώτης
2521 1054 2726 1124 σκηνῆς
2773 1052 3003 1123 ἐχούσης
3054 1053 3263 1107 στάσιν.
3333 1052 3493 1116 Ἦτις
3545 1052 3824 1125 παραϐολὴ

2245 1146 2325 1209 είς
2372 1145 2463 1198 rbv
2497 1143 2687 1217 καιρὸν
2719 1144 2810 1198 τὸν
2843 1144 3197 1214 ἐνεστηκότα,
3225 1142 3347 1196 καθ’
3378 1143 3437 1197 ὃν
3468 1141 3616 1214 δῶρά
3645 1159 3702 1196 τε
3732 1146 3823 1197 καὶ

2246 1235 2426 1289 θυσίαι
2457 1237 2857 1308 προσφέρονται
2882 1275 2895 1297 .
2926 1235 3000 1306 μὴ
3026 1236 3321 1305 δυνάμεναι
3356 1233 3497 1289 κατά
3522 1234 3821 1307 συνείδησιν

2244 1326 2524 1381 τελειῶσαι
2568 1327 2660 1381 τὸν
2706 1325 3068 1398 λατρεύοντα,
3116 1327 3275 1396 μόνον
3319 1326 3412 1378 ἐπὶ
3451 1324 3704 1397 βρώμασι
3733 1326 3827 1380 καὶ

2245 1419 2450 1489 πόμασι
2479 1419 2570 1472 καὶ
2597 1418 2872 1490 διαφόροις
2895 1417 3221 1489 βαπτισμοῖς
3241 1415 3587 1488 δικαιώματα
3620 1416 3825 1488 σαρκὸς

2248 1510 2409 1582 μέχρι
2459 1509 2652 1581 καιροῦ
2702 1509 3041 1582 διορθώσεως
3088 1508 3414 1580 ἐπικείμενα
3448 1508 3548 1580 (Ι).
3591 1508 3823 1579 Χριστὸς

2243 1603 2298 1656 δὲ
2331 1601 2771 1673 παραγενόμενος
2796 1601 3088 1671 ἀρχιερεὺς
3132 1598 3241 1653 τῶν
3275 1598 3574 1669 μελλόντων
3603 1598 3825 1668 ἀγαθῶν

2244 1696 2331 1750 διὰ
2367 1696 2464 1766 τῆς
2500 1695 2743 1767 μείζονος
2788 1696 2883 1749 καὶ
2915 1693 3256 1765 τελειοτέρας
3288 1694 3492 1764 σκηνῆς
3540 1693 3603 1747 οὐ
3640 1710 3822 1763 χειρο-

2246 1787 2490 1859 ποιήτου,
2523 1787 2669 1840 τοῦτ’
2693 1785 2861 1853 ἐστιν,
2890 1785 2951 1839 οὐ
2979 1785 3184 1855 ταύτης
3214 1785 3313 1855 τῆς
3337 1784 3588 1847 κτίσεως,
3612 1783 3732 1837 οὐδὲ
3755 1783 3823 1837 δι’

558 1876 659 1930 per
685 1863 969 1932 proprium
1000 1863 1326 1934 sanguinem
1363 1862 1613 1918 introivit
1628 1862 1795 1917 semel
1834 1863 1891 1916 in
1920 1861 2138 1917 Sancto-

2248 1877 2477 1948 αἵματος
2500 1877 2718 1948 τράγων
2744 1878 2837 1931 καὶ
2863 1876 3097 1948 μόσχων,
3126 1875 3214 1930 διὰ
3234 1875 3289 1930 δὲ
3316 1875 3410 1929 τοῦ
3440 1875 3568 1929 ἰδίου
3593 1876 3825 1945 αἵματος

557 1967 701 2018 rum,
720 1960 927 2008 azterna
948 1953 1322 2024 redemptione
1339 1954 1560 2009 inventa
1573 1954 1638 2008 ’°.
1653 1974 1669 2005 ι
1694 1954 1958 2025 lntelligis
1974 1952 2140 2025 igitur

558 2041 711 2098 illum
743 2045 974 2111 cultum,
1007 2046 1103 2115 qui
1128 2045 1182 2099 in
1214 2046 1392 2115 primo
1438 2046 1791 2101 tabernaculo
1848 2033 2137 2101 defereba-

558 2141 668 2199 tur,
716 2134 1033 2191 exhibuisse
1088 2135 1423 2202 sacerdotes,
1497 2137 1699 2207 quibus
1749 2151 1859 2191 non
1911 2143 2033 2192 erat
2078 2136 2136 2191 in

556 2221 755 2280 Sancta
806 2233 1120 2281 sanctorum
1162 2225 1505 2296 ingrediendi
1554 2232 1815 2296 potestas.
1858 2225 2005 2285 Talis
2052 2235 2138 2283 est

553 2317 701 2371 enim
726 2316 1122 2387 propemodum
1162 2318 1345 2373 cultus
1391 2318 1601 2388 legalis,
1655 2326 1856 2373 statum
1885 2319 2039 2373 illum
2078 2319 2135 2374 in

553 2408 764 2463 umbris
798 2408 1008 2464 habens
1036 2427 1047 2462 :
1089 2409 1206 2465 hzec
1228 2424 1395 2480 porro
1418 2410 1617 2466 inertia
1644 2419 1772 2465 sunt
1798 2411 1867 2465 ad
1907 2411 2136 2482 expian-

552 2500 685 2554 dum
710 2499 1115 2572 eluendumque
1135 2509 1444 2571 peccatum.
1474 2502 1689 2557 Audisti
1715 2518 1950 2573 namque
1971 2503 2134 2573 paulo

554 2600 679 2649 ante
712 2593 1035 2647 clamantem
1058 2593 1307 2657 Paulum,
1336 2607 1399 2647 ea
1438 2592 1656 2647 infirma
1684 2607 1805 2648 esse
1866 2593 1934 2647 ad
1967 2592 2134 2663 perﬁ-

554 2683 815 2739 ciendum
854 2685 1009 2755 juxta
1040 2684 1438 2740 conscientiam
1468 2685 1800 2740 servientem
1844 2684 1925 2752 ⁹¹;
1971 2685 2137 2757 348

553 2773 653 2830 sed
671 2775 1035 2831 servabantur
1060 2792 1234 2846 usque
1257 2776 1327 2830 ad
1367 2785 1584 2847 tempus
1615 2777 1998 2843 correctionis,
2051 2776 2137 2831 in-

553 2866 889 2922 carnationis
911 2867 1176 2922 nimirum
1208 2867 1357 2923 illius
1381 2868 1692 2940 Unigeniti;
1725 2884 1836 2940 quo
1889 2877 2134 2940 tempore

546 2957 817 3012 informes
842 2957 950 3013 illa:
972 2957 1160 3030 figurae
1174 2957 1244 3013 ad
1271 2959 1561 3014 veritatem
1585 2959 1944 3015 transierunt.
1976 2978 1995 3012 ι
2033 2959 2132 3015 Se-

553 3048 658 3102 mel
681 3057 864 3103 autem
884 3048 942 3103 in
964 3064 1128 3114 anno,
1157 3056 1214 3104 et
1255 3050 1405 3105 solus
1437 3051 1683 3121 pontifex
1706 3051 1762 3106 in
1789 3051 1986 3107 Sancta
2010 3067 2135 3107 san-

551 3149 769 3196 ctorum
786 3141 1053 3208 intrabat,
1079 3157 1190 3198 non
1230 3142 1352 3199 sine
1401 3144 1664 3214 sanguine
1688 3186 1702 3210 ,
1723 3160 1888 3216 quem
1910 3145 2134 3223 offerret

550 3249 652 3306 pro
686 3250 785 3290 sua
827 3241 884 3289 et
930 3250 1031 3305 pro
1063 3234 1253 3305 pepuli
1295 3234 1603 3306 ignorantia
1636 3237 1705 3290 ⁹¹.
1742 3214 1787 3289 ί»
1823 3220 2056 3292 Planum
2077 3236 2132 3291 id
2161 3214 2203 3273 θ

550 3340 771 3396 quoque
798 3326 958 3381 nobis
980 3326 1145 3381 faciet
1160 3326 1603 3397 sapientissimus
1624 3326 1769 3381 idem
1791 3328 1879 3381 vir
1909 3328 2130 3392 Paulus,

557 3430 683 3472 cum
708 3417 777 3472 ad
796 3418 942 3472 hunc
967 3416 1192 3471 modum
1234 3417 1303 3472 de
1325 3417 1549 3474 Christo
1582 3418 1721 3474 dixit
1748 3437 1761 3473 :
1792 3438 1810 3471 ι
1867 3418 2134 3491 Superius

551 3523 675 3563 cum
699 3508 962 3563 dixisset:
1004 3507 1225 3563 llostias
1260 3516 1315 3562 et
1338 3508 1647 3565 oblationes
1688 3518 1744 3566 et
1788 3510 2135 3569 holocausta-

551 3610 697 3657 mata
720 3610 776 3658 et
795 3618 895 3672 pro
912 3609 1138 3673 peccato
1159 3602 1407 3668 noluisti,
1445 3619 1625 3674 neque
1648 3603 1749 3658 tibi
1784 3604 2129 3675 placuerunt,

549 3709 671 3764 quae
691 3709 768 3748 ex
786 3693 904 3764 lege
931 3693 1259 3758 offeruntur,
1290 3701 1421 3748 tunc
1449 3693 1563 3749 dixi
1611 3712 1624 3749 :
1672 3696 1812 3751 Ecce
1845 3697 2028 3762 venio,
2074 3707 2135 3753 ut

549 3783 749 3838 faciam
773 3784 1110 3838 voluntatem
1140 3790 1289 3863 tuam
1312 3784 1359 3816 ”
1384 3801 1398 3851 ;
1430 3803 1447 3836 ι
1477 3785 1661 3841 aufert
1688 3787 1926 3857 primum
1963 3797 2025 3843 ut
2050 3804 2135 3844 se-

550 3890 727 3945 quens
756 3882 961 3929 statuat
984 3892 997 3927 :
1033 3894 1051 3926 ί
1087 3875 1148 3930 In
1171 3892 1277 3946 qua
1298 3878 1578 3933 voluntate
1601 3878 1922 3934 sanctificati
1944 3895 2135 3936 sumus

550 3981 649 4036 per
677 3964 1010 4020 oblationem
1045 3968 1292 4036 corporis
1311 3967 1438 4023 Jcsu
1466 3967 1692 4024 Christi.
1717 3971 1785 4025 Et
1810 3972 1990 4027 omnis
2013 3971 2135 4042 qui—

549 4058 677 4113 dem
714 4057 972 4113 sacerdos
1020 4067 1221 4129 przesto
1257 4068 1341 4114 est
1395 4060 1643 4130 quotidie
1685 4061 2022 4129 ministrans,
2078 4072 2134 4118 et

548 4147 770 4203 easdem
801 4164 945 4220 saepe
978 4149 1220 4206 ollerens
1251 4151 1480 4218 hostias,
1519 4168 1640 4223 qua:
1680 4169 1960 4223 nunquam
2003 4170 2131 4225 pos-

548 4249 679 4295 sunt
729 4239 946 4295 auferre
994 4249 1261 4311 peccata:
1303 4242 1394 4298 hic
1424 4250 1629 4309 autem,
1654 4257 1780 4298 cum
1829 4259 1994 4299 unam
2031 4259 2132 4314 pro

546 4330 786 4401 peccatis
814 4332 1048 4387 hostiam
1104 4333 1431 4400 obtulisset,
1475 4333 1531 4394 in
1564 4334 1960 4405 sempiternum
1990 4335 2134 4390 sedit

547 4424 604 4478 in
634 4422 859 4478 dextera
878 4422 997 4489 Dei,
1029 4422 1097 4479 de
1123 4432 1320 4480 castero
1337 4432 1681 4496 exspectans,
1721 4425 1898 4481 donec
1923 4441 2133 4496 ponan—

2243 1967 2488 2038 είσῆλθεν
2509 1966 2725 2037 ἐφάπαξ
2750 1968 2830 2030 εἰς
2861 1968 3024 2036 Ἅγια
3050 1968 3158 2021 τῶν
3184 1967 3355 2036 ἁγίων
3378 1967 3601 2022 αἰωνίαν
3622 1965 3827 2041 λύτρω-

2245 2077 2329 2113 σιν
2354 2059 2673 2132 εὑράμενος.
2712 2080 2731 2113 ι
2765 2062 2961 2132 Συνίης
2987 2056 3080 2116 οὖν
3102 2061 3181 2115 ὅτι
3210 2060 3310 2124 τὰς
3332 2059 3431 2131 μὲν
3454 2062 3513 2115 ἐν
3542 2063 3610 2132 τῇ
3633 2060 3822 2133 πρώτῃ

2244 2155 2415 2224 σκηνῇ
2449 2152 2701 2225 λατρείας
2726 2153 3012 2207 ἐπετέλουν
3030 2153 3079 2206 οἱ
3105 2154 3288 2224 ίερεῖς,
3310 2151 3408 2224 τὴν
3432 2153 3511 2216 είς
3529 2151 3627 2222 Ἀ]
3644 2169 3698 2206 ια
3716 2152 3823 2206 τῶν

2243 2244 2412 2313 ἁγίων
2441 2243 2732 2317 εἰσδρομὴν
2768 2245 2869 2299 οὐκ
2898 2242 3130 2315 ἔχοντες.
3174 2242 3365 2298 Τοιάδε
3395 2241 3504 2314 γάρ
3532 2242 3649 2306 πώς
3677 2243 3825 2296 ἐστιν

2241 2334 2275 2407 ἡ
2306 2336 2447 2388 κατὰ
2480 2335 2641 2404 νόμον
2670 2334 2915 2406 λατρεία,
2948 2334 3137 2389 στάσιν
3163 2333 3361 2405 ἔχουσα
3388 2333 3491 2406 τὴν
3530 2336 3589 2389 ἐν
3620 2337 3818 2399 σκιαῖς.

2241 2425 2436 2479 Εἰκαῖα
2463 2426 2521 2479 δὲ
2537 2424 2709 2480 ταῦτα
2737 2425 2876 2498 πρὸς
2902 2426 3170 2499 κάθαρσιν
3197 2426 3293 2481 καὶ
3313 2425 3622 2481 ἁπόπλυσιν
3641 2428 3825 2498 ἁμαρ-

2238 2515 2382 2579 τίας.
2416 2516 2678 2570 Διεπύθου
2706 2515 2814 2589 γάρ
2848 2517 3051 2588 ἀρτίως
3085 2516 3317 2587 βοῶντος
3357 2516 3454 2572 τοῦ
3483 2517 3719 2576 Παύλου.
3747 2517 3824 2580 ὼς

2240 2607 2510 2672 ἀνικάνως
2542 2607 2722 2679 ἔχουσι
2756 2607 2898 2661 κατὰ
2944 2607 3268 2679 συνείδησιν,
3301 2608 3585 2663 τελειῶσαι
3609 2608 3701 2661 τὸν
3724 2608 3823 2662 λα-

2238 2698 2520 2770 τρεύοντα.
2554 2700 2863 2770 Διετηρεῖτο
2896 2698 2954 2752 δὲ
3005 2697 3203 2770 μᾶλλον
3254 2697 3414 2771 μέχρι
3446 2697 3638 2771 καιροῦ
3680 2697 3824 2769 διορ-

2241 2788 2480 2854 θώσεως,
2514 2788 2672 2859 δῆλον
2704 2789 2760 2842 δὲ
2789 2790 2870 2844 ὄτι
2902 2790 3001 2861 τῆς
3016 2789 3485 2861 ἐνανθρωπήσεως
3527 2789 3623 2844 τοῦ
3648 2790 3823 2844 Μονο-

2239 2881 2464 2951 γενοῦς,
2505 2882 2595 2935 ὅτε
2624 2881 2732 2936 τῶν
2773 2882 2960 2936 τύπων
2988 2882 3051 2936 rb
3093 2882 3328 2946 ἀκαλλὲς
3363 2881 3821 2954 μετακεχώρηκεν

2240 2974 2320 3038 είς
2356 2972 2634 3043 ἀλήθειαν.
2674 2993 2693 3025 ι
2738 2973 2924 3039 Ἀπαξ
2965 2974 3023 3028 δὲ
3052 2972 3148 3027 τοῦ
3174 2974 3422 3028 ἐνιαυτοῦ
3457 2974 3551 3028 καὶ
3595 2973 3752 3039 μόνος
3796 2975 3826 3026 ό

2241 3064 2532 3137 ἀρχιερεὺς
2583 3066 2662 3130 είς
2692 3064 2762 3119 τά
2806 3066 2974 3135 Ἀγια
3014 3065 3123 3119 τῶν
3162 3066 3333 3134 ἁγίων
3365 3064 3581 3119 είσέθει.
3620 3065 3729 3119 Καὶ
3761 3065 3821 3118 οὐ

2240 3157 2406 3229 χωρὶς
2435 3157 2689 3226 αἵματος,
2732 3156 2760 3210 ὃ
2789 3156 3067 3228 προσῆγεν
3101 3158 3245 3230 ὑπέρ
3272 3174 3332 3210 τε
3366 3156 3561 3211 ἑαυτοῦ
3591 3158 3685 3209 καὶ
3714 3156 3823 3209 τῶν

2235 3248 2329 3302 τοῦ
2360 3250 2489 3304 λαοῦ
2522 3249 2905 3321 ἀγνοημάτων.
2947 3269 2965 3302 ι
3004 3250 3267 3320 Σαφηνιεί
3295 3250 3352 3303 δὲ
3379 3250 3510 3320 ἡμῖν
3540 3249 3635 3303 καὶ
3665 3248 3824 3302 τοῦτο

2237 3340 2399 3395 πάλιν
2433 3341 2462 3394 ὁ
2493 3340 2805 3410 σοφώτατος
2826 3340 3035 3405 Παῦλος
3074 3340 3171 3394 ὡδὶ
3198 3340 3373 3410 λέγων
3407 3342 3535 3411 περὶ
3559 3340 3817 3412 Χριστοῦ,

2240 3449 2261 3484 ι
2285 3430 2577 3503 Ἀνώτερον
2599 3431 2792 3500 λέγων,
2819 3432 2900 3486 ὃτι
2924 3432 3112 3496 θυσίας
3129 3435 3224 3487 καὶ
3243 3433 3557 3505 προσφοράς
3583 3433 3676 3487 καὶ
3702 3432 3820 3485 ὁλο-

2234 3519 2568 3593 καυτώματα
2598 3523 2693 3574 καὶ
2727 3522 2853 3592 περὶ
2892 3521 3169 3593 ἁμαρτίας
3218 3522 3319 3575 οὐκ
3356 3520 3661 3593 ἠθέλησας,
3694 3520 3821 3575 οὔτε

2234 3615 2561 3687 ηὐδόκησας,
2593 3615 2795 3680 αἵτινες
2856 3615 2998 3669 κατὰ
3037 3616 3201 3687 νόμον
3233 3617 3656 3688 προσφέρονται.
3686 3616 3820 3669 Τότε

2234 3701 2407 3772 εἶπον,
2444 3706 2572 3761 Ἰδοὺ
2602 3708 2723 3780 ῆκω
2750 3706 2844 3761 τοῦ
2874 3709 3094 3779 ποιῆσαι
3120 3708 3182 3762 rb
3215 3707 3429 3780 θέλημά
3456 3724 3570 3761 σουο
3610 3727 3628 3760 ι
3669 3709 3822 3762 ἀναι-

2235 3804 2321 3872 ρεῖ
2349 3802 2409 3855 rb
2442 3802 2658 3875 πρῶτον
2689 3804 2773 3857 ἵνα
2804 3803 2865 3857 rb
2891 3803 3142 3875 δεύτερον
3175 3805 3371 3877 στήσῃ·
3410 3823 3429 3856 ί
3477 3805 3565 3860 Ἑν
3590 3798 3635 3874 ᾧ
3660 3804 3819 3876 θελή-

2237 3912 2365 3965 ματι
2401 3896 2724 3967 ἡγιασμένοι
2759 3896 2945 3968 ἐσμὲν,
2975 3896 3062 3950 διὰ
3093 3897 3193 3968 τῆς
3238 3900 3555 3971 προσφορᾶς
3586 3898 3679 3951 τοῦ
3715 3898 3820 3951 σώ.

2238 4004 2406 4058 ματος
2445 3989 2620 4059 Ἰησοῦ
2642 3989 2899 4061 Χριστοῦο
2930 3991 3022 4043 καὶ
3045 3991 3152 4054 πᾶς
3177 3990 3276 4061 μὲν
3301 3992 3593 4063 ἀρχιερεὺς
3618 3991 3817 4063 ἔστηκε

2236 4078 2357 4132 καθ’
2409 4080 2619 4150 ἡμέραν
2671 4080 3019 4151 λειτουργῶν,
3068 4082 3164 4135 καὶ
3198 4081 3298 4146 τὰς
3350 4083 3519 4146 αὐτάς
3555 4082 3819 4146 πολλάκις

2235 4169 2559 4239 προσφέρων
2618 4168 2808 4234 θυσίας
2867 4170 3068 4236 αἵτινες
3120 4170 3375 4225 οὐδέποτε
3412 4170 3667 4226 δύνανται
3718 4189 3815 4224 πε-

2234 4262 2429 4334 ριελεῖν
2456 4261 2745 4332 ἁμαρτίας.
2767 4263 3023 4333 οὐδεμίαν
3052 4263 3190 4335 ὑπὲρ
3216 4263 3499 4336 ἁμαρτιῶν
3523 4265 3814 4336 προσενέγ-

2234 4369 2333 4417 κας
2363 4350 2574 4415 θυσίαν,
2624 4353 2705 4417 εἰς
2731 4353 2793 4407 rb
2825 4354 3069 4424 διηνεκὲς
3134 4356 3389 4409 ἐκάθισεν
3438 4357 3496 4408 ἐν
3537 4357 3686 4427 δεξιᾷ
3717 4357 3810 4409 τοῦ

2231 4443 2387 4497 Θεοῦ’
2433 4444 2493 4496 τὸ
2532 4443 2718 4497 λοιπὸν
2761 4444 3110 4515 ἐκδεχόμενος
3139 4446 3245 4510 ἕως
3277 4446 3505 4502 τεθῶσιν
3532 4449 3582 4501 οἱ
3629 4447 3810 4519 ἐχθροὶ

546 4523 637 4569 tur
667 4513 877 4569 inimici
921 4516 1041 4586 ejus
1071 4516 1374 4571 scabellum
1404 4515 1607 4587 pedum
1623 4516 1776 4587 ejus;
1832 4531 1942 4570 una
1979 4514 2125 4571 enim

2239 4534 2397 4588 αὑτοῦ
2431 4536 2720 4589 ὑποπόδιον
2760 4536 2868 4589 τῶν
2904 4537 3076 4589 ποδῶν
3118 4538 3284 4591 αὐτοῦ
3309 4576 3325 4601 ,
3364 4540 3465 4609 μιᾷ
3504 4540 3613 4611 γὰρ
3641 4556 3805 4610 προσ-

544 4606 821 4662 oblatione
837 4606 1067 4678 perfecit
1096 4606 1151 4662 in
1169 4608 1565 4678 sempiternum
1590 4607 1959 4663 sanctificatos
1991 4608 2059 4661 “.
2102 4628 2121 4660 ι

544 4700 703 4765 Nam,
730 4715 855 4755 cum
896 4699 967 4755 sit
986 4702 1153 4754 semel
1178 4707 1446 4763 mortuus,
1475 4714 1587 4754 non
1614 4700 1849 4769 amplius
1873 4699 2127 4763 moritur,

546 4797 608 4844 ut
632 4791 898 4859 scriptum
932 4778 1020 4845 est
1064 4790 1130 4857 ’⁸,
1172 4800 1227 4846 et
1260 4792 1498 4861 peccatis
1523 4791 1822 4846 multorum
1871 4791 2125 4858 sublatis,

544 4882 826 4953 ingressus
853 4891 937 4937 est
964 4881 1019 4935 in
1043 4881 1239 4937 Sancta
1261 4891 1599 4949 sanctorum,
1634 4882 1690 4937 id
1706 4892 1809 4945 est,
1831 4883 1885 4937 in
1904 4883 2125 4947 coelum,

545 4978 606 5025 ut
636 4982 895 5043 appareat
923 4987 1071 5027 nunc
1095 4971 1270 5025 vultui
1293 4971 1390 5028 Dei
1414 4988 1515 5043 pro
1554 4972 1715 5028 nobis
1738 4974 1805 5028 ".

613 5153 812 5209 PALL.
841 5152 1141 5225 Perspicua
1173 5164 1259 5210 est
1290 5154 1489 5209 oratio.
1527 5154 1715 5223 Itaque
1754 5155 1909 5211 mitte
1930 5155 1984 5210 in
2021 5154 2123 5210 hac

542 5257 603 5297 re
634 5244 877 5301 laborem
933 5246 1250 5317 suscipere;
1285 5245 1420 5300 illud
1476 5245 1663 5315 potius
1697 5246 1833 5300 mihi
1882 5246 2124 5316 explices

541 5334 725 5402 velim,
757 5337 882 5407 quis
925 5338 1017 5394 ille
1066 5339 1138 5394 sit
1178 5338 1419 5410 sanguis,
1451 5352 1616 5408 quem
1648 5338 1847 5393 offerre
1887 5353 2120 5392 consue-

541 5424 684 5479 verit
722 5426 811 5481 ille
858 5427 1204 5484 sacerdotum
1237 5428 1495 5498 princeps
1533 5435 1648 5483 tum
1689 5442 1791 5498 pro
1843 5443 1962 5492 sua,
2002 5436 2116 5482 tum

542 5526 644 5583 pro
668 5515 853 5586 populi
872 5515 1199 5587 ignorantia.

636 5626 683 5660 ’°
723 5627 891 5684 Hebr.
924 5646 996 5695 1x,
1033 5631 1186 5684 7-12.

544 5697 593 5729 “
628 5698 902 5765 llcbr.'lx,
933 5700 1023 5755 ει.

613 5813 688 5885 (1)
718 5812 807 5871 Sic
838 5813 967 5887 legit
1006 5814 1127 5870 cod.
1163 5814 1331 5871 Vatic.
1376 5814 1513 5870 Novi
1540 5815 1897 5873 Tcstamenti.

1288 5633 1334 5665 ⁹¹
1358 5633 1493 5688 ibid.
1519 5633 1572 5688 9.

2230 4631 2371 4700 φορᾷ
2396 4630 2744 4683 τετελείωκεν
2765 4631 2842 4692 εἰς
2863 4630 2921 4683 rb
2945 4630 3191 4701 διηνεκὲς
3207 4631 3336 4694 τοὺς
3356 4632 3762 4704 ἁγιαζομένους.
3780 4651 3798 4682 ι

2231 4720 2412 4786 ⁶⁹Λπαξ
2450 4721 2559 4792 γὰρ
2593 4721 2902 4785 ἀποθανὼν,
2932 4723 3112 4777 οὐκέτι
3147 4724 3479 4794 ἀποθνήσκει
3503 4764 3517 4787 ,
3565 4724 3708 4779 κατά
3746 4724 3803 4775 τὸ

2227 4814 2631 4885 γεγραμμένον’
2660 4813 2869 4867 πολλῶν
2893 4813 2951 4867 δὲ
2978 4813 3284 4883 ἀνενεγκὼν
3315 4815 3608 4885 ἁμαρτίας,
3632 4815 3804 4885 είσῆλ·

2229 4903 2321 4957 θεν
2368 4905 2446 4968 είς
2476 4905 2544 4958 τά
2590 4906 2755 4972 Ἅγια
2803 4905 2911 4957 τῶν
2959 4905 3149 4974 ἁγίων,
3203 4906 3349 4960 τοῦτ’
3388 4906 3557 4970 ἐστιν,
3593 4909 3672 4972 είς
3717 4907 3802 4960 τὸν

2228 4997 2477 5068 οὐρανὸν,
2517 4998 2611 5051 νῦν
2664 4998 3065 5070 ἐμφανισθῆναι
3096 4998 3175 5070 τῷ
3220 4998 3498 5071 προσώπῳ
3530 4999 3627 5054 τοῦ
3672 4999 3803 5053 Θεοῦ

2231 5088 2371 5157 ὑπὲρ
2402 5088 2579 5159 ἡμῶν.

2299 5176 2507 5230 ΠΔΛΛ.
2540 5177 2723 5249 Σαφὴς
2750 5180 2779 5232 ὁ
2804 5179 2979 5248 λόγος·
3011 5180 3213 5251 ἱδρῶτα
3228 5180 3291 5252 δὴ
3319 5176 3413 5235 οῦν
3434 5181 3524 5235 τὸν
3552 5181 3645 5234 ἐπὶ
3672 5178 3802 5250 τῷδε

2229 5264 2420 5333 μέθες,
2455 5261 2593 5336 αἷμα
2621 5267 2680 5319 δέ
2708 5269 2859 5324 ποῖον
2889 5268 2956 5323 ἂν
2993 5268 3079 5340 εἴη
3114 5270 3276 5325 πάλιν
3307 5271 3334 5324 ὃ
3363 5270 3459 5324 καὶ
3500 5267 3800 5341 προσκομί-

2225 5352 2337 5417 ζειν
2372 5352 2521 5420 ἔθος,
2550 5354 2640 5409 τὸν
2672 5356 2779 5410 τῶν
2814 5357 2973 5429 ἱερῶν
3000 5358 3303 5430 ἡγούμενον
3340 5359 3482 5431 ὑπέρ
3519 5376 3580 5411 τε
3611 5353 3798 5410 ἐαυτοῦ

2224 5444 2319 5496 καὶ
2357 5444 2462 5498 τῶν
2498 5444 2592 5499 τοῦ
2621 5445 2750 5501 λαοῦ
2788 5448 3172 5519 ἀγνοημάτων,
3205 5449 3451 5524 ἐρομένῳ
3488 5451 3712 5520 φράσον.

1688 5634 1733 5664 θ’
1771 5632 1906 5688 ibid.
1941 5651 2013 5701 Ix,
2044 5637 2095 5689 7.

2250 5639 2414 5696 llcbr.
2450 5659 2502 5706 x,
2540 5642 2590 5708 8,
2643 5642 2695 5697 9.
2775 5646 2820 5678 ”
2855 5645 2992 5700 ibid.
3049 5646 3232 5702 lO-H.
3310 5650 3355 5681 "
3401 5647 3558 5704 Rom.
3622 5659 3693 5710 Vl,
3741 5640 3800 5697 9.
