4142 6296
373 360 484 420 685

1102 363 1189 419 DE
1227 360 1665 421 ADORATIONE
1705 366 1771 423 IN
1810 366 2077 425 SPIRITU
2117 368 2206 425 ET
2247 367 2612 426 VERITATE.
2654 368 2783 424 LIB.
2827 369 2892 425 X.

3514 369 3617 425 686

357 499 367 516 θ
432 479 601 537 ΚΥΡ.
625 477 958 551 Νομομαθὴς
989 477 1065 536 ὣν
1091 485 1119 537 6
1150 483 1362 548 Παῦλος
1385 485 1481 539 καὶ
1509 484 1835 557 ἠκριϐωκὼς
1854 485 1937 540 ὅτι

2117 485 2273 541 CYR.
2309 486 2529 552 Paulus,
2555 502 2681 542 cum
2704 487 2760 541 in
2784 488 2903 557 lege
2933 485 3147 558 peritus
3171 494 3337 551 esset,
3357 502 3421 541 ac
3447 486 3618 558 Moysi

366 569 597 642 μάλιστά
624 587 688 638 γε
722 570 822 641 τὴν
856 569 946 623 διὰ
977 571 1220 635 Μωσέως
1247 573 1491 644 ἐντολὴν,
1520 575 1596 639 ὡς
1638 576 1824 643 σοφοῖς
1868 574 1940 628 τὰ

360 660 583 714 τοίαὖτα
628 661 741 723 τοῖς
789 659 1052 731 Ἐϐραίων
1102 661 1273 728 λαοῖς,
1324 663 1419 717 καὶ
1466 664 1799 732 ἀνεγνωκόσι
1848 663 1941 717 τὸν

361 751 542 821 νόμον,
567 751 696 820 περὶ
718 749 825 804 τῶν
839 750 983 805 οὕτω
1005 769 1064 805 σε
1073 751 1221 806 πτῶν
1243 770 1303 806 τε
1320 755 1416 807 καὶ
1436 753 1761 826 ἀπορρήτων
1780 753 1938 822 άγαν,

358 840 460 894 οὐκ
490 841 548 893 ἐν
577 840 773 894 πλάτει
802 839 1179 912 διηγημάτων,
1208 843 1267 894 ἐν
1297 843 1624 915 παραδρομῇ
1653 843 1710 897 δὲ
1738 843 1942 915 μᾶλλον

359 931 457 987 καὶ
502 931 807 1002 ἀναμνήσει
835 932 944 986 τῶν
987 934 1086 1007 ⁴ήδη
1133 933 1622 1006 προεγνωσμένων,
1657 934 1727 989 τὰ
1765 934 1942 993 τοιάδε

361 1020 674 1097 προσλαλεῖ.
700 1024 959 1096 Παροίσω
983 1025 1063 1091 δὲ,
1087 1028 1137 1079 εί
1164 1026 1332 1091 δοκεῖ,
1353 1028 1451 1082 καὶ
1473 1026 1566 1080 τὸν
1593 1027 1686 1080 ἐπὶ
1703 1025 1840 1097 τῷδε
1859 1027 1945 1081 νό-

363 1133 462 1187 μον
484 1115 889 1188 χρηστομαθεῖν
919 1117 1205 1189 ᾑρημένῳ,
1238 1120 1334 1172 καὶ
1378 1118 1440 1172 16
1468 1118 1694 1190 ἀκριϐὲς
1726 1118 1792 1190 δὴ
1822 1118 1945 1172 λίαν

361 1208 457 1260 καὶ
480 1207 854 1278 ἀπεξεσμένον
881 1209 961 1273 είς
985 1208 1309 1280 διασάφησιν
1346 1211 1454 1263 τῶν
1484 1209 1853 1282 θεωρημάτων
1881 1208 1941 1265 εὖ

367 1297 513 1369 μάλα
538 1298 869 1371 δεδιψηκότι.
904 1299 1218 1371 Γέγραπται
1247 1300 1426 1355 τοίνυν
1458 1299 1516 1354 ὲν
1542 1299 1622 1371 τῷ
1650 1301 1941 1372 Λευιτικῷο

368 1409 388 1440 ι
428 1389 541 1445 Καὶ
564 1390 793 1462 ὲλάλησε
822 1389 1028 1461 Κύριος
1060 1390 1197 1462 119k
1226 1391 1433 1462 Μωσῆν
1464 1390 1659 1460 λέγων·
1697 1390 1944 1463 Λάλησον

364 1484 504 1556 πρὸς
532 1485 657 1549 τοὺς
687 1486 834 1547 υἱοὺς
864 1482 1103 1555 Ἰσραήλο
1124 1482 1310 1553 Ψυχὴ,
1333 1483 1428 1538 ἐὰν
1457 1483 1680 1556 ἁμάρτῃ
1706 1483 1945 1540 ἐναντίον

363 1576 574 1648 Κυρίου
623 1575 891 1640 ἀκουσίως
932 1574 1043 1630 61:6
1090 1575 1311 1629 πάντων
1350 1576 1460 1629 τῶν
1505 1575 1944 1649 προσταγμάτων

365 1666 596 1737 Κυρίου,
635 1659 709 1720 ὧν
734 1667 793 1719 οὐ
824 1667 907 1720 δεῖ
937 1669 1133 1734 ποιεῖν,
1163 1665 1259 1720 καὶ
1302 1666 1508 1740 ποιήσῃ
1547 1667 1609 1721 ἓν
1636 1684 1691 1720 τι
1716 1667 1810 1720 ἀπ’
1841 1666 1942 1720 αύ-

363 1756 491 1824 τῶν,
532 1758 629 1812 ἐὰν
673 1758 772 1828 μὲν
807 1759 836 1811 6
877 1758 1169 1830 ἀρχιερεὺς
1222 1758 1252 1811 6
1282 1758 1640 1830 κεχρισμένος
1695 1758 1939 1830 ἁμάρτῃ,

361 1848 456 1902 τοῦ
484 1849 576 1903 τὸν
612 1849 741 1903 λαὸν
768 1850 1055 1921 ἁμαρτεῖν,
1088 1849 1351 1921 προσάξει
1382 1850 1630 1921 περὶτῆς
1669 1850 1943 1921 ἀμαρτίας

362 1936 548 2003 αὐτοῦ,
576 1932 643 2008 ἧς
663 1938 900 2010 ἥμαρτε,
933 1938 1129 2010 μόσχον
1151 1939 1217 1992 ὲκ
1239 1938 1378 2010 βοῶν
1406 1940 1634 2011 ἄμωμον
1652 1940 1731 2013 τῷ
1755 1941 1943 2013 Κυρίῳ

362 2029 492 2098 περὶ
522 2030 620 2099 τῆς
651 2029 958 2100 ἁμαρτίας,
1006 2029 1101 2083 καὶ
1141 2028 1400 2099 προσάξει
1430 2028 1522 2082 τὸν
1552 2029 1751 2100 μόσχον
1793 2029 1944 2101 παρά

363 2122 462 2193 τὴν
494 2120 665 2191 θύραν
691 2122 789 2191 τῆς
814 2121 1021 2192 σκηνῆς
1041 2120 1134 2174 τοῦ
1164 2121 1465 2193 μαρτυρίου
1497 2120 1680 2175 ἔναντι
1709 2123 1941 2194 Κυρίου,

363 2214 461 2267 καὶ
490 2212 683 2282 σφάξει
706 2213 796 2266 τὸν
830 2212 1028 2284 μόσχον
1053 2211 1284 2266 ἐνώπιον
1313 2213 1541 2285 Κυρίου.
1574 2206 1686 2268 K61
1713 2213 1894 2269 λαθὼν
1916 2218 1945 2270 6

365 2307 544 2379 ἱερεὺς
571 2309 600 2360 ὁ
621 2307 840 2377 χριστὸς
872 2307 900 2359 6
929 2305 1346 2377 τετελειωμένος
1372 2306 1475 2369 τὰς
1503 2307 1691 2377 χεῖρας
1721 2306 1831 2360 ἀπὸ
1850 2306 1943 2361 τοῦ

363 2399 596 2469 αἵματος
640 2396 732 2450 τοῦ
775 2396 978 2468 μόσχου
1001 2438 1016 2462 ,
1062 2398 1287 2451 εἰσοίσει
1323 2397 1454 2451 6616
1487 2398 1567 2461 εἰς
1603 2398 1701 2469 τὴν
1742 2399 1947 2471 σκηνὴν

364 2488 458 2542 τοῦ
493 2489 795 2559 μαρτυρίου
817 2528 831 2551 ,
864 2491 959 2541 καὶ⁸
990 2488 1152 2559 βάψει
1184 2490 1210 2542 6
1249 2489 1426 2559 ἱερεὺς
1460 2489 1549 2542 τὸν
1581 2488 1841 2544 δάκτυλον
1867 2492 1946 2553 είς

365 2582 430 2635 16
474 2576 637 2654 αἷμα,
680 2581 774 2633 καὶ
818 2582 1113 2650 προσρανεῖ
1150 2580 1259 2633 61:6
1303 2580 1397 2634 τοῦ
1439 2582 1670 2652 αἵματος
1716 2582 1947 2647 ἑπτάκις

370 2675 547 2727 ἔναντι
570 2671 774 2743 Κυρίου
795 2713 810 2738 ,
837 2673 980 2726 κατά
1005 2671 1064 2725 16
1110 2672 1510 2744 καταπέτασμα
1538 2674 1598 2726 16
1631 2673 1803 2743 ἅγιον.
1838 2676 1949 2728 Καὶ

372 2765 623 2838 ἐπιθήσει
645 2768 673 2818 6
695 2765 876 2836 ἱερεὺς
897 2765 1005 2818 61:6
1026 2763 1122 2817 τοῦ
1148 2765 1383 2835 αἵματος
1409 2764 1502 2818 τοῦ
1531 2765 1731 2837 μόσχου
1762 2766 1853 2819 ἐπὶ
1878 2765 1947 2819 τὰ

373 2860 576 2930 κέρατα
602 2856 695 2910 τοῦ
729 2856 1117 2926 θυσιαστηρίου
1149 2855 1245 2909 τοῦ
1288 2856 1634 2927 θυμιάματος
1676 2859 1777 2928 τῆς
1818 2874 1948 2911 συνο

377 2948 578 3012 θέσεως
602 2946 697 3003 τοῦ
726 2946 963 3000 ἐναντίον
990 2946 1221 3017 Κυρίου,
1254 2947 1282 2999 ὃ
1302 2948 1447 2999 ἐστὶν
1474 2947 1533 3000 ὲν
1560 2949 1624 3018 τῇ
1654 2949 1824 3018 σκηνῇ
1852 2947 1945 3001 τοῦ

373 3040 676 3113 μαρτυρίου
696 3079 713 3105 ,
741 3039 835 3092 καὶ
859 3040 968 3092 πᾶν
989 3038 1050 3090 16
1071 3034 1209 3109 αἷμα
1233 3037 1324 3092 τοῦ
1350 3039 1551 3109 μόσχου
1572 3039 1756 3110 ὲκχεεῖ
1797 3040 1948 3112 παρά

368 3133 470 3206 τὴν
498 3132 654 3205 βάσιν
685 3131 778 3185 τοῦ
810 3130 1194 3202 θυσιαστηρίου
1218 3130 1331 3185 τῶν
1361 3130 1857 3203 ὁλοκαυτωμάτων,
1888 3132 1947 3196 6;

371 3227 493 3280 ἐστὶ
522 3224 671 3297 παρά
695 3223 792 3287 τάς
820 3222 987 3295 θύρας
1008 3223 1107 3294 τῆς
1132 3223 1337 3292 σκηνῆς
1367 3221 1463 3274 τοῦ
1496 3223 1795 3294 μαρτυρίου
1815 3262 1830 3288 ,
1854 3224 1947 3276 καὶ

370 3319 483 3372 πᾶν
508 3317 570 3370 16
599 3315 762 3386 στέαρ
792 3313 884 3367 τοῦ
921 3314 1120 3384 μόσχου
1147 3313 1240 3366 τοῦ
1276 3312 1375 3383 τῆς
1404 3313 1681 3384 ἁμαρτίας
1710 3314 1951 3385 περιελεῖ

371 3408 469 3463 ἀπ’
493 3405 679 3471 αὐτοῦ,
712 3406 774 3459 16
812 3406 980 3477 στέαρ
1014 3406 1075 3458 16
1118 3404 1536 3459 κατακαλύπτον
1572 3406 1641 3458 16
1667 3405 1947 3470 ὲνδόσθια,

373 3503 471 3557 καὶ
496 3503 603 3556 πᾶν
626 3501 686 3554 16
715 3501 878 3571 στέαρ
910 3499 971 3553 16
998 3499 1088 3551 ἐπὶ
1113 3496 1220 3551 τῶν
1249 3495 1554 3562 ὲνδοσθίων,
1593 3497 1687 3550 καὶ
1710 3497 1835 3560 τοὺς
1857 3496 1951 3550 δύο

375 3592 624 3663 νεφροὺς,
656 3592 748 3645 καὶ
777 3591 837 3643 16
864 3591 1028 3660 στέαρ
1054 3589 1116 3641 τὸ
1148 3589 1235 3643 ἐπ’
1264 3587 1462 3651 αὐτῶν,
1493 3588 1521 3641 ὃ
1546 3589 1694 3641 ἐστιν
1719 3589 1812 3642 ἐπὶ
1839 3587 1950 3642 τῶν

378 3681 608 3753 μηρίων,
649 3683 744 3734 X61
783 3680 873 3734 16v
912 3680 1065 3733 λοϐὸν
1093 3679 1184 3731 τὸν
1219 3679 1314 3731 ἐπὶ
1349 3678 1442 3732 τοῦ
1467 3679 1677 3749 ἧπατος
1714 3681 1810 3735 σὺν
1837 3684 1950 3744 τοῖς

374 3776 594 3845 νεφροῖς
638 3773 877 3845 περιελεῖ
919 3772 1069 3834 αὐτὸ,
1108 3770 1168 3823 6v
1212 3769 1413 3841 τρόπον
1462 3771 1777 3842 ἀφαιρεῖται
1817 3772 1950 3825 αὐτὸ

375 3863 486 3916 61:6
511 3861 603 3915 τοῦ
646 3862 846 3932 μόσχου
877 3860 970 3913 τοῦ
1004 3860 1104 3930 τῆς
1154 3858 1343 3921 θυσίας
1379 3858 1474 3912 τοῦ
1515 3859 1813 3931 σωτηρίου,
1854 3860 1951 3913 καὶ

376 3952 581 4007 ἀνοίσει
605 3953 633 4004 ό
663 3952 839 4023 ἱερεὺς
869 3952 960 4004 ἐπὶ
987 3950 1045 4002 16
1073 3950 1456 4020 θυσιαστήριον
1489 3951 1588 4020 τῆς
1609 3947 1950 4020 καρπώσεως

376 4044 474 4097 καὶ
495 4042 556 4095 τὸ
576 4041 749 4113 δέρμα
766 4040 861 4093 τοῦ
889 4039 1112 4111 μόσχου,
1133 4038 1224 4091 καὶ
1251 4038 1432 4091 πᾶσαν
1460 4037 1626 4090 αὐτοῦ
1645 4037 1744 4107 τὴν
1771 4036 1949 4108 σάρκα

377 4136 478 4188 σὺν
503 4136 570 4203 τῇ
595 4133 801 4203 κεφαλῇ
832 4132 926 4185 καὶ
949 4133 1061 4194 τοῖς
1100 4128 1462 4202 ἀκρωτηρίοις
1479 4171 1494 4196 ,
1523 4129 1617 4182 καὶ
1644 4132 1708 4201 τῇ
1735 4129 1910 4197 κοιλίᾳ
1931 4170 1947 4194 ,

376 4228 476 4281 καὶ
511 4230 576 4297 τῇ
619 4225 841 4295 κόπρον
882 4224 976 4278 καὶ⁹
1014 4222 1305 4289 ἐξοίσουσιν
1331 4222 1450 4276 ὅλον
1487 4222 1577 4275 16v
1618 4222 1816 4292 μόσχον
1842 4222 1948 4287 ἔξω

373 4323 475 4391 τῆς
509 4317 860 4389 παρεμϐολῆς
898 4317 976 4378 εἰς
1012 4315 1174 4367 τόπον
1201 4314 1458 4383 καθαρὸν,
1491 4306 1552 4365 οὗ
1575 4315 1824 4384 ὲκχεοῦσι
1851 4315 1948 4383 τὴν

379 4412 619 4466 σποδιάν.
640 4409 749 4464 Καὶ
774 4405 1204 4460 κατακαύσουσιν
1226 4405 1388 4458 αὑτὸν
1403 4406 1495 4457 ἐπὶ
1519 4404 1691 4470 ξύλων
1708 4406 1764 4458 ὲν
1790 4405 1945 4474 πυρί“

375 4505 471 4557 ἐπὶ
502 4504 601 4572 τῆς
629 4499 909 4570 ὲκχύσεως
954 4498 1051 4566 τῆς
1082 4496 1303 4559 σποδιᾶς
1327 4495 1677 4565 καυθήσεται.
1712 4514 1730 4544 ι
1778 4493 1949 4546 Ταυτὶ

381 4596 480 4666 μὲν
502 4595 529 4646 ὁ
558 4593 717 4662 νόμος
737 4587 988 4659 γενέσθαι
1022 4587 1406 4658 προστέταχεν,
1435 4588 1482 4638 εἰ
1503 4584 1612 4638 τῶν
1643 4585 1702 4649 ἐξ
1730 4584 1950 4652 ἀγνοίας

378 4684 734 4754 πταισμάτων
770 4678 1174 4750 καταγράφοιτό
1199 4694 1252 4729 τι
1281 4674 1373 4728 τοῦ
1417 4674 1741 4746 προῦχοντος
1778 4678 1836 4728 ὲν
1873 4675 1952 4727 ls-

380 4775 619 4849 ρωσύνῃ.
662 4774 871 4843 Χρῆναι
923 4770 979 4823 δέ
1024 4786 1156 4840 φησι
1206 4768 1298 4820 καὶ
1349 4765 1491 4836 ὑπὲρ
1528 4766 1637 4818 τῶν
1679 4764 1772 4818 τοῦ
1822 4765 1952 4818 λαοῦ

377 4867 736 4936 ἀγνοημάτων
773 4862 1132 4916 ἐπιτελεῖσθαι
1173 4858 1363 4913 θυσίαν
1413 4858 1614 4928 μόσχου
1651 4873 1954 4927 προσκομι-

378 4956 608 5027 ζομένου
642 4954 977 5023 σφαζομένου
1016 4969 1075 5006 τε
1114 4951 1287 5014 οὕτως
1321 4950 1473 5022 παρὰ
1510 4950 1610 5012 τάς
1648 4948 1815 5020 θύρας
1854 4950 1952 5018 τῆς

381 5047 587 5117 σκηνῆς
608 5045 702 5097 τοῦ
744 5044 1042 5115 μαρτυρίου
1086 5042 1264 5095 ἔναντι
1293 5041 1519 5112 Κυρίου,
1554 5040 1648 5092 καὶ
1677 5038 1786 5092 τῶν
1821 5055 1953 5109 πρε-

381 5124 658 5205 σϐυτέρων
678 5135 778 5203 τῆς
796 5133 1123 5202 Συναγωγῆς
1144 5131 1439 5185 ἐπιθέντων
1461 5130 1609 5200 αύτῷ
1628 5130 1726 5193 τὰς
1746 5130 1952 5199 χεῖρας,

381 5227 771 5298 εἰσφερομένου
798 5242 854 5279 τε
884 5224 977 5277 τοῦ
1004 5223 1232 5293 αἵματος
1250 5223 1326 5285 είς
1342 5222 1410 5275 τὰ
1435 5221 1601 5290 ’Ἅγια
1630 5222 1739 5274 τῶν
1760 5221 1952 5289 ἁγίων,

382 5320 477 5372 καὶ
514 5314 843 5381 ἁπαξαπλῶς
888 5314 1061 5365 εἰπεῖν
1121 5311 1337 5364 πάντων
1390 5310 1821 5381 ἐπιτελουμένων
1868 5310 1953 5360 ἐπ’

384 5410 531 5480 αὐτῷ
560 5408 678 5463 καθ’
703 5407 995 5476 ὁμοιότητα
1023 5403 1120 5472 τῆς
1147 5400 1335 5463 θυσίας
1365 5402 1501 5471 ὑπὲρ
1538 5402 1769 5471 Ἀαρών.
1811 5399 1946 5452 Ἀλλ’

380 5504 465 5555 ὅτι
503 5501 599 5570 μὲν
626 5499 689 5568 δὴ
721 5498 814 5551 καὶ
837 5494 1027 5565 ἱερέων
1060 5493 1153 5545 καὶ
1181 5490 1312 5543 λαοῦ
1341 5490 1603 5577 κάθαρσις
1632 5493 1661 5543 ὁ
1695 5491 1950 5562 Χριστὸς,

380 5585 778 5657 δεδικαιώμεθα
797 5584 905 5656 γάρ
935 5586 992 5638 ὲν
1015 5581 1162 5637 αύτῶ
1183 5579 1273 5633 16v
1299 5580 1362 5632 ἐκ
1389 5578 1489 5649 τῆς
1520 5581 1790 5650 ἁμαρτίας
1819 5581 1952 5635 ἀπο-

453 5772 501 5805 ⁹⁷
530 5768 707 5828 Levit.
744 5784 819 5837 iv,
853 5768 1005 5823 l-l2.

2040 576 2357 633 mandatum
2400 577 2456 630 in
2483 577 2682 647 primis
2709 578 2955 642 calleret,
2998 576 3350 633 Hebraeorum
3401 576 3621 647 populis

2042 674 2299 737 tanquam
2321 666 2638 737 huiusmodi
2669 682 2855 721 rerum
2876 681 2989 721 non
3026 667 3249 737 ignaris,
3297 674 3355 721 et
3407 666 3504 736 qui
3535 666 3619 721 le-

2040 772 2160 828 gem
2184 757 2644 827 pervolutassent,
2670 772 2782 811 non
2806 757 2969 827 longa
3005 756 3345 822 narratione,
3375 755 3472 812 sed
3518 771 3618 825 po—

2042 848 2151 903 tius
2183 863 2371 903 rerum
2401 847 2510 903 illis
2573 856 2830 904 notarum
2881 848 3404 904 commemoratione
3442 847 3623 904 obiter

2041 938 2110 994 de
2165 947 2275 995 tam
2318 938 2652 994 venerandis
2703 939 3028 1009 arcanisque
3081 939 3248 995 rebus
3290 940 3409 995 haec
3463 939 3618 995 dicit.

2042 1030 2280 1086 Aﬂ'eram
2300 1030 2488 1102 igitur,
2508 1031 2555 1086 si
2573 1029 2817 1096 videtur,
2846 1030 3023 1101 legem
3066 1029 3171 1084 hac
3195 1030 3263 1085 de
3296 1045 3357 1084 re
3411 1031 3621 1085 consti-

2042 1130 2237 1189 tutam,
2263 1122 2318 1178 ei
2342 1122 2439 1194 qui
2463 1121 2668 1178 Christi
2700 1120 3024 1194 mysterium
3048 1120 3364 1191 perdiscere
3393 1121 3547 1186 velit,
3567 1129 3623 1176 et

2039 1214 2290 1269 locorum
2310 1214 2379 1269 ad
2414 1214 2902 1284 contemplandum
2936 1213 3343 1285 propositorum
3390 1227 3621 1267 accura-

2044 1312 2155 1359 tam
2177 1314 2234 1361 et
2260 1304 2554 1388 expolitam
2590 1304 3009 1376 explicationem
3047 1305 3240 1360 audire
3283 1304 3489 1376 cupiat.
3528 1303 3626 1358 Est

2043 1395 2212 1466 igitur
2232 1397 2290 1452 in
2311 1395 2561 1452 Levitico
2588 1397 2854 1468 scriptum
2892 1414 2905 1450 :
2948 1415 2966 1449 ι
3005 1397 3076 1451 Et
3117 1397 3336 1452 locutus
3369 1404 3455 1451 est
3512 1395 3622 1449 Do-

2042 1487 2228 1542 minus
2249 1487 2319 1542 ad
2350 1486 2592 1559 Moysen,
2616 1487 2838 1544 dicens:
2866 1488 3118 1558 Loquere
3140 1486 3209 1542 ad
3234 1486 3376 1542 ﬁlios
3409 1486 3579 1542 Israel
3604 1502 3619 1537 :

2041 1581 2257 1647 Anima,
2313 1581 2360 1638 si
2401 1581 2708 1653 peccaverit
2776 1596 2961 1637 coram
3016 1580 3247 1637 Domino
3309 1578 3473 1651 349
3510 1592 3623 1634 non

2042 1672 2369 1737 voluntarie,
2406 1672 2464 1728 in
2485 1673 2743 1728 omnibus
2766 1670 3052 1743 praeceptis
3072 1671 3314 1737 Domini,
3354 1687 3477 1741 quae
3512 1685 3624 1725 non

2042 1768 2262 1830 oportet
2284 1760 2495 1827 facere,
2532 1769 2590 1817 et
2617 1760 2812 1817 fecerit
2834 1775 3004 1814 unum
3018 1759 3088 1815 de
3121 1760 3289 1829 ipsis;
3329 1760 3621 1830 siquidem

2044 1866 2292 1907 summus
2307 1852 2567 1915 sacerdos
2592 1853 2688 1924 qui
2711 1860 2912 1908 unctus
2956 1861 3041 1907 est
3061 1851 3408 1923 peccaverit,
3446 1851 3521 1906 ita
3562 1860 3624 1907 ut

2044 1942 2280 2012 populus
2299 1950 2493 2012 peccet
2518 1959 2531 1997 :
2553 1942 2744 1998 atl‘eret
2761 1959 2860 2014 pro
2872 1951 3096 2014 peccato
3116 1958 3238 2008 suo,
3257 1942 3404 2013 quod
3423 1957 3620 2012 pecca-

2043 2032 2143 2098 vit,
2169 2034 2404 2089 vitulum
2444 2050 2514 2091 ex
2556 2034 2737 2091 bobus
2780 2035 3190 2089 immaculatum
3245 2035 3478 2091 Domino
3519 2050 3623 2106 pro

2043 2133 2271 2195 peccato
2295 2140 2418 2191 suo,
2442 2134 2499 2182 et
2517 2126 2759 2182 adducet
2788 2127 3023 2182 vitulum
3056 2127 3125 2182 ad
3146 2128 3347 2182 ostium
3366 2128 3625 2182 taberna-

2042 2216 2156 2271 culi
2202 2218 2501 2273 testimonii
2562 2233 2748 2273 coram
2800 2219 3036 2274 Domino
3068 2228 3124 2275 et
3167 2219 3431 2274 mactabit
3472 2218 3622 2273 vitu-

2043 2308 2160 2362 lum
2220 2324 2409 2364 coram
2478 2309 2732 2364 Domino.
2786 2311 2855 2364 Et
2889 2310 3170 2380 accipiens
3226 2311 3486 2366 sacerdos
3515 2326 3622 2365 un-

2045 2407 2188 2466 ctus,
2223 2402 2394 2473 cujus.
2437 2408 2772 2456 consecratae
2826 2409 2958 2456 sunt
3001 2418 3219 2467 manus,
3254 2403 3324 2458 de
3357 2402 3625 2473 sanguine

2044 2490 2226 2557 vituli,
2269 2489 2467 2546 inferet
2506 2491 2659 2546 illum
2691 2491 2749 2545 in
2775 2492 3189 2547 tabernaculum
3209 2493 3534 2558 testimonii,
3568 2502 3627 2548 et

2045 2581 2280 2652 intingct
2302 2581 2556 2637 sacerdos
2582 2582 2812 2653 digitum
2838 2582 2892 2636 in
2919 2584 3260 2654 sanguinem,
3292 2590 3351 2639 et
3377 2592 3627 2655 asperget

2045 2673 2115 2729 de
2133 2673 2396 2744 sanguine
2422 2673 2626 2743 septies
2657 2673 2827 2743 digito
2850 2684 3033 2729 coram
3070 2675 3301 2731 Domino
3334 2676 3403 2730 ad
3440 2676 3623 2732 velum

2047 2772 2319 2819 sanctum.
2349 2764 2418 2818 Et
2433 2772 2601 2834 ponet
2618 2764 2874 2819 sacerdos
2902 2763 2971 2819 de
2993 2766 3261 2836 sanguine
3279 2766 3440 2822 vituli
3460 2782 3627 2837 super

2046 2870 2253 2911 cornua
2271 2854 2458 2910 altaris
2486 2854 2855 2926 thymiamatis
2900 2856 3336 2926 compositionis,
3372 2859 3520 2928 quod
3542 2868 3629 2914 est

2048 2956 2174 3004 ante
2201 2946 2515 3013 Dominum,
2549 2947 2693 3018 quod
2719 2956 2802 3003 est
2836 2948 2891 3002 in
2918 2948 3274 3005 tabernaculo
3305 2952 3624 3016 testimonii,

2047 3044 2104 3090 et
2128 3051 2346 3091 omnem
2370 3036 2691 3107 sanguinem
2714 3037 2873 3091 vituli
2889 3037 3139 3093 eﬂ‘undet
3159 3039 3228 3093 ad
3244 3039 3420 3095 basim
3440 3041 3629 3097 altaris

2020 3148 2023 3149 ν
2052 3124 2375 3189 holocausti,
2410 3124 2558 3195 quod
2586 3135 2671 3180 est
2690 3126 2758 3180 ad
2785 3126 2986 3180 ostium
3013 3127 3352 3184 tabernaculi
3378 3132 3626 3187 testimo—

2050 3213 2151 3280 nii,
2173 3223 2230 3269 et
2249 3230 2469 3270 omnem
2498 3216 2715 3286 adipem
2735 3217 2894 3271 vituli
2924 3233 3024 3289 pro
3042 3229 3267 3288 peccato
3295 3221 3508 3277 auferet
3557 3224 3626 3279 ab

2048 3304 2161 3370 illo,
2189 3305 2535 3376 adipem,qui
2560 3307 2739 3377 operit
2767 3307 3115 3375 intestina,et
3139 3325 3356 3366 omnem
3385 3313 3626 3382 adipem,

2047 3396 2141 3466 qui
2170 3404 2255 3451 est
2281 3412 2447 3467 super
2472 3398 2751 3463 intestina,
2777 3406 2832 3453 et
2865 3398 3005 3453 duos
3029 3401 3362 3457 renunculos
3410 3411 3466 3457 et
3506 3402 3625 3457 adi-

2048 3503 2194 3557 pem,
2248 3489 2342 3559 qui
2387 3504 2554 3559 super
2577 3504 2673 3544 eos
2719 3499 2822 3553 est,
2856 3490 2951 3560 qui
2982 3498 3068 3546 est
3119 3506 3284 3563 super
3305 3493 3542 3559 lumbos,
3570 3501 3629 3548 et

2049 3579 2295 3648 pinnam,
2314 3581 2512 3651 quiest
2535 3596 2701 3650 super
2720 3582 2899 3652 jecur,
2927 3597 3052 3637 cum
3079 3584 3396 3639 renunculis
3415 3584 3628 3641 auferet

2050 3668 2208 3736 illud,
2238 3672 2698 3742 quemadmodum
2729 3671 2977 3728 aufertur
3007 3689 3038 3727 a
3071 3675 3249 3729 vitulo
3302 3675 3495 3730 hostiae
3541 3691 3629 3731 sa-

2050 3763 2265 3827 lutaris,
2291 3770 2348 3817 et
2368 3762 2564 3817 oﬂ‘eret
2585 3762 2843 3817 sacerdos
2860 3778 3026 3832 super
3056 3764 3229 3820 altare
3260 3766 3537 3832 sacriﬁcii,
3571 3776 3628 3822 et

2051 3855 2249 3925 pellem
2269 3854 2450 3919 vituli,
2473 3861 2529 3910 et
2553 3869 2771 3909 omnem
2798 3854 2943 3909 illius
2961 3870 3184 3910 carnem
3210 3871 3336 3911 cum
3364 3859 3541 3929 capite
3572 3868 3630 3915 et

2050 3946 2509 4012 extremitatibus,
2535 3954 2592 4000 et
2619 3952 2811 4001 ventre
2847 3954 2906 4001 et
2926 3945 3077 4015 ﬁmo;
3109 3956 3165 4003 et
3187 3948 3422 4006 eﬂ‘erent
3451 3960 3628 4007 totum

2049 4037 2281 4092 vitulum
2313 4046 2465 4093 extra
2496 4045 2694 4100 castra,
2730 4036 2785 4090 in
2806 4036 2985 4091 locum
3014 4039 3299 4105 mundum,
3328 4041 3423 4095 ubi
3453 4042 3631 4097 ell‘un-

2051 4129 2189 4183 dunt
2216 4129 2481 4192 cinerem,
2502 4135 2558 4183 et
2579 4128 2909 4183 comburent
2929 4129 3081 4183 illum
3114 4131 3455 4201 superlignis
3478 4132 3628 4202 igni;

2052 4223 2108 4275 in
2133 4220 2402 4275 elfusione
2423 4219 2626 4273 cineris
2645 4218 3114 4272 comburentur”.
3129 4238 3146 4269 ›
3169 4220 3346 4288 Atque
3361 4221 3477 4275 haec
3502 4222 3632 4291 qui-

2050 4312 2174 4365 dem
2232 4312 2318 4364 lex
2358 4308 2476 4362 ﬁeri
2521 4308 2704 4378 jussit,
2755 4307 2799 4361 si
2833 4323 2940 4376 qua
2992 4307 3310 4377 ignorantiae
3352 4312 3512 4381 culpa
3572 4312 3626 4366 in

2051 4416 2269 4455 summo
2298 4398 2585 4453 sacerdote
2611 4397 2898 4451 resederit.
2923 4397 3235 4464 Quinetiam
3259 4398 3440 4470 inquit
3467 4416 3632 4472 Opor-

1982 4522 2024 4576 Β
2057 4505 2190 4556 tere,
2216 4500 2277 4544 ut
2325 4505 2426 4559 pro
2455 4488 2642 4559 populi
2672 4504 2891 4559 quoque
2942 4490 3251 4559 ignorantia
3301 4493 3630 4549 sacriﬁcium

2053 4584 2164 4645 ﬁat,
2204 4582 2368 4636 allato
2414 4580 2606 4644 vitulo,
2642 4594 2891 4649 cazsoque
2936 4580 3004 4634 ad
3041 4580 3242 4634 ostium
3292 4582 3631 4639 tabernaculi

2053 4670 2350 4727 testimonii
2386 4683 2570 4723 coram
2598 4668 2848 4732 Domino,
2883 4669 3295 4739 imponentibus
3317 4670 3395 4726 illi
3434 4689 3630 4730 manus

2053 4762 2344 4832 Synagogie
2374 4758 2705 4822 senioribus,
2727 4766 2784 4812 et
2811 4758 2869 4812 in
2899 4759 3096 4814 Sancta
3126 4771 3440 4816 sanctorum
3478 4764 3631 4820 illato

2051 4850 2335 4919 sanguine,
2370 4857 2445 4912 et,
2475 4855 2536 4902 ut
2558 4863 2669 4902 uno
2706 4848 2876 4902 verbo
2895 4849 3094 4914 dicam,
3129 4850 3388 4906 omnibus
3432 4854 3627 4910 simili-

2052 4951 2135 4996 ter
2166 4941 2343 5005 factis,
2371 4956 2434 4995 ac
2461 4940 2527 4994 de
2558 4939 2738 4995 hostia
2775 4955 2877 5009 pro
2900 4940 3082 4996 Aaron
3126 4942 3333 5000 dictum
3367 4956 3469 5002 est.
3494 4948 3629 5003 Esse

2051 5043 2233 5090 autem
2277 5032 2554 5088 Christum
2604 5041 2657 5086 et
2699 5031 3060 5097 sacerdotem,
3118 5044 3175 5088 et
3218 5037 3407 5105 populi
3439 5038 3630 5106 expia-

2056 5129 2259 5182 tionem
2289 5126 2363 5196 (in
2388 5125 2507 5195 ipso
2559 5140 2795 5194 namque
2844 5125 3132 5196 justiﬁcati
3177 5141 3387 5193 sumus,
3417 5129 3629 5197 peccati

2053 5217 2283 5272 maculis
2308 5216 2552 5287 ablutis),
2580 5233 2679 5286 per
2706 5217 2823 5272 haec
2844 5232 3062 5286 quoque
3080 5216 3256 5271 cuivis
3279 5218 3628 5287 perspicuum

2057 5309 2173 5363 ﬁeri
2196 5316 2393 5378 potest.
2420 5308 2676 5362 Dicamus
2698 5315 2881 5362 autem
2905 5307 3241 5376 singillatim,
3275 5323 3396 5376 quae
3411 5309 3480 5362 ad
3513 5311 3628 5365 sin-

2056 5402 2208 5472 gulas
2254 5399 2417 5470 hujus
2462 5398 2758 5467 Scriptum
2794 5404 2979 5467 partes
3012 5397 3362 5466 explicandas
3390 5399 3627 5466 faciunt;

2060 5505 2182 5544 nam
2213 5488 2319 5543 hoc
2348 5488 2513 5542 modo
2543 5488 2799 5541 distincte
2832 5486 3214 5557 progredictur
3235 5489 3431 5556 oratio,
3464 5500 3520 5547 et
3541 5506 3626 5558 ea,

2060 5595 2181 5649 qum
2201 5578 2392 5645 latent,
2420 5576 2599 5645 quoad
2640 5575 2758 5631 ﬁeri
2784 5576 3005 5646 poterit,
3034 5577 3263 5648 aperiet.
