4142 6296
573 329 694 389 σει

1605 335 1662 392 S.
1703 335 1981 394 CYRILLI
2021 339 2492 397 ALEXANDRINI
2530 340 2848 398 ARCHIEP.

3746 343 3858 402 688

583 446 892 521 τριϐόμενοι
923 444 1214 518 μολυσμὸν,
1235 446 1328 500 καὶ
1346 446 1433 500 διὰ
1456 447 1659 502 τούτων
1697 450 1764 505 ἀν
1799 452 2011 522 γένοιτο
2047 457 2211 512 παντί
2275 472 2352 526 τῳ
2381 455 2570 526 σαφές.
2600 457 2865 528 Λέγωμεν
2898 456 2953 510 δὲ
2975 455 3078 510 ἀνά
3107 457 3272 530 μέρος
3296 457 3362 513 τά
3392 458 3476 528 ἐφ’
3509 458 3722 530 ἑκάστῳ
3744 461 3858 517 τῶν

581 543 984 616 γεγραμμένων
1010 559 1024 573 ⁸
1074 543 1308 614 προήκοι
1337 542 1447 615 γὰρ
1507 544 1574 600 ἂν
1621 545 1888 618 εὐκρινῶς
1910 550 1938 602 ὁ
1966 548 2124 620 λόγος
2161 549 2258 606 καὶ
2285 551 2650 616 διαπτύσσων,
2684 552 2760 616 ὡς
2788 551 2891 618 ἔνι,
2919 552 2988 606 τά
3013 553 3392 624 κεκρυμμένα.

651 639 819 710 350
847 637 1043 693 PALL.
1067 635 1304 707 Optime.

653 730 811 785 CYR.
848 729 1097 786 Sumitur
1123 730 1308 800 itaque
1351 730 1560 786 vitulus
1587 731 1993 802 immaculatus,
2025 745 2082 792 et
2107 736 2166 791 in

573 837 695 893 [quo
728 822 878 876 nulla
910 822 982 877 sit
1019 822 1203 892 plaga,
1243 823 1302 877 in
1331 822 1538 878 Christi
1568 823 1823 895 ﬁguram,
1863 826 2012 882 illius
2034 842 2167 883 vere

585 914 943 980 immaculati,
974 922 1032 968 et
1083 914 1179 984 qui
1223 915 1434 985 peccati
1472 916 1676 972 vulnus
1727 917 2012 988 suscipere
2052 934 2167 974 non

585 1006 853 1062 sustinuit
894 1025 907 1059 :
947 1025 964 1058 ι
1002 1007 1165 1062 Venit
1204 1007 1374 1074 enim,
1421 1008 1623 1078 inquit,
1680 1009 1940 1080 princeps
1972 1010 2167 1066 mundi

586 1097 775 1170 hujus,
819 1105 876 1152 et
912 1098 969 1152 in
1007 1113 1094 1152 me
1117 1099 1256 1153 nihil
1302 1099 1549 1155 inveniet
1567 1101 1653 1167 '°;
1705 1119 1722 1152 ι
1780 1117 1963 1171 neque
2017 1103 2168 1158 enim

587 1187 720 1244 fecit
779 1195 1096 1258 peccatum,
1154 1196 1216 1242 ut
1273 1188 1569 1261 Scripturaa
1606 1189 1832 1247 tradunt
1860 1195 1928 1246 θ’.
1985 1192 2167 1248 Affer-

588 1285 680 1332 tur
728 1287 912 1333 autem
947 1279 1016 1334 ad
1067 1279 1212 1349 ipsas
1252 1281 1595 1336 tabernaculi
1626 1281 1776 1338 fores
1831 1299 2016 1339 coram
2063 1285 2170 1339 Do-

587 1381 770 1419 mmo:
791 1367 935 1436 quod
954 1367 1065 1437 pati
1095 1384 1195 1438 pro
1218 1369 1336 1439 ipso
1358 1379 1547 1426 sancto
1574 1361 1950 1439 tabernaculo,
1979 1373 2033 1429 id
2061 1382 2166 1440 est,

588 1471 690 1525 pro
717 1457 961 1512 Ecclesia
987 1474 1097 1512 non
1123 1459 1414 1527 recusarit,
1451 1461 1547 1516 sed
1572 1478 1674 1532 pro
1703 1463 1798 1518 illa
1824 1464 1938 1520 Deo
1971 1481 2036 1521 ac
2062 1466 2167 1522 Pa-

589 1548 658 1602 tri
693 1549 748 1603 in
781 1549 1004 1605 odorem
1051 1552 1338 1606 suavitatis
1370 1552 1590 1610 oblatus
1609 1555 1699 1610 sit.
1727 1557 2050 1628 —ldeoque
2087 1559 2172 1614 di-

579 1639 796 1695 .cebat:
842 1660 859 1692 ι
902 1642 1008 1696 Pro
1059 1643 1193 1712 ipsis
1262 1659 1363 1714 ego
1411 1647 1696 1703 sanctiﬁco
1741 1649 2014 1720 meipsum
2043 1652 2082 1704 ι.
2139 1669 2161 1702 ι

580 1731 746 1796 Nam,
782 1748 907 1786 cum
938 1732 1092 1798 dicit,
1116 1734 1419 1801 sanctiﬁco,
1461 1737 1566 1792 hoc
1587 1738 1879 1809 signiﬁcat,
1899 1740 2074 1796 oﬂ'ero
2104 1756 2172 1796 ac

579 1823 832 1878 devoveo
878 1824 1148 1894 meipsum
1209 1827 1542 1884 oblationem
1601 1828 2010 1888 immaculatam
2057 1833 2170 1888 Deo

589 1915 735 1970 Patri
768 1932 793 1968 ἐ
823 1917 1150 1971 sanctiﬁcari
1180 1917 1326 1972 enim
1353 1919 1576 1986 dicitur,
1600 1922 1748 1992 quod
1781 1922 1894 1977 Deo
1918 1922 2169 1992 dicatur,

2199 652 2248 709 Α
2346 646 2554 701 ΠΔΛΛ.
2594 643 2668 701 Εὖ
2697 646 2853 718 ἔφης.

2339 738 2501 794 ΚΥΡ.
2545 737 2897 810 Λαμϐάνεται
2941 739 3123 794 τοίνυν
3159 742 3187 794 ό
3219 742 3416 813 μόσχος
3455 743 3757 816 ἀμώμητός
3797 763 3858 800 τε

2267 826 2364 882 καὶ
2401 828 2581 899 ἀπλὴξ
2606 830 2686 892 είς
2727 828 2898 882 τύπον
2936 829 3173 900 Χριστοῦ
3215 824 3310 884 τοῦ
3338 833 3557 903 ἀληθῶς
3589 834 3853 906 ἀμώμου,

2268 918 2364 974 καὶ
2395 918 2486 974 τὸν
2514 918 2579 972 ἐκ
2611 920 2710 990 τῆς
2738 919 3010 992 ἁμαρτίας
3038 923 3460 993 τραυματισμὸν
3495 925 3597 976 οὐκ
3627 926 3858 994 ἀνασχο-

2272 1009 2434 1081 μένου
2461 1009 2675 1065 παθεῖν.
2722 1030 2742 1064 ι
2787 1012 3051 1085 Ἔρχεται
3082 1013 3213 1083 γὰρ,
3265 1018 3452 1084 φησιν,
3487 1018 3516 1069 ό
3548 1017 3730 1087 ἅρχων
3761 1018 3855 1072 τοῦ

2269 1097 2476 1168 κόσμου
2504 1098 2717 1165 τούτου,
2748 1101 2844 1155 καὶ
2871 1102 2928 1154 ὲν
2961 1101 3086 1172 ἐμοὶ
3108 1103 3330 1174 εὑρήσει
3359 1105 3513 1159 οὐδέν
3535 1122 3548 1139 ο
3586 1126 3605 1158 ι
3651 1108 3710 1160 οὐ
3748 1108 3857 1179 γάρ

2271 1191 2528 1264 ἐποίησεν
2549 1193 2850 1264 ἁμαρτίαν,
2879 1193 3022 1247 κατὰ
3041 1195 3141 1258 τὰς
3165 1197 3410 1268 Γραφάς.
3435 1199 3784 1266 Προσάγεται
3803 1201 3857 1254 δὲ

2269 1281 2408 1352 πρὸς
2447 1283 2638 1347 αὐταῖς
2683 1285 2784 1355 τῆς
2825 1286 2988 1356 ἁγίας
3027 1289 3234 1359 σκηνῆς
3276 1292 3399 1354 ταῖς
3445 1289 3638 1361 θύραις
3677 1291 3858 1346 ἔναντι

2269 1373 2503 1445 Κυρίου,
2527 1373 2587 1428 τὺ
2613 1375 2804 1430 παθεῖν
2833 1376 3024 1449 ὥσπερ
3048 1380 3109 1432 οὐ
3141 1382 3599 1453 παραιτούμενος,
3628 1385 3774 1456 ὑπέρ
3795 1404 3857 1454 γε

2267 1465 2366 1537 τῆς
2393 1466 2554 1535 ἁγίας
2579 1467 2813 1539 σκηνῆς,
2843 1467 2989 1522 τοῦτ’
3015 1469 3161 1534 ἐστι,
3193 1473 3292 1543 τῆς
3329 1473 3660 1546 Ἐκκλησίας
3680 1516 3696 1541 ,
3725 1477 3857 1531 ἁνα-

2269 1556 2582 1628 τεθειμένος
2607 1575 2668 1611 τε
2711 1558 2853 1631 ὑπὲρ
2881 1559 3053 1632 αὐτῆς
3081 1562 3162 1625 είς
3191 1562 3366 1634 ὀσμὴν
3388 1564 3613 1630 εὐωδίας
3637 1565 3716 1638 τῷ
3741 1567 3859 1639 Θεῷ

2269 1648 2364 1701 καὶ
2400 1649 2594 1720 Πατρί.
2635 1649 2926 1722 Τοιγάρτοι
2957 1651 3055 1706 καὶ
3094 1652 3355 1723 ἔφασκεν,
3400 1674 3420 1708 ‹
3480 1657 3651 1730 ’Υπὲρ
3677 1659 3860 1712 αὐτῶν

2271 1739 2619 1812 ὲγὼ’άγιάζω
2640 1744 2896 1815 ἐμαυτόν.
2928 1764 2948 1798 ι
2971 1747 3046 1802 Τὸ
3062 1787 3078 1812 ,
3108 1749 3338 1818 ἁγιάζω,
3357 1750 3532 1820 λέγων
3550 1793 3565 1817 ,
3589 1753 3717 1807 ἀντὶ
3741 1755 3857 1820 τοῦ,

2271 1833 2554 1903 προσάγω,
2611 1836 2706 1890 καὶ
2742 1837 3038 1910 ἀνατίθημι
3074 1841 3393 1912 προσφορὰν
3437 1842 3744 1914 ἀμώμητον
3784 1846 3861 1916 τῷ

2270 1926 2392 1999 Θεῷ
2413 1928 2507 1981 καὶ
2529 1928 2724 2000 Πατρί.
2751 1929 3103 1997 Ἀγιάζεσθαι
3125 1931 3233 2002 γὰρ
3255 1931 3474 2001 λέγεται
3502 1934 3564 1987 τὸ
3595 1935 3858 1989 ἀνατιθέ-

585 2007 739 2077 juxta
767 2008 822 2062 id
865 2008 1012 2078 quod
1037 2010 1302 2080 scriptum
1328 2021 1414 2066 εει
1437 2029 1449 2064 :
1486 2031 1504 2064 ‹
1540 2012 1796 2084 Laqueus
1817 2023 1904 2072 est
1931 2015 2164 2084 homini,

2271 1997 2432 2090 μενον
2482 2019 2561 2090 τῷ
2603 1997 2755 2090 Θεῷ,
2796 2019 2918 2073 κατ’
2960 1997 3146 2075 ἐκεῖνό⁷
3188 1997 3292 2076 που
3329 1997 3402 2076 ττδ
3449 2028 3857 2098 γεγραμμένον·

589 2098 700 2154 cito
738 2098 944 2169 aliquid
987 2114 1017 2154 e
1036 2099 1153 2154 suis
1178 2100 1346 2156 rebus
1371 2102 1716 2159 sanetilica-re
1740 2123 1760 2172 ς
1781 2121 1930 2172 nam,
1952 2113 2169 2175 postea-

590 2205 754 2260 quam
789 2191 1108 2257 devoverit,
1143 2191 1205 2246 ﬁt
1231 2201 1293 2247 ut
1327 2195 1590 2264 pmniteat
1614 2198 1656 2249 ³.
1703 2217 1722 2249 ι
1751 2197 1944 2254 Fuisse
1979 2207 2167 2254 autem

592 2281 906 2354 hujusmodi
929 2283 1265 2339 oblationem
1303 2293 1606 2356 acceptam,
1642 2303 1708 2343 ac
1747 2289 1861 2345 Deo
1887 2291 2166 2360 placitam,

589 2375 871 2431 declarant
910 2375 1001 2428 illa
1031 2375 1246 2430 verba:
1285 2394 1303 2427 ι
1333 2375 1530 2432 Coram
1566 2379 1823 2434 Domino.
1857 2400 1876 2432 ι
1899 2381 2171 2453 lntelligi-

588 2480 714 2520 mus
731 2465 879 2519 enim
916 2463 994 2529 id,
1016 2464 1162 2534 quod
1191 2464 1260 2519 de
1287 2465 1379 2519 illo
1403 2465 1632 2522 fratrum
1657 2484 2044 2540 germanorum
2075 2486 2173 2541 pa-

587 2555 637 2609 ri
661 2557 926 2625 scriptum
967 2563 1071 2620 est,
1108 2554 1176 2611 de
1207 2555 1365 2620 Cain,
1406 2557 1651 2626 inquam,
1695 2567 1752 2613 et
1805 2559 1964 2615 Abel.
2002 2579 2021 2612 ι
2059 2561 2169 2617 Re-

583 2647 768 2718 spexit
793 2647 966 2712 enim,
1009 2647 1189 2717 inquit
1226 2687 1242 2712 ,
1274 2648 1419 2702 Deus
1456 2648 1523 2703 ad
1555 2649 1713 2714 Abel,
1738 2658 1796 2704 et
1837 2650 1907 2704 ad
1942 2665 2172 2705 munera

588 2738 708 2808 ejus
733 2754 748 2790 :
773 2737 841 2790 ad
859 2735 994 2791 Cain
1020 2744 1204 2792 autem
1233 2745 1289 2792 et
1309 2736 1377 2792 ad
1403 2737 1674 2792 sacriﬁcia
1694 2739 1814 2808 ejus
1840 2755 1952 2794 non
1991 2747 2170 2795 atten-

590 2826 747 2891 dit';
785 2844 802 2876 ι
836 2841 963 2878 nam
981 2826 1256 2896 respicere
1279 2825 1432 2879 illum
1458 2825 1512 2879 id
1543 2826 1690 2895 quod
1721 2827 1825 2882 sibi
1844 2828 2085 2898 placeat;
2117 2840 2174 2885 et

588 2914 828 2970 vicissim
844 2913 1084 2967 aversari
1114 2913 1259 2983 quod
1291 2929 1450 2968 secus
1487 2914 1706 2981 habeat,
1726 2914 1836 2970 non
1858 2925 1944 2972 est
1971 2917 2171 2974 obscu-

589 3021 731 3060 rum.
766 3006 1086 3074 lmponente
1129 3015 1314 3060 autem
1347 3022 1543 3061 manus
1586 3007 1643 3061 in
1681 3008 1918 3064 vitulum
1947 3025 2034 3076 eo,
2075 3011 2170 3080 qui

588 3097 867 3168 peccavit,
893 3096 1130 3152 caeditur.
1153 3096 1354 3162 hostia,
1380 3105 1440 3152 et
1470 3099 1528 3152 in
1555 3109 1854 3169 conspectu
1885 3101 1983 3156 Dei
2012 3102 2175 3156 caedi-

2275 2125 2295 2159 ι
2334 2106 2511 2175 Παγὶς
2541 2107 2695 2180 ἀνδρὶ
2713 2147 2729 2170 ,
2751 2108 2890 2180 ταχύ
2910 2128 2964 2164 τι
2993 2109 3104 2163 τῶν
3129 2111 3273 2167 ίδίων
3300 2113 3525 2182 ἁγιάσαι
3545 2129 3559 2144 ·
3589 2117 3734 2185 μετὰ
3759 2117 3860 2191 γὰρ

2265 2195 2330 2250 τὺ
2355 2196 2634 2264 εὔξασθαι,
2665 2203 2948 2270 μετανοεῖν
2968 2201 3200 2270 γίνεται.
3231 2220 3252 2254 ο
3280 2201 3406 2257 ’Ότι
3428 2204 3541 2276 δὲή
3569 2209 3860 2279 προσφορὰ

2268 2287 2431 2360 δεκτὴ
2461 2289 2555 2342 καὶ
2584 2291 2899 2361 εὐάρεστος,
2951 2290 3103 2362 δηλοῖ
3125 2292 3208 2357 τὸ,
3249 2312 3268 2346 ι
3309 2294 3530 2348 Ἐναντι
3554 2297 3794 2366 Κυρίου.
3837 2317 3857 2352 ι

2269 2379 2518 2451 Νοοῦμεν
2539 2380 2648 2452 γὰρ
2678 2381 2780 2452 ήδη
2807 2381 2868 2436 τὸ
2899 2383 3286 2455 γεγραμμένον
3316 2385 3410 2439 ἐπὶ
3433 2386 3532 2455 τῆς
3567 2387 3679 2443 τῶν
3707 2389 3862 2445 ἀδελ.

2271 2470 2388 2541 φῶν
2419 2469 2725 2544 ξυνωρίδος,
2763 2473 2906 2528 Καῖν
2955 2475 3017 2527 τέ
3048 2493 3194 2546 φημι
3239 2476 3334 2529 καὶ
3375 2476 3548 2533 ’Δὸέλ.
3585 2497 3606 2530 ι
3647 2481 3860 2536 Ἐπεῖδε

2273 2561 2376 2632 μὲν
2405 2561 2546 2630 γὰρ,
2579 2561 2737 2631 φησὶν
2764 2603 2779 2629 ,
2811 2564 2840 2616 ό
2876 2563 3008 2628 Θεὸς
3057 2565 3148 2618 ἐπὶ
3193 2565 3345 2618 Ἀϐέλ
3375 2582 3437 2618 τε
3472 2566 3566 2620 καὶ
3597 2569 3694 2620 ἐπὶ
3753 2573 3862 2634 τοῖς

2270 2651 2464 2725 δώροις
2503 2653 2688 2719 αὐτοῦ,
2722 2654 2815 2708 ἐπὶ
2840 2655 2897 2708 δὲ
2928 2654 3070 2710 Καῒν
3091 2656 3185 2711 καὶ
3210 2659 3331 2721 ταῖς
3363 2657 3574 2722 θυσίαις
3601 2660 3775 2714 αὐτοῦ
3802 2661 3859 2716 ού

2272 2743 2577 2814 προσέσχεν
2605 2761 2620 2774 ·
2666 2763 2684 2795 ι
2718 2745 2890 2817 ἐφορᾷ
2919 2747 3029 2818 γὰρ
3057 2748 3137 2802 ὃτι
3174 2747 3236 2801 τὸ
3271 2748 3494 2804 άνδάνον
3549 2751 3726 2822 αὐτῷ,
3773 2754 3862 2808 καὶ

2272 2834 2674 2906 ἀποστρέφεται
2705 2837 2880 2908 μισῶν
2921 2838 2982 2891 τὸ
3017 2839 3090 2910 μὴ
3124 2838 3298 2906 οὕτως
3345 2841 3487 2912 έχον,
3533 2844 3634 2897 οὐκ
3674 2844 3859 2916 ἀσυμ-

2273 2923 2460 2993 φανές.
2501 2927 2923 2999 Ἐπιτιθεμένων
2958 2929 3016 2982 δὲ
3048 2929 3128 3002 τῷ
3159 2931 3344 3003 μόσχῳ
3374 2933 3486 2987 τῶν
3520 2935 3728 3007 χειρῶν
3769 2935 3859 2991 τού

2271 3015 2748 3088 διημαρτηκότος,
2806 3021 2839 3090 ἡ
2891 3021 3075 3093 σφαγὴ
3120 3023 3440 3094 πράττεταιο
3493 3027 3592 3080 καὶ
3628 3029 3859 3086 ἐνώπιον

2275 3107 2502 3179 Κυρίου.
2545 3129 2563 3162 ι
2594 3110 2768 3175 Αὐτὸς
2799 3112 2907 3184 γὰρ
2942 3113 3100 3184 ἡμῶν
3123 3117 3267 3186 αἴρει
3288 3117 3387 3182 τὰς
3426 3119 3734 3191 ἁμαρτίας,
3771 3125 3858 3178 καὶ

589 3196 700 3244 tur.
761 3208 779 3240 ι
808 3189 927 3259 Ipse
957 3187 1104 3242 enim
1133 3196 1316 3259 portat
1351 3188 1670 3258 iniquitates
1708 3199 1960 3257 nostras,
1987 3200 2044 3248 ct
2068 3208 2168 3263 pro

2277 3201 2419 3274 ὑπὲρ
2448 3204 2480 3273 ἡ
2492 3202 2608 3274 μῶν
2644 3203 2894 3259 όδυνᾶται
2931 3224 2950 3256 ι
2989 3207 3347 3278 σφαζόμενος.
3407 3187 3612 3283 Ἐνργου
3647 3216 3764 3287 γὰρ
3799 3216 3860 3289 δὴ

585 3280 747 3335 nobis
765 3279 913 3334 dolet
927 3279 967 3345 ‘,
989 3298 1006 3330 ι
1024 3279 1154 3334 dum
1172 3280 1428 3347 caeditur;
1456 3281 1639 3350 operis
1658 3282 1805 3336 enim
1819 3291 1875 3338 et
1896 3285 2175 3340 actionum

588 3373 818 3444 ﬁguram
883 3388 998 3442 pra:
1037 3387 1096 3426 se
1144 3372 1332 3427 ferunt
1360 3388 1575 3427 manus.
1623 3373 1898 3430 Caeterum
1951 3377 2008 3430 in
2039 3391 2174 3432 con-

589 3472 778 3534 spettu
800 3463 898 3517 Dei
924 3462 1152 3518 caeditur
1175 3463 1320 3533 quod
1345 3464 1507 3518 Pater
1523 3465 1922 3534 propemodum
1946 3481 2177 3522 consen-

591 3553 739 3618 tiret,
771 3561 831 3606 ut
877 3567 978 3622 pro
1005 3551 1166 3606 nobis
1206 3551 1377 3606 Filius
1415 3561 1756 3620 moreretur;
1812 3570 1992 3625 neque
2026 3557 2174 3611 enim

571 3652 895 3710 aversatur,
922 3659 1046 3699 cum
1092 3644 1364 3700 immolari
1393 3645 1594 3700 Filium
1627 3646 1843 3716 aspicit,
1893 3663 2003 3702 non
2025 3650 2174 3718 quod

581 3737 708 3809 ejus
727 3737 1036 3807 passionem
1067 3751 1294 3807 prorsus
1333 3736 1622 3807 approbet,
1697 3735 1796 3792 sed
1833 3739 1981 3807 quod
2017 3739 2172 3794 illum

589 3825 910 3880 Emmanuel
941 3840 1044 3894 pro
1079 3825 1242 3880 nobis
1274 3826 1386 3895 pati
1413 3841 1529 3880 rem
1560 3841 1684 3881 esse
1719 3827 1928 3884 mundo
1967 3829 2173 3886 saluta-

589 3927 728 3980 rem,
757 3929 866 3968 non
887 3914 1120 3984 ignoret.
1151 3915 1270 3985 Ipse
1305 3915 1471 3986 igitur
1492 3927 1678 3972 nostra
1707 3927 1934 3988 peccata
1963 3929 2166 3990 portat,

587 4019 656 4061 ac
685 4019 786 4076 pro
817 4004 976 4059 nobis
1013 4004 1183 4071 dolet,
1212 4005 1343 4060 dum
1391 4006 1448 4060 in
1478 4007 1570 4062 illa
1599 4010 1840 4078 pretiosa
1868 4027 2029 4068 cruce
2069 4030 2169 4084 pro

587 4097 749 4154 nobis
786 4098 962 4156 occidi
986 4098 1238 4153 sustinet.
1275 4097 1415 4153 Tum
1445 4101 1703 4157 sacerdos
1748 4102 1918 4174 digito
1947 4120 2171 4164 sumens

587 4190 656 4246 de
684 4190 970 4261 sanguine,
1002 4199 1258 4261 asperget
1278 4191 1482 4261 septies
1508 4193 1576 4248 ad
1605 4195 1856 4252 velamen
1895 4207 2165 4267 sanctum,

585 4282 735 4355 quod
772 4291 857 4337 est
893 4297 1059 4352 super
1092 4297 1294 4349 arcam,
1347 4283 1437 4339 cui
1484 4299 1687 4342 nomen
1725 4296 1811 4344 est
1833 4291 2166 4362 propitiato-

587 4373 772 4440 rium;
815 4373 970 4444 ungit
1015 4373 1183 4428 etiam
1222 4388 1428 4430 cornua
1479 4376 1670 4443 altaris
1714 4379 1925 4436 incensi
1959 4401 1970 4436 :
2000 4382 2164 4439 Chri-

587 4471 708 4518 stus
730 4462 877 4517 enim
898 4460 1216 4532 propitiatio
1236 4471 1399 4532 atque
1420 4465 1865 4536 propitiatorium
1888 4468 2065 4526 factus
2081 4480 2165 4526 est

575 4552 765 4607 nobis.
799 4549 1070 4607 Caeterum
1106 4551 1162 4604 in
1193 4553 1460 4623 sanguine
1481 4559 1791 4614 testamenti
1812 4563 2002 4615 aeterni
2033 4577 2162 4633 per-

587 4644 938 4699 fectissimam
967 4643 1126 4699 nobis
1178 4645 1558 4716 purgationem
1585 4648 1837 4722 largitur.
1864 4652 2022 4724 351
2054 4654 2168 4712 Hoc

586 4737 736 4790 enim
754 4744 858 4799 est,
888 4735 994 4790 nisi
1035 4734 1218 4800 fallor,
1249 4738 1454 4807 septies
1495 4743 1712 4812 aspergi
1741 4745 2009 4815 sanguine
2038 4762 2167 4817 pro—

589 4827 961 4896 pitiatorium;
996 4835 1080 4880 est
1108 4827 1257 4880 enim
1303 4831 1654 4900 septenarius
1692 4849 1958 4892 numerus
1991 4838 2168 4906 perfe-

585 4917 791 4972 ctionis
859 4917 1094 4986 signum.
1166 4918 1337 4973 Porro
1392 4921 1512 4991 ejus
1579 4923 1698 4994 ipsa
1756 4941 1975 4998 quoque
2016 4944 2166 4986 mors

588 5008 779 5064 mundi
837 5007 1071 5063 salutem
1131 5022 1195 5062 ac
1242 5008 1408 5064 vitam
1457 5022 1514 5066 et
1589 5030 1871 5072 accessum
1939 5034 2038 5089 per
2101 5021 2168 5076 li-

587 5104 714 5158 dcm
781 5101 931 5158 velut
990 5099 1218 5155 odorem
1273 5103 1445 5172 spirat
1491 5124 1504 5160 :
1567 5127 1584 5158 ι
1617 5107 1770 5164 Unus
1817 5111 2020 5182 quippe
2067 5129 2170 5183 pro

588 5195 847 5250 omnibus
894 5202 1146 5248 mortuus
1193 5203 1279 5248 est
1312 5235 1326 5258 ,
1383 5205 1445 5250 ut
1479 5198 1572 5266 qui
1633 5199 1866 5266 vivunt,
1917 5218 2028 5258 non
2054 5206 2166 5275 jam

591 5288 694 5342 sibi
744 5286 974 5349 vivant,
1039 5284 1136 5341 sed
1189 5285 1240 5340 ei
1300 5287 1394 5357 qui
1433 5303 1534 5358 pro
1573 5289 1706 5359 ipsis
1746 5303 1997 5351 mortuus
2047 5307 2164 5363 est,

588 5387 638 5431 et
694 5377 1028 5441 resurrexit,
1065 5395 1083 5428 ι
1125 5387 1186 5430 ιιι
1249 5378 1514 5447 scriptum
1559 5380 1698 5434 est“.
1758 5380 1914 5447 Quod
1978 5386 2161 5456 itaque

590 5469 756 5520 :rlrarc
781 5467 988 5521 incensi
1017 5482 1247 5522 aureum
1285 5469 1549 5538 sanguine
1578 5473 1924 5542 perungitur,
1961 5475 2014 5529 id
2042 5478 2161 5547 ejus

615 5555 781 5609 [artis
810 5556 1161 5624 ﬂagrantiam
1191 5559 1480 5630 signiﬁcat.
1511 5561 1826 5619 Eﬂ'unditur
1844 5582 1975 5621 vero
1993 5569 2158 5622 etiam

683 5658 878 5767 “domi.
910 5702 1018 5767 x1_v_.
1043 5688 1131 5741 30.
1225 5693 1270 5726 ⁸⁸
1303 5694 1323 5748 Ι
1361 5696 1509 5749 Petr.
1540 5711 1604 5767 η,
1624 5697 1711 5752 22.

593 5763 609 5782 "
655 5757 828 5816 iCor.
868 5771 923 5823 ν,
954 5755 1042 5810 14.

1831 5701 1843 5732 ¹
1876 5702 2031 5757 Joan.
2083 5721 2211 5774 xvn,
2245 5708 2332 5765 19.

2281 3297 2377 3350 καὶ
2409 3295 2683 3367 πράξεων,
2711 3297 2745 3368 ἡ
2769 3297 2910 3369 χεὶρ,
2944 3300 3024 3362 εἰς
3054 3300 3247 3354 τύπον.
3285 3303 3452 3374 Πλὴν,
3484 3306 3718 3362 ἐνώπιον
3753 3311 3858 3364 Κυο

2281 3387 2397 3456 ρίου
2442 3385 2708 3456 σφάζεται
2729 3426 2743 3452 ,
2775 3389 3057 3460 μονονουχὶ
3085 3391 3181 3444 καὶ
3209 3395 3743 3464 συγκαταϐαίνοντος
3768 3399 3856 3453 τοῦ

2277 3479 2492 3550 Πατρὸς
2525 3482 2605 3543 είς
2633 3481 2695 3533 τὺ
2726 3480 2837 3535 δεῖν
2864 3481 3006 3554 ὑπὲρ
3032 3483 3191 3553 ἡμῶν
3224 3485 3540 3541 ὲκτεθνὰναι
3577 3488 3668 3544 τὸν
3708 3491 3854 3546 Υἱόν⁹

2276 3573 2337 3624 οὐ
2378 3571 2485 3643 γὰρ
2519 3572 2923 3644 ἀποστρέφεται
2975 3574 3319 3647 σφαζόμενον
3366 3577 3603 3649 βλέπων,
3651 3585 3752 3638 καὶ
3797 3584 3854 3638 ού

2275 3663 2338 3733 δή
2367 3679 2468 3716 που
2504 3663 2722 3728 πάντως
2748 3665 2808 3718 τὸ
2833 3665 3025 3720 παθεῖν
3069 3668 3327 3736 ἐπαινῶν,
3357 3671 3459 3724 οὐκ
3481 3674 3775 3744 ήγνοηκὼς
3801 3676 3855 3731 δὲ

2275 3753 2356 3806 ὅτι
2391 3754 2656 3826 σωτήριόν
2705 3757 2821 3809 ὲστι
2854 3755 2930 3827 τῷ
2978 3757 3168 3830 κόσμῳ
3199 3761 3260 3814 τὸ
3291 3761 3484 3816 παθεῖν
3529 3764 3672 3838 ὑπὲρ
3699 3767 3856 3840 ἡμῶν

2273 3845 2364 3899 τὸν
2400 3846 2764 3917 Ἐμμανουήλ.
2789 3847 2998 3901 Οὐκοῦν
3027 3851 3190 3915 αὐτὸς
3210 3853 3368 3923 ἡμῶν
3389 3857 3531 3927 αἴρει
3553 3858 3655 3921 τὰς
3676 3860 3857 3932 ἀμαρ-

2272 3935 2413 4001 τίας,
2454 3938 2550 3990 καὶ
2597 3937 2738 4008 ὑπὲρ
2792 3939 2950 4008 ἡμῶν
2994 3940 3266 4010 ὀδυνᾶται,
3310 3947 3410 4018 τὴν
3449 3948 3541 4001 ἐπὶ
3574 3949 3653 4020 τῷ
3689 3953 3854 4024 τιμίῳ

2274 4027 2492 4098 σταυρῷ
2542 4027 2608 4081 δι’
2636 4029 2783 4098 ἡμᾶς
2825 4030 3114 4101 ὑπομένων
3156 4037 3394 4108 σφαγήν.
3439 4034 3569 4094 Εἶτα
3611 4041 3793 4096 λαϐὼν
3825 4046 3852 4097 ό

2274 4119 2452 4189 ἱερεὺς
2471 4117 2687 4172 ἀπὺτοῦ
2712 4120 2942 4190 αἵματος
2972 4123 3050 4193 τῷ
3081 4124 3348 4199 δακτύλῳ,
3376 4131 3529 4201 ρανεῖ
3555 4133 3653 4203 μὲν
3687 4136 3853 4190 ἑπτά-

2271 4227 2357 4274 κις
2386 4211 2480 4263 ἐπὶ
2509 4211 2568 4263 τὸ
2600 4212 3000 4284 καταπέτασμα
3038 4216 3101 4268 τὸ
3133 4217 3308 4288 ἅγιον,
3343 4221 3370 4274 ὃ
3410 4218 3479 4293 ἦν
3510 4225 3604 4278 ἐπὶ
3633 4227 3735 4297 τῆς
3767 4245 3850 4281 κι-

2269 4300 2469 4356 ϐωτοῦ.
2512 4303 2725 4373 Ὀνομα
2757 4303 2815 4356 δὲ
2860 4305 3030 4376 αὐτῷ,
3065 4307 3126 4361 τὸ
3169 4310 3498 4384 ἱλαστήριον.
3550 4317 3850 4390 Καταχρίει

2266 4393 2324 4447 δὲ
2351 4394 2447 4447 καὶ
2474 4393 2541 4448 τὰ
2567 4393 2774 4465 κέρατα
2799 4396 2894 4450 τοῦ
2923 4397 3314 4472 θυσιαστηρίου
3347 4405 3442 4458 τοῦ
3474 4405 3843 4478 θυμιάματος.

2192 4521 2241 4582 D
2269 4486 2465 4556 Γέγονε
2499 4487 2608 4558 γὰρ
2641 4489 2772 4558 ἡμῖν
2801 4489 3028 4561 ἱλασμός
3058 4510 3118 4546 τε
3162 4495 3255 4548 καὶ
3303 4497 3633 4570 ἱλαστήριον,
3666 4505 3694 4556 ό
3720 4504 3847 4574 Χρι-

2267 4579 2410 4642 στός.
2448 4578 2614 4649 Πλὴν,
2640 4581 2697 4631 ὲν
2728 4580 2914 4650 αἵματι
2944 4581 3206 4656 διαθήκης
3229 4587 3473 4653 αἰωνίου,
3507 4590 3845 4664 τελεωτάτην

2267 4671 2396 4740 ἡμῖν
2438 4670 2689 4741 δωρεῖται
2727 4670 2827 4742 τὴν
2873 4673 3270 4748 ἀποκάθαρσιν.
3309 4679 3479 4735 Τοῦτο
3510 4683 3642 4754 γὰρ,
3671 4680 3840 4755 οἶμαι,

2268 4760 2407 4825 ἐστὶ,
2441 4760 2502 4814 τὸ
2536 4761 2767 4826 ἑπτάκις
2799 4763 3074 4833 ῥαίνεσθαι
3102 4767 3181 4837 τῷ
3207 4767 3396 4838 αἵματι
3430 4771 3490 4824 τὸ
3518 4773 3844 4846 ἱλαστήριον

2269 4849 2535 4920 σύμϐολον
2563 4850 2621 4903 δὲ
2647 4851 3016 4922 τελειότητος,
3063 4855 3093 4908 ό
3139 4857 3280 4912 έπτά
3311 4859 3566 4930 ἀριθμός.
3610 4863 3844 4919 Εὐωδιάο

2269 4937 2350 5002 ζει
2371 4939 2480 5010 γὰρ
2507 4939 2672 4994 αὐτοῦ
2700 4941 2792 4994 καὶ
2813 4942 2841 4993 ό
2860 4941 3088 5008 θάνατος
3108 4944 3206 5016 τὴν
3229 4947 3323 5001 τοῦ
3346 4949 3551 5021 κόσμου
3577 4957 3842 5027 σωτηρίαν

2270 5029 2364 5082 καὶ
2399 5028 2543 5100 ζωὴν
2576 5031 2670 5084 καὶ
2699 5030 2801 5102 τὴν
2831 5032 2890 5083 ὲν
2932 5033 3111 5088 πίστει
3145 5043 3533 5111 προσαγωγὴν·
3569 5063 3590 5095 ‹
3619 5041 3713 5109 Εἷς
3748 5047 3842 5116 γὰρ

2269 5118 2410 5190 ὑπὲρ
2433 5120 2650 5174 πάντων
2677 5123 2967 5189 ἀπέθανεν,
3000 5125 3087 5180 ἵνα
3109 5129 3158 5180 οἱ
3187 5127 3388 5196 ζῶντες
3415 5135 3615 5205 μηκέτι
3639 5139 3842 5199 ἑαυτοῖς

2268 5207 2453 5274 ζῶσιν,
2488 5209 2624 5263 ἀλλά
2648 5210 2727 5282 τῷ
2773 5213 2914 5284 ὑπὲρ
2965 5216 3145 5272 αὐτῶν
3185 5221 3512 5278 ἀποθανόντι
3553 5227 3646 5280 καὶ
3691 5229 3840 5298 ἐγερ-

2270 5298 2437 5366 θέντι,
2480 5321 2498 5352 ι
2537 5304 2678 5358 κατὰ
2704 5303 2803 5368 τὰς
2832 5305 3074 5377 Γραφάς.
3115 5312 3323 5368 Οὐκόῦν
3354 5315 3449 5368 τοῦ
3481 5317 3708 5373 θανάτου
3744 5321 3839 5390 τὴν

2268 5390 2496 5445 εὐωδίαν
2541 5393 2692 5465 δηλοῖ
2731 5395 2792 5448 τὸ
2828 5398 3222 5470 καταχρίεσθαι
3283 5403 3361 5475 τῷ
3394 5407 3585 5477 αἵματι
3626 5410 3688 5462 τὸ
3715 5426 3840 5480 χρυο

2270 5481 2398 5536 σοῦν
2429 5484 2808 5558 θυμιατήριον.
2854 5488 3123 5560 Ἐκχεῖται
3154 5493 3210 5546 δὲ
3242 5495 3340 5550 καὶ
3375 5497 3436 5550 τὸ
3465 5492 3606 5568 αἷμα
3639 5499 3698 5553 τὸ
3731 5499 3840 5551 λοι-

2269 5575 2370 5629 πδν
2403 5578 2553 5649 παρὰ
2599 5579 2697 5650 τὴν
2743 5579 2900 5650 βάσιν
2931 5581 3026 5635 τοῦ
3059 5584 3446 5658 θυσιαστηρίου
3476 5590 3584 5644 τῶν
3623 5605 3840 5661 καρπω-

2439 5714 2459 5744 ¹
2490 5713 2653 5769 Prov.
2685 5732 2753 5770 xx
2808 5716 2861 5771 5.
2971 5717 2990 5750 ³
3028 5718 3164 5774 Gen.
3200 5736 3271 5788 tv,
3296 5721 3348 5776 4.
3426 5723 3445 5754 ⁸
3476 5723 3581 5780 lsa.
3613 5740 3722 5791 un,
3749 5723 3832 5780 ll.
