4142 6296
382 381 488 439 639

1122 393 1212 450 DE
1251 395 1697 458 ADORATIONE
1737 401 1807 459 IN
1845 402 2118 465 SPIRITU
2161 408 2252 465 ET
2291 410 2664 467 VERITATE.
2708 411 2837 468 LIB.
2874 411 2944 466 Χ.

3544 414 3684 478 δθσ

387 506 572 576 μάτων
602 504 658 555 ἐν
684 506 749 583 τῇ
785 503 976 577 πρώτῃ
1006 510 1200 579 σκηνῇο
1234 509 1330 564 καὶ
1358 509 1537 583 ψυχῆς
1563 513 1666 584 μὲν
1691 512 1771 580 είς
1794 515 1959 571 τύπον

2070 518 2319 589 reliquus
2359 520 2583 591 sanguis
2613 519 2682 575 ad
2715 518 2891 575 basim
2937 519 3128 574 altaris
3173 521 3564 580 sacriﬁcion
3591 526 3659 584 im

384 605 446 653 τὸ
473 592 628 668 αἷμα.
660 597 881 651 Τέθεικε
911 598 969 652 δὲ
1000 601 1098 673 τήν
1126 601 1304 679 ψυχὴν
1345 605 1374 658 6
1432 605 1808 678 Ἐμμανουήλ,
1859 608 1959 678 οὑχ

385 690 526 760 ὑπέρ
553 705 617 756 γε
651 689 820 761 μόνης
855 690 957 760 τῆς
991 690 1051 756 ἐξ
1090 691 1259 748 ὲθνῶν
1300 694 1655 766 Ἐκκλησίας.
1697 698 1832 754 ἀλλὰ
1865 700 1962 754 καὶ

382 782 523 851 ὑπὲρ
560 780 668 834 τῶν
706 782 766 834 ὲν
795 781 978 852 νόμῳ,
1007 785 1279 850 τουτέστι,
1318 787 1415 842 τοῦ
1452 790 1688 861 Ἰσραήλ,
1746 790 1961 845 ἐκλελυ-

380 871 638 943 τρώμεθα
689 872 801 944 γὰρ
851 873 929 945 τῷ
976 876 1170 946 αἵματι
1220 878 1313 932 τοῦ
1362 879 1603 951 Χριστοῦ
1662 880 1961 952 συλλήϐδην

384 963 645 1027 ἅπαντες,
665 962 929 1034 Ἕλληνές
976 982 1035 1019 τε
1077 969 1172 1021 καὶ
1204 969 1470 1036 Ἰουδαῖοι,
1502 971 1596 1025 καὶ
1620 972 1961 1043 μαρτυρήσει

381 1054 559 1122 λέγων
586 1056 615 1108 6
641 1053 886 1120 Παῦλος·
921 1075 940 1108 ι
977 1057 1049 1110 Ἣ
1086 1059 1355 1115 Ἰουδαίων
1386 1062 1415 1114 ό
1443 1061 1575 1125 Θεὸς
1611 1061 1804 1134 μόνον;
1842 1062 1963 1132 οὐχὶ

384 1145 443 1200 δὲ
480 1145 573 1200 καὶ
615 1144 824 1213 ὲθνῶν;
868 1147 956 1201 ναὶ
989 1149 1084 1202 καὶ
1111 1149 1309 1204 ἐθνῶν·
1343 1153 1502 1223 εἴπερ
1531 1147 1611 1217 εἷς
1647 1154 1676 1207 6
1708 1153 1885 1218 Θεὸςξ
1903 1152 1961 1217 ὃς

385 1234 665 1290 δικαιώσει
698 1238 998 1310 περιτομὴν
1038 1241 1103 1294 ὲκ
1141 1241 1407 1306 πίστεως,
1455 1243 1549 1297 καὶ
1596 1244 1962 1317 ἀκροὸυστίαν

383 1327 473 1382 διά
503 1328 766 1393 πίστεως.
800 1348 820 1381 ι
861 1330 1268 1402 Ὑφαιρομένων
1289 1334 1346 1386 δὲ
1365 1334 1461 1387 ἀπ’
1482 1335 1663 1389 αὐτῶν
1686 1335 1794 1390 τῶν
1816 1337 1964 1390 ἐντο-

389 1416 553 1473 σθίων
582 1418 677 1472 τοῦ
709 1418 908 1490 μόσχου
940 1420 1036 1475 καὶ
1071 1422 1490 1495 ἀναφερομένων
1523 1425 1604 1489 είς
1647 1426 1708 1479 τὸ
1734 1426 1961 1480 θυσιασ-

387 1510 597 1580 τήριον,
631 1511 734 1575 ἔξω
773 1512 870 1583 τῆς
897 1512 1248 1584 παρεμϐολῆς
1277 1514 1339 1568 τὸ
1376 1515 1660 1571 ἐπίλοιπον
1685 1517 1962 1584 καταπίμ-

390 1617 594 1672 πραται
635 1602 813 1672 σῶμα.
863 1603 1021 1658 Ἐστι
1064 1604 1173 1674 γὰρ
1213 1603 1377 1668 αὐτὸς
1414 1607 1476 1658 τὸ
1515 1603 1666 1678 θῦμα
1703 1606 1766 1660 τὸ
1796 1606 1959 1678 ἱερὸν,

385 1688 696 1754 εὑωδιάζων
723 1692 782 1744 ὲν
803 1691 1046 1763 ἀρεταῖς,
1071 1688 1147 1750 ὧν
1173 1693 1283 1753 εἶεν
1310 1700 1376 1753 ἂν
1404 1701 1567 1756 τύποι
1594 1704 1664 1757 τά
1688 1703 1958 1769 ὲντόσθια,

385 1779 481 1832 καὶ
507 1782 888 1852 κεκρυμμέναι
924 1786 1090 1839 οἱονεί
1125 1805 1242 1852 πως
1270 1792 1327 1844 ὲν
1354 1793 1489 1862 ἡμῖν
1519 1793 1577 1846 al
1610 1794 1838 1863 ἀρεταὶ,
1868 1794 1963 1848 καὶ

2066 610 2246 680 primo
2283 609 2677 677 tabernaculo;
2706 624 2770 664 ac
2797 610 3022 680 sanguis
3050 610 3271 680 quidem
3290 614 3485 670 animae
3511 615 3653 688 ﬁgu-

2067 717 2131 757 ra
2162 709 2269 757 est.
2302 699 2400 756 Ille
2429 716 2595 771 porro
2632 700 2956 756 Emmanuel
2992 717 3105 756 non
3140 718 3241 772 pro
3279 704 3393 759 sola
3419 720 3488 760 ex.
3513 723 3667 779 gen-

2069 794 2217 849 tibus
2245 793 2495 849 Ecclesia
2539 793 2781 848 animam
2832 792 3036 863 posuit,
3081 795 3177 850 sed
3238 811 3339 865 pro
3377 797 3445 853 iis
3482 800 3669 856 etiam--

2005 919 2032 933 -
2066 887 2161 956 qui
2195 885 2300 941 sub
2354 885 2475 956 lege
2520 891 2699 950 erant,
2742 883 2798 939 id
2841 892 2947 949 est,
2999 900 3101 955 pro
3134 885 3298 940 lsrael
3336 904 3348 940 :
3382 889 3661 961 redempti»

2066 977 2215 1032 enim
2249 992 2442 1033 sumus
2465 976 2672 1033 Christi
2703 977 2972 1047 sanguine
2994 977 3157 1031 simul
3183 992 3395 1045 omnes,
3420 982 3682 1051 gentiles.

2067 1082 2233 1142 atque
2257 1070 2458 1137 Judaei.
2487 1071 2717 1143 ejusque
2756 1069 2837 1127 rei
2871 1068 3030 1125 testis
3047 1077 3133 1125 est
3157 1070 3380 1138 Paulus,
3407 1072 3598 1129 dicens
3631 1092 3666 1129 :.

2076 1180 2094 1213 ι
2121 1165 2204 1216 An
2231 1161 2548 1218 Iudaeorum
2593 1162 2741 1218 Deus
2772 1168 2857 1217 est
2887 1160 3141 1215 tantum?
3193 1177 3375 1216 nonne
3412 1171 3469 1217 et
3514 1179 3665 1234 gen-

2070 1252 2252 1308 tium?
2280 1252 2390 1308 imo
2429 1259 2487 1307 et
2513 1252 2761 1324 gentium
2801 1270 2814 1306 :
2854 1250 3128 1322 siquidem
3167 1267 3313 1307 unus
3358 1261 3445 1308 est
3483 1254 3650 1319 Deus,

2068 1344 2164 1415 qui
2194 1343 2518 1416 justiﬁcabit
2561 1343 3037 1400 circumcisionem
3068 1360 3137 1400 ex
3168 1343 3295 1410 ﬁde,
3351 1352 3409 1401 et
3436 1362 3654 1422 pra‘pu-

2071 1436 2210 1490 tium
2257 1451 2356 1507 per
2393 1436 2558 1492 ﬁdem
2589 1437 2633 1490 °.
2663 1456 2682 1488 ι
2712 1437 2983 1494 Detractis
3022 1445 3208 1493 autem
3243 1437 3546 1493 interaneis
3572 1438 3655 1492 vi-

2070 1529 2195 1595 tuli,
2250 1536 2308 1584 et
2354 1530 2556 1586 oblatis
2591 1530 2659 1585 ad
2707 1530 2901 1594 altare,
2942 1530 3216 1600 reliquum
3244 1544 3446 1601 corpus
3495 1536 3657 1585 extra

2070 1629 2250 1677 castra
2272 1630 2586 1688 crematur;
2618 1621 2734 1692 ipse
2754 1620 2902 1677 enim
2934 1620 3114 1676 hostia
3147 1636 3302 1676 sacra
3321 1629 3408 1676 est
3434 1619 3653 1677 virtuti-

2070 1712 2176 1768 bus
2210 1712 2481 1785 fragrans,
2539 1728 2774 1783 quarum
2824 1712 3011 1785 ﬁgura:
3042 1719 3173 1768 sunt
3212 1711 3506 1768 interiores
3544 1713 3652 1768 illae

2070 1804 2317 1874 corporis
2365 1812 2550 1875 partes
2578 1822 2592 1859 :
2618 1811 2748 1860 sunt
2773 1806 2921 1861 enim
2964 1804 3023 1860 in
3057 1803 3217 1860 nobis
3247 1802 3652 1873 quodammodo

383 1874 466 1935 είς
496 1871 620 1926 νοῦν
651 1873 759 1928 ἔσω
794 1876 1068 1947 κείμεναι·
1100 1881 1262 1944 αὐτὸς
1294 1883 1390 1936 καὶ
1419 1886 1448 1938 6
1478 1884 1703 1955 πάσχων
1733 1883 1838 1952 ἔξω
1869 1887 1959 1957 τῆς

2068 1871 2273 1952 abditas
2305 1871 2564 1962 virtutes,
2607 1904 2665 1952 et
2713 1897 2771 1952 in
2815 1897 3001 1952 animo
3034 1871 3280 1968 penitus-
3311 1896 3648 1953 reconditae:

381 1962 581 2036 πύλης,
610 1967 702 2019 καὶ
728 1967 804 2038 τῷ
831 1967 1047 2040 θανάτῳ
1069 1974 1170 2043 τῆς
1209 1972 1346 2037 ἰδίας
1386 1976 1586 2046 σαρκὸς
1618 1977 1967 2049 ἐκκαθαίρων

382 2054 510 2118 τοὺς
533 2056 1003 2129 μεμολυσμένουςο
1052 2082 1070 2113 ι
1105 2063 1403 2134 Δαμάλεως
1431 2065 1537 2139 γάρ
1566 2069 1760 2133 σποδὸς
1790 2069 1967 2141 ῥαντί-

385 2145 551 2208 ζουσα
593 2147 722 2210 τοὺς
765 2152 1190 2222 κεκοινωμένους
1208 2194 1223 2219 ,
1246 2155 1486 2225 ἁγιάζει,
1512 2161 1667 2230 φησι,
1699 2162 1836 2232 πρὸς
1865 2162 1967 2233 τὴν

382 2234 484 2304 τῆς
527 2236 728 2308 σαρκὸς
771 2240 1141 2314 καθαρότητα.
1193 2264 1212 2298 ι
1263 2247 1474 2301 Οὐκοῦν
1506 2246 1588 2313 εἷς
1625 2251 1720 2306 καὶ
1747 2253 1775 2305 6
1801 2252 1967 2318 αὐτὸς

382 2324 645 2398 ὑπάρχων
673 2328 702 2381 6
739 2329 1107 2403 Ἐμμανουήλ,
1133 2336 1227 2388 καὶ
1244 2338 1302 2391 ἐν
1323 2341 1441 2403 ταῖς
1463 2340 1651 2409 ἁγίαις
1679 2342 1963 2407 εὑωδιάζει

384 2421 631 2489 σκηναῖς,
662 2422 805 2491 φημὶ
833 2422 897 2494 δὴ
929 2427 1051 2488 ταῖς
1102 2427 1476 2499 Ἐκκλησίαιςο
1510 2432 1746 2487 πέπονθε
1779 2433 1836 2487 δὲ
1869 2436 1963 2489 καὶ

381 2506 503 2573 εξω⁹
524 2511 621 2573 τῆς
657 2511 831 2583 πύλης
855 2531 868 2544 ·
895 2514 1024 2569 ἔνθα
1050 2519 1143 2571 καὶ
1168 2520 1315 2589 ἡμᾶς
1346 2521 1546 2586 ἐξιέναι
1571 2523 1683 2577 δεῖν
1708 2524 1799 2578 τὸν
1825 2528 1964 2580 ὀνει-

380 2597 571 2668 δισμὸν
621 2601 785 2655 αὑτοῦ
825 2602 1123 2675 φέροντας,
1169 2610 1198 2662 6
1242 2608 1528 2676 θεσπέσιος
1577 2612 1680 2685 ἔφη
1728 2614 1961 2681 Παῦλος.

384 2689 725 2760 Προσάγεται
748 2693 806 2748 δὲ
822 2696 849 2747 6
874 2696 1073 2766 μόσχος
1100 2700 1194 2751 xal.
1215 2700 1353 2772 ὑπὲρ
1376 2703 1482 2756 τῶν
1501 2704 1593 2758 τοῦ
1615 2705 1743 2761 λαοῦ
1764 2708 1962 2779 άγνοηο

387 2781 589 2848 μάτων,
620 2785 678 2838 ὲν
707 2786 806 2856 ἴσῳ
850 2805 911 2839 τε
954 2790 1048 2842 καὶ
1081 2790 1514 2862 ἀπαραλλάκτως
1535 2811 1552 2827 ο
1585 2796 1681 2850 καὶ
1709 2796 1864 2865 λόγος
1894 2793 1964 2868 ἦν

380 2870 482 2941 τῆς
510 2872 700 2939 θυσίας
739 2878 797 2929 ὲν
837 2876 1040 2934 ἅπασιν
1073 2882 1101 2934 6
1129 2882 1312 2946 αὑτός.
1362 2884 1449 2938 Ἐν
1482 2883 1581 2956 ἴσῳ
1624 2886 1734 2957 γὰρ
1774 2887 1963 2960 τρόπῳ

381 2965 817 3036 προσκεκόμικεν
839 2969 1029 3023 ἑαυτὸν
1052 2971 1190 3046 ὑπέρ
1216 2991 1276 3026 τε
1310 2976 1521 3047 μικρῶν
1553 2979 1651 3030 καὶ
1682 2979 1960 3048 μεγάλων,

377 3052 510 3108 λαοῦ
533 3073 592 3110 τε
621 3058 713 3111 καὶ
749 3059 942 3131 ἱερέων
978 3064 1006 3117 6
1052 3063 1420 3139 Ἐμμανουήλ.
1470 3068 1542 3121 Ἢ
1574 3069 1674 3123 οὐκ
1707 3070 1907 3142 ἀληθὲς
1933 3079 1963 3133 ὃ

379 3161 524 3216 φημι
541 3165 557 3214 3

451 3260 658 3318 ΠΑΛΛ.
695 3262 819 3326 Πῶς
846 3263 954 3336 γάρ
991 3263 1050 3318 οὑ
1076 3281 1092 3331 ;

449 3351 614 3405 ΚΥΡ.
645 3353 830 3407 Βούλει
860 3355 925 3426 δὴ
962 3352 1054 3410 οῦν
1080 3356 1270 3429 ῶσπερ
1297 3359 1487 3415 ἀνόπιν
1514 3359 1607 3415 τὸν
1634 3360 1793 3431 λόγον
1820 3364 1957 3419 ἀνα-

378 3444 753 3514 σειράζοντες,
788 3447 923 3519 πρὸς
968 3448 1037 3504 τὰ
1071 3448 1165 3503 ἐπὶ
1199 3453 1264 3522 τῇ
1298 3454 1472 3525 σκηνῇ
1507 3452 1825 3527 διηγήματα
1859 3471 1960 3527 με-

375 3534 798 3605 τατρεπώμεθα.

450 3628 659 3683 ΠΔΛΛ.
690 3629 802 3684 Kal.
831 3630 995 3703 μάλα.

448 3743 612 3798 ΚΥΡ.
671 3746 1235 3820 Συμπεπερασμένων
1276 3750 1566 3823 τοιγαροῦν
1617 3753 1733 3808 τῶν
1780 3753 1959 3827 ἔργων

374 3835 652 3903 ἁπάντων,
681 3840 775 3893 καὶ⁵
798 3842 857 3893 ὲν
879 3840 1031 3905 τόπῳ
1046 3840 1124 3912 τῷ
1149 3842 1365 3913 ἑκάστῳ
1387 3844 1829 3917 πρεπωδεστάτῳ
1847 3846 1957 3900 τῶν

372 3925 539 3996 ιερῶν
558 3928 766 3981 σκευῶν
790 3925 847 3982 εὖ
873 3930 1019 4000 μάλα
1041 3930 1483 4002 συντεθειμένων,
1509 3934 1830 4003 ἀγιάζεσθαι
1845 3934 1955 3990 δεῖν

370 4017 515 4071 αὑτά
537 4035 596 4071 τε
636 4021 739 4073 καὶ·
754 4024 854 4093 τὴν
886 4024 1091 4096 σκηνὴν
1122 4023 1376 4079 διετύπου
1405 4024 1537 4089 Θεὸς
1557 4066 1572 4092 ,
1602 4025 1745 4080 οὕτω
1776 4026 1952 4096 λέγων

367 4108 453 4179 τῷ
481 4108 752 4183 θεσπεσίῳ
801 4114 995 4186 Μωσῇ·
1034 4134 1053 4167 ι
1091 4117 1202 4171 Kal.
1232 4116 1381 4188 λήψῃ
1410 4116 1470 4171 τὸ
1501 4117 1678 4172 ἔλαιον
1704 4116 1801 4171 τοῦ
1834 4120 1955 4190 χρία

374 4217 601 4270 σματος,
655 4203 749 4256 καὶ
789 4204 1000 4276 χρίσεις
1045 4206 1142 4278 τήν
1175 4208 1406 4279 σκηνὴν,
1442 4209 1537 4263 καὶ
1567 4210 1745 4264 πάντα
1773 4209 1842 4263 τὰ
1894 4211 1954 4263 ὲν

370 4292 531 4365 αὑτῇ,
551 4296 646 4348 καὶ
679 4296 924 4363 ἁγιάσεις
947 4297 1134 4370 αὐτὴν,
1157 4301 1250 4354 καὶ
1268 4301 1447 4354 πάντα
1463 4303 1531 4354 τὰ
1557 4301 1728 4371 σκεύη
1757 4300 1950 4370 αὐτῆς,

372 4384 467 4438 καὶ
511 4385 665 4440 ἔσται
719 4386 870 4455 ἅγια.
908 4389 1017 4442 Καὶ
1067 4390 1278 4460 χρίσεις
1314 4391 1376 4445 τὸ
1421 4393 1810 4464 θυσιαστήριον
1843 4394 1952 4446 τῶν

371 4478 783 4548 καρπωμάτων,
842 4480 935 4534 καὶ
979 4480 1156 4534 πάντα
1201 4481 1270 4536 τὰ
1302 4483 1360 4535 ὲν
1411 4482 1561 4554 αὑτῷ
1614 4482 1805 4555 σκεύη,
1855 4483 1951 4538 καὶ

371 4568 621 4637 ἁγιάσεις
672 4569 732 4623 τὸ
760 4570 1164 4644 θυσιαστήριον,
1197 4572 1290 4625 καὶ
1331 4570 1489 4625 ἔσται
1545 4572 1609 4626 τὸ
1659 4571 1949 4645 θυσιαστή-
1980 4559 2024 4614 D

372 4680 490 4733 ριον
536 4662 726 4731 Ἂγιον
781 4663 972 4733 ἁγίων.
1018 4683 1036 4715 ι
1086 4665 1282 4737 Ἐλαίῳ
1312 4665 1376 4737 δὴ
1416 4660 1510 4719 οῦν
1537 4664 1616 4736 τῷ
1663 4663 1804 4736 ἁγίῳ
1853 4682 1955 4719 κα-

368 4755 767 4826 ταχριουμένην
820 4758 954 4828 ὁρᾷς
1021 4758 1122 4830 τήν
1191 4774 1252 4811 τε
1310 4757 1562 4824 κιϐωτὸν,
1610 4759 1705 4813 καὶ
1771 4758 1954 4830 μέντοι

1985 3220 2032 3284 C

2068 1988 2185 2058 ipse
2211 1987 2380 2053 idem,
2413 1989 2509 2059 qui
2536 1996 2693 2043 extra
2721 1999 2934 2058 portam
2969 1989 3196 2059 patitur,
3231 1999 3287 2045 et
3320 1990 3501 2045 carnis
3539 2004 3652 2044 sua:

2068 2085 2245 2134 morte
2269 2089 2469 2151 purgat
2489 2080 2808 2151 inquinatos
2844 2099 2857 2135 :
2902 2100 2921 2133 ι
2962 2082 3162 2138 Vitulae
3195 2081 3345 2136 enim
3379 2081 3522 2137 cinis
3558 2096 3648 2137 as-

2066 2187 2282 2242 persus,
2299 2172 2395 2238 ait,
2431 2173 2751 2244 inquinatos
2777 2173 3085 2230 sanctiﬁcat
3111 2174 3179 2230 ad
3199 2173 3655 2231 emundationem

2066 2261 2309 2316 carnis".
2340 2280 2359 2314 )
2393 2262 2542 2320 Unus
2567 2264 2735 2334 igitur
2764 2264 3020 2335 idemque
3048 2280 3174 2320 cum
3206 2266 3279 2321 sit
3303 2264 3653 2330 Emmanuel,

2065 2360 2123 2408 et
2150 2353 2206 2409 in
2235 2353 2406 2408 sacris
2435 2353 2827 2420 tabernaculis,
2865 2355 2924 2409 in
2943 2354 3227 2421 Ecclesiis,
3261 2354 3507 2425 inquam,
3528 2369 3656 2409 sua-

2064 2442 2255 2498 vitatis
2274 2442 2503 2498 odorem
2537 2443 2668 2498 dum
2704 2444 3021 2500 incenditur
3046 2445 3240 2514 spirat,
3264 2452 3321 2501 et
3342 2453 3495 2500 extra
3519 2459 3652 2514 por-

2066 2539 2175 2588 tam
2204 2549 2399 2604 passus
2433 2541 2548 2600 est,
2586 2550 2697 2605 quo
2731 2535 2893 2590 nobis
2922 2551 3144 2607 quoque
3170 2535 3653 2592 exeundum’esse

2065 2625 2461 2696 improperium
2483 2628 2605 2698 ejus
2632 2627 3003 2696 portantibus,
3042 2627 3239 2683 beatus
3267 2627 3473 2683 Paulus
3496 2626 3574 2682 ait
3604 2626 3663 2680 ⁸-

2061 2715 2306 2772 Oﬁ'ertur
2344 2717 2512 2773 etiam
2555 2718 2811 2774 similiter
2862 2719 3171 2791 eodemque
3215 2720 3383 2776 modo
3442 2719 3653 2774 vitulus

2062 2823 2165 2878 pro
2186 2809 2376 2880 populi
2402 2810 2748 2881 ignorantiis,
2772 2810 2965 2867 eadem
2990 2826 3090 2883 per
3114 2811 3298 2867 omnia
3323 2813 3537 2867 ratione
3560 2826 3650 2866 sa-

2063 2901 2258 2957 criﬁcii
2291 2910 2529 2962 servata.
2580 2903 2719 2959 Nam
2764 2903 3005 2976 seipsum
3055 2905 3149 2961 ille
3192 2904 3516 2962 Emmanuel
3546 2920 3677 2976 pros

2064 2994 2324 3049 tenuibus
2343 3010 2500 3065 aeque
2548 3009 2614 3050 ac
2637 3008 2741 3065 pro
2765 2997 2978 3068 magnis
2994 3040 3012 3069 ,
3038 3011 3141 3068 pro
3172 2997 3378 3069 populo
3408 3010 3562 3067 mue
3584 3012 3651 3052 ac

2063 3094 2164 3150 pro
2197 3082 2579 3139 sacerdotibus
2606 3083 2829 3139 obtulit.
2875 3084 2957 3140 An
3002 3100 3135 3157 vero
3172 3101 3284 3142 non
3325 3101 3521 3142 verum
3564 3092 3655 3142 est

2064 3171 2209 3242 quod
2236 3172 2395 3228 dixi?
2674 3184 2685 3191 -

2138 3303 2337 3358 PALL.
2365 3304 2570 3361 Verum
2598 3322 2750 3362 sane.

2131 3394 2289 3450 CYR.
2316 3396 2484 3453 Visne
2509 3397 2698 3468 igitur,
2734 3406 2795 3453 ut
2816 3396 2974 3468 quasi
2998 3408 3420 3471 retorqueamus
3437 3403 3645 3458 oratio-

2059 3502 2208 3553 nem,
2232 3496 2290 3543 et
2313 3488 2382 3544 ad
2433 3505 2498 3545 ea
2529 3505 2651 3560 quae
2670 3490 2739 3546 ad
2768 3493 3183 3549 tabernaculum
3202 3494 3500 3566 pertinent,
3521 3510 3669 3551 nar~

2065 3580 2238 3634 randa
2268 3580 2665 3639 deﬁectamus?

2128 3669 2290 3741 352
2314 3671 2510 3727 PALL.
2534 3673 2767 3731 Maxime
2794 3691 2946 3733 vero.

2128 3754 2286 3814 CYR.
2314 3758 2584 3818 Omnibus
2620 3764 2890 3835 operibus
2916 3766 3171 3839 expletis,
3193 3768 3449 3839 vasisque
3475 3771 3662 3826 sacris

2058 3862 2159 3903 suo
2189 3848 2458 3919 cujusque
2503 3850 2627 3907 loco
2655 3852 2962 3923 dispositis,
3015 3856 3277 3927 praecepit
3300 3858 3467 3924 Deus,
3492 3865 3555 3913 ut
3589 3868 3662 3916 et.

2059 3937 2153 3994 illa
2188 3946 2245 3995 et
2279 3940 2693 3999 tabernaculum
2718 3946 3158 4003 sanctiﬁcaretur
3201 3965 3214 4001 :
3259 3948 3443 4019 itaque
3480 3949 3646 4005 beato

2059 4030 2229 4103 Moysi
2249 4031 2386 4088 dixit
2420 4051 2433 4087 :
2465 4053 2483 4086 ι
2511 4035 2579 4090 Ει
2598 4036 2835 4108 accipies
2860 4040 3041 4095 oleum
3069 4041 3365 4105 unctionis,
3396 4052 3454 4097 et
3475 4057 3649 4114 unges

2057 4121 2474 4179 tabernaculum
2500 4135 2555 4181 et
2586 4127 2771 4182 omnia
2793 4145 2915 4199 quae
2941 4130 2999 4183 in
3032 4145 3101 4185 eo
3147 4139 3296 4195 sunt,
3321 4139 3378 4186 et
3399 4130 3647 4186 sanctiﬁ-

2052 4213 2207 4268 cabis
2237 4213 2396 4279 illud,
2435 4221 2492 4269 et
2514 4216 2699 4270 omnia
2725 4233 2856 4272 vasa
2891 4218 3030 4287 ejus,
3061 4224 3117 4272 et
3139 4225 3304 4272 erunt
3343 4227 3551 4272 sancta.
3574 4218 3645 4273 Et

2055 4319 2228 4375 unges
2255 4306 2430 4361 altare
2458 4306 2881 4372 sacriﬁciorum,
2926 4314 2984 4361 et
3015 4307 3199 4362 omnia
3227 4322 3377 4373 vasa,
3417 4316 3474 4364 et
3514 4324 3641 4364 san-
3685 4378 3689 4384 η

2052 4398 2321 4453 ctiﬁcabis
2336 4399 2528 4463 altare,
2546 4407 2603 4454 et
2625 4399 2731 4455 erit
2747 4399 2918 4455 altare
2944 4399 3204 4455 Sanctum
3225 4410 3538 4456 sanctorum
3561 4404 3634 4455 ³.)

2054 4486 2219 4543 Vides
2246 4487 2412 4558 igitur
2433 4489 2555 4543 oleo
2580 4495 2770 4543 sancto
2797 4504 2978 4544 arcam
3014 4491 3244 4562 perungi
3279 4506 3344 4546 ac
3369 4507 3638 4556 mensam,

2053 4579 2443 4634 candelabrum
2471 4587 2756 4648 praeterea,
2784 4588 2841 4635 et
2865 4581 3035 4638 altare
3070 4598 3289 4652 quoque
3311 4583 3519 4640 incensi
3537 4601 3637 4639 au-

2059 4683 2248 4733 reum;
2277 4667 2431 4737 atqui
2454 4668 2543 4723 his
2581 4670 2840 4726 omnibus
2861 4670 3012 4726 illum
3042 4673 3364 4731 Emmanuel
3390 4674 3650 4746 ﬁgurari,

2060 4761 2251 4816 multis
2279 4761 2390 4831 jam
2415 4760 2603 4816 verbis
2629 4759 2963 4819 declaratum
2988 4775 3092 4822 cst.

389 4852 488 4919 τὴν
539 4850 862 4921 τράπεζαν,
923 4854 1020 4906 καὶ
1065 4853 1165 4925 τὴν
1208 4853 1429 4925 λυχνίαν
1489 4855 1577 4908 ἐπ’
1625 4853 1802 4926 αὐτῇ,
1853 4854 2043 4909 καὶτὸ
2085 4854 2320 4927 χρυσοῦν
2365 4854 2447 4909 ἔτι
2510 4854 2904 4929 θυμιατήριονσ
2965 4864 3057 4916 καί
3106 4879 3190 4916 τοι
3259 4861 3369 4935 γὰρ
3417 4863 3636 4918 πάντων

370 4938 579 5010 μακρὸς
616 4942 749 5011 ἡμῖν
793 4942 1118 5014 διεσάφησεν
1164 4944 1266 5018 ήδη
1299 4946 1458 5017 λόγος
1505 4945 1949 5018 άνατυπούμενον
1985 4945 2077 5000 τὸν
2123 4947 2493 5020 Ἐμμανουήλ.

439 5032 648 5087 ΠΑΛΛ.
688 5032 923 5104 Ἀληθές.

436 5122 602 5177 ΚΥΡ.
635 5124 799 5189 Σύνες
831 5126 895 5197 δὴ
925 5122 1017 5182 οῦν
1054 5128 1162 5200 ἄρα
1203 5131 1265 5184 τὸ
1296 5130 1385 5186 διὰ
1413 5132 1598 5203 φωνῆς
1622 5132 1715 5187 τοῦ
1744 5131 1907 5187 Δαϐὶδ
1931 5169 1946 5196 ,

365 5213 442 5276 ὡς
470 5214 607 5285 πρὸς
635 5217 797 5271 αὑτὸν
835 5219 1190 5290 ὑμνούμενον·
1229 5241 1248 5274 ι
1296 5223 1621 5296 Ἠγάπησας
1671 5222 1948 5278 δικαιοσύ-

365 5318 488 5370 νην,
520 5305 617 5357 καὶ
644 5307 915 5379 ἐμίσησας
940 5309 1172 5365 ἀδικίαν.
1198 5312 1298 5366 Διὰ
1316 5314 1474 5367 τοῦτο
1502 5315 1686 5387 ἔχρισε
1707 5332 1768 5368 σε
1789 5314 1944 5380 Θεὸς,

364 5395 394 5446 6
418 5396 550 5462 Θεός
586 5416 702 5466 σου,
735 5400 913 5456 ἔλαιον
943 5400 1315 5472 ἀγαλλιάσεως
1347 5406 1497 5478 παρὰ
1515 5408 1641 5471 τοὺς
1678 5408 1940 5477 μετόχους

369 5503 485 5540 σου.
532 5507 548 5539 ι
582 5490 790 5560 Γράφει
828 5492 886 5546 δὲ
929 5494 1024 5547 καὶ
1045 5494 1073 5545 6
1102 5492 1335 5557 Παῦλος,
1373 5514 1392 5546 ι
1423 5495 1452 5547 ὃ
1479 5511 1538 5548 τε
1566 5495 1674 5566 γὰρ
1701 5494 1941 5563 ἁγιάζων

369 5574 463 5626 καὶ
492 5577 540 5628 οἱ
570 5577 950 5649 ἁγιαζόμενοι,
987 5582 1044 5647 ἐξ
1071 5581 1190 5645 ἐνὸς
1220 5583 1439 5646 πάντες.
1469 5603 1486 5635 ι
1523 5585 1721 5638 Ἰστέον
1747 5584 1826 5647 δὲ,
1861 5585 1944 5638 ὅτι

370 5663 520 5718 κατὰ
549 5665 643 5719 τὸν
670 5668 988 5741 ἀμωμήτως
1019 5670 1210 5743 ἔχοντα
1240 5672 1416 5741 λόγον,
1447 5672 1608 5736 αὐτὸς
1636 5673 1895 5745 ὑπάρχων
1917 5676 1947 5727 6

2115 5039 2312 5095 PALL.
2341 5041 2545 5096 Verum
2575 5049 2676 5096 est.
2754 5083 2762 5091 .

2111 5128 2270 5185 CYR.
2301 5130 2547 5202 lntcllige
2568 5130 2738 5202 igitur
2770 5133 2924 5199 illud,
2949 5138 3094 5207 quod
3130 5138 3323 5203 David,
3371 5148 3627 5210 tanquam

2041 5221 2110 5275 ad
2139 5220 2291 5275 illum
2312 5236 2447 5277 voce
2475 5237 2758 5288 conversa,
2782 5226 3093 5282 decantavit
3121 5246 3133 5281 :
3159 5246 3175 5279 ι
3196 5229 3442 5285 Dilexisti
3466 5231 3630 5301 justi-

2046 5313 2199 5379 tiam,
2245 5323 2302 5370 et
2352 5314 2516 5371 odisti
2569 5316 2935 5388 iniquitatem.
3007 5322 3305 5390 Propterea
3354 5323 3513 5379 unxit
3577 5330 3631 5380 te

2048 5404 2230 5469 Deus,
2283 5404 2429 5460 Deus
2486 5415 2636 5472 tuus,
2681 5407 2802 5461 oleo
2840 5407 3041 5463 laetitiae
3102 5424 3216 5478 pra:
3282 5412 3631 5469 consortibus

2051 5497 2161 5552 tuis
2185 5496 2248 5551 "’.
2284 5515 2306 5548 ι
2340 5497 2731 5553 Scribitctiam
2765 5498 3003 5553 Paulus:
3038 5519 3057 5551 ι
3090 5499 3193 5566 Qui
3213 5501 3362 5557 enim
3391 5505 3629 5559 sanctiﬁ-

2048 5597 2158 5653 cat,
2191 5597 2248 5642 et
2297 5588 2728 5654 sanctiﬁcantur,
2761 5604 2828 5643 ex
2870 5605 2981 5645 uno
3032 5594 3304 5648 omnes“.
3334 5612 3352 5645 ι
3388 5594 3505 5649 Νοιι
3542 5601 3627 5647 est

2054 5687 2237 5732 autem
2300 5676 2661 5746 ignorantium
2719 5680 2867 5750 quod
2915 5697 3047 5737 sana
3089 5700 3325 5757 veraque
3373 5683 3622 5740 doctrina

439 5774 637 5870 "llam.
681 5797 757 5848 ιιι,
788 5783 876 5850 29,
910 5785 995 5841 50.
1075 5788 1094 5818 ⁷
1125 5786 1293 5845 llcbr.
1329 5806 1409 5856 ix,
1446 5789 1527 5844 15.
1605 5789 1627 5822 ⁸
1651 5790 1816 5846 Hebr.
1845 5807 1959 5858 χιιι,

2060 5820 2082 5847 ν.
2159 5795 2179 5826 ⁹
2213 5793 2385 5849 Exod.
2424 5811 2476 5860 Χ,
2510 5795 2698 5852 23-29.
2783 5799 2824 5831 ¹⁰
2858 5800 2998 5856 Psal.
3033 5818 3174 5870 χειν,
3207 5803 3258 5856 8.
3342 5802 3380 5832 “
3413 5798 3578 5852 Hebr.

367 5857 428 5913 ιι,
466 5844 550 5902 Η.
