4142 6296
520 5868 529 5909 ί

557 410 655 473 69⁸1

1542 411 1600 466 s.
1640 407 1913 467 cmeu
1953 386 2425 464 ALEXANDRINI
2465 407 2782 465 ARCHIEP.

3036 340 3101 350 ψ..
3124 340 3131 345 .
3163 339 3187 346 ι.

3704 398 3816 458 69$

556 526 771 594 suadet,
823 525 998 597 ipsum
1040 524 1226 589 etiam,
1269 524 1363 595 qui
1409 531 1668 594 tanquam
1694 524 1839 579 Deus
1881 523 2137 579 omnibus

2248 524 2350 584 τοῖς
2379 522 2558 586 ἄλλοις
2592 522 2797 576 ἁπασιν
2827 519 3104 592 ἁγιασμοῦ
3136 519 3372 592 χορηγὸς
3405 517 3501 574 καὶ
3532 519 3817 592 συνδοτὴρ,

556 619 681 675 aliis
718 616 1207 688 sanctiﬁcationem
1243 615 1457 682 tribuit,
1484 625 1541 672 et
1563 629 1671 670 una
1711 629 1837 669 cum
1869 615 2029 670 Patre
2064 629 2129 669 ac

2248 613 2308 679 ὸς
2341 615 2494 681 Θεὸς,
2529 615 2610 686 τῷ
2645 613 2766 685 Θεῷ
2802 616 2896 668 καὶ
2938 614 3138 686 Πατρὶ,
3190 613 3308 684 μεθ’
3341 613 3503 683 ἡμῶν
3534 612 3819 681 ἁγιάζεται

556 710 669 765 Deo
708 708 960 780 largitur,
1009 707 1297 763 nobiscum
1342 713 1524 762 tamen
1555 722 1623 762 ex
1668 715 1865 761 natura
1892 706 2131 762 humana

2248 706 2373 761 ιατὰ
2417 708 2478 761 τὸ
2531 707 2865 779 ἀνθρώπινον
2889 722 2905 737 °
2939 707 3033 761 ml
3078 705 3234 760 τοῦτό
3270 706 3420 759 ἐστιν
3462 705 3496 776 ή
3542 704 3816 777 λεγομένη

556 799 912 867 sanctiﬁcari,
950 799 1175 870 haecque
1218 806 1302 854 est
1329 799 1441 863 illa,
1468 814 1591 869 quae
1636 797 1838 852 dicitur
1887 798 2133 853 exinani-

558 892 637 947 tio
662 894 726 945 ¹¹.
758 892 895 947 Nam
916 892 1012 963 qui
1042 891 1345 947 secundum
1364 900 1616 945 naturam
1653 898 1875 945 sanctus
1903 899 2007 955 est,
2049 898 2133 945 ut-

556 993 686 1054 pote
725 984 820 1054 qui
861 984 933 1039 sit
954 966 1117 1046 Deus,
1144 983 1390 1054 indigere
1434 984 1546 1037 Deo
1572 982 1948 1038 sanctificante
2000 982 2136 1038 dici-

560 1089 652 1134 tur
676 1094 690 1144 ;
714 1077 879 1147 idque
900 1078 977 1131 ait
996 1076 1190 1131 beatus
1216 1076 1410 1130 Petrus
1440 1093 1453 1129 :
1494 1094 1512 1127 ι
1538 1076 1724 1131 Jesum
1747 1091 1778 1129 a
1804 1075 2042 1130 Nazaret
2075 1083 2137 1129 ut

558 1167 781 1223 unxerit
808 1183 936 1223 eum
962 1168 1107 1223 Deus
1146 1167 1356 1237 Spiritu
1392 1175 1581 1223 sancto
1609 1167 1672 1221 ¹³.
1705 1187 1723 1219 ι
1769 1167 1931 1223 Cadit
1970 1167 2137 1238 igitur

559 1259 617 1312 in
637 1258 929 1314 humanam
959 1259 1077 1330 ejus
1097 1267 1351 1314 naturam
1378 1260 1585 1324 unctio,
1605 1269 1658 1316 et
1690 1260 1745 1314 in
1772 1261 1892 1331 ejus
1913 1276 2135 1315 carnem

559 1349 940 1415 sanctiﬁcatio,
968 1366 1089 1420 quae
1122 1366 1233 1405 non
1261 1361 1453 1422 suapte
1479 1360 1677 1407 natura
1703 1362 1888 1407 sancta
1911 1361 2013 1416 est,
2040 1352 2138 1407 sed

558 1448 817 1511 tanquam
836 1457 903 1496 ex
934 1441 1353 1512 participatione
1379 1442 1600 1511 divina;
1627 1436 1754 1499 nam
1798 1443 2139 1500 extrinsecus

559 1528 617 1583 in
639 1539 920 1585 creaturas
937 1530 1159 1588 advenit
1202 1531 1584 1597 sanctiﬁcatio,
1627 1543 1684 1589 et
1724 1533 2080 1589 adventitiam
2107 1549 2139 1588 a

559 1619 671 1675 Deo
693 1622 922 1691 gratiam
951 1633 1381 1694 consequuntur.
1421 1624 1655 1696 Ungitur
1687 1624 1853 1681 etiam
1881 1641 1989 1680 una
2012 1641 2139 1679 cum

559 1712 773 1768 caeteris
804 1713 950 1769 illius
989 1715 1178 1785 legalis
1200 1716 1383 1771 cultus
1405 1716 1596 1772 altare.
1631 1716 1828 1772 Sancta
1862 1700 1947 1772 est
1990 1717 2140 1772 enim

559 1802 668 1867 lex,
693 1817 817 1856 cum
834 1802 902 1857 ad
922 1805 1254 1874 agnitionem
1281 1807 1421 1877 ejus,
1447 1807 1540 1877 qui
1561 1807 1864 1862 secundum
1888 1816 2140 1866 naturam

557 1893 707 1950 Deus
729 1902 831 1961 est,
866 1906 1045 1963 vocet,
1095 1909 1150 1954 et
1198 1899 1255 1953 in
1291 1899 1632 1954 audientium
1681 1900 1879 1954 animis
1919 1899 2144 1971 justitiae

557 1986 927 2056 cognitionem
944 1989 1161 2057 inferat,
1193 2000 1250 2046 et
1276 2006 1391 2057 eos,
1421 2006 1560 2061 quos
1580 1990 1833 2056 instituit,
1856 1990 1924 2046 ad
1953 1990 2144 2061 probi-

566 2078 688 2135 tatis
739 2080 895 2138 initia
942 2084 1246 2154 perducat:
1289 2106 1305 2135 ι
1338 2083 1561 2138 Initium
1582 2083 1728 2138 enim
1750 2125 1765 2149 ,
1812 2084 2010 2154 inquit,
2043 2085 2145 2140 via:

560 2169 739 2236 bonae,
777 2181 862 2227 est
913 2171 1095 2227 facere
1115 2174 1264 2244 justa
1292 2172 1352 2227 “.
1396 2192 1415 2223 ι
1464 2172 1668 2228 Scribit
1690 2173 1857 2229 etiam
1899 2174 2145 2244 profecto

559 2262 765 2317 Paulus
794 2280 807 2316 :
858 2283 877 2314 ι
906 2263 1093 2333 Itaque
1117 2265 1203 2319 lex
1230 2264 1455 2333 quidem
1492 2275 1700 2332 sancta,
1728 2274 1785 2320 et
1826 2266 2142 2323 mandatum

559 2362 833 2420 sanctum,
890 2364 947 2409 et
987 2355 1197 2424 justum
1237 2364 1296 2410 et
1347 2355 1553 2410 bonum
1580 2356 1643 2410 ³⁸.
1687 2375 1706 2409 ι
1740 2357 1913 2412 Porro
1955 2367 2144 2414 sancta

558 2452 874 2501 sanctorum
895 2453 979 2500 est
1002 2445 1111 2509 lex,
1136 2461 1246 2500 non
1286 2460 1352 2501 ex
1373 2461 1440 2502 eo
1462 2447 1609 2517 quod
1636 2447 1829 2503 umbra
1856 2456 1960 2514 est,
1982 2448 2142 2521 353

557 2532 653 2586 scd
677 2531 846 2601 quod,
875 2533 921 2588 si
946 2533 1012 2588 ad
1028 2534 1373 2604 spiritualem
1406 2536 1926 2606 contemplationem
1962 2547 2141 2594 trans-

555 2621 789 2688 feratur,
837 2623 942 2679 illae
999 2624 1119 2695 ejus
1175 2624 1364 2696 ﬁgurae
1399 2626 1560 2682 nobis
1595 2626 1876 2683 Christum
1905 2628 2143 2683 clamare

555 2714 873 2783 videantur,
908 2718 1003 2787 qui
1052 2732 1183 2773 vere
1238 2716 1473 2773 Sanctus
1505 2726 1822 2774 sanctorum
1861 2727 1967 2784 est,
2017 2734 2142 2774 cum

559 2808 866 2864 sanctificet
906 2816 1162 2880 tanquam
1206 2811 1388 2876 Deus,
1439 2820 1495 2866 et
1536 2826 1652 2876 eos,
1682 2811 1777 2881 qui
1831 2827 1931 2882 per
1980 2811 2142 2866 ﬁdem

558 2897 690 2953 facti
723 2905 851 2953 sunt
873 2899 993 2970 ejus
1014 2901 1328 2972 participes,
1364 2916 1466 2957 suo
1505 2901 1706 2971 spiritu
1747 2901 1995 2972 inungat.
2023 2902 2143 2957 Jam

559 2998 692 3047 vero
712 3006 867 3047 sacro
892 2992 1248 3049 tabernaculo
1289 3000 1498 3060 erecto,
1528 3001 1695 3064 atque
1739 2993 1905 3048 etiam
1956 3000 2144 3049 sancto

564 3082 689 3139 oleo
709 3093 998 3154 peruncto,
1027 3085 1276 3142 dicamus
1298 3086 1445 3157 quod
1468 3087 1737 3157 sequitur,
1766 3084 1813 3140 si
1837 3085 2034 3156 placet.

637 3175 836 3232 PALL.
874 3177 1015 3234 Sane
1038 3195 1191 3234 vero.

642 3266 800 3325 CYR.
859 3269 950 3326 Sic
1012 3270 1199 3341 itaque
1240 3271 1509 3341 scriptum
1561 3279 1685 3326 est:
1731 3291 1748 3321 ι
1806 3272 1875 3325 Ει
1922 3269 2154 3340 perfecit

565 3356 783 3429 Moyses
806 3359 994 3414 omnia
1023 3375 1214 3429 opera,
1254 3368 1311 3416 et
1342 3360 1564 3430 operuit
1600 3361 1781 3415 nubes
1821 3361 2153 3416 tabernacu-

561 3448 680 3503 lum
715 3448 1039 3515 testimonii,
1061 3458 1118 3504 et
1134 3444 1307 3520 gloria
1324 3452 1541 3506 Domini
1562 3451 1847 3521 impletum
1864 3458 1949 3506 est
1971 3453 2156 3508 taber-

560 3538 844 3595 naculum.
866 3538 936 3594 Et
956 3554 1067 3595 non
1088 3540 1269 3610 potuit
1282 3541 1491 3613 Moyses
1512 3541 1726 3613 ingredi
1749 3540 1803 3595 in
1832 3542 2157 3598 tabernacu-

561 3630 678 3685 lum
694 3629 1014 3695 testimonii,
1027 3632 1157 3702 quia
1170 3632 1595 3689 obumhraverat
1610 3632 1744 3688 illud
1762 3633 1955 3699 nubes,
1974 3642 2031 3689 et
2044 3635 2160 3705 glo-

563 3719 647 3776 ria
663 3721 880 3778 Domini
903 3725 1191 3795 impletum
1201 3734 1322 3782 erat
1340 3724 1775 3781 tabernaculum.
1792 3724 2158 3792 Quotiescun-

564 3827 674 3882 que
707 3823 894 3871 autem
929 3817 1250 3876 elevabatur
1287 3837 1318 3877 a
1343 3823 1718 3889 tabernaculo,
1754 3835 1934 3882 castra
1971 3841 2157 3887 move-

561 3906 700 3963 bant
720 3911 816 3966 lilii
838 3910 1006 3965 Israel
1032 3926 1158 3966 cum
1182 3912 1397 3967 sarcina
1426 3929 1558 3980 sua;
1590 3916 1736 3985 quod
1758 3916 1805 3970 si
1829 3932 1939 3973 non
1963 3915 2159 3972 fuisset

564 4004 782 4061 elevata
806 4004 1004 4069 nubes,
1053 4019 1165 4059 non
1192 4005 1486 4060 movebant
1510 4016 1689 4063 castra
1713 4024 1887 4079 usque
1908 4009 1964 4065 in
1985 4010 2154 4076 diem,

568 4113 682 4168 quo
727 4098 1040 4154 elevaretur
1094 4097 1322 4165 nubes;
1374 4098 1551 4163 nubes
1610 4100 1759 4155 enim
1816 4109 1938 4156 erat
1988 4116 2157 4172 super

569 4188 667 4246 illo
693 4205 792 4261 per
810 4190 959 4246 diem
991 4199 1048 4246 et
1074 4190 1218 4261 ignis
1243 4204 1344 4261 per
1379 4197 1598 4246 noctem
1636 4191 1691 4245 in
1726 4200 2023 4262 conspectu
2067 4201 2156 4248 to-

567 4283 681 4338 tius
705 4283 873 4339 lsrael
910 4282 968 4338 in
1018 4283 1278 4340 omnibus
1328 4283 1764 4355 profectionibus
1789 4299 1980 4341 eorum
2024 4287 2089 4339 ¹⁶.
2124 4305 2142 4338 ι

569 4375 917 4431 Manifestato
963 4384 1203 4447 namque
1261 4375 1315 4438 in
1358 4376 1494 4432 orbe
1532 4384 1803 4431 terrarum
1839 4385 2029 4433 sancto
2059 4377 2154 4433 illo

567 4481 635 4521 ac
664 4466 879 4522 veriore
900 4466 1274 4529 tabernaculo,
1306 4465 1363 4520 id
1392 4477 1497 4531 est,
1532 4466 1622 4521 illa
1653 4482 1721 4525 ex
1748 4466 2006 4537 gentibus
2038 4466 2146 4522 Ec-

2232 798 2484 863 κένωσις.
2532 800 2590 853 ’0
2616 799 2726 872 γὰρ
2756 798 2910 869 ἅγιος
2953 798 3097 853 κατὰ
3129 798 3290 868 φύσιν
3329 797 3405 861 ὡς
3430 796 3565 860 Θεὸς
3588 838 3605 864 ,
3634 795 3820 867 δεδεῆ-

2235 895 2357 949 σθαι
2389 894 2605 962 λέγεται
2633 892 2726 948 τοῦ
2758 892 3076 962 ἁγιάζοντος
3107 890 3243 945 Θεοῦ
3269 907 3284 921 ·
3333 890 3440 944 καὶ
3468 887 3626 942 τοῦτό
3656 905 3819 958 φησιν

2232 989 2261 1041 6
2305 988 2573 1059 μακάριος
2614 987 2854 1059 Πέτροςο
2910 1005 2929 1038 ι
2969 985 3087 1040 Ἵνα
3117 985 3209 1039 τὸν
3258 984 3367 1039 άπὸ
3417 982 3711 1055 Ναζαρὲτ,
3745 982 3819 1045 ὡς

2236 1080 2452 1151 ἔχρισεν
2482 1080 2643 1135 αὐτὸν
2664 1082 2692 1134 6
2717 1079 2848 1143 Θεὸς
2879 1079 3163 1150 Πνεύματι
3191 1078 3352 1148 ἁγίῳ.
3393 1094 3412 1128 ι
3448 1074 3659 1129 Οὐκοῦν
3690 1074 3820 1145 περὶ⁵

2235 1172 2295 1225 τὸ
2326 1170 2663 1242 ἀνθρώπινον
2690 1172 2724 1242 ἡ
2746 1170 2950 1242 χρίσις,
2982 1169 3076 1223 καὶ
3110 1170 3209 1240 τῆς
3240 1166 3442 1239 σαρκὸς
3469 1167 3498 1219 6
3527 1163 3821 1233 ἁγιασμὸς,

2237 1264 2335 1333 τῆς
2359 1263 2420 1315 ού
2442 1261 2582 1316 κατὰ
2609 1261 2770 1330 φύσιν
2800 1261 2982 1330 ἁγίας,
3014 1260 3128 1314 ἀλλ’
3157 1260 3234 1323 ὼς
3250 1261 3307 1313 ἐν
3331 1256 3547 1329 μεθέξει
3574 1260 3641 1328 τῇ
3673 1257 3823 1329 παρὰ

2239 1353 2403 1409 Θεοῦ·
2440 1353 2674 1425 θύραθεν
2703 1353 2814 1424 γὰρ
2842 1355 2955 1416 τοῖς
2992 1352 3289 1420 κτίσμασιν
3323 1351 3351 1403 6
3376 1348 3654 1419 ἁγιασμὸς
3679 1388 3694 1413 ,
3728 1349 3821 1401 καὶ

2239 1447 2567 1519 είσποιητῶς
2610 1447 2760 1517 παρὰ
2812 1445 2948 1499 Θεοῦ
2999 1443 3435 1498 καταπλουτοῦσι
3488 1442 3588 1513 τὴν
3640 1442 3820 1514 χάριν.

2239 1542 2469 1613 Χρίεται
2494 1539 2553 1592 δέ
2580 1541 2692 1602 τοῖς
2728 1538 2910 1602 ἄλλοις
2935 1536 3094 1607 ὁμοῦ,
3124 1537 3218 1591 καλ⁵
3249 1535 3349 1607 τῆς
3372 1535 3515 1590 κατὰ
3542 1534 3713 1605 νόμον
3737 1534 3824 1587 λα-

2240 1633 2427 1703 τρείας
2473 1632 2534 1685 τὸ
2568 1631 2971 1702 θυσιαστήριον.
3006 1630 3200 1698 ’Ἄγιος
3243 1629 3353 1701 γὰρ
3403 1628 3497 1681 καὶ
3550 1627 3580 1679 6
3622 1626 3821 1697 νόμος,

2241 1724 2425 1778 καλῶν
2455 1724 2534 1788 είς
2566 1722 2860 1790 ἐπίγνωσιν
2900 1720 2993 1774 τοῦ
3032 1719 3176 1774 κατὰ
3216 1719 3377 1789 φύσιν
3410 1717 3546 1773 Θεοῦ
3567 1758 3581 1782 ,
3617 1719 3718 1772 καὶ
3750 1717 3825 1769 δι-

2244 1810 2541 1881 καιοσύνης
2597 1810 2804 1882 εἴδησιν
2851 1812 2964 1873 τοῖς
3011 1809 3389 1881 ἀκροωμένοις
3427 1808 3681 1871 ἐντιθεὶς,
3736 1807 3827 1861 καὶ

2248 1904 2330 1967 είς
2347 1902 2521 1974 ἀρχὰς
2550 1902 2888 1973 ἁγαθότητος
2913 1902 3205 1973 ἀποφέρων
3227 1902 3357 1965 τοὺς
3377 1901 3827 1971 παιδευομένους

2253 2013 2272 2046 ι
2324 1992 2491 2063 Ἀρχὴ
2550 1992 2679 2064 γὰρ,
2750 1992 2934 2063 φησὶν,
2988 1991 3110 2046 ὁδοῦ
3155 1991 3368 2061 ἀγαθῆς
3418 1992 3480 2044 τὸ
3538 1995 3728 2045 ποιεῖν
3765 1990 3833 2045 τὰ

2245 2085 2449 2151 δίκαια.
2494 2102 2514 2135 ι
2550 2083 2757 2152 Γράφει
2802 2082 2860 2136 δέ
2891 2100 2992 2137 που
3044 2082 3138 2137 καὶ
3185 2085 3212 2136 6
3248 2082 3531 2146 θεσπέσιος
3577 2083 3831 2146 Παῦλος.

2251 2196 2270 2227 ι
2312 2177 2476 2229 Ὥστε
2506 2176 2534 2229 ὁ
2570 2175 2669 2246 μὲν
2702 2175 2868 2246 νόμος
2890 2175 3076 2244 ἅγιος,
3119 2174 3213 2228 καὶ
3247 2176 3279 2246 ή
3312 2174 3499 2246 ἐντολὴ
3541 2174 3708 2243 ἁγία,
3734 2176 3824 2227 καὶ

2244 2265 2429 2320 δικαία
2448 2266 2542 2320 καὶ
2562 2264 2760 2337 ἀγαθή.
2798 2284 2817 2316 ι
2851 2265 3039 2333 Ἀγιος
3056 2264 3113 2318 δὲ
3139 2264 3308 2333 ἁγίων
3333 2266 3362 2317 6
3380 2264 3563 2335 νόμος,
3593 2265 3653 2318 οὐ
3681 2265 3834 2318 Dearti

2242 2373 2307 2426 γε
2338 2357 2438 2428 τὴν
2459 2355 2640 2421 σκιὰν,
2668 2355 2783 2409 ἀλλ’
2809 2357 2891 2409 ὅτι
2913 2356 3053 2426 πρὸς
3087 2355 3321 2427 θεωρίαν
3347 2357 3397 2409 εί
3428 2356 3833 2428 μετατρέπιοιτο

2242 2450 2343 2524 τὴν
2369 2450 2769 2521 πνευματικὴν,
2806 2450 2968 2503 αὑτὸν
2997 2451 3127 2521 ἡμῖν
3154 2451 3203 2503 οἱ
3235 2451 3393 2506 τύποι
3423 2450 3835 2523 διακεκριίγασι

2244 2543 2337 2597 τὸν
2377 2541 2649 2613 Χριστὸν,
2701 2540 2794 2593 τὸν
2844 2541 3036 2609 Ἀγιον
3103 2540 3277 2609 ἁγίων
3328 2540 3566 2613 ἀληθῶς·
3606 2541 3834 2610 ἁγιάζει

2243 2634 2353 2706 γὰρ
2386 2635 2463 2698 ὼς
2499 2633 2634 2698 Θεὸς
2659 2632 2737 2704 τῷ
2775 2632 2889 2704 ἰδίῳ
2919 2633 3232 2703 καταχρίων
3281 2632 3558 2703 πνεύματι
3596 2634 3739 2696 cola;
3781 2635 3836 2686 ἐν

2247 2726 2462 2798 μεθέξει
2506 2725 2799 2795 γεγονότας
2841 2722 3009 2778 αὑτοῦ
3048 2724 3135 2777 διὰ
3181 2724 3284 2794 τῆς
3333 2724 3593 2788 πίστεως.
3660 2724 3834 2793 Ἐγη-

2243 2817 2519 2890 γερμένης
2555 2816 2613 2870 δὲ
2657 2815 2721 2887 δὴ
2744 2856 2760 2883 ,
2790 2816 2886 2869 καὶ
2941 2815 3050 2887 μὴν
3091 2816 3182 2869 καὶ
3226 2815 3392 2886 ἐλαίῳ
3443 2815 3522 2886 τῷ
3552 2815 3725 2884 ,ἁγίῳ
3751 2832 3839 2868 κα-

2243 2906 2684 2979 τακεχρισμένης
2729 2907 2831 2977 τῆς
2877 2908 3039 2976 ἁγίας
3090 2906 3301 2979 σκηνῆς
3327 2949 3342 2974 ,
3402 2907 3465 2961 τὸ
3501 2907 3641 2978 μετὰ
3667 2907 3835 2962 τοῦτο

2245 3001 2515 3072 λέγωμεν,
2557 3001 2606 3053 εἰ
2634 2998 2800 3053 δοκεῖ.

2163 3195 2206 3253 c
2309 3180 2517 3234 ΠΑΛΔ.
2550 3180 2698 3235 Πάνυ
2732 3179 2830 3251 μὲν
2865 3172 2991 3234 οὗ).

2328 3274 2493 3327 ΚΥΡ.
2541 3272 2857 3344 Γέγραπται
2901 3272 3084 3327 τοίνυν
3128 3270 3249 3326 ὡδί’
3287 3291 3307 3324 ι
3346 3272 3461 3327 Καὶ
3509 3272 3835 3326 συνετέλεσε

2255 3361 2466 3432 Μωσῆς
2496 3361 2674 3415 πάντα
2708 3362 2778 3417 τὰ
2812 3361 2970 3433 ἔργα,
3018 3360 3113 3415 καὶ
3149 3360 3522 3431 συνεκάλυψεν
3564 3364 3598 3433 ἡ
3632 3361 3840 3431 νεφέλη

2255 3455 2355 3526 τὴν
2386 3455 2591 3527 σκηνὴν
2620 3453 2714 3508 τοῦ
2758 3455 3088 3528 μαρτυρίου,
3122 3455 3217 3509 καὶ
3241 3454 3402 3525 δόξης
3432 3454 3643 3525 Κυρίου
3665 3455 3841 3525 ἐπλη-

2260 3546 2407 3618 ρώθη
2442 3547 2476 3618 ὴ
2528 3547 2725 3618 σκηνή.
2757 3546 2871 3600 Καὶ
2914 3547 3016 3601 οὐκ
3050 3546 3291 3618 ἠδυνήθη
3326 3547 3534 3617 Μωσῆς
3576 3545 3840 3600 εἰσελθεῖν

2258 3639 2339 3701 είς
2369 3638 2469 3710 τὴν
2504 3639 2710 3712 σκηνὴν
2741 3638 2838 3693 τοῦ
2887 3639 3227 3711 μαρτυρίου,
3273 3639 3355 3693 ὅτι
3390 3637 3724 3702 ἐπεσκίαζεν
3755 3636 3837 3690 ἐπ’

2258 3732 2483 3803 αὐτὴνή
2511 3731 2732 3802 νεφέλη,
2758 3732 2854 3785 καὶ
2886 3731 3045 3802 δόξης
3067 3732 3274 3803 Κυρίου
3303 3729 3548 3801 ἐπλήσθη
3580 3730 3615 3799 ἡ
3643 3728 3833 3800 σκηνή.

2270 3821 2464 3875 Ἦνίκα
2474 3820 2533 3874 δὲ
2551 3821 2717 3893 ἀνέϐη
2736 3822 2846 3876 ἀπὸ
2864 3823 2963 3891 τῆς
2976 3821 3201 3891 σκηνῆς,
3230 3819 3635 3888 ἀνεζεύγνυσαν
3664 3820 3715 3873 οί
3736 3817 3838 3872 υίοὶ

2272 3910 2488 3982 Ἰσραὴλ
2519 3910 2617 3965 σὺν
2653 3913 2720 3982 τῇ
2752 3910 2999 3985 ἁπαρτίᾳ
3046 3909 3227 3964 αὐτῶν
3252 3925 3266 3940 ·
3299 3913 3348 3964 εί
3388 3911 3445 3964 δὲ
3476 3908 3551 3981 μὴ
3606 3908 3775 3978 ἁνέὸη
3804 3908 3837 3977 ἡ

2259 4000 2479 4071 νεφέλη,
2505 4002 2606 4054 οὐκ
2624 3999 3026 4069 ἀνεζεύγνυσαν
3077 3999 3183 4064 ἕως
3207 4000 3306 4070 τῆς
3328 3999 3563 4074 ἡμέρας,
3585 3992 3655 4070 ἦς
3672 3996 3835 4067 ἀνέϐη

2256 4092 2291 4163 ἡ
2326 4090 2522 4160 νεφέλη
2548 4106 2563 4122 ο
2596 4090 2790 4162 νεφέλη
2838 4091 2948 4161 γὰρ
2974 4086 3040 4163 ἦν
3087 4091 3181 4144 ἐπὶ
3227 4092 3325 4161 τῆς
3355 4091 3560 4161 σκηνῆς
3601 4089 3835 4161 ἡμέρας,

2259 4179 2356 4235 καὶ
2389 4180 2502 4252 πῦρ
2533 4177 2600 4253 ἦν
2631 4181 2717 4235 ἐπ’
2758 4182 2930 4253 αὐτῆς
2963 4183 3180 4247 νυκτὸς,
3217 4182 3459 4236 ἐναντίον
3491 4183 3695 4246 παντὸς
3740 4183 3838 4235 Ἰσ-

2263 4273 2401 4345 ραὴλ
2423 4313 2439 4338 ,
2473 4275 2531 4328 ἐν
2562 4275 2767 4338 πάσαις
2812 4276 2935 4338 ταῖς
2968 4274 3267 4344 ἀναξυγαῖς
3310 4273 3511 4328 αὐτῶν.
3557 4293 3574 4325 ι
3629 4273 3873 4327 Ἀναδεοί

2257 4366 2547 4438 δειγμένης
2576 4366 2685 4436 γὰρ
2713 4368 2770 4419 ἐν
2800 4366 2990 4437 κόσμῳ
3021 4366 3121 4437 τῆς
3147 4367 3310 4435 ἁγίας
3339 4367 3434 4420 καὶ
3466 4366 3835 4437 ἀληθεστέρας

2260 4459 2488 4528 σκηνῆς,
2523 4456 2669 4511 τοῦτ’
2705 4456 2855 4521 ἐστι,
2887 4458 2986 4528 τῆς
3021 4457 3082 4523 ἐξ
3110 4457 3280 4511 ἐθνῶν
3326 4456 3690 4529 Ἐκκλησίας,
3722 4456 3835 4526 φῶς

568 4558 757 4624 clesia,
811 4557 1019 4614 Christi
1050 4557 1238 4612 lumen
1272 4555 1640 4612 circumfulsit
1686 4565 1743 4611 et
1782 4556 1937 4627 quasi
1966 4557 2145 4613 nubes

2253 4549 2659 4621 περιελάμπετο
2680 4548 2939 4620 Χριστοῦ,
2967 4550 3062 4602 καὶ
3085 4550 3118 4620 ἡ
3142 4548 3336 4620 νεφέλη
3356 4547 3546 4620 ὥσπερ
3568 4565 3653 4612 τις
3676 4564 3833 4600 πνευ-

567 4649 819 4718 quaedam
850 4649 1152 4720 spiritualis
1178 4663 1418 4719 superno
1438 4664 1561 4704 rore
1590 4664 1691 4704 nos
1710 4649 1929 4705 abunde
1967 4648 2145 4703 laetiﬁ-

569 4758 721 4809 cans,
767 4743 863 4799 Dei
914 4743 1178 4813 templum
1223 4742 1479 4812 complet.
1541 4741 1661 4795 Non
1712 4752 1895 4797 tamen
1941 4742 2144 4812 potuit,

569 4835 771 4905 inquit,
800 4834 1014 4904 ingredi
1062 4833 1305 4904 Moyses;
1339 4849 1517 4903 neque
1561 4835 1709 4888 enim
1740 4833 2023 4905 ingressus
2063 4842 2149 4889 est

569 4926 763 4992 Israel,
796 4925 924 4995 quia
962 4924 1134 4979 divini
1161 4924 1387 4980 luminis
1408 4925 1594 4980 radios
1626 4925 1772 4980 ferre
1794 4941 1905 4980 non
1937 4926 2140 4996 potuit,

568 5034 752 5091 neque
804 5018 1074 5074 intellexit
1111 5016 1317 5073 Christi
1356 5018 1711 5090 mysterium;
1756 5019 1867 5088 jam
1897 5034 2029 5074 vero
2078 5035 2149 5074 ne

572 5111 917 5184 spiritualem
947 5109 1175 5181 quidem
1213 5107 1669 5167 illuminationem
1700 5107 1943 5175 admisit,
1968 5124 2147 5179 neque

567 5204 770 5261 mentis
796 5202 971 5260 oculis
987 5200 1206 5258 Domini
1226 5199 1453 5271 gloriam
1473 5200 1702 5269 aspexit,
1724 5214 1848 5255 cum
1878 5215 1990 5270 quo
2017 5200 2151 5256 dum

566 5295 629 5350 in
662 5294 834 5367 ﬁgura
882 5293 1048 5349 nubis
1092 5308 1159 5348 ex
1208 5291 1314 5347 hoc
1337 5288 1543 5345 mundo
1574 5289 1962 5360 proficiscitur,
1999 5298 2056 5346 et
2079 5292 2146 5346 ad

571 5394 773 5449 supera
803 5378 999 5444 tendit,
1025 5377 1190 5433 simul
1233 5374 1636 5447 proﬁciscimur
1660 5373 1942 5429 Dominica
1973 5375 2142 5430 vesti-

569 5470 657 5540 gia
683 5478 1101 5540 persequentes.
1133 5470 1375 5525 lnitiavit
1393 5468 1541 5525 enim
1578 5467 1739 5523 nobis
1763 5467 1908 5523 viam
1946 5481 2144 5520 novam

569 5568 627 5614 et
662 5558 939 5613 viventem
968 5600 984 5625 ,
1039 5560 1188 5614 illam
1216 5576 1339 5631 quae
1377 5574 1597 5615 sursum
1638 5557 1795 5613 ducit
1822 5557 1877 5611 in
1902 5558 2142 5612 cmlum:

570 5648 816 5720 dumque
862 5651 1206 5718 conquiescit
1265 5659 1429 5723 atque
1482 5651 1772 5717 considet,
1807 5650 1969 5706 simul
2016 5666 2146 5705 con-

2253 4642 2458 4712 ματικὴ
2478 4641 2669 4713 δρόσος
2695 4643 2845 4713 ἡμᾶς
2868 4643 2979 4705 τοῖς
3005 4640 3212 4694 ἄνωθεν
3243 4640 3512 4704 πλουσίως
3541 4638 3832 4694 καταπιαί-

2249 4749 2415 4787 νουσα
2438 4772 2454 4797 ,
2488 4732 2581 4787 τὸν
2614 4733 2755 4787 θεῖον
2780 4732 2908 4787 ναὸν
2940 4731 3344 4803 ἀναπίμπλησι.
3381 4732 3550 4804 Πλὴν,
3585 4733 3683 4786 οὐκ
3708 4731 3831 4802 ἠδυ-

2245 4824 2405 4897 νήθη,
2442 4826 2626 4897 φησὶν,
2657 4824 2918 4879 εἰσελθεῖν
2947 4827 2974 4878 6
3003 4826 3229 4896 Μωσῆς,
3262 4825 3323 4879 οὐ
3359 4824 3468 4896 γὰρ
3511 4823 3830 4894 είσὸέὸηκεν

2247 4922 2277 4974 ὁ
2322 4919 2561 4992 Ἰσραὴλ,
2607 4918 2706 4990 τὴν
2737 4919 2830 4974 τοῦ
2862 4918 3008 4973 θείου
3043 4919 3220 4988 φωτὸς
3249 4917 3555 4991 προσϐολὴν
3592 4916 3829 4983 ἐνεγκεῖν

2251 5012 2312 5064 οὐ
2351 5011 2679 5082 δυνάμενος,
2714 5010 2918 5064 ἐπείτοι
2958 5011 3078 5064 οὐδὲ
3108 5014 3308 5082 συνῆκε
3334 5011 3396 5064 τὸ
3422 5008 3657 5081 Χριστοῦ
3691 5022 3830 5077 μυσ-

2248 5104 2434 5174 τήριον
2458 5145 2473 5170 ,
2505 5101 2620 5156 ἀλλ’
2657 5102 2780 5156 ούδέ
2806 5103 3123 5174 προσήκατο
3149 5102 3241 5157 τὸν
3272 5103 3330 5155 ἐν
3363 5099 3636 5171 πνεύματι
3663 5113 3828 5167 φωτι-

2251 5197 2424 5267 σμὸν,
2454 5196 2577 5250 οὐδὲ
2603 5195 2856 5251 τεθέαται
2905 5199 3019 5260 τοῖς
3066 5198 3166 5268 τῆς
3197 5195 3437 5259 διανοίας
3480 5195 3687 5266 ὄμμασι
3729 5189 3826 5259 τὴν

2248 5289 2406 5354 δόξαν
2431 5288 2663 5361 Κυρίου,
2681 5282 2726 5358 ᾧ
2756 5290 2849 5343 καὶ
2874 5291 2949 5354 ὡς
2981 5291 3040 5344 ἐν
3070 5289 3227 5360 τύπῳ
3257 5289 3507 5359 νεφέλης,
3543 5286 3827 5355 ἀπαίροντι

2256 5380 2356 5451 μὲν
2384 5379 2478 5433 τοῦ
2510 5380 2719 5451 κόσμου
2769 5382 2864 5436 καὶ
2902 5382 3039 5454 πρὸς
3070 5381 3139 5435 τὰ
3171 5382 3308 5436 ’ἄνω
3354 5378 3653 5452 βαδίζοντι,
3700 5390 3826 5428 συν-

2253 5471 2566 5543 απαίρομεν
2594 5475 2715 5526 κατ’
2739 5472 2881 5544 ἴχνος
2906 5474 3075 5537 ἰόντες
3098 5474 3158 5528 τὸ
3176 5473 3511 5526 δεσποτικόν⁵
3529 5465 3824 5525 ἐνεκαίνισε

2252 5565 2361 5634 γὰρ
2398 5565 2531 5633 ἡμῖν
2557 5564 2654 5635 τὴν
2683 5564 2995 5636 πρόσφατόν
3024 5582 3084 5619 τε
3111 5565 3204 5618 καὶ
3238 5565 3419 5630 ζῶσαν
3445 5563 3588 5626 ὁδὸν,
3617 5559 3715 5628 τὴν
3742 5557 3823 5619 εις

2252 5654 2320 5707 τὰ
2342 5654 2454 5708 ἄνω
2476 5656 2627 5726 ’φημὶ
2655 5657 2752 5710 καὶ
2778 5659 2835 5711 ἐν
2862 5656 3095 5728 οὐρανῷ,
3122 5654 3520 5727 ἀναπαυομένῳ
3559 5652 3613 5707 δὲ
3635 5648 3824 5709 ὥσπερ

677 5827 720 5862 ³⁸
751 5827 952 5897 Philip.
987 5844 1044 5896 ιι,
1082 5782 1133 5893 θ,
1171 5831 1221 5883 7.
1299 5831 1342 5865 ¹³
1367 5830 1487 5887 Act.
1527 5847 1577 5897 ι,
1613 5829 1701 5885 '56.
1785 5830 1825 5862 "
1856 5829 2017 5886 Prov.
2058 5845 2140 5884 rm

2248 5873 2250 5883 ,
2296 5829 2336 5861 ιο
2365 5831 2523 5887 nom.
2559 5832 2764 5899 “1,12.
2848 5793 3426 5899 “mmmam-56.-
