4142 6296
404 322 513 381 695

1151 317 1239 371 DE
1272 311 1713 371 ADORATIONE
1751 310 1818 366 IN
1855 308 2125 365 SPIRITU
2164 309 2253 364 ET
2290 304 2660 364 VERITATE.
2702 302 2830 358 LIB.
2878 300 2940 355 Χ.

3566 294 3669 351 694

411 432 507 486 καὶ
544 429 882 494 καταλύοντι,
917 426 1409 497 συναναπαυόμεθα
1445 425 1538 479 καὶ
1575 422 1979 493 συγκαταλύσο-

2109 421 2428 490 ίυίοεοεῐιιιιε
2474 426 2641 487 atque
2691 413 3124 470 considebimus.
3174 407 3329 463 Nube
3354 405 3501 461 enim
3539 422 3666 474 pro-

417 540 539 595 μεν.
581 520 914 593 ’Δπαιρούοῃ
946 519 1004 572 δὲ
1053 520 1121 590 τῇ
1153 518 1353 589 νεφέλῃ
1377 562 1389 582 ,
1427 517 1741 587 συναπῆρεν
1772 515 1800 567 6
1827 512 1981 575 λαός’

415 614 511 666 καὶ
548 611 927 682 καταλυούσης
951 649 968 676 ,
1010 608 1473 679 συγκατηυλίζετο
1503 621 1518 635 ⁶
1552 625 1571 658 ι
1621 603 1839 674 Νεφέλη
1878 602 1987 673 γὰρ

412 700 500 774 ἦν’
536 702 724 772 φησιν,
760 701 855 755 ἐπὶ
888 703 988 772 τῆς
1043 700 1250 771 σκηνῆς
1301 698 1399 768 τὴν
1445 698 1699 769 ἡμέραν,
1748 690 1987 762 καὶπῦρ

412 794 512 864 τὴν
550 792 744 851 νύκτα.
796 811 816 844 ι
860 792 1222 846 Καταπιαίνει
1259 790 1358 861 μὲν
1382 789 1492 860 γὰρ
1516 789 1544 841 6
1567 786 1801 864 Χριστρς
1827 780 1985 856 χαρί-

415 856 588 954 σμασι
627 887 741 947 τοῖς
773 884 1193 954 πνευματικοῖς,
1223 856 1347 941 τοὺς
1373 856 1561 950 ὥσπερ
1588 856 1646 930 ἐν
1679 856 1860 947 ἡμέρᾳ.
1894 872 1988 926 καὶ

414 976 552 1044 φωτὶ
581 973 873 1043 γεγονότας
887 1013 903 1039 ,
922 971 1012 1025 διά
1033 989 1094 1041 γε
1115 971 1210 1025 τοῦ
1233 969 1330 1042 τὴν
1350 970 1437 1024 ἐπ’
1463 965 1610 1038 αύτῷ
1631 964 1829 1035 γνῶσιν
1857 962 1986 1014 λεπ-

415 1065 522 1130 τῶς
549 1082 609 1119 τε
639 1066 734 1118 καλ⁸
769 1063 1152 1138 ὲξητασμένως
1184 1061 1346 1121 ἑλεῖν.
1392 1061 1487 1114 καὶ
1512 1052 1987 1135 ἐκλελαμπρύνθαι

415 1156 505 1210 τὸν
545 1155 693 1209 νοῦν·
740 1152 1112 1223 καταφωτιξει
1161 1152 1218 1205 δὲ
1266 1152 1389 1215 τοὺς
1441 1147 1848 1220 ἀμαθεστέρους
1883 1143 1984 1197 έτι.

417 1247 615 1310 Σκότος
645 1246 702 1299 δὲ
743 1246 879 1308 ὅλως
914 1243 1184 1315 κοσμικῆς
1216 1241 1432 1312 ἀπάτης
1460 1241 1559 1293 οὐκ
1590 1239 1734 1292 ἔστιν
1765 1238 1822 1291 ὲν
1864 1237 1989 1290 Ἐκ-

416 1338 692 1408 κλησεαις,
724 1336 1253 1408 περιαστράπτοντος
1291 1332 1457 1396 αὐτὰς
1481 1329 1575 1383 τοῦ
1610 1328 1870 1401 Χριστοῦ,
1897 1327 1989 1382 καὶ

418 1429 592 1501 νοητῷ
644 1430 782 1499 φωτὶ
817 1429 884 1482 τὰ
927 1429 1217 1497 σύμπαντα
1256 1422 1687 1490 καταυγάζοντος
1719 1437 1735 1451 ·
1785 1421 1845 1475 ού
1880 1420 1989 1491 γάρ

422 1524 590 1592 ἐσμεν
616 1519 827 1582 νυκτὸς,
844 1519 964 1573 οὐδὲ
990 1519 1234 1579 σκότους,
1267 1515 1378 1569 ἀλλ’
1406 1513 1513 1567 υἱοὶ
1535 1511 1709 1582 φωτὸς
1736 1512 1830 1565 καὶ
1856 1511 1990 1582 ὴμέ-

423 1628 546 1682 ρας,
579 1610 718 1663 κατὰ
755 1608 817 1662 τὸ
849 1606 1254 1679 γεγραμμένον.

492 1702 699 1755 ΠΛΛΛ.
738 1698 944 1771 Ὀρθῶς
972 1697 1131 1768 ἔφης.

2088 509 2388 574 ﬁciscente,
2421 507 2586 563 simul
2634 502 3086 576 proﬁciscebatur
3116 498 3461 569 populus;et
3483 493 3667 550 consi-

2087 601 2273 665 dente,
2335 599 2499 655 simul
2548 594 2920 653 considebat:
2986 612 3005 644 ι
3066 590 3255 646 Nubes
3302 587 3451 643 enim
3515 592 3666 647 erat,

2087 690 2287 761 inquit,
2354 704 2521 759 super
2577 685 2993 742 tabernaculum
3038 697 3137 753 per
3204 679 3371 742 diem,
3422 684 3479 732 et
3528 676 3670 747 ignis

2087 800 2186 854 per
2238 790 2479 837 noctem.
2532 798 2551 831 ι
2594 776 2991 849 Spiritualibus
3041 787 3279 842 namque
3325 767 3673 826 charismatis

2086 889 2183 930 eos
2211 872 2466 929 Christus
2493 869 2705 941 irrigat,
2740 868 2836 939 qui
2868 873 3164 938 propterea
3198 873 3458 931 tanquam
3490 860 3547 915 in
3579 858 3670 913 die

2087 972 2215 1019 sunt
2235 978 2299 1018 ac
2329 962 2471 1026 luce,
2499 960 2646 1031 quod
2681 957 3023 1015 subtiliorem
3057 955 3230 1025 ipsius
3255 961 3419 1021 atque
3443 964 3672 1004 accura-

2089 1056 2288 1110 tiorem
2321 1051 2698 1124 cognitionem
2749 1054 3141 1120 perceperunt,
3191 1052 3248 1099 et
3280 1050 3519 1097 mentem
3543 1041 3669 1092 illu-

2088 1157 2316 1205 stratam
2349 1146 2556 1201 habent
2586 1163 2600 1199 ε
2645 1160 2741 1200 eos
2767 1142 2940 1207 enim,
2978 1138 3073 1210 qui
3105 1144 3234 1193 sunt
3270 1136 3452 1190 adhuc
3480 1132 3669 1187 rudia.-

2088 1257 2198 1307 rcs,
2224 1233 2684 1307 illuminat.35&.
2698 1232 2934 1289 Omnino
2966 1235 3150 1284 autem
3176 1224 3438 1281 mundani
3467 1222 3673 1277 erroris

2090 1336 2331 1391 tenebrae
2367 1334 2425 1389 in
2480 1328 2743 1387 Ecclesiis
2774 1325 2937 1381 nulla:
2970 1334 3119 1387 sunt,
3164 1334 3291 1375 cum
3338 1317 3546 1372 circum
3579 1330 3675 1369 eas

2089 1427 2344 1483 Christus
2391 1424 2619 1496 fulgeat,
2668 1427 2725 1476 et
2746 1415 3019 1488 spirituali
3062 1413 3269 1469 lumine
3304 1411 3558 1466 universa
3595 1407 3673 1462 si-

2090 1518 2204 1571 mul
2236 1516 2475 1571 illustret
2509 1531 2522 1567 :
2549 1527 2659 1567 non
2703 1508 2852 1564 enim
2885 1519 3078 1561 sumus
3104 1503 3284 1558 noctis
3315 1516 3495 1570 neque
3519 1507 3673 1553 tene-

2090 1609 2337 1673 brarum,
2361 1604 2460 1661 sed
2490 1602 2589 1658 ﬁlii
2616 1601 2760 1657 lucis
2785 1608 2841 1655 et
2865 1596 2998 1662 diei,
3024 1604 3087 1651 ut
3111 1594 3379 1664 scriptum
3396 1600 3483 1646 est
3501 1591 3562 1642 ίτ.

2161 1697 2359 1753 PALL.
2382 1696 2554 1751 Recte
2585 1692 2689 1748 ais.

490 1792 655 1847 ΚΥΡ.
700 1761 1036 1863 Προσθέντες
1064 1761 1122 1843 δὲ
1163 1787 1407 1854 τούτοις,
1448 1786 1543 1840 καὶ
1585 1786 1686 1840 οὐκ
1726 1786 1783 1839 ἐν
1826 1784 1993 1854 μήκει

2162 1788 2318 1844 CYR.
2368 1786 2468 1841 His
2505 1783 2829 1855 adjiciemus
2882 1777 3126 1834 breviter
3155 1776 3324 1844 leges,
3352 1786 3472 1842 quae
3497 1769 3563 1824 ad
3594 1776 3677 1823 ta-

418 1885 614 1954 λόγων,
649 1884 776 1946 τοὺς
820 1882 915 1934 ὲπί
952 1897 1016 1949 γε
1047 1883 1114 1951 τῇ
1149 1881 1320 1950 σκηνῇ
1357 1877 1590 1948 νόμους,
1640 1875 1740 1939 τάς
1783 1892 1845 1928 τε
1884 1873 1993 1928 τῶν

421 1975 569 2030 λαῶν
599 1973 941 2046 δωροφορίας
966 2012 981 2037 ,
1011 1973 1105 2026 καὶ
1135 1971 1241 2043 μὴν
1262 1970 1357 2025 καὶ
1385 1969 1652 2041 ἁπάρσεις
1678 1968 1774 2023 καὶ
1800 1984 1997 2022 συναυ-

418 2068 672 2138 λισμοὺς,
702 2064 1104 2137 ἀφηγησάμεθα
1131 2080 1144 2095 ·
1183 2063 1255 2118 ἴοι
1281 2062 1389 2133 γὰρ
1421 2061 1487 2117 ἂν
1504 2061 1647 2116 οὕτω
1679 2061 1816 2133 πρὸς
1841 2056 1996 2132 οἷμον

419 2160 587 2233 ὀρθὴν
616 2161 645 2213 6
663 2158 840 2227 λόγος.

490 2251 699 2306 ΠΑΛΛ.
727 2247 1016 2320 Σύμφημι.

493 2342 658 2395 ΚΥΡ.
688 2339 1015 2394 Δεδικαίωκε
1054 2339 1237 2394 τοίνυν
1271 2339 1301 2392 6
1333 2336 1633 2410 νομοθέτης
1682 2334 1780 2389 καὶ
1805 2334 2001 2407 κριτὴς

424 2433 483 2484 ἐν
515 2429 654 2500 μόνῃ
682 2429 746 2499 δὴ
777 2429 973 2499 χρῆναι
1002 2424 1068 2499 τῇ
1104 2428 1237 2499 ἁγίᾳ
1271 2430 1442 2499 σκηνῇ
1477 2426 1578 2490 τὰς
1601 2425 1794 2489 θυσίας
1822 2427 2003 2479 ἐπιτε-

422 2522 554 2587 λεῖν,
589 2521 715 2584 τοὺς
745 2520 903 2592 εἴπερ
938 2519 1004 2573 ἂν
1029 2520 1231 2572 ἕλοιντο
1263 2517 1422 2572 τοῦτο
1453 2518 1608 2590 δρᾷν,
1635 2517 1891 2588 ἀφιστὰς,
1922 2512 2002 2571 οἷ-

430 2616 528 2686 μαι
562 2632 687 2680 που,
724 2614 821 2683 τῆς
854 2612 1023 2666 ἑώλου
1039 2611 1498 2683 ψευδολατρείας,
1528 2611 1629 2679 τῆς
1652 2612 1710 2664 ὲν
1742 2608 2005 2682 Αἰγύπτῳ

430 2706 605 2777 φημὶ,
636 2706 765 2760 ένθα
800 2705 967 2768 πολὺς
1009 2705 1108 2774 μὲν
1152 2704 1181 2756 6
1229 2701 1337 2757 τῶν
1377 2701 1610 2756 εἰδώλων
1653 2701 2003 2773 ὲμπαιγμδς,

431 2796 568 2849 θεῶν
602 2812 663 2848 τε
710 2793 821 2847 τῶν
868 2792 1237 2862 ψευδωνύμων
1276 2793 1311 2861 ἡ
1348 2789 1720 2860 ἁκαλλεστάτη
1764 2788 2003 2858 πληθὺς,

428 2887 550 2942 οὐδὲ
576 2887 757 2949 αὐτοῖς
782 2884 922 2955 τάχα
950 2901 1053 2937 που
1068 2886 1181 2946 τοῖς
1202 2883 1527 2952 προσκυνεῖν
1553 2880 1846 2952 ᾑρημένοις
1870 2894 2008 2946 γνω·

2095 1877 2455 1935 bernaculum
2485 1875 2787 1946 pertinent,
2821 1879 2877 1925 et
2921 1867 3230 1923 oblationes
3282 1862 3491 1935 populi,
3545 1875 3675 1929 pro-

2096 1969 2362 2025 fectiones
2400 1966 2567 2022 etiam
2596 1980 2662 2020 ac
2705 1962 2970 2019 stationes
3016 1971 3385 2029 exponemus;
3420 1953 3499 2008 sic
3528 1952 3681 2006 enim

2102 2068 2251 2117 recto
2283 2060 2483 2115 itinere
2513 2054 2897 2127 progredietur
2930 2051 3127 2107 oratio.

2170 2253 2366 2311 PALL.
2391 2248 2694 2307 Assentior.

2170 2346 2327 2403 (ΠΒ.
2365 2341 2661 2399 Constituit
2688 2338 2837 2395 enim
2872 2337 2964 2392 ille
3009 2334 3290 2406 legislator
3315 2345 3379 2384 ac
3400 2326 3591 2398 judex,
3619 2330 3680 2378 ut

2104 2440 2159 2495 in
2201 2444 2389 2495 sancto
2432 2435 2529 2490 illo
2561 2429 2916 2488 tabernaculo
2964 2426 3227 2481 duntaxat
3257 2419 3522 2477 sacriﬁcia
3547 2431 3680 2471 con-

2104 2535 2464 2593 summarent,
2509 2526 2824 2597 quicunque
2866 2520 2921 2575 id
2971 2518 3151 2574 facere
3181 2514 3407 2577 vellent,
3452 2518 3514 2564 ut
3564 2522 3683 2570 eos,

2104 2623 2321 2692 opinor,
2355 2620 2424 2675 ab
2456 2618 2552 2673 illo
2595 2614 2769 2671 veteri
2803 2612 2955 2669 cultu
2988 2609 3137 2665 falsae
3159 2602 3443 2676 religionis
3467 2605 3683 2655 averte—

2105 2684 2208 2775 ret,
2235 2684 2398 2781 quem
2447 2709 2505 2763 in
2558 2706 2790 2778 Egypto
2833 2700 3096 2757 nimirum
3152 2695 3537 2754 exhibuerant,
3590 2684 3689 2741 ubi

2107 2803 2281 2858 multa
2347 2799 2604 2871 vigebant
2658 2795 2933 2851 idolorum
2988 2788 3264 2853 ludibria,
3314 2783 3717 2847 falsorumque.

2108 2895 2337 2950 deorum
2367 2870 2681 2960 turpissima
2716 2885 2898 2949 turba,
2938 2898 3060 2953 qua:
3092 2894 3161 2935 ne
3185 2878 3256 2933 ab
3283 2874 3417 2946 ipsis
3441 2870 3715 2942 quidem,_.

433 2978 677 3051 ρὶζεσθαι
704 2975 977 3047 δυναμένη
1015 2991 1029 3004 ·
1066 2975 1282 3028 ἀνεῖται
1312 2971 1369 3026 δὲ
1407 2973 1499 3027 καὶ
1535 2971 1596 3025 τὸ
1627 2971 1794 3026 θύειν.
1821 2970 2007 3040 ὥσπερ

2109 2987 2204 3057 qui
2223 2959 2472 3041 adorare,
2497 2980 2723 3041 vellent,
2757 2973 3012 3045 cognosci
3044 2977 3265 3041 posset;
3298 2965 3394 3020 ubi
3417 2962 3587 3018 etiam
3619 2959 3689 3013 ιιι

431 3070 501 3125 ἂν
531 3069 702 3123 ἓλοιτό
734 3085 838 3131 τις,
874 3067 1016 3121 κατά
1042 3083 1106 3135 γε
1131 3066 1192 3118 τὸ
1217 3064 1322 3118 ὑπό
1355 3081 1448 3117 του
1472 3062 1579 3117 τῶν
1615 3065 1744 3135 παρ’
1778 3062 2005 3131 Ἕλλησι

433 3160 613 3231 σοφῶν
631 3158 917 3230 ἀτημελῶς
937 3158 1247 3230 εἰρημένον,
1270 3155 1427 3218 ἄλλος
1440 3155 1483 3208 δ’
1501 3155 1645 3225 ἄλλῳ
1668 3154 1821 3225 ἔρεζε
1845 3153 2005 3207 θεῶν.

443 3251 703 3320 ’Δφιστᾶς
734 3246 825 3303 οὖν
853 3250 952 3319 τῆς
989 3246 1133 3300 οὕτω
1161 3247 1375 3317 ψυχρᾶς
1406 3262 1466 3298 τε
1505 3245 1598 3298 καὶ
1641 3242 1871 3314 βεϐήλου
1899 3259 2009 3313 τρι-

432 3342 541 3412 δῆς
585 3341 680 3395 καὶ
712 3339 1006 3406 συνηθείας
1047 3338 1431 3406 ἀλογωτάτης,
1483 3334 1586 3404 ἔφη
1632 3333 1792 3387 πάλιν
1835 3333 1892 3384 έν
1935 3330 2011 3403 τῷ

430 3432 728 3504 Λευιτικῷο
754 3453 771 3484 ι
799 3431 1043 3501 Λάλησον
1063 3430 1197 3501 πρὸς
1228 3427 1434 3499 Ἀαρὼν
1450 3428 1545 3481 καὶ
1564 3427 1698 3498 πρὸς
1719 3426 1842 3488 τοὺς
1865 3426 2013 3489 υἱοὺς

2112 3081 2304 3134 herum
2333 3084 2453 3129 erat
2477 3071 2695 3139 cuique,
2721 3083 2787 3121 eo
2813 3065 2976 3119 modo
3001 3060 3327 3123 sacriﬁcare,
3352 3069 3462 3126 quo
3486 3050 3691 3107 voluis-

2112 3178 2214 3233 set,
2253 3175 2315 3221 ut
2354 3172 2437 3219 est
2466 3178 2498 3216 a
2529 3160 2773 3228 sapiente
2824 3153 3062 3224 quodam
3096 3148 3288 3219 gentili
3346 3154 3557 3199 temere
3603 3139 3689 3192 di-

2114 3228 2291 3322 ctum;
2324 3256 2464 3310 alius
2505 3265 2639 3306 vero
2687 3246 2779 3302 alii
2811 3244 2914 3299 deo
2948 3238 3314 3297 sacriﬁcabat.
3347 3234 3430 3288 Ab
3459 3232 3564 3286 hoc
3592 3228 3711 3299 igi-~

2115 3362 2204 3406 tur
2227 3349 2363 3404 adeo
2387 3344 2555 3402 stulto
2586 3349 2750 3410 atque
2777 3336 2947 3406 impio
2977 3349 3083 3389 usu
3109 3338 3167 3387 et
3191 3325 3430 3384 absurda
3454 3334 3691 3378 consue-

2117 3439 2309 3495 tudine
2361 3449 2486 3491 cum
2517 3447 2614 3488 eos
2663 3409 2941 3484 abducere
2990 3422 3177 3485 vellet,
3220 3415 3359 3472 dixit
3410 3425 3605 3468 rursus
3634 3409 3695 3462 in

434 3522 626 3587 αὐτοῦ,
647 3503 739 3576 καὶ
759 3522 894 3592 πρὸς
914 3520 1121 3583 πάντας
1148 3519 1274 3583 τοὺς
1295 3519 1446 3582 υἱοὺς
1482 3517 1720 3590 Ἰσραὴλ,
1749 3516 1844 3569 καὶ¹
1870 3517 2007 3587 ἐρεῖς

2120 3529 2363 3586 Levitico
2399 3544 2411 3579 :
2454 3543 2473 3575 ι
2504 3523 2754 3593 Loquere
2793 3519 2862 3574 ad
2903 3516 3106 3579 Aaron,
3133 3519 3190 3566 et
3215 3508 3283 3569 ad
3307 3506 3447 3561 ﬁlios
3476 3503 3614 3574 ejus,
3639 3504 3701 3554 et.

2653 3613 2673 3618 -
2801 3614 2814 3618 -
3008 3606 3044 3618 ..
3211 3599 3267 3618 ί,
3421 3613 3432 3618 _
3467 3594 3581 3618 ..Μ
3613 3597 3694 3618 Μ,

435 3613 579 3682 πρὸς
611 3611 844 3674 αὐτούς·
884 3608 1057 3662 Τοῦτο
1098 3608 1161 3662 τὸ
1207 3608 1359 3679 ῥῆμα
1405 3608 1434 3660 ὃ
1474 3607 1779 3661 ἐνετείλατο
1811 3605 2007 3676 Κύριος

2120 3621 2189 3676 ad
2241 3632 2433 3674 omnes
2476 3614 2619 3669 ﬁlios
2653 3613 2842 3677 Israel,
2883 3618 2940 3665 et
2993 3606 3145 3660 dices
3203 3599 3269 3655 ad
3294 3612 3391 3653 eos
3421 3613 3433 3648 :
3467 3594 3583 3648 lloc
3611 3597 3715 3646 est.

438 3705 639 3775 λέγων·
673 3701 993 3773 Ἀνθρωπος
1028 3701 1137 3755 τῶν
1165 3699 1296 3753 υἱῶν
1341 3699 1592 3770 Ἰσραὴλ,
1630 3699 1663 3769 ἢ
1696 3698 1802 3751 τῶν
1847 3715 2007 3770 προσ-

2121 3712 2371 3775 verbum,
2397 3707 2544 3779 quod
2570 3704 2829 3777 praecepit
2853 3699 3140 3759 Dominus,
3160 3692 3352 3749 dicens
3380 3705 3393 3741 :
3423 3686 3599 3739 Homo
3625 3698 3714 3737 ex,

441 3773 714 3868 κειμένων
739 3798 796 3849 ἐν
840 3796 990 3865 ὑμῖν,
1021 3794 1078 3857 ὃς
1104 3791 1187 3845 ἂν,
1204 3791 1381 3862 σφάξῃ
1418 3792 1619 3862 μόσχον
1652 3790 1685 3860 ἦ
1725 3790 2007 3860 πρόδιιτον1

2124 3803 2249 3857 ﬁliis
2280 3773 2465 3865 Israel,
2499 3773 2590 3853 vel
2608 3814 2676 3853 ex
2707 3773 2795 3859 iis,
2829 3791 2925 3863 qui
2965 3783 3198 3859 appositi
3233 3786 3363 3836 sunt
3392 3775 3573 3839 vobis,
3600 3773 3706 3844 qui

439 3889 477 3958 ἢ
513 3865 643 3956 αἶγα
677 3889 735 3940 ὲν
760 3888 827 3957 τῇ
861 3883 1207 3955 παρεμϐολῇ,
1246 3882 1339 3936 καὶ
1369 3882 1429 3946 ὃς
1457 3882 1553 3936 ἐὰν
1584 3881 1762 3953 σφάξῃ
1792 3880 1896 3946 ἔξω
1920 3884 2007 3954 τῆς

2125 3892 2390 3949 occiderit
2416 3890 2649 3947 vitulum
2672 3893 2767 3942 aut
2814 3896 2994 3945 ovem,
3038 3885 3134 3931 aut
3158 3885 3376 3943 capram
3400 3868 3457 3922 in
3481 3865 3697 3927 castris,

443 3978 821 4051 παρεμϐολῆς,
848 3978 940 4030 καὶ
979 3977 1070 4029 ἐπὶ
1096 3977 1196 4047 τὴν
1221 3974 1391 4046 θύραν
1416 3974 1514 4046 τῆς
1536 3976 1739 4048 σκηνῆς
1760 3976 1854 4030 τοῦ
1883 3994 2007 4047 μαρ-

2126 3993 2182 4040 et
2206 3983 2301 4054 qui
2323 3981 2587 4037 occiderit
2617 3984 2770 4034 extra
2803 3979 3002 4035 castra,
3029 3977 3084 4023 et
3117 3966 3185 4021 ad
3216 3965 3416 4020 ostium
3439 3959 3699 4014 taberna-

444 4048 634 4146 τυρίου
677 4074 751 4144 μὴ
801 4073 1030 4142 ἐνέγκῃ,
1076 4070 1214 4124 ὥστε
1261 4068 1486 4139 ποιῆσαι
1522 4069 1653 4123 αὐτὸ
1688 4072 1768 4134 εἰς
1801 4069 2007 4123 ὁλοκαύ·

2129 4048 2239 4130 culi
2278 4070 2579 4128 testimonii
2623 4083 2734 4122 non
2778 4062 3048 4125 attulerit,
3084 4066 3146 4114 ut
3168 4056 3332 4110 faciat
3386 4049 3522 4106 illud
3548 4048 3704 4101 holo-

446 4144 630 4235 τωμα,
657 4164 689 4233 ἦ
721 4163 983 4230 σωτήριον
1013 4159 1090 4229 τῷ
1114 4158 1327 4229 Κυρίῳ,
1361 4157 1549 4212 δεκτδν
1575 4160 1656 4222 εὶς
1688 4158 1861 4229 ὀσμὴν
1889 4159 2007 4210 εύω·

2130 4171 2378 4219 caustum
2401 4162 2484 4216 vel
2515 4156 2844 4214 sacriﬁcium
2873 4152 3134 4211 salutare,
3156 4144 3387 4200 Domino
3416 4144 3707 4207 acceptum

446 4226 588 4319 δίας·
617 4226 716 4307 ’κᾴι
742 4253 800 4314 ὃς
937 4226 1117 4321 σφάξῃ
1143 4226 1246 4314 ἔξω
1272 4226 1365 4302 ἐπὶ
1389 4251 1488 4321 τὴν
1509 4249 1678 4321 θύραν
1697 4226 1795 4322 τῆς
1819 4226 2007 4320 σκηνῆς

2132 4256 2188 4311 in
2208 4255 2432 4311 odorem
2463 4247 2780 4311 suavitatis;
2815 4251 2871 4297 et
2898 4242 2992 4311 qui
3049 4234 3315 4292 occiderit
3342 4237 3516 4292 extra,
3554 4236 3611 4282 et
3635 4226 3703 4279 ad

448 4318 559 4401 1:03
581 4343 904 4417 μαρτυρίου,
936 4318 1028 4395 καὶ
1152 4342 1349 4412 ἐνέγκῃ
1385 4318 1538 4404 αύτὸ,
1569 4318 1710 4393 ῶστε
1737 4318 1813 4410 μὴ
1858 4318 2007 4410 προσ-

2128 4348 2329 4403 ostium
2359 4338 2695 4398 tabernaculi
2727 4330 3025 4391 testimonii
3082 4342 3192 4381 non
3246 4320 3494 4378 attulerit
3545 4318 3703 4380 illud,

450 4406 675 4510 ενέγκη
707 4406 1394 4505 δῶρονΚυρίίῳνὰπέναν-τι
1414 4430 1511 4498 τῆς
1537 4406 1751 4499 σκηνῆς.
1779 4406 1985 4500 Κυρὶου

2127 4444 2187 4491 ut
2213 4434 2412 4490 oﬁerat
2444 4430 2651 4484 donum
2703 4422 2936 4479 Domino
2991 4429 3177 4472 coram
3220 4407 3569 4465 tabernaculo
3595 4406 3703 4459 Do—

454 4497 960 4595 xal'lo'ytoﬁficsmt
991 4497 1358 4592 senape,qu
1382 4497 1592 4589 ἐκείνῳ,
1625 4497 1766 4589 αἷμα
1794 4497 2006 4588 ἐξέχεεν

2127 4527 2294 4592 mini;
2328 4522 2550 4594 sanguis
2577 4514 2939 4588 imputabitur
2982 4505 3192 4563 homini
3235 4502 3313 4557 illi
3341 4518 3356 4567 ;
3385 4497 3706 4568 sanguinem

454 4588 963 4690 ἑξολοθρευθησεται
987 4617 1020 4685 ἡ
1040 4588 1395 4684 φυχὴνὲκείνη
1420 4613 1483 4664 ὲκ
1504 4610 1598 4664 τοῦ
1628 4588 1759 4664 λαοῦ
1789 4611 1977 4681 αὐτῆς.

2128 4588 2345 4681 cﬁ‘udit,
2373 4588 2835 4669 exterminabitur
2856 4602 3037 4657 anima
3060 4598 3151 4653 illa
3174 4596 3241 4651 de
3257 4591 3462 4665 populo
3483 4604 3583 4644 suo
3605 4588 3666 4640 ‘3.
3683 4606 3699 4638 ι

456 4709 603 4781 Αἷμα
635 4711 733 4781 μὲν
762 4705 855 4763 οὖν
898 4709 1098 4779 ἐκχεῖν,
1129 4707 1224 4759 καὶ
1248 4708 1360 4767 τοῖς
1380 4707 1460 4768 εἰς
1491 4703 1818 4775 μιαιφωνίαν
1838 4704 2036 4775 ἐγκλή-

460 4821 624 4875 μασιν
656 4802 838 4871 ένοχον
874 4799 1094 4853 ἔσεσθαι
1131 4797 1223 4850 τὸν
1263 4795 1368 4861 ἔξω
1416 4795 1612 4849 θύοντα
1658 4795 1757 4866 τῆς
1805 4796 2028 4865 σκηνῆς.

470 4896 695 4949 Ἑαυτὸν
726 4895 836 4964 γὰρ
860 4892 1048 4963 ὥσπερ
1081 4888 1405 4961 διεχρήσατό
1433 4904 1548 4951 τις,
1576 4888 1670 4939 καὶ
1702 4887 1801 4959 τὴν
1824 4886 2030 4941 οἰκείαν

459 4988 763 5058 ὠλὸθρευσε
814 4984 1029 5054 ψυχὴν,
1089 4985 1117 5036 ὁ
1165 4981 1301 5035 Θεοῦ
1367 4980 1466 5050 μὲν
1517 4978 1610 5032 τοῦ
1672 4977 1813 5032 κατὰ
1869 4978 2030 5046 φύσιν

462 5079 698 5149 ἀφιστὰς
751 5075 958 5146 αὐτὴν,
1013 5073 1336 5144 προσνέμων
1388 5072 1445 5125 δὲ
1494 5071 1662 5134 λίθοις
1711 5072 1806 5123 καὶ
1854 5071 2031 5134 ξύλοις

466 5177 561 5230 καὶ
592 5178 712 5238 ταῖς
752 5172 859 5226 τῶν
899 5170 1188 5239 δαιμονίων
1227 5170 1463 5230 ἀπάταις
1506 5166 1797 5230 ἀνατιθείς.
1832 5167 1952 5218 ’Ὁτι
1985 5166 2040 5217 δὲ

465 5269 525 5320 οὐ
584 5267 690 5318 πᾶν
760 5264 946 5326 ἁπλῶς
1010 5262 1156 5332 θῦμα
1221 5261 1372 5329 παρὰ
1426 5259 1523 5322 τὰς
1580 5259 1749 5330 θύρας
1811 5258 2039 5326 ἄγεσθαι

468 5356 799 5428 προστέταχε
847 5355 944 5423 τῆς
996 5353 1238 5423 σκηνῆς,
1273 5351 1388 5403 ἀλλ’
1424 5350 1558 5420 ὅπερ
1609 5349 1783 5403 ἓλοιτό
1826 5366 1912 5412 τις
1961 5351 2040 5411 εἰς

470 5450 659 5503 θυσίαν
732 5446 1014 5501 ἀναθεῖναι
1059 5443 1177 5512 Θεῷ
1207 5482 1221 5506 ,
1273 5443 1505 5511 δέδειχεν
1555 5442 1795 5513 ἐναργῶς
1876 5458 2042 5512 προσ-

473 5540 692 5607 επὰγων
729 5536 924 5599 εὐθύς·
963 5558 979 5586 ι
1020 5536 1128 5588 Καὶ
1180 5534 1241 5586 οὐ
1290 5532 1541 5586 θύσουσιν
1588 5534 1677 5585 ἐπὶ
1716 5532 1813 5594 τὰς
1853 5531 2041 5595 θυσίαις

551 5722 588 5752 ¹⁷
616 5718 847 5773 lThcss.
881 5733 930 5779 v,
1134 5715 1172 5745 ¹⁸
1206 5712 1377 5768 imit.
1406 5729 1532 5777 xm,
1567 5712 1601 5764 :2
1632 5726 1781 5781 seqq.

2133 4706 2466 4779 Sanguinem
2523 4700 2692 4771 igitur
2768 4693 3038 4755 fundere,
3097 4697 3154 4743 et
3215 4679 3496 4741 homicidii
3552 4692 3708 4731 reum

2137 4802 2274 4865 fore,
2306 4795 2484 4866 inquit
2528 4807 2676 4856 eum,
2706 4788 2801 4859 qui
2828 4794 2985 4842 extra
3007 4776 3413 4837 tabernaculum
3440 4768 3710 4827 sacriﬁca-

2134 4893 2299 4948 verit.
2358 4888 2609 4958 Seipsum
2659 4883 2807 4938 enim
2839 4874 3131 4939 interfecit,
3164 4886 3227 4926 ac
3274 4881 3427 4924 suam
3473 4861 3715 4918 animam

2135 4981 2395 5051 perdidit,
2426 4957 2677 5049 quisquis
2711 4974 2857 5027 illam
2885 4970 2954 5024 ab
2979 4984 3066 5032 eo,
3089 4964 3184 5036 qui
3216 4957 3516 5017 secundum
3545 4961 3707 5007 natu-

2138 5089 2255 5125 ram
2286 5071 2431 5125 Deus
2466 5074 2592 5132 _cst,
2636 5063 2855 5126 avertit,
2903 5071 3132 5126 eamque
3162 5050 3433 5120 lapidibus
3461 5060 3524 5097 ac
3549 5040 3713 5110 lignis

2140 5174 2196 5218 ct
2234 5161 2632 5218 dmmoniorum
2684 5154 2970 5211 erroribus
3015 5146 3237 5204 dicavit.
3285 5141 3553 5196 Czctcrum
3600 5148 3711 5185 non

2138 5269 2356 5309 omnem
2387 5266 2613 5323 prorsus
2635 5248 2914 5304 victimam
2948 5241 3015 5295 ad
3041 5238 3239 5292 ostium
3266 5228 3425 5301 355
3454 5226 3710 5280 taberna-

2142 5348 2258 5402 culi
2284 5345 2473 5401 aﬁerri
2505 5341 2852 5413 praecepisse,
2883 5334 2975 5389 scd
2996 5346 3116 5385 eam
3146 5328 3430 5385 duntaxat,
3461 5331 3623 5388 quam
3657 5313 3710 5367 in

2141 5438 2471 5494 sacriﬁcium
2494 5435 2694 5489 olferrc
2725 5434 2835 5484 Deo
2863 5426 3095 5497 quisque
3117 5418 3399 5478 voluisset,
3429 5408 3712 5483 perspicue

2141 5530 2399 5595 ostendit,
2433 5545 2554 5581 cum
2606 5524 2750 5597 illico
2801 5516 3080 5587 subjunxit
3109 5533 3120 5568 :
3156 5532 3173 5564 ι
3207 5511 3272 5566 Ει
3301 5522 3409 5562 non
3443 5500 3709 5560 sacriﬁca-
