4142 6296
474 5694 487 5807 ξ

490 305 599 362 695

1478 302 1535 360 s.
1574 270 1849 360 cm.”
1886 302 2357 362 ALEXANDRINI
2395 261 2723 366 malum»

3639 313 3750 369 696

491 418 636 473 bunt
694 412 960 471 sacriﬁcia
1004 427 1101 469 sua
1130 412 1488 479 vanitatibus,
1538 429 1666 469 cum
1707 413 1913 484 quibus
1966 414 2072 485 ipsi

2194 418 2358 473 ιότῶν
2376 420 2491 482 τοῖς
2517 420 2790 491 ματαίοις,
2820 411 2902 482 οἷς
2930 419 3085 474 αὐτοὶ
3114 420 3554 492 ἐκπορνεύσωσιν
3573 422 3756 479 ὀπίσω

493 506 837 561 fornicamur
863 510 984 575 post
1009 518 1102 559 eas
1131 504 1194 556 ¹⁹.
1242 524 1260 555 ι
1291 503 1462 575 Igitur
1507 505 1788 561 interdicit
1821 520 2066 576 prorsus,

495 611 565 650 ne
592 597 716 666 quis
744 594 893 649 nullo
925 593 1267 659 discrimine,
1333 597 1642 665 cuicunque
1680 595 1830 661 velit,
1858 595 2071 651 sacriﬁ-

496 696 610 752 cet;
640 687 740 742 soli
763 694 945 742 autem
968 686 1041 752 ei,
1069 685 1165 756 qui
1196 687 1501 742 secundum
1529 694 1781 742 naturam
1802 688 1950 743 Deus
1963 694 2069 752 est,

496 776 704 831 cultum
728 774 1100 830 exhibendum
1123 789 1264 842 esse,
1293 777 1638 848 apertissime
1669 776 1823 833 dicit.

566 865 763 920 PALL.
803 866 1074 922 Praeclare
1104 882 1235 924 sane
1268 868 1478 924 dictum
1509 876 1613 924 est.

567 957 725 1014 CYll.
766 959 880 1014 Nec
903 975 1037 1015 vero
1061 959 1415 1015 mediocriter
1444 961 1618 1032 juvat,
1649 960 1696 1016 si
1726 960 1836 1015 alio
1856 973 2075 1031 quoque

499 1049 662 1104 modo
714 1050 1084 1121 intelligamus
1138 1052 1431 1122 expedire,
1478 1060 1643 1124 atque
1686 1053 1854 1108 etiam
1904 1066 2076 1124 prope

497 1148 870 1203 necessarium
911 1163 1052 1212 esse,
1089 1148 1146 1202 in
1188 1156 1377 1203 sancto
1418 1148 1682 1203 duntaxat
1721 1146 2077 1203 tabernaculo

500 1237 766 1294 sacriﬁcia
793 1237 931 1303 ﬁeri,
961 1253 1024 1292 ac
1054 1252 1240 1293 sacras
1263 1238 1515 1292 victimas
1537 1236 1747 1292 offerri.

572 1416 767 1472 PALL.
808 1416 928 1482 Quo
953 1414 1173 1469 tandem
1200 1414 1400 1469 modo?

570 1507 728 1563 ΟΥΕ.
769 1507 963 1561 Annon
1010 1504 1305 1575 imaginem
1329 1519 1394 1559 ac
1418 1502 1645 1574 ﬁguram
1668 1501 1843 1572 ipsius
1864 1500 2082 1555 Emma-

502 1596 629 1650 nuel
663 1611 783 1651 esse
816 1594 1137 1651 dicebamus
1175 1593 1328 1647 illum
1367 1592 1622 1655 vitulum,
1647 1591 1741 1661 qui
1766 1605 1869 1661 pro
1897 1605 2080 1646 sacer-

502 1688 631 1742 dote
663 1695 720 1742 et
757 1687 945 1756 populi
975 1686 1279 1757 ignorantia
1307 1685 1375 1740 ad
1425 1684 1842 1739 tabernaculum
1878 1690 2083 1738 macta-

502 1779 705 1833 batur?

573 1867 772 1923 PALL.
815 1866 1166 1922 Dicebamus.

574 1959 731 2015 CYR.
765 1958 848 2014 0b
872 1973 993 2014 eam
1018 1959 1186 2030 igitur
1213 1974 1435 2014 causam
1459 1959 1697 2014 dicimus
1720 1958 1777 2013 in
1803 1956 2085 2022 Ecclesiis,

505 2061 766 2122 tanquam
799 2052 856 2106 in
884 2052 1089 2107 sanctis
1115 2051 1507 2119 tabernaculis,
1532 2051 1740 2108 Christi
1763 2051 2087 2123 mysterium

504 2140 696 2211 perﬁci
738 2150 1027 2211 oportere;
1065 2140 1212 2210 quod
1242 2139 1424 2211 ipsum
1467 2140 1598 2195 alibi
1634 2156 1856 2211 quoque
1881 2153 2087 2210 praece-

506 2232 610 2302 pit.
639 2232 778 2288 Cum
818 2232 968 2287 enim
1012 2231 1082 2287 ab
1126 2231 1285 2286 initio
1328 2232 1619 2297 sanxisset,
1647 2247 1756 2303 qua
1799 2231 2014 2287 ratione
2056 2247 2088 2286 a

506 2324 636 2379 ﬁliis
674 2326 837 2381 Israel
879 2341 946 2380 ex
983 2323 1361 2394 [Egyptiorum
1412 2331 1559 2378 terra
1609 2320 2091 2393 proﬁciscentibus

508 2432 681 2488 agnus
716 2417 773 2472 in
811 2416 1017 2473 Christi
1061 2414 1292 2486 ﬁguram
1332 2421 1481 2470 esset
1520 2413 1932 2470 immolandus:
1973 2432 1991 2465 ι
2029 2414 2090 2468 In

510 2524 618 2564 una
686 2508 853 2564 domo
897 2506 1262 2572 comedetur,
1322 2507 1542 2578 inquit,
1606 2522 1786 2578 neque
1827 2505 2091 2561 eﬁ'eretur

507 2598 576 2653 de
610 2598 873 2653 carnibus
901 2598 1024 2669 ejus
1047 2596 1196 2652 foras
1224 2598 1290 2630 ι’·
1319 2615 1331 2651 :
1368 2617 1386 2648 ι
1415 2596 1627 2652 violant
1649 2597 1837 2668 igitur,
1872 2595 2090 2651 diversa

508 2690 812 2747 sentientes
836 2688 1106 2753 haeretici,
1133 2687 1231 2743 Dei
1255 2686 1563 2754 decretum,
1589 2688 1682 2757 qui
1708 2695 1908 2758 praeter
1930 2687 2088 2753 illud,

510 2782 658 2854 quod
694 2789 782 2837 est
825 2796 1019 2836 revera
1064 2789 1313 2836 sanctum
1361 2780 1807 2846 tabernaculum,
1855 2779 2091 2835 alterum

509 2873 617 2929 sibi
655 2872 851 2944 ﬁgunt,
874 2880 933 2928 et
956 2871 1092 2927 foris
1124 2887 1324 2943 agnum
1358 2871 1664 2937 immolant,
1692 2880 1750 2926 et
1776 2870 2093 2942 longissime

509 2965 580 3020 ab
609 2965 703 3020 illa
741 2978 850 3018 una
889 2962 1054 3018 domo
1085 2962 1345 3028 ell‘erunt,
1368 2971 1426 3017 et
1449 2962 1608 3017 illum
1655 2962 1750 3032 qui
1780 2970 1865 3017 est
1892 2961 2095 3017 indivi-

510 3055 676 3120 duus,
701 3055 960 3115 dividunt
987 3073 999 3109 :
1030 3069 1173 3111 unus
1208 3063 1295 3111 est
1321 3055 1470 3111 enim
1500 3069 1565 3110 ac
1589 3053 1867 3125 perfectus
1894 3054 1950 3108 in
1975 3070 2091 3111 om-

2172 508 2373 563 αύτῶν.
2439 527 2458 560 ι
2517 507 2731 563 Οὐκοῦν
2777 509 3094 580 ἀποφάσκει
3151 510 3431 573 παντελῶς
3481 510 3543 563 τὸ
3599 511 3755 567 θύειν

2172 600 2501 672 ἀδιακρίτως
2520 641 2535 666 ,
2561 593 2716 674 ᾧπερ
2745 602 2811 657 ἂν
2842 603 3084 674 βούλοιτό
3129 623 3238 670 τις,
3271 606 3383 659 δεῖν
3410 605 3467 659 δὲ
3501 605 3565 676 δὴ
3601 606 3755 679 μόνῳ

2172 690 2255 762 τῷ
2272 692 2413 748 κατά
2444 693 2607 763 φύσιν
2632 693 2753 766 Θεῷ
2780 695 2879 760 τὰς
2910 695 3165 770 λατρείας
3186 697 3477 764 ἐπιτελεῖν,
3511 693 3570 752 εὖ
3605 698 3758 769 μάλα

2175 785 2331 857 φησί.
2464 834 2477 844 .

2244 878 2453 936 ΠΑΛΛ.
2500 881 2588 945 Ὠς
2619 879 2819 953 άριστά
2837 898 2901 951 γε
2923 881 3057 951 ἡμῖν
3080 880 3109 933 6
3134 879 3292 950 λόγος
3316 878 3449 951 ἔχει.

2246 970 2413 1024 ΚΥΡ.
2460 972 2703 1046 Ὀνήσειε
2743 973 2786 1027 δ’
2830 972 2898 1028 ἂν
2926 973 3022 1027 καὶ
3051 973 3111 1026 οὐ
3150 973 3390 1045 μετρίως
3436 974 3585 1044 ἡμᾶς
3631 973 3759 1028 καθ’

2176 1060 2366 1132 ἕτερον
2394 1056 2554 1134 οἶμαι
2608 1063 2810 1136 τρόπον
2830 1064 2894 1117 τὸ
2920 1063 3118 1135 χρῆναι
3159 1066 3302 1119 νοεῖν
3338 1063 3415 1127 ὡς
3452 1064 3570 1117 ἔστι
3601 1064 3761 1118 λυσι-

2176 1152 2329 1218 τελὲς
2346 1155 2441 1208 καὶ
2469 1154 2766 1223 ἀναγκαῖον
2795 1154 2896 1227 ἤδη
2918 1172 3036 1219 πως
3056 1155 3138 1222 τὸ,
3165 1156 3223 1208 ὲν
3248 1154 3385 1226 μόνῃ
3405 1155 3515 1209 δεῖν
3537 1158 3604 1227 τῇ
3630 1156 3697 1222 ἀγ
3708 1162 3763 1227 ια

2182 1246 2356 1316 σκηνῇ
2389 1244 2727 1316 πράττεσθαι
2760 1246 2860 1310 τὰς
2888 1245 3098 1311 θυσίας,
3126 1247 3221 1300 καὶ
3249 1245 3317 1300 τά
3350 1247 3474 1318 ἱερά
3513 1246 3761 1319 προσφέ-

2185 1336 2373 1408 ρεσθαι
2407 1336 2646 1408 θύματα.

2252 1430 2460 1485 ΠΑΛΔ.
2500 1430 2625 1494 Πῶς
2660 1430 2800 1503 έφης
2823 1448 2839 1497 ;

2251 1522 2418 1578 ΚΥΡ.
2452 1518 2531 1576 Ἦ
2556 1523 2657 1577 οὐκ
2684 1523 2869 1578 είκόνα
2894 1523 2991 1578 καὶ
3014 1522 3185 1577 τύπον
3214 1523 3477 1595 ἐλέγομεν
3499 1518 3645 1577 εἶναι
3667 1519 3763 1575 τοῦ

2197 1613 2582 1686 Ἐμμανουήλ,
2622 1614 2715 1671 τὸν
2762 1613 2953 1685 ἱερέως
2994 1632 3053 1668 τε
3086 1614 3216 1687 πέρι
3250 1615 3346 1669 καὶ
3397 1613 3769 1687 ἀγνοημάτων

2113 1779 2158 1834 Β
2185 1704 2318 1760 λαοῦ
2352 1706 2492 1777 πρὸς
2521 1708 2588 1777 τῇ
2625 1705 2758 1777 ἁγίᾳ
2789 1707 2963 1777 σκηνῇ
2998 1704 3345 1776 σφαζόμενον
3381 1706 3627 1778 μόσχον;

2260 1884 2469 1939 ΠΑΛΛ.
2516 1882 2830 1954 Ἐλέγομεν.

2258 1974 2425 2029 ΚΥΡ.
2453 1974 2667 2046 Χρῆναι
2689 1974 2754 2046 δὴ
2778 1969 2872 2030 οὖν
2894 1972 3068 2048 ταύτῃ
3092 1990 3178 2029 τοι
3202 1974 3406 2046 φαμὲν,
3435 1973 3511 2039 ὡς
3536 1974 3600 2029 ὲν
3639 1990 3774 2046 σκη-

2189 2066 2307 2127 ναῖς
2336 2064 2520 2133 ἁγίαις
2548 2066 2667 2128 ταῖς
2707 2062 3057 2135 Ἐκκλησίαις
3083 2065 3179 2119 τοῦ
3213 2064 3371 2133 Θεοῦ,
3398 2065 3495 2125 τοῦ
3525 2065 3771 2138 Χριστοῦ

2186 2153 2459 2207 τελεῖσθαι
2478 2154 2799 2224 μυστήριον.
2812 2153 2977 2206 Τουτὶ
2996 2153 3105 2225 γὰρ
3125 2154 3258 2226 ἡμῖν
3282 2154 3379 2208 καὶ
3400 2154 3639 2226 ἑτέρωθί
3669 2173 3774 2209 που

2188 2243 2443 2298 διετύπου
2468 2244 2647 2298 πάλιν,
2673 2244 3092 2317 Θεσμοθετήσας
3117 2244 3228 2316 γὰρ
3255 2246 3313 2300 έν
3333 2246 3530 2318 ἀρχαῖς
3553 2247 3685 2300 τίνα
3710 2246 3773 2318 δή

2189 2334 2386 2408 τρόπον
2404 2336 2671 2407 προσήκει
2690 2334 2989 2405 σφάζεσθαι
3016 2335 3109 2390 τὸν
3131 2335 3303 2408 ἀμνὸν
3321 2337 3403 2401 εἰς
3431 2335 3606 2389 τύπον
3639 2337 3775 2408 Χρι-

2192 2425 2318 2481 στοῦ
2328 2426 2429 2497 τῆς
2442 2426 2751 2495 Αἰγυπτίων
2763 2426 3054 2499 ἀπαίρουσι
3063 2425 3170 2498 γῆς
3180 2429 3292 2491 τοῖς
3304 2427 3363 2493 ἐξ
3386 2427 3625 2499 Ἰσραήλ·
3639 2445 3660 2479 ι
3689 2427 3776 2481 Ἐν

2189 2518 2338 2591 οἰκίᾳ
2372 2519 2470 2591 μιᾷ
2502 2518 2844 2591 βρωθήσεται
2867 2557 2885 2587 ,
2926 2519 3081 2589 φησὶ,
3131 2520 3227 2573 καὶ
3258 2519 3359 2573 οὐκ
3393 2517 3636 2585 ἐξοίσετε
3672 2519 3776 2572 ἀπὸ

2190 2607 2298 2661 τῶν
2330 2607 2507 2679 κρεῶν
2543 2607 2710 2662 αὑτοῦ
2742 2606 2867 2673 ἔξω.
2913 2627 2933 2659 υ
2961 2607 3172 2663 Οὐκοῦν
3197 2608 3538 2681 παραλύουσι
3565 2608 3635 2663 τὸ
3661 2607 3777 2679 Θεῷ

2191 2698 2403 2764 δοκοῦν,
2440 2701 2490 2753 οἱ
2545 2699 2902 2771 έτερόφρονες
2942 2700 3211 2772 αίρετικοὶ
3265 2699 3420 2771 παρὰ
3462 2700 3565 2773 τήν
3610 2695 3777 2755 οὖσαν

2192 2790 2407 2863 ἀληθῶς
2429 2790 2591 2861 ἁγίαν
2619 2792 2842 2865 σκηνὴν,
2872 2793 3084 2858 ἑαυτοῖς
3115 2791 3308 2863 ἑτέραν
3341 2790 3776 2862 διαπηγνύντες,

2194 2884 2291 2937 καὶ
2321 2883 2428 2950 ἔξω
2459 2883 2683 2948 θύοντες
2723 2883 2815 2938 τὸν
2857 2884 3051 2956 ἀμνὸν,
3091 2883 3187 2938 καὶ
3220 2881 3493 2937 ἀπωτάτω
3535 2899 3649 2935 που
3681 2882 3777 2954 τῆς

2198 2976 2327 3046 μιᾶς
2373 2974 2743 3047 ἀποφέροντες
2770 2973 2949 3037 οἰκίας
2973 3013 2988 3038 ,
3017 2973 3113 3027 καὶ
3157 2972 3473 3046 μερίζοντες
3515 2971 3611 3028 τὸν
3644 2972 3777 3043 ἀμέ-

2201 3081 2381 3136 ριστον
2407 3082 2422 3096 ο
2463 3060 2545 3130 εἷς
2573 3065 2684 3137 γὰρ
2708 3064 2803 3120 καὶ
2840 3064 3043 3127 τέλειος
3071 3065 3130 3117 ὲν
3161 3065 3297 3118 πᾶσι
3332 3063 3588 3134 Χριστός.
3642 3061 3777 3116 Ἀλλ’

510 3147 679 3204 nibus
716 3147 989 3204 Christus.
1027 3147 1099 3203 At
1131 3162 1265 3203 vero
1304 3146 1526 3218 sapiens
1566 3146 1678 3212 ille,
1712 3161 1777 3202 ac
1811 3161 2091 3202 sacrorum

2197 3155 2292 3224 ὅγε
2324 3157 2487 3227 σοφός
2514 3173 2575 3210 τε
2606 3158 2740 3228 ἡμῖν
2768 3155 2866 3210 καὶ
2893 3155 3218 3227 ἱεροφάντης
3254 3155 3463 3226 Μωσῆς
3485 3154 3779 3226 παρεγγυᾷ

512 3240 788 3312 interpres
813 3240 1028 3312 Moyses
1051 3240 1214 3296 nobis
1234 3239 1484 3311 praecipit
1520 3239 1710 3295 dicens
1736 3239 1794 3293 in
1827 3240 2094 3295 Deutero—

510 3332 700 3386 nuntio
742 3350 754 3387 .-
801 3349 820 3383 ι
858 3332 1002 3389 Cave
1047 3332 1148 3386 tibi
1191 3332 1318 3402 ipsi,
1357 3346 1428 3386 ne
1468 3330 1673 3386 oﬁ‘eras
1711 3330 2094 3386 holocaustum

512 3431 671 3477 tuum
720 3422 779 3476 in
820 3422 970 3477 omni
1009 3421 1154 3487 loco,
1180 3436 1346 3491 quem
1382 3420 1609 3486 videris,
1637 3428 2006 3491 praeterquam
2038 3420 2095 3475 in

511 3513 656 3579 loco,
681 3526 848 3582 quem
870 3511 1101 3582 elegerit
1124 3511 1390 3573 Dominus
1413 3511 1560 3565 Deus
1587 3519 1715 3566 tuus
1740 3510 1793 3565 in
1824 3526 1933 3567 una
1955 3511 2093 3567 civi-

514 3614 691 3661 tatum
740 3611 995 3672 tuarum;
1034 3603 1110 3658 ibi
1148 3602 1350 3659 oﬁ‘cres
1394 3604 1713 3660 holocausta
1761 3610 1874 3669 tua,
1914 3614 1971 3660 et
2018 3604 2094 3661 ibi

513 3696 684 3753 facies
717 3696 923 3761 omnia,
961 3709 1304 3767 quaecunque
1345 3709 1449 3766 ego
1476 3695 1737 3767 praecipio
1765 3696 1866 3752 tibi
1898 3696 2091 3762 hodie;

516 3788 613 3847 scd
638 3790 694 3845 in
734 3789 885 3846 omni
908 3788 1184 3845 desiderio
1227 3795 1322 3841 tuo
1363 3787 1720 3854 sacriﬁcabis,
1751 3795 1806 3843 et
1841 3787 2097 3844 comedes

516 3897 714 3939 carnes
751 3880 1054 3936 secundum
1099 3878 1436 3934 desiderium
1482 3879 1678 3934 anima;
1720 3886 1847 3946 tuae,
1894 3894 2094 3936 secun-

518 3976 650 4033 dum
680 3972 1125 4028 benedictionem
1167 3969 1387 4024 Domini
1417 3970 1515 4025 Dei
1548 3974 1648 4036 tui,
1677 3985 1842 4042 quam
1882 3970 2098 4027 dederit

492 4054 495 4059 ’
522 4067 629 4131 tibi
659 4067 715 4122 in
755 4064 906 4120 omni
950 4062 1194 4118 civitate.
1225 4061 1570 4128 lmmundus,
1599 4062 1694 4132 qui
1734 4062 1790 4116 in
1821 4070 1876 4117 te
1911 4072 2016 4128 est,
2041 4071 2098 4119 et

518 4158 761 4216 mundus
801 4155 966 4213 simul
1015 4153 1307 4211 comedent
1353 4152 1564 4225 ipsum,
1610 4163 1672 4207 ut
1718 4167 1972 4223 capream
2009 4153 2095 4208 vel

518 4266 765 4317 cervum,
807 4258 1177 4321 praeterquam
1221 4247 1370 4319 quod
1408 4246 1729 4319 sanguinem
1765 4261 1875 4301 non
1917 4259 2099 4301 come-

519 4342 692 4410 detis;
738 4342 795 4396 in
840 4349 1046 4396 terram
1088 4338 1384 4395 eﬁ’undetis
1426 4339 1606 4410 ipsum
1640 4346 1704 4393 ut
1739 4350 1937 4408 aquam
1965 4338 2030 4390 ’°.
2070 4355 2089 4389 ι

516 4435 702 4491 Animi
742 4433 910 4505 igitur
931 4439 1017 4488 est
1045 4431 1100 4486 in
1124 4432 1317 4503 primis
1348 4430 1512 4503 356
1548 4430 1703 4503 impii
1726 4430 1886 4501 culpa
1909 4438 1967 4486 et
1990 4430 2098 4486 cri-

2198 3250 2374 3318 λέγων
2420 3251 2479 3303 ὲν
2506 3248 2587 3320 τῷ
2615 3247 3044 3320 Δευτερονομίῳ,
3081 3265 3101 3299 ‹
3155 3247 3400 3319 Πρόσεχε
3443 3244 3663 3317 σεαυτῷ
3706 3245 3776 3317 μὴ

2200 3341 2499 3413 ἀνενέγκῃς
2527 3342 2589 3395 τὺ
2617 3340 2980 3412 ὁλοκαύτωμά
3008 3355 3103 3397 σου
3132 3340 3190 3393 ὲν
3221 3337 3386 3392 παντὶ
3417 3337 3568 3408 τόπῳ
3609 3330 3659 3407 ᾧ
3686 3336 3778 3390 ὲάν

2202 3432 2340 3504 ἴδῃς,
2364 3432 2482 3487 ἀλλ’
2515 3432 2548 3502 ἢ
2580 3434 2660 3497 εἰς
2685 3431 2852 3485 τόπον
2872 3429 2932 3484 6v
2954 3429 3021 3484 ἂν
3052 3428 3339 3499 ἐκλέξηται
3366 3425 3575 3498 Κύριος
3593 3427 3626 3480 6
3649 3424 3778 3489 Θεός

2206 3538 2298 3574 σου
2328 3521 2513 3587 αὑτὸν,
2544 3522 2603 3575 ὲν
2632 3522 2731 3593 μιᾷ
2758 3520 2867 3574 τῶν
2899 3517 3108 3573 πόλεών
3136 3535 3231 3572 σου
3257 3557 3272 3583 ,
3301 3518 3418 3571 ἐκεῖ
3441 3516 3685 3581 ἀνοίσεις
3712 3516 3776 3570 τὰ

2200 3607 2625 3680 όλοκαυτὼματά
2655 3625 2769 3670 σου,
2794 3607 2889 3662 καὶ
2910 3609 3030 3661 ἐκεῖ
3053 3608 3302 3678 ποιήσεις
3332 3604 3514 3660 πάντα
3541 3607 3646 3659 ὅσα
3672 3604 3777 3675 ἐγὼ

2201 3697 2516 3771 ἐντέλλομαί
2556 3715 2637 3753 σοι
2669 3699 2907 3771 σήμερον
2930 3715 2945 3729 ο
2991 3696 3106 3751 ἀλλ’
3139 3695 3174 3768 ἢ
3224 3697 3283 3750 ὲν
3316 3694 3469 3768 πάσῃ
3510 3694 3777 3766 ἐπιθυμίᾳ.

2203 3810 2298 3847 σου
2328 3792 2533 3873 θύσεις,
2566 3791 2662 3846 καὶ
2690 3791 2841 3865 φάγῃ
2879 3789 3017 3861 κρέα
3045 3788 3191 3844 κατὰ
3221 3787 3322 3860 τὴν
3353 3787 3656 3859 ἐπιθυμίαν
3680 3787 3775 3855 τῆς

2200 3885 2378 3957 ψυχῆς
2407 3902 2499 3939 σου
2523 3900 2540 3917 ο
2570 3884 2712 3940 κατὰ
2736 3884 2836 3956 τήν
2853 3882 3104 3952 εὐλογίαν
3132 3881 3341 3953 Κυρίου
3367 3880 3461 3935 τοῦ
3493 3878 3631 3934 Θεοῦ
3661 3895 3772 3941 σου,

2201 3980 2268 4050 ἢν
2310 3976 2479 4031 ἔδωκέ
2511 3993 2596 4031 σοι
2635 3977 2694 4030 ὲν
2743 3976 2889 4049 πάσῃ
2932 3974 3105 4030 πόλει.
3152 3975 3211 4029 '0
3256 3971 3566 4045 ἀκάθαρτος
3606 3973 3667 4027 ἐν
3695 3969 3774 4024 σοὶ

2202 4070 2298 4125 καὶ
2317 4071 2346 4123 6
2364 4068 2606 4140 καθαρὸς
2627 4068 2721 4120 ἐπὶ
2747 4067 2808 4121 τὸ
2833 4067 2966 4121 αὐτὸ
2994 4066 3229 4137 φάγεται
3257 4065 3411 4130 αὐτὸ,
3436 4064 3512 4129 ὡς
3541 4060 3773 4135 δορκάδα

2201 4160 2235 4233 ἢ
2270 4159 2491 4229 ἔλαφον,
2533 4156 2675 4230 πλὴν
2709 4158 2773 4211 τὸ
2805 4152 2947 4228 αἷμα
2989 4158 3052 4210 οὐ
3082 4146 3326 4227 φάγεσθε
3347 4194 3364 4221 ,
3397 4154 3490 4209 ἐπὶ
3534 4156 3635 4224 τὴν
3673 4151 3772 4222 γῆν

2202 4251 2441 4322 ἐκχεεῖτε
2474 4248 2640 4314 αὐτὸ,
2685 4248 2761 4312 ὡς
2802 4247 2966 4320 ὕδωρ.
3021 4267 3040 4300 ι
3095 4249 3345 4311 Διανοίας
3390 4243 3487 4301 οὖν
3524 4245 3632 4317 ἄρα
3676 4243 3774 4313 τῆς

2204 4342 2610 4415 βδελυρωτάτης
2648 4340 2995 4413 ἀμπλάκημα
3040 4341 3135 4394 καὶ
3162 4341 3382 4413 γραφὴ,
3424 4339 3485 4394 τὸ
3519 4340 3578 4392 ὲν
3612 4334 3771 4396 παντὶ

2201 4436 2351 4508 τόπῳ
2376 4434 2522 4490 θύειν
2548 4433 2883 4505 ἀποτολμᾷν,
2907 4433 3001 4487 καὶ
3037 4433 3114 4505 μὴ
3136 4434 3195 4488 έν
3218 4433 3354 4504 οἴκῳ
3375 4429 3510 4490 Θεοῦ
3537 4426 3770 4502 πληροῦν

517 4543 667 4592 men,
693 4524 896 4581 audere
924 4525 979 4579 in
1005 4524 1157 4579 omni
1191 4523 1315 4579 loco
1347 4521 1676 4591 sacriﬁcare,
1698 4537 1812 4577 non
1845 4523 1901 4578 in
1933 4522 2091 4577 domo

2198 4527 2262 4583 τὸ
2289 4498 2526 4600 Ἰξριστοῦ
2556 4498 2877 4599 μυστήριονξ

517 4619 615 4673 Dei
639 4618 861 4688 explere
887 4616 1092 4673 Christi
1118 4615 1466 4688 mysterium.

590 4708 787 4764 PALL.
828 4708 1001 4763 Recte
1050 4722 1182 4763 sane
1232 4708 1401 4774 dicis;
1440 4706 1575 4763 illud
1629 4716 1813 4763 tamen
1860 4710 2100 4780 explices

517 4802 708 4867 velim,
748 4815 873 4857 cum
909 4800 1173 4871 sanguine
1200 4801 1348 4856 vesci
1387 4801 1476 4855 lex
1520 4800 1933 4870 improbaverit,
1960 4811 2017 4860 et
2044 4803 2098 4859 id

515 4894 641 4964 jure
664 4889 880 4954 fecerit,
905 4888 1131 4958 quinam
1154 4887 1211 4941 in
1234 4889 1338 4943 hac
1359 4888 1545 4942 littera
1567 4901 1763 4943 sensus
1785 4888 1934 4944 insit.

464 5008 481 5017 ι
591 4978 749 5035 CYR.
792 4976 851 5033 Si
893 4976 972 5031 ita
1007 4975 1251 5040 videtur,
1280 4990 1346 5031 ea
1399 4990 1525 5045 quae
1565 4985 1696 5032 sunt
1736 4977 1841 5032 hac
1871 4978 1940 5033 de
1964 4994 2025 5034 re
2050 4979 2105 5033 in

520 5071 769 5127 Levitico
792 5083 1013 5155 quoque
1037 5068 1272 5135 sancita,
1305 5067 1584 5134 dicamus;
1610 5070 1836 5139 quaa‘sic
1858 5071 2065 5127 habent
2090 5089 2102 5124 :

2273 4703 2482 4758 ΠΑΔΔ.
2514 4695 2590 4758 Εὖ
2623 4699 2832 4770 λέγεις·
2855 4697 2996 4770 πλὴν
3022 4698 3197 4752 έκεῖνο
3220 4696 3447 4769 φράσον.
3481 4693 3770 4768 Τήναῖμα-

2202 4811 2295 4859 τος
2316 4792 2520 4866 βρῶσιν
2538 4791 2958 4864 κεκιόδήλευκεν
2979 4792 3008 4844 6
3039 4791 3223 4861 νόμος,
3246 4789 3343 4843 καὶ
3372 4787 3517 4859 μάλα
3532 4786 3766 4847 εἰκότως.

2205 4887 2271 4941 Τί
2294 4887 2339 4941 δ’
2378 4884 2445 4940 ἂν
2471 4884 2556 4954 εῐη
2576 4882 2738 4937 πάλιν
2760 4885 2789 4937 ό
2811 4881 2869 4937 ἔν
2904 4899 2969 4951 γε
2998 4881 3076 4952 τῷ
3102 4880 3390 4952 γράμματι
3410 4878 3565 4943 νοῦςς

2271 4976 2439 5032 ΚΥΡ.
2464 4973 2698 5042 Οὐκοῦν,
2713 4975 2764 5028 εί
2785 4973 2952 5039 δοκεῖ,
2975 4971 3044 5026 τά
3065 4972 3160 5026 ἐπὶ
3182 4970 3318 5042 τῷδε
3342 4966 3765 5039 τεθεσπισμένα,

2204 5068 2300 5123 καὶ
2319 5068 2378 5121 ὲν
2403 5065 2483 5137 τῷ
2508 5064 2777 5136 Λευιτικῷ
2803 5064 2938 5135 φέρε
2952 5062 3017 5134 δὴ
3032 5061 3304 5131 λέγωμεν.
3335 5060 3487 5130 Ἔχει
3509 5057 3619 5129 γὰρ
3649 5051 3763 5110 ὦδε·

530 5184 548 5210 ι
576 5164 645 5218 Ει
672 5164 837 5219 homo
855 5149 1075 5219 de'ﬁliis
1100 5160 1288 5225 Israel,
1316 5168 1411 5215 aut
1447 5159 1516 5214 de
1542 5160 1854 5230 proselytis,
1892 5161 1987 5233 qui
2013 5177 2091 5232 ap

2209 5179 2229 5212 ι
2275 5158 2384 5212 Καὶ
2409 5160 2440 5212 6
2472 5156 2757 5229 ἄνθρωπος
2780 5154 2890 5210 τῶν
2925 5154 3058 5208 υἱῶν
3102 5152 3336 5225 Ἰσραὴλ,
3369 5151 3403 5222 ἢ
3431 5149 3543 5204 τῶν
3568 5162 3765 5220 προση-

521 5255 687 5326 positi
713 5264 842 5311 sunt
863 5255 1042 5321 vobis,
1071 5252 1388 5324 quicunque
1409 5250 1711 5306 comederit
1741 5265 1958 5307 omnem
1985 5268 2108 5308 san-

521 5347 775 5418 guinem,
820 5357 1057 5403 statuam
1102 5344 1299 5400 faciem
1344 5356 1523 5398 meam
1567 5342 1624 5397 in
1674 5342 1935 5408 animam,
1978 5358 2101 5414 quae

522 5439 768 5495 vescitur
809 5439 1094 5510 sanguine,
1129 5445 1188 5493 et
1234 5437 1459 5508 perdam
1493 5451 1613 5492 eam
1641 5435 1710 5490 de
1738 5435 1941 5505 populo
1966 5449 2098 5502 suo;

525 5547 653 5587 nam
686 5530 868 5586 anima
906 5531 1085 5586 omnis
1118 5530 1321 5596 carnis,
1354 5529 1575 5601 sanguis
1606 5530 1726 5601 ejus
1757 5537 1843 5583 est
1872 5543 1885 5581 :
1914 5534 1972 5582 et
2000 5542 2102 5597 ego

631 5714 674 5747 "
706 5710 885 5769 chit.
916 5728 1045 5775 xvn,
1075 5713 1125 5765 7.

2202 5252 2378 5307 λύτων
2406 5250 2514 5305 τῶν
2552 5248 2971 5324 προσκειμένων
2997 5249 3055 5301 ὲν
3085 5248 3213 5319 ὑμῖν
3233 5286 3249 5312 ,
3287 5246 3348 5311 ὃς
3385 5245 3454 5299 ἂν
3485 5243 3635 5315 φάγῃ
3665 5240 3767 5294 πᾶν

2205 5338 2366 5415 αἷμα,
2395 5342 2677 5413 ἐπιστήσω
2696 5340 2758 5394 τὸ
2786 5339 3079 5412 πρόσωπόν
3106 5356 3207 5409 μου
3242 5338 3338 5392 ἐπὶ
3364 5336 3461 5408 τὴν
3479 5335 3654 5407 ψυχὴν
3673 5331 3766 5402 τὴν
3872 5381 3877 5387 ,

2207 5435 2471 5488 έσθουσαν
2514 5434 2575 5487 τὸ
2616 5428 2756 5504 αἷμα
2778 5470 2794 5499 ,
2845 5434 2939 5487 καὶ
2968 5432 3159 5486 ἀπολῶ
3195 5430 3363 5502 αὐτὴν
3396 5430 3461 5483 ὲκ
3508 5427 3602 5481 τοῦ
3643 5418 3764 5479 λαοῦ

2210 5526 2398 5595 αὐτῆς.
2447 5525 2509 5577 Ἡ
2567 5524 2673 5597 γὰρ
2716 5524 2861 5595 ψυχὴ
2927 5523 3108 5594 πάσης
3169 5520 3372 5594 σαρκὸς
3417 5511 3557 5591 αἷμα
3610 5506 3764 5570 αὐτοῦ

1232 5714 1289 5747 '9‘
1332 5714 1503 5770 Exod.
1533 5731 1625 5781 xu,
1657 5716 1741 5772 46.
1822 5716 1865 5746 ³ο
1894 5711 2030 5769 lbid-
2067 5710 2250 5767 1546-
