4142 6296
276 355 385 415 6‘37

1024 357 1112 414 DE
1150 358 1590 416 ADORATIONE
1629 359 1695 414 IN
1739 359 2008 418 sruuru
2052 364 2141 419 ET
2183 342 2556 421 VERITATE.
2601 363 2730 419 LIB.
2766 362 2834 422 ιι.

3435 367 3542 423 698

277 478 424 532 ἐστι.
468 478 584 534 Καὶ
639 476 749 546 ἐγὼ
781 475 990 530 δέδωκα
1043 478 1174 532 αὐτὸ
1220 480 1350 551 ὑμῖν
1390 481 1482 534 ἐπὶ
1534 483 1628 536 τοῦ
1665 482 1850 536 θυσια-

1960 483 2084 538 dedi
2110 483 2243 540 illud
2269 485 2428 540 vobis
2457 500 2625 557 super
2651 484 2833 549 altari,
2860 490 2921 536 ut
2945 483 3272 554 propitietur
3297 499 3396 555 pro
3419 482 3541 538 ani-

281 586 508 641 στηριου
530 567 910 632 ἐξιλάσκεσθαι
934 570 1057 640 περὶ
1085 569 1192 623 τῶν
1220 571 1406 642 ψυχῶν
1440 572 1592 643 ὑμῶν
1613 590 1626 603 ·
1663 573 1858 644 τὸγὰρ

282 655 423 730 αἷμα
462 659 625 713 αὑτοῦ
667 660 787 712 ἀντὶ
831 659 1010 730 ψυχῆς
1059 661 1384 726 ὲξιλάσεται.
1433 664 1530 716 Διά
1580 664 1738 716 τοῦτο
1783 663 1856 717 ef-

286 767 428 820 ρηκα
477 752 591 812 τοῖς
628 751 766 812 υἱοῖς
823 750 1044 822 Ἰσραήλ
1071 765 1088 782 θ
1114 754 1270 807 Πᾶσα
1317 753 1460 826 ψυχὴ
1501 755 1558 821 ἐξ
1609 754 1764 824 ὑμῶν
1795 753 1856 808 οὐ

280 841 516 909 φάγεται
549 835 712 911 αἷμα.
744 841 855 894 Καὶ
888 841 916 893 6
945 843 1282 915 προσήλυτος
1317 845 1346 897 6
1380 844 1776 918 προσκείμενος
1799 846 1858 898 ὲν

277 931 408 1000 ὑμῖν
446 931 506 984 ού
539 932 776 999 φάγεται
802 925 944 1002 αἷμα
963 950 979 968 ο
1009 935 1103 988 καὶ
1135 935 1420 1007 ἄνθρωπος
1444 937 1553 990 τῶν
1588 937 1718 990 υίῶν
1753 938 1858 991 Ἰσ-

282 1021 486 1093 ραὴλ,ἢ
509 1021 618 1076 τῶν
647 1022 1005 1094 προσηλύτων
1030 1025 1139 1081 τῶν
1168 1027 1582 1099 προσκειμένων
1615 1029 1673 1081 ὲν
1704 1029 1854 1100 ὑμῖν,

280 1112 340 1176 ὃς
363 1110 426 1165 ἂν
449 1113 691 1185 θηρεύση
717 1112 968 1185 θήρευμα
990 1117 1176 1188 θηρίον
1201 1117 1232 1188 ἢ
1258 1119 1522 1185 πετεινὸν,
1543 1119 1571 1174 ὃ
1597 1120 1853 1190 ἐσθίεται,

280 1203 375 1257 καὶ
405 1204 586 1273 ἐκχεεῖ
611 1204 672 1258 τὸ
698 1200 856 1276 αἷμα,
885 1207 975 1260 καὶ
1015 1207 1245 1278 καλύψει
1278 1210 1410 1264 αὐτὸ
1441 1214 1507 1282 τῇ
1533 1214 1602 1283 γῇ
1637 1228 1650 1265 τ
1683 1214 1715 1283 ἡ
1748 1211 1856 1284 γὰρ

277 1294 424 1366 ψυχὴ
454 1294 635 1366 πάσης
671 1297 890 1368 σαρκὸς,
915 1293 1051 1367 αἷμα
1081 1300 1245 1354 αὐτοῦ
1276 1302 1414 1356 ἐστι.
1448 1304 1559 1356 Καὶ
1596 1299 1724 1358 εἶπα
1745 1307 1856 1370 τοῖς

279 1383 418 1446 υἱοῖς
463 1384 702 1456 Ἰσραήλ·
733 1380 884 1455 Αἷμα
915 1388 1097 1457 πάσης
1116 1388 1315 1459 σαρκὸς
1335 1391 1394 1443 ού
1421 1390 1681 1459 φάγεσθε,
1711 1393 1792 1446 ὅτι
1821 1393 1854 1464 ἠ

275 1474 426 1545 ψυχὴ
456 1475 636 1546 πάσης
676 1478 873 1548 σαρκὸς
905 1474 1044 1550 αἷμα
1085 1480 1248 1534 αὐτοῦ
1284 1482 1432 1535 ἐστι’
1469 1485 1573 1547 πᾶς
1602 1485 1630 1536 6
1656 1483 1854 1539 ἐσθίων

277 1565 448 1629 αύτὸ,
479 1565 1002 1639 ὲξολοθρευθήσεται.
1040 1589 1060 1622 ι
1099 1571 1290 1643 Ἀθρει
1324 1573 1388 1644 δὴ
1413 1567 1506 1626 οὖν
1544 1574 1728 1644 σαφῶς
1763 1577 1855 1630 καὶ

276 1655 582 1724 ἀναφανδὸν
642 1657 716 1722 ὡς
761 1660 840 1722 είς
895 1660 1072 1732 ψυχῆς
1119 1661 1287 1716 τύπον
1344 1663 1404 1716 τὺ
1451 1659 1590 1734 αἷμα
1643 1665 1854 1735 λαμϐά-

283 1761 449 1799 νεται.

347 1839 556 1892 ΠΑΛΛ.
599 1839 850 1911 Συνίημι.

346 1931 510 1983 ΚΥΡ.
555 1931 850 2004 Ἀλλοτριοῖ
872 1934 1160 2006 τοιγαροῦν
1197 1937 1225 1988 ὁ
1251 1935 1435 2008 νόμος,
1463 1938 1558 1991 καὶ
1587 1935 1876 2006 ύπεξάγεικ

275 2022 548 2092 σωμάτων
580 2024 688 2076 τῶν
714 2026 1067 2098 σφαζομένων
1091 2027 1152 2080 τὸ
1173 2023 1311 2098 αἷμα
1331 2068 1346 2093 ,
1381 2029 1557 2100 δόγμα
1585 2030 1848 2084 διδάσκων

275 2115 509 2185 ἀληθὲς,
539 2117 632 2169 καὶ
663 2118 797 2188 πρός
836 2135 900 2186 γε
936 2119 1094 2190 ἡμῶν
1127 2120 1306 2175 αὐτῶν
1341 2123 1400 2174 ὲν
1428 2121 1607 2174 πίστει
1640 2121 1845 2185 δεκτὺν,

274 2207 372 2260 καὶ
402 2209 458 2259 ὲν
492 2209 838 2280 Ἐκκλησίαις
861 2210 1058 2282 τίμιον,
1088 2212 1169 2279 τδ,
1198 2213 1468 2268 ἀθάνατον
1495 2209 1633 2269 εἷναί
1665 2231 1806 2285 φημι
1830 2255 1846 2277 ,

272 2299 580 2353 διακεῖσθαι
621 2301 714 2354 καὶ⁵
757 2306 974 2373 φρονεῖν
1017 2305 1116 2374 τὴν
1158 2305 1514 2378 λογικὴνδτοῦ
1559 2304 1846 2377 ἀνθρώπου

271 2389 475 2461 ψυχὴν,
510 2393 575 2462 ἥν
607 2395 719 2456 τοῖς
745 2394 954 2462 γηῒνοις
987 2393 1258 2465 σώμασιν,
1295 2397 1356 2449 ού
1386 2395 1847 2468 συγκαταφθείρει

274 2482 526 2548 Θάνατος,
552 2483 772 2536 ἀπολύει
795 2484 850 2537 δὲ
870 2485 1070 2555 μᾶλλον
1091 2487 1182 2540 καὶ
1205 2488 1418 2560 ἀνίησιν
1438 2489 1466 2540 6
1483 2490 1556 2559 Δη
1566 2489 1846 2558 μιουργὸς,

275 2575 374 2627 καὶ
410 2574 674 2642 ὑπεξάγει
705 2575 800 2628 τοῦ
840 2575 1066 2644 παθεῖν,
1101 2576 1247 2649 ζωῆς
1279 2580 1566 2650 ἀποφήνας
1597 2579 1844 2650 μέτοχον.

275 2663 578 2734 Πεποίηται
603 2665 708 2735 γὰρ
747 2667 775 2719 6
807 2656 1094 2738 ἄνθρωπος
1122 2668 1181 2722 ὲν
1213 2669 1408 2739 ἀρχαῖς
1428 2671 1507 2732 είς
1532 2670 1708 2741 ψυχὴν
1737 2671 1846 2736 ζῶ-

282 2771 402 2819 σαν,
429 2755 652 2820 ὲνιέντος
675 2757 824 2828 αύτῷ
854 2757 949 2810 τοῦ
978 2757 1112 2812 Θεοῦ
1144 2760 1311 2830 πνοὴν
1340 2761 1482 2830 ζωῆς
1503 2778 1515 2791 ·
1541 2762 1847 2831 γέγραπται

281 2845 388 2916 γὰρ
427 2845 540 2900 ὡδί.
573 2848 1010 2920 Καταγράψομεν
1039 2850 1169 2922 γὰρ,
1207 2851 1458 2922 καθάπερ
1502 2845 1736 2923 ὲγῷμαι,
1788 2852 1849 2906 τὸ

277 2935 468 2988 ἀναλκι
497 2935 596 3006 τῆς
619 2936 689 2990 τά
721 2938 897 2991 πάντα
933 2939 1308 3011 ζωογονούσης
1336 2939 1501 3010 ζωῆς,
1548 2943 1596 2994 εί
1628 2941 1687 2994 τὸ
1713 2941 1847 3012 πρὸς

274 3025 446 3097 αὐτῆς
483 3029 706 3096 γεγονὸς
740 3032 819 3094 εἰς
860 3029 1024 3101 ζωὴν,
1077 3032 1482 3087 συνδιόλλυσθαί
1523 3049 1704 3103 φαμεν
1737 3036 1848 3097 τοῖς

1957 579 2153 632 mabus
2184 579 2420 644 vestris;
2463 577 2688 648 sanguis
2723 575 2873 632 enim
2909 576 3030 646 ejus
3061 592 3161 645 pro
3194 577 3373 630 anima
3410 591 3540 645 pro-

1957 669 2263 740 pitiabitur.
2297 670 2426 724 Ideo
2468 668 2580 722 dixi
2616 667 2743 722 ﬁliis
2785 665 2953 721 Israel
2988 684 2999 718 :
3032 665 3221 721 Omnis
3261 667 3442 721 anima
3473 680 3541 722 ex

1956 758 2114 813 vobis
2154 773 2264 812 non
2309 756 2561 812 comedet
2606 755 2954 825 sanguinem.
2984 754 3052 808 Et
3085 755 3412 827 proselytus,
3445 757 3541 826 qui

1957 850 2240 920 appositus
2291 857 2377 904 est
2411 847 2603 912 vobis,
2633 863 2745 902 non
2792 847 3043 902 comedet
3089 847 3442 915 sanguinem;
3484 854 3543 902 et

1957 942 2122 996 homo
2143 941 2210 996 de
2234 939 2362 994 ﬁliis
2399 939 2567 994 Israel
2610 944 2706 992 aut
2751 938 2820 992 de
2845 935 3157 1007 proselytis,
3183 937 3276 1005 qui
3304 937 3539 1005 appositi

1957 1043 2085 1089 sunt
2115 1033 2293 1098 vobis,
2320 1032 2414 1102 qui
2448 1032 2700 1086 venando
2724 1029 2933 1099 ceperit
2979 1029 3172 1092 feram,
3213 1037 3309 1081 aut
3356 1044 3535 1094 avem,

1956 1139 2063 1194 qua
2094 1125 2240 1180 vesci
2261 1125 2412 1188 licet,
2433 1121 2682 1176 effundet
2719 1119 3042 1190 sanguinem
3080 1118 3218 1187 ejus,
3246 1124 3302 1171 et
3324 1117 3540 1186 operiet

1957 1215 2111 1270 illum
2135 1221 2314 1282 terra;
2342 1214 2522 1269 anima
2545 1211 2695 1268 enim
2720 1210 2902 1266 omnis
2928 1208 3133 1273 carnis,
3165 1208 3390 1278 sanguis
3421 1208 3542 1278 ejus

1955 1315 2059 1364 est.
2084 1307 2153 1362 Et
2183 1306 2297 1362 dixi
2327 1305 2452 1360 ﬁliis
2477 1304 2680 1360 Israel:
2705 1301 3038 1373 Sanguinem
3061 1298 3331 1353 universa:
3357 1297 3540 1352 carnis

1955 1415 2066 1454 non
2110 1397 2432 1463 comedetis,
2471 1397 2602 1467 quia
2647 1395 2830 1451 anima
2877 1394 3058 1448 omnis
3092 1391 3277 1448 carnis
3318 1388 3540 1459 sanguis

1955 1491 2075 1561 ejus
2100 1500 2214 1557 est;
2245 1490 2340 1560 qui
2364 1489 2545 1546 ederit
2568 1504 2716 1552 eum,
2743 1485 3206 1542 exterminabitur
3238 1483 3304 1535 ".
3339 1501 3356 1532 ›
3400 1479 3537 1535 Vide

1955 1582 2124 1654 igitur
2148 1591 2336 1652 aperte
2361 1597 2427 1637 ac
2458 1579 2747 1636 manifeste
2773 1595 2874 1650 pro
2901 1577 3098 1633 animae
3123 1576 3294 1647 ﬁgura
3320 1572 3538 1644 sangui-

1954 1689 2082 1728 nem
2109 1673 2302 1744 accipi.

1879 1829 1924 1885 Β
2024 1842 2224 1898 PALL.
2259 1844 2530 1916 Intelligo.

2024 1934 2182 1990 CYR.
2225 1934 2337 1990 Lex
2366 1935 2533 2004 igitur
2563 1932 2885 2004 sanguinem
2923 1946 2952 1986 a
2984 1930 3310 2001 corporibus
3338 1928 3536 1987 occisis

1951 2027 2188 2099 sejungit
2220 2042 2285 2082 ac
2320 2025 2625 2090 subtrahit;
2667 2039 2776 2094 qua
2808 2024 2863 2077 in
2892 2038 2951 2077 re
2979 2022 3174 2094 dogma
3210 2031 3403 2077 verum
3430 2021 3531 2077 do-

1951 2126 2040 2174 cet
2072 2125 2128 2172 et
2156 2134 2187 2172 a
2225 2118 2386 2173 nobis
2429 2117 2563 2187 ipsis
2599 2116 2707 2170 ﬁde
2753 2122 3058 2183 receptum,
3093 2122 3149 2168 et
3183 2114 3238 2167 in
3272 2101 3536 2170 Ecclesiis

1952 2211 2008 2266 in
2036 2211 2329 2280 praecipuis
2365 2210 2651 2275 habitum;
2689 2223 2886 2277 nempe
2926 2208 3004 2262 sic
3043 2207 3355 2261 habendum
3387 2223 3531 2274 esse,

1951 2310 2013 2356 ut
2047 2301 2287 2355 animam
2330 2299 2572 2354 hominis
2611 2299 2842 2352 rationis
2883 2306 3215 2367 compotem,
3249 2299 3534 2354 immorta-

1950 2392 2058 2447 lem
2084 2402 2376 2462 putcmus;
2405 2406 2585 2460 neque
2619 2391 2769 2445 enim
2804 2404 2954 2443 mors
2981 2405 3099 2443 eam
3131 2405 3238 2443 una
3269 2405 3394 2444 cum
3427 2397 3535 2444 ter-

1951 2485 2098 2538 renis
2118 2483 2444 2553 corporibus
2473 2482 2760 2548 interimit,
2803 2481 2896 2536 sed
2923 2482 3108 2551 potius
3131 2481 3219 2536 ille
3245 2481 3531 2545 Conditor,

1950 2575 2046 2644 qui
2071 2573 2149 2630 illi
2176 2575 2345 2628 vitam
2373 2573 2696 2642 impertivit,
2724 2571 2978 2636 absolvit,
2999 2579 3054 2625 et
3080 2572 3305 2636 relaxat,
3330 2587 3392 2625 ac
3407 2571 3534 2626 sub-

1949 2664 2121 2728 ducit,
2162 2663 2455 2734 quominus
2487 2678 2606 2717 eam
2636 2661 2996 2732 perpetiatur.
3034 2661 3231 2715 Factus
3263 2668 3348 2714 est
3383 2661 3532 2714 enim

1948 2755 2115 2809 homo
2154 2755 2222 2808 ab
2262 2755 2383 2824 ipso
2416 2754 2573 2808 initio
2615 2755 2672 2807 in
2708 2753 2945 2807 animam
2985 2751 3282 2815 viventem,
3315 2766 3438 2806 cum
3476 2750 3534 2804 in

1949 2846 2130 2916 ipsum
2172 2845 2316 2900 Deus
2367 2844 2686 2898 immisisset
2741 2843 2994 2914 spiritum
3038 2843 3200 2908 vitai;
3248 2841 3328 2896 sic
3383 2841 3533 2896 enim

1949 2937 2214 3008 scriptum
2252 2943 2337 2992 cst
2369 2938 2454 2990 η’.
2492 2936 2862 3007 Impingemus
2901 2935 3070 3000 enim,
3099 2944 3160 2989 ut
3200 2934 3415 3005 opinor,
3454 2933 3536 2988 in-

1949 3029 2225 3084 ﬁrmitatis
2278 3028 2476 3082 vitium
2534 3029 2659 3082 vitae
2711 3021 2810 3093 illi,
2856 3029 3041 3082 omnia
3093 3027 3413 3089 viviﬁcanti,
3463 3026 3532 3094 si,

275 3118 633 3189 προσκαίροις
670 3119 908 3191 σώμασι.
950 3122 1168 3175 Συνέσει
1201 3123 1256 3176 δὲ
1294 3126 1360 3194 τῇ
1409 3124 1675 3196 παγκάλῳ
1725 3126 1846 3178 στὲ·

1951 3119 2097 3190 quod
2136 3119 2206 3173 ab
2235 3133 2300 3173 ea
2333 3117 2660 3188 productum
2690 3125 2773 3171 est
2799 3125 2857 3170 ut
2883 3117 3053 3182 vivat,
3079 3133 3188 3170 una
3213 3132 3338 3170 cum
3362 3117 3532 3172 cadu-

272 3206 472 3276 ψομεν,
505 3207 770 3263 ἀθάνατον
801 3205 939 3264 εἶναι
965 3211 1330 3274 πιστεύοντες,
1359 3212 1550 3267 δοκοῦν
1570 3207 1672 3267 ὧδε
1702 3214 1845 3284 ἔχειν

275 3298 444 3370 αὐτὴν
478 3300 556 3371 τῷ
576 3303 791 3355 πάντων
828 3293 1186 3374 Δημιουργῷ,
1214 3304 1270 3356 ὲν
1298 3297 1341 3372 ᾧ
1375 3303 1557 3374 ζῶμεν
1583 3347 1597 3372 ,
1638 3307 1732 3358 καὶ
1765 3323 1848 3359 κι-

276 3387 536 3458 νούμεθα,
555 3390 650 3445 καὶ
673 3392 858 3462 ἐσμέν.
889 3392 997 3445 Καὶ
1013 3385 1187 3455 οὗτος,
1221 3390 1374 3462 οἶμαί
1402 3409 1528 3460 που,
1553 3394 1652 3465 τῆς
1681 3413 1846 3466 νομο-

276 3479 464 3543 θεσίας
496 3480 592 3550 τῆς
619 3482 710 3534 ἐπὶ
737 3481 873 3552 τῷδε
907 3482 1088 3550 λόγος.
1122 3483 1321 3553 Ἴωμεν
1354 3483 1410 3536 δὲ
1450 3485 1544 3538 καὶ
1574 3487 1658 3555 ἐφ’
1685 3485 1847 3556 ἔτερα

274 3570 620 3642 δικαιώματα
656 3573 755 3641 τῆς
789 3573 1009 3644 σκηνῆς.
1049 3573 1194 3643 Ἔφη
1235 3574 1412 3627 τοίνυν
1444 3575 1472 3627 ὁ
1518 3574 1650 3638 Θεὸς
1679 3577 1737 3628 ὲν
1781 3577 1846 3646 τῇ

291 3660 489 3731 Ἐξὸδῳ
511 3701 525 3725 ,
567 3680 585 3712 ι
622 3663 697 3714 Οὐ
747 3661 969 3731 σφάξεις
999 3662 1091 3715 ἐπὶ
1121 3662 1267 3734 ζύμῃ
1301 3659 1440 3735 αἷμα
1480 3665 1848 3736 θυσιάσματός

278 3765 403 3819 μου.
442 3767 462 3802 ι
497 3751 738 3821 Ἀζυμον
784 3751 943 3815 ἔστω,
983 3753 1152 3822 φησὶ,
1182 3753 1241 3805 τὸ
1277 3754 1638 3826 προχεόμενοι)
1665 3751 1803 3827 αἷμα
1830 3796 1846 3823 ,

277 3840 372 3894 καὶ
403 3840 542 3910 ὑπὲρ
563 3841 655 3894 τοῦ
686 3843 1226 3913 προσκεκομισμένου
1257 3846 1336 3908 είς
1368 3844 1556 3899 θυσίαν
1586 3845 1663 3918 τῷ
1689 3847 1807 3919 Θεῷ
1831 3887 1846 3913 ,

276 3931 456 4003 ζύμης
487 3933 636 4004 αὐτῷ
661 3933 900 4004 δηλονότι
945 3935 1062 4005 ῆτοι
1091 3934 1418 4006 σεμιδάλεως
1447 3938 1806 4010 ὲζυμωμένης
1829 3980 1846 4004 ,

275 4024 379 4077 οὐκ
411 4025 844 4097 ἔπενηνεγμένης
866 4043 880 4056 ο
913 4025 1018 4098 χρὴ
1045 4025 1150 4098 γὰρ
1171 4029 1317 4098 ἡμᾶς
1338 4030 1850 4103 ὲκκεκαθαρμὲνους

277 4117 375 4171 καὶ
397 4116 639 4188 ἀζύμους
671 4116 859 4188 ῶσπερ
905 4118 1268 4189 ὑπάρχοντας,
1297 4121 1440 4173 τοῦτ’
1475 4120 1612 4187 ἐστι,
1643 4122 1741 4194 τὴν
1785 4125 1850 4177 ἐκ

1949 3211 2028 3266 cis
2050 3208 2380 3280 corporibus
2404 3207 2708 3262 dixerimus
2732 3208 2990 3273 interire;
3017 3223 3081 3261 ac
3102 3206 3344 3260 vicissim
3368 3221 3538 3260 orna-

1948 3301 2130 3356 bimus
2167 3300 2428 3370 praeclara
2468 3299 2753 3368 sapientia:
2783 3299 2968 3364 laude,
2997 3300 3041 3352 si
3075 3299 3221 3352 illam
3256 3297 3538 3351 immorta-

1948 3392 2056 3447 lem
2098 3407 2218 3447 cssc
2259 3391 2680 3456 crediderimus,
2718 3405 2892 3460 eaque
2929 3389 3242 3444 conditione
3275 3399 3336 3443 ut
3363 3398 3530 3454 esset,

1949 3485 2027 3539 illi
2058 3484 2305 3540 omnium
2337 3498 2525 3538 rerum
2569 3481 2777 3538 Artiﬁci
2812 3482 3108 3552 placuisse,
3139 3481 3300 3551 357
3344 3480 3398 3533 in
3425 3495 3534 3548 quo
3628 3513 3630 3518 -

1947 3576 2204 3639 vivimus,
2233 3583 2290 3630 et
2315 3589 2600 3628 movemur
2629 3583 2685 3628 et
2707 3589 2918 3628 sumus.
2947 3573 3130 3642 Atque
3162 3573 3266 3626 hoc
3297 3571 3400 3626 sibi
3433 3587 3532 3625 vo-

1949 3667 2070 3721 lunt
2093 3667 2228 3736 legis
2251 3666 2353 3720 hac
2381 3665 2448 3719 de
2473 3681 2532 3719 re
2557 3664 2869 3719 constitutae
2893 3665 3081 3719 verba.
3112 3664 3217 3721 Sed
3243 3679 3534 3734 pergamus

1949 3759 2018 3813 ad
2054 3758 2190 3812 alias
2231 3755 2571 3812 tabernaculi
2615 3757 2783 3827 leges.
2823 3755 2912 3810 Ait
2955 3757 3122 3826 igitur
3166 3755 3432 3815 Dominus
3476 3755 3531 3808 in

1947 3851 2137 3906 Exodo
2168 3867 2180 3903 :
2217 3869 2234 3902 ι
2267 3849 2388 3904 Νοιι
2414 3848 2680 3903 mactabis
2713 3864 2880 3918 super
2908 3847 3180 3902 fermento
3211 3847 3532 3917 sanguinem

1946 3941 2140 3996 hostia:
2162 3955 2300 3995 mea:
2321 3939 2388 3994 ".
2422 3958 2440 3988 ι
2478 3938 2608 3993 Sine
2635 3937 2906 3993 fermento
2937 3937 3027 4002 sit,
3057 3937 3255 4007 inquit,
3289 3937 3530 4007 sanguis,

1948 4032 2042 4102 qui
2080 4030 2354 4094 funditur,
2379 4043 2560 4098 neque
2597 4044 2762 4098 super
2790 4027 2867 4092 id,
2895 4026 3041 4097 quod
3077 4027 3187 4081 Deo
3229 4026 3285 4080 in
3322 4026 3531 4082 sacriﬁ-

1947 4122 2093 4176 cium
2123 4119 2373 4184 oli‘ertur,
2400 4118 2730 4173 fermentum
2771 4125 2866 4171 aut
2889 4117 3062 4171 simila
3085 4115 3407 4170 fermentata
3431 4115 3531 4170 ad-

280 4207 618 4278 φαυλότητος
649 4208 743 4259 καὶ
774 4209 1035 4277 πονηρίας
1063 4209 1224 4261 οἱονεί
1249 4227 1365 4273 πως
1409 4211 1727 4282 ἐπιπλοκὴν,
1768 4214 1850 4276 είς

1951 4212 2166 4283 iiciatur
2193 4229 2205 4265 :
2233 4219 2451 4282 oportet
2485 4210 2632 4264 enim
2677 4217 2740 4261 ut
2777 4207 3067 4278 expurgati
3105 4214 3161 4261 et
3194 4207 3368 4277 azymi
3391 4220 3532 4275 quo-

278 4297 405 4352 νοῦν
432 4299 531 4352 οὐκ
563 4298 782 4369 ἔχοντας
811 4336 826 4360 ,
860 4297 1152 4368 καθιεροῦν
1188 4299 1266 4370 τῷ
1312 4300 1431 4368 Θεῷ
1485 4301 1585 4366 τάς
1642 4302 1848 4356 ἑαυτῶν

277 4388 478 4458 ψυχὰς,
513 4381 587 4440 ὧν
638 4387 718 4450 είς
750 4387 918 4439 τύπον
952 4386 1009 4439 τὸ
1053 4381 1219 4457 αἴμα’
1254 4389 1370 4443 νέον
1401 4389 1458 4442 δὲ
1491 4390 1718 4462 φύραμα
1755 4393 1849 4445 καὶ

1947 4305 2260 4370 dammodo,
2294 4302 2350 4357 id
2397 4309 2502 4366 est,
2547 4301 2754 4355 nullam
2798 4299 2920 4353 vitii
2969 4308 3131 4369 atque
3165 4298 3534 4368 improbitatis

1946 4394 2328 4448 admistionem
2374 4392 2432 4445 in
2477 4389 2662 4444 animo
2705 4387 2994 4454 habentes,
3037 4389 3250 4444 animas
3291 4397 3528 4453 nostras,

278 4473 521 4542 ἀζύμους
549 4473 732 4526 ὲκάλει
770 4474 864 4526 καὶ
910 4475 938 4526 6
967 4473 1248 4538 θεσπέσιος
1281 4475 1492 4540 Παῦλος
1521 4518 1536 4544 ,
1566 4481 1692 4542 τοὺς
1718 4480 1847 4533 εἱλι-

1951 4501 2182 4556 quarum
2224 4482 2446 4554 sanguis
2491 4481 2720 4551 ﬁguram
2760 4481 2919 4551 gerit,
2956 4481 3069 4536 Deo
3107 4495 3528 4546 consecremus;

278 4566 441 4635 κρινῆ
489 4565 582 4618 καὶ
611 4565 896 4628 ἀθόλωτον,
937 4565 1028 4618 καὶ
1057 4567 1346 4637 ἀσυμμιγῆ
1389 4569 1722 4640 φαυλότητος
1753 4571 1852 4641 τὴν

278 4657 486 4710 οἰκείαν
506 4656 804 4728 τηροῦντας
829 4657 1026 4728 ψυχὴν,
1048 4657 1134 4711 διά
1155 4658 1390 4722 πίστεως
1412 4660 1468 4712 δὲ
1488 4661 1726 4731 δηλονότι
1754 4663 1854 4732 τῆς

278 4751 364 4813 είς
393 4749 643 4822 Χριστὸν,
675 4750 767 4802 καὶ
792 4750 1012 4820 ἀγάπης
1040 4750 1339 4814 ὀλοτελοῦς.
1383 4751 1523 4804 Ἀλλ’
1558 4771 1576 4803 ι
1613 4753 1747 4806 Οὐδὲ
1779 4755 1853 4824 μὴ

280 4839 574 4912 κοιμηθῇ,
639 4843 792 4912 φησὶ,
850 4843 1020 4910 στέαρ
1091 4842 1192 4912 τῆς
1264 4842 1459 4914 ἑορτῆς
1540 4860 1679 4914 μου,
1751 4843 1856 4906 ἕως

279 4929 450 5001 πρωῒ,
506 4949 523 4980 ι
581 4931 720 4984 τοῦτ’
755 4931 889 4994 ἐστι,
935 4931 1117 5002 χθιζὸν
1169 4931 1269 4985 οὐκ
1299 4932 1534 4996 ἀνοίσεις
1569 4933 1733 5004 στέαρ
1770 4933 1851 4996 είς

279 5019 462 5089 ὀσμὴν
517 5020 762 5082 εὐωδίας.
820 5021 906 5074 Ἐν
961 5019 1017 5073 δὲ
1066 5019 1144 5091 τῷ
1191 5021 1462 5092 Λευιτικῷ
1515 5022 1852 5093 σαφεστέραν

283 5113 521 5164 ποιεῖται
544 5108 634 5162 τοῦ
659 5111 823 5179 νόμου
851 5110 951 5180 τὴν
980 5109 1235 5180 δήλωσιν,
1265 5113 1358 5165 καὶ
1387 5112 1446 5165 τὸ
1478 5111 1667 5183 χρῆμα
1698 5115 1855 5184 ἐναρ-

282 5203 384 5269 γὲς
420 5201 708 5272 καθίστησι
752 5200 926 5268 λέγων
967 5201 1094 5271 περὶ
1137 5201 1230 5253 τοῦ
1272 5203 1638 5274 προσάγοντος
1682 5202 1851 5274 θῦμα·

290 5313 310 5344 ι
364 5291 481 5345 Κᾶν
516 5291 696 5362 εύχὴν,
731 5291 762 5360 ἢ
808 5292 1051 5344 ἑκούσιον
1084 5291 1318 5364 θυσιάσῃ
1359 5293 1419 5346 τὸ
1453 5294 1624 5366 δῶρον
1655 5294 1817 5348 αὑτοῦ
1839 5334 1853 5357 ,

285 5381 322 5458 ᾖ
358 5383 421 5437 ἂν
448 5383 628 5456 ἡμέρᾳ
653 5383 988 5454 προσενέγκῃ
1020 5381 1118 5452 τὴν
1142 5383 1350 5449 θυσίαν,
1372 5385 1730 5456 βρωθήσεται,
1765 5386 1858 5440 καὶ

286 5480 356 5546 τῇ
386 5476 602 5546 αὔριον·
654 5477 714 5529 τὸ
764 5477 820 5528 δὲ
865 5475 1220 5543 καταλειφθὲν
1253 5477 1359 5529 ἀπὸ
1399 5478 1505 5531 τῶν
1539 5478 1715 5548 κρεῶν
1760 5479 1857 5547 τῆς

288 5568 480 5631 θυσίας
508 5610 521 5633 ,
573 5568 676 5630 ἕως
716 5565 925 5636 ἡμέρας
976 5566 1185 5636 τρίτης,
1233 5569 1290 5619 ὲν
1334 5568 1466 5637 πυρὶ
1501 5569 1850 5638 καυθήσεται.

1948 4591 2147 4631 novam
2193 4575 2358 4630 etiam
2403 4573 2850 4641 conspersionem
2888 4579 2944 4625 et
2983 4585 3204 4642 azymos
3239 4571 3534 4640 appellavit

1949 4667 2145 4722 beatus
2172 4664 2376 4719 Paulus
2396 4662 2464 4728 ”,
2497 4662 2591 4732 qui
2630 4679 2730 4733 per
2771 4661 2933 4716 ﬁdem
2971 4661 3025 4716 in
3056 4661 3361 4726 Christum,
3387 4662 3531 4716 inte—

1951 4770 2212 4828 grauique
2262 4753 2613 4809 dilectionem
2658 4753 2928 4807 sinceram
2984 4768 3050 4806 ac
3095 4767 3311 4822 puram,
3355 4759 3412 4806 et
3461 4751 3532 4806 ab

1951 4847 2102 4904 omni
2151 4845 2521 4916 improbitatis
2566 4843 2896 4898 admistione
2945 4844 3248 4913 sejunctam
3295 4841 3532 4896 animam

1951 4943 2363 4995 conservarent.
2411 4932 2555 5000 Quin
2597 4932 2764 4986 etiam
2821 4949 2835 4985 ε
2899 4951 2920 4984 ι
2975 4931 3098 4986 Non
3140 4930 3530 5001 pernoctabit,

1949 5027 2146 5096 inquit,
2195 5025 2363 5094 adeps
2404 5021 2718 5077 festivitatis
2758 5036 2892 5076 meae
2912 5035 3088 5091 usque
3119 5035 3280 5075 mane
3307 5021 3387 5085 “;
3420 5039 3438 5070 ι
3475 5017 3531 5072 id

1949 5126 2053 5182 est,
2089 5118 2413 5172 hesternum
2455 5115 2672 5185 adipem
2704 5130 2813 5169 non
2842 5113 3042 5169 offeres
3069 5113 3126 5167 in
3158 5113 3381 5167 odorem
3411 5125 3534 5164 sua-

1950 5205 2152 5259 vitatis.
2175 5205 2236 5258 In
2258 5204 2501 5259 Levitico
2522 5213 2704 5259 autem
2725 5204 2971 5274 apertius
2992 5203 3135 5257 hanc
3157 5202 3332 5270 legem
3354 5199 3530 5269 expli-

1961 5305 2068 5362 cat,
2093 5311 2323 5366 eamque
2347 5312 2459 5351 rem
2487 5297 2832 5366 perspicuam
2863 5295 2992 5349 facit
3016 5293 3205 5348 dicens
3227 5292 3294 5346 de
3321 5306 3408 5355 eo,
3435 5290 3531 5361 qui

1963 5389 2122 5444 oll'ert
2149 5389 2427 5444 victimam
2463 5406 2474 5440 :
2516 5407 2533 5438 ‹
2575 5387 2700 5442 Sive
2739 5394 2866 5441 voto
2894 5386 3160 5448 debitum,
3189 5383 3303 5439 sive
3332 5383 3531 5438 volun-

1963 5479 2160 5532 tarium
2187 5477 2576 5533 sacrificaverit
2601 5490 2803 5529 munus
2831 5487 3010 5538 suum,
3040 5487 3148 5542 quo
3191 5471 3280 5528 die
3312 5471 3531 5528 obtule-

1962 5569 2032 5622 rit
2075 5568 2425 5630 sacriﬁcium,
2461 5566 2803 5629 comodetur,
2828 5574 2884 5620 et
2925 5564 3226 5634 postridie;
3260 5564 3403 5637 quod
3436 5579 3537 5620 au-

367 5752 408 5783 "
439 5751 614 5808 Levii.
659 5766 784 5816 xvii,
829 5748 978 5802 8-1L
1058 5749 1118 5780 “'
1144 5748 1279 5802 Gen.
1310 5764 1366 5814 ιι,
1390 5748 1437 5799 7.
1516 5750 1558 5779 ²²
1585 5748 1754 5803 Exod.
1782 5766 1848 5802 xx

1951 5750 2068 5808 .25.
2146 5751 2188 5782 ²³
2213 5749 2230 5802 l
2254 5749 2378 5803 Cor.
2408 5764 2456 5812 v,
2491 5748 2541 5800 7.
2620 5748 2665 5779 ’³
2691 5747 2848 5802 Deut.
2882 5762 3029 5815 mn,
3061 5747 3157 5802 18.
