4142 6296
659 298 762 356 699

1612 304 1695 367 .S.
1734 305 2010 362 CYRILLI
2049 302 2519 360 ALEXANDRINI
2556 304 2878 366 ARCHIEP.

3819 297 3943 355 700

660 419 771 467 tem
804 410 1078 481 reliquum
1109 411 1277 467 fuerit
1313 411 1380 466 de
1406 412 1665 469 carnibus
1697 414 1955 470 sacriﬁcii
1979 427 2151 483 usque
2179 412 2233 467 in

2350 409 2475 463 Ἐὰν
2502 410 2558 463 δὲ
2588 410 2778 480 φαγὼν
2826 411 2976 484 φάγῃ
3006 409 3116 464 ἀπὸ
3147 409 3256 464 τῶν
3304 406 3483 481 κρεῶν
3526 408 3594 478 τῇ
3630 403 3827 479 ἡμέρᾳ
3856 407 3937 477 τῇ

660 502 806 558 diem
831 502 1077 568 tertium,
1107 504 1217 575 igni
1244 505 1618 559 comburetur.
1646 505 1804 574 Quod
1826 507 1872 562 si
1893 504 2231 562 comedendo

659 591 961 647 comederit
982 594 1049 648 de
1076 594 1334 650 carnibus
1357 595 1446 649 die
1470 596 1655 661 tertio,
1678 612 1790 651 non
1814 596 1921 651 erit
1943 603 2230 665 acceptum

658 682 913 738 oﬁ‘erenti
962 684 1118 751 illud,
1161 702 1272 740 non
1321 687 1686 757 imputabitur
1730 687 1867 758 ipsi;
1924 686 2230 758 inquinatio

656 784 771 841 est;
826 776 1008 830 anima
1059 786 1243 832 autem
1282 794 1404 849 quae
1441 779 1509 833 de
1545 779 1654 834 illis
1700 779 2020 846 comederit,
2050 778 2232 848 inqui-

655 868 903 934 nabitur,
927 881 984 924 et
1004 877 1289 939 peccatum
1318 871 1626 941 accipiet”.
1660 891 1678 923 ›
1708 871 1895 927 Tertio
1917 872 2082 943 igitur
2101 880 2230 926 ante

657 957 746 1014 die
766 959 1104 1014 immolatum
1128 959 1459 1016 sacriﬁcium
1488 962 1696 1033 rejicit;
1715 962 1811 1016 sed
1828 963 1992 1016 etiam
2014 962 2231 1018 hester-

657 1064 790 1102 num
807 1063 864 1103 se
887 1051 1126 1103 aversari
1149 1049 1465 1117 declaravit,
1496 1050 1723 1106 dicens:
1757 1070 1776 1102 ‹
1808 1050 1964 1117 Quod
1986 1050 2031 1105 si
2057 1051 2231 1106 sacri-

658 1136 910 1193 ﬁeaveris
949 1137 1280 1193 sacriﬁcium
1314 1148 1503 1196 votum
1540 1156 1641 1211 pro
1666 1140 1857 1212 gratiis
1878 1139 2103 1211 agendis
2125 1141 2231 1195 Do-

658 1225 896 1292 mino,ut
919 1227 1253 1297 acceptabile
1269 1228 1342 1283 sit
1359 1229 1537 1296 vobis,
1563 1229 1942 1286 sacriﬁcabitis
1963 1230 2120 1296 illud,
2138 1246 2232 1286 eo-

657 1316 783 1371 dem
804 1317 921 1388 ipso
935 1318 1022 1373 die
1039 1319 1358 1390 cpmedetur
1372 1338 1386 1373 :
1400 1336 1512 1375 non
1528 1321 1874 1391 relinquetur
1892 1321 1959 1376 de
1971 1321 2232 1376 carnibus

655 1406 712 1461 in
740 1423 899 1464 mane
927 1427 940 1462 :
969 1426 1071 1481 ego
1094 1425 1214 1465 sum
1239 1410 1536 1478 Dominus;
1558 1422 1843 1481 peccatum
1866 1413 2098 1482 accipiet
2124 1412 2223 1465 π.»

728 1498 925 1555 PALL.
945 1501 1052 1556 Sed
1075 1503 1326 1572 quisnam
1352 1504 1548 1558 horum
1574 1504 1869 1559 verborum
1890 1520 2085 1559 sensus
2105 1504 2231 1560 est?

725 1589 884 1646 CYB.
919 1591 979 1646 In
1016 1592 1395 1662 superioribus
1422 1595 1509 1649 lex
1541 1595 1700 1651 nobis
1730 1611 2104 1666 saepenumero
2131 1594 2230 1649 de-

655 1684 981 1739 monstravit
1013 1683 1161 1740 hunc
1198 1700 1407 1741 morem
1439 1701 1560 1743 esse
1592 1687 1792 1743 divinae
1825 1686 2141 1757 Scriptura},
2170 1695 2233 1741 ut

2337 500 2516 573 τρίτῃ,
2549 503 2611 555 οὐ
2636 502 2958 574 δεχθήσεται
2986 501 3135 574 αὐτῷ
3158 502 3235 573 τῷ
3273 500 3641 574 προσφέροντε.
3665 497 3829 564 αὐτὸ,
3863 497 3934 551 οὖ

2336 590 2715 663 λογισθήσεται
2747 592 2916 664 αὐτῷ,
2952 592 3169 665 μίασμά
3218 594 3367 647 ἐστιν
3393 609 3407 624 ·
3454 594 3489 663 ἡ
3514 592 3572 644 δὲ
3595 590 3747 661 ψυχὴ
3793 589 3937 659 ἣτις

2338 679 2404 734 ἂν
2433 681 2584 753 φάγῃ
2619 684 2717 738 ἀπ’
2750 685 2919 738 αὐτοῦ
2944 724 2959 749 ,
2991 684 3374 756 μιανθήσεται,
3398 684 3493 737 καὶ
3513 682 3611 753 τὴν
3636 681 3935 752 ἁμαρτίαν

2336 769 2582 841 λήψεται.
2612 790 2630 822 ι
2664 772 2916 844 Τριταῖον
2940 773 3036 843 μὲν
3065 768 3158 827 οὖν
3174 770 3746 841 ἀποπέμπεταιθῦμα,
3771 787 3934 838 παρα

2338 863 2567 916 αιτεῖται
2592 861 2649 916 δὲ
2675 863 2756 917 ὅτι
2791 865 2884 917 καὶ
2906 863 2964 916 τὸ
2999 863 3198 934 χθιζὸν,
3219 863 3465 931 διεσάφει
3494 861 3687 929 λέγων.
3723 880 3743 912 ι
3790 858 3934 911 Ἐὰν

2336 951 2392 1005 δὲ
2425 951 2593 1025 eam;
2627 952 2817 1008 θυσίαν
2855 955 3021 1024 εὐχὴν
3068 943 3422 1025 χαρμοσύνης
3462 951 3539 1021 τῷ
3578 950 3795 1022 Κυρίῳ,
3840 951 3934 1011 εἷς

2335 1042 2522 1098 δεκτὺν
2547 1044 2674 1114 ὑμῖν
2708 1044 2896 1099 θύσετε
2917 1044 3072 1099 αὑτό.
3099 1046 3245 1116 Αῠτῇ
3267 1047 3332 1115 τῇ
3355 1045 3539 1115 ἡμέρᾳ
3566 1042 3748 1113 ἐκείνη
3781 1040 3932 1110 βρω-

2337 1135 2580 1207 θήσεται,
2613 1139 2672 1191 οὐ
2696 1138 3078 1209 καταλείψεται
3101 1138 3209 1192 ἀπὸ
3228 1137 3336 1191 τῶν
3361 1135 3538 1207 κρεῶν
3559 1138 3639 1200 είς
3659 1134 3723 1189 τὸ
3743 1133 3923 1203 πρωΐ·

2336 1227 2579 1300 ὲγώείμι
2612 1229 2838 1303 Κύριοςο
2865 1232 2965 1302 τὴν
2997 1230 3271 1304 ἁμαρτίαν
3305 1227 3555 1300 λήψεται.
3595 1245 3616 1279 ι

2406 1502 2613 1559 ΠᾹΛΛ.
2651 1498 2785 1560 Εἶτα
2811 1504 2895 1567 τίς
2922 1502 2988 1558 ἀν
3018 1500 3228 1572 γένοιτο
3249 1501 3344 1556 καὶ
3368 1500 3534 1555 τῶνδε
3560 1501 3589 1554 ό
3618 1498 3771 1571 νοῦς”;

2407 1593 2570 1647 ΚΥΡ.
2613 1593 3072 1665 Προαποδέδειχεν
3113 1595 3243 1665 ἡμῖν
3276 1593 3306 1645 ό
3338 1593 3498 1663 νόμος
3531 1593 3588 1645 έν
3626 1593 3739 1655 τοῖς
3768 1590 3922 1643 ἀνω-

2335 1681 2479 1754 τέρω
2504 1683 2838 1749 πλειστάκις,
2862 1685 2943 1738 ὅτι
2966 1684 3057 1738 τὸν
3088 1683 3304 1738 ἅπαντα
3327 1682 3517 1754 χρόνον
3556 1680 3922 1751 κατατέμνειν

656 1774 978 1830 universum
1016 1784 1232 1847 tempus
1271 1777 1551 1833 interdum
1586 1778 1724 1834 duas
1770 1779 1829 1832 in
1868 1788 2054 1849 partes
2091 1778 2233 1832 divi-

2336 1773 2455 1837 ἔθος
2480 1775 2545 1846 τῇ
2581 1773 2700 1847 θείᾳ
2728 1776 2942 1846 Γραφῇ,
2990 1775 3123 1829 ποτὲ
3153 1775 3252 1847 μὲν
3284 1777 3365 1838 είς
3392 1773 3504 1839 δύο,
3550 1773 3671 1828 καθ’
3696 1773 3755 1827 ὃ)
3789 1769 3861 1843 ἦν
3890 1774 3923 1825 ὁ

656 1866 780 1932 dat;
808 1865 865 1920 in
898 1861 1055 1931 illud,
1085 1883 1194 1938 quo
1230 1868 1322 1923 lex
1362 1868 1502 1934 fuit;
1547 1877 1605 1924 et
1646 1869 1802 1933 illud,
1838 1883 1947 1937 quo
1983 1867 2236 1923 Christus

658 1956 880 2011 illuxit:
918 1972 1316 2028 nonnunquam
1362 1957 1420 2012 in
1468 1965 1609 2023 tres,
1658 1974 1726 2013 eo
1775 1967 2023 2029 tempore
2068 1959 2236 2014 etiam

657 2048 966 2119 interjecto,
1007 2057 1171 2118 atque
1209 2049 1267 2102 in
1307 2048 1489 2104 medio
1538 2048 1824 2113 collocato,
1859 2064 1969 2119 quo
2015 2056 2234 2112 sancto-

658 2154 780 2194 rum
813 2140 1202 2209 pr0phetarum
1243 2140 1447 2195 chorus
1483 2138 1724 2211 eﬁ‘ulsit;
1761 2140 1857 2194 sed
1908 2148 2090 2195 tamen
2125 2148 2234 2194 tam

657 2245 726 2286 eo
769 2238 1036 2301 tempore,
1081 2247 1192 2302 quo
1229 2231 1459 2303 Moyses,
1494 2247 1659 2303 quam
1701 2247 1770 2287 eo
1806 2248 1916 2303 quo
1954 2233 2236 2303 propheta:

655 2320 899 2386 fuerunt,
928 2321 1119 2377 eadem
1167 2322 1309 2377 ratio
1352 2323 1534 2378 cultus
1560 2322 1858 2378 exhibendi
1892 2323 2024 2389 fuit;
2071 2323 2236 2394 358

658 2411 918 2469 nimirum
953 2412 1010 2467 in
1039 2413 1249 2470 umbris
1280 2414 1460 2470 adhuc
1498 2414 1654 2485 legis.
1687 2413 1817 2480 Sed,
1841 2403 1988 2470 eum~
1997 2415 2109 2486 jam
2154 2414 2238 2468 di-

658 2503 904 2569 luxisset,
935 2519 1000 2559 ac
1045 2504 1267 2560 tertium
1313 2505 1448 2561 illud
1492 2494 1712 2575 tempus
1755 2505 2118 2576 apparuisset,
2149 2514 2234 2560 at-

656 2610 764 2664 que
806 2594 978 2659 orbis,
1009 2595 1104 2666 qui
1146 2596 1249 2650 sub
1286 2596 1400 2651 sole
1443 2604 1548 2661 est,
1581 2595 1874 2650 universus
1906 2594 2234 2666 intelligibili

653 2684 880 2750 lumine,
916 2684 971 2739 id
994 2692 1098 2750 est,
1120 2684 1324 2740 Christi
1340 2684 1635 2756 splendore
1662 2685 2033 2741 circumfusus
2060 2697 2225 2752 esset,

649 2774 763 2844 jam
788 2775 964 2829 veteri
1007 2775 1239 2846 caligine
1278 2775 1547 2841 discussa,
1587 2776 1679 2831 illa
1710 2777 1893 2832 cultus
1922 2777 2085 2843 ratio,
2113 2793 2235 2848 quae

655 2878 723 2918 eo
760 2871 1005 2933 tempore
1040 2864 1311 2935 viguerat,
1344 2880 1455 2920 non
1506 2864 1688 2921 adhuc
1725 2874 1878 2937 grata
1915 2875 1974 2922 et
2008 2873 2235 2937 accepta

655 2966 761 3021 est,
791 2955 889 3012 sed
933 2955 1101 3026 adeps
1145 2964 1241 3012 aut
1281 2955 1609 3015 sacriﬁcium
1642 2957 1759 3013 sive
1791 2958 2112 3013 hesternum
2141 2959 2230 3025 sit,

2336 1863 2519 1935 νόμος,
2559 1865 2655 1920 καὶ
2697 1866 2818 1920 καθ’
2862 1866 2921 1920 ὃν
2965 1867 3278 1937 ἐπέλαμψεν
3318 1867 3346 1919 ὁ
3376 1865 3631 1935 Χριστός
3667 1864 3802 1918 ποτὲ
3859 1864 3921 1918 δὲ

2336 1952 2427 2018 αὖ,
2454 1957 2533 2020 είς
2564 1958 2715 2028 τρεῖς
2753 1957 3273 2030 παρεισκρινομένου
3310 1975 3369 2011 τε
3400 1957 3494 2011 καὶ
3522 1956 3593 2011 τά
3627 1956 3921 2019 τάττοντος

2338 2045 2562 2116 μεταξὺ,
2590 2048 2682 2100 καὶ
2704 2047 2826 2102 καθ’
2853 2048 2913 2101 ὃν
2940 2049 2969 2101 ὁ
2992 2047 3099 2101 τῶν
3120 2048 3290 2117 ἁγίων
3316 2047 3610 2120 προφητῶν
3634 2045 3920 2116 ἀνέλαμψε

2333 2139 2511 2210 χορὸς,
2541 2140 2680 2210 πλὴν
2711 2141 2793 2194 ὅτι
2824 2141 2920 2194 καὶ
2948 2141 3007 2194 ἐν
3044 2140 3220 2211 χρόνῳ
3254 2139 3334 2211 τῷ
3365 2139 3510 2194 κατά
3551 2139 3790 2201 Μωσέα,
3821 2137 3920 2190 καὶ

2335 2232 2394 2285 ὲν
2435 2230 2514 2302 τῷ
2553 2231 2661 2285 τῶν
2708 2232 2880 2302 ἁγίων
2917 2233 3215 2304 προφητῶν
3256 2232 3510 2305 λατρείας
3546 2228 3615 2303 ἦν
3647 2230 3851 2303 τρόπος
3888 2232 3919 2282 ὁ

2334 2322 2514 2387 αὐτὸς,
2545 2322 2621 2387 ὡς
2648 2323 2707 2379 ὲν
2732 2325 2912 2387 σκιαῖς
2949 2322 3029 2377 ἔτι
3067 2327 3186 2388 ταῖς
3217 2323 3358 2378 κατὰ
3386 2324 3569 2394 νόμον.
3604 2325 3828 2396 Πρωῒας
3858 2321 3921 2377 δι

2333 2413 2664 2484 γενομένης,
2693 2414 2814 2485 ἦτοι
2845 2413 2939 2468 τοῦ
2967 2413 3148 2484 τρίτου
3175 2413 3357 2467 λοιπὸν
3383 2413 3546 2468 πάλιν
3571 2411 3917 2483 ἀναδειχθέν-

2333 2519 2425 2565 τος
2450 2502 2665 2571 καιροῦ,
2706 2504 2801 2558 καὶ
2829 2503 2923 2557 τοῦ
2965 2503 3156 2573 νοητοῦ
3200 2503 3396 2572 φωτὸς,
3428 2502 3574 2556 τοῦτ’
3607 2502 3742 2567 ἔστι,
3772 2503 3916 2572 Χρι-

2336 2592 2483 2657 στοῦ,
2534 2580 2632 2666 τὴν
2680 2594 2770 2665 ὑφ’
2814 2594 2967 2665 ἥλιον
3016 2594 3566 2667 περιαστράπτοντος,
3615 2593 3918 2664 λελυμένης

2334 2683 2391 2737 δὲ
2414 2683 2599 2739 λοιπδν
2636 2685 2736 2756 τῆς
2773 2686 3011 2751 παλαιᾶς
3051 2685 3266 2756 ἀχλύος,
3302 2685 3484 2740 οὐκέτι
3515 2685 3702 2750 δεκτὸς
3726 2686 3826 2754 τῆς
3853 2685 3917 2737 τὸ

2332 2775 2586 2846 τηνικάδε
2622 2778 2878 2851 λατρείας
2917 2781 2945 2833 ό
2984 2778 3209 2851 τρόπος,
3275 2778 3391 2832 ἀλλ’
3428 2779 3538 2831 εἴτε
3570 2776 3775 2848 χθιζὸν,
3814 2775 3917 2829 εἴτ’

2333 2864 2425 2924 οῦν
2448 2868 2535 2941 εἴη
2554 2869 2615 2923 τὸ
2642 2872 2883 2938 τριταῖον
2910 2870 3095 2941 στέαρ,
3122 2870 3155 2940 ἦ
3184 2868 3353 2940 θύμα,
3376 2868 3564 2923 δεκτὸν
3590 2869 3688 2940 μὲν
3706 2867 3915 2932 οὐκέτι,

2336 2959 2588 3032 βδελυρὸν
2618 2960 2675 3013 δὲ
2723 2959 2817 3013 καλ⁴
2860 2959 3164 3029 ἀπόϐλητον
3205 2959 3355 3030 παρά
3394 2957 3536 3030 Θεῷ,
3565 2959 3660 3011 καὶ
3692 2960 3751 3011 ὲν
3783 2957 3916 3028 μιά-

657 3045 771 3102 sive
797 3046 1109 3111 tertianum,
1140 3045 1284 3117 apud
1312 3046 1484 3101 Deum
1505 3046 1842 3102 exsecrabile
1872 3054 1977 3113 est,
2004 3056 2061 3103 et
2078 3064 2233 3103 aver-

2336 3066 2543 3120 σματος
2571 3049 2721 3115 τάξει
2750 3049 3129 3119 λελογισμένον
3152 3051 3265 3112 τοῖς
3300 3049 3399 3102 οὐκ
3439 3051 3496 3102 ὲν
3524 3046 3703 3120 καιρῷ
3736 3063 3911 3119 προσ-

657 3146 808 3192 satur
844 3153 908 3193 ac
943 3137 1172 3208 respuit,
1208 3144 1265 3192 et
1312 3136 1490 3193 alieno
1525 3145 1771 3208 tempore
1809 3136 2011 3211 oﬂ‘erre
2042 3138 2231 3192 volen-

657 3230 806 3285 tibus
834 3245 936 3301 pro
972 3230 1388 3299 inquinamento
1428 3228 1744 3300 deputatur.
1780 3228 1884 3295 An,
1917 3244 2041 3284 cum
2071 3229 2233 3285 Chri-

656 3329 773 3376 stus
798 3320 1124 3392 evangelicis
1161 3319 1467 3390 disciplinis
1499 3319 1742 3374 illustret
1775 3326 2088 3374 sanctorum
2118 3320 2235 3375 ani-

656 3427 797 3476 mos,
822 3427 1029 3481 eosque
1059 3411 1358 3480 spiritualis
1380 3409 1562 3465 cultus
1584 3410 1852 3464 rationem
1875 3410 2080 3479 optime
2106 3426 2234 3480 per-

657 3502 872 3567 doceat,
905 3502 1129 3556 minime
1171 3508 1334 3571 putas
1377 3515 1745 3571 supervacuas
1785 3515 1908 3556 esse
1941 3501 2054 3571 jam
2094 3516 2233 3571 quo-

658 3591 949 3647 dammodo
995 3602 1159 3660 atque
1193 3590 1415 3645 inutiles
1448 3589 1585 3661 legis
1608 3589 2058 3645 observationes?

730 3681 924 3737 PALL.
963 3681 1076 3752 Ego
1099 3696 1231 3736 vero
1251 3680 1447 3747 fateor;
1478 3696 1657 3750 neque
1691 3680 1841 3735 enim
1874 3679 2068 3750 ignoro
2092 3687 2234 3735 ster-

657 3790 786 3830 cora
823 3789 888 3830 ac
914 3774 1243 3829 detrimenta
1271 3773 1492 3829 beatum
1516 3772 1745 3828 Paulum
1776 3773 2075 3843 appellasse
2100 3772 2237 3842 legis

657 3875 999 3929 ornamenta,
1022 3873 1246 3934 propter
1269 3864 1604 3919 eminentem
1632 3863 1916 3919 scientiam
1936 3862 2145 3919 Christi
2168 3863 2232 3928 ’νς

656 3954 821 4009 video
855 3956 1004 4009 enim
1047 3954 1202 4009 illum
1244 3954 1314 4009 ad
1353 3954 1619 4025 quosdam
1666 3955 1952 4024 scripsisse
1993 3970 2006 4007 :
2050 3973 2068 4005 ι
2103 3953 2235 4008 Dico

658 4053 842 4100 autem
880 4046 1057 4112 vobis,
1091 4045 1354 4115 quoniam
1380 4046 1425 4102 si
1455 4045 1950 4113 circumcidamini,
1983 4043 2236 4102 Christus

656 4134 817 4189 vobis
844 4133 983 4189 nihil
1011 4133 1260 4204 proderit
1286 4134 1354 4189 ⁸⁸.
1388 4154 1406 4187 ι

727 4224 884 4280 CYR.
926 4224 1093 4279 Recte
1119 4223 1219 4279 ais.
1248 4223 1416 4295 Igitur
1443 4231 1728 4295 peccatum
1761 4232 1868 4291 est,
1894 4234 1951 4280 et
1979 4225 2234 4299 inquina-

655 4316 827 4373 menti
864 4317 1110 4387 plenum,
1143 4316 1489 4373 manifestato
1515 4318 1627 4388 jam
1654 4317 1896 4384 Christo,
1928 4333 2053 4374 cum
2094 4330 2233 4377 tem-

2339 3137 2584 3209 κομίζειν
2624 3137 2937 3211 ᾑρημένοις.
2992 3142 3060 3193 Ἦ
3105 3140 3205 3193 οὐκ
3256 3134 3395 3193 εἶναι
3429 3138 3796 3209 φὴς-ἀληθὲς,
3830 3140 3913 3192 ὅτι

2339 3230 2575 3304 Χριστοῦ
2609 3229 3055 3301 καταλάμποντος
3108 3231 3221 3293 τοῖς
3270 3228 3640 3299 εὑαγγελικοῖς
3694 3227 3913 3281 παιδεύ-

2344 3340 2476 3393 μασι
2523 3321 2622 3385 τάς
2670 3322 2780 3373 τῶν
2834 3320 3003 3390 ἁγίων
3052 3321 3232 3392 ψυχὰς
3264 3321 3357 3374 καὶ
3405 3322 3485 3382 είς
3515 3317 3768 3389 λατρείαν
3817 3319 3912 3388 τὴν

2342 3414 2716 3486 πνευματικὴν
2744 3413 3227 3486 μυσταγωγοῦντος
3256 3408 3315 3467 εὖ
3348 3412 3512 3484 μάλα,
3546 3410 3774 3482 περιττά
3795 3427 3911 3473 πως

2342 3505 2445 3576 ήδη
2469 3506 2562 3559 καὶ
2594 3505 2846 3576 ἀνωφελῆ
2872 3504 2941 3558 τὰ
2973 3506 3030 3559 ὲν
3052 3504 3237 3576 νόμως

2410 3683 2619 3737 ΠΑΔΛ.
2686 3681 2851 3752 Φημί.
2903 3681 3268 3753 Μεμνήσομαι
3323 3679 3431 3752 γάρ
3479 3677 3575 3733 τοῦ
3628 3677 3909 3733 θεσπεσίου

2341 3773 2579 3838 Παύλου,
2608 3772 2851 3827 σκύϐαλα
2876 3771 2972 3827 καὶ
2996 3770 3197 3843 ζημίαν
3217 3769 3657 3841 ἀποκεκληκότος
3682 3769 3751 3823 τά
3772 3771 3911 3823 κατά

2341 3865 2504 3936 νόμον
2534 3863 2825 3934 αὐχήματα
2844 3903 2860 3927 ,
2892 3862 2979 3917 διὰ
3017 3864 3080 3916 τὸ
3114 3862 3378 3936 ὑπερέχον
3406 3863 3506 3934 τῆς
3536 3861 3788 3931 γνώσεως
3816 3861 3906 3914 τοῦ

2340 3954 2597 4027 Χριστοῦ.
2638 3952 2843 4005 Ἀκούω
2873 3952 2929 4005 δὲ
2950 3952 3287 4025 γεγραφότος
3313 3950 3443 4004 τισί·
3479 3950 3667 4019 «Λέγω
3698 3949 3753 4002 δὲ
3782 3950 3908 4018 ὑμῖν

2341 4045 2422 4099 ὅτι
2442 4041 3213 4115 ὲάνπεριτέμνησθε,Χρισ-τὸς
3234 4041 3387 4095 οὐδὲν
3410 4042 3558 4111 ἡμᾶς
3579 4039 3899 4111 ὠφελήσει.»

2410 4233 2573 4288 ΚΥΡ.
2626 4230 2834 4302 Ὀρθῶς
2866 4228 3019 4300 ἔφης.
3053 4226 3261 4282 Οὐκοῦν
3314 4227 3563 4299 ἁμαρτία
3608 4229 3705 4281 καὶ⁸
3743 4228 3901 4299 μολυ-

2342 4325 2498 4398 σμὸς,
2532 4321 2941 4393 ἀναδειχθέντος
2968 4319 3229 4391 Χριστοῦ,
3261 4319 3354 4372 καὶ
3379 4319 3783 4390 παρελάσαντος
3812 4319 3900 4374 τοῦ

654 4422 760 4479 pus
800 4408 936 4463 illud
978 4408 1325 4479 praeterierit,
1363 4425 1473 4480 quo
1508 4409 1598 4465 lex
1635 4418 1693 4465 et
1732 4410 2012 4480 prophetae
2046 4413 2233 4485 vigue—

2340 4416 2551 4490 καιροῦ,
2571 4415 2691 4468 καθ’
2713 4408 2854 4484 ὃνῆν
2880 4414 2908 4466 ὁ
2927 4412 3088 4484 νόμος
3114 4412 3208 4467 καὶ
3231 4414 3279 4464 oi
3314 4411 3610 4482 προφῆται,
3638 4411 3738 4480 τῆς
3755 4411 3827 4474 ὡς
3847 4413 3900 4464 έν

656 4510 809 4566 runt,
837 4501 978 4556 velle
1011 4502 1358 4557 umbratilem
1404 4501 1558 4557 illum
1597 4501 1807 4557 cultum
1837 4503 2099 4570 retinere,
2138 4522 2235 4561 au-

655 4591 899 4663 dereque
925 4594 1035 4648 Deo
1076 4609 1258 4659 ovem,
1300 4603 1396 4649 aut
1435 4593 1677 4664 adipem,
1711 4600 1807 4648 aut
1831 4593 1959 4649 thus
1995 4595 2232 4664 oﬁ‘erre;

656 4698 783 4739 cum
811 4685 1098 4755 perspicue
1124 4684 1270 4740 dicat
1298 4684 1469 4739 Filius
1496 4684 1645 4740 Patri
1679 4698 1745 4740 ac
1772 4686 1885 4741 Deo
1914 4703 1927 4739 :
1956 4704 1976 4737 ι
2012 4685 2235 4743 Sacriﬁ-

656 4773 804 4829 cium
834 4784 891 4829 et
926 4775 1261 4830 oblationem
1302 4774 1552 4840 noluisti,
1584 4790 1785 4846 corpus
1819 4785 2002 4833 autem
2034 4780 2234 4849 aptasti

656 4865 814 4919 mihi.
869 4864 1198 4919 Holocausta
1247 4873 1304 4920 et
1350 4880 1451 4935 pro
1492 4873 1718 4935 peccato
1753 4881 1865 4921 non
1910 4868 2237 4937 placuerunt

660 4956 792 5033 tibi;
824 4964 957 5010 tunc
991 4955 1104 5011 dixi
1146 4973 1159 5008 :
1198 4956 1338 5011 Ecce
1365 4956 1527 5011 venio
1562 4973 1575 5010 :
1619 4956 1674 5012 in
1714 4958 1893 5028 capite
1932 4959 2060 5013 libri
2095 4959 2236 5016 scri-

657 5056 812 5119 ptum
860 5056 946 5103 est
994 5046 1062 5102 de
1112 5062 1229 5113 me,
1284 5054 1347 5101 ut
1398 5047 1663 5114 facerem,
1699 5049 1863 5115 Deus,
1900 5050 2237 5106 voluntatem

659 5148 808 5195 tuam
837 5139 903 5191 ”.
946 5156 965 5188 ι
1018 5137 1175 5199 Nam,
1216 5148 1568 5209 posteaquam
1607 5139 1779 5195 Filius
1833 5140 2237 5197 immaculatam

656 5230 936 5287 victimam
971 5243 1073 5300 pro
1113 5229 1275 5284 nobis
1315 5229 1535 5293 obtulit,
1576 5228 1844 5300 legalibus
1887 5231 2235 5288 caeremoniis

658 5322 821 5378 ﬁnem
856 5321 1134 5392 imposuit,
1170 5337 1296 5376 cum
1323 5336 1387 5377 ea
1416 5321 1631 5377 auferre
1671 5330 1895 5390 peccata
1939 5338 2051 5377 non
2094 5338 2224 5392 pos-

658 5422 812 5480 sent;
852 5414 978 5469 ﬁnis
1012 5414 1157 5469 enim
1186 5414 1322 5485 legis
1352 5430 1417 5470 ac
1444 5413 1857 5485 prophetarum,
1883 5414 2151 5471 Christus.

729 5504 928 5560 PALL.
966 5507 1136 5562 Recte
1176 5509 1276 5563 ais.

2337 4510 2517 4571 σκιαῖς
2540 4503 2793 4577 λατρείας
2818 4503 3136 4575 ἀντέχεσθαι
3157 4520 3169 4534 ·
3201 4502 3297 4556 καὶ
3324 4501 3442 4574 Θεῷ
3474 4503 3767 4572 προσάγειν
3786 4503 3900 4556 ἐπι-

2332 4601 2532 4671 χειρεῖν
2556 4598 2657 4665 ὄϊν,
2692 4596 2725 4668 ἢ
2773 4596 2962 4666 στέαρ,
2999 4594 3032 4665 ἢ
3071 4593 3364 4647 λιϐανωτόν
3393 4610 3407 4624 ο
3454 4593 3633 4647 καίτοι
3662 4594 3898 4661 λέγοντος

2329 4690 2574 4763 ἐναργῶς
2607 4688 2701 4742 τοῦ
2736 4685 2867 4741 Υίοῦ
2911 4685 2988 4757 τῷ
3033 4684 3152 4757 Θεῷ
3185 4685 3280 4739 καὶ
3300 4687 3494 4757 Πατρί·
3517 4704 3536 4738 ι
3574 4685 3776 4738 Θυσίαν
3808 4683 3896 4737 καὶ

2330 4780 2644 4853 προσφορὰν
2680 4779 2782 4832 οὐκ
2825 4776 3118 4847 ἠθέλησας,
3145 4776 3304 4847 σῶμα
3340 4775 3398 4830 δὲ
3443 4776 3757 4847 κατηρτίσω
3791 4792 3891 4845 μοι.

2342 4870 2800 4941 Ὀλοκαυτώματα
2844 4869 2938 4922 καὶ¹
2983 4868 3112 4939 περὶ
3155 4868 3429 4938 ἁμαρτίας
3456 4868 3556 4921 οὐκ
3576 4867 3892 4937 ηὐδόκησας,

2334 4965 2456 5018 τότε
2478 4960 2652 5026 εἷπον,
2690 4960 2820 5015 Ἰδοὺ
2847 4960 2985 5030 ἥκω·
3007 4960 3067 5013 ἐν
3094 4959 3341 5028 κεφαλίδι
3363 4959 3567 5030 βιϐλίου
3594 4959 3892 5029 γέγραπται

2331 5046 2463 5117 περὶ
2474 5046 2625 5118 ἐμοῦ,
2648 5050 2745 5105 τοῦ
2757 5049 3000 5119 ποιῆσαι,
3023 5049 3052 5102 ὁ
3067 5048 3219 5113 Θεὸς,
3239 5049 3301 5102 τὸ
3319 5049 3532 5120 θέλημά
3553 5066 3668 5103 σου.
3684 5050 3893 5118 ιἈμω-

2337 5159 2442 5211 μον
2465 5142 2568 5210 γὰρ
2605 5138 2790 5213 ῶσπερ
2828 5142 3023 5213 ἱερεῖον
3051 5141 3241 5195 ἑαυτὸν
3271 5142 3410 5214 ὑπὲρ
3439 5140 3594 5213 ἡμῶν
3625 5139 3840 5202 ἀναθεὶς
3867 5140 3894 5191 ὁ

2336 5230 2485 5294 Υίὸς,
2530 5230 2725 5303 ὲστησε
2757 5231 2828 5286 τὰ
2876 5233 2934 5286 ὲν
2960 5233 3133 5305 νόμῳ,
3190 5232 3459 5304 περιελεῖν
3510 5231 3782 5301 ἁμαρτίας
3833 5229 3888 5281 οὐ

2335 5320 2638 5391 δυνάμεναο
2683 5322 2841 5387 τέλος
2891 5323 3000 5395 γὰρ
3041 5324 3208 5395 νόμου
3252 5324 3346 5379 καὶ
3377 5323 3670 5394 προφητῶν
3704 5323 3733 5376 ὁ
3764 5320 3893 5391 Χρι-

2333 5412 2476 5474 στός.

2399 5505 2606 5560 ΠΔΛΛ.
2651 5499 2724 5561 Εὖ
2758 5506 2913 5577 ἔφης.

733 5683 781 5717 ⁸⁸
810 5683 988 5737 Levit.
1015 5699 1109 5750 vn,
1139 5685 1203 5741 16
1238 5687 1330 5744 18.
1396 5690 1440 5721 ’⁸
1469 5687 1607 5743 Ibid.
1654 5687 1735 5741 1‘2.
1814 5692 1855 5719 ’⁷
1896 5687 2130 5759 Philipp.
2160 5702 2233 5753 ιιι,

2410 5687 2454 5719 ’⁸
2482 5685 2653 5741 Galat.
2689 5704 2740 5754 ν,
2772 5686 2824 5741 Si.
2904 5688 2947 5720 “
2992 5685 3131 5744 Psal.
3182 5700 3357 5755 χχιιι,
3396 5680 3505 5738 7-9.
