4142 6296
350 361 451 420 ’101

1101 369 1190 427 DE
1227 370 1670 432 ADORATIONE
1707 378 1777 435 IN
1815 379 2088 442 SPIRITU
2126 386 2218 442 ET
2258 387 2626 446 VERI'I‘ATE.
2663 391 2793 447 LIB.
2837 393 2904 448 Χ.

3509 398 3615 455 702

418 480 590 537 ΚΥΡ.
634 480 733 536 Διὰ
765 482 994 554 νομικῆς
1024 481 1119 539 οὖν
1150 486 1259 558 ἄρα
1299 487 1557 561 λατρείας
1584 493 1878 566 ἀπρόσιτος
1905 517 1913 549 ι

2105 501 2261 558 CYR.
2304 504 2434 560 Post
2464 506 2610 561 illam
2644 507 2810 577 igitur
2844 509 2899 563 in
2933 508 3150 565 Christo
3182 514 3612 569 consummatio-

351 575 562 647 Πατὴρ,
597 575 736 645 μετὰ
768 575 867 646 τὴν
905 575 964 629 ἐν
1004 578 1224 650 Χριστῷ
1254 580 1554 652 τελείωσιν,
1588 588 1844 658 προσιτός
1875 590 1932 644 δέ

351 666 467 717 ἐστι
488 663 576 717 διὰ
604 664 768 734 μόνου
792 662 886 718 τοῦ
914 664 1066 721 Υίοῦ.
1099 668 1388 743 Τοιγάρτοι
1411 674 1505 727 καὶ
1528 675 1932 744 ἐφασκεν,ιοὐ-

346 754 460 817 δεὶς
481 753 701 825 ἔρχεται
720 754 858 827 πρὸς
892 756 985 810 τδν
1008 758 1247 831 Πατέρα,
1276 765 1326 815 εί
1360 762 1437 835 μὴ
1466 765 1535 818 δι’
1564 767 1721 838 ἐμοῦ.
1758 787 1778 821 ι
1808 771 1931 825 Ὀτι

344 843 404 896 δὲ
434 843 636 899 ἄθυτόν
667 863 727 900 τε
755 847 850 902 καὶ
875 848 1063 912 ἀτελὲς
1101 852 1209 905 πᾶν
1236 853 1341 908 εἴτι
1378 856 1453 927 μὴ
1488 858 1547 912 ἐν
1574 860 1818 933 Χριστῷ,
1845 864 1932 917 δε-

346 934 476 989 κτδν
505 934 562 989 δὲ
607 938 701 991 καὶ
742 938 1036 1011 ἱερώτατον
1060 942 1120 995 τὸ
1147 943 1215 996 δι’
1240 946 1406 1000 αὐτοῦ
1435 965 1494 1001 τε
1524 950 1618 1003 καὶ
1645 953 1702 1005 ὲν
1758 953 1927 1025 αὐτῷ,

350 1028 516 1096 σαφὲς
543 1027 610 1082 ἂν
629 1028 838 1098 γένοιτο
864 1032 956 1086 καὶ
982 1033 1049 1087 δι’
1069 1028 1144 1089 ὧν
1174 1040 1202 1092 6
1226 1039 1391 1109 νόμος
1418 1042 1476 1095 ὲν
1507 1043 1605 1114 μὲν
1627 1046 1694 1115 τῇ
1737 1045 1929 1116 Ἐξόδῳ

350 1119 535 1189 φησίνο
570 1121 711 1192 «Οὐχ
737 1122 960 1193 ἐφήσεις
981 1125 1119 1197 ἄρνα
1136 1129 1195 1183 ὲν
1217 1129 1448 1198 γάλακτι
1478 1135 1682 1205 μητρὸς
1701 1136 1887 1190 αὐτοῦ’
1903 1157 1922 1190 ι

349 1212 408 1263 ὲν
433 1212 489 1267 δὲ
507 1212 585 1284 τῷ
609 1214 902 1286 Λευιτικῷο
925 1218 1065 1273 «Καὶ
1090 1219 1318 1292 ὲλάλησε
1336 1222 1540 1295 Κύριος
1561 1226 1698 1297 πρὸς
1720 1229 1927 1301 Μωσῆν

346 1304 539 1372 λέγων·
573 1306 790 1377 Μόσχον
836 1307 870 1378 ἢ
905 1309 1179 1381 πρόϐατον
1217 1312 1251 1383 ἢ
1278 1309 1409 1382 αἶγα
1446 1309 1491 1384 ᾧ
1520 1316 1585 1370 ἂν
1616 1319 1803 1391 τεχθῇ,
1834 1323 1927 1376 καὶ⁸

347 1395 502 1450 ἔσται
542 1397 683 1451 ἑπτὰ
709 1399 920 1472 ἡμέρας
966 1402 1071 1455 ὑπὸ
1119 1403 1221 1474 τὴν
1253 1407 1466 1477 μητέρα
1517 1407 1704 1465 αὐτοῦ.
1760 1412 1837 1484 Τῇ
1868 1413 1925 1467 δὲ

347 1488 534 1559 ἡμέρᾳ
564 1491 631 1561 τῇ
677 1490 836 1564 ὀγδόῃ
879 1491 972 1545 καὶ
1007 1492 1287 1559 ἐπέκεινα,
1317 1496 1639 1569 δεχθήσεται
1667 1502 1745 1564 είς
1774 1501 1925 1574 δῶρα

348 1579 631 1651 κάρπωμα
658 1580 735 1663 τῷ
765 1581 978 1653 Κυρίῳ,
1007 1585 1103 1639 καὶ
1136 1587 1335 1658 μόσχον
1377 1589 1471 1643 καὶ
1500 1590 1792 1662 πρόῦατον,
1823 1593 1923 1645 αὺ-

344 1668 446 1738 τὴν
469 1667 639 1722 καὶτὸ
669 1669 879 1724 παιδίον
908 1671 1079 1743 αὐτῆς
1098 1676 1159 1729 οὐ
1187 1675 1418 1745 σφάξετε
1444 1680 1503 1733 ὲν
1532 1680 1715 1751 ἡμέρᾳ
1738 1683 1858 1753 μιᾷ.
1893 1700 1913 1733 ι

348 1761 524 1829 Ἀρνα
582 1761 683 1832 μὲν
739 1759 834 1816 οὖν
896 1764 958 1818 τὸ
1009 1766 1294 1837 ἀρτιγενὲς
1348 1769 1444 1823 καὶ
1504 1769 1788 1825 ὑπότιτθον
1836 1772 1916 1826 ἐτι

2030 609 2159 648 nem
2190 594 2377 649 accedi
2406 596 2475 650 ad
2502 598 2720 652 Patrem
2760 600 2939 654 adhuc
2976 601 3134 672 legali
3174 603 3324 656 cultu
3361 619 3469 657 non
3510 618 3610 674 po-

2032 689 2157 747 test,
2193 683 2288 738 sed
2328 699 2428 753 per
2462 685 2660 740 Filium
2703 686 2969 742 duntaxat
3006 688 3078 742 ad
3116 703 3242 742 eum
3276 689 3607 755 accedimus,

2030 772 2263 841 ideoque
2286 772 2503 827 dicebat
2535 790 2549 826 :
2588 791 2608 824 ι
2638 774 2811 827 Nemo
2839 776 2993 829 venit
3019 776 3089 829 ad
3115 777 3352 841 Patrem,
3382 777 3488 832 nisi
3511 793 3609 847 per

2028 873 2117 912 me
2145 859 2209 912 ⁸⁸.
2239 878 2257 910 ι
2301 859 2435 915 Esse
2466 868 2649 914 autem
2686 861 2753 915 ad
2794 862 3214 918 sacriﬁcandum
3244 865 3490 934 ineptum
3522 874 3607 920 at-

2028 963 2135 1017 que
2174 948 2575 1018 imperfectum,
2609 950 2874 1020 quidquid
2916 952 2970 1005 in
3005 952 3227 1007 Christo
3263 969 3373 1007 non
3404 954 3604 1020 fuerit;

2027 1046 2082 1091 et
2108 1038 2349 1094 vicissim
2390 1049 2677 1110 acceptum
2712 1049 2769 1095 et
2805 1043 3204 1096 consecrationi
3240 1044 3604 1111 aptissimum,

2026 1130 2293 1201 quidquid
2320 1147 2418 1202 per
2448 1132 2627 1201 ipsum
2652 1141 2709 1187 et
2742 1133 2797 1187 in
2828 1132 2946 1203 ipso
2977 1132 3228 1197 oﬁ‘ertur,
3254 1136 3606 1203 perspicuum

2026 1221 2120 1273 ﬁet
2150 1237 2248 1291 per
2265 1237 2349 1287 ea,
2371 1237 2491 1291 quae
2518 1223 2604 1277 lex
2635 1224 2835 1293 partim
2866 1224 2922 1277 in
2958 1224 3147 1278 Exodo
3180 1225 3349 1278 edicit
3374 1226 3460 1279 his
3486 1242 3609 1279 ver-

2025 1312 2150 1367 bis:
2185 1331 2203 1363 ι
2240 1312 2362 1367 Non
2399 1329 2604 1382 coques
2628 1329 2827 1384 agnum
2856 1314 2912 1369 in
2938 1317 3078 1370 laete
3110 1316 3302 1369 matris
3341 1332 3453 1370 sua:
3480 1318 3544 1381 ³¹;
3579 1337 3598 1369 ι

2022 1404 2223 1472 partim
2263 1403 2316 1457 in
2356 1404 2601 1459 Levitico
2642 1423 2655 1459 :
2705 1425 2724 1457 ι
2769 1408 2837 1461 Ει
2868 1409 3084 1463 locutus
3124 1416 3207 1463 est
3241 1409 3504 1463 Dominus
3536 1409 3605 1463 ad

2020 1493 2261 1564 Moysen,
2293 1494 2481 1551 dicens
2512 1514 2527 1562 ;
2560 1497 2616 1553 Si
2651 1498 2859 1554 vitulus
2878 1506 2973 1553 aut
3001 1498 3139 1563 ovis,
3169 1506 3264 1552 aut
3295 1515 3457 1569 capra
3489 1500 3605 1554 cui-

2020 1600 2185 1654 quam
2243 1597 2370 1641 nata
2432 1587 2635 1655 fuerit,
2674 1590 2782 1645 erit
2834 1597 3042 1660 septem
3099 1590 3217 1645 dies
3271 1590 3374 1645 sub
3426 1599 3602 1647 matre

2019 1681 2175 1749 ejus;
2217 1680 2307 1735 die
2337 1688 2520 1737 autem
2561 1682 2728 1753 359
2749 1690 2943 1738 octavo
2969 1691 3025 1737 et
3053 1682 3313 1751 deinceps
3346 1690 3599 1753 accepta-

2018 1769 2147 1826 bilis
2180 1773 2289 1825 erit
2315 1773 2370 1826 in
2395 1773 2721 1840 oblationes,
2750 1774 3081 1829 sacriﬁcium
3112 1774 3342 1828 Domino
3372 1792 3383 1827 :
3420 1784 3475 1828 et
3503 1776 3601 1829 bo-

342 1850 636 1921 σφράττειν
663 1853 765 1907 οὐκ
798 1856 883 1926 ὲᾷ,
916 1857 1129 1923 δεικνὺς
1166 1859 1271 1929 δτι,
1310 1860 1371 1914 τὺ
1394 1861 1582 1926 ἀτελὲς
1612 1861 1691 1916 ἔτι
1721 1863 1814 1917 καὶ
1837 1864 1913 1928 ὡς

2017 1875 2141 1915 vem
2183 1870 2240 1915 et
2282 1875 2471 1928 ovem;
2502 1862 2676 1932 ipsam
2714 1873 2770 1917 et
2806 1862 2979 1923 ﬁlium
3020 1865 3141 1933 ejus
3184 1878 3295 1917 non
3335 1863 3600 1918 occidetis

340 1943 400 1995 ἐν
444 1944 658 1998 συνέσει
705 1945 879 2018 βραχύ
913 1965 973 2001 τε
1008 1950 1103 2003 καὶ
1129 1950 1375 2017 ἀσθενὲς,
1416 1953 1569 2008 οὔπω
1613 1954 1712 2024 μὲν
1742 1955 1911 2026 ίερόνο

339 2034 420 2087 ἔτι
464 2034 521 2088 δὲ
570 2037 949 2109 ἀωράδεκτον
977 2038 1067 2093 διὰ
1099 2040 1259 2095 τοῦτο
1294 2042 1434 2114 Θεῷ.
1480 2044 1722 2099 Τοιοῦτοί
1768 2063 1913 2110 τινες

338 2122 477 2200 ἦσαν
530 2128 723 2201 ᾶσοφοί
780 2148 840 2185 τε
895 2132 990 2186 καὶ
1042 2132 1491 2206 ὀλιγογνώμονες,
1546 2136 1682 2207 πρὸς
1740 2135 1834 2202 οὓς
1883 2141 1914 2192 6

339 2220 624 2288 Θεσπέσιος
648 2223 850 2294 γράφει
878 2224 1109 2291 Παῦλος·
1125 2246 1143 2279 ι
1174 2228 1286 2281 Καὶ
1308 2227 1417 2301 γὰρ
1448 2229 1754 2297 ὀφείλοντες
1773 2227 1912 2284 εἶναι

336 2310 647 2365 διδάσκαλοι
694 2312 783 2366 διὰ
812 2314 904 2367 τὸν
933 2316 1144 2386 χρόνον,
1184 2317 1348 2372 πάλιν
1391 2318 1577 2391 χρείαν
1616 2319 1767 2390 ἔχετε
1815 2320 1909 2373 τοῦ

333 2403 677 2467 διδάσκοντος
722 2404 866 2475 ὑμᾶς
908 2407 1030 2461 τίνα
1077 2408 1144 2465 τὰ
1178 2412 1416 2481 στοιχεῖα
1442 2414 1544 2482 τῆς
1593 2412 1768 2484 ἀρχῆς
1802 2413 1911 2467 τῶν

334 2493 529 2563 λογίων
549 2494 643 2548 τοῦ
681 2494 838 2561 Θεοῦ,
873 2498 967 2551 καὶ
993 2500 1253 2569 γεγόνατε
1278 2502 1468 2573 χρείαν
1498 2503 1711 2575 ἔχοντες
1732 2505 1909 2574 γάλα-

334 2600 482 2648 κτος,
506 2584 569 2638 οὐ
598 2587 824 2655 στερεᾶς
850 2588 1057 2658 τροφῆς
1086 2606 1102 2623 ο
1131 2590 1353 2646 τελείων
1379 2592 1436 2645 δέ
1467 2595 1615 2647 ἐστιν
1646 2596 1679 2665 ἠ
1712 2595 1908 2665 στερεὰ

335 2674 776 2745 τροφή.›οὒκοῦν
800 2678 986 2741 ἀτελὲς
1007 2679 1110 2747 ἔτι,
1139 2681 1202 2734 τὸ
1229 2682 1287 2735 ὲν
1316 2683 1553 2751 γάλακτί
1584 2700 1647 2737 τε
1680 2685 1775 2739 καλ⁵
1804 2686 1908 2740 ὑπὸ

343 2768 561 2834 μαστὸν,
592 2770 732 2825 κατά
761 2787 826 2840 γε
875 2771 936 2825 τὸ
966 2774 1024 2825 ὲν
1070 2775 1280 2828 συνέσει
1312 2777 1453 2847 φημὶ
1495 2778 1591 2831 καὶ
1635 2777 1909 2850 εὐρωστίᾳ

339 2864 698 2932 πνευματικῇ·
723 2861 819 2916 ίτω
842 2863 898 2917 δὲ
914 2861 981 2919 αὖ
1005 2868 1136 2938 ἡμῖν
1158 2869 1186 2920 ὀ
1211 2867 1339 2938 περὶ
1356 2868 1522 2923 τῶνδε
1548 2869 1722 2939 λόγος,
1746 2872 1824 2936 ὡς
1842 2874 1907 2926 ἐκ

329 2948 502 3003 τύπου
521 2951 630 3005 τῶν
648 2954 705 3007 ἐν
722 2953 970 3026 αἰσθήσει
982 2958 1074 3010 καὶ
1087 2956 1331 3029 ἐναργῶν
1352 2959 1715 3031 πραγμάτων,
1731 2961 1824 3015 ἐπὶ
1839 2960 1909 3015 τὰ

330 3039 474 3111 ὑπὲρ
505 3040 757 3113 αίσοησίν
774 3062 832 3098 τε
856 3047 952 3099 καὶ
970 3049 1158 3120 νοητὰ,
1188 3049 1326 3121 πλὴν
1347 3050 1427 3104 ὄτι
1452 3051 1522 3106 τὰ
1547 3051 1725 3105 πάντα
1749 3052 1908 3121 γέγο-

326 3145 419 3182 νεν
446 3130 504 3182 ἐν
524 3130 746 3204 Χριστῷ
768 3135 861 3188 καὶ
880 3136 938 3189 έν
956 3135 1260 3209 τελειότητι
1285 3139 1379 3192 καὶ
1403 3140 1705 3211 παραδοχῇ,
1742 3142 1904 3210 συνή-

2015 1948 2072 2003 in
2110 1965 2221 2004 uno
2261 1950 2351 2007 die
2381 1951 2445 2005 ³⁸.
2483 1970 2500 2003 ι
2546 1952 2760 2023 Aguum
2800 1954 2968 2023 igitur
3014 1969 3208 2009 recens
3248 1954 3494 2024 genitum
3535 1969 3600 2007 ac

2012 2040 2305 2097 lactentem
2358 2041 2559 2107 adhuc,
2596 2052 2840 2117 mactare
2884 2059 2997 2098 non
3039 2045 3314 2114 permittit
3344 2062 3356 2098 :
3385 2060 3492 2115 qua
3540 2044 3599 2099 in

2013 2146 2074 2186 re
2104 2132 2237 2187 illud
2268 2133 2530 2198 ostendit,
2561 2134 2709 2203 quod
2736 2134 3116 2204 imperfectum
3154 2136 3225 2191 sit
3247 2136 3445 2199 adhuc,
3478 2136 3595 2190 exi-

2012 2239 2118 2295 gua
2152 2224 2475 2294 inﬁrmaque
2502 2226 2818 2294 prudentia,
2847 2226 2899 2281 id
2930 2226 3173 2282 nondum
3203 2242 3323 2281 esse
3356 2238 3594 2293 sacrum,

2012 2315 2083 2370 ob
2114 2330 2346 2384 eamque
2373 2330 2592 2370 causam
2623 2332 2691 2371 ne
2723 2326 3009 2387 acceptum
3039 2318 3261 2386 quidem
3301 2327 3356 2373 et
3381 2326 3594 2387 gratum

2010 2404 2145 2468 Deo,
2182 2405 2489 2475 cujusmodi
2536 2406 2615 2459 illi
2653 2415 2812 2460 erant
2844 2407 3166 2476 insipientes
3204 2423 3268 2461 ac
3305 2408 3492 2473 rudes,
3526 2408 3594 2463 ad

2010 2510 2148 2565 quos
2176 2495 2369 2551 beatus
2398 2497 2599 2551 Paulus
2617 2496 2810 2551 scribit
2836 2515 2849 2550 :
2883 2516 2900 2548 ι
2931 2498 3173 2563 Etenim,
3203 2514 3328 2553 cum
3358 2499 3593 2553 debere-

2011 2590 2082 2644 tis
2122 2605 2242 2645 esse
2281 2590 2525 2660 magistri
2559 2598 2786 2659 propter
2826 2597 3065 2659 tempus,
3104 2606 3299 2645 rursus
3338 2590 3595 2661 indigetis

2008 2691 2095 2741 eo,
2119 2677 2214 2747 qui
2244 2693 2343 2732 vos
2371 2678 2585 2741 doceat,
2612 2693 2734 2746 quae
2762 2678 2874 2732 sint
2901 2679 3173 2733 elementa
3206 2679 3347 2733 initii
3386 2695 3596 2734 sermo-

2006 2783 2138 2822 num
2169 2769 2292 2833 Dei;
2332 2777 2389 2823 et
2417 2767 2547 2823 facti
2574 2768 2729 2834 estis,
2762 2770 2969 2839 quibus
3004 2770 3144 2824 laete
3181 2785 3320 2840 opus
3352 2771 3443 2836 sit,
3480 2787 3593 2827 non

2007 2857 2183 2912 solido
2227 2858 2381 2923 cibo;
2433 2858 2807 2928 perfectorum
2861 2867 2948 2914 est
3002 2867 3186 2914 autem
3239 2861 3447 2915 solidus
3510 2861 3592 2915 ci-

2006 2947 2111 3003 bus
2144 2949 2208 3003 ”.
2244 2968 2263 3001 ι
2321 2950 2493 3020 Igitur
2553 2949 2937 3019 imperfectum
2988 2959 3093 3015 est,
3139 2951 3407 3020 quidquid
3451 2952 3592 3006 lacte

2006 3041 2190 3097 adhuc
2212 3041 2478 3106 nutritur,
2514 3049 2569 3096 et
2605 3042 2707 3096 sub
2736 3041 2907 3095 ubere
2937 3050 3041 3105 est,
3072 3042 3218 3111 quod
3249 3042 3315 3096 ad
3346 3042 3590 3111 pruden-

2008 3131 2138 3185 tiam
2167 3131 2619 3201 spiritualemque
2651 3129 2965 3184 ﬁrmitatem
3014 3132 3229 3185 attinet.
3266 3131 3382 3185 .lam
3426 3131 3592 3201 igitur

328 3236 446 3283 σεις
477 3217 536 3275 εὖ
561 3223 725 3293 μάλα.
768 3226 848 3280 Τὰ
880 3227 988 3299 γάρ
1020 3246 1101 3283 τοι
1134 3208 1761 3303 προσκομιζόμενα-ξῶα
1802 3208 1898 3285 καὶ

2011 3239 2072 3279 ex
2113 3222 2199 3288 iis,
2234 3238 2356 3291 qua:
2375 3223 2558 3277 sensui
2586 3232 2715 3277 sunt
2739 3222 2988 3291 exposita
3026 3231 3084 3276 et
3115 3224 3430 3291 conspicua,
3466 3231 3587 3278 tan-

325 3311 690 3383 ὰνατιθέμενα
718 3314 795 3386 τῷ
815 3317 955 3389 Θεῷ,
977 3320 1087 3373 δεῖν
1111 3321 1212 3390 μὲν
1232 3316 1372 3377 εἷναί
1398 3340 1561 3393 φησιν
1594 3322 1733 3377 ἐπτά
1760 3321 1900 3393 ἠμέ-

328 3416 433 3471 ρας
451 3402 555 3455 ὑπὸ
586 3403 684 3474 τὴν
708 3406 918 3476 μητέρα
936 3448 951 3474 ,
974 3411 1039 3479 τῇ
1076 3408 1133 3462 δὲ
1163 3410 1345 3481 ἡμέρᾳ
1368 3413 1434 3481 τῇ
1461 3409 1622 3482 ὀγδόῃ
1651 3408 1746 3462 κα)⁸
1772 3407 1899 3460 ἐπέ-

325 3509 503 3559 κεινα,
528 3495 699 3567 δῶρον
725 3496 966 3564 ἔσεσθαι,
1003 3502 1096 3555 καὶ
1123 3503 1203 3565 είς
1235 3502 1516 3574 κάρπωμα
1546 3501 1623 3572 τῷ
1653 3498 1794 3570 Θεῷ.

2007 3330 2170 3386 quam
2192 3329 2259 3368 ex
2284 3312 2478 3383 ﬁgura,
2509 3313 2577 3366 ad
2602 3328 2666 3367 ea
2688 3328 2811 3381 quae
2834 3328 3054 3367 sensum
3078 3312 3314 3383 fugiunt,
3346 3322 3402 3367 et
3430 3313 3591 3368 intel-

2007 3406 2150 3460 lectu
2191 3402 2506 3471 capiuntur,
2544 3408 2734 3471 perget
2772 3401 2973 3455 oratio.
3018 3402 3156 3456 Illud
3195 3410 3344 3457 certe
3382 3403 3588 3472 optime

2007 3493 2310 3562 intelliges,
2368 3491 2554 3545 omnia
2599 3492 2656 3545 in
2705 3490 2926 3546 Christo
2974 3492 3217 3561 perfecta
3266 3501 3323 3547 et
3363 3500 3587 3562 accepta

325 3584 483 3650 ﬁeri;
526 3602 652 3641 nam
698 3603 763 3643 ea
813 3591 1140 3658 animantia,
1188 3610 1312 3664 quae
1352 3594 1687 3650 oﬁ‘errentur
1735 3600 1900 3663 atque
1973 3591 2432 3644 consecrarentur
2505 3585 2638 3649 Deo,
2683 3595 2892 3655 septem
2938 3585 3059 3639 dies
3102 3586 3205 3640 sub
3251 3593 3425 3641 matre
3466 3600 3585 3643 esse

318 3675 501 3748 jubet,
530 3678 764 3747 septimo
797 3681 1019 3738 demum
1052 3685 1142 3740 die
1172 3702 1235 3740 ac
1263 3686 1523 3757 deinceps
1552 3702 1621 3742 ex
1652 3686 1735 3742 eis
1759 3686 1903 3741 doua
1940 3689 1997 3737 et
2026 3676 2294 3735 sacriﬁcia
2325 3677 2437 3731 Deo
2464 3676 2655 3730 oﬁ‘erri
2680 3676 2869 3731 licere.

394 3768 604 3825 IIAAA.
644 3773 719 3826 Οὐ
756 3776 962 3848 σφόδρα
993 3780 1170 3851 σαφὴς
1200 3781 1229 3833 ὀ
1254 3780 1430 3851 λόγος.

392 3861 559 3914 ΚΥΡ.
598 3858 675 3917 Ἦ
715 3864 824 3934 γὰρ
848 3869 969 3938 οὐχὶ
1010 3871 1110 3941 τὴν
1156 3870 1346 3942 ὀγδόην
1383 3874 1481 3945 τὴν
1526 3875 1894 3945 ἀναπὰσιμον

2053 3771 2249 3829 PALL.
2284 3772 2404 3826 Non
2427 3770 2561 3825 satis
2586 3771 2878 3841 perspicua
2899 3782 3029 3827 sunt
3055 3772 3175 3827 haec
3216 3772 3407 3827 verba.

2050 3865 2207 3921 CYR.
2259 3863 2342 3917 An
2391 3870 2448 3917 tu
2472 3862 2620 3918 diem
2645 3871 2901 3918 octavum
2937 3863 3359 3919 resurrectionis
3398 3864 3570 3921 nostri

316 3952 415 4005 τοῦ
447 3955 697 4027 Σωτῆρος
742 3960 957 4031 ἡμέραν
995 3957 1134 4016 εἶναι
1182 3964 1306 4036 φὴς,
1342 3966 1436 4019 καὶ
1479 3967 1653 4039 ἀρχὴν
1706 3966 1894 4039 ὥσπερ

2011 3955 2287 4012 Ξοινιιιοτίε
2304 3954 2449 4010 diem
2479 3970 2600 4010 esse
2627 3955 2854 4010 minime
2884 3955 3095 4021 fateris,
3115 3964 3171 4010 et
3196 3956 3415 4010 initium
3437 3972 3579 4027 quo-

316 4044 516 4110 αξῶνος
554 4048 697 4115 νέου,
728 4053 1212 4123 παριππεύσαντος
1241 4056 1335 4110 τοῦ
1365 4058 1505 4113 κατὰ
1537 4059 1701 4130 νόμον
1732 4059 1809 4123 ὡς
1838 4060 1896 4113 ὲν

2011 4051 2285 4107 lammodo
2312 4049 2440 4105 novi
2461 4049 2668 4115 saeculi,
2694 4064 2805 4120 quo
2828 4050 2942 4120 jam
2982 4049 3121 4103 illud
3149 4049 3288 4120 legis
3311 4050 3575 4104 saeculum

313 4135 558 4206 ἡμέραις
591 4138 736 4194 ἑπτὰ
767 4144 884 4205 ταῖς
913 4143 1188 4214 πρώταις;

392 4230 600 4284 ΠΑΛΛ.
642 4232 807 4302 Φημί.
1761 4244 1893 4297 ἠτῂε

390 4320 551 4378 ΚΥΡ.
593 4322 802 4376 Οὐκοῦν
844 4325 1057 4398 ἀνίερόν
1098 4345 1155 4381 τε
1202 4330 1297 4383 καὶ
1341 4331 1780 4404 ἅπροσκόμιστον
1814 4336 1893 4389 ἔτι

1994 4151 2253 4213 tanquam
2289 4141 2346 4195 in
2376 4141 2573 4195 diebus
2597 4150 2808 4209 septem
2854 4140 3141 4210 prioribus
3180 4140 3581 4209 pertransivit?

2065 4233 2263 4289 PALL.
2307 4232 2419 4302 Ego
2447 4247 2580 4285 vero
2606 4230 2799 4285 fateor.

2064 4324 2222 4380 CYR.
2266 4323 2436 4394 Igitur
2460 4322 2723 4392 profanus
2764 4330 2849 4374 est
2868 4321 3003 4390 jam,
3030 4328 3087 4373 et
3134 4318 3203 4372 ad
3236 4320 3573 4373 oblationem

315 4412 380 4466 τὸ
413 4413 488 4476 ὡς
535 4416 592 4467 ἐν
637 4416 812 4486 χρόνῳ
857 4416 936 4488 τῷ
964 4385 1110 4473 κατὰ
1152 4420 1243 4472 τὸν
1269 4385 1434 4492 νόμον
1470 4385 1892 4494 δηλοζιότιντὸ

2011 4423 2234 4486 ηεριυε,
2262 4385 2515 4483 quisquis
2535 4419 2619 4466 est
2638 4385 2896 4480 tanquam
2927 4410 2983 4464 in
3006 4409 3144 4480 legis
3184 4417 3451 4478 tempore,
3487 4410 3575 4463 ni-

314 4504 546 4576 λατρείᾳ
595 4510 826 4578 σαρκικῇ
854 4524 867 4537 ’
911 4510 1082 4581 δῶρον
1114 4511 1169 4564 δὲ
1212 4513 1309 4585 ήδη
1358 4516 1450 4568 καὶ
1500 4516 1892 4586 εὐπρόσδεκτον

2011 4508 2191 4562 nirum
2216 4504 2464 4575 quisquis
2500 4503 2558 4557 in
2599 4504 2752 4557 cultu
2784 4502 2989 4556 carnali
3030 4509 3319 4555 versatur:
3346 4508 3402 4554 et
3450 4509 3575 4569 apta

315 4593 396 4665 τῷ
428 4595 547 4665 Θεῷ
587 4598 693 4650 πᾶν
726 4598 829 4651 εἴτι
858 4598 1040 4653 λοιπὸν
1075 4602 1134 4654 ὲν
1160 4602 1378 4673 Χριστῷ
1412 4604 1551 4658 κατὰ
1578 4604 1675 4676 τὴν
1699 4604 1892 4676 ὀγδόην

2011 4598 2229 4654 vicissim
2264 4597 2489 4661 oblatio,
2525 4610 2699 4664 eaque
2744 4596 2857 4649 Deo
2890 4592 3263 4663 acceptabilis,
3310 4592 3575 4673 quisquis

316 4686 412 4739 καὶ
442 4686 715 4742 ἐπέκεινα.
765 4689 1165 4761 Ἀκατάληκτος
1190 4693 1296 4763 γὰρ
1328 4695 1361 4764 ἡ
1404 4695 1462 4746 ὲν
1506 4693 1729 4765 Χριστῷ
1755 4696 1889 4767 κλῆ-

1986 4704 2054 4744 ex
2086 4695 2280 4743 octavo
2302 4688 2415 4757 jam
2452 4686 2542 4741 die
2561 4701 2626 4740 ac
2655 4686 2920 4753 deinceps
2943 4684 2999 4737 in
3031 4683 3254 4738 Christo
3295 4691 3399 4737 est.
3436 4684 3572 4737 Nam

318 4793 422 4841 σις,
456 4777 629 4851 ἀρχὴν
662 4778 854 4850 ἔχουσα
899 4782 998 4853 τὴν
1032 4784 1348 4841 ἀνάστασιν.
1393 4786 1503 4839 Καὶ
1546 4786 1704 4841 τοῦτο
1737 4787 1890 4853 είδὼς

2011 4779 2078 4833 lla
2105 4777 2162 4831 in
2208 4776 2429 4832 Christo
2462 4774 2698 4841 vocatio,
2725 4788 2853 4827 cum
2877 4789 2945 4827 ex
2990 4773 3113 4842 ejus
3155 4772 3571 4827 resurrectione

321 4865 487 4929 αὐτὸς
533 4866 770 4937 ἔφασκεν
809 4872 837 4923 6
861 4871 1004 4937 Υἱὸς,
1036 4872 1125 4926 ὁτὲ
1173 4873 1296 4944 μὲν,
1333 4893 1351 4926 ι
1394 4875 1561 4928 Ὅταν
1589 4875 1788 4946 ὑψωθῶ
1821 4880 1886 4931 ὲκ

2011 4869 2198 4924 uitium
2234 4868 2551 4938 sumpserit,
2578 4882 2859 4936 nunquam
2896 4865 3130 4921 desinet.
3170 4865 3342 4935 quue
3375 4866 3579 4945 sciens

312 4957 415 5026 τῆς
445 4956 568 5027 γῆς,
612 4959 814 5024 πάντας
855 4962 1064 5017 ἑλκύσω
1097 4964 1233 5034 πρὸς
1281 4966 1537 5035 ἐμαυτὸν,
1581 4986 1600 5018 ι
1653 4967 1741 5020 ὁτὲ
1791 4967 1880 5031 δὲ,

1980 4960 2178 5014 Εἱιίυε·
2202 4959 2420 5013 dicebat
2459 4958 2737 5013 interdum
2777 4956 3036 5027 quidem:
3074 4977 3092 5008 ι
3126 4956 3265 5012 Cum
3294 4957 3568 5012 exaltatus

318 5065 339 5098 ι
391 5048 560 5119 Ἀμὴν
592 5050 733 5120 λέγω
758 5052 906 5122 ὑμῖν,
947 5054 1040 5109 ἐὰν
1073 5055 1147 5126 μὴ
1172 5057 1199 5108 6
1228 5057 1425 5121 κόκκος
1454 5058 1632 5113 πεσὼν
1673 5059 1754 5122 εἰς
1783 5059 1884 5131 τὴν

2011 5066 2141 5105 uero
2166 5067 2198 5105 a
2223 5059 2392 5115 terra,
2418 5066 2609 5105 omnes
2638 5048 2850 5103 traham
2881 5048 2948 5103 ad
2971 5048 3239 5118 meipsum
3259 5049 3323 5101 ³⁸.
3347 5067 3364 5099 ι
3386 5049 3565 5102 Inter-

312 5139 419 5207 γῆν
465 5141 728 5214 ἀποθάνῃ,
771 5145 929 5208 αὐτὸς
971 5146 1127 5216 μόνος
1162 5148 1335 5218 μένειν
1386 5150 1480 5203 ἐὰν
1515 5149 1571 5203 δὲ
1612 5150 1880 5223 ἀποθάνῃ,

312 5232 525 5302 καρπὸν
553 5234 773 5289 πλείονα
798 5236 975 5308 φέρει.
1016 5258 1034 5289 ι

380 5501 588 5556 ΠΛΛΛ.
642 5502 846 5573 Ὀρθῶς
890 5502 1046 5574 ἔφης.
1079 5504 1152 5558 Τὸ
1175 5504 1233 5559 δέ
1269 5521 1334 5574 γε
1369 5506 1444 5578 μὴ
1476 5508 1884 5563 συνδιόλλυσθαι

384 5702 832 5780 ξένου-,τιμᾶ
913 5704 952 5736 ³⁸
987 5706 1158 5764 Exod.
1227 5727 1401 5779 xxmv,
1456 5713 1541 5767 26.
1623 5714 1665 5746 ³³
1724 5714 1899 5770 chit.

2011 5731 2104 5780 ut,
2157 5715 2260 5777 27,
2307 5713 2392 5767 28.

309 5772 358 5808 εδ
380 5771 520 5827 lbid.
547 5772 636 5840 at,
663 5772 750 5826 εδ.

1977 5144 2108 5198 dum
2129 5158 2292 5198 vero:
2326 5162 2345 5193 ι
2372 5142 2549 5197 Amen
2573 5142 2697 5197 dico
2719 5141 2896 5205 vobis,
2916 5141 3024 5195 nisi
3050 5154 3280 5211 granum
3298 5138 3565 5193 frumenti

1978 5236 2186 5296 cadens
2235 5234 2293 5289 in
2338 5243 2564 5297 terram,
2620 5242 2899 5288 mortuum
2952 5231 3139 5295 fuerit,
3176 5230 3360 5298 ipsum
3384 5229 3563 5283 solum

1989 5334 2203 5392 manet;
2241 5326 2287 5381 si
2313 5334 2495 5382 autem
2518 5333 2794 5381 mortuum
2851 5322 3041 5387 fuerit,
3066 5320 3301 5376 multum
3320 5318 3561 5374 fructum

1983 5419 2143 5474 aﬁ‘ert
2170 5418 2236 5470 ⁸⁵.
2263 5436 2280 5469 ι

2031 5511 2224 5566 PALL.
2258 5511 2426 5566 Recte
2450 5510 2559 5565 ais:
2594 5507 2731 5563 illud
2757 5523 2910 5575 vero,
2927 5523 3038 5562 non
3063 5504 3421 5562 occidendam
3439 5518 3561 5559 esse

2475 5710 2519 5743 ⁵³
2562 5710 2730 5766 Ichr.
2787 5724 2839 5775 v,
2878 5708 2961 5761 12.
3042 5707 3083 5739 ³³
3117 5704 3272 5762 Joan.
3325 5718 3419 5761 xu.
3467 5699 3555 5753 52.
