4142 6296
602 290 705 347 705

1607 288 1663 344 S.
1700 284 1977 343 CYRILLI
2017 283 2490 339 ALEXANDRINI
2528 283 2850 342 ARCHIEP.

3790 278 3892 336 705

599 413 826 460 matrem
859 416 983 456 cum
1028 398 1157 457 ﬁliis
1205 398 1400 456 eodem
1424 399 1534 467 die,
1571 400 1833 470 quidnam
1867 395 2179 468 significat?

2284 394 2388 448 δεῖν
2420 395 2634 468 μητέρα
2664 398 2776 460 τοῖς
2809 394 3019 457 τέκνοις
3071 391 3128 445 ἐν
3179 389 3362 463 ἡμέρᾳ
3407 390 3546 461 μιᾷ,
3591 387 3652 441 τί
3692 388 3763 442 ἂν
3806 391 3890 462 εῐη

660 584 816 639 CYR.
843 584 980 639 Cum
998 600 1083 651 ea,
1107 601 1229 654 quae
1251 586 1319 640 ad
1351 584 1631 641 Christum
1643 583 2014 655 pertinebant,
2037 581 2178 651 Opti-

596 691 682 730 me
704 677 1102 742 constituisset,
1129 692 1192 731 ac
1213 676 1628 746 perfectionem,
1650 691 1771 746 qua:
1785 691 1884 745 per
1898 674 2052 729 illum
2077 673 2176 727 tri—

594 766 808 832 buitur,
833 767 1239 838 elegantissime
1260 767 1604 838 praedixisset
1630 807 1645 833 ,
1676 767 1840 838 360
1871 782 1980 821 non
2023 766 2179 835 igno-

597 858 754 923 ravit,
795 867 985 928 utpote
1012 875 1137 914 cum
1165 859 1313 914 Deus
1338 868 1504 924 esset,
1537 859 1855 915 Judaeorum
1885 864 2176 912 contuma-

594 947 735 1001 ciam
755 958 811 1002 et
829 948 1150 1003 effrenatam
1161 948 1466 1012 audaciam,
1489 949 1561 1002 ob
1575 962 1806 1018 eamque
1824 961 2042 1001 causam
2055 959 2180 1014 per-

595 1036 808 1093 dendos
840 1052 961 1092 esse
986 1037 1280 1102 lsraelitas,
1312 1045 1374 1092 ut
1402 1037 1496 1106 qui
1520 1035 1896 1100 Dominicidae,
1917 1042 1974 1090 et
1999 1034 2056 1088 in
2081 1032 2177 1087 Dei

597 1127 796 1182 Filium
823 1128 1138 1183 immaniter
1165 1127 1549 1183 contumeliosi
1570 1126 1822 1190 fuissent,
1853 1139 1966 1179 non
1992 1133 2178 1178 tamen

593 1219 900 1274 Jerusalem
925 1219 1173 1274 funditus
1195 1219 1522 1289 perituram,
1549 1217 1646 1273 sed
1668 1216 1799 1270 ﬁliis
1822 1215 2013 1270 orbam
2035 1214 2176 1280 fore,

597 1309 851 1363 ultimum
900 1316 1317 1378 extremumque
1359 1317 1576 1378 tempus
1615 1312 2043 1377 exspectantem,
2068 1320 2178 1374 quo

593 1401 760 1454 etiam
791 1399 905 1468 ipsa
940 1400 1087 1454 salva
1104 1399 1215 1463 fiet,
1247 1405 1444 1469 acpost
1464 1407 1652 1469 gentes
1684 1405 1955 1452 accurret.
1988 1395 2178 1450 Posita

594 1491 738 1546 enim
784 1491 840 1544 in
881 1490 1128 1554 dorsum,
1169 1491 1222 1546 id
1256 1498 1342 1545 est
1377 1497 1548 1554 retro,
1571 1491 1726 1561 juxta
1750 1487 2046 1544 Psallentis
2077 1501 2175 1541 vo-

595 1597 712 1638 cem
732 1600 777 1635 :c
805 1581 1074 1648 Quoniam
1093 1597 1265 1651 pones
1281 1596 1377 1636 eos
1391 1580 1617 1636 dorsum
1627 1581 1673 1612 “
1699 1598 1713 1647 ;
1740 1599 1758 1631 ι
1778 1579 1958 1634 omnis
1975 1577 2179 1648 quippe

595 1675 760 1729 Israel
777 1674 957 1728 salvus
971 1672 1142 1738 ﬁet",
1159 1681 1516 1744 posteaquam
1532 1687 1664 1744 grex
1679 1670 1923 1742 gentium
1941 1670 1994 1723 in
2013 1669 2179 1724 ovilla

2279 486 2441 540 πάλιν
2463 503 2478 550 ;

2347 578 2511 632 ΚΥΡ.
2547 576 2937 648 Νομοθετήσας
2973 569 3034 628 εὖ
3072 571 3216 643 μάλα
3255 569 3326 623 τὰ
3358 570 3447 622 ἐπὶ
3483 568 3758 640 Χριστῷ,
3800 572 3892 624 καὶ

2276 666 2376 739 τὴν
2421 668 2488 722 δι’
2534 667 2701 722 αὐτοῦ
2755 665 3031 719 τελείωσιν
3077 662 3568 735 προαναφωνήσας
3623 659 3887 726 ἀστείως,

2277 759 2378 813 οὐκ
2417 759 2704 830 ἠγνόησεν,
2749 757 2824 821 ὡς
2862 757 3014 820 Θεὸς,
3060 754 3172 810 τῶν
3214 752 3490 807 Ἰουδαίων
3517 751 3587 804 τὸ
3639 751 3888 819 ἀπειθὲς,

2279 851 2374 905 καὶ
2408 854 2508 922 τῆς
2561 848 2916 922 Ἰερουσαλὴμ
2962 847 3023 901 τὸ
3070 847 3340 917 δυσήνιον,
3389 845 3490 896 ml.
3543 843 3637 896 ὅτι
3683 843 3890 912 ταύτης

2278 940 2442 995 ἓνεκα
2468 941 2568 1011 τῆς
2599 941 2798 1004 αἰτίας,
2830 938 3314 1010 ὀλοθρευθήσονται
3348 935 3446 1005 μὲν
3481 935 3568 997 ὡς
3598 936 3890 1004 κυριοκτόο

2279 1050 2380 1097 νοι,
2427 1033 2520 1086 καὶ
2549 1031 2755 1102 ἀγρίως
2803 1028 3261 1101 πεπαρῳνηκότες
3304 1028 3384 1090 εἰς
3416 1025 3516 1079 τὸν
3563 1025 3709 1078 Υἰδν
3748 1026 3798 1077 οἱ
3833 1026 3888 1091 ἐξ

2292 1123 2530 1197 Ἰσραὴλ,
2579 1124 2716 1195 πλὴν
2762 1124 2864 1177 οὐκ
2931 1121 3163 1176 εἰσάπαν
3203 1119 3447 1191 όλόριζος
3515 1117 3888 1188 Ἰερουσαλήμ

2277 1216 2578 1286 οἰχήσεται,
2607 1215 2758 1286 μενεῖ
2787 1214 2844 1268 δέ
2866 1212 3056 1284 ὥσπερ
3077 1210 3283 1283 ἔρημος
3306 1210 3549 1274 τέκνων,
3579 1208 3681 1261 τὸν
3705 1207 3886 1260 τελευ-

2279 1309 2428 1362 ταῖον
2456 1305 2554 1360 καὶ
2597 1306 2654 1359 ἐν
2695 1306 2946 1376 ἐσχάτοις
2978 1304 3347 1376 περιμένουσα
3383 1300 3619 1371 καιρὸν,
3677 1299 3803 1352 καθ’
3832 1299 3885 1351 ὃν

2280 1399 2375 1452 καὶ
2414 1398 2552 1469 αὐτὴ
2595 1397 2898 1469 σωθήσεται
2945 1397 3176 1451 κατόπιν
3211 1395 3488 1466 τρέχουσα
3524 1391 3648 1446 τῶν
3698 1390 3884 1443 ἐθνῶν·

2280 1489 2516 1544 τέθειται
2545 1490 2657 1562 γὰρ
2683 1492 2762 1554 εἰς
2792 1489 2983 1555 νῶτον,
3007 1488 3151 1542 τοῦτ’
3174 1487 3342 1555 ἔστιν,
3373 1485 3592 1548 ὀπίσω,
3623 1485 3772 1538 κατά
3794 1485 3884 1552 τὴν

2279 1583 2375 1637 τοῦ
2399 1583 2708 1648 Ψάλλοντος
2729 1583 2934 1654 φωνὴν,
2975 1602 2994 1634 ι
3039 1583 3162 1635 Ὅτι
3195 1579 3350 1650 θήσει
3372 1579 3593 1638 αὐτοὺς
3624 1575 3829 1629 νῶτον·
3863 1594 3878 1625 ι

2282 1676 2392 1738 πᾶς
2433 1675 2540 1747 γὰρ
2606 1674 2823 1747 Ἰσραὴλ
2873 1673 3197 1745 σωθήσεται,
3241 1673 3343 1742 τῆς
3365 1671 3426 1737 ἐξ
3452 1669 3648 1724 ἐθνῶν
3687 1670 3882 1739 ἀγέλης

595 1779 655 1818 se
688 1763 874 1817 divina
899 1764 1187 1832 receperit.
1209 1764 1330 1818 Non
1353 1763 1525 1833 igitur
1546 1769 1798 1817 extremo
1821 1760 2041 1815 excidio
2073 1759 2171 1814 de-

2284 1769 2386 1832 ιοῖς
2433 1744 2599 1830 θείοις
2642 1744 2834 1838 σηκοῖς
2886 1744 3411 1836 προενηυλισμένης.
3473 1761 3613 1816 Οὐκ
3671 1762 3741 1832 ἐᾷ
3783 1778 3883 1814 τοι·

597 1855 700 1910 leri
732 1855 819 1910 lex
845 1855 1141 1924 permittit,
1181 1854 1545 1926 prazdicitque
1584 1853 1916 1924 supplicium
1948 1851 2016 1906 de
2037 1866 2171 1906 con-

597 1946 904 2001 tumacibus
927 1947 1255 2002 sumendum
1299 1962 1438 2011 esse,
1472 1945 1764 2001 clementia
1789 1952 2171 2014 temperatum.

597 2036 766 2092 Simul
791 2037 978 2102 etiam,
1011 2037 1305 2108 ut0pinor,
1335 2037 1392 2092 in
1415 2052 1480 2092 ea
1508 2052 1566 2091 re
1586 2045 1849 2106 tanquam
1865 2034 2175 2104 exemplum

596 2128 870 2197 quoddam
928 2128 1257 2200 cognitionis
1294 2128 1620 2184 necessariae
1650 2127 1951 2192 describit;
1997 2140 2176 2195 neque

597 2219 744 2274 cnim
775 2234 863 2274 res
896 2235 1088 2276 omnes
1125 2220 1404 2276 intereunt
1427 2221 1484 2275 in
1526 2220 1787 2285 nihilum,
1825 2233 1979 2273 mero
2011 2217 2180 2273 exitio

599 2319 853 2382 tanquam
874 2327 1015 2368 saevo
1037 2312 1259 2368 domino
1278 2312 1559 2383 subjectae,
1589 2312 1686 2367 sed
1715 2318 2043 2382 permanent
2063 2309 2181 2364 vel-

597 2403 674 2458 uti
707 2403 1152 2458 successionibus
1184 2402 1543 2473 quibusdam,
1571 2408 1627 2456 et
1674 2399 1863 2455 hocin
1894 2400 2007 2464 illo,
2044 2397 2178 2453 illud

597 2509 786 2550 rursus
811 2495 866 2550 in
887 2494 991 2550 hoc
1023 2501 1298 2558 servatur,
1345 2500 1634 2563 propterea
1677 2491 1824 2562 quod
1853 2506 1981 2546 suas
2022 2505 2179 2544 crea-

595 2595 745 2642 turas
770 2602 868 2658 per
899 2600 1100 2655 genera
1132 2600 1196 2640 ac
1221 2584 1435 2654 species
1481 2582 1732 2638 funditus
1787 2581 2017 2636 interire
2069 2595 2179 2634 non

594 2678 800 2746 patitur
830 2677 994 2731 Deus.
1037 2694 1055 2726 ι
1103 2674 1324 2730 Creavit
1352 2673 1523 2738 enim,
1579 2681 1642 2727 ut
1682 2679 1868 2726 essent
1891 2670 2096 2734 omnia,
2127 2677 2182 2726 et

597 2767 866 2821 salutares
880 2765 1259 2837 generationes
1280 2763 1471 2818 mundi
1489 2804 1504 2828 ,
1535 2782 1554 2813 ι
1578 2763 1721 2818 sicut
1735 2763 2001 2833 scriptum
2016 2771 2099 2818 est
2115 2762 2179 2814 ³³.

592 2854 1196 2910 Convenientissimum
1265 2868 1440 2924 porro
1489 2859 1612 2908 erat
1645 2860 1708 2907 ut
1744 2852 1918 2907 iidem
1971 2867 2183 2907 sermo-

599 2961 696 3003 nes
741 2945 1010 3016 ejusmodi
1038 2959 1260 3016 quoque
1306 2960 1394 3001 res
1417 2945 1854 3016 praznuntiarent
1876 2954 2042 3016 atque
2073 2943 2173 3000 de-

599 3040 888 3103 clararent,
921 3038 1016 3108 qui
1040 3037 1321 3094 Christum
1366 3037 1766 3108 praedicabant,
1794 3053 1894 3108 per
1936 3053 2102 3109 quem
2129 3045 2184 3093 et

599 3129 657 3184 in
679 3144 788 3199 quo
807 3145 926 3199 qua:
959 3128 1240 3195 interiere,
1278 3138 1591 3195 servantur,
1618 3137 1676 3185 et
1712 3146 1835 3200 quae
1861 3130 2057 3186 mortis
2087 3129 2184 3184 do-

598 3222 810 3278 minatu
825 3231 955 3278 sunt
977 3236 1259 3293 oppressa,
1297 3221 1661 3280 reflorescunt
1683 3222 1753 3277 ad
1783 3222 1954 3277 vitam
2000 3241 2012 3276 :
2056 3238 2184 3278 nam

599 3313 768 3384 stirps
810 3314 1034 3369 humani
1065 3315 1284 3386 generis
1337 3313 1479 3368 utin
1537 3312 1732 3378 Adam,
1786 3313 1957 3369 veluti
2009 3324 2186 3370 mater

600 3403 851 3472 quaedam
874 3404 1144 3460 exstincta
1168 3413 1291 3470 est;
1317 3404 1414 3474 qui
1462 3411 1646 3458 tamen
1667 3419 1736 3460 ex
1756 3404 1848 3458 illa
1879 3404 1989 3459 orti
2031 3413 2181 3472 sunt,

601 3493 660 3548 id
677 3501 784 3558 est,
811 3509 914 3550 nos
945 3494 1296 3550 refloruimus
1320 3493 1378 3550 in
1405 3493 1650 3561 Christo,
1686 3495 1742 3550 in
1766 3510 1945 3566 eoque
1961 3511 2174 3562 sumus,

601 3594 660 3642 ct
689 3587 984 3652 salvamur,
1019 3587 1311 3657 ipsumque
1346 3587 1518 3642 vitam
1547 3593 1604 3642 et
1627 3587 1861 3644 alteram
1911 3587 2184 3658 quodam-

603 3677 766 3734 modo
797 3677 1028 3749 stirpem
1043 3677 1219 3734 nostri
1239 3678 1460 3749 generis
1487 3677 1776 3734 habemus.

673 3767 868 3824 PALL.
928 3767 1195 3824 Praeclara
1257 3782 1389 3824 sane
1453 3775 1512 3823 et
1576 3768 1820 3839 expolita
1885 3766 2186 3824 admodum

603 3859 800 3916 oratio.

654 3948 812 4004 (1γῆ.
827 3947 1019 4018 Operae
1031 3948 1270 4018 pretium
1285 3962 1438 4013 vero,
1455 3947 1682 4012 Palladi,
1701 3957 1786 4004 est
1806 3948 1873 4004 iis
1903 3963 2025 4019 quae
2042 3949 2188 4005 dicta

607 4047 738 4096 sunt
775 4039 943 4095 etiam
982 4039 1118 4095 illud
1165 4039 1500 4112 adjungere:
1552 4058 1571 4090 ι
1622 4039 1741 4094 Non
1771 4039 2045 4110 plantabis
2087 4041 2187 4096 tibi

608 4131 712 4202 ipsi
745 4145 961 4197 nemus,
995 4146 1158 4186 omne
1179 4131 1386 4202 lignum
1411 4145 1583 4200 prope
1616 4130 1790 4186 altare
1822 4130 2037 4185 Domini
2091 4131 2188 4188 Dei

609 4223 712 4289 tui,
751 4239 862 4279 non
894 4223 1062 4280 facies
1085 4223 1185 4278 tibi
1218 4231 1382 4294 atque
1413 4223 1718 4279 constitues
1762 4229 2032 4289 statuam;
2068 4238 2190 4294 qua:

609 4315 727 4371 odit
749 4315 1011 4372 Dominus
1030 4316 1176 4372 Deus
1206 4325 1335 4372 tuus
1357 4316 1424 4370 ³’.
1453 4335 1471 4368 ι
1502 4314 1638 4370 Vide
1671 4314 1821 4370 enim
1848 4322 1908 4370 ut
1939 4315 2190 4372 veritatis

611 4406 954 4462 adoratorem
981 4408 1052 4463 ab
1091 4409 1243 4463 omni
1275 4423 1466 4463 errore
1510 4407 1786 4462 idolorum
1815 4423 2046 4478 prorsus
2095 4409 2191 4465 ab-

612 4496 795 4564 ducat,
830 4514 955 4554 cum
983 4498 1268 4570 gentilium
1298 4498 1513 4571 legibus
1533 4499 1613 4553 uti
1635 4499 1862 4555 minime
1885 4499 2188 4572 permittat,

613 4599 669 4646 et
688 4591 907 4647 illorum
950 4607 1132 4648 mores
1167 4593 1407 4664 abjicere
1441 4592 1746 4664 przecipiat,
1788 4584 2006 4653 etiamsi
2055 4597 2194 4654 nihil

613 4680 938 4738 offensionis
962 4682 1193 4739 fortasse
1215 4683 1476 4752 habeant,
1517 4684 1564 4741 si
1594 4695 1913 4743 serventur.

688 4866 884 4922 PALL.
929 4866 1101 4934 Quale
1135 4868 1357 4925 tandem
1381 4872 1527 4928 istud
1551 4882 1657 4939 est,
1681 4873 1827 4946 quod
1861 4873 2001 4929 dicis
2028 4875 2052 4928 ?

671 4959 830 5017 CYR.
849 4958 1295 5023 Gentiles,sicubi
1322 4961 1521 5018 densas
1539 4965 1783 5031 arbores,
1806 4965 1964 5036 361
1991 4965 2202 5020 lucum-

615 5067 724 5123 que
748 5059 922 5107 totum
948 5049 1167 5106 abunde
1194 5066 1428 5121 opacum
1453 5053 1952 5124 deprehenderant,
1978 5054 2053 5110 ibi
2079 5068 2203 5110 aras

619 5143 686 5200 ad
711 5142 1020 5199 daemonum
1074 5141 1344 5198 sacrificia
1378 5144 1764 5198 exstruebant:
1797 5143 2009 5200 scilicet
2062 5159 2202 5214 opus

618 5245 738 5290 erat
753 5234 1150 5291 daemoniorum
1169 5233 1280 5289 aris
1305 5240 1564 5303 tanquam
1584 5234 1987 5290 aberrationem
2004 5251 2198 5305 quam-

621 5326 746 5380 dam
764 5327 933 5382 animi
955 5342 1020 5381 ac
1033 5327 1322 5382 saeculares
1334 5327 1730 5382 oblectationes
1753 5325 2040 5396 adjunctus
2060 5341 2200 5392 esse;

621 5430 747 5470 nam
769 5416 976 5473 falsitas
995 5417 1111 5488 ipsa
1136 5433 1235 5489 per
1263 5435 1322 5475 se
1340 5419 1558 5475 inﬁrma
1581 5428 1698 5486 cst;
1727 5417 1993 5474 adhibitis
2017 5425 2202 5472 autem

621 5507 968 5564 extrinsecus
987 5523 1233 5581 persaepe
1257 5511 1419 5579 fucis,
1483 5520 1736 5578 ornatur,
1758 5517 1820 5566 ut
1859 5518 2048 5578 turpes
2086 5523 2206 5563 mu-

743 5685 788 5719 "
822 5686 962 5742 Psal.
995 5703 1082 5757 ις,
1120 5691 1200 5745 15.
1280 5694 1322 5726 ³⁷
1352 5693 1508 5750 Rom.
1553 5710 1624 5758 iu,
1658 5694 1742 5750 9.6.
1825 5692 1868 5724 ³⁸
1892 5691 2017 5762 Sap.
2045 5705 2082 5758 ι,
2121 5689 2206 5744 Η.

2275 1855 2480 1928 γαροῦν
2513 1857 2542 1908 ὁ
2567 1856 2730 1926 νόμος
2775 1855 2871 1926 τὴν
2902 1855 2977 1917 ὡς
3005 1856 3064 1908 ἐν
3095 1853 3299 1924 ἐσχάτῃ
3330 1851 3705 1922 πανωλεθρίᾳ
3731 1851 3880 1919 γενέ-

2279 1950 2404 2006 σθαι
2435 1950 2660 2021 φθορὰν,
2695 1949 2996 2021 ήμερότητι
3025 1948 3480 2019 συγκεκραμένην
3516 1945 3626 2016 τὴν
3651 1942 3748 1997 ἐπὶ
3778 1943 3881 2006 τοῖς

2277 2043 2608 2115 ἀπειθήσασι
2630 2041 3048 2113 προαναφαίνων
3073 2039 3263 2111 ὀργὴν,
3293 2041 3349 2094 ἐν
3372 2038 3572 2108 ταύτῷ
3626 2036 3706 2101 δὲ,
3738 2030 3878 2106 οἶμαι

2278 2134 2465 2188 τύπων
2491 2131 2680 2204 ὥσπερ
2714 2131 2836 2186 τινὰ
2874 2131 2934 2184 τὺ
2963 2129 3150 2202 χρῆμα
3189 2130 3358 2194 τιθεὶς
3403 2129 3687 2200 εἰδήσεως
3711 2126 3873 2192 ἀναγ-

2280 2226 2463 2291 καίας.
2493 2225 2735 2280 Ἦκιστα
2775 2225 2873 2295 μὲν
2916 2223 3027 2295 γὰρ
3055 2224 3337 2294 οἰχήσεται
3365 2221 3435 2275 τὰ
3481 2221 3631 2274 ὄντα
3659 2217 3794 2290 πρὸς
3822 2218 3876 2271 τὸ

2285 2318 2449 2390 μηδὲν
2501 2318 2725 2389 ἀκράτῳ
2775 2316 2953 2391 φθορᾷ
3007 2313 3439 2386 τυραννούμενα,
3512 2312 3774 2383 διαμενεῖ
3823 2308 3874 2362 δὲ

2282 2410 2468 2480 ὥσπερ
2494 2413 2613 2470 ταῖς
2633 2408 2903 2479 διαδοχαῖς
2925 2407 3082 2461 τοῦτο
3109 2409 3165 2462 ἐν
3191 2408 3408 2478 ἐκείνῳ,
3439 2406 3681 2460 κάκεῖνο
3715 2401 3866 2473 τυχὸν

2283 2503 2341 2554 ἐν
2372 2499 2546 2570 τούτῳ
2574 2499 2879 2567 σωζόμενα,
2907 2499 3049 2553 κατά
3077 2515 3141 2567 γε
3167 2499 3228 2552 τὸ
3259 2497 3531 2566 συγγενὲς
3555 2496 3592 2567 ἢ
3620 2495 3873 2567 ὁμοειδὲς,

2281 2590 2374 2642 τὸν
2415 2589 2649 2643 εἰσάπαν
2701 2589 2925 2662 ὄλεθρον
2972 2587 3082 2641 τῶν
3123 2577 3268 2642 ἰδίων
3301 2585 3637 2656 κτισμάτων
3691 2584 3873 2636 ἀποσο-

2285 2680 2505 2745 ϐοῦντος
2553 2680 2647 2734 τοῦ
2693 2679 2850 2735 Θεοῦ.
2892 2699 2911 2732 ι
2951 2681 3175 2734 ’Έκτισε
3221 2678 3330 2750 γὰρ
3362 2679 3442 2742 εἰς
3497 2676 3570 2732 τὸ
3629 2672 3773 2730 εἶναι
3811 2672 3873 2726 τά

2285 2771 2464 2825 πάντα
2506 2769 2599 2823 καὶ
2629 2770 2882 2842 σωτήριοι
2909 2771 2963 2823 αἰ
2989 2767 3230 2838 γενέσεις
3266 2766 3358 2821 τοῦ
3386 2766 3634 2838 κόσμου,
3687 2784 3706 2816 ι
3744 2762 3873 2817 κατά

2283 2862 2346 2916 τὸ
2399 2862 2808 2934 γεγραμμένον.
2861 2861 3110 2931 Ἔπρεπε
3141 2860 3199 2914 δὲ
3246 2861 3341 2914 καὶ
3406 2859 3524 2918 τῶν
3555 2856 3870 2923 τοιούτωνή

2288 2959 2709 3026 προαγόρευσις,
2756 2953 2851 3006 κοιλ⁴
2899 2952 3006 3024 μὴν
3060 2952 3155 3004 καὶ
3191 2952 3226 3022 ἡ
3283 2950 3550 3022 δήλωσις,
3595 2948 3706 3002 τῶν
3756 2945 3872 3016 περὶ

2285 3041 2522 3114 Χριστοῦ
2558 3042 2750 3110 λόγων,
2784 3041 2850 3095 δι’
2889 3041 2947 3095 ὂν
2978 3041 3068 3096 καὶ
3094 3041 3151 3094 ἐν
3179 3031 3223 3109 ᾧ
3243 3041 3311 3095 τὰ
3338 3039 3673 3112 ἐφθαρμένα
3709 3035 3868 3100 σώζε-

2288 3152 2402 3198 ται,
2448 3133 2544 3188 καὶ
2577 3133 2640 3186 τὸ
2679 3133 2895 3209 θανάτῳ
2946 3131 3375 3204 τυραννούμενον
3424 3129 3764 3200 ἀνατέθηλεν
3798 3127 3869 3190 είς

2293 3225 2458 3296 ζωὴν,
2503 3223 2858 3297 τετελεύτηκε
2905 3225 3004 3295 μὲν
3035 3223 3144 3296 γὰρ
3177 3225 3212 3294 ή
3244 3223 3370 3294 ῥίζα
3399 3220 3495 3274 τοῦ
3534 3217 3865 3291 ἀνθρωπείου

2291 3317 2482 3386 γένους
2512 3310 2602 3370 οἷά
2620 3333 2705 3379 τις
2734 3317 2936 3388 μήτηρ,
2962 3315 3038 3379 ὡς
3058 3317 3116 3368 ἐν
3147 3313 3338 3385 Ἀδὰμ,
3362 3312 3502 3384 πλὴν
3528 3315 3582 3365 οἰ
3606 3311 3666 3375 ἐξ
3687 3307 3864 3376 αὐτῆς,

2290 3406 2433 3461 τοῦτ’
2459 3406 2624 3475 ἔστιν,
2650 3409 2834 3478 ἡμεῖς,
2863 3405 3223 3477 ἀνεθάλλομεν
3250 3407 3308 3459 ἐν
3330 3403 3559 3476 Χριστῷ
3589 3402 3683 3457 καὶ
3712 3397 3864 3468 ἐσμὲν

2292 3498 2388 3552 καὶ
2423 3495 2732 3569 σωζόμεθα,
2767 3497 2912 3568 ζωὴν
2939 3496 3153 3569 ἔχοντες
3185 3495 3346 3551 αὑτὸν
3371 3495 3467 3550 καὶ
3493 3493 3660 3566 ῥίζαν
3691 3490 3865 3558 ὥσπερ

2291 3591 2385 3645 τοῦ
2415 3591 2606 3661 γένους
2632 3589 2911 3662 δευτέραν.

2364 3770 2572 3826 ΠΛΔΛ.
2627 3769 2718 3835 Ὦς
2759 3764 2820 3824 εὖ
2864 3785 2930 3839 γε
2972 3766 3038 3838 δὴ
3086 3763 3180 3820 καὶ
3219 3765 3365 3837 μάλα
3409 3761 3795 3835 ἀπεζεσμένως
3835 3756 3861 3808 ὁ

2293 3864 2448 3933 λόγος
2465 3863 2617 3938 ἐχει.

2367 3956 2533 4026 KY1}.-
2585 3953 2767 4020 Ἄξιον
2821 3951 2898 4017 δέ,
2955 3943 3001 4005 ὦ
3048 3950 3335 4016 Παλλάδιε,
3405 3950 3516 4012 τοῖς
3565 3942 3859 4019 εἰρημένοις

2294 4047 2630 4116 ἐπενεγκεῖν,
2673 4045 2756 4099 τό·
2797 4063 2816 4096 ι
2857 4044 2933 4098 Οὐ
2965 4043 3251 4116 φυτεύσεις
3293 4041 3505 4112 σεαυτῷ
3551 4042 3728 4102 ἄλσος·
3761 4033 3857 4087 πᾶν

2296 4140 2451 4207 ξύλον
2485 4139 2636 4210 παρά
2669 4138 2730 4192 τὸ
2769 4137 3153 4209 θυσιαστήριον
3191 4135 3400 4208 Κυρίου
3431 4133 3525 4188 τοῦ
3577 4129 3708 4187 Θεοῦ
3749 4142 3852 4188 σου,

2294 4234 2354 4286 οὐ
2406 4231 2652 4302 ποιήσεις
2690 4228 2924 4299 σεαυτῷ,
2964 4229 3024 4282 οὐ
3062 4230 3278 4299 στήσεις
3323 4225 3536 4296 σεαυτῷ
3576 4223 3790 4294 στήλην,
3823 4215 3854 4269 ἃ

2295 4325 2523 4397 ἐμίσησε
2554 4321 2759 4393 Κύριος
2785 4320 2814 4373 ὀ
2839 4319 2972 4384 Θεός
3002 4337 3117 4375 σου.
3157 4339 3176 4372 ι
3215 4319 3323 4374 Θέα
3359 4319 3464 4392 γὰρ
3488 4319 3634 4379 ὅπως
3662 4310 3854 4366 εἰδωλο-

2297 4420 2542 4496 πρεποῦς
2563 4421 2779 4490 ἀπάτης
2795 4416 3050 4484 ἐξοικίζει
3067 4415 3343 4478 παντελῶς
3367 4415 3459 4467 τὸν
3488 4413 3590 4484 τῆς
3612 4405 3851 4478 ἀληθείας

2294 4512 2704 4587 προσκυνητὴν,
2751 4511 2953 4581 ἥκιστα
3005 4506 3105 4578 μὲν
3175 4508 3370 4576 ἐφιεὶς,
3419 4506 3534 4566 τοῖς
3605 4497 3851 4587 Ἑλλήνων

2291 4581 2702 4677 ἀποκεχρήσθῗαι
2741 4601 2958 4672 νόμοις,
2995 4596 3347 4652 ἀποσείεσθαι
3391 4595 3450 4650 δέ
3487 4595 3595 4648 δεῖν
3635 4588 3702 4643 τά
3736 4581 3850 4650 παρ’

2294 4701 2523 4762 ἐκείνοις
2549 4697 2646 4767 ἔθη
2677 4693 3026 4766 παρεγγυῶν,
3060 4690 3166 4745 κᾶν
3193 4691 3241 4743 εἰ
3273 4688 3438 4762 μηδὲν
3478 4687 3649 4759 ἔχοιεν
3682 4679 3741 4734 τὸ
3772 4677 3850 4728 λυ·

2295 4791 2452 4854 ποῦν,
2485 4790 2579 4846 καὶ⁹
2606 4791 2656 4842 εἰ
2682 4787 2920 4856 γένοιντο
2953 4783 3136 4855 τυχόν.

2369 4884 2581 4938 ΠΑΛΛ.
2623 4875 2748 4935 Οἷόν
2783 4896 2836 4932 τι
2864 4879 2970 4949 φής
2989 4893 3004 4943 ἓ

2367 4973 2531 5027 ΚΥΡ.
2575 4971 2658 5025 Τὰ
2682 4968 3046 5041 εὐερνέστατα
3068 4965 3177 5020 τῶν
3204 4965 3387 5035 φυτῶν
3415 4963 3592 5019 πάντα
3613 4977 3669 5014 τε
3700 4959 3849 5027 ἀμφι-

2299 5060 2484 5131 λαφῶς
2518 5058 2776 5130 κομῶντα
2800 5056 3004 5128 δρυμδν
3048 5054 3561 5124 καταλαμϐάνοντες
3593 5049 3846 5114 Ἕλληνες·

2303 5151 2517 5222 βωμοὺς
2540 5149 2635 5202 καὶ
2651 5146 2842 5210 θυσίας
2865 5148 2977 5209 τοῖς
3001 5144 3296 5214 δαιμονίοις
3319 5139 3715 5198 ἴστασαν.Ἐδει
3734 5131 3843 5202 γὰρ,

2301 5241 2409 5294 ἔδει
2452 5240 2565 5301 τοῖς
2611 5236 2720 5290 τῶν
2765 5234 3057 5304 δαιμονίων
3107 5233 3310 5304 βωμοῖς
3353 5231 3632 5303 ἀποφορὰν
3681 5224 3847 5284 ὥσπερ

2303 5331 2417 5394 νοῦ,
2448 5329 2541 5382 καὶ
2592 5328 2696 5398 μὴν
2728 5327 2823 5381 καὶ
2852 5326 3072 5398 τέρψεις
3114 5323 3544 5395 παραπεπῆχθαι
3585 5309 3842 5398 κοσμικὰς-

2304 5419 2471 5473 Νοσεῖ
2492 5396 2604 5487 γάρ
2618 5396 2679 5468 τὸ
2695 5415 2888 5485 ψεῦδος
2908 5396 3120 5468 οἴκοθεν
3149 5412 3248 5484 μὲν
3269 5411 3330 5466 τὸ
3359 5413 3576 5479 ἀναλκι,
3605 5396 3845 5464 κατακαλ-

2306 5508 2524 5562 λύνεται
2578 5506 2636 5560 δὲ
2691 5506 2953 5571 πολλάκις
3003 5507 3116 5570 τοῖς
3171 5506 3504 5575 εἰσποιητοῖς
3555 5489 3839 5574 ὠραϊσμοῖςν

2284 5690 2327 5723 ³³
2357 5691 2514 5746 Deut.
2551 5705 2658 5755 xvr,
2688 5687 2778 5755 21,
2811 5686 2910 5745 22.
