4142 6296
264 293 374 352 705

1010 287 1101 342 DE
1134 284 1573 344 ADORATIONE
1612 288 1681 343 IN
1720 286 1990 345 SPIRITU
2020 287 2109 343 ET
2148 287 2516 349 VERITATE.
2558 291 2685 351 LIB.
2725 296 2794 352 Χ.

3408 294 3513 353 706

270 407 524 479 καθάπερ
554 402 747 475 ἀμέλει
776 398 870 454 καὶ
904 396 1010 451 τῶν
1047 396 1285 466 γυναίων
1318 396 1386 451 τὰ
1409 396 1641 469 ἄσεμνα.
1670 396 1764 468 Τῷ
1795 396 1851 450 δὲ

1965 400 2203 459 Iiercular
2252 403 2451 460 solent.
2491 406 2633 463 Illud
2679 421 2848 478 porro
2889 407 3138 466 divinum
3194 411 3366 469 altare
3385 427 3512 469 eum

269 499 409 569 θείῳ
441 488 813 564 θυσιαστηρίῳ
857 487 937 559 τῷ
978 486 1078 575 τῆς
1116 487 1374 575 ἀληθείας
1401 487 1846 560 άπαστράτιτοντι

1965 497 2314 552 iulcherrima
2382 498 2633 555 veritatis
2700 501 2885 570 specie
2936 501 3169 573 fulgeret
3194 543 3210 568 ,
3261 519 3515 575 quaenam

272 586 481 648 κάλλει,
532 579 702 634 ποίων
759 577 867 630 ἔδει
928 574 1037 629 τῶν
1095 574 1295 640 ἔξωθεν
1364 574 1847 646 ὲπικουρημάτων,

268 676 441 746 ἡγουν
469 669 692 725 είκαίων
728 663 1059 738 ὠραϊσμῶν;
1089 665 1151 718 οὐ
1185 665 1292 738 γάρ
1335 663 1424 719 διὰ
1463 664 1707 736 τέρψεως
1728 674 1843 715 ακο-

1945 586 2257 642 extrinscca
2286 588 2624 660 adjumeuta,
2644 597 2739 655 aut
2756 606 2896 646 vana
2916 599 3239 647 ornamenta
3263 592 3516 663 require-

1946 678 2075 732 ret?
2102 694 2282 749 neque
2314 679 2463 733 enim
2495 695 2593 749 per
2615 681 2898 736 saecularia
2956 682 3355 738 oblectamenta
3395 683 3515 739 adi-

268 764 476 835 σμικῆς
526 759 787 831 προσιτὸν
839 756 902 810 τὸ
951 756 1116 821 θεῖον,
1165 755 1287 809 οὐδὲ
1324 753 1594 826 ἀνειμένῳ
1648 753 1848 826 τρόπον

1965 785 2035 823 ιιι·
2058 766 2125 824 ad
2171 769 2367 834 Deum,
2413 784 2593 839 neque
2628 771 2808 825 soluto
2840 771 3181 842 remissoque
3221 773 3425 836 animo,
3461 782 3519 828 et

270 853 394 907 τινὰ
421 851 499 920 νῷ
528 850 624 904 καὶ
650 847 947 904 ἁνάπτοντι
978 844 1115 917 πρὸς
1145 845 1214 899 τὰ
1248 844 1506 915 σαρκικὰ,
1541 845 1656 898 ἀλλ’
1686 844 1761 908 ὡς
1790 845 1850 896 ὲν

267 942 518 1013 νηφούσῃ
550 938 759 1008 διανοίᾳ
784 937 881 991 καὶ
906 934 1042 988 πολὺ
1070 932 1207 1004 πρὸς
1233 934 1294 987 τὸ
1323 932 1435 987 ἄνω
1464 932 1733 1004 βλεπούσῃ
1758 932 1851 985 καὶ

271 1038 332 1089 έν
366 1033 639 1105 οὐρανοῖς.
673 1029 849 1100 Εἴπερ
877 1022 949 1099 ἦν
980 1026 1116 1090 ὅλως
1156 1023 1249 1078 καὶ
1279 1025 1386 1078 ὑπὸ
1423 1025 1643 1097 πρέμνα
1667 1024 1850 1096 τυχὸν,

273 1128 351 1191 ὡς
379 1128 444 1180 ὲκ
477 1121 819 1193 ταυτομάτου
865 1118 1089 1188 γεγονὸς
1123 1115 1265 1169 θεῖόν
1299 1133 1405 1169 που
1443 1115 1850 1188 θυσιαστήριον,

274 1216 532 1286 ἠδίκησεν
565 1212 631 1266 ἂν
658 1210 720 1264 τδ
748 1209 937 1282 χρῆμα
963 1205 1116 1260 οὐδὲν
1143 1205 1234 1258 τὸν
1263 1206 1480 1276 ἀσφαλῆ
1510 1206 1605 1259 καὶ
1632 1207 1854 1277 γνήσιον

271 1302 371 1356 τοῦ
417 1302 672 1373 Σωτῆρος
716 1296 1134 1370 προσκυνητήνο
1172 1294 1359 1366 ἐπειδὴ
1406 1293 1467 1347 δέ
1525 1294 1674 1347 ἔστιν
1719 1293 1855 1357 ὅλως

288 1393 604 1465 Ἑλληνικὸν
630 1390 693 1445 τὸ
711 1387 968 1459 ὲπιτήδευ
977 1403 1071 1458 μα,
1095 1385 1461 1457 παραιτητέον
1476 1385 1574 1457 τὴν
1602 1386 1854 1459 μίμησιν,

277 1485 488 1556 καὶτῆς
504 1480 790 1553 συνηθείας
806 1479 869 1533 τὸ
886 1476 1146 1549 ἐμφερὲς,
1166 1476 1418 1549 καθάπερ
1431 1477 1642 1547 ἀμέλει,
1662 1477 1741 1548 τῷ
1759 1478 1858 1550 μὲν

279 1574 462 1647 πιστῷ
491 1574 587 1628 καὶ
603 1569 856 1645 βεϐηκότι
880 1569 957 1641 νῷ
989 1567 1128 1640 πρὸς
1160 1566 1339 1639 ἀληθῆ
1368 1566 1595 1638 εῐδησιν,
1638 1568 1855 1622 εἴδωλον

280 1663 386 1735 μὲν
433 1660 585 1714 οὐδὲν
614 1661 673 1712 έν
701 1657 914 1729 κόσμῳ,
964 1656 1079 1711 ἀλλ’
1113 1655 1233 1710 οὐδὲ
1283 1655 1631 1710 εἰδωλόθυτόν
1682 1659 1852 1725 ἐστιν,

276 1751 482 1806 ἐσθίειν
502 1766 566 1820 γε
601 1748 708 1819 μὴν
731 1749 833 1803 οὐκ
865 1748 1077 1816 ἐφίεται
1104 1747 1527 1820 παρεγγυῶντος
1552 1747 1742 1819 ἑτέρου
1767 1749 1856 1803 διὰ

272 1844 378 1916 τήν
402 1842 512 1898 τῶν
537 1840 941 1913 ἀσθενεστέρων
971 1840 1292 1910 συνείδησιν·
1338 1859 1357 1892 I
1392 1841 1512 1895 Ἵνα
1535 1840 1590 1894 τί
1620 1841 1729 1914 γὰρ
1744 1840 1856 1911 ἐγὼ

277 1936 534 2008 κρίνομαι
560 1932 666 1987 ὑπὸ
690 1932 856 2002 ἄλλης
883 1932 1266 2004 συνειδήσεως;
1298 1932 1363 1987 El
1390 1930 1502 2001 ἐγὼ
1521 1932 1705 2004 χάριτι
1728 1949 1856 2004 μετ-

278 2027 413 2098 έχω,
440 2027 495 2081 τί
524 2024 984 2098 βλασφημοῦμαι,
1023 2024 1166 2095 ὑπὲρ
1199 2017 1262 2080 οῦ
1299 2023 1413 2095 έγὼ
1445 2023 1791 2096 εὐχαριστῶς
1829 2043 1849 2078 ι

279 2118 558 2191 εὐδοκιμεῖ
594 2117 883 2190 τοιγαροῦν
912 2114 976 2171 τὸ
1005 2115 1196 2188 χρῆμα
1224 2115 1379 2189 παρά
1413 2115 1532 2189 Θεῷ
1561 2117 1623 2170 τὸ
1654 2132 1858 2187 παραι-

278 2210 490 2267 τεῖσθαί
516 2228 657 2282 φημι
683 2211 785 2282 τὴν
815 2209 952 2283 πρὸς
976 2210 1244 2282 Ἕλληνας
1279 2209 1579 2282 ίσουργίαν,
1609 2208 1687 2275 ὡς
1712 2208 1769 2263 ἐν
1797 2227 1860 2263 τε

277 2306 349 2376 τῇ
386 2303 495 2357 τῶν
525 2301 923 2376 θυσιαστηρίων
953 2300 1124 2367 θέσει,
1157 2301 1251 2356 καὶ
1298 2302 1359 2356 ιν
1393 2303 1508 2365 τοῖς
1556 2300 1685 2373 περὶ
1720 2300 1860 2373 θρη·

278 2392 474 2457 σκείας
506 2391 651 2447 ἔθεσί
680 2410 743 2447 τε
769 2392 865 2447 καὶ
889 2391 1131 2464 τρόποις.

354 2481 564 2538 ΠΑΔΛ.
606 2479 889 2552 Σύμφημι.

353 2570 521 2624 ΚΥΡ.
560 2570 635 2624 Τὸ
682 2569 740 2624 δὲ
784 2570 851 2641 δὴ
894 2569 1093 2643 χρῆναι
1146 2570 1517 2643 καρποφορεῖν
1562 2569 1646 2635 είς
1701 2567 1860 2636 δόξαν

280 2663 446 2728 Θεοῦ,
496 2662 593 2717 καὶ
643 2661 719 2735 μὴ
762 2662 928 2728 κενὰς
958 2667 1146 2736 χεῖρας
1180 2662 1404 2735 ἔχοντας
1444 2663 1525 2726 είς
1564 2661 1667 2734 τὴν
1700 2661 1861 2731 ἁγίαν

284 2754 427 2809 ίέναι
470 2753 695 2826 σκηνὴν,
742 2754 987 2824 διεσάφει
1039 2755 1204 2811 πάλιν
1258 2757 1394 2827 ἡμῖν
1435 2754 1501 2809 τὸ
1531 2754 1771 2826 Γράμμα
1799 2753 1862 2807 τὸ

279 2845 464 2917 ἱερὸν,
491 2846 549 2899 ὲν
577 2846 692 2909 τοῖς
733 2843 1011 2917 ’Δριθμοῖς
1038 2844 1211 2908 οὕτως
1245 2843 1386 2914 έχον-
1431 2860 1453 2896 α
1482 2843 1593 2899 Kal
1620 2842 1859 2911 ἐγένετο,

1954 859 2023 915 ad
2043 861 2291 916 carnales
2311 859 2623 931 voluptates
2646 862 2890 933 proiecto
2921 870 3084 931 atque
3112 862 3395 931 resupino,
3421 861 3517 917 sed

1948 951 2282 1023 vigilantiae
2311 966 2531 1006 sursum
2577 952 2944 1007 intentissime
2974 951 3317 1022 respicienti,
3364 960 3422 1006 et
3462 956 3519 1006 in

1949 1040 2105 1095 caelis
2127 1040 2253 1095 ﬁxo.
2275 1040 2372 1108 Ac,
2401 1041 2445 1096 si
2478 1039 2710 1097 fortuito
2727 1056 2796 1095 ex
2822 1041 2917 1095 illo
2938 1040 3128 1096 divino
3148 1040 3306 1095 altari
3321 1042 3520 1111 stirpes

1950 1131 2313 1196 exstitissent,
2340 1146 2407 1185 ea
2450 1146 2541 1185 res
2566 1129 2726 1185 ﬁrmo
2747 1144 2813 1185 ae
2843 1128 2990 1184 ﬁdeli
3019 1128 3195 1183 nostri
3222 1126 3523 1185 Salvatoris

1952 1219 2233 1275 adoratori
2266 1220 2406 1275 nihil
2434 1219 2732 1276 abfuisset:
2764 1218 2882 1284 sed,
2932 1218 3062 1289 quia
3104 1217 3394 1289 gentilium
3436 1223 3525 1271 est

1951 1324 2182 1383 prorsus
2235 1311 2292 1367 id
2358 1311 2695 1376 institutum,
2752 1310 3073 1381 refugienda
3122 1317 3209 1365 est
3264 1308 3519 1374 imitatio,

1953 1408 2119 1473 atque
2192 1401 2610 1456 consuetudinis
2679 1400 3004 1466 similitudo,
3057 1398 3523 1470 quemadmodum

1951 1492 2148 1565 procul
2173 1493 2345 1548 dubio
2384 1491 2533 1548 ﬁdeli
2560 1492 2794 1557 homini,
2841 1500 2900 1547 et
2949 1491 3007 1546 in
3031 1506 3164 1547 vera
3210 1490 3523 1560 cognitione

1958 1595 2125 1656 atque
2152 1586 2383 1642 scientia
2404 1575 2752 1649 conﬁrmato,
2776 1582 2918 1637 nihil
2940 1588 3030 1637 est
3047 1581 3253 1636 idolum
3280 1581 3335 1633 in
3360 1595 3524 1634 mun-

1957 1677 2051 1744 do,
2112 1693 2292 1749 neque
2342 1676 2553 1748 aliquid
2585 1684 2672 1731 est
2717 1673 3085 1745 idolothytum
3119 1672 3188 1738 “,
3225 1680 3413 1726 tamen
3459 1674 3522 1723 ut

1957 1769 2101 1825 alius
2126 1766 2351 1838 quidam
2403 1767 2675 1837 praecipit,
2706 1780 2774 1821 eo
2796 1765 2945 1821 vesci
2977 1779 3090 1818 non
3117 1763 3249 1818 licet
3297 1766 3524 1830 propter

1958 1858 2301 1914 inﬁrmorum
2339 1852 2829 1914 conscientiam“:
2884 1874 2904 1906 ι
2956 1853 3169 1925 thuid
3228 1852 3374 1907 enim
3424 1865 3529 1921 ego

1951 1950 2172 2023 judieor
2207 1950 2278 2005 ab
2297 1949 2405 2005 alia
2437 1948 2811 2005 conscientia?
2842 1947 2900 2004 Si
2930 1962 3030 2018 ego
3052 1961 3177 2002 eum
3209 1944 3382 2016 gratia
3398 1958 3526 2012 par-

1961 2042 2153 2113 tieipo,
2170 2058 2271 2097 cur
2300 2041 2675 2112 blasphemor,
2697 2056 2801 2111 pro
2832 2055 2942 2110 quo
2969 2053 3071 2109 ego
3096 2037 3298 2109 gratias
3329 2050 3430 2105 ago
3452 2034 3476 2087 ?
3501 2052 3520 2085 ι

1957 2133 2259 2190 Laudabile
2323 2132 2491 2203 igitur
2533 2141 2619 2188 est
2661 2130 2807 2202 apud
2847 2131 3019 2186 Deum
3078 2142 3308 2191 cavere,
3353 2141 3422 2180 ne
3472 2124 3528 2178 in

1959 2225 2217 2283 altarium
2241 2225 2524 2289 situ,neve
2544 2224 2603 2279 in
2636 2222 2920 2294 religionis
2947 2220 3197 2276 moribus
3222 2228 3386 2287 atque
3418 2216 3529 2272 ritu

1957 2317 2192 2392 gentiles
2216 2317 2515 2372 imitemur.

2040 2496 2240 2553 PALL.
2272 2496 2445 2552 Assen
2453 2493 2581 2549 tior.

2029 2586 2187 2645 CYR.
2219 2586 2457 2657 Equum
2486 2599 2607 2640 esse
2635 2590 2841 2649 autem,
2872 2589 2935 2636 ut
2984 2579 3293 2635 oblationes
3333 2574 3400 2631 ad
3421 2573 3521 2631 Dei

1960 2678 2194 2751 gloriam
2221 2676 2540 2739 oﬁ‘eramus,
2572 2688 2677 2728 nec
2726 2671 2913 2727 vacuis
2932 2670 3188 2725 manibus
3218 2666 3287 2722 ad
3316 2678 3535 2721 sacrum

1962 2770 2378 2826 tahemaculum
2406 2767 2689 2831 adeamus,
2722 2765 2927 2821 eaedem
2975 2777 3145 2817 sacrae
3175 2760 3399 2814 Littera:
3435 2755 3534 2811 de.-

1961 2861 2194 2926 clarant,
2217 2876 2339 2930 quae
2354 2861 2435 2915 sic
2458 2859 2668 2915 habent
2691 2858 2745 2912 in
2759 2855 3047 2913 Numeris:
3079 2874 3097 2904 ι
3124 2854 3192 2908 Ει
3210 2852 3413 2907 factum
3429 2849 3535 2915 est,

280 2931 322 3009 ᾖ
350 2936 535 3009 ἡμέρᾳ
581 2936 893 2990 συνετέλεσε
938 2936 1166 3007 Μωσῆς,
1224 2935 1367 2990 ὥστε
1409 2935 1713 3006 ἀναστῆσαι
1760 2935 1862 3005 τὴν

1965 2964 2073 3021 quo
2097 2948 2187 3004 die
2212 2948 2613 3003 consummavit
2631 2947 2842 3018 Moyses
2861 2945 3072 3016 erigere
3097 2940 3536 3004 tabernaculum,

280 3026 515 3099 σκηνὴν,
562 3025 658 3081 καὶ
689 3027 903 3098 ἔχρισεν
931 3027 1122 3099 αὐτὴν,
1156 3030 1251 3083 καὶ
1277 3028 1507 3099 ἡγίασεν
1546 3027 1734 3100 αὐτὴν,
1768 3025 1864 3081 καὶ

282 3114 467 3173 πάντα
509 3116 579 3171 τὰ
618 3117 786 3189 σκεύη
844 3117 1036 3188 αὐτῆς,
1084 3120 1178 3173 καὶ
1214 3119 1277 3173 τὸ
1320 3119 1727 3191 θυσιαστήριον,
1769 3118 1865 3172 καὶ

282 3207 467 3261 πάντα
486 3207 557 3261 τὰ
580 3209 751 3279 σκεύη
771 3208 959 3277 αὐτοῦ,
979 3209 1073 3264 καὶ
1094 3208 1312 3282 ἔχρισεν
1331 3209 1491 3277 αὐτὰ,
1515 3210 1611 3264 καὶ
1635 3208 1863 3281 ἡγίασεν

286 3300 448 3355 αὐτά.
473 3300 584 3353 Kal
614 3301 995 3371 προσήνεγκαν
1024 3302 1075 3355 ot
1106 3302 1364 3373 ἄρχοντες
1390 3300 1627 3373 Ἰσραὴλ,
1657 3300 1863 3353 δώδεκα

286 3390 547 3463 ἄρχοντες
577 3390 740 3444 οῐκων
785 3391 1030 3461 πατριῶν
1076 3392 1277 3446 αὐτῶν.
1311 3383 1473 3445 Οὗτοι
1524 3392 1573 3444 οἱ
1604 3389 1864 3461 ἄρχοντες

285 3477 494 3549 φυλῶν,
536 3473 680 3535 οὗτοι
722 3481 772 3533 οἱ
821 3482 1230 3553 παρεστηκότες
1280 3482 1374 3536 ἐπὶ
1402 3481 1505 3553 τῆς
1535 3481 1861 3552 ἐπισκοπῆς.

286 3569 400 3622 Kal
451 3570 686 3641 ἤνεγκαν
728 3569 790 3623 τὸ
841 3568 1015 3641 δῶρον
1068 3571 1247 3625 αὐτῶν
1299 3570 1478 3625 ἔναντι
1527 3571 1756 3643 Κυρίου,
1804 3570 1865 3638 ἒξ

284 3660 507 3731 ἀμάξας
525 3661 896 3734 λαμπηνίκας,
919 3663 1016 3717 καὶ
1038 3662 1248 3718 δώδεκα
1294 3664 1443 3735 βόας,
1474 3664 1693 3737 ἄμαξαν
1714 3666 1867 3738 παρὰ

280 3752 382 3807 δύο
411 3753 710 3825 ἀρχόντων,
746 3757 843 3811 καὶ
870 3755 1071 3827 μόσχον
1100 3755 1252 3827 παρὰ
1279 3756 1535 3811 ἑκάστου.
1563 3757 1675 3811 Kal
1702 3773 1867 3829 προσ-

284 3845 497 3915 ήγαγον
538 3845 777 3901 ἐναντίον
803 3845 904 3917 τῆς
948 3846 1166 3917 σκηνῆς.
1196 3847 1307 3902 Kal
1339 3842 1461 3902 εἷπε
1499 3847 1705 3920 Κύριος
1731 3848 1867 3922 πρὸς

288 3937 519 4009 Μωσῆν,
546 3937 750 4006 λέγων·
778 3937 925 3992 Λάϐε
962 3939 1092 4010 παρ’
1122 3938 1322 4004 αὐτῶν,
1367 3941 1461 3994 καὶ
1490 3939 1704 3998 ἔσονται
1730 3943 1866 4016 πρὸς

285 4027 362 4081 τὰ
391 4026 528 4099 ἔργα
560 4028 631 4081 τὰ
663 4028 1012 4100 λειτουργικὰ
1040 4030 1135 4101 τῆς
1165 4030 1371 4102 σκηνῆς
1407 4031 1502 4086 τοῦ
1539 4035 1864 4106 μαρτυρίου,

286 4118 388 4172 καὶ
413 4117 605 4182 δώσεις
643 4118 783 4172 αὐτὰ
809 4121 922 4183 τοῖς
945 4120 1196 4185 Λευίταις
1233 4122 1448 4195 ἑκάστῳ
1475 4125 1617 4179 κατά
1641 4124 1739 4197 τὴν
1766 4125 1866 4179 αὐ-

284 4210 387 4266 τοῦ
415 4209 777 4281 λειτουργίαν.
802 4210 914 4264 Kal.
935 4211 1115 4266 λαϐὼν
1146 4213 1352 4285 Μωσῆς
1391 4214 1489 4279 τὰς
1531 4215 1746 4286 ἀμάξας
1772 4217 1868 4271 καί¹

1970 3040 2128 3096 unxit
2156 3040 2290 3096 illud
2314 3055 2379 3095 ac
2424 3037 2805 3102 sanctiﬁcavit,
2851 3046 2907 3092 et
2938 3036 3121 3090 omnia
3137 3050 3263 3089 vasa
3301 3034 3440 3103 ejus,
3483 3042 3540 3087 et

1968 3132 2128 3187 unxit
2146 3148 2240 3197 ea,
2271 3141 2330 3187 et
2382 3130 2742 3186 sanetiﬁcavit
2798 3145 2886 3193 ea,
2938 3136 2995 3183 et
3027 3128 3222 3190 altare,
3262 3135 3319 3180 et
3355 3125 3539 3180 omnia

1968 3225 2091 3296 ejus
2119 3239 2272 3289 vasa,
2297 3232 2356 3278 et
2378 3222 2615 3278 unxitac
2640 3219 3000 3275 sanctiﬁcavit
3025 3233 3087 3272 ea
3104 3235 3118 3282 ;
3138 3226 3196 3271 et
3219 3217 3542 3271 obtulerunt

1970 3315 2249 3386 principes
2285 3311 2784 3379 lsraei,duodecim
2822 3310 3100 3381 principes
3144 3308 3434 3363 domorum
3463 3308 3543 3362 fa-

1970 3406 2250 3463 miliarum
2282 3420 2508 3461 suarum
2540 3405 2637 3459 :hi
2694 3402 2973 3474 principes
3000 3402 3267 3466 tribuum,
3300 3401 3358 3456 hi
3389 3408 3540 3465 sunt,

1970 3500 2067 3571 qui
2094 3498 2392 3555 adfuerunt
2440 3496 2767 3561 recensioni,
2810 3504 2869 3552 et
2932 3497 3236 3551 attulerunt
3269 3495 3411 3550 dona
3445 3509 3544 3550 sua

1970 3600 2098 3647 ante
2127 3589 2454 3655 Dominum;
2503 3604 2599 3643 sex
2631 3589 2882 3643 vehicula
2932 3595 3096 3651 tecta,
3145 3594 3200 3642 et
3250 3585 3541 3641 duodecim

1969 3683 2179 3748 boves;
2202 3681 2519 3736 vehiculum
2548 3696 2579 3736 a
2615 3680 2835 3735 duobus
2852 3679 3221 3751 principibus,
3263 3686 3319 3735 et
3347 3680 3542 3733 bovem

1972 3773 2270 3845 asingulis,
2290 3781 2346 3828 et
2368 3772 2716 3827 adduxerunt
2749 3788 2812 3827 ea
2850 3780 2977 3827 ante
3004 3772 3444 3828 tabernaculum.
3475 3771 3545 3827 Et

1971 3863 2193 3918 locutus
2216 3869 2303 3916 est
2334 3860 2601 3916 Dominus
2623 3860 2691 3915 ad
2717 3860 2961 3932 Moysen,
2989 3860 3221 3916 dicens:
3250 3860 3450 3931 Accipe
3475 3861 3545 3916 ab

1974 3955 2129 4025 ipsis,
2159 3953 2321 4024 362
2345 3961 2403 4008 et
2424 3960 2590 4008 erunt
2629 3952 2698 4007 ad
2751 3967 2920 4023 opera
2967 3952 3259 4008 ministerii
3289 3953 3546 4008 taberna-

1974 4043 2082 4098 culi
2106 4041 2430 4106 testimonii,
2460 4048 2517 4096 et
2539 4040 2697 4096 dabis
2718 4056 2785 4096 ea
2808 4041 3038 4106 Levitis,
3061 4042 3292 4112 singulis
3315 4058 3417 4112 pro
3445 4056 3547 4098 suo

1972 4129 2302 4184 ministerio.
2331 4129 2400 4184 Et
2417 4128 2697 4199 accipiens
2720 4128 2934 4201 Moyses
2949 4130 3224 4192 vehicula,
3272 4138 3330 4183 et
3377 4131 3547 4186 boves

1973 4218 2127 4274 dedit
2143 4235 2237 4275 eas
2283 4218 2494 4274 Levitis
2519 4218 2587 4272 ".
2615 4237 2634 4269 ι
2686 4217 2876 4286 Neque
2923 4233 3057 4272 vero
3098 4217 3383 4287 hucusque
3407 4218 3548 4272 dun-

289 4308 421 4372 τοὺς
451 4306 600 4377 βόας,
635 4306 837 4360 ἔδωκεν
868 4305 1008 4360 αὐτὰ
1044 4309 1157 4372 τοῖς
1187 4308 1460 4373 Λευίταις.
1498 4328 1517 4363 ι
1549 4310 1658 4364 Kal
1686 4311 1746 4364 οὐ
1775 4311 1867 4382 μέ-

1974 4315 2126 4363 taxat
2150 4308 2461 4378 principum
2486 4306 2732 4360 tribuum
2759 4305 2903 4360 dona
2938 4321 3227 4376 progressa
3271 4314 3420 4373 sunt,
3447 4308 3547 4363 sed

290 4416 387 4471 χ-ρι
427 4397 631 4451 τούτων
661 4396 729 4450 τά
757 4397 822 4449 ὲκ
857 4395 966 4450 τῶν
1009 4396 1298 4468 φυλάρχων
1330 4394 1396 4468 ἦν
1417 4414 1431 4429 ·
1475 4402 1875 4472 πῳσεπενὴνε-

290 4506 423 4544 κται
445 4487 502 4542 δὲ
531 4487 624 4542 καὶ
651 4487 835 4559 ἕτερα.
862 4485 1177 4561 Γέγραπται
1207 4488 1336 4559 γὰρ,
1376 4506 1395 4539 ι
1431 4488 1544 4544 Kal
1570 4491 1875 4560 προσήνεγ-

293 4598 403 4636 καν
439 4581 489 4633 oi.
527 4578 787 4650 ἄρχοντες
827 4580 907 4640 είς
934 4578 1027 4631 τδν
1053 4578 1402 4648 ὲγκαινισμδν
1428 4577 1519 4633 τοῦ
1567 4579 1871 4651 θυσιαστη-

297 4672 440 4744 ρίου,
480 4672 538 4723 ὲν
572 4672 638 4741 τῇ
665 4669 848 4742 ἡμέρᾳ
940 4668 1154 4741 ἔχρισεν
1187 4670 1338 4734 αὐτὸ,
1370 4670 1463 4724 καὶ
1496 4673 1877 4743 προσήνεγκαν

294 4765 349 4818 οἱ
378 4763 637 4834 ἄρχοντες
668 4763 742 4815 τὰ
769 4762 919 4833 δῶρα
959 4761 1136 4817 αὐτῶν
1167 4761 1426 4816 ἀπέναντι
1454 4762 1549 4817 τοῦ
1582 4763 1873 4836 θυσιαστηο

300 4857 441 4926 ρίου.
472 4854 582 4909 Kal.
602 4849 723 4907 εἷπε
748 4852 953 4923 Κύριος
973 4853 1109 4925 πρὸς
1138 4854 1343 4926 Μωσῆν
1359 4870 1375 4887 ο
1409 4854 1625 4926 ¹’Δρχων
1649 4848 1728 4920 εἷς
1751 4856 1875 4910 καθ’

299 4947 539 5017 ἡμέραν,
570 4945 751 5016 ἄρχων
773 4944 893 5000 καθ’
914 4946 1126 5018 ἡμέραν
1155 4945 1503 5017 προσοίσουσι
1518 4946 1589 5001 τὰ
1612 4947 1760 5019 δῶρα
1779 4949 1876 5004 αὒ-

301 5036 415 5091 τῶν
448 5037 525 5098 εἰς
553 5037 644 5089 τὸν
667 5038 1021 5108 ὲγκαινισμὸν
1044 5036 1137 5091 τοῦ
1171 5038 1579 5110 θυσιαστηρίου.
1623 5040 1734 5093 Καὶ
1761 5035 1829 5110 ῆν
1848 5041 1877 5094 ὁ

303 5126 633 5198 προσφέρων
671 5129 729 5180 ὲν
765 5131 830 5199 τῇ
858 5128 1038 5201 ἡμέρᾳ
1070 5132 1139 5199 τῇ
1166 5129 1358 5202 πρώτῃ
1382 5130 1442 5183 τὸ
1479 5130 1652 5201 δῶρον
1686 5130 1876 5197 αὑτοῦ,

302 5216 578 5271 Ναασσὼν
613 5218 729 5280 υίὸς
770 5218 1093 5288 Ἀμιναδάϐ,
1115 5218 1296 5288 ἄρχων
1332 5220 1432 5290 τῆς
1454 5220 1628 5292 φυλῆς
1685 5221 1873 5275 Ἰούδα.

302 5310 416 5365 Kal
447 5310 787 5380 προσήνεγκε
814 5309 874 5362 τὸ
905 5309 1076 5380 δῶρον
1097 5308 1291 5372 αὐτοῦ,
1321 5310 1572 5381 τρυϐλίον
1601 5312 1877 5383 ἀργυροῦν

304 5399 388 5464 ἓν,
405 5400 695 5470 τριάκοντα
723 5399 815 5454 καὶ
834 5400 1026 5453 ἑκατὸν
1051 5398 1182 5469 ὁλκὴ
1208 5401 1391 5453 αὐτοῦ*
1418 5403 1612 5475 φιάλην
1637 5404 1766 5474 μίαν
1780 5405 1879 5476 ἀρ-

306 5504 377 5557 γυ
384 5489 504 5561 ρᾶν,
522 5489 892 5561 ἐϐδομήκοντα
915 5485 1112 5541 σίκλων
1136 5487 1275 5539 κατὰ
1292 5487 1381 5540 τὸν
1400 5488 1579 5542 σίκλον
1594 5490 1684 5545 τὸν
1701 5491 1876 5561 ἅγιον.

1970 4398 2060 4454 his
2081 4399 2249 4454 etiam
2268 4399 2376 4451 alia
2395 4397 2674 4467 adjuncta.
2703 4396 2994 4466 Scriptum
3012 4406 3098 4451 est
3129 4399 3277 4452 enim
3297 4417 3341 4452 :c
3365 4399 3433 4454 Et
3451 4400 3548 4454 ob-

1972 4485 2224 4542 tulerunt
2256 4486 2535 4557 principes
2561 4485 2630 4541 ad
2651 4484 3055 4541 dedicationem
3081 4487 3291 4553 altaris,
3318 4489 3407 4543 die
3433 4505 3545 4559 quo

1972 4578 2132 4633 unxit
2157 4577 2315 4643 illud,
2347 4586 2404 4632 et
2429 4577 2735 4632 attulerunt
2783 4577 3066 4648 principes
3106 4580 3249 4635 dona
3291 4596 3388 4637 sua
3421 4589 3546 4636 ante

1976 4671 2167 4725 altare.
2196 4669 2267 4724 Et
2294 4669 2433 4723 dixit
2454 4668 2719 4725 Dominus
2739 4669 2806 4724 ad
2829 4671 3080 4741 Moysen:
3119 4671 3379 4742 Princeps
3405 4689 3548 4728 unus

1976 4777 2077 4834 per
2102 4761 2349 4831 singulos
2371 4760 2491 4831 dies
2512 4759 2675 4815 oﬁert
2698 4760 2843 4815 dona
2888 4776 2986 4815 sua
3032 4761 3103 4816 ad
3142 4761 3545 4818 dedicationem

1968 4853 2178 4909 altaris.
2204 4853 2273 4907 Et
2304 4851 2410 4907 fuit
2431 4851 2527 4922 qui
2549 4850 2750 4906 obtulit
2787 4851 2967 4923 primo
3009 4852 3098 4909 die
3130 4853 3337 4908 donum
3365 4870 3546 4923 suum,

1971 4946 2217 5001 Naasson
2245 4943 2391 4999 ﬁlius
2421 4943 2727 4999 Aminadab
2747 4944 3008 5014 princeps
3037 4945 3216 5000 tribus
3248 4946 3421 5001 Judae.
3480 4946 3548 5000 Et

1972 5037 2393 5093 obtulitdonum
2415 5052 2574 5091 suum
2599 5036 2843 5092 catinum
2864 5045 3184 5107 argenteum
3208 5053 3397 5099 unum,
3424 5052 3551 5091 cen-

1982 5136 2098 5182 tum
2137 5136 2193 5182 et
2220 5127 2443 5199 triginta
2466 5129 2680 5198 pondus
2700 5129 2851 5199 ejus;
2883 5129 3121 5198 phialam
3142 5143 3307 5183 unam
3359 5144 3552 5199 argen-

1986 5224 2151 5283 team,
2191 5217 2539 5289 septuaginta
2563 5217 2823 5273 siclorum
2846 5219 3001 5289 juxta
3027 5220 3224 5274 siclum
3276 5228 3548 5284 sanctum,

1985 5316 2284 5379 utrumque
2309 5308 2532 5379 plenum
2570 5310 2751 5364 simila
2793 5324 3092 5378 conspersa
3137 5309 3258 5363 oleo
3280 5309 3349 5363 ad
3383 5311 3553 5365 sacri-

1982 5400 2200 5466 ﬁcium;
2227 5399 2605 5454 mortariolum
2660 5414 2832 5454 unum
2878 5397 3067 5454 decem
3115 5414 3409 5454 aureorum
3431 5399 3551 5470 pie-

1985 5507 2118 5546 num
2148 5491 2407 5552 incenso;
2456 5488 2690 5543 vitulum
2746 5502 2918 5547 unum
2964 5487 3033 5549 de
3082 5488 3279 5555 bobus,
3324 5489 3554 5546 arietem

379 5710 431 5748 “
455 5712 479 5770 Ι
503 5712 628 5770 Cor.
660 5732 775 5781 τίη,
815 5716 867 5803 4.
911 5715 953 5749 ’⁸³
985 5717 1005 5770 1
1040 5716 1166 5774 Cor.
1198 5734 1252 5788 Χ,
1292 5719 1382 5789 29,
1424 5721 1512 5777 30.
1555 5720 1598 5753 λ’
1625 5721 1787 5778 Num.
1824 5739 1916 5790 vn,
1954 5721 2070 5779 it-G.
