4142 6296
717 319 822 378 707
1740 309 1798 366 S.
1837 306 2115 366 CYRILLI
2149 301 2622 364 ALEXANDRINI
2667 304 2988 363 ARCEIE‘P.
3825 316 3900 376 τρε

718 426 912 477 unum,
937 423 1136 482 agnum
1156 421 1326 464 unum
1357 403 1679 462 anniculum
1709 402 1769 460 in
1789 403 2174 459 holocaustum
2195 443 2210 467 ,
2241 411 2299 458 et
2327 411 2354 466 Α

2264 411 2299 458 ,ι
2327 411 2372 466 Α
2401 400 2684 474 ἀμφότερα
2734 401 2914 472 πλήρη
2996 397 3330 470 σεμιδάλεως
3375 400 3817 479 ἀναπεποιημένης
3858 414 3900 466 ιν

716 505 931 561 haedum
955 501 1024 556 de
1047 500 1230 570 capris
1255 514 1427 555 unum
1449 513 1552 568 pro
1590 506 1839 568 peccato,
1863 504 1922 551 et
1949 496 2019 552 ad
2057 495 2296 551 hostiam

2263 511 2296 550 n
2401 491 2566 564 ἐλαίῳ
2587 493 2668 556 είς
2689 491 2905 557 θυσίαν,
2946 488 3177 561 θυΐσκην
3205 489 3336 560 μίαν
3368 489 3499 545 δέκα
3524 493 3740 563 χρυσῶν,
3759 497 3899 573 πλήρη

711 591 968 649 salutaris
995 590 1198 645 vitulas
1243 589 1401 654 duas,
1451 595 1508 642 et
1544 587 1746 643 arietes
1802 586 2064 657 quinque,
2111 585 2298 640 hircos

2265 599 2298 640 is
2402 583 2746 655 θυμιάματος
2764 621 2780 646 ,
2829 581 3028 652 μόσχον
3071 579 3167 633 ἕνα
3191 580 3256 633 ὲκ
3284 579 3442 650 βοῶν,
3469 580 3614 652 κριὸν
3639 583 3741 646 ἕνα,
3772 589 3901 658 ἀμ’νὸν

711 687 978 752 quinque,
1005 696 1176 753 agnos
1208 679 1502 734 anniculos
1520 679 1791 748 quinque.
1826 677 1942 732 Hoc
1971 676 2299 732 fuitdonum

2265 689 2299 728 η
2399 673 2496 728 ἕνα
2520 672 2788 726 ἐνιαύσιον
2807 672 2888 734 είς
2913 667 3289 740 ὁλοκαύτωμα.
3318 669 3430 721 Kal.
3447 669 3666 740 χίμαρον
3694 673 3745 738 ἐξ
3769 677 3901 744 αἰγῶν

709 775 956 830 Naasson
994 773 1092 828 ﬁlii
1145 772 1450 828 Aminadab
1470 773 1536 826 ".
1562 791 1580 824 ι
1647 769 1986 826 Obtulerunt
2027 775 2299 840 praeterea

2266 783 2299 822 a
2397 766 2492 820 ἕνα
2512 764 2638 836 περὶ
2665 761 2962 834 ἁμαρτίας·
2995 761 3090 814 καὶ
3107 762 3186 825 είς
3212 759 3402 814 θυσίαν
3425 761 3680 832 σωτηρίου
3693 763 3902 835 δαμάλεις

710 867 893 922 caeteri
914 865 1174 936 deinceps
1197 880 1372 935 usque
1395 865 1462 920 ad
1488 863 1880 919 duodecimum
1911 861 2106 918 eodem
2135 859 2300 915 modo

2249 859 2300 914 lo
2395 857 2510 921 δύο,
2548 855 2735 928 κριοὺς
2773 853 2956 919 πέντε,
3007 852 3245 924 τράγους
3286 851 3467 917 πέντε,
3527 853 3746 922 ἀμνάδας
3770 859 3885 912 tum

710 955 985 1026 similique
1030 955 1456 1026 magniﬁcentia,
1507 970 1634 1009 cum
1687 970 1822 1009 suus
1863 953 2067 1023 cuique
2116 958 2300 1006 certus

2263 965 2300 1006 IS
2399 948 2520 1011 σίας
2547 947 2729 1000 πέντε.
2759 943 2931 997 Τοῦτο
2956 941 3130 1014 δῶρον
3153 939 3422 994 Ναασσὼν
3447 939 3560 993 υίοῦ
3595 941 3862 1012 Ἀμιναδάϐ.
3886 967 3899 998 ι

711 1047 831 1102 dies
854 1049 1156 1102 attributus
1185 1055 1365 1102 esset:
1397 1046 1477 1101 sic
1500 1047 1650 1100 enim
1689 1052 2027 1116 praeceperat
2060 1045 2224 1098 Deus.

2399 1033 2803 1108 Προσεκόμιζον
2839 1034 2896 1088 δὲ
2940 1033 3036 1087 καὶ
3064 1030 3301 1100 καθεξῆς
3331 1031 3460 1102 ἄχρι
3493 1029 3586 1084 τοῦ
3616 1033 3902 1092 δυοκαιδεκά-

707 1153 824 1202 του,
859 1137 1002 1190 κατά
1027 1153 1090 1204 γε
1119 1136 1211 1189 τὸν
1242 1134 1354 1189 ῐσον
1390 1135 1591 1206 τρόπον
1623 1136 1715 1188 καὶ
1764 1137 1823 1188 ὲν
1861 1133 2303 1206 ἀπαραλλάκτοις
2340 1127 2695 1200 φιλοτιμίαις,
2737 1121 3132 1196 ὲκνεμηθείσης
3172 1121 3388 1193 ἑκάστῳ
3427 1121 3526 1193 τῆς
3573 1123 3710 1194 αὐτῷ
3766 1141 3904 1180 cum-

709 1227 988 1297 ταγμένης
1014 1225 1226 1297 ἡμέρας
1257 1226 1460 1289 ἰδικῶς·
1487 1225 1739 1280 διετύπου
1769 1227 1880 1298 γὰρ
1907 1221 2011 1280 ὦδε
2043 1226 2196 1288 Θεός.
2864 1250 2878 1272 r

779 1317 975 1372 PALL.
1009 1316 1116 1371 Sed
1140 1332 1263 1387 qua:
1299 1315 1526 1372 tandem
1556 1323 1642 1372 est
1664 1317 1831 1388 hujus
1846 1316 1987 1372 adeo
2011 1313 2284 1386 multipli-

2266 1343 2284 1353 -
2454 1308 2665 1364 ΠΑΛΛ.
2714 1305 2826 1360 Καὶ
2852 1304 2937 1367 τίς
2975 1303 3040 1375 δὴ
3070 1302 3178 1375 ἀρα
3205 1301 3326 1356 ἐστὶ
3358 1299 3461 1371 τῆς
3485 1299 3624 1354 οὕτω
3651 1301 3902 1371 πολυειδιῦς

707 1409 788 1464 cis
813 1407 1108 1462 oblationis
1131 1408 1317 1462 ratio?

2385 1397 2751 1471 προσαγωγῆς
2783 1395 2812 1447 6
2842 1394 3001 1462 λόγος
3016 1409 3030 1458 ;

773 1500 929 1556 CYR.
958 1501 1250 1570 Equidem,
1278 1501 1508 1565 Palladi,
1547 1501 1594 1556 si
1629 1517 1744 1556 rem
1787 1509 1996 1572 gestam
2050 1509 2286 1571 spectes,

2270 1541 2286 1565 ,
2456 1490 2619 1543 ΚΥΡ.
2654 1486 3017 1558 Καρποφορία
3044 1484 3142 1555 μὲν
3162 1476 3256 1538 οὖν
3277 1482 3340 1538 τὸ
3361 1481 3549 1554 χρῆμά
3570 1483 3726 1551 ἐστιν,
3746 1478 3784 1538 ὧ
3801 1486 3903 1541 Παλ·

707 1591 915 1646 oblatio
943 1588 1047 1656 est,
1107 1591 1203 1646 sed
1260 1592 1338 1646 illi
1391 1593 1686 1663 conjuncta
1733 1570 1817 1648 est
1859 1570 2107 1664 mystica,
2167 1607 2288 1647 mea

2267 1607 2288 1646 ω
2385 1580 2555 1645 λάδιε,
2591 1578 2895 1633 πέπλεκται
2922 1577 3001 1640 δὲ,
3029 1570 3206 1646 οἶμαι,
3232 1577 3328 1630 καὶ
3354 1575 3512 1644 λόγος
3534 1577 3664 1648 αὐτῇ
3697 1579 3903 1648 μυστικὸς

703 1682 926 1752 quidem
950 1682 1244 1748 sententia,
1277 1683 1438 1750 ratio,
1460 1699 1561 1754 per
1583 1700 1749 1754 quam
1775 1683 1845 1738 ad
1868 1683 2211 1747 Emmanuel,
2232 1688 2290 1736 et
2317 1716 2339 1770 ι

2268 1688 2290 1735 ι
2317 1716 2360 1770 Β
2387 1674 2469 1736 εἰς
2496 1669 2587 1724 τὸν
2637 1666 3008 1739 Ἐμμανουήλ,
3041 1666 3138 1720 καὶ
3175 1669 3255 1732 εἰς
3287 1668 3438 1738 ἡμᾶς
3477 1667 3667 1770 αΡτοὺς
3697 1669 3903 1741 ἀνακομί-

704 1773 772 1826 ad
801 1789 903 1827 nos
927 1775 1074 1842 ipsos
1099 1775 1207 1828 hoc
1230 1775 1463 1845 aenigma
1495 1775 1759 1841 refertur;
1811 1775 1864 1828 id
1895 1783 2079 1828 autem
2104 1773 2284 1844 expli-
2317 1754 2340 1770 ⁵

2263 1803 2284 1814 -
2317 1754 2360 1770 ”
2388 1763 2497 1830 ζων
2526 1763 2586 1816 τὸ
2621 1762 2884 1832 αἴνιγμαο
2925 1760 3119 1832 φράσω
3157 1760 3214 1814 δὲ
3252 1761 3331 1824 ὡς
3362 1760 3430 1814 ἂν
3473 1754 3582 1825 οἷός
3611 1777 3668 1814 τε
3701 1755 3740 1816 ὧ
3764 1763 3899 1818 πάλιν.

703 1861 862 1926 cabo,
885 1871 1179 1932 utpotero.
1217 1863 1465 1932 Namque
1523 1863 1874 1918 manifestato
1900 1863 2013 1933 jam
2051 1861 2110 1916 in
2149 1861 2286 1917 orbe

2265 1876 2286 1916 Β
2399 1853 2874 1924 ’Λναδεδειγμένης
2909 1851 3018 1924 γὰρ
3043 1851 3101 1904 ὲν
3131 1849 3268 1922 τῷδε
3302 1850 3384 1923 τῷ
3424 1852 3610 1924 κόσμῳ
3645 1853 3734 1924 τῆς
3763 1853 3901 1922 ἁγίας.

701 1962 976 2008 terrarum
1001 1964 1192 2009 sancto
1241 1955 1336 2009 illo
1359 1969 1606 2024 veroque
1654 1954 2028 2020 tabernaculo,
2073 1953 2129 2008 id
2177 1961 2282 2018 est,

2267 1993 2282 2018 ,
2386 1946 2478 2000 καὶ
2519 1943 2749 2017 ἀληθοῦς
2801 1943 3036 2016 σκηνῆς,
3087 1944 3232 1998 τοῦτ’
3283 1942 3424 2008 ἐστι,
3475 1943 3574 2015 τῆς
3615 1943 3900 2014 Ἑκκλησίας,

701 2044 967 2108 Ecclesia,
1002 2043 1260 2100 Christus
1284 2045 1340 2099 in
1367 2061 1434 2100 ea
1455 2045 1646 2100 multis
1664 2045 1948 2116 variisque
1989 2045 2166 2100 modis
2185 2060 2284 2100 ex-

2265 2075 2284 2086 .
2387 2034 2682 2098 πολυειδῶς
2705 2035 2763 2088 ὲν
2793 2033 2931 2106 αὐτῇ
2953 2034 3268 2105 διαπρέπων
3299 2033 3538 2106 Χριστὸς
3565 2033 3654 2088 καὶ
3680 2035 3901 2106 μονονουχὶ

701 2137 907 2191 cellens
947 2137 1060 2193 Deo
1086 2153 1150 2193 ac
1181 2137 1388 2192 Patria
1435 2137 1600 2192 nobis
1641 2137 2041 2208 propemodum
2071 2152 2138 2192 ac
2181 2152 2283 2207 pro

2265 2152 2283 2192 )
2383 2128 2515 2200 παρ’
2567 2126 2726 2199 ἡμῶν
2771 2127 2866 2180 κα)⁵
2909 2127 3048 2200 ὑπὲρ
3101 2125 3259 2199 ἡμῶν
3297 2127 3379 2191 ὡς
3435 2126 3575 2198 ἱερὸν
3626 2127 3901 2197 προσάγεται

700 2227 862 2282 nobis
885 2235 947 2282 ut
971 2243 1128 2283 sacra
1150 2229 1376 2283 victima
1395 2228 1655 2293 offertur,
1681 2244 1804 2298 quae
1840 2228 2089 2299 pretium
2119 2227 2192 2283 sit
2217 2243 2282 2283 ac

2267 2243 2282 2283 ε
2383 2217 2530 2290 θύμα
2561 2217 2640 2289 τῷ
2688 2217 2807 2289 Θεῷ
2860 2216 2954 2272 καὶ
2989 2217 3188 2288 Πατρῖ,
3235 2217 3435 2288 λύτρον
3481 2217 3575 2270 καὶ
3607 2217 3903 2287 ἀντάλλαγμα

699 2333 802 2386 ι)το
830 2317 1212 2373 universorum
1236 2320 1347 2374 vita
1366 2319 1719 2390 permutatio,
1773 2319 1977 2390 quippe
2014 2335 2139 2374 cum
2191 2319 2282 2375 ille

2265 2334 2282 2375 ε
2381 2311 2480 2382 τῆς
2516 2309 2774 2364 ἁπάντων
2805 2307 2970 2380 ζωῆς,
3001 2302 3083 2372 εἷς
3113 2310 3142 2362 6
3180 2308 3402 2362 πάντων
3430 2309 3688 2374 ἀντάξιος.
3731 2306 3901 2377 Ἐπειδὴ

699 2423 843 2462 unus
882 2407 954 2463 sit
976 2425 1078 2478 pro
1105 2410 1379 2466 universis
1399 2427 1555 2481 aequa
1583 2411 1900 2466 aestimatio.
1927 2411 2088 2478 Nam,
2127 2420 2281 2482 post-

2263 2442 2281 2453 .
2382 2403 2492 2474 γὰρ
2523 2402 2746 2470 γέγονεν
2778 2400 3063 2471 ἄνθρωπος
3086 2401 3114 2454 6
3145 2401 3463 2471 Μονογενὴς
3489 2401 3562 2464 ὡς
3592 2394 3668 2464 εἷς
3694 2401 3747 2466 ἐξ
3761 2399 3899 2470 ἡμῶν,

695 2513 929 2568 eaquam
976 2499 1067 2554 ille
1093 2500 1421 2571 Unigenitus
1457 2502 1634 2557 factus
1669 2510 1757 2558 est
1779 2510 1840 2557 ut
1867 2518 2012 2559 unus
2038 2520 2071 2560 e
2115 2505 2279 2560 nobis

2263 2519 2279 2559 ς
2382 2494 2573 2548 ἑαυτὸν
2611 2492 3016 2566 προσκεκόμικε
3039 2490 3118 2563 τῷ
3137 2491 3257 2564 Θεῷ
3283 2493 3384 2547 καὶ
3414 2493 3607 2565 Πατρὶ,
3629 2493 3899 2564 πρωτόλιιον

695 2586 882 2654 homo,
910 2590 1154 2660 seipsum
1201 2592 1404 2646 obtulit
1448 2594 1560 2648 Deo
1595 2601 1651 2648 et
1699 2595 1849 2648 Patri
1897 2596 2055 2666 quasi
2087 2596 2282 2666 praeci—

2265 2625 2282 2641 .
2393 2585 2583 2658 ὥσπερ
2618 2602 2673 2638 τι
2701 2585 2796 2640 καὶ
2822 2582 3045 2657 ἀπαρχὴ
3069 2585 3168 2655 τῆς
3191 2583 3484 2656 ἀνθρώπου
3506 2583 3706 2654 φύσεως
3728 2583 3901 2636 εὐωδια-

695 2693 869 2749 puum
906 2681 1168 2750 quiddam
1189 2698 1253 2737 ac
1281 2683 1556 2753 primitias
1581 2684 1836 2751 humanae
1882 2694 2119 2752 naturae,
2154 2704 2280 2744 san-

2263 2719 2280 2730 .
2382 2679 2582 2751 ζούσης
2622 2679 2682 2732 ὲν
2719 2677 3006 2749 ἁγιασμῷ,
3037 2676 3286 2746 φυσικῶς
3320 2678 3427 2748 μὲν
3457 2677 3550 2732 καὶ
3573 2677 3813 2740 οὐσιωδὼς
3835 2676 3899 2728 ὲν·

696 2771 946 2826 ctitatem
971 2761 1290 2840 redolentis,
1313 2791 1435 2844 quae
1455 2775 1535 2830 illi
1557 2777 1841 2843 sanctitas,
1870 2794 1980 2848 qua
2013 2789 2166 2850 parte
2197 2781 2282 2836 in-

2267 2811 2282 2821 .
2379 2769 2699 2842 υπάρχοντι,
2729 2770 2851 2825 καθ’
2890 2769 2919 2824 ὃ
2955 2771 3157 2824 νοεῖται
3189 2771 3284 2823 καὶ
3329 2768 3450 2824 ἔστι
3497 2767 3642 2834 Θεὸς,
3684 2769 3903 2838 είσκεκρι·

697 2861 982 2932 telligitur,
1013 2871 1178 2934 atque
1203 2865 1344 2920 adeo
1367 2872 1455 2920 est
1483 2867 1650 2932 Deus,
1679 2869 1984 2924 secundum
2011 2878 2270 2932 naturam

2265 2895 2270 2932 ι
2383 2861 2560 2934 μένως
2592 2861 2650 2914 δὲ
2671 2856 2738 2915 αὖ
2769 2861 2858 2915 διὰ
2882 2860 2946 2914 τὸ
2981 2859 3344 2932 ἀνθρώπινον.
3375 2855 3471 2924 Εἷς
3495 2859 3550 2914 δὲ
3575 2859 3807 2928 ὑπάρχων
3829 2855 3901 2909 καὶ

695 2959 755 3008 et
789 2955 1089 3010 essentiam
1121 2957 1320 3023 inerat,
1352 2957 1450 3013 sed
1485 2952 1746 3014 eamdem"
1772 2961 2132 3017 adventitiam
2173 2963 2274 3019 ha-

2263 2994 2274 3004 .
2377 2954 2560 3018 αὐτὺς,
2593 2954 2736 3009 κατά
2763 2952 2990 3016 πολλοὺς
3017 2953 3288 3025 ἐγράφετο
3314 2953 3574 3025 τρόπους.
3614 2952 3684 3015 ὡς
3709 2952 3760 3004 εν
3783 2965 3833 3018 γε
3852 2950 3899 3018 τῇ

695 3044 880 3110 bebat,
916 3061 1025 3117 qua
1047 3055 1202 3117 parte
1243 3048 1482 3104 humana
1511 3049 1569 3104 in
1594 3065 1663 3106 eo
1717 3059 1917 3106 natura
1955 3062 2270 3122 spectatur.
2300 3043 2331 3106 ί

2263 3097 2270 3108 ,
2300 3043 2350 3106 C
2376 3045 2488 3100 τῶν
2535 3047 2814 3118 ἀρχόντων
2860 3044 3226 3116 προσκομιδῇ,
3276 3045 3639 3118 ίερουργεῖται
3667 3043 3720 3096 δὲ
3751 3041 3899 3108 ὥσπερ

692 3134 856 3206 363
884 3135 1134 3208 Cumque
1154 3155 1300 3195 unus
1328 3140 1586 3212 idemque
1621 3141 1713 3206 sit,
1733 3141 1924 3198 multis
1946 3150 2128 3200 tamen
2151 3160 2272 3200 mo-

2262 3175 2272 3186 .
2379 3139 2474 3192 καὶ
2495 3137 2591 3192 νῦν
2617 3139 2645 3192 6
2672 3137 2926 3209 Χριστὸς,
2955 3135 3044 3189 διὰ
3073 3135 3180 3190 τῶν
3207 3135 3355 3189 κατὰ
3385 3137 3604 3208 καιροὺς
3633 3131 3898 3206 ἡγουμένων

692 3227 780 3283 dis
804 3227 860 3283 in
894 3228 986 3283 illa
1011 3230 1323 3302 principum
1353 3233 1634 3288 oblatione
1661 3232 2032 3304 ﬁgurabatur:
2056 3245 2117 3291 ut
2136 3251 2273 3291 vero

2264 3255 2273 3288 ι
2380 3229 2732 3300 πολυτρόπως
2753 3230 3060 3301 νοούμενος,
3092 3229 3186 3284 καὶ
3210 3229 3494 3300 διαφόροις
3523 3227 3760 3298 ὀνόμασιν
3781 3225 3900 3277 ἐκτε-

693 3328 853 3385 tunc,
909 3320 991 3376 sic
1022 3321 1129 3376 hoc
1177 3337 1399 3392 quoque
1429 3331 1674 3394 tempore
1719 3325 2060 3381 sacriﬁcatur
2108 3327 2270 3383 Chri-

2261 3358 2270 3368 -
2377 3323 2704 3395 τιμημένος·
2741 3325 2836 3396 καὶ⁵
2863 3323 2985 3377 καθ’
3021 3323 3237 3396 ἡμέραν
3263 3320 3572 3395 προσφορὰ,
3605 3319 3663 3372 τὸ
3696 3315 3897 3372 ἀνεκλει-

692 3419 812 3466 stus
832 3427 930 3480 per
959 3427 1056 3466 eos
1085 3413 1366 3483 principes
1389 3415 1485 3484 qui
1505 3431 1605 3486 pro
1635 3424 1944 3486 temporum
1965 3417 2108 3473 serie
2141 3434 2270 3475 suc-

2261 3449 2270 3460 -
2379 3393 2478 3480 πες
2501 3393 2668 3470 οἱονεί
2705 3393 2820 3480 παῖς
2845 3417 2939 3470 καὶ
2963 3393 3344 3485 ἀκατάληκτον
3371 3414 3473 3484 τῆς
3501 3409 3722 3484 Χριστοῦ
3747 3406 3897 3469 θυσίας

692 3501 917 3566 cedunt,
947 3503 1238 3574 multiplici
1263 3507 1492 3562 notione
1516 3518 1836 3579 perceptus,
1867 3509 2148 3580 variisque
2165 3525 2270 3565 no-

2261 3541 2270 3550 -
2377 3509 2436 3562 ὲν
2467 3509 2652 3580 ἡμέρᾳ
2686 3509 2834 3580 πάσῃ
2875 3507 2970 3562 καὶ
2995 3508 3057 3560 τὸ
3093 3507 3152 3559 ὲν
3186 3507 3325 3577 αὐτῇ
3349 3505 3690 3577 καρποφόρον
3725 3499 3817 3553 τῶν
3854 3498 3897 3549 ὲν

691 3589 943 3646 minibus
964 3599 1228 3648 ornatus:
1260 3594 1427 3649 ﬁebat
1459 3595 1608 3650 enim
1653 3596 1862 3651 oblatio
1901 3612 2002 3667 per
2026 3597 2270 3668 singulos

2259 3612 2270 3650 ε
2376 3599 2557 3654 πίστει
2584 3599 3016 3670 δεδικαιωμένων
3050 3597 3446 3668 ὑποδηλοῦντος
3485 3595 3579 3650 τοῦ
3605 3593 3895 3665 πράγματοςι

691 3682 850 3750 dies;
883 3699 993 3754 quo
1016 3683 1162 3740 facto
1188 3685 1600 3756 signiﬁcabatur
1625 3687 1716 3742 illa
1747 3703 1846 3758 per
1871 3687 2119 3758 singulos
2151 3687 2270 3742 dies

2262 3705 2270 3741 ι
2376 3692 2451 3746 Οὐ
2471 3691 2580 3762 γὰρ
2599 3690 2965 3761 ἐπιλείψουσιν
2987 3691 3038 3743 oi
3055 3690 3455 3760 προσκυνηταὶ,
3475 3687 3588 3743 ἀλλ’
3607 3684 3719 3739 οὐδὲ
3741 3680 3898 3739 σπάνις

689 3774 896 3831 Christi
944 3775 1138 3831 hostiae
1182 3779 1505 3846 perennitas
1565 3793 1630 3832 ac
1676 3779 2050 3848 perpetuitas,
2103 3785 2268 3848 atque

2259 3794 2268 3832 ε
2375 3778 2527 3834 ἔσται
2561 3779 2927 3853 δωροφορίας·
2970 3777 3511 3849 προσκομισθήσεται
3534 3776 3588 3830 δὲ
3614 3772 3738 3846 πρὸς
3773 3765 3895 3840 ἡμῶν

689 3867 856 3922 etiam
879 3882 1091 3932 eorum,
1112 3869 1208 3936 qui
1226 3868 1332 3924 ﬁde
1363 3869 1646 3940 iustiﬁcati
1685 3878 1834 3935 sunt,
1881 3871 1937 3926 in
1982 3871 2268 3926 oﬁ‘erendo

2256 3888 2268 3926 ι
2374 3873 2469 3926 καὶ
2497 3872 2636 3944 ὑπὲρ
2664 3870 2821 3944 ἡμῶν
2845 3873 2874 3924 6
2905 3870 3159 3942 Χριστὸς,
3187 3870 3469 3940 μυστικῶς
3504 3862 3892 3939 ίερουργούμενος

690 3955 936 4027 largitas.
965 3957 1156 4026 Neque
1181 3957 1330 4012 enim
1356 3975 1598 4028 unquam
1643 3959 1880 4016 deerunt
1925 3962 2264 4029 adoratores,

2259 4004 2264 4024 ,
2373 3964 2434 4018 ὲν
2461 3967 2583 4027 ταῖς
2611 3964 2794 4032 ἀγίαις
2829 3963 3072 4032 σκηναῖς.
3105 3961 3278 4024 Αὐτὸς
3318 3961 3378 4014 δὲ
3407 3959 3560 4032 ἡμῶν
3598 3948 3895 4028 καρποφορία

689 4063 870 4118 neque
893 4048 1000 4102 erit
1025 4048 1322 4104 oblationis
1336 4049 1554 4120 inopia,
1579 4050 1676 4106 sed
1693 4049 1951 4108 Christus
1972 4053 2030 4108 in
2061 4055 2268 4110 sanctis

2259 4072 2268 4109 ι
2373 4055 2566 4126 πρώτη
2597 4055 2690 4108 καὶ
2732 4053 3032 4124 ἐξαίρετος·
3066 4051 3478 4124 προσκεκόμικε
3503 4049 3608 4120 γάρ
3635 4044 3805 4100 ἑαυτὸν
3833 4039 3895 4097 εις

689 4141 1067 4198 tabernaculis
1089 4141 1320 4212 mystice
1341 4140 1688 4198 sacriﬁcatus
1715 4157 1747 4197 a
1774 4142 1936 4199 nobis
1964 4151 2020 4198 et
2036 4160 2137 4214 pro
2161 4161 2266 4202 no-

2255 4175 2266 4188 -
2374 4146 2564 4200 θυσίαν
2611 4145 2689 4217 τῷ
2713 4145 2908 4216 Πατρὶ,
2947 4145 3044 4198 καὶ
3069 4144 3167 4215 οὐχ
3199 4143 3342 4214 ὑπέρ
3393 4159 3458 4212 γε
3489 4139 3680 4213 μᾶλλον
3713 4127 3891 4193 ἑαυτοῦ,

689 4234 777 4291 his
805 4233 1092 4290 oﬁ‘eretur.
1131 4233 1256 4303 Ipse
1276 4241 1362 4289 est
1410 4240 1595 4288 autem
1630 4233 1842 4289 oblatio
1866 4243 2056 4290 nostra
2087 4236 2266 4306 prima

2257 4256 2266 4292 ι
2371 4237 2514 4290 κατά
2553 4236 2644 4291 τὸν
2684 4236 3001 4306 ἀμωμήτως
3038 4235 3229 4305 ἔχοντα
3258 4234 3438 4302 λόγον,
3468 4231 3579 4288 ἀλλ’
3615 4229 3743 4299 ὑπὲρ
3769 4221 3893 4294 ἡμῶν

685 4331 854 4395 atque
899 4324 1214 4395 praecipua;
1274 4325 1518 4394 seipsum
1552 4325 1703 4379 enim
1765 4325 1974 4379 obtulit
2028 4325 2266 4382 hostiam
2304 4396 2321 4398 ῌ

2256 4345 2266 4382 ι
2304 4396 2328 4398 Δ
2369 4326 2478 4380 τῶν
2499 4326 2604 4380 ὑπὸ
2629 4326 2793 4395 ζυγὸν
2813 4327 2907 4380 καὶ
2935 4327 3149 4398 γραφὴν
3164 4325 3461 4397 ἁμαρτίας.
3484 4322 3616 4378 Καθ’
3641 4317 3892 4390 ὁμοιότητα

685 4415 834 4472 Patri
889 4431 1000 4471 non
1048 4430 1151 4486 pro
1201 4415 1404 4486 seipse,
1459 4424 1522 4470 ut
1576 4432 1710 4472 vera
1757 4417 1898 4473 ﬁdes
1943 4418 2126 4485 docet,
2170 4396 2321 4475 sedl

2254 4420 2266 4475 Ι
2302 4396 2346 4452 D
2371 4417 2430 4472 δὲ
2457 4417 2556 4490 τὴν
2593 4417 2729 4490 πρὸς
2761 4417 2938 4481 αὐτὸν,
2975 4396 3113 4491 γίεράν
3147 4396 3366 4487 θύματα
3409 4415 3504 4469 καὶ
3540 4412 3710 4483 ἡμεῖς,
3737 4407 3890 4472 κόσμῳ

685 4519 789 4578 pro
813 4504 1102 4575 nobis,qui
1136 4504 1240 4560 sub
1269 4505 1629 4576 peccatijngo
1654 4521 1719 4561 ac
1735 4515 1889 4561 reatu
1923 4507 2266 4563 tenebamur.

2255 4547 2266 4562 .
2373 4509 2472 4580 μὲν
2497 4509 2950 4581 ἀποθνήσκοντες,
2976 4507 3054 4572 ὡς
3083 4505 3498 4578 νενεκρωμένης
3537 4503 3633 4572 τῆς
3657 4491 3891 4581 ἁμαρτίας

686 4595 889 4654 Sumus
909 4597 1109 4654 deinde
1140 4597 1210 4652 ad
1242 4598 1396 4653 illius
1419 4597 1840 4654 similitudinem
1866 4613 1970 4654 nos
1988 4599 2094 4669 ipsi
2125 4615 2266 4670 quo-

2253 4629 2266 4640 -
2369 4600 2428 4653 ὲν
2451 4601 2602 4671 ἡμῖν,
2631 4580 2829 4664 ζῶντες
2850 4599 2908 4654 δὲ
2930 4599 3007 4670 τῷ
3027 4598 3164 4670 Θεῷ,
3189 4599 3289 4668 τὴν
3309 4599 3369 4652 ὲν
3394 4592 3648 4666 ἀγιασμῷ
3672 4589 3757 4644 καὶ
3777 4580 3889 4638 ὁσιό-

683 4703 792 4759 que
816 4705 984 4748 sacrae
1029 4690 1284 4756 victimae,
1308 4705 1434 4745 cum
1465 4691 1673 4745 mundo
1723 4691 2000 4746 morimur
2021 4693 2092 4757 “,
2121 4708 2264 4762 qua-

2254 4723 2264 4733 '
2367 4709 2489 4762 τητι
2513 4693 2680 4764 ζωήν.
2703 4694 2872 4747 Ταυτὶ
2899 4693 3009 4764 γὰρ
3033 4695 3166 4764 ἡμῖν
3185 4691 3549 4762 ὑπεμφαίνειν
3573 4686 3737 4740 ἔοικεν
3755 4680 3782 4748 ή
3803 4673 3890 4764 τῷν

685 4787 849 4835 tenus
869 4788 1156 4849 peccatum
1182 4781 1238 4834 in
1285 4780 1450 4835 nobis
1481 4790 1762 4836 mortuum
1791 4790 1896 4846 est,
1927 4781 2042 4836 Deo
2073 4789 2262 4837 autem

2251 4798 2262 4834 ι
2366 4763 2644 4856 ἀρχόντων
2677 4763 3033 4856 προσαγωγῆ,
3058 4763 3141 4854 γῆν
3171 4783 3266 4836 καὶ
3300 4783 3405 4836 άνά
3443 4781 3606 4851 μέρος
3631 4763 3887 4869 Δὲιιδιισσινί;

681 4868 944 4932 vivimus,
968 4869 1116 4924 illam
1148 4869 1205 4923 in
1229 4871 1520 4926 sanctitate
1557 4886 1623 4926 ac
1659 4872 1864 4941 pietate
1893 4872 2084 4926 vitam.
2127 4871 2258 4927 Haec

2251 4889 2258 4925 ε
2368 4873 2553 4938 ζοντες
2596 4876 2710 4938 τοῖς
2754 4873 3056 4946 καθήκουσι
3092 4873 3394 4944 λογισμοῖς,
3438 4872 3586 4932 ὅπως
3616 4867 3680 4921 ἂν
3705 4861 3820 4934 ἡμῖν
3842 4861 3887 4906 ω

684 4959 832 5017 enim
866 4960 1028 5016 nobis
1051 4976 1164 5031 prae
1178 4976 1237 5015 se
1258 4960 1405 5016 ferre
1420 4961 1642 5018 videtur
1663 4963 1756 5018 illa
1776 4963 2090 5032 principum
2110 4962 2263 5018 obla-

2225 4979 2263 5018 ι-
2368 4963 2503 5034 ἔχοι,
2537 4964 2717 5036 βούλει
2752 4965 3001 5037 λέγωμεν
3029 4965 3172 5020 κατά
3201 4965 3264 5019 τὺ
3292 4961 3605 5035 ἐγχωροῦνὶ
3851 5033 3861 5046 ⁸

683 5053 796 5120 tio;
838 5068 1002 5125 quam
1050 5053 1298 5124 plaeetne
1335 5068 1434 5122 per
1483 5064 1690 5124 partes,
1734 5065 1798 5112 ut
1840 5056 2002 5112 nobis
2051 5056 2258 5126 optime
2295 5055 2500 5113 habere
2555 5057 2853 5124 videbitur,
2916 5057 3349 5128 congruentibus
3393 5051 3694 5111 rationibus
3715 5050 3888 5099 enm"

681 5161 900 5212 nemus,
934 5153 1122 5216 atque,
1156 5145 1338 5216 quoad
1367 5145 1488 5200 ﬁeri
1523 5145 1748 5215 poterit,
1785 5149 2159 5218 explicemus?

747 5237 944 5293 PALL.
966 5236 1098 5292 Mihi
1131 5252 1262 5293 sane
1287 5238 1487 5308 placet.

1346 5245 1487 5292 acet.
2434 5237 2644 5292 ΠΑΛΛ.
2674 5237 2784 5291 Καὶ
2817 5237 2981 5307 μάλα.

745 5326 902 5382 CYR.
929 5326 1142 5382 Allatus
1165 5327 1334 5398 igitur
1368 5334 1454 5383 est
1477 5342 1508 5381 a
1535 5325 1768 5396 singulis
1823 5327 2068 5394 vitulus‘;
2094 5327 2253 5383 vehi-

2250 5358 2253 5367 ι
2433 5331 2598 5384 ΚΥΡ.
2631 5332 3101 5404 Προσκεκόμισται
3131 5335 3230 5406 μὲν
3252 5331 3346 5390 οὖν
3384 5334 3536 5407 παρά
3565 5332 3780 5388 ἑκάστου
3807 5323 3886 5396 μό-

681 5408 915 5485 culaque
952 5431 1048 5471 sex
1093 5433 1346 5483 numero,
1398 5417 1571 5472 sacris
1614 5416 1875 5487 operibus
1909 5418 2249 5472 tabernaculi

2362 5438 2518 5492 σχος·
2551 5423 2940 5496 ἐκνενὲμηνται
2983 5426 3040 5480 δὲ
3097 5431 3212 5492 τοῖς
3231 5429 3400 5500 ἱεροῖς
3433 5425 3613 5496 ἔργοις
3637 5421 3730 5492 τῆς
3756 5415 3887 5484 ἁγίας

682 5505 946 5561 attributa
977 5515 1124 5563 sunt.
1160 5509 1368 5565 Deinde
1394 5524 1425 5563 a
1461 5508 1695 5580 singulis
1725 5507 1942 5564 catinus
1971 5523 2114 5564 unus
2154 5524 2247 5564 ar-
2298 5567 2310 5586 ι

2298 5567 2310 5586 ε
2357 5512 2583 5584 σκηνῆς,
2608 5513 2670 5579 ἓξ
2699 5509 2854 5572 οὖσαι
2882 5517 2976 5572 τὸν
3006 5517 3242 5590 ἀριθμὸν
3276 5519 3335 5572 αἱ
3369 5515 3596 5590 ἄμαξαι.
3631 5507 3753 5566 Elea
3781 5501 3887 5574 παρ’

762 5661 808 5700 ’³
827 5681 990 5742 Num.
1027 5701 1120 5752 vn,
1155 5687 1340 5742 ἰο-17.
1420 5688 1462 5720 ⁸⁸
1489 5690 1647 5746 Rom.
1679 5705 1754 5756 vi,
1789 5690 1840 5745 5.
