4142 6296
294 352 406 405 τοι)

1040 349 1124 405 DE
1163 348 1605 405 ADORATIONE
1640 350 1706 406 IN
1748 350 2017 408 SPIRITU
2057 351 2146 408 ET
2182 354 2549 409 VERITATE.
2591 353 2718 408 LIB.
2762 352 2829 407 X.

3450 351 3553 405 ἨΟ

295 464 534 517 ἑκάστου
562 461 814 533 τρυϐλίον
867 461 927 514 ἓν
972 462 1270 535 ἀργυροῦν,
1298 464 1394 517 καὶ
1426 463 1593 535 φιάλη
1637 464 1752 535 μία,
1788 464 1874 518 καὶ

1983 473 2233 536 gemens,
2268 477 2323 522 et
2352 467 2532 537 phiala
2554 482 2682 531 una,
2713 474 2769 521 et
2832 472 3088 535 utraque,
3138 463 3338 534 inquit,
3392 464 3552 533 plena

296 556 607 624 ἀμφότερα,
638 553 792 622 φησὶ,
830 552 1010 623 πλήρη
1038 554 1367 625 σεμιδάλεως
1402 555 1879 625 άναπεποιημένης

298 649 359 700 ὲν
407 646 608 715 ἐλαίῳ,
660 644 857 713 θυΐσκη
896 644 995 715 μία
1041 644 1387 716 θυμιάματος
1424 645 1696 716 ἔμπλεως,
1726 645 1879 715 κριὸς

295 726 400 798 εἷς,
445 731 616 800 ἀμνὸς
660 725 741 795 εἷς
774 731 1043 795 ἐνιαύσιος
1091 734 1172 796 είς
1219 733 1599 804 ὁλοκαύτωμα,
1645 733 1879 804 χίμαρος

292 822 356 890 ἐξ
385 823 561 891 αἰγῶν
584 822 715 894 περὶ
744 824 1022 896 ἁμαρτίας
1046 839 1060 853 '
1091 826 1185 878 καὶ
1217 826 1379 879 ταυτὶ
1416 827 1518 896 μὲν
1549 824 1620 880 τὰ
1648 826 1880 880 ὁλοκαυ-

290 912 545 983 τώματα.
586 912 992 983 Προσεκόμιζον
1024 913 1082 968 δὲ
1129 914 1225 967 καὶ
1256 916 1337 978 εἰς
1364 913 1554 969 θυσίαν
1582 915 1875 987 σωτηρίου,

292 1004 448 1074 φησὶ,
481 1002 744 1073 δαμάλεις
776 1003 891 1069 δύο,
924 1004 1117 1076 κριοὺς
1172 1003 1358 1072 πέντε,
1412 1006 1650 1077 τράγους
1689 1007 1873 1070 πέντε,

292 1096 537 1168 ἀμνάδας
566 1096 874 1162 ἒνιαυσίους
902 1099 1089 1155 πέντε.

364 1187 572 1240 ΠΑΛΔ.
607 1187 787 1257 Φράζε
820 1188 885 1259 δὴ
914 1184 1009 1243 οῦν
1034 1193 1127 1245 καὶ
1153 1192 1260 1264 πρό
1295 1209 1360 1261 γε
1386 1191 1495 1245 τῶν
1525 1191 1719 1254 ἄλλων,
1742 1191 1794 1244 τί
1814 1191 1876 1245 τὸ
1972 1193 1979 1203 ’

295 1278 523 1349 μεταξὺ,
557 1281 654 1334 καὶ
677 1280 838 1334 ποίαν
860 1282 924 1335 ἄν
953 1299 1039 1345 τις
1064 1283 1207 1337 εῐποι
1240 1285 1339 1356 τὴν
1361 1284 1629 1354 διαφορὰν
1655 1284 1752 1353 τῆς
1779 1283 1874 1337 τοῦ

291 1370 562 1439 σωτηρίου
603 1369 815 1432 θυσίας,
856 1370 952 1424 καὶ
973 1371 1445 1442 ὁλοκαυτώματος.

365 1462 529 1516 ΚΥΡ.
561 1463 754 1515 ’Δκουε
784 1461 868 1532 δή.
901 1461 983 1515 Τὰ
1019 1462 1119 1533 μὲν
1148 1462 1258 1534 γὰρ
1294 1462 1730 1533 ὁλοκαυτώματα
1766 1463 1874 1517 τῶν

291 1550 453 1616 ζώων
484 1552 582 1606 ὂλα
632 1552 699 1605 δι’
728 1552 882 1614 ὅλων,
920 1550 1049 1624 ἱερῷ
1089 1552 1182 1605 καὶ
1222 1552 1475 1624 ἀσϐέστῳ
1509 1553 1875 1621 κατεφλέγετο

290 1644 448 1715 πυρὶ,
480 1644 690 1707 οὐδενὸς
743 1643 805 1696 τδ
854 1643 1075 1714 σύμπαν
1125 1642 1503 1715 ἐξῃρημένου,
1553 1645 1672 1699 ἀλλ’
1704 1645 1871 1699 οίονεί

290 1750 412 1795 πως
448 1733 649 1795 παντὸς
700 1733 889 1804 μορίου
941 1735 1035 1786 καὶ
1088 1733 1284 1804 μέλους
1313 1736 1393 1797 είς
1428 1734 1604 1806 ὀσμὴν
1645 1736 1873 1800 εὐωδίας

1980 557 2160 613 simila
2184 573 2478 629 conspersa
2522 561 2675 626 oleo;
2706 559 3091 614 mortariolum
3122 572 3295 612 unum
3339 556 3552 611 incensi

1977 647 2228 716 plenum,
2253 648 2396 703 aries
2415 665 2583 714 unus,
2636 665 2809 719 agnus
2856 664 3003 702 unus
3031 648 3322 703 anniculus
3347 647 3403 700 in
3439 647 3544 701 ho-

1977 738 2307 806 locaustum,
2330 740 2522 795 bardus
2543 756 2574 795 e
2604 741 2789 810 capris
2818 756 2963 794 unus
2986 754 3086 809 pro
3103 747 3357 809 peccato;
3389 747 3554 807 atque

1977 829 2094 885 haec
2108 829 2332 900 quidem
2357 830 2674 885 holocausta
2699 829 2874 885 fuere.
2913 830 3245 885 Obtulernnt
3283 838 3553 901 praeterea

1977 921 2035 976 in
2061 922 2301 978 hostiam
2331 922 2589 977 salutaris
2632 922 2837 977 vitulas
2867 921 3024 985 duas,
3054 922 3254 976 arietes
3282 923 3551 992 quinque,

1976 1013 2164 1069 hircos
2186 1014 2450 1085 quinque,
2479 1028 2648 1084 agnos
2670 1012 2959 1067 anniculos
2982 1011 3247 1081 quinque.

2043 1192 2240 1248 PALL.
2273 1192 2496 1262 Expone
2516 1190 2682 1261 igitur
2707 1189 2843 1244 illud
2884 1189 2939 1244 in
2953 1187 3167 1258 primis,
3204 1188 3339 1257 quid
3372 1188 3548 1242 inter-

1973 1284 2044 1338 sit
2067 1283 2268 1353 quidve
2307 1283 2533 1337 diﬂ‘erre
2561 1281 2857 1337 dicendum
2899 1279 2973 1333 sit
3005 1279 3152 1333 inter
3194 1278 3429 1333 hostiam
3456 1292 3547 1333 sa-

1973 1371 2169 1425 lutaris
2199 1381 2255 1424 et
2277 1370 2679 1425 holocaustum.

2041 1460 2198 1517 CYR.
2224 1461 2424 1530 Accipe
2455 1461 2641 1531 igitur.
2665 1460 2801 1515 Nam
2823 1460 2914 1515 illa
2937 1476 3003 1515 ex
3031 1460 3404 1515 animantibus
3445 1460 3547 1515 ho-

1971 1551 2216 1606 locausta
2251 1560 2363 1606 tota
2400 1568 2468 1607 ex
2494 1552 2642 1607 omni
2676 1560 2830 1622 parte
2882 1552 2991 1623 igni
3031 1567 3189 1606 sacro
3211 1560 3377 1621 atque
3415 1567 3547 1622 per-

1970 1650 2137 1712 petuo
2169 1644 2578 1709 cremabantur,
2629 1644 2781 1699 nulla
2826 1650 2983 1714 parte
3014 1643 3240 1698 omnino
3290 1651 3543 1713 excepta,

1970 1734 2067 1788 sed
2095 1735 2381 1803 particulis
2434 1734 2548 1789 fere
2612 1735 2871 1791 omnibus
2895 1750 2960 1790 ac
3001 1735 3265 1790 membris
3293 1735 3550 1789 omnibus

286 1821 673 1886 ἀναϐαίνοντος
695 1823 774 1893 τῷ
811 1821 935 1891 θεῷ,
968 1823 1037 1877 τά
1064 1822 1122 1875 δέ
1157 1838 1220 1891 γε
1252 1823 1392 1893 ὑπὲρ
1422 1827 1523 1896 τῆς
1555 1823 1654 1878 τοῦ
1693 1842 1869 1897 σωτη-

1973 1823 2029 1877 ἱιι
2058 1825 2284 1878 odorem
2310 1825 2605 1897 suavitatis
2631 1825 2699 1879 ad
2724 1826 2897 1880 Deum
2935 1825 3394 1890 ascendentibus;
3426 1840 3549 1894 qua:

291 1914 410 1984 ρίου
444 1912 636 1976 θυσίας
678 1911 1010 1984 σφαζόμενα,
1041 1913 1273 1985 μερικὴν
1304 1914 1516 1985 ἐδέχετο
1553 1915 1654 1987 τὴν
1684 1915 1874 1970 καθιέ-

290 2022 477 2075 ρωσιν,
522 2004 599 2068 ώς
636 2005 694 2057 ἐν
738 2003 874 2075 ὤμῳ
904 2003 1326 2076 δεξιῷηκεφαλῇ
1361 2022 1423 2058 τε
1457 2005 1553 2060 καὶ
1599 2006 1747 2072 ποσὶ,
1782 2024 1870 2061 νε-

288 2098 447 2167 φροῖς
470 2097 562 2150 καὶ
580 2096 774 2167 ἥπατι,
800 2095 893 2149 καὶ
922 2095 1130 2165 ἑτέροις
1154 2096 1266 2149 τισὶ
1299 2099 1409 2161 τοῖς
1435 2096 1514 2160 είς
1532 2096 1594 2150 τὸ
1620 2097 1751 2151 είσω
1777 2097 1871 2151 καὶ

288 2186 600 2250 ἑνδοσθίοις.
631 2186 840 2258 Πρέπει
875 2187 939 2259 δὴ
961 2184 1053 2240 οῦν
1081 2187 1144 2240 τὸ
1167 2186 1594 2241 ὁλοκαυτοῦσθαι
1618 2186 1863 2258 Χριστῷο

290 2279 390 2333 καὶ
423 2279 533 2349 γάρ
559 2280 707 2332 ἐστιν
738 2277 956 2351 άληθῶς
996 2278 1115 2342 ὅλος
1148 2278 1324 2347 ἅγιος,
1355 2278 1562 2350 εὐώδης
1591 2278 1737 2341 ἄπας
1774 2277 1869 2332 καὶ

296 2371 464 2443 ἱερός.
513 2372 675 2441 Ἡμῖν
711 2370 768 2423 δὲ
808 2372 1040 2435 οἰκεῖον,
1075 2371 1138 2424 τὸ
1173 2372 1274 2425 οὐκ
1308 2369 1540 2424 εἰσάπαν
1562 2368 1738 2437 ἅγιον,
1775 2370 1870 2423 καὶ

286 2467 389 2537 οὐχ
420 2466 732 2538 ὁλοκλήρως
766 2465 933 2536 ἱερὸν,
957 2460 1039 2528 οἷς
1068 2464 1242 2517 ἔνεστί
1265 2482 1317 2517 τι
1342 2464 1437 2518 καὶ
1474 2462 1755 2533 μολυσμοῦ
1782 2463 1871 2516 διὰ

284 2559 385 2631 τὴν
418 2561 477 2614 ὲν
504 2561 638 2631 ἡμῖν
666 2558 964 2630 ἁμαρτίαν.
1020 2575 1039 2607 ι
1094 2555 1349 2627 Καθαρὸς
1387 2554 1495 2625 γὰρ
1550 2553 1727 2616 οὐδεὶς
1763 2552 1872 2607 ἀπὸ

293 2649 519 2721 ptimo,»
541 2649 636 2702 καὶ
667 2668 685 2700 ι
714 2645 1147 2719 Παραπτώματα
1179 2646 1264 2710 τίς
1287 2646 1547 2714 συνήσει;
1588 2662 1606 2695 ι
1641 2643 1781 2697 κατὰ
1813 2643 1874 2696 τὸ

290 2740 797 2814 γεγραμμένον.Διὰ
814 2736 972 2792 τοῦτο
985 2736 1081 2808 τὴν
1102 2735 1242 2808 ὑπὲρ
1254 2735 1346 2789 τοῦ
1366 2734 1631 2806 σωτηρίου
1656 2734 1868 2799 θυσίαν,

287 2832 387 2902 οὐχ
414 2831 707 2885 ὁλόκαυτον
738 2832 767 2884 6
804 2830 987 2901 νόμος,
1015 2827 1257 2901 μερικῶς
1275 2827 1333 2881 δὲ
1362 2825 1560 2896 μᾶλλον
1590 2823 1868 2895 καθιεροῦ-

289 2923 413 2977 σθαι
440 2923 552 2977 δεῖν
591 2919 650 2976 εῦ
685 2922 828 2993 μάλα
858 2922 1244 2993 προστέταχεν.
1276 2913 1404 2991 ’Ἆρ’
1431 2911 1545 2979 οὖν,
1577 2909 1622 2969 ὧ
1654 2914 1867 2969 Παλλά⁹

282 3016 387 3078 διε,
417 3018 596 3085 σαφής
629 3032 712 3067 σοι
742 3013 836 3068 καὶ
870 3013 1124 3084 ἀποχρῶν
1152 3014 1231 3076 εἰς
1261 3009 1526 3083 εὐμαθίαν
1550 3010 1578 3062 6
1602 3007 1795 3076 λόγος;

1968 1930 2104 1969 vero
2126 1930 2227 1985 pro
2253 1915 2435 1970 hostia
2471 1917 2700 1972 salutari
2735 1917 3112 1983 caadebantur,
3153 1933 3218 1972 ea
3254 1932 3546 1971 consecra-

1968 2006 2172 2061 bantur
2211 2023 2280 2062 ex
2305 2014 2483 2077 parte,
2514 2007 2678 2081 364
2723 2016 2785 2063 ut
2832 2009 3026 2064 dexter
3052 2010 3344 2074 humerus,
3385 2002 3547 2079 caput

1968 2095 2148 2150 etiam
2180 2110 2245 2151 ac
2267 2096 2459 2166 pedes,
2493 2112 2657 2151 renes
2680 2113 2744 2151 ac
2762 2099 2941 2169 jecur,
2978 2098 3255 2152 nonnullae
3287 2108 3547 2167 praeterea

1965 2187 2264 2242 recondita:
2284 2197 2472 2258 partes
2521 2195 2577 2242 et
2615 2188 2909 2244 intestinae.
2960 2188 3183 2244 Christo
3214 2188 3381 2257 igitur
3412 2203 3550 2242 con~

1964 2280 2118 2335 venit
2140 2281 2197 2334 in
2215 2280 2598 2335 holocaustum
2632 2280 2854 2335 oﬂ‘erri:
2882 2289 2965 2335 est
2989 2280 3139 2334 enim
3168 2295 3359 2333 revera
3406 2288 3551 2333 totus

1964 2380 2209 2437 sanctus,
2252 2379 2401 2426 totus
2438 2372 2607 2427 odore
2664 2371 2949 2426 suavitatis
2989 2372 3187 2440 plenus
3247 2385 3311 2424 ac
3370 2385 3546 2424 sacer.

1965 2462 2139 2518 Nobis
2161 2471 2345 2517 autem
2368 2463 2460 2517 illa
2483 2462 2709 2517 victima
2731 2462 2952 2532 proprie
2988 2460 3270 2524 convenit,
3288 2476 3410 2529 qua:
3437 2475 3549 2514 non

1966 2564 2053 2610 est
2102 2572 2170 2611 ex
2226 2556 2373 2610 omni
2417 2565 2573 2625 parte
2624 2563 2829 2617 sancta,
2865 2568 3043 2622 neque
3088 2552 3316 2607 omnino
3370 2566 3547 2617 saera,

1970 2647 2174 2716 quibus
2206 2647 2459 2701 nonnihil
2509 2646 2739 2700 macula:
2778 2645 2923 2698 inest
2964 2651 3193 2713 propter
3238 2650 3547 2713 peccatum,

1970 2737 2118 2807 quod
2160 2746 2246 2792 est
2294 2737 2348 2791 in
2378 2736 2540 2791 nobis
2575 2753 2588 2790 :
2633 2755 2651 2786 ι
2680 2736 2849 2789 Nemo
2890 2735 3038 2789 enim
3089 2735 3328 2789 mundus
3372 2749 3403 2787 a
3434 2748 3552 2788 sor-

1969 2828 2038 2884 de
2062 2828 2139 2895 “;
2168 2849 2184 2881 ι
2208 2836 2264 2885 et
2297 2847 2309 2882 :
2344 2849 2360 2879 ι
2383 2829 2589 2888 Delicta
2615 2828 2739 2898 quis
2765 2826 3030 2898 intelliget
3053 2826 3135 2880 “1?
3155 2845 3173 2877 ι
3203 2835 3265 2881 ιιι
3286 2827 3550 2895 scriptum

1968 2930 2071 2976 est.
2109 2920 2190 2976 Ob
2215 2936 2335 2975 eam
2367 2920 2553 2990 itaque
2583 2919 3076 2984 causam,hostiam
3102 2933 3225 2988 quae
3254 2932 3356 2988 pro
3374 2916 3551 2971 salute

1973 3011 2331 3075 oﬂ'erebatnr,
2356 3026 2463 3065 non
2490 3010 2800 3065 universam
2828 3009 3072 3075 incendi,
3120 3009 3217 3064 sed
3243 3008 3433 3078 potius
3481 3022 3549 3061 ex

286 3118 443 3180 parte
472 3106 781 3163 consecrari
797 3105 1016 3172 debere,
1047 3106 1135 3161 lex
1168 3102 1472 3160 rectissime
1488 3097 1669 3172 jussit.
1701 3097 1843 3152 Num
1882 3098 2069 3170 igitur,
2101 3100 2326 3167 Palladi,
2387 3098 2676 3171 perspicua
2734 3099 2833 3154 tibi
2875 3105 2960 3154 est
3012 3113 3134 3153 mea
3173 3099 3371 3165 oratio,
3397 3106 3453 3154 et
3480 3098 3550 3154 ad

285 3200 710 3272 intelligendum
743 3198 876 3254 satis
898 3198 1060 3269 apta?

358 3296 571 3350 ΠΑΛΛ.
602 3294 711 3347 Καὶ
743 3292 908 3363 μάλα.

359 3388 516 3442 ΣΥΡ.
544 3386 679 3453 Φέρε
705 3385 769 3457 δὴ
791 3383 906 3448 οῦν,
932 3382 1020 3437 ἐπ’
1047 3383 1224 3435 ἐκεῖνο
1253 3379 1421 3449 ἴωμεν
1450 3379 1529 3442 εἷς
1552 3396 1614 3446 γε
1636 3378 1717 3441 τὸ,
1744 3376 1870 3430 ἐκά-

286 3498 404 3551 στῳ
434 3479 578 3550 φημὶ
607 3477 713 3531 τῶν
752 3474 1290 3549 προσενηνεγμένων,
1334 3470 1501 3539 φάναι
1535 3468 1606 3532 τί,
1641 3468 1734 3521 καὶ
1766 3465 1872 3538 μὴν

281 3574 387 3626 καὶ
419 3571 649 3625 συνιέναι
677 3570 784 3622 τῶν
818 3567 1133 3634 ἀναγκαίων
1155 3565 1235 3627 είς
1267 3564 1471 3633 ὄνησιν.

361 3664 570 3717 [ιΑΑΑ.
612 3662 717 3715 Ἴθι
756 3661 819 3732 δὴ
849 3656 962 3713 οὖν.

359 3757 528 3811 ΚΥΡ.
560 3756 716 3807 Ἔστι
752 3754 932 3806 τοίνυν
962 3752 1031 3806 τὰ
1080 3750 1212 3822 παρ’
1262 3748 1492 3802 ἑκάστου
1527 3744 1636 3799 τῶν
1664 3744 1871 3816 φυλάρ·

284 3865 421 3921 χων,
451 3845 703 3918 τρυϐλίον
749 3840 1023 3915 ἀργυροῦν
1074 3839 1131 3892 ἓν
1166 3838 1259 3892 καὶ
1290 3837 1454 3906 φιάλη
1486 3835 1604 3905 μία,
1639 3835 1732 3887 καὶ
1765 3834 1872 3903 άμ-

288 3940 495 4009 φότερα
540 3936 724 4007 πλήρη
773 3932 1110 4003 σεμιδάλεως
1152 3927 1634 3996 ἀναπεποιημένης
1682 3923 1867 3994 ἐλαίῳ.

287 4031 366 4085 τὸ
402 4029 498 4099 μὲν
526 4023 619 4081 οῦν
645 4025 896 4096 τρυϐλίον
921 4023 1038 4074 ἐστὶ
1078 4022 1189 4083 τοῖς
1220 4018 1505 4089 ὲδωδίμοις
1540 4013 1868 4085 ὑπηρετοῦν,

285 4120 386 4175 καὶ
419 4121 498 4181 εἰς
524 4116 827 4185 ὀψοφαγίαν
877 4113 1168 4183 χρήσιμον,
1210 4108 1345 4162 καθὸ
1384 4108 1477 4161 καὶ
1535 4105 1698 4168 αὐτὸς
1757 4104 1867 4156 ἐδί-

284 4209 447 4274 δαξεν
481 4210 510 4261 6
550 4206 739 4275 Σωτὴρ
773 4201 1243 4272 φιλοπνευστοῦντι
1304 4199 1524 4269 Ἰωάννῃ
1554 4197 1632 4268 τῷ
1663 4196 1870 4266 γνησίῳ

292 4303 513 4375 μαθητῇ
583 4302 665 4360 τίς
730 4298 758 4349 6
803 4292 1141 4365 παραδώσων
1183 4293 1364 4356 αὐτὸν,
1408 4312 1426 4343 ι
1484 4291 1541 4344 'U
1594 4290 1870 4360 ἐμϐάψας,

287 4400 450 4466 φησι,
477 4394 591 4465 μετ’
619 4389 755 4462 ἐμοῦ
786 4388 884 4459 τὴν
918 4390 1077 4458 χεῖρα
1110 4386 1168 4437 ὲν
1198 4383 1276 4454 τῷ
1301 4382 1559 4454 τρυϐλίῳ.
1604 4401 1622 4433 ι
1664 4382 1867 4449 Φιάλης

287 4490 348 4541 δὲ
386 4487 439 4540 τί
469 4487 533 4540 ἂν
556 4486 771 4554 λέγοιμι
802 4480 900 4552 τὴν
929 4478 1138 4550 χρείαν,
1183 4474 1602 4546 διακεκραγὸτος
1650 4472 1747 4524 ὡδὶ
1776 4470 1869 4523 τοῦ

290 4579 657 4650 πράγματοςς
691 4575 802 4629 Καὶ
845 4573 1070 4643 σημεῖον
1121 4569 1284 4640 άρτου
1322 4565 1620 4635 σεμίδαλις,
1661 4564 1742 4616 ὅτι
1779 4562 1872 4614 καὶ

1896 3289 1939 3348 C
2048 3279 2245 3337 PALL.
2275 3279 2417 3334 Sane
2443 3293 2595 3333 vero.

2042 3372 2203 3428 CYR.
2235 3372 2343 3441 Age
2382 3370 2548 3440 igitur
2576 3381 2865 3439 pergamus
2893 3364 2961 3419 de
2993 3363 3081 3429 iis,
3117 3379 3239 3432 quae
3264 3378 3294 3417 a
3320 3362 3549 3433 singulis

1971 3467 2154 3521 oblata
2181 3473 2329 3530 sunt,
2362 3462 2572 3534 aliquid
2596 3462 2781 3517 dicere
2824 3468 2989 3529 atque
3018 3458 3353 3529 intelligere,
3399 3455 3548 3526 quod

1971 3559 2316 3615 fructuosum
2340 3557 2413 3610 sit
2435 3556 2702 3609 futurum.

2045 3648 2244 3703 PALL.
2270 3648 2440 3716 Perge
2472 3644 2661 3715 igitur.

2046 3740 2204 3795 CYR.
2240 3739 2367 3793 llam
2395 3746 2523 3791 sunt
2571 3747 2702 3804 ergo
2730 3747 2761 3786 a
2790 3730 3017 3801 singulis
3056 3728 3299 3782 tribuum
3338 3727 3548 3797 princi—

1971 3830 2135 3899 pibus
2160 3828 2363 3890 oblata,
2403 3823 2618 3879 catinus
2655 3830 2953 3891 argenteus
2991 3833 3155 3882 unus,
3179 3817 3361 3887 phiala
3417 3833 3545 3881 una,

1970 3930 2026 3976 et
2073 3928 2307 3989 utraque
2365 3918 2525 3987 plena
2581 3913 2777 3968 simila;
2816 3910 3081 3966 confectae
3118 3910 3242 3964 oleo
3287 3908 3549 3963 :catinus

1970 4012 2156 4080 itaque
2185 4009 2251 4063 ad
2306 4006 2588 4061 esculenta
2639 4000 2971 4056 continenda
3022 4007 3107 4054 est
3156 4006 3337 4067 aptus,
3390 4004 3447 4051 et
3478 3996 3547 4051 ad

1971 4105 2254 4175 pulmenta
2286 4113 2447 4154 usum
2486 4095 2686 4151 habet:
2723 4093 2870 4163 quod
2923 4092 3092 4145 etiam
3126 4090 3244 4159 ipse
3296 4088 3549 4143 Salvator

1972 4194 2181 4258 docuit,
2217 4191 2310 4262 qni
2344 4187 2541 4245 Joanni
2566 4187 2646 4240 illi
2678 4184 2824 4238 ﬁdeli
2852 4182 3121 4250 discipulo
3142 4178 3546 4248 roganti,quis-

1970 4302 2098 4342 nam
2132 4287 2311 4355 ipsum
2354 4280 2658 4335 traditurus
2685 4283 2863 4329 esset:
2906 4292 2923 4323 ι
2950 4271 3054 4337 Qui
3115 4268 3421 4329 intinxerit,
3458 4266 3546 4320 in--
3616 4268 3624 4275 '

1972 4377 2126 4447 quit,
2180 4386 2395 4427 mecum
2422 4381 2644 4423 manum
2700 4364 2756 4417 in
2808 4362 2991 4417 catino
3040 4361 3102 4412 ⁸⁷.
3142 4378 3159 4409 ι
3206 4359 3283 4411 De
3332 4357 3535 4427 phiala:

1972 4475 2155 4523 autem
2184 4480 2285 4517 usu
2314 4460 2445 4531 quid
2464 4458 2659 4512 attinet
2685 4455 2891 4515 dicere,
2931 4467 3094 4520 quem
3138 4450 3252 4518 ipsa
3304 4464 3391 4503 res
3411 4464 3546 4503 voce

1972 4568 2114 4626 pene
2160 4549 2353 4605 testari
2410 4542 2666 4601 videtur?
2720 4541 2911 4596 Simila
2949 4554 3118 4608 porro
3168 4537 3327 4608 panis
3357 4548 3440 4591 est
3469 4537 3546 4591 si-

287 4628 786 4738 έξνοίῦτηςιδιρτος,
830 4628 994 4734 ἄρτος
1025 4661 1081 4713 δὲ
1109 4628 1276 4728 ζωῆς,
1319 4658 1346 4709 6
1376 4628 1627 4727 Χριστός.
1661 4651 1868 4705 Οὐκοῦν

1975 4659 2166 4715 gnum,
2199 4657 2267 4695 ex
2306 4640 2399 4693 illa
2455 4648 2695 4704 namque
2726 4631 2786 4685 ﬁt
2815 4631 3011 4700 panis:
3045 4638 3130 4684 est
3179 4637 3360 4683 autem
3390 4628 3547 4697 panis

288 4766 373 4825 ὡς
409 4762 466 4813 ὲν
492 4758 568 4829 τῷ
597 4758 832 4828 τρυϐλίῳ
861 4757 957 4808 καὶ
993 4756 1051 4807 ὲν
1093 4753 1157 4822 τῇ
1196 4748 1380 4820 φιάλῃ,
1415 4746 1510 4799 καὶ
1540 4746 1613 4806 ὡς
1640 4745 1697 4795 ἐν
1719 4742 1868 4812 ἄρτῳ

286 4854 373 4923 τῷ
406 4856 463 4906 ὲν
518 4853 751 4922 ἀμφοῖν,
805 4848 985 4918 πλήρη
1034 4844 1142 4913 γὰρ
1196 4838 1263 4913 ἦν
1314 4837 1663 4908 σεμιδάλεως,
1691 4834 1765 4896 ώς
1812 4833 1870 4923 εν

290 4922 496 5016 βρώσει
545 4960 603 4994 τε
651 4942 746 4992 καὶ
776 4938 951 4999 πόσει,
1000 4936 1113 5006 ζωὴ
1148 4933 1241 4986 καὶ
1270 4927 1531 4995 ζωοποιδς
1632 4922 1868 5016 Χριστδς

291 5010 642 5105 σημαίνεται.
680 5050 698 5083 ι
753 5029 923 5100 Ἀμὴν
988 5029 1115 5097 γὰρ,
1177 5023 1332 5092 φησὶ,
1386 5018 1529 5086 λέγω
1576 5015 1738 5085 ὑμῖν,
1777 5010 1872 5105 ἐὰν

294 5102 385 5200 pi]-
415 5127 624 5196 φάγητε
658 5124 757 5193 τὴν
788 5122 964 5191 σάρκα
988 5118 1080 5171 τοῦ
1113 5114 1244 5168 Υἱοῦ
1271 5112 1365 5166 τοῦ
1419 5102 1872 5200 ἀνθρώπουηκαὶ

292 5197 461 5288 πίητε
494 5214 659 5270 αὑτοῦ
688 5214 750 5268 τὸ
779 5208 937 5282 αἷμα,
982 5210 1080 5262 οὐκ
1121 5207 1269 5275 ἔχετε
1304 5202 1448 5273 ζωὴν
1479 5202 1535 5253 ὲν
1576 5197 1810 5288 ἑαυτοῖς..

306 5282 504 5375 Ἐλαίῳ
532 5306 588 5358 δὲ
622 5304 722 5370 τὴν
751 5299 1023 5371 σεμίδαλιν
1063 5289 1483 5348 καταδεδεῦσθαί
1529 5302 1715 5357 φησιν,
1742 5282 1875 5375 αὐτά

292 5415 405 5453 ’που
432 5371 492 5449 τδ
523 5398 581 5450 ὲν
622 5393 870 5462 Ψαλμοῖς
901 5382 1371 5457 ἁναμελῳδοῦντος
1419 5377 1582 5431 οἱονεί
1628 5392 1730 5429 που
1778 5371 1873 5425 τοῦ

291 5487 495 5543 τύπουο
532 5505 550 5536 ι
599 5484 920 5551 Ἠγάπησας
950 5472 1317 5538 δικαιοσύνην,
1346 5469 1439 5523 καὶ
1463 5468 1733 5537 ἐμίσησας
1760 5464 1876 5517 ἀδι-

293 5579 450 5643 κίαν,
474 5576 561 5631 διὰ
591 5574 749 5628 τοῦτο
789 5568 973 5641 ἔχρισέ
1006 5583 1065 5620 σε
1097 5568 1124 5619 ὁ
1146 5563 1299 5627 Θεὸς,
1330 5564 1358 5614 6
1386 5559 1517 5622 Θεὸς
1560 5576 1651 5611 σου
1694 5556 1874 5608 ἔλαιον

694 5664 711 5699 4

1975 4736 2101 4789 vita:
2129 4732 2400 4788 Christus.
2440 4727 2610 4797 Igitur
2672 4731 2932 4791 tanquam
2998 4721 3053 4774 in
3117 4720 3321 4782 catino,
3386 4726 3442 4772 et
3491 4719 3545 4773 in

1967 4825 2172 4896 phiala,
2203 4832 2259 4878 et
2318 4829 2579 4888 tanquam
2614 4814 2669 4868 in
2725 4827 2888 4883 pane,
2920 4811 3016 4880 qui
3046 4810 3102 4864 in
3142 4816 3375 4877 utroque
3415 4821 3545 4862 vase

1966 4927 2107 4982 erat,
2140 4931 2264 4970 cum
2293 4921 2588 4979 utrumque
2619 4907 2842 4977 plenum
2873 4910 3017 4958 esset
3047 4902 3259 4965 simila},
3282 4898 3546 4954 nimirum

1969 5014 2228 5073 tanquam
2254 5002 2310 5055 in
2364 4999 2492 5054 cibo
2546 5011 2610 5050 ac
2648 5003 2781 5064 potu
2820 4992 3093 5057 Christus,
3149 4992 3243 5061 qui
3282 4990 3392 5043 vita
3438 4995 3543 5049 est,

1978 5104 2140 5163 atque
2163 5090 2483 5152 viviﬁcator,
2507 5084 2863 5157 signiﬁcatur.
2897 5083 3084 5151 Inquit
3110 5081 3288 5135 enim:
3329 5097 3347 5128 ι
3370 5078 3544 5131 Amen

1976 5190 2100 5244 dico
2124 5186 2299 5249 vobis,
2322 5183 2428 5238 nisi
2466 5177 2928 5236 manducaveritis
2958 5189 3176 5231 carnem
3206 5171 3329 5226 Filii
3364 5168 3545 5222 homi-

1971 5280 2059 5335 nis
2080 5287 2137 5333 et
2178 5275 2432 5331 biberitis
2462 5275 2582 5345 ejus
2618 5271 2961 5341 sanguinem,
3009 5280 3121 5320 non
3153 5258 3429 5315 habebitis
3457 5256 3543 5310 vi-

1972 5379 2082 5424 tam
2106 5369 2163 5422 in
2216 5366 2374 5421 vobis
2404 5364 2468 5416 ⁸⁸.
2504 5383 2522 5414 ι
2557 5362 2690 5417 Oleo
2735 5367 2917 5412 autem
2963 5354 3198 5409 similam
3228 5349 3397 5403 fuisse
3425 5363 3544 5402 ma-

1972 5461 2261 5522 defactam,
2294 5456 2505 5525 inquit:
2541 5454 2599 5506 in
2645 5464 2755 5520 quo
2805 5457 2965 5517 typus
2996 5446 3111 5514 ipse
3161 5458 3299 5513 pene
3354 5437 3544 5494 illude

1973 5550 2199 5608 Psalmis
2225 5547 2515 5615 concipere
2566 5540 2819 5595 videtur:
2852 5556 2868 5589 ι
2894 5534 3136 5591 Dilexisti
3167 5532 3458 5611 justitiam,
3488 5538 3546 5587 et

376 5756 425 5790 ⁸⁸
454 5754 557 5812 Job
586 5770 693 5820 1m,
722 5756 773 5807 .l.
856 5751 897 5780 "6
929 5748 1067 5802 Psal.
1109 5758 1257 5807 xvm,
1302 5742 1380 5795 l5.
1462 5741 1503 5771 ‘7
1538 5738 1728 5792 Matth.
1762 5751 1902 5800 xxvi,
1936 5733 2035 5797 25;
2069 5730 2222 5785 Joan.
2268 5744 2385 5792 xm,
2410 5725 2499 5779 26.
2578 5721 2621 5754 ’δ”
2658 5721 2815 5778 Joan.
2847 5736 2918 5782 Vl,
2948 5721 3014 5774 .‘ii
