4142 6296
654 342 750 399 711

1667 334 1723 391 S.
1764 333 2043 394 CYRILLI
2078 323 2553 393 ALEXANDle
2590 329 2906 388 ARCHIEP.

3809 327 3925 383 712

656 450 822 506 odisti
850 446 1231 518 iniquitatem;
1265 453 1556 516 propterea
1605 445 1765 500 unxit
1797 455 1851 502 te
1878 446 2046 512 Deus,
2086 447 2231 504 Deus

2333 443 2713 515 ἀγαλλιάσεως
2770 439 2923 512 παρά
2976 438 3103 499 τοὺς
3153 437 3409 508 μετόχους
3463 442 3582 492 σου.
3639 457 3658 490 ι
3704 441 3920 513 Θυϊσκη

656 549 808 604 tuus,
834 538 957 593 oleo
991 537 1194 593 laetitiae
1216 552 1328 606 prae
1357 536 1706 592 consortibus
1750 538 1860 593 tuis
1898 539 1962 591 ⁸³.
1988 557 2007 591 ι
2036 538 2236 594 Morta-

655 629 854 682 riolum
886 640 1018 681 vero
1044 625 1217 697 ﬁgura
1238 633 1323 680 est
1355 641 1419 681 ac
1440 626 1656 695 species
1686 628 1958 684 thuribuli
1981 629 2051 684 ad
2088 643 2236 684 mor-

653 719 778 774 tarii
802 717 1224 773 similitudinem
1250 716 1402 782 facti,
1437 716 1616 788 ipsum
1649 733 1872 788 quoque
1920 719 2083 774 thure
2113 718 2233 787 ple-

651 826 820 866 num:
847 811 1027 866 bonus
1056 809 1206 864 enim
1231 809 1370 863 odor
1391 823 1455 863 ac
1479 808 1824 865 thuribulum
1848 818 1934 865 est
1956 809 2230 873 Christus.

652 916 767 959 non
816 902 1158 957 extrinsecus
1202 900 1428 954 odorem
1492 899 1725 965 habens,
1763 908 1826 955 ut
1869 899 2033 955 nobis
2082 908 2235 954 certe

653 993 945 1064 contingit,
963 992 1054 1064 qui
1104 991 1532 1063 participatione
1577 991 1803 1048 virtutis
1831 1000 1997 1062 atque
2025 991 2235 1047 sancti-

655 1086 926 1142 ﬁcationis
956 1088 1098 1157 ejus,
1118 1101 1239 1155 quae
1275 1100 1343 1140 ex
1380 1084 1584 1155 pietate
1613 1094 1718 1149 est,
1756 1085 1875 1139 haac
1898 1085 2014 1154 ipsa
2043 1099 2237 1139 conse-

652 1178 877 1247 quimur
905 1195 918 1229 :
972 1177 1133 1248 365
1164 1176 1262 1232 sed
1293 1190 1360 1230 ex
1384 1190 1442 1231 se
1468 1183 1723 1245 tanquam
1752 1176 1900 1230 Deus
1927 1175 1984 1229 in
2027 1189 2235 1244 suaque

652 1276 850 1322 natura
876 1267 945 1322 iis
971 1267 1137 1322 rebus
1163 1266 1478 1337 praeditum,
1509 1281 1609 1336 per
1647 1281 1770 1335 qua:
1808 1265 1962 1320 illum
1992 1265 2235 1320 admira-

653 1374 797 1422 mur,
833 1366 890 1413 et
920 1357 1112 1423 odore,
1166 1358 1263 1427 qui
1313 1372 1481 1427 supra
1509 1357 1778 1411 mundum
1809 1362 1915 1422 est,
1964 1365 2022 1412 et
2070 1370 2237 1426 supra

653 1455 960 1502 creaturam
985 1460 1229 1510 omnem,
1265 1452 1441 1501 totum
1461 1446 1683 1516 replens
1713 1444 1907 1500 orbem
1930 1452 2232 1499 terrarum.

651 1538 788 1593 Nam
812 1536 965 1592 illum
989 1535 1293 1591 secundum
1315 1544 1568 1591 naturam
1588 1551 1653 1591 ac
1681 1551 1875 1591 revera
1893 1536 2067 1591 Deum
2090 1550 2232 1601 esse,

655 1637 713 1684 et
736 1629 793 1682 in
828 1642 926 1683 sua
952 1627 1130 1699 ipsius
1160 1637 1357 1683 natura
1381 1636 1626 1700 paternae
1657 1627 1987 1699 cognitionis
2011 1627 2236 1682 odorem

653 1718 958 1789 accepisse,
1016 1719 1222 1789 optime
1265 1720 1608 1790 dignoscitur
1650 1737 1664 1773 :
1696 1720 1923 1790 plenum
1958 1719 2124 1789 igitur
2154 1725 2239 1774 est

2333 539 2391 593 δὲ
2423 533 2515 603 αὖ,
2545 536 2731 609 σχῆμά
2748 552 2808 589 τε
2839 535 2933 587 καὶ
2963 528 3104 596 εἶδος
3121 530 3505 604 θυμιατηρίου,
3539 531 3701 597 θυῖας
3734 534 3795 587 ὲν
3818 535 3928 604 ῐσῳ

2335 628 2733 699 πεποιημένου,
2758 625 3054 696 ὲπίμεστον
3102 622 3162 677 δὲ
3213 623 3310 676 καὶ
3352 621 3486 677 αὐτὸ
3510 623 3863 694 θυμιάματος
3900 641 3921 660 ο

2334 721 2531 776 εὐωδία
2557 719 2667 791 γάρ
2695 719 2790 773 καὶ
2824 717 3180 788 θυμιατήριον
3226 717 3255 769 6
3280 716 3514 787 Χριστὸς
3537 756 3551 779 ,
3579 718 3680 770 οὐκ
3714 716 3924 784 ἔξωθεν

2335 813 2390 867 δὲ
2414 812 2475 865 τὸ
2506 810 2705 873 εὐῶδες
2738 808 2899 878 ἔχων,
2929 807 3183 879 καθάπερ
3228 806 3420 876 ἀμέλει
3445 807 3540 861 καὶ
3570 809 3732 879 ἡμεῖς
3762 810 3926 865 αὐτοὶ

2335 903 2476 957 κατά
2506 900 2719 973 μέθεξιν
2750 902 2974 971 ἀρετῆς,
3016 899 3111 952 καὶ⁴
3136 896 3232 952 τοῦ
3281 899 3402 952 κατ’
3432 898 3716 954 εὐσέϐειαν
3761 901 3928 969 ἀγια-

2336 995 2475 1065 σμοῦ
2503 995 2564 1046 τὸ
2613 995 2670 1046 ὲν
2702 990 2912 1054 τούτοις
2946 984 3087 1043 εἶναι
3136 989 3530 1060 κερδαίνοντες,
3561 990 3677 1044 ἀλλ’
3701 990 3926 1046 οἴκοθεν

2335 1087 2410 1149 ὡς
2439 1084 2572 1148 Θεὸς
2591 1084 2685 1136 καὶ
2715 1085 2773 1136 ὲν
2802 1081 2907 1152 ίδίᾳ
2934 1079 3094 1148 φύσει
3122 1078 3368 1133 πλουτῶν
3388 1079 3458 1134 τά
3491 1080 3560 1133 δι’
3584 1073 3661 1135 ὧν
3696 1081 3919 1152 θαυμά-

2337 1177 2509 1241 ζεται,
2540 1175 2634 1230 καὶ
2659 1173 2786 1245 ὃλην
2811 1172 3115 1244 ἐμπίπλησι
3145 1170 3244 1239 τὴν
3266 1170 3591 1243 οἰκουμένην
3620 1171 3721 1241 τῆς
3750 1173 3922 1244 ὑπερ-

2336 1266 2566 1336 κοσμίου
2592 1265 2689 1319 καὶ
2728 1263 2869 1334 ὑπὲρ
2904 1261 3081 1316 κτίσιν
3113 1261 3309 1330 ὀσμῆς.
3352 1260 3484 1326 Θεὸς
3518 1260 3629 1333 γάρ
3652 1260 3729 1315 ῶν
3757 1261 3921 1332 φύσει

2337 1359 2432 1411 καὶ
2450 1356 2683 1428 ἀληθῶς,
2713 1356 2806 1409 καὶ
2837 1354 2937 1424 τὴν
2970 1351 3143 1423 ὀσμὴν
3169 1352 3269 1421 τῆς
3290 1350 3546 1420 γνώσεως
3575 1353 3671 1406 τοῦ
3704 1354 3923 1425 Πατρὸς

2337 1451 2395 1503 ὲν
2430 1447 2535 1518 ἰδίᾳ
2568 1446 2728 1516 φύσει
2782 1444 2996 1515 λαχὼν,
3033 1439 3092 1498 εὖ
3136 1442 3284 1512 μάλα
3333 1443 3776 1513 διαγινώσκεται,
3822 1444 3923 1515 ἒμ-

2338 1537 2518 1602 πλεως
2552 1534 2647 1592 οῦν
2675 1538 2709 1608 ἡ
2756 1536 2952 1606 θυῖσκη
2984 1534 3351 1605 θυμιάματος.
3388 1535 3574 1606 Ταύτῃ
3608 1552 3693 1589 τοι
3748 1552 3922 1608 προσ-

2340 1630 2532 1699 άγεται
2572 1628 2771 1700 μόσχος
2801 1644 2861 1681 τε
2887 1625 2983 1680 καὶ
3011 1624 3187 1696 κριὸς,
3216 1623 3433 1698 καὶμὴν
3468 1627 3564 1680 καὶ
3593 1625 3787 1697 ἀμνὸς,
3822 1627 3920 1680 καὶ

2339 1723 2573 1794 χίμαρος
2600 1718 2660 1785 ἐξ
2684 1717 2877 1789 αἰγῶν,
2904 1717 2976 1772 τά
3003 1717 3140 1787 πρὸς
3195 1717 3408 1781 τούτοις
3438 1716 3520 1770 ἔτι
3546 1734 3919 1790 προσκεκομι-

655 1809 880 1864 incenso
917 1810 1315 1867 mortariolum.
1342 1809 1551 1865 Deinde
1589 1808 1885 1865 adducitur
1930 1808 2053 1873 bos,
2092 1808 2231 1864 aries

2341 1812 2534 1882 σμένα,
2568 1811 2665 1865 καὶ
2691 1809 2779 1862 διὰ
2805 1809 3020 1862 πάντων
3054 1805 3216 1870 αὐτὸς
3262 1808 3291 1859 ό
3328 1805 3694 1877 γραφόμενος⁸
3723 1809 3781 1860 ὲν
3817 1807 3920 1877 μὲν

653 1905 921 1971 praeterea
947 1908 1004 1954 et
1025 1915 1199 1970 agnus
1222 1908 1280 1954 et
1307 1899 1497 1954 haedus
1520 1915 1551 1954 e
1580 1899 1759 1970 capris
1789 1898 2124 1963 aﬂ‘eruntur;
2171 1912 2236 1951 ac

656 2004 759 2059 per
805 1989 928 2045 haec
955 1989 1142 2044 omnia
1165 1990 1470 2044 animantia
1514 1989 1632 2060 ipse
1659 1988 1945 2060 figuratur,
1976 1988 2034 2043 in
2060 1988 2237 2042 vitulo

652 2081 876 2151 quidem
892 2089 1116 2151 propter
1130 2096 1397 2136 summam
1410 2081 1805 2147 ﬁrmitatem,et
1817 2079 1962 2150 quod
1978 2095 2235 2136 mansue-

652 2178 839 2225 torum
877 2170 1320 2240 mundorumque
1345 2171 1709 2226 animantium
1737 2170 1838 2224 bos
1868 2177 1955 2225 est
1972 2175 2236 2239 praestan-

653 2259 919 2326 tissimus,
947 2276 1013 2316 ac
1048 2260 1423 2338 magnitudine
1465 2259 1967 2331 corporis‘excellit
2002 2276 2015 2313 :
2047 2257 2234 2315 omnia

652 2362 859 2418 autem,
893 2368 1014 2422 quae
1045 2352 1115 2407 ad
1143 2352 1423 2409 Christum
1472 2353 1772 2423 pertinent,
1818 2350 2094 2422 spirituali
2140 2366 2236 2406 ex-

651 2445 904 2502 cellentia
937 2446 1165 2516 praedita
1196 2454 1342 2511 sunt,
1375 2454 1433 2501 et
1463 2446 1577 2516 ipse
1596 2445 1911 2517 praestantia
1933 2461 2032 2516 per
2049 2445 2235 2501 omnia

650 2535 879 2592 minime
919 2536 1287 2608 comparanda
1333 2536 1559 2601 eminet,
1608 2544 1773 2607 atque
1811 2538 2066 2607 superior
2109 2546 2232 2605 est;

651 2626 711 2683 in
735 2628 909 2683 ariete
939 2642 1074 2683 vero
1126 2636 1352 2697 propter
1398 2627 1812 2697 perfectionem,
1864 2635 2029 2698 atque
2066 2628 2233 2682 etiam

651 2727 882 2789 propter
911 2719 1290 2774 innocentiam
1324 2718 1382 2771 in
1411 2732 1553 2788 agno
1591 2735 1604 2771 :
1642 2736 1660 2769 ι
1683 2717 1797 2788 Ego
1821 2717 1992 2783 enim,
2031 2716 2230 2787 inquit,

652 2816 912 2879 tanquam
940 2823 1111 2878 agnus
1164 2809 1449 2872 innocens,
1480 2808 1576 2878 qui
1609 2806 1854 2875 ducitur,
1889 2816 1951 2864 ut
1978 2808 2232 2865 immole-

653 2909 763 2964 tur,
780 2900 1091 2955 nesciebam
1108 2901 1177 2967 ⁵⁰;
1202 2919 1219 2950 ι
1257 2899 1314 2953 in
1340 2899 1498 2955 haedo
1524 2916 1739 2966 rursus,
1763 2911 2060 2971 propterea
2082 2902 2233 2973 quod

652 3008 754 3065 pro
780 2993 1167 3063 peccatoribus
1199 2993 1420 3049 occisus
1449 3003 1554 3048 est.
1582 2993 1784 3050 Haedus
1822 2994 1973 3049 enim
2010 3011 2075 3051 ex
2095 2996 2233 3067 legis

651 3087 973 3157 praescripto
998 3084 1328 3143 sacriﬁcium
1354 3094 1440 3142 est
1469 3103 1570 3157 pro
1612 3095 1871 3157 peccato:
1904 3088 2000 3144 ille
2044 3097 2230 3144 autem

651 3178 972 3235 Emmanuel
1020 3190 1251 3236 mortem
1298 3196 1399 3251 pro
1441 3181 1601 3236 nobis
1646 3179 1837 3245 subiit,
1880 3188 1937 3235 et
1980 3196 2046 3235 ea
2092 3196 2230 3237 nece

2334 1904 2412 1975 τῷ
2454 1903 2660 1974 μόσχῳ,
2690 1901 2778 1956 διὰ
2794 1901 2855 1955 τὸ
2881 1899 3019 1969 ἀγαν
3036 1898 3306 1965 εὐσθενὲς,
3335 1899 3431 1954 καὶ⁸
3454 1898 3667 1952 ὅτιτῶν
3697 1900 3756 1954 ὲν
3773 1901 3918 1970 ἡμε-

2339 1994 2523 2066 ρότητι
2556 1992 2650 2046 καὶ
2681 1990 3013 2062 καθαρότητι
3043 1986 3217 2054 ζώων,
3251 1988 3313 2042 τὸ
3342 1986 3604 2059 προῦχον,
3634 1989 3663 2041 6
3689 1988 3916 2059 μόσχος,

2335 2084 2430 2138 καὶ
2473 2084 2548 2147 ὡς
2592 2084 2650 2138 ὲν
2687 2082 2909 2153 μεγέθει
2965 2080 3217 2153 σώματος
3239 2120 3255 2145 ,
3313 2080 3373 2134 τὸ
3428 2079 3763 2154 ὑπερτεροῦν
3788 2098 3803 2111 ·
3858 2083 3916 2135 έν

2336 2174 2577 2244 ὑπεροχῇ
2609 2172 2667 2225 δὲ
2706 2174 2772 2243 τῇ
2806 2173 2992 2243 νοητῇ,
3024 2171 3204 2226 πάντα
3246 2171 3364 2224 ἐστὶ
3402 2169 3472 2224 τὰ
3515 2169 3779 2241 Χριστοῦ,
3819 2168 3919 2224 καὶ

2334 2267 2495 2332 αὐτὸς
2543 2270 2572 2321 6
2618 2265 2872 2339 προύχων
2922 2264 3017 2318 καὶ
3064 2263 3458 2333 ὑπερκείμενος
3500 2264 3566 2333 τῇ
3617 2260 3759 2315 κατά
3806 2261 3920 2315 πᾶν

2333 2357 2511 2414 ὁτιοῦν
2548 2357 2864 2428 ἀσυγκρίτῳ
2909 2355 3143 2426 διαφορᾷ
3174 2370 3187 2383 ·
3224 2357 3283 2408 ὲν
3338 2353 3395 2407 δὲ
3436 2353 3516 2425 τῷ
3543 2353 3706 2425 κριῷ,
3737 2352 3828 2406 διά
3856 2352 3919 2405 τὸ

2333 2451 2557 2517 τέλειον,
2613 2450 2708 2505 καὶ
2745 2450 2928 2521 μέντοι
2971 2447 3057 2501 διὰ
3100 2447 3163 2500 τὸ
3216 2447 3441 2509 ἄκακον,
3496 2448 3553 2498 ὲν
3613 2444 3691 2517 τῷ
3731 2444 3914 2517 ἀμνῷ·

2341 2563 2361 2597 ι
2421 2541 2561 2612 Ἐγὼ
2624 2542 2754 2612 γάρ,
2811 2539 2999 2611 φησὶν,
3056 2538 3134 2603 ὡς
3198 2537 3382 2608 ἀρνίον
3433 2538 3641 2593 ἄκακον
3709 2536 3919 2607 ἀγόμε-

2334 2652 2422 2691 νον
2449 2634 2544 2689 τοῦ
2573 2632 2815 2698 θύεσθαι,
2837 2632 2938 2687 οὐκ
2965 2631 3158 2701 ἔγνωνο
3194 2649 3212 2682 ι
3249 2631 3306 2683 ἐν
3333 2629 3390 2683 δὲ
3432 2627 3509 2700 τῷ
3551 2629 3792 2700 χιμάρῳ,
3826 2626 3919 2681 διά

2332 2727 2434 2800 τὴν
2456 2727 2595 2798 ὑπέρ
2615 2741 2680 2795 γε
2704 2724 2814 2780 τῶν
2837 2722 3238 2796 ἡμαρτηκότων
3270 2721 3506 2792 σφαγήν.
3532 2721 3778 2791 Χίμαρος
3804 2719 3917 2790 γάρ

2332 2819 2474 2891 ὑπὲρ
2499 2816 2773 2889 ἁμαρτίας
2806 2816 2866 2870 τὸ
2903 2815 3071 2887 θῦμα,
3104 2813 3246 2869 κατά
3289 2813 3379 2867 τὸν
3407 2813 3570 2884 νόμον
3593 2829 3606 2842 ο
3640 2811 3817 2865 είσέδυ
3855 2811 3915 2864 δὲ

2331 2910 2398 2964 δι’
2432 2910 2579 2981 ἡμᾶς
2628 2908 2718 2963 τὸν
2754 2908 2985 2964 θάνατον
3030 2908 3059 2961 6
3119 2904 3502 2978 Ἐμμανουήλ,
3553 2904 3784 2960 καὶτῶν
3812 2904 3918 2975 ἀρ-

2332 3003 2502 3074 χαίων
2525 3000 3015 3072 πλημμελημάτων
3048 2998 3521 3071 ὲκλελυτρὼμεθα,
3567 2999 3636 3053 δι’
3675 2999 3742 3070 ἢν
3781 2998 3915 3052 ὑπέ-

2337 3104 2518 3158 μεινεν
2542 3088 2682 3157 ὑπὲρ
2696 3086 2856 3158 ἡμῶν
2874 3087 3192 3158 σφαγήν.Ἢ
3205 3085 3310 3140 ούιί
3340 3082 3481 3141 εἶναι
3511 3087 3615 3160 φὴς
3637 3086 3915 3142 καὶτοῦτο

2334 3181 2532 3251 ἀληθές
2558 3185 2583 3246 ;”

650 3284 815 3339 quam
839 3286 936 3341 pro
996 3271 1159 3326 nobis
1182 3272 1430 3342 pertulit,
1491 3287 1524 3326 a
1563 3271 1844 3329 veteribus
1878 3271 2097 3328 delictis
2154 3273 2371 3328 liberati
2400 3287 2610 3327 sumus.
2641 3270 2726 3325 An
2751 3285 2882 3326 vero
2922 3285 3033 3325 non
3064 3269 3119 3325 id
3162 3285 3284 3326 esse
3315 3285 3507 3326 verum
3530 3270 3733 3340 putas?

722 3359 920 3414 PALL.
963 3357 1165 3424 Quidni
1197 3360 1426 3429 putem?

725 3448 884 3505 ΟΥΕ.
916 3449 1056 3503 lllud
1088 3458 1272 3504 autem
1313 3451 1574 3506 observes
1605 3451 1793 3518 velim,
1848 3452 2061 3509 oblatos
2107 3452 2234 3524 qui-

653 3542 779 3596 dem
808 3557 930 3596 esse
959 3541 1159 3608 boves;
1201 3551 1458 3598 caeterum
1479 3543 1546 3600 ad
1576 3558 1745 3614 opera
1768 3545 2110 3601 tabernaculi
2142 3546 2239 3602 de-

653 3632 912 3696 stinatos,
960 3639 1042 3696 ut,
1077 3647 1204 3686 cum
1258 3642 1437 3688 castra
1498 3635 1710 3691 moveri
1738 3650 1878 3707 opus
1923 3647 2089 3703 esset,
2130 3637 2235 3708 ipsi

652 3737 825 3778 onera
855 3721 1130 3777 vehiculis
1166 3720 1421 3789 ferendo,
1447 3738 1733 3780 sacrorum
1778 3725 2131 3782 administros
2152 3725 2234 3780 la-

652 3808 787 3866 bore
815 3825 881 3866 ac
910 3809 1164 3865 molestia
1215 3810 1487 3865 levarent.
1539 3811 1601 3866 In
1651 3811 1875 3868 Christo
1912 3813 2061 3868 enim
2097 3828 2235 3869 con-

651 3902 886 3973 quiescit
917 3901 1181 3967 Ecclesia,
1212 3909 1268 3955 et
1294 3900 1403 3956 nos
1428 3901 1544 3971 ipse
1568 3902 1676 3958 fert
1726 3912 1783 3958 et
1810 3903 2113 3970 laboribus,
2135 3905 2232 3976 qui

567 4000 572 4006 '
651 4008 819 4063 supra
839 3994 987 4048 vires
1018 4000 1166 4059 sunt,
1208 4007 1429 4048 sacrum
1467 3992 1607 4048 illud
1648 3995 2090 4067 honoratumque
2133 4012 2227 4069 ge-

652 4099 779 4150 nus,
805 4099 872 4140 ac
921 4085 1186 4155 populum
1220 4100 1503 4140 sacrorum
1536 4100 1768 4157 operum
1811 4088 2051 4159 peritum
2101 4105 2229 4146 suc-

649 4174 914 4230 cumbere
951 4189 1063 4229 non
1102 4174 1396 4244 permittit.
1455 4175 1546 4232 Sic
1589 4176 1759 4249 igitur
1804 4180 2118 4249 supradicta
2160 4182 2226 4238 ad

648 4263 931 4321 Christum
964 4263 1255 4321 referenda
1293 4275 1441 4322 sunt.
1466 4265 1598 4333 Quae
1660 4277 1846 4325 autem
1878 4271 2229 4341 pertinebant

649 4357 720 4413 ad
748 4358 985 4414 hostiam
1015 4357 1295 4423 salutaris,
1327 4372 1393 4412 ea
1434 4373 1535 4429 pro
1574 4360 1773 4431 seipsis
1821 4362 2230 4431 quodammodo

649 4448 928 4523 principes
965 4449 1290 4515 aﬂ‘erebant,
1317 4464 1382 4504 ac
1408 4458 1669 4521 tanquam
1702 4452 2062 4512 tabernaculo
2091 4472 2226 4514 eon-

649 4542 957 4607 secrabant,
989 4540 1407 4611 offerebantque
1431 4542 1545 4597 Deo
1570 4543 1628 4601 in
1653 4544 1883 4601 odorem
1912 4548 2224 4606 suavitatis.

649 4632 854 4692 Vitula:
897 4642 1082 4691 autem
1110 4642 1271 4689 erant
1309 4633 1454 4700 dum,
1505 4636 1705 4693 arietes
1757 4639 2047 4709 quinque,
2083 4641 2226 4699 hirci

2257 3367 2299 3425 (Γ.
2403 3363 2615 3417 ΠΑΛΛ.
2643 3362 2766 3427 Πῶς
2798 3362 2906 3434 γὰρ
2926 3360 3026 3427 of»;

2407 3453 2572 3507 ΚΥΡ.
2614 3454 2896 3526 Ἐπιτήρει
2947 3453 3005 3508 δὲ
3047 3454 3129 3507 ὅτι
3168 3452 3689 3525 προσεκομίσθησαν
3729 3453 3826 3524 μὲν
3862 3454 3916 3507 οι

2340 3546 2552 3618 μόσχοι,
2589 3547 2833 3602 δέδονταί
2859 3564 2920 3617 γε
2952 3547 3059 3619 μὴν
3091 3549 3170 3611 εἰς
3198 3545 3268 3600 τά
3294 3545 3431 3617 ἔργα
3457 3547 3559 3617 τῆς
3584 3548 3811 3618 σκηνῆς,
3845 3547 3915 3601 ἵν’

2334 3640 2393 3693 ἐν
2416 3641 2535 3704 ταῖς
2579 3639 2934 3706 ἀναξεύξεσιν
2962 3639 3117 3693 αὐτοὶ
3140 3639 3396 3710 φέροντες
3420 3639 3506 3708 ἐφ’
3534 3638 3783 3709 ἁμαξῶν,
3813 3639 3915 3692 πό⁴

2333 3748 2425 3786 νου
2456 3732 2548 3786 καὶ
2568 3733 2724 3797 ἀνίας
2746 3731 3109 3788 ἀπαλλάτοιεν
3136 3731 3265 3794 τοὺς
3290 3729 3626 3802 ίερουργούς.
3675 3730 3911 3785 Ἐπανα-

2334 3825 2567 3880 παύεται
2595 3829 2705 3897 γάρ
2733 3827 2768 3897 ἡ
2814 3824 3110 3896 Ἐκκλησία
3136 3822 3381 3896 Χριστῷ,
3430 3826 3522 3877 καὶ
3562 3823 3727 3887 αὐτὸς
3764 3824 3913 3896 ἡμᾶς

2335 3920 2524 3990 φέρει,
2573 3920 2684 3982 τοῖς
2727 3916 2867 3988 ὑπὲρ
2897 3916 3127 3987 δύναμιν
3179 3914 3360 3979 πόνοις
3408 3915 3763 3986 περιπίπτειν
3810 3915 3911 3969 οὐκ

2331 4010 2505 4080 ἐφιεὶς
2534 4010 2596 4064 τὸ
2630 4008 2773 4081 ἱερὸν
2802 4008 2898 4064 καὶ
2932 4008 3113 4079 τίμιον
3141 4007 3321 4076 γένος,
3360 4005 3454 4059 καὶ
3478 4005 3570 4060 τὸν
3598 4006 3707 4060 τῶν
3738 4006 3909 4075 ἁγίων

2332 4101 2510 4172 ἔργων
2529 4102 2867 4171 ἐπιστήμονα
2900 4099 3049 4154 λαόν.
3080 4098 3237 4154 Ούτω
3270 4099 3368 4170 μὲν
3398 4093 3491 4153 οῦν
3519 4097 3795 4153 ἀνοιστέον
3816 4097 3909 4150 ἐπὶ

2330 4191 2565 4264 Χριστὸν
2591 4191 2661 4245 τά
2682 4191 3066 4262 ὠνομασμένα.
3098 4190 3180 4244 Τὰ
3217 4190 3274 4244 δέ
3297 4207 3359 4259 γε
3386 4191 3465 4251 εἷς
3501 4189 3691 4244 θυσίαν
3738 4205 3908 4260 σωτη-

2334 4282 2448 4355 ρίου
2466 4281 2866 4354 προσεκόμιζον
2890 4281 3052 4335 οίονεί
3082 4298 3201 4345 πως
3221 4275 3289 4335 αὖ
3315 4280 3430 4334 ἀνθ’
3450 4280 3659 4333 ἑαυτῶν
3688 4281 3737 4333 oi
3756 4279 3910 4349 ἡγού·

2334 4385 2509 4441 μενοι,
2547 4368 2931 4440 καθιεροῦντες
2955 4370 3156 4442 τρόπον
3181 4368 3304 4423 τινὰ
3329 4372 3396 4441 τῇ
3430 4370 3560 4441 ἁγίᾳ
3591 4372 3782 4439 σκηνῇ,
3813 4369 3909 4422 καὶ

2330 4461 2410 4524 είς
2447 4460 2623 4533 ὀσμὴν
2664 4461 2891 4526 εὐωδίας
2936 4461 3298 4534 ἀναφέροντες
3333 4460 3412 4531 τῷ
3460 4460 3602 4532 Θεῷ.
3637 4459 3907 4532 Δαμάλεις

2329 4549 2385 4604 δὲ
2412 4546 2552 4622 ἦσαν
2602 4550 2731 4617 δύο,
2766 4553 2915 4624 κριοὶ
2961 4553 3144 4618 πέντε,
3196 4552 3390 4624 τράγοι
3428 4552 3614 4614 πέντε,
3666 4552 3904 4623 ἀμνάδες

2332 4641 2513 4697 πέντε.
2546 4643 2657 4698 Καὶ
2682 4644 2882 4715 μόσχος
2917 4644 3036 4715 μὲν,
3077 4646 3105 4698 6
3141 4645 3396 4717 Χριστὸς,
3431 4644 3693 4716 δαμάλεις
3734 4644 3791 4698 δὲ
3830 4642 3900 4699 αὗ

649 4726 916 4798 quinque,
941 4724 1065 4796 agni
1101 4725 1367 4795 quinque.
1393 4725 1473 4781 Ac
1501 4726 1709 4785 vitulus
1735 4729 1960 4798 quidem
1973 4730 2229 4789 Christus

2333 4734 2510 4804 ἡμεῖς,
2548 4733 2639 4786 καὶ
2662 4732 2818 4802 λόγος
2838 4735 2867 4787 6
2898 4732 2986 4787 ἐπ’
3015 4735 3241 4806 ἀμφοῖν,
3272 4736 3374 4789 οὐκ
3398 4734 3736 4806 ἀσύμφυλος,
3768 4735 3899 4806 ἀλη-

649 4824 755 4883 est,
791 4832 895 4872 nos
913 4817 1156 4874 vicissim
1174 4819 1390 4874 vitula:
1427 4820 1569 4875 ratio
1591 4820 1758 4878 etiam
1780 4822 2071 4893 utriusque
2112 4838 2226 4879 non

650 4914 738 4965 est
757 4907 959 4971 aliena,
986 4907 1083 4962 sed
1115 4923 1249 4964 vera
1291 4909 1479 4979 potius
1507 4920 1672 4982 atque
1704 4913 2027 4984 perspicua;
2077 4929 2225 4970 sem-

650 5012 750 5077 per
776 4997 925 5053 enim
953 4997 1067 5054 fere
1094 5013 1211 5053 mas
1235 4999 1545 5073 principem
1578 5003 1760 5059 locum
1783 5013 1955 5072 tenet,
1995 5013 2053 5062 et
2079 5006 2225 5078 apud

650 5088 1062 5160 Deumlhonore
1087 5091 1342 5162 acgloria
1382 5102 1627 5163 praestat,
1693 5110 1926 5167 eamque
1970 5113 2087 5153 rem
2125 5114 2227 5153 suo

651 5183 970 5238 testimonio
993 5191 1194 5239 natura
1245 5186 1594 5254 comprobat.
1655 5188 1889 5245 Inferior
1932 5200 2018 5247 est
2044 5202 2228 5248 autem

647 5275 873 5342 temina,
932 5275 1122 5347 illique
1174 5276 1441 5347 subjecta,
1506 5284 1564 5332 et
1614 5278 1858 5346 viribus,
1914 5292 1971 5338 et
2016 5285 2228 5342 honore

649 5368 941 5436 posterior,
962 5375 1019 5422 et
1046 5383 1078 5422 a
1106 5375 1260 5438 tergo
1284 5366 1691 5437 quodammodo
1732 5386 1940 5427 marem
1967 5389 2221 5445 sequens.

650 5454 813 5528 3m
833 5457 930 5512 Est
953 5457 1139 5528 itaque
1162 5466 1225 5513 ut
1246 5458 1303 5513 in
1323 5473 1480 5514 mare
1518 5459 1695 5516 vitulo
1718 5460 1829 5516 dux
1858 5464 2221 5521 nosterChri-

2326 4823 2426 4896 θὴς
2483 4825 2540 4878 δὲ
2578 4823 2778 4896 μᾶλλον
2822 4827 2918 4879 καὶ
2964 4826 3217 4898 ἐναργής·
3272 4827 3744 4899 ἡγεμονικώτατον
3795 4827 3902 4898 γὰρ

2326 4916 2414 4971 ἀεί
2435 4933 2551 4981 πως
2577 4915 2638 4970 τὸ
2675 4917 2842 4988 ἄρσεν
2871 4917 3008 4982 ἐστὶ,
3031 4918 3125 4972 καὶ
3149 4918 3361 4989 ὲνξτιμῇ
3392 4919 3489 4973 καὶ⁸
3519 4918 3646 4991 δόξῃ
3672 4921 3739 4990 τῇ
3767 4935 3900 4971 παν-

2327 5008 2533 5079 αρίστῳ
2562 5008 2712 5079 παρὰ
2749 5007 2868 5080 Θεῷ
2886 5050 2902 5074 ,
2928 5008 3023 5063 καὶ
3053 5009 3268 5080 μάρτυς
3294 5010 3328 5080 ἡ
3359 5008 3540 5079 φύσις,
3563 5009 3900 5080 ὁμολογοῦσα

2325 5099 2616 5172 τὸχρῆμα.
2658 5100 2825 5155 Μεῖον
2859 5099 2915 5154 δὲ
2946 5101 3041 5154 καὶ
3078 5099 3495 5172 ὑπεστρωμένον
3522 5099 3584 5152 τὸ
3619 5097 3774 5170 θῆλυ,
3807 5099 3899 5152 καὶ

2325 5191 2489 5245 οἱονεὶ
2521 5190 2750 5244 κατόπιν
2785 5190 2861 5245 ἰὸν
2896 5190 2997 5261 τῆς
3027 5189 3271 5259 ἀρσένων
3299 5189 3471 5262 ἀλκῆς
3498 5206 3558 5243 τε
3593 5189 3688 5243 καὶ
3717 5188 3896 5259 δόξης.

2328 5283 2484 5335 Ἐστι
2505 5282 2569 5354 δὴ
2586 5278 2679 5336 οῦν
2707 5284 2766 5336 ὲν
2786 5282 2977 5353 ἀρσενι
3009 5281 3196 5353 μόσχῳ
3213 5323 3230 5349 ,
3257 5280 3577 5353 καθηγητὴς
3611 5280 3711 5351 μὲν
3744 5278 3899 5350 ἡμῶν

2321 5375 2350 5427 ό
2381 5374 2634 5445 Χριστὸς,
2660 5372 3043 5446 ύπεζεύγμεθα
3070 5374 3128 5429 δὲ
3166 5374 3354 5444 ὥσπερ
3376 5373 3536 5443 ἡμεῖς
3564 5370 3660 5425 καὶ
3683 5372 3742 5423 ἐν
3769 5369 3899 5423 πολ-

2321 5465 2399 5537 λῷ
2434 5466 2605 5538 μείονι
2639 5467 2767 5539 παρ’
2800 5467 2962 5521 αὐτὸν
2994 5465 3132 5537 ἀλκῇ
3169 5482 3229 5519 τε
3252 5464 3347 5520 καὶ
3388 5464 3541 5535 δόξῃ,
3576 5462 3692 5530 καὶ,
3734 5461 3900 5530 ἀσύγ-

651 5553 788 5613 stus,
805 5561 908 5602 nos
918 5563 1053 5604 vero
1074 5550 1480 5620 quodammodo
1509 5552 1763 5625 subjecti,
1780 5564 1836 5611 et
1861 5555 2032 5613 multa
2056 5573 2221 5629 quam

2333 5575 2506 5631 τριτον
2531 5559 2592 5613 τὸ
2630 5558 2982 5632 μεσολαϐοῦν.
3010 5559 3074 5613 Ei
3102 5557 3211 5631 γὰρ
3237 5557 3331 5613 καὶ
3354 5556 3545 5643 γέγονε
3569 5554 3695 5610 καθ’
3728 5555 3894 5628 ἡμᾶς,

723 5716 770 5763 4³
797 5718 940 5785 Psal.
968 5737 1110 5789 xtiv,
1142 5722 1196 5778 8.
1271 5725 1317 5758 '°
1346 5725 1550 5787 εει-ειη.
1582 5742 1662 5795 χι,
1698 5727 1790 5790 l9,
