2071 3148
174 184 227 215 715

516 188 560 217 DE
579 186 800 216 ADORATIONE
821 188 854 215 ΙΝ
875 188 1009 216 SPlRlTU
1029 189 1074 217 ET
1094 189 1279 218 VERITATE.
1300 206 1330 211 ——
1359 192 1421 220 LIB.
1443 192 1475 220 Χ.

1760 195 1811 223 7η

174 245 299 281 ὁμοειδὴς
316 244 370 280 γὰρ
383 244 422 279 τῷ
440 244 533 279 μόσχῳ
550 244 677 279 δάμαλις,
693 244 750 271 ἀλλ’
769 245 796 271 ἐν
809 245 892 279 πολλῇ
908 245 967 270 λίαν

1021 245 1066 272 ille
1089 250 1145 272 tum
1167 247 1266 275 robore
1286 252 1343 275 tum
1360 249 1445 284 gloria
1465 249 1619 282 inferiores,
1637 250 1812 286 longissimo-

175 292 296 328 ὑπεροχῇ
307 292 340 318 τὰ
357 290 451 319 αὑτοῦ.
477 302 485 317 ι
506 292 554 324 Τίς
566 292 620 327 γὰρ
637 292 837 328 ὁμοιωθήσεται
854 292 893 327 τῷ
910 291 970 326 Θεῷ

174 339 203 364 ὲν
219 339 284 368 υἱοῖς
298 337 383 369 Θεοῦ;
402 347 410 363 ι
425 336 486 364 καθ’
501 339 575 373 ἡμᾶς
591 338 646 374 γὰρ
660 338 728 373 ὁμοῦ
749 338 795 365 καὶ
810 338 880 373 ὑπὲρ
895 338 969 372 ἡμᾶς

171 385 185 410 ὁ
209 384 327 418 Χριστὸς
337 384 366 409 ὲν
382 384 504 419 ὑπεροχῇ
522 384 658 419 θεότητος,
675 385 699 410 εί
717 384 763 411 καὶ
777 384 871 418 γέγονε
890 383 967 419 σάρξ.

170 428 222 455 Δύο
235 437 267 463 γε
280 429 334 464 μὴν
342 430 369 455 αἱ
379 429 519 464 δαμάλεις,
530 430 569 461 εἰς
581 430 675 462 τύπον,
689 427 765 464 οἶμαί
777 438 839 462 που,
854 429 908 456 τῶν
922 429 968 456 δύο

170 475 259 507 λαῶν,
283 476 545 511 συνδεδραμηκότων
567 477 607 508 εἰς
629 476 677 502 ἕνα
696 476 742 502 τὸν
774 476 820 501 ἀπ’
846 476 966 510 ἀμφοῖν,

171 522 341 558 συνείροντος
355 523 396 554 εἰς
405 522 520 558 ἑνότητα
534 522 582 558 τὴν
595 523 783 558 πνευματικὴν
791 522 834 548 διὰ
849 521 967 553 πίστεως

170 567 216 594 τοῦ
235 567 269 594 δι’
289 569 362 603 ἡμᾶς
375 577 404 594 τε
419 568 466 594 καὶ
481 569 540 603 μεθ’
558 569 646 604 ἡμῶν.
664 569 744 604 Κριοὶ
761 568 789 595 δὲ
811 568 893 595 πάλιν
920 568 967 594 καὶ

170 615 250 649 ἀμνοὶ
269 614 420 650 ίσάριθμοι,
432 615 546 650 χίμαροί
564 624 594 641 τε
606 615 653 650 οὐχ
670 616 778 650 ἥττους,
794 614 848 641 τῶν
858 623 967 641 πιστευ-

170 659 255 685 όντων
275 659 379 695 πληθὺν
396 660 626 696 ὑπεμφαίνοντες,
652 660 702 694 τὴν
732 660 770 691 ὼς
791 661 819 686 ὲν
837 660 965 696 πέμπτῳ,

171 706 253 740 φημὶ,
271 706 503 741 συνενηνεγμένην
514 706 612 741 καιρῷ,
626 705 688 732 καθ’
702 705 731 732 ὃν
743 706 759 741 ἡ
776 706 906 741 ἐπιδημία
919 706 965 733 τοῦ

171 751 307 785 λέγοντος,
324 761 332 777 ι
353 752 436 778 Ὅταν
446 752 546 786 ὑψωθῶ
561 753 593 778 ἐκ
606 752 652 786 τῆς
663 752 724 787 γῆς,
741 752 844 784 πάντας
859 752 966 779 ἑλκύσω

173 797 241 831 πρὸς
265 797 391 832 ἐμαυτόν.
418 807 426 823 ι
446 797 615 833 Σημαίνεται
634 797 661 823 δὲ
675 797 728 824 τῶν
743 798 965 824 πεπιστευκότων

171 842 215 868 διὰ
230 843 280 878 μὲν
299 843 353 870 τῶν
370 843 455 879 κριῶν
471 843 501 870 τὸ
524 843 562 875 ὡς
575 844 604 869 ἐν
622 844 751 879 φρονήσει
778 843 880 869 τέλειον
893 864 900 875 ,
919 844 964 870 καὶ

170 889 219 924 τῆς
231 890 328 924 νοητῆς
342 889 461 924 ἡλικίας,
483 889 563 924 δῆλον
579 890 607 916 δὲ
624 881 667 916 ὅτί
684 890 735 924 τῆς
758 890 786 916 ἐν
800 889 920 924 Χριστῷ,
934 890 964 915 τὸ

1021 298 1074 326 que
1084 292 1229 320 intervallo
1245 293 1393 329 disjuneti:
1413 303 1476 322 nam
1491 295 1544 323 etsi
1557 297 1644 323 nostri
1657 297 1755 325 similis
1770 298 1812 326 fa-

1021 341 1082 365 ctus
1111 343 1154 365 est
1183 339 1290 373 (eadem
1314 341 1416 376 quippe
1440 341 1531 376 specie
1555 347 1619 370 sunt
1644 343 1748 371 vitulus
1781 352 1813 373 ac

1019 383 1129 419 vitula),
1143 385 1191 412 sed
1207 389 1308 419 tamen,
1328 395 1388 422 qua:
1411 388 1444 414 ad
1470 396 1534 415 cum
1558 389 1708 423 pertinent,
1732 390 1813 426 longe

1020 434 1084 457 sunt
1099 431 1306 459 excellentiora.
1335 442 1342 458 ι
1358 433 1425 465 Quis
1441 434 1515 460 enim
1529 435 1684 469 :equabitur
1700 436 1756 464 Deo
1784 437 1812 464 in

1019 475 1083 503 liliis
1096 476 1144 504 Dei
1160 477 1200 504 '“?
1213 487 1221 502 ι
1242 477 1328 505 Simul
1347 480 1421 505 enim
1436 485 1464 507 et
1481 480 1632 507 secundum
1646 489 1705 513 nos,
1724 486 1752 509 et
1764 490 1812 509 su-

1018 530 1068 557 pra
1081 530 1131 550 nos
1157 523 1286 551 Christus
1306 530 1366 557 est;
1389 533 1422 552 ac
1450 526 1636 560 pnestantiam
1658 527 1813 556 divinitatis

1018 567 1129 600 retinet,
1141 568 1208 596 licet
1220 569 1256 596 sit
1271 577 1334 597 caro
1347 570 1444 597 factus.
1457 570 1593 598 Caeterum
1605 571 1666 599 duce
1689 577 1754 599 sunt
1769 574 1810 600 vi-

1018 613 1082 640 tulae
1108 613 1136 640 in
1170 614 1296 650 ﬁguram,
1314 620 1345 643 ut
1363 616 1471 651 opinor,
1488 616 1606 644 duorum
1631 618 1809 653 populorum,

1018 660 1065 694 qui
1096 667 1146 687 suo
1176 668 1314 688 concursu
1347 669 1433 688 unum
1466 661 1588 689 elliciunt
1616 663 1749 698 populum
1777 672 1810 691 cx

1018 711 1136 740 utroque
1158 706 1317 740 conﬂatum,
1340 716 1402 735 cum
1423 716 1472 735 eos
1497 708 1524 736 in
1543 709 1675 737 unitatem
1696 710 1811 745 spiritus

1016 759 1067 787 per
1080 752 1161 779 ﬁdem
1180 753 1224 780 illc
1246 758 1374 781 conserat
1387 755 1474 790 gatque
1501 760 1656 789 connectat,
1683 756 1730 791 qui
1747 764 1812 792 pro-

1017 801 1078 832 pter
1088 807 1138 826 nos
1146 804 1227 834 atque
1241 800 1313 827 inter
1325 809 1374 829 nos
1385 806 1427 828 est
1442 801 1539 829 factus.
1556 802 1665 830 Arietes
1675 808 1808 838 praetcrea

1017 848 1046 870 et
1061 844 1123 878 agni
1141 846 1265 878 totidem,
1278 846 1349 873 hirci
1363 855 1472 882 quoque
1482 848 1555 875 haud
1565 849 1720 883 pauciores,
1735 850 1808 877 mul-

1017 889 1166 918 titudinem
1179 892 1352 920 credentium
1373 893 1509 926 indicant,
1534 902 1594 929 quae
1610 895 1707 929 quinto
1729 896 1808 930 quasi

169 935 272 970 ἀρτίως
289 935 361 970 ἕχον,
374 936 418 962 διὰ
429 936 456 963 δὲ
473 936 528 963 τῶν
543 936 637 971 ἀμνῶν
650 936 680 962 τὸ
695 935 732 967 ὼς
746 936 773 961 ὲν
790 935 922 970 ἁπλότητί
935 944 964 961 τε

1018 939 1141 971 tempore
1169 938 1314 973 contingit,
1333 947 1388 973 quo
1407 943 1532 974 tempore
1542 926 1600 967 —illc
1618 926 1746 974 advenit:
1760 942 1809 976 qui

170 982 218 1009 καὶ
238 982 351 1018 ἁκακίᾳ-
364 992 372 1008 ι
388 983 434 1018 Μὴ
450 992 459 1008 ι
473 982 527 1018 γὰρ
542 982 583 1018 δὴ,
600 983 694 1018 φησὶν,
708 982 857 1016 (ζάδελφοὶ,
869 981 962 1009 παιδία

169 1028 277 1061 γίνεσθε
290 1029 349 1060 ταῖς
370 1029 477 1064 φρεσὶν,
493 1028 562 1055 ἀλλὰ
579 1029 612 1064 τῆ
624 1028 707 1063 κακίᾳ
725 1027 885 1063 νηπιάζετε,
903 1029 964 1059 ταῖς

168 1074 196 1100 δὲ
216 1075 297 1109 φρεσὶ
320 1074 418 1101 τέλειοι
438 1074 558 1109 γίνεσθε·
579 1084 589 1100 ι
608 1074 652 1101 διὰ
674 1074 702 1100 δὲ
723 1073 776 1100 τῶν
792 1074 862 1109 ὑπὲρ
878 1074 966 1109 ἁμαρ-

167 1121 229 1152 τίας
248 1121 384 1157 χιμάρων,
396 1121 425 1147 τὸ
443 1122 486 1148 ἀεὶ
500 1121 604 1148 δεῖσθαι
619 1121 792 1157 καθαρισμοῦ
815 1121 862 1147 καὶ
876 1120 966 1155 πλημ-

169 1166 334 1201 μελημάτων
351 1166 485 1200 ἀφέσεως.
500 1167 644 1202 Τοιγάρτοι
664 1166 901 1201 καὶδεδιδάγμεθα
920 1166 963 1192 λέ-

167 1220 228 1245 γειν
252 1213 281 1237 ὲν
307 1214 485 1247 προσευχαῖς·
505 1223 514 1238 ι
538 1213 623 1247 Ἄφες
634 1213 700 1248 ἡμῖν
718 1212 752 1239 τὰ
770 1211 962 1247 παραπτώμα-

166 1265 211 1283 τα.
233 1266 241 1282 ι
257 1257 293 1283 Οὐ
312 1257 366 1292 γάρ
388 1257 445 1283 ἐστι
468 1257 581 1292 καιρὸς,
599 1257 642 1283 ὅτε
664 1256 701 1292 μὴ
724 1256 788 1292 βοᾷν
813 1257 961 1291 ἀναγκαῖον

166 1303 223 1333 τοῖς
238 1302 276 1333 ὡς
293 1302 400 1337 ἀληθῶς
417 1302 573 1337 ἀρτίφροσι,
588 1303 635 1329 καὶ
648 1303 698 1337 τῆς
712 1301 886 1337 ἀνθρωπείας
903 1301 938 1336 φύ
948 1318 961 1322 -

169 1356 238 1380 σεως
250 1348 332 1375 εἰδόσι
343 1349 372 1375 τὸ
394 1349 501 1381 ἄναλκι,
514 1349 571 1382 καὶ,
591 1357 600 1374 ί
616 1348 832 1384 Παραπτώματα
847 1347 889 1380 τίς
901 1356 966 1375 συν-

169 1394 246 1428 ήσεις
262 1404 270 1420 ι
284 1394 342 1427 καὶ,
366 1405 374 1420 ι
398 1395 444 1421 Ἐκ
454 1395 508 1421 τῶν
521 1394 645 1430 κρυφίων
663 1403 712 1430 μου
725 1394 874 1430 καθάρισον
890 1404 935 1432 με,
953 1405 963 1421 ι

169 1439 253 1465 Τοῦτο
277 1439 358 1466 θυσία
386 1440 578 1475 πνευματικὴ,
603 1440 740 1475 σωτηρίας
767 1449 796 1467 τε
826 1441 891 1478 πέρι
911 1442 966 1469 τῶν

168 1486 309 1522 ἡμετέρων
326 1486 419 1521 ψυχῶν
436 1485 619 1517 εὐωδιάζουσα
634 1485 673 1521 τῷ
685 1486 756 1520 Θεῷ.

1015 981 1104 1008 dixit:
1130 992 1139 1007 ‹
1154 982 1223 1010 Cum
1248 984 1385 1012 exaltatus
1398 985 1477 1012 fuero
1493 993 1508 1012 a
1531 989 1614 1022 terra,
1631 994 1728 1014 omnes
1751 991 1808 1014 tra-

1013 1028 1076 1055 ham
1096 1028 1129 1055 ad
1148 1036 1191 1055 mc
1210 1028 1299 1064 ipsum
1311 1030 1343 1056 ⁵¹.
1358 1040 1366 1055 ι
1395 1030 1447 1057 Per
1461 1031 1561 1058 arietes
1580 1036 1672 1058 autem
1702 1032 1807 1068 signiﬁ-

1014 1078 1092 1101 catur
1110 1074 1282 1102 credentium
1299 1076 1454 1111 prudentia:
1472 1076 1615 1111 perfectio,
1627 1082 1655 1105 et
1675 1078 1807 1113 spiritua-

1014 1120 1049 1147 lis
1063 1120 1163 1152 aetatis,
1174 1120 1249 1147 illius
1266 1121 1398 1148 nimirum
1418 1130 1471 1157 qua
1485 1123 1513 1149 in
1523 1123 1633 1150 Christo
1645 1124 1806 1157 crescimus,

1016 1167 1170 1200 absolutio,
1194 1175 1244 1202 per
1258 1175 1343 1203 agnos
1368 1176 1434 1195 vero
1455 1169 1616 1203 simplicitas
1632 1176 1660 1197 et
1674 1170 1808 1198 innocen-

1016 1212 1076 1238 tia:
1096 1211 1205 1239 «Nolite
1219 1221 1228 1238 ι
1249 1212 1334 1245 enim,
1357 1213 1456 1248 inquit,
1479 1223 1487 1239 ι
1501 1214 1611 1247 fratres,
1631 1215 1707 1250 pueri
1737 1215 1807 1243 eiiici

1015 1256 1152 1289 sensibus,
1167 1257 1215 1284 sed
1231 1257 1334 1284 malitia
1354 1258 1461 1293 parvuli
1484 1263 1582 1292 estote,
1603 1260 1731 1288 sensibus
1757 1269 1807 1288 au-

1015 1307 1069 1329 tem
1097 1302 1211 1337 perfecti
1237 1307 1326 1331 estote
1340 1304 1384 1330 ⁵³›
1406 1314 1412 1331 :
1429 1313 1479 1339 per
1495 1305 1588 1333 hircos
1617 1306 1737 1342 denique
1757 1315 1807 1342 pro

1013 1354 1138 1385 peccato,
1155 1358 1264 1385 semper
1277 1358 1328 1377 nos
1343 1351 1500 1385 expiatione
1513 1360 1545 1379 ac
1558 1352 1721 1380 remissione
1741 1361 1806 1388 pec-

1015 1400 1138 1423 catorum
1157 1404 1225 1431 opus
1243 1397 1355 1424 habere.
1380 1397 1473 1432 Itaque
1484 1398 1574 1425 edocti
1587 1406 1682 1426 sumus
1695 1399 1722 1426 in
1742 1407 1806 1426 ora—

1015 1442 1138 1469 tionibus
1149 1442 1258 1469 dicere:
1278 1443 1410 1470 iDimitte
1421 1443 1501 1470 nobis
1512 1444 1604 1471 debita
1620 1444 1651 1471 5‘.
1670 1454 1678 1469 ›
1694 1444 1805 1471 Nullum

1015 1489 1089 1516 enim
1110 1493 1217 1523 tempus
1232 1493 1282 1519 est,
1307 1497 1362 1523 quo
1382 1498 1436 1516 non
1462 1490 1497 1516 iis
1514 1494 1599 1523 certe,
1620 1490 1668 1525 qui
1685 1490 1806 1526 perfecta

167 1538 232 1560 sunt
265 1533 412 1568 prudentia
444 1532 625 1567 humanaeque
659 1532 856 1560 imbecillitatis
885 1533 957 1560 haud
986 1532 1083 1567 ignari,
1108 1534 1227 1561 clamare
1248 1542 1359 1562 necesse
1388 1536 1440 1562 sit:
1459 1546 1467 1561 ι
1487 1536 1591 1563 Delicta
1616 1536 1678 1571 quis
1702 1537 1806 1564 intelli-

166 1580 224 1615 git?
238 1589 246 1604 ι
267 1583 305 1612 et,
330 1589 338 1605 ι
354 1579 395 1606 Ab
414 1579 530 1606 occultis
545 1579 613 1606 meis
633 1579 734 1606 munda
752 1587 795 1607 me
811 1580 844 1606 ".
864 1589 873 1605 ›
891 1580 953 1607 llaec
973 1584 1014 1608 est
1031 1580 1183 1616 spiritualis
1208 1581 1307 1615 hostia,
1338 1587 1365 1609 ct
1384 1590 1444 1618 qua:
1464 1591 1514 1618 pro
1544 1584 1632 1612 salute
1647 1589 1805 1612 nostrarum

166 1628 320 1655 animarum
337 1626 393 1653 Deo
406 1625 435 1652 in
454 1626 567 1652 odorem
579 1625 724 1652 suavitatis
737 1625 862 1653 oﬁ'crtur.

202 1678 305 1705 nam.
324 1676 446 1711 Ἀληθές.

203 1724 286 1750 KTP.
304 1722 421 1758 Χριστὸν
438 1719 483 1748 οὖν
499 1721 577 1756 ἔφην,
603 1721 639 1753 ὼς
656 1721 683 1747 ἓν
702 1730 733 1755 γε
751 1721 789 1756 τῷ
809 1721 901 1756 μόσχῳ
915 1721 961 1747 καὶ

166 1771 225 1800 τοῖς
241 1770 336 1803 κριοῖς,
353 1768 449 1803 ἁμν-.ἶς
464 1776 492 1794 τε
509 1768 556 1794 καὶ
576 1768 699 1802 τράγοις,
723 1768 770 1794 καὶ
788 1769 844 1799 τοῖς
858 1768 961 1803 ἑτέροις

167 1814 437 1850 κατασημαίνεσθαι,
462 1813 509 1840 καὶ
537 1813 710 1848 ἀφαμαρτεῖν
739 1813 786 1839 τοῦ
810 1813 961 1848 πρέποντος

164 1861 287 1897 οἰηθείην
301 1860 332 1887 ἂν
345 1860 402 1886 οὔτι
420 1869 469 1886 που
491 1859 536 1885 τὸν
559 1859 604 1885 ἐπὶ
624 1858 689 1893 τῷδε
719 1859 807 1893 λόγον.
830 1860 861 1885 Εἰ
885 1859 912 1885 δὲ
928 1859 959 1894 δή

164 1916 208 1939 τις
232 1907 319 1934 glutto
345 1907 392 1933 καὶ
412 1907 454 1940 ἐφ’
482 1906 555 1941 ἡμᾶς
579 1905 678 1936 αὐτοὺς
707 1906 755 1940 τὴν
782 1906 834 1932 τῶν
851 1905 960 1932 ἐννοιῶν

166 1953 481 1989 μετακομίσαιδύναμιν,
496 1952 526 1978 τὺ
541 1951 643 1977 λυποῦν
656 1951 741 1983 οὐδὲν,
759 1951 885 1986 τοιαύτην
900 1952 960 1979 τινὰ

164 2000 282 2035 θεωρίαν
298 2000 354 2030 τοῖς
367 1998 556 2034 προκειμένοις
574 1998 742 2031 ἐπενεγκεῖν.

201 2046 306 2073 ΠΛΛΛ.
329 2045 438 2071 ὐποίαν
451 2045 482 2079 δὴ
501 2043 553 2079 φῄς
567 2052 573 2076 ;

200 2093 282 2121 ΚΥΡ.
301 2091 533 2127 Προσεκομίζτιντο
549 2091 619 2117 κατὰ
638 2091 683 2117 τὸν
696 2091 776 2126 νόμον
797 2091 872 2127 παρὰ
894 2099 960 2117 παν-

162 2140 209 2171 eo;
223 2139 332 2175 Ἰσραὴλ
350 2139 384 2164 τὰ
405 2138 465 2173 ἱερὰ
488 2138 606 2173 θύματα.
624 2139 787 2174 Προσεχεῐτο
804 2138 831 2165 δὲ
847 2138 883 2173 τῷ
895 2137 959 2173 θείῳ

163 2185 351 2221 θυσιαστηρίῳ
365 2184 419 2210 τῶν
432 2183 609 2218 σφαζομένων
620 2185 650 2209 τὸ
665 2181 744 2218 αἷμα,
757 2179 897 2218 μονονουχὶ¹
911 2192 959 2209 κα-

161 2232 349 2267 ταγράφοντος
364 2230 401 2262 ὡς
421 2231 449 2255 ὲν
466 2230 529 2263 σκιᾷ
545 2229 591 2255 τοῦ
608 2229 760 2264 δρωμένου,
776 2228 823 2255 καὶ
838 2228 960 2262 πλαγίως

161 2279 229 2313 ἡμῖν
250 2277 477 2312 ὑπεμφαίνοντος,
499 2276 540 2301 ὅτι
554 2274 613 2309 Θεῷ
629 2274 668 2309 τῷ
693 2274 764 2308 ἁγίῳ
784 2274 833 2305 τὰς
855 2274 958 2300 ἑαυτῶν

161 2323 241 2358 ἡμῶν
258 2321 401 2357 καθιεροῦν
417 2321 549 2356 προσήκει
560 2320 659 2354 ψυχάς.

198 2368 303 2394 ΠΑΛΛ.
328 2364 365 2393 Εὖ
380 2367 455 2400 ἔφης.

199 2413 280 2440 ΚΥΡ.
300 2411 402 2439 Οὐκοῦν
417 2412 474 2438 ἀνθ’
490 2411 567 2446 ἡμῶν
582 2410 628 2437 καὶ
642 2409 710 2445 ὑπὲρ
721 2409 797 2444 ἡμῶν
815 2408 851 2434 τὰ
864 2407 950 2442 θύμα-

159 2469 206 2492 τα,
217 2459 262 2485 καὶ
274 2459 353 2493 ἡμεῖς
369 2458 451 2492 ἔσμεν
465 2458 492 2483 ἐν
512 2457 603 2488 αὐτοῖς
620 2457 644 2482 οἱ
661 2455 732 2482 κατὰ
747 2454 831 2481 τύπον
848 2456 953 2488 ἱερουρ-

131 2500 135 2504 ’
157 2505 209 2540 γού
214 2514 298 2540 μενοι.

197 2552 302 2578 ΙΙΑΛΛ.
330 2550 450 2584 Ἀληθές.

198 2598 279 2624 ΚΥΡ.
298 2597 366 2631 Φέρε
381 2596 413 2631 δὴ
429 2593 474 2622 οὖν
501 2593 790 2629 πολυπραγμονοῦντες
814 2592 902 2628 ὀρθῶς
920 2591 952 2618 τὰ

157 2644 197 2675 ὼς
206 2643 281 2678 παρὰ
290 2643 397 2669 πάντων
414 2640 675 2675 προσκεκομισμένα
690 2639 734 2665 διὰ
748 2639 798 2673 τῆς
809 2638 862 2664 τῶν
872 2639 952 2673 ἡγου-

160 2691 249 2726 μένων
268 2689 369 2724 χειρὺς,
384 2687 433 2721 τῆς
458 2688 485 2713 ὲν
511 2685 646 2719 πνεύματι
668 2684 784 2719 θεωρίας
807 2684 836 2711 τὸ
852 2684 950 2716 κάλλος

158 2736 400 2771 περιαθρήσωμεν.
420 2731 474 2758 Ἦν
500 2729 546 2758 οὖν
580 2730 635 2765 ἄρα
658 2730 692 2757 τὰ
711 2730 952 2766 προσενηνεγμένα

157 2783 188 2808 ὲν
200 2782 329 2816 ἀργυροῖς
343 2778 464 2809 σκεύεσι,
476 2776 606 2811 τρυϐλίῳ,
624 2777 706 2810 φημὶ,
728 2776 775 2802 καὶ
793 2776 885 2811 φιάλῃ,
906 2785 951 2802 σε·

159 2827 266 2860 μίδιλις
282 2824 469 2859 ὲλαιοϐρεχής.
490 2822 628 2857 Σύμϐολον
651 2822 678 2848 δὲ
693 2822 884 2858 λαμπρότητος
902 2823 950 2857 μὲν

215 2922 234 2937 ⁸⁸
248 2918 319 2947 Psal.
333 2923 458 2946 nurui,
473 2915 498 2940 7.
536 2916 558 2931 ⁸³
570 2915 636 2942 Joan
665 2923 711 2948 xu,
723 2914 768 2941 5‘2.

323 2965 457 2994 Parnm”
480 2963 536 2990 (in.
562 2961 678 2990 LXVIII

977 1680 998 1708 C
1050 1677 1149 1705 PALL.
1162 1677 1201 1705 Ita
1216 1682 1267 1705 est.

1044 1723 1123 1751 ΟΥΕ.
1137 1723 1278 1751 Christum
1299 1723 1384 1758 igitur
1396 1722 1454 1750 dixi
1471 1723 1499 1750 in
1517 1722 1604 1750 vitulo
1619 1727 1646 1750 ct
1656 1723 1803 1757 arietibus,

1012 1770 1089 1804 agnis
1102 1777 1211 1804 quoque
1226 1774 1254 1797 et
1274 1770 1359 1796 hircis
1375 1769 1537 1804 caeterisque
1556 1768 1745 1797 animantibus
1764 1770 1804 1797 si-

1011 1815 1134 1850 gniﬁcari
1150 1825 1155 1841 :
1177 1823 1266 1850 neque
1283 1823 1349 1842 vero
1370 1823 1460 1842 meam
1475 1815 1526 1843 hac
1548 1815 1581 1842 de
1602 1823 1632 1842 re
1651 1816 1804 1851 expositio-

1010 1869 1073 1889 nem
1087 1861 1206 1888 arbitror
1216 1862 1249 1889 ab
1261 1869 1294 1889 eo
1305 1861 1378 1896 quod
1388 1866 1495 1889 rectum
1508 1862 1543 1888 sit
1562 1861 1723 1889 abhorrere.
1738 1862 1802 1895 Sed,

1011 1908 1032 1935 si
1048 1908 1110 1943 quis
1122 1908 1188 1935 velit
1200 1908 1233 1935 ad
1246 1916 1297 1935 nos
1310 1908 1385 1943 ipsos
1400 1915 1510 1942 quoque
1525 1907 1725 1935 sententiarum
1746 1908 1801 1935 vim

1010 1954 1171 1986 transferre,
1192 1954 1261 1981 nihil
1281 1954 1411 1989 prohibet
1424 1952 1560 1988 ejusmodi
1587 1954 1745 1988 quampiam
1761 1961 1802 1981 re—

1010 1997 1148 2025 conditam
1163 1998 1373 2033 intelligentiam
1384 1998 1533 2033 propositis
1548 1998 1631 2026 rebus
1641 1998 1801 2034 adjungere.

1045 2045 1144 2072 PALL.
1161 2044 1322 2080 Cujusmodi
1338 2045 1468 2072 tandem?

1042 2090 1121 2118 CYR.
1151 2090 1357 2123 Oll'erebantur,
1385 2095 1416 2117 ut
1437 2091 1481 2117 lex
1500 2091 1693 2123 constituerat,
1718 2098 1802 2119 sacrae

1009 2136 1128 2163 victimae
1145 2136 1179 2162 ab
1193 2137 1324 2163 universo
1349 2135 1459 2162 Israelis
1477 2135 1589 2169 populo.
1604 2134 1684 2170 367
1702 2135 1755 2163 Sed
1766 2135 1800 2163 ad

1009 2182 1094 2208 altare
1121 2181 1288 2208 fundebatur
1310 2187 1444 2208 cmsorum
1464 2179 1646 2206 animantium
1669 2180 1799 2215 sanguis:

1010 2227 1037 2254 in
1053 2235 1109 2261 quo
1120 2234 1164 2254 res
1177 2227 1234 2262 ipsa
1244 2231 1319 2262 gesta
1331 2226 1411 2253 nobis
1423 2230 1553 2260 tanquam
1566 2226 1594 2252 in
1605 2226 1702 2254 umbra
1715 2234 1800 2262 prope

1008 2272 1156 2307 descripsit
1171 2276 1199 2300 et
1214 2272 1326 2307 oblique
1341 2271 1515 2307 signiﬁcavit,
1532 2271 1598 2303 Deo,
1616 2272 1663 2306 qui
1689 2276 1800 2301 sanctus

1007 2323 1060 2350 est,
1079 2322 1187 2345 nostras
1202 2318 1307 2345 animas
1322 2325 1373 2345 nos
1387 2324 1550 2344 consecrare
1565 2317 1677 2345 debere.

969 2355 991 2382 Ῑ)
1041 2364 1138 2392 PALL.
1157 2365 1239 2391 Recte
1253 2364 1302 2391 ais.

1041 2411 1119 2437 CYR.
1147 2410 1247 2437 Nostro
1266 2410 1350 2445 igitur
1374 2410 1434 2437 loco
1450 2417 1482 2437 ac
1503 2417 1553 2444 pro
1576 2409 1657 2437 nobis
1681 2409 1798 2437 victinuc

1006 2456 1170 2489 offeruntur,
1189 2464 1293 2491 nosque
1307 2456 1334 2482 in
1355 2456 1408 2482 illis
1426 2456 1514 2491 typice
1527 2456 1723 2483 sacriﬁcamur.

1040 2548 1138 2575 PALL.
1154 2548 1192 2574 lla
1210 2552 1261 2574 est.

1038 2593 1116 2620 CYR.
1132 2592 1187 2627 Age
1200 2599 1275 2627 ergo,
1289 2591 1434 2626 diligenter
1452 2591 1640 2618 examinemus
1662 2599 1722 2626 qua:
1735 2596 1795 2619 tan—

1001 2647 1083 2674 quam
1103 2639 1137 2667 ab
1157 2638 1232 2666 omni
1254 2637 1431 2665 multitudine
1451 2645 1500 2672 per
1520 2645 1616 2664 manus
1638 2637 1794 2673 principum

1001 2685 1091 2712 oblata
1108 2689 1181 2716 sunt,
1196 2692 1227 2711 ac
1243 2683 1396 2719 spiritualis
1413 2683 1653 2717 contemplationis
1668 2683 1793 2718 pulchri-

1001 2731 1124 2758 tudinem
1145 2730 1409 2764 circumspiciamus.
1439 2728 1583 2763 Argenteis
1609 2728 1692 2764 igitur
1709 2730 1793 2762 vasis,

1001 2776 1102 2808 catino,
1128 2776 1250 2810 inquam,
1270 2783 1302 2802 ac
1317 2774 1419 2810 phiala,
1444 2774 1533 2801 simila
1553 2774 1642 2802 oblata
1667 2780 1709 2803 est
1730 2776 1793 2803 oleo

1000 2823 1151 2850 madefacta
1166 2831 1172 2848 :
1186 2826 1226 2849 est
1243 2825 1333 2848 autem
1345 2824 1486 2855 argentum
1502 2821 1656 2855 splendoris
1672 2826 1746 2854 nota,
1763 2827 1793 2848 ut

809 2915 830 2932 ⁸³
847 2914 931 2942 lCor.
946 2923 999 2949 xw,
1014 2915 1058 2942 9.0.
1099 2916 1119 2932 l”
1135 2915 1227 2942 Matth.
1246 2923 1283 2948 vr,
1302 2915 1343 2942 l2.
1383 2915 1404 2931 ⁵⁵
1421 2914 1480 2943 Psal
1512 2922 1585 2945 xvtu,
1606 2914 1648 2940 ιδ.

1593 2959 1629 2988 23
