2071 3148
302 197 354 225 7ίὸ

814 198 841 225 S.
863 196 1000 226 CYRILLI
1020 198 1254 226 ALEXANDRINI
1273 198 1431 227 ARCHIEP.

1880 199 1924 228 'll6

301 255 390 282 simila
400 255 478 287 vitat,
496 254 597 289 quippe
617 261 680 281 cum
697 262 732 281 ex
756 254 801 281 illa
814 255 893 290 panis
906 256 1029 288 exsistat,
1043 256 1091 291 qui

1150 256 1157 282 5
1180 256 1310 291 ἄργυρος,
1327 255 1399 291 ζωῆς
1421 256 1450 283 δὲ
1465 259 1482 291 ὴ
1513 254 1661 291 σεμίδαλις,
1675 255 1712 287 ὡς
1729 255 1809 291 ἄρτου
1827 256 1925 290 γένεσις

301 301 383 328 vitam
400 304 561 332 conservat;
575 299 666 326 oleum
683 299 802 334 denique
820 300 929 335 signum
945 305 987 328 est
999 301 1095 328 hilari-

300 347 374 374 tatis.
392 345 530 374 Offeratur
541 346 632 380 itaque
646 353 662 372 a
675 345 755 372 nobis
770 345 836 380 ipsis
848 353 957 381 quoque
967 346 1033 379 Deo,
1046 347 1094 382 qui

299 397 343 420 cst
364 400 446 429 super
467 391 569 424 omnia,
592 392 620 419 in
645 391 790 427 splendore
814 392 877 420 vitae
897 392 1022 420 hilaritas
1046 400 1095 427 per

301 446 376 474 spem
389 446 449 474 quae
464 438 491 465 in
501 437 612 465 Christo
622 442 663 465 est
677 447 682 464 :
701 447 710 463 ι
722 437 778 472 ‘Spc
789 437 861 465 enim
875 438 1025 473 gaudentes
1034 439 1067 471 ",
1081 448 1091 465 ι

302 485 401 519 inquit.
417 484 469 518 Qui
485 485 558 512 enim
573 484 632 511 fieri
651 488 751 519 potest,
766 488 796 511 ut
811 492 866 512 non
880 492 986 511 summa
1001 484 1095 512 laetitia

300 531 376 566 pleni
406 531 475 563 sint,
503 530 550 565 qui
576 537 663 566 genus
685 531 748 558 vita:
773 535 854 565 atque
879 531 1096 559 conversationis

296 576 479 611 splendidum
491 575 637 611 diligenter
650 575 831 607 excoluerint,
848 579 875 602 et
888 575 1038 603 Salvatoris
1047 583 1096 603 no-

301 622 353 650 stri
379 621 506 649 mandata
531 621 728 649 custodierint?
756 621 857 656 quibus
879 621 992 648 omnino
1023 621 1095 656 apud

300 669 389 696 Deum
408 668 526 703 reposita
546 672 589 695 est
604 667 665 703 ejus
681 667 767 702 ipsius
792 666 885 702 gloriae
910 666 1095 702 participatio.

306 724 315 740 ‹
332 713 431 741 Mortui
446 713 519 741 enim
535 713 611 745 estis,
628 722 637 738 ι
658 712 758 747 inquit,
781 722 790 737 ‹
808 717 836 739 et
856 712 911 739 vita
922 717 1014 739 vestra
1032 711 1095 739 abs-

302 760 411 788 condita
427 763 469 787 est
487 766 550 787 cum
567 758 678 787 Christo
691 758 718 785 in
730 758 796 786 Deo.
816 758 886 786 Cum
907 758 1034 786 Christus
1046 766 1096 793 ap-

301 806 435 841 paruerit,
455 805 512 833 vita
528 808 633 837 nostra,
651 809 716 832 tunc
735 809 764 831 et
782 812 832 831 vos
846 803 1015 839 apparebitis
1033 811 1096 831 cum

302 853 362 887 ipso
375 851 404 878 in
417 851 503 886 gloria
515 851 547 877 ³⁷.
569 860 578 876 ι
598 849 684 885 Igitur
697 849 787 877 simila
800 849 862 877 oleo
874 856 1019 884 conspersa
1043 852 1094 876 est.

303 899 375 925 Inest
386 896 460 927 enim
475 896 503 925 in
519 899 676 923 sanctorum
692 895 817 922 virorum
829 895 883 922 vita
900 894 945 922 illa
957 898 987 921 ut
1001 895 1029 921 in
1049 901 1097 928 spe

1144 301 1191 328 τοῦ
1212 301 1369 337 συνέχοντος
1394 302 1434 334 εἰς
1454 301 1537 337 ζωὴν,
1550 302 1705 337 ἱλαρότητος
1731 300 1758 327 δὲ
1783 300 1813 327 τὸ
1833 300 1923 329 ἔλαιον.

1145 347 1329 383 Προσαγέσθω
1343 347 1374 383 δὴ
1399 345 1445 374 οὖν
1470 348 1517 374 καὶ
1540 347 1608 383 πρός
1627 355 1659 381 γε
1680 346 1760 382 ἡμῶν
1779 346 1868 373 αὐτῶν
1893 347 1926 382 τῷ

1145 395 1191 420 ἐπὶ
1216 394 1324 421 πάντων
1338 393 1397 430 Θεῷ
1410 393 1442 420 τὸ
1458 394 1495 426 ὡς
1510 394 1538 420 ὲν
1557 393 1729 429 λαμπρότητι
1742 391 1815 427 ζωῆς
1833 392 1926 428 ἱλαρὸν,

1146 438 1237 465 ἐλπίδι
1251 439 1284 474 τῇ
1298 439 1327 465 ὲν
1342 439 1463 474 Χριστῷ.
1483 448 1492 464 ι
1509 439 1548 474 Τῇ
1565 439 1620 474 γὰρ
1637 438 1724 465 ἑλπίδι
1748 438 1896 473 χαίροντες,
1916 449 1923 464 ι

1146 483 1223 518 φησί.
1247 483 1310 516 Πῶς
1329 484 1351 510 δ’
1368 484 1401 510 ἂν
1421 482 1476 512 εἶεν
1507 484 1567 520 οὐχὶ
1586 484 1634 519 τῆς
1654 484 1785 511 ἀνωτάτω
1803 482 1928 518 θυμηδίας

1146 528 1268 564 ἔμπλεῳ,
1277 529 1308 555 τὺ
1316 530 1345 555 ὲν
1358 529 1414 564 ζωῇ
1423 538 1451 556 τε
1464 530 1510 556 καὶ
1520 530 1643 565 πολιτείᾳ
1658 529 1809 565 περιφανὲς
1821 528 1929 564 ἐξησκη-

1145 575 1224 606 κότες
1239 573 1268 602 εὖ
1287 575 1360 610 μάλα
1381 575 1435 603 τῶν
1450 575 1497 603 τοῦ
1519 576 1645 611 Σωτῆρος
1666 575 1747 610 ἡμῶν
1761 574 1928 609 ὲνταλμὰτων

1145 622 1169 648 οἱ
1184 621 1314 656 φύλακες;
1338 619 1380 654 οἷς
1404 622 1493 658 πάντη
1509 631 1538 649 τε
1556 623 1602 649 καὶ
1619 621 1729 653 πάντως
1741 621 1772 648 τὸ
1787 621 1817 647 ὲν
1832 621 1930 657 μεθέξει

1145 667 1275 702 γενέσθαι
1295 668 1344 703 τῆς
1363 668 1442 704 δόξης
1457 668 1541 695 αὑτοῦ
1553 667 1764 703 τεθησαύρισται
1782 666 1857 702 παρά
1868 666 1929 702 Θεῷ.

1148 713 1332 741 ιἈπεθάνετε
1354 715 1419 750 γὰρ,
1443 714 1521 750 φησὶ,
1549 715 1596 741 καὶ
1621 715 1638 750 ἡ
1658 714 1715 750 ζωὴ
1741 712 1821 748 ὑμῶν
1842 712 1931 748 κέκρυ-

1146 770 1212 788 πται
1227 762 1274 789 σὺν
1298 761 1337 797 τῷ
1356 761 1469 797 Χριστῷ
1482 762 1510 788 ὲν
1530 761 1570 796 τῷ
1584 760 1654 796 Θεῷ.
1680 761 1765 787 Ὅταν
1790 760 1805 786 ό
1824 759 1931 796 Χριστὸς

1147 807 1302 842 φανερωθῇ,
1322 807 1339 842 ὴ
1355 806 1411 842 ζωὴ
1433 806 1522 843 ἡμῶν,
1542 807 1603 834 τότε
1625 807 1672 833 καὶ
1697 807 1777 842 ὑμεῖς
1801 806 1848 833 σὺν
1866 804 1931 840 αὑτῷ

1147 853 1373 888 φανερωθήσεσθε
1387 853 1416 880 ὲν
1429 852 1502 889 δόξῃ.
1521 862 1530 879 ι
1548 852 1678 888 Οὐκοῦνή
1695 851 1837 887 σεμίδαλις
1858 851 1933 877 ἐλαιό-

1147 898 1250 930 δευτος.
1273 899 1382 926 Ἔνεστι
1403 898 1458 934 γὰρ
1481 900 1514 935 τῇ
1529 898 1583 925 τῶν
1606 898 1690 933 ἁγίων
1713 897 1768 933 ζωῇ
1799 898 1844 924 καὶ
1861 898 1888 923 τὸ
1900 896 1932 928 ὡς

302 943 397 979 gloriae
410 942 546 974 hilaritas,
561 949 624 969 cum
641 941 787 976 splendore
797 940 927 967 nimirum
943 939 1096 967 sanctitatis

1150 944 1175 969 ὲν
1186 943 1273 970 ἐλπίδι
1281 942 1359 979 δόξης
1371 943 1471 980 ίλαρδν,
1483 943 1555 979 μετά
1564 943 1755 979 λαμπρότητος
1762 941 1884 978 δηλονότι
1891 941 1934 976 τῆς

302 994 330 1016 et
342 988 466 1025 iustitiae.
478 987 601 1015 Aureum
617 994 699 1022 porro
714 986 906 1014 mortariolum
921 985 1025 1013 incensi
1039 986 1097 1020 ple-

303 1042 369 1063 num
385 1038 543 1062 sanctorum
563 1032 798 1069 pulchritudinem
817 1031 963 1068 significat,
977 1034 1005 1059 et
1021 1031 1095 1058 illam

302 1085 433 1115 tanquam
455 1080 484 1107 in
504 1079 590 1107 sacris
604 1079 678 1106 vasis
694 1078 909 1106 suaveolentiam
932 1077 1095 1110 sanctitatis,

304 1134 364 1161 quae
381 1126 481 1153 deinde
494 1125 610 1153 oﬂ'ertur
623 1125 679 1152 Deo
694 1125 770 1152 velut
786 1124 889 1152 donum
903 1123 1041 1159 quoddam
1055 1131 1099 1150 sa-

303 1181 338 1200 ne
349 1172 608 1208 fragrantissimum.
620 1172 661 1199 An
674 1179 751 1204 vero,
767 1171 882 1203 Palladi,
900 1174 1010 1198 sanctos
1023 1169 1098 1197 viros

302 1226 367 1246 vasa
385 1225 446 1246 esse
460 1217 603 1253 splendida
617 1221 646 1245 et
658 1217 745 1248 electa
756 1224 810 1244 non
824 1216 1002 1252 putabimus?

341 1264 440 1293 PALL.
456 1264 513 1299 Ego
526 1271 591 1291 vero
609 1263 726 1291 maxime
741 1268 819 1299 puto.

336 1309 415 1339 CYR.
427 1310 537 1339 Vitulus
547 1310 630 1345 igitur
642 1318 657 1336 a
668 1309 784 1345 singulis
795 1317 867 1336 unus
878 1308 994 1337 offertur
1003 1329 1009 1340 ,
1022 1312 1098 1334 sunt-

303 1363 358 1391 que
381 1355 463 1383 simul
491 1355 615 1382 universi
639 1355 794 1386 duodecim,
824 1354 871 1381 sed
892 1353 1098 1380 tabernaculum

304 1407 397 1430 tamen
409 1402 513 1430 vehunt
538 1402 605 1433 Μιιί,
624 1400 658 1428 ad
680 1400 838 1428 vehiculum
859 1408 889 1427 ac
901 1400 996 1435 jugum
1013 1406 1099 1426 unum

303 1446 402 1481 juncti,
426 1445 640 1480 Levitarumque
669 1448 733 1472 sunt
758 1444 920 1472 ministeriis
948 1443 1097 1471 attributi:

304 1499 366 1528 quae
388 1499 432 1519 res
450 1491 537 1527 figura
559 1495 601 1518 cst
622 1490 704 1526 368
724 1490 841 1518 duorum
863 1490 1037 1525 populorum,
1052 1490 1100 1525 qui

304 1546 361 1566 non
372 1538 462 1566 adhuc
475 1537 632 1572 dogmatum
644 1542 672 1564 et
683 1537 745 1564 vitae
757 1536 983 1563 dissimilitudine
996 1535 1101 1572 disiun-

305 1585 353 1618 cti,
371 1585 420 1613 sed
436 1584 488 1612 sub
498 1592 584 1612 unum
601 1583 751 1611 Salvatoris
764 1583 851 1611 nostri
864 1583 960 1619 jugum
982 1582 1101 1609 toleran-

306 1636 348 1658 ter
360 1638 393 1658 ac
410 1630 520 1657 fortiter
540 1629 682 1665 conjuncti
699 1632 764 1656 sunt
783 1632 865 1663 atque
885 1633 1075 1657 convenerunt
1092 1637 1115 1661 :_

309 1686 318 1702 ι
336 1676 460 1703 Viriliter
476 1674 550 1702 enim
564 1682 625 1710 age,
646 1683 655 1700 ι
671 1674 772 1709 inquit,
792 1684 800 1699 ι
819 1678 848 1701 et
864 1674 1035 1702 confortetur
1052 1681 1100 1701 cor

306 1729 395 1755 tuum,
409 1725 438 1749 et
454 1720 559 1748 sustine
571 1719 718 1752 Dominum
731 1719 764 1747 ⁵⁸.
782 1729 791 1746 ι
809 1720 858 1747 Est
879 1724 971 1748 autem
993 1720 1043 1748 bos
1059 1720 1100 1747 la-

307 1766 383 1794 boris
397 1764 642 1793 tolerantissimum
655 1765 755 1792 animal
771 1769 853 1800 atque
866 1765 1099 1799 robustissimum,

304 1811 402 1846 quales
420 1810 533 1838 omnino
554 1814 629 1843 sunt,
658 1810 706 1845 qui
728 1810 859 1845 pietatem
881 1810 909 1837 in
931 1811 1018 1839 Deum
1041 1819 1100 1838 am-

305 1857 475 1893 plectuntur,
506 1855 554 1890 qui
584 1854 725 1883 Christum
754 1855 834 1890 quasi
854 1855 950 1891 jugum
973 1856 1027 1883 sibi
1047 1857 1100 1883 im—

308 1902 427 1937 positum
443 1902 591 1934 sustinent,
608 1901 636 1928 in
647 1901 695 1928 illo
710 1908 789 1928 sacro
809 1901 986 1929 tabernaculo
1002 1901 1102 1937 ﬁgura-

310 1955 378 1976 tum.
395 1948 503 1982 Corpus
518 1955 602 1982 porro
627 1947 702 1974 illius
725 1947 875 1974 Ecclesiam
907 1948 964 1983 ipse
992 1956 1101 1983 quoque

310 1994 412 2021 Paulus
427 1993 539 2020 divinus
552 1992 595 2019 vir
605 1992 725 2027 appellat
736 1991 782 2018 ⁸⁵⁸.
796 1993 905 2020 Dictum
917 1997 959 2020 est
971 1994 1053 2020 etiam
1067 1994 1101 2021 ad

309 2039 444 2068 Ananiam
463 2038 498 2066 de
513 2038 610 2066 eodem
623 2038 728 2065 Paulo:
744 2047 753 2063 ‹
768 2038 854 2070 Vade,
872 2048 880 2064 ι
899 2039 996 2073 inquit,
1012 2049 1020 2064 ι
1038 2040 1102 2074 quia

309 2093 357 2113 vas
371 2083 515 2113 electionis
531 2088 574 2111 est
589 2083 635 2111 hic
649 2083 727 2116 mihi,
744 2088 775 2111 ut
788 2088 879 2119 portet
894 2092 994 2112 nomen
1010 2093 1101 2112 meum

309 2137 403 2158 coram
417 2129 547 2165 gentibus
559 2129 593 2156 ⁸⁸.
613 2138 622 2155 ι
641 2128 722 2156 Aries
732 2134 865 2164 praeterea
887 2133 915 2157 et
933 2136 1020 2164 agnus
1034 2130 1102 2157 atie-

308 2179 421 2208 runtur,
436 2175 484 2211 qui
504 2179 562 2203 tum
578 2174 745 2210 antiquioris
759 2179 817 2202 tum
831 2175 994 2203 reccntioris
1009 2176 1102 2210 populi

309 2221 343 2249 ad
357 2222 443 2249 Deum
455 2228 595 2249 accessum
607 2228 639 2248 ac
653 2221 738 2248 veluti
752 2220 954 2248 dedicationem
971 2221 1102 2256 spiritua-

1148 990 1176 1016 ὲν
1184 989 1303 1025 ὁσιότητι
1311 990 1358 1017 καὶ⁸
1366 989 1532 1027 δικαιοσύνῃ.
1542 989 1640 1025 Χρυσῆ
1647 990 1675 1017 δὲ
1685 989 1789 1024 θυῖσκη
1804 989 1933 1024 θυμιάμα-

1147 1045 1193 1069 τος
1218 1037 1336 1073 πλήρης,
1350 1036 1379 1064 τδ
1390 1037 1444 1064 τῶν
1459 1038 1544 1072 ἁγίων
1562 1037 1705 1072 γράφουσα
1717 1036 1830 1069 κάλλος,
1850 1036 1892 1062 καὶ
1901 1035 1933 1067 ὡς

1148 1084 1177 1110 ὲν
1191 1083 1315 1110 σκεύεσιν
1332 1083 1470 1116 ἐκλεκτοῖς
1485 1084 1517 1111 τὺ
1541 1083 1640 1115 εὑῶδες
1667 1084 1696 1110 ὲν
1717 1082 1860 1118 ἁγιασμῷ,
1883 1081 1934 1110 εἶτα

1147 1129 1232 1165 δῶρον
1243 1128 1338 1164 ὥσπερ
1352 1137 1378 1155 τι
1400 1129 1459 1164 Θεῷ
1471 1129 1501 1156 τὸ
1516 1128 1697 1164 εὐοσμότατον
1705 1128 1828 1163 ἀληθῶς.
1838 1127 1872 1154 Ἣ
1882 1127 1934 1161 οὐχὶ

1148 1176 1234 1212 σκεύη
1256 1176 1370 1213 λαμπρὰ
1392 1177 1439 1203 καὶ
1456 1175 1593 1203 ἀπόλεκτα
1608 1174 1672 1207 τοὺς
1684 1174 1786 1209 ἁγίους
1813 1173 1934 1209 ὑπάρχειν

1148 1221 1313 1257 οίησαίμεθα
1326 1221 1369 1254 ἂν,
1381 1218 1403 1249 ὦ
1416 1220 1549 1248 Παλλάδιε
1560 1230 1567 1254 ;

1185 1268 1292 1295 ΠΑΛΛ.
1308 1267 1434 1295 Μάλιστά
1447 1276 1489 1302 γε.

1185 1313 1268 1340 ΚΥΡ.
1283 1313 1391 1348 Μόσχος
1406 1313 1435 1339 δὲ
1448 1310 1482 1348 ἦν
1496 1313 1562 1348 παρ’
1575 1312 1702 1346 ἑκάστου,
1719 1312 1766 1340 καὶ
1784 1311 1936 1339 δυοκαίδεκα

1151 1359 1201 1396 μὲν
1230 1359 1257 1386 οί
1288 1358 1400 1391 πάντες.
1433 1358 1630 1394 Ἀχθοφοροῧσί
1656 1367 1688 1392 γε
1713 1358 1766 1393 μὴν
1799 1358 1847 1394 τὴν
1865 1357 1936 1391 ἁγίαν

1151 1404 1268 1441 σκηνὴν,
1279 1405 1350 1432 κατά
1362 1405 1408 1432 δύο
1415 1396 1659 1441 προσενηνεγμένοι
1672 1405 1739 1441 πρὸς
1747 1404 1860 1439 ἅμαξαν
1871 1405 1936 1440 μίαν,

1151 1450 1197 1477 καὶ
1209 1450 1260 1477 ὑπὸ
1274 1450 1354 1485 ζυγὸν
1370 1450 1429 1483 ἕνα,
1444 1449 1638 1486 ὲκνενέμηνται
1647 1450 1675 1476 δὲ
1688 1451 1747 1482 ταῖς
1756 1450 1816 1476 τῶν
1828 1449 1937 1477 Λευιτῶν

1152 1497 1333 1531 ὑπουργίαις·
1361 1497 1407 1523 καὶ
1435 1496 1520 1528 τύπος
1548 1495 1582 1524 ἂν
1609 1496 1652 1532 εἴη
1669 1496 1700 1523 τὸ
1722 1497 1822 1532 χρῆμα
1834 1496 1885 1523 τῶν
1897 1495 1938 1522 δύο

1151 1543 1234 1576 λαῶν,
1252 1543 1344 1570 οὐκέτι
1367 1543 1575 1579 μεμερισμένων
1591 1544 1630 1575 είς
1645 1543 1832 1579 ἀνομοιότητα
1847 1542 1938 1578 δογμά-

1151 1597 1205 1615 των
1221 1589 1269 1615 καὶ
1288 1588 1371 1623 ζωῆς,
1387 1589 1628 1624 συνενηνεγμένοιν
1640 1588 1668 1615 δὲ
1684 1589 1781 1624 ὥσπερ
1794 1589 1840 1615 καὶ
1859 1587 1938 1615 συνδει

1151 1634 1334 1670 δραμηκότοιν
1361 1634 1414 1661 ὑπό
1439 1643 1470 1669 γε
1490 1634 1536 1661 τὸν
1557 1634 1606 1661 ἕνα
1630 1634 1678 1661 τοῦ
1712 1634 1845 1670 Σωτῆρος
1866 1631 1938 1667 ζυγδν

1150 1680 1297 1717 τληπαθῶς
1329 1681 1376 1707 καὶ
1405 1680 1545 1716 ἀνδρείως.
1575 1690 1584 1706 ι
1610 1679 1752 1715 ’Δνδρίζου
1772 1680 1842 1715 γὰρ,
1868 1679 1937 1714 φησὶ,

1150 1727 1198 1754 καὶ
1224 1725 1413 1762 κραταιούσθω
1440 1727 1457 1761 ή
1487 1726 1587 1761 καρδία
1601 1734 1659 1758 σου,
1678 1726 1724 1752 καὶ
1736 1725 1886 1761 ὑπόμεινον
1898 1724 1938 1751 τὸν

1151 1772 1263 1808 Κύριον.
1278 1783 1287 1798 ι
1305 1772 1447 1807 Τληπαθὲς
1461 1772 1489 1799 δὲ
1504 1772 1573 1804 ζῶον
1584 1772 1598 1799 ὁ
1613 1773 1712 1808 μόσχος
1724 1772 1770 1798 καὶ
1783 1771 1938 1807 κραταιὸτα-

1152 1826 1206 1845 τον.
1224 1817 1325 1843 Τοιοίδε
1350 1818 1459 1849 πάντως
1474 1818 1498 1843 οί
1515 1817 1670 1848 θεοσεϐείας
1692 1816 1839 1852 ᾑρημένοι,
1865 1815 1938 1850 ζυγὸν

1152 1863 1243 1898 ὥςπερ
1261 1863 1303 1898 ἐφ’
1319 1863 1425 1894 ἑαυτοῖς
1440 1863 1585 1898 ἐπέχοντες
1605 1862 1651 1889 τὸν
1668 1862 1801 1898 Χριστὸν,
1816 1862 1852 1894 ὡς
1871 1863 1897 1888 ὲν
1908 1862 1937 1895 τῇ

1153 1909 1219 1945 ἁγίᾳ
1237 1909 1324 1944 σκηνῇ
1348 1908 1635 1943 προανατυπούμενον.
1647 1907 1731 1943 Σῶμα
1746 1907 1774 1934 δὲ
1796 1906 1877 1934 αὐτοῦ
1894 1906 1938 1941 τὴν

1158 1954 1321 1990 Ἐκκλησίαν
1337 1953 1383 1980 καὶ
1400 1954 1414 1979 ό
1429 1953 1499 1985 θεῖος
1511 1954 1576 1988 ἡμῖν
1594 1952 1719 1988 ὠνόμαζε
1736 1953 1854 1984 Παῦλος.
1874 1951 1939 1978 Ἐλέ-

1153 1996 1258 2035 γετοδὲ
1274 1999 1321 2026 καὶ
1345 1999 1414 2033 πρὸς
1431 1999 1556 2025 Ἀνανίαν
1574 1999 1639 2034 περὶ
1651 1998 1745 2031 αὑτοῦ,
1760 1999 1835 2035 φημὶ
1852 1995 1937 2034 δὴτοῦ

1154 2044 1285 2073 Παύλου·ι
1297 2044 1429 2079 Πορεύου,
1441 2044 1481 2071 ὅτι
1497 2044 1592 2076 σκεῦος
1600 2044 1715 2080 ἐκλογῆς
1732 2045 1791 2071 ἐστί
1805 2054 1848 2080 μοι
1858 2042 1938 2076 οὗτος,

1153 2091 1200 2118 τοῦ
1221 2090 1356 2126 βαστάσαι
1385 2090 1416 2116 τὸ
1443 2090 1529 2125 όνομά
1550 2099 1599 2126 μου
1614 2091 1734 2118 ἐναντίον
1754 2090 1810 2117 τῶν
1827 2091 1935 2117 ὲονῶν.ι

1154 2137 1238 2173 Κριὸς
1252 2136 1280 2163 δὲ
1295 2135 1363 2171 πρὸς
1380 2135 1494 2169 τούτοις,
1510 2136 1557 2163 καὶ
1581 2136 1634 2172 μὴν
1649 2136 1696 2163 καὶ
1712 2136 1799 2171 ἀμνὸς
1817 2137 1850 2163 τὰ
1864 2144 1939 2171 προσ-

1154 2182 1329 2219 ενηνεγμένα,
1344 2181 1392 2208 τοῦ
1425 2190 1454 2209 τε
1482 2182 1671 2218 πρεσὸυτέρου
1692 2182 1937 2218 προσενηνεγμένου

1155 2230 1202 2256 καὶ
1220 2228 1268 2255 τοῦ
1291 2229 1351 2256 νέου
1364 2228 1429 2255 λαοῦ
1454 2229 1503 2264 τὴν
1525 2229 1595 2264 πρὸς
1614 2229 1680 2255 Θεὸν
1713 2229 1807 2264 ἄφιξιν
1830 2229 1876 2256 καὶ
1895 2228 1938 2262 τὴν

310 2269 363 2296 lem
379 2275 435 2303 pne
448 2275 477 2295 se
497 2267 598 2295 ferunt.
612 2266 735 2295 Utenim
757 2267 786 2294 in
806 2267 895 2295 bobus
912 2268 1057 2295 tolerantia
1074 2272 1101 2295 et

1155 2273 1297 2305 οἱονείπως
1314 2272 1453 2306 ἀνάθεσιν,
1477 2272 1557 2308 δῆλον
1576 2272 1604 2299 δὲ
1621 2274 1662 2300 ὅτι
1682 2273 1732 2308 τὴν
1746 2272 1937 2309 πνευματικὴν.

310 2313 443 2342 fortitudo
467 2314 673 2350 designabatur,
697 2313 747 2345 sic,
770 2318 800 2341 ut
819 2313 927 2348 opinor,
952 2313 980 2340 in
1006 2313 1104 2341 ovibus

310 2367 420 2395 quoque
438 2359 484 2386 illa
506 2367 569 2387 cum
589 2358 801 2386 mansuetudine
815 2359 928 2387 ubertas
944 2367 1041 2387 eorum
1056 2360 1104 2395 qui

311 2414 361 2442 per
377 2405 459 2432 fidem
475 2405 502 2432 in
511 2405 653 2432 Christum
663 2405 803 2440 iustificati
817 2410 892 2438 sunt,
903 2405 983 2441 plane
1001 2406 1105 2433 indica-

312 2456 378 2484 tur;
398 2454 440 2478 est
456 2458 574 2485 namque
597 2450 624 2478 id
644 2451 745 2478 animal
760 2455 934 2480 mansuetum
949 2455 1031 2488 atque
1045 2452 1104 2480 fru-

311 2503 439 2525 ctuosum
450 2517 457 2530 ,
474 2496 571 2531 quales
588 2500 652 2523 sunt
677 2504 772 2524 omnes
793 2497 839 2532 qui
856 2498 1040 2533 evangelicam
1061 2498 1104 2525 vi-

311 2543 394 2571 vendi
405 2543 542 2570 rationem
553 2541 700 2577 diligenter
712 2542 815 2575 colunt,
830 2551 899 2578 quos
910 2543 967 2578 ipse
978 2543 1105 2571 Christus

311 2589 523 2625 alloquebatur:
548 2597 557 2614 ι
576 2587 656 2615 Omni
674 2587 778 2623 petenti
797 2592 824 2616 te
840 2589 947 2623 tribue;
968 2594 998 2617 et
1011 2590 1046 2618 ab
1060 2597 1104 2623 eo,

312 2637 360 2671 qui
381 2636 453 2664 tollit
465 2643 510 2663 res
526 2640 596 2667 tuas,
612 2642 646 2662 ne
664 2638 782 2669 repetas,
803 2639 831 2662 et
854 2636 1018 2671 percutienti
1037 2640 1063 2664 te
1077 2637 1105 2664 in

313 2683 424 2710 dextera
446 2681 566 2713 maxilla,
588 2686 666 2708 verte
691 2680 729 2707 illi
750 2685 779 2708 et
799 2680 912 2708 alteram
924 2681 957 2707 ‘°.
976 2692 985 2708 ι
1002 2682 1104 2712 Scribit

312 2727 396 2754 etiam
410 2727 510 2755 Paulus
527 2735 533 2753 :
548 2736 557 2752 ι
571 2726 687 2754 Servum
700 2731 791 2754 autem
803 2727 911 2755 Domini
926 2734 981 2754 non
995 2732 1103 2763 oportet

313 2780 445 2808 pugnare,
461 2773 509 2800 sed
527 2777 700 2800 mansuetum
720 2780 779 2801 esse
796 2773 830 2801 ad
847 2781 953 2806 omnes,
975 2773 1003 2800 in
1025 2781 1103 2801 man-

311 2818 460 2846 suetudine
479 2819 622 2847 docentem
637 2820 745 2848 diversa
761 2820 912 2848 sentientes
927 2820 958 2847 δ’.
978 2830 987 2846 ι
1004 2820 1103 2848 Ριωᾱί-

351 2877 373 2892 ⁵⁸
389 2876 469 2904 Rom.
490 2883 536 2908 ιιι,
552 2875 595 2902 ιε.
633 2876 655 2891 ⁵⁷
669 2875 728 2903 Col.
749 2884 788 2910 ιιι⁷
804 2876 831 2911 5,
844 2877 871 2904 4.
899 2876 933 2910 ,⁸³
950 2877 1020 2906 Psal.
1037 2885 1107 2909 xxvi,
1127 2878 1168 2905 H.

315 2912 337 2927 “
360 2912 380 2939 ll
397 2911 466 2938 Tim.
485 2919 514 2944 ιι,
527 2911 571 2938 24.

1153 2320 1377 2355 ύπεμφαίνοντες.
1407 2319 1512 2354 Ὥσπερ
1543 2319 1598 2354 γὰρ
1618 2319 1649 2346 τὸ
1676 2319 1815 2354 τληπαθὲς
1836 2319 1881 2346 καὶ
1896 2319 1938 2345 ἀν-

1152 2365 1240 2401 δρεῖον
1258 2364 1295 2396 ὡς
1317 2364 1346 2390 ἐν
1369 2373 1400 2399 γε
1422 2366 1478 2396 τοῖς
1504 2365 1614 2400 μόσχοις
1632 2365 1857 2401 κατεσημαίνετο,
1875 2363 1938 2391 κατά

1154 2411 1199 2438 τὸν
1212 2411 1279 2443 ἴσον,
1294 2408 1381 2446 οἶμαι,
1394 2411 1500 2437 τουτονὶ
1515 2411 1615 2447 τρόπον
1627 2411 1674 2438 καὶ
1692 2412 1722 2439 ὲν
1732 2413 1788 2443 τοῖς
1801 2410 1939 2446 προϐάτοις

1154 2457 1170 2492 ἠ
1199 2456 1237 2488 ὡς
1262 2457 1291 2484 ὲν
1318 2456 1451 2492 πραότητι
1482 2457 1656 2493 καρποφορία
1676 2456 1730 2483 τῶν
1758 2457 1801 2483 διὰ
1828 2456 1939 2486 πίστεως

1155 2501 1204 2536 τῆς
1223 2502 1252 2528 ὲν
1268 2500 1377 2538 Χριστῷ
1396 2502 1614 2537 δεδικαιωμένων
1637 2502 1820 2529 διαδείκνυται
1841 2500 1938 2535 σαφῶς-

1157 2548 1249 2583 Πρᾶον
1264 2548 1318 2583 γὰρ
1329 2548 1361 2583 δὴ
1375 2548 1405 2575 τὸ
1422 2548 1501 2581 ζῶον,
1518 2549 1565 2575 καὶ
1587 2548 1640 2584 μὴν
1655 2548 1805 2584 ἔγκαρπον.
1824 2546 1938 2574 Τοιοῦτοι

1157 2594 1186 2621 δὲ
1198 2594 1297 2626 πάντες
1308 2595 1333 2621 ot
1353 2595 1401 2630 τῆς
1416 2595 1598 2630 εὐαγγελικῆς
1611 2596 1750 2627 πολιτείας
1767 2594 1889 2630 ἀκριϐεῖς
1901 2594 1940 2627 ἐρα

1158 2637 1250 2672 γάται,
1267 2635 1307 2670 οἷς
1318 2639 1365 2665 καὶ
1381 2639 1462 2671 αὐτὸς
1477 2640 1653 2675 ἐπεφώνησεν
1667 2641 1681 2666 ό
1692 2639 1818 2675 Χριστός·
1833 2647 1844 2664 ς
1861 2636 1940 2664 Παντὶ

1157 2683 1195 2718 τῷ
1212 2683 1331 2710 αἰτοῦντί
1349 2692 1377 2710 σε
1402 2684 1473 2711 δίδου
1489 2705 1495 2717 ,
1513 2686 1559 2712 καὶ
1572 2685 1626 2712 ἀπὸ
1648 2685 1695 2712 τοῦ
1708 2685 1832 2721 αἴροντος
1850 2683 1883 2709 τὰ
1900 2681 1939 2712 σὰ,

1159 2731 1196 2766 μὴ
1210 2730 1331 2763 ἀπαίτει,
1343 2731 1390 2757 καὶ
1405 2730 1444 2766 τῷ
1458 2731 1565 2759 παίοντί
1578 2740 1607 2758 σε
1619 2732 1659 2763 είς
1673 2732 1721 2767 τὴν
1733 2730 1854 2765 σιαγόνα,
1868 2727 1941 2762 στρέ-

1157 2776 1206 2811 ψον
1215 2776 1288 2811 αὐτῷ
1303 2777 1351 2804 καὶ
1363 2777 1412 2812 τὴν
1427 2776 1521 2813 ἀλλην.
1537 2787 1547 2803 ι
1567 2778 1671 2813 Γράφει
1686 2778 1715 2805 δὲ
1733 2778 1780 2805 καὶ
1790 2778 1803 2803 ό
1821 2774 1937 2804 Παῦλος·

1160 2831 1169 2847 ι
1186 2822 1284 2849 Δοῦλον
1298 2822 1325 2849 δὲ
1341 2823 1443 2858 Κυρίου
1455 2824 1484 2850 οὺ
1496 2824 1536 2850 δεῖ
1549 2824 1694 2859 μάχεσθαι,
1704 2824 1760 2851 ἀλλ’
1776 2824 1855 2858 ῆπιον
1875 2818 1939 2846 εἶναι

1218 2878 1251 2894 ⁵⁸¹
1267 2879 1325 2908 Col.
1340 2888 1365 2911 ι,
1391 2878 1434 2906 24.
1475 2880 1498 2896 ⁸⁸
1515 2880 1575 2908 Act.
1595 2889 1631 2914 ix,
1648 2881 1689 2908 15.
1729 2880 1751 2896 ⁸⁸
1766 2879 1830 2908 an.
1846 2886 1881 2911 τι,
1896 2877 1937 2905 50.
