2071 3148
185 216 238 244 7ίῖ

533 212 577 239 DE
597 210 819 239 ADORATIONE
839 210 873 238 IN
894 210 1028 238 SPIRITU
1049 211 1095 239 ET
1115 210 1299 239 VERITATE.
1315 227 1349 230 —
1370 211 1433 238 LlB.
1454 210 1488 237 Χ,

1773 211 1824 241 713

186 274 255 311 πρὸς
267 274 382 304 πάντας,
397 271 425 298 ὲν
447 270 581 306 πραότητι
594 270 755 296 διδάσκοντα
778 269 840 300 τοὺς
857 270 976 296 ἀντιδια-

1032 270 1080 297 etis
1098 275 1190 298 autem
1203 270 1274 297 haedi
1292 270 1374 297 etiam
1387 269 1553 297 oblationem
1564 269 1675 305 adjungi
1685 275 1824 304 oportere,

185 319 355 355 τιθεμένους.
368 328 376 343 ι
395 317 432 344 Τὸ
447 317 475 344 δὲ
492 317 547 344 δεῖν
565 316 680 343 ἕπεσθαι
701 318 756 348 τοῖς
775 317 825 352 ἤδη
847 324 977 352 προειρη-

186 366 278 400 μένοις
302 365 350 391 καὶ
366 363 416 399 τὴν
433 364 511 398 αίγὺς
529 363 701 399 προσφορὰν,
715 362 860 395 ἐκδείξειεν
873 363 906 390 ἂν
919 363 978 397 οὐχὶ

184 411 290 447 ἕτερον,
301 408 389 445 οἶμαι,
403 410 442 440 τὶ,
456 409 526 444 πλὴν
540 409 608 444 ὅπερ
623 408 736 443 ἔναγχος
747 407 826 443 ἔφην,
838 408 867 434 τὸ
876 407 978 434 δεῖσθαι

184 456 218 492 δὴ
232 455 350 487 πάντας,
366 454 418 482 κᾶν
434 454 462 481 εἴ
474 463 546 486 τινες
557 452 613 481 εἶεν
624 454 725 489 ἀγαθοὶ
732 454 779 490 τὴν
795 454 861 488 ἕξιν,
872 454 919 482 τοῦ
934 455 979 482 διὰ

188 501 386 538 μεταγνώσεως
398 500 572 537 καθαρισμοῦ
601 501 648 528 καὶ
661 500 813 536 ἀμνηστίας
830 509 980 536 παραπτω-

189 549 291 585 μάτων.
303 548 358 574 Καὶ
373 546 452 573 τοῦτο
467 546 565 578 εἰδὼςὸ
574 546 645 578 θεῖος
661 547 713 583 ἔφη
728 546 820 574 Δαϐίδ.
833 556 843 572 1
857 547 919 574 Ἐὰν
936 547 981 573 ἀν-

187 594 268 629 ομίας
275 601 383 628 παρατη
389 593 484 629 ρήσῃς,
497 592 594 627 Κύριε,
602 592 702 628 Κύριε,
710 592 752 625 τίς
761 593 944 629 ὑποστήσεται
953 601 960 625 ;
968 602 977 618 ι

187 640 311 676 Χίμαρος
325 640 357 675 δὴ
368 637 416 666 οὖν
430 639 461 665 τὸ
468 639 537 674 ὑπὲρ
547 639 672 674 ἀφέσεως
684 638 768 674 θῦμα,
783 639 853 666 κατὰ
863 640 909 666 τὸν
926 639 980 666 πά-

186 685 231 713 λαι
248 686 340 721 νόμον.
357 684 535 719 Μετάγνωσις
547 684 576 711 δὲ
599 684 659 711 νυνὶ
676 684 723 711 καὶ
736 685 891 720 ἀμνηστίας
907 685 981 720 αττη-

188 741 231 763 σις
243 732 274 758 τὸ
290 731 352 758 καθ’
372 732 446 766 ἡμᾶς
463 731 570 766 ἱερεῖον,
593 730 656 763 τοὺς
673 731 702 757 ὲν
725 730 862 766 πνεύματί
885 740 915 757 τε
935 732 982 758 καὶ

188 777 302 813 ἀληθείᾳ
331 776 492 811 προσιόντας
515 775 585 811 Θεῷ.
607 785 616 801 1
635 775 707 808 Λέγε
742 776 813 811 γὰρ,
846 776 929 811 φησὶ,
949 776 981 802 σὺ

187 821 238 853 τὰς
253 822 389 857 ἁμαρτίας
411 828 458 847 σου
476 820 595 854 πρῶτος,
610 820 655 846 ἵνα
671 819 829 855 δικαιωθῇς.
851 830 860 845 ι
878 820 982 847 Ψάλλει

186 867 215 894 δέ
231 876 283 894 που
302 867 349 894 καὶ
362 867 376 893 ὁ
389 866 481 894 Δαϐίδ·
500 876 508 892 1
532 863 615 897 Εἷπα,
637 865 824 900 Ἐξαγορεύσω
839 866 898 892 κατ’
915 866 981 901 ἐμοῦ

187 912 237 948 τὴν
244 912 381 948 ἁμαρτίαν
396 920 445 947 μου
458 911 497 947 τῷ
510 911 615 946 Κυρίῳ,
630 911 677 937 καὶ
690 911 721 937 σὺ
735 911 843 946 ἀφῆκας
856 911 906 946 τὴν
917 911 981 938 ἀσέ-

1030 316 1057 343 id
1074 316 1142 343 nihil
1165 316 1250 349 aliud,
1277 321 1307 343 ιιι
1323 316 1431 351 opinor,
1449 315 1571 343 ostendit
1585 316 1638 343 nisi
1655 315 1728 351 quod
1743 316 1825 351 paulo

1029 367 1093 390 ante
1109 363 1176 395 dixi,
1193 370 1299 395 omnes,
1314 362 1423 389 etiamsi
1448 362 1544 397 probis
1562 361 1688 389 moribus
1710 361 1824 394 fuerint,

1030 408 1192 444 purgatione
1206 408 1374 443 poenitentia:
1388 413 1416 435 et
1430 407 1599 435 oti'ensarum
1620 407 1759 435 oblivione
1782 408 1825 435 in—

1030 454 1134 489 digere.
1157 453 1241 488 ldque
1253 453 1343 480 sciens
1358 453 1455 480 beatus
1469 453 1553 480 David
1571 453 1680 481 aiebat:
1702 459 1711 479 ‹
1727 450 1755 481 Si
1774 454 1827 481 ini-

1029 500 1150 534 quitates
1164 500 1366 532 observaveris,
1385 499 1511 532 Domine,
1526 499 1653 532 Domine,
1669 500 1732 535 quis
1745 501 1827 528 susti-

1030 546 1108 573 nebit
1123 546 1162 573 ”?
1181 555 1190 571 ι
1206 545 1305 573 Haedus
1316 546 1399 581 igitur
1410 553 1461 580 pro
1476 545 1639 572 remissione
1650 551 1826 581 peccatorum

1031 592 1158 624 offertur,
1177 593 1255 627 juxta
1269 596 1393 619 veterem
1414 592 1513 627 legem,
1529 597 1557 619 et
1571 599 1645 618 nunc
1663 591 1826 627 poenitentia

1031 643 1060 666 et
1078 638 1225 666 oblivionis
1238 638 1336 673 petitio
1352 642 1478 665 nostrum
1490 643 1532 666 est
1543 638 1708 665 sacriﬁcium
1721 639 1749 666 in
1769 640 1825 674 spi-

1033 686 1087 712 ritu
1113 689 1141 712 et
1159 685 1275 712 veritate
1302 684 1337 711 ad
1364 684 1451 711 Deum
1476 684 1675 711 accedentium.
1708 694 1716 709 1
1745 685 1794 712 Dic
1813 694 1821 710 ι

1032 732 1117 764 enim,
1146 732 1245 766 inquit,
1266 741 1275 756 1
1294 735 1323 758 tu
1339 730 1415 766 prior
1428 730 1597 765 {iniquitates
1614 734 1685 763 tuas,
1697 734 1727 757 ut
1743 731 1825 766 justi-

1034 777 1124 805 {iceris
1145 777 1176 803 °'.
1204 786 1213 802 ι
1234 776 1329 804 Psallit
1343 776 1427 803 etiam
1450 775 1574 811 profecto
1597 776 1702 803 David:
1726 786 1734 801 1
1754 776 1825 803 Dixi:

1032 822 1190 851 Conﬁtebor
1200 822 1347 850 adversum
1358 830 1402 849 me
1414 822 1576 857 iniustitiam
1585 829 1673 849 meam
1684 822 1765 857 369
1773 822 1827 849 Do-

1033 869 1120 901 mino,
1148 872 1176 896 et
1188 873 1217 895 tu
1236 868 1366 895 remisisti
1388 867 1556 902 impietatem
1575 867 1666 895 cordis
1687 868 1741 895 mei
1756 868 1788 895 “.
1813 877 1822 893 ι

1034 914 1117 941 Estne
1134 914 1189 949 jam
1212 914 1261 941 tibi
1282 913 1392 941 tandem
1414 913 1488 941 illius
1503 913 1651 941 oblationis
1670 913 1826 948 principum

186 959 263 986 ϐειαν
280 959 330 995 τῆς
357 958 472 994 καρδίας
494 967 557 993 μου.
582 967 591 983 ι
612 955 687 993 Ἆρά
702 966 743 984 σοι
758 957 850 985 λοιπὸν
865 957 979 993 σαφὴςό

1033 960 1102 987 ratio
1118 959 1278 995 perspicua?

186 1006 266 1040 λόγος
284 1006 347 1041 περὶ
362 1006 412 1040 τῆς
428 1004 483 1031 τῶν
494 1004 633 1040 ἀρχόντων
646 1002 834 1039 δωροφορίασ;

223 1052 327 1078 ΠΑΛΛ.
343 1051 417 1078 Πάνυ
439 1051 488 1086 μὲν
502 1048 559 1077 οὖν.

224 1098 307 1126 ΚΥΡ.
323 1099 429 1133 Χρῆναι
444 1097 473 1123 δὲ
488 1095 565 1133 οἶμαι
580 1097 693 1123 κάκεῖνο
716 1096 814 1129 εἰπεῖν,
831 1104 981 1131 προσκεκο-

190 1145 327 1180 μισμένης
344 1144 399 1179 γὰρ
420 1144 471 1179 ἤδη
492 1143 543 1178 τῆς
563 1145 628 1178 παρ’
643 1143 761 1170 ἑκάστου
785 1143 831 1169 καὶ
858 1143 895 1174 ὡς
911 1143 981 1178 ὑπὲρ

189 1190 298 1217 πάντων
325 1190 431 1222 θυσίας,
456 1190 527 1224 ἁρχὴ
542 1189 596 1215 τῶν
617 1188 697 1215 θείων
722 1188 831 1223 ἐγένετο
845 1188 931 1222 λόγων
952 1190 981 1216 ἐν

188 1236 222 1269 τῇ
239 1234 304 1269 ἁγίᾳ
320 1235 406 1269 σκηνῇ
427 1233 495 1269 πρὸς
517 1233 564 1259 τὸν
578 1232 738 1268 ἱεροφάντην
751 1232 862 1259 Μωσὲα.
876 1232 980 1269 Γέγρα-

189 1289 255 1307 πται
276 1280 305 1306 δὲ
329 1279 401 1305 οὕτω
425 1279 506 1305 πάλιν
530 1279 559 1304 ἐν
581 1280 636 1309 τοῖς
662 1278 818 1314 Ἀριθμοῖς·
843 1288 852 1303 1
871 1277 978 1313 Αὒτηὴ

189 1327 341 1360 ἐγκαίνισις
371 1325 418 1351 τοῦ
444 1324 655 1360 θυσιαστηρίου,
681 1324 749 1359 μετὰ
780 1324 810 1350 τὸ
835 1324 979 1360 πληρῶσαι

188 1372 238 1404 τὰς
251 1374 347 1408 χεῖρας
364 1371 457 1404 αὐτοῦ,
476 1371 522 1397 καὶ
543 1371 610 1406 μετὰ
627 1370 657 1396 τὸ
671 1370 762 1405 χρίσαι
778 1370 869 1397 αὐτόν.
888 1371 931 1396 Ἑν
941 1370 980 1406 τῷ

189 1418 398 1453 εἰσπορεύεσθαι
412 1418 514 1452 Μωσῆν
526 1418 566 1448 είς
576 1416 626 1452 τὴν
642 1416 743 1452 σκηνὴν
755 1416 802 1443 τοῦ
816 1417 979 1452 μαρτυρίου,

188 1464 236 1490 τοῦ
259 1464 375 1498 λαλῆσαι
401 1462 488 1498 αὐτῷ,
508 1463 555 1489 καὶ
574 1463 673 1497 ἢκουσε
694 1462 742 1497 τὴν
762 1462 853 1498 φωνὴν
876 1463 980 1498 Κυρίου

188 1509 236 1536 τοῦ
250 1509 317 1535 Θεοῦ
338 1509 481 1540 λαλοῦντος
499 1509 566 1544 πρὸς
586 1508 666 1535 αὑτὸν
683 1508 785 1535 ἄνωθεν
803 1508 849 1535 τοῦ
869 1508 980 1543 ἱλαστηο

190 1555 267 1590 ρίου,
281 1555 295 1581 ὃ
319 1557 392 1581 ἐστιν
413 1554 459 1581 ἐπὶ
479 1555 530 1589 τῆς
546 1554 663 1580 κιϐωτοῦ
682 1553 730 1580 τοῦ
748 1554 913 1589 μαρτυρίου,
929 1554 981 1581 ἀνὰ

191 1602 275 1636 μέσον
290 1601 344 1627 τῶν
360 1601 406 1627 δύο
427 1600 584 1636 Χερουϐὶμ,
602 1600 648 1627 καὶ
666 1600 755 1627 ἐλάλει
775 1600 842 1636 πρὸς
859 1600 948 1627 αὐτόν.
968 1610 977 1626 ι

190 1647 413 1682 Τετελειωμένης
439 1646 494 1681 γὰρ
515 1646 609 1681 ὥσπερ
630 1646 681 1681 τῆς
705 1646 785 1680 ἁγίας
800 1646 918 1681 σκηνῆς,
933 1646 981 1673 καὶ

189 1692 394 1727 ἀναδειχθέντος
420 1692 515 1727 κόσμῳ
540 1691 588 1717 τοῦ
613 1690 730 1724 ἀληθοῦς
756 1692 943 1726 ἁγιάσματος,
967 1691 981 1718 ὅ

189 1738 264 1765 ἐστιν
280 1739 296 1773 ἡ
319 1737 478 1772 Ἐκκλησία,
494 1737 554 1763 τότε
573 1736 605 1771 δὴ
619 1736 680 1762 τότε
701 1737 778 1772 φωνὴ
797 1736 892 1770 γέγονε
912 1736 981 1771 πρὸς

190 1785 264 1819 ἡμᾶς
283 1783 329 1809 τοῦ
344 1783 410 1809 Θεοῦ
425 1784 472 1809 καὶ
486 1783 603 1817 Πατρός.
622 1792 631 1807 1
649 1783 788 1818 Λελάληκε
802 1783 857 1817 γὰρ
871 1784 938 1817 ἡμῖν
951 1783 979 1809 ἐν

191 1831 259 1866 Υίῷ,
282 1840 290 1856 ι
310 1830 338 1857 ὃν
367 1830 413 1857 καὶ
447 1829 602 1864 ἱλαστήριον
632 1826 702 1855 εἷναί
724 1837 813 1863 φαμεν
833 1829 903 1864 ὑπὲρ
925 1829 981 1855 τῶν

190 1877 333 1911 ἁμαρτιῶν
358 1875 449 1911 ἡμῶν,
462 1875 532 1902 κατὰ
547 1875 596 1905 τὰς
613 1874 735 1909 Γραφάς.
752 1873 872 1900 Ἀνωθεν
882 1874 910 1900 δὲ
926 1874 981 1900 τῶν

190 1922 334 1958 Χερουῦὶμ
356 1923 372 1956 ἡ
394 1922 480 1955 φωνή·
497 1920 612 1951 κτίσεως
634 1920 688 1955 γὰρ
711 1919 842 1947 ἀνωτάτω
864 1920 911 1946 καὶ
929 1920 979 1945 ἑπ-

189 1969 284 1995 έκεινα
297 1968 373 2000 Θεὸς,
392 1967 506 2002 οὐσιῶδη
522 1975 552 1992 τε
570 1966 616 1993 καὶ
632 1966 837 2001 ἐνυπάρχουσαν
847 1965 896 2001 τὴν
911 1965 981 1992 κατὰ

189 2015 292 2045 παντὸς
301 2014 347 2040 τοῦ
366 2013 507 2047 γεγονότος
524 2012 593 2047 ἔχων
610 2012 757 2047 ὑπεροχήψ
773 2012 981 2047 διαπορθμεύων

188 2061 218 2087 δὲ
237 2060 277 2091 εἰς
297 2060 372 2094 ἡμᾶς
387 2058 436 2089 τὰς
459 2058 562 2084 ἀνωθεν
583 2058 629 2084 καὶ
646 2058 723 2093 παρὰ
749 2058 855 2093 Harpe;
876 2058 979 2092 φωνὰς,

188 2107 309 2140 ἔφασκεν
323 2106 336 2131 ό
353 2105 426 2136 Υἱὸς,
439 2104 469 2130 τὸ
486 2103 584 2139 ἀληθὲς
601 2104 768 2140 ἱλαστήριον,
787 2113 795 2128 1
814 2104 854 2130 Τὰ
870 2105 980 2139 ῥήματα

188 2151 207 2177 ὃ.
226 2149 281 2184 ὲγὼ
304 2149 378 2176 λαλὼ
401 2149 451 2175 οὐκ
475 2148 548 2174 ἐστιν
574 2149 643 2183 ὲμά,
666 2149 732 2175 ἀλλὰ
749 2149 795 2176 τοῦ
824 2149 980 2184 πέμψαντός

191 2204 236 2231 με.
265 2205 274 2221 ι
300 2194 406 2222 Οὐκοῦν
430 2194 534 2221 ἄνωθεν
568 2194 614 2220 τοῦ
646 2195 801 2229 ἱλαστηρίυυ
829 2195 940 2228 γέγονεν
962 2196 979 2228 ἠ

189 2243 277 2276 φωνή.
293 2240 453 2276 Θαυμάσαις
467 2240 489 2266 δ’
508 2240 540 2266 ἂν
558 2240 587 2266 οὺ
610 2240 727 2275 μετρίως
740 2240 788 2275 τὴν
806 2240 859 2266 τῶν
877 2239 982 2275 φυλάρ-

1069 1050 1167 1078 PALL.
1189 1049 1314 1077 Maxime.

1063 1096 1142 1124 CYR.
1160 1096 1229 1123 lllud
1249 1095 1332 1123 etiam
1353 1094 1500 1122 dicendum
1518 1101 1579 1121 esse
1597 1094 1727 1127 arbitror,
1743 1095 1826 1123 allato

1031 1143 1085 1179 jam
1098 1150 1112 1169 a
1126 1142 1242 1177 singulis
1253 1141 1398 1172 sacriﬁcio,
1411 1140 1484 1175 quod
1496 1145 1625 1175 tanquam
1636 1148 1687 1175 pro
1698 1141 1827 1168 omnibus

1032 1187 1212 1219 otl‘erebatur,
1237 1187 1325 1214 Deum
1350 1186 1460 1213 initium
1482 1185 1580 1213 fecisse
1599 1186 1627 1213 in
1648 1187 1827 1217 tabernaculo

1032 1241 1096 1261 cum
1118 1233 1208 1269 Moyse
1227 1233 1274 1260 illo
1295 1240 1437 1260 sacrorum
1464 1231 1616 1267 interprete
1639 1233 1826 1268 colloquendi.

1033 1280 1173 1315 Scriptum
1187 1283 1230 1306 est
1246 1283 1337 1306 autem
1356 1285 1452 1305 rursus
1463 1278 1497 1304 ad
1511 1277 1586 1304 hunc
1600 1278 1713 1305 modum
1728 1278 1757 1305 in
1770 1279 1828 1306 Nu-

1033 1326 1118 1354 meris
1141 1335 1147 1352 :
1178 1335 1187 1351 1
1210 1325 1273 1352 Ilaec
1298 1330 1341 1352 est
1360 1324 1498 1352 dedicatio
1517 1323 1623 1355 altaris,
1648 1329 1828 1360 posteaquam

1033 1373 1155 1407 implevit
1169 1378 1266 1399 manus
1281 1372 1350 1406 ejus,
1363 1375 1390 1397 et
1404 1375 1550 1405 postquami
1563 1369 1642 1396 unxit
1658 1370 1745 1397 illum.
1759 1370 1828 1398 Cum

1033 1418 1224 1454 ingrederetur
1247 1418 1351 1453 Moyses
1377 1417 1404 1442 in
1430 1415 1638 1442 tabernaculum
1665 1416 1828 1448 testimonii,

1033 1469 1062 1492 ut
1077 1465 1238 1500 loqueretur
1256 1471 1318 1489 cum
1340 1464 1409 1497 ipso,
1433 1467 1460 1489 et
1480 1461 1586 1489 audivit
1603 1469 1699 1489 vocem
1721 1461 1830 1489 Domini

1033 1511 1080 1538 Dei
1097 1511 1237 1545 loquentis
1255 1518 1317 1536 cum
1333 1509 1391 1543 ipso
1413 1516 1495 1542 supra
1514 1507 1745 1543 propitiatorium,
1757 1508 1830 1543 quod

1031 1561 1075 1584 est
1094 1564 1176 1591 supra
1196 1563 1288 1582 arcam
1307 1554 1457 1585 testimonii
1484 1553 1556 1580 inter
1577 1553 1646 1581 duos
1667 1553 1828 1585 Cherubim,

1032 1609 1060 1630 et
1084 1601 1249 1637 loquebatur
1269 1608 1332 1627 cum
1359 1600 1418 1634 ipso
1437 1599 1471 1626 ⁸³.
1499 1608 1508 1624 ›
1535 1599 1619 1631 Nam,
1640 1605 1830 1627 consummato

1034 1649 1089 1683 jam
1106 1646 1309 1682 quodammodo
1335 1645 1522 1677 tabernaculo,
1541 1650 1569 1672 et
1583 1653 1647 1672 vera
1665 1645 1709 1672 illa
1727 1646 1829 1672 sancti--

1035 1693 1173 1725 licatione,
1195 1692 1222 1720 id
1238 1696 1289 1724 est,
1310 1691 1435 1719 Ecclesia
1452 1690 1555 1718 mundo
1568 1691 1751 1723 manifestata,
1772 1695 1830 1719 tum

1024 1739 1155 1774 'denique
1169 1747 1222 1766 vox
1236 1738 1284 1765 Dei
1305 1745 1337 1765 ac
1347 1738 1437 1765 Patris
1452 1737 1532 1764 nobis
1544 1737 1692 1765 insonavit.
1711 1747 1719 1763 1
1738 1737 1829 1765 Locu-

1035 1790 1080 1813 tus
1092 1790 1133 1813 est
1151 1795 1159 1810 l
1182 1784 1256 1811 enim
1281 1793 1290 1809 1
1311 1783 1392 1810 nobis
1424 1783 1452 1810 in
1472 1783 1593 1815 Filio“,
1611 1793 1619 1809 ›
1639 1791 1720 1818 quem
1735 1784 1830 1819 propi-

1035 1832 1176 1859 tiationem
1191 1838 1252 1858 esse
1269 1830 1387 1857 dicimus
1404 1838 1454 1865 pro
1473 1829 1593 1865 peccatis
1604 1829 1716 1861 nostris,
1730 1837 1829 1858 secun-

1035 1878 1099 1905 dum
1118 1877 1275 1912 Scripturas
1295 1876 1327 1902 “.
1350 1877 1474 1911 Desuper
1496 1880 1587 1903 autem
1607 1875 1757 1903 Cherubim
1776 1884 1830 1904 vox

1035 1924 1212 1955 audiebatur;
1228 1931 1291 1949 nam
1309 1922 1437 1957 superior
1454 1926 1581 1949 creatura
1596 1920 1671 1948 omni
1686 1925 1767 1956 atque
1785 1922 1828 1949 ul-

1037 1970 1120 1997 terior
1134 1974 1176 1996 est
1190 1969 1272 2001 Deus,
1286 1973 1314 1995 et
1327 1968 1466 1995 essantiali
1480 1971 1562 2002 atque
1574 1966 1654 1994 insita
1667 1967 1830 1995 excellentia

1035 2015 1163 2042 omnibus
1180 2014 1264 2041 rebus
1280 2013 1399 2040 conditis
1409 2016 1529 2048 praestat.
1544 2011 1613 2039 Cum
1629 2013 1721 2047 itaque
1732 2020 1828 2040 verum

1034 2059 1268 2096 propitiatorium,
1284 2059 1370 2086 Filius
1388 2067 1498 2094 nempe,
1514 2058 1548 2086 ad
1564 2067 1615 2085 nos
1629 2059 1829 2086 transmitteret

1035 2114 1148 2142 superas
1158 2106 1218 2133 illas
1228 2111 1256 2133 et
1267 2106 1357 2133 editas
1367 2114 1381 2133 ιι
1392 2106 1473 2133 Patre
1487 2112 1579 2136 voces,
1592 2104 1700 2132 diccbat
1715 2114 1721 2131 :
1740 2115 1749 2130 1
1763 2105 1829 2133 Ver—

1034 2152 1068 2179 ba
1085 2160 1146 2187 qum
1164 2160 1214 2187 ego
1236 2152 1334 2186 loquor
1354 2159 1409 2178 non
1434 2155 1498 2178 sunt
1527 2158 1597 2183 mea,
1620 2151 1667 2178 sed
1696 2152 1756 2187 ejus
1782 2152 1828 2187 qui

1036 2199 1111 2225 misit
1129 2206 1172 2225 me
1187 2198 1219 2224 ⁸⁸.
1239 2208 1248 2223 ι
1267 2198 1352 2232 Igitur
1369 2197 1403 2224 de
1425 2196 1619 2232 propitiatorio
1641 2204 1694 2223 vox
1712 2196 1827 2225 exstitit.

1034 2244 1090 2271 Nec
1102 2243 1280 2270 mediocriter
1296 2243 1488 2274 admiraberis,
1501 2242 1523 2269 si
1541 2242 1681 2277 principes
1694 2242 1826 2275 tribuum,

189 2295 246 2321 χων
259 2285 499 2321 ἀνασκοπούμενος
518 2285 658 2320 πρόσοδον.
679 2285 911 2320 Ἀπονεμηθείσης
926 2286 979 2322 γὰρ

1035 2296 1090 2323 quo
1105 2288 1202 2315 ordine
1215 2287 1389 2319 accesserint,
1405 2287 1567 2322 inspexeris.
1584 2287 1652 2315 Cum
1675 2288 1748 2315 enim
1763 2296 1828 2316 suus

189 2330 298 2367 ἡμέρας
314 2331 421 2366 ἑκάστῳ
434 2330 479 2357 καὶ
498 2330 599 2362 ίδικῶς,
617 2330 678 2357 καθ’
694 2330 726 2365 ἣν
741 2330 794 2357 ἔδει
813 2330 932 2366 πληροῦν
946 2332 979 2357 τὰ

1032 2333 1131 2368 cuique
1149 2332 1208 2360 dies
1220 2332 1331 2367 proprie
1347 2332 1498 2359 attributus
1515 2336 1598 2364 esset,
1612 2340 1667 2367 quo
1690 2332 1735 2359 die
1751 2334 1827 2368 jussa

190 2377 396 2412 συντεταγμένα
409 2377 456 2404 καὶ
469 2376 656 2411 προσκομίσαι
671 2376 702 2402 τὸ
723 2375 819 2412 δῶρον,
832 2376 980 2412 προσίεσαν

190 2424 242 2459 μὲν
262 2425 291 2450 ὲν
316 2424 412 2459 κόσμῳ
436 2424 507 2450 κατά
531 2432 564 2457 γε
596 2423 627 2450 τὸ
654 2422 693 2458 τῷ
719 2422 853 2458 νομοθέτῃ
874 2422 979 2449 δοκοῦν

188 2469 260 2505 πλὴν
280 2469 311 2495 οὺ
335 2470 406 2496 κατὰ
432 2469 481 2503 τὴν
509 2469 561 2503 τῆς
585 2469 718 2503 γενέσεως
737 2469 824 2502 τάξιν,
845 2469 903 2504 ἦτοι
919 2469 980 2495 καθ’

188 2515 312 2551 ἡλικίαν,
330 2515 387 2541 ἀλλ’
403 2514 462 2541 οὐδὲ
474 2514 574 2550 ἀναμὶξ
590 2515 637 2541 καὶ
659 2515 741 2550 χύδην
757 2515 865 2548 ἁπλῶς,
885 2523 979 2541 συντε-

189 2560 311 2595 θειμένοι
339 2560 367 2586 δὲ
395 2560 494 2595 μᾶλλον
517 2560 611 2596 ὥσπερ
634 2562 673 2592 είς
700 2562 855 2596 οἰκονομίαν
883 2570 979 2597 μυστι-

188 2607 251 2641 κήν.

227 2653 330 2679 ΠΛΛΛ.
347 2652 402 2678 Καὶ
415 2652 467 2687 μὴν
480 2652 494 2678 ὅ
509 2661 534 2678 τι
549 2652 613 2678 ποτέ
628 2653 700 2679 ὶστιν
714 2653 728 2679 δ
743 2654 805 2689 φὴς,
820 2654 919 2680 ἐννοεῖν
931 2654 980 2680 οὐκ

189 2700 253 2733 ἔχω.
270 2698 360 2733 Φράςε
373 2698 404 2733 δὴ
417 2696 464 2724 οὖν
477 2706 521 2733 μοι
535 2698 638 2731 σαφῶς.

190 2789 271 2817 ΚΥΡ.
293 2790 386 2816 Βούλει
407 2789 531 2823 λέγωμεν
545 2789 572 2814 ὲν
585 2788 660 2820 τάξει
674 2790 720 2816 καὶ
734 2789 850 2825 καθεξῆς
865 2791 929 2822 τοὺς
949 2791 978 2823 ἐξ

1029 2378 1183 2413 perﬁceret,
1201 2386 1233 2406 ac
1249 2378 1351 2405 donum
1368 2378 1490 2411 aﬂ‘erret,
1512 2378 1637 2406 ordinate
1655 2379 1695 2406 illi
1715 2379 1824 2414 quidem

1029 2428 1213 2456 accesserunt,
1228 2429 1259 2452 ut
1278 2424 1426 2460 legislatori
1440 2424 1530 2451 visum
1545 2428 1597 2456 est,
1613 2431 1669 2451 non
1685 2428 1776 2452 tamen
1792 2432 1826 2452 eo

1029 2470 1124 2497 ordine
1147 2478 1202 2505 quo
1224 2470 1340 2506 quisque
1357 2474 1438 2498 natus
1454 2474 1523 2504 erat,
1548 2471 1575 2498 id
1599 2476 1652 2504 est,
1676 2472 1764 2499 aetatis
1780 2480 1825 2500 ra<

1031 2516 1105 2544 tione
1119 2517 1232 2545 minime
1247 2517 1351 2550 habita,
1370 2525 1459 2552 neque
1477 2525 1574 2545 rursus
1584 2518 1697 2545 omnino
1712 2518 1824 2545 confuse

1033 2566 1113 2596 atque
1127 2563 1267 2597 permiste,
1284 2563 1332 2591 sed
1351 2564 1443 2598 potius
1461 2564 1547 2590 veluti
1568 2563 1682 2599 mystica
1697 2564 1824 2591 modera-

1033 2607 1107 2635 tione
1120 2608 1255 2643 dispositi.

1065 2653 1162 2681 PALL.
1179 2654 1323 2689 Equidem,
1335 2655 1407 2690 quod
1422 2663 1437 2682 a
1455 2659 1480 2682 te
1495 2655 1598 2681 dictum
1614 2660 1665 2686 est,
1682 2655 1762 2689 quale
1777 2655 1821 2687 sit,

1029 2708 1083 2727 non
1101 2709 1214 2736 possum
1235 2702 1404 2736 intelligere;
1421 2701 1599 2735 quamobrem
1622 2708 1727 2735 expone
1754 2701 1821 2728 illud

1029 2747 1160 2781 apertius.

1063 2792 1140 2820 ΟΥΕ,
1153 2793 1235 2820 Visne
1263 2799 1293 2821 ut
1308 2793 1404 2821 ordine
1414 2797 1442 2820 et
1455 2798 1654 2828 consequenter
1669 2801 1716 2821 eos
1727 2794 1773 2829 qui
1788 2801 1821 2820 ex

225 2893 247 2910 θ’
262 2891 332 2918 Psal.
348 2898 442 2926 iCXXlX,
459 2889 485 2915 5.
501 2924 510 2926 4
521 2889 546 2926 ξ’
563 2889 614 2916 lsa.
631 2897 706 2923 xuii,
722 2889 766 2918 26.
806 2890 828 2906 ⁸⁸
844 2891 916 2918 Psal.
934 2899 979 2918 xx:

1032 2902 1049 2919 ›.
1091 2893 1113 2908 ⁸⁵
1126 2893 1207 2920 Num.
1224 2901 1270 2926 vn,
1288 2893 1332 2926 88,
1350 2894 1391 2921 80.
1432 2895 1452 2911 "
1472 2894 1553 2922 llibr.
1572 2903 1589 2926 ι,
1609 2895 1634 2921 2.
1676 2895 1696 2910 ⁸⁷
1714 2894 1722 2920 1
1739 2895 1819 2921 10ml.

191 2935 222 2960 ιι,
237 2928 262 2953 2.
302 2925 325 2940 ⁸⁸
341 2925 419 2953 Joan.
444 2932 479 2956 vl,
497 2924 539 2951 64.
