4142 6296
572 350 629 404 Ἠ
643 347 676 407 9

1589 347 1645 403 ε.
1686 341 1961 406 CYRlLLl
1999 350 2468 407 ALEXANDRINI
2505 352 2824 410 ARCHIEP.
3696 366 3786 421 7‘20

572 464 738 520 Jacob
784 464 899 520 nati
941 472 1089 529 sunt,
1119 464 1542 519 recenseamus?
1578 464 1668 521 Sic
1701 466 1850 522 enim
1887 465 2142 522 facillime

2262 467 2455 523 Ἰακὼϐ
2491 468 2818 538 γεγονότας;
2862 469 3039 538 gms;
3078 467 3185 540 γὰρ
3223 467 3289 522 ἂν
3334 468 3534 538 γένοιτο
3561 475 3647 528 καὶ
3682 478 3785 534 λίαν

572 555 924 625 perSpieuum
968 553 1062 610 ﬂet
1089 555 1365 626 quomodo
1394 555 1466 611 sit
1498 557 1827 614 accessionis
1869 557 2006 614 ordo
2039 558 2144 613 im-

570 650 829 697 mutatus.

635 733 834 789 PALL.
863 733 1036 789 Velim
1066 734 1341 806 equidem.

634 823 793 880 CYR.
828 826 926 880 Est
952 826 1119 897 igitur
1155 826 1555 898 primogenitus
1593 827 1820 894 Ruben;
1848 837 1973 899 post
1998 826 2147 885 hunc

569 916 811 983 Simeon,
845 917 1007 988 370
1037 917 1192 984 Levi,
1238 928 1296 973 et
1333 918 1502 974 Judas
1530 934 1600 973 ex
1639 926 1814 973 matre
1861 918 1979 974 Lia.
2018 919 2147 974 Bala

568 1008 769 1065 deinde
813 1010 1011 1065 ancilla
1059 1010 1176 1064 Dan
1208 1018 1266 1065 et
1316 1011 1669 1082 Nephthalim
1711 1011 1902 1081 parit;
1942 1011 2147 1081 Zelpha

568 1101 699 1156 item
726 1102 924 1158 ancilla
956 1101 1088 1168 Liaa,
1120 1101 1235 1158 Gad
1263 1110 1319 1156 et
1338 1100 1495 1157 Aser.
1522 1101 1621 1157 Lia
1650 1116 1846 1157 rursus
1865 1109 1989 1171 post
2012 1100 2149 1155 alios

568 1200 825 1261 quatuor,
858 1192 1107 1248 Issachar
1132 1200 1187 1246 et
1210 1191 1455 1246 Zabulon
1477 1191 1650 1263 gignit
1680 1208 1693 1245 :
1722 1192 1787 1245 de
1815 1191 2022 1245 Rachel
2047 1205 2147 1244 au-

571 1294 678 1338 tem
713 1283 917 1355 Joseph
949 1292 1006 1340 et
1028 1283 1317 1355 Beniamin
1357 1283 1470 1338 nati
1512 1292 1658 1338 sunt.
1690 1283 1860 1354 Igitur
1885 1283 2049 1354 primi
2081 1298 2149 1337 ex

566 1374 665 1430 Lia
695 1375 866 1430 libera
900 1383 1135 1444 quatuor
1158 1385 1304 1441 sunt,
1334 1376 1531 1432 Ruben
1564 1384 1620 1431 et
1652 1376 1894 1442 Simeon,
1929 1375 2060 1430 Levi
2092 1382 2149 1429 et

566 1467 734 1523 Judas
774 1485 787 1521 :
832 1483 901 1523 ex
942 1467 1158 1523 duabus
1206 1485 1372 1540 porro
1411 1470 1627 1524 ancillis
1673 1470 1802 1523 Bala
1844 1478 1901 1525 et
1945 1468 2147 1539 Zelpba

567 1569 822 1631 quatuor,
859 1560 977 1616 Dan
1004 1568 1061 1616 et
1088 1561 1462 1632 Nephthalim,
1496 1561 1611 1617 Gad
1643 1570 1700 1617 et
1729 1562 1864 1616 Aser
1890 1581 1902 1615 :
1937 1561 2024 1617 his
2054 1561 2147 1616 alii

567 1657 804 1724 quatuor
832 1653 1027 1720 additi,
1067 1653 1177 1709 duo
1213 1669 1282 1709 ex
1326 1650 1444 1719 Lia,
1490 1654 1740 1710 Issacbar
1769 1662 1824 1708 et
1861 1653 2144 1722 Zabulon;

566 1743 679 1799 duo
709 1743 840 1798 item
884 1758 953 1799 ex
993 1743 1220 1808 Rachel,
1251 1743 1452 1814 Ioseph
1492 1751 1550 1799 et
1591 1743 1912 1814 Bcnjamin:
1949 1742 2147 1797 memi-

2251 557 2347 611 ὼδ“ι
2374 559 2436 613 τὸ
2472 561 2529 613 ὲν
2557 562 2624 630 τῇ
2650 559 2898 630 προσόδῳ
2930 558 3402 630 παρηλλαγμένον.

2321 732 2528 789 nam.
2570 735 2680 789 Καὶ
2717 734 2883 806 μάλα.

2320 825 2483 878 ΚΥΡ.
2531 823 2688 878 Ἔστι
2727 827 2905 878 τοίνυν
2956 826 3301 897 πρωτότοκος
3359 827 3455 897 μὲν
3488 830 3517 884 6
3553 829 3788 904 Ῥουδὴμ,

2250 913 2335 965 ἐπ’
2387 912 2534 983 αὐτῷ
2578 911 2634 965 δὲ
2678 911 2936 982 Συμεὼν,
2985 913 3152 978 Λευὶ,
3203 915 3298 968 καὶ
3363 913 3556 981 Ἰούδας
3601 919 3701 972 ἀπό
3735 939 3789 990 γε

2252 1005 2459 1078 μητρὸς
2505 1004 2604 1074 τῆς
2644 1006 2829 1068 Λείας.
2880 1004 3029 1060 Βάλα
3088 1006 3147 1060 δὲ
3195 1001 3261 1060 αὖ
3315 1004 3376 1059 τὸ
3422 1006 3792 1079 θεραπαινίδιον

2248 1097 2339 1151 τὸν
2378 1095 2487 1150 Δάν
2518 1113 2578 1149 τε
2625 1097 2718 1150 καὶ
2765 1097 3107 1169 Νεφθαλεὶμ,
3149 1098 3245 1153 καὶ
3293 1098 3400 1171 μὴν
3436 1102 3531 1155 καὶ
3556 1103 3590 1172 ἡ
3631 1104 3793 1172 Ζελφὰ

2251 1188 2510 1259 παιδίσκη
2552 1187 2749 1252 Λείας,
2786 1188 2879 1241 τὸν
2928 1187 3036 1240 Γὰδ
3083 1189 3179 1242 καὶ
3230 1187 3417 1260 ⁹Δσὴρ,
3457 1190 3587 1244 Λεία
3611 1207 3672 1260 γε
3705 1193 3796 1264 μὴν

2249 1280 2385 1352 πρὸς
2411 1281 2522 1341 τοῖς
2550 1277 2731 1342 ἄλλοις
2767 1277 3069 1350 τέσσαρσι,
3100 1277 3191 1331 τὸν
3232 1278 3453 1351 Ἰσάχαρ
3492 1281 3583 1334 καὶ
3616 1280 3797 1335 Ζαϐου-

2248 1372 2354 1426 λὼν
2383 1371 2577 1426 τίκτει·
2610 1370 2872 1441 γενέσθην
2905 1370 2962 1423 δὲ
3016 1369 3109 1423 καὶ
3135 1369 3243 1422 ἀπὸ
3269 1369 3469 1442 Ῥαχὴλ
3512 1371 3698 1443 Ἰωσὴφ
3718 1374 3797 1425 καὶ

2249 1464 2530 1535 Βενιαμίν.
2562 1462 2771 1518 Οὐκοῦν
2814 1461 3024 1534 πρῶτοι
3068 1462 3165 1531 μὲν
3196 1463 3261 1515 ὲκ
3292 1463 3481 1529 Λείας,
3510 1464 3558 1516 οἱ
3588 1463 3644 1530 ἐξ
3667 1463 3798 1518 έλευ-

2257 1555 2421 1626 θέρας
2475 1555 2770 1626 τέσσαρες,
2821 1552 3091 1625 Ῥουεὴμ,
3140 1554 3235 1607 καὶ
3282 1553 3538 1625 Συμεὼν,
3571 1553 3692 1608 Λευὶ
3717 1554 3797 1608 καὶ

2264 1649 2483 1712 Ἰούδας.
2542 1648 2637 1701 Ἐκ
2683 1646 2826 1700 δυοῖν
2870 1645 2928 1699 δὲ
2972 1645 3368 1718 θεραπαίναιν,
3409 1643 3581 1708 Βάλας
3619 1661 3675 1698 τε
3716 1647 3799 1700 καὶ

2252 1740 2495 1810 Ζελφᾶς,
2542 1739 2843 1809 τέσσαρες,
2888 1738 2996 1791 Δάν
3052 1736 3146 1790 καὶ
3187 1734 3540 1806 Νεφθαλεὶμ,
3585 1733 3684 1788 Γὰδ
3719 1734 3798 1786 καὶ

566 1834 715 1890 nisse
746 1843 929 1890 autem
956 1850 1178 1891 necesse
1205 1842 1307 1901 est,
1336 1835 1537 1905 Joseph
1569 1843 1773 1890 sortem
1807 1835 1864 1889 in
1895 1834 2034 1909 duas
2063 1833 2142 1888 di-

2263 1834 2453 1905 ’Λσήρ.
2503 1830 2723 1903 Ἕτεροι
2780 1829 2836 1883 δὲ
2891 1826 2957 1883 αὖ
3015 1829 3109 1881 ἐπὶ
3147 1826 3363 1890 τούτοις
3403 1826 3678 1897 τέσσαρεςθ
3719 1824 3799 1877 δύο

567 1925 741 1980 visam
763 1939 883 1982 esse
902 1925 1100 1990 tribus,
1127 1925 1184 1979 in
1205 1924 1466 1996 Ephraim
1495 1933 1551 1980 et
1568 1924 1834 1991 Manasse,
1860 1924 2052 1979 ambos
2076 1938 2145 1977 ex

568 2017 664 2073 illo
691 2017 905 2089 genitos
930 2019 995 2072 “.

2231 1998 2237 2004 ο
2254 1924 2352 1996 μὲν
2383 1926 2447 1978 ὲκ
2478 1923 2674 2009 Λείας,
2716 1921 2937 1993 Ἰσάχαρ
2964 1937 3024 1973 τε
3065 1920 3160 1974 καὶ
3184 1917 3495 1983 Ζαϐουλὼν,
3532 1918 3634 1972 ἀπὸ
3664 1917 3715 1971 δέ
3744 1932 3798 1984 γε

2249 2016 2348 2086 τῆς
2387 2005 2619 2086 Ῥαχὴὶί,
2671 2012 2871 2082 Ἰωσὴφ
2921 2013 3014 2066 καὶ
3074 2009 3360 2081 Βενιαμίν.
3403 2007 3711 2080 Μεμνῆσθαι
3749 2005 3799 2059 δὲ

565 2110 892 2177 ἀναγκαῖον,
926 2108 1001 2174 ὡς
1040 2110 1118 2172 είς
1161 2107 1256 2162 δύο
1285 2109 1614 2182 μεμέρισται
1664 2108 1837 2179 φυλὰς
1873 2112 1902 2163 6
1937 2109 2137 2181 Ἰωσὴφ
2175 2108 2393 2179 κλῆρος,
2420 2109 2500 2172 εἷς
2563 2123 2624 2161 τε
2686 2104 2777 2160 τὸν
2813 2103 3056 2176 Ἐφρατμ
3110 2102 3205 2158 καὶ
3237 2102 3424 2173 μέντοι
3458 2101 3549 2155 τὸν
3598 2102 3797 2155 Μανασ-

568 2206 693 2277 σῆν,
722 2205 848 2268 τοὺς
876 2204 935 2270 ἐξ
963 2201 1126 2259 αὑτοῦ
1157 2204 1465 2272 γεγονότας.

641 2296 834 2353 PALL.
854 2294 1124 2367 Equidem
1145 2294 1397 2350 ordinem
1415 2297 1698 2352 nominum
1720 2297 1924 2368 optime
1947 2306 2108 2356 teneo
2129 2318 2143 2355 :

567 2390 663 2447 sed
694 2390 771 2446 tui
814 2390 927 2461 jam
961 2385 1123 2443 olIicii
1154 2395 1239 2443 est
1276 2386 1558 2444 declarare
1597 2388 1744 2460 quod
1784 2390 1840 2444 in
1884 2389 1954 2446 iis
1991 2408 2143 2462 quae-

568 2472 731 2537 ritur.

635 2573 792 2630 CVR.
823 2572 927 2641 Qui
964 2588 1089 2628 cum
1126 2573 1286 2629 donis
1318 2571 1673 2641 accedebant,
1712 2573 1939 2640 Palladi,
1970 2574 2026 2630 id
2064 2574 2145 2630 fa-

563 2665 803 2731 ciebant,
834 2680 946 2720 non
978 2664 1160 2720 aetatis
1178 2665 1367 2719 habita
1402 2665 1635 2730 ratione,
1659 2663 1755 2719 sed
1785 2665 1998 2735 primus
2019 2665 2144 2736 qui-

565 2763 690 2817 dem
724 2762 914 2828 Judas,
955 2760 1169 2817 etiamsi
1202 2759 1466 2829 temporis
1496 2757 1691 2813 ordine
1725 2767 1955 2828 quartus
1991 2769 2141 2828 erat;

556 2870 745 2910 .nonus
778 2854 943 2910 etiam
970 2860 1096 2924 post
1123 2866 1251 2905 eum
1282 2849 1530 2905 lssachar
1557 2857 1613 2903 et
1636 2864 1744 2904 una
1772 2849 2020 2906 decimus
2041 2851 2143 2905 Za-

566 2945 753 3001 bulon.
788 2946 918 3001 Post
936 2944 1038 2999 hos
1074 2939 1313 2996 secunda
1340 2939 1511 2994 veluti
1547 2938 1735 2996 classis
1765 2941 2143 3012 consequitur,

564 3036 962 3108 primogenitus
976 3032 1195 3099 Ruben,
1223 3040 1281 3087 et
1304 3030 1399 3102 qui
1424 3030 1685 3101 deinceps
1716 3030 1910 3087 ordine
1943 3047 2143 3088 secun-

567 3127 672 3183 dus
701 3136 786 3182 est
811 3125 1067 3191 Simeon;
1101 3123 1298 3193 hisque
1325 3122 1655 3192 coniunctus
1691 3122 1808 3177 Dan
1842 3138 1909 3177 ex
1947 3124 2143 3179 ancilla

567 3227 750 3273 natus.
799 3217 1018 3271 Tertius
1062 3214 1150 3269 his
1187 3211 1400 3268 accedit
1443 3212 1580 3268 ordo
1619 3228 1689 3268 ex
1730 3214 1908 3269 tribus
1932 3213 2141 3280 liberis,

565 3303 848 3374 Ephraim,
879 3303 1123 3357 Manasse
1162 3309 1219 3356 et
1261 3300 1564 3372 Benjamin.
1607 3300 1811 3367 Quarta
1857 3303 2046 3357 classis
2087 3304 2143 3357 in

564 3393 826 3448 extremis
857 3393 1120 3447 collocata
1152 3400 1237 3447 est
1273 3405 1486 3458 eorum,
1508 3391 1614 3462 qui
1656 3408 1724 3448 ex
1758 3393 1972 3449 ancillis
2009 3394 2142 3450 editi

566 3492 713 3548 sunt,
742 3494 960 3553 tresque
991 3483 1182 3538 itidem
1211 3494 1357 3550 sunt,
1385 3483 1539 3552 _Dan,
1579 3483 1735 3550 Aser,
1766 3483 2139 3555 Nephthalim,

2318 2297 2527 2353 HAAA.
2559 2294 2791 2365 Συνίημι
2839 2295 2941 2364 μὲν
2975 2287 3032 2347 εὖ
3080 2292 3225 2365 μάλα
3260 2293 3376 2349 τῶν
3419 2292 3685 2365 ὀνομάτων
3713 2291 3798 2362 τὴν

2244 2389 2420 2454 τάξιν’
2455 2388 2509 2442 τί
2534 2388 2578 2441 δ’
2620 2387 2686 2441 ἂν
2711 2387 2796 2457 εἴη
2826 2384 3012 2438 λοιπὸν
3038 2384 3097 2439 τὸ
3125 2384 3458 2458 ζητούμενον
3482 2386 3556 2448 ὼς
3585 2384 3637 2438 ἐν
3664 2400 3719 2452 γε
3741 2383 3797 2453 δὴ

2244 2481 2484 2547 τούτοις,
2520 2480 2610 2534 σὸν
2639 2479 2741 2550 ἤδη
2774 2476 3115 2551 διατρανοῦν.

2316 2575 2479 2628 ΚΥΡ.
2516 2574 2840 2645 Προσιόντες
2859 2613 2875 2639 ,
2901 2566 2946 2626 ὦ
2984 2571 3251 2626 Παλλάδιε
3271 2614 3287 2643 ,
3313 2575 3430 2637 τοῖς
3460 2570 3645 2642 δώροις
3675 2569 3794 2638 ἅμα.

2244 2666 2402 2723 τοῦτο
2446 2667 2644 2740 ἔδρων,
2695 2668 2756 2722 οὐ
2812 2665 2934 2720 καθ’
2991 2665 3240 2737 ἠλικίαν,
3291 2664 3436 2719 ἀλλὰ
3478 2662 3681 2736 πρῶτος
3712 2658 3797 2729 μὲν

2257 2759 2478 2826 Ἰούδας,
2547 2760 2727 2814 καίτοι
2769 2760 3028 2832 τέταρτος
3068 2757 3142 2811 ὢν
3175 2757 3318 2812 κατὰ
3359 2756 3568 2829 χρόνον,
3603 2752 3797 2811 ἐννατος

2244 2852 2302 2908 δὲ
2332 2853 2448 2925 μετ’
2482 2853 2645 2908 αὐτὸν
2700 2852 2952 2925 Ίσάχαρ,
2983 2853 3079 2906 καὶ
3114 2852 3209 2906 σὺν
3247 2852 3437 2913 αὐτοῖς
3472 2848 3683 2906 δέκατος
3706 2843 3796 2897 Ζα-

2247 2942 2473 2999 ϐουλὼν.
2522 2943 2810 3017 Συμμορὶα
2843 2942 2899 2996 δὲ
2931 2943 3120 3013 ὥσπερ
3153 2938 3291 3011 μετὰ
3320 2938 3545 3001 τούτους
3572 2932 3794 3002 δευτέρα,

2258 3034 2500 3106 Ῥουὸὴμ
2525 3036 2553 3089 ὁ
2584 3033 2955 3106 πρωτότοκος,
2984 3033 3079 3086 καὶ
3111 3034 3140 3086 6
3167 3031 3408 3103 καθεξῆς
3441 3030 3533 3085 καὶ
3553 3027 3794 3096 δεύτερος,

2246 3127 2493 3200 Συμεών.
2541 3126 2819 3196 Συνῆπται
2857 3125 2914 3178 δὲ
2966 3125 3059 3179 καὶ
3111 3124 3140 3176 6
3172 3123 3280 3176 Δάν
3338 3124 3414 3177 ἐκ
3457 3120 3660 3192 δούλης.
3704 3115 3802 3171 Καὶ

2247 3219 2385 3291 πρός
2425 3235 2490 3287 γε
2549 3217 2613 3289 δὴ
2659 3216 2904 3281 τούτοις,
2954 3215 3144 3286 τάγμα
3187 3215 3248 3267 τὸ
3296 3213 3494 3285 τρίτον
3538 3211 3621 3265 διὰ
3659 3205 3805 3280 τριῶν

2248 3310 2576 3379 ἐλευθέρων,
2623 3307 2864 3379 Ἐφραῖμ
2895 3322 2955 3359 τε
2981 3305 3077 3359 καὶ
3114 3305 3400 3376 Μανασσῆ
3434 3304 3526 3358 καὶ
3552 3299 3802 3372 Βενιαμίν.

2246 3397 2535 3469 Συμμορία
2564 3395 2621 3449 δὲ
2651 3397 2885 3466 τετάρτη
2920 3395 2977 3446 ὲν
3014 3394 3265 3465 ἐσχάτοις
3285 3432 3301 3459 ,
3327 3394 3452 3448 τῶν
3476 3394 3539 3447 ὲκ
3567 3391 3802 3462 θεραπαι-

2246 3489 2351 3544 νῶν
2374 3488 2693 3559 γεγονότων.
2740 3488 2901 3559 Τρεῖς
2959 3487 3017 3540 δὲ
3048 3486 3112 3557 δὴ
3158 3483 3306 3540 οὗτοι
3349 3488 3553 3552 πάλιν,
3593 3483 3691 3538 Δάν
3723 3480 3803 3535 καὶ

564 3574 815 3646 quamvis
832 3583 1079 3645 tempore
1098 3576 1400 3632 nativitatis
1420 3574 1697 3631 anteirent
1717 3576 1940 3647 eos.qui
1961 3578 2142 3647 priore

2260 3581 2425 3653 Ἀσὴρ
2446 3621 2461 3646 ,
2512 3581 2607 3633 καὶ⁹
2654 3577 3005 3649 Νεφθαλεὶμ,
3043 3578 3219 3631 καίτοι
3252 3578 3590 3651 προῦχοντες
3622 3574 3696 3646 τῷ
3716 3572 3802 3641 τῆς

556 3666 687 3720 loco
710 3665 958 3722 collocati
994 3674 1140 3732 sunt,
1177 3666 1460 3743 Ephraim,
1492 3666 1751 3738 inquam,
1798 3675 1856 3722 et
1898 3667 2143 3724 Manasse

564 3764 621 3809 ct
658 3756 960 3827 Beniamin.
992 3756 1134 3812 Num
1167 3756 1332 3827 igitur
1379 3773 1575 3827 parum
1621 3758 1985 3813 necessariam
2020 3774 2142 3813 esse

565 3861 758 3902 censes
784 3847 981 3901 harum
1008 3863 1191 3902 rerum
1226 3849 1673 3918 inquisitionem?

629 4034 825 4089 PALL.
848 4032 968 4106 Ego
1001 4037 1397 4093 vero.maxime
1432 4037 1800 4092 necessariam
1836 4048 2011 4109 puto;
2047 4041 2144 4097 sed

564 4141 813 4195 quaenam
848 4126 918 4180 sit
949 4126 1071 4196 ejus
1104 4126 1183 4180 rei
1213 4127 1374 4191 ratio,
1403 4125 1615 4181 enitere
1643 4134 1705 4181 ut
1727 4127 1862 4182 mihi
1882 4128 2142 4197 explices.

631 4215 788 4271 CVR.
821 4215 1052 4272 Videtur
1071 4231 1136 4272 ea
1155 4231 1266 4282 res,
1296 4227 1357 4273 ut
1381 4232 1481 4289 ego
1505 4216 1765 4283 arbitror,
1795 4233 1894 4288 per
1914 4219 2143 4291 aenigma

564 4308 864 4375 insinuare,
899 4324 1020 4380 quae
1041 4324 1139 4380 per
1159 4307 1438 4365 Christum
1459 4309 1708 4366 instituta
1736 4318 1884 4377 sunt,
1912 4326 1977 4365 ea
2000 4311 2143 4381 apud

561 4399 735 4455 Deum
767 4400 1007 4471 priorem
1053 4401 1235 4456 locum
1275 4410 1484 4467 tenere,
1534 4418 1699 4472 quam
1735 4417 1801 4457 ea
1837 4418 1959 4473 quae
2015 4412 2143 4459 sunt

530 4518 533 4521 -
563 4492 680 4561 lege
710 4491 947 4556 sancita;
987 4499 1043 4547 et
1082 4492 1177 4562 qui
1212 4499 1372 4547 erant
1405 4492 1590 4562 primi,
1625 4506 1722 4547 eos
1758 4506 1881 4547 esse
1917 4491 2143 4548 ultimos

562 4582 764 4649 factos,
798 4599 862 4638 ac
889 4583 1133 4639 vicissim
1173 4584 1397 4639 ultimos
1441 4584 1668 4656 primos.
1697 4583 1855 4649 Nam,
1880 4585 1974 4654 qui
2003 4594 2141 4640 tem-

562 4690 696 4745 pore
718 4675 1062 4746 antiquiores
1087 4686 1262 4743 erant,
1296 4686 1353 4732 et
1374 4677 1446 4732 ob
1474 4692 1595 4733 eam
1624 4691 1843 4731 causam
1872 4677 2142 4748 primoge-

564 4767 687 4832 niti,
707 4767 761 4822 id
783 4775 887 4831 est,
916 4767 1082 4821 lsrael
1100 4776 1288 4837 gentes
1301 4784 1332 4822 a
1349 4777 1502 4839 tergo
1520 4767 1798 4839 sequitur:
1818 4767 2019 4837 quippe
2047 4767 2141 4838 qui

561 4857 818 4928 spiritum
852 4856 1107 4911 servilem
1143 4858 1366 4923 habent,
1414 4867 1470 4912 et
1507 4858 1796 4914 servientis
1837 4858 2141 4914 Jerusalem

565 4950 663 5005 lilii
687 4950 755 5005 de
782 4949 1159 5022 pnestantiorc
1195 4950 1353 5020 371
1389 4950 1558 5020 gloria
1581 4952 1890 5007 concedunt
1914 4950 2041 5006 ﬁliis
2068 4951 2138 5004 li-

564 5043 729 5109 berte,
763 5057 886 5113 qua:
908 5049 993 5097 est
1013 5049 1187 5096 mater
1208 5050 1393 5097 nostra
1414 5042 1680 5106 omnium,
1712 5042 1805 5112 qui
1833 5043 1889 5097 in
1914 5041 2135 5098 Christo

558 5133 840 5205 iustiﬁcati
867 5148 1078 5200 sumus,
1101 5141 1158 5188 et
1187 5147 1286 5203 per
1314 5132 1539 5202 spiritus
1564 5133 1872 5188 libertatem
1907 5134 1973 5189 ad
1996 5135 2137 5190 libe-

563 5243 678 5285 ram
711 5226 1082 5283 conditionem
1108 5225 1303 5281 vocati.
1339 5223 1472 5282 Vide
1502 5224 1671 5289 enim,
1706 5225 1751 5279 si
1779 5226 1975 5295 placet,
2011 5226 2139 5282 dili-

565 5325 779 5386 gentem
839 5317 1004 5390 hujus
1052 5317 1529 5389 eontemplationis
1599 5317 1887 5372 rationem.
1952 5319 2137 5373 Prima

564 5408 712 5462 enim
744 5408 888 5465 inter
940 5419 1167 5466 caeteras
1208 5409 1412 5467 donum
1451 5408 1610 5465 affert
1643 5409 1819 5465 tribus
1860 5409 2029 5474 Juda,
2067 5425 2135 5463 ex

564 5511 675 5566 qua
705 5504 860 5551 ortus
892 5505 975 5553 est
1003 5499 1304 5554 secundum
1346 5514 1566 5555 carnem
1594 5498 1885 5556 Christus:
1920 5508 1978 5555 et
2013 5509 2136 5570 post

565 5602 686 5641 eam
720 5588 981 5643 continuo
1014 5589 1454 5649 tribuslssachar
1475 5601 1531 5650 et
1560 5593 1826 5660 Zabulon,
1850 5592 1944 5663 qui
1974 5591 2136 5647 ambo

672 5722 717 5795 λ’
754 5759 889 5818 Gen.
925 5773 1046 5813 xxxx
1081 5773 1233 5832 seqq.

2245 3675 2514 3743 γενέσεως
2566 3672 2775 3745 χρόνῳ,
2825 3672 2936 3724 τῶν
3000 3671 3076 3735 ὡς
3122 3670 3273 3736 τάξει
3341 3668 3798 3744 προτεταγμένων.

2256 3766 2496 3840 Ἐφραῖμ
2550 3782 2632 3832 τε,
2682 3764 2847 3835 φημὶ,
2902 3763 2997 3817 καὶ
3044 3762 3344 3834 Μανασσῆ,
3404 3763 3498 3818 καὶ
3546 3756 3800 3831 Βενιαμίν.

2246 3852 2371 3929 'Ap‘
2442 3856 2542 3910 ούκ
2609 3854 2915 3924 ἀναγκαίαν
2976 3855 3081 3926 φῂς
3110 3855 3210 3926 τὴν
3280 3855 3380 3909 ἐπὶ
3450 3854 3654 3916 τούτοις
3710 3848 3799 3920 βά-

2246 3962 2405 3999 σανον
2420 3962 2435 4010 ;

2314 4034 2523 4087 ΠΑΛΛ.
2564 4032 2824 4087 Μάλιστά
2850 4048 2941 4100 γε·
2970 4032 3055 4096 τίς
3098 4029 3193 4087 οὖν
3238 4034 3266 4086 6
3303 4032 3490 4105 λόγος,
3523 4028 3689 4103 πειρῶ
3721 4043 3798 4099 μοι

2244 4125 2444 4193 λέγειν.

2315 4217 2479 4271 ΚΥΡ.
2513 4216 2755 4287 Αἴνιγμά
2785 4234 2888 4270 που
2919 4215 2979 4270 τὸ
3008 4215 3198 4288 χρῆμά
3232 4217 3370 4283 ἐστι,
3406 4217 3650 4287 καθάπερ
3674 4204 3799 4281 ἐγῷ-

2247 4327 2345 4378 μαι
2385 4308 2567 4364 πάλιν.
2600 4309 2723 4362 Ὀτι
2755 4310 2907 4375 τάξιν
2952 4307 3064 4380 ἔχει
3107 4311 3209 4381 τὴν
3253 4309 3481 4382 πρώτην
3505 4307 3652 4380 παρὰ
3692 4303 3795 4373 Θεῷ

2242 4401 2309 4462 τὰ
2333 4401 2421 4455 διὰ
2454 4400 2690 4472 Χριστοῦ
2730 4401 2838 4455 τῶν
2874 4403 2930 4455 ὲν
2958 4401 3126 4474 νόμῳο
3180 4404 3276 4457 καὶ
3304 4403 3387 4457 ὅτι
3417 4403 3680 4458 τέθεινται
3710 4397 3796 4468 μὲν

2242 4495 2291 4547 οἱ
2326 4493 2532 4566 πρῶτοι
2556 4493 2795 4566 ἔσχατοι,
2820 4495 2870 4547 οί
2898 4494 2954 4547 δὲ
2979 4494 3198 4566 ἔσχατοι
3249 4496 3481 4568 πρῶτοι.
3519 4496 3580 4549 οι
3611 4492 3710 4563 γάρ
3728 4488 3794 4551 ὡς

2243 4589 2300 4640 ὲν
2355 4588 2533 4659 χρόνῳ
2578 4586 2940 4659 πρεσϐύτεροι
2994 4588 3083 4641 διά
3145 4605 3204 4641 τε
3248 4588 3409 4642 τοῦτο
3460 4585 3792 4658 πρωτότοκοι,

2242 4677 2383 4732 τοῦτ’
2414 4678 2558 4732 ἐστιν
2587 4680 2616 4732 ὁ
2670 4678 2917 4751 Ἰσραὴλ,
2951 4679 3181 4734 κατόπιν
3221 4680 3440 4751 ἔρχεται
3480 4679 3587 4733 τῶν
3618 4672 3791 4731 ἐθνῶν.

2244 4770 2353 4821 Καὶ
2374 4769 2422 4821 οἱ
2451 4769 2511 4821 τὸ
2538 4767 2721 4823 δοῦλον
2757 4768 2971 4841 ἔχοντες
3002 4769 3240 4840 πνεῦμα,
3278 4771 3374 4825 καὶ
3399 4771 3501 4842 τῆς
3532 4763 3792 4823 δουλευού-

2246 4877 2344 4930 σης
2378 4859 2731 4931 Ἰερουσαλὴμ
2756 4861 2883 4927 υἱοὶ,
2916 4861 2978 4914 τὸ
3013 4859 3273 4933 προύχειν
3300 4864 3357 4917 ἐν
3399 4862 3527 4935 δόξῃ
3556 4873 3794 4932 παραχω-

2172 4935 2214 4990 D
2247 4953 2468 5024 ρήσουσι
2533 4956 2645 5018 τοῖς
2697 4954 2797 5025 τῆς
2858 4954 3180 5026 ἐλευθέρας,
3244 4957 3365 5027 ἥτις
3445 4954 3565 5008 έστὶ
3627 4952 3794 5023 μήτηρ

2244 5044 2400 5115 ἡμῶν
2425 5044 2535 5098 τῶν
2572 5048 2633 5099 ὲν
2675 5044 2897 5116 Χριστῷ
2934 5046 3394 5118 δεδικαιωμένων,
3433 5048 3528 5101 καὶ
3555 5048 3633 5108 είς
3655 5039 3795 5096 ἐλεύσ-

2243 5136 2400 5208 θερον
2438 5135 2654 5208 ἀξίωμα
2688 5136 3041 5207 κεκλημένων
3073 5138 3141 5192 δι’
3173 5139 3456 5210 ἐλευθέρου
3481 5135 3791 5206 πνεύματηςο

2246 5227 2388 5298 Ὅρα
2437 5227 2569 5297 γὰρ,
2602 5229 2650 5280 εἰ
2686 5227 2854 5294 δοκεῖ,
2898 5228 3007 5282 τῶν
3048 5229 3421 5302 θεωρημάτων
3463 5228 3526 5281 τὸ
3565 5222 3790 5296 ἀκριϐές-

2244 5316 2441 5388 Πρώτη
2475 5318 2574 5389 μὲν
2602 5318 2711 5390 γὰρ
2754 5319 3021 5391 προσάγει
3055 5320 3117 5373 τὸ
3154 5322 3326 5393 δῶρον
3366 5322 3399 5391 ἠ
3448 5317 3618 5373 Ἰούδα
3645 5312 3790 5386 φυλῆ

2241 5408 2300 5475 ἐξ
2334 5403 2402 5479 ἧς
2428 5408 2597 5479 ἀνέφυ
2630 5411 2771 5465 κατὰ
2802 5411 2977 5484 σάρκα
3013 5415 3267 5487 Χριστός.
3306 5414 3414 5469 Καὶ
3442 5411 3578 5483 μετὰ
3606 5407 3793 5475 ταύτην

2234 5499 2403 5585 κεύθὺς
2445 5501 2477 5571 ἡ
2516 5499 2734 5575 Ἰσάχαρ
2765 5520 2822 5556 τε
2871 5506 2967 5559 καὶ
3002 5505 3306 5563 Ζαϐουλὼν·
3348 5507 3514 5577 ἄμφω
3552 5501 3608 5557 δὲ
3636 5496 3793 5572 ἥσθην

2243 5591 2516 5665 ἐλεύθεροι
2556 5594 2651 5649 καὶ
2683 5594 2744 5662 ἐξ
2781 5596 3097 5670 ἐλευθέρων.
3148 5595 3283 5654 Εἶτα
3321 5596 3574 5669 Ῥουϐὴν.
3602 5596 3631 5649 6
3661 5607 3798 5664 πρω·
