4142 6296
385 341 487 397 ’721

1102 330 1191 387 DE
1230 328 1673 387 ADORATIONE
1711 329 1780 387 IN
1819 327 2091 387 SPIRI'I'U
2129 326 2218 383 ΕΤ
2260 324 2631 384 VERITATE.
2669 355 2739 365 —
2772 322 2902 381 LIB.
2941 322 3009 378 Χ.
3056 348 3059 353 ·

3553 324 3666 382 Ὶὶὲ

386 454 639 515 τότοκος,
675 442 902 517 Συμεὼν
940 456 1000 494 τε
1055 440 1151 495 καὶ
1191 440 1321 506 Γὰδ,
1358 440 1417 506 δς
1469 441 1619 497 ἐστιν
1661 442 1728 496 ἐκ
1754 440 1968 513 δούλης.

2080 440 2239 497 liberi
2278 447 2439 497 erant
2467 448 2524 495 et
2548 453 2618 494 ex
2652 436 2877 505 liberis;
2915 435 3115 493 deinde
3152 435 3349 493 Ruben
3384 439 3661 511 primogeo

390 541 725 616 Σημαίνεται
764 535 824 591 δὲ
855 532 945 590 διὰ
973 533 1180 589 τούτων
1215 535 1245 587 6
1284 533 1524 606 Ἰσραήλ.
1579 534 1691 589 Καὶ
1715 534 1849 605 φέρε
1874 533 1974 598 τὰς

389 634 475 703 ἐφ’
502 629 721 698 ἑκάστῳ
761 624 1045 697 λέγωμεν,
1078 625 1146 679 ὲκ
1172 623 1275 695 τῆς
1308 623 1398 678 ἐπ’
1442 624 1629 688 αὐτοῖς
1673 623 1974 695 γενομένης

388 719 731 793 προφητείας
775 716 836 785 ἐξ
879 715 1078 771 Ἰακὼϐ
1112 715 1482 786 συλλέγοντες.
1533 717 1677 787 Ἔφη
1726 715 1905 769 τοίνυν
1945 716 1974 769 6

386 812 676 876 θεσπέσιος
736 809 953 865 Ἰακώϐ·
989 830 1009 865 ε
1050 810 1295 882 Ῥουὸὴμ
1329 809 1672 883 πρωτότοκός
1719 826 1821 881 μου
1841 850 1856 877 ,
1908 809 1973 863 σὺ

391 903 544 977 ἰσχύς
586 921 713 977 μου,
744 901 842 957 καὶ
873 903 1016 974 ἀρχὴ
1048 902 1256 957 τέκνων
1290 919 1415 973 μου,
1449 901 1686 975 σκληρὸς
1708 901 1973 973 φέρεσθαι

390 1000 485 1052 καὶ
521 995 757 1070 σκληρὸς
789 980 1050 1066 αῦθὰδης·
1102 1012 1122 1048 ι
1162 994 1258 1048 καὶ
1304 995 1488 1049 πάλιν·
1549 1013 1568 1046 ι
1605 992 1831 1064 Συμεὼν
1879 994 1976 1048 καὶ

391 1090 524 1145 Acut
566 1087 783 1158 ἀδελφοὶ
838 1086 1199 1142 ,συνετέλεσαν
1227 1086 1444 1143 ἀδικίαν
1491 1084 1553 1151 ἐξ
1582 1084 1852 1156 αἱρέσεως
1876 1084 1977 1138 αὐ-

393 1180 521 1235 τῶν.
567 1181 664 1245 Είς
723 1177 916 1251 βουλὴν
962 1178 1145 1232 αὐτῶν
1193 1176 1271 1251 μὴ
1317 1178 1535 1250 εἰσέλθῃ
1567 1180 1601 1250 ή
1650 1178 1798 1250 ψυχή
1846 1194 1972 1249 μου,

390 1274 485 1342 καὶ
515 1272 609 1326 ἐπὶ
650 1274 717 1344 τῇ
761 1271 1021 1326 συστάσει
1065 1269 1244 1326 αὐτῶν
1289 1274 1364 1342 μὴ
1406 1273 1614 1342 ἐρεῖσαι
1656 1271 1725 1325 τὰ
1780 1271 1972 1344 ἥπατά

393 1384 517 1440 μουο
550 1368 635 1422 ὅτι
681 1368 738 1421 ὲν
786 1365 865 1438 τῷ
889 1364 1047 1445 θυμῷ
1066 1365 1245 1420 αὐτῶν
1271 1366 1603 1422 ἀπέκτειναν
1627 1364 1974 1439 ἀνθρώπους,

391 1456 486 1509 καὶ
518 1454 576 1509 ἒν
611 1458 677 1529 τῇ
723 1456 987 1530 ἐπιθυμίᾳ
1029 1458 1210 1513 αὐτῶν
1272 1461 1715 1531 ὲνευροκόπησαν
1751 1460 1973 1534 ταῦρον.

406 1543 840 1617 Ἐπικατάρατος
875 1548 904 1601 6
933 1546 1104 1618 θυμὸς
1130 1547 1331 1614 αὐτῶν,
1374 1550 1458 1603 ὅτι
1508 1548 1771 1622 αὐθάδης,
1804 1550 1899 1604 καὶ
1942 1550 1976 1621 ἡ

397 1635 561 1707 μῆνις
601 1636 802 1702 αὐτῶν,
834 1636 917 1692 ὃτι
959 1639 1325 1712 ἐσκληρύνθη.
1384 1659 1403 1693 ι
1452 1640 1591 1711 Περὶ
1626 1640 1683 1693 δὲ
1734 1640 1830 1695 τοῦ
1868 1640 1976 1695 Γὰδ

393 1726 498 1800 ἔφη
522 1727 686 1783 πάλιν
716 1728 864 1784 τάδε·
898 1751 916 1783 ι
951 1733 1314 1804 Πειρατήριον
1348 1732 1716 1802 πειρατεύσει,
1749 1732 1842 1786 καὶ
1877 1733 1976 1786 αὑ-

2072 532 2246 598 nitus,
2272 530 2517 597 Simeon,
2547 540 2604 586 et
2620 530 2757 594 Gad,
2785 529 2881 600 qui
2904 537 2988 585 est
3017 545 3086 585 ex
3115 522 3310 586 ancilla
3339 539 3533 599 natus;
3562 548 3665 605 per

2074 620 2175 675 hos
2207 630 2392 676 autem
2418 620 2584 675 Israel
2621 617 2982 691 signiﬁcatur.
3009 618 3120 690 Age
3148 635 3301 690 ergo,
3322 618 3390 675 de
3415 635 3664 691 unoquo-

2073 727 2182 783 que
2219 712 2488 777 dicamus,
2514 721 2679 781 atque
2701 726 2769 765 ex
2815 710 2883 765 iis
2909 725 3031 780 quae
3049 725 3080 764 a
3099 710 3267 766 Iacob
3297 711 3366 767 de
3390 710 3498 767 illis
3519 726 3667 782 ρεαδ--

2075 804 2223 860 dicta
2251 810 2400 868 sunt,
2446 802 2699 858 nonnihil
2739 817 3040 857 sumamus.
3080 800 3229 855 Dixit
3262 802 3430 873 igitur
3468 803 3673 859 beatus

2072 894 2242 951 Jaeob
2278 911 2293 947 ι
2335 912 2353 945 ι
2390 891 2584 946 Ruben
2630 891 3032 962 primogenitus
3074 906 3252 955 meus,
3298 901 3351 947 tu
3402 893 3669 953 fortitudo

2072 1002 2219 1054 mea,
2243 995 2301 1042 et
2331 984 2669 1057 principium
2698 983 2941 1038 ﬁliorum
2973 984 3451 1049 meorum,,durus
3477 987 3546 1041 ad
3582 987 3667 1044 fe-

2076 1076 2332 1141 rendum,
2356 1074 2532 1129 durus
2555 1083 2612 1129 et
2653 1089 2858 1146 procax
2881 1074 2949 1127 7°.
2986 1091 3005 1124 ι
3039 1073 3364 1129 Etitcrum:
3397 1094 3414 1127 ι
3444 1076 3671 1135 Simeon

2075 1177 2133 1224 et
2156 1167 2289 1223 Levi
2325 1165 2523 1223 fratres
2556 1163 2911 1236 perfecerunt
2942 1162 3291 1234 iniquitatem
3315 1180 3384 1219 ex
3414 1166 3670 1221 instituto

2078 1276 2199 1317 suo.
2230 1261 2289 1316 In
2311 1260 2602 1317 consilium
2633 1273 2827 1313 eorum
2857 1272 2970 1312 non
3008 1256 3178 1312 intret
3219 1258 3404 1315 anima
3442 1274 3585 1324 mea,
3616 1270 3671 1315 et

2078 1356 2135 1410 in
2167 1354 2574 1426 conspiratione
2602 1367 2795 1407 eorum
2825 1366 2937 1406 non
2969 1351 3241 1408 innitatur
3261 1354 3420 1425 jecur
3451 1367 3634 1408 meum
3653 1370 3698 1417 ,·

2078 1448 2211 1519 quia
2234 1447 2292 1502 in
2312 1446 2500 1502 furore
2531 1461 2633 1502 suo
2653 1444 2982 1500 occiderunt
3001 1444 3171 1511 viros,
3199 1453 3256 1501 et
3280 1447 3338 1501 in
3368 1443 3677 1515 cupiditate

2078 1542 2187 1597 sua'
2218 1538 2696 1595 subnervaverunt
2736 1545 2956 1593 taurum
2986 1538 3362 1595 :-maledic.tus
3392 1537 3546 1594 furor
3572 1555 3671 1595 eo-u

2080 1649 2225 1699 rum,
2278 1633 2408 1703 quia
2450 1632 2723 1705 pertinax,
2763 1639 2820 1687 et
2853 1632 2934 1686 ira
2965 1646 3182 1698 eorum,
3232 1631 3358 1702 quia
3401 1631 3674 1702 obdurata

2079 1734 2164 1781 est
2193 1726 2262 1779 “.
2303 1744 2320 1776 ι
2357 1725 2435 1781 De
2465 1724 2582 1780 Cad
2606 1739 2739 1780 vero
2773 1724 2892 1779 haec
2915 1740 3111 1781 rursus
3139 1723 3279 1778 dixit
3309 1742 3322 1777 :
3362 1744 3381 1774 ι
3418 1724 3675 1780 Tentatio

389 1792 498 1884 τός.
521 1821 871 1893 πειρατεύσει
910 1792 1077 1878 αὑτὸν
1103 1792 1458 1890 ttat-61:66“:
1494 1843 1512 1877 ι
1545 1792 1755 1880 Οὐκοῦν
1784 1827 1842 1880 ὲν
1878 1827 1974 1897 μὲν

2082 1816 2313 1871 tentahit
2336 1831 2487 1881 eum,
2518 1824 2574 1870 et
2594 1815 2712 1886 ipse
2744 1815 2980 1871 tentabit
3014 1830 3142 1871 eum
3167 1830 3327 1871 secus
3353 1814 3523 1885 pedes
3540 1816 3623 1884 _"..
3649 1835 3667 1865 ι

390 1910 470 1984 τῷ
523 1911 769 1986 Ῥουὸὴμ
832 1916 1151 1989 σημαίνοιτο
1201 1918 1267 1975 ἃν
1314 1919 1539 1984 εἰκότως
1584 1922 1613 1974 6
1671 1920 1908 1993 Ἰσραὴλ,
1948 1920 1977 1973 6

390 2004 740 2076 πρωτότοκος
783 2006 882 2078 μὲν
929 2009 1072 2063 κατὰ
1119 2009 1344 2082 χρόνον,
1393 2010 1627 2081 σκληρὸς
1679 2010 1735 2065 δὲ
1778 2009 1843 2082 δὴ
1884 2011 1976 2065 καὶ

391 2095 635 2169 αὐθάδης
663 2100 759 2153 καὶ
792 2098 1092 2173 ὑϐριστής·
1137 2103 1195 2158 ιν
1239 2102 1299 2157 δέ
1340 2119 1405 2172 γε
1432 2102 1509 2174 τῷ
1541 2103 1785 2173 Συμεὼν,
1816 2096 1861 2173 ᾧ
1884 2103 1977 2158 καὶ

394 2189 663 2259 συνῆπται
737 2189 904 2256 Acut,
952 2191 1030 2255 ὡς
1076 2190 1299 2264 ἕτοιμος
1350 2193 1432 2256 εις
1488 2194 1832 2264 μιαιφονίαν,
1882 2196 1979 2249 καὶ

392 2281 709 2347 ἀπεκτονὼς
763 2282 862 2353 μὲν
910 2283 1127 2352 ἁγίουςι
1176 2303 1194 2337 ι
1236 2284 1412 2339 Τίνα»
1448 2286 1584 2357 γὰρ,
1620 2287 1775 2358 φησὶ,
1807 2306 1826 2339 ι
1866 2286 1979 2342 τῶν

394 2373 689 2444 προφητῶν
717 2373 818 2428 οὐκ
841 2374 1170 2429 ἀπέκτειναν
1189 2376 1240 2429 οί
1273 2375 1508 2449 πατέρες
1536 2376 1691 2448 ὑμῶν
1713 2395 1727 2442 ;
1753 2397 1771 2429 ι
1794 2368 1979 2451 νευρο-

394 2466 644 2535 κοπήσας
691 2464 748 2520 δὲ
794 2464 985 2538 ῶσπερ
1030 2467 1126 2521 καὶ
1175 2466 1415 2538 ταῦρον,
1460 2468 1520 2534 ὃς
1562 2471 1678 2524 ἐστι
1719 2472 1976 2541 Χριστός.

393 2556 471 2611 οὐ
503 2556 695 2629 γάρτοι
747 2558 908 2629 μόνος
935 2561 964 2614 6
995 2559 1106 2614 τῶν
1157 2560 1427 2618 Ἰουδαίων
1469 2565 1864 2635 καταφωρᾶται
1890 2581 1980 2619 τε-

391 2646 683 2719 τολμηκὼς
721 2649 791 2705 τὰ
831 2650 975 2705 κατὰ
1015 2651 1124 2706 τῶν
1184 2652 1356 2720 ἁγίων
1414 2653 1510 2707 καὶ
1548 2653 1690 2708 κατά
1735 2655 1976 2727 Χριστοῦ

393 2739 743 2813 τολμήματα,
778 2742 1080 2816 συνέδραμε
1119 2743 1177 2799 δὲ
1214 2745 1429 2810 τούτοις
1459 2747 1553 2801 καὶ
1582 2747 1610 2799 6
1643 2746 1797 2812 Asu't,
1830 2747 1977 2802 τοῦτ’

393 2828 511 2886 εστι
536 2831 597 2887 τὸ
624 2834 766 2907 ἱερὸν
789 2834 969 2905 γένος,
1001 2836 1051 2889 οἱ
1074 2834 1153 2908 τῷ
1187 2835 1559 2911 θυσιαστηρίῳ
1596 2840 1980 2913 προσεδρεύον-

394 2939 522 2988 τες,
570 2924 926 2997 Γραμματεῖς
969 2944 1028 2982 τε
1070 2928 1166 2982 καὶ
1211 2930 1514 3002 Φαρισαῖοι.
1560 2931 1657 2986 Διὰ
1705 2930 1883 2997 τοῦτο,
1922 2936 1980 2988 ὲν

395 3016 521 3080 ταῖς
546 3014 642 3069 τοῦ
681 3018 1030 3091 προπάτορος
1069 3019 1267 3075 Ἰακὼὸ
1298 3022 1660 3094 προφητείαις
1679 3065 1693 3089 ,
1723 3024 1977 3091 συνέζευ-

2077 1908 2251 1982 Igitur
2276 1923 2375 1978 per
2402 1907 2601 1963 Ruben
2623 1922 2736 1962 non
2768 1908 3009 1964 absurde
3040 1908 3208 1964 Israel
3238 1907 3543 1977 accipitur;
3563 1907 3677 1975 pri-

2078 1998 2391 2070 mogenitus
2428 1998 2522 2054 ille
2550 1997 2775 2069 quidem
2811 2000 3077 2070 temporis
3119 1998 3336 2065 ordine,
3369 1997 3467 2054 sed
3499 1997 3676 2053 durus

2077 2101 2134 2148 et
2164 2107 2371 2163 procax
2413 2098 2473 2146 et
2513 2091 2947 2147 contumeliosus
2986 2110 3000 2145 :
3038 2106 3139 2162 per
3187 2090 3414 2147 Simeon
3464 2097 3673 2153 autem,

2079 2185 2169 2240 cui
2209 2186 2540 2256 conjunctus
2563 2194 2648 2239 est
2668 2184 2823 2251 Levi,
2847 2185 2992 2241 idem
3026 2184 3264 2256 populus
3291 2191 3355 2238 ut
3375 2183 3444 2238 ad
3472 2182 3675 2238 caedem

2078 2286 2453 2352 promptus,et
2467 2283 2783 2333 sanctorum
2800 2277 3015 2332 occisor
3031 2275 3375 2348 signiﬁcatur
3395 2294 3440 2330 ε(
3455 2274 3630 2343 Quem
3651 2294 3669 2325 ι

2080 2370 2229 2425 enim
2269 2388 2288 2421 ι
2326 2367 2749 2439 prophetarum,
2798 2386 2816 2418 ι
2851 2364 3054 2436 inquit,
3118 2383 3137 2417 ι
3176 2381 3288 2420 non
3352 2361 3677 2420 occiderunt

2082 2470 2266 2533 patres
2288 2460 2457 2516 vestri
2490 2459 2571 2514 "tl
2592 2479 2609 2512 ι
2636 2460 2711 2515 Ει
2736 2465 2955 2513 taurum
2981 2464 3271 2527 praeterea,
3298 2456 3395 2527 qui
3419 2455 3676 2513 Christus

2078 2562 2184 2620 est,
2220 2551 2615 2609 subnervavit:
2656 2564 2838 2620 neque
2880 2549 3031 2606 enim
3078 2548 3396 2605 Iudaeorum
3440 2547 3678 2619 populus

2080 2646 2350 2702 duntaxat
2387 2643 2572 2700 moliri
2610 2658 2779 2698 ausus
2811 2649 2896 2696 est
2929 2640 3022 2697 illa
3050 2639 3316 2696 adversus
3347 2647 3569 2695 sanctos
3589 2639 3676 2694 vi-

2080 2752 2172 2794 ros
2225 2745 2391 2808 atque
2422 2736 2604 2808 ipsum
2625 2735 2910 2791 Christum
2940 2732 3221 2800 facinOra;
3256 2732 3354 2789 sed
3379 2730 3513 2788 Levi
3537 2746 3677 2802 quo~

2080 2847 2188 2902 que
2214 2846 2273 2887 se
2304 2830 2372 2886 iis
2401 2830 2614 2886 socium
2650 2828 2920 2899 adiunxit,
2966 2841 3123 2883 sacra
3164 2824 3428 2882 nimirum
3475 2824 3677 2889 tribus,

2080 2922 2176 2993 qui
2211 2922 2372 2978 altari
2393 2921 2601 2992 jugiter
2632 2929 2834 2991 praesto
2863 2927 3055 2985 erant,
3108 2916 3321 2973 Scriba:
3360 2929 3584 2988 quoque
3613 2929 3682 2971 ac

2081 3014 2367 3071 Pharisaei.
2393 3012 2605 3068 Idcirco
2629 3012 2684 3065 in
2715 3009 3173 3082 praedictionibus
3196 3009 3366 3065 Jacob
3389 3008 3554 3081 primi
3578 3022 3679 3080 pa-

395 3124 524 3161 κται
562 3106 640 3180 τῷ
679 3109 906 3181 Συμεὼν
953 3111 1046 3165 καὶ
1074 3114 1103 3167 6
1133 3114 1284 3169 Δευτ.
1323 3115 1414 3169 Ἐν
1446 3115 1502 3168 δέ
1538 3131 1603 3184 γε
1649 3116 1727 3188 τῷ
1761 3117 1889 3184 Γὰδ,
1919 3118 1978 3182 ὅς

2086 3105 2261 3160 rentis
2284 3118 2409 3159 cum
2436 3102 2659 3158 Simeon
2686 3101 3042 3173 coniungitur
3090 3099 3243 3156 Levi.
3278 3099 3384 3156 Per
3415 3098 3532 3157 Gad
3575 3115 3677 3155 au.

397 3198 549 3253 ἐστιν
576 3200 641 3255 ὲκ
665 3199 860 3272 δούλης
898 3203 993 3257 καὶ
1024 3206 1402 3279 πειρατήριον,
1432 3207 1508 3271 ώς
1533 3208 1801 3280 δυσγενὴς
1841 3211 1983 3265 κατὰ

394 3287 659 3363 γνώμην,
705 3291 800 3347 καὶ
848 3294 1125 3366 πειράζων
1164 3297 1255 3353 τὸν
1321 3299 1556 3370 Ἰησοῦν,
1607 3301 1704 3356 καὶ
1748 3302 1985 3373 παγίδας

398 3381 572 3448 ιστὰς,
606 3383 687 3448 είς
715 3388 1056 3458 κακουργίας
1096 3389 1265 3462 αὐτῷ·
1307 3392 1621 3464 προσῄεσαν
1661 3396 1770 3468 γὰρ
1794 3395 1984 3466 λέγον-

396 3490 511 3538 τες,
558 3494 577 3528 ι
634 3476 853 3544 Ἔξεστι
909 3477 1094 3534 δοῦναι
1155 3481 1360 3555 φόρους
1418 3484 1767 3560 Καίσαρι,ή
1818 3488 1916 3555 οῦς
1958 3509 1975 3541 ι

399 3561 647 3629 Οὐκοῦν,
690 3566 890 3620 ἅνοίσω
936 3570 1042 3640 γὰρ
1091 3564 1249 3635 αὖθις
1298 3573 1380 3636 εἰς
1434 3572 1497 3628 τὸ
1544 3575 1602 3629 ὲν
1647 3576 1845 3649 ἀρχαῖς
1889 3578 1983 3632 τὸν

396 3651 580 3723 λόγον,
624 3656 654 3709 6
686 3659 744 3711 ὲν
787 3660 964 3730 χρόνῳ
1002 3662 1349 3732 πρωτότοκος
1386 3665 1623 3739 Ἰσραὴλ,
1667 3670 1696 3722 6
1744 3669 1980 3743 σκληρὸς

398 3743 495 3799 καὶ
532 3744 771 3819 αὐθάδης
803 3751 894 3802 καὶ
927 3749 1212 3824 ὑϐριστὴς,
1247 3756 1275 3809 6
1306 3755 1597 3829 πρόχειρος
1630 3760 1710 3823 είς
1755 3761 1979 3830 μιαιφο-

396 3835 541 3900 νίαν,
579 3838 673 3892 καὶ
704 3838 982 3913 ἐπάρατον
1019 3841 1119 3912 μὲν
1153 3843 1252 3915 τὴν
1287 3844 1448 3916 μῆνιν
1477 3847 1637 3918 ἔχων,
1666 3850 1983 3919 ἀπεκτονὼς

395 3927 455 3980 δὲ
479 3927 821 4001 ἀνθρώπους,
852 3933 948 3988 καὶ
969 3938 1385 4017 νευροκοπήσας
1413 3940 1636 4013 ταῦρον,
1666 3945 1695 3998 6
1718 3945 1982 4019 δυσγενὴς

396 4019 493 4074 καὶ
532 4021 732 4093 πικρὸς
768 4026 849 4089 είς
882 4020 1099 4091 δόλους,
1147 4028 1243 4083 καὶ
1276 4030 1511 4099 παγίδας
1550 4034 1703 4101 ἱστὰς
1737 4038 1831 4092 καὶ
1867 4057 1982 4094 πει-

398 4113 686 4185 ρατήριον,
718 4117 948 4172 κατόπιν
990 4120 1250 4175 τέτακται
1290 4123 1401 4178 τῶν
1435 4127 1493 4179 ὲν
1534 4128 1758 4201 Χριστῷ
1787 4148 1847 4184 τε
1888 4134 1984 4187 καὶ

394 4203 731 4277 ἐλευθέρων,
781 4207 877 4261 καὶ
940 4210 989 4263 εί
1044 4210 1329 4284 ἐλεύθερος
1370 4217 1513 4286 .μεθ’
1564 4221 1748 4291 ἡμᾶς,
1801 4222 1877 4289 ὡς
1925 4226 1984 4280 ὲν

393 4293 516 4365 ὄψει
554 4296 710 4368 μόλις
749 4296 1005 4369 ἔρχεσθαι
1043 4301 1200 4359 Θεοῦ.

347 4458 363 4567 l
469 4477 678 4534 IIAAA.
711 4477 786 4534 Εὖ
821 4479 977 4551 ἔφης.

357 4582 363 4594 ‘
465 4572 634 4628 ΚΥΡ.
678 4573 1007 4646 Ἀναμάθοις
1038 4575 1083 4629 δ’
1129 4575 1196 4630 ἂν
1230 4578 1258 4632 ὃ
1292 4595 1464 4650 φημι,
1501 4578 1596 4633 καὶ
1637 4583 1750 4646 τοῖς
1783 4583 1982 4655 ἐφεξῆς

390 4663 485 4717 τὸν
511 4665 637 4719 νοῦν
663 4667 909 4736 ἐφιστάς.
936 4667 1100 4739 Τρεῖς
1127 4669 1238 4740 γὰρ
1260 4669 1505 4740 ἀλλήλων
1538 4672 1789 4743 ἐχόμενοι
1820 4691 1985 4746 προσ-

393 4756 652 4828 εκόμιζον
685 4757 902 4829 ἐφεξῆς,
934 4758 995 4825 ἐξ
1019 4760 1312 4834 ἐλευθέρας
1344 4764 1445 4834 τῆς
1483 4751 1685 4835 Ῥαχὴλ
1707 4803 1722 4829 ,
1742 4764 1980 4837 Ἐφραῖμ

392 4863 454 4901 τε
494 4848 590 4903 καὶ
618 4851 957 4923 Μανασσῆςῖ
985 4847 1118 4907 Εἶτα
1148 4856 1301 4927 τρεῖς
1337 4854 1585 4926 ἀλλήλων
1612 4857 1865 4927 ἐχόμενοί
1919 4875 1979 4910 τε

395 4941 494 4995 καὶ
538 4941 656 5012 μετ’
692 4943 937 5009 ἐκείνους
979 4947 1028 4999 οἱ
1076 4947 1141 5000 ὲκ
1192 4946 1569 5019 θεραπαινῶν,
1618 4947 1765 5018 φημὶ
1804 4947 1861 5002 δὲ
1913 4948 1979 5019 δὴ

395 5033 596 5101 πάλιν,
629 5034 769 5100 Δάν,
800 5036 969 5108 Ἀσήρ
1015 5055 1075 5091 τε
1121 5040 1215 5092 καὶ
1261 5039 1601 5111 Νεφθαλείμ.
1653 5040 1850 5113 Συνίης
1886 5037 1981 5095 οὖν

394 5124 481 5178 ὅτι
512 5126 964 5197 πῳεισόάλλουσι
997 5128 1096 5198 μὲν
1130 5124 1226 5182 κάι
1267 5129 1654 5201 ἐκτετίμηνται
1683 5129 1804 5185 λίαν
1837 5132 1888 5185 οἱ
1919 5132 1980 5196 ἐξ

396 5215 719 5289 ἐλευθέρας,
774 5219 1000 5272 ἕπονταί
1046 5236 1111 5288 γε
1160 5221 1268 5292 μὴν
1315 5222 1365 5275 οἱ
1420 5223 1484 5275 ὲκ
1539 5223 1972 5295 θεραπαινῶν’ἢ

395 5308 518 5379 οὐχὶ
551 5309 709 5363 τοῦτό
740 5311 890 5362 ἐστιν
938 5309 1203 5378 ἐναργὲς,
1235 5310 1265 5363 6
1299 5311 1394 5365 ml.
1438 5312 1602 5376 αὐτὸς
1646 5313 1779 5384 ἡμῖν
1809 5315 1838 5367 6
1885 5313 1974 5367 θε-

398 5398 622 5465 σπέσιος
682 5400 885 5471 γράφει
927 5399 1173 5464 Παῦλος;
1211 5421 1229 5452 ‹
1270 5403 1438 5457 Ὅταν
1462 5422 1479 5455 ›
1506 5405 1635 5477 γὰρ,
1672 5406 1826 5477 φησὶ,
1873 5423 1892 5457 ι
1920 5405 1979 5458 τὸ

396 5492 674 5567 πλήρωμα
704 5492 811 5546 τῶν
841 5490 1010 5544 ἐθνῶν
1039 5491 1255 5563 εἰσέλθῃ
1279 5532 1292 5556 ,
1319 5493 1439 5547 τότε
1471 5497 1579 5559 πᾶς
1621 5496 1837 5567 Ἰσραὴλ
1874 5514 1979 5550 σω-

399 5582 646 5652 θήσεται.
686 5601 703 5631 ι

473 5785 519 5818 ⁷⁸
561 5784 696 5842 Gen.
745 5799 888 5848 XLIX,
932 5779 984 5847 ’5.
1018 5783 1067 5838 υἱ.
1150 5786 1187 5820 ⁷³
1225 5781 1362 5845 Ibid.
1424 5789 1542 5845 5-7.
1627 5794 1667 5824 ⁷²
1713 5790 1851 5848 Ibid.
1894 5792 1977 5848 19.

2088 5794 2104 5824 ~"
2142 5792 2260 5848 Act.
2310 5810 2401 5859 vn,

2088 3208 2221 3262 tem,
2253 3196 2347 3267 qui
2368 3202 2455 3252 est
2491 3208 2523 3250 e
2545 3208 2724 3260 serva,
2752 3201 2808 3248 et
2835 3199 3255 3257 tentamentum,
3292 3192 3436 3248 idem
3470 3190 3677 3246 intelli-

2087 3292 2259 3364 gitur,
2291 3296 2353 3345 ut
2380 3289 2477 3360 qui
2507 3301 2673 3343 sensu
2695 3295 2751 3342 et
2777 3284 2963 3341 animo
2996 3283 3069 3341 sit
3109 3269 3362 3356 ignobili,
3404 3290 3462 3338 et
3488 3280 3676 3339 Iesum

2087 3391 2283 3451 tentet,
2319 3390 2486 3452 atque
2525 3379 2750 3435 malitiae
2798 3392 2912 3434 suae
2956 3378 3185 3449 laqueos
3214 3374 3405 3431 tendat
3436 3391 3450 3427 :
3488 3388 3675 3429 acces-

2085 3483 2277 3531 serunt
2298 3473 2466 3541 enim,
2496 3472 2744 3529 dicentes
2774 3491 2785 3525 :
2818 3490 2835 3524 ι
2861 3470 3019 3527 Licet
3043 3484 3271 3527 censum
3300 3468 3430 3523 dare
3453 3466 3675 3529 Caesari,

2085 3584 2156 3623 an
2181 3583 2293 3622 non
2316 3565 2414 3620 ’δῖ’
2453 3584 2472 3616 ι
2505 3564 2681 3636 Igitur
2701 3605 2716 3631 ,
2744 3572 2807 3618 ut
2833 3564 2901 3619 ad
2933 3563 2987 3618 id
3020 3561 3170 3633 quod
3220 3560 3379 3625 initio
3423 3558 3675 3615 dicebam

2085 3674 2339 3715 revocem
2379 3657 2686 3714 orationem
2743 3672 2946 3720 meam,
2994 3655 3087 3711 ille
3132 3654 3307 3725 372
3344 3651 3531 3717 Israel,
3580 3651 3676 3721 qui

2084 3750 2351 3821 temporis
2396 3748 2590 3804 ordine
2638 3746 3044 3820 primogenitus
3080 3753 3220 3810 erat,
3277 3744 3370 3798 ille
3416 3742 3590 3798 durus
3622 3753 3678 3798 et

2083 3858 2287 3914 procax
2316 3849 2373 3896 et
2400 3839 2853 3905 contumeliosus,
2890 3838 2982 3895 ille
3016 3842 3306 3910 promptus
3346 3832 3417 3891 ad
3448 3833 3675 3899 caedem,

2084 3942 2140 3989 et
2162 3934 2256 4005 qui
2286 3932 2635 3989 maledictam
2658 3932 2800 3987 iram
2831 3930 3055 3995 retinet,
3083 3938 3141 3985 et
3168 3926 3422 3983 homines
3450 3925 3674 3989 occidit,

2084 4030 2141 4079 et
2173 4021 2531 4079 subnervavit
2556 4030 2800 4087 taurum,
2843 4021 2936 4077 ille
2973 4020 3233 4092 ignobilis
3269 4027 3326 4075 et
3354 4019 3586 4075 acerbus
3608 4017 3677 4074 ad

2086 4117 2383 4175 struendos
2408 4117 2587 4185 dolos,
2626 4125 2683 4173 et
2711 4118 2808 4189 qui
2841 4117 3070 4188 laqueos
3098 4114 3298 4181 tendit,
3327 4122 3386 4169 et
3413 4121 3674 4177 tentator,

2086 4212 2327 4283 denique
2355 4219 2481 4282 post
2504 4225 2623 4276 eos,
2654 4210 2751 4280 qui
2783 4210 2840 4265 in
2867 4209 3089 4265 Christo
3121 4216 3180 4262 et
3206 4206 3370 4262 liberi
3394 4212 3543 4269 sunt,
3564 4206 3678 4261 οοιεε

2086 4306 2299 4362 locatus
2329 4312 2434 4369 est,
2467 4303 2573 4358 etsi
2612 4303 2754 4358 liber
2790 4309 2915 4373 post
2942 4315 3049 4356 nos.
3070 4300 3197 4365 erit,
3240 4308 3303 4353 ut
3330 4298 3422 4352 vix
3453 4299 3674 4355 tandem

2089 4397 2157 4453 ad
2189 4396 2288 4452 Dei
2314 4402 2671 4464 conspectum
2700 4393 2903 4449 veniat.

2011 4483 2058 4539 D
2158 4488 2357 4544 PALL.
2385 4486 2715 4543 Rectissime
2745 4485 2901 4541 dicis.

2148 4578 2306 4635 CYR.
2332 4576 2491 4644 Quod
2521 4583 2707 4632 autem
2754 4575 2902 4641 dixi,
2932 4575 3093 4646 plane
3120 4575 3410 4647 intelliges,
3438 4576 3484 4631 si
3518 4577 3583 4630 ad
3611 4594 3673 4632 ea

2078 4684 2202 4739 quae
2230 4667 2492 4737 deinceps
2534 4673 2843 4736 sequuntur
2886 4665 3131 4720 animum
3171 4665 3475 4735 intenderis
3512 4685 3524 4720 :
3564 4677 3676 4723 tres

2080 4760 2227 4815 enim
2260 4758 2404 4815 inter
2438 4773 2496 4814 se
2529 4757 2812 4829 conjuncti
2839 4756 3104 4827 deinceps
3123 4757 3447 4813 obtulerunt
3469 4774 3537 4812 ex
3562 4758 3673 4814 Ra-

2082 4853 2238 4908 chele
2272 4852 2467 4916 libera,
2504 4850 2788 4921 Ephraim,
2833 4858 2890 4906 et
2933 4850 3230 4917 Manasses,
3270 4858 3328 4906 et
3364 4850 3672 4923 Benjamin.

2081 4962 2316 5017 quorum
2374 4945 2590 5016 priores
2652 4959 2722 4998 ex
2785 4943 2989 5014 Ioseph
3051 4952 3283 5014 parente
3342 4945 3458 5000 nati
3519 4955 3671 5002 sunt.

2079 5040 2342 5110 Ephraim
2369 5046 2425 5094 et
2449 5039 2756 5094 Manasses:
2787 5038 2989 5094 deinde
3018 5045 3143 5110 post
3172 5038 3297 5095 illos
3320 5038 3415 5093 alii
3443 5047 3556 5095 tres
3585 5040 3673 5094 in-

2076 5132 2255 5187 vicem
2302 5131 2507 5202 iuncti,
2561 5130 3004 5202 ancillarumque"
3050 5129 3177 5195 ﬁlii,
3232 5130 3368 5194 Dan,
3426 5129 3671 5200 inquam,

2077 5220 2213 5277 Aser
2261 5230 2319 5276 et
2365 5220 2743 5291 Nephthalim.
2778 5220 3188 5275 Animadvertis
3221 5218 3387 5290 igitur
3415 5234 3447 5274 e
3481 5220 3673 5275 liberis

2087 5312 2311 5384 quidem
2345 5322 2503 5368 natos
2531 5314 2877 5377 antecedere,
2910 5320 2965 5366 et
3002 5312 3059 5365 in
3088 5326 3284 5382 magno
3326 5311 3535 5367 honore
3570 5313 3671 5367 ha—

2087 5406 2229 5470 beri,
2256 5406 2412 5476 sequi
2445 5415 2630 5461 autem
2657 5405 2800 5460 ﬁlios
2826 5405 3150 5459 ancillarum
3186 5422 3197 5458 :
3231 5421 3416 5460 annon
3466 5406 3573 5462 hoc
3601 5407 3660 5461 il-
3690 5408 3693 5411 ’

2083 5496 2181 5551 Iud
2222 5504 2329 5561 est,
2379 5496 2525 5566 quod
2566 5496 2683 5566 ipse
2730 5495 2892 5549 nobis
2938 5495 3134 5552 beatus
3180 5498 3380 5552 Paulus
3426 5499 3671 5553 scribit?

2094 5609 2111 5638 ι
2141 5587 2278 5643 Cum
2314 5608 2331 5637 ι
2364 5587 2534 5649 enim,
2564 5586 2760 5656 inquit,
2797 5606 2814 5637 ι
2843 5586 3128 5657 plenitudo
3157 5591 3400 5660 gentium
3432 5590 3670 5643 intravr~

2085 5680 2178 5743 rit,
2222 5689 2351 5733 tunc
2381 5678 2747 5735 omnislsracl
2779 5680 2960 5733 salvus
2998 5680 3185 5735 erit”.
3228 5700 3244 5733 ι

2606 5794 2646 5823 7"
2682 5791 2870 5849 Matth.
2903 5808 3032 5858 χχιι,
3081 5792 3167 5847 17.
3201 5794 3242 5824 ’ίδ
3277 5793 3433 5847 Rom.
3471 5803 3542 5850 x1,
3572 5784 3660 5839 ‘25.
