4142 6296
565 295 668 353 725

1585 301 1639 355 S.
1675 300 1950 356 CYRILLI
1990 300 2463 360 ALEXANDRINI
2505 305 2822 362 ARCHIEP.

3722 310 3815 366 ’πει

631 413 828 468 PALL.
873 413 1036 467 Recte
1077 412 1200 466 ais:
1251 422 1337 468 est
1384 415 1532 469 enim
1577 414 1796 470 subtilis
1848 414 2123 469 admodun

2323 419 2533 473 IIAAA.
2585 419 2788 490 Ὀρθῶς
2822 418 2977 491 ἑφης¹
3031 417 3186 490 ίσχνὴ
3233 419 3341 492 γὰρ
3381 419 3523 488 ἄγαν
3567 423 3599 491 ἡ
3636 423 3811 495 ἑπιτήο

559 503 885 559 observatio.

627 595 784 652 CYR.
813 596 979 667 Atqui
1019 597 1074 652 id
1117 613 1227 652 non
1274 613 1395 654 esse
1441 597 1580 654 falso
1614 599 1822 654 dictum
1856 600 2039 666 scies,
2088 609 2145 656 et

557 687 777 758 quidem
815 688 1072 745 facillime
1109 708 1121 743 :
1153 692 1264 762 jam
1303 691 1450 746 enim
1478 691 1766 763 Scriptura
1791 707 1893 748 nos
1923 708 1989 748 ex
2020 693 2144 750 aliis

555 780 844 836 sententiis
866 782 1156 836 conﬁrmat
1180 801 1192 836 :
1221 782 1412 839 ordine
1438 785 1764 856 congruenti
1784 785 1948 856 jussit
1973 786 2138 852 Deus,

553 882 616 928 ut
647 884 825 930 castra
853 883 1138 930 moverent
1166 886 1331 946 atque
1354 877 1622 941 locarent,
1655 892 1719 931 ac
1754 877 2014 933 sisterent
2045 878 2140 934 ﬁlii

552 966 741 1030 Israel,
776 976 833 1022 et
865 977 926 1023 ut
957 969 1372 1024 tabernaculum
1407 969 1786 1034 circumirent,
1819 970 2136 1035 constituit,

546 1057 701 1126 juxta
727 1058 883 1124 illud,
914 1060 1132 1130 opinor,
1156 1061 1302 1131 quod
1323 1071 1407 1115 est
1433 1076 1464 1115 a
1489 1061 1649 1115 beato
1669 1061 1840 1115 David
1861 1061 2142 1132 eleganter

551 1149 904 1205 decantatum
928 1169 940 1204 :
971 1171 987 1204 ι
1018 1152 1086 1206 Et
1105 1151 1464 1207 circumdabo
1489 1153 1660 1206 altare
1681 1159 1858 1215 tuum,
1885 1151 2136 1216 Domine,

551 1248 611 1292 ut
641 1240 858 1295 audiam
888 1257 1076 1296 vocem
1103 1242 1281 1297 laudis
1304 1250 1411 1296 tuae
1444 1242 1512 1307 ⁷⁸,
1552 1262 1570 1293 ι
1618 1241 1706 1296 vel
1745 1241 1879 1295 illud
1925 1259 1937 1293 :
1968 1260 1985 1292 ι
2015 1240 2138 1296 Cir-

549 1330 695 1384 cuivi
718 1341 774 1386 et
800 1330 1075 1385 immolavi
1113 1331 1166 1384 in
1196 1331 1552 1385 tabernaculo
1585 1331 1757 1401 ipsius
1783 1330 2018 1386 hostiam
2043 1346 2138 1386 vo-

547 1422 888 1477 ciferationis
926 1423 993 1474 ⁷⁷.
1040 1442 1057 1474 ι
1090 1423 1404 1478 Insinuatur
1449 1424 1614 1478 etiam
1668 1424 1816 1478 aliud
1852 1426 2134 1495 quidpiam

544 1525 666 1565 esse
703 1518 961 1580 tanquam
1009 1510 1065 1565 in
1104 1511 1277 1582 ﬁgura
1312 1511 1428 1566 ﬁeri
1452 1513 1687 1582 jussum.
1726 1513 1954 1584 Oportet
1984 1517 2134 1572 enim

546 1610 606 1657 ut
626 1617 727 1656 nos
747 1617 777 1656 a
800 1602 912 1658 Deo
935 1603 1163 1658 minime
1185 1603 1586 1674 disjungamur,
1612 1606 1706 1661 sed
1731 1608 1978 1675 proxime
2001 1625 2137 1679 quo-

544 1695 838 1751 dammodo
866 1704 922 1751 et
952 1697 1100 1753 circa
1136 1697 1288 1752 illum
1325 1706 1470 1752 stare
1506 1699 1813 1765 videamur,
1839 1716 1909 1755 ne
1936 1717 2133 1772 pecca-

543 1796 661 1840 tum
709 1787 1093 1857 interpositum
1127 1788 1217 1854 sit,
1249 1803 1387 1844 neve
1417 1789 1524 1842 ulla
1565 1790 1843 1846 saecularis
1880 1793 2133 1863 voluptas

542 1893 644 1934 nos
663 1879 892 1946 dividat,
919 1881 1015 1936 sed
1045 1889 1206 1936 rectae
1237 1881 1438 1936 mentis
1459 1883 1748 1953 praesentia
1773 1893 1828 1939 et
1853 1885 1920 1939 ad
1943 1901 2134 1943 omnes

543 1970 844 2026 laudandas
880 1973 1124 2028 actiones
1158 1973 1537 2043 suscipiendas
1575 1975 1830 2032 alacritas
1857 1977 1924 2031 ad
1965 1979 2132 2048 spiri-

539 2064 743 2118 tualem
789 2065 1057 2120 unitatem
1091 2066 1329 2136 colligat.
1359 2066 1495 2120 Nam
1530 2067 1621 2136 qui
1658 2068 1736 2124 sic
1779 2068 2133 2126 laudabiliter

539 2170 599 2210 se
633 2171 825 2228 gerere
854 2157 1191 2222 curaverint,
1224 2173 1319 2212 eos
1359 2166 1508 2212 certe
1542 2158 1596 2212 in
1636 2159 1830 2229 primis
1859 2161 2001 2216 dona
2046 2161 2130 2217 of-

539 2250 687 2303 ferre
718 2248 894 2304 decet.
914 2248 1190 2318 Scriptum
1219 2259 1304 2304 est.
1332 2251 1478 2304 enim
1501 2268 1513 2302 :
1539 2270 1556 2301 ‹
1581 2249 1782 2307 Omnes
1811 2254 1863 2306 in
1891 2255 2128 2310 circuitu

537 2339 658 2409 ejus
685 2338 921 2394 afferent
951 2355 1178 2394 munera
1212 2341 1274 2392 ⁷⁸.
1312 2359 1329 2390 ι
1367 2339 1553 2410 Itaque
1597 2342 1761 2396 simul
1803 2343 1964 2413 3'73
2002 2361 2127 2400 cum

539 2430 895 2502 tabernaculo
931 2445 1029 2485 eos
1058 2429 1353 2500 proﬁcisci,
1391 2439 1447 2485 et
1479 2430 1555 2484 illi
1603 2431 1968 2488 circumfusos
1996 2451 2126 2504 pro-

538 2535 756 2575 movere
780 2520 1193 2591 jussit,.ordinc
1216 2535 1437 2590 quoque
1465 2536 1575 2574 non
1599 2523 1692 2590 qui
1732 2523 1880 2577 aetati
1922 2540 2126 2581 conve-

535 2613 703 2678 niret,
728 2627 909 2682 neque
933 2611 1026 2682 qui
1062 2627 1092 2666 a
1124 2611 1318 2681 primis
1354 2610 1420 2664 ad
1454 2620 1729 2666 extremos
1751 2613 1976 2670 confuse
2001 2631 2130 2686 per-

534 2706 772 2770 veniret,
799 2705 896 2760 sed
918 2705 1112 2760 eadem
1145 2705 1357 2767 ratione
1382 2707 1706 2776 conjunctos
1731 2715 1897 2776 atque
1923 2707 2128 2762 discre-

536 2806 652 2862 tos,
702 2812 810 2866 qua
850 2797 907 2852 in
949 2796 1220 2851 donorum
1261 2797 1541 2851 oblatione
1588 2797 1842 2866 dispositi
1883 2797 2122 2853 fuerant.

533 2888 814 2959 Scriptum
831 2897 916 2944 est
934 2889 1080 2944 enim
1105 2889 1158 2944 in
1185 2890 1441 2946 Numeris
1465 2890 1530 2944 ad
1557 2890 1706 2944 hunc
1729 2890 1986 2945 modum:
2011 2909 2028 2941 ι
2056 2891 2125 2945 Ει

532 2977 752 3033 locutus
784 2987 869 3034 est
898 2979 1163 3036 Dominus
1202 2981 1268 3035 ad
1312 2980 1529 3051 Moysen
1568 2989 1624 3034 et
1651 2979 1853 3046 Aaron,
1881 2981 2073 3037 dicens
2107 2999 2118 3034 :

532 3072 709 3128 Homo
723 3074 952 3145 junctus
977 3075 1279 3130 secundum
1303 3090 1497 3145 agmen
1525 3089 1707 3139 suum,
1731 3083 1786 3129 et
1814 3076 2116 3130 secundum

532 3163 707 3235 signa,
739 3165 1044 3220 secundum
1075 3165 1269 3220 domos
1304 3165 1639 3220 familiarum
1669 3180 1896 3218 suarum
1916 3176 2122 3222 castra-

531 3261 810 3308 metentur
851 3254 948 3308 ﬁlii
977 3253 1145 3308 Israel
1185 3269 1372 3309 coram
1397 3252 1652 3317 Domino,
1697 3254 1907 3309 circum
1942 3256 2126 3311 taber-

531 3344 791 3398 naculum
814 3344 1116 3399 testimonii
1138 3346 1678 3400 castrametabuntur
1698 3346 1792 3400 ﬁlii
1816 3346 1982 3402 Israel
2002 3350 2065 3402 τ’.
2097 3369 2116 3402 ι

531 3432 738 3486 Deinde
759 3433 1088 3486 attributum
1118 3433 1317 3502 cuique
1350 3435 1530 3489 locum
1557 3437 1822 3502 ostendit,
1863 3439 2086 3494 ubinam
2105 3482 2120 3506 ,

531 3530 588 3576 et
613 3523 910 3592 quomodo,
933 3524 1098 3594 quive
1125 3527 1500 3581 castrametari
1527 3527 1764 3584 debeant
1798 3547 1811 3584 :
1841 3531 2125 3604 subjungit

531 3613 680 3668 enim
723 3613 792 3668 ad
836 3614 986 3670 hunc
1027 3615 1252 3671 modum
1298 3635 1310 3671 :
1353 3637 1371 3669 ι
1404 3618 1474 3674 Ει
1515 3619 1610 3689 qui
1661 3628 2122 3679 castrametantur

530 3705 694 3775 primi
710 3705 776 3761 ad
797 3706 1090 3774 orientem,
1127 3723 1320 3780 agmen
1339 3720 1644 3766 castrorum
1663 3712 1803 3768 Juda
1826 3729 1950 3769 cum
1967 3731 2124 3771 exer-

530 3798 646 3852 citu
675 3813 798 3864 suo,
823 3807 878 3854 et
907 3809 1361 3858 castrametantes
1377 3804 1535 3874 juxta
1566 3820 1634 3859 ex
1663 3807 1812 3860 tribu
1848 3807 2118 3874 Issacbar,

530 3898 588 3944 et
611 3900 1066 3948 castrametantes
1101 3895 1255 3964 juxta
1287 3911 1383 3951 eos
1416 3912 1482 3951 ex
1518 3897 1667 3952 tribu
1703 3898 1950 3953 Zabulon
1991 3900 2057 3952 ⁸ο.
2094 3918 2112 3950 ι

530 3979 740 4035 Deinde
760 3983 1060 4038 secundam
1081 3984 1314 4040 classem
1340 3996 1609 4051 recenset,
1635 3997 1690 4042 et
1719 3988 1828 4042 ait:
1864 4007 1882 4039 ι
1909 3989 2118 4060 Agmen

529 4083 835 4132 castroan
867 4076 1063 4132 Ruben
1091 4079 1160 4134 ad
1199 4087 1446 4134 austrum
1475 4095 1602 4135 cum
1631 4080 1875 4136 exercitu
1901 4097 2115 4150 eorum,

516 4180 576 4227 et
600 4168 860 4240 princeps
882 4168 1120 4226 ﬁliorum
1135 4170 1332 4228 Ruben
1349 4172 1535 4227 Elisur
1553 4172 1700 4228 ﬁlius
1722 4172 2119 4255 Sediur,.exer-

527 4261 673 4316 citus
687 4263 808 4332 ejus
829 4263 1088 4319 recensiti
1108 4279 1206 4320 sex
1224 4271 1281 4320 et
1302 4264 1663 4336 quadraginta
1684 4266 1858 4322 millia
1877 4275 1934 4323 et
1955 4269 2118 4339 quin-

527 4352 676 4423 genti
693 4361 780 4419 ;et
797 4357 1417 4429 castrametantesjuxta
1439 4373 1564 4414 eum
1590 4374 1658 4414 ex
1685 4360 1835 4414 tribu
1856 4358 2112 4429 Simeon;

2251 525 2428 580 ρησις.

2318 601 2481 656 ΚΥΡ.
2511 602 2619 654 Καὶ
2644 600 2752 672 μὴν
2779 601 2861 653 ὅτι
2888 600 2948 653 τὸ
2967 600 3071 671 χρῆ
3084 617 3158 670 μα
3189 600 3291 654 οὐκ
3314 600 3670 672 ἐψευσμένον,
3691 606 3802 676 εἴση

2243 707 2324 744 τοι
2353 693 2448 746 καὶ
2493 691 2612 746 λίαν
2659 690 2922 753 εὐπετῶς.
2971 692 3229 760 Ἐμπεδοϊ
3269 693 3377 762 γὰρ
3425 694 3576 763 ἡμᾶς
3622 693 3714 746 καὶ
3755 694 3808 761 ἑξ

2245 784 2452 853 ἑτέρων
2500 783 2663 848 εὐθὺς
2703 785 2924 839 ἐννοιῶν
2968 787 2996 838 ό
3039 785 3216 854 λόγος’
3259 787 3316 839 ἑν
3361 786 3554 856 κόσμῳ
3595 786 3698 860 γὰρ
3739 790 3810 858 τῷ

2243 875 2538 947 καθήκοντι
2566 877 2903 949 πράττεσθαι
2933 878 3044 931 δεῖν
3074 878 3280 932 ὲτύπου
3307 879 3440 943 Θεὸς
3468 879 3568 941 τάς
3602 897 3658 932 τε
3693 881 3811 934 ἀνα-

2244 968 2474 1035 ζεύξεις,
2520 970 2612 1023 καὶ
2663 970 2770 1042 μὴν
2826 969 2921 1024 καλ⁴
2975 969 3240 1040 ἱδρύσεις,
3286 969 3408 1040 ἦτοι
3462 971 3812 1038 συγκαταυλι-

2243 1062 2415 1131 σμους
2447 1061 2553 1114 τῶν
2590 1061 2723 1114 υίῶν
2771 1060 3016 1133 Ἰσραὴλ,
3065 1060 3252 1132 κύκλῳ
3289 1078 3346 1114 τε
3399 1060 3537 1114 ἰέναι
3567 1059 3669 1130 τῆς
3691 1078 3813 1132 σκηο

2241 1153 2337 1222 νῆς
2377 1147 2436 1206 εὖ
2489 1151 2636 1223 μάλα
2683 1151 3044 1223 προστέταχε,
3080 1152 3222 1206 κατά
3263 1168 3326 1220 γε
3364 1152 3448 1217 τὸ,
3483 1148 3663 1222 οἶμαι,
3691 1152 3814 1224 πρὸς

2240 1243 2334 1297 τοῦ
2373 1244 2619 1315 μάκαρος
2650 1242 2815 1296 Δαϐ“ιδ
2846 1243 3080 1306 ἀστείως
3119 1241 3480 1312 ὑμνούμενοψ
3527 1261 3544 1293 ι
3587 1241 3696 1295 Ka‘t
3722 1260 3814 1295 κυο

2241 1333 2435 1388 κλὼσω
2461 1334 2522 1388 τὸ
2554 1333 2940 1404 θυσιαστήριόν
2976 1349 3094 1398 σου,
3123 1331 3320 1404 Κύριε,
3360 1331 3453 1384 τοῦ
3491 1330 3724 1384 ἀκοῦσαί
3755 1348 3813 1402 με

2241 1426 2422 1496 φωνῆς
2453 1425 2714 1490 αἱνέσεὼς
2754 1444 2846 1479 σου
2868 1465 2883 1492 ,
2935 1445 2953 1477 ι
2992 1425 3159 1496 ῆγουν
3187 1423 3276 1490 τὸ,
3313 1443 3331 1476 ι
3382 1422 3705 1476 Ἐκύκλωσα
3733 1425 3816 1477 καὶ

2239 1516 2408 1569 ἔθυσα
2459 1518 2516 1569 ἐν
2563 1519 2631 1588 τῇ
2690 1519 2863 1588 σκηνῇ
2920 1515 3088 1569 αὑτοῦ
3153 1514 3347 1568 θυσίαν
3399 1512 3742 1582 ἀλαλαγμοῦ.
3793 1533 3810 1566 ι

2249 1607 2717 1678 ’Υποσημαίνεται
2750 1607 2806 1660 δέ
2857 1624 2911 1660 τι
2945 1608 3039 1661 καὶ
3072 1608 3292 1678 ἕτερον,
3336 1606 3397 1658 τὸ
3443 1605 3520 1668 ὡς
3569 1606 3628 1659 ἑν
3668 1604 3811 1674 τύπῳ

2237 1698 2428 1769 δράσαι
2496 1699 2944 1769 κεκελευσμένον.
2998 1699 3120 1770 Χρὴ
3175 1697 3286 1768 γὰρ
3334 1699 3484 1768 ἡμᾶς
3526 1697 3633 1749 οὐκ
3690 1697 3816 1749 ἀπο-

2167 1774 2208 1832 n
2237 1789 2756 1859 νοσφίζεσθαιθεοῦ,
2781 1790 2895 1843 ἀλλ’
2912 1791 3196 1853 οἱονείπως
3213 1789 3383 1859 ἀγχοῦ
3426 1789 3520 1842 καὶ
3550 1790 3611 1842 ἐν
3634 1786 3807 1856 κύκλῳ

2237 1879 2524 1950 φαίνεσθαι
2559 1881 3029 1951 περιεστηκότας,
3078 1882 3140 1934 οὐ
3187 1879 3603 1951 μεσολαϐούσης
3647 1880 3814 1948 ἁμαρ-

2233 1975 2373 2039 τίας,
2400 1974 2460 2026 ού
2493 1973 2788 2045 διαστάσης
2823 1974 2974 2044 ἡμᾶς
3007 1975 3280 2043 κοσμικῆς
3327 1971 3541 2042 ἡδονῆς,
3581 1968 3694 2022 ἀλλ’
3733 1971 3805 2033 είς

2235 2066 2462 2136 ἑνότητα
2515 2065 2610 2136 τὴν
2665 2064 3046 2134 πνευματικὴν
3086 2063 3439 2130 συλλέγοντος
3489 2060 3658 2132 όρθοῦ
3702 2061 3808 2114 δια-

2233 2157 2382 2222 νοίας
2426 2159 2856 2229 παραστήματος
2903 2154 3258 2226 ἑτοιμότητός
3293 2171 3353 2206 τε
3397 2154 3495 2224 τῆς
3536 2151 3678 2223 πρὸς
3717 2153 3815 2206 πᾶν

2231 2249 2408 2302 ὁτιοῦν
2459 2249 2566 2302 τῶν
2607 2248 3091 2319 τεθαυμασμένων.
3121 2246 3333 2317 Πρέπει
3366 2245 3474 2317 γὰρ
3507 2245 3582 2298 ἂν
3603 2246 3684 2298 ὅτι
3716 2245 3815 2314 μά-

2231 2340 2388 2394 λιστά
2415 2359 2476 2410 γε
2520 2343 2632 2404 τοῖς
2668 2339 2844 2404 οὕτως
2877 2339 3184 2409 εὐδοκιμεῖν
3235 2338 3537 2410 ᾑρημένοις
3589 2336 3650 2390 τὸ
3689 2335 3813 2407 χρῆ-

2230 2451 2316 2486 ναι
2339 2435 2730 2505 καρποφορεῖν.
2747 2432 3058 2502 Γέγραπται
3077 2429 3185 2502 γάρ
3199 2431 3282 2482 ὅτι
3303 2447 3320 2480 ι
3343 2428 3557 2506 Πάντες
3574 2428 3625 2481 oi
3641 2426 3813 2497 κύκλῳ

2229 2526 2393 2580 αὑτοῦ
2415 2526 2620 2580 οίσουσι
2641 2525 2808 2596 δῶρα.
2831 2545 2848 2576 ι
2875 2523 3086 2577 Οὐκοῦν
3104 2523 3460 2594 συναπαίρειν
3482 2522 3686 2586 αὐτοὺς
3701 2523 3814 2574 ἑκέ-

2229 2615 2349 2671 λεύε
2384 2619 2448 2688 τῇ
2479 2619 2675 2687 σκηνῇ,
2702 2616 2798 2670 καὶ
2830 2615 3016 2686 κύκλῳ
3046 2613 3306 2685 βαδίζειν,
3341 2614 3436 2666 καὶ
3469 2613 3548 2676 ὡς
3586 2615 3643 2665 ὲν
3665 2612 3811 2675 τάξει

2229 2707 2409 2770 πάλιν,
2453 2708 2513 2760 οὐ
2560 2710 2678 2770 ταῖς
2723 2705 2963 2778 ἡλικίαις
3015 2703 3302 2776 πρεπούσῃ
3348 2705 3441 2757 καὶ
3492 2700 3814 2772 ἀσυγχύτως

2232 2801 2384 2875 ἰούσῃ
2423 2801 2560 2873 πρὸς
2591 2802 2716 2863 τοὺς
2747 2800 3012 2871 ἐσχάτους
3042 2798 3151 2852 ἀπὸ
3177 2797 3285 2852 τῶν
3319 2794 3586 2868 πρώτων,
3614 2811 3812 2862 συνημ-

2232 2891 2427 2962 μένους
2455 2889 2511 2944 at
2542 2889 2706 2956 οὕτω,
2739 2892 2836 2943 καὶ
2865 2889 2970 2944 ἀνὰ
3004 2887 3192 2960 μέρος,
3231 2886 3484 2957 καθάπερ
3517 2887 3586 2938 ἐν
3622 2888 3687 2956 τῇ
3713 2883 3812 2938 τῶν

2225 2981 2413 3052 δώρων
2476 2985 2834 3053 προσαγωγῇ.
2889 2981 3207 3052 Γέγραπται
3263 2979 3321 3032 δὲ
3368 2977 3546 3042 οὕτως
3605 2979 3662 3031 έν
3709 2978 3812 3040 τοῖς

2240 3072 2536 3145 Ἀριθμοῖς,
2585 3091 2604 3123 ι
2657 3073 2765 3125 Καὶ
2800 3071 3030 3143 ἑλάλησε
3062 3069 3264 3142 Κύριος
3313 3069 3450 3140 πρὸς
3478 3067 3694 3138 Μωσῆν
3724 3065 3812 3120 καὶ

2241 3165 2451 3237 Ἀαρὼν
2511 3164 2720 3234 λέγων·
2773 3165 3092 3236 Ἀνθρωπος
3133 3163 3392 3234 ἐχόμενος
3435 3163 3588 3218 κατὰ
3633 3164 3811 3232 τάγμα

2225 3262 2389 3316 αὐτοῦ
2417 3261 2510 3314 καὶ
2537 3259 2675 3313 κατὰ
2693 3260 2969 3330 σημασίας
2986 3258 3104 3312 κατ’
3130 3259 3310 3320 οἴκους
3332 3255 3588 3326 πατριῶν
3618 3253 3808 3315 αὐτῶν,

2225 3351 2729 3423 παρεμϐαλέτωσαν
2760 3352 2808 3404 οἱ
2850 3350 2956 3403 υἱοὶ
2979 3349 3201 3421 Ἰσραὴλ
3236 3348 3416 3402 ἔναντι
3453 3348 3690 3419 Κυρίου,
3719 3344 3808 3398 κύ-

2225 3441 2336 3511 κλῳ
2368 3442 2466 3512 τῆς
2517 3442 2724 3512 σκηνῆς
2771 3437 2866 3492 τοῦ
2914 3439 3217 3512 μαρτυρίου
3264 3436 3716 3512 παρεμϐαλοῦσιν
3761 3435 3806 3487 oi

2223 3533 2331 3585 υἱοὶ
2375 3531 2616 3601 Ἰσραήλ.
2653 3550 2671 3582 ι
2707 3525 2844 3585 Εἶτα
2876 3531 2968 3585 τὸν
3001 3531 3220 3601 ἑκάστῳ
3251 3531 3415 3585 τόπον
3440 3527 3808 3600 ὲκνεμηθέντα

2222 3625 2488 3679 δεικνύει·
2529 3627 2652 3678 ὅποι
2682 3641 2742 3677 τε
2777 3625 2873 3677 καὶ
2902 3626 3050 3688 ὅπως
3081 3624 3174 3677 καὶ
3218 3623 3362 3685 τίνες
3405 3624 3453 3674 oi
3492 3619 3806 3692 παρεμϐάλ-

2221 3714 2420 3780 λοντες.
2442 3715 2723 3786 Ἐπιφὲρει
2747 3713 2856 3786 γὰρ
2882 3714 3010 3768 ὡδί·
3040 3734 3058 3766 ι
3097 3715 3210 3768 Καὶ
3242 3715 3290 3767 οἱ
3332 3712 3806 3785 παρεμϐάλλοντες

2222 3805 2450 3876 πρῶτοι,
2494 3805 2635 3858 κατά
2680 3804 2966 3869 ἀνατολὰς,
3015 3803 3203 3876 τάγμα
3239 3802 3603 3876 παρεμϐολῆς
3643 3801 3806 3856 Ἰούδα

2223 3898 2321 3950 σὺν
2354 3897 2582 3968 δυνάμει
2606 3895 2808 3961 αὐτῶν,
2837 3898 2933 3950 καὶ
2960 3897 3009 3949 oi
3042 3895 3524 3966 παρεμϐάλλοντες
3562 3895 3802 3966 ἐχόμενοι

2222 3988 2394 4058 φυλῆς
2423 3989 2663 4060 Ἰσάχαρ,
2682 3989 2841 4042 καὶοὶ
2865 3987 3338 4059 παρεμϐάλλοντες
3356 3987 3612 4058 ἐχόμενοι
3637 3985 3802 4057 φυλῆς

2220 4079 2526 4134 Ζαϐουλὼν.
2567 4100 2585 4132 ι
2623 4075 2754 4134 Εἶτα
2780 4080 3149 4152 διαμέμνηται
3194 4080 3506 4152 συμμορίας
3546 4079 3800 4150 δευτέρας

2219 4172 2311 4226 καί
2340 4189 2492 4244 φησι·
2535 4191 2554 4225 ι
2589 4173 2788 4244 Τάγμα
2821 4171 3172 4244 παρεμϐολῆς
3204 4171 3446 4243 Ῥουϐὴμ
3487 4172 3630 4243 πρὸς
3658 4170 3800 4224 νότον

2220 4265 2318 4317 σὺν
2353 4264 2576 4335 δυνάμει
2611 4263 2812 4326 αὐτῶν,
2855 4264 2949 4317 καὶ
2979 4264 3008 4317 ὁ
3039 4263 3221 4333 ἄρχων
3241 4261 3349 4316 τῶν
3377 4263 3510 4316 υἱῶν
3540 4260 3797 4332 Ῥουϐὴμ,

2231 4358 2499 4429 Ἐλισοὺρ,
2533 4357 2648 4421 υίὸς
2682 4356 2928 4427 Σεδιοὺρ,
2969 4355 3199 4426 δύναμις
3227 4353 3392 4409 αὐτοῦ
3429 4357 3480 4408 οἱ
3525 4357 3798 4423 ἐπεσκεμ-

525 4453 582 4500 et
603 4453 1055 4504 castrametantes
1074 4450 1230 4520 juxta
1265 4466 1393 4506 eum
1421 4466 1490 4506 ex
1518 4450 1666 4506 tribu
1693 4451 1807 4508 Gad
1834 4453 1902 4507 ".
1933 4473 1951 4507 ι
1983 4454 2116 4509 Ter-

2226 4448 2374 4519 μένοι
2406 4446 2464 4514 ἓξ
2486 4447 2585 4517 καὶ,
2609 4445 3020 4516 τεσσαράκοντα
3043 4444 3282 4515 χιλιάδες
3311 4445 3405 4498 καὶ
3429 4443 3793 4499 πεντακόσιοι.

524 4535 656 4591 tiam
679 4537 767 4594 his
786 4538 935 4595 illico
958 4540 1196 4596 classem
1209 4542 1477 4615 adjungit,
1497 4543 1690 4600 dicens
1715 4561 1727 4598 :
1756 4564 1774 4596 ι
1798 4544 2008 4616 Agmen
2028 4561 2118 4602 ca-

2226 4539 2334 4593 Kal.
2381 4540 2429 4592 oi
2476 4535 2956 4609 παρεμϐάλλοντες
2990 4536 3239 4606 ἐχόμενοι
3268 4533 3458 4600 αὐτοῦ,
3493 4533 3671 4604 φυλῆς
3697 4533 3792 4586 Συ·

523 4637 768 4684 strorum
801 4629 1066 4701 prraim
1092 4648 1264 4706 prope
1293 4651 1446 4692 mare
1470 4651 1596 4691 cum
1624 4637 1872 4692 exercitu
1898 4645 2114 4704 eorum,

521 4728 579 4774 et
627 4728 1084 4779 castrametantes
1131 4725 1286 4795 juxta
1333 4741 1461 4782 eum
1509 4728 1605 4797 qui
1653 4743 1721 4783 ex
1771 4729 1917 4784 tribu
1969 4729 2114 4785 Ben-

516 4810 693 4880 jamin
729 4811 800 4865 ⁸².
838 4835 856 4864 υ
885 4813 1104 4878 Quartae
1125 4830 1346 4885 quoque
1389 4819 1580 4874 classis
1621 4821 1887 4875 continuo
1915 4821 2112 4876 memi-

519 4905 625 4971 nit,
662 4905 856 4960 dicens
887 4924 902 4958 :
934 4924 952 4956 ι
987 4907 1195 4977 Agmen
1223 4917 1530 4964 castrorum
1560 4912 1673 4968 Dan
1701 4911 1770 4966 ad
1801 4912 2113 4982 aquilonem

519 5013 645 5053 cum
673 4996 920 5053 exemita
959 5011 1090 5063 suo;
1116 5003 1174 5052 et
1207 5007 1658 5056 castrametantes
1687 5017 1861 5072 prope
1884 5017 2009 5056 eum
2045 5017 2113 5056 ex

521 5090 675 5148 tribu
711 5089 871 5154 Aser,
913 5097 973 5146 et
1010 5095 1467 5144 castrametantes
1503 5106 1673 5161 prope
1702 5107 1826 5147 eum
1865 5109 1930 5148 ex
1964 5091 2108 5146 tribu

516 5179 870 5250 Nephthalim
895 5195 1090 5236 omnes
1126 5179 1385 5236 recensiti
1406 5221 1421 5244 ,
1451 5180 1662 5251 inquit,
1699 5198 1730 5238 e
1766 5185 1965 5238 castris
1993 5184 2106 5238 Dan

518 5279 739 5324 centum
777 5271 1175 5343 quinquaginta
1209 5278 1267 5326 et
1291 5278 1500 5341 septem
1536 5271 1705 5326 millia
1732 5281 1789 5326 et
1821 5275 2061 5329 sexcenti
2084 5315 2097 5337 ,

517 5363 747 5417 extremi
774 5364 1074 5420 movebunt
1095 5363 1314 5436 agmina
1333 5381 1431 5420 sua
1451 5365 1524 5420 ".
1553 5385 1569 5417 ›
1594 5365 1756 5421 Vides
1776 5367 1954 5436 primo
1979 5370 2106 5424 loco

517 5453 756 5523 positum
791 5471 913 5511 esse
949 5457 1168 5521 Iudam,
1200 5469 1255 5512 et
1291 5460 1412 5530 ejus
1443 5459 1641 5524 socios,
1672 5468 1729 5515 et
1760 5461 2098 5530 praecipuum

517 5543 770 5598 habitare
802 5543 982 5598 locum
1015 5545 1084 5600 ad
1119 5547 1390 5602 orientem
1425 5557 1480 5604 et
1522 5560 1802 5616 austrum;
1838 5565 1962 5605 nam
2003 5555 2097 5620 qui

587 5683 634 5714 ⁷⁸
672 5681 811 5738 Psal.
839 5697 964 5745 xxv,
1004 5683 1056 5736 ﬁ.

517 5753 716 5812 "Ibid.
761 5752 938 5808 I8-22.
1032 5751 1078 5782 ⁸⁸
1112 5752 1245 5808 Ibid.
1277 5755 1468 5811 23-51.

1137 5683 1186 5756 ff
1211 5684 1354 5756 Psal.
1393 5703 1534 5750 χχι-ι,
1571 5691 1620 5745 6.
1702 5690 1746 5721 ⁷⁸
1783 5690 1923 5747 Psal.
1974 5705 2135 5756 ωιτν,
2160 5688 2240 5744 II.

2219 4630 2386 4703 μεὼν,
2419 4631 2513 4684 καὶ
2532 4631 2581 4682 oi
2617 4627 3096 4701 παρεμϐάλλοντες
3127 4627 3375 4698 ἐχόμενοι
3404 4625 3594 4691 αὐτοῦ,
3627 4623 3794 4694 φυλῆς

2215 4724 2340 4778 ras.
2375 4743 2393 4775 ι
2415 4722 2525 4776 Kal.
2551 4721 2740 4794 τρίτην
2765 4719 2926 4784 εὐθὺς
2945 4719 3302 4773 ἑπισυνάπτει
3323 4719 3525 4788 λέγων·
3555 4738 3572 4769 ι
3597 4718 3792 4784 Τάγμα

2215 4813 2568 4886 παρεμϐολῆς
2632 4811 2873 4885 Ἐφραῒμ
2909 4810 3062 4882 παρά
3100 4810 3376 4865 θάλασσαν
3421 4810 3518 4865 σὺν
3567 4811 3793 4880 δυνάμει

2214 4906 2413 4971 αὐτῶν,
2449 4904 2544 4958 καὶ
2569 4905 2618 4957 oi
2647 4903 3125 4975 παρεμϐάλλοντες
3163 4902 3414 4975 ἐχόμενοι
3462 4903 3637 4974 φυλῆς
3662 4904 3790 4956 Βεν-

2215 4998 2388 5070 ιαμίν.
2432 5015 2450 5048 ι
2495 4997 2607 5050 Ka‘t
2660 4996 2767 5066 μὴν
2814 4995 2908 5049 καὶ⁸
2959 4995 3230 5067 τετάρτης
3277 4995 3589 5067 συμμορίας
3634 4993 3792 5058 εὐθὺς

2209 5090 2578 5162 διαμέμνηται
2606 5089 2804 5158 λέγων,
2845 5106 2864 5139 ι
2896 5087 3099 5158 Τάγμα
3127 5087 3486 5160 παρεμϐολῆς
3511 5087 3618 5141 Δθάν
3658 5087 3788 5159 πρὸς

2210 5185 2412 5256 βορρᾶν
2446 5181 2544 5236 σὺν
2583 5181 2810 5252 δυνάμει
2845 5178 3055 5232 αὐτῶν·
3092 5179 3188 5233 καὶ
3228 5181 3276 5232 οί
3317 5179 3789 5250 παρεμϐάλλοντες

2209 5274 2455 5344 ἐχόμενοι
2489 5269 2654 5324 αὐτοῦ
2688 5268 2860 5340 φυλῆς
2899 5268 3087 5339 Ἀσὴρ,
3125 5269 3220 5322 καὶ
3245 5269 3294 5322 οί
3317 5268 3787 5340 παρεμϐάλλοντες

2210 5366 2459 5436 ἐχόμενοι
2485 5363 2650 5418 αὐτοῦ
2675 5363 2847 5432 φυλῆς
2870 5361 3210 5432 Νεφθαλεὶμ,
3231 5363 3432 5425 πάντες
3454 5363 3504 5415 oi
3521 5363 3784 5429 ἐπεσκεμ-

2215 5458 2385 5527 μένοι,
2411 5455 2565 5526 φησὶ,
2587 5456 2689 5525 τῆς
2711 5453 3065 5525 παρεμϐολῆς
3089 5452 3216 5519 Δάν,
3239 5454 3434 5507 ἑκατὸν
3457 5453 3781 5522 πεντήκοντα

2209 5553 2302 5605 καὶ
2334 5547 2475 5601 ἑπτά
2503 5547 2742 5618 χιλιάδες
2789 5547 2882 5600 καὶ
2921 5544 3215 5612 ἑξακόσιοι,
3259 5545 3475 5617 ἔσχατοι
3531 5541 3782 5616 ἑξαροῦσι

2323 5685 2813 5751 τοΝυιη.η,ι,ε.
2894 5684 3260 5742 “mittil-5.
3341 5684 3548 5741 "Ibid.
3595 5679 3773 5736 10—16.
