4142 6296
446 225 552 281 715

1155 226 1243 282 DE
1280 227 1722 287 ADORATIONE
1761 231 1828 288 IN
1865 232 2139 292 SPIRITU
2179 237 2266 292 ET
2303 239 2669 297 VEBITATE.
2695 273 2763 282 ——-
2801 242 2927 298 LIB.
2971 243 3061 298 XI.

3597 242 3708 295 72!}

448 341 589 397 κατά
633 342 888 412 τάγματα
922 340 1122 395 αὐτῶν.
1169 362 1187 394 ι
1229 344 1389 416 Ὁρᾷς
1419 347 1499 401 ότι
1529 349 1891 420 προτέτακται
1925 353 2017 424 μὲν

2127 354 2181 408 in
2205 355 2424 412 Christo
2457 369 2604 426 sunt,
2634 360 2690 414 in
2726 359 2932 415 lumine
2956 371 3264 426 versantur,
3291 369 3345 416 et
3373 359 3565 430 spiritu
3587 360 3698 415 fer-

449 431 653 496 ’Ῑούδας
682 433 775 485 καὶ
795 433 843 484 oi
871 431 967 484 σὺν
991 430 1158 503 αὐτῷ,
1179 434 1269 486 καὶ
1298 434 1388 488 τὸν
1404 435 1701 492 ἀπόλεκτον
1722 439 1834 510 ἔχει
1859 440 2021 496 τόπον

449 526 538 576 τὸν
572 522 708 594 πρὸς
737 521 819 591 ἠὼ
855 520 950 576 καὶ
978 523 1162 591 νότον;
1200 527 1258 578 ὲν
1295 527 1432 595 φωτὶ
1467 527 1576 600 γὰρ
1618 533 1665 583 οἱ
1696 532 1754 583 ὲν
1776 531 2018 603 Χριστῷ,

447 614 540 666 καὶ
571 610 648 680 τῷ
678 609 948 681 πνεύματι
980 609 1213 677 ζέοντες.
1243 614 1503 688 Δεύτερος
1528 618 1830 690 όῬουϐὴμ,
1857 620 1951 674 καὶ
1972 622 2020 676 cl

447 703 543 754 σὺν
575 699 744 771 αὐτῷ.
785 701 898 755 Καὶ
929 702 1101 773 τρίτοι
1149 705 1250 774 μὲν
1295 706 1457 761 πάλιν
1509 709 1558 760 oi
1603 707 1664 773 ἐξ
1709 709 2019 782 ἐλευθέρας.

442 786 578 844 Εἶτα
605 791 745 862 μετά
784 791 1008 856 τούτους
1050 792 1227 866 ἕτεροι
1259 799 1424 868 τρεῖς,
1458 798 1506 851 οἱ
1549 800 1613 851 ὲκ
1652 798 2017 872 θεραπαινῶν,

446 885 574 956 περὶ
593 880 666 940 ὧν
690 886 904 957 εἴρηται
941 885 1024 951 τὸ,
1057 887 1347 959 (Ἐσχατοι
1369 889 1672 962 ὲξαροῢσιν.
1710 911 1728 944 ι
1764 888 1893 965 Ἆρ’
1921 894 2022 948 οὐκ

448 977 678 1048 ἐναργὲς
696 977 789 1032 καὶ
817 977 1120 1048 οὐδαμόθεν
1148 979 1475 1047 ἐνδοιαστὸν,
1507 983 1589 1037 ὅτι
1627 984 2020 1058 προτετίμηται

451 1072 544 1126 καὶ
594 1069 1052 1143 προεισκέκληται
1107 1070 1201 1125 τοῦ
1245 1075 1590 1144 πρωτοτόκου
1637 1073 1698 1128 τὸ
1747 1075 2018 1146 δεύτερον,

447 1162 576 1216 τοῦτ
608 1161 744 1229 ἔστι,
784 1161 844 1214 τὸ
883 1164 940 1215 ὲν
987 1162 1228 1236 Χριστῷ,
1262 1163 1358 1218 καὶ
1406 1164 1516 1218 τῶν
1564 1166 1629 1219 ὲκ
1679 1166 1922 1230 δουλείας
1961 1168 2023 1221 τὸ

446 1252 730 1324 ἐλεύθερον
754 1254 812 1306 ὲν
840 1253 1052 1320 πίστεις
1085 1254 1150 1308 Ol
1211 1255 1309 1326 μὲν
1354 1254 1463 1326 γὰρ
1506 1257 1766 1327 ἡγοῦνται
1799 1259 1886 1312 διὰ
1929 1258 2022 1312 τὸν

446 1343 506 1409 ἐξ
537 1343 708 1398 Ἰούδα
735 1343 989 1416 Χριστόν·
1035 1347 1085 1400 oi
1110 1345 1168 1400 δὲ
1196 1347 1427 1401 κατόπιν
1445 1346 1692 1418 ἔρχονται
1721 1349 1893 1419 μόλις,
1927 1351 2022 1404 καὶ

447 1432 524 1497 ὡς
549 1434 608 1488 ὲν
630 1433 861 1506 δευτέρᾳ
888 1433 1161 1490 τέθεινται
1193 1435 1365 1503 τάξει.

519 1525 724 1580 ΠΔΛΛ.
779 1526 1072 1598 Ὀρθότατα
1104 1527 1240 1600 ἔφης
1261 1546 1273 1558 ·
1313 1530 1405 1582 καί
1437 1547 1496 1582 σε
1530 1528 1630 1600 τῆς
1655 1529 1797 1583 οὕτω
1817 1529 2021 1599 λεπτῆς

447 1616 724 1687 ἀγχινοίας
753 1616 1120 1690 ἑπαινέσαιμι.

2122 455 2272 502 vent.
2316 447 2569 505 Secundo
2624 451 2745 506 loco
2775 450 2971 506 Ruben
3001 460 3057 507 et
3091 452 3500 523 ejuscomites;
3534 451 3699 506 tertio

2121 546 2332 598 rursus,
2359 535 2453 605 qui
2477 551 2507 591 e
2531 535 2706 592 libera
2729 547 2879 604 sunt,
2903 547 3026 609 post
3051 539 3151 594 hos
3172 541 3356 596 caeteri
3380 548 3492 595 tres
3511 555 3580 595 ex
3605 556 3701 595 an-

2123 623 2284 691 cillis,
2313 625 2383 681 de
2405 627 2606 697 quibus
2635 628 2843 685 dictum
2865 639 2950 686 est
2979 649 2992 684 :
3029 649 3047 683 (
3076 631 3318 687 Extremi
3344 631 3698 702 proﬁciscen-

2122 727 2234 770 tur.
2276 737 2294 770 ι
2332 717 2530 775 Annon
2575 721 2926 792 perspicuum
2956 731 3058 789 est,
3093 739 3158 779 ac
3187 723 3413 779 minime
3445 724 3700 789 dubium,

2120 805 2419 862 antelatum
2441 823 2562 864 esse
2588 825 2713 864 eum
2743 813 3129 882 primogenito,
3160 828 3225 870 ac
3248 815 3400 883 prius
3423 825 3701 878 vocatum,

2122 899 2215 967 qui
2246 899 2520 955 secundus
2553 908 2656 967 est,
2689 901 2852 974 374
2893 904 3128 973 populus
3169 905 3452 972 nimirum,
3491 908 3586 977 qui
3615 917 3701 964 est

2122 988 2177 1043 in
2195 989 2437 1058 Christo,
2460 1000 2515 1048 et
2542 993 2780 1049 liberum
2805 1010 2905 1065 per
2928 993 3090 1050 ﬁdem
3115 998 3457 1066 propositum
3487 997 3574 1061 iis,
3601 998 3698 1067 qui

2121 1097 2152 1136 e
2179 1096 2334 1137 serva
2357 1093 2486 1139 sunt
2506 1085 2652 1139 nati?
2673 1085 2754 1141 Illi
2774 1086 2923 1142 enim
2949 1087 3272 1156 praecedunt
3293 1095 3517 1158 propter
3541 1087 3700 1145 Chri-

2121 1179 2287 1238 stum,
2311 1173 2407 1243 qui
2444 1189 2512 1229 ex
2545 1191 2745 1248 genere
2770 1175 2908 1232 Juda
2941 1185 3104 1233 natus
3137 1185 3250 1245 est;
3291 1177 3349 1232 hi
3373 1193 3503 1233 vero
3539 1177 3630 1233 vix
3668 1195 3698 1233 a

2123 1271 2273 1333 tergo
2297 1275 2626 1334 sequuntur,
2653 1275 2710 1322 et
2731 1268 2972 1323 secundo
3002 1267 3124 1325 loco
3148 1269 3311 1340 positi
3338 1278 3492 1325 sunt.

2192 1533 2387 1588 PALL.
2416 1535 2739 1590 Rectissime
2771 1550 2899 1590 sane
2927 1535 3132 1592 dictum
3159 1545 3262 1600 est,
3301 1554 3362 1593 ac
3387 1546 3530 1592 tuam
3558 1537 3701 1595 adeo.

2123 1624 2377 1680 subtilem
2400 1625 2750 1695 prudentiam
2774 1627 3033 1683 admiror.

447 1839 3688 1875 Μ

1027 2033 1424 2160 ΠΕΡΙ
1524 2031 1864 2160 ΤΗΣ
1948 2033 2154 2158 ΕΝ
2248 2029 3125 2167 ΠΝΕΥΜΑΤΙ

1705 2286 1895 2378 ΚΑΙ
1965 2289 2458 2378 ΑΛΗΘΕΙΑ

851 2507 2071 2660 ΠΡΟΣΚΥΝΗΣΕΩΣ
2181 2514 2462 2627 ΚΑΙ
2571 2509 3308 2631 ΛΑΤΡΕΙΑΣ

1515 2730 1882 2821 ΛΟΓΟΣ
1971 2731 2114 2820 EN
2122 2728 2661 2821 ΔΕΚΑΤΟΣ.

512 3078 694 3191 DE
813 3075 1734 3196 ADORATIONE
1850 3077 2032 3191 ET
2165 3073 2645 3196 CULTU
2775 3075 2921 3186 ΙΝ
3051 3071 3623 3194 SPIRITU

1621 3259 1799 3435 ἘΤ
1873 3325 2536 3437 VERITATE

1540 3550 1890 3631 LIBER
1975 3545 2715 3634 UNDECIMUS.

437 3881 580 3950 Περι
603 3883 950 3955 ίερωσύνης,
981 3881 1080 3964 καὶ
1115 3882 1205 3966 ότι
1222 3885 1443 3966 ’τύπος
1460 3881 1538 3956 ἦν
1577 3888 1616 3955 ἡ
1652 3888 1801 3942 κατὰ
1830 3888 2016 3958 νόμον

2118 3888 2276 3959 375
2326 3887 2404 3942 De
2444 3886 2753 3966 sacerdotio.
2809 3881 3196 3966 Sacerdotium.
3233 3877 3402 3966 legale
3462 3878 3693 3950 ﬁguram

981 3952 1092 4022 τῆς
1116 3953 1186 4009 ἐν
1214 3953 1472 4025 Χριστῷ.

511 4086 675 4139 ΚΥΡ.
696 4086 911 4158 Σκηνῆς
936 4088 1032 4158 μὲν
1055 4089 1120 4160 δὴ
1146 4088 1272 4162 πέρι
1295 4089 1515 4145 καὶτῶν
1545 4093 1632 4146 ἐπ’
1654 4093 1791 4165 αὐτῇ
1815 4111 2015 4166 κεχρη-

441 4177 832 4249 σμῳδημένων,
884 4178 1142 4250 ἀποχρῶν
1173 4181 1305 4252 ἡμῖν
1343 4176 1401 4235 εὖ
1450 4181 1596 4253 μάλα
1644 4183 1739 4237 καὶ
1788 4185 2017 4249 ἀστείως

438 4269 607 4337 ἁπεξε
615 4268 810 4339 σμένος
821 4269 900 4332 είς
921 4269 1207 4341 ἰσχνότητα
1219 4271 1316 4341 τὴν
1333 4275 1707 4347 πνευματικὴν
1721 4275 1854 4328 ὲκπε
1861 4276 2017 4348 ποίης

437 4376 528 4414 ται
553 4359 734 4429 λόγος.
761 4359 968 4431 Πρέποι
997 4360 1041 4413 δ’
1059 4360 1145 4426 ἂν,
1165 4360 1240 4424 ὥς
1269 4361 1332 4430 γέ
1362 4380 1452 4434 μοι
1478 4364 1751 4432 φαίνεται,
1774 4369 2016 4439 συνερεϊς

437 4450 496 4504 δέ
530 4466 632 4502 που
666 4450 760 4503 καὶ
792 4450 974 4512 αὐτὸς,
1010 4445 1104 4503 οἶδ’
1139 4451 1244 4517 ὅτι,
1292 4450 1401 4504 τῶν
1444 4453 1745 4524 ἱερωσύνης
1776 4454 2016 4526 ἅψασθαι

440 4539 639 4612 γερῶν,
671 4538 794 4594 τίνα
820 4557 878 4593 τε
915 4534 980 4593 αὖ
1016 4539 1108 4594 τὸν
1153 4540 1356 4612 τρόπον
1385 4539 1474 4594 διὰ
1511 4545 1612 4615 τῆς
1638 4544 1697 4596 ὲν
1727 4544 1883 4614 τύπῳ
1923 4548 2018 4601 καὶ

441 4631 584 4685 κατά
624 4632 846 4702 νόμονή
879 4630 1084 4703 ἀληθὴς
1117 4631 1464 4703 σημαίνεται,
1505 4633 1652 4687 τοῦτ’
1694 4633 1860 4701 ἔστιν,
1895 4639 1927 4708 ὴ
1959 4639 2017 4692 ὲν

439 4721 662 4794 Χριστῷ
690 4741 748 4776 τε
779 4724 872 4776 καὶ
901 4722 969 4776 δι’
1006 4723 1172 4776 αὐτοῦ
1201 4722 1263 4776 τὸ
1303 4723 1449 4795 ἱερὸν
1497 4724 1800 4793 ἁγιάζουσα
1840 4728 2012 4796 γένος,

440 4813 585 4884 φημὶ
607 4813 666 4865 δὲ
708 4813 772 4884 δὴ
813 4812 974 4866 πάλιν
1005 4815 1132 4878 τοὺς
1173 4815 1232 4867 ὲν
1259 4813 1440 4868 πίστει
1473 4813 2014 4889 λελαμπρυσμένους,

441 4905 536 4956 καὶ
568 4902 665 4974 τὴν
691 4904 770 4967 είς
813 4903 944 4957 Θεὸν
988 4905 1297 4976 οίκειότητα
1335 4906 1802 4978 πεπλουτηκότας,
1841 4909 1926 4964 διά
1952 4926 2014 4978 γε

442 4995 535 5049 τοῦ
574 4996 895 5066 μεταλαχεῖν
930 4995 1084 5064 ἁγίου
1116 4996 1452 5068 Πνεύματος.

513 5087 721 5140 ΠΑΛΛ.
753 5085 958 5169 Πρέποι
987 5084 1096 5156 γὰρ
1123 5083 1190 5140 ἂν
1219 5087 1313 5139 καὶ
1347 5087 1488 5157 μάλα
1521 5088 1766 5152 είκότως.

513 5177 673 5232 ΚΥΡ.
715 5174 1194 5244 Ἀποτελεσθείσης
1241 5177 1305 5248 δὴ
1335 5173 1430 5232 οὖν
1460 5180 1519 5233 ὲν
1552 5180 1742 5251 κόσμῳ
1769 5179 1847 5252 τῷ
1879 5182 2010 5253 πρέ-

2434 3957 2590 4026 fuisse
2613 3953 2756 4011 illius
2779 3954 2918 4025 quod
2943 3955 2998 4008 in
3025 3951 3230 4009 Christo
3255 3958 3351 4004 est.

2184 4090 2260 4145 De
2284 4088 2640 4144 tabernaculo
2661 4087 2882 4158 quidem
2906 4095 2962 4142 et
2994 4087 3062 4141 iis
3087 4100 3208 4155 qua:
3231 4084 3299 4138 de
3328 4098 3394 4137 eo
3421 4089 3692 4152 praecepta

2115 4189 2262 4246 sunt,
2287 4195 2468 4236 sermo
2498 4195 2530 4234 a
2557 4179 2720 4235 nobis
2747 4177 2879 4234 satis
2917 4177 3114 4247 plenus
3141 4181 3226 4228 est
3253 4172 3493 4236 habitus,
3531 4179 3587 4225 et
3622 4171 3688 4225 ad

2117 4271 2456 4342 spiritualem
2482 4270 2837 4325 subtilitatem
2859 4267 3138 4338 eleganter
3159 4263 3451 4333 expolitus.
3475 4262 3570 4318 Est
3598 4278 3694 4317 au-

2118 4369 2226 4415 tem
2252 4374 2613 4430 consequens,
2641 4365 2703 4412 ut
2725 4357 2861 4411 mihi
2893 4355 3114 4426 quidem
3143 4351 3384 4417 videtur,
3416 4360 3577 4423 teque
3610 4367 3693 4407 as-

2116 4469 2404 4510 sensurum
2448 4458 2600 4507 certo
2628 4449 2763 4514 scio,
2806 4447 2874 4502 ad
2911 4443 3203 4502 sacerdotii
3243 4458 3474 4498 munera
3515 4442 3690 4512 expli-

2116 4544 2288 4600 canda
2319 4543 2583 4607 transire;
2615 4553 2793 4611 quove
2816 4537 2980 4593 modo
2999 4551 3099 4606 per
3122 4534 3468 4607 ﬁgurativum
3498 4535 3686 4605 legale,

2113 4651 2304 4692 verum
2334 4633 2691 4706 signiﬁcetur,
2726 4629 2987 4685 nimirum
3017 4627 3172 4692 illud,
3206 4625 3352 4696 quod
3382 4626 3438 4680 in
3472 4625 3691 4682 Christo

2115 4734 2218 4792 est,
2249 4735 2306 4782 et
2330 4741 2430 4797 per
2449 4723 2728 4780 Christum
2755 4737 2924 4793 genus
2953 4718 3086 4774 illud
3125 4733 3339 4774 sacrum
3365 4718 3666 4775 sanctiﬁcat
3683 4751 3702 4776 ο

2115 4834 2229 4884 eos,
2263 4819 2507 4888 inquam,
2534 4816 2628 4886 qui
2650 4814 2776 4870 ﬁdei
2799 4813 3045 4869 claritate
3069 4819 3197 4867 sunt
3223 4811 3484 4875 illustres,
3510 4826 3573 4866 ac
3592 4810 3688 4865 Dei

2116 4909 2556 4980 conjunctionem
2585 4922 2683 4978 per
2721 4905 2961 4976 Spiritus
2991 4903 3164 4959 sancti
3207 4903 3686 4974 participationem

2117 4999 2414 5054 consecuti.

2184 5090 2380 5145 PALL.
2412 5090 2766 5159 Consequens
2790 5104 2942 5153 vero,
2971 5104 3032 5143 ac
3058 5089 3181 5158 jure
3211 5085 3418 5156 optimo
3445 5083 3684 5154 quidem.

2188 5181 2352 5252 376
2369 5180 2525 5237 CYR.
2549 5179 2724 5252 Igitur
2739 5222 2752 5246 ,
2782 5194 2937 5235 sacro
2960 5179 3051 5233 illo
3080 5176 3435 5232 tabernaculo
3453 5190 3577 5229 cum
3598 5175 3690 5230 de-

444 5283 597 5320 ποντι
631 5265 731 5335 τῆς
778 5265 940 5333 ἁγίας
976 5264 1198 5333 σκηνῆς,
1234 5247 1327 5318 καὶ
1358 5267 1436 5332 είς
1479 5266 1615 5333 εἶδος
1648 5247 2008 5344 ἐνήνεγμένης

2119 5247 2276 5324 centi
2290 5247 2485 5323 o'matu
2511 5247 2620 5340 jam
2646 5269 2916 5333 absoluto,
2941 5266 3315 5337 perductoque
3344 5264 3410 5320 ad
3433 5279 3552 5320 eam
3584 5265 3692 5319 for-

442 5356 503 5410 τὸ
532 5359 588 5410 ὲν
621 5355 698 5426 τῷ
732 5355 849 5427 ὄρει
881 5352 1238 5423 παραδειχθὲν
1266 5357 1344 5426 τῷ
1375 5358 1644 5432 θεσπεσίῳ
1688 5364 1881 5436 Μωσῇ,
1918 5366 2014 5436 τὴν

2118 5377 2256 5418 mam
2294 5377 2414 5432 quae
2431 5361 2487 5415 in
2510 5368 2696 5414 monte
2714 5358 3066 5413 fueratbeato
3083 5356 3248 5428 Moysi
3264 5365 3690 5421 ostensa,sacer-

443 5450 550 5502 τῶν
607 5447 795 5519 ἱερέων
844 5443 1113 5508 ἀνάδειξιν
1168 5445 1403 5501 ἐποιεῖτο
1454 5450 1602 5518 Θεὸς,
1660 5455 1755 5508 καὶ
1811 5455 1874 5525 δὴ
1921 5456 2015 5508 καὶ

2118 5453 2267 5509 dotes
2284 5452 2533 5522 designat
2547 5451 2690 5504 Deus
2718 5467 2728 5501 :
2755 5449 2934 5518 itaque
2951 5445 3029 5502 ait
3056 5465 3068 5500 :
3097 5466 3113 5498 ι
3141 5447 3210 5502 Et
3227 5455 3304 5512 tu,
3324 5445 3534 5516 applica
3550 5445 3616 5499 ad
3637 5453 3688 5498 te

445 5543 670 5608 ἔφασκε,
707 5559 724 5589 ‹
770 5539 879 5592 Καὶ
912 5538 974 5590 σὺ
1021 5539 1367 5607 προσαγάγου
1404 5543 1536 5611 πρὸς
1586 5545 1774 5599 ἑαυτὸν
1816 5547 1906 5600 τόν
1955 5566 2013 5602 τε

2113 5545 2316 5608 Aaron,
2353 5544 2577 5597 fratrem
2612 5548 2788 5603 tuum,
2820 5548 2875 5594 et
2902 5537 3044 5596 ﬁlios
3063 5551 3182 5611 ejus
3215 5538 3282 5594 de
3327 5537 3454 5593 ﬁliis
3497 5537 3685 5597 Israel.

465 5629 673 5701 Ἀαρὼν
711 5630 798 5682 τὸν
830 5626 1054 5694 ἀδελφόν
1106 5646 1194 5681 σου
1249 5630 1338 5685 καὶ
1371 5635 1488 5696 τοὺς
1524 5635 1668 5698 υἱοὺς
1720 5636 1880 5692 αύτοῦ
1951 5639 2014 5693 ὲκ

2118 5644 2174 5692 ut
2214 5632 2518 5693 sacerdotio
2563 5632 2857 5704 fungantur
2886 5633 3058 5690 mihi.
3112 5633 3285 5689 Aaron
3332 5640 3386 5687 et
3416 5629 3598 5685 Nadab
3625 5635 3677 5680 et
