4142 6296
529 277 630 330 7:27

1548 271 1602 328 S.
1643 270 1921 329 CYRILLI
1956 266 2428 327 ALEXANDRINI
2458 271 2774 329 ARClllEP.

3702 270 3807 327 7'28

527 392 708 448 Abiud
744 400 801 447 et
834 391 1077 455 Eleazar,
1109 396 1164 445 et
1205 387 1445 443 Ithamar
1470 385 1611 443 ﬁlios
1635 388 1817 444 Aaron
1844 387 1911 442 ".
1944 406 1962 439 ›
1995 386 2107 442 Νο-

2214 387 2322 440 τῶν
2359 386 2486 441 υἱῶν
2521 388 2738 460 Ἰσραὴλ
2770 386 3066 461 ἱερατεύειν
3088 405 3200 461 μοι,
3231 386 3447 460 Ἀαρὼν
3476 386 3583 461 καὶ
3614 387 3807 439 Nubat;

528 480 778 536 minutim
802 479 969 551 igitur
987 478 1147 534 electi
1174 478 1253 533 illi
1280 477 1384 533 viri
1410 487 1537 534 sunt
1579 478 1646 533 ad
1669 476 1959 534 sacerdotii
1987 491 2107 530 mu-

529 587 634 627 nus
654 570 854 626 vocati.
891 588 909 621 ¢
942 570 1129 640 Neque
1162 569 1311 624 enim
1358 570 1463 624 sibi
1490 570 1778 640 quisquam
1807 568 1975 624 sumit
2002 568 2105 622 ho-

528 674 752 723 norem,
794 658 890 715 sed
922 659 1015 729 qui
1067 667 1295 713 vocatur
1333 674 1365 713 a
1407 660 1553 726 Deo,
1602 680 1620 711 ι
1654 660 1797 715 sicut
1840 659 2107 728 scriptum

525 752 610 799 est
645 745 713 798 ⁸⁸.
738 745 910 817 Igitur
946 745 1013 799 ad
1044 744 1337 800 sacerdotii
1369 761 1590 810 munus,
1622 746 1769 815 quod
1801 760 1833 799 a
1871 745 1984 798 Deo
2007 744 2106 798 de-

526 831 722 899 fertur,
747 848 844 888 sua
867 844 1059 904 sponte
1080 834 1304 890 accedat
1325 850 1508 899 nemo,
1528 834 1644 899 sed,
1664 843 1726 888 ut
1749 841 1994 897 vocetur,
2015 848 2108 887 ex-

527 934 763 996 spectet;
793 927 1019 997 alioqui,
1062 927 1108 981 si
1149 926 1337 982 divino
1367 927 1627 998 suffragio
1666 926 1894 981 minime
1926 925 2104 979 tribu-

530 1024 645 1071 tum
679 1032 871 1088 rapere
906 1018 1220 1082 tentaverit,
1264 1019 1318 1071 in
1353 1017 1596 1082 easdem,
1632 1032 1769 1088 quas
1800 1017 2011 1072 Dathan
2054 1022 2110 1071 et

527 1107 755 1174 Abiron,
790 1125 981 1180 poenas
1016 1110 1238 1165 incidet.
1266 1111 1455 1180 Neque
1480 1126 1611 1165 vero
1643 1110 1742 1165 tibi
1782 1109 1982 1164 mirum
2018 1109 2103 1163 vi-

528 1196 648 1254 deri
677 1198 863 1263 debet,
889 1199 935 1254 si
973 1200 1079 1255 hoc
1104 1201 1301 1271 ipsum,
1326 1208 1517 1270 sponte
1544 1216 1603 1255 se
1626 1200 1880 1271 ingerere
1927 1201 1985 1254 in
2008 1216 2106 1254 no-

530 1287 634 1354 bis,
666 1289 964 1344 absurdum
990 1305 1055 1345 ac
1096 1297 1254 1360 turpe
1298 1291 1388 1356 sit,
1419 1290 1641 1360 quando
1674 1291 1840 1345 etiam
1882 1288 1949 1344 de
1988 1288 2108 1358 ipso

529 1379 751 1434 Christo
773 1379 966 1434 scribit
990 1380 1193 1435 Paulus
1223 1398 1235 1433 :
1269 1400 1287 1432 ι
1320 1381 1439 1435 Non
1464 1381 1819 1450 semetipsum
1846 1379 2112 1434 clariﬁca-

527 1470 627 1535 vit,
661 1479 723 1525 ut
756 1470 1002 1541 pontifex
1032 1470 1208 1535 fieret,
1240 1470 1335 1525 scd
1367 1470 1461 1540 qui
1493 1471 1709 1526 locutus
1736 1479 1821 1526 est
1845 1469 1913 1524 ad
1939 1485 2065 1524 eum
2093 1487 2105 1522 :

530 1560 609 1615 Tu
637 1577 698 1617 es
726 1562 981 1618 sacerdos
1002 1561 1057 1616 in
1079 1570 1346 1617 internum
1369 1562 1670 1617 secundum
1695 1563 1944 1618 ordinem
1975 1561 2109 1616 Mel-

528 1653 822 1710 chisedech
854 1655 922 1708 “°.
955 1674 974 1706 ι
1004 1655 1148 1726 Ergo
1180 1656 1504 1720 vocationis,
1534 1670 1641 1725 qua
1664 1655 1918 1711 Christus
1944 1669 2109 1709 voca-

532 1753 621 1799 tus
644 1760 766 1799 esse
787 1745 1011 1811 dicitur,
1043 1747 1219 1817 imago
1241 1754 1326 1802 est
1344 1789 1359 1813 ,
1385 1747 1529 1816 quod
1558 1747 1626 1801 ad
1653 1747 1872 1817 Moysen
1898 1745 2111 1814 sapien-
2142 1726 2183 1782 Β

532 1842 617 1889 ter
640 1844 725 1890 est
750 1835 958 1891 dictum
990 1854 1003 1889 :
1035 1855 1052 1887 ‹
1076 1837 1145 1891 Ει
1168 1845 1248 1903 ιιι,
1274 1837 1486 1907 applica
1517 1836 1583 1891 ad
1623 1845 1676 1891 te
1706 1837 1883 1906 ipsum
1928 1835 2110 1890 Aaron

531 1926 758 1981 fratrem
779 1936 956 1994 tuum,
980 1934 1035 1984 et
1059 1927 1201 1983 ﬁlios
1222 1929 1361 1998 ejus.
1390 1948 1409 1979 ι
1435 1928 1571 1982 Nam
1595 1928 1748 1993 illud,
1777 1946 1795 1979 ι
1823 1927 2053 1997 applica,
2086 1947 2102 1977 ι

529 2015 663 2086 quid
695 2016 864 2082 aliud,
888 2032 1073 2088 quam,
1098 2017 1334 2089 adjunge
1360 2025 1522 2087 atque
1546 2018 1749 2073 advoca
1773 2059 1788 2084 ,
1813 2016 2111 2089 significat?

532 2104 773 2161 Vocatus
798 2115 885 2161 est
928 2115 1110 2161 autem
1149 2108 1403 2163 Christus
1447 2117 1706 2178 tanquam
1737 2107 1805 2162 ad
1836 2108 2112 2177 pontiﬁcis

529 2212 734 2252 munus
757 2212 858 2268 per
880 2198 1219 2254 voluntatem
1249 2200 1464 2266 Patris;
1498 2200 1658 2254 simul
1688 2209 1872 2254 autem
1898 2216 2022 2255 cum
2044 2215 2111 2255 eo

529 2287 935 2355 quodammodo
966 2289 1166 2353 vocati,
1198 2298 1695 2360 cooperatoresque
1733 2289 1897 2345 oﬁicii
1926 2305 2110 2346 sacer-

529 2378 731 2435 dotalis
762 2378 945 2436 eﬁ'ecti
986 2390 1116 2436 sunt
1157 2382 1324 2437 etiam
1363 2382 1537 2437 sancti
1582 2382 1658 2437 illi
1690 2382 1967 2452 discipuli.
2002 2383 2110 2438 Ita-

528 2485 636 2540 que
661 2472 827 2526 etiam
864 2481 1054 2543 aperte
1083 2472 1343 2529 dicebant
1370 2492 1383 2527 :
1421 2492 1439 2524 ι
1479 2473 1577 2528 Dei
1603 2481 1990 2544 cooperatores
2014 2489 2111 2528 su-

529 2576 656 2616 mus
682 2561 746 2616 ⁸⁷.
783 2581 801 2613 ι
832 2561 1064 2619 Omnem
1096 2572 1358 2635 praeterea
1391 2565 1584 2620 orbem
1611 2573 1882 2619 terrarum
1911 2566 2112 2620 circui-

530 2652 683 2718 baut,
714 2653 1088 2710 sacriﬁcantes
1114 2656 1168 2709 in
1208 2656 1464 2726 gentibus
1500 2656 1855 2725 Evangelium
1887 2656 2111 2711 Christi.

528 2743 789 2810 Quamvis
816 2745 965 2799 enim
989 2746 1170 2800 vocati
1200 2746 1311 2800 sint
1348 2747 1425 2801 illi
1456 2748 1679 2817 quidem
1708 2763 1807 2818 per
1834 2747 2114 2803 Christum

528 2835 599 2890 ad
639 2836 1024 2905 apostolatum,
1067 2836 1232 2907 idque
1265 2837 1551 2892 verissime
1590 2837 1827 2902 dicatur,
1870 2845 1991 2892 erat
2032 2846 2114 2892 la-

530 2942 658 2982 men
698 2927 751 2982 id
792 2942 1019 2997 prorsus
1047 2941 1116 2982 ex
1140 2926 1420 2983 voluntate
1448 2928 1627 2982 Patris
1654 2945 1667 2981 :
1696 2944 1807 2983 una
1850 2937 1935 2983 est
1966 2927 2113 2982 enim

2207 479 2303 532 καὶ
2348 478 2580 544 Ἀϐιοὺδ,
2613 481 2707 535 καὶ
2747 482 3029 555 Ἐλεάζαρ,
3070 482 3165 536 καὶ
3208 481 3436 552 ’ἱθάμαρ
3481 481 3645 543 υἱοὺς
3678 479 3807 532 ’Δα-

2209 571 2337 643 ρὼν.
2386 593 2404 627 ι
2462 574 2755 645 Ὀνομαστὶ
2796 576 2893 645 μὲν
2931 570 3024 629 οῦν
3058 575 3108 628 οἱ
3152 574 3447 628 ἀπόλεκτοι
3492 572 3806 642 κέκληνται

2207 664 2344 735 πρὸς
2395 665 2727 738 ἱερουργίαν.
2767 685 2785 717 ι
2829 665 2903 719 Ού
2936 666 3044 737 γὰρ
3072 665 3250 736 ἑαυτῷ
3271 682 3354 728 τις
3384 662 3676 734 λαμϐάνει
3708 662 3806 732 τὴν

2206 757 2394 829 τιμὴν,
2445 758 2560 811 ἀλλ’
2598 760 2627 812 6
2657 756 2990 828 καλούμενος
3015 756 3121 812 ὑπὸ
3155 757 3251 811 τοῦ
3292 755 3452 819 Θεοῦ,
3497 774 3518 807 ι
3567 753 3721 807 κατὰ
3746 754 3809 806 τὸ

2208 849 2612 920 γεγραμμένον.
2646 852 2772 904 Ἴτω
2796 851 2861 921 δὴ
2900 846 3326 919 οῦνάὐτόμολος
3362 850 3462 919 μὲν
3505 846 3709 917 μηδεὶς
3730 848 3808 911 εἱς

2208 941 2269 994 τὸ
2296 940 2597 1012 ἱερατεύειν
2628 941 2707 1011 τῷ
2730 940 2872 1011 Θεῷ,
2904 941 3245 1012 περιμενέτω
3272 939 3328 993 δὲ
3356 939 3587 1008 κλῆσιν,
3612 938 3807 1007 ήγουν,

2212 1033 2478 1105 ἁρπάζειν
2509 1034 2827 1105 ἐπιχειρῶν,
2862 1034 2891 1086 ὃ
2930 1035 3004 1105 μὴ
3030 1036 3151 1097 ταῖς
3184 1032 3390 1087 ἄνωθεν
3422 1031 3548 1101 ἔχει
3580 1030 3806 1101 ψήφοις,

2208 1125 2303 1196 τὴν
2333 1126 2509 1180 Δαθάν
2534 1144 2592 1180 τε
2619 1125 2715 1180 καὶ
2755 1125 3020 1196 Ἀϐειρὼν
3050 1125 3238 1194 ὑφέξει
3260 1124 3442 1194 δίκην.
3478 1123 3604 1176 Καὶ
3649 1123 3810 1192 μήτοι

2214 1216 2501 1290 θαυμάσῃς
2529 1220 2578 1272 εἱ
2600 1218 2672 1271 τὸ
2698 1219 2993 1289 αὐτόμολον
3017 1220 3101 1288 ἐφ’
3135 1217 3292 1288 ήμῶν
3326 1214 3572 1270 ἔκτοπόν
3603 1231 3666 1266 τε
3718 1213 3813 1267 καὶ

2210 1310 2465 1375 ἀκαλλὲς,
2509 1311 2598 1363 ὅτε
2646 1312 2742 1365 καὶ
2785 1311 2911 1381 περὶ
2954 1309 3122 1363 αὑτοῦ
3167 1310 3263 1362 τοῦ
3314 1306 3571 1380 Χριστοῦ
3603 1306 3812 1377 γράφει

2211 1399 2441 1463 Παῦλος,
2479 1417 2497 1449 ι
2537 1400 2648 1470 Οὐχ
2680 1400 2873 1453 ἑαυτὸν
2922 1398 3144 1464 ὲδόξασε
3171 1396 3477 1467 γενηθῆναι
3510 1393 3810 1466 ἀρχιερέα,

2210 1491 2322 1545 ἀλλ’
2345 1495 2373 1546 6
2398 1492 2639 1563 λαλήσας
2662 1491 2798 1562 πρὸς
2827 1491 3009 1556 αὐτὸν,
3058 1491 3130 1544 Σὺ
3163 1492 3344 1562 ἱερεὺς
3374 1490 3459 1552 εἰς
3502 1488 3601 1541 τὸν
3638 1485 3812 1539 αἱῶνα

2211 1582 2353 1637 κατὰ
2379 1583 2478 1653 τὴν
2508 1582 2663 1647 τάξιν
2690 1582 3044 1652 Μελχισεδέκ.
3084 1600 3103 1634 ι
3137 1581 3393 1652 Κλήσεως
3422 1574 3526 1632 οῦν
3568 1577 3684 1648 ἀρα
3711 1579 3811 1645 τῆς

2211 1676 2304 1729 ἐπὶ
2359 1675 2582 1748 Χριστῷ
2630 1675 2930 1745 λεγομένης
2959 1673 3121 1729 εἰκὼν
3152 1675 3219 1728 ἂν
3254 1674 3340 1744 εἴη
3375 1672 3549 1725 πάλιν
3579 1670 3645 1723 τὸ
3677 1668 3809 1739 πρὸς

2213 1764 2410 1818 Μωσέα
2441 1764 2619 1834 σοφῶς
2659 1765 2967 1836 εἰρημένον,
3000 1783 3019 1816 ι
3058 1765 3169 1817 Καὶ
3192 1764 3256 1816 σὺ
3275 1762 3647 1834 προσαγάγου
3677 1757 3811 1831 πρὸς

2214 1857 2407 1910 ἑαυτὸν
2434 1855 2527 1910 τόν
2547 1874 2605 1908 τε
2637 1853 2848 1926 Ἀαρὼν
2866 1855 2957 1909 τὸν
2980 1853 3206 1924 ἀδελφόν
3232 1870 3348 1916 σου,
3375 1854 3479 1906 καὶ
3498 1852 3636 1914 τοὺς
3665 1851 3810 1914 υἱοὺς

2211 1947 2395 2005 αὐτοῦ.
2446 1966 2463 1999 ι
2516 1948 2589 2001 Τὸ
2636 1947 2745 2019 γάρ
2779 1966 2798 2001 ι
2856 1948 3229 2019 προσαγάγου,
3267 1965 3286 1999 ι
3335 1945 3389 1998 τί
3423 1945 3629 2015 ἕτερον
3664 1943 3807 2014 ἢτδ,

2211 2037 2491 2091 οἱκείωσαί
2533 2055 2589 2091 τε
2647 2039 2741 2092 καὶ
2796 2037 3119 2110 προσκάλει,
3167 2036 3349 2108 δηλοῖς
3390 2035 3692 2105 Κέκληται
3750 2033 3807 2087 δὲ

2212 2132 2401 2203 ὥσπερ
2423 2132 2501 2194 εἰς
2522 2131 2781 2202 ἀρχιερέα
2814 2129 3049 2201 Χριστὸς
3095 2127 3185 2182 διὰ
3212 2128 3404 2198 βουλῆς
3427 2127 3531 2179 τοῦ
3570 2124 3802 2196 Πατρός.

2212 2224 2621 2295 Συγκέκληνται
2655 2223 2712 2276 δὲ
2740 2222 2940 2294 τρόπον
2969 2219 3090 2275 τινὰ
3115 2219 3265 2291 αὐτῷ
3307 2220 3401 2273 καὶ
3437 2217 3704 2289 συνεργοὶ
3730 2215 3806 2269 τέ-

2213 2315 2417 2369 θεινται
2448 2315 2584 2387 πρὸς
2622 2314 2934 2386 ἱερουργίαν
2987 2314 3081 2366 καὶ
3113 2314 3161 2365 οἱ
3210 2310 3499 2367 θεσπέσιοι
3540 2306 3800 2379 μαθηταί.

2215 2407 2501 2479 Τοιγάρτοι
2532 2407 2623 2460 καὶ
2653 2405 2949 2478 διαρρήδην
2973 2404 3232 2473 ἔφασκον,
3268 2422 3287 2455 ι
3326 2402 3472 2456 Θεοῦ
3499 2403 3615 2471 γάρ
3642 2403 3803 2469 ἐσμεν

2216 2499 2495 2569 συνεργοί*
2551 2516 2570 2550 υ
2625 2497 2985 2568 περιεφοίτων
3017 2495 3075 2549 δὲ
3121 2490 3187 2549 αῦ
3241 2494 3337 2547 καὶ
3367 2493 3476 2565 τὴν
3528 2493 3623 2560 ὑφ’
3654 2490 3800 2560 ἥλιον

2215 2591 2415 2653 πᾶσαν,
2478 2587 2888 2660 ἱερουργοῦντες
2940 2589 3021 2650 εἱς
3066 2586 3136 2641 τὰ
3182 2585 3308 2656 ἔθνη
3361 2584 3423 2637 τὸ
3469 2580 3802 2651 Εὑαγγέλιον

2213 2678 2474 2753 Χριστοῦ.
2532 2679 2842 2750 Κέκληνται
2903 2678 3003 2749 μὲν
3058 2677 3167 2747 γὰρ
3215 2678 3296 2740 εἱς
3343 2674 3662 2745 ἀποστολὴν
3716 2671 3799 2725 διὰ

2214 2773 2472 2844 Χριστοῦ,
2505 2772 2600 2827 καὶ
2633 2771 2841 2843 ἀληθὴς
2872 2773 2900 2823 6
2928 2770 3109 2839 λόγος.
3157 2768 3297 2822 Ἀλλ’
3336 2763 3407 2840 ἦν
3439 2785 3553 2822 που
3585 2765 3799 2828 πάντως

2213 2865 2276 2919 τὸ
2307 2866 2495 2937 χρῆμα
2516 2865 2609 2918 καὶ
2638 2864 2772 2917 αὐτὸ
2802 2862 3028 2934 θελητὸν
3066 2861 3145 2934 τῷ
3174 2860 3382 2933 Πατρὶ·
3416 2860 3525 2930 μία
3573 2858 3681 2928 γὰρ
3716 2856 3795 2923 ἐφ’

2217 2958 2388 3013 ἅπασι
2429 2959 2543 3019 τοῖς
2590 2954 2886 3027 δρωμένοις
2916 2956 2950 3025 ή
2980 2954 3180 3024 ψῆφος,
3211 2953 3295 3006 ὅτι
3338 2952 3436 3005 καὶ
3491 2949 3660 3021 βουλὴ
3708 2946 3795 3001 καὶ

531 3020 590 3073 in
616 3020 906 3086 omnibus,
951 3036 1074 3091 qua:
1123 3029 1431 3092 geruntur,
1474 3021 1758 3091 utriusque
1805 3019 2108 3085 sententia;

2216 3044 2376 3113 σοφία
2408 3042 2504 3097 καὶ
2557 3019 2774 3111 θέλησις
2823 3019 3173 3111 τοῦΠατ-ρὸς
3250 3042 3279 3094 6
3314 3019 3732 3104 Υἱόςξοὺκοῦν
3766 3037 3794 3088 6

530 3112 734 3184 quippe
764 3130 889 3169 cum
919 3114 1099 3171 Patris
1126 3122 1183 3171 et
1214 3116 1504 3170 consilium
1537 3124 1595 3171 et
1624 3117 1892 3187 sapientia
1928 3124 1986 3172 et
2010 3131 2110 3171 vo-

529 3206 715 3261 luntas
741 3206 813 3262 sit
842 3207 1033 3262 Filius.
1067 3207 1165 3263 Est
1191 3207 1358 3278 igitur
1390 3206 1573 3262 Aaron
1601 3208 1805 3264 Christi
1837 3207 2028 3280 ﬁgura,
2057 3218 2113 3264 et

532 3298 684 3353 illius
722 3299 1039 3365 sacerdotii,
1069 3300 1217 3369 quod
1246 3300 1302 3354 in
1337 3301 1535 3370 spiritu
1564 3308 1621 3355 et
1644 3301 1875 3355 veritate
1905 3301 2115 3355 intelli-

532 3389 700 3459 gitur,
744 3391 993 3460 quaadam
1028 3399 1089 3446 ut
1137 3392 1195 3447 in
1244 3384 1455 3450 umbris
1489 3396 1669 3450 adhuc
1700 3396 2115 3453 obscurioribus

535 3480 904 3552 praesignatio.
951 3481 1340 3539 Animadverte
1386 3494 1569 3540 autem
1592 3478 1777 3556 juberi
1808 3487 2014 3559 .Moysi,
2055 3498 2117 3544 ut

535 3571 771 3640 applicet
809 3571 876 3626 ad
906 3588 966 3627 se
996 3573 1211 3642 Aaron;
1259 3575 1476 3632 inﬁrma
1503 3577 1651 3633 enim
1683 3586 1767 3633 est
1802 3579 1891 3633 lex
1919 3585 1975 3633 et
2009 3579 2115 3634 im-

534 3659 797 3730 perfecta,
824 3662 868 3717 si
899 3678 931 3717 a
959 3662 1181 3719 Christo
1206 3662 1539 3736 disjungitur
1570 3684 1584 3719 :
1618 3685 1636 3717 ‹
1668 3665 2012 3736 Impossibile
2033 3674 2118 3722 est

534 3751 681 3805 enim
712 3753 975 3823 sanguine
1007 3762 1289 3811 taurorum
1325 3765 1382 3811 et
1414 3757 1696 3813 hircorum
1740 3759 1943 3814 auferri
1984 3775 2115 3830 pec-

536 3852 655 3897 cata
696 3843 761 3897 ".
794 3844 1004 3914 »377
1031 3845 1284 3903 Christus
1316 3857 1499 3904 autem
1537 3866 1704 3904 unam
1735 3865 1835 3920 pro
1861 3860 2115 3920 peccato-

537 3933 694 3987 ribus
716 3948 842 3988 cum
865 3934 1163 3990 obtulisset
1189 3937 1445 4002 hostiam,
1469 3943 1866 3993 consummavit
1887 3942 1942 3994 in
1970 3957 2118 3996 sem-

537 4027 817 4097 piternum
864 4028 1250 4084 sanetiﬁcatos.
1301 4028 1487 4084 Sciant
1520 4029 1688 4101 igitur
1731 4032 1826 4101 qui
1871 4031 2119 4086 umbram

536 4117 719 4174 adhuc
758 4128 816 4176 et
843 4119 1084 4175 litteram
1132 4120 1397 4197 diligunt,
1444 4131 1500 4178 et
1552 4122 1801 4177 Mosaicis
1850 4123 2121 4180 mandatis

539 4212 818 4271 mordicus
851 4213 1255 4288 adhaerescunt,
1300 4213 1405 4269 nisi
1445 4216 1549 4271 sibi
1596 4215 1729 4287 ipsis
1773 4216 2122 4287 adjunxerint

539 4311 703 4375 atque
733 4306 1131 4377 applicaverint
1160 4306 1495 4362 sacerdotem
1540 4308 1694 4362 illum
1731 4316 1787 4363 et
1815 4310 2118 4379 apostolum

2227 3136 2434 3206 Ἀαρὼν
2465 3133 2635 3198 τύπος
2658 3134 2724 3188 ἂν
2758 3134 2842 3206 εἴη
2892 3133 3154 3205 Χριστοῦ,
3186 3135 3280 3188 καὶ
3306 3135 3406 3206 τῆς
3434 3136 3499 3188 ὲν
3532 3129 3795 3203 πνεύματί

2213 3246 2271 3281 τε
2305 3229 2398 3281 καὶ
2432 3226 2662 3297 ἀληθείᾳ
2690 3226 2991 3297 νοουμένης
3018 3225 3338 3298 ἱερωσύνης,
3366 3225 3536 3280 οἱονεὶ
3566 3222 3795 3295 προανά·

2213 3319 2396 3386 δειξις,
2430 3318 2505 3382 ὡς
2539 3320 2598 3371 ὲν
2632 3320 2812 3380 σκιαῖς
2839 3316 2919 3370 ἐτι
2949 3319 3069 3379 ταῖς
3107 3316 3532 3391 ἀμυδροτέραις.
3558 3318 3719 3378 Σύνες
3741 3313 3794 3366 δὲ

2214 3414 2297 3467 ὅτι
2351 3409 2745 3483 προστάττεται
2779 3408 2984 3478 Μωσῆς
3018 3406 3473 3479 προσαγαγέσθαι
3504 3407 3639 3479 πρὸς
3671 3406 3789 3458 ἑαυ-

2215 3505 2305 3559 τὸν
2332 3503 2423 3557 τόν
2470 3519 2532 3556 τε
2582 3499 2824 3572 ’Δαρών·
2863 3498 3094 3570 ἀσθενὴς
3116 3499 3223 3568 γάρ
3270 3517 3388 3563 πως
3422 3499 3525 3554 καὶ
3558 3497 3746 3565 ἀτελὴς
3767 3495 3794 3547 6

2216 3597 2399 3666 νόμος,
2424 3595 2472 3647 εἱ
2502 3592 2597 3646 καὶ
2618 3590 3035 3660 ἀπονοσφίζοιτο
3059 3589 3152 3643 τοῦ
3173 3589 3433 3661 Χριστοῦ.
3459 3609 3479 3642 ι
3518 3588 3790 3643 Ἀδύνατον

2218 3688 2327 3759 γὰρ
2358 3681 2498 3757 αἱμα
2528 3684 2749 3756 ταύρων
2784 3684 2878 3738 καὶ⁵
2906 3682 3127 3754 τράγων
3155 3683 3410 3753 ἀφαιρεῖν
3435 3679 3732 3752 ἁμαρτίας.
3769 3693 3786 3726 ι

2218 3778 2453 3852 Χριστὸς
2479 3776 2535 3829 δὲ
2573 3776 2702 3847 μίαν
2732 3773 2877 3845 ὑπὲρ
2912 3772 3256 3843 ἁμαρτωλῶν
3299 3773 3677 3843 προσενέγκας
3704 3767 3790 3821 θυ-

2221 3873 2361 3937 σίαν,
2388 3869 2741 3923 τετελείωκεν
2770 3868 2849 3929 εἱς
2882 3865 2943 3918 τὸ
2966 3863 3214 3934 διηνεκὲς
3233 3865 3358 3929 τοὺς
3380 3862 3786 3934 ἁγιαζομένους.

2223 3965 2489 4017 Ἵστωσαν
2515 3960 2579 4030 δὴ
2620 3956 2711 4013 οὖν
2752 3960 2801 4011 οἱ
2836 3957 2993 4020 σκιᾶς
3026 3955 3106 4008 έτι
3143 3956 3238 4009 καὶ
3270 3954 3602 4026 γράμματος
3633 3953 3784 4023 φίλοι.

2220 4051 2316 4106 καὶ
2346 4049 2659 4105 Μωσαῖκῶν
2688 4044 3039 4116 ὲνταλμάτων
3069 4043 3474 4117 κατηξιωμένοι
3506 4044 3605 4116 (Ι),
3648 4041 3721 4104 ὡς
3742 4040 3786 4093 εἱ

2226 4142 2299 4213 μὴ
2335 4138 2771 4213 προσαγάγοιντο
2806 4136 2946 4207 πρὸς
2980 4136 3211 4200 ἑαυτοὺς
3250 4136 3343 4190 τὸν
3391 4135 3656 4207 ἀρχιερέα
3699 4131 3785 4185 καὶ

2221 4233 2517 4289 ἀπόστολον
2546 4234 2644 4302 τῆς
2674 4228 2960 4299 ὁμολογίας
2986 4227 3144 4299 ήμῶν
3181 4227 3388 4299 Ἰησοῦν
3421 4227 3515 4281 τὸν
3543 4221 3782 4297 Χριστὸν,

2223 4328 2301 4390 εἱς
2332 4325 2487 4378 οὐδὲν
2514 4324 2698 4386 αὐτοῖς
2727 4319 2828 4391 τῆς
2859 4323 2915 4373 ὲν
2947 4319 3103 4390 τύπῳ
3129 4320 3385 4391 λατρείας
3418 4314 3705 4387 καταλήξει
3730 4310 3783 4362 τὸ

538 4398 899 4453 confessionis
932 4407 1151 4461 nostra},
1184 4398 1369 4453 Jesum
1393 4398 1694 4463 Christum,
1720 4400 1855 4455 illud
1877 4401 2118 4456 studium

2224 4416 2564 4486 σπούδασμα.
2596 4414 2735 4467 Ποῖα
2770 4411 2877 4483 γὰρ
2908 4410 2974 4465 ἂν
3005 4407 3118 4463 εἷεν
3150 4410 3301 4482 παρά
3321 4427 3385 4478 γε
3412 4409 3490 4480 τῷ
3530 4400 3783 4477 φιλαρὲτῳ

540 4490 720 4546 cultus
747 4491 803 4546 in
829 4490 999 4561 ﬁgura
1026 4491 1257 4547 exhibiti
1288 4507 1488 4546 vanum
1517 4502 1572 4547 ct
1599 4492 1814 4547 irritum
1843 4492 1980 4561 fore.
1998 4493 2118 4561 Quo

538 4584 688 4638 enim
712 4600 944 4640 numero
968 4585 1078 4639 sint
1105 4584 1251 4656 apud
1272 4585 1494 4641 virtutis
1518 4594 1793 4641 amantem
1830 4586 2001 4641 Deum
2029 4573 2141 4641 illa"

538 4677 663 4733 vita:
697 4678 999 4733 secundum
1028 4679 1202 4749 legem
1233 4687 1367 4734 actze
1392 4678 1743 4733 ornamenta?
1770 4678 1957 4749 Itaque
1980 4680 2120 4734 Pau-

539 4766 626 4820 lus
646 4765 739 4820 ille
762 4766 845 4820 vir
859 4766 1295 4835 sapientissimus
1318 4777 1541 4837 propter
1560 4767 1893 4823 eminentem
1914 4767 2118 4823 Christi

540 4856 847 4919 scientiam,
881 4864 942 4909 ut
970 4863 1210 4911 stercora
1237 4873 1295 4912 se
1324 4858 1577 4913 arbitrari
1619 4867 1867 4925 testatur,
1905 4875 2026 4929 quae
2062 4861 2119 4914 in

539 4946 748 5002 mundo
784 4955 914 5001 sunt
956 4946 1161 5011 omnia,
1192 4946 1382 5015 eisque
1416 4948 1717 5017 spiritualia
1747 4949 2002 5019 pmferre
2042 4949 2118 5016 ⁸⁹;

542 5039 707 5110 idque
735 5046 844 5103 est,
871 5036 1176 5093 secundum
1191 5037 1567 5092 sublimiorem
1584 5054 1828 5105 sensum,
1848 5040 2121 5111 applicare

540 5131 606 5185 ad
640 5146 697 5185 se
727 5132 928 5186 Aaron.

612 5223 809 5278 PALL.
866 5224 1051 5279 Teneo
1091 5221 1225 5295 quid
1271 5222 1407 5277 velis
1446 5238 1459 5275 :
1497 5222 1784 5292 perspicua
1835 5232 1919 5278 est
1968 5226 2115 5279 enim

541 5315 738 5369 oratio.

611 5406 1012 5479 CYR.Applica
1044 5408 1212 5480 igitur
1247 5407 1315 5463 ad
1350 5415 1424 5473 te,
1460 5404 1660 5477 inquit,
1686 5406 1868 5461 Aaron
1892 5406 2116 5463 fratrem

613 5531 658 5563 ”
699 5531 871 5587 Exod.
910 5550 1093 5598 xxviii,
1131 5535 1180 5590 1.
1292 5534 1339 5567 ⁸³
1367 5534 1536 5590 Hebr.
1565 5536 1688 5599 v,6.

547 5601 593 5633 ε’
608 5602 845 5673 Philipp.
868 5619 946 5668 ιιι,
967 5603 1020 5657 8.

1801 5532 1848 5565 “
1875 5532 2015 5588 Ibid.
2040 5533 2094 5599 5,
2128 5533 2180 5587 6.

2215 4510 2336 4580 Θεῴ
2390 4510 2486 4581 τῆς
2518 4509 2576 4561 ὲν
2599 4506 2747 4578 νόμῳ
2769 4504 2913 4576 ζωῆς
2938 4503 3007 4558 τὰ
3034 4505 3328 4575 αὐχήματα
3353 4500 3678 4570 ;-Τοιγάρτοι
3698 4491 3780 4546 καὶ

2217 4599 2428 4665 Παῦλος
2455 4602 2585 4672 ἡμῖν
2615 4599 2644 4651 ὀ
2681 4597 3007 4667 σοφώτατος,
3034 4597 3122 4650 διὰ
3152 4596 3213 4649 τὸ
3236 4594 3505 4665 ὑπερέχον
3528 4593 3622 4662 τῆς
3650 4583 3778 4655 γνὼ-

2220 4711 2357 4757 σεως
2380 4694 2477 4764 τῆς
2496 4689 2758 4761 Χριστοῦ,
2785 4687 3031 4755 σκύβαλα
3060 4688 3159 4758 μὲν
3177 4685 3427 4756 ἡγεῖσθαι
3444 4685 3511 4738 τά
3529 4685 3586 4735 ὲν
3607 4679 3778 4745 κόσμῳ

2220 4785 2405 4856 φησὶν,
2438 4780 2759 4836 ἀνθελέσθαι
2785 4778 2843 4832 δὲ
2863 4779 2933 4832 τὰ
2965 4776 3345 4848 πνευματικά·
3372 4776 3465 4828 καὶ
3499 4770 3653 4827 τοῦτό
3673 4768 3777 4856 ἐστι

2220 4875 2448 4947 νοητῶς,
2498 4873 2560 4928 τὸ
2604 4870 2979 4944 προσάγεσθαι
3022 4870 3156 4941 πρὸς
3214 4867 3408 4923 ἑαυτὸν
3462 4864 3621 4921 αὐτὸν
3691 4855 3773 4909 τὶν

2232 4966 2462 5037 Ἀαρών.

2296 5231 2503 5286 ΠΑΛΛ.
2536 5228 2767 5299 Συνίημι
2797 5227 2826 5280 ὃ
2854 5227 2957 5297 φῄς
2980 5242 2992 5256 ·
3023 5225 3198 5297 σαφὴς
3221 5226 3330 5295 γὰρ
3369 5227 3396 5279 ὁ
3424 5223 3593 5291 λόγος.

2292 5408 2457 5462 ΚΥΡ.
2518 5403 2876 5476 Προσαγάγου
2923 5403 3132 5470 τοίνυν,
3188 5403 3340 5474 φησὶ,
3395 5401 3525 5472 πρὸς
3596 5387 3765 5447 ὲαυτὲν

2284 5531 2383 5586 ⁸⁷1
2429 5530 2555 5586 Cor.
2583 5546 2661 5594 ιιι,
2707 5529 2770 5596 9;
2831 5529 2989 5585 Rom.
3050 5544 3159 5594 xvi,
3199 5525 3250 5580 3.
3327 5523 3373 5556 "'
3411 5523 3572 5580 llcbr.
3622 5532 3673 5577 τι
3715 5509 3763 5564 ‘-

616 5718 692 5792 (1)
726 5717 860 5774 Cod.
898 5718 1042 5786 Vat.,
1076 5719 1242 5790 ἀπρὶξ
1275 5721 1527 5793 ἡμμένοι,
1560 5724 1703 5793 quod
1742 5724 2018 5794 interpres
2044 5718 2306 5776 reddidit.
