4142 6296
322 352 429 413 729

1034 353 1122 408 DE
1157 353 1600 411 ADORATIONE
1639 358 1705 413 IN
1751 357 2021 416 SPIRITU
2060 359 2149 414 ΕΤ
2189 356 2560 414 VERITATE.
2595 390 2666 399 —
2702 357 2831 412 LIB.
2871 356 2964 412 XI.

3498 360 3602 417 730

336 464 919 545 ’Aapt‘uv_‘tbv.&6ehtp6v
955 482 1070 532 σου,
1101 467 1194 522 καί.
1213 468 1335 522 καθ’
1351 469 1559 541 ἕτερον,
1592 464 1913 542 οἷμαι,τρὸ-

2019 479 2215 536 tuum;
2257 468 2363 524 alia
2411 484 2631 539 quoque
2662 469 2897 535 ratione,
2945 479 3006 525 ut
3047 470 3266 541 opinor,
3293 473 3398 530 hoc
3421 474 3601 544 ipsum

326 580 450 629 πον,
481 561 544 615 τὸ
572 560 763 631 χρῆμα
802 555 960 619 εἰδὼς
993 559 1095 612 οὐκ
1145 561 1443 625 ἀσυντελὲς
1470 563 1550 625 είς
1589 562 1774 634 δνησιν
1806 561 1904 633 τὴν

323 655 401 718 ὡς
418 654 477 705 ἐν
504 651 684 721 νοήσει
713 652 1057 721 πνευματικῇ
1079 668 1092 682 ·
1123 651 1276 715 σύνες
1304 652 1360 706 δὲ
1377 653 1404 706 δ
1435 654 1597 725 φημί.
1617 653 1906 707 Ἀπεστέλ-

326 743 448 795 λετο
489 740 588 810 μὲν
621 738 732 809 γὰρ
765 739 993 808 Μωσῆς,
1018 740 1118 809 τῆς
1145 740 1203 792 ἐν
1245 741 1505 813 Αἰγύπτῳ
1529 736 1906 814 ταλαιπωρίας

323 831 640 902 ἑκκομίζων
662 830 755 884 τὸν
798 831 1036 901 Ἰσραήλ.
1072 829 1205 885 Εἶτα
1237 834 1334 903 τὴν
1362 833 1651 905 ἀνθρώπου
1678 833 1906 903 δύναμιν

325 922 774 994 ὑπερανεστηκὸς
803 922 966 990 ἄγαν,
1004 923 1100 976 καὶ
1121 923 1263 995 πέρα
1293 924 1357 995 δὴ
1382 924 1597 996 μέτρων
1630 926 1728 996 τῆς
1756 924 1907 978 ἐνού-

327 1008 431 1087 σης
462 1012 645 1084 ἰσχύος
679 1029 736 1066 τε
783 1012 880 1065 καὶ
928 1013 1261 1081 εὐγλωττίας
1303 1014 1452 1086 αύτῷ
1501 1015 1562 1068 τὸ
1599 1016 1907 1086 ἐγχείρημα

330 1107 564 1177 βλέπων,
608 1103 861 1175 ἐλιπάρει
907 1103 1083 1172 λέγων
1109 1121 1124 1137 ·
1162 1125 1181 1157 ι
1227 1106 1359 1161 Ἰδοὺ
1396 1107 1497 1160 οὐκ
1533 1106 1758 1171 εύλαλός
1792 1110 1905 1178 εἰμι

327 1199 436 1271 πρὸ
456 1200 555 1269 τῆς
579 1197 726 1268 χθὲς,
756 1196 879 1249 οὐδὲ
910 1197 1015 1268 πρὸ
1038 1197 1137 1267 τῆς
1165 1197 1375 1268 τρίτης,
1399 1198 1519 1251 οὐδὲ
1544 1200 1638 1268 ἀφ’
1668 1194 1729 1254 οῦ
1758 1199 1909 1271 ἤρξω

325 1290 506 1343 λαλεῖν
534 1288 614 1359 τῷ
634 1288 929 1358 θεράποντι
954 1303 1070 1349 σου,
1102 1288 1426 1359 ἰσχνόφωνος
1443 1290 1536 1342 καὶ
1561 1289 1911 1359 βραδύγλωσ-

327 1382 420 1446 σός
452 1381 572 1451 εἰμι
602 1378 735 1448 ἐγώ.
776 1398 794 1431 ι
829 1378 967 1432 Θεοῦ
1003 1379 1060 1432 δὲ
1102 1379 1240 1451 πρὸς
1287 1379 1483 1440 ταῦτα,
1523 1400 1541 1432 ι
1596 1382 1693 1444 Τίς
1741 1382 1907 1438 ἔδωκε

327 1471 509 1543 στόμα
527 1467 819 1540 ἀνθρώπῳ,
851 1488 869 1520 ι
901 1468 1174 1537 λέγοντος,
1205 1489 1224 1522 ι
1265 1470 1349 1533 τίς
1382 1471 1606 1539 εποίησε
1625 1471 1909 1542 δύσκωφον

326 1565 425 1619 καὶ
447 1564 649 1632 κωφὸν,
688 1562 953 1633 βλέποντα
983 1561 1079 1615 καὶ
1109 1561 1310 1632 τυφλόν
1334 1579 1348 1628 ;
1387 1563 1487 1616 οὐκ
1516 1563 1626 1631 ἐγὼ
1656 1565 1859 1635 Κύριος
1882 1566 1910 1617 6

326 1655 499 1722 Θεὸςς
544 1654 638 1707 καὶ
665 1653 761 1707 νῦν
807 1651 1065 1725 πορεύου,
1104 1654 1199 1707 καὶ
1228 1653 1339 1722 ἐγὼ
1391 1655 1585 1722 ἀνοίξω
1622 1656 1685 1709 τὸ
1738 1656 1908 1726 στόμα

328 1762 444 1800 σου.
495 1762 515 1798 ι
548 1744 659 1815 Τῆς
704 1743 814 1796 τῶν
854 1743 1296 1815 κατορθωμάτων
1334 1744 1612 1816 ὑπεροχῆς
1652 1743 1902 1816 ἡττώμε-

2011 560 2078 615 ad
2127 560 2433 631 spiritualis
2462 561 2838 631 intelligentiae
2863 562 3103 616 fructum
3136 565 3387 620 nonnihil
3420 567 3604 624 valere
3656 581 3659 584 ‘

2012 651 2230 715 sciens;
2265 648 2361 704 sed
2400 650 2548 719 quod
2605 651 2857 706 dicturus
2900 666 3021 705 sum
3046 693 3060 717 ,
3113 653 3366 708 advertas
3413 656 3600 711 velim.

2011 741 2329 795 Mittebatur
2358 755 2596 810 namque
2618 740 2850 813 Moyses,
2889 751 2952 797 ut
2980 757 3048 796 ex
3067 742 3283 815 IEgypti
3306 745 3603 803 afflictione

2011 830 2268 885 Israelem
2304 830 2571 886 educeret
2597 849 2611 896 ;
2644 833 2739 902 qui
2765 848 2889 887 cum
2914 834 3170 890 humanis
3193 836 3407 891 viribus
3429 839 3604 892 multo

2013 922 2382 988 antecellere,
2438 937 2661 992 suaeque
2728 923 3005 980 facultatis
3058 936 3221 997 atque
3277 929 3604 999 eloquentiae

2013 1013 2239 1069 modum
2289 1029 2549 1083 superare
2590 1014 2724 1068 illud
2766 1030 2904 1084 Opus
2950 1016 3321 1087 intelligeret,
3377 1021 3604 1090 rogabat

2014 1105 2202 1160 dicens
2237 1122 2251 1159 :
2289 1124 2306 1157 ι
2345 1105 2487 1160 Ecce
2518 1120 2629 1159 non
2651 1121 2770 1160 sum
2809 1106 3073 1175 eloquens
3100 1117 3227 1163 ante
3260 1108 3601 1173 hesternum.

2013 1211 2194 1265 neque
2245 1206 2371 1251 ante
2420 1196 2625 1251 nudius
2672 1196 2966 1251 tertianum
2998 1197 3166 1265 diem,
3194 1216 3374 1269 neque
3404 1217 3471 1256 ex
3495 1218 3605 1272 quo

2015 1288 2230 1357 coepisti
2284 1288 2436 1358 loqui
2486 1289 2554 1343 ad
2615 1304 2837 1343 servum
2889 1299 3090 1356 tuum;
3128 1292 3316 1362 gracili
3366 1308 3605 1364 namque

2014 1394 2148 1433 voce
2204 1396 2269 1434 ac
2298 1380 2485 1451 lingua
2510 1380 2753 1436 tardiore
2778 1397 2900 1436 sum
2926 1398 3028 1453 ego
3054 1384 3119 1437 9°.
3155 1404 3172 1435 ›
3212 1383 3294 1439 Ad
3317 1385 3433 1441 haec
3460 1387 3606 1442 Deus

2016 1485 2143 1524 cum
2170 1470 2415 1527 diceret:
2454 1491 2473 1524 ‹
2509 1472 2646 1540 Quis
2692 1474 2846 1531 dedit
2878 1489 2940 1529 os
2971 1474 3303 1531 homini?et
3327 1478 3451 1546 quis
3476 1478 3608 1535 fecit

2017 1561 2245 1617 surdum
2290 1579 2355 1618 ac
2403 1574 2637 1630 mutum,
2690 1565 2968 1621 videntem
3025 1582 3089 1621 ac
3135 1570 3385 1622 caecum?
3424 1585 3606 1624 nonne

2016 1669 2116 1725 ego
2151 1656 2417 1712 Dominus
2456 1657 2643 1712 Dens?
2674 1657 2913 1713 Etnunc
2949 1659 3107 1723 vade,
3141 1667 3198 1714 et
3230 1668 3337 1730 ego
3364 1664 3605 1731 aperiam

2017 1761 2080 1800 os
2130 1756 2286 1801 tuum
2320 1749 2388 1813 θ’,
2424 1768 2442 1799 ι
2496 1750 2588 1804 ille
2624 1748 2787 1804 cilicii
2826 1750 3204 1821 magnitudine
3247 1752 3447 1817 victus,
3479 1768 3606 1821 per-

325 1854 436 1899 νος,
459 1835 648 1888 ἐδεδίει
669 1835 853 1902 πάλιν,
879 1835 993 1891 ,καὶ
1031 1835 1095 1906 δὴ
1143 1834 1428 1905 ἔφασκε,τ‹
1457 1836 1683 1907 Δέομαι,
1710 1835 1904 1908 Κύριε,

2019 1837 2441 1903 timuititerum,
2483 1855 2547 1893 ac
2583 1840 2762 1894 dixit:
2807 1859 2824 1891 ι
2860 1840 3124 1906 Obsecro,
3162 1842 3415 1907 Domine,
3465 1842 3606 1913 elige

324 1928 673 2001 προχείρισαι
718 1926 877 1981 ἄλλον
897 1971 914 1994 ,
952 1927 1043 1981 τὸν
1070 1927 1387 1998 δυνάμενον,
1414 1927 1472 1981 ὅν
1502 1927 1839 1992 ἀποστελεῖς.
1885 1948 1903 1979 ι

326 2020 749 2092 Προεχειρίζετο
782 2019 839 2072 δὲ
880 2018 942 2072 τὸ
969 2018 1229 2090 τηνικάδε
1278 2018 1409 2082 Θεὸς
1452 2018 1794 2090 παραχρῆμα
1818 2019 1910 2073 τὸν

340 2111 574 2185 Ἀαρὼν,
623 2113 702 2175 είς
747 2111 914 2164 τύπον
952 2109 1048 2163 τοῦ
1098 2110 1275 2164 πάντα
1325 2111 1563 2173 εὐκόλως
1612 2109 1910 2181 κατορθοῦν

328 2204 531 2267 εἰδότος
549 2201 811 2276 Χριστοῦ·
837 2200 1174 2271 λελύτρωται
1197 2200 1251 2252 δὲ
1274 2200 1373 2271 οὐχ
1398 2200 1600 2271 ἑτέρως
1619 2202 1646 2253 6
1672 2199 1909 2271 Ἰσραὴλ,

327 2298 378 2350 εί
425 2295 499 2368 μὴ
527 2296 735 2350 δέδοται
763 2294 1026 2367 συνεργὸς
1071 2296 1138 2364 τῇ
1175 2294 1423 2356 Μωσέως
1464 2292 1789 2363 ίσχνομυθίᾳ
1818 2293 1914 2344 καὶ

328 2388 587 2459 ἀσθενείᾳ
616 2386 798 2453 πάλιν,
829 2387 904 2450 ὡς
944 2389 1002 2441 ὲν
1031 2384 1200 2440 είκόνι
1236 2387 1302 2456 τῇ
1349 2383 1558 2456 Ἀαρὼν
1583 2387 1611 2438 6
1641 2384 1874 2455 Χριστός
1894 2401 1909 2415 ·

327 2480 474 2535 οὕτω
521 2478 751 2534 κάνθάδε
782 2480 1019 2549 νοήσεις.
1065 2475 1139 2530 Τὸ
1181 2475 1290 2549 γὰρ
1341 2476 1566 2538 ἀσθενὲς
1615 2475 1710 2529 τοῦ
1748 2475 1911 2544 νόμου

330 2571 554 2626 τελειῶν
591 2571 650 2625 ὲν
679 2569 924 2643 Χριστῷ,
957 2567 1330 2640 παρεκόμισεν
1360 2569 1437 2631 εἰς
1486 2566 1787 2638 ἱερωσύνην
1822 2566 1913 2619 τὸν

347 2662 584 2735 Ἀαρὼν,
617 2662 714 2717 καὶ
733 2661 998 2715 συνάπτει
1026 2660 1314 2739 χρησίμως
1332 2658 1408 2729 τῷ
1429 2659 1684 2730 μακαρίῳ
1713 2659 1908 2730 Μωσῇ.

338 2754 474 2819 Οὔτε
503 2754 610 2824 γὰρ
650 2756 730 2817 εἰς
780 2753 1050 2824 λύτρωσιν
1079 2750 1366 2823 ἀρκέσειεν
1417 2750 1483 2803 ἂν
1511 2752 1539 2803 6
1579 2750 1761 2819 νόμος,
1789 2747 1913 2801 οὔτε

343 2847 448 2920 μὴν
497 2849 576 2911 είς
634 2847 695 2899 τὸ
749 2844 1010 2898 δύνασθαι
1060 2840 1302 2897 τελειοῦν
1348 2843 1428 2905 είς
1474 2841 1744 2911 ἁγιασμὸν
1788 2840 1914 2904 τοὺς

334 2936 865 3008 ὲκλελυτρωμένους.
904 2935 1189 3005 Δύτρωσις
1209 2934 1265 2987 δὲ
1293 2934 1385 2987 καὶ
1424 2932 1694 3003 ἁγιασμὸς
1727 2935 1753 2986 6
1777 2933 1914 3003 Χρι-

336 3029 479 3096 στδς,
498 3028 982 3101 συνεργαζομένων
1008 3027 1177 3095 ἁγίων
1198 3044 1211 3057 ·
1228 3025 1478 3097 καθάπερ
1501 3025 1691 3096 ἀμέλει
1712 3024 1915 3094 Μωσῆς

335 3122 438 3192 μὲν
466 3120 544 3192 τῷ
585 3119 796 3193 Ἀαρὼν
829 3121 888 3174 ὲν
920 3118 1181 3188 Αἰγύπτῳ
1227 3118 1379 3185 τότε,
1418 3118 1568 3189 αὐτῷ
1599 3136 1663 3187 γε
1702 3117 1806 3189 μὴν
1839 3116 1916 3187 τῷ

2016 1929 2208 1995 alium,
2258 1929 2353 1998 qui
2405 1930 2600 2000 possit,
2646 1947 2813 2001 quem
2864 1932 3053 1986 mittas
3099 1931 3166 1986 θ’.
3203 1952 3220 1983 ι
3253 1932 3408 1987 Tunc
3440 1932 3608 2003 igitur

2018 2021 2201 2076 statim
2248 2021 2396 2075 Deus
2450 2021 2617 2092 elegit
2657 2023 2838 2077 Aaron
2884 2023 2939 2077 in
2977 2023 3185 2079 Christi
3232 2023 3482 2095 ﬁguram,
3511 2026 3606 2094 qui

2016 2112 2201 2165 omnia
2233 2112 2393 2167 facile
2424 2112 2691 2183 perﬁcere
2716 2114 2872 2169 novit
2900 2132 2913 2168 :
2948 2130 3129 2185 neque
3157 2115 3316 2169 aliter
3341 2115 3611 2172 liberatus

2017 2203 2213 2258 fuisset
2257 2203 2447 2268 Israel,
2481 2205 2587 2259 nisi
2623 2205 2701 2259 illi
2734 2206 2905 2278 Moysi
2937 2207 3089 2262 vocis
3121 2207 3410 2279 gracilitati
3445 2218 3610 2279 atque

2018 2294 2325 2349 inﬁrmitati
2378 2294 2634 2350 Christus
2694 2295 2886 2351 itidem
2946 2307 3207 2368 tanquam
3260 2299 3316 2353 in
3373 2299 3610 2370 imagine

2018 2386 2199 2441 Aaron
2250 2387 2413 2441 datus
2465 2396 2612 2441 esset
2670 2387 2911 2457 adjutor.
2961 2389 3045 2444 Ad
3092 2390 3348 2445 eumdem
3386 2405 3610 2461 quoque

2019 2476 2242 2531 modum
2270 2477 2377 2531 hoc
2398 2476 2519 2531 loco
2541 2477 2704 2531 velim
2730 2478 3040 2549 intelligas;
3075 2489 3137 2535 ut
3185 2482 3332 2535 enim
3357 2482 3494 2552 legis
3521 2481 3610 2535 in-

2020 2566 2336 2621 firmitatem
2375 2567 2431 2620 in
2462 2566 2685 2622 Christo
2711 2568 3025 2637 perﬁceret,
3063 2570 3202 2624 adeo
3228 2570 3406 2641 ipsum
3429 2570 3609 2625 Aaron

2020 2658 2089 2713 ad
2135 2658 2472 2713 sacerdotale
2504 2674 2709 2713 munus
2738 2659 3011 2728 provexit,
3051 2667 3218 2730 atque
3256 2661 3417 2715 beato
3440 2661 3611 2733 Moysi

2022 2750 2231 2807 utiliter
2265 2750 2533 2821 adjunxit.
2568 2750 2736 2820 378
2761 2751 2952 2819 Neque
2974 2751 3123 2806 enim
3148 2752 3215 2806 ad
3237 2751 3608 2815 liberandum,

2019 2858 2200 2913 neque
2230 2842 2297 2897 ad
2329 2841 2729 2912 perﬁciendum
2768 2843 2826 2897 in
2876 2842 3308 2899 sanctiﬁcatione
3348 2844 3482 2900 satis
3525 2845 3613 2898 vi-

2021 2937 2165 2993 rium
2190 2944 2273 2992 est
2297 2936 2354 2990 in
2383 2936 2521 3006 lege,
2549 2935 2645 2990 sed
2679 2944 2998 3005 utrumque,
3037 2944 3094 2989 et
3122 2935 3377 2991 liheratio
3401 2942 3457 2990 et
3482 2950 3610 2990 san-

2022 3026 2315 3091 ctiﬁcatio,
2342 3025 2598 3081 Christus
2622 3031 2728 3091 est,
2766 3025 2982 3080 tametsi
3020 3035 3393 3097 cooperentur
3437 3026 3612 3082 sancti

2021 3117 2149 3181 viri,
2197 3126 2260 3172 ut
2296 3123 2446 3171 certe
2474 3116 2688 3187 Moyses
2732 3116 2836 3185 ipsi
2869 3116 3073 3170 Aaroni
3116 3126 3249 3172 tunc
3282 3119 3340 3172 in
3380 3116 3613 3189 Ailgypto

344 3186 559 3286 lAapt‘uv
588 3215 636 3268 οί
667 3186 795 3269 ῦὶοί.
829 3211 919 3283 Τῷ
947 3186 1009 3266 at
1031 3211 1094 3282 δὴ
1119 3186 1335 3265 πάντων
1361 3186 1724 3282 ἀρχιερείκαῖ
1747 3186 1914 3280 inroa-

2020 3208 2231 3263 socium
2276 3222 2335 3263 se
2382 3186 2577 3276 operis,
2610 3207 2886 3276 praestitit,
2913 3214 2970 3262 et
3001 3208 3180 3262 eidem
3219 3220 3407 3278 postea
3440 3186 3614 3279 ipsius

336 3305 485 3377 μένῳ
507 3304 730 3377 Χριστῷ
764 3303 1183 3376 συνειργάζοντο
1217 3303 1422 3374 νοητῶς
1451 3303 1544 3356 καὶ⁵
1568 3305 1616 3356 oi
1639 3302 1916 3356 θεσπέσιοι

336 3394 601 3466 μαθηταί.
626 3395 813 3449 Πάντα
845 3394 945 3465 μὲν
974 3394 1213 3465 ἰσχύοντι
1237 3394 1559 3465 κατορθοῦν,
1595 3396 1689 3447 καὶ
1713 3396 1811 3464 οὐχ
1842 3395 1916 3457 ὡς

333 3485 652 3543 ἀσθενοῦντι
698 3487 1103 3557 συντρέχοντες,
1150 3484 1265 3538 ἀλλ’
1299 3486 1375 3549 ὡς
1420 3485 1749 3556 κεκλημένοι
1780 3484 1917 3555 πρὸς

335 3577 646 3649 ὑπουργίαν
683 3578 779 3631 καὶ
808 3577 1123 3649 ἀριστίνδην
1151 3576 1584 3646 ἐπιλελεγμένοι,
1614 3575 1711 3628 καὶ
1742 3575 1804 3629 τὸ
1832 3575 1915 3644 ἐφ’

333 3671 541 3726 ἅπασιν
572 3671 821 3734 εὐσθενὲς
850 3671 982 3742 παρ’
1017 3669 1182 3723 αὑτοῦ
1215 3669 1609 3739 κερδαίνοντες.
1639 3670 1751 3722 Καὶ
1775 3686 1917 3740 μαρ-

330 3765 560 3834 τυρήσει
602 3763 778 3832 λέγων
816 3765 846 3817 ὁ
875 3763 1158 3826 θεσπέσιος
1187 3760 1422 3825 Παῦλος*
1465 3780 1484 3813 ι
1534 3761 1720 3816 Πάντα
1753 3761 1919 3834 ἰσχύω

334 3855 395 3909 ὲν
430 3854 510 3927 τῷ
541 3855 924 3927 ἐνδυναμοῦντί
962 3871 1028 3925 με
1064 3851 1304 3925 Χριστῷ.
1347 3872 1365 3905 ι

409 4121 620 4180 ΠΑΑΛ.
655 4121 865 4182 υὺκοῦν
895 4122 1185 4177 ἀπόλεκτοι
1214 4123 1310 4177 καὶ
1341 4123 1603 4194 ὀνομαστὶ
1626 4122 1918 4194 κέκληνται

334 4217 475 4287 πρὸς
512 4215 824 4287 ἱερουργίαν
865 4215 1076 4287 Ἀαρών
1106 4232 1166 4269 τε
1200 4216 1295 4269 καὶ
1315 4218 1364 4269 οἱ
1389 4215 1586 4270 λοιποί.

411 4309 578 4363 ΚΥΡ.
634 4307 748 4361 Καὶ
784 4306 922 4376 πρός
969 4323 1032 4374 γε
1075 4307 1139 4378 δὴ
1186 4307 1398 4372 τούτοις
1447 4307 1677 4379 λαμπρά
1716 4326 1777 4361 τε
1828 4309 1923 4361 καὶ

338 4399 645 4473 ἱεροπρεπῆ
710 4397 780 4452 τά
829 4398 1117 4468 ἐσθήματα
1177 4398 1687 4462 κατασκευάζεσθαι
1737 4401 1922 4463 αὐτοῖς

2015 3297 2197 3352 Aaron
2258 3295 2377 3351 lilii.
2423 3295 2495 3352 At
2542 3312 2675 3351 vero
2724 3297 2871 3351 illius
2932 3298 3132 3352 summi
3157 3298 3462 3354 sacerdotis
3490 3313 3612 3352 om-

2017 3390 2171 3445 nium
2204 3397 2370 3460 atque
2425 3388 2696 3459 principis
2721 3386 2927 3443 Christi
2957 3389 3320 3459 spiritualiter
3354 3405 3615 3460 coopera-

2018 3491 2166 3538 tores
2203 3482 2432 3538 l‘uerunt
2477 3482 2647 3538 etiam
2701 3482 2848 3537 beati
2908 3482 3187 3553 discipuli,
3236 3483 3489 3553 quamvis
3521 3482 3612 3538 ille

2017 3575 2203 3631 omnia
2261 3583 2447 3644 posset
2484 3573 2727 3639 eﬂicere,
2784 3575 2945 3644 eique
2997 3590 3109 3629 non
3154 3584 3215 3629 ut
3247 3573 3524 3629 imbecillo
3554 3589 3614 3630 se
3712 3603 3714 3606 ν

2018 3667 2249 3722 comites
2288 3664 2690 3737 adjunxissent,
2740 3666 2836 3720 sed
2879 3676 2940 3720 ut
2976 3667 3046 3720 ad
3079 3665 3612 3720 subministrandum

2017 3757 2198 3814 vocati
2243 3772 2309 3813 ac
2338 3772 2453 3828 pra:
2476 3758 2692 3813 caeteris
2715 3757 2900 3823 electi,
2921 3757 3136 3812 viribus
3157 3758 3228 3811 ab
3251 3772 3317 3814 eo
3336 3757 3405 3812 ad
3428 3757 3615 3812 omnia

2017 3848 2354 3922 perﬁcienda
2411 3849 2666 3919 sumptis.
2706 3847 2878 3919 Cujus
2927 3849 3007 3904 rei
3065 3850 3223 3904 testis
3277 3856 3363 3904 est
3421 3848 3616 3903 beatus

2019 3943 2259 4008 Paulus,
2300 3957 2426 3997 cum
2462 3941 2645 3996 dicit:
2699 3962 2717 3993 ι
2750 3940 2951 3997 Omnia
2998 3957 3224 4013 possum
3277 3943 3334 3997 in
3382 3956 3470 4008 eo,
3520 3938 3616 4012 qui

2020 4052 2108 4092 me
2137 4034 2409 4091 confortat
2436 4033 2659 4090 Christo
2689 4035 2755 4088 ’⁸.
2804 4054 2823 4085 ι

2092 4126 2292 4182 PALL.
2350 4125 2523 4197 Igitur
2564 4125 2764 4179 delecti
2812 4139 2877 4179 ac
2908 4125 3233 4179 nominatim
3265 4125 3519 4194 appellati
3545 4125 3616 4178 ad

2022 4218 2318 4274 sacerdotii
2340 4232 2545 4270 munus
2578 4216 2759 4270 vocati
2793 4223 2924 4270 sunt
2945 4216 3129 4270 Aaron
3163 4231 3227 4270 ac
3250 4215 3470 4285 reliqui.

2092 4310 2249 4364 CYR.
2289 4308 2369 4363 Ad
2418 4308 2535 4361 hac
2579 4316 2762 4361 vestes
2823 4307 2932 4359 illis
2977 4321 3195 4375 quoque
3222 4307 3513 4376 praeclaras
3561 4317 3616 4363 et

2024 4401 2353 4458 sacerdotali
2385 4414 2616 4454 munere
2647 4398 2840 4469 dignas
2865 4397 3060 4453 conﬁci
3098 4395 3380 4467 praecepit,
3402 4396 3611 4451 dicens:

338 4491 651 4562 ἐνομοθέτει
712 4489 909 4558 λέγων’
967 4507 986 4540 ι
1042 4489 1153 4541 Καὶ
1209 4489 1459 4557 ποιήσεις
1517 4488 1709 4559 στολὴν
1764 4489 1914 4558 ἁγίαν

2034 4515 2052 4547 ι
2079 4496 2151 4549 Ει
2202 4493 2373 4548 facies
2408 4491 2605 4547 stolam
2630 4499 2874 4546 sanctam
2904 4491 3086 4544 Aaron
3108 4488 3263 4543 fratri
3297 4497 3393 4544 tuo
3421 4490 3489 4544 ad
3519 4490 3617 4544 ho—

352 4582 565 4655 Ἀαρὼν
595 4582 675 4652 τῷ
713 4578 928 4651 ἀδελφῷ
958 4596 1052 4634 σου
1088 4581 1167 4643 εἰς
1196 4579 1360 4650 τιμὴν
1396 4579 1489 4631 καὶ
1517 4579 1696 4642 δόξαν,
1719 4580 1814 4633 καὶ
1857 4582 1921 4632 σὺ

339 4677 576 4748 λάλησον
611 4677 745 4729 πᾶσι
783 4676 897 4738 τοῖς
926 4674 1109 4741 σοφοῖς
1148 4673 1214 4742 τῇ
1254 4672 1482 4743 διανοίᾳ,
1530 4670 1625 4735 οὒς
1653 4670 1924 4742 ἐνέπλησα

341 4769 564 4839 πνεῦμα
599 4767 925 4838 αἰσθήσεως,
982 4766 1076 4818 καὶ
1122 4766 1408 4833 ποιήσουσι
1443 4763 1542 4834 τὴν
1589 4763 1779 4835 στολὴν
1828 4764 1925 4832 τὴν

343 4861 505 4930 ἁγίαν
556 4859 765 4932 Ἀαρὼν
817 4861 895 4923 είς
923 4861 983 4912 τὸ
1030 4857 1185 4927 ἀγιον
1227 4858 1285 4908 ὲν
1330 4849 1363 4926 ᾖ
1413 4854 1715 4925 ίερατεύσει
1754 4871 1863 4925 μοι.
1901 4872 1919 4905 ι

344 4953 560 5017 Παῦλος
593 4953 692 5023 μὲν
720 4947 811 5006 οῦν
836 4954 863 5004 6
894 4952 1205 5018 σοφώτατος
1221 4951 1336 5011 τοῖς
1366 4948 1424 5001 ὲν
1442 4947 1624 5000 πίστει
1646 4945 1927 4999 δεδικαιω-

349 5043 534 5114 μένοις
563 5041 663 5111 τὴν
691 5039 854 5109 ἁγίαν
893 5038 1061 5101 ὖντως
1093 5039 1186 5091 καὶ
1231 5036 1290 5101 ἐξ
1316 5033 1546 5107 ούρανοῦ
1592 5035 1785 5106 στολὴν
1832 5035 1928 5088 ἀν-

347 5134 618 5192 άπτεσθαι
642 5134 751 5187 δεῖν
779 5130 1137 5201 συμϐουλεύει
1167 5130 1414 5200 γράφων·
1443 5149 1460 5180 ι
1484 5128 1808 5182 Ἐνδύσασθε
1837 5127 1928 5180 τὸν

347 5228 554 5300 Κύριον
596 5226 753 5299 ἡμῶν
819 5221 1028 5293 Ἰησοῦν
1079 5223 1335 5292 Χριστόν.
1375 5241 1393 5274 ι
1436 5220 1608 5275 Τοῦτο
1648 5220 1842 5291 γάρτοι
1901 5221 1929 5272 ό

347 5323 638 5394 προφήτης
695 5317 925 5378 Ἡσαΐας
982 5316 1454 5386 προανακεκράγει
1504 5315 1678 5384 λέγων
1732 5314 1806 5378 ὼς
1865 5315 1930 5367 ὲκ

349 5412 645 5485 προσώπου
689 5427 788 5480 της
839 5405 1186 5475 Ἐκκλησίας,
1227 5425 1245 5457 ι
1308 5408 1677 5476 Ἀγαλλιάσθω
1712 5411 1745 5480 ἡ
1780 5408 1923 5478 ψυχή

356 5524 459 5575 μου
490 5504 583 5558 ἐπὶ
605 5501 682 5572 τῷ
712 5500 926 5570 Κυρίῳ,
961 5497 1173 5550 ἐνέδυσε
1198 5499 1305 5568 γάρ
1333 5516 1399 5569 με
1424 5500 1635 5569 ἱμάτιον
1660 5501 1926 5571 σωτηρίου

353 5599 447 5652 καὶ
496 5596 697 5667 χιτῶνα
749 5588 1111 5661 εὐφροσύνης.
1158 5609 1175 5639 ι
1221 5592 1472 5661 ’Έσθημα
1506 5592 1569 5662 δὴ
1618 5590 1708 5646 οῦν
1762 5592 1822 5645 τὸ
1853 5594 1932 5655 εἰς

423 5711 469 5740 ⁹⁰
500 5707 670 5761 Exod.
697 5723 768 5765 Iv,
798 5704 879 5757 l0.
999 5705 1038 5735 "
1073 5704 1209 5759 Ibid.
1247 5705 1328 5759 ll.
1447 5708 1487 5738 ⁸³
1519 5707 1655 5761 Ibid.
1685 5709 1765 5760 15.

358 5778 404 5812 "
429 5781 533 5838 lsa.
578 5794 681 5843 LXI,
718 5776 802 5829 IO.

1882 5708 1924 5739 Η
1948 5710 2184 5780 Philipp.
2213 5726 2284 5773 tv,
2314 5707 2397 5759 15.

2023 4601 2217 4642 norem
2256 4593 2312 4639 et
2335 4583 2562 4655 gloriam
2594 4602 2606 4636 :
2644 4591 2699 4637 et
2729 4591 2787 4636 tu
2831 4583 3060 4651 loquere
3090 4581 3157 4636 ad
3179 4596 3370 4635 omnes
3395 4582 3616 4651 sapien-

2022 4683 2107 4731 tes
2140 4682 2346 4739 mente,
2395 4689 2536 4744 quos
2575 4673 2801 4744 implevi
2859 4672 3056 4742 spiritu
3107 4672 3521 4742 intelligentia;
3561 4682 3616 4727 et

2023 4767 2229 4824 facient
2276 4766 2475 4820 stolam
2506 4773 2754 4818 sanctam
2795 4763 2978 4817 Aaron
3012 4763 3067 4817 in
3102 4760 3613 4827 sanctiﬁcationem,

2023 4875 2152 4914 eum
2184 4873 2293 4928 qua
2317 4856 2627 4912 sacerdotio
2653 4855 2911 4927 fungatur
2928 4855 3063 4909 mihi
3082 4856 3148 4908 ³⁵.
3177 4874 3196 4906 ι
3215 4856 3420 4910 Paulus
3449 4854 3618 4925 igitur

2025 4951 2114 5006 vir
2175 4948 2621 5020 sapientissimus
2664 4964 2779 5012 eos,
2830 4948 2925 5018 qui
2966 4947 3072 5001 ﬁde
3113 4946 3398 5018 iustiﬁcati
3434 4955 3613 5009 erant,

2028 5049 2221 5098 sancta
2255 5041 2348 5095 illa
2371 5056 2436 5095 ac
2462 5056 2592 5094 vere
2627 5040 2694 5094 de
2724 5040 2865 5094 coelo
2891 5039 3029 5093 stola
3058 5047 3119 5093 ut
3154 5038 3453 5093 induantur
3482 5037 3614 5090 hor—

2028 5142 2204 5200 tatur,
2243 5133 2531 5188 scribens:
2595 5152 2613 5179 ι
2642 5132 2857 5187 Induite
2906 5130 3198 5185 Dominum
3231 5137 3481 5183 nostrum
3522 5127 3613 5181 Je-

2029 5239 2150 5279 sum
2209 5223 2491 5279 Christum
2539 5223 2604 5275 ³⁸.
2636 5244 2652 5272 ι
2700 5224 2868 5277 Isaias
2902 5236 3119 5291 quoque
3152 5219 3417 5289 propheta
3445 5218 3619 5272 multo

2029 5326 2158 5374 ante
2209 5325 2467 5386 tanquam
2522 5331 2589 5371 ex
2633 5314 2894 5369 Ecclesia:
2938 5326 3171 5380 persona
3198 5309 3491 5372 clamabat,
3528 5308 3615 5362 di-

2034 5426 2169 5465 ccns
2219 5427 2230 5462 :
2286 5428 2304 5459 σ
2348 5408 2599 5462 Exsultct
2640 5405 2823 5458 anima
2864 5418 2984 5456 mea
3029 5403 3084 5455 in
3119 5400 3393 5465 Domino;
3440 5399 3620 5455 induit

2034 5502 2185 5556 enim
2217 5516 2305 5553 mc
2343 5498 2672 5551 vestimento
2703 5492 2915 5554 salutis,
2957 5500 3014 5544 et
3041 5492 3224 5545 tunica
3248 5489 3452 5545 laatitiae
3479 5490 3545 5543 ’⁸.
3594 5510 3611 5540 ι

2036 5594 2221 5649 Vestis
2259 5592 2423 5661 igitur
2464 5589 2529 5642 ad
2573 5589 2835 5640 honorem
2874 5594 2929 5637 et
2961 5584 3183 5654 gloriam
3231 5583 3388 5654 plane
3426 5581 3621 5637 sacrati

2505 5707 2545 5735 θ’
2567 5703 2741 5759 Exod.
2775 5718 2957 5756 xxvm.
2986 5702 3037 5755 2.
3148 5702 3190 5731 θλ
3216 5700 3371 5755 Rom.
3392 5712 3504 5764 xm,
3532 5697 3618 5751 ll.
