4142 6296
582 286 676 340 ’151
1597 276 1652 332 S.
1692 276 1968 333 CYRILLI
2004 272 2473 330 ALEXANDRINI
2513 269 2830 325 ARCHIEP.
3747 263 3846 318 1'5“?

583 397 865 466 sanctique
894 393 1111 465 generis
1138 391 1394 448 Christus
1415 397 1520 456 est,
1553 398 1717 459 atque
1748 387 2068 458 praeclarum
2099 401 2162 440 ac

2279 383 2427 456 τιμὴν
2463 383 2555 436 καὶ
2603 381 2761 447 δόξαν
2801 377 3016 450 ἀληθῶς
3042 375 3119 447 τῷ
3169 375 3300 446 ἰερῷ
3341 375 3434 428 καὶ
3473 375 3635 443 ἁγίῳ
3691 377 3852 444 γένει.

584 500 890 557 supernum
962 491 1274 538 sanctarum
1358 480 1664 535 animarum
1756 485 2158 533 ornamentum.

593 601 609 630 ι
639 579 915 645 Quotquot
947 576 1096 630 enim
1138 575 1397 643 baptizati
1427 574 1561 628 estis
1589 571 1644 626 in
1673 571 1973 634 Christum,
2005 589 2022 619 ι
2077 569 2162 624 in-

586 671 725 738 quit,
766 687 784 720 ι
821 667 1102 724 Christum
1152 665 1411 720 induistis
1469 667 1557 731 '7;
1594 684 1612 716 ι
1675 662 1821 733 quod
1877 661 2164 716 verissime

587 761 793 816 dictum
831 769 935 815 est.
985 759 1096 813 Lex
1119 773 1289 828 porro
1319 765 1577 826 tanquam
1604 757 1660 810 in
1694 756 1903 810 umbris
1933 764 1988 809 et
2029 755 2165 808 ima-

587 850 711 921 gine
771 857 1000 904 exornat
1040 850 1218 919 ipsum
1268 847 1470 913 Aaron,
1530 863 1760 916 eamque
1808 847 1956 900 illius
2001 846 2168 900 variae

587 940 757 994 vestis
811 939 1040 1009 gloriam
1084 937 1150 991 ad
1196 937 1476 992 Christum
1518 936 1733 1002 refert;
1772 936 2166 1006 propemodum

588 1028 736 1084 enim
785 1046 895 1084 una
935 1044 1060 1084 cum
1115 1028 1211 1082 illo
1253 1029 1552 1084 artiﬁcioso
1597 1037 1858 1098 apparatu
1915 1036 2166 1083 contexta

591 1121 731 1175 ratio
782 1122 1010 1192 mystica
1031 1129 1195 1190 atque
1231 1119 1450 1175 subtilis
1475 1120 1773 1184 invenitur,
1796 1135 1916 1188 quae
1942 1119 2168 1189 figurate

593 1213 892 1269 Salvatoris
918 1214 1092 1268 nostri
1121 1214 1347 1284 gloriam
1383 1213 1606 1268 indicat.
1638 1211 1774 1268 Vide
1797 1211 1944 1266 enim
1976 1227 2168 1281 quem-

593 1305 887 1360 admodum
932 1305 1168 1360 vestium
1216 1303 1442 1374 Opiﬁces
1487 1303 1681 1373 spiritu
1726 1301 2033 1370 sapientia,
2075 1300 2168 1370 qui

593 1400 758 1454 datur
797 1413 828 1452 a
862 1398 996 1461 Deo,
1033 1397 1277 1466 repletos
1311 1410 1432 1450 esse
1467 1395 1634 1458 dicat,
1675 1393 1770 1463 qui
1793 1393 2019 1463 spiritus
2046 1393 2171 1446 illos

593 1487 661 1541 ad
688 1485 865 1540 ﬂoridi
896 1500 961 1540 ac
1006 1485 1273 1556 variegati
1302 1483 1486 1553 operis
1516 1482 1863 1537 eﬂ‘ectionem
1902 1480 2169 1550 perduce-

594 1583 700 1641 ret,
749 1585 804 1631 et
838 1575 1042 1642 Christi
1090 1575 1320 1645 gloriam
1357 1573 1414 1627 in
1445 1573 1786 1628 vestimentis
1814 1571 2166 1626 describeret.

593 1667 759 1738 379
796 1666 936 1722 Sunt
976 1675 1159 1722 autem
1205 1682 1270 1721 ea
1313 1665 1549 1738 opiﬁcia,
1577 1664 1851 1735 pectorale
1880 1673 1937 1718 et
1974 1679 2169 1733 super-

2270 473 2525 544 Χριστδς,
2567 470 2829 542 κόσμημά
2856 488 2912 523 τε
2935 467 3186 540 λαμπρὸν
3207 468 3298 521 καὶ
3322 466 3711 537 ύπερκόσμιον
3737 469 3848 529 ταῖς

2270 565 2380 619 τῶν
2424 563 2595 631 ἁγίων
2626 562 2844 632 ψυχαῖς.
2879 579 2897 612 ι
2929 560 3089 612 Ὅσοι
3130 558 3239 628 γὰρ
3277 558 3356 620 είς
3375 555 3614 626 Χριστὸν
3629 553 3845 610 ἐσαπτί-

2273 655 2456 726 σθητε,
2489 652 2725 725 Χριστὸν
2746 650 3087 715 ἐνεδύσασθε,
3123 668 3141 701 ›
3169 648 3324 720 φησὶ,
3354 647 3449 700 καὶ
3474 646 3692 716 ἀληθὴς
3715 645 3744 696 ὁ
3768 647 3848 700 λό-

2271 766 2387 816 γος.
2453 747 2539 810 Ὠς
2587 749 2644 799 ὲν
2696 747 2874 808 σκιαῖς
2917 743 2973 796 δὲ
3021 744 3048 796 ὁ
3092 741 3257 812 νόμος
3299 737 3708 793 κατακαλλύνει
3766 738 3848 791 τὸν

2286 835 2514 906 Ἀαρὼν,
2547 835 2625 896 είς
2661 834 2895 904 Χριστὸν
2928 831 3214 902 ἀναφέρων
3244 828 3345 898 τὴν
3372 829 3436 880 έκ
3464 826 3563 880 τοῦ
3598 826 3849 892 ποικίλως

2275 925 2530 978 ἐστάλθαι
2567 923 2742 988 δόξαν.
2787 921 3090 991 Μονονουχὶ
3133 920 3240 992 γὰρ
3289 919 3384 973 καὶ
3437 917 3851 987 συνυφασμένος

2273 1018 2338 1086 τῇ
2389 1016 2497 1068 τῶν
2546 1014 2900 1086 τεχνημάτων
2971 1011 3284 1083 κατασκευῇ
3337 1009 3608 1080 μυστικὸς
3656 1025 3718 1061 τε
3765 1010 3851 1061 καὶ

2274 1102 2506 1173 ἀκριϐὴς
2535 1103 2847 1172 εὑρίσκεται
2879 1101 3056 1169 λόγος,
3087 1098 3504 1170 αἰνιγματωδῶς
3543 1097 3852 1167 ὑποφαίνων

2275 1191 2368 1245 τοῦ
2399 1193 2651 1263 Σωτῆρος
2679 1192 2777 1263 τὴν
2808 1190 2983 1256 δόξαν.
3013 1189 3124 1243 Θέα
3143 1188 3250 1260 γὰρ
3275 1189 3424 1251 ὅπως
3454 1188 3559 1258 τῆς
3593 1187 3852 1251 συνέσεως

2275 1287 2371 1356 τῆς
2412 1285 2562 1354 παρά
2618 1283 2752 1337 Θεοῦ
2818 1281 2926 1336 τῶν
2981 1280 3305 1352 ἐσθημάτων
3342 1280 3467 1342 τοὺς
3495 1280 3854 1350 τεχνουργοὺς

2279 1374 2692 1443 ἀναπεπλῆσθαί
2729 1390 2914 1444 φησιν,
2949 1374 3030 1436 είς
3059 1372 3260 1442 εὐανθῆ
3290 1371 3713 1438 ποικιλουργίαν
3734 1371 3855 1424 ἀπο-

2279 1469 2613 1540 κομίζοντος,
2645 1467 2740 1520 καὶ
2772 1467 2870 1536 τὴν
2886 1463 3124 1537 Χριστοῦ
3159 1466 3269 1527 τοῖς
3294 1461 3856 1534 ἀμφίοιςέγγράφον-

2277 1578 2366 1625 τος
2396 1560 2571 1626 δόξαν.
2609 1558 2965 1628 Περιστήθιον
2991 1557 3046 1611 δὲ
3081 1555 3175 1608 καὶ
3199 1556 3432 1626 ὲπωμὶς,
3460 1555 3566 1607 καὶ
3598 1553 3851 1625 ποδήρης,

2279 1654 2374 1706 καὶ
2408 1651 2572 1723 χιτὼν
2624 1653 2652 1703 ὁ
2683 1647 3054 1720 κοσυμὸωτὸς,
3089 1647 3300 1717 κίδαρίς
3343 1664 3404 1700 τε
3440 1646 3544 1699 καὶ
3584 1645 3756 1717 ζώνη,
3795 1645 3855 1698 τὰ

551 1813 554 1817 ,
596 1760 879 1815 humerale
919 1766 976 1812 et
1014 1759 1200 1813 talaris
1239 1759 1443 1822 tunica,
1479 1766 1535 1813 et
1586 1757 1772 1811 tunica
1821 1755 2049 1810 ﬁmbriis
2089 1771 2178 1810 or-

2279 1739 2766 1812 τεχνουργούμενα,
2801 1736 2940 1790 αύτά
2975 1753 3034 1789 τε
3090 1735 3181 1789 καὶ
3207 1733 3345 1805 πρὸς
3369 1733 3596 1797 τούτοις
3621 1733 3803 1806 ἔτερα,
3825 1734 3854 1786 ἃ

595 1857 748 1914 nata,
797 1849 997 1904 cidaris
1041 1850 1207 1903 etiam
1241 1857 1296 1903 et
1329 1864 1485 1911 zona,
1519 1857 1575 1902 et
1603 1847 1866 1902 nonnulla
1901 1845 2004 1899 alia
2036 1861 2175 1916 prae-

599 1948 770 2002 terea,
796 1937 864 1992 de
883 1936 1088 2006 quibus
1111 1937 1386 2007 sigillatim
1411 1937 1520 1990 erit
1544 1936 1725 1999 nobis,
1751 1944 1812 1989 ut
1836 1950 1925 1989 res
1948 1936 2174 2005 patitur,

597 2023 1003 2079 disserendum.
1046 2024 1122 2078 De
1173 2024 1242 2078 iis
1288 2024 1474 2094 igitur,
1524 2023 1617 2093 qui
1673 2023 1740 2076 ad
1777 2039 1841 2078 ea
1867 2038 2034 2092 opera
2063 2023 2180 2077 elﬁ-

598 2115 793 2170 cienda
829 2115 1269 2180 assumebantur,
1325 2116 1441 2168 ait:
1491 2134 1508 2166 ι
1545 2115 1611 2169 Et
1646 2115 1748 2185 ipsi
1787 2115 2061 2185 accipient
2086 2131 2181 2170 au-

600 2222 723 2260 rum
743 2206 1168 2278 ethyacinthum
1197 2215 1253 2260 et
1285 2221 1606 2275 purpuram,
1639 2215 1695 2260 et
1727 2221 1951 2261 coccum
1973 2215 2028 2262 et
2051 2207 2180 2279 bys-

601 2313 722 2352 sum
743 2299 808 2350 ’°.
843 2317 862 2350 ›
892 2296 968 2352 Ac
991 2297 1127 2351 mihi
1155 2313 1347 2352 rursus
1371 2297 1438 2352 ad
1462 2313 1547 2362 ea,
1574 2313 1696 2368 qua:
1716 2297 1998 2368 praposita
2029 2306 2178 2365 sunt,

600 2387 800 2442 mentis
837 2387 1010 2443 aciem
1057 2387 1311 2443 intendas
1357 2388 1544 2453 velim,
1578 2397 1742 2458 atque
1781 2389 1885 2443 hoc
1918 2397 2045 2445 ante
2076 2390 2182 2445 alia

600 2476 936 2532 consideres.

675 2566 872 2622 PALL.
904 2567 1045 2634 Quid
1072 2567 1219 2624 istud
1251 2576 1338 2622 est
1367 2567 1390 2619 ?

669 2657 825 2714 CYB.
853 2660 1050 2713 Annon
1096 2675 1164 2713 ex
1190 2674 1324 2713 auro
1350 2668 1405 2713 et
1425 2660 1589 2730 bysso
1618 2669 1672 2714 et
1701 2674 1943 2728 purpura
1971 2667 2028 2712 et
2054 2673 2182 2713 coc-

601 2749 729 2804 cino
758 2758 927 2813 torto,
952 2764 1016 2803 ac
1036 2749 1334 2819 hyacintho
1355 2750 1520 2804 etiam
1542 2765 1607 2802 ea
1627 2748 1809 2802 omnia
1837 2747 1979 2802 facta
2007 2755 2180 2811 erant,

602 2854 724 2909 quae
744 2837 814 2893 ad
851 2839 1269 2894 tabernaculum
1293 2839 1666 2910 pertinebant,
1693 2839 1992 2908 eademque
2022 2837 2181 2893 Chri-

603 2931 674 2984 sti
707 2928 935 3000 ﬁguram
957 2929 1262 3000 gerebant?

673 3019 872 3076 PALL.
902 3019 981 3074 Ita
1005 3026 1108 3075 est.

672 3110 831 3166 CYR.
863 3110 1000 3166 Vide
1029 3110 1197 3182 igitur
1229 3127 1296 3168 ex
1323 3113 1550 3167 materia
1580 3111 1771 3167 eadem
1797 3113 1961 3168 etiam
1993 3115 2184 3184 praeci-

603 3199 698 3269 pui
728 3199 1030 3255 sacerdotis
1057 3199 1252 3254 stolam
1273 3215 1394 3256 esse
1423 3200 1749 3267 confectam,
1804 3217 1926 3272 quae
1973 3202 2182 3258 Christi

604 3290 834 3361 gloriam
862 3299 923 3344 ut
958 3290 1015 3344 in
1042 3291 1278 3361 imagine
1301 3290 1491 3346 itidem
1522 3307 1586 3346 ac
1612 3293 1804 3363 ﬁguris
1841 3295 2181 3362 contineret;

605 3397 732 3436 nam
756 3381 948 3436 eadem
972 3382 1160 3446 verba,
1187 3390 1244 3438 et
1264 3382 1574 3438 intellectus
1595 3399 1704 3438 non
1728 3384 1998 3452 diversus,
2024 3386 2184 3442 Chri-

606 3473 677 3526 sti
717 3472 946 3546 gloriam
994 3473 1318 3544 signiﬁcant.
1368 3474 1505 3529 Nam
1545 3475 1592 3529 is
1621 3484 1684 3531 ut
1713 3476 1768 3530 in
1799 3492 1933 3531 auro
1963 3478 2183 3548 quidem

606 3564 774 3629 Deus,
808 3573 870 3619 ut
902 3564 958 3618 in
987 3579 1231 3634 purpura
1253 3564 1457 3636 regiam
1491 3564 1815 3636 dignitatem
1854 3567 2083 3633 habens,
2125 3579 2186 3624 ut

608 3653 662 3708 in
691 3652 853 3725 bysso
892 3653 1043 3708 tenui
1090 3652 1332 3708 Verbum
1379 3653 1582 3708 subtile
1625 3664 1680 3709 et
1717 3656 1964 3726 corporis
1990 3672 2185 3728 expers

607 3745 980 3815 intelligitur:
1021 3742 1166 3798 idem
1214 3757 1433 3813 quoque
1481 3752 1543 3798 ut
1594 3743 1652 3799 in
1707 3758 1873 3799 cocco
1918 3744 2185 3817 ﬁguratur

608 3842 833 3906 pr0pter
869 3836 1052 3890 carnis
1097 3843 1354 3889 naturam
1392 3853 1408 3900 ;
1441 3842 1502 3889 ut
1543 3835 1598 3890 in
1627 3835 1921 3907 hyacintho
1948 3837 2185 3908 denique

609 3923 754 3978 aeris
773 3923 1010 3992 speciem
1035 3921 1303 3977 referente
1327 3924 1396 3995 (is
1413 3931 1495 3976 est
1517 3923 1664 3978 enim
1685 3925 1967 3995 hyacinthi
1987 3927 2182 3999 color),

611 4024 904 4086 propterea
928 4014 1075 4084 quod
1103 4028 1134 4069 e
1155 4013 1406 4083 supernis
1427 4020 1512 4068 est
1535 4021 1592 4067 et
1616 4028 1647 4067 e
1673 4015 1832 4070 coelo.
1854 4015 1997 4081 Quid
2016 4017 2189 4072 enim?

609 4105 804 4161 Nonne
829 4111 885 4159 et
909 4103 1055 4160 Deus
1076 4103 1240 4158 simul
1261 4111 1318 4158 et
1339 4104 1454 4160 Rex
1475 4112 1559 4160 est
1579 4104 1714 4159 illud
1729 4119 1796 4159 ex
1820 4104 1932 4161 Deo
1955 4106 2188 4163 Parente

613 4197 855 4253 Verbum
881 4195 905 4250 ?

681 4287 880 4343 PALL.
911 4286 1046 4354 Quis
1073 4294 1236 4358 neget
1258 4288 1282 4341 ?

2278 1833 2372 1886 καὶ
2409 1832 2511 1886 ἀνὰ
2538 1831 2702 1902 μέρος
2731 1831 2882 1900 ἡμῖν,
2922 1829 2997 1893 ώς
3023 1828 3122 1892 ένι,
3158 1826 3454 1894 λελέξεται.
3479 1826 3639 1895 Ἔφη
3690 1825 3856 1878 τοίνυν

2279 1924 2408 1994 περὶ
2435 1923 2542 1976 τῶν
2573 1923 2651 1985 είς
2679 1921 2814 1993 ἔργα
2857 1918 3338 1991 παρειλημμένων,
3379 1936 3398 1970 ι
3436 1916 3560 1972 Καὶ
3592 1916 3748 1970 αὐτοὶ
3772 1915 3854 1987 λή-

2277 2014 2465 2084 ψονται
2490 2013 2551 2066 τὸ
2576 2012 2818 2085 χρυσίον,
2845 2011 2937 2065 καὶ
2966 2009 3064 2080 τὴν
3095 2009 3371 2076 ὑάκινθον,
3399 2008 3494 2062 καὶ
3532 2007 3637 2077 τὴν
3657 2005 3854 2078 πορφύο

2281 2123 2402 2177 ραν,
2437 2105 2529 2159 καὶ
2555 2104 2614 2157 τὺ
2644 2103 2914 2168 κόκκινον,
2949 2100 3044 2154 καὶ
3085 2099 3302 2171 βύσσον.
3343 2117 3362 2151 ›
3407 2098 3529 2153 Καί
3581 2116 3672 2168 μοι
3710 2098 3854 2153 πάλιν

2279 2195 2476 2249 λεπτὸν
2500 2195 2662 2258 ἐνιεὶς
2695 2197 2807 2257 τοῖς
2836 2193 3216 2264 προκειμένοις
3236 2191 3328 2245 τὸν
3368 2190 3520 2257 νοῦν,
3557 2190 3655 2244 καὶ
3677 2190 3782 2261 πρά
3801 2205 3854 2257 γε

2279 2287 2344 2356 δὴ
2368 2285 2474 2340 τῶν
2505 2285 2680 2340 ἄλλων
2709 2283 2866 2354 ἄθρει
2893 2281 2958 2354 δὴ
2976 2282 3117 2336 τόδε.

2349 2564 2568 2618 ΠΛΛΛ.
2608 2562 2682 2614 Τὸ
2711 2561 2862 2614 ποῖον
2892 2560 2946 2613 τί
2981 2560 3119 2631 φής;

2354 2656 2517 2711 ΚΥΡ.
2557 2655 2632 2709 Οὐ
2680 2653 2789 2726 γὰρ
2832 2651 3192 2724 χρυσίουσκαὶ
3245 2647 3465 2719 βύσσου,
3497 2648 3605 2702 καὶ
3645 2648 3746 2719 μὴν
3770 2648 3851 2701 καὶ

2282 2747 2565 2818 πορφύρας
2614 2746 2708 2800 καὶ
2754 2745 3010 2799 κοκκίνου
3051 2739 3452 2812 κεκλωσμένου,
3498 2738 3760 2793 ὑακίνθου
3800 2754 3852 2790 τε

2282 2834 2348 2892 αὖ
2379 2840 2557 2892 πάντα
2596 2835 2923 2906 πεποίηνται
2974 2834 3043 2889 τὰ
3089 2834 3148 2886 ἐν
3194 2834 3260 2903 τῇ
3319 2832 3520 2900 σκηνῇ,
3562 2831 3656 2884 καὶ
3687 2825 3751 2900 ἦν
3783 2831 3853 2892 είς

2282 2932 2452 2986 τύπον
2485 2928 2724 3002 Χριστοῦ
2744 2947 2759 2996 ;

2354 3023 2562 3077 ΠΑΛΛ.
2605 3015 2733 3076 Ὧδε
2767 3021 2900 3092 ἔχει.

2354 3115 2519 3168 ΚΥΡ.
2556 3113 2668 3167 Θέα
2699 3111 2757 3166 δὲ
2799 3111 2862 3183 δὴ
2909 3112 2990 3164 ὅτι
3034 3109 3122 3165 διὰ
3170 3109 3280 3163 τῶν
3323 3111 3506 3165 αὐτῶν
3557 3113 3649 3166 καὶ
3690 3113 3722 3182 ἡ
3769 3107 3851 3161 τοῦ

2287 3203 2616 3276 προῦχοντος
2658 3204 2717 3257 ἐν
2784 3201 3055 3274 ἱερωσύνῃ
3115 3202 3475 3275 διεσκευάσθη
3538 3204 3718 3276 στολὴ,
3766 3202 3852 3272 τὴν

2285 3293 2520 3368 Χριστοῦ
2554 3293 2709 3358 δόξαν
2756 3292 2831 3356 ὼς
2879 3294 2937 3346 ὲν
2985 3293 3154 3348 εἰκόνι
3207 3293 3270 3364 δὴ
3323 3293 3488 3348 πάλιν
3539 3297 3635 3350 καὶ
3679 3292 3850 3354 τύποις

2283 3387 2567 3440 ὠδίνουσα·
2594 3384 2744 3452 λόγοι
2774 3385 2883 3453 γὰρ
2929 3387 2978 3438 οί
3017 3384 3191 3450 αὐτοὶ,
3223 3385 3426 3455 γνῶσις
3457 3387 3517 3441 δὲ
3561 3388 3655 3457 ούχ
3684 3385 3846 3456 ἑτέρα,

2285 3478 2344 3530 τὸ
2375 3475 2613 3550 Χριστοῦ
2647 3476 2846 3540 κάλλος
2878 3477 3370 3548 κατασημαίνουσι.
3397 3477 3734 3533 Γινώσκεται
3756 3475 3847 3544 γὰρ

2283 3570 2356 3634 ὡς
2389 3570 2447 3623 ὲν
2483 3568 2669 3641 χρυσῷ
2701 3569 2800 3641 μὲν
2826 3568 2976 3633 Θεὸς,
2999 3568 3075 3632 ὡς
3099 3570 3157 3623 έν
3187 3567 3444 3641 πορφύρᾳ
3488 3570 3558 3623 τὸ
3597 3567 3846 3642 βασίλειον

2285 3660 2424 3731 ἔχων
2469 3659 2720 3732 ἀξίωμα,
2770 3659 2865 3713 καὶ
2916 3659 2992 3722 ώς
3026 3659 3084 3711 ὲν
3135 3656 3318 3730 βύσσῳ
3356 3659 3532 3731 λεπτῇ
3601 3658 3749 3726 λόγος
3777 3657 3846 3708 la-

2285 3751 2408 3823 χνὺς
2440 3752 2533 3804 καὶ
2558 3749 2867 3821 ἀσώματος,
2906 3747 2982 3813 ὡς
3015 3749 3074 3802 ὲν
3114 3748 3348 3819 κοκκίνῳ
3382 3748 3470 3804 διὰ
3513 3749 3618 3819 τὴν
3661 3747 3843 3818 σάρκα’

2285 3843 2344 3896 ὲν
2407 3841 2644 3913 ὑακίνθῳ
2695 3858 2759 3910 γε
2811 3840 2917 3912 μὴν
2967 3841 3280 3910 ἀεροφανεῖ,
3346 3841 3704 3912 τοιουτόχρως
3754 3837 3846 3905 γάρ

2286 3931 2558 3996 ὑάκινθος,
2589 3929 2678 3984 διὰ
2722 3930 2783 3983 τὸ
2838 3929 3048 3984 ἄνωθεν
3099 3929 3193 3982 καὶ
3243 3928 3304 3992 ἐξ
3365 3927 3712 4000 ούρανοῦ.Ἦ
3752 3925 3843 3994 γὰρ

2287 4023 2408 4092 οὐχὶ
2433 4023 2564 4086 Θεός
2597 4039 2654 4076 τε
2688 4021 2803 4092 ἅμα
2855 4022 2949 4075 xal.
3005 4019 3259 4091 βασιλεὺς
3301 4021 3329 4073 ό
3379 4020 3445 4074 ὲκ
3491 4019 3630 4075 Θεοῦ
3658 4017 3842 4088 Πατρὸς

2289 4113 2461 4182 Λόγος
2475 4131 2491 4177 ς

2359 4295 2566 4351 nam.
2609 4295 2734 4360 Πῶς
2762 4295 2870 4367 γὰρ
2900 4295 2989 4360 οὗ,

679 4379 837 4436 CYR.
875 4381 1067 4436 Nonne
1109 4387 1394 4450 praeterea,
1429 4397 1554 4436 cum
1581 4381 1822 4436 Verbum
1843 4388 1989 4438 esset
2013 4382 2178 4438 Patris

2362 4387 2525 4442 ΚΥΡ.
2567 4388 2703 4458 Οὐχὶ
2734 4387 2791 4440 δὲ
2819 4388 2991 4457 Λόγος
3027 4387 3103 4442 ὢν
3150 4387 3242 4442 τοῦ
3296 4387 3507 4459 Πατρδς
3557 4386 3738 4449 λεπτὸς
3760 4383 3838 4436 καὶ

613 4469 813 4526 subtile
871 4480 927 4526 et
964 4470 1207 4541 corporis
1233 4487 1446 4542 expers,
1487 4470 1633 4526 idem
1667 4472 1724 4526 in
1769 4487 1935 4528 carne
1960 4471 2186 4540 factum,

612 4571 669 4619 et
696 4563 763 4618 de
787 4563 1041 4632 supernis
1069 4571 1153 4618 est
1180 4563 1205 4616 ?

683 4653 882 4710 PALL.
912 4655 1139 4710 Verum.

682 4741 842 4798 CYR.
870 4742 1041 4813 Igitur
1083 4743 1276 4799 cadem
1323 4750 1408 4798 est
1446 4742 1669 4799 omnino
1714 4743 1906 4809 etiam,
1947 4744 2092 4814 quod
2122 4743 2190 4799 ad

611 4831 959 4886 subtiliorem
993 4833 1507 4902 contemplationem
1537 4834 1798 4904 pertinet,
1845 4835 2070 4890 materia
2094 4851 2192 4890 ve-

611 4921 1023 4986 stimentorum,
1072 4929 1129 4976 et
1166 4938 1356 4976 eorum
1400 4939 1522 4993 quae
1567 4925 1624 4979 in
1662 4925 1998 4980 tabernaculi
2025 4940 2192 4995 opere

610 5011 863 5068 confecta
895 5020 1040 5067 sunt.
1078 5011 1186 5068 Sed
1221 5012 1289 5068 de
1324 5013 1410 5069 his
1436 5015 1588 5071 satis.
1637 5017 1755 5072 Jam
1799 5033 1934 5073 vero
1981 5016 2051 5073 de
2101 5018 2188 5084 iis,

610 5121 734 5176 quae
774 5103 844 5160 ad
877 5104 1146 5160 honorem
1189 5113 1246 5161 et
1285 5105 1515 5176 gloriam
1543 5107 1724 5163 Aaron
1759 5108 1909 5164 varie
1938 5117 2191 5165 contexta

611 5205 764 5264 sunt,
815 5196 1035 5253 dicendi
1087 5204 1304 5267 tempus
1342 5206 1445 5252 est.
1498 5198 1667 5268 Igitur
1693 5239 1707 5264 ,
1759 5218 1777 5250 ι
1804 5200 1873 5254 Ει
1903 5199 2125 5266 facient,
2166 5219 2184 5251 ›

615 5287 814 5357 inquit,
863 5307 883 5342 ι
922 5289 1371 5360 superhumerale
1403 5305 1469 5344 ex
1503 5290 1663 5362 bysso
1699 5300 1862 5356 torta,
1900 5307 2036 5361 opus
2073 5299 2188 5346 tex-

617 5375 714 5430 tile
771 5379 1102 5446 variatoris,
1167 5379 1277 5434 duo
1331 5379 1803 5450 superhumeralia
1851 5381 2188 5436 continentia

615 5476 780 5524 erunt
807 5468 929 5539 ipsi,
958 5470 1189 5527 alterum
1216 5471 1372 5527 alteri
1397 5471 1450 5525 in
1473 5471 1689 5528 duabus
1711 5471 1961 5543 partibus
1975 5471 2184 5542 juncta,

693 5673 736 5705 "
765 5667 938 5724 Galat.
972 5687 1049 5734 ιιι,
1079 5673 1164 5724 27.
1242 5673 1284 5701 ⁹⁸
1311 5675 1479 5730 Exod.
1512 5695 1690 5742 xxvm,

2290 4474 2598 4547 ἀσώματος,
2631 4476 2855 4546 γέγονεν
2879 4477 2937 4529 ὲν
2969 4476 3131 4548 σαρκὶ
3159 4475 3252 4531 καὶ
3287 4475 3433 4529 ἔστιν
3457 4474 3700 4538 ἄνωθεν;

2361 4649 2571 4704 ΠΔΛΛ.
2625 4647 2865 4720 Ἀληθές.

2360 4741 2524 4796 ΚΥΡ.
2565 4741 2631 4794 At
2657 4741 2819 4794 αὑταὶ
2861 4741 3148 4813 τοιγαροῦν
3189 4742 3625 4812 ἀπαραλλάκτως
3670 4735 3836 4797 καὶὼς

2291 4833 2348 4884 έν
2382 4829 2585 4903 θεωρίᾳ
2617 4830 2784 4902 λεπτῇ
2830 4830 2940 4885 τῶν
2968 4831 3294 4902 ἐσθημάτων
3317 4833 3373 4886 at
3423 4831 3567 4896 ὕλαι,
3599 4830 3687 4886 καὶ
3713 4827 3825 4899 μέν·

2289 4939 2371 4976 τοι
2412 4923 2507 4976 καὶ
2557 4921 2666 4976 τῶν
2705 4922 3233 4992 κατεσκευασμένων
3276 4923 3334 4976 ὲν
3375 4925 3442 4994 τῇ
3490 4922 3620 4994 ἁγίᾳ
3663 4917 3829 4989 σκηνῆ·

2289 5012 2398 5066 Καὶ
2413 5012 2571 5067 ταυτὶ
2594 5012 2692 5082 μὲν
2709 5004 2831 5076 ὧδε,
2847 5012 2915 5066 τά
2933 5012 2990 5066 δὲ
3010 5014 3088 5077 εἰς
3101 5012 3264 5084 τιμὴν
3279 5014 3373 5069 καὶ
3390 5013 3547 5080 δόξαν
3564 5012 3639 5084 τῷ
3653 5005 3832 5077 ’Δαρὼν

2291 5103 2549 5168 ποικίλως
2586 5104 2934 5175 ὲξυφασμένα
2980 5104 3172 5175 καιρὸς
3220 5106 3322 5178 ἥδη
3373 5105 3568 5176 λέγειν.
3625 5097 3829 5156 Οὐκοῦν,

2295 5193 2442 5249 (Καὶ
2486 5196 2792 5266 ποιήσουσι,
2835 5195 2991 5265 φησὶ,
3057 5194 3158 5266 τὴν
3203 5195 3456 5266 ἐπωμίδα
3524 5198 3591 5249 ὲκ
3658 5191 3830 5261 βύσσου

2294 5285 2698 5356 κεκλωσμένης,
2736 5286 2897 5357 ἔργον
2933 5286 3168 5356 ύφαντὸν
3197 5285 3495 5350 ποικιλτοῦ,
3530 5285 3618 5338 δύο
3646 5274 3830 5347 ἐπωμίν

2297 5379 2385 5442 δες
2427 5376 2750 5448 συνέχουσαι
2780 5378 2994 5434 ἔσονται
3032 5378 3201 5448 αὐτῷ,
3242 5377 3405 5450 ἑτέρα
3430 5377 3529 5446 τὴν
3550 5372 3732 5442 ἑτέραν
3755 5364 3831 5418 ἰπὶ

2295 5473 2404 5534 τοῖς
2439 5467 2533 5522 δύο
2567 5467 2788 5540 μέρεσιν
2837 5470 3199 5543 ἐξηρτημένα.
3240 5468 3347 5525 Καὶ
3385 5469 3447 5523 τὸ
3490 5469 3705 5539 ὕφασμα
3737 5454 3830 5510 τῶν
