4142 6296
316 321 420 376 735

977 323 1065 378 DE
1103 319 1540 379 ADOIIATIONE
1577 319 1642 374 IN
1685 314 1951 373 SPIRI'IU
1995 312 2083 370 ET
2129 308 2495 368 VERITATE.
2532 336 2599 345 -
2639 303 2767 358 LIB.
2809 302 2902 357 XI.
3461 299 3574 356 734

307 444 619 517 ὲπωμίδων,
664 444 691 496 ὃ
723 444 868 494 ἐστιν
897 440 982 494 ἐπ’
1012 436 1162 510 αὐτῷ
1213 437 1354 491 κατὰ
1405 435 1503 508 τὴν
1542 437 1779 506 ποίησιν,
1826 432 1884 498 ἐξ

1987 437 2043 483 et
2083 433 2299 482 textura
2337 418 2894 494 superbumeralium,
2926 430 3048 486 quae
3077 423 3160 470 est
3187 414 3242 468 in
3274 413 3393 485 ipso
3418 413 3575 481 juxta
3657 476 3660 480 _

307 537 475 593 αὑτοῦ
507 536 660 589 ἔσται
696 536 760 586 ἐκ
796 531 999 604 χρυσοῦ
1035 534 1130 587 καὶ
1171 530 1428 586 ὑακίνθου
1463 531 1557 583 καὶ
1598 527 1887 600 πορφύρας

307 633 398 684 καὶ
429 629 682 682 κοκκίνου
727 627 1148 696 διανενησμένου
1181 625 1276 678 καὶ
1328 623 1527 694 βύσσου
1572 621 1887 690 κεκλωσμέ-

303 741 420 794 νης.
457 741 475 772 ι
504 720 679 788 ’Υλην
713 719 771 772 δὲ
800 719 1232 789 τοῖς-ὑφάσμασι
1267 717 1390 779 δοὺς
1420 714 1517 786 τὴν
1563 713 1662 782 ἤδη
1699 728 1885 782 προει-

306 814 576 884 ρημένην,
604 811 768 874 εὐθὺς
792 812 1060 883 ἐπιφέρευ
1086 829 1104 861 ι
1128 809 1240 862 Kal
1261 807 1406 880 λήψῃ
1431 807 1556 869 τοὺς
1575 804 1666 857 δύο
1683 802 1880 866 λίθους,

299 902 482 965 λίθους
514 900 886 970 σμαράγδους,
915 901 1008 953 καὶ
1025 897 1248 968 γλύψεις
1276 900 1330 949 ὲν
1347 897 1528 958 αὐτοῖς
1547 893 1616 947 τὰ
1645 892 1885 962 ὀνόματα

299 993 411 1045 τῶν
446 991 578 1044 υίῶν
624 990 861 1060 Ἰσραὴλ,
901 989 962 1053 ἓξ
998 990 1237 1058 ὀνόματα
1289 987 1419 1057 περὶ
1465 984 1555 1036 τὸν
1597 983 1742 1037 λίθον
1793 982 1884 1034 τὸν

300 1083 420 1145 ἕνα,
461 1083 556 1136 καὶ
597 1082 666 1134 τὰ
715 1081 774 1147 ἓξ
822 1081 1062 1150 ὀνόματα
1099 1079 1165 1131 τὰ
1186 1077 1349 1131 λοιπὰ
1375 1076 1466 1130 ἐπὶ
1494 1077 1584 1130 τὸν
1618 1074 1762 1128 λίθον
1793 1074 1885 1127 τὸν

299 1174 572 1244 δεύτερον,
603 1172 746 1226 κατά
778 1171 876 1235 τὰς
914 1172 1156 1239 γενέσεις
1199 1170 1403 1234 αὐτῶν,
1452 1168 1615 1238 ἔργον
1671 1166 1884 1237 λιθουρ-

301 1267 467 1336 γικῆς
513 1266 745 1336 τέχνης’
793 1262 1023 1332 γλύμμα
1070 1260 1365 1332 σφραγίδος
1406 1259 1720 1327 διαγλύψεις
1759 1259 1884 1322 τοὺς

300 1357 484 1419 λίθους
514 1357 609 1410 ἐπὶ
657 1358 768 1417 τοῖς
803 1353 1028 1422 ὀνόμασι
1061 1352 1170 1409 τῶν
1204 1352 1334 1405 υίῶν
1379 1349 1614 1420 Ἰσραήλ.
1650 1352 1759 1404 Kal
1788 1349 1885 1420 θή-

303 1467 417 1512 σεις
457 1448 584 1512 τοὺς
614 1446 706 1502 δύο
734 1446 914 1508 λίθους
943 1445 1035 1498 ἐπὶ
1071 1443 1180 1498 τῶν
1233 1443 1398 1514 ὤμων
1442 1443 1544 1512 τῆς
1577 1441 1872 1513 ἐπωμίδος·

301 1541 440 1594 λίθοι
474 1538 816 1612 μνημόσυνόν
842 1539 948 1590 είσι
988 1539 1100 1600 τοῖς
1124 1537 1260 1598 υἱοῖς
1289 1535 1525 1606 Ἰσραήλ.
1551 1553 1571 1586 ι

375 1617 578 1685 ΠᾹΛΛ.
621 1631 796 1692 Βαθὺς
834 1629 950 1700 μὲν,
978 1629 1054 1690 ῶς
1103 1626 1297 1691 ἔοικεν,
1328 1628 1358 1680 ὁ
1413 1628 1469 1680 ὲν
1509 1627 1622 1689 τοῖς
1674 1625 1882 1696 θεωρή-

303 1741 437 1796 μασι
476 1724 652 1792 λόγος⁹
702 1720 878 1793 πειρῶ
907 1720 962 1773 δὲ
1011 1719 1277 1790 πρότερον
1309 1719 1487 1771 ἐκεῖνο
1520 1717 1715 1781 είπεῖν,
1742 1715 1795 1767 τί
1823 1714 1882 1767 τὸ

299 1818 488 1888 χρῆμα
516 1817 616 1885 τῆς
671 1814 899 1882 ἐπίκλην
950 1811 1243 1881 ἐπωμίδος,
1293 1810 1510 1882 ἢποίον
1551 1809 1616 1863 ἂν
1650 1807 1762 1878 ἔχοι
1786 1809 1884 1876 τῆς

298 1907 643 1976 κατασκευῆς
670 1907 761 1959 τὸν
789 1905 1009 1973 τρόπον.

369 2001 532 2054 ΚΥΡ.
579 1999 846 2068 ’Υφασμά
868 2014 919 2049 τι
942 1995 1166 2066 χιτῶνος
1195 1994 1270 2057 ὡς
1303 1994 1361 2046 ὲν
1407 1991 1536 2046 εῖδει
1569 1991 1663 2046 καὶ
1722 1989 1883 2060 μέχρι

301 2093 523 2162 στέρνου
574 2090 760 2160 διῆκον
811 2087 1066 2155 γενέσθαι
1132 2086 1519 2157 προστέταχεν,
1573 2083 1648 2146 ὡς
1700 2083 1885 2145 αὐτοῖς

299 2183 407 2236 ἔσω
435 2198 495 2233 τε
533 2180 627 2234 καὶ
668 2177 746 2242 ῶς
775 2181 834 2231 ὲν
864 2177 982 2248 χρῷ
1009 2178 1102 2230 καὶ
1137 2177 1298 2246 μέχρι
1347 2174 1528 2228 ποδῶν
1577 2172 1882 2242 ὲσθήμασιν

300 2272 764 2342 ὲπενηνεγμένου,
817 2269 914 2324 καὶ
970 2269 1067 2340 τὴν
1092 2270 1156 2320 ἐκ
1211 2266 1413 2337 χρυσοῦ
1451 2267 1546 2319 καὶ
1598 2263 1884 2336 πορφύρας

299 2364 708 2435 ἀπαστράπτων
741 2361 936 2430 αὐγὴν,
963 2364 1077 2424 τοῖς
1119 2357 1227 2410 τῶν
1257 2356 1547 2426 θεωμένων
1584 2353 1884 2422 ὀφθαλμοῖς

301 2455 499 2510 σεπτὸν
534 2473 594 2508 τε
641 2453 737 2507 καὶ
788 2451 1114 2524 ίεροπρεπὲς
1145 2447 1436 2502 ὲντέκοιτὺ
1469 2445 1676 2516 θαῦμα.
1714 2445 1884 2497 Τοῦτο

296 2547 566 2618 κέκληκεν
589 2543 857 2614 ἐπωμίδα,
885 2542 973 2594 διὰ
993 2542 1075 2606 τὸ,
1108 2537 1280 2610 οἶμαι,
1311 2538 1481 2610 βραχὺ
1499 2535 1591 2590 τοῦ
1609 2537 1768 2608 τεχνή
1779 2552 1884 2605 μα-

299 2655 412 2704 τος,
435 2639 529 2692 καὶ
554 2637 614 2690 τὸ
642 2638 845 2705 ἀμφοῖν
874 2633 939 2705 δὴ
966 2633 1116 2704 μόλις
1146 2629 1530 2684 έπιτάννυσθαι
1549 2631 1664 2681 τοῖν
1688 2626 1880 2697 ὢμοιν.

314 2732 405 2786 Ἐν
431 2729 601 2800 ταύτῃ
643 2729 707 2798 δὴ
736 2722 830 2781 οὖν
869 2730 933 2798 τῇ
974 2724 1208 2794 ἐπωμίδι
1246 2722 1339 2775 δύο
1395 2720 1594 2784 λίθους,
1634 2719 1884 2791 σμαράγ-

305 2824 393 2878 δου
413 2822 468 2876 δὲ
499 2816 678 2884 αὗται,
707 2818 1026 2888 κλῶσμασιν
1074 2816 1272 2884 ίσχνοῖς
1298 2810 1358 2866 εὖ
1392 2812 1535 2882 μάλα
1567 2809 1884 2880 διεσφιγμέ-

303 2932 397 2980 νας
440 2912 803 2985 ὲνερείδεσθαι
851 2911 960 2964 δεῖν
1023 2907 1276 2960 διετύπου
1325 2904 1532 2974 σαφῶς,
1573 2905 1883 2973 ὲνορωρυγ-

302 3004 478 3074 μένων
523 3003 788 3071 εὐτέχνως
817 2998 1076 3070 ὀνομαστὶ
1109 2997 1217 3050 τῶν
1244 2994 1448 3065 φυλῶν,
1481 2993 1557 3056 ὡς
1596 2992 1655 3059 ἓξ
1682 2993 1740 3044 έν
1785 2993 1884 3062 μιᾷ

295 3095 604 3166 γράφεσθαι
632 3095 786 3165 λίθῳ.
823 3093 937 3146 Kal
972 3092 1058 3155 τίς
1089 3093 1117 3144 ὁ
1147 3089 1299 3143 τοῦδε
1331 3088 1508 3156 λόγος,
1556 3085 1716 3149 αὑτός
1753 3086 1884 3155 ἡμῖν
1912 3119 1954 3176 C

292 3190 540 3258 διεσάφει
578 3186 784 3255 λέγων·
817 3205 835 3237 ι
858 3187 968 3237 Καὶ
1007 3182 1237 3253 λήψεται
1283 3179 1492 3250 Ἀαρὼν
1533 3178 1602 3231 τὰ
1642 3177 1882 3246 ὀνόματα

291 3276 405 3332 τῶν
434 3277 569 3330 υίῶν
608 3275 826 3345 Ἰσραὴλ
868 3272 1049 3328 ἔναντι
1084 3271 1290 3340 Κυρίου
1329 3267 1556 3322 ἐπὶτῶν
1590 3266 1683 3320 δύο
1712 3266 1881 3337 ὤμων

298 3369 488 3433 αὑτοῦ,
519 3367 862 3439 μνημόσυνον
883 3365 1011 3437 περὶ
1035 3363 1235 3418 αὐτῶν.
1267 3383 1285 3416 ι

373 3543 578 3597 IIAAA.
619 3541 932 3614 Νομιοῦμεν
971 3541 1026 3594 δὲ
1081 3540 1131 3592 τί
1179 3539 1266 3592 διά
1297 3556 1356 3590 τε
1415 3539 1527 3591 τῶν
1575 3536 1738 3590 λίθων
1789 3535 1884 3589 καὶ

293 3634 409 3687 τῶν
441 3635 498 3685 ὲν
536 3633 715 3696 αὐτοῖς
744 3629 1139 3702 ὑποδηλοῦσθαι
1164 3629 1358 3694 πάλιν;

371 3724 536 3778 ΚΥΡ.
583 3725 781 3776 ’Ἄκουε
811 3724 898 3794 δή·
941 3721 1096 3792 ὠχρὰ
1141 3721 1236 3792 μὲν
1282 3719 1426 3782 λίθος
1472 3721 1504 3788 ἡ
1543 3717 1881 3788 σμάραγδος.

309 3815 624 3885 Ἐννήχεται
661 3815 718 3867 δὲ
750 3814 888 3885 αὐτῇ
919 3814 979 3865 τὸ
1010 3811 1288 3880 αὐγοειδὲς
1321 3813 1378 3862 έν
1413 3809 1585 3879 βάθει,
1631 3810 1722 3862 καὶ
1738 3811 1884 3861 οἱον-

298 3908 348 3960 εὶ
379 3907 558 3977 σκότῳ
613 3905 986 3975 συγκέκραται
1045 3903 1178 3971 φῶς
1244 3902 1505 3973 ἐκατέρου
1545 3901 1681 3972 πρὸς
1723 3901 1885 3954 ἑαυτὸ

298 3997 361 4051 τὸ
385 3998 542 4066 νικᾷν
567 3995 940 4056 ἀνθέλκοντος.
975 3989 1100 4064 Ἆρ’
1126 3990 1238 4052 οὖν,
1264 3985 1308 4044 ὦ
1341 3990 1626 4051 Παλλάδιε,
1654 3989 1786 4059 πρὸς
1825 3989 1884 4041 τὸ

298 4087 437 4158 ὑψοῦ
458 4105 519 4140 τε
549 4087 645 4140 καὶ
683 4085 794 4140 ἄνω
845 4085 1059 4154 βλέπων
1101 4086 1130 4138 ὁ
1160 4083 1255 4136 τοῦ
1293 4084 1545 4152 σώματος
1581 4080 1880 4151 ὀφθαλμὸς,

298 4181 394 4233 καὶ
425 4179 748 4240 κατατείνας
774 4180 853 4239 εἰς
877 4177 937 4229 τὸ
958 4177 1092 4246 βαθὺ
1113 4177 1248 4245 πρὸς
1281 4174 1476 4245 αἰθέρα
1509 4177 1599 4227 καὶ
1630 4172 1881 4243 οὐρανὸν,

298 4272 419 4341 οὐχὶ
456 4270 636 4340 τοιᾷδέ
689 4286 792 4321 τινι
833 4267 1095 4339 προϐαλεῖ
1145 4266 1377 4336 θεωρίας
1426 4265 1602 4335 ὠχρὸς
1635 4263 1744 4334 γάρ
1781 4280 1882 4316 που

300 4363 395 4414 καὶ
425 4362 501 4424 ῶς
533 4364 591 4414 ἐν
636 4359 790 4429 βάθει
818 4356 1004 4427 μέλας,
1031 4356 1125 4409 ml
1152 4357 1292 4426 φωτὶ
1336 4353 1541 4426 μετρίῳ
1575 4353 1881 4424 συμμιγὴς,

1993 519 2362 582 eﬁ‘eetionem,
2397 532 2462 570 ex
2504 516 2622 585 ipso
2661 512 2787 575 erit,
2825 525 2892 564 ex
2930 522 3067 562 auro
3100 515 3157 562 et
3193 507 3487 578 hyacintho
3519 511 3609 578 et"

1993 624 2240 680 purpura
2261 615 2317 663 et
2341 622 2506 662 cocco
2537 614 2703 669 torto,
2727 609 2783 656 et
2802 601 2965 672 bysso
2991 608 3118 654 neta
3138 600 3204 654 ον.
3247 617 3265 650 ι
3299 597 3437 653 Cum
3469 587 3602 655 ita?

1993 715 2100 770 que
2135 699 2422 754 materiam
2453 711 2575 767 qua:
2613 709 2762 749 nunc
2797 693 2942 748 dicta
2964 699 3068 756 est,
3098 690 3377 745 textilibus
3405 691 3576 745 vesti-

1992 791 2097 846 bus
2140 789 2446 853 tribuisset,
2486 787 2750 842 continuo
2795 784 3077 854 subjungit
3111 800 3124 835 :
3181 801 3200 833 ι
3235 782 3306 836 Ει
3337 783 3576 852 accipies

1991 883 2131 938 duos
2171 882 2414 952 lapides,
2456 881 2622 950 380
2648 879 2861 948 lapides
2899 874 3234 945 smaragdos,
3273 882 3329 929 et
3359 875 3577 945 sculpes

1993 975 2049 1028 in
2077 973 2402 1028 eisnomina
2433 970 2673 1025 ﬁliorum
2703 968 2869 1023 Israel
2893 985 2906 1020 :
2935 981 3031 1020 sex
3058 967 3282 1019 nomina
3309 965 3365 1018 in
3393 964 3575 1034 lapide

1992 1081 2122 1129 uno,
2157 1073 2214 1120 et
2253 1081 2349 1120 sex
2386 1062 2610 1118 nomina
2645 1060 2857 1129 reliqua
2885 1058 2941 1112 in
2979 1056 3161 1126 lapide
3190 1057 3383 1120 altero,
3420 1056 3574 1125 juxta

1991 1157 2306 1213 nativitates
2341 1169 2553 1218 eorum,
2579 1167 2717 1223 opus
2755 1149 3068 1223 gemmariae
3099 1148 3252 1202 artis.
3281 1147 3574 1216 Seulptura

1991 1248 2152 1319 sigilli
2191 1248 2408 1316 sculpes
2442 1243 2655 1314 lapides
2686 1240 3004 1297 nominibus
3025 1238 3264 1293 ﬁliorum
3288 1236 3486 1291 Israel:
3520 1245 3576 1289 et

1991 1356 2162 1411 pones
2216 1340 2355 1394 duos
2404 1337 2613 1408 lapides
2659 1337 2716 1390 in
2768 1333 3016 1388 humeris
3063 1328 3570 1401 superhumeralis:

1989 1430 2200 1501 lapides
2231 1429 2547 1484 memoriale
2569 1436 2700 1482 sunt
2730 1424 2858 1479 ﬁliis
2884 1423 3050 1478 Israel
3083 1423 3119 1473 ί.
3157 1439 3174 1473 ι

2061 1605 2260 1658 PALL.
2305 1602 2582 1658 Profunda
2615 1601 2871 1671 equidem
2903 1598 3121 1653 videtur
3165 1595 3571 1666 propositarum

1989 1696 2350 1764 quaestionum
2375 1695 2548 1749 ratio:
2570 1694 2665 1749 sed
2687 1693 2897 1748 enitere
2921 1691 3027 1744 hoc
3056 1687 3189 1742 mihi
3225 1688 3377 1756 prius
3404 1701 3573 1754 expo-

1917 1792 1958 1846 B
1987 1805 2120 1844 nere
2140 1789 2402 1858 quidnam
2428 1787 2563 1841 illud
2589 1786 2659 1840 sit
2686 1783 2832 1853 quod
2867 1780 3176 1850 appellatur
3208 1776 3572 1846 superhume-

1990 1879 2126 1944 rale,
2151 1895 2329 1948 quove
2352 1878 2515 1932 modo
2537 1876 2870 1930 confectum.
3301 1945 3310 1947 ν
3347 1942 3364 1950 0

2054 1970 2212 2026 CYR.
2250 1970 2515 2024 Textilem
2554 1965 2848 2036 quamdam
2914 1971 3122 2018 vestem
3163 1959 3361 2015 tunicae
3402 1957 3573 2011 instar

1986 2076 2161 2130 usque
2189 2059 2258 2114 ad
2282 2068 2475 2129 pectus
2514 2056 2880 2128 pertinentem
2908 2053 3028 2108 fieri
3053 2052 3239 2123 jussit,
3265 2059 3346 2113 ut,
3380 2049 3448 2103 iis
3475 2063 3572 2103 ve-

1985 2154 2182 2217 stibus,
2220 2168 2343 2222 qua:
2384 2151 2678 2205 interiores
2711 2155 2918 2211 essent,
2963 2155 3019 2200 et
3049 2159 3251 2214 corpus
3285 2142 3573 2212 continge-

1986 2253 2133 2307 rent,
2173 2253 2230 2298 ct
2263 2257 2436 2312 usque
2479 2241 2548 2295 ad
2586 2240 2752 2310 pedes
2813 2238 3257 2300 demitterentur,
3317 2233 3570 2302 superin-

1985 2335 2170 2400 ducta,
2216 2341 2272 2389 et
2306 2333 2427 2387 auri
2484 2347 2548 2386 ac
2582 2345 2842 2400 purpurae
2888 2327 3182 2397 splendore
3221 2324 3456 2395 fulgens,
3492 2323 3575 2376 in-

1987 2427 2258 2480 tuentium
2283 2424 2458 2478 oculis
2476 2420 2840 2476 venerandam
2869 2427 2924 2473 et
2954 2415 3573 2483 sacerdotalimajestate

1986 2518 2204 2588 dignam
2245 2514 2666 2572 admirationem
2722 2512 3028 2581 ingeneret.
3063 2508 3216 2562 Hanc
3238 2506 3571 2561 vocavitsu-

1986 2591 2392 2678 perhumerale,
2432 2621 2551 2669 seu,
2585 2616 2649 2660 ut
2685 2603 2874 2659 Graaee
2901 2609 3006 2667 est,
3044 2600 3314 2668 ἐπωμίδα,
3350 2605 3574 2667 prepter

1987 2699 2333 2762 brevitatem,
2373 2705 2435 2750 ut
2481 2695 2742 2757 arbitror,
2789 2693 2994 2762 operis,
3027 2698 3084 2746 et
3117 2689 3264 2759 quod
3292 2689 3384 2743 vix
3410 2702 3574 2756 super

1987 2798 2287 2857 utrumque
2321 2787 2617 2840 humerum
2655 2782 3067 2838 extenderetur.
3117 2780 3178 2834 In
3227 2779 3334 2833 hoc
3388 2778 3572 2846 itaque

1986 2878 2426 2950 superhumerali
2473 2877 2612 2932 duos
2664 2873 2876 2944 lapides
2927 2871 3222 2943 (smaragdi
3269 2870 3327 2924 hi
3386 2871 3571 2937 erant)

1988 2971 2248 3027 tenuibus
2291 2969 2524 3024 texturis
2576 2967 2751 3038 probe
2799 2965 3130 3020 constrictos
3174 2961 3342 3017 inseri
3388 2960 3571 3032 jussit,

1989 3060 2277 3130 insculptis
2307 3059 2606 3114 artiﬁciose
2645 3073 2744 3127 per
2776 3055 3000 3109 nomina
3045 3053 3338 3120 tribubus,
3395 3053 3471 3106 ita
3515 3061 3577 3106 ut

1986 3168 2081 3208 sex
2112 3153 2167 3206 in
2203 3167 2311 3206 uno
2339 3150 2521 3220 lapide
2554 3149 3024 3203 describerentur.
3072 3147 3313 3215 Ejusque
3358 3145 3441 3198 rei
3485 3160 3574 3197 ra-

1984 3245 2189 3299 tionem
2234 3243 2350 3313 ipse
2372 3241 2533 3296 nobis
2557 3240 2878 3304 declaravit,
2907 3240 3100 3294 dicens
3132 3255 3144 3289 :
3190 3256 3208 3286 ι
3242 3237 3309 3291 Ει
3332 3235 3603 3306 portabit'

1983 3335 2164 3390 Aaron
2205 3334 2430 3388 nomina
2480 3332 2720 3386 ﬁliorum
2767 3331 2955 3396 Israel,
3001 3344 3188 3384 coram
3232 3328 3484 3390 Domino,
3518 3327 3574 3379 in

1983 3428 2201 3482 duobus
2226 3425 2472 3481 humeris
2500 3425 2634 3489 suis,
2674 3424 2729 3478 in
2765 3423 3163 3478 monimentum
3188 3435 3287 3490 pro
3311 3419 3448 3489 ipsis
3474 3420 3514 3471 '.
3550 3435 3568 3469 ι

2052 3540 2248 3595 PALL.
2285 3539 2426 3604 Quid
2463 3553 2598 3593 vero
2636 3535 3063 3592 existimandum
3090 3543 3173 3588 est
3205 3531 3482 3603 lapidibus
3520 3539 3578 3585 et

1984 3646 2178 3685 eorum
2214 3629 2512 3698 sculpturis
2533 3627 2826 3698 signiﬁcari
2855 3627 2878 3679 ’ί

2055 3718 2212 3774 CYR.
2253 3717 2454 3787 Accipe
2485 3717 2616 3787 jam.
2655 3715 2884 3768 Lividus
2929 3711 3070 3782 lapis
3107 3719 3190 3765 est
3213 3708 3571 3779 smaragdus:

1984 3809 2152 3864 habet
2188 3816 2367 3862 tamen
2390 3805 2741 3876 splendorem
2773 3805 2828 3858 in
2859 3802 3135 3873 profundo
3154 3802 3304 3856 velut
3325 3801 3578 3855 innatan-

1986 3910 2118 3963 tem,
2166 3915 2230 3954 ae
2280 3899 2470 3954 lumen
2513 3896 2920 3967 quodammodo
2972 3893 3267 3948 admistum
3307 3891 3574 3957 tenebris,

1984 4006 2220 4062 quorum
2267 3999 2562 4060 utrumque
2596 3989 2830 4044 alterum
2859 3985 3081 4041 vincere
3107 3982 3409 4039 contendit.
3433 3983 3576 4037 Num

1984 4085 2172 4156 igitur,
2224 4082 2450 4148 Palladi,
2501 4081 2593 4136 hic
2618 4078 2868 4149 corporis
2903 4077 3099 4131 oculus
3129 4088 3350 4129 sursum
3381 4087 3578 4127 versus

1983 4189 2041 4234 et
2072 4179 2126 4232 in
2152 4177 2386 4232 sublime
2419 4183 2697 4245 spectans,
2726 4180 2781 4226 et
2803 4185 2967 4239 quam
2991 4168 3308 4238 longissime
3336 4165 3392 4217 in
3422 4177 3575 4217 sum-

1985 4285 2134 4323 mum
2179 4283 2360 4323 aerem
2432 4274 2488 4320 et
2551 4265 2752 4318 coelum
2806 4262 3088 4322 intentus,
3145 4271 3258 4310 non
3307 4253 3575 4324 ejusmodi

1986 4359 2278 4430 quamdam
2309 4355 2551 4426 speciem
2585 4351 2820 4406 incurrit
2843 4351 2866 4403 ?
2898 4348 3124 4406 Lividus
3146 4355 3232 4400 est
3251 4345 3399 4399 enim
3422 4359 3574 4407 sane,

1915 4460 1959 4514 D
1985 4467 2049 4506 ac
2075 4449 2227 4504 velut
2253 4449 2309 4500 in
2332 4444 2606 4516 profundo
2633 4443 2807 4511 niger,
2836 4447 2892 4494 et
2915 4439 3122 4493 lumine
3147 4435 3412 4490 mediocri
3435 4443 3575 4489 tem-

1988 4549 2212 4611 peratus
2240 4538 2328 4592 ille
2354 4537 2515 4602 longe
2543 4547 2832 4604 supremus
2863 4546 2976 4584 aer.

2058 4631 2255 4688 I‘ALL.
2294 4629 2373 4684 Ita
2408 4636 2510 4683 est.

300 4459 330 4508 ὁ
365 4454 627 4509 ἀνωτάτω
655 4452 774 4504 λίαν
809 4450 997 4520 αἰθήρ.

374 4635 585 4688 ΠΑΛΛ.
627 4628 752 4688 Ὧδε
786 4633 920 4705 ἔχει.

377 4728 538 4781 ΚΥΡ.
572 4727 768 4780 Είκόνα
791 4725 854 4796 δὴ
875 4723 968 4778 οὖν
996 4721 1227 4796 οὐρανοῦ
1261 4724 1360 4795 τὴν
1389 4722 1534 4777 λίθον
1567 4725 1799 4777 ποιεῖται
1826 4724 1884 4776 τὸ

2061 4723 2216 4780 CYR.
2245 4722 2486 4778 Utuntur
2517 4732 2648 4788 ergo
2681 4717 2784 4770 hoc
2807 4712 2990 4784 lapide
3013 4725 3180 4765 sacrae
3202 4709 3425 4763 Littera;
3452 4716 3572 4761 tan-

305 4817 546 4888 Γράμμα
585 4818 646 4870 τὸ
707 4818 872 4888 ἱερόν.
905 4816 1010 4871 Kal
1059 4816 1134 4889 μή
1193 4832 1275 4868 τοι
1316 4815 1605 4887 θαυμάσῃς
1657 4816 1746 4868 ὅτε
1790 4817 1884 4868 καὶ

1989 4830 2153 4885 quam
2199 4810 2433 4882 imagine
2477 4806 2712 4880 quadam
2745 4803 2906 4859 coeli:
2943 4815 3124 4870 neque
3160 4799 3260 4852 tibi
3292 4797 3345 4851 id
3373 4797 3573 4851 mirum

307 4885 594 4982 σαπιρείρῳ
652 4885 974 4982 παρεικάζει
1037 4885 1200 4962 πάλιν
1254 4885 1438 4961 αὐτόνξ
1485 4885 1650 4978 Ὠᾗρὰ
1706 4906 1813 4977 γὰρ
1851 4908 1884 4976 ἡ

1989 4905 2284 4965 videatur,
2337 4914 2463 4954 cum
2527 4896 2692 4952 etiam
2769 4891 3030 4963 sapphiro
3086 4887 3222 4944 illud
3293 4885 3576 4971 persimile

307 4965 633 5073 adnectpog,
678 4965 773 5056 κοὶι
812 4965 920 5072 τῆς
955 5003 1013 5054 ὲν
1061 5001 1361 5073 σμαράγδῳ
1403 4965 1618 5062 θέαςὀιύ
1647 4965 1884 5071 μάκρίάνξ

1986 4993 2188 5049 faciat:
2233 4989 2434 5061 pallida
2462 4996 2547 5043 est
2572 4986 2717 5041 enim
2752 4997 2965 5056 gemma
3000 4979 3318 5050 sapphirus,
3347 4965 3404 5030 et
3432 4990 3578 5030 sma-

311 5067 626 5164 Γέγραπται
678 5095 734 5146 δὲ
777 5067 950 5154 οὔτ-ως
1019 5067 1190 5162 ὲνῄτῇ⁷
1248 5067 1462 5162 Ἐξόδῳ,
1531 5067 1677 5144 «Kal
1720 5067 1884 5160 ἀνέϐη

1987 5086 2139 5157 ragdi
2165 5084 2346 5154 specie
2382 5098 2493 5138 non
2521 5081 2685 5150 longe
2709 5083 2940 5134 remota.
2974 5075 3073 5130 Est
3109 5080 3294 5127 autem
3327 5070 3402 5123 ita
3431 5067 3572 5122 scri-

309 5155 512 5254 Μῶσῆς
545 5185 638 5237 καὶ
679 5182 910 5252 Ἀαρὼν,
975 5181 1067 5233 καὶ⁵
1118 5155 1332 5246 Νὰδάεξ
1377 5155 1472 5234 καὶ
1530 5179 1761 5244 Ἀϐιοὺδ,
1793 5155 1884 5233 καί

1984 5155 2138 5249 ptum
2179 5177 2234 5230 in
2268 5174 2455 5229 Exodo
2488 5191 2502 5226 :
2539 5171 2699 5241 381
2730 5188 2748 5222 σ
2782 5169 2850 5223 Et
2875 5164 3121 5220 ascendit
3143 5162 3353 5231 Moyses
3381 5166 3437 5211 et
3462 5155 3572 5211 Aa-

312 5276 682 5346 ἐὸδομήκοντα
727 5275 827 5343 τῆς
861 5273 1153 5345 γερουσίας
1190 5272 1424 5344 Ἰσραήλ.
1484 5272 1592 5326 Kal
1633 5267 1771 5324 εἶδον
1793 5271 1884 5324 τὸν

311 5367 474 5419 τόπον
507 5361 568 5420 οὗ
618 5366 864 5434 εἱστήκει
899 5365 926 5416 ὁ
969 5363 1101 5424 Θεὸς
1140 5363 1382 5433 Ἰσραήλ*
1412 5363 1506 5416 καὶ
1531 5363 1600 5415 τά
1627 5363 1732 5415 ὑπὸ
1759 5362 1885 5424 τοὺς

313 5459 480 5521 πόδας
507 5457 697 5520 αὐτοῦ,
729 5457 862 5508 ὡσεὶ
890 5456 1049 5524 ἔργον
1094 5452 1242 5506 λίθου
1281 5454 1601 5523 σαπφείρου,
1630 5456 1725 5507 καὶ
1774 5453 1883 5506 ὥσ-

316 5568 420 5622 περ
443 5549 580 5610 εἶδος
603 5545 978 5617 στερεώματος
1002 5545 1095 5598 τοῦ
1123 5545 1182 5597 οὺ
1194 5543 1374 5613 ρανοῢ,
1406 5547 1468 5614 τῇ
1499 5545 1877 5616 καθαρότητι.»

389 5729 432 5761 ³ο
459 5722 632 5781 Exod.
663 5735 845 5782 xxvm,
882 5719 998 5772 6-8.
1080 5720 1089 5749 ¹
1119 5720 1255 5774 Ibid.
1282 5721 1427 5772 9-12.

1984 5248 2104 5335 ron,
2135 5277 2189 5324 et
2215 5267 2399 5322 Nadab
2421 5273 2477 5320 et
2498 5263 2699 5328 Abiud,
2724 5270 2780 5317 et
2800 5258 3140 5330 septuaginta
3176 5269 3206 5308 e
3233 5248 3547 5307 senioribus

1989 5361 2178 5425 Israel,
2213 5369 2270 5414 et
2301 5359 2558 5414 viderunt
2591 5357 2772 5410 locum
2815 5352 2911 5407 ubi
2937 5348 3114 5404 stabat
3134 5346 3280 5400 Deus
3303 5339 3490 5402 Israel,
3515 5347 3574 5393 et

1990 5454 2093 5508 sub
2116 5451 2347 5521 pedibus
2369 5451 2488 5520 ejus
2509 5446 2661 5518 quasi
2680 5458 2818 5514 opus
2841 5440 3035 5511 lapidis
3054 5433 3316 5506 sapphiri,
3342 5439 3397 5486 et
3413 5429 3578 5521 quasi

1990 5547 2200 5615 species
2253 5538 2582 5597 ﬁrmamenti
2611 5536 2755 5602 cmli,
2808 5549 2937 5589 cum
2964 5543 3161 5600 purum
3200 5533 3283 5580 est
3307 5524 3344 5578 ³.
3377 5543 3394 5575 ι
3435 5520 3577 5577 Nam.

1507 5723 1524 5750 ’
1551 5721 1689 5774 Ibid.
1765 5721 1782 5752 ³
1817 5721 1987 5775 Exod.
2014 5737 2154 5784 xxiv,
2180 5720 2233 5783 9,
2268 5719 2345 5772 ιο.
