4142 6296
603 301 712 359 ’13τὶ

1628 296 1683 354 S.
1725 292 2000 355 CYRHJJ
2037 297 2508 355 ALEXANDBINI
2540 295 2865 352 ARCHIEP.

3776 288 3882 345 736

607 412 736 482 quia
773 410 830 466 iu
861 408 1093 480 [Egypto
1136 407 1233 463 ﬁlii
1272 408 1440 464 Israel
1463 409 1749 465 coluerant
1775 402 2179 477 creaturam,et

2299 408 2518 481 Ἐπειδὴ
2562 409 2668 480 γὰρ
2709 410 2767 462 ἐν
2813 405 3076 477 Αἰγύπτῳ
3120 403 3403 474 γεγονότες
3448 402 3495 456 oi
3549 402 3620 467 ἐξ
3662 402 3882 473 Ἰσραὴλ

609 501 808 558 cci-lum
854 500 1019 555 deum
1065 501 1431 570 appellabant,
1471 500 1598 559 ideo
1646 512 1953 573 opportune
1996 519 2182 559 rerum

608 590 855 644 omnium
909 588 1000 645 ille
1036 590 1300 646 Dominus
1334 606 1500 662 super
1529 591 1708 663 ipsum
1744 609 1963 665 quoque
1997 594 2181 648 ﬁrma-

607 689 855 734 mentum
909 679 1107 737 sedens
1155 681 1454 751 apparuit,
1498 691 1562 737 ut
1611 682 1983 754 intelligerent
2030 684 2183 738 illum

606 769 790 825 omnia
841 770 944 826 sub
981 771 1215 840 pedibus
1241 771 1470 839 habere,
1501 781 1557 829 et
1588 773 1760 844 ipsius
1790 774 1915 829 cmli
1940 790 2060 829 esse
2082 774 2182 829 do-

606 859 842 920 minum.
881 869 944 915 ut
972 861 1120 917 illius
1143 861 1482 917 effectorem.
1516 864 1783 935 Intelligis
1803 864 1970 936 igitur
2002 881 2186 921 sacras

610 947 852 1003 Litteras
891 950 1050 1018 quasi
1092 949 1322 1020 ﬁguram
1368 951 1662 1019 quamdam
1698 959 1754 1005 et
1794 950 2084 1021 imaginem
2118 950 2186 1005 ad

608 1036 737 1092 caeli
782 1037 1022 1106 speciem
1070 1037 1481 1108 significandam
1519 1038 1779 1092 adhibere
1811 1037 2047 1106 lapidem
2069 1051 2187 1090 me-

612 1125 786 1182 diocri
825 1127 1062 1197 quodam
1092 1127 1299 1182 lumine
1323 1127 1734 1197 pallescentem,
1768 1142 1891 1182 cum
1920 1129 1989 1183 sit
2014 1127 2189 1182 ferru-

612 1217 774 1288 gineo
801 1219 1034 1288 quodam
1069 1218 1360 1287 splendore
1383 1218 1718 1289 praeditum?

686 1307 887 1363 PALL.
933 1307 1151 1378 Optime
1183 1308 1344 1364 dicis.

685 1397 843 1455 CYR.
883 1397 1018 1454 Coeli
1050 1398 1217 1469 igitur
1249 1409 1334 1455 est
1366 1408 1496 1454 nota
1533 1399 1871 1469 smaragdus,
1906 1407 1962 1453 et
1992 1397 2190 1452 inscri-

615 1494 770 1558 ptum
803 1488 969 1543 habet
999 1504 1098 1559 per
1127 1505 1326 1559 genera
1364 1497 1529 1560 atque
1562 1490 1738 1546 tribus
1782 1490 1958 1561 ipsum
2001 1491 2188 1557 Israel,

616 1580 907 1650 locumque
946 1580 1006 1635 in
1045 1581 1486 1651 superhumerali
1531 1591 1691 1637 nacta
1726 1601 1739 1635 :
1780 1598 1847 1637 ex
1878 1597 1988 1652 quo
2033 1582 2191 1637 facile

616 1671 849 1743 intelligi
886 1680 1088 1743 potest,
1123 1673 1439 1744 quicunque
1484 1673 1909 1744 descriptionem
1956 1675 2013 1727 in
2053 1673 2192 1729 coelo

2282 499 2669 571 λελατρεύκασι
2701 502 2768 571 τῇ
2812 499 3010 561 κτίσει,
3048 498 3144 551 καὶ
3171 496 3292 549 θεὸν
3317 494 3547 549 ἐκάλουν
3587 492 3687 547 τὸν
3719 493 3881 565 οὐρα-

2281 589 2389 653 νὸν,
2425 590 2710 662 χρησίμως
2758 590 2941 651 αὐτοῖς
2985 588 3014 640 6
3044 585 3153 640 τῶν
3204 584 3343 639 ὅλων
3395 583 3607 656 Κύριος
3648 585 3753 637 καὶ
3798 584 3883 636 ἐπ’

2282 681 2445 736 αὐτοῦ
2473 680 2720 752 βεϐηκὼς
2741 679 2988 761 ἐφαίνετο
3015 677 3108 732 τοῦ
3141 676 3538 748 στερεώματος,
3574 674 3649 728 ἵν’
3693 673 3884 728 εἰδεῖεν

2285 772 2365 826 ὅτι
2400 773 2576 827 πάντα
2603 771 2708 825 ὑπὸ
2767 770 2934 833 πόδας
2962 768 3097 839 ἔχει,
3131 770 3226 821 καὶ
3258 765 3439 820 αὐτῶν
3479 766 3603 818 ἐστι
3637 762 3757 816 τῶν
3795 765 3882 816 οὑ-

2290 863 2466 937 ρανῶν
2494 861 2782 929 δεσπότης,
2809 860 2885 925 ὡς
2910 858 3261 931 δημιουργός.
3300 857 3498 926 Συνίης
3537 850 3647 908 οὖν
3678 855 3767 907 ὅτι
3796 853 3884 907 τύ-

2285 972 2385 1008 πον
2415 955 2604 1025 ὥσπερ
2636 952 2759 1007 τινὰ
2786 952 2881 1007 καὶ
2928 948 3235 1019 εῖκονισμὸν
3267 945 3498 1019 οὐρανοῦ
3536 944 3609 999 τὸ
3638 945 3880 1018 Γρᾶμμα

2287 1048 2517 1100 ποιεῖται
2567 1044 2628 1098 τὸ
2683 1044 2849 1116 ἱερὸν,
2882 1043 2982 1114 τὴν
3040 1041 3116 1104 ὡς
3167 1039 3225 1093 tv
3277 1038 3483 1110 μετρίῳ
3526 1035 3686 1108 φωτὶ
3757 1052 3883 1090 κατ-

2285 1135 2573 1206 ωχριῶσαν
2595 1132 2740 1187 λίθον
2762 1148 2781 1201 ;
2818 1130 3132 1199 κυαναυγὴς
3162 1126 3270 1199 γὰρ
3293 1125 3474 1198 φύσει.

2361 1308 2567 1362 ΠᾹΛΛ.
2612 1308 2841 1380 Ἀριστα
2868 1305 3024 1376 ἔφης.
3100 1344 3109 1355 .

2360 1400 2522 1453 ΚΥΡ.
2560 1396 2804 1470 Οὐρανοῦ
2833 1398 2899 1469 δὴ
2929 1393 3022 1452 οὖν
3068 1398 3293 1469 σημεῖον
3318 1400 3351 1468 η
3387 1395 3741 1468 σμάραγδος,
3796 1409 3879 1462 γε⁸

2291 1490 2609 1561 γραμμένον
2644 1489 2839 1561 ἔχουσα
2870 1488 3011 1543 κατὰ
3038 1488 3194 1557 γένος
3213 1488 3304 1542 τὸν
3336 1486 3581 1560 Ἰσραὴλ,
3607 1486 3708 1539 καὶ
3723 1485 3879 1538 τόπον

2289 1581 2530 1653 λαχοῦσα
2574 1581 2673 1653 τὴν
2717 1581 2987 1651 ἐπωμίδα,
3032 1579 3098 1633 δι’
3147 1572 3208 1632 οῦ
3248 1578 3520 1651 παρέσται
3576 1579 3745 1641 νοεῖν,
3786 1574 3877 1639 ὡς,

2293 1672 2451 1743 οἵπερ
2505 1671 2570 1726 ἂν
2610 1669 2719 1725 εἷεν
2750 1670 2849 1741 τὴν
2892 1669 3219 1741 ἀπογραφὴν
3270 1668 3529 1740 λαχόντες
3562 1669 3628 1722 ἐν
3650 1664 3877 1738 οὐρανῷ.

619 1762 900 1818 consecuti
933 1762 1159 1828 fuerint,
1186 1780 1281 1820 eos
1318 1781 1545 1835 prorsus
1576 1766 1632 1819 in
1665 1764 1887 1819 Christo
1912 1764 2196 1834 requietu-

2298 1759 2444 1818 οὗτοι
2469 1763 2646 1832 πάντη
2674 1779 2734 1815 τε
2758 1761 2848 1815 καὶ
2878 1760 3097 1824 πάντως
3126 1759 3617 1815 ἐπαναπαύσονται
3652 1757 3736 1828 τῷ
3758 1757 3881 1828 Χρι-

621 1865 733 1917 ros,
774 1853 870 1922 qui
910 1851 1113 1922 probos
1148 1854 1298 1909 viros
1329 1854 1726 1924 propemodum
1763 1855 1816 1907 in
1847 1853 2094 1907 humeris
2123 1861 2201 1907 te-

618 1950 734 2009 net,
761 1951 817 1998 et
841 1943 962 1999 loco
989 1945 1228 2000 ﬁliorum
1262 1945 1447 1999 habet.
1478 1946 1759 2016 Ejusmodi
1783 1944 2042 2014 quiddam
2069 1945 2198 1999 bea-

620 2041 712 2087 tus
754 2048 973 2104 quoque
1020 2035 1231 2106 Moyses
1281 2035 1438 2100 dixit,
1486 2050 1610 2089 cum
1654 2051 1685 2090 a
1722 2035 1817 2089 Dei
1858 2036 2201 2105 protectione

622 2123 847 2180 laudare
880 2124 1049 2180 vellet
1082 2125 1338 2181 lsraelem
1374 2143 1386 2179 :
1421 2146 1438 2176 ι
1474 2125 1628 2181 Sicut
1667 2126 1846 2196 aquila
1890 2126 2081 2182 fovens
2111 2128 2199 2181 ni-

620 2213 752 2269 dum
791 2229 973 2280 suum,
999 2223 1056 2270 et
1087 2230 1251 2286 super
1280 2216 1444 2286 pullis
1473 2217 1588 2271 suis
1614 2216 1966 2283 desideravit,
1994 2233 2199 2287 expan-

621 2304 760 2360 dens
805 2306 919 2361 alas
958 2322 1087 2362 suas
1142 2307 1353 2378 accepit
1399 2323 1517 2374 eos,
1560 2317 1616 2364 et
1664 2310 1964 2379 assumpsit
2008 2325 2104 2364 eos
2144 2310 2200 2364 in

622 2395 869 2451 humeris
909 2396 1024 2452 suis
1060 2397 1100 2451 ⁸.
1132 2416 1150 2449 ι
1197 2397 1508 2464 Quinetiam
1557 2400 1726 2454 David
1770 2409 1959 2455 sancto
2002 2400 2200 2470 cuique

515 2562 519 2565 τ
619 2487 749 2543 etin
783 2487 1058 2559 adjutorio
1077 2488 1340 2545 Altissimi
1365 2489 1634 2544 habitanti
1665 2490 1916 2560 praecinit
1955 2507 1968 2543 :
2013 2509 2031 2540 ι
2066 2489 2199 2545 Sca-

621 2579 767 2650 pulis
796 2580 931 2645 suis,
966 2599 985 2632 ›
1034 2581 1312 2650 inquiens,
1351 2599 1371 2632 ι
1409 2581 1765 2636 obumbrabit
1806 2581 1904 2635 tibi
1937 2582 1989 2647 ';
2020 2600 2038 2632 ι
2079 2596 2201 2636 sca-

621 2670 799 2741 pulas,
844 2678 907 2724 ut
946 2671 1163 2741 opinor,
1193 2678 1378 2741 partes
1420 2671 1667 2740 corporis
1692 2687 1813 2741 quae
1850 2672 1952 2727 sub
1989 2673 2202 2727 cervice

623 2765 772 2824 sunt,
806 2768 862 2815 et
905 2760 1169 2814 humeros
1208 2760 1481 2824 indicans,
1514 2774 1624 2814 non
1668 2761 1892 2815 omnino
1936 2769 2104 2832 terga.
2141 2761 2202 2816 ln

625 2849 874 2904 humeris
906 2849 1073 2920 igitur
1104 2849 1494 2920 portabuntur,
1523 2857 1585 2904 ut
1616 2850 1885 2920 propheta
1914 2851 2051 2905 dixit
2079 2852 2119 2917 ⁸,
2148 2851 2204 2907 in

624 2940 856 2996 brachio
905 2948 1286 3007 assumentur,
1337 2940 1565 3010 perinde
1613 2950 1776 3011 atque
1819 2942 1909 2997 ille
1946 2944 2204 3013 antiquus

2303 1857 2433 1927 στῷ,
2472 1853 2752 1926 μονονουχὶ
2780 1854 2875 1906 καὶ
2907 1852 2993 1906 ἐπ’
3015 1850 3179 1923 ὤμων
3217 1851 3414 1922 ἔχοντι,
3439 1850 3539 1904 καὶ
3581 1849 3664 1913 ὡς
3702 1850 3761 1902 ἐν
3786 1846 3877 1901 τά·

2300 1947 2380 2014 εει
2412 1945 2617 1999 τέκνων
2649 1944 2956 2015 ποιουμένῳ
2973 1944 3097 2007 τοὺς
3126 1942 3383 2010 ἀγαθούς.
3419 1941 3688 1995 Τοιοῦτον
3711 1939 3767 1992 δέ
3791 1939 3876 1992 καὶ

2298 2041 2327 2091 6
2358 2037 2499 2100 θεῖος
2549 2035 2655 2106 ἔφη
2700 2035 2930 2103 Μωσῆς,
2961 2033 3134 2103 φειδοῖ
3156 2036 3224 2104 τῇ
3255 2032 3404 2104 παρὰ
3436 2031 3582 2086 Θεοῦ
3611 2029 3877 2085 κατακαλ-

2298 2129 2471 2199 λύνων
2510 2128 2603 2183 τὸν
2663 2125 2901 2200 Ἰσραήλ·
2936 2145 2955 2178 ι
2995 2126 3083 2188 Ὠς
3136 2124 3294 2189 ἀετὸς
3342 2123 3624 2178 σκεπάσαι
3664 2120 3872 2176 νοσσιὰν

2301 2219 2515 2285 ἐαυτοῦ,
2569 2220 2661 2273 καὶ
2718 2218 2813 2272 ἐπὶ
2852 2219 2965 2281 τοῖς
3012 2219 3253 2279 νεοσσοῖς
3315 2215 3478 2269 αὑτοῦ
3547 2212 3873 2282 ἐπεπόθησε,

2299 2311 2430 2374 διεὶς
2456 2309 2557 2371 τὰς
2587 2307 2862 2376 πτέρυγας
2903 2306 3070 2361 αὑτοῦ
3124 2307 3342 2371 ἐδέξατο
3395 2306 3627 2369 αὐτοὺς,
3660 2304 3755 2359 καὶ
3789 2304 3875 2357 ἀν-

2300 2391 2492 2457 έλαϐεν
2516 2401 2713 2464 αὐτοὺς
2765 2399 2858 2453 ἐπὶ
2877 2399 2985 2453 τῶν
3033 2397 3382 2470 μεταφρένων
3436 2396 3629 2452 αὑτοῦ.
3676 2414 3695 2449 ι
3728 2393 3873 2448 Ἀλλὰ

2300 2495 2363 2565 δή
2409 2511 2512 2547 που
2558 2494 2653 2548 καὶ
2671 2494 2700 2546 6
2724 2490 2890 2545 Δαόὶδ
2921 2489 3259 2561 ἀναμελῳδεῖ
3284 2488 3422 2560 ἁγίῳ
3463 2487 3658 2553 παντὶ,
3708 2487 3797 2541 καὶ
3820 2487 3870 2538 ἐν

2303 2583 2526 2655 βοηθείᾳ
2558 2583 2652 2636 τοῦ
2689 2581 2944 2652 Ὑψίστου
2978 2580 3342 2651 κατῳκηκότι,
3369 2596 3389 2631 ι
3419 2579 3551 2634 Ἐπὶ
3580 2579 3697 2633 τῶν
3725 2594 3873 2648 μετα-

2302 2676 2514 2748 φρένων
2546 2674 2711 2729 αὑτοῦ
2758 2673 3066 2728 ἐπισκιάσει
3134 2690 3252 2740 σοι,
3289 2690 3308 2724 ι
3343 2671 3498 2742 φησί.
3552 2668 3870 2740 Μετάφρενά

2303 2785 2406 2821 που
2431 2767 2680 2839 καθάπερ
2706 2760 2917 2837 ἐγῷμαι
2955 2764 3023 2818 τὰ
3054 2763 3355 2835 ὑπαυχένια
3386 2763 3558 2834 μέρη,
3596 2763 3693 2816 καὶ
3719 2759 3784 2813 τὰ
3802 2757 3869 2820 ὡς

2303 2861 2361 2912 ἐν
2385 2858 2554 2929 ὤμοις
2586 2858 2889 2930 ὑποδηλῶν,
2938 2858 3031 2911 καὶ
3061 2858 3183 2928 οὐχὶ
3206 2856 3270 2929 δὴ
3323 2855 3550 2919 πάντως
3599 2852 3672 2907 τὰ
3713 2851 3864 2905 νῶτα.

2318 2950 2434 3003 Ἐπ’
2465 2947 2633 3020 ὤμων
2679 2949 2743 3021 δὴ
2793 2946 2887 3003 οῦν
2929 2949 3280 3020 ὰρθήσονται,
3308 2946 3453 3002 κατὰ
3482 2947 3592 3017 τὴν
3626 2943 3719 2999 τοῦ
3751 2958 3867 3013 προε

625 3032 910 3103 Ephraim,
945 3034 1261 3104 quicunque
1293 3047 1544 3102 superam
1585 3034 1735 3089 illam
1776 3034 2200 3105 descriptionem

630 3126 902 3147 --_---__‘2
956 3124 1157 3147 !__-_!_a.
1220 3141 1373 3147 __---...
1434 3124 1719 3147 -I-_2-_-__.
1770 3141 1879 3147 ---Α
1931 3135 1974 3147 ,ι
2029 3126 2166 3147 -.ι-.-ε

2307 3039 2476 3110 φήτου
2515 3038 2719 3110 φωνὴν,
2756 3039 2852 3092 καὶ
2905 3039 2999 3091 ἐπὶ
3054 3037 3340 3110 βραχίονος
3399 3034 3867 3106 άναληφθήσονται

625 3126 904 3181 consecuti
956 3124 1178 3190 fuerint,
1214 3141 1378 3196 quam
1430 3124 1724 3197 gloriosam
1765 3141 1885 3181 esse
1924 3135 1980 3181 et
2024 3126 2200 3181 admi-

622 3216 883 3283 randam,
930 3224 988 3272 et
1022 3217 1223 3272 divinis
1270 3217 1595 3272 muneribus
1638 3218 1849 3273 ceteris
1891 3217 2201 3287 pulchritu-

619 3310 753 3367 dine
795 3307 956 3378 longe
999 3316 1367 3378 praestantem,
1404 3308 1521 3377 ipse
1563 3307 1810 3363 Salvator
1853 3308 2058 3363 sanctis
2089 3308 2203 3364 suis

625 3394 911 3464 discipulis
937 3394 1252 3461 declaravit,
1275 3395 1466 3451 dicens
1485 3396 1554 3450 ad
1579 3396 1730 3450 hunc
1754 3396 1978 3451 modum
2003 3414 2016 3450 :
2050 3416 2069 3448 ι
2096 3397 2205 3451 Νο-

627 3482 724 3537 lite
748 3483 1006 3553 gaudere,
1032 3484 1179 3553 quod
1204 3484 1473 3540 daamonia
1498 3485 1868 3556 subjiciuntur
1891 3485 2080 3551 vobis;
2107 3485 2204 3540 sed

626 3573 811 3642 potius
831 3572 1084 3643 gaudete,
1109 3573 1256 3643 quod
1292 3574 1517 3628 nomina
1544 3583 1728 3629 vestra
1756 3574 1959 3644 scripta
1990 3584 2119 3629 sunt
2148 3573 2205 3628 in

628 3661 784 3718 caelis
809 3661 853 3715 ⁷.
892 3680 911 3714 ι
953 3662 1105 3717 lllam
1149 3678 1316 3733 porro
1358 3664 1413 3718 in
1459 3663 1735 3734 lapidibus
1777 3663 2203 3733 descriptionem

629 3752 745 3808 fore
786 3752 965 3822 inquit
1006 3754 1133 3809 filiis
1172 3754 1340 3810 Israel
1392 3754 1792 3809 monimentum
1858 3770 2041 3808 coram
2093 3754 2205 3808 Do-

630 3842 801 3908 mino,
834 3860 973 3913 quos
1005 3845 1096 3899 ille
1126 3852 1384 3914 tanquam
1422 3845 1478 3898 in
1521 3845 1701 3899 Aaron
1739 3860 1973 3914 persona
2002 3861 2205 3915 prope-

630 3933 855 3988 modum
903 3933 1211 4001 intueatur;
1258 3936 1419 4005 382
1472 3934 1713 3989 admittit
1746 3936 1892 3990 enim
1928 3952 2031 3991 nos
2061 3937 2207 3993 Deus

630 4038 697 4080 ac
724 4025 887 4080 Pater
927 4025 983 4080 in
1016 4026 1336 4081 memoriam
1369 4026 1425 4079 in
1453 4024 1695 4091 Christo,
1721 4026 1777 4079 in
1818 4041 1993 4095 eoque
2023 4035 2080 4081 et
2111 4027 2209 4083 do-

632 4116 847 4174 mestici
887 4117 1017 4174 facti
1056 4134 1246 4175 sumus
1285 4128 1342 4175 et
1372 4122 1490 4192 ejus
1522 4117 1859 4191 inspectione
1892 4117 2120 4187 dignati,
2151 4126 2207 4175 et

632 4219 893 4279 tanquam
918 4210 974 4265 in
996 4210 1094 4267 Dei
1123 4211 1267 4267 libro
1295 4211 1615 4283 conscripti.

703 4304 898 4360 PALL.
941 4306 1110 4362 Recte
1138 4306 1239 4362 ais.

2307 3128 2448 3182 κατὰ
2502 3128 2593 3183 τὸν
2630 3129 2854 3198 ἀρχαῖον
2893 3127 3154 3199 Ἐφρατμ,
3186 3127 3238 3180 ot
3288 3128 3387 3197 τὴν
3449 3125 3571 3181 ἄνω
3630 3124 3867 3195 λαχόντες

2305 3216 2720 3289 ἀπογραφὴν,ἣν
2741 3218 2939 3271 εὐκλεᾶ
2952 3235 3009 3271 τε
3032 3218 3126 3271 καὶ
3144 3217 3466 3286 ἀξιάγαστον
3482 3215 3705 3271 καὶτῶν
3726 3212 3865 3266 θείων

2306 3313 2658 3386 χαρισμάτων
2677 3312 2737 3366 τὸ
2763 3311 2956 3375 κάλλος
2976 3310 3376 3383 ὑπερκειμένην
3412 3308 3583 3374 αὐτὸς
3612 3306 3863 3376 ἀπέφηνεν

2304 3407 2332 3458 6
2362 3404 2571 3475 Σωτὴρ,
2619 3407 2731 3468 τοῖς
2782 3404 2957 3473 ἁγίοις
3004 3402 3267 3475 μαθηταῖς
3296 3401 3472 3472 ὡδίπη
3516 3400 3713 3471 λέγων·
3746 3395 3860 3464 «Μὴ

2307 3494 2527 3565 χαίρετε
2556 3495 2637 3549 ὅτι
2674 3493 2745 3548 τὰ
2774 3493 3028 3563 δαιμόνια
3058 3493 3427 3547 ὑποτάσσεται
3465 3491 3625 3562 ὑμῖν,
3664 3486 3858 3560 χαίρετε

2307 3585 2363 3638 δὲ
2394 3584 2612 3656 μᾶλλον,
2670 3586 2750 3638 ὅτι
2799 3583 2869 3639 τὰ
2914 3584 3157 3655 ὀνόματα
3184 3581 3341 3654 ὑμῶν
3394 3580 3769 3655 ἐγγέγραπται
3807 3576 3858 3627 ἐν

2305 3678 2419 3738 τοῖς
2460 3675 2725 3744 οὐρανοῖς.
2773 3694 2792 3727 ι
2844 3674 3205 3746 Μνημόσυνον
3238 3673 3296 3727 δὲ
3333 3673 3433 3744 τὴν
3459 3672 3518 3728 ἕν
3569 3689 3634 3742 γε
3667 3672 3770 3732 τοῖς
3797 3665 3859 3719 λί-

2308 3765 2420 3830 θοις
2474 3766 2802 3837 ἀπογραφὴν
2858 3765 3077 3819 ἔσεσθαί
3124 3781 3258 3835 φησι
3308 3767 3421 3828 τοῖς
3478 3765 3619 3828 υίοῖς
3671 3756 3859 3832 Ἰσραὴλ

2308 3856 2487 3911 ἔναντι
2526 3857 2753 3930 Κυρίου,
2812 3855 3097 3928 μονονουχὶ
3143 3856 3238 3910 καὶ
3265 3854 3687 3920 ἐνατενίζοντος,
3715 3851 3783 3912 ὡς
3810 3848 3857 3898 ὲν

2321 3947 2530 4019 ’Δαρών
2549 3964 2563 3977 ·
2593 3949 2890 4018 είσδέχεται
2919 3946 3027 4019 γὰρ
3056 3948 3203 4017 ἡμᾶς
3232 3948 3260 4000 6
3289 3946 3421 4009 Θεὸς
3441 3947 3539 4000 καὶ
3583 3943 3765 4014 Πατὴρ
3788 3939 3857 3996 είς

2308 4039 2613 4110 ἀνάμνησιν
2645 4041 2702 4092 ἐν
2739 4038 2979 4109 Χριστῷ,
3026 4038 3120 4091 καὶ
3149 4037 3449 4108 γεγόναμεν
3478 4038 3538 4091 ἐν
3568 4034 3711 4106 αὐτῷ
3739 4029 3857 4101 γνώ-

2310 4131 2461 4203 ριμοί
2494 4147 2554 4184 τε
2583 4130 2676 4184 καὶ
2707 4130 3002 4194 ἐποπτείας
3026 4128 3187 4198 ἄξιοι,
3222 4129 3315 4183 καὶ
3343 4129 3419 4193 ὡς
3452 4130 3509 4182 tv
3541 4120 3857 4223 βίϐλῳθεοῦσ

2378 4308 2584 4363 ΠΑΛΛ.
2639 4307 2841 4378 Ὀρθῶς
2863 4306 3019 4379 ἔφης.

700 4396 858 4454 CYR.
892 4397 1031 4454 Huic
1055 4400 1291 4454 alterum
1320 4415 1539 4470 quoque
1568 4410 1951 4457 ornamentum
1982 4401 2201 4473 adjungi

2379 4401 2543 4456 ΚΥΡ.
2604 4400 2884 4469 Κόσμημα
2926 4399 2984 4452 δὲ
3041 4398 3215 4471 τούτῳ
3259 4400 3354 4453 καὶ
3398 4398 3585 4470 ἕτερον
3641 4406 3855 4465 προσεπ-

626 4489 806 4561 jubet,
839 4488 1029 4545 dicens
1053 4507 1065 4543 :
1098 4508 1116 4541 ι
1145 4489 1214 4544 Ει
1235 4488 1403 4546 facies
1425 4491 1642 4546 scutula
1659 4507 1728 4547 ex
1757 4507 1894 4549 auro
1920 4509 2061 4564 puro
2081 4507 2211 4563 per-

634 4579 830 4647 mista;
863 4590 919 4636 et
958 4580 1129 4636 facies
1160 4581 1296 4637 duas
1336 4581 1583 4639 fimbrias
1624 4598 1691 4638 ex
1728 4599 1863 4639 auro
1908 4599 2048 4655 puro
2084 4598 2212 4654 per-

634 4670 826 4726 mistas
866 4669 1115 4737 ﬂoribus,
1161 4687 1301 4742 opus
1347 4673 1553 4739 tortile,
1595 4680 1652 4728 et
1688 4674 1938 4744 impones
1969 4674 2215 4728 ﬁmbrias

638 4770 807 4817 tortas
852 4762 1084 4817 scutulis
1126 4762 1194 4817 ad
1240 4764 1546 4820 humeralia
1592 4779 1786 4820 eorum
1837 4781 1904 4820 ex
1948 4764 2212 4819 anteriori

637 4860 811 4923 parte.
842 4852 912 4905 Et
942 4852 1110 4908 facies
1139 4854 1400 4911 rationale
1427 4856 1758 4927 iudiciorum
1789 4872 1929 4928 opus
1953 4857 2211 4923 textoris;

636 4943 707 4999 ad
745 4942 967 5000 modum
997 4944 1465 5014 superhumeralis
1498 4947 1666 5003 facies
1700 4948 1870 5015 illud;
1902 4963 1971 5002 ex
1996 4962 2129 5001 auro
2160 4955 2217 5001 et

638 5034 936 5108 hyacintho
978 5041 1037 5090 et
1077 5049 1323 5106 purpura
1374 5046 1431 5091 et
1476 5037 1701 5093 coccino
1755 5046 1922 5104 torto,
1965 5048 2021 5092 et
2051 5038 2214 5109 bysso

640 5136 782 5184 torta
828 5126 996 5183 facies
1036 5128 1207 5195 illud;
1241 5129 1679 5199 quadrangulum
1716 5132 1825 5187 erit
1867 5132 2071 5202 duplex
2114 5146 2212 5185 ex-

642 5229 804 5277 tentae
835 5221 1028 5291 palmae
1061 5238 1375 5279 mensuram
1406 5223 1460 5278 in
1494 5224 1859 5295 longitudine,
1885 5234 1943 5280 et
1968 5233 2211 5280 tantum-

641 5313 766 5368 dem
792 5314 847 5369 in
868 5315 1193 5383 latitudine;
1222 5326 1278 5373 et
1299 5327 1508 5374 attexes
1548 5318 1625 5373 illi
1665 5325 1933 5373 texturam
1974 5329 2211 5388 quatuor

642 5404 932 5460 ordinibus
959 5406 1199 5477 lapidum
1234 5409 1494 5466 intextam
1517 5410 1561 5464 ⁸.
1603 5430 1621 5461 ι
1661 5410 1888 5475 Deinde,
1915 5425 2040 5464 cum
2069 5410 2211 5479 lapi-

641 5492 776 5548 dum
816 5494 1037 5549 nomina
1073 5498 1320 5553 ordinate
1356 5500 1650 5569 posuisset,
1677 5498 1923 5571 adjungit
1965 5498 2164 5553 iterum
2195 5516 2209 5551 :

717 5678 740 5713 ⁸
768 5678 927 5735 Deut.
962 5696 1123 5745 xxx",
1168 5682 1251 5736 ll.
1329 5686 1347 5717 '
1372 5686 1510 5739 Psal.
1554 5703 1637 5752 xc,
1672 5686 1720 5741 ei.
1834 5685 1853 5715 ⁸
1886 5684 2102 5749 050.31,
2131 5680 2185 5734 '5.

2297 5679 2469 5735 7Luc.
2514 5695 2565 5744 χ,
2605 5678 2694 5732 20.

2309 4491 2542 4562 όιγεσθαι
2579 4490 2687 4544 δεῖν
2720 4490 2993 4545 ἐπιτάττει
3034 4490 3229 4559 λέγων,
3262 4509 3279 4541 ι
3304 4490 3414 4545 Καὶ
3442 4491 3687 4559 ποιήσεις
3719 4485 3854 4538 ἀσπι-

2308 4583 2495 4647 δίσκας
2543 4582 2608 4635 ἐκ
2643 4578 2845 4652 χρυσοῦ
2918 4579 3160 4652 καθαροῦ
3205 4580 3718 4651 καταμεμιγμένας,
3772 4566 3850 4623 κειῚι

2310 4676 2557 4744 ποιήσεις
2590 4671 2681 4724 δύο
2697 4671 2983 4742 κροσσωτὰ
3016 4672 3080 4724 ἐκ
3103 4671 3328 4741 χρυσίου
3357 4671 3599 4745 καθαροῦ
3634 4676 3849 4732 καταμι-

2315 4764 2559 4836 μιγμένα
2585 4765 2643 4817 tv
2673 4762 2891 4817 ἄνθεσιν
2932 4761 3092 4834 ἔργον
3128 4762 3355 4833 πλοκῆς,
3379 4762 3473 4816 καὶ
3506 4761 3769 4830 ἐπιθήσεις
3794 4747 3850 4801 τά

2311 4855 2601 4929 κροσσωτὰ
2628 4855 2698 4908 τὰ
2730 4854 3083 4925 πεπλεγμένα
3130 4854 3224 4907 ἐπ)⁵
3271 4854 3373 4920 τὰς
3431 4853 3742 4911 ἀσπιδίσκας
3771 4839 3849 4896 καὶ

2311 4951 2410 5015 τὰς
2433 4948 2756 5021 παρωμίδας
2780 4947 2961 5001 αὐτῶν
2986 4948 3051 4999 ἐκ
3074 4947 3181 5001 τῶν
3209 4946 3572 5019 ἐμπροσθίων.
3592 4940 3696 5000 Καὶ
3714 4935 3847 5004 indi“

2313 5044 2427 5103 σεις
2466 5040 2658 5109 λόγιον·
2692 5038 2800 5091 τῶν
2835 5038 3092 5108 κρίσεων,
3145 5036 3306 5107 ἔργον
3344 5036 3577 5106 ὑφάντου
3614 5031 3744 5088 κατὰ
3770 5025 3848 5078 τὸν

2311 5128 2515 5201 ῥυθμὸν
2546 5129 2644 5200 τῆς
2670 5127 2962 5197 ἐπωμίδος,
2990 5128 3237 5195 ποιήσεις
3280 5128 3412 5183 αὐτὸ
3439 5130 3503 5182 ἐκ
3535 5124 3741 5199 χρυσίου
3769 5115 3845 5169 καὶ

2311 5220 2589 5285 ὑακίνθου,
2628 5219 2722 5273 καὶ
2756 5218 3042 5289 πορφύρας
3072 5218 3166 5272 καὶ
3205 5218 3458 5275 κοκκίνου
3483 5211 3843 5280 κεκλωσμένουο

2316 5315 2409 5369 καὶ
2433 5313 2627 5383 βύσσου
2655 5310 3059 5382 κεκλωσμένης,
3094 5314 3339 5382 ποιήσεις
3359 5312 3489 5365 αὐτὸ
3515 5308 3840 5379 τετράγωνον.

2318 5406 2469 5458 ἔσται
2512 5402 2731 5457 διπλοῦν
2771 5400 3051 5471 σπιθαμῆς
3083 5401 3144 5455 τὸ
3180 5401 3355 5472 μῆκος
3385 5402 3478 5455 καὶ
3524 5392 3774 5464 σπιθαμῆς
3797 5384 3847 5436 τδ

2322 5491 2497 5566 εὖρος.
2528 5492 2633 5546 Καὶ
2679 5491 3006 5560 καθυφανεῖς
3057 5494 3112 5545 ἐν
3145 5491 3293 5562 αὐτῷ
3341 5491 3563 5564 ὕφασμα
3602 5482 3727 5543 κατὰ
3770 5474 3848 5527 τὸν

2794 5676 2813 5705 ⁸
2843 5676 3013 5732 Exod.
3040 5693 3222 5744 xxmr,
3264 5675 3447 5730 1547.
