4142 6296
362 293 479 349 73⁸1

1046 291 1134 346 DE
1173 289 1613 349 ADORATIONE
1642 291 1711 347 IN
1750 291 2022 348 SPlRlTU
2061 292 2150 348 ET
2188 294 2558 352 V’ERITATE.
2596 329 2665 337 —
2698 299 2826 355 LIB.
2863 302 2954 355 XI.

3505 308 3614 371 738

357 410 521 465 λίθον
551 406 917 479 τετράστιχον.
944 423 962 458 ι
994 400 1126 458 Εἶτα
1164 406 1272 459 τῶν
1306 405 1468 460 λίθων
1495 405 1707 470 συνθεὶς
1727 406 1796 459 τὰ
1828 406 1936 461 ὀνό-

2050 428 2066 459 ι
2097 409 2165 463 Ει
2194 409 2408 479 lapides
2445 412 2556 466 sint
2586 428 2651 466 ex
2678 414 2994 469 nominibus
3016 411 3252 471 ﬁliorum
3279 416 3447 488 lsrael
3472 418 3612 475 duo—

365 515 521 570 ματα
554 496 753 561 αὐτῶν,
789 496 1124 566 προσεπάγει
1147 496 1329 560 πάλιν,
1365 516 1383 549 ι
1408 498 1517 558 Καὶ
1539 499 1588 551 οι
1618 497 1752 551 λίθοι
1776 497 1941 552 ἔστω-

362 608 472 646 σαν
519 592 586 643 ἐκ
642 588 751 641 τῶν
794 586 1071 657 ὀνομάτων
1124 588 1232 641 τῶν
1273 588 1405 642 υἱῶν
1458 588 1674 660 Ἰσραὴλ
1710 589 1939 656 δώδεκα,

357 678 509 734 κατὰ
537 677 607 731 τὰ
632 675 871 746 ὀνόματα
897 675 1099 740 αὐτῶν,
1132 675 1331 745 γλυφαὶ
1370 677 1680 750 σφραγίδων
1708 677 1939 731 ἑκάστου

353 768 507 823 κατὰ
550 768 622 823 τὰ
669 766 912 837 ὀνόματα
953 767 1134 821 αὑτῶν
1181 766 1424 822 ἔστωσαν
1476 771 1556 832 είς
1606 768 1705 832 τὰς
1736 768 1942 824 δώδεκα

357 859 563 928 φυλάς.
591 879 611 910 ι
636 858 747 914 Καὶ
767 858 895 927 ἑξῆς
921 858 1038 929 μετ’
1060 859 1238 928 ὀλίγαο
1267 860 1408 914 «Καὶ
1434 860 1678 931 λήψεται,
1703 878 1724 912 ι
1752 860 1937 930 φησὶν,

366 971 387 1004 ι
433 950 645 1023 ’Λαρὼν
685 950 754 1005 τὰ
799 950 1038 1020 ὀνόματα
1098 952 1208 1005 τῶν
1260 953 1390 1007 υίῶν
1432 953 1645 1025 Ἰσραὴλ
1697 953 1794 1007 ἐπὶ
1845 951 1940 1006 τοῦ

354 1043 549 1108 λογίου
575 1042 676 1113 τῆς
710 1043 964 1112 κρίσεως,
1001 1043 1093 1096 ἐπὶ
1124 1041 1216 1097 τοῦ
1259 1044 1488 1114 στήθους
1527 1043 1748 1097 εἰσιόντι
1779 1043 1858 1106 εἰς
1881 1041 1942 1095 τὸ

361 1138 576 1204 ”Αγιον,
607 1134 949 1206 μνημόσυνον
972 1133 1152 1188 ἔναντι
1181 1135 1384 1204 Κυρίου
1411 1134 1503 1189 τοῦ
1528 1133 1683 1188 Θεοῦ.
1705 1152 1723 1186 ι

432 1226 646 1280 ΠΔΛΛ.
702 1224 788 1288 Ὠς
836 1224 972 1293 βαθὺ
1021 1224 1115 1279 τοῦ
1161 1225 1341 1293 λογίου
1367 1225 1426 1279 τὸ
1465 1227 1675 1296 χρῆμα,
1716 1224 1938 1293 δυσέφι-

360 1317 495 1383 κτός
524 1334 583 1370 τε
615 1316 812 1388 κομιδῆ
844 1316 939 1371 καὶ
968 1317 1126 1381 αὐτὸς
1158 1311 1297 1372 εἷναί
1327 1334 1416 1388 μοι
1459 1317 1605 1371 δοκεῖ
1638 1317 1737 1386 τῆς
1770 1333 1938 1369 κατα-

367 1408 572 1479 σκευῆς
604 1410 633 1461 ὁ
660 1408 876 1479 τρόπος.

437 1586 599 1641 ΚΥΡ.
648 1587 808 1640 Ἰτέον
836 1586 900 1658 δὴ
951 1585 1045 1642 οὖν
1094 1587 1362 1654 ἐπάύτὰ,
1415 1552 1510 1643 καὶ
1558 1589 1633 1653 ὡς
1675 1590 1935 1661 ἁγχοῦδὴ

364 1680 512 1749 μάλα
542 1680 642 1750 τῆς
692 1679 967 1750 ἀληθείας,
1003 1681 1052 1733 εί
1090 1680 1291 1751 καὶμὴ
1338 1681 1573 1734 είσάπαν
1617 1682 1788 1755 αὐτῆς
1840 1685 1937 1753 ἐφ-

362 1768 576 1823 ικέσθαι
607 1769 767 1840 τυχὸν
792 1770 1076 1841 ἐπιτρέπει
1115 1770 1176 1824 τὸ
1206 1750 1448 1833 ἄναντες.
1496 1771 1576 1824 Τὰ
1598 1750 1788 1843 γάρτοι
1815 1750 1935 1824 λίαν
1968 1750 2007 1804 Β

360 1858 656 1928 ἀσυμφανῆ
700 1858 806 1912 κᾶν
834 1858 966 1927 γοῦν
1004 1860 1060 1912 ἐν
1097 1858 1344 1929 ἐσόπτρῳ
1384 1859 1621 1930 βλέπειν,
1660 1860 1827 1929 φαίην
1868 1859 1933 1913 ἂν

358 1949 537 2017 ἔγωγε
582 1947 808 2020 θατέρου
850 1948 1165 2018 διενεγκεῖν,
1207 1949 1305 2002 τοῦ
1361 1950 1481 2020 μηδ’
1515 1949 1650 2013 ὅλως
1692 1950 1932 2021 ἐννενοῆ-

359 2040 486 2095 σθαι
510 2039 675 2108 λέγω.
693 2038 832 2111 Ἑρῶ
863 2040 928 2109 δὴ
950 2037 1066 2104 οὖν,
1096 2040 1172 2103 ὡς
1191 2036 1304 2094 οἶόν
1328 2058 1385 2094 τε
1414 2041 1509 2095 καὶ⁸
1544 2041 1619 2105 ὼς
1651 2040 1715 2094 ἃν
1753 2040 1932 2111 ἔχοιμι

357 2132 503 2189 κατὰ
531 2133 676 2188 νοῦν.
715 2130 1065 2197 Ἀσπιδίσκας
1095 2133 1187 2187 δύο
1218 2133 1550 2204 προστέταχε
1586 2132 1836 2202 γενέσθαι
1869 2134 1934 2186 ἐκ

357 2225 586 2298 χρυσίου
630 2224 696 2295 δὴ
738 2222 1001 2295 καθαροῦ,
1036 2224 1336 2295 εὐρυτέρας
1367 2225 1466 2296 μὲν
1497 2225 1531 2295 ἢ
1561 2222 1701 2278 κατὰ
1726 2222 1935 2294 νομίσ-

362 2335 534 2388 ματος
566 2317 795 2383 κύκλον’,
829 2316 887 2370 ἐν
920 2315 1050 2369 εῖδει
1103 2332 1166 2384 γε
1212 2317 1318 2386 μὴν
1356 2315 1435 2387 τῷ
1465 2313 1631 2385 αὐτῷ·
1684 2315 1936 2368 κυκλοτε-

365 2414 456 2482 ρές
483 2412 591 2482 γὰρ
618 2411 679 2465 τὸ
712 2411 975 2481 νόμισμα’
1025 2405 1143 2462 εἶτα
1170 2409 1265 2463 δύο
1308 2407 1592 2478 κροσσωτὰ
1620 2408 1936 2478 μεμιγμένα

362 2507 423 2556 ἐν
448 2503 659 2558 ἄνθεσιν
690 2504 754 2555 ἐκ
780 2502 1004 2573 χρυσίου
1052 2500 1311 2573 καθαροῦ.
1343 2501 1538 2572 Σειρὰς
1585 2500 1642 2553 δὲ
1667 2497 1803 2553 εἷναί
1836 2516 1936 2568 φα·-

370 2610 468 2664 μεν
495 2594 562 2649 τὰ
588 2593 890 2664 κροσσωτὰ,
944 2590 1438 2663 ἐκπεποικιλμένην
1475 2588 1702 2660 ἐχούσας
1732 2587 1829 2659 τὴν
1861 2588 1935 2651 ὡς

370 2689 428 2739 ἐν
447 2684 727 2757 χρώμασιν
748 2683 888 2754 ὄψιν.
913 2682 1082 2752 Ἀνθη
1104 2682 1212 2753 γὰρ
1234 2684 1335 2753 ἔφη
1375 2682 1442 2736 τὰ
1473 2679 1758 2752 χρώματα.
1796 2677 1936 2731 B66-

370 2793 455 2838 σος
503 2774 559 2828 δὲ
604 2771 672 2842 ἦν
715 2774 822 2845 ἄρα
863 2774 960 2827 καὶ
1015 2771 1270 2843 πορφύρα
1296 2772 1472 2835 ταυτὶ,
1505 2769 1600 2823 καὶ
1626 2769 1775 2840 νῆμα
1807 2785 1936 2839 χρυ-

366 2863 512 2929 σοῦν,
551 2865 647 2918 καὶ
698 2864 806 2935 μὴν
837 2864 930 2918 καὶ
956 2862 1228 2926 ὑάκινθος,
1262 2863 1354 2915 καὶ
1400 2860 1628 2931 κλῶσμα
1656 2860 1716 2913 τὸ
1746 2860 1935 2913 κόκκι-

364 2972 472 3009 νον.
503 2955 614 3009 Καὶ
663 2954 803 3024 πρός
838 2970 904 3023 γε
952 2953 1017 3023 δὴ
1064 2954 1238 3023 τούτῳ
1279 2953 1477 3023 χρῆναι
1528 2950 1779 3020 γενέσθαι
1801 2952 1936 3021 φησὶ

2043 499 2221 555 decim
2263 502 2419 572 juxta
2463 504 2685 561 nomina
2729 520 2942 571 eorum,
2973 507 3269 579 sculptura;
3311 507 3613 578 sigillorum

2042 591 2270 661 singulis
2296 594 2449 664 juxta
2484 597 2706 651 nomina
2733 612 2926 653 eorum
2961 599 3072 654 sint
3109 601 3166 656 in
3195 601 3482 660 duodecim
3512 603 3614 658 tri-

2043 679 2283 736 bubus’.
2323 701 2342 734 ι
2386 685 2456 739 Ει
2485 695 2607 759 post
2640 703 2812 757 pauca
2848 704 2866 742 :
2910 707 2929 740 ι
2962 689 3031 744 Et
3062 692 3323 761 portabit,
3360 712 3378 744 ι
3412 693 3611 764 inquit,

2050 791 2069 823 ι
2112 773 2293 829 Aaron
2327 777 2549 831 nomina
2581 766 2818 833 ﬁliorum
2850 781 3016 837 Israel
3058 782 3114 837 in
3144 786 3400 840 rationali
3416 785 3613 856 iudicii

2040 865 2096 920 in
2128 875 2369 936 pectore,
2394 882 2518 922 cum
2553 868 2859 940 ingreditur
2887 871 2944 927 in
2977 872 3258 941 Sanctum,
3298 876 3614 932 memorialo

2041 972 2227 1012 coram
2257 958 2487 1045 Domino
2516 960 2629 1016 Deo
2661 962 2727 1015 ιθ.
2760 980 2777 1012 ι

2110 1222 2306 1277 PALL.
2353 1222 2659 1279 Obscurum
2696 1241 2826 1282 sane
2862 1236 2946 1282 est
2989 1228 3166 1299 ipsum
3208 1229 3473 1287 rationale
3507 1249 3523 1284 :
3557 1240 3613 1288 et

2040 1310 2182 1364 ratio
2219 1326 2437 1382 quoque
2490 1328 2556 1367 ex
2601 1329 2707 1383 qua
2747 1322 3122 1371 constructum
3162 1325 3266 1379 est,
3306 1318 3440 1373 mihi
3485 1320 3610 1390 qui-

2039 1402 2163 1457 dem
2193 1403 2427 1458 diﬁicilis
2472 1406 2764 1461 admodum
2808 1420 2928 1462 esse
2974 1407 3043 1463 ad
3090 1408 3507 1479 intelligendum
3531 1410 3612 1466 vi-

2040 1494 2223 1549 detur.

2107 1584 2264 1640 CYR.
2305 1585 2387 1641 Ad
2431 1587 2548 1641 haec
2584 1587 2751 1658 igitur
2780 1588 3103 1659 explicanda
3132 1591 3473 1663 pergendum
3503 1601 3609 1658 est,

2038 1686 2093 1730 et
2127 1676 2370 1745 proxime
2399 1680 2466 1734 ad
2499 1680 2783 1735 veritatem
2816 1681 3001 1736 accedi
3040 1683 3277 1751 poterit,
3314 1683 3419 1738 etsi
3460 1683 3612 1739 omni

2036 1778 2104 1818 ex
2130 1777 2281 1834 parte
2314 1767 2465 1821 illam
2500 1770 2765 1839 consequi
2798 1769 3031 1825 fortasse
3062 1770 3179 1841 ipsa
3210 1772 3291 1826 rei
3324 1772 3614 1828 dillicultas

2036 1855 2263 1911 minime
2298 1857 2588 1927 permittit.
2631 1859 2768 1913 Nam
2812 1874 2902 1914 res
2928 1860 3086 1916 valde
3121 1861 3384 1917 obscuras
3428 1863 3516 1918 vel
3555 1864 3612 1916 in

2037 1946 2262 2015 speculo
2300 1947 2488 2003 videre
2532 1957 2774 2018 pmstat,
2800 1966 2964 2020 quam
3005 1952 3211 2007 nullam
3246 1968 3475 2023 prorsus
3517 1970 3610 2010 ea-

2037 2053 2161 2091 rum
2208 2038 2627 2110 intelligentiam
2671 2056 2889 2111 capere.
2917 2041 3104 2096 Dicam
3144 2042 3330 2113 igitur,
3369 2052 3430 2098 ut
3464 2044 3614 2099 vires

2035 2128 2234 2195 ferent,
2262 2137 2319 2184 et
2353 2138 2413 2184 ut
2452 2141 2635 2187 mente
2669 2134 2956 2204 complecti
2994 2145 3206 2206 potero.
3242 2135 3467 2191 Scut‘ula
3500 2136 3613 2190 duo

2036 2217 2156 2274 ﬁeri
2199 2221 2461 2290 praecepit
2504 2237 2571 2276 ex
2619 2238 2755 2278 auro
2803 2241 2964 2295 puro,
2996 2225 3190 2281 latiora
3233 2227 3326 2281 illa
3365 2226 3610 2297 quidem,

2035 2323 2199 2377 quam
2220 2309 2290 2364 sit
2314 2310 2659 2366 numismatis
2692 2312 2952 2379 ambitus,
2981 2315 3074 2369 sed
3102 2314 3275 2370 forma
3303 2323 3483 2370 tamen
3516 2331 3612 2371 ea-

2035 2396 2188 2451 dem:
2215 2398 2450 2454 rotunda
2474 2415 2670 2469 nempe
2693 2411 2779 2457 est
2802 2402 3151 2457 numismatis
3174 2403 3345 2475 ﬁgura
3372 2422 3386 2457 :
3412 2404 3610 2461 deinde

2035 2486 2174 2542 duas
2199 2486 2443 2545 ﬁmbrias
2472 2488 2699 2545 ﬂoribus
2726 2492 3016 2561 permistas
3044 2508 3108 2548 ex
3137 2508 3273 2548 auro
3305 2510 3465 2564 puro.
3504 2493 3613 2551 Ca-

2035 2579 2250 2634 tenulas
2274 2586 2457 2635 autem
2483 2596 2605 2637 esse
2631 2590 2886 2651 putamus
2913 2582 3176 2648 ﬁmbrias,
3212 2580 3610 2654 speciem'tan-

2035 2685 2198 2740 quam
2224 2670 2500 2726 coloribus
2521 2673 2783 2726 variatam
2815 2674 3115 2740 habentes;
3145 2690 3270 2729 nam
3297 2675 3462 2733 ﬂores
3484 2693 3611 2734 cum

2035 2760 2193 2826 dixit,
2228 2761 2441 2816 colores
2486 2760 2741 2832 intelligit
2777 2779 2791 2814 :
2829 2761 2867 2816 ii
2907 2771 3091 2817 autem
3137 2773 3294 2821 erant
3327 2765 3522 2837 byssus
3555 2778 3613 2823 et

2034 2866 2299 2921 purpura,
2335 2861 2391 2906 et
2427 2866 2594 2906 aurea
2635 2852 2743 2917 ﬁla,
2772 2866 2986 2907 necnon
3023 2853 3352 2925 hyacinthus
3402 2865 3459 2911 et
3496 2867 3612 2913 tor-

2037 2934 2151 2995 tum
2181 2942 2484 2996 coccinum.
2528 2942 2690 3012 383
2720 2941 2802 2997 Ad
2835 2943 2950 2997 haec
2983 2942 3103 2998 ﬁeri
3131 2954 3386 3013 oportere
3433 2945 3614 3017 inquit

360 3046 700 3118 τετράγωνον
729 3044 974 3114 ὕφασμα,
1003 3045 1094 3097 καὶ
1119 3043 1194 3106 ὡς
1237 3044 1293 3096 ἐν
1342 3041 1470 3095 εῖδει
1522 3041 1711 3102 κύϐου,
1743 3040 1936 3094 σπιθα-

2037 3029 2357 3099 quadratam
2394 3038 2662 3084 texturam
2687 3030 2812 3085 cubi
2840 3031 3022 3100 specie
3054 3032 3122 3087 ad
3156 3033 3349 3101 palmae
3379 3042 3613 3090 extenta:

364 3140 565 3207 μιαῖον,
604 3136 920 3207 ίοόπλευρον
954 3136 1221 3206 πανταχῆ.
1261 3132 1669 3202 Ἐνυφαίνεσθαι
1718 3132 1775 3185 δὲ
1820 3132 1929 3186 δεῖν

2037 3136 2374 3185 mensuram,
2399 3121 2571 3190 aequis
2595 3122 2837 3190 undique
2863 3121 3151 3187 lateribus,
3173 3124 3262 3177 cui
3294 3124 3613 3180 intexendas

361 3228 510 3301 αὐτῷ
539 3230 638 3293 τὰς
665 3229 986 3288 δυοκαίδεκα
1013 3227 1197 3291 λίθους
1229 3222 1288 3281 εὖ
1324 3226 1470 3298 μάλα
1501 3225 1658 3296 φησι,
1703 3224 1799 3277 καὶ
1829 3221 1933 3276 ἀνὰ

362 3327 510 3395 τρεῖς
538 3322 813 3394 κειμένας,
843 3322 916 3384 ὡς
960 3325 1018 3374 ἐν
1058 3321 1349 3391 τέσσαρσιν
1379 3319 1520 3381 ὅλοις
1551 3317 1754 3387 στίχοις
1783 3316 1929 3369 ἐντε-

365 3415 704 3484 τορευμένων
750 3413 939 3474 αὐταῖς
993 3410 1252 3480 ὀνομαστὶ
1303 3408 1411 3461 τῶν
1460 3405 1662 3477 φυλῶν.
1724 3403 1931 3458 Οὐκοῦν

365 3506 472 3559 ἀπὸ
502 3506 598 3575 μὲν
637 3507 732 3575 τῆς
774 3501 1066 3573 ἐπωμίδος,
1102 3502 1330 3571 χρυσαῖς
1365 3500 1459 3552 καὶ
1502 3496 1834 3551 πολυειδέσιν
1874 3496 1931 3547 αἱ

365 3597 676 3650 ἀσπιδίσκαι
740 3594 947 3664 σειραῖς
1008 3590 1517 3660 ἐκκεκρεμασμέναι
1590 3585 1933 3654 ὑπεκάθηντο

367 3688 545 3759 μέντοι
577 3686 779 3758 ἡρέμα,
810 3685 870 3738 τὸ
914 3683 1047 3753 ὑψοῦ
1071 3702 1129 3738 τε
1154 3685 1326 3738 δοκεῖν
1355 3685 1447 3737 καὶ
1465 3682 1554 3736 ἐπ’
1582 3682 1760 3744 αὐτοῖς
1795 3675 1933 3735 εἶναι

361 3784 474 3843 τοῖς
509 3779 697 3850 ὤμοις.
723 3779 993 3831 Ἦπτοντο
1023 3777 1079 3831 δὲ
1103 3776 1212 3829 τῶν
1247 3776 1483 3845 στέρνων
1505 3773 1601 3828 καὶ
1627 3773 1807 3835 αὐτοῖς
1830 3771 1929 3844 ἤδη

363 3871 683 3944 ἐπῃώρηντο
711 3873 823 3934 τοῖς
875 3872 1116 3940 μαστοῖς⁸
1158 3867 1267 3921 ἀπὸ
1291 3867 1348 3920 δέ
1373 3884 1434 3935 γε
1460 3866 1568 3919 τῶν
1596 3862 1932 3919 ἁσπιδισκῶν

366 3965 571 4034 σειραῖς
596 3963 808 4033 ἑτέραις
832 3960 891 4017 τὸ
916 3960 1024 4014 τῶν
1048 3961 1279 4033 κρίσεων
1307 3958 1485 4027 λόγιον
1513 3952 1573 4012 εὖ
1598 3956 1742 4027 μάλα
1772 3972 1935 4025 προσ-

362 4053 671 4125 ηρτημένον
726 4054 1017 4122 ἐπενήχετο
1062 4051 1139 4122 τῷ
1192 4050 1420 4122 στέρνῳ,
1470 4048 1797 4121 κροσσωτῶν
1841 4048 1932 4100 ἐκ-

364 4141 844 4213 κεκρεμασμένων.
881 4142 988 4193 Καὶ
1035 4136 1102 4210 ἦν
1131 4140 1231 4193 οὐκ
1254 4138 1603 4210 ἀθαύμαστον
1623 4141 1736 4203 τοῖς
1765 4136 1930 4209 ὁρῶσι

363 4233 424 4286 τὸ
455 4232 668 4304 χρῆμα,
698 4230 866 4293 λίθοις
896 4231 991 4283 καὶ
1034 4230 1218 4300 χρυσῷ
1250 4229 1503 4298 διαφανὲς
1540 4230 1631 4282 καὶ
1677 4231 1797 4291 ταῖς
1824 4227 1931 4281 τῶν

368 4323 566 4393 ἐτέρων
625 4321 766 4374 ὑλῶν
821 4319 1095 4389 εὐχροίαις
1172 4320 1446 4384 πανδόξως
1493 4317 1927 4388 ἐξειργασμένον.

2034 3228 2154 3268 esse
2196 3212 2486 3267 duodecim
2523 3228 2764 3283 gemmas
2802 3213 2899 3278 ait,
2929 3212 3104 3268 ternis
3137 3213 3194 3267 in
3235 3214 3480 3285 singulos
3517 3231 3609 3270 or-

2033 3303 2192 3358 dines
2218 3303 2518 3372 dispositis,
2549 3304 2624 3358 ita
2659 3311 2721 3357 ut
2751 3303 2807 3356 in
2842 3310 3078 3373 quatuor
3102 3305 3374 3361 universis
3399 3306 3609 3362 ordini-

2032 3392 2136 3446 bus
2170 3392 2456 3461 insculpta:
2494 3403 2679 3447 essent
2718 3392 2897 3447 tribus
2932 3393 3204 3449 universae
3234 3410 3333 3464 per
3363 3397 3607 3453 nomina.

2033 3483 2229 3539 Aureis
2270 3485 2435 3553 igitur
2473 3500 2539 3539 ac
2564 3484 2730 3539 variis
2765 3484 3033 3540 catenulis
3066 3502 3134 3541 ex
3175 3488 3608 3557 superbumerali

2033 3574 2402 3644 pendentibus
2434 3574 2647 3628 scutula
2687 3574 2890 3628 sensim
2928 3576 3170 3645 subjecta
3202 3580 3381 3642 erant,
3419 3588 3478 3634 ut
3514 3595 3610 3635 su-

2033 3664 2220 3734 perius
2241 3673 2297 3719 et
2320 3664 2375 3718 in
2400 3664 2534 3733 ipsis
2560 3679 2679 3719 esse
2706 3664 2953 3720 humeris
2978 3666 3296 3722 viderentur
3314 3710 3329 3735 ,
3357 3669 3453 3724 sed
3481 3684 3610 3726 con-

2037 3754 2310 3825 tingerent
2341 3765 2553 3825 pectus,
2587 3762 2642 3809 et
2676 3755 2742 3810 ad
2775 3772 3040 3811 mammas
3082 3772 3347 3829 suspensa
3373 3769 3557 3815 essent
3592 3778 3603 3812 :

2033 3860 2096 3899 ex
2148 3846 2377 3900 scutulis
2424 3854 2606 3901 autem
2654 3847 2985 3918 judiciorum
3023 3849 3290 3906 rationale
3340 3851 3609 3907 catenulis

2034 3938 2156 3992 aliis
2203 3938 2374 4008 probe
2422 3938 2701 4009 alligatum
2753 3940 3057 3997 inhaerebat
3103 3942 3333 4011 pectori,
3376 3941 3609 3998 ﬁmbriis

2032 4029 2420 4099 pendentibus,
2443 4029 2579 4085 adeo
2603 4038 2664 4085 ut
2689 4030 2821 4086 illud
2845 4040 3229 4086 ornamentum
3265 4032 3608 4088 intuentibus

2032 4121 2279 4175 maximae
2311 4121 2660 4177 admirationi
2694 4131 2858 4185 esset,
2887 4122 3117 4191 gemmis
3147 4129 3204 4176 et
3229 4135 3363 4175 auro
3386 4121 3605 4191 conspi-
3634 4146 3643 4147 ί

2033 4228 2218 4278 cuum,
2245 4220 2300 4266 et
2325 4213 2558 4282 egregiis
2581 4213 2810 4266 aliarum
2834 4228 3053 4281 quoque
3076 4212 3431 4266 materiarum
3462 4213 3607 4267 colo-

2033 4304 2187 4357 ribus
2225 4302 2626 4357 admirabiliter
2662 4302 3024 4356 elaboratum.
3080 4301 3141 4355 ld
3186 4316 3404 4371 quoque
3440 4318 3605 4358 orna-

370 4391 625 4466 Ἐσεσθαι
659 4411 716 4464 δέ
744 4412 840 4464 καὶ
867 4409 1024 4462 τοῦτο
1052 4409 1213 4462 πάλιν
1235 4411 1313 4472 είς
1338 4410 1641 4478 ἀνάμνησιν
1660 4409 1769 4468 τοῖς
1795 4407 1928 4469 υἱοῖς

2036 4393 2203 4447 menti
2250 4407 2423 4462 genus
2465 4392 2541 4445 ait
2579 4391 2696 4447 fore
2740 4391 2867 4445 ﬁliis
2907 4392 3074 4445 lsrael
3107 4392 3165 4446 in
3205 4392 3603 4447 monimentum

379 4502 611 4574 Ἰσραὴλ,
670 4501 846 4555 ἔναντι
902 4500 1106 4570 Κυρίου
1177 4499 1432 4561 εἰσιόντος
1485 4497 1695 4568 Ἀαρὼν
1740 4499 1819 4559 είς
1873 4495 1937 4548 τὸ

371 4595 576 4661 ’³Αγιον.
613 4588 759 4664 Ἀρά
794 4609 873 4645 σοι
911 4591 1076 4659 σαφὲς
1105 4589 1279 4654 ιῦςνένι
1307 4588 1491 4642 λοιπὸν
1541 4587 1647 4641 τῶν
1669 4586 1939 4657 τεχνημά-

367 4699 471 4735 των
493 4682 555 4735 τὺ
586 4681 805 4752 σχῆμα;

436 4778 640 4832 ΠΑΛΛ.
672 4775 784 4829 Καὶ
815 4775 977 4846 μάλα.
1033 4773 1171 4828 Ἀνθ’
1201 4774 1321 4827 ὅτου
1354 4772 1412 4826 δὲ
1438 4772 1502 4845 δὴ
1527 4771 1589 4825 τὸ
1618 4771 1797 4839 λόγιον
1828 4771 1936 4824 τῶν

370 4871 594 4940 κρίσεων
619 4870 790 4939 ὄνομα
805 4867 881 4938 τῷ
901 4867 1197 4937 τεχνήματι
1213 4882 1228 4931 ;

435 5047 599 5100 ΚΥΡ.
645 5046 720 5098 οὐ
767 5046 874 5115 γὰρ
940 5043 1003 5112 δὴ
1061 5044 1155 5095 καὶ
1205 5041 1452 5112 ἐπωμίδα
1516 5039 1811 5110 κεκλῆσθαι
1871 5041 1932 5092 τὸ

372 5138 641 5208 ἀνωτέρω,
695 5136 783 5190 διὰ
836 5134 897 5188 τὸ
941 5134 1144 5204 ἀμφοῖν
1186 5131 1535 5186 ἐπιτετᾶσθαι
1579 5134 1690 5185 τοῖν
1738 5130 1932 5202 ῶμοιν,

373 5226 820 5299 ἐτυμολογοῦντες
844 5225 1181 5294 είρήκαμεν;

438 5404 646 5456 ΠΑΛΛ.
678 5401 805 5455 Ναί.
847 5399 912 5452 Τί
940 5392 1032 5451 οὖν
1060 5395 1215 5449 τοῦτό
1248 5413 1345 5464 γε;

443 5493 605 5547 ΚΥΡ.
642 5493 760 5546 "Ur:
795 5490 957 5544 πάλιν
997 5487 1209 5558 ἐτύμως
1243 5506 1299 5541 τε
1340 5487 1431 5542 καὶ
1468 5490 1746 5561 ἀναλόγως
1774 5491 1833 5544 τὸ
1863 5491 1937 5554 ὼς

431 5671 450 5701 ³
472 5669 644 5723 Exod.
675 5683 857 5733 xxviii,
888 5669 975 5721 21.
1055 5667 1096 5699 ¹⁰
1124 5670 1261 5725 Ibid.
1292 5671 1379 5725 29.

2034 4498 2214 4537 coram
2242 4482 2493 4547 Domino,
2520 4483 2700 4536 Aaron
2734 4482 2787 4537 in
2828 4482 3198 4537 sanctuarium
3244 4481 3602 4552 ingrediente.

2032 4575 2197 4628 Estne
2260 4575 2357 4627 tibi
2391 4575 2504 4644 jam
2539 4574 2756 4628 tandem
2803 4575 3113 4645 perspicua,
3145 4573 3323 4644 quoad
3356 4574 3478 4630 ﬁeri
3504 4591 3603 4646 po-

2032 4673 2157 4728 test,
2187 4665 2383 4719 horum
2414 4662 2756 4734 opiﬁciorum
2786 4664 2998 4720 forma?

2103 4757 2297 4812 PALL.
2338 4756 2568 4813 Maxime
2595 4774 2725 4813 vero
2755 4776 2766 4811 :
2797 4769 3051 4814 caeterum
3081 4772 3245 4828 quam
3277 4757 3350 4812 ob
3387 4771 3604 4813 causam

2039 4850 2091 4903 id
2163 4846 2439 4916 opiﬁcium
2506 4850 2769 4905 rationale
2825 4849 3158 4922 judiciorum
3207 4857 3289 4904 est
3363 4848 3604 4919 appella-

2042 4941 2194 4995 tum?

2107 5034 2261 5088 ΟΥΕ.
2325 5034 2515 5087 Nonne
2579 5032 3027 5101 superhumerale
3081 5032 3211 5086 item
3273 5030 3602 5100 appellatum

2035 5140 2153 5180 esse
2182 5140 2249 5179 ex
2272 5140 2337 5179 eo
2362 5124 2508 5193 quod
2532 5138 2697 5192 super
2724 5131 3016 5194 utrumque
3049 5124 3341 5177 humerum
3374 5121 3604 5176 induce-

2035 5226 2207 5283 retur,
2250 5218 2405 5274 verbi
2463 5217 2733 5288 originem
2782 5226 3088 5286 spectantes
3142 5214 3398 5286 superius
3451 5214 3603 5270 dice-

2035 5308 2271 5365 bamus?

2102 5398 2299 5453 PALL.
2333 5398 2432 5453 lta.
2458 5397 2601 5464 Quid
2636 5398 2785 5453 tum?

2104 5490 2260 5549 CYR.
2297 5490 2434 5557 Quia
2464 5490 2653 5545 itidem
2687 5497 2833 5545 recte
2866 5505 2934 5546 ex
2962 5487 3111 5545 vocis
3145 5482 3353 5559 origine
3382 5502 3447 5543 ac
3479 5498 3605 5558 pro-
