4142 6296
539 338 642 393 ’ἲ59

1559 317 1614 370 S.
1657 310 1933 367 (IYRILLI
1965 302 2435 364 ALEXANDRINI
2474 299 2790 356 ARCHIEP.

3682 286 3802 342 740

540 458 792 521 portione
832 443 886 496 id
930 438 1074 510 quod
1110 437 1166 490 in
1207 433 1370 488 corde
1396 439 1450 484 et
1473 427 1778 483 visceribus
1818 423 2120 494 repositum

2251 433 2280 471 ν
2327 415 2526 486 καρδίᾳ
2555 430 2614 468 τε
2659 413 2753 466 καὶ
2801 411 3128 478 σπλάγχνοις
3163 403 3582 474 ἀποτεθειμένον
3619 403 3805 473 λόγιον

2265 508 2292 520 -
2461 507 2473 521 ο
2677 504 2689 521 .
2747 500 2966 521 -,1_-n_-
3027 496 3204 521 -____x..
3278 494 3626 521 1|:I_,g__3___,_
3691 497 3803 521 μι,

542 509 647 601 est,
685 509 958 587 rationale
981 523 1316 597 judiciorum
1351 516 1678 588 appellatum
1711 527 1831 566 esse
1863 509 2118 570 dicimus,

545 598 669 679 cum
705 620 864 676 sedes
891 611 1296 687 quodammodo
1324 606 1597 662 facultatis
1633 611 1833 657 nostrae
1876 598 2120 653 rationa-

545 718 615 771 lis
653 730 749 768 cor
787 727 852 767 ac
888 709 1101 764 viscera
1138 704 1248 760 sint
1282 719 1295 755 :
1327 701 1559 755 inhaeret
1601 703 1784 751 mrtem
1827 705 2121 763 propemo-

547 805 677 857 dum
703 810 761 855 et
784 797 947 854 inﬁxa
975 807 1059 851 est
1085 790 1387 849 secundum
1421 793 1672 842 naturam
1712 782 1842 837 huic
1871 781 2122 836 rationali

547 892 791 949 facultati
823 891 992 944 etiam
1029 887 1122 942 illa
1158 885 1214 939 in
1246 881 1668 954 quibuscunque
1706 876 1870 930 rebus
1902 874 2126 945 agendis

551 994 700 1039 recta
733 990 789 1037 et
828 982 1040 1051 integra
1078 973 1361 1048 judicandi
1407 971 1654 1033 facultas,
1687 967 1742 1022 id
1787 976 1889 1032 est,
1914 966 2123 1036 justum

547 1075 840 1146 judicium,
865 1080 923 1130 et
952 1069 1099 1139 quod
1131 1082 1248 1121 rem
1275 1077 1549 1134 quamque
1579 1060 1756 1114 decet.
1781 1057 1861 1111 An
1886 1071 2018 1112 vero
2044 1055 2125 1110 fa-

554 1166 729 1220 cultas
761 1161 1007 1224 rationis,
1035 1171 1156 1228 qua:
1185 1165 1269 1211 est
1304 1156 1362 1208 in
1393 1151 1573 1214 nobis,
1602 1165 1712 1204 non
1747 1147 2004 1218 expendit
2039 1162 2128 1201 re-

557 1271 680 1310 rum
708 1251 1040 1323 agendarum
1071 1256 1317 1310 naturas,
1339 1253 1394 1299 et
1416 1258 1446 1297 a
1469 1241 1635 1296 rebus
1655 1237 2009 1310 praeferendis
2029 1252 2127 1308 pa-

556 1363 678 1402 rum
701 1343 973 1416 jucundas
1000 1339 1331 1408 inutilesque
1363 1331 1635 1390 secernit?

625 1436 821 1494 PALL.
865 1433 1008 1490 Sane
1042 1445 1192 1486 vero.

622 1527 778 1583 CYR.
811 1523 985 1594 'Atqui
1026 1518 1312 1576 consuevit
1343 1517 1626 1586 Scriptura
1654 1513 1836 1569 divina
1862 1509 2128 1582 judicium

559 1617 829 1688 appellare
860 1622 969 1668 vini
1014 1613 1161 1666 illam
1187 1624 1296 1679 qua
1342 1619 1491 1664 recte
1534 1622 1597 1661 ac
1629 1607 1774 1676 juste
1799 1603 2126 1675 judicamus.

2221 508 2332 562 τῶν
2379 507 2616 579 κρίσεων
2660 500 2972 573 ὠνομάσθαι
3023 496 3224 569 φαμέν.
3278 494 3631 566 Ἐνδιαίτημα
3691 497 3808 568 γάρ

2224 601 2410 672 ῶσπερ
2440 599 2534 652 τοῦ
2566 599 2624 651 tv
2686 597 2818 665 ἡμῖν
2854 591 3072 660 ’λογικοῦ
3117 589 3315 661 καρδία
3361 588 3458 642 καὶ
3492 587 3806 658 σπλάγχνα.

2238 694 2580 764 Ἐρήρεισται
2607 689 2664 743 δὲ
2696 687 2886 757 ῶσπερ
2914 683 3010 738 καὶ
3038 679 3528 752 ὲγκαταπέπηκται
3560 679 3811 749 φυσικῶς

2228 786 2305 856 τῷ
2338 789 2396 839 ἐν
2428 786 2560 855 ἡμῖν
2589 779 2794 850 λογικῷ
2842 779 2936 832 καὶ
2962 779 2996 848 ἡ
3026 777 3111 846 ἐφ’
3137 775 3352 845 ἑκάστῳ
3380 773 3492 826 τῶν
3519 771 3811 843 πρακτέων

2230 877 2362 949 ὀρθή
2396 893 2455 929 τε
2496 875 2592 929 καὶ
2636 871 2959 942 ἀδιάϐλητος
3011 868 3219 939 κρίσις,
3261 864 3405 920 τοῦτ’
3437 863 3606 926 ἐστιν.
3657 865 3690 933 ἠ
3728 863 3811 916 δι-

2233 974 2567 1047 καιοκρισία,
2609 973 2704 1024 καὶ
2735 970 2795 1022 τὸ
2825 969 3038 1036 ἑκάστῳ
3072 964 3280 1032 πρέπον
3299 978 3314 994 ·
3345 961 3378 1032 ἢ
3427 961 3536 1031 γὰρ
3568 959 3688 1030 οὐχὶ
3718 959 3810 1011 λο-

2230 1067 2358 1137 γική
2394 1046 2478 1127 τις
2509 1065 2566 1115 tv
2599 1061 2729 1131 ἡμῖν
2761 1056 2860 1120 τὰς
2891 1057 2999 1108 τῶν
3040 1052 3327 1124 πρακτέων
3355 1048 3674 1104 ταλαντεύει
3708 1046 3813 1116 φύε

2235 1175 2368 1220 σεις,
2400 1156 2492 1208 καὶ
2520 1152 2806 1224 ἀποκρίνει
2835 1149 2944 1203 τῶν
2983 1147 3282 1218 ἀμεινόνων
3310 1143 3372 1197 τὸ
3410 1142 3575 1214 ἀχαρί
3615 1159 3674 1194 τε
3715 1143 3812 1195 καὶ

2233 1243 2541 1306 ἀλυσιτελές
2566 1259 2580 1308 ;

2306 1425 2511 1477 ΠΑΛΛ.
2543 1421 2654 1474 Καὶ
2687 1417 2848 1472 πάνυ.

2307 1516 2473 1569 ΚΥΡ.
2512 1512 2711 1581 Κρίσιν
2752 1510 2809 1562 δὲ
2853 1505 3140 1580 ὀνομάζειν
3185 1501 3305 1565 ἔθος
3350 1492 3417 1571 τῇ
3470 1487 3815 1567 θεοπνεύστῳ

2236 1609 2425 1679 Γραφῇ
2466 1605 2564 1677 τὴν
2613 1603 2882 1674 ὀρθότητα
2915 1600 3010 1654 καὶ
3039 1591 3458 1665 δικαιοκρισίαν.
3496 1591 3605 1644 Καὶ
3627 1587 3756 1658 γοῦν
3787 1591 3818 1642 ὀ

559 1681 746 1777 Itaque
794 1705 990 1760 beatus
1035 1701 1204 1756 David
1248 1702 1305 1755 in
1343 1698 1573 1755 Psalmis
1614 1699 1692 1751 ait
1731 1715 1743 1750 :
1794 1715 1811 1747 ι
1856 1695 2006 1749 Beati
2039 1695 2133 1764 qui

2247 1697 2526 1757 θεσπέσιος
2556 1692 2751 1763 ψάλλει
2781 1690 2962 1744 Δαδίδ·
3010 1709 3028 1742 ι
3064 1685 3343 1757 Μακάριοι
3369 1683 3419 1736 οί
3451 1681 3817 1750 φυλάσσοντες

561 1759 878 1854 ουεῖοάἰυιιι
908 1792 1197 1864 judicium,
1231 1796 1288 1843 et
1329 1787 1539 1842 faciunt
1575 1783 1842 1855 justitiam
1887 1782 1942 1834 in
1983 1759 2132 1835 omni

2247 1789 2434 1861 κρίσιν,
2470 1786 2563 1840 καλ¹
2597 1783 2877 1846 ποιοῦντες
2899 1779 3247 1848 δικαιοσύνην
3276 1779 3333 1831 tv
3365 1775 3528 1830 παντὶ
3557 1772 3751 1844 καιρῷ.
3792 1790 3812 1822 ι

563 1896 810 1955 tempore
834 1884 897 1935 ¹¹.
931 1899 950 1931 )
987 1879 1134 1934 Dixit
1168 1877 1335 1931 etiam
1367 1888 1600 1928 rursus:
1628 1890 1645 1921 ι
1670 1871 1738 1926 Ει
1769 1871 1941 1924 honor
1968 1869 2130 1940 regis,

559 1976 828 2050 judicium
870 1973 1099 2042 diligere
1134 1971 1198 2022 η.
1233 1987 1251 2018 ι
1289 1966 1551 2021 Praeclara
1594 1977 1830 2031 namque
1873 1961 2016 2031 regis
2053 1967 2137 2015 est

563 2068 735 2139 gloria
763 2075 820 2121 et
855 2066 1050 2126 honos,
1075 2061 1122 2114 si
1141 2059 1408 2131 justitiam
1435 2055 1642 2125 diligat.
1678 2051 1843 2124 384
1872 2051 1931 2106 ld
1971 2051 2138 2122 igitur

566 2162 970 2219 ornamentum,
1011 2150 1158 2221 quod
1207 2148 1360 2203 cordi
1403 2161 1467 2200 ac
1507 2145 1718 2215 pectori
1768 2145 2136 2215 superjectum

565 2256 670 2312 est,
699 2245 964 2302 rationale
994 2251 1223 2297 vocatur
1239 2239 1430 2310 judicii
1465 2238 1536 2292 ob
1568 2253 1688 2292 eam
1720 2250 1960 2299 causam,
1991 2232 2137 2303 quod

570 2339 646 2394 ibi
679 2339 845 2393 situm
885 2347 988 2401 est,
1018 2335 1112 2390 ubi
1145 2330 1426 2388 rationalis
1466 2327 1742 2382 facultatis
1772 2334 1857 2381 est
1883 2327 2054 2389 locus,
2083 2325 2139 2380 in

567 2430 824 2486 facultate
859 2435 1009 2483 recte
1044 2438 1110 2480 ac
1142 2425 1290 2496 juste
1323 2419 1603 2491 judicandi
1637 2419 1777 2473 ratio
1809 2418 2138 2472 continetur.

569 2520 628 2576 In
665 2522 769 2594 hoc
797 2521 990 2575 eodem
1016 2532 1149 2573 vero
1180 2513 1432 2570 rationali
1466 2511 1674 2581 lapides
1696 2509 1985 2565 duodecim
2015 2517 2143 2562 sunt

569 2623 706 2661 auro
748 2607 968 2671 inclusi,
996 2605 1054 2660 in
1091 2605 1266 2673 iisque
1310 2601 1582 2655 universa:
1615 2599 1791 2653 tribus
1820 2598 2138 2668 descripta:

566 2717 748 2771 [neque
793 2715 926 2756 vero
967 2697 1205 2752 absurde
1257 2701 1570 2749 sanctorum
1618 2693 1862 2746 virorum
1914 2689 2144 2761 ﬁguram

563 2801 788 2861 gerunt,
821 2790 914 2859 qui
959 2796 1073 2842 tum
1117 2785 1461 2857 splendorem
1506 2783 1728 2847 habent,
1764 2791 1880 2837 tum
1918 2782 2143 2853 pretiosi

571 2887 703 2934 sunt
742 2887 798 2932 et
839 2877 1009 2932 veluti
1047 2875 1261 2946 lapides
1298 2874 1520 2944 quidam
1553 2873 1732 2938 electi,
1757 2890 1822 2929 ac
1853 2889 2143 2944 propemo-

565 2973 703 3026 dum
733 2974 788 3024 in
811 2969 1014 3026 Christi
1043 2969 1207 3023 corde
1233 2976 1396 3036 atque
1422 2964 1603 3019 animo
1627 2964 1808 3035 positi.
1841 2962 1980 3020 Sunt
2000 2966 2144 3019 enim
2161 3026 2174 3045 κ

2238 1884 2381 1951 Ἔφη
2426 1880 2482 1933 δέ
2525 1896 2627 1932 που
2677 1876 2860 1930 πάλιν·
2917 1895 2933 1926 ι
2983 1873 3092 1928 Καὶ
3126 1871 3261 1943 τιμὴ
3302 1868 3598 1941 βασιλέως,
3635 1865 3818 1937 κρίσιν

2235 1973 2455 2042 ἀγαπᾷν
2497 1969 2590 2040 (Ι).
2639 1965 2884 2040 Λαμπρὰ
2921 1965 3029 2036 γὰρ
3077 1965 3110 2024 ἡ
3152 1961 3413 2033 βασιλέως
3449 1958 3584 2030 τιμή
3629 1973 3690 2008 τε
3721 1954 3819 2009 καὶ

2235 2062 2381 2126 δόξα,
2411 2060 2640 2130 φιλοῦσα
2654 2057 3037 2142 δικαιοσύνην.
3073 2055 3268 2122 Λόγιον
3306 2046 3400 2105 οῦν
3439 2051 3548 2120 ἄρα
3585 2047 3819 2120 κρίσεως

2237 2157 2295 2210 τὸ
2345 2154 2542 2226 καρδίᾳ
2571 2138 2667 2206 καί
2697 2152 2940 2222 στέρνοις
2970 2146 3400 2218 ὲπερῤιμμένον,
3429 2140 3518 2195 διά
3543 2140 3604 2193 τὸ
3631 2138 3820 2207 ὥσπερ

2239 2251 2297 2302 tv
2321 2247 2473 2316 τόπῳ
2511 2244 2722 2299 κεῖσθαι
2751 2242 2844 2296 τοῦ
2885 2238 3128 2308 λογικοῦ,
3158 2239 3214 2289 tv
3324 2237 3358 2305 ἡ
3391 2232 3621 2305 ὀρθότης
3653 2231 3709 2282 tv
3735 2229 3819 2281 δι-

2240 2337 2521 2408 καιοσύνῃ.
2566 2336 2654 2387 Ἐν
2684 2332 2832 2403 αὐτῷ
2867 2332 2924 2384 δὲ
2959 2329 3135 2399 τούτῳ
3169 2327 3306 2380 λίθοι
3335 2323 3658 2379 δυοκαίδεκα
3683 2337 3821 2391 χρυο

2243 2428 2342 2497 σίῳ
2397 2407 2738 2497 περίσχετοὶ,
2784 2421 2998 2494 γραφὴν
3039 2419 3288 2490 ἔχοντες,
3327 2415 3426 2478 τὰς
3459 2412 3650 2484 φυλάς.
3700 2407 3822 2464 Εἶεν

2239 2520 2282 2571 δ’
2311 2519 2376 2571 ἂν
2405 2518 2576 2578 τύπος
2618 2516 2826 2585 ἀνδρῶν
2866 2513 3037 2580 ἁγίων
3060 2551 3074 2576 ,
3105 2511 3154 2565 οἳ
3194 2509 3439 2580 λαμπροί
3478 2507 3540 2560 τέ
3570 2508 3677 2559 εἰσι
3727 2506 3824 2557 καὶ

2241 2609 2448 2679 τίμιοι,
2475 2607 2570 2661 καὶ
2599 2601 2688 2660 οἷά
2720 2623 2866 2668 τινες
2896 2604 3186 2658 ἀπόλεκτοι
3218 2601 3377 2664 λίθοι,
3418 2597 3703 2670 μονονουχὶ
3731 2595 3824 2648 καὶ

2242 2701 2321 2764 είς
2356 2699 2480 2753 νοῦν
2506 2700 2600 2753 καὶ
2631 2699 2858 2770 καρδίαν
2888 2697 3129 2767 κείμενοι
3160 2693 3250 2747 τοῦ
3278 2691 3516 2764 Χριστοῦ
3540 2707 3554 2722 ⁶
3582 2691 3675 2744 καὶ
3715 2689 3825 2757 γάρ

2243 2793 2381 2843 εἰσιν
2410 2788 2623 2860 άληθῶς
2661 2789 2878 2858 μνήμης
2919 2787 3079 2852 ἄξιοι,
3119 2784 3207 2836 διά
3236 2800 3299 2852 γε
3330 2783 3390 2836 τδ
3419 2784 3476 2834 tv
3507 2781 3674 2850 ἀρετῇ
3706 2778 3826 2830 διαο

2245 2882 2432 2950 φανὲς,
2460 2880 2553 2934 καὶ
2583 2880 2642 2932 τὸ
2675 2879 2750 2942 ὡς
2779 2879 2836 2931 tv
2864 2875 3120 2947 ἁγιασμῷ
3144 2875 3344 2946 τίμιον.
3388 2870 3827 2943 Ἀποκρέμανται

2245 2971 2303 3025 δὲ
2323 2969 2416 3023 τοῦ
2441 2969 2624 3038 λογίου
2652 2968 2761 3021 τῶν
2792 2968 3026 3039 κρίσεων
3047 2967 3141 3019 καὶ
3158 2963 3397 3035 κρωσσοὶ
3420 2964 3631 3032 χρυσοῖ,
3657 2975 3832 3029 παρα·

573 3063 733 3132 plane
773 3061 942 3132 digni,
985 3061 1080 3129 qui
1125 3066 1623 3113 commemorentur
1663 3064 1886 3126 propter
1926 3057 2146 3114 virtutis

2247 3058 2553 3131 δηλοῦντος,
2585 3055 2760 3130 οἶμαι,
2788 3057 2882 3112 τοῦ
2915 3059 3257 3129 πράγματος,
3287 3055 3369 3108 ὅτι
3400 3055 3498 3124 τῆς
3523 3051 3631 3106 τῶν
3660 3051 3830 3119 ἁγίων

573 3157 876 3211 claritatem
922 3153 1352 3223 dignitatemque
1393 3147 1854 3205 sanctificationis.
1899 3149 2148 3206 Pendent

575 3254 758 3298 autem
802 3243 870 3298 de
899 3240 1152 3296 rationali
1190 3239 1524 3308 iudiciorum
1556 3252 1735 3292 aureae
1767 3253 1985 3307 quoque
2024 3238 2146 3292 ﬁm-

577 3333 707 3386 briae
743 3349 755 3384 :
785 3346 893 3400 qua
928 3345 984 3383 re
1013 3326 1372 3396 significatur,
1400 3335 1462 3380 ιιι
1489 3325 1702 3395 opinor,
1736 3324 1804 3378 de
1837 3333 2150 3381 sanctorum

578 3423 860 3475 hominum
906 3427 1052 3474 metu
1086 3417 1383 3471 maximum
1416 3412 1770 3472 et'infinitum
1800 3433 1984 3473 rerum
2016 3435 2154 3489 prae-

2248 3152 2526 3222 πληθύοςό
2545 3151 2709 3214 πολύς
2745 3169 2804 3203 τε
2835 3152 2926 3205 καὶ
2959 3148 3328 3221 ἀναρίθμητος
3345 3145 3452 3199 τῶν
3492 3142 3832 3214 ἀνδραγαθη-

2255 3242 2439 3313 μάτων
2466 3241 2722 3312 tatas-(2)
2744 3242 3022 3312 μονονουχὶ
3061 3239 3156 3292 καὶ
3192 3235 3583 3308 ἀπηρτημένος
3614 3235 3830 3305 ὁρᾶται.

2257 3332 2368 3386 Καὶ
2399 3332 2528 3401 γοῦν
2569 3334 2596 3386 ὁ
2623 3331 2888 3403 μακάριος
2934 3331 3098 3383 Δαὸὶδ
3133 3329 3346 3398 καὶτῆς
3390 3324 3715 3395 Ἐκκλησίας
3741 3323 3832 3376 τὸν

2256 3425 2458 3495 κόσμον
2491 3426 2548 3476 tv
2578 3427 2918 3495 κροσσωτοῖς
2946 3419 3083 3476 εἷναί
3116 3439 3299 3492 φησιν.

579 3513 728 3568 clare
777 3515 1050 3579 gestarum
1093 3521 1324 3560 examen
1368 3520 1538 3575 prope
1581 3520 1909 3576 suspensum
1953 3508 2151 3575 videri,
2189 3511 2420 3583 ideoque
2492 3514 2684 3568 beatus
2748 3513 2916 3567 David
2956 3513 3213 3568 Ecclesia:
3255 3511 3443 3565 itidem
3481 3513 3733 3562 ornatum
3776 3505 3830 3558 in

581 3602 816 3656 ﬁmbriis
847 3614 967 3654 esse
995 3598 1131 3652 dicit
1160 3598 1222 3650 ¹³.

654 3691 850 3748 PALL.
891 3688 1187 3745 Credibilis
1218 3703 1346 3742 sane
1377 3687 1666 3758 expositio.

655 3785 810 3840 (ΠΒ.
852 3783 898 3837 Α
925 3779 1177 3836 rationali
1205 3787 1386 3834 autem
1409 3779 1747 3849 .judiciorum
1781 3782 1965 3836 aureis
1991 3797 2164 3836 annu-

583 3881 651 3933 lis
675 3884 926 3931 conserta
953 3874 1102 3928 varia
1140 3883 1196 3926 et
1220 3873 1468 3941 pulchris
1492 3873 1769 3928 coloribus
1793 3884 1983 3929 ornata
2012 3884 2161 3930 cate-

587 3969 714 4022 nula
759 3967 958 4036 serpit,
1000 3972 1063 4017 ut
1119 3963 1456 4028 dicebamus,
1509 3974 1564 4018 et
1607 3979 1705 4033 per
1749 3965 1910 4020 ambo
1950 3967 2160 4022 scutula

589 4058 876 4120 transiens,
907 4056 973 4109 ad
1004 4056 1181 4125 ipsum
1226 4055 1474 4124 pervenit
1503 4056 1762 4109 verticem
1803 4057 2162 4126 superhume-

588 4151 738 4214 ralis,
773 4149 964 4216 in'quo
990 4161 1217 4217 gemmae
1255 4145 1640 4215 descriptionis
1665 4157 1839 4202 erant.
1891 4147 2032 4214 Quid
2063 4165 2161 4204 au-

589 4250 700 4296 tem
743 4238 798 4294 id
841 4251 1060 4306 quoque
1099 4235 1190 4300 sit,
1223 4235 1534 4306 perspicere
1577 4250 1758 4305 operae
1792 4237 2029 4306 pretium
2058 4245 2160 4292 est.

2330 3696 2535 3748 ΠΑΛΛ.
2568 3694 2795 3759 Πιθανὸς
2823 3697 2850 3748 ὁ
2880 3697 3055 3763 λόγος.

2327 3786 2493 3839 ΚΥΡ.
2541 3785 2672 3838 ’Λπὸ
2709 3785 2766 3837 δέ
2790 3803 2852 3853 γε
2889 3785 2982 3838 τοῦ
3024 3785 3206 3851 λογίου
3231 3784 3337 3837 τῶν
3362 3783 3595 3854 κρίσεων
3618 3782 3834 3852 χρυσοῖς

2255 3875 2538 3940 δακτύλοις
2564 3875 2925 3946 ἐνειλημμένη
2951 3876 3166 3946 ποικίλη
3187 3892 3243 3927 τε
3261 3875 3352 3928 καὶ
3376 3875 3588 3945 εῦχρως
3606 3873 3834 3943 ἀνέρπει

2258 3967 2436 4037 σειρά,
2463 3967 2714 4035 καθάπερ
2741 3967 3000 4035 ἐλέγομεν
3019 4005 3034 4031 ,
3063 3969 3156 4019 καὶ
3194 3966 3258 4018 δι’
3291 3968 3493 4037 άμφοῖν
3527 3965 3678 4018 ἰοῦσα
3713 3965 3832 4016 ταῖν

2257 4057 2624 4119 ἀσπιδίσκαιν,
2659 4056 2747 4108 ἐπ’
2773 4056 2905 4108 αύτδ
2934 4056 3107 4127 διήκει
3136 4057 3236 4127 τῆς
3265 4057 3536 4128 ἐπωμίδος
3559 4057 3620 4109 τὺ
3645 4056 3832 4126 ἄκρον,

2257 4145 2343 4215 ἐφ’
2436 4147 2531 4215 τῆς
2564 4147 2892 4216 ἀπογραφῆς
2921 4149 2973 4199 αἱ
3005 4147 3159 4201 λίθοι.
3192 4148 3256 4201 Τί
3283 4147 3326 4200 δ’
3353 4148 3420 4200 ἂν
3455 4148 3538 4217 εἴη
3575 4149 3669 4200 καὶ
3696 4145 3831 4209 τόδε,

2263 4236 2380 4300 πῶς
2406 4237 2504 4290 οὐκ
2531 4236 2677 4302 ἄξιον
2711 4238 2865 4301 ίδεῖν;
2895 4240 3050 4291 Δοκεῖ
3080 4239 3144 4308 δὴ
3172 4235 3264 4292 οὖν
3289 4255 3377 4310 μοι
3403 4235 3748 4308 παραδηλοῦν
3775 4236 3836 4287 τὸ

590 4331 821 4387 Videtur
847 4329 1031 4398 itaque
1058 4326 1192 4381 mihi
1217 4327 1319 4381 hoc.
1341 4327 1570 4396 aenigma
1591 4328 1859 4397 ejusmodi
1886 4329 2146 4398 quidpian

2265 4330 2491 4399 αἴνιγμα
2512 4331 2772 4382 τοιουτονί
2799 4348 2852 4382 τι
2879 4332 3056 4384 πάλινο
3105 4333 3192 4394 Ὠς
3225 4331 3333 4402 γὰρ
3353 4333 3404 4384 ot
3428 4329 3566 4384 λίθοι
3592 4331 3644 4382 οἱ
3667 4330 3834 4398 τίμιοι

591 4421 900 4494 signiﬁcare
931 4438 944 4474 :
981 4419 1137 4483 Nam,
1181 4419 1274 4488 qui
1321 4426 1447 4473 sunt
1491 4427 1553 4471 ut
1594 4418 1802 4488 lapides
1840 4419 2085 4489 pretiosi,
2117 4435 2146 4474 e

2266 4421 2360 4474 καὶ
2399 4422 2455 4472 ὲν
2489 4419 2688 4488 γνώσει
2731 4439 2788 4474 τε
2822 4423 2915 4475 καὶ
2950 4424 3006 4475 tv
3043 4425 3230 4494 μνήμῃ
3261 4423 3529 4492 Χριστοῦ,
3564 4422 3701 4492 πρὸς
3738 4421 3834 4490 τὴν

593 4529 732 4584 quos
757 4511 1013 4568 Christus
1041 4519 1097 4566 et
1123 4511 1432 4582 cognitione
1471 4519 1528 4564 ct
1559 4511 1823 4564 memoria
1853 4511 2146 4581 complecti-

2267 4512 2380 4566 ἄνω
2401 4511 2681 4581 τρέχοντες
2707 4513 3055 4584 ἀπογραφὴν,
3080 4515 3140 4566 τὸ
3169 4516 3358 4584 χρῆμα
3385 4513 3725 4583 κερδαίνουσι
3748 4508 3835 4562 διὰ

595 4613 706 4668 tur,
733 4604 771 4658 ii
812 4603 879 4658 ad
914 4604 1062 4658 illam
1102 4617 1392 4672 supernam
1430 4601 1853 4673 descriptionem
1887 4618 1984 4674 per
2015 4617 2146 4656 arm:

2265 4603 2372 4655 τῶν
2404 4603 2585 4657 ὃπλων
2608 4603 2707 4672 τῆς
2735 4604 3081 4674 δικαιοσύνης
3115 4605 3222 4656 τῶν
3253 4603 3440 4670 δεξιῶν
3483 4605 3578 4657 καὶ
3620 4606 3833 4673 ἀριστε-

593 4695 821 4770 justitiae
868 4695 1061 4748 dextra
1105 4703 1162 4747 et
1211 4695 1432 4750 sinistra
1480 4695 1843 4763 perveniunt;
1892 4693 1971 4749 sic
2019 4693 2146 4748 enin

2271 4694 2401 4765 ρῶνο
2436 4694 2637 4764 γράφει
2659 4694 2766 4766 γὰρ
2785 4689 2884 4748 ὦδε
2913 4695 3097 4764 σαφῶς
3121 4697 3149 4747 ὁ
3173 4695 3455 4759 θεσπέσιος
3477 4693 3706 4757 Παῦλος.
3729 4694 3835 4746 Καὶ

598 4785 758 4854 plane
793 4783 986 4838 scribit
1022 4782 1217 4838 beatus
1253 4783 1453 4838 Paulus
1485 4802 1497 4836 :
1536 4791 1701 4853 atque
1730 4784 1899 4839 etiam
1929 4784 2058 4838 alibi
2085 4783 2169 4838 di-

599 4876 677 4930 cit
710 4891 722 4928 :
759 4893 777 4924 ι
817 4873 1034 4928 lnduite
1065 4888 1163 4927 vos
1190 4883 1525 4929 armaturam
1553 4875 1649 4930 Dei
1681 4875 1742 4928 “.
1778 4895 1796 4927 ι
1841 4875 2019 4930 Aurea
2046 4885 2174 4929 sunt

601 4979 766 5036 porro
788 4963 932 5036 regis
956 4977 1128 5027 arma,
1154 4977 1316 5017 aurea
1340 4963 1470 5018 item
1496 4965 1728 5031 scutula,
1757 4965 1966 5034 Deique
1991 4979 2172 5018 arma-

603 5065 782 5113 turam
827 5053 1058 5126 ﬁgurate
1100 5053 1416 5110 indicantia.
1463 5054 1580 5109 Non
1618 5056 1783 5125 igitur
1821 5057 1926 5112 alia
1963 5057 2175 5111 ratione

603 5146 722 5202 ﬁeri
758 5155 957 5218 potest,
999 5152 1062 5200 ut
1098 5145 1155 5199 in
1199 5144 1295 5200 Dei
1333 5145 1594 5200 memoria
1619 5153 1676 5199 et
1701 5146 2070 5216 descriptione
2099 5146 2174 5200 si-

604 5254 746 5305 mus,
777 5239 882 5294 nisi
926 5252 1076 5292 arma
1117 5235 1345 5308 justitiaa
1385 5236 1801 5306 arripuerimus,
1843 5253 1906 5292 ac
1944 5252 2044 5308 per
2087 5238 2177 5292 illa

606 5338 756 5386 recte
775 5329 1026 5386 faciendo
1054 5329 1451 5385 transierimus.
1475 5327 1592 5383 Jam
1623 5341 1774 5391 vero,
1811 5328 1959 5397 quod
1981 5343 2176 5398 super-

2272 4783 2378 4855 μὴν
2407 4786 2502 4838 καὶ
2529 4785 2753 4857 ἑτέρωθί
2786 4803 2968 4856 φησιν·
3003 4806 3022 4837 ι
3073 4785 3389 4840 Ἐνδύσασθε
3413 4786 3514 4857 τὴν
3542 4783 3836 4838 πανοπλίαν

2269 4873 2362 4926 τοῦ
2397 4875 2555 4929 Θεοῦ.
2596 4896 2614 4928 ›
2643 4877 2834 4949 Χρυσᾶ
2862 4877 2918 4929 δὲ
2941 4875 3009 4929 τὰ
3052 4876 3316 4945 βασιλέως
3347 4877 3508 4941 ὅπλα,
3546 4877 3744 4948 χρυσαῖ
3783 4874 3836 4926 δὲ

2269 4966 2469 5035 ὁμοίως
2500 4969 2555 5020 at!
2602 4967 2952 5034 ἀσπιδίσκαι,
2983 4969 3076 5022 καὶ
3112 4967 3210 5040 τὴν
3241 4968 3335 5023 τοῦ
3369 4967 3504 5022 Θεοῦ
3543 4966 3838 5022 πανοπλίαν

2271 5057 2682 5127 αἰνιγματωδῶς
2721 5060 3138 5128 ύποφαίνουσαι.
3193 5061 3458 5132 Ἐσόμεθα
3502 5060 3568 5130 δὴ
3608 5055 3703 5115 οῦν
3743 5058 3840 5126 οὐχ

2272 5146 2471 5218 ἑτέρως
2503 5149 2562 5200 tv
2613 5152 2800 5222 μνήμῃ
2843 5170 2901 5205 τε
2931 5155 3028 5208 καὶ
3067 5155 3360 5224 ἀπογραφῇ
3394 5151 3552 5215 θεοῦ,
3601 5151 3676 5222 μὴ
3723 5151 3840 5218 οὐχὶ

2273 5236 2381 5291 τῶν
2407 5237 2588 5293 ὅπλων
2623 5241 2724 5310 τῆς
2757 5243 3099 5313 δικαιοσύνης
3131 5244 3421 5314 ἁψάμενοι,
3453 5245 3546 5296 καὶ
3568 5239 3839 5295 δι’·αύτῶν

2279 5332 2444 5397 ἰόντες
2484 5335 2819 5404 πρακτικῶς.
2859 5339 2930 5391 Τὸ
2959 5339 3015 5393 δὲ
3054 5340 3118 5410 δὴ
3155 5338 3254 5408 τῆς
3292 5338 3562 5410 ἐπωμίδος
3605 5335 3839 5405 άνῆφθαι

678 5488 719 5519 “
751 5486 892 5543 Psal.
916 5508 1000 5557 av,-
1035 5491 1087 5545 5.
1176 5492 1218 5524 ¹²
1252 5493 1394 5547 Psal.
1423 5505 1604 5555 xcvm,
1634 5491 1685 5546 5.
1765 5490 1808 5522 ¹³
1835 5490 1978 5546 Psal.
2018 5507 2158 5555 κων,
2182 5495 2266 5550 14.
2345 5495 2388 5526 ¹⁵
2421 5495 2622 5566 Ephes.
2645 5513 2720 5560 vi,
2747 5497 2833 5551 ll.

680 5645 756 5716 (l)
789 5645 879 5703 Sic
907 5648 1040 5717 legit
1075 5637 1330 5768 erillus,
1377 5666 1500 5732 cum
1543 5652 1762 5708 codices
1807 5669 1998 5708 omnes
2028 5655 2174 5707 Psal-

680 5731 844 5768 )rum.
871 5732 1008 5768 auos
1047 5733 1097 5768 γι
1137 5733 1230 5768 ere
1269 5729 1437 5768 notm.
1467 5721 1719 5768 habeant-
1750 5724 1929 5768 uolam
1959 5724 2167 5768 ἀναπᾶ-

609 5731 844 5780 morum,
871 5732 1008 5787 quos
1047 5721 1230 5773 videre
1268 5721 1438 5788 potui,
1467 5721 1720 5789 habeant,
1750 5724 1929 5794 κρίσιν
1959 5724 2168 5796 ἀγαπᾷ.

2353 5655 2428 5736 (Ξ)
2461 5657 2539 5736 ἷί²
2575 5659 2816 5729 Αίζοηίυε
2852 5663 3012 5736 legit;
3038 5671 3210 5726 codex
3266 5677 3445 5725 tamen
3475 5673 3730 5733 uterque,
3757 5659 3842 5715 θι-

2282 5717 2435 5796 σμδς,
2469 5717 2650 5800 legem:
