4142 6296
364 391 461 450 ’ῐΗ

1052 381 1141 436 DE
1184 377 1618 436 ADORA'I‘IONE
1657 378 1722 433 IN
1766 374 2037 433 SPIRITU
2079 376 2168 432 ET
2201 379 2568 437 VERITATE.
2607 414 2679 422 —-—
2710 382 2839 438 LIB.
2881 381 2969 438 XI.

3519 377 3622 431 74?.

368 516 430 567 τδ
457 511 637 579 λόγιον
662 503 1094 575 κατασημήνειεν
1115 501 1202 568 ἂν,
1235 496 1407 572 οἶμαι,
1443 499 1502 554 τὸ
1535 503 1647 565 τοῖς
1679 501 1790 557 ἄνω
1823 515 1946 552 συν-

2054 498 2320 555 humerali
2369 512 2614 572 aptatum
2662 511 2743 557 est
2791 501 3078 563 rationale,
3113 513 3176 553 ea
3222 512 3280 552 re
3327 494 3621 567 significari

368 604 542 677 ἧφθαι
568 600 636 654 τά
660 599 812 652 κάτω
834 636 848 658 ,
882 593 1252 665 μεσιτεύοντος
1283 593 1378 646 τοῦ
1409 593 1666 662 Χριστοῦ.
1715 610 1734 644 ι
1775 593 1945 656 Αὐτὸς

371 694 482 764 γάρ
511 691 662 742 ἐστιν
706 687 739 758 ή
781 687 970 757 εἰρήνη
1001 683 1158 754 ἡμῶν
1178 722 1192 746 ,
1222 685 1250 737 ὁ
1285 683 1516 752 ποιήσας
1563 681 1633 734 τά
1662 681 1946 750 ἀμφότερα

368 784 447 848 ἓν,
474 801 491 833 ι
527 779 670 835 κατά
701 777 800 840 τὰς
836 775 1079 848 Γραφὰς,
1115 775 1209 828 καὶ
1235 774 1333 844 τῆς
1365 774 1470 826 τῶν
1504 771 1672 840 ἁγίων
1699 771 1947 839 ἀγγέλων

367 870 610 944 πληθύος
650 867 730 939 τῷ
768 866 1050 935 συνδέσμῳ
1091 864 1188 935 τῆς
1241 863 1462 934 ἀγάπης
1508 862 1833 933 ἀπαρτήσας
1879 861 1949 914 τὰ

369 964 706 1038 ἀνθρώπινα.
746 958 943 1014 ’ἰστέον
971 958 1029 1011 δὲ
1083 957 1164 1010 ὅτι
1194 958 1288 1010 καὶ
1317 958 1346 1010 ό
1381 956 1651 1026 μακάριος
1689 951 1947 1024 Ἰεξεκιὴλ

371 1057 463 1111 τὸν
483 1056 718 1128 ἄρχοντα
739 1049 916 1121 Τύρου
963 1049 1141 1102 πάντα
1166 1048 1262 1118 μὲν
1283 1047 1464 1118 τίμιον
1484 1045 1630 1099 λίθον
1645 1042 1948 1098 ἐνδεδύσθαι

376 1147 558 1219 φησίνο
614 1141 1008 1216 ἀπαριθμεῖται
1044 1140 1102 1193 δὲ
1131 1138 1374 1201 τούτους,
1405 1137 1500 1201 οὓς
1530 1138 1624 1191 καὶ
1653 1138 1712 1189 ὲν
1751 1134 1830 1206 τῷ
1863 1134 1949 1187 λο-

375 1240 478 1309 γίῳ
509 1235 617 1290 τῶν
655 1233 888 1305 κρίσεων
917 1228 1189 1283 τεθεῖσθαι
1225 1245 1391 1300 φησιν
1435 1231 1464 1282 ὁ
1493 1227 1777 1292 Θεσπέσιος
1820 1227 1950 1281 Μω-

376 1331 496 1400 σῆς.
525 1325 706 1382 *Ησαν
733 1325 790 1380 δὲ
816 1318 985 1386 οὗτοι,
1015 1321 1230 1394 σάρδιον
1254 1360 1269 1384 ,
1296 1321 1574 1386 τοπάζιον,
1613 1319 1945 1390 σμάραγδος,

375 1417 611 1491 ἄνθραξ,
639 1415 976 1486 σάπφειρος,
1009 1411 1103 1466 καὶ
1145 1411 1363 1476 ἰάσπις,
1395 1410 1668 1481 λιγύριον,
1707 1411 1948 1479 ἀχάτης,

2047 592 2262 660 opinor,
2294 591 2514 648 Christo
2553 593 2880 662 interposito
2919 591 3241 651 mediatore,
3281 587 3496 658 superis
3533 587 3619 640 in-

2047 682 2158 738 fera
2187 699 2308 738 esse
2334 700 2599 738 connexa.
2654 704 2669 736 ι
2702 685 2823 754 Ipse
2859 693 2943 738 est
2966 683 3113 736 enim
3153 695 3257 750 pax
3295 688 3500 740 nostra,
3527 678 3621 747 qui

2046 774 2176 828 fecit
2208 784 2440 844 utraque
2491 792 2682 841 unum,
2723 795 2739 826 ι
2790 784 2852 830 ut
2892 774 3191 844 Scripturae
3224 772 3448 826 tradunt
3473 771 3537 834 ‘5,
3566 776 3623 823 et

2047 867 2363 938 angelorum
2389 869 2555 922 cmtui
2594 869 2889 922 humanam
2919 874 3169 919 naturam
3197 863 3480 918 cbaritatis
3503 861 3623 914 vin-

2047 959 2172 1012 culo
2221 958 2486 1013 devinxit.
2537 958 2649 1013 Nec
2695 957 3056 1028 ignorandum
3106 965 3191 1010 est
3250 953 3395 1024 quod
3456 952 3621 1006 etiam

2048 1049 2242 1105 beatus
2269 1049 2533 1120 propheta
2574 1049 2827 1104 Ezechiel
2862 1047 3168 1119 principem
3200 1045 3327 1116 Tyri
3361 1043 3508 1098 omni
3541 1044 3622 1096 la-

2047 1139 2174 1210 pide
2215 1139 2458 1210 pretioso
2498 1139 2753 1194 indutum
2791 1154 2910 1194 esse
2938 1137 3018 1191 ait
3051 1137 3128 1202 ";
3173 1133 3334 1205 385
3369 1131 3622 1188 eosdem-

2048 1246 2155 1300 que
2194 1241 2467 1296 numerat,
2496 1248 2635 1302 quos
2663 1232 2857 1286 beatus
2885 1230 3093 1299 Moyses
3115 1227 3170 1281 in
3202 1224 3454 1280 rationali
3474 1223 3621 1294 judi-

2049 1323 2260 1378 ciorum
2284 1323 2493 1392 positos
2516 1337 2636 1377 esse
2666 1321 2818 1376 dicit.
2847 1321 2913 1375 Hi
2947 1327 3127 1374 autem
3154 1326 3330 1380 erant,
3356 1315 3622 1376 sardium,

2051 1414 2353 1483 topazium,
2422 1413 2770 1485 smaragdus,
2838 1411 3234 1474 carbunculus,
3301 1408 3623 1478 sapphirus,

377 1509 700 1581 ἀμέθυστος,
727 1503 1065 1576 χρυσόλιθος,
1092 1499 1399 1572 βηρύλλιον,
1420 1499 1652 1570 ὀνύχιον.
1675 1499 1952 1568 Τετάχατο

2054 1507 2236 1578 iaspis,
2276 1507 2552 1578 ligyrium,
2581 1507 2820 1570 achates,
2849 1505 3207 1574 amethystus,
3233 1499 3622 1571 chrysolithus,

377 1602 434 1656 δὲ
454 1600 558 1655 ἀνὰ
573 1600 741 1670 τρεῖς,
765 1597 857 1650 καὶ
883 1597 940 1650 tv
967 1594 1108 1658 ὅλοις
1131 1593 1391 1664 τέσσαρσι
1413 1592 1635 1662 στίχοις,
1657 1590 1717 1644 τὸ
1739 1591 1951 1661 ἑδραῖον

2054 1598 2362 1670 beryllium,
2406 1598 2720 1669 onychium.
2749 1596 2913 1651 Terni
2947 1603 3128 1650 autem
3165 1591 3413 1662 dispositi
3444 1599 3622 1652 erant,

379 1697 436 1749 tv
462 1694 642 1746 πίστει
661 1689 768 1744 τῶν
795 1689 851 1742 tv
875 1687 1073 1760 καρδίᾳ
1101 1685 1194 1740 καὶ
1219 1686 1404 1757 μνήμῃ
1433 1682 1670 1754 Χριστοῦ
1695 1699 1953 1752 σκιαγρα-

2054 1685 2125 1742 ita
2153 1676 2297 1742 utin
2319 1688 2638 1742 universum
2660 1696 2895 1757 quatuor
2915 1686 3138 1740 ordines
3163 1684 3468 1748 efﬁcerent;
3506 1698 3626 1752 qua:

379 1784 582 1856 φούσης
611 1785 743 1854 ἡμῖν
773 1781 874 1852 τῆς
908 1779 1122 1833 τοιᾶσδε
1152 1777 1372 1840 θέσεως.
1409 1775 1650 1838 Πίστεως
1688 1773 1787 1842 μὲν
1842 1774 1951 1841 γὰρ

2054 1778 2356 1846 dispositio,
2383 1794 2597 1842 eorum,
2639 1779 2732 1846 qui
2770 1777 2825 1831 in
2848 1775 3052 1832 Christi
3078 1774 3244 1830 corde
3277 1788 3340 1826 ac
3364 1773 3627 1826 memoria

375 1839 438 1930 τὸ
464 1839 760 1942 ἁνάῖτριεῖς,
791 1839 885 1928 xiii
909 1873 987 1936 ὡς
1015 1873 1073 1926 tv
1097 1869 1286 1941 Τριάδι
1318 1839 1380 1922 σύ
1390 1866 1585 1939 μϐολον
1602 1882 1614 1895 ο
1669 1839 1949 1936 ὲῠδραιότηξ-

2054 1839 2352 1932 habentur,
2386 1867 2513 1922 fidei
2562 1839 2876 1922 firmitatem
2903 1867 3084 1942 _nobis
3128 1865 3439 1920 adumbrat.
3491 1863 3626 1918 Nam

374 1985 466 2033 τος
487 1967 544 2021 δὲ
569 1936 641 2020 τὸ.
660 1936 734 2030 ὡς
750 1936 813 2018 ⁷ἐν
831 1936 1160 2037 τετραγώνιρ
1173 1978 1233 2014 τε
1251 1960 1344 2014 καὶ
1367 1936 1672 2030 ἰσοπλεύρῳ
1690 1959 1947 2028 σχήματι.

2054 1958 2178 2014 fidei
2204 1960 2419 2030 signum
2443 1967 2548 2024 est,
2580 1959 2725 2029 quod
2752 1936 2977 2014 terni'et
2999 1967 3254 2028 tanquam
3280 1957 3336 2010 in
3361 1956 3629 2010 Trinitate

378 2058 648 2130 Πεποίητο
691 2058 799 2128 γάρ
847 2055 991 2109 οὕτω
1037 2054 1100 2108 τδ
1145 2053 1346 2122 λόγιον,
1393 2052 1478 2122 ἔφ’
1513 2044 1557 2120 ᾧ
1603 2051 1696 2105 καὶ
1724 2050 1778 2102 αἰ
1814 2048 1950 2103 λίθοι

2054 2050 2301 2122 dispositi
2328 2059 2485 2116 sunt;
2513 2049 2790 2104 ﬁrmitatis
2814 2056 3017 2113 autem,
3044 2048 3188 2118 quod
3213 2063 3276 2102 ea
3299 2046 3469 2118 figura
3494 2061 3627 2101 con—

375 2127 716 2206 δυοκαίδεκα.
773 2127 779 2128 ί

2054 2140 2290 2204 formati,
2331 2156 2451 2210 quae
2492 2139 2759 2210 quadrata
2801 2148 2948 2194 esset
3013 2146 3071 2193 et
3109 2127 3338 2208 paribus
3385 2137 3628 2207 undique

2051 2232 2336 2287 lateribus.
2367 2232 2457 2286 Sic
2485 2232 2631 2286 enim
2660 2231 2928 2286 rationale
2966 2232 3224 2287 effectum
3262 2241 3401 2298 erat,
3432 2232 3488 2286 in
3519 2247 3631 2302 quo

2050 2333 2208 2380 erant
2233 2339 2462 2395 gemmae
2493 2324 2599 2378 illa:
2621 2323 2913 2377 duodecim
2942 2323 3238 2378 collocatze.

451 2419 660 2473 IIAAA.
701 2415 990 2486 Πείθομαι.

2123 2416 2318 2470 PALL.
2347 2414 2652 2470 Assentior.

449 2511 617 2566 ΚΥΡ.
667 2509 779 2562 Καὶ
812 2507 949 2578 πρός
993 2521 1055 2573 γε
1102 2500 1168 2576 δὴ
1203 2501 1414 2564 τούτοις
1453 2495 1950 2553 συναναπλέκεσθαί

2122 2506 2277 2562 CYR.
2306 2506 2578 2561 Przetcrea
2617 2504 2766 2559 aliud
2805 2502 3080 2574 quoddam
3123 2511 3507 2558 ornamentum
3543 2499 3632 2556 his

381 2621 434 2656 τι
462 2602 556 2656 καὶ
581 2601 766 2670 ἕτερον
793 2600 914 2661 ταῖς
956 2594 1278 2650 δυοκαίδεκα
1309 2592 1477 2655 λίθοις
1507 2589 1948 2661 προσεπιτάττει,

2054 2598 2343 2653 duodecim
2377 2597 2608 2668 gemmis
2647 2597 2869 2652 annecti
2919 2595 3186 2666 praecipit,
3225 2593 3414 2648 dicens
3453 2610 3466 2646 :
3512 2613 3529 2644 ι
3563 2593 3631 2647 Et

382 2696 588 2762 λέγων·
626 2710 644 2742 ι
682 2691 790 2745 Καὶ
821 2687 1100 2758 ἐπιθήσεις
1143 2687 1234 2738 ἐπὶ
1283 2684 1344 2738 τὸ
1371 2683 1550 2751 λόγιον
1582 2683 1680 2753 τῆς
1717 2681 1950 2752 κρίσεως

2054 2691 2300 2761 imponcs
2329 2705 2494 2758 super
2535 2689 2799 2743 rationale
2827 2687 3020 2758 judicii
3048 2684 3541 2739 manifestationem
3573 2693 3632 2736 et

383 2784 480 2855 τὴν
509 2782 737 2853 δήλωσιν
778 2781 873 2834 καλ⁸
909 2778 1007 2849 τὴν
1051 2775 1329 2846 ἀλήθειαν,
1383 2775 1477 2828 καὶ
1522 2773 1673 2826 ἔσται
1717 2773 1810 2826 ἐπὶ
1856 2772 1950 2825 τοῦ

2054 2780 2360 2844 veritatem,
2379 2784 2436 2832 et
2454 2777 2562 2832 erit
2587 2792 2750 2846 supra
2771 2785 2963 2846 pectus
2981 2774 3182 2838 Aaron,
3207 2788 3329 2826 cum
3361 2771 3632 2842 ingredie-

386 2873 613 2945 στήθους
659 2869 907 2941 Ἀαρὼν,
948 2869 1078 2922 ὅταν
1119 2865 1502 2937 εἰσπορεύηται
1542 2865 1620 2927 εἰς
1663 2863 1724 2915 τὸ
1761 2863 1951 2930 Ἀγιον

2054 2881 2144 2925 tur
2167 2871 2224 2925 in
2246 2869 2504 2924 Sanctum
2536 2882 2720 2922 coram
2745 2866 2999 2929 Domino,
3017 2872 3074 2918 et
3113 2861 3310 2917 inferet
3328 2861 3633 2930 Aaron,ju-

381 2965 559 3019 ἔναντι
598 2963 824 3034 Κυρίου,
863 2960 956 3014 καὶ
983 2958 1204 3012 εἰσοίσει
1248 2955 1456 3028 ’Δαρὼν
1485 2956 1581 3018 τὰς
1610 2954 1820 3025 κρίσεις
1843 2952 1952 3006 τῶν

2054 2961 2196 3018 (licia
2235 2960 2472 3015 filiorum
2509 2958 2678 3013 Israel
2718 2958 2774 3011 in
2825 2965 3048 3026 pectore
3095 2968 3280 3008 coram
3306 2951 3537 3006 Domino
3575 2950 3632 3004 in

383 3057 512 3111 υἱῶν
567 3054 780 3126 Ἰσραὴλ
856 3054 947 3106 ἐπὶ
980 3050 1073 3104 τοῦ
1124 3049 1351 3120 στήθους
1395 3048 1572 3102 ἔναντι
1611 3047 1818 3118 Κυρίου
1863 3045 1952 3099 διά

2054 3061 2382 3124 perpetuum
2414 3053 2476 3104 ".
2503 3069 2521 3102 ι
2556 3049 3048 3103 Manifestationem
3075 3045 3243 3118 igitur
3261 3059 3324 3110 ac
3345 3042 3632 3097 veritatem

378 3149 600 3211 παντός.
642 3166 660 3199 ι
707 3147 948 3216 Δήλωσιν
998 3144 1094 3214 μὲν
1125 3137 1216 3196 οὖν
1249 3140 1502 3210 ὀνομάζει
1541 3139 1636 3193 καὶ
1663 3138 1947 3209 ἀλήθειαν,

2055 3144 2310 3214 appellat,
2332 3156 2444 3194 non
2476 3149 2659 3194 tamen
2683 3148 2869 3208 aperte
2902 3135 3165 3190 indicavit
3195 3142 3381 3188 utrum
3426 3131 3636 3200 lapides

378 3237 441 3289 οὺ
493 3234 601 3305 μὴν
651 3234 730 3287 ἔτι
780 3232 873 3286 καὶ
913 3231 1313 3302 διαμεμήνυκεν
1355 3227 1599 3298 ἐναργῶς
1651 3227 1856 3297 πότερα
1888 3227 1953 3296 δὴ

2054 3235 2280 3298 fuerint,
2307 3249 2375 3287 an
2400 3232 2550 3286 velut
2584 3231 2640 3284 in
2661 3244 2828 3299 parva
2851 3227 3048 3281 tabella
3072 3240 3191 3279 eam
3218 3221 3633 3292 inscriptionem

380 3327 594 3390 λίθους,
638 3325 784 3397 ἢὼς
831 3327 890 3378 ὲν
940 3323 1118 3395 μικρῷ
1167 3321 1396 3392 πινακίῳ
1444 3321 1661 3391 γραφὴν
1702 3317 1954 3387 γενέσθαι

381 3417 770 3489 προστέταχεν.
825 3417 1189 3487 Μεμνήσομαι
1232 3415 1289 3468 δὲ
1342 3413 1621 3482 προφήτου
1670 3409 1952 3476 λέγοντος,

389 3527 407 3558 ι
452 3508 595 3561 Διότι
629 3507 842 3579 ἡμέρας
875 3506 1072 3569 πολλὰς
1105 3505 1434 3575 καθήσονται
1467 3505 1514 3555 οἰ
1555 3501 1661 3554 υἰοί
1716 3499 1952 3569 Ἰσραὴλ,

383 3603 485 3656 οὐκ
507 3601 654 3664 ὄντος
685 3599 969 3671 βασιλέως,
990 3597 1110 3650 οὐδὲ
1135 3597 1413 3666 ἄρχοντος,
1440 3595 1538 3646 οὐκ
1555 3591 1719 3663 οὔσης
1742 3590 1953 3653 θυσίας,

382 3694 505 3749 οὐδὲ
546 3694 697 3756 ὄντος
738 3690 1151 3761 θυσιαστηρίου,
1185 3687 1306 3741 οὔτε
1351 3686 1640 3758 ἱερατείας,
1691 3684 1814 3738 οὔτε
1867 3683 1957 3753 δήυ

386 3788 516 3842 λων.
559 3805 578 3838 ι
623 3785 758 3838 Ἀλλ’
802 3784 900 3836 εἴτ’
929 3779 1021 3836 οὖν
1057 3777 1164 3834 εἷεν
1198 3779 1292 3832 καὶ
1332 3776 1506 3832 ταῦτα
1549 3777 1707 3842 λίθοι,
1735 3775 1832 3828 εἴτ’
1865 3771 1958 3828 οὖν

386 3877 463 3940 ὡς
481 3879 536 3930 tv
558 3877 745 3929 πίνακι
776 3876 951 3946 χρυσῇ
972 3872 1078 3926 τῶν
1096 3871 1374 3940 ὀνομάτων
1404 3871 1612 3940 γραφῇ,
1642 3868 1958 3938 πολυπραγ-

387 3970 609 4042 μονήσει
645 3969 741 4038 μὲν
773 3969 834 4020 οὐ
867 3967 986 4018 λίαν
1019 3965 1046 4015 ὁ
1078 3963 1234 4032 λόγος
1254 4002 1269 4027 ,
1300 3961 1622 4032 γνωσόμεθα
1664 3960 1720 4012 δὲ
1746 3961 1825 4023 εἰς
1860 3958 1956 4012 τύ-

385 4077 486 4113 πον
511 4059 652 4112 αύτά
675 4058 965 4122 τεθεῖσθαι,
997 4054 1233 4128 Χριστοῦ
1270 4054 1515 4116 συνόντος
1541 4053 1733 4121 ἁγίοις.
1763 4069 1781 4102 ι
1827 4050 1957 4104 Ἰδοὺ

385 4152 524 4221 γάρ,
559 4150 693 4221 φησί
716 4191 731 4214 ,
773 4150 887 4220 μεθ’
920 4149 1072 4219 ὑμῶν
1103 4151 1218 4219 εἰμι
1253 4148 1430 4210 πάσας
1459 4147 1556 4210 τάς
1589 4146 1831 4217 ἡμέρας,
1866 4145 1958 4198 καὶ

383 4243 492 4306 ἕως
525 4240 834 4303 συντελείας
863 4239 957 4293 τοῦ
990 4239 1205 4302 αἰῶνος.
1243 4257 1260 4289 ›
1304 4238 1553 4308 Ἀλήθεια
1586 4237 1643 4291 δὲ
1667 4237 1759 4290 καὶ
1787 4236 1959 4306 δήλω-

388 4353 473 4398 σις
520 4334 550 4386 ὁ
581 4332 833 4402 Χριστός.
874 4332 1156 4400 Ἐγνωμεν
1194 4330 1302 4401 γὰρ
1329 4331 1386 4382 tv
1425 4329 1572 4398 αύτῷ
1595 4329 1686 4382 τὸν
1717 4329 1957 4398 Πατέρα,

387 4426 484 4481 καὶ
511 4425 811 4496 δεδήλωκεν
833 4424 962 4493 ἡμῖν
997 4422 1057 4474 τὸ
1091 4421 1293 4488 ἀγαθὸν
1333 4420 1498 4474 αὑτοῦ
1535 4421 1744 4489 θέλημα
1781 4419 1840 4472 τὸ
1875 4419 1961 4472 τέ-

387 4521 531 4573 λειον
553 4517 648 4571 καὶ
672 4515 987 4584 εὐάρεστον,
1015 4512 1152 4563 κατὰ
1176 4510 1272 4573 τὰς
1299 4511 1540 4580 Γραφάς.
1563 4509 1704 4579 Ἔφη
1727 4508 1836 4579 γάρ
1859 4525 1960 4562 που

389 4609 620 4682 Χριστός
644 4624 657 4638 ·
717 4625 736 4658 ι
767 4605 961 4658 Οὐκέτι
990 4603 1133 4671 λέγω
1164 4602 1308 4672 ὑμᾶς
1335 4599 1551 4662 δούλους
1577 4639 1590 4662 ,
1639 4599 1794 4667 ὑμεῖς
1819 4598 1961 4665 φίλοι

392 4701 494 4772 μού
525 4701 668 4766 ὲστε,
703 4699 785 4752 ὅτι
813 4697 991 4752 πάντα
1025 4695 1060 4749 ἂ
1090 4695 1300 4764 ἥκουσα
1331 4692 1478 4763 παρά
1504 4691 1595 4744 τοῦ
1619 4689 1828 4760 Πατρός
1863 4705 1962 4758 μου

387 4790 698 4862 ἀπήγγειλα
743 4791 890 4860 ὑμῖν.
931 4808 950 4841 ι
998 4785 1252 4858 Ἀλήθεια
1281 4784 1338 4837 δὲ
1377 4785 1473 4836 καὶ
1506 4783 1707 4853 ἑτέρως
1759 4781 1964 4850 Ἐμμα-

388 4882 570 4954 νουήλ,
604 4883 687 4935 ὅτι
717 4881 876 4951 μόνος
905 4879 1066 4941 αὐτὸς
1103 4875 1246 4931 κατά
1272 4874 1432 4945 φύσιν
1465 4874 1612 4936 Υἱὸς,
1652 4872 1745 4926 καὶ
1786 4873 1861 4933 ὡς
1899 4873 1964 4924 ὲκ

389 4972 526 5027 8εοῦ
555 4973 708 5036 Θεὸς,
738 4972 894 5042 μόνος
932 4973 1082 5039 ἅγιος
1102 5010 1116 5036 ,
1148 4969 1306 5039 μόνος
1336 4965 1559 5037 Κύριος·
1617 4964 1890 5036 μεθεκτῶς
1905 4964 1961 5016 δὲ

390 5070 426 5136 ἡ
466 5066 680 5129 κτίσις,
720 5066 814 5119 καὶ
853 5064 994 5117 κατὰ
1041 5063 1297 5132 μίμησιν,
1333 5061 1431 5114 ὅσα
1480 5059 1574 5112 καὶ
1617 5059 1778 5114 αὐτὸς
1825 5053 1963 5110 εἶναι

391 5161 613 5211 νοεῖται.
643 5157 867 5210 Σᾶνεστι
891 5155 955 5223 δὴ
983 5149 1075 5206 οὖν
1101 5157 1214 5216 τοῖς
1237 5152 1413 5220 ἁγίοις
1437 5151 1511 5216 ὡς
1539 5152 1597 5204 ὲν
1618 5150 1760 5220 δήλῳ
1786 5166 1842 5202 τε
1873 5149 1966 5202 καί¹

394 5247 620 5320 ἀληθείᾳ
648 5246 766 5300 νοού
775 5262 932 5316 μενος
957 5246 986 5297 ὁ
1012 5242 1264 5312 Χριστὸς,
1294 5243 1352 5304 ὃς
1375 5243 1468 5295 καὶ
1493 5244 1549 5293 tv
1575 5239 1852 5310 προσώπῳ
1873 5237 1964 5292 τοῦ

396 5341 606 5412 Πατρὸς
639 5339 880 5411 εἰσφέρει
908 5335 976 5389 τά
1019 5333 1140 5388 καθ’
1172 5335 1343 5403 ἡμᾶς,
1377 5335 1607 5386 πάντοτε
1644 5331 1752 5396 ςῶν
1784 5333 1862 5395 εἰς
1907 5331 1968 5383 τὸ

392 5431 741 5502 ἐντυγχάνειν
772 5429 911 5495 ὑπὲρ
948 5426 1123 5496 ἡμῶν.
1157 5423 1328 5476 Τοῦτο
1360 5423 1499 5494 γάρ,
1520 5421 1689 5494 οἶμαι,
1724 5423 1851 5491 ἕστιέ
1879 5421 1958 5487 τὸ,

397 5526 505 5578 Καὶ
537 5522 758 5576 εἰσοίσει
810 5518 1018 5588 Ἀαρὼν
1062 5515 1160 5579 τὰς
1187 5514 1395 5585 κρίσεις
1438 5513 1545 5566 τῶν
1578 5514 1708 5566 υίῶν
1749 5512 1962 5585 Ἰσραὴλ
1985 5586 2003 5591 φ

2056 3326 2174 3381 fieri
2216 3323 2464 3396 jusserit.
2528 3321 2750 3386 Memini
2820 3319 2984 3374 etiam
3036 3317 3318 3387 prophetm
3357 3315 3630 3370 dicentis:

2062 3437 2080 3470 ι
2105 3416 2243 3482 Quia
2267 3415 2384 3470 dies
2424 3413 2629 3469 multos
2673 3411 2944 3466 sedebunt
2993 3408 3090 3462 filii
3139 3407 3305 3461 Israel
3337 3406 3454 3460 sine
3484 3421 3632 3475 rege,

2056 3509 2172 3563 sine
2197 3506 2466 3578 principe,
2491 3503 2608 3559 sine
2641 3501 2929 3566 sacriﬁcio,
2963 3507 3022 3554 et
3047 3499 3165 3553 sine
3207 3498 3385 3561 altari,
3429 3505 3485 3551 et
3517 3496 3635 3550 sine

2055 3580 2385 3658 sacerdotio,
2419 3603 2474 3649 et
2509 3593 2627 3648 sine
2667 3590 3198 3647 manifestationibus
3221 3589 3284 3642 ‘3.
3318 3606 3336 3638 ›
3378 3586 3483 3642 Sed
3517 3586 3634 3641 sive

2057 3688 2268 3758 lapides
2292 3686 2370 3741 illi
2393 3685 2618 3748 fuerint,
2662 3681 2778 3736 sive
2803 3689 3062 3749 tanquam
3085 3679 3139 3731 in
3166 3693 3332 3732 aurea
3349 3677 3549 3731 tabella
3570 3691 3635 3730 ea

2057 3779 2279 3835 nomina
2305 3777 2579 3846 descripta
2619 3772 2848 3837 fuerint,
2877 3771 2932 3825 id
2974 3785 3106 3824 vero
3143 3785 3251 3823 non
3279 3768 3510 3821 nimium
3535 3782 3634 3820 cu-

2057 3872 2201 3926 riose
2225 3866 2718 3940 pervestigabimus
2753 3881 2766 3916 :
2803 3869 3014 3917 tantum
3050 3861 3191 3916 scire
3238 3859 3372 3913 satis
3403 3858 3508 3912 erit
3571 3872 3636 3910 ea

2059 3964 2117 4018 in
2152 3961 2376 4033 ﬁguram
2403 3958 2607 4015 Christi
2632 3971 2752 4012 esse
2782 3953 2984 4025 posita,
3018 3951 3112 4023 qui
3135 3967 3244 4005 una
3283 3965 3407 4004 cum
3434 3948 3638 4003 sanctis

2059 4052 2377 4108 hominibus
2395 4057 2676 4103 versatur:
2709 4066 2727 4097 ι
2752 4045 2893 4100 Ecce
2934 4043 3101 4105 enim,
3127 4039 3326 4110 inquit,
3352 4038 3636 4092 vobiscum

2059 4160 2178 4200 sum
2200 4141 2454 4198 omnibus
2486 4138 2700 4200 diebus,
2723 4144 2779 4190 et
2809 4149 2981 4204 usque
3014 4132 3080 4186 ad
3108 4127 3636 4185 consummationem

2060 4235 2244 4290 saeculi
2267 4234 2363 4286 ⁸⁵.»
2400 4231 2616 4287 Veritas
2664 4235 2845 4281 autem
2887 4240 2950 4277 ac
2981 4219 3348 4276 manifestatio
3386 4216 3638 4272 Christus

2060 4334 2177 4391 est;
2209 4326 2265 4378 in
2291 4337 2358 4377 eo
2386 4322 2533 4377 enim
2567 4321 2783 4373 Patrem
2820 4312 3199 4384 cognovimus,
3233 4317 3289 4362 et
3317 4306 3634 4360 manifesta-

2062 4419 2140 4472 vit
2160 4416 2320 4471 nobis
2344 4414 2542 4467 bonam
2575 4409 2746 4478 ipsius
2776 4405 3138 4463 voluntatem,
3169 4408 3223 4453 et
3254 4397 3550 4468 perfectam
3582 4404 3638 4449 et

1994 4495 2038 4550 Ῐ)
2067 4508 2537 4577 beneplacentem,
2568 4502 2722 4570 juxta
2752 4495 3063 4564 Scripturas
3085 4493 3129 4524 ²⁰
3156 4509 3168 4544 :
3199 4491 3275 4544 ait
3295 4489 3441 4543 enim
3482 4487 3638 4542 Chri-

2058 4605 2177 4647 stus
2210 4568 2228 4644 ξ
2265 4609 2280 4641 ι
2313 4589 2432 4643 Jam
2463 4568 2582 4640 non
2605 4582 2781 4637 dicam
2803 4593 2899 4633 vos
2933 4591 3142 4638 servos,
3181 4588 3281 4627 vos
3318 4571 3478 4626 amici
3530 4568 3636 4624 mei

2059 4683 2192 4738 estis
2214 4723 2226 4747 ,
2252 4680 2380 4750 quia
2405 4675 2610 4739 omnia,
2645 4686 2766 4741 qua
2788 4667 2972 4724 audivi
2994 4682 3025 4720 a
3053 4667 3213 4720 Patre
3246 4677 3390 4727 meo,
3419 4676 3633 4715 annun-

2060 4778 2190 4833 tiavi
2214 4775 2370 4831 vobis
2397 4775 2439 4806 ²¹
2453 4791 2495 4826 .›
2529 4767 2746 4824 Veritas
2766 4773 2850 4820 est
2864 4763 3026 4818 etiam
3047 4762 3150 4816 alia
3168 4760 3379 4814 ratione
3395 4757 3483 4811 ille
3509 4757 3637 4810 Em-

2061 4865 2298 4922 manuel:
2316 4861 2442 4933 quia
2461 4859 2610 4915 solus
2630 4857 2743 4926 ipse
2759 4861 2844 4908 est
2870 4851 3168 4907 secundum
3195 4855 3449 4903 naturam
3469 4845 3636 4928 Filius

2059 4968 2116 5015 et
2129 4942 2343 5012 utDeus
2357 4971 2424 5009 ex
2435 4954 2568 5016 Deo,
2585 4949 2732 5004 solus
2749 4946 2997 5009 Sanctus,
3019 4942 3166 4998 solus
3177 4940 3459 5004 Dominus;
3476 4945 3529 4991 at
3540 4921 3636 4990 ve-

2062 5067 2124 5106 ro
2147 5058 2394 5104 creatura
2414 5060 2510 5116 per
2523 5039 2996 5114 participationem
3019 5043 3179 5104 atque
3203 5031 3564 5086 imitationem
3583 5026 3637 5080 id

2063 5152 2165 5207 est,
2185 5140 2550 5211 quodcunque
2568 5135 2658 5189 ille
2674 5148 2794 5189 esse
2807 5128 3149 5200 intelligitur.
3170 5124 3334 5194 386
3347 5120 3514 5175 Adest
3533 5119 3637 5171 ita-

2065 5251 2169 5305 que
2205 5232 2457 5289 Christus
2501 5241 2625 5282 cum
2660 5221 2862 5279 sanctis
2890 5219 3026 5273 viris
3058 5227 3318 5286 prmsens,
3359 5223 3483 5263 cum
3521 5214 3639 5260 tan-

2066 5298 2228 5396 quam
2283 5323 2339 5377 in
2385 5316 2821 5376 manifestatione
2883 5327 2945 5365 ac
3007 5306 3239 5361 veritate
3291 5298 3635 5369 intelligitur,

2071 5419 2323 5487 idemque
2356 5427 2574 5469 causam
2616 5415 2860 5464 nostram
2893 5403 2947 5456 in
2981 5402 3334 5466 conspectum
3357 5389 3533 5446 Patris
3555 5405 3638 5442 re-

2068 5513 2194 5574 fert,
2228 5482 2442 5576 semper
2474 5503 2662 5557 vivens
2688 5497 2755 5553 ad
2777 5489 3229 5562 interpellandum
3254 5500 3352 5557 pro
3375 5482 3596 5539 nobis“
3623 5499 3636 5536 :

470 5733 514 5763 ¹⁵
542 5729 742 5800 Ephes.
770 5743 827 5800 ii,
855 5725 944 5800 ii.
986 5724 1060 5800 _“
1087 5723 1284 5778 Ezech.
1327 5737 1527 5800 invni,
1731 5721 1770 5750 ¹⁷
1795 5719 1957 5800 Exod

2054 5733 2191 5780 LVIII,
2238 5713 2337 5777 29,
2380 5709 2466 5763 50.
2548 5705 2588 5736 ¹⁸
2632 5703 2754 5760 Ose.
2799 5716 2875 5766 ιιι,
2917 5701 2969 5754 4.
3049 5700 3090 5731 η
3115 5695 3304 5751 Matth.
3336 5685 3630 5752 xxvnu,?.0.

401 5789 623 5857 “Rcui.
663 5797 827 5862 xu,‘2.
907 5795 945 5824 ¹¹
979 5794 1132 5848 .Ioan.
1174 5808 1282 5858 ιιί,
1321 5791 1404 5846 i5.
1485 5793 1528 5823 ²²
1559 5791 1722 5844 llebr.
1757 5789 1960 5854 vn,25.
