4142 6296
595 320 701 389 ’ῖιὸ

1631 320 1686 376 S.
1729 319 2007 377 CYRILLI
2048 318 2522 376 ALEXANDRINI
2561 317 2879 374 ARCHIEP.
3764 321 3858 377 744

590 446 649 503 id
686 448 838 503 enim
868 454 974 510 est,
1012 453 1073 499 ut
1101 443 1321 513 Opinor,
1367 440 1524 504 illud,
1564 440 1631 494 Et
1658 439 1856 495 inferet
1883 451 2064 495 Aaron
2104 442 2192 511 ju—

2294 440 2476 496 ἔναντι
2544 440 2748 513 Κυρίου
2812 438 2903 493 tm
2929 435 3024 490 1:06
3075 435 3304 507 στήθους
3368 432 3532 489 αὑτοῦ
3585 434 3672 489 διὰ
3736 455 3859 492 παν-

592 539 735 593 dicia
778 537 1020 592 ﬁliorum
1057 534 1224 590 Israel
1262 548 1445 588 coram
1488 532 1719 587 Domino
1749 532 1804 585 in
1844 542 2064 602 pectore
2088 548 2188 587 suo

591 630 646 682 in
681 638 1035 699 perpetuum.

663 720 864 775 PALL.
901 720 983 775 Ita
1014 728 1120 775 est.

664 811 822 867 ΟΥΕ.
862 812 1085 868 Vestem
1112 810 1296 866 adhuc
1328 808 1621 880 quamdam
1646 821 1857 862 sacram
1906 814 1963 860 et
2013 803 2188 859 admi-

592 907 826 963 rabilem
849 907 1161 980 ﬁerijubet,
1183 905 1405 966 dicens:
1443 923 1459 956 c
1488 904 1555 958 Et
1577 903 1749 957 facies
1778 900 2018 955 tunicam
2049 899 2188 954 tala-

594 1014 733 1064 rem,
768 1008 943 1054 totam
982 998 1431 1071 hyacinthinam;
1463 1006 1520 1051 et
1546 996 1653 1071 erit
1684 994 1947 1064 capitium
1976 1008 2044 1047 ex
2074 992 2191 1062 ipsa

594 1090 864 1156 medium,
891 1106 1048 1146 oram
1080 1091 1293 1145 habens
1313 1090 1369 1143 in
1395 1088 1632 1143 circuitu
1668 1085 1877 1156 capitii,
1910 1099 2050 1154 Opus
2075 1092 2192 1136 tex-

594 1182 755 1248 toris,
780 1183 1199 1238 commissuram
1216 1190 1529 1236 contextam
1544 1194 1612 1233 ex
1630 1177 1765 1248 ipsa,
1784 1191 1854 1230 ne
1879 1184 2186 1244 rumpatur.

596 1273 666 1329 Et
696 1272 864 1328 facies
890 1273 957 1327 ad
989 1281 1299 1328 extremum
1351 1272 1553 1326 tunica:
1585 1270 1866 1332 deorsum,
1901 1266 2057 1336 quasi
2088 1266 2190 1319 Ilo-

597 1364 777 1420 rentis
813 1364 942 1419 mali
975 1364 1165 1434 punici
1202 1364 1577 1434 malogranata
1609 1377 1676 1415 ex
1715 1358 2032 1431 hyacintho,
2056 1373 2189 1428 pur-

591 1471 755 1527 pura,
789 1466 846 1511 et
877 1455 1104 1511 coccino
1137 1464 1287 1520 neto,
1322 1464 1378 1509 et
1401 1456 1562 1527 bysso
1592 1461 1738 1507 torta
1756 1452 1813 1507 in
1846 1451 2190 1506 extremitate

594 1548 796 1602 tunicae
841 1547 898 1602 in
933 1546 1193 1603 circuitu.
1246 1547 1450 1602 Eadem
1483 1545 1693 1617 species
1721 1544 1828 1600 erit
1848 1544 2190 1614 malograna—

595 1635 699 1690 tis:
721 1644 777 1691 et
810 1636 1179 1691 tintinnabula
1207 1651 1375 1692 aurea
1402 1638 1469 1692 iis
1489 1636 1811 1707 interposita
1838 1637 1894 1690 in
1920 1635 2188 1702 circuitu;

593 1736 721 1799 post
745 1730 959 1800 singula
979 1729 1349 1801 malogranata
1371 1730 1805 1784 tintinnabulum
1829 1740 1885 1783 et
1907 1728 2187 1793 ﬂoridum,

2290 533 2405 597 τός.

2365 709 2574 763 ΠΑΛΛ.
2617 707 2861 780 Ἀληθές.

2360 801 2529 865 ΚΥΡ,
2576 801 2926 874 Ἱεροπρεπὲς
2963 800 3020 855 δέ
3060 818 3111 853 τι
3162 800 3255 852 καὶ
3297 797 3627 867 άξιάγαστον
3673 798 3857 870 ἀμφιον

2293 894 2803 959 κατασκευάζεσθαι
2842 895 2951 949 δεῖν
2991 895 3271 947 ἐπιτάττει
3303 892 3513 961 λέγων’
3551 910 3569 942 ι
3616 892 3726 945 Καὶ
3754 910 3860 947 ποι-

2293 988 2446 1056 ήσεις
2479 986 2752 1057 ὑποδύτην
2776 986 3009 1058 ποδήρη,
3029 986 3148 1040 ὅλον
3178 984 3506 1047 ὑακίνθινον,
3530 982 3624 1036 καὶ
3647 981 3790 1037 ἕσται
3806 985 3860 1037 τὸ

2293 1080 2645 1149 περιστόμιον
2681 1078 2742 1143 ἐξ
2778 1079 2942 1133 αὑτοῦ
2988 1079 3152 1150 μέσον
3173 1116 3186 1141 ,
3237 1075 3349 1130 ὣαν
3379 1076 3517 1146 ἔχων
3555 1074 3740 1146 κύκλῳ
3775 1072 3859 1130 τοῦ

2293 1170 2646 1242 περιστομίου
2667 1212 2682 1236 ,
2719 1170 2879 1243 ἔργον
2908 1172 3175 1240 ὑφάντου,
3205 1168 3303 1240 τὴν
3335 1167 3611 1238 συμϐολὴν
3640 1185 3857 1237 συνυφα-

2295 1261 2500 1329 σμένην
2543 1258 2601 1322 ἐξ
2632 1258 2830 1325 αὑτοῦ,
2875 1260 2962 1312 ἵνα
3007 1259 3080 1329 μὴ
3136 1261 3299 1330 ραγῇ.
3341 1258 3451 1311 Καὶ
3493 1258 3741 1326 ποιήσεις
3769 1259 3859 1312 ὑπὸ

2290 1348 2353 1402 τὸ
2391 1348 2551 1420 λῶμα
2597 1349 2690 1402 τοῦ
2738 1350 3002 1405 ὑποδύτου
3043 1351 3325 1412 κάτωθεν,
3366 1349 3500 1402 ώσεί⁸
3548 1348 3859 1422 ὲξανθούσης

2294 1441 2424 1512 ῥόας
2462 1442 2712 1511 ῥοΐσκους
2735 1422 2794 1508 ἐξ
2817 1442 3098 1507 ὑακίνθου,
3136 1443 3232 1496 καὶ
3263 1438 3555 1512 πορφύρας
3576 1481 3592 1508 ,
3625 1440 3717 1493 καὶ
3749 1458 3861 1496 κοκ-

2294 1532 2444 1584 κίνου
2476 1531 2921 1602 διανενησμένου,
2957 1532 3052 1585 καί⁵
3092 1530 3292 1601 βύσσου
3322 1530 3745 1602 κεκλωσμένης,
3771 1531 3860 1586 ὑπὸ

2292 1621 2386 1676 τοῦ
2414 1622 2664 1693 λώματος
2688 1622 2779 1676 τοῦ
2808 1623 3075 1677 ὑποδύτωά
3106 1623 3311 1695 κύκλῳ.
3338 1623 3413 1676 Τὸ
3439 1623 3575 1676 αὐτὸ
3606 1619 3739 1687 εῐδος
3765 1625 3861 1687 τοῖς

2297 1717 2559 1786 ῥοΐσκοις,
2607 1716 2700 1770 καί
2758 1715 3012 1779 κώδωνας
3065 1715 3301 1787 χιρυσοῦς
3350 1714 3635 1787 ἀναμέσον
3676 1715 3860 1769 τούτων

595 1821 704 1876 sub
726 1822 1078 1877 extremitate
1129 1821 1333 1877 tunicae
1364 1822 1422 1875 in
1458 1821 1716 1876 circuitu.
1763 1821 1832 1875 Et
1860 1820 1969 1875 erit
2008 1820 2191 1873 Aaron

2297 1809 2613 1881 περικύκλῳ
2681 1809 2834 1881 παρά
2889 1811 3109 1880 ῥοΐσκον
3158 1808 3396 1881 χρυσοῦν
3453 1808 3684 1863 κώδωνα
3712 1850 3730 1877 ,
3779 1809 3861 1863 καί

596 1912 730 1969 dum
780 1913 1028 1985 fungitur
1067 1913 1400 1978 sacerdotio,
1444 1913 1702 1969 audietur
1734 1927 1841 1967 vox
1870 1913 2010 1983 ejus,
2060 1912 2191 1966 dum

596 2004 911 2076 ingreditur
934 2005 992 2060 in
1017 2004 1280 2060 Sanctum
1310 2020 1496 2060 coram
1518 2004 1771 2070 Domino,
1795 2012 1852 2059 et
1871 2003 2001 2059 dum
2031 2018 2193 2075 egre-

594 2098 769 2163 ditur,
815 2112 886 2152 ne
937 2098 1210 2153 moriatur
1245 2098 1312 2151 ²³,
1360 2117 1379 2149 ι
1425 2096 1764 2153 Subuculam
1810 2097 1979 2168 igitur
2012 2111 2077 2151 ac
2115 2104 2195 2151 ta-

594 2190 770 2245 larem
804 2198 1037 2256 vestem,
1060 2191 1305 2245 tunicam
1346 2190 1587 2261 longam,
1634 2197 1691 2245 et
1716 2190 1786 2244 ad
1820 2189 2193 2245 amiciendum

595 2289 800 2351 aptam,
849 2291 907 2337 et
947 2297 979 2336 a
1025 2283 1168 2338 collo
1207 2283 1328 2354 ipso
1371 2283 1440 2337 ad
1489 2290 1770 2337 extremos
1822 2297 1998 2352 usque
2023 2281 2195 2352 pedes

595 2374 964 2443 pertinentem
1009 2375 1303 2445 perspicue
1336 2375 1612 2445 appellat;
1653 2390 1723 2428 ex
1760 2374 2056 2447 hyacintho
2088 2390 2192 2430 λιι-ε

597 2475 733 2531 tem,
763 2465 892 2535 quia
920 2480 1174 2536 supernae
1198 2465 1348 2520 illius
1373 2463 1806 2534 incorruptionis
1837 2472 1922 2518 est
1953 2463 2192 2533 signum,

596 2572 794 2629 nempe
823 2555 1052 2613 Christi.
1118 2557 1405 2628 Ejusmodi
1448 2556 1731 2627 quidpiam
1754 2557 1950 2611 beatus
1973 2571 2193 2625 quoque

595 2647 769 2702 David
792 2647 1064 2717 praecinit,
1114 2662 1242 2702 cum
1287 2663 1356 2703 ex
1401 2663 1638 2718 persona
1670 2647 1768 2702 Dei
1795 2646 1863 2703 de
1894 2646 1983 2713 iis,
2011 2646 2108 2716 qui
2135 2646 2195 2700 in

594 2739 846 2795 ecclesiis
878 2739 1209 2795 sacerdotali
1239 2754 1469 2795 munere
1492 2739 1799 2811 funguntur
1832 2738 1970 2792 dixit
2000 2754 2013 2790 :
2045 2757 2064 2789 ι
2092 2736 2192 2792 Sa-

596 2830 853 2885 cerdotes
886 2832 1008 2901 ejus
1058 2829 1286 2885 induam
1340 2830 1567 2885 salutari
1599 2831 1664 2883 “.
1692 2849 1710 2882 ι
1757 2829 1991 2885 Induere
2027 2829 2193 2884 etiam

598 2920 895 2977 Dominum
950 2922 1139 2976 Jesum
1198 2922 1522 2986 Christum,
1586 2921 1807 2990 sapiens
1857 2920 1943 2974 vir
1997 2920 2194 2975 beatus

598 3013 804 3069 Paulus
832 3013 995 3069 nobis
1027 3013 1081 3067 in
1112 3000 1345 3084 epist0|a
1382 3012 1647 3083 praecepit
1681 3012 1727 3043 ³⁵
1765 3028 1779 3064 :
1811 3011 2027 3081 hocque
2057 3010 2191 3066 illud

2295 1900 2508 1954 ἄνθινον
2544 1900 2638 1954 ἐπὶ
2667 1901 2761 1955 τοῦ
2800 1901 3055 1973 λώματος
3093 1901 3188 1955 τοῦ
3232 1901 3495 1956 ὑποδύτου
3528 1900 3734 1972 κύκλῳ.
3767 1903 3862 1956 Καὶ

2295 1990 2446 2045 ἔσται
2489 1990 2701 2064 Ἀαρὼν
2729 1993 2786 2045 ὲν
2818 1991 2896 2063 τῷ
2916 1992 3252 2063 λειτουργεῖν
3272 1993 3513 2063 ἀκουστὴ
3548 1993 3585 2063 ἡ
3614 1991 3758 2063 φωνὴ
3782 1993 3863 2046 αὑ-

2292 2082 2411 2147 τοῦ,
2432 2085 2652 2137 εἰσιόντι
2676 2086 2755 2148 εἰς
2781 2084 3039 2158 τδἋγιον
3070 2084 3248 2139 ἔναντι
3277 2085 3506 2156 Κυρίου,
3540 2085 3641 2137 καὶ
3665 2083 3860 2149 ἐξιόντι,

2296 2174 2383 2227 ἵνα
2420 2174 2496 2247 μὴ
2523 2175 2797 2248 ἀποθάνῃ.
2845 2196 2864 2228 ι
2914 2175 3217 2247 ’Υποδύτην
3253 2176 3354 2248 μὲν
3387 2172 3479 2231 οὖν
3521 2176 3624 2230 καὶ
3654 2176 3859 2247 ποδήρη,

2295 2263 2498 2337 χιτῶνα
2531 2266 2762 2338 μακρὸν,
2797 2266 2973 2336 εὑφυᾶ
3002 2283 3063 2320 τε
3091 2267 3229 2338 πρὸς
3262 2264 3620 2337 περιστολὴν,
3655 2266 3745 2320 καὶ
3783 2266 3861 2321 τὸν

2296 2362 2361 2428 ὲκ
2410 2358 2593 2433 δειρῆς
2636 2360 2806 2431 αὐτῆς
2850 2362 2929 2424 εἰς
2964 2358 3167 2431 ἄκρους
3204 2360 3353 2413 ἰόντα
3386 2359 3598 2424 πόδας,
3631 2358 3861 2428 ὀνομάζει

2297 2454 2506 2524 σαφῶς
2551 2454 2609 2521 ἐξ
2644 2453 2900 2508 ὑακίνθου
2940 2453 3018 2518 δὲ,
3047 2455 3129 2507 ὅτι
3160 2453 3262 2522 τῆς
3312 2450 3527 2506 ἄνωθεν
3576 2450 3861 2523 ἀφθαρσίας

2296 2544 2585 2615 σύμϐολον,
2617 2545 2863 2600 τουτέστι
2893 2544 3156 2616 Χριστοῦ.
3209 2544 3487 2598 Τοιουτονὶ
3517 2545 3712 2617 γάρτοι
3733 2546 3862 2599 καὶὸ

2296 2635 2583 2701 θεσπέσιος
2638 2636 2803 2689 Δαόἰδ
2867 2635 3378 2707 προαναπεφώνηκε
3442 2637 3629 2706 λέγων
3684 2636 3755 2701 ὡς
3808 2638 3862 2689 ἐκ

2294 2727 2589 2800 προσώπου
2639 2729 2736 2782 τοῦ
2789 2729 2923 2783 Θεοῦ
2968 2729 3098 2801 περὶ
3158 2729 3267 2782 τῶν
3301 2731 3359 2783 ὲν
3405 2731 3530 2792 ταῖς
3568 2727 3861 2800 ἐκκλησίαις

2296 2819 2742 2891 ἱερουργούντων·
2801 2839 2820 2871 ι
2879 2820 3019 2883 Τοὺς
3067 2821 3232 2891 ἱερεῖς
3259 2820 3432 2891 αὐτῆς
3465 2819 3680 2874 ἐνδύσω
3708 2836 3863 2889 σωτη-

2298 2912 2441 2983 ρίαν.
2467 2932 2486 2963 ι
2536 2897 2861 2967 Ἐνδύσασθε
2884 2915 2976 2966 τὸν
2995 2912 3200 2984 Κύριον
3220 2913 3377 2984 ἡμῶν
3392 2912 3610 2984 Ἰησοῦν
3630 2914 3862 2985 Χριστὸν,

2294 3006 2389 3058 καὶ
2421 3006 2449 3056 0
2481 3005 2640 3075 σοφὸς
2666 3006 2796 3075 ἡμῖν
2830 3003 3139 3058 ἐπιστέλλει
3167 3003 3400 3068 Παῦλος.
3433 3005 3551 3058 Καὶ
3580 3005 3766 3073 τοῦτο,
3794 3000 3862 3058 οἷ-

599 3112 684 3160 est
714 3103 782 3159 de
813 3105 954 3160 ccelo
990 3104 1391 3171 habitaculum,
1425 3119 1535 3175 quo
1575 3103 1728 3157 indui
1758 3110 2102 3173 exoptamus,
2128 3102 2192 3156 il-

2299 3115 2420 3168 μαι,
2444 3096 2559 3150 ἔστι
2585 3096 2645 3149 τὸ
2667 3097 2981 3168 οἰκητήριον
3007 3094 3162 3166 ἡμῶν
3190 3095 3253 3148 τὸ
3276 3094 3334 3162 ἐξ
3362 3095 3626 3167 οὐρανοῦ,
3649 3096 3677 3149 ὃ
3693 3098 3862 3152 ἐπιπο-

598 3197 651 3251 la
672 3198 1061 3253 exsultationis
1116 3199 1325 3265 tunica,
1383 3207 1441 3253 et
1495 3197 1884 3252 indumentum
1910 3196 2188 3263 salutaris,

595 3289 749 3359 juxta
775 3289 1061 3358 prophetae
1128 3304 1318 3344 vocem
1360 3289 1428 3342 ³⁸.
1466 3287 1604 3344 Coeli
1643 3297 1829 3343 autem
1880 3287 2055 3357 ﬁgura
2110 3295 2195 3343 est

597 3380 717 3449 ipse
741 3379 1134 3449 hyacinthinus
1154 3380 1327 3444 color,
1351 3388 1416 3432 ut
1445 3387 1531 3433 est
1552 3378 1839 3432 manifeste
1863 3377 2093 3432 dictum.
2116 3378 2196 3433 Ac

597 3483 730 3523 vere
753 3468 872 3522 haec
910 3467 1140 3537 quidem
1175 3467 1323 3522 dicta
1378 3476 1525 3532 sunt,
1563 3467 1608 3522 si
1640 3468 1709 3522 de
1736 3468 1897 3523 nobis
1926 3468 2061 3538 ipsis
2105 3469 2192 3523 in-

600 3559 949 3631 telligantur;
987 3559 1175 3613 amicti
1220 3575 1457 3630 namque
1494 3559 1905 3631 incorruptione
1956 3576 2195 3632 superna

598 3664 813 3705 sumus.
848 3647 944 3703 Sin
985 3648 1102 3719 ipse
1154 3665 1375 3721 quoque
1409 3649 1663 3706 Christus
1703 3651 2045 3724 intelligatur
2080 3661 2198 3709 tan-

598 3756 765 3812 quam
797 3741 856 3797 in
888 3741 1072 3796 Aaron
1096 3757 1334 3812 persona
1370 3743 1595 3798 talarem
1617 3744 1943 3799 subuculam
1962 3745 2193 3813 habens,

597 3832 961 3889 nihilominus
988 3834 1279 3889 verissime
1328 3834 1551 3889 dicitur.
1591 3836 1686 3890 Ille
1715 3851 1952 3905 namque
1990 3836 2196 3907 Unige-

599 3923 755 3979 nitus
779 3939 903 3978 cum
923 3925 1317 3980 sitsecundum
1355 3934 1619 3979 naturam
1654 3927 1821 3991 Deus,
1857 3927 2196 3998 incorrupti-

600 4009 715 4066 bile
742 4027 903 4066 suum
941 4027 1145 4082 corpus
1177 4012 1385 4079 effecit,
1411 4021 1611 4068 etcum
1638 4014 1775 4070 illud
1795 4031 2047 4085 supernae
2069 4018 2198 4073 vita:

600 4103 808 4158 amictu
836 4103 1126 4169 induisset,
1150 4120 1380 4174 prorsus
1402 4104 1598 4160 mortis
1622 4105 1907 4161 dominatu
1925 4108 2200 4165 valentius

602 4192 862 4250 reddidit.
893 4195 1058 4265 387
1087 4195 1147 4249 In
1184 4193 1406 4250 Christo
1426 4197 1576 4249 enim
1606 4195 1912 4251 secundum
1943 4205 2198 4252 naturam

601 4284 769 4339 simul
798 4294 856 4339 et
886 4300 954 4340 ex
981 4285 1408 4355 participatione
1430 4285 1908 4365 incorruptionem
1943 4304 2008 4344 ac
2028 4289 2196 4344 vitam

600 4374 805 4442 inesse,
836 4375 968 4431 hinc
1007 4392 1230 4447 quoque
1270 4377 1581 4449 intelliges;
1616 4394 1744 4434 nam
1779 4389 1840 4436 ut
1864 4381 1960 4451 qui
1997 4396 2196 4437 secun-

2294 3192 2495 3263 θοῦμεν
2526 3188 2868 3254 ἐνδύσασθαι,
2897 3191 2927 3242 0
2953 3187 3052 3257 τῆς
3081 3187 3422 3259 εὐφροσύνης
3449 3187 3644 3258 χιτὼν,
3671 3187 3730 3242 τὸ
3756 3188 3864 3259 ἱμά-

2292 3303 2403 3339 τιον
2431 3281 2525 3336 τοῦ
2571 3279 2843 3352 σωτηρίου
2864 3319 2879 3344 ,
2909 3279 3052 3333 κατὰ
3087 3278 3186 3350 τὴν
3212 3278 3307 3331 τοῦ
3350 3280 3642 3351 προφήτου
3678 3280 3859 3350 φωνήν.

2293 3373 2538 3444 Οὐρανοῦ
2581 3373 2638 3425 δὲ
2670 3372 2840 3435 τύπος
2871 3371 2933 3423 τὸ
2969 3370 3169 3443 χρῶμα
3216 3370 3277 3424 τὸ
3322 3370 3638 3425 ὑακίνθινον
3668 3372 3863 3441 εἴρηται

2295 3464 2503 3533 σαφῶς.
2536 3462 2646 3517 Καὶ
2675 3460 2881 3532 ἀληθὴς
2911 3462 3010 3531 μὲν
3035 3462 3064 3514 0
3086 3461 3259 3530 λόγος,
3285 3461 3361 3525 ὡς
3387 3462 3471 3530 ἐφ’
3492 3462 3658 3533 ἡμῶν
3683 3460 3859 3530 αὐτῶν.

2292 3554 2743 3628 Περιὸεὸλήμεθα
2764 3553 2874 3623 γὰρ
2900 3553 3207 3624 ἀφθαρσίαν
3235 3553 3333 3626 τὴν
3353 3554 3588 3610 ἀνωθεν.
3617 3556 3679 3610 Εἰ
3705 3555 3759 3608 δὲ
3782 3555 3862 3609 καὶ

2292 3649 2456 3711 αὐτὸς
2485 3650 2657 3702 νοοῖτο
2682 3647 2939 3720 Χριστὸς,
2968 3647 3043 3710 ὡς
3072 3649 3129 3700 ὲν
3175 3646 3388 3718 ’Δαρὼν
3419 3646 3512 3700 τὸν
3542 3648 3754 3720 ποδήρη
3783 3646 3861 3700 τὸν

2296 3740 2565 3811 ὑποδύτην
2606 3738 2773 3809 ἔχων,
2808 3738 2961 3791 οὐδὲν
3000 3732 3164 3811 ἦττον
3201 3740 3334 3810 ἡμῖν
3376 3738 3592 3811 ἀληθὴς
3633 3742 3663 3793 0
3702 3739 3858 3807 λόγος.

2295 3830 2427 3894 Θεὸς
2473 3830 2583 3901 γὰρ
2626 3829 2702 3883 ὢν
2748 3829 2891 3882 κατὰ
2941 3829 3103 3897 φύσιν
3141 3831 3170 3882 0
3205 3830 3559 3902 Μονογενὴς,
3609 3830 3862 3901 ἄφθαρτον

2295 3924 2554 3979 ἀποτελεῖ
2578 3923 2639 3977 τὸ
2668 3921 2798 3975 ἴδιον
2833 3920 3015 3990 σῶμα,
3050 3922 3144 3973 καὶ
3173 3920 3285 3992 ζωῇ
3310 3923 3377 3993 τῇ
3409 3921 3620 3976 ἀνωθεν
3652 3921 3861 3992 περιϐα-

2294 4015 2402 4069 λὼν
2448 4015 2616 4079 αὐτὸ,
2658 4014 2756 4084 τῆς
2788 4011 2884 4065 τοῦ
2928 4012 3160 4067 θανάτου
3205 4011 3523 4078 πλεονεξίας
3572 4013 3732 4067 ἐτίθει
3771 4029 3860 4066 που

2297 4108 2515 4169 πάντως
2548 4108 2606 4158 ὲν
2636 4105 2917 4175 ἀμείνοσιν
2937 4121 2950 4136 ο
2988 4105 3070 4158 ὅτι
3101 4103 3210 4176 γὰρ
3253 4104 3506 4174 φυσικῶς
3549 4122 3609 4159 τε
3637 4104 3749 4175 ἅμα
3778 4104 3861 4158 καὶ

2297 4197 2614 4269 ἀμεθέκτως
2643 4197 2701 4249 ὲν
2734 4197 2956 4268 Χριστῷ
2999 4196 3095 4250 καὶ
3134 4196 3415 4268 ἀφθαρσία
3444 4197 3543 4250 καὶ
3581 4196 3713 4268 ζωὴ,
3752 4212 3861 4249 συν-

2296 4291 2448 4362 ήσεις
2476 4287 2789 4344 κάντεῦθεν.
2831 4289 2976 4359 Ἔφη
3009 4289 3107 4360 μὲν
3138 4290 3248 4360 γὰρ
3274 4289 3371 4347 ἆτε
3400 4289 3465 4362 δὴ
3488 4291 3584 4343 καὶ
3617 4289 3859 4360 ὑπάρχων

2297 4381 2439 4436 κατά
2477 4381 2639 4450 φύσιν
2680 4380 2834 4445 Θεὸς,
2884 4399 2903 4432 ι
2968 4380 3110 4449 Ἐγώ
3143 4384 3259 4453 εἰμι
3297 4384 3330 4453 ἡ
3375 4383 3673 4446 ἀνάστασις
3706 4382 3854 4450 καὶή

600 4466 737 4522 dum
773 4477 1025 4523 naturam
1057 4469 1203 4524 Deus
1232 4476 1397 4535 esset,
1434 4469 1573 4527 dixit
1602 4488 1617 4524 :
1654 4490 1673 4522 ‹
1708 4471 1824 4543 Ego
1852 4487 1975 4527 sum
2002 4488 2187 4529 resur-

2294 4474 2427 4545 ζωή.
2458 4491 2478 4525 ι
2501 4474 2773 4528 Ζωοποιού
2782 4490 2941 4543 μενος
2952 4474 3008 4529 δὲ
3032 4475 3250 4532 κατὰτὸ
3266 4473 3855 4546 ἀνθρώπινονμάσπερ

604 4559 778 4615 rectio
806 4568 864 4615 et
892 4561 1007 4615 vita
1040 4563 1107 4614 ³⁷.
1145 4580 1164 4613 ι
1191 4562 1354 4631 ⁸Ιίίθιῐι
1388 4570 1572 4619 tamen
1605 4564 1911 4620 secundum
1936 4573 2192 4620 naturam

2294 4565 2401 4635 γάρ
2426 4566 2455 4617 ὁ
2477 4565 2690 4637 Πατὴρ,
2729 4583 2749 4617 ι
2770 4565 2984 4635 κφησίν,
3020 4586 3038 4618 ι
3059 4567 3173 4637 ἔχει
3211 4566 3356 4638 ζωὴν
3383 4569 3441 4621 ὲν
3475 4567 3656 4637 ἑαυτῷ
3679 4604 3694 4630 ,
3729 4563 3856 4618 οὕτω

605 4651 912 4707 viviﬁcatus
940 4653 1259 4720 humanam,
1297 4674 1316 4705 ι
1352 4655 1506 4711 Sicut
1539 4657 1686 4712 enim
1726 4657 1907 4722 Pater,
1937 4677 1957 4709 ι
1992 4657 2192 4728 inquit,

613 4762 632 4792 ι
665 4743 832 4798 habet
861 4744 1028 4798 vitam
1062 4746 1119 4800 in
1147 4746 1465 4815 semetipso,
1496 4750 1575 4803 sic
1604 4749 1759 4804 dedit
1782 4758 1837 4804 et
1864 4750 2002 4804 Filio
2024 4750 2194 4805 vitam

602 4828 811 4890 habere
834 4835 892 4888 in
926 4836 1222 4905 semetipso
1278 4838 1343 4891 ³⁸.
1384 4861 1401 4890 ι
1431 4839 1626 4910 Igitur,
1651 4842 1871 4897 etiamsi
1900 4842 2015 4912 ipse
2032 4841 2193 4897 Chri-

607 4933 730 4981 stus
786 4925 1126 4995 intelligatur
1198 4926 1278 4993 is,
1332 4930 1427 4999 qui
1480 4946 1717 5001 superna
1781 4933 2193 5003 incorruptione

605 5017 844 5074 amictus
876 5030 998 5072 esse
1054 5015 1279 5084 dicitur,
1323 5019 1464 5073 nihil
1523 5022 1594 5075 ab
1654 5038 1742 5089 eo,
1796 5024 1948 5094 quod
1979 5024 2191 5089 deceat,

607 5109 889 5167 aberrabit
912 5109 1107 5164 oratio.
1164 5109 1244 5165 Ad
1272 5120 1551 5166 extremas
1599 5122 1783 5169 autem
1813 5125 2000 5185 partes
2021 5116 2195 5171 malo-

609 5209 831 5271 granata
887 5208 1051 5271 atque
1099 5197 1471 5255 tintinnabula
1517 5201 1729 5256 alterna
1790 5205 1967 5273 posita
2017 5215 2193 5273 erant,

609 5288 980 5361 malogranata
1032 5289 1257 5360 quidem
1319 5299 1596 5358 contexta,
1666 5292 2032 5351 tintinnabula
2055 5313 2192 5353 vero

607 5394 796 5445 aurea,
828 5390 888 5435 ut
915 5391 972 5437 et
989 5396 1184 5437 sonum
1209 5399 1339 5440 vere
1360 5383 1647 5451 haberent,
1674 5393 1751 5451 et,
1784 5385 1915 5439 dum
1938 5389 2191 5459 ingrede-

610 5480 770 5525 retur.
794 5471 974 5527 Aaron
1025 5472 1082 5527 in
1127 5473 1327 5531 Sancta
1358 5485 1696 5543 sanctorum,
1734 5478 1857 5549 ejus
1881 5477 2189 5548 ingressum

608 5561 956 5617 notissimum
977 5563 1235 5621 facerent.
1260 5568 1319 5623 Id
1346 5585 1565 5641 quoque
1588 5569 1897 5642 symbolum
1929 5579 2014 5627 est
2042 5572 2190 5629 illius

679 5674 725 5704 ’³
748 5672 922 5728 Exod.
956 5691 1145 5743 xxvm,
1186 5677 1378 5736 31-55.

1485 5682 1532 5715 ³³
1556 5683 1699 5740 Psal.
1725 5699 1902 5755 cxxxr,
1935 5684 2022 5740 16.

608 5743 659 5779 ⁸⁸
682 5743 841 5802 Joau.
870 5760 922 5811 ιν,
943 5746 1035 5801 26.

2127 5691 2172 5723 ’⁸
2196 5690 2355 5748 Rom.
2381 5709 2496 5758 xm,
2530 5693 2715 5753 12-14.

2291 4657 2387 4710 καὶ
2413 4656 2494 4727 τῷ
2523 4657 2636 4727 ne)
2673 4657 2875 4711 δέδωκε
2913 4658 3059 4729 ζωὴν
3099 4658 3245 4730 ἔχειν
3279 4662 3338 4713 ἐν
3371 4659 3571 4728 ἑαυτῷ.
3612 4680 3633 4712 ι
3667 4655 3855 4713 οὐκοῦν

2292 4748 2398 4802 κᾶν
2427 4749 2476 4801 εἰ
2505 4748 2667 4813 αὐτὸς
2693 4753 2868 4804 νοοῖτο
2909 4751 3164 4820 Χριστὸς,
3197 4753 3227 4804 0
3256 4751 3568 4822 ἀφθαρσίαν
3596 4751 3696 4822 τὴν
3728 4749 3854 4803 ἂνω·

2294 4839 2384 4894 θεν
2428 4838 2854 4912 περιϐεϐλῆσθαι
2893 4841 3217 4913 λεγόμενος,
3260 4842 3382 4912 οὐχὶ
3428 4841 3527 4896 τοῦ
3572 4840 3856 4911 πρέποντος

2293 4929 2556 5002 έξοίχοιτο
2578 4930 2645 4984 ἂν
2675 4931 2704 4984 0
2740 4930 2916 5000 λόγος.
2949 4931 3093 5002 Πρὸς
3127 4930 3185 4985 δέ
3212 4948 3276 5001 γε
3306 4932 3371 5004 δὴ
3400 4935 3514 4997 τοῖς
3540 4933 3691 4987 κάτω
3712 4929 3856 4998 τυχὸν

2296 5024 2509 5094 μέρεσι,
2551 5024 2757 5095 ῥοΐσκοι
2794 5025 2890 5077 καὶ
2918 5023 3169 5087 κώδωνες
3200 5025 3674 5095 παραλλάσσοντες
3696 5021 3761 5075 τὰ
3778 5021 3857 5088 ἑγ-

2292 5116 2543 5186 κείμενα·
2568 5116 2662 5170 καὶ
2686 5117 2898 5187 ῥοΐσκοι
2930 5116 3031 5187 μὲν
3053 5115 3130 5180 ὼς
3152 5118 3577 5189 συνυφασμένοι,
3604 5116 3789 5188 χρυσοῖ
3806 5113 3855 5167 δὲ

2292 5207 2343 5260 οἱ
2377 5205 2645 5271 κώδωνες⁹
2676 5207 2751 5271 ὡς
2797 5207 2864 5262 ἀν
2905 5207 3094 5281 εὖηχοί
3122 5226 3183 5262 τε
3215 5205 3325 5264 εἶεν
3359 5211 3500 5266 κατὰ
3536 5209 3600 5262 τὺ
3626 5206 3820 5278 ἀληθὲς
3840 5244 3852 5265 ι

2296 5298 2394 5353 καὶ
2449 5297 2555 5369 μὴν
2605 5299 2704 5352 καὶ
2742 5298 3056 5365 ·είσθέοντος
3100 5301 3311 5374 Ἀαρὼν
3348 5303 3431 5367 εἰς
3464 5302 3533 5356 τὰ
3571 5301 3737 5369 Ἀγια
3760 5294 3854 5350 τῶν

2299 5392 2491 5460 ἁγίων,
2513 5393 2924 5466 ἐπισημοτάτην
2951 5394 3116 5449 αὐτοῦ
3142 5395 3407 5450 ποιῶνται
3431 5396 3530 5467 τὴν
3557 5389 3849 5463 εἰσδρομὴν-

2294 5482 2572 5554 Σύμὸολον
2595 5485 2651 5538 δὲ
2677 5486 2770 5540 καὶ
2792 5486 2954 5541 τοῦτό
3000 5490 3118 5542 ἐστι
3146 5487 3249 5559 τῆς
3276 5487 3541 5558 σωτηρίου
3574 5485 3673 5537 καὶ
3698 5478 3851 5548 σοφῆς

2294 5574 2628 5647 οἰκονομίας,
2678 5579 2821 5651 φημί
2850 5580 2915 5651 δὴ
2948 5580 3047 5634 τοῦ
3093 5580 3239 5635 θείου
3288 5598 3347 5635 τε
3382 5581 3478 5634 καὶ
3515 5567 3851 5644 εὐαγγελικοῦ

2830 5693 3008 5753 “Isa.
3036 5711 3147 5763 Lm,
3192 5695 3275 5752 10.
3380 5695 3426 5728 ³⁷
3465 5693 3618 5751 Joan.
3648 5704 3724 5744 ιι.
3769 5683 3849 5742 25.
