4142 6296
331 311 438 367 755

1077 302 1166 358 DE
1204 297 1646 357 ADOBATIONE
1685 296 1752 373 1N
1793 294 2066 352 SPIRITU
2102 294 2191 350 ET
2233 293 2600 351 VERITATE.
2641 293 2771 349 LIB.
2813 293 2904 348 XI.

3498 291 3607 359 Ὶιβ

338 424 720 499 κηρύγματος,
738 417 1038 482 οίονείπως
1065 419 1286 472 ἃπασαν
1322 414 1785 487 ⁴ιτ.ερι6ομὸοὖντος·
1820 414 1917 468 πό-

2037 412 2277 468 ;alutaris
2308 421 2472 481 atque
2503 410 2769 481 sapientis
2793 407 3238 479 dispensationis,
3260 405 3479 473 divinae,
3520 409 3610 462 in-

334 515 441 583 λιν,
462 515 552 567 ὅτε
585 512 651 566 δι’
674 512 821 583 ἡμᾶς
849 507 1171 580 είσὸἐδηκεν
1200 510 1281 572 είς
1305 507 1375 560 τὰ
1397 508 1563 576 Ἀγια
1591 505 1700 559 τῶν
1728 506 1923 576 ἁγίων,

334 607 565 661 αἰωνίαν
597 604 871 674 λύτρωσιν
899 600 1203 673 εὑράμενος
1224 642 1239 664 ,
1288 602 1317 653 6
1352 600 1524 670 μέγας
1557 598 1711 670 ἡμῶν
1742 601 1927 669 ἀρχιεο

338 700 488 772 ρεὺς,
519 695 581 749 τὸ
622 693 855 764 ἄμωμον
889 691 1058 765 θῦμα.
1099 712 1117 745 ι
1154 693 1270 763 Mog!
1306 692 1417 762 γὰρ
1460 691 1748 763 προσφορᾷ
1777 705 1926 742 τετε-

335 787 563 842 λείωκεν
601 786 682 848 εἰς
727 784 791 837 τὸ
835 784 1082 854 διηνεκὲς
1115 785 1244 847 τοὺς
1285 783 1703 854 ἁγιαζομένους.
1760 801 1777 833 ι
1831 780 1928 834 Αί-

336 894 508 950 νιγμα
533 877 590 931 δὲ
624 875 819 947 ὥσπερ
850 876 954 929 οὑιι
994 876 1319 946 ἀσυμφανὲς
1339 917 1353 942 ,
1397 873 1491 928 τοῦ
1526 874 1625 944 μὲν
1654 873 1925 947 σωτηρίου

339 968 697 1043 κηρύγματος
726 969 775 1021 oi
806 969 871 1021 ὲκ
891 966 1092 1040 χρυσοῦ
1115 966 1401 1037 γεγονότες
1429 966 1694 1028 κώδωνες,
1721 965 1927 1019 πόλεων

340 1063 398 1119 δὲ
423 1062 474 1117 oi
500 1062 733 1134 ροἳσκοι.

1653 1152 1675 1185 Ι

412 1322 625 1382 ΠΑΛΛ.
667 1321 805 1377 Τίνα
837 1321 1040 1392 τρόπον
1057 1338 1072 1387 ;
1685 1351 1689 1355 .

412 1415 578 1469 ΚΥΡ.
629 1414 719 1477 Ὦς
751 1414 861 1484 γὰρ
900 1413 1055 1476 πόλις
1094 1411 1175 1465 ivi.
1210 1412 1309 1482 μὲν
1354 1411 1552 1477 ἔξωθεν
1595 1412 1931 1485 περιδέδεται

343 1508 542 1581 πύργῳ
562 1547 576 1571 ,
617 1507 813 1579 μυρίας
843 1505 900 1559 δὲ
927 1505 1058 1569 ὅσας
1090 1506 1149 1557 ὲν
1179 1506 1345 1574 ἑαυτῇ
1377 1505 1592 1575 συνέχει
1631 1506 1730 1570 τὰς
1758 1523 1932 1561 συνοι-

346 1600 493 1663 κίας*
512 1599 603 1653 τὸν
624 1598 807 1663 αὑτὸν,
827 1593 1221 1669 οἶμαιδτρόπον
1247 1596 1420 1651 καὶτὸ
1444 1598 1638 1669 χρῆμα
1674 1598 1773 1669 τῆς
1803 1600 1932 1670 ῥόας

347 1693 429 1746 ἑνὶ
488 1691 588 1763 μὲν
632 1690 832 1755 ἔξωθεν
879 1689 1091 1762 ἐλύτρῳ
1153 1689 1477 1753 διέζωσται,
1534 1690 1737 1744 ἔσωθεν
1783 1692 1839 1744 δὲ
1882 1695 1930 1745 oi

2027 518 2212 574 quam,
2246 512 2410 573 atque
2440 503 2768 574 evangeliea:
2805 498 3231 573 praedicationis,
3265 515 3372 568 qua
3408 512 3609 571 pr0pe—

2029 595 2257 651 modnm
2293 596 2567 651 universae
2592 595 2760 650 urbes
2785 593 3211 655 circumsonant,
3233 606 3357 646 cum
3386 596 3612 661 propter

2026 703 2129 748 nos
2158 687 2408 743 introivit
2441 689 2496 741 in
2522 687 2721 743 Sancta
2760 694 3101 750 sanctorum,
3122 694 3328 740 aeterna
3354 681 3610 751 redemp-

2027 781 2177 841 tione
2238 781 2481 844 inventa,
2531 793 2781 835 summus
2819 778 2910 831 ille
2943 775 3234 843 Sacerdos,
3268 775 3611 843 immaculata

2028 871 2274 928 victima.
2316 889 2334 921 ι
2381 870 2498 925 Una
2555 870 2704 924 enim
2768 866 3046 923 oblatione
3100 867 3499 921 consummavit
3554 866 3612 919 in

2028 972 2357 1035 perpetuum
2392 961 2766 1017 sanctiﬁcatos
2798 962 2863 1014 ".
2930 978 2948 1010 ›
3000 958 3141 1013 Sunt
3172 968 3354 1013 autem
3388 960 3615 1027 minime

2028 1057 2328 1112 obscurum
2366 1054 2599 1125 aenigma
2648 1051 3057 1124 praedicationis
3090 1050 3313 1121 quidem
3363 1051 3616 1117 salutaris

2030 1141 2123 1197 illa
2154 1158 2221 1197 ex
2258 1156 2395 1197 auro
2422 1140 2562 1196 facta
2590 1137 2981 1203 tintinnabula,
3019 1136 3241 1192 urbium
3271 1145 3456 1192 autem
3502 1151 3618 1191 ma-

2030 1234 2334 1305 logranata.

2101 1325 2299 1381 PALL.
2333 1324 2453 1392 Quo
2486 1322 2707 1379 tandem
2733 1317 2933 1378 modo?

2102 1417 2260 1474 CYR.
2293 1418 2365 1474 Ut
2392 1416 2540 1472 enim
2564 1415 2698 1481 urbs
2723 1430 2834 1470 uno
2870 1415 2963 1470 illa
2993 1413 3215 1485 quidem
3246 1412 3619 1481 exstrinsecus

2033 1526 2193 1564 muro
2218 1509 2617 1582 circumdatur,
2647 1509 2808 1579 longe
2856 1516 3040 1561 autem
3092 1506 3328 1577 plurima
3384 1505 3529 1560 intra
3560 1522 3619 1571 so

2033 1599 2311 1656 domicilia
2356 1600 2621 1664 continet,
2676 1599 2871 1663 eodem
2922 1613 3141 1669 quoque
3193 1595 3358 1651 modo
3414 1595 3619 1651 malum

2032 1701 2324 1763 granatum
2376 1706 2489 1755 uno
2529 1691 2873 1746 extrinsecus
2921 1689 3203 1760 putamine
3229 1688 3486 1758 cingitur,
3523 1689 3620 1743 sed

345 1782 535 1835 κόκκοι
553 1781 776 1853 χιτῶσιν
801 1783 1003 1852 ἰσχνοῖς
1030 1782 1274 1853 ἀλλήλων
1292 1781 1745 1852 ἁποτειχίζονται.
1772 1783 1931 1852 μόνον

2037 1783 2267 1845 interius
2320 1799 2489 1853 grana
2545 1783 2845 1838 subtilibus
2898 1782 3099 1848 tunicis
3154 1790 3411 1850 tanquam
3446 1779 3622 1845 muris

343 1871 401 1927 δὲ
421 1873 542 1945 οὑχὶ
565 1871 913 1942 συλλέγονται
940 1874 1082 1927 κατὰ
1103 1875 1398 1939 συνοικίας.
1435 1875 1506 1926 "ll
1532 1874 1632 1944 οὑχ
1658 1868 1760 1926 ὦδε
1783 1874 1928 1945 ἔχεις

415 2060 627 2114 ΠΑΔΛ.
663 2060 949 2133 Σύμφημι.

416 2153 584 2207 ΚΥΡ.
624 2153 825 2209 Κὼδων
860 2153 923 2223 δὴ
944 2148 1037 2208 οῦν
1066 2156 1198 2226 παρ’
1230 2155 1439 2229 ἑκάστῃ
1461 2157 1580 2229 ρόᾳ·
1612 2158 1934 2226 διδάσκαλος

344 2242 453 2315 γὰρ
478 2243 610 2317 παρ’
637 2243 838 2315 ἑκάστῃ
873 2243 1045 2309 πόλει,
1068 2247 1134 2316 τῇ
1160 2244 1267 2298 τῶν
1301 2245 1461 2300 θείων
1483 2247 1773 2320 δογμάτων
1795 2252 1934 2305 ἀπο-ν

344 2336 615 2407 κτυπήσει
653 2336 749 2390 καὶ
786 2335 1019 2407 εὑηχίᾳ,
1057 2338 1299 2410 φανερὰν
1333 2338 1505 2391 ἆπασι
1539 2340 1801 2405 καθιστὰς
1837 2342 1933 2396 τοῦ

345 2427 599 2498 Σωτῆρος
622 2426 778 2499 ἡμῶν
795 2428 893 2500 τὴν
914 2430 993 2492 είς
1015 2428 1083 2482 τὰ
1104 2429 1269 2498 Ἅγια
1293 2430 1401 2484 τῶν
1422 2432 1592 2501 ἁγίων
1614 2433 1934 2505 εἰσδρομὴν.

361 2518 701 2588 Ἐπήρτηται
750 2517 808 2572 δὲ
847 2520 941 2572 καὶ
994 2519 1160 2591 δεῖμα
1204 2519 1437 2575 Θανάτου
1476 2524 1591 2584 τοῖς
1635 2523 1935 2594 ἱερουργεῖν

350 2608 818 2680 ιπιτεταγμένοις,
847 2611 966 2682 ἦτοι
994 2611 1071 2682 τῷ
1107 2610 1337 2682 Ἀαρὼν,
1374 2614 1455 2676 εἰς
1481 2614 1582 2684 τὴν
1609 2614 1772 2683 ἁγίαν
1799 2633 1937 2686 σκη-

355 2699 473 2771 νὴν,
505 2702 552 2754 εί
590 2701 663 2772 μὴ
711 2702 1096 2774 περιδομϐοῖεν
1138 2701 1196 2756 εὖ
1241 2704 1386 2775 μάλα
1433 2704 1541 2758 τῶν
1585 2705 1854 2760 κωδώνων
1885 2709 1935 2760 οἱ

356 2791 575 2846 κτύποι.
603 2793 805 2864 Χρῆμα
828 2794 935 2865 γὰρ
960 2795 1257 2864 ἐπισφαλὲς
1301 2797 1699 2870 διδασκάλοιςή
1733 2801 1930 2870 σιωπή.

357 2883 465 2937 Καὶ
491 2883 645 2939 τοῦτό
670 2887 820 2940 ἐστιν
849 2885 1092 2958 ἐναργῶς
1115 2927 1130 2953 ,
1162 2889 1302 2960 ὅπερ
1340 2888 1443 2961 ἔφη
1479 2890 1712 2959 Παῦλος,
1750 2910 1769 2945 ι
1801 2893 1938 2952 υὺαὶ

354 2975 463 3052 γάρ
499 2977 590 3047 μοί
619 2979 789 3044 ἐστιν,
822 2978 919 3032 ἐὰν
950 2979 1024 3050 μὴ
1058 2979 1520 3052 εὐαγγελίζωμαι.
1560 3001 1577 3033 ι

423 3347 591 3400 ΚΥΡ.
626 3347 736 3401 Καὶ
776 3348 911 3418 πρός
960 3365 1023 3417 γε
1056 3347 1121 3421 δὴ
1148 3348 1357 3412 τούτοις
1386 3363 1400 3377 ·
1443 3366 1459 3398 ι
1499 3349 1608 3402 Καὶ
1656 3351 1936 3420 ποιήσεις,

354 3438 517 3509 φησὶ,
550 3439 782 3494 πέταλον
815 3441 1050 3513 χρυσοῦν
1070 3482 1084 3506 ,
1121 3442 1363 3514 καθαρὸν
1389 3486 1403 3509 ,
1462 3442 1556 3496 καὶ
1600 3441 1940 3507 ὲκτυπὼσεις

356 3532 417 3584 ὲν
442 3530 588 3600 αὑτῷ
606 3532 908 3603 ὲκτὺπωμα
941 3533 1257 3605 σφραγῖδος,
1302 3535 1575 3605 Ἀγίασμα
1603 3536 1814 3607 Κυρίῳ,
1847 3536 1940 3589 καὶ

356 3624 637 3695 ἐπιθήσεις
656 3628 787 3680 αὑτὸ
809 3629 901 3681 ἐπὶ
924 3628 1180 3682 ὑακίνθου
1206 3630 1618 3700 κεκλωσμένης.
1651 3631 1758 3684 Καὶ
1786 3629 1940 3684 ἔσται

355 3719 451 3772 ἐπὶ
481 3720 579 3789 τῆς
613 3720 812 3791 μίτρας
837 3762 853 3786 ,
897 3722 1038 3775 κατὰ
1071 3721 1364 3791 πρόσωπον
1394 3724 1493 3792 τῆς
1530 3722 1728 3793 μίτρας
1762 3722 1937 3776 ἔσται.

356 3811 469 3865 Καὶ
499 3810 647 3865 ἔσται
669 3813 763 3865 ἐπὶ
787 3812 897 3881 τοῦ⁸
913 3813 1168 3884 μετώπου
1203 3811 1436 3883 Ἀαρών.
1461 3814 1570 3867 Καὶ
1593 3814 1778 3886 ἐξαρεῖ
1817 3815 1940 3869 Ἀα-

358 3901 471 3973 ρὼν
503 3901 571 3955 τὰ
607 3904 984 3976 ἁμαρτήματα
1026 3903 1135 3957 τῶν
1164 3904 1357 3972 ἁγίων,
1392 3905 1493 3957 ὅσα
1525 3902 1592 3957 ἂν
1640 3904 1940 3973 ἁγιὰσωσιν

355 3997 408 4048 οἱ
447 3995 555 4047 υἱοὶ
609 3995 845 4067 Ἰσραὴλ,
879 3995 1078 4058 παντὸς
1112 3995 1346 4066 δόματος
1386 3994 1495 4048 τῶν
1538 3995 1707 4063 ἁγίων
1737 3996 1939 4051 αὐτῶν.

357 4085 471 4139 Καὶ
492 4083 643 4140 ἔσται
669 4086 761 4139 ἐπὶ
781 4086 874 4140 τοῦ
900 4086 1150 4159 μετώπου
1184 4086 1392 4158 Ἀαρὼν
1415 4087 1726 4155 διαπαντὸς,
1752 4088 1941 4144 δεκτόν

354 4177 545 4240 αὐτοῖς
594 4177 776 4230 ἔναντι
828 4179 1057 4248 Κυρίου.
1114 4197 1133 4231 ι
1185 4179 1277 4245 Ἐξ
1320 4179 1575 4233 ὑακίνθου
1631 4181 1729 4249 μὲν
1767 4176 1860 4234 οῦν
1907 4183 1941 4252 ή

357 4268 548 4342 μίτρα,
578 4269 816 4340 χρυσοῦν
832 4270 887 4322 δὲ
908 4271 967 4323 τὸ
994 4271 1241 4326 πέταλον.
1281 4272 1619 4341 Ἐκτὺπωμα
1637 4272 1693 4326 δὲ
1718 4276 1774 4326 ὲν
1796 4272 1943 4344 αὑτῴ

355 4359 456 4414 καὶ
483 4358 691 4431 γραφὴ,
719 4358 781 4411 τὸ
811 4359 1048 4429 Χριστοῦ
1076 4362 1393 4431 μυστήριον,
1427 4364 1524 4415 καὶ
1556 4362 1655 4432 τῆς
1686 4363 1765 4423 είς
1795 4360 1942 4412 τόνδε

2035 1876 2181 1931 inter
2204 1891 2263 1931 se
2308 1876 2744 1946 distinguuntur,
2776 1890 2866 1939 ac,
2904 1889 3075 1944 prope
3116 1872 3371 1940 dixerim,
3403 1888 3503 1942 per
3526 1873 3623 1937 do-

2034 1967 2300 2022 micilium
2328 1968 2679 2037 colliguntur.
2703 1967 2842 2033 Num
2868 1966 2947 2033 ita
2972 1981 3030 2029 se
3052 1980 3142 2029 res
3173 1964 3375 2031 habet?

2106 2055 2306 2111 PALL.
2338 2056 2418 2111 ita
2449 2070 2697 2127 prorsus.

2105 2147 2263 2204 ΟΥΕ.
2297 2148 2752 2203 Tintinnabulum
2788 2147 2955 2220 igitur
2980 2148 3212 2219 singulis
3236 2148 3624 2219 maiogranatis

2035 2240 2355 2313 adiunctum
2390 2248 2494 2306 est;
2521 2256 2647 2294 nam
2672 2249 2732 2307 et
2768 2239 3071 2310 unicuique
3107 2239 3231 2294 urbi
3262 2255 3397 2295 suus
3447 2240 3624 2311 magi-

2036 2340 2173 2398 ster,
2201 2332 2320 2403 qui,
2366 2331 2680 2387 divinarum
2746 2331 3166 2412 disciplinarum
3211 2331 3403 2395 sonitu
3458 2339 3626 2403 atquo

2038 2433 2330 2495 concentu,
2358 2425 2655 2492 Salvatoris
2678 2426 2850 2490 nostri
2876 2427 2930 2480 in
2963 2423 3160 2479 Sancta
3191 2432 3504 2487 sanctorum
3535 2422 3624 2477 in-

2036 2536 2284 2597 gressum
2299 2520 2554 2581 omnibus
2577 2520 2837 2581 declaret.
2858 2518 3215 2589 impendebat
3229 2527 3415 2573 autem
3432 2523 3625 2572 mortis

2036 2623 2218 2673 metus
2258 2614 2326 2671 iis
2358 2613 2562 2683 quibus
2595 2627 2822 2671 munere
2851 2609 3155 2668 sacerdotis
3181 2610 3238 2664 in
3270 2609 3625 2665 tabernaculo

2036 2705 2185 2776 fungi
2202 2704 2590 2759 demandatum
2622 2713 2759 2766 erat,
2778 2717 2975 2772 nempe
3009 2701 3213 2768 Aaron,
3229 2700 3335 2756 nisi
3363 2701 3629 2767 tintinna-

2038 2797 2165 2857 bula
2199 2797 2433 2857 maxime
2465 2794 3006 2863 circumstreperent.
3033 2793 3128 2867 Est
3150 2793 3298 2848 enim
3344 2793 3625 2858 silentium

2037 2889 2357 2944 doctoribus
2390 2889 2446 2941 in
2480 2887 2672 2957 primis
2694 2886 3098 2958 periculosum:
3126 2884 3295 2956 idque
3338 2884 3626 2957 perspicue

2039 2976 2175 3031 illud
2237 2986 2341 3041 est,
2379 2978 2527 3046 quod
2553 2977 2754 3039 Paulus
2781 2975 2858 3030 ait
2892 2992 2904 3028 :
2947 2994 2963 3027 ι
2995 2975 3086 3030 Va:
3139 2975 3289 3041 enim
3341 2974 3478 3029 mihi
3518 2980 3625 3042 est,

2039 3068 2145 3122 nisi
2173 3068 2622 3137 evangelizavcro
2647 3069 2714 3121 "'.
2755 3087 2773 3119 ι

422 3161 636 3217 ῙΙΔΔΛ.
669 3160 885 3216 Ἔοικεν
906 3177 919 3192 ·
944 3160 1307 3235 διατεκμαίρῃ
1336 3162 1445 3235 γὰρ
1474 3163 1537 3235 δὴ
1575 3165 1670 3218 καὶ
1700 3164 1819 3218 λίαν
1844 3165 1932 3234 όρ-

2111 3132 2417 3214 l'ALi..vlta
2441 3159 2674 3214 videtur.
2705 3159 2838 3215 Nam
2860 3159 3006 3214 haud
3033 3159 3174 3221 male
3199 3160 3443 3231 conjicis.

2109 3353 2279 3426 388
2314 3353 2472 3409 CYR.
2518 3353 2788 3419 Praeterea
2833 3367 2846 3403 :
2892 3370 2907 3400 ι
2948 3349 3165 3413 Facms,
3222 3349 3430 3420 inquit,
3466 3349 3628 3405 lamis

2041 3462 2165 3502 nam
2217 3462 2439 3501 auream
2485 3461 2678 3516 puram
2706 3486 2721 3510 ,
2762 3454 2818 3500 et
2869 3444 3088 3509 caelahis
3130 3443 3185 3498 in
3218 3458 3284 3513 ea
3314 3445 3627 3511 caelaturam

2040 3539 2225 3611 sigilli,
2263 3539 2636 3595 Sanetiﬁcatio
2684 3537 2950 3602 Domino,
3011 3545 3065 3591 et
3115 3537 3365 3607 importes
3398 3535 3532 3591 illud
3571 3534 3628 3591 in

2042 3631 2338 3704 hyacintho
2366 3640 2529 3694 torta,
2564 3638 2621 3686 et
2650 3630 2762 3686 erit
2801 3644 2970 3707 super
3008 3629 3227 3683 mitram
3255 3634 3381 3681 ante
3432 3626 3629 3682 faciem

2042 3728 2239 3790 mitrae,
2267 3733 2321 3780 et
2366 3725 2472 3781 erit
2496 3726 2552 3779 in
2597 3724 2777 3795 fronte
2809 3724 2989 3779 Aaron
3025 3740 3038 3776 :
3068 3731 3126 3790 et
3168 3721 3410 3792 portabit
3448 3721 3627 3784 Aaron

2041 3826 2261 3887 peccata
2288 3824 2621 3881 sanctorum,
2651 3830 2993 3888 quaecunque
3048 3812 3512 3882 sanctiﬁcaverint
3535 3812 3631 3867 ﬁlii

2043 3908 2230 3972 Israel,
2269 3907 2450 3962 omnis
2500 3907 2629 3965 doni
2673 3916 2986 3971 sanctorum
3032 3906 3299 3977 ipsorum.
3334 3906 3403 3969 Et
3430 3905 3540 3969 erit
3576 3903 3631 3960 in

2041 4000 2222 4063 fronte
2250 4000 2432 4056 Aaron
2458 4011 2748 4081 perpetuo,
2781 3998 3117 4070 acceptabile
3151 3999 3286 4070 ipsis
3313 4014 3497 4061 coram
3522 3999 3633 4054 Do-

2044 4094 2194 4148 mino
2225 4093 2287 4146 ³¹.
2320 4112 2337 4144 ι
2382 4077 2463 4148 Et
2506 4077 2803 4165 hyacintho
2854 4091 3021 4162 igitur
3062 4091 3245 4157 mitra,
3268 4092 3471 4147 lamina
3500 4107 3632 4147 vero

2042 4200 2210 4240 aurea
2233 4194 2352 4250 est;
2392 4184 2482 4238 illa
2518 4194 2701 4238 autem
2738 4184 2992 4238 cmlatura
3032 4191 3195 4251 atque
3240 4181 3538 4251 descriptio
3575 4181 3631 4237 in

2044 4293 2108 4332 ea
2132 4286 2353 4331 exarata
2386 4277 2565 4345 ipsum
2620 4275 2826 4330 Christi
2879 4274 3198 4345 mysterium
3242 4281 3381 4335 erat,
3419 4280 3474 4326 et
3513 4274 3632 4343 ejus

2047 4368 2101 4422 in
2125 4368 2391 4422 mundum
2412 4367 2558 4421 hunc
2586 4366 2862 4420 missionis
2886 4365 3112 4420 evidens
3128 4363 3448 4435 praedictio:
3478 4380 3635 4419 sanc-

354 4450 451 4503 τδν
516 4449 720 4521 κόσμον
787 4449 1088 4519 ἀποστολῆς
1161 4451 1617 4522 προαναφὼνησις
1679 4452 1936 4523 ἐναργής.

2051 4457 2276 4512 tiﬁcatio
2314 4456 2483 4520 enim,
2512 4457 2608 4519 ait,
2630 4455 2881 4510 Domino.
2908 4453 3106 4510 Annon
3139 4454 3540 4510 sanctiﬁcatum
3575 4469 3632 4510 se

371 4541 645 4614 ’Δγίασμα
666 4541 797 4614 γὰρ,
820 4542 977 4612 φησι,
1002 4540 1288 4612 Κυρίῳ.Ἦ
1311 4543 1428 4611 οὑχὶ
1451 4538 1769 4612 ὲνηγιᾶσθαι
1795 4542 1943 4613 παρά

355 4635 456 4690 τοῦ
485 4635 619 4690 Θεοῦ
648 4636 743 4689 καὶ
786 4633 997 4707 [ἰατρὸς
1037 4633 1229 4687 ἑαυτὸν
1270 4634 1374 4704 ἔφη
1424 4634 1607 4702 σαφῶς
1648 4636 1676 4688 6
1738 4634 1947 4704 Ἐμμα-

355 4726 561 4796 νοοήλ;

432 4818 639 4873 ΠινΛΛ.
671 4818 797 4881 Ναὶ,
837 4816 1327 4890 μεμνήσομαιίγὰρ
1373 4818 1647 4881 Ἰουδαίοις
1669 4819 1943 4887 λέγοντος,

361 4929 386 4965 ο
424 4913 489 4966 Εί
518 4912 757 4976 ἐκείνους
785 4909 905 4965 εἷπε
944 4914 1118 4976 θεοὺς.
1144 4913 1278 4985 πρὸς
1308 4911 1402 4975 οὓς
1425 4913 1453 4966 ό
1477 4912 1633 4982 λόγος
1662 4911 1796 4965 Θεοῦ
1822 4911 1944 4979 ὲγέ-

355 5021 502 5073 νετο,
536 5004 629 5058 καὶ
666 5005 726 5057 οὑ
753 5004 975 5058 δύναται
1027 5005 1252 5077 λυθῆναι
1286 5006 1319 5075 ἡ
1357 5003 1567 5076 Γραφὴ,
1603 5003 1661 5056 ὃν
1691 5004 1720 5056 6
1754 5002 1943 5074 Πατὴρ

352 5096 578 5167 ὴγίασε,
602 5096 695 5151 καὶ
733 5096 1051 5161 ᾁπέστειλεν
1075 5098 1153 5156 είς
1181 5096 1272 5149 τὸν
1307 5098 1532 5167 κόσμον,
1565 5096 1724 5167 ὑμεῖς
1754 5093 1941 5165 λέγετε

354 5190 442 5244 ὅτι
472 5188 843 5258 Βλασφημεῖς,
872 5189 952 5240 ὅτι
986 5182 1158 5252 εἷπον,
1188 5187 1315 5251 Υἱὸς
1345 5187 1479 5241 Θεοῦ
1509 5189 1624 5257 εἰμι
1651 5202 1667 5252 ;
1705 5205 1723 5238 ι

432 5274 597 5338 ΚΥΡ.
653 5280 1005 5350 Ἐνηγιᾶσθαι
1053 5278 1109 5331 δὲ
1141 5279 1269 5332 ὅταν
1299 5278 1433 5351 λέγῃ
1479 5279 1629 5351 παρὰ
1678 5277 1772 5332 τοῦ
1807 5275 1942 5331 Θεοῦ

358 5375 458 5441 καὶ
490 5373 703 5448 Πατρὺς
735 5372 924 5427 ἑαυτὸν
951 5373 979 5426 6
1011 5371 1155 5434 Υἱὸς,
1195 5370 1257 5425 τὸ
1295 5372 1456 5425 οἱονεὶ
1494 5369 1943 5443 προκεχειρίσθαι

356 5485 420 5522 τε
445 5468 540 5523 καὶ
589 5463 929 5520 ἀπεστάλθαι
969 5462 1139 5536 δηλοῖ.
1183 5461 1457 5534 ’Λγίασμα
1503 5462 1566 5535 δὴ
1592 5460 1685 5518 οῦν
1711 5462 1943 5537 Κυρίου,

362 5561 520 5631 φησὶ,
547 5557 692 5612 τοῦτ’
717 5555 885 5622 ἐστιν,
920 5555 1000 5618 είς
1027 5552 1177 5607 τόνδε
1205 5551 1297 5606 τὸν
1326 5553 1528 5624 κόσμον
1552 5554 1823 5621 ἀνάδειξις
1850 5553 1944 5607 καὶ

440 5738 488 5772 ¹⁹
506 5738 741 5803 Hebr.x,
765 5738 851 5792 14.
930 5735 972 5769 ³ο
1007 5736 1028 5790 1
1057 5735 1182 5792 Cor.
1209 5751 1282 5798 rx,
1314 5735 1398 5822 16.
1477 5737 1517 5770 ³¹
1543 5736 1712 5794 Exod.
1735 5752 1918 5806 nun,

2038 5735 2127 5794 58.
2206 5735 2247 5771 ”
2288 5735 2441 5794 Joan.
2474 5749 2526 5802 χ,
2556 5732 2746 5789 54-56.

683 5831 955 5894 ΡΑτῐιοι.
1001 5827 1115 5889 Gn.
1163 5819 1424 5891 LXVIII.

2047 4562 2167 4604 esse
2189 4564 2218 4602 a
2245 4548 2359 4602 Deo
2382 4554 2437 4601 et
2467 4548 2624 4602 Patre
2650 4546 2941 4618 perspicue
2976 4546 3115 4601 dixit
3140 4546 3499 4601 Emmanuel?

2111 4810 2305 4867 PALL.
2345 4809 2505 4868 Certe
2535 4826 2547 4861 :
2582 4823 2760 4878 neque
2802 4822 2948 4862 enim
2987 4822 3073 4863 me
3123 4806 3406 4877 fugiteum
3428 4805 3635 4863 Iudaeis

2048 4901 2252 4959 dixisse
2288 4919 2300 4953 :
2348 4920 2365 4951 ι
2402 4898 2457 4954 Si
2508 4899 2630 4953 illos
2673 4897 2813 4954 dixit
2854 4896 2990 4959 deos
3023 4895 3090 4959 ad
3135 4910 3276 4965 quos
3304 4908 3487 4948 sermo
3532 4893 3628 4949 Dei

2048 4992 2226 5048 factus
2257 4999 2371 5056 est,
2395 4999 2452 5046 et
2472 5007 2583 5046 non
2610 4997 2789 5062 potest
2816 4989 2952 5042 solvi
2998 4986 3312 5057 Scriptura,
3335 4999 3500 5056 quem
3530 4985 3630 5040 Pa—

2051 5093 2135 5140 ter
2170 5083 2553 5148 sanctiﬁcavit,
2586 5092 2643 5138 et
2684 5081 2836 5136 misit
2871 5079 2925 5135 in
2973 5078 3263 5142 mundum,
3295 5091 3393 5130 vos
3421 5072 3626 5136 dicitis,

2050 5178 2179 5250 quia
2207 5178 2578 5248 Blaspbemas,
2612 5174 2743 5247 quia
2774 5174 2911 5238 dixi,
2935 5172 3108 5228 Filius
3145 5169 3240 5224 Dei
3266 5181 3386 5221 sum
3419 5163 3503 5218 "?
3534 5181 3552 5213 ι

2120 5267 2278 5325 CYR.
2320 5268 2506 5339 Igitur,
2527 5281 2652 5322 cum
2673 5280 2731 5320 se
2754 5281 2784 5319 a
2817 5263 2978 5320 Patre
3010 5268 3067 5314 et
3097 5260 3208 5314 Deo
3228 5253 3628 5310 sanctiﬁcatum

2047 5376 2191 5426 esse,
2216 5360 2390 5417 Filius
2417 5358 2572 5422 dicit,
2598 5374 2656 5414 se
2682 5369 2940 5427 tanquam
2967 5354 3203 5409 electum
3235 5364 3355 5405 esse
3378 5347 3601 5403 missum

2047 5468 2154 5524 que
2187 5451 2475 5525 signiﬁcat.
2527 5447 2899 5517 Sanctiﬁcatio
2941 5445 3108 5518 igitur
3135 5440 3373 5506 Domini,
3426 5437 3625 5520 inquit,

2048 5544 2104 5600 id
2150 5537 2257 5613 est,
2298 5544 2355 5599 in
2388 5544 2538 5599 hunc
2563 5541 2831 5597 mundum
2875 5535 3073 5608 iegatio
3097 5551 3159 5591 ac
3193 5532 3402 5601 missio,
3430 5530 3524 5587 sed
3558 5529 3627 5585 ad

3149 5817 3227 5879 ει
