4142 6296
602 265 711 341 in

1642 283 1698 339 Β.
1740 280 2013 338 ΟΫΒΠᾸᾸ
2050 278 2522 337 ALEXANDRINI
2560 279 2877 336 ARCHIEP.

2190 278 2522 337 XANDRINI
2560 279 2877 336 ARCHIEP.
3742 284 3823 347 Ἱιε

608 419 836 476 regnum
862 410 1040 457 tamen
1063 408 1118 455 et
1138 399 1385 472 gloriam.
1415 399 1503 453 Sic
1522 399 1670 453 enim
1692 403 1980 453 consecrat
2001 395 2181 466 ipsum
2210 402 2244 457 Α

2210 402 2256 457 Α
2280 393 2581 465 ἀποστολὴ,
2613 392 2750 465 πλὴν
2774 395 2855 458 εἰς
2889 390 3167 464 βασιλείαν
3196 389 3289 443 καὶ
3321 387 3502 456 δόξαν.
3532 394 3721 452 Τελειοί
3736 404 3823 475 γάρ

605 497 809 558 Aaron,
842 494 973 548 dum
1009 492 1066 546 in
1100 492 1218 564 ejus
1246 491 1426 545 fronte
1449 507 1676 545 aureum
1697 489 1963 544 circulum
1987 487 2141 559 ponit
2169 504 2182 540 :

606 585 989 639 universorum
1007 582 1459 637 autemDominus
1481 590 1565 636 est
1587 590 1750 651 atque
1779 581 1895 636 Rex
1911 579 2183 643 Christus,

602 673 985 728 etsecn'm‘ium
1021 680 1296 737 naturam,
1348 680 1406 726 et
1452 671 1757 725 secundum
1794 669 2185 740 ,participatio-

603 779 749 818 nem.
783 762 919 818 Cum
939 752 1089 816 enim
1130 762 1278 818 Deus
1309 778 1406 832 per
1443 771 1699 817 naturam
1741 769 1905 827 esset,
1934 761 2185 816 exinani-

598 854 680 909 vit
712 855 1091 925 semeptisum,
1131 869 1195 909 ac
1222 853 1535 909 demisitad
1566 853 1710 908 servi
1732 853 1963 907 formam
1998 854 2064 919 ³³,
2096 869 2186 908 re-

598 962 881 1018 gnumque
903 947 1124 1018 accipit,
1157 947 1302 1018 quod
1316 946 1382 1001 ad
1409 947 1711 1001 humanum
1746 944 1991 999 habitum
2013 946 2186 1016 perti-

599 1048 716 1103 net,
750 1039 873 1093 licet
893 1039 1005 1109 jam
1030 1038 1158 1093 inde
1184 1038 1252 1092 ab
1276 1038 1433 1092 initio
1457 1038 1702 1109 ejusdem
1724 1039 1965 1092 cumDeo
1991 1045 2047 1091 et
2072 1037 2188 1091 Pa-

600 1140 688 1184 tre
722 1146 1017 1185 consessus
1045 1129 1340 1198 particeps,
1377 1129 1611 1184 etsimul
1647 1144 1772 1183 cum
1817 1143 1883 1183 eo
1923 1128 2187 1182 Dominus

603 1220 852 1275 omnium
900 1236 964 1275 ac
1014 1220 1328 1275 moderator
1371 1227 1536 1275 esset.
1602 1220 1722 1276 Jam
1770 1235 1902 1275 vero
1945 1219 2186 1289 intellige

602 1327 843 1381 quonam
887 1311 1050 1365 modo
1097 1311 1315 1365 mitram
1357 1326 1424 1365 ex
1455 1311 1750 1383 hyacintho
1775 1310 2065 1376 habuerit;
2095 1310 2183 1364 cui

602 1400 819 1470 insigne
855 1401 1009 1470 regni
1058 1401 1381 1470 praeclarum
1425 1402 1649 1465 inesset,
1683 1401 1906 1466 lamina,
1939 1400 2181 1469 inquam,

602 1507 788 1546 aurea.
815 1492 910 1546 Est
952 1499 1136 1546 autem
1172 1492 1501 1564 hyacinthus
1535 1494 1659 1548 coeli
1697 1493 1910 1564 signum
1945 1510 1957 1545 :
2000 1507 2179 1546 recor-

599 1586 735 1638 dare
762 1582 928 1653 igitur
954 1581 1158 1637 Christi
1205 1582 1441 1637 dicentis
1475 1599 1486 1635 :
1524 1602 1542 1633 ι
1579 1583 1828 1653 Regnum
1859 1596 2041 1635 meum
2073 1595 2184 1634 non

601 1684 687 1729 est
727 1674 795 1729 de
830 1675 937 1728 hoc
982 1673 1189 1729 mundo
1211 1674 1276 1727 ³⁵.
1312 1693 1330 1725 ι
1360 1674 1550 1745 Neque
1598 1673 1746 1729 enim
1788 1672 2043 1729 Christus
2090 1686 2183 1724 rex

609 1777 887 1830 terrenus,
920 1765 1018 1820 sed
1068 1765 1310 1820 ctelestis
1346 1774 1451 1831 est,
1517 1765 1938 1835 universamque
1970 1772 2182 1818 creatu-
2215 1755 2253 1809 Β

605 1871 722 1910 ram
750 1856 855 1911 sub
880 1856 1114 1927 pedibus
1142 1856 1306 1912 habet
1333 1875 1343 1909 :
1378 1871 1503 1911 cum
1535 1872 1668 1911 vero
1693 1855 1995 1910 addidisset
2024 1871 2035 1906 :
2073 1876 2091 1905 ι
2116 1854 2184 1907 Et

602 1949 844 2020 portabit
888 1948 1070 2004 Aaron
1136 1956 1358 2019 peccata
1424 1954 1739 2003 sanctorum
1781 1986 1795 2012 ,
1845 1959 2182 2017 quaecunque

604 2040 1067 2096 sanctiﬁcaverint
1084 2080 1099 2106 ,
1125 2040 1304 2095 omnis
1330 2039 1460 2094 doni
1487 2048 1799 2095 sanctorum
1849 2054 2040 2093 eorum
2064 2037 2130 2101 ³⁵,
2156 2055 2174 2086 ι

603 2147 823 2187 omnem
850 2147 1133 2187 accessum
1156 2140 1319 2202 atque
1349 2131 1743 2202 perfectionem
1768 2145 1888 2186 esse
1912 2131 1968 2185 in
2025 2129 2185 2184 Chri-

604 2231 690 2277 sto
715 2232 902 2293 aperte
920 2223 1315 2279 demonstravit
1352 2238 1365 2275 :
1407 2223 1707 2294 quinetiam
1738 2220 2183 2293 justiﬁcationem

604 2323 823 2368 omnem
850 2312 906 2367 in
934 2313 1052 2383 ipso
1082 2320 1139 2368 et
1175 2328 1274 2383 per
1299 2312 1482 2383 ipsum
1517 2328 1658 2378 esse,
1684 2321 1933 2367 veterum
1964 2327 2183 2382 quoque

603 2415 955 2476 peccatorum
1012 2405 1451 2476 depositionem;
1500 2405 1668 2477 389
1708 2406 1824 2476 ipse
1853 2406 1999 2460 enim
2043 2405 2186 2459 tollit

604 2505 826 2566 peccata
856 2502 1066 2562 nostra,
1087 2506 1145 2551 et
1172 2511 1273 2567 per
1297 2497 1478 2568 ipsum
1502 2496 1866 2567 acceptabiles
1893 2495 2180 2565 efﬁcimur,

604 2587 734 2641 dum
763 2585 1068 2655 spiritualia
1102 2600 1332 2639 munera
1356 2586 1470 2641 Deo
1490 2601 1554 2640 ac
1585 2585 1733 2640 Patri
1750 2584 2055 2639 oderimus.

674 2695 871 2752 PALL.
902 2696 1072 2751 Recte
1094 2694 1193 2749 ais.

668 2788 834 2842 (ΠΒ.
884 2788 1179 2841 Immotum
1246 2800 1415 2857 porro
1465 2794 1630 2856 atque
1685 2797 2014 2857 perpetuum
2065 2786 2184 2842 fore

604 2878 907 2932 Salvatoris
939 2876 1116 2932 nostri
1136 2892 1388 2947 regnum,
1421 2889 1478 2934 et
1515 2878 1584 2933 ad
1617 2878 1829 2934 inﬁnita
1858 2881 2056 2935 saecula
2079 2881 2184 2935 du-

606 2979 878 3033 raturum,
895 2970 1157 3039 praeclare
1172 2970 1434 3035 ostendit,
1454 2971 1523 3027 de
1544 2971 1721 3026 mitrae
1737 2971 1936 3033 lamina
1958 2972 2179 3027 dicens:

614 3085 634 3117 ι
675 3065 741 3119 Et
762 3064 867 3119 erit
898 3079 1063 3134 supra
1104 3062 1341 3117 frontem
1388 3063 1570 3118 Aaron
1611 3072 1878 3134 perpetuo
1911 3064 1976 3117 ³⁸.
2014 3084 2032 3116 ι
2062 3064 2180 3131 Quo

606 3156 826 3212 tandem
846 3156 1010 3227 igitur
1031 3155 1207 3211 abibit
1226 3155 1403 3210 audax
1428 3163 1483 3211 et
1507 3156 1732 3211 insanus
1760 3154 2050 3228 impiorum
2076 3158 2184 3212 hae-

610 3249 907 3303 reticorum
960 3263 1163 3313 sermo,
1216 3248 1539 3319 nugantinm
1585 3248 1725 3314 fore,
1776 3258 1838 3305 ut
1890 3251 2183 3321 aliquando

607 3342 824 3397 desinat
843 3341 1049 3397 Christi
1074 3357 1323 3413 regnum,
1356 3351 1413 3397 et
1453 3342 1636 3397 tradat
1675 3343 1967 3412 imperium
1994 3346 2104 3398 Deo
2127 3352 2183 3399 et

607 3434 780 3498 Patri,
804 3442 859 3488 et
885 3449 915 3488 a
960 3433 1265 3489 divinitatis
1296 3450 1554 3490 consessu
1579 3435 1801 3491 recedat
1826 3436 2184 3492 Emmanuel?

608 3527 684 3580 De
708 3525 796 3579 his
826 3525 974 3580 enim
1000 3525 1138 3580 adeo
1164 3526 1323 3581 tetris
1353 3541 1418 3582 ac
1443 3527 1598 3582 vanis
1619 3526 1850 3583 docendi
1879 3529 2184 3585 rationibus

609 3618 930 3687 gloriantur,
957 3618 1158 3689 quibus
1195 3619 1303 3675 dici
1353 3636 1464 3675 non
1487 3620 1722 3676 absurde
1746 3622 1920 3691 possit
1958 3640 1970 3676 :
2016 3642 2032 3673 ι
2079 3623 2181 3676 Er-

612 3708 742 3763 ratis
788 3709 1097 3765 nescientes
1153 3709 1468 3780 Scripturas
1515 3711 1580 3764 ³⁷.
1616 3731 1634 3763 ι
1689 3711 1793 3777 En,
1843 3726 1968 3766 eum
1995 3722 2182 3782 aperte

608 3808 773 3869 atque
806 3800 1095 3870 perspicue
1120 3801 1210 3856 ille
1244 3802 1388 3857 Deus
1412 3811 1470 3858 et
1498 3803 1660 3857 Pater
1690 3811 1955 3873 perpetua
1978 3812 2033 3858 et
2064 3804 2182 3875 glo-

612 3892 689 3943 ria
717 3900 773 3944 et
802 3892 1031 3955 honore,
1060 3907 1124 3947 ac
1167 3894 1323 3964 regni
1362 3895 1672 3965 insignibus
1725 3903 1951 3951 coronet
1975 3897 2178 3962 Aaron,

610 3981 713 4050 ipsi
739 3982 808 4035 ab
832 3996 900 4035 eo
931 3997 1191 4037 coronam
1232 3984 1508 4049 auferunt,
1558 4001 1621 4040 ac
1665 3986 2059 4056 propemodum
2088 4003 2182 4043 ae-

610 4072 1007 4128 commodatam
1031 4073 1197 4129 fronti
1228 4088 1435 4130 sacram
1463 4074 1681 4129 mitram
1705 4075 2002 4146 abripiunt.

674 4326 875 4385 I’ALL.
900 4326 979 4382 Ita
1011 4337 1115 4383 est.

2288 485 2461 549 οὕτως
2485 485 2577 538 τὸν
2609 484 2843 556 Ἀαρὼν,
2864 483 3099 555 χρυσοῦν
3122 481 3216 535 ἐπὶ
3237 480 3314 552 τῷ
3336 482 3566 557 μετώπῳ
3584 488 3640 540 τὸ
3661 489 3823 559 ψαλίον

2286 577 2475 640 τιθείς.
2507 575 2708 646 Κύριος
2739 574 2794 628 δὲ
2822 576 2931 628 τῶν
2963 575 3098 628 ὅλων
3136 573 3228 625 καὶ
3254 572 3522 643 βασιλεὺς,
3551 579 3578 630 ὁ
3600 579 3822 648 Χριςςτδς⁹

2289 668 2534 740 φυσικῶς
2562 686 2622 721 τε
2655 667 2773 739 ἅμα
2819 667 2915 721 καὶ
2946 665 3245 738 μεθεκτῶς.
3279 663 3411 728 Θεῢς
3459 666 3565 739 γὰρ
3587 669 3658 723 ῶν
3682 673 3821 741 φύσει

2288 761 2591 817 κεκένωκεν
2622 760 2833 825 ἑαυτὸν,
2865 760 3054 822 καθεὶς
3087 761 3144 813 ὲν
3171 756 3356 811 δούλου
3396 762 3592 831 μορφῇ.
3624 762 3726 816 Καὶ
3752 766 3824 819 δέ.

2286 871 2439 925 χεται
2475 852 2772 922 βασιλείαν,
2822 852 2966 906 κατά
2995 869 3059 921 γε
3095 851 3157 905 τὸ
3190 850 3400 923 πρέπον
3428 850 3503 921 τῷ
3536 854 3826 930 ἀνθρωπίνῳ

2287 951 2549 1015 σχήματι,
2575 945 2752 998 καίτοι
2780 944 3032 1017 σύνεδρος
3055 942 3129 997 ὢν
3152 941 3357 998 ἄνωθέν
3378 959 3437 994 τε
3458 945 3552 997 καὶ
3571 946 3658 1001 ἀπ’
3679 949 3826 1021 ἀρχῆς

2283 1035 2361 1106 τῷ
2392 1036 2511 1106 Θεῷ
2545 1035 2640 1090 καὶ
2682 1035 2874 1106 Πατρὶ,
2910 1036 3005 1088 καὶ
3039 1034 3432 1104 συγκατάρχων
3466 1035 3574 1088 τῶν
3599 1037 3723 1091 ὅλων
3750 1042 3826 1094 καὶ

2287 1130 2672 1199 συνδεσπότης.
2715 1129 2877 1192 Σύνες
2903 1128 2960 1182 δὲ
2990 1129 3138 1190 ὅπως
3179 1125 3240 1191 ἐξ
3276 1124 3530 1180 ὑακίνθου
3574 1129 3826 1203 γέγονενή

2290 1219 2454 1290 μίτρα
2484 1217 2670 1284 αὐτοῦ,
2701 1219 2760 1273 τὸ
2793 1218 3046 1290 λαμπρὸν
3074 1218 3175 1287 τῆς
3208 1215 3484 1288 βασιλείας
3508 1218 3696 1290 ἔχουσα
3721 1222 3826 1276 σύν-

2287 1314 2455 1385 θημα,
2493 1316 2634 1385 φημὶ
2659 1315 2723 1386 δὴ
2753 1314 2813 1368 τὸ
2843 1315 3074 1368 πέταλον
3104 1314 3165 1368 τὸ
3196 1313 3456 1386 χρυσοῦν.
3494 1314 3757 1380 Ὑάκινθος
3780 1318 3827 1372 δὲ

2285 1405 2514 1477 ούρανοῦ
2551 1408 2796 1476 σημεῖον
2829 1405 2925 1458 καὶ
2952 1404 3294 1476 διαμέμνησο
3324 1403 3572 1472 λέγοντος
3597 1406 3684 1459 τοῦ
3713 1408 3827 1478 Χριο

2288 1497 2434 1560 oro-3,
2474 1517 2492 1549 ι
2540 1498 2603 1550 Ἦ
2638 1497 2881 1566 βασιλεία
2911 1499 2945 1568 ἠ
2974 1497 3080 1568 ὲμὴ
3119 1498 3219 1550 οὐκ
3258 1496 3409 1551 ἐστιν
3441 1499 3503 1550 ὲκ
3529 1498 3619 1551 τοῦ
3652 1499 3828 1569 κόσμου

2284 1590 2496 1645 τούτου.
2530 1609 2548 1641 ι
2583 1591 2656 1642 Οὐ
2688 1589 2798 1661 γὰρ
2826 1589 3066 1656 ἐπίγειος
3106 1589 3381 1660 βασιλεὺς,
3414 1589 3527 1643 ἀλλ’
3565 1591 3830 1662 ούράνιοςό

2285 1681 2536 1752 Χριστὸς,
2572 1681 2697 1751 ὃλην
2729 1681 2833 1734 ὑπὸ
2864 1681 3029 1744 πόδας
3063 1680 3200 1752 ἔχων
3228 1681 3326 1753 τὴν
3378 1682 3574 1736 κτίσιν.
3614 1683 3830 1754 Προσεπ-

2283 1772 2520 1841 ενεγκὼν
2542 1773 2619 1838 δὲ,
2652 1774 2733 1826 ὅτι
2762 1792 2780 1823 ι
2820 1774 2929 1826 Καὶ
2959 1772 3142 1846 ὲξαρεί
3175 1771 3386 1845 Ἀαρὼν
3411 1773 3475 1826 τὰ
3500 1773 3832 1845 ἁμαρτήματα

2281 1865 2391 1917 τῶν
2438 1864 2608 1934 ἁγίων
2657 1865 2755 1917 ὅσα
2786 1864 2851 1918 ἂν
2900 1866 3172 1934 ἀγιάσωσι
3195 1905 3209 1930 ,
3242 1864 3447 1928 παντὸς
3487 1865 3703 1935 θύματος
3739 1864 3831 1918 τῶν

2283 1952 2452 2020 ἁγίων
2479 1952 2676 2017 αὐτῶν,
2706 1972 2724 2003 ι
2754 1953 2836 2005 ὅτι
2858 1953 3008 2006 πᾶσά
3033 1970 3092 2006 τε
3114 1953 3456 2025 προσαγωγὴ
3479 1954 3572 2005 καὶ
3591 1951 3832 2015 τελείωσις

2281 2044 2341 2096 ἐν
2389 2043 2643 2115 Χριστῷ,
2695 2044 3101 2114 διαμεμήνυκεν
3152 2044 3440 2115 ἐναργῶς,
3488 2043 3579 2097 καὶ
3624 2043 3720 2113 μὴν
3765 2044 3832 2096 ὅτι

2284 2137 2434 2190 πᾶσα
2460 2136 2743 2199 δικαίωσις
2770 2138 2827 2189 ἐν
2854 2135 3002 2205 αὐτῷ
3040 2152 3098 2188 τε
3130 2135 3223 2189 καὶ
3252 2135 3318 2188 δι’
3351 2134 3544 2200 αὑτοῦ,
3576 2134 3666 2187 καὶ
3689 2135 3719 2205 ἡ
3742 2132 3833 2188 τῶν

2286 2226 2450 2281 πάλαι
2485 2225 2976 2297 πλημμελημάτων
3028 2226 3309 2289 ἀπόθεσις.
3345 2227 3523 2290 Αὐτὸς
3564 2228 3667 2296 γάρ
3700 2223 3833 2296 ἡμῶν

2282 2318 2427 2388 αἴρει
2453 2316 2551 2381 τὰς
2584 2316 2883 2387 ἁμαρτίας,
2917 2315 3009 2369 καὶ
3036 2316 3103 2369 δι’
3131 2313 3294 2368 αὐτοῦ
3320 2314 3628 2384 γεγόναμεν
3649 2311 3830 2376 δέκτοὶ,

2281 2409 2380 2471 τὰς
2400 2410 2458 2460 ὲν
2488 2409 2760 2479 πνεύματι
2792 2408 3131 2480 δωροφορίας
3158 2406 3618 2480 προσκομίζοντες
3645 2402 3715 2475 τῷ
3732 2401 3830 2472 Θεῷ

2282 2502 2376 2555 καὶ
2404 2501 2599 2572 Πατρί.

2354 2703 2559 2756 nam.
2594 2697 2667 2756 Et
2697 2700 2851 2771 εφης.

2351 2794 2515 2848 ΚΥΡ.
2563 2791 2917 2846 Ἀναπόθετον
2941 2790 2997 2844 δὲ
3023 2791 3116 2844 καὶ
3141 2788 3367 2863 διηνεκῆ
3397 2789 3491 2843 καὶ
3518 2790 3594 2852 είς
3623 2784 3830 2858 ἀπεράν-

2282 2902 2408 2949 τους
2438 2884 2645 2948 αἰῶνας
2688 2883 3076 2953 ἐκτεινομένην
3127 2881 3225 2952 τὴν
3260 2880 3358 2935 τοῦ
3411 2882 3656 2952 Σωτῆρος
3696 2874 3829 2948 ἡμῶν

2285 2976 2561 3049 βασιλείαν
2592 2973 2650 3031 εὖ
2684 2976 2828 3048 μάλα
2858 2974 3247 3039 καταδεικνὺς,
3280 2975 3419 3047 περί
3444 2991 3502 3028 τε
3535 2973 3631 3043 τῆς
3661 2969 3832 3041 μίτρας

2282 3068 2377 3121 τοῦ
2420 3067 2654 3122 πετάλου
2700 3067 2833 3138 φησί
2864 3085 2877 3098 ·
2914 3085 2934 3119 ι
2986 3068 3097 3121 Καὶ
3142 3066 3295 3120 ἔσται
3336 3066 3437 3120 ἐπὶ
3485 3063 3576 3119 τοῦ
3611 3059 3831 3133 μετώπου

2296 3159 2618 3232 Ἀαρὼνδδιὰ
2643 3160 2863 3224 παντός.
2905 3180 2925 3212 ι
2968 3155 3105 3214 Εἶτα
3136 3161 3228 3212 ποῖ
3260 3159 3384 3212 ποτ’
3420 3157 3486 3212 ἂν
3513 3157 3639 3228 ἡμῖν
3667 3156 3691 3208 6
3717 3151 3833 3223 θρα·

2284 3252 2381 3316 σὺς
2413 3252 2506 3306 καὶ
2534 3251 2881 3322 ἀπόπληκτος
2912 3252 3020 3305 τῶν
3052 3251 3284 3306 ἀνοσίων
3318 3249 3616 3322 αἱρετικῶν
3649 3245 3835 3316 οἰχήσε-

2280 3361 2372 3397 ται
2413 3342 2607 3413 λόγος,
2654 3342 3123 3414 πεφλυαρηκότων
3171 3343 3253 3395 ὅτι
3296 3340 3596 3413 καταλήξει
3640 3336 3755 3391 ποτε
3780 3334 3832 3387 τὸ

2281 3435 2519 3506 Χριστοῦ
2557 3437 2787 3506 κράτος,
2823 3435 2919 3489 καὶ
2968 3432 3281 3508 παραδώσει
3322 3434 3430 3507 τὴν
3475 3430 3734 3505 βασιλείαν
3765 3424 3831 3496 τῷ

2281 3526 2400 3598 Θεῷ
2440 3527 2532 3580 καὶ.
2566 3515 2769 3598 Πατρὶ,
2797 3528 2905 3580 τῶν
2934 3528 3030 3597 τῆς
3063 3527 3316 3598 θεότητος
3350 3526 3711 3595 ἁποφοιτήσας
3741 3516 3832 3571 θὼ-

2281 3635 2394 3671 κων
2426 3620 2455 3672 6
2500 3617 2884 3690 Ἐμμανουήλς
2930 3617 3419 3689 Ἐπισεμνύνονται
3465 3615 3571 3688 γὰρ
3606 3613 3712 3674 τοῖς
3743 3602 3832 3660 ὧδε

2280 3708 2474 3772 δεινοῖς
2501 3711 2596 3762 καὶ
2626 3709 2890 3781 ὲξιτήλοις
2921 3709 3207 3779 δόγμασιν,
3242 3704 3325 3773 οἷς
3345 3706 3637 3763 ἀκόλουθον
3660 3701 3830 3756 εἰπεῖν’

2287 3801 2631 3864 ιΠλανᾶσθε,
2667 3800 2742 3873 μὴ
2767 3801 2965 3864 εἰδότες
2991 3804 3089 3863 τὰς
3113 3802 3152 3853 Γ
3159 3802 3356 3872 ραφάς.
3375 3822 3395 3855 ι
3439 3800 3568 3855 Ἰδοὺ
3598 3797 3718 3868 γάρ,
3742 3790 3834 3846 ἰδοὺ

2284 3892 2471 3961 σαφῶς
2498 3908 2557 3944 τε
2579 3893 2673 3945 καὶ
2702 3891 2945 3962 ἐναργῶς
2965 3890 3059 3943 τοῦ
3088 3890 3222 3945 Θεοῦ
3254 3893 3349 3944 καὶ
3380 3889 3591 3960 Πατρὸς
3614 3885 3730 3955 δόξῃ
3753 3879 3833 3932 καὶ

2279 3985 2413 4054 τιμῇ
2458 3983 2728 4051 διηνεκεῖ,
2768 3983 2863 4036 καὶ
2918 3987 3030 4046 τοῖς
3074 3982 3173 4052 τῆς
3216 3982 3500 4053 βασιλείας
3558 3976 3831 4044 συνθήμασι

2281 4075 2613 4139 ταινιοῦντος
2648 4075 2739 4129 τὸν
2783 4073 3014 4146 Ἀαρὼν,
3050 4073 3522 4143 ἀποστεφανοῦσιν
3553 4070 3725 4129 αὐτοὶ,
3754 4062 3834 4117 καὶ

2287 4168 2568 4240 μονονουχὶ
2617 4169 2730 4230 τοῖς
2785 4166 3059 4237 μετώποις
3110 4165 3507 4237 ἐμπρέπουσαν
3557 4163 3652 4234 τὴν
3697 4155 3832 4229 ἱερὰν

2281 4258 2585 4330 ἁρπάζουσι
2617 4258 2835 4331 μίτραν.

2354 4351 2561 4404 nam.
2606 4348 2847 4422 Ἀληθές.

672 4420 829 4475 CYR.
862 4439 882 4471 ι
927 4419 1163 4476 Cidarim
1193 4436 1412 4492 quoque
1458 4432 1516 4479 et
1557 4435 1750 4480 zonam
1792 4441 1860 4482 ex
1911 4427 2071 4499 bysso
2097 4434 2178 4483 Ia-
2212 4454 2255 4510 ι)

2212 4454 2255 4510 ι)
2354 4442 2517 4496 ΚΥΡ.
2560 4461 2579 4493 ι
2634 4419 2860 4512 Κίδαρίν
2903 4457 2963 4494 τε
3005 4442 3099 4495 καὶ
3148 4440 3322 4513 ζώνην
3357 4443 3423 4498 ἐκ
3467 4442 3660 4513 βύσσου
3698 4433 3833 4504 ποιή-

599 4514 738 4578 cies,
772 4533 790 4564 ι
823 4512 1001 4583 inquit
1024 4513 1090 4567 ³⁸.
1124 4513 1377 4570 Militaris
1420 4531 1553 4572 vero
1603 4517 1824 4574 habitus
1854 4519 2034 4575 Aaron
2059 4521 2180 4576 cin-

603 4605 792 4674 gulum
817 4613 875 4658 et
913 4603 1064 4674 galea
1095 4621 1108 4657 :
1139 4606 1406 4676 ejusmodi
1446 4622 1679 4677 namque
1711 4609 1950 4679 speciem
1981 4610 2182 4665 cidaris

604 4695 774 4750 refert
807 4712 819 4748 :
849 4694 1053 4750 bellum
1095 4697 1241 4753 enim
1266 4713 1368 4768 pro
1399 4699 1559 4755 nobis
1592 4698 1847 4756 Christus
1868 4702 2035 4773 gessit
2070 4720 2087 4754 ι
2123 4703 2180 4756 in

603 4801 769 4841 manu
811 4786 1025 4840 occulta
1047 4786 1113 4850 ³⁸,
1150 4806 1168 4839 ι
1218 4788 1363 4843 sicut
1387 4790 1652 4861 scriptum
1691 4802 1805 4859 est;
1833 4802 1891 4848 et
1920 4812 1937 4845 ι
1974 4797 2179 4849 Arcum

603 4892 763 4931 suum
791 4876 1046 4939 intendit,
1070 4887 1125 4932 et
1145 4880 1358 4947 paravit
1381 4881 1558 4948 illum,
1582 4884 1804 4954 sagittas
1832 4901 1959 4940 suas
1984 4885 2180 4941 arden—

594 4967 754 5023 tibus
780 4967 967 5022 effecit
982 4969 1048 5032 ⁸⁸,
1087 4989 1105 5020 ι
1133 4978 1189 5024 et
1216 4970 1416 5042 dejecit
1435 4974 1791 5045 principatus,
1820 4978 2179 5048 triumphavit

598 5059 898 5131 potentias,
939 5060 1251 5118 deturbarit
1289 5064 1713 5133 dominationes,
1742 5077 1799 5123 et
1834 5084 1949 5135 eos,
1984 5070 2079 5140 qui
2120 5070 2177 5124 in

597 5162 750 5209 .terra
773 5161 950 5218 erant,
971 5168 1097 5208 cum
1118 5155 1316 5225 captivi
1339 5163 1677 5220 tenerentur,
1700 5158 1971 5216 liberavit.
1989 5162 2180 5217 Fuisse

600 5254 787 5300 autem
813 5245 916 5301 hoc
942 5247 1061 5317 ejus
1093 5247 1295 5303 bellum
1322 5263 1432 5304 non
1458 5250 1757 5319 spectabile
1787 5263 1952 5322 atque
1979 5270 2177 5325 corpo-

608 5348 784 5399 reum,
831 5349 1011 5406 neque
1058 5338 1325 5408 ejusmodi
1362 5348 1572 5395 utcum
1621 5355 1784 5397 carne
1817 5354 1874 5398 et
1913 5346 2197 5417 sanguine

602 5434 908 5493 gereretur,
935 5428 1163 5485 indicari
1195 5433 1412 5488 videtur
1436 5447 1536 5503 per
1559 5433 1811 5504 tenigma,
1855 5432 1912 5488 in
1944 5450 2011 5490 eo
2031 5437 2178 5505 quod

2285 4550 2420 4597 σεις,
2454 4552 2473 4586 ι
2508 4532 2660 4604 φησί.
2706 4533 3103 4602 Στρατιωτικδν
3131 4532 3187 4585 δὲ
3222 4533 3301 4604 τῷ
3337 4532 3548 4606 Ἀαρὼν
3570 4531 3629 4584 τὸ
3648 4528 3829 4599 σχῆμα,

2283 4623 2503 4695 ζωστήρ
2528 4641 2588 4676 τε
2626 4622 2719 4676 καὶ
2760 4622 2979 4694 κράνος·
3020 4625 3077 4676 ὲν
3125 4623 3254 4676 εῖδει
3286 4625 3395 4696 γάρ
3437 4641 3553 4687 πως
3585 4625 3617 4692 ἡ
3649 4619 3833 4687 κίδαρις

2283 4714 2361 4786 τῷ
2388 4713 2570 4785 τοιῷδέ
2606 4715 2741 4768 ἐστι.
2768 4713 3123 4784 Πεπολέμηκε
3148 4716 3256 4786 γὰρ
3286 4717 3427 4787 ὑπὲρ
3451 4715 3605 4787 ήμῶν
3644 4714 3671 4765 6
3713 4709 3832 4778 Χρι-

2287 4805 2412 4869 στὸς
2458 4823 2478 4853 ι
2517 4806 2576 4857 ὲν
2611 4807 2754 4879 χειρὶ
2798 4806 3071 4878 κρυφαία,
3105 4826 3123 4859 ι
3173 4807 3313 4859 κατὰ
3353 4807 3413 4859 τὸ
3453 4800 3831 4874 γεγραμμένον»

2284 4895 2379 4950 καὶ
2414 4914 2433 4947 ι
2461 4896 2535 4949 Τὸ
2564 4896 2716 4962 τόξον
2757 4895 2923 4951 αὐτοῦ
2968 4897 3224 4962 ἐνέτεινε,
3256 4898 3349 4952 καὶ
3382 4896 3673 4967 ἡτοίμασεν
3699 4885 3830 4951 αὐτὸ,

2282 4984 2351 5039 τὰ
2382 4984 2511 5056 βέλη
2554 4985 2720 5040 αὐτοῦ
2765 4989 2875 5051 τοῖς
2919 4987 3232 5058 καιομένοις
3284 4988 3660 5058 ἐξειργάσατο,
3698 5001 3716 5035 ι
3750 4979 3832 5032 καὶ

2281 5075 2529 5130 καθεῖλεν
2565 5076 2739 5149 ἀρχὰς
2763 5117 2781 5149 ,
2811 5077 3211 5149 τεθριάμϐευκε
3241 5079 3498 5150 δυνάμεις
3517 5118 3532 5142 ,
3576 5072 3829 5129 κατέσεισε

2280 5169 2625 5239 κυριότητας,
2654 5170 3141 5241 καῗαίχμαλὼτους
3156 5172 3314 5235 ὄντας
3326 5170 3595 5244 ἐρρύσατο
3612 5167 3729 5227 τοὺς
3748 5160 3827 5213 ἐπὶ

2280 5260 2379 5327 τῆς
2398 5259 2522 5326 γῆς.
2554 5259 2677 5312 Ὅτι
2702 5258 2758 5312 δὲ
2794 5260 2892 5331 οὐχ
2918 5261 3114 5332 ὁρατὸς
3139 5261 3170 5331 ἢ
3205 5263 3380 5334 παχὺς
3404 5264 3433 5314 6
3457 5259 3704 5330 πόλεμος,
3727 5248 3830 5305 οὐδὲ

2279 5342 2390 5402 οἷον
2414 5349 2550 5419 πρὸς
2573 5344 2711 5420 αἷμα
2736 5351 2830 5404 καὶ
2855 5355 3055 5423 σάρκα,
3090 5353 3312 5423 γέγονεν
3338 5351 3506 5422 αὐτῷ,
3538 5345 3828 5417 ὑποφωνεῖν

2279 5440 2454 5496 ἔοικεν
2481 5442 2894 5514 αἰνιγματωδῶς
2930 5445 2992 5498 τὸ
3033 5446 3099 5498 ὲκ
3130 5444 3329 5517 βύσσου
3369 5444 3541 5516 μόνης
3581 5441 3676 5509 τῆς
3708 5434 3827 5502 ἄγαν

677 5607 723 5641 ³³
746 5609 981 5680 Philipp.
1005 5628 1061 5679 ιι,
1087 5616 1138 5669 7.
1209 5616 1253 5649 ³⁸
1272 5616 1431 5671 Joan.
1455 5634 1601 5684 xviii,
1626 5590 1739 5675 36..
1790 5622 1834 5653 ³⁸
1858 5622 2028 5680 Exod.
2053 5638 2238 5689 xxviii,
2265 5623 2313 5679 51

677 5680 846 5730 Exod.
878 5696 1038 5730 nm.
1074 5683 1159 5730 ll-
1233 5689 1277 5718 ιο
1297 5686 1436 5730 veni-
1472 5702 1547 5730 νη
1603 5692 1671 5730 47.
1731 5692 1791 5730 υ
2252 5704 2275 5730 ο

2183 5623 2352 5730 11,.38.
2414 5623 2459 5657 ³⁸
2491 5624 2624 5680 ibid.
2703 5625 2744 5658 ³⁷
2777 5626 2966 5682 Matth.
2995 5628 3229 5694 xxn,‘.’9.
3293 5627 3336 5659 ε’
3354 5624 3524 5682 Exod.
3548 5633 3721 5683 xxvut,
3740 5610 3814 5669 59-

607 5680 846 5736 "Exod.
878 5696 1038 5749 nan,
1074 5683 1159 5738 ll.
1233 5689 1277 5718 ⁴⁰
1297 5686 1437 5742 Psal.
1472 5680 1690 5759 “1,13,
1724 5692 1813 5746 Η.
