4142 6296
362 342 469 400 ’ί49

1072 339 1163 394 DE
1187 336 1629 396 ADORATIONE
1662 336 1732 394 1N
1762 335 2032 394 SPIRITU
2071 336 2161 392 ET
2188 335 2558 392 VERITATE.
2597 335 2727 390 LIB.
2767 334 2858 390 XI.

3527 332 3629 390 750

366 463 554 534 ίσχνῆς
604 462 705 533 τὴν
739 455 1040 530 πολεμικὴν
1074 455 1332 526 γενέσθαι
1377 456 1601 527 σκευὴν,
1640 456 1854 528 κίδαρίν
1894 473 1954 509 τε

2068 472 2126 511 ex
2151 436 2314 527 bysSo
2346 464 2579 521 tantum,
2604 470 2725 526 quae
2742 455 2961 510 subtilis
2979 463 3065 510 est
3099 453 3413 519 admodum,
3443 455 3633 509 confe-

364 554 686 625 καὶ.ζώνην.
717 552 926 622 Κόσμῳ
968 550 1069 621 μὲν
1096 545 1191 604 οὖν
1237 551 1558 623 ίεροπρεπεῖ
1594 549 1846 620 λαμπρόν
1887 564 1946 602 τε

366 646 460 701 καὶ
478 643 811 712 ἀξιάγαστον
830 640 1123 712 ὑποφαίνει
1144 640 1236 695 τὸν
1267 641 1498 713 Ἀαρών.
1520 641 1950 711 Προσεπιτάττει

363 741 420 793 δὲ
457 738 654 805 λέγων·
698 755 717 787 ι
750 734 863 790 Kal
886 737 1001 798 τοῖς
1031 736 1166 800 υἱοῖς
1206 732 1419 805 Ἀαρὼν
1448 737 1698 803 ποιήσεις
1719 732 1953 804 χιτῶνας

364 828 460 883 καὶ
490 826 704 892 ζώνας,
751 825 845 880 καὶ
875 824 1118 895 κιδάρεις
1160 826 1409 897 ποιήσεις
1449 824 1634 888 αὐτοῖς
1671 825 1749 886 εἰς
1787 823 1952 894 τιμὴν

366 918 460 971 καὶ
497 915 676 981 δόξαν.
723 914 836 968 Kal
884 913 1129 977 ὲνδύσεις
1156 896 1303 969 αύτά
1337 911 1548 984 Ἀαρὼν
1591 911 1682 966 τὸν
1724 912 1953 981 ἀδελφόν

373 1026 491 1074 σου,
537 1008 632 1062 καλ⁸
656 1006 783 1068 τοὺς
809 1006 959 1069 υἱοὺς
986 1005 1315 1075 αύτοῦιμετ⁹
1356 1003 1545 1061 αὑτοῦ.
1594 1003 1705 1058 Kal
1743 1003 1952 1075 χρίσεις

370 1101 588 1163 αὐτοὺς,
614 1101 709 1153 καὶ
739 1097 1044 1168 ἐμπλήσεις
1074 1097 1254 1151 αὐτῶν
1292 1098 1393 1162 τὰς
1414 1099 1604 1169 χεῖρας
1624 1135 1640 1158 ,
1673 1094 1768 1149 καὶ
1794 1094 1956 1164 ἁγιά-

374 1207 489 1254 σεις
518 1190 734 1252 αὐτοὺς,
762 1189 851 1242 ἶνα
880 1185 1204 1258 ίερατεύωσί
1229 1204 1339 1256 μοι.
1372 1187 1483 1241 Kal
1507 1187 1754 1257 ποιήσεις
1775 1186 1957 1246 αὐτοῖς

374 1279 675 1353 περισκελῆ
694 1279 815 1332 λινᾶ
837 1277 1076 1347 καλύψαι
1097 1275 1488 1348 ἀσχημοσύνην
1511 1277 1723 1349 χρωτὸς
1745 1274 1925 1330 αὐτῶν
1939 1315 1954 1339 ,

372 1373 482 1428 ἀπὸ
510 1372 709 1442 ὀσφύος
737 1371 842 1435 ἔως
875 1369 1067 1441 μηρῶν
1094 1368 1269 1424 ἔσται.
1289 1368 1398 1422 Καὶ
1422 1368 1534 1434 ἔξει
1577 1369 1790 1442 Ἀαρὼν
1819 1367 1959 1425 αὐτὰ

375 1465 473 1520 xal
501 1466 551 1518 οί
585 1464 691 1517 υίοὶ
718 1461 884 1516 αὑτοῦ
904 1503 920 1525 ,
951 1462 1081 1515 ὅταν
1117 1459 1547 1531 είσπορεύωνται
1576 1462 1657 1523 είς
1821 1477 1957 1530 σκη-

376 1556 474 1626 νὴν
502 1553 594 1608 τοῦ
630 1553 953 1624 μαρτυρίου,
979 1551 1012 1622 ἢ
1046 1552 1177 1605 ὅταν
1203 1551 1691 1622 προσπορεύωνται
1718 1551 1961 1621 λειτουρ·

378 1649 494 1715 γεῖν
523 1644 660 1716 πρὸς
701 1645 760 1697 τὸ
805 1643 1191 1714 θυσιαστήριον
1227 1642 1323 1695 τοῦ
1372 1643 1548 1712 ἁγίου.
1597 1643 1705 1696 Kal
1732 1643 1836 1695 οὐκ
1863 1644 1960 1695 ἐπα

379 1735 597 1797 ἀξονται
631 1732 768 1804 πρὸς
803 1734 1030 1796 ἑαυτοὺς
1061 1731 1356 1802 ἁμαρτίαν,
1387 1732 1472 1785 ἵνα
1506 1732 1583 1803 μὴ
1625 1730 1957 1785 ἀποθάνωσι.

2050 552 2198 600 ctum
2217 556 2301 601 est
2315 546 2572 601 bellicum
2601 544 3284 610 instrumentum,cidaris,
3309 543 3551 623 inquam,
3577 550 3632 598 et

2052 652 2209 691 zona.
2240 637 2408 693 Sacro
2443 638 2611 708 igitur
2651 646 2851 692 ornatu
2890 636 3100 698 clarum
3151 644 3318 705 atque
3348 635 3629 688 admiran-

2051 727 2182 783 dum
2216 729 2460 784 ostendit
2483 730 2684 784 Aaron.
2728 727 2994 797 Praecepit
3034 735 3219 781 autem
3253 727 3511 796 insuper,
3546 724 3631 777 dio

2012 820 2020 829 '
2050 836 2183 875 cens
2218 838 2231 873 :
2276 839 2294 871 ι
2335 820 2404 874 Ει
2439 819 2567 874 ﬁliis
2603 820 2783 875 Aaron
2811 819 2979 874 facies
3007 817 3223 873 tunicas
3251 827 3310 872 et
3341 832 3545 872 zonas:
3580 828 3638 871 et

2053 913 2268 968 cidares
2300 911 2469 966 facies
2495 911 2647 982 ipsis,
2681 911 2738 965 in
2770 911 3036 966 honorem
3076 922 3132 965 ct
3160 909 3389 979 gloriam
3426 927 3439 962 :
3469 918 3523 963 et
3549 908 3636 962 in-

2053 1006 2190 1062 dues
2218 1006 2300 1060 eis
2348 1005 2533 1059 Aaron
2573 1002 2799 1057 fratrem
2853 1010 3029 1067 tuum,
3073 1010 3131 1055 et
3180 1000 3322 1056 ﬁlios
3350 1001 3470 1071 ejus
3514 1010 3639 1071 post

2053 1114 2204 1155 eum.
2231 1099 2298 1152 Et
2331 1111 2504 1167 unges
2531 1109 2647 1158 eos,
2695 1102 2751 1148 et
2799 1092 3058 1163 implebis
3107 1107 3303 1146 manus
3325 1107 3541 1156 eorum,
3584 1102 3640 1145 ιιι

2057 1184 2431 1242 sanetiflcabis
2452 1199 2567 1248 eos,
2620 1192 2681 1237 ut
2708 1182 3017 1236 sacerdotio
3056 1181 3355 1251 fungantur
3382 1180 3539 1234 mihi.
3573 1181 3641 1235 Et

2056 1278 2224 1334 facies
2246 1277 2355 1331 illis
2378 1275 2659 1331 femoralia
2698 1274 2863 1338 linea,
2887 1282 2949 1328 ut
2969 1272 3219 1343 operiant
3243 1272 3639 1342 turpitudinem

2059 1370 2310 1441 corporis
2339 1369 2465 1435 sui;
2499 1383 2531 1423 a
2555 1368 2759 1422 lumbis
2807 1382 2983 1435 usque
3011 1365 3080 1420 ad
3122 1364 3327 1420 femora
3349 1372 3551 1419 erunt:
3585 1375 3641 1419 ct

2059 1462 2299 1532 portabit
2354 1476 2420 1515 ea
2472 1460 2652 1514 Aaron
2705 1468 2763 1513 et
2800 1457 2899 1512 ﬁlii
2920 1459 3059 1527 ejus,
3088 1473 3213 1512 cum
3263 1457 3643 1528 ingredientur

2060 1552 2117 1604 in
2142 1549 2558 1605 tabernaculum
2585 1547 2907 1611 testimonii,
2940 1555 3035 1601 aut
3062 1562 3188 1602 cum
3218 1547 3640 1617 proﬁciscentur

2062 1642 2128 1696 ad
2157 1641 2579 1696 ministrandum
2602 1639 2670 1694 ad
2692 1639 2863 1694 altare
2888 1638 3372 1703 sanctificationis;
3402 1637 3565 1713 390
3580 1648 3641 1692 et

2062 1748 2171 1786 non
2202 1733 2465 1788 inducent
2512 1733 2616 1787 sibi
2668 1732 2803 1803 ipsis
2849 1741 3158 1802 peccatum,
3195 1748 3264 1787 ne
3298 1731 3638 1797 moriantur;

378 1826 628 1896 Νόμιμον
667 1822 884 1874 αἰώνιον
912 1820 1062 1892 αὐτῷ
1116 1821 1213 1875 καὶ
1240 1820 1319 1891 τῷ
1340 1822 1620 1892 σπέρματι
1645 1819 1810 1873 αὑτοῦ
1844 1822 1962 1890 μετ’

2068 1822 2369 1893 legitimum
2420 1824 2817 1908 sempiternum
2872 1823 2975 1894 ipsi
3023 1833 3080 1878 et
3123 1823 3318 1878 semini
3369 1824 3491 1893 ejus
3520 1832 3643 1893 post

379 1917 564 1971 αὐτόν.
597 1935 616 1967 ι
661 1916 819 1987 Ὁρᾷς
845 1916 925 1968 ὅτι
946 1915 1040 1967 καὶ
1064 1914 1247 1978 αὐτοῖς
1273 1916 1383 1977 τοῖς
1412 1911 1474 1978 ἐξ
1511 1911 1719 1983 Ἀαρὼν
1746 1910 1959 1983 ἐμπρέ-

380 2026 473 2064 πει
503 2009 583 2074 τὸ,
616 2008 692 2072 ὼς
726 2007 784 2062 ἔν
816 2023 882 2075 γε
912 2005 990 2077 τῷ
1016 2004 1298 2076 πολεμικῷ
1331 2005 1670 2076 καθορᾶσθαι
1696 2006 1958 2076 σχήματι.

380 2101 636 2172 Μάχιμον
665 2097 774 2169 γάρ
802 2098 862 2151 τὸ
892 2097 1036 2168 ίερδν
1062 2095 1210 2149 ἅπαν
1236 2096 1355 2148 ἐστὶ
1386 2095 1572 2163 γένος,
1614 2094 1705 2149 καὶ
1734 2078 1791 2147 ού
1822 2093 1963 2172 ape;

380 2170 521 2264 αἷμα
546 2192 643 2246 καὶ
661 2192 839 2258 σάρκα
863 2188 1252 2261 στρατεύεσθαί
1274 2205 1333 2240 τε
1355 2189 1447 2241 καὶ
1465 2187 1780 2255 ἀντεξάγειν
1800 2170 1959 2249 είϐδς,

382 2284 519 2339 ἀλλᾶ
562 2283 664 2353 τῆς
701 2280 931 2353 βεὸήλου
974 2276 1349 2334 κατακωλύειν
1386 2277 1683 2349 ἁμαρτίας,
1725 2277 1966 2347 ἔμφανέ-

385 2372 556 2427 στατά
585 2389 645 2424 τε
687 2372 785 2425 καὶ
822 2370 1055 2439 λογικῶς
1082 2369 1192 2422 τῶν
1230 2367 1333 2438 τῆς
1370 2367 1632 2438 ἀληθείας
1679 2367 1966 2436 δογμάτων

386 2463 860 2535 ὑπερμαχόμενον,
883 2462 978 2515 καὶ
998 2461 1398 2532 αἰχμαλωτίζον
1426 2462 1533 2513 πᾶν
1556 2459 1736 2528 νόημα
1762 2460 1844 2521 είς
1870 2458 1966 2529 τὴν

387 2554 635 2624 ὑπακοὴν
662 2552 755 2606 τοῦ
781 2550 1018 2623 Χριστοῦ
1044 2593 1058 2616 ,
1103 2549 1246 2604 καθά
1277 2551 1607 2620 γέγραπται.
1635 2547 1966 2618 Περισκελές

389 2663 452 2699 τε
474 2643 654 2698 λινοῦν
678 2645 881 2708 αὐτοῖς,
904 2644 964 2697 τὸ
987 2642 1218 2706 ἀκαλλὲς
1240 2659 1302 2695 τε
1327 2641 1420 2694 καὶ
1443 2640 1688 2711 ἄσχημον
1703 2639 1811 2693 τῶν
1840 2639 1968 2709 περὶ

392 2735 602 2809 μηροὺς
637 2736 996 2799 κατασκιάζον
1044 2729 1103 2788 εὗ
1143 2733 1309 2805 μάλα.
1343 2733 1526 2803 Σεμνά
1562 2730 1672 2803 γάρ
1712 2726 1773 2785 εὖ
1819 2729 1967 2801 μάλα

393 2828 572 2882 πάντα
609 2829 679 2881 τά
708 2827 816 2881 τῶν
843 2825 1036 2895 ἁγίων,
1066 2827 1161 2879 καὶ
1189 2825 1438 2895 ἄσχημον
1467 2825 1525 2877 ὲν
1557 2823 1740 2886 αὐτοῖς
1772 2820 1927 2875 οὐδέν
1949 2836 1962 2849 ·

391 2918 754 2991 ὑποσημαίνει
779 2918 836 2973 δέ
868 2935 985 2982 πως
1028 2917 1088 2971 τὸ
1128 2915 1309 2970 λινοῦν
1350 2918 1462 2978 τοῖς
1507 2916 1835 2985 περιμηροῖς
1872 2910 1967 2966 τοῦ

392 3010 644 3084 σώματος
712 3010 937 3081 μέρεσιν
991 3007 1445 3079 ὲπενηνεγμένον,
1490 3008 1573 3060 ὅτι
1627 3008 1739 3067 τοῖς
1791 3005 1968 3075 ἁγίοις

390 3103 818 3175 πρεπωδεστάτη
847 3100 955 3155 τῶν
983 3102 1083 3172 τῆς
1118 3101 1318 3173 σαρκὸς
1355 3099 1562 3171 ἡδονῶν
1596 3099 1628 3169 ἡ
1667 3098 1964 3168 ἀπόφυξιςο

389 3160 596 3268 ψῦχρὸν
624 3195 735 3267 γὰρ
761 3160 822 3248 τὲ
850 3160 1167 3247 λινοῡνΪΤδ
1191 3160 1252 3245 '6:
1287 3160 1491 3265 θερμὸν
1524 3160 1836 3263 εἰς’ὸρέξεὶς
1863 3160 1967 3253 τὰς
1993 3160 2037 3218 θ

391 3289 822 3360 μυσαρωτάτας,
854 3287 999 3340 ὁσίου
1030 3284 1230 3349 παντὸς
1258 3285 1555 3355 ἀλλότριον.
1603 3282 1697 3337 Ἐκ
1733 3283 1876 3336 λίνου
1909 3281 1965 3333 δὲ

393 3382 490 3434 καὶ
533 3381 734 3452 ἑτέρως
768 3383 880 3443 τοῖς
915 3379 1159 3452 ἱερᾶσθαι
1206 3377 1483 3447 λαχοῦσιν,
1534 3374 1718 3445 ἀμφιά
1760 3391 1819 3428 τε
1872 3373 1966 3427 καὶ

394 3473 713 3545 περισκελῆ.
746 3471 972 3545 Νεκρῶν
997 3470 1107 3540 γὰρ
1146 3470 1325 3542 ἔργων
1353 3469 1653 3538 ἀποφοιτᾷν
1672 3468 1967 3535 ἀναγκαῖον

394 3562 595 3627 αὐτούς
614 3579 628 3593 ·
656 3563 717 3616 σύ
726 3562 921 3634 μϐολον
936 3562 992 3615 δὲ
1014 3561 1336 3632 νεκρότητος
1359 3559 1433 3622 ὡς
1457 3561 1521 3611 ἔκ
1547 3557 1845 3628 θνησειδίου
1874 3557 1970 3627 λη-

396 3654 554 3724 φθὲν,
573 3655 715 3727 φημὶ
735 3653 799 3726 δὴ
830 3654 1117 3724 προὸάτου.
1138 3650 1369 3723 Νεκρῶν
1380 3647 1473 3704 οὖν
1497 3649 1672 3720 ἔργων
1688 3649 1964 3713 ἀπόθεσις,

393 3748 473 3812 ὡς
507 3749 565 3800 ὲν
614 3746 768 3816 τύπῳ
802 3746 984 3807 πάλιν,
1029 3746 1090 3797 τὸ
1126 3746 1239 3806 τοῖς
1271 3745 1336 3795 ὲκ
1376 3741 1520 3794 λίνου
1562 3740 1840 3804 ἐστάλθαι,
1875 3740 1973 3793 καὶ

393 3839 518 3909 ούχί
547 3837 613 3909 δὴ
647 3837 845 3909 μᾶλλον
889 3837 1003 3897 τοῖς
1031 3834 1091 3901 ἐξ
1133 3833 1298 3903 ἐρίων
1336 3831 1646 3901 ὲσθήμασι’
1692 3830 1785 3882 καὶ
1815 3828 1973 3882 τοῦτο

394 3931 560 4001 νόμος
585 3930 735 3997 άγιος
762 3931 790 3982 ὁ
817 3927 1089 3998 διηνεκὴς.
1129 3925 1357 3993 ’Ἐψεται
1383 3923 1440 3976 δὲ
1473 3924 1557 3976 ὅτι
1589 3923 1765 3988 πάντη
1794 3938 1855 3974 τε
1882 3921 1976 3974 καὶ

398 4023 619 4085 πάντως
639 4022 699 4075 τὸ
720 4019 1037 4074 ὲκτεθνάναι
1057 4018 1189 4081 δεῖν,
1209 4014 1512 4087 ἠμεληκόσι
1534 4013 1628 4067 τοῦ
1651 4012 1972 4084 πρέποντος,

396 4117 513 4172 Καὶ
540 4116 639 4185 τῆς
680 4116 764 4167 ὅτι
797 4112 1031 4184 μάλιστα
1058 4108 1376 4181 πρεπούσης
1418 4106 1600 4170 αὐτοῖς
1646 4105 1976 4175 εὐκοσμίας,

397 4209 808 4280 διαμεμήνυκεν
838 4202 1008 4256 εἰπὼν
1031 4203 1059 4255 ὃ
1081 4220 1133 4254 τι
1179 4202 1285 4272 χρὴ
1319 4199 1617 4271 φοροῦντας
1650 4199 1974 4268 ἱερουργεῖν·

397 4302 516 4355 Καὶ
541 4301 641 4354 οὐκ
690 4296 1017 4362 ἐπάξονται,
1054 4294 1218 4363 φησὶ,
1250 4291 1386 4363 πρὸς
1426 4289 1650 4352 ἑαυτοὺς
1681 4288 1985 4360 ἁμαρτίαν,

401 4391 491 4444 ἵνα
522 4390 598 4460 μὴ
627 4386 996 4442 ἀποθάνωσιν.

2066 1912 2247 1985 ipsum
2272 1915 2336 1968 “.
2376 1935 2395 1967 ι
2447 1915 2614 1971 Vides
2660 1916 2794 1986 ipsis
2841 1932 3061 1987 quoque
3097 1916 3223 1971 ﬁliis
3260 1916 3442 1971 Aaron
3481 1916 3644 1971 deco-

2064 2021 2187 2062 rum
2209 2021 2349 2070 esse,
2377 2005 2525 2076 quod
2567 2007 2766 2062 bellico
2796 2008 2991 2063 habitu
3016 2009 3194 2064 induti
3221 2009 3481 2064 videntur
3509 2026 3522 2061 :
3553 2024 3642 2064 sa-

2063 2111 2218 2151 crum
2237 2097 2387 2152 enim
2435 2097 2572 2152 illud
2635 2114 2811 2169 genus
2852 2099 3169 2154 universum
3191 2108 3277 2154 est
3314 2099 3380 2154 ad
3406 2114 3642 2170 pugnam

2063 2197 2271 2258 aptum,
2303 2203 2414 2244 non
2439 2189 2585 2259 quod
2643 2190 2912 2246 adversus
2948 2206 3173 2247 carnem
3216 2200 3273 2247 et
3318 2192 3641 2262 sanguinem

2064 2280 2268 2334 bellum
2302 2296 2494 2351 gerere
2521 2289 2577 2336 et
2602 2296 2866 2352 pugnare,
2902 2282 2998 2337 sed
3027 2283 3175 2352 quod
3201 2284 3477 2354 impurum
3512 2298 3643 2352 pec-

2065 2380 2246 2427 catum
2301 2373 2601 2442 reprimere
2628 2372 2817 2440 norit;
2863 2377 2976 2429 tum
3014 2375 3364 2445 apertissime
3402 2383 3459 2429 et
3518 2391 3645 2429 ora-

2068 2460 2233 2515 tionis
2277 2461 2493 2516 viribus
2536 2477 2638 2532 pro
2669 2464 2923 2518 veritatis
2965 2464 3238 2535 dogmatis
3290 2465 3644 2528 decertandi»,

2068 2559 2185 2607 tum
2221 2569 2354 2610 vero
2386 2569 2631 2610 omnem
2688 2554 3109 2626 intelligentiam
3162 2557 3233 2611 ad
3278 2558 3646 2613 obedientiam

2067 2644 2272 2701 Christi
2297 2646 2567 2717 captivam
2588 2647 2862 2712 ducendo,
2897 2648 3041 2702 sicut
3063 2649 3330 2719 scriptum
3354 2657 3440 2705 est
3461 2649 3528 2704 “.
3553 2650 3647 2705 Li-

2068 2754 2171 2793 nea
2189 2754 2354 2808 porro
2371 2739 2480 2793 illis
2501 2747 2629 2794 sunt
2650 2740 2956 2805 femoralia,
2981 2747 3041 2794 ut
3064 2739 3466 2796 deformitatem
3486 2750 3649 2812 atque

2070 2826 2490 2897 turpitudinem,
2522 2844 2644 2898 quae
2687 2828 2745 2883 in
2770 2828 3076 2885 femoribus
3101 2836 3206 2895 est,
3238 2831 3445 2901 optime
3465 2840 3651 2886 conte-

2068 2928 2215 2990 gant.
2251 2920 2386 2975 Nam
2412 2922 2618 2986 omnia,
2643 2937 2766 2992 quae
2779 2921 2851 2976 ad
2878 2929 3097 2977 sanctos
3121 2922 3421 2992 pertinent,
3472 2922 3651 2980 hone-

2071 3010 2311 3066 stissima
2340 3020 2490 3076 sunt,
2515 3013 2764 3082 nihilque
2794 3013 2850 3067 in
2878 3012 2987 3068 illis
3017 3020 3177 3083 turpe
3203 3014 3532 3069 estzlineum
3552 3031 3652 3071 au-

2072 3109 2182 3157 tem
2242 3101 2628 3170 indumentum
2671 3104 2923 3173 partibus
2972 3105 3223 3174 corporis
3255 3105 3404 3160 circa
3447 3104 3653 3161 femora

2072 3193 2357 3248 inductum
2405 3209 2579 3264 prope
2641 3194 2907 3261 insinuat,
2949 3196 3420 3268 refrigerationem
3477 3200 3655 3255 carnis

2070 3285 2416 3354 voluptatum
2442 3285 2676 3341 maxime
2700 3286 2898 3343 decere
2940 3297 3160 3344 sanctos
3193 3308 3207 3343 :
3243 3289 3387 3345 linea
3418 3306 3653 3362 namque

2069 3377 2240 3432 vestis
2268 3378 2464 3449 frigida
2496 3387 2598 3434 est.
2628 3381 2831 3436 Fervor
2846 3394 3030 3439 autem
3060 3384 3172 3449 ille,
3189 3400 3300 3455 quo
3329 3386 3656 3457 turpissimm

2070 3470 2434 3539 appetitioncs
2479 3474 2809 3540 excitantur,
2839 3476 2909 3531 ab
2958 3493 3291 3548 unoquoque
3318 3478 3440 3533 viro
3467 3489 3656 3534 sancto

2070 3568 2156 3614 est
2201 3562 2435 3618 alienus.
2478 3564 2598 3620 Alia
2635 3581 2853 3637 quoque
2895 3569 3129 3632 ratione,
3174 3569 3267 3639 qui
3318 3570 3656 3625 sacerdotale

2070 3665 2274 3705 munus
2302 3655 2481 3725 sortiti
2513 3665 2660 3720 sunt,
2677 3671 2872 3711 eorum
2911 3666 2968 3712 et
2989 3668 3169 3713 vestes
3201 3667 3257 3715 et
3282 3659 3562 3715 femoralia
3590 3678 3657 3717 ex

2071 3740 2186 3794 lino
2218 3741 2391 3808 ﬁunt;
2419 3744 2624 3799 etenim
2646 3745 2769 3800 illos
2802 3762 2836 3801 a
2858 3749 3092 3803 mortuis
3113 3749 3374 3818 operibus
3402 3752 3658 3807 recedere

2072 3848 2297 3889 necesse
2339 3844 2457 3901 est;
2511 3837 2724 3906 signum
2770 3848 2954 3894 autem
2992 3842 3346 3897 mortalitatis
3371 3853 3475 3907 est,
3508 3846 3655 3914 quod

2074 3940 2143 3979 ex
2170 3940 2400 3995 corpore
2426 3928 2695 3983 morituro
2726 3930 2982 3995 sumitur,
3011 3946 3078 3985 ex
3100 3948 3221 3998 ove,
3252 3934 3495 4005 inquam.
3526 3937 3659 3991 Esse

2075 4015 2246 4086 igitur
2285 4018 2465 4083 lineis,
2505 4035 2617 4075 non
2650 4020 2823 4077 laneis
2856 4023 3102 4078 vestibus
3128 4023 3402 4091 indutum,
3431 4026 3660 4097 ﬁgurate

2078 4109 2367 4175 signiﬁcat,
2397 4126 2563 4180 opera
2603 4121 2821 4168 mortua
2850 4114 3125 4184 deponere
3153 4134 3165 4170 :
3193 4131 3364 4187 eaque
3391 4118 3478 4172 lex
3507 4134 3663 4173 sanc-

2080 4209 2134 4255 ta
2161 4210 2245 4257 est
2300 4210 2466 4272 atque
2519 4214 2802 4274 perpetua.
2859 4207 3000 4260 Fore
3029 4214 3212 4260 autem
3255 4208 3480 4263 omnino
3506 4217 3587 4273 ut,
3614 4211 3660 4265 si

2078 4294 2218 4363 ejus,
2238 4293 2383 4362 quod
2420 4294 2634 4359 deceat,
2660 4305 2825 4365 atque
2846 4297 3170 4361 honestatis,
3202 4312 3323 4366 qum
3354 4297 3462 4353 illis
3488 4301 3661 4354 maxi-

2083 4398 2169 4437 me
2196 4384 2471 4447 convenit,
2497 4386 2832 4456 negligentes
2852 4387 2982 4452 sint,
3006 4403 3103 4443 eos
3133 4389 3322 4443 mortis
3347 4405 3506 4461 poena
3529 4408 3662 4446 con—

398 4470 685 4551 seQuatbr,
714 4476 999 4541 indicavit,
1028 4489 1153 4529 cum
1197 4471 1360 4537 dixit,
1389 4470 1613 4527 indutos
1671 4487 1734 4526 ea
1764 4478 1920 4526 veste
1979 4474 2299 4530 sacriﬁcare
2357 4485 2656 4546 oportere:
2688 4479 2758 4535 Et
2806 4496 2919 4536 non
2971 4481 3252 4546 inducent,
3322 4481 3520 4554 inquit,
3558 4485 3662 4539 siii

402 4570 543 4641 ipsis
565 4577 871 4641 peccatum,
898 4584 968 4625 nc
1006 4566 1332 4622 moriantur.

477 4663 685 4716 HAAA.
747 4658 1017 4729 Ἀσφαλὴς
1038 4658 1067 4710 ὁ
1085 4656 1247 4727 νόμος
1270 4656 1331 4707 τὸ
1357 4652 1574 4743 ἑκάστῳ
1615 4653 1891 4718 λυσιτελὲς
1922 4652 1968 4709 εἰ

2159 4660 2354 4717 PALL.
2383 4660 2557 4718 Cauta
2586 4678 2650 4718 ac
2666 4662 2895 4734 prowda
2916 4664 3004 4720 lex
3027 4674 3130 4730 est,
3150 4681 3294 4733 cum,
3319 4669 3450 4739 quid
3468 4672 3666 4743 cuique

407 4752 558 4824 μάλα
587 4748 944 4812 καταδεικνὺς
964 4787 979 4811 ,
1028 4747 1124 4802 καὶ
1159 4747 1228 4799 τὰ
1259 4745 1327 4798 δι’
1356 4736 1431 4798 ὧν
1457 4745 1656 4815 ἄριστα
1693 4742 1807 4814 ἔχοι
1835 4746 1981 4816 σαφῆ

403 4844 690 4907 καθιστάς.

479 4936 644 4989 ΚΥΡ.
680 4925 808 4987 Ὧδε
833 4933 964 5004 ἔχει·
995 4932 1091 4986 καὶ
1128 4931 1287 5003 στολῇ
1321 4930 1418 5000 μὲν
1456 4931 1522 5000 τῇ
1548 4929 1723 5001 τοιᾷδε
1748 4929 1811 4982 τὸ
1843 4929 1985 5002 ἱερὸν

404 5029 505 5082 καὶ
562 5026 860 5081 ἁπόλεκτον
905 5024 1301 5079 κατακαλλύνει
1333 5024 1506 5092 γένος,
1546 5021 1760 5089 ἁγιάζει
1801 5021 1858 5074 δὲ
1893 5020 1985 5073 καὶ

406 5121 648 5191 ἑτέρως,
691 5118 766 5183 ὡς
797 5119 854 5170 ὲν
895 5119 1023 5188 σκιᾷ
1054 5117 1150 5187 μὲν
1174 5115 1286 5179 ἔτι,
1326 5114 1466 5186 πλὴν
1509 5116 1568 5167 ὲν
1611 5114 1852 5185 Χριστῷ.
1888 5114 1927 5166 Γ
1932 5114 1986 5166 ἑο

407 5228 651 5282 γραπται
685 5211 794 5282 γάρ
825 5210 882 5262 δὲ
910 5208 1024 5261 ὼδίο
1074 5224 1093 5257 ι
1126 5209 1234 5260 Καὶ
1263 5205 1437 5260 ταῦτά
1467 5207 1612 5259 ἐστιν
1653 5205 1690 5261 ἃ
1738 5206 1985 5276 ποιήσεις

410 5306 616 5368 αὐτοῖς·
648 5304 875 5372 ἀγίασαι
901 5301 1099 5365 αὐτοὺς
1152 5299 1291 5353 ὥστε
1318 5299 1617 5371 ἱερατεύειν
1641 5317 1729 5369 μοι
1765 5300 1984 5363 αὐτοὺς,

410 5395 560 5467 λήψῃ
591 5395 883 5466 μοσχάριον
910 5396 974 5447 ἔκ
997 5388 1134 5462 βοῶν
1156 5390 1235 5455 ἓν,
1263 5391 1355 5443 καί
1375 5392 1561 5461 κριοὺς
1581 5391 1675 5444 δύο
1699 5391 1985 5462 ἀμώμους,

412 5486 508 5539 καὶ
530 5485 727 5554 ἄρτους
751 5485 992 5555 ἀζύμους
1025 5480 1438 5552 πεφυραμένους
1471 5482 1529 5531 ἐν
1556 5480 1740 5550 ἐλαίῳ,
1769 5482 1863 5535 καὶ
1894 5481 1988 5535 λάο

412 5593 554 5645 γανα
583 5575 767 5648 ἄζυμα
793 5573 1128 5647 κεχρισμένα
1165 5575 1222 5625 ἐν
1247 5571 1429 5643 ἐλαίῳ.
1462 5571 1747 5642 Σεμίδαλιν
1779 5575 1843 5627 ὲκ
1880 5591 1984 5630 πυ*

488 5762 532 5799 ⁸⁸
555 5761 727 5821 Exod.
759 5776 945 5827 xxvm,
978 5757 1164 5814 40-45.
1240 5759 1285 5793 δ’
1332 5760 1376 5816 ll
1404 5758 1528 5819 Cor.
1582 5777 1635 5830 x,
1677 5760 1728 5828 ὅ,
1764 5762 1815 5815 6.

2084 4753 2357 4822 expediat,
2383 4755 2589 4825 Optime
2614 4755 2986 4821 demonstret,
3015 4766 3071 4813 et
3103 4775 3201 4830 per
3225 4774 3346 4831 qua:
3375 4775 3435 4818 se
3463 4764 3667 4833 Optime

2086 4842 2318 4912 quisque
2343 4843 2547 4900 habere
2569 4844 2761 4914 possit,
2783 4846 3074 4917 perspicua
3099 4847 3281 4904 faciat.

2155 4932 2311 4988 CYR.
2347 4933 2423 4988 lta
2458 4942 2564 4989 est.
2599 4935 2880 5006 Ejusmodi
2919 4935 3086 5007 igitur
3134 4946 3286 4995 veste
3335 4955 3551 4997 sacrum
3612 4951 3670 4997 et

2086 5025 2322 5080 electum
2348 5042 2521 5097 genus
2552 5035 2819 5093 exornat;
2845 5029 2941 5083 sed
2976 5030 3080 5084 alia
3106 5031 3318 5087 ratione
3341 5032 3667 5096 sanctiﬁcat,

2094 5125 2154 5170 ut
2182 5117 2238 5171 in
2270 5119 2465 5173 umbra
2495 5119 2721 5190 quidem
2752 5119 2955 5182 adhuc.
2987 5121 3081 5176 sed
3117 5122 3171 5176 in
3215 5122 3435 5178 Christo
3466 5132 3665 5178 tamen.

2092 5209 2180 5287 lta‘
2204 5210 2373 5281 igitur
2405 5210 2673 5280 scriptum
2711 5218 2795 5265 est
2822 5229 2833 5262 :
2878 5231 2897 5263 ι
2932 5213 2999 5266 Et
3028 5213 3144 5267 hmo
3171 5220 3319 5277 sunt,
3346 5229 3469 5284 qua:
3501 5214 3669 5270 facies

2100 5301 2214 5355 eis:
2245 5300 2615 5360 sanctiﬁcabis
2665 5316 2781 5365 eos,
2817 5308 2875 5356 ut
2901 5303 3209 5357 sacerdOtio
3239 5302 3536 5374 fungantur
3568 5306 3671 5373 mi-

2093 5393 2184 5448 hi:
2217 5393 2455 5464 accipies
2512 5393 2746 5447 vitulum
2786 5408 2851 5446 ex
2887 5392 3064 5447 bobus
3110 5406 3280 5449 unum
3308 5436 3321 5459 ,
3358 5401 3415 5450 et
3469 5397 3671 5455 arietes

2092 5483 2231 5539 duos
2262 5484 2662 5546 immaculatos,
2688 5490 2743 5535 et
2770 5494 2940 5552 panes
2990 5490 3228 5554 azymos,
3262 5485 3384 5539 oleo
3440 5486 3586 5547 litos,
3616 5498 3673 5542 ct
3709 5468 3717 5472 ’

2092 5577 2284 5648 lagana
2340 5591 2546 5647 azyma,
2586 5581 2748 5630 uncta
2796 5574 2941 5642 oleo,
3001 5574 3235 5633 similam
3278 5592 3343 5634 ex
3393 5577 3669 5634 frumento
