4142 6296
587 324 715 384 ’ἾΕΗ

1618 326 1673 379 S.
1716 325 1992 381 CYBILLI
2032 327 2499 384 ALEXANDRINI
2536 329 2854 386 ARCIHEP.
3746 325 3832 382 ’ἴδε

584 446 792 501 .facies
840 447 1044 504 cauet
1081 438 1342 511 imponas
1392 456 1457 496 ea
1504 441 1560 495 in
1618 445 1919 498 canistrum
1982 459 2190 510 unum,

2296 445 2405 517 ρῶν
2441 446 2689 516 ποιήσεις
2732 444 2904 507 αὐτὰ.
2947 445 3045 498 καὶ
3076 442 3363 514 ἐπιθήσεις
3390 441 3528 496 αὐτὰ
3553 441 3637 494 ἐπὶ
3666 440 3832 495 κανοῦν

580 545 676 590 et
709 531 990 588 bﬂ'eresin
1052 532 1312 596 canistro,
1371 541 1427 587 et
1466 533 1697 588 vitulum
1754 543 1809 588 et
1859 535 2001 590 duos
2048 536 2187 590 arie-

585 636 735 690 ,ιεες
791 634 847 680 et
894 625 1074 681 Aaron
1133 631 1190 679 et
1241 623 1380 679 ﬁlios
1433 627 1553 695 ejus
1616 625 1855 682 adduces
1924 628 1993 682 ad
2032 629 2191 698 391

586 719 820 773 -ostium
893 715 1231 771 tabernaculi
1304 717 1647 782 testimonii,
1707 727 1764 773 et
1824 719 2036 774 lavahis
2099 733 2196 773 eos

585 825 781 879 L-aqua,
830 818 907 864 ~et
963 807 1203 878 acceptis
1252 808 1428 870 stolis,
1487 809 1684 863 indues
1733 809 1912 864 Aaron
1967 810 2192 865 fratrem

589 911 775 957 (unum
848 900 1099 955 tunicam
1172 900 1397 953 talarem
1460 910 1515 954 et
1577 901 2064 971 superhumcrale,
2141 911 2198 956 et

592 993 887 1047 rationale
942 990 1009 1045 ad
1077 990 1548 1059 superhumerale.
1612 991 1681 1044 Et
1741 992 1958 1061 aptabis
2008 992 2058 1046 ei
2110 1006 2197 1045 ra-

2296 532 2375 597 ἐν,
2405 532 2499 587 καί
2528 535 2831 605 προσοίσεις
2849 532 2991 588 αὐτὰ
3027 534 3116 586 ὲτίὶ
3140 533 3220 603 τῷ
3243 532 3411 602 κανῷ,
3446 532 3539 585 καὶ
3564 532 3621 585 τὸ
3651 533 3828 602 μοσχάο

2296 640 2432 695 ριον,
2475 626 2568 677 καὶ
2620 624 2747 688 τοὺς
2793 624 2886 683 δύο
2926 623 3132 695 κριούς.
3170 624 3280 677 Καὶ
3334 621 3543 694 Ἀαρὼν
3590 625 3679 676 καὶ
3726 625 3831 685 τοὺς

2297 716 2445 779 υἱοὺς
2470 716 2635 770 αὑτοῦ
2668 716 2959 787 προσάξεις
2980 717 3073 770 ἐπὶ
3094 716 3193 778 τὰς
3222 713 3390 787 θύρας
3418 717 3515 784 τῆς
3546 714 3734 785 σκηνῆς
3756 716 3833 769 τοῦ

2299 806 2621 875 μαρτυρίου,
2657 807 2748 858 καὶ
2784 804 2996 868 λούσεις
3028 806 3226 868 αὐτοὺς
3265 806 3322 857 ἐν
3353 803 3526 857 ὕδατι.
3557 804 3657 856 Καὶ
3678 798 3834 857 λαϐὼν

2297 895 2391 957 τὰς
2425 894 2635 959 στολὰς,
2658 895 2898 959 ἐνδύσεις
2935 893 3144 964 Ἀαρὼν
3170 892 3260 946 τὸν
3287 892 3515 960 ἀδελφόν
3541 907 3631 943 σου
3658 892 3740 944 καὶ
3762 892 3836 944 τὸν

2295 984 2499 1055 χιτῶνα
2528 985 2617 1038 τὸν
2646 984 2880 1056 ποδήρη,
2917 986 3009 1037 καὶ
3032 985 3129 1054 τὴν
3151 983 3421 1055 ἐπωμίδα,
3447 981 3540 1035 καὶ
3562 982 3621 1034 τὸ
3636 982 3834 1050 λογεῖον.

593 1083 825 1138 »ιίοιιειιε
859 1082 926 1137 ad
961 1082 1438 1151 superhumerale,
1464 1091 1520 1136 et
1559 1082 1810 1153 impones
1858 1084 2078 1138 mitram
2105 1100 2198 1138 su-

596 1190 721 1244 ~.per
746 1175 1069 1245 caputejus,
1119 1182 1176 1228 et
1232 1173 1482 1242 impones
1522 1175 1778 1228 laminam
1814 1174 2198 1229 sanctiﬁcatio-

2297 1076 2405 1129 Καὶ
2439 1075 2698 1145 συνάψεις
2741 1076 2891 1146 αὐτῷ
2935 1076 2998 1129 τὸ
3036 1075 3245 1143 λογεῖον
3289 1075 3425 1146 πρὸς
3471 1072 3566 1144 τὴν
3597 1074 3833 1144 ἐπωμίδα.

2296 1169 2406 1222 Καὶ
2449 1165 2734 1238 ἐπιθήσεις
2779 1166 2877 1238 τὴν
2914 1167 3112 1239 μίτραν
3149 1166 3239 1218 ἐπὶ
3274 1166 3374 1237 τὴν
3405 1164 3637 1237 κεφαλὴν
3674 1164 3832 1229 αὐτοῦ,

2295 1257 2391 1312 καὶ
2417 1257 2696 1328 ἐπιθήσεις
2718 1257 2780 1310 τὸ
2797 1257 3025 1310 πέταλον
3045 1257 3108 1312 τὸ
3129 1240 3381 1327 ἁξίασμα
3402 1256 3494 1308 ἐπὶ
3522 1257 3617 1327 τὴν
3644 1257 3831 1327 μίτραν,

2296 1348 2390 1402 καὶ
2423 1347 2570 1420 λήψῃ
2587 1347 2681 1400 τοῦ
2704 1348 2886 1403 ἐλαίου
2905 1347 2999 1401 τοῦ
3025 1348 3345 1420 χρίσματος,
3373 1348 3470 1402 καὶ
3488 1349 3709 1417 ἐπιχεείς
3730 1349 3838 1403 αὐτδ

2294 1439 2387 1491 ἐπὶ
2415 1439 2512 1511 τὴν
2546 1440 2788 1511 κεφαλὴν
2822 1439 3011 1508 αὐτοῦ,
3042 1442 3134 1494 καὶ
3157 1442 3371 1511 κρίσεις
3405 1439 3582 1493 αὐτόν.
3619 1440 3717 1493 Καὶ
3735 1441 3837 1504 τοὺς

2296 1529 2443 1593 υίοὺς
2476 1529 2642 1583 αὑτοῦ
2678 1530 2989 1600 προσάξεις,
3016 1531 3112 1584 καὶ
3132 1531 3316 1587 ἐνδύσε
3327 1547 3378 1593 ις
3401 1531 3595 1595 αὐτοὺς
3615 1531 3835 1602 χιτῶνας,

599 1281 745 1320 .nem
778 1280 944 1334 super
969 1263 1226 1328 mitram;
1258 1270 1313 1316 et
1356 1262 1595 1331 accipies
1625 1262 1692 1317 de
1734 1263 1856 1317 oleo
1896 1262 2192 1328 unctionis,

598 1365 675 1409 tet
696 1354 946 1410 cﬁ'undes
972 1353 1105 1407 illud
1145 1369 1311 1423 super
1359 1361 1524 1423 caput
1556 1354 1677 1423 ejus
1710 1360 1767 1408 et
1798 1346 1970 1423 unges
2016 1353 2192 1408 illum.

619 1446 688 1500 Et
720 1445 864 1500 ﬁlios
900 1446 1020 1515 ejus
1046 1443 1310 1508 adduces,
1347 1455 1404 1499 ct
1450 1444 1649 1499 indues
1700 1459 1798 1500 eos
1857 1446 2090 1511 tunicas,
2140 1454 2196 1502 et

620 1537 806 1607 cinges
829 1551 925 1592 eos
973 1536 1145 1599 zonis,
1183 1545 1239 1590 et
1276 1536 1661 1606 circumpones
1707 1536 1819 1591 illis
1855 1536 2089 1602 cidares,
2139 1546 2196 1592 et

617 1630 723 1684 erit
746 1630 856 1684 illis
879 1628 1248 1684 sacerdotium
1276 1629 1410 1682 mihi
1441 1629 1493 1681 in
1523 1628 1808 1691 saeculum,
1839 1637 2196 1684 etconsecra-

619 1725 706 1780 his
732 1725 913 1780 Aaron
936 1738 1151 1785 manus,
1182 1730 1238 1777 et
1271 1738 1467 1776 manus
1502 1721 1741 1776 ﬁliorum
1786 1723 1905 1792 ejus
1937 1724 2003 1775 ".
2036 1741 2054 1773 ι
2085 1722 2190 1793 lgi-

2297 1711 2395 1776 τὰς
2419 1713 2683 1783 κιδάρεις.
2725 1715 2835 1768 Καὶ
2865 1715 3016 1767 ἔσται
3055 1715 3239 1777 αὐτοῖς
3283 1713 3532 1783 ίερατεία
3566 1731 3650 1783 μοι
3676 1716 3745 1776 είς
3763 1715 3840 1767 τὸν

621 1826 711 1870 tur
743 1814 927 1870 aﬁerri
953 1830 1053 1885 pro
1070 1812 1341 1868 sacriﬁcio
1358 1813 1522 1883 jussit
1541 1813 1796 1877 vitulum,
1815 1829 1877 1868 ac
1899 1814 2036 1869 duos
2053 1815 2195 1869 arie-

2295 1804 2487 1868 αἰῶνα,
2531 1805 2626 1859 καὶ
2670 1805 2978 1871 τελειώσεις
3035 1805 3247 1877 Ἀαρὼν
3284 1807 3389 1869 τὰς
3447 1809 3633 1878 χεῖρας
3680 1806 3842 1874 αὐτοῦ,

621 1919 737 1970 tes,
766 1908 954 1977 lagana
993 1920 1210 1976 quoque
1239 1914 1294 1961 et
1319 1920 1489 1974 panes
1522 1905 1579 1960 in
1614 1906 1872 1960 canistro.
1906 1907 2064 1961 Prius
2100 1921 2195 1961 au-

2296 1896 2391 1949 καὶ
2454 1897 2554 1961 τὰς
2609 1901 2802 1970 χεῖρας
2861 1898 2969 1952 τῶν
3016 1898 3148 1952 υίῶν
3189 1899 3381 1953 αὑτοῦ.
3438 1918 3457 1952 ι
3511 1899 3840 1971 Προσκομίζε-

622 2010 730 2053 tem
765 1996 870 2051 alia
901 1997 1111 2051 ratione
1137 1997 1264 2051 illos
1288 1995 1490 2065 expiat,
1512 1994 1763 2066 ﬁguram,
1796 2005 1859 2050 ut
1891 1997 2108 2066 opinor,
2137 1997 2195 2052 in

2298 1986 2422 2041 σθαι
2452 2030 2457 2037 .
2487 1990 2584 2059 μὲν
2636 1985 2732 2043 οὖν
2787 1991 2866 2054 είς
2932 1988 3125 2045 θυσίαν
3182 1990 3527 2063 προστέταχε
3584 1992 3841 2061 μοσχάριον

619 2105 685 2143 ra
711 2104 769 2144 re
801 2104 947 2145 verre
992 2086 1444 2143 sanctiﬁcationis
1475 2086 1776 2142 ostendens
1817 2105 1830 2141 :
1867 2103 2014 2153 nam,
2067 2102 2194 2142 cum

2296 2078 2392 2131 καὶ
2425 2078 2518 2132 δύο
2559 2082 2783 2150 κριοὺς,
2820 2080 3033 2149 λάγανά
3084 2098 3147 2134 τε
3187 2082 3281 2134 καὶ
3331 2081 3535 2152 ἄρτους
3574 2080 3661 2135 ἐπὶ
3698 2079 3839 2151 κενῷ.

620 2180 808 2234 Aaron
857 2177 1038 2249 ipsum
1092 2192 1236 2247 aqua
1293 2176 1447 2247 prius
1493 2177 1781 2240 abluisset,
1824 2192 1980 2232 sacra
2037 2177 2193 2231 illum

2298 2169 2698 2240 Προαφαγνίζει
2742 2171 2799 2225 δὲ
2854 2172 2948 2225 καί⁸
3001 2173 3206 2244 ἑτέρως
3227 2215 3241 2239 ,
3269 2172 3449 2227 τύπον
3470 2213 3486 2239 ,
3513 2169 3689 2245 οἶμαι,
3727 2171 3843 2225 οὕτω

621 2269 759 2325 stola
834 2266 1032 2322 induit.
1132 2266 1244 2322 Nos
1326 2279 1544 2336 quoque
1619 2275 1809 2323 saneto
1870 2267 2196 2338 baptismate

2298 2280 2402 2316 που
2443 2264 2505 2316 τὸ
2544 2263 2735 2335 χρῆμα
2774 2264 2943 2329 τιθεὶς
2976 2264 3072 2318 τοῦ
3103 2267 3246 2319 κατὰ
3286 2266 3548 2339 ἀλήθειαν
3586 2265 3840 2338 ἀγιασμοῦ.

621 2362 818 2426 abluti,
865 2360 1127 2431 omnique
1155 2376 1355 2431 genere
1398 2360 1731 2431 impuritatis
1780 2362 2049 2427 absterso,
2080 2369 2196 2416 tum

2299 2354 2491 2408 Ὕδατι
2513 2356 2620 2427 γὰρ
2646 2356 2951 2421 ἀπολούσας
2987 2358 3078 2411 τὸν
3119 2357 3355 2430 Ἀαρὼν,
3397 2360 3496 2432 τὴν
3530 2360 3682 2428 ἁγίαν
3710 2357 3843 2411 αὑτὸν

622 2454 861 2523 denique
888 2467 1129 2522 superna
1162 2451 1256 2506 illa
1295 2452 1619 2523 ccelestique
1651 2452 1823 2525 gratia
1850 2453 2113 2517 ditamur,
2141 2460 2199 2508 et

2299 2449 2627 2520 ἁμφιέννυσι
2657 2451 2871 2522 στολήν.
2912 2452 3378 2525 Ἀπολουσάμενοι
3412 2454 3468 2508 δέ
3495 2455 3587 2509 καὶ
3608 2456 3749 2525 ἡμεῖς
3772 2452 3845 2507 διὰ

623 2546 825 2603 ketitiaa
857 2544 1097 2601 tunicam
1152 2544 1475 2614 accipimus,
1523 2547 1677 2616 juxta
1704 2544 1882 2600 illud:
1938 2544 2199 2598 «Induite

2298 2540 2391 2594 τοῦ
2433 2542 2589 2608 ἁγίου
2631 2541 3037 2614 βαπτίσματος,
3081 2545 3174 2598 καὶ
3208 2547 3319 2599 πᾶν
3362 2541 3507 2611 εἴδος
3546 2545 3845 2617 ἀκαθαρσίας

622 2635 915 2695 Dominum
954 2641 1203 2688 nostrum
1254 2633 1439 2688 Jesum
1469 2633 1752 2688 Christum
1774 2634 1836 2686 “.
1861 2652 1878 2683 ι
1916 2632 2197 2702 Superiori

624 2742 861 2798 namque
889 2725 1137 2779 oratione
1155 2724 1589 2780 demonstratum
1615 2733 1701 2779 est
1724 2724 1778 2779 in
1796 2734 1994 2779 ornatu
2020 2726 2199 2779 Aaron

624 2818 797 2874 fuisse
813 2814 1093 2877 Christum
1111 2814 1259 2869 varie
1284 2813 1595 2884 ﬁguratum.
1614 2813 1748 2870 Oleo
1771 2829 1990 2885 quoque
2012 2822 2200 2871 sancto

628 2917 797 2979 caput
829 2906 1046 2976 inungit
1082 2923 1095 2959 :
1127 2906 1309 2976 psallit
1335 2916 1517 2962 autem
1564 2907 1763 2961 David:
1807 2907 2198 2978 clmpinguasti

628 3000 683 3057 in
723 2999 844 3054 oleo
875 3005 1039 3067 caput
1066 3012 1249 3051 meum
1280 2999 1344 3051 θ’.
1370 3017 1389 3050 ι
1424 2998 1527 3054 Ubi
1560 2998 1668 3053 olei
1695 2998 1918 3054 nomine
1954 2998 2201 3055 hilaritas

2299 2631 2740 2703 ἀποτριϐόμενοι,
2763 2634 2885 2687 τότε
2909 2635 2996 2701 δὴ,
3018 2637 3139 2691 τότε
3163 2638 3260 2709 τὴν
3289 2637 3502 2692 ἄνωθεν
3522 2640 3610 2692 καὶ
3635 2637 3688 2705 ἐξ
3710 2637 3849 2708 obpa-

2299 2722 2392 2778 νοῦ
2422 2723 2904 2797 καταπλουτοῧμεν
2936 2728 3118 2799 χάριν,
3163 2730 3254 2783 τὸν
3291 2730 3401 2800 τῆς
3443 2731 3755 2802 εὐφροσύνης
3780 2744 3846 2799 χι·

2300 2815 2444 2868 τῶνα
2476 2815 2775 2887 δεχόμενοι,
2808 2820 2951 2873 κατά
2976 2837 3038 2889 γε
3064 2821 3145 2885 τὸ,
3179 2840 3198 2873 ι
3225 2822 3552 2877 Ἐνδύσασθε
3575 2822 3659 2875 τὸν
3678 2820 3847 2891 Κύριον

2300 2906 2458 2975 ἡμῶν
2499 2906 2706 2976 Ἰησοῦν
2750 2907 3006 2979 Χριστόν.
3044 2927 3062 2960 ι
3097 2910 3471 2981 Προαπέδειξε
3510 2911 3615 2984 γὰρ
3652 2911 3845 2978 όλόγος.

2300 2994 2383 3048 ὅτι
2426 2993 2783 3067 πολυτρόπως
2818 2993 2887 3068 ἦν
2926 2999 2955 3051 ὀ
2996 2999 3230 3069 Χριστὸς
3254 2999 3330 3065 ὼς
3360 3003 3423 3054 ἐν
3448 3001 3632 3073 κόσμῳ
3650 2999 3720 3072 τῷ
3744 2998 3850 3069 περὶ

2295 1620 2391 1674 καὶ
2416 1616 2612 1685 ζὼσεις
2632 1622 2828 1686 αὐτοὺς
2852 1625 2970 1686 ταῖς
2993 1622 3212 1687 ζώναις,
3236 1623 3331 1675 καὶ
3364 1621 3669 1694 περιθήσεις
3687 1622 3838 1686 αὐτοῖς
3934 1652 3940 1658 -

628 3093 766 3164 spei,
790 3106 953 3163 quam
1003 3090 1178 3146 sancti
1212 3106 1345 3146 voce
1381 3099 1672 3156 testantur,
1715 3091 1771 3147 id
1823 3101 1929 3158 est,
1963 3108 2200 3163 superna

630 3183 903 3255 inspectio
959 3181 1256 3237 hilaritatis
1304 3181 1555 3239 eﬁ‘ectrix
1608 3182 1954 3254 designatur:
1987 3184 2203 3239 miseri-

629 3274 874 3330 cordiam
927 3273 1077 3341 enim
1120 3273 1400 3328 consecuti
1443 3288 1656 3339 sumus,
1687 3274 1781 3343 qui
1842 3274 2198 3340 credidimus,

629 3377 685 3423 et
736 3363 1017 3422 benedicti
1062 3365 1316 3430 Domino,
1368 3372 1551 3420 mente
1577 3380 1678 3436 per
1731 3366 2200 3422 subministratio-

629 3474 756 3512 nem
796 3456 1037 3527 Spiritus
1080 3455 1450 3526 impinguata:
1490 3457 1692 3511 mentis
1748 3466 1931 3512 autem
1972 3456 2201 3529 ﬁguram

630 3548 772 3619 gerit
801 3555 984 3618 caput.
1026 3546 1107 3602 Ad
1133 3546 1389 3601 eumdem
1431 3562 1649 3618 quoque
1701 3547 1925 3604 modum
1963 3548 2206 3604 sanctiﬁ-

2301 3084 2394 3139 τὸν
2448 3085 2657 3158 ’Λαρὼν
2702 3087 3092 3160 πλαττόμενος.
3149 3092 3345 3162 Ἐλαίῳ
3384 3093 3443 3146 δέ
3473 3093 3739 3164 καταχρίει
3769 3090 3850 3162 τὴν

2302 3177 2544 3249 κεφαλὴν
2580 3179 2739 3249 ἁγίῳ.
2765 3179 2974 3233 vanu
2994 3181 3050 3235 δέ
3077 3200 3180 3237 που
3204 3185 3296 3237 καὶ
3323 3186 3357 3237 ὁ
3393 3185 3573 3239 Δαῦίᾶ
3605 3205 3622 3237 ι
3662 3184 3849 3239 Ἐλίπαο

2301 3288 2397 3335 νας
2427 3272 2487 3325 ἐν
2511 3271 2677 3343 ἐλαίῳ
2702 3271 2802 3344 τὴν
2831 3274 3074 3346 κεφαλήν
3110 3264 3233 3346 μόυ,
3268 3295 3287 3327 ι
3322 3277 3391 3331 τὸ
3416 3278 3593 3349 ἱλαρὸν
3624 3280 3678 3332 ἐν
3704 3275 3850 3330 ἐλπίδι

2301 3365 2400 3435 τῆς
2434 3364 2543 3418 τῶν
2585 3365 2756 3435 ἁγίων
2789 3369 3004 3439 φωνῆς,
3052 3369 3172 3440 ἤτοι
3210 3368 3308 3440 τὴν
3350 3371 3558 3425 ἄνωθεν
3588 3367 3851 3440 ίλαροποιὺν

2305 3454 2595 3525 ἐπίσκεψιν
2640 3455 2732 3509 τοῦ
2770 3457 2951 3510 ἐλαίου
2992 3460 3525 3530 κατασημαίνοντος.
3586 3457 3849 3529 Ἦλεήμεθα

2303 3546 2411 3619 γὰρ
2434 3548 2898 3615 οίπιστεύσαντες
2913 3592 2927 3617 ,
2957 3551 3052 3604 καί
3076 3553 3243 3621 ἐσμεν
3264 3553 3650 3626 εὐλογημένοι
3666 3552 3734 3623 τῷ
3755 3552 3849 3604 Κυ-

621 3639 897 3694 cabantur
915 3638 1261 3705 sacerdotes;
1287 3654 1414 3695 nam
1445 3647 1502 3694 et
1543 3654 1684 3709 aqua
1728 3640 2116 3707 abluebantur,
2148 3647 2206 3696 et

625 3731 1042 3802 inungebantur
1068 3732 1211 3798 oleo,
1240 3732 1316 3787 ita
1337 3732 1575 3803 denique
1593 3748 1750 3789 sacro
1778 3734 1983 3789 amictu
2007 3734 2204 3790 indue-

624 3822 854 3887 bantur,
882 3831 940 3878 et
990 3838 1186 3878 eorum
1229 3824 1698 3880 consecrabantur
1745 3840 1959 3891 manus,
2006 3835 2068 3881 ut
2092 3827 2204 3897 jam

620 3912 742 3982 apti
773 3912 1179 3987 quodammodo
1208 3913 1277 3968 ad
1322 3913 1534 3970 hostias
1585 3930 1726 3985 pure
1751 3923 1810 3970 et
1842 3917 1947 3972 rite
2003 3918 2205 3973 immo-

622 4002 822 4057 landas
848 4002 1189 4059 viderentur.
1250 4004 1362 4060 Nos
1410 4003 1543 4061 item
1580 4006 1908 4063 sanctiﬁcati
1951 4009 2125 4078 prius,
2151 4017 2207 4065 et

617 4109 868 4164 superna
884 4095 1060 4165 gratia
1089 4096 1338 4161 exornati
1370 4105 1536 4168 atque
1572 4098 1642 4154 ad
1666 4098 2059 4170 perfectionem
2090 4101 2206 4171 Spi-

624 4184 886 4239 ritualem
917 4184 1153 4252 inuncti,
1187 4192 1302 4241 tum
1355 4187 1595 4259 denique
1653 4189 1999 4246 conﬁdenter
2051 4192 2208 4262 puris

619 4274 1036 4343 quodammodo
1067 4285 1125 4332 et
1150 4277 1357 4334 sanctis
1394 4279 1649 4336 manibus
1676 4295 1908 4336 munera
1929 4282 2062 4347 Deo,
2090 4283 2207 4354 spi-

2305 3641 2426 3712 ρίῳ,
2461 3644 2527 3713 τῇ
2558 3640 2653 3695 τοῦ
2692 3641 3011 3713 Πνεύματος
3050 3645 3386 3717 ἐπιχορηγίᾳ
3427 3647 3518 3701 τὸν
3558 3645 3675 3701 νοῦν
3711 3658 3853 3698 κατα-

2303 3732 2641 3802 πιαινόμενοι
2664 3748 2680 3765 ⁶
2717 3732 2808 3786 νοῦ
2842 3733 2899 3786 δὲ
2938 3737 3016 3797 είς
3050 3735 3220 3788 τύπον
3250 3737 3283 3806 ή
3326 3737 3557 3809 κεφαλή.
3604 3735 3746 3790 Κατὰ
3779 3732 3853 3787 τὸν

2305 3822 2420 3876 ίσον
2458 3822 2516 3876 δέ
2541 3825 2751 3877 τουτονὶ
2778 3816 2979 3897 τρόπον
3008 3828 3057 3879 οί
3099 3828 3265 3898 ἱερεῖς
3297 3829 3618 3899 ήγιάζοντο,
3647 3826 3782 3881 ὕδατί
3803 3840 3852 3876 τε

2303 3912 2684 3986 ἀπονιζόμενοι
2718 3917 2815 3969 καὶ
2856 3917 3020 3989 ἐλαίῳ
3050 3919 3327 3990 χριόμενοι
3347 3961 3363 3987 ,
3399 3919 3541 3974 οὕτω
3574 3937 3628 3973 τε
3659 3917 3851 3989 χριόμε-

2305 4022 2385 4059 νοι
2404 4005 2505 4076 τὴν
2536 4007 2688 4076 ίερὰν
2714 4008 2987 4078 ἁμφίασιν
3010 4009 3412 4080 περικείμενοι,
3444 4008 3781 4079 τελειούμενοί
3801 4021 3850 4057 τε

2304 4096 2404 4161 τὰς
2440 4101 2646 4170 χεῖρας.
2675 4098 2750 4163 ὡς
2777 4100 2877 4170 ἤδη
2916 4118 3034 4164 πως
3058 4101 3235 4155 δοκεῖν
3265 4104 3359 4156 καὶ
3398 4103 3700 4174 ἐπιτηδείως
3732 4099 3853 4169 ἐχειν

2306 4189 2387 4252 είς
2418 4204 2483 4256 γε
2508 4189 2570 4241 τὸ
2599 4190 3019 4260 χρῆναι-λοιπὸν
3049 4192 3305 4264 καθαρῶς
3340 4212 3403 4248 τε
3442 4196 3533 4249 καὶ
3574 4193 3852 4264 ἀμωμήτως

2306 4281 2404 4343 τὰς
2446 4281 2637 4345 θυσίας
2680 4272 2967 4339 ἐπιτελεῖν.
3011 4286 3452 4357 Προηγιασμένοι
3493 4288 3550 4342 δὲ
3589 4287 3675 4339 καὶ
3712 4281 3849 4353 ἡμεῖς

622 4366 852 4421 τίιυαίὶο
909 4368 1196 4435 nimirum,
1249 4369 1564 4427 offerimus.
1595 4371 1878 4444 Ejusmodi
1924 4374 2199 4445 quidpiam

2308 4373 2483 4439 αὐτοὶ,
2512 4374 2604 4427 καὶ⁸
2627 4377 2691 4445 τῇ
2718 4376 2921 4430 ἄνωθεν
2945 4378 3127 4449 χάριτι
3161 4380 3638 4452 κατηγλαῖσμένοι,
3665 4376 3746 4430 καὶ
3773 4388 3849 4424 κε-

621 4453 829 4522 opinor
872 4456 1202 4527 signiﬁcare,
1266 4458 1414 4529 quod
1468 4458 1665 4525 beatus
1721 4462 1894 4518 David
1939 4463 2102 4535 392
2134 4464 2199 4520 de

2308 4465 2592 4536 χρισμένοι
2622 4467 2758 4538 πρὸς
2784 4467 3100 4542 τελειότητα
3131 4471 3229 4542 τὴν
3276 4469 3665 4542 πνευματικὴν,
3697 4465 3765 4527 ὡς
3796 4464 3848 4512 ἐκ

629 4543 825 4611 quovis
854 4544 1076 4601 homine
1109 4547 1440 4604 ascendente
1488 4549 1545 4604 in
1570 4561 1812 4607 montem
1858 4553 2079 4609 Domini
2107 4569 2199 4609 ce-

2309 4557 2622 4629 παρρησίας
2644 4558 2828 4614 λοιπὸν
2855 4561 3120 4633 καθαραῖς
3147 4564 3310 4619 οἱονεί
3337 4581 3453 4628 πως
3477 4565 3570 4619 καὶ
3590 4557 3848 4624 πανάγνοις

623 4637 765 4691 cinit
791 4654 804 4691 :
840 4656 857 4690 ι
876 4638 1144 4696 lnnocens
1171 4640 1446 4708 manibus,
1472 4650 1531 4698 et
1558 4644 1767 4707 mundo
1792 4645 1958 4705 corde
1982 4646 2090 4703 ⁷⁸⁸.»

2307 4651 2500 4722 χερσὶν
2541 4653 2985 4724 προσκομῑξομεν
3028 4653 3148 4726 Θεῷ
3188 4657 3286 4720 τὰς
3321 4656 3681 4729 δωροφορίας,
3716 4647 3848 4718 δῆλον

624 4729 686 4780 δὲ
723 4730 805 4782 ὅτι
854 4730 954 4793 τὰς
1006 4733 1404 4802 πνευματικὰς.
1435 4735 1547 4789 Καί
1583 4753 1666 4791 τοι
1704 4736 1945 4793 τοιοῦτον
1991 4733 2148 4811 οἶμαι
2184 4739 2378 4811 δηλοῦν
2422 4741 2485 4795 τὸ
2528 4741 2605 4813 τῷ
2640 4744 2895 4815 μακαρίῳ
2950 4747 3114 4801 Δαϐὶδ
3150 4747 3486 4819 ὑμνούμενον
3526 4745 3650 4818 περὶ
3683 4737 3847 4800 παντδί

639 4820 1020 4885 ἀναϐαίνοντος
1050 4824 1130 4885 είς
1156 4824 1217 4877 τὸ
1244 4823 1369 4896 ὅρος
1398 4828 1625 4900 Κυρίου·
1661 4848 1680 4882 ε
1705 4829 1905 4895 ’Δθῶος
1928 4832 2086 4904 χερσὶ
2109 4833 2203 4888 καὶ
2233 4830 2471 4903 καθαρὸς
2501 4835 2568 4904 τῇ
2600 4833 2815 4906 καρδίᾳ.
2843 4853 2862 4887 ι

660 4948 665 4955 ι
702 4909 898 4966 PALL.
926 4909 1007 4965 Ita
1031 4912 1272 4969 videtur.

2379 4925 2589 4982 llAAA.
2629 4926 2866 4981 Ἔοικεν.

695 5000 857 5057 CYR.
890 5001 1137 5068 Quonam
1162 5019 1293 5059 vero
1305 5007 1468 5062 modo
1498 5019 1684 5067 essent
1709 5013 1841 5071 item
1886 5029 1988 5085 pro
2016 5030 2199 5072 sacer-

2382 5016 2547 5070 ΚΥΡ.
2586 5017 2720 5071 Τίνα
2755 5019 2812 5073 δέ
2858 5019 3061 5092 τρόπον
3107 5018 3175 5077 αὗ
3209 5024 3608 5097 ἐκπράττεσθαι
3633 5019 3728 5095 χρὴ
3775 5019 3850 5077 τὰς

628 5092 857 5148 dotibus
910 5094 1222 5164 peragenda
1265 5096 1557 5166 sacriﬁcia,
1603 5104 1784 5161 sanxit
1821 5105 2050 5164 dicens:
2094 5128 2112 5160 ι
2138 5108 2199 5163 Et

2308 5105 2448 5179 ὑπὲρ
2470 5106 2582 5164 τῶν
2622 5108 2815 5181 ἱερέων
2856 5109 3065 5177 θυσίας,
3093 5092 3438 5187 ἐθεσμοθνέτει
3466 5092 3674 5185 λέγωνῖ
3706 5092 3725 5163 ί
3766 5104 3855 5163 Καὶ

629 5181 873 5238 adduces
894 5184 1126 5239 vitulum
1150 5185 1218 5241 ad
1243 5186 1445 5243 ostium
1500 5190 1841 5252 tabernaculi
1878 5198 2199 5264 testimonii,

2309 5198 2605 5269 προσάξεις
2623 5200 2719 5253 τὸν
2749 5201 2951 5271 μόσχον
2979 5204 3073 5257 ἐπὶ
3096 5204 3195 5270 τὰς
3227 5181 3399 5279 θύρας
3433 5181 3751 5278 τῆςνσκηνῆς
3779 5193 3847 5247 τοί

630 5281 689 5328 et
721 5274 1003 5345 imponent
1029 5276 1211 5335 Aaron
1252 5287 1309 5334 et
1365 5277 1465 5335 ﬁlii
1494 5282 1614 5353 ejus
1642 5298 1839 5341 manus
1869 5302 1998 5345 suas
2041 5305 2199 5362 super

2312 5289 2745 5361 μαρτυρίου,-καὶ
2773 5292 3129 5366 ἐπιθήσουσιν
3159 5274 3370 5370 Ἀαρέυν
3393 5274 3563 5352 καίοι
3593 5294 3691 5348 υιοι
3712 5281 3851 5345 αὒτοῦ

634 5372 796 5434 caput
817 5365 973 5421 vituli
997 5367 1150 5438 juxta
1172 5380 1387 5440 portam
1412 5368 1755 5431 tabernaculi
1791 5376 2088 5433 testimonii
2115 5393 2199 5435 eos

2310 5380 2411 5444 τὰς
2445 5383 2633 5452 χεῖρας
2652 5383 2832 5439 αὐτῶν
2859 5385 2952 5441 ἐπὶ
2980 5387 3079 5460 τὴν
3104 5365 3349 5462 κεφαλὴν
3369 5388 3462 5444 τοῦ
3488 5389 3679 5464 μόσχου
3699 5383 3849 5437 ἔναντι

637 5469 752 5508 ram
777 5454 1036 5524 Domino;
1066 5469 1121 5513 et
1146 5460 1458 5519 irnmolabis
1496 5464 1729 5523 vitulum
1762 5480 1946 5523 coram
1974 5469 2199 5526 Domine

2313 5473 2541 5544 Κυρίου,
2580 5490 2657 5530 πα
2666 5474 2737 5547 ρὰ
2753 5477 2853 5542 τὰς
2882 5454 3056 5552 θύρας
3081 5454 3415 5555 τῆς-σκήνῆς
3439 5454 3534 5535 τοῦ
3553 5454 3837 5551 μαρτυρίων

637 5541 706 5595 ad
743 5543 945 5598 ostium
994 5548 1331 5607 tabernaculi
1384 5554 1709 5623 testimonii,
1769 5565 1826 5612 et
1876 5557 2115 5630 accipies
2139 5558 2199 5616 de

2315 5541 2415 5617 καί
2442 5541 2678 5634 σφάξειςί
2713 5568 2808 5623 τδν
2837 5541 2842 5542 7
2868 5541 3069 5643 μόσχον
3109 5541 3572 5644 ianva-aliamve;
3768 5565 3846 5614 τὰς

706 5718 752 5752 ⁸³
800 5717 971 5774 Exod.
1016 5737 1159 5794 nix,
1212 5728 1327 5783 1—9.
1405 5730 1450 5765 “
1510 5733 1671 5793 Rom.
1711 5738 1940 5806 3111,“.
2016 5740 2061 5776 "
2098 5742 2241 5800 Psal.
2275 5761 2405 5819 nn,
2435 5748 2487 5806 5.
2565 5751 2608 5785 “
2637 5750 2776 5810 Psal.
2812 5770 2962 5825 nm,
2992 5758 3046 5812 4.
