4142 6296
363 329 481 411 ’πη

1084 349 1172 404 DE
1209 344 1650 406 ADORATIONE
1686 349 1758 407 IN
1796 347 2071 406 SPIRITU
2106 348 2196 405 ET
2235 344 2584 407 VERITATE
2657 350 2788 406 LIB.
2832 347 2941 406 1m.

3543 357 3648 415 πται

373 472 547 545 θύρας
575 471 673 542 τῆς
701 466 906 538 σκηνῆς
936 465 1030 521 τοῦ
1063 465 1388 538 μαρτυρίου.
1419 467 1526 522 Καὶ
1545 466 1693 541 λήψῃ
1721 466 1831 522 ἀπὸ
1863 465 1950 520 τοῦ

2065 467 2331 538 sanguine
2359 468 2540 533 vituli,
2565 476 2623 525 et
2659 482 2834 540 pones
2859 484 3037 542 super
3077 469 3429 535 duo-cornua
3457 473 3648 530 altaris

369 565 606 632 αἷματος
638 559 732 616 τοῦ
755 559 1093 631 μόσχου,καὶ
1122 558 1310 629 θήσεις
1326 560 1420 614 ἰπὶ
1444 560 1555 615 τῶν
1587 559 1683 614 δύο
1713 559 1961 631 κεράτων

368 659 467 710 τοῦ
500 649 894 721 θυσιαστηρίου
925 647 1006 720 τῷ
1030 647 1284 719 δακτύλῳ
1316 666 1432 705 σου.
1458 647 1532 703 To
1563 648 1620 702 δὲ
1640 648 1828 703 λοιπὸν
1853 650 1963 703 πᾶν

367 741 513 816 αἷμα
547 743 761 811 ἐκχεεῐς
805 740 957 812 παρὰ
974 740 1076 812 τὴν
1113 738 1268 809 βάσιν
1289 739 1383 794 τοῦ
1416 740 1826 811 θυσιαστηρίου,
1864 741 1962 796 καὶ

365 835 515 907 λήψῃ
547 834 657 887 πᾶν
684 833 747 886 τὺ
783 832 951 904 στέαρ
981 833 1043 885 τὸ
1078 833 1173 887 επὶ
1208 832 1307 903 τῆς
1350 831 1581 896 κοιλίας,
1618 832 1714 886 καὶ
1745 833 1838 889 τὸν
1873 833 1962 888 λοο

368 928 464 981 σὺν
503 926 595 980 τδν
643 926 738 979 ἐπὶ
782 923 877 977 τοῦ
907 926 1139 995 ήπατος,
1173 925 1266 979 καὶ
1296 924 1424 987 τοὺς
1443 920 1537 978 δύο
1570 925 1824 998 νεφροὺς,
1865 924 1961 979 καὶ

370 1019 432 1074 τὸ
451 1019 617 1088 στέαρ
635 1018 695 1072 τὸ
715 1016 800 1069 ἐπ’
820 1015 1023 1076 αὐτῶν,
1044 1016 1139 1070 καὶ
1166 1015 1446 1088 ἐπιθήσεις
1468 1016 1561 1069 ἐπὶ
1579 1016 1640 1070 τὸ
1663 1016 1960 1089 θυσιαστή-

373 1129 510 1184 ριον.
545 1110 625 1165 Τὰ
655 1110 712 1165 δὲ
744 1109 955 1181 κρέατα
986 1109 1081 1162 τοῦ
1125 1109 1352 1180 μόσχου,
1404 1111 1497 1164 καὶ
1544 1110 1603 1164 τὸ
1631 1109 1833 1182 δέρμα,
1865 1112 1963 1166 καλ

367 1203 470 1275 τὴν
495 1202 698 1272 κόπρον
725 1199 1095 1263 κατακαύσεις
1123 1201 1258 1270 πυρὶ
1280 1200 1386 1267 ἔξω
1417 1202 1516 1271 τῆς
1555 1202 1917 1273 παρεμϐολῆς
1942 1219 1955 1232 ·

368 1293 646 1366 ἁμαρτίας
664 1292 774 1364 γὰρ
800 1294 937 1348 ἐστι.
974 1291 1086 1344 Καὶ
1110 1292 1202 1345 τὸν
1225 1292 1381 1363 κριὸν
1411 1291 1557 1363 λήψῃ
1592 1292 1685 1346 τὸν
1714 1292 1830 1356 ἕνα,
1862 1293 1958 1346 καὶ

367 1384 720 1455 ὶπιθήσουσιν
755 1380 966 1451 Ἀαρὼν
982 1381 1077 1435 καὶ
1098 1383 1145 1434 oi
1184 1381 1291 1434 υἱοὶ
1315 1381 1484 1434 αὐτοῦ
1519 1381 1621 1444 τὰς
1643 1385 1832 1452 χεῖρας
1856 1384 1958 1437 αὐ-

366 1475 478 1529 τῶν
500 1476 594 1528 ἐπὶ
624 1474 722 1546 τὴν
748 1472 991 1544 κεφαλὴν
1018 1471 1113 1526 τοῦ
1148 1471 1329 1545 κριοῦ,
1374 1474 1467 1527 καὶ
1506 1473 1737 1542 σφάξεις
1772 1475 1955 1541 αὐτὸν,

365 1567 464 1619 καὶ
501 1565 682 1620 λαὸὼν
737 1565 801 1619 τὸ
849 1558 989 1633 αἷμα
1014 1566 1271 1635 προχεεῖς
1299 1564 1437 1635 πρὸς
1477 1564 1537 1618 τὸ
1571 1564 1958 1635 θυσιαστήριον

364 1657 571 1728 κύκλῳ,
611 1657 704 1710 καὶ
733 1655 825 1708 τὸν
861 1653 1016 1726 κριὸν
1044 1654 1424 1727 διχοτομήσεις
1450 1655 1592 1710 κατὰ
1627 1655 1761 1727 μέλη
1797 1669 1811 1684 ⁸
1863 1657 1958 1709 καὶ

367 1749 591 1814 πλυνεῖς
623 1747 694 1802 τὰ
725 1747 972 1803 ὲνδόσθια
1000 1748 1096 1802 καὶ
1131 1750 1258 1812 τοὺς
1300 1748 1466 1812 πόδας
1496 1748 1670 1815 ὕδατι,
1709 1750 1801 1802 καὶ
1829 1750 1952 1802 επι-

363 1838 552 1913 θήσεις
607 1840 702 1894 ὲπὶ
751 1839 819 1894 τὰ
863 1840 1274 1910 διχοτομήματα
1321 1840 1417 1893 σὺν
1473 1842 1539 1908 τῇ
1573 1839 1804 1910 κεφαλῇ,
1856 1857 1890 1892 κ

361 1933 602 1995 ἀνοίσεις
622 1933 743 1986 ὅλον
773 1930 866 1986 τὸν
887 1933 1042 2002 κριὸν
1074 1932 1167 1984 ἐπὶ
1193 1930 1253 1984 τδ
1284 1932 1692 2003 θυσιαστήριον,
1725 1929 1950 1985 ὁλοκαύ-

361 2041 523 2094 τωμα
551 2022 629 2094 τῷ
651 2022 843 2093 Κυρίῳ
871 2023 950 2086 είς
977 2022 1154 2094 ὀσμὴν
1181 2021 1410 2086 εὐωδίας
1435 2039 1449 2054 ο
1485 2022 1739 2093 θυμίαμα
1761 2021 1952 2094 Κυρίῳ

363 2115 505 2169 ὲστί.
546 2115 659 2169 Καὶ
681 2114 826 2186 λήψῃ
849 2114 941 2169 τὸν
969 2115 1126 2186 κριὸν
1158 2113 1251 2168 τὸν
1283 2113 1560 2186 δεύτερον,
1620 2114 1716 2168 καῖ⁵
1755 2113 1951 2185 ἐπιθή-

366 2224 450 2260 σει
499 2204 714 2278 Ἀαρὼν
740 2206 836 2259 καὶ
880 2207 929 2260 oi
967 2206 1074 2259 υἱοὶ
1102 2204 1269 2259 αὐτοῦ
1298 2205 1398 2268 τὰς
1423 2207 1612 2276 χεῖρας
1644 2203 1826 2258 αὐτῶν
1859 2206 1952 2258 ἐπὶ

361 2297 464 2369 τὴν
491 2295 736 2365 κεφαλήν
764 2294 858 2349 τοῦ
889 2296 1068 2368 κριοῦ,
1095 2296 1191 2350 καὶ
1216 2294 1439 2364 σφάξεις
1461 2295 1644 2359 αὑτὸν,
1672 2295 1769 2349 καὶ
1806 2294 1952 2366 λήψῃ

362 2388 459 2442 τοῦ
494 2388 729 2459 αἵματος
755 2387 948 2452 αὐτοῦ,
982 2387 1076 2441 καὶ
1119 2387 1401 2458 ἐπιθήσεις
1430 2389 1522 2439 ἐπὶ
1553 2385 1643 2440 τὸν
1667 2386 1822 2440 λοϐὸν
1855 2386 1951 2440 τοῦ

362 2480 505 2545 ὠτὸς
546 2480 760 2551 ’Δαρὼν
792 2480 887 2534 τοῦ
905 2478 1104 2544 δεξιοῦ,
1127 2479 1223 2534 καὶ
1257 2480 1349 2532 ἐπὶ
1380 2479 1438 2532 τὸ
1468 2479 1636 2548 ἄκρον
1652 2480 1753 2550 τῆς
1772 2476 1952 2544 δεξιᾶς

366 2569 571 2644 χτιρὶς,
593 2573 689 2627 καὶ
712 2572 806 2626 ἐπὶ
824 2571 883 2625 τὸ
904 2572 1071 2642 ἄκρον
1103 2571 1198 2626 τοῦ
1218 2571 1376 2636 ποδὸς
1407 2568 1500 2624 τοῦ
1531 2570 1728 2638 δεξιοῦ.
1749 2573 1842 2625 καὶ
1860 2572 1952 2624 ἐπὶ

368 2663 693 2729 τοὺςλοϐοὺς
711 2663 819 2718 τῶν
840 2662 994 2718 ὢτων
1025 2662 1132 2717 τῶν
1148 2662 1280 2716 υίῶν
1297 2661 1465 2716 αὑτοῦ
1491 2661 1601 2715 τῶν
1621 2661 1831 2727 δεξιῶν,
1857 2662 1953 2715 καὶ

372 2757 466 2810 ἰπὶ
482 2756 549 2812 τὰ
577 2757 721 2828 ἄκρα
750 2755 860 2810 τῶν
883 2756 1086 2828 χειρῶν
1099 2755 1280 2809 αὐτῶν
1294 2755 1401 2808 τῶν
1427 2753 1635 2821 δεξιῶν,
1666 2754 1760 2807 καὶ
1778 2753 1871 2806 ἐπὶ
1886 2752 1953 2807 τὰ

367 2849 512 2918 ἄκρα
538 2848 646 2902 τῶν
685 2848 861 2904 ποδῶν
880 2847 1060 2902 αὐτῶν
1081 2846 1187 2900 τῶν
1203 2845 1411 2912 δεξιῶν.
1430 2846 1541 2899 Καὶ
1558 2844 1702 2915 λήψῃ
1727 2841 1834 2897 ἀπὸ
1858 2842 1952 2897 τοῦ

364 2942 598 3012 αἵματος
637 2939 731 2994 τοῦ
780 2939 1192 3011 θυσιαστηρίου,
1224 2939 1321 2993 καὶ
1354 2938 1472 3006 ἀπὸ.
1494 2936 1591 2992 τοῦ
1631 2936 1815 2993 ἐλαίου
1850 2934 1953 3007 τῆς

365 3031 618 3102 κρίσεως,
649 3031 743 3084 καὶ
760 3032 941 3101 ρανείς
964 3032 1057 3084 ἐπὶ
1080 3028 1289 3102 Ἀαρὼν
1307 3029 1400 3084 καὶ
1414 3028 1507 3081 ἐπὶ
1523 3029 1621 3100 τὴν
1639 3027 1831 3099 στολὴν
1851 3027 1951 3083 αὑ-

1892 1807 2025 1893 ain

2063 556 2238 627 digito
2262 566 2390 625 tuo;
2445 558 2720 629 reliquum
2744 573 2879 614 vero
2929 560 3251 631 sanguinem
3283 561 3534 619 eﬁ‘undes
3577 564 3645 618 ad

2062 648 2236 704 basim
2252 648 2470 705 altaris:
2493 657 2552 706 et
2572 651 2809 721 accipies
2835 652 3076 724 adipem,
3090 655 3282 725 quiest
3310 670 3478 725 super
3498 672 3636 712 ven-

2062 747 2170 805 tre,
2198 748 2258 795 et
2281 740 2527 810 pinnam,
2546 757 2670 812 qua:
2688 749 2773 797 est
2792 758 2960 813 super
2977 747 3188 814 jecore,
3226 753 3283 801 et
3315 745 3456 802 duos
3487 763 3647 803 renes

2060 837 2119 887 et
2148 830 2388 902 adipem,
2413 832 2510 901 qui
2562 839 2651 888 est
2696 849 2870 904 super
2889 834 3046 905 ipsis,
3072 843 3131 891 et
3189 836 3441 908 iinpones
3478 854 3645 910 super

2060 920 2253 975 altare.
2308 919 2516 977 Carnes
2572 932 2758 978 autem
2816 924 2978 980 vituli
3028 937 3084 981 et
3137 929 3336 998 pellem
3366 930 3646 986 et‘ﬁmum

2061 1012 2354 1070 combures
2390 1013 2499 1085 igni
2533 1023 2690 1070 extra
2722 1024 2945 1084 castra;
2972 1033 3073 1088 pro
3102 1028 3347 1088 peccato
3365 1022 3514 1077 enim
3535 1032 3639 1078 est.

2060 1104 2390 1174 Etaccipies
2422 1105 2657 1160 arietem
2697 1121 2893 1173 unum,
2943 1116 3003 1162 et
3051 1108 3339 1179 imponent
3366 1111 3549 1167 Aaron
3588 1119 3643 1167 et

2061 1195 2158 1250 ﬁlii
2181 1196 2304 1266 ejus
2325 1210 2522 1251 manus
2547 1212 2678 1252 suas
2718 1212 2885 1269 super
2923 1208 3089 1269 caput
3118 1197 3330 1264 arietis,
3347 1207 3423 1254 et‘
3441 1200 3638 1255 immo-

2060 1285 2203 1341 labis
2225 1302 2375 1351 eum,
2431 1294 2490 1341 et
2537 1296 2824 1359 acceptum
2868 1289 3193 1361 sanguinem
3233 1289 3640 1359 profundes’ad

2061 1377 2232 1430 altare
2260 1391 2359 1446 per
2383 1376 2702 1444 circuitum,
2738 1388 2795 1434 et
2817 1379 3053 1435 arietem
3070 1381 3331 1436 concides
3348 1375 3641 1451 per'me'm—

2061 1467 2181 1533 bra,
2228 1475 2286 1522 ct
2317 1467 2531 1523 lavabis
2571 1467 2838 1524 interiora
2874 1478 2932 1525 et
2957 1470 3125 1541 pedes
3157 1486 3323 1541 aqua,
3356 1477 3414 1526 et
3460 1469 3638 1541 impo-

2058 1573 2160 1613 nes
2183 1573 2350 1630 super
2378 1559 2728 1615 concisiones
2751 1576 2875 1615 cum
2900 1561 3078 1632 capite
3106 1580 3128 1615 ετ
3150 1571 3208 1616 et
3235 1561 3437 1616 oﬁeres
3465 1569 3637 1615 totum

2058 1649 2290 1705 arietem
2322 1666 2493 1721 super
2520 1651 2711 1717 altare,
2745 1651 3132 1708 holocaustum
3160 1651 3397 1708 Domino
3421 1652 3477 1706 in
3500 1651 3628 1706 odo-

2058 1755 2174 1794 rem
2208 1742 2520 1809 suavitatis,
2562 1742 2811 1799 incensio
2848 1762 2861 1798 :
2896 1752 2981 1799 est
3009 1744 3263 1799 Domino.
3296 1743 3365 1798 Et
3402 1745 3644 1814 accipies

2055 1836 2306 1899 arietem,
2337 1843 2394 1890 et
2429 1835 2717 1905 imponent
2733 1835 2915 1891 Aaron
2948 1846 3004 1892 et
3029 1836 3125 1891 ﬁlii
3153 1837 3274 1906 ejus
3300 1852 3495 1891 manus
3511 1851 3643 1891 suas

2053 1940 2221 1995 super
2237 1933 2401 1996 caput
2425 1927 2635 1992 arietis,
2664 1936 2718 1982 et
2740 1928 3053 1984 immolabis
3077 1943 3228 1992 eum,
3277 1939 3334 1983 et
3362 1942 3549 1982 sumes
3571 1927 3641 1982 de

2053 2016 2318 2087 sanguine
2335 2015 2507 2081 illius,
2525 2025 2581 2072 et
2597 2033 2767 2087 pones
2790 2033 2956 2088 super
2971 2017 3444 2074 extremumrauris
3460 2018 3641 2073 Aaron

2053 2106 2280 2172 dextrae,
2317 2117 2374 2162 et
2410 2123 2577 2179 super
2607 2110 2981 2165 summitatem
3028 2126 3226 2167 manus
3263 2114 3383 2182 ejus
3407 2111 3636 2176 dextra,

2053 2208 2112 2253 ct
2141 2214 2308 2269 super
2337 2200 2712 2255 summitatem
2772 2201 2930 2271 pedis
2958 2204 3081 2273 ejus
3137 2202 3345 2269 dextris
3368 2212 3426 2258 et
3472 2218 3637 2274 super

2055 2297 2304 2346 extrema
2350 2292 2571 2346 aurium
2605 2291 2844 2347 ﬁliorum
2875 2293 2996 2364 ejus
3021 2294 3445 2359 dextrarum,.et
3476 2310 3641 2366 super

2056 2382 2403 2438 summitates
2426 2397 2691 2438 manuum
2723 2383 2970 2453 ipsorum
2994 2385 3333 2451 dextrarum,
3379 2397 3443 2441 et
3472 2401 3640 2457 super

2056 2475 2405 2531 summitates
2442 2475 2646 2546 pedum
2697 2476 2945 2546 ipsorum
2976 2476 3315 2532 dextrorum.
3357 2479 3431 2533 Et
3455 2493 3639 2534 sumes

2055 2567 2125 2623 de
2151 2568 2440 2638 sanguine,
2469 2567 2567 2638 qui
2598 2574 2684 2623 est
2730 2583 2899 2638 super
2930 2568 3124 2633 altare,
3179 2578 3235 2625 et
3266 2568 3334 2625 de
3366 2570 3513 2635 oleo,
3532 2586 3639 2626 un-

2056 2658 2281 2723 ctionis,
2322 2664 2381 2713 et
2399 2674 2656 2729 asperges
2698 2674 2866 2729 super
2908 2657 3111 2724 Aaron,
3145 2668 3203 2715 et
3253 2676 3427 2731 super
3443 2662 3638 2717 stolam

2054 2749 2195 2820 ejus,
2240 2758 2298 2806 et
2335 2765 2502 2820 super
2554 2749 2697 2806 ﬁlios
2724 2752 2866 2822 ejus,
2900 2760 2957 2807 et
2990 2766 3156 2822 super
3202 2753 3376 2808 stolas
3401 2753 3637 2810 ﬁliorum

2054 2842 2176 2914 ejus
2203 2858 2330 2899 cum
2353 2842 2493 2913 ipso,
2526 2852 2582 2898 et
2612 2841 3047 2898 sanctiﬁcabitur
3075 2843 3191 2914 ipse
3205 2852 3261 2900 et
3285 2844 3426 2900 stola
3446 2843 3637 2915 ipsius,

2054 2945 2112 2991 et
2138 2934 2237 2990 ﬁlii
2269 2936 2410 3007 ejus,
2442 2944 2499 2990 et
2516 2935 2670 2991 stola:
2697 2934 2935 2989 ﬁliorum
2968 2937 3088 3007 ejus
3130 2951 3257 2991 cum
3284 2952 3371 2992 eo.
3402 2936 3641 3010 Sangui-

2054 3041 2184 3083 nem
2205 3041 2338 3081 vero
2353 3026 2545 3082 arietis
2562 3026 2863 3096 profundes
2898 3026 2966 3081 ad
2986 3028 3159 3083 altare
3182 3043 3280 3099 per
3294 3028 3594 3085 circuitum
3619 3048 3637 3094 ;

361 3121 481 3187 τοῦ,
509 3124 604 3176 καὶ
625 3122 719 3176 ἐπὶ
742 3123 866 3186 τοὺς
890 3122 1040 3185 υἱοὺς
1067 3120 1233 3177 αὑτοῦ
1254 3121 1349 3175 καὶ
1371 3122 1463 3174 ἐπὶ
1489 3120 1586 3183 τὰς
1614 3118 1808 3184 στολὰς
1842 3117 1950 3172 τῶν

2056 3126 2113 3172 et
2140 3132 2324 3171 sumes
2345 3116 2414 3170 ab
2436 3115 2598 3187 393
2621 3115 2793 3171 ariete
2807 3115 3025 3186 adipem
3045 3119 3185 3188 ejus,
3206 3129 3263 3175 et
3279 3119 3519 3190 adipem,
3542 3122 3638 3191 qui

363 3214 499 3268 υἱῶν
522 3213 687 3267 αὐτοῦ
723 3213 843 3285 μετ’
878 3213 1063 3274 αὑτοῦ,
1097 3214 1189 3266 καὶ
1209 3211 1601 3281 ἁγιασθήσεται
1617 3210 1779 3273 αὐτὸς
1803 3210 1948 3280 καὶὴ

364 3303 528 3375 στολὴ
549 3303 735 3366 αὑτοῦ,
767 3305 862 3358 καὶ
882 3305 932 3357 οί
955 3305 1060 3357 υἱοὶ
1083 3303 1248 3357 αὐτοῦ
1264 3303 1358 3357 καὶ
1374 3303 1430 3355 al
1465 3302 1649 3356 στολαὶ
1681 3299 1789 3354 τῶν
1813 3299 1949 3352 υίῶν

361 3396 553 3451 αὐτοῦ.
594 3397 667 3450 Τὸ
693 3397 749 3450 δὲ
809 3391 949 3471 αἷμα
987 3396 1080 3449 τοῦ
1114 3395 1268 3467 κριοῦ
1309 3399 1562 3467 προχεείς
1593 3396 1730 3466 πρὸς
1760 3393 1818 3447 τὸ
1853 3393 1950 3446 θυ-

366 3488 683 3559 σιαστήριον
706 3488 912 3558 κύκλῳ,
946 3488 1038 3541 καὶ
1073 3488 1220 3558 λήψῃ
1246 3489 1353 3541 ἀπὸ
1380 3487 1473 3540 τοῦ
1514 3485 1672 3558 κριοῦ
1694 3486 1753 3540 τὸ
1782 3484 1948 3557 στέαρ

361 3580 554 3645 αὐτοῦ,
590 3580 686 3635 καὶ
722 3581 783 3633 τδ
811 3581 981 3652 στέαρ
1017 3580 1079 3633 τὸ
1104 3579 1523 3634 κατακαλύπτον
1568 3580 1667 3648 τὴν
1714 3577 1944 3640 κοιλίαν,

362 3671 459 3725 καὶ
500 3671 592 3725 τὸν
646 3672 805 3726 λοϐὸν
833 3671 930 3725 τοῦ
973 3673 1207 3741 ἥπατος,
1246 3672 1341 3725 καὶ
1393 3671 1519 3734 τοὺς
1558 3671 1654 3723 δύο
1691 3674 1946 3742 νεφροὺς,

362 3761 462 3814 καὶ
502 3761 565 3813 τὸ
598 3762 764 3832 στέαρ
811 3762 872 3815 τὸ
904 3762 996 3816 ὑπ’
1029 3761 1230 3824 αὐτῶν,
1276 3760 1490 3815 καὶτὸν
1543 3759 1805 3830 βραχίονα
1855 3758 1947 3811 τὸν

358 3850 536 3915 δεξιάν
558 3867 571 3880 ·
597 3851 712 3905 ἔστι
762 3851 871 3923 γὰρ
901 3852 1183 3915 τελείωσις
1213 3849 1354 3922 αὕτη
1384 3865 1397 3878 ⁶
1438 3851 1531 3905 καὶ
1562 3852 1725 3922 ἄρτον
1756 3850 1852 3905 ἕνα
1888 3849 1949 3916 ἐξ

361 3943 545 3997 ἐλαίου
566 3985 581 4010 ,
615 3945 710 3998 καὶ
740 3944 976 4009 λάγανον
1006 3943 1064 3996 ἓν
1099 3944 1206 3998 ἀπὸ
1240 3943 1335 3998 τοῦ
1372 3943 1535 3998 κανοῦ
1572 3941 1679 3998 τῶν
1721 3943 1947 4013 ἀζύμων

360 4033 476 4086 τῶν
521 4033 957 4105 προ-»τεθειμένων
1015 4035 1196 4087 ἔναντι
1251 4034 1480 4106 Κυρίου.
1524 4033 1634 4089 Καὶ
1666 4034 1947 4105 ἐπιθήσεις

361 4120 435 4174 τὰ
465 4122 638 4176 πάντα
662 4123 754 4175 ἐπὶ
778 4123 876 4186 τὰς
906 4126 1093 4194 χεῖρας
1135 4122 1366 4196 Ἀαρὼν,
1404 4124 1496 4176 καὶ
1523 4124 1615 4177 ἐπὶ
1643 4123 1743 4187 τὰς
1759 4127 1948 4195 χεῖρας

360 4212 474 4265 τῶν
503 4213 635 4267 υἱῶν
658 4214 845 4269 αὑτοῦ.
883 4217 992 4269 Καὶ
1017 4218 1263 4289 ἀφοριεῖς
1293 4216 1431 4270 αὐτὰ
1454 4216 1736 4288 ὰφόρισμα
1766 4216 1945 4270 ἔναντι

363 4304 594 4375 Κυρίου,
621 4305 717 4358 καὶ
746 4305 892 4377 λήψῃ
922 4306 1063 4360 αὐτὰ
1111 4310 1175 4362 ὲκ
1219 4309 1326 4361 τῶν
1363 4308 1562 4379 χειρῶν
1594 4308 1796 4373 αὐτῶν,
1850 4307 1946 4360 καὶ

361 4395 603 4460 ἀνοίσεις
635 4396 729 4449 ἐπὶ
768 4396 827 4449 τὸ
865 4396 1253 4469 θυσιαστήριον
1287 4399 1386 4467 τῆς
1414 4397 1831 4462 ὁλοκαυτώσεως
1865 4401 1946 4463 είς

2050 3209 2230 3280 operit
2260 3217 2592 3273 ventrem,et
2619 3208 2845 3279 pinnam
2875 3209 3102 3280 jecoris.
3130 3221 3188 3266 et
3203 3212 3342 3273 duos
3362 3228 3542 3279 renes.
3579 3223 3636 3268 et

2050 3301 2288 3371 adipem,
2306 3299 2401 3371 qui
2425 3316 2593 3371 super
2618 3309 2721 3366 est,
2744 3308 2801 3357 et
2823 3313 3038 3357 armum
3063 3301 3319 3359 dextrum
3350 3304 3455 3377 (cst
3479 3306 3629 3360 enim

2048 3391 2451 3448 consummatio
2489 3389 2651 3461 haec),
2673 3401 2730 3446 et
2760 3407 2959 3463 panem
3002 3410 3172 3449 unum
3200 3409 3267 3450 ex
3305 3394 3450 3461 oleo,
3481 3406 3538 3452 et
3561 3396 3640 3454 lac

2050 3497 2254 3553 ganum
2282 3498 2452 3538 unum
2478 3484 2544 3544 de
2580 3484 2822 3539 canistro
2861 3500 3180 3557 azymorum
3231 3488 3639 3558 propositorum

2047 3583 2174 3628 ante
2196 3573 2571 3637 Dominum,et
2593 3574 2842 3638 impones
2865 3576 3049 3633 omnia
3077 3578 3134 3632 in
3153 3594 3350 3634 manus
3373 3580 3555 3636 Aaren
3585 3592 3642 3637 et

2048 3664 2102 3719 in
2120 3680 2316 3720 manus
2329 3664 2566 3721 ﬁliorum
2598 3669 2739 3738 ejus,
2766 3677 2824 3724 et
2856 3668 3142 3738 separabis
3158 3684 3221 3724 ea
3235 3671 3638 3740 separationem

2046 3772 2231 3812 coram
2256 3756 2512 3822 Domino,
2563 3767 2620 3814 et
2644 3775 2834 3815 sumes
2866 3775 2935 3814 ea
2966 3760 3034 3815 de
3063 3760 3319 3815 manibus
3348 3776 3561 3827 eorum,
3586 3773 3642 3817 et

2046 3847 2436 3919 oﬁ‘eres'super
2459 3848 2629 3905 altare
2654 3849 2961 3906 holocausti
2997 3853 3052 3905 in
3090 3850 3316 3906 odorem
3354 3852 3641 3907 suavitatis

2046 3955 2231 3995 coram
2250 3939 2481 3995 Domino
2505 3959 2516 3994 :
2537 3941 2744 3996 oblatio
2760 3951 2845 3999 est
2868 3943 3121 3997 Domino.
3146 3943 3214 3998 Et
3238 3958 3423 3998 sumes
3444 3951 3637 4014 pectu-

2046 4033 2258 4087 sculum
2274 4030 2342 4086 ab
2366 4033 2537 4088 ariete
2549 4034 3229 4106 consummationis,'quod
3252 4043 3336 4091 est
3355 4036 3557 4099 Aaron,
3583 4045 3640 4091 et

2046 4124 2326 4194 separabis
2351 4125 2484 4181 illud
2517 4127 2924 4196 scparationem
2957 4143 3143 4182 coram
3179 4127 3432 4189 Domino,
3457 4127 3638 4180 eterit

2050 4217 2148 4273 tibi
2179 4218 2235 4272 in
2262 4227 2495 4288 partem,
2530 4228 2587 4272 et
2617 4219 2988 4274 sanctiﬁcabis
3016 4219 3397 4287 pectusculum
3440 4232 3635 4287 segre-

2047 4310 2346 4379 gationem,
2401 4319 2459 4364 et
2488 4324 2704 4364 artuum
2748 4308 3136 4379 separationis,
3171 4308 3264 4378 qui
3304 4308 3518 4362 ablatus
3552 4318 3636 4370 est

2049 4402 2118 4458 de
2145 4402 2319 4456 ariete
2351 4401 2841 4456 consummationis
2873 4401 2941 4455 ab
2976 4404 3158 4454 Aaron
3199 4409 3257 4455 et
3287 4416 3317 4454 a
3345 4399 3471 4454 ﬁliis
3493 4401 3632 4470 ejus,

359 4487 543 4558 ὀσμήν
573 4487 804 4551 εὐωδίας
850 4489 1031 4542 ἔναντι
1063 4489 1270 4560 Κυρίου
1293 4506 1308 4521 ο
1343 4490 1622 4560 κὰρπωμά
1673 4491 1791 4542 ἐστι
1831 4491 1945 4542 Κυο

2053 4502 2104 4547 et
2125 4491 2233 4547 erit
2264 4492 2444 4545 Aaron
2471 4498 2525 4545 et
2564 4490 2692 4544 ﬁliis
2719 4491 2841 4561 ejus
2868 4489 3176 4559 legitimum
3232 4488 3631 4557 sempiternum

364 4578 488 4649 ρίῳ.
537 4580 648 4633 Καὶ
682 4578 825 4650 λήψῃ
859 4579 919 4632 τὸ
958 4577 1242 4649 στηθύνιον
1283 4579 1389 4632 ἀπὸ
1420 4579 1511 4632 τοῦ
1541 4579 1695 4650 κριοῦ
1726 4580 1827 4650 τῆς
1855 4596 1944 4632 τεο

362 4666 655 4733 λειώσεως,
689 4671 717 4723 ὅ
764 4671 912 4724 ἐστιν
963 4669 1210 4741 Ἀαρὼν,
1264 4673 1359 4724 καὶ
1392 4670 1639 4741 accpiet;
1672 4672 1804 4724 αὐτὸ
1843 4673 1948 4741 ἀφ-

363 4760 568 4831 όρισμα
613 4761 792 4816 ἔναντι
831 4763 1060 4833 Κυρίου,
1103 4765 1197 4818 καὶ
1229 4763 1382 4817 ἔσται
1426 4782 1505 4819 σοι
1532 4766 1589 4816 ἐν
1622 4763 1821 4834 μερίδι,
1856 4765 1948 4816 καὶ

365 4849 618 4919 ἀγιάσεις
661 4853 722 4905 τὸ
762 4850 1044 4925 στηθύνιον
1083 4855 1386 4926 ἀφόρισμα,
1437 4857 1530 4909 καὶ
1558 4855 1648 4909 τὸν
1686 4856 1945 4925 βραχίονα

363 4940 460 4994 τοῦ
499 4943 894 5015 ἀφαιρέματος,
938 4946 997 5011 ὃς
1047 4945 1376 5020 saeptam.
1429 4947 1527 5001 καὶ
1562 4947 1620 5011 ὃς
1666 4947 1944 5019 ἀφῄρηται

362 5034 475 5089 ἀπὸ
500 5034 596 5087 τοῦ
634 5036 791 5107 κριοῦ
818 5037 918 5107 τῆς
944 5037 1275 5104 τελειώσεως
1312 5041 1420 5093 ἀπὸ
1456 5040 1550 5094 τοῦ
1588 5040 1800 5112 Ἀαρὼν
1853 5041 1947 5093 καὶ

365 5123 474 5177 ἀπὸ
494 5124 602 5177 τῶν
619 5125 750 5179 υἱῶν
785 5128 973 5193 αὑτοῦ,
1011 5130 1106 5182 καὶ
1131 5130 1285 5209 ἔσται
1317 5130 1530 5203 Ἀαρὼν
1555 5132 1650 5184 καὶ
1672 5133 1784 5195 τοῖς
1810 5133 1947 5194 υἱοῖς

364 5214 530 5269 αὑτοῦ
570 5217 795 5288 νόμιμον
826 5219 1039 5273 αἰώνιον
1077 5221 1229 5293 παρὰ
1256 5222 1364 5275 τῶν
1386 5223 1517 5276 υἱῶν
1553 5224 1797 5296 Ἰσραήλ·
1827 5223 1944 5277 ἐστι

367 5306 475 5375 γὰρ
502 5309 783 5379 ἀφόρισμα
811 5311 988 5373 τοῦτο,
1027 5311 1119 5364 καὶ
1147 5314 1429 5385 ἀφαίρεμα
1466 5316 1616 5369 ἔσται
1656 5315 1807 5387 παρὰ
1837 5315 1946 5368 τῶν

366 5395 503 5447 υἱῶν
547 5397 762 5469 Ἰσραὴλ
800 5400 909 5453 ἀπὸ
945 5399 1053 5453 τῶν
1083 5400 1339 5470 θυμάτων
1375 5403 1482 5456 τῶν
1519 5407 1804 5476 σωτηρίων
1837 5404 1946 5458 τῶν

367 5488 497 5543 υἱῶν
535 5492 767 5564 Ἰσραὴλ,
807 5492 1093 5563 ἁφαίρεμα
1129 5495 1341 5565 Κυρίῳ.
1394 5514 1412 5546 ι
1452 5497 1561 5549 Καὶ
1596 5499 1716 5567 μετ’
1749 5497 1941 5566 ὀλίγαο

370 5598 393 5633 σ
436 5582 541 5634 Καὶ
570 5584 661 5636 τὸν
698 5584 855 5653 κριὸν
892 5585 990 5652 τῆς
1021 5584 1352 5650 τελειώσεως
1383 5585 1547 5660 λήψῃ,
1583 5590 1677 5644 καὶ
1721 5591 1943 5662 ἕψήσεις

364 5671 438 5724 τὰ
471 5674 612 5740 κρέα
641 5675 698 5726 ἐν
727 5674 875 5744 τόπῳ
908 5675 1070 5743 ἁγίῳ,
1117 5677 1207 5730 καὶ
1259 5677 1465 5731 ἔδονται
1508 5679 1713 5751 ’Λαρὼν
1760 5683 1852 5736 καὶ
1892 5684 1942 5736 oi

441 5784 483 5813 ⁸⁷
522 5781 693 5836 Exod.
732 5797 874 5847 χχιχ,
909 5780 1082 5836 Ill—5i.

2052 4599 2084 4638 a
2116 4583 2246 4637 ﬁliis
2275 4583 2464 4647 Israel;
2491 4592 2575 4637 est
2603 4583 2751 4636 enim
2776 4580 3053 4651 separatio
3090 4580 3205 4635 ba-c
3241 4589 3297 4635 et
3327 4581 3571 4650 demptio
3603 4598 3632 4634 a

2051 4673 2339 4728 sacriﬁciis
2370 4673 2705 4728 salutaribus
2733 4672 2971 4727 ﬁliorum
3018 4672 3206 4735 Israel,
3243 4671 3486 4742 demptio
3523 4672 3632 4725 Do-

2053 4766 2221 4820 mino.
2249 4786 2266 4816 ›
2312 4766 2524 4835 Etpost
2560 4780 2769 4835 pauca:
2838 4766 2947 4820 oEt
3001 4766 3232 4820 arietem
3283 4778 3632 4819 consumma-

2053 4860 2217 4914 tionis
2250 4874 2455 4923 sumes,
2510 4868 2567 4914 et
2612 4875 2817 4929 cuques
2864 4874 3059 4916 carnes
3090 4859 3144 4913 in
3172 4858 3293 4913 loco
3336 4864 3548 4921 sancto,
3579 4862 3636 4911 et

2052 4952 2218 5005 edent
2251 4951 2430 5005 Aaron
2454 4961 2510 5005 et
2535 4950 2629 5004 ﬁlii
2652 4952 2772 5021 ejus
2801 4966 2995 5006 carnes
3026 4950 3219 5007 arietis
3243 4961 3299 5005 et
3322 4964 3510 5018 panes,
3537 4947 3632 5017 qui

2053 5051 2182 5096 sunt
2222 5042 2276 5095 in
2302 5041 2577 5109 canistro;
2615 5051 2671 5096 et
2701 5042 2768 5097 ad
2793 5045 2994 5101 ostium
3019 5040 3361 5101 tabernaculi
3387 5039 3635 5094 testimo-

2053 5133 2129 5186 nii
2161 5134 2328 5189 edent
2365 5149 2449 5197 ca,
2474 5135 2529 5188 in
2554 5135 2758 5205 quibus
2787 5135 3114 5194 sauctlﬁcati
3150 5142 3279 5190 sunt
3314 5133 3367 5187 in
3391 5131 3546 5202 ipsis,
3574 5141 3634 5186 ut

2049 5231 2512 5278 consecrarentur
2565 5241 2762 5280 manus
2806 5242 3001 5280 eorum
3051 5224 3119 5278 ad
3175 5219 3631 5277 sanctiﬁcandum

2051 5329 2184 5381 eos;
2217 5323 2273 5370 et
2305 5315 2610 5387 alienigena
2642 5333 2752 5371 non
2779 5317 2906 5371 edet
2928 5332 2995 5372 ex
3023 5315 3137 5377 eis;
3170 5322 3300 5369 sunt
3332 5313 3479 5367 enim
3503 5327 3631 5365 san-

2051 5412 2158 5460 cta.
2182 5403 2336 5471 Quod
2364 5406 2409 5460 si
2442 5409 2691 5461 relictum
2724 5406 2891 5461 fuerit
2912 5405 2979 5459 de
3012 5404 3272 5461 carnibus
3294 5401 3485 5457 hostia:
3502 5415 3631 5455 cou-

2048 5498 2456 5562 summationis,
2513 5508 2568 5551 ct
2598 5499 2665 5552 de
2708 5498 2942 5567 panibus
2974 5513 3146 5567 usque
3202 5510 3382 5557 mane,
3418 5492 3631 5561 reliqua

2048 5591 2345 5646 combures
2396 5591 2503 5661 igni
2547 5607 2561 5644 :
2618 5604 2727 5645 non
2797 5589 3194 5646 comedentur:
3246 5592 3433 5642 sancta
3480 5583 3629 5638 enim

2049 5691 2177 5739 sunt
2201 5684 2264 5737 ³⁷.
2290 5702 2309 5736 ι
3102 5682 3111 5689 ’
