4142 6296
607 361 713 417 ’ἵῖἒό
1628 355 1684 411 S.
1724 351 1999 411 CYRILLI
2039 355 2509 413 ALEXANDRINI
2546 357 2867 414 ARCIIIEP.
3738 362 3825 419 756

607 478 712 530 υἱοὶ
745 473 908 530 αὑτοῦ
931 474 1001 530 τά
1040 474 1176 546 κρέα
1205 472 1300 529 τοῦ
1331 472 1509 547 κριοῦ,
1558 473 1653 528 καὶ
1680 474 1807 538 τοὺς
1841 472 2037 545 ἄρτους
2065 473 2193 536 τοὺς
2224 474 2289 526 ὲν
2321 472 2414 553 τῷ,
2450 473 2622 553 κανῷ,
2680 473 2833 545 παρὰ
2863 474 2966 537 τὰς
3013 471 3187 543 θύρας
3224 469 3321 542 τῆς
3359 472 3559 542 σκηνῆς
3592 457 3681 527 τοῦ
3705 492 3824 548 pup-

603 571 788 639 τυρίου
835 569 1041 622 ἔδονται
1082 567 1247 631 αὐτὰ,
1290 566 1350 619 ἐν
1401 560 1482 629 οἷς
1520 558 1869 636 ἡγιάσθησαν
1939 567 1998 619 ὲν
2043 567 2226 628 αὐτοῖς
2296 565 2583 620 τελειῶσαι
2625 564 2726 629 τὰς
2771 567 2961 636 χεῖρας
3013 564 3196 618 αὐτῶν
3242 564 3463 631 ἁγιάσαι
3510 566 3711 630 αὐτοὺς,
3746 574 3826 625 καὶ

601 660 896 730 ἀλλογενὴς
948 660 1048 711 οὐκ
1091 658 1269 712 ἔδεται
1330 659 1426 711 ἀπ’
1478 657 1687 711 αὐτῶνθ
1737 657 1990 729 ἔστιγὰρ
2022 657 2175 727 am.
2228 660 2353 713 Ἐάν
2391 659 2449 713 δὲ
2493 659 2832 730 καταλειφθῇ
2882 658 2990 712 ἀπὸ
3021 657 3131 710 τῶν
3173 657 3351 726 κρεῶν
3374 657 3471 726 τῆς
3508 656 3688 722 θυσίας
3742 664 3825 732 τῆς

597 752 931 815 τελειώσεως
962 754 1056 806 καὶ
1088 753 1194 806 τῶν
1215 751 1394 822 ἄρτων
1418 750 1524 815 ἕως
1557 751 1699 825 πρωῒ
1720 796 1733 815 ,
1778 752 2148 817 κατακαύσεις
2184 751 2253 807 τὲ
2282 754 2445 809 λοιπὰ
2484 755 2638 826 πυρί.
2672 753 2747 808 ω
2772 752 3114 825 βρωθήσεται
3134 769 3151 780 ι
3186 750 3432 821 ἁγίασμα
3466 751 3573 821 γάρ
3613 753 3765 808 ἔσται

671 843 869 898 PALL.
900 843 1076 911 Quam
1101 843 1386 899 recondita
1412 852 1544 898 sunt
1582 844 1699 901 haec
1720 845 1861 917 legis
1892 846 2178 902 mandata!
2209 853 2256 907 A

2209 853 2256 907 Α
2353 847 2563 902 ΠΑΛΛ.
2615 847 2705 910 Ὦς
2747 846 2885 918 βαθῦ
2920 845 2983 900 τδ
3022 845 3211 917 χρῆμα
3238 843 3350 898 τῶν
3388 843 3620 914 νομικῶν
3665 847 3824 900 ὲνταλ-

2288 939 2496 1011 μάτων.

652 1025 1117 1081 CYll.Recondita
1136 1040 1268 1079 vero
1283 1024 1608 1080 admodum:
1629 1038 1775 1082 reete
1792 1027 1939 1081 enim
1959 1025 2177 1082 dixisti:

2353 1031 2520 1084 ΚΥΡ.
2562 1029 2707 1085 Balli:
2733 1029 2833 1102 μὲν
2864 1024 2957 1083 οὖν
2993 1027 3143 1082 λίαν·
3172 1026 3309 1098 ἔφης
3341 1027 3451 1098 γὰρ
3486 1026 3679 1098 ὀρθῶς·
3706 1029 3824 1100 πλὴν

600 1134 714 1174 non
736 1130 919 1173 tamen
947 1134 1178 1188 prorsus
1202 1118 1457 1182 obscura,
1494 1118 1539 1172 si
1582 1118 1745 1173 nobis
1773 1119 2016 1174 divinum
2052 1118 2179 1188 Spi-

2281 1119 2382 1174 οὖκ
2429 1120 2664 1174 εἰσάπαν
2709 1121 3049 1189 ἁσυμφανές,
3087 1118 3150 1172 τδ
3181 1118 3323 1171 θεῖον
3361 1119 3418 1170 ὲν
3446 1120 3574 1188 ἡμῖν
3602 1120 3826 1190 ὲναστρά-

602 1212 744 1267 ritus
780 1211 955 1267 sancti
986 1212 1170 1265 lumen
1198 1211 1487 1266 aﬁ‘ulserit.
1544 1211 1653 1282 Age
1702 1227 1832 1282 ergo
1854 1211 2086 1281 singula,
2120 1219 2182 1266 ut

2282 1230 2506 1275 πτοντος
2537 1211 2654 1279 φῶς
2685 1211 2780 1265 τοῦ
2808 1210 2964 1279 ἁγίου
2986 1211 3321 1281 Πνεύματος.
3353 1211 3466 1263 Καὶ
3499 1209 3624 1281 φέρε
3653 1210 3710 1278 δὴ
3739 1212 3827 1264 πά-

602 1304 720 1361 ﬁeri
783 1305 1007 1375 poterit,
1054 1304 1413 1374 explicemus.
1459 1302 1731 1357 Dominus
1778 1311 1971 1357 noster
2019 1302 2181 1357 Jesus

2281 1302 2385 1368 λιν,
2422 1302 2498 1364 ὡς
2519 1301 2619 1366 ἔνι,
2648 1301 2717 1355 τὰ
2741 1303 2826 1371 ἐφ’
2858 1302 3073 1371 ἑκάστῳ
3120 1302 3392 1371 λέγωμεν.
3434 1300 3585 1353 Κατὰ
3631 1301 3828 1371 μυρίους

599 1394 852 1451 Christus
886 1410 985 1449 nos
1012 1394 1319 1449 innumeris
1348 1393 1528 1448 modis
1552 1392 1877 1460 sanctiﬁcat,
1910 1402 1968 1448 et
1992 1407 2180 1448 sacros

2281 1394 2438 1458 ὅσους
2458 1394 2605 1464 ἡμᾶς
2640 1393 2858 1461 ἁγιάζει
2880 1393 3114 1465 τρόπους
3145 1395 3174 1447 ὁ
3202 1394 3410 1464 Κύριος
3453 1392 3607 1464 ἡμῶν
3645 1394 3824 1464 Ἰησοῦς

600 1495 962 1556 acceptosque
1002 1485 1212 1552 reddit;
1265 1501 1365 1555 per
1388 1485 1569 1555 ipsum
1598 1499 1836 1554 namque
1861 1491 1919 1540 et
1964 1484 2020 1538 in
2059 1485 2179 1554 ipso

2280 1486 2535 1555 Χριστὸς,
2571 1485 2751 1556 ἱερούς
2791 1502 2849 1539 τε
2884 1485 2978 1539 καὶ
3009 1485 3446 1557 εὐπροσδέκτους
3489 1485 3741 1539 ἀποτελεῖ.
3766 1486 3830 1539 Δι’

599 1592 883 1632 accessum
919 1577 1240 1641 habuimus,
1268 1585 1324 1632 et
1352 1578 1493 1649 grati
1534 1578 1646 1632 Deo
1669 1592 1733 1631 ac
1761 1577 1908 1631 Patri
1965 1592 2175 1632 sumus.

2280 1575 2447 1629 αὐτοῦ
2470 1577 2578 1648 γάρ
2614 1593 2674 1629 τε
2714 1575 2811 1630 καὶ
2835 1578 2894 1629 ὲν
2935 1574 3083 1646 αὐτῷ
3111 1576 3211 1646 τὴν
3231 1576 3596 1648 προσαγωγὴν
3625 1577 3830 1646 ἐσχήκα-

599 1669 707 1724 Sed
729 1671 892 1725 nobis
920 1669 1014 1740 qui
1072 1671 1175 1725 sub
1211 1670 1437 1725 interitu
1478 1678 1535 1725 et
1569 1677 1797 1740 peccato
1833 1670 2177 1736 tenebamur,

2284 1684 2401 1739 μεν,
2438 1668 2534 1722 καί
2567 1670 2737 1740 ἐσμεν
2772 1668 2873 1721 οὑκ
2912 1666 3226 1739 ἁνεθὲλητοι
3271 1667 3349 1739 τῷ
3393 1666 3509 1738 Θεῷ
3546 1669 3635 1721 καὶ
3664 1668 3829 1739 Πατρί.

600 1763 890 1817 utilissima
930 1771 986 1818 et
1011 1762 1078 1817 ad
1104 1763 1337 1818 salutem
1376 1762 1431 1817 in
1452 1762 1649 1833 primis
1695 1763 2008 1818 necessaria
2030 1778 2180 1818 mors
2212 1796 2219 1799 -

2212 1796 2219 1799 -
2279 1760 2325 1812 Χ
2333 1759 2696 1831 ρειωδέστατὰ
2723 1775 2784 1813 τε
2809 1761 2901 1814 καὶ
2938 1760 3211 1827 ἁναγκαῖα
3244 1759 3389 1830 πρὸς
3417 1747 3676 1830 σωτηρίαν
3696 1760 3828 1828 ἡμῖν,

598 1855 719 1926 ejus
737 1862 840 1918 est,
870 1863 1033 1924 atque
1062 1855 1227 1909 etiam
1261 1853 1371 1908 vita
1397 1871 1412 1920 ;
1448 1861 1718 1925 prazterea
1760 1853 1851 1907 illa
1883 1853 2173 1924 perfectio,

2278 1853 2391 1913 τοῖς
2414 1851 2519 1905 ὑπὸ
2544 1852 2751 1925 φθοράν
2778 1870 2838 1907 τε
2870 1854 2964 1907 καὶ
2984 1852 3279 1924 ἁμαρτίαν,
3310 1852 3338 1905 ὃ
3367 1869 3426 1905 τε
3456 1852 3672 1914 Θάνατος
3692 1854 3832 1906 αὐτοῦ

598 1962 706 2015 qua
758 1962 857 2017 per
888 1962 1089 2016 corpus
1115 1947 1234 2017 ejus
1266 1953 1322 2001 et
1356 1945 1677 2017 sanguinem
1713 1943 2065 2015 perﬁcimur:
2121 1944 2178 1999 in

2279 1944 2374 1997 καὶ
2409 1944 2507 2015 μέν
2526 1962 2608 1999 τοι
2650 1941 2746 1999 καὶ
2794 1946 2828 2016 ἠ
2859 1943 2994 2017 ζωὴ,
3048 1945 3145 1999 καὶ
3185 1945 3325 2017 πρὸς
3377 1944 3585 2009 τούτοις
3613 1944 3833 2016 tanta

596 2031 817 2090 Christo
836 2050 1095 2105 namque,
1118 2052 1225 2089 non
1249 2035 1303 2088 in
1342 2034 1481 2104 lege,
1526 2032 1790 2104 perfectio
1827 2033 1934 2087 sita
1965 2040 2068 2088 est.

2278 2036 2370 2090 τοῦ
2406 2037 2657 2108 σώματός
2712 2054 2771 2091 τε
2822 2037 2917 2091 κα)⁸
2963 2037 3195 2107 αἵματος
3235 2036 3409 2091 αὐτοῦ
3456 2035 3746 2100 τελείωσιςο
3785 2037 3833 2088 ὲν

685 2194 689 2197 _
2210 2181 2249 2199 η
2279 2127 2499 2199 Χριστῷ
2527 2126 2636 2198 γάρ
2652 2127 2736 2197 δὴ,
2755 2127 2848 2181 καὶ
2876 2127 2977 2181 οὐκ
3007 2128 3064 2181 ἐν
3095 2126 3247 2198 νόμῳ
3275 2126 3333 2180 τὸ
3361 2126 3583 2180 τέλειον.

670 2194 867 2262 PALL.
898 2208 1068 2263 Recte
1096 2209 1256 2265 dicis.
2209 2181 2253 2238 Β

1205 2211 1256 2264 ’8.
2209 2181 2253 2238 Β
2333 2181 2557 2276 ⁵ΠΛᾸΛΣ
2583 2181 2656 2274 liii
2683 2181 2841 2291 έιρης.

668 2299 827 2355 CYR.
858 2300 1023 2373 394
1053 2301 1189 2357 Vide
1220 2302 1389 2372 igitur
1411 2317 1475 2357 ea
1504 2308 1762 2372 tanquam
1794 2302 1850 2357 in
1874 2302 2060 2375 ﬁguris
2085 2303 2183 2358 ad-

2352 2313 2519 2368 ΚΥΡ.
2554 2313 2745 2382 Ἀθρει
2772 2312 2836 2385 δὴ
2870 2306 2964 2367 οὖν
2991 2312 3067 2376 ὡς
3086 2312 3145 2366 ὲν
3171 2311 3370 2374 τύποις
3399 2311 3478 2365 ἔτι
3514 2311 3581 2366 τὰ
3601 2311 3664 2366 δι’
3694 2304 3759 2366 ὧν
3781 2305 3829 2368 εὖ

595 2389 727 2454 huc,
758 2407 858 2461 per
904 2408 1026 2463 qua:
1082 2394 1275 2448 salvati
1330 2402 1387 2449 et
1434 2394 1782 2460 sanctiﬁcati,
1827 2405 1884 2452 et
1936 2397 2078 2451 sacri
2118 2410 2183 2451 ac

2284 2402 2429 2473 μάλα
2466 2402 2794 2473 σεσώσμεθὰ
2838 2420 2897 2456 τε
2948 2404 3042 2456 καὶ
3084 2402 3440 2474 ήγιάσμεθα,
3503 2403 3631 2474 ἱεροί
3663 2419 3717 2455 τε
3754 2401 3830 2456 καὶ

595 2483 771 2538 sancti
819 2482 948 2540 facti
994 2485 1167 2541 simus
1192 2486 1245 2540 in
1278 2485 1517 2541 Christo.
1551 2486 1772 2543 Vitulus
1808 2503 1875 2542 ex
1909 2488 2087 2543 bobus
2111 2488 2179 2544 ad

2280 2493 2423 2564 ἆγιοι
2457 2494 2760 2566 γεγόναμεν
2790 2496 2848 2549 ἐν
2879 2492 3121 2567 Χριστῷ.
3160 2495 3482 2566 Μοσχάριον
3515 2490 3583 2566 ἦν
3616 2495 3675 2548 ὲκ
3710 2492 3829 2564 βοῶν

596 2573 933 2629 sacriﬁcium
949 2575 1266 2640 adducitur,
1284 2584 1340 2631 et
1358 2576 1672 2632 immolatur
1691 2578 1758 2633 ad
1777 2578 1955 2648 ipsum
1973 2580 2179 2635 ostium

2280 2586 2343 2640 τδ
2372 2589 2455 2651 είς
2479 2586 2668 2641 θυσίαν
2693 2588 2951 2659 ἠγμένον,
2981 2588 3075 2640 καὶ
3098 2586 3368 2655 σφάζεται
3397 2586 3495 2658 μὲν
3516 2588 3644 2658 πρὸς
3669 2586 3829 2649 afuat;

596 2666 968 2731 tabernaculi,
991 2667 1249 2721 manibus
1275 2682 1442 2738 super
1471 2668 1623 2723 illum
1663 2667 1970 2738 impositis;
1995 2669 2178 2725 eﬁ’un-

2279 2681 2400 2743 ταῖς
2428 2678 2621 2752 θύραις
2644 2680 2743 2751 τῆς
2777 2680 2939 2749 ἁγίας
2980 2679 3208 2751 σκηνῆς,
3238 2679 3684 2751 ἐπενηνεγμένων
3705 2674 3830 2746 αὐτῷ

594 2755 855 2828 diturqne
879 2760 1000 2830 ejus
1038 2759 1260 2830 sanguis
1288 2760 1356 2814 ad
1391 2760 1588 2824 altare,
1619 2769 1676 2816 et
1704 2761 1856 2817 illius
1881 2777 2088 2817 cornua
2112 2779 2179 2819 eo

2278 2767 2388 2821 τῶν
2408 2768 2627 2841 χειρῶν.
2655 2770 2980 2841 Προσεχεϊτο
3012 2769 3069 2823 δὲ
3097 2770 3158 2823 τὸ
3187 2766 3333 2841 αἷμα
3359 2770 3442 2842 τῷ
3476 2767 3828 2838 θυσιαστηρίῳ,

594 2860 1006 2922 peruagantur;
1029 2853 1313 2911 interanea
1347 2854 1515 2909 etiam
1551 2863 1810 2926 tanquam
1841 2857 2178 2915 odoratissi-

2284 2860 2729 2931 καταχριομένων
2754 2860 2902 2932 αὐτῷ
2928 2862 3036 2915 τῶν
3062 2862 3311 2934 κεράτων
3335 2878 3353 2894 ο
3393 2864 3490 2916 καὶ
3515 2860 3832 2925 καπνίζονται
3910 2856 3920 2863 ’

594 2957 746 3018 mum
778 2941 1063 2998 incensum
1102 2944 1430 3013 adolentur;
1467 2946 1742 3017 reliquum
1796 2963 1926 3005 vero
1975 2966 2178 3022 corpus

2283 2951 2383 3023 μὲν
2409 2953 2467 3005 ὲν
2496 2951 2649 3018 τάξει
2673 2952 2783 3005 τῶν
2821 2953 3203 3024 εὐοσμοτάτων
3234 2953 3598 3025 θυμιαμάτων
3619 2952 3681 3007 τὰ
3705 2951 3829 3005 ἐνιό-

594 3040 943 3103 exportatum
989 3045 1143 3091 extra
1207 3045 1387 3092 castra
1439 3039 1806 3095 comburitur.
1859 3041 1937 3097 Ac
1974 3042 2179 3099 vitulus

2281 3043 2428 3098 σθια.
2464 3044 2538 3098 Τὸ
2587 3044 2644 3098 δὲ
2675 3045 2860 3099 λοιπὸν
2905 3046 3254 3117 ἐμπίπραται
3302 3047 3486 3119 σῶμα,
3515 3046 3831 3117 διακομισθὲν

594 3124 818 3193 quidem
854 3125 1107 3183 Christus
1136 3136 1240 3194 est,
1279 3129 1463 3200 utqui
1494 3129 1660 3185 simul
1705 3139 1860 3186 extra
1901 3131 2092 3203 jugum
2121 3139 2178 3187 et

2278 3134 2536 3189 ἐπέκεινα
2582 3136 2686 3206 τῆς
2750 3137 3126 3208 παρεμϐολῆς.
3172 3139 3281 3192 Καὶ
3340 3139 3634 3212 μοσχάριον
3682 3138 3769 3209 μὲν
3806 3138 3830 3189 ὁ

594 3218 699 3272 sub
722 3219 856 3288 jugo
881 3228 1064 3287 esset;
1088 3236 1235 3284 nam,
1260 3237 1383 3276 eum
1418 3222 1719 3278 secundum
1761 3233 2011 3278 naturam
2031 3225 2178 3280 Deus

2280 3228 2538 3300 Χριστὸς,
2576 3228 2651 3292 ὡς
2680 3227 2784 3295 ἔξω
2828 3229 2993 3297 ζυγοῦ
3022 3230 3114 3283 καὶ
3148 3229 3253 3284 ὑπὸ
3284 3229 3475 3301 ζυγόν.
3502 3231 3629 3296 Θεὸς
3646 3233 3744 3301 γὰρ
3766 3229 3830 3281 ὣν

593 3318 759 3374 esset,
791 3310 969 3366 factus
998 3319 1082 3367 est
1124 3313 1228 3368 sub
1270 3314 1389 3385 lege
1432 3329 1531 3384 per
1572 3315 1997 3370 humanitatem.
2031 3315 2173 3382 Quid

2278 3319 2436 3390 φύσει
2467 3320 2690 3389 γέγονεν
2722 3321 2826 3373 ὑπὸ
2858 3320 3021 3390 νόμον
3054 3320 3142 3376 διὰ
3178 3323 3238 3375 τὸ
3269 3322 3626 3393 ἀνθρώπινον.
3672 3318 3704 3394 ἦ
3739 3321 3831 3390 γάρ

591 3400 780 3455 enim?
813 3416 997 3455 nonne
1031 3401 1240 3456 vitulus
1296 3419 1499 3474 parvus
1542 3405 1673 3475 jugo
1719 3404 1942 3476 quidem
1998 3406 2227 3468 adhuct

2208 3411 2249 3469 C
2280 3412 2402 3482 οὐχὶ
2452 3410 2513 3464 τὸ
2564 3410 2737 3483 βραχὺ
2783 3411 3076 3482 μοσχάριον
3148 3411 3315 3482 ζυγοῦ
3374 3415 3473 3485 μὲν
3507 3412 3662 3485 ἄηθες
3712 3413 3828 3476 ἐστι,

594 3492 847 3544 insuetus
881 3498 986 3555 est,
1025 3490 1121 3545 sed
1151 3493 1273 3562 ejus
1303 3501 1519 3549 natura:
1546 3502 1751 3560 tamen,
1779 3509 1901 3565 qua:
1928 3495 2066 3567 jugo
2096 3494 2175 3551 fe-

1590 3509 1751 3560 rmen,
1779 3509 1901 3565 qua:
1928 3495 2066 3567 jugo
2096 3494 2175 3551 fe-
2278 3501 2492 3570 φύσεώς
2518 3517 2581 3572 γε
2622 3502 2727 3575 μὴν
2764 3504 2860 3573 τῆς
2892 3503 2996 3556 ὑπὸ
3024 3502 3226 3573 ξυγόν;

592 3578 770 3635 tendo
801 3579 874 3633 sit
906 3579 1076 3649 apta?

662 3671 860 3727 PALL.
896 3672 977 3727 Ita
1009 3681 1117 3728 est.

2346 3680 2555 3737 HAAA.
2593 3674 2719 3735 'Ofs
2751 3680 2882 3753 ἔχει.

660 3759 821 3816 CYR.
856 3761 1075 3816 Vitulus
1118 3761 1288 3832 igitur
1325 3765 1632 3834 appellatus
1666 3773 1750 3821 est
1798 3765 2052 3823 Christus
2084 3782 2174 3823 sa-

2346 3773 2515 3828 ΚΥΡ.
2548 3773 2866 3846 Μοσχάριον
2887 3775 2951 3848 δὴ
2989 3772 3084 3832 οὖν
3108 3776 3432 3847 ὠνόμασται
3464 3776 3620 3831 πάλιν
3649 3774 3828 3828 οἰκονο-

590 3850 765 3921 pienti
812 3851 1065 3916 consilio,
1106 3861 1169 3907 ut
1205 3852 1262 3908 in
1297 3855 1493 3910 eadem
1533 3872 1593 3912 re
1640 3858 1982 3930 intelligatur
2012 3875 2042 3915 a
2069 3876 2172 3916 no-

2280 3864 2455 3936 μικῶς
2481 3866 2510 3919 δ
2542 3864 2812 3938 Χριστὸς,
2845 3867 2913 3921 ἵν’
2967 3868 3028 3922 ὲν
3074 3867 3255 3939 ταυτῷ
3288 3869 3485 3940 νοῆται
3528 3867 3656 3940 πρὸς
3693 3861 3830 3934 ἡμῶν

591 3940 679 3996 bis
710 3949 826 3996 tum
875 3943 995 4011 ejus
1019 3943 1187 3998 Verbi
1232 3943 1579 4002 divinitatem
1637 3948 1863 4005 minime
1898 3961 2174 4007 assuetam

2276 3956 2371 4010 καὶ
2419 3955 2481 4010 τὸ
2528 3956 2695 4027 ἄηθες
2720 3958 2820 4027 τῆς
2853 3958 2946 4013 τοῦ
2981 3961 3156 4028 Λόγου
3184 3959 3442 4032 θεότητος
3481 3962 3559 4024 είς
3590 3955 3824 4015 δουλείαν.

591 4041 716 4081 esse
771 4027 1051 4093 servituti,
1097 4036 1213 4082 tum
1256 4043 1379 4083 eam
1410 4039 1685 4096 naturam,
1725 4049 1847 4103 quae
1891 4034 1995 4089 sub
2039 4037 2174 4106 jugo

2275 4049 2370 4102 καὶ
2396 4047 2457 4102 τὸ
2498 4047 2574 4113 ὼς
2602 4052 2659 4104 ὲν
2693 4051 2853 4120 φύσει
2882 4027 3133 4121 γενέσθαι
3173 4056 3238 4125 τῇ
3277 4027 3386 4107 ὑπὸ
3429 4052 3589 4122 ζυγὸν
3618 4048 3747 4104 κατά
3771 4063 3825 4113 γε

591 4129 759 4184 esset,
790 4120 938 4190 quod
964 4120 1031 4175 ad
1063 4121 1186 4191 ejus
1213 4122 1612 4178 humanitatem
1642 4123 1858 4187 attinet,
1913 4124 2169 4181 subiisse.

2274 4136 2334 4191 τὸ
2355 4136 2711 4209 ἀνθρώπινον.
2748 4120 3022 4209 Σφάζεται
3053 4143 3111 4195 δὲ
3155 4120 3237 4207 ὡς⁷
3284 4143 3429 4215 ὑπέρ
3460 4120 3521 4212 γε
3551 4142 3645 4212 τῆς
3683 4138 3826 4205 ἁγίας

590 4213 911 4269 lmmolatur
941 4223 1126 4270 autem
1158 4223 1417 4286 tanquam
1454 4232 1555 4288 pro
1583 4232 1741 4274 sacro
1792 4218 2170 4283 tabernaculo,

2280 4233 2488 4302 σκηνῆς
2520 4230 2618 4284 καὶ
2644 4231 2754 4284 τῶν
2785 4233 3085 4287 ἑπιθέντων
3119 4236 3271 4307 αὐτῷ
3306 4213 3410 4300 τὰς
3437 4238 3618 4307 χεῖρας
3640 4249 3654 4263 ·
3690 4231 3827 4285 Λευῖ-

589 4321 653 4359 ac
674 4321 773 4376 pro
807 4306 893 4371 iis,
929 4307 1024 4378 qui
1062 4307 1168 4362 sibi
1208 4324 1404 4363 manus
1450 4309 1840 4379 imposuissent
1873 4309 2099 4381 (Levitze
2134 4311 2172 4365 ii
2210 4342 2225 4354 -

2210 4342 2229 4354 -
2272 4338 2360 4374 ται
2385 4322 2442 4375 δὲ
2469 4313 2614 4374 οὗτοι
2643 4321 2738 4375 καὶ
2770 4322 2936 4394 ἱερεῖς
2963 4341 2976 4353 ·
3024 4306 3262 4378 ἀπέθανε
3292 4324 3405 4396 γὰρ
3440 4306 3600 4394 γύπὲρ
3641 4337 3696 4374 τε
3739 4317 3824 4384 τῆς

588 4404 748 4450 erant
777 4404 832 4451 et
858 4398 1195 4469 sacerdotes)
1219 4417 1230 4453 :
1265 4414 1389 4454 nam
1427 4399 1517 4454 ille
1536 4410 1790 4456 mortuus
1809 4410 1896 4456 est
1931 4416 2034 4472 pro
2064 4402 2169 4456 Ec-

2285 4412 2614 4481 Ἐκκλησίαςι
2664 4412 2759 4466 καὶ
2803 4412 2911 4465 τῶν
2956 4412 3107 4483 αὑτῷ
3169 4413 3594 4485 καθιερωμένων
3627 4407 3709 4463 διὰ
3737 4405 3824 4473 τῆς

588 4484 756 4541 elesia
787 4495 843 4542 ct
871 4487 959 4551 iis,
984 4488 1078 4559 qui
1117 4498 1247 4545 sunt
1278 4489 1356 4544 illi
1380 4505 1479 4561 per
1516 4490 1679 4547 ﬁdem
1708 4492 2039 4547 consecrati.
2074 4492 2171 4548 Sa-

2273 4505 2528 4568 πίστεως.
2577 4504 2740 4573 Ἱερὸς
2785 4506 2843 4560 δι
2869 4507 2952 4560 ὅτι
3011 4508 3104 4561 καὶ
3142 4508 3218 4571 ὡς
3245 4509 3303 4560 ὲν
3323 4484 3514 4579 τρόπῳ
3543 4502 3721 4564 θυσίας
3748 4497 3823 4551 εὖ·

589 4591 738 4632 eram
767 4592 934 4648 porro
958 4578 1149 4645 fuisse,
1172 4590 1229 4635 et
1267 4581 1324 4635 in
1356 4581 1611 4637 sacriﬁcii
1638 4597 1847 4638 morem
1882 4595 2168 4654 acceptam

2273 4597 2605 4668 πρόσδεκτος
2653 4598 2734 4668 τῷ
2770 4598 2890 4670 Θεῷ
2937 4601 3034 4653 καὶ
3074 4601 3253 4673 Πατρὶ
3298 4599 3393 4654 τοῦ
3435 4592 3764 4669 Ἐμμανουὴλ
3799 4590 3824 4642 ὁ

587 4669 702 4725 Deo
735 4685 799 4725 ac
835 4670 983 4725 Patri
1043 4671 1418 4727 Emmanuelis
1464 4683 1719 4739 mortem,
1769 4691 1837 4730 ex
1880 4691 1947 4731 eo
1979 4676 2169 4733 videre
2200 4745 2223 4762 -

2200 4745 2244 4762 _
2272 4690 2520 4755 θάνατος,
2558 4689 2711 4761 πάρα
2738 4706 2820 4744 σοι
2852 4669 3014 4753 νοεῖν,
3047 4669 3455 4762 προσγεομένου
3501 4687 3594 4743 τοῦ
3617 4685 3821 4755 αἵματος

589 4762 738 4828 licet,
794 4763 943 4832 quod
977 4765 1199 4835 sanguis
1236 4765 1303 4820 ad
1336 4766 1507 4821 altare
1558 4766 1833 4831 funditur,
1881 4777 1939 4823 et
1976 4785 2044 4824 ex
2096 4786 2167 4826 eo
2200 4745 2225 4802 ί

2200 4745 2247 4802 D
2270 4781 2349 4852 τῷ
2374 4745 2519 4851 ἁγίιρ
2546 4745 2915 4853 θυσιαστηρίῳ
2933 4822 2949 4846 ,
2996 4745 3103 4837 καὶ.
3138 4745 3528 4854 ᾰταὲρίοντος
3565 4745 3709 4840 αὐτδ,
3737 4773 3818 4825 θυ-

586 4854 933 4924 perungitur,
967 4856 1114 4924 quod
1166 4857 1298 4910 item
1348 4857 1645 4914 adolentur
1700 4860 1985 4925 intestina,
2048 4879 2171 4934 qua:

2260 4873 2565 4944 ’μιωμένων
2609 4872 2667 4926 δὲ
2706 4874 2802 4928 καὶ
2847 4873 2955 4927 τῶν
2993 4873 3304 4937 ὲντοσθίων,
3348 4873 3385 4928 ἁ
3436 4873 3529 4927 καὶ
3567 4872 3644 4932 είς
3675 4866 3822 4921 τύπον

586 4944 860 4999 virtutum
887 4945 1207 5001 intimarum
1243 4956 1301 5001 et
1332 4947 1389 5002 in
1424 4948 1609 5004 animo
1646 4951 2059 5007 reconditarum
2103 4954 2170 5007 ﬁ-

2259 4958 2381 5039 ιεῖεν
2415 4964 2482 5018 ἂν
2518 4964 2627 5018 τῶν
2688 4966 2769 5029 είς
2827 4964 2888 5018 τὸ
2935 4964 3044 5019 ἔσω
3091 4966 3186 5019 καὶ
3226 4968 3307 5031 είς
3345 4965 3472 5019 νοῦν
3503 4960 3722 5036 ἀρετῶν,
3748 4949 3822 5015 αἷς

585 5056 778 5106 guram
809 5048 1028 5111 gemat,
1069 5040 1125 5096 in
1144 5041 1350 5113 quibus
1374 5042 1678 5112 spiritualis
1709 5043 1849 5099 odor
1875 5044 2036 5110 inest,
2070 5063 2169 5102 ne-

2257 5044 2447 5110 ‘Eveatt
2483 5056 2583 5128 μὲν
2619 5057 2682 5111 τδ
2713 5057 2912 5122 εὐῶδες
2946 5059 3352 5129 πνευματικῶς,
3400 5057 3463 5112 οὐ
3498 5055 3620 5110 καθ’
3652 5053 3743 5106 ἕνα
3772 5045 3820 5099 δὲ

583 5147 693 5201 que
731 5132 821 5186 ille
851 5131 1107 5203 simplex,
1159 5147 1287 5186 eum
1343 5131 1603 5187 intestina
1653 5135 1978 5206 multiplicia
2035 5138 2167 5205 sint,

2269 5148 2491 5219 τρόπον.
2518 5150 2641 5203 ἐπεί
2672 5168 2753 5204 τοι
2777 5150 2947 5205 πολλὰ
2978 5150 3047 5205 τὰ
3088 5152 3355 5214 ὲντόσθια,
3388 5148 3593 5220 πιμελὴ
3619 5145 3708 5200 καὶ
3746 5157 3821 5193 νε·

586 5223 775 5293 adeps,
805 5240 988 5289 renes,
1018 5224 1186 5295 pinna
1205 5223 1429 5295 jccoris.
1457 5222 1818 5280 Comburitur
1846 5237 2028 5284 autem
2079 5247 2167 5287 re-

2268 5238 2394 5308 φροὶ
2414 5280 2428 5303 θ
2461 5239 2557 5292 καὶ
2587 5240 2615 5293 ὁ
2643 5238 2798 5306 λοϐὸς
2839 5240 2934 5294 τοῦ
2981 5242 3211 5312 ἥπατος.
3261 5239 3632 5311 Ἐμπίπραται
3658 5233 3712 5289 δὲ
3736 5226 3817 5282 τοῦ

582 5312 798 5383 liquum
835 5330 1036 5387 corpus
1085 5324 1241 5371 extra
1290 5323 1499 5381 castra;
1553 5331 1681 5372 nam
1736 5328 1889 5372 extra
1946 5330 2163 5390 portam

2269 5325 2519 5397 σώματος
2563 5328 2625 5382 τὸ
2664 5328 3004 5402 λειπόμενον,
3037 5331 3142 5399 ἔξω
3171 5332 3269 5403 τῆς
3297 5328 3663 5401 παρεμϐολῆςο
3692 5318 3817 5383 Ἐξω

585 5419 783 5474 passus
841 5418 927 5462 est
978 5406 1263 5474 Christus;
1318 5408 1400 5464 sic
1446 5408 1593 5464 enim
1639 5409 1833 5464 scribit
1862 5412 2063 5465 Paulus
2095 5414 2159 5467 ιε.

2265 5420 2374 5491 γάρ
2400 5420 2500 5489 τῆς
2533 5420 2705 5493 πύλης
2740 5422 2942 5479 ἔπαθεν
2986 5426 3015 5478 δ
3046 5425 3312 5495 Χριστὸςο
3351 5422 3562 5492 γράφει
3590 5419 3645 5472 δὲ
3669 5413 3819 5472 οὕτως

586 5493 742 5561 Quod
772 5505 954 5553 autem
985 5499 1096 5570 igni
1113 5516 1315 5571 corpus
1339 5500 1668 5566 absumitur,
1719 5501 1909 5558 subtili
1949 5503 2163 5560 ratione

2264 5511 2294 5563 ὁ
2328 5508 2556 5574 Παῦλος.
2608 5513 2681 5567 Τὸ
2724 5512 2782 5568 δέ
2819 5531 2883 5584 γε
2922 5514 3055 5587 πυρὶ
3087 5493 3443 5569 δαπανᾶσθαι
3462 5510 3524 5564 τδ
3556 5508 3706 5577 σῶμα
3736 5517 3821 5557 καί

587 5584 876 5657 designare
913 5598 1114 5660 potest,
1154 5594 1308 5648 nullo
1358 5595 1524 5651 modo
1570 5596 1692 5669 ejus
1751 5595 2064 5667 passionem
2107 5604 2199 5653 et'

2194 5608 2199 5611 ⁷
2264 5601 2629 5672 τασημήνειεν
2657 5602 2723 5657 ἂν
2754 5605 2980 5675 ίσχνῶς,
3000 5584 3155 5660 δτιτὸ
3188 5604 3360 5670 πάθος
3392 5600 3545 5672 αὐτῷ
3572 5599 3659 5652 καὶ
3690 5595 3715 5650 5
3741 5590 3821 5646 θά-

657 5761 702 5797 ⁸⁹
727 5763 894 5822 Hebr.
925 5779 1040 5827 xm.
1074 5766 1152 5822 12.
