4142 6296
377 352 482 410 737
1103 350 1191 405 DE
1223 348 1665 407 ADORATIONE
1702 351 1772 406 IN
1812 347 2085 407 SPIRITU
2118 348 2208 404 ET
2244 347 2617 407 VERITATE.
2659 347 2788 402 LIB.
2827 347 2918 403 ΧΙ.
3540 344 3646 405 ’158

380 484 539 531 νατος
583 466 643 520 οὗ
692 458 1081 535 πρδςεόῶοξίαν
1128 462 1284 517 ἔσται
1318 463 1518 528 ποθὲν,
1552 465 1667 519 ἀλλ’
1699 466 1779 530 είς
1826 466 1944 535 λαμ

2065 470 2301 517 mortem
2360 462 2438 516 illi
2479 461 2794 534 ignominia:
2847 464 3109 525 laturam,
3163 459 3258 515 sed
3320 459 3640 531 praeclarum

381 558 528 629 πράν
594 555 685 611 καὶ
732 555 1148 627 ἑμφανεστάτην
1202 555 1581 627 ἐκτελευτήσει
1632 556 1814 623 δόξαν.
1868 557 1944 610 Ἐι

2059 553 2248 627 gloriae
2281 563 2445 625 atque
2502 553 2771 609 illustrem
2822 554 3034 609 exitum
3097 552 3446 619 habituram;
3500 554 3644 625 ignis

379 647 514 702 εῖδει
543 646 653 718 γὰρ
675 645 742 717 δὴ
766 645 845 717 τῷ
874 646 1049 717 πυρὸς
1080 646 1282 699 νοεῖται
1318 647 1381 700 τὸ
1405 647 1547 700 θεῖον
1565 663 1577 676 ·
1611 645 1944 717 καταϐέϐηκε

2058 646 2208 701 enim
2244 647 2429 716 specie
2481 646 2746 702 divinitas
2783 646 3135 718 intelligitur,
3195 662 3323 702 cum
3356 647 3523 702 etiam
3583 648 3641 702 in

375 739 434 793 δὲ
486 736 662 799 οὕτως
709 737 807 791 καὶ
856 738 951 791 ἐπὶ
980 737 1043 791 τὸ
1085 737 1214 808 ὅρος
1242 738 1305 793 τὸ
1338 739 1487 793 Σινᾶ.
1516 738 1853 792 Καταλύσων
1898 737 1944 791 δὲ

2057 745 2302 792 montem
2334 736 2466 792 Sina
2494 753 2555 792 ea
2591 738 2765 792 forma
2824 738 3213 805 descenderit;
3255 738 3642 795 destructums

373 830 468 885 τοῦ
505 830 738 885 θανάτου
782 831 845 884 τὸ
890 832 1111 901 κράτος,
1148 832 1313 886 ὑπέδυ
1340 833 1432 886 τὸν
1471 832 1704 886 θάνατον
1748 833 1944 885 οἰκονιν

2053 843 2189 883 vero
2217 828 2412 883 mortis
2445 828 2738 898 imperium
2757 828 3032 894 Christus,
3057 829 3461 900 dispensatorie
3490 845 3641 891 mor:

380 922 557 992 μικῶς
578 924 607 975 6
636 921 892 994 Χριστὸς,
916 922 984 976 ἶν’
1018 923 1095 988 ὡς
1123 923 1255 988 Θεὸς
1278 923 1566 995 δοξάζηται
1603 924 1740 994 πρὸς
1773 922 1949 994 ἡμῶν.

2057 928 2167 977 tem
2201 921 2394 984 subiit,
2427 929 2541 976 uta
2571 922 2734 976 nobis
2762 930 3022 991 tanquam
3043 922 3190 977 Deus
3207 923 3638 992 gloriﬁcaretnr.

382 1015 582 1086 Ἕρπει
617 1012 680 1084 δὴ
708 1008 802 1067 οὖν
833 1016 914 1075 είς
944 1013 1220 1085 θεοπρεπῆ
1249 1014 1406 1081 δόξαν
1439 1017 1467 1069 6
1497 1012 1743 1078 θάνατος,
1772 1013 1834 1066 τὺ
1863 1013 1944 1068 τὲ-

2044 1008 2198 1067 Mors
2219 1013 2403 1083 itaque
2430 1013 2497 1068 ad
2527 1013 2770 1069 divinam
2804 1013 3033 1084 gloriam
3084 1013 3282 1079 tendit,
3315 1029 3444 1070 cum
3474 1013 3645 1091 ﬁnem

378 1104 469 1169 λος
496 1105 634 1177 ἔχων
653 1105 713 1159 τὸ
739 1104 1038 1160 ἀναϐιῶναι
1064 1105 1335 1178 λαμπρὸν,
1367 1108 1460 1160 καὶ
1490 1107 1550 1160 τὸ
1571 1106 1629 1161 ἐν
1652 1123 1715 1175 γε
1743 1105 1820 1178 τῷ
1849 1124 1948 1161 πα·

378 1197 490 1251 θεῖν
526 1199 904 1270 μικροπρεπὲς
926 1238 941 1263 ,
972 1199 1242 1263 εὐκλείαις
1272 1201 1399 1264 ταῖς
1430 1201 1691 1254 ἀνωτάτω
1720 1197 1953 1270 νικώμε-

375 1304 487 1352 νον,
523 1287 731 1357 οἴχεται
778 1287 917 1359 πρὸς
953 1285 1015 1339 τὸ
1047 1286 1244 1358 μηδέν·
1277 1289 1371 1341 καὶ
1400 1286 1578 1353 τοῦτο,
1612 1284 1768 1357 οἶμαι
1807 1286 1953 1341 ἐστιν

374 1377 809 1450 αἰνιγματωδῶς,
824 1377 888 1430 τὸ
913 1377 1255 1431 δαπανᾶσθαι
1280 1378 1413 1449 πυρὶ
1432 1378 1493 1431 τὸ
1516 1378 1710 1449 νεκρὸν
1746 1379 1953 1450 μοσχά-

379 1484 513 1539 ριον.
560 1467 829 1522 Ἐπειπὼν
865 1467 943 1534 δὲ,
969 1468 1051 1521 ὅτι
1075 1466 1319 1538 ἁμαρτία
1355 1466 1465 1538 γάρ
1502 1468 1669 1534 ἐστιν,
1700 1469 1780 1533 εἰς
1814 1471 1952 1522 ἀπο-

375 1559 644 1632 κάθαρσιν
664 1561 935 1633 ἁμαρτίας
954 1560 1015 1614 τὸ
1040 1558 1277 1631 Χριστοῦ
1299 1560 1548 1627 γενέσθαι
1575 1561 1732 1632 διαμε
1742 1562 1952 1634 μήνυκε

373 1650 562 1715 πάθος,
594 1651 768 1705 καὶτὸ
789 1650 980 1722 χρῆμά
1002 1651 1150 1704 ἐστιν
1165 1651 1264 1703 οὐκ
1292 1650 1630 1720 ἀσυμφανές.

443 1743 654 1796 ΠΑΛΔ.
680 1744 757 1796 υύ
782 1743 891 1812 γὰρ
919 1738 1032 1797 οὖν.

2052 1101 2126 1158 sit
2164 1103 2486 1171 praeclarum
2516 1110 2832 1167 consecuta,
2861 1101 3036 1172 ipsam
3052 1118 3252 1172 nempe
3280 1104 3643 1165 resurrectio-,-

2052 1207 2202 1257 nem,
2226 1201 2284 1247 et
2320 1191 2606 1247 humilitas
2638 1192 2731 1245 illa
2764 1190 3008 1261 patiendi
3043 1191 3279 1246 summis
3293 1191 3437 1248 victa
3459 1191 3643 1249 hono-

2054 1282 2210 1337 ribus
2260 1283 2602 1339 absumitur:
2659 1283 2847 1353 idque,
2888 1292 2948 1338 ut
2999 1283 3219 1354 opinor,
3253 1294 3338 1341 est
3384 1282 3640 1355 ﬁgurate,

2053 1373 2216 1446 395
2243 1375 2390 1446 quod
2428 1375 2649 1431 occisus
2704 1376 2910 1430 vitulus
2968 1376 3082 1447 igni
3114 1384 3519 1430 concrematur.
3576 1375 3639 1431 In

2053 1484 2122 1523 eo
2146 1476 2351 1531 autem,
2376 1466 2523 1537 quod
2564 1468 2833 1537 adjunxit,
2865 1467 3157 1524 Peccatum
3189 1476 3311 1531 est,
3340 1466 3405 1522 ad
3438 1480 3635 1537 pecca-

2056 1568 2174 1615 tum
2201 1559 2535 1630 expiandum
2559 1558 2767 1613 Christi
2796 1559 3110 1630 passionem
3131 1558 3300 1612 l‘uisse
3322 1565 3634 1631 susceptam

2053 1651 2355 1716 indicavit;
2386 1666 2561 1721 eaque
2592 1666 2678 1705 res
2700 1650 2927 1706 minime
2955 1650 3191 1707 obscura
3216 1656 3319 1704 est.

2124 1741 2322 1796 PALL.
2366 1742 2589 1798 Minime
2622 1758 2772 1797 vero.

440 1831 606 1886 ΚΥΡ.
643 1829 777 1887 Εἶτα
799 1833 955 1905 κριὸς
986 1834 1015 1886 6
1052 1831 1267 1904 πρῶτος
1304 1831 1642 1905 λαμϐάνεται
1675 1835 1771 1887 καὶ
1808 1833 1944 1904 σφά-

2113 1834 2273 1888 CYR.
2312 1833 2522 1889 Deinde
2571 1835 2714 1889 aries
2753 1834 2902 1903 prior
2943 1833 3184 1887 sumitur
3228 1837 3286 1887 et
3318 1830 3635 1885 immolatur

370 1926 523 1991 ζεται
576 1927 673 1997 μὲν
708 1927 766 1981 ἐν
805 1925 904 1997 ἴσῳ
945 1925 1024 1997 τῷ
1070 1926 1257 1997 μόσχῳ
1281 1942 1296 1958 ·
1327 1928 1643 1996 προσεχεϊτο
1683 1924 1741 1980 δὲ
1769 1923 1836 1980 αὖ
1867 1926 1946 1997 τῷ

369 2018 737 2091 θυσιαστηρίῳ
777 2019 836 2071 τὸ
880 2014 1038 2088 αἷμα,
1063 2018 1156 2072 καὶ
1194 2016 1435 2082 μελειστὶ
1462 2017 1791 2087 τεμνόμενος
1846 2018 1945 2071 ἀν-

367 2108 615 2178 εφέρετο,
645 2107 752 2162 τῶν
795 2104 1082 2160 ὲντοσθίων
1133 2106 1597 2176 ἐκπεπλυσμὲνων
1639 2106 1811 2170 ῦδατι,
1852 2124 1946 2161 κε-

366 2200 509 2273 φαλῇ
532 2218 593 2254 τε
614 2201 732 2272 ἅμα
762 2203 858 2254 καὶ
896 2201 1069 2265 ποσὶν,
1099 2200 1181 2254 ὅτι
1214 2198 1468 2269 θυμίαμά
1492 2201 1610 2254 ἐστι
1632 2216 1647 2231 ·
1674 2201 1945 2273 γράφεται

364 2291 422 2346 δὲ
469 2291 630 2347 πάλιν
674 2293 807 2362 ἡμῖν
855 2292 951 2345 καὶ
978 2291 1066 2346 διὰ
1094 2292 1299 2345 τούτων
1325 2293 1353 2345 6
1374 2291 1628 2363 Χριστὸς.
1663 2293 1692 2345 ό
1718 2293 1775 2344 ὲν
1806 2291 1945 2363 κριῷ

361 2384 443 2455 τῷ
466 2383 659 2454 τελείῳ
685 2382 910 2447 τέλειος,
948 2382 1108 2450 ἁγίαν
1137 2382 1275 2453 ἔχων
1316 2383 1483 2451 ζωήν.
1520 2383 1682 2453 Δηλοῖ
1715 2382 1844 2453 γὰρ,
1873 2378 1947 2438 οῖ-

369 2478 470 2550 μαί
506 2493 607 2534 που
658 2476 762 2538 ὅτι,
786 2475 848 2529 τὸ
879 2475 1235 2546 προσκεῖσθαι
1266 2475 1328 2529 τὸ
1369 2470 1512 2546 αἷμα
1540 2475 1619 2545 τῷ
1654 2475 1945 2546 θυσιαστη-

370 2569 473 2640 ρίῳ
498 2567 691 2639 ’,ζωῆς
716 2568 825 2639 γὰρ
847 2568 1017 2633 τύπος
1058 2567 1118 2621 τδ
1164 2561 1323 2638 αἷμα,
1361 2567 1454 2622 καὶ
1483 2570 1563 2631 είς
1609 2568 1781 2639 όσμὴν
1808 2569 1944 2621 εὐω-

365 2658 486 2723 δίας
511 2659 868 2730 ἀνακείμενος
910 2658 989 2729 τῷ
1020 2657 1140 2729 Θεῷ
1168 2659 1263 2712 καὶ
1295 2660 1491 2729 Πατρὶ,
1528 2658 1604 2723 ὡς
1637 2659 1774 2731 ὑπὲρ
1805 2659 1944 2714 πάν-

368 2767 477 2803 των
504 2766 564 2803 τε
593 2749 707 2821 ἅμα
736 2750 832 2803 καὶ
876 2749 1017 2820 ὑπὲρ
1051 2750 1285 2803 ἑκάστου
1313 2764 1327 2778 ·
1362 2749 1533 2813 τύπος
1569 2749 1625 2803 δὲ
1652 2748 1811 2804 τοῦτο
1837 2749 1943 2804 πά-

366 2840 468 2905 λιν,
490 2840 551 2894 τὸ
582 2839 953 2912 ἀναφέρεσθαι
995 2840 1086 2893 τὸν
1119 2839 1279 2909 κριὸν
1313 2840 1407 2893 ἐπὶ
1446 2839 1507 2893 τὸ
1535 2839 1939 2910 θυσιαστήριον,

362 2933 439 2997 ὡς
487 2933 545 2986 ὲν
577 2933 742 2986 παντί
771 2950 830 2986 τε
864 2932 958 2985 καὶ
987 2933 1129 2985 κατά
1167 2931 1349 3002 μέλος.
1386 2930 1538 3002 Μέλη
1561 2931 1618 2984 δὲ
1649 2932 1810 3003 ἡμεῖς
1837 2934 1940 2989 ἀνὰ

366 3023 530 3095 μέρος
555 3023 814 3094 Χριστοῦ,
843 3023 936 3077 καὶ
958 3022 1014 3077 ἓν
1042 3023 1242 3082 πάντες
1268 3021 1534 3092 νοούμεθα
1565 3022 1724 3093 σῶμα
1745 3039 1759 3053 ⁸
1786 3022 1940 3091 ἅγιος

358 3115 418 3169 δὶ
444 3117 527 3170 ὃτι
562 3117 657 3170 καὶ
707 3115 853 3188 ἱερὸς
901 3115 1020 3178 ὅλος
1074 3115 1171 3167 καὶ
1212 3113 1400 3167 σπίλον
1448 3113 1790 3187 ἀκαθαρσίας
1838 3116 1939 3169 οῦκ

359 3206 523 3277 ἔχων,
558 3210 593 3279 ὴ
638 3208 747 3261 τῶν
762 3180 1077 3293 ’κὲντοοθίων
1110 3205 1370 3269 ἔκπλυσις
1419 3201 1479 3259 εὖ
1513 3180 1659 3275 μάλα
1693 3207 1939 3279 παραδηο
1966 3180 2008 3238 c'

359 3301 465 3355 λοῖ.
498 3300 939 3371 Συναναφέρεται
974 3300 1032 3354 δὲ
1057 3299 1270 3370 κεφαλὴ
1301 3300 1393 3353 καὶ
1420 3299 1598 3364 πόδες,
1635 3300 1696 3354 τὸ
1720 3302 1814 3355 ἀπ’
1841 3302 1942 3371 ἀρ-

361 3395 467 3463 χῆς
519 3393 613 3445 καὶ
662 3392 823 3463 μέχρι
855 3391 1057 3455 παντὸς
1081 3391 1279 3455 εὑῶδες
1322 3392 1381 3444 ὲν
1422 3391 1678 3463 ἁγιασμῷ
1718 3393 1819 3463 τῆς
1846 3392 1940 3446 τοῦ

360 3484 612 3554 Σωτῆρος
654 3482 797 3554 ζωῆς
836 3483 1244 3552 ὑποφαίνοντες.
1289 3483 1495 3547 Παντὸς
1522 3483 1632 3556 γὰρ
1671 3482 1811 3549 ξώου
1853 3503 1943 3539 κε-

368 3574 516 3645 φαλὴ
572 3573 670 3644 μὲν
700 3573 865 3645 ἀρχὴ,
912 3573 1205 3643 κατάληξις
1234 3573 1290 3626 δὲ
1328 3573 1517 3644 ὥσπερ
1546 3576 1638 3629 καί⁵
1674 3576 1767 3629 τοῦ
1803 3595 1941 3630 παν-

356 3666 453 3729 τὸς
482 3663 733 3737 σώματος
783 3667 832 3718 οἱ
881 3665 1040 3729 πόδες
1091 3665 1153 3718 τὸ
1195 3665 1368 3729 τέλος.
1430 3666 1501 3719 Ἢ
1546 3667 1639 3721 καὶ
1668 3667 1807 3737 τάχα
1838 3686 1939 3722 που

357 3760 502 3812 νοεῖν
529 3758 749 3827 ἄμεινον
796 3758 877 3821 είς
920 3756 1090 3810 τύπον
1146 3756 1243 3828 μὲν
1296 3756 1388 3810 νοῦ
1439 3744 1672 3829 κεφαλὴ,
1714 3759 1941 3829 πορείας

355 3866 424 3916 γε
470 3848 576 3920 μὴν
614 3850 713 3920 τῆς
752 3850 874 3903 κατ’
931 3849 1215 3918 ἐνέργειαν
1258 3852 1566 3919 πρακτικῆς
1594 3850 1720 3913 τοὺς
1753 3850 1937 3917 πόδας.

356 3938 546 4009 Ιίέὖώδη
587 3940 644 3993 δὲ
694 3939 870 3993 πάντα
903 3939 961 3991 ἐν
991 3937 1232 4010 Χριστῷ,
1276 3937 1368 3991 καὶ
1413 3940 1492 4002 εἰς
1528 3939 1694 4010 ἄκρον
1739 3939 1942 4010 ἥκοντα

354 4031 724 4103 καθαρότητος
742 4034 835 4109 καὶ
850 4032 1099 4102 νοήματα
1121 4033 1215 4101 καὶ
1240 4031 1466 4103 πράξεις
1486 4049 1500 4062 ’
1534 4031 1594 4085 οὐ
1621 4032 1729 4104 γὰρ
1751 4033 1940 4104 ἐποίη-

361 4138 457 4176 σεν
522 4120 994 4193 ἀμαρτίαψταύτῃ
1040 4139 1124 4175 τοι
1169 4123 1265 4176 καὶ⁵
1296 4121 1715 4193 ὁλοκαυτώματα
1738 4124 1830 4177 καὶ
1859 4124 1944 4178 θυ-

357 4213 567 4284 σίασμά
617 4230 751 4284 φησι
798 4211 896 4282 τὴν
934 4211 1264 4283 καθιέρωσιν
1299 4212 1391 4266 τοῦ
1432 4213 1618 4283 κριοῦ.
1655 4214 1715 4267 οὐ
1740 4216 1848 4286 γὰρ
1879 4218 1942 4269 ἐκ

360 4306 561 4377 μέρους
593 4305 747 4374 ἅγιος
796 4305 829 4374 ἢ
889 4306 1053 4377 ἱερός.
1088 4308 1295 4376 Πρέποι
1328 4306 1435 4377 γὰρ
1485 4308 1551 4360 ἂν
1596 4309 1699 4360 οὐκ
1748 4308 1942 4379 ἐκείνῳ

356 4396 542 4460 ποθὲν,
584 4397 716 4467 ἡμῖν
743 4395 800 4448 δὲ
832 4394 1053 4465 μᾶλλον,
1087 4395 1147 4449 τὸ
1178 4396 1274 4449 καὶ
1308 4395 1555 4448 ἀσθενεῖν
1597 4394 1706 4449 ἔσθ’
1735 4397 1821 4449 ὅτε
1848 4397 1942 4450 καὶ

2046 1939 2202 1994 aque
2240 1940 2303 1978 ac
2332 1924 2567 1979 vitulus:
2596 1925 2899 1979 ell‘unditur
2928 1925 3058 1979 item
3082 1922 3304 1993 sanguis
3331 1920 3399 1976 ad
3440 1921 3633 1989 altare,

2045 2027 2103 2073 et
2131 2018 2478 2073 membratim
2497 2034 2672 2073 caesus
2694 2018 2948 2083 olfertur,
2992 2016 3272 2072 intestinis
3301 2016 3430 2071 lotis
3454 2031 3622 2085 aqua,

2046 2125 2174 2165 cum
2205 2109 2388 2180 capite
2410 2109 2572 2164 simul
2606 2124 2670 2164 ac
2694 2107 2954 2178 pedibus,
2997 2107 3130 2177 quia
3173 2106 3460 2160 incensum
3506 2112 3628 2158 est:

2044 2216 2146 2270 per
2200 2216 2324 2270 quae
2354 2216 2549 2255 rursus
2577 2199 2744 2254 nobis
2768 2198 3025 2254 Christus
3055 2196 3410 2259 describitur,
3442 2195 3533 2250 ille
3572 2193 3631 2248 in

2046 2291 2218 2348 ariete
2242 2291 2488 2362 perfecto
2513 2291 2813 2362 perfectus,
2832 2297 3187 2360 sanctamque
3211 2289 3380 2343 vitam
3398 2286 3627 2359 habens:

2044 2382 2102 2438 id
2131 2383 2281 2438 enim
2310 2381 2604 2453 significat,
2633 2381 2932 2452 utopinor,
2967 2381 3114 2451 quod
3170 2380 3395 2450 sanguis
3442 2378 3509 2434 ad
3547 2379 3627 2434 al-

2044 2479 2162 2528 tare
2187 2473 2440 2529 funditur
2465 2493 2478 2529 :
2521 2473 2744 2545 sanguis
2777 2473 2982 2543 quippe
3009 2472 3133 2527 vita:
3160 2472 3333 2541 ﬁgura
3365 2480 3469 2534 est,
3493 2478 3552 2524 et
3572 2470 3628 2527 in

2041 2565 2269 2621 odorem
2298 2566 2586 2622 suavitatis
2611 2565 2832 2620 oblatus
2867 2565 2980 2620 Deo
3003 2571 3060 2618 et
3120 2564 3269 2619 Patri
3309 2578 3410 2633 pro
3440 2562 3630 2631 omni-

2043 2657 2150 2712 bus
2171 2656 2334 2712 simul
2356 2673 2421 2712 ac
2443 2658 2675 2729 singulis
2694 2675 2709 2723 ;
2729 2657 2894 2728 hujus
2912 2657 3042 2711 item
3063 2656 3143 2711 rei
3175 2655 3347 2726 ﬁgura
3375 2664 3459 2710 est
3479 2656 3627 2724 quod

2042 2749 2188 2804 aries
2217 2749 2398 2815 altari,
2426 2759 2484 2806 et
2524 2758 2785 2819 tanquam
2824 2758 2972 2804 totus
3009 2757 3063 2804 et
3096 2764 3196 2819 per
3229 2748 3477 2803 membra
3519 2762 3629 2803 ca:-

2042 2858 2137 2899 sus
2169 2842 2576 2914 imponebatur.
2602 2842 2713 2896 Nos
2736 2841 2867 2896 item
2890 2850 2946 2896 et
2977 2840 3178 2910 singuli
3206 2839 3454 2894 membra
3468 2836 3630 2894 Chri-

2040 2934 2113 2989 sti
2134 2950 2347 2999 sumus,
2387 2942 2443 2989 et
2472 2933 2720 2988 universi
2743 2949 2915 2988 unum
2937 2948 3139 3003 corpus
3162 2932 3527 3003 intelligimur
3555 2931 3624 2998 “;

2041 3034 2217 3081 totum
2249 3040 2416 3095 porro
2442 3024 2594 3079 illum
2613 3039 2734 3080 esse
2747 3040 2965 3081 sacrum
2987 3039 3050 3078 ac
3074 3032 3348 3089 sanetum,
3368 3032 3426 3078 et
3442 3023 3627 3081 labem

2043 3115 2378 3186 impuritatis
2402 3115 2607 3170 habere
2624 3109 2852 3181 nullam,
2876 3115 3088 3170 ablutio
3112 3114 3202 3169 illa
3235 3115 3625 3169 intestinorum

2040 3209 2246 3278 optime
2277 3209 2539 3263 declarat.
2577 3207 2751 3263 Simul
2782 3216 2966 3263 autem
3007 3206 3319 3262 oll‘eruntur
3368 3215 3536 3277 caput
3568 3216 3627 3262 et

2040 3299 2230 3370 pedes,
2289 3307 2349 3355 ut
2379 3300 2474 3354 illa
2532 3298 2966 3354 suaveolentiam
3019 3297 3351 3361 sanctitatis,
3389 3312 3513 3367 qua:
3564 3294 3622 3351 in

2043 3387 2343 3443 Salvatoris
2382 3388 2557 3443 nostri
2601 3388 2714 3442 vita
2746 3404 2777 3443 a
2805 3387 3080 3458 principio
3132 3402 3309 3458 usque
3353 3387 3412 3441 in
3455 3384 3622 3440 tinem

2041 3478 2165 3541 fuit,
2213 3480 2524 3535 ostendant.
2582 3480 2719 3534 Nam
2771 3481 3039 3552 cujusque
3093 3478 3393 3545 animantis
3451 3487 3624 3548 caput

2040 3570 2373 3641 principium
2402 3579 2521 3639 est;
2551 3580 2858 3626 extremum
2879 3587 3011 3627 vero
3032 3588 3096 3628 ac
3125 3571 3247 3628 linis
3288 3570 3459 3627 totius
3497 3587 3624 3626 cor-

2042 3663 2193 3733 poris
2217 3662 2404 3732 pedes.
2432 3662 2542 3718 Aut
2568 3663 2801 3720 fortasse
2850 3664 3051 3719 melius
3080 3672 3184 3728 est,
3212 3662 3270 3718 in
3322 3662 3525 3717 mentis
3557 3661 3622 3715 li-

2042 3771 2230 3824 guram
2259 3764 2424 3826 caput
2446 3757 2732 3826 accipere;
2763 3757 3017 3813 incessus
3060 3772 3193 3812 vero
3226 3756 3347 3827 ejus
3369 3796 3383 3818 ,
3418 3768 3529 3825 quo
3565 3754 3623 3808 in

2043 3847 2357 3903 actionibus
2383 3847 2686 3904 eﬂiciendis
2718 3848 3124 3920 progredimur,
3155 3848 3345 3919 pedes.
3364 3848 3425 3903 In
3456 3846 3621 3904 Chri-

2042 3943 2128 3991 sto
2148 3944 2333 3991 autem
2372 3937 2602 3994 odorem
2627 3938 2858 4008 spirant,
2881 3945 2938 3992 et
2961 3953 3177 3996 summa
3206 3937 3447 4013 puritate
3478 3952 3622 4009 prae-

2042 4036 2187 4083 stant
2217 4029 2401 4084 omnia
2429 4037 2543 4084 tum
2573 4028 2832 4099 cogitata,
2881 4038 2996 4084 tum
3023 4028 3199 4094 facta;
3253 4044 3432 4097 neque
3474 4028 3623 4083 enim

2041 4128 2326 4191 peccatum
2356 4119 2506 4185 fecit,
2527 4121 2596 4174 ob
2618 4136 2847 4190 eamque
2872 4135 3090 4178 causam
3119 4119 3261 4173 hanc
3287 4117 3623 4173 oblationem

2042 4211 2229 4266 arietis
2254 4219 2309 4265 et
2337 4211 2721 4265 holocaustum
2752 4218 2809 4265 et
2849 4210 3139 4264 incensum
3208 4209 3487 4278 appellat;
3521 4223 3619 4261 ne-

2042 4318 2150 4372 que
2187 4303 2335 4357 enim
2388 4317 2456 4356 ex
2518 4311 2672 4371 parte
2721 4308 2945 4357 sanctus
2977 4307 3071 4356 aut
3120 4315 3281 4353 sacer
3336 4306 3455 4354 est:
3508 4313 3620 4354 non

2042 4392 2190 4448 enim
2232 4391 2522 4445 inﬁrmitas
2547 4391 2660 4445 ulla
2689 4399 2784 4446 aut
2812 4392 3000 4462 lapsus
3024 4390 3227 4461 aliquis
3255 4391 3312 4444 in
3347 4390 3502 4445 illum
3526 4406 3619 4447 ca-

357 4487 621 4541 ὲναλῶναι
670 4487 975 4558 πταίσμασι
1006 4501 1023 4519 ο
1060 4487 1301 4557 καθαρὸς
1326 4486 1436 4557 γὰρ
1463 4486 1637 4550 οὐδεὶς
1674 4486 1733 4553 ἐξ
1758 4489 1938 4560 ἁμαρ-

2045 4482 2147 4548 dit,
2176 4491 2237 4536 ut
2256 4482 2418 4537 nobis
2445 4483 2740 4551 contingit;
2763 4499 2923 4540 nemo
2946 4483 3148 4553 quippe
3175 4482 3414 4537 mundus
3435 4498 3466 4536 a
3491 4496 3619 4551 pec-

354 4579 513 4644 τιῶν,
532 4580 627 4634 καὶ
652 4579 820 4634 πολλὰ
852 4578 1115 4651 πταίομεν
1145 4578 1401 4644 ἅπαντες,
1427 4576 1567 4633 κατὰ
1599 4578 1657 4631 τὸ
1690 4596 1939 4651 γεγραμ⁴

360 4673 545 4742 μένον.

431 4764 638 4818 ΠΔΛΛ.
674 4763 784 4817 Καὶ
818 4763 933 4826 πῶς
974 4761 1039 4816 ἄν
1077 4779 1161 4825 τις
1194 4762 1358 4815 οἴοιτο
1395 4761 1556 4832 τυχὸν
1584 4803 1598 4827 ,
1646 4761 1737 4815 καὶ
1769 4760 1938 4832 αὐτὴν

356 4854 611 4923 γενέσθαι
634 4855 732 4926 τὴν
759 4854 994 4925 Χριστοῦ
1019 4853 1159 4926 ζωὴν
1180 4853 1320 4926 ὑπὲρ
1353 4853 1510 4925 ἡμῶν
1532 4871 1546 4918 ;

430 5032 595 5086 ΚΥΡ.
622 5031 735 5085 Καὶ
756 5031 860 5102 μὴν
888 5032 1009 5104 εἴσῃ
1031 5050 1110 5086 τοι
1132 5033 1224 5086 καὶ
1254 5032 1398 5104 μάλα
1427 5031 1644 5104 ῥᾳδίως,
1678 5032 1938 5103 ἐννοήσας

357 5125 441 5178 ὅτι
491 5123 588 5193 τῆς
645 5124 703 5176 ὲν
747 5122 916 5191 ’Δδὰμ
948 5124 1307 5192 παραϐάσεως
1335 5123 1642 5195 γεγόναμεν
1667 5124 1934 5191 κοινωνοὶ,

362 5213 524 5282 μόνον
546 5212 605 5265 δὲ
626 5202 757 5281 ὀὐχὶ
780 5211 875 5264 καὶ
897 5209 1002 5263 τῶν
1026 5211 1219 5283 ἐκείνῳ
1246 5212 1802 5283 πεπλημμελημένων
1844 5215 1937 5267 ὲκο

360 5304 656 5374 τετίκαμεν
724 5301 913 5365 δίκας,
963 5302 1366 5373 διαδραμούσης
1414 5305 1495 5367 εἰς
1550 5305 1794 5370 ἅπαντας
1841 5306 1942 5376 τῆς

359 5397 522 5465 ἀρᾶς,
550 5395 733 5448 καὶτὸ
778 5392 838 5458 ἐξ
876 5393 1088 5446 ἐκείνου
1124 5393 1279 5461 γένος
1322 5395 1792 5469 κατανεμηθείσης
1814 5398 1941 5470 τρό-

361 5506 463 5541 πον
488 5486 611 5541 τινά
639 5487 740 5556 τῆς
780 5485 973 5557 ὀργῆς.
1003 5485 1277 5539 Καθίκετο
1320 5486 1499 5540 τοίνυν
1547 5490 1627 5552 είς
1670 5490 1941 5563 ὲνανθρω-

364 5581 600 5650 πότητα,
651 5579 746 5631 καὶ⁸
783 5577 1093 5647 ἐσκήνωσεν
1143 5579 1199 5630 ὲν
1228 5578 1361 5647 ἡμῖν
1388 5578 1417 5632 6
1455 5580 1794 5653 Μονογενὴς,
1844 5584 1940 5639 καὶ

438 5757 662 5813 “Rom.
707 5770 799 5823 xu,
825 5752 877 5807 5.
956 5752 998 5783 ⁸ο
1036 5753 1135 5809 Job
1170 5770 1279 5825 xxv,
1319 5756 1371 5812 4.
1449 5758 1489 5791 ¹¹
1524 5758 1635 5817 Jac.
1663 5775 1738 5829 ιιι,
1775 5760 1828 5815 2.

2045 4575 2184 4629 catis
2216 4576 2262 4607 ⁵ο
2286 4616 2300 4640 ,
2334 4582 2391 4631 et
2422 4576 2477 4629 in
2512 4575 2699 4629 multis
2730 4576 3062 4629 oﬂ‘endimus
3109 4588 3321 4639 omnes,
3372 4581 3434 4628 ut
3482 4572 3620 4629 scri-

2045 4676 2199 4737 ptum
2226 4676 2309 4722 est
2338 4668 2404 4723 “.

2117 4757 2314 4812 PALL.
2351 4757 2458 4813 Sed
2494 4757 2666 4828 ipsam
2720 4772 2938 4828 quoque
2988 4756 3287 4814 Salvatoris
3326 4759 3501 4813 nostri
3535 4759 3623 4812 vi-

2047 4859 2154 4905 tam
2182 4866 2282 4920 pro
2316 4850 2478 4905 nobis
2522 4849 2713 4915 fuisse,
2773 4864 2882 4925 qua
2919 4849 3132 4905 ratione
3185 4851 3457 4922 quispiam
3502 4851 3622 4905 exi-

2040 4941 2263 4997 Stimare
2292 4942 2504 5011 potest?

2113 5032 2270 5090 CYR.
2307 5032 2585 5103 Percipies
2609 5033 2662 5088 id
2694 5048 2844 5098 vero,
2903 5040 2959 5088 et
2989 5033 3215 5104 quidem
3244 5033 3426 5099 facile,
3463 5035 3510 5089 si
3541 5035 3624 5090 in-

2042 5127 2326 5182 tellexeris
2357 5126 2508 5181 illius
2546 5126 2600 5181 in
2643 5125 2816 5181 Adam
2849 5127 3301 5198 transgressionis
3346 5142 3451 5181 nos
3498 5142 3621 5184 esse

2040 5214 2342 5286 participes
2371 5214 2563 5280 factos,
2596 5222 2653 5270 et
2678 5226 2891 5277 eorum:
2928 5230 3048 5284 quas
3088 5214 3181 5269 ille
3219 5214 3474 5283 deliquit,
3498 5230 3626 5285 per-

2042 5309 2274 5365 solvisse
2302 5324 2514 5379 pmnas,
2548 5323 2673 5362 cum
2718 5308 2771 5361 in
2804 5306 3095 5360 universos
3121 5305 3508 5375 pcrtransierit
3529 5306 3620 5362 illa

2042 5402 2380 5467 maledictio,
2437 5409 2494 5455 et
2534 5399 2679 5471 quod
2738 5414 2804 5452 ex
2838 5414 2906 5452 co
2954 5406 3132 5451 satum
3172 5404 3257 5452 est
3298 5413 3491 5467 genus,
3528 5400 3618 5454 illa

2042 5492 2123 5549 ira
2153 5490 2559 5564 quodammodo
2589 5490 2813 5558 depasta
2846 5488 2936 5543 sit.
2969 5487 3253 5559 3961lle
3284 5489 3450 5560 igitur
3486 5489 3615 5544 Uni~

2043 5584 2261 5655 genitus
2284 5583 2352 5639 ad
2382 5579 2623 5638 hominis
2678 5584 2932 5633 naturam
2972 5576 3277 5645 descendit,
3317 5588 3371 5631 et
3403 5578 3614 5636 habita-
