4110 6298
600 378 710 439 759

2428 267 2739 287 ,νουσιν-ο*

1627 388 1682 446 s.
1727 389 2004 446 CYRILLI
2043 391 2513 448 ALEXANDBINI
2552 392 2870 450 ARCHIEP.
3728 384 3817 458 is;

600 496 758 550 vitin
794 480 973 577 nobis,
1007 500 1064 549 et
1102 502 1221 550 sese
1262 496 1376 551 Deo
1420 513 1486 553 ac
1524 499 1674 555 Patri
1726 501 1985 573 subjecit.
2030 522 2049 556 ι
2075 502 2179 559 Fa-

2285 503 2560 576 ὖπέθήκεν
2602 504 2795 559 ἑαυτὸν
2837 502 2915 575 τῷ
2946 502 3063 575 Θεῷ
3104 504 3195 557 καὶ
3235 504 3428 576 Πατρί.
3465 525 3483 558 ι
3516 502 3700 575 Γέγονε
3726 512 3818 586 γὰρ

600 597 725 643 ctus
752 594 838 642 est
862 572 1011 641 enim
1050 587 1316 643 obcdiens
1348 603 1523 661 usque
1577 591 1644 647 ad
1705 572 1937 649 mortem
1971 596 2039 659 ",
2069 614 2088 646 ι
2122 604 2183 652 ει

601 668 751 732 illius
771 692 840 732 ex
859 669 1031 732 Adam
1055 678 1388 735 desertionis
1417 682 1627 738 crimen
1649 684 1807 747 eluit,
1832 693 1888 740 et
1916 685 2180 741 obedien-

600 767 690 820 tize
718 767 831 821 sua!
884 766 1111 821 odorem
1144 775 1400 838 tanquam
1453 786 1557 841 pro
1598 774 1858 829 omnibus
1904 775 2065 831 simul
2123 776 2180 832 et

599 856 830 927 singulis
874 854 988 913 Deo
1024 868 1083 913 et
1136 860 1285 914 Patri
1316 861 1538 928 obtulit,
1588 878 1652 918 ac
1687 880 1787 934 per
1830 856 2009 936 ipsum
2042 868 2177 923 salvi

598 949 727 1003 lacti
758 964 997 1004 sumus:
1047 953 1209 1023 cujus
1258 953 1339 1008 rei
1388 954 1595 1010 Paulus
1646 957 1805 1011 testis
1841 966 1946 1023 est,
1981 960 2074 1029 qui
2099 960 2204 1028 sic,

600 1038 859 1111 Scripsit:
913 1060 931 1094 ι
955 1042 1146 1114 Igitur,
1183 1043 1328 1100 sicut
1368 1061 1467 1118 per
1497 1048 1661 1103 unius
1687 1046 1949 1106 delictum
1973 1053 2028 1106 in
2057 1068 2178 1107 om-

598 1132 701 1192 nes
750 1133 1005 1190 homines
1030 1136 1084 1190 in
1138 1136 1686 1204 condemnationem,
1746 1142 1827 1197 sic
1880 1144 2045 1199 etiam
2078 1161 2180 1215 per

602 1222 768 1280 unius
797 1226 1068 1297 justitiam
1113 1227 1167 1282 in
1199 1244 1391 1285 omnes
1424 1231 1479 1286 in
1506 1230 1961 1301 justiﬁcationem
2022 1235 2171 1293 vitae.

603 1306 758 1372 Sicut
777 1318 924 1372 enim
950 1334 1048 1387 per
1074 1320 1239 1375 unius
1263 1321 1505 1379 hominis
1532 1322 1962 1381 inobedicntiam
1985 1342 2179 1398 pecca-

605 1408 776 1465 tores.
802 1411 1084 1464 constituti
1146 1419 1276 1467 sunt
1305 1413 1504 1480 multi;
1533 1414 1614 1470 sic
1665 1431 1766 1485 per
1806 1417 2178 1475 obedientiam

604 1500 768 1555 unius
788 1501 1170 1574 hominisjusti
1203 1504 1613 1562 constituentur
1638 1507 1795 1562 multi
1817 1508 1862 1540 ⁵³
1885 1550 1897 1563 .
1921 1527 1939 1560 δ
1968 1509 2178 1565 Intelli-

604 1592 689 1664 g‘is
722 1592 889 1663 igitur
921 1595 1100 1649 salvos
1122 1609 1224 1651 nos
1239 1611 1360 1653 esse
1378 1597 1570 1663 factos,
1590 1597 1811 1654 Christo
1841 1606 1903 1654 ut
1923 1600 1980 1655 in
2018 1602 2180 1659 vituli

604 1682 778 1753 ﬁgura
816 1699 917 1753 pro
940 1683 1097 1740 nobis
1126 1695 1372 1752 mortuo,
1410 1686 1505 1742 sed
1526 1703 1627 1757 per
1654 1689 1776 1759 ejus
1807 1689 2180 1746 obedientiam

603 1784 657 1829 et
707 1775 874 1830 vitam
915 1776 970 1830 in
1002 1776 1433 1833 sanctiﬁcatione
1486 1789 1661 1834 actam
1699 1795 1925 1835 suavem
1960 1782 2074 1835 Deo
2116 1797 2181 1837 ac

2281 595 2521 664 ὑπήκοος
2556 595 2720 667 μέχρι
2767 594 3020 656 θανάτου,
3052 613 3070 646 ι
3111 594 3214 664 τῆς
3261 592 3322 659 ἐξ
3361 593 3530 666 Ἀδάμ
3555 597 3819 667 ἀποταξίας

2279 685 2556 754 ἀφανίζων
2604 686 2675 739 τὰ
2727 685 3087 756 ἐγκλήματα,
3130 685 3227 739 καὶ
3269 687 3368 757 τῆς
3420 686 3715 755 εὐπειθείας
3738 692 3821 765 τήν

2279 777 2508 831 εὐωδίαν
2540 778 2616 843 ὼς
2658 778 2799 848 ὑπὲρ
2832 778 3050 832 πάντων
3087 794 3145 831 τε
3187 776 3303 849 ἅμα
3336 777 3432 832 καὶ
3456 777 3593 851 ὑπὲρ
3619 782 3821 839 ἑκάστου

2280 874 2626 943 προσαγήοχε
2662 870 2740 942 τῷ
2764 869 2883 942 Θεῷ
2920 870 3015 924 καὶ
3050 870 3247 941 Πατρὶ,
3275 870 3370 924 καὶ
3392 871 3460 924 δι’
3492 872 3649 926 αὐτοῦ
3675 874 3818 929 used»

2281 963 2456 1034 σμεθα
2481 982 2493 994 ·
2521 965 2616 1017 καὶ
2648 964 2856 1035 μάρτυς
2880 964 2909 1016 ὁ
2934 962 3145 1028 Παῦλος
3180 964 3275 1017 ὡδὶ
3307 964 3600 1035 γεγραφώς
3625 983 3638 997 ·
3673 967 3820 1038 «‘Apa

2278 1051 2393 1119 οὖν,
2426 1054 2501 1119 ὡς
2529 1054 2596 1109 δι’
2630 1055 2747 1120 ἐνὸς
2790 1055 3239 1129 παραπτώματος
3276 1059 3356 1120 είς
3391 1056 3596 1120 πάντας
3648 1056 3821 1129 ἀνθρώ.

2280 1148 2416 1209 πους
2441 1147 2520 1209 εἰς
2554 1145 2891 1217 κατάκριμα,
2929 1144 3074 1199 οὕτω
3118 1146 3213 1199 καὶ
3244 1146 3450 1210 δι’ὲνὸς
3491 1145 3822 1219 δικαιώματος

2279 1238 2360 1300 είς
2406 1237 2617 1302 πάντας
2648 1237 2970 1309 ἀνθρώπους
3026 1240 3104 1302 είς
3146 1237 3432 1291 δικαίωσιν
3458 1237 3599 1308 ζωῆς
3622 1255 3636 1269 ο
3663 1237 3822 1310 ὥσπερ

2278 1328 2388 1400 γὰρ
2413 1328 2500 1384 διὰ
2524 1330 2622 1398 τῆς
2648 1331 2931 1400 παρακοῆς
2962 1328 3055 1383 τοῦ
3086 1329 3206 1395 ἐνὸς
3235 1328 3527 1401 ἀνθρώπου
3547 1330 3823 1402 ἁμαρτωλοί

2280 1421 2696 1493 κατεστάθησαν
2735 1424 2782 1475 οί
2826 1420 3032 1485 πολλοὶ,
3070 1420 3214 1476 οὕτω
3243 1419 3333 1474 διὰ
3364 1419 3465 1489 τῆς
3492 1421 3724 1490 ὑπακοῆς
3747 1420 3825 1474 τοῦ

2281 1511 2399 1577 ἑνὸς
2426 1511 2716 1585 ἀνθρώπου
2742 1512 2942 1568 δίκαιοι
2974 1511 3482 1583 κατασταθήσονται
3516 1513 3563 1565 οἱ
3595 1511 3775 1565 πολλοί.
3806 1530 3821 1566 ο

2281 1604 2478 1675 Συνίης
2511 1600 2604 1658 οῦν
2633 1605 2714 1658 δτι
2771 1603 3090 1673 σεσὼσμεθα
3146 1604 3244 1675 μὲν
3275 1605 3353 1667 ὡς
3379 1602 3436 1656 ἔν
3459 1619 3522 1671 γε
3553 1601 3624 1672 τῷ
3649 1603 3822 1673 μόσχῳ⁹

2279 1695 2578 1759 τεθνεῶτος
2603 1697 2743 1766 ὑπὲρ
2772 1697 2805 1766 ή
2816 1695 2932 1765 μῶν
2973 1694 3069 1749 τοῦ
3104 1694 3344 1766 Χριστοῦ
3372 1734 3389 1759 ,
3419 1692 3758 1765 εὑωδιάζομεν
3779 1693 3824 1747 δίε

2281 1787 2359 1858 τῷ
2382 1787 2501 1858 Θεῷ
2530 1789 2623 1841 καὶ
2655 1789 2829 1857 Πατρὶ
2874 1787 2961 1840 διὰ
2992 1787 3091 1857 τῆς
3119 1788 3401 1856 ὑποταγῆς
3428 1785 3586 1839 αὑτοῦ
3624 1787 3709 1838 καὶ
3744 1785 3826 1852 τῆς

603 1867 754 1922 Patri
800 1867 1029 1923 odorem
1074 1869 1377 1925 redolere?
1422 1870 1559 1925 Nam
1607 1871 1675 1926 ad
1715 1881 1966 1926 sanctum
2009 1873 2180 1928 altare

2285 1848 2343 1933 ἐν
2368 1848 2625 1950 ἁγιασμῷ
2652 1848 2823 1949 ζωῆςς
2858 1848 3181 1951 Προσεέείτο
3207 1848 3317 1950 γάρ
3428 1872 3565 1949 αἷμα
3587 1875 3672 1930 τοῦ
3693 1848 3825 1947 κριοῦ

604 1959 796 2014 arietis
825 1976 992 2015 cruor
1019 1960 1431 2015 effundebatur.

674 2050 873 2108 PALL.
907 2051 1095 2106 Teneo
1115 2051 1263 2120 quod
1293 2050 1452 2105 dicis.

675 2138 834 2197 CYR.
863 2141 1131 2197 Eumdem
1184 2155 1320 2196 vero
1353 2150 1415 2195 ut
1448 2140 1609 2196 nobis
1647 2142 1799 2197 varie
1836 2146 2096 2212 tanquam
2127 2143 2184 2199 in

608 2234 821 2289 umbris
849 2233 1161 2305 ellingeret:
1192 2235 1257 2290 Et
1281 2250 1484 2300 sumes,
1542 2235 1742 2305 inquit,
1776 2236 2007 2291 arietem
2048 2228 2185 2292 alte-

606 2329 752 2388 rum,
784 2322 879 2394 qui
909 2324 1075 2379 etiam
1103 2324 1168 2378 ad
1202 2323 1460 2379 eumdem
1490 2324 1715 2379 modum
1745 2340 1854 2396 quo
1884 2325 2057 2396 prior,
2082 2326 2183 2379 im-

602 2416 863 2482 molatur,
904 2417 1239 2488 ungiturque
1266 2416 1472 2483 Aaron,
1496 2420 1783 2488 canusque
1810 2417 2183 2490 subjectorum

604 2503 685 2560 illi
745 2505 1095 2562 sacerdotum
1148 2506 1547 2574 sanctiﬁcatur,
1584 2508 1849 2579 sanguine
1896 2509 1963 2563 ad
2001 2517 2183 2564 extre-

604 2611 724 2653 mas
743 2597 970 2654 dextras
1002 2613 1201 2655 manus
1229 2605 1287 2654 et
1338 2612 1504 2656 aures
1546 2608 1602 2656 et
1627 2601 1799 2671 pedes
1843 2600 2017 2656 illito:
2052 2616 2182 2656 san-

603 2674 881 2744 ctiﬁcatur
928 2690 1095 2744 etiam
1151 2690 1511 2747 sacerdotum
1579 2692 1720 2747 stola
1778 2692 2044 2763 sanguine
2097 2707 2184 2747 re-‘

604 2796 820 2851 spersa:
853 2789 970 2837 tum
999 2780 1247 2851 reliquus
1265 2782 1490 2854 sanguis
1515 2783 1612 2839 Dei
1639 2785 1797 2855 jussu
1827 2784 1894 2839 ad
1912 2784 2084 2840 basim
2105 2785 2184 2840 al-

606 2872 741 2927 taris
760 2871 1036 2927 funditur.
1064 2872 1372 2929 Sumuntur
1425 2875 1628 2932 deinde
1674 2875 1934 2933 intestina
1971 2887 2029 2933 et
2052 2893 2180 2950 azy-

602 2973 728 3019 mus
748 2963 905 3034 panis
938 2971 995 3020 et
1019 2964 1274 3035 laganum
1314 2983 1505 3033 unum,
1554 2969 1718 3025 ambo
1747 2970 1842 3025 lita
1893 2969 2035 3034 oleo,
2085 2985 2179 3025 ea-

603 3071 711 3127 que
750 3057 867 3112 suis
895 3057 1154 3113 manibus
1207 3058 1463 3130 imposita
1485 3060 1669 3117 Aaron
1705 3062 1935 3134 ejusque
1968 3056 2065 3117 ﬁlii
2096 3061 2179 3117 af-

2284 1969 2363 2038 τῷ
2397 1968 2539 2040 ἁγίῳ
2569 1969 2962 2040 θυσιαστηρίῳ.

2354 2057 2563 2112 ΠΑΛΛ.
2587 2057 2817 2128 Συνίημι
2841 2057 2869 2111 ὃ
2915 2061 3041 2129 φής.

2355 2138 2518 2202 ΚΥΡ.
2565 2148 2927 2221 Πολυτρόπως
2969 2150 3026 2204 δὲ
3057 2148 3149 2203 τδν
3177 2137 3342 2202 αὒτδν
3370 2149 3503 2219 ἡμῖν
3526 2145 3831 2200 διαπλάττων

2283 2241 2360 2304 ὡς
2394 2242 2453 2294 ὲν
2482 2243 2661 2305 σκιαῖς
2684 2258 2699 2273 ο
2727 2242 2840 2295 Καὶ
2861 2240 3026 2313 λήψῃ,
3063 2240 3221 2310 φησὶ.
3251 2240 3413 2311 κριὸν
3455 2240 3547 2292 τὸν
3588 2237 3826 2307 δεύτερον,

2285 2332 2377 2386 καὶ
2407 2333 2706 2403 πράττεται
2736 2333 2833 2403 μὲν
2859 2332 2946 2386 ἐπ’
2975 2331 3126 2402 αὐτῷ
3155 2330 3293 2386 κατὰ
3317 2331 3414 2385 τὸν
3437 2329 3646 2401 πρῶτον
3665 2330 3697 2398 ὴ
3715 2343 3831 2397 σφα-

2283 2426 2376 2495 γή.
2410 2423 2782 2496 Καταχρίεται
2811 2423 2867 2478 δὲ
2902 2424 3131 2496 Ἀαρὼν,
3181 2424 3277 2478 καὶ
3331 2423 3404 2477 τὸ
3449 2423 3538 2475 ὑπ’
3575 2419 3713 2489 αὐτῷ
3746 2418 3836 2472 τῶν

2286 2516 2479 2588 ἱερέων
2519 2515 2805 2585 ἁγιάζεται
2846 2516 3051 2584 στίφος,
3093 2515 3489 2585 ἐπιτιθεμένου
3519 2514 3608 2568 τοῦ
3641 2515 3835 2584 αἵματος

2283 2606 2370 2659 ἐπ’
2403 2606 2593 2678 ἄκροις
2616 2605 2799 2677 χειρὸς
2830 2605 2925 2658 καλ⁵
2946 2604 3129 2668 ὠτίου,
3160 2605 3256 2659 καὶ
3290 2604 3414 2675 μὴν
3445 2602 3537 2657 καὶ
3570 2598 3715 2665 ποδὸς
3745 2598 3835 2652 τῶν

2282 2696 2473 2762 δεξιῶν
2496 2716 2510 2731 ·
2581 2696 2870 2766 ἁγιάζεται
2906 2697 2965 2750 δὲ
3011 2696 3109 2749 καὶ
3137 2696 3245 2748 τῶν
3278 2694 3542 2765 ἱερέωνή
3575 2691 3722 2762 στολὴ
3750 2706 3833 2743 κα-

2283 2788 2736 2860 ταρῥαντισθεϊσα
2770 2782 2850 2859 τῷ
2883 2787 3095 2857 αἵματι,
3142 2782 3261 2840 εἶτα
3294 2786 3399 2839 τοῦ
3433 2785 3699 2844 λείποντος
3726 2784 3827 2856 ἐπι·

2284 2879 2651 2952 προχεομένου
2702 2882 2769 2951 τῇ
2819 2878 2971 2950 βάσει
3029 2876 3124 2932 τοῦ
3181 2877 3610 2949 θυσιαστηρίου,
3640 2870 3835 2929 κατὰτὸ

2282 2972 2402 3041 Θεῷ
2453 2970 2645 3025 δοκοῦν
2673 3011 2687 3034 ,
2748 2971 3194 3040 ἀπολαμϐάνεται
3247 2969 3318 3023 τά
3362 2986 3433 3023 τε
3482 2967 3716 3023 ἐντὸσθια
3744 2965 3823 3018 καὶ

2282 3054 2490 3132 ἄζυμος
2535 3060 2698 3133 ἄρτος
2749 3063 2844 3115 καὶ
2895 3060 3130 3129 λάγανον
3169 3060 3263 3114 ἒνο
3295 3048 3474 3130 ἄμφω
3509 3058 3564 3113 δὲ
3595 3053 3658 3129 ἦν
3684 3055 3835 3109 ἐλαιό-

603 3147 817 3215 i'e‘runt;
855 3149 1057 3221 excipit
1077 3158 1260 3206 autem
1288 3152 1619 3226 sacriﬁcium
1661 3163 1718 3210 et
1754 3153 1919 3209 otl‘ert
1946 3154 2176 3227 Moyses.

2285 3146 2447 3209 δευτα
2475 3170 2489 3184 ⁸
2541 3155 2634 3207 καὶ
2682 3152 3113 3225 προεκκομίζουσι
3170 3152 3269 3223 μὲν
3313 3152 3372 3205 ἑν
3413 3151 3597 3223 χερσὶν
3623 3148 3836 3209 ἐνθέντες

602 3241 828 3296 Armum
848 3251 1116 3312 praeterea
1169 3253 1334 3316 atque
1372 3247 1754 3317 pectusculum
1798 3246 1980 3318 inquit
2022 3247 2182 3303 attri-

602 3332 697 3388 bni
717 3344 970 3404 oportere
989 3337 1285 3403 sacerdoti,
1316 3347 1373 3394 et
1411 3339 1555 3394 inter
1582 3348 1833 3410 separata
1876 3340 2178 3395 numerari.

602 3424 815 3481 Nomen
841 3435 1026 3482 autem
1052 3436 1139 3483 est
1154 3429 1206 3483 ei
1241 3430 1536 3496 sacriﬁcio,
1566 3431 1727 3487 Aries
1755 3431 2185 3487 consummatio-

604 3517 712 3572 nis.
746 3502 995 3575 lncensis
1027 3519 1268 3592 denique
1304 3522 1605 3587 intestinis,
1659 3525 1933 3596 reliquum
1983 3528 2183 3594 corpus

604 3624 729 3664 cum
760 3610 996 3680 panibus
1047 3612 1252 3678 editur,
1280 3622 1338 3670 et
1361 3615 1629 3687 reliquiae,
1650 3630 1772 3688 quae
1814 3615 1871 3670 in
1900 3622 2181 3686 posterum

602 3702 749 3758 diem
794 3690 1223 3775 superfuissent,
1252 3707 1363 3778 igni
1415 3709 1842 3775 comburuntur;
1890 3708 1972 3765 sic
2008 3709 2159 3763 enim

604 3798 773 3853 sacrm
794 3797 995 3854 littera:
1016 3799 1328 3855 continent.

674 3982 871 4041 PALL.
904 3983 1075 4054 Quam
1104 3983 1326 4042 abditus
1352 3988 1438 4042 εει
1459 3985 1550 4042 hic
1593 3987 1891 4059 Scriptura:
1921 3987 2104 4043 locus!

674 4072 833 4134 CYR.
861 4078 1031 4135 Recte
1059 4077 1302 4133 indicas:
1333 4077 1557 4134 abditus
1598 4085 1683 4134 est
1706 4077 1857 4133 enim
1902 4094 2052 4143 sane,
2085 4079 2182 4134 sed

604 4170 852 4230 continet
882 4179 1064 4227 tamen
1090 4169 1298 4227 Christi
1323 4169 1663 4242 mysterium.
1687 4169 1889 4225 Factus
1911 4179 1995 4224 est
2022 4185 2180 4224 nam-

604 4274 712 4331 que
730 4259 890 4315 nobis
904 4259 1049 4315 aries
1065 4259 1572 4325 consummationis,
1587 4274 1711 4314 cum
1744 4258 1801 4313 in
1824 4258 1969 4313 omni
1995 4266 2180 4314 rerum

604 4353 937 4423 optimarum
959 4367 1164 4423 genere
1208 4368 1310 4407 nos
1359 4351 1643 4407 absolutos
1705 4358 1871 4421 atque
1904 4349 2183 4420 perfectos

605 4444 837 4509 reddat,
866 4453 925 4500 et
961 4459 1061 4515 per
1095 4443 1588 4499 sanctiﬁcationem
1624 4443 1681 4497 in
1712 4442 1911 4513 spiritu
1956 4442 2183 4497 virtuti-

2290 3245 2447 3311 ἰδίαις
2473 3246 2522 3300 οἱ
2556 3246 2697 3314 ἀμφὶ
2718 3245 2810 3299 τὸν
2854 3243 3086 3316 Ἀαρὼν,
3115 3242 3449 3313 ἀποδέχεται
3477 3240 3645 3311 δὲτὴν
3669 3237 3836 3293 θυσίαν

2283 3339 2377 3392 καὶ
2426 3337 2687 3410 ἀναφέρει
2727 3335 2946 3407 Μωσῆς.
2977 3336 3099 3388 Δεῖν
3125 3334 3182 3387 δὲ
3212 3334 3348 3404 πρὸς
3371 3332 3588 3396 τούτοις
3605 3331 3701 3401 ἔφη
3723 3329 3835 3401 βρα-

2283 3428 2436 3502 χίονα
2478 3429 2574 3482 καὶ
2626 3426 2914 3499 στηθήνιον
2950 3424 3350 3480 ἀποτάττεσθαι
3382 3424 3468 3497 τῷ
3511 3422 3659 3497 ἱερεῖ,
3684 3421 3769 3476 καὶ
3787 3421 3836 3473 ὲν

2287 3518 2450 3591 μοίρᾳ
2468 3517 2684 3573 κεῖσθαι
2716 3516 2825 3571 τῶν
2856 3507 3297 3588 ἀφαιρουμένων.
3334 3506 3552 3586 ’ὒνομα
3580 3513 3636 3567 δι
3664 3510 3734 3582 τῷ
3752 3509 3835 3564 θύ-

2287 3628 2438 3681 ματι,
2480 3610 2634 3681 κριὸς
2667 3607 3020 3671 τελειώσεως.
3057 3606 3495 3678 Τεθυμιαμὲνων
3525 3605 3584 3660 δὲ
3625 3603 3726 3658 τῶν
3768 3603 3838 3656 ὲν-

2282 3702 2535 3766 τοσθίων,
2583 3702 2644 3756 τὸ
2673 3700 2860 3755 λοιπὸν
2890 3701 2988 3754 σὺν
3020 3699 3206 3771 ἄρτοις
3237 3698 3481 3752 ἐσθίεται
3521 3696 3692 3767 σῶμα,
3720 3690 3838 3764 πυρὶ

2284 3793 2739 3865 κατακαιομένων
2777 3792 2885 3846 τῶν
2919 3793 3001 3856 είς
3045 3790 3108 3844 τὸ
3155 3788 3302 3862 πρωῒ
3326 3784 3834 3859 καταλελειμμένων.

2287 3887 2442 3956 Ἔχει
2468 3885 2578 3957 γὰρ
2610 3878 2712 3938 ὧδε
2739 3883 2800 3937 τδ
2830 3882 3069 3954 γράμμα
3103 3880 3166 3935 τὸ
3198 3880 3364 3953 ίερόν.

2353 3978 2562 4032 ΠΑΛΛ.
2603 3975 2690 4040 Ὠς
2721 3973 2886 4045 βαθὺς
2915 3973 3153 4042 ὁλόγοςί

2351 4070 2515 4125 ΚΥΡ.
2553 4069 2731 4138 Ἐφης
2751 4066 2927 4138 ὀρθῶς
2951 4083 2965 4097 ·
3009 4065 3176 4137 βαθὺς
3195 4064 3304 4137 γὰρ
3333 4065 3399 4138 δὴ
3431 4065 3573 4130 λίαν,
3603 4056 3768 4117 ὡδίνει
3789 4057 3840 4112 δὲ

2285 4162 2392 4234 μὴν
2432 4160 2494 4215 τδ
2525 4158 2762 4232 Χριστοῦ
2796 4158 3114 4229 μυστήριον.
3152 4156 3346 4225 Γέγονε
3375 4157 3487 4228 γὰρ
3533 4156 3662 4226 ἡμῖν
3703 4150 3839 4224 κριὸς

2280 4250 2613 4314 τελειώσεως
2638 4250 2719 4313 είς
2757 4249 2867 4302 πᾶν
2886 4245 3066 4301 ὁτιοῦν
3096 4245 3203 4300 τῶν
3226 4245 3467 4318 ἀρίστων
3498 4244 3691 4317 ἀρτίως
3717 4241 3842 4311 ἕχον-

2282 4364 2380 4410 τας
2422 4343 2768 4413 ἀποφαίνων,
2816 4339 2911 4396 καὶ
2941 4340 3418 4410 ὲκπρεπεστάτους
3446 4340 3504 4392 ὲν
3544 4337 3756 4408 ἀρεταῖς
3780 4329 3840 4385 δι’

2285 4433 2558 4506 ἀγιασμοῦ
2589 4435 2647 4489 ὲν
2678 4431 2967 4503 πνεύματι,
3001 4430 3096 4484 καὶ
3135 4430 3242 4501 πρό
3274 4445 3338 4499 γε
3359 4430 3469 4483 τῶν
3494 4428 3667 4483 ἄλλων
3690 4421 3841 4491 ἀκοὴν

604 4535 709 4590 bus
756 4511 997 4607 insignes
1035 4533 1261 4601 eﬂiciat;
1309 4542 1367 4590 et
1414 4543 1543 4591 ante
1589 4533 1694 4589 alia
1741 4511 1906 4588 aures
1960 4533 2181 4605 adjiciat

2287 4528 2386 4599 μὲν
2426 4524 2623 4590 ενθεις,
2655 4522 2753 4594 τὴν
2789 4521 3041 4591 εὐλογίας
3092 4521 3299 4593 πλήρη,
3336 4521 3610 4580 τουτέστιο
3652 4512 3747 4584 τὴν
3772 4511 3843 4607 εῖν

602 4616 763 4696 397
788 4624 1172 4681 benedictione
1193 4627 1406 4697 plenas,
1430 4625 1551 4681 illas
1572 4640 1770 4695 nempe
1796 4624 2183 4694 obtemperan-

603 4724 686 4772 tes
710 4723 766 4772 et
790 4715 999 4779 faciles,
1026 4725 1084 4771 et
1105 4716 1173 4771 ad
1196 4717 1315 4787 ejus
1336 4715 1560 4786 quidem
1584 4715 1836 4788 dogmata
1861 4714 2180 4786 excipienda

603 4808 850 4878 paratas,
890 4807 1263 4863 insusurratas
1302 4822 1438 4862 vero
1483 4822 1655 4878 nugas
1696 4815 1753 4862 et
1792 4806 2182 4862 exsecrandam

602 4898 994 4954 nonnullorum
1048 4898 1466 4966 loquacitatem,
1518 4898 1613 4969 qui
1661 4897 1952 4953 veritatem
2005 4912 2183 4968 oppu-

603 4997 772 5063 gnant
798 4996 854 5047 et
896 5004 1022 5045 cum
1063 4987 1228 5044 rectis
1260 4988 1529 5056 dogmatis
1564 4988 1771 5045 bellum
1832 4996 2050 5060 gerunt,
2080 4989 2186 5044 mi-

602 5084 751 5140 nime
798 5082 1134 5139 sustinentes
1174 5079 1268 5134 :is
1314 5077 1461 5133 enim
1503 5086 1588 5135 est
1631 5081 1846 5135 aurium
1877 5086 2189 5136 Sanctarum

603 5174 836 5232 fructus.
883 5173 1064 5245 Atque
1101 5172 1189 5227 vir
1234 5169 1592 5226 admirandus
1633 5171 1874 5227 Joannes
1921 5171 1994 5227 ita
2029 5173 2192 5228 nobis

604 5265 776 5321 ferme
816 5263 896 5319 ait
929 5280 942 5317 :
985 5282 1003 5314 ‹
1042 5260 1284 5326 Fratres,
1318 5257 1547 5331 probate
1595 5258 1846 5329 spiritus,
1894 5260 1940 5315 si
1973 5274 2040 5315 ex
2078 5260 2191 5315 Deo

602 5365 732 5411 sunt
780 5373 794 5410 :
842 5355 1023 5410 omnis
1082 5352 1345 5425 spiritus,
1411 5349 1506 5422 qui
1567 5364 1678 5405 non
1740 5349 2032 5407 conﬁtetur
2092 5350 2184 5407 Je-

604 5462 724 5503 sum
755 5445 1056 5510 Christum,
1082 5461 1149 5501 ex
1188 5443 1301 5501 Deo
1335 5458 1445 5498 non
1485 5450 1599 5509 est;
1631 5450 1690 5498 et
1716 5441 1896 5497 omnis
1934 5442 2181 5513 spiritus,

605 5538 700 5612 qui
724 5538 1016 5595 conﬁtetur
1044 5539 1230 5595 Jesum
1259 5536 1562 5601 Christum,
1594 5550 1662 5592 ex
1690 5536 1804 5593 Deo
1829 5543 1916 5592 est
1940 5535 2011 5590 ⁸³.
2038 5555 2057 5588 ι
2085 5524 2183 5591 Ni-

606 5627 681 5685 hil
716 5636 900 5684 autem
921 5630 1027 5691 est,
1051 5642 1161 5697 quo
1188 5627 1391 5682 melius
1414 5626 1580 5682 verba
1628 5626 1935 5699 probentur
1964 5632 2019 5681 et
2053 5640 2182 5681 exa-

2285 4619 2446 4690 πειθῆ
2497 4618 2593 4672 καὶ
2629 4616 2861 4688 εὐήνιον,
2902 4615 2998 4668 καὶ
3035 4611 3357 4683 ἐπιτηδείως
3400 4610 3503 4682 μὲν
3525 4609 3746 4680 ἔχουσαν
3772 4603 3843 4665 είς

2287 4709 2603 4783 παραδοχὴν
2642 4707 2753 4762 τῶν
2775 4706 2907 4777 περὶ
2929 4703 3095 4760 αὑτοῦ
3125 4703 3433 4774 δογμάτων,
3464 4701 3568 4755 οὐκ
3603 4691 3841 4767 άνεχομέο

2287 4818 2385 4872 νην
2411 4799 2468 4854 δὲ
2482 4796 2727 4870 ψιθύρων
2761 4796 3119 4868 τερετισμῶν,
3140 4794 3235 4848 καὶ
3266 4793 3518 4864 μυσαρᾶς
3529 4786 3845 4857 ἀθυρογλωσ·

2291 4893 2433 4956 σίας,
2462 4892 2529 4964 ἡν
2552 4889 2618 4945 ἂν
2646 4888 2881 4944 ποιοῖντό
2904 4904 3051 4951 τινες
3074 4890 3141 4959 τῇ
3169 4885 3400 4958 ἀληθείᾳ
3425 4883 3741 4955 μαχόμενοι,
3761 4872 3842 4929 καὶ

2284 4987 2398 5048 τοῖς
2447 4984 2546 5055 τῆς
2590 4982 2881 5055 ὀρθότητος
2917 4978 3306 5047 ἀντεξάγοντες
3348 4977 3617 5046 δόγμασιν
3637 4989 3652 5004 ο
3692 4967 3841 5033 ἀκοῆς

2286 5074 2396 5147 γὰρ
2431 5074 2497 5145 δὴ
2526 5068 2685 5127 τοῦτο
2716 5071 2818 5140 τῆς
2849 5069 3010 5138 ἁγίας
3047 5069 3283 5141 καρπός.
3318 5067 3427 5122 Καὶ
3457 5065 3568 5136 μὴν
3611 5059 3842 5124 Ἰωάννης

2286 5164 2418 5237 ἡμῖν
2447 5168 2476 5219 ὁ
2500 5163 2781 5229 θεσπέσιος
2814 5156 2917 5217 ὧδέ
2937 5163 3012 5234 πή
3044 5179 3231 5233 φησιν·
3262 5180 3281 5214 ι
3335 5156 3606 5226 Ἀδελφοὶ,
3637 5147 3843 5219 δοκιμά-

2286 5257 2407 5322 ζετε
2438 5257 2508 5310 τὰ
2536 5256 2843 5328 πνεύματα,
2869 5256 2918 5308 εί
2946 5254 3012 5308 ὲκ
3037 5252 3132 5307 τοῦ
3159 5252 3294 5307 Θεοῦ
3323 5253 3438 5306 ἐστι
3461 5266 3476 5281 ·
3508 5249 3617 5301 πᾶν
3647 5240 3843 5309 πνεῦμα

2288 5349 2318 5403 δ
2337 5350 2410 5419 μὴ
2430 5346 2682 5418 ὁμολογεῖ
2724 5344 2932 5418 Ἰησοῦν
2951 5346 3207 5418 Χριστὸν,
3231 5345 3297 5398 ὲκ
3319 5343 3410 5398 τοῦ
3439 5339 3580 5393 Θεοῦ
3605 5338 3702 5392 οὐκ
3721 5333 3841 5419 ἔστι.

2291 5417 2529 5495 καὶ-πᾶν
2558 5417 2839 5509 πνεῦμαίὸ
2865 5417 3119 5510 ὁμολογεῖ
3136 5434 3347 5507 Ἰησοῦν
3391 5430 3653 5502 Χριστὸν,
3681 5427 3742 5478 ὲκ
3765 5417 3845 5473 τοῦ

2290 5521 2427 5585 Θεοῦ
2452 5531 2589 5585 ἐστι.
2624 5549 2643 5582 ι
2683 5524 2927 5594 Βάσανος
2970 5527 3028 5583 δὲ
3065 5526 3328 5601 ῥημάτων
3363 5522 3666 5595 πράττοιτο
3696 5514 3757 5569 ἂν
3782 5510 3848 5562 εἰ·

2291 5616 2464 5691 κδτως
2519 5627 2616 5698 οὐχ
2646 5625 2845 5697 ἑτέρως
2887 5623 2947 5677 τὲ
2979 5638 3068 5677 ποι
3106 5619 3306 5693 μᾶλλον
3337 5617 3368 5690 ἢ
3403 5617 3489 5680 είς
3520 5608 3637 5676 οῦς.
3679 5607 3847 5674 “Af!”

680 5808 724 5839 "
778 5802 1013 5875 Philipp.
1073 5818 1131 5867 ιι,
1174 5801 1223 5856 8.
1303 5803 1347 5835 ⁸³
1401 5803 1557 5859 Rom.
1596 5821 1647 5871 ι’,
1697 5803 1905 5872 l8,19.
1983 5803 2026 5837 ³³
2060 5806 2105 5862 ll
2142 5806 2181 5860 ,Ιι

2287 5848 2295 5858 .
2324 5765 2398 5870 ιν,
2434 5804 2548 5860 1-5.
