4110 6298
348 343 447 399 761

1067 336 1156 396 DE
1193 341 1636 400 ADOBATIONE
1673 344 1743 401 IN
1780 344 2053 404 SPlRlTU
2087 345 2178 403 ET
2213 347 2582 404 VERITATE.
2622 347 2753 404 LIB.
2789 348 2882 404 XI.

3530 350 3634 409 76!

352 459 416 530 δὴ
445 457 537 513 οῦν
575 456 730 512 ἕσται
766 455 830 510 τὸ
852 450 945 520 οὖς
978 457 1091 521 τοῖς
1129 458 1231 529 τῆς
1255 457 1548 532 ἀκριϐείας
1601 462 1698 516 καὶ
1723 461 1932 533 δογμαο

2047 460 2337 528 mineutur,
2390 477 2557 533 quam
2595 477 2778 518 aures.
2832 461 3046 518 Sancta:
3093 461 3204 517 sint
3248 458 3415 533 igitur
3461 475 3625 519 aures

353 550 513 620 τικῆς
532 548 825 619 ὀρθότητος
857 546 1236 621 ἐπιμεληταῖς.
1285 550 1448 606 Ἀλλὰ
1468 550 1626 609 τοῦτό
1653 555 1769 609 ἐστι
1803 555 1938 628 Χριο

356 641 483 698 σποῦ
523 639 586 694 τὸ
635 639 809 712 δῶρον
838 642 932 695 καὶ
966 640 1138 707 ξένιον
1168 642 1422 715 οὐρανοῦ,
1467 647 1562 699 καὶ
1600 645 1939 718 κατόρθωσις

355 733 587 805 αἵματος
615 731 711 786 τοῦ
755 732 914 802 ἁγίου
936 749 949 761 ·
983 736 1242 788 ἁπάντων
1276 736 1386 808 γὰρ
1415 739 1552 808 ἡμῖν
1582 737 1692 793 τῶν
1724 737 1940 811 ἐξαιρέ-

350 844 462 881 των
498 827 532 896 ἡ
566 826 764 894 κτῆσις
794 827 853 878 ἐν
880 826 1031 898 αὐτῷ
1077 844 1139 880 τε
1183 830 1281 882 καὶ
1330 829 1398 882 δι’
1429 828 1615 885 αὑτοῦ.
1647 828 1941 904 Τοιγάρτοι

354 918 447 974 καὶ
506 916 629 989 χεὶρ
679 916 959 988 ήγιὰζετο,
998 919 1314 992 πρακτικῆς
1362 921 1643 994 ἐνεργείας
1677 923 1939 993 παραδειυ

359 1010 544 1079 κτικὴ,
581 1009 678 1062 καὶ
714 1007 895 1079 μέντοι
946 1010 1042 1061 καὶ¹
1081 1009 1237 1074 ποῦς,
1269 1011 1369 1083 τῆς
1412 1012 1470 1065 ὲν
1509 1014 1754 1085 τροχιαῖς
1782 1013 1967 1087 όρθό-.

358 1117 521 1171 τητος
570 1098 836 1172 σύμϐολον
867 1101 1116 1173 ἐναργές.
1155 1103 1361 1172 Ἀγίοις
1408 1104 1519 1177 γὰρ
1568 1108 1717 1178 ἡμᾶς
1759 1106 1942 1179 ἔργοις

362 1186 818 1264 ἓπισεμνύνεσθαι
846 1193 972 1266 χρὴ,
1002 1195 1094 1248 καὶ
1116 1194 1438 1269 διαστείχειν
1459 1195 1519 1252 εὖ
1557 1200 1702 1270 μάλα
1729 1200 1831 1273 τὴν
1859 1202 1941 1267 είς

361 1287 469 1338 πᾶν
506 1284 685 1340 ὁτιοῦν
711 1286 819 1340 τῶν
849 1286 1195 1358 ἀρεσκόντων
1220 1288 1341 1361 Θεῷ
1379 1289 1702 1346 διάττουσαν
1727 1292 1939 1367 τρίϐον,

361 1375 504 1431 ama
525 1376 585 1429 τὸ
610 1378 666 1430 ἐν
693 1373 940 1449 Ψαλμοῖς
969 1377 1247 1449 ᾀδόμενον,
1276 1400 1295 1432 t
1332 1381 1442 1434 Καὶ
1470 1383 1782 1456 ἐπέστρεψα
1814 1388 1943 1453 τοὺς

363 1469 532 1534 πόδας
563 1486 664 1539 μου
694 1469 773 1534 είς
793 1470 860 1522 τὰ
892 1471 1169 1543 μαρτύριὰ
1191 1489 1307 1539 σου,
1340 1493 1359 1527 ι
1390 1475 1560 1546 ἤγουν
1597 1478 1660 1531 τὸ
1693 1478 1752 1532 ὲν
1773 1478 1942 1552 βίϐλῳ

364 1558 707 1632 Παροιμιῶν,
747 1581 765 1613 ι
831 1561 1027 1628 Ὀρθὰς
1056 1564 1281 1637 τροχιὰς
1323 1567 1466 1621 ποίει
1513 1570 1626 1632 σοῖς
1656 1570 1805 1635 ποσὶ,
1846 1574 1941 1627 καὶ

360 1652 461 1716 τὰς
506 1652 656 1716 ὁδούς
694 1670 786 1707 σου
806 1653 1128 1711 κατεύθυνε.
1167 1677 1186 1709 ι
1227 1658 1529 1730 Κεκτήσθω
1558 1661 1622 1733 δὴ
1652 1656 1746 1716 οῦν
1775 1662 1834 1716 τὸ
1868 1665 1943 1716 ie-

362 1745 456 1817 ρὸν
487 1747 581 1801 καὶ
607 1746 906 1802 ἁπόλεκτον
947 1747 1102 1817 γένος
1134 1751 1293 1819 ἁγίαν
1332 1752 1430 1823 μὲν
1460 1752 1650 1826 ἀκοὴν,
1684 1754 1843 1827 χεῖρὰ
1878 1773 1939 1809 τε

358 1835 563 1906 ὁμοίως
586 1837 682 1890 καλ⁵
712 1837 847 1891 πόδα
877 1840 1018 1894 κατὰ
1048 1857 1110 1909 γε
1139 1842 1262 1905 τοὺς
1296 1843 1497 1914 ἀρτίως
1525 1846 1658 1915 ἡμῖν
1712 1826 1940 1918 εἰρημέ-
1973 1826 2015 1881 Β

358 1947 486 1992 νους
514 1928 752 2001 τρόπους
778 1947 792 1961 ο
824 1929 974 1996 δεξιὰ
1000 1949 1059 1984 τε
1085 1933 1276 2001 ξπόιντα
1310 1934 1574 2006 χριόμενα
1628 1936 1720 1990 καὶ
1761 1937 1838 2001 ὡς
1882 1938 1941 1992 ὲν

362 2019 529 2093 μοίρᾳ
550 2024 617 2093 τῇ
649 2021 869 2093 λοίσθῳ,
890 2024 1191 2093 τουτέστιν,
1213 2027 1273 2079 ἐν
1292 2026 1501 2099 ἄκροις.
1526 2027 1600 2081 Τὸ
1636 2028 1746 2098 γὰρ
1772 2029 1942 2101 ἄκρον

359 2112 497 2183 φησι
520 2112 614 2197 τοῦ
646 2113 804 2181 ὠτὸς,
825 2115 919 2168 καὶ
949 2117 1056 2186 μὴν
1078 2116 1172 2170 καὶ
1198 2117 1357 2183 ποδὸς
1387 2119 1482 2173 καλ⁵
1503 2120 1685 2193 χειρός
1710 2138 1723 2151 ·
1755 2122 1943 2178 ἅπασα

357 2206 490 2278 γὰρ,
514 2202 692 2278 οἶμαι,
725 2207 925 2279 πρᾶξις
960 2209 1140 2282 ἀγαθὴ
1167 2211 1392 2280 γενναία
1419 2212 1479 2267 τέ
1513 2215 1630 2267 ἐστι
1658 2214 1752 2269 καὶ
1768 2214 1941 2284 δεξιὰ,

357 2299 420 2353 τὸ
451 2298 527 2363 ὡς
571 2301 630 2354 ὲν
664 2300 959 2373 φαυλότητι
995 2303 1182 2357 σκαιὸν
1233 2304 1336 2360 οῦκ
1384 2305 1606 2376 ἔχουσα,
1639 2310 1736 2361 καὶ
1779 2308 1943 2382 μέχρι

355 2393 471 2448 τῶν
496 2394 702 2465 ἄκρων,
734 2395 765 2449 ὃ
791 2397 910 2449 ἐστι
940 2396 1103 2468 μέχρι
1132 2398 1334 2462 παντὸς
1373 2399 1492 2471 ἦτοι
1525 2400 1733 2466 τέλους.
1763 2403 1944 2474 Προσ-

360 2487 488 2558 ήκει
536 2488 644 2560 γὰρ
675 2484 815 2542 εἶναι
860 2486 1068 2554 δεξιοὺς
1100 2492 1158 2544 ὲν
1187 2491 1447 2564 ἁγιασμῷ
1488 2493 1616 2559 τοὺς
1647 2492 1766 2566 Θεῷ
1809 2495 1945 2549 καθς

365 2579 693 2651 ιερωμένους
735 2579 898 2653 μέχρι
933 2581 1134 2646 παντὸς
1163 2585 1220 2636 ὲν
1247 2583 1515 2657 ὑπομονῇ.
1546 2603 1566 2638 ι
1609 2586 1670 2640 '0
1706 2586 1816 2659 γὰρ
1844 2589 1946 2660 ἀρ-

367 2670 616 2745 ξάμενος,
665 2674 851 2744 φησὶν,
890 2673 1051 2745 ἔργον
1084 2675 1288 2743 ἁγαθδν
1330 2678 1389 2731 ἑν
1430 2676 1581 2749 ὑμῖν,
1628 2678 1946 2737 ἐπιτελεσὰ-

365 2780 465 2818 τω.
500 2782 520 2814 ι
555 2763 824 2820 Ἕκτοπον
851 2764 909 2820 δὲ
950 2765 1072 2821 λίαν
1104 2768 1199 2821 καὶ
1230 2768 1291 2822 τὸ
1311 2768 1506 2824 ἁνόπιν
1537 2769 1712 2825 ίέσθαι
1742 2773 1945 2843 τρόπον

362 2855 484 2909 τινὰ
542 2855 917 2928 διαπεραίνειν
976 2857 1270 2925 ὀκνοῦντας
1318 2860 1381 2914 τὸ
1439 2860 1664 2932 ἀγαθόν.
1723 2864 1945 2936 Ἐπειδὴ

362 2947 421 3001 δὲ
467 2947 548 3012 είς
583 2947 755 3003 τύπον
790 2948 927 3004 Θεοῦ
979 2951 1205 3023 Μωσῆς,
1237 2953 1673 3025 προσκομίζουσι
1721 2955 1821 3028 μὲν
1845 2956 1944 3029 τὴν

363 3040 557 3095 Θυσίαν
596 3042 644 3096 οί
691 3041 835 3113 ἀμφὶ
877 3042 970 3097 τὸν
1022 3043 1255 3117 Ἀαρὼν,
1292 3046 1615 3118 ὑποδέχεται
1659 3048 1716 3102 δὲ
1758 3049 1941 3116 αὐτὸς,

2039 555 2205 608 Certae
2247 552 2497 608 veritatis
2542 559 2599 609 et
2641 561 2921 609 rectorum
2965 551 3280 623 dogmatum
3324 548 3624 606 studiosis:

2039 640 2096 698 id
2123 657 2292 713 porro
2320 642 2528 700 Christi
2571 643 2776 700 donum
2824 651 2929 709 est,
2959 650 3016 698 et
3056 642 3281 698 caeleste
3308 655 3532 706 munus,
3574 647 3634 696 et

2038 732 2213 790 sancti
2258 734 2408 790 illius
2438 736 2722 806 sanguinis
2767 749 2949 805 opus:
2979 748 3106 788 nam
3140 747 3333 789 omnes
3366 747 3457 788 res
3489 746 3629 803 praes

2037 827 2216 884 claras
2238 826 2293 883 in
2321 827 2440 899 ipso
2462 836 2520 883 et
2542 844 2644 899 per
2669 829 2850 898 ipsum
2875 827 3289 897 consequimur.
3318 826 3557 896 Ideoque
3577 831 3629 881 et

2038 935 2235 975 manus
2281 919 2748 986 sanctiﬁeabatur,
2785 935 2907 991 quae
2951 928 3038 974 est
3071 920 3140 974 ad
3189 918 3531 990 operandam
3575 924 3633 973 et

2050 1009 2383 1065 ‘ﬂieieudum
2410 1018 2555 1081 apta,
2578 1018 2634 1065 et
2655 1025 2773 1081 pes,
2797 1010 2891 1079 qui
2918 1017 3194 1063 rectorum
3215 1022 3502 1081 gressuum
3519 1010 3634 1064 evi-

2043 1101 2183 1157 dens
2216 1109 2302 1157 est
2327 1102 2544 1174 signum
2574 1116 2640 1157 ac
2667 1108 2819 1165 nota,
2843 1100 2921 1155 De
2945 1099 3149 1155 sanctis
3176 1099 3325 1155 enim
3349 1099 3509 1155 factis
3531 1113 3634 1155 no-

2040 1191 2127 1249 bis
2149 1195 2378 1265 gloriam
2404 1209 2601 1265 parare
2634 1200 2874 1263 oportet,
2900 1200 2957 1248 et
2985 1207 3086 1263 per
3109 1207 3232 1247 eam
3260 1192 3512 1246 semitam
3546 1190 3635 1244 in-

2040 1286 2368 1352 cedendum,
2395 1302 2520 1358 quae
2547 1302 2648 1341 nos
2671 1286 2738 1341 ad
2771 1301 2838 1341 ea
2863 1284 3068 1350 omnia,
3097 1298 3220 1355 quae
3249 1283 3362 1338 Deo
3394 1282 3632 1352 placent,

2041 1379 2450 1449 compendiaria
2478 1377 2568 1434 via
2602 1377 2892 1450 perducat,
2925 1379 3082 1449 juxta
3110 1376 3187 1443 id,
3216 1376 3365 1448 quod
3398 1376 3454 1431 in
3480 1375 3635 1431 Psal-

2040 1471 2147 1527 mis
2172 1470 2389 1527 eanitur
2419 1488 2432 1523 :
2476 1489 2494 1522 ι
2525 1471 2588 1526 Et
2621 1470 2870 1530 converti
2910 1470 3079 1541 pedes
3116 1483 3270 1526 meos
3300 1469 3356 1523 in
3385 1469 3659 1529 testimo-.

2039 1564 2133 1619 nia
2161 1572 2253 1619 tua
2281 1563 2356 1629 ”;
2407 1581 2424 1616 ι
2456 1571 2512 1618 et
2544 1563 2700 1629 illud,
2732 1563 2878 1635 quod
2914 1563 2969 1619 in
3017 1563 3163 1619 libro
3208 1561 3636 1618 Proverhiorum

2041 1654 2278 1711 habetur
2312 1674 2324 1710 :
2359 1674 2377 1708 ι
2413 1656 2617 1711 Reetos
2641 1671 2863 1728 gressus
2900 1656 2986 1711 fac
3013 1656 3248 1727 pedibus
3280 1654 3413 1720 tuis,
3441 1663 3497 1709 et
3521 1653 3639 1709 vias

2043 1755 2167 1803 tuas
2208 1748 2382 1819 dirige
2423 1749 2491 1803 ⁸⁸.
2533 1768 2553 1801 ι
2587 1749 2774 1805 Genus
2818 1749 2987 1820 igitur
3032 1764 3249 1804 sacrum
3297 1757 3354 1802 et
3397 1747 3638 1802 electum

2042 1847 2259 1896 sanctas
2284 1855 2450 1895 aures
2478 1841 2701 1906 habeat,
2734 1856 2956 1895 manum
2981 1840 3238 1895 similiter
3261 1855 3325 1894 ac
3352 1837 3546 1909 pedem
3571 1837 3639 1892 iis

2042 1950 2183 2007 quos
2197 1936 2310 2008 jam
2330 1934 2573 1992 diximus
2590 1935 2791 2000 modis,
2815 1935 3116 2006 dextraque
3140 1935 3323 1990 omnia
3346 1940 3637 2003 peruncta,

2042 2035 2100 2082 et
2146 2035 2409 2098 tanquam
2464 2041 2682 2083 summo
2724 2026 2868 2091 loco,
2895 2025 2950 2079 id
2989 2035 3095 2091 est,
3129 2027 3185 2080 in
3220 2024 3500 2080 extremis.
3529 2022 3639 2079 Ex-

2045 2128 2284 2175 tremum
2329 2120 2479 2175 enim
2523 2119 2705 2189 inquit
2762 2118 2913 2173 auris
2937 2158 2952 2183 ,
2985 2126 3042 2173 et
3081 2118 3270 2189 pedis,
3306 2126 3363 2173 et
3400 2131 3596 2172 manus
3622 2154 3638 2170 .

2043 2211 2224 2268 omnis
2265 2212 2415 2267 enim
2457 2212 2601 2266 actio
2640 2210 2852 2281 proba,
2900 2226 3021 2265 mea
3058 2210 3282 2281 quidem
3334 2208 3638 2273 sententia,

2044 2313 2269 2360 strenua
2301 2319 2367 2360 ac
2409 2305 2602 2358 dextra
2642 2311 2749 2368 est,
2782 2302 3029 2372 nihilque
3065 2303 3135 2359 de
3174 2303 3311 2358 vitio
3353 2302 3641 2358 sinistrum

2043 2395 2231 2462 habet,
2262 2405 2320 2452 et
2356 2411 2531 2467 usque
2564 2395 2635 2451 ad
2684 2404 2950 2459 extrema,
2985 2394 3041 2449 id
3074 2403 3180 2460 est,
3226 2404 3497 2466 perpetuo
3542 2410 3640 2450 seu

2044 2488 2113 2544 ad
2138 2487 2301 2544 ﬁnem
2326 2505 2501 2561 usque
2519 2488 2847 2560 porrigitur.
2877 2486 2981 2556 Qui
3005 2487 3154 2542 enim
3189 2487 3304 2542 Deo
3331 2486 3641 2543 consecrati

2046 2587 2213 2645 sunt,
2240 2594 2338 2635 eos
2362 2579 2421 2634 in
2450 2579 2886 2635 sanctiﬁcatione
2938 2578 3164 2634 dextros
3207 2592 3328 2633 esse
3356 2586 3414 2633 et
3441 2590 3641 2648 perpe-h

2045 2680 2141 2727 tuo
2162 2680 2582 2743 perseverantes
2601 2671 2882 2727 convenit.
2924 2690 2942 2722 ι
2976 2668 3081 2737 Qui
3115 2669 3343 2740 incepit,
3386 2688 3405 2721 ι
3434 2668 3639 2739 inquit,

2051 2783 2071 2817 ι
2105 2780 2243 2836 opus
2269 2765 2477 2821 bonum
2506 2764 2562 2820 in
2597 2764 2776 2829 vobis,
2806 2761 3057 2834 perficiat
3085 2761 3155 2816 ³⁷.
3194 2780 3214 2814 ι
3246 2758 3417 2815 Valde
3453 2769 3641 2815 autem

2043 2854 2350 2910 absurdum
2417 2861 2523 2918 est,
2589 2861 2893 2908 retrorsum
2968 2849 3167 2905 cedere
3229 2846 3638 2919 quodammodo

2043 2944 2175 3001 boni
2211 2946 2395 3018 operis
2424 2944 2748 3017 perﬁciendi
2778 2946 3065 3016 pertatsos.
3100 2940 3229 3007 Sed,
3253 2940 3512 3012 quoniam
3543 2938 3643 2995 Dei

2046 3038 2450 3110 ﬁguram-gerit.
2490 3037 2723 3108 Moyses,
2769 3035 3009 3091 afferunt
3045 3032 3272 3104 quidem
3313 3026 3643 3087 sacriﬁcium

361 3134 526 3188 οἱονεί
554 3153 670 3200 πως
699 3134 834 3189 Θεοῦ
876 3136 970 3190 καὶ
1008 3136 1097 3191 διὰ
1120 3138 1275 3193 τοῦδε
1303 3141 1828 3211 κατασημαίνοντος,
1860 3143 1943 3195 ὅτι

2047 3128 2228 3183 Aaron
2251 3135 2307 3183 et
2333 3129 2453 3198 ejus
2496 3127 2627 3192 ﬁlii,
2655 3126 2749 3182 sed
2775 3125 2868 3180 ille
2892 3124 3154 3194 suscipit;
3183 3139 3291 3194 qua
3319 3124 3375 3178 in
3410 3138 3469 3177 re
3498 3121 3645 3178 Deus

358 3225 473 3280 τῶν
540 3224 715 3291 οὕτως
762 3229 1112 3300 ήγιασμένων
1174 3229 1273 3293 τὰς
1330 3231 1424 3285 ἐπὶ
1473 3232 1695 3303 Χριστῷ
1755 3233 1945 3299 θυσίας

368 3321 651 3391 μονονουχὶ
673 3322 766 3374 καὶ
784 3322 892 3377 ἁπὸ
923 3322 1105 3395 χειρὸς
1133 3323 1215 3387 είς
1258 3326 1417 3396 χεῖρα
1440 3324 1672 3393 δέξεται,
1718 3327 1813 3380 καὶ
1847 3330 1949 3383 οὐκ

365 3410 672 3479 ἀπαξιώσει
704 3413 765 3467 τὸ
789 3415 979 3487 χρῆμα
998 3431 1012 3448 ·
1043 3414 1281 3488 Χριστοῦ
1308 3415 1419 3488 γὰρ
1439 3415 1552 3487 ἔχει
1575 3417 1676 3489 τὴν
1699 3418 1945 3485 εὐωδίαν,

364 3502 673 3570 καὶτοῦτο,
711 3501 865 3577 οἶμαι
887 3546 902 3571 ,
937 3504 1084 3560 ἔστιν
1131 3508 1165 3578 ἡ
1211 3505 1321 3560 τῶν
1369 3506 1660 3562 ὲντοσοίων
1699 3508 1950 3579 ἀναφορὰ

367 3597 731 3668 θυμιωμένων
765 3597 934 3669 αύτῷ.
988 3599 1299 3671 Ἀφαίρεμα
1350 3599 1409 3653 δὲ
1446 3598 1524 3671 τῷ
1559 3601 1703 3672 ἱερεῖ
1752 3602 1950 3673 στηθύ-

365 3706 499 3753 νιον,
557 3689 651 3741 καὶ
705 3687 947 3760 βραχίων
994 3689 1102 3743 ἁπδ
1137 3689 1230 3743 τοῦ
1270 3688 1427 3761 κριοῦ
1466 3689 1566 3760 τῆς
1588 3688 1946 3756 τελειώσεως.

365 3781 479 3835 Καὶ
517 3779 757 3852 βραχίων
789 3780 888 3851 μὲν
920 3778 1102 3852 ἰσχύος
1138 3781 1205 3834 ἂν
1224 3781 1308 3854 εἴη
1342 3780 1629 3852 σύμὸολον,
1665 3781 1949 3853 στηθύνιον

365 3874 424 3927 δὲ
460 3872 686 3945 καρδίας
724 3873 820 3927 καὶ
863 3871 1098 3942 νεφρῶν.
1140 3872 1360 3926 Δέδοται
1388 3873 1446 3927 δὲ
1478 3872 1557 3944 τῷ
1584 3874 1728 3946 ἁγίῳ
1763 3892 1821 3928 τε
1851 3877 1948 3930 καὶ

368 3962 503 4035 ἱερῷ
540 3962 685 4033 γένει
736 3962 1002 4033 Χριστὸς,
1034 3961 1262 4033 δύναμις
1303 3962 1401 4017 καὶ
1438 3963 1602 4033 σοφία
1651 3964 1803 4036 παρὰ
1850 3965 1945 4019 τοῦ

365 4055 505 4111 Θεοῦ
539 4056 630 4110 καὶ
659 4055 895 4127 Πατρός.
943 4056 1015 4110 Ἣ
1055 4056 1157 4110 οὐκ
1204 4057 1262 4111 ὲν
1294 4056 1445 4129 αύτῷ
1497 4057 1652 4128 σοφοί
1678 4057 1740 4112 τέ
1782 4060 1950 4131 ἐσμεν

366 4150 460 4204 καὶ
497 4150 639 4218 ἄγαν
668 4147 944 4211 εὐσθενεῖς
962 4165 979 4215 ;

440 4328 647 4382 ΠΑΛΛ.
698 4324 824 4388 Πῶς
851 4324 961 4397 γὰρ
985 4324 1046 4378 οῦ
1069 4342 1084 4391 ;
1109 4325 1423 4397 γέγραπται
1448 4324 1556 4397 γὰρ
1580 4326 1663 4381 ὅτι
1690 4325 1947 4397 Χριστὸς,

366 4419 505 4473 Θεοῦ
560 4419 788 4490 δύναμις
828 4417 923 4473 καὶ
953 4414 1090 4470 Θεοῦ
1135 4418 1314 4486 σοφία,
1343 4417 1565 4487 γέγονεν
1602 4419 1736 4489 ἡμῖν
1775 4416 1952 4472 ταῦτα

369 4528 447 4564 πα
454 4509 525 4582 ρὰ
548 4508 641 4564 τοῦ
676 4508 834 4564 Θεοῦ.

442 4603 605 4657 ΚΥΡ.
662 4601 804 4675 ’Ῑερὰ
834 4601 892 4656 δὲ
939 4599 1145 4673 βρῶσις
1175 4601 1287 4662 τοίς
1325 4598 1403 4662 είς
1436 4597 1777 4669 λειτουργίαν
1807 4598 1950 4666 ἐξει-

371 4694 653 4765 λεγμένοις
681 4694 750 4750 τὰ
789 4693 946 4767 κρέα.
986 4692 1207 4746 Δέδοται
1249 4690 1306 4744 δὲ
1334 4693 1449 4755 τοῖς
1486 4688 1716 4761 ἀζύμοις
1767 4689 1952 4763 ἄρτοις

371 4786 530 4856 ὁμοῦ,
563 4785 996 4858 ωμμετὲχοντος
1028 4782 1243 4846 οὐδενος
1285 4781 1395 4836 τῶν
1445 4781 1770 4850 ἀλλογενῶν,
1817 4782 1874 4853 ἢ,
1903 4782 1952 4836 εί

374 4875 534 4930 τοῦτο
572 4875 717 4948 δρῴη
765 4893 867 4940 τις,
919 4876 1014 4929 καὶ
1061 4873 1476 4946 τεθνηξομένου.
1509 4874 1724 4943 Ψυχαῖς
1749 4872 1856 4945 γὰρ
1886 4871 1952 4927 ἂν

376 4967 575 5038 πρέποι
623 4971 739 5031 ταῖς
784 4969 957 5040 ίεραῖς
999 4968 1060 5022 τὸ
1093 4968 1150 5022 ἐν
1184 4966 1399 5039 μεθέξει
1454 4966 1700 5037 γίνεσθαι
1747 4966 1954 5039 τροφῆς

375 5060 570 5128 ἁγίας,
624 5059 892 5123 τουτέστι,
947 5059 1040 5114 τοῦ
1092 5061 1343 5132 σώματος
1398 5058 1493 5113 τοῦ
1539 5058 1797 5131 Χριστοῦ,
1857 5059 1952 5113 καὶ

375 5149 673 5222 ἀπρόσιτος
719 5153 830 5214 τοῖς
868 5150 1213 5219 ἁλλογενέσιν
1242 5154 1275 5223 ὴ
1303 5150 1542 5220 εὐλογία.
1585 5151 1776 5204 Νοοῖτο
1806 5150 1852 5204 δ’
1887 5147 1954 5203 ἂν

377 5243 689 5313 ὲτερογενὲς
742 5242 834 5297 καὶ
858 5241 918 5295 τὸ
939 5242 1169 5297 ἄπιστον
1191 5242 1272 5296 ἔτι
1298 5244 1391 5297 καὶ
1417 5243 1750 5297 ἀϐάπτιστον
1775 5241 1952 5311 γένος,

377 5335 474 5389 καὶ
527 5335 665 5407 πρὸς
696 5334 908 5397 τούτοις
952 5334 1031 5387 ἔτι
1066 5334 1127 5387 τὸ
1169 5332 1606 5405 ὲξεστραμμένον
1644 5336 1724 5398 είς
1773 5333 1959 5405 ἐτερόο

377 5443 549 5499 φρονα
579 5429 724 5494 νοῦν,
755 5428 848 5480 καὶ
874 5429 999 5490 ταῖς
1025 5425 1134 5478 τῶν
1157 5426 1330 5495 ἁγίων
1351 5426 1665 5496 ἁσύμύατον
1689 5425 1954 5498 γνώμαις,

380 5521 475 5575 καὶ
518 5520 592 5584 ὡς
620 5522 677 5574 ὲν
709 5519 1004 5589 φαυλότητι
1029 5518 1312 5587 δογμάτων
1334 5518 1813 5589 διεσχοινισμένον.
1851 5520 1957 5573 Δα-

380 5614 617 5666 πανᾶται
658 5613 716 5666 δὲ
756 5611 853 5663 καὶ
881 5610 1013 5680 πυρὶ
1044 5611 1151 5663 πᾶν
1184 5610 1306 5661 ὅσον
1341 5609 1458 5661 ἐστὶ
1493 5612 1592 5681 τῆς
1620 5609 1808 5674 θυσίας
1839 5610 1951 5663 λεί⁴

2048 3217 2453 3291 quodammodo
2483 3217 2752 3288 designat,
2778 3232 2835 3271 se
2856 3231 3070 3280 eorum,
3094 3214 3192 3286 qui
3214 3214 3289 3268 ita
3310 3212 3638 3269 sanctiﬁcati

2050 3320 2198 3377 sunt,
2229 3310 2411 3365 oblata
2461 3309 2517 3364 in
2565 3308 2787 3365 Christo
2821 3307 3090 3363 sacriﬁcia
3128 3305 3530 3378 propemodum
3574 3303 3645 3359 de

2048 3404 2306 3461 manibus
2349 3402 2404 3457 in
2443 3417 2640 3457 manus
2675 3409 3056 3472 accepturum,
3089 3398 3256 3470 398
3281 3412 3460 3468 neque
3495 3395 3642 3461 fore,

2050 3506 2111 3552 ut
2138 3496 2193 3552 id
2220 3512 2423 3552 munus
2456 3493 2810 3565 dedignetur,
2841 3492 2989 3564 quod
3030 3491 3238 3548 Christi
3285 3489 3441 3546 suavi
3473 3488 3647 3544 odore

2050 3592 2122 3647 sit
2153 3591 2444 3662 praaditum
2476 3608 2488 3643 :
2518 3590 2704 3660 idque,
2738 3597 2801 3644 ut
2846 3590 3067 3660 opinor,
3099 3596 3185 3643 est
3229 3588 3643 3643 interaneorum

2050 3683 2278 3747 oblatio,
2307 3698 2428 3753 qum
2449 3683 2528 3737 illi
2559 3681 2953 3737 incenduntur.
2983 3681 3317 3751 Separantur
3345 3688 3526 3735 autem
3551 3694 3641 3734 sa-

2050 3776 2261 3833 cerdoti
2297 3775 2680 3847 peetusculum
2705 3780 2761 3829 et
2780 3790 2969 3829 armus
2992 3773 3059 3828 ab
3081 3773 3255 3828 ariete
3291 3786 3644 3827 consumma-

2052 3870 2238 3926 tionis.
2270 3870 2339 3926 Et
2371 3885 2560 3925 armus
2586 3868 2790 3923 virium
2823 3883 2944 3923 esse
2969 3875 3098 3922 uota
3124 3871 3327 3936 potest,
3353 3871 3649 3935 pectuscu—

2052 3962 2166 4018 lum
2196 3978 2328 4018 vero
2353 3961 2537 4017 cordis
2567 3976 2633 4017 ac
2664 3976 2881 4016 renum.
2914 3959 3084 4014 Datus
3111 3965 3197 4013 est
3235 3963 3420 4012 autem
3457 3963 3648 4010 saneto

2052 4072 2319 4128 sacroque
2347 4056 2535 4127 generi
2564 4054 2818 4112 Christus
2861 4070 2892 4109 a
2927 4054 3042 4110 Deo
3068 4068 3133 4108 ac
3174 4053 3357 4116 Patre,
3384 4050 3562 4105 virtus
3590 4058 3648 4104 et

2052 4147 2340 4219 sapientia.
2371 4148 2454 4203 An
2482 4162 2616 4202 vero
2642 4162 2752 4204 nou
2785 4145 2840 4198 in
2872 4159 2941 4198 eo
2963 4144 3239 4214 sapientes
3267 4156 3333 4195 ac
3357 4139 3530 4194 fortes
3551 4154 3648 4193 su-

2050 4255 2176 4296 mus
2193 4240 2217 4294 ?

2122 4329 2322 4386 PALL.
2352 4328 2552 4396 Quidni
2587 4328 2797 4383 simus?
2839 4326 3104 4397 scripturn
3150 4328 3241 4378 est
3281 4321 3452 4387 enim,
3484 4319 3648 4376 Chri-

2054 4430 2199 4478 stum
2224 4423 2323 4477 Dei
2347 4422 2610 4475 virtutem
2631 4434 2752 4475 esse
2804 4417 3013 4487 Deique
3035 4414 3384 4485 sapientiam,
3412 4427 3651 4483 cumque

1979 4509 2024 4564 D
2054 4513 2169 4569 haec
2198 4513 2359 4569 nobis
2382 4529 2413 4567 a
2437 4513 2554 4568 Deo
2583 4510 2787 4566 factum
2816 4524 2942 4564 esse
2973 4508 3037 4562 ⁸⁸.

2117 4604 2276 4661 CYR.
2313 4605 2452 4660 Esca
2486 4616 2659 4674 porro
2703 4615 2859 4657 saera
2902 4597 3223 4654 hominibus
3255 4596 3323 4651 ad
3354 4596 3453 4651 Dei
3483 4593 3648 4650 mini-

2048 4697 2279 4755 sterium
2303 4696 2494 4753 electis
2521 4709 2716 4750 carnes
2749 4701 2898 4756 sunt,
2935 4706 3114 4760 eaque
3138 4689 3302 4744 simul
3327 4704 3452 4744 cum
3481 4687 3653 4743 infer-

2050 4789 2310 4846 mentatis
2335 4788 2575 4859 panibus
2598 4786 2743 4851 data,
2772 4785 2926 4839 nullo
2950 4781 3257 4853 alienigena
3282 4780 3351 4836 ad
3378 4781 3498 4851 ejus
3526 4795 3655 4849 par-

2049 4880 2423 4952 ticipationem
2448 4878 2688 4934 admisso
2710 4918 2725 4943 ,
2759 4885 2877 4941 aut,
2899 4875 2943 4931 si
2969 4874 3093 4945 quis
3126 4872 3182 4928 id
3218 4871 3460 4935 fecisset,
3485 4870 3648 4926 etiam

2060 4973 2353 5028 morituro.
2387 4971 2584 5026 Saeros
2609 4968 2754 5023 enim
2784 4966 2998 5022 animos
3025 4964 3185 5020 decet
3206 4977 3327 5018 esse
3353 4970 3555 5017 sanetae
3582 4959 3651 5013 il»

2057 5066 2166 5122 lius
2188 5080 2347 5127 escae,
2377 5064 2430 5118 id
2458 5070 2563 5127 est,
2595 5059 2843 5133 corporis
2875 5056 3079 5115 Christi
3110 5054 3442 5125 participes;
3471 5066 3652 5119 neque

2058 5155 2382 5227 alienigenis
2429 5154 2561 5209 licet
2591 5152 2660 5208 ad
2702 5150 3146 5208 benedictionem
3179 5144 3467 5201 accedere.
3501 5141 3650 5195 Alie-

2058 5264 2191 5303 num
2215 5263 2384 5318 porro
2420 5263 2595 5318 genus
2622 5243 2832 5301 censeri
2864 5247 3064 5312 potest,
3097 5246 3211 5291 tum
3241 5234 3377 5290 illud
3428 5231 3649 5287 inﬁdele

2056 5348 2112 5397 et
2144 5338 2493 5411 baptismatis
2536 5351 2757 5407 expers,
2805 5342 2921 5387 tum
2966 5336 3232 5400 praeterea
3268 5325 3402 5381 illud
3436 5325 3650 5380 diversa

2058 5431 2317 5504 opinione
2347 5442 2691 5500 perversum,
2728 5433 2785 5478 et
2805 5439 2835 5476 a
2867 5427 3181 5475 sanctorum
3212 5417 3496 5471 hominum
3522 5429 3648 5468 sen-

2058 5521 2229 5578 tentia
2259 5521 2553 5582 dissidens,
2588 5533 2653 5573 ae
2691 5516 3007 5585 dogmatum
3041 5509 3390 5581 improbitate
3433 5507 3645 5577 disjun-

2059 5623 2229 5669 etum.
2266 5612 2648 5668 Absumuntur
2690 5614 2875 5662 autem
2908 5604 3018 5675 igni
3056 5618 3246 5659 omnes
3277 5598 3528 5658 sacriﬁcii
3558 5611 3648 5652 re-

454 5800 497 5830 ”
528 5795 864 5862 PSRLCSVIII,
908 5793 991 5851 59.
1044 5796 1114 5870 _"
1151 5794 1309 5851 Prov.
1345 5810 1414 5863 iv,
1455 5794 1558 5863 26;
1595 5794 1763 5864 Hebr.
1793 5811 1885 5861 xu,
1926 5794 1947 5850 1

2089 5793 2132 5826 ⁵⁷
2163 5790 2401 5863 Philipp.
2441 5803 2479 5856 ι,
2518 5788 2568 5843 6.
2648 5786 2691 5819 ⁸⁸
2726 5785 2746 5841 l
2781 5783 2907 5840 Cor.
2939 5798 2978 5850 ι,
3017 5781 3106 5838 2i.
