4110 6298
611 326 717 385 765
1639 328 1695 385 S.
1736 328 2014 388 CYBILLI
2052 330 2525 390 ALEXANDRINI
2563 329 2880 389 ARClllEP.

615 438 817 507 liquim,
856 438 924 493 iis
959 452 1030 493 ne
1055 443 1277 509 postero
1298 437 1520 510 quidem
1550 437 1639 495 die
1665 442 1810 497 vesci
1839 437 2180 513 permittente

2293 444 2482 515 ψανον,
2510 446 2610 499 οὐκ
2658 445 2900 515 ἐφιέντος
2934 442 3137 497 ἐσθίειν
3183 443 3277 498 τοῦ
3326 446 3485 517 νόμον
3531 452 3618 505 καὶ
3650 455 3720 519 εἰς
3742 461 3825 531 τὴν

613 532 731 603 lege
769 550 781 585 :
812 533 1047 588 alterum
1072 534 1220 590 enim
1260 535 1708 593 sanctiﬁcationis
1752 536 1974 592 modum
2007 536 2064 591 in
2098 536 2180 593 fu-

2293 536 2483 608 αὕριον
2503 554 2515 566 ·
2546 536 2814 608 ἁγιασμοῦ
2841 534 2969 607 γὰρ,
3000 532 3175 608 οἶμαι,
3199 540 3283 602 τἰς
3318 537 3498 611 ἔτερος
3535 545 3658 613 ἡμῖν
3696 549 3825 610 ἔσται

615 629 741 676 turo
762 624 982 690 saeculo,
1006 634 1070 680 ut
1086 625 1304 696 opinor,
1334 627 1677 692 habebimus,
1700 628 1796 698 qui
1817 643 1926 682 non
1940 628 2051 698 jam
2072 643 2180 685 cor-

2293 629 2493 700 τρόπος
2527 627 2669 683 κατὰ
2706 628 2798 682 τὸν
2839 626 3013 681 αἰῶνα
3060 628 3152 682 τὸν
3194 628 3453 700 μέλλοντα
3485 643 3827 710 πνευματικῶς

613 714 906 783 poraliter,
938 716 1035 770 sed
1074 717 1433 787 spiritualiter
1461 718 1759 784 eﬁicietur,
1789 727 1846 774 et
1871 734 1937 774 ea
1978 719 2180 775 ratione

2295 720 2705 794 ὲνεργούμενος,
2745 721 2927 775 οὐκέτι
2962 723 3310 793 σωματικῶς,
3352 725 3445 779 καλ⁵
3492 728 3608 781 καθ’
3650 732 3701 784 ὃν
3733 732 3825 793 οἶδε

611 818 775 872 quam
810 806 964 860 novit
1000 807 1112 872 ille,
1147 808 1239 878 qui
1271 810 1455 864 omnia
1484 811 1738 863 immutat
1770 809 1936 875 Deus,
1969 817 2027 865 et
2051 825 2180 881 quo-

2292 810 2449 880 λόγον
2493 811 2521 864 ὁ
2554 812 2729 867 πάντα
2777 809 3197 882 μετασκευάξων
3248 812 3401 877 Θεὸς,
3450 815 3543 867 καὶ
3590 812 3733 890 οἷπερ
3773 825 3827 878 ἂν

612 906 829 962 cunque
850 896 1103 963 voluerit,
1135 899 1411 955 transfert.
1450 900 1547 954 llis
1583 909 1765 955 autem
1790 901 1974 956 verbis
1993 902 2180 973 adjun-

2295 904 2533 976 βούλοιτο
2571 904 2895 976 μετατιθείς.
2931 904 3162 974 Ἕψεται
3194 905 3251 958 δέ
3285 922 3370 968 τις
3397 909 3508 971 τοῖς
3546 908 3709 978 λόγοις
3746 915 3827 970 οὐκ

612 989 697 1035 cta
725 991 811 1037 est
839 999 949 1039 non
979 985 1161 1057 inepta
1188 989 1545 1059 intelligentia
1566 1006 1580 1055 ;
1605 1006 1753 1056 nam,
1778 991 2056 1047 destructa
2077 993 2180 1064 jam

2293 994 2550 1060 ἀσύνετος
2595 996 2748 1062 νοῦς·
2792 995 3093 1068 λελυμένης
3140 996 3248 1068 γὰρ
3286 998 3343 1051 ὲν
3382 998 3510 1068 ἡμῖν
3534 1000 3627 1070 τῆς
3656 1002 3830 1073 φθορᾶς

2297 1081 2436 1152 μετά
2457 1099 2520 1150 γε
2548 1083 2610 1135 τὸ
2629 1083 2927 1137 ἀναϐιῶναι
2958 1084 3194 1155 τυχδνὲκ
3221 1085 3454 1155 νεκρῶν,
3475 1087 3569 1141 οὐκ
3595 1091 3831 1159 ἀναγκαῖά
3854 1166 3865 1177 κ

2294 1189 2411 1236 πως
2442 1172 2559 1226 ἐστὶ
2588 1174 2658 1226 τά
2682 1173 2748 1226 δι’
2781 1166 2855 1227 ὧν
2886 1173 2951 1227 ἂν
2979 1171 3047 1246 ἧν
3086 1175 3344 1230 δύνασθαι
3382 1176 3708 1249 διαδράσκειν
3750 1186 3831 1237 αύ-

2293 1264 2413 1335 τήν.
2447 1266 2674 1336 Ἕτερος
2699 1265 2763 1337 δὴ
2791 1261 2885 1319 οῦν
2917 1265 3193 1337 ἀγιασμοῦ
3220 1268 3423 1340 τρόπος
3452 1272 3517 1340 τῇ
3545 1272 3633 1324 τοῦ
3664 1276 3827 1346 καιροῦ

2293 1354 2626 1408 καταστάσει
2679 1354 2908 1425 πρέπων
2960 1355 3405 1427 ὲπινοηθήσεται,
3454 1359 3687 1425 συνόντος
3721 1364 3831 1434 ἡμῖν

2292 1443 2387 1499 τοῦ
2426 1444 2683 1516 Χριστοῦ.
2718 1445 2792 1498 Τὸ
2841 1444 2898 1498 δὲ
2939 1446 3020 1510 είς
3046 1445 3170 1500 νοῦν
3196 1442 3331 1518 ἧκον
3369 1448 3628 1514 εἰπόντες,
3652 1454 3752 1515 τοῖς
3776 1454 3830 1506 τὰ

2293 1533 2502 1603 ἀμείνω
2527 1532 2705 1587 νοοῦσι
2740 1535 3238 1606 παραχωρήσομεν.
3286 1536 3399 1597 Καὶ
3430 1537 3565 1608 τάχα
3600 1557 3648 1593 τι
3686 1541 3831 1596 τοιοῦ-

2292 1640 2383 1677 τον
2410 1624 2769 1695 ὑποσημαίνει
2794 1624 2967 1695 λέγων
2983 1627 3011 1679 ὁ
3028 1626 3311 1693 θεσπέσιος
3334 1628 3567 1694 Παῦλος·
3593 1633 3830 1691 (Ὅτανᾶ

2293 1716 2421 1790 ἔλθῃ
2448 1716 2509 1769 τὸ
2528 1716 2752 1783 τέλειον,
2770 1717 2831 1771 τὸ
2860 1719 2926 1772 ὲκ
2959 1718 3160 1789 μέρους
3181 1721 3669 1795 καταργηθήσεται,
3690 1744 3707 1779 ι
3729 1727 3831 1783 ἀντὶ

3550 1812 3564 1842 |

3734 342 3821 404 78l

612 1067 669 1121 in
695 1070 856 1126 nobis
882 1082 1055 1129 morte
1080 1082 1201 1144 post
1224 1078 1685 1133 resurrectionem
1709 1095 1776 1134 ex
1802 1080 2054 1145 mortuis,
2079 1098 2190 1136 non

610 1170 777 1215 erunt
811 1161 902 1217 illa
929 1166 1239 1220 necessaria
1265 1182 1364 1236 per
1387 1183 1509 1237 quae
1538 1177 1770 1224 mortem
1796 1169 2037 1241 eﬂugere
2059 1172 2192 1228 liee-

611 1250 723 1307 bat.
758 1251 912 1307 Alter
945 1254 1112 1325 igitur
1151 1259 1600 1316 sanctiﬁcationis
1636 1263 1831 1319 modus
1866 1264 2014 1319 illius
2049 1272 2188 1319 tem-

608 1342 762 1414 poris
783 1346 948 1400 statui
970 1350 1304 1405 conveniens
1324 1352 1643 1423 cogitandus
1666 1363 1767 1419 est,
1792 1371 1915 1410 cum
1939 1356 2191 1414 Christus

607 1436 895 1492 nobiscum
925 1439 1052 1494 erit.
1093 1440 1230 1497 Cum
1263 1443 1446 1514 igitur,
1479 1445 1624 1515 quod
1654 1447 1815 1502 nobis
1848 1448 1902 1502 in
1949 1457 2189 1504 mentem

608 1527 779 1593 venit,
813 1527 1116 1586 dixerimus
1148 1549 1160 1585 :
1194 1533 1280 1597 iis,
1307 1535 1400 1604 qui
1438 1537 1662 1592 meliora
1696 1538 1999 1609 intelligere
2031 1548 2188 1611 pote-

608 1626 774 1684 runt,
805 1622 1189 1678 concedemus.
1226 1624 1294 1679 Et
1337 1625 1568 1682 fortasse
1607 1629 1875 1698 ejusmodi
1908 1630 2187 1700 quidpiam

610 1707 884 1778 significat
904 1710 1098 1767 beatus
1118 1714 1341 1780 Paulus,
1358 1715 1548 1772 dicens
1571 1735 1584 1771 :
1607 1737 1625 1769 ι
1650 1718 1787 1774 Cum
1813 1720 2025 1774 venerit
2042 1720 2186 1790 quod
2223 1782 2257 1790 __
2293 1716 2406 1790 ἔλθιε

608 1796 911 1866 perfectum
944 1809 1047 1867 est,
1081 1804 1442 1859 evacuabitur
1473 1807 1619 1877 quod
1649 1824 1716 1863 ex
1748 1818 1903 1880 parte
1932 1782 2101 1878 65H-)
2133 1810 2180 1866 id

2291 1782 2421 1873 τοῦ,
2438 1807 2612 1881 πέρας
2634 1782 2745 1874 ἔξει
2770 1809 2863 1863 καὶ
2890 1782 2989 1882 στη
3000 1782 3173 1867 σεται.

604 1896 710 1952 est,
744 1886 907 1944 ﬁnem
941 1891 1166 1949 habebit
1188 1904 1245 1950 et
1277 1896 1558 1952 consistet.

678 1979 874 2035 PALL.
905 1981 1344 2042 Consentaneum
1377 1988 1618 2044 videtur.

678 2070 836 2127 (ΝΒ.
868 2075 1046 2146 Atque
1078 2077 1194 2133 haec
1234 2080 1567 2149 perﬁcienda
1612 2084 1775 2155 399
1807 2102 1926 2142 esse
1961 2087 2099 2144 dixit
2130 2089 2187 2145 in

605 2168 1020 2224 consecratione
1043 2172 1410 2229 sacerdotum.
1433 2175 1786 2250 Congregatis
1804 2191 1984 2236 autem
2009 2200 2189 2240 sacer-

604 2256 827 2313 dotibus
866 2260 1052 2327 Israel,
1086 2273 1141 2319 et
1172 2265 1226 2319 in
1261 2267 1559 2325 Ecclesiam
1603 2273 1866 2335 collectis,
1912 2277 2186 2346 publicam

602 2359 793 2401 eorum
819 2347 1241 2407 declarationem
1270 2354 1387 2410 ﬁeri
1414 2360 1691 2430 praecepit,
1719 2361 1943 2418 dicens:
1974 2385 1991 2415 ‹
2021 2365 2187 2423 Sume

601 2434 783 2491 Aaron
815 2444 871 2492 et
902 2436 1042 2494 ﬁlios
1073 2441 1211 2511 ejus,
1243 2451 1298 2497 et
1325 2444 1506 2500 oleum
1537 2450 1831 2516 unctionis,
1871 2459 1927 2506 et
1951 2452 2186 2508 vitulum

600 2540 702 2595 pro
718 2536 965 2597 peccato,
983 2536 1039 2584 et
1052 2530 1432 2608 duosarietes,
1451 2545 1506 2591 et
1523 2539 1821 2594 canistrum
1847 2558 2183 2614 azymorum,

599 2624 656 2671 et
679 2631 896 2674 omnem
925 2624 1399 2694 congregationem
1426 2642 1663 2684 convoca
1689 2631 1756 2685 ad
1782 2633 1981 2688 ostium
2008 2635 2186 2691 taber-

599 2711 781 2764 naculi
812 2712 1129 2768 testimonii.
1158 2716 1225 2769 Et
1253 2716 1393 2777 dixit
1418 2718 1627 2789 Moyses
1652 2725 2065 2794 congregationi
2092 2745 2105 2781 :
2131 2737 2186 2783 et

598 2799 728 2855 fecit
748 2802 890 2856 sicut
911 2813 1247 2874 praeceperat
1272 2807 1322 2862 ei
1346 2809 1639 2876 Dominus;
1663 2818 1719 2866 et
1738 2824 2067 2871 conventum
2090 2819 2180 2874 ha-

2283 2806 2379 2860 τοῦ
2435 2812 2758 2882 μαρτυρίου.
2812 2815 2924 2867 Kal
2995 2812 3117 2869 εἷπε
3172 2816 3386 2888 Μωσῆς
3436 2823 3501 2891 τῇ
3554 2824 3828 2892 συναγωγῇ

596 2890 795 2946 buitad
814 2893 1015 2947 ostium
1033 2895 1366 2952 tabernaculi
1385 2902 1704 2958 testimonii.
1722 2905 1789 2959 Et
1803 2905 1939 2962 dixit
1952 2908 2179 2981 Moyses:

2287 2896 2404 2968 [καὶ
2435 2900 2657 2972 ἐποίησε
2685 2901 2745 2956 ὃν
2775 2904 2976 2974 τρόπον
3007 2905 3305 2973 συνέταξεν
3341 2890 3497 2980 αὑτῷ
3522 2909 3710 2982 Κύριος
3752 2890 3832 2966 καὶ

596 2981 712 3037 IIoe
740 2991 823 3037 est
849 2984 1102 3051 verbum,
1134 2989 1281 3058 quod
1303 2992 1580 3047 mandavit
1601 2994 1865 3052 Dominus
1892 2998 2101 3074 facere;
2125 3012 2180 3058 et

2285 2990 2674 3060 ἐξεκκλησίασε
2697 2994 2795 3064 τῆν
2817 2996 3138 3068 συναγωγὴν
3168 2999 3261 3052 ἐπὶ
3277 2999 3385 3071 τὴν
3410 3000 3574 3073 θύραν
3603 2981 3694 3074 τῆς
3718 3020 3830 3073 σκη-

597 3072 779 3131 induit
796 3075 1057 3133 decenter
1068 3078 1250 3135 Aaron
1271 3090 1437 3153 atque
1453 3086 1621 3141 etiam.
1639 3071 1971 3156 sacerdotes,
1988 3108 2177 3163 asper-

2283 3083 2380 3153 νῆς
2409 3082 2501 3137 τοῦ
2531 3085 2852 3157 μαρτυρίου.
2890 3087 3000 3141 Kal
3030 3084 3151 3142 εἷπε
3197 3090 3412 3162 Μωσῆς
3532 3071 3690 3147 Τοῦτό
3727 3071 3826 3147 ἐστι

594 3163 773 3234 sitque
809 3166 932 3222 oleo
965 3169 1242 3227 unctionis
1276 3172 1448 3228 altare
1485 3177 1709 3245 septies,
1741 3187 1797 3233 et
1835 3182 2018 3236 omnia
2060 3183 2180 3253 ejus

2278 3172 2340 3225 rb
2392 3174 2543 3246 ῥῆμα
2600 3175 2629 3228 ὃ
2670 3177 2970 3231 ἐνετείλατο
3025 3180 3230 3248 Κύριος
3275 3163 3526 3254 ποιῆσαι.
3560 3186 3661 3238 Kal
3702 3186 3829 3255 ἀμφ·

591 3272 742 3323 vasa,
766 3267 821 3313 et
840 3258 1076 3327 labrum,
1104 3263 1302 3334 inquit,
1329 3265 1741 3323 tabernaculum
1758 3279 1815 3326 et
1836 3273 2038 3338 omnia,
2057 3290 2179 3345 quas

2282 3263 2480 3318 ιέννυσι
2511 3265 2610 3337 μὲν
2646 3268 2704 3321 ὲν
2741 3269 2932 3341 κόσμῳ
2978 3271 3072 3325 τδν
3136 3273 3357 3345 Ααρὼν,
3386 3278 3481 3331 καὶ
3510 3278 3683 3349 μέντοι
3712 3280 3820 3341 τοὺς

593 3351 650 3407 in
673 3368 739 3407 eo
754 3363 932 3420 erant,
952 3365 1008 3412 et
1030 3358 1390 3419 sanetiﬁeavit
1416 3377 1479 3416 ea
1504 3364 1568 3416 η.
1599 3384 1616 3416 ι
1642 3365 1902 3422 Sanctum
1929 3379 2013 3425 est
2028 3373 2176 3428 enim

2281 3358 2480 3428 ἱερέας.
2529 3362 2838 3433 Προσρανεῖ
2865 3365 2923 3418 δὲ
2965 3365 3046 3437 τῷ
3081 3367 3244 3439 ἐλαίῳ
3267 3373 3375 3441 τῆς
3403 3372 3629 3444 χρίσεως
3664 3373 3719 3426 τὸ
3752 3372 3829 3426 θυ-

591 3443 1013 3499 tabernaculum
1037 3446 1283 3517 quidem,
1317 3451 1487 3505 altare
1523 3459 1704 3509 tamen
1745 3458 2176 3518 sanctiﬁcatione

2279 3450 2592 3521 σιαστήριον
2630 3454 2880 3520 ἑπτάκις,
2923 3459 3016 3511 καὶ
3047 3460 3140 3511 ἐπὶ
3174 3461 3358 3515 πάντα
3381 3443 3543 3517 αὖτοῦ
3572 3464 3636 3517 τὰ
3661 3461 3828 3533 σκεύη,

591 3529 831 3621 Spiritus
861 3534 1104 3604 perfecte
1126 3539 1415 3607 praeditum
1438 3550 1541 3606 est,
1574 3560 1685 3599 non
1711 3554 1965 3618 tanquam
1995 3567 2062 3606 ex
2086 3565 2175 3608 ra‘-

2276 3542 2369 3595 καὶ
2417 3543 2508 3596 ἐπὶ
2559 3544 2651 3598 τὸν
2696 3544 2957 3621 λουτῆρα,
3007 3553 3163 3622 φησὶ,
3211 3555 3307 3607 καὶ
3352 3556 3454 3613 τὴν
3507 3557 3720 3627 σκηνὴν,
3746 3529 3829 3608 καὶ

591 3602 880 3678 tioualium
903 3633 1225 3683 naturarum
1255 3646 1487 3687 numero
1511 3634 1628 3705 ejus
1650 3638 1928 3710 particeps
1972 3640 2174 3698 factum

2277 3631 2455 3687 πάντα
2482 3634 2553 3688 τὰ
2579 3636 2637 3690 ὲν
2665 3637 2824 3709 αὐτῇ,
2849 3602 2957 3693 3241'
3502 3602 3825 3716 ’Ay‘ia‘yltp'h

592 3714 794 3785 (neque
826 3716 974 3771 enim
1012 3716 1085 3773 ita
1124 3729 1373 3775 sanctum
1405 3731 1508 3789 est,
1546 3733 1608 3780 ut
1641 3728 1796 3783 verbi
1841 3732 2036 3801 gratia,
2074 3750 2173 3790 an-

2277 3724 2472 3796 σκηνὴ.
2510 3728 2877 3784 καταπλουτεῖ
2903 3732 2961 3785 δὲ
2993 3733 3215 3800 τελείως
3246 3736 3307 3790 τὸ
3345 3737 3717 3810 θυσιαστήριον

589 3804 698 3875 geli
718 3815 936 3873 natura,
959 3817 1019 3863 ut
1038 3809 1279 3866 hominis
1304 3813 1530 3885 anima),
1555 3817 1734 3886 sedex
1756 3830 2011 3877 contactu
2034 3841 2173 3895 quo-

2274 3815 2362 3870 διά
2400 3819 2717 3890 Πνεῦματος
2747 3822 3043 3895 ἀγιασμὸν,
3076 3826 3175 3897 οὐχ
3219 3827 3298 3892 ὡς
3323 3829 3384 3882 ὲν
3424 3829 3573 3895 τάξει
3596 3804 3828 3900 ’μετίσχον

589 3894 883 3952 dammodo
918 3899 1191 3965 sacriﬁcii,
1225 3903 1373 3972 quod
1403 3921 1569 3975 super
1601 3907 1735 3964 illud
1768 3894 2169 3981 imponebatur.

2272 3908 2383 3962 τῶν
2419 3908 2651 3980 λογικῶν
2680 3929 2696 3945 ·
2723 3914 2784 3967 ού
2816 3894 2931 3986 γὰρ
2969 3894 3342 3986 οὓτως-ἀγιον,
3378 3920 3476 3984 ὡς,
3505 3894 3617 3973 οἷον
3643 3894 3825 3979 είπείν.

587 3986 822 4044 Sanctus
847 3997 931 4045 est
952 3992 1099 4046 enim
1116 3993 1281 4048 etiam
1302 3995 1476 4062 locus,
1509 3998 1821 4071 ubicunque
1836 4002 2175 4065 fueritCliri-

2272 4001 2502 4071 ἀγγέλου
2526 4004 2704 4072 φύσις,
2719 4007 2885 4077 ἤγουν
2902 4007 3188 4080 ἀνθρώπου
3204 4010 3351 4083 ψυχή
3375 4030 3389 4044 ·
3418 4013 3532 4067 ἀλλ’
3555 4012 3709 4067 οἱονεί
3725 4027 3827 4074 πως

586 4086 724 4135 stus.
751 4080 1026 4138 Peruncto
1052 4084 1220 4156 igitur
1245 4086 1405 4141 altari
1431 4090 1651 4160 septies,
1676 4092 1782 4148 hoc
1802 4104 1904 4158 est,
1932 4096 2168 4165 abunde,

2271 4089 2332 4154 ἐξ
2384 4092 2601 4161 ἐπαφῆς
2645 4093 2743 4164 τῆς
2783 4095 3167 4168 ἐπιτιθεμένης
3214 4080 3410 4163 Θυσίας
3451 4099 3614 4171 αὐτῷ.
3656 4101 3823 4167 ’Λγιος

583 4169 889 4226 sanctiﬁcat
904 4172 1083 4243 ipsum
1101 4175 1282 4231 Aaron
1303 4195 1315 4230 :
1336 4177 1697 4236 infuditenim
1720 4186 2048 4255 superillum
2071 4206 2168 4245 un-

582 4262 781 4318 ctionis
795 4265 999 4331 oleum,
1013 4283 1078 4323 ac
1094 4277 1356 4339 praeterea
1374 4271 1575 4328 obtulit
1590 4273 1797 4331 hostias
1814 4284 1927 4333 tum
1940 4296 2042 4350 pro
2054 4281 2166 4349 illo,

2271 4271 2465 4341 χρίσας
2495 4273 2558 4343 δὴ
2591 4269 2685 4327 οὖν
2711 4274 2772 4328 τὺ
2802 4274 3185 4350 θυσιαστήριον
3215 4262 3467 4348 ἑπτάκις,
3490 4284 3518 4336 ὅ
3538 4285 3647 4335 ἐστι
3681 4281 3824 4333 πλου-

584 4361 698 4408 tum
719 4372 817 4426 pro
833 4359 953 4428 ejus
969 4357 1094 4415 ﬁliis
1108 4376 1174 4416 eo
1192 4361 1375 4426 modo,
1389 4378 1499 4432 quo
1515 4366 1770 4435 superius
1792 4371 2163 4440 exposuimus.

584 4443 767 4465 Il2-__,,
798 4464 837 4465 κγ
934 4449 956 4465 ιι
1023 4451 1055 4465 ,ο
1340 4454 1373 4465 ο.
1448 4456 1483 4465 -ι
1606 4458 1641 4465 -.
1864 4464 1873 4465 κ

2272 4362 2422 4428 σίως,
2453 4364 2668 4434 ἁγιάζει
2691 4367 2783 4420 τὸν
2809 4368 3020 4440 Ἀαρών
3043 4385 3058 4401 ο
3088 4373 3543 4445 προσεπήντλησε
3570 4374 3672 4444 γὰρ
3693 4369 3822 4442 αὐτῷ
3854 4454 3865 4465 ο

582 4443 679 4500 llis
689 4463 819 4503 vero
830 4449 1107 4518 perfectis,
1120 4454 1381 4524 prteccpit
1395 4456 1577 4511 adhuc
1591 4458 1807 4516 dicens:
1822 4482 1837 4513 ι
1861 4464 1925 4517 Et
1942 4465 2011 4518 ab
2027 4467 2168 4522 ostio

2271 4454 2331 4507 τὸ
2363 4456 2461 4526 τῆς
2490 4456 2723 4527 χρίσεως
2756 4457 2951 4525 ἔλαιον,
2979 4462 3073 4515 καὶ.
3112 4463 3249 4532 πρός
3273 4442 3339 4532 γε
3375 4463 3440 4532 δὴ
3466 4442 3652 4533 τούτῳ-
3675 4476 3822 4534 προσ-

581 4538 916 4596 tabernaeuli
950 4544 1248 4600 testimonii
1277 4563 1388 4601 non
1412 4549 1770 4620 egrediemini
1805 4564 2011 4625 septem
2045 4557 2166 4613 die-

2269 4550 2528 4621 κεκόμικε
2573 4552 2672 4616 τὰς
2724 4553 2912 4618 θυσίας
2948 4555 3048 4620 τὰς
3071 4557 3213 4629 ὑπέρ
3248 4576 3307 4612 τε
3334 4559 3498 4613 αὐτοῦ
3524 4559 3616 4613 καὶ
3636 4557 3734 4610 τῶν
3770 4553 3821 4619 ἐξ

578 4629 703 4696 bus,
730 4647 1016 4703 quousque
1039 4635 1157 4691 dies
1187 4637 1498 4709 impleatur,
1531 4643 1650 4698 dies
1678 4648 2166 4706 consummationis

2269 4642 2430 4696 αὐτοῦ
2480 4645 2623 4699 κατά
2667 4662 2730 4714 γε
2776 4648 2904 4712 τοὺς
2953 4649 3158 4721 ἀρτίως
3195 4653 3328 4721 ἡμῖν
3380 4649 3819 4723 προαποδοθέντας

575 4729 793 4777 vestrae.
839 4722 1056 4793 Septem
1090 4728 1239 4782 enim
1286 4729 1406 4786 dies
1437 4735 1786 4791 consecrabit
1828 4753 2025 4794 manus
2066 4756 2162 4795 ve-

2269 4734 2514 4803 τρόπους.
2568 4736 2783 4809 Ἐπειδὴ
2809 4739 2866 4792 δὲ
2896 4741 2975 4803 είς
3005 4741 3178 4811 πέρας
3201 4739 3339 4815 ἦκτο
3364 4744 3545 4807 ταυτὶ,
3579 4756 3813 4815 προσείπι⁸

2363 1980 2569 2033 ΠΔΛΛ.
2616 1982 2853 2036 Ἔοικεν.

2360 2071 2524 2125 ΚΥΡ.
2567 2071 2736 2125 Ταυτὶ
2771 2073 2870 2143 μὲν
2913 2068 3007 2129 οῦν
3039 2073 3143 2148 ἔφη
3176 2077 3618 2150 ὃιαπεραίνεσθαι
3643 2081 3741 2138 δεῖν
3767 2082 3832 2150 τίς

2287 2162 2388 2233 τὴν
2425 2165 2534 2217 τῶν
2565 2164 2724 2235 ἱερῶν
2762 2164 3062 2223 τελείωσιν.
3111 2169 3611 2244 Συνεγηγερμένων
3658 2174 3710 2229 δὲ
3743 2175 3833 2229 τῶν

2291 2258 2485 2329 ἱερέων
2533 2259 2769 2331 Ἰσραὴλ,
2804 2260 2899 2314 καὶ
2934 2262 3371 2334 συνειλεγμένων
3397 2266 3477 2330 είς
3517 2267 3829 2340 Ἐκκλησίαν,

2286 2351 2385 2420 τὴν
2409 2351 2489 2414 είς
2518 2352 2756 2422 ἐμφανὲς
2800 2353 3076 2421 ἀνάδειξιν
3120 2354 3377 2411 διετύπου
3422 2358 3594 2427 λέγων
3619 2376 3632 2390 ·
3662 2379 3679 2412 ι
3708 2362 3831 2416 Λάϐε

2301 2439 2510 2510 Ἀαρὼν
2562 2442 2657 2495 καὶ
2698 2442 2828 2506 τοὺς
2870 2443 3021 2507 υίοῦς
3066 2444 3254 2511 αὑτοῦ,
3298 2447 3488 2502 καὶτὸ
3539 2449 3706 2504 ἔλαιον
3749 2451 3831 2522 τῆς

2288 2531 2540 2602 χρίσεως,
2569 2535 2663 2588 καὶ
2682 2534 2773 2589 τὸν
2804 2535 3002 2606 μόσχον
3029 2538 3121 2591 τὸν
3146 2540 3276 2611 περὶ
3302 2541 3598 2615 ἁμαρτίας,
3625 2545 3712 2598 καὶ
3728 2545 3832 2610 τοὺς

2286 2621 2378 2675 δύο
2394 2624 2598 2694 κριοὺς,
2616 2626 2787 2679 καὶτὸ
2803 2627 3001 2682 κανοῦν
3029 2629 3137 2683 τῶν
3165 2630 3417 2703 ἀζύμων,
3451 2635 3542 2688 καὶ
3566 2637 3730 2689 πᾶσαν
3749 2636 3830 2705 τὴν

2288 2716 2614 2785 συναγωγὴν
2658 2717 3023 2789 ἔκκλησίασον
3068 2721 3158 2775 ἐπὶ
3187 2722 3286 2795 τὴν
3312 2723 3491 2796 θύραν
3528 2727 3623 2796 τῆς
3656 2727 3831 2798 σκηνῆς

2270 4181 2380 4252 γὰρ
2406 4182 2500 4235 καὶ
2528 4183 2692 4247 τόπος
2732 4186 2788 4238 ὲν
2815 4180 2967 4259 ᾧπερ
2998 4186 3064 4241 ἂν
3106 4189 3321 4257 γένοιτο
3374 4192 3625 4265 Χριστός.
3659 4193 3823 4245 Καταο

542 4810 737 4876 ‘stras,
762 4814 905 4868 sicut
932 4815 1062 4870 fecit
1084 4817 1173 4873 die
1197 4819 1322 4885 hoc,
1350 4837 1461 4891 quo
1482 4825 1760 4881 mandavit
1786 4827 2051 4884 Dominus
2078 4832 2161 4886 fa-

573 4914 721 4966 cere,
750 4910 811 4955 ut
840 4903 1172 4972 prOpitietur
1207 4922 1308 4976 pro
1339 4911 1518 4977 vobis,
1548 4921 1604 4968 et
1632 4913 1701 4968 ad
1735 4916 1939 4971 ostium
1971 4918 2154 4974 taber-

573 4993 757 5049 naculi
794 4994 1093 5050 testimonii
1135 4998 1400 5056 sedcbitis
1434 5013 1639 5073 septem
1688 5005 1806 5062 dies
1852 5024 1864 5060 :
1901 5018 2061 5065 nocte
2097 5018 2155 5065 et

571 5082 663 5139 die
696 5086 986 5141 servabitis
1007 5089 1282 5145 custodias
1306 5092 1542 5159 Domini,
1568 5104 1624 5150 ut
1658 5113 1767 5153 non
1797 5100 2108 5155 moriamini
2135 5118 2148 5154 :

570 5173 651 5229 sic
670 5176 817 5230 enim
842 5179 1124 5233 mandavit
1145 5179 1280 5234 mihi
1310 5180 1577 5238 Dominus
1599 5185 1742 5240 Deus
1767 5188 1832 5240 “.
1869 5208 1887 5238 ι
1919 5188 2152 5256 Quinam

570 5268 1115 5341 uniuscujuscunquc
1147 5271 1406 5328 sacriﬁcii
1444 5273 1611 5330 fuerit
1640 5277 1799 5343 ritus,
1838 5281 1971 5335 satis
2000 5290 2086 5337 est
2122 5298 2153 5337 a

571 5359 731 5415 nobis
746 5362 1016 5432 superiori
1038 5380 1291 5421 sermone
1309 5366 1741 5423 demonstratum
1760 5385 1774 5435 ;
1794 5382 2151 5443 quapropter,

569 5449 775 5512 omissa
795 5452 863 5508 de
894 5453 982 5510 his
1016 5456 1182 5512 rebus
1210 5456 1515 5513 subtilitate
1549 5458 1878 5527 disserendi,
1916 5462 1981 5517 ad
2018 5463 2152 5519 illud

571 5553 880 5611 pergamus.
912 5543 1029 5599 Non
1064 5547 1332 5615 permittit
1362 5549 1449 5604 lex
1483 5566 1598 5617 eos,
1632 5551 1726 5622 qui
1762 5567 1974 5608 sacram
2002 5568 2156 5626 egre-

2257 4826 2439 4881 τάττει
2465 4827 2659 4897 λέγων,
2699 4847 2718 4881 ι
2756 4830 2865 4883 Kal
2903 4832 3012 4885 ἀπὸ
3038 4833 3137 4901 τῆς
3168 4833 3342 4905 θύρας
3378 4836 3482 4905 τῆς
3517 4834 3710 4904 σκηνῆς
3738 4830 3817 4883 καὶ

2263 4919 2564 4989 μαρτυρίου
2593 4920 2693 4973 οὐκ
2717 4919 3060 4985 ὲξελεύσεσθε
3092 4923 3232 4978 έπτά
3262 4925 3497 4995 ἡμέρας.
3530 4926 3631 4988 ἓως
3652 4921 3813 4993 ἡμέρα

2260 5009 2543 5082 πληρωθῇ,
2562 5010 2745 5084 ἡμέρα
2761 5011 3092 5078 τελειώσεως
3112 5015 3286 5084 ὑμῶν.
3303 5016 3477 5070 Ἑπτὰ
3499 5016 3605 5087 γὰρ
3626 5013 3815 5086 ἡμέρας

2259 5099 2534 5154 τελειώσει
2562 5101 2663 5165 τὰς
2690 5104 2877 5174 χεῖρας
2903 5102 3077 5173 ὑμῶν,
3108 5104 3357 5177 καθάπερ
3382 5106 3636 5175 ἐποίησεν
3663 5105 3715 5155 ἐν
3755 5099 3812 5169 τῇ

2259 5190 2444 5264 ἡμέρᾳ
2457 5190 2651 5264 ταύτῃ.
2718 5193 3021 5247 ἐνετείλατο
3033 5195 3114 5249 KG
3124 5213 3236 5264 ριος
3246 5197 3336 5250 τοῦ
3358 5195 3735 5267 ποιῆσαι,ὦστε
3748 5192 3812 5258 ἐξ·

2253 5279 2537 5334 ιλάσασθαι
2571 5283 2697 5355 περὶ
2720 5282 2892 5354 ὑμῶν,
2923 5286 3018 5339 καὶ
3042 5287 3133 5340 ἐπὶ
3154 5287 3252 5358 τὴν
3283 5286 3453 5358 θύραν
3499 5288 3596 5358 τῆς
3627 5281 3811 5353 σκηνῆς

2251 5372 2345 5426 τοῦ
2368 5374 2668 5446 μαρτυρίου
2693 5375 2985 5430 καθίσεσθε
3019 5378 3159 5432 ἑπτὰ
3192 5380 3426 5452 ἡμέρας.
3480 5378 3712 5450 Ἢμέραν
3760 5374 3809 5427 δὲ

2255 5465 2347 5518 καὶ
2381 5462 2551 5518 νύκτα
2591 5466 2900 5534 φυλάξασθε
2937 5469 3008 5522 τὰ
3038 5469 3364 5542 φυλάγματα
3384 5470 3613 5541 Κυρίου,
3641 5469 3719 5522 ἵνα
3743 5464 3807 5535 μὴ

2252 5554 2561 5629 ἀποθάνητε
2579 5571 2592 5587 ·
2610 5556 2785 5623 οὕτως
2803 5557 2913 5631 γὰρ
2935 5560 3236 5616 ἐνετείλατό
3253 5577 3336 5633 μου
3362 5557 3569 5632 Κύριος
3586 5561 3614 5614 ὸ
3630 5553 3767 5620 θεός.
3782 5572 3803 5639 ,ι

638 5742 729 5802 ’ἰ
762 5743 885 5800 Cor.
920 5760 1030 5812 xm,
1072 5748 1151 5804 l0.
1230 5752 1271 5781 “"
1301 5752 1474 5809 Levit.
1511 5772 1619 5823 vm,
1666 5757 1780 5813 l-‘I.
1859 5761 1898 5793 “
1959 5761 2093 5819 ibid.
2149 5765 2337 5823 35-55.
