4110 6298
347 329 453 386 763

1074 330 1158 389 DE
1197 336 1638 396 ADORATIONE
1675 339 1745 398 IN
1779 340 2053 402 SPIRITU
2093 343 2183 403 ET
2220 346 2590 405 VERITATE.
2633 347 2762 404 LIB.
2804 349 2894 405 XI.

3515 352 3616 412 766

354 445 576 536 meZo;
610 444 710 516 μὲν
740 438 836 500 οὖν
864 444 952 513 ἐφ’
980 445 1184 536 Exacta
1211 450 1321 504 τῶν
1354 451 1557 508 θυσιῶν
1586 457 1776 526 γέγονε
1806 459 1931 531 ιιςρό⁴

2033 462 2287 533 giamque
2320 472 2526 520 sortem
2555 465 2739 536 adepti
2759 474 2909 530 sunt,
2931 474 2987 520 et
3007 466 3073 520 ad
3097 468 3387 524 sacerdotii
3417 484 3616 526 munus

348 551 471 601 νιος,
510 535 769 605 ἀποχρῶν
801 536 935 607 ἡμῖν
961 532 1022 591 εὖ
1057 538 1205 609 μάλα
1237 541 1462 609 διέδειξε
1486 546 1662 615 λόγος.
1692 549 1929 621 Τοιγάρ-

343 638 429 677 τοι
460 623 716 693 μεθέντες
741 625 804 678 τὸ
832 624 888 678 ἔν
920 642 985 695 γε
1024 628 1234 693 τούτοις
1258 632 1618 702 ἰσχνομυθεῖν,
1653 637 1746 689 ἐπὶ
1772 636 1931 691 τοῦτο

347 715 537 784 ἴωμεν.
564 714 681 768 Οὺκ
706 716 926 788 ἐφίησιν
949 719 978 772 6
1003 722 1166 791 νόμος
1194 723 1321 786 τοὺς
1345 724 1490 795 ἱερὸν
1517 727 1610 779 καὶ
1632 726 1930 784 ἀπόλεκτον

345 806 901 876 καταπλουτήσαντας
952 812 1175 882 κλῆρον,
1231 815 1686 886 τετελειωμένους
1728 835 1789 872 τε
1826 820 1930 891 ἥδη

346 895 487 967 πρὸς
529 896 593 949 τὺ
631 896 883 967 ἱερᾶσθαι
924 899 1054 964 δεῖν,
1080 901 1185 967 ἔξω
1212 920 1314 957 που
1346 905 1607 976 φέρεσθαι
1635 906 1735 977 τῆς
1769 908 1932 975 ἁγίας

348 986 575 1055 σκηνῆς,
608 986 725 1040 ἀλλ’
762 988 843 1051 είς
877 988 1111 1060 ἑϐδόμην
1144 994 1357 1063 ἡμέραν
1409 994 1542 1049 εἴσω
1573 1013 1630 1050 τε
1663 997 1928 1063 καθίζειν,
1972 1034 1989 1040 -

348 1076 444 1129 καὶ
473 1078 752 1148 μονονουχὶ
780 1079 1044 1151 προσηλοῖ
1066 1086 1185 1148 ταῖς
1211 1083 1422 1154 θύραις.
1461 1088 1559 1158 οὐχ
1594 1089 1931 1159 ὑπεραίρον-

348 1185 447 1230 τας
463 1168 555 1220 τὸν
577 1168 750 1233 οὐδὸν,
765 1169 864 1239 τὴν
884 1170 944 1222 ἐν
968 1171 1152 1236 τόποις
1173 1174 1352 1242 ἁγίοις
1374 1178 1590 1230 καθισιν
1639 1179 1928 1249 σύμϐολον,

347 1255 503 1329 οἶμαι
546 1277 671 1326 που,
701 1261 871 1325 τιθεὶς
906 1262 1250 1335 ἐδραιότητος
1292 1267 1387 1321 καὶ
1433 1268 1697 1339 διαμονῆς
1728 1270 1828 1341 τῆς
1872 1274 1933 1327 ἐν

348 1355 627 1427 ἁγιασμῷ.
669 1359 1047 1429 Διερηρεῖσθαι
1072 1361 1181 1432 γὰρ
1212 1361 1296 1415 δεῖ
1332 1364 1426 1416 καὶ
1448 1364 1761 1436 ἀκλονήτως
1787 1364 1931 1436 ἔχειν

347 1451 430 1511 εἰς
482 1448 682 1520 ἀρετὴν
727 1451 1023 1519 ἀναγκαῖον
1077 1454 1245 1522 ἡμᾶς,
1292 1454 1420 1518 τοὺς
1460 1455 1577 1525 οἵγε
1622 1455 1933 1526 τετάγμεθα

348 1539 736 1611 προσεδρεύειν
770 1540 910 1611 Θεῷ,
939 1543 1040 1596 οὐκ
1074 1543 1181 1608 ἔξω
1208 1543 1507 1613 φοιτῶντας
1532 1545 1627 1599 τοῦ
1662 1546 1932 1617 καθήκον-

346 1647 439 1693 τος
482 1631 683 1700 τρόπου
727 1632 820 1685 καὶ
853 1632 1079 1705 γνώμης
1126 1634 1484 1706 ἐκτρέχοντας
1529 1636 1927 1708 ἱεροπρεποῦς’

347 1719 520 1790 ἀγχοῦ
543 1719 600 1772 δὲ
621 1719 810 1792 ὥσπερ
832 1722 918 1774 ἀεὶ
942 1723 1030 1776 καὶ
1055 1723 1338 1787 οἰκοῦντας
1364 1723 1515 1795 παρὰ
1529 1723 1671 1793 Θεῷ,
1697 1724 1838 1778 κατά
1866 1741 1929 1793 γε

2032 554 2349 611 obeundum
2366 558 2476 628 jam
2498 557 2826 620 consecrati,
2850 574 2882 613 e
2905 572 3064 613 sacro
3088 558 3440 615 tabernaculo
3457 577 3619 617 exce-

2031 646 2184 711 dere,
2210 647 2305 702 sed
2325 647 2393 701 ad
2420 649 2714 718 septimum
2750 663 2924 719 usque
2948 649 3093 704 diem
3120 665 3216 703 eos
3250 650 3401 706 intus
3432 655 3616 707 consl-

2031 735 2160 790 dere
2184 737 2360 807 jubet-,
2390 752 2454 792 ac
2478 750 2651 808 prepe
2672 738 2928 803 dixerim,
2961 740 3103 793 ostio
3125 739 3312 810 attigit,
3333 740 3495 812 400
3515 755 3618 798 nec

2030 828 2199 883 limen
2229 829 2415 898 egredi
2449 830 2609 896 sinit;
2644 845 2805 899 quam
2828 829 2884 883 in
2918 830 3091 884 sacris
3120 829 3229 884 illis
3260 831 3398 885 locis
3419 833 3619 887 sessio-

2029 921 2761 990 nem,ut.opinor,ﬁrmitatis
2779 928 2942 988 atque
2963 922 3368 989 permansionis
3387 922 3443 975 in
3461 937 3611 978 sano-

2032 1010 2332 1066 tiﬁcatione
2355 1011 2662 1082 symbolum
2686 1009 2961 1080 quoddam
2987 1025 3108 1063 esse
3144 1012 3336 1065 voluit.
3378 1012 3613 1069 Necesse

2030 1104 2179 1158 enim
2213 1110 2317 1168 est,
2357 1112 2436 1165 ut,
2472 1104 2567 1174 qui
2605 1104 2661 1157 in
2699 1103 2803 1157 hac
2847 1101 3086 1155 statione
3116 1101 3367 1155 collocati
3402 1116 3613 1173 sumus,

2030 1204 2230 1267 pralsto
2256 1197 2427 1253 simus
2455 1197 2588 1261 Deo,
2626 1194 2770 1250 ﬁrmi
2799 1202 2963 1263 atque
2988 1192 3297 1247 immobiles
3325 1191 3383 1245 in
3409 1192 3613 1246 virtute

2030 1302 2371 1353 maneamus,
2405 1303 2473 1342 ne
2500 1296 2654 1342 extra
2686 1301 2903 1340 morum
2943 1284 3229 1348 terminos,
3254 1283 3350 1353 qui
3388 1297 3491 1337 nos
3523 1282 3613 1337 de-

2032 1386 2180 1444 cent,
2208 1380 2574 1450 egrediamur,
2598 1387 2692 1434 aut
2721 1394 2751 1433 e
2776 1392 2931 1433 sacro
2962 1392 3126 1431 sensu
3148 1375 3497 1440 excedamus,
3518 1372 3617 1429 sed

2032 1486 2251 1541 semper
2286 1486 2455 1540 prope
2494 1469 2899 1540 quodammodo
2933 1469 3137 1533 simus,
3183 1474 3240 1521 et
3267 1466 3409 1536 apud
3442 1466 3615 1520 Deum

2032 1562 2365 1628 habitemus,
2390 1564 2543 1633 juxta
2570 1563 2727 1627 illud,
2755 1562 2900 1633 quod
2931 1570 3017 1616 est
3042 1561 3324 1631 propheta
3345 1575 3481 1616 voce
3502 1559 3619 1615 dic-

2033 1661 2150 1707 tum
2175 1671 2187 1706 :
2219 1671 2237 1704 ι
2262 1652 2527 1719 Quaereris
2549 1669 2753 1724 quaere,
2776 1661 2832 1708 et
2853 1652 2995 1723 apud
3024 1668 3110 1707 me
3140 1651 3331 1707 habita
3355 1654 3420 1703 θ’.
3456 1670 3473 1701 ι
3502 1650 3618 1705 Hoc

2033 1754 2215 1800 autem
2247 1762 2347 1815 per
2374 1755 2581 1817 septem
2608 1746 2728 1801 dies
2756 1746 2935 1802 facere
2959 1744 3122 1816 jussit
3157 1743 3385 1815 Moyses.
3418 1741 3536 1808 Qua
3560 1740 3615 1795 in

344 1806 729 1907 τδιεῖρημένον
766 1808 856 1863 διὰ
892 1811 1076 1881 φωνῆς
1120 1811 1426 1882 προφήτουο
1463 1830 1482 1863 ι
1521 1811 1710 1882 Ζητῶν
1754 1812 1925 1883 ζήτει,

2031 1852 2089 1891 re
2121 1837 2465 1906 septenarius
2488 1853 2752 1892 numerus
2788 1837 2841 1891 id
2871 1836 3140 1907 signiﬁcat
3189 1849 3309 1889 esse
3332 1832 3494 1887 nobis
3516 1831 3617 1887 ad-

345 1898 442 1950 καὶ⁸
490 1898 621 1970 παρ’
666 1901 791 1969 ἐμοὶ
828 1900 988 1956 οἴκει.
1025 1920 1043 1953 ι
1100 1902 1194 1965 El;
1232 1902 1373 1956 ἐπτὰ
1425 1902 1482 1956 δὲ
1524 1902 1682 1956 τοῦτο
1716 1903 1926 1973 ἡμέρας

345 1990 519 2040 ποιεῖν
560 1990 849 2043 ἐκέλευσεν
888 1993 917 2044 6
959 1993 1165 2059 Μωσῆς
1188 2008 1201 2022 ⁸
1250 1993 1310 2047 τὸ
1338 1995 1396 2047 ἐν
1433 1996 1597 2048 παντὶ¹
1643 1996 1701 2049 δὲ
1737 1997 1933 2066 χρῆναι

344 2079 525 2150 καιρῷ
556 2081 675 2151 Θεῷ
716 2082 1100 2153 προσεδρεύειν
1146 2084 1484 2153 ἐπείγεσθαι,
1523 2085 1618 2140 τοῦ
1664 2086 1803 2139 ἑπτὰ
1836 2104 1934 2157 ση-

348 2174 629 2243 μαίνοντος
648 2216 664 2238 ,
689 2175 853 2227 οἱονεὶ¹
882 2175 991 2246 γάρ
1022 2192 1138 2238 πως
1168 2175 1230 2228 1:6
1258 2177 1433 2230 διόλου
1488 2178 1584 2232 καὶ
1613 2176 1702 2231 διὰ
1733 2178 1935 2241 παντὸς

346 2263 532 2333 φησίν.
558 2264 704 2317 Εῑσω
737 2264 795 2318 δέ
834 2265 994 2328 δντας
1036 2266 1239 2335 σκηνῆς
1295 2266 1600 2321 ἐντέλλεται
1631 2271 1818 2340 τηρεῖν
1864 2268 1933 2322 τὰ

346 2353 676 2424 φυλάγματα
705 2354 932 2425 Κυρίου,
954 2355 1053 2425 τῆς
1080 2356 1230 2427 παρὰ
1258 2355 1378 2425 Θεῷ
1410 2357 1768 2429 προσεδρείας
1791 2375 1930 2430 καρ⁸

346 2445 468 2511 πον,
513 2445 576 2498 τὸ
615 2445 866 2509 εὐπειθὲς
900 2446 1234 2515 ὑποφαίνων,
1293 2448 1387 2500 καὶ
1429 2448 1491 2499 τὸ
1536 2448 1672 2520 δρᾷν
1722 2449 1931 2502 ἐθέλειν

348 2537 493 2606 ἅπερ
530 2537 596 2592 ἂν
630 2538 802 2592 ἔλοιτο
847 2539 1176 2610 νομοθετεῖν.
1219 2540 1649 2611 Προσεδρευτέον
1695 2534 1801 2594 ὧδε
1853 2540 1931 2612 τῷ

349 2627 566 2680 πάντων
598 2628 861 2699 Δεστοότη,
895 2629 1030 2699 πρὸς
1059 2628 1192 2682 αὑτό
1221 2645 1324 2681 που
1353 2629 1414 2683 τὸ
1442 2628 1653 2683 λοῖσθον
1682 2630 1792 2683 τῶν
1822 2646 1925 2683 κα-

352 2718 464 2771 κῶν
495 2718 593 2787 τῆς
631 2720 714 2772 ἐπ’
757 2719 985 2787 ἀγαθοῖς
1036 2718 1317 2791 ρᾳθυμίαςῖ
1356 2720 1761 2791 ἐκτελευτώσης
1805 2721 1928 2774 ἀεί’

353 2812 767 2881 προσεπήνεγκε
818 2811 927 2881 γὰρ
971 2812 1000 2864 6
1048 2812 1253 2881 Μωσῆς
1314 2811 1482 2885 ταύτῃ
1532 2831 1635 2877 τοι,
1682 2813 1933 2885 καθάπερ

348 2895 581 2971 ἐγῷμαι,
611 2902 693 2966 τὸ,
728 2921 748 2954 ι
783 2903 902 2956 Ἵνα
934 2903 1009 2975 μὴ
1046 2901 1375 2972 ἀποθάνητε.
1418 2922 1438 2955 ι

420 2994 629 3046 IIAAA.
669 2992 876 3065 Ὀρθῶς
902 2993 1058 3064 ἔφης.

419 3086 588 3140 ΚΥΡ.
649 3087 1081 3157 Τετελειωμὲνος
1120 3087 1177 3142 δέ
1220 3086 1321 3159 ἥδη
1368 3088 1505 3160 πρὸς
1558 3087 1870 3160 ἱερουργίαν
1901 3089 1931 3142 6

361 3173 574 3248 ’Δαρὼν
605 3175 831 3246 ἄρχεται
894 3175 1133 3247 πληροῦν
1157 3176 1225 3230 τὰ
1251 3176 1631 3248 νενομισμένα.
1670 3177 1778 3230 Καὶ
1808 3175 1929 3229 τίνα
1956 3208 1999 3265 c

346 3266 413 3337 δὴ
442 3265 664 3337 τρόπον,
704 3265 836 3337 φέρε
866 3266 931 3336 δὴ
960 3266 1227 3336 λέγωμεν.
1275 3267 1587 3337 Γέγραπται
1619 3266 1729 3338 γὰρ
1768 3267 1928 3321 πάλιν

347 3359 410 3409 ἐν
437 3355 514 3427 τῷ
540 3356 831 3427 Λευιτικῷ·
874 3376 892 3409 ι
930 3358 1040 3411 Καὶ
1069 3358 1302 3428 ἐγενήθη
1334 3362 1399 3429 τῇ
1432 3358 1614 3429 ἡμέρᾳ
1638 3361 1703 3428 τῇ
1745 3357 1926 3427 ὀγδόῃ,

352 3447 580 3501 ἐκάλεσε
621 3449 829 3520 Μωής
882 3449 1116 3520 Ἀαρὼν,
1160 3450 1254 3503 καὶ
1285 3451 1408 3513 τοὺς
1434 3450 1585 3512 υἱοὺς
1616 3448 1805 3515 αὐτοῦ,
1836 3448 1931 3502 κει)⁵

346 3538 452 3610 τὴν
506 3539 796 3610 γερουσίαν
868 3540 1119 3612 Ἰσραὴλ,
1184 3541 1280 3594 xat
1345 3536 1468 3593 εἶπε
1526 3541 1731 3610 Μωσῆς
1795 3538 1931 3610 πρὸς

366 3629 576 3700 ’Δαρὼν
595 3648 607 3662 ·
626 3630 773 3685 Λάϐε
800 3632 1009 3703 σεαυτῷ
1033 3633 1325 3702 μοσχάριον
1345 3633 1407 3684 ἐκ
1434 3630 1570 3700 βοῶν
1595 3630 1723 3700 περὶ
1751 3631 1931 3701 ἁμαρ-

350 3722 496 3786 τίας,
528 3723 622 3776 καὶ
650 3723 802 3794 κριὸν
845 3726 925 3787 είς
954 3723 1341 3793 ὁλοκαύτωμα,
1377 3724 1602 3793 ἄμωμα,
1628 3723 1723 3775 καὶ
1771 3738 1934 3794 προσ-

350 3811 546 3880 ένεγκε
573 3812 711 3865 αὐτὰ
741 3812 919 3867 ἔναντι
942 3813 1169 3884 Κυρίου.
1209 3815 1315 3867 Καὶ
1337 3818 1401 3884 τῇ
1429 3814 1686 3884 γερουσία
1718 3812 1931 3885 Ἰσραὴλ

350 3904 605 3975 λαλησον,
628 3904 800 3973 λέγων
821 3916 836 3936 ⁸
867 3905 1076 3959 Λάϐετε
1109 3906 1342 3977 χίμαρον
1371 3906 1432 3970 ἐξ
1457 3905 1628 3974 αίγῶν
1667 3905 1763 3959 ἕνα
1800 3906 1929 3978 περὶ

348 3997 651 4066 ἁμαρτίας,
701 3996 795 4049 καὶ⁸
839 3996 1155 4067 μοσχάριον,
1193 3998 1285 4050 καὶ
1324 3997 1492 4067 ἀμνὸν
1538 3996 1808 4051 ἐνιαύσιον
1851 3999 1932 4061 είς

347 4089 750 4159 υλοκάρπωσιν,
776 4089 1006 4159 ἄμωμα,
1035 4090 1129 4142 καὶ
1159 4090 1379 4159 μόσχον,
1420 4089 1512 4143 καὶ
1544 4090 1695 4160 κριὸν
1721 4091 1800 4153 είς
1835 4089 1931 4142 θν-

351 4178 474 4231 σὲαν
500 4178 768 4249 σωτηρίου
798 4178 974 4232 ἔναντι
1002 4181 1229 4251 Κυρίου,
1258 4181 1353 4233 καὶ
1381 4181 1656 4251 σεμίδαλιν
1686 4199 1934 4253 πεφυρα-

355 4270 525 4340 μένην
568 4270 625 4322 ἐν
658 4268 841 4338 ἐλαίῳ,
878 4270 958 4321 ὅτι
1013 4271 1253 4341 σήμερον
1303 4271 1508 4338 Κύριος
1554 4272 1847 4341 ὀφθήσεται
1875 4272 1934 4324 ἐν

353 4362 503 4428 ύμῖν.
534 4359 643 4412 Καὶ
688 4358 899 4421 ἔλαϐον,
923 4358 1059 4411 καθὸ
1105 4360 1405 4413 ἐνετείλατο
1432 4362 1636 4427 Μωσῆς
1672 4362 1933 4415 ἀπέναντι

351 4454 449 4522 τῆς
501 4454 705 4521 σκηνῆς
753 4450 844 4503 τοῦ
898 4448 1219 4520 μαρτυρίου,
1266 4449 1361 4502 καὶ
1423 4450 1730 4521 προσῆλθεν
1782 4453 1933 4505 πᾶσα

2034 1928 2342 1994 nitendum,
2370 1936 2431 1984 ut
2451 1929 2599 1984 omni
2625 1937 2871 1999 tempore
2892 1930 3005 1983 Deo
3027 1935 3225 1997 praesto
3244 1925 3445 1991 simus;
3471 1924 3618 1979 idem

2033 2019 2180 2074 enim
2207 2028 2309 2084 est,
2335 2035 2399 2075 ac
2432 2020 2475 2074 si
2502 2019 2750 2085 dixisset,
2785 2034 3003 2088 semper
3025 2034 3088 2072 ac
3132 2025 3418 2087 perpetuo.
3462 2015 3615 2069 Intra

2034 2112 2452 2167 tabernaculum
2484 2127 2617 2167 vero
2652 2121 2963 2166 manentem
2997 2109 3245 2181 praecipit
3274 2123 3492 2163 servare
3516 2124 3615 2163 cu-

2034 2202 2241 2257 stodias
2281 2201 2518 2265 Domini,
2555 2200 2869 2271 significans
2910 2199 3058 2252 illius
3105 2195 3462 2257 assiduitatis,
3508 2208 3617 2263 qua

2033 2293 2145 2348 Deo
2172 2292 2494 2357 assidemus,
2521 2292 2759 2347 fructum
2784 2306 2904 2345 esse
2929 2288 3321 2352 obedientiam,
3346 2296 3401 2341 et
3425 2285 3621 2339 volun-

2033 2392 2202 2439 tatem
2232 2383 2591 2454 exsequendi,
2618 2381 2764 2453 quod
2796 2381 2889 2436 ille
2915 2379 3343 2452 praecipiendum
3378 2378 3614 2433 duxerit.

2031 2476 2114 2531 Ad
2146 2476 2295 2531 hunc
2326 2476 2493 2547 igitur
2518 2475 2742 2530 modum
2773 2473 2854 2527 illi
2876 2471 3125 2526 omnium
3154 2471 3387 2525 Domino
3420 2478 3619 2540 praesto

2030 2581 2152 2621 esse
2187 2565 2473 2629 debemus,
2515 2580 2640 2620 cum
2676 2564 2767 2618 ille
2808 2563 2864 2616 in
2903 2571 3050 2617 recte
3093 2560 3251 2616 factis
3293 2561 3523 2630 languor
3559 2559 3617 2614 in

2031 2664 2339 2712 extremum
2367 2657 2634 2712 malorum
2660 2653 2907 2709 omnium
2938 2652 3159 2732 desinat
3184 2670 3197 2705 :
3229 2666 3351 2707 eam
3373 2651 3520 2706 enim
3545 2649 3618 2705 ob

2031 2763 2282 2813 causam,
2326 2754 2389 2802 ut
2431 2747 2723 2813 existimo,
2765 2745 3016 2818 adjunxit
3047 2743 3259 2815 Moyses
3290 2742 3383 2797 illa
3424 2740 3594 2797 verba

2038 2856 2057 2890 ι
2097 2854 2169 2893 ne
2202 2837 2534 2893 moriamini.
2566 2856 2586 2889 ι

2103 2993 2300 3050 PALL.
2339 2993 2508 3047 Recte
2540 2999 2626 3047 est
2654 3007 2686 3047 a
2717 2998 2769 3047 te
2797 2991 3027 3047 dictum.

2099 3083 2258 3139 (ΠΒ.
2290 3083 2410 3138 Jam
2434 3097 2591 3145 vero,
2614 3089 2968 3152 posteaquam
2995 3079 3063 3134 ad
3098 3075 3385 3135 sacerdotii
3416 3090 3619 3131 munus

2031 3181 2382 3228 consecratus
2411 3180 2495 3227 est
2514 3172 2716 3235 Aaron,
2744 3171 2938 3240 incipit
2960 3168 3302 3225 sacriﬁcandi
3327 3168 3494 3221 ritum
3523 3179 3619 3219 ex-

2031 3265 2205 3335 sequi.
2223 3264 2341 3331 Quo
2365 3274 2548 3319 autem
2573 3263 2628 3317 id
2649 3262 2813 3316 modo
2836 3262 3020 3327 faciat,
3045 3261 3318 3331 agendum
3340 3259 3613 3317 dicamus.

2031 3355 2307 3426 Scriptum
2336 3363 2420 3410 est
2452 3354 2598 3411 enim
2630 3370 2821 3409 rursus
2850 3353 2906 3407 in
2938 3353 3185 3408 Levitico
3212 3369 3227 3406 :
3262 3372 3281 3403 ι
3316 3352 3387 3406 Et
3414 3351 3615 3406 factum

2028 3456 2115 3505 est
2142 3449 2198 3503 in
2228 3447 2319 3503 die
2342 3456 2535 3503 octavo
2560 3447 2779 3503 vocavit
2805 3446 3015 3516 Moyses
3040 3444 3219 3499 Aaron
3244 3451 3301 3498 et
3330 3442 3471 3497 ﬁlios
3496 3441 3617 3512 ejus

2028 3551 2085 3598 et
2117 3542 2362 3597 seniores
2392 3541 2578 3603 lsrael,
2612 3548 2668 3595 et
2698 3540 2839 3594 dixit
2871 3539 3079 3609 Moyses
3105 3536 3172 3591 ad
3192 3536 3376 3591 Aaron
3407 3552 3420 3588 :
3450 3532 3618 3589 Sume

2031 3633 2130 3689 tibi
2163 3633 2397 3687 vitulum
2422 3649 2489 3687 ex
2511 3632 2687 3685 bobus
2715 3646 2816 3700 pro
2838 3638 3083 3699 peccato,
3111 3637 3168 3682 et
3189 3626 3416 3681 arietem
3441 3625 3496 3679 in
3520 3625 3619 3679 ho-

2028 3724 2335 3779 locaustum
2370 3722 2813 3785 immaculatum,
2853 3728 2910 3774 et
2940 3718 3080 3774 oﬂer
3124 3717 3213 3772 illa
3255 3724 3382 3771 ante
3428 3715 3615 3769 Domi-

2029 3831 2184 3870 num.
2214 3815 2283 3870 Et
2315 3814 2386 3870 ad
2424 3813 2674 3868 seniores
2710 3811 2874 3866 lsrael
2919 3812 3167 3880 loquere,
3194 3808 3385 3864 dicens
3414 3807 3617 3863 :Acci-

2029 3907 2143 3978 pite
2173 3906 2387 3962 hircum
2421 3905 2490 3959 de
2518 3904 2700 3974 capris
2736 3918 2906 3957 unum
2949 3917 3053 3972 pro
3092 3909 3319 3971 peccato
3359 3900 3415 3954 in
3457 3899 3617 3955 holo-

2030 4011 2280 4057 caustum
2321 3998 2762 4063 immaculatum,
2800 4004 2856 4052 et
2907 3995 3141 4050 vitulum
3179 4001 3236 4049 et
3291 3993 3520 4048 arietem
3559 3990 3617 4045 in

2031 4092 2360 4146 sacriﬁcium
2387 4090 2642 4145 salutaris
2667 4105 2850 4143 coram
2875 4087 3128 4150 Domino,
3153 4094 3209 4140 et
3229 4085 3465 4139 similam
3488 4098 3619 4137 con-

2031 4199 2274 4253 spersam
2303 4185 2458 4241 oleo:
2487 4181 2615 4251 quia
2649 4180 2814 4235 hodie
2846 4179 3111 4233 Dominus
3131 4175 3410 4230 videbitur
3438 4174 3495 4228 in
3514 4188 3616 4229 vo-

2032 4273 2134 4327 bis.
2168 4274 2236 4328 Et
2263 4280 2614 4341 acceperunt,
2647 4272 2791 4325 sicut
2825 4275 3161 4339 prreccperat
3189 4266 3399 4336 Moyses
3429 4279 3617 4320 coram

2034 4362 2389 4417 tabernaculo
2424 4361 2756 4426 testimonii;
2798 4369 2854 4415 et
2888 4358 3118 4414 accessit
3148 4357 3403 4412 universa
3439 4355 3614 4427 Syna-

2034 4470 2188 4525 goga,
2220 4463 2275 4508 et
2297 4461 2567 4507 steterunt
2593 4462 2717 4507 ante
2749 4450 3076 4517 Dominum;
3108 4457 3164 4505 et
3199 4448 3340 4503 dixit
3365 4448 3612 4518 Moyses:

356 4542 686 4613 συναγωγὴ,
743 4543 838 4597 καὶ
880 4541 1115 4611 ἔστησαν
1173 4539 1353 4593 ἔναντι
1401 4542 1632 4612 Κυρίου,
1679 4543 1773 4596 καὶ
1809 4539 1929 4596 εἷπε

2036 4544 2152 4598 Hoc
2174 4543 2424 4606 verbum,
2457 4543 2604 4612 quod
2631 4543 2770 4596 dixit
2798 4539 3299 4604 Dominus,,l‘acite,
3325 4548 3381 4593 et
3407 4538 3613 4593 videbi-

353 4635 580 4705 Μωσῆς·
631 4633 800 4686 Τοῦτο
842 4634 901 4687 τὸ
941 4633 1112 4703 ῥῆμα,
1145 4632 1172 4685 ὃ
1201 4627 1322 4685 εἷπε
1367 4632 1596 4700 Κύριος.
1644 4635 1929 4704 ποιήσατε,

353 4727 450 4779 και)⁵
470 4725 764 4796 ὀφθήσεται
786 4726 843 4777 ὲν
864 4726 991 4793 ὑμῖν
1011 4724 1043 4795 ἡ
1064 4723 1191 4790 δόξα
1207 4724 1434 4795 Κυρίου.
1455 4725 1565 4776 Καὶ
1586 4717 1706 4777 εἷπε
1724 4724 1931 4795 Μωσῆς

352 4816 431 4888 τῷ
474 4817 717 4888 Ἀαρών·
773 4817 1045 4886 Πρόσελθε
1093 4816 1230 4887 πρὸς
1272 4816 1332 4869 τὸ
1377 4814 1781 4887 θυσιαστήριον,
1837 4817 1932 4869 καὶ

355 4910 581 4980 ποίησον
612 4910 673 4961 τὸ
706 4908 835 4980 περὶ
871 4909 972 4977 τῆς
1002 4907 1278 4981 ἁμαρτίας
1324 4923 1436 4965 σου.
1480 4907 1575 4960 καὶ
1610 4905 1671 4959 τὸ
1711 4906 1933 4960 ὁλοκαύ-

351 5000 516 5070 τωμὰ
560 5016 673 5065 σου,
706 4999 799 5053 καὶ
838 4998 1080 5062 ἐξίλασαι
1108 4998 1232 5069 περὶ
1260 4996 1508 5059 σεαυτοῦ,
1544 4996 1637 5050 καὶ
1660 4997 1751 5051 τοῦ
1781 4997 1930 5050 οἴκου

355 5108 471 5152 σου.
517 5089 610 5144 καὶ
654 5089 880 5158 ποίησον
925 5088 994 5141 τὰ
1029 5087 1179 5156 δῶρα
1212 5088 1308 5142 τοῦ
1354 5087 1506 5151 λαοῦ,
1554 5088 1649 5141 καὶ
1688 5087 1932 5153 ἐξίλασαι

355 5182 487 5249 περὶ
527 5180 728 5242 αὐτῶν,
760 5179 1012 5249 καθάπερ
1039 5178 1338 5233 ἐνετείλατο
1365 5179 1589 5250 Κύριος.
1630 5198 1649 5230 ι
1697 5180 1929 5245 AaM-6v,

2038 4647 2127 4688 tur
2148 4634 2202 4688 in
2230 4634 2388 4689 vobis
2406 4634 2576 4703 gloria
2601 4633 2838 4688 Domini.
2871 4633 2938 4687 Et
2959 4632 3036 4686 ait
3057 4632 3265 4703 Moyses
3292 4630 3361 4685 ad
3389 4629 3569 4684 Aaron
3597 4647 3613 4683 :

2035 4726 2247 4782 Accede
2287 4725 2354 4781 ad
2388 4728 2579 4789 altare,
2618 4732 2676 4781 et
2711 4726 2796 4781 fac
2827 4741 2927 4796 pro
2962 4733 3184 4795 peccato
3219 4732 3332 4787 tuo,
3363 4732 3420 4779 et
3457 4724 3615 4778 holo-

2028 4830 2285 4875 caustum
2305 4826 2478 4881 tuum,
2495 4826 2552 4872 et
2578 4833 2742 4873 exora
2759 4832 2860 4887 pro
2879 4826 2930 4872 te
2946 4826 3001 4872 et
3024 4833 3123 4888 pro
3154 4816 3317 4871 domo
3333 4825 3446 4880 tua,
3461 4824 3517 4871 et
3533 4815 3618 4871 fac

2030 4910 2176 4969 dona
2200 4910 2357 4983 40],
2389 4910 2599 4981 populi,
2624 4918 2679 4965 et
2701 4924 2867 4966 exora
2906 4925 3006 4979 pro
3036 4909 3188 4979 ipsis,
3215 4908 3359 4963 sicut
3386 4906 3613 4962 manda—

2034 5005 2115 5059 vit
2138 5005 2401 5059 Dominus
2425 5004 2491 5057 ⁸³.
2524 5023 2543 5055 ι
2575 5004 2631 5059 Si
2661 5005 2939 5065 subtilem,
2966 5003 3191 5066 Palladi,
3217 5001 3416 5055 mentis
3440 5001 3612 5054 aciem

2037 5096 2092 5151 in
2118 5112 2300 5151 sacras
2339 5097 2551 5151 litteras
2590 5097 2912 5160 intenderis,
2956 5096 3009 5149 in
3050 5096 3151 5149 hac
3177 5109 3394 5163 quoque
3423 5107 3481 5146 re
3512 5106 3611 5161 op-

2039 5183 2169 5238 time
2192 5184 2496 5255 perspicies
2522 5186 2740 5240 elucere
2764 5185 2967 5241 Christi
2995 5184 3333 5255 mysterium.

354 5270 402 5331 ὧ
446 5276 729 5338 Παλλάδιε,
768 5276 878 5337 τοῖς
922 5275 1086 5345 ἱεροῖς
1128 5273 1417 5345 Γράμμασι
1464 5276 1555 5327 τὸν
1594 5275 1717 5329 νοῦν
1767 5275 1929 5339 ἐνιεὶς
1968 5279 2356 5351 περιαθρήσεις
2383 5277 2441 5334 εὖ
2474 5280 2619 5351 μάλα
2649 5282 2751 5335 κάν
2780 5279 2913 5349 τῷδε
2971 5277 3226 5346 διαφανὲς
3284 5275 3345 5329 τὸ
3378 5273 3611 5345 Χριστοῦ

361 5372 679 5440 μυστήριον.

430 5461 640 5513 ΠΛΛΛ.
675 5459 807 5511 Τίνα
839 5458 1040 5529 τρόπον
1057 5472 1071 5520 ;

430 5553 593 5605 KTP.
640 5552 729 5602 Ἐν
760 5550 943 5619 ἡμέρα
965 5547 1074 5615 γὰρ
1096 5544 1257 5615 ὀγδόῃ
1288 5549 1582 5619 καταλήγει
1617 5553 1712 5623 μὲν
1745 5553 1932 5626 ῶσπερ

360 5642 453 5695 τοῦ
508 5640 753 5712 ἱερᾶσθαι
787 5640 1010 5708 Μωσῆς.
1064 5635 1322 5706 Ἀρχεταξ
1360 5656 1421 5706 γε
1472 5642 1576 5713 μὴν
1626 5646 1652 5696 6
1700 5644 1929 5716 ’Aapt‘ov,

437 5791 478 5822 "
521 5802 622 5858 lca.
670 5816 777 5866 χχι,
843 5798 922 5854 1’2.
1002 5798 1041 5829 ⁵³
1076 5797 1248 5855 Lcwil.
1292 5817 1362 5869 rx,
1396 5802 1507 5857 1-7,

2113 5466 2311 5521 PALL.
2341 5467 2460 5534 Quo
2482 5465 2698 5521 tandem
2733 5463 2934 5519 modo?

2110 5557 2267 5613 CYR.
2303 5559 2505 5614 Octavo
2528 5566 2675 5611 certe
2698 5556 2788 5610 die
2817 5552 3022 5610 desinit
3042 5549 3448 5621 quodammodo
3470 5550 3604 5620 Moy-

2042 5662 2127 5702 ses
2161 5647 2340 5704 oﬁicio
2371 5647 2669 5704 sacerdotis
2713 5646 2894 5718 fungi;
2932 5644 3023 5699 sed
3058 5643 3247 5715 incipit
3280 5641 3479 5705 Aaron,
3507 5654 3613 5694 non
