4110 6298
617 344 724 402 767
1662 342 1720 399 S.
1761 338 2040 400 CYRILLI
2077 339 2553 399 ALEXANDRINI
2590 340 2917 399 ARCHIEP.‘
3739 351 3821 409 768

620 464 806 515 tamen
833 455 1098 513 conticuit
1114 453 1345 529 Moyses,
1392 454 1525 515 licet
1560 457 1672 528 jam
1692 455 1884 513 ’Aaron
1925 454 1994 512 ad
2019 470 2199 512 sacer-

2300 452 2440 525 πλην
2480 453 2543 508 οὐ
2586 454 2877 525 σεσίγηκεν
2901 454 2932 508 ὁ
2964 454 3194 525 Μωσῆς,
3227 454 3397 509 καίτοι
3434 455 3713 525 διάττοντος
3742 465 3822 539 ᾕδη

619 552 765 608 dotis
816 564 1043 605 munera
1094 550 1367 621 pergeret.
1414 548 1655 619 Tempus
1711 549 1860 605 enim
1914 547 2199 605 sacerdotii

2307 547 2445 618 πρὸς
2470 545 2540 602 τὰ
2563 546 2661 616 τῆς
2688 546 2984 617 ίερωσύνης
3010 546 3145 619 ἔργα
3167 547 3262 601 τοῦ
3293 547 3515 620 Ἀαρών.
3538 552 3720 623 Χρόνος
3738 558 3827 630 γὰρ

617 637 824 694 Christi
849 636 982 691 illud
1028 646 1396 709 congruenter
1448 637 1792 709 intelligitur,
1858 637 2006 709 quod
2079 646 2207 708 post

616 728 790 799 legem
814 726 936 792 fuit,
960 726 1017 783 id
1047 737 1151 793 est,
1180 735 1409 784 octavus
1437 728 1577 794 dies,
1619 729 1677 784 in
1709 744 1873 799 quem
1896 727 2091 783 incidit
2118 743 2205 783 re-

615 815 909 882 surrectio,
954 824 1010 872 et
1045 815 1263 872 initium
1309 816 1585 887 quoddam
1627 816 1833 873 factum
1892 825 1980 872 est
2016 815 2202 872 saeculi

615 908 781 975 novi;
834 924 976 964 nova
1005 909 1153 964 enim
1202 909 1257 963 in
1279 908 1503 964 Christo
1535 916 1812 972 creatura,
1862 907 2010 963 sicut
2060 906 2201 962 scri-

619 1008 772 1071 ptum
794 1001 967 1057 est“.
1005 1000 1111 1056 Sed
1156 1000 1378 1057 Christo
1397 1002 1509 1071 jam
1541 1007 1737 1056 octavo
1785 999 1875 1055 die
1903 999 2198 1065 declarato,

617 1090 786 1161 Moysi
819 1091 1129 1147 observatio
1179 1090 1343 1146 ﬁnem
1374 1092 1464 1146 illa
1498 1092 1725 1161 quidem
1749 1090 1970 1163 accipit)
2016 1107 2201 1162 neque

616 1179 765 1236 enim
786 1180 968 1236 adhuc
998 1180 1052 1234 id
1080 1180 1271 1251 ﬁguris
1292 1189 1348 1237 et
1367 1182 1577 1237 umbris
1599 1178 1777 1236 Deum
1799 1179 2076 1252 colimus),
2102 1180 2200 1235 sed

619 1278 800 1326 tamen
834 1271 928 1326 illa
968 1271 1105 1342 legis
1133 1273 1405 1328 institutio
1452 1288 1563 1327 non
1600 1272 1902 1338 conticuit;
1933 1272 2019 1327 lex
2050 1270 2199 1326 enim

617 1363 921 1432 spiritualis
946 1373 1032 1420 est
1051 1364 1450 1434 spiritualibus,
1476 1372 1533 1419 et
1561 1379 1778 1435 semper
1808 1363 2013 1419 Christi
2048 1379 2200 1436 mys-

620 1455 823 1509 terium
870 1455 1150 1525 praedicat.
1179 1455 1470 1511 Professus
1493 1463 1579 1510 est
1607 1470 1740 1511 vero
1768 1455 1979 1527 Moyses
2004 1463 2198 1511 octavo

618 1544 710 1600 die
750 1546 931 1601 visum
964 1547 1032 1600 iri
1108 1547 1321 1601 Domini
1371 1547 1796 1617 gloriamznam
1841 1548 1930 1601 lex
1981 1555 2197 1617 tempus

615 1636 884 1691 adventus
934 1636 1231 1692 Salvatoris
1276 1638 1455 1692 nostri
1504 1637 1776 1708 praedixit.
1820 1637 1903 1692 Ad
1940 1638 2058 1692 hare
2091 1637 2194 1693 ite-

617 1739 738 1778 rum
767 1725 1015 1795 priecipit
1063 1725 1218 1806 prius
1255 1727 1477 1796 quidem
1515 1741 1619 1796 pro
1660 1742 1718 1782 se
1742 1729 1860 1797 ipso
1885 1727 2068 1782 Aaron
2102 1742 2192 1782 sa-

2303 635 2368 706 δὴ
2395 637 2495 705 τῆς
2524 633 2825 706 ἱερωσύνης
2868 635 3106 707 Χριστοῦ
3146 636 3302 691 νοοῐτ’
3330 636 3396 691 ἂν
3423 639 3633 703 εἰκότως
3658 644 3684 696 δ
3714 649 3827 713 μετὰ

2302 727 2394 782 τὸν
2423 729 2607 798 νόμον,
2647 726 2792 781 τοῦτ’
2824 727 2991 790 ἐστιν,
3022 729 3056 798 ή
3093 727 3274 799 ὀγδόη,
3313 729 3435 783 καθ’
3466 730 3529 802 ἣν
3572 732 3603 803 ἠ
3631 733 3828 792 ἀνάστα.

2304 834 2409 884 σις,
2450 819 2545 871 καὶ
2571 817 2711 889 ἀρχή
2753 834 2837 881 τις
2866 816 3055 887 ὥσπερ
3101 816 3297 880 αἰῶνος
3343 817 3484 871 νέου.
3534 821 3690 891 Καινὴ
3738 825 3827 895 γὰρ

2302 909 2477 971 κτίσις
2506 909 2564 963 ἐν
2589 907 2831 979 Χριστῷ,
2858 908 2997 962 κατὰ
3021 907 3085 961 τὸ
3106 908 3508 980 γεγραμμένον.
3541 911 3827 984 Ἀναδεδειγ-

2304 1001 2467 1073 μένου
2514 1001 2571 1055 δὲ
2605 1001 2706 1073 ἢδη
2746 999 2984 1072 Χριστοῦ
3042 999 3184 1054 κατὰ
3215 999 3313 1072 τὴν
3341 1000 3546 1070 ὀγδόην,
3573 1005 3829 1076 καταλήγει

2247 1113 2262 1120 ·
2305 1092 2404 1145 μὲν
2437 1092 2506 1145 τά
2545 1091 2824 1155 Μωσέως·
2856 1090 2918 1144 οὐ
2971 1091 3080 1162 γὰρ
3117 1091 3175 1144 ἐν
3214 1089 3406 1154 τύποις
3452 1090 3531 1145 ἐτι
3562 1094 3648 1147 καὶ
3682 1100 3828 1161 σκιαῖς

2298 1171 2632 1255 λατρεύομεν
2650 1198 2663 1212 ο
2691 1184 2725 1255 ἦ
2747 1199 2810 1252 γε
2836 1182 2943 1255 μὴν
2966 1182 3174 1253 ἐννόμῳ
3208 1182 3489 1247 παίδευσις
3510 1184 3566 1237 οὐ
3589 1187 3826 1256 σεσίγηκε,

2300 1274 2668 1346 πνευματικὸς
2706 1274 2817 1345 γάρ
2845 1276 2875 1328 ὁ
2896 1274 3057 1344 νόμος
3075 1278 3189 1338 τοῖς
3216 1277 3622 1346 πνευματικοῖς,
3652 1278 3736 1331 καὶ
3761 1280 3829 1332 ἀεὶ

2297 1365 2359 1420 τὸ
2381 1365 2614 1435 Χριστοῦ
2655 1367 2805 1420 λαλεῖ
2842 1368 3161 1438 μυστήριον.
3209 1366 3603 1437 Ἑπηγγέλλετο
3627 1368 3716 1438 μὲν
3754 1366 3828 1425 οῦν

2297 1456 2325 1510 ὁ
2358 1457 2563 1527 Μωσῆς
2599 1457 2741 1511 κατά
2783 1457 2882 1528 τὴν
2920 1457 3115 1529 ὀγδόην
3147 1458 3367 1530 ἡμέραν
3411 1456 3722 1529 ὀφθήσεσθαι
3749 1460 3830 1531 τὴν

2295 1547 2455 1613 δόξαν
2513 1549 2743 1620 Κυρίου.
2789 1549 3308 1619 Προαναπεφώνηκε
3346 1548 3454 1619 γὰρ
3491 1549 3520 1602 ὁ
3565 1549 3714 1620 νόμος
3753 1552 3831 1623 τῆς

2298 1643 2389 1696 τοῦ
2415 1643 2669 1713 Σωτῆρος
2713 1641 2871 1713 ἡμῶν
2904 1640 3198 1712 ἐπιδημίας
3228 1642 3323 1696 τδν
3356 1641 3569 1715 χρόνον.
3598 1643 3825 1712 Προσεπι-

2295 1736 2473 1789 τάττει
2534 1735 2590 1789 δὲ
2638 1735 2818 1800 πάλιν,
2878 1735 3141 1806 πρότερον
3201 1734 3300 1802 μέν
3355 1733 3493 1804 ύπέρ
3541 1734 3715 1787 ἐαυτοῦ
3746 1735 3822 1789 τδν

615 1815 822 1870 criﬁcia
861 1815 1059 1879 facere,
1088 1801 1276 1886 postea
1319 1832 1452 1872 vero
1506 1834 1607 1888 pro
1655 1819 1915 1873 universo
1943 1820 2145 1889 populo
2177 1837 2191 1873 :

2306 1826 2517 1897 Ἀαρὼν
2564 1825 2754 1890 θυσίας
2789 1801 3084 1881 ἐπιτελεῖν-ο
3133 1825 3270 1897 μετὰ
3306 1824 3366 1879 δέ
3399 1801 3569 1890 τοῦτο,
3596 1824 3684 1887 τὰς
3709 1825 3823 1897 ὑπὲρ

613 1920 722 1975 qua
748 1905 805 1959 in
827 1920 887 1960 re
915 1906 1074 1961 nobis
1094 1907 1206 1977 jam
1245 1905 1473 1977 ﬁguram
1508 1907 1911 1977 quodammodo
1937 1908 2192 1978 praebuit,

614 1996 981 2066 praeclareque
1002 2012 1066 2051 ac
1087 1998 1375 2067 perspicue
1403 1998 1665 2062 ostendit,
1702 1999 1797 2069 qui
1827 1998 1985 2053 electi
2012 2009 2197 2055 essent

613 2086 680 2142 ad
722 2086 1112 2152 sacerdotium,
1142 2095 1198 2141 et
1225 2086 1318 2156 qui
1341 2088 1828 2142 sanctiﬁcationem
1858 2089 1912 2143 in
1934 2089 2039 2144 ﬁde
2072 2105 2197 2159 per-

613 2178 883 2249 ciperent,
914 2177 982 2232 iis
1010 2186 1069 2233 ut
1095 2178 1269 2233 sancti
1320 2178 1433 2233 sint
1456 2193 1520 2232 ac
1552 2179 1712 2243 sacri,
1753 2180 2033 2249 aptissime
2058 2196 2192 2236 con-

611 2267 822 2322 venire.
852 2266 959 2323 Sed
981 2268 1207 2338 quinam
1246 2268 1414 2324 fuerit
1435 2268 1729 2325 oblationis
1759 2270 1975 2337 modus,
2006 2281 2066 2326 ut
2090 2287 2192 2342 po-

614 2357 864 2423 terimus,
918 2360 1331 2430 explicabimus.
1375 2360 1591 2417 Vitulus
1633 2361 1802 2433 igitur
1831 2378 1933 2433 pro
1968 2374 2194 2434 peccato

610 2459 669 2506 et
685 2450 994 2521 expiatione
1020 2451 1368 2507 sacerdotum
1416 2452 1823 2519 immolabatur,
1854 2453 2087 2525 fusoque
2123 2454 2192 2510 ad

610 2544 784 2599 altare
827 2543 1117 2615 sanguine,
1167 2553 1224 2599 et
1279 2544 1557 2600 intestinis
1616 2544 1876 2612 incensis,
1918 2547 2191 2617 reliquum

608 2647 815 2706 corpus
866 2636 978 2707 igni
1016 2635 1463 2691 comburebatur.
1499 2637 1657 2692 Aries
1694 2636 1893 2693 deinde
1920 2646 2066 2694 totus
2111 2639 2195 2695 in—

610 2725 951 2781 cendebatur
1016 2734 1281 2781 consueta
1334 2726 1639 2782 holocausti
1699 2728 1837 2799 lege.
1888 2730 2008 2785 Jam
2059 2747 2193 2787 vero

610 2812 803 2869 hircus
821 2813 1045 2868 victima
1079 2824 1200 2869 erat
1222 2815 1290 2869 ad
1312 2816 1500 2885 pepuli
1533 2826 1815 2886 peccatum
1838 2819 2187 2889 expiandum,

608 2904 815 2959 vitulus
833 2913 1016 2959 autem
1042 2913 1099 2959 et
1116 2920 1290 2977 agnus
1316 2906 1369 2960 in
1399 2906 1779 2962 holocaustum
1804 2925 1819 2975 ;
1844 2910 1986 2965 aries
2011 2919 2067 2966 et
2090 2912 2190 2969 bos

609 2995 679 3051 ad
726 2994 1059 3051 sacriﬁcium
1111 2998 1388 3065 salutaris,
1437 2999 1597 3054 altari
1620 3001 1784 3056 etiam
1810 3001 1988 3057 simila
2011 3003 2187 3074 impo—

610 3088 736 3153 sita,
777 3089 955 3142 sinon
1012 3096 1148 3153 tota,
1212 3096 1271 3144 at
1298 3091 1504 3161 pugillo
1544 3100 1602 3148 et
1630 3108 1699 3148 ex
1749 3103 1925 3164 parte.
1978 3095 2187 3153 Deinde

610 3177 790 3248 inquit
821 3195 835 3232 :
870 3195 888 3230 ι
925 3177 993 3232 Ει
1031 3179 1258 3236 elevatis
1308 3181 1493 3236 Aaron
1527 3182 1782 3240 manibus
1820 3185 1876 3241 in
1897 3187 2180 3256 populum,

609 3266 889 3323 benedixit
918 3269 1001 3323 eis
1040 3279 1134 3325 :et
1161 3269 1471 3336 descendit,
1512 3282 1872 3344 posteaquam
1911 3275 2043 3333 fecit
2088 3294 2189 3349 pro

608 3368 834 3429 peccato
875 3369 932 3415 et
962 3361 1286 3417 holocausta
1311 3368 1368 3418 et
1398 3365 1681 3431 salutaria,
1716 3376 1774 3423 et
1803 3369 2082 3439 ingressus
2106 3379 2193 3427 est

607 3451 820 3522 Moyses
857 3458 912 3505 et
965 3450 1147 3507 Aaron
1186 3453 1243 3507 in
1311 3454 1729 3513 tabernaculum
1784 3462 2103 3529 testimonii,
2137 3473 2194 3520 et

603 3540 814 3610 egressi
878 3540 1279 3599 benedixerum
1320 3545 1634 3601 universum
1681 3550 1944 3620 populum
1971 3570 1985 3605 :
2014 3561 2071 3608 et
2096 3564 2194 3626 ap-

606 3631 793 3702 paruit
822 3631 991 3703 gloria
1011 3633 1227 3688 Domini
1252 3636 1401 3690 omni
1445 3639 1669 3708 populo.
1720 3639 1881 3712 502
1909 3643 1978 3700 Et
2007 3661 2194 3716 egres-

601 3735 702 3777 sus
726 3732 811 3778 est
831 3722 969 3793 ignis
997 3738 1027 3777 a
1044 3724 1297 3791 Domino,
1320 3735 1377 3781 et
1401 3726 1686 3785 devoravit
1706 3746 1828 3800 quae
1851 3744 2008 3790 erant
2031 3751 2197 3807 super

601 3813 766 3868 altari
801 3814 1118 3871 holocausta
1164 3825 1221 3872 et
1274 3817 1508 3888 adipes:
1545 3831 1601 3877 et
1628 3822 1769 3878 vidit
1812 3827 1991 3882 omnis
2017 3838 2194 3900 popu-

603 3900 713 3966 lus,
740 3912 797 3957 et
825 3904 1062 3973 expavit,
1089 3913 1146 3959 et
1165 3906 1489 3961 ceciderunt
1525 3909 1581 3963 in
1605 3909 1884 3967 faciem".
1921 3933 1940 3965 ι

2296 1916 2497 1980 παντὸς
2524 1916 2618 1970 τοῦ
2658 1914 2808 1984 λαοῦ,
2835 1916 3027 1980 τύπον,
3064 1911 3240 1986 οἶμαι,
3275 1914 3337 1971 τδ
3350 1917 3528 1988 χρῆμα
3566 1914 3717 1980 τιθεὶς
3743 1916 3832 1979 τοῖς

2295 2006 2417 2062 καθ’
2433 2009 2581 2078 ἡμᾶς
2600 2007 2701 2078 ἠδη
2721 2025 2855 2073 πως,
2872 2008 2966 2061 καὶ
2981 2007 3292 2076 ὑποφαίνων
3313 2003 3375 2061 εὖ
3410 2007 3548 2079 μάλα
3561 2006 3647 2060 καὶ
3662 2006 3829 2076 σαφῶς,

2292 2098 2378 2152 ὅτι
2403 2101 2516 2162 τοῖς
2538 2097 2937 2169 ἐξειλεγμένοις
2964 2100 3045 2161 είς
3081 2097 3407 2170 ἱερωσύνην,
3435 2099 3527 2152 καὶ
3552 2100 3656 2161 τοῖς
3685 2097 3762 2151 τὸν
3786 2099 3832 2150 ἐν

2295 2189 2478 2243 πίστει
2529 2188 2843 2260 δεχομένοις
2887 2190 3178 2260 άγιασμὸν,
3216 2190 3422 2261 πρέποι
3466 2189 3532 2243 ἂν
3564 2189 3832 2253 είκότωςτὸ

2294 2281 2481 2351 ἁγίους
2531 2297 2592 2334 τε
2638 2274 2776 2335 εἶναι
2826 2282 2920 2334 καὶ
2981 2281 3180 2353 ἱερούς.
3216 2280 3317 2345 Τίς
3360 2280 3404 2334 δ’
3436 2279 3500 2334 ἂν
3529 2280 3719 2349 γένοιτο
3751 2279 3832 2347 τῆς

2294 2373 2655 2444 προσαγωγῆς
2676 2375 2704 2426 ὁ
2723 2372 3048 2443 τρόποςμὶις
3080 2372 3161 2426 Evt
3189 2371 3532 2443 δηλώσομεν.
3566 2373 3830 2443 Μοσχάριον

2292 2460 2387 2518 οὖν
2420 2463 2560 2533 ὑπὲρ
2593 2464 2867 2534 ἁμαρτίας
2896 2464 2989 2516 καὶ
3022 2462 3373 2536 καθαρισμοῦ
3399 2463 3506 2517 τῶν
3534 2462 3829 2535 ἱερουργούν-

2290 2572 2399 2608 των
2419 2553 2705 2622 ἐσφάζετο.
2735 2553 3110 2626 Προχεομὲνου
3160 2555 3217 2608 δὲ
3243 2554 3346 2607 τοῦ
3378 2556 3601 2625 αἵματος
3622 2555 3691 2626 τῷ
3719 2554 3831 2624 ἁγίῳ

2296 2647 2688 2718 θυσιαστηρίῳ,
2737 2647 3150 2718 τεθυμιαμένων
3190 2647 3247 2701 δὲ
3278 2648 3382 2703 καὶ
3423 2648 3530 2702 τῶν
3565 2646 3828 2704 ἐντοσθίων.

2295 2738 2430 2810 πυρὶ
2449 2737 2510 2791 τὸ
2527 2737 2803 2792 ἐπίλοιπον
2816 2738 3181 2808 κατεφλέγετο
3202 2737 3388 2808 σῶμα.
3419 2739 3581 2811 Κριὸς
3606 2739 3656 2793 δὲ
3673 2740 3728 2809 δὴ
3747 2738 3833 2791 πάσι

2291 2829 2375 2883 λιν
2399 2829 2462 2882 τὸ
2484 2828 2936 2901 ὁλοκαυτούμενον
2968 2825 3058 2901 ἦν,
3087 2829 3232 2883 κατά
3256 2846 3323 2898 γε
3352 2830 3446 2884 τὸν
3472 2829 3664 2900 συνήθη
3696 2829 3832 2899 νόμον

2288 2921 2389 2991 τῆς
2418 2920 2833 2985 ὁλοκαυτώσεως
2853 2937 2868 2954 ο
2919 2921 3155 2992 χίμαρος
3202 2921 3261 2976 δὲ
3308 2924 3374 2976 τὸ
3403 2923 3547 2994 θῦμα
3580 2921 3702 2993 πρὸς
3724 2923 3834 2974 ἀπο·

2289 3008 2557 3079 κάθαρσιν
2578 3010 2850 3081 ἁμαρτίας
2869 3009 2964 3063 τοῦ
2980 3010 3110 3064 λαοῦ
3132 3027 3148 3043 ο
3178 3014 3479 3083 μοσχάριον
3499 3013 3551 3066 δὲ
3567 3013 3652 3065 καὶ
3672 3010 3831 3079 ἀμνὸς,

2290 3101 2361 3155 τὰ
2386 3101 2467 3164 είς
2507 3100 2888 3166 ὁλοκαύτωσιν,
2936 3102 3091 3174 κριός
3116 3118 3178 3156 τε
3218 3104 3319 3157 καὶ
3356 3104 3549 3175 μόσχος
3576 3105 3650 3166 είς
3675 3102 3835 3154 Θυσίαν

2290 3191 2578 3261 σωτηρίου,
2617 3191 3028 3263 ἐπιτεθειμένης
3078 3191 3157 3263 τῷ
3205 3191 3581 3264 θυσιαστηρίῳ
3623 3191 3709 3245 καὶ
3752 3189 3834 3257 τῆς

2292 3283 2646 3354 σεμιδάλεως,
2680 3271 2730 3336 εί
2765 3284 2859 3338 καὶ
2887 3282 2963 3354 μὴ
2988 3284 3170 3354 πάσης
3192 3283 3380 3355 τυχὸν,
3405 3285 3535 3339 ἀλλὰ
3561 3284 3738 3356 δρακὺς
3760 3283 3837 3334 καὶ

2291 3375 2357 3428 ἐκ
2397 3375 2612 3447 μέρους.
2647 3369 2782 3429 Εἶτά
2822 3392 3020 3446 φησιν,
3077 3376 3161 3430 ὅτι
3216 3396 3236 3428 ι
3268 3377 3385 3431 Καὶ
3431 3378 3618 3447 ἐξάρας
3659 3372 3835 3444 Ἀαρὼν

2290 3468 2390 3532 τὰς
2447 3470 2636 3538 χεῖρας
2668 3469 2764 3523 ἐπὶ
2812 3468 2903 3522 τὸν
2953 3469 3105 3534 λαὸν,
3153 3469 3458 3541 ηὐλόγησεν
3510 3469 3710 3531 αὑτοὺς,
3757 3465 3835 3518 καὶ

2293 3558 2495 3628 κατέϐη
2539 3560 2767 3632 ποιήσας
2811 3560 2873 3614 τὸ
2915 3560 3044 3633 περὶ
3075 3562 3175 3632 τῆς
3201 3563 3499 3634 ἁμαρτίας,
3532 3560 3619 3615 καὶ
3643 3559 3704 3612 τὰ
3738 3556 3834 3610 ἐλο-

2294 3648 2628 3720 καυτώματα
2648 3653 2742 3704 καὶ
2771 3654 2838 3705 τὰ
2864 3651 2960 3705 τοῦ
2984 3652 3273 3723 σωτηρίου,
3307 3655 3407 3708 καὶ
3429 3652 3637 3724 είσῆλθε
3662 3648 3835 3716 Μωσῆς

2294 3741 2390 3794 καὶ
2430 3740 2640 3812 Ἀαρὼν
2664 3743 2745 3807 εἰς
2773 3742 2872 3812 τὴν
2905 3742 3109 3814 σκηνὴν
3133 3742 3228 3797 τοῦ
3263 3744 3584 3816 μαρτυρίου,
3611 3741 3695 3796 καὶ
3713 3737 3836 3802 ἐξελ-

2296 3828 2480 3897 θόντες
2513 3832 2815 3904 εὐλόγησαν
2850 3835 3065 3888 ἅπαντα
3096 3834 3187 3888 τὸν
3213 3835 3366 3900 λαὸν,
3392 3836 3485 3890 καὶ
3512 3834 3659 3905 ὤφθη
3680 3834 3710 3902 ή
3730 3829 3835 3894 δόξα

2296 3920 2504 3994 Κυρίου
2528 3925 2692 3977 παντὶ
2721 3923 2798 3995 τῷ
2827 3924 2962 3995 λαῷ,
2988 3925 3085 3980 καὶ
3113 3925 3306 3996 ἐξῆλθε
3339 3926 3451 3998 πῦρ
3477 3926 3618 3997 παρὰ
3639 3922 3833 3993 Κυρίου.

600 3995 704 4088 καί
723 3996 1001 4088 κατέφαγε
1024 3999 1094 4052 τὰ
1114 4000 1207 4053 ἐπὶ
1231 3999 1326 4053 τοῦ
1366 4001 1782 4076 θυσιαστηρίου,
1811 4008 1882 4062 τά
1936 4026 1999 4062 τε
2054 4011 2502 4088 ὁλοκαυτώματα,
2549 4020 2643 4073 καὶ
2683 4019 2751 4074 τά
2798 4019 3019 4087 στέατα,
3072 4023 3164 4075 καὶ
3202 3995 3321 4076 εἶδε
3361 3995 3468 4084 nd;
3497 4022 3525 4074 ὁ
3556 3995 3722 4082 iam.
3759 4011 3835 4068 καὶ

604 4085 819 4158 ἐξέστη,
850 4087 944 4141 καὶ
973 4086 1166 4142 ἔπεσον
1193 4090 1287 4142 ἐπὶ
1310 4090 1621 4161 πρόσωπον.
1654 4112 1674 4146 ι

675 4178 872 4233 PALL.
930 4179 1075 4247 Quid
1108 4180 1277 4252 igitur
1303 4183 1521 4238 tandem
1555 4184 1623 4241 de
1650 4184 1739 4242 his
1783 4188 1949 4245 rebus
1992 4190 2183 4247 dicen-

599 4272 736 4328 dum
765 4273 968 4343 putas?

673 4362 831 4419 CYR.
860 4363 986 4419 Visa
1029 4371 1115 4419 est
1158 4380 1290 4436 ergo
1321 4381 1514 4421 revera
1550 4368 1722 4437 gloria
1745 4369 1958 4425 Domini
1993 4382 2187 4427 octavo

604 4453 714 4518 die,
743 4452 798 4508 id
825 4460 929 4517 est,
954 4453 1125 4509 Filius
1154 4455 1477 4511 manifestus
1500 4464 1587 4511 est
1622 4458 1819 4524 factus,
1853 4461 1949 4530 qui
1971 4470 2056 4516 est
2074 4462 2189 4532 glo-

2358 4197 2567 4252 ΠΑΛΛ.
2600 4197 2666 4252 Τί
2693 4198 2758 4271 δὴ
2789 4195 2882 4253 οῦν
2909 4202 3015 4272 ἄρα
3042 4200 3138 4254 καὶ
3174 4201 3264 4253 ἐπὶ
3292 4181 3473 4255 τοῖσδε
3512 4201 3645 4270 φήςς

2356 4347 2520 4404 ΚΥΡ.
2558 4350 2732 4422 Ὠφθη
2787 4352 2886 4424 μὲν
2917 4318 3009 4407 οῦν
3051 4355 3193 4409 κατά
3239 4372 3304 4423 γε
3335 4356 3396 4409 τὸ
3441 4353 3690 4425 άληθὲςή
3726 4346 3833 4414 δόξα

2288 4440 2493 4512 Κυρίου
2545 4443 2688 4497 κατὰ
2734 4443 2831 4514 τὴν
2879 4445 3091 4516 ὀγδόην,
3144 4447 3263 4517 ἦτοι
3308 4447 3531 4515 γέγονεν
3561 4440 3785 4515 ἐμφανὴς
3810 4440 3833 4490 6

604 4541 687 4595 ria
712 4540 809 4595 Dei
832 4555 896 4596 ac
909 4542 1086 4598 Patris
1115 4560 1128 4596 :
1156 4544 1238 4599 sic
1267 4545 1415 4599 enim
1444 4545 1597 4600 illum
1642 4528 1955 4618 appellavit,
2000 4528 2188 4606 dicens

2289 4532 2435 4596 Υἱὸς.
2468 4535 2500 4604 ἡ
2525 4533 2651 4601 δόξα
2683 4538 2775 4589 τοῦ
2804 4536 2938 4590 Θεοῦ
2966 4539 3058 4590 καὶ
3080 4538 3291 4610 Πατρός
3313 4556 3327 4569 ·
3358 4537 3602 4607 ὠνόμαζε
3629 4532 3726 4604 γάρ
3747 4528 3830 4583 αύ-

601 4631 671 4686 ad
718 4631 938 4687 beatum
986 4633 1247 4705 Moysen:
1283 4655 1302 4686 ι
1338 4636 1475 4692 Vivo
1528 4654 1650 4710 ego,
1677 4609 1838 4696 .dicit
1882 4609 2181 4707 Dominus;

2289 4623 2378 4676 τὸν
2424 4624 2566 4678 οὕτω
2595 4625 2769 4694 λέγων
2813 4628 2950 4699 πρὸς
2996 4609 3323 4683 Μωσέαίτὸν
3376 4630 3677 4701 ἱερώτατον·
3712 4642 3729 4675 ι
3760 4619 3831 4673 Ζῶ

600 4730 755 4777 certe
797 4722 1116 4793 implebitur
1158 4726 1331 4796 gloria
1392 4729 1607 4785 Domini
1659 4732 1839 4786 omnis
1898 4740 2043 4787 terra
2061 4733 2123 4786 “.
2166 4752 2184 4783 ι

2288 4715 2436 4784 ἐγὼ,
2489 4716 2634 4786 λέγει
2686 4718 2927 4789 Κύριος,
2991 4719 3025 4791 ἢ
3106 4721 3212 4793 μὴν
3273 4719 3703 4791 ἐμπλησθήσεται
3749 4710 3831 4780 τῆς

602 4814 805 4869 Sacros
846 4829 1014 4882 porro
1067 4830 1171 4871 nos
1214 4816 1383 4872 eﬁicit
1417 4820 1555 4890 ipse,
1583 4821 1715 4876 dum
1745 4823 1801 4876 in
1830 4822 1987 4877 bovis
2024 4823 2193 4893 ﬁgura

2287 4806 2443 4876 δόξης
2489 4807 2693 4878 Κυρίου
2738 4810 2891 4863 πᾶσα
2935 4812 2967 4879 ὴ
3021 4810 3111 4881 γῆ.
3155 4829 3174 4861 ι
3225 4810 3425 4881 ’ἱεροὺς
3462 4810 3516 4862 δὲ
3547 4808 3684 4878 ἡμᾶς
3714 4803 3829 4893 ἀπο·

603 4919 708 4974 pro
735 4903 894 4958 nobis
938 4903 1276 4972 immolatur,
1324 4917 1381 4963 et
1401 4888 1455 4965 at
1484 4921 1712 4980 peccato
1755 4930 1856 4969 nos
1890 4888 2108 4978 liberat,
2136 4922 2193 4969 et

2287 4897 2466 4965 φαίνει
2515 4897 2676 4962 αὐτὸς
2705 4899 2843 4969 ὑπὲρ
2868 4898 3024 4969 ἡμῶν
3046 4898 3120 4963 ὡς
3149 4900 3207 4953 ἐν
3240 4918 3302 4969 γε
3340 4900 3419 4970 τῷ
3452 4900 3630 4971 μόσχῳ
3658 4888 3828 4963 σφαζάο

603 4994 863 5050 universa
918 4995 1151 5052 crimina
1186 5000 1437 5065 remittit,
1492 5011 1550 5056 et
1573 5007 1815 5060 maculas
1839 5024 1907 5062 ex
1932 5006 2194 5063 condem-

2290 5005 2468 5059 μενος,
2510 4990 2603 5043 καὶ
2650 4990 2919 5061 ἁμαρτίας
2965 4990 3286 5063 ἐλευθερῶν,
3336 4993 3431 5046 καὶ
3464 4990 3655 5051 παντὸς
3684 4982 3830 5044 ἀνιεὶς

603 5086 827 5141 natione
875 5095 1184 5143 contractas
1220 5089 1515 5161 abstergit;
1581 5094 1881 5166 itidemque
1934 5097 2066 5152 dum
2127 5097 2183 5151 in

2290 5078 2655 5150 ἐγκλήματος,
2696 5080 2900 5133 καὶτὸν
2925 5083 2990 5135 ἐκ
3014 5083 3110 5136 τοῦ
3137 5083 3509 5153 κατεγνῶσθαι
3544 5078 3828 5147 διασμήχωι

607 5179 828 5234 odorem
851 5179 1140 5236 suavitatis
1162 5181 1468 5251 spiritualis
1497 5190 1557 5237 ut
1587 5185 1732 5241 aries
1748 5198 2181 5252 consummatur,

2292 5170 2356 5241 ρύ
2370 5188 2483 5231 πον.
2516 5173 2605 5225 καὶ
2634 5172 2798 5236 αὐτὸς
2827 5173 3027 5242 ὁμοίως
3064 5174 3142 5240 είς
3171 5175 3344 5247 ὀσμὴν
3371 5172 3595 5235 εὐωδίας
3620 5169 3709 5239 τῆς
3727 5174 3830 5231 νοηε

601 5278 660 5323 et
688 5270 802 5340 ipse
830 5270 974 5326 idem
1002 5270 1062 5326 ﬁt
1090 5271 1271 5329 hostia
1300 5274 1576 5338 salutaris,
1604 5284 1659 5330 et
1681 5291 1781 5331 suo
1801 5295 1901 5333 nos
1924 5280 2188 5351 sanguine

2287 5262 2381 5332 τῆς
2393 5261 2468 5324 ὡς
2492 5263 2643 5333 κριὸς
2662 5263 3056 5334 τελειούμενος,
3076 5266 3241 5330 αὐτὸς
3273 5266 3364 5320 καὶ
3403 5264 3561 5317 θυσία
3592 5256 3827 5329 σωτηρίου

603 5361 927 5417 sanctiﬁcat.
971 5362 1090 5434 Ipse
1118 5365 1285 5420 etiam
1316 5365 1494 5422 simila
1525 5376 1610 5423 est
1644 5368 1766 5423 oleo
1795 5368 1914 5432 lita,
1958 5371 2012 5423 in
2026 5345 2186 5424 vhila-

2287 5353 2585 5422 γινόμενος,
2624 5353 2717 5407 καὶ
2738 5353 2980 5422 ἁγιάζων
3025 5357 3173 5428 ἡμᾶς
3212 5356 3289 5428 τῷ
3318 5355 3438 5425 iam
3468 5355 3671 5424 αἵματι.
3692 5345 3829 5404 αὐτὸς

606 5447 775 5506 ι’ὶωιο
797 5451 922 5507 vita:
961 5464 1162 5511 sancta:
1192 5456 1433 5527 scipsum
1462 5458 1573 5513 Deo
1608 5474 1673 5514 ac
1722 5456 1868 5513 Patri
1898 5474 1998 5528 pro
2028 5458 2188 5514 nobis

2287 5442 2379 5493 καὶ
2405 5443 2679 5511 σεμίδαλις
2712 5444 3065 5510 ἐλαιόδευτος,
3102 5448 3159 5499 ἐν
3191 5447 3470 5519 ἱλαρότητι
3508 5444 3644 5513 ζωῆς
3675 5436 3833 5505 diu“

603 5540 921 5598 ostendens.
1274 5521 1291 5527 -
1898 5521 1916 5528 -

2289 5529 2651 5601 παραδεικνῦς
2683 5533 2875 5589 ἐαυτὸν
2916 5534 3055 5607 ὑπὲρ
3088 5537 3243 5608 ἡμῶν
3266 5537 3345 5610 τῷ
3390 5534 3508 5606 Θεῷ
3549 5532 3634 5587 καὶ
3664 5521 3830 5596 Πατρί-

673 5740 726 5774 “
753 5740 797 5799 ll
832 5740 1028 5810 Conv,
1060 5745 1139 5801 l7.
1219 5738 1261 5782 δ’
1294 5749 1467 5807 Levit.
1502 5768 1572 5820 ut,
1612 5753 1798 5811 22—24.
1893 5756 1935 5787 “
1967 5755 2126 5812 Num.
2160 5753 2373 5821 xm?!-
