4110 6298
331 373 428 433 269

398 486 610 543 ΠΔΑΔ.
652 486 884 557 Συνίημι
913 482 943 537 δ
968 485 1094 556 φης.

395 580 559 634 ΚΥΡ.
604 573 772 648 Οῐμαι
802 575 861 630 δὲ
887 576 1084 645 δγωγε,
1112 575 1213 649 τὴν
1242 578 1382 651 ὑπὲρ
1417 580 1514 634 τοῦ
1569 580 1777 654 Ἀαρὼν
1809 580 1902 634 θυ-

326 668 457 724 σίαν
479 666 572 721 καὶ
595 665 737 736 ὑπὲρ
774 663 870 718 τοῦ
895 663 1027 719 λαοῦ
1051 666 1396 738 παραδηλοῦν
1415 668 1647 733 ἀστείως
1672 670 1768 739 τὴν
1790 670 1900 723 τῶν

323 759 497 827 ὰγίων
540 758 621 820 είς
652 755 787 810 Θεὸν
817 755 1167 826 καθιέρωσιν.
1207 758 1677 830 Ἀναδεδειγμένου
1703 759 1760 814 δὲ
1785 760 1897 814 λοι-

324 851 426 905 πὸν
452 849 550 903 καὶ
578 849 797 919 ἐμφανῆ
831 847 901 902 τὰ
925 848 1047 902 καθ’
1074 849 1266 904 ἑαυτὸν
1318 853 1760 923 καταστήσαντος
1803 851 1898 905 τοῦ

333 940 701 1014 Ἐμμανουὴλ,
721 941 789 994 δι’
817 936 879 994 οὗ
909 940 1221 1014 κεκλήμεθα
1243 943 1379 1015 πρὸς
1404 944 1696 1016 άγιασμδν,
1720 942 1900 998 δεκτοί

324 1050 386 1088 τε
409 1033 505 1087 καὶ
531 1030 685 1104 ἱεροὶ,
716 1031 807 1095 καὶ
831 1032 909 1095 είς
940 1031 1116 1104 ὀσμὴν
1142 1033 1368 1097 εὐωδίας
1399 1032 1790 1104 ἀνατεθείμεθα
1820 1034 1930 1111 τῷχ

327 1122 521 1196 Πατρὶ.
566 1123 846 1193 Ἐπιτήρει
883 1123 993 1192 γὰρ
1021 1123 1124 1188 ὅτι,
1153 1123 1240 1177 διὰ
1266 1122 1375 1176 τῶν
1407 1123 1631 1195 ἔναγχος
1669 1124 1895 1195 εἰρημέ-

327 1233 451 1280 νων,
476 1213 790 1284 ἐπεραίνετο
812 1213 907 1283 μὲν
933 1213 1173 1283 ἐννόμως
1193 1215 1227 1285 ή
1249 1213 1358 1268 τῶν
1384 1215 1573 1286 ἱερέων
1601 1215 1893 1279 τελείωσις,

324 1302 392 1356 δι’
414 1300 577 1356 αὐτοῦ
603 1300 658 1355 δὲ
685 1296 750 1373 δὴ
774 1300 934 1361 πάλιν
962 1300 1315 1374 πολυτρόπως
1362 1305 1727 1375 ήγιασμένων.
1753 1308 1900 1361 Κατ-

323 1392 542 1452 εκαίετο
586 1392 684 1463 μὲν
727 1391 836 1463 γὰρ
879 1390 954 1456 ὡς
1008 1391 1206 1464 μόσχος
1258 1393 1363 1458 ἔξω
1408 1396 1506 1465 τῆς
1550 1396 1900 1469 παρεμϐολῆς

325 1485 470 1556 ὑπὲρ
506 1484 801 1556 ἁμαρτίας,
857 1483 1119 1554 ἐθυμιᾶτο
1144 1485 1202 1539 δὲ
1250 1486 1326 1551 ὡς
1372 1486 1525 1559 κριὸς
1552 1487 1898 1558 καθηκόντως

323 1577 784 1644 όλοκαυτοὺμενος
803 1617 819 1650 ,
858 1573 1098 1645 μελειστὶ
1128 1574 1187 1629 δὲ
1216 1576 1335 1640 ὅλος
1361 1576 1437 1642 ὡς
1474 1577 1615 1650 ὑπὲρ
1668 1578 1898 1632 ἑκάστου

324 1670 421 1722 καὶ
453 1666 591 1737 ὑπὲρ
619 1665 834 1719 πάντων
856 1704 873 1729 ,
909 1665 1101 1736 ὴγίαζε
1128 1664 1205 1737 τῷ
1236 1666 1427 1737 αἵματι
1461 1668 1771 1739 καταχρίων
1800 1668 1899 1721 αὐ-

323 1759 471 1821 τοὺς,
516 1758 592 1820 ὡς
663 1756 817 1829 κριὸς
865 1756 1154 1830 σωτηρίου.
1209 1757 1429 1827 ὀγδόης
1474 1757 1531 1811 δὲ
1574 1757 1672 1829 ἥδη
1714 1758 1900 1811 λοιπὸν

1032 371 1121 427 DE
1158 369 1598 431 ADOBATIONE
1639 370 1709 428 ΙΝ
1747 371 2019 430 SPIRITU
2059 373 2148 429 ET
2190 374 2557 432 VEBITATE.
2597 376 2723 432 LIB.
2764 378 2857 433 XI.

1938 502 1986 561 Α
2081 486 2280 543 PALL.
2313 489 2566 562 Intelligo
2593 492 2928 562 quod.dicis.

3496 384 3601 441 770

2069 576 2227 634 CYR.
2253 578 2525 650 Equidem
2563 593 2702 652 puto
2749 583 3080 640 sacriﬁcium
3114 585 3251 641 illud
3280 602 3381 658 pro
3403 590 3595 645 Aaron

2000 678 2058 726 et
2085 685 2188 741 pro
2232 673 2436 742 p0pulo
2484 672 2695 730 factum
2751 675 3032 746 eleganter
3062 677 3369 748 signiﬁcem
3400 694 3594 737 censeo

2000 764 2302 820 crationem
2326 766 2497 832 illam,
2525 783 2632 837 qua
2661 769 2834 824 sancti
2877 769 3130 825 homines
3154 772 3267 827 Deo
3300 772 3583 830 dicantur.

1997 852 2117 908 Jam
2145 868 2298 920 vero,
2351 863 2710 926 posteaquam
2758 857 3070 915 declaratus
3101 871 3206 926 est,
3256 877 3324 917 ac
3349 863 3591 934 seipsum

1997 945 2355 1016 conspicuum
2408 946 2541 1004 fecit
2584 949 2677 1004 ille
2732 950 3075 1015 Emmanuel,
3135 967 3238 1022 per
3302 969 3469 1024 quem
3494 971 3590 1011 su-

1998 1052 2122 1092 mus
2148 1038 2219 1093 ad
2241 1040 2731 1095 sanctiﬁcationem
2762 1041 2962 1107 vocati,
2999 1049 3115 1096 tum
3151 1043 3388 1113 denique
3428 1060 3586 1102 acce-

1998 1128 2235 1198 ptabiles
2282 1138 2340 1186 et
2361 1131 2527 1195 sacri,
2566 1132 2701 1187 etin
2735 1132 2964 1188 odorem
3012 1133 3298 1189 suavitatis
3325 1135 3471 1190 Patri
3499 1136 3589 1190 di-

2000 1218 2109 1274 cati
2139 1234 2354 1274 sumus.
2401 1220 2580 1275 Velim
2628 1235 2867 1290 namque
2897 1220 3185 1291 observes,
3236 1220 3587 1275 sacerdotum

1999 1308 2465 1364 consecrationem
2499 1325 2598 1380 per
2622 1326 2685 1366 ea
2715 1326 2837 1381 quae
2879 1310 3028 1366 dicta
3074 1319 3224 1376 sunt,
3249 1326 3317 1366 eo
3340 1319 3588 1382 tempore

1998 1399 2189 1471 perﬁci
2237 1401 2615 1465 consuevisse,
2673 1400 2773 1455 sed
2829 1400 3053 1456 eosdem
3087 1400 3258 1456 fuisse
3304 1416 3402 1472 per
3429 1401 3586 1456 illum

2000 1493 2154 1549 varie
2179 1492 2569 1548 sanctiﬁcatos.
2614 1489 3059 1548 Coulburebatur
3086 1493 3236 1547 enim
3267 1501 3328 1547 ut
3359 1492 3462 1548 bos
3489 1507 3587 1548 ex-

2003 1590 2086 1640 tra
2107 1594 2286 1641 castra
2307 1599 2406 1654 pro
2436 1594 2682 1654 peccato,
2728 1583 3126 1640 incendebatur
3169 1583 3316 1639 idem
3351 1590 3412 1638 ut
3442 1583 3587 1639 aries

2001 1684 2369 1747 congruenter
2406 1674 2462 1729 in
2505 1674 2887 1730 holocaustum
2927 1674 3165 1739 oblatus,
3201 1684 3301 1745 per
3338 1674 3585 1731 membra

1999 1766 2256 1821 concisus
2306 1765 2556 1821 simulet
2626 1773 2808 1830 totus,
2876 1775 3133 1851 tanquam
3193 1782 3296 1836 pro
3332 1765 3583 1837 singulis,

319 1850 773 1921 ἀναδεδειγμένης
807 1850 1038 1921 ἡμέρας,
1074 1848 1217 1904 τοῦτ’
1256 1848 1392 1914 ἐστι,
1423 1849 1545 1904 καθ’
1567 1851 1635 1920 ἢν
1662 1851 1896 1919 ἐκφανε-

2002 1858 2244 1927 itemque
2287 1873 2389 1928 pro
2422 1858 2695 1913 universis
2724 1876 2737 1911 :
2772 1848 3151 1913 sanetiﬁcabat
3192 1858 3318 1913 illos
3344 1858 3583 1928 denique

321 1941 487 2013 στὲρα
514 1942 735 2011 γέγονεν
767 1943 800 2013 ἠ
834 1941 960 2007 δόξα
988 1941 1246 2014 Χριστοῦ,
1275 1942 1695 2014 κατηργημένου
1729 1941 1895 1997 θανά·

319 2045 437 2094 του,
488 2030 582 2083 καὶ
611 2031 1004 2101 πεπατημένης
1033 2031 1260 2104 φθορᾶς,
1302 2032 1488 2088 λοιπὸν
1525 2033 1685 2102 ἱερεῖς
1712 2048 1770 2086 τε
1803 2031 1894 2087 καὶ

320 2126 441 2178 λαοὶ⁵
471 2126 879 2197 καρποφοροῦσι
900 2125 1040 2197 Θεῷ,
1060 2127 1159 2180 οὐκ
1188 2125 1413 2189 ὀθνείοις
1435 2124 1707 2196 τιμῶντές
1731 2142 1893 2190 τισιν,

321 2214 441 2267 οὐδὲ
466 2216 581 2277 τοῖς
617 2213 813 2279 ἔξωθεν
849 2215 1231 2286 εὐφραίνοντες
1259 2214 1350 2269 τὸν
1386 2214 1495 2268 τῶν
1522 2215 1657 2269 ὅλων
1688 2214 1895 2268 Δεσπό-

319 2323 441 2375 την,
477 2305 728 2377 καθάπερ
755 2307 851 2361 καὶ
887 2309 916 2361 ό
944 2305 1082 2361 κατὰ
1111 2307 1290 2380 σάρκα
1327 2305 1565 2379 Ἰσραὴλ,
1604 2306 1738 2360 ἀλλὰ
1769 2308 1896 2359 tau.

318 2397 447 2460 εωὺς
471 2397 858 2464 ἀποφαίνοντες
899 2396 1073 2467 εὐώδη
1103 2396 1314 2451 θυσίαν.
1347 2397 1524 2451 Οίονεὶ
1555 2397 1663 2468 γάρ
1689 2414 1805 2462 πως
1836 2398 1894 2451 ἐν

317 2488 492 2542 εἰκόνι
518 2490 631 2551 τοῖς
657 2486 861 2558 θύμασι
900 2488 1000 2552 τὰς
1037 2488 1246 2543 ἑαυτῶν
1281 2487 1669 2559 ίερουργοῦμεν
1696 2487 1892 2557 ψυχάς,

320 2580 417 2639 καὶ
446 2579 565 2650 Θεῷ
599 2580 963 2651 προσάγομεν,
990 2579 1423 2650 ἀποθνήσκοντες
1455 2580 1552 2649 μὲν
1572 2579 1650 2651 τῷ
1680 2581 1891 2650 κόσμῳ,

322 2670 423 2725 καὶ
465 2669 544 2740 τῷ
592 2672 808 2740 φρονεῖν
854 2668 921 2722 τὰ
976 2669 1197 2740 σαρκὸς,
1250 2669 1346 2722 καὶ
1400 2667 1588 2722 παθῶν
1628 2669 1895 2740 νέκρωσιν

325 2759 704 2829 ὑπομένοντες,
741 2759 899 2830 μόνον
926 2760 985 2813 δὲ
1020 2761 1140 2830 οὐχὶ
1163 2759 1622 2831 συσταυρούμενοι
1657 2759 1736 2831 τῷ
1760 2762 1893 2834 Χρι-

320 2850 459 2921 στῷ,
492 2850 576 2905 ἵνα
621 2850 756 2924 πρὸς
792 2849 954 2919 ἁγίαν
985 2852 1080 2905 καὶ
1108 2851 1409 2923 ἀμώμητον
1457 2851 1895 2924 μεταχωροῦντες

318 2939 490 3013 ζωὴν,
520 2931 661 2995 κατὰ
685 2940 746 2994 τὸ
778 2940 925 3012 αὐτῷ
949 2941 1139 2996 δοκοῦν
1171 2941 1595 3014 πολιτευώμεθα.
1643 2942 1894 2999 Τοιοῦτόν

319 3048 376 3085 τι
412 3031 506 3093 καὶ
542 3033 572 3085 ό
616 3029 899 3094 Θεσπέσιος
938 3031 1140 3102 γράφει
1187 3031 1419 3095 Παῦλος·
1458 3050 1478 3084 ι
1512 3032 1751 3086 Πάντοτε
1793 3033 1893 3103 τὴν

320 3124 586 3197 νέκρωσιν
615 3123 707 3177 τοῦ
748 3123 920 3195 Ἰησοῦ
949 3126 1009 3177 ἐν
1032 3123 1109 3195 τῷ
1135 3123 1347 3195 σώματι
1367 3125 1773 3195 περιφέροντες,
1806 3125 1893 3178 ἵνα

320 3216 415 3269 καὶ
435 3218 469 3287 ἡ
493 3214 606 3285 ζωὴ
620 3214 714 3269 τοῦ
732 3213 906 3284 Ἰησοῦ
930 3216 987 3268 ὲν
1005 3215 1081 3283 τῷ
1105 3213 1317 3286 σώματι
1340 3214 1495 3285 ἡμῶν
1517 3215 1827 3285 φανερωθῇ.
1867 3233 1887 3266 ι

320 3312 434 3366 Καὶ
478 3311 677 3365 πάλιν
732 3329 751 3362 ‹
791 3311 854 3363 El
906 3310 1271 3381 ὑπομένομεν,
1321 3310 1416 3363 καὶ
1464 3308 1894 3381 συμϐασιλεύσοο

322 3419 456 3475 μεν·
497 3422 518 3455 ι
550 3405 600 3457 εί
634 3402 1104 3474 συμμορφούμεθα
1122 3402 1205 3474 ’τῷ
1230 3403 1445 3473 θανάτῳ
1468 3404 1564 3457 καὶ
1590 3405 1702 3466 τοῖς
1722 3402 1896 3475 παθή-

322 3512 491 3564 μασιν
544 3478 730 3558 αὐτοῧ,
773 3493 914 3549 κατὰ
954 3493 1014 3547 τὸ
1065 3494 1471 3565 γεγραμμένον,
1515 3495 1760 3549 κοινωνοὶ
1801 3495 1896 3549 καὶ

316 3587 419 3657 τῆς
453 3585 799 3649 ἀναστάσεως
826 3586 921 3640 καὶ
947 3585 1045 3656 τῆς
1080 3585 1234 3656 δόξης
1263 3586 1515 3658 ἐσόμεθα.
1556 3585 1764 3640 Οὐκοῦν
1792 3586 1897 3652 ἔξω

320 3676 425 3745 μὲν
449 3676 545 3745 τῆς
571 3674 745 3745 πύλης
768 3675 907 3746 ὑπὲρ
932 3675 1087 3746 ἡμῶν
1116 3675 1381 3729 πέπονθεν
1409 3678 1438 3730 ὀ
1465 3677 1720 3746 Χριστὸς,
1753 3675 1894 3729 κατὰ

314 3769 420 3839 τὴν
455 3767 550 3821 τοῦ
601 3768 870 3839 μακαρίου
926 3767 1140 3822 Παύλου
1200 3768 1405 3839 φωνὴν,
1463 3766 1648 3837 ἔξιμεν
1692 3766 1752 3821 δὲ
1803 3766 1896 3820 καὶ

316 3856 493 3926 αὐτοὶ,
521 3858 612 3913 τὸν
638 3858 939 3929 ὀνειδισμὸν
959 3857 1121 3911 αὐτοῦ
1152 3858 1427 3929 φέροντες,
1452 3857 1558 3924 ἔξω
1576 3858 1675 3926 τῆς
1698 3856 1890 3929 πύλης,

317 3951 394 4014 ὠς
445 3949 738 4021 μοσχάριον
783 3951 842 4003 ὲν
896 3948 995 4018 ίσῳ
1044 3948 1229 4019 τρόπῳ
1280 3948 1629 4018 σφαζόμενοι,
1670 3949 1764 4002 καὶ
1818 3948 1894 4012 ὼς

317 4041 472 4111 κριὸς
502 4039 993 4109 ὀλοκαυτούμενοι,
1043 4040 1141 4110 τὴν
1163 4042 1220 4092 ὲν
1250 4039 1470 4109 Χριστῷ
1501 4039 1775 4094 πολιτείαν
1802 4040 1893 4093 εὐ-

314 4134 619 4204 ωδιάζομεν
645 4134 723 4203 τῷ
747 4134 894 4203 Θεῷ·
925 4133 1033 4187 Καὶ
1060 4133 1213 4187 ταυτὶ
1242 4133 1340 4202 μὲν
1380 4132 1520 4204 ὑπὲρ
1562 4129 1769 4205 Ἀαρὼν
1801 4133 1894 4186 καὶ

314 4226 427 4280 τῶν
474 4227 570 4279 σὺν
615 4224 762 4295 αὐτῷ
791 4241 849 4278 τε
897 4226 989 4278 καὶ
1021 4224 1081 4289 ἐξ
1130 4224 1295 4278 αὑτοῦ
1328 4224 1396 4278 τά
1445 4223 1682 4294 θύματα,
1722 4224 1791 4278 τὰ
1835 4224 1892 4279 δὲ

315 4318 460 4387 ὑπὲρ
488 4315 581 4370 τοῦ
620 4313 774 4376 λαοῦ,
810 4314 1042 4384 χίμαρος
1074 4314 1134 4366 τὸ
1165 4315 1302 4384 ὑπὲρ
1336 4314 1626 4383 ἁμαρτίας.
1665 4313 1773 4366 Καὶ
1805 4312 1891 4377 τίς

312 4409 344 4460 ό
394 4408 584 4475 λόγος;
628 4405 805 4460 καίτοι
856 4404 1153 4475 μοσχαρίου
1205 4403 1707 4475 προσενηνεγμένου
1755 4403 1891 4475 πρὸς

310 4498 691 4569 ἀποκάθαρσιν
714 4497 921 4568 ἱερέων.
956 4497 1044 4550 Ἐν
1065 4496 1303 4566 ὑπεροχῇ
1324 4496 1379 4548 δὲ
1397 4498 1571 4549 πάντα
1591 4497 1657 4549 τὰ
1679 4497 1887 4568 ίερέων,
1922 4534 1967 4592 D

315 4591 411 4644 καὶ
453 4590 643 4653 θυσίας
692 4587 1066 4658 προσαγωγαὶ,
1103 4587 1196 4640 καὶ
1224 4586 1291 4639 τά
1320 4587 1400 4649 εἰς
1432 4587 1806 4655 άποκάθαρσίν
1831 4605 1892 4642 τε

315 4682 411 4734 καὶ
442 4678 736 4750 ἁγνισμόνλο
772 4678 970 4749 μείζων
1003 4676 1060 4730 δὲ
1085 4675 1157 4740 ὡς
1188 4676 1245 4728 ὲν
1279 4674 1499 4744 μεγέθει
1536 4675 1784 4746 σώματος
1807 4694 1894 4746 χι·

312 4772 494 4842 μάρου
543 4769 856 4841 μοσχάριον,
900 4769 998 4838 τῆς
1041 4768 1098 4821 ἐν
1144 4765 1433 4837 πράγμασι
1478 4766 1674 4837 νοητῆς
1724 4766 1897 4839 ὑπερ-

308 4861 447 4932 οχῆς
494 4859 749 4931 μηνύσιον
790 4863 1054 4931 ἐμφαῖνον
1095 4858 1341 4930 ἐναργές.
1376 4858 1687 4930 Μοσχάριον
1715 4858 1772 4912 δὲ
1803 4859 1898 4912 καὶ

312 4953 489 5024 ἀμνὸς
525 4953 607 5016 είς
642 4952 1016 5022 όλοκάρπωσιν
1058 4951 1158 5021 τὴν
1214 4952 1271 5004 ὲν
1314 4948 1535 5022 Χριστῷ
1590 4950 1891 5020 νηπιότητα

308 5045 424 5098 τῶν
470 5046 528 5105 ἐν
556 5042 737 5095 πίστει
779 5041 1213 5112 καθιερουμένων
1250 5042 1657 5097 ὑπαινίττεται·
1691 5041 1887 5111 μόσχος

310 5124 507 5189 δέκα).
545 5134 696 5205 κριὸς
724 5134 784 5186 τὸ
820 5132 1092 5202 τληπαθὲς
1144 5132 1238 5187 καὶ
1275 5133 1539 5204 ἀνδρεῖον,
1574 5131 1669 5186 καὶ
1706 5131 1804 5202 τὴν
1831 5133 1889 5186 ὲν

315 5224 586 5296 πραότητι
645 5220 1022 5293 καρποφορίαν
1075 5222 1576 5292 κατασημαίνουσιν
1625 5216 1687 5275 εὖ
1749 5222 1892 5292 μάλα

312 5317 410 5370 καὶ
436 5314 527 5370 τοῦ
557 5314 657 5384 μὲν
689 5313 904 5384 πρῶτον
954 5310 1122 5373 τύπος
1149 5313 1177 5364 ό
1207 5311 1436 5381 μόσχοςο
1471 5314 1500 5366 ό
1536 5313 1592 5366 δέ
1627 5328 1689 5380 γε
1739 5316 1889 5381 κριὸς

308 5406 410 5462 τοῦ
429 5406 699 5477 δευτέρου.
717 5403 1010 5474 Διάϐροχος
1037 5401 1093 5456 δι
1107 5401 1186 5470 τῷ
1207 5400 1369 5473 ἐλαίῳ
1406 5403 1683 5473 σεμίδαλις
1712 5403 1812 5474 τῆς
1834 5406 1891 5459 ἐν

312 5495 535 5569 Χριστῷ
568 5496 713 5565 ζωῆς
745 5494 841 5565 τὴν
874 5493 1064 5551 ἐλπίδα
1091 5489 1351 5561 λαμπρὰν
1391 5487 1451 5544 εὖ
1482 5492 1626 5561 μάλα
1656 5495 1890 5565 καταδη-

312 5589 432 5643 λοῑ·
475 5589 536 5642 οὐ
564 5588 675 5659 γάρ
711 5604 793 5660 τοι
846 5582 1243 5650 στμγνάζοντας
1285 5582 1379 5637 καὶ
1435 5583 1886 5656 δεδακρυμένους,

1998 1950 2263 2021 sanguine
2313 1964 2524 2020 ungens
2579 1958 2839 2019 tanquam
2892 1950 3037 2004 aries
3073 1950 3348 2006 salutaris.
3405 1948 3584 2004 Crete-

1997 2057 2141 2105 rum,
2178 2056 2303 2097 cum
2339 2042 2452 2112 jam
2494 2048 2723 2095 octavus
2747 2041 2869 2096 dies
2912 2042 3213 2106 illuxisset,
3282 2041 3330 2096 is
3361 2055 3583 2111 nempe,

1996 2148 2107 2203 quo
2134 2131 2337 2188 Christi
2369 2132 2544 2203 gloria
2593 2131 2795 2195 clarior
2837 2131 2981 2187 facta
3016 2140 3120 2196 est,
3159 2140 3337 2186 morte
3368 2131 3584 2186 destru-

1992 2231 2083 2277 cta
2116 2230 2171 2277 et
2203 2222 2429 2278 interitu
2468 2223 2809 2288 conculcato,
2836 2230 2951 2278 tum
3003 2238 3137 2279 vero
3177 2222 3491 2278 sacerdotes
3516 2236 3585 2278 ac

1995 2314 2185 2385 populi
2230 2315 2343 2379 Dee
2408 2330 2639 2370 munera
2688 2314 2950 2369 offerunt.
2999 2314 3191 2386 Neque
3242 2329 3376 2369 vero
3421 2314 3578 2368 illum

1996 2407 2246 2461 omnium
2276 2405 2568 2460 Dominum
2613 2405 2810 2461 alienis
2861 2405 3190 2476 quibusdam
3219 2405 3380 2463 donis
3402 2406 3580 2461 hono-

1995 2505 2138 2562 rant,
2168 2505 2262 2551 aut
2288 2496 2532 2551 externis
2556 2496 2880 2557 muneribus
2899 2496 3196 2560 oblectant,
3236 2496 3381 2551 sicut
3412 2496 3581 2552 lsracl

1994 2587 2298 2644 secundum
2351 2601 2595 2652 carnem,
2623 2585 2718 2642 sed
2757 2602 2816 2642 se
2856 2587 3006 2656 ipsos
3055 2585 3319 2642 exhibent
3344 2586 3579 2641 hostiam

1994 2679 2237 2734 suaviter
2294 2678 2655 2734 redolentem.
2709 2677 2769 2732 In
2833 2677 2943 2733 illis
2992 2678 3140 2732 enim
3195 2676 3394 2733 hostiis
3455 2686 3579 2732 tan-
3663 2678 3667 2684 ’

1993 2783 2158 2838 quam
2245 2767 2303 2822 in
2385 2766 2619 2837 imagine
2695 2765 3101 2837 quodammodo
3170 2777 3388 2823 nostras
3455 2768 3578 2825 ani-

1994 2875 2112 2914 mas
2147 2858 2515 2922 immolamus,
2566 2859 2790 2927 Deoque
2844 2857 3149 2922 offerimus,
3189 2857 3322 2912 dum
3373 2858 3581 2913 mundo

1992 2951 2153 3024 503
2182 2961 2346 3021 atque
2384 2950 2571 3005 carnis
2617 2950 2901 3021 sapientia
2931 2951 3220 3015 morimur,
3248 2950 3579 3007 etvitiorum

1993 3040 2469 3096 mortiﬁcationem
2496 3040 2765 3106 subimus,
2790 3056 2854 3096 ac
2887 3041 3284 3111 propemodum
3312 3057 3421 3096 una
3453 3057 3581 3096 cum

1993 3134 2212 3190 Christo
2239 3133 2391 3188 cruci
2416 3130 2740 3203 sulﬁgimur,
2762 3141 2824 3187 ut
2875 3133 2944 3187 ad
2984 3142 3233 3189 sanctum
3270 3149 3580 3204 purumque

1994 3222 2215 3280 vivendi
2245 3237 2420 3293 genus
2434 3238 2535 3277 nos
2561 3221 2970 3287 transferentes,
3004 3214 3073 3278 ad
3100 3224 3222 3293 ejus
3236 3224 3577 3289 voluntatem

1993 3315 2161 3369 vitam
2207 3315 2493 3369 ducamus.
2524 3312 2808 3384 Ejusmodi
2852 3312 3136 3382 quidpiam
3184 3314 3377 3369 beatus
3406 3315 3574 3369 etiam

1994 3409 2194 3464 Paulus
2242 3406 2487 3463 scribit:
2555 3424 2574 3458 ι
2612 3404 2841 3475 Semper
2900 3403 3377 3465 mortiﬁcationem
3446 3406 3574 3460 Jesu

1995 3501 2051 3555 in
2077 3516 2304 3570 corpore
2332 3494 2801 3561 circumferentes,
2824 3504 2885 3553 ut
2908 3497 3093 3553 etvita
3118 3496 3245 3552 Jesu
3270 3496 3325 3552 in
3347 3513 3579 3568 corpore

1993 3600 2184 3647 nostro
2213 3591 2676 3646 manifestetur".
2703 3609 2721 3639 ι
2741 3588 2810 3643 Et
2829 3584 3026 3644 iterum
3052 3607 3064 3643 :
3089 3610 3107 3640 ι
3131 3589 3186 3643 Si
3218 3589 3575 3655 sustinemus,

1994 3692 2050 3738 et
2069 3681 2522 3752 eonrognabimus
2538 3681 2604 3733 ⁸⁸.
2643 3679 2730 3733 »ὃί
2755 3680 3167 3739 conformaer
3184 3680 3251 3736 ad
3273 3682 3392 3751 ejus
3423 3696 3577 3736 mor-

1994 3780 2105 3828 tem
2142 3781 2305 3842 atque
2326 3773 2655 3842 passionem,
2687 3779 2748 3826 ut
2778 3771 3043 3840 scriptum
3069 3779 3155 3825 est
3174 3772 3239 3837 ",
3274 3771 3409 3826 socii
3437 3786 3576 3841 quo-

1994 3880 2101 3935 que
2126 3863 2547 3919 resurrectionis
2578 3872 2635 3918 et
2680 3863 2869 3931 gloria:
2918 3862 3093 3932 ipsius
3130 3862 3357 3917 erimus.
3403 3862 3579 3933 Igitur

1993 3963 2145 4011 extra
2167 3965 2380 4025 portam
2407 3954 2630 4024 quidem
2658 3969 2757 4023 pro
2770 3953 2932 4008 nobis
2960 3969 3151 4023 passus
3188 3961 3274 4008 est
3299 3952 3577 4019 Christus,

1993 4055 2056 4101 ut
2074 4047 2268 4103 beatus
2289 4046 2491 4101 Paulus
2512 4045 2589 4100 ait
2603 4046 2648 4077 ⁷⁸
2675 4063 2692 4112 ;
2723 4045 2938 4100 eximus
2965 4045 3068 4115 ipsi
3094 4061 3334 4116 quoque,
3362 4046 3575 4116 impro-

1993 4137 2206 4207 perium
2225 4138 2344 4208 ejus
2375 4144 2680 4207 portantes,
2703 4146 2856 4191 extra
2879 4146 3094 4205 portam
3118 4153 3132 4200 ;
3166 4144 3226 4190 et
3245 4135 3436 4190 eodem
3461 4137 3574 4189 ritu

1991 4243 2056 4283 ac
2077 4228 2283 4283 vitulus
2313 4227 2680 4291 immolamur,
2707 4234 2763 4281 et
2785 4234 2846 4280 ut
2886 4226 3030 4279 aries
3054 4265 3069 4289 ,
3103 4225 3158 4278 in
3192 4224 3575 4279 holocaustum

1993 4319 2185 4384 oblati,
2221 4319 2448 4381 odorem
2474 4318 2589 4371 Deo
2616 4317 2942 4371 Christiana:
2975 4314 3408 4371 conversationis
3436 4315 3575 4370 ado-

1992 4409 2189 4466 lemus.
2225 4407 2403 4476 Atque
2435 4406 2520 4463 ha:
2561 4405 2755 4460 hostiae
2797 4420 2899 4474 pro
2937 4404 3118 4459 Aaron
3139 4405 3367 4474 ejusque
3407 4404 3578 4465 sociis

1994 4515 2058 4554 ac
2098 4498 2287 4552 liberis
2316 4485 2647 4558 offeruntur,
2672 4495 2769 4551 sed
2810 4511 2911 4565 pro
2957 4494 3160 4563 p0pulo
3202 4493 3424 4550 victima
3471 4510 3576 4565 pro

1994 4599 2221 4659 peccato
2254 4589 2441 4643 hircus
2475 4596 2580 4643 est.
2607 4587 2675 4641 Et
2697 4602 2819 4656 quae
2851 4586 3070 4641 tandem
3098 4594 3182 4641 est
3201 4586 3321 4656 ejus
3352 4586 3434 4641 rei
3477 4601 3572 4641 ra-

1995 4681 2115 4735 tio?
2148 4695 2274 4734 cum
2324 4678 2629 4749 praesertim
2680 4677 2749 4732 ad
2795 4676 3143 4731 sacerdotum
3202 4677 3572 4747 expiationem

1993 4772 2188 4826 fuisset
2206 4771 2414 4825 vitulus
2462 4769 2700 4824 oblatus.
2741 4767 2848 4823 Sed
2895 4767 2949 4823 in
2989 4768 3369 4823 sacerdotibus
3409 4784 3572 4839 supe-

1995 4861 2140 4915 riora
2160 4869 2288 4914 sunt
2315 4858 2520 4921 omnia,
2538 4865 2652 4912 tum
2678 4856 2933 4912 sacriﬁcii
2958 4856 3284 4924 oblationes,
3317 4865 3432 4912 tum
3448 4874 3573 4928 qua:

1995 4950 2063 5006 ad
2086 4950 2451 5020 expiationem
2473 4949 3068 5018 sanctiﬁcationemque
3092 4948 3370 5018 pertinent
3400 4967 3413 5001 :
3449 4964 3569 5003 ma-

1989 5044 2079 5114 jor
2104 5051 2187 5096 est
2221 5048 2402 5095 autem
2427 5039 2678 5109 corporis
2706 5040 2848 5094 mole
2872 5038 3080 5093 vitulus
3101 5037 3278 5105 hirco,
3307 5037 3566 5106 spiritua-

1994 5135 2062 5189 lis
2086 5149 2268 5187 rerum
2291 5133 2618 5203 praestantia:
2635 5132 2909 5201 specimen
2936 5147 3049 5200 pra:
3085 5145 3144 5184 se
3177 5128 3379 5183 ferens.
3410 5129 3568 5184 Vitu-

1993 5224 2080 5279 lus
2107 5232 2289 5278 autem
2313 5232 2369 5279 et
2405 5239 2577 5294 agnus
2606 5224 2663 5278 in
2698 5223 3077 5277 holocaustum
3122 5218 3402 5272 hominum
3461 5215 3568 5270 ﬁde

1995 5321 2439 5369 consecratorum
2485 5314 2541 5368 in
2586 5313 2807 5369 Christo
2840 5311 3124 5367 infantiam
3154 5308 3396 5363 insinuat
3426 5327 3439 5362 :
3468 5307 3571 5362 bos

1994 5421 2128 5460 vero
2146 5414 2205 5460 et
2223 5406 2366 5461 aries
2392 5405 2713 5477 patientiam
2730 5414 2791 5462 et
2822 5401 3222 5466 fortitudinem,
3247 5408 3304 5454 et
3327 5399 3381 5453 in
3408 5410 3566 5453 man-

1997 5498 2287 5554 suetudine
2304 5497 2583 5552 fructuum
2611 5496 2917 5550 ubertatem
2942 5492 3201 5565 praeclare
3222 5490 3566 5565 signiﬁcant;

1996 5590 2060 5659 ac
2081 5590 2283 5660 prioris
2311 5590 2458 5644 illius
2498 5587 2671 5659 ﬁgura
2713 5595 2797 5642 est
2853 5585 2974 5654 bos,
3028 5584 3173 5640 aries
3223 5582 3565 5659 posterioris.

387 5789 430 5823 ⁸⁷
462 5786 509 5843 ll
536 5784 663 5840 Cor.
702 5798 772 5847 l\',
807 5778 892 5833 lO.
968 5776 1085 5835 9⁸11
1116 5778 1255 5833 Tim.
1292 5794 1355 5845 ιι,
1384 5780 1468 5835 19.
1543 5780 1586 5815 ⁸³
1640 5782 1795 5839 Rom.
1830 5801 1896 5841 vn

1995 5786 2066 5841 l9.
2142 5788 2187 5819 το
2223 5786 2388 5842 Hebr.
2419 5803 2533 5855 xm,
2565 5787 2645 5845 12.
