4172 6350
3381 424 3512 440 “’·.ι-

886 671 1352 837 VITA
1483 671 2179 832 SANGTI
2289 667 3083 824 CYRILLI

1489 946 1963 1008 PATRIARCHIE
1999 944 2479 1004 ALEXANDRINI

1015 1140 1162 1206 (Acta
1180 1141 1480 1192 Sanctorum
1498 1134 1751 1200 Bolland.,
1777 1135 2002 1188 Januarii
2031 1140 2153 1186 tom.
2181 1132 2243 1193 ll,
2264 1131 2349 1182 die
2369 1131 2449 1195 28,
2469 1147 2602 1185 anno
2621 1131 2802 1187 Christi
2824 1131 2956 1196 ηδ.)

561 1446 590 1520 §
615 1447 659 1504 l.
693 1446 752 1504 S.
777 1446 970 1521 Cyrilli
994 1445 1216 1514 natalis,
1256 1452 1409 1511 mtas,
1440 1444 1701 1516 reliquiae.

395 1582 442 1636 l.
463 1583 697 1638 Multum
712 1582 962 1639 Ecclesia
978 1580 1251 1638 catholica
1267 1580 1324 1636 8.
1341 1578 1931 1652 CyrilloAlexandrino

328 1676 505 1739 debet,
523 1677 648 1748 ejus
672 1675 941 1748 singulari
966 1675 1282 1732 eruditione
1307 1675 1594 1746 animique
1620 1671 1932 1730 constantia

327 1769 588 1824 adversus
602 1769 901 1825 haereticos
919 1768 1238 1824 ﬁdelissime
1257 1768 1688 1839 felicissimeque
1723 1782 1930 1839 propu-

325 1870 478 1933 gnata
516 1880 530 1916 :
565 1862 806 1934 ideoque
841 1863 870 1916 ὁ
911 1863 1012 1934 τῆς
1043 1862 1212 1935 ὀρθῆς
1238 1863 1334 1917 καὶ
1355 1863 1667 1935 ἀμωμήτου
1697 1862 1934 1925 πίστεως

327 1957 658 2028 συνήγορος,
715 1966 876 2013 rectm
930 1965 981 2011 et
1031 1955 1398 2012 immaculata
1450 1955 1579 2025 ﬁdei
1645 1955 1932 2012 advocatus

323 2049 630 2119 appellatur
678 2049 738 2104 in
795 2049 1034 2105 concilio
1085 2049 1434 2106 (ecumenico
1494 2048 1934 2105 Chalcedonensi

322 2148 425 2196 act.
455 2141 530 2206 ὅ,
579 2142 639 2196 in
688 2141 880 2198 libello
928 2141 1208 2198 Theodori
1255 2141 1500 2208 diaconi,
1542 2141 1934 2199 ecclesiasticis

323 2231 535 2286 concilii
590 2231 971 2288 monumentis
1019 2232 1250 2288 inserto.
1303 2233 1420 2289 [mo
1465 2226 1739 2304 tanquam'
1785 2232 1936 2289 sedis

323 2323 638 2393 apostolicae
661 2324 931 2391 vicarius,
961 2325 1159 2396 aequali
1188 2341 1316 2381 cum
1360 2325 1418 2382 8.
1461 2325 1648 2382 Leone
1674 2317 1937 2398 pontiﬁce

326 2415 572 2471 Romano
595 2417 812 2472 honore
841 2417 1102 2489 dignatus
1123 2428 1207 2474 est
1239 2419 1297 2474 in
1331 2419 1570 2476 concilio
1609 2417 1936 2474 Constanti-

325 2509 642 2578 nopolitano
672 2526 764 2565 an.
793 2509 927 2566 Chr.
960 2511 1084 2577 536,
1110 2511 1214 2566 sub
1251 2511 1450 2568 Menna
1491 2512 1807 2584 patriarcha
1831 2512 1938 2570 ha-

325 2600 456 2656 bito.
477 2602 562 2658 Ita
592 2604 812 2659 actione
842 2603 867 2660 1
895 2622 907 2658 :
939 2623 957 2656 ι
984 2603 1257 2672 Quoniam
1280 2603 1751 2662 Chalcedonensis
1773 2620 1940 2679 syno-

325 2695 425 2752 dus
439 2713 549 2752 non
575 2699 757 2753 solum
780 2697 985 2754 Leonis
1005 2709 1209 2756 sanctae
1227 2700 1529 2766 memoria»,
1553 2715 1747 2756 verum
1768 2701 1936 2758 etiam

323 2797 380 2844 et
403 2788 592 2862 Cyrilli
611 2790 1121 2848 Alexandrinorum
1149 2808 1180 2847 a
1200 2793 1314 2849 Deo
1337 2793 1504 2848 amati
1522 2794 1783 2864 pastoris,
1811 2810 1932 2850 me—

324 2885 553 2940 moriam
580 2884 637 2940 in
669 2885 980 2940 orthodoxa
1005 2884 1112 2941 ﬁde
1143 2885 1302 2951 fecit;
1336 2894 1394 2940 et
1431 2884 1672 2959 Cyrillus
1707 2887 1934 2958 quidem

324 2979 730 3036 Alexandrinus
767 2980 823 3036 in
867 2980 1145 3053 diptycbis
1193 2980 1545 3050 praedicatur,
1591 2980 1705 3038 Leo
1746 2990 1934 3038 autem

325 3077 522 3124 sancta:
553 3067 842 3125 memoria:
869 3084 980 3123 non
1000 3066 1369 3140 praedicatur;
1396 3069 1608 3139 justum
1650 3077 1932 3140 putamus,

325 3171 385 3216 ut
404 3161 554 3234 quod
578 3160 760 3218 defuit
780 3161 1106 3234 suppleatur
1137 3179 1151 3217 :
1183 3170 1241 3217 et
1269 3160 1399 3232 quia
1418 3160 1705 3232 aequaliter
1733 3161 1804 3218 ab
1830 3161 1937 3217 hac

323 3267 508 3312 sancta
542 3255 758 3328 synodo
799 3272 906 3326 pro
943 3262 1090 3310 statu
1138 3252 1463 3310 orthodoxae
1502 3253 1631 3308 ﬁdei
1678 3251 1938 3342 honorati

323 3359 450 3404 sunt
476 3349 762 3415 similiter,
799 3358 858 3404 et
885 3349 944 3404 in
976 3348 1150 3405 sacris
1177 3346 1456 3420 diptychis
1501 3361 1602 3417 pro
1623 3346 1860 3402 utilitate
1881 3354 1938 3400 et

322 3456 453 3512 pace
481 3442 745 3498 Ecclesiae
773 3440 1168 3511 praedicentur.
1204 3459 1222 3490 ι

389 3535 442 3590 2.
464 3534 643 3591 (ἔτωοί
663 3543 834 3605 agunt
856 3533 912 3589 8.
938 3533 1129 3606 Cyrilli
1164 3549 1220 3587 1x
1254 3532 1406 3589 Junii
1427 3532 1802 3596 festivitatem,
1824 3546 1936 3602 quo

321 3627 410 3682 die
440 3626 816 3699 Menologium
850 3645 862 3680 :
907 3645 926 3678 ‹
965 3626 1178 3683 Natalis
1206 3626 1262 3684 S.
1288 3625 1504 3699 Cyrilli,
1526 3625 1632 3681 viri
1667 3625 1936 3682 eruditis-

321 3719 466 3784 simi,
509 3720 803 3776 catholicae
845 3719 975 3776 ﬁdei
1013 3720 1441 3792 propugnatoris
1482 3718 1732 3791 egregii:
1769 3734 1935 3790 quem

322 3827 574 3869 summus
604 3813 856 3886 pontifex
878 3813 1216 3870 leestinus
1243 3813 1506 3870 idoneum
1525 3811 1797 3884 judicavit
1845 3811 1936 3866 cui

323 3920 447 3960 suas
502 3907 660 3963 vices
717 3906 775 3962 in
829 3906 1116 3977 Ephesino
1157 3905 1396 3962 concilio
1441 3904 1740 3976 delegaret.
1802 3923 1821 3954 ›
1875 3903 1937 3958 ln

323 3997 541 4055 Menaeis
572 4018 620 4054 ;‹
649 3999 840 4056 Sancti
861 3998 1044 4055 Patris
1073 3997 1250 4055 nostri
1270 3997 1483 4070 Cyrilli,
1512 3998 1672 4068 Papa:
1695 3997 1934 4052 Alexan-

323 4089 485 4148 drini.
527 4114 547 4147 ›

463 4204 732 4276 Κύριλλον
757 4204 915 4275 ὑμνῶ
941 4203 1038 4276 τοῦ
1074 4202 1286 4276 Κυρίου
1321 4201 1613 4276 μουλφίλον
1631 4241 1646 4263 ,

459 4273 575 4330 Καὶ
607 4273 823 4346 Κυρίαζ
855 4275 1144 4347 πρόμαχον
1171 4273 1566 4346 ἁαπαρθένου.

459 4383 730 4456 Cyrillum
757 4383 963 4438 celebro
995 4381 1210 4437 Domini
1225 4381 1341 4456 Antei
1370 4380 1623 4439 amicum,

457 4453 530 4511 Εὶ
575 4456 822 4511 Domina:
854 4469 1064 4526 semper
1101 4453 1320 4526 virginis
1353 4456 1825 4522 propugnatorem.

389 4592 443 4648 5.
490 4592 673 4648 Variis
702 4590 954 4664 ejusdem
984 4590 1221 4646 virtutes
1246 4587 1390 4651 odis,
1427 4583 1669 4657 hymnis,
1708 4591 1766 4636 et
1794 4579 1937 4635 anti-

320 4685 520 4756 pbonis
546 4686 908 4743 celebrantur
937 4684 994 4739 in
1014 4683 1226 4740 eisdem
1259 4679 1502 4744 Memeis,
1528 4688 1646 4734 tum
1675 4676 1785 4731 hoc
1819 4674 1932 4740 die,

319 4787 432 4834 tum
463 4795 596 4834 xvm
627 4778 901 4844 Januarii,
943 4793 1056 4848 quo
1087 4773 1320 4832 solemni
1351 4787 1482 4828 eum
1512 4771 1664 4827 cultu
1706 4769 1934 4832 iterum,

320 4887 426 4927 una
447 4888 576 4928 cum
608 4872 663 4928 S.
693 4870 1019 4937 Athanasio,
1045 4877 1404 4932 venerantur,
1431 4876 1488 4922 et
1511 4865 1617 4920 hoc
1637 4875 1934 4934 utrumque

316 4975 520 5020 emant
547 4963 844 5019 encomio:
899 4981 917 5014 ε
956 4961 1052 5018 SS.
1089 4958 1427 5016 Athanasius
1457 4968 1514 5013 et
1550 4956 1790 5029 Cyrillus
1833 4971 1932 5026 pa-

318 5053 576 5111 triarchae
603 5053 992 5110 Alexandrini.
1018 5053 1100 5108 Ex
1126 5052 1216 5108 his
1247 5050 1469 5107 duobus
1510 5047 1568 5104 S.
1597 5047 1934 5105 Athanasius

315 5144 455 5201 vixit
510 5145 824 5216 imperante
869 5143 1239 5201 Constantino
1288 5142 1504 5214 Magno,
1549 5150 1605 5198 et
1651 5141 1708 5196 in
1752 5139 1934 5211 primo

315 5235 554 5291 concilio
576 5236 824 5302 Nicano,
853 5235 1104 5292 nondum
1137 5235 1433 5306 episcopus
1470 5243 1712 5299 creatus,
1745 5232 1935 5288 verbis

313 5335 370 5381 et
409 5329 637 5399 scriptis
669 5328 960 5399 sapientiai
979 5327 1162 5399 plenis
1192 5328 1386 5383 Arium
1410 5325 1720 5392 confutavit
1745 5335 1801 5381 et
1831 5341 1932 5396 pu-

313 5418 538 5476 defecit.
567 5421 698 5477 Post
726 5431 968 5477 mortem
989 5435 1128 5478 vero
1153 5421 1454 5478 Alexandri
1475 5419 1932 5492 archiepiscopus

1964 1451 2005 1504 Α
2038 1439 2331 1511 Theophili
2354 1437 2757 1510 archiepiscopi
2785 1435 3146 1494 Alexandrini
3172 1451 3205 1493 e
3229 1450 3422 1493 sorore
3451 1452 3646 1509 nepos,

2033 1544 2090 1589 et
2113 1533 2168 1588 in
2195 1533 2327 1589 sede
2357 1530 2816 1604 archiepiscopali
2843 1545 3153 1598 successor,
3188 1531 3286 1602 qui
3315 1530 3492 1592 tertiae
3514 1548 3643 1604 syn-

2033 1627 2144 1683 odo
2176 1627 2381 1699 Ephesi
2427 1627 2723 1684 celebrata;
2765 1626 3024 1698 prmfuit,
3077 1636 3136 1682 et
3165 1625 3485 1682 Nestorium
3527 1626 3644 1697 (qui

2035 1723 2208 1778 multa
2240 1721 2560 1794 blasphema
2599 1721 2656 1776 in
2674 1720 2967 1776 Dominam
2997 1730 3241 1777 neStram
3275 1720 3373 1776 Dei
3413 1721 3648 1792 genitri-

2034 1830 2155 1871 cem
2199 1815 2455 1886 dogmata
2496 1814 2768 1886 evomuit)
2815 1813 3102 1869 damnavit
3141 1823 3200 1870 et
3243 1814 3644 1870 exauctoravit.

2033 1907 2276 1981 Cyrillus
2306 1923 2462 1973 vero,
2493 1921 2622 1964 cum
2657 1907 2849 1963 multis
2873 1906 3138 1978 pmélare
3161 1905 3322 1962 factis
3347 1915 3405 1964 et
3427 1907 3647 1963 virtuti-

2035 2002 2142 2058 bus
2164 2002 2452 2067 eluxisset,
2479 2001 2548 2056 ad
2585 2001 2883 2056 Dominum
2915 1999 3194 2072 migravit.

2107 2095 2162 2149 4.
2215 2111 2234 2146 ι
2269 2093 2406 2150 Erat
2451 2092 2792 2150 Athanasius
2826 2093 3097 2149 mediocri
3121 2101 3334 2150 statura
3372 2095 3646 2164 corporis,

2035 2185 2288 2243 modeste
2317 2187 2485 2260 latus,
2515 2186 2803 2251 incurvus,
2831 2196 2988 2258 grato
3007 2193 3257 2256 aspectu,
3279 2184 3502 2241 decenti
3529 2185 3647 2240 cal-

2036 2279 2190 2346 vitie,
2229 2279 2448 2336 adunco
2477 2295 2643 2348 naso;
2673 2279 2849 2336 barba
2875 2291 2990 2336 non
3029 2278 3326 2334 admodum
3350 2279 3645 2351 promissa,

2037 2372 2134 2428 sed
2176 2372 2379 2429 diﬂ‘usa
2422 2382 2480 2430 et
2511 2387 2682 2444 genas
2711 2372 3016 2439 vestiente;
3057 2384 3154 2429 ore
3186 2371 3367 2438 brevi,
3399 2381 3458 2428 et
3485 2373 3644 2443 quasi

2037 2466 2243 2535 inciso;
2267 2481 2381 2522 non
2407 2465 2806 2522 omninO'cano
2833 2465 3038 2538 capite,
3076 2480 3184 2522 nec
3205 2481 3346 2537 pure
3368 2465 3516 2532 albo,
3547 2466 3645 2521 sed

2039 2558 2308 2617 subﬁavo.
2335 2559 2572 2616 Sanetus
2609 2570 2795 2616 autem
2821 2557 3062 2632 Cyrillus
3080 2558 3250 2615 breve
3276 2559 3411 2631 quid
3435 2558 3650 2615 habens

2039 2664 2167 2711 cum
2197 2654 2385 2711 colore
2417 2653 2679 2726 gratiore,
2706 2653 2974 2709 abnuenti
2992 2651 3190 2709 similis
3221 2663 3478 2725 aspectu;
3507 2654 3648 2710 den-

2039 2747 2117 2803 sis
2172 2757 2230 2804 et
2275 2745 2473 2820 pilosis
2521 2746 2836 2819 superciliis
2887 2745 3211 2819 magnisque
3253 2757 3311 2804 et
3355 2747 3412 2803 in
3455 2764 3649 2805 arcum

1965 2841 2008 2896 Β
2035 2840 2213 2906 ﬂexis,
2256 2841 2606 2912 frontemque
2648 2839 3069 2908 claudentibus;
3106 2855 3243 2896 naso
3277 2841 3450 2913 justo,
3492 2843 3651 2914 cujus

2037 2933 2420 3006 diapbragma,
2473 2948 2573 2990 seu
2623 2933 2979 2990 intervallum
3020 2934 3264 3002 narium,
3311 2937 3652 2994 contractius

2035 3036 2192 3094 erat;
2230 3027 2388 3099 genis
2402 3026 2668 3092 extensis,
2695 3026 2858 3083 labiis
2881 3027 3248 3096 tumentibus,
3271 3045 3369 3085 ore
3399 3029 3649 3096 diducto,

2035 3119 2218 3176 fronte
2251 3120 2593 3192 angustiore,
2624 3119 2722 3175 sed
2757 3121 3030 3187 recalvus,
3063 3121 3234 3178 densa
3283 3137 3349 3178 ac
3380 3125 3652 3194 promissa

2037 3212 2210 3268 barba
2238 3211 2596 3279 venerabilis,
2621 3213 2808 3284 crispo
2843 3212 3103 3284 utrinque
3135 3215 3336 3286 capillo
3369 3226 3433 3271 et
3481 3218 3652 3273 ﬂave-

2037 3316 2226 3362 scente
2268 3322 2333 3362 ac
2374 3306 2676 3362 semicano.
2721 3305 2968 3374 Quorum
3009 3307 3131 3364 dies
3169 3307 3344 3365 festus
3381 3309 3651 3383 agiturin

2038 3397 2400 3454 sanctissimae
2431 3397 2652 3469 Sophia;
2676 3398 2903 3469 templo.
2949 3417 2968 3450 ι

2110 3491 2162 3545 5.
2233 3489 2416 3546 Latini
2475 3489 2744 3564 Cyrillum
2805 3491 2914 3548 hoc
2945 3508 3141 3548 \xxvm
3199 3493 3450 3550 Januarii
3507 3496 3658 3552 refe-

2040 3593 2188 3640 runt.
2213 3583 2517 3654 Antiquum
2551 3583 2608 3640 S.
2631 3584 2854 3640 Martini
2881 3585 3128 3642 Treviris
3162 3587 3610 3662 Martyrologium
3639 3610 3653 3645 :

2047 3695 2064 3726 ι
2105 3676 2166 3732 In
2191 3675 2548 3742 Alexandria,
2589 3675 2784 3749 Cyrilli
2832 3677 3081 3750 episcopi
3130 3687 3189 3734 et
3222 3681 3582 3740 confessoris.
3628 3707 3648 3736 ι

2040 3768 2347 3834 Usuardus,
2373 3769 2542 3836 Beda,
2567 3769 2709 3835 Ado,
2735 3768 3036 3838 Notkerus,
3058 3771 3342 3829 Bellinus:
3374 3794 3392 3827 ‹
3418 3777 3656 3834 Alexan-

2039 3861 2196 3928 driae,
2224 3860 2285 3918 B.
2310 3861 2504 3935 Cyrilli
2529 3863 2800 3936 episcopi,
2834 3863 3235 3936 quicatholicze
3273 3866 3402 3924 ﬁdei
3427 3871 3657 3940 praecla-

2041 3955 2293 4012 rissimus
2326 3955 2540 4014 exstitit
2568 3968 2965 4029 propugnator.
2997 3977 3015 4010 ι
3049 3958 3255 4014 Eadem
3300 3960 3510 4017 habent
3534 3978 3653 4019 ma-

2039 4047 2324 4120 nuscripta
2367 4049 2642 4120 plurima;
2677 4051 2902 4106 additur
2931 4050 2989 4107 in
3020 4052 3300 4107 Romano:
3339 4072 3356 4103 ι
3391 4054 3655 4114 Doctrina

2041 4151 2099 4195 et
2129 4139 2425 4195 sanctitate
2477 4140 2710 4196 illustris
2748 4141 2962 4212 quievit
2999 4141 3056 4196 in
3090 4157 3246 4214 pace.
3288 4161 3306 4195 ι
3337 4142 3656 4204 Galesinius

1955 4222 1996 4279 C
2037 4241 2246 4289 mutata
2287 4233 2516 4305 paulum
2568 4233 2805 4306 phrasi:
2857 4253 2876 4286 «
2927 4234 3298 4304 Alexandriae,
3351 4237 3409 4294 8.
3455 4237 3653 4311 Cyrilli

2035 4323 2302 4396 episcopi,
2339 4324 2599 4381 acerrimi
2639 4324 3155 4398 religiosissimique
3199 4326 3328 4384 ﬁdei
3363 4329 3655 4388 catholica:

2036 4416 2369 4473 defensoris.
2422 4437 2441 4469 ι
2489 4418 2801 4474 Florarium
2859 4433 2965 4475 ms.
3015 4429 3074 4475 et
3119 4419 3404 4493 Martyrol.
3453 4421 3652 4480 Colon.

2037 4511 2427 4568 Alexandriam
2471 4511 2530 4567 in
2566 4511 2780 4569 Grzecia
2811 4513 3120 4579 collocant,
3163 4515 3379 4570 enormi
3424 4518 3652 4586 mendo,

2038 4604 2147 4659 nisi
2166 4603 2436 4660 Graeciam
2472 4605 2806 4675 generaliter
2834 4605 3196 4676 accipiamus,
3230 4621 3340 4677 qua
3368 4607 3478 4664 late
3519 4617 3656 4664 tunc

2038 4711 2138 4764 per
2161 4694 2445 4752 Orientem
2471 4695 2645 4753 Graeci
2679 4695 2955 4753 sermonis
2979 4711 3113 4752 usus
3140 4699 3385 4764 exstitit;
3409 4715 3535 4755 xxix
3555 4701 3655 4758 Ja-

2038 4788 2222 4843 nuarii
2267 4787 2441 4846 refert
2479 4805 2609 4845 cum
2652 4789 2925 4858 Felicius;
2971 4798 3212 4863 utroque
3256 4791 3608 4866 Maurolyeus
3633 4811 3653 4850 :

2038 4898 2069 4938 a
2097 4883 2324 4953 quibus,
2359 4886 2440 4940 uti
2470 4883 2640 4940 etiam
2668 4883 2774 4940 hoc
2797 4884 2889 4940 die
2920 4883 2978 4940 in
3001 4884 3394 4958 Martyrologio
3418 4884 3652 4942 Germa-

2038 4977 2186 5041 nico,
2217 4977 2424 5032 dicitur
2457 4996 2475 5027 ι
2508 4977 2826 5043 Theodosio
2865 4976 3099 5034 Seniore
3133 4979 3447 5049 imperante
3489 4979 3651 5051 quie-

2038 5072 2206 5128 visse.
2246 5093 2262 5124 ι

2108 5165 2160 5221 6.
2189 5166 2299 5222 llos
2325 5165 2463 5222 forte
2498 5175 2725 5222 secutus
2754 5165 3020 5238 Alegreus
3042 5166 3096 5220 in
3127 5165 3392 5223 Paradiso
3420 5167 3654 5227 Carme-

2036 5258 2173 5315 litici
2197 5258 2438 5326 decoris,
2491 5267 2639 5316 statu
2663 5259 2720 5326 2,
2752 5268 2915 5316 aetate
2945 5261 2998 5324 6,
3025 5274 3074 5314 c.
3123 5258 3212 5325 1‘2,
3261 5259 3339 5316 ita
3379 5261 3528 5334 scrip
3543 5267 3614 5319 sit
3643 5288 3654 5318 -.

2044 5373 2063 5406 ‹
2094 5353 2339 5409 Tandem
2364 5354 2658 5426 sapientia,
2685 5353 3028 5426 eloquentia,
3065 5355 3320 5412 acumine
3344 5365 3402 5413 et
3440 5359 3654 5414 sancti-

2035 5454 2146 5503 tate
2195 5446 2448 5518 insignis,
2500 5447 2778 5519 gloriosus
2824 5446 2929 5502 sub
2985 5448 3303 5505 Theodosio
3353 5450 3550 5522 Magno
3595 5462 3654 5508 et
3708 5456 3724 5511 ξ

312 5511 664 5616 Διθηξωτίθθ
707 5513 1023 5616 ordinatus
1065 5530 1097 5570 ³
1126 5514 1452 5616 (δίῖηδαξθίίθ
1503 5514 1675 5570 variis
1719 5513 1931 5616 “ﬁliis
1963 5587 2008 5616 ῃ
2034 5511 2335 5598 Ctelestino
2373 5511 2560 5613 papavl
2607 5541 2908 5607 claruerat,
2945 5542 3106 5599 annis
3133 5544 3203 5599 ab
3235 5511 3472 5601 obtenta
3495 5543 3650 5600 orbis

314 5607 616 5705 exercitus,
785 5607 928 5665 duos
967 5617 1026 5705 et
1067 5608 1433 5705 quadraginta
1475 5623 1652 5705 amitis
1692 5605 1932 5705 θῆείάυίδ
1963 5587 2008 5643 D
2033 5633 2210 5688 salute
2229 5632 2354 5688 444.
2373 5587 2405 5684 ἴ
2425 5587 2526 5688 Arst
2557 5631 2662 5687 ista
2685 5647 2851 5703 quam
2883 5587 3113 5700 distant,
3150 5587 3444 5705 imperium
3468 5635 3647 5690 Theo-
3729 5639 3732 5644 '

312 5702 804 5768 persecutionibus
837 5701 1170 5773 exagitatus,
1203 5702 1463 5774 migravit
1501 5701 1570 5756 ad
1604 5699 1920 5757 Dominum.

314 5789 553 5850 Sanctus
566 5803 751 5851 autem
772 5795 1016 5868 Cyrillus
1032 5795 1137 5851 sub
1154 5795 1468 5852 Theodosio
1485 5795 1694 5850 Minorc
1713 5793 1920 5860 floruit,

560 5917 842 5982 PATROL.
878 5918 997 5980 Gn.
1034 5917 1296 5980 LXVIII.

2033 5726 2178 5783 dosii
2209 5725 2409 5799 Magni,
2439 5735 2497 5782 et
2531 5725 2818 5784 Caelestini
2846 5728 3237 5800 pontiﬁcatus!
3273 5728 3538 5784 Mortuus
3562 5737 3644 5784 est

2035 5818 2384 5876 Theodosius
2399 5818 2648 5894 Magnus,
2671 5821 2788 5878 sive
2823 5821 3158 5897 Senior,jan.
3182 5821 3316 5877 Chr.
3345 5819 3471 5876 395.
3499 5818 3640 5875 Evc-

2157 5955 2162 5958 -
3205 5919 3234 5983 1
