4172 6454
463 327 524 383 η
1798 326 1853 382 s.
1897 324 2176 380 CYRILLI
2216 324 2399 379 V'lTA.
3690 329 3758 383 με

460 455 583 503 ctus
602 454 688 501 est
706 444 779 499 ad
808 445 1069 502 Romana:
1099 444 1360 502 Ecclesiae
1384 442 1765 516 pontificatum
1796 443 2051 505 Ctelcsti-
2083 451 2127 505 Α
2158 450 2430 513 pugnaret
2463 440 2517 496 in
2544 440 2809 498 Paradiso
2848 441 3224 499 Carmr'litico:
3264 462 3281 494 ι
3315 442 3370 497 S.
3390 440 3649 514 Cyrillus,
3673 443 3752 495 in-

458 552 565 592 nus
584 552 674 591 an.
697 536 829 592 Chr.
871 537 995 602 423,
1027 537 1330 591 Mariniano
1374 547 1430 592 ct
1478 534 1864 606 Asclepiodoto
1907 549 2051 591 coss.

458 627 800 700 Theophilus
821 630 1116 700 episcOpus
1142 628 1566 695 Alexandrinus,
1590 627 1780 700 Cyrilli
1797 626 2058 682 decessor

455 729 515 775 et
543 728 796 789 patruus,
836 721 976 775 obiit
1027 735 1095 776 xv
1142 714 1370 777 Octobr.
1417 717 1546 776 anni
1589 715 1715 783 ιη,
1761 732 1872 789 quo
1911 731 2052 773 coss.

456 821 616 868 crant
669 812 951 868 Honorius
1007 812 1144 883 Aug.
1220 828 1297 877 rx,
1349 818 1408 866 et
1456 806 1809 867 Theodosius
1857 807 2083 881 Juniorr

456 904 595 975 Aug.
645 922 699 959 v.
737 903 806 961 At
833 904 995 961 tertio
1017 913 1143 975 post
1168 902 1460 974 Theophili
1491 901 1703 958 obitum
1727 901 1818 957 die
1837 900 2054 972 episco-

456 1008 585 1068 patu
618 997 827 1068 potitus
867 1004 953 1052 est
986 996 1247 1070 Cyrillus,
1278 1004 1342 1052 ut
1368 994 1511 1050 infra
1543 1009 1612 1050 ex
1634 993 1868 1051 Socrate
1899 991 2055 1049 dicc-

458 1101 566 1146 tur.
596 1089 844 1162 Triginta
878 1105 1007 1145 eum
1032 1099 1090 1146 et
1121 1088 1264 1145 duos
1284 1102 1467 1144 annos
1501 1087 1820 1160 episcopum
1852 1085 2055 1142 vixisse

456 1190 726 1238 testantur
751 1182 875 1254 ejus
890 1196 959 1236 ex
990 1190 1179 1237 sorore
1205 1193 1376 1252 nepos
1405 1179 1741 1236 Athanasius
1765 1177 2055 1251 presbyter

450 1283 508 1331 et
556 1275 884 1331 Theodorus
931 1274 1200 1330 diaconus
1249 1273 1617 1340 Alexandritc,
1644 1272 1701 1328 in
1740 1272 1942 1328 libellis
1983 1273 2053 1327 ad

452 1366 695 1424 Leonem
720 1382 921 1439 papam
945 1374 1002 1423 et
1023 1366 1092 1421 ad
1124 1364 1579 1422 Chalcedonense
1597 1364 1915 1428 concilium,
1943 1364 2051 1418 hu-

444 1459 537 1530 jus
587 1457 793 1515 actioni
839 1458 877 1512 5
923 1458 1184 1524 insertis,
1247 1457 1379 1515 licet
1425 1457 1478 1518 in
1528 1456 1808 1515 Theodori
1862 1457 2051 1514 libello

446 1550 635 1607 Graaee
662 1551 779 1607 haec
799 1550 970 1607 verba
990 1566 1101 1608 non
1122 1551 1396 1623 legantur.
1417 1549 1738 1621 Sequuntur
1760 1550 2055 1607 Liberatus

446 1644 716 1700 diaconus
745 1644 801 1698 in
822 1644 1128 1710 Breviario,
1153 1660 1205 1700 c.
1240 1644 1329 1711 10,
1356 1645 1704 1716 Nicephorus
1727 1644 1766 1699 l.
1794 1660 1881 1699 xlv
1912 1644 2051 1701 Hist.

448 1724 621 1803 Eccl.,
655 1752 705 1792 c.
747 1738 838 1792 47.
874 1736 1074 1809 Attigit
1120 1737 1290 1809 igitur
1337 1736 1630 1794 minimum
1671 1752 1877 1792 annum
1917 1734 2050 1792 Chr.

446 1830 572 1895 444,
607 1845 717 1901 quo
739 1845 868 1886 eum
902 1829 1173 1889 Baronius
1207 1829 1414 1901 aliique
1451 1829 1788 1889 recentiores
1802 1828 2052 1884 scribunt

446 1919 676 1984 abiisse,
712 1920 817 1977 sub
837 1918 1136 1977 Theodosii
1160 1920 1412 1978 Junioris
1432 1920 1686 1992 imperio,
1714 1917 1917 1975 Leonis
1941 1917 2054 1973 Ma-

449 2011 542 2083 gni
572 2011 913 2083 pontificatu.
947 2012 1103 2069 Diem
1136 2012 1327 2070 obitus
1349 2020 1604 2070 statuunt
1630 2028 1662 2067 v
1687 2009 1818 2067 ldus
1851 2008 2005 2067 Junii
2030 2050 2047 2076 ,

449 2103 601 2175 quod
641 2103 699 2158 in
737 2103 1059 2161 Graecorum
1102 2103 1413 2176 Menologio
1455 2103 1664 2161 Natalis
1699 2110 1949 2169 vocetur,
1990 2110 2053 2157 ut

444 2212 612 2267 supra
640 2196 872 2262 dictum,
901 2197 1178 2268 adeoque,
1204 2205 1268 2253 ut
1294 2196 1585 2253 Liberatus
1610 2194 1854 2260 scribit,c
1880 2193 2050 2265 trige-

443 2288 587 2344 simo
634 2298 692 2346 et
731 2289 979 2347 secundo
1007 2288 1362 2361 episcopatus
1410 2288 1499 2345 sui
1543 2302 1690 2343 anno
1740 2296 1995 2343 mortuus
2023 2305 2042 2339 ι

443 2379 683 2435 dicetur.
715 2380 922 2437 Verum
953 2394 1080 2436 cum
1111 2378 1235 2436 dies
1262 2378 1475 2435 Natalis
1501 2377 1557 2433 in
1579 2376 1752 2435 sacris
1775 2374 1932 2433 fastis
1956 2388 2049 2431 so-

443 2472 688 2528 lemnem
724 2471 994 2529 duntaxat
1016 2485 1086 2526 eo
1110 2470 1202 2526 die
1233 2469 1631 2527 haberisancto
1657 2467 1897 2540 cuipiam
1928 2465 2050 2522 cul-

443 2578 561 2621 tum
598 2579 982 2636 saepenumero
1020 2563 1326 2635 signiﬁcet,
1368 2578 1564 2635 parum
1606 2563 1660 2619 id
1689 2561 1927 2619 solidum
1964 2568 2053 2617 est

442 2668 853 2729 argumentum.
887 2657 958 2712 Et
999 2656 1254 2713 fortassis
1299 2656 1407 2713 hoc
1460 2652 1624 2712 xxviii
1662 2656 1784 2714 Jan.
1819 2671 1910 2711 an.
1946 2655 2051 2711 M5

443 2747 704 2813 decessit,
737 2746 961 2819 triginta
993 2745 1217 2802 duobus
1240 2747 1298 2805 in
1329 2745 1651 2818 episcopatu
1676 2745 1837 2801 annis
1860 2744 2048 2815 exple-

443 2836 537 2902 tis,
580 2843 642 2892 ut
672 2835 1029 2903 Athanasius,
1077 2834 1406 2893 Theodorus
1473 2846 1531 2894 et
1572 2834 1919 2908 Nicephorus
1960 2834 2048 2890 in-

442 2928 649 2985 dicant.

514 3020 567 3074 7.
609 3016 869 3075 Octavius
907 3016 1235 3076 Paneirolus
1273 3017 1329 3072 in
1372 3014 1673 3071 Thesauris
1709 3012 2049 3070 absconditis

442 3112 601 3169 alma:
638 3110 823 3178 Urbis,
866 3112 1088 3185 regione
1120 3112 1174 3177 5,
1216 3110 1352 3167 eccl.
1395 3108 1453 3174 2,
1487 3108 1681 3165 scribit
1709 3108 1944 3164 excitata
1977 3106 2047 3161 ab
2075 3146 2118 3205 ϐ

442 3206 617 3278 impio
640 3205 824 3261 Leone
842 3203 1086 3260 Isaurico
1105 3213 1300 3260 contra
1322 3218 1509 3259 sacras
1533 3200 1800 3275 imagines
1825 3210 2047 3257 sancto-

449 3313 687 3370 rumque
742 3298 1028 3369 reliquias,
1081 3296 1490 3369 persecutione,
1525 3294 1671 3349 inter
1699 3292 1959 3365 profugos
1981 3308 2049 3348 ex

441 3392 667 3450 Oriente
693 3392 1015 3457 monachos,
1043 3388 1492 3445 sanctimoniales
1532 3387 1672 3443 duas
1700 3387 1868 3442 fuisse
1898 3401 2046 3457 qum,

442 3494 645 3556 praeter
692 3483 800 3540 alia
846 3490 1165 3539 sanctorum
1206 3481 1458 3553 pignora,
1501 3479 1750 3550 quaedam
1790 3479 1956 3551 hujus
1988 3478 2043 3534 S.

440 3576 630 3649 Cyrilli
662 3576 891 3631 Romam
927 3574 1237 3638 attulerint,
1280 3588 1454 3645 caque
1485 3571 1751 3629 asservari
1780 3571 1837 3627 in
1866 3572 2048 3627 eccle-

443 3667 524 3723 sia
550 3665 606 3723 S.
637 3664 819 3721 Maria:
847 3664 899 3721 in
926 3663 1135 3736 Campo
1157 3663 1372 3721 Martio.

753 3824 782 3896 §
817 3823 883 3880 Il.
911 3822 1124 3889 Patria,
1149 3822 1346 3888 studia,
1372 3820 1741 3876 monachatus.

518 3961 572 4018 8.
601 3958 1076 4031 Religiosissimus
1106 3954 1390 4013 Carmelit.
1410 3953 1555 4011 ordo
1588 3953 1644 4010 S.
1670 3952 1861 4026 Cyrilli
1889 3963 2045 4009 nata-

445 4056 555 4112 lem
577 4052 741 4109 ollicii
783 4049 1020 4122 duplicis
1044 4048 1392 4104 solenmitate
1420 4046 1665 4103 celebrat
1687 4061 1852 4103 xxvut
1895 4045 2042 4111 Jan.,

445 4162 557 4217 quo
589 4145 679 4202 die
720 4144 956 4201 lectione
993 4152 1191 4213 quarta
1235 4139 1305 4195 ad
1356 4137 1661 4197 secundum
1698 4134 2044 4194 Nocturnum

446 4240 566 4297 haec
596 4239 652 4295 in
695 4237 978 4296 Matutinis
1027 4232 1337 4291 recitantur
1357 4250 1373 4289 :
1412 4252 1431 4284 ‹
1464 4232 1703 4306 Cyrillus
1747 4233 2045 4307 episcopus

445 4330 855 4389 Alexandrinus
872 4328 1037 4386 claris
1054 4325 1375 4397 parentibus
1390 4336 1567 4391 ortus,
1594 4322 1886 4393 Theophili
1911 4323 2042 4379 item

446 4424 692 4496 θρίωουί
716 4421 1074 4479 Alexandrini
1106 4436 1175 4477 ex
1215 4420 1383 4477 fratre
1410 4431 1603 4488 nepos,
1638 4431 1671 4471 a
1705 4430 1816 4485 quo
1852 4413 2042 4471 adole-

2159 535 2306 605 quit,
2331 536 2625 607 episcopus
2679 536 3103 600 Alexandrinus,
3143 535 3363 591 natione
3383 534 3623 597 Graecus,
3661 550 3748 603 pa—

2158 627 2263 685 tria
2288 627 2946 699 Constantinopolitanus.
2976 648 2997 681 ι
3030 628 3394 683 Tritthemius
3412 640 3635 697 quoque
3658 626 3758 680 lih.

2156 719 2234 778 De
2262 720 2627 792 scriptoribus
2658 720 3052 781 ecclesiasticis
3080 721 3135 779 in
3158 719 3405 777 editione
3436 717 3754 775 Coloniensi

2142 812 2305 870 Petri
2345 812 2621 881 Quentelil
2646 828 2736 867 an.
2777 811 2941 877 l5l6,
2966 822 3023 869 et
3042 810 3494 875 Francofurtensi
3519 810 3745 866 Wechco

2155 904 2301 960 liana
2348 919 2440 960 an.
2479 903 2640 969 l60-l,
2685 924 2704 956 ‹
2738 904 2964 959 natione
2996 902 3252 959 Graecum
3305 921 3325 955 ι
3374 901 3599 968 statuit;
3644 918 3754 959 non

2154 1004 2339 1051 tamen
2372 1016 2393 1048 ι
2420 1012 2490 1052 ex
2512 995 2988 1067 Constantinopoli
3021 995 3339 1061 oriundum,
3382 1014 3400 1047 ›
3433 995 3580 1066 quod
3609 997 3754 1067 apud

2155 1087 2423 1144 Thomam
2453 1089 2790 1146 Saracenum
2820 1089 2991 1144 veluti
3023 1103 3093 1144 ex
3124 1088 3437 1144 Tritthemii
3478 1088 3535 1143 in
3572 1088 3755 1161 Cyril—

2153 1179 2269 1235 lum
2307 1180 2488 1252 elogio
2524 1181 2743 1254 legitur.
2771 1182 2976 1255 Verum
2998 1189 3140 1245 esto,
3166 1179 3452 1251 scripserit
3475 1180 3582 1236 hoc
3603 1180 3752 1236 Trit-

2153 1275 2398 1330 themius
2434 1275 2620 1331 :unde
2644 1275 2700 1332 id
2737 1273 2957 1330 hausit?
2991 1289 3103 1344 quo
3130 1281 3458 1344 argumento
3483 1272 3719 1343 probat?

2225 1366 2313 1421 10.
2340 1367 2669 1429 Theodorus
2695 1366 2964 1422 diaconus
2992 1366 3050 1420 in
3077 1380 3179 1421 suo
3200 1365 3391 1420 libello
3413 1372 3520 1420 act.
3550 1361 3584 1419 ὅ
3617 1380 3750 1421 con-

2148 1453 2239 1509 cil.
2273 1454 2761 1521 Chalcedonensis,
2796 1470 2966 1527 agens
2995 1463 3190 1512 contra
3212 1455 3536 1512 Dioscorum
3563 1454 3753 1527 Cyrilli

2152 1559 2551 1612 successorem,
2578 1545 2697 1601 haec
2717 1544 2786 1600 de
2811 1544 3000 1617 Cyrilli
3026 1545 3219 1601 amicis
3239 1544 3407 1599 habet
3432 1564 3445 1600 :
3478 1565 3494 1597 ι
3520 1545 3582 1600 in
3602 1547 3754 1616 prin-

2152 1637 2298 1710 cipio
2320 1636 2671 1710 episcopatus
2697 1638 2785 1693 sui
2816 1637 3115 1694 Dioscorus
3145 1640 3330 1695 statim
3365 1654 3456 1694 me
3485 1639 3752 1696 clericatu

2152 1730 2409 1800 privavit,
2433 1730 2781 1787 comminans
2804 1739 2862 1787 et
2887 1746 2918 1785 a
2936 1745 3133 1803 magna
3156 1730 3248 1785 illa
3270 1731 3492 1787 civitate
3518 1732 3755 1787 Alexan-

2155 1821 2275 1877 dria
2314 1820 2522 1896 fugare,
2558 1833 2784 1896 propter
2811 1824 2949 1880 nihil
2982 1826 3154 1890 aliud,
3176 1825 3283 1881 nisi
3309 1826 3381 1881 ob
3402 1824 3459 1881 id
3486 1826 3635 1898 quod
3666 1826 3752 1882 fa-

2155 1914 2525 1972 miliaritatem
2556 1925 2613 1973 et
2633 1915 3072 1973 benevolentiam
3109 1928 3312 1974 sanctae
3333 1918 3613 1975 memoriae
3640 1918 3752 1993 Cy-

2155 2007 2264 2063 rilli
2291 2009 2564 2064 merebar.
2590 2008 2831 2065 Intentio
2854 2009 3002 2064 enim
3024 2010 3146 2081 ejus
3174 2009 3297 2065 talis
3315 2020 3419 2075 est,
3438 2026 3550 2066 non
3571 2012 3754 2068 solum

2153 2110 2413 2172 parentes
2438 2101 2557 2172 ejus
2584 2101 2795 2172 (Graece
2813 2102 2943 2166 τοὺς
2971 2102 3080 2156 ἀπὸ
3101 2101 3295 2171 γένους
3321 2101 3508 2170 αὐτοῦ,
3535 2105 3758 2176 propin-

2153 2210 2283 2265 quos
2315 2193 2450 2267 ejus)
2476 2210 2544 2250 ex
2570 2194 2661 2250 illa
2690 2195 2913 2252 civitate
2936 2194 3235 2267 exagitare,
3258 2210 3358 2251 seu
3374 2195 3488 2252 vita
3508 2197 3754 2268 privare;

2153 2300 2346 2341 verum
2365 2286 2533 2340 etiam
2553 2294 2611 2342 et
2626 2284 2929 2341 familiares
2945 2284 3086 2356 ejus.
3120 2301 3139 2337 ν
3167 2283 3501 2342 Athanasius
3526 2286 3756 2359 presby-

2154 2384 2240 2431 ter
2258 2375 2315 2431 in
2338 2392 2439 2433 suo
2470 2376 2659 2433 libello
2689 2375 2883 2433 eadem
2907 2376 3162 2449 pluribus
3190 2385 3484 2449 exaggerat
3510 2394 3525 2432 :
3567 2396 3586 2431 ι
3609 2376 3755 2434 San-

2153 2476 2275 2534 ctae,
2301 2485 2321 2520 ι
2362 2468 2567 2539 inquit,
2608 2487 2627 2520 ι
2660 2477 2717 2525 et
2740 2468 2917 2525 beata:
2938 2469 3220 2525 memoriae
3251 2468 3509 2542 Cyrillus,
3542 2484 3760 2542 magnae

2152 2560 2535 2618 Alexandrinae
2568 2560 2810 2617 civitatis
2853 2562 3079 2636 triginta
3122 2572 3182 2620 et
3220 2562 3439 2620 duobus
3470 2562 3629 2618 annis
3661 2578 3755 2618 ar-

2151 2653 2536 2727 chiepiscopus
2586 2655 3151 2726 irreprehcnsibiliter
3187 2664 3245 2711 et
3290 2671 3417 2712 cum
3454 2664 3604 2712 recta
3645 2654 3761 2712 fide

2151 2724 2362 2807 vivens,
2388 2724 2525 2796 mihi
2555 2724 2781 2812 quidem
2824 2743 3145 2810 Athanasio,
3178 2754 3235 2800 et
3269 2744 3590 2802 clarissimae
3630 2760 3758 2802 me-

2151 2832 2342 2888 moriae
2366 2833 2536 2889 Paulo
2554 2833 2708 2890 fratri
2734 2847 2880 2900 meo,
2901 2835 3207 2890 avunculus
3228 2834 3429 2902 fuerat,
3455 2849 3592 2892 meae
3615 2851 3762 2892 vero

2151 2927 2344 2984 matris
2387 2927 2614 2983 Isidorte
2656 2943 2971 2999 germanus.
3021 2948 3040 2981 ι
3085 2929 3154 2984 Ει
3197 2928 3364 3000 paulo
3406 2937 3532 3000 post
3566 2947 3579 2983 :
3628 2949 3651 2982 σ
3697 2931 3762 2986 In

2150 3019 2424 3091 principio
2454 3020 2805 3092 episcopatus
2834 3022 3131 3078 Dioscorus
3162 3022 3302 3078 mihi
3333 3031 3392 3079 et
3421 3022 3576 3080 fratri
3605 3040 3759 3090 meo,

2150 3109 2333 3166 adhuc
2366 3118 2495 3166 tunc
2522 3110 2827 3183 superstiti,
2855 3118 3091 3168 mortem
3124 3111 3405 3180 minitans,
3434 3129 3466 3169 a
3496 3114 3760 3169 nomina-

2152 3202 2362 3259 tissima
2395 3194 2727 3260 Alexandria
2752 3204 3055 3262 exclusit...
3086 3204 3258 3263 frater
3282 3206 3602 3263 clarissimte
3636 3224 3763 3264 me-

2150 3296 2342 3353 morizc
2358 3296 2601 3364 .Paulus,
2635 3313 2746 3353 non
2779 3297 3059 3355 sustinens
3089 3300 3371 3356 cruciatus
3403 3309 3460 3355 et
3499 3299 3765 3372 injurias,

2149 3389 2409 3445 humanis
2446 3390 2616 3445 rebus
2654 3390 2911 3445 excessit.
2947 3390 3062 3461 Ego
3096 3401 3282 3447 autem
3310 3392 3669 3458 Athanasius,
3705 3405 3769 3450 et

2147 3492 2353 3539 nostrae
2389 3490 2723 3547 materterm,
2750 3491 2807 3537 ct
2831 3497 2970 3537 uxor
3001 3489 3059 3537 et
3085 3482 3182 3537 filii
3213 3482 3402 3553 fratris
3432 3484 3563 3551 mei,
3609 3488 3768 3543 malo

2149 3585 2341 3631 nostro
2387 3575 2444 3629 in
2491 3572 2749 3628 humanis
2801 3573 2968 3628 rebus
3008 3575 3481 3644 permansimus...
3534 3589 3772 3638 nostras

2148 3668 2343 3723 domos
2366 3665 2695 3737 praeparavit
2713 3666 2977 3721 ecclesias
2999 3665 3138 3732 ﬁeri,
3162 3676 3218 3723 et
3237 3683 3413 3723 meam
3440 3667 3765 3740 Athanasii,

2148 3765 2345 3829 quarto
2366 3764 2515 3813 tecto
2532 3758 2993 3828 supcrjacentcm,
3014 3767 3071 3814 et
3089 3775 3211 3830 qua:
3232 3776 3335 3831 pro
3361 3761 3447 3817 sui
3475 3762 3770 3833 positione

2149 3850 2271 3906 fieri
2304 3864 2414 3903 non
2446 3858 2631 3920 posset
2660 3848 2916 3915 ecclesia,
2941 3850 3106 3905 simul
3133 3860 3365 3923 occupat
3395 3869 3521 3909 cum
3545 3858 3767 3928 pradi-

2146 3942 2251 3997 etis
2281 3940 2562 4005 domibus,
2588 3939 2726 3995 alias
2761 3940 2928 3997 etiam
2974 3942 3186 4001 vicinas
3231 3944 3424 4002 domos
3469 3954 3527 4003 et
3570 3951 3772 4010 aditus

2148 4042 2410 4090 tenens...
2446 4032 2577 4088 Post
2602 4032 2702 4088 has
2721 4040 2907 4089 autem
2940 4034 3224 4105 pecunias,
3255 4052 3285 4092 a
3306 4038 3513 4094 nostris
3545 4052 3771 4099 mater-

2145 4124 2300 4207 teris,
2328 4122 2612 4180 sororibus
2637 4140 2773 4182 vero
2805 4136 3009 4182 sancite
3042 4136 3100 4182 et
3127 4127 3302 4184 beatae
3335 4133 3625 4189 memoria:
3652 4135 3769 4208 Cy-

2146 4216 2277 4282 rilli,
2313 4216 2633 4289 angustians
2664 4232 2842 4289 usque
2884 4218 2952 4275 ad
2994 4217 3169 4290 ipsam
3211 4222 3472 4287 animam,
3500 4233 3563 4279 et
3601 4228 3771 4285 obsi-

2144 4309 2310 4376 dens,
2356 4309 2727 4367 comminatus
2773 4309 2946 4383 ipsam
3001 4327 3221 4383 quoque
3263 4321 3534 4380 mortem,
3573 4322 3775 4391 exegit

2144 4398 2263 4455 auri
2288 4399 2474 4472 pondo
2500 4400 2778 4472 octoginta
2796 4398 3065 4472 quinque,
3087 4401 3451 4459 nihilominus
3482 4413 3543 4459 et
3569 4422 3603 4461 a
3633 4408 3772 4467 filiis

447 4491 606 4572 εδεηε
629 4491 874 4569 Athenas
896 4509 1208 4567 εωάίοιρωη
1240 4523 1405 4566 causa
1442 4508 1663 4570 missus,
1696 4518 1824 4559 cum
1864 4502 2042 4572 ριυιιί-
2073 4520 2122 4582 D
2149 4492 2466 4548 clarissima;
2489 4491 2769 4548 memoria:
2789 4491 2899 4548 mei
2924 4491 3113 4548 fratris
3144 4492 3381 4550 orbitate
3405 4494 3770 4571 infelicibus,

447 4620 599 4661 mum
625 4602 969 4675 profecisset,
1004 4599 1072 4656 ad
1113 4601 1381 4657 Joannem
1420 4597 1739 4668 episcopum
1782 4593 2042 4651 Hieroso-

444 4697 793 4770 lymitanum,
819 4704 883 4752 ut
901 4694 1232 4753 Christiana:
1258 4693 1386 4749 vitae
1402 4688 1739 4762 perfectione
1759 4688 2043 4745 imbuere-

447 4798 561 4854 tur,
597 4802 656 4847 ac
689 4788 944 4847 contulit.
985 4785 1157 4857 Cujus
1192 4781 1593 4840 consuetudine
1631 4780 1687 4833 in
1726 4778 2042 4837 Carmelum

446 4888 693 4936 montem
726 4878 1012 4942 secedens,
1061 4876 1139 4932 ibi
1185 4890 1311 4931 cum
1353 4873 1563 4942 aliquot
1600 4871 1707 4941 piis
1751 4870 1887 4929 viris
1930 4871 2044 4931 illic

449 4972 779 5045 degentibus
835 4973 1115 5029 ctelestem
1164 4968 1335 5023 vitam
1394 4965 1454 5023 in
1515 4975 1664 5023 terra
1722 4965 2043 5038 aliquandiu
2118 5016 2122 5020 _

448 5069 580 5140 egit.
613 5088 632 5121 ι
683 5068 811 5123 Haec
849 5066 947 5121 ibi.
981 5061 1229 5119 Andreas
1272 5059 1493 5114 Scottus
1529 5068 1718 5114 noster
1756 5058 1813 5113 in
1851 5058 2042 5132 Cyrilli

445 5161 646 5233 elogio,
665 5158 814 5231 quod
834 5158 955 5229 ejus
974 5150 1325 5210 sermonibus
1342 5149 1699 5206 Paschalibus
1715 5166 1748 5207 a
1766 5167 1827 5208 se
1846 5150 2042 5208 Latine

445 5250 624 5309 versis
651 5246 904 5321 praeﬁxit,
938 5244 1056 5299 haec
1077 5239 1147 5296 de
1174 5240 1297 5310 ejus
1319 5248 1446 5294 ante
1466 5239 1843 5313 episcopatum
1874 5243 2043 5314 gestis

445 5342 643 5400 scribit
673 5358 687 5396 :
731 5360 751 5392 ι
780 5332 1126 5394 Alexandriae
1153 5330 1371 5405 Egypti
1391 5332 1612 5391 civitate
1644 5343 1835 5393 natum
1861 5335 2041 5408 Cyri]-

445 5437 563 5492 lum
581 5440 812 5505 apparet
835 5424 1159 5500 parentibus
1190 5424 1470 5493 honestis;
1517 5434 1577 5484 et
1610 5426 1810 5485 litteris
1833 5427 2041 5485 ibidem

444 5527 743 5590 imbutum,
769 5520 863 5578 ubi
886 5516 1189 5588 disciplina:
1210 5525 1325 5574 tum
1345 5518 1578 5577 maxime
1602 5518 1659 5574 in
1678 5519 1772 5576 illa
1793 5520 2042 5594 vigerent

446 5615 759 5676 Academia.
787 5613 1083 5668 Parentum
1110 5609 1333 5668 nomina
1356 5610 1603 5671 nondum
1632 5613 1898 5684 comperi.
1933 5613 2039 5669 Pa-

447 5721 633 5767 truum
662 5704 857 5761 habuit
889 5701 1275 5773 Theophilum,
1317 5722 1336 5757 υ
1375 5711 1483 5760 etc.

513 5803 569 5858 9.
597 5799 726 5856 llaec
754 5797 823 5856 de
856 5796 1033 5869 patria
1065 5797 1398 5865 sumerent,
1421 5795 1527 5854 nisi
1558 5796 1826 5868 Alegrcus
1842 5807 2039 5857 contra

2148 4594 2206 4642 et
2247 4586 2367 4657 ejus
2405 4600 2577 4642 uxore
2619 4593 2858 4642 mortem
2902 4586 3087 4643 mariti
3128 4587 3215 4644 sui
3263 4588 3587 4661 plangente,
3636 4598 3769 4653 auri

2147 4677 2335 4749 pondo
2365 4677 2749 4750 «pradraginta,
2794 4696 2813 4731 ι
2856 4687 2967 4736 etc.
2989 4678 3122 4747 Quae
3165 4680 3221 4739 S.
3249 4680 3524 4754 Cyrillum
3567 4696 3632 4747 et
3666 4706 3771 4762 ge.

2148 4784 2283 4826 nere
2313 4779 2370 4827 et
2405 4779 2531 4826 ortu
2559 4770 2993 4827 Alexandrinum
3024 4771 3194 4829 fuisse
3225 4788 3337 4830 non
3382 4774 3636 4836 obscure
3678 4782 3773 4839 in-

2150 4860 2357 4919 dicant.

2222 4972 2311 5027 ll.
2350 4972 2470 5041 Quo
2497 4973 2552 5028 in
2583 4975 2728 5041 loco,
2768 4974 3001 5032 Athenis
3034 4991 3104 5031 an
3139 4978 3513 5047 Alexandriae,
3562 4986 3779 5044 studiis

2148 5064 2459 5121 litterarum
2495 5067 2748 5122 excultus
2787 5067 2879 5134 sit,
2908 5067 3051 5138 apud
3084 5069 3342 5140 antiquos
3375 5086 3490 5127 non
3545 5081 3780 5148 reperi-

2149 5172 2291 5212 mus.
2316 5157 2393 5213 De
2425 5159 2546 5229 ejus
2583 5159 2914 5215 monachatu
2942 5159 3170 5231 grandis
3200 5161 3504 5218 Baronium
3535 5166 3695 5224 inter
3718 5180 3778 5226 et

2146 5248 2471 5306 Carmelitas
2492 5251 2684 5307 Patres
2702 5253 3079 5307 controversia
3101 5260 3207 5308 est.
3231 5253 3536 5311 Baronium
3565 5261 3779 5318 acriter

2148 5341 2435 5397 incessunt
2457 5356 2575 5414 prae
2597 5344 2813 5399 caeteris
2836 5342 3079 5400 Thomas
3111 5343 3420 5402 Saracenus
3463 5347 3525 5403 in
3575 5350 3776 5409 Meno-

2147 5434 2294 5506 logio
2334 5434 2779 5502 Carmelitarum,
2831 5444 2888 5491 et
2931 5437 3198 5510 Alegreus
3239 5438 3297 5493 in
3339 5439 3621 5513 Apologia
3671 5462 3780 5516 pro

2146 5527 2356 5584 Joanne
2388 5526 2912 5600 Hierosolymitano,
2946 5530 3203 5588 discursu
3245 5531 3300 5596 2,
3346 5544 3397 5585 c.
3436 5532 3533 5590 ll.
3576 5536 3781 5595 Histo-

2147 5620 2283 5675 riam
2311 5619 2485 5676 citant
2510 5636 2579 5677 ex
2608 5623 2868 5693 quopiam
2899 5622 3107 5680 Gallico
3143 5623 3422 5679 Chronico
3456 5636 3778 5701 sumptam,

2146 5724 2211 5766 ac
2230 5710 2515 5768 mordicus
2541 5726 2664 5767 eam
2693 5720 2942 5769 tuentur.
2980 5713 3194 5785 Alegrei
3224 5713 3415 5771 verbis
3443 5732 3576 5773 eam
3604 5723 3781 5779 rere-

2147 5817 2332 5858 remus
2366 5821 2381 5856 :
2419 5823 2437 5855 ι
2472 5804 2690 5860 Etenim
2714 5805 2945 5863 historia
2975 5806 3069 5863 illa
3092 5806 3307 5875 Latina,
3342 5827 3361 5860 ι
3397 5808 3614 5882 inquit,
3649 5836 3670 5869 ι
3703 5817 3780 5875 de
