4172 6514
323 522 391 593 ιδ
686 524 722 539 ‘

1664 524 1726 577 S.
1770 521 2050 579 CYRILLI
2085 520 2275 579 VITA.
3587 512 3658 577 Η

322 654 430 710 qua
453 652 626 709 supra
655 637 979 712 agebamus,
1014 638 1209 695 Latine
1235 647 1292 695 et
1321 638 1530 695 Gallice
1551 648 1775 694 exarata
1797 637 1943 709 (quae
1973 644 2016 698 Α
2047 647 2360 706 ronymum,
2382 628 2714 696 Palladium,
2757 627 3080 701 Evagrium,
3108 626 3458 696 Cassianum,
3489 625 3671 684 Theo-

323 730 638 791 babebatur
658 733 809 803 apud
834 732 1028 789 Callia:
1045 746 1255 804 regem,
1278 740 1340 787 ut
1361 731 1585 788 tradunt
1612 730 1777 787 Coria
1802 730 1842 785 ι.
1862 746 1941 798 1x,

328 836 369 877 τ.
405 820 476 876 18
510 821 838 877 Dilucidarii
865 822 1130 893 Carmel.,
1164 822 1434 879 Emanuel
1470 823 1753 879 Romanus
1775 834 1946 877 sacrm

2047 726 2327 792 doretum,
2362 722 2630 796 Cyrillum
2653 721 3010 791 monachum,
3034 729 3095 777 et
3124 721 3263 777 alios
3282 720 3473 777 saeculi
3504 716 3675 793 hujus

2048 819 2348 893 scriptores
2377 817 2646 890 frequens
2675 816 2886 873 mentio
2920 815 2984 873 lit
3021 815 3092 874 de
3132 814 3424 873 monachis
3467 814 3526 870 in
3574 813 3678 873 Pa-

319 915 496 987 antiq.
516 915 761 971 Carmel.
785 914 854 972 de
880 915 1019 983 viris
1041 915 1376 979 illustribus.
1396 917 1452 972 in
1479 915 1685 989 Cyrillo
1705 916 1946 981 Alexan-
2043 911 2263 970 itcstina
2302 910 2656 1001 degentibus,
2696 925 2971 982 nusquam
3005 908 3231 980 penitus
3262 906 3411 981 apud
3456 922 3555 964 eos
3605 905 3676 960 de

320 1007 508 1071 drino.
543 1015 601 1063 et
632 1006 774 1081 alii),
806 1024 975 1081 quam
1010 1009 1290 1067 immerito
1309 1009 1578 1066 Baronius
1613 1006 1861 1063 fastidire
1890 1014 1949 1067 et

321 1099 601 1155 facessere
636 1098 843 1164 voluit,
889 1113 1017 1156 cum
1072 1115 1106 1157 a
1153 1098 1497 1174 gravissimis
1555 1097 1948 1170 antiquitatum

323 1192 832 1248 Carmelitanarum
867 1189 1258 1267 scriptoribus,
1302 1202 1563 1263 tanquam
1598 1190 1704 1247 ﬁde
1735 1189 1949 1262 dignis-

324 1286 489 1340 sima.
528 1285 617 1341 vel
646 1284 919 1340 ambabus
953 1284 1214 1340 manibus
1255 1283 1626 1356 suscipiatur;
1663 1281 1721 1339 S.
1754 1282 1950 1358 Cyrilli

325 1378 383 1433 in
415 1377 675 1433 Carmelo
705 1376 1153 1435 monachismum
1189 1382 1487 1431 attestatur
1521 1384 1734 1446 aperte,
1765 1374 1953 1431 verbis

325 1471 578 1543 ejusdem
605 1471 771 1543 legati
795 1478 893 1526 aut
928 1468 1350 1526 ambasciatoris
1385 1484 1488 1542 pro
1518 1468 1709 1526 Galliae
1738 1484 1867 1540 rege
1895 1468 1952 1524 in

326 1562 613 1632 Ephesino
651 1561 892 1617 concilio
940 1560 1259 1628 residentis,
1306 1560 1405 1632 qui
1446 1558 1516 1616 ab
1549 1559 1645 1615 illo
1677 1558 1851 1615 redux
1882 1558 1952 1616 ad

328 1668 517 1725 regem
543 1668 707 1709 suum
729 1653 1006 1709 allocutus
1038 1663 1144 1723 est,
1182 1653 1239 1709 in
1276 1651 1577 1725 exemplari
1607 1651 1790 1724 primo
1827 1667 1950 1717 suo,

328 1744 479 1815 quod
512 1760 617 1800 nos
638 1744 885 1800 vidimus
907 1753 966 1801 et
1000 1745 1238 1819 legimus
1270 1744 1327 1801 in
1360 1744 1588 1817 antiqua
1612 1743 1953 1800 bibliotheca

328 1836 733 1909 religiosissimi
754 1836 1147 1893 Cisterciensis
1166 1836 1409 1894 coenobii
1442 1836 1512 1893 de
1543 1837 1597 1892 la
1625 1833 1803 1903 Oliva,
1826 1834 1955 1893 Gal-

327 1930 437 1987 lico
473 1945 578 1985 suo
608 1929 875 1986 idiomate
906 1930 1221 2002 prorumpit
1246 1930 1328 1986 sic
1364 1947 1378 1984 :
1431 1929 1543 1985 «Au
1568 1928 1781 1985 concile
1821 1928 1953 1985 d‘E-

324 2020 521 2092 phése,
556 2021 655 2092 qui
687 2035 748 2077 se
772 1993 999 2078 célébra
1042 1993 1314 2093 par-deux
1340 2036 1472 2078 cens
1513 2020 1805 2092 évesques,
1841 2020 1952 2078 l‘an
1988 1993 2028 2057 Β

325 2113 403 2169 du
436 2112 715 2186 Seigneur
743 2113 872 2181 418,
907 2130 978 2170 au
1003 2114 1114 2171 lieu
1137 2115 1210 2170 du
1244 2116 1390 2187 Papo
1427 2113 1671 2172 Célestin
1704 2132 1736 2189 y
1774 2114 1955 2187 presi-

327 2206 450 2263 doit
474 2206 529 2263 le
558 2206 978 2265 bien—heureux
1005 2207 1064 2264 S.
1092 2206 1297 2282 Cyrllle
1332 2207 1518 2265 moine
1543 2207 1618 2267 du
1639 2207 1792 2264 Mont
1820 2207 1957 2265 Car-

325 2300 474 2368 mel;
500 2299 689 2371 lequel
714 2317 860 2373 pour
892 2317 955 2358 sa
988 2302 1200 2359 saincte
1232 2302 1343 2368 vie,
1383 2302 1693 2361 admirable
1732 2302 1953 2361 science

324 2400 384 2446 et
406 2391 687 2458 docti-ine,
720 2390 1012 2464 disputant
1051 2403 1243 2449 centre
1288 2393 1489 2450 Nestor
1530 2392 1853 2451 Patriarche
1885 2394 1954 2450 de

322 2481 815 2555 Constantinople,
863 2483 963 2554 qui
1000 2482 1105 2539 mit
1144 2484 1302 2540 tache
1342 2500 1413 2540 en
1456 2483 1754 2541 l'honneur
1799 2483 1869 2541 de
1901 2485 1955 2540 la

324 2579 527 2652 Vierge
564 2578 761 2644 Marie,
801 2587 861 2635 et
896 2593 970 2634 en
1011 2579 1149 2636 celle
1179 2579 1250 2637 de
1291 2578 1670 2637 Jésus—Christ
1700 2595 1801 2636 son
1841 2578 1951 2646 tils,

325 2681 580 2743 emporta
612 2670 665 2727 la
686 2670 922 2729 victoire
937 2687 1036 2728 sur
1065 2673 1214 2747 luy.»
1241 2671 1375 2741 Quae
1399 2689 1550 2730 nunc
1582 2673 1664 2730 sic
1688 2675 1799 2746 iam
1836 2682 1953 2731 tra-

326 2764 497 2821 ducta
520 2765 722 2821 Latino
759 2764 935 2821 verba
975 2774 1230 2822 tenemus
1258 2783 1271 2820 :
1300 2765 1360 2821 In
1384 2764 1622 2823 concilio
1649 2765 1952 2838 Ephesino,

328 2859 477 2930 quod
504 2858 611 2914 fuit
632 2858 981 2916 celebratum
1015 2874 1116 2930 per
1140 2874 1203 2916 cc
1253 2859 1568 2930 episcopos,
1595 2874 1727 2915 ann.
1760 2859 1951 2916 Domi-

328 2953 386 3009 ni
413 2951 543 3018 418,
570 2951 929 3024 presidebat,
963 2951 1087 3007 loco
1118 2967 1273 3024 papae
1291 2950 1580 3008 Caelestini
1606 2950 1650 3019 ι,
1678 2952 1740 3009 Β.
1770 2951 1951 3026 Cyril-

328 3047 418 3103 lus
446 3046 759 3103 monachus
796 3045 1000 3103 Montis
1035 3044 1298 3111 Carmeli,
1336 3045 1432 3116 qui
1483 3045 1556 3101 ob
1598 3045 1951 3103 sanctitatem

327 3138 479 3203 vitae.
505 3138 827 3195 admirabili
860 3138 1095 3195 scientia
1119 3145 1177 3195 et
1207 3138 1462 3194 doctrina
1494 3138 1785 3210 disputans
1820 3153 1952 3196 con-

288 3250 295 3257 °
330 3247 416 3293 tra
457 3236 783 3293 Nestorium
828 3234 1205 3313 patriarcham
1247 3232 1948 3306 Constantinopolitanum,

2050 1005 2340 1069 monachis
2382 1002 2719 1064 Carmelitis.
2758 1004 3020 1063 Facessat
3069 1002 3242 1075 igitur
3285 1001 3559 1076 ejusmodi
3604 1001 3675 1056 de

2050 1100 2433 1161 monachismo
2453 1098 2645 1173 Cyrilli
2667 1097 2723 1154 in
2743 1095 2997 1157 Carmelo
3016 1095 3239 1164 fabella,
3260 1095 3407 1153 sicut
3425 1096 3519 1153 illa
3539 1092 3673 1152 huic

2050 1193 2202 1255 haud
2222 1193 2421 1267 impar,
2446 1207 2557 1267 qua
2573 1191 2812 1251 traditur
2832 1200 2890 1248 et
2907 1189 3148 1251 Joannes
3161 1188 3671 1265 Hierosolymorum

2051 1283 2352 1357 episcopus
2374 1284 2709 1359 Origenista,
2736 1284 2908 1344 fuisse
2925 1283 3095 1341 etiam
3117 1285 3423 1349 monachus
3441 1286 3672 1343 Carme—

2052 1381 2186 1439 lita:
2221 1380 2369 1439 sicut
2399 1381 2555 1439 enim
2574 1381 2695 1441 haec
2718 1380 2917 1438 leviter
2940 1379 3300 1453 eﬂ‘mguntur,
3333 1381 3410 1439 ita
3436 1393 3494 1439 et
3511 1380 3674 1439 facile

2055 1474 2403 1533 refelluntur.
2464 1475 2729 1549 Flagrans
2798 1474 3026 1549 quidem
3088 1475 3296 1547 cupido
3365 1476 3675 1534 nobilitatis

2054 1569 2216 1627 avita:
2253 1568 2403 1642 cogit
2430 1569 2713 1627 interdum
2755 1568 3015 1627 homines
3046 1568 3310 1627 delirare.
3351 1588 3370 1625 ι
3408 1569 3537 1627 Haec
3570 1572 3682 1627 Ba—

2057 1662 2270 1720 ronius.

2129 1757 2220 1817 ﬂ.
2263 1758 2343 1816 De
2394 1758 2608 1817 Joanne
2664 1757 3166 1832 Hierosolymitano
3208 1757 3375 1815 aliter
3429 1757 3679 1815 sentiunt

2057 1850 2285 1924 plurimi
2307 1851 2417 1910 viri
2443 1851 2700 1911 doctrina
2726 1861 2786 1909 et
2821 1851 3095 1930 sapientia
3127 1851 3392 1919 illustres,
3420 1851 3517 1923 qui
3559 1853 3680 1923 ejus

2061 1944 2233 2017 (quod
2272 1945 2385 2003 huc
2422 1945 2576 2021 facit)
2619 1945 3004 2004 monachicam
3038 1944 3209 2004 vitam
3242 1953 3522 2003 astruunt.
3557 1944 3679 2016 ipse

2056 2036 2117 2095 S.
2170 2038 2542 2115 Hieronymus
2583 2040 2703 2114 (qui
2750 2040 2823 2096 ab
2862 2040 3099 2114 Alegreo
3149 2040 3301 2097 inter
3349 2038 3679 2097 Carmelitas

2058 2147 2279 2205 quoque
2306 2143 2589 2201 censetur,
2613 2145 2677 2193 ut
2704 2134 2821 2193 fere
2847 2135 3036 2192 cuncti
3056 2134 3207 2191 illius
3224 2133 3406 2191 atatis
3435 2134 3680 2208 insignes

2056 2223 2339 2298 m'onuchi)
2362 2225 2526 2303 epist.
2551 2225 2643 2293 62,
2666 2227 2738 2282 ad
2758 2224 3102 2298 Theophilum
3119 2226 3422 2299 episcopum
3444 2224 3682 2285 Alman-

2056 2316 2295 2383 drinum,
2325 2317 2396 2374 de
2414 2317 2629 2376 Joanne
2659 2334 2851 2393 agens,
2878 2318 2953 2374 ita
2983 2319 3257 2375 exclamat
3284 2336 3298 2373 :
3334 2337 3352 2371 ι
3378 2319 3681 2377 Monachus

2059 2406 2222 2478 (proh
2256 2407 2476 2480 dolor!)
2529 2410 2822 2467 monachis
2880 2420 2941 2467 et
2984 2411 3249 2475 minatur,
3307 2420 3366 2469 et
3419 2411 3683 2484 impetrat

2055 2497 2342 2567 exsilium,
2371 2508 2432 2556 et
2472 2499 2582 2557 hoc
2627 2499 2937 2557 monachus
2959 2501 3320 2571 apostolicam
3356 2502 3679 2559 cathedram

2056 2588 2262 2653 habere
2292 2605 2353 2648 se
2370 2592 2607 2665 jactans.
2647 2610 2666 2644 ›
2709 2590 2821 2648 Sed
2862 2599 3052 2649 utrum
3106 2591 3164 2648 in
3203 2598 3394 2649 monte
3424 2591 3682 2649 Carmelo

2055 2684 2384 2755 monachus,
2406 2693 2506 2741 aut
2525 2685 2695 2747 etiam
2722 2684 2897 2747 abbas
2918 2684 3113 2751 fuerit,
3131 2686 3425 2758 quaeritur.
3458 2685 3517 2747 S.
3544 2686 3679 2743 Hie-

2055 2792 2324 2850 ronymus
2365 2776 2423 2835 in
2454 2776 2574 2835 Vita
2612 2776 2673 2835 S.
2720 2777 3022 2837 Hilarionis
3065 2785 3303 2835 testatur
3350 2779 3682 2852 priusquam

2054 2866 2305 2929 Hilarion
2330 2873 2400 2926 e1
2423 2867 2660 2943 Egypto
2690 2869 2920 2937 rediret,
2957 2888 2977 2927 ς
3025 2868 3267 2929 necdum
3312 2876 3446 2925 tunc
3484 2886 3680 2926 mona—

2052 2960 2223 3017 steria
2243 2960 2415 3019 fuisse
2449 2960 2507 3018 in
2548 2961 2858 3022 Palaestina.
2895 2981 2915 3014 ι
2950 2961 3020 3019 Et
3044 2960 3282 3021 deinde:
3331 2980 3350 3014 ι
3389 2961 3505 3019 Nec
3526 2963 3682 3035 quis—

2049 3070 2219 3125 quam
2249 3054 2588 3113 monachum
2614 3065 2747 3117 ante
2790 3055 2848 3111 S.
2879 3055 3222 3117 Hilarionem
3283 3055 3343 3111 in
3376 3054 3534 3131 Syria
3575 3074 3681 3114 no-

2051 3155 2208 3203 verat
2234 3166 2247 3202 :
2281 3167 2301 3201 ι
2330 3156 2394 3203 ut
2418 3148 2623 3207 mirum
2645 3149 2718 3205 sit
2747 3148 3018 3204 Thomam
3038 3146 3377 3205 Saraceuum
3404 3150 3675 3218 scribere.

2052 3237 2263 3311 absque
2285 3238 2457 3295 ullius
2484 3238 2737 3295 auctoris
2770 3236 3111 3304 testimonio,
3144 3246 3310 3293 antea
3338 3237 3510 3296 fuisse
3537 3239 3678 3296 Car-

328 3330 427 3396 qui
457 3329 736 3386 maculam
760 3328 947 3401 posuit
974 3327 1033 3384 in
1058 3328 1120 3384 B.
1144 3325 1372 3400 Virgine
1418 3324 1613 3391 Maria,
1639 3333 1696 3381 et
1728 3325 1784 3381 in
1831 3326 1953 3398 ejus
1981 3360 2025 3419 C
2057 3331 2374 3389 melitarum
2418 3330 2477 3387 in
2514 3331 2815 3389 Palaestina
2834 3330 3175 3386 monasteria
3199 3370 3214 3397 ,
3257 3346 3383 3402 quae
3429 3331 3676 3390 Hilarion

331 3423 447 3479 lilio
466 3423 549 3481 Ch
558 3423 693 3479 risto
716 3422 872 3488 Jesu,
891 3437 1022 3480 eum
1042 3420 1343 3494 superavit.
1356 3439 1375 3473 ι

403 3517 493 3572 12.
532 3516 741 3573 Verum
776 3515 979 3572 merito
1018 3514 1139 3572 hac
1170 3513 1483 3586 improbata
1528 3523 1661 3571 sunt
1694 3510 1953 3570 Baronio.

329 3610 467 3679 Quis
507 3626 578 3667 eo
611 3619 865 3681 tempore
917 3623 1014 3665 rex
1054 3606 1248 3665 Gallia:
1288 3606 1396 3663 fuit
1443 3605 1814 3673 Christianus,
1859 3605 1957 3677 qui

330 3706 545 3778 legatos
586 3701 659 3759 ad
701 3700 1003 3759 concilium
1039 3700 1264 3756 mittere
1295 3698 1578 3771 potuerit?
1607 3697 1959 3756 Chlodoveus

332 3812 569 3871 regnum
588 3795 745 3852 circa
781 3810 873 3851 an.
895 3780 1029 3852 Chr.
1052 3792 1159 3851 482
1185 3792 1524 3864 auspicatus,
1550 3807 1696 3848 anno
1715 3797 1957 3865 primum

328 3892 437 3949 496
461 3888 837 3949 Christianam
869 3886 1198 3961 religionem
1221 3885 1512 3960 amplexus
1550 3894 1658 3942 est.
1680 3884 1766 3943 An
1789 3885 1957 3942 etiam

328 3997 520 4055 regem
539 3980 759 4055 legatus
789 3978 1059 4035 Francico
1086 3977 1357 4036 moderno
1381 3976 1650 4035 idiomate
1681 3976 1772 4051 (ut
1794 3977 1958 4034 vide-

330 4086 425 4133 tur
446 4076 720 4148 Alegreus
744 4070 1016 4146 asserere)
1050 4070 1365 4129 allocutus?
1395 4080 1453 4127 at
1489 4087 1650 4147 reges
1684 4070 1850 4144 primi
1877 4071 1957 4129 illi

328 4171 680 4227 Francorum
707 4167 1055 4224 Sicambrice
1093 4166 1290 4233 locuti,
1332 4174 1392 4223 et
1420 4165 1750 4222 modernum
1784 4165 1959 4223 Fran-

328 4279 528 4321 corum
568 4262 777 4319 idiema
807 4260 905 4317 diu
937 4268 1066 4332 post
1095 4274 1127 4316 e
1168 4256 1368 4315 Latino
1398 4256 1827 4323 conformatum,
1862 4265 1959 4312 aut

325 4354 520 4427 potius
550 4352 937 4425 depravatum.
962 4348 1038 4408 Ut
1068 4349 1412 4416 omittamus,
1435 4348 1735 4405 concilium
1768 4347 1957 4419 Ephe-

326 4449 516 4506 sinum
559 4464 651 4504 an.
688 4445 825 4505 Chr.
862 4444 991 4512 ΔΜ,
1019 4461 1134 4501 non
1164 4443 1292 4510 418,
1320 4459 1442 4501 esse
1474 4441 1748 4500 habitum.
1789 4442 1958 4499 Mira-

321 4558 460 4599 mur
487 4540 648 4597 viros
691 4537 948 4597 eruditos
974 4538 1219 4597 rationes
1246 4546 1357 4627 tarn
1388 4534 1620 4593 frivolas
1663 4533 1866 4591 afferre
1898 4535 1956 4591 in

322 4635 607 4693 medium.

2064 3424 2267 3483 deinde
2295 3445 2314 3478 α
2342 3425 2606 3483 visitabat
2642 3435 2702 3482 et
2723 3424 3057 3482 instruebat.
3096 3444 3115 3478 ›
3148 3425 3354 3483 Verum
3385 3444 3405 3479 σ
3429 3429 3683 3501 exemplo

2062 3520 2204 3593 ejus,
2249 3539 2267 3573 ι
2296 3519 2479 3592 inquit
2504 3519 2899 3592 Hieronymus,
2945 3537 2965 3573 ι
3002 3535 3104 3593 per
3123 3529 3299 3578 totam
3332 3520 3683 3579 Palaestinam

2066 3612 2499 3669 innumerabilia
2539 3611 2883 3669 monasteria
2911 3627 3035 3669 esse
3076 3621 3388 3686 coeperunt.
3430 3633 3448 3665 ι
3479 3612 3683 3682 Quidni

2066 3715 2202 3762 tunc
2251 3705 2465 3778 aliqui,
2518 3705 2698 3762 veteri
2761 3705 3258 3781 sanctissimorum‘
3287 3707 3685 3779 prophetarum

2063 3797 2319 3869 exemplo
2353 3796 2488 3854 Elite
2509 3806 2568 3854 et
2588 3796 2759 3855 Elisei
2797 3796 3035 3864 incitati,
3068 3807 3317 3856 montem
3368 3796 3686 3856 Carmelum

2065 3889 2383 3947 inhabitare
2428 3889 2752 3962 petucrint?
2812 3910 2831 3944 ι
2870 3890 2929 3949 S.
2968 3890 3210 3949 Jacobus
3250 3892 3505 3960 eremita,
3552 3913 3570 3947 ο
3616 3894 3688 3951 de

2064 3997 2178 4055 quo
2206 3981 2349 4039 infra
2379 3997 2629 4054 agemus,
2673 4002 2692 4035 ι
2714 3998 2890 4059 prope
2940 3982 3208 4056 oppidum
3235 3982 3684 4059 Porphyreouem

2065 4074 2125 4133 in
2170 4074 2487 4133 solitarium
2527 4074 2714 4131 locum
2747 4075 3001 4143 secessit,
3043 4096 3062 4128 ι
3101 4091 3216 4131 non
3253 4076 3450 4148 procul
3486 4091 3518 4132 a
3549 4074 3685 4132 Car-

2065 4168 2213 4224 melo
2246 4175 2435 4223 monte
2466 4185 2480 4221 :
2519 4168 2680 4240 cujus
2717 4187 2736 4220 ε
2772 4168 2885 4224 vita
2913 4169 2991 4224 ita
3021 4167 3433 4235 celebrabatur,
3466 4178 3530 4224 ut
3551 4183 3582 4223 e
3607 4170 3689 4223 vi-

2063 4258 2206 4331 ginti
2242 4268 2341 4313 aut
2370 4258 2600 4330 triginta
2625 4257 2983 4315 monasteriis
3012 4257 3275 4315 monachi
3309 4266 3370 4315 et
3397 4257 3587 4316 clerici
3617 4260 3687 4315 ad

2064 4370 2194 4411 eum
2213 4353 2490 4420 venirent,
2516 4360 2580 4408 ut
2607 4352 2731 4424 ejus
2771 4350 3221 4407 benedictionem
3254 4350 3595 4423 acciperent,
3630 4363 3687 4407 et

2065 4445 2136 4502 ab
2163 4460 2231 4502 eo
2262 4442 2583 4517 conﬁrmari
2616 4446 2862 4515 possent.
2900 4460 2919 4494 ι
2954 4440 3168 4498 Horum
3214 4439 3685 4497 monasteriorum

2065 4538 2289 4611 aliquod
2319 4537 2378 4594 in
2400 4536 2678 4602 Carmelo,
2704 4540 2799 4591 aut
2833 4533 2905 4590 ad
2935 4534 3060 4607 ejus
3093 4532 3331 4601 radices,
3364 4533 3558 4600 fuisse,
3584 4535 3653 4590 ad
3672 4566 3686 4576 -

2066 4632 2294 4689 modum
2322 4629 2632 4703 probabile.
2664 4628 2734 4685 Et
2751 4644 2852 4684 cur
2895 4626 3066 4683 isthic
3091 4627 3298 4692 minus,
3326 4635 3425 4683 aut
3449 4642 3552 4683 cur
3574 4644 3687 4684 non

398 4752 491 4807 l3.
518 4750 796 4808 Batonius
821 4749 1031 4806 acriter
1059 4748 1309 4821 profecto
1342 4747 1401 4804 in
1433 4762 1558 4804 eam
1580 4745 1959 4803 narrationem
1990 4743 2038 4802 D
2068 4724 2235 4783 ίειιιίε
2274 4723 2491 4821 Ροξίξιεν
2526 4736 2693 4821 {illan}
2719 4721 2775 4777 in
2802 4720 3014 4792 τειίιιυει
3047 4720 3324 4777 Palmam
3351 4720 3522 4777 maris
3552 4724 3689 4821 of“?

320 4846 622 4904 invehitur
674 4853 718 4901 t.
746 4844 817 4901 Vl
842 4843 1074 4911 Annal.,
1102 4860 1195 4899 an.
1224 4844 1352 4909 444,
1381 4859 1439 4901 n.
1466 4842 1533 4897 1⁸7
1567 4859 1581 4897 :
1613 4859 1631 4894 ι
1660 4839 1805 4898 Sane
1829 4839 1957 4911 qui-

318 4942 454 4998 dem
520 4938 885 5013 respuimus,
938 4958 958 4991 ι
1017 4937 1244 5009 inquit,
1298 4956 1316 4990 ι
1373 4946 1542 5008 atque
1603 4933 1961 4993 exsuﬂlamus

320 5031 661 5105 ﬁgmentum
702 5027 864 5098 illud,
898 5027 1117 5089 incerto
1152 5038 1384 5086 auctore
1428 5025 1734 5100 proditum,
1784 5025 1962 5083 Chro-

316 5125 455 5182 nico
471 5123 767 5191 nimirum,
793 5121 947 5196 quod
974 5130 1222 5181 exsusse
1244 5120 1462 5194 fingunt
1486 5120 1634 5193 apud
1661 5118 1959 5192 quemdam

314 5218 580 5277 Francis
610 5233 799 5290 regem
829 5216 1202 5291 [Ludovicum
1236 5216 1355 5291 XI],
1398 5233 1510 5289 quo
1535 5215 1766 5272 tradunt
1797 5231 1957 5273 eum-

314 5313 452 5370 dem
506 5310 566 5368 S.
608 5310 881 5386 Cyrillum
925 5308 1365 5368 Alexandrinum
1399 5309 1724 5382 episcopum
1762 5323 1958 5365 mona—

312 5406 497 5461 chum
530 5404 709 5461 fuisse
742 5404 950 5461 Montis
969 5403 1217 5462 Carmeli
1244 5423 1259 5460 :
1289 5405 1382 5461 cui
1406 5404 1632 5479 quidem
1667 5402 1960 5463 assertioni

312 5498 707 5555 Tritthemius
728 5498 930 5554 leviter
949 5497 1117 5555 nimis
1147 5496 1317 5555 ﬁdem
1334 5497 1611 5573 praestitit.
1634 5497 1791 5555 Unde
1818 5498 1957 5564 haec,

310 5609 537 5665 quaso,
578 5592 800 5649 incerto
833 5592 1077 5661 auctori,
1119 5592 1166 5650 si
1210 5591 1310 5665 qui
1356 5582 1493 5648 certi
1544 5599 1712 5664 atque
1744 5590 1960 5663 probati

312 5697 455 5746 sunt
484 5698 771 5757 auctores,
803 5689 1058 5763 ejusdem
1091 5687 1283 5763 Cyrilli
1311 5687 1576 5760 aequales,
1600 5686 1963 5759 ejusdemque

312 5799 407 5841 res
437 5793 636 5856 gestas
656 5799 826 5855 quam
852 5783 1153 5857 diligenter
1177 5780 1483 5856 prosecuti,
1509 5779 1631 5839 haec
1652 5779 1963 5837 nescientes

309 5878 529 5934 obruta
579 5876 812 5934 silentio
864 5877 1255 5950 reliquerunt?
1291 5876 1393 5934 Vel
1431 5889 1559 5947 quae
1601 5872 1749 5946 apud
1795 5873 1964 5946 hujus

303 5966 601 6039 temporis
631 5967 943 6038 scriptores
974 5960 1187 6025 mentio
1211 5967 1283 6023 de
1311 5966 1465 6024 culto
1493 5964 1749 6022 Carmelo
1775 5979 1807 6020 a
1837 5964 1964 6021 vita:

306 6060 655 6119 monasticze
690 6060 1142 6132 professoribus?
1167 6059 1390 6119 Etenim
1422 6075 1552 6119 cum
1576 6058 1724 6131 apud
1747 6058 1805 6118 S.
1829 6058 1962 6118 Hie-

2059 4819 2146 4875 An
2177 4832 2313 4873 vero
2339 4816 2416 4872 ibi
2445 4824 2574 4872 ante
2600 4814 2985 4886 episcopatum
3018 4822 3338 4884 susceptum
3381 4815 3689 4871 monachus

2059 4913 2305 4970 Joannes
2342 4909 2534 4977 fuerit,
2581 4909 2679 4965 aut
2723 4906 2893 4965 etiam
2925 4906 3121 4977 abbas,
3156 4916 3213 4964 et
3241 4906 3348 4964 sub
3380 4923 3449 4964 eo
3485 4908 3688 4967 vixerit

2061 5004 2371 5062 monachus
2400 5002 2462 5061 S.
2503 5002 2765 5076 Cyrillus,
2786 5001 2934 5074 apud
2968 5001 3229 5073 antiquos
3272 5017 3387 5058 non
3424 5002 3684 5077 legimus.

2061 5084 2113 5156 Ᾰ
2128 5097 2460 5155 Tritthemio
2481 5095 2720 5171 Cyrillus
2752 5115 2771 5147 ι
2800 5095 3006 5152 montis
3025 5093 3265 5152 Carmeli
3288 5095 3565 5167 quondam
3590 5095 3687 5151 dc-

2063 5208 2163 5246 cus
2191 5201 2250 5247 et
2269 5190 2453 5247 cultor
2481 5188 2718 5261 insignis
2755 5208 2773 5240 ι
2802 5187 3135 5261 appellatur.
3165 5186 3561 5243 Tritthemium
3594 5204 3682 5244 se-

2063 5293 2313 5357 quuntur
2353 5283 2579 5357 plurimi
2634 5281 3000 5347 recentiores,
3035 5295 3177 5351 quos
3216 5278 3508 5351 proferunt
3552 5282 3683 5337 Ale-

2063 5396 2230 5453 greus
2252 5388 2307 5437 et
2340 5378 2668 5436 Saracenus.
2710 5375 2821 5433 Sed
2866 5373 3059 5432 mirari
3087 5371 3214 5444 quis
3253 5373 3433 5445 possit
3488 5389 3594 5429 cur
3626 5374 3684 5430 in

2062 5473 2355 5532 Palaestina
2395 5471 2748 5545 potissimum
2782 5462 3145 5525 monasticam
3182 5468 3354 5525 vitam
3386 5467 3681 5540 complecti

2062 5567 2324 5633 voluerit,
2364 5580 2493 5623 cum
2533 5563 2591 5620 in
2618 5562 2855 5636 Egypto
2896 5561 3142 5641 primum
3179 5579 3245 5620 ea
3280 5561 3504 5619 vivendi
3539 5561 3680 5618 ratio

2065 5660 2290 5717 inventa
2321 5658 2581 5729 cultaque
2604 5654 2806 5723 fuerit,
2834 5663 3000 5727 amne
3032 5672 3102 5714 eo
3125 5665 3372 5730 tempore
3403 5655 3680 5728 praecipue

2064 5753 2338 5812 ﬂoruerit.

2141 5870 2230 5943 15,
2259 5867 2514 5927 Alterum
2552 5864 2725 5938 quaeri
2767 5872 2973 5937 potest,
3003 5854 3094 5921 an.
3116 5864 3310 5921 saltem
3341 5864 3677 5943 monachum

2066 5941 2239 6021 fuisse
2279 5961 2568 6036 Cyrillum,
2600 5975 2936 6033 quocunque
2979 5957 3038 6017 in
3070 5957 3196 6019 loco
3231 5957 3347 6017 sive
3378 5941 3679 6014 P'almstintc
3768 6004 3778 6013 .

2066 6059 2183 6113 sive
2206 6054 2449 6128 Egypti,
2470 6070 2541 6111 ex
2564 6053 2811 6126 antiquis
2838 6059 3073 6110 constet.
3102 6048 3412 6107 Saracenos
3438 6048 3490 6103 id
3521 6065 3587 6103 ex
3609 6065 3676 6104 eo
