4172 6502
469 534 538 589 is
1808 525 1864 581 s.
1906 524 2186 580 evrum
2217 523 2412 580 vrrA.
3008 510 3013 513 ‘
3699 527 3772 589 16

466 652 676 706 clarum
700 647 1019 713 arbitratur,
1043 644 1172 716 quia
1189 643 1504 700 Graecorum
1530 641 1745 698 axioma
1777 641 1886 697 sit:
1916 661 1934 692 ι
1961 640 2067 697 Ne-
2101 656 2140 701 A
2173 640 2373 697 larium
2405 640 2777 713 principatum
2805 642 3113 713 acquisivit.
3153 642 3500 716 Quapropter
3536 618 3776 720 Cyrilltt—s

469 747 673 801 minem
705 743 1048 815 temporibus
1072 742 1136 796 Β.
1172 739 1384 812 Cyrilli,
1417 746 1474 793 et
1506 751 1694 808 supra,
1735 751 1837 807 per
1876 735 2064 790 orien-

471 836 661 891 talium
708 850 856 900 oras,
898 833 965 887 ad
1004 832 1354 903 episcopatus
1394 827 1717 899 dignitatem
1763 840 2063 891 assumere,

372 994 379 1013 ἱ
468 929 575 985 nisi
601 928 669 983 de
696 926 1091 982 monachorum
1140 921 1491 978 monasteriis
1536 919 1832 985 delectum,
1872 917 2066 975 licuis-

469 1037 528 1077 se
556 1040 569 1075 :
599 1040 613 1073 ι
642 1019 808 1090 idque
838 1033 911 1073 ex.
936 1037 955 1069 ι
980 1015 1301 1076 ῦτωοοτιιω
1326 1028 1546 1085 quoque
1572 1010 1882 1083 Menologio
1910 1010 2068 1066 nullo

470 1113 689 1185 negotio
720 1109 1066 1182 comprobari
1100 1121 1261 1179 posse
1301 1125 1319 1157 ι
1358 1103 1575 1161 asserit.
1606 1105 1678 1160 At
1697 1102 1859 1159 nobis
1880 1102 2067 1173 quoti-

469 1205 559 1261 die
578 1202 947 1274 Menologium
977 1199 1114 1254 illud
1140 1207 1197 1254 et
1228 1197 1432 1253 Menaea
1457 1195 1810 1251 volventibus
1829 1193 2068 1265 probatu

471 1297 525 1352 id
553 1294 805 1361 difﬁcile,
846 1292 1098 1363 adeoque
1140 1289 1479 1345 contrarium
1508 1296 1628 1343 tum
1648 1302 1717 1342 ex
1730 1285 1935 1341 iisdem
1952 1284 2067 1340 Me-

467 1389 623 1454 naeis,
652 1397 768 1443 tum
790 1384 1094 1458 praesertim
1120 1399 1187 1439 ex
1211 1383 1360 1438 illius
1383 1381 1647 1453 temporis
1680 1380 2065 1451 scriptoribus,

468 1480 822 1555 perspicuum
845 1477 1086 1533 videtur.
1108 1475 1247 1533 Cum
1284 1474 1606 1540 Athanasio,
1641 1484 1704 1529 ut
1731 1488 1898 1545 supra
1922 1473 2069 1528 vidi-

471 1587 614 1637 mus,
654 1569 843 1625 colunt
870 1565 1134 1641 Cyrillum
1178 1564 1395 1623 Graeci:
1436 1565 1504 1621 de
1545 1564 1836 1635 utriusque
1874 1579 2069 1618 mona-

471 1665 637 1719 chatu
658 1662 843 1727 silent,
875 1660 1006 1717 licet
1031 1659 1296 1731 Alegreus
1314 1656 1676 1713 Athanasium
1695 1670 1916 1728 quoque
1936 1654 2072 1711 scri-

472 1758 567 1813 bat
593 1776 611 1809 ‹
635 1771 747 1811 non
770 1768 946 1826 pauco
973 1761 1220 1824 tempore
1245 1750 1577 1806 monachum
1596 1749 1800 1823 egisse,
1823 1748 2069 1805 etfuisse

473 1850 783 1905 ministrum
809 1847 991 1920 magni
1024 1846 1177 1902 illius
1207 1844 1423 1901 abbatis
1440 1843 1664 1899 Antonii
1697 1843 1752 1899 in
1772 1842 2070 1899 solitudine

2166 734 2354 789 statim
2409 750 2535 788 cum
2590 734 3022 790 Novatianorum
3085 736 3383 802 ecclesias,
3442 753 3565 810 quae
3617 749 3775 797 erant

2166 824 2532 893 Alexandria,
2576 828 2917 894 occlusisset,
2949 844 3066 884 non
3106 829 3273 885 modo
3303 847 3522 886 omnem
3555 847 3773 889 sacrum

2170 918 2514 985 thesaurum,
2539 920 2634 990 qui
2659 919 2715 973 in
2753 919 2865 975 illis
2886 918 3017 987 fuit,
3039 921 3261 992 penitus
3292 922 3550 991 abstulit;
3579 938 3775 980 verum

2166 1011 2336 1069 etiam
2383 1011 2827 1083 Theopemptum
2874 1011 3097 1068 illorum
3143 1014 3465 1086 episcopum
3519 1016 3779 1073 omnibus

2168 1104 2285 1160 suis
2324 1101 2564 1160 fortunis
2598 1103 2858 1175 privavit.
2900 1125 2920 1158 ι
2953 1105 3082 1162 Haec
3108 1104 3380 1174 Socrates,
3431 1108 3528 1164 sed
3561 1108 3632 1164 ob
3664 1125 3777 1164 sua:
3867 1170 3873 1175 ,

2168 1202 2333 1251 secta:
2370 1196 2739 1267 patrocinium
2787 1197 2990 1269 saepius
3027 1198 3160 1254 alibi
3207 1214 3427 1271 quoque
3458 1201 3615 1257 malae
3649 1200 3776 1256 ﬁdei

2169 1296 2478 1358 suspectus,
2516 1298 2577 1345 ut
2612 1299 2762 1346 recte
2814 1300 3005 1347 monet
3044 1280 3317 1361 Baronius
3347 1308 3436 1348 an.
3472 1292 3606 1349 Chr.
3647 1294 3775 1361 419.,

2171 1396 2326 1436 num.
2355 1382 2446 1447 45,
2472 1390 2529 1439 et
2556 1383 2610 1438 in
2650 1384 2808 1444 Notis
2850 1385 2919 1440 ad
2956 1385 3400 1458 Martyrologium
3440 1387 3776 1443 Romanum.

2170 1473 2286 1529 imo
2307 1475 2559 1532 eamdem
2594 1477 2817 1532 inurere
2850 1487 3037 1534 notam
3078 1477 3134 1534 S.
3178 1477 3478 1535 Caelestino
3525 1480 3779 1537 Pontifici

2169 1567 2441 1634 Romano,
2480 1569 2631 1640 quod
2669 1588 2687 1620 ι
2725 1569 3069 1639 Novatianis,
3101 1572 3197 1643 qui
3235 1582 3395 1627 erant
3432 1572 3641 1638 Roma,
3685 1589 3778 1629 ec-

2170 1658 2366 1714 clesias
2389 1659 2725 1727 abstulisset,
2769 1680 2787 1713 ι
2823 1672 3057 1718 conatur
3089 1663 3238 1719 idem
3273 1662 3527 1719 Socrates
3552 1664 3650 1719 lib.
3682 1681 3778 1730 vn,

2172 1766 2295 1824 cap.
2341 1752 2429 1808 11.
2464 1772 2483 1805 ι
2515 1753 2899 1826 Episcopatus,
2941 1774 2960 1807 ι
3001 1755 3201 1827 inquit,
3257 1774 3276 1808 ‹
3321 1756 3624 1824 Romanus,
3668 1773 3781 1813 non

2171 1846 2331 1901 aliter
2363 1853 2529 1917 atque
2552 1846 2981 1914 Alexandrinus,
3012 1848 3170 1919 quasi
3203 1855 3359 1903 extra
3390 1849 3689 1906 sacerdotii
3713 1846 3781 1905 ti-

469 1942 712 2015 }Egypti,
745 1940 875 2013 quia
905 1939 1024 2011 ipse
1054 1937 1109 1993 id
1140 1937 1319 2009 palam
1359 1934 1593 1991 affirmat
1624 1933 1682 1990 in
1702 1933 1827 1991 Vita
1861 1931 1934 1991 S.,
1954 1931 2070 1988 An-
2109 1998 2146 2015 ﬁ
2175 1952 2274 1993 nes
2303 1952 2581 2009 egressus,
2622 1938 2693 1994 ad
2738 1940 3060 1997 saecularem
3105 1940 3475 2013 principatum
3520 1952 3642 1999 erat
3668 1944 3783 2015 jam

475 2035 631 2090 tonii.
684 2054 702 2086 ι
753 2033 907 2088 Hanc
951 2038 1209 2086 accurate
1277 2028 1606 2084 illustratam
1654 2026 1912 2082 dedimus
1964 2041 2072 2081 xvn

469 2126 616 2191 Jan.,
650 2139 755 2180 nec
780 2124 956 2179 ullum
985 2120 1346 2177 monachatus
1380 2118 1438 2175 S.
1470 2118 1757 2175 Athanasii
1778 2118 2073 2201 vestigiqm

480 2218 809 2289 reperimus.
861 2213 1087 2272 Consuli
1135 2212 1653 2285 prolegomenorum
1701 2210 1731 2284 ς
1780 2210 1815 2267 8
1870 2218 2072 2282 potest.

542 2312 630 2368 16.
675 2310 921 2366 Isidorus
963 2307 1244 2363 Pelusiota
1290 2306 1371 2361 uti
1408 2304 1731 2376 frequentes
1770 2302 1831 2360 S.
1870 2301 2075 2377 Cyrillo

466 2409 581 2480 jam
612 2406 875 2477 episcopo
909 2402 1133 2473 scripsit
1172 2400 1453 2470 epistolas,
1483 2398 1559 2453 ita
1588 2397 1642 2452 ei
1674 2395 1920 2452 nondum
1952 2394 2074 2466 epi-

470 2517 661 2573 scopo,
687 2502 831 2554 inter
862 2495 1163 2552 monachos
1189 2491 1410 2565 degenti
1434 2491 1492 2545 in
1511 2487 2078 2555 solitudine,videtur

473 2594 791 2651 vicesimam
824 2590 1073 2661 quintam
1122 2585 1251 2641 libri
1291 2583 1458 2656 primi
1505 2581 1813 2653 scripsisse,
1849 2596 1971 2652 quae
1999 2581 2076 2636 ita

474 2687 682 2743 habet:
714 2704 731 2737 ι
765 2682 907 2750 Quid
947 2681 1049 2738 tibi
1071 2678 1326 2736 utilitatis
1347 2676 1509 2732 affert
1537 2675 1764 2732 Joannis
1802 2675 1858 2730 in
1892 2675 2075 2731 locum

475 2781 758 2842 desertum
778 2772 1050 2838 secessio,
1084 2785 1247 2842 quam
1273 2768 1403 2824 olim
1426 2767 1672 2824 studiose
1705 2766 1953 2822 imitatus
1980 2781 2074 2834 es;

477 2889 605 2931 cum
624 2884 775 2925 nunc
797 2882 924 2922 cum
958 2864 1185 2921 minime
1217 2861 1472 2927 imiteris,
1499 2875 1693 2916 verum
1729 2858 1798 2915 ad
1836 2859 2078 2930 privatas

474 2983 638 3024 curas
666 2971 717 3023 te
739 2962 968 3027 referas,
994 2968 1159 3031 atque
1174 2958 1241 3013 in
1266 2954 1564 3013 solitudine
1603 2953 1979 3020 tumultueris,
2020 2961 2084 3009 et

472 3066 543 3121 ab
570 3062 856 3120 hominum
880 3069 1026 3116 coetu
1060 3065 1306 3114 remotus
1323 3052 1702 3128 perturberis?
1721 3053 1946 3108 Etenim
1977 3067 2076 3107 ex-

471 3164 633 3212 terno
656 3152 847 3209 habitu
881 3166 944 3205 ac
968 3151 1150 3220 specie
1184 3146 1489 3219 quiescere,
1523 3144 1725 3200 mentis
1746 3152 1931 3199 autem
1958 3159 2081 3200 mu-

474 3247 778 3305 tationibus
816 3259 881 3299 ac
917 3241 1430 3314 perturbationibus
1466 3238 1771 3310 inquinari,
1810 3247 1925 3293 tum
1950 3253 2080 3294 sen-

2177 2039 2305 2087 ante
2328 2029 2608 2103 delapsus.
2648 2050 2667 2084 ι

2246 2122 2337 2179 18.
2360 2123 2501 2179 Cum
2522 2122 2835 2189 haereticos,
2858 2124 3173 2181 daemonum
3214 2126 3393 2182 socios
3426 2135 3591 2198 atque
3623 2126 3784 2198 adju-

2174 2223 2343 2283 tores,
2372 2216 2676 2288 expulisset
2695 2216 2952 2290 Cyrillus,
2985 2219 3137 2289 ipsos
3157 2231 3377 2290 quoque
3403 2217 3533 2274 dein
3559 2234 3788 2291 aggres-

2177 2324 2275 2366 sus
2338 2309 2625 2366 daemones
2654 2325 2689 2366 e
2734 2310 2852 2368 suis
2902 2311 3129 2369 sedibus
3169 2312 3451 2385 eﬂ‘ugavit.
3511 2330 3532 2365 ι
3580 2311 3792 2369 Aberat

2173 2401 2578 2468 Alexandria,»
2609 2409 2673 2457 ut
2706 2411 2982 2480 testantur
3011 2404 3148 2460 Acta
3182 2404 3281 2462 SS.
3315 2404 3443 2477 Cyri
3470 2414 3528 2462 et
3555 2404 3795 2461 Joannis

2174 2495 2233 2552 in
2260 2494 2390 2562 line,
2426 2514 2444 2548 ι
2482 2495 2675 2553 decem
2701 2496 2897 2553 stadiis
2913 2496 3220 2570 Canopus:
3254 2518 3274 2553 ι
3321 2498 3456 2556 hinc
3488 2514 3622 2555 vero
3649 2516 3668 2551 ι
3699 2498 3792 2554 di-

2175 2586 2357 2642 stabat
2382 2585 2608 2657 quidam
2640 2586 2798 2642 vicus
2826 2586 3005 2657 spatio
3033 2586 3273 2643 duorum
3319 2586 3651 2653 stadiorum,
3683 2601 3797 2641 no-

2175 2680 2325 2736 mine
2347 2680 2626 2738 Manuthe.
2660 2680 2761 2736 Hic
2782 2690 2970 2739 autem
2995 2682 3152 2738 vicus
3176 2692 3300 2740 erat
3329 2683 3641 2740 daemonum
3688 2682 3798 2738 lia-

2177 2773 2392 2840 bitatio,
2414 2783 2471 2830 et
2501 2774 2864 2831 versabantur
2890 2774 2949 2829 in
2977 2789 3046 2830 eo
3070 2775 3298 2847 maligni
3331 2775 3579 2847 spiritus.
3602 2773 3803 2830 Theo-

2175 2867 2362 2941 philus
2400 2881 2530 2923 vero
2565 2866 2676 2933 hic,
2705 2866 2928 2938 praesul,
2963 2876 3026 2923 ut
3052 2866 3213 2939 prius
3239 2866 3503 2933 diximus,
3546 2865 3802 2922 Alexan-

2176 2959 2393 3024 drinus,
2411 2974 2537 3014 cum
2557 2958 2828 3015 voluisset
2851 2958 3086 3017 reddere
3109 2960 3293 3016 locum
3317 2975 3518 3032 purum
3533 2975 3565 3014 a
3586 2959 3810 3018 daemo-

2176 3052 2364 3117 nibus,
2422 3049 2763 3123 Christique,
2799 3052 3266 3125 evangelistarum
3311 3061 3368 3109 et
3409 3052 3809 3125 apostolorum

2176 3143 2594 3200 characteribus
2638 3154 2696 3200 et
2738 3144 2951 3217 figuris,
2986 3155 3050 3202 ut
3087 3147 3157 3203 ad
3189 3163 3319 3203 eum
3345 3149 3812 3206 conservandum
3836 3185 3849 3194 -

2181 3234 2389 3299 idonei,
2415 3250 2711 3306 occupare,
2740 3234 2796 3290 id
2830 3235 2978 3307 quod
3016 3244 3286 3293 statuerat
3306 3252 3417 3292 non
3440 3238 3710 3309 perduxit
3737 3241 3814 3297 ad

470 3355 593 3396 sum
625 3336 857 3409 caligine
888 3332 1192 3406 perfundit,
1226 3342 1355 3388 tum
1389 3337 1677 3401 susceptos
1710 3331 1822 3402 jam
1858 3330 2078 3386 labores
2105 3350 2150 3413 ρ
2179 3325 2459 3381 είῖροῑιιιη.
2485 3325 2713 3383 Interim
2737 3328 2885 3383 cnim
2912 3344 3059 3385 mors
3081 3329 3403 3393 adveniens,
3425 3345 3549 3401 quae
3577 3341 3675 3387 est
3708 3332 3820 3389 ho.

469 3430 793 3503 exstinguit,
821 3438 985 3497 atque
1006 3424 1524 3497 perturbationibus
1548 3421 1716 3477 animi
1749 3438 1977 3493 pronam
2012 3438 2077 3478 ac

469 3527 690 3583 facilem
717 3522 1006 3580 victoriam
1040 3517 1242 3583 reddit,
1263 3504 1539 3587 efficitque
1568 3526 1629 3572 ut
1656 3516 1815 3571 miles
1833 3514 2049 3587 abjecto

473 3628 632 3674 scuto
664 3616 856 3689 fugiat.
893 3614 1063 3670 Porro
1094 3625 1256 3665 nemo
1280 3609 1522 3665 militans
1552 3608 1800 3680 implicat
1824 3623 1881 3663 se
1906 3622 2072 3679 nego-

475 3714 568 3769 tiis
601 3709 980 3774 saecularibus,
1022 3713 1081 3761 ut
1127 3705 1179 3760 ei
1215 3704 1447 3775 placeat,
1485 3718 1519 3759 a
1558 3718 1668 3773 quo
1717 3701 1773 3757 in
1822 3700 2074 3755 militiam

473 3803 683 3860 ascitus
722 3809 847 3857 est:
882 3810 1076 3853 verum
1120 3809 1273 3850 arma
1300 3794 1452 3849 omni
1484 3809 1551 3849 ex
1580 3800 1735 3864 parte
1776 3798 1971 3863 gestat,
2002 3789 2076 3845 ad

475 3895 532 3952 id
565 3902 851 3951 certamen
878 3931 893 3957 ,
936 3888 1086 3961 quod
1133 3886 1357 3943 tribuno
1398 3884 1627 3940 militari
1665 3883 1967 3955 placuerit,
2018 3896 2077 3936 se

476 4000 819 4059 comparans.
861 4002 879 4036 ι
920 3982 1045 4039 llaec
1074 3980 1141 4037 de
1165 3979 1519 4037 monachatu.
1549 3975 1631 4033 Ad
1671 3976 1912 4033 certiora
1943 3989 2076 4046 pro-

477 4094 758 4154 peramus.
2009 4070 2015 4075 ’

478 4238 507 4310 §
565 4236 654 4292 ill.
692 4234 1066 4305 Episcopatus,
1114 4228 1396 4371 ρέἓὶεᾶἐξιαί
1448 4224 1759 4289 Νπαείαηί,
1816 4222 2078 4279 άωηιοηὶα

550 4463 639 4517 l7.
680 4460 937 4517 Socrates
963 4458 1002 4513 l.
1031 4446 1127 4523 vn,
1154 4471 1204 4510 c.
1228 4456 1259 4509 ‘7
1292 4452 1434 4526 (sed,
1469 4449 1617 4522 quod
1641 4448 1876 4522 Cyrillus
1899 4446 2078 4502 conti-

478 4569 594 4611 nuo
626 4552 694 4607 ad
720 4566 878 4608 suam
908 4547 1212 4605 Ecclesiam
1244 4561 1275 4600 a
1306 4537 1740 4600 NovatianOrum
1764 4537 1963 4594 haeresi
1989 4553 2080 4594 re-

480 4644 818 4718 purgandam
850 4641 1097 4697 animum
1129 4637 1352 4710 adjecit,
1378 4632 1722 4698 subinfense,
1766 4637 1917 4686 secta
1964 4629 2081 4701 ipse

2179 3416 2426 3472 minibus
2454 3433 2543 3472 res
2574 3418 2954 3483 inexorabilis,
3003 3419 3233 3475 abducit
3276 3435 3406 3475 eum
3442 3434 3475 3474 a
3513 3420 3633 3477 vita
3661 3439 3821 3493 prm-

2178 3508 2344 3563 senti.
2373 3507 2582 3563 Deinde
2608 3517 2792 3564 autem
2819 3509 3023 3582 Cyrillo
3046 3524 3291 3579 quoque,
3319 3508 3416 3580 qui
3446 3519 3575 3581 post
3613 3513 3822 3584 ipsum

2179 3599 2296 3655 sedi
2330 3598 2617 3667 successit,
2658 3615 2770 3656 non
2799 3616 2998 3672 parum
3028 3610 3150 3657 erat
3178 3616 3326 3657 cura:
3346 3600 3586 3659 liberare
3615 3605 3827 3664 locum

2178 3708 2210 3748 a
2242 3692 2553 3748 daemonum
2583 3692 2808 3765 injuria.
2835 3691 2974 3749 Cum
3008 3708 3139 3748 vero
3166 3692 3235 3749 de
3259 3709 3325 3750 ea
3359 3710 3418 3750 re
3442 3710 3593 3767 saepe
3628 3699 3829 3757 Deum

2179 3792 2461 3855 rogasset,
2503 3783 2730 3855 angelus
2764 3784 2817 3841 ei
2849 3785 3214 3856 apparens’in
3259 3785 3507 3853 visione,
3540 3790 3725 3860 jubet
3761 3805 3834 3852 ut

2181 3879 2362 3950 magni
2396 3878 2544 3936 illius
2585 3879 2715 3952 Cyri
2748 3889 2806 3937 et
2854 3880 3024 3936 Marci
3064 3882 3415 3954 evangelista:
3452 3886 3727 3957 reliquiae
3766 3892 3829 3948 in

2180 3970 2287 4026 hoc
2307 3969 2429 4025 vico
2450 3978 2871 4041 reponerentur.
2909 3969 3000 4027 Sic
3026 3971 3173 4027 enim
3205 3971 3322 4028 fore
3345 3981 3457 4028 uta
3479 3972 3836 4037 daemonum

2179 4072 2517 4119 nocumento
2532 4063 2819 4121 liberetur.
2837 4063 2947 4120 Cur
2972 4072 3158 4119 autem
3181 4080 3293 4120 non
3322 4065 3557 4123 Joannis
3582 4084 3838 4142 quoque

2182 4155 2408 4221 dixerit,
2451 4155 2585 4213 satis
2625 4154 2854 4227 quidem
2899 4165 3184 4212 ostensum
3217 4166 3304 4214 est
3339 4172 3372 4213 a
3417 4156 3693 4230 Cyrillo:
3744 4177 3844 4224 est

2181 4256 2368 4304 autem
2415 4247 2675 4303 omnibus
2721 4264 2941 4320 quoque
2978 4263 3078 4319 per
3119 4263 3178 4304 se
3223 4247 3622 4320 manifestum,
3670 4260 3845 4328 quod

2181 4339 2406 4395 nomine
2427 4336 2579 4411 Cyri,
2610 4339 2837 4396 omnino
2868 4338 3096 4396 Joannis
3129 4355 3351 4413 quoque
3394 4341 3621 4400 nomen
3656 4348 3848 4408 simul

2182 4428 2517 4487 ostenditur.
2539 4429 2697 4487 Sicut
2718 4431 2868 4487 enim
2886 4447 3069 4487 mores
3095 4431 3323 4490 fuerunt
3343 4432 3426 4489 eis
3447 4449 3851 4513 communes,

2183 4531 2240 4580 et
2263 4538 2385 4593 qua:
2414 4530 2639 4594 propter
2661 4522 2944 4580 Christum
2988 4522 3131 4579 facta
3155 4533 3241 4580 est
3271 4524 3564 4584 confessio
3595 4542 3662 4590 et
3689 4551 3851 4594 con-

2187 4613 2505 4678 summatio,
2536 4613 2614 4668 ita
2649 4614 2819 4670 etiam
2848 4613 3083 4684 simplex
3106 4622 3192 4669 est
3211 4614 3440 4670 omnino
3473 4624 3754 4694 vocatio,
3789 4637 3856 4684 et

1013 4694 1216 4788 scribit:
1242 4749 1254 4783 :
1301 4694 1716 4797 «Theophilus
1738 4694 2076 4781 Alexandria:

2187 4705 2324 4761 citra
2348 4704 2521 4760 ullum
2542 4704 2861 4761 discrimen.
2903 4694 3045 4761 Hinc
3088 4705 3147 4761 in
3185 4704 3449 4763 Manuthe
3497 4719 3858 4790 martyricae

478 4831 774 4903 cpiscopus
792 4828 850 4884 in
872 4835 1165 4883 veternum
1192 4821 1454 4891 delapsus
1483 4817 1621 4873 abiit
1642 4831 1674 4872 e
1715 4815 1849 4881 vita,
1881 4814 1950 4871 ad
1976 4829 2080 4870 no-

480 4937 615 4978 num
640 4919 989 4977 consulatum
1009 4911 1260 4977 Honorii,
1289 4907 1587 4965 Theodosii
1609 4915 1793 4967 autem
1825 4907 2081 4978 quintqu

480 5032 550 5072 xv
572 5013 691 5070 Oct.
730 5011 814 5068 Ibi
835 5017 952 5065 tum
985 5007 1052 5063 de
1092 5004 1355 5077 episcopo
1386 4999 1677 5073 deligendo
1698 5008 1819 5055 orta
1844 5008 1931 5055 est
1950 5013 2084 5054 con-

482 5107 771 5166 troversia.
804 5102 913 5160 Alii
931 5101 1080 5157 enim
1114 5097 1467 5154 Timotheum
1487 5091 1961 5158 archidiaconum,
1989 5091 2081 5147 alii

482 5201 752 5276 Cyrillum
777 5196 952 5252 filium
978 5191 1167 5248 fratris
1203 5189 1518 5261 Theophili,
1545 5185 1613 5242 ad
1642 5187 1994 5258 episcopatus
2022 5185 2087 5240 il-

482 5299 593 5354 lius
618 5294 805 5350 sedem
834 5288 1038 5344 efferre
1069 5286 1412 5340 laborarunt.
1446 5281 1563 5349 Qua
1598 5281 1667 5336 de
1691 5296 1749 5336 re
1775 5294 1900 5335 cum
1927 5294 1956 5333 a
1984 5294 2083 5349 po-

482 5385 614 5459 pulo
630 5387 902 5443 certatum
925 5385 1096 5444 esset,
1113 5389 1427 5447 quanquam
1450 5371 1766 5428 Abudacius
1781 5369 1881 5443 [αι.
1901 5370 2090 5425 Abun-

485 5471 730 5546 dantius]
750 5470 1217 5545 praesidiariorum
1247 5466 1485 5523 militum
1510 5463 1806 5537 praefectus
1836 5462 2086 5532 partibus

487 5567 764 5624 Timothei
792 5559 1040 5621 subsidio
1080 5561 1204 5627 fuit,
1248 5569 1433 5620 tamen
1473 5557 1658 5615 triduo
1696 5565 1821 5628 post
1852 5563 2087 5611 mortem

488 5655 777 5727 Theophili
801 5650 1041 5728 Cyrillns
1080 5653 1137 5708 in
1169 5650 1299 5709 sede
1329 5648 1627 5722 episcopali
1647 5648 1945 5705 collocatus
1966 5646 2089 5717 epi-

487 5759 714 5822 scopatu
731 5748 941 5821 potitus
960 5755 1077 5803 est:
1100 5745 1475 5818 maioremque
1500 5742 1892 5815 principatum,
1922 5754 2088 5811 quam

488 5856 731 5913 unquam
765 5837 1106 5909 Theophilus
1133 5835 1442 5900 habuisset,
1481 5832 1689 5905 pariter
1730 5829 1836 5886 sibi
1874 5845 2090 5885 assum-

487 5938 616 6009 psit.
636 5935 859 5992 Etenim
878 5948 947 5989 ex
967 5932 1060 5988 illo
1076 5940 1327 6000 tempore
1348 5927 1643 5998 episcopus
1664 5922 2088 5988 Alexandrinus,

488 6038 688 6101 praeter
708 6025 848 6085 sacri
879 6023 1017 6083 cieri
1038 6021 1402 6088 dominatum,
1423 6032 1611 6076 rerum
1633 6024 1900 6088 praeterea
1918 6028 2089 6070 saecu-

2182 4811 2377 4854 eorum
2425 4797 2697 4869 reliquiae,
2740 4797 3006 4855 vicesimo
3050 4807 3109 4854 et
3136 4802 3332 4854 octavo
3372 4805 3609 4862 mensis
3652 4809 3855 4879 Junii,

2182 4890 2443 4965 praeclare
2485 4889 2651 4945 simul
2692 4896 2751 4947 et
2790 4899 3140 4947 sacrosancte
3190 4891 3664 4969 transferuntur,
3733 4907 3860 4965 vici

2183 4981 2460 5048 custodia,
2501 4981 2813 5039 daemonum
2866 4981 3015 5055 fuga,
3068 4997 3102 5037 a
3146 4983 3357 5040 morbis
3404 4985 3733 5064 liberatio,
3797 5013 3865 5059 et

2183 5093 2334 5132 nunc
2356 5075 2512 5131 locus
2530 5084 2617 5131 est
2637 5075 2753 5130 Deo
2777 5082 3154 5140 consecratus,
3178 5075 3441 5148 illiusque
3470 5092 3867 5163 martyribus

2182 5180 2241 5226 et
2280 5167 2649 5234 administris,
2690 5166 2866 5239 gratia
2908 5175 2966 5221 et
3008 5166 3301 5223 clementia
3359 5170 3612 5234 Domini
3663 5191 3866 5245 nostri

2182 5261 2311 5317 Jcsu
2335 5257 2562 5315 Christi.
2595 5276 2612 5308 ι
2649 5256 2920 5319 Baronius
2949 5255 3066 5313 haec
3095 5267 3215 5313 acta
3243 5259 3419 5317 refert
3450 5267 3529 5322 ad
3572 5287 3679 5329 an.
3709 5276 3863 5337 Chr.

2184 5352 2310 5416 414,
2336 5365 2491 5405 num.
2544 5347 2633 5413 20,
2662 5348 2758 5404 ubi
2798 5348 3067 5420 templum
3108 5348 3215 5406 hoc
3253 5350 3504 5425 Canopi,
3548 5378 3680 5422 non
3735 5371 3870 5429 Ma-

2186 5444 2394 5508 nuthaz,
2430 5441 2506 5497 ait
2539 5440 2842 5535 exstitisse,
2879 5456 2993 5496 non
3031 5441 3175 5535 satis
3202 5442 3353 5498 Actis
3374 5444 3477 5504 his
3509 5465 3870 5535 perpensis,

2186 5551 2312 5607 quae
2332 5534 2732 5590 illustrabimus
2763 5533 2833 5588 ad
2868 5548 2995 5589 xxxi
3023 5533 3293 5590 Januarii.

2549 5689 2578 5764 ς
2601 5690 2689 5747 IV.
2711 5689 2890 5749 Judaei
2911 5691 3244 5749 Alexandria
3268 5692 3445 5765 pulsi.

2262 5826 2349 5921 l9.
2378 5824 2631 5884 Socrates
2646 5827 2749 5884 lib.
2782 5843 2877 5895 vn,
2902 5843 3041 5921 cap.
3077 5827 3163 5895 15,
3207 5848 3226 5882 ε
3263 5830 3486 5893 eodem
3524 5851 3814 5921 tempore
3849 5885 3875 5916 ι

2190 5920 2376 6021 pulsos
2426 5920 2758 6021 Alexandria
2808 5936 2839 5976 a
2882 5919 3101 6021 Cvrillo
3140 5921 3369 5981 Judaaos
3432 5919 3684 6010 scribit,
3757 5964 3885 6021 quo

2189 6014 2570 6089 Chrysanthus
2594 6015 2888 6087 episcopus
2906 6015 3350 6074 Novatianorum
3380 6037 3514 6084 suae
3550 6047 3740 6099 sectae
3763 6014 3887 6104 ἐο-
