4172 6438
385 343 460 401 l7

1777 338 1841 395 S.
1871 336 2153 394 CYRILLE
2186 333 2370 394 YlTA.

3651 317 3723 374 f8

380 458 620 515 clesiam
648 453 1136 526 Constantinopoli
1174 452 1619 519 administrabat,
1647 453 1714 508 de
1741 469 1854 522 quo
1887 467 2010 520 cap.
2046 457 2086 512 Α
2116 451 2187 506 ab
2211 449 2468 506 incendio
2488 447 2749 504 liberent.
2779 443 2920 501 Tum
2949 445 3126 504 Iudaei
3158 443 3411 515 protinus
3433 441 3640 510 impetu
3667 439 3725 491 in

386 549 458 602 l2
508 553 724 619 egerat.
759 545 995 601 Creatus
1033 545 1082 600 is
1115 554 1238 600 erat
1277 530 1368 599 an.
1418 544 1552 601 Chr.
1592 543 1718 610 M2,
1764 554 2018 599 mortuus

381 641 651 696 Monaxio
684 648 742 695 et
769 640 954 694 Plinta
995 654 1171 704 coss.,
1216 654 1306 693 an.
1351 636 1485 692 Chr.
1525 637 1651 692 419.
1685 657 1702 689 σ
1739 636 1948 692 Eodem
1992 653 2010 687 ι

381 749 526 804 ergo
561 753 582 785 ς
617 741 892 804 tempore,
933 751 952 782 ι
985 731 1164 802 inquit
1189 731 1467 795 Socrates,
1502 749 1519 782 ι
1546 729 1865 787 Iudaeorum
1885 742 2020 800 gens

382 841 417 879 a
443 824 659 897 Cyrillo
679 825 946 896 episeopo
971 823 1310 879 Alexandria
1329 822 1474 878 hanc
1493 823 1568 879 ob
1591 837 1814 878 causam
1843 821 2020 891 ejecta

383 926 501 972 est.
538 917 787 987 Populus
809 915 1226 971 Alexandrinus
1247 921 1448 985 praeter
1473 922 1706 970 caeteros
1726 910 2018 969 seditioni—

387 1010 505 1064 bus
532 1009 846 1064 delectatur
883 1026 898 1062 :
933 1009 992 1063 in
1024 1007 1251 1078 quibus,
1287 1006 1336 1062 si
1363 1006 1588 1078 quando
1619 1005 1693 1062 sit
1722 1004 1905 1061 oblata
1949 1005 2022 1059 il-v

386 1102 576 1157 larum
601 1100 1026 1157 conﬂandarum
1059 1099 1304 1166 occasio,
1333 1099 1543 1155 scelera
1573 1097 1819 1154 eduntur
1848 1111 2021 1168 prope

389 1194 775 1250 intolerabilia
804 1212 820 1248 :
848 1194 1058 1265 quippe
1077 1192 1200 1248 sine
1228 1191 1498 1263 sanguine
1516 1205 1802 1261 nunquam
1829 1187 2020 1260 populi

389 1288 643 1358 impetus
662 1287 909 1343 sedatur.
942 1287 1002 1342 1d
1028 1284 1296 1356 temporis
1316 1284 1613 1350 tumultus,
1635 1298 1746 1338 non
1765 1281 1835 1337 de
1855 1295 2023 1336 causa

380 1383 583 1452 aliqua
616 1381 954 1446 necessaria,
990 1378 1087 1435 sed
1109 1377 1178 1434 de
1204 1377 1388 1433 studio
1419 1377 1710 1432 saltatores
1735 1367 2021 1444 spectandi

394 1475 580 1546 (quod
628 1474 835 1528 malum
881 1489 984 1544 per
1029 1484 1224 1525 omnes
1261 1469 1517 1524 civitates
1557 1465 1752 1537 serpit)
1802 1465 1859 1520 in
1902 1464 2022 1536 ipsa

392 1565 763 1622 multitudine
789 1564 933 1619 forte
964 1563 1238 1619 ciebatur.
1262 1561 1398 1617 Nam
1423 1560 1514 1616 die
1551 1557 1788 1633 Sabbati-
1828 1557 2023 1628 ingens

394 1659 567 1716 turba
593 1659 663 1714 ad
685 1658 986 1729 quemdam
1013 1657 1331 1712 saltatorem
1353 1651 1715 1725 spectandum
1735 1649 2019 1706 conﬂuxit.

396 1750 473 1805 Et
505 1749 771 1820 quoniam
797 1746 998 1813 Iudaei,
1039 1745 1135 1817 qui
1169 1745 1263 1800 illo
1295 1743 1385 1799 die
1427 1741 1721 1805 feriantur,
1760 1756 1873 1796 non
1915 1739 2022 1810 legi

395 1813 719 1907 audiendas,
751 1841 847 1896 sed
875 1813 1210 1911 specta—culis
1245 1845 1303 1893 et
1326 1835 1473 1891 ludis
1500 1833 1738 1890 scenicis
1769 1840 2022 1888 contem-
2055 1813 2100 1873 Β

395 1935 622 2007 plaudis
650 1942 797 1990 totos
819 1949 941 1988 sese
973 1931 1288 1996 dedebant,
1323 1930 1457 1985 dies.
1476 1928 1568 1984 ille
1592 1926 1782 1998 populi
1823 1925 2022 1982 factio-

394 2031 572 2085 nibus
620 2029 770 2084 inter
811 2043 872 2083 se
913 2035 1111 2083 mutuo
1149 2022 1454 2079 dimicandi
1479 2036 1649 2077 causa
1679 2019 1909 2075 exstitit.
1945 2018 2024 2074 Ac

395 2138 724 2194 quanquam
766 2119 958 2192 populi
994 2117 1276 2175 discordia
1314 2131 1347 2171 a
1385 2113 1648 2188 praefecto
1676 2111 2028 2168 Alexandriae

397 2225 693 2287 utcunque
723 2224 842 2270 tum
866 2212 1062 2269 sedata
1087 2211 1214 2277 fuit,
1235 2208 1603 2266 nihilominus
1633 2214 1817 2262 tamen
1841 2204 2018 2261 Judaei

396 2309 567 2364 alteri
590 2307 782 2378 populi
807 2305 1038 2361 factioni
1065 2302 1370 2360 adversarii
1389 2315 1511 2357 esse
1533 2315 1646 2354 non
1667 2297 2022 2353 destiterunt.

399 2401 586 2472 Atque
607 2399 827 2455 tametsi
845 2397 1023 2453 Iudaei
1048 2393 1382 2452 Christianis
1403 2400 1563 2448 erant
1579 2404 1797 2461 semper
1815 2387 2025 2455 infesti,

401 2501 526 2546 tum
563 2500 748 2546 tamen
787 2497 1016 2560 propter
1057 2488 1370 2555 saltatores,
1404 2485 1582 2541 multo
1622 2483 1680 2538 in
1709 2497 1808 2538 eos
1843 2480 2027 2538 inlen-

399 2585 585 2641 siores
623 2583 756 2640 lacti
791 2591 925 2639 sunt

480 2678 574 2732 20.
618 2696 637 2729 ι
673 2677 872 2746 Itaque
911 2689 1040 2730 cum
1077 2672 1303 2728 Orestes
1339 2668 1636 2744 praefectus
1680 2664 2029 2723 Alexandriae

402 2772 687 2825 πολιτείαν
723 2768 829 2842 (sic
848 2767 998 2823 enim
1023 2763 1246 2837 publica
1276 2760 1521 2834 praefecti
1546 2759 1728 2816 edicta
1750 2756 2030 2829 appellant

401 2859 794 2931 Alexandrini)
828 2861 886 2914 in
934 2857 1156 2912 theatro
1183 2852 1600 2928 proponendam
1632 2858 1873 2915 curaret,
1929 2847 2029 2904 ad-

401 2964 577 3011 erant
604 2955 778 3009 etiam
800 2951 993 3025 Cyrilli
1031 2949 1276 3022 episcopi
1323 2945 1646 3010 necessarii,
1680 2953 1744 2999 ut
1784 2941 1965 2999 edicta
1996 2956 2030 2996 a

404 3048 673 3120 pra‘fccto
695 3047 978 3118 publicata
1005 3041 1442 3106 considerarent,
1465 3039 1612 3095 inter
1633 3051 1773 3108 quos
1804 3043 1926 3091 erat
1943 3034 2031 3088 vir

405 3141 639 3196 nomine
672 3142 900 3206 llierax,
928 3135 1244 3193 humilioris
1268 3134 1598 3189 litteraturae
1619 3130 1902 3202 magister,
1933 3126 2030 3198 qui

406 3235 822 3291 attentissimus
841 3231 1067 3288 auditor
1093 3227 1340 3301 episcopi
1365 3225 1557 3298 Cyrilli
1583 3223 1708 3289 fuit,
1739 3230 1797 3278 et
1819 3222 1877 3276 in
1899 3236 2033 3278 con-

407 3328 676 3384 cionibus
707 3327 828 3399 ejus
871 3324 1130 3395 plausum
1171 3317 1595 3390 diligentissime
1633 3314 1876 3370 excitare
1903 3327 2038 3369 con-

408 3419 617 3476 suevit.
646 3418 806 3474 llunc
837 3416 1008 3488 igitur
1038 3413 1330 3469 Hieracem
1361 3417 1424 3464 ut
1446 3409 1689 3481 primum
1722 3405 2041 3463 Iudaeorum

409 3511 724 3568 multitudo
753 3510 812 3564 in
837 3507 1059 3563 theatro
1082 3503 1402 3574 conspicata
1429 3508 1534 3567 est,
1572 3499 1856 3570 extemplo
1883 3495 2040 3552 voci-

411 3603 593 3659 ferari
627 3602 822 3674 erepit,
851 3615 981 3656 eum
1011 3597 1084 3654 ob
1114 3596 1325 3653 nullam
1357 3594 1522 3650 aliam
1543 3607 1767 3648 causam
1792 3591 1862 3647 ad
1884 3592 2043 3647 thea-

414 3711 576 3756 trum
614 3696 954 3760 accessisse,
993 3707 1161 3765 quam
1201 3698 1265 3746 ut
1292 3688 1559 3761 populum
1599 3687 1670 3742 ad
1711 3686 2044 3743 seditionem

414 3794 758 3854 concitaret.
804 3790 1032 3847 Orestes
1070 3794 1280 3850 autem,
1333 3782 1439 3839 etsi
1487 3789 1616 3837 ante
1655 3781 2044 3852 episcoporum

414 3894 674 3960 potestas
718 3884 799 3939 illi
840 3882 979 3939 odio
1016 3887 1315 3952 propterea
1359 3875 1563 3940 fuerat,
1611 3873 1763 3945 quod
1802 3889 1905 3945 per
1949 3889 2046 3929 eos

414 3969 684 4036 nonnihil
707 3977 777 4033 dc
799 3973 1131 4032 auctoritate
1177 3985 1377 4026 eorum
1401 3967 1498 4041 qui
1516 3967 1586 4023 ab
1613 3966 1951 4038 imperatore
1976 3966 2046 4022 ad

418 4075 792 4146 magistratus
809 4068 1086 4143 gerendus
1105 4063 1378 4136 designati
1408 4056 1590 4128 erant,
1624 4059 1923 4117 admodum
1947 4061 2046 4116 dc-

420 4176 671 4223 tractum
695 4164 833 4231 fuit;
865 4171 1051 4218 tamen
1086 4169 1204 4214 tum
1229 4157 1316 4213 vel
1339 4155 1599 4220 maxime,
1631 4154 1781 4225 quod
1810 4153 2050 4228 Cyrillus

420 4259 727 4317 videbatur
762 4256 818 4311 in
857 4255 980 4326 ejus
1014 4251 1196 4308 edicta
1215 4250 1436 4306 curiose
1468 4247 1788 4318 inquirere;
1813 4247 2051 4318 proinde

421 4355 724 4410 Hieracem
744 4349 928 4422 palam
956 4347 1012 4401 in
1038 4345 1258 4401 theatro
1292 4340 1757 4414 comprehensum
1790 4339 2052 4411 gravibus

421 4441 719 4503 divexavit
750 4439 1064 4512 suppliciis.

486 4564 587 4619 21.
617 4560 768 4629 «Qua
787 4576 849 4614 re
872 4557 1153 4614 intellecta
1171 4554 1409 4628 Cyrillus
1428 4553 1744 4610 Iudaeorum
1766 4548 2058 4622 primarios

425 4654 709 4720 accersit;
743 4653 876 4719 illis,
909 4650 957 4708 si
1001 4665 1113 4705 non
1155 4657 1352 4705 contra
1388 4646 1735 4703 Christianos
1781 4642 2054 4698 tumultus

425 4752 588 4808 ciere
609 4747 906 4810 desistant,
928 4744 1148 4800 debitas
1168 4757 1362 4813 poenas
1388 4755 1449 4796 se
1468 4739 1842 4812 irrogaturum
1873 4737 2054 4790 mina-

429 4851 550 4898 tur.
576 4838 649 4895 At
681 4833 983 4892 multitudo
1021 4833 1362 4897 Iudaeorum,
1401 4829 1640 4901 cognitis
1669 4826 1914 4900 episcopi
1948 4825 2055 4880 mi-

430 4933 549 4996 nis,
575 4928 755 4984 multo
783 4925 994 4997 majore
1018 4923 1323 4980 iracundiae
1352 4931 1493 4986 aestu
1518 4920 1904 4986 exardescere,
1936 4934 2056 4974 ma-

428 5022 750 5092 chinasque
766 5017 837 5075 ad
849 5016 1187 5075 Christianis
1200 5013 1513 5071 nocendum
1528 5013 1841 5086 excogitare
1857 5012 2022 5084 capit
2039 5028 2056 5064 :

431 5127 580 5184 quas
601 5109 834 5181 quidem
871 5106 1212 5178 prmeipuam
1242 5119 1465 5161 causam
1483 5103 1704 5161 Iudaeos
1728 5101 2063 5159 Alexandria

429 5201 777 5263 exturbaudi
807 5200 1000 5265 fuisse,
1030 5200 1143 5270 jam
1167 5197 1476 5255 ostendam.
1505 5195 1679 5254 Iudaei
1717 5211 1846 5252 cum
1884 5204 2062 5252 tesse-

432 5313 560 5353 ram
583 5295 689 5374 ipsi
711 5294 821 5351 sibi
844 5293 1150 5357 dedissent,
1169 5291 1436 5348 nimirum
1458 5296 1524 5345 ut
1541 5288 1775 5361 quisque
1793 5286 2061 5342 annulum

433 5407 508 5446 ex
556 5387 770 5444 cortice
807 5386 1012 5457 palmae
1047 5383 1364 5441 confectum
1417 5389 1680 5454 gestaret,
1729 5387 2062 5436 nocturnam

435 5494 687 5552 pugnam
711 5486 909 5533 contra
939 5476 1288 5534 Christianos
1318 5476 1636 5531 instituunt.
1683 5473 1876 5544 Itaque
1901 5481 2064 5528 nocte

435 5569 687 5642 quadam
714 5586 818 5642 per
849 5569 1140 5625 universas
1171 5569 1328 5625 urbis
1376 5568 1631 5640 regiones
1667 5581 1700 5622 a
1730 5565 2064 5637 quibusdam

435 5661 913 5721 conclamandum
956 5671 1175 5727 curant,
1220 5670 1391 5718 totam
1431 5661 1722 5717 ecclesiam
1762 5657 2066 5715 'Alexandri

440 5757 679 5813 nomine
712 5763 1092 5827 nuncupatam
1142 5755 1268 5824 igne
1310 5753 1668 5826 conﬂagrare.
1711 5752 1848 5822 Quo
1877 5752 2067 5808 audito

440 5848 778 5915 Christiani,
811 5848 952 5904 alius
989 5846 1213 5904 aliunde
1265 5855 1628 5910 concurrunt.
1681 5855 1742 5903 ut
1775 5844 2070 5903 ecclesiam

2061 2173 2097 2208 Ο

2064 3188 2106 3246 C

2119 543 2464 599 Christianos
2501 540 2668 606 facto,
2711 554 2809 597 eos
2848 537 3151 594 trucidant.
3191 535 3370 605 Atque
3417 540 3478 586 ut
3516 547 3546 584 a
3585 533 3724 592 suis,

2120 633 2340 688 annulis
2371 631 2784 698 demonstratis,
2819 645 3016 685 manus
3046 626 3434 689 abstinebant;
3461 623 3542 678 sic
3562 621 3726 676 Chri-

2120 727 2348 792 stianos,
2375 726 2470 796 qui
2511 725 2645 796 ipsis
2669 724 2810 779 forte
2842 722 3060 779 obviam
3094 721 3223 776 laeti
3265 726 3446 783 erant,
3481 730 3513 770 e
3542 712 3728 768 medio

2121 819 2410 875 tollebant.

2184 913 2272 967 22.
2288 931 2318 966 ιο
2337 911 2443 968 Ubi
2470 918 2656 967 autem
2676 907 2859 964 illuxit
2880 908 3018 974 dies,
3040 905 3540 962 sceleris-auctores
3558 899 3728 954 mini-

2121 1025 2209 1064 me
2243 1005 2467 1063 obscuri
2499 1014 2556 1061 et
2577 1003 2843 1075 incogniti
2869 1001 3124 1057 fuerunt-
3139 999 3257 1066 Qua
3294 998 3363 1052 de
3401 1011 3461 1050 re
3489 992 3730 1066 Cyrillus

2120 1101 2362 1174 graviter
2376 1105 2709 1162 commotus,
2734 1107 2862 1151 eum
2883 1094 3092 1166 ingenti
3114 1109 3281 1148 manu
3314 1089 3384 1145 ad
3409 1087 3728 1145 Iudaeorum
3807 1156 3813 1161 _

2121 1208 2422 1268 synagogas
2450 1191 2552 1263 (sic
2581 1190 2730 1245 enim
2767 1203 2962 1244 eorum
3005 1185 3205 1255 templa
3244 1178 3535 1249 vocantur)
3577 1187 3730 1234 recta

2121 1288 2304 1360 pergit
2338 1305 2352 1341 :
2394 1294 2451 1342 et
2479 1300 2549 1340 ex
2570 1283 2778 1341 Iudaeis
2801 1280 3102 1336 nonnullos
3145 1278 3269 1334 neci
3297 1277 3430 1342 dat;
3466 1275 3604 1330 alios
3631 1288 3729 1327 ex-

2122 1381 2332 1452 pellite
2369 1378 2613 1440 civitate,
2646 1389 2954 1444 eorumque
3001 1371 3254 1428 fortunas
3297 1385 3329 1425 a
3371 1365 3731 1423 multitudine

2123 1473 2291 1544 diripi
2314 1471 2604 1544 permittit.
2626 1469 2816 1540 Itaque
2838 1465 3036 1532 Iudaei,
3071 1464 3167 1536 qui
3198 1477 3376 1533 usque
3400 1461 3469 1516 ab
3492 1460 3734 1514 Alexan-

2123 1567 2212 1622 dri
2243 1565 2558 1623 Macedonis
2583 1561 2926 1634 temporibus
2951 1559 3100 1615 illam
3132 1555 3329 1612 urbem
3364 1554 3729 1613 incoluerant,

2125 1667 2244 1715 tum
2274 1657 2521 1713 universi
2555 1654 2684 1711 inde
2721 1652 2906 1725 ejecti,
2950 1649 3045 1705 alii
3087 1651 3144 1705 in
3181 1647 3287 1704 alia
3329 1646 3450 1700 loca
3491 1643 3733 1713 dispersi

2125 1751 2406 1806 vixerunt.
2445 1743 2810 1803 Adamantius
2853 1757 2924 1798 ex
2967 1755 3201 1797 numero
3244 1737 3585 1798 Iudaeorum,
3639 1727 3734 1801 qui

2130 1843 2464 1899 medicinam
2485 1839 2739 1904 docebat,
2770 1831 3301 1904 Constantinopolim
3334 1827 3636 1901 profectus,
3665 1823 3737 1878 ad

2130 1936 2378 1992 Atticum
2432 1934 2755 2004 episcopum
2804 1945 2865 1986 se
2921 1926 3178 1984 contulit.
3223 1923 3328 1991 Qui
3375 1929 3739 1992 posteaquam

2129 2028 2504 2087 Christianam
2538 2025 2862 2097 religionem
2905 2020 3192 2095 professus
3225 2025 3366 2083 erat,
3394 2011 3740 2073 Alexandriae

2131 2122 2315 2178 denuo
2335 2119 2628 2176 habitavit.

2203 2215 2327 2270 25.:
2353 2213 2602 2278 Orestes,
2627 2211 2781 2266 illius
2813 2209 2970 2265 urbis
3000 2206 3317 2278 praefectus,
3366 2189 3503 2256 illud
3549 2195 3740 2270 Cyrilli

2133 2308 2339 2364 factum
2364 2305 2522 2362 valde
2546 2304 2737 2375 iniquo
2759 2302 2944 2358 animo
2967 2300 3133 2356 tulit:
3176 2307 3554 2368 magnumque
3593 2288 3744 2359 cepit

2134 2401 2404 2464 dolorem,
2439 2408 2550 2456 tam
2587 2397 2908 2469 praeclaram
2933 2392 3216 2449 civitatem
3259 2397 3412 2444 tanta
3446 2382 3742 2440 hominum

2135 2491 2491 2550 multitudine
2521 2505 2750 2562 prorsus
2783 2489 3036 2546 orbatam
3077 2498 3219 2541 esse.
3256 2477 3626 2548 Quamobrem
3671 2472 3742 2527 ad

2137 2587 2530 2658 imperatorem
2584 2583 2654 2640 de
2700 2582 2870 2638 rebus
2916 2579 2995 2635 ibi
3041 2575 3212 2650 gestis
3261 2571 3453 2629 refert.
3505 2565 3746 2658 Cyrillus

2136 2657 2303 2734 etiam
2327 2675 2650 2749 imperatori
2681 2674 2999 2732 Iudaeorum
3043 2669 3254 2726 scelera
3288 2681 3386 2735 per
3417 2661 3635 2718 litteras
3666 2657 3745 2712 si-

2135 2769 2390 2842 gniﬁcat;
2424 2778 2482 2824 et
2521 2766 2885 2823 nihilominus
2918 2773 3104 2820 tamen
3151 2760 3220 2816 de
3268 2754 3514 2813 amicitia
3553 2749 3748 2807 conci-

2136 2863 2321 2919 lianda
2347 2862 2437 2935 (ad
2468 2861 2603 2918 illud
2627 2874 2868 2930 namque
2901 2853 3218 2912 faciendum
3241 2849 3482 2923 populus
3514 2844 3752 2935 Alexang

2139 2956 2333 3012 drinus
2360 2955 2518 3010 illum
2539 2952 2856 3024 impulerat)
2885 2964 3012 3005 cum
3035 2947 3232 3002 Oreste
3259 2943 3392 3015 agit.
3416 2941 3624 2996 Verum
3650 2934 3748 2990 ubi

2137 3044 2449 3102 Oresteside
2474 3043 2719 3100 amicitia
2741 3057 2811 3096 ne
2832 3039 3027 3096 audire
3049 3036 3276 3108 quidem
3295 3032 3490 3096 voluit,
3511 3027 3753 3100 Cyrillus

2143 3139 2356 3194 librum
2373 3137 2802 3208 Evangeliorum
2827 3133 3006 3206 (hunc
3027 3129 3177 3186 enim
3203 3128 3359 3182 illum
3377 3122 3752 3180 reveriturum

2141 3227 2378 3301 putavit)
2409 3228 2463 3284 ei
2492 3242 2660 3283 manu
2698 3225 2972 3297 porrexit.
3015 3223 3088 3278 At
3125 3235 3254 3276 cum
3294 3215 3507 3273 Orestis
3535 3213 3756 3268 animus

2141 3337 2212 3378 ne
2247 3323 2353 3378 hoc
2379 3320 2546 3376 modo
2577 3319 2804 3392 quidem
2836 3315 3059 3389 deliniri
3093 3320 3300 3386 posset,
3334 3308 3432 3365 sed
3457 3307 3604 3363 inter
3624 3320 3756 3361 eum

2142 3425 2200 3473 et
2231 3415 2498 3490 Cyrillum
2539 3412 2804 3484 capitales
2837 3407 3143 3466 inimicitiae
3177 3420 3398 3476 semper
3441 3399 3757 3456 intercede-

2145 3519 2300 3577 rent;
2329 3509 2448 3566 haec
2460 3506 2666 3573 clades,
2693 3503 3142 3577 quam-deinceps
3163 3496 3638 3560 commemorabo,
3669 3494 3758 3548 in-

2145 3603 2214 3660 de
2246 3608 2546 3659 consecuta
2573 3607 2679 3655 est.
2711 3617 2731 3651 ι
2758 3597 2887 3653 Haec
2905 3595 3183 3652 Socrates.
3212 3590 3420 3647 Eadem
3444 3595 3636 3643 narrat
3658 3585 3760 3640 Ni-

2145 3697 2424 3767 cephorus
2443 3693 2544 3749 lib.
2574 3708 2686 3758 xxv,
2718 3705 2843 3762 cap.
2879 3689 2969 3754 l4,
3005 3686 3153 3759 apud
3191 3699 3358 3756 quem
3393 3692 3579 3738 tamen
3606 3678 3761 3734 nulla

2147 3785 2314 3840 credis
2365 3782 2684 3840 Iudaeorum
2734 3779 2943 3836 mentio
2989 3785 3073 3834 est
3114 3792 3128 3830 :
3175 3790 3280 3831 nec
3323 3769 3591 3828 credibile
3634 3783 3759 3824 eam

2147 3875 2393 3948 episcopi
2419 3871 3141 3943 auctoritatedesignatam.
3181 3865 3494 3938 Agnoscere
3534 3877 3670 3918 vero
3703 3860 3766 3915 in

2148 3970 2346 4025 Oreste
2373 3968 2505 4024 licet
2527 3966 2882 4038 politicorum
2907 3962 3084 4019 nostri
3112 3975 3336 4032 quoque
3367 3956 3636 4028 temporis
3673 3954 3762 4008 in-

2150 4062 2366 4126 dolem,
2412 4059 2511 4130 qui
2566 4074 2900 4130 quacunque
2938 4063 3171 4127 possunt
3230 4053 3444 4108 ratione
3483 4050 3764 4117 modoque

2152 4153 2477 4226 pontiﬁcum
2522 4160 2797 4210 conantur
2867 4150 3217 4216 aliorumque
3259 4142 3764 4201 ecclesiasticorum

2153 4245 2442 4301 hominum
2485 4243 2629 4298 bona
2674 4240 2958 4304 invadere,
2991 4239 3120 4310 jura
3171 4237 3402 4300 violare,
3452 4233 3764 4290 convellere

2152 4337 2560 4401 auctoritatem,
2607 4333 2780 4390 veluti
2833 4348 3028 4405 regum
3071 4327 3463 4386 emolumentis
3505 4325 3760 4394 noxiam;

2155 4447 2282 4486 cum
2321 4431 2490 4486 nullis
2520 4430 2744 4502 regibus
2774 4427 3226 4485 leliciuscuncta
3264 4420 3553 4485 cesserint,
3597 4435 3769 4490 quam

2091 4546 2132 4602 υ
2160 4523 2254 4592 qui
2282 4519 2543 4580 Ecclesia:
2559 4519 2871 4593 plurimum.
2893 4519 3255 4582 detulerunt;
3274 4523 3465 4571 contra
3487 4526 3620 4566 vero
3643 4511 3766 4580 plu-

2162 4616 2317 4671 rimis
2337 4614 2743 4669 calamitatibus
2765 4627 2858 4670 eas
2889 4611 3092 4666 involvi
3120 4607 3432 4681 provincias
3458 4603 3771 4666 videamus,

2161 4726 2397 4781 quarum
2460 4707 2849 4779 gubernaculis
2909 4702 3182 4776 ejusmodi
3246 4699 3504 4755 homines
3559 4692 3771 4752 admoti

2162 4809 2311 4856 sunt.

2299 4956 2328 5030 §
2356 4957 2421 5013 ν.
2459 4955 2644 5014 Turba:
2668 4952 3069 5012 Alexandriam.
3099 4949 3355 5005 Errantes
3370 4945 3618 5001 correcti.

2235 5095 2326 5151 24.
2371 5094 2681 5167 Tragicam,
2733 5108 2899 5165 quam
2938 5097 3223 5147 narratum
3274 5086 3438 5150 imus,
3483 5081 3773 5137 historiam

2168 5187 2490 5260 imperatori
2521 5195 2579 5243 et
2601 5184 2827 5243 Orestes
2850 5183 3220 5256 praefectuset
3233 5176 3471 5250 Cyrillus
3501 5171 3776 5246 significa-

2171 5291 2320 5338 runt.
2368 5280 2591 5338 Utinam
2633 5278 2833 5334 litterae
2878 5273 3067 5348 Cyrilli
3115 5270 3427 5328 exstarentl
3474 5268 3654 5339 majus
3697 5279 3778 5321 ea:

2169 5373 2408 5445 pondus,
2459 5385 2624 5443 quam
2678 5367 2915 5425 furentis
2958 5364 3106 5420 illius
3145 5362 3379 5430 Orestis,
3430 5360 3578 5433 apud
3625 5365 3780 5414 recte

2171 5465 2475 5523 sentientes
2496 5458 3016 5530 obtinerent.Hujus
3036 5466 3222 5514 tamen
3243 5455 3566 5511 relationem
3588 5451 3778 5524 potius

2171 5558 2409 5629 arripuit
2432 5556 2708 5620 Socrates,
2741 5551 2946 5625 Cyrillo
2963 5551 3232 5616 infensus,
3267 5550 3366 5605 lib.
3390 5565 3485 5614 vn,
3542 5562 3662 5617 cap.
3710 5543 3780 5600 14

2171 5664 2229 5710 et
2254 5654 2348 5708 15-
2367 5672 2384 5702 ι
2416 5647 2675 5705 Nonnulli
2699 5663 2766 5703 ex
2789 5646 3096 5710 monachis,
3125 5666 3143 5699 ι
3179 5643 3379 5714 inquit,
3407 5661 3426 5693 α
3453 5639 3545 5710 qui
3567 5638 3790 5693 Nitram

2177 5757 2419 5803 montem
2472 5741 2817 5807 accolebant,
2876 5739 3098 5811 ingenio
3147 5735 3481 5793 ferventiore
3543 5727 3791 5800 praediti,

2177 5842 2324 5898 sicut
2361 5835 2688 5908 jampridem
2716 5832 2863 5891 idem
2893 5831 3077 5902 ipsum
3107 5828 3480 5893 declararunt,
3522 5817 3702 5876 exorsi
3747 5833 3780 5873 a
