4172 6490
396 352 466 410 10
1755 354 1812 411 S.
1852 353 2006 411 εγω

2102 354 2130 411 ,ι
2168 354 2351 411 VITA.
3028 399 3050 413 .
3617 358 3690 415 20

395 465 687 539 Theophili
724 468 1086 539 temporibus,
1121 466 1342 539 quando
1379 475 1539 523 erant
1578 466 1648 523 ab
1676 468 1771 524 illo
1796 478 1991 524 contra
2024 477 2065 531 Α
2095 468 2502 524 venerabantur
2526 474 2583 522 et
2601 467 2996 539 suscipiebant.
3018 468 3206 540 Itaque
3229 470 3450 527 invidiae
3475 468 3691 529 ﬂamma

396 558 719 616 Dioscorum
746 568 802 615 et
833 560 955 631 eius
975 559 1177 617 fratres
1196 559 1387 629 inique
1411 560 1643 627 armati;
1668 560 1751 615 sic
1773 560 1828 615 id
1852 569 1990 615 tem—

393 648 546 718 poris
576 663 798 719 quoque
817 650 1184 706 aemulationis
1198 648 1396 706 ardore
1423 647 1766 715 inﬂammati,
1791 665 1982 720 prom-

394 747 491 810 pto
501 749 559 796 et
571 741 737 797 alacri
754 742 939 799 animo
952 758 1055 813 pro
1064 740 1272 815 Cyrillo
1287 741 1550 798 dimicare
1564 740 1988 798 constituerunt.

396 830 586 901 Itaque
617 832 722 886 viri
768 832 838 887 ad
881 833 1209 904 quingentos
1255 847 1490 887 numero
1530 846 1599 886 ex
1644 831 1994 887 monasteriis

394 922 623 993 egressi.
660 924 853 979 urbem
882 922 1271 979 Alexandriam
1292 922 1647 987 contendere,
1674 923 1992 994 praefectum

396 1012 570 1068 rheda
603 1013 1038 1070 circumvectum
1071 1013 1388 1078 observare,
1411 1025 1538 1068 eum
1564 1012 1739 1078 adire,
1778 1012 1991 1068 sacriﬁ‘

393 1120 543 1170 cum,
570 1106 852 1176 gentilem,
896 1114 954 1162 et
991 1105 1116 1162 aliis
1156 1105 1539 1176 compluribus
1581 1106 1994 1163 contumeliosis

395 1198 714 1254 nominibus
737 1199 1016 1270 appellare
1045 1206 1354 1269 coeperunt.

457 1289 546 1345 25.
586 1310 604 1342 σ
635 1290 751 1356 Ille,
791 1290 1105 1361 suspicatus
1138 1289 1243 1344 sibi
1267 1305 1299 1344 a
1329 1289 1534 1361 Cyrillo
1562 1289 1792 1347 insidias
1820 1289 1990 1346 collo-

394 1391 547 1439 catas
582 1398 727 1449 esse,
771 1382 1081 1439 exclamare
1125 1399 1184 1439 se
1224 1382 1602 1438 Christianum
1644 1395 1788 1445 esse,
1840 1380 1994 1436 etab

394 1473 578 1529 Attico
605 1474 865 1544 episcopo
884 1473 1361 1545 Constantinopoli
1384 1473 1741 1545 baptizatum.
1766 1472 1989 1538 Verum,

396 1565 495 1622 ubi
543 1566 798 1622 monachi
849 1567 973 1637 ejus
1013 1567 1183 1625 verba
1232 1566 1565 1623 videbantur
1614 1574 2033 1630 contemnere,“

396 1673 542 1713 unus
570 1656 711 1713 forte
734 1672 803 1712 ex
837 1658 966 1723 illis,
995 1659 1221 1714 nomine
1239 1657 1583 1724 Ammonius,
1609 1665 1777 1728 caput
1797 1657 1991 1728 praeie-

397 1747 472 1803 cti
498 1747 680 1819 lapide
707 1757 1001 1821 percutere
1025 1768 1038 1805 :
1065 1749 1362 1821 praefectus
1387 1750 1481 1807 illo
1505 1750 1733 1807 vulnere
1759 1750 1990 1816 inﬂicto,

399 1848 549 1896 totus
578 1820 849 1914 sanguine
873 1820 1117 1900 manare.
1155 1842 1502 1915 Quapropter
1543 1844 1784 1915 praefecti
1821 1859 1992 1914 appa-
2020 1820 2067 1881 Β

397 1931 620 1999 ritores,
647 1935 895 2005 exceptis
920 1936 1134 2007 paucis,
1156 1952 1353 1992 omnes
1382 1951 1442 1992 se
1472 1936 1612 1992 clam
1637 1935 1765 1992 inde
1781 1935 1993 1993 subdu-

397 2039 546 2091 cere,
582 2026 725 2085 alius
759 2028 870 2083 alio
902 2044 962 2086 se
994 2029 1052 2085 in
1082 2029 1493 2085 multitudinem
1523 2028 1752 2095 abdere,
1786 2034 1996 2100 praeca-

397 2126 590 2174 ventes
626 2134 697 2175 ne
733 2120 978 2191 lapidum
1005 2123 1158 2193 jactu
1194 2122 1606 2178 interimantur.
1638 2121 1864 2177 Interim
1894 2136 1996 2191 po-
2040 2178 2061 2197 ,

396 2209 561 2280 pulus
583 2210 992 2270 Alexandrinus
1006 2213 1270 2285 frequens
1285 2228 1352 2269 eo
1374 2212 1678 2279 conﬂuere,
1698 2212 1999 2268 monachos

397 2300 639 2371 praefecti
664 2318 829 2360 causa
851 2304 1040 2361 animo
1062 2314 1321 2376 prompto
1357 2303 1583 2371 ulcisci;
1615 2316 1758 2375 quos
1783 2318 1996 2369 omnes,

399 2407 601 2465 praeter
645 2395 1024 2463 Ammonium,
1069 2397 1130 2453 in
1181 2398 1369 2470 fugam
1413 2406 1638 2454 vertunt
1676 2414 1691 2452 :
1733 2396 1887 2453 illum
1930 2395 2000 2451 ad

401 2487 722 2557 praefectum
764 2488 1065 2546 deducere.
1116 2489 1418 2547 Praefectus
1457 2489 1672 2560 palam,
1724 2489 1808 2545 uti
1851 2489 2002 2560 leges

401 2579 703 2650 postulant,
750 2579 822 2636 de
866 2595 938 2637 eo
972 2580 1338 2651 quaestionem
1385 2590 1669 2646 exercere,
1712 2579 2003 2636 tormentis

402 2670 673 2742 tantisper
693 2671 982 2739 alilictare,
1007 2673 1141 2729 dum
1173 2681 1484 2730 extremum
1515 2672 1772 2745 spiritum
1800 2672 1936 2728 edit.

471 2765 562 2822 26.
594 2785 614 2818 ‹
650 2764 786 2833 Quae
802 2781 899 2822 res
922 2776 1032 2822 nun
1051 2766 1150 2822 diu
1172 2776 1298 2837 post
1316 2765 1387 2822 ad
1411 2766 1810 2837 imperatorum
1841 2780 2005 2821 aures

399 2858 610 2930 perlata
640 2867 742 2914 est.
776 2857 921 2927 Quin
959 2859 1133 2915 etiam
1167 2859 1410 2932 Cyrinus
1434 2859 1689 2915 eamdem
1721 2872 1839 2915 rem
1871 2858 2002 2927 illis,

400 2951 499 3007 sed
526 2966 690 3007 secus
720 2951 1032 3022 expositam
1071 2952 1300 3008 omnino
1336 2968 1438 3024 per
1467 2951 1680 3007 litteras
1729 2950 2021 3025 signiﬁca-_

398 3043 501 3099 vit.
538 3043 753 3115 Corpus
784 3060 1006 3116 quoque
1043 3044 1321 3101 Ammcnii
1360 3044 1528 3117 capit,
1564 3044 1734 3117 inque
1770 3045 2004 3101 ecclesia

400 3135 638 3205 quadam
677 3136 962 3202 recondit,
994 3142 1054 3192 at
1088 3152 1203 3193 non
1232 3135 1509 3192 Ammonii
1555 3136 1653 3192 sed
1684 3134 2003 3191 Thaumasii

399 3228 624 3285 nomine
658 3232 1019 3302 nuncupavit.
1049 3232 1118 3287 Et
1144 3240 1272 3287 cum
1315 3230 1375 3285 in
1396 3229 1631 3287 ecclesia
1664 3229 2001 3302 magnitudi-

401 3338 528 3379 nem
555 3323 724 3379 animi
757 3324 928 3391 illius,
950 3331 1145 3395 utpote
1172 3338 1337 3395 grave
1356 3330 1641 3379 certamen
1670 3335 1776 3394 pro
1798 3322 2003 3394 pietate

402 3414 671 3485 perpessi,
720 3414 883 3469 laude
928 3421 988 3469 et
1024 3413 1419 3485 praedicatione
1472 3412 1792 3477 extulisset,
1839 3410 2006 3482 jussit

403 3518 700 3581 martyrem
732 3508 1021 3579 appellari.
1056 3507 1262 3563 Verum
1293 3507 1388 3577 qui
1416 3505 1786 3562 modestiores
1821 3512 2000 3569 erant,

403 3603 570 3658 etiam
594 3618 664 3658 ex
694 3601 832 3673 ipsis
845 3601 1201 3665 Christianis,
1226 3598 1418 3672 Cyrilli
1436 3599 1692 3656 studium
1714 3611 1848 3670 erga
1869 3597 2003 3655 Am-

405 3695 655 3750 monium
678 3694 907 3750 minime
928 3694 1327 3765 approbarunt.
1357 3692 1494 3748 Nam
1516 3691 1866 3763 expleran
1897 3688 2003 3745 ha-

406 3791 613 3846 bebant
641 3789 1014 3856 Ammonium,
1056 3801 1167 3845 non
1199 3788 1259 3844 in
1285 3786 1577 3842 tormentis
1604 3784 1905 3849 interiisse,
1933 3798 2004 3839 ne

405 3882 689 3938 Christum
726 3868 998 3954 denegare
1032 3888 1360 3953 eugeretur;
1398 3878 1496 3935 sed
1527 3876 1851 3933 temeritatis
1890 3890 2006 3931 sua“:

408 3984 603 4045 pinnas
641 3973 883 4030 dedisse.
914 3971 1185 4040 Quocirca
1222 3970 1461 4043 Cyrinus
1496 3968 1616 4038 ipse
1652 3965 1787 4021 illud
1831 3965 2006 4035 ipsius

407 4066 627 4123 facinus
677 4061 898 4122 silentio
947 4064 1004 4121 in
1048 4063 1383 4121 oblivionem
1426 4048 1764 4130 pedetentim
1816 4055 2006 4112 venire

409 4174 605 4230 passus
626 4167 729 4216 est.
752 4158 823 4214 At
845 4170 918 4216 ne
940 4158 1125 4214 adhuc
1148 4155 1373 4228 quidem
1393 4149 1593 4206 acerba
1620 4149 1711 4206 illa
1728 4149 1877 4206 inter
1898 4148 2004 4222 Cy-

410 4252 598 4309 rillum
626 4261 687 4309 et
715 4251 972 4309 Orestem
1019 4255 1277 4320 suscepta
1321 4242 1608 4302 contentio
1651 4243 1839 4300 sedata
1880 4250 2005 4299 est:

408 4345 614 4415 quippe
650 4345 758 4400 alia
797 4344 984 4401 clades
1014 4343 1147 4398 huic
1181 4350 1295 4396 non
1324 4334 1631 4401 dissimilis,
1671 4344 1837 4407 quam
1882 4346 2009 4392 sum

409 4435 517 4507 jam
543 4442 887 4502 narraturus,
904 4448 1033 4490 eam
1061 4429 1367 4489 renovavit.

2096 572 2211 617 tum
2249 570 2441 617 contra
2478 572 2598 616 eam
2628 560 2852 616 incensa
2874 569 2977 617 est.
3014 561 3230 616 Etenim
3273 577 3399 617 cum
3440 563 3722 663 Cl‘ebl'lllﬁ‘

2093 668 2221 709 cum
2251 652 2446 710 Oreste
2467 653 2522 707 in
2542 652 2879 723 colloquium
2904 653 3138 719 veniret,
3174 654 3411 725 populus
3435 652 3695 710 Ecclesiae

2092 746 2242 800 illam
2278 745 2445 815 C(Bplt
2478 744 2795 799 insimulare
2821 744 2969 814 quod
2993 745 3255 815 episcopo
3295 745 3363 800 ad
3394 746 3692 802 amicitiam

2092 834 2306 892 Orestis
2320 835 2782 892 reconciliandam
2805 835 3015 892 aditum
3034 836 3255 906 penitus
3271 835 3691 892 intercludebat.

2093 928 2334 984 Proinde
2360 929 2496 984 certi
2530 927 2805 995 homines,
2839 928 2933 999 qui
2967 937 3127 983 erant
3151 939 3347 983 natura
3372 928 3538 1000 paulo
3577 928 3690 983 fer-

2092 1021 2393 1086 ventiores,
2420 1021 2625 1092 quibus
2652 1021 2849 1076 Petrus
2872 1019 3073 1076 Lector
3111 1020 3168 1075 in
3199 1019 3291 1074 illa
3328 1020 3558 1075 ecclesia
3587 1020 3692 1074 du-

2093 1130 2212 1170 cem
2247 1129 2305 1170 se
2344 1115 2602 1185 praebuit,
2642 1129 2754 1170 uno
2794 1128 3092 1179 consensu,
3137 1113 3425 1169 mulierem
3468 1113 3691 1169 domum

2094 1205 2349 1261 alicunde
2389 1205 2714 1261 redeuntem
2750 1205 3076 1272 observant;
3119 1203 3188 1261 de
3218 1220 3408 1271 curru,
3449 1221 3559 1275 quo
3594 1221 3693 1261 ve-

2094 1296 2352 1363 hebatur,
2380 1296 2679 1353 deturbant
2714 1314 2726 1350 :
2761 1296 2830 1352 ad
2871 1296 3162 1352 ecclesiam
3220 1311 3343 1367 qum
3382 1295 3693 1351 Caesareum

2093 1387 2319 1453 dicitur,
2352 1388 2577 1459 rapiunt
2609 1405 2623 1442 :
2652 1396 2985 1459 cxutamque
3025 1388 3296 1455 vestibus,
3329 1389 3486 1444 testis
3517 1389 3695 1445 acutis

2093 1479 2162 1535 ad
2185 1490 2379 1536 necem
2396 1494 2573 1551 usque
2595 1479 2920 1545 dilacerant,
2937 1476 3059 1551 ejus
3079 1481 3326 1536 membra
3348 1480 3691 1552 discerpunt,

2093 1570 2482 1643 diseerptaque
2521 1571 2590 1627 ad
2628 1571 2812 1627 locum
2857 1571 2953 1644 qui
2996 1570 3237 1628 Cinaron
3294 1572 3497 1628 dicitur
3539 1589 3694 1628 com-

2094 1670 2335 1734 portant,
2366 1671 2532 1733 atque
2561 1664 2672 1735 igni
2695 1664 3048 1719 comburunt.
3070 1664 3187 1720 Hoc
3206 1663 3421 1719 facinus
3443 1680 3567 1719 cum
3592 1663 3699 1736 Cy-

2094 1754 2238 1820 rillo,
2268 1760 2385 1810 tum
2405 1754 2666 1811 Ecclesia:
2682 1754 3087 1822 Alexandrinae,
3108 1772 3217 1811 non
3242 1756 3493 1826 exiguam
3513 1755 3696 1810 labem

2095 1847 2331 1918 aspersit
2365 1846 2623 1903 infamia.
2651 1844 2790 1903 Nam
2833 1845 2928 1918 qui
2964 1847 3288 1919 religionem
3326 1847 3697 1903 Christianam

2096 1935 2447 2008 proﬁtentur,
2474 1948 2504 1992 a
2527 1937 2697 2002 cmde,
2717 1935 2937 2008 pugnis,
2963 1944 3020 1992 et
3044 1935 3100 1991 id
3125 1951 3298 2008 genus
3328 1936 3450 1992 aliis
3471 1938 3702 1992 omnino

2097 2025 2261 2083 alieni
2305 2042 2427 2083 em
2455 2028 2680 2084 debent.
2714 2027 2810 2083 I-Ire
2838 2038 2928 2082 res
2960 2037 3126 2100 gesta:
3163 2035 3292 2083 sunt
3325 2036 3521 2098 quarto
3551 2042 3701 2083 anno

2096 2120 2450 2192 episcopatus
2468 2120 2678 2194 Cyrilli,
2705 2121 2774 2176 ad
2794 2119 3071 2176 decimum
3094 2120 3438 2176 consulatum
3467 2119 3700 2176 Honorii

2097 2220 2155 2268 et
2178 2211 2475 2270 Theodosii
2500 2214 2818 2286 septimum,
2862 2226 3054 2270 mense
3090 2212 3306 2280 Martio,
3340 2228 3467 2271 cum
3502 2213 3701 2269 obser-

2098 2305 2375 2361 vabuntur
2401 2307 2632 2377 jejunla.
2664 2324 2684 2359 υ

2162 2399 2254 2454 '28.
2281 2399 2529 2471 Hypatim
2559 2398 2748 2471 plures
2766 2399 3030 2472 epistolas
3064 2398 3288 2471 scripsit
3313 2396 3596 2469 Synesius.
3621 2396 3705 2452 Dc

2100 2507 2167 2549 ca
2196 2491 2447 2563 pluribus
2462 2492 2578 2563 agit
2596 2488 2888 2559 Barouius,
2922 2501 2980 2548 et
3004 2491 3189 2564 potius
3208 2487 3704 2545 Alexandrinorum

2100 2584 2292 2640 furore
2322 2599 2388 2639 ac
2425 2584 2686 2649 tumultu,
2724 2599 2888 2655 quam
2917 2584 3053 2639 cieri
3085 2580 3512 2652 conspiratione,
3549 2579 3709 2633 occi-

2103 2688 2220 2731 sam
2249 2686 2372 2731 esse
2410 2674 2709 2731 existimat.
2756 2672 2885 2731 llaec
2923 2684 3121 2746 quarto
3167 2688 3312 2729 anno
3352 2671 3710 2743 episcopatus

2101 2764 2291 2842 Cyrilli
2314 2766 2608 2840 contigisse
2631 2767 2799 2823 etiam
2820 2767 3165 2839 Nicephorus
3202 2765 3413 2823 scribit.
3443 2763 3626 2834 Coepit
3659 2763 3711 2820 is

2103 2869 2339 2932 quartus
2366 2870 2545 2916 annus
2565 2876 2693 2916 xvm
2713 2858 2973 2916 Octobris
2998 2859 3127 2914 anni
3159 2856 3264 2914 415
3283 2898 3298 2923 ,
3323 2856 3571 2926 adeoque
3612 2854 3710 2911 hic

2106 2951 2313 3009 mensis
2348 2952 2579 3008 Martius
2626 2949 2940 3007 necessario
2983 2956 3069 3006 est
3101 2949 3231 3005 anni
3275 2948 3560 3019 sequentis
3597 2945 3710 3002 416

2106 3041 2394 3100 consulatu
2436 3041 2637 3114 imper.
2682 3036 2979 3099 Theodosii
3015 3052 3109 3108 vn,
3164 3048 3228 3096 ut
3256 3038 3349 3096 hic
3389 3040 3615 3105 dicitur,
3650 3047 3712 3095 et

2033 3173 2076 3232 ο
2108 3133 2371 3203 Palladii,
2400 3152 2513 3194 non
2557 3135 2785 3192 Honorii
2815 3150 2870 3191 ι.
2902 3134 3061 3207 Apud
3079 3132 3463 3232 ⁵Νἰίερρὶιοιηηξι
3504 3130 3711 3232 fmdius

2108 3231 2368 3287 mendum
2398 3240 2415 3285 ξ
2450 3245 2580 3286 nam
2605 3236 2729 3285 cum
2760 3238 2921 3285 antea
2946 3224 3215 3300 Cyrillum
3252 3225 3561 3297 scripsisset
3590 3224 3711 3280 ele-

2109 3331 2259 3378 ctum
2292 3338 2439 3379 anno
2469 3321 2666 3393 quinto
2689 3319 2984 3376 Theodosii
3013 3318 3235 3390 impcr.,
3256 3312 3352 3372 hic
3379 3324 3559 3372 tamen
3593 3314 3712 3387 Hy-

2108 3412 2311 3484 patium
2335 3413 2572 3468 occisam
2596 3411 2675 3465 ait
2705 3424 2851 3466 anno
2887 3419 3082 3481 quarto
3111 3408 3458 3479 episcOpatus
3494 3404 3710 3477 Cyrilli,

2108 3515 2265 3561 sexto
2300 3502 2524 3576 imperii
2565 3501 2895 3567 Theodosii,
2939 3508 3066 3557 cum
3112 3497 3278 3569 huius
3322 3505 3549 3553 octavus
3593 3496 3712 3551 fere

2109 3599 2434 3669 exspiraret.
2460 3590 2853 3652 PctroLcctori
2879 3592 2951 3665 (ei
2972 3586 3219 3648 fortassis
3236 3588 3333 3660 qui
3359 3588 3525 3659 hujus
3542 3587 3717 3643 caedis

2109 3698 2303 3746 auctor
2345 3684 2606 3760 habetur)
2632 3686 2856 3758 seripsit
2885 3684 2945 3741 S.
2978 3680 3223 3740 Isidorus
3262 3681 3540 3739 Pelusiota
3585 3681 3711 3752 epi-

2110 3781 2277 3838 stolas
2310 3778 2411 3836 177
2433 3788 2493 3837 et
2521 3778 2646 3847 505,
2674 3776 2770 3834 lib.
2796 3794 2877 3843 tu,
2912 3785 2970 3834 et
3004 3776 3165 3847 epist.
3187 3774 3324 3841 555,
3359 3775 3457 3831 lib.
3500 3790 3556 3828 v.
3602 3773 3713 3842 Qui

2109 3872 2203 3927 alii
2230 3870 2286 3927 id
2314 3870 2528 3927 facinus
2550 3875 2963 3940 perpetrarunt,
2990 3865 3251 3921 videntur
3276 3862 3447 3920 fuisse
3463 3862 3714 3919 Parabo—

2110 3963 2242 4028 Iani,
2281 3962 2368 4018 vel
2391 3958 2751 4025 l‘arabolarii,
2782 3974 2885 4016 seu
2907 3956 3181 4024 Paraboli,
3204 3956 3301 4029 qui
3325 3956 3713 4028 :egrotantium

2111 4071 2302 4112 curam
2331 4054 2729 4126 suscipiebant,
2759 4062 2816 4108 et
2840 4060 2995 4124 peste
3023 4064 3242 4122 quoque
3266 4049 3483 4107 infectis
3502 4049 3713 4105 subve-

2110 4146 2370 4215 niebant;
2395 4147 2489 4218 qui
2528 4160 2657 4202 cum
2678 4145 2944 4216 episcopo
2989 4138 3298 4209 subessent,
3334 4141 3515 4198 eidem
3556 4141 3713 4198 fave-

2112 4242 2265 4307 bant,
2292 4246 2351 4296 et
2377 4240 2661 4312 negotium
2703 4234 3049 4293 facessebant
3086 4234 3383 4307 prmfcctis.
3420 4229 3606 4300 Quare
3642 4233 3716 4290 de

2112 4335 2199 4392 his
2221 4349 2365 4389 anno
2384 4333 2491 4388 hoc
2513 4330 2618 4388 416
2641 4329 2924 4402 rescripsit
2939 4326 3288 4385 Theodosius
3306 4325 3373 4381 ad
3396 4323 3714 4382 Monaxium

2113 4426 2429 4497 praefectum
2468 4424 2745 4495 praetorio,
2794 4423 2833 4478 I.
2883 4437 3009 4486 xui,
3064 4421 3142 4476 De
3171 4419 3343 4489 episc.
3394 4428 3452 4472 et
3496 4416 3713 4482 cleric.,

478 4547 569 4604 27.
616 4547 867 4604 illlulier
903 4545 1155 4619 quaedam
1198 4552 1323 4600 erat
1367 4539 1728 4605 Alexandriae,
1772 4534 2005 4609 Hypatia

2106 4517 2242 4576 Cod.
2269 4515 2507 4581 Theod.,
2533 4514 2841 4586 prohibens
2861 4520 2933 4569 ne
2955 4511 3244 4583 collegium
3268 4508 3403 4565 illud
3416 4510 3717 4567 excederet

411 4650 628 4707 vocata,
652 4641 765 4697 illia
789 4636 1035 4697 Theonis
1069 4635 1403 4709 philosophi.
1437 4634 1567 4691 llzec
1597 4628 1780 4688 tantos
1819 4628 1876 4684 in
1913 4627 2007 4682 lit-

414 4732 549 4791 teris
564 4733 1055 4807 fecitpmgressus,
1076 4737 1144 4785 ut
1164 4733 1357 4784 omnes
1374 4723 1734 4798 philosophos
1755 4721 1841 4778 sui
1869 4729 2008 4775 tem-

414 4827 566 4898 poris
596 4827 756 4900 longe
782 4833 1101 4897 superaret:
1128 4837 1195 4878 ac
1218 4837 1330 4878 non
1356 4819 1521 4875 modo
1544 4819 1600 4873 in
1624 4816 1865 4873 scholam
1892 4810 2012 4867 Pla-

417 4918 679 4986 tonicam,
725 4934 757 4974 a
805 4916 1020 4974 Plotino
1065 4913 1381 4983 deductam,
1432 4910 1774 4973 succederet,
1819 4921 2009 4962 verum

416 4990 585 5066 etiam
618 5026 811 5067 omnes
842 5005 1295 5080 phil050phorum
1332 5005 1580 5061 omnium
1617 5000 2017 5073 prazceptiones

417 5110 476 5159 et
502 5102 826 5173 disciplinas
865 5099 1127 5155 omnibus
1190 5094 1287 5169 qui
1335 5110 1456 5153 eam
1501 5095 1695 5151 audire
1728 5093 2010 5156 volebant,

417 5194 737 5268 explicaret.
768 5193 1114 5263 Quapropter
1137 5198 1408 5262 quotquot
1434 5186 1799 5261 philosophiae
1828 5184 2014 5242 studio

421 5285 880 5351 incendebantur,
902 5280 1147 5355 undique
1170 5280 1237 5339 ad
1270 5280 1417 5339 illam
1448 5280 1820 5339 conﬂuebant.
1844 5280 2015 5348 Quin-

421 5381 589 5437 etiam
612 5382 1088 5451 propter-gravem
1110 5377 1281 5432 animi
1303 5373 1607 5439 fidentiam,
1624 5390 1786 5447 quam
1814 5386 1880 5429 ex
1911 5371 2013 5427 do-

423 5470 615 5525 ctrinae
668 5467 913 5523 fontibus
964 5467 1222 5523 hauserat
1245 5508 1259 5533 ,
1313 5467 1487 5524 etiam
1542 5465 1596 5521 in
1658 5475 2012 5535 conspectum

424 5559 736 5632 principum
770 5574 984 5615 summa
1024 5574 1152 5614 cum
1183 5559 1451 5616 modestia
1483 5558 1671 5615 venire
1708 5573 1819 5612 non
1852 5556 2015 5612 dubi-

426 5652 580 5707 tavit.
608 5646 797 5723 Neque
817 5654 963 5710 illam
994 5653 1238 5726 pudebat
1252 5652 1312 5707 in
1332 5648 1568 5708 mediam
1597 5651 1883 5707 hominum
1907 5649 2014 5705 fre-

427 5745 705 5816 quentiam
738 5745 982 5816 prodire.
1017 5743 1220 5801 Omnes
1242 5743 1388 5800 enim
1414 5759 1558 5808 eam,
1591 5743 1661 5799 ob
1687 5743 2017 5814 singularem

429 5837 598 5894 animi
644 5836 1095 5906 moderationem,
1149 5847 1272 5894 cum
1320 5835 1624 5892 reverentia
1673 5836 1907 5906 quadam
1963 5843 2019 5890 ct

2110 4622 2405 4664 numerum
2431 4606 2892 4677 quingentorum;
2923 4603 3256 4673 eosdemque
3274 4602 3478 4674 iubens
3510 4617 3624 4657 non
3642 4616 3717 4656 ex

2110 4699 2381 4756 divitibus
2407 4697 2505 4753 sed
2528 4696 2871 4768 pauperibus
2904 4695 3041 4767 legi;
3069 4707 3175 4750 nec
3201 4693 3377 4748 ullum
3414 4692 3573 4747 adire
3605 4708 3715 4762 pu-

2110 4793 2317 4850 blicum
2355 4791 2755 4864 spectaculum,
2795 4796 2891 4845 aut
2918 4788 2988 4843 ad
3026 4787 3237 4843 curiam
3280 4784 3569 4851 accedere,
3608 4781 3716 4839 nisi

2111 4884 2374 4956 singulos,
2410 4893 2473 4940 et
2505 4890 2734 4956 urgente
2778 4881 3125 4938 necessitate.
3176 4878 3480 4949 Rescripsit
3514 4887 3702 4933 taruen

2112 4990 2303 5051 postea
2323 4980 2363 5034 ι.
2392 4995 2544 5043 mn,
2574 4976 2804 5041 ibidem,
2826 4985 2891 5032 ut
2915 4986 3112 5032 eorum
3134 4981 3313 5031 cretus
3328 4972 3398 5028 ad
3418 4981 3717 5031 sexcentos

2111 5083 2301 5146 posset
2326 5071 2671 5143 amplificari,
2713 5070 2920 5141 quibus
2949 5069 3005 5123 in
3024 5067 3287 5123 omnibus
3313 5074 3574 5137 praeesset
3599 5066 3717 5136 epi-

2113 5180 2315 5236 scopus
2350 5161 2789 5227 Alexandrinus;
2816 5173 2944 5216 nam
2972 5170 3031 5216 et
3049 5158 3283 5215 clericos
3310 5158 3553 5228 appellat
3578 5175 3593 5211 :
3616 5157 3713 5211 sed

2113 5259 2347 5314 minoris
2370 5257 2585 5314 ordinis
2608 5256 3008 5327 interpretatur
3036 5251 3305 5309 Baronins
3328 5266 3417 5306 an.
3436 5243 3574 5306 Chr.
3608 5248 3714 5302 416

2116 5352 2172 5407 in
2212 5351 2339 5406 ﬁne.
2385 5350 2506 5406 Huc
2538 5348 2764 5404 videtur
2796 5342 3104 5417 respexisse
3144 5343 3388 5398 Isidorus
3435 5340 3711 5397 Pelusium

2115 5443 2214 5498 lib.
2247 5458 2300 5507 v,
2328 5442 2493 5513 epist.
2521 5440 2647 5506 208,
2672 5438 2754 5494 Ad
2776 5437 2834 5494 8.
2862 5436 3145 5509 Cyrillum,
3164 5445 3224 5492 et
3258 5436 3419 5506 epist.
3461 5432 3588 5495 278,
3628 5431 3712 5485 Ad

2116 5536 2355 5601 Petrum,
2392 5535 2679 5605 disputans
2707 5544 2777 5588 an
2807 5531 2955 5602 regia
2982 5536 3231 5600 potestas
3279 5528 3489 5582 clerum
3527 5525 3583 5578 in
3614 5537 3709 5577 or-

2118 5628 2303 5684 dinem
2324 5624 2570 5698 redigere
2598 5624 2788 5696 possit.

2189 5741 2278 5796 29.
2332 5738 2669 5811 Subjicimus
2729 5749 2851 5808 quae
2908 5736 2961 5791 in
3018 5731 3324 5790 revocando
3381 5727 3708 5784 anachoreta

2120 5831 2378 5904 quodam,
2410 5828 2532 5883 viro
2576 5834 2785 5894 sancto,
2833 5824 2928 5882 sed
2970 5824 3036 5879 ad
3075 5822 3324 5878 haeresim
3368 5817 3702 5891 prolabentc.
