4172 6448
361 411 430 469 21
1752 417 1810 472 S.
1851 415 2132 484 CYRJLLI
2172 416 2355 473 “TA.
3639 416 3713 470 2-9

336 531 679 614 :prudenter
720 533 985 607 aCyrillo
1006 546 1161 608 gesta
1183 535 1525 602 referuntur,
1568 536 1664 592 lib.
1693 553 1724 591 v
1768 534 1844 590 De
1865 536 1985 590 vitis
2019 543 2058 594 Α
2087 535 2454 606 Nicephorius,
2521 537 2620 592 lib.
2686 551 2796 602 xiv,
2857 549 2981 606 cap.
3036 533 3108 590 ιε’,
3169 543 3225 590 et
3275 533 3642 605 sequentibus
3695 551 3710 588 :

364 621 622 691 Patrum,
653 627 850 684 libello
876 628 966 694 18,
996 645 1153 684 num.
1181 629 1236 687 4.
1269 647 1287 680 ε
1313 628 1498 685 Ahbas
1520 629 1713 685 Daniel
1745 627 1995 684 narravit

360 720 432 774 de
474 720 589 774 alio
615 736 752 776 sene
784 737 1010 794 magno,
1032 723 1127 793 qui
1159 723 1446 778 habitabat
1469 723 1528 777 in
1548 722 1840 778 inferiores
1859 736 1991 791 par-

359 823 448 868 tes
499 813 743 887 Egypti,
791 816 924 887 quia
967 817 1184 873 diceret
1229 833 1328 889 per
1366 818 1800 890 simplicitatem,
1839 817 1991 889 quod

358 906 776 965 Melchisedech
817 910 936 981 ipse
961 920 1048 968 est
1076 912 1221 970 [ilius
1251 915 1368 971 Dei.
1406 914 1524 970 Hoc
1560 923 1746 971 autem
1777 914 1989 970 indica-

361 1008 487 1054 tum
546 1011 635 1057 est
695 1011 902 1060 sanctae
964 1007 1249 1063 memoriae
1305 1007 1510 1081 Cyrillo
1572 1007 1991 1079 archiepiscopo

359 1097 767 1162 Alexandrino,
800 1109 857 1154 et
890 1100 1042 1156 misit
1083 1101 1150 1157 ad
1197 1117 1350 1158 cum.
1396 1101 1809 1159 Sciens-autem
1859 1103 1991 1174 quia

359 1188 598 1257 signifer
622 1200 772 1246 esset
809 1191 902 1247 ille
933 1176 1124 1258 senex,
1167 1202 1222 1249 et
1259 1193 1532 1266 quidquid
1578 1203 1796 1266 peteret
1820 1194 1990 1251 abeo

361 1278 726 1336 revelahatur
758 1281 837 1348 ei,
873 1292 931 1339 et
951 1284 1081 1354 quia
1110 1284 1440 1355 simpliciter
1467 1284 1681 1342 diceret
1721 1287 1828 1342 hoc
1859 1301 1987 1342 ver-

359 1370 522 1436 bum,
563 1388 699 1429 usus
737 1385 824 1430 est
863 1374 1185 1448 huiusmodi
1230 1377 1466 1445 ratione,
1515 1378 1707 1435 dicens
1744 1396 1758 1434 :
1807 1379 1985 1445 Abba,

361 1481 500 1536 rogo
529 1476 605 1531 te,
638 1468 768 1538 quia
812 1468 869 1523 in
903 1469 1238 1543 cogitatione
1287 1487 1411 1529 mea
1436 1480 1524 1528 est
1570 1471 1717 1543 quod
1760 1470 1988 1527 Melchi-

359 1559 577 1614 sedech
624 1559 742 1630 ipse
782 1561 857 1617 sit
901 1562 1049 1619 ﬁlius
1093 1563 1234 1620 Dei:
1269 1572 1330 1620 et
1366 1579 1563 1620 rursus
1582 1564 1694 1620 alia
1725 1564 1988 1637 cogitatio

359 1667 495 1707 mea
529 1651 668 1708 dicit
701 1654 835 1724 quia
875 1670 989 1710 non
1021 1656 1117 1723 sit,
1158 1657 1256 1714 sed
1293 1657 1462 1713 homo
1491 1657 1588 1723 sit,
1637 1665 1695 1713 et
1727 1657 1989 1715 sacerdos

356 1758 621 1800 summus
662 1745 838 1802 fuerit
876 1747 997 1808 Dei.
1042 1747 1318 1815 Quoniam
1350 1766 1485 1824 ergo
1521 1750 1718 1808 hmsito
1754 1751 1824 1807 de
1856 1749 1983 1820 hoc,

357 1832 576 1889 idcirco
616 1835 743 1890 misi
792 1837 862 1892 ad
899 1847 972 1905 te,
1013 1848 1076 1895 ut
1112 1839 1433 1912 depreceris
1477 1843 1675 1910 Deum,
1710 1852 1987 1914 quatenus

2108 648 2128 679 ι
2161 629 2470 684 Alexander
2496 629 2680 700 itaque
2705 638 2762 685 et
2799 628 2911 684 vita
2931 637 2988 684 et
3011 627 3265 684 doctrina
3302 628 3568 697 optimus,
3597 628 3715 681 zelo

2101 721 2311 793 ingenti
2339 721 2566 778 Joannis
2594 737 2814 778 causam
2834 721 3048 786 fovens,
3077 720 3295 792 primus
3325 721 3478 775 illius
3509 737 3714 774 nomen

2100 816 2158 871 in
2191 814 2630 871 ecclesiasticum
2665 815 2858 871 retulit
2895 816 3082 870 album
3118 832 3130 868 :
3163 824 3329 884 atque
3367 813 3435 868 ad
3476 813 3709 883 imperzv

2098 916 2280 964 torem
2313 921 2619 978 omnesque
2654 907 2864 978 ubique
2895 907 3211 978 episcOpos,
3244 915 3307 960 ut
3341 905 3486 960 idem
3511 914 3567 958 et
3609 903 3711 972 ipsi

2096 1000 2364 1067 facerent,
2395 1009 2453 1058 et
2479 1015 2544 1056 ea
2574 1017 2634 1057 re
2659 1015 2852 1073 pacem
2878 1011 3088 1056 certam
3125 1009 3186 1055 et
3217 1006 3564 1054 constantem
3607 998 3714 1052 Ec—

2097 1093 2281 1150 clesiae
2311 1092 2698 1160 conciliarent,
2737 1092 2980 1164 scripsit.
3012 1091 3285 1148 Caeterum
3324 1105 3454 1146 cum
3497 1089 3714 1144 Atticus

2096 1203 2321 1262 quoque
2350 1187 2646 1259 episcopus
2671 1196 2901 1258 propter
2933 1184 3219 1241 Joannitas
3257 1182 3558 1238 Ecelesiam
3588 1194 3711 1236 esse

2097 1279 2326 1336 scissam
2349 1279 2586 1346 videret,
2626 1277 2696 1335 de
2734 1276 3058 1350 principum
3087 1276 3385 1339 sententia,
3423 1274 3543 1345 ipse
3572 1287 3713 1343 quo-

2095 1390 2205 1447 que
2237 1374 2581 1432 mentionem
2615 1372 2768 1430 illius
2804 1371 2924 1428 ﬁeri
2965 1370 3022 1426 in
3059 1368 3477 1443 precationibus
3510 1367 3707 1438 jussit;

2095 1468 2563 1541 quemadmodum
2613 1467 2669 1524 id
2714 1476 2773 1525 et
2817 1467 2875 1522 in
2921 1465 3049 1522 aliis
3106 1462 3405 1535 episcopis,
3456 1461 3551 1532 qui
3596 1461 3710 1515 vita

2094 1563 2485 1631 excessissent,
2507 1561 2628 1618 fieri
2659 1560 2887 1618 solitum
2916 1566 3058 1615 erat.
3080 1557 3260 1628 Atque
3284 1571 3352 1611 ex
3377 1569 3445 1610 eo
3462 1563 3710 1624 tempore

2093 1672 2201 1730 pax
2229 1657 2463 1723 exstitit,
2493 1656 2675 1713 donec
2698 1662 2891 1727 postea
2911 1667 3134 1724 quoque
3163 1649 3414 1720 reliquiae
3437 1649 3559 1720 ejus
3582 1648 3707 1702 urbi

2093 1749 2389 1822 imperanti
2438 1749 2605 1806 illatae
2646 1757 2796 1804 sunt.
2840 1746 3062 1803 Atticus
3107 1743 3395 1807 invidiam,
3441 1741 3498 1795 in
3541 1757 3706 1812 quam

2092 1851 2320 1914 propter
2347 1842 2598 1900 divinum
2623 1840 2892 1898 Joannem
2905 1837 3219 1904 deciderat,
3249 1837 3365 1891 hoc
3381 1833 3548 1890 modo
3588 1850 3706 1888 ma-

357 1928 613 1984 revelare
637 1929 738 1986 tibi
772 1930 1038 2002 dignetur
1081 1932 1152 1990 de
1176 1935 1304 2002 hoc,
1335 1935 1472 2008 quid
1511 1936 1720 1994 veritas
1758 1936 1989 1994 habeat.
2016 1923 2059 1979 Β
2087 1932 2287 2005 gnifice
2329 1932 2597 1989 abolevit.
2636 1930 2757 1988 Nec
2796 1930 2892 1986 ille
2933 1929 3100 1985 modo
3143 1926 3198 1983 id
3240 1927 3406 1992 fecit;
3447 1925 3542 1981 sed
3584 1925 3707 1981 aliis

353 2021 541 2078 Senex
579 2034 770 2081 autem
797 2025 868 2081 de
901 2028 1326 2085 conversatione
1352 2045 1452 2086 sua
1473 2045 1833 2102 praesumens,
1855 2045 1984 2087 cum

353 2114 563 2182 ﬁducia
598 2117 745 2175 dixit
786 2136 801 2174 :
845 2119 925 2175 Da
957 2120 1096 2176 mihi
1141 2137 1244 2192 per
1284 2129 1401 2180 tres
1442 2123 1565 2180 dies
1619 2123 1893 2190 inducias,
1929 2134 1987 2183 et

351 2224 459 2279 ego
480 2207 761 2280 deprecor
783 2213 964 2268 Deum
992 2213 1060 2270 de
1085 2214 1189 2270 hac
1215 2231 1296 2282 re,
1333 2225 1392 2273 et
1421 2217 1684 2273 renuntio
1705 2217 1806 2273 tibi
1833 2218 1982 2288 quod

353 2301 500 2356 mihi
522 2303 698 2360 fuerit
718 2306 1119 2364 revelatum-dc
1150 2311 1274 2366 hoc.
1303 2308 1523 2368 latrans
1541 2327 1675 2384 ergo
1696 2312 1754 2368 in
1787 2313 1985 2368 cellam

352 2410 514 2450 suam
549 2395 965 2467 deprecabatur
991 2401 1168 2457 Deum
1195 2403 1267 2459 de
1305 2403 1478 2460 verbo
1505 2405 1612 2460 hoc
1641 2414 1734 2462 :~et
1755 2405 1984 2462 veniens

354 2500 479 2558 post
511 2499 628 2545 tres
657 2490 781 2546 dies
812 2492 955 2548 dixit
973 2502 1179 2550 sancta:
1211 2495 1774 2570 memoriaaoC'yrillo:
1806 2497 1984 2554 Homo

350 2593 438 2638 est
476 2583 916 2642 Melchisedech.
948 2586 1424 2661 Arcbiepiscopus
1465 2598 1652 2646 autem
1695 2590 1984 2662 respondit

349 2674 447 2728 ei:
479 2674 778 2742 Quomodo
812 2686 1036 2734 constat
1077 2679 1224 2750 apud
1265 2690 1340 2746 te,
1382 2680 1568 2736 abba?
1607 2681 1679 2738 Et
1719 2681 1811 2737 ille
1845 2681 1992 2739 dixit

350 2769 446 2822 ei:
491 2770 645 2826 Deus
681 2769 934 2828 ostendit
967 2771 1107 2827 mihi
1151 2789 1348 2830 omnes
1393 2775 1764 2847 patriarchas,
1801 2777 1878 2833 ita
1921 2787 1986 2834 ut

351 2859 562 2931 singuli
593 2876 794 2917 eorum
824 2877 1018 2918 coram
1047 2879 1140 2920 me
1169 2866 1477 2923 transirent
1501 2867 1572 2924 ab
1600 2868 1774 2924 Adam
1807 2884 1984 2940 usque

350 2952 426 3007 ad
465 2953 907 3021 Melchisedech,
951 2964 1010 3012 et
1043 2957 1276 3029 angelus
1318 2960 1588 3017 assistens
1626 2961 1765 3017 mihi
1802 2961 1980 3020 dixit:

350 3046 499 3103 Ecce
543 3047 649 3104 iste
667 3055 757 3104 est
770 3047 1179 3107 Melchisedech
1207 3069 1223 3107 :
1259 3060 1318 3108 et
1355 3052 1506 3120 ideo,
1539 3055 1981 3128 archiepiscope,

351 3149 547 3195 certus
576 3149 702 3196 esto
761 3141 894 3212 quia
939 3141 1022 3198 sic
1048 3151 1156 3199 est.
1190 3142 1401 3203 Abiens
1439 3155 1628 3204 autem
1660 3163 1852 3215 senex,
1882 3165 1985 3220 per

2088 2039 2310 2096 quoque
2330 2023 2560 2081 Joannis
2590 2021 2915 2079 memoriam
2946 2019 3209 2091 precibus
3252 2018 3500 2073 inserere
3539 2031 3706 2071 recu-

2087 2117 2362 2185 santibus,
2407 2127 2466 2175 et
2511 2117 2719 2190 Cyrillo
2763 2115 3003 2172 maxime
3055 2111 3402 2168 Alexandria:
3457 2108 3708 2180 praesuli,

2086 2213 2182 2284 qui
2211 2211 2494 2269 hostiliter
2520 2211 2790 2268 Joannem
2815 2209 3032 2275 oderat,
3067 2207 3217 2279 quod
3249 2207 3341 2261 ille
3361 2221 3392 2261 a
3419 2203 3704 2275 TheOphi-

2086 2306 2141 2362 lo
2164 2313 2365 2377 patruo
2402 2320 2506 2361 suo
2533 2303 2910 2368 dissensisset,
2954 2300 3256 2373 persuasit.
3291 2318 3310 2352 ›

2153 2420 2242 2476 52.
2270 2419 2438 2477 Attici
2461 2419 2752 2492 epistolam
2781 2417 3039 2476 dedimus
3063 2433 3157 2473 vui
3188 2415 3438 2473 Januarii
3472 2413 3704 2487 :Cyrilli

2085 2521 2413 2585 responsum
2449 2513 2544 2568 hic
2575 2527 2645 2568 ne
2683 2511 2871 2577 detur,
2902 2510 3136 2566 nimium
3178 2509 3452 2565 alienatus
3486 2508 3634 2563 illius
3673 2524 3703 2561 a

2085 2605 2296 2663 Joanne
2317 2605 2536 2662 animus
2555 2613 2614 2661 et
2634 2603 2884 2660 offensus
2911 2610 3082 2658 vetat.
3113 2597 3523 2658 Oblitterentur
3545 2613 3702 2660 sane,

2085 2699 2131 2753 si
2173 2714 2296 2770 qua:
2340 2713 2451 2754 non
2481 2697 2659 2754 solum
2689 2697 2832 2752 male
2865 2705 3020 2767 geSta
3061 2709 3093 2749 a
3135 2693 3364 2759 sanctis,
3402 2690 3499 2746 sed
3545 2690 3706 2761 pejus

2085 2792 2252 2849 etiam
2275 2791 2502 2847 defensa
2532 2799 2682 2856 sunt,
2710 2798 2774 2846 ut
2799 2804 2911 2846 non
2945 2796 3056 2844 tam
3094 2785 3335 2842 cicatrix-
3360 2785 3564 2839 decore
3600 2783 3707 2836 ob-

2086 2883 2273 2951 ducta,
2301 2899 2469 2956 quam
2499 2883 2645 2940 foede
2681 2881 2990 2938 etiamnum
3026 2880 3189 2936 hians
3225 2887 3280 2934 et
3326 2876 3482 2933 sanie
3526 2875 3708 2930 fluens

2086 2978 2290 3034 vulnus
2320 2975 2502 3032 videri
2541 2975 2776 3048 possint.
2810 2975 2918 3032 Eas
2943 2975 3161 3032 litteras
3191 2973 3286 3028 ubi
3323 2987 3445 3042 cap.
3476 2969 3552 3033 27
3613 2986 3706 3025 rc-

2086 3072 2277 3129 citavit
2313 3071 2684 3143 Nicephorus,
2712 3071 2798 3127 ita
2820 3086 2942 3142 cap.
2966 3069 3040 3125 28
3089 3069 3287 3126 scribit
3318 3087 3331 3122 :
3380 3085 3398 3120 ι
3433 3067 3562 3122 Haec
3582 3066 3710 3136 qui-

2087 3165 2213 3221 dem
2251 3163 2493 3237 Cyrillus
2537 3165 2606 3220 de
2645 3177 2801 3219 sacro
2846 3162 3244 3236 Chrysostomo
3293 3169 3351 3217 et
3389 3159 3613 3231 scripsit
3650 3167 3707 3214 et

349 3234 724 3336 εοιξιειξρξιξω
784 3234 1120 3336 praedicabat
1171 3237 1326 3336 quia
1349 3238 1520 3296 homo
1564 3251 1713 3298 esset
1751 3241 1984 3336 Melchi-
2010 3275 2054 3336 ο
2086 3234 2634 3327 sensit,prtesumptte
2652 3253 2904 3325 opinioni
2928 3234 3260 3316 inserviens,
3285 3267 3452 3322 quam
3469 3249 3705 3316 dudum,

349 3325 586 3469 gedelclh.
619 3325 690 3383 Et
721 3327 946 3401 gavisus
980 3337 1069 3386 est
1107 3330 1399 3403 magniﬁce
1448 3342 1654 3392 sancta
1700 3334 1998 3393 memoria

404 3423 486 3469 νη
535 3429 620 3469 us.
657 3433 678 3468 ι

402 3423 620 3483 yrtuus.
657 3433 678 3468 ι

388 3569 427 3642 ς
448 3572 554 3630 Ἦ..
583 3573 792 3632 Nomen
819 3577 878 3636 S.
905 3578 1267 3653 Chrysostomi
1310 3581 1570 3655 diptychis
1593 3580 1931 3654 inscriptum.

430 3705 524 3761 30.
575 3706 973 3770 Controversia
1021 3713 1141 3772 haec
1191 3714 1394 3784 omnis,
1447 3715 1730 3774 diuturnis
1781 3715 1985 3789 agitata

351 3797 586 3864 studiis,
617 3800 956 3874 tandemque
1001 3804 1250 3861 Romani"
1285 3805 1567 3878 pontificis
1603 3806 1808 3880 insigni
1847 3822 1985 3863 eon-

354 3889 591 3958 stantia,
639 3891 963 3952 felicissime
1004 3911 1075 3951 ex
1114 3912 1400 3953 sacrarum
1446 3897 1632 3971 legum
1673 3899 1986 3956 reverentia

356 3985 684 4052 terminata,
719 3988 885 4059 plene
909 3999 998 4048 est
1033 4007 1069 4047 a
1089 3991 1255 4048 nobis
1284 3992 1354 4048 ad
1382 3991 1564 4049 Vitam
1591 3991 1648 4048 S.
1671 3990 1839 4048 Attici
1862 3993 1984 4064 epi-

351 4078 516 4150 scopi
547 4079 1154 4156 Constantinopolitani
1199 4101 1304 4141 vnr
1331 4085 1583 4144 Januarii
1615 4085 1902 4152 discussa,
1929 4095 1988 4143 et

351 4174 582 4246 singula
616 4175 737 4232 suis
757 4179 1108 4249 temporibus
1133 4189 1260 4252 apte
1282 4179 1559 4236 restituta.
1593 4179 1694 4237 Hic
1715 4196 1780 4235 ea
1804 4180 1986 4236 solum

350 4283 487 4338 qua;
510 4268 582 4324 ad
602 4268 878 4343 Cyrillum
907 4274 1195 4343 pertinent
1214 4273 1584 4345 proferemus.
1605 4273 1828 4330 Nicetes
1853 4274 1986 4330 Phi-

350 4361 658 4433 losophus,
693 4363 938 4421 Baronio
966 4373 1119 4421 temo
1147 4364 1218 4432 Χ,
1247 4379 1338 4421 an.
1360 4365 1497 4423 Chr.
1533 4365 1660 4432 848,
1694 4380 1849 4422 num.
1893 4366 1985 4433 54,

351 4455 726 4513 fidelissimus
745 4458 988 4529 scriptor
1007 4459 1232 4515 habitus
1255 4459 1345 4533 (de
1368 4475 1482 4532 quo
1522 4475 1655 4515 χχιιι
1681 4458 1877 4516 Octob.
1917 4460 1987 4517 ad

349 4549 546 4607 Vitam
587 4548 644 4606 S.
666 4549 866 4622 lgnatii
901 4551 1244 4609 Patriarchat
1269 4551 1892 4625 Coustantinopoiitani,
1917 4554 1988 4611 ab

2084 3359 2345 3422 patruum
2403 3365 2566 3405 suum
2621 3346 2998 3418 Theophilum
3046 3355 3303 3410 secutus,
3349 3351 3704 3414 conceperat.

2083 3439 2357 3506 Quoniam
2388 3436 2838 3494 verodissidinm
2857 3436 2966 3491 hoc
2985 3434 3213 3506 quidem
3239 3450 3308 3490 ex
3326 3432 3703 3497 aemulatione,

2085 3532 2340 3606 quamvis
2361 3548 2473 3588 non
2491 3530 2797 3587 secundum
2825 3528 3160 3594 scientiam,
3176 3541 3289 3582 non
3315 3536 3501 3583 autem
3529 3541 3599 3581 ex
3622 3525 3708 3580 in-

2085 3624 2270 3691 vidia,
2316 3637 2498 3694 neque
2533 3621 2812 3678 diabolica
2850 3618 3239 3684 contentione,
3286 3617 3552 3689 manavit,
3593 3632 3705 3671 non

2085 3726 2350 3788 oportere
2377 3715 2561 3770 virum
2593 3723 2651 3770 et
2685 3713 2940 3769 doctrina
2983 3721 3041 3768 et
3073 3711 3281 3768 virtute
3325 3718 3704 3782 praestantem,

2087 3809 2193 3866 hac
2251 3824 2362 3864 una
2397 3807 2454 3865 in
2490 3822 2552 3863 re
2589 3805 2933 3872 claudicare,
2977 3804 3278 3875 quominus
3316 3805 3383 3860 ad
3433 3819 3706 3859 summam

2086 3901 2489 3976 perfectionem
2537 3900 2878 3974 perveniret,
2919 3899 3034 3955 Deo
3065 3899 3248 3954 visum
3286 3907 3391 3954 est.
3442 3897 3712 3953 Homines

2087 3997 2238 4053 enim
2279 3996 2360 4052 illi
2395 4005 2576 4062 erant,
2615 4004 2675 4052 et
2713 3993 2976 4050 humanis
3014 3990 3406 4048 affectionibus
3457 3990 3704 4046 obnoxii.

2087 4090 2437 4164 Quapropter
2463 4089 2749 4162 aliquanto
2771 4097 2914 4160 post,
2947 4087 3189 4160 Cyrillus
3213 4101 3340 4141 cum
3377 4099 3578 4157 magno
3609 4085 3704 4139 illo

2087 4183 2231 4248 viro,
2255 4183 2424 4238 etiam
2449 4191 2580 4252 post
2603 4182 2723 4252 ejus
2748 4187 3009 4244 mortem,
3045 4179 3101 4234 in
3130 4177 3362 4249 gratiam
3399 4176 3584 4242 rediit,
3614 4191 3707 4232 er-

2090 4290 2386 4347 roremque
2417 4291 2579 4331 suum
2601 4290 2728 4330 cum
2753 4272 2946 4329 multis
2978 4272 3104 4326 aliis
3129 4270 3560 4335 concitantibus,
3589 4277 3708 4323 tum

2089 4369 2328 4425 maxime
2356 4368 2570 4425 lsidoro
2597 4365 2880 4424 Pelusiota
2904 4379 3054 4422 nunc
3083 4364 3522 4437 reprehensione
3557 4377 3715 4418 mine

2090 4461 2471 4518 admonitione
2493 4475 2622 4516 eum
2652 4459 3002 4526 cohortante,
3043 4458 3232 4514 divina
3256 4458 3423 4514 etiam
3455 4467 3514 4513 et
3549 4473 3708 4516 arca-

2089 4555 2251 4610 niore
2278 4554 2516 4626 quadam
2541 4553 2882 4609 revelatione
2904 4551 3226 4618 accedente,
3255 4550 3522 4606 correxit.
3544 4539 3711 4606 Vide-

347 4658 426 4698 co
449 4639 742 4713 scriptam,
759 4642 920 4713 plura
939 4642 1238 4717 dicemus);
1263 4643 1758 4717 hicergoNicetas,
1779 4645 1991 4717 quibus
2019 4639 2064 4696 D
2091 4660 2155 4701 re
2182 4660 2423 4716 namque
2442 4645 2596 4700 visus
2635 4653 2744 4711 est,
2777 4643 3023 4716 seipsum
3055 4643 3231 4700 sacris
3257 4643 3474 4699 adibus
3510 4645 3712 4714 expul-

347 4735 758 4807 progressihus
787 4751 882 4792 res
910 4743 1066 4793 tanto
1098 4747 1348 4809 tempore
1369 4748 1708 4810 pertractata
1733 4749 1981 4811 optatum

347 4835 667 4885 consecuta
699 4827 780 4883 sit
805 4827 996 4895 finem,
1027 4828 1288 4886 Historia:
1316 4844 1432 4886 sua:
1448 4829 1707 4897 inseruit,
1733 4831 1988 4888 adductis

345 4923 566 4980 litteris
593 4922 763 4978 Attici
790 4932 957 4994 atque
992 4922 1185 4996 Cyrilli
1217 4923 1324 4979 hac
1355 4923 1424 4980 de
1459 4939 1520 4980 re
1550 4924 1696 4981 ultro
1734 4926 1988 4997 citroque

345 5015 529 5080 datis,
565 5029 707 5085 quas
731 5014 887 5069 omni
922 5013 1031 5070 ﬁde
1055 5015 1406 5086 conscriptas
1444 5016 1816 5088 pronuntians
1841 5017 1988 5075 reei-

348 5119 442 5164 tat
476 5107 754 5162 Baronius
791 5123 950 5162 num.
995 5107 1066 5164 46
1104 5117 1164 5164 ct
1205 5123 1387 5179 seqq.,
1415 5123 1563 5165 anno
1603 5109 1730 5175 “2;
1771 5125 1900 5165 nam
1921 5124 1991 5167 eo

301 5191 308 5210 ’
343 5199 712 5257 existimavit
722 5215 930 5255 nomen
943 5199 1326 5272 Chrysostomi
1345 5201 1623 5276 diptychis
1637 5203 1990 5274 inscriptum,

347 5294 511 5366 quod
545 5295 775 5350 nonnisi
823 5294 1038 5351 ultimis
1067 5295 1231 5352 annis
1250 5295 1420 5352 Attici
1441 5295 1649 5352 factum
1670 5297 1738 5352 ad
1758 5297 1880 5367 ejus
1904 5297 1995 5353 Vi-

347 5400 475 5446 tam
518 5389 910 5460 probavimus.
943 5387 1100 5445 Obiit
1141 5389 1235 5445 ille
1269 5401 1313 5445 ‘x
1352 5390 1548 5447 Octob.
1586 5390 1718 5445 anni
1767 5391 1894 5447 425.
1927 5391 1990 5446 Εἰ

345 5481 614 5538 convixit
648 5481 968 5537 Alexander
993 5483 1295 5555 episcopus
1340 5483 1742 5549 Antiochenus,
1787 5485 1856 5542 de
1882 5501 1994 5557 quo

348 5591 512 5640 mox,
536 5575 606 5631 ad
632 5591 844 5631 annum
873 5591 1050 5646 usque
1088 5577 1421 5648 vigesimum
1449 5577 1600 5633 illius
1628 5578 1843 5644 szecnli;
1872 5586 1998 5649 post

345 5668 524 5738 cujus
549 5668 770 5724 obitum
801 5667 1022 5726 Atticus
1065 5685 1270 5726 nomen
1300 5671 1680 5744 Chrysostomi
1717 5671 1996 5746 diptychis

343 5761 1000 5833 Constantinopolitanis
1029 5763 1335 5835 inscripsit,
1369 5772 1537 5837 atque
1571 5773 1632 5820 ut
1667 5766 1813 5822 idem
1850 5783 1994 5838 pm-

346 5865 608 5912 staretur
631 5855 1010 5922 Alexandria),
1047 5858 1255 5914 litteris
1295 5859 1413 5914 suis
1449 5860 1667 5916 monuit
1702 5860 1991 5933 Cyrillum.

429 5949 522 6005 3i.
554 5949 636 6007 Ex
658 5949 872 6007 Nicen.
901 5950 1240 6023 Philosmiho
1269 5969 1382 6008 rem
1410 5961 1578 6009 totam
1606 5954 1685 6010 ita
1713 5954 1993 6011 describit

2088 4753 2212 4794 sum
2242 4753 2365 4794 esse
2389 4753 2420 4794 a
2448 4737 2684 4804 Joanne,
2717 4737 2987 4794 comitatu
3018 4745 3077 4793 et
3109 4736 3323 4802 divino,
3367 4735 3517 4806 quod
3562 4738 3709 4792 circa

2088 4847 2218 4888 eum
2241 4841 2382 4898 erat,
2425 4831 2689 4889 satellitio
2725 4831 2968 4889 maxime
3011 4829 3176 4899 freto,
3219 4840 3276 4887 et
3317 4838 3553 4886 matrem
3598 4832 3708 4887 Do-

2090 4922 2226 4977 mini
2273 4937 2376 4993 pro
2424 4921 2546 4994 ipso
2585 4921 2978 4995 deprecantem
3025 4921 3318 4989 JOannem,
3365 4931 3531 4993 atque
3579 4936 3706 4976 cum

2091 5016 2266 5071 multa
2295 5015 2465 5072 etiam
2495 5015 2624 5082 alia,
2657 5025 2776 5073 tum
2817 5015 2956 5073 illud
2995 5017 3277 5088 praecipue
3310 5015 3458 5086 quod
3489 5029 3590 5086 pro
3627 5014 3710 5086 ip-

2091 5109 2212 5164 sius
2237 5108 2414 5180 gloria
2447 5109 2750 5180 plnrimum
2778 5109 2874 5165 ille
2913 5108 3233 5173 decertarit,
3282 5107 3430 5163 sicut
3465 5107 3707 5175 dicetur,

2094 5201 2450 5268 referentem,
2506 5211 2568 5259 ut
2610 5203 2667 5259 in
2697 5204 3093 5276 sacratempla
3127 5202 3494 5273 reciperetur,
3525 5217 3706 5258 orare.

2095 5294 2249 5351 Hanc
2285 5295 2560 5353 visionem
2598 5310 2725 5352 cum
2774 5298 2837 5354 Β.
2891 5297 3132 5371 Cyrillus
3185 5295 3596 5370 cogitabundus
3653 5297 3711 5352 in

2096 5391 2284 5446 animo
2321 5407 2514 5448 secum
2550 5393 2817 5459 volveret,
2857 5391 3125 5462 seipsum,
3161 5389 3312 5460 quod
3355 5389 3414 5445 in
3456 5397 3711 5446 sanctum

2095 5486 2284 5540 virum
2311 5485 2564 5542 invectus
2586 5495 2753 5551 esset,
2777 5483 3097 5541 damnavit:
3128 5493 3185 5540 et
3203 5483 3406 5540 deinde
3437 5484 3554 5555 ipse
3577 5499 3714 5555 quo-

2096 5594 2206 5650 que
2240 5595 2298 5633 re
2329 5579 2568 5650 cognita,
2603 5578 2865 5634 Ecclesia:
2895 5576 3280 5651 Chrysostomi
3319 5577 3592 5643 addictus,
3631 5578 3714 5631 vi-

2098 5684 2222 5723 rum
2252 5684 2380 5725 eum
2413 5669 2720 5724 admiratus
2747 5679 2855 5734 est,
2875 5668 3148 5741 valdeque
3171 5685 3321 5735 eum,
3346 5669 3494 5740 quod
3518 5678 3710 5724 contra

2097 5761 2255 5818 illum
2295 5761 2620 5832 imprudens
2652 5777 2883 5832 prorsus
2916 5761 3170 5818 irritatus
3193 5763 3381 5829 fuerit,
3425 5763 3707 5834 parnitnit.

2097 5856 2336 5912 Proinde
2358 5857 2640 5911 diversum
2681 5858 2909 5913 omnino
2940 5874 2970 5912 a
3001 5857 3187 5928 priore
3212 5857 3446 5913 consilio
3479 5856 3707 5918 faciens,

2098 5951 2370 6025 synodum
2391 5951 2787 6023 provincialem
2819 5952 3016 6022 coegit,
3049 5963 3103 6007 et
3133 5951 3358 6006 Joannis
3400 5964 3600 6006 nomen
3633 5949 3710 6003 si-
