4172 6450
489 386 562 445 ΞΞ
1857 394 1914 451 S.
1957 394 2236 452 CYRILLI
2275 397 2461 454 VIT'A.
3720 403 3791 462 24

491 505 604 558 mul
632 513 691 560 et
726 502 841 575 ipse
875 513 930 560 et
959 504 1157 576 reliqui
1207 520 1524 578 magnarum
1563 505 1776 563 sedium
1809 510 2082 566 antistites
2114 515 2154 569 A
2252 510 2339 565 56.
2382 511 2608 578 Verum,
2632 523 2836 570 utmox
2861 515 3143 587 subjungit
3177 515 3321 572 idem
3337 517 3598 590 Cyrillus,
3628 540 3644 570 ι
3674 521 3791 574 ele-

489 600 546 653 in
574 614 733 654 sacro
762 600 888 655 albo
927 610 1353 671 proposuerunt.

553 691 642 746 35.
677 711 695 742 ι
749 693 832 747 illi
875 706 1008 749 vero
1047 695 1231 750 minus
1276 710 1406 750 vere
1438 695 1624 752 dicere
1667 695 1947 762 videntur,
1990 699 2087 768 qui

484 784 748 856 Cyrillum
774 786 951 842 libros
999 787 1139 842 alios
1167 788 1349 858 magni
1375 788 1554 844 Patris
1574 788 1878 845 abolevisse
1904 791 2090 860 perhi-

486 875 639 930 bent.
669 876 805 931 Nam
843 877 890 932 si
921 893 1028 948 qua
1052 877 1255 949 scripta
1285 879 1408 951 ejus
1439 880 1708 936 abolenda
1749 891 1928 945 erant,
1970 882 2088 937 hate

485 983 608 1037 quae
637 969 818 1025 adhuc
852 978 1100 1035 exstant,
1130 971 1280 1041 quod
1317 973 1610 1028 consilium
1663 974 2088 1043 institutumque

483 1058 605 1128 ejus
629 1059 684 1112 in
712 1058 795 1114 eis
814 1060 1051 1117 maxime
1079 1077 1400 1132 expressum
1431 1075 1536 1129 est,
1563 1065 1768 1121 abolita
1804 1065 2088 1136 oportuis-

483 1160 605 1216 set;
637 1150 743 1207 nisi
768 1153 915 1208 Deus
944 1153 1198 1210 utilitatis
1227 1155 1514 1212 hominum
1547 1173 1738 1213 curam
1769 1174 1986 1228 gerens,
2021 1174 2088 1214 ea

485 1251 887 1299 conservasset.
916 1244 1032 1302 Hoc
1052 1261 1177 1300 cum
1198 1246 1252 1301 in
1275 1261 1476 1304 arcana
1514 1248 1720 1304 Niceta:
1738 1249 2084 1320 Philosophi,

485 1332 583 1402 qui
605 1343 661 1388 et
689 1334 862 1390 David
887 1335 1070 1390 dictus
1091 1336 1472 1403 cst,Historia,
1505 1348 1562 1394 et
1591 1339 1738 1410 apud
1771 1339 1910 1394 alios
1955 1340 2086 1396 item

487 1422 814 1490 invenerim,
847 1427 1003 1498 operi
1034 1427 1166 1484 huic
1193 1443 1316 1484 meo
1346 1427 1697 1487 inserendum
1723 1445 1844 1487 esse
1867 1447 2089 1503 quoque

485 1514 617 1570 duxi
650 1532 664 1569 :
698 1531 766 1570 ne
792 1517 882 1572 cui
913 1516 1194 1588 ambigere
1225 1518 1279 1573 in
1306 1528 1548 1575 mentem
1569 1521 1776 1586 veniat,
1809 1521 2088 1591 quomodo

487 1615 640 1661 tanta
660 1606 975 1672 luminaria,
1017 1608 1336 1672 inimicitias
1362 1619 1582 1667 mutuas
1611 1611 1945 1676 exercentia,
1968 1628 2087 1666 am-

485 1697 560 1753 bo
580 1699 648 1753 ad
675 1714 942 1754 summam
975 1701 1322 1758 sanctitatem
1357 1703 1730 1773 pervenerint,
1752 1714 1810 1759 et
1829 1705 2090 1760 Ecclesia:

2190 614 2312 665 ctus
2337 621 2424 665 est
2457 619 2518 664 ut
2547 610 2686 672 ovis,
2724 608 2820 663 sed
2849 609 3107 665 inventus
3134 620 3219 666 est
3248 621 3310 665 ut
3339 612 3536 682 lupus;
3579 623 3640 667 ut
3671 616 3791 667 sin-

2188 717 2350 757 cerus
2381 701 2666 770 fidelisque
2699 699 2957 764 famulus,
2984 701 3080 755 sed
3109 701 3304 757 dilexit
3331 703 3646 772 oppositum
3670 721 3685 770 ;
3729 714 3792 762 ut

2189 793 2601 851 uvarumiferax
2627 794 2808 857 vinea,
2827 792 2922 847 sed
2939 793 3093 862 juxta
3110 792 3426 863 Scripturas
3446 794 3631 862 spinas
3659 811 3790 865 pro-

2191 885 2346 951 tulit;
2369 894 2431 940 ut
2463 883 2772 939 industrius
2796 881 3060 953 agricola,
3087 883 3184 938 sed
3205 882 3498 937 insidiatus
3526 892 3612 938 est
3636 899 3788 953 agro;

2189 989 2253 1035 ut
2273 979 2453 1034 bonus
2483 977 2722 1047 denique
2761 985 2971 1047 pastor,
2999 975 3093 1031 sed
3133 975 3446 1045 agrestibus
3483 974 3619 1031 feris
3651 975 3789 1030 etl‘e-

2190 1070 2362 1125 ratior
2380 1067 2574 1124 evasit.
2607 1087 2626 1119 ›
2664 1066 2870 1138 Cyrillo
2893 1065 3250 1122 consentiens
3285 1065 3610 1121 Vincentius
3641 1065 3788 1119 Liri-

2189 1160 2397 1224 nensis,
2447 1161 2648 1215 horum
2687 1167 2997 1228 temporum
3048 1155 3307 1230 scriptor,
3355 1159 3665 1230 ingemiscit
3717 1157 3789 1212 ob

2190 1249 2508 1304 scandalum
2542 1248 2802 1304 Ecclesiae
2834 1265 2932 1319 per
2957 1249 3273 1304 Nestorium
3308 1249 3543 1305 illatum.
3586 1269 3605 1301 ‹
3645 1249 3791 1316 Qua-

2189 1345 2295 1399 lem
2327 1343 2514 1408 fuisse,
2545 1363 2562 1393 ι
2605 1343 2806 1412 inquit,
2841 1360 2858 1392 ε
2900 1357 3078 1412 nuper
3109 1342 3466 1398 tentationem
3507 1354 3785 1414 putamus,

2189 1451 2316 1489 cum
2347 1435 2537 1490 infelix
2571 1434 2662 1489 ille
2692 1433 2998 1497 Nestorius,
3030 1433 3214 1488 subito
3244 1450 3312 1488 ex
3353 1448 3454 1488 ove
3489 1449 3791 1488 conversus

2192 1528 2246 1582 in
2281 1529 2493 1597 lupum,
2537 1541 2757 1598 gregem
2787 1524 2992 1580 Christi
3044 1525 3289 1580 lacerare
3325 1526 3622 1595 cmpisset?
3664 1542 3790 1580 eum

2192 1619 2247 1674 hi
2274 1619 2399 1688 ipsi,
2421 1618 2517 1689 qui
2535 1617 2895 1682 rodebantur,
2930 1633 3000 1672 ex
3021 1633 3216 1688 magna
3241 1617 3425 1672 adhuc
3451 1627 3607 1687 parte
3632 1633 3792 1671 ovem

2191 1710 2504 1774 crederent,
2543 1709 2786 1778 ideoque
2830 1709 3109 1763 morsibus
3149 1708 3272 1780 ejus
3305 1709 3479 1778 magis
3516 1718 3791 1778 paterent.

487 1789 758 1845 columnae
795 1791 1133 1860 exstiterint,
1169 1793 1474 1850 inimicitiis
1514 1795 1829 1866 huiusmodi
1873 1797 2086 1852 nullum
2191 1802 2328 1857 Natu
2383 1801 2508 1872 quis
2549 1815 2676 1855 eum
2727 1799 2888 1854 facile
2944 1814 3132 1854 errare
3189 1798 3577 1864 arbitraretur,
3628 1816 3795 1869 quem

487 1880 709 1938 illorum
737 1883 924 1955 gloriae
952 1885 1344 1944 detrimentum
1365 1887 1744 1946 aﬂ‘erentibus.
1782 1907 1801 1941 ›

765 1995 792 2068 §
829 1999 942 2053 νη.
982 1998 1213 2055 Ηωνεδὶε
1236 1999 1560 2056 Nestoriana
1585 2002 1811 2058 detecta.

558 2088 871 2145 34.:Attico
887 2090 999 2145 vita
1016 2091 1207 2148 functo
1232 2093 1501 2148 successit
1529 2093 1826 2158 Sisinnius,
1855 2102 1981 2165 post
1995 2111 2094 2149 cu-

483 2183 575 2252 jus
595 2191 879 2248 mortem,»
905 2183 1470 2254 inquitSocrateslib.
1494 2203 1586 2251 vn,
1604 2201 1725 2257 cap.
1747 2186 1837 2252 29,
1869 2206 1886 2238 ι
1910 2187 2091 2243 visum

486 2280 572 2326 est
605 2272 946 2343 imperatori,
977 2284 1206 2346 propter
1229 2275 1484 2331 homines
1506 2275 1752 2330 inanium
1776 2291 1964 2330 rerum
1991 2292 2091 2346 ap-

486 2374 759 2436 petentes,
785 2367 1063 2424 neminem
1090 2383 1159 2424 ex
1183 2369 1275 2425 illa
1303 2369 1551 2426 Ecclesia
1579 2370 1732 2440 (licet
1759 2371 1918 2425 multi
1958 2371 2089 2426 Phi-

487 2456 723 2528 lippum,
759 2459 1076 2530 complurcs
1118 2460 1374 2516 Proclum
1416 2461 1762 2534 designatum
1800 2463 2089 2534 cuperent)

487 2550 557 2604 ad
581 2549 959 2621 episcopatum
998 2551 1154 2614 illum
1176 2553 1382 2624 eligere
1414 2571 1428 2607 :
1462 2553 1557 2609 sed
1595 2555 1860 2610 advenam
1895 2555 2090 2609 Antio-

489 2639 614 2694 chia
647 2655 930 2698 accersere
963 2643 1271 2700 constituit.
1318 2645 1450 2701 Erat
1476 2661 1714 2715 namque
1751 2645 1865 2701 illic
1891 2645 2090 2714 Nesto-

489 2731 608 2787 rius
629 2747 697 2786 ex
711 2730 1035 2789 Germanica
1054 2735 1344 2801 oriundus,
1364 2751 1499 2791 voce
1517 2735 1841 2806 cumprimis
1867 2751 2090 2802 sonora,

489 2825 786 2896 linguaque
815 2825 1058 2882 diserta:
1091 2837 1150 2884 et
1173 2828 1245 2883 ob
1277 2844 1401 2884 eam
1434 2843 1678 2894 causam,
1721 2838 1977 2898 tanquam
2022 2828 2092 2883 ad

491 2916 804 2973 docendum
859 2919 1125 2990 p0pulum
1164 2919 1463 2974 admodum
1509 2920 1980 2986 accommodatus,
2021 2920 2090 2975 de

491 3011 714 3066 illorum
743 3013 1020 3068 sententia
1045 3013 1368 3068 accersitur.
1403 3012 1690 3068 Trimcstri
1717 3013 1882 3084 igitur
1913 3013 2091 3083 spatio

491 3119 792 3175 percurso,
856 3103 1152 3160 Antiochia
1189 3103 1724 3176 Constantinopolim
1795 3104 2091 3161 deducitur

2123 1873 2165 1927 Β
2199 1903 2349 1949 tanto
2379 1892 2726 1948 sacerdotum
2777 1891 2960 1948 studio
3001 1901 3356 1962 persecutum
3391 1891 3646 1947 videret?
3675 1893 3794 1962 qui,

2193 2003 2320 2043 cum
2349 2002 2549 2058 magno
2569 1996 2885 2044 sanctorum
2916 2001 3125 2050 amore,
3149 1999 3365 2040 summo
3395 1985 3582 2056 pepuli
3610 1986 3799 2042 favore

2193 2080 2598 2144 celebraretur,
2632 2077 2882 2148 quotidie
2918 2076 3098 2147 palam
3137 2075 3326 2130 divina
3367 2075 3638 2130 tractabat
3675 2076 3800 2129 elo-

2194 2171 2343 2241 quia,
2371 2180 2428 2226 et
2452 2169 2649 2226 noxios
2681 2184 2903 2240 quoque
2938 2167 3254 2224 Judaaorum
3295 2175 3462 2236 atque
3493 2165 3801 2222 Gentilium

2193 2263 2515 2333 confutabat
2559 2261 2812 2317 errores?
2855 2259 2974 2326 Quo
3024 2257 3246 2313 tandem
3290 2259 3440 2328 justo
3481 2257 3644 2312 modo
3683 2273 3801 2312 non

2193 2356 2371 2411 cuivis
2391 2355 2553 2410 fidem
2568 2355 2775 2410 faceret
2797 2369 2856 2409 se
2881 2362 3030 2408 recta
3051 2352 3273 2418 docere,
3292 2358 3443 2406 recta
3468 2350 3800 2421 prtedicare,

2195 2459 2349 2504 recta
2379 2449 2585 2504 sentire
2607 2488 2623 2514 ,
2657 2446 2754 2517 qui
2787 2454 2847 2500 ut
2875 2445 2970 2499 uni
3005 2444 3203 2500 haeresi
3237 2459 3350 2499 suae
3389 2443 3598 2498 aditum
3637 2454 3801 2513 pate-

2195 2543 2420 2607 faceret,
2470 2551 2796 2614 cunctarum
2823 2540 3109 2595 haereseon
3140 2536 3509 2607 hlasphemias
3553 2535 3804 2590 insccta-

2195 2634 2323 2690 batu
2333 2634 2410 2688 r?»
2443 2643 2552 2690 etc.

2262 2749 2351 2805 57.
2381 2750 2458 2806 De
2491 2749 2607 2820 ipsa
2656 2749 2777 2821 ejus
2800 2747 3016 2811 haeresi,
3037 2744 3312 2816 bujusque
3355 2742 3597 2799 strenuis
3617 2756 3808 2812 oppu-

2193 2839 2534 2911 gnatoribus,
2574 2839 2649 2894 ita
2698 2837 2890 2909 paucis
2933 2837 3170 2907 Prosper
3228 2834 3282 2888 in
3325 2832 3601 2896 Chronico,
3652 2846 3808 2888 coss.

2195 2931 2375 2986 Tauro
2397 2939 2454 2985 et
2481 2929 2682 2995 Felice,
2709 2943 2854 2983 anno
2871 2927 3004 2983 Chr.
3027 2926 3150 2981 428:
3180 2944 3197 2976 ι
3224 2923 3508 2979 Nestorius
3527 2921 3808 2977 Constan-

2196 3023 2590 3094 tinopolitanus
2613 3020 2905 3092 episcopus
2928 3033 3131 3073 novum
3165 3014 3430 3072 Ecclesiis
3457 3014 3693 3069 molitur
3715 3030 3812 3068 cr-

2193 3131 2377 3171 rorem
2435 3115 2736 3179 inducere,
2789 3111 3098 3184 praedicans
3155 3109 3440 3166 Christum
3505 3121 3575 3161 ex
3629 3106 3811 3162 Maria

490 3197 810 3263 Νοειοτίιιδῖ
838 3198 931 3268 qui
958 3212 1272 3268 quanquam
1317 3214 1348 3253 a
1370 3197 1647 3269 plerisque
1679 3197 1751 3253 ob
1777 3207 2091 3268 temperan-
2119 3179 2476 3274 Citominem
2507 3217 2743 3273 tantum,
2766 3179 2825 3262 e—t
2848 3221 2960 3260 non
2986 3205 3182 3268 Deum,
3209 3211 3425 3265 natum,
3458 3199 3623 3268 eique
3653 3198 3814 3252 Divi-

491 3290 623 3345 tiam
644 3290 804 3346 laude
826 3300 882 3346 et
897 3290 1288 3361 praedicatione
1317 3290 1673 3354 efferebatur,
1699 3299 1880 3345 tamen
1902 3290 2095 3360 quales

492 3392 761 3452 praeterea
790 3383 912 3453 ejus
951 3397 1134 3437 mores
1165 3381 1392 3447 fuerint,
1418 3382 1632 3452 primus
1654 3382 1805 3437 illius
1831 3381 2095 3436 doctrina:

491 3492 724 3532 exorsus
762 3475 1128 3546 prudentibus
1157 3474 1294 3530 viris
1325 3475 1459 3530 satis
1493 3475 1914 3531 demonstravit.
1958 3473 2094 3528 Nam

493 3568 659 3624 simul
692 3584 758 3623 ac
787 3567 1080 3638 episcopus
1129 3583 1179 3623 tv
1221 3568 1351 3623 ldus
1393 3567 1599 3638 Aprilis
1647 3567 1937 3622 ordinatus
1971 3565 2093 3628 fuit,

496 3661 676 3716 Felice
699 3670 754 3716 et
770 3661 952 3716 Tauro
975 3676 1144 3727 coss.,
1162 3660 1460 3730 extemplo,
1481 3676 1608 3716 cum
1623 3661 1929 3716 orationem
1951 3658 2097 3728 apud

497 3754 893 3824 imperatorem
925 3753 1175 3820 haberet,
1199 3753 1343 3810 hanc
1363 3753 1716 3818 sententiam,
1748 3767 1871 3822 qua:
1911 3749 2099 3805 multis

496 3847 553 3902 in
577 3863 673 3902 ore
695 3855 800 3912 est,
826 3862 1012 3902 coram
1041 3847 1302 3903 universo
1324 3846 1530 3918 populo
1569 3844 1802 3917 protulit
1831 3860 1845 3897 :
1881 3841 2035 3905 Mihi,
2064 3855 2099 3896 ο

494 3940 816 4010 imperator,
847 3949 1052 3996 terram
1081 3940 1354 3997 hatreticis
1384 3949 1443 3994 tu
1469 3947 1754 4010 purgatam
1795 3935 1998 3998 tribue,
2042 3943 2100 3989 ct

493 4047 598 4103 ego
622 4031 718 4086 tibi
747 4033 947 4088 caalum
985 4033 1326 4088 retribuam:
1373 4039 1430 4085 tu
1470 4029 1606 4083 mihi
1647 4029 1701 4082 in
1743 4025 2100 4096 profligaudis

497 4123 774 4179 haereticis
800 4123 1054 4191 subveni,
1083 4133 1141 4181 et
1164 4139 1267 4196 ego
1299 4122 1402 4178 tibi
1427 4121 1483 4175 in
1519 4115 1878 4190 proﬂigandis
1915 4116 2100 4172 Persis

495 4215 841 4272 subveniam.
879 4235 898 4269 ι

567 4307 657 4362 35.
686 4309 1017 4364 Praeclarum
1057 4307 1299 4364 Nestorii
1336 4305 1578 4368 initium,
1604 4303 1738 4360 licet
1761 4315 1952 4376 pergat
1980 4303 2100 4375 plu-

496 4399 656 4478 ribus
697 4400 991 4471 suggillare
1021 4398 1312 4462 Socrates,
1339 4406 1398 4453 et
1437 4397 1554 4466 ipse
1592 4396 1760 4451 homo
1784 4395 2098 4459 haereticus,

495 4488 795 4543 laudarunt
829 4487 1162 4544 Coalestinus
1216 4497 1357 4557 papa
1401 4493 1459 4540 et
1495 4484 1751 4556 Cyrillus,
1785 4484 1988 4540 litteris
2031 4483 2100 4540 ad

2193 3302 2423 3357 nitatem
2454 3301 2706 3356 collatam
2738 3314 2860 3354 esse
2899 3311 3001 3367 pro
3059 3296 3279 3350 merito.
3325 3292 3469 3348 Huic
3525 3289 3813 3361 impietati

2195 3394 2470 3464 praecipue
2503 3393 2692 3464 Cyrilli
2729 3389 3088 3445 Alexandrini
3117 3385 3360 3456 episcopi
3401 3384 3715 3446 industria,
3755 3393 3814 3440 et

2196 3499 2350 3555 papm
2385 3481 2669 3538 leestini
2708 3487 2978 3549 repugnat
3005 3476 3327 3531 auctoritas.
3368 3493 3385 3525 ι
3429 3473 3588 3529 Unde
3621 3473 3812 3530 haere-

2197 3577 2272 3631 sis
2311 3575 2400 3629 illa
2438 3570 2781 3644 profluxerit,
2824 3578 3078 3624 accurate
3119 3566 3364 3636 disputat
3409 3565 3687 3621 Baronius
3736 3568 3812 3622 ad

2196 3668 2451 3725 eumdem
2482 3681 2686 3720 annum
2723 3677 2876 3719 num.
2908 3663 2978 3718 50
3029 3671 3088 3717 et
3112 3660 3492 3732 sequentibus.
3535 3661 3655 3715 Nos
3688 3677 3816 3716 sce-

2197 3757 2512 3814 leratissimi
2561 3755 2913 3828 sycophanta:
2961 3752 3205 3808 fallacias
3240 3768 3271 3806 a
3311 3750 3514 3822 Cyrillo
3555 3751 3818 3808 detectas

2197 3864 2618 3920 prosequamur.
2648 3846 2938 3902 Nestorius
2982 3844 3170 3916 igitur,
3211 3845 3360 3915 jacto
3402 3841 3817 3900 Constantino-

2199 3941 2312 4012 poli
2333 3940 2538 3996 erroris
2561 3939 2756 3994 nefarii
2787 3939 2998 3994 semine
3020 3935 3445 4006 haudquaquam
3480 3945 3816 4003 contentus,

2200 4039 2277 4086 ut'
2306 4047 2435 4088 eum
2483 4031 2646 4086 latius
2697 4040 2998 4101 spargeret,
3051 4028 3268 4084 libellos
3318 4027 3537 4082 occulto
3589 4044 3820 4086 veneno

2199 4123 2440 4181 suffusos
2485 4138 2583 4194 per
2624 4133 2842 4178 exteras
2893 4135 3112 4192 quoque
3157 4133 3287 4173 oras
3330 4119 3598 4188 vulgavit,
3643 4129 3821 4191 atque

2199 4215 2268 4270 ad
2324 4215 2474 4286 ipsos
2519 4212 2736 4285 Egypti
2794 4213 3094 4267 monachos
3147 4210 3338 4277 misit;
3391 4211 3533 4266 nihil
3590 4229 3654 4269 se
3703 4216 3821 4270 nisi

2200 4323 2270 4368 ex
2299 4306 2505 4362 Nicaeni
2545 4305 2768 4362 concilii
2801 4305 3127 4375 praescripto
3160 4303 3381 4368 docere,
3417 4302 3822 4364 fraudulenter

2197 4399 2478 4472 jactitans.

2275 4491 2364 4546 58.
2392 4491 2598 4547 Horum
2635 4506 2802 4548 causa
2833 4504 3044 4560 magnae
3079 4488 3223 4543 inter
3247 4487 3464 4559 [Egypti
3502 4493 3826 4551 monachos

497 4579 678 4651 ipsum
698 4580 1015 4636 Nestorium
1035 4579 1211 4635 datis:
1236 4579 1330 4633 hic
1350 4593 1575 4633 suarum
1602 4576 1853 4632 meminit
1879 4575 1934 4631 in
1959 4592 2091 4648 apo-
2121 4576 2164 4632 D
2197 4586 2446 4642 excitata;
2465 4592 2594 4640 sunt
2615 4584 2808 4647 turba},
2829 4581 2896 4636 ad
2917 4597 3054 4651 quas
3077 4579 3348 4635 sedandas
3365 4579 3636 4651 Cyrillus,
3659 4601 3825 4641 acer-

497 4672 734 4744 logetica
793 4673 1027 4744 epistola
1093 4672 1162 4726 ad
1226 4669 1598 4727 Theodosium
1680 4669 2092 4740 imperatorem,

498 4776 650 4822 torno
685 4768 727 4824 ν
757 4768 956 4823 concil.
983 4763 1267 4837 Ephesini,
1290 4779 1413 4834 cap.
1437 4763 1492 4817 2.
1526 4781 1545 4814 ‹
1578 4763 1802 4818 Electus
1823 4771 1930 4829 est,
1961 4784 1979 4817 ›
2013 4765 2097 4820 in-

497 4859 640 4930 quit,
672 4878 691 4911 (
724 4851 1013 4921 Nestorius
1037 4867 1296 4927 tanquam
1328 4855 1642 4925 apostolica:
1659 4854 2095 4926 evangelicatqne

497 4953 766 5009 doctrina!
797 4965 979 5023 praeco
1010 4948 1286 5020 egregius,
1337 4948 1834 5018 proruovendatque
1877 4947 2097 5018 pietatis

497 5045 698 5100 artifex
727 5042 980 5114 insignis,
1007 5056 1222 5096 necnon
1245 5049 1503 5110 tanquam
1547 5042 1595 5096 is
1637 5040 1732 5111 qui
1760 5040 1816 5095 in
1843 5049 1991 5096 recta
2017 5041 2098 5096 in-

497 5136 830 5206 culpataque
864 5131 971 5187 fide
1011 5130 1270 5201 praeclare
1313 5137 1460 5186 esset
1509 5129 1788 5184 fundatus.
1841 5128 1910 5183 Et
1951 5129 2098 5199 ejus-

499 5227 652 5284 modi
685 5227 836 5282 hunc
860 5223 1140 5280 hominem
1170 5237 1291 5278 esse
1320 5221 1580 5294 cupiebat
1605 5230 1790 5277 vestra
1819 5222 2095 5292 majestas,

500 5317 858 5387 universique
877 5322 1192 5370 sanctarum
1223 5313 1592 5369 Ecclesiarum
1613 5312 1896 5384 praesides,
1917 5322 1975 5368 ct
1996 5327 2098 5382 ego

501 5413 619 5482 ipse
643 5423 885 5479 quoque.
919 5407 1060 5463 Sane
1089 5423 1217 5462 cum
1247 5406 1315 5462 de
1343 5405 1492 5462 illius
1511 5404 1859 5460 ordinatione
1886 5404 2099 5460 litteras

502 5521 532 5558 a
556 5501 822 5573 piissimis
846 5499 1122 5572 episcopis
1164 5499 1232 5555 ad
1269 5500 1377 5555 hoc
1419 5497 1705 5554 destinatis
1739 5497 2094 5568 accepissem,

503 5592 643 5650 nihil
676 5593 805 5648 mali
835 5592 1165 5663 suspicatus,
1192 5591 1303 5646 imo
1324 5605 1457 5645 vero
1485 5588 1718 5645 laudans
1744 5597 1802 5643 et
1829 5588 2095 5659 gaudens,

506 5689 696 5759 illique
726 5695 984 5759 tanquam
1016 5684 1174 5742 fratri
1211 5691 1268 5738 et
1293 5684 1672 5739 comministro
1712 5683 1918 5754 optima
1947 5699 2098 5754 qua:-

506 5798 615 5853 que
649 5797 750 5852 per
777 5781 1021 5837 divinam
1053 5777 1442 5835 liberalitatem
1481 5776 1768 5848 obtingere
1811 5786 2094 5847 exoptans,

507 5875 788 5950 rescripsi.
831 5894 851 5932 ι

2202 4679 2378 4734 rimus
2414 4675 2736 4731 orthodoxa:
2777 4673 2904 4729 fidei
2940 4689 2972 4728 a
3005 4673 3119 4728 Deo
3151 4672 3362 4728 electus
3401 4688 3822 4747 pr0pugnator,

2203 4785 2330 4825 mox
2367 4783 2427 4824 se
2455 4766 2711 4831 accinxit,
2739 4775 2797 4820 et
2829 4780 2956 4820 cum
2992 4763 3213 4820 schedis
3271 4780 3393 4841 qua:
3425 4764 3497 4819 de
3521 4783 3593 4822 ea
3621 4785 3684 4824 re
3715 4772 3826 4826 sub

2202 4861 2426 4917 nomine
2460 4857 2702 4914 Nestorii
2742 4856 3084 4920 ferebantur,
3134 4871 3328 4926 parum
3379 4854 3511 4912 fidei
3555 4859 3823 4928 haberet,

2203 4953 2508 5024 prudenter
2534 4949 2606 5004 ab
2633 4949 2754 5018 ejus
2776 4948 3001 5003 nomine
3031 4947 3318 5002 abstinuit.
3356 4946 3607 5004 Primam
3651 4951 3830 5022 igitur

2203 5041 2488 5112 epistolam
2518 5039 2712 5096 scribit
2732 5038 2801 5094 ad
2839 5038 2986 5108 ipsos
3011 5037 3330 5100 monachos,
3366 5036 3460 5091 ubi
3491 5039 3646 5096 inter
3670 5045 3784 5100 alia
3812 5065 3826 5100 :

2213 5155 2230 5188 ι
2266 5133 2448 5189 Audio
2475 5132 2726 5189 exitiales
2755 5131 3022 5202 quosdam
3047 5145 3302 5184 rumores
3322 5129 3470 5183 inter
3503 5149 3609 5189 vos
3630 5152 3830 5206 prose-

2205 5225 2464 5290 minatos,
2497 5224 2795 5278 nonnullos
2815 5237 3035 5292 quoque
3068 5220 3352 5285 oberrare,
3387 5221 3487 5290 qui
3531 5223 3826 5284 sinceram

2205 5327 2445 5371 vestram
2494 5315 2658 5371 fidem
2691 5312 2944 5370 demoliri
2988 5310 3280 5376 studeant,
3321 5319 3378 5366 et
3412 5311 3676 5371 inanium
3719 5335 3820 5374 vo-

2205 5408 2529 5466 cabulorum
2546 5407 2725 5462 bullas
2738 5405 2884 5476 apud
2899 5403 3036 5459 rude
3053 5403 3249 5475 vulgus
3261 5409 3611 5473 eructantes,
3628 5419 3823 5466 utrum

2207 5501 2453 5556 θεοτόκον
2489 5513 2699 5555 sacram
2733 5495 3010 5566 Virginem
3045 5495 3321 5566 appellare
3354 5491 3546 5561 liceat,
3581 5498 3640 5553 in
3683 5517 3826 5558 con-

2208 5593 2533 5650 troversiam
2572 5605 2770 5644 vocare
2796 5587 3056 5653 audeant,
3081 5605 3097 5637 ι
3138 5594 3246 5641 etc.
3296 5585 3487 5654 Pergit
3527 5591 3824 5650 validissi-

2207 5687 2312 5743 mis
2359 5683 2687 5746 rationibus,
2731 5679 3177 5751 gravissimisque
3221 5693 3345 5732 cum
3386 5675 3824 5750 Scripturarum

2211 5791 2324 5836 tum
2347 5783 2661 5831 sanctorum
2687 5774 2909 5828 Patrum
2937 5768 3284 5831 testimoniis,
3306 5767 3600 5828 Christum
3622 5792 3824 5836 verum

2208 5886 2328 5926 esse
2372 5869 2539 5922 Deum
2569 5865 2822 5937 probare,
2860 5864 3003 5928 unde
3040 5878 3162 5916 mox
3203 5859 3645 5931 appellationem
3691 5871 3822 5928 Dei-
