4172 6480
372 441 455 500 23
930 458 935 469 ·
1769 450 1826 507 S.
1861 449 2143 509 CYRILLI
2180 450 2365 511 VlTA.
3636 454 3708 513 26

372 572 529 630 pane
562 573 701 615 vere
731 574 799 615 ac
840 562 1071 632 proprie
1103 561 1264 618 Matri
1291 562 1508 636 Virgini
1538 567 1841 623 convenire
1861 583 1994 623 con-
2025 571 2072 630 Α
2097 578 2156 624 et
2184 585 2214 625 a
2244 570 2449 641 quibus
2495 570 2549 625 id
2588 569 2816 625 minime
2844 566 3255 641 exspectabam,
3296 565 3568 623 hactenus
3595 568 3712 624 sint

371 650 580 707 cludit.
603 652 792 723 Atque
819 653 904 709 ita
924 654 1162 725 epistola
1186 654 1294 711 hac
1312 656 1661 728 gravissima,
1689 658 2006 715 eruditione

369 754 435 801 et
465 754 665 802 sancto
697 745 828 802 ﬁdei
858 749 983 804 zelo
1012 748 1198 821 plena,
1223 750 1527 821 provincia:
1557 768 1672 808 suae
1703 752 2004 821 solitarios,

369 840 559 895 veluti
577 841 1003 913 pr0pbylactico
1023 842 1264 914 quodam
1279 842 1871 913 pharmaco,adversus
1888 846 2011 919 pul-

370 931 658 988 lulantem
703 933 967 996 haeresim
1016 935 1374 1007 praemunire,
1428 945 1487 992 et
1517 937 1576 993 in
1607 938 1834 1010 antiqua
1878 939 2008 996 ﬁdei

372 1024 649 1081 doctrina
688 1025 1031 1085 conﬁrmare
1069 1028 1304 1084 studuit.
1342 1028 1570 1087 Veritus
1611 1041 1880 1102 praeterea
1937 1048 2009 1088 ne

373 1116 559 1173 ferale
583 1118 829 1173 Nestorii
848 1118 1006 1177 virus
1054 1121 1174 1192 ipsa
1209 1135 1431 1193 quoque
1465 1121 1619 1177 orbis
1647 1123 1828 1194 capita
1856 1122 2012 1177 aﬁla—

377 1220 491 1275 ret,
521 1211 679 1267 unde
714 1211 915 1285 ingens
961 1212 1294 1272 Christiana:
1332 1214 1659 1287 reipublicae
1697 1214 2009 1286 periculum

376 1300 685 1356 formidari
722 1302 930 1359 merito
952 1311 1162 1375 posset,
1206 1305 1274 1362 de
1299 1317 1451 1363 recta
1484 1306 1542 1362 in
1567 1307 1742 1361 Deum
1775 1304 1904 1372 ﬁde,
1929 1306 2016 1361 di-

374 1392 638 1464 vinaque
677 1393 849 1450 Verbi
880 1395 1270 1454 lncarnatione
1303 1408 1418 1456 tres
1445 1398 1621 1454 libros
1658 1398 2010 1469 conscripsit,

374 1504 531 1559 quos
555 1488 769 1558 Λοεγους
798 1495 1294 1561 προσφωνητικούς
1326 1491 1643 1564 appellavit.
1667 1491 1873 1547 Horum
1899 1490 2017 1561 pri-

379 1596 550 1635 mum
579 1583 934 1655 nuncupavit
975 1583 1293 1649 Theodosio
1320 1594 1378 1642 et
1407 1586 1795 1643 Valentiniano
1835 1585 2012 1655 impe-

382 1673 701 1740 ratoribus,
748 1674 893 1732 duos
924 1677 1269 1747 posteriores
1310 1678 1571 1736 Eudoeiae
1614 1688 1672 1736 et
1707 1676 2016 1734 Pulcheria:

378 1765 627 1836 reginis,
672 1766 843 1821 tacito
892 1765 1103 1838 ubique
1145 1768 1389 1824 Nestorii
1434 1770 1682 1835 nomine,
1721 1785 1793 1825 ne
1834 1784 1902 1824 cx
1946 1782 2015 1823 eo

378 1852 696 1912 Theodosii
730 1857 954 1912 animus
985 1858 1386 1927 offenderetur,
1418 1861 1515 1932 qui
1548 1861 1868 1916 Nestorium
1897 1858 2014 1915 An-

379 1945 601 2001 tiochia
630 1947 993 2015 accersitum,
1023 1949 1346 2022 episcopum
1370 1951 1533 2024 deligi
1565 1958 1806 2008 curarat.

453 2038 555 2094 59.
581 2039 803 2096 [nterea
824 2040 997 2097 latius
1023 2041 1231 2097 malum
1253 2043 1530 2114 serpebat,
1552 2053 1609 2099 et
1636 2043 1869 2098 Romam
1897 2055 2013 2096 non

375 2130 752 2188 fama-solum
784 2132 1002 2204 perlata
1028 2133 1099 2189 ad
1125 2132 1492 2190 Caelestinum
1527 2150 1751 2206 papam,
1782 2132 1880 2189 sed
1905 2131 2011 2203 ipsi

377 2241 620 2297 quoque
652 2227 985 2298 pestilentes
1004 2227 1203 2284 libelli.
1231 2227 1482 2295 Quorum
1510 2229 1602 2284 ille
1628 2225 2009 2298 blasphemiis,

377 2320 598 2390 quibus
628 2321 941 2386 scatebant,
970 2322 1319 2387 examinatis,
1345 2321 1552 2402 Cyrillo
1579 2320 1824 2392 scripsit,
1846 2327 1909 2374 ut
1929 2318 2016 2374 di-

377 2412 634 2484 ligenter
652 2413 1009 2485 perquireret
1051 2416 1310 2471 numina
1337 2430 1533 2470 revera
1556 2423 1743 2470 essent
1768 2429 1802 2468 a
1818 2412 2016 2468 Nesto-

379 2505 473 2560 rio
526 2506 896 2578 conscripta:
943 2523 1128 2579 neque
1179 2508 1328 2563 enim
1380 2506 1649 2563 credibile
1695 2505 2010 2570 videbatur,

376 2598 742 2666 Nestorium,
780 2600 850 2657 de
880 2617 993 2673 quo
1032 2612 1215 2673 nuper
1247 2608 1329 2657 tot
1361 2616 1426 2657 ac
1466 2607 1619 2657 tanta
1655 2598 2012 2656 orientalium

376 2692 792 2763 episcoporum
817 2693 1028 2751 litteris
1055 2693 1337 2766 praeconia
1361 2692 1688 2765 accepisset,
1719 2691 1797 2747 ita
1826 2690 2013 2747 subito

380 2784 442 2840 in
458 2793 855 2843 transversum
873 2797 1063 2844 actum
1080 2803 1225 2855 esse,
1243 2787 1450 2859 talique
1467 2786 1523 2842 fu
1532 2802 1655 2842 rore
1671 2794 2008 2856 correptum.

379 2879 522 2936 Haec
558 2879 680 2951 ipse
704 2889 947 2938 testatur
970 2880 1215 2955 Cyrillus
1237 2881 1296 2937 in
1324 2881 1521 2953 primis
1538 2880 1606 2935 ad
1630 2879 1886 2935 eumdem
1907 2879 2016 2934 Ne-

378 2970 632 3029 storium
673 2972 901 3040 litteris,
938 2990 1004 3032 ea
1034 2975 1325 3032 occasione
1364 2973 1628 3040 exaratis,
1662 2971 1810 3044 quod
1846 2970 2013 3027 intel-

378 3063 627 3121 lexisset
677 3067 924 3138 graviter
955 3083 1085 3123 cum
1126 3067 1301 3124 fuisse
1343 3066 1619 3122 offensum
1662 3063 1736 3119 ob
1778 3063 2015 3133 scriptas

379 3173 417 3213 a
437 3174 504 3215 se
537 3158 763 3216 litteras
792 3161 863 3217 ad
889 3159 1114 3234 Egypti
1135 3160 1440 3217 monachos
1461 3159 1729 3215 adversus
1756 3156 2014 3228 blasphe-

2107 661 2276 717 illata.
2307 662 2415 718 Sed
2440 662 2631 718 isthaec
2656 662 2840 719 omnia
2863 661 3144 717 oblivione
3165 659 3480 716 voluntaria
3513 670 3711 716 conte-

2106 766 2338 811 rantur:
2379 755 2528 811 Deus
2550 754 2699 810 enim
2732 753 3049 811 istiusmodi
3080 762 3384 824 negatores
3405 753 3538 806 olim
3564 753 3716 823 judi-

2107 857 2337 904 caturus
2368 858 2473 905 est.
2520 847 2760 903 Tantum
2798 847 2934 902 ﬁdes
2974 847 3189 916 integra
3223 852 3281 901 et
3322 845 3472 899 salva
3519 844 3612 909 sit,
3657 853 3716 900 et

2108 943 2313 999 charus
2335 943 2548 999 amicus
2571 941 2832 997 omnibus
2862 956 2997 996 ero:
3036 955 3220 1010 neque
3263 938 3361 995 ulli
3411 939 3714 994 concedam

2109 1044 2172 1091 ut
2193 1033 2671 1107 religiosissimum
2707 1032 3031 1104 episcopum
3068 1029 3385 1086 Nestorium
3427 1027 3718 1084 ardentius

2109 1134 2286 1193 amet,
2329 1142 2498 1197 quam
2537 1140 2681 1198 ego:
2722 1139 2889 1195 quem
2939 1121 3106 1178 etiam
3140 1120 3357 1193 (Deum
3410 1120 3623 1190 testor)
3660 1118 3717 1173 in

2108 1219 2331 1276 Christo
2352 1227 2584 1290 peropto
2604 1217 2750 1289 apud
2777 1231 2973 1272 omnes
2993 1214 3138 1270 bene
3166 1213 3382 1279 audire,
3416 1219 3717 1281 notamque

2111 1312 2184 1368 ob
2211 1327 2298 1377 ea,
2326 1326 2449 1382 quae
2477 1309 2696 1381 pridem
2724 1307 2968 1373 admisit,
2994 1313 3338 1362 contractam
3368 1304 3592 1369 eluere;
3616 1318 3717 1372 pa-

2110 1404 2334 1475 lamque
2364 1403 2573 1468 facere,
2612 1400 2950 1457 calumniam
2986 1413 3113 1457 eses
3165 1412 3399 1461 meram,
3430 1410 3543 1450 non
3567 1394 3717 1449 veri-

2113 1505 2313 1562 tatem,
2360 1511 2486 1567 qua
2529 1494 2599 1551 de
2642 1508 2742 1550 sua
2787 1491 3023 1564 perﬁdia
3056 1508 3088 1545 a
3122 1488 3410 1545 nonnullis
3443 1487 3719 1557 invulgata

2113 1599 2263 1649 sunt.
2301 1590 2439 1645 Nam
2472 1588 2518 1644 si
2549 1586 2758 1645 Christi
2792 1584 3052 1639 mandato
3080 1582 3150 1637 ad
3190 1580 3541 1637 inimicorum
3580 1577 3721 1633 dile—

2113 1684 2358 1741 ctionem
2395 1697 2680 1755 urgemur,
2701 1678 2983 1751 quomodo
3034 1682 3470 1732 consentaneum
3488 1686 3601 1727 non
3637 1679 3724 1726 est

2114 1789 2177 1835 ut
2201 1777 2411 1833 amicos
2430 1783 2489 1831 et
2517 1771 2946 1829 consacerdotes
2979 1768 3131 1824 omni
3160 1764 3562 1823 benevolentia:
3599 1770 3720 1818 stu-

2116 1870 2212 1926 dio
2240 1865 2711 1940 complectamur?
2739 1863 2898 1932 Quod
2932 1862 2978 1917 si
3007 1877 3141 1917 vero
3172 1859 3497 1915 exoriantur
3522 1855 3619 1927 qui
3655 1854 3723 1909 ﬁ-

2043 1946 2087 2002 Β
2115 1963 2241 2019 dem
2280 1959 2539 2018 demoliri
2587 1964 2854 2030 satagant,
2893 1953 3174 2027 quomodo
3216 1960 3433 2006 nostras
3475 1948 3724 2019 ipsorum

2115 2053 2330 2107 animas
2371 2049 2520 2105 ultro
2564 2064 2679 2103 non
2718 2044 3056 2102 oﬁ'eremus?
3111 2041 3370 2099 Profecto
3418 2038 3552 2093 licet
3604 2035 3725 2106 ipsa

2114 2162 2340 2219 quoque
2355 2160 2508 2201 mors
2534 2142 2699 2215 capiti
2723 2151 2914 2197 nostro
2939 2136 3276 2208 impendeat,
3292 2133 3445 2188 nulla
3476 2132 3533 2185 in
3562 2129 3726 2184 nobis

2114 2243 2226 2299 erit
2249 2240 2566 2297 cunctatio:
2599 2252 2726 2292 nam
2748 2236 2795 2291 si
2823 2250 2927 2306 pro
2948 2231 3121 2305 gloria
3143 2228 3241 2284 Dei
3274 2226 3562 2283 veritatem
3588 2239 3728 2294 pra:-

2115 2336 2305 2393 dicare
2358 2330 2874 2393 formidaverimus,
2926 2341 2997 2382 ne
3047 2323 3312 2378 videlicet
3371 2320 3426 2374 in
3484 2318 3725 2388 aliquam

2113 2427 2424 2485 molestiam
2462 2423 2806 2489 incidamus;
2845 2435 2975 2491 qua,
3025 2430 3234 2488 quaeso,
3272 2413 3455 2468 fronte
3502 2418 3727 2465 sancte-

2114 2537 2241 2578 rum
2270 2527 2578 2591 martyrum
2598 2513 2905 2571 certamina
2932 2516 2990 2565 et
3018 2506 3336 2577 triumphos
3368 2501 3515 2574 apud
3552 2516 3729 2571 popu-

2114 2616 2229 2673 lum
2256 2613 2518 2670 laudibus
2542 2606 2883 2667 evehemus?
2920 2603 3127 2676 quippe
3151 2614 3294 2672 quos
3327 2612 3440 2652 uno
3478 2595 3587 2650 hoc
3621 2609 3728 2648 no-

2114 2710 2265 2766 mine
2303 2706 2583 2781 przeeipue
2623 2702 3014 2762 deeantamus,
3056 2693 3208 2765 quod
3248 2691 3377 2755 hoc,
3429 2688 3579 2781 quod
3613 2689 3728 2759 jam

2114 2778 2328 2857 dictum
2353 2804 2467 2861 est,
2504 2807 2702 2865 magna
2749 2787 2923 2846 animi
2973 2781 3286 2841 constantia
3327 2778 3727 2851 praestiterunt,

2115 2891 2223 2947 hoc
2268 2896 2376 2955 est,
2413 2885 2484 2943 ad
2520 2890 2761 2940 mortem
2802 2893 2981 2949 usque
3013 2890 3118 2947 pro
3157 2872 3395 2929 veritate
3425 2868 3727 2926 dimicave-

2116 2989 2271 3039 runt.
2307 3000 2328 3034 ι

2178 3097 2271 3156 42.
2310 3094 2758 3168 Composuerunt
2789 3104 2857 3145 eo
2889 3096 3139 3158 tempore
3168 3079 3356 3138 clerici
3417 3072 3732 3134 Constanti-

2115 3189 2425 3264 n0politani
2449 3166 2716 3243 adversus
2730 3181 2958 3253 impiam
2976 3173 3222 3235 Nestorii
3244 3171 3552 3229 doctrinam
3573 3166 3734 3222 libel-

380 3268 517 3355 mos
543 3253 791 3310 libellos.
832 3254 895 3309 ln
922 3254 1016 3310 his
1044 3263 1172 3326 post
1199 3252 1561 3318 luculentam,
1594 3266 1696 3306 cur
1724 3248 1793 3304 ad
1821 3264 2012 3303 mona-

2118 3248 2230 3342 lum
2256 3298 2423 3355 quem
2446 3280 2649 3336 offerre
2677 3271 3001 3346 imperatori
3030 3267 3369 3339 cogitabant.
3403 3263 3633 3324 Verum,
3659 3273 3732 3314 ne

383 3346 535 3402 chos
569 3345 880 3417 scripserit,
918 3344 1195 3401 redditam
1229 3344 1526 3408 rationem,
1564 3342 1713 3399 serio
1749 3341 1905 3397 illum
1939 3340 2010 3398 ad

385 3436 872 3508 resipiscentiam,
901 3436 1216 3507 elapsaeque
1248 3450 1350 3506 per
1392 3431 1825 3505 imprudentiam
1858 3432 2013 3489 vocis

386 3526 742 3601 palinodiam
798 3525 1060 3581 hortatur
1102 3541 1116 3578 :
1170 3523 1322 3595 quod
1378 3522 1552 3579 altera
1600 3537 1730 3577 mox
1778 3520 2014 3592 epistola

386 3635 637 3693 prorsus
661 3617 975 3691 dogmatica
1002 3627 1061 3672 et
1099 3615 1426 3689 gravissima
1456 3614 1659 3669 iterum
1689 3613 2009 3669 inculcavit.

464 3731 564 3789 4-0.
590 3731 804 3789 Verum
835 3729 1071 3801 singulis
1104 3744 1219 3785 sua:
1256 3744 1288 3784 a
1324 3726 1583 3784 Nestorio
1617 3727 1849 3783 reddita:
1886 3734 2017 3783 sunt

388 3826 631 3892 litterae,
660 3831 916 3894 utraeque
944 3819 1264 3893 arrogantia
1285 3833 1502 3874 summa
1536 3832 1602 3872 ac
1621 3816 1786 3882 fastu,
1818 3831 1929 3887 quo
1957 3830 2017 3870 se

390 3930 577 3988 supra
632 3914 881 3986 reliquos
930 3911 1217 3968 antistites
1272 3909 1564 3976 eﬁ‘erebat,
1614 3907 1851 3963 refertae.
1900 3906 2018 3962 lmo

390 4008 562 4064 omni
587 4007 721 4064 dolo
761 4004 1033 4080 Cyrillum
1067 4017 1377 4076 aggressus,
1412 4001 1634 4073 collegit
1668 4000 2016 4066 eireuitores,

393 4103 687 4175 projectos
715 4098 787 4156 ad
825 4113 991 4155 omne
1022 4097 1182 4154 nefas
1214 4112 1281 4152 ac
1310 4095 1581 4168 ﬂagitium
1613 4094 1888 4161 homines,
1922 4091 2025 4165 qui

394 4198 468 4253 ad
502 4198 617 4252 hoc
635 4203 994 4268 vagarentur,
1026 4201 1086 4248 ut
1113 4192 1323 4264 ubique
1355 4191 1606 4247 locorum
1637 4191 1902 4247 adversus
1920 4189 2023 4262 Cy-

396 4291 597 4347 rillum
629 4289 839 4361 probra
881 4286 1338 4343 disseminarent.
1381 4302 1400 4336 ι
1431 4283 1721 4340 Jactabant
1749 4290 1957 4347 autem,
1998 4301 2018 4333 ι

398 4386 532 4457 ipso
554 4393 695 4440 teste
723 4381 932 4455 Cyrillo
955 4380 1189 4453 epistola
1211 4378 1373 4435 tertia
1391 4377 1461 4433 ad
1485 4376 1803 4435 Nestorium
1824 4382 1959 4431 tom.
1979 4375 2024 4440 l,

397 4496 533 4550 cap.
567 4476 655 4543 12,
688 4477 826 4532 edit.
869 4474 1107 4542 Peltani,
1149 4494 1168 4528 ι
1203 4489 1371 4530 voces
1409 4471 1623 4529 insania
1659 4471 1887 4542 plenas:
1937 4469 2031 4525 hic

398 4569 664 4643 quidem,
705 4568 857 4639 quod
891 4581 1069 4624 caecos
1119 4580 1437 4638 egenosque
1480 4579 1582 4635 per
1632 4561 1892 4633 injuriam
1926 4577 2030 4633 0p-

2115 3350 2325 3435 tcmere
2353 3373 2488 3446 quid
2510 3371 2705 3428 fecisse
2727 3367 3075 3427 viderentur,
3106 3359 3348 3431 primum
3376 3353 3441 3409 ad
3463 3350 3732 3424 Cyrillum

2116 3443 2410 3535 miserunt,
2444 3476 2507 3523 ut
2545 3465 2698 3521 illius
2734 3461 3066 3534 probaretur
3105 3452 3341 3527 judicio.
3384 3447 3601 3516 Quibus
3641 3443 3733 3535 ille

2116 3581 2332 3625 summa
2357 3558 2786 3619 mansuetudine
2809 3562 2867 3610 et
2907 3548 3077 3608 animi
3106 3542 3490 3603 moderatione
3533 3533 3736 3605 rescri-

2116 3644 2251 3731 psit,
2285 3662 2345 3711 ut
2367 3654 2608 3710 habetur
2631 3663 2754 3719 cap.
2781 3645 2867 3712 10,
2892 3641 3141 3716 ejusdem
3169 3635 3343 3694 tomil
3370 3653 3384 3689 :
3413 3651 3431 3684 ι
3459 3628 3735 3731 bibellum

2117 3718 2424 3820 supplicem
2444 3750 2632 3799 vestra
2654 3718 2825 3811 opera
2846 3736 2916 3792 ad
2939 3749 3028 3790 me
3061 3731 3318 3794 missum,
3338 3723 3496 3797 quasi
3524 3721 3573 3777 is
3594 3718 3736 3775 citra

2117 3812 2364 3899 nostram
2383 3834 2716 3895 sententiam
2741 3825 3065 3902 imperatori
3086 3820 3296 3896 porrigi
3314 3834 3424 3873 non
3448 3812 3730 3875 debuerit,

2121 3932 2310 4004 accepi
2342 3938 2398 3987 et
2419 3928 2526 4001 legi
2550 3945 2563 3981 :
2588 3939 2786 3982 verum
2812 3919 2959 3992 quod
2988 3915 3203 3989 prolixe
3226 3913 3284 3967 in
3304 3924 3434 3967 eum
3463 3907 3732 3967 incurrat,

2120 4027 2217 4100 qui
2250 4024 2417 4081 isthic
2436 4022 2552 4095 agit
2594 4019 2734 4095 (sive
2761 4014 2970 4079 fratris,
3004 4011 3120 4067 sive
3139 4007 3252 4063 alio
3278 4013 3614 4076 quocunque
3636 4012 3737 4052 no-

2122 4121 2273 4177 mine
2305 4094 2941 4186 censeatur),hactenus
2979 4100 3285 4175 suppressi,
3325 4113 3398 4153 ne
3439 4094 3735 4151 adversum

2122 4227 2229 4269 nos
2252 4211 2566 4281 insurgens,
2597 4220 2656 4261 se
2684 4219 2784 4275 per
2816 4216 2923 4256 nos
2951 4200 3226 4253 hazreseos
3252 4187 3400 4261 apud
3440 4187 3736 4256 imperato-

2130 4493 2535 4554 detreetcmus,
2562 4488 3008 4558 praesentemque
3055 4466 3515 4532 controversiam,
3545 4463 3593 4520 si
3618 4476 3738 4518 om-

2131 4586 2268 4642 nino
2320 4580 2624 4653 importuni
2668 4591 2791 4632 esse
2829 4567 3198 4645 perrexerint,
3244 4562 3310 4619 ad
3359 4557 3509 4616 aliud
3552 4555 3737 4612 forum

400 4664 775 4737 presserim,»
815 4663 1034 4734 inquit;
1068 4680 1086 4714 ι
1112 4660 1276 4727 alius,
1294 4654 1443 4731 quod
1462 4659 1673 4715 ferrum
1706 4657 1765 4713 in
1794 4663 2028 4712 matrem
2063 4684 2107 4744 υ
2135 4647 2553 4733 “aufem-mus.
2596 4672 2737 4729 Cum
2773 4670 2962 4739 itaque
2995 4662 3250 4720 “bellum
3285 4651 3651 4729 perlegeritis,
3689 4647 3739 4703 si

399 4757 772 4824 strinxerim;
807 4754 1086 4822 nonnulli,
1119 4752 1268 4825 quod
1300 4752 1514 4809 ancilla:
1542 4750 1800 4823 praesidio
1828 4764 2029 4805 aurum

400 4853 662 4909 alienum
714 4848 1075 4916 abstulerim';
1119 4845 1346 4918 quidam
1375 4844 1644 4916 denique,
1677 4841 1827 4914 quod
1874 4841 2030 4912 ejus-

401 4949 567 5006 modi
595 4945 981 5019 improbitatis
1022 4942 1343 5016 suspicione
1373 4937 1743 4997 laboraverim
1783 4951 2026 5007 semper,

399 5040 733 5113 cujusmodi
762 5055 833 5096 ne
868 5035 1260 5095 infestissimos
1286 5034 1513 5106 quidem
1560 5032 1751 5088 hostes
1776 5029 2031 5085 laborare

401 5130 697 5204 optaverit
723 5129 1020 5201 quispiam.
1047 5128 1255 5185 Verum
1288 5126 1446 5191 istos,
1474 5134 1532 5182 et
1562 5123 1608 5179 si
1633 5122 1729 5194 qui
1755 5122 1875 5193 ejus
1903 5120 2035 5175 fari-

316 5239 341 5253 '
404 5243 495 5282 me
539 5232 678 5281 sunt
710 5223 829 5290 alii,
856 5239 972 5279 non
1010 5222 1252 5277 multum
1284 5235 1496 5285 moror,
1532 5233 1605 5273 ne
1646 5232 1816 5289 supra
1859 5212 2033 5285 Magi-

403 5326 596 5374 strum
631 5324 691 5372 et
714 5315 1038 5381 Dominum,
1065 5312 1153 5368 vel
1182 5309 1350 5367 etiam
1381 5324 1550 5381 supra
1579 5309 1818 5379 majores
1853 5320 2030 5373 meos,

408 5409 714 5469 tenuitatis
743 5423 880 5464 mea:
906 5421 1227 5463 mensuram
1249 5402 1550 5461 extendere
1576 5401 1789 5457 videar.
1818 5419 1838 5452 ι

484 5502 582 5558 ιι.
619 5500 797 5570 Quam
821 5509 1009 5556 autem
1030 5511 1312 5571 propenso
1340 5494 1528 5552 studio
1548 5492 1880 5551 Christiana:
1904 5491 2036 5548 cha-

411 5596 626 5663 ritatis,
673 5593 918 5668 Cyrillus
953 5590 1197 5648 Nestorii
1236 5590 1472 5645 salutem
1508 5600 1724 5644 summa
1767 5585 2036 5658 patientia

413 5688 770 5764 procuravit,
813 5692 1051 5743 testatur
1074 5683 1311 5755 epistola
1341 5680 1590 5754 ejusdem
1626 5679 1697 5735 ad
1737 5678 2035 5750 quemdam

415 5778 668 5839 Nestorii
715 5784 1071 5841 sectatorem,
1107 5789 1229 5845 cap.
1270 5772 1324 5830 9.
1378 5791 1398 5825 ι
1438 5771 1524 5829 Me
1554 5771 1742 5844 igitur,
1777 5791 1797 5824 ι
1831 5772 2033 5844 inquit,

424 5896 442 5928 ε
477 5874 635 5930 nulla
664 5886 848 5942 neque
870 5867 1094 5942 injuria,
1117 5881 1300 5938 neque
1321 5865 1679 5931 contumelia,
1702 5881 1885 5938 neque
1905 5881 2037 5922 con-

421 5968 567 6025 vicia
599 5971 862 6033 movent;
888 5961 1106 6019 etiamsi
1138 5960 1563 6030 quamplurima,
1600 5966 1657 6016 ct
1697 5959 2033 6024 immerenti.

2133 4786 2243 4840 qua
2271 4768 2580 4825 necessitas
2624 4760 2965 4837 poposcerit,
3008 4755 3211 4814 tradite
3245 4770 3261 4806 :
3311 4758 3369 4806 et
3414 4748 3462 4804 si
3512 4760 3640 4802 eum
3682 4744 3742 4798 in

2132 4862 2286 4919 hisce
2308 4860 2526 4917 insidiis
2548 4863 3019 4930 perseverantem,
3050 4857 3108 4905 et
3131 4845 3272 4902 nihil
3305 4858 3417 4899 non
3446 4839 3739 4930 adversum

2133 4970 2235 5009 nos
2256 4952 2576 5008 molientem
2606 4940 3133 5006 animadverteritis,
3173 4934 3472 5006 diligenter
3502 4924 3743 5000 perscri-

2134 5045 2270 5102 bite.
2305 5044 2518 5117 Eligam
2566 5043 2718 5098 enim
2763 5038 2916 5094 viros
2966 5034 3089 5107 pios
3132 5046 3200 5087 ac
3246 5024 3572 5117 prudentes,

2134 5138 2443 5212 episcopos,
2474 5143 2591 5189 tum
2610 5131 2913 5188 monachos
2937 5139 3180 5198 quoque,
3210 5132 3352 5190 quos
3368 5112 3535 5212 etiam
3558 5106 3743 5212 primo

2134 5200 2355 5304 quoque
2383 5200 2634 5300 tempore
2666 5225 2736 5282 ad
2758 5239 2859 5281 vos
2894 5221 3135 5277 mittam.
3175 5212 3367 5282 Neque
3393 5204 3543 5264 enim
3562 5200 3742 5259 oculis

2134 5301 2295 5390 meis,
2331 5331 2393 5380 ut
2422 5323 2695 5397 scripturn
2728 5313 2999 5389 est(Psal.
3026 5322 3207 5373 cxxxr,
3228 5301 3448 5374 ὀξείῃ),
3481 5310 3740 5357 somnum

2136 5418 2302 5483 dabo,
2336 5430 2519 5487 neque
2560 5396 2841 5485 palpebris
2872 5405 3012 5461 meis
3048 5396 3525 5487 dormitatiouem,
3558 5402 3743 5487 neque

2136 5510 2387 5582 requiem
2428 5480 2783 5575 temporibus
2823 5496 2996 5560 meis,
3037 5492 3218 5548 donec
3262 5485 3566 5544 certamine
3609 5480 3740 5546 hoc,

2137 5575 2386 5657 om-nium
2414 5595 2611 5653 salutis
2631 5605 2817 5654 causa,
2841 5585 3167 5659 perfunctus
3196 5581 3375 5637 fuero.
3403 5575 3587 5644 Quare
3612 5584 3740 5627 cum

2137 5706 2317 5747 meam
2375 5701 2526 5742 nunc
2574 5682 2904 5740 sententiam
2952 5675 3301 5739 didieeritis,
3359 5670 3491 5729 viri.
3536 5675 3735 5726 estote.

2138 5779 2559 5853 Quamprimum
2607 5774 2759 5832 enim
2800 5773 3147 5846 parabuntur
3196 5785 3228 5826 a
3280 5785 3370 5826 me
3414 5768 3633 5832 litterae,
3681 5774 3739 5823 et

2138 5876 2331 5947 quales
2373 5877 2616 5943 oportet,
2661 5877 2719 5925 et
2765 5868 2833 5924 ad
2875 5883 3015 5939 quos
3053 5870 3322 5936 oportet:
3372 5858 3539 5916 statui
3585 5859 3737 5913 enim

2141 5944 2365 6029 propter
2386 5956 2593 6015 Christi
2622 5954 2786 6012 ﬁdem
2817 5952 3069 6022 quemvis
3084 5950 3331 6006 laborem
3352 5944 3560 6007 subire,
3583 5957 3735 6009 qua:-
