4172 6446
512 378 585 434 27

1865 384 1922 441 S.
1963 381 2242 442 CYRlLLl
2276 383 2460 441 VlTA.

3725 393 3797 463 28

510 496 1642 567 visquoqueperferretormenta,ctiamea
1672 503 2097 575 quaeintersup—
2126 508 2171 566 Α
2196 504 2413 559 ratione
2438 503 2604 559 ﬁdem
2624 504 2680 558 in
2707 512 2991 575 posterum
3020 507 3405 565 eo‘nfessurum
3428 526 3486 568 se
3505 512 3794 583 spondeat,

511 585 679 655 plicia
700 594 996 642 censentur
1023 589 1364 659 gravissima,
1401 590 1579 647 donec
1611 594 1828 649 tandem
1857 599 2097 650 mortem

507 676 613 732 hac
627 677 694 733 de
727 693 893 733 causa
918 688 1231 750 susceptam
1245 681 1384 737 mihi
1406 684 1707 756 jucundam
1731 687 2040 757 pertulere.
2068 705 2088 737 ι

609 827 792 900 §Vill.
832 830 969 886 Vim
998 832 1129 887 sedis
1152 834 1454 905 apostolica?
1480 836 1683 910 Cyrillo
1709 838 1980 911 delegata.

459 1004 478 1037 κ.
574 960 661 1013 45.
691 960 826 1015 Cum
865 962 1069 1019 frustra
1098 965 1339 1024 Nestorii
1365 972 1807 1030 emendationem
1834 986 2099 1037 tentasset

474 1030 478 1037 ’
502 1049 759 1121 Cyrinus,
785 1053 1169 1111 Possidonium
1199 1057 1402 1130 legavit
1425 1061 1687 1119 Ecclesiae
1711 1030 2097 1127 Alexandria;

506 1139 800 1197 diaconum
830 1145 899 1198 ad
930 1143 1289 1203 Calestinum
1318 1152 1658 1221 pontiﬁcem,
1688 1159 1782 1228 qui
1822 1160 1891 1215 de
1920 1164 2099 1218 omni-

500 1229 605 1285 bus
635 1247 762 1286 eum
801 1234 1011 1291 faceret
1052 1239 1367 1296 certiorem.
1409 1243 1612 1299 Verum
1656 1263 1727 1303 ne
1769 1249 1837 1304 ad
1871 1250 2098 1308 damna-

499 1321 706 1378 tionem
746 1325 986 1381 Nestorii
1025 1328 1283 1386 incitasse
1323 1332 1505 1403 ipsum
1537 1339 1860 1407 pontificem
1876 1342 2095 1401 videre-

496 1420 609 1479 tur,
643 1414 790 1471 istud
820 1418 974 1475 dedit
1004 1422 1329 1480 Possidonio
1355 1430 1671 1486 mandatum
1705 1451 1721 1486 :
1757 1453 1774 1485 ι
1810 1435 1868 1489 Si
1900 1437 2097 1493 Nesto-

495 1499 566 1553 rii
595 1501 828 1569 litteras,
868 1514 925 1561 et
951 1511 1357 1579 expositionum
1399 1516 1557 1574 illius
1588 1521 1809 1579 codices
1846 1526 2101 1583 redditos

494 1589 793 1653 Caelestino
837 1601 1197 1671 compereris,
1245 1614 1306 1661 tu
1351 1624 1573 1681 quoque
1607 1611 1690 1667 illi
1727 1630 1878 1671 meas
1922 1619 2092 1675 redde

493 1682 743 1754 litteras;
783 1688 869 1744 sin
906 1692 1109 1761 secius,
1141 1711 1254 1750 non
1277 1699 1493 1755 reddas.
1528 1721 1548 1753 ›
1593 1704 1951 1764 Ροεείιίοιιίιιε
1988 1726 2089 1766 au-

494 1783 628 1844 tem,
657 1793 784 1834 cum
811 1786 1177 1856 comperisset
1206 1797 1314 1844 tam
1345 1790 1606 1859 epistolas
1632 1812 1798 1866 quam
1831 1815 2092 1871 exegcses

2202 612 2366 667 quam
2390 608 2447 652 et
2472 598 2736 664 Bouiana,
2759 608 2818 654 et
2841 609 2946 656 tua:
2969 603 3275 660 sanctitatis
3305 605 3570 689 Ecclesia,
3595 618 3652 663 et
3679 611 3800 665 uni-

2200 704 2361 745 versa
2400 690 2665 762 deinceps
2710 693 2904 765 religio
2945 695 3258 752 Christiana
3305 699 3599 768 praedicat,
3648 702 3797 759 illico

2198 781 2461 836 sanctitas
2494 790 2588 837 tua
2620 782 2699 836 illi
2733 783 2994 841 Ecclesia:
3023 787 3342 858 prospiciat.
3377 789 3427 844 ls
3453 807 3587 846 vero
3618 795 3796 850 modis

2197 869 2459 928 omnibus
2494 888 2552 928 se
2575 889 2609 927 a
2633 884 2826 930 nostro
2852 892 3082 947 corpore
3107 889 3452 951 segregatum
3473 899 3594 938 esse
3628 884 3792 940 intel-

2196 961 2365 1033 ligat;
2400 972 2462 1019 ut
2496 966 2592 1036 qui
2615 982 2834 1023 onmem
2861 970 3200 1025 medentium
3227 988 3415 1027 curam
3443 986 3789 1046 aspernatus,

2196 1068 2298 1109 nec
2320 1070 2430 1109 non
2454 1056 2631 1112 instar
2658 1059 2909 1128 pestiferi
2940 1061 3121 1116 morbi
3150 1079 3245 1133 per
3270 1064 3587 1137 universum
3605 1069 3792 1125 Eccle-

2196 1146 2291 1201 sia:
2330 1163 2533 1219 corpus
2580 1149 2773 1205 insano
2819 1154 2983 1209 modo
3026 1164 3322 1226 grassatus,
3369 1168 3478 1212 tam
3524 1161 3786 1231 seipsum,

2194 1253 2359 1307 quam
2390 1249 2625 1297 caeteros
2653 1258 2851 1299 omnes
2869 1245 2976 1300 sibi
2997 1249 3321 1305 commissos
3340 1291 3357 1315 ,
3390 1252 3447 1305 in
3477 1262 3785 1311 extremum

2192 1331 2421 1385 exitium
2452 1334 2796 1405 praecipitare
2820 1338 3119 1394 studuerit.
3153 1360 3169 1392 ι
3200 1342 3329 1398 Haec
3358 1344 3689 1404 leestinus
3717 1350 3788 1406 ad

2190 1416 2493 1489 Cyrillum,
2536 1439 2659 1493 qua:
2702 1427 2905 1496 repetit
2943 1427 3000 1483 in
3053 1428 3299 1501 Epistola
3347 1433 3418 1487 ad
3459 1434 3786 1505 Nestorium,

2191 1524 2355 1579 quam
2391 1512 2465 1567 ita
2489 1516 2769 1572 concludit
2796 1536 2810 1571 :
2842 1539 2859 1571 ι
2891 1520 3079 1575 Nostri
3102 1522 3157 1577 in
3191 1532 3241 1579 te
3269 1525 3462 1596 iudicii
3495 1527 3785 1586 formulam

2191 1602 2260 1656 ad
2313 1603 2370 1659 S.
2424 1606 2690 1678 Cyrillum
2742 1613 3172 1680 transmisimus,
3229 1626 3289 1672 ut
3337 1628 3526 1674 noster
3571 1621 3675 1676 hac
3729 1624 3788 1679 in

2190 1706 2346 1762 parte
2397 1697 2641 1753 vicarius
2676 1699 2896 1768 eiliciat,
2938 1719 3052 1774 quo
3094 1715 3343 1762 nostrum
3393 1708 3679 1766 decretum
3729 1722 3791 1769 et

2191 1784 2294 1839 tibi
2340 1796 2400 1841 et
2449 1789 2679 1861 reliquis
2725 1809 2948 1864 quoque
2995 1798 3256 1854 omnibus
3303 1801 3572 1860 fratribus
3608 1815 3788 1897 .patc-

490 1866 646 1925 illius
669 1869 970 1931 leestino
993 1878 1165 1936 fuisse
1193 1884 1489 1953 exhibitas,
1514 1890 1832 1960 compulsus
1853 1866 2084 1965 estvipse
2120 1881 2158 1934 Β
2186 1873 2298 1939 ἤθε’
2339 1896 2358 1928 ’
2391 1887 2501 1935 ειε-

488 1976 712 2033 quoque
752 1981 895 2037 quas
926 1968 1140 2030 ferebat
1178 1978 1466 2045 exhibere,
1498 1988 1560 2035 ut
1606 1990 1844 2039 testatur
1888 1986 2083 2043 relatio

486 2051 635 2107 Petri
655 2056 958 2126 primicerii
979 2065 1343 2132 notariorum,
1364 2071 1670 2144 presbyteri
1695 2074 2078 2144 Alexandrini,

485 2142 695 2201 intexta
723 2150 942 2205 concilii
970 2152 1233 2223 Ephesini
1255 2166 1401 2214 torno
1422 2159 1487 2225 ll,
1520 2142 1575 2215 in
1597 2162 1843 2221 editione
1868 2142 2080 2223 Peltani

481 2238 678 2292 nostri.
720 2239 841 2310 Ipsa
885 2252 1068 2299 autem
1099 2248 1330 2317 epistola
1371 2250 1562 2322 Cyrilli
1602 2254 1671 2309 ad
1718 2255 2078 2315 Caelestinum

482 2328 720 2385 refertur
746 2340 895 2388 tomo
927 2334 970 2399 l,
1001 2351 1122 2407 cap.
1147 2338 1238 2404 '59,
1272 2341 1329 2394 in
1358 2356 1468 2411 qua
1497 2342 1652 2399 inter
1676 2346 1783 2401 aiia
1818 2347 1894 2404 ita
1932 2365 2077 2419 prae-

479 2420 661 2477 fatur:
705 2442 724 2475 ι
768 2425 1049 2484 Hactenus
1072 2429 1245 2485 altum
1285 2432 1429 2487 tacui
1462 2451 1477 2487 :
1520 2451 1700 2506 neque
1731 2438 1881 2494 enim
1910 2440 2076 2510 quid-

479 2529 643 2583 quam
666 2517 894 2572 omnino
923 2519 992 2573 de
1020 2520 1114 2576 illo
1146 2522 1242 2592 qui
1279 2522 1943 2599 Constantinopolitanam
1966 2532 2074 2588 Εε-

477 2605 702 2661 clesiam
730 2608 838 2664 hoc
866 2617 1113 2681 tempore
1145 2613 1514 2683 administrat,
1545 2627 1608 2674 ut
1643 2621 1713 2676 ad
1746 2624 2072 2694 religionem

479 2708 650 2767 tuam,
673 2703 760 2757 vel
784 2703 852 2758 ad
882 2705 1055 2759 ullum
1080 2705 1249 2762 alium
1269 2710 1723 2768 consaeerdotum
1753 2724 2072 2774 nostrorum

475 2791 707 2861 scripsi;
760 2809 873 2849 non
915 2795 1191 2867 ignorans,
1234 2802 1576 2873 prtecipitem
1625 2806 1964 2865 celeritatem
2013 2811 2072 2866 in

472 2883 741 2952 ejusmodi
791 2886 957 2942 rebus
995 2903 1120 2943 cum
1165 2891 1302 2947 vitio
1340 2893 1667 2966 plerumque
1720 2900 2071 2971 conjunctam

471 2990 594 3030 esse
624 2977 821 3032 solere.
855 2977 924 3034 At
949 2980 1078 3049 quia
1119 2996 1269 3037 nunc
1312 2983 1380 3038 ad
1423 2995 1729 3043 extremum
1772 3006 2067 3063 propemo-

471 3064 605 3121 dum
635 3066 903 3123 malorum
952 3070 1241 3128 devenisse
1292 3073 1566 3142 videmur,
1600 3092 1782 3148 operae
1824 3084 2066 3151 pretium

468 3154 800 3224 existimavi,
835 3168 998 3231 rupto
1030 3161 1274 3229 silentio,
1305 3164 1500 3221 ordine
1531 3168 1717 3223 omnia
1761 3187 1884 3242 quae
1915 3175 2064 3229 acci-

469 3246 673 3305 derunt
701 3265 999 3321 exponere.
1033 3272 1053 3305 ι
1694 3276 1699 3281 ·

537 3340 629 3395 44.
661 3339 1013 3409 Coelestinus,
1046 3346 1308 3416 perlectis
1333 3347 1523 3421 Cyrilli
1554 3360 1611 3407 et
1640 3353 1880 3411 Nestorii
1911 3356 2061 3413 litte-

468 3428 568 3494 ris,
591 3439 755 3500 atque
778 3432 903 3487 aliis
939 3434 1089 3490 ultro
1123 3436 1377 3508 citroque
1423 3440 1479 3495 in
1523 3451 1814 3515 utramque
1848 3456 2060 3516 partem

466 3522 707 3594 scriptis,
725 3526 969 3583 evocatis
990 3527 1219 3584 Romam
1237 3532 1510 3604 episcopis
1525 3537 1823 3593 concilium
1844 3539 2066 3608 habuit;

466 3616 523 3672 in
555 3634 685 3688 quo,
722 3621 969 3676 omnium
1005 3625 1297 3690 sententia,
1332 3635 1390 3681 et
1420 3629 1760 3707 blasphemia
1796 3634 2057 3702 Nestorii,

463 3708 654 3764 decem
714 3711 820 3781 ipsi
876 3713 947 3768 ad
1007 3716 1445 3787 resipiscendum
1507 3722 1708 3780 diebus
1757 3728 2061 3794 concessis,

462 3799 739 3866 damnata,
764 3810 821 3858 et
845 3803 995 3859 vices
1023 3805 1304 3863 Celestini
1333 3810 1389 3864 in
1415 3826 1579 3867 causa
1601 3813 1844 3869 Nestorii
1871 3832 2060 3886 prose-

460 3893 680 3962 quenda
717 3893 921 3965 Cyrillo
951 3896 1161 3968 legata},
1200 3900 1404 3958 litteris
1442 3904 1666 3973 utrique
1712 3905 1935 3976 scriptis
1999 3924 2055 3963 ιιι

462 3983 590 4039 ldus
637 3986 890 4056 Augusti,
945 3987 1258 4046 Theodosio
1303 4008 1397 4047 xm
1445 4001 1505 4049 ct
1565 3994 1945 4052 Valentiniano
1999 4016 2054 4055 ιιι

459 4077 597 4150 Aug.
624 4094 790 4146 coss,
815 4095 960 4137 anno
991 4080 1194 4140 Christi
1230 4083 1353 4140 450.
1401 4085 1463 4142 ln
1506 4085 1595 4142 his
1623 4085 1815 4160 Cyrilli
1845 4088 2055 4146 doctri-

458 4187 587 4226 nam
622 4174 865 4244 appellat
895 4176 1164 4245 pontifex,
1219 4196 1237 4230 ι
1276 4194 1520 4248 prmsens
1571 4180 1900 4257 remedium,
1946 4200 2057 4254 quo

457 4265 688 4335 pestifer
706 4266 797 4321 ille
820 4268 1067 4335 morbus,
1085 4269 1239 4324 velut
1262 4270 1491 4326 salutari
1518 4272 1755 4342 quodam
1782 4273 2051 4340 antidoto,

454 4357 657 4427 depelli
690 4358 898 4428 possit;
933 4359 1059 4430 puri
1096 4359 1263 4416 fontis
1302 4364 1716 4435 scaturigincm,
1752 4381 1853 4435 per
1887 4383 2053 4437 quam

455 4448 638 4504 omnis
680 4449 773 4504 illa
810 4448 915 4505 faex
956 4450 1097 4506 male
1128 4450 1407 4507 currentis
1439 4455 1601 4509 rivuli
1633 4457 1904 4524 aufertur,
1930 4475 2052 4515 om-

453 4554 665 4610 nesque
699 4540 767 4595 ad
801 4549 1011 4596 certam
1042 4558 1337 4614 veramque
1365 4542 1527 4599 ﬁdem
1567 4543 1967 4604 instituuntur:
2019 4570 2040 4604 ι
2077 4586 2125 4644 υ

453 4632 637 4702 ipsum
679 4634 942 4707 Cyrillum
986 4637 1237 4693 nominat
1275 4656 1295 4690 ‹
1342 4637 1546 4694 bonum
1600 4650 1899 4711 pastorem,
1948 4647 2043 4717 qui

450 4724 693 4779 animam
737 4741 893 4782 suam
928 4736 1096 4799 ponat
1132 4744 1234 4799 pro
1264 4728 1465 4786 ovibus
1502 4732 1653 4800 suis;
1683 4733 2044 4793 fortissimum

450 4815 510 4870 in
540 4815 647 4872 ﬁde
684 4818 955 4873 servanda
983 4819 1404 4891 antagonistam,
1431 4823 1526 4893 qui
1553 4825 1797 4880 omnium
1830 4843 2044 4885 sermo-

449 4921 584 4965 num
631 4906 872 4961 Nestorii
929 4908 1155 4963 technas
1202 4910 1423 4977 retexit,
1467 4912 1740 4987 ﬁdemque
1790 4918 1859 4974 ad
1915 4936 2044 4976 eum

449 4996 676 5053 modum
703 4999 1102 5063 corroboravit,
1138 5009 1201 5056 ut
1239 5002 1409 5058 corda
1453 5004 1510 5060 in
1550 5004 1830 5064 Christum
1870 5011 2044 5068 Deum

448 5098 702 5148 nostrum
728 5091 1012 5147 credentis
1059 5093 1117 5148 in
1160 5094 1387 5151 alteram
1431 5107 1648 5169 partem
1687 5102 1888 5159 abduci
1932 5120 2044 5161 non

438 5178 611 5236 facile
638 5187 885 5250 queant:
926 5199 945 5232 ι
995 5180 1231 5253 ideoque
1274 5186 1495 5242 tandem
1542 5189 1631 5246 his
1674 5193 1861 5249 verbis
1907 5210 2042 5250 eon-

447 5271 625 5327 cludit
651 5289 664 5325 :
697 5290 717 5322 ι
751 5270 1118 5339 Quamobrem
1146 5284 1346 5336 nostrae
1369 5280 1517 5337 sedis
1541 5284 1870 5359 auctoritate
1903 5286 2045 5341 asci-

436 5373 529 5428 ta,
555 5371 853 5435 nostraque
879 5364 1000 5422 vice
1023 5376 1079 5423 et
1103 5367 1225 5424 loco
1253 5385 1377 5425 cum
1397 5380 1670 5443 potestate
1704 5391 1857 5442 usus,
1891 5377 2043 5448 ejus-

448 5455 600 5511 modi
643 5471 757 5512 non
822 5457 1030 5530 absque
1068 5461 1340 5532 exquisita
1379 5465 1674 5522 severitate
1713 5466 2041 5523 sententiam

449 5548 801 5618 exsequeris:
836 5566 1055 5622 nempe,
1091 5560 1172 5618 ut,
1217 5552 1327 5609 nisi
1370 5554 1561 5611 decem
1608 5555 1827 5611 dierum
1868 5556 2043 5613 inter-

456 5639 600 5695 vallo
628 5640 698 5696 ab
729 5642 892 5715 hujus
917 5652 1120 5700 nostra:
1144 5642 1532 5702 admonitionis
1558 5647 1648 5702 die
1672 5649 2042 5703 numerando-

462 5746 613 5796 rum,
656 5732 921 5789 nefariam
964 5734 1272 5793 doctrinam
1325 5752 1479 5792 suam
1534 5738 1815 5809 conceptis
1857 5741 2044 5799 verbis

463 5821 909 5899 anathematizet,
936 5844 1167 5901 eamque
1198 5829 1266 5884 de
1292 5828 1495 5885 Christi
1535 5828 1626 5884 Dei
1670 5830 1842 5886 nostri
1873 5848 2043 5904 gene-

2254 1966 2341 2021 43.
2364 1965 2619 2039 Cyrinus,
2640 1975 2883 2045 acceptis
2907 1992 2939 2032 a
2957 1974 3256 2036 Celestino
3277 1983 3537 2052 pontifice
3556 1987 3780 2056 litteris,

2182 2057 2378 2114 scribit
2396 2060 2591 2116 Ioanni
2623 2063 2952 2135 Antiochiae,
2975 2070 3225 2129 Juvenali
3247 2074 3778 2151 Hierosolymorum,

2180 2160 2237 2205 et
2265 2151 2467 2210 Acacio
2496 2155 2705 2213 Bermm
2744 2160 3040 2233 episcopis,
3080 2180 3240 2235 quos,
3274 2177 3336 2223 ut
3379 2169 3446 2226 ad
3491 2172 3784 2231 vindican-

2180 2241 2305 2297 dam
2345 2244 2529 2302 lresam
2565 2249 2894 2308 catholicam
2934 2253 3094 2311 fidem
3135 2274 3289 2315 arma
3328 2275 3633 2334 capessant,
3679 2269 3785 2323 ad-

2179 2336 2454 2406 hortatur,
2478 2342 2702 2413 ipseque
2723 2346 2977 2417 cxemplo
2997 2363 3098 2403 suo
3122 2352 3302 2419 praeit,
3330 2355 3524 2411 accitis
3546 2357 3788 2414 Alexan-

2177 2428 2357 2483 driam
2405 2431 2603 2487 vicinis
2641 2434 2918 2505 episcopis
2941 2438 3210 2509 syn’odum
3250 2443 3415 2514 cogit,
3459 2457 3785 2519 quantoque

2179 2519 2235 2575 in
2280 2520 2603 2580 discrimine
2646 2536 2901 2583 versetur
2945 2530 3201 2587 universa
3252 2534 3519 2603 Ecclesia,
3565 2540 3785 2608 prolixe

2176 2614 2437 2670 ostendit.
2468 2614 2721 2688 Synodus
2750 2619 3090 2688 Nestorium,
3122 2623 3387 2683 discussis
3417 2630 3540 2701 ejus
3566 2633 3785 2702 cpisto-

2174 2703 2245 2759 lis
2277 2714 2336 2761 et
2365 2710 2721 2781 exegesibus,
2763 2712 3086 2770 luereticnm
3127 2720 3452 2788 pronuntiat
3485 2742 3498 2776 :
3538 2734 3787 2795 quatuor

2171 2794 2425 2853 decernit
2452 2800 2681 2872 legatos,
2708 2802 3150 2876 Theopemptum
3180 2806 3543 2879 Cabasorum,
3572 2814 3784 2874 Danie-

2171 2886 2279 2942 lem
2324 2888 2691 2947 Darnensium
2743 2893 3051 2968 episcopos,
3096 2898 3454 2957 Potamonem
3497 2914 3556 2960 et
3593 2906 3783 2966 Maca-

2171 2979 2315 3035 rium
2344 2981 2610 3041 Ecclesiae
2641 2984 3029 3044 Alexandrinae
3055 2991 3360 3059 ministros,
3388 2995 3483 3066 qui
3503 2996 3785 3059 Constan-

2170 3067 2454 3138 tinopolim
2474 3070 2799 3142 proficiscan
2808 3084 2897 3130 tur
2919 3077 3193 3135 reddituri
3209 3082 3472 3152 epistolas
3487 3086 3783 3150 Ctelestini

2166 3158 2272 3229 ipsi
2301 3159 2583 3230 Nestorio,
2622 3181 2752 3220 cum
2783 3166 3008 3225 decreto
3049 3170 3436 3242 damnationis,
3479 3178 3587 3235 nisi
3631 3181 3785 3240 intra

2089 3243 2132 3301 C
2166 3254 2549 3323 praescriptum
2602 3257 2796 3314 decem
2839 3260 3054 3317 dierum
3106 3266 3343 3336 spatium
3398 3270 3782 3341 resipiscerct.

2164 3342 2326 3401 Missa
2366 3346 2533 3417 igitur
2562 3348 2819 3405 Nestorio
2855 3352 3132 3423 synodalis
3174 3357 3430 3427 epistola,
3481 3376 3611 3430 quae
3648 3362 3784 3439 fidei

2163 3434 2485 3493 orthodoxae
2516 3437 2919 3494 confessionem
2943 3450 3000 3497 et
3026 3441 3317 3503 duodecim
3338 3463 3602 3507 errorum
3640 3434 3783 3510 ana-

2164 3524 2546 3583 thematismos
2576 3529 2917 3587 continebat.

2231 3618 2317 3673 46.
2346 3619 2660 3688 Nestorius,
2690 3633 2914 3695 accepta
2941 3629 3045 3683 hac
3067 3631 3301 3700 epistola
3337 3633 3607 3706 lectisque
3635 3655 3782 3697 ana-

2163 3707 2547 3777 thematismis,
2587 3712 2657 3767 in
2682 3713 2947 3787 Cyrillum
2999 3720 3200 3777 horum
3250 3733 3534 3783 auctorem
3578 3731 3777 3789 insur-

2160 3817 2313 3873 gens,
2348 3803 2620 3862 hmrcseos
2666 3807 2999 3880 Apollinaris
3036 3830 3163 3870 eum
3203 3820 3501 3887 accusavit,
3545 3831 3668 3880 tum
3713 3837 3778 3884 ut

2160 3890 2253 3945 alii
2290 3892 2433 3948 idem
2466 3904 2791 3965 prestarent
2822 3901 3026 3957 ell'ccit.
3064 3923 3082 3955 ι
3116 3903 3287 3977 Cujus
3327 3911 3613 3981 exemplar
3649 3917 3776 3987 epi—

2096 4004 2103 4009 λ
2159 3983 2333 4051 stolae,
2397 4006 2415 4038 ι
2472 3987 2655 4059 inquit
2703 3990 2998 4050 Liberatus
3051 3994 3108 4050 in
3157 3995 3440 4056 Breviario
3485 4003 3558 4060 de
3601 3983 3777 4066 causa

2157 4076 2500 4147 Nestoriana,
2537 4097 2658 4153 cap.
2698 4083 2752 4148 4,
2787 4104 2806 4135 ‹
2850 4087 3179 4154 perveniens
3224 4089 3292 4146 ad
3342 4092 3617 4154 Joannem
3653 4099 3775 4158 An-

2158 4167 2496 4238 tiochenum,
2536 4171 2781 4228 offensus
2818 4183 2904 4230 est
2950 4175 3007 4231 in
3054 4177 3191 4248 ipsis
3232 4180 3422 4254 Cyrilli
3464 4190 3771 4262 capitulis;

2155 4258 2370 4328 putavit
2388 4263 2536 4317 enim
2561 4279 2711 4330 eum,
2744 4263 2875 4320 dum
2910 4266 3269 4328 immoderate
3297 4258 3626 4335 occurreret
3653 4258 3771 4338 Ne;

2156 4353 2347 4420 storio,
2402 4355 2460 4409 in
2504 4365 2709 4411 sectam
2755 4358 3091 4430 Apollinaris
3145 4362 3774 4431 incidisse..Mandavit

2152 4459 2284 4516 ergo
2311 4445 2545 4503 Andreae
2586 4457 2643 4504 et
2687 4450 3026 4506 Theodorito
3063 4453 3337 4527 episcopis
3377 4463 3607 4518 concilii
3656 4468 3770 4535 sui,

2157 4544 2219 4590 ut
2260 4538 2467 4609 scripto
2499 4541 2898 4612 responderent
2943 4553 3135 4601 contra
3176 4546 3292 4618 ipsa
3327 4549 3630 4613 duodecim
3674 4576 3772 4616 ca-

2152 4626 2327 4697 pitula
2358 4636 2617 4699 tanquam
2648 4629 2986 4700 Apollinaris
3013 4633 3211 4707 dogma
3234 4638 3629 4704 instaurantis.
3658 4651 3771 4708 Co-

2145 4734 2414 4789 gnoscens
2444 4718 2628 4789 itaque
2659 4719 2948 4778 Nestorius
3010 4726 3156 4795 quod
3185 4727 3424 4801 Cyrinus
3455 4750 3569 4793 non
3606 4752 3771 4810 pate-

2147 4818 2304 4864 retur
2357 4809 2659 4865 Ecclesiam
2710 4811 2791 4867 sic
2834 4828 2958 4869 esse
3009 4816 3065 4871 in
3116 4809 3665 4899 perturbationibus,
3714 4845 3771 4891 et

2144 4900 2381 4972 populos
2407 4900 2463 4954 in
2497 4903 2778 4971 seandalo,
2812 4906 3090 4979 subripuit
3112 4911 3204 4980 pio
3237 4913 3477 4986 principi
3506 4919 3773 4980 Theodo-

2145 4995 2249 5062 sio,
2277 5005 2339 5051 ut
2367 4997 2590 5053 Sacram
2627 4999 2696 5054 ad
2720 5017 2847 5056 eum
2880 5002 3161 5077 dirigeret,
3197 5016 3253 5062 et
3286 5024 3316 5063 a
3342 5024 3601 5091 sua‘eum
3637 5035 3772 5089 per-

2145 5088 2428 5143 secutione
2455 5101 2851 5161 compesceret.
2896 5093 2966 5149 Et
3004 5096 3231 5169 scripsit
3267 5088 3499 5169 quidem
3533 5108 3605 5163 ad
3636 5088 3771 5165 eum

2146 5175 2369 5233 Sacram
2406 5178 2722 5251 imperator,
2751 5199 2987 5255 arguens
3011 5200 3137 5242 eum
3162 5195 3416 5260 tanquam
3443 5194 3768 5268 inquietum

2142 5276 2201 5324 et
2230 5269 2489 5326 scandala
2520 5281 2846 5342 sectantem,
2878 5278 2974 5348 qui
3012 5279 3131 5335 sine
3170 5284 3455 5341 consortio
3491 5293 3764 5351 sacerdo-

2148 5368 2263 5416 tum
2295 5370 2482 5434 ageret
2504 5371 2670 5435 atque
2703 5367 2994 5424 scriberet.

2211 5474 2241 5548 ᾗ
2266 5474 2360 5532 IX.
2390 5474 2685 5535 Concilium
2719 5480 3070 5555 Ephesium.
3101 5485 3329 5544 Heresis
3353 5485 3690 5555 Nestoriana

2799 5552 3079 5610 damnata.

2212 5660 2300 5715 47.
2333 5660 2679 5722 Theodosius
2703 5665 3024 5737 imperator,
3051 5685 3118 5725 eo
3154 5686 3270 5725 rem
3300 5672 3637 5742 perductam
3671 5698 3764 5738 ra-

2145 5754 2234 5803 tus
2288 5758 2349 5804 ut
2378 5765 2518 5822 opus
2551 5761 2701 5808 esset
2720 5754 3017 5813 universali
3047 5759 3300 5827 concilio,
3340 5760 3581 5823 Romam
3605 5770 3763 5830 misit

2147 5837 2203 5893 S.
2233 5838 2553 5899 Petronium
2580 5844 2793 5916 (postea
2824 5857 3071 5907 creatum
3100 5852 3510 5915 Bononiensem
3538 5861 3762 5934 episco-
