4172 6464
341 376 416 437 29
956 472 966 481 .
1735 387 1793 443 S.
1835 386 2114 444 CYRILLI
2157 385 2339 443 VITA.
3617 391 3689 447 50

338 514 502 569 pum,
540 498 609 554 dc
646 514 760 569 quo
801 516 855 557 ιγ
898 499 1164 556 Octobris
1205 500 1458 574 agemus)
1498 501 1567 557 ad
1615 502 1977 559 Caelestinum
2007 507 2052 564 Α
2081 517 2194 556 non
2228 500 2459 557 concedi
2498 499 2672 561 soleat
2700 499 2770 557 iis
2797 501 3281 572 quibuscrcditur
3312 502 3521 560 vicaria
3549 521 3692 579 pne-

341 606 572 662 papam,
609 602 674 648 ut
709 592 920 664 Ephesi
951 595 1075 665 ejus
1105 593 1435 650 auctoritate
1466 594 1765 650 concilium
1799 596 1973 651 habe-

340 691 528 749 retur,
561 685 805 741 maxime
833 685 987 757 quod
1026 702 1139 741 non
1183 685 1476 742 Nestorius
1515 695 1751 755 tantum,
1791 688 1887 743 sed
1917 697 1975 744 et

337 775 589 848 Cyrillus
622 778 901 834 haereseos
940 786 1319 834 accusaretur.
1363 797 1381 830 t
1419 778 1553 834 Post
1590 779 1708 834 haec
1751 780 1974 851 scripsit

351 869 588 925 Sacram
619 869 691 924 ad
716 870 1013 926 universos
1041 870 1355 943 episcopos,
1370 880 1434 926 ut
1459 871 1739 942 Ephesum
1764 888 1972 928 conve-

339 962 557 1029 nirent,
604 973 663 1019 et
709 963 1034 1020 conformat
1079 964 1150 1021 de
1192 964 1436 1020 Nestorii
1478 964 1661 1031 libris,
1681 973 1739 1020 et
1776 965 1971 1038 Cyrilli

336 1054 622 1126 judicium
655 1056 1061 1127 expenderent.
1105 1072 1124 1108 ι
1159 1056 1239 1111 Ita
1272 1056 1572 1113 Liberatus
1603 1073 1725 1129 cap.
1755 1057 1808 1112 5.
1838 1056 1972 1124 Quae

342 1156 496 1219 gesta
535 1148 627 1203 hic
656 1158 810 1215 sunt,
847 1148 1113 1204 universa
1157 1148 1409 1220 proferre
1448 1150 1672 1204 animus
1707 1164 1820 1205 non
1862 1157 1967 1205 est.

342 1240 469 1310 ipsa
516 1240 745 1297 concilii
779 1241 918 1296 Acta
962 1240 1167 1313 passim
1209 1250 1449 1308 exstant,
1489 1226 1668 1313 eaque
1706 1242 1971 1314 praclare

341 1331 602 1386 discussa
635 1347 669 1385 a
699 1331 945 1387 Baronio
973 1331 1045 1387 ad
1076 1332 1227 1389 hunc
1256 1348 1465 1388 annum
1508 1332 1635 1399 £51,
1670 1331 1768 1403 qui
1810 1348 1967 1387 num.

338 1422 413 1477 37
443 1422 515 1478 de
543 1423 827 1494 episcopis
862 1424 933 1479 ad
973 1426 1247 1497 synodum
1278 1424 1634 1482 venientibus
1663 1442 1851 1499 agens,
1892 1427 1969 1483 ita

334 1513 618 1587 Cyrillum
642 1516 833 1571 laudat
863 1530 877 1570 :
917 1536 938 1569 ι
974 1517 1126 1574 Inter
1149 1532 1348 1577 omnes
1369 1518 1612 1593 Cyrillus
1630 1520 1825 1593 prima:
1845 1529 1970 1593 post

339 1606 658 1663 Romanam
689 1609 1057 1682 praerogativa
1088 1606 1260 1679 sedis,
1292 1620 1354 1668 et
1390 1610 1568 1685 ipsius
1602 1613 1796 1685 prima:
1818 1614 1970 1672 sedis

335 1698 558 1755 vicaria
591 1701 948 1772 praefectura,
984 1702 1232 1774 reliquos
1251 1718 1452 1761 omnes
1475 1706 1770 1778 episcopos
1806 1714 1965 1762 ante-

335 1793 575 1859 cellens,
607 1792 834 1861 enltuit,
860 1802 1029 1867 atque
1067 1796 1246 1868 magis
1273 1794 1560 1870 magisque
1592 1814 1720 1854 cum
1744 1814 1965 1856 morum

2077 593 2294 649 tectura
2335 594 2423 650 vel
2476 593 2680 665 legatio
2723 610 2757 649 a
2804 595 3013 663 latere,
3060 604 3121 653 et
3167 605 3334 668 negat
3377 599 3691 669 exemplum

2079 686 2249 758 (quod
2280 686 2508 757 quidem
2542 686 2661 758 ipse
2684 686 2858 759 norit)
2878 698 3098 745 exstare
3130 690 3424 761 potestatis
3449 692 3693 761 ejusmo-

2075 777 2129 834 di
2162 778 2232 834 a‘d
2267 786 2522 850 posteros
2550 789 2887 851 propagatae,
2920 798 3033 837 non
3063 782 3378 853 insignibus
3409 782 3566 848 solis,
3594 783 3692 839 sed

2074 872 2425 928 auctoritatis
2455 888 2678 943 quoque
2714 875 3093 945 usurpatione.
3141 875 3401 948 Episcopi
3447 875 3693 933 Orientis

2073 965 2302 1021 Mennas
2330 964 3003 1037 Constantinopolitanus,
3049 967 3380 1023 Theodorus
3424 968 3691 1025 Cmsareze

2071 1056 2457 1129 Cappadociae,
2496 1056 2751 1113 Andreas
2783 1055 3120 1127 Ephesinus,
3150 1058 3357 1135 aliique
3385 1061 3688 1131 quamplu-

2072 1149 2199 1204 rimi
2240 1149 2295 1205 in
2327 1149 2675 1221 professione
2702 1149 2883 1221 prima
2914 1149 3041 1205 ﬁdei
3067 1166 3232 1220 quam
3265 1151 3332 1207 ad
3374 1151 3432 1207 S.
3465 1152 3689 1223 Euphe-

2071 1242 2198 1299 mite
2251 1243 2521 1314 templum
2578 1242 3062 1314 Constantinopoli
3117 1242 3175 1298 in
3234 1245 3428 1315 quinta
3476 1244 3688 1316 synodo

2070 1336 2435 1403 mcumenica,
2501 1351 2593 1391 an.
2632 1335 2942 1401 Chr.‘555,
2971 1334 3246 1401 fecerunt,
3310 1354 3329 1386 ι
3378 1336 3687 1408 suscipiunt

2069 1435 2310 1499 quatuor
2352 1437 2574 1484 sanctas
2605 1427 2866 1501 synodos,
2897 1434 2956 1483 et
2997 1427 3144 1483 inter
3185 1426 3307 1482 illas
3348 1427 3685 1498 Ephesinam

2069 1522 2307 1593 primam
2351 1521 2759 1586 ducentorum,
2790 1519 2849 1575 in
2887 1536 2998 1592 qua
3034 1520 3093 1576 in
3130 1519 3328 1592 legatis
3368 1519 3486 1575 suis
3521 1530 3687 1593 atque

2068 1615 2313 1681 vicariis,
2346 1615 2403 1672 id
2426 1624 2532 1682 est,
2561 1614 2887 1671 beatissimo
2917 1615 3130 1688 Cyrillo
3154 1614 3548 1671 Alexandrina:
3586 1631 3685 1670 ur—

2068 1708 2156 1765 bis
2183 1708 2467 1780 episcopo,
2501 1707 2745 1765 Arcadio
2779 1717 2839 1764 et
2879 1709 3136 1781 Projecto
3166 1706 3446 1779 episcopis
3467 1715 3524 1764 et
3549 1707 3684 1764 Phi-

2066 1801 2218 1873 lippo
2246 1801 2605 1874 presbytero,
2650 1800 3013 1859 beatissimus
3051 1800 3390 1859 leestiuus
3417 1816 3560 1873 papa
3592 1815 3683 1857 se-

332 1887 568 1959 egregia
620 1889 939 1955 sanctitate,
991 1897 1110 1945 tum
1150 1890 1354 1946 eximia
1402 1890 1718 1948 divinarum
1769 1909 1960 1950 rerum
1996 1876 2038 1932 3
2064 1895 2240 1951 nioris
2268 1895 2721 1951 Romaenoscitur
2749 1895 3127 1967 praesedisse.»

331 1978 579 2034 scientia
600 1980 823 2035 claruit.
853 2000 873 2032 ι
897 1979 1066 2036 Certe
1084 1996 1317 2054 magnus
1333 1981 1689 2057 Euthymius,
1704 1994 1768 2042 ut
1788 1986 1845 2041 in
1861 1986 1958 2042 Vi-

335 2082 392 2129 ta
424 2072 553 2145 ejus
580 2072 787 2145 legitur
813 2089 887 2128 xx
910 2073 1183 2141 Januarii,
1212 2091 1368 2132 num.
1402 2077 1494 2144 55,
1531 2095 1550 2129 ι
1579 2092 1707 2134 cum
1731 2078 1801 2135 ad
1825 2094 1960 2153 syn-

332 2165 511 2220 odum
544 2180 770 2237 quoque
789 2168 1120 2222 conventuri
1141 2178 1331 2225 essent
1358 2170 1606 2242 episcopi
1632 2172 1959 2239 Palaestinae,

329 2255 497 2325 jubet
552 2256 725 2314 Petro
770 2259 1038 2331 episcopo
1083 2259 1512 2330 Saracenorum,
1555 2271 1617 2320 ut
1666 2264 1964 2322 accederet

331 2346 547 2422 Cyrillo
591 2350 945 2408 Alexandriae
989 2360 1047 2408 et
1085 2352 1289 2411 Acacio
1327 2355 1617 2414 Melitenes
1661 2359 1958 2432 episcopis,

328 2453 398 2498 ut
444 2458 577 2515 qua:
620 2445 706 2501 eis
752 2444 1107 2512 viderentur,
1152 2463 1212 2503 se
1263 2464 1488 2521 quoque
1537 2450 1650 2507 illis
1701 2452 1960 2508 assentiri

328 2535 730 2607 proﬁteretur;
754 2557 773 2590 ι
797 2554 951 2605 nam,
967 2550 1033 2595 ut
1056 2555 1213 2595 num.
1238 2540 1308 2597 54
1330 2541 1562 2609 dicitur,
1588 2562 1609 2595 ι
1626 2552 1962 2617 exposuerat

326 2628 383 2682 ei
420 2625 709 2700 Synodius
735 2628 804 2685 de
835 2628 1047 2702 Cyrillo
1074 2630 1451 2690 Alexandrino
1479 2643 1540 2690 et
1566 2634 1770 2692 Acacio
1802 2634 1961 2692 Meli-

329 2725 541 2785 tenteo,
563 2722 1037 2791 quemadmodum
1060 2738 1251 2781 acrem
1279 2733 1338 2783 et
1365 2727 1755 2786 vehementem
1779 2730 1960 2786 zelum

330 2816 710 2875 ostenderent
744 2833 848 2891 pro
882 2817 993 2877 ﬁde
1026 2820 1358 2879 orthodoxa.
1397 2838 1418 2875 ι

404 2929 501 2986 48.
553 2928 699 2989 Suas
744 2928 957 3006 Cyrillo
1004 2932 1160 2991 vices
1209 2932 1551 2991 concessisse
1597 2932 1960 2993 Caelestinum

331 3023 511 3079 misso
536 3023 802 3097 phrygio,
842 3042 944 3083 seu
988 3026 1174 3095 mitra,
1214 3028 1427 3085 indicat
1469 3028 1798 3086 Theodorus
1832 3030 1958 3087 Bal-

328 3134 531 3174 samon
551 3118 612 3174 in
641 3118 1024 3179 Nomocanone
1055 3119 1260 3188 Photii,
1293 3120 1455 3177 titulo
1473 3120 1526 3189 8,
1549 3138 1673 3195 cap.
1708 3123 1735 3178 l
1760 3142 1774 3178 :
1807 3143 1825 3176 ι
1847 3124 1962 3179 Hu-

2139 2007 2230 2063 49.
2265 2006 2600 2065 Convolarat
2647 2007 2930 2079 Ephesum
2980 2008 3167 2065 statim
3215 2015 3344 2079 post
3387 2005 3685 2062 Paschales

2065 2099 2233 2157 ferias
2261 2099 2573 2166 Nestorius,
2597 2115 2795 2172 magna
2837 2101 3026 2173 populi
3067 2100 3306 2171 stipatus
3345 2098 3680 2169 frequentia.

2066 2190 2261 2250 Adfuit
2284 2201 2342 2249 et
2372 2190 2615 2265 Cyrillus
2647 2192 2802 2249 cultu
2844 2199 2903 2248 et
2947 2198 3215 2264 apparatu
3246 2188 3533 2262 pontificio
3574 2189 3681 2244 sub

2067 2286 2425 2343 Pentecostes
2466 2284 2875 2341 solemnitatem
2915 2324 2930 2350 ,
2975 2290 3104 2355 post
3139 2298 3306 2354 quam
3350 2290 3555 2352 quarto
3586 2280 3681 2336 dic

2066 2379 2293 2437 advenit
2320 2378 2605 2436 Juvenalis
2624 2378 3135 2450 Hierosolymorum
3180 2375 3500 2447 episcopus.
3528 2374 3679 2432 Con-

2065 2481 2342 2533 venerunt
2376 2472 2620 2543 denique
2654 2487 2785 2528 cum
2830 2471 2919 2527 his
2958 2470 3187 2526 ducenti
3234 2478 3390 2525 eteo
3433 2468 3681 2539 amplius

2064 2568 2335 2641 episcopi.
2362 2565 2557 2623 Solum
2574 2563 3008 2636 exspectabatur
3035 2561 3276 2619 Joannes
3296 2559 3680 2615 Antiocbonus

2065 2681 2194 2722 cum
2224 2661 2507 2736 episcopis
2529 2658 2723 2732 Syria,
2756 2656 2879 2730 qui,
2912 2664 2977 2713 ut
3011 2654 3274 2713 Nestorio
3325 2668 3540 2709 morem
3587 2668 3682 2724 ge-

2065 2764 2238 2824 reret,
2268 2756 2564 2828 plusquam
2593 2749 2972 2809 hebdomadas
2996 2748 3137 2805 duas
3170 2748 3318 2803 ultra
3359 2744 3678 2803 condictum

1949 2856 1954 2861 ’
2064 2850 2215 2907 diem
2257 2854 2526 2913 moratus,
2562 2844 2788 2901 tandem
2817 2843 3080 2900 Patribus
3111 2840 3380 2898 indicavit
3405 2855 3507 2910 per
3537 2837 3680 2893 duos

2064 2943 2525 3015 metropolitanos
2571 2953 2725 3005 suos,
2778 2952 2891 2995 non
2933 2951 3059 2993 esse
3098 2933 3373 3008 synodum
3407 2930 3676 2987 diﬁ‘eren-

2064 3034 2212 3090 dam.
2242 3034 2437 3105 Magno
2464 3045 2601 3103 ergo
2637 3030 3030 3101 episcoporum
3058 3040 3332 3082 consensu
3386 3022 3676 3078 decretum

2062 3135 2151 3184 est
2187 3126 2459 3199 synodum
2490 3124 2740 3180 inchoari
2769 3127 3049 3193 oportere.
3075 3118 3320 3176 Collecta
3354 3131 3421 3173 ea
3443 3122 3530 3171 est
3562 3131 3674 3169 xxu

318 3208 425 3282 jus
471 3227 702 3283 quoque
743 3210 1016 3283 temporis
1052 3212 1370 3284 patriarcha
1409 3212 1847 3280 Alexandrinus,
1887 3230 1956 3270 ex
1981 3253 2025 3312 ϐ
2061 3219 2213 3276 Junii
2236 3219 2291 3273 in
2318 3216 2556 3274 ecclesia
2575 3214 2938 3272 sanctissima:
2972 3213 3071 3269 Dei
3090 3210 3429 3268 Genitricis:
3460 3223 3670 3279 prtese-

328 3304 599 3376 praesenti
629 3302 818 3361 edicto
837 3302 935 3378 jus
969 3304 1139 3365 habet
1159 3315 1222 3362 ut
1259 3322 1388 3362 cum
1415 3305 1649 3379 phrygio
1679 3306 1949 3363 celebret.

324 3394 549 3451 Habuit
582 3405 773 3453 autem
805 3396 951 3454 hanc
979 3394 1300 3454 facultatem
1339 3396 1397 3454 S.
1438 3396 1678 3470 Cyrillus
1713 3396 1952 3454 Alexan-

326 3489 537 3545 drinus
554 3505 587 3545 a
610 3482 866 3547 Romano
882 3507 1028 3563 papa
1047 3488 1370 3558 Caelestino,
1401 3491 1625 3563 quando
1643 3490 1751 3547 fuit
1772 3491 1956 3563 Ephe-

323 3582 457 3638 sina
485 3584 735 3656 synodus
762 3578 1032 3641 adversus
1060 3580 1403 3641 Nestorium.
1435 3583 1575 3642 Cum
1606 3601 1721 3641 non
1766 3593 1956 3656 posset

322 3674 677 3733 leestinus
716 3676 914 3734 adesse
953 3677 1182 3749 Ephesi,
1222 3685 1286 3735 et
1314 3677 1568 3751 judicare
1607 3677 1950 3744 Nestorium,

323 3768 517 3824 visum
555 3776 643 3824 est
676 3779 741 3825 ut
768 3766 826 3825 S.
861 3767 1068 3844 Cyrillo
1116 3785 1148 3826 a
1184 3768 1486 3827 Caelestino
1534 3770 1954 3842 permitteretur

318 3860 467 3917 huic
518 3846 736 3933 synodo
779 3863 1105 3933 praesidere.
1143 3861 1218 3921 Ut
1261 3861 1451 3934 itaque
1492 3876 1626 3918 eum
1669 3869 1954 3918 constaret

320 3953 547 4010 habere
566 3954 664 4026 jus
687 3963 745 4010 et
769 3955 1162 4012 auctoritatem
1186 3970 1365 4027 papae,
1389 3953 1681 4011 seditcum
1706 3953 1945 4027 phrygio

321 4056 384 4104 et
403 4046 804 4104 condemnavit
827 4046 1166 4105 NeStorium.
1185 4048 1270 4105 Ab
1295 4062 1364 4104 eo
1376 4062 1509 4120 ergo
1539 4056 1792 4120 tempore
1818 4060 1949 4104 cum

322 4140 537 4197 eodem
570 4141 808 4214 phrygio
839 4140 1157 4198 sacriﬁcant
1182 4148 1241 4199 et
1269 4140 1584 4214 procedunt
1613 4142 1952 4214 patriarchas

321 4232 724 4301 Alexandrini,
757 4241 815 4290 et
857 4248 972 4292 non
1012 4243 1282 4291 verentur
1320 4233 1676 4306 reprehendi.
1723 4254 1742 4288 ι
1775 4233 1949 4291 Baro-

322 4329 462 4385 nius
479 4344 576 4384 an.
603 4326 741 4384 Chr.
776 4327 902 4396 430,
933 4342 993 4384 n.
1032 4326 1125 4394 26,
1157 4343 1262 4401 per
1290 4328 1585 4401 phrygium
1612 4327 1948 4400 interpreta-

320 4433 424 4480 tur
461 4422 719 4496 pallium.
770 4420 1105 4479 Tbcodorus
1142 4420 1321 4495 λῶρον
1367 4421 1627 4495 scripsit,
1668 4437 1778 4494 qua
1811 4432 1949 4478 voce

319 4518 561 4573 mitram
600 4515 791 4589 potius
819 4514 1124 4589 signiﬁcari
1153 4514 1318 4572 docet
1342 4512 1677 4587 Spondanus
1699 4513 1770 4570 ad
1795 4514 1950 4572 hunc

2055 3312 2141 3368 dit
2162 3311 2400 3384 Cyrillus
2428 3308 2714 3366 leesﬁui
2748 3321 2907 3379 papas
2945 3303 3191 3362 vicarius
3220 3321 3235 3358 :
3283 3301 3666 3359 interfuerunt

2053 3405 2296 3476 episcopi
2323 3404 2616 3475 plusquam
2637 3399 2886 3458 ducenti.
2912 3399 3180 3456 Perlecue
3200 3394 3559 3468 imperatoris
3582 3395 3674 3450 lit-

2049 3507 2224 3563 terae,
2267 3497 2478 3569 quibus
2523 3496 2823 3568 episcopos
2880 3492 2953 3549 ad
2998 3491 3273 3565 synodum
3322 3498 3672 3547 evocaverat.

2049 3591 2345 3648 Nestorius
2368 3590 2532 3648 tertio
2553 3591 2779 3656 citatus,
2806 3587 3005 3645 abnuit
3029 3586 3256 3659 prodire
3283 3604 3297 3641 :
3321 3602 3390 3643 eo
3418 3586 3674 3657 neglecto

2048 3685 2167 3742 itur
2196 3686 2266 3742 ad
2307 3685 2630 3760 synodicam
2665 3681 3125 3756 dijudicationem
3157 3698 3173 3735 :
3218 3679 3531 3737 recitantur
3565 3694 3669 3750 pn-

2048 3779 2198 3835 blice
2231 3778 2471 3836 Nicena:
2508 3776 2640 3832 ﬁdei
2668 3775 3006 3849 symbolum,
3046 3772 3365 3839 conciones,
3395 3770 3669 3842 epistolae,

2044 3871 2225 3928 libelli
2256 3886 2321 3927 ac
2364 3878 2634 3926 tractatus
2662 3868 2909 3945 lflestorii
2935 3884 2949 3922 :
2994 3875 3166 3923 testes
3202 3863 3273 3920 de
3303 3861 3670 3935 blasphemiis

2046 3960 2121 4018 ab
2160 3976 2230 4019 eo
2274 3962 2331 4018 in
2372 3958 2661 4018 Christum
2698 3975 2766 4015 ac
2796 3958 3093 4030 Deiparam
3129 3955 3413 4027 Virginem
3444 3953 3668 4027 jactatis

2044 4055 2437 4126 producuntur
2466 4070 2484 4108 :
2516 4051 2708 4126 Cyrilli
2736 4050 2806 4107 ad
2842 4049 3187 4115 Nestorium,
3214 4057 3276 4105 et
3298 4047 3477 4120 hujus,
3501 4044 3572 4101 ad
3601 4045 3669 4101 il-

2042 4146 2164 4203 ium
2185 4145 2387 4200 litterae
2413 4143 2698 4214 leguntur.

2119 4232 2208 4292 50.
2242 4234 2461 4303 Quibus
2483 4231 2750 4288 omnibus
2778 4227 3103 4301 graviteret
3126 4232 3390 4283 accurate
3424 4239 3665 4296 perpen-

2048 4328 2146 4394 sis,
2176 4327 2245 4382 ab
2272 4324 2600 4397 episcopatu
2634 4321 3104 4391 sacerdotumque
3143 4316 3427 4375 consortio
3465 4316 3669 4404 Nesto-

2048 4419 2169 4476 rius
2184 4416 2466 4491 dejicitur,
2483 4412 2934 4472 constantissima
2958 4411 3130 4469 totius
3147 4410 3343 4484 synodi
3366 4407 3666 4475 sententia,

2044 4516 2689 4590 Cyrillicaaterorumque
2704 4511 2957 4569 omnium
2993 4509 3405 4582 episcoporum
3426 4507 3661 4564 subscri-

317 4624 566 4674 annum,
605 4606 936 4678 interposita
964 4605 1127 4663 docta
1155 4606 1374 4680 phrygii
1410 4605 1795 4679 explicatione.
1841 4605 1942 4663 lsi-
1977 4622 2021 4680 υ
2047 4610 2240 4683 ptibne
2266 4608 2503 4665 munita.
2533 4606 2612 4663 Ea
2637 4605 2717 4663 ita
2739 4604 2984 4662 refertur
3010 4611 3058 4660 t.
3080 4602 3150 4670 ll,
3175 4616 3300 4674 cap.
3336 4600 3436 4657 10:
3475 4619 3494 4654 ι
3527 4599 3667 4657 San-

316 4702 526 4767 dorus,
572 4698 675 4756 lib.
708 4716 802 4756 xix
834 4698 1162 4773 Etymolog.,
1196 4715 1320 4772 cap.
1352 4699 1454 4755 3|:
1494 4719 1513 4752 ‹
1549 4698 1711 4756 Mitra
1740 4708 1831 4757 est
1858 4699 1945 4772 pi-

316 4796 481 4851 leum
518 4793 842 4867 phrygium,
867 4800 1038 4866 caput
1057 4800 1373 4866 protegens.
1410 4810 1430 4846 ›
1467 4790 1947 4861 Quemadmodum

314 4896 380 4944 et
430 4885 794 4958 Nicephorus
829 4884 1049 4958 accepit
1092 4885 1197 4943 lib.
1244 4900 1357 4953 xiv,
1405 4901 1528 4957 cap.
1578 4885 1672 4954 54,
1726 4885 1826 4942 ubi
1873 4885 1950 4942 ita

315 4977 531 5035 scribit
563 4995 577 5031 :
612 4998 632 5028 ι
666 4974 1006 5034 C(elcstinus
1032 4977 1225 5035 Romae
1252 4977 1570 5048 episcopus,
1599 4987 1829 5050 propter
1852 4992 1952 5033 na-

313 5071 635 5144 vigationis
660 5072 932 5143 pericula,
969 5069 1088 5142 ipse
1120 5069 1333 5144 synodo
1354 5070 1549 5127 adesse
1579 5070 1908 5127 detrectavit
1933 5087 1946 5124 :

318 5165 394 5221 ad
428 5163 706 5237 Cyrillum
745 5150 956 5228 tamen,
990 5170 1052 5219 ut
1088 5163 1272 5219 locum
1322 5162 1399 5218 ibi
1437 5177 1600 5219 suum
1646 5162 1947 5228 obtineret,

310 5258 580 5330 scripsit.
617 5257 701 5313 Ex
744 5272 856 5328 quo
894 5263 1147 5327 tempore
1186 5254 1336 5311 fama
1374 5264 1480 5321 est,
1525 5254 1747 5310 mitram
1791 5254 1949 5309 illum

320 5352 550 5425 (Graece
595 5350 657 5405 τὸ
689 5353 792 5422 τῆς
831 5348 1034 5422 μίτρας
1067 5346 1332 5420 ἐπίθεμα)
1371 5356 1428 5403 et
1456 5363 1614 5420 papm
1627 5347 1951 5418 appellatio-

319 5458 483 5507 nem,
519 5452 690 5513 atque
738 5449 803 5497 ut
840 5439 997 5495 orbis
1038 5438 1285 5495 universi
1323 5437 1494 5509 judex
1549 5438 1946 5509 appellaretur,

316 5532 638 5604 accepisse.
684 5550 703 5584 ι
736 5530 820 5587 Ex
836 5529 1043 5602 quibus
1063 5528 1270 5602 colligit
1294 5528 1647 5601 Spondanus,
1683 5545 1703 5579 ι
1739 5527 1950 5599 priscos

319 5624 458 5681 illos
490 5623 792 5696 episcopos
823 5621 1129 5678 orientales
1151 5619 1335 5677 mitris
1356 5620 1438 5677 uti
1461 5621 1687 5676 minime
1715 5635 1950 5676 consue-

316 5718 499 5783 vissc,
535 5724 593 5773 et
625 5732 785 5789 papa:
811 5714 1292 5771 nomenclaturam
1332 5712 1477 5770 haud
1519 5712 1611 5778 iis,
1652 5712 1797 5769 sicut
1824 5720 1951 5769 erat

319 5811 806 5876 occidentalibus,
844 5808 1019 5866 fuisse
1043 5818 1415 5865 communem.
1448 5827 1468 5861 ι
1508 5806 1800 5865 Existimat
1840 5806 1947 5862 Ba-

316 5906 526 5963 ronius
569 5906 711 5963 nihil
753 5903 966 5973 Cyrillo
1011 5918 1337 5960 concessum
1374 5919 1406 5959 a
1437 5901 1758 5969 Caelestino,
1800 5899 1946 5971 quod

2048 4711 2139 4760 cta
2155 4702 2399 4776 synodus
2414 4699 2561 4756 dixit
2592 4698 2769 4756 :Cum
2797 4697 2945 4755 inter
2978 4704 3176 4755 caetera
3216 4694 3667 4769 religiosissimus

2047 4792 2360 4859 Nestorius,
2410 4805 2594 4863 neque
2650 4797 2859 4847 nostrae
2899 4787 3155 4862 citationi
3196 4800 3398 4860 parere
3415 4829 3431 4855 ,
3485 4804 3667 4860 neque

2050 4886 2431 4943 sanctissimos
2481 4898 2706 4940 rursum
2762 4868 3327 4956 religiosissimostu
3376 4874 3687 4953 episcopos

2048 4988 2273 5036 nostros
2321 4975 2391 5034 ad
2440 4991 2521 5033 se-
2536 4976 2743 5033 missos
2780 4975 3081 5031 admittere
3117 4974 3382 5040 voluerit,
3414 4989 3527 5029 non
3564 4988 3669 5043 po-

2052 5070 2260 5127 tuimus
2284 5068 2356 5127 ad
2379 5083 2574 5125 eorum
2622 5083 2749 5141 qua;
2765 5066 2939 5140 impie
2961 5067 3153 5126 docuit
3199 5063 3670 5123 examinationcm

2051 5162 2298 5218 animum
2346 5175 2460 5216 non
2505 5160 2830 5233 adjungere.
2874 5159 3072 5217 Edocti
3118 5159 3305 5229 itaque
3347 5157 3552 5228 partim
3595 5173 3666 5213 ex

2050 5253 2257 5311 litteris
2288 5253 2814 5325 commentariisque
2860 5251 3012 5308 illius
3050 5250 3146 5307 hic
3192 5248 3418 5321 publice
3467 5250 3666 5315 lectis,

2050 5348 2253 5420 partim
2289 5362 2512 5405 rursum
2554 5362 2626 5403 ex
2657 5346 3021 5403 concionibus
3081 5359 3222 5415 quas
3255 5342 3312 5398 in
3346 5343 3452 5400 hac
3480 5343 3669 5416 Ephe-

2051 5442 2262 5498 siorum
2290 5438 2586 5512 metropoli
2618 5439 2848 5505 habuit,
2882 5437 3089 5509 partim
3129 5437 3373 5509 denique
3405 5453 3474 5494 ex
3510 5437 3666 5493 testia

2043 5532 2159 5589 bus
2181 5532 2289 5588 ﬁde
2322 5531 2529 5604 dignis,
2560 5530 2719 5587 illum
2756 5530 2927 5600 impie
2963 5527 3167 5586 docere
3211 5537 3270 5585 et
3310 5544 3529 5600 sapere,
3565 5544 3666 5599 per

2053 5578 2289 5589 -η-υι-υυ
2327 5578 2529 5604 ι--υ---υτ
2562 5578 2719 5587 -----.-
2756 5578 2926 5600 --τη
2967 5578 3165 5586 ηπ--
3216 5578 3270 5585 --
3312 5578 3529 5600 --τν--ν
3566 5578 3656 5599 τ--

2052 5640 2242 5682 sacros
2286 5638 2550 5689 canones,
2591 5622 3046 5695 sanctissimique
3094 5622 3358 5679 Romamn
3398 5620 3664 5676 Ecclesia:
3700 5578 3714 5662 ί

2049 5717 2296 5788 episcopi
2332 5715 2617 5774 Ctelostini
2660 5715 2835 5787 patris
2871 5715 3050 5772 nostri
3094 5714 3339 5779 litteras,
3395 5711 3660 5784 lacrymis

2052 5804 2250 5861 sull‘usi
2278 5815 2336 5862 et
2360 5820 2502 5877 pene
2525 5804 2685 5861 inviti
2714 5805 2785 5861 ad
2818 5804 3112 5878 itqubrem
3148 5805 3290 5862 hanc
3323 5801 3657 5860 sententiam

2053 5916 2336 5973 urgemur.
2388 5900 2559 5972 Igitur
2608 5902 2878 5959 Dominus
2925 5910 3115 5959 noster
3163 5900 3324 5957 Jesus
3373 5897 3652 5960 Christus.
