4172 6470
542 356 606 414 31
1886 358 1943 417 S.
1986 357 2269 417 CYRILLI
2306 354 2487 413 VITA.
3736 350 3841 408 33-

537 487 703 544 quem
752 471 870 530 suis
907 471 1001 528 ille
1042 471 1380 545 blasphemis
1402 445 1643 530 zoeibus
1684 472 1976 545 impetivit,
2026 491 2126 546 per
2155 484 2197 536 Α
2227 472 2312 528 sui
2351 480 2411 528 et
2454 485 2581 527 cum
2627 468 2817 527 multis
2855 472 3181 545 Pelagianis,
3221 472 3321 544 qui
3367 479 3660 543 cognatum
3703 472 3810 527 sibi

538 580 753 620 sacram
783 566 926 621 hanc
967 564 1265 638 synodum,
1297 565 1551 621 eumdem
1599 565 1939 632 Nestorium,
1970 568 2122 622 omni

538 671 767 725 prorsus
798 655 1092 727 episcopali
1126 654 1389 726 dignitate
1429 656 1727 726 privatum,
1780 666 1838 713 et
1879 659 1950 714 ab
1995 660 2122 714 uni-

539 764 700 803 verso
738 748 1096 803 nihilominus
1153 748 1506 803 sacerdotum
1552 750 1835 805 consortio
1875 758 1933 805 et
1978 756 2124 807 ρωιιι

538 839 781 894 alienum
814 855 935 895 esse
961 840 1232 895 decernit.
1273 858 1293 892 ι

604 932 691 985 51.
726 932 879 987 Hanc
910 931 1245 987 sententiam
1271 932 1505 987 solemni
1542 932 1726 991 statim
1757 948 1959 1004 pompa
1981 949 2126 1004 pra:-

539 1039 706 1078 concs
741 1030 854 1078 tota
890 1023 1029 1079 urbe
1061 1023 1543 1090 circumtulerunt,
1586 1032 1644 1080 et
1680 1023 1856 1081 affixis
1901 1025 2125 1097 publice

539 1114 867 1187 syngraphis
894 1116 1336 1188 promulgarunt.
1381 1116 1625 1186 Populus
1669 1116 1983 1187 Ephesinus
2036 1117 2125 1172 in-

538 1210 789 1266 credibili
812 1212 1012 1281 gaudio
1030 1212 1286 1282 perfusus
1308 1212 1709 1269 collucentibus
1729 1214 1888 1270 taedis
1900 1214 2125 1269 domum

538 1301 769 1356 deduxit
803 1302 1123 1373 episc0pos,
1146 1304 1610 1373 praetereuntibus
1643 1304 1805 1359 thura
1839 1313 1896 1360 et
1928 1304 2135 1361 odores

540 1393 808 1457 incendit,
832 1393 1093 1464 impiique
1120 1393 1359 1450 Nestorii
1388 1396 1900 1452 condemnationem
1931 1397 2125 1467 plausu

540 1486 878 1545 faustissim
906 1487 1141 1558 excepit.
1174 1487 1434 1560 Sequenti
1467 1488 1556 1543 die
1580 1487 1818 1559 Cyrillus
1848 1488 1915 1543 ad
1946 1505 2127 1560 popu—

541 1579 656 1633 lum
684 1577 1020 1649 Ephesinum
1043 1555 1110 1632 in
1138 1555 1355 1632 laudem
1377 1555 1735 1633 sanctissimae
1754 1578 1851 1633 Dei
1881 1555 2125 1634 chitri-

542 1668 625 1724 cis
653 1669 979 1724 concionem
998 1667 1212 1735 habuit,
1239 1669 1617 1740 acerrimeque
1642 1670 1697 1723 in
1717 1668 1958 1724 Nestorii
1977 1670 2127 1726 blas-

542 1759 794 1831 phemias
816 1759 1065 1815 invectus
1086 1767 1191 1815 est.
1226 1758 1472 1830 Denique
1498 1759 1568 1814 ad
1608 1759 1981 1815 Theodosium
2024 1759 2130 1814 im-

2224 565 2422 636 dogma
2455 564 2742 636 juvabant,
2778 564 3092 621 damnatur.
3124 584 3144 618 ›

2295 659 2384 714 55.
2409 658 2624 714 interea
2644 658 2962 730 imperator,
2991 657 3127 714 falsa
3159 657 3521 715 Orientalium
3545 655 3812 712 relatione

2224 751 2518 822 deceptus,
2548 767 2658 806 non
2688 751 2868 806 solum
2913 750 3175 817 Nestorii,
3201 766 3396 807 verum
3432 749 3597 805 etiam
3620 749 3809 820 Cyrilli

2223 850 2281 897 et
2326 842 2633 898 Memnonis
2685 842 3215 909 exauctorationem,
3259 829 3518 913 tanquam
3568 840 3813 911 legitime

2224 935 2454 1000 factam,
2508 934 2775 1006 approbat
2823 952 2843 988 :
2906 934 3174 990 Joannem
3221 948 3506 989 sacrorum
3552 931 3812 987 comitem

2223 1028 2698 1098 Constantinopoli
2734 1026 3015 1099 Ephesum
3050 1026 3213 1096 legat,
3257 1024 3355 1095 qui
3392 1023 3544 1094 pacis
3575 1037 3809 1078 concor-

2224 1121 2436 1191 diaeque
2461 1136 2626 1176 causa
2649 1118 2868 1192 synodo.
2887 1117 3050 1183 adsit,
3074 1124 3135 1171 ut
3162 1115 3366 1171 dicitur
3395 1123 3543 1170 tomo
3570 1113 3662 1179 ιιι,
3685 1128 3807 1183 cap.

2226 1212 2314 1268 i5.
2350 1214 2454 1268 Hic
2477 1213 2574 1268 ubi
2602 1212 2881 1282 Ephesum
2913 1208 3157 1273 advenit,
3187 1206 3366 1278 prima
3395 1206 3485 1261 die
3515 1206 3674 1261 lectis
3701 1205 3810 1258 im-

2224 1304 2496 1375 peratoris
2553 1302 2774 1368 litteris,
2830 1300 3074 1357 declarat
3126 1298 3464 1363 Nestorium,
3522 1296 3809 1368 Cyrillum,

2225 1403 2393 1465 atque
2415 1394 2760 1449 Memnonem
2795 1392 2920 1463 jure
2962 1390 3283 1462 depositus:
3321 1404 3464 1460 quos
3492 1403 3706 1454 omnes,
3741 1403 3820 1442 ne

2225 1488 2454 1550 dissidia
2476 1488 2682 1559 majora
2702 1484 3129 1549 concitarentur,
3156 1481 3365 1538 carceri
3402 1496 3678 1552 quemque
3711 1495 3824 1535 suo]

2226 1579 2491 1644 includit;
2521 1585 2578 1633 et
2601 1575 2916 1633 Nestorium
2943 1574 3172 1646 quidem
3196 1572 3617 1630 custodiendum
3647 1571 3823 1627 tradit

2223 1667 2564 1725 Candidiano
2587 1664 2796 1730 comiti,
2828 1662 3238 1736 Cyrillumvero
3264 1671 3324 1719 et
3345 1662 3691 1717 Memnonem
3716 1661 3812 1717 Ja-

2225 1762 2372 1818 cobs.
2420 1760 2612 1817 itidem
2658 1757 2869 1823 comiti,
2922 1765 2987 1812 ut
3039 1757 3156 1827 ipse
3203 1756 3445 1813 Joannes
3487 1754 3689 1810 litteris
3742 1753 3821 1810 ad.

543 1829 853 1920 peratorem
888 1856 946 1904 et
979 1850 1187 1904 clerum
1216 1829 1887 1921 Constantinopolitanum
1903 1849 2127 1921 scripta
2153 1829 2205 1890 Β
2229 1852 2601 1909 Theodosium
2622 1849 2808 1905 missis
2834 1846 3044 1904 indicat
3070 1856 3207 1903 tom.
3231 1843 3322 1911 lli,
3350 1845 3585 1915 append.
3607 1844 3663 1909 2,
3690 1858 3821 1915 cap,

543 1949 674 1997 sunt
694 1942 894 1997 litterae
914 1942 1225 2015 synodales.

542 2098 571 2171 ᾗ
598 2099 666 2156 X.
688 2098 850 2156 Nova:
878 2101 935 2156 in
958 2098 1218 2173 Cyrillum
1240 2098 1556 2168 calumniae;
1582 2116 1850 2168 carceres;
1880 2099 2123 2158 victoria.

619 2236 707 2294 52.
737 2237 865 2294 Hae
893 2238 1025 2294 dum
1051 2253 1265 2295 summa
1303 2238 1737 2294 orthodoxorum
1778 2238 1968 2294 laetitia
1995 2252 2126 2308 per-

546 2337 801 2399 aguntur,
820 2338 1103 2385 certamen
1128 2329 1397 2385 instaurat
1422 2330 1790 2385 haaresiarcha
1816 2330 2122 2386 Nestorius.

548 2420 613 2473 Ei
656 2419 912 2474 favebant
958 2420 1217 2487 comites,
1254 2420 1632 2477 Candidianus
1684 2421 1755 2476 ab
1795 2421 2127 2492 imperatore

547 2511 860 2566 Theodosio
891 2511 958 2567 ad
984 2526 1174 2582 pacem
1199 2511 1478 2583 publicam
1504 2512 1800 2568 curandam
1822 2513 2125 2584 appositus,

546 2608 606 2656 et
628 2601 866 2659 [renatus
894 2603 1151 2659 amicitia:
1191 2603 1376 2659 studio
1410 2602 1726 2659 Nestorium
1761 2611 2000 2660 secutus.
2033 2604 2127 2659 In-

548 2690 937 2747 tereluduntur
966 2706 1098 2763 ergo
1121 2691 1191 2747 ab
1213 2691 1302 2748 his
1322 2690 1429 2748 viae
1458 2706 1669 2759 omnes,
1704 2708 1776 2748 ne
1794 2708 1910 2764 qua
1934 2693 2127 2766 synodi

549 2782 747 2838 littera:
769 2783 837 2838 ad
873 2783 1264 2854 imperatorem
1290 2783 1629 2850 deferantur.
1654 2792 1804 2840 terra
1836 2792 1934 2840 aut
1964 2785 2125 2841 mari.

550 2874 776 2929 Interim
826 2875 1065 2932 Joannes
1122 2876 1415 2947 episcopus
1466 2875 1847 2932 Antiochenus
1918 2875 2125 2947 aliique

549 2966 856 3023 Orientales
881 2967 1145 3039 episcopi,
1177 2967 1248 3023 ad
1281 2966 1651 3023 damnandum
1687 2966 2000 3023 Nestorium
2024 2983 2128 3039 po-

550 3059 799 3128 pularem
820 3074 982 3115 suum
1002 3059 1260 3131 ingratiis
1271 3059 1453 3125 acciti,
1468 3076 1613 3115 xxvu
1633 3058 1787 3116 Junii
1804 3059 2126 3126 adveniunt,

549 3158 609 3245 et
636 3150 995 3245 tumultuario
1026 3159 1218 3245 coacto
1253 3150 1618 3245 conciliabqu
1646 3150 1909 3223 legitimae
1934 3150 2129 3245 synodi
2158 3186 2203 3245 ε

526 3243 686 3304 .Acta
719 3243 1058 3310 rescindunt,
1089 3258 1155 3300 ae
1176 3243 1444 3316 Cyrillum
1468 3251 1527 3301 et
1545 3243 1890 3302 Memnonem
1928 3243 2133 3314 Ephesi

549 3337 868 3407 episcopum
898 3336 1194 3403 danmaut;
1224 3336 1490 3408 Cyrillum
1510 3337 1758 3408 quidem,
1802 3336 1962 3407 quasi
1993 3336 2134 3392 scri-

552 3428 666 3500 ptis
711 3429 829 3483 suis
854 3428 922 3484 ad
942 3428 1255 3485 Nestorium
1272 3427 1802 3500 Constantinopolim
1826 3428 2010 3484 missis
2026 3428 2137 3485 ha:-

558 3534 718 3574 rcscs
750 3520 1156 3587 admiscuisset,
1184 3521 1529 3578 Memnonem
1580 3535 1714 3576 vero
1763 3519 1911 3591 quod
1947 3519 2138 3592 Cyrilii

452 3626 461 3631 '
550 3611 792 3683 capitula
812 3613 1230 3685 promulgasset,
1245 3613 1608 3684 Nestorioque
1651 3627 1844 3669 omnes
1878 3612 2139 3668 ecclesias

555 3704 757 3775 Ephesi
791 3705 1095 3773 clausisset,
1127 3713 1186 3762 et
1213 3706 1323 3762 alia
1364 3705 1637 3778 permulta
1670 3713 1861 3761 contra
1901 3719 2140 3761 canones

554 3797 858 3867 peregisset
887 3814 900 3851 :
933 3796 1177 3868 reliquos
1204 3804 1389 3853 autem
1418 3795 1772 3881 meumenicae
1794 3795 1987 3868 synodi
2018 3794 2139 3866 epi-

557 3903 752 3958 scapos
776 3887 1332 3946 excommunicationi
1371 3889 1693 3962 subjiciunt,
1731 3888 1909 3945 donec
1951 3887 2140 3962 Cyrilli

555 3979 797 4051 capitula
839 3980 1184 4037 damnarent.
1225 3979 1455 4038 Chartae
1483 3980 1723 4052 denique
1769 3980 1988 4052 publice
2020 3980 2139 4037 alii-

556 4082 780 4144 guntur,
807 4075 1010 4145 quibus
1036 4073 1273 4146 Cyrillus
1300 4072 1592 4145 episcopus
1611 4072 2015 4130 Alexandrinus
2039 4073 2141 4129 de-

553 4166 799 4221 claratur
845 4174 1010 4223 secta:
1046 4165 1382 4238 Apollinaris
1428 4166 1741 4233 haereticus,
1784 4175 1951 4238 atque
1999 4165 2144 4222 hanc

556 4260 679 4330 ejus
708 4261 958 4317 ha:resim
986 4260 1305 4331 imperatori
1335 4257 1714 4315 denuntiatam
1747 4272 1888 4314 esse.

628 4351 719 4405 53.
756 4350 1004 4418 Quarum
1047 4366 1235 4406 rerum
1280 4350 1608 4421 indignitate
1655 4349 1917 4404 commoti
1954 4349 2145 4405 Patres

559 4441 850 4512 Ephesium
881 4439 1096 4514 synodi,
1128 4440 1369 4510 acceptis
1404 4439 1609 4495 libellis
1644 4437 1987 4508 supplicibus
2005 4454 2143 4509 quos

2230 1945 2285 2010 1,
2311 1944 2513 2015 quibus
2538 1942 2772 2013 aliisque
2804 1941 3004 1998 litteris
3037 1947 3189 1997 tanta
3226 1938 3577 2009 improbitate
3616 1944 3814 1992 cuncta

2228 2034 2441 2102 retulit,
2472 2044 2535 2091 ut
2557 2035 2626 2090 de
2646 2033 2835 2106 Cyrilli
2865 2032 3060 2089 exsilio
3090 2031 3380 2087 consilium
3421 2027 3816 2085 Constantino-

2229 2126 2342 2198 poli
2369 2126 2624 2193 iniretur,
2648 2126 2807 2196 quasi
2824 2140 2977 2181 sacra
3004 2123 3245 2196 synodus
3274 2122 3394 2193 ejus
3413 2119 3825 2176 exauctoratio-'

2228 2234 2359 2275 nem
2380 2228 2553 2274 ratam
2574 2217 2893 2283 habuisset,
2914 2224 2978 2272 ut
3001 2217 3116 2286 ipse
3136 2213 3374 2287 Cyrillus
3398 2212 3455 2266 in
3476 2210 3719 2283 Epistula
3743 2211 3824 2265 ad'

2231 2307 2430 2364 clerum
2477 2307 2831 2381 pupulumque
2888 2302 3532 2376 Constantinomlitanum
3584 2309 3816 2357 testatur

2234 2407 2383 2455 tomo
2402 2398 2492 2464 ιν,
2517 2396 2753 2468 cap..12,
2781 2395 2873 2451 ubi
2897 2396 3144 2451 detectas
3166 2393 3393 2450 Joannis
3415 2392 3635 2448 comitis
3662 2392 3811 2445 frau-

2232 2489 2331 2548 des
2354 2489 2596 2561 postulat
2630 2488 2753 2544 aliis
2781 2486 3048 2560 pateﬁeri,
3080 2485 3315 2542 maxime
3343 2483 3825 2550 archimandritis,

2232 2594 2470 2651 quorum
2512 2578 2761 2635 omnium
2789 2592 2950 2649 opem
2989 2576 3262 2646 ﬁdemque
3299 2574 3501 2630 obnixe
3540 2574 3813 2645 implorat.

2233 2666 2379 2738 quod
2399 2665 2641 2738 synodus
2659 2665 2910 2720 maximis
2929 2663 3167 2720 miseriis
3187 2663 3567 2730 obruatur;.et
3584 2678 3703 2733 cap.
3726 2661 3823 2727 18,.

2232 2760 2302 2817 ad
2351 2760 2638 2832 episcopos
2686 2756 3161 2833 Constantinopoli
3208 2763 3432 2828 agentes
3485 2754 3555 2809 dc
3604 2769 3663 2809 se
3712 2753 3817 2807 hoc

2233 2851 2461 2909 scribit:
2495 2870 2514 2903 ι
2534 2850 2646 2907 Nos
2666 2850 2836 2907 vincti
2863 2847 3232 2919 custoditique
3253 2862 3618 2912 asservamur,
3641 2845 3815 2916 ignari

2236 2958 2461 3017 prorsus
2513 2958 2625 3015 quo
2653 2941 2874 2999 tandem
2904 2956 2993 2999 res
3028 2941 3148 2997 haec
3189 2940 3261 2997 sit
3297 2955 3548 2995 evasura.
3582 2939 3825 2995 Verum-

2237 3041 2421 3089 tamen
2451 3033 2655 3105 gratias
2684 3032 2898 3104 agimus
2919 3029 3160 3096 Christo,
3188 3028 3337 3101 quod
3372 3028 3724 3100 pronomine
3749 3027 3817 3083 il—

2237 3125 2345 3181 lius
2363 3124 2511 3197 digni
2541 3124 2869 3190 habeamur,
2889 3122 3203 3180 non’sofum
3228 3121 3467 3178 vinculis
3495 3121 3831 3193 constringi,

2235 3218 2332 3275 sed
2356 3228 2552 3274 czetera
2574 3230 2795 3288 quoque
2831 3214 3019 3269 omnia
3040 3212 3292 3285 perpeti:
3319 3227 3500 3283 neque
3528 3211 3676 3268 enim
3716 3211 3820 3267 ista

2236 3309 2478 3382 praemiis
2519 3308 2636 3364 suis
2673 3306 3007 3362 carebunt...
3045 3306 3352 3363 Precentur
3390 3320 3490 3376 pro
3525 3304 3689 3359 nobis
3726 3319 3820 3358 or-

2236 3401 2463 3457 thodoxi
2492 3414 2701 3455 omnes.
2725 3399 2797 3456 Ut
2819 3398 2965 3455 enim
2992 3397 3186 3454 beatus
3230 3396 3399 3453 David
3422 3395 3497 3451 ait
3525 3412 3539 3450 :
3585 3395 3700 3467 Ego
3752 3394 3833 3450 ait

2236 3490 2454 3565 ﬂagella
2485 3499 2707 3563 paratus
2736 3507 2877 3545 sum.
2910 3487 3081 3560 (Psal.
3104 3504 3304 3555 xxxvii,
3340 3484 3451 3557 18.)
3473 3504 3491 3537 ι

2299 3606 2387 3662 56.
2419 3605 2636 3673 Quanta
2674 3604 2846 3660 animi
2874 3603 3204 3670 constantia,
3230 3616 3505 3674 quamque
3549 3599 3833 3658 indefesso

2238 3697 2443 3764 studio,
2473 3697 2688 3769 egerint
2725 3697 2873 3769 apud
2918 3697 3307 3768 imperatorem
3346 3693 3639 3750 orthodoxi
3677 3692 3833 3749 Con-

2236 3788 2732 3861 stantinopolitani,
2751 3788 2959 3843 indicat
2972 3787 3195 3843 libellus
3215 3785 3295 3841 illi
3312 3785 3551 3852 oblatus,
3566 3794 3716 3841 tomo
3730 3785 3829 3851 Ν,

2237 3898 2358 3954 cap.
2393 3882 2480 3949 16,
2519 3897 2632 3953 quo
2659 3896 2785 3937 cum
2807 3881 3146 3945 docuissent,
3192 3878 3359 3950 justis
3399 3878 3710 3949 principum
3741 3878 3825 3935 le-

2237 3971 2401 4044 gibus
2452 3968 2967 4042 obtemperandum,
3034 3967 3254 4039 injustis
3313 3982 3444 4023 vero
3503 3966 3825 4023 eorumdem

2236 4062 2615 4119 sanctionibus
2660 4059 3075 4133 repugnandum
3110 4059 3242 4116 totis
3270 4059 3486 4115 viribus
3512 4074 3654 4126 esse,
3696 4057 3828 4114 sub-

2235 4153 2475 4226 jungunt
2504 4170 2565 4211 se
2604 4152 2823 4225 quidvis
2856 4152 3017 4208 malle
3061 4151 3295 4222 perpeti,
3344 4166 3508 4222 quam
3564 4150 3823 4221 injustam

2241 4246 2609 4303 damnationis
2639 4245 2967 4301 sententiam
3008 4243 3218 4300 nefarie
3253 4244 3322 4298 ab
3352 4241 3724 4299 Orientalibus
3766 4242 3827 4297 in

2240 4338 2502 4412 Cyrillum
2533 4347 2593 4395 et
2617 4338 2961 4393 Memnonem
2993 4336 3179 4403 latam,
3217 4344 3274 4392 et
3317 4335 3523 4407 injuste
3548 4333 3617 4390 ab
3648 4334 3824 4405 impe-

2243 4433 2523 4489 ratoribus
2546 4430 2946 4496 conﬁrmatam,
2970 4430 3238 4500 recipere.
3261 4428 3507 4499 Denique
3528 4427 3617 4483 his
3641 4426 3824 4483 verbis

558 4549 661 4603 pro
691 4549 791 4589 sua
823 4532 1139 4589 innocentia
1159 4532 1399 4604 Cyrillus
1431 4547 1497 4587 ac
1521 4531 1775 4586 Memnon
1807 4531 2138 4597 obtulerant,
2174 4546 2216 4604 ο
2244 4524 2585 4582 concludunt
2612 4541 2625 4575 :
2677 4541 2696 4573 ‹
2726 4520 2863 4577 Cum
2894 4520 3077 4590 itaque
3098 4518 3383 4574 Nestorius
3412 4528 3637 4590 propter
3665 4534 3821 4576 suam

554 4628 821 4683 Joannem
852 4627 1033 4683 missis
1051 4626 1230 4681 tribus
1253 4624 1526 4695 episcopis
1547 4630 1774 4679 monent
1814 4631 1877 4678 ut
1921 4638 1979 4679 se
2017 4640 2142 4696 syn-

498 4792 503 4797 θ
556 4718 668 4774 odo
686 4718 863 4783 sistat,
889 4717 1159 4772 rationem
1180 4716 1267 4772 sui
1290 4715 1417 4771 facti
1440 4714 1776 4771 redditurus.
1802 4713 2008 4771 Abnuit
2028 4715 2138 4781 ille,

559 4810 799 4865 militum
834 4809 1021 4880 potius
1058 4807 1251 4863 virtuti
1278 4822 1442 4879 quam
1475 4821 1657 4863 causae
1687 4806 1932 4876 aequitati
1968 4806 2141 4862 conﬁ-

562 4916 674 4958 sus.
713 4901 894 4968 Quare
937 4898 1181 4973 synodus
1212 4898 1479 4956 Joannem
1516 4899 1869 4965 cum-sociis,
1910 4899 2144 4955 anathe—

555 5002 703 5049 mate
715 5003 881 5064 atque
894 4991 1245 5063 episcopatus
1259 4989 1607 5045 abdicatione
1622 4989 1839 5058 multat;
1856 4989 2118 5062 Cyrillum
2127 5029 2141 5053 ,

560 5087 932 5150 Memnonem,
950 5099 1015 5140 ac
1036 5083 1279 5155 reliquos
1299 5075 1493 5140 contra
1511 5082 1602 5153 jus
1621 5098 1687 5138 ac
1708 5083 1790 5138 fas
1805 5097 1968 5143 omne
1987 5081 2144 5137 dam-

559 5186 718 5233 natos
755 5177 926 5234 fuisse
952 5176 1293 5250 pronuntiat.
1358 5175 1597 5248 Cyrillus
1648 5190 1783 5231 vero
1823 5184 2147 5230 ostensurus

562 5284 726 5337 quam
741 5268 901 5339 longe
910 5268 1129 5324 abesset
1157 5275 1220 5323 ut
1231 5266 1525 5337 aliquando
1537 5266 1911 5336 Apollinarem
1943 5263 2030 5317 vel
2052 5260 2149 5316 ali-

562 5375 731 5430 quem
742 5359 1127 5415 hzercticorum
1145 5357 1585 5423 sectatusfuerit,
1604 5356 1660 5411 in
1675 5352 2146 5423 eumdemApolli-

564 5468 756 5508 narem
774 5460 833 5509 et
850 5450 991 5508 alios
1006 5466 1197 5507 omnes
1212 5446 1609 5507 haeresiarchas
1625 5445 1812 5502 intulit
1831 5445 2145 5501 anathema.

636 5544 723 5599 Si.
756 5542 1075 5614 Pelagianos
1106 5557 1230 5598 cum
1255 5540 1512 5598 Nestorio
1547 5537 1836 5593 damnatos
1861 5535 2029 5591 fuisse
2065 5544 2149 5590 te-

2244 4614 2583 4686 impietatem
2605 4612 2749 4682 juste
2783 4610 2855 4665 sit
2884 4615 3311 4677 exauctoratus;
3332 4608 3570 4681 Cyrillus
3604 4625 3736 4664 vero
3768 4615 3826 4662 et

2222 4704 2496 4762 'Memnon
2526 4699 2857 4758 sanctissimi
2890 4698 3235 4771 piissimique
3272 4699 3537 4771 episcopi,
3564 4715 3633 4755 ex
3661 4716 3828 4770 prava

2244 4796 2614 4869 suggestione,
2640 4792 2864 4864 indigne
2892 4799 2949 4848 et
2974 4792 3177 4863 injuste
3208 4790 3329 4863 pari
3360 4807 3525 4863 poena
3549 4790 3662 4847 sint
3684 4793 3828 4847 mul-

2243 4891 2377 4957 tati;
2403 4903 2622 4959 tequum
2650 4892 2756 4951 est,
2781 4882 2988 4940 Christi
3011 4890 3260 4940 amantes
3316 4899 3492 4956 reges,
3517 4884 3713 4940 sedulo
3733 4900 3832 4939 vos

2244 4999 2440 5042 curare
2489 4998 2560 5039 ne
2581 4980 2680 5037 Dei
2707 4978 2974 5045 Ecclesia,
2996 4993 3118 5049 qua:
3133 4991 3289 5041 more
3308 4976 3544 5032 nutricis
3567 4964 3829 5046 pietatem

2245 5084 2480 5132 vestram
2517 5072 2791 5138 confovet,
2835 5069 3234 5140 victoriamque
3274 5068 3342 5124 de
3378 5066 3653 5130 hostibus,
3695 5066 3831 5120 citra

2246 5180 2498 5237 magnam
2524 5163 2899 5219 diiiicultatem
2919 5160 3189 5232 majestati
3211 5168 3409 5215 vestrm
3437 5158 3672 5215 subinde
3696 5172 3830 5212 cou—

2247 5259 2418 5322 ciliat,
2467 5257 2523 5313 in
2566 5265 2849 5328 posterum
2899 5254 3227 5326 dissipetur;
3261 5265 3414 5307 Incve
3465 5253 3617 5322 regni
3662 5249 3832 5305 vestri

2249 5359 2497 5420 tempore
2554 5359 2857 5420 martyrum
2911 5346 3175 5402 saeculum
3228 5346 3411 5401 denuo
3460 5348 3767 5398 revertatur
3814 5357 3828 5393 :

2247 5443 2382 5514 quin
2415 5441 2473 5496 in
2506 5441 2562 5496 id
2596 5440 2779 5511 potius
2803 5438 3124 5494 incumbere
3151 5452 3250 5492 vos
3279 5452 3379 5507 par
3399 5442 3504 5500 est,
3548 5449 3746 5504 nempe
3774 5441 3834 5487 ut
3900 5458 3901 5461 η

2250 5533 2525 5603 majorum
2555 5539 2869 5587 vestrorum
2900 5544 3032 5600 erga
3064 5527 3159 5583 Dei
3193 5522 3465 5581 Ecclesias
3496 5538 3737 5578 amorem
3768 5537 3832 5576 ac

562 5644 743 5691 statur
770 5611 1008 5707 Prosper
1039 5634 1097 5690 in
1122 5632 1378 5691 Chronico
1406 5630 1475 5687 ad
1502 5630 1652 5684 hunc
1680 5640 1885 5682 annum
1917 5642 1930 5680 :
1966 5645 1984 5675 σ
2007 5623 2153 5680 Con-
2250 5621 2496 5679 studium
2520 5620 2577 5676 in
2606 5620 2808 5676 animis
2834 5619 3035 5675 vestris
3070 5614 3244 5689 magis
3287 5613 3568 5685 magisque
3599 5611 3833 5668 subinde

568 5737 783 5800 gregata
829 5728 975 5799 apud
1020 5727 1299 5798 Ephesum
1350 5724 1476 5794 plus
1518 5721 1883 5778 ducentorum
1934 5714 2145 5788 synodo

2251 5713 2624 5771 exSuscitctis.
2686 5708 3161 5780 Quemadmodum
3212 5720 3352 5777 ergo
3395 5703 3595 5776 singuli
3638 5716 3832 5757 eorum

571 5793 941 5875 sadirdotum.
991 5793 1278 5871 Nestorius
1326 5793 1452 5875 cum
1493 5809 1643 5867 omni
1687 5807 1880 5865 haeresi
1913 5805 2152 5862 nominis
2255 5814 2570 5864 sanctorum
2602 5805 2829 5860 Patrum
2856 5797 3082 5869 synodis
3115 5794 3327 5866 imperii
3357 5793 3441 5851 sui
3477 5804 3719 5865 tempore
3744 5806 3831 5849 cc-
