4172 6438
420 391 506 453 33
1808 400 1868 456 S.
1909 400 1989 456 (ᾇὶ
2004 401 2188 455 lilLLl
2233 401 2335 456 \‘l'l
2348 405 2411 457 Δ.
3693 410 3767 467 56

430 510 669 569 lebratis
717 520 1054 585 paruerunt,
1108 512 1448 583 Patrumquo
1492 513 1811 569 sanctiones
1844 512 2063 584 legibus
2094 514 2135 575 Α
2166 513 2443 583 cipatilius
2480 522 2536 571 et
2572 517 2961 589 potestatibus,
3010 518 3145 574 dum
3191 520 3384 576 mundi
3432 521 3674 580 dominis
3709 534 3769 580 et

432 605 559 661 suis
585 605 936 669 munierunt,
971 614 1031 660 et
1059 620 1226 678 quam
1267 604 1379 660 illis
1413 605 1715 671 deferrent,
1749 606 2057 661 observan-

432 698 575 753 tiam
607 697 855 755 decretis
885 699 1007 756 suis
1046 699 1436 764 ostenderunt,
1485 699 1563 754 ita
1608 709 1665 755 et
1705 715 1806 754 vos
1835 712 2061 770 quoque

428 806 569 846 eum
604 808 776 861 quem
808 792 973 849 decet
1014 792 1282 849 affectum
1316 807 1446 864 erga
1485 794 1758 865 synodum
1788 801 2059 857 sanctam,

429 897 607 952 quam
634 884 945 940 convenire
967 883 1234 956 jussistis,
1263 883 1545 940 declarate
1573 901 1587 937 :
1622 898 1735 954 quo
1776 883 1897 955 pias
1940 883 2061 954 ipsa

430 978 746 1049 gratiarum
808 979 1063 1036 actiones
1104 996 1207 1052 pro
1266 979 1489 1051 imperii
1548 979 1720 1035 vestri
1762 978 2062 1034 incolumi—

434 1079 553 1125 tate
611 1071 919 1140 persolvat,
968 1080 1030 1127 et
1087 1087 1193 1127 nos
1254 1087 1477 1143 quoque
1519 1086 1623 1141 pro
1680 1071 1839 1142 regni
1888 1071 2061 1126 vestri

431 1162 749 1219 stabilitate
793 1162 1027 1220 devotas
1078 1164 1150 1219 ad
1189 1164 1474 1221 Christum
1525 1164 1822 1221 Dominum
1867 1180 2063 1235 preces

434 1254 913 1311 transmittamus.
954 1275 976 1308 ι

490 1348 589 1402 57.
620 1348 935 1423 imperator
966 1350 1243 1407 acerrimo
1276 1352 1373 1406 illo
1403 1352 1842 1407 orthodoxorum
1869 1352 2060 1408 libello

430 1440 888 1511 expergefactus,
912 1452 971 1498 et
999 1443 1192 1498 amissi
1235 1443 1293 1499 in
1331 1444 1518 1501 Africa
1545 1446 1826 1502 exercitus
1858 1446 2059 1502 nuntio

432 1541 783 1598 commotus,
833 1550 1061 1590 necnon
1092 1536 1150 1591 S.
1182 1536 1487 1593 Pulchcrite
1507 1536 1719 1592 sororis
1749 1552 1863 1592 sua:
1884 1537 2064 1608 preci-

433 1628 549 1684 bus
570 1628 858 1701 fatigatus,
891 1628 1114 1685 saniora
1145 1628 1366 1685 tandem
1394 1628 1627 1685 consilia
1665 1628 1811 1695 iniit,
1847 1638 1904 1685 et
1961 1644 2054 1684 se-

437 1733 604 1794 ptem
664 1722 737 1777 ab
793 1729 1031 1793 utraque
1062 1731 1220 1794 parte
1270 1722 1490 1794 Epheso
1521 1720 2058 1794 Constantinopolim

2163 606 2516 661 tenebrarum
2543 610 2730 665 smeuli
2765 610 2931 683 hujus
2967 612 3296 677 rectoribus,
3333 613 3465 670 dum
3501 617 3770 687 nequitia:

2161 697 2454 768 Spiritibus
2476 701 2754 767 resistitis,
2775 704 3070 770 tolerastis,
3092 705 3374 762 auditione
3402 709 3717 779 accepimus
3749 726 3766 763 :

2163 790 2300 846 alias
2328 807 2461 847 vero
2485 803 2637 849 certa
2661 797 3022 866 experientiae
3050 797 3157 853 [ide
3185 798 3275 854 hic
3300 802 3585 856 constituti
3618 802 3769 857 didi-

2163 881 2392 955 cimus),
2427 892 2485 939 et
2522 884 2651 955 quia
2689 902 2912 942 rursum
2948 888 3017 943 ad
3059 905 3270 962 magna:
3316 890 3481 963 hujus
3528 893 3771 949 civitatis

2163 975 2704 1048 archiepiscopatum
2733 982 2973 1050 promoti
3010 996 3203 1037 sumus
3221 1024 3236 1047 ,
3267 982 3515 1055 dignare,
3546 985 3658 1039 Deo
3686 984 3771 1039 tli-

2159 1066 2486 1135 lectissime,
2518 1087 2645 1126 cum
2678 1074 2939 1144 precibus
2980 1090 3083 1129 nos
3109 1074 3325 1141 fulcire,
3371 1083 3487 1131 tum
3521 1076 3772 1133 consiliis

2162 1176 2387 1233 quoque
2428 1163 2700 1235 dirigere,
2741 1174 2857 1220 tum
2896 1166 3048 1221 omni
3088 1166 3328 1237 denique
3369 1168 3770 1226 benevolentia:

2162 1244 2350 1311 studio
2383 1257 2680 1328 prosequi;
2727 1273 2839 1329 quo
2889 1259 2994 1313 hac
3038 1259 3252 1314 ratione
3298 1260 3432 1317 illud
3468 1261 3770 1333 Scriptum

2163 1346 2375 1402 dictum
2417 1348 2473 1403 in
2496 1348 2658 1404 nobis
2692 1349 3061 1421 adimpleatur
3084 1367 3100 1404 :
3125 1348 3319 1405 Frater
3364 1353 3454 1423 qui
3480 1353 3770 1423 adjavatur

2161 1459 2196 1495 a
2232 1441 2420 1512 fratre,
2451 1444 2608 1514 quasi
2628 1445 2813 1498 civitas
2836 1443 2999 1513 ﬁrma
3039 1443 3237 1517 (Prov.
3277 1461 3428 1511 xvm,
3473 1445 3585 1517 19).
3626 1446 3769 1503 Vere

2161 1534 2368 1589 etenim
2404 1535 2710 1606 spiritualis
2748 1535 2993 1601 dilectio,
3025 1536 3238 1591 munita
3268 1536 3465 1593 civitas
3491 1545 3609 1605 est;
3648 1554 3772 1609 qua:

2163 1643 2345 1698 neque
2380 1627 2656 1683 cuniculis
2681 1628 2958 1684 adiabolo
3001 1628 3227 1695 suffodi,
3269 1644 3451 1699 neque
3494 1629 3655 1685 scalis
3700 1629 3770 1685 ab

2162 1720 2359 1776 eodem
2388 1726 2570 1791 potest
2596 1719 2868 1792 superari.
2908 1720 3100 1790 Neque
3121 1720 3271 1776 enim
3301 1719 3392 1776 illa
3428 1720 3647 1776 bellicis
3672 1719 3773 1776 Sa-

435 1814 595 1869 mitti
623 1815 923 1885 episcopos
941 1814 1134 1886 jussit.
1169 1814 1507 1875 Orthodoxis
1534 1814 1591 1871 in
1620 1815 1817 1871 urbem
1850 1814 2058 1885 regiam
2165 1821 2309 1868 tana:
2339 1811 2615 1867 machinis
2647 1811 2846 1868 cedere
2873 1812 3049 1879 novit,
3086 1821 3148 1867 ut
3181 1829 3304 1884 qua:
3347 1829 3378 1867 a
3414 1812 3636 1869 Christo
3659 1814 3770 1868 Do-

434 1906 577 1963 solis
621 1906 889 1962 admissis
922 1905 1266 1978 auditisque,
1309 1905 1448 1962 Acta
1483 1907 1754 1963 adversus
1792 1906 2063 1980 Cyrillum
2094 1888 2137 1943 B
2167 1906 2321 1961 mino
2359 1905 2724 1971 custodiatur,
2752 1905 2976 1962 Christo
3022 1906 3216 1977 utique
3251 1906 3366 1971 illo,
3399 1907 3495 1977 qui
3534 1915 3591 1963 et
3623 1907 3772 1963 hunc

434 1999 913 2068 Memnonemque
945 2006 1005 2053 et
1030 1998 1353 2055 universam
1376 1998 1650 2071 synodum
1684 1998 1909 2070 penitus
1933 1998 2065 2054 abo—

433 2093 830 2149 levit.Verum
857 2092 1265 2163 multiplicibus
1292 2092 1652 2149 factiosorum
1684 2091 1887 2147 libellis
1910 2090 2070 2146 indu—

432 2196 592 2252 ctus,
607 2200 710 2241 eos
720 2200 944 2256 quoque
964 2184 1024 2240 in
1042 2184 1240 2242 urbem
1257 2184 1504 2251 admisit,
1521 2193 1721 2241 etcum
1741 2181 2067 2239 orthodoxis

434 2276 751 2347 quinquies
777 2291 839 2331 se
866 2290 1059 2332 coram
1082 2290 1434 2348 congressos,
1478 2290 1545 2330 ac
1585 2283 1712 2345 post
1758 2273 1966 2329 multas
1995 2272 2064 2330 de

435 2366 746 2423 duodecim
772 2365 967 2440 Cyrilli
994 2365 1497 2430 anathematismis,
1521 2364 1769 2436 aliasque
1790 2362 2064 2435 ejusmodi

435 2459 894 2531 disputationes,
954 2458 1262 2531 impietatis
1317 2457 1625 2523 convictos,
1674 2456 1938 2529 praecepit
1995 2455 2065 2512 ad

434 2552 676 2623 propria
706 2550 938 2607 reverti.
972 2548 1158 2621 Atque
1194 2550 1345 2605 hunc
1379 2548 1603 2604 tandem
1652 2547 1818 2603 linem
1859 2547 2069 2604 habue-

436 2654 580 2702 runt
606 2645 1007 2702 haereticorum
1032 2651 1090 2699 et
1113 2641 1599 2699 sebismaticorum
1634 2640 1910 2697 seditiosae
1946 2657 2067 2696 ma-

436 2737 821 2793 chinationes.
849 2736 941 2802 Et,
966 2744 1109 2793 teste
1138 2735 1194 2793 S.
1220 2736 1496 2807 Prospero
1518 2743 1714 2790 contra
1732 2734 2067 2790 Collatorem

437 2829 552 2884 sub
579 2828 774 2895 finem,
815 2846 835 2881 ι
880 2843 1077 2885 omnes
1119 2828 1421 2883 orientales
1441 2824 1706 2883 Ecclesiae
1732 2825 1951 2898 gemina
1972 2840 2069 2896 pe—

437 2929 529 2976 ste
564 2919 818 2976 liberataa
836 2927 990 2987 sunt,
1012 2918 1240 2991 quando
1267 2918 1474 2992 Cyrillo
1501 2918 1891 2975 Alexandrinas
1913 2918 2068 2975 urbis

438 3013 735 3081 antistiti,
790 3013 1197 3087 gloriosissimo
1251 3012 1382 3068 fidei
1431 3011 1719 3069 catholica:
1762 3010 2065 3079 defensori,

437 3106 513 3162 ad
545 3104 954 3163 exsecrandam
983 3104 1371 3161 Nestorianam
1394 3102 1735 3174 impietatem
1764 3102 2069 3173 apostolico

2166 1996 2436 2053 mundum
2465 1997 2692 2064 devicit,
2724 2005 2781 2054 et
2810 1999 3146 2069 sempiterna
3177 1997 3322 2052 bona
3362 1997 3462 2053 tibi
3494 2013 3770 2069 pracpara-

2164 2090 2265 2152 vit.
2292 2089 2662 2160 etaliquando
2702 2090 3068 2146 nihilominus
3098 2090 3239 2145 dixit
3271 2108 3284 2144 :
3317 2088 3420 2156 Qui
3447 2108 3552 2145 non
3583 2091 3773 2161 accipit

2165 2197 2375 2258 crucem
2417 2198 2608 2246 suam,
2639 2191 2688 2236 et
2734 2182 2972 2254 sequitur
3030 2199 3132 2245 me,
3178 2198 3283 2237 non
3336 2190 3413 2236 est
3460 2199 3542 2237 me
3582 2183 3772 2252 dignus

2169 2274 2385 2350 (Matth.
2417 2292 2471 2341 ι,
2504 2275 2618 2348 58).
2650 2275 2791 2331 Cum
2826 2275 3013 2346 itaque
3046 2275 3269 2331 Christo
3297 2276 3531 2331 Domino
3570 2275 3775 2346 dignus

2166 2368 2432 2435 evaseris,
2472 2357 2768 2439 propterea
2806 2367 2952 2438 quod
3001 2384 3222 2423 crucem
3268 2376 3414 2422 tuam
3472 2366 3770 2430 sustulisti,

2168 2468 2518 2532 sectatorque
2555 2461 2708 2516 illius
2743 2460 2979 2516 effectus
3012 2460 3120 2528 sis;
3150 2459 3432 2516 Christum
3472 2476 3573 2531 pro
3610 2460 3775 2516 nobis

2168 2554 2455 2626 deprecari
2499 2570 2570 2610 ne
2604 2554 2849 2620 omittas,
2893 2553 3148 2613 fraternae
3181 2553 3405 2608 virtutis
3449 2561 3776 2609 ornamenta

2167 2645 2421 2717 proprias
2451 2646 2845 2718 praerogativas
2871 2661 2993 2702 esse
3025 2657 3197 2701 ratus.
3245 2646 3377 2702 Vale
3422 2646 3478 2703 in
3515 2646 3772 2713 Domino,

2167 2746 2225 2794 et
2256 2754 2358 2810 pro
2396 2754 2509 2803 me,
2545 2738 2662 2794 Deo
2708 2738 3075 2795 dilectissime
3112 2748 3171 2795 et
3215 2739 3563 2817 sanctissime
3604 2738 3777 2794 frater

2168 2846 2235 2887 ac
2270 2830 2673 2897 comminister,
2706 2847 2826 2887 ora.
2876 2852 2896 2884 ι

2239 2942 2327 2999 60.
2357 2943 2481 3000 Non
2502 2941 2704 2999 minori
2743 2944 2907 3001 laude
2935 2945 3181 3002 celebrat
3220 2946 3478 3002 eumdem
3509 2945 3775 3019 Cyrillum

2167 3035 2504 3093 leestinus
2535 3054 2676 3110 papa
2694 3038 2930 3110 epistola
2964 3037 3034 3094 ad
3076 3039 3288 3094 clerum
3313 3039 3779 3112 Constantinopo-

2169 3129 2425 3195 litanum,
2445 3131 2596 3187 edita
2613 3147 2682 3186 ex
2708 3130 2901 3188 codice
2919 3131 3188 3187 Vaticano
3208 3148 3239 3186 a
3260 3131 3501 3187 Baronio
3521 3148 3614 3187 an.
3639 3131 3774 3189 Chr.

439 3200 790 3297 Caelestinus
828 3199 1133 3297 auxiliatus
1177 3196 1517 3297 est_gladio,
1557 3211 1670 3267 quo
1697 3195 1864 3297 etiam
1904 3194 2066 3297 Pela-
2094 3238 2139 3297 Β
2173 3220 2298 3285 ιω,
2331 3194 2429 3276 ubi
2459 3236 2614 3277 num.
2642 3221 2714 3277 ει
2759 3222 2879 3277 ι,ωο
2909 3222 3225 3278 habemur;
3268 3242 3287 3274 ι
3325 3223 3573 3289 mustis,
3608 3240 3776 3295 quem

442 3292 621 3363 giani,
647 3291 782 3347 dum
807 3290 1060 3363 cognatis
1079 3288 1597 3347 conftederarentur
1628 3286 1939 3352 erroribus,
1964 3286 2068 3342 itc-

443 3400 575 3440 rum
609 3391 1126 3456 prosternerentur.
1172 3402 1192 3434 ι

518 3499 614 3557 58.
640 3498 936 3556 Nestorius
964 3498 1020 3554 in
1050 3498 1349 3570 pristinum
1378 3512 1542 3554 suum
1572 3495 1973 3553 monasterium
2004 3494 2062 3551 S.

440 3590 726 3662 Euprepii
753 3590 901 3662 apud
918 3590 1294 3653 Antiochiam.
1320 3590 1368 3647 si
1384 3589 1527 3647 forte
1542 3589 1918 3661 resipisceret,
1948 3598 2071 3645 tan-

445 3689 632 3761 tisper
659 3688 959 3761 relegatus,
987 3688 1197 3744 multos
1225 3686 1557 3759 contagione
1579 3685 1667 3741 sui
1687 3684 1897 3741 erroris
1922 3683 2070 3742 ama-

444 3783 569 3839 bat.
601 3780 788 3850 Quare
823 3781 880 3836 in
910 3780 1101 3837 Oasim
1131 3779 1492 3837 solitudinem
1525 3777 1715 3851 Libya:
1742 3778 2070 3834 amandatus

442 3882 561 3938 est,
600 3871 793 3943 ibique
836 3882 1029 3943 postea
1067 3870 1418 3937 verminante
1464 3870 1654 3942 lingua
1696 3869 2068 3926 miserabilem

444 3967 585 4023 vita:
612 3966 850 4023 sortitus
879 3966 1092 4022 exitum
1114 4006 1130 4033 ,
1170 3965 1331 4021 libris
1354 3965 1497 4037 ejus,
1526 3964 1827 4021 Theodosii
1863 3965 2066 4031 edicto,

438 4058 1018 4131 igneabsumptis.llli
1042 4058 1102 4115 in
1128 4058 1261 4116 sede
1286 4056 1900 4131 Constantinopolitana
1933 4058 2070 4115 sub-

443 4160 686 4225 rogatus
718 4161 807 4209 est
854 4150 1224 4209 Maximianus
1252 4152 1566 4227 presbyter,
1594 4152 1692 4224 qui
1713 4152 1783 4208 ad
1803 4151 2070 4224 Cyrillum

445 4244 559 4302 bas
582 4244 804 4301 litteras
827 4243 1005 4311 dedit,
1043 4253 1179 4301 tom.
1217 4243 1289 4300 IV
1321 4243 1526 4301 conci].
1565 4243 1797 4316 Ephes.,
1827 4258 1950 4315 cap.
1977 4243 2068 4299 εις

454 4358 477 4393 ι
505 4338 813 4409 Expletum
853 4346 944 4394 est
969 4335 1312 4394 desiderium
1340 4344 1521 4403 tuum,
1542 4336 1658 4392 Deo
1677 4335 2068 4418 devotissime:

445 4428 771 4503 perfectum
793 4436 902 4496 est,
927 4427 1081 4501 quod
1110 4427 1398 4501 religionis
1422 4442 1589 4486 causa
1613 4443 1970 4501 susceperas:
2001 4427 2072 4484 ad

447 4524 628 4581 ﬁnem
661 4522 999 4595 perductum
1021 4529 1112 4580 est
1137 4522 1365 4595 pietatis
1392 4530 1501 4580 tuae
1526 4531 1718 4580 votum
1744 4541 1758 4578 :
1791 4523 2071 4580 theatrum

2170 3329 2202 3368 a
2231 3315 2498 3371 memoria
2543 3315 2708 3387 digna
2747 3324 2938 3370 sancta
2985 3314 3355 3372 Alexandrina
3394 3318 3643 3373 Ecclesia
3685 3335 3777 3374 se-

2169 3407 2416 3463 cundum
2452 3408 2514 3462 B.
2542 3407 2699 3463 Pauli
2736 3407 2973 3478 apostoli
2998 3406 3048 3479 (1
3077 3405 3201 3463 Cor.
3226 3407 3279 3481 v)
3312 3410 3647 3464 sententiam
3662 3411 3776 3483 jam

2169 3500 2391 3558 sciretis
2416 3516 2539 3556 esse
2567 3509 2905 3556 correctum.
2942 3499 3179 3572 Legistis
3205 3517 3443 3572 namque
3468 3509 3525 3557 et
3559 3518 3777 3557 memo-

2172 3593 2310 3649 riter
2350 3595 2464 3665 jam
2500 3593 2699 3650 tenetis
2749 3592 3076 3658 sacerdotis,
3120 3593 3228 3649 hoc
3261 3605 3368 3659 est,
3408 3596 3668 3652 catholici
3708 3597 3779 3653 ad

2170 3685 2321 3742 hunc
2359 3684 2568 3756 scripta
2609 3685 2884 3753 doctoris,
2920 3686 3128 3757 quibus
3157 3703 3285 3743 eum
3320 3688 3398 3744 ita
3429 3697 3776 3761 corruptum,

2172 3788 2234 3837 ut
2263 3779 2401 3836 velit
2429 3793 2556 3835 esse
2585 3786 2891 3846 correctus,
2917 3778 3153 3845 studuit,
3182 3780 3347 3836 nixus
3384 3789 3470 3836 est
3499 3781 3781 3837 labentem

2172 3886 2435 3930 revocare
2459 3870 2748 3942 collegam,
2773 3871 3023 3942 porrexit
3058 3871 3310 3928 dextram
3339 3873 3644 3945 magisterii
3666 3873 3778 3941 sui,

2172 3965 2231 4022 in
2263 3980 2377 4023 uno
2413 3964 2611 4021 volens
2631 3964 2889 4035 plurimis
2911 3964 3210 4022 subvenire
3240 3983 3254 4021 :
3282 3966 3620 4036 percellebat
3656 3966 3782 4023 ani-

2171 4076 2326 4117 mum
2345 4059 2551 4115 veteris
2577 4058 2903 4127 sacerdotis,
2932 4058 3085 4130 quod
3114 4068 3274 4115 nutat
3297 4060 3594 4132 episcopus
3617 4062 3780 4119 ruina

2172 4152 2496 4208 multorum.
2524 4150 2669 4222 Egit,
2700 4150 2847 4207 sicut
2863 4151 3132 4223 scriptum
3160 4159 3247 4207 est
3270 4194 3285 4206 .
3307 4150 3626 4209 Benedicam
3648 4172 3782 4227 opus

2173 4242 2390 4300 Domini
2432 4240 2731 4313 diligenter.
2776 4241 2837 4296 In
2887 4241 3043 4297 nullo
3083 4243 3136 4298 ei
3183 4241 3364 4299 cilicio
3390 4246 3653 4315 apostoli
3692 4248 3778 4302 vir

2173 4335 2510 4408 apostolicus
2547 4334 2760 4390 defuit:
2789 4335 3122 4401 obsecravit,
3163 4336 3475 4404 admonuit,
3523 4338 3778 4409 increpa-

2173 4431 2274 4487 vit.
2303 4428 2485 4486 Atille
2504 4427 2601 4500 qui
2622 4427 2677 4483 in
2702 4426 3039 4499 profundum
3059 4427 3528 4500 blasphemiarum
3555 4445 3783 4486 suarum

2175 4521 2426 4595 pondere
2461 4529 2832 4594 mergeretur,
2866 4521 3005 4577 tanti
3037 4520 3144 4577 viri
3173 4520 3484 4577 doctrinam
3520 4538 3781 4588 renuens,

446 4617 642 4673 factus
669 4631 732 4672 es
758 4613 974 4687 angelis
993 4621 1053 4671 et
1076 4614 1421 4681 hominibus,
1453 4615 1843 4687 universisque
1862 4614 2073 4672 Christi
2105 4609 2150 4666 ι)
2174 4622 2233 4671 et
2268 4612 2480 4669 abusus
2508 4611 2755 4677 hortatu,
2793 4609 2994 4667 docilis
3033 4625 3155 4666 esse
3192 4609 3397 4677 renuit,
3434 4625 3560 4666 cum
3591 4610 3787 4666 doctor

445 4704 849 4764 sacerdotibus
880 4722 896 4760 :
936 4719 1122 4777 neque
1147 4705 1300 4761 enim
1328 4705 1512 4761 solum
1547 4704 1605 4760 in
1633 4704 1919 4762 Christum
1946 4719 2071 4762 cre-

445 4800 684 4869 didisti;
715 4799 816 4857 sed
852 4797 1208 4856 incommoda
1238 4813 1462 4870 quoque
1494 4813 1595 4870 pro
1624 4797 1745 4869 ipso
1771 4795 2071 4869 pertulisti.

446 4897 625 4954 Solus
658 4894 864 4967 dignus
914 4907 1120 4949 census
1157 4906 1220 4948 es
1260 4890 1358 4963 qui
1389 4890 1646 4963 stigmata
1679 4890 1830 4947 illius
1861 4890 1916 4946 in
1946 4905 2072 4947 cor-

447 5005 596 5061 pore
626 4996 728 5043 tuo
754 4994 1036 5058 portares.
1065 4983 1367 5041 Confessus
1399 4982 1555 5038 illum
1605 4998 1789 5038 coram
1830 4983 2073 5038 homini-

449 5085 586 5149 bus,
620 5079 970 5152 promeritus
1007 5092 1070 5133 es
1114 5084 1178 5132 ut
1217 5076 1382 5132 Pater
1425 5085 1478 5130 te
1522 5075 1852 5131 conﬁteatur
1887 5090 2076 5131 coram

449 5173 694 5247 angelis.
728 5168 1045 5228 Redimitus
1075 5183 1137 5226 es
1165 5167 1391 5225 coronis
1439 5183 1563 5238 quae
1585 5183 1689 5238 pro
1720 5168 1924 5238 pietate
1958 5182 2078 5223 cer-

451 5266 714 5325 tantibus
737 5264 1052 5329 debentur;
1075 5260 1307 5332 potuisti
1327 5260 1515 5316 omnia
1544 5259 1601 5315 in
1624 5258 1869 5328 Christo,
1900 5259 1996 5332 qui
2021 5269 2075 5316 te

398 5394 415 5400 -
450 5355 847 5422 confirmavit;
890 5352 1199 5409 humiliasti
1254 5352 1513 5409 Satanam
1564 5367 1665 5422 per
1714 5351 2074 5422 patientiam;

452 5447 851 5520 contempsisti
880 5455 1195 5513 tormenta;
1226 5444 1570 5502 conculcasti
1600 5443 1845 5500 furorem
1868 5444 2080 5515 princi-

454 5560 633 5619 pum;
675 5542 880 5598 famem
914 5555 1018 5611 pro
1059 5539 1235 5594 nihilo
1264 5537 1474 5594 duxisti
1503 5555 1516 5591 :
1548 5552 1749 5607 panem
1780 5537 1929 5592 enim
1975 5538 2077 5595 ha-

400 5682 409 5687 -
454 5636 641 5695 bcbas
672 5633 770 5706 qui
809 5633 881 5689 de
914 5631 1058 5688 caelo
1083 5628 1451 5693 descendens,
1472 5628 1756 5685 cmlestem
1781 5627 1952 5685 vitam
1971 5630 2079 5688 ho-

455 5728 715 5787 minibus
751 5725 1092 5797 impertitur.
1140 5742 1158 5775 ι

531 5823 625 5879 59.
672 5839 695 5874 ς
756 5818 898 5887 Quia
936 5832 1073 5873 vero
1118 5831 1223 5872 nos
1265 5813 1405 5869 nihil
1446 5811 1649 5868 horum
1693 5812 2070 5887 ignoravimus

457 5912 774 5989 (siquidem
805 5909 944 5967 alias
976 5917 1194 5966 vestras
1216 5904 1562 5973 amictiones,
1592 5920 1751 5978 quas,
1774 5905 1906 5965 dum
1925 5909 2082 5981 pria-

2176 4722 2302 4764 esse
2347 4720 2461 4761 non
2508 4715 2696 4776 posset
2727 4721 2742 4758 :
2783 4703 2899 4775 egit
2938 4702 3178 4774 injuriis,
3215 4709 3463 4758 tenacem
3497 4702 3634 4761 recti
3663 4716 3787 4757 esse

2178 4797 2561 4871 perversitatis
2582 4805 2830 4854 assertor
2855 4796 3146 4867 gloriatus.
3170 4795 3315 4851 lline
3350 4811 3460 4851 nec
3493 4794 3790 4851 contrista-

2181 4902 2272 4948 tus
2317 4900 2402 4948 est
2449 4890 2648 4957 frater,
2693 4906 2884 4946 secum
2939 4901 3204 4961 reputans
3241 4889 3391 4961 quod
3435 4889 3634 4945 merito
3679 4888 3788 4943 sibi

2180 5001 2453 5042 conservo
2476 4999 2590 5040 non
2619 4992 2895 5055 parceret,
2927 4983 3022 5055 qui
3052 4998 3155 5039 suo
3201 4982 3438 5038 Domino
3473 4981 3787 5053 derogaret.

2179 5080 2444 5136 inventus
2466 5086 2554 5135 est
2585 5093 2687 5149 per
2707 5072 3052 5149 diligentiam
3096 5077 3189 5132 ille
3217 5074 3287 5131 de
3320 5074 3619 5146 Evangelio
3645 5074 3790 5147 frugi

2181 5168 2328 5225 filius
2353 5175 2411 5224 et
2437 5168 2706 5240 providus
2736 5182 2966 5235 servus;
2996 5183 3124 5223 nam
3150 5175 3207 5223 et
3231 5173 3517 5237 paternam
3548 5168 3795 5223 servavit

2180 5261 2571 5328 substantiam,
2614 5268 2672 5316 et
2711 5261 2865 5317 auxit
2908 5273 3212 5315 numerum
3263 5258 3625 5314 talentorum.
3679 5259 3795 5315 Nec

2181 5353 2494 5425 duplicasse
2520 5368 2673 5418 eum,
2708 5353 2806 5409 sed
2845 5349 3245 5421 multiplicasse
3278 5348 3514 5405 dixerim
3560 5359 3792 5413 sortem,

2181 5461 2349 5519 quem
2407 5444 2740 5502 videbamus
2786 5445 2957 5525 etiam
3003 5445 3166 5516 longe
3216 5442 3414 5515 positis
3456 5441 3551 5513 pio
3600 5442 3795 5498 fenore

2181 5538 2529 5611 subvenisse.
2552 5537 2597 5595 Ο
2621 5545 2826 5595 sancta
2855 5537 3269 5609 pradicationis
3288 5552 3458 5594 usura
3478 5537 3493 5591 l
3515 5551 3682 5607 quam
3706 5536 3795 5590 hic

2183 5633 2416 5705 gratiam
2445 5639 2574 5687 ante
2599 5644 2955 5687 communem
2980 5631 3281 5688 Dominum
3312 5628 3442 5685 fidei
3486 5628 3797 5699 negotiator

2184 5725 2451 5793 inveniet,
2485 5724 2582 5797 qui
2611 5734 2841 5797 propter
2874 5727 3187 5783 animarum
3228 5725 3467 5786 lucrum,
3510 5720 3794 5791 negotium

2183 5826 2242 5875 et
2264 5817 2378 5873 illic
2393 5806 2663 5885 exercuit,
2691 5817 2788 5874 ubi
2813 5820 3018 5877 talenta
3054 5819 3306 5891 accepit?
3336 5816 3531 5872 Nonne
3553 5809 3650 5866 hic
3674 5827 3794 5866 me.-

2185 5912 2296 5997 rito
2325 5927 2356 5968 a
2384 5911 2787 5971 Patrefamilias
2802 5915 3095 5972 auditurus
3129 5923 3214 5971 est
3241 5931 3254 5967 ε
3290 5912 3457 5980 Euqc,
3491 5926 3638 5969 serve
3668 5908 3796 5964 bona
