4172 6438
455 405 529 462 55
1811 393 1868 448 S.
1910 390 2190 447 CYRILH
2231 388 2417 446 WTA.
3680 378 3751 434 36

470 530 520 576 et
572 518 765 590 ﬁdelis,
834 519 977 572 intra
1038 517 1092 571 in
1130 513 1385 587 gaudium
1435 511 1648 566 Domini
1696 511 1817 565 tui?
1851 509 2060 584 (Matth.
2097 520 2139 572 Α
2171 510 2390 574 tituros,
2425 507 2531 562 nisi
2562 521 2628 561 ea
2662 505 2819 575 prius
2857 519 2982 575 quae
3025 504 3209 559 facere
3236 503 3515 560 debebant
3563 504 3756 562 confe-

458 628 584 675 nv,
614 611 732 682 25.)
764 610 890 665 Haec
924 609 1054 663 huic
1081 611 1423 676 competunt,
1451 604 1547 675 qui
1576 604 1666 658 illa
1698 617 1919 673 quoque
1939 618 2062 672 qua:

456 704 583 759 aliis
618 713 749 758 sunt
782 701 1074 757 commissa
1106 697 1364 753 servavit.
1389 715 1410 748 ι
1447 697 1575 754 Ηωο
1599 695 1951 752 leestinus.

767 860 794 932 §
831 860 922 915 XI.
962 858 1341 914 Reconciliatio
1370 856 1756 913 Ecclesiarum.

537 996 628 1051 6i.
685 991 987 1049 leestino
1016 1005 1173 1061 papae
1207 1006 1301 1044 vui
1328 989 1458 1044 ldus
1488 988 1694 1060 Aprilis
1727 991 1839 1046 vita
1874 989 2063 1046 functo

460 1086 727 1142 successit
757 1084 946 1140 Sixtus
978 1084 1071 1148 lll,
1117 1099 1358 1153 quocum
1398 1083 1620 1138 tandem
1654 1095 1711 1139 et
1753 1083 1810 1139 S.
1859 1082 2064 1156 Cyrillo

457 1190 648 1245 pacem
675 1173 801 1228 iniit
829 1174 1071 1230 Joannes
1113 1172 1510 1237 Antiochenus,
1559 1173 1629 1229 iis
1675 1172 1876 1229 litteris
1914 1172 2062 1245 (cum

461 1268 586 1323 ﬁdei
613 1270 897 1325 catholica:
930 1269 1148 1324 sincera
1188 1265 1548 1338 professione)
1581 1266 1743 1333 datis,
1769 1281 1891 1337 qua:
1923 1264 2066 1321 refe-

458 1370 659 1415 runtur
688 1371 840 1416 tomo
868 1360 912 1416 V
941 1360 1144 1415 coneil.
1174 1359 1403 1430 Ephes.,
1444 1374 1601 1430 capp.
1646 1359 1679 1415 5
1711 1367 1767 1413 et
1795 1359 1881 1412 l7.
1917 1358 2062 1411 Exa-

459 1464 605 1509 ctam
646 1456 724 1509 rei
747 1462 915 1525 gesta:
946 1453 1147 1508 seriem
1178 1451 1370 1523 pandit
1396 1451 1513 1523 ipse
1535 1433 1774 1525 Cyrillus
1813 1448 2064 1521 Epistola

459 1546 532 1600 ad
564 1545 837 1617 Dynatum
868 1543 1137 1616 Nicopolis
1163 1546 1351 1599 ueteris
1384 1545 1539 1616 Epiri
1567 1546 1887 1617 episcopum,
1914 1551 2064 1598 tomo

456 1638 523 1703 ν,
569 1654 690 1708 cap.
732 1638 819 1702 i6,
870 1653 1037 1709 quam
1081 1638 1174 1692 hic
1212 1637 1454 1693 damus:
1513 1657 1530 1690 ι
1576 1637 1772 1708 Opera:
1818 1638 2063 1708 pretium

457 1727 591 1781 duxi
622 1727 886 1798 pietatem
929 1737 1076 1782 tuam
1106 1726 1174 1783 de
1204 1726 1273 1782 iis
1306 1727 1472 1782 rebus
1515 1728 1814 1783 certiorem
1854 1725 2059 1790 facere,

458 1837 583 1891 quae
630 1836 798 1890 super
844 1820 1216 1876 Ecclesiarum
1251 1834 1385 1890 pace
1426 1818 1812 1874 constituenda
1856 1833 2063 1872 evene-

458 1921 608 1967 runt.
652 1911 817 1967 Venit
862 1912 1047 1982 itaque
1091 1911 1351 1966 dominus
1403 1925 1561 1965 meus
1606 1909 2064 1980 praeclarissimas

459 2008 717 2063 tribunus
745 2015 801 2063 et
831 2007 1080 2062 notarius
1106 2005 1412 2061 Aristolaus
1442 2004 1813 2068 Antiochiam,
1849 2003 2065 2058 litteras

458 2099 638 2169 regias
663 2114 850 2154 secum
882 2098 1158 2162 deferens,
1190 2097 1393 2168 quibus
1419 2096 1617 2152 Joanni
1664 2095 1915 2166 piissimo
1954 2095 2062 2149 Ec-

456 2191 640 2246 elesite
672 2190 1029 2246 Antiochena:
1067 2188 1328 2260 episcopo
1370 2188 1738 2243 mandabatur
1798 2197 1858 2243 ut
1887 2188 2062 2243 scele-

458 2292 572 2337 rata
603 2280 843 2337 Nestorii
863 2280 1118 2351 dogmata
1135 2277 1648 2343 anathematizaret,
1674 2293 1892 2333 necnon
1953 2293 2062 2332 una

455 2388 582 2427 cum
623 2387 780 2427 sacra
828 2370 1039 2443 synodo
1085 2368 1448 2440 depositionis
1495 2367 1826 2423 sententiam
1869 2377 2062 2422 contra

456 2461 613 2515 illum
631 2462 820 2527 ferret,
837 2476 1012 2530 eaque
1032 2460 1243 2514 ratione
1264 2459 1331 2513 ad
1352 2467 1596 2513 nostram
1618 2458 2065 2513 communionem

453 2553 602 2607 viam
624 2552 730 2607 sibi
759 2552 1022 2606 muniret.
1058 2570 1077 2602 ι
1115 2551 1183 2606 Et
1206 2551 1324 2606 hzec
1353 2549 1578 2621 quidem
1617 2565 1810 2605 earum
1841 2550 2063 2605 littera-

463 2650 591 2698 ruin
632 2659 848 2697 summa
881 2652 1023 2698 erat.

528 2736 615 2791 62.
666 2734 945 2801 «Quidam
1001 2743 1185 2790 autem
1233 2749 1300 2789 ex
1351 2733 1719 2789 orientalibus
1765 2732 2064 2805 episcopis,

456 2828 554 2899 qui
589 2828 906 2883 Nestorium
930 2828 1071 2883 forte
1100 2827 1338 2882 necdum
1367 2826 1832 2892 condemnarunt,
1862 2827 1960 2882 sed
1984 2826 2066 2881 illi

456 2937 625 2991 porro
653 2921 857 2986 favere,
890 2932 1207 2990 rectumque
1236 2920 1398 2975 ﬁdem
1422 2919 1647 2975 turbare
1677 2927 1935 2990 pergunt,
1964 2935 2067 2975 Ie-

457 3031 568 3086 que
600 3014 809 3087 Christi
827 3013 1076 3069 omnium
1099 3011 1410 3067 Servatoris
1428 3010 1606 3066 nostri
1637 3010 1871 3081 gloriam
1899 3025 2069 3082 agno-

452 3115 652 3172 scunt;
702 3106 965 3169 Acacium
1013 3104 1423 3159 sanctissimum
1478 3102 1904 3174 piissimumque
1958 3104 2064 3160 Be-

2164 601 2388 663 cissent,
2406 600 2680 655 miserunt
2698 596 3084 652 Alexandriam
3105 598 3334 653 Paulum
3348 598 3757 669 pientissimum

2164 693 2752 765 religiosissimumque
2796 689 3187 746 Emisenorum
3225 690 3570 762 episcopum,
3619 694 3758 750 affe-

2163 794 2377 841 rentem
2434 785 2659 855 quidem
2716 783 2786 839 ad
2835 782 3246 839 communionis
3304 784 3757 841 instaurationem

2164 877 2519 949 pertinentia,
2555 891 2750 947 parum
2784 884 2969 930 tamen
2998 874 3204 931 decore
3227 885 3286 930 et
3314 877 3604 933 commode
3629 893 3759 949 pro-

2165 970 2342 1041 posita
2367 987 2380 1022 :
2407 985 2522 1040 pra:
2542 984 2601 1024 se
2622 967 2872 1022 ferebant
2895 966 3043 1021 enim
3057 968 3239 1038 justas
3271 968 3536 1037 quasdam
3564 983 3763 1039 quere-

2164 1063 2248 1117 las
2270 1066 2540 1117 adversus
2571 1076 2674 1116 nos
2710 1075 2771 1115 se
2802 1060 3028 1125 habere,
3060 1074 3129 1115 eo
3156 1059 3305 1130 quod
3331 1059 3580 1130 quadam
3616 1077 3646 1115 a
3668 1076 3760 1116 sa-

2164 1169 2262 1219 cro
2281 1154 2538 1219 concilio,
2572 1168 2753 1223 neque
2784 1161 2934 1208 recte
2951 1152 3119 1217 dicta,
3156 1166 3336 1224 neque
3362 1159 3510 1207 recte
3539 1167 3762 1223 quoque

2164 1245 2309 1301 facta
2339 1254 2544 1301 essent.
2571 1246 2775 1302 Verum
2816 1244 3133 1317 huiusmodi
3203 1244 3466 1316 epistolas
3500 1245 3759 1316 equidem

2164 1352 2276 1391 non
2304 1336 2523 1404 admisi,
2575 1335 2673 1391 sed
2719 1336 2872 1391 dixi:
2913 1335 3054 1392 Cum
3100 1335 3170 1391 de
3211 1336 3492 1406 prioribus
3542 1337 3761 1392 veniam

2165 1431 2490 1501 suppliciter
2510 1440 2699 1501 petere
2724 1430 3013 1495 deberent,
3041 1445 3212 1485 novas
3240 1429 3438 1484 iterum
3469 1440 3761 1486 contume-

2164 1519 2269 1575 lias
2297 1520 2503 1576 inferre
2529 1519 2812 1576 festinant.
2839 1519 2979 1576 Cum
3011 1529 3196 1576 autem
3244 1529 3582 1578 memoratus
3622 1522 3759 1594 piis-

2165 1616 2339 1670 simus
2384 1614 2679 1686 episcopus
2724 1614 2929 1670 factum
2982 1623 3292 1678 excusaret,
3340 1615 3763 1686 juramentoque

2165 1708 2271 1763 hoc
2295 1707 2515 1763 illorum
2544 1707 2890 1779 propositum
2919 1722 3032 1761 non
3057 1721 3179 1763 esse
3212 1706 3528 1774 afﬁrmaret,
3558 1724 3627 1763 ex
3649 1723 3766 1765 me-

2165 1816 2226 1856 ra
2255 1810 2440 1856 autem
2478 1800 2649 1855 animi
2692 1797 3049 1869 simplicitate
3087 1798 3272 1854 isthuc
3302 1799 3505 1855 litteris
3535 1800 3651 1855 suis
3675 1800 3763 1854 in-

2163 1891 2426 1957 seruisse,
2459 1890 2775 1946 dilectionis
2808 1905 2974 1948 causa
2996 1889 3382 1962 purgationem
3408 1889 3626 1946 admisi.

2234 1987 2325 2043 64.
2362 2005 2380 2037 ι
2410 1984 2684 2042 Caeterum
2721 2000 2833 2041 non
2866 2000 3025 2057 prius
3054 1985 3211 2039 illum
3237 1984 3305 2039 ad
3329 1985 3576 2056 synaaim
3606 1998 3764 2041 rece-

2163 2079 2241 2150 pi,
2278 2095 2443 2150 quam
2482 2079 2671 2136 oblato
2716 2079 2923 2143 libello,
2972 2077 3212 2135 Nestorii
3248 2077 3503 2149 dogmata
3538 2077 3766 2148 proprio

2163 2169 2532 2240 chirographo
2588 2168 3140 2234 anathematisasset;
3186 2181 3416 2237 seseque
3465 2167 3620 2223 illum
3662 2183 3765 2238 pro

2164 2262 2421 2332 deposito
2452 2261 2680 2324 habere,
2706 2261 2928 2331 publice
2956 2260 3246 2316 confessus
3262 2267 3430 2324 esset,
3459 2269 3519 2315 et
3543 2260 3769 2315 ordina-

2167 2353 2303 2408 tioni
2343 2352 2568 2407 tandem
2612 2349 3011 2422 religiosissimi
3050 2349 3294 2421 episcopi
3329 2348 3642 2405 Maximiani
3674 2365 3764 2405 as-

2164 2446 2448 2502 sensisset.
2474 2444 2639 2500 Petiit
2669 2452 2854 2499 autem
2886 2451 2970 2509 ut,
3001 2442 3208 2499 libellis
3242 2442 3491 2498 omnium
3520 2443 3766 2499 orienta-

2163 2539 2301 2593 lium
2352 2538 2741 2609 episcoporum
2798 2536 2921 2591 loco
2965 2535 3168 2591 oblatis
3225 2536 3596 2607 receptisque,
3623 2537 3765 2591 nihil

2166 2631 2403 2702 amplius
2443 2630 2742 2701 exigerem.
2791 2627 2901 2685 Sed
2938 2627 3090 2683 nulla
3136 2628 3349 2684 ratione
3389 2627 3445 2684 id
3490 2627 3610 2683 fieri
3643 2644 3764 2685 sum

2166 2738 2362 2794 passus
2392 2739 2405 2775 :
2439 2720 2535 2776 sed
2560 2720 2793 2777 domino
2822 2735 2948 2776 meo
2988 2719 3411 2791 praeclarissimo
3453 2719 3677 2775 tribuno
3703 2737 3769 2776 ac

2166 2813 2385 2870 notario
2402 2814 2649 2868 chartam
2680 2813 2829 2879 misi,
2852 2828 2962 2883 qua
2987 2812 3041 2868 ei
3070 2810 3410 2883 significavi:
3442 2811 3502 2867 Si
3530 2812 3769 2869 Joannes

2166 2903 2550 2976 pientissimus
2601 2902 2864 2958 Ecclesia:
2920 2901 3279 2957 Antiocheam
3333 2900 3627 2971 episcopus
3687 2899 3767 2954 illi

2166 2996 2585 3068 subscripserit,
2617 3003 2752 3051 tunc
2778 2995 3003 3051 demum
3035 2992 3480 3049 communionem
3512 2993 3621 3048 illis
3644 2991 3769 3048 red-

2166 3090 2318 3156 dite;
2347 3104 2489 3161 aagre
2518 3087 2668 3143 enim
2698 3086 2920 3142 illorum
2954 3101 3165 3141 moram
3196 3085 3407 3141 ferebat
3431 3084 3770 3140 clarissimus

456 3200 755 3256 rmensium
809 3198 1152 3269 episcopum,
1182 3205 1245 3252 ut
1273 3196 1342 3252 ad
1385 3210 1473 3251 me
1506 3196 1793 3264 scriberet,
1827 3198 2063 3256 nonnul-

2171 3183 2431 3241 tribunus
2460 3181 2787 3238 An’stolaus.
2820 3179 2961 3237 Cum
2996 3180 3164 3252 igitur
3201 3179 3487 3251 piissimus
3530 3178 3771 3235 Joannes

454 3294 618 3363 laque
661 3292 925 3356 absurda,
969 3307 1093 3361 qua:
1134 3290 1240 3362 ipsi
1291 3289 1667 3362 postulabant,
1703 3301 2061 3362 proponeret,

457 3386 815 3457 instigarunt.
854 3384 1096 3455 Urgebat
1125 3383 1336 3439 etenim
1375 3391 1438 3440 ut
1478 3383 1759 3450 omnibus,
1797 3399 1923 3454 qua:
1963 3385 2064 3439 ad-

454 3495 653 3535 versus
673 3478 989 3535 Nestorium
1010 3476 1354 3548 scripsimus,
1384 3475 1626 3543 abolitis,
1656 3486 1713 3532 et
1767 3477 1940 3533 veluti
1982 3477 2068 3532 ἤι-

456 3573 691 3628 utilibus
720 3571 959 3644 rejectis,
983 3571 1162 3626 solum
1194 3571 1504 3643 symbolum
1528 3586 1559 3626 a
1583 3570 1790 3626 sanctis
1807 3570 2066 3627 Patribus

456 3665 513 3720 in
543 3665 765 3720 civitate
796 3663 977 3719 Nicaea
1007 3663 1360 3735 congregatis
1379 3662 1695 3734 expositum
1740 3662 2062 3718 admittere-

455 3754 601 3813 mus.
648 3757 895 3812 Meminit
938 3756 1200 3810 sanctitas
1247 3762 1361 3823 tua,
1413 3755 1671 3812 eamdem
1724 3755 1869 3812 hanc
1947 3771 2064 3811 rem

459 3850 671 3903 ursisse
695 3863 918 3919 quoque
954 3862 1083 3902 cum
1127 3861 1308 3917 nuper
1340 3846 1398 3902 in
1425 3846 1797 3918 Ephesiorum
1840 3846 2066 3903 civitate

457 3940 644 3995 adhuc
672 3939 924 3994 aderant.
960 3938 1076 4009 Ego
1108 3951 1240 3993 vero
1267 3935 1338 3993 ad
1368 3937 1488 3992 haec
1519 3937 1801 4008 rescripsi,
1832 3952 1952 3993 rem
1994 3938 2065 3993 il-

454 4033 542 4090 los
568 4033 849 4105 postulare
872 4031 1143 4103 ejusmodi
1182 4046 1305 4102 qua:
1343 4029 1462 4086 fieri
1492 4031 1654 4102 plane
1700 4046 1813 4087 non
1858 4040 2063 4103 posset,

456 4125 609 4195 quod
678 4138 1028 4195 quaecunque
1071 4123 1503 4193 scripsissemus,
1556 4131 1707 4180 recte
1748 4122 2066 4195 scripsisse-

456 4233 617 4284 mus;
658 4225 851 4287 utpote
889 4224 1055 4273 rectae
1088 4214 1492 4286 inculpaueque
1522 4214 1651 4270 ﬁdei
1691 4215 1899 4287 ubique
1944 4215 2065 4270 suf-

456 4308 679 4379 fragati,
707 4309 961 4379 nihilque
990 4308 1064 4364 ob
1095 4308 1151 4363 id
1182 4323 1378 4363 eorum
1428 4307 1678 4363 omnium
1703 4323 1829 4378 quae
1847 4322 1880 4363 a
1904 4307 2069 4363 nobis

456 4400 662 4472 scripta
694 4409 901 4466 essent,
949 4400 1212 4456 damnare
1244 4408 1344 4454 aut
1374 4415 1578 4472 negare
1599 4414 1712 4456 non
1743 4414 1926 4469 posse.
1956 4400 2067 4455 Ne-

456 4508 566 4563 que
589 4492 739 4548 enim
768 4491 1074 4563 quidquam
1114 4490 1344 4546 omnino
1389 4497 1597 4545 temere
1637 4504 1669 4544 a
1714 4504 1805 4545 me
1850 4488 2065 4549 dictum

2166 3274 2605 3346 subscripsisset,
2658 3273 2977 3344 exterique,
3032 3273 3129 3344 qui
3184 3274 3390 3345 majore
3441 3272 3768 3328 auctoritate

2164 3368 2310 3441 apud
2355 3368 2538 3439 ipsum
2570 3374 2749 3431 erant,
2785 3365 3027 3421 Nestorii
3054 3364 3364 3421 doctrinam
3399 3363 3767 3418 anathemati»

2164 3472 2405 3528 zassent,
2429 3469 2488 3517 et
2510 3459 2660 3532 quod
2687 3459 2870 3531 ipsum
2906 3474 3007 3531 pro
3036 3458 3292 3530 deposito
3327 3456 3617 3521 haberent,
3644 3470 3771 3527 pro-

2164 3554 2298 3610 fessi
2323 3559 2548 3622 essent;
2587 3550 3014 3623 Maximianique
3054 3549 3451 3623 religiosissimi
3477 3547 3763 3619 pientissi-

2165 3647 2354 3718 Inique
2397 3644 2646 3718 episcopi
2709 3643 3113 3701 ordinationem
3153 3642 3569 3714 approbassem,
3611 3657 3766 3697 com-

2164 3740 2486 3797 munionem
2528 3737 2639 3793 illis
2683 3737 3048 3795 restituimus.
3102 3736 3232 3793 Hac
3273 3735 3426 3790 enim
3451 3735 3592 3800 sola,
3639 3748 3766 3789 cum

2166 3829 2373 3902 Ephesi
2395 3829 2581 3886 adhuc
2607 3836 2821 3895 essent,
2849 3843 2883 3884 a
2903 3842 3060 3885 saera
3084 3826 3296 3900 synodo
3324 3825 3394 3883 ab
3424 3825 3559 3897 ipsis
3578 3826 3766 3898 exige-

2167 3924 2391 3981 bantur.
2431 3942 2453 3978 ι

2238 4037 2329 4093 65.
2366 4037 2593 4104 Paulus,
2621 4053 2682 4093 re
2708 4037 2852 4093 bene
2878 4033 3153 4100 confecta,
3181 4031 3252 4088 ad
3279 4032 3544 4090 Joannem
3571 4032 3766 4087 Antio-

2166 4129 2407 4189 chenum
2459 4130 2729 4201 aliosque,
2781 4144 2814 4183 a
2863 4126 3070 4199 quibus
3122 4125 3191 4181 ad
3245 4125 3512 4198 Cyrillum
3562 4125 3769 4180 missus

2169 4220 2374 4288 fuerat,
2421 4221 2592 4278 rediit
2636 4219 2879 4276 afferens
2924 4233 3113 4276 secum
3164 4216 3233 4273 ad
3279 4216 3460 4289 ipsum
3501 4215 3766 4279 Joannem

2169 4315 2482 4387 epistolam,
2518 4328 2627 4384 qua
2665 4328 2773 4384 pax
2811 4310 3289 4382 tmequillitasque
3320 4307 3581 4364 Ecclesiae
3621 4316 3768 4361 esset

2171 4406 2407 4462 reddita.
2453 4406 2586 4478 Ejus
2629 4402 2881 4476 epistolae
2918 4404 3027 4458 hoc
3069 4392 3156 4457 est
3198 4399 3511 4463 exordium,
3552 4414 3673 4468 cap.
3710 4398 3764 4461 ϐ.

2168 4502 2320 4550 tomo
2345 4494 2434 4550 IV:
2463 4513 2482 4544 ε
2517 4493 2788 4548 Lartentur
2809 4490 2926 4546 coeli
2954 4500 3006 4544 et
3034 4488 3259 4544 exsultet
3282 4496 3424 4542 terra
3444 4486 3620 4561 (Psal.
3644 4503 3765 4553 xcv,

457 4595 555 4639 aut
583 4584 853 4655 scriptum
873 4591 981 4649 est,
1013 4590 1077 4637 ut
1096 4582 1190 4637 isti
1217 4582 1432 4646 dicunt,
1463 4582 1558 4637 sed
1594 4597 1660 4636 ea
1686 4590 1900 4637 tantum
1925 4598 1957 4638 a
1976 4600 2065 4641 me
2092 4595 2143 4654 ι)
2170 4586 2261 4660 ll)
2298 4605 2311 4641 :
2349 4587 2593 4642 solutum
2621 4586 2771 4641 enim
2795 4592 2883 4640 est
2910 4581 3263 4638 intervallum
3304 4580 3590 4647 maceriae;
3619 4580 3767 4650 quod

457 4676 605 4731 dicta
654 4686 713 4732 et
756 4676 962 4746 scripta
1011 4684 1160 4739 sunt,
1203 4690 1327 4744 qua:
1371 4689 1499 4729 cum
1544 4673 1673 4729 fidei
1726 4675 2060 4734 rectitudine

459 4770 668 4840 ubique
691 4767 1035 4839 conspirant,
1067 4766 1398 4836 veritatique
1422 4781 1525 4837 per
1554 4766 1739 4822 omnia
1768 4778 2061 4826 consenta-

457 4876 562 4916 nea
612 4869 761 4916 sunt.
812 4857 1013 4914 Addidi
1056 4871 1212 4922 vero,
1258 4858 1467 4913 rectius
1510 4858 1660 4929 ipsos
1704 4859 1969 4925 facturos,
2015 4863 2061 4918 si

459 4950 787 5020 ambagibus
830 4947 942 5003 illis
985 4945 1455 5017 dilationibusque
1500 4949 1704 5019 quibus
1741 4950 2059 5018 utebantur,

459 5041 664 5106 missis,
692 5040 946 5109 intraque
973 5037 1111 5094 recti
1136 5046 1194 5093 et
1216 5039 1517 5094 necessarii
1552 5041 1759 5097 limites
1780 5058 1903 5099 sese
1930 5059 2065 5099 con-

459 5133 721 5196 tinentes,
758 5130 991 5201 piissimi
1022 5130 1246 5200 Deoque
1280 5131 1624 5189 dilectissimi
1659 5134 1793 5206 imp.
1817 5136 2060 5206 placitis,

455 5239 737 5294 sacraeque
773 5223 968 5295 synodi
999 5223 1239 5279 decretis
1262 5226 1712 5295 acquiescerent;
1736 5242 1801 5283 ac
1822 5227 2060 5283 Nestorii

457 5331 629 5388 nugas
665 5316 1127 5388 hlasphemasque
1162 5318 1412 5389 ejusdem
1447 5328 1639 5374 contra
1662 5319 1947 5375 Christum
1966 5335 2063 5374 vo-

455 5424 549 5463 ces
584 5409 1150 5478 anathematizarent;
1184 5427 1400 5481 necnon
1452 5421 1508 5468 et
1554 5412 1960 5483 depositionem
1991 5412 2060 5466 il-

456 5501 565 5555 lius
588 5500 792 5571 justam
819 5515 942 5558 esse
969 5515 1357 5575 agnoscerent,
1381 5513 1437 5560 et
1466 5504 1806 5560 ordinationi
1839 5503 2060 5558 tandem

454 5591 791 5645 sanctissimi
815 5592 1256 5663 pientissimique
1282 5596 1531 5666 episcopi
1563 5592 1878 5649 Maximiani
1925 5593 2060 5648 sub-

456 5684 783 5740 scriberent.

528 5800 615 5856 65.
656 5821 674 5853 ι
708 5800 845 5858 Cum
878 5803 1066 5874 itaque
1097 5804 1199 5859 has
1231 5803 1298 5858 ad
1331 5802 1455 5857 illos
1490 5801 1701 5856 litteras
1741 5798 2019 5855 misissem
2042 5841 2057 5865 ,

457 5891 959 5953 animadvertentes
987 5911 1109 5953 sese
1144 5894 1535 5953 communione
1576 5908 1924 5965 nequaquam
1955 5908 2057 5963 po—

2163 4695 2465 4737 moerorem
2511 4678 2818 4744 afferebat,
2864 4675 3212 4747 conquievit;
3248 4683 3307 4731 et
3338 4689 3503 4730 omne
3544 4675 3765 4729 tandem

2163 4769 2522 4825 dissidiorum
2566 4782 2742 4839 genus
2773 4767 3053 4845 sublatum
3092 4772 3215 4833 est;
3250 4765 3499 4821 omnium
3540 4765 3764 4836 quidem

2162 4871 2416 4917 nostrum
2438 4860 2723 4916 Salvatore
2746 4859 2966 4915 Christo
2993 4874 3186 4930 pacem
3203 4858 3469 4914 Ecclesiis
3494 4858 3610 4913 suis
3629 4874 3763 4914 cou-

2166 4956 2412 5017 eiliante,
2443 4951 2880 5024 religiosissimis
2896 4961 3103 5016 autem,
3136 4952 3361 5021 Deoque
3389 4950 3767 5007 dilectissimis

2162 5040 2614 5112 imperatoribus,
2667 5055 2772 5096 nos
2823 5040 2892 5096 ad
2951 5041 3100 5096 istud
3157 5040 3607 5112 provocantibus.
3659 5040 3765 5107 Qui

2163 5150 2289 5192 cum
2332 5134 2493 5189 avita:
2522 5132 2804 5204 religionis
2844 5134 3039 5205 optimi
3085 5134 3433 5189 aemulatores
3476 5133 3763 5199 exsistant,

2162 5226 2293 5281 dant
2342 5239 2569 5295 operam
2604 5233 2667 5279 ut
2695 5224 2859 5282 fidem
2888 5234 3095 5282 rectam
3127 5226 3326 5283 animis
3363 5227 3479 5283 suis
3518 5224 3761 5289 infixam,

2164 5318 2380 5372 ﬁrmum
2402 5317 2795 5389 immotamque
2815 5318 3153 5374 custodiant.
3175 5317 3319 5387 Quin
3344 5327 3402 5374 et
3430 5318 3763 5388 singularem

2161 5422 2385 5479 quoque
2406 5408 2616 5464 sanctis
2637 5409 2900 5465 Ecclesiis
2919 5424 3111 5464 curam
3130 5410 3476 5481 impendunt,
3497 5424 3609 5479 quo
3634 5409 3764 5463 hinc

2161 5500 2426 5555 nimirum
2450 5510 2508 5556 et
2524 5501 2755 5572 gloriam
2776 5501 3065 5558 obtineant
3088 5510 3433 5574 perpetuam,
3450 5508 3509 5556 et
3532 5516 3763 5575 regnum

2162 5609 2325 5649 suum
2364 5593 2817 5651 ﬂereﬁtissimum
2847 5593 3207 5651 constituant.
3238 5614 3257 5647 ι

2233 5708 2322 5762 66.
2353 5708 2486 5775 Qme
2525 5725 2556 5763 a
2592 5709 2778 5764 reditu
2828 5710 2985 5766 Pauli
3026 5710 3396 5780 contigerunt,
3451 5708 3527 5763 ita
3574 5716 3762 5773 narrat

2162 5799 2453 5855 Liberatus
2482 5800 2539 5855 in
2574 5801 2876 5867 Breviario,
2921 5818 3078 5872 capp.
3113 5802 3147 5856 8
3176 5801 3285 5857 et9
3332 5819 3346 5855 :
3387 5820 3405 5854 ‹
3443 5802 3761 5858 Ascendens
3836 5832 3843 5837 -

2160 5907 2294 5963 ergo
2313 5891 2658 5948 Antiochiam
2675 5893 2897 5961 Paulus,
2916 5893 3327 5950 obtulitJoanni
3344 5890 3759 5964 archiepiscopo
