4172 6436
358 354 439 409 37
1748 354 1805 411 S.
1848 350 2125 411 CYRILLI
2166 353 2344 409 \‘lTA.
2442 394 2451 401 ι
3621 362 3694 416 38

359 478 425 523 et
460 467 620 523 omni
667 466 911 524 concilio
958 470 1104 540 ejus,
1149 468 1443 540 epistolam
1487 470 1700 543 Cyrilli.
1752 474 1880 540 Qui,
1929 482 1990 527 ut
2024 484 2060 536 Α
2090 469 2579 541 aceeperit.Quem
2604 480 2785 525 tamen
2810 480 3034 525 secutus
3059 478 3141 525 est
3171 469 3475 527 Photiusin
3499 471 3693 530 Biblio~

358 569 759 633 cognoverunt
784 577 914 616 eum
952 563 1268 631 suscepisse
1317 560 1483 617 fidem
1526 578 1559 618 a
1600 578 1660 619 se
1693 563 1985 631 directam,

357 666 422 710 et
450 657 511 710 in
535 656 664 726 ejus
686 654 980 725 scripsisse
1002 654 1503 722 confirmationem,
1525 670 1717 727 pacem
1741 673 1868 713 cum
1896 672 1964 713 eo

356 754 420 800 et
443 747 572 818 ejus
608 746 870 803 fecerunt
901 746 1165 811 concilio,
1192 746 1521 805 damnantes
1552 749 1893 816 Nestorium,
1932 759 1990 807 et

358 840 751 910 suscipientes
784 839 1201 905 Maximianum,
1235 841 1330 911 qui
1351 856 1453 912 pro
1481 842 1577 898 illo
1603 843 1783 899 factus
1808 842 1990 899 fuerat

356 931 704 1002 episcopus;
780 931 1174 988 dubitantibus
1223 933 1405 990 adhuc
1464 950 1533 990 ex
1584 936 1668 991 eis
1715 936 1993 1008 aliquibus

359 1023 584 1095 Cyr-illo
630 1024 1074 1089 communicare,
1128 1026 1458 1095 putantibus
1491 1041 1620 1082 eum
1658 1043 1893 1093 errasse,
1933 1037 1988 1083 et

359 1124 567 1185 postea
586 1115 882 1171 veritatem
912 1117 1224 1188 agnovisse,
1248 1125 1305 1173 et
1331 1118 1686 1189 eulpantibus
1721 1120 1987 1175 Joannem

360 1223 470 1263 cur
503 1208 575 1263 ab
607 1223 677 1263 eo
703 1224 819 1264 non
842 1210 1141 1280 expetierit
1173 1209 1548 1281 capitulorum
1594 1212 1717 1284 ejus
1757 1212 1988 1267 damna-

362 1302 603 1357 tionem.
638 1302 722 1357 Ex
756 1302 933 1357 altera
963 1310 1148 1358 autem
1188 1311 1345 1374 parte
1385 1303 1611 1373 quidam
1645 1303 1715 1359 de
1758 1304 1987 1374 palatio,

358 1412 465 1467 per
500 1396 797 1467 Eulogium
816 1395 1206 1468 presbyterum
1240 1404 1298 1452 et
1319 1396 1722 1467 apocrisarium
1754 1396 1991 1452 Alexan-

359 1488 547 1545 drime
573 1488 859 1553 Ecclesiae,
893 1489 1258 1559 culpaverunt
1289 1489 1578 1563 Cyrillum,
1602 1506 1704 1545 cur
1731 1506 1991 1562 suscepe-

360 1582 438 1636 rit
467 1581 544 1636 ab
575 1580 950 1636 orientalibus
994 1581 1274 1653 episcopis
1306 1582 1542 1639 duarum
1577 1584 1987 1641 confessionem

359 1684 724 1739 naturarum,
754 1672 907 1747 quod
937 1673 1230 1730 Nestorius
1262 1674 1404 1729 dixit
1432 1684 1489 1731 et
1527 1675 1735 1731 docuit.
1778 1676 1886 1732 Sed
1931 1686 1989 1733 et

360 1766 669 1835 Valeriano
721 1765 895 1821 leonii
918 1806 933 1832 ,
976 1773 1036 1822 et
1089 1767 1293 1823 Acacio
1336 1768 1671 1825 Melitinensi
1712 1770 1988 1841 episcopis

360 1857 474 1911 hoc
506 1855 694 1927 ipsum
735 1856 806 1912 de
846 1855 1054 1930 Cyrillo
1088 1856 1402 1913 videbatur.
1452 1859 1684 1931 Scripsit
1724 1876 1857 1929 ergo
1898 1861 1980 1917 ei's

355 1948 610 2021 Cyrillus
654 1949 713 2004 in
750 1948 1136 2005 defensionem
1179 1950 1538 2006 orientalium
1567 1953 1978 2025 episcoporum,

354 2052 416 2097 et
453 2058 561 2113 pro
587 2042 813 2097 duabus
840 2042 1012 2098 unius
1040 2040 1246 2098 Christi
1274 2045 1555 2101 naturis...
1592 2047 1795 2102 Acacio
1822 2045 1977 2102 Meli-

357 2136 573 2191 tinensi
600 2136 866 2207 episeopo
895 2134 1146 2191 scribens
1178 2136 1323 2193 inter
1350 2138 1455 2193 alia
1486 2138 1567 2195 sic
1593 2139 1761 2196 dicit:
1786 2140 1982 2197 Nesto-

354 2226 482 2281 rius
516 2224 729 2281 etenim
757 2224 1045 2280 Christum
1095 2238 1349 2281 seorsum
1395 2227 1670 2283 nominari
1712 2227 1848 2283 dicit
1879 2229 1979 2285 Dei

358 2318 634 2383 Verbum,
668 2318 875 2374 habere
908 2325 1097 2373 autem
1122 2319 1568 2391 conjunctionem
1603 2321 1672 2376 ad
1699 2320 1991 2377 Christum

355 2412 715 2466 continuam.
741 2411 916 2466 Putas
940 2423 1095 2480 ergo,
1123 2424 1232 2464 non
1262 2410 1402 2466 duos
1424 2410 1675 2468 Christos
1700 2415 1982 2484 apertissi-

354 2522 448 2561 me
468 2494 653 2560 dicit?
675 2503 991 2561 Orientales
1012 2519 1147 2559 vero
1168 2502 1450 2559 Christum
1472 2522 1645 2562 unum
1667 2516 1724 2562 et
1753 2506 1977 2576 Filium,

352 2609 415 2654 et
442 2598 627 2653 Deum
659 2606 718 2652 et
746 2597 1044 2652 Dominum
1085 2593 1423 2651 conﬁtentur
1452 2612 1511 2653 se
1540 2598 1788 2665 adorare,
1818 2615 1980 2655 eum-

352 2687 487 2742 dem
519 2702 590 2742 ex
618 2687 783 2743 Patre
809 2685 1116 2742 secundum
1147 2684 1520 2754 divinitatem,
1558 2697 1614 2743 et
1634 2689 1891 2745 eumdem
1913 2705 1981 2745 ex

350 2791 555 2837 sancta
600 2780 833 2852 Virgine
884 2778 1194 2837 secundum
1252 2778 1675 2837 humanitatem.
1731 2782 1980 2840 Duarum

353 2888 601 2943 namque
622 2881 951 2927 naturarum
984 2869 1294 2925 unitionem
1315 2870 1515 2928 factam
1545 2873 1769 2943 dicunt;
1797 2883 1980 2933 tamen

352 2980 537 3026 unum
563 2964 877 3028 Christum,
900 2978 1074 3018 unum
1099 2961 1302 3019 Filium
1326 2965 1621 3024 Dominum
1644 2968 1981 3028 confitentur

352 3066 553 3127 aperte
583 3052 815 3122 factum,
855 3074 874 3108 ι
905 3066 1014 3112 etc.

428 3257 523 3313 67.
546 3256 736 3329 Pergit
770 3255 1069 3314 Liberatus
1102 3277 1116 3314 :
1156 3278 1176 3312 ι
1235 3258 1365 3315 Haec
1410 3265 1541 3315 sunt
1574 3274 1697 3330 qua:
1742 3258 1978 3331 Cyrillus

355 3349 592 3419 scripsit
641 3349 697 3404 in
738 3349 1125 3407 defensionem
1169 3350 1524 3407 orientalium
1565 3350 1975 3422 episcoporum,

355 3456 463 3510 pro
498 3439 723 3495 duabus
753 3441 922 3497 unius
942 3439 1150 3497 Christi
1180 3442 1416 3497 naturis.
1451 3441 1625 3509 Quam
1662 3442 1978 3513 quicunque

354 3542 501 3588 tunc
545 3533 779 3589 minime
822 3543 1174 3606 receperunt,
1218 3534 1322 3591 hos
1367 3550 1490 3590 esse
1544 3543 1678 3605 puto
1725 3542 1980 3592 auctores

352 3625 798 3695 Acephalorum,
847 3626 944 3697 qui
981 3641 1165 3698 neque
1215 3625 1481 3699 Cyrillum
1530 3627 1740 3683 habent
1790 3635 1976 3698 caput,

354 3732 551 3787 neque
574 3731 744 3787 quem
776 3726 1084 3788 sequantur
1104 3718 1427 3773 ostendunt.
1450 3717 1608 3773 Tunc
1628 3726 1684 3773 et
1714 3717 1979 3795 Evoptius

350 3806 729 3863 Ptolemaidis
785 3807 1156 3879 Pentapoleos
1200 3807 1445 3880 regionis
1473 3808 1788 3879 episcopus,
1830 3809 1976 3863 acci-

354 3900 528 3973 piens
546 3900 832 3972 exemplar
852 3900 1163 3956 litterarum
1199 3900 1544 3967 Theodoriti,
1565 3901 1661 3973 qui
1680 3900 1980 3972 scripserat

358 4004 567 4050 contra
607 3994 908 4051 duodecim
944 3994 1187 4065 capitula
1215 3992 1428 4067 Cyrilli,
1471 3993 1676 4049 direxit
1705 3992 1840 4050 iilud
1869 3992 1978 4067 Cy-

355 4088 511 4154 rillo,
542 4097 603 4142 ut
639 4088 1008 4160 reSponderet
1038 4086 1107 4143 ad
1135 4102 1222 4154 ea,
1259 4096 1317 4144 et
1338 4104 1438 4144 sua
1460 4088 1702 4158 capitula
1732 4104 1978 4159 expone-

356 4187 471 4233 ret.
504 4177 669 4244 Quod
695 4177 1009 4250 gratissime
1033 4175 1344 4249 suscipiens
1375 4177 1635 4250 Cyrillus,
1659 4178 1789 4235 fecit
1812 4178 1981 4233 inter-

356 4272 741 4343 pretationem
764 4271 1136 4343 capitulorum
1160 4286 1410 4337 suorum,
1443 4271 1738 4328 duodecim
1770 4270 1979 4327 addens

354 4362 771 4434 expositiones,
794 4378 908 4434 quo
936 4363 1224 4419 videretur
1243 4364 1465 4435 plenam
1502 4380 1604 4435 pro
1626 4364 1709 4419 eis
1747 4363 1978 4420 reddere

359 4456 668 4512 rationem.
705 4456 899 4527 Itaque
924 4455 1132 4529 Cyrillo
1174 4455 1511 4528 suscipiente
1557 4465 1615 4511 et
1649 4453 1977 4512 defendente

2095 564 2242 616 theca
2277 570 2535 619 tutemate
2563 578 2790 621 ccxxv".

2160 654 2249 709 68.
2283 653 2572 720 Quomodo
2623 656 2772 711 enim
2810 656 3101 712 credemus
3148 654 3219 709 ab
3261 655 3491 728 Cyrillo,
3541 656 3691 727 quod

2088 744 2282 801 scribit
2312 745 2457 801 idem
2494 746 2804 809 Liberatus,
2837 746 3122 802 laudatum
3150 747 3526 813 Theodorum,
3545 750 3693 819 ejus-

2089 852 2197 908 que
2239 837 2445 907 scripta
2481 837 2742 908 probata,
2779 854 2906 893 eum
2976 838 3116 894 adeo
3154 839 3479 911 adversatus
3523 840 3693 894 fuerit

2088 926 2366 993 Nestorio,
2402 942 2570 999 quem
2598 942 2730 983 suos
2757 928 2828 983 ab
2866 927 2987 998 ipso
3010 927 3304 983 Theodoro
3329 926 3579 983 hausisse
3604 943 3692 981 er-

2089 1036 2245 1076 rores
2274 1021 2508 1092 ipsemet
2532 1028 2769 1075 testatur
2790 1020 3023 1090 epistola
3064 1020 3134 1075 ad
3166 1020 3433 1076 Joannem
3470 1020 3689 1090 episco-

2089 1129 2223 1184 pum
2272 1114 2702 1169 Antioehenum.
2755 1132 2775 1165 ι
2825 1113 3232 1185 Confingentes,
3280 1133 3300 1166 ι
3350 1113 3447 1179 ait,
3495 1132 3514 1166 ‹
3564 1130 3689 1184 quae

2088 1206 2329 1261 Nestorii
2377 1214 2509 1263 sunt
2556 1205 2760 1271 odisse,
2810 1205 2921 1260 alio
2959 1206 3160 1261 iterum
3210 1219 3277 1260 ea
3327 1204 3688 1261 introducunt

2090 1298 2275 1363 modo,
2308 1313 2429 1369 quae
2455 1298 2731 1353 Theodori
2760 1306 2890 1353 sunt
2920 1297 3206 1362 mirantes,
3227 1305 3285 1351 et
3314 1305 3465 1352 certe
3495 1314 3684 1368 aequa-

2088 1391 2219 1457 lem,
2253 1408 2428 1463 magis
2456 1408 2589 1448 vero
2619 1392 2795 1448 multo
2819 1392 3064 1463 pejorem
3095 1391 3351 1447 morbum
3391 1392 3686 1463 impietatis

2088 1484 2368 1540 habentia.
2399 1485 2512 1540 Nec
2548 1484 3066 1541 enim'Theodorus
3106 1485 3345 1540 Nestorii
3381 1486 3486 1541 fuit
3513 1487 3683 1541 disci-

2087 1576 2274 1647 pulus,
2304 1576 2403 1632 sed
2434 1578 2537 1633 iste
2566 1577 2735 1643 illius,
2766 1584 2824 1632 et
2852 1576 3007 1632 velut
3027 1591 3139 1631 uno
3162 1576 3466 1647 loquuntur
3493 1592 3609 1641 ore,
3629 1588 3684 1632 et

2088 1684 2261 1724 unum
2288 1669 2445 1724 mala:
2470 1669 2738 1725 doctrinae
2772 1684 2840 1724 ex
2877 1684 2980 1725 suo
3019 1667 3186 1724 corde
3217 1677 3482 1723 evomunt
3515 1684 3684 1723 vene-

2088 1778 2243 1817 num.
2272 1762 2330 1818 In
2354 1761 2603 1835 Epicteto
2626 1762 2699 1816 ad
2728 1761 3070 1818 Theodosium
3087 1762 3482 1833 imperatorem,
3507 1760 3686 1816 Theo-

2016 1843 2062 1902 Β
2087 1857 2287 1912 dorum
2335 1855 2808 1927 Mopsuestenum,
2864 1861 2923 1910 et
2978 1854 3282 1909 Diodorum
3333 1855 3681 1917 Tarsensem,

2082 1947 2287 2003 asserit
2312 1954 2501 2017 patres
2533 1946 2834 2018 impietatis
2872 1944 3042 2001 fuisse
3066 1945 3339 2011 Nestorio,
3372 1946 3687 2000 immaniter

2082 2039 2496 2110 blasphemasse
2547 2047 2740 2094 contra
2797 2037 3082 2095 Christum
3133 2038 3382 2093 omnium
3432 2045 3685 2093 nostrum

2082 2128 2443 2194 Salvatorem,
2467 2128 2777 2184 nescientes
2801 2128 2974 2201 ipsius
3007 2129 3351 2199 mysterium,
3381 2148 3401 2180 ι
3426 2138 3533 2185 etc.
3559 2129 3688 2187 Haec

2082 2221 2266 2276 omnia
2298 2221 2615 2276 referuntur
2643 2219 2937 2276 collatione
2978 2220 3012 2274 5
3059 2220 3281 2274 concilii
3309 2237 3342 2275 v
3378 2222 3683 2276 tecumeni-

2081 2314 2152 2370 ci.
2182 2314 2431 2384 Denique
2461 2312 2654 2368 ambos
2676 2312 2927 2385 ejusdem
2955 2310 3231 2367 haereseos
3263 2321 3517 2367 auctores
3548 2313 3689 2367 fuis-

2080 2421 2140 2461 se
2205 2403 2448 2459 ostendit
2494 2403 2550 2458 in
2584 2403 2927 2474 expositione
2951 2403 3184 2475 symboli
3223 2402 3431 2457 Nicaeni
3473 2402 3577 2457 sub
3616 2403 3683 2457 [i-

2080 2513 2227 2554 nem.
2270 2497 2375 2556 Ubi
2401 2506 2458 2553 et
2481 2496 2736 2553 meminit
2757 2495 3005 2566 epistola:
3032 2494 3212 2550 Procli
3236 2493 3305 2549 ad
3325 2494 3593 2549 Armenos
3614 2495 3683 2550 de

2080 2608 2146 2648 ea
2192 2607 2251 2647 re
2305 2590 2567 2662 scriptae:
2624 2610 2644 2642 ‹
2694 2591 2822 2646 Haec
2860 2590 3031 2645 sentit
3067 2588 3380 2653 nobiscum,
3423 2607 3442 2640 ι
3480 2589 3680 2658 inquit,

2090 2703 2109 2735 ε
2146 2682 2557 2739 amantissimus
2584 2680 2793 2738 Christi
2829 2689 3147 2738 sanctorum
3193 2681 3419 2736 Patrum
3456 2680 3680 2747 chorus,

2080 2783 2138 2831 et
2164 2774 2393 2832 Proclus
2418 2768 2554 2845 ipse,
2584 2773 2681 2845 qui
2711 2788 2861 2828 nunc
2887 2780 3090 2829 sancta:
3110 2770 3682 2842 Constantinopolita-

2079 2884 2167 2924 ηαξ
2221 2867 2483 2924 Ecclesiae
2521 2867 2783 2923 thronum
2843 2864 3077 2921 adornat
3133 2863 3581 2936 religiosissimus
3625 2873 3684 2919 ct

2080 2958 2461 3031 pientissimus
2486 2959 2649 3015 Pater
2679 2965 2737 3014 et
2757 2958 3138 3028 coepiscopus.
3181 2954 3414 3027 Scripsit
3447 2956 3593 3011 enim
3626 2965 3683 3011 et

2081 3054 2201 3127 ipse
2224 3054 2295 3109 ad
2313 3052 2614 3109 orientales
2634 3051 2917 3122 piissimus
2938 3051 3228 3121 episcopos
3248 3048 3307 3104 in
3328 3050 3448 3127 haec
3472 3049 3640 3105 verba
3664 3092 3676 3103 .

2088 3124 2121 3199 ί
2153 3147 2223 3202 Ει
2252 3147 2571 3201 incarnatus
2591 3144 2816 3215 quidem
2842 3149 2948 3205 est,
2980 3161 2998 3194 ι
3029 3150 3136 3197 etc.
3166 3124 3358 3197 Exstat
3386 3157 3451 3197 ea
3479 3142 3682 3212 episto-

2081 3220 2130 3293 la
2164 3237 2218 3292 in
2261 3235 2605 3291 Bibliotheca
2649 3235 2875 3289 Patrum
2926 3232 3121 3287 Latine
3155 3247 3313 3288 versa
3358 3248 3387 3287 a
3421 3233 3681 3304 Dionysio

2080 3334 2310 3404 Exiguo,
2364 3329 2655 3387 occasione
2713 3328 2959 3401 ejusdem
3009 3327 3401 3382 controversia.
3459 3343 3682 3383 rursum

2080 3432 2327 3492 tempore
2361 3434 2463 3475 suo
2485 3417 2767 3474 suscitata:
2798 3425 3025 3492 propter
3055 3417 3162 3471 tria
3186 3416 3428 3488 capitula
3460 3418 3682 3475 concilii

2078 3488 2566 3575 Chalcedonensis,
2586 3525 2712 3580 qua:
2732 3488 2955 3565 tandem
2984 3510 3233 3567 Ecclesia
3261 3509 3512 3576 rescidit,
3540 3527 3683 3581 quo-

2082 3621 2206 3661 rum
2240 3620 2412 3660 unum
2443 3611 2565 3659 erat
2590 3602 2659 3658 de
2688 3601 2938 3674 ejusdem
2961 3602 3239 3658 Theodori
3267 3601 3508 3673 scriptis.
3540 3602 3682 3659 Suc-

2080 3707 2332 3765 cesserat,
2387 3711 2554 3768 porro
2606 3693 2936 3750 Maximiano
2991 3693 3255 3750 defuncto
3311 3692 3367 3749 S.
3427 3694 3680 3761 Proclus,

2078 3789 2289 3859 Aspare
2313 3796 2369 3844 et
2392 3785 2708 3843 Areobinda
2740 3801 2911 3851 coss,
2952 3802 3041 3841 an.
3079 3785 3212 3841 Chr.
3243 3786 3370 3851 454,
3416 3786 3484 3841 ad
3524 3788 3684 3858 cujus

2079 3882 2251 3937 vitam
2286 3896 2413 3936 xxiv
2448 3879 2673 3937 Octobr.
2699 3877 2859 3948 plura
2903 3877 2972 3934 de
3010 3878 3113 3934 hac
3155 3878 3534 3934 controversia
3593 3878 3683 3934 di-

2082 3978 2299 4026 centur.

2153 4083 2242 4140 69.
2282 4084 2600 4155 Apostolica
2630 4083 2960 4140 auctoritate
2996 4082 3258 4155 Cyrillum
3292 4083 3563 4160 restitisse
3587 4083 3683 4139 Ju-

2079 4175 2259 4230 venali
2287 4176 2549 4245 episcopo
2583 4172 3083 4245 Hierosolymitano
3118 4171 3415 4243 primatum
3439 4173 3683 4227 Palaesti-

2079 4281 2166 4321 na:
2194 4263 2473 4320 affectanti
2495 4263 2612 4336 (qui
2633 4272 2689 4319 et
2714 4262 2934 4318 tandem
2956 4262 3035 4316 illi
3067 4261 3186 4316 sedi
3209 4260 3465 4329 collatus)
3488 4262 3681 4317 scribit

2080 4358 2139 4416 S.
2174 4357 2287 4413 Leo
2319 4371 2461 4428 papa
2489 4357 2652 4428 epist.
2676 4357 2765 4422 62,
2798 4356 2882 4412 Ad
2909 4355 3204 4410 Maximum
3233 4357 3531 4427 episcopum
3566 4356 3680 4411 An-

2082 4451 2374 4505 tiochenam
2409 4464 2427 4503 :
2464 4467 2482 4499 ι
2538 4448 2600 4503 In
2640 4447 2918 4519 Ephesina
2966 4446 3196 4519 synodo,
3233 4466 3251 4499 ι
3289 4446 3488 4517 inquit,
3532 4467 3548 4499 ι
3580 4448 3680 4503 Ju-

359 4547 539 4603 ldem
566 4547 923 4602 orientalium
959 4547 1374 4618 episcoporum,
1401 4557 1460 4603 et
1485 4562 1584 4603 sua
1621 4546 1862 4619 capitula
1886 4563 1981 4604 ex-
2010 4538 2054 4593 ft
2083 4540 2295 4597 venalis
2320 4540 2614 4611 episcOpus
2635 4538 2705 4594 ad
2734 4538 3099 4594 obtinendum
3128 4537 3433 4594 Palrestinae
3461 4539 3684 4609 proviri-

350 4648 636 4714 ponente,
671 4655 777 4710 pax
796 4647 856 4695 et
880 4640 1065 4696 unitas
1102 4637 1372 4696 Ecclesiis
1416 4640 1629 4696 reddita
1657 4652 1761 4696 est.
1784 4640 1845 4695 ln
1872 4655 1982 4711 qua

349 4746 501 4805 pace
560 4731 837 4802 gaudente
892 4731 1162 4797 Ecclesia,
1214 4731 1472 4788 inimicus
1527 4732 1700 4803 pacis,
1749 4733 1983 4788 aemulus

352 4824 623 4889 unitatis,
644 4841 757 4879 non
778 4825 995 4896 quievit
1019 4825 1286 4882 adversus
1308 4841 1430 4882 eam
1456 4840 1682 4882 movere
1708 4841 1836 4882 vasa
1858 4841 1979 4893 sua,

350 4929 416 4974 et
468 4920 923 4988 superseminare
971 4919 1181 4974 zizania
1213 4936 1228 4987 ;
1262 4939 1283 4971 ι
1345 4934 1467 4989 qum
1524 4928 1751 4990 propter
1810 4918 1983 4974 libros

351 5011 652 5067 Theodori
723 5010 1095 5082 Mopsucsteni
1124 5019 1181 5067 et
1214 5010 1439 5067 Diodori
1475 5010 1764 5068 Tarsensis
1792 5018 1982 5067 exorta

348 5114 517 5161 sunt.
558 5103 659 5168 Ea,
681 5104 813 5176 quia
843 5104 913 5159 ad
937 5102 994 5159 S.
1016 5090 1282 5177 Cyrillum
1312 5106 1404 5161 vix
1426 5105 1685 5170 attinent,
1720 5104 1829 5160 hoc
1857 5105 1981 5163 loco

348 5199 716 5264 omittimus;
745 5200 1053 5269 praesertim
1076 5199 1225 5271 quod
1253 5199 1348 5255 illa
1372 5198 1617 5255 Liberali
1639 5197 1856 5254 diaconi
1889 5198 1982 5254 Hi-

349 5292 538 5347 storia
589 5290 741 5346 haud
790 5306 1188 5363 usquequaque
1239 5291 1405 5347 ﬁdem
1457 5299 1758 5355 mereatur,
1794 5290 1890 5361 qui
1923 5296 1981 5346 et

353 5384 466 5437 tria
510 5381 778 5451 capitula,
814 5380 885 5436 de
908 5380 1131 5452 scriptis
1158 5381 1551 5452 Mepsuesteni,
1590 5381 1700 5437 lbae
1721 5381 1975 5452 epistola,

351 5492 426 5532 ac
447 5473 791 5530 Theodoreti
823 5483 1018 5530 contra
1044 5474 1311 5547 Cyrillum
1336 5474 1772 5539 commentariis,
1801 5490 1833 5529 a
1862 5473 1977 5529 Ro-

310 5581 533 5621 wnano
578 5564 749 5620 etiam
798 5564 1063 5635 pontifice
1111 5565 1224 5636 jam
1276 5563 1556 5629 damnata,
1615 5563 1980 5634 pervicaciter

350 5672 491 5714 cum
516 5657 646 5712 aliis
678 5656 954 5712 Africanis
983 5657 1187 5712 tuenda
1208 5657 1536 5728 susceperit,
1566 5664 1731 5726 atque
1757 5657 1978 5714 incaute

350 5767 427 5807 ex
467 5749 710 5822 epistola
739 5764 770 5803 a
801 5749 1065 5821 quopiam
1112 5749 1439 5805 Nestoriano
1482 5749 1586 5804 sub
1622 5738 1845 5803 nomine
1870 5747 1978 5820 Cy-

351 5842 470 5898 rilli
500 5841 573 5897 ad
594 5841 869 5897 Joannem
906 5840 1316 5898 Antiochenam
1346 5841 1610 5907 conficta,
1641 5850 1763 5907 quis
1790 5848 1979 5897 narrat

2080 4634 2183 4690 ciae
2213 4633 2585 4704 principatum
2611 4647 2671 4687 se
2701 4630 2937 4687 credidit
2960 4645 3119 4701 posse
3153 4628 3427 4695 sufﬁcere,
3453 4639 3511 4685 et
3537 4630 3686 4685 inso-

2082 4724 2261 4781 lentes
2283 4740 2450 4781 ausus
2479 4740 2580 4796 per
2601 4723 2976 4780 commentitia
3006 4722 3209 4793 scripta
3248 4721 3465 4777 firmare
3494 4741 3508 4777 :
3534 4722 3681 4793 quod

2084 4827 2289 4873 sanctze
2317 4817 2599 4873 memoria:
2628 4814 2866 4888 Cyrillus
2896 4814 3299 4871 Alexandrinus
3324 4814 3522 4869 merito
3551 4830 3682 4885 per-

2084 4906 2431 4975 horrescens,
2460 4908 2682 4979 scriptis
2708 4906 2826 4964 suis
2853 4906 3011 4969 mihi,
3043 4906 3192 4978 quod
3224 4907 3487 4977 praedicta
3520 4908 3682 4978 cupi-

2083 5003 2228 5060 ditas
2260 5018 2394 5058 ausa
2434 5002 2524 5068 sit,
2556 5001 2858 5073 judicavit;
2890 5010 2946 5057 et
2976 5002 3209 5057 sollicita
3246 5016 3413 5071 prece
3443 5000 3681 5056 multum

2083 5096 2372 5173 poposcit,
2419 5101 2482 5151 ut
2526 5094 2716 5150 nullus
2773 5094 2983 5151 illicitis
3033 5094 3326 5150 conatibus
3368 5094 3683 5164 praebeatur

2082 5204 2359 5248 assensus.
2396 5208 2414 5237 ι

2153 5282 2239 5340 70.
2266 5282 2457 5356 Cyrilli
2488 5283 2743 5339 doctrina
2777 5296 2808 5337 a
2848 5279 3055 5337 sanctis
3080 5278 3337 5336 Patribus
3364 5292 3686 5337 reverenter

2084 5385 2341 5447 suscepta
2385 5391 2450 5431 ac
2476 5373 2698 5430 laudata
2736 5382 2838 5430 est.
2867 5372 3097 5444 Magnus
3123 5372 3475 5445 Euthymius,
3520 5382 3581 5428 ut
3614 5389 3686 5429 xx

2081 5467 2327 5526 Januarii
2373 5467 2430 5522 in
2473 5467 2594 5537 ejus
2619 5466 2746 5523 Vita
2782 5464 3005 5529 dicitur,
3053 5479 3210 5519 num.
3256 5465 3345 5531 75,
3376 5464 3686 5521 calumnias

2081 5568 2272 5614 contra
2301 5559 2568 5631 synodum
2612 5556 3121 5614 Chalcedonensem
3171 5556 3549 5622 aversabatur,
3580 5556 3685 5611 hac

2082 5651 2227 5705 inter
2263 5649 2398 5706 alias
2430 5650 2663 5706 adducta
2692 5649 2906 5705 ratione
2936 5667 2948 5703 :
2984 5668 3001 5700 ι
3034 5648 3300 5723 Cyrillum
3335 5632 3683 5703 Alexandria:

2080 5743 2403 5814 episeOpum
2439 5742 2683 5814 synodus
2711 5743 2817 5798 sibi
2852 5741 3123 5817 adjungit,
3170 5752 3431 5811 tanquam
3473 5739 3567 5809 qui
3608 5737 3682 5792 sit

2079 5835 2328 5906 ejusdem
2356 5835 2678 5894 sententite:
2715 5844 2773 5893 et
2802 5845 2968 5893 rectae
3001 5835 3289 5893 sententiae
3326 5833 3532 5888 fatetur
3557 5844 3681 5886 esse
