4172 6440
422 424 490 482 υ
1688 440 1975 499 NOTITIA
2013 439 2028 494 ι

2146 440 2483 502 FABRICIO.
3660 455 3732 508 62

417 552 686 610 consulet
707 551 1138 609 Tillemontium
1167 562 1318 610 torno
1347 553 1471 614 XIV
1499 555 1885 612 Memoriam
1913 558 2036 612 hist.
2069 559 2116 616 Α
2141 554 2580 614 Alexandrinum
2594 557 2915 618 Carmelitis
2944 563 3180 619 ridicule
3201 579 3562 621 accensuere.
3593 567 3730 624 Vide

413 641 641 709 eadem;
676 643 765 700 ιο.
801 643 1140 700 Garnerium
1155 644 1224 700 ad
1256 653 1392 701 tom.
1421 647 1466 702 ll
1496 646 1654 701 Marii
1683 646 2034 715 Mercatoris;

416 731 722 790 Petavium
741 735 800 790 in
818 736 1185 807 Dogmatibus
1197 737 1528 809 theologicis
1548 739 1618 794 de
1630 739 2035 808 incamatione,

410 835 478 880 et
514 827 870 883 Ludovicum
913 830 1212 886 Dulcinum
1241 831 1298 886 in
1328 832 1568 888 Historia
1604 830 2034 900 Nestorianismi,

403 916 637 975 Gallice
665 921 819 975 edita
847 922 1207 977 Roterodami
1245 923 1405 990 1698,
1439 925 1494 979 in
1523 925 1577 979 1-.
1609 924 1762 980 Obiit
1792 926 2034 998 Cyrillus

407 1011 486 1066 Α.
520 1011 587 1068 C.
621 1015 749 1077 444,
781 1015 852 1069 27
897 1015 1028 1070 Jun.
1061 1016 1195 1086 Ejus
1223 1018 1547 1073 memoriam
1570 1017 1763 1073 Latina
1788 1019 2035 1074 celebrat

406 1103 674 1160 Ecclesia
708 1104 780 1159 28
825 1104 1056 1161 Ianuar.
1099 1107 1190 1179 (ad
1226 1123 1393 1178 quem
1440 1108 1589 1164 diem
1637 1110 1914 1166 videndus
1973 1111 2030 1165 in

410 1197 569 1252 Actis
601 1196 927 1254 Sanctorum
956 1201 1258 1256 Bollandus
1280 1201 1347 1257 de
1370 1201 1577 1274 Cyrillo
1603 1204 1828 1274 copiose
1851 1203 2030 1258 disse-

412 1287 602 1357 rens),
641 1298 697 1345 et
722 1288 916 1345 Graeca
938 1290 971 1344 9
988 1290 1145 1346 Junii
1167 1298 1225 1346 et
1253 1292 1322 1346 18
1347 1292 1602 1360 Januar.,
1627 1293 1737 1347 τῶν
1765 1295 1824 1348 ὲν
1855 1293 2033 1363 ἁγίοις

407 1380 692 1452 Πατέρων
745 1383 909 1452 ἡμῶν
971 1381 1069 1436 καὶ
1112 1384 1566 1455 ἀρχιεπισκόπων
1624 1385 2032 1456 Ἀλεξανδρείας

424 1474 761 1528 Ἀθανασῖου
795 1475 892 1530 καὶ
929 1475 1228 1546 Κυρίλλου.
1259 1476 1534 1544 Quoniam
1565 1477 1764 1548 dogma
1796 1478 2034 1534 catholi-

410 1578 548 1617 cum
591 1562 662 1618 de
695 1563 1087 1620 incarnatione
1107 1565 1276 1621 Verbi
1307 1574 1459 1620 tanta
1486 1567 1656 1621 animi
1677 1567 2036 1624 contentione

405 1657 684 1721 asseruit,
708 1658 944 1728 perinde
973 1659 1192 1714 alienus
1211 1660 1284 1714 ab
1307 1659 1576 1731 Eutychis
1595 1676 1763 1730 quam
1785 1676 1816 1715 a
1837 1661 2036 1717 Nesto-

407 1749 492 1803 rii
519 1751 837 1812 erroribus,
859 1751 991 1807 hinc
1023 1751 1262 1822 γνώμων
1278 1752 1379 1822 τῆς
1403 1752 1709 1824 ἀκριϐείας,
1732 1755 2034 1808 accuratio-

405 1845 502 1897 nis
542 1842 756 1914 regula,
791 1844 1001 1899 dicitur
1040 1844 1112 1898 ab
1146 1844 1380 1916 Eulogio
1416 1845 1567 1916 apud
1597 1845 1857 1901 Photium
1903 1845 2030 1902 cod.

405 1951 548 2000 xxx,
588 1951 645 2006 ι).
682 1935 814 2002 452,
844 1939 946 2008 τῆς
979 1937 1274 2007 ἀκριϐείας
1300 1938 1647 2003 διδάσκαλος,
1663 1938 1847 1994 doctor
1879 1957 2036 1995 accu-

405 2029 748 2094 ratissimus,
783 2045 841 2100 p.
871 2029 999 2093 451,
1023 2038 1086 2084 et
1115 2029 1320 2101 Θερμὸς
1337 2031 1438 2101 τῆς
1454 2031 1742 2102 ἀκριϐείας
1767 2032 1864 2087 καὶ
1903 2032 2036 2105 ἀλη-

405 2119 574 2184 θείας
595 2122 859 2193 ἐραστής,
881 2121 1119 2191 fervidus
1139 2125 1498 2179 accurationis
1511 2126 1854 2196 veritatisque
1877 2143 2033 2181 ama-

403 2223 522 2280 tor,
557 2231 615 2285 p.
655 2215 784 2270 441.
833 2214 995 2292 Quod
1044 2232 1181 2272 vero
1208 2216 1371 2287 φύσιν
1407 2232 1573 2272 unam
1609 2217 1687 2290 (α)
1721 2219 1778 2274 in
1808 2219 2034 2276 Christo

403 2317 544 2379 post
571 2310 838 2364 unionem
868 2309 1245 2381 ὑποπατικὴν
1286 2325 1409 2367 esse
1454 2309 1699 2381 scripsit,
1735 2311 1874 2367 locis
1907 2326 2034 2367 sex-

399 2403 600 2456 centis
628 2403 766 2457 satis
789 2402 1219 2468 demonstravit,
1249 2403 1414 2474 longe
1440 2404 1551 2459 alio
1581 2417 1752 2460 sensu
1780 2421 1842 2461 se
1865 2406 2033 2462 intel-

403 2490 618 2562 ligere,
659 2509 830 2563 quam
863 2492 1151 2565 Eutycbes
1183 2493 1388 2549 deinde
1416 2503 1504 2550 est
1541 2495 1821 2565 opinatus,
1865 2505 2033 2568 atque

405 2593 637 2642 natura:
665 2586 940 2642 vocabulo
965 2583 1072 2658 pro
1110 2587 1414 2642 ὑποστάσει
1436 2603 1558 2644 esse
1583 2587 1846 2645 abusum.

952 2743 1034 2804 II.
1086 2741 1221 2804 Alii
1253 2741 1504 2820 Cyrilli.

481 2881 757 2954 Cyrillus,
781 2881 1104 2937 Arianorum
1134 2880 1350 2937 Ciliciae
1370 2881 1566 2953 prima
1586 2882 1902 2954 episcopus,
1933 2883 2032 2957 qui

406 2975 673 3035 iﬂerfuil
684 2976 909 3048 synodo
933 2976 1304 3032 Orientalium
1321 2986 1448 3046 post
1470 2977 1768 3033 concilium
1794 2979 2030 3049 Ephesi-

405 3083 574 3122 rum.
607 3068 692 3123 Ad
722 3079 854 3124 eum
877 3069 1115 3140 epistola
1136 3069 1482 3137 Thcodoriti,
1512 3070 1570 3125 in
1599 3071 1862 3127 Auctario
1887 3071 2028 3127 Gar-

404 3159 673 3226 neriano,
702 3177 836 3232 pag-
874 3161 1000 3216 679.

2138 646 2425 705 Labbeum
2455 662 2589 707 tom.
2627 653 2646 708 1
2681 653 2758 708 Dc
2799 652 2856 709 S.
2895 653 2988 721 E.,
3028 671 3084 726 p.
3114 657 3241 713 216.
3279 657 3620 730 [Cantabrig.
3675 660 3733 713 in

2135 742 2264 798 cod.
2296 744 2425 799 coll.
2458 743 2875 813 Gaio-Gonvil.,
2913 765 2969 803 n.
2997 749 3156 815 1206,
3191 749 3310 806 Cat.
3331 751 3497 806 codd.
3536 750 3733 824 Cyrilli

2136 835 2312 906 φησι).
2347 851 2508 890 erem.
2528 835 2724 893 Montis
2753 837 2989 894 CarmeL
3013 839 3150 896 Visio
3177 857 3222 896 s.
3258 842 3624 916 Vaticinium.]

2207 924 2472 997 Cyrillus,
2497 929 2936 1000 cathegumenus
2965 934 3287 990 monasterii
3306 934 3404 991 SS.
3428 945 3734 1010 martyrum

2137 1017 2326 1086 Probi,
2355 1022 2591 1078 Tarachi
2631 1033 2690 1079 et
2711 1023 3035 1092 Andronici,
3074 1027 3171 1097 qui
3206 1027 3459 1084 interfuit
3490 1033 3735 1087 concilio

2135 1112 2754 1188 Constantinopolitano
2780 1134 2882 1188 pro
2907 1119 3060 1175 cultu
3090 1120 3413 1193 imaginum,
3443 1125 3592 1196 quod
3628 1125 3734 1181 sub

2138 1202 2294 1260 Alex.
2325 1205 2610 1262 Comneno
2641 1207 2893 1264 habitum
2927 1217 3014 1265 est
3035 1210 3093 1265 in
3123 1211 3368 1269 triclinio
3394 1213 3732 1271 Blacherna-

2140 1309 2285 1349 rum.

2207 1386 2479 1460 {Cyrinus
2527 1391 2725 1460 Chius,
2765 1394 2832 1450 ν.
2881 1394 2992 1450 vol.
3029 1393 3099 1461 Χ,
3142 1411 3203 1466 ,p.
3255 1395 3380 1452 501.
3408 1396 3674 1453 Diversus
3702 1411 3734 1453 a

2133 1480 2345 1555 Cyrillo
2375 1484 2496 1552 Cio,
2518 1487 2780 1559 episcopo
2805 1489 3105 1559 provinciae
3149 1491 3440 1563 Bithynia,
3470 1492 3565 1562 qui
3597 1509 3734 1549 con-

2137 1575 2269 1632 cilio
2286 1578 2511 1635 Niceno
2527 1581 2881 1652 subscripsit.
2909 1582 3166 1654 Vallem.
3194 1583 3397 1639 Valesii
3422 1584 3731 1641 Emendult.

2139 1669 2238 1725 lib.
2263 1687 2323 1735 ιι,
2357 1688 2484 1744 pag.
2505 1673 2592 1729 49.
2627 1673 2827 1747 Hann]

2205 1764 2448 1839 Cyrillus
2459 1767 2948 1841 Chronographus.
2967 1770 3034 1826 ν.
3050 1771 3160 1826 vol.
3175 1772 3291 1836 Ἧι,
3311 1789 3365 1844 p.
3385 1773 3490 1829 472
3501 1789 3620 1846 sqq.
3639 1774 3734 1848 [1.]

2208 1861 2440 1934 Cyrilli,
2498 1861 3097 1935 Constantinopolitani
3158 1867 3526 1937 patriarchas,
3579 1867 3736 1924 fuere

2140 1961 2270 2017 tres,
2300 1969 2449 2009 unus
2489 1953 2732 2026 Cyrillus
2763 1955 2857 2011 hic
2889 1954 3137 2024 Contari,
3167 1957 3237 2012 de
3268 1973 3381 2028 quo
3408 1960 3578 2029 paulo
3605 1968 3736 2016 ante

2138 2044 2196 2099 in
2226 2045 2581 2112 Berrboensi,
2608 2047 2749 2104 alter
2777 2047 3019 2120 Cyrinus
3052 2049 3299 2118 Lucaris,
3329 2053 3398 2109 de
3427 2066 3538 2124 quo
3560 2071 3689 2110 mox
3718 2074 3733 2110 :

2134 2143 2192 2190 et
2211 2137 2406 2192 tertius
2423 2137 2664 2210 Cyrillus
2677 2141 2894 2205 Σπανὸς
2910 2145 2939 2195 ὁ
2952 2143 3222 2213 Τορνόϐου
3237 2145 3307 2200 ab
3325 2151 3376 2200 3.
3400 2147 3734 2204 1659-16336.

2136 2228 2298 2284 Fann.
2331 2228 2447 2285 Sub
2469 2231 2691 2286 nomine
2707 2231 2922 2305 Cyrilli,
2939 2235 3272 2304 patriarcha!
3285 2235 3471 2303 (Εἰδοὶ,
3495 2239 3740 2296 circnm-

2135 2316 2316 2372 fertur
2369 2318 2609 2375 Censura
2655 2324 3034 2394 confessionis,
3077 2324 3208 2380 fidei
3259 2326 3618 2386 Calvinianze.
3671 2333 3732 2386 ν.

2135 2411 2297 2482 plura
2335 2413 2393 2468 in
2432 2414 2544 2470 vol.
2574 2415 2645 2481 Χ,
2682 2432 2737 2487 p.
2778 2417 2904 2480 416,
2944 2432 3000 2472 n.
3049 2418 3103 2483 9,
3137 2425 3250 2474 vel.
3291 2421 3382 2476 ed.
3427 2452 3500 2462 —
3539 2423 3730 2496 Cyrill.

2133 2503 2379 2560 Tornobi
2415 2508 2732 2577 patriarcha
2775 2509 2943 2565 fuisse
2972 2510 3182 2566 dicitur
3217 2527 3272 2568 a.
3307 2513 3467 2582 1651,
3497 2513 3617 2573 dies
3643 2534 3732 2584 xx,

2135 2597 2426 2654 restitutus
2459 2614 2509 2654 a.
2545 2599 2704 2667 1654,
2741 2600 2860 2657 dies
2891 2619 3000 2656 xiv.
3023 2602 3193 2660 Hann.

2205 2690 2468 2765 [Cyrillus
2495 2694 2821 2767 Cyziccnus,
2862 2697 3022 2767 cujus
3045 2696 3146 2753 lib.
3185 2699 3248 2753 de
3276 2683 3334 2755 s‘.
3367 2699 3640 2759 Blandula
3685 2717 3735 2760 ct

2133 2783 2320 2856 ﬁgulo,
2351 2793 2439 2841 est
2459 2785 2642 2843 Oxon.
2679 2788 2733 2843 in
2758 2789 2883 2844 cod.
2913 2789 3141 2847 Barocc.
3183 2791 3352 2859 XXV,
3387 2794 3443 2866 p.
3474 2795 3730 2852 273Jnc.

2133 2879 2200 2932 Ti
2225 2879 2286 2933 τὸ
2320 2878 2465 2956 ἱερὸν
2499 2879 2678 2934 τοῦτο.
2714 2880 2912 2954 Hann]

2202 2968 2444 3041 Cyrillus
2483 2971 2752 3036 Dalmata,
2786 2972 2850 3027 A.
2893 2972 2955 3028 C.
2987 2973 3115 3041 865,
3148 2974 3496 3032 Moravorum
3537 2978 3734 3035 Slavo-

2134 3077 2369 3133 rumque
2393 3065 2682 3134 apostolus
2707 3064 2764 3120 et
2791 3065 3179 3138 Bulgarorum,
3208 3084 3320 3124 una
3357 3086 3484 3124 cum
3520 3071 3690 3128 fratre
3714 3115 3730 3139 ,

2132 3155 2435 3220 Mctbodio,
2462 3155 2530 3211 de
2558 3173 2670 3226 quo
2712 3167 2916 3228 praeter
2951 3160 3276 3230 scriptores,
3314 3161 3413 3216 lib.
3443 3179 3497 3227 γ,
3527 3179 3649 3234 cap.
3688 3180 3730 3231 ι,

485 3252 702 3307 Mentio
744 3255 883 3324 ejus
931 3253 993 3307 in
1053 3253 1323 3326 synodico
1387 3254 1656 3309 adversus
1705 3254 2100 3326 tragmdiamc
2135 3247 2339 3316 §XXX
2374 3247 2505 3320 [VOL
2542 3250 2638 3304 VH
2665 3291 2677 3313 .
2721 3266 2843 3321 pag.
2885 3251 2993 3305 272
3026 3251 3142 3324 δίιο]
3182 3252 3401 3319 citatOS,
3442 3255 3733 3313 adeundus

404 3342 637 3408 lrenaai,
671 3359 796 3415 cap.
827 3346 881 3409 7,
934 3345 1022 3410 15,
1069 3343 1159 3411 28,
1202 3345 1328 3410 150,
1373 3344 1498 3401 161.
1534 3341 1624 3418 [ν.
1651 3345 1762 3401 vol.
1799 3345 1938 3413 Vill,
1971 3364 2025 3419 p.

403 3437 607 3491 300a
634 3435 788 3509 502.]

483 3529 755 3601 Cyrillus,
807 3531 1106 3601 episcopus
1150 3530 1304 3597 Afer,
1354 3531 1584 3604 martyr,
1625 3530 1695 3587 de
1747 3547 1861 3603 quo
1893 3531 2027 3588 Acta

401 3616 670 3672 Sanctor.
703 3619 738 3673 8
768 3619 973 3685 Martii,
1019 3630 1152 3675 tom.
1191 3621 1233 3687 1,
1267 3637 1322 3691 p.
1355 3622 1480 3676 757.

481 3710 704 3782 Cyrilli,
765 3711 1128 3767 Alexandrini
1163 3712 1516 3782 patriarchae,
1570 3721 1695 3782 post
1749 3713 2025 3767 celebrem

413 3802 599 3867 illum,
635 3801 704 3856 de
737 3818 853 3872 quo
881 3802 1017 3869 dixi,
1037 3803 1194 3858 fuere
1226 3805 1562 3874 complures,
1591 3819 1737 3858 unus
1760 3804 1835 3858 ab
1868 3805 1932 3858 A.
1961 3803 2023 3860 C.

406 3895 558 3948 {O78
588 3894 660 3949 ad
709 3893 870 3958 1092,
919 3895 1062 3949 alter
1113 3895 1262 3949 filius
1306 3894 1533 3949 Laklaki
1564 3895 1634 3948 ab
1679 3910 1730 3949 a.
1768 3895 1908 3949 1255
1957 3889 2026 3949 ad

409 3987 598 4051 1243;
635 3987 840 4042 tertius
879 3985 1119 4058 Cyrillus
1152 3986 1416 4051 Lucaris,
1446 3988 1544 4057 qui
1572 3986 1772 4042 deinde
1813 3987 1881 4041 ad
1923 4003 2026 4058 pa-

404 4079 788 4134 !riarchatum
806 4078 1491 4149 Constantinopolitanum
1509 4080 1761 4150 pervenit
1788 4095 1838 4133 a.
1861 4070 2020 4134 1621.

483 4168 781 4242 [Cyrillus,
818 4169 1203 4224 Antiochenus
1233 4169 1567 4240 patriarcha.
1605 4168 1800 4241 thL.]

481 4260 758 4334 [Cyrillus
785 4261 1166 4327 Caesariensis,
1209 4277 1256 4316 s.
1303 4261 1509 4326 senior,
1541 4276 1704 4330 quem
1741 4261 1810 4316 ab
1851 4253 2026 4316 altero

397 4353 645 4424 Cyrillo,
679 4352 1210 4423 Hierosolymitano,
1240 4351 1390 4405 haud
1431 4350 1715 4405 diversum
1743 4347 1888 4416 esse,
1925 4349 2023 4406 εἰ]-

403 4444 936 4516 opicatur'Touttée
977 4444 1032 4498 in
1077 4442 1216 4498 diss.
1246 4444 1546 4515 Cyrilliana
1595 4461 1609 4497 l
1643 4443 1867 4514 praﬁlxa
1903 4438 2030 4516 ejus"

401 4537 575 4595 editt.
625 4535 770 4606 Opp.
820 4535 1016 4608 Cyrilli
1073 4536 1513 4608 llierosdymit.,
1545 4550 1654 4605 ιιι
1701 4543 1759 4589 et
1818 4547 1868 4600 ι,
1925 4537 2032 4592 ubi'

402 4637 607 4700 plures
629 4637 927 4682 enumerat
948 4627 1206 4699 Cyrillos.
1237 4626 1431 4700 Hann]

473 4720 754 4792 Cyrillus,
795 4719 1074 4775 Armenia:
1124 4720 1439 4790 episCOpus,
1483 4718 1778 4773 ordinatus
1819 4717 1888 4773 ab
1919 4713 2030 4773 Eu—

402 4812 623 4868 stathio
656 4810 993 4866 Sebastcno.
1025 4811 1166 4867 Vide
1190 4812 1252 4866 S.
1300 4811 1492 4866 Basilii
1515 4810 1680 4879 epist.
1719 4809 1788 4866 58
1813 4819 1869 4865 et
1899 4809 2025 4865 187.

471 4903 730 4973 Cyrillus
741 4902 996 4967 Contari,
1018 4903 1403 4968 Berrhocnsis,
1421 4903 2026 4974 patriarcbaConstan-

404 4995 840 5065 Iinopolitanus,
870 4994 1063 5064 Cyrilli
1095 4995 1328 5050 Lucaris
1357 4996 1614 5060 aemulus,
1652 4995 2028 5065 strangulatus

399 5087 584 5155 (anno
609 5094 742 5158 post
781 5087 935 5154 eum)
964 5087 1121 5142 1639.
1169 5088 1334 5142 Fann.
1366 5119 1435 5127 —
1466 5087 1626 5142 Conf.
1647 5087 1735 5142 J0.
1761 5086 2022 5158 Aymonii

394 5184 538 5240 libr.
567 5180 884 5236 Monumcns
914 5181 1286 5251 authentiqurs
1317 5195 1440 5251 pag.
1475 5179 1576 5234 311
1615 5196 1697 5249 sq.
1728 5179 1898 5234 Hann.

466 5277 726 5348 Cyrillus
755 5275 1080 5339 Carmelita,
1106 5273 1257 5329 circa
1287 5273 1433 5328 A.C.
1465 5271 1624 5338 1224,
1651 5273 1721 5328 de
1755 5289 1866 5343 quo
1889 5271 2026 5327 Αεεά

395 5370 662 5427 Sanctor.
709 5369 744 5424 6
779 5368 984 5431 Martii,
1031 5376 1166 5422 tom.
1205 5366 1248 5431 l,
1281 5382 1405 5438 pag.
1437 5363 1542 5420 498
1567 5381 1712 5436 seq.,
1759 5364 1858 5419 ubi
1904 5361 2024 5419 Vita

391 5465 609 5532 scripta
639 5478 674 5516 a
702 5462 918 5516 Joanne
948 5459 1365 5532 Palmonydoro.
1395 5457 1498 5514 Hic
1524 5467 1608 5514 est
1634 5457 1848 5513 ordinis
1875 5455 2016 5512 Car-

391 5552 637 5607 melitici
685 5552 890 5606 tertius
930 5550 1084 5622 prior
1136 5547 1434 5620 generalis,
1488 5547 1716 5602 natione
1764 5546 2012 5612 Graecus,

387 5646 488 5711 qui
525 5645 599 5699 ad
623 5644 978 5700 Joachimum
996 5642 1256 5697 abbatem
1291 5640 1536 5710 scripsit.
1563 5638 1721 5696 Unde
1749 5652 2016 5708 quorum-

391 5742 524 5793 dam
573 5739 794 5808 stupet,
850 5735 946 5806 qui
992 5732 1557 5805 llieroso'lytnitanum
1607 5731 1879 5804 Cyrillum
1926 5731 2014 5786 vel

2131 3339 2258 3395 Joh.
2292 3339 2592 3397 Weichard
2631 3342 2896 3397 Valvasor
2935 3351 2993 3397 et
3040 3343 3306 3399 Erasmus
3341 3345 3624 3402 Francisci
3672 3349 3732 3405 in

2131 3441 2287 3504 parte
2328 3433 2572 3488 secunda
2613 3435 2818 3505 operis,
2866 3435 3196 3490 Germanice
3225 3435 3364 3491 editi
3401 3454 3416 3491 :
3452 3436 3598 3492 Ehre
3641 3441 3732 3496 des

2131 3525 2518 3598 Hcrzogllmms
2556 3525 2747 3591 Crain,
2787 3526 2886 3582 lib.
2927 3544 3003 3592 vr,
3036 3543 3157 3598 cap.
3198 3527 3251 3595 1,
3293 3528 3388 3584 ubi
3425 3530 3494 3586 de
3527 3531 3734 3590 litteris

2125 3617 2466 3684 'Slavonicis,
2488 3635 2525 3674 a
2545 3618 2757 3691 Cyrillo
2778 3628 2834 3674 et
2864 3619 3146 3676 Methodio
3177 3623 3436 3693 repertis.

2201 3710 2464 3784 [Cyrinus
2483 3712 2782 3778 Diaconus,
2806 3714 2965 3784 cujus
2990 3715 3318 3787 martyrium
3342 3715 3398 3770 in
3426 3717 3565 3772 Vitis
3585 3718 3729 3774 San-

2129 3809 2345 3859 etorum
2369 3820 2442 3858 m.
2472 3805 2598 3860 Maii
2627 3804 2830 3877 legit-ur
2857 3805 2912 3859 in
2927 3806 3049 3861 cod.
3073 3799 3298 3864 Barocc.
3327 3807 3503 3867 Oxon.
3523 3809 3727 3878 CCLX,

2129 3913 2184 3967 p.
2219 3896 2340 3952 159.
2377 3896 2470 3970 11.]

2198 3986 2440 4058 Cyrillus
2489 3987 2935 4056 Grammaticas,
2994 3990 3257 4046 Glossarii
3320 3989 3728 4048 Graeco-Latini

2123 4085 2344 4142 auctor,
2395 4078 2462 4134 de
2499 4095 2611 4149 quo
2654 4081 2810 4135 alibi-
2849 4082 3022 4136 Fusa.
3063 4083 3232 4136 -——De
3262 4082 3466 4138 Lexico
3499 4084 3727 4149 biblico,

2123 4169 2275 4236 quod
2314 4170 2422 4224 sub
2464 4170 2689 4225 nomine
2743 4172 2910 4226 modo
2970 4170 3181 4243 Cyrilli,
3238 4174 3403 4228 modo
3455 4175 3724 4242 Philonis,

2127 4261 2292 4315 modo
2323 4260 2582 4331 Origenis
2630 4272 2910 4333 superest,
2941 4265 3006 4319 V.
3062 4265 3161 4319 lib.
3201 4281 3274 4332 Iv,
3313 4281 3433 4336 cap.
3476 4267 3566 4329 57,
3611 4269 3724 4325 vol.

2127 4353 2216 4418 Vl,
2247 4369 2302 4424 p.
2341 4353 2442 4408 199
2468 4369 2576 4424 sq.,
2608 4362 2664 4408 et
2689 4356 2796 4410 vol.
2828 4355 2919 4423 Ν,
2948 4373 3002 4428 p.
3040 4357 3166 4422 470,
3208 4357 3276 4412 de
3300 4357 3505 4430 Cyrillo
3526 4358 3725 4417 Gram-

2119 4447 2328 4522 matice
2353 4447 2498 4502 inter
2524 4455 2717 4517 poetas
2731 4449 3136 4520 epigrammat.;
3175 4451 3235 4505 it.
3268 4452 3376 4506 vol.
3402 4453 3492 4517 Vl,
3509 4469 3564 4524 p.
3585 4455 3681 4510 521
3707 4476 3723 4522 ;

2126 4538 2194 4591 de
2224 4537 2439 4610 Cyrilli,
2478 4539 2564 4593 vel
2600 4539 2788 4608 potius
2823 4539 2909 4595 Jo.
2948 4540 3264 4611 Philoponi.
3314 4541 3534 4598 Called.
3583 4560 3723 4602 rorc.

2060 4611 2104 4666 Β
2129 4623 2568 4694 discrepantium,
2611 4629 2744 4690 etc.,
2774 4624 2864 4678 adi
2898 4623 3064 4695 paulo
3093 4635 3219 4694 post
3268 4634 3404 4681 scct.
3455 4643 3531 4695 rx,
3565 4629 3632 4683 ad
3666 4646 3723 4686 η.

2129 4715 2254 4768 172.
2282 4715 2452 4771 ΒΑΜ..

2193 4805 2437 4877 Cyrillus
2494 4793 2956 4877 Heliopolitanus,
2995 4803 3102 4862 sub
3143 4806 3364 4863 Iuliano
3397 4810 3721 4882 martyrium

2124 4905 2343 4968 passus,
2376 4899 2576 4970 dequo
2606 4898 2984 4954 Theodoritus
3004 4901 3162 4967 “1,7,
3195 4899 3475 4967 Historiae,
3510 4912 3566 4957 et
3601 4903 3726 4959 Sni-

2125 4993 2225 5048 das
2250 4992 2306 5046 in
2335 4993 2654 5060 Κύριλλος.

2194 5071 2438 5156 Cyl-illus
2487 5079 3046 5159 Hierosolymitanus,
3084 5085 3152 5141 de
3181 5101 3293 5157 quo
3346 5085 3461 5140 dixi
3511 5085 3610 5141 lib.
3666 5106 3719 5154 γ,

2124 5193 2248 5247 cap.
2278 5177 2364 5232 14.
2387 5175 2548 5233 Nunc
2566 5186 2781 5233 tantum
2813 5179 2979 5243 addo,
3008 5171 3289 5234 diversum
3311 5177 3380 5232 ab
3409 5178 3516 5233 hoc
3544 5179 3720 5236 videri

2122 5266 2413 5339 Cyrillum,
2453 5269 2544 5322 cui
2577 5269 2950 5341 Hieronymus
2997 5267 3123 5323 fidei
3174 5282 3288 5321 suae
3316 5266 3722 5323 confessionem

2123 5359 2424 5417 tradidisse
2449 5362 2646 5417 scribit
2670 5362 2906 5432 epistola
2932 5362 3020 5414 77.
3061 5359 3197 5415 Vide
3228 5360 3549 5416 Tillemont.
3585 5369 3719 5416 tom.

2122 5453 2255 5519 XII,
2301 5470 2356 5524 p.
2409 5453 2534 5508 621.
2589 5455 2752 5508 Ἐλωί.
2800 5483 2874 5492 -—
2921 5451 3005 5512 Ab
3046 5451 3253 5523 Cyrillo
3306 5452 3718 5522 Hierosolymit.

2124 5545 2314 5600 differt
2345 5546 2488 5600 alius
2534 5545 2784 5617 ejusdem
2815 5544 3016 5608 azt‘atis,
3051 5543 3302 5615 ejusdem
3339 5543 3533 5615 Cyrilli
3567 5560 3721 5599 com-

2124 5638 2350 5709 petitor,
2385 5647 2442 5694 et
2473 5650 2599 5708 post
2632 5637 2798 5708 hujus
2853 5637 3368 5692 exauctorationcm
3403 5637 3552 5691 sedis
3587 5637 3717 5690 Hie-

2125 5729 2532 5802 rosolymitanaz
2605 5731 2857 5797 in-vasor;
2917 5729 2982 5784 ν.
3041 5730 3276 5787 Toultée
3330 5729 3472 5785 Diss.
3529 5728 3714 5799 Cyrill.

472 5885 546 5931 -’a'-
598 5875 852 5942 Εῃῑςεοῐτι
925 5874 981 5935 2,
1052 5872 1118 5928 ad
1162 5869 1524 5927 Suecensum.
1576 5871 1779 5928 Confer
1821 5886 1942 5941 quae
1979 5883 2080 5942 pro
2118 5868 2324 5937 Cyrillo
2362 5869 2628 5939 Ephraim
2673 5870 3056 5937 Antiochum-3
3103 5870 3245 5941 apud
3291 5868 3548 5922 lelium
3591 5865 3716 5923 cod.

387 5966 609 6016 tunx,
642 5937 699 6004 et
725 5946 992 6015 Eulogius
1015 5943 1170 5999 Alex.
1198 5943 1320 5996 cod.
1351 5958 1540 5997 ccxxv.

732 6045 1012 6105 ΡΑτιιοῐ..
1064 6040 1182 6102 Gn.
1229 6038 1492 6100 LXVIII.

3284 6024 3321 6086 2
