4172 6436
439 435 508 493 .35
1688 425 1974 482 NOTITIA
2010 426 2107 482 EX
2144 425 2486 483 FABRICIO.
3666 441 3735 490 46

436 565 495 607 ιι.
531 549 588 616 4,
622 547 678 602 ἰιι
708 545 822 602 vol.
861 545 1002 611 V111,
1045 543 1353 616 Disputatio
1390 559 1512 598 cum
1550 542 1825 611 Nestorio;
1866 559 2036 615 quam
2065 557 2110 612 Α
2140 543 2319 598 tertiae
2352 541 2567 614 synodi,
2616 541 2877 599 Gr.-—In
2909 549 3042 600 tom.
3089 544 3157 612 11,
3193 562 3249 601 ιι.
3284 546 3374 614 56,
3409 562 3499 618 cp.
3547 558 3736 605 contra

434 641 638 699 Kollar.
668 638 737 713 ad
765 639 878 694 vol.
914 638 980 702 V,
1012 652 1066 708 p.
1101 628 1228 703 269,
1255 650 1379 691 esse
1404 635 1476 691 ab
1502 636 1612 691 alio
1650 636 1850 692 factam
1879 645 2038 708 putat

433 749 502 789 ex
544 731 737 805 Cyrilli
785 728 1327 785 Antirrhetico.——In
1372 726 1497 783 θοὰ.
1542 726 1863 794 CCXLVIII,
1897 744 1954 784 ιι.
2001 727 2037 783 5

437 825 663 897 (spuria.
692 823 757 878 γ.
790 822 1024 886 Kollar.,
1046 837 1103 892 p.
1125 818 1254 885 287,
1286 819 1430 891 not.)
1459 819 1671 892 Disput.
1691 837 1812 876 cum
1835 819 2035 876 Iudaeis

430 915 494 969 de
529 914 843 969 adoratione
877 921 1084 967 sanctae
1118 912 1289 965 crucis
1322 921 1372 965 et
1396 928 1681 966 sacrarum
1714 912 2032 983 imaginum.

430 1006 577 1062 —ln
606 1005 730 1060 cod.
777 1003 932 1071 CCL,
968 1020 1026 1058 ιι.
1064 1001 1151 1069 10,
1182 1018 1252 1058 ex
1287 1002 1517 1075 Dialogo
1552 1004 1624 1057 ad
1659 1003 1932 1058 Hermiam
1970 1003 2036 1058 de

428 1097 870 1154 eonsubstantiali
894 1097 1178 1163 Trinitate,
1199 1096 1396 1168 fragm.
1420 1095 1626 1152 Kollar.
1651 1112 1707 1167 p.
1757 1096 2034 1153 514.-1ιι

426 1192 550 1249 θοὰ.
582 1190 964 1255 CCLXXXIII,
1001 1206 1059 1244 ιι.
1094 1189 1150 1255 2,
1182 1205 1239 1260 p.
1264 1191 1390 1256 474,
1425 1188 1639 1245 Comm.
1677 1199 1937 1260 excerpta
1965 1204 2034 1244 ex

424 1286 613 1359 Cyrilli
648 1285 948 1357 Opp.—ln
991 1284 1103 1340 vol.
1155 1284 1240 1350 VI,
1277 1294 1422 1355 part.
1471 1301 1510 1349 ι,
1556 1301 1613 1355 p.
1639 1283 1728 1349 97,
1775 1283 1900 1338 cod.
1935 1282 2029 1348 XI,

426 1395 480 1434 ιι.
535 1379 625 1445 16,
673 1378 870 1449 fragm.
927 1393 996 1433 ex
1044 1376 1238 1448 Cyrilli
1283 1376 1423 1447 Opp.
1472 1377 1537 1432 de
1587 1385 1823 1448 tempore
1861 1393 2032 1432 sacra:

423 1484 581 1523 cama:
610 1467 988 1540 Christi;——p.
1029 1468 1133 1523 150
1164 1484 1249 1539 sq.
1285 1468 1342 1549 in
1371 1468 1496 1525 θοὰ.
1525 1468 1716 1536 XVIII,
1750 1486 1807 1524 ιι.
1845 1471 1880 1525 4
1911 1470 2029 1545 (ubi

424 1559 486 1615 V.
537 1569 662 1615 not.
691 1559 924 1631 Kollar.)
975 1559 1286 1631 fragmenta
1338 1560 1605 1616 canonica
1648 1577 1717 1617 ex
1756 1563 1912 1633 epist.
1962 1564 2032 1617 ad

422 1651 690 1706 Domuum
705 1661 761 1707 et
786 1668 869 1722 ep.
890 1651 961 1705 ad
979 1653 1245 1723 episcopos
1268 1651 1444 1723 Libya:
1460 1660 1509 1705 et
1526 1650 1902 1724 Pentapoleos,
1919 1662 2026 1711 etc.

425 1743 590 1816 (conf.
625 1742 911 1799 Theodori
940 1743 1286 1799 Balsamonis
1316 1741 1456 1815 Opp.
1486 1743 1581 1800 Cr.
1623 1754 1681 1801 et
1708 1744 1828 1801 Lat.
1852 1734 2027 1803 Paris.

422 1837 586 1903 edita,
610 1854 673 1909 p.
704 1837 842 1893 1076
870 1845 927 1892 et
949 1853 1007 1907 p.
1032 1835 1271 1891 1080.—-
1300 1835 1586 1893 Sententia:
1610 1836 1799 1910 Cyrilli
1821 1846 1872 1892 et
1896 1838 2034 1894 alio-

2139 637 2547 705 Theodoretum;
2576 654 2635 693 ιι.
2672 636 2797 704 980,
2829 638 2887 693 in
2927 638 3052 695 cod.
3086 639 3520 697 Sarisburieusis
3552 644 3734 699 eccle-

2137 730 2254 796 siae,
2288 729 2367 785 De
2401 733 2733 802 processione
2755 730 2987 803 Spiritus
3012 735 3204 789 sancti.
3239 734 3391 790 —N.
3421 734 3564 790 5455
3594 735 3733 792 bibl.

2135 823 2406 890 Norfolc.,
2451 821 2576 895 Cyr.
2623 823 2694 878 ad
2735 823 3074 891 Nestorium;
3103 842 3161 880 ιι.
3212 825 3353 881 5959
3401 826 3540 882 bibl.
3576 827 3733 895 Cale,

2135 917 2412 973 Anastasii
2443 925 2492 972 et
2520 916 2710 989 Cyrilli
2743 917 3016 989 Expositio
3042 920 3212 974 breuis
3233 919 3365 988 ﬁdei
3395 918 3734 976 Christiana.

2206 1009 2456 1076 Dublini,
2485 1026 2542 1064 ιι.
2570 1009 2695 1075 726,
2726 1009 3028 1082 Explicatio
3056 1010 3245 1085 Cyrilli
3269 1029 3435 1084 super
3463 1013 3737 1069 circumci-

2133 1102 2282 1157 sione
2311 1100 2529 1169 Christi,
2545 1110 2682 1156 —et
2706 1102 2770 1155 de
2792 1104 3091 1173 portatione
3117 1120 3212 1175 per
3230 1103 3551 1160 Simeonem.

2208 1182 2394 1250 Leidm
2423 1193 2570 1249 inter
2589 1193 2753 1249 codd.
2782 1193 3052 1260 Vulcanii,
3086 1193 3264 1251 Catal.
3292 1195 3440 1262 bibl.,
3465 1212 3522 1267 p.
3554 1197 3660 1257 544
3680 1205 3739 1253 et

2135 1283 2261 1350 545,
2290 1286 2454 1357 plura
2494 1285 2686 1359 Cyrilli
2718 1301 2907 1356 opera,
2935 1301 2968 1341 a
3000 1286 3269 1343 Vulcanio
3310 1289 3397 1344 vel
3429 1289 3735 1361 descripta,
3794 1298 3805 1311 ‘

2134 1378 2221 1433 vel
2252 1376 2450 1434 Latine
2482 1393 2664 1444 versa,
2692 1379 2781 1435 vel
2819 1378 3113 1435 illustrata.
3142 1379 3202 1434 P.
3241 1380 3366 1446 546,
3405 1397 3463 1437 ιι.
3499 1382 3591 1449 52,
3627 1382 3735 1455 Cy-
3848 1408 3854 1415 ·

2135 1468 2248 1525 rilli
2286 1469 2531 1542 dialogus
2562 1471 2633 1526 ad
2666 1470 2992 1536 Hermaeum,
3029 1471 3574 1545 philosophum—1’.
3606 1475 3734 1541 547,

2135 1578 2193 1617 ιι.
2237 1563 2327 1629 62,
2361 1563 2473 1618 duo
2501 1561 2805 1630 Sermones,
2839 1571 2898 1619 et
2939 1565 3010 1619 ad
3039 1563 3319 1620 Hermiam
3349 1566 3731 1639 presbyterum.

2134 1684 2206 1693 —
2242 1654 2303 1708 P.
2335 1653 2474 1720 548,
2523 1670 2580 1709 ιι.
2647 1654 2719 1710 92
2764 1655 2829 1721 Ε,
2887 1671 3062 1710 sermo
3107 1656 3322 1727 fest.—
3359 1657 3511 1714 Inter
3564 1659 3731 1721 codd.

2136 1745 2411 1811 Vossian.,
2436 1762 2491 1816 p.
2518 1746 2645 1813 581,
2670 1763 2726 1801 ιι.
2756 1748 2846 1813 54,
2875 1748 3141 1819 rescripta
3164 1749 3238 1805 'ad
3265 1751 3562 1807 concilium
3589 1752 3729 1809 Afri-

2135 1855 2359 1905 canum,
2392 1840 2488 1894 ubi
2527 1840 2849 1896 authentica
2874 1840 3083 1897 Nicseni
3125 1842 3344 1898 concilii
3374 1844 3636 1900 translata
3665 1847 3735 1902 de

422 1946 555 1984 rum.
576 1930 645 1986 γ.
677 1930 891 1986 Reiser.
915 1930 1038 1986 Ind.
1067 1931 1217 1985 codd.
1242 1931 1493 2003 August.,
1519 1947 1574 2002 p.
1597 1931 1698 2000 22;
1724 1932 1827 1999 ib.,
1852 1948 1908 2003 p.
1933 1931 2024 1999 25,
2063 1930 2101 1984 Β
2129 1928 2320 1986 Graeco
2339 1947 2442 2003 per
2463 1929 2851 1986 Innocentium
2875 1932 3282 2005 presbyterum,
3313 1935 3581 1991 etc.——P.
3603 1936 3731 2001 401,

422 2023 724 2094 Explicatio
748 2024 1027 2096 parabola:
1050 2025 1180 2080 Luc.
1215 2040 1325 2079 xvr.

489 2116 741 2173 Venetiis
771 2117 920 2173 inter
955 2117 1120 2173 codd.
1162 2117 1273 2174 Jul.
1317 2117 1620 2174 Justiniani
1654 2116 1845 2190 Cyrilli
1889 2118 2025 2191 Epi-

417 2210 564 2265 stolis
588 2210 841 2281 festales;
872 2211 929 2265 in
959 2211 1071 2267 alio
1102 2211 1227 2267 cod.
1256 2211 1435 2283 ejusd.
1461 2211 1794 2278 Thesaurus;
1829 2212 1885 2267 in
1917 2213 2027 2268 alio

418 2302 650 2358 humilia:
674 2304 731 2357 in
760 2302 1009 2369 δεηθείη,
1032 2310 1172 2359 teste
1200 2302 1573 2359 Montfaucon.
1601 2303 1659 2358 in
1687 2302 1842 2358 Diar.
1869 2303 2025 2370 ltal.,

420 2409 472 2464 p.
502 2394 1037 2451 434.—Bandinius
1074 2395 1131 2450 in
1160 2393 1282 2451 Cat.
1314 2394 1465 2449 codd.
1509 2393 1604 2473 Gr.
1640 2394 1900 2450 Laurent.
1936 2413 2025 2451 re-

419 2488 636 2543 censuit
658 2488 823 2560 plura
849 2498 1110 2560 excerpta
1134 2503 1204 2544 ex
1222 2488 1394 2544 variis
1414 2487 1602 2561 Cyrilli
1622 2487 1763 2559 Opp.
1785 2488 1839 2543 in
1861 2489 2022 2544 codd.

421 2579 686 2636 Laurent.
710 2580 876 2636 obvia
902 2590 941 2636 t.
964 2581 1006 2645 I,
1034 2596 1089 2652 p.
1121 2581 1212 2647 47,
1236 2596 1295 2635 ιι.
1329 2579 1501 2645 XXX,
1525 2579 1701 2636 XXXI
1725 2589 1782 2636 et
1804 2580 2025 2648 XXXII,

420 2688 472 2743 p.
505 2672 642 2739 468;
679 2672 797 2738 XII,
834 2690 891 2744 p.
927 2673 1061 2741 118;
1107 2673 1171 2738 V,
1201 2690 1257 2745 p.
1304 2673 1435 2740 119;
1466 2672 1535 2739 X,
1568 2689 1624 2745 p.
1663 2674 1796 2740 415;
1832 2673 2022 2740 XXVI,

419 2781 473 2836 p.
503 2765 635 2832 600;
678 2765 747 2835 in,
771 2774 905 2821 tom.
950 2765 1017 2831 II,
1052 2765 1178 2821 cod.
1219 2764 1312 2831 XI,
1349 2766 1376 2838 §
1415 2766 1482 2831 Il,
1515 2775 1647 2821 tom.
1678 2766 1770 2832 III,
1800 2782 1855 2837 p.
1897 2765 2023 2833 524,

420 2856 533 2913 XX.
567 2859 833 2916 Citantur
871 2860 995 2915 loca
1035 2868 1170 2914 tom.
1206 2859 1249 2925 I,
1286 2875 1340 2930 p.
1374 2859 1443 2915 99
1475 2867 1533 2914 et
1563 2858 1669 2915 456
1700 2858 1759 2914 in
1793 2856 2025 2932 Exposi-

421 2953 555 3006 tione
580 2968 869 3006 sacrorum
891 2960 1228 3023 prwceptor.,
1261 2967 1317 3021 p.
1346 2950 1481 3017 255;
1512 2950 1569 3005 in
1598 2948 1883 3022 Florilegio
1901 2967 2026 3005 sen-

421 3045 663 3110 tentiar.,
709 3060 765 3115 p.
799 3044 926 3109 547,
972 3060 1005 3099 a
1048 3044 1137 3100 .10.
1182 3042 1572 3099 Cantacuzeno
1615 3051 1804 3099 contra
1851 3042 2026 3098 Pala-

422 3153 559 3191 mam
586 3153 606 3191 :
643 3137 852 3209 p.558,
889 3137 947 3191 in
991 3152 1160 3207 opere
1198 3135 1459 3207 anonymi
1501 3144 1697 3191 contra
1733 3134 2023 3200 eumdem;

420 3238 475 3284 et
503 3244 557 3300 p.
583 3229 720 3294 452,
745 3229 802 3284 in
836 3228 1105 3284 Thesauro
1131 3228 1342 3282 orthod.
1371 3227 1516 3297 ﬁdei.
1535 3226 1834 3300 -—-Integra
1858 3224 2024 3299 Opp.,

2133 2038 2192 2077 ιι.
2244 2024 2307 2090 4,
2367 2023 2558 2098 Cyrilli
2604 2023 2843 2081 collectio
2884 2029 3274 2083 sententiarum
3327 2038 3517 2085 contra
3548 2033 3736 2085 Πνευ-

2126 2116 2535 2189 ματομάχους.

2207 2211 2382 2267 Paris.
2416 2211 2474 2267 in
2521 2212 2658 2268 bibl.
2707 2213 2863 2285 publ.
2911 2214 3085 2270 multa
3133 2225 3499 2272 numerantur
3541 2215 3733 2289 Cyl-illi

2134 2303 2360 2373 scripta,
2394 2320 2563 2360 manu
2591 2313 2857 2361 exarata:
2886 2306 2979 2361 hic
3024 2315 3238 2363 tantum
3277 2308 3579 2365 nominabo
3620 2308 3732 2364 Ex-

2134 2404 2321 2465 cerpta
2345 2394 2402 2449 in
2435 2396 2598 2451 codd.
2634 2397 3053 2454 DCCCLXXXII
3084 2410 3142 2456 et
3166 2399 3732 2458 MMMIX.—Secun-

2134 2486 2266 2551 dum
2302 2486 2483 2543 Catal.
2517 2487 2698 2544 Paris.
2729 2488 2855 2545 bibl.
2883 2506 3034 2556 mss.,
3063 2490 3173 2545 vol.
3206 2491 3249 2555 1,
3283 2507 3339 2561 p.
3378 2490 3480 2546 107
3512 2503 3570 2547 ct
3603 2492 3729 2557 108,

2134 2593 2201 2634 ac
2253 2579 2379 2645 117,
2410 2589 2541 2636 sunt
2570 2580 2718 2637 inter
2751 2580 2916 2637 codd.
2967 2580 3240 2638 Arabicos
3282 2582 3498 2653 aliquot
3539 2583 3734 2657 Cyrilii

2134 2670 2395 2727 homilize.

2205 2765 2454 2821 Venetiis
2488 2765 2544 2820 in
2592 2765 2729 2821 bibl.
2770 2766 2939 2825 Marc.
2978 2767 3104 2825 cod.
3144 2765 3356 2836 CXXII,
3391 2768 3515 2842 Cyr.
3545 2777 3735 2827 contra

2132 2857 2727 2931 Anthropomorphitas.
2763 2860 2884 2918 Vid.
2928 2857 3116 2918 notam
3163 2862 3221 2917 in
3264 2862 3384 2919 Cat.
3435 2863 3587 2918 codd.
3635 2863 3730 2921 Gr.

2133 2950 2328 3016 Mam,
2358 2966 2413 3020 p.
2458 2950 2703 3008 70.—In
2732 2953 2857 3008 cod.
2885 2953 3247 3011 CDXXXVIII
3285 2955 3734 3017 anathematismi

2135 3040 2349 3112 aliquot
2377 3040 2543 3115 (Cat.,
2598 3058 2655 3113 p.
2706 3041 2858 3115 215).
2910 3044 2993 3099 Ex
3040 3060 3277 3100 numero
3328 3047 3734 3115 permultorum

2136 3134 2300 3189 codd.
2334 3149 2476 3205 quos
2495 3134 2871 3191 Mondaucon.
2903 3136 2962 3191 in
2988 3135 3127 3192 Bibl.
3154 3136 3451 3193 bibliothec.
3478 3155 3605 3193 mss.
3642 3155 3734 3196 re-

2134 3224 2263 3292 fert,
2296 3241 2601 3297 paucorum
2633 3235 2848 3283 tantum
2882 3227 3124 3300 injiciam
3155 3229 3518 3286 mentionem.

421 3321 475 3378 in
503 3295 682 3379 codd.
712 3321 879 3376 Laur.
911 3327 1151 3386 servata,
1184 3319 1302 3375 suis
1327 3295 1465 3382 locis
1493 3295 1884 3375 indicabimus.
1905 3295 2026 3375 I‘io-
2055 3295 2101 3355 θ
2205 3295 2395 3375 Romae
2423 3319 2481 3373 in
2514 3318 2653 3374 bibl.
2687 3295 2954 3375 Ottobon:
2982 3319 3173 3393 Cyrilli
3200 3320 3376 3377 Oratt.
3421 3322 3485 3393 (1,
3531 3337 3588 3393 p.
3630 3321 3736 3377 185

423 3415 620 3472 tandus
651 3424 742 3470 est
763 3427 984 3484 quoque
1008 3411 1132 3468 cod.
1157 3412 1200 3479 1,
1223 3428 1281 3467 ιι.
1307 3410 1364 3477 2,
1395 3412 1537 3482 plut.
1561 3413 1615 3477 7,
1646 3411 1764 3468 sive
1781 3411 2030 3468 Edictum

418 3508 763 3582 imperatoris
784 3506 1102 3571 Justiniani,
1127 3504 1420 3561 continens
1438 3504 1843 3562 confessionem
1864 3514 2030 3562 rectae

421 3600 567 3667 ﬁdei,
607 3610 752 3666 etc.,
792 3598 851 3653 in
883 3614 995 3669 qua
1029 3596 1399 3660 Justinianus,
1446 3609 1504 3665 p.
1548 3593 1674 3660 295,
1710 3594 1877 3650 all'ert
1908 3594 2030 3650 loca

420 3692 605 3766 Cyrilli
631 3692 795 3748 Alex.
818 3707 889 3747 ex
912 3690 1079 3762 epist.
1106 3689 1132 3744 1
1171 3696 1229 3744 et
1257 3688 1294 3743 2
1318 3687 1390 3744 ad
1418 3685 1751 3753 Successum,
1776 3695 1910 3753 ctc.,
1940 3692 2028 3742 at-

420 3802 525 3859 que
547 3803 606 3842 ιι.
636 3786 695 3852 5,
719 3781 1020 3855 Exemplar
1057 3778 1312 3855 epistolas,
1333 3780 1398 3835 ab
1419 3780 1548 3852 imp.
1574 3778 1881 3834 Iustiniano
1908 3795 2031 3851 per-

418 3881 653 3950 scriptis,
692 3878 949 3932 adversus
977 3872 1289 3939 nonnullos,
1315 3873 1540 3943 impium
1570 3870 1920 3937 Theodorum,
1947 3879 2030 3925 at-

2129 3408 2221 3482 A).
2270 3409 2521 3466 Vatican.
2574 3409 2711 3465 bibl.
2761 3418 2820 3466 et
2871 3410 2959 3466 bis
3010 3410 3068 3465 in
3105 3409 3457 3467 Ambrosian.
3508 3411 3729 3467 Mediol.

2130 3499 2308 3571 Opera
2340 3498 2403 3571 (ι,
2435 3514 2493 3570 p.
2522 3497 2626 3554 199
2651 3499 2719 3564 A',
2746 3514 2803 3570 p.
2836 3497 2943 3555 495
2967 3498 3033 3565 E,
3060 3514 3116 3570 p.
3146 3497 3254 3555 512
3286 3497 3374 3570 B).

2199 3590 2449 3655 Basileaa,
2490 3587 2679 3661 Cyrill.
2719 3587 2875 3644 Alex.
2914 3589 2972 3644 in
3019 3588 3269 3645 Exodum
3317 3597 3368 3643 et
3413 3587 3734 3654 Leoiticum;

2130 3684 2439 3741 Theodoret.
2475 3682 2601 3756 Cyri
2645 3692 2833 3739 contra
2862 3681 3146 3757 Cyrillum,
3187 3690 3245 3739 et
3281 3681 3471 3755 Cyr-illi
3509 3682 3735 3754 epistola

2129 3786 2316 3835 contra
2330 3777 2709 3833 Theodoretum
2720 3794 2740 3844 ;
2752 3775 2878 3849 Cyr.
2897 3776 3331 3832 anathematismi
3341 3774 3464 3841 ΧΙΙ,
3477 3784 3534 3831 et
3544 3784 3736 3832 contra

2129 3870 2731 3944 Anthropomorphitas;
2764 3876 2823 3926 et
2858 3869 2914 3924 in
2945 3868 3057 3924 alio
3090 3867 3215 3925 cod.
3236 3867 3427 3940 Cyrilli
3455 3866 3730 3938 quedam,

420 3989 517 4044 que
550 3973 747 4044 iniqua
791 3971 908 4041 ejus
940 3968 1216 4038 dogmata,
1262 3972 1314 4020 et
1341 3963 1623 4036 epistolam
1662 3962 1770 4020 Ibat
1804 3963 2026 4030 dictam,
2127 3969 2187 4021 et
2212 3962 2465 4034 epistola,
2492 3970 2601 4018 etc.
2643 3960 2708 4034 (1,
2742 3976 2799 4032 ρ.
2832 3958 2935 4016 609
2957 3959 3019 4025 Β,
3055 3975 3111 4031 p.
3149 3957 3253 4015 610
3275 3956 3366 4031 Α).
3390 3989 3463 4000 -
3489 3959 3550 4014 In
3591 3959 3729 4015 bibl.

420 4082 512 4120 nec
554 4081 667 4119 non
712 4061 1014 4117 Theodoriti
1059 4057 1219 4117 libros
1258 4065 1447 4111 contra
1488 4054 1807 4111 catholicam
1843 4054 2025 4125 ﬁdem,

418 4159 628 4229 scriptis
675 4159 1100 4227 propugnantes,
1145 4162 1314 4220 quam
1357 4147 1580 4218 longam
1619 4147 1786 4218 epist.
1821 4144 2026 4202 Bandi-

419 4250 544 4306 nius
570 4250 627 4304 in
652 4236 927 4304 cat.'tom.
958 4245 1002 4311 1,
1029 4261 1086 4316 p.
1119 4242 1222 4299 166
1256 4257 1403 4313 sqq.,
1433 4242 1649 4313 primus
1680 4240 1869 4297 Graece
1898 4255 2026 4295 cum

423 4341 614 4399 Latina
643 4341 904 4397 versione
932 4336 1212 4408 evulgavit
1252 4351 1266 4389 :
1302 4334 1359 4388 in
1394 4350 1504 4405 qua
1541 4333 1803 4404 frequens
1836 4331 2027 4405 Cyrilli

418 4437 651 4507 ejusque
691 4448 926 4505 operum
962 4426 1337 4503 quorumdam
1368 4425 1431 4482 fit
1456 4425 1688 4495 mentio,
1716 4433 1815 4483 aut
1842 4425 1891 4482 is
1924 4425 2026 4482 de-

417 4527 693 4585 tenditur.

488 4640 814 4699 Secundum
850 4637 1035 4696 Catal.
1065 4637 1216 4693 codd.
1252 4635 1463 4709 Anglia:
1490 4645 1541 4691 et
1576 4634 1796 4693 Hibera.
1836 4631 1895 4687 in
1921 4646 2020 4687 va-
2055 4642 2101 4698 ι)

416 4736 517 4793 riis
544 4733 834 4797 bibliotb.,
868 4732 1145 4803 praecipue
1182 4730 1503 4795 Bodleiana,
1532 4726 1725 4799 Cyrilli
1761 4724 1902 4797 Opp.
1934 4731 2034 4780 aut

415 4836 607 4899 partes
618 4826 841 4882 illorum
861 4834 1246 4894 saepenumero
1265 4830 1512 4878 exstant:
1531 4813 1623 4874 hic
1637 4818 1848 4889 aliquot
1864 4815 2028 4872 codd.

418 4915 475 4971 in
486 4916 698 4987 quibus
709 4914 996 4985 particulae
1012 4912 1392 4984 reperiuntur,
1409 4918 1621 4966 tantum
1632 4906 1999 4964 ex’citabimus
2012 4922 2028 4960 :

417 5025 473 5064 ιι.
510 5008 583 5065 85
616 5008 759 5064 bibl.
789 5004 1027 5070 Bodlei.,
1073 5006 1131 5061 in
1176 5003 1302 5060 cod.
1337 5003 1563 5058 Barocc.
1608 4999 1874 5064 LXXXV,
1921 4999 2033 5070 epi-

412 5100 559 5159 stola
578 5100 653 5155 ad
673 5098 1012 5156 Gennadium
1032 5108 1091 5153 et
1111 5105 1374 5173 excerpta
1389 5110 1457 5150 ex
1473 5093 1726 5165 epistolis
1743 5098 1800 5148 et
1820 5106 1890 5148 ex
1915 5106 2033 5147 ser-

414 5208 582 5249 mone
614 5190 891 5264 quodam;
910 5203 1054 5243 -—n.
1089 5186 1218 5253 272,
1249 5185 1468 5257 Disput.
1500 5185 1641 5239 inter
1673 5180 1936 5254 Cyrillum
1978 5188 2032 5235 et

413 5284 759 5349 Nestorium;
796 5299 856 5338 ιι.
886 5279 1014 5347 688,
1051 5277 1382 5346 Questions
1422 5284 1473 5331 et
1505 5277 1836 5346 responsion.
1879 5288 2027 5346 quie-

414 5378 544 5453 dant
571 5378 638 5434 de
665 5377 772 5449 ﬁde
799 5383 1004 5432 sancta
1033 5372 1312 5429 Trinitatis
1322 5386 1482 5439 ;—-n.
1520 5368 1683 5435 2500,
1712 5367 2030 5425 Encomium

413 5470 478 5527 Β.
506 5470 768 5544 Virginis;
798 5484 857 5524 ιι.
888 5466 1053 5533 2877,
1089 5463 1537 5538 Deimaginibus;
1561 5478 1621 5518 ιι.
1650 5459 1811 5525 5060,
1835 5457 2030 5530 Capita

414 5561 624 5634 aliquot
650 5558 962 5633 synodalia;
989 5571 1049 5613 ιι.
1081 5554 1243 5620 5275,
1281 5561 1425 5611 orat.
1459 5553 1541 5611 De
1570 5550 1739 5608 XXIV
1756 5550 2027 5624 presbyte-

412 5655 488 5708 ris
526 5655 623 5726 qui
665 5655 726 5708 in
761 5650 893 5708 calo
936 5657 1099 5715 sunt,
1158 5663 1399 5720 quorum
1434 5645 1661 5702 nomina
1706 5643 2029 5699 scribuntur

412 5745 645 5819 Coptice
676 5758 960 5818 :quorum
1006 5739 1468 5798 commemoratio
1494 5736 1615 5794 ﬁeri
1648 5736 1791 5793 solet
1831 5735 1921 5793 die
1957 5734 2029 5792 24

414 5836 627 5892 mensis
651 5835 850 5901 ﬂatur,
883 5831 1154 5897 Arabiae;
1184 5846 1243 5885 ιιι
1266 5829 1429 5895 5597,
1460 5829 1519 5883 in
1555 5827 1892 5901 Symeouem.

484 5926 805 5997 Cantabrig.
835 5942 896 5983 ιι.
925 5925 1053 5994 514,
1084 5922 1275 5996 Cyrilli
1303 5930 1361 5980 et
1388 5921 1624 5979 aliorum
1658 5935 1785 5993 opp.
1816 5934 1861 5977 s.
1900 5928 2024 5977 acta

2129 4050 2189 4107 S.
2218 4049 2516 4116 Vincentii,
2542 4065 2712 4121 opera
2738 4049 2827 4122 (II,
2858 4065 2914 4121 p.
2949 4049 3089 4105 1194
3116 4048 3206 4121 1)).
3225 4049 3367 4105 -1ιι
3398 4048 3534 4105 bibl.
3562 4050 3732 4107 Pelli-

2128 4142 2283 4207 serii,
2306 4142 2364 4195 in
2387 4140 2612 4196 Esaiam
2650 4140 2737 4212 (ιι,
2772 4156 2830 4211 ι).
2866 4139 3008 4195 1198
3042 4139 3287 4212 E).—In
3319 4139 3457 4196 bibl.
3494 4140 3734 4198 abbatiae

2129 4233 2187 4290 S.
2230 4232 2564 4294 Theoderici
2610 4247 2782 4304 prope
2812 4232 3037 4298 Remos,
3077 4229 3328 4288 Homilia:
3352 4232 3411 4287 in
3448 4230 3615 4288 Leuit.
3643 4233 3733 4291 bis

2130 4325 2219 4400 (ιι,
2243 4342 2298 4398 p.
2329 4325 2464 4401 1251
2488 4325 2554 4392 E,
2587 4334 2646 4381 et
2679 4324 2819 4380 1254
2852 4323 2938 4397 B).

2201 4418 2447 4475 Floreat.
2480 4417 2540 4473 in
2571 4417 2708 4473 bibl.
2739 4416 2796 4473 S.
2829 4416 3001 4473 Marci
3026 4416 3299 4474 Dominic.
3338 4416 3447 4474 tria
3470 4417 3732 4476 Commo-

2127 4509 2332 4566 nitoria
2350 4516 2409 4565 et
2430 4507 2686 4581 Epistolas
2700 4507 2819 4564 duce
2842 4508 2913 4562 ad
2941 4506 3217 4575 Acacium,
3239 4506 3435 4566 Latine
3462 4508 3526 4580 (1,
3549 4524 3606 4580 p.
3626 4508 3733 4565 419

2128 4601 2173 4657 D
2204 4599 2377 4673 E—).
2408 4600 2550 4657 Add.
2588 4599 2869 4657 Zachariae.
2914 4598 3026 4655 Iter
3073 4599 3315 4655 litterar.
3347 4616 3442 4673 per
3485 4599 3731 4667 Italiam,

2129 4690 2328 4749 Venet.
2348 4689 2505 4757 1762,
2524 4691 2578 4757 4,
2681 4690 2773 4757 51,
2795 4698 2854 4746 et
2873 4689 2942 4746 de
2963 4690 3074 4747 alio
3098 4690 3248 4758 cod.,
3272 4707 3328 4763 p.
3352 4692 3441 4749 55.
3464 4691 3571 4749 Sed
3593 4691 3729 4749 obel

2126 4786 2240 4858 jam
2272 4784 2408 4840 satis
2432 4794 2521 4841 est
2551 4783 2609 4839 in
2629 4782 2916 4855 praesentit
2943 4783 3141 4857 Ηιιιι..]

2664 4941 2874 4999 Latina:
2921 4943 3195 4999 editiones.

2200 5077 2366 5136 Basil.
2406 5077 2567 5145 1524,
2597 5077 2720 5145 fol.,
2751 5076 2897 5150 apud
2931 5076 3322 5142 Cratandrum,
3356 5075 3416 5131 in
3459 5090 3569 5147 qua
3609 5075 3734 5132 edi-

2131 5171 2282 5227 tione
2333 5180 2549 5226 tantum
2597 5177 2819 5226 exstant
2869 5166 3267 5226 Commentarii
3327 5164 3387 5222 in
3433 5166 3731 5236 Joannem,

2127 5266 2186 5320 in
2222 5264 2511 5325 Leviticwn
2540 5261 2660 5335 (qui
2687 5260 2944 5335 Origenis
2975 5260 3128 5332 sunt)
3157 5268 3218 5318 et
3246 5261 3576 5327 Theseum;
3610 5277 3733 5333 quae

2127 5355 2343 5429 singula
2388 5354 2688 5426 separatim
2726 5354 3056 5428 prodierunt
3086 5355 3262 5412 Paris.
3313 5347 3451 5413 1&0
3488 5366 3545 5413 et
3570 5355 3731 5423 1521,

2127 5450 2224 5508 fol.
2273 5448 2664 5507 Fan.——Hatc
2704 5448 2841 5506 edit.
2888 5447 3055 5505 Basil.
3107 5465 3156 5506 a.
3197 5450 3358 5516 1524,
3396 5450 3536 5508 nihil
3580 5450 3731 5509 aliud

2128 5545 2382 5602 contth
2424 5556 2591 5617 quam
2636 5556 2762 5613 quae
2803 5548 2975 5611 antea
3020 5543 3250 5601 Parisiis
3292 5543 3526 5601 seorsim
3580 5538 3734 5599 edita

2127 5645 2310 5703 erant,
2360 5643 2660 5692 annotante
2708 5632 3091 5693 Lambachero
3139 5636 3199 5693 in
3253 5632 3390 5692 Bibl.
3438 5636 3728 5693 Vindobon.

2127 5732 2317 5798 civica,
2339 5744 2397 5803 ι).
2423 5728 2515 5795 98,
2546 5735 2691 5795 not.,
2717 5729 2816 5801 qui
2841 5746 2898 5803 p.
2927 5729 2999 5787 99
3025 5737 3296 5786 memorat
3323 5738 3439 5786 tres
3456 5728 3734 5787 editiones

2128 5822 2497 5896 quorumdam
2519 5836 2650 5894 opp.
2666 5803 2878 5897 Cyrilli.
2900 5823 2972 5891 At
2991 5819 3047 5878 in
3070 5824 3208 5879 bibl.
3228 5822 3382 5878 acad.
3404 5819 3731 5891 Erlangensi

2126 5923 2213 5973 cst
2256 5915 2515 5973 volumen
2547 5915 2842 5989 grandc‘in
2884 5915 3021 5972 min.
3064 5913 3218 5981 folio,
3251 5912 3398 5984 quod
3432 5918 3731 5980 sequentes
