4172 6452
402 450 472 500 ιτ
1642 449 1924 503 Ml'l'l'l'lA
1962 450 2059 506 EX
2100 453 2439 513 FABRICIO.
3622 461 3694 518 48

402 562 678 617 editiones
708 575 835 615 cum
856 561 1239 632 peculiaribus
1272 562 1618 634 singulorum
1639 578 1768 634 opp.
1793 566 1993 621 inscri-
2025 577 2067 633 Α
2097 574 2251 643 ginas
2273 574 2405 628 liber
2431 589 2590 639 unus,
2611 572 2695 628 lo.
2730 572 3154 646 OEcolampadio
3182 577 3487 648 interprete.
3519 576 3690 636 ΒΑΜ..

404 651 690 722 ptionibus
716 654 1137 724 comprehendit
1170 673 1182 707 :
1216 670 1271 708 η.
1300 655 1348 708 1.
1383 654 1527 726 Opus
1559 656 1765 727 insigne
1787 654 1997 728 Cyrilli,

402 744 708 813 patriarche
732 743 887 798 Alex.
917 746 973 798 in
1016 744 1371 815 Evangelium
1399 746 1624 801 Ioannis
1655 763 1674 801 :
1713 765 1747 802 a
1779 747 2000 820 Georgio

404 832 754 903 Trapezontio
779 835 1104 890 traductum.
1123 836 1367 894 Jodocus
1386 837 1741 895 Clicbtovetis
1762 840 1818 894 in
1834 841 1995 912 epist.

401 930 836 1001 nuncupatoria,
886 930 1093 1001 scripta
1141 930 1316 986 Paris.
1370 931 1510 987 1508
1534 972 1549 997 ,
1589 932 1740 988 dolet
1780 942 1999 990 exstare

400 1024 570 1079 etiam
604 1024 661 1079 in
687 1024 864 1078 tribus
891 1022 1104 1079 Latinis
1135 1033 1192 1080 et
1217 1024 1436 1081 duobus
1461 1025 1667 1083 Graecis
1695 1026 1861 1082 codd.
1889 1028 1997 1082 Va-

404 1114 568 1169 tican.
603 1129 635 1170 e
674 1114 970 1169 duodecim
1007 1114 1170 1170 libris
1202 1117 1727 1172 commentariorum
1757 1125 1999 1188 quatuor

399 1207 664 1264 duntaxat
711 1205 922 1277 primos
960 1216 1020 1263 et
1067 1207 1296 1263 totidem
1343 1215 1681 1279 postremos;
1732 1219 1859 1280 post
1897 1209 1994 1265 fol.

401 1297 506 1353 168
534 1313 565 1353 a
599 1313 739 1353 nova
776 1313 933 1369 pagg.
958 1299 1117 1353 ‘serie
1148 1299 1173 1353 l
1197 1330 1267 1339 —
1289 1299 1356 1355 l9
1381 1300 1632 1372 adjectus
1659 1310 1745 1356 est
1764 1317 1796 1356 a
1814 1300 1999 1357 Clicb-

401 1399 562 1446 toveo
593 1389 964 1462 explanationi
1018 1389 1207 1463 Cyrilli
1268 1393 1794 1448 commentariorum
1853 1393 1997 1450 liber

399 1484 629 1553 quintus
657 1501 669 1537 :
707 1491 823 1538 tum
844 1498 900 1554 p.
929 1482 999 1537 58
1020 1499 1144 1554 sqq.
1169 1484 1392 1540 additus
1415 1493 1500 1540 est
1527 1485 1669 1540 liber
1698 1485 1992 1556 septimus;

401 1585 518 1632 tum
551 1591 607 1646 p.
640 1574 709 1630 52
742 1576 953 1646 pariter
986 1575 1130 1631 liber
1162 1584 1412 1642 octavus,
1442 1582 1501 1631 et
1546 1577 1628 1632 sic
1673 1593 1862 1648 porro,
1897 1579 1994 1634 ubi

399 1665 605 1722 deiecit
642 1666 833 1738 Cyrilli
872 1673 1075 1722 textus.
1109 1667 1167 1721 ln
1209 1667 1317 1723 ﬁne
1352 1679 1478 1725 ante
1512 1668 1750 1725 indicem
1779 1682 1993 1726 errato-

401 1774 526 1813 rum
556 1756 892 1813 z—Parisiis
925 1760 981 1813 in
1008 1760 1213 1829 officina
1242 1758 1546 1831 Wolfgangi
1591 1760 1806 1832 Hopilii,
1830 1761 1990 1817 1508.

398 1880 470 1890 --
502 1849 557 1904 2.
594 1848 781 1921 Cyrilli
826 1852 1194 1906 commentarii
1238 1852 1296 1905 in
1340 1851 1628 1907 Leviticum
1658 1893 1675 1921 ,
1731 1854 1993 1909 sexdecim

2174 664 2342 720 Basil.
2392 665 2551 731 1546,
2612 665 2733 732 fol.,
2777 664 2925 736 apud
2975 666 3330 740 ﬂervagium,
3373 668 3445 726 IV
3495 671 3690 737 tomis,

2103 756 2202 812 sed
2235 759 2329 828 qui
2350 774 2460 813 uno
2491 759 2888 829 comprehendi
2919 759 3198 815 volumine
3223 770 3474 832 possunt.
3505 762 3567 818 In
3588 764 3694 821 hac

2102 847 2371 902 accedunt
2411 848 2531 902 libri
2563 847 2662 903 VII
2704 850 2768 903 de
2820 849 3120 917 Trinitate;
3148 849 3227 904 De
3258 849 3459 922 Spiritu
3484 865 3691 920 sancto,

2100 938 2167 996 de
2204 939 2519 993 adoratione
2546 940 2603 993 in
2634 941 2828 1011 spiritu
2875 948 2924 995 et
2954 942 3222 1007 veritate;
3262 940 3384 996 libri
3406 941 3455 997 Χ
3501 955 3692 1000 contra

2076 1029 2420 1097 lulianum;
2477 1038 2526 1085 et
2564 1030 2654 1087 III
2702 1032 2765 1086 de
2821 1041 2968 1087 recta
3029 1033 3136 1101 ﬁde
3196 1035 3253 1087 in
3291 1031 3560 1089 Christum
3624 1036 3698 1090 ad

2103 1122 2444 1179 Theodosium
2494 1125 2624 1196 imp.
2679 1128 2729 1179 et
2761 1126 2973 1196 reginas
3003 1124 3104 1196 (a);
3140 1124 3396 1198 Epistola:
3453 1126 3690 1193 XXXIX,

2099 1213 2347 1270 Homilia:
2390 1214 2457 1282 Χ,
2510 1215 2770 1288 Apologia
2800 1217 2870 1271 ad
2916 1218 3046 1288 imp.
3078 1214 3460 1284 Theodosium;
3491 1216 3689 1274 Decla-

2098 1306 2240 1359 ratio
2286 1305 2392 1361 XII
2442 1305 2836 1379 capitulorum;
2872 1325 2967 1379 pro
3003 1309 3192 1364 iisdem
3242 1309 3617 1382 apolageticus‘
3637 1319 3690 1366 et

2100 1390 2231 1447 liber
2260 1396 2330 1449 ad
2371 1396 2699 1468 Euoptium;
2733 1400 3010 1470 Expositio
3050 1398 3287 1472 Symbo‘li
3332 1401 3538 1458 Nicteni
3560 1401 3688 1475 [in-

2097 1491 2240 1556 terp.
2271 1486 2357 1542 Jo.
2403 1488 2750 1560 Theophilo;
2788 1488 2999 1545 Scholia
3032 1491 3097 1546 de
3132 1491 3512 1549 Incarnatione
3555 1493 3687 1550 Uni-

2095 1577 2260 1648 geniti
2270 1593 2288 1639 ;
2322 1574 2883 1651 Sgnodalesepistolce
2914 1579 3040 1645 XII,
3070 1587 3127 1635 et
3160 1580 3425 1651 Dogmata
3453 1581 3688 1638 Nestorii

2095 1684 2129 1720 a
2145 1666 2345 1739 Cyrillo
2360 1669 2673 1739 impugnata
2692 1677 2741 1723 et
2758 1687 2790 1723 a
2806 1670 3005 1741 synodo
3024 1669 3293 1741 Ephesina
3308 1672 3682 1728 condemnata.

2165 1757 2330 1812 Basll.
2377 1758 2534 1823 1566,
2553 1757 2840 1828 fol.,apud
2886 1757 3132 1812 haeredes
3196 1756 3355 1813 Joan.
3405 1758 3681 1828 Her‘vagii,

2094 1848 2154 1904 in
2197 1865 2308 1921 qua
2338 1850 2583 1905 editione
2631 1850 2862 1920 quintus
2921 1859 3123 1915 tomus,
3158 1850 3276 1905 sive
3315 1851 3508 1920 quinta
3555 1865 3688 1921 pars

401 1942 549 1998 libris
588 1943 795 2014 digesti,
835 1952 968 2007 etc.,
1009 1942 1168 1998 1514.
1192 1942 1346 1997 -Ιιι
1383 1940 1491 1997 line
1524 1950 1651 1998 ante
1693 1940 1932 1999 indicem
1975 1960 1991 1998 :
2025 1937 2066 1994 Β
2097 1941 2314 2013 (omnes
2350 1941 2499 1997 enim
2543 1942 2789 2012 quinque
2833 1942 2968 1997 torni
3023 1954 3138 1997 uno
3183 1941 3466 1997 volumine
3507 1941 3689 1997 conti-

402 2035 626 2092 Parisiis
670 2052 735 2090 ea:
765 2036 852 2107 oﬂ‘.
895 2034 1119 2090 libraria
1163 2033 1357 2106 Wolfg.
1398 2033 1634 2106 Hopylii,
1667 2051 1721 2089 a.
1750 2034 1995 2090 1514.-

401 2128 472 2185 Ει
505 2129 699 2184 eodcm
750 2127 806 2182 in
850 2127 972 2183 loco
1014 2126 1159 2180 :Hic
1214 2125 1346 2180 liber
1386 2142 1507 2180 cum
1556 2125 1825 2181 nonnullis
1871 2125 1994 2182 aliis

396 2222 637 2294 ejusdem
673 2220 861 2293 Cyrilli
898 2237 1021 2291 opp.
1054 2218 1276 2273 habetur
1307 2216 1532 2273 venalis.
1571 2217 1643 2273 At
1669 2218 1738 2274 de
1769 2228 1994 2274 auctore

399 2312 565 2383 hujus
621 2311 809 2382 operis
854 2311 919 2366 γ.
984 2308 1127 2363 infra
1180 2307 1422 2364 indicem
1476 2322 1711 2379 operum
1763 2323 1886 2378 quae
1936 2309 1991 2363 in

394 2405 820 2462 Graeco—Latina
856 2404 1100 2461 editione
1142 2404 1345 2459 omissa
1375 2411 1527 2470 sunt,
1575 2419 1729 2458 num.
1779 2404 1996 2460 165.-

399 2497 714 2555 Preclarum
739 2513 869 2569 opus
900 2493 1088 2569 Cgrilli
1122 2494 1276 2549 Alex.
1320 2496 1413 2566 qui
1457 2493 1752 2549 Thesaurus
1785 2511 1993 2549 nuncu-

401 2601 586 2661 patur,
618 2588 1015 2661 quatuordecim
1052 2586 1210 2641 libros
1250 2584 1627 2658 complectens;
1666 2593 1716 2638 et
1758 2585 1823 2638 de
1865 2601 1993 2639 con-

400 2680 857 2737 substantialitate
886 2679 1011 2734 Filii
1038 2687 1088 2734 et
1128 2677 1358 2750 Spiritus
1387 2678 1558 2731 sancti
1587 2694 1705 2731 cum
1738 2675 1848 2730 Deo
1880 2675 1991 2732 Pa—

402 2782 503 2837 tre,
551 2784 737 2827 contra
785 2772 1128 2827 hereticos—
1158 2770 1379 2841 Georgio
1435 2769 1780 2841 Trapezontio
1823 2770 1993 2824 inter-

403 2872 570 2934 prete,
611 2872 721 2919 etc.
769 2860 1234 2919 Venalis—15M.
1270 2860 1385 2934 (hic
1416 2877 1595 2917 annus
1639 2868 1862 2917 notatus
1908 2870 1996 2917 est

402 2956 459 3011 in
486 2955 675 3011 fronte
700 2954 750 3027 :)
782 2954 1091 3012 Clicbtovei
1125 2954 1401 3010 dedicatio
1431 2954 1633 3024 scripta
1661 2961 1747 3008 est
1770 2952 1996 3009 Parisiis

399 3063 455 3104 a.
494 3047 653 3103 1515.
683 3078 756 3088 -
784 3046 900 3102 Sub
931 3045 1097 3102 finem
1133 3065 1146 3100 :
1201 3045 1462 3111 Parisiis,
1502 3062 1556 3101 α.
1595 3045 1733 3101 1515
1756 3087 1770 3111 ,
1799 3054 1995 3116 quarta

396 3140 486 3194 die
508 3137 681 3211 April.
713 3153 808 3208 per
832 3135 1025 3208 Wolfg.
1073 3135 1383 3208 Hopylium,
1412 3143 1521 3191 etc.
1565 3136 1759 3192 Postea
1788 3135 1996 3206 prodiit

396 3230 535 3286 edit.
583 3246 617 3286 a
644 3228 898 3285 Fabricio
952 3228 1158 3284 omissa
1205 3237 1263 3283 et
1312 3242 1438 3283 cum
1470 3227 1714 3283 editione
1753 3242 1805 3282 a.
1856 3228 1994 3284 1516

401 3321 659 3389 confusa;
684 3321 844 3393 cujus
874 3321 1156 3391 exemplar
1181 3327 1267 3376 est
1295 3321 1349 3375 in
1383 3318 1520 3376 bibl.
1553 3318 1708 3375 acad.
1748 3318 1991 3391 Erlang,

398 3424 458 3470 et
472 3429 501 3469 a
514 3412 890 3468 Lambachero
905 3411 1072 3468 etiam
1086 3412 1127 3466 l.
1150 3427 1199 3467 c.
1210 3450 1223 3476 ,
1245 3426 1301 3483 p.
1319 3406 1565 3478 98,aliud
1581 3418 1665 3466 est
1680 3425 1991 3466 recensum:

473 3504 594 3558 Divi
627 3501 822 3575 (ἴυγξιίί
865 3501 1041 3574 Opera
1075 3503 1134 3557 in
1163 3511 1267 3556 tres
1310 3503 1514 3567 partita
1552 3510 1717 3556 tomos
1744 3501 1863 3573 (sed
1882 3494 1997 3556 uno

401 3594 835 3665 comprehensos
849 3592 1153 3664 volumine)
1176 3610 1189 3646 :
1222 3594 1280 3647 in
1306 3593 1495 3664 quibus
1516 3592 1671 3648 habes
1699 3609 1804 3646 non
1824 3608 1996 3664 pauca

406 3697 532 3739 ante
553 3685 653 3739 hac
679 3682 885 3739 Latinis
914 3699 1021 3738 non
1056 3681 1306 3737 exhibita.
1336 3679 1521 3736 Primo
1555 3691 1695 3735 tomo
1722 3682 1905 3735 insunt
1940 3683 1996 3736 in

407 3773 757 3847 Evangelium
767 3774 992 3831 Joannis
1014 3782 1359 3829 commentor.
1399 3772 1520 3829 libri
1537 3774 1641 3829 XII
1660 3775 1793 3844 (sive
1812 3776 1997 3845 potius

407 3864 545 3929 Vill,
602 3864 807 3935 quibus
862 3863 1057 3920 Jodoc.
1117 3862 1475 3919 Clicbtoveus
1513 3862 1715 3934 adjecit
1759 3871 1998 3933 quatuor

410 3956 787 4026 intermedios)
810 3956 1030 4026 Georgio
1055 3955 1272 4027 Trapez.
1294 3955 1608 4025 interprete;
1630 3954 1694 4009 In
1713 3954 1997 4010 chiticum

409 4050 528 4103 libri
588 4048 705 4103 XVI
757 4048 1018 4122 (incerto
1086 4045 1429 4117 interprete)
1469 4044 1696 4102 Basileae
1743 4047 1799 4100 in
1841 4046 1993 4101 wdib.

408 4139 575 4195 Andr.
606 4138 917 4194 Cratandri.
954 4138 1024 4192 M.
1058 4136 1122 4190 Ι).
1149 4134 1394 4201 XXVIII,
1427 4135 1521 4189 fol.
1556 4136 1618 4190 ln
1655 4143 1804 4191 tomo
1832 4137 1877 4191 11
1913 4144 1999 4192 est

408 4228 722 4295 Thesaurus,
765 4231 1069 4301 interprete
1122 4227 1189 4285 G.
1215 4228 1600 4300 Trapezuntio.
1644 4228 1873 4298 Reliqua
1903 4242 1995 4282 ac-
2027 4238 2043 4261 κ

408 4338 626 4379 cessere
665 4323 720 4377 in
741 4331 874 4378 tom.
904 4322 953 4376 ll
976 4329 1034 4377 et
1072 4322 1141 4375 lll
1169 4322 1403 4377 antehac
1433 4321 1642 4376 inedita
1681 4338 1694 4373 :
1727 4321 1776 4389 1.
1808 4319 1996 4373 Dialo-

409 4431 595 4485 gorum
629 4429 747 4468 cum
784 4412 1001 4468 Hermia
1039 4411 1103 4464 de
1148 4410 1409 4465 Trinitate
1443 4411 1565 4466 libri
1592 4410 1713 4475 VII,
1744 4427 1863 4462 cum
1898 4410 1996 4462 ad-

411 4506 622 4573 pendice
648 4510 1111 4574 argumentorum,
1135 4501 1274 4571 quod
1320 4498 1464 4572 Spir.
1517 4499 1576 4555 S.
1619 4500 1686 4554 sit
1713 4499 1878 4563 Deus,
1906 4498 1992 4553 Io.

410 4593 836 4665 OEcolampadio
863 4593 1185 4664 interprete;
1226 4592 1280 4646 2.
1306 4591 1382 4645 De
1421 4592 1734 4646 adoratione
1770 4599 1819 4643 et
1850 4589 1998 4644 cultu

2021 3272 2069 3333 Ο

2093 2030 2349 2103 nentur),
2404 2034 2813 2086 commentarios
2845 2032 2903 2086 in
2942 2026 3166 2097 Isaiam,
3208 2044 3278 2086 ex
3312 2030 3480 2086 Laur.
3531 2031 3689 2087 Hun-

2093 2123 2235 2179 fredi
2263 2124 2519 2180 versione
2558 2126 2844 2196 complexa
2880 2126 3133 2182 accessit.
3173 2126 3407 2182 Fallitur
3432 2127 3581 2184 Elias
3607 2128 3685 2183 du

2093 2217 2215 2282 Pin,
2247 2217 2342 2287 qui
2369 2217 2513 2273 hanc
2540 2217 2841 2273 editionem
2879 2218 3114 2289 primam
3148 2217 3398 2274 Latinam
3442 2218 3684 2290 Operam

2093 2306 2283 2378 Cyrilli
2317 2322 2441 2363 esse
2481 2308 2678 2364 scribit
2711 2316 2844 2365 tom.
2883 2307 2971 2363 IV.
2998 2306 3330 2365 Bibliotheca?
3364 2312 3682 2382 scriptorum

2095 2396 2277 2452 eccles.
2315 2413 2438 2470 pag.
2466 2398 2557 2454 52.
2670 2408 2673 2409 '

2168 2490 2342 2545 Paris.
2376 2490 2538 2557 l575,
2573 2491 2696 2556 fol.,
2722 2490 2770 2546 Il
2808 2489 3209 2559 voluminibus,
3244 2492 3506 2550 Centiano
3542 2493 3683 2548 Her-

2093 2591 2209 2637 veto
2255 2589 2485 2638 curante
2525 2582 2626 2654 (b),
2660 2598 2782 2653 quae
2804 2581 2977 2638 editio
3010 2600 3041 2638 a
3084 2583 3383 2640 Possevino
3422 2586 3475 2641 in
3503 2584 3686 2657 Appa-

2096 2683 2221 2729 ratu
2265 2692 2421 2730 sacro
2481 2683 2825 2731 recensetur.
2872 2674 2981 2732 Sed
3021 2675 3237 2748 pleiﬁor
3270 2677 3553 2748 prioribus
3598 2685 3685 2733 est

2096 2769 2368 2837 posterior
2386 2768 2713 2824 Parisiensis
2743 2784 2796 2823 a.
2825 2769 2987 2835 1605,
3030 2769 3077 2824 ll
3104 2770 3239 2836 vol.,
3280 2785 3445 2840 quam
3489 2786 3683 2841 persc-

2095 2860 2287 2930 quitur
2306 2859 2678 2916 Bellarminus
2697 2860 2775 2914 De
2806 2858 2864 2916 S.
2898 2860 2993 2927 E.;
3023 2861 3081 2915 in
3112 2860 3204 2915 illa
3232 2862 3380 2917 enim
3406 2861 3685 2936 Claphyra

2095 2955 2152 3007 in
2189 2953 2614 3008 Pentateuclmm
2655 2969 2724 3009 ex
2759 2954 2826 3010 A.
2873 2954 3089 3009 Schotti
3137 2955 3413 3023 versione,
3461 2965 3518 3012 et
3554 2958 3683 3013 libri

2097 3046 2434 3116 posteriores
2467 3046 2585 3102 XVI
2614 3046 2692 3101 De
2720 3047 3038 3102 adoratione
3065 3048 3120 3101 in
3168 3048 3360 3119 spiritu
3388 3057 3437 3103 et
3462 3052 3686 3105 veritate

2096 3150 2165 3190 ex
2239 3135 2703 3205 interpretatione
2750 3133 2978 3189 Antonii
3024 3132 3246 3205 Agellii,
3302 3148 3374 3190 ne
3427 3134 3533 3191 alia
3570 3135 3684 3209 jam

2099 3239 2400 3283 memorem
2410 3268 2424 3293 ,
2466 3242 2774 3282 accessere.

2521 3318 2701 3373 Editio
2740 3317 3170 3374 Graeco-Latina.

2165 3409 2337 3466 Unica
2385 3408 2610 3463 Joannis
2661 3407 2900 3474 Auberti,
2937 3408 3323 3465 Laudunensis
3341 3410 3644 3483 presbyteri
3668 3451 3685 3479 ,

2098 3500 2350 3557 canonici
2378 3507 2438 3554 et
2475 3498 2532 3552 in
2568 3497 2757 3553 schola
2806 3497 2984 3552 Paris.
3038 3497 3424 3554 Lauduncnsis
3468 3500 3687 3572 collegii

2099 3591 2345 3663 magistri
2384 3599 2549 3660 atque
2586 3589 2907 3660 interpretis
2940 3589 3100 3660 regii,
3143 3589 3319 3646 Paris.
3356 3590 3519 3657 1⁸658,
3561 3591 3683 3660 fol.,

2098 3692 2310 3754 septem
2339 3682 2736 3747 voluminibus,
2768 3694 2932 3751 quam
2951 3689 3075 3750 post
3093 3680 3376 3737 Labbeum
3414 3681 3685 3738 Caveum-

2098 3790 2206 3845 que
2232 3777 2396 3846 paulo
2429 3774 2750 3848 diligentius
2782 3772 2925 3828 infra
2954 3773 3230 3828 recensui.
3274 3773 3436 3847 [Add.
3480 3775 3685 3832 Oudin.

2099 3867 2418 3932 Comment,
2448 3867 2492 3932 l,
2517 3867 2624 3921 col.
2646 3863 2972 3931 1012-1050,
2998 3865 3095 3935 qui
3121 3864 3191 3921 de
3229 3866 3459 3939 singulis
3490 3883 3682 3939 opusc.

2094 3958 2308 4030 judicat
2340 3955 2620 4030 uberius.)

2618 4046 2891 4102 Editiones
2923 4047 3212 4117 promissa’.

2172 4143 2221 4195 l.
2256 4140 2641 4196 Bonaventurm
2681 4137 2941 4192 Vulcanii.
2978 4138 3255 4192 Abraham
3306 4136 3588 4194 Scultctus
3631 4136 3688 4194 in

2100 4233 2412 4289 narratione
2439 4232 2514 4286 De
2569 4232 2678 4286 vita
2722 4247 2842 4294 sua,
2891 4245 3014 4300 pag.
3045 4230 3112 4284 55
3150 4247 3163 4282 :
3196 4229 3391 4292 Leidw,
3434 4246 3488 4285 a.
3523 4229 3684 4294 1612,

2100 4326 2331 4378 maxime
2376 4337 2459 4376 me
2487 4321 2814 4376 oblectabant
2853 4321 3087 4389 alloquio
3129 4318 3555 4374 clarissimorum
3605 4321 3685 4373 vi-

2104 4428 2306 4479 rorum,
2343 4424 2389 4467 et
2440 4415 2581 4468 inter
2620 4412 2755 4468 alios
2790 4411 3180 4467 Bonaventurae
3218 4410 3484 4474 Vulcanii,
3530 4427 3687 4480 quem

2100 4523 2277 4561 senem
2321 4505 2607 4562 admodum
2630 4504 2777 4559 sella:
2805 4504 3041 4573 affixam,
3076 4509 3125 4553 et
3166 4501 3407 4555 manibus
3441 4501 3684 4570 pedibus-

2106 4614 2206 4670 que
2230 4606 2445 4670 captum
2472 4597 2665 4651 inveni.
2696 4595 3025 4650 Promiserat
3070 4591 3162 4646 ille
3192 4593 3413 4663 triginta
3456 4604 3687 4664 quatuor

408 4691 464 4741 in
504 4689 695 4758 spiritu
726 4695 776 4741 et
802 4684 1029 4740 veritate
1082 4683 1326 4755 dialogus
1375 4683 1447 4738 ad
1484 4682 1821 4748 Palladium,
1857 4682 1985 4737 eod.
2029 4674 2075 4730 Ῑ)
2100 4691 2255 4745 annis
2298 4696 2422 4743 ante
2450 4686 2519 4757 (c)
2548 4687 2830 4741 editionem
2853 4685 3093 4737 omnium
3121 4699 3340 4753 operum
3378 4683 3686 4740 Graecorum

409 4780 714 4849 interprete
738 4794 752 4843 ;
794 4776 850 4831 5.
881 4774 1085 4831 Contra
1110 4773 1394 4830 Iulianum
1423 4774 1742 4835 Apostatam
1781 4790 1878 4845 pro
1904 4789 1991 4828 re-

410 4868 601 4938 ligione
634 4866 942 4921 Christiana
974 4863 1063 4918 lib.
1096 4863 1163 4930 X;
1190 4863 1224 4918 4
1248 4863 1328 4918 De
1367 4872 1512 4917 recta
1546 4865 1602 4916 in
1628 4862 1811 4918 Iesum
1845 4863 1996 4919 Chri-

407 4971 550 5014 stum
576 4956 680 5026 lidc
709 4958 779 5013 ad
810 4955 1060 5011 Theodos.
1109 4955 1228 5010 libri
1254 4953 1313 5011 ΙΙ
1329 4973 1348 5021 ;
1376 4955 1428 5010 5.
1470 4952 1549 5008 De
1581 4954 1767 5009 eadem
1810 4954 1882 5009 ad
1907 4970 1994 5009 re-

2100 4780 2311 4853 Cgrilli,
2338 4783 2592 4835 hactenus
2621 4795 2655 4832 a
2704 4775 2883 4831 multis
2926 4774 3306 4829 desideratam.
3358 4774 3511 4829 Hanc
3565 4794 3686 4831 cum

2103 4874 2307 4943 ﬂustra
2336 4875 2591 4927 hactenus
2629 4869 2854 4941 singulis
2894 4868 3275 4940 propemodum
3304 4868 3556 4923 nundinis
3590 4885 3685 4923 ex-

2101 4972 2439 5036 spectassem,
2473 4970 2529 5016 et
2539 4963 2663 5033 jam
2692 4976 2874 5015 coram
2910 4960 3133 5015 hominis
3176 4968 3387 5014 atatem
3427 4958 3688 5015 valetudi—

484 5071 559 5147 (ᾳ)
590 5070 695 5147 Sed
724 5066 899 5147 libros
921 5067 1013 5147 _Vll
1043 5069 1390 5147 delriuitate
1427 5084 1600 5147 usque
1648 5067 1716 5147 ad
1758 5068 1886 5122 libr.
1921 5068 1994 5124 ad
2090 5078 2309 5133 Lutetia:
2345 5076 2526 5131 edidit.
2567 5075 2731 5142 Quem
2763 5075 2971 5147 quidem
3001 5083 3411 5147 auctorcmcum
3449 5089 3688 5129 summo-

412 5137 623 5212 reginas
649 5143 761 5212 jam
789 5141 845 5195 in
881 5139 969 5194 ed.
1003 5155 1053 5195 a.
1107 5137 1521 5212 71528rreperiri
1548 5137 1713 5193 modo
1737 5146 1992 5212 annota-

411 5208 610 5267 vimus.
638 5208 868 5281 Reliqua
897 5211 1179 5281 opuscula
1194 5208 1407 5280 adjecta
1428 5218 1630 5281 suntet
1669 5209 1897 5281 collecta
1918 5208 1993 5281 _in

412 5293 546 5337 tom.
612 5282 711 5346 Ν,
763 5276 1429 5351 ἱῐιιθηῑιξοιθίὶνοιίραηῃο
1476 5276 1861 5351 Musculoaut
1905 5276 1990 5351 Jo.

411 5352 728 5422 ()Ecolamp.
758 5347 1049 5422 Esemplar
1081 5347 1408 5422 hujuscdi't.
1442 5356 1527 5404 est
1554 5349 1610 5404 in
1652 5348 1788 5404 bibl.
1832 5347 1988 5403 acad.

412 5420 753 5491 Erlangensi.
787 5420 953 5475 HARL.
1032 5490 1035 5491 ν
1157 5420 1169 5422 ⁷
1234 5426 1240 5433 ‘

481 5492 553 5575 (ᾧ)
579 5487 782 5575 Bonay.
815 5490 1134 5575 vulcanius,
1163 5490 1319 5575 prati.
1342 5489 1411 5575 ad
1439 5490 1738 5575 Arrianum
1768 5504 1819 5544 a.
1843 5487 1990 5575 ,1575

411 5558 621 5618 editum
646 5581 658 5617 :
688 5560 766 5618 Ne
786 5562 902 5634 quis
926 5577 1007 5634 me
1034 5558 1228 5634 temere
1248 5562 1319 5615 ad
1352 5562 1489 5615 hunc
1523 5569 1791 5634 auctorem
1822 5558 1992 5634 denuo

413 5634 721 5688 vertendum
755 5629 1030 5687 accessisse
1057 5632 1338 5691 existimet,
1365 5642 1487 5684 neve
1506 5632 1624 5699 quis
1661 5644 1740 5682 me
1764 5644 1848 5680 eos
1875 5629 1995 5680 imi-

414 5705 519 5759 tari
545 5705 857 5774 suspicetur,
889 5703 1131 5774 quicum
1160 5700 1310 5774 hodie
1334 5703 1522 5753 veteris
1549 5700 1777 5774 alicujus
1815 5706 1997 5774 aucta-

414 5775 487 5828 ris
518 5767 841 5843 post'omnes
889 5767 1398 5843 aliommeditiones
1428 5767 1837 5843 recognitionem
1861 5767 1993 5843 pol-

417 5836 658 5909 licentnr,
709 5844 755 5896 si
782 5841 1043 5909 conferas,
1092 5836 1256 5895 nihilo
1297 5836 1663 5909 jamplt'us'eos
1693 5838 1996 5909 praestitisse

417 5907 671 5980 reperias,
700 5927 862 5980 quam
886 5907 947 5964 'is
977 5910 1068 5981 qui
1098 5916 1230 5975 ante
1288 5907 1553 5962 biennium
1595 5907 1785 5980 Cyrilli
1820 5908 1991 5979 Opera

2092 5163 2215 5219 pere
2251 5156 2561 5219 corruptum
2598 5145 2913 5219 habeamus,
2947 5156 3203 5219 nemoque
3247 5145 3357 5219 sit,
3394 5159 3459 5198 ea:
3506 5147 3689 5199 ortho-

2091 5214 2242 5289 doxis
2279 5214 2657 5289 scriptoribus,
2712 5215 3071 5289 qui_majore_
3104 5214 3482 5289 recognitione
3515 5226 3689 5285 egeat,

2094 5287 2305 5342 nullum
2336 5283 2512 5342 tamen
2544 5289 2609 5342 ab
2648 5283 2831 5358 eo'qui
2861 5283 2978 5339 eum
3007 5283 3268 5358 edendum
3300 5286 3507 5338 curavit
3529 5283 3678 5358 ,'_vcro

2093 5359 2215 5413 bum
2252 5359 2594 5412 immutatum
2632 5365 2724 5409 aut
2755 5355 3048 5409 correctum
3089 5355 3358 5417 invenias,
3393 5371 3513 5407 cum
3555 5355 3693 5408 inte~

2100 5430 2205 5482 rim
2242 5430 2287 5481 is
2313 5430 2494 5482 omnia
2526 5425 3425 5497 priorum‘interpretumuomina
3447 5425 3687 5497 suppri-

2101 5506 2234 5563 mat,
2276 5492 2538 5568 totiusque
2574 5498 2745 5568 operis
2775 5492 2985 5550 laudem
3028 5494 3275 5549 inaudita
3312 5492 3549 5563 quadam
3584 5494 3690 5547 int-

2092 5569 2344 5638 pudentia
2367 5567 2462 5622 sibi
2488 5567 2730 5638 vindicet.

2166 5637 2233 5709 (c)
2252 5638 2552 5719 Vulcanius
2574 5632 3184 5719 ,ριοειεεΐλειίιθννὶιιιῃιῐῂ,Δ
3197 5630 3483 5719 edi’tuin‘a’.
3510 5624 3682 5719 :

2094 5701 2332 5779 Seposito
2375 5724 2402 5760 e
2437 5701 2679 5779 manibus
2708 5704 2930 5779 Cyril-lo,
2959 5701 3341 5763 cui'vertendo,
3374 5710 3422 5754 et
3455 5702 3679 5767 Isidoro.

2095 5776 2179 5832 cui
2204 5777 2517 5847 castigando
2540 5777 2754 5847 longam
2780 5776 2901 5844 jam
2946 5788 3163 5847 operam
3201 5788 3486 5833 navaram,
3512 5780 3679 5847 totum

2098 5865 2178 5905 me
2203 5843 2399 5915 magna
2430 5849 2595 5903 animi
2617 5843 2900 5902 alacritate
2930 5844 3000 5899 ad
3030 5843 3325 5898 Arrianum
3365 5845 3576 5902 contuli.
