4172 6436
517 266 595 323 49
1774 277 1903 330 I‘U‘l
1920 283 2058 329 [ΗΔ
2099 284 2130 330 lt

2233 277 2575 332 I‘ABHIUU.
3756 265 3823 322 50

516 400 753 457 nemque
790 383 1060 455 perditam
1105 385 1499 443 considerarent
1526 428 1539 451 ,
1578 389 1705 458 petii
1744 387 1809 441 ab
1845 404 1905 443 eo
1929 396 1989 442 ut
2017 388 2121 460 Cy-
2151 396 2194 454 Α
2225 390 2497 445 omittam.
2520 388 2736 445 Citatur
2765 387 2871 444 hoc
2901 386 3091 460 Cyrilli
3123 399 3269 458 opus
3294 384 3365 440 ab
3393 382 3611 438 Andrea
3631 381 3823 435 Samo-

520 475 715 530 rillum
738 476 983 533 Graecum
1000 475 1126 544 ﬁdei
1152 493 1281 532 mese
1317 477 1619 532 concederet
1657 495 1675 533 :
1713 495 1793 532 me
1822 495 1925 532 non
1948 478 2125 533 solum

520 581 751 637 operam
788 567 1048 621 daturum
1104 576 1162 621 ut
1211 583 1275 621 ea:
1324 568 1492 640 ipsius
1551 578 1671 623 voto
1704 566 1795 624 ille
1827 570 1887 623 in
1937 569 2125 641 vulgus

516 661 719 723 exiret,
746 659 842 713 sed
867 661 1030 714 etiam
1058 660 1124 713 de
1145 660 1335 715 codicis
1370 663 1539 731 pretio
1564 662 1667 735 ipsi
1700 662 2123 732 satisfacturum.

516 747 593 805 At
621 749 739 818 ille,
766 753 956 823 gratiis
998 766 1096 824 pro
1114 753 1279 823 oﬂ‘icio
1306 755 1461 819 actis,
1511 760 1721 808 tantum
1749 755 1919 809 adhuc
1935 755 2128 809 virium

517 842 625 896 sibi
658 860 935 914 superesse
975 843 1173 910 aiebat,
1219 851 1278 897 ut
1307 846 1525 917 ipsemet
1549 846 1815 916 promisso
1859 863 1915 902 se
1947 847 2127 902 exsolo

518 949 650 987 vere
681 942 877 1005 posset.
935 934 1110 1008 Usque
1138 936 1283 995 adeo
1316 952 1500 991 verum
1542 945 1641 1002 est,
1700 938 1966 992 neminem
2012 954 2127 993 esse

520 1034 644 1080 tam
665 1042 845 1081 senem
872 1029 965 1099 qui
992 1044 1100 1082 non
1129 1028 1245 1083 dico
1274 1029 1432 1096 diem,
1464 1029 1555 1083 sed
1598 1044 1767 1085 annos
1801 1032 2132 1102 supervivere

520 1134 682 1189 posse
708 1136 768 1173 se
794 1120 1053 1192 desperet.
1092 1120 1416 1194 Quanquam
1456 1131 1574 1177 erat
1604 1139 1710 1177 non
1749 1139 1900 1178 nemo
1930 1126 1987 1179 in
2015 1124 2130 1179 An-

498 1208 667 1282 ‘glia,
694 1212 787 1283 qui
820 1211 887 1265 de
915 1214 1055 1267 tanti
1097 1214 1336 1267 thesauri
1370 1215 1697 1285 possessione
1725 1213 2006 1285 magniﬁce
2032 1232 2129 1286 po-

521 1301 637 1355 tius
675 1318 733 1356 se
747 1302 1013 1372 jactasse,
1048 1321 1215 1374 quam
1233 1320 1353 1360 vere
1386 1303 1678 1375 gloriatum
1697 1304 1859 1376 fuisse
1893 1305 2130 1376 aﬂirma-

522 1398 632 1445 ret.
669 1389 897 1448 Certum
940 1400 1127 1449 tamen
1160 1401 1245 1449 est
1272 1393 1604 1453 Vulcanium
1628 1410 1739 1453 non
1780 1393 1945 1450 modo
1973 1396 2133 1467 plura

518 1481 726 1556 Cyrilli
762 1482 979 1540 inedita
1020 1484 1211 1543 Graece
1253 1487 1587 1560 possedisse,
1619 1490 1716 1546 sed
1743 1490 1912 1547 etiam
1939 1490 2133 1555 Latine

520 1575 770 1634 vertisse
822 1577 974 1632 haud
1027 1594 1226 1649 pauca,
1280 1596 1517 1651 quorum
1590 1598 1721 1654 pars
1775 1582 2135 1641 bibliothecae

524 1667 793 1726 Leidensi
822 1671 999 1742 legata
1023 1670 1103 1745 [et
1137 1671 1193 1727 in
1214 1673 1336 1730 Cat.
1359 1674 1484 1729 bibl.
1516 1674 1664 1731 Leid.
1688 1675 1836 1731 inter
1864 1675 2027 1732 codd.
2064 1692 2134 1733 ex

2227 487 2419 534 sateno
2477 478 2623 549 apud
2670 477 3022 535 Anastasium
3071 476 3129 530 in
3189 475 3442 547 Hodego,
3496 487 3619 543 pag.
3678 469 3824 533 342.

2226 570 2519 640 Ephraemo
2559 570 2911 627 Antiocheno
2959 568 3106 639 apud
3156 568 3414 623 Photium
3452 565 3576 623 cod.
3612 578 3824 626 CCXXIX,

2227 659 2459 716 Leontio
2503 661 2630 734 Byz.
2684 663 2742 716 in
2784 661 3103 732 Eutychen;
3141 659 3212 715 ab
3270 657 3563 713 Anastasio
3615 654 3826 711 Siuaita

2229 758 2424 821 quiest.
2448 750 2538 816 20,
2560 751 2628 807 59
2661 758 2718 807 et
2749 752 2838 817 57;
2871 751 3083 806 Joanne
3102 749 3442 804 Damasceno
3461 746 3539 802 De
3563 746 3825 817 Trisagio,

2230 851 2366 898 tom.
2403 843 2425 898 1
2457 842 2625 914 Opp.,
2651 857 2708 913 p.
2746 841 2872 907 400,
2901 850 2958 897 et
2999 841 3057 895 in
3086 839 3400 905 Parallelis,
3426 847 3561 895 tom.
3593 839 3660 904 11,
3702 855 3825 910 pag.

2230 935 2356 1000 561,
2388 942 2445 990 et
2481 949 2514 989 a
2552 942 2877 990 catenarum
2910 933 3233 989 auctoribus
3274 932 3330 987 in
3365 931 3825 988 Pentateuchum.

2232 1025 2479 1082 Meminit
2497 1035 2555 1082 et
2571 1026 2940 1097 Nicephorus,
2962 1041 3071 1090 xw,
3086 1026 3176 1093 14,
3200 1041 3265 1081 ac
3282 1025 3515 1081 Pbotius
3534 1024 3658 1080 cod.
3679 1040 3826 1091 xux;

2231 1118 2468 1196 Cyrillus
2492 1120 2611 1192 ipse
2647 1118 2753 1176 sub
2779 1119 3001 1175 initium
3045 1118 3155 1172 τῶν
3198 1117 3522 1191 Γλαφυρῶν,
3554 1134 3609 1189 p.
3651 1116 3687 1172 2
3731 1116 3825 1189 (b).

2233 1211 2294 1266 In
2322 1212 2569 1284 antiquis
2595 1211 2808 1268 Latinis
2834 1210 3175 1267 editionibus
3207 1210 3585 1265 tantummodo
3619 1208 3832 1280 primus

2235 1300 2403 1374 hujus
2448 1301 2633 1373 operis
2659 1301 2805 1356 liber
2841 1316 2911 1357 ex
2944 1301 3052 1356 alia
3096 1300 3556 1372 interpretatione
3603 1298 3827 1370 legitur,

2236 1406 2361 1461 qua:
2392 1391 2592 1465 incipit
2624 1409 2637 1446 :
2673 1390 3141 1465 Supervacaneum
3171 1391 3361 1464 opinor
3403 1407 3596 1462 rogare
3645 1406 3711 1444 ea:
3757 1398 3826 1443 te.
3858 1446 3863 1451 ,

2235 1481 2425 1539 Graeca
2467 1481 2750 1540 Aubertus
2806 1484 3152 1556 deprompsit
3216 1499 3249 1540 e
3306 1481 3498 1538 codice
3555 1481 3829 1546 Vulcanii,

2237 1589 2403 1649 quem
2445 1574 2801 1631 bibliotheca:
2838 1574 3102 1631 Leidensi
3133 1574 3226 1630 ille
3263 1573 3540 1645 legaverat
3563 1570 3657 1643 (ε),
3678 1578 3734 1625 et
3763 1586 3833 1627 ex

2240 1664 2415 1724 altero
2443 1666 2663 1732 Harlazi,
2718 1666 3105 1722 Macloviensis
3150 1665 3420 1738 episcopi,
3473 1664 3636 1735 cujus
3669 1663 3834 1718 variae

522 1760 716 1833 legato
777 1761 1032 1825 Vulcanii
1091 1764 1337 1839 laudata]
1405 1766 1575 1822 etiam
1638 1765 1875 1825 Aubeni
1933 1768 2130 1841 usibus
2163 1754 2204 1810 Β
2236 1758 2506 1815 lectiones
2529 1767 2657 1831 post
2685 1767 2844 1816 notas
2879 1757 3073 1830 Agellii
3116 1757 3174 1812 in
3206 1757 3353 1812 calce
3392 1751 3691 1809 voluminis
3732 1766 3828 1806 oc-

521 1851 736 1909 deinde
762 1856 964 1925 patuit.

599 1944 656 1999 2.
698 1944 987 2007 Frontonis
1010 1946 1214 2015 Ducwi,
1244 1948 1314 2005 de
1336 1965 1450 2021 quo
1471 1950 1715 2011 Iacobus
1732 1952 2061 2011 Sirmondus
2075 1953 2136 2010 in

523 2035 736 2093 litteris
766 2038 836 2093 ad
866 2039 1257 2112 $ebastianum
1292 2042 1684 2116 Tcgnagelium
1715 2045 1858 2101 datis
1892 2062 1951 2100 ιιι
1988 2045 2130 2101 Non.

518 2124 684 2198 Sept.
710 2127 847 2185 1696
878 2149 889 2183 :
911 2129 978 2186 In
1007 2130 1313 2189 bibliotheca
1326 2133 1556 2190 Patrum
1576 2135 1980 2194 Graeco-Latina
2004 2138 2134 2192 duo-

512 2217 620 2274 bus
638 2218 994 2278 voluminibus
1014 2231 1390 2297 comprehensa
1411 2227 1566 2283 desiit
1582 2230 1609 2283 ὁ
1625 2230 1959 2302 μακαρίτης,
1977 2231 2067 2301 qui
2082 2238 2132 2285 et

517 2309 666 2375 alia,
680 2320 740 2365 ut
755 2315 915 2380 nosti,
930 2317 1313 2387 meditabatur,
1327 2320 1701 2393 Nicephorum,
1729 2322 2129 2389 Theodoretum,

516 2399 815 2472 Cyrillum,
869 2403 1025 2460 Alea).
1064 2413 1116 2466 et
1145 2407 1307 2463 biblia
1342 2409 1776 2468 Greece-Latina.
1809 2413 1895 2468 Ea:
1938 2415 2130 2486 quibus

517 2490 886 2568 Nicephorum
909 2492 1072 2567 plane
1100 2496 1419 2566 absolverat,
1448 2499 1831 2561 Theodoretunt
1853 2522 2052 2577 magna
2067 2520 2132 2562 ea:

519 2595 689 2656 parte
711 2588 1007 2658 confectum
1039 2590 1285 2647 habebat.
1323 2592 1476 2660 Quod
1506 2596 1707 2663 deerat,
1737 2598 1982 2671 supplere
2020 2601 2133 2673 ipse

516 2678 759 2734 institui.
786 2680 873 2735 Ad
899 2679 1165 2753 Cyrillum
1208 2688 1463 2757 pauciora
1508 2687 1833 2760 collegerat,
1862 2708 1981 2762 qua:
2011 2694 2132 2747 usui

518 2775 713 2831 tamen
739 2788 851 2828 esse
871 2774 1096 2846 possint,
1130 2777 1313 2849 siquis
1350 2780 1449 2833 huc
1482 2779 1777 2853 aliquando
1804 2783 1875 2837 ad
1905 2800 2026 2838 eam
2041 2801 2133 2839 cu-

520 2876 652 2917 "am
681 2864 925 2919 animum
956 2865 1193 2937 adjiciet.
1223 2867 1437 2943 [Cyrilli
1478 2869 1659 2944 Opera
1682 2873 1774 2927 vix
1810 2874 1974 2946 digna
2004 2890 2128 2930 esse

517 2968 652 3025 qua:
676 2954 954 3027 legantur,
985 2958 1199 3029 judicat
1232 2960 1310 3017 La
1337 2961 1511 3019 Croze
1548 2963 1690 3019 Hist.
1719 2963 1915 3020 Christ.
1937 2964 2128 3025 Indice.

516 3045 628 3101 lib.
659 3061 701 3113 ι,
722 3063 848 3119 pag.
876 3046 963 3103 16.
983 3048 1159 3106 Ηεωι.
1186 3050 1274 3125 [In
1294 3051 1481 3109 Bibliis
1505 3057 1675 3110 sacris
1693 3055 1922 3111 multum
1942 3065 1992 3111 et
2002 3057 2129 3112 dili-

516 3147 715 3211 genter
744 3139 1045 3208 laborarat,
1066 3159 1337 3216 unumque
1350 3146 1446 3199 hoc
1462 3163 1594 3218 opus
1616 3163 1728 3219 pra:
1747 3149 1952 3203 ca’teris
1971 3165 2129 3220 urge-

517 3227 637 3284 bat.
663 3228 771 3285 Sed
791 3247 976 3287 vereor
1005 3241 1065 3288 ut
1088 3234 1144 3288 in
1168 3243 1441 3306 posterum
1462 3254 1682 3307 sperare
1711 3236 1890 3304 liceat,
1917 3248 2132 3311 propter

521 3337 724 3376 novam
756 3321 1040 3378 editionem
1083 3324 1575 3393 Graeco-Latinam,
1619 3346 1740 3399 qua:
1773 3329 1856 3384 hic
1881 3332 2005 3401 jam
2041 3332 2131 3385 in-

520 3413 722 3467 choata
755 3423 855 3479 est,
897 3425 1144 3482 curante,
1177 3424 1233 3471 ut
1266 3417 1449 3483 audio,
1470 3419 1557 3474 Io.
1589 3420 1823 3489 Marino,
1851 3439 1879 3478 e
1901 3439 2128 3497 congre—

518 3507 748 3577 gatione
772 3505 1034 3574 Oratorii,
1066 3512 1180 3565 viro
1209 3512 1384 3580 docto,
1416 3522 1525 3569 etc.

590 3597 647 3652 5.
690 3596 929 3654 Conradi
963 3600 1306 3659 Rittershusii
1330 3645 1345 3669 ,
1398 3605 1467 3660 de
1500 3620 1613 3675 quo
1655 3605 1785 3662 vide
1827 3606 1991 3677 epist.
2027 3607 2134 3665 552

517 3698 589 3745 et
609 3689 719 3745 5⁸35
752 3689 901 3747 inter
944 3694 1209 3764 epistolas
1255 3696 1504 3751 virorum
1551 3696 1841 3753 doctorum
1882 3699 1952 3754 ad
1999 3699 2132 3756 Gol-

518 3781 775 3849 dastmn,
811 3784 994 3841 editas
1012 3802 1043 3842 e
1068 3787 1411 3846 bibliotheca
1436 3790 1731 3848 clarissimi
1769 3791 2129 3848 Thulemarii.

598 3874 653 3929 4.
696 3875 1156 3935 Dissertationem
1196 3880 1266 3937 de
1313 3884 1538 3954 scriptis
1582 3883 1769 3955 Cyrilli
1803 3883 1958 3939 Alex.
2000 3901 2131 3955 pro-

519 3965 682 4022 misit
709 3966 798 4023 Jo.
849 3966 1156 4037 Carnerius
1197 3972 1268 4028 ad
1300 3973 1536 4030 Marium
1576 3974 1961 4043 Mercatorem,
1994 3985 2129 4034 tom.

521 4058 598 4122 Il,
637 4074 694 4129 p.
719 4059 810 4115 -15,

559 4150 655 4205 IV.
690 4150 758 4205 In
788 4151 1016 4207 editione
1044 4152 1457 4211 Graeco-Latina
1487 4154 1668 4213 Paris.
1712 4159 2053 4213 continentur
2075 4176 2094 4215 :

599 4239 779 4295 Tomo
805 4240 1029 4300 I.--a'.
1060 4245 1199 4315 Περὶ
1219 4245 1319 4317 τῆς
1340 4246 1399 4299 ὲν
1434 4246 1709 4319 πνεύματι
1760 4250 1856 4303 καὶ
1901 4249 2134 4323 ἀληθείᾳ.

516 4334 961 4405 προσκυνήσιως
982 4335 1078 4389 καὶ
1117 4335 1396 4410 λατρείας,
1428 4338 1507 4393 De
1533 4337 1845 4395 adoratione
1887 4350 1939 4395 et
1985 4342 2131 4397 cultu

2237 1862 2489 1909 currunt.
2530 1851 2691 1908 ann.
2724 1883 2796 1892 —
2838 1850 2994 1906 Libri
3032 1851 3246 1921 priores
3285 1854 3503 1903 exstant
3562 1844 3739 1903 Oxon.
3773 1843 3829 1899 in

2237 1946 2360 2001 cod.
2386 1945 2609 2002 Barocc.
2633 1962 2691 2001 ιι.
2722 1944 2823 1999 291
2852 1943 3027 2000 Catal.
3061 1973 3134 1983 -
3170 1941 3231 1997 In
3259 1940 3426 1997 codd.
3460 1938 3641 1996 Vatic.
3683 1944 3741 1992 et
3761 1936 3830 1991 de

2236 2036 2453 2110 Harlay,
2512 2036 2896 2094 Macloviensis
2946 2036 3004 2090 in
3054 2034 3228 2092 Callia
3267 2031 3533 2105 episcopi.
3583 2062 3654 2071 —
3683 2031 3830 2086 Nunt

2235 2145 2375 2202 opus
2401 2132 2475 2187 sit
2505 2130 2693 2204 Cyrilli
2716 2130 3037 2202 genuinum,
3074 2128 3337 2200 disputat,
3368 2132 3425 2181 et
3444 2132 3636 2181 contra
3662 2124 3828 2179 Rive-

2235 2230 2352 2279 tum
2375 2223 2575 2279 asserit
2601 2222 2804 2296 Cyrillo
2828 2221 3036 2278 Oudin.
3071 2221 3110 2276 l.
3144 2236 3219 2284 c.,
3256 2236 3313 2292 p.
3347 2219 3487 2275 1015
3513 2234 3634 2289 sqq.
3656 2217 3825 2273 11Αιιι..

2308 2314 2374 2386 β’.
2405 2314 2671 2385 Γλαφυρά
2728 2313 2844 2370 sive
2891 2314 3025 2368 scita
3074 2312 3459 2367 commentaria
3512 2310 3826 2381 (allegorica

2234 2419 2486 2477 magnam
2521 2413 2736 2478 partem
2765 2413 2822 2460 et
2842 2403 3161 2478 anagogica)
3192 2404 3247 2459 in
3280 2403 3394 2457 loca
3410 2401 3601 2456 selecto
3632 2402 3828 2455 Penta—

2235 2497 2444 2563 teuchi,
2502 2497 2660 2553 Tomi
2704 2504 2861 2568 parte
2907 2512 2985 2561 ιι,
3032 2511 3089 2567 p.
3136 2494 3319 2549 1-155.
3384 2493 3523 2550 Cum
3572 2492 3827 2547 versione

2233 2588 2470 2645 Andrea:
2491 2589 2727 2650 Schotti,
2766 2588 2824 2645 S.
2864 2588 2914 2645 I.
2956 2588 3018 2643 In
3042 2586 3284 2644 Genesin
3325 2586 3424 2641 lib.
3456 2586 3571 2650 VII,
3603 2584 3658 2639 in
3687 2585 3829 2640 Exo-

2234 2683 2366 2739 dum
2395 2682 2500 2738 lib.
2533 2682 2628 2749 Ill,
2673 2682 2730 2737 in
2764 2680 3076 2737 Leviticum
3123 2679 3166 2744 I,
3213 2679 3273 2735 in
3303 2678 3579 2734 Numeros
3602 2677 3647 2742 l,
3681 2675 3827 2732 etin

2233 2775 2727 2831 Deuteronomium
2757 2774 2801 2829 1.
2834 2773 2950 2829 Hoc
2980 2788 3121 2845 opus
3150 2788 3179 2828 a
3204 2771 3487 2828 veteribus
3511 2771 3828 2841 frequenter

2232 2867 2488 2923 laudatur
2520 2865 2620 2940 (ά).
2648 2867 2843 2927 Latine
2861 2868 3103 2939 primum
3124 2866 3307 2921 lucem
3336 2864 3476 2920 vidit
3504 2879 3572 2919 ex
3595 2863 3829 2919 Andreas

2233 2958 2447 3016 Schotti
2492 2959 2748 3015 versione
2798 2959 2855 3014 in
2901 2958 3097 3013 Latina
3135 2955 3378 3028 Operum
3430 2954 3621 3028 Cyrilli
3669 2954 3826 3010 Pari-

2234 3052 2405 3110 siensi
2433 3054 2563 3108 anni
2599 3052 2760 3109 1605.
2803 3052 3015 3109 Deinde
3061 3067 3187 3106 cum
3242 3046 3596 3107 sermonibus
3635 3047 3827 3120 Cyrilli

2234 3143 2589 3214 paschalibus
2630 3143 2938 3199 ab'eodem
2993 3142 3226 3198 Schotto
3277 3140 3468 3197 Graece
3525 3149 3581 3196 et
3632 3139 3828 3195 Latine

2232 3234 2575 3305 publicatum
2619 3241 2705 3289 est
2746 3233 3017 3303 Antuerp.
3043 3232 3203 3297 1618,
3244 3231 3340 3287 fol.
3384 3230 3668 3287 Aubertus
3699 3246 3827 3287 eum

2233 3326 2449 3383 Schotti
2494 3325 2741 3382 editione
2786 3324 3037 3380 codicem
3072 3322 3272 3381 Barlzei
3323 3322 3579 3387 contulit,
3630 3322 3827 3377 lectio-

2232 3434 2477 3489 numque
2507 3416 2805 3473 varietates
2840 3416 2897 3471 in
2928 3425 3179 3472 extremo
3209 3414 3491 3471 volumine
3521 3413 3824 3476 annotavit.

2231 3509 2315 3567 Ex
2343 3509 2644 3581 Nicephori
2690 3525 2804 3574 xiv,
2857 3508 2946 3574 14,
2999 3507 3325 3578 suspiceris,
3365 3505 3631 3579 Cyrillum
3677 3507 3826 3576 ejus-

2232 3602 2382 3658 modi
2416 3600 2711 3671 Γλαερυρὰ
2738 3599 3119 3671 composuisse
3162 3614 3274 3653 non
3303 3605 3515 3653 tantum
3546 3598 3600 3652 in
3633 3598 3828 3652 Penta-

2234 3694 2520 3760 teucbum,
2569 3692 2667 3749 sed
2711 3692 2768 3747 in
2805 3692 2980 3748 libros
3013 3690 3304 3746 universos
3359 3689 3580 3745 Veteris
3633 3689 3826 3743 Testa-

2233 3788 2404 3843 menti
2428 3785 2521 3858 (e),
2549 3786 2631 3841 Τὰ
2669 3784 2964 3855 Γλαφυρὰ
2988 3783 3059 3838 τὰ
3085 3784 3187 3855 τῆς
3216 3782 3462 3847 Παλαιᾶς
3484 3782 3707 3853 Γραφῆς
3737 3798 3829 3834 τυ-

2232 3881 2409 3944 πικῶς
2422 3879 2687 3953 εἰρημένα
2708 3879 2787 3943 εἰς
2806 3875 3043 3947 Χριστὸν
3063 3878 3159 3931 καὶ
3177 3877 3275 3948 τὴν
3296 3868 3417 3931 καθ’
3438 3876 3586 3949 ἡμᾶς
3599 3874 3829 3945 Ἐκκλη-

2234 3973 2358 4027 σὶαν
2391 3971 2631 4041 ἀνάγων.
2690 3971 2749 4026 In
2805 3969 3049 4027 Genesin
3092 3969 3369 4042 Glaphyro
3432 3967 3626 4040 Cyrilli
3654 3968 3826 4023 vertit

2232 4063 2558 4119 Ambrosius
2606 4061 3067 4125 Camaldulensis,
3110 4069 3168 4116 et
3222 4060 3388 4117 edere
3443 4061 3640 4126 voluit,
3685 4069 3827 4116 teste

2233 4155 2389 4212 Sixto
2435 4155 2690 4220 Senensi,
2726 4153 2876 4224 quod
2923 4151 3127 4217 facere,
3168 4153 3359 4208 nescio
3384 4167 3493 4222 qua
3535 4152 3605 4207 de
3633 4167 3822 4215 causa,

2238 4246 2560 4303 intermisit.
2586 4246 2750 4302 Fann.
2777 4274 2848 4284 —-
2884 4242 3071 4299 Leida:
3090 4242 3151 4298 in
3181 4242 3319 4299 bibl.
3350 4243 3505 4314 publ.
3540 4259 3663 4315 pag.
3696 4244 3820 4308 545.
3940 4286 3945 4289 Α

2233 4353 2292 4394 ιι.
2342 4337 2431 4403 15,
2462 4337 2603 4392 inter
2649 4333 2903 4390 Vulcanii
2944 4333 3106 4389 codd.
3151 4331 3343 4405 Cyrilli
3377 4333 3684 4390 Dissertatt.
3731 4351 3824 4391 ar-

516 4427 582 4482 in
619 4426 818 4497 spiritu
845 4436 894 4481 et
916 4429 1158 4495 ueritate,
1192 4428 1310 4486 sive
1340 4430 1410 4487 de
1444 4429 1642 4487 oﬂiciis
1683 4431 1989 4499 Christiani
2018 4434 2122 4490 ho-
2160 4447 2203 4503 ι)
2234 4447 2385 4490 canae
2408 4431 2465 4487 in
2492 4428 2753 4495 Genesin,
2797 4427 3015 4483 Latine.
3064 4426 3244 4482 Nicol.
3292 4425 3641 4493 Drumezius,
3682 4429 3823 4484 Bru-

393 4536 403 4544 ·
517 4516 701 4574 minis
719 4532 852 4590 erga
883 4519 1082 4585 Deum,
1112 4520 1242 4576 libri
1266 4521 1435 4587 XVII,
1468 4510 1674 4596 dialogi
1700 4539 1857 4580 more
1904 4526 2125 4597 scripti,

519 4609 586 4665 in
604 4608 813 4679 quibus
834 4609 1118 4667 Palladius
1150 4621 1209 4668 et
1245 4613 1486 4687 Cyrillus
1527 4615 1941 4686 colloquuntur.
1968 4616 2030 4671 P.
2066 4618 2130 4672 1-

515 4698 654 4755 651.
681 4697 823 4755 Cum
852 4701 1113 4757 versione
1144 4702 1371 4758 Antonii
1396 4702 1595 4776 Agellii
1632 4703 1733 4776 (a),
1755 4705 2129 4776 Neapolitani,

515 4792 979 4866 congregationis
1021 4794 1365 4859 Clerioorum
1397 4795 1753 4869 Regularium
1793 4797 2129 4870 presbyteri,

516 4900 656 4958 quae
698 4885 944 4957 primum
983 4886 1262 4959 Lugduni,
1304 4888 1403 4944 sed
1442 4889 1628 4955 minus
1667 4889 1961 4955 emendate
1993 4890 2132 4946 1587

517 4978 583 5037 in
615 4978 672 5044 4,
704 4978 910 5035 deinde
958 4982 1274 5039 accuratius
1308 4982 1519 5048 Romae,
1562 4980 1724 5048 1588,
1757 4981 1878 5049 fol_.,
1926 4997 2131 5041 excusa

517 5075 735 5138 fuerat,
766 5080 828 5128 ut
859 5072 1113 5128 Latinam
1156 5073 1461 5130 editionem
1509 5073 1779 5130 Venetam
1823 5075 1955 5131 anni
1991 5076 2132 5133 1604

627 5185 686 5256 a)
732 5184 953 5241 Laudat
997 5185 1149 5243 hunc
1176 5185 1452 5259 Agellium
1493 5187 1695 5243 Petrus
1746 5184 2019 5254 Marinus,
2067 5202 2126 5259 p.

516 5257 635 5314 3M
673 5271 866 5314 oousc.

601 5271 946 5400 ἴωοὲἓὲἣῖιιε
970 5327 1027 5382 ἰιι
1063 5326 1333 5400 admonit.
1368 5326 1442 5400 Aad
1479 5327 1749 5400 lectorem
1781 5324 1931 5400 :Hos
1975 5325 2135 5400 libros

518 5396 665 5462 eum
694 5396 1020 5470 Lugdunum
1055 5398 1437 5470 imprimendos
1464 5399 1759 5463 'misissem,
1811 5398 1946 5470 adeo
1991 5397 2137 5453 male

521 5484 641 5541 non
671 5468 828 5541 modo
852 5468 1208 5541 imprimen‘tis
1235 5468 1579 5541 negligentia,
1618 5484 1804 5523 verum
1834 5468 1995 5541 etiam
2014 5485 2135 5541 cor-

523 5538 754 5623 rigentis
770 5536 945 5623 culpa
982 5541 1182 5623 accepti
1217 5536 1456 5623 fuerunt,
1491 5547 1552 5623 ut
1586 5539 2136 5623 innumeris‘mendis

522 5608 709 5681 pleni,
735 5616 807 5681 et,
851 5608 1010 5681 quod
1041 5608 1171 5664 mihi
1214 5608 1488 5664 molestius
1520 5610 1641 5680 fuit,
1679 5608 2135 5664 annotatiunculis

525 5679 873 5748 marginibus
903 5680 1104 5751 additis
1154 5681 1380 5751 respersi
1419 5689 1612 5745 essent,
1652 5696 1787 5751 quas
1827 5695 2003 5751 neque
2041 5696 2070 5733 e

527 5750 809 5816 miseram,
844 5766 1014 5821 neque
1038 5750 1267 5822 feceram
1302 5766 1318 5804 :
1358 5760 1409 5805 et
1433 5752 1509 5807 ita
1554 5750 1748 5823 inepta:
1797 5759 1849 5806 et
1887 5750 2133 5807 absurda:

2227 4525 2434 4600 gensis,
2463 4522 2715 4579 Latinam
2730 4520 3044 4577 versionem
3073 4518 3276 4593 adjecit
3295 4528 3353 4575 et
3383 4529 3653 4577 annotatt.
3683 4521 3822 4578 Ibid.

2227 4634 2352 4690 pag.
2388 4614 2513 4681 402,
2544 4631 2604 4669 n.
2634 4614 2689 4679 9,
2724 4612 2832 4668 loci
2871 4627 3042 4669 sacrae
3076 4611 3356 4684 Scripura:
3382 4612 3480 4683 qui
3513 4628 3828 4668 memoran-

2229 4716 2323 4770 tur
2375 4724 2409 4765 a
2459 4707 2666 4781 Cyrillo
2709 4705 2949 4777 aliisque
3001 4704 3261 4760 Patribus
3297 4703 3390 4761 Cr.
3437 4734 3511 4746 —-
3561 4704 3826 4760 Ποπαεήξὶ

2232 4801 2291 4857 in
2345 4800 2485 4861 bibl.
2525 4799 2753 4856 elector.
2804 4797 2930 4861 cod.
2985 4795 3194 4863 XVIII,
3254 4795 3379 4869 Cyr.
3420 4796 3574 4853 Alex.
3628 4799 3683 4852 in
3721 4798 3824 4855 Ge-

2238 4895 2388 4951 nesin
2409 4934 2426 4959 ,
2473 4892 2720 4953 Exodum
2743 4931 2758 4958 ,
2793 4890 3100 4956 Leviticum,
3144 4889 3405 4945 Numeros
3429 4931 3444 4956 ,
3491 4890 3819 4945 Dcuterono-

2238 4987 2426 5043 mium.
2459 4984 2519 5041 V.
2552 4981 2675 5039 Cat.
2711 4980 2861 5037 codd.
2894 4980 3120 5049 Bavar.,
3149 4997 3205 5053 p.
3242 4981 3743 5037 5.-—-Vindobona:
3767 4981 3829 5038 in

2234 5074 2374 5132 bibl.
2407 5073 2662 5130 Caesarea
2694 5072 2819 5129 cod.
2856 5071 3014 5138 LVII,
3044 5088 3101 5127 ιι.
3137 5070 3396 5127 104-107.
3423 5071 3736 5128 Comment.
3764 5073 3823 5128 in

2236 5194 2411 5250 erant,
2445 5195 2505 5241 ut
2548 5183 2744 5239 alicubi
2782 5199 2849 5237 ne
2895 5183 3127 5239 auctoris
3167 5181 3380 5255 quidem
3414 5185 3737 5243 sanctissimi
3775 5195 3826 5242 et

2236 5257 2579 5325 eruditissimi
2606 5255 2707 5325 viri
2736 5254 2939 5325 nomini
2972 5254 3270 5325 parcerent.

2307 5326 2378 5453 ge)
2400 5327 2465 5383 V.
2498 5324 2620 5382 Cat.
2643 5324 2768 5379 bibl.
2798 5322 3051 5393 Leid.,'p.
3079 5322 3207 5389 5M,
3237 5338 3296 5379 n.
3330 5322 3478 5381 wet
3498 5325 3588 5393 11,
3607 5335 3667 5384 et
3696 5343 3821 5402 pag.

2233 5398 2305 5455 54
2347 5395 2745 5455 .n.25ac%6.
2788 5394 2957 5449 lim.
3650 5446 3655 5451 .

2328 5410 2438 5463 i,n.
2469 5410 2627 5451 zoac
2656 5410 2745 5450 zu.
2790 5410 2957 5449 um.
3650 5446 3655 5451 .

2328 5467 2385 5548 d)
2412 5466 2566 5548 "Vide
2588 5465 2906 5548 'IIillemont.
2936 5473 3068 5518 tom.
3099 5461 3244 5548 ξιξ,
3275 5480 3331 5548 p.
3360 5465 3485 5521 672.
3529 5537 3541 5548 _
3610 5539 3638 5548 Α·

2328 5534 2378 5607 e)
2405 5535 2793 5607 Cassiodorus,
2818 5535 2872 5588 in
2893 5534 3163 5607 proiemio
3180 5534 3497 5593 Diuitiarum
3522 5537 3821 5605 lectionum,

2232 5605 2502 5681 Cyrillum
2520 5605 2694 5681 refert
2711 5605 2980 5681 inter‘eos
3005 5605 3100 5681 qui
3123 5612 3291 5662 totam
3331 5612 3546 5665 sacram
3576 5608 3825 5681 scriptu-

2233 5673 2352 5734 ram
2380 5697 2412 5735 a
2451 5676 2724 5751 principio
2749 5675 2818 5733 ad
2845 5673 3243 5733 ﬁnem’Graeco
3281 5691 3536 5738 sermone
3572 5673 3823 5737 declara-

2212 5746 2386 5806 'runt.

3080 5868 3163 5883 *οη
3184 5872 3238 5883 διν.
