4172 6434
381 220 493 293 ιν

369 238 493 358 51'
1598 298 1880 357 NOTITIA
1918 300 2015 357 EX
2051 298 2391 357 FABRICIO.
3584 238 3656 348 g2

368 413 621 478 Genesin,
655 410 784 468 libri
813 412 903 477 III,
950 413 1005 468 in
1053 411 1323 479 Exodum,
1392 411 1607 467 divisus
1652 412 1709 467 in
1750 412 1796 469 γ
1817 428 1938 468 ser-
1980 419 2024 477 Α
2053 412 2315 486 auspiciis
2344 412 2511 469 Marci
2533 409 2764 476 Velseri,
2796 408 2890 481 qui
2916 407 2972 463 in
3002 405 3233 479 epistola
3263 402 3340 479 (a)
3365 404 3434 460 ad
3454 404 3657 461 Vulca-

367 520 587 572 mones;
628 505 683 558 in
713 504 993 571 Numeros,
1040 505 1253 560 divisus
1303 503 1362 558 in
1402 503 1447 559 γ
1487 518 1679 569 serm.,
1712 505 1767 558 in
1803 503 1951 558 Deu-

367 605 559 661 teron.,
591 596 648 650 in
674 596 902 652 totidem
929 612 1169 653 sermon.
1201 594 1434 650 divisus.
1470 595 1535 650 V.
1570 594 1831 650 Lambec.
1860 594 1951 661 III,

368 702 490 758 pag.
528 685 635 741 249
686 701 769 757 sq.
818 717 889 727 —
914 687 975 742 In
1004 686 1143 741 bibl.
1183 686 1421 752 Bodlei.,
1453 686 1579 743 cod.
1615 685 1954 752 Cromwell.,

368 796 423 833 η.
452 779 579 846 291,
635 778 779 847 Cat.,
807 779 992 853 Cyrill.
1040 783 1095 834 in
1134 782 1356 852 quwsita
1406 788 1457 835 et
1491 780 1651 835 dubia
1699 778 1758 835 S.
1808 778 1951 835 Scri-

367 882 542 944 ptura:
560 892 580 940 ;
613 873 710 929 sed
738 873 1019 929 confector
1055 871 1175 929 Cat.
1212 872 1363 927 codd.
1396 871 1624 944 Angliw,
1660 880 1793 937 etc.,
1825 871 1867 937 I,
1897 886 1951 941 p.

367 965 456 1030 41,
519 965 725 1023 addit:
771 985 790 1017 ε
818 964 1078 1021 Continet
1130 974 1313 1021 autem
1372 982 1565 1021 revera
1591 964 1953 1029 Theodoreti,

367 1056 537 1124 episc.
587 1054 739 1127 Cyri,
803 1053 1127 1120 Qucestiones
1174 1056 1232 1109 in
1281 1054 1533 1112 Genesin.
1583 1073 1601 1105 ι
1659 1053 1839 1124 Atque
1895 1052 1953 1106 in

367 1144 489 1199 cod.
516 1144 758 1200 Floreat.
788 1144 1051 1200 Laurent.
1090 1143 1235 1208 XIX,
1269 1160 1327 1198 η.
1364 1143 1450 1209 10,
1483 1143 1622 1214 plut.
1669 1142 1722 1208 6,
1771 1141 1956 1197 Theo-

368 1235 543 1291 doreti
573 1234 981 1303 Quaestionibus
1029 1236 1086 1291 in
1129 1237 1251 1292 loca
1299 1235 1470 1291 dubia
1500 1235 1557 1292 S.
1613 1234 1669 1292 S.
1724 1235 1958 1290 interse-

369 1336 569 1382 runtur
594 1336 833 1398 quatuor
860 1325 1049 1399 Cyrilli
1076 1342 1276 1382 comm.
1302 1328 1360 1382 in
1382 1326 1657 1383 Numeros
1675 1324 1954 1397 fragmm.,

369 1420 695 1476 observante
715 1420 947 1476 Bandin.
970 1418 1026 1474 in
1060 1418 1180 1475 Cat.
1212 1400 1363 1475 codd.
1396 1419 1490 1477 Gr.
1516 1419 1794 1485 Laurent.,
1823 1418 1865 1485 I,
1898 1434 1953 1489 p.

369 1512 470 1565 157
504 1527 586 1583 sq.
619 1541 692 1552 —
721 1510 897 1571 Oxon.
934 1510 990 1566 in
1012 1511 1149 1569 bibl.
1179 1510 1394 1582 collegii
1424 1508 1850 1573 Lineolniensis,
1895 1524 1955 1562 n.

369 1602 507 1658 1510
539 1602 681 1667 Cat.,
714 1601 840 1675 Cyr.
871 1620 1001 1675 opus
1044 1618 1202 1673 super
1248 1600 1491 1658 Cencsin.
1522 1631 1593 1642 —
1623 1598 1871 1656 Venetiis
1900 1598 1959 1653 in

370 1696 529 1753 codd.
571 1695 787 1751 DXXIII
820 1695 955 1750 bibl.
986 1694 1177 1759 Mare,
1208 1692 1335 1765 Cyr.
1370 1708 1500 1764 pars
1536 1693 1726 1764 operis
1757 1692 1957 1749 inscri-

2063 510 2254 575 nium,
2284 524 2336 563 a.
2366 507 2498 563 1601
2544 506 2691 569 data,
2731 504 2868 582 Ego,
2910 520 2975 558 ne
3006 502 3229 565 nescias,
3263 498 3463 570 inquit,
3513 500 3657 553 inter

2062 603 2262 674 primos
2296 599 2486 673 Cyrilli
2521 606 2789 653 amatores
2831 611 3022 650 nomen
3063 591 3357 665 proﬁteor:
3396 593 3551 663 cujus
3576 594 3654 647 rei

2061 694 2184 747 hinc
2227 693 2589 762 conjecturam
2617 690 2801 762 capias
2851 688 2991 753 licet,
3037 686 3177 757 quod
3228 686 3397 739 amico
3443 678 3654 739 cuidam

2063 801 2199 849 meo,
2235 784 2436 838 homini
2468 782 2647 839 erce
2681 788 2730 834 et
2764 778 2957 835 Latine
2990 777 3233 850 apprime
3267 776 3439 842 docto,
3468 784 3655 829 auctor

2062 874 2161 945 lui,
2180 872 2621 927 commentarium
2646 871 2701 924 in
2725 867 2832 925 ΧΠ
2864 870 3144 940 prophetas
3176 867 3433 931 uertendi,
3458 867 3502 920 is
3531 880 3653 919 vero

2064 973 2231 1019 totum
2250 980 2470 1037 pensum
2486 963 2608 1034 jam
2626 961 2865 1026 absolvit,
2887 971 2935 1017 et
2958 978 3097 1016 nunc
3113 960 3345 1014 maxime
3372 958 3656 1012 editionem

2065 1058 2316 1113 adornat.
2363 1057 2657 1128 Prop/tetas
2688 1058 2919 1111 minores
2957 1055 3135 1109 decem
3168 1069 3232 1107 ex
3260 1051 3423 1106 Boica
3464 1050 3653 1105 biblio-

2066 1151 2212 1204 theca
2238 1149 2537 1215 habuimus,
2566 1149 2795 1221 reliquos
2819 1148 2949 1202 duos
2977 1163 3042 1201 ex
3065 1145 3338 1200 Vaticano.
3374 1142 3655 1197 Aubertus

2062 1250 2261 1314 negat,
2285 1242 2390 1297 sibi
2418 1241 2587 1296 alium
2615 1240 2863 1298 codicem
2910 1254 3015 1294 ms.
3039 1245 3239 1310 praeter
3262 1235 3496 1292 Pontani
3534 1234 3656 1290 edi-

2064 1334 2271 1389 tionem
2301 1332 2369 1388 ad
2401 1347 2599 1388 manus
2626 1330 2820 1397 fuisse,
2869 1329 2978 1386 nisi
3016 1326 3165 1400 quod
3196 1327 3265 1383 ad
3313 1325 3653 1397 Sophoniam

2064 1440 2199 1481 usus
2225 1433 2311 1481 est
2340 1421 2726 1495 antiquissimo
2758 1420 3111 1477 bibliothecae
3139 1415 3323 1488 Regiee
3349 1413 3529 1469 Paris.
3560 1412 3651 1469 Ci-

2064 1523 2214 1572 tatur
2238 1517 2308 1572 ab
2334 1515 2634 1588 Ephraimo
2664 1523 2830 1586 atque
2868 1510 3103 1567 Leontio
3137 1509 3266 1581 Byz.
3305 1507 3364 1562 In
3386 1505 3476 1561 his
3505 1521 3657 1559 com-

2064 1608 2372 1676 mentariis,
2402 1607 2869 1681 quemadmodum
2896 1614 2954 1660 et
2975 1604 3031 1658 in
3059 1602 3169 1657 illis
3207 1615 3346 1672 quos
3378 1598 3435 1654 in
3457 1598 3655 1653 Isaiam

2065 1701 2394 1773 composuit,
2416 1700 2644 1772 propius
2665 1698 2956 1754 litteralem
2980 1709 3223 1758 sensum,
3244 1707 3410 1763 quam
3432 1690 3488 1745 in
3521 1689 3654 1746 Cla-

370 1788 448 1858 pti
480 1787 549 1841 τὰ
576 1784 890 1857 Γλαρυρά.
919 1786 983 1841 γ.
1023 1783 1143 1841 Cat.
1180 1784 1329 1838 codd.
1355 1783 1658 1849 Gr.Marc.,
1677 1800 1733 1857 p.
1769 1783 1968 1839 282.-

2073 1795 2272 1867 phyris,
2295 1793 2535 1866 Cyrillus
2560 1790 2932 1863 persequitur.
2968 1788 3129 1843 Faue.
3165 1817 3235 1826 —
3258 1783 3483 1848 Oudin.,
3508 1782 3546 1837 l.
3578 1798 3653 1848 e.,

371 1878 509 1934 Ibid.
561 1878 616 1933 in
659 1878 784 1933 cod.
818 1877 1067 1944 Naniatio
1105 1875 1345 1940 LXXIX,
1393 1873 1520 1947 Cyr.
1562 1875 1858 1949 Glaphyro.
1892 1876 1957 1932 ν.

371 1970 487 2026 Cat.
529 1970 680 2024 codd.
724 1969 818 2027 Cr.
848 1969 1017 2035 Nam,
1046 1983 1101 2040 p.
1142 1967 1264 2024 I60.
1293 1967 1499 2023 Eadem
1533 1967 1589 2023 in
1623 1967 1746 2023 eod.
1785 1968 1959 2025 Vatic.

373 2059 544 2115 ΒΑΜ..

442 2153 595 2208 Τοκο
627 2151 693 2208 II.
743 2183 815 2193 -——
836 2151 905 2221 γ’.
956 2152 1023 2208 In
1061 2153 1264 2209 Isaiam
1292 2155 1605 2225 prophetam
1631 2162 1957 2209 commenta-

372 2246 573 2299 riorum
618 2244 739 2300 libri
782 2245 841 2310 V,
884 2261 1120 2316 quorum
1154 2247 1353 2319 singuli
1388 2246 1611 2313 iterum,
1643 2246 1857 2317 primus
1908 2245 1965 2302 in

372 2337 560 2406 λόγους
618 2353 735 2405 sex,
783 2338 1061 2395 secundus
1097 2342 1155 2396 in
1191 2342 1393 2411 τόμους
1440 2340 1711 2412 quinque,
1765 2340 1967 2396 tertius

373 2423 563 2479 Itidem
606 2425 664 2479 in
699 2425 899 2497 τόμους
937 2427 1192 2492 totidem,
1232 2436 1465 2499 quartus
1505 2428 1565 2483 in
1606 2428 1877 2500 quinque,
1910 2437 1968 2485 et

373 2517 598 2586 quintus
620 2516 675 2571 in
700 2530 795 2573 sex
827 2517 1020 2587 λόγους
1066 2519 1413 2576 dividuntur.
1442 2520 1716 2591 Adjuncta
1749 2529 1836 2577 est
1858 2521 1966 2577 La-

373 2607 488 2664 tina
525 2609 706 2664 versio
737 2608 1016 2666 Laurentii
1051 2610 1315 2667 Hunfredi
1340 2658 1354 2678 ,
1390 2611 1582 2684 Angli,
1622 2628 1787 2684 quam
1819 2628 1965 2668 anno

375 2700 511 2756 1562
543 2700 779 2757 dicatam
806 2702 1160 2769 Elisabethze,
1189 2704 1398 2776 Anglia:
1429 2705 1653 2777 reginae,
1681 2713 1738 2760 et
1759 2704 1814 2759 in
1841 2704 1963 2760 edi-

376 2795 525 2851 tione
556 2793 802 2866 Operum
838 2795 1031 2868 Cyrilli
1061 2797 1254 2854 Latina
1298 2798 1464 2853 Basil.
1502 2797 1663 2861 I566,
1699 2797 1819 2863 Iol.,
1849 2796 1966 2868 pri-

2062 1886 2168 1942 col.
2201 1885 2338 1940 I024
2360 1900 2467 1955 sq.,
2498 1883 2647 1938 hunc
2682 1896 2903 1952 quoque
2926 1886 3287 1935 commentar.
3311 1872 3655 1946 suppositum

2060 1978 2266 2052 Cyrillo
2307 1978 2513 2043 fetum,
2540 1985 2597 2031 et
2627 1974 2877 2047 ejusdem
2913 1971 3159 2027 hominis
3199 1969 3295 2040 qui
3339 1982 3544 2023 comm.
3598 1966 3657 2020 in

2063 2069 2261 2125 Isaiam
2292 2065 2661 2130 contexuerit,
2694 2063 3007 2126 existimat,
3034 2058 3288 2132 pluribus
3313 2053 3660 2128 argumentis

2063 2159 2265 2214 victus.
2296 2156 2497 2229 Cyrillo
2524 2171 2659 2211 vero
2688 2152 2953 2210 tribuitur
2972 2151 3027 2206 in
3045 2148 3207 2206 codd.
3236 2147 3431 2202 Bavar.
3460 2142 3580 2199 XVI
3602 2150 3661 2197 et

2065 2250 2313 2307 XVII.‘V.
2339 2247 2457 2305 Cat.
2478 2248 2629 2303 codd.
2655 2246 2746 2303 Gr.
2771 2244 2927 2310 Bav.,
2953 2260 3008 2314 p.
3038 2243 3092 2298 5.
3112 2240 3258 2295 -In
3288 2237 3467 2293 tribus
3493 2233 3658 2290 codd.

2066 2340 2356 2406 Escorial.,
2390 2347 2534 2395 teste
2577 2337 2780 2393 Pluero
2816 2335 2855 2389 l.
2888 2349 2938 2389 c.
2991 2347 3114 2403 pag.
3151 2329 3273 2385 164.
3310 2359 3380 2369 -
3410 2326 3655 2382 Florent.

2071 2433 2130 2488 in
2165 2432 2290 2488 cod.
2324 2431 2586 2486 Laurent.
2622 2426 2889 2491 XXXVII,
2927 2442 2983 2480 η.
3017 2423 3104 2488 12,
3143 2422 3284 2491 plut.
3317 2419 3405 2484 60,
3433 2418 3552 2471 loca
3590 2431 3661 2471 ex

2067 2526 2165 2581 XII
2187 2524 2392 2581 minor.
2425 2522 2683 2595 pr0phet.
2724 2530 2782 2576 et
2821 2518 3093 2590 propheta
3124 2518 3193 2571 Is.
3227 2528 3353 2570 cum
3383 2508 3573 2582 Cyrilli
3605 2515 3662 2563 et

2066 2620 2302 2675 aliorum
2325 2616 2788 2689 expositionibus,
2813 2613 2995 2669 indice
3015 2608 3249 2664 Bandin.
3273 2605 3330 2661 in
3357 2603 3477 2661 Cat.
3506 2601 3659 2656 codd.

2066 2710 2324 2766 Laurent.
2345 2708 2462 2773 Gr.,
2491 2707 2559 2772 II,
2595 2705 2700 2760 col.
2733 2703 2858 2759 652.
2892 2701 3061 2756 Ηλιιι..

2140 2801 2469 2858 TouolV.——
2486 2800 2547 2853 ε’.
2577 2797 2643 2853 In
2664 2793 3015 2866 Evangelium
3038 2789 3095 2846 S.
3118 2788 3343 2844 Ioannis
3375 2784 3495 2840 libri
3520 2781 3647 2846 XII,

377 2903 527 2941 mum
565 2887 794 2953 editam,
837 2887 1118 2945 Aubertus
1145 2889 1483 2961 recognovit,
1527 2889 1830 2959 Graecaque
1867 2905 1997 2965 ραν
2036 2875 2196 2965 Icum
2222 2909 2361 2949 nova
2390 2890 2647 2947 versione
2667 2884 3026 2944 Jo.Auberti.
3064 2884 3124 2938 In
3158 2879 3373 2936 Latinis
3396 2875 3662 2933 editioni-

377 2980 601 3037 blicavit
642 2996 710 3037 ex
754 2982 945 3037 codice
974 2982 1240 3041 Vaticano
1279 2990 1354 3048 et,
1408 2983 1504 3054 qui
1555 2982 1697 3039 duos
1753 2983 1969 3054 priores
2036 2965 2179 3049 ibus
2223 2986 2331 3041 hoc
2368 2998 2510 3055 opus
2555 2988 2735 3037 exstat
2775 2994 2845 3033 ex
2892 2974 3352 3045 interpretatione
3403 2965 3659 3039 Gregorii

378 3082 592 3129 tantum
616 3074 956 3137 continebat.
1004 3075 1195 3146 Regio.
1238 3073 1452 3130 Citatur
1482 3090 1513 3129 a
1547 3074 1829 3140 Facundo,
1870 3090 1924 3129 xt
1949 3114 1963 3137 ,
2001 3072 2043 3151 κ’
2070 3077 2583 3151 Trapezuntii,quee
2601 3072 2883 3146 prodierat
2902 3068 3194 3141 separatim
3218 3059 3661 3131 Paris.I520(b),

378 3168 430 3232 7,
486 3182 589 3223 nec
637 3182 748 3222 non
787 3182 819 3222 a
879 3165 1108 3222 Leontio
1158 3167 1288 3238 Byz.
1323 3176 1509 3222 contra
1561 3138 1857 3240 Eutychen,
1912 3176 1969 3224 ct
1995 3138 2037 3196 Ο
2073 3138 2303 3228 Τομέα]
2330 3138 2442 3225 non
2476 3138 2641 3224 modo
2670 3178 2888 3236 magna,
2918 3138 2981 3216 ut
3012 3159 3244 3222 solebat,
3280 3154 3504 3212 licentia
3524 3153 3664 3207 Tra-

380 3255 680 3327 Ephraimo
718 3254 1066 3311 Antiocheno
1091 3255 1234 3327 apud
1274 3255 1534 3311 Photium
1578 3256 1702 3311 cod.
1754 3272 1967 3313 ccxxtx.

2073 3263 2371 3336 pezuntius
2413 3262 2472 3317 in
2527 3260 2633 3315 hac
2681 3257 2938 3315 versione
2991 3268 3128 3309 usus
3174 3261 3280 3315 est,
3327 3248 3426 3304 sed
3467 3246 3664 3312 libros,

382 3347 542 3403 Faue.
582 3375 654 3385 —
705 3345 767 3399 In
810 3343 948 3399 bibl.
991 3342 1285 3411 Escorial.,
1336 3343 1461 3416 Cyr.
1514 3346 1569 3398 in
1594 3344 1668 3400 IV
1687 3346 1968 3417 prophetas

2075 3334 2316 3428 quintum
2341 3392 2356 3417 ,
2399 3358 2607 3405 sextum
2632 3389 2647 3414 ,
2692 3347 2977 3427 septimum
3020 3353 3079 3400 et
3113 3351 3379 3403 octavum,
3423 3350 3564 3406 quos
3610 3334 3667 3388 in

382 3440 634 3510 major“.
670 3444 727 3494 οι
749 3435 875 3507 Cyr.
919 3435 1268 3505 aliorumque
1315 3444 1573 3506 excerpta
1612 3436 1884 3508 expositio
1918 3436 1975 3491 in
2073 3418 2281 3501 (Ii-amis
2306 3441 2592 3498 codicibus
2618 3454 2731 3493 non
2758 3418 2986 3507 reperit,
3007 3434 3171 3505 plane
3188 3429 3395 3485 omisit.
3423 3425 3667 3492 Quatuor

384 3531 599 3596 Isaiam,
632 3537 770 3584 teste
808 3528 1011 3583 Pluero
1056 3527 1114 3583 in
1150 3528 1279 3583 Itin.
1326 3546 1420 3600 per
1461 3529 1638 3601 Hisp.,
1666 3545 1720 3601 p.
1754 3529 1877 3585 164.
1905 3560 1968 3570 -

2073 3534 2374 3592 iutermedii
2419 3530 2568 3595 libri,
2613 3529 2795 3599 inquit
2843 3526 3085 3583 Jodocus
3129 3522 3524 3584 Clichtoveus,
3572 3533 3669 3570 nec

383 3624 558 3681 Oxon.
584 3624 642 3678 in
675 3621 810 3677 bibl.
846 3619 1164 3687 Bodleiana,
1197 3638 1255 3677 n.
1297 3622 1401 3678 652
1442 3621 1645 3687 Catal.,
1680 3620 1971 3677 Comment.

389 3719 446 3770 in
466 3714 701 3781 Isaiam;
727 3714 873 3769 idem
903 3713 958 3769 in
984 3713 1110 3769 cod.
1130 3721 1364 3768 monast.
1392 3713 1734 3768 Benedictin.
1751 3713 1838 3768 bis
1855 3712 1978 3769 Flo-

2076 3627 2221 3701 apud
2240 3625 2477 3686 Latinos,
2505 3639 2599 3676 nec
2627 3621 2769 3694 apud
2800 3619 3006 3676 Crwcos
3031 3617 3093 3671 ab
3120 3617 3182 3670 iis
3214 3614 3303 3685 qui
3341 3628 3480 3673 eam,
3501 3626 3666 3683 quam

2077 3699 2311 3791 potuere,
2346 3713 2682 3786 vigilantium
2712 3711 3066 3766 adhibuerunt
3087 3748 3101 3773 ,
3135 3705 3330 3778 reperti
3354 3711 3496 3757 sunt.
3525 3699 3667 3755 Nam

390 3808 605 3872 rentius,
642 3814 782 3863 teste
810 3805 1108 3863 Montfauc.
1152 3807 1208 3861 in
1238 3805 1392 3859 Diar.
1416 3804 1572 3869 Ital.,
1604 3822 1659 3875 p.
1695 3805 1821 3869 565,
1847 3805 1968 3859 etin

2077 3820 2127 3867 et
2163 3811 2218 3863 in
2254 3808 2353 3863 illa
2383 3808 2579 3877 insigni
2611 3804 2794 3859 Roma:
2834 3801 3107 3876 pontiﬁcio
3152 3796 3462 3853 bibliotheca
3505 3791 3665 3864 quin-

390 3898 529 3956 Bibl.
564 3898 800 3954 biblioth.
852 3915 1003 3962 mss.,
1039 3898 1081 3963 I,
1111 3913 1166 3969 p.
1203 3898 1306 3953 III
1338 3898 1401 3953 E.
1445 3928 1515 3938 -—
1555 3897 1705 3952 Idem
1747 3896 1801 3951 in
1848 3894 1973 3951 cod.

392 3992 707 4050 Vindobon.
756 3991 1058 4057 LXXVIII,
1098 3990 1361 4062 opinante
1405 3990 1720 4053 Lambeeio,
1779 3988 1869 4051 III,
1920 4002 1975 4057 p.

392 4086 497 4142 455
526 4101 642 4157 sq.;
666 4083 763 4141 sed
787 4082 991 4139 Kollar.
1016 4099 1117 4155 pro
1146 4082 1332 4153 spurio
1367 4097 1494 4138 eum
1527 4079 1729 4145 habet;
1767 4079 1832 4133 V.
1861 4078 1982 4149 ejus

393 4185 583 4231 not.—-—
605 4174 753 4231 Idem
802 4180 859 4231 et
895 4173 952 4229 in
992 4188 1113 4244 cap.
1158 4189 1172 4226 I
1213 4170 1529 4243 Sophonize,
1556 4167 1730 4225 Paris.
1762 4168 1818 4223 in
1853 4166 1977 4223 cod.

394 4265 811 4331 DCCCXXXVI,
845 4281 897 4318 n.
935 4264 961 4319 I
1003 4272 1059 4319 et
1084 4262 1139 4327 2,
1182 4262 1320 4318 bibl.
1349 4260 1507 4333 pubi.
1536 4256 1824 4315 --—Oudin.
1846 4256 1979 4322 l.c.,

2077 3902 2243 3972 quies,
2280 3907 2359 3955 ter
2392 3897 2602 3970 quidem
2630 3895 2817 3950 Latine
2864 3891 2968 3966 (de
3017 3885 3370 3960 Trapezuntii
3410 3883 3666 3939 versione

2078 3991 2377 4064 intellige),
2397 4000 2447 4045 et
2481 3990 2556 4044 bis
2584 3988 2764 4045 erce
2792 3984 3071 4054 conscripti
3101 3982 3361 4042 visuntur,
3391 3985 3439 4029 et
3473 3975 3664 4044 ubique

2077 4094 2128 4141 et
2153 4085 2345 4141 eisdem
2372 4086 2429 4139 in
2459 4083 2583 4139 locis
2605 4082 2780 4136 trunci
2810 4097 2872 4133 ac
2916 4076 3111 4132 mutili.
3141 4074 3331 4143 Itaque
3352 4069 3463 4133 hic,
3497 4080 3665 4139 quem

2080 4175 2216 4242 dixi,
2247 4174 2626 4238 Clichtoveus,
2670 4167 3105 4241 Neoportnensis
3125 4206 3139 4231 ,
3169 4164 3348 4219 libros
3379 4161 3504 4215 illos
3533 4172 3669 4229 qua-

2084 4277 2210 4324 tuor
2230 4280 2299 4321 ex
2331 4280 2433 4321 suo
2462 4262 2683 4335 ingenio
2730 4256 3039 4332 supplevit,
3072 4253 3436 4326 Augustinum
3469 4250 3525 4304 in
3554 4248 3660 4319 ple-

397 4360 503 4416 col.
547 4354 699 4420 I023,
735 4354 1014 4427 opinatur,
1073 4353 1225 4408 hunc
1281 4350 1338 4404 in
1374 4348 1572 4424 Isaiam
1620 4353 1968 4401 eommentar

2084 4358 2272 4427 risque
2286 4366 2528 4420 secutus,
2553 4362 2615 4409 ut
2631 4362 2881 4409 notatum
2914 4346 3194 4405 Riehardo
3212 4342 3423 4400 Simoni
3443 4349 3576 4427 tom.
3598 4335 3668 4427 III

398 4466 520 4507 esse
545 4447 871 4508 recentioris
902 4443 1276 4512 auctoris,qui
1302 4441 1463 4510 longe
1494 4445 1620 4509 post
1637 4435 1901 4507 Cyrillum
1928 4433 1985 4486 in

397 4541 512 4599 otio
535 4540 757 4603 vixerit,
786 4547 840 4595 et
866 4537 1135 4610 plurimos
1158 4542 1285 4590 ante
1314 4547 1375 4589 se
1400 4531 1574 4602 hujus
1600 4528 1733 4583 libri
1764 4525 1981 4580 habue-

399 4636 477 4690 rit
495 4640 972 4690 commentatores.
994 4629 1164 4686 Hann.

470 4727 621 4781 Tono
632 4725 723 4781 III.
735 4755 803 4765 —
814 4724 875 4778 δ’.
894 4722 957 4779 In
969 4721 1073 4778 XII
1084 4720 1367 4792 prophetas
1380 4718 1607 4771 minores
1620 4710 1985 4767 commentarii

401 4833 528 4895 cum
557 4816 807 4873 versione
822 4813 1011 4870 Jacobi
1043 4808 1298 4874 Pontani,
1322 4806 1478 4872 8.1.,
1509 4805 1605 4876 qui
1626 4804 1729 4859 hos
1758 4802 1971 4875 primus

398 4894 587 4969 Greece
607 4919 665 4966 et
684 4908 876 4965 Latine
901 4905 1152 4962 ediderat
1164 4898 1480 4972 Ingolstadii
1503 4914 1555 4954 a.
1575 4896 1713 4954 I605
1733 4894 1807 4970 [a.
1827 4894 1984 4961 I607,

399 5002 892 5081 apAIIambergen,
915 5005 972 5053 et
998 4996 1057 5050 in
1071 4992 1190 5050 Cat.
1219 4990 1343 5047 bibl.
1368 4989 1705 5061 Leidens.,p.
1733 4985 1847 5061 57],
1867 4986 1986 5053 fol.,

516 5096 526 5127 ὶ

463 5135 553 5209 (ᾧ)
579 5140 791 5198 Velseri
826 5137 1027 5209 Opera,
1053 5151 1111 5208 p.
1145 5135 1269 5209 652.

531 5199 548 5283 )
580 5212 697 5267 Hoc
716 5224 857 5283 opus
876 5199 949 5263 cx
966 5199 1189 5283 Georgii
1202 5202 1567 5283 :I‘rapezuntii
1577 5199 1980 5283 versione

402 5270 675 5344 ohio'veus
707 5270 891 5353 primo
926 5293 996 5353 e_x
1028 5270 1151 5353 cod.
1201 5270 1452 5353 Romano
1494 5273 1679 5353 edidit
1717 5288 1769 5353 a_.
1812 5270 1973 5353 I_508,

398 5342 603 5423 ῥοῆς»,
631 5342 729 5423 ap.’
754 5347 922 5423 Henr.
951 5345 1361 5423 Stephan.,__fol.
1396 5344 1461 5423 Υ.
1494 5343 1805 5423 Lambach._
1831 5342 1983 5423 an...

401 5410 862 5497 p.99,'et'supra
892 5410 1153 5497 inﬂant.
1189 5417 1351 5497 sunt.
1400 5414 1590 5497 Latin.
1631 5413 1843 5497 Deinde
1868 5410 1984 5497 Cli-

404 5480 590 5559 chtov.
615 5480 937 5561 recognovit
962 5488 1097 5561 illud
1125 5504 1180 5561 a_.
1203 5486 1362 5561 1520,
1393 5485 1895 5561 adjectisquatuor
1921 5480 1987 5535 li—

400 5555 519 5620 bris
539 5555 1007 5631 intermédiis,qui
1018 5555 1499 5631 desiderabantur,
1506 5570 1579 5631 ex
1598 5555 1988 5631 Qhrxsostomo

405 5644 461 5691 et
487 5633 610 5688 aliis
632 5620 898 5689 Patribus'
918 5620 1116 5687 éccles.
1149 5644 1179 5683 a
1216 5626 1572 5687 seieollectis.
1602 5620 1759 5682 Cani.
1789 5623 1858 5678 de
1886 5620 1983 5678 Ge.

407 5704 449 5759 Τ
456 5719 636 5829 ναυξκ.
637 5703 917 5831 laversione
955 5700 1089 5758 Zeni
1127 5699 1351 5754 Dissert.
1402 5696 1700 5763 I’osstante,
1740 5704 1872 5751 tom.
1917 5691 1984 5758 ll,

407 5789 527 5831 ικιςτ.
592 5816 603 5828 .
684 5790 805 5830 ΑΜ..

405 5789 527 5846 pag.
553 5789 603 5829 δ.
641 5789 805 5831 usus.

2016 4424 2336 4527 ἀπίεὶονίω
2383 4440 2738 4497 criticis-Novi
2782 4439 2943 4502 Test.,
2998 4452 3122 4507 pag.
3159 4433 3262 4490 529
3299 4440 3358 4487 et
3388 4430 3511 4485 574.
3556 4424 3665 4527 sed

2070 4532 2353 4605 lquoniam
2380 4531 2684 4588 Cliehtovei
2720 4530 3163 4601 supplementum
3203 4540 3236 4580 a
3278 4520 3463 4595 Cyrilli
3494 4518 3670 4589 ipsius

2086 4632 2254 4696 Opere
2276 4624 2333 4679 in
2347 4622 2523 4678 titulis
2541 4622 2809 4677 librorum
2834 4620 3079 4692 quidem,
3102 4616 3201 4674 sed
3224 4630 3335 4670 non
3352 4612 3668 4668 charactere

2089 4724 2347 4790 typorum
2376 4712 2465 4768 vel
2495 4712 2603 4768 alia
2630 4720 2760 4767 nota
2789 4726 2889 4782 per
2936 4709 3181 4781 singulas
3226 4704 3455 4777 paginas
3500 4713 3670 4770 agno-

2089 4804 2316 4870 scenda,
2344 4800 2611 4873 distingui
2640 4801 2775 4858 satis
2794 4792 3060 4871 contigit,
3091 4798 3225 4853 hinc
3259 4796 3463 4850 factum
3487 4799 3571 4846 est
3609 4797 3672 4844 ut

2090 4895 2253 4953 multi
2302 4893 2373 4967 (c)
2414 4891 2626 4949 incauti
2672 4906 2771 4962 pro
2810 4888 3125 4963 Cyrillianis
3169 4884 3461 4942 laudarent
3499 4879 3670 4967 verba

2090 4964 2424 5049 Clichtovei,
2456 4990 2621 5053 atque
2646 4978 2757 5035 illis
2785 4977 2854 5034 ad
2887 4974 3216 5057 stabilienda
3245 4987 3365 5035 sua,
3400 4983 3525 5042 qua:
3556 4964 3672 5021 vel-

2159 5125 2230 5199 (c)
2286 5124 2410 5199 Non
2453 5119 2732 5199 assentior
2761 5105 3674 5199 Theophiloultaynaudmﬂuijn

2083 5179 2480 5254 Erbt'ematibus
2508 5194 2571 5248 de
2609 5189 2756 5246 bonis
2786 5197 2835 5242 et
2863 5179 3018 5242 milis
3050 5179 3221 5245 libris,
3243 5194 3367 5254 pag.
3408 5180 3469 5232 I7
3479 5179 3509 5254 ξ
3530 5191 3670 5254 seq"

2083 5245 2783 5330 adirma'tZ'Iieuardentium
2809 5257 3079 5330 meditato
3094 5245 3450 5330 supposuisse
3472 5245 3675 5330 Cyrillo

2093 5315 2803 5401 iﬁi’ciiidiéi'iéiﬁéﬁqum
2829 5327 2910 5401 ibi
2953 5324 3143 5401 laudat
3164 5315 3286 5401 pro
3325 5315 3677 5401 immacttlata

2095 5385 2432 5478 §:"V_irvginis
2447 5385 2831 5472 ὧιὶὼῇύὶιιο.
2862 5397 3001 5454 Nam
3019 5385 3318 5452 Iacile'hoc
3345 5401 3458 5469 non
3479 5385 3677 5466 adver-

2095 5478 2233 5510 ..ι-,η
2263 5474 2581 5510 ηηηοςηαοη.
2601 5470 2796 5510 nnlnil,
2828 5463 3291 5510 nllnmadmndum
3314 5465 3545 5510 contum
3568 5455 3677 5510 Re-

2095 5463 2236 5534 tenti
2263 5463 2581 5545 ebutingere
2601 5463 2801 5543 potuit,
2828 5463 3291 5539 quemadmodum
3314 5463 3545 5527 contigit
3570 5463 3677 5510 Ite-

2096 5546 2384 5604 mensibus
2403 5553 2461 5600 et
2484 5541 2750 5605 Pamelio,
2780 5554 2919 5609 quos
2946 5535 3127 5609 arguit
3138 5531 3385 5609 Βοιωτέ.
3412 5525 3594 5609 Cocus
3620 5526 3678 5580 in

2096 5596 2675 5685 ignara—Scriptorum
2707 5596 2964 5685 ueterum,
3008 5596 3066 5685 ﬁ.
3096 5604 3312 5685 389‘,._et
3335 5599 3524 5685 Pentron
3536 5596 3681 5685 Minar-

2097 5661 3179 5758 {£7455E§§}§B§nait'eeiidr£upus
3199 5661 3299 5754 lib:
3317 5667 3464 5758 up:
3484 5661 3678 5758 ἓξὲξ-

2099 5700 2227 5758 ty‘n,
2250 5701 2414 5758 quem
2434 5700 2493 5739 re
2536 5700 2793 5740 renenatt
2811 5700 3179 5735 nenaruunus
3201 5700 3299 5751 ιιυἶ
3320 5700 3355 5725 ιι
3378 5700 3457 5723 νο
3484 5700 3542 5746 υ.
3566 5700 3677 5722 ινα-ν

2099 5700 2535 5823 ςὴανὶσιὶα,ο.2ἕ
2551 5752 2758 5809 Eodem
2770 5750 2992 5807 nomine
3018 5743 3467 5812 aliuminsngnem
3492 5750 3677 5795 virum
