4172 6448
349 291 422 346 57
1628 285 1918 344 NOTITIA
1956 288 2049 344 EX
2091 289 2428 347 FABIllCIO.
3604 292 3674 350 £8

351 407 518 472 libro,
589 402 748 462 titulo
796 403 1022 461 decimo.
1085 403 1266 472 Atque
1325 419 1399 466 vr,
1446 403 1502 468 5,
1573 405 1632 458 in
1689 403 1824 460 libro
1883 406 1974 475 qui
2003 415 2050 476 Α
2078 416 2189 471 tus,
2228 418 2290 462 ut
2321 409 2378 462 in
2403 407 2725 463 Bibliotheca
2760 409 3076 478 scriptorum
3121 404 3260 461 8.1.
3303 414 3492 461 narrat
3543 405 3676 460 Phl-

351 499 587 556 Scholia
641 499 860 560 dicitur,
908 497 1007 553 sub
1061 496 1238 560 titulo,
1281 515 1298 548 ι
1341 494 1617 561 Quomodo
1649 513 1786 551 unus
1817 495 1975 552 Chri-

353 604 496 649 stus.
530 611 550 656 ι
580 590 841 647 Andreas
903 588 1300 664 Samosatenus
1329 587 1475 659 apud
1513 589 1867 646 Anastasium
1922 589 1978 644 in

353 683 603 754 Hodego,
653 697 710 752 p.
779 680 908 744 514,
969 678 1066 734 καὶ
1121 678 1347 741 ὲνητοίς
1386 680 1799 749 γεγραμμένοις
1849 695 1978 748 σχο-

354 775 501 837 λῐοις
528 771 854 844 ἑρμηνεύων
883 772 978 825 τὸν
1007 773 1066 825 ὲν
1089 771 1164 842 τῷ
1195 771 1520 842 Εὑαγγελίῳ
1546 772 1814 843 στατῆρα.
1879 771 1976 827 (11η

357 876 519 922 tatur
541 865 712 922 etiam
748 865 802 920 in
853 864 1077 918 actione
1107 879 1146 917 ιι
1203 863 1428 919 concilii
1457 862 1818 928 Chalcedon.,
1846 872 1978 919 tom.

355 961 406 1015 II
439 959 613 1023 Binii,
639 975 695 1029 p.
724 957 848 1019 169,
882 965 940 1012 et
969 957 1041 1011 ab
1069 955 1216 1019 aliis,
1257 971 1498 1024 quorum
1525 956 1645 1012 loca
1679 956 1982 1012 Tillemon-

361 1051 485 1107 tius
511 1059 652 1104 tom.
700 1049 844 1112 XIV,
900 1063 957 1117 p.
997 1047 1123 1110 667,
1153 1055 1211 1102 et
1253 1045 1557 1102 Garnerius
1592 1055 1727 1102 tom.
1755 1048 1802 1103 ll
1829 1047 1983 1103 Marii

359 1141 715 1205 Hercatoris,
758 1155 813 1210 p.
877 1138 1005 1204 2l6,
1068 1145 1424 1196 annotarunt.
1476 1138 1579 1196 llic
1643 1139 1780 1195 illud
1833 1155 1974 1210 opus

363 1235 544 1291 etiam
591 1233 874 1304 integrum
930 1223 1129 1287 Latine
1194 1246 1263 1288 ex
1307 1247 1480 1295 mss.,
1529 1247 1653 1303 pag.
1709 1233 1818 1287 218
1855 1247 1982 1302 sq.,

363 1325 752 1390 emendatius,
801 1333 860 1381 et
899 1339 932 1379 a
969 1339 1026 1394 p.
1073 1323 1180 1378 258
1216 1324 1286 1378 ad
1317 1325 1417 1379 241
1469 1325 1674 1397 insigni
1709 1335 1865 1396 parte
1890 1341 1987 1380 au-

362 1419 519 1475 ctius
591 1418 847 1481 exhibet,
938 1431 1004 1473 ac
1087 1416 1398 1472 versionem
1475 1425 1743 1484 veterem,
1820 1432 1985 1488 quam

365 1511 551 1567 solam
611 1507 1234 1571 habemus,Mercatori
1295 1507 1559 1573 vindicat,
1629 1508 1776 1566 inter
1830 1508 1988 1578 cujus

360 1603 581 1673 scripta
620 1602 676 1658 in
705 1601 927 1658 duobus
951 1602 1240 1658 codicibus
1309 1601 1457 1657 illam
1510 1602 1717 1672 reperit
1761 1600 1861 1672 (a).
1928 1601 1988 1656 In

2081 500 2269 570 lippus
2305 501 2623 572 Alegambe,
2666 499 2857 572 Cyrilli
2881 501 3223 554 Izeortasticos
3259 501 3366 554 sive
3400 498 3676 570 paschales

2080 608 2370 657 sermones,
2392 611 2424 646 a
2445 610 2501 646 se
2523 592 2815 646 Latinitate
2839 592 3063 645 donatos
3070 592 3190 661 jam
3212 589 3360 661 prelo
3381 600 3675 660 promptos,

2080 683 2172 738 sed
2193 700 2349 738 suum
2397 692 2615 754 partum
2656 684 2970 754 suppressit,
3011 691 3070 735 ut
3097 683 3329 736 Antonio
3373 680 3675 744 Salmatiae,

2081 778 2174 844 qui
2206 777 2414 830 eosdem
2463 775 2841 838 transtulerat,
2909 775 3082 828 locum
3131 774 3306 827 daret.
3341 773 3617 828 Praeterea
3648 790 3678 827 a

2084 868 2350 925 Federico
2381 868 2563 932 Metio,
2597 867 2968 924 Thcrmulano
2996 866 3278 936 episcopo,
3320 865 3514 920 Latine
3548 882 3678 920 ver-

2084 977 2178 1018 sos
2208 962 2542 1018 Possevinus
2583 968 2873 1015 memorat.
2913 959 3286 1014 Numerantur
3317 959 3559 1014 homiliae
3576 958 3679 1012 tri-

2083 1057 2256 1127 ginta,
2310 1055 2407 1111 sed
2450 1055 2525 1109 ita
2574 1063 2636 1109 ut
2694 1053 2859 1108 tertia
2898 1051 3134 1107 deﬁcere
3183 1051 3422 1107 dicatur.
3475 1053 3682 1107 Paulus

2088 1165 2220 1205 vero
2242 1148 2512 1204 Guldinus
2541 1147 2596 1202 S.
2633 1147 2682 1203 J.
2745 1161 2813 1200 ex
2853 1144 3127 1199 mensium
3166 1145 3508 1214 paschalium
3549 1159 3681 1198 suc-

2087 1240 2336 1296 ccssione
2359 1240 2512 1294 visus
2544 1247 2630 1294 est
2677 1237 2782 1292 sibi
2837 1235 3124 1308 collegisse
3154 1235 3362 1289 nullam
3410 1235 3466 1288 in
3497 1234 3682 1288 medio

2087 1331 2416 1395 desiderari,
2466 1329 2565 1384 sed
2599 1345 2722 1399 qua:
2748 1336 2944 1398 quarta
2984 1334 3332 1391 numeratur,
3368 1325 3682 1381 habendam

2090 1425 2305 1480 ratione
2331 1421 2597 1494 temporis
2626 1437 2726 1493 pro
2758 1421 2943 1487 tertia,
2972 1429 3139 1492 atque
3161 1419 3238 1476 ita
3272 1419 3492 1490 insequi
3516 1427 3683 1474 ciete-

2091 1531 2182 1572 ras
2207 1515 2275 1570 ad
2306 1515 2556 1570 ultimam
2584 1530 2778 1584 usque.

2179 1630 2265 1701 ιβ’.
2303 1627 2802 1684 Ηοιιιὶὶίωᾱίγοτεεε
2831 1627 3116 1693 tredecim,
3155 1625 3343 1682 Graece
3383 1633 3439 1680 ct
3466 1624 3682 1679 Latine.

361 1691 1821 1815 ffiﬁi-‘bffdifoniﬁ":,diﬂfjfl“’li_“vfaﬁi}§ﬁ5;
1847 1691 1989 1815 (iar-
2023 1761 2061 1815 Β
2095 1725 2157 1780 Ρ.
2187 1691 2448 1786 550-116,
2479 1730 2534 1777 et
2565 1737 2673 1774 una
2706 1720 2922 1784 Latine,
2958 1719 3035 1772 De
3057 1691 3114 1772 eo
3146 1719 3288 1790 quod
3321 1718 3540 1773 Verbum
3589 1717 3688 1771 Dei

361 1788 611 1842 neriana
647 1788 704 1842 in
742 1786 850 1853 35;
899 1787 1134 1842 Photius
1169 1786 1292 1842 cod.
1335 1802 1491 1842 cum
1517 1786 1751 1843 divisum
1768 1785 1899 1856 legit
1929 1785 1985 1839 in

365 1879 557 1950 capita
587 1878 960 1949 undeviginti.

441 1969 514 2026 θ’,
549 1970 692 2041 Περὶ
739 1969 842 2039 τῆς
863 1967 1333 2040 ὲνανθρωπήσεως
1364 1967 1459 2021 τοῦ
1495 1965 1632 2020 Θεοῦ
1661 1967 1860 2034 Λόγου,
1892 1963 1986 2019 τοῦ

365 2060 511 2116 Υἱοῦ
542 2062 642 2116 τοῦ
674 2062 911 2132 Πατρός.
967 2061 1045 2126 De
1094 2062 1468 2116 incarnatione
1519 2060 1668 2118 Verbi
1703 2059 1831 2124 Dei,
1863 2058 1988 2114 Filii

368 2153 584 2214 Patris.
619 2155 684 2211 P.
740 2155 866 2221 801,
903 2154 1028 2210 802.
1057 2155 1259 2225 Incipit
1290 2173 1303 2208 :
1358 2155 1424 2207 Ἥ
1443 2153 1545 2222 τῆς
1582 2153 1736 2216 θείας
1767 2153 1991 2222 Γραφῆς

366 2245 648 2317 ὀρθοτὰτη
672 2245 872 2300 ἔννοια.
897 2245 960 2300 In
1008 2244 1219 2301 Latinis
1265 2243 1610 2299 editionibus
1662 2252 1844 2299 exstat
1868 2244 1992 2298 loco

370 2336 564 2407 primo
593 2335 739 2390 inter
777 2334 1056 2398 homilias,
1088 2349 1157 2388 ex
1189 2332 1500 2403 Wolfgangi
1540 2332 1771 2387 Musculi
1819 2331 1992 2386 inter-

371 2426 704 2497 pretatione
742 2443 756 2480 :
788 2424 888 2481 sed
915 2425 1202 2480 Aubertus
1223 2425 1468 2480 servavit
1503 2424 1842 2490 versionem,
1866 2437 1992 2478 cum

370 2530 490 2584 qua
526 2514 738 2585 legitur
773 2513 832 2568 in
866 2523 1025 2584 parte
1083 2528 1141 2567 ιιι
1183 2513 1376 2584 synodi
1410 2513 1741 2584 Ephesinae,
1803 2521 1937 2566 tom.
1972 2511 1996 2566 Ι

373 2607 553 2672 Binii,
588 2623 646 2678 p.
687 2607 813 2667 576.
844 2606 1006 2664 Fusa.
1029 2637 1096 2646 —
1121 2605 1181 2661 In
1217 2605 1387 2660 Mansi
1410 2607 1625 2661 collect.
1663 2606 1782 2669 cit.,
1810 2605 1877 2672 ν,
1938 2619 1993 2674 p.

375 2699 512 2766 169,
551 2701 677 2766 170,
712 2709 772 2755 et
809 2700 867 2754 in
894 2699 1190 2782 concilior.
1225 2698 1568 2770 generalium
1593 2697 1730 2753 edit.
1759 2697 1855 2753 Gr.
1889 2698 1999 2754 La-

376 2794 504 2848 tina
549 2792 841 2858 Vaticana,
891 2808 944 2847 a.
994 2791 1155 2856 1608,
1192 2799 1323 2844 tom.
1379 2789 1422 2854 I_,
1463 2807 1518 2860 p.
1551 2789 1771 2846 588.—
1797 2789 2002 2846 Vindo-

378 2884 555 2939 bonre
588 2885 649 2938 in
678 2884 804 2939 cod.
837 2883 1047 2939 Caesar.
1074 2881 1392 2947 LXXXlIX,
1420 2898 1477 2936 ιι.
1513 2883 1568 2947 5,
1601 2882 1679 2937 De
1718 2891 1863 2936 recta
1895 2881 2002 2951 fide

379 2975 524 3030 liber
559 2991 619 3041 ιι,
649 2973 720 3030 ad
760 2974 1165 3045 imperatriccs,
1203 2973 1260 3028 in
1287 2973 1357 3028 45
1384 2983 1544 3029 sectt.
1608 2973 1841 3040 divisus,
1885 2983 2001 3037 tum

380 3069 592 3133 oratio,
615 3067 687 3122 de
703 3083 814 3138 qua
845 3067 903 3120 h.
935 3067 973 3121 l.
1000 3081 1186 3122 sermo
1209 3075 1315 3128 est,
1353 3065 1432 3120 De
1454 3068 1825 3122 incarnatione
1850 3067 2002 3122 Verbi

381 3160 512 3228 Dei,
543 3168 608 3217 et
629 3159 796 3230 epist.
827 3158 897 3214 ad
925 3159 1228 3224 monachos
1256 3157 1475 3229 Egypti
1499 3175 1514 3225 ;
1541 3159 1652 3214 inc.
1715 3160 2002 3227 Ἀφίκοντο

389 3251 498 3322 μέν
531 3266 700 3314 τινες.
734 3249 986 3320 Denique
1021 3248 1212 3320 Cyrilli
1270 3249 1506 3320 epistola
1545 3250 1614 3316 ad
1658 3250 1999 3316 Nestorium,

385 3357 524 3396 cum
555 3343 800 3398 Nestorii
838 3344 1210 3413 responsoria.
1240 3344 1305 3399 V.
1359 3344 1618 3401 Lambec.
1649 3343 1760 3397 vol.
1801 3343 1893 3410 III,
1945 3357 2000 3412 p.

389 3433 522 3491 760.
556 3434 735 3490 Paris.
771 3434 829 3488 in
857 3434 922 3502 IV
957 3435 1121 3491 codd.
1159 3435 1294 3490 bibl.
1320 3436 1474 3506 publ.
1513 3436 1682 3492 Ηιιιιι..

471 3555 530 3603 ι’.
567 3549 880 3620 Συζὴτησις
908 3549 1040 3620 περὶ
1086 3549 1180 3604 τοῦ
1201 3550 1390 3604 αὐτοῦ.
1425 3550 1730 3622 Disputatio
1775 3550 2011 3621 ejusdem

396 3643 715 3714 argumenti
741 3657 842 3712 per
863 3641 1204 3711 quaestiones
1243 3650 1302 3698 et
1331 3643 1741 3713 responsiones,
1777 3659 1833 3714 p.
1877 3640 2011 3698 8024

400 3733 537 3790 804.
576 3733 785 3802 Incipit
811 3751 826 3787 :
857 3733 985 3797 Πῶς
1014 3735 1044 3787 ὁ
1066 3733 1200 3796 Θεὸς
1232 3734 1518 3806 ἀχώρητος
1541 3736 1820 3806 ὲχωρήθη.
1846 3735 2011 3791 Faue.

394 3825 610 3885 Incod.
633 3825 905 3882 Escorial.
936 3834 1082 3882 teste
1114 3825 1390 3893 Pluero,l.
1429 3843 1504 3893 c.,
1524 3844 1648 3900 pag.
1685 3829 1808 3885 164.
1843 3829 2014 3884 Πλιιι..

471 3917 619 3973 Tom
640 3917 688 3971 ν
711 3933 878 3972 psam
896 3933 1033 3972 ιι.-
1057 3923 1147 3972 ια’.
1168 3919 1330 3988 Λόγοι
1361 3921 1723 3991 ἐορταστικοί,
1745 3920 2016 3987 Ηοηιὶιίω,

399 4011 546 4078 sive,
565 4017 628 4065 ut
650 4010 722 4065 ab
746 4009 1061 4067 Alexandro
1085 4010 1502 4081 Hieropolitano
1534 4010 1607 4083 (b)
1648 4013 2018 4083 appellantur,

401 4102 675 4174 Episton
695 4102 971 4174 paschales
1009 4103 1478 4176 undetriginta,ab
1509 4106 1574 4160 A.
1597 4103 1660 4161 Ο.
1689 4105 1795 4160 414
1826 4105 1896 4160 ad
1918 4105 2024 4160 «115

403 4193 621 4248 habitae
648 4195 738 4249 vel
773 4194 843 4249 ad
870 4196 1153 4252 Ecclesias
1176 4196 1380 4261 missae,
1413 4197 1484 4251 ad
1533 4196 1897 4251 indicendum
1932 4210 2026 4250 so-

403 4285 598 4340 lemne
612 4285 916 4342 Paschatos
936 4296 1180 4358 tempus,
1206 4289 1356 4359 quod
1371 4287 1781 4358 archiepiscopi
1793 4288 2028 4342 Alexan-

407 4376 568 4432 drini
592 4377 674 4449 (c)
705 4376 951 4433 oﬁicium
995 4379 1168 4435 fuisse
1191 4389 1426 4436 constat.
1479 4381 1590 4435 Has
1617 4379 1845 4434 exhibet
1911 4378 2028 4433 Au-

2095 1818 2296 1888 factum
2325 1818 2393 1870 sit
2414 1817 2588 1878 homo,
2621 1829 2743 1882 qua:
2783 1813 2976 1882 incipit
3013 1811 3608 1882 :Profundumquidem
3638 1818 3689 1863 et

2095 1923 2390 1977 magnum;
2429 1913 2484 1959 et
2503 1905 2612 1975 jam
2661 1901 2947 1972 prodierat
2978 1900 3154 1956 Paris.
3212 1901 3370 1966 1515,
3429 1900 3486 1954 in
3541 1899 3592 1961 8,
3631 1913 3685 1968 p.

2094 1996 2355 2052 416-417.
2387 1995 2540 2050 Ilanc
2584 1991 2886 2049 Vulcanius
2923 2007 3144 2061 quoque
3201 1991 3514 2062 subjecerat
3546 1989 3691 2044 libro

2097 2098 2281 2144 contra
2303 2086 2894 2158 Anthropomorphitas,
2917 2101 2972 2154 p.
2995 2084 3093 2138 20l
3108 2127 3120 2138 .
3143 2083 3408 2138 IIomilias
3425 2081 3692 2152 quasdam

2096 2181 2286 2254 Cyrilli
2321 2189 2378 2236 et
2416 2178 2818 2252 Cbrysostomi,
2850 2179 3058 2234 Gallice
3089 2193 3118 2232 a
3170 2192 3228 2231 se
3268 2191 3478 2239 versas,
3518 2172 3694 2228 edidit

2097 2272 2358 2328 Morellus
2411 2270 2589 2325 Paris.
2634 2268 2791 2333 1601,
2826 2268 2882 2321 in
2941 2267 2992 2322 8.
3029 2267 3366 2329 Gennadius,
3398 2279 3448 2319 c.
3507 2263 3596 2327 57,
3623 2263 3695 2317 de

2098 2365 2341 2438 Cyrillo:
2378 2363 2640 2418 Homilias
2672 2363 2963 2433 composuit
3010 2359 3291 2431 plurimas,
3328 2373 3444 2428 qua:
3481 2356 3552 2409 ad
3601 2354 3694 2408 de-

2101 2457 2442 2513 clamandum
2474 2475 2506 2511 a
2553 2455 2770 2513 Grarcia:
2821 2454 3074 2524 episcopis
3116 2452 3384 2505 memoria:
3427 2463 3695 2502 commen-

2103 2548 2325 2603 dantur.
2363 2547 2526 2602 FABR.
2558 2576 2627 2586 ——
2666 2544 2868 2600 Oudin.
2891 2544 2931 2598 I.
2967 2559 3042 2607 c.,
3069 2541 3176 2596 col.
3232 2539 3392 2603 1040,
3434 2537 3502 2592 de
3532 2552 3696 2608 argu-

2102 2639 2307 2695 mentis
2335 2638 2676 2710 singularum
2702 2636 3080 2699 homiliarum,
3111 2642 3170 2688 et
3215 2647 3338 2702 qua:
3371 2630 3427 2684 in
3463 2627 3699 2684 Auberti

2104 2730 2194 2786 ed.
2225 2730 2465 2800 primum
2499 2729 2687 2785 Graece
2727 2729 2909 2784 lucem
2975 2735 3330 2798 aspexerunt,
3363 2725 3494 2795 agit.
3537 2753 3608 2763 —
3639 2722 3701 2776 In

2054 2857 2062 2863 -
2105 2820 2274 2875 variis
2306 2829 2492 2874 autem
2530 2819 2666 2874 bibl.
2727 2827 2945 2874 exstant
2987 2816 3176 2889 Cyrilli
3203 2815 3444 2870 homilize
3499 2828 3701 2868 manu-

2109 2909 2347 2980 scriptae.
2377 2910 2437 2964 In
2464 2908 2588 2964 cod.
2622 2908 2889 2963 Escorial.
2916 2905 3285 2960 llomiliarum
3348 2903 3700 2966 festivarum,

2110 3011 2330 3058 tomusr
2363 3011 2419 3058 et
2437 3019 2496 3068 ιι,
2517 3002 2583 3058 ν.
2603 3002 2784 3057 Pluer.
2805 3001 2841 3054 1.
2871 3015 3018 3069 c.,p.
3051 2998 3174 3052 165.
3208 2997 3386 3067 Atque
3410 3009 3480 3050 nc
3510 2995 3704 3049 charta

2113 3102 2472 3165 temporeque
2501 3095 2720 3158 abutar,
2755 3094 2812 3148 in
2845 3107 3048 3163 genere
3071 3099 3285 3146 tantum
3314 3086 3612 3159 quosdam,
3645 3086 3703 3139 in

2102 3188 2307 3258 quibus
2322 3187 2785 3243 servanturmodo
2800 3186 3008 3257 plures,
3026 3183 3190 3238 modo
3202 3181 3429 3252 singula:
3444 3174 3704 3244 homilite,

2107 3280 2270 3334 codd.
2302 3286 2399 3334 aut
2436 3279 2712 3349 catalogos
2745 3277 3005 3332 codicum
3031 3274 3333 3329 nominabo
3368 3290 3381 3326 :
3422 3271 3708 3325 Florentia:

2106 3370 2162 3425 in
2196 3371 2333 3446 bibl.
2388 3371 2649 3426 Laurent.
2709 3368 2905 3424 Medic.
2963 3367 3158 3423 obvios
3210 3365 3444 3420 Bandin.
3495 3371 3630 3417 tom.
3685 3358 3710 3415 I

2109 3460 2230 3518 Cat.
2255 3461 2407 3516 codd.
2436 3461 2531 3518 Gr.
2573 3460 2740 3514 Laur.
2782 3465 3037 3515 recenset
3073 3470 3362 3512 sermones
3404 3458 3460 3509 in
3519 3468 3712 3507 occur-

2111 3571 2229 3614 sum
2254 3553 2488 3618 Domini,
2524 3567 2580 3622 p.
2616 3551 2742 3615 M9,
2782 3567 2840 3605 ιι.
2873 3549 2964 3615 '52,
3017 3557 3074 3604 et
3124 3564 3180 3618 p.
3237 3546 3363 3610 442,
3416 3562 3475 3600 ιι.
3530 3543 3600 3610 8;
3655 3545 3712 3598 in

2115 3645 2642 3717 transﬁgurationem
2690 3643 2927 3708 Domini,
2983 3658 3038 3712 p.
3069 3641 3202 3705 455,
3252 3656 3310 3694 ιι.
3361 3638 3453 3694 25.
3484 3667 3555 3678 -—
3583 3636 3708 3692 Sec.

2117 3737 2237 3794 Cat.
2273 3736 2668 3808 codd.Angli¢e,
2699 3744 2832 3790 tom.
2859 3734 2904 3801 Ι,
2945 3734 3003 3796 in
3034 3733 3158 3789 cod.
3192 3732 3418 3789 Barocc.
3451 3746 3508 3784 ιι.
3537 3727 3626 3792 85,
3657 3733 3716 3781 et

2119 3831 2273 3895 alibi,
2336 3831 2418 3886 uti
2453 3831 2569 3902 jam
2630 3844 2798 3900 supra
2867 3827 3226 3882 notavimus:
3289 3824 3347 3879 in
3415 3821 3540 3877 cod.
3571 3819 3714 3874 Rob.

2122 3921 2487 3992 Iluntington,
2517 3937 2576 3975 ιι.
2609 3919 2770 3983 5819,
2803 3916 2921 3973 Cat.
2959 3915 3137 3981 Bodl.,
3191 3913 3319 3986 Cyr.
3347 3911 3590 3967 homiliae
3623 3907 3716 3972 44,

2121 4014 2376 4069 Arabice.
2410 4043 2484 4053 —
2509 4011 2685 4068 Paris.
2710 4011 2768 4064 in
2801 4009 2938 4064 bibl.
2973 4007 3128 4078 publ.
3156 4005 3307 4060 hom.
3348 4004 3405 4057 in
3443 4015 3719 4055 occursum

2123 4105 2340 4161 Domini
2390 4105 2448 4160 in
2491 4103 2672 4158 tribus
2718 4100 2922 4166 codd.;
2977 4099 3032 4152 in
3066 4094 3628 4165 transﬁgurationem,
3663 4090 3722 4144 in

2125 4193 2317 4249 decem
2346 4192 2545 4258 codd.;
2575 4193 2629 4246 in
2659 4207 2884 4253 caenam,
2945 4187 3002 4241 in
3039 4185 3257 4241 duobus
3307 4181 3505 4246 codd.;
3538 4181 3591 4234 in
3625 4195 3724 4249 pa-

2128 4284 2371 4341 rabolam
2399 4285 2582 4348 uineae,
2605 4283 2663 4337 in
2683 4281 2806 4336 cod.
2842 4277 3163 4342 DCCLXXI;
3189 4277 3244 4329 in
3265 4271 3642 4345 paralyticum,
3664 4270 3723 4324 in

2130 4378 2254 4434 cod.
2279 4375 2535 4442 MDXCV;
2565 4378 2620 4429 in
2642 4371 3088 4445 puriﬁcationem,
3120 4368 3178 4424 in
3207 4382 3257 4422 c.
3297 4361 3643 4428 MCLXXIII;
3665 4361 3724 4414 in

408 4469 613 4524 bertus
674 4485 800 4540 pag.
869 4471 1063 4536 1-550,
1121 4487 1191 4527 ex
1265 4473 1512 4528 editione
1579 4471 2028 4528 Graeco-Latina
2060 4490 2104 4545 ι)
2135 4469 2346 4525 laudem
2372 4469 2436 4523 Β.
2461 4467 2671 4531 Μαι-ἕω,
2710 4466 2766 4520 in
2796 4464 2979 4519 tribus
3018 4463 3221 4527 codd.;
3253 4469 3310 4515 et
3339 4475 3410 4515 ex
3462 4457 3726 4513 Vaticana

406 4561 654 4618 Antonii
688 4561 989 4629 Salmatim,
1017 4563 1312 4635 theologia:
1333 4565 1391 4620 in
1419 4564 1790 4622 Ambrosiano
1814 4563 2026 4619 Medio-
2121 4563 2260 4620 bibl.
2297 4562 2486 4634 plures
2516 4557 3021 4629 homilize,C0ptice
3055 4571 3166 4611 scr.
3195 4556 3262 4611 γ.
3291 4555 3527 4610 Recens.
3558 4549 3723 4606 codd.

407 4653 638 4709 lanensi
702 4653 937 4724 collegio
982 4653 1255 4720 doctoris,
1294 4673 1418 4727 qua:
1453 4673 1486 4713 e
1529 4659 1796 4715 Vaticano
1833 4658 2028 4716 codice

411 4759 552 4801 cum
592 4754 964 4808 commentar.
1031 4745 1090 4800 in
1138 4745 1261 4802 loca
1321 4749 1686 4804 Pentateuchi
1743 4749 2032 4820 prodierat

410 4837 700 4908 Antuerp.
736 4837 895 4903 1618,
936 4837 1034 4893 fol.
1067 4837 1169 4910 (Δ).
1194 4837 1447 4896 Habebat
1478 4840 1804 4898 etAndreas
1831 4841 2032 4898 Schot-

415 5040 583 5099 codd.
613 5039 710 5096 Gr.
745 5038 938 5110 Laur.,
965 5038 1011 5104 I,
1041 5051 1099 5110 ι).
1129 5036 1204 5095 59
1232 5054 1344 5110 sq.,
1368 5048 1428 5096 et
1449 5039 1572 5096 556.
1602 5037 1776 5110 ΒΑΜ..

416 5113 584 5240 ὤεα)
614 5111 727 5166 Sed
755 5109 1057 5166 Walchius’
1151 5125 1229 5175 c.,
1254 5109 1377 5182 pag.
1424 5111 1549 5193 68.0.,
1582 5109 1651 5164 de
1680 5111 1841 5192 libris
1869 5126 1901 5166 a
1925 5109 2035 5183 Cy-

520 5198 559 5237 ο
628 5190 829 5237 contra
873 5181 1196 5236 Nestorium
1251 5191 1594 5240 COIIIDOSlllS.
1635 5181 1853 5236 dubitat
1914 5197 2035 5236 eam

455 5179 574 5263 illo;
628 5190 829 5237 contra
873 5179 1196 5263 Nestorium
1229 5179 1594 5263 Aeor'npositis,
1635 5181 1853 5263 dubitat
1914 5179 2037 5263 eam

414 5253 752 5310 versionem
777 5266 900 5307 esse
930 5252 1149 5321 plenam
1191 5258 1357 5322 atque
1385 5252 1678 5322 integram,
1719 5260 1774 5322 et
1806 5260 2041 5306 annotat

414 5324 752 5379 versionem
801 5331 1050 5377 veterem
1097 5333 1318 5376 exstare
1388 5323 1444 5376 in
1498 5322 1670 5376 Mansi
1722 5321 2038 5376 Collectione

417 5393 708 5450 concilior.
760 5392 1116 5464 amplissima,
1146 5402 1282 5447 tom.
1302 5394 1366 5458 γ,
1401 5409 1524 5463 pag.
1559 5394 1682 5458 Ml,
1703 5393 1758 5456 2,
1782 5393 1836 5449 5.
1867 5393 2036 5447 Hann.

500 5465 588 5537 (ὁ)
605 5463 921 5518 Alexander
947 5463 1394 5537 Hieropolitanus
1425 5463 1654 5537 cpistola
1686 5464 1753 5518 ad
1773 5463 2034 5537 Acacium

420 5533 867 5605 Berrhoensem,
903 5533 1051 5605 apud
1105 5533 1294 5588 Baluz.
1345 5551 1401 5605 p.
1450 5533 1554 5589 762
1591 5534 1752 5589 Nova:
1813 5533 2031 5590 Collect.

421 5603 696 5661 concilior
725 5621 742 5659 :
775 5604 1032 5658 Lucidum
1059 5614 1134 5658 est
1161 5603 1369 5659 cuilibet
1404 5605 1592 5661 [menti
1639 5623 1759 5659 cum
1793 5606 2034 5659 veritatis

422 5621 696 5661 conciuor
725 5621 742 5659 :
775 5621 1032 5658 Lucraum
1059 5621 1134 5658 est
1161 5621 1369 5659 eumve:
1404 5621 1450 5657 te
1486 5621 1590 5658 ent:
1639 5623 1759 5659 cum
1793 5621 2034 5659 veritatis

422 5691 623 5730 amore
651 5674 896 5746 capitula
925 5675 1040 5745 ejus
1077 5674 1312 5747 (Cyrilli)
1344 5684 1394 5729 et
1421 5621 1677 5747 Egpistolw
1692 5677 1762 5730 ad
1782 5675 2037 5747 Hebraeos

423 5747 933 5808 interpretationem
979 5754 1026 5800 et
1059 5746 1308 5801 euistolas
1347 5746 1426 5801 vel
1462 5746 1690 5808 festivas.
1738 5746 1820 5801 vel
1875 5746 2032 5805 alias.

2125 4671 2258 4712 mss.
2297 4655 2392 4725 qui
2431 4670 2502 4710 ex
2554 4653 2814 4709 biblioth.
2854 4653 3032 4709 Vatic.
3072 4649 3530 4722 procuratoribus
3581 4644 3723 4700 Gall.

2128 4746 2534 4812 traditi'fuere,
2556 4763 2612 4818 p.
2645 4747 2715 4802 56
2745 4755 2802 4802 et
2833 4747 2924 4810 57,
2982 4763 3042 4801 ιι.
3077 4747 3180 4800 157
3211 4760 3277 4799 ac
3308 4742 3432 4806 160,
3457 4748 3515 4796 et
3551 4755 3608 4809 p.
3632 4736 3724 4802 58,

2128 4859 2187 4898 ιι.
2227 4841 2353 4897 164.
2385 4868 2457 4881 -
2485 4838 2716 4894 Taurini
2740 4838 2796 4893 in
2819 4838 2957 4893 bibl.
2989 4837 3182 4909 Regia,
3215 4834 3454 4890 sermoin
3469 4828 3728 4886 solemnia

2131 5047 2183 5096 et
2214 5041 2460 5094 universa
2492 5039 2607 5110 ejus
2638 5038 2959 5110 conscripta,
2971 5045 3097 5110 Aetc.

2205 5110 2275 5184 (c)
2299 5098 2532 5166 Similes
2557 5117 2773 5165 exstant
2815 5098 3056 5162 homiliae
3077 5105 3192 5159 sive
3219 5098 3466 5182 epistola
3494 5099 3699 5169 pascha
3723 5131 3730 5138 -

2130 5183 2213 5239 les
2236 5181 2528 5237 Athanasii
2562 5189 2620 5236 et
2647 5179 2938 5240 Theophili
2981 5177 3158 5237 Alex.,
3194 5181 3256 5226 ut
3287 5177 3538 5226 omittam
3591 5187 3736 5240 quas

2132 5196 2213 5239 les
2236 5196 2528 5237 Aluanasu
2562 5196 2620 5236 et
2647 5196 2938 5249 ‘l‘neopnm
2981 5196 3158 5237 Alex,
3195 5196 3256 5226 Ut
3287 5196 3538 5226 mutuam
3591 5196 3734 5240 quas

2132 5253 2380 5324 Dionysii
2417 5251 2570 5306 Alex.
2625 5258 2921 5324 memorat-
2940 5245 3265 5324 ἰλὶιιὲεῑὶιίιιε,⁸
3294 5240 3476 5324 Lucii.
3497 5239 3734 5324 Alexan-

2133 5311 2295 5378 drini'
2344 5324 2710 5392 Hieronymus
2761 5314 3284 5392 ο.νί1ίδᾷβαιαιοςὶ.
3331 5311 3535 5368 Confer
3563 5312 3733 5368 Tille-

2135 5402 2310 5450 mont.
2344 5403 2475 5448 tom.
2507 5387 2648 5456 XIV,
2678 5408 2732 5462 p.
2759 5391 2884 5454 269,
2931 5387 3057 5462 2'10.

2217 5464 2292 5537 (Δ)
2319 5465 2520 5537 Anton.
2550 5453 2823 5519 Salniatiae
2853 5453 3094 5537 prolegg.
3126 5456 3343 5537 erudita
3394 5453 3498 5537 Ell.
3524 5453 3599 5508 du
3631 5453 3734 5537 Pi_n

2144 5535 2199 5590 in
2222 5524 2941 5606 compendiumgcontraxit,
2971 5524 3182 5606 ctinde
3203 5527 3406 5606 Oudin.
3438 5524 3586 5606 1:13;,
3623 5524 3730 5578 col.

2145 5606 2283 5660 1055
2329 5594 2473 5677 εἲιιις,
2523 5604 2858 5677 verbotcnus
2915 5601 3234 5677 retulit,__et
3271 5599 3375 5654 col.
3438 5594 3574 5649 1056
3608 5609 3732 5677 sqq.

2143 5677 2251 5732 late
2272 5671 2625 5748 persequitur
2650 5673 2989 5747 singularum
3009 5671 3363 5729 homiliarum
3379 5672 3728 5738 argumenta.

2099 5822 2116 5836 ρ
2143 5748 2310 5804 lim.
