4172 6442
539 274 609 330 59
1774 278 2057 336 NO'I‘ITIA
2097 277 2193 334 nx
2230 270 2571 335 FABRICIO.
2740 252 2749 271 '
3741 274 3815 333 oo

539 384 784 443 Patmar.
810 397 868 444 et
894 389 949 444 in
984 387 1043 445 S.
1072 389 1328 458 Paulum,
1369 390 1426 446 in
1476 389 1638 447 codd.
1686 391 1835 448 LXX
1879 399 1937 449 et
1958 391 2118 450 CXV.
2150 407 2197 464 Α
2225 406 2309 462 sq.
2344 421 2416 434 —-
2447 388 2737 447 Nonnulla
2771 395 2902 444 sunt
2926 386 3223 445 Florentia
3250 386 3308 444 in
3345 386 3507 445 codd.
3543 387 3804 447 Laurent.

541 478 605 534 V.
624 477 804 536 ςαιαι.
833 481 984 537 codd.
1013 482 1105 540 Gr.
1125 482 1312 547 Tuum,
1340 498 1395 554 p.
1429 483 1530 539 I65
1570 492 1628 540 et
1662 483 1789 539 217.
1818 515 1888 525 -
1909 484 2120 541 Vindo-

539 569 700 627 bonte
727 572 783 627 in
809 572 945 628 bibl.
978 573 1178 630 Casar.
1204 575 1260 629 in
1306 574 1430 630 cod.
1455 573 1717 641 LXXVII,
1747 592 1803 630 ιι.
1827 575 1916 641 51,
1950 576 2119 647 quin-

540 676 648 731 que
698 662 960 731 homiliae,
988 673 1046 720 et
1090 681 1145 720 ιι.
1191 665 1282 731 40,
1333 667 1475 720 hom.
1515 666 1580 720 de
1615 665 1828 733 Paulo,
1861 667 2121 739 episcopo

538 750 831 817 Emeseno,
861 762 918 809 et
938 755 1284 810 deincarnat.
1303 755 1538 822 Domini,
1575 765 1632 812 et
1661 758 1933 828 posterior
1952 759 2121 813 etiam

540 843 596 898 In
626 844 750 899 cod.
797 844 1128 913 LXXXVIII,
1189 864 1249 903 ιι,
1311 848 1367 914 5,
1398 850 1457 903 in
1509 849 1703 921 festum
1744 850 2029 920 Puriﬁcat.
2063 850 2122 906 in

539 933 662 987 cod.
690 933 919 1000 CXLVI,
950 951 1008 990 ιι.
1038 937 1125 992 I7.
1165 937 1227 993 V.
1280 937 1541 994 Lambec.
1577 938 1900 1004 Comment.,
1932 940 2025 1006 III,
2060 956 2118 1011 p.

538 1020 800 1088 588—592,
833 1032 891 1079 et
915 1024 1020 1080 476
1075 1055 1148 1065 -
1176 1028 1257 1081 Ac
1281 1026 1391 1082 vol.
1440 1027 1506 1092 V,
1538 1044 1594 1098 p.
1629 1027 1754 1083 260.
1782 1059 1853 1068 —
1879 1028 1946 1083 In
1983 1031 2119 1100 virg.

536 1111 789 1179 Mariam,
833 1115 1034 1184 Ephesi
1093 1126 1286 1172 contra
1331 1117 1644 1175 Nestorium
1696 1118 1902 1174 habita.
1947 1119 2028 1173 Ib.
2065 1120 2122 1174 in

537 1192 647 1258 vol.
672 1204 808 1270 VIII,
843 1206 949 1260 col.
984 1206 1107 1261 820.
1138 1208 1198 1262 In
1235 1209 1319 1265 Jo.
1359 1209 1574 1264 Patusm
1602 1208 1976 1280 Encyclopwd.
2001 1210 2121 1279 plai-

538 1294 658 1360 ιοι.,
693 1296 802 1351 vol.
838 1297 905 1363 II,
959 1307 1044 1354 est
1074 1314 1131 1368 p.
1189 1299 1294 1354 522
1343 1298 1533 1370 Cyrilli
1583 1309 1769 1355 contra
1821 1299 2123 1355 Nestorium

534 1402 729 1452 sermo,
761 1387 945 1444 dictus
986 1389 1044 1444 in
1083 1389 1293 1462 synodo
1337 1389 1651 1460 Ephesina;
1693 1406 1816 1461 pag.
1888 1390 2012 1455 526,
2045 1390 2124 1445 De

539 1475 723 1531 Sotere
751 1489 931 1535 nostro
962 1480 1072 1535 Deo
1100 1490 1151 1535 et
1194 1483 1442 1549 homine;
1498 1493 1555 1538 et
1582 1499 1638 1554 p.
1660 1483 1786 1549 529,
1825 1483 1894 1539 de
1927 1483 2123 1539 eodem

539 1579 864 1640 argumento
922 1587 1106 1628 sermo
1164 1573 1350 1629 dictus
1390 1575 1595 1646 Ephesi
1646 1575 1702 1631 in
1732 1575 1978 1646 templo,
2029 1575 2122 1632 die

542 1659 601 1715 S.
635 1661 869 1718 Joannis
894 1664 1263 1735 evangelistte.
1287 1666 1456 1721 IIABL.

2220 481 2284 536 V.
2313 479 2545 537 Bandin.
2569 478 2689 536 Cat.
2715 479 2868 534 codd.
2889 479 3136 547 Laur.,I,
3163 495 3221 551 p.
3250 479 3374 547 I22,
3393 497 3450 536 ιι.
3485 478 3590 550 54ς
3611 481 3807 553 p.I29,

2220 588 2276 627 ιι.
2308 572 2418 640 22;
2455 588 2510 643 p.
2540 572 2665 638 5M,
2698 587 2755 626 ιι.
2787 571 2854 638 7;
2889 570 3002 625 vol.
3039 570 3106 637 II,
3138 587 3260 643 pag.
3315 572 3443 638 114,
3488 589 3549 629 ιι.
3581 573 3651 642 5;
3688 574 3810 645 plu-

2220 677 2314 719 res
2345 662 2403 716 in
2426 660 2588 717 codd.
2611 661 2820 732 Anglia:
2849 667 2909 716 et
2952 660 3181 716 Hibera.
3220 676 3333 717 sec.
3388 663 3550 719 catal.
3581 663 3639 719 in
3668 664 3806 719 bibl.

2220 752 2429 808 Bodlei.
2459 768 2517 807 ιι.
2555 752 2645 817 26,
2671 752 2759 817 85,
2790 751 2879 817 86,
2908 751 3072 822 epist.
3104 752 3384 808 canonica:
3414 769 3430 819 ;
3460 769 3519 808 ιι.
3547 753 3639 818 91,
3681 753 3805 819 142,

2222 844 2346 910 185,
2389 846 2548 911 1171,
2574 844 2732 912 1220,
2772 844 2930 900 I955.
2966 874 3038 884 —
3066 843 3222 899 Tom.
3254 844 3322 911 II,
3357 844 3506 901 inter
3533 845 3809 902 cod.Gale

2220 952 2279 992 ιι.
2310 937 2470 1003 5905,
2490 936 2712 1009 epistola
2736 938 2990 992 canonica
3009 951 3135 991 cum
3154 935 3403 1002 scholiis,
3427 944 3578 1008 etep.
3605 937 3677 991 ad
3693 938 3809 1008 epi-

2218 1035 2403 1100 scosz
2434 1030 2614 1101 Libyae
2656 1047 2721 1085 ac
2769 1029 3143 1101 Pentapoleos.
3182 1028 3521 1086 intercedi
3555 1029 3714 1094 Mori,
3747 1044 3804 1084 ιι.

2221 1119 2380 1175 9198.
2410 1150 2482 1160 -
2501 1120 2747 1185 Dublini,
2780 1136 2835 1174 ιι.
2868 1120 2972 1175 277
3003 1128 3060 1175 et
3085 1118 3211 1174 280.
3235 1149 3309 1159 -
3328 1118 3557 1173 Taurini
3584 1118 3642 1173 in
3667 1118 3803 1175 bibl.

2222 1209 2391 1281 Regia
2415 1210 2565 1281 epist.
2610 1210 2681 1264 ad
2725 1209 2994 1265 Damnum
3022 1218 3082 1266 et
3123 1210 3194 1265 ad
3241 1211 3471 1281 episcop.
3519 1209 3696 1281 Libyae
3756 1218 3809 1263 et

2222 1302 2503 1376 Pentapol.
2569 1304 2626 1359 in
2655 1303 2780 1361 cod.
2806 1302 2917 1369 CV,
2969 1318 3025 1374 p.
3055 1301 3157 1357 I97
3210 1300 3386 1358 Catal.
3419 1330 3492 1341 ——
3519 1300 3693 1357 Paris.
3749 1301 3806 1356 in

2222 1395 2468 1450 sedecim
2513 1393 2676 1452 codd.
2734 1392 2943 1449 Graecis
2995 1391 3132 1447 bibl.
3195 1390 3353 1462 publ.
3406 1389 3711 1447 secundum
3758 1389 3806 1445 II

2222 1487 2332 1542 vol.
2362 1486 2557 1553 Catal.,
2588 1495 2647 1541 et
2686 1500 2782 1541 sex
2835 1483 2953 1539 Lat.
2986 1487 3043 1538 in
3072 1491 3205 1540 tom.
3235 1482 3305 1537 III
3336 1497 3404 1538 ac
3446 1481 3535 1537 IV.
3570 1511 3642 1522 --
3672 1481 3806 1552 Epi-

2222 1578 2371 1634 stola:
2412 1579 2681 1632 canonica:
2726 1574 2822 1633 Gr.
2861 1584 2919 1631 et
2944 1566 3064 1630 Lat.
3115 1589 3243 1629 cum
3276 1573 3503 1630 scholiis
3528 1572 3808 1629 Theodori

2224 1669 2584 1736 Balsamonis,
2635 1669 2694 1725 in
2751 1668 2899 1725 Guil.
2965 1666 3247 1738 Beveregii
3307 1665 3561 1721 Pandect.
3613 1682 3805 1721 canon.

615 1756 703 1818 ιγ’.
732 1751 986 1823 Epistula:
1005 1754 1096 1809 LX
1115 1755 1302 1827 Cyrilli
1328 1765 1386 1812 et
1416 1758 1651 1812 aliorum
1677 1756 1864 1814 Graece
1890 1766 1947 1813 et
1971 1757 2124 1813 Lati-
2155 1751 2198 1805 Β
2226 1761 2402 1818 Oxon.
2452 1761 2610 1827 I672,
2669 1759 2790 1825 fol.,
2824 1768 2961 1815 tom.
3023 1758 3090 1825 II,
3124 1767 3268 1829 part.
3293 1773 3333 1823 ι,
3366 1772 3423 1827 p.
3465 1757 3568 1811 I76
3590 1772 3710 1827 sqq.
3737 1787 3810 1798 —

542 1837 677 1894 tino.
706 1840 835 1912 Pag.
872 1843 1060 1909 I-2l5,
1091 1846 1337 1916 exceptis
1377 1848 1587 1918 paucis,
1630 1863 1752 1917 qua:
1777 1847 1970 1903 Latine
2001 1856 2123 1902 tan-

543 1937 661 1984 tum
683 1933 911 2002 reperiri
934 1943 1254 2004 potuerunt,
1297 1938 1639 2009 deprompta:
1698 1954 1767 1994 ex
1810 1938 1964 1995 Actis
1989 1955 2123 1995 con-

541 2019 821 2087 ciliorum,
852 2022 1138 2093 Ephesini,
1168 2025 1638 2088 Chalcedonensis
1667 2027 1747 2100 [in
1796 2029 1937 2085 Bibl.
1968 2033 2120 2089 Patr.

541 2112 650 2165 vol.
684 2112 726 2177 I,
756 2128 811 2183 p.
844 2113 968 2180 415,
1002 2115 1089 2170 ed.
1140 2116 1363 2190 Paris.],
1394 2128 1500 2174 etc.
1525 2160 1539 2185 ,
1576 2129 1637 2174 ut
1668 2120 1808 2176 infra
1854 2123 1911 2178 iu
1943 2124 2124 2184 indice

539 2203 886 2273 alphabetico
927 2206 1299 2272 homiliarum,
1350 2210 1710 2279 epistolarum
1759 2223 1818 2268 et
1846 2215 2124 2272 minorum

538 2297 933 2364 opusculorum
990 2298 1180 2370 Cyrilli
1236 2300 1556 2357 distinctius
1608 2306 1983 2363 annotabitur.
2042 2311 2125 2365 Ex

538 2386 628 2464 his
663 2386 870 2443 Latina:
895 2389 1170 2446 editiones
1195 2390 1436 2460 Operum
1461 2392 1652 2464 Cyl-illi
1690 2396 1958 2453 exhibent
1999 2401 2121 2470 epi-

535 2479 706 2534 stolas
735 2478 980 2546 XXXIX,
1008 2497 1077 2536 ex
1104 2484 1362 2538 versione
1406 2485 1714 2558 Wolfgangi
1747 2488 1999 2545 Musculi.
2042 2492 2123 2547 Ex

533 2571 785 2643 epistolis
810 2571 995 2643 Cyrilli
1023 2574 1089 2629 ad
1109 2575 1420 2631 Nestorium
1443 2585 1499 2632 et
1520 2578 1786 2635 Joannem
1820 2580 2122 2639 Antioche-

538 2678 672 2715 num
712 2663 1022 2719 afferuntur
1054 2666 1302 2735 quaedam
1344 2666 1399 2721 in
1430 2678 1665 2738 partem
1697 2672 1918 2726 concilii
1955 2674 2120 2730 Chal-

537 2754 888 2822 cedonensis,
918 2764 1052 2811 tom.
1078 2758 1122 2812 II
1152 2757 1315 2824 Binii,
1344 2776 1401 2830 p.
1455 2760 1578 2815 549.
1609 2762 1770 2817 Ρειιιιι.
1807 2794 1878 2803 —
1902 2763 2153 2824 Ceiliier.

539 2845 596 2899 in
627 2863 639 2898 :
680 2845 912 2901 Histoire
938 2848 1027 2902 des
1060 2858 1276 2905 auteurs
1302 2850 1508 2917 ecclés.,
1560 2860 1693 2907 tom.
1722 2854 1810 2919 III,
1835 2871 1957 2927 pag.
1993 2857 2118 2925 288,

537 2936 662 2992 illas
690 2939 954 3009 epistolas
998 2939 1292 3012 diligenter
1324 2945 1636 3012 recensuit;
1675 2944 1876 3001 Oudin.
1899 2965 2122 3019 quoque

537 3030 579 3085 l.
608 3045 681 3096 c.,
719 3046 844 3103 pag.
884 3032 1020 3087 1040
1061 3049 1208 3103 sqq.,
1260 3033 1376 3089 LXI
1424 3034 1611 3107 Cyrilli
1670 3037 1952 3107 epistolas,
1986 3056 2122 3110 qua-

540 3137 663 3176 rum
696 3123 948 3193 plurima:
972 3125 1040 3179 ad
1057 3116 1344 3181 historiam
1374 3127 1592 3182 concilii
1643 3128 1905 3199 Ephesini
1928 3171 1943 3196 ,
1969 3140 2026 3187 et
2051 3133 2121 3188 ad

536 3211 913 3268 dissensiones
959 3212 1146 3285 Cyrilli
1206 3230 1330 3270 cum
1381 3215 1467 3271 Jo.
1504 3217 1843 3274 Antiocheno
1889 3221 2122 3292 aliisque

533 3303 915 3360 Orientalibus
965 3306 1264 3376 pertinent,
1303 3317 1612 3375 enumerat,
1639 3321 1698 3366 et
1738 3311 1807 3366 de
1841 3314 2123 3369 nonnullis

537 3396 786 3466 quaedam
831 3407 1086 3466 almotat;
1110 3399 1368 3470 denique,
1402 3420 1418 3451 ι
1447 3402 1646 3471 quibus
1679 3402 1988 3476 (epistolis),
2017 3407 2117 3472 ait,

539 3488 669 3543 addi
723 3489 936 3559 possint
979 3490 1099 3546 alia:
1145 3490 1287 3556 duae,
1340 3493 1600 3548 nimirum
1651 3496 1880 3565 epistola
1926 3497 2121 3570 Cyrilli

538 3581 692 3636 Alex.
726 3581 796 3636 ad
828 3580 1106 3652 Optimum
1125 3583 1440 3654 episcopum
1464 3627 1478 3651 ,
1512 3587 1568 3641 in
1610 3590 1778 3643 verba
1814 3588 2118 3658 Geneseos,

534 3673 720 3730 Omnis
762 3676 852 3745 qui
903 3673 1147 3729 occiderit
1190 3674 1346 3741 Cain,
1401 3680 1456 3731 in
1504 3680 1810 3751 septuplum
1847 3684 2117 3753 punietur,

538 3776 671 3830 etc.,
703 3765 799 3822 Gr.
841 3773 899 3820 et
954 3765 1070 3821 Lat.
1099 3766 1246 3822 edita
1288 3768 1341 3823 in
1386 3768 1642 3825 Chronico
1683 3771 1978 3827 Alrxandr.
2025 3774 2115 3829 ed.

539 3858 732 3913 Matth.
764 3859 1003 3925 Raderi;
1046 3860 1217 3916 altera
1240 3901 1255 3927 ,
1293 3861 1557 3933 inscripta
1588 3880 1601 3916 :
1642 3862 2119 3921 Commonitorium

536 3950 602 4004 de
616 3949 877 4017 Nestorio,
904 3952 1049 4021 quod
1075 3953 1281 4022 primus
1300 3955 1357 4008 in
1390 3956 1568 4009 lucem
1589 3956 1791 4011 extulit
1806 3956 2119 4028 Stephanus

538 4040 814 4107 Baluzius,
847 4040 941 4097 Gr.
969 4050 1027 4098 et
1059 4042 1179 4098 Lat.
1209 4045 1266 4098 in
1296 4043 1445 4098 Nova
1477 4042 1787 4099 collectione
1817 4048 2115 4116 conciliatu,

539 4131 713 4188 Paris.
748 4133 903 4198 I685,
940 4133 1060 4198 fol.,
1087 4150 1142 4204 p.
1167 4134 1304 4200 577;
1341 4135 1580 4205 denique
1623 4136 1871 4209 prologns
1909 4137 1968 4194 S.
2010 4139 2117 4212 Cy-

540 4223 652 4279 rilli
686 4241 780 4295 pro
805 4224 948 4297 cyclo
983 4241 1083 4282 xcv
1113 4242 1397 4290 annorum,
1416 4226 1608 4283 Latine
1634 4240 1847 4285 tantum
1870 4231 1941 4286 ab
1961 4230 2116 4304 Egi-

534 4316 631 4373 dio
656 4315 949 4383 Bucherio,
978 4318 1034 4375 S.
1059 4319 1133 4384 J.,
1159 4320 1264 4375 sub
1286 4319 1450 4375 linem
1477 4320 1872 4377 Commentarii
1914 4323 1972 4378 in
2009 4323 2118 4379 Ca-

2225 1855 2373 1911 lnter
2393 1870 2518 1925 epp.
2557 1861 2642 1909 est
2662 1868 2717 1923 p.
2743 1852 2846 1906 I74
2866 1850 2958 1906 ed.
2992 1865 3081 1920 ep.
3114 1848 3181 1904 ad
3218 1847 3513 1903 Maximum
3537 1847 3807 1918 aliosque,

2224 1959 2347 2015 quae
2377 1954 2465 2000 est
2493 1943 2638 2013 disp.
2671 1949 2866 1997 contra
2887 1955 2985 1995 eos
3008 1938 3387 1995 Occidentales
3407 1937 3501 2008 qui
3531 1936 3808 1992 Theodori

2224 2036 2426 2107 placita
2451 2048 2757 2091 consonare
2788 2047 2914 2088 cum
2940 2030 3198 2095 formula,
3243 2029 3527 2094 dicerent,
3561 2026 3686 2083 tidei
3715 2028 3810 2083 Ni-

2224 2142 2409 2193 caanaz,
2462 2134 2522 2182 et
2573 2126 2677 2181 sub
2739 2122 2964 2179 nomine
3006 2139 3019 2175 :
3069 2120 3343 2191 Expositio
3379 2121 3437 2173 in
3489 2117 3806 2191 symbolum,

2222 2226 2402 2274 exstat
2422 2218 2479 2273 in
2510 2217 2670 2273 codd.
2703 2224 2868 2287 atque
2899 2215 2956 2270 in
2984 2212 3155 2269 Mansi
3194 2210 3448 2277 Collect.,
3482 2218 3617 2275 etc.,
3671 2219 3804 2265 tom.

2224 2310 2290 2375 V,
2325 2325 2380 2380 p.
2411 2308 2537 2363 585.
2569 2309 2738 2364 ΗΑιιι..

2297 2402 2378 2456 ιδ’.
2422 2397 2881 2473 Προσφωνητικὺς
2919 2397 2990 2452 ad
3037 2397 3413 2465 imperatorem
3469 2391 3806 2447 Theodosium

2220 2485 2523 2558 Iuniorem,
2558 2493 2688 2560 περὶ
2716 2490 2817 2559 τῆς
2854 2489 3025 2562 ὀρθῆς
3056 2487 3315 2553 πίστεως,
3345 2485 3409 2539 de
3441 2493 3585 2538 recta
3612 2486 3667 2538 in
3696 2483 3807 2537 Do-

2223 2587 2427 2640 minum
2453 2581 2899 2639 nostrum-Iesum
2934 2578 3202 2635 Christum
3228 2577 3354 2646 fide.
3381 2576 3440 2631 P.
3472 2574 3627 2629 1-42.
3660 2572 3806 2629 Inci-

2220 2678 2341 2749 pit:
2370 2678 2482 2746 Τῆς
2516 2676 2616 2748 μὲν
2652 2676 2710 2728 ὲν
2744 2670 3052 2745 ἀνθρώποις
3094 2669 3347 2732 εὐκλείας
3393 2668 3455 2721 τὸ
3507 2665 3804 2721 ἀνώτατον.

2223 2769 2474 2840 Scriptus
2501 2767 2565 2822 A.
2600 2767 2662 2822 G.
2694 2766 2817 2820 450.
2852 2763 2988 2820 Vide
3021 2760 3429 2817 Tillemontium
3475 2767 3608 2814 tom.
3665 2756 3805 2822 XIV,

2222 2877 2277 2932 p.
2297 2861 2402 2916 540
2421 2877 2540 2931 sqq.
2566 2859 2625 2914 In
2656 2857 2866 2913 Latinis
2893 2853 3232 2911 editionibus
3254 2851 3494 2907 occurrit
3515 2851 3600 2906 Jo.
3626 2848 3806 2905 OEco-

2221 2953 2479 3024 lampadii
2511 2951 2913 3021 interpretatio.
2955 2947 3096 3004 Cum
3122 2947 3229 3002 alia
3251 2946 3504 3001 versione
3525 2945 3583 2999 in
3606 2952 3759 3014 parte
3789 2960 3808 2999 ι

2222 3046 2486 3100 Actorum
2512 3042 2731 3098 concilii
2756 3041 3044 3113 Ephesini,
3085 3040 3276 3095 Romae
3303 3037 3462 3103 I608,
3484 3045 3648 3107 atque
3679 3035 3807 3091 inde

2224 3135 2279 3189 in
2307 3134 2535 3187 Biniana
2571 3147 2624 3186 a.
2653 3131 2810 3197 1618,
2844 3139 2978 3185 tom.
3010 3129 3053 3195 I,
3087 3145 3143 3199 p.
3180 3127 3270 3193 20,
3304 3135 3469 3198 atque
3515 3126 3806 3182 Labbeana

2224 3222 2356 3279 tom“.
2404 3224 2492 3290 Ill,
2550 3240 2605 3294 p.
2662 3223 2752 3290 45,
2816 3222 3018 3277 citatur
3064 3220 3121 3275 in
3160 3219 3396 3276 concilio
3438 3235 3492 3274 vi
3519 3218 3745 3274 Actione
3774 3217 3801 3272 I

2222 3328 2280 3374 et
2314 3316 2399 3371 10.

2297 3418 2375 3464 ιε’.
2398 3407 2852 3487 ιΙροσφφωνητικδς
2871 3409 2991 3472 ταῖς
3011 3403 3428 3467 εὖσεὸεστάταις
3445 3400 3803 3474 βασιλίσσαις,

2222 3504 2368 3572 λόγοι
2400 3503 2465 3574 β’.
2495 3504 2642 3558 Libri
2686 3502 2789 3556 duo
2834 3502 2899 3556 de
2939 3510 3084 3556 recta
3112 3500 3219 3569 [ide
3262 3499 3333 3553 ad
3383 3497 3805 3569 religiosissimos

2223 3598 2455 3667 reginas,
2523 3594 2818 3652 Theodosii
2876 3593 3123 3651 Junioris
3176 3591 3483 3663 coniugem,
3538 3588 3807 3644 Liciniam

2222 3687 2547 3754 Eudoxiam,
2596 3700 2950 3755 sororesque,
2999 3682 3277 3737 Flacillam
3327 3688 3385 3734 et
3434 3679 3803 3735 Pulcheriam.

2222 3779 2336 3835 Sub
2371 3778 2516 3834 idem
2543 3787 2760 3848 tempus
2786 3775 2979 3846 scripti
3000 3788 3126 3829 cum
3157 3773 3460 3844 superiore.
3487 3772 3646 3828 Prior
3680 3788 3803 3844 pag.

2219 3871 2446 3926 42-127.
2472 3870 2673 3940 Incipit
2705 3868 3100 3940 Σεμνολόγημα
3128 3865 3228 3934 μὲν
3268 3866 3664 3936 οἰκουμενικόν.
3698 3863 3805 3919 Ρο-

2219 3962 2418 4016 sterior
2444 3977 2500 4033 p.
2535 3960 2794 4015 I28-I80.
2837 3956 3070 4027 Incipit:
3104 3956 3232 4020 Τοῖς
3253 3955 3315 4009 τὸ
3337 3955 3482 4008 θετον
3512 3954 3608 4009 καὶ
3642 3954 3807 4025 οὐρά-

2218 4068 2330 4105 νιον
2376 4049 2716 4123 ἱερουργοῦσι
2761 4051 3044 4120 κήρυγμα.
3092 4046 3346 4104 Citantur
3386 4061 3443 4116 p.
3476 4044 3546 4100 48
3568 4059 3651 4114 sq.
3686 4043 3805 4099 loca

2216 4141 2500 4197 Athanasii
2546 4144 2611 4195 ἐκ
2669 4140 2764 4194 τοῦ
2810 4138 2952 4208 Περὶ
3000 4124 3357 4206 σαρκὼάεως
3389 4136 3599 4203 λόγου,
3637 4134 3807 4189 Attici

2216 4233 2483 4304 episcopi,
2494 4232 2751 4287 Antiochi
2767 4229 3033 4302 episcopi,
3046 4226 3415 4300 Amphilochii
3435 4224 3677 4295 episcopi
3692 4225 3807 4278 Ico-

2216 4323 2317 4389 nii,
2331 4326 2395 4378 ἐκ
2412 4322 2506 4378 τοῦ
2527 4324 2665 4393 Περὶ
2684 4322 2794 4390 τῆς
2813 4321 2963 4376 κατὰ
2981 4319 3181 4389 σάρκα
3194 4314 3558 4389 γεννήσεως,
3584 4314 3806 4369 Ammo-

537 4424 740 4464 nonem
795 4411 1107 4481 paschalem
1175 4412 1417 4467 Victoris
1488 4412 1769 4483 Aquitani.
1839 4412 2109 4486 Antuerp.
2147 4430 2190 4485 ο
2221 4415 2328 4481 nis,
2372 4414 2618 4486 episcopi
2688 4411 3188 4483 Adrianopolitani,
3252 4408 3500 4472 Joannis,
3561 4406 3803 4477 episcopi

537 4495 696 4551 I655.
734 4518 752 4549 ι
788 4498 955 4564 Infra,
987 4515 1043 4553 ιι.
1076 4499 1198 4565 150,
1241 4501 1507 4556 asseritur
1537 4501 1711 4557 editio
1756 4518 1807 4557 a.
1858 4503 2014 4559 I65i.
2049 4536 2121 4545 —

536 4589 752 4645 Walch.
779 4606 999 4662 quoque
1024 4591 1081 4646 in
1101 4591 1240 4645 Hist.
1289 4593 1444 4657 Iuer.,
1478 4592 1543 4657 V,
1590 4593 1814 4662 passim,
1840 4609 1892 4651 e.
1926 4612 2031 4666 gr.,
2060 4614 2114 4669 p.

535 4681 642 4736 555
669 4697 776 4753 sq.,
802 4684 927 4749 556,
955 4683 1060 4739 558
1105 4692 1163 4738 et
1208 4683 1362 4747 alibi,
1389 4683 1446 4738 in
1490 4685 1687 4754 primis
1712 4702 1834 4759 pag.
1859 4688 2115 4757 582-410,

537 4773 879 4844 frequentem
910 4775 1267 4845 epistolarum
1296 4775 1484 4847 Cyrilli
1524 4776 1658 4832 facit
1694 4782 2027 4837 mentionem
2049 4784 2118 4840 ad

538 4865 916 4922 illustrandam
944 4867 1231 4922 historiam
1265 4868 1539 4933 haereseos
1584 4870 1942 4929 Nestorianaz.
1963 4874 2119 4930 Man-

536 4956 654 5012 sius
680 4958 735 5011 in
770 4956 989 5013 Collect.
1008 4956 1194 5011 concil.
1219 4957 1484 5029 ampliss.,
1510 4968 1640 5014 tom.
1664 4961 1731 5016 IV
1744 4969 1802 5017 et
1823 4962 1888 5028 V,
1908 4964 2120 5034 recepit

534 5064 631 5104 cas
680 5065 803 5119 quae
857 5048 925 5103 ad
967 5050 1398 5105 controversiam
1451 5050 1637 5123 Cyrilli
1699 5068 1823 5107 cum
1862 5054 2119 5109 Nestorio

537 5141 834 5211 pertinent.
860 5139 1026 5204 Add.,
1053 5141 1162 5196 vol.
1203 5142 1244 5208 I,
1283 5159 1335 5212 p.
1378 5142 1500 5210 700,
1533 5143 1711 5210 XLV;
1777 5143 1846 5202 de
1879 5145 2117 5201 Combe-

537 5232 643 5286 lisii
672 5230 809 5285 edit.
841 5230 1078 5296 Maximi,
1108 5231 1213 5286 vol.
1241 5232 1374 5298 VIII,
1396 5250 1450 5305 p.
1483 5234 1579 5289 741
1610 5243 1720 5290 vet.
1757 5235 1870 5299 ed.,
1901 5245 1956 5289 et
2001 5235 2113 5290 vol.

535 5323 629 5389 IX,
662 5324 730 5379 de
763 5324 977 5388 Photio,
1009 5341 1064 5395 p.
1101 5325 1223 5391 595,
1262 5325 1395 5392 LIV,
1456 5336 1565 5382 vet.
1587 5327 1679 5382 ed.
1715 5359 1786 5368 -—
1815 5328 1876 5382 In
1926 5328 2118 5385 multis

535 5415 709 5471 codd:
751 5426 982 5472 servatae
1037 5429 1166 5475 sunt
1197 5420 1466 5490 epistolae,
1515 5434 1666 5475 nunc
1710 5419 1921 5489 plures,
1968 5436 2118 5478 nunc

534 5507 845 5578 pauciores,
879 5518 975 5566 aut
1031 5527 1138 5565 una
1191 5512 1451 5566 alterave.
1496 5511 1573 5565 De
1624 5509 1785 5565 codd.
1852 5510 2117 5567 Caesareis

536 5597 872 5656 Vindobona:
897 5601 961 5656 V.
992 5602 1247 5658 Lambec.
1280 5601 1598 5665 Comment,
1625 5601 1678 5655 in
1711 5600 1880 5665 indic,
1908 5601 1975 5656 ad
2003 5603 2109 5657 vol.

535 5689 627 5757 III,
665 5691 730 5746 IV
756 5702 810 5749 ct
838 5696 975 5764 VIII,
1011 5704 1105 5752 aut
1156 5694 1385 5751 Nessclii
1442 5693 1619 5750 Catal.
1665 5694 1717 5749 in
1761 5694 1899 5761 ind.,
1942 5711 1996 5763 p.
2045 5693 2114 5750 ﬂ

2220 4506 2721 4577 Constantinopol.,
2758 4504 3042 4562 Severiani
3064 4501 3331 4572 episcopi,
3358 4500 3550 4555 Vitalis
3585 4500 3801 4571 episco-

2219 4599 2297 4670 pi,
2337 4600 2402 4651 ὲκ
2428 4596 2526 4650 τοῦ
2551 4596 2692 4664 Περὶ
2723 4598 2985 4658 πίστεως
3014 4591 3196 4660 λόγου,
3249 4599 3308 4645 et
3346 4590 3640 4661 Theophili
3679 4591 3802 4661 epi-

2218 4690 2392 4760 scopi,
2420 4690 2485 4741 ὲκ
2513 4686 2608 4741 τοῦ
2636 4682 3089 4756 προσφωνητικοῦ
3111 4681 3270 4752 λόγου
3298 4682 3447 4750 πρὸς
3474 4681 3619 4749 τοὺς
3656 4698 3803 4751 φρο-

2219 4783 2479 4847 νοῦντας
2500 4781 2572 4835 τὰ
2604 4777 2958 4849 Ὠριγένους.
2994 4776 3055 4832 ιιι
3083 4775 3294 4830 Latinis
3333 4773 3675 4829 editionibus
3705 4790 3801 4828 oc-

2219 4874 2398 4930 currit
2420 4872 2505 4927 Jo.
2534 4869 2950 4940 OEcolampadii
2978 4866 3380 4938 interpretatio.
3409 4865 3497 4937 [ν.
3531 4881 3694 4937 supra
3732 4865 3802 4919 ad

2218 4963 2245 5033 §
2270 4962 2339 5017 III
2361 5002 2375 5027 ,
2408 4962 2476 5016 de
2503 4961 2664 5017 editt.
2700 4958 2849 5032 Lat.]
2878 4958 2984 5015 Sed
3015 4957 3295 5013 Auhertus
3329 4955 3569 5011 servavit
3589 4956 3800 5012 versio-

2219 5069 2346 5108 nem
2375 5068 2609 5122 quacum
2638 5052 2847 5107 bilibri
2874 5051 3129 5121 prodiere
3173 5049 3432 5119 inparte
3473 5063 3492 5101 ι
3535 5049 3801 5102 Actorum

2219 5144 2437 5199 concilii
2466 5143 2752 5214 Ephesini,
2786 5141 2923 5198 edit.
2965 5141 3210 5196 Binianse
3255 5139 3399 5212 (qua;
3415 5139 3527 5211 jam
3554 5137 3689 5193 mihi
3730 5138 3798 5192 ad

2219 5232 2460 5305 manus),
2484 5243 2618 5289 tom.
2656 5234 2699 5300 Ι,
2729 5250 2786 5304 p.
2819 5232 2889 5287 45
2921 5239 2980 5286 et
3001 5230 3091 5285 90.
3122 5228 3379 5285 Citantur
3407 5228 3476 5283 ab
3502 5228 3800 5298 Ephraimo

2217 5337 2275 5383 et
2307 5326 2537 5396 Eulogio
2562 5326 2708 5397 apud
2750 5324 3008 5381 Photium
3053 5321 3177 5377 cod.
3209 5336 3422 5385 ccxxtx,
3463 5336 3652 5384 ccxxx,
3677 5330 3736 5375 et
3754 5335 3799 5375 .a

2219 5420 2406 5476 Leone
2428 5419 2500 5473 Μ.
2527 5418 2765 5490 cpistola
2797 5417 2920 5472 154.
2946 5417 3182 5471 ΕΑΒιι.-
3197 5413 3355 5471 Conl.
3377 5413 3592 5469 Walch.
3641 5412 3678 5468 1.
3721 5428 3795 5477 c.,

2218 5511 2461 5586 pag.SSI
2478 5509 2979 5582 sq.——Vindobonae
2998 5508 3055 5564 in
3079 5507 3353 5564 cod.Czes.
3379 5505 3711 5571 LXXXVIII,
3736 5524 3792 5563 ιι.

2216 5604 2271 5669 5,
2294 5604 2371 5658 De
2396 5612 2542 5658 recta
2583 5602 2688 5673 ﬁde
2714 5602 2856 5658 liber
2896 5600 3174 5658 secundus
3204 5599 3273 5654 ad
3311 5597 3710 5669 imperatrices,
3739 5597 3792 5653 in

2217 5695 2578 5767 quadraginta
2643 5695 2745 5751 tria
2788 5694 2968 5767 capita
3023 5691 3269 5757 divisus;
3321 5697 3486 5762 atque
3536 5690 3799 5748 Lambec-
