4172 6456
573 287 648 344 ea
1046 261 1060 273 ’
1816 281 2098 338 NOTI'I'IA
2139 280 2180 335 E

2284 276 2611 334 FABRICIO.
3785 267 3855 318 Μ

578 409 635 456 et
665 399 734 456 de
760 400 884 472 ejus
906 396 1234 470 epistolaad
1273 396 1466 454 Mariii.
1504 395 1562 450 in
1620 393 1792 450 Mansi
1838 393 1965 449 coll.
2027 399 2162 447 toni.
2194 396 2238 453 Α
2267 390 2371 449 reti
2385 385 2825 463 .objectionibus,
2862 397 2928 438 ac
2960 380 3181 436 demum
3215 376 3407 472 Cyrilli
3441 374 3858 472 defensionibus

578 491 694 556 VII,
723 507 778 562 p.
808 491 914 546 545
940 506 1048 560 sq.,
1084 490 1143 545 in
1167 505 1275 560 qua
1304 488 1487 547 minus
1535 487 1695 557 plene
1743 484 2037 556 exponitur
2074 484 2162 538 hi-

578 582 751 649 storia
774 582 1079 639 turbarum.
1106 580 1270 635 Plura
1293 578 1361 633 de
1378 578 1500 648 ejus
1520 575 1649 631 fatis
1673 584 1862 630 narrat
1881 572 2165 630 Asseman.

583 671 640 727 in
669 656 806 727 Bibl.
836 669 1040 726 Orieut.
1080 677 1212 724 tom.
1240 668 1283 731 I,
1304 683 1360 738 p.
1387 666 1489 721 I99
1525 681 1646 737 sqq.
1681 665 1850 721 Hann.

654 769 747 834 ιη’.
782 760 1202 832 Ἀπολογητικὸς
1250 760 1391 831 ὑπὲρ
1432 758 1541 812 τῶν
1595 758 1801 812 δώδεκα.
1858 754 2171 825 κεφαλαίων

583 853 722 924 πρὸς
762 852 889 915 τοὺς
912 852 1014 921 τῆς
1070 851 1359 922 Ἀνατολῆς
1395 850 1750 915 ἐπισκόπους,
1783 848 2172 920 Apologeticus

582 958 684 1015 pro
739 943 835 998 XII
885 942 1140 1014 capitulis
1194 943 1460 1005 adversus
1521 942 1813 998 orientales
1862 942 2169 1012 episcopos,

584 1047 821 1105 quorum
847 1034 1073 1089 nomine
1102 1034 1348 1091 Andreas
1394 1034 1784 1090 Samosatenus
1833 1034 2174 1105 objectiones

583 1126 881 1196 scripserat
904 1142 960 1196 p.
998 1125 1287 1181 157-200.
1340 1127 1400 1182 In
1441 1126 1652 1183 Latinis
1691 1125 2032 1182 editionibus
2071 1140 2169 1180 ex-

583 1224 694 1277 stat
720 1217 1029 1289 Wolfgangi
1061 1218 1292 1275 Musculi
1325 1218 1722 1289 interpretatio,
1761 1217 1963 1273 additis
2003 1218 2169 1273 etiam

582 1306 709 1362 aliis
740 1307 1025 1363 nonnullis
1051 1323 1122 1363 ex
1150 1306 1304 1363 Actis
1342 1308 1559 1362 concilii
1613 1307 1896 1378 Ephesini.
1940 1308 2013 1362 At
2055 1307 2171 1363 Au-

586 1393 781 1450 bertus
817 1396 1014 1463 edidit,
1049 1398 1128 1453 uti
1157 1396 1343 1454 Graece
1364 1405 1421 1453 et
1453 1397 1646 1452 Latine
1687 1398 1888 1468 legitur
1927 1397 1984 1452 in
2020 1407 2175 1468 parte

588 1498 645 1537 iii
696 1483 963 1543 Actorum
1028 1486 1221 1557 synodi
1273 1485 1582 1555 Ephesinae,
1651 1493 1783 1541 tom.
1829 1486 1851 1541 I
1902 1486 2068 1553 Binii,
2116 1502 2171 1557 p.

585 1562 693 1626 3I8
715 1572 815 1645 (α).
843 1573 1037 1631 Exstat
1056 1583 1114 1629 et
1141 1590 1269 1631 cum
1296 1574 1451 1631 Marii
1474 1574 1792 1629 Mercatoris
1817 1575 2071 1630 versione
2117 1575 2174 1630 in

585 1662 879 1719 Mercatore
904 1664 1179 1733 Garnerii,
1214 1674 1349 1721 tom.
1382 1666 1450 1733 II,
1481 1682 1602 1738 pag.
1637 1666 1758 1721 152.
1806 1666 2070 1738 Cyrillum
2116 1669 2172 1722 ὲν

586 1757 656 1827 τῇ
734 1755 873 1828 πρὸς
926 1757 1303 1822 Ἀνατολικοὺς
1350 1736 1608 1828 ὲπισέεοὶξῇ
1655 1736 1864 1813 ιδυᾱθῐ
1914 1758 2177 1830 Ephraim
2211 1736 2249 1790 Β

587 1848 735 1919 apud
768 1849 1026 1916 Photium
1044 1848 1165 1904 θοὰ.
1192 1865 1402 1913 ccxxix,
1421 1865 1476 1921 p.
1503 1849 1627 1915 422,
1650 1849 1775 1917 425,
1802 1850 1926 1905 451.

665 1939 750 1994 ιϐ’.
805 1941 948 2013 Πρὸς
975 1940 1074 2012 τὴν
1101 1942 1251 2012 παρὰ
1286 1941 1636 2013 Θεοδωρήτου
1664 1943 1804 1996 κατὰ
1835 1941 1943 1995 τῶν
1971 1941 2179 2005 δώδεκα

589 2028 901 2098 κεφαλαίων
935 2030 1276 2103 ἀντίρρησιν,
1308 2030 1570 2085 Adversus
1598 2030 2048 2101 impugnationem
2075 2030 2177 2086 XII

589 2120 948 2192 capitulorum
998 2139 1032 2176 a
1081 2121 1387 2177 Tlieodorito
1470 2121 1689 2185 editam,
1751 2121 2030 2191 praemissa
2109 2122 2177 2177 ad

587 2210 883 2282 Evoptium
940 2210 1012 2284 (ὁ)
1063 2207 1251 2285 Cyrilli
1295 2216 1546 2287 epistola,
1597 2226 1655 2272 et
1714 2217 2041 2273 Theodoreti
2111 2218 2179 2272 ad

585 2302 855 2359 Joannem
878 2304 1320 2374 Antiochenum;
1348 2324 1451 2364 nec
1473 2325 1583 2363 non
1630 2309 1877 2380 ejusdem
1923 2310 2179 2365 Theodo-

588 2393 692 2448 reti
723 2395 1025 2466 ἀνατροπῇ,
1057 2397 1172 2452 sive
1204 2400 1613 2470 Oppugiiatione
1636 2400 1855 2455 illorum
1886 2400 1981 2456 XII
2028 2403 2179 2473 capi-

590 2484 854 2551 tulorum,
881 2502 935 2557 p.
975 2488 1237 2542 200-240.
1267 2490 1327 2544 In
1372 2490 1585 2546 Latinis
1634 2491 1972 2547 editionibus
2005 2501 2183 2549 exstat

586 2589 620 2629 e
646 2576 902 2633 versione
934 2578 1092 2634 Joan.
1125 2579 1561 2652 OEcolampadii,
1589 2583 1693 2647 sub
1744 2584 1904 2639 titulo
1949 2583 2070 2641 libri
2112 2586 2183 2641 ad

591 2662 899 2737 Euoptium.
946 2667 1083 2723 Cum
1118 2669 1210 2724 illa
1255 2672 1506 2728 versione
1541 2673 1781 2745 primum
1821 2674 2001 2730 lucem
2043 2677 2184 2731 vidit

590 2755 651 2810 in
675 2755 921 2815 Antidota
957 2760 1203 2816 adversus
1235 2764 1476 2831 liazreses,
1518 2765 1683 2821 Basil.
1718 2766 1876 2832 1528,
1926 2767 2021 2821 fol.
2074 2767 2183 2823 Sed

590 2847 868 2904 Aubertus
908 2853 1149 2921 praetulit
1185 2855 1516 2923 versionem,
1553 2873 1790 2928 quacum
1836 2859 2079 2914 occurrit
2126 2860 2183 2925 in

593 2948 747 3009 parte
772 2957 804 2994 ν
824 2941 1087 3001 Actorum
1109 2946 1329 3001 concilii
1356 2948 1640 3018 Ephesini,
1666 2957 1799 3005 tom.
1832 2951 1852 3005 I
1882 2950 2025 3005 Binii
2056 2967 2179 3023 pag.

2273 498 2318 539 s.
2346 480 2659 552 responsis;
2692 478 2760 534 de
2785 491 2896 547 quo
2929 473 3052 530 cod.
3080 474 3146 529 V.
3175 470 3407 527 Bandin.
3445 470 3482 525 Ι.
3512 485 3587 535 θ.,
3618 484 3672 541 p.
3729 469 3857 534 544,

2271 575 2367 645 qui
2398 578 2644 637 annotat,
2675 567 3042 641 objectionem
3091 565 3323 636 primam
3375 571 3584 634 septem
3638 562 3861 616 circiter

2269 680 2469 741 versus
2497 663 2657 739 initio
2692 661 2998 731 longiorem
3030 672 3150 713 esse
3176 656 3232 712 in
3256 655 3484 720 codice;
3513 653 3701 725 Cyrilli
3726 667 3860 711 vero

2271 757 2686 828 responsionem
2710 754 2980 810 decimam
3018 765 3142 805 esse
3172 749 3230 802 in
3262 746 3370 802 fine
3399 746 3737 817 longiorem;
3760 759 3860 798 ex-

2272 858 2448 914 trema
2489 864 2611 906 esse
2652 830 2840 919 Cyrilli
2879 840 3216 899 defensionis
3261 847 3455 894 contra
3497 836 3859 893 Orientalium

2272 942 2649 1014 obiectiones;
2692 936 2977 994 undecimi
3003 933 3245 1002 denique
3277 946 3341 985 ac
3375 927 3690 1011 duodecinii
3723 943 3859 982 ana-

2274 1033 2611 1091 thematismi
2635 1031 2975 1102 objectiones
3001 1041 3066 1081 ac
3091 1022 3445 1080 defensiones
3474 1035 3586 1074 non
3610 1034 3732 1074 esse
3765 1033 3864 1074 eas

2276 1143 2398 1198 quae
2423 1127 2682 1197 leguntur
2708 1123 2764 1177 in
2796 1122 2885 1177 ed.
2918 1115 3148 1174 Auberti
3182 1122 3294 1170 tom
3343 1111 3434 1177 VI,
3481 1127 3537 1181 p.
3597 1108 3860 1173 256-240,

2276 1220 2373 1279 sed
2394 1235 2517 1290 quae
2538 1224 2754 1274 exstent
2781 1215 2838 1270 in
2866 1209 3221 1284 Apologetico
3245 1207 3511 1263 adversus
3534 1201 3862 1269 Orientales,

2275 1326 2330 1385 p.
2361 1309 2616 1364 l90—l98.

2310 1388 2683 1456 ’Vindobonaa
2712 1397 2770 1452 in
2796 1395 2920 1452 θοὰ.
2958 1391 3219 1457 LXXVII,
3259 1390 3317 1445 in
3342 1403 3452 1461 quo
3490 1388 3680 1460 plures
3730 1395 3866 1442 sunt

2273 1493 2461 1566 Cyrilli
2504 1492 2846 1560 aliorumque
2890 1486 3156 1558 epistolae,
3197 1483 3266 1538 ad
3317 1483 3461 1537 hanc
3514 1478 3863 1550 potissimum

2274 1583 2702 1640 controversiam
2733 1580 3098 1652 pertinentes,
3133 1584 3191 1632 et
3218 1575 3410 1646 plures
3433 1570 3652 1628 concilii
3680 1570 3867 1640 Ephe-

2277 1674 2384 1728 sini
2408 1672 2700 1728 relationes
2730 1671 2795 1726 ad
2831 1671 3209 1739 imperatores,
3243 1672 3408 1734 atque
3453 1661 3696 1733 epistolae
3726 1660 3866 1715 alia-

2279 1780 2386 1836 que
2438 1763 2720 1835 opuscula.
2768 1762 2994 1832 Legitur
3046 1775 3104 1812 ii.
3152 1756 3222 1812 48
3265 1755 3457 1827 Cyrilli
3501 1753 3734 1826 epistola
3796 1750 3864 1806 ad

2278 1857 2575 1929 Evoptium
2622 1864 2814 1912 contra
2866 1850 3203 1909 Theodoreti
3254 1847 3721 1919 impugnationem
3772 1842 3869 1899 XII

2278 1948 2889 2010 anathematismorum,
2924 1959 2989 2000 ac
3025 1959 3084 1997 n.
3109 1941 3199 2007 49,
3232 1939 3424 2011 Cyrilli
3454 1937 3549 1992 XII
3572 1935 3868 1991 Anathem.

2279 2050 2473 2099 contra
2494 2040 2833 2105 Nestorium,
2864 2051 3167 2106 eorumque
3194 2032 3507 2104 explanatio
3528 2045 3715 2087 coram
3739 2044 3875 2085 con-

2279 2133 2408 2189 cilio
2440 2132 2742 2203 Ephesino,
2775 2139 2840 2185 ut
2869 2138 2926 2185 et
2946 2126 3266 2184 eorumdem
3311 2122 3557 2179 defensio
3605 2116 3872 2176 adversus

2280 2224 2612 2281 Theodoreti
2636 2220 3114 2293 reprehensiones.
3150 2216 3214 2272 V.
3247 2211 3527 2271 Lambecii
3573 2211 3868 2267 Comment.

2279 2314 2371 2379 III,
2394 2313 2499 2368 col.
2531 2312 2637 2367 ’592
2666 2328 2775 2382 sq.,
2813 2311 2907 2367 ubi
2933 2324 3066 2365 vero
3094 2306 3298 2361 Kollar.
3335 2301 3726 2358 animadvertit
3744 2316 3871 2356 esse

2280 2402 2589 2473 apologiam
2626 2417 2728 2472 pro
2754 2400 2851 2455 XII
2877 2393 3368 2454 Anathematismis
3392 2392 3662 2446 adversus
3685 2391 3870 2473 Theo-

2282 2472 2560 2561 doretum,
2588 2494 2640 2550 ei
2665 2502 2847 2549 tamen
2879 2491 3122 2547 immista
3152 2504 3276 2544 esse
3324 2487 3589 2542 nonnulla
3637 2495 3747 2542 tam
3801 2472 3874 2541 ex

2282 2584 2605 2642 eorunidem
2627 2583 3037 2654 explanatione,
3067 2594 3233 2650 quam
3267 2577 3433 2633 etiam
3481 2594 3549 2633 ex
3597 2578 3869 2650 apologis,

2282 2677 2547 2732 adversus
2574 2674 2882 2731 Orientales
2904 2673 3224 2743 desumpta;
3256 2680 3312 2727 et
3329 2671 3491 2742 digna
3505 2662 3622 2726 hinc
3646 2665 3874 2724 omnino

2283 2784 2406 2827 esse
2444 2782 2567 2838 quae
2620 2782 2747 2822 cum
2792 2765 2927 2821 edit.
2974 2762 3207 2820 Auberti
3257 2770 3391 2817 tom.
3436 2762 3525 2826 Vl,
3580 2777 3705 2832 pag.
3745 2760 3871 2826 205,

2283 2859 2660 2925 conferantur,
2694 2858 2898 2928 quippe
2922 2872 3049 2913 cum
3080 2856 3167 2911 vel
3197 2855 3390 2926 primae
3415 2853 3747 2909 Theodoreti
3771 2870 3873 2909 an—

2286 2952 2584 3008 tirrheseos
2619 2950 2837 3006 initium
2866 2965 2933 3004 ex
2957 2950 3126 3003 hocce
3150 2948 3272 3003 cod.
3296 2946 3562 3018 integrius
3589 2946 3706 3002 dari
3743 2962 3875 3018 pos-

592 3030 718 3134 644.
747 3032 971 3134 Legitur
1001 3044 1055 3091 et
1094 3053 1218 3134 cum
1268 3038 1425 3093 Marii
1466 3040 1789 3096 Mercatoris
1830 3041 2082 3097 versione
2125 3041 2181 3097 in
2209 3076 2251 3134 α
2287 3041 2378 3101 sit.
2407 3041 2469 3096 In
2496 3041 2619 3096 cod.
2643 3039 2827 3105 CLXI,
2854 3055 2912 3093 n.
2956 3038 3010 3103 5,
3051 3037 3562 3092 Anathematismus
3605 3035 3698 3100 IX,
3745 3051 3876 3089 cuin

591 3122 884 3187 Mercatore
925 3126 1174 3183 Garnerii
1218 3138 1349 3185 tom.
1398 3130 1440 3195 I,
1497 3148 1552 3202 p.
1596 3131 1718 3187 I78.
1757 3133 2020 3188 Memorat
2077 3133 2185 3189 hoc
2212 3122 2251 3134 ν
2284 3130 2584 3187 antirrhesi
2616 3129 2949 3186 Theodoreti
2982 3137 3040 3185 et
3062 3126 3313 3200 apologia
3339 3126 3563 3199 Cyrilli:
3596 3127 3780 3198 agitur
3802 3126 3876 3181 de

592 3218 858 3288 scriptum
882 3236 1042 3290 suum
1066 3219 1301 3293 Cyrillus
1330 3224 1446 3294 ipse
1476 3225 1635 3295 epist.
1666 3224 1733 3280 ad
1775 3225 2087 3297 Eulogium,
2127 3243 2181 3298 p.

595 3310 720 3377 154,
762 3319 819 3367 et
851 3313 1033 3383 priore
1058 3312 1127 3369 ad
1160 3313 1519 3381 Succensuiii,
1546 3332 1666 3387 pag.
1717 3317 1839 3372 140.
1880 3319 1956 3373 De
2003 3319 2184 3374 Theo-

594 3399 771 3457 doreti
799 3396 1283 3478 contraCyrilluni
1307 3408 1660 3464 contentione
1688 3408 1961 3464 videndus
2003 3408 2185 3464 Leon-

597 3491 709 3547 tius
733 3492 810 3547 De
836 3496 1009 3561 sectis,
1041 3513 1096 3568 p.
1123 3497 1226 3551 454
1245 3513 1361 3570 seq.
1400 3498 1561 3553 FABR.

670 3583 926 3640 Defensio
951 3587 1317 3656 capitulorum
1344 3588 1441 3643 XII
1466 3604 1696 3643 suorum
1719 3589 1985 3652 adversus
2004 3588 2188 3644 Theo-

593 3673 874 3740 doretum,
899 3678 1075 3747 Paris.
1128 3679 1186 3734 in
1231 3680 1354 3736 cod.
1412 3679 1855 3747 DCCCXXXVII,
1913 3698 1969 3735 ii.
2032 3681 2084 3745 1,
2135 3689 2193 3736 et

593 3764 725 3827 cod.
755 3762 1192 3842 DCCCLXXXII,
1223 3770 1276 3825 in
1310 3787 1421 3841 quo
1469 3778 1599 3826 sunt
1644 3771 1835 3845 Cyrilli
1887 3771 1955 3826 ad
1994 3770 2192 3825 Nesto-

597 3856 744 3913 rium
799 3859 1045 3930 epistolzc
1089 3869 1146 3915 et
1191 3862 1774 3923 anathematismorum
1820 3862 2000 3933 capita
2052 3862 2189 3928 XII;

599 3946 936 4015 Theodoreti
959 3951 1189 4021 epistola
1218 3952 1284 4007 ad
1309 3952 1592 4025 Cyrillum,
1618 3968 1727 4023 qua
1767 3952 2006 4023 primum
2049 3951 2196 4009 illius

596 4051 765 4110 caput
788 4042 1139 4112 confutatur;
1182 4044 1373 4119 Cyrilli
1407 4046 1570 4118 epist.
1616 4044 1685 4099 ad
1725 4044 2041 4115 Evoptium,
2087 4059 2196 4115 qua

598 4133 840 4202 primum
870 4147 1035 4205 caput
1061 4136 1411 4205 defenditur;
1458 4138 1685 4195 alternae
1717 4137 2058 4208 reliquorum
2103 4152 2195 4191 ca-

599 4217 772 4293 pitum
785 4218 1203 4278 refutationeset
1215 4222 1577 4289 defensiones;
1592 4222 1777 4294 Cyrilli
1790 4222 2013 4278 homilia
2030 4221 2102 4276 De
2117 4222 2201 4275 in—

598 4311 908 4366 carnatione
926 4311 1021 4367 Dei
1043 4312 1221 4379 Verbi;
1238 4313 1483 4386 ejusdem
1510 4312 1982 4371 Commonitorium
2000 4312 2066 4366 ad
2085 4313 2198 4367 Eu-

2284 3224 2638 3295 processione
2691 3222 2932 3294 Spiritus
2975 3221 3174 3277 sancti.
3227 3220 3293 3276 V.
3358 3219 3618 3275 Lambec.
3683 3217 3769 3283 IV,
3815 3234 3873 3290 p.

2285 3316 2410 3372 359.
2457 3316 2624 3372 HARI...

2359 3417 2428 3464 κ’.
2468 3406 2911 3479 Ἀπολογητικός,
2954 3404 3339 3487 Apologeticus
3367 3403 3435 3459 ad
3465 3402 3597 3472 imp.
3627 3400 3878 3457 Theodo-

2290 3505 2455 3560 sium.
2491 3503 2621 3573 Pag.
2659 3500 2916 3556 241-252.
2949 3498 3149 3570 Incipit
3182 3515 3196 3552 :
3236 3497 3302 3551 Ἥ
3329 3495 3427 3566 μὲν
3462 3494 3582 3548 θεία
3613 3493 3708 3548 καὶ
3737 3494 3879 3563 ἀκήν

2292 3610 2474 3665 ρατος.
2531 3592 2592 3646 In
2642 3590 2857 3646 Latinis
2905 3588 3248 3645 editionibus
3294 3584 3500 3656 legitur
3552 3600 3584 3639 e
3619 3583 3883 3639 versione

2290 3682 2598 3753 Wolfgangi
2638 3680 2889 3736 Musculi.
2947 3679 3055 3736 Sed
3096 3677 3376 3733 Aubertus
3428 3674 3673 3746 prietulit
3729 3674 3883 3730 illam

2294 3788 2528 3845 quacum
2556 3781 2735 3829 exstat
2767 3772 2823 3827 in
2846 3779 3001 3842 parte
3030 3786 3089 3825 III
3122 3768 3385 3825 Actorum
3429 3765 3652 3823 concilii
3694 3766 3883 3838 Ephe-

2295 3864 2425 3931 sini,
2460 3880 2517 3935 p.
2558 3862 2686 3919 397.
2717 3863 2853 3920 Vide
2881 3864 2951 3918 de
2987 3862 3093 3916 hoc
3129 3859 3503 3931 Apologetico,
3535 3866 3660 3928 post
3692 3858 3880 3913 conci-

2295 3956 2432 4012 lium
2468 3955 2806 4026 Ephesinum
2834 3954 3061 4023 scripto,
3104 3950 3518 4006 Tillemontium
3567 3956 3700 4003 tom.
3737 3947 3879 4013 XIV,

2296 4063 2351 4118 p.
2381 4048 2505 4104 501.
2540 4048 2701 4102 FABR.
2732 4077 2802 4088 —-
2830 4046 2890 4100 In
2925 4043 3097 4117 Mansi
3127 4040 3347 4099 Collect.
3384 4039 3623 4112 ampliss.
3668 4039 3879 4105 concil.,

2298 4138 2364 4203 V,
2397 4154 2452 4208 p.
2491 4137 2599 4192 248
2641 4152 2760 4207 sqq.
2786 4175 2801 4198 ,
2839 4134 2967 4191 257.
3000 4164 3071 4173 -—
3113 4132 3174 4187 In
3223 4131 3362 4187 bibl.
3403 4131 3610 4187 Bodlei.
3659 4130 3716 4185 iii
3755 4131 3884 4186 cod.

2298 4229 2493 4295 Laudi,
2524 4245 2581 4285 n.
2620 4228 2754 4282 1271
2788 4225 2987 4293 Catal.,
3016 4223 3205 4298 Cyrilli
3242 4223 3653 4295 quatripartitus
3697 4222 3887 4294 apolo-

2300 4325 2517 4397 geticus.
2549 4323 2718 4378 Hann.

597 4401 805 4474 logium
822 4403 1236 4474 apocrisiarium
1251 4421 1267 4470 ;
1284 4413 1541 4474 excerpta
1556 4420 1585 4459 e
1602 4405 1828 4460 sclioliis
1844 4402 1920 4456 De
1936 4404 2184 4459 incarna-

2368 4415 2454 4489 [V.
2504 4415 2720 4472 Fabric.
2762 4413 2841 4470 De
2882 4416 3163 4486 scriptorr.
3206 4412 3272 4467 de
3315 4411 3465 4466 verit.
3512 4407 3612 4463 rel.
3662 4406 3885 4474 Christ,

598 4496 740 4550 tione
762 4494 1058 4568 Unigeniti;
1074 4506 1130 4552 et
1142 4496 1331 4569 Cyrilli
1351 4497 1597 4568 epistolae
1614 4497 1735 4552 duae
1747 4495 1816 4549 ad
1836 4493 2191 4551 Succensum.

671 4587 963 4650 Florentia
980 4589 1037 4644 in
1064 4589 1200 4644 bibl.
1224 4588 1484 4644 Laurent.
1521 4587 1644 4643 cod.
1680 4586 1872 4651 XII,n.
1891 4587 1946 4652 6,
1969 4587 2107 4658 plut.
2137 4588 2191 4653 6,

596 4677 788 4750 Cyrilli
818 4680 1267 4737 anathematismi
1320 4679 1442 4742 XII,
1495 4678 1571 4733 ita
1625 4677 1850 4749 quidem
1895 4678 2091 4750 digesti
2131 4689 2195 4737 ut

595 4787 791 4827 eorum
818 4772 1056 4843 quilibet
1083 4772 1387 4842 subiectam
1418 4770 1620 4826 habeat
1642 4768 1830 4842 Cyrilli
1855 4771 2194 4844 explanatio-

597 4876 747 4927 nem,
776 4862 1110 4919 Theodoreti
1152 4861 1629 4933 reprehensiones,
1670 4878 1735 4917 ac
1776 4878 1967 4919 rursus
1996 4863 2186 4936 Cyrilli

596 4954 998 5020 defensionem,
1017 4956 1136 5013 sive
1151 4970 1508 5026 responsum:
1537 4954 1784 5010 ordinem
1807 4971 1871 5011 ac
1896 4956 2188 5015 diversita-

599 5053 713 5101 tem
746 5045 1048 5102 lectionum
1071 5047 1434 5117 quarumdam
1463 5048 1533 5103 ab
1561 5049 1730 5106 editis
1779 5050 2005 5106 uberius
2052 5049 2195 5105 indi-

597 5144 690 5193 cat
712 5136 943 5192 Bandin.
997 5137 1055 5200 in
1091 5136 1211 5201 Cat.
1238 5139 1386 5203 codd.
1416 5138 1508 5196 Gr.
1538 5139 1703 5195 Laur.
1733 5141 1777 5207 I,
1809 5157 1932 5214 pag.
1960 5140 2064 5196 118
2108 5157 2191 5215 sq.

600 5227 823 5293 -—Ibid.
854 5229 911 5284 in
932 5227 1056 5283 θοὰ.
1082 5227 1222 5295 XXI,
1254 5246 1311 5285 n.
1351 5230 1404 5295 8,
1439 5230 1578 5302 plut.
1619 5232 1675 5293 4.
1725 5230 1915 5305 Cyrilli
1961 5232 2194 5286 anathe-

602 5318 843 5383 matisini
875 5319 992 5387 XII,
1027 5336 1155 5386 cum
1190 5337 1380 5379 eorum
1416 5323 1917 5394 explanationibtis,
1944 5321 2198 5381 Theodo-

657 5436 756 5563 ὀπὶ
787 5438 848 5493 In
878 5438 1003 5494 cod.
1033 5439 1227 5496 Bavar.
1255 5440 1389 5525 LIII,
1419 5442 1497 5524 .in
1532 5441 1657 5496 cod.
1709 5439 1857 5499 Flor.
1919 5438 2187 5522 Laurent.

605 5506 662 5582 X_
705 5508 722 5561 I
755 5549 769 5571 ,
804 5525 859 5563 n.
890 5508 980 5575 20,
1015 5510 1152 5582 plut.
1179 5512 1231 5577 7,
1269 5513 1619 5582 inscribitur:
1665 5510 1931 5582 Adversus
1972 5525 2057 5563 eos
2098 5525 2187 5582 qui

608 5578 789 5631 dicunt
835 5589 970 5651 recte
1015 5578 1208 5637 'habere
1256 5582 1485 5641 Nestorii
1534 5580 1767 5651 placita;
1794 5578 1878 5651 “in
1923 5578 2187 5651 margine

605 5649 1097 5775 riggrauiindream,
1125 5669 1181 5709 ιι.
1219 5647 1657 5710 Samosatcnuni.
1690 5648 1754 5704 V.
1792 5647 2021 5705 Bandin.
2056 5647 2096 5713 I',
2130 5665 2184 5720 p.

728 5760 738 5773 .
829 5736 944 5775 AM.

728 5760 738 5773 .
780 5736 944 5776 IIAEL.

2293 4525 2414 4581 cap.
2443 4509 2498 4573 2,
2527 4507 2555 4579 §
2582 4508 2674 4573 26,
2696 4523 2752 4577 p.
2782 4507 2870 4561 99.
2913 4503 3120 4577 [leum]

2360 4606 2468 4654 κε’.
2498 4598 2669 4669 ’Υπὲρ
2688 4598 2787 4667 τῆς
2807 4597 2914 4650 τῶν
2934 4593 3277 4667 Χριστιανῶν
3300 4595 3534 4664 εὐαγοῦς
3555 4590 3880 4663 Θρησκειας,

2293 4690 2431 4760 πρὸς
2459 4686 2530 4740 τὰ
2553 4685 2646 4740 τοῦ
2679 4687 2737 4739 ὲν
2769 4684 2950 4748 ἀθέοις
2994 4684 3311 4741 Ἰουλιανοῢ.
3355 4683 3464 4740 Pro
3507 4693 3694 4740 sancta
3734 4681 3891 4737 Chri-

2288 4782 2589 4834 stianorum
2641 4776 2922 4849 religione,
2964 4776 3216 4832 adversus
3263 4776 3423 4832 libros
3464 4778 3614 4848 impii
3654 4774 3886 4839 Iuliani,

2295 4870 2415 4924 libri
2452 4867 2517 4933 Χ,
2553 4867 2702 4923 circa
2732 4866 2798 4922 A.
2837 4865 2899 4922 C.
2932 4866 3038 4921 455
3077 4864 3144 4935 (c)
3175 4866 3366 4937 scripti
3397 4866 3466 4921 ad
3508 4863 3888 4935 Theodosium

2296 4958 2603 5015 Juniorem.
2658 4957 2787 5028 Pag.
2834 4955 3025 5013 1-556.
3072 4956 3321 5029 [Diversa
3371 4967 3457 5013 est
3506 4956 3562 5011 in
3611 4954 3888 5010 sententia

2295 5047 2371 5101 La
2404 5046 2598 5111 Croze,
2636 5046 2773 5101 Hist.
2812 5045 3008 5102 Christ.
3047 5046 3193 5112 Ind.,
3232 5047 3331 5102 lib.
3380 5063 3418 5113 ι,
3453 5063 3509 5118 p.
3554 5046 3639 5101 16.
3682 5042 3885 5116 linum]

2296 5139 2414 5194 Hoc
2456 5138 2781 5209 praeclarum
2835 5146 3002 5209 atque
3050 5137 3333 5197 eruditum
3382 5152 3523 5210 opus
3571 5136 3628 5191 in
3672 5133 3886 5191 Latinis

2295 5228 2634 5285 editionibus
2652 5239 2829 5286 exstat
2853 5246 2885 5286 e
2917 5230 3168 5286 versione
3198 5229 3424 5287 Joannis
3448 5225 3882 5299 OEcolampadii.

2298 5336 2422 5392 qua:
2468 5320 2710 5391 primum
2744 5320 2889 5377 vidit
2926 5322 3111 5378 lucem
3154 5318 3335 5394 [1528.
3370 5321 3436 5377 V.
3463 5335 3627 5391 supra
3657 5319 3726 5374 ad
3754 5318 3782 5390 ᾗ
3811 5315 3884 5372 III

2364 5435 2436 5509 (b)
2454 5435 2847 5509 _Ptolemaidis,
2867 5436 3231 5509 Pentapoleos
3254 5434 3511 5509 regionis,
3539 5433 3878 5506 episcopum.

2292 5507 2431 5565 Vide
2454 5507 2796 5571 Liberatiiin,
2829 5522 2879 5561 θ.
2922 5507 2976 5562 9.

2368 5577 2437 5702 Sc)
2478 5576 2613 5634 Vide
2659 5576 2973 5632 Tilleinont.
3020 5585 3152 5639 tom.
3193 5575 3332 5658 XIV,
3374 5589 3428 5645 p.
3463 5574 3561 5632 671
3599 5570 3783 5659 [Faba
3829 5573 3882 5627 in

2368 5657 2513 5702 'ectu
2573 5663 2784 5702 artium.
2841 5655 2889 5702 et
2953 5646 3161 5702 saltabo
3218 5654 3463 5702 scriptor.
3524 5662 3615 5702 aut
3670 5649 3880 5700 veritat.

2296 5646 2513 5705 Delectu
2573 5663 2784 5717 argum.
2841 5655 2889 5702 et
2953 5646 3161 5719 syllaba
3218 5646 3321 5699 ει·νὶ
3361 5654 3463 5699 tor.
3524 5646 3617 5716 qui
3670 5646 3880 5700 ueritat.

2298 5718 2560 5781 Christ...
2600 5726 2960 5781 asserueruiit,
2988 5734 3042 5774 υ.
3070 5716 3292 5773 99-106.
3324 5664 3529 5775 quin"!
