2086 3223
129 222 164 250 85
769 220 912 249 NOTlTlA
932 220 980 248 EX
999 219 1176 248 FABRICIO.‘
1766 217 1802 247 66
1851 231 1854 235 ε

129 280 245 317 annot.]
262 280 364 310 Colon.
388 279 467 307 1546.
492 279 608 307 Librum
633 278 753 314 primum
772 279 865 306 Grzece
888 280 944 314 pri-
961 283 983 312 Α
997 279 1081 306 minis
1095 276 1236 314 leguntur)
1249 276 1408 312 vulgaverat
1423 275 1512 312 Lugd.
1530 275 1624 303 Batav.
1639 274 1718 315 1605,
1729 254 1761 304 in
1773 278 1801 305 ι.

131 336 196 356 κως
219 335 288 355 cum
312 335 384 355 nova
406 326 523 354 meliore
548 325 675 352 versione
700 333 749 353 sua
775 333 800 352 a.
823 325 891 352 1619
914 326 947 352 ad

131 374 292 402 editionem
312 372 461 400 adornavit
478 371 609 398 Nicolaus
625 370 791 402 Borbonius,
808 370 948 405 professor

133 427 160 449 et
185 421 333 456 interpres
355 419 449 454 regius
467 418 516 455 (α),
534 418 562 445 in
578 419 656 453 cujus
673 417 814 452 opusculis
833 422 949 451 utraque

134 467 233 502 lingua
257 465 367 501 prodiit
384 464 474 491 Paris.
497 463 577 496 1650,
596 463 675 495 1651»,
694 462 738 489 12.
757 462 856 489 Totum
880 469 949 496 opus

133 511 233 540 Graece
255 515 283 538 et
306 510 403 537 Latine
418 509 541 544 primum
563 509 591 535 in
605 508 721 535 Aubcrti
741 508 863 534 editione
885 516 951 534 con-

135 557 270 592 spicitur,
292 556 367 583 liber
389 555 498 591 primus
521 562 555 582 ex
574 554 714 586 Borbonii,
731 554 823 581 emteri
843 561 876 580 ex
896 553 949 580 Au-

135 603 212 631 berti
242 603 487 638 interpretatione.
515 601 605 636 Atque
632 601 669 627 ita
699 608 829 627 recusum
857 600 950 634 lingua

136 655 262 686 utraque
285 654 329 677 est
351 649 386 676 ad
402 649 508 676 calcem
531 647 653 683 Operam
673 647 785 679 Juliani,
799 656 832 674 ex
848 647 948 674 Ezeeb.

134 696 307 732 Spanhemii
343 696 509 723 recensione
537 696 713 730 vulgatorum
743 695 842 729 Lipsiae
871 694 949 726 1696,

135 743 186 771 fol.
210 743 354 770 Videntur
373 743 457 769 etiam
479 741 508 769 bi
528 741 622 777 Cyrilli
650 742 713 768 libri
738 741 862 768 translati
886 740 950 767 ferri

134 789 274 826 Spiace;
295 796 359 816 nam
377 788 529 817 laudantur
547 796 562 815 a
577 788 650 815 Mose
670 788 810 821 Barecplia
831 792 906 822 parte
923 794 951 813 1n

135 835 178 864 De
195 835 341 872 paradiso,
356 843 417 871 pag.
434 834 563 862 425-429.
582 834 604 861 Ε
618 835 721 861 Graecis
738 833 824 860 citant
843 834 884 860 Jo.
902 833 954 859 Da-

134 888 293 910 mascenus
316 881 345 909 in
370 880 537 913 Parallclis,
558 885 586 908 et
615 885 711 907 catena
736 879 896 907 Possiniana
924 879 952 905 in

136 928 281 960 Marcum,
308 935 370 963 pag.
388 927 452 960 515,
475 927 570 954 laudat
594 926 728 962 Cyrillum
750 927 778 953 ὲν
803 927 859 957 τοῖς
884 925 952 960 rapa;

143 962 468 1007 'louhmbvixscpahitp
489 972 525 1006 γ’.
550 972 704 1000 Concilium
724 981 759 1004 tv,
779 972 887 999 actione
910 971 950 1003 10,
969 962 989 989 Β

137 1024 208 1046 tom.
226 1014 266 1046 lli
278 1018 362 1051 Binii,
383 1026 445 1054 pag.
459 1018 504 1051 93,
522 1020 551 1046 ὲν
571 1019 618 1045 τοῦ
639 1018 710 1045 κατὰ
733 1018 787 1045 τῶν
808 1018 952 1044 ’1ουὶιανοῦ

137 1065 292 1102 δογμάτων
309 1065 414 1100 βιϐλίου
433 1065 539 1100 τρίτου,
554 1065 607 1092 ἀπὸ
623 1065 703 1099 λόγου
719 1065 843 1091 δεκάτου.
859 1065 953 1091 Metui-

138 1112 183 1139 nit
196 1117 226 1139 et
243 1111 423 1147 Nicephorus
438 1120 492 1143 xxv,
510 1111 553 1143 Li,
569 1116 597 1139 et
616 1116 679 1138 ante
698 1112 747 1138 bos
769 1111 953 1138 Thcodoritus

137 1158 224 1193 epist.
245 1157 291 1185 85.
314 1157 439 1185 Primum
455 1157 536 1184 modo
549 1158 650 1185 Iuliani
665 1158 766 1184 librum
781 1157 951 1184 confutatum

138 1212 155 1231 a
165 1200 274 1239 Cyrillo
288 1203 404 1239 conjicit
419 1203 489 1230 Lnd.
506 1204 590 1231 Ellies
601 1203 636 1230 du
649 1204 697 1230 Pin
714 1209 778 1230 tom.
793 1204 825 1230 lV'
838 1203 875 1228 De
885 1203 951 1229 scri—

138 1250 265 1285 ptoribus
286 1249 482 1282 ecclesiasticis,
501 1257 562 1284 pag.
585 1249 619 1276 48
638 1259 644 1275 :
663 1249 688 1276 Il
707 1249 797 1283 paruit
821 1248 885 1284 qu‘il
909 1249 952 1275 u‘rz

138 1297 230 1331 re‘futé
246 1304 298 1332 que
312 1304 360 1323 son
377 1297 492 1331 premier
511 1295 586 1327 livre,
602 1295 668 1322 dans
685 1294 770 1330 lt‘quel
787 1299 824 1321 ret
847 1298 952 1329 "posta!

139 1342 283 1377 attaquait
297 1348 330 1368 en
343 1340 455 1376 générul
472 1340 498 1367 la
515 1340 624 1375 religion
640 1341 798 1367 cltrt‘tienne.
816 1340 869 1367 Sed
885 1341 953 1367 falli—

139 1392 188 1415 tur
203 1387 292 1420 idem,
309 1386 423 1422 quando
437 1394 498 1422 pag.
512 1386 641 1413 Bilibros
654 1385 746 1421 Cyrilli
760 1391 853 1412 contra
865 1387 951 1413 Julia-

140 1442 209 1462 num
234 1442 251 1462 a
274 1434 337 1462 Nic.
363 1433 504 1461 Borbonio
528 1437 645 1467 utraque
670 1433 762 1467 lingua
790 1441 861 1459 anno
885 1431 953 1459 1650

140 1481 234 1509 editos
258 1480 370 1512 scribit,
390 1487 455 1507 nam
481 1480 601 1514 primum
628 1479 818 1506 tantummodo
840 1479 951 1511 librum,

141 1532 175 1556 ut
190 1527 262 1559 dixi,
276 1527 422 1562 vulgatum
439 1525 474 1553 ab
488 1533 521 1552 eo
537 1529 653 1552 constat.
672 1526 752 1552 an.

178 1573 358 1600 Vindobona:
380 1572 408 1599 in
428 1572 490 1599 cod.
507 1571 632 1598 Cresareo
653 1571 723 1603 XIX,
742 1580 769 1597 n.
792 1571 834 1603 11,
849 1575 873 1597 et
890 1571 951 1597 cod.

998 325 1137 354 Cotelerio
1161 324 1190 352 in
1215 324 1289 351 notis
1310 323 1345 350 ad
1369 323 1543 350 Monumanta
1561 322 1654 350 Graeca
1671 326 1738 350 tom.
1756 323 1802 355 111)

998 380 1026 408 p.
1043 372 1105 404 557,
1118 375 1199 403 teste,
1212 370 1259 397 hic
1275 370 1347 397 liber
1363 369 1527 397 inscribitur
1534 369 1567 396 in
1579 369 1642 397 aliis
1658 369 1803 397 codicibus

999 425 1078 450 mss.,
1091 416 1240 445 Solutiones
1255 416 1466 451 dogmaticarum
1478 416 1663 449 mutationum,
1679 415 1805 450 proposi-

1001 468 1093 491 tarum
1116 472 1132 490 a
1154 463 1267 490 Tiberio
1282 461 1399 489 diacono
1416 465 1445 488 et
1468 461 1624 489 fratribus:
1649 461 1803 493 Ἐπιλύσεις

1000 508 1174 545 δογματικῶν
1192 507 1358 544 ζητημάτων
1383 506 1605 542 ὲπιζητηθέντων
1628 507 1704 543 παρὰ
1721 507 1802 535 Τιϐε-

1002 554 1059 590 ρίου
1073 554 1198 580 διακόνου
1221 554 1269 580 καὶ
1287 552 1338 587 τῆς
1363 551 1544 590 ἀδξλφότητος
1561 560 1567 566 '
1587 552 1631 579 vel
1647 551 1803 585 Ἐπιλύσεις

1000 602 1056 628 τῶν
1104 597 1342 636 προσενεχθεισῶν
1389 583 1513 623 ’λεύσεων
1559 597 1634 633 παρὰ
1675 597 1801 634 Τιδξρίου

1002 645 1125 673 διακόνου
1151 645 1198 672 καὶ
1218 644 1272 671 τῶν
1289 642 1430 678 ἀδελφῶνς
1453 642 1494 670 vel
1517 641 1640 678 denique
1666 644 1802 679 Κυρίλλου

1003 691 1072 728 πρὸς
1089 691 1226 727 Τιϐέριον.
1245 690 1325 717 FAntt.

1040 737 1086 766 Sic
1109 738 1137 765 in
1152 737 1214 765 cod.
1230 736 1362 763 Laurent.
1386 734 1484 762 Medic.
1503 734 1562 768 XII,
1580 743 1609 762 n.
1626 734 1671 768 52,
1687 735 1757 771 plut.
1775 735 1802 768 5,

1002 785 1034 812 ὲκ
1056 785 1110 811 τῶν
1133 783 1287 811 ἑπιλύσεων
1310 782 1364 808 τῶν
1388 781 1561 817 δογματικῶν
1584 781 1804 817 ὲπιζητηθέντων

1003 832 1067 867 περὶ
1086 830 1189 867 (forsan
1207 829 1293 865 παρὰ)
1311 828 1440 864 Τιϐερίου
1462 828 1598 862 διακόνου,
1615 833 1668 856 etc.
1686 829 1717 857 ν.
1734 829 1806 857 Ban—

1003 878 1062 905 din.
1086 876 1147 905 Cat.
1173 876 1249 903 codd.
1274 876 1320 904 Gr.
1343 875 1427 902 Laur.
1444 876 1465 908 l,
1483 884 1511 911 p.
1529 876 1563 903 47
1586 884 1626 911 sq.
1641 876 1720 904 —ln
1741 876 1804 905 cod.

1003 924 1086 957 XVII,
1101 932 1129 950 n.
1144 923 1189 955 21,
1205 923 1276 958 plut,
1289 922 1322 949 6:
1340 922 1479 954 Ἐπίλυσις
1493 923 1668 958 δογματικῶν
1682 924 1805 960 ζητημά-

1003 979 1058 998 των
1078 969 1266 1006 προτεθέντων
1287 967 1326 1005 τῷ
1347 969 1493 1004 ἁγιωτάτῳ
1510 969 1648 1005 Κυριὶλῳ.
1665 969 1762 998 Diﬂ'ert
1778 976 1806 999 et

1004 1025 1121 1047 numero
1137 1021 1166 1045 et
1181 1016 1278 1044 ordine
1295 1016 1330 1043 ab
1347 1015 1441 1043 editis.
1463 1015 1494 1042 ln
1515 1016 1611 1044 codice
1626 1016 1805 1052 praemittitur

1003 1064 1131 1100 epistola,
1149 1062 1285 1095 Ἀξίωσις,
1308 1067 1362 1090 etc.
1391 1061 1556 1098 Supplicatio
1581 1063 1682 1090 tradita
1704 1062 1733 1090 S.
1756 1063 1806 1099 Cy—

1004 1110 1073 1147 rgllo
1091 1125 1125 1130 ——
1145 1118 1161 1137 α
1187 1109 1375 1144 fraternitate;
1399 1116 1481 1143 quam
1511 1109 1671 1144 epistolam,
1694 1109 1723 1136 in
1747 1108 1806 1137 edi-

1006 1158 1080 1185 tione
1105 1156 1292 1184 desideratam
1311 1155 1429 1183 Bandin.
1450 1156 1469 1183 l.
1491 1163 1515 1183 c.
1538 1163 1565 1190 p.
1589 1155 1641 1182 128
1661 1163 1703 1190 sq.
1735 1155 1806 1183 inte-

1004 1212 1079 1240 gram
1094 1203 1141 1231 Gr.
1154 1202 1252 1234 edidit,
1266 1205 1334 1229 tum.
1351 1209 1380 1228 n.
1396 1201 1431 1228 22
1445 1201 1571 1236 sequitur
1584 1201 1677 1237 Cyrilli
1689 1201 1804 1237 epistola

1004 1251 1038 1278 ad
1068 1249 1252 1285 Calosyrium,
1277 1248 1438 1283 episcopum
1465 1247 1650 1280 Arsenoitem,
1672 1247 1806 1275 adversus

1004 1304 1053 1324 eos
1078 1296 1126 1331 qui
1151 1294 1238 1323 Deum
1265 1293 1552 1329 antbropomorpbum
1577 1296 1711 1321 statuunt.
1733 1293 1805 1320 Add.

1004 1351 1088 1379 supra
1105 1343 1139 1370 ad
1156 1350 1183 1369 n.
1200 1342 1256 1370 \‘ll.
1275 1341 1359 1368 Hann.

1040 1390 1093 1424 κγ’.
1121 1390 1159 1416 De
1183 1388 1212 1416 S.
1236 1389 1366 1415 Triuitate
1396 1387 1472 1420 liber,
1499 1394 1526 1422 p.
1552 1386 1634 1420 1-55;
1659 1394 1722 1414 cum
1744 1394 1807 1413 ver—

1005 1438 1082 1466 sione
1103 1436 1218 1464 Joannis
1240 1435 1387 1471 Wegclini,
1413 1432 1576 1469 Auguslani,
1595 1432 1643 1468 qui
1665 1433 1772 1467 primus
1790 1441 1806 1460 e

1005 1492 1057 1512 ms.
1071 1483 1167 1511 codice
1181 1481 1358 1509 bibliothecae
1374 1480 1470 1516 patriie
1485 1480 1574 1507 edidit
1586 1484 1614 1506 et
1629 1479 1656 1506 in
1670 1479 1759 1514 capita
1773 1479 1808 1507 18

1005 1531 1117 1563 divisit,
1138 1532 1269 1565 Augustae
1293 1528 1403 1557 Vindel.
1430 1527 1499 1556 1601
1527 1526 1577 1563 (c),
1599 1526 1627 1554 in
1652 1526 1684 1559 8,
1706 1526 1808 1553 additis

1005 1578 1088 1606 etiam
1107 1577 1191 1608 notis,
1207 1576 1256 1603 sed
1271 1583 1332 1610 qua:
1347 1575 1382 1602 ab
1397 1574 1522 1602 Auberto
1541 1577 1606 1601 sunt
1627 1573 1745 1601 omissae.
1764 1573 1809 1599 ln-

141 1618 279 1650 LXXV'II,
293 1626 321 1645 n.
334 1618 362 1650 9,
373 1617 558 1653 fragmentum
573 1617 631 1644 sive
645 1626 709 1652 pars
723 1617 853 1643 continua
869 1617 931 1643 libri
945 1625 952 1643 ι

1006 1624 1096 1659 cipit:
1121 1621 1232 1657 Ἐπειδὴ
1266 1620 1420 1657 πρώτιστον
1446 1621 1514 1655 ἡμῖν
1538 1620 1596 1651 τοῖς
1620 1618 1805 1655 Χριστιανοῖς,

141 1669 241 1692 contra
266 1664 420 1691 lulianum.
450 1664 482 1691 V.
509 1664 638 1691 Lambee.
665 1671 727 1690 eum
753 1663 865 1690 Kollarii
891 1668 954 1690 nota

140 1712 297 1740 Comment.
316 1711 369 1744 Vl,
392 1715 464 1746 part.
489 1719 523 1742 ll,
550 1718 576 1745 p.
602 1711 655 1737 212
678 1719 746 1745 seq.,
770 1718 801 1737 ac
823 1711 876 1737 \‘ol.
897 1711 953 1743 Vll,

142 1766 208 1794 pag.
230 1757 297 1785 299.

181 1803 325 1831 Monacliii
346 1803 374 1830 in
396 1803 458 1830 cod.
478 1802 510 1830 Cl
531 1803 645 1830 elector.
663 1803 731 1829 bibl.
754 1802 847 1838 Cyrilli
863 1808 954 1830 rontra

140 1850 253 1877 Julian.
275 1853 351 1877 ‘tom.
376 1850 408 1877 V.
439 1850 514 1877 ldcm
542 1854 635 1876 contra
659 1850 953 1884 ΑιιιΙινοροηιονρΙιὶΙαε.

142 1896 260 1923 Primus
281 1900 374 1923 tomus
388 1895 455 1923 libri
474 1903 492 1922 ιι
513 1900 606 1922 contra
623 1895 738 1927 Iuliam,
756 1896 820 1922 item
838 1901 902 1922 tom.
922 1896 953 1928 ll,

143 1942 191 1974 111,
211 1942 258 1974 Ν,
270 1942 309 1974 υ,
325 1941 449 1977 ejusdem
465 1941 530 1968 libri
544 1941 670 1969 secundi.
689 1941 720 1967 ν.
740 1941 798 1969 Cal.
816 1942 889 1967 coda.
908 1942 953 1969 Cr.

142 1988 262 2020 Bonan,
279 1995 308 2023 p.
324 1987 369 2015 58.

178 2034 212 2061 In
229 2034 302 2062 bibl.
320 2033 404 2062 Marc.
421 2034 519 2061 Venet.
540 2034 568 2060 in
587 2033 668 2061 codd.
683 2032 790 2065 CXX",
802 2033 908 2060 CXXlll
929 2039 957 2061 et

142 2080 269 2113 CXXIV,
291 2085 386 2108 contra
408 2080 513 2108 Julian.
529 2080 595 2107 libri
617 2089 643 2112 x,
661 2088 716 2107 sec.
735 2084 789 2107 cat.
808 2080 889 2108 codd.
908 2080 954 2107 Gr.

144 2127 244 2158 Maro,
259 2127 339 2161 p.70
354 2131 384 2154 et
397 2127 441 2154 7i.

180 2172 213 2199 ln
235 2172 307 2200 bibl.
332 2172 466 2199 Escorial.
488 2171 653 2199 Acclamalio
672 2173 707 2199 ad
728 2172 909 2205 Tlieodosimn,
929 2177 957 2199 et

143 2227 178 2245 ex
196 2218 441 2246 confulationibus
460 2217 594 2245 adversus
612 2218 751 2246 lulianum
771 2219 909 2245 sectiones
926 2219 957 2246 10

143 2264 211 2292 libri
229 2272 260 2295 ιι,
276 2268 347 2291 teste
363 2264 464 2291 Pluero
480 2263 507 2290 in
522 2263 616 2291 Itiner.
632 2273 677 2298 per
691 2264 778 2299 Ilisp.,
796 2272 822 2298 p.
844 2264 901 2291 16L

1006 1669 1066 1697 Jam
1089 1676 1104 1696 a
1127 1667 1224 1696 multis
1251 1667 1439 1698 observatum,
1458 1665 1534 1692 hunc
1556 1664 1659 1691 librant
1682 1669 1808 1691 constare

1006 1713 1144 1748 excerptis
1159 1711 1273 1740 Joannis
1289 1709 1451 1738 Damasceni
1473 1718 1488 1737 e
1510 1709 1623 1746 Cyrillo.
1641 1709 1711 1737 Vide
1729 1709 1807 1736 Peta—

1006 1759 1081 1786 vium
1105 1758 1144 1785 De
1166 1757 1214 1785 SS.
1234 1757 1375 1789 Trinitate,
1396 1764 1424 1792 p.
1443 1756 1505 1784 472.
1528 1756 1662 1784 Similiter
1680 1760 1809 1791 excerpta

1006 1813 1022 1833 e
1045 1805 1140 1841 Cyrilli
1166 1804 1278 1839 scriptis
1305 1807 1389 1836 sunt,
1409 1811 1470 1839 quae
1487 1803 1521 1830 ab
1542 1802 1667 1830 Auberto
1693 1807 1809 1838 praeter-

1007 1851 1108 1883 missa,
1133 1850 1314 1878 lloeschelius
1341 1849 1418 1884 prior
1441 1849 1535 1877 Graece
1561 1849 1721 1885 vulgaverat
1745 1857 1809 1876 cum

1007 1896 1092 1924 variis
1104 1896 1216 1923 Patrum
1231 1895 1352 1923 homiliis
1368 1903 1430 1930 pag.
1448 1894 1499 1922 505
1513 1902 1583 1930 δίη..
1599 1894 1729 1930 Augusta:
1740 1895 1809 1923 Vin-

1007 1943 1062 1970 del.
1085 1942 1164 1975 1587,
1182 1942 1210 1969 in
1233 1941 1260 1975 8,
1277 1946 1360 1976 atque
1383 1933 1456 1968 idem
1476 1940 1636 1976 Wegelinus
1656 1949 1671 1968 e
1691 1949 1757 1968 mss.
1775 1941 1810 1968 ad

1008 1988 1112 2016 calcem
1131 1988 1197 2015 libri
1217 1996 1280 2016 cum
1300 1987 1428 2015 versione
1450 1995 1500 2014 sua
1522 1987 1675 2023 subjunxit,
1691 1995 1810 2021 quorum

1008 2034 1087 2062 initia
1104 2034 1239 2062 ascribam
1257 2043 1263 2060 :

1043 2079 1223 2113 Πιστεύομεν,
1240 2079 1288 2105 ἕνα
1305 2079 1372 2105 Θεὸν
1382 2076 1452 2105 εῖναι
1474 2079 1566 2113 πάσης
1580 2078 1676 2110 οὐσίας
1693 2079 1741 2105 καὶ
1759 2078 1811 2115 φύ-

1009 2135 1087 2158 σεως.
1102 2125 1132 2153 Ρ.
1148 2125 1210 2152 119.
1234 2125 1320 2151 Παντὶ
1346 2124 1484 2160 ἀνθρώπῳ
1503 2124 1625 2159 ἔμφυτον
1648 2125 1724 2160 παρὰ
1741 2125 1810 2153 Θεοῦ

1008 2170 1157 2207 δεξαμένῳ.
1171 2171 1201 2198 Ρ.
1219 2170 1280 2197 121.
1304 2171 1337 2197 Et
1357 2171 1470 2203 τέλειος,
1489 2171 1582 2205 φασὶν,
1602 2171 1701 2198 ἐστὶνὸ
1716 2172 1811 2207 Πατὴρ

1008 2217 1037 2243 ὲν
1052 2217 1085 2252 τῇ
1107 2216 1161 2251 ἰδίᾳ
1184 2215 1387 2251 μεγαλειότητι.
1411 2216 1442 2243 Ρ.
1467 2215 1596 2243 ﬂii-MO.
1616 2216 1692 2243 Idem
1714 2216 1811 2243 dicen—

1009 2263 1076 2291 dum
1098 2262 1132 2290 de
1158 2262 1247 2289 altero
1267 2261 1427 2295 Volumine,
1453 2262 1528 2297 quod
1554 2262 1627 2290 idem
1650 2262 1813 2298 Wegelinus

179 2309 275 2336 Paris.
295 2308 324 2336 in
343 2308 411 2336 bibl.
427 2309 506 2344 publ.
530 2308 591 2336 cod.
613 2308 752 2341 MCCLXI,
770 2308 956 2336 Antirrhetica
973 2315 996 2344 ι)
1010 2309 1079 2337 ibid.
1096 2309 1176 2342 1611,
1198 2309 1226 2336 in
1247 2309 1274 2341 8,
1290 2308 1384 2337 Graece
1408 2312 1437 2336 et
1460 2309 1557 2336 Latine
1575 2309 1738 2343 variiscum
1761 2309 1813 2336 Da—

143 2355 207 2383 ade.
220 2354 379 2388 lulianum,
392 2355 458 2382 libri
473 2355 517 2382 ιιι.
533 2348 617 2382 nm.
650 2385 662 2397 _

179 2401 237 2437 ιβ’.
265 2401 348 2428 Κατὰ
371 2401 666 2437 Ἀνθρωπομορφιτῶν,
685 2401 784 2429 Contra
810 2402 959 2437 Anthropo-

143 2449 301 2483 morphitas
316 2448 392 2480 liber,
408 2448 550 2484 przcmissa
562 2448 676 2483 epistola
690 2448 722 2475 ad
735 2448 906 2484 Calosyrium
922 2449 957 2484 ((1)

142 2495 314 2530 episeOpum
328 2494 513 2525 Arsenoitem,
524 2501 605 2529 quem
622 2494 764 2529 ἀγαπητὸν
778 2495 823 2520 καὶ
838 2494 959 2521 ποθεινὸ-

141 2549 228 2566 τειτον
243 2540 378 2574 appellat.
396 2540 426 2567 P.
444 2540 572 2573 363-398,
586 2548 648 2567 eum
663 2540 791 2567 versione
806 2540 956 2567 Bonavent.

143 2588 290 2619 \"uleanii,
312 2588 360 2622 qui
388 2589 495 2623 pritnus
518 2588 612 2616 Grmee
633 2593 661 2616 et
680 2588 776 2615 Latine
801 2596 864 2616 cum
886 2588 958 2614 nolis

143 2636 221 2669 (quae
240 2638 272 2661 et
292 2634 360 2669 ipsa:
379 2634 407 2662 in
421 2635 537 2662 Auberti
557 2635 680 2663 editione
702 2635 736 2662 ad
759 2635 861 2662 calcem
879 2635 958 2661 volu-

180 2690 224 2726 (a)
245 2690 324 2727 Obiit
339 2691 355 2719 6
371 2691 486 2727 Augusti
499 2692 577 2720 161-1.

181 2727 222 2763 (b)
245 2726 494 2763 Videi'l‘illemont.
506 2733 572 2755 tom.
584 2727 655 2759 XIV,
667 2735 693 2762 p.
711 2726 762 2754 665
772 2731 800 2754 et
816 2727 876 2754 689.
890 2726 955 2762 [Ou-

143 2762 219 2799 din.,
237 2766 308 2799 tom.
320 2762 342 2793 l,
357 2769 385 2799 ρ.
401 2762 494 2799 1οὄ6.]

183 2797 220 2833 (ι’)
242 2797 418 2830 Quibusdam
440 2797 646 2833 exemplaribus
666 2806 754 2825 novus
771 2798 868 2824 titulus
886 2805 956 2831 pm:—

144 2833 220 2860 ﬁws
240 2840 307 2860 cum
327 2834 471 2861 notatione
490 2834 555 2861 anni
579 2834 657 2865 1663,
681 2834 865 2867 adjunctaqu
888 2833 956 2859 Gre-

144 2869 218 2904 gorii
239 2868 445 2904 Thaumaturgi
468 2869 503 2896 de
526 2869 574 2896 SS.
597 2869 732 2895 Trinitate
754 2869 829 2895 brevi
851 2868 958 2904 confes—

144 2906 236 2931 sione.
257 2904 340 2932 Pana.
356 2920 392 2925 -—
408 2903 501 2932 Altera
524 2904 610 2931 editio
631 2904 762 2938 inscripta
778 2908 820 2930 est
837 2912 842 2929 :
860 2903 890 2929 Ῐ).
908 2903 958 2938 Cy-

144 2939 203 2966 rilli
218 2956 251 2960 —
270 2939 337 2967 liber
349 2941 381 2967 lle
394 2940 443 2967 SS.
459 2939 598 2969 Trinitate,
610 2940 779 2974 rl-imprimis
796 2939 827 2964 de
844 2948 957 2972 pera-mm

143 2975 247 3002 Clariin
265 2985 359 3010 agens.
376 2984 407 3003 rx
426 2980 493 3002 ιιι-διο
509 2975 565 3001 cod.
586 2978 674 3002 (ινα-(ε
689 2975 845 3009 dvsrriptus,
864 2974 957 3002 Latiar

1010 2355 1142 2388 masceni,
1155 2354 1236 2383 Pselli
1249 2359 1277 2383 et
1289 2355 1327 2391 (d)
1341 2354 1530 2391 Charitonymi
1545 2355 1729 2391 Christonymi
1744 2355 1814 2383 Iler-

1010 2401 1132 2438 monymi
1156 2401 1290 2437 vulgavit,
1314 2401 1343 2428 in
1366 2409 1422 2436 quo
1444 2401 1577 2436 Excerpta
1602 2400 1697 2437 Cyrilli
1719 2406 1813 2428 contra

1010 2448 1194 2480 Nestorianos,
1208 2455 1243 2475 ex
1258 2447 1486 2483 interpretatione
1500 2447 1528 2475 S.
1541 2447 1675 2483 Symboli,
1691 2455 1724 2474 ex
1741 2447 1814 2474 Tlte-

1011 2494 1112 2526 sauris,
1128 2502 1162 2521 ex
1181 2493 1254 2521 libro
1276 2501 1332 2529 quo
1351 2493 1461 2530 reginas
1480 2494 1640 2528 alloquitur,
1655 2497 1683 2520 et
1697 2498 1731 2520 ex
1751 2492 1814 2520 Dia-

1011 2541 1092 2577 logis,
1107 2541 1142 2568 ἐκ
1160 2541 1213 2568 τοῦ
1226 2540 1302 2568 κατὰ
1326 2541 1438 2568 πεῦσιν
1462 2540 1512 2567 καὶ
1532 2541 1694 2574 απόκρισιν
1707 2539 1813 2574 λὸγοὺ,

1013 2595 1047 2615 ex
1069 2586 1217 2615 duodecim
1244 2587 1393 2623 capitulis,
1418 2587 1476 2615 sive
1502 2586 1756 2619 anathematismis,
1780 2592 1818 2623 ex.

1013 2632 1138 2667 epistolis
1158 2631 1191 2659 ad
1212 2631 1344 2659 Acacium
1360 2636 1388 2659 ct
1402 2631 1481 2660 Joan.
1499 2631 1714 2664 Antiochenam,
1732 2635 1760 2659 et
1780 2639 1814 2659 ex

1005 2697 1096 2716 versus
1109 2693 1145 2725 ⁸ει
1164 2687 1268 2725 scholiis
1290 2689 1389 2723 passim
1405 2687 1568 2725 declaratus,
1589 2695 1648 2725 c_urn
1658 2687 1762 2725 fragm.
1784 2686 1813 2715 S.

1008 2723 1140 2760 Gregorii,
1156 2723 1377 2760 Neocarsariensis
1398 2723 1729 2760 ρρὶδιτορὶνάετΤι-ίηίεαιε,
1749 2724 1815 2760 Ita:-

1010 2758 1086 2787 temis
1109 2760 1222 2792 inedita,
1242 2763 1267 2785 et
1290 2758 1433 2786 corollario
1458 2759 1577 2791 metrico,
1598 2759 1730 2794 totiusque
1753 2758 1814 2787 libri

1010 2795 1114 2828 indice;
1131 2803 1189 2830 qua:
1209 2795 1299 2821 omnia
1314 2795 1374 2829 jam
1394 2795 1510 2830 primum
1527 2795 1582 2830 hacr
1596 2794 1710 2821 editione
1729 2802 1814 2822 acces-

1010 2835 1113 2861 serunt,
1136 2829 1218 2866 opera
1241 2834 1269 2866 et"
1290 2830 1377 2866 studio
1403 2829 1543 2866 Wrgelini,
1566 2829 1727 2865 Augustam.
1757 2829 1814 2856 Au-

1012 2870 1099 2901 gustae
1112 2865 1220 2893 Vindcl.
1238 2865 1317 2898 l608,
1330 2865 1355 2892 8.
1373 2865 1456 2893 llAllL.

1050 2901 1088 2937 (τί)
1110 2901 1161 2928 llic
1182 2900 1319 2937 Spartiata
1336 2901 1448 2929 natione
1472 2905 1506 2937 eti
1521 2901 1598 2937 Sixto
1621 2900 1659 2937 Ν
1672 2899 1813 2937 familiaris

1000 2932 1084 2964 lui‘t.’
1099 2936 1166 2964 Vide
1191 2932 1311 2965 Leonem
1337 2937 1469 2965 Allatium
1492 2936 1531 2964 De
1556 2936 1683 2971 Ccorgiis,
1705 2943 1732 2969 p.
1750 2932 1813 2966 593,

1012 2972 1075 3000 59L
