4172 6442
633 407 701 474 σι
1871 412 2153 469 norma
2194 414 2284 469 sx
2327 416 2670 477 numero.
3827 409 3911 485 '68

631 539 885 582 sermone
915 524 990 579 De
1016 527 1387 581 incarnatione
1412 525 1567 581 Θεοῦ
1597 528 1816 597 Λόγου,
1842 529 1990 598 quod
2024 530 2080 584 S.
2104 531 2228 585 Vir-
2257 537 2304 594 Δ
2331 535 2396 590 V.
2455 536 2623 612 Index
2674 537 3024 612 [rapidorum
3043 579 3058 603 ,
3101 538 3447 612 epistolarum
3497 547 3550 594 et
3576 542 3908 612 scriptorum

632 634 703 689 go
733 618 806 672 sit
835 618 1117 683 Θεοτόκος.
1146 619 1424 689 Incipiunt
1460 629 1720 690 excerpta
1754 620 1845 674 illa
1875 618 2171 692 Cyrilliana
2200 641 2215 680 :

630 712 696 764 Οί
725 710 816 764 τὸν
846 712 1083 781 Χριστὸν
1129 713 1210 775 είς
1253 711 1404 775 υίοὺς
1455 711 1771 782 μερίζοντες
1809 711 1921 766 δύο.
1967 712 2128 768 FABR.
2156 724 2241 754 -ε

628 801 790 858 ConI'.
822 801 1027 860 Oudin.
1067 803 1105 856 l.
1139 818 1214 869 c.,
1245 819 1368 874 pag.
1401 803 1541 858 1048
1569 820 1689 874 sqq.

699 932 871 989 Paris.
915 933 970 988 in
1011 935 1144 989 bibl.
1189 935 1343 1006 publ.
1389 936 1512 991 cod.
1547 936 2030 1003 DCCCLXXXVII,
2066 955 2123 994 ιι.
2163 939 2217 1005 5,

626 1025 934 1092 Anastasii,
980 1029 1300 1098 patriarcha:
1359 1029 1703 1093 Antioclzeni,
1743 1039 1792 1083 et
1833 1029 2019 1102 Cyrilli
2062 1047 2222 1102 expo-

623 1118 743 1170 sitio
779 1118 1081 1173 orthodoxa:
1116 1119 1272 1187 fidei,
1316 1135 1371 1172 n.
1399 1121 1458 1189 ἠ,
1495 1119 1684 1191 Cyrilli
1719 1138 1805 1192 ap.
1837 1122 1900 1174 de
1938 1121 1980 1176 Τ
1981 1124 2215 1188 rinitate,

623 1207 750 1262 add.
805 1207 943 1263 infra
994 1209 1062 1263 de
1115 1210 1452 1265 Damasceno
1501 1228 1556 1281 p.
1609 1211 1732 1278 796,
1778 1213 1888 1267 vol.
1934 1214 2066 1279 VIII,
2101 1221 2214 1269 vet.

622 1299 758 1354 edit.
792 1330 862 1339 —
887 1300 946 1353 In
974 1299 1270 1354 Anecdotis
1307 1301 1613 1368 litterariis,
1653 1319 1684 1359 e
1725 1319 1854 1358 mss.
1889 1304 2048 1360 codd.
2089 1321 2216 1360 eru-

623 1389 714 1453 tis,
750 1389 860 1444 vol.
896 1389 986 1454 III,
1023 1399 1108 1444 est
1143 1407 1210 1445 ex
1243 1392 1364 1446 cod.
1396 1393 1644 1448 Naniano
1674 1394 1988 1465 Epiphanii,
2027 1412 2216 1450 mona-

622 1483 712 1536 chi
750 1491 806 1536 et
839 1481 1166 1552 presbyteri,
1213 1482 1291 1536 De
1330 1485 1437 1538 vita
1482 1486 1832 1540 sanctissima:
1864 1485 2112 1557 Deipara:
2150 1488 2214 1541 li-

621 1575 741 1639 ber,
765 1591 796 1628 a
819 1575 973 1630 Joan.
999 1575 1218 1646 Aloysio
1240 1575 1579 1646 Mingarellio
1598 1575 1783 1632 erce
1811 1587 1866 1632 et
1891 1577 2007 1632 Lat.
2028 1579 2210 1633 editus

620 1667 877 1736 notisque
908 1666 1231 1721 illustratus.
1267 1667 1323 1721 In
1361 1683 1447 1732 eo,
1480 1684 1602 1738 pag.
1633 1667 1722 1732 42,
1753 1667 2094 1738 Epiphanius
2125 1685 2210 1724 re—

620 1757 725 1813 fert
754 1758 1128 1828 dijudicatque
1162 1757 1371 1829 Cyrilli,
1403 1758 1482 1811 uti
1517 1757 1756 1828 scripsit,
1793 1758 1861 1812 de
1894 1760 2206 1830 genealogia

619 1851 822 1908 Christi
867 1852 1216 1914 sententiam,
1272 1849 1591 1904 arbitrantis
1619 1849 1766 1903 haud
1811 1849 1918 1904 sibi
1968 1850 2202 1905 invicem

617 1943 899 1998 adversari
949 1942 1310 2013 evangelistas
1368 1941 1682 1996 Matthaaum
1739 1956 1803 1997 ac
1852 1940 2076 1995 Lucam.
2122 1941 2203 1997 Ad

618 2035 772 2088 illum
815 2034 995 2087 locum
1035 2033 1336 2103 Mingarell.
1384 2048 1508 2102 pag.
1549 2031 1636 2096 85,
1673 2039 1789 2086 not.
1836 2031 1923 2096 15,
1961 2033 2207 2087 animad-

615 2126 802 2189 vertit,
835 2124 890 2178 in
934 2124 1121 2195 Cyrilli
1161 2123 1228 2178 ad
1273 2139 1400 2194 opp.
1439 2122 1579 2177 nihil
1627 2123 1733 2177 tale
1783 2123 2021 2178 inveniri
2063 2143 2076 2178 :
2112 2141 2202 2179 ar-

614 2215 850 2273 bitratur
881 2215 1046 2285 igitur
1090 2213 1292 2285 Cyrillo
1322 2228 1385 2267 ea
1419 2212 1590 2268 tribui
1619 2213 1688 2268 ab
1719 2213 2048 2283 Epiphanio,
2081 2229 2204 2284 quaa

611 2304 836 2359 Joannis
896 2303 1216 2357 Damasceni
1291 2302 1424 2365 sint,
1501 2301 1558 2355 in
1620 2301 1764 2356 libro
1835 2318 1886 2356 Iv
1961 2301 2040 2356 De
2097 2303 2202 2371 ﬁde

612 2390 934 2454 orthodoxa,
983 2405 1032 2444 c.
1082 2391 1168 2454 14,
1219 2405 1274 2460 p.
1323 2389 1449 2454 272,
1496 2399 1660 2460 atque
1701 2389 1888 2461 Cyrilli
1935 2391 2088 2446 Alex.
2130 2393 2200 2446 li-

612 2479 798 2545 brum,
836 2480 904 2535 ab
947 2480 1191 2536 Auberto
1241 2481 1450 2535 editum
1495 2490 1658 2551 atque
1707 2482 2034 2554 inscriptum
2073 2502 2085 2536 :
2123 2483 2202 2538 De

609 2583 952 2629 sacrosancta
995 2575 1274 2640 Trinitate,
1301 2574 1506 2646 Cyrillo
1545 2574 1835 2641 tributum,
1869 2577 2006 2630 nihil
2050 2576 2200 2632 aliud

609 2681 730 2721 esse
763 2683 927 2736 quam
987 2667 1204 2720 initium
1255 2667 1438 2736 Operis
1485 2666 1542 2720 S.
1603 2667 1830 2722 Joannis
1878 2669 2199 2724 Damasceni

609 2757 688 2812 De
710 2759 815 2827 ﬁde
843 2759 1154 2822 orthodoxa,
1184 2758 1438 2828 quamvis
1467 2758 1887 2830 interpolatum;
1919 2771 1976 2816 et
2015 2763 2197 2833 suspi-

610 2856 786 2912 catur,
820 2847 875 2901 in
922 2847 1251 2917 quibusdam
1287 2849 1448 2903 codd.
1485 2849 1616 2902 olim
1659 2865 1798 2920 opus
1836 2850 1970 2906 illud
2005 2853 2199 2907 Dama-

611 2939 761 2994 sceni
820 2939 1024 3010 Cyrillo
1082 2938 1250 2993 fuisse
1315 2939 1660 3010 inscriptum.
1724 2941 1950 2996 Librum
2016 2952 2197 2998 tamen

609 3031 901 3101 quemdam
927 3031 1002 3084 De
1023 3041 1142 3084 ortu
1172 3031 1396 3102 Virginis
1423 3032 1625 3103 Cyrillo
1651 3031 1803 3086 Alex.
1834 3033 2005 3087 tribui
2029 3034 2195 3087 etiam

608 3139 638 3178 a
665 3123 971 3178 Trithemio
1023 3123 1218 3178 didicit
1261 3139 1327 3177 ex
1376 3124 1776 3194 Papebrochio,
1817 3125 1976 3196 cujus
2011 3126 2194 3180 locum

607 3233 675 3272 ex
705 3216 848 3270 Actis
881 3215 1153 3280 Sanctor.,
1192 3224 1324 3270 tom.
1370 3215 1390 3269 I
1434 3215 1581 3276 Maii,
1605 3232 1726 3288 pag.
1769 3233 1930 3282 xxxv,
1975 3217 2192 3286 repetit.
2222 3231 2265 3288 ο

606 3309 763 3375 Quod
807 3325 942 3364 vero
992 3308 1404 3377 Papebrochius
1456 3307 1692 3373 dubitat,
1745 3308 1875 3363 talia
1922 3324 1951 3362 a
1992 3307 2199 3380 Cyrillo

611 3401 775 3455 fuisse
814 3399 1143 3468 conscripta,
1202 3399 1501 3469 Mingarell.
1535 3398 1807 3464 observat,
1833 3399 2197 3453 Tritbemiun

609 3492 664 3547 in
688 3493 829 3547 libro
849 3491 922 3544 De
950 3490 1288 3560 scriptoribus
1309 3488 1513 3554 ecclcs.,
1533 3505 1651 3560 cap.
1679 3489 1800 3554 154,
1817 3500 2196 3545 recensentenl

606 3587 795 3657 Cyrilli
842 3585 996 3639 Alex.
1048 3583 1254 3647 libros,
1309 3582 1426 3637 haac
1477 3583 1855 3638 tantummodo
1898 3583 2192 3638 scribere:

607 3678 685 3733 De
717 3685 836 3731 ortu
879 3685 928 3730 et
969 3674 1126 3729 laude
1158 3672 1215 3728 S.
1251 3673 1439 3730 Maria:
1479 3674 1607 3727 liber
1643 3691 1800 3727 unus.
1848 3674 2057 3744 Itaque,
2097 3673 2192 3738 ait,

609 3770 732 3827 fieri
791 3770 953 3826 etiam
980 3775 1182 3839 potest
1223 3775 1283 3821 ut
1329 3765 1642 3838 hujusmodi
1688 3766 1928 3831 libellus,
1991 3766 2195 3838 Cyrillo

606 3860 900 3933 ascriptus,
951 3876 1145 3916 revera
1197 3858 1488 3922 exstiterit,
1535 3873 1699 3928 quem
1751 3866 1808 3912 et
1855 3857 2196 3928 Epiphanius

605 3967 796 4012 noster
834 3953 1056 4017 viderit,
1101 3963 1159 4008 et
1199 3952 1254 4007 S.
1297 3953 1668 4008 Damascenus
1710 3950 1893 4021 aliqua
1935 3965 2003 4006 ex
2042 3959 2196 4020 pauc

613 4043 982 4116 exscripserit.
1022 4044 1190 4099 Hanc.

676 4179 756 4235 κδ’
764 4221 776 4235 .
823 4179 1124 4249 Συναγωγή
1164 4177 1274 4232 τῶν
1318 4176 1682 4248 ἅναγωγικῶς
1740 4175 2195 4248 ἑρμηνευομένων

606 4271 788 4345 ῥητῶν
803 4275 900 4343 τῆς
936 4271 1181 4336 Παλαιᾶς
1210 4271 1452 4342 Γραφῆςο
1485 4269 1736 4326 Collectio
1759 4270 2021 4323 dictorum
2043 4265 2194 4321 Vete-

606 4367 679 4420 ris
703 4365 1022 4420 Testamenti
1055 4367 1342 4435 anagogice
1369 4363 1775 4435 explicatorum,
1805 4377 1860 4433 p.
1886 4361 2193 4426 1-69;cum

604 4455 859 4510 versione
892 4455 1148 4511 Gentiani
1181 4454 1426 4517 IIerveti,
1465 4469 1589 4522 qua
1618 4451 1863 4507 occurrit
1901 4450 1958 4505 in
1983 4449 2194 4505 Latinis

601 4547 790 4619 Cyrilli
812 4547 1152 4602 editionibus
1185 4561 1235 4599 a.
1280 4545 1417 4599 1573
1453 4553 1508 4598 et
1548 4542 1910 4598 1605.6ra3ca
1947 4542 2186 4612 primum
2221 4573 2263 4629 υ

602 4634 673 4692 ab
712 4637 956 4692 Auberto
987 4637 1044 4690 in
1077 4637 1256 4690 lucem
1297 4631 1566 4703 producta
1613 4639 1744 4687 sunt
1791 4646 1860 4686 ex
1899 4631 2089 4688 codice
2119 4632 2180 4686 D.

603 4727 836 4783 Biberii.
868 4728 1060 4797 Neque
1091 4727 1210 4779 luce
1242 4723 1544 4794 Συναγωγὴ
1565 4730 1679 4778 tota
1699 4720 1962 4793 Cyrillum
1993 4731 2184 4778 aucto-

605 4837 721 4875 rem
756 4820 958 4884 habet;
1005 4818 1124 4881 sed,
1163 4827 1225 4870 ut
1267 4816 1383 4886 ipse
1433 4814 1626 4870 titulus
1657 4814 1965 4885 proﬁtetur,
2013 4816 2187 4886 ἐρανι-

605 4910 797 4964 σθεϊσα
826 4908 970 4962 κατὰ
996 4905 1218 4975 σύνοψιν
1254 4906 1347 4959 καὶ
1373 4905 1711 4976 σαφεστέραν
1742 4905 2083 4974 ἀπαγγελίαν
2122 4904 2185 4959 ἐκ

599 5017 664 5055 τε
696 4999 805 5053 τῶν
826 4998 918 5051 τοῦ
947 4997 1234 5051 θεσπεσίου
1269 4996 1560 5069 Κυρίλλου,
1595 4999 1690 5051 καὶ
1740 4997 1846 5052 τῶν
1876 4997 1969 5052 τοῦ
2015 4997 2187 5069 μεγά-

600 5091 695 5145 λου
723 5087 976 5158 Μαξίμου
1005 5086 1098 5140 καὶ
1133 5087 1336 5140 Αοιπῶν
1373 5086 1654 5157 ἐξηγητῶν
1687 5104 1700 5119 ·
1739 5087 1978 5142 Breviter
2023 5086 2186 5142 colle-

603 5191 690 5236 cta
743 5192 792 5234 et
847 5178 1128 5234 dilucidius
1176 5182 1416 5251 exposita
1464 5197 1491 5234 ι
1528 5181 1738 5251 scriptis
1779 5180 1942 5235 divini
1973 5178 2186 5250 Cyrilli,

602 5272 786 5342 magni
829 5269 1070 5333 Maximi,
1128 5279 1177 5324 et
1231 5270 1463 5326 aliorum
1505 5270 1563 5326 S.
1609 5269 1898 5341 Scriptum
1925 5270 2189 5339 interpre-

603 5373 737 5416 tum.
771 5360 973 5431 Incipit
1018 5379 1030 5415 :
1069 5363 1441 5437 Κατηραμένη
1485 5364 1560 5436 γῆ
1600 5367 1658 5418 ὲν
1716 5365 1828 5426 τοῖς
1875 5363 2056 5432 ἔργοις
2095 5359 2189 5414 τοῦ

615 5451 806 5522 Ἀδάμ.

669 5592 746 5662 (a)
776 5591 837 5648 In
856 5591 1089 5650 Walchii
1127 5595 1361 5652 Historia
1392 5597 1600 5658 heres,
1637 5602 1770 5647 tom.
1801 5592 1866 5657 ν,
1896 5592 2096 5662 passim
2120 5601 2178 5650 et

599 5663 934 5736 frequenter,
969 5675 1133 5736 atque
1162 5666 1217 5722 in
1257 5667 1428 5722 Μοιιεί
1453 5662 1788 5721 Collectione
1823 5663 2020 5736 co_ncil_._
2056 5679 2176 5736 am:-

598 5735 750 5858 pliss.
777 5733 859 5815 _de
895 5733 1084 5791 multis
1123 5736 1282 5818 hisce.
1316 5736 1560 5791 homiliis
1593 5743 1757 5816 atque
1807 5733 2076 5815 epistolis,
2109 5733 2176 5817 ad

619 5820 831 5858 neresm
863 5812 919 5858 et
947 5815 1377 5858 controversmm
1425 5806 1804 5858 Nestortanam
1854 5814 2176 5858 pertinenti-

619 5806 831 5874 neresin
863 5812 919 5858 et
947 5807 1377 5862 controversiam
1425 5806 1804 5861 Nestorianam
1853 5806 2177 5874 pertinenti-

595 5877 718 5944 bus,
748 5873 854 5948 agi,
881 5875 994 5947 jam
1024 5890 1191 5948 supra
1229 5875 1612 5935 annotavimus
1656 5892 1669 5932 :
1708 5890 1811 5933 nec
1847 5873 2041 5934 Omnes
2079 5890 2176 5934 co-

2400 607 2668 682 ntinoruin
2714 607 2903 682 Cyrilli
2955 607 3140 682 Ales,
3168 611 3436 682 ascriptis
3487 611 3672 665 ordine
3699 607 3905 682 'alpha-

2397 676 2558 730 betico
2587 676 2923 749 singulorum
2951 680 3118 732 initiis
3157 679 3258 751 (a).

2395 789 2448 842 1.
2505 791 2840 860 Ἀναλάμπει
2893 793 3056 846 πάλιν
3119 794 3217 864 τῆς
3269 794 3430 864 ἁγίας
3455 795 3668 865 ἑορτῆς.
3712 796 3905 852 110ιηί-

2321 881 2394 936 Iia
2425 899 2551 937 xvm
2586 885 2877 953 paschalis,
2910 893 3046 940 tom.
3087 885 3152 951 V,
3185 896 3342 956 parte
3381 903 3440 952 ιι,
3477 904 3600 958 pag.
3636 886 3903 942 253-247.

2393 971 2448 1026 2.
2506 973 2731 1044 Ἀνδρες
2783 975 3051 1045 αίδὲσιμοι
3105 977 3202 1028 καὶ
3262 977 3499 1041 πίστεως
3559 978 3720 1042 ἄξιοι.
3774 979 3905 1048 Epi-

2319 1062 2458 1116 stola
2483 1061 2539 1126 2,
2565 1063 2633 1118 ad
2651 1063 2988 1126 Nestorium,
3024 1071 3156 1117 tom.
3190 1065 3255 1129 V,
3294 1075 3446 1135 parte
3481 1069 3614 1136 n,‘p.
3648 1067 3810 1122 19-21
3835 1084 3904 1123 ex

2315 1163 2471 1224 parte
2502 1171 2518 1208 ι
2542 1155 2731 1210 Actor.
2757 1155 2976 1210 concilii
2999 1155 3287 1226 Ephesini,
3309 1153 3439 1212 tom.
3458 1159 3480 1213 I
3501 1159 3664 1223 Binii,
3698 1176 3752 1229 p.
3776 1160 3898 1214 II9.

2315 1244 2518 1300 Eadem
2539 1260 2664 1299 cum
2687 1247 2842 1300 Marii
2868 1248 3183 1303 Mereatoris
3199 1250 3451 1304 versione
3465 1249 3535 1303 “in
3554 1258 3592 1304 t.
3627 1251 3668 1304 II
3699 1250 3906 1304 Merca-

2315 1337 2443 1390 toris
2459 1336 2594 1391 edit.
2613 1337 2982 1404 Garnerianze,
3002 1357 3057 1410 p.
3086 1340 3176 1406 42,
3199 1351 3256 1396 et
3285 1358 3352 1396 ex
3382 1342 3488 1396 alia
3519 1342 3773 1397 versione
3796 1359 3896 1397 an-

2313 1429 2463 1497 tiqua
2481 1429 2625 1499 apud
2648 1429 2930 1485 Baluzium
2951 1432 3006 1485 in
3022 1432 3168 1487 Nova
3187 1432 3893 1504 Collectione-concilior.,_p.

2308 1517 2433 1583 400,
2451 1520 2544 1588 qui
2576 1519 2898 1574 Mercatoris
2911 1537 3128 1591 quoque
3145 1521 3655 1592 interpretationem
3673 1524 3896 1578 exhibet

2309 1626 2365 1680 p.
2389 1611 2512 1666 640.
2545 1613 3121 1671 Ελιιιι.-νὶιι(101)οιιε
3147 1615 3203 1670 in
3223 1616 3344 1671 cod.
3361 1615 3558 1671 Cmsar.
3579 1616 3891 1684 LXXXIIII,

2308 1719 2366 1757 ιι.
2412 1703 2466 1769 5,
2515 1705 2632 1760 lnec
2665 1707 2918 1776 epistola,
2973 1723 3098 1761 cum
3144 1708 3383 1762 Nestorii
3423 1693 3780 1779 responsione
3814 1711 3893 1781 (in

2307 1794 2684 1851 Conciliorum.
2704 1799 3042 1868 generalium
3079 1799 3212 1854 edit.
3247 1801 3530 1866 Vaticana,
3571 1803 3728 1868 1608,
3754 1813 3886 1858 tom.

2238 1893 2280 1950 Β
2310 1887 2352 1952 I,
2388 1905 2510 1959 pag.
2547 1889 2651 1945 255
2680 1901 2738 1945 et
2759 1891 2907 1962 256),
2932 1909 3034 1948 nec
3062 1909 3175 1947 non
3203 1893 3435 1964 epistola
3466 1911 3522 1949 ιι.
3560 1895 3634 1951 IX
3673 1912 3888 1952 memo-

2307 1987 2423 2034 rata
2452 1980 2530 2051 (in
2565 1981 2731 2036 citata
2763 1982 2851 2037 ed.
2893 1982 3265 2038 Conciliorum
3297 2001 3484 2055 gener.
3519 1995 3558 2040 t.
3583 1987 3623 2052 I,
3656 2002 3713 2056 p.
3741 1986 3884 2058 108),

2305 2079 2361 2126 et
2387 2073 2493 2127 alia
2528 2072 2843 2145 Cyrilliana.
2878 2075 2942 2130 Υ.
2976 2076 3232 2131 Lambec.
3257 2078 3346 2141 III,
3373 2079 3480 2134 col.
3510 2080 3634 2134 476.
3667 2081 3742 2134 De
3771 2081 3888 2150 e'pi-

2304 2166 2460 2220 stolis
2486 2165 2674 2236 Cyrilli
2702 2168 2770 2222 ad
2793 2168 3132 2234 Nestorium,
3151 2178 3207 2224 et
3231 2169 3398 2241 hujus
3429 2172 3886 2242 responsionibus

2303 2252 2480 2329 plura,
2507 2259 2741 2329 aliisque
2770 2260 2958 2332 Cyrilli
2983 2261 3049 2316 ad
3080 2263 3264 2318 varios
3294 2264 3542 2333 epistolis
3571 2265 3678 2320 late
3707 2265 3884 2320 disse-

2305 2350 2378 2404 rit
2404 2350 2616 2405 Walch.
2649 2351 2688 2404 l.
2713 2367 2787 2416 c.,
2825 2368 2878 2421 p.
2907 2352 3010 2405 585
3041 2368 3160 2422 sqq.
3197 2349 3367 2406 IIARL.

2372 2439 2426 2493 5.
2473 2441 2738 2510 Ἀνέγνων
2771 2442 2831 2494 τὸ
2865 2443 3268 2512 ὑπομνηστικὸν
3304 2443 3366 2497 τδ
3410 2444 3713 2498 ἀποσταλὲν
3751 2442 3883 2516 παρ’

2301 2528 2473 2600 ὑμῶν.
2512 2532 2755 2601 Epistola
2789 2532 2841 2596 8,
2871 2533 2937 2587 ad
2963 2534 3196 2588 clericos
3224 2532 3693 2602 Constantinopol.
3741 2534 3884 2590 inter

2299 2633 2359 2673 se
2385 2619 2737 2685 dissidentes,
2765 2630 2897 2676 tom.
2924 2623 2989 2688 V,
3011 2633 3164 2693 parte
3196 2639 3252 2687 ιι,
3281 2639 3336 2694 p.
3364 2624 3534 2678 32-56
3553 2606 3666 2691 ,ἐι
3690 2623 3881 2679 iisdem

2299 2710 2454 2764 Actis
2495 2726 2618 2781 pag.
2655 2711 2776 2767 126.
2810 2712 2878 2766 Et
2907 2727 3034 2766 cum
3069 2713 3224 2766 Marii
3255 2712 3574 2767 Mereatoris
3603 2713 3879 2778 versione,

2299 2800 2396 2855 sed
2446 2816 2570 2869 qua:
2635 2801 2692 2856 in
2744 2802 2936 2856 multis
2985 2803 3201 2873 plenior
3258 2812 3342 2857 est
3394 2802 3540 2872 apud
3600 2801 3880 2856 Baluzium

2298 2908 2420 2964 pag.
2464 2893 2588 2959 641,
2627 2904 2683 2948 et
2727 2903 2859 2949 tom.
2893 2895 2938 2950 Il
2971 2895 3105 2950 edit.
3139 2895 3490 2950 Garneriana:
3533 2911 3589 2965 p.
3635 2885 3725 2968 49,
3755 2911 3882 2949 cum

2295 2984 2550 3040 Gamcrii
2607 2988 2778 3041 notis.
2833 2988 2994 3042 Fam.
3025 3018 3096 3027 —
3127 2987 3316 3043 Graece
3363 2994 3419 3042 et
3467 2988 3588 3042 Lat.
3626 2987 3683 3041 in
3711 2987 3879 3042 Mansi

2296 3077 2548 3144 Collect.,
2599 3090 2734 3135 tom.
2781 3081 2871 3146 IV,
2923 3097 2978 3152 p.
3032 3081 3188 3147 1003,
3241 3090 3296 3136 et
3329 3081 3648 3138 Mercatoris
3679 3082 3878 3143 versio.

2298 3186 2419 3240 qua:
2454 3181 2602 3228 recta
2656 3182 2714 3227 et
2763 3173 3102 3244 prwfcrenda
3142 3189 3262 3229 esse
3298 3174 3505 3230 dicitur
3555 3173 3764 3238 Graeco,
3801 3177 3880 3229 uti

2298 3278 2446 3317 nunc
2480 3263 2701 3333 legitur,
2743 3266 3048 3331 contextui,
3086 3265 3162 3319 ib.
3195 3273 3327 3320 tom.
3372 3263 3436 3331 V,
3472 3283 3526 3337 p.
3552 3267 3674 3320 721.
3711 3267 3878 3321 HABL.

2366 3355 2420 3408 4.
2493 3355 2851 3419 Ἀξιάκουστα
2912 3358 3011 3426 μὲν
3057 3358 3150 3410 καὶ
3192 3358 3466 3428 ἐξαίρετα.
3519 3357 3763 3428 Epistola
3809 3358 3877 3414 ad

2297 3445 2670 3500 Theodosium
2721 3447 3027 3514 Juniorem,
3069 3450 3351 3518 prtemissa
3385 3450 3543 3506 libris
3568 3459 3751 3506 contra
3777 3450 3882 3506 Ju-

2299 3535 2524 3601 lianum,
2551 3544 2683 3590 tom.
2711 3537 2827 3601 VII,
2857 3554 2911 3608 p.
2951 3539 3001 3594 1.

2365 3628 2419 3682 5.
2463 3628 2703 3700 Ἀπὸχρη
2731 3629 2830 3700 μὲν
2855 3631 2930 3694 ὼς
2952 3631 3254 3702 διάκειμαι.
3285 3633 3529 3703 Epistola
3557 3635 3646 3698 44,
3676 3634 3741 3690 ad
3770 3635 3886 3707 Va-

2293 3717 2585 3779 lerianum,
2617 3717 2787 3773 Iconii
2835 3720 3178 3790 episcopum,
3210 3720 3475 3777 adversus
3500 3737 3597 3778 eos
3630 3723 3723 3791 qui
3750 3739 3882 3778 enim

2295 3806 2552 3868 Nestorio
2581 3808 2848 3863 sentiunt.
2884 3809 3042 3863 'I‘om.
3079 3809 3145 3874 V,
3175 3819 3330 3880 parte
3363 3826 3422 3876 ιι,
3463 3826 3584 3882 pag.
3613 3811 3881 3878 158-171,

2293 3918 2364 3958 ex
2399 3911 2554 3972 parte
2591 3916 2651 3954 ιιι
2681 3899 2866 3953 Actor.
2902 3897 3096 3969 synodi
3131 3897 3420 3967 Ephesius:
3449 3913 3504 3968 p.
3535 3899 3660 3954 448.
3689 3899 3886 3954 Memi-

2293 3991 2378 4046 nit
2430 3989 2740 4053 Liberatus,
2792 4003 2914 4058 cap.
2954 3986 3025 4052 9;
3081 3986 3346 4042 Leontius
3396 3987 3562 4060 Byz.;
3612 3988 3884 4061 Eulogius

2294 4081 2439 4153 apud
2490 4080 2770 4148 Photium,
2819 4079 3060 4148 itemque
3115 4077 3225 4133 alii.
3270 4077 3406 4136 Vide
3463 4079 3881 4138 Tillemontium

2296 4183 2428 4230 tom.
2458 4173 2596 4237 XIV,
2633 4187 2691 4242 p.
2725 4171 2847 4226 569.

2363 4266 2415 4321 6.
2459 4267 2604 4336 Ἀρα
2638 4263 2703 4334 δὴ
2755 4261 2916 4316 πάλιν
2951 4262 3098 4333 ἡμᾶς
3137 4262 3255 4326 ταῖς
3291 4261 3401 4317 τῶν
3433 4263 3605 4330 ἁγίων
3640 4263 3879 4316 ἕπεσθαι.

2291 4355 2424 4412 δεῖν.
2461 4355 2700 4411 Homilia
2737 4370 2772 4409 ι
2797 4353 3092 4424 paschalis,
3123 4363 3260 4420 tom,
3285 4353 3350 4420 V,
3384 4364 3538 4424 parte
3563 4369 3620 4420 ιι,
3647 4370 3702 4424 p.
3738 4354 3876 4410 125-

2296 4449 2418 4505 142.
3847 4497 3854 4502 .

2363 4543 2416 4598 7.
2451 4543 2592 4614 ’Ἄρα
2627 4541 2788 4594 πάλιν
2830 4541 2980 4610 ἡμᾶς
3028 4539 3096 4592 τὰ
3133 4537 3383 4609 λαμπρά.
3426 4538 3662 4594 Homilia
3694 4555 3749 4593 ιι
3771 4553 3878 4610 pa-

2291 4632 2518 4697 schalis,
2552 4639 2686 4686 tom.
2712 4632 2778 4694 V,
2808 4638 2964 4700 parte
2997 4645 3054 4693 ιι,
3080 4644 3202 4699 pag.
3239 4627 3489 4683 106.125.

2360 4724 2414 4779 8.
2461 4722 2809 4793 ’Δφικὸμενοί
2841 4729 2984 4784 τινες
3022 4720 3131 4774 ἀπὸ
3160 4718 3253 4774 τοῦ
3279 4719 3438 4790 ὅρους
3461 4718 3555 4772 τοῦ
3592 4718 3874 4789 Καλαμῶο

2289 4833 2399 4881 νος.
2429 4815 2676 4886 Epistola
2710 4813 2778 4868 ad
2811 4812 3174 4884 Calosyrium,
3227 4811 3370 4867 libro
3407 4821 3592 4865 contra
3638 4809 3878 4864 Anthro-

2291 4907 2654 4978 pomorphitas
2697 4904 2979 4975 praemissa
3032 4913 3165 4958 tom.
3195 4901 3307 4968 VII,
3340 4919 3395 4975 p.
3428 4903 3681 4958 563-365.
3709 4903 3873 4959 Faue.

2291 4999 2369 5053 De
2417 4995 2540 5051 cod.
2575 4995 2837 5050 Laurent.
2872 4996 2936 5052 V.
2979 4994 3211 5050 Bandini
3243 4993 3362 5050 Cat.
3399 4995 3548 5050 codd.
3602 4995 3790 5062 Laur.,
3829 4997 3875 5062 I,

2288 5103 2343 5158 ιι.
2379 5087 2502 5151 129,
2539 5103 2596 5142 ιι.
2629 5087 2718 5141 22.
2759 5087 2927 5142 Hanc.

2357 5178 2412 5232 9.
2446 5177 2731 5245 Ἀφίκοντο
2759 5178 2858 5249 μέν
2879 5196 3028 5244 τινες
3057 5180 3200 5235 κατὰ
3225 5179 3287 5234 τὸ
3317 5180 3509 5245 εἰωθὸς
3533 5182 3591 5234 ὲν
3632 5179 3878 5245 Ἀλεξαν-

2286 5266 2466 5337 δρείᾳ.
2501 5268 2744 5339 Epistola
2783 5269 2836 5335 1,
2873 5270 2942 5325 ad
2995 5271 3297 5328 monachos
3324 5271 3542 5344 Egypti
3589 5271 3686 5342 (ὁ),
3728 5271 3877 5327 seri-

2286 5368 2380 5429 pta
2437 5359 2503 5414 A.
2564 5358 2625 5415 C.
2671 5359 2795 5416 429.
2839 5360 2997 5417 Tom.
3055 5361 3120 5428 V,
3174 5372 3332 5435 parte
3371 5378 3430 5427 ιι,
3465 5378 3586 5434 pag.
3623 5362 3770 5417 1-19.
3813 5362 3876 5418 In

2287 5449 2439 5504 Actis
2478 5444 2698 5505 concilii
2735 5450 3021 5520 Ephesini,
3057 5461 3215 5524 parte
3255 5469 3292 5518 ι,
3343 5459 3478 5507 tom.
3506 5452 3528 5507 I
3557 5451 3691 5515 edit.
3731 5450 3876 5507 Binii

2279 5593 2433 5668 dices
2486 5591 2542 5649 in
2595 5592 2801 5664 quibus
2850 5595 3081 5668 singulis
3124 5593 3364 5653 homilite
3417 5603 3581 5668 atque
3629 5591 3877 5668 epistola

2277 5663 2558 5737 leguntur,
2578 5663 2809 5737 ‘etrquos
2844 5663 3048 5736 passim
3083 5675 3180 5737 aut
3208 5663 3512 5736 generatim
3549 5663 3714 5737 supra
3753 5664 3876 5718 Iau-

2279 5732 2426 5796 davi,
2459 5733 2550 5788 hic
2575 5732 2821 5790 Indi’care
2845 5732 3024 5791 vacat.
3072 5732 3244 5792 ΗΑιιιῖ.

2353 5802 2601 5878 (b)_V_ide
2654 5804 3163 5878 'liﬂemont.g_tom.
3232 5805 3373 5873 XIV,
3420 5823 3476 5878 p.
3535 5805 3658 5866 330.
3704 5805 3872 5863 Fam.

2278 5871 2450 5971 mansi
2483 5871 2856 5972 ςοιιςοιτηιν,
2887 5893 2942 5949 p.
2981 5876 3084 5956 5'87
3116 5892 3239 5952 sqq.
3284 5871 3452 5942 ιιωζ.
