4172 6444
384 420 459 476 69
1641 423 1926 478 NOTITIA
1965 423 1990 478 1

2106 421 2446 480 FABRICIO.
2759 389 2762 391 λ
3628 425 3700 477 -ιυ

379 553 440 592 a.
471 535 635 601 1618,
677 550 803 609 pag.
841 535 898 592 9.
938 535 1183 607 Antiqua
1228 533 1413 593 versio
1445 533 1594 606 apud
1624 535 1910 590 Baluzium
1938 536 1990 589 in

2169 534 2261 589 20.
2298 535 2362 589 Et
2388 534 2614 599 τέλειος,
2648 534 2833 604 φασὶν,
2869 533 3019 588 ἐστὶν
3070 533 3101 588 6
3146 533 3339 604 Πατήρ
3390 533 3449 586 ἐν
3481 534 3550 604 τῇ
3588 533 3699 606 ὶδιᾳ.

372 627 540 684 Nova
574 625 778 682 collect.
817 628 1118 694 concilior.,
1147 642 1271 698 pag.
1318 625 1444 682 58⁸7.
1499 624 1692 698 [Mans.
1740 635 1872 681 tom.
1926 627 1992 693 V,

372 717 900 880 .Ilaatltwhv
941 809 994 862 oi
1035 807 1222 861 rcta-eoi
1253 807 1518 879 σήμερον.
1560 805 1798 864 Homilia
1834 808 1891 864 in
1917 805 1997 864 fe-

367 911 538 959 stum
583 903 694 956 τῶν
735 901 929 973 βαῖων,
964 901 1082 956 sive
1103 899 1436 971 palmarum,
1471 907 1530 954 et
1561 899 1631 955 de
1660 898 1814 970 pullo
1828 900 1991 955 asini.

368 994 550 1054 Tom.
587 995 657 1060 V,
698 1004 859 1066 parte
907 1010 971 1058 ιι,
1017 1009 1076 1064 p.
1131 991 1397 1057 591-405,
1437 992 1680 1062 primum
1729 994 1881 1050 edita
1922 994 1994 1050 ab

369 1089 640 1145 Auberto
691 1102 723 1142 e
779 1101 885 1141 ms.
920 1085 1134 1140 Bodlei.
1172 1084 1252 1157 [n.
1291 1083 1444 1158 119.]
1475 1085 1636 1140 FABR.
1668 1118 1739 1127 —
1762 1086 1995 1143 Codices

370 1181 640 1252 quidam,
677 1188 738 1234 ut
770 1179 828 1234 in
871 1178 1011 1234 Bibl.
1057 1177 1304 1244 Coislin.,
1341 1193 1466 1250 pag.
1498 1179 1626 1245 402,
1653 1196 1777 1236 eam
1808 1181 1992 1236 homi-

371 1271 517 1326 liam
563 1270 823 1325 tribuunt
859 1268 1104 1341 Cyrillo;
1156 1271 1253 1325 alii
1303 1286 1439 1326 vero
1496 1269 1751 1341 Eulogio,
1807 1270 1992 1326 archi-

371 1362 560 1433 episc.
618 1359 1039 1426 Alexandrino,
1087 1377 1153 1416 ac
1211 1360 1399 1417 Graece
1445 1369 1503 1416 et
1553 1361 1674 1416 Lat.
1723 1369 1902 1418 exstat
1932 1360 1992 1418 in

369 1457 650 1511 Auctario
701 1472 836 1510 novo
885 1453 1228 1519 Combeﬂsii,
1288 1462 1424 1509 tom.
1477 1454 1522 1520 l,
1569 1470 1692 1526 pag.
1729 1457 1856 1522 651,
1893 1472 1993 1513 no-

371 1559 538 1604 tante
595 1549 889 1615 Fabricio,
944 1546 1089 1602 infra
1130 1547 1244 1602 vol.
1292 1545 1400 1612 ΙΧ,
1433 1561 1555 1619 pag.
1595 1547 1698 1604 129
1745 1556 1856 1604 vet.
1895 1548 1986 1604 ed.

371 1640 561 1696 ΒΑΜ..

455 1734 552 1787 11.
615 1734 740 1786 Δεῖν
799 1731 991 1804 ᾠήθην
1045 1734 1112 1804 τῇ
1165 1734 1232 1804 σῇ
1281 1731 1586 1805 θεοσεϐείᾳ.
1632 1732 1880 1804 Epistula
1919 1731 1990 1788 ad

371 1824 688 1887 Donatum,
746 1822 1033 1893 Nicopolis
1093 1823 1148 1878 in
1188 1823 1366 1879 veteri
1419 1823 1592 1894 Epiro
1641 1824 1984 1894 episcopum.

2106 628 2514 700 μεγαλειότητι.
2551 628 2693 684 Vide
2732 644 2901 699 supra
2941 641 3096 683 num.
3132 626 3224 692 25,
3268 625 3326 681 in
3372 625 3698 682 recensione

2102 735 2334 792 operum
2375 729 2527 776 tomo
2555 720 2647 776 VII
2675 721 2908 777 Auberti
2937 727 3350 776 contentorum.

2173 812 2266 866 21.
2300 813 2548 866 Ἕκαστα
2609 811 2720 867 τῶν
2783 811 2908 867 καθ’
2963 814 3112 884 ἡμᾶς
3147 812 3516 885 πραγμάτων.
3561 813 3691 884 Epi-

2102 905 2243 962 stola
2282 905 2372 970 59,
2419 904 2488 960 ad
2528 905 2800 960 Domuum
2835 905 3122 960 canonica.
3157 904 3314 959 Tom.
3350 904 3464 970 VII,
3504 921 3560 975 p.
3593 905 3694 961 209

2101 1011 2282 1067 seqq.,
2307 1005 2366 1051 et
2396 1004 2531 1052 tom.
2563 995 2609 1050 II
2652 994 2852 1051 ϐοηάή
2892 994 3120 1060 Labbei,
3162 1011 3219 1064 p.
3256 994 3438 1061 1188;
3475 1003 3532 1050 et
3569 1012 3692 1051 cum

2100 1087 2382 1144 Theodori
2432 1087 2772 1142 Balsamonis
2807 1085 3034 1141 scholiis
3068 1095 3200 1141 tom.
3238 1087 3281 1142 Il
3309 1087 3560 1158 Synodici
3592 1088 3692 1142 Bc-

2098 1181 2403 1253 veregiani,
2429 1197 2486 1252 p.
2522 1180 2646 1235 175.
2685 1179 2844 1234 FABR.
2883 1209 2953 1218 —
2984 1179 3050 1234 V.
3095 1179 3298 1250 passim
3327 1181 3440 1251 jam
3481 1195 3687 1235 memo-

2099 1281 2252 1329 ratos
2277 1273 2442 1329 codd.
3073 1331 3076 1346 τ

2170 1362 2370 1420 Oxonii
2408 1364 2463 1419 in
2493 1363 2618 1420 cod.
2659 1363 2885 1419 Barocc.
2915 1361 3123 1418 CLVIII
3156 1361 3292 1416 bibl.
3331 1362 3542 1418 Bodlei.

2171 1454 2404 1510 Taurini
2431 1455 2485 1510 in
2507 1454 2631 1511 cod.
2656 1453 2770 1520 CV,
2804 1454 2861 1508 in
2895 1453 3014 1510 Cat.
3041 1453 3164 1508 bibl.
3201 1453 3446 1518 Taurin.,
3479 1470 3535 1524 p.
3561 1454 3683 1508 195.

2168 1547 2231 1602 In
2271 1546 2395 1603 cod.
2438 1546 2644 1604 Caesar.
2691 1546 2877 1612 XLIV,
2938 1562 2996 1600 n.
3037 1545 3127 1609 5.1,
3160 1559 3288 1615 epp.
3338 1545 3362 1598 1
3418 1544 3490 1600 ad
3522 1546 3683 1600 Maxi-

2097 1655 2272 1704 mum,
2327 1638 2470 1694 diae.
2523 1638 2892 1705 Antiochen.;
2943 1637 2979 1691 2
3031 1637 3099 1692 ad
3129 1636 3517 1704 Gennadium;
3550 1638 3584 1692 5
3618 1637 3684 1692 ad

2096 1731 2371 1786 Domuum
2425 1731 2721 1798 Antioch.;
2763 1731 2798 1785 4
2847 1729 2916 1785 ad
2967 1729 3261 1800 episcopos
3325 1729 3381 1784 in
3427 1729 3597 1803 Libya
3633 1741 3682 1785 et

2097 1822 2422 1894 Pentapoli;
2481 1831 2647 1894 atque
2703 1839 2760 1876 ιι.
2807 1823 2842 1877 5
2873 1831 2929 1876 et
2956 1823 3010 1886 4,
3058 1821 3114 1875 in
3153 1820 3278 1876 cod.
3315 1820 3478 1886 XLV,
3510 1839 3567 1875 ιι.
3594 1822 3682 1876 29.

370 1917 546 1970 Tom.
585 1916 651 1980 V,
689 1923 848 1986 parte
878 1932 936 1981 ιι,
964 1931 1021 1986 p.
1061 1916 1320 1983 155-157,
1355 1932 1423 1972 ex
1447 1926 1604 1988 parte
1641 1933 1697 1972 ιιι
1728 1917 1990 1973 Actorum

2095 1915 2160 1968 V.
2204 1915 2462 1970 Lambec.
2507 1916 2660 1980 VIII,
2703 1931 2759 1986 p.
2817 1914 2921 1969 887
2970 1923 3027 1969 et
3085 1914 3192 1968 914
3234 1928 3352 1984 seq.
3382 1913 3532 1968 —Iu
3559 1914 3682 1969 cod.

368 2007 611 2062 concilii
653 2006 944 2076 Ephesini,
981 2015 1116 2061 tom.
1161 2006 1182 2060 l
1219 2006 1384 2072 Binii,
1420 2023 1476 2078 p.
1510 2008 1635 2064 446.
1670 2006 1863 2063 Latina
1891 2024 1992 2064 ve-

368 2107 474 2152 tns
519 2097 712 2152 versio
767 2106 950 2152 exstat
1000 2097 1058 2152 in
1093 2097 1369 2170 Synodico
1420 2107 1614 2154 contra
1665 2099 1990 2171 tragmdiam

367 2191 606 2256 Irena'i,
632 2206 757 2262 pag.
799 2190 924 2245 909.
958 2191 1147 2246 Baluz.
1186 2191 1338 2246 Nova
1370 2192 1588 2246 collect.
1627 2191 1916 2246 concilior.

452 2283 546 2336 12.
582 2281 751 2334 Δεῦτε
797 2281 883 2353 δὴ,
939 2280 1096 2336 δεῦτε
1143 2281 1326 2344 πάλιν,
1351 2280 1834 2352 ἀγαλλιασώμεθα.
1875 2281 1987 2338 Ho-

368 2374 537 2432 milia
570 2389 626 2427 xt
659 2373 956 2444 paschalis.
993 2373 1152 2428 Tom.
1185 2374 1250 2438 V,
1286 2383 1442 2444 parte
1468 2390 1526 2439 ιι,
1562 2390 1618 2445 p.
1657 2375 1917 2430 112-161.

450 2465 546 2519 15.
595 2461 760 2521 Δεῦτε
801 2464 987 2526 πάλιν,
1029 2463 1492 2536 ἀγαλλιασώμεθα
1520 2466 1598 2536 τῷ
1634 2465 1847 2536 Κυρίῳ.
1882 2465 1992 2522 Ho-

366 2553 533 2608 milia
588 2567 658 2607 xv
687 2553 984 2623 paschalis.
1027 2553 1186 2607 Tom.
1223 2554 1288 2620 V,
1325 2563 1482 2625 parte
1525 2571 1587 2621 ιι,
1632 2571 1689 2626 p.
1726 2556 1985 2613 198-210.

453 2645 547 2698 14.
597 2643 836 2714 Διψῶντί
880 2661 971 2715 μοι
1002 2645 1167 2698 πάλιν
1195 2645 1296 2716 τῆς
1325 2645 1480 2716 ὑμῶν
1510 2647 1830 2712 ἐπιεικείας.
1862 2649 1990 2719 Epi-

367 2737 519 2792 stoia
554 2736 627 2793 19
656 2736 957 2807 posterior,
983 2753 1014 2792 e
1047 2737 1241 2793 Rhodo
1271 2739 1496 2809 scripta,
1529 2748 1655 2795 ante
1693 2741 1986 2811 synodum,

367 2829 443 2884 ad
494 2830 718 2884 clerum
773 2831 1155 2901 populumque
1203 2830 1658 2886 Alexandrinum.
1718 2833 1875 2887 Tom.
1920 2834 1985 2900 V,

369 2915 538 2989 parte
591 2935 652 2982 ιι,
689 2934 746 2989 p.
776 2919 867 2985 85,
906 2935 976 2974 ex
1004 2927 1160 2990 parte
1193 2937 1211 2975 ι
1239 2923 1424 2976 Actor.
1449 2921 1644 2994 synodi
1674 2923 1986 2995 Ephesium,

372 3024 514 3066 tom.
545 3010 567 3065 Ι
601 3010 772 3075 Binii,
815 3027 938 3082 pag.
970 3011 1092 3068 165.

461 3104 555 3158 15.
602 3104 790 3172 Ἔγνω
842 3121 946 3158 που
1002 3104 1225 3168 πάντως
1278 3106 1374 3160 καὶ
1429 3105 1518 3160 διὰ
1568 3106 1799 3162 πολλῶν.
1854 3109 1987 3180 Epi-

366 3197 520 3253 stola
550 3197 588 3250 2
617 3197 688 3251 ad
718 3197 882 3253 Joan.
923 3199 1357 3255 Antiochenum.
1404 3200 1563 3256 Tom.
1621 3202 1686 3264 V,
1721 3212 1877 3272 parte
1926 3220 1984 3269 ιι,

370 3305 432 3359 p.
494 3287 690 3353 4244,
745 3304 815 3344 ex
865 3296 1023 3359 parte
1055 3306 1071 3344 ι
1107 3290 1371 3366 Actorum
1418 3291 1638 3347 concilii
1699 3292 1984 3363 Ephesini,

369 3387 517 3432 tom.
551 3379 574 3434 Ι
604 3378 776 3445 Binii,
808 3397 934 3451 pag.
966 3381 1090 3434 144.
1127 3381 1289 3436 Ὲδιιιι.

449 3470 543 3525 16.
590 3472 746 3525 Ἔδει
791 3472 895 3540 μὲν
953 3472 1244 3544 ἀρκεῖσθαι
1273 3475 1394 3536 ταῖς
1432 3473 1542 3528 τῶν
1581 3474 1984 3546 προλαϐόντων.

370 3561 626 3620 Homilia
666 3563 873 3633 Ephesi
909 3563 1079 3628 dicta,
1114 3579 1241 3619 cum
1283 3576 1517 3637 synaxes
1566 3577 1984 3638 peragerentur,

370 3655 640 3726 deposito
666 3654 950 3710 Nestorio.
991 3655 1055 3710 T.
1092 3657 1156 3721 V,
1187 3664 1344 3726 parte
1386 3673 1447 3723 ιι,
1479 3673 1601 3728 pag.
1630 3657 1892 3714 558-561.
1926 3659 1986 3714 In

371 3747 598 3803 Latinis
628 3747 977 3803 editionibus
1029 3757 1212 3803 exstat
1265 3764 1334 3804 ex
1389 3749 1646 3806 versione
1674 3750 1986 3824 Wolfgangi

371 3840 640 3896 Husculi.
673 3839 784 3896 Sed
813 3840 1096 3896 Aubertus
1123 3842 1365 3898 servavit
1387 3844 1699 3898 versionem
1747 3860 1986 3914 quacum

378 3933 594 4005 legitur
647 3933 707 3988 in
776 3942 934 4004 parte
994 3950 1033 3989 ιι
1077 3935 1345 3990 Actorum
1399 3935 1593 4008 synodi
1651 3936 1982 4008 Ephesium,

373 4033 516 4078 tom.
558 4024 581 4078 ι
611 4023 780 4090 Binii,
813 4041 869 4095 p.
918 4025 1048 4080 219.
1079 4025 1200 4081 Alia
1233 4037 1396 4083 vetus
1423 4027 1807 4100 interpretatio
1835 4031 1985 4103 apud

370 4115 693 4180 Baluzium,
727 4132 785 4186 p.
819 4117 926 4173 548
956 4117 1123 4174 Nova}
1157 4120 1378 4176 collect.

446 4209 542 4262 17.
579 4210 642 4262 Εἰ
672 4210 771 4263 καὶ
809 4209 1155 4283 πλατύτερον
1183 4211 1312 4266 ἔδει.
1367 4213 1612 4284 Epistola
1656 4215 1748 4281 22,
1780 4215 1847 4272 ad
1874 4217 1987 4273 cle-

372 4316 505 4356 rum
537 4301 922 4372 populumque
950 4302 1133 4368 Alex.,
1167 4314 1304 4358 tom.
1339 4305 1406 4370 V,
1429 4315 1588 4377 parte
1611 4323 1669 4372 ιι,
1697 4323 1753 4377 p.
1787 4308 1882 4373 79,
1915 4323 1984 4364 ex

373 4402 536 4462 parte
567 4409 608 4446 ιι
638 4391 908 4447 Actorum
947 4393 1144 4466 synodi
1194 4393 1508 4466 Ephesinae,
1566 4404 1698 4452 tom.
1753 4397 1773 4452 Ι
1815 4397 1982 4466 Binii,

369 4499 430 4554 p.
475 4483 610 4538 2n.

2094 2003 2256 2071 XLV,
2295 2023 2352 2061 ιι.
2391 2007 2479 2070 12,
2517 2007 2614 2062 ubi
2657 2007 2891 2077 epistola
2934 2007 3026 2061 illa
3069 2005 3446 2060 subdividitur
3483 2006 3538 2061 in
3577 2015 3686 2061 tres

2093 2112 2358 2154 canones.
2419 2100 2484 2156 V.
2552 2101 2757 2156 Kollar.
2799 2100 2991 2170 Suppl.
3028 2099 3096 2154 ad
3148 2100 3430 2164 Lambec.,
3461 2115 3516 2170 p.
3559 2098 3680 2153 520.

2093 2191 2233 2246 Ibid.
2264 2209 2321 2246 ιι.
2352 2192 2438 2256 15,
2477 2193 2638 2262 epist.
2679 2193 2748 2247 ad
2781 2193 2952 2263 episc.
2987 2191 3174 2264 Libyas
3203 2203 3260 2246 et
3289 2192 3681 2263 Pentapoleos;

2093 2293 2330 2356 utraque
2351 2285 2407 2340 in
2436 2285 2716 2358 Synodico
2754 2295 2888 2341 tom.
2928 2284 2994 2350 ll,
3037 2301 3093 2356 p.
3133 2284 3256 2339 178.
3300 2285 3468 2340 HABL.

2162 2377 2252 2431 22.
2289 2372 2533 2447 Ἐμάθον
2562 2377 2714 2448 παρὰ
2741 2377 2835 2430 τοῦ
2865 2377 3153 2446 ἀγαπητοῦ
3182 2375 3508 2446 μονάζοντος
3535 2372 3680 2429 1116-

2091 2468 2208 2524 λου.
2258 2471 2433 2541 Epist.
2463 2471 2552 2524 49.
2589 2469 3088 2526 Commonitorium
3119 2469 3185 2525 ad
3224 2468 3541 2535 Maximum,
3568 2469 3678 2530 dia-

2091 2577 2292 2619 conum
2333 2564 2760 2619 Autiochenum.
2791 2563 2871 2618 Id.
2906 2580 2963 2635 p.
2999 2563 3121 2618 192.

2161 2655 2250 2710 25.
2297 2656 2548 2726 Ἐμφανῆ
2575 2657 2672 2728 μὲν
2703 2655 3048 2728 καθίστησιν.
3087 2654 3330 2725 Epistola
3366 2655 3455 2720 59,
3496 2665 3678 2726 poste-

2091 2750 2207 2804 rior
2247 2749 2315 2804 de
2374 2748 2480 2804 ﬁde
2535 2748 2602 2803 ad
2651 2747 3012 2803 Succensum.
3053 2749 3134 2803 Id.
3175 2765 3231 2820 p.
3267 2749 3528 2806 111-151.
3575 2733 3680 2807 Sed

2091 2849 2244 2905 nota,
2301 2850 2514 2911 partem
2551 2840 2916 2910 posteriorem
2957 2856 2988 2896 a
3037 2856 3162 2912 pag.
3223 2841 3326 2896 145
3373 2857 3490 2914 seq.
3541 2842 3682 2897 male

2091 2941 2331 2987 assutam
2354 2947 2422 2986 ex
2459 2931 2689 3000 epistola
2729 2931 2796 2985 ad
2834 2931 3094 2986 Acacium
3128 2948 3183 3001 p.
3220 2932 3324 2988 115
3354 2949 3495 3003 seq.,
3534 2933 3679 3003 quod

2091 3022 2316 3078 Usserio
2372 3023 2538 3076 etiam
2593 3021 2826 3091 pulchre
2878 3021 3255 3076 observatum.
3297 3021 3491 3078 Latina
3523 3031 3678 3078 vetus

2089 3113 2274 3167 versio
2302 3120 2482 3167 exstat
2512 3113 2568 3166 in
2601 3111 2876 3184 Synodico
2908 3120 3098 3168 contra
3134 3113 3458 3183 tragmdiam
3489 3113 3678 3168 Irenaei

2091 3204 2236 3273 apud
2287 3203 2475 3257 Baluz.
2513 3219 2569 3273 p.
2633 3203 2756 3257 925.
2799 3203 2938 3258 Vide
2989 3212 3045 3257 et
3093 3218 3215 3273 pag.
3259 3202 3362 3258 786
3396 3219 3513 3274 seq.
3543 3205 3682 3259 Pro-

2090 3293 2310 3346 dicrant
2369 3307 2591 3362 quoque
2643 3291 2819 3346 amba:
2864 3290 3052 3363 Cyrilli
3093 3290 3162 3345 ad
3197 3291 3536 3346 Succensum
3567 3293 3686 3363 epi-

2089 3385 2265 3450 stolm,
2293 3385 2556 3456 Dionysio
2594 3384 2806 3456 Exiguo
2852 3383 3182 3454 interprete,
3215 3384 3272 3438 in
3304 3384 3554 3439 Antidota
3582 3386 3682 3439 πάν

2087 3493 2268 3531 versus
2316 3477 2559 3540 hereses,
2597 3476 2760 3532 Basil.
2810 3476 2969 3541 1528,
3014 3475 3108 3530 fol.
3154 3475 3360 3531 Locum
3395 3493 3462 3531 ex
3495 3484 3682 3547 peste-

2089 3570 2238 3624 riore
2274 3570 2506 3640 epistola
2540 3570 2787 3625 vindicat
2835 3577 3027 3625 contra
3060 3569 3394 3625 Severianus
3445 3570 3682 3641 Ephrai-

2088 3677 2214 3717 mus
2270 3662 2414 3732 apud
2473 3662 2752 3717 Photium.
2787 3662 2912 3717 cod.
2949 3677 3160 3726 ccxxrx,
3217 3661 3312 3732 qui
3366 3670 3423 3718 et
3479 3662 3686 3733 prioris

2088 3755 2362 3810 meminit.
2391 3754 2529 3810 Vide
2569 3763 2626 3809 et
2663 3754 3016 3810 collationem
3060 3769 3186 3809 cum
3221 3753 3535 3810 Severiauis
3565 3756 3682 3811 sive

2087 3845 2405 3916 Acephalis,
2455 3845 2699 3901 habitam
2754 3843 3230 3917 Constantinopoli
3286 3843 3352 3901 A.
3411 3844 3472 3902 C.
3534 3846 3681 3912 552,

2091 3946 2223 3992 tom.
2246 3937 2292 3992 Il
2321 3937 2487 4003 Binii,
2529 3953 2585 4007 p.
2615 3937 2740 3993 661.
2771 3936 2932 3992 Faun.

2158 4049 2420 4120 Epistolas
2475 4048 2598 4104 duae
2668 4047 2737 4104 ad
2791 4048 3133 4104 Suecensum
3198 4047 3374 4103 Paris.
3434 4047 3491 4103 in
3553 4047 3680 4106 cod.

2085 4140 2530 4208 DCCCLXXXII,
2558 4157 2616 4196 ιι.
2657 4141 2711 4207 9,
2744 4149 2800 4196 et
2835 4157 2894 4195 ιι.
2934 4142 2990 4207 4,
3019 4140 3255 4211 epistola
3278 4155 3394 4210 seq.
3433 4141 3503 4195 ad
3533 4141 3680 4196 Evo-

2086 4229 2286 4300 ptium.
2325 4229 2494 4284 Ηλιιι..

2156 4341 2248 4396 24.
2285 4342 2568 4413 Ἐνέτυχον
2586 4343 2698 4406 τοῖς
2733 4340 2888 4414 παρὰ
2918 4340 3022 4412 τῆς
3047 4341 3148 4412 σῆς
3179 4339 3510 4406 θεοσεϐείας.
3545 4341 3681 4413 Epi-

2086 4434 2226 4490 stola
2252 4433 2318 4490 ad
2347 4433 2661 4504 Evoptium.
2695 4433 2852 4489 Tom.
2878 4434 2991 4500 VII,
3016 4449 3072 4505 p.
3101 4432 3206 4488 200
3233 4448 3387 4504 seqq.
3423 4433 3561 4490 Vide
3589 4450 3683 4489 su-

2087 4544 2208 4599 pra,
2241 4543 2400 4583 num.
2434 4527 2523 4594 19,
2567 4527 2622 4582 iu
2645 4527 2969 4583 recensione
2997 4541 3228 4598 operum
3253 4542 3375 4598 qua:
3395 4536 3576 4583 tomus
3589 4527 3684 4583 VII

445 4573 543 4628 18.
576 4575 642 4628 Et
677 4575 780 4646 μὲν
814 4569 875 4630 εὖ
914 4574 1118 4641 εἰδότες
1147 4576 1350 4632 ἀθλεῖν.
1385 4577 1622 4635 lIomilia
1653 4579 1710 4635 in
1759 4581 1981 4637 transﬂ-

2130 4569 2208 4594 ...,
2241 4569 2400 4583 ........
2439 4569 2523 4594 η,

2091 4569 2320 4676 Auberti
2359 4619 2627 4676 continet.

366 4669 731 4740 gurationem
779 4670 1020 4736 Domini,
1051 4668 1241 4727 Graece
1288 4673 1532 4742 primum
1577 4673 1726 4728 edita
1758 4689 1789 4729 a
1820 4675 1978 4731 Joan.

366 4761 625 4817 Πρω-δίο
672 4760 730 4816 iu
786 4760 962 4817 Variis
1011 4763 1202 4829 sacris,
1246 4763 1419 4834 Lugd.
1466 4763 1587 4818 But.
1627 4764 1788 4830 1619,
1834 4765 1981 4830 ἰιι-4,

2151 4735 2242 4790 25.
2294 4734 2578 4805 Ἐνέτυχον
2614 4732 2714 4804 μὲν
2737 4733 2818 4805 τῷ
2859 4731 3276 4806 ὑπομνηστικῷ.
3311 4733 3558 4804 Epistola
3587 4733 3676 4800 58,

366 4869 502 4924 pag.
572 4853 733 4910 1-15.
791 4853 854 4908 In
911 4853 1148 4910 Auberti
1189 4823 1448 4911 editione
1501 4854 1744 4926 Operum
1775 4823 1982 4929 'Cyrilli
2082 4826 2254 4929 ?ri°r_
2285 4825 2354 4881 de
2403 4824 2510 4929 {me
2562 4825 2630 4879 ad
2679 4825 3020 4929 Siccensﬂm
3063 4823 3175 4929 (θ’
3227 4823 3683 4929 Βίθθωῗῖτξίῗλη

367 4955 512 5000 tom.
546 4944 615 5009 V,
649 4954 811 5015 parte
833 4960 892 5010 ιι,
923 4961 980 5016 p.
1021 4945 1291 5013 552-554,
1323 4945 1515 5003 Graece
1540 4955 1598 5003 et
1639 4945 1859 5009 Latine.
1888 4949 1985 5020 qui

366 5037 588 5094 rectius
622 5036 757 5109 legit
790 5039 840 5091 οι
893 5037 992 5108 μὲν
1018 5032 1079 5092 εὗ
1117 5037 1342 5101 εἰδότες.

439 5130 536 5185 19.
569 5130 634 5182 Ei
671 5130 774 5200 μὲν
805 5124 877 5200 ἦν
916 5129 1198 5200 σιωπῆσαι
1230 5130 1328 5184 καὶ
1378 5130 1478 5202 μή.
1508 5129 1756 5201 Epistola
1809 5130 1866 5197 9,
1915 5129 1986 5187 ad

361 5221 741 5281 leestinum
793 5222 1120 5293 episcopum
1173 5222 1361 5290 Rom.,
1423 5231 1558 5278 tom.
1614 5222 1680 5288 V,
1734 5233 1893 5295 parte
1923 5241 1984 5290 ιι,

361 5334 420 5386 ρ.
455 5316 658 5380 56-59,
694 5330 763 5370 ex
791 5325 949 5386 parte
979 5330 996 5370 ι
1033 5316 1158 5372 Act.
1189 5315 1409 5372 concilii
1464 5316 1752 5388 Ephesini,
1793 5327 1927 5373 tom.
1962 5318 1985 5374 I

360 5409 541 5473 Binii,
603 5423 661 5478 p.
706 5407 1354 5476 129.1δ“Αιιιι.-Μιιιιεί,
1404 5417 1540 5465 tom.
1591 5410 1682 5476 tv,
1737 5426 1792 5482 p.
1845 5411 1985 5467 ιοιςι

357 5518 491 5574 sqq.
531 5501 734 5556 Melius
763 5517 854 5572 ap.
890 5500 1179 5557 Constant.
1211 5517 1268 5572 p.
1312 5501 1452 5558 1085
1479 5517 1626 5573 sqq.,
1658 5511 1798 5558 teste
1826 5503 1981 5559 Wal—

356 5593 499 5647 chio
533 5591 573 5646 I.
611 5605 688 5656 c.,
731 5606 788 5662 p.
834 5589 941 5646 595
970 5605 1119 5660 sqq.,
1155 5605 1322 5660 quem
1370 5589 1648 5655 conteres,
1681 5597 1739 5645 et
1771 5607 1825 5661 p.
1875 5591 1981 5647 458

357 5703 516 5756 sqq.,
558 5699 627 5739 ac
655 5700 710 5754 p.
744 5682 850 5740 678
878 5699 992 5754 sq.,
1022 5682 1092 5738 de
1122 5680 1426 5739 Cteles'tino
1445 5684 1679 5755 ejusque
1709 5682 1832 5738 aliis
1853 5683 1977 5755 epi-

355 5777 545 5833 stolis.
583 5775 757 5831 Ihnt.

2083 4919 2292 4974 Isauria
2338 4917 2681 4989 episcopum.
2729 4918 2886 4973 Tom.
2919 4917 2985 4982 V,
3020 4925 3178 4988 parte
3221 4933 3279 4984 ιι,
3320 4932 3376 4988 p.
3416 4916 3680 4982 155-141,

2084 5021 2142 5069 et
2167 5027 2235 5068 ex
2259 5012 2436 5067 veteri
2457 5011 2715 5067 versione
2747 5010 2894 5082 apud
2919 5010 3228 5077 Baluzium,
3262 5025 3318 5081 p.
3359 5009 3465 5064 918
3487 5024 3605 5079 seq.

2161 5103 2250 5158 26.
2291 5103 2388 5157 Ἐν
2425 5103 2526 5174 μὲν
2559 5103 2747 5173 ἔμοιγε
2777 5103 2871 5156 καὶ
2896 5101 3018 5158 λίαν
3038 5102 3301 5174 θυμῆρες.
3327 5101 3563 5156 Humilia
3591 5118 3681 5160 xxx

2087 5193 2379 5265 paschalis.
2412 5193 2572 5249 Tom.
2599 5194 2667 5260 V,
2702 5202 2857 5266 parte
2885 5210 2944 5259 ιι,
2979 5208 3102 5265 pag.
3135 5191 3396 5248 265-269.

2157 5309 2250 5364 27.
2294 5311 2514 5382 Ἐπειδὴ
2549 5329 2640 5382 μοι
2669 5309 2950 5382 γέγραφεν
2989 5310 3024 5382 ἠ
3060 5307 3318 5364 εὐλάϐεια
3343 5308 3519 5382 ὑμῶν.
3551 5311 3684 5383 Epi-

2087 5405 2227 5461 stola
2254 5404 2309 5470 6,
2335 5404 2403 5459 ad
2433 5420 2529 5460 eos
2567 5404 2663 5476 qui
2685 5404 2834 5476 vulgi
2867 5403 3188 5459 rumoribus
3211 5420 3534 5475 persuasum
3571 5407 3686 5462 aie-

2087 5497 2223 5554 bant
2255 5497 2511 5552 Nestorio
2537 5497 2830 5553 restitisse.
2863 5496 3022 5552 Tom.
3054 5497 3121 5562 V,
3150 5507 3308 5568 parte
3350 5515 3412 5564 ιι,
3452 5515 3576 5571 pag.
3613 5499 3684 5559 5.0

2088 5606 2230 5661 seq.,
2289 5606 2358 5646 ex
2400 5599 2556 5661 parte
2608 5607 2624 5645 ι
2672 5590 2861 5646 Actor.
2901 5591 3123 5647 concilii
3156 5591 3442 5664 Ephesini.
3470 5593 3626 5659 Ton).
3660 5594 3681 5648 l

2088 5683 2254 5744 Binii,
2291 5698 2348 5754 p.
2382 5683 2505 5737 125.

2157 5775 2248 5830 28.
2322 5773 2541 5847 Ἐπειδὴ
2602 5773 2915 5847 πρώτιστον
2975 5777 3108 5858 ἡμῖν
3155 5779 3270 5843 τοῖς
3313 5775 3677 5848 Χριστιανοῖς.

433 5888 517 5960 (a)
548 5889 630 5944 De
658 5889 752 5944 illo
776 5887 1062 5946 Succenso
1103 5887 1493 5946 Tillemontius
1526 5898 1659 5946 tom.
1694 5888 1833 5955 XIV,
1866 5905 1989 5961 pag.
2015 5887 2137 5945 570.
