4172 6452
604 353 673 408 75
1032 381 1041 390 -
1845 353 2127 411 NOTITIA
2168 357 2259 411 EX
2302 359 2635 418 FABRICIO.
3793 364 3860 417 75

600 470 836 539 φύσεως.
862 470 1006 526 Vide
1040 485 1203 540 supra
1230 483 1411 523 *num.
1443 468 1514 521 25
1544 469 1600 522 in
1655 467 1973 524 recensione
2037 470 2161 523 torni

2349 474 2436 530 89.
2466 478 2545 531 Τὰ
2575 478 2799 548 λαμπρᾶ
2833 477 2923 530 καὶ
2969 476 3182 546 μεγάλα
3233 476 3341 530 τῶν
3390 476 3857 548 κατορθωμάτων.

604 561 855 633 νιιορρ.
884 562 1090 634 Cyrilli.

668 656 756 708 77.
796 655 995 708 Πολλαὶ
1028 654 1150 708 καθ’
1179 652 1338 724 ἡμῶν
1369 653 1655 722 γεγόνασιν
1693 636 1876 705 ὲκεῖἕιε
1904 650 2167 706 διαϐολαί.

600 747 838 819 Epistola
879 746 985 811 26,
1035 746 1102 800 ad
1141 746 1452 816 episcopos,
1500 742 1958 814 Theopemptum,
2014 743 2177 797 Pota-

599 856 815 895 monem
884 848 939 893 et
997 836 1313 901 Danielem,
1394 834 1867 905 Constantinopoli
1931 844 2172 905 agentes.

598 931 752 985 Tom.
802 931 866 995 V,
914 936 1070 1001 parte
1133 944 1195 994 ιι,
1246 943 1301 999 p.
1337 926 1427 993 9|,
1470 942 1538 981 ex
1565 934 1722 997 parte
1752 942 1788 981 ιι
1817 926 2004 981 Actor.
2048 942 2178 982 con-

597 1023 706 1078 cilii
739 1021 1022 1092 Ephesini,
1057 1018 1232 1075 tom.l
1262 1017 1426 1083 Binii,
1450 1033 1505 1089 p.
1545 1017 1671 1072 297.
1970 1062 1975 1065 .

664 1113 750 1168 78.
766 1112 949 1184 ’Πολλὴ
991 1111 1089 1182 μὲν
1149 1110 1270 1162 λίαν
1318 1111 1351 1179 ἡ
1406 1108 1644 1172 σύνοδος.
1687 1107 1921 1163 Homilia
1959 1110 2039 1173 εἰς
2075 1108 2174 1180 τὴν

591 1204 856 1276 ὑπαντὴν,
916 1206 972 1258 in
1012 1218 1284 1257 occursum
1339 1199 1571 1265 Domini,
1632 1198 1782 1255 edita
1828 1200 2069 1270 primum
2103 1200 2173 1254 ab

597 1296 839 1353 Auberto
869 1311 1017 1350 oms.
1057 1294 1227 1364 regio.
1257 1292 1414 1347 Tom.
1448 1290 1514 1359 V,
1537 1299 1694 1361 parte
1719 1306 1779 1355 ιι,
1810 1306 1866 1360 p.
1902 1289 2168 1346 585-592.

596 1390 753 1443 [θλιιιι.

660 1477 910 1535 Venetiis
944 1476 999 1529 in
1033 1474 1157 1530 cod.
1205 1474 1456 1530 Naniano
1500 1471 1751 1540 LXIII,n.
1786 1474 1839 1540 7,
1878 1472 2039 1530 Hom.
2090 1475 2172 1537 εἰς

596 1570 687 1642 τὴν
710 1554 955 1639 ὑπόινεην
973 1565 1067 1620 τοῦ
1100 1566 1326 1637 Κυρίου,
1361 1573 1469 1620 etc.
1493 1564 1715 1636 Incipit,
1741 1566 1914 1637 Χαῖρε
1938 1566 2164 1639 σφόδρα,

593 1662 833 1732 θύγατερ
888 1657 1052 1713 Σιών.
1079 1657 1171 1713 Sic
1198 1656 1392 1727 incipit
1420 1671 1638 1727 quoque
1669 1656 1724 1711 in
1753 1656 1877 1712 cod.
1903 1656 2165 1711 Laurent.

591 1751 751 1817 XVII,
784 1766 842 1804 ιι.
871 1748 958 1804 52.
989 1748 1130 1820 plut.
1153 1746 1223 1814 9;
1252 1745 1348 1801 sed
1373 1745 1447 1801 ibi
1486 1746 1750 1800 tribuitur
1796 1745 1998 1819 Cyrillo
2033 1747 2166 1803 Ilie-

2278 566 2523 636 Epistola
2552 567 2642 634 25,
2684 567 2751 621 ad
2794 568 3001 621 clerum
3031 567 3407 637 populumque
3447 566 3603 622 Alex.
3637 567 3862 641 Tom.V,

2280 664 2435 726 parte
2456 673 2515 723 ιι,
2547 674 2669 728 pag.
2696 658 2783 724 88,
2820 673 2889 713 ex
2917 667 3075 728 parte
3106 673 3144 710 ιι
3166 656 3430 712 Actorum
3456 657 3647 729 synodi
3679 658 3863 731 Ephe-

2279 750 2432 815 sime,
2468 759 2601 805 tom.
2643 751 2853 815 IBinii,
2888 766 2944 821 p.
2968 749 3092 803 247.

2346 840 2434 897 90.
2464 840 2544 895 Τὰ
2572 840 2779 913 συνήθη
2810 841 2905 895 καὶ
2934 840 3030 895 νῦν
3057 840 3503 911 ἀναγνωςόμεθα.
3535 837 3863 899 Protlieoria

2275 932 2343 988 ad
2402 932 2685 988 homiliam
2722 948 2831 988 xvn
2868 932 3204 1003 paschalcm.
3274 932 3432 987 Tom.
3470 933 3536 1000 V,
3593 944 3749 1005 parte
3797 951 3858 1003 ιι,

2275 1041 2399 1096 pag.
2430 1025 2556 1080 222.

2345 1118 2434 1172 91.
2464 1118 2579 1189 Τῆς
2602 1119 2682 1182 εἰς
2732 1117 2864 1173 Θεὸν
2914 1118 3009 1191 (al.
3058 1116 3317 1191 Χριστὸν)
3362 1118 3585 1189 ἀγάπης
3636 1119 3738 1192 τὴν
3768 1119 3858 1173 δύ-

2273 1225 2456 1279 ναμιν.
2489 1209 2551 1264 In
2581 1210 2872 1274 Joannem,
2914 1209 3321 1265 Antiochenum
3345 1211 3593 1281 episcop.
3626 1212 3860 1281 ἀποσχί-

2272 1316 2464 1363 σαντα,
2496 1300 2613 1356 sive
2651 1300 3091 1366 schismaticum,
3114 1300 3364 1356 homilia.
3406 1300 3564 1356 Tom.
3593 1298 3659 1366 V,
3699 1310 3858 1373 parte

2271 1407 2329 1457 ιι,
2361 1407 2417 1462 p.
2446 1391 2704 1448 561-564.
2737 1392 2799 1447 In
2826 1391 3041 1447 Latinis
3068 1392 3415 1448 editionibus
3441 1401 3622 1448 exstat
3647 1408 3678 1448 e
3722 1410 3855 1448 ver-

2269 1484 2424 1539 sione
2466 1484 2631 1540 Wolf.
2666 1484 2936 1550 Musculi;
2979 1483 3076 1539 sed
3120 1484 3400 1540 Aubertus
3456 1484 3679 1540 exhibet
3728 1501 3853 1541 cum

2269 1575 2724 1646 interpretatione
2765 1592 2887 1647 qua:
2930 1574 3118 1631 addita
3139 1585 3225 1631 est
3258 1570 3316 1630 in'
3352 1584 3508 1646 parte
3556 1592 3594 1631 ιι
3652 1576 3845 1633 Actor.

2267 1666 2487 1721 concilii
2519 1666 2806 1737 Ephesini,
2837 1674 2971 1721 tom.
2996 1666 3016 1721 l
3041 1665 3207 1733 Binii,
3230 1682 3287 1736 p.
3316 1666 3445 1723 254.

2337 1757 2425 1813 92,
2453 1759 2566 1829 Τῆς
2596 1756 2918 1821 Θεοσεϐείας
2941 1757 3096 1828 ὑμῶν
3137 1758 3231 1811 τὸν
3266 1757 3451 1828 ζῆλον.
3491 1758 3736 1831 Epistola
3762 1760 3852 1821 17,

589 1840 1002 1914 rosolymitano,
1049 1847 1109 1893 et
1141 1846 1366 1908 recepta
1408 1843 1494 1891 est
1530 1837 1674 1892 inter
1715 1837 1902 1910 Cyrilli
1947 1838 2163 1894 HICI'OS.
2199 1840 2239 1894 Β
2267 1850 2492 1905 nomine
2526 1849 2717 1922 synodi
2748 1850 2904 1906 Alex,
2930 1849 3001 1905 ad
3038 1850 3338 1906 monachos
3376 1850 3849 1923 ροηεωηιίῂοροι,

587 1950 715 2005 opp.
742 1933 876 1988 edit.
910 1931 1136 1985 Thomze
1169 1927 1365 1995 Milles,
1389 1944 1444 1999 p.
1472 1929 1598 1984 518.
1622 1929 1687 1985 V.
1724 1930 1957 1985 Bandin.
1981 1930 2162 1987 Calai.

585 2028 736 2082 codd.
762 2026 931 2080 Laur.
956 2024 999 2089 l,
1028 2038 1084 2094 p.
1114 2022 1239 2078 419.
1270 2022 1332 2077 In
1391 2021 1515 2077 cod.
1566 2032 1751 2077 autem
1780 2022 1977 2090 XXXI,
2011 2041 2067 2078 ιι.
2109 2024 2162 2091 8,

584 2121 722 2192 plut.
751 2118 838 2183 60,
886 2116 1188 2173 ascribitur
1219 2115 1426 2187 Cyrillo
1456 2116 1778 2184 Alexandr.;
1818 2124 1876 2171 et
1928 2116 2163 2173 Bandin.

582 2212 620 2265 l.
651 2225 724 2275 c.,
761 2226 816 2280 p.
842 2208 967 2274 442,
1005 2208 1254 2274 adnotat,
1294 2208 1551 2264 eumdem
1586 2223 1709 2263 esse
1748 2222 2078 2275 sermonem,
2102 2225 2166 2265 ac

581 2304 674 2374 qui
711 2303 767 2358 in
801 2301 1097 2373 superiore
1141 2299 1265 2356 cod.
1304 2300 1529 2372 legitur.
1584 2300 1733 2355 Idem
1779 2314 1966 2355 sermo
2022 2301 2167 2356 assi-

579 2401 781 2464 gnatur
805 2392 1010 2464 Cyrillo
1026 2391 1182 2447 Alex.
1216 2391 1274 2445 in
1305 2389 1441 2447 Cod.
1497 2390 1696 2447 Caesar.
1735 2390 1964 2458 CXLVI,
1989 2408 2047 2446 ιι.
2075 2392 2162 2457 17,

580 2494 775 2540 contra
795 2481 1001 2555 Cyrillo
1030 2480 1391 2552 Ilierosolym.
1420 2481 1476 2535 in
1504 2480 1628 2536 cod.
1662 2480 1756 2545 XI,
1790 2497 1847 2535 ιι.
1881 2482 2008 2547 7,et
2031 2481 2161 2544 CLI,

581 2596 642 2633 ii.
671 2575 759 2631 50.
792 2576 857 2631 ν.
889 2574 1146 2629 Lambec.
1180 2571 1383 2628 Comm.
1412 2573 1500 2637 IV,
1541 2572 1664 2639 260,
1696 2582 1753 2628 et
1795 2573 1933 2640 VIII,
1960 2590 2014 2644 p.
2042 2574 2163 2638 156,

582 2682 648 2721 ac
674 2682 729 2737 p.
761 2666 887 2721 507.
920 2666 1088 2722 Ηλιιι.

651 2757 739 2813 79.
794 2758 1126 2829 Πολυμερῶς
1189 2760 1285 2813 καὶ
1350 2756 1704 2829 πολυτρόπως
1757 2758 1785 2809 ὁ
1841 2755 1951 2809 τῶν
2024 2755 2163 2809 ὅλων

580 2849 733 2914 Θεός.
765 2849 1003 2905 Humilia
1032 2867 1103 2906 xx
1151 2849 1444 2924 paschalis.
1479 2848 1636 2904 Tom.
1689 2848 1751 2914 V,
1809 2855 1964 2918 parte
2013 2864 2073 2912 ιι,
2106 2862 2161 2918 p.

579 2942 843 2999 257-264.

666 3034 753 3090 80.
793 3035 1013 3107 Πρέπον
1037 3032 1188 3107 οἶμαι
1215 3035 1312 3089 καὶ
1340 3030 1435 3087 νῦν
1465 3035 1659 3087 εἰπεῖν.
1694 3031 1938 3103 Epistola
1970 3031 2060 3097 29,
2093 3032 2161 3087 ad

578 3122 990 3188 Maximianum,
1021 3124 1341 3194 episcopum
1367 3120 1842 3193 Constantinopol.
1888 3121 2044 3178 Tom.
2094 3123 2158 3188 V,

2267 1940 2424 1996 Tom.
2466 1941 2531 2005 V,
2557 1950 2713 2012 parte
2742 1958 2802 2007 ιι,
2840 1957 2898 2013 p.
2942 1941 3011 1997 80
3043 1957 3185 2012 seq.,
3220 1958 3289 1998 ex
3340 1951 3494 2013 parte
3536 1959 3553 1997 ι
3584 1942 3848 1999 Actorum

2266 2031 2486 2088 concilii
2518 2032 2811 2103 Ephesini,
2849 2041 2985 2088 tom.
3020 2033 3041 2088 1
3076 2033 3243 2099 Βίιιίί,
3283 2049 3340 2105 p.
3368 2032 3493 2088 158.

2338 2124 2429 2178 95.
2455 2124 2570 2196 Τῆς
2608 2124 2707 2195 μὲν
2748 2122 2910 2192 ἁγίας
2969 2124 3127 2195 ἡμῶν
3162 2125 3589 2197 ἀναλαμπούσης
3630 2127 3847 2198 ἑορτῆς.

2265 2215 2502 2272 Homilia
2531 2232 2583 2271 v1
2614 2216 2907 2287 paschalis.
2979 2216 3139 2272 Tom.
3174 2217 3238 2282 V,
3271 2226 3426 2288 parte
3481 2233 3537 2282 ιι,
3563 2233 3618 2288 p.
3657 2216 3848 2276 60-8l.

2333 2308 2421 2362 94.
2455 2307 2565 2378 Τῆς
2594 2309 2691 2377 μὲν
2730 2310 2789 2361 ὲν
2820 2306 3130 2379 ἀνθρώποις
3169 2307 3422 2372 εὐκλείας
3449 2308 3508 2360 τὸ
3554 2307 3847 2364 ἀνώτατον.

2264 2398 2402 2453 Vide
2433 2414 2598 2469 supra
2638 2414 2792 2453 num.
2820 2398 2907 2453 14.

2335 2491 2422 2546 95.
2456 2492 2567 2561 Τῆς
2593 2480 2953 2561 μὲνέὺούμου
2985 2489 3076 2562 (al.
3104 2491 3367 2562 εὐσήμου)
3405 2491 3499 2544 καὶ
3528 2490 3673 2554 θείας
3694 2491 3848 2562 ἡμῶν

2265 2580 2743 2652 ἑορτῆς.11οιιιί1ἰιι
2788 2599 2805 2636 ι
2860 2582 3153 2652 paschalis.
3219 2581 3374 2637 Tom.
3428 2583 3493 2649 V,
3561 2591 3721 2656 parte
3781 2599 3845 2649 ιι,

2264 2686 2318 2740 p.
2348 2670 2473 2725 1-16

2333 2761 2421 2815 96.
2455 2761 2566 2832 Τῆς
2606 2762 2705 2833 μὲν
2734 2764 2841 2818 τῶν
2874 2763 3045 2831 ἁγίων
3093 2762 3341 2828 εὐκλείας
3392 2782 3450 2818 τε
3503 2765 3600 2819 καὶ
3642 2764 3826 2836 δόξης.

2264 2852 2520 2935 Humilia,
2555 2853 2701 2910 dicta
2737 2854 2967 2925 Ephesi,
3009 2855 3093 2909 die
3122 2853 3180 2911 S.
3211 2854 3439 2911 Joannis
3485 2856 3843 2928 evangelium.

2264 2943 2420 2997 Tom.
2487 2943 2550 3009 V,
2585 2954 2740 3015 parte
2767 2962 2826 3010 ιι,
2872 2961 2927 3016 p.
2972 2945 3233 3002 552-554.
3287 2947 3693 3019 ExWolfgangi
3722 2948 3844 3002 Mu-

2263 3034 2399 3089 sculi
2455 3035 2713 3090 versione
2770 3045 2949 3091 exstat
2995 3036 3051 3091 in
3080 3035 3291 3093 Latinis
3337 3037 3529 3110 Cyrilli
3580 3039 3845 3121 editioni-

2220 3130 2230 3202 μ
2264 3125 2387 3181 bus.
2419 3125 2525 3181 Sed
2581 3125 2859 3183 Aubertus
2888 3128 3133 3198 praetulit
3173 3144 3316 3195 eam,
3354 3145 3590 3201 quacum
3643 3130 3847 3202 legitur

577 3224 734 3287 parte
761 3231 820 3282 ιι,
866 3232 922 3287 p.
970 3216 1156 3281 95-98,
1208 3231 1277 3271 ex
1330 3225 1490 3287 parte
1535 3231 1594 3270 ιιι
1637 3215 1898 3272 Actorum
1938 3216 2157 3272 concilii
2190 3215 2231 3241 υ
2267 3217 2322 3272 iu
2346 3229 2500 3288 parte
2526 3234 2584 3272 ιιι
2613 3218 2876 3274 Actorum
2911 3220 3130 3276 concilii
3162 3220 3452 3292 Ephesini,
3496 3230 3629 3276 tom.
3666 3220 3688 3276 1
3744 3221 3838 3276 Bi-

578 3307 867 3377 Ephesini,
897 3305 1076 3361 tom.l
1102 3305 1270 3371 Binii,
1292 3320 1346 3375 p.
1379 3305 1506 3359 411.

648 3399 737 3452 81.
775 3398 1204 3469 Προσεδοκῶμεν
1258 3396 1483 3452 ἐλθόντα
1506 3396 1597 3451 τὸν
1633 3397 1811 3467 τίμιον
1846 3396 2157 3468 Νεστόριον.

578 3489 827 3560 Epistola
860 3488 953 3555 20,
982 3487 1049 3544 ad
1084 3485 1401 3544 Comarium
1437 3487 1514 3561 (α)
1551 3496 1608 3544 et
1634 3488 2011 3553 Potamonem,
2040 3488 2161 3558 epi-

580 3596 795 3651 scopos,
839 3590 897 3636 et
941 3580 1289 3648 Dalmatium,
1342 3580 1850 3645 archimandritam,
1889 3592 1948 3635 et
1974 3580 2162 3635 Timo-

578 3674 769 3728 theum
800 3681 965 3744 atque
988 3672 1300 3744 Eulogium,
1330 3672 1700 3744 presbyteros.
1733 3671 1887 3727 Tom.
1913 3672 1980 3739 V,
2010 3681 2163 3743 parte

579 3783 637 3830 ιι,
667 3782 721 3836 p.
755 3764 945 3830 84-86,
973 3780 1041 3820 ex
1063 3775 1218 3835 parte
1252 3781 1290 3820 ιι
1332 3764 1594 3821 Actorum
1636 3764 1827 3837 synodi
1849 3765 2157 3836 Ephesinze,

530 3900 533 3905 ,
580 3866 714 3913 tom.
752 3857 772 3912 ι
806 3856 1055 3927 Βίηιί,νρ.
1083 3856 1208 3912 su.

650 3948 738 4002 82.
770 3947 895 4012 Πῶς
927 3950 955 4002 ὁ
997 3948 1131 4012 Θεὸς
1186 3948 1472 4020 ἀχώρητες
1510 3946 1783 4019 ὲχωρήθη.
1814 3945 1952 4002 Vide
1994 3961 2158 4016 supra

576 4055 732 4094 num.
758 4037 824 4094 10
854 4039 910 4094 in
935 4039 1260 4095 recensione
1289 4037 1531 4109 Operam
1556 4036 1746 4110 Cyrilli
1776 4045 1925 4093 torno
1956 4037 2156 4094 Vcon-

580 4139 858 4186 tentorum
867 4171 881 4185 .

648 4220 739 4273 85.
780 4219 1089 4273 Σαλπῐσατε
1146 4219 1413 4287 σάλπιγγι
1460 4218 1519 4271 ἐν
1565 4215 1724 4272 Σιών.
1774 4214 2013 4271 Hornan
2063 4229 2156 4270 vm

576 4313 870 4382 paschalis.
906 4313 1065 4368 'I‘om.
1099 4313 1164 4379 V,
1191 4320 1348 4383 parte
1373 4328 1436 4376 ιι,
1466 4326 1590 4381 pag.
1627 4309 1855 4365 92-107.

646 4404 732 4458 84.
768 4403 1161 4474 Σεμνολόγημα
1211 4402 1311 4473 μὲν
1367 4401 1765 4473 οἰκουμενικόν.
1805 4398 1944 4456 Vide
1990 4416 2156 4471 supra

574 4510 730 4548 num.
765 4497 854 4549 15.

645 4510 730 4548 im.
765 4497 789 4547 1
838 4533 854 4549 .

645 4586 733 4642 85.
760 4494 926 4639 nisi,
956 4585 1054 4651 μὲν
1077 4586 1109 4637 ὁ
1134 4584 1299 4655 νόμος
1330 4584 1444 4655 ἔχει
1470 4582 1581 4635 τῶν
1612 4581 1935 4653 μελλόντων.
1963 4583 2152 4639 Homi-

572 4676 647 4731 lia
673 4691 746 4730 xu
768 4673 1061 4745 paschalis.
1081 4672 1239 4726 Tom.
1276 4671 1338 4737 V,
1370 4679 1525 4741 parte
1552 4687 1611 4736 ιι,
1645 4685 1698 4745 p.
1724 4670 1977 4726 161-177.

516 4824 517 4827 η
643 4766 733 4821 80.
779 4764 1071 4831 Συναλγεῖς
1127 4763 1275 4833 ἡμᾶς
1332 4761 1602 4829 ἀδελφοῖς.
1660 4748 1907 4832 Epistola
1950 4763 2052 4829 58,
2085 4762 2154 4818 ad

572 4858 866 4922 Domuum,
901 4856 1222 4925 episcopum
1247 4853 1574 4909 Antiochen.
1605 4853 1761 4909 Tom.
1797 4854 1864 4920 V,
1909 4864 2064 4925 parte
2095 4872 2151 4922 ιι,

573 4962 628 5017 p.
657 4944 761 5000 208
789 4959 904 5016 seq.
934 4944 1124 4999 Exstat
1146 4952 1202 5000 et
1225 4944 1368 5000 inter
1405 4943 1671 5015 epistolas
1713 4946 2009 5001 canonicas
2048 4947 2153 5001 Pa-

574 5049 722 5092 trum
750 5051 878 5092 cum
900 5036 1298 5092 commentario
1332 5035 1612 5092 Theodori
1656 5037 2016 5093 Balsamonis.
2054 5037 2144 5110 [ν.

575 5128 642 5184 ad
676 5145 733 5184 ιι.
776 5127 897 5202 21.]

643 5222 729 5276 87.
760 5221 1102 5276 Συντέθειται
1143 5222 1237 5276 καὶ
1273 5220 1368 5275 νῦν
1410 5223 1542 5293 ἡμῖν
1572 5223 1600 5275 ὁ
1637 5221 1814 5290 λόγος.
1870 5220 2136 5290 Prologus

572 5313 811 5369 humilia:
833 5314 1107 5386 paschalis
1143 5329 1289 5369 xxxx.
1326 5313 1485 5369 Tom.
1506 5313 1573 5378 V,
1614 5320 1777 5384 parte
1798 5328 1857 5377 ιι,
1887 5327 1940 5382 p.
1966 5310 2090 5366 555.

642 5403 730 5461 88.
758 5404 841 5458 Τὰ
862 5404 1142 5477 γραφέντα
1168 5404 1320 5475 παρὰ
1340 5405 1442 5474 τῆς
1491 5403 1767 5474 ὑμετέρας
1814 5402 2147 5472 τιμιότητος.

571 5497 816 5567 Epistola
849 5514 954 5563 ιιιι,
989 5497 1059 5552 ad
1099 5497 1391 5552 Aurelium
1433 5495 1849 5568 (Augustinum)
1882 5503 1939 5551 et
1984 5504 2150 5551 caete-

570 5603 663 5643 ros
689 5590 745 5643 in
789 5589 995 5660 synodo
1043 5585 1506 5658 Carthaginiensi.
1564 5584 1719 5639 Tom.
1758 5586 1821 5652 V,
1878 5595 2034 5658 parte
2090 5604 2147 5653 ιι,

568 5698 623 5755 p.
665 5684 770 5738 212
790 5700 905 5757 seq.

2262 3311 2362 3374 nii,
2398 3327 2452 3381 p.
2490 3311 2615 3366 594.
2668 3312 2916 3367 Habetur
2954 3320 3011 3367 et
3036 3312 3232 3369 Latine
3275 3328 3306 3368 e
3345 3312 3524 3368 veteri
3580 3313 3845 3368 versione

2261 3402 2405 3472 apud
2430 3402 2737 3469 Baluzium,
2790 3421 2846 3476 p.
2898 3404 3002 3461 545
3064 3405 3226 3461 Nova:
3279 3403 3496 3463 Collect.
3533 3404 3737 3462 Confer
3775 3406 3846 3462 de

2264 3493 2365 3548 hac
2391 3494 2618 3551 homilia
2651 3494 3085 3562 Tillemontium,
3113 3504 3245 3551 tom.
3274 3495 3414 3562 XIV,
3451 3512 3506 3567 p.
3528 3496 3651 3552 455.

2333 3586 2420 3641 97.
2470 3587 2538 3640 Τί
2582 3590 2940 3661 τερπνότερον
2998 3590 3092 3644 καὶ
3148 3589 3201 3642 τι
3260 3588 3519 3662 ἡδύτερον
3555 3593 3668 3654 τοῖς
3698 3591 3847 3660 φιλο-

2263 3675 2426 3741 θέοις.
2467 3679 2705 3736 Homilia
2732 3682 2790 3737 in
2829 3681 2887 3737 S.
2916 3698 3142 3736 cauam.
3166 3680 3323 3737 Tom.
3358 3680 3424 3747 V,
3439 3690 3596 3753 parte
3622 3699 3684 3748 ιι,
3716 3699 3840 3755 pag.

2261 3768 2513 3826 560-579.
2537 3771 2696 3828 Edita
2725 3772 2967 3845 primum
2993 3772 3064 3826 ab
3080 3771 3326 3828 Auberto
3355 3787 3387 3828 e
3413 3787 3548 3829 mss.
3584 3772 3755 3846 regiis
3780 3783 3839 3829 et

2259 3858 2509 3916 Vatican.
2535 3862 2696 3918 FABR.

2329 3973 2567 4045 IIosqua:
2595 3976 2651 4031 in
2683 3976 2806 4032 cod.
2827 3978 2893 4035 V.
2920 3994 2976 4033 ιι.
3008 3978 3093 4031 17.
3117 3976 3181 4033 V.
3214 3954 3454 4033 Matthxi
3481 3975 3647 4032 Nam.
3676 3977 3830 4032 codd.

2258 4062 2450 4135 Mosq.,
2480 4081 2534 4136 p.
2563 4068 2613 4121 7.
2652 4066 2821 4123 Ηιιιιι..

2326 4174 2416 4231 98.
2456 4176 2581 4241 Τοῖς
2613 4179 2764 4250 παρὰ
2804 4179 2902 4250 τῆς
2942 4180 3044 4251 σῆς
3088 4180 3413 4250 θεοφιλείας.
3454 4180 3700 4252 Epistola
3748 4183 3839 4247 57,

2259 4266 2329 4323 ad
2369 4268 2607 4325 Atticum
2635 4270 2879 4342 episcop.
2919 4272 3076 4329 Tom.
3105 4273 3171 4339 V,
3203 4281 3359 4344 parte
3400 4288 3460 4337 ιι,
3494 4288 3551 4343 p.
3581 4273 3838 4340 204ο208,

2256 4372 2325 4413 ex
2355 4357 2650 4429 Nicephori
2676 4376 2785 4425 xiv,
2812 4361 2905 4417 27.
2933 4361 3097 4417 Fas.

2323 4447 2570 4504 Florent.
2605 4449 2663 4504 in
2710 4451 2834 4507 cod.
2889 4450 3150 4508 Laurent.
3200 4453 3317 4516 XII,
3364 4453 3506 4523 plut.
3548 4454 3601 4519 6,
3650 4470 3708 4509 ιι.
3746 4455 3837 4520 55,

2184 4540 2230 4599 D
2256 4536 2423 4608 Attici
2453 4539 2684 4610 epistola
2711 4541 2780 4596 ad
2810 4541 3075 4613 Cyrillum
3107 4543 3288 4609 Alex.,
3332 4555 3389 4599 et
3430 4560 3487 4600 ιι.
3526 4546 3617 4612 54,
3650 4546 3839 4619 Cyrilli

2259 4645 2348 4701 ep.
2377 4631 2445 4685 ad
2471 4632 2733 4688 Atticum.
2769 4635 2833 4690 V.
2887 4634 3118 4689 Bandin.
3160 4634 3430 4708 Catalog.,
3463 4638 3506 4705 I,
3539 4654 3594 4709 p.
3645 4638 3737 4694 121
3782 4650 3841 4696 et

2263 4721 2383 4777 122.
2418 4722 2585 4779 Ηιιιιι..

2325 4838 2418 4894 99.
2456 4839 2581 4901 Τοῖς
2614 4839 2767 4910 παρὰ
2793 4840 3016 4915 τῆςοσῆς
3048 4842 3347 4913 ὁσιότητος,
3377 4843 3620 4914 Epistola
3644 4843 3733 4910 56,
3769 4844 3838 4899 ad

2256 4927 2515 4983 Acacium
2569 4928 2919 5000 episcopum,
2984 4934 3113 5004 περὶ
3162 4931 3257 4985 τοῦ
3312 4932 3723 5004 ἁποπομπαίου,
3774 4935 3839 4988 de

2253 5019 2398 5073 hirco
2435 5020 2729 5085 emissario,
2756 5020 2914 5075 Tom.
2945 5021 3010 5086 V,
3040 5030 3196 5092 parte
3230 5038 3290 5089 ιι,
3310 5038 3432 5095 pag.
3469 5024 3728 5089 121-152,
3769 5039 3835 5080 ex
3880 5022 3892 5099 ξ

2252 5119 2407 5180 parte
2454 5126 2513 5165 ιιι
2558 5111 2744 5168 Actor.
2799 5112 2995 5185 synodi
3048 5113 3370 5184 Ephesinae,
3421 5125 3555 5171 tom.
3602 5116 3834 5183 IBinii,

2252 5217 2308 5271 p.
2355 5201 2492 5269 458,
2531 5202 2735 5262 citatur
2782 5218 2816 5258 a
2857 5203 3195 5260 Theodorito
3246 5214 3302 5261 et
3349 5205 3647 5273 Ephraimo
3689 5207 3834 5277 apud

2252 5293 2509 5349 Photium
2534 5295 2659 5352 cod.
2689 5312 2902 5363 ccxxix,
2938 5311 2993 5367 p.
3023 5296 3149 5352 416.

2323 5408 2444 5466 100.
2485 5412 2609 5484 Τοῖς
2645 5414 2707 5468 τὸ
2744 5413 2886 5468 Θεῖον
2922 5415 3018 5467 καὶ
3059 5413 3311 5483 οὐράνιον
3363 5400 3707 5486 ἱερουργοῦσι
3741 5415 3839 5485 κή-
3948 5435 3959 5442 -

2254 5519 2459 5573 ρυγμα.
2491 5503 2627 5559 Vide
2654 5520 2818 5577 supra
2839 5522 2898 5560 ιι.
2925 5504 2994 5560 15
3035 5504 3092 5558 in
3126 5505 3448 5561 recensione
3477 5521 3706 5577 operum
3730 5503 3839 5579 Cy-

2250 5593 2360 5647 rilli
2389 5593 2445 5647 in
2483 5603 2638 5664 parte
2673 5612 2708 5649 ιι
2741 5596 2872 5651 tomi
2913 5597 2958 5651 V
2991 5602 3401 5652 contentorum.

2322 5684 2445 5739 101.
2487 5686 2611 5750 Τοῖς
2651 5688 2712 5741 τὸ
2742 5688 2938 5742 σεπτὸν
2981 5688 3074 5741 καὶ
3103 5687 3247 5740 Θεῖον
3276 5687 3622 5758 ἱερουργοῦσι
3665 5688 3839 5760 κήρυ-

640 5803 715 5869 (a)
764 5802 1132 5859 Comarionem
1170 5801 1225 5854 in
1272 5800 1445 5856 veteri
1491 5800 1743 5856 versione
1793 5800 1935 5871 apud
1981 5800 2285 5867 Baluzium,
2322 5818 2376 5871 p.
2412 5802 2516 5857 485
2540 5802 2699 5858 Nam
2721 5801 2937 5859 ϐοηθεῖ.
2978 5801 3335 5858 conciliorum.
3365 5800 3481 5857 Vol.
3515 5799 3603 5856 IX.
