4172 6440
327 403 403 458 ’Π

1610 403 1891 459 NOTITIA
1932 403 2025 459 EX
2067 404 2404 460 FABRICIO.
3592 409 3660 462 78

329 535 484 591 γμδι.
551 519 798 575 Homilia
855 536 964 574 xxx
1008 511 1301 592 paScbalis.
1348 518 1505 574 Tom.
1550 520 1615 585 V,
1675 529 1829 593 parte
1886 539 1958 586 ιι,
1997 526 2039 582 Α
2138 519 2411 574 Monacbii
2458 519 2511 574 in
2554 520 2687 575 bibl.
2732 521 2959 577 elector.
2990 522 3114 579 cod.
3144 522 3278 579 LIII.
3308 522 3658 580 Anathemat.

331 626 393 681 p.
428 609 711 667 512-550.

414 702 550 759 102.
595 704 675 758 Τδ
724 702 826 775 μὲν
856 702 1077 758 εὔτονον
1105 704 1186 767 εἰς
1228 702 1536 758 εὐλάϐειαν.
1574 704 1821 776 Epistula
1872 705 1960 771 48,

334 794 407 850 ad
475 795 839 851 Gennadium
900 796 1088 868 presb.
1139 803 1197 851 et
1248 796 1768 863 archimandritam,
1823 797 1965 869 quod

335 888 750 944 connivendum
787 889 857 943 sit
904 890 961 944 in
997 888 1179 961 aliqua
1227 907 1262 943 a
1303 890 1447 962 juris
1494 892 1686 963 rigare,
1741 893 1964 963 majoris

338 979 705 1036 emolumenti
723 998 913 1036 causa.
945 981 1104 1037 Tom.
1133 982 1197 1047 V,
1232 990 1387 1057 parte
1415 998 1474 1049 ιι,
1502 999 1558 1054 p.
1592 983 1686 1038 191
1718 999 1799 1055 sq.

417 1070 552 1126 105.
600 1072 711 1126 Τοῦ
757 1073 1015 1144 Σωτῆρος
1042 1073 1202 1145 ήμῶν
1232 1073 1486 1143 λέγοντος
1516 1076 1786 1149 ἐναργῶς.
1826 1077 1961 1149 Epi-

343 1162 493 1217 stula
536 1164 631 1229 15,
672 1164 741 1220 ad
781 1164 1099 1221 Nestorium
1146 1167 1277 1240 περὶ
1310 1167 1413 1238 τῆς
1447 1168 1866 1241 ἁκοινωνησῖας,
1899 1171 1964 1226 de

341 1258 921 1323 excommunicatione,
955 1259 1161 1330 scripta
1193 1260 1417 1316 nomine
1439 1262 1633 1334 synodi
1655 1262 1709 1318 in
1730 1262 1964 1337 Egypto

341 1357 723 1420 congregatae.
754 1348 913 1404 Tom.
940 1351 1005 1417 V,
1039 1360 1194 1422 parte
1225 1367 1284 1417 ιι,
1320 1368 1441 1424 pag.
1480 1354 1666 1421 67-77,
1701 1356 1965 1428 subjectis

339 1438 658 1496 duodecim
705 1442 988 1514 capitulis,
1056 1444 1133 1516 (a)
1189 1445 1306 1501 sive
1354 1447 1860 1516 anathematismis,
1931 1468 1964 1507 a

340 1531 641 1600 Nestorio,
692 1535 740 1591 si
797 1536 935 1591 velit
980 1537 1185 1609 recipi,
1234 1539 1559 1610 probandis.
1617 1543 1700 1598 Ex
1747 1550 1902 1616 parte
1944 1560 1963 1599 ι

338 1630 627 1685 Actorum
657 1629 885 1685 concilii
924 1631 1215 1701 Ephesini,
1250 1642 1383 1689 tom.
1414 1634 1434 1689 1
1469 1634 1636 1701 Binii,
1678 1652 1802 1708 pag.
1833 1636 1959 1694 151.

338 1723 403 1778 In
456 1722 666 1778 iisdem
715 1723 890 1789 Actis,
936 1740 993 1795 p.
1045 1725 1169 1792 159,
1211 1734 1432 1782 exstant
1477 1727 1673 1785 Latine
1718 1730 1959 1787 Nestorii

340 1816 651 1872 duodecim
703 1819 1175 1885 anathematismi,
1205 1820 1432 1876 totidem
1452 1820 1767 1895 Cyrillianis
1792 1839 1963 1895 oppo-

2066 610 2277 683 Cyrilli,
2305 627 2429 666 cum
2448 612 2694 683 apologia
2716 621 2904 668 contra
2925 612 3259 682 Orientales;
3291 614 3444 672 deest
3476 626 3662 673 autem

2068 703 2305 773 primus,
2359 703 2657 771 secundus,
2717 706 2948 776 quintus
2997 714 3054 781 et
3098 718 3291 763 sextus
3337 708 3661 764 anathema-

2069 796 2287 853 tismus.
2313 797 2379 853 V.
2404 795 2525 854 Cat.
2551 798 2703 853 codd.
2734 798 2828 855 Gr.
2851 798 3055 853 Bavar.
3079 814 3203 870 pag.
3248 799 3335 856 16.
3364 802 3434 857 Et
3460 802 3517 857 in
3538 802 3662 858 aliis

2066 890 2228 945 codd.
2257 890 2389 947 hinc
2410 891 2539 946 inde
2559 892 2670 964 jam
2695 893 3029 948 memoratis.
3058 892 3228 949 Ηιιιι..

2139 982 2261 1038 104.
2303 983 2377 1038 Τὸ
2406 983 2705 1055 φιλομαθὲς
2727 984 2821 1039 καὶ
2850 984 3156 1054 φιλόπονον.
3193 986 3438 1057 Epistula
3473 989 3563 1055 47,
3591 989 3662 1045 ad

2067 1072 2439 1141 Anastasium,
2476 1075 2869 1143 Alexandrum,
2918 1075 3327 1145 Martinianum,
3368 1079 3658 1146 Joannem,

2067 1166 2421 1238 Paregorium
2461 1167 2648 1238 presb.
2676 1175 2734 1223 et
2778 1167 3070 1223 Maximum
3119 1167 3229 1241 (al.
3258 1170 3658 1243 Maximinum)

2066 1259 2380 1326 diaconum,
2404 1267 2460 1316 et
2494 1270 2726 1317 caeteros
2754 1260 2946 1317 Patres
2967 1263 3288 1319 monachos.
3323 1264 3390 1319 In
3416 1273 3661 1320 sanctum

2064 1352 2361 1425 symbolum
2396 1353 2693 1410 Nicwnum.
2732 1353 2890 1409 Tom.
2935 1355 3003 1421 V,
3038 1362 3196 1427 parte
3225 1371 3284 1420 ιι,
3313 1371 3367 1427 p.
3403 1357 3658 1423 173-191,

2064 1463 2133 1501 ex
2164 1457 2318 1518 parte
2353 1447 2510 1503 tertia
2540 1447 2802 1504 Actorum
2836 1449 3084 1521 ejusdem
3118 1449 3385 1520 Ephesini
3416 1453 3658 1517 concilii,

2065 1554 2120 1608 p.
2164 1540 2289 1595 457.
2332 1540 2393 1595 In
2423 1539 2636 1597 Latinis
2669 1540 3012 1599 editionibus
3057 1542 3261 1614 legitur
3299 1558 3369 1599 ex
3406 1546 3662 1601 versione

2063 1631 2292 1688 Joannis
2313 1632 2626 1705 Theophili,
2645 1633 2940 1706 subiuncta
2964 1633 3233 1691 relatione
3250 1636 3446 1709 synodi
3466 1636 3663 1695 Orien-

2066 1726 2257 1781 talium
2297 1726 2364 1781 ad
2409 1726 2764 1783 Callimorem
2813 1742 3020 1800 regem,
3059 1727 3127 1785 de
3167 1729 3515 1802 depositione
3559 1731 3664 1807 Cy-

2064 1817 2174 1873 rilli
2203 1826 2259 1874 et
2292 1818 2619 1886 Memnonis,
2650 1819 2857 1891 Ephesi
2898 1819 3095 1892 episc.,
3120 1835 3190 1877 ex
3224 1821 3375 1883 Actis
3401 1824 3663 1882 concilia-

338 1910 434 1966 siti
470 1919 531 1965 et
570 1927 701 1966 cum
741 1912 900 1967 Marii
942 1912 1265 1969 Mercator-is
1288 1913 1688 1981 confutaiione,
1728 1916 1783 1970 in
1818 1916 1961 1970 Mer-
1994 1898 2037 1954 Β
2065 1908 2183 1965 buli
2209 1909 2598 1967 Orientalium.
2635 1910 2755 1967 Alia
2793 1911 2979 1969 versio
3002 1922 3164 1968 vetus
3201 1912 3259 1968 in
3305 1914 3600 1971 collatione
3629 1916 3664 1970 5

336 2011 533 2059 calore
575 2004 860 2072 Garnerii,
893 2014 1031 2062 tom.
1072 2008 1139 2074 II,
1174 2008 1380 2079 p.116.
1416 2008 1691 2066 Caeterum
1729 2011 1964 2084 epistola

338 2097 435 2153 illa
473 2096 671 2171 Cyrilli
712 2114 841 2154 cum
876 2100 1134 2156 versione
1166 2100 1322 2156 Marii
1350 2101 1674 2159 Mercatoris
1718 2104 1964 2161 occurrit

338 2190 398 2245 in
424 2189 693 2246 Garnerii
728 2191 1050 2259 Mercatore,
1087 2199 1221 2249 tom.
1244 2193 1311 2260 II,
1340 2210 1395 2267 p.
1428 2194 1517 2262 69,
1546 2202 1600 2252 et
1632 2213 1700 2253 ex
1725 2198 1831 2253 alia
1872 2214 1964 2254 ve-

334 2282 446 2341 teri
473 2284 743 2340 versione
765 2285 913 2356 apud
937 2286 1223 2342 Baluzium
1254 2303 1310 2358 p.
1338 2287 1462 2353 112,
1492 2297 1549 2343 et
1566 2303 1633 2343 ex
1655 2289 1760 2344 alia
1782 2306 1837 2361 p.
1859 2289 1962 2346 679

336 2376 509 2435 Noote
537 2376 871 2434 collectionis
907 2377 1205 2443 concilior.,
1244 2379 1342 2450 qui
1376 2379 1701 2436 Mercatoris
1740 2395 1962 2452 quoque

337 2471 670 2529 versionem
712 2470 942 2528 exhibet
989 2488 1048 2544 p.
1097 2471 1220 2529 611.
1277 2471 1507 2543 Legitur
1558 2478 1615 2527 et
1652 2472 1848 2529 Latine
1905 2474 1962 2530 in

335 2565 652 2621 collatione
686 2572 841 2621 sexta
874 2564 1072 2636 synodi
1120 2581 1173 2629 γ,
1219 2572 1353 2620 ιοιιι.
1390 2564 1437 2619 II
1486 2564 1656 2630 Binii,
1699 2572 1855 2636 parte
1899 2583 1960 2633 ιι,

335 2671 468 2727 pag.
512 2655 607 2720 96,
649 2663 709 2710 et
743 2670 813 2711 ex
854 2655 1102 2729 Dionysii
1147 2654 1344 2728 Exigui
1385 2655 1643 2711 versione
1681 2655 1965 2726 prodierat

337 2746 526 2803 Paris.
572 2746 736 2813 1628,
799 2746 943 2813 in—8,
983 2755 1041 2803 et
1070 2747 1126 2801 in
1150 2748 1403 2802 Antidoto
1437 2747 1685 2802 adversus
1720 2748 1960 2810 htereses,

337 2838 515 2897 Basil.
550 2840 717 2907 1528,
744 2840 865 2907 101.,
902 2841 1008 2897 sub
1039 2841 1202 2897 titulo
1242 2840 1365 2897 libri
1398 2850 1585 2899 contra
1636 2840 1957 2897 Nestorium.

338 2934 511 2993 Ben.

415 3027 561 3083 Vide
612 3041 787 3098 supra
827 3042 982 3082 nam.
1022 3026 1088 3080 17
1114 3025 1169 3080 in
1205 3024 1533 3082 recensione
1569 3040 1799 3097 operum
1840 3040 1963 3097 qua:

344 3118 682 3174 tomus'VII
728 3116 867 3173 edit.
913 3116 1349 3174 Graeco—Latinas
1399 3117 1666 3172 continet.
1726 3117 1964 3190 Legitur

349 3210 744 3267 memorabilis
783 3210 876 3265 illa
923 3209 1156 3282 epistola
1180 3208 1235 3263 in
1272 3207 1446 3263 Mansi
1489 3206 1707 3263 Collect.
1743 3208 1959 3275 concil.,

2064 2001 2260 2073 synodi
2304 2002 2372 2068 V,
2413 2012 2548 2059 tom.
2588 2003 2637 2059 II
2682 2004 2826 2060 Binii
2866 2015 3022 2077 parte
3058 2021 3116 2072 ιι,
3170 2022 3225 2078 p.
3281 2006 3369 2064 70.
3424 2009 3569 2066 Vide
3604 2018 3662 2066 et

2065 2091 2406 2158 Tillemont.,
2431 2101 2565 2151 tom.
2588 2093 2728 2161 XIV,
2760 2111 2816 2166 p.
2858 2095 2983 2151 640.
3014 2096 3175 2152 Ριιιιι.

2135 2186 2379 2242 Floreat.
2424 2188 2482 2243 in
2512 2188 2636 2243 cod.
2683 2187 2946 2244 Laurent.
2991 2188 3136 2256 XXI,
3168 2207 3226 2246 ιι.
3249 2193 3303 2248 7.
3335 2193 3398 2250 V.
3424 2192 3657 2251 Bandin.

2064 2273 2338 2348 Calalog.,
2365 2276 2408 2342 Ι,
2432 2291 2559 2349 pag.
2594 2277 2719 2333 54-1.
2747 2276 2918 2334 HARL.

2137 2367 2257 2423 105.
2300 2369 2374 2423 Τὸ
2415 2369 2656 2442 Χριστδς
2698 2368 2873 2440 ὄνομα
2914 2369 3041 2424 οὔτε
3086 2371 3213 2445 ὅρου
3255 2372 3484 2446 δύναμιν
3522 2375 3669 2447 ἔχει..

2063 2458 2201 2517 Vide
2223 2477 2410 2533 supra,
2443 2477 2597 2519 num.
2640 2460 2674 2519 8
2707 2461 2764 2519 in
2802 2464 3126 2521 recensione
3157 2480 3388 2537 operum
3413 2484 3536 2540 qua;
3579 2477 3662 2525 to-

2064 2568 2190 2609 mus
2213 2555 2257 2610 V
2278 2555 2415 2610 edit.
2441 2554 2673 2613 Auberti
2695 2556 2961 2611 continet.

2137 2646 2258 2702 106.
2301 2648 2532 2719 Φαιδρδν
2565 2649 2675 2719 ὁρῶ
2700 2649 2762 2703 τὸ
2786 2650 3041 2723 σύστημα
3068 2652 3177 2707 τῶν
3208 2653 3400 2723 ἁγίων.
3426 2653 3663 2712 Homilia

2063 2737 2268 2812 Ephesi
2304 2732 2572 2796 adirersils
2605 2740 2925 2798 Nestorium
2954 2742 3165 2808 habita,
3195 2744 3359 2815 ἡνίκα
3393 2745 3662 2817 κατῆλθον

2064 2832 2115 2884 οἱ
2160 2830 2303 2884 ἑπτὰ
2328 2831 2466 2903 πρὸς
2512 2832 2611 2904 τὴν
2638 2832 2802 2902 ἁγίαν
2826 2834 3065 2906 Μαρίαν.
3120 2835 3279 2891 Τοιιι.
3311 2836 3378 2903 ν,
3411 2846 3570 2909 parte
3596 2854 3658 2904 ιι.

2063 2936 2119 2992 p.
2159 2920 2415 2977 555-558.
2460 2922 2527 2978 In
2565 2922 2778 2980 Latinis
2813 2925 3156 2983 editionibus
3195 2935 3375 2985 exstat
3404 2944 3436 2985 e
3483 2927 3659 2985 Wolf-

2063 3014 2227 3085 gangi
2260 3014 2493 3070 Musculi
2544 3014 3038 3088 interpretatione;
3082 3019 3181 3076 sed
3217 3020 3495 3079 Aubertus
3521 3039 3663 3095 pra»
3708 3014 3713 3017 ’

2064 3106 2193 3161 tulit
2228 3106 2542 3162 versionem
2581 3108 2767 3174 aliam,
2807 3125 3045 3180 quacum
3092 3111 3296 3184 legitur
3328 3113 3385 3169 in
3427 3124 3585 3187 parte
3620 3133 3659 3172 ιι

2062 3196 2331 3255 Actorum
2371 3199 2565 3272 synodi
2587 3200 2899 3271 Ephesinae,
2923 3210 3055 3259 toni.
3092 3204 3308 3271 IBinii,
3331 3222 3386 3278 p.
3431 3206 3558 3263 221.

355 3259 1711 3373 ἶᾼίιὶῖἷῦἷ’ὦς”ἶοόἓι’ᾆάζ’,“ὲι””ᾇὲίὶἰιιιῖίέίὶέιέι
1747 3259 1959 3363 ...ια

2138 3290 2262 3346 107.
2300 3259 2531 3363 Φαιὲρδς
2560 3259 2692 3363 ἡμῖν
2719 3293 2747 3346 ὁ
2774 3259 2932 3362 λόγος
2962 3294 3057 3348 καὶ
3085 3259 3309 3368 χάριτοέ
3331 3259 3663 3370 lipara—ana.

351 3410 519 3466 quam
578 3395 864 3449 Mercator
895 3392 1212 3457 confecisse
1266 3390 1491 3453 dicitur,
1542 3389 1855 3445 ibid-tom.
1889 3387 1958 3456 V,
2014 3374 2025 3383 ’

342 3503 403 3559 p.
419 3487 556 3554 725;
574 3485 767 3542 versio
784 3485 1031 3557 Dionysii
1048 3482 1269 3556 Exigul,
1291 3482 1450 3556 (saec.
1466 3481 1564 3554 vi.)
1580 3496 1745 3554 quam
1763 3496 1961 3554 parum

341 3576 583 3633 differre
626 3591 660 3632 a
683 3576 1012 3632 Mercatoris
1035 3575 1305 3646 versione
1348 3574 1670 3647 pronuntiat
1715 3573 1962 3632 Mansius

343 3679 487 3727 tom.
537 3670 634 3735 IV,
665 3686 723 3741 p.
766 3668 943 3740 ⁸1085,
986 3669 1083 3724 ubi
1109 3668 1305 3724 Latine
1332 3667 1553 3735 editur;
1588 3667 1753 3723 tertia
1800 3676 1962 3724 vetus

341 3762 560 3826 versio,
588 3761 757 3826 ibid.,
793 3769 929 3816 tom.
961 3760 1028 3826 V,
1069 3775 1193 3831 pag.
1222 3758 1356 3826 502;
1388 3767 1606 3830 quarta,
1650 3758 1708 3813 in
1740 3758 1881 3830 Lupi
1903 3767 1961 3815 et

340 3855 565 3912 Baluzii
584 3853 869 3925 Synodico
884 3853 1056 3920 edita;
1077 3854 1272 3925 quinta
1292 3853 1349 3908 in
1370 3852 1524 3908 Actis
1545 3851 1728 3925 quinti
1753 3864 1957 3909 meum.

341 3946 581 4003 concilii
608 3947 666 4001 in
697 3945 873 4002 Μειηεί
920 3945 1141 4001 collect.
1182 3952 1316 4002 tom‘.
1342 3942 1438 4009 IX,
1461 3960 1516 4015 p.
1550 3943 1650 3999 511
1688 3958 1809 4015 sqq.

424 4037 778 4096 Vindobona:
821 4036 880 4092 in
912 4036 1038 4091 cod.
1078 4034 1216 4091 Caes.
1243 4028 1476 4102 'LXXV,
1530 4034 1584 4090 in
1622 4049 1735 4106 quo
1774 4035 1962 4094 multa!

343 4133 607 4204 epistola:
644 4131 864 4201 aliaque
896 4130 1164 4201 opuscula
1186 4129 1256 4184 de
1291 4129 1386 4185 illa
1425 4129 1801 4184 controversia
1833 4135 1964 4185 sunt

345 4208 621 4289 collecta:
662 4222 1125 4278 Anathematismi
1172 4238 1229 4276 ιι.
1283 4221 1373 4277 49.
1422 4221 1487 4279 V.
1542 4220 1828 4287 Lambec.,
1867 4221 1959 4288 III,

345 4333 480 4390 pag.
524 4317 655 4383 595,
695 4315 885 4387 ibique
926 4313 1154 4371 Kollarii
1195 4320 1405 4369 notam.
1432 4313 1583 4370 —In
1618 4313 1742 4369 cod.
1772 4313 1959 4379 XLIV,

347 4431 411 4471 ιι.
458 4410 565 4477 4ος
602 4410 770 4475 XLV,
832 4425 890 4464 ιι.
953 4407 1059 4475 19;
1122 4407 1211 4474 LI,
1266 4423 1324 4463 ιι.
1361 4407 1468 4475 19;
1505 4406 1617 4473 LII,
1644 4424 1702 4462 ιι.
1738 4409 1792 4471 9,
1834 4422 1962 4462 cum

345 4503 623 4576 anonymi
670 4501 979 4572 appendice
1026 4500 1095 4556 de
1152 4500 1512 4571 opinionibus
1564 4501 1963 4557 haeresiarcha-

346 4612 503 4653 rum.
546 4594 613 4650 V.
651 4590 938 4658 Lambec.,
981 4589 1120 4657 VIII,
1155 4606 1281 4664 pag.
1318 4590 1423 4648 896
1459 4606 1569 4662 sq.,
1610 4591 1735 4658 957,
1770 4590 1876 4647 995
1906 4598 1962 4646 et

346 4685 516 4745 1002.

424 4778 733 4836 Florentiae
780 4776 841 4833 in
886 4776 1011 4833 cod.
1054 4774 1316 4830 Laurent.
1364 4772 1482 4838 XII,
1523 4790 1580 4828 ιι.
1626 4773 1679 4838 6,
1726 4774 1868 4845 plut.
1906 4775 1962 4841 6,

343 4871 553 4945 Cyrilli
598 4867 1050 4925 anathematismi
1091 4867 1209 4934 XII,
1257 4867 1334 4921 ita
1365 4865 1595 4936 quidem
1632 4866 1855 4936 digesti,
1905 4875 1969 4922 ut

344 4978 558 5053 qurum
599 4961 841 5034 quilibet
889 4961 1196 5053 subjectam
1245 4959 1449 5015 habeat
1470 4957 1662 5031 CyrilIi
1706 4959 1969 5053 explana-

346 5051 596 5123 tionem,
632 5054 961 5112 Theodoriti
994 5052 1510 5125 reprehensionem,
1541 5064 1607 5107 ac
1633 5066 1827 5107 rursus
1859 5051 1967 5125 Cy-

345 5151 470 5209 rilli
499 5148 914 5213 defensionem,
938 5161 1036 5203 seu
1058 5152 1423 5217 responsum;
1450 5143 1735 5215 praemissa
1755 5152 1839 5200 est
1856 5143 1967 5218 Cy-

345 5241 466 5297 rilli
517 5240 691 5314 epist.
744 5240 815 5296 ad
855 5237 1177 5309 Evoptium.
1221 5267 1293 5278 —
1328 5236 1393 5292 In
1446 5234 1570 5290 cod.
1624 5234 1770 5299 XXI,
1817 5252 1871 5290 ιι.
1910 5236 1963 5299 8,

344 5335 498 5407 plut.
534 5333 629 5397 IV,
685 5331 872 5389 diﬁ‘ert
897 5339 1085 5387 tamen
1127 5329 1198 5383 ah
1233 5326 1421 5384 editis.
1464 5327 1530 5383 V.
1568 5327 1800 5383 Bandin.
1843 5326 1960 5384 Cat.

343 5426 507 5480 codd.
548 5423 646 5480 Gr.
677 5422 869 5486 Laut,
893 5421 937 5488 I,
966 5436 1090 5494 pag.
1121 5419 1305 5476 118et
1326 5419 1452 5475 544.

421 5517 610 5574 Paris.
655 5516 717 5573 in
756 5516 897 5574 bibl.
944 5515 1103 5587 pubi.
1138 5514 1198 5570 in
1228 5513 1354 5571 cod.
1385 5512 1505 5568 Lat.
1550 5510 1829 5568 MCDLVII
1871 5512 1962 5584 (in

340 5625 461 5682 quo
496 5610 696 5666 multa
721 5618 858 5665 sunt
884 5608 1079 5681 Cyrilli
1122 5607 1375 5678 epistolae
1399 5612 1457 5661 et
1484 5605 1589 5661 alia
1629 5604 1895 5675 opuscula
1920 5604 1961 5675 ),

337 5721 403 5763 II.
426 5707 484 5769 8,
509 5712 573 5760 et
598 5705 658 5759 in
683 5703 809 5760 cod.
839 5703 961 5758 Lat.
983 5698 1323 5766 IIMCXXIII,
1356 5716 1413 5754 ιι.
1442 5700 1492 5752 1.
1516 5699 1579 5755 V.
1603 5696 1783 5754 Catal.
1808 5697 1958 5751 codd.

337 5795 470 5851 bibl.
499 5795 708 5858 Paris,
744 5795 835 5854 III.
854 5810 980 5867 pag.
1014 5795 1117 5848 1-17
1146 5801 1203 5849 et
1223 5792 1347 5848 210.

1990 4634 2042 4697 Ι)

2064 3380 2247 3455 μένος.
2277 3382 2592 3438 Encomium
2614 3385 2669 3438 in
2704 3381 2760 3439 S.
2790 3384 3023 3441 Mariam
3062 3386 3376 3459 Deiparam.
3406 3390 3564 3446 Tum.
3594 3393 3658 3459 V,

2060 3483 2217 3547 parte
2263 3491 2322 3542 ιι,
2352 3492 2406 3547 p.
2442 3474 2701 3543 579585,
2729 3477 2799 3532 ab
2818 3478 3065 3535 Auberto
3101 3481 3343 3551 primum
3375 3483 3660 3557 vulgatum

2060 3583 2091 3624 e
2113 3584 2217 3624 ms.
2244 3568 2416 3641 regio.
2445 3567 2546 3642 [V.
2581 3568 2864 3634 Lambec.,
2897 3578 3029 3626 tom.
3066 3571 3204 3638 VIII,
3236 3589 3294 3645 p.
3332 3574 3502 3651 820.]

2134 3660 2257 3717 108.
2297 3663 2435 3734 Φέρε
2477 3663 2543 3735 δὴ
2591 3662 2778 3727 πάλιν,
2814 3664 3009 3734 καιροῦ
3059 3665 3495 3738 παραθήγοντος.
3544 3670 3659 3727 Ηο..

2041 3755 2216 3813 'milia
2245 3756 2521 3828 paschalis
2543 3774 2665 3812 xxv.
2699 3756 2856 3813 Tom.
2887 3757 2950 3824 V,
2974 3766 3132 3830 parte
3163 3776 3222 3826 ιι,
3246 3776 3301 3831 p.
3329 3761 3585 3823 296—502.

2133 3846 2258 3903 109.
2297 3846 2577 3919 Φοῦοῦμαι
2624 3848 2716 3904 τὸν
2758 3848 2990 3903 θάνατον
3039 3851 3121 3905 ὅτι
3151 3853 3348 3926 πικρός
3399 3856 3490 3927 μοί
3517 3859 3658 3914 ἐστι,

2062 3936 2300 3994 IIomilia
2350 3939 2487 4012 Περὶ
2531 3939 2713 4004 ἐξόδου
2758 3939 2940 4011 ψυχῆς
2984 3950 3033 3995 et
3089 3942 3153 3996 de
3196 3946 3424 4001 secundo
3464 3946 3661 4005 Christi

2063 4032 2314 4087 adventu.
2363 4030 2521 4087 Tom.
2554 4032 2620 4095 V,
2655 4040 2811 4103 parte
2853 4050 2914 4098 ιι,
2951 4051 3006 4105 p.
3057 4034 3319 4093 401-416.
3370 4040 3661 4099 Prodierat

2062 4121 2253 4178 Graece
2272 4123 2451 4178 Paris.
2485 4123 2632 4192 apud
2658 4124 3006 4180 Wechelium
3030 4125 3189 4192 1558,
3211 4127 3387 4185 forma
3422 4132 3657 4201 minore,

2062 4224 2190 4264 eum
2219 4211 2373 4265 horis
2412 4220 2470 4267 et
2495 4212 2716 4281 liturgia
2761 4212 2964 4278 Mariae,
2994 4222 3055 4268 ut
3087 4214 3367 4275 Gesncrus
3396 4221 3563 4279 etiam
3604 4225 3661 4281 in

2061 4301 2387 4358 Bibliotheca
2428 4318 2528 4359 sua
2570 4303 2872 4361 adnotavit.
2906 4306 3099 4364 Exstat
3128 4315 3184 4363 et
3213 4308 3401 4368 Greece
3447 4316 3660 4373 editum

2063 4397 2133 4454 ad
2167 4398 2374 4454 calcem
2406 4398 2751 4471 Ὠρολογίου
2802 4399 3121 4458 Graecorum
3168 4404 3366 4462 Venet.
3403 4407 3564 4473 1555,
3601 4412 3655 4476 8,

2067 4490 2241 4557 1555,
2308 4488 2470 4558 1611,
2522 4491 2607 4548 12.
2667 4492 2732 4549 In
2790 4492 3002 4550 Latinis
3058 4493 3253 4569 Cyrilli
3313 4498 3660 4559 editionibus

2065 4588 2244 4636 exstat
2291 4596 2323 4637 e
2387 4583 2639 4641 versione
2708 4584 3019 4643 Sebastiani
3067 4586 3439 4659 Castellionis,
3492 4610 3657 4666 quam

2056 4672 2345 4730 Aubertus
2404 4691 2623 4748 quoque
2683 4678 2943 4736 servavit.
2996 4678 3304 4738 Transtulit
3349 4691 3407 4740 et
3454 4684 3661 4759 Caspar

2068 4763 2313 4822 Ursinus
2344 4767 2552 4824 Velius.
2588 4768 2750 4825 FABR.

2135 4857 2191 4915 S.
2244 4860 2435 4933 Cyrilli
2486 4861 2550 4917 de
2609 4865 2805 4921 animae
2854 4865 3109 4932 decessu,
3161 4867 3328 4940 deque
3384 4870 3501 4943 ejus
3547 4873 3655 4928 vita

2066 4950 2240 5007 altera
2283 4969 2475 5020 sermo,
2520 4952 2582 5009 (Σ.
2612 4953 2814 5012 Ursino
2841 4956 2998 5013 Velio
3033 4957 3357 5032 interprete.
3394 4961 3655 5034 Ejusdem

2064 5043 2248 5100 Ursini
2272 5052 2454 5102 tomus
2490 5046 2715 5117 quidam
2747 5047 3029 5121 Evangelii
3065 5049 3275 5109 Lucani
3312 5050 3474 5125 (Luc.
3503 5070 3654 5123 xvm,

2065 5138 2192 5210 15.)
2260 5138 2317 5194 ἰιι
2367 5155 2564 5197 versus
2620 5139 2720 5213 (52
2769 5142 3156 5218 hexametros)
3212 5143 3490 5211 redactus,
3546 5156 3656 5205 etc.

2065 5232 2290 5288 Vienna:
2307 5233 2603 5291 Pannonia
2632 5234 2688 5291 in
2709 5234 2813 5291 ted.
2839 5235 2924 5293 Jo.
2951 5236 3230 5310 Singreni,
3256 5237 3411 5304 1521,
3442 5241 3575 5298 min.
3602 5244 3659 5300 1.

2063 5324 2128 5380 V.
2162 5325 2329 5382 Denis
2364 5322 2558 5381 νγεοηέ
2577 5325 3301 5397 Buchdrucker-Geschichte,
3342 5346 3398 5403 p.
3431 5331 3536 5389 221
3572 5349 3655 5408 sq.

2063 5426 2120 5472 et
2143 5417 2503 5474 Lambacheri
2537 5417 2673 5474 Bibl.
2701 5422 2870 5492 antiq.
2897 5422 3065 5487 cinia,
3106 5438 3162 5497 p.
3198 5418 3290 5480 99.
3313 5455 3384 5465 —
3418 5424 3479 5480 In
3520 5424 3655 5485 bibl.

2062 5509 2272 5567 Pcdlei.
2305 5510 2429 5567 cod.
2453 5511 2680 5568 Barocc.
2713 5511 2969 5572 CXLVII.
2997 5512 3169 5569 Ηιιιι..

2134 5602 2255 5657 110.
2298 5603 2530 5676 Χαίρετε
2558 5606 2615 5658 ἒν
2644 5604 2835 5676 Κυρίῳ
2879 5605 3133 5673 πάντοτε,
3167 5606 3332 5663 πάλιν
3364 5608 3498 5680 ἐρῶ,
3532 5610 3655 5680 χαί-

2065 5711 2205 5762 ρετε.
2261 5695 2459 5767 Τρέχει
2505 5694 2563 5749 δὲ
2614 5696 2708 5749 καὶ
2760 5697 2914 5768 ἡμῖν.
2962 5697 3200 5757 Bomilia
3249 5700 3297 5756 II
3353 5702 3651 5775 paschalis.

2063 5787 2219 5844 Tom.
2254 5787 2318 5853 V,
2348 5796 2504 5859 parte
2525 5804 2583 5854 ιι,
2612 5803 2664 5859 p.
2695 5788 2886 5849 16—31.

417 5914 505 5983 la)
549 5914 691 5971 Vide
738 5913 1058 5969 Tillcmont.
1110 5921 1242 5968 tom.
1286 5910 1425 5976 XIV,
1478 5925 1598 5979 pag.
1653 5907 1779 5977 558,
1826 5908 1951 5974 569,
1993 5905 2117 5965 572.
