4172 6434
297 348 361 406 8⁸
1581 351 1870 411 NOTITIA
1900 354 1993 411 EX
2031 350 2363 411 FABRICIO.

294 467 521 522 rillum.
549 465 614 522 In
654 474 812 537 parte
842 484 857 521 ι
888 465 1154 523 Actorum
1186 466 1409 524 concilii
1445 464 1879 539 EphesiuiJom.
1910 472 1949 548 1,
1961 483 2004 536 Α
2038 481 2188 549 teros
2236 479 2295 525 et
2342 464 2823 535 archimandritas,
2861 484 2984 541 pag.
3020 467 3145 523 914.
3200 466 3398 538 Incipit
3427 466 3634 539 ξεστο-

291 561 477 625 Biuii,
528 577 660 633 pag.
716 560 843 617 162.
900 561 1108 633 Incipit
1153 579 1167 616 :
1216 562 1386 618 Μέλει
1432 563 1686 618 πλεῖστον
1740 569 1929 619 Osace-

290 656 462 719 Gela;
485 654 677 728 ἡμῶν.
704 654 907 728 [Mans
930 655 1023 723 IV,
1052 671 1177 728 pag.
1214 655 1396 723 “09;
1423 655 1547 712 Lat.
1581 656 1647 723 V,
1685 673 1743 728 p.
1776 642 1924 719 529.]

368 750 503 810 Alia
541 768 671 825 pag.
699 753 824 810 164.
882 755 1134 826 Ηρτηται
1165 751 1268 823 τῆς
1293 753 1374 816 εἰς
1400 751 1536 809 Θεὸν
1563 752 1866 817 εὐσεϐείας.

297 917 467 977 VIII.
519 916 784 994 Scripta
843 912 1078 991 Cyrilli
1138 913 1338 994 edita,
1368 932 1504 994 quis
1532 915 1603 976 in
1649 915 1925 979 editione

485 993 710 1057 Paris.
745 993 1235 1058 Graeco—Latina
1269 993 1744 1057 desiderantur.

371 1141 505 1196 152.
539 1139 803 1214 Epistola
849 1140 921 1195 ad
974 1138 1269 1212 Optimum,
1335 1139 1644 1197 Antiochia)
1704 1140 1927 1197 Pisidiae

293 1234 659 1306 episcopum,
689 1249 816 1305 qua:
857 1232 1098 1304 incipit:
1129 1233 1241 1288 Καὶ
1294 1233 1474 1298 ἄλλως
1528 1233 1722 1305 ἡδέως.
1787 1234 1925 1292 Vide

294 1345 481 1400 supra
519 1329 582 1383 in
615 1327 829 1391 Indice,
862 1342 1020 1381 num.
1052 1326 1141 1382 44.

374 1420 511 1475 155.
546 1418 1057 1483 Commonitorium,
1085 1416 1385 1474 Posidonio
1414 1417 1628 1487 datum,
1655 1421 1804 1492 quod
1836 1420 1924 1476 in-

290 1510 482 1582 cipit:
530 1510 599 1563 Ἡ
652 1509 954 1579 Νεστθρίςυ
992 1509 1211 1574 πίστις,
1247 1510 1450 1580 μᾶλλον
1499 1510 1557 1565 δὲ
1611 1510 1921 1577 κακοδοξία.

293 1602 386 1675 [ν.
416 1617 602 1673 supra
632 1601 691 1656 in
723 1601 933 1667 Iudice,
956 1618 1014 1655 ιι.
1041 1600 1158 1673 59.]

367 1696 503 1751 154.
571 1694 830 1761 Libellus,
872 1711 906 1749 a
947 1693 1163 1767 Cyrillo
1216 1704 1273 1752 et
1336 1696 1651 1764 Memnone,
1719 1699 1925 1770 Ephesi

287 1788 505 1859 episc.,
547 1787 777 1844 oblatus
814 1787 1061 1844 concilio
1090 1787 1393 1859 Ephesiae.
1441 1790 1580 1847 Vide
1630 1791 1686 1846 in
1721 1792 1925 1848 eodem

291 1878 495 1935 Iudice
527 1897 540 1932 :
581 1877 825 1943 Εὐσεόὲς
846 1877 1129 1950 θέσπισμα
1150 1881 1210 1933 ὲν
1239 1879 1389 1951 τῇδε.

369 1966 505 2026 155.
540 1967 935 2042 Fragmentum
988 1969 1241 2036 homiliaz,
1310 1969 1460 2042 quod
1499 1971 1694 2044 incipit
1727 1990 1739 2026 :
1767 1971 1924 2028 Dives

290 2074 372 2119 est
413 2063 578 2118 hodie
606 2062 873 2118 Dominus
902 2071 1103 2130 noster,
1147 2063 1202 2118 in
1230 2072 1387 2135 parte
1416 2081 1475 2119 III
1509 2064 1698 2121 Actor.
1726 2066 1926 2138 synodi

292 2156 624 2227 Ephesium,
654 2162 791 2210 tom.
818 2154 840 2210 I
878 2155 1051 2221 Biuii,
1083 2170 1140 2226 p.
1163 2154 1290 2210 581.
1326 2154 1514 2223 Aliud,
1542 2172 1597 2227 p.
1643 2155 1769 2211 425.
1790 2156 1920 2222 Eos,

290 2248 385 2321 qui
414 2251 629 2321 pietate
664 2247 817 2317 ﬁrmi
846 2255 997 2314 sunt,
1024 2253 1135 2303 etc.

368 2341 504 2396 156.
564 2338 820 2411 Epistola
872 2340 945 2394 ad
996 2338 1218 2395 clericos
1270 2338 1921 2410 Constantinopolitanos,

290 2436 523 2507 plenior
570 2451 644 2490 ex
702 2433 862 2489 Marii
916 2432 1238 2489 Mercatoris
1284 2433 1558 2489 versione.
1589 2433 1727 2490 Vide
1756 2448 1926 2507 supra

292 2531 354 2585 in
378 2530 575 2586 Indice
610 2547 625 2583 :
668 2528 940 2596 Ἀνέγνων
968 2528 1030 2581 τὸ
1060 2527 1491 2599 ὑπομνηστικόν.

369 2619 504 2675 157.
538 2617 804 2676 Collectio
827 2618 1045 2673 uberior
1074 2618 1334 2673 dictarunt
1360 2617 1613 2685 Nestorii,
1640 2635 1706 2674 ex
1730 2618 1949 2682 Latina,

292 2714 462 2769 Marii
514 2712 851 2768 Mercatoris
898 2712 1198 2780 versione,
1236 2720 1371 2768 tom.
1435 2713 1480 2767 ll
1518 2711 1655 2768 edit.
1705 2711 1922 2770 Carne—

294 2807 495 2871 riaute,
534 2821 593 2876 p.
640 2802 912 2860 103-106.

369 2897 503 2953 158.
527 2897 720 2953 Locus
754 2897 1016 2969 insignis,
1050 2909 1163 2968 quo
1200 2897 1404 2953 scholia
1451 2896 1661 2971 Cyrilli‘
1687 2898 1756 2954 de
1789 2898 1925 2956 Uni-

296 2991 493 3062 genito
522 2990 783 3046 auctiora
811 3006 881 3046 ex
909 3006 1015 3047 ms.
1045 2989 1201 3046 dedit
1239 2990 1387 3046 idem
1424 2991 1669 3047 Joannes
1711 2991 1923 3047 Carne-

298 3088 439 3142 rius.
482 3085 630 3142 Vide
681 3101 874 3156 supra,
911 3101 1069 3140 num.
1123 3085 1176 3150 8,
1216 3084 1273 3139 in
1310 3084 1635 3140 recensione
1692 3100 1923 3156 operum

301 3192 424 3246 qua:
464 3186 659 3232 tomus
691 3177 739 3233 V
759 3176 996 3233 Auberti
1028 3176 1296 3231 continet.
1754 3237 1761 3242 ,

370 3266 475 3321 159
494 3306 507 3319 .
547 3264 808 3338 Epistola
833 3265 904 3320 ad
934 3264 1189 3320 Acacium
1215 3262 1622 3321 Berrhoensem.
1655 3265 1715 3321 In
1747 3266 1921 3339 Syno-

304 3356 436 3413 dico
463 3358 735 3413 adversus
760 3358 1088 3429 tragmdlam
1113 3357 1333 3425 Irentei,
1365 3373 1414 3413 c.
1454 3358 1542 3423 56,
1584 3374 1641 3429 p.
1671 3358 1769 3413 851
1810 3375 1918 3430 sq.,

294 3450 449 3523 apud
474 3449 608 3507 Balu
620 3450 773 3506 zium
798 3448 1020 3506 Collect.
1052 3466 1201 3506 novre
1222 3450 1521 3517 concilior.,
1545 3467 1601 3523 p.
1636 3451 1917 3519 758-762;

293 3545 519 3601 Latine.
549 3543 797 3615 Incipit:
820 3542 1110 3598 Decen'tem
1141 3559 1198 3597 se
1227 3544 1391 3598 etiam
1433 3561 1575 3599 nunc
1608 3562 1795 3601 curam
1829 3546 1919 3600 in-

290 3640 424 3711 cipit
471 3639 743 3694 sanctitas
801 3645 919 3691 tua.
980 3636 1137 3693 Adde
1201 3636 1522 3711 fI‘illemont.
1585 3638 1744 3694 Tom.
1777 3639 1918 3708 XIV,

291 3749 421 3804 pag.
455 3731 590 3796 519,
629 3747 751 3802 seq.
811 3729 977 3786 FABB.
1022 3761 1093 3770 —-
1121 3728 1183 3806 In
1221 3729 1499 3806 S_ynodico
1538 3732 1714 3789 multa
1758 3750 1920 3805 repe-

293 3803 529 3880 riuntur
561 3824 801 3880 collecta
833 3824 903 3880 de
937 3823 1121 3881 turbis
1150 3803 1532 3879 Orientalium
1566 3833 1691 3897 post
1728 3803 1921 3905 pqae—em

292 3915 532 3972 factam.
566 3914 745 3971 ΗΑιιι..

366 4007 500 4062 140.
550 4006 641 4063 Ad
683 4006 943 4061 Acacium
978 4007 1381 4065 Melitinensem.
1426 4009 1614 4066 Baluz.
1642 4051 1657 4078 ,
1701 4026 1756 4084 p.
1792 4011 1916 4078 917,

292 4109 352 4155 et
382 4117 454 4156 ex
489 4101 605 4156 alia
637 4100 897 4156 versione
929 4101 987 4156 in
1021 4101 1317 4160 collatione
1352 4103 1389 4158 5
1423 4103 1645 4159 concilii
1689 4120 1743 4170 ι’,
1783 4113 1916 4159 tom.

293 4192 341 4250 ll
381 4194 560 4262 Binii,
605 4204 768 4266 parte
807 4210 870 4261 ιι,
907 4210 965 4266 p.
996 4194 1087 4262 70,
1131 4195 1226 4251 ubi
1252 4196 1496 4253 traditur
1525 4196 1919 4270 cademCyril-

293 4285 387 4341 lus
414 4285 592 4341 etiam
626 4285 923 4367 scripsisse
953 4285 1025 4342 ad
1058 4283 1417 4344 Theodorum
1447 4288 1824 4361 Ancyranum,
1864 4297 1921 4345 et

294 4380 580 4447 Firmum,
617 4380 889 4438 Caesarea:
930 4383 1299 4456 Cappadociae
1357 4385 1705 4457 episcopum.
1765 4384 1834 4438 Et
1862 4382 1919 4437 in

291 4471 541 4543 cpistola
573 4472 609 4527 5
641 4472 854 4548 Pelagii
886 4473 933 4531 II
971 4475 1044 4532 ad
1095 4477 1389 4549 episcopos
1446 4476 1641 4532 Istrizu.
1679 4473 1913 4545 Incipit:

291 4565 497 4621 Latere
526 4576 682 4622 tuam
716 4585 821 4623 non
845 4566 1084 4641 oportuit
1105 4573 1470 4626 sanctitatem.
1648 4570 1656 4577 ’

292 4752 446 4817 dico,
504 4768 565 4823 p.
623 4751 753 4820 812,
805 4754 943 4810 edit.
995 4755 1231 4810 Baluzii.
1288 4754 1812 4827 IncipitzPiissimo
1870 4762 1919 4808 et

292 4854 554 4900 amatore
587 4843 793 4901 Christi
811 4847 1143 4919 imperatore
1169 4849 1451 4921 dirigente.
1493 4848 1655 4904 Faue.

366 4938 501 4993 142.
536 4938 627 4993 Ad
646 4938 1005 5009 Aristolaum,
1033 4942 1321 4997 tribunum
1339 4950 1397 4997 ct
1420 4942 1720 4997 notarium.
1749 4941 1913 5007 Ibid.,

289 5045 422 5102 pag.
485 5028 617 5084 889.
675 5029 880 5103 Incipit
911 5049 925 5085 :
955 5030 1219 5088 Dominus
1283 5050 1430 5088 meus
1490 5032 1917 5105 religiosissimus

288 5121 719 5177 Beronieianus.
769 5123 841 5178 Et
870 5139 926 5195 p.
955 5123 1080 5181 915.
1130 5125 1331 5196 Incipit
1369 5145 1381 5180 :
1414 5125 1641 5181 Piarum
1680 5127 1916 5181 sanctio-

288 5233 423 5271 uum
455 5233 584 5287 qua:
607 5232 801 5288 nuper.
828 5216 987 5274 Adde
1011 5217 1335 5275 Tillemont.
1368 5225 1501 5274 tom.
1526 5218 1666 5283 XIV,
1697 5234 1751 5289 p.
1787 5217 1913 5274 619.

266 5302 271 5307 ’
364 5312 499 5366 145.
538 5310 621 5366 Ad
648 5309 999 5367 Theodosium
1028 5313 1164 5384 imp.
1200 5311 1387 5368 Baluz.
1412 5353 1426 5379 ,
1456 5327 1510 5384 p.
1535 5310 1660 5368 894.
1678 5310 1910 5383 Incipit:

285 5404 594 5460 IEternam
620 5404 789 5459 vitam
816 5406 1097 5476 providere
1129 5424 1160 5461 (ι
1189 5414 1358 5461 terra.

362 5498 496 5553 144.
518 5496 606 5552 Ad
638 5495 907 5552 Joannem
933 5497 1345 5554 Antiochenam.
1377 5498 1543 5563 Ibid.,
1576 5514 1632 5569 p.
1667 5496 1793 5554 914.
1824 5497 1915 5552 ιιι-

286 5589 430 5661 cipit
475 5607 490 5642 :
543 5587 781 5644 Litteras
835 5604 869 5643 a
913 5598 1009 5643 tua
1066 5591 1392 5662 perfectione
1441 5590 1817 5653 transmissus;
1862 5595 1919 5644 et

287 5700 345 5754 p.
383 5683 521 5739 916.
553 5681 795 5753 Incipit:
832 5682 950 5753 Ego
984 5684 1198 5755 quidem
1232 5685 1539 5742 abstersisse
1562 5703 1594 5740 a
1624 5700 1700 5740 se.
1729 5683 1918 5740 Grzcce

285 5784 344 5832 et
382 5777 594 5832 Latine
628 5776 684 5831 in
706 5775 966 5834 Carnerii
998 5778 1263 5835 Auctario
1289 5780 1637 5835 'I'heodoriti.

358 5871 494 5928 145.
522 5870 609 5927 Ad
634 5870 961 5941 Maximum,
988 5872 1274 5941 Joannem,
1306 5874 1662 5942 Thalassium,
1682 5875 1914 5948 prcsby-
1937 5861 1941 5864 ’

1958 1790 2051 1897 Β(

2030 564 2146 637 gius
2166 561 2381 635 quidem
2418 561 2564 617 zelus
2590 561 2951 634 religiositatis
2981 568 3168 615 vestrae
3190 569 3289 615 est.

2104 657 2228 712 146.
2262 656 2346 711 Ad
2383 655 2659 721 Musarum,
2695 656 2964 712 Antaradi
3019 657 3343 728 episcopum.
3370 653 3536 719 Ibid.,
3576 669 3635 725 p.

2029 746 2156 802 917.
2192 746 2392 819 Incipit
2423 766 2444 800 :-
2460 746 2577 819 Ego
2603 747 2815 818 quidem
2844 763 3055 819 semper
3085 755 3189 802 tua:
3213 746 3571 818 religiositati.

2102 861 2228 917 147.
2270 862 2519 934 Epistola
2571 861 2642 917 ad
2686 861 3014 927 Nestorium,
3045 876 3114 916 ex
3164 859 3405 915 Arabico
3453 875 3631 926 versa,

2030 954 2179 1026 apud
2213 955 2520 1010 Eusebium
2562 954 2957 1010 Reuaudotum
3004 955 3062 1010 iu
3115 953 3356 1009 Historia
3393 955 3635 1025 patriar-

2030 1046 2254 1101 charum
2294 1045 2475 1112 Alex.,
2522 1062 2577 1117 p.
2625 1045 2747 1102 109.
2784 1046 2984 1117 Incipit
3013 1063 3026 1099 :
3052 1046 3172 1102 Non
3217 1047 3418 1102 credidi
3448 1064 3635 1102 verum

2031 1155 2141 1193 esse
2175 1140 2320 1211 quod
2354 1140 2419 1194 de
2448 1148 2517 1194 te.

2103 1228 2226 1284 148.
2262 1226 2590 1301 Fragmenta
2618 1246 2682 1284 ex
2705 1245 2951 1284 sermone
2972 1228 3036 1283 de
3056 1227 3181 1299 ﬁde.
3219 1228 3384 1295 Ibid.,
3417 1244 3471 1300 p.
3503 1229 3629 1285 927.

2031 1322 2205 1394 Incip.
2237 1341 2249 1377 :
2290 1322 2406 1395 Ego
2432 1332 2889 1395 contemperatum
2922 1340 3027 1378 non
3059 1323 3275 1394 recipio.

2103 1415 2225 1471 149.
2256 1414 2583 1488 Fragmenta
2627 1432 2691 1471 ea:
2725 1414 2949 1488 epistola
2982 1415 3052 1469 ad
3082 1415 3368 1469 monachos
3418 1413 3633 1469 Phaen-

2030 1529 2132 1577 ses,
2158 1523 2354 1567 contra
2375 1526 2600 1567 errores
2615 1509 2894 1582 Origenis.
2919 1507 3227 1565 Concilior.
3254 1516 3387 1562 tom.
3415 1507 3459 1562 V
3493 1507 3632 1562 edit.

2030 1604 2260 1669 Labbei,
2286 1621 2342 1676 p.
2380 1603 2643 1661 657-660.

2104 1697 2223 1753 150.
2265 1697 2526 1769 Praefatio
2543 1700 2598 1752 in
2617 1698 2823 1770 cyclum
2855 1696 3165 1771 paschalem
3196 1711 3469 1752 annorum
3494 1693 3636 1751 XCV

2055 1790 2343 1847 conditum
2376 1790 2442 1846 A.
2479 1790 2543 1847 C.
2589 1791 2715 1847 456.
2758 1790 2897 1847 Vide
2950 1790 3446 1850 Tillemont.,tom.
3488 1787 3633 1850 XIV,

2028 1900 2152 1956 pag.
2188 1884 2292 1940 625
2316 1882 2483 1956 seq.),
2518 1883 2713 1942 Latine
2741 1883 2891 1940 edita
2920 1884 2991 1939 ab
3017 1882 3238 1961 Aigidio
3270 1880 3547 1945 Bucherio
3578 1879 3638 1936 in

2027 1974 2288 2030 Doctrina
2321 1983 2639 2047 temporum,
2680 1991 2805 2048 pag.
2839 1974 3109 2037 481-484.
3147 1973 3432 2044 Antwerp.
3472 1972 3633 2035 1634;

2029 2067 2121 2123 fol.
2157 2067 2289 2140 [Sed
2325 2068 2657 2138 locupletior
2691 2076 2780 2124 est
2830 2068 2887 2131 in
2943 2067 3066 2125 cod.
3126 2066 3189 2122 Β.
3245 2065 3424 2138 pub].
3456 2065 3632 2121 Paris.

2027 2159 2287 2226 DCIX,n.
2317 2159 2372 2214 ι.
2402 2159 2468 2215 v.
2497 2158 2619 2225 Cat,
2654 2158 2818 2233 codd.
2853 2158 3051 2223 Paris.,
3080 2157 3177 2224 III,
3209 2172 3335 2229 pag.
3369 2150 3486 2228 5-1.]
3506 2154 3634 2227 ,Με-

2026 2250 2192 2305 minit
2224 2250 2363 2323 cycli
2390 2249 2563 2317 illius,
2600 2264 2668 2305 ex
2718 2249 2966 2320 quinque
2997 2247 3167 2319 cyclis
3226 2241 3636 2309 decemnoven:

2026 2344 2249 2400 ualibus
2285 2343 2616 2409 constantis,
2648 2341 2972 2414 Sigebertus
3009 2337 3445 2406 Gemblaceusis,
3488 2353 3539 2393 c.
3563 2335 3637 2392 24

2024 2435 2105 2491 De
2135 2437 2478 2509 scriptoribus
2515 2433 2901 2490 ecclesiasticis.
3392 2500 3401 2509 ι
3532 2424 3539 2431 ’

2096 2528 2221 2583 151.
2255 2527 2520 2600 Liturgia,
2556 2543 2621 2583 ex
2650 2525 2890 2587 Arabico
2912 2524 3107 2589 Latine
3144 2539 3305 2585 versa
3324 2540 3355 2579 a
3386 2521 3635 2580 Victorio

2028 2619 2303 2691 Scialagh.
2336 2618 2597 2690 Augusta:
2622 2617 2897 2675 Vindelic.
2931 2616 3090 2683 1604,
3133 2616 3274 2682 ἰιι-4,
3311 2624 3476 2685 atque
3505 2613 3634 2668 inde

2027 2712 2085 2767 in
2122 2710 2260 2766 Bibl.
2310 2711 2541 2768 Patrum
2579 2709 2759 2766 Paris.
2793 2726 2844 2766 a.
2872 2710 3030 2766 1654.
3065 2709 3225 2764 Τοιιι.
3252 2708 3343 2764 VI.
3382 2706 3636 2763 Maxima!

2027 2805 2383 2869 auctoritatis,
2418 2803 2601 2875 inquit
2620 2802 3001 2876 Villalpandus
3027 2802 3082 2865 in
3100 2817 3222 2874 cap.
3249 2818 3285 2856 ιι
3302 2798 3632 2864 Ezechielis,

2026 2911 2082 2967 p.
2114 2896 2241 2962 512,
2269 2896 2431 2950 rideri
2464 2895 2612 2949 debet
2643 2894 2705 2950 S.‘
2734 2893 2967 2969 Cyrillus
2997 2895 3051 2948 in
3086 2911 3147 2949 ea
3186 2893 3433 2964 liturgia,
3473 2908 3637 2963 quam

2027 3005 2197 3060 nuper
2223 3004 2287 3043 ex
2307 2987 2629 3067 .Eggptiaca
2662 2988 2861 3060 lingua
2892 2989 2946 3042 in
2969 2986 3222 3043 Latinam
3248 2987 3505 3041 convertit
3543 2983 3635 3038 Υἱ-

2004 3083 2224 3144 -ctorins
2284 3081 2628 3147 [Iacui-ensis,
2666 3079 2961 3147 Maronita,
2999 3096 3267 3151 quamque
3302 3077 3515 3150 vulgari
3545 3093 3636 3130 cu-

1950 3193 1993 3252 c
2029 3179 2117 3226 rat
2152 3170 2417 3232 I’elserus.
2444 3171 2693 3244 Liturgia
2725 3172 2862 3237 haec,
2895 3172 3131 3227 Arabicc
3156 3181 3215 3227 et
3241 3169 3469 3242 C0ptice
3492 3169 3633 3223 scrin
3706 3240 3711 3243 _

2025 3272 2139 3336 pta,
2169 3264 2225 3318 in
2263 3263 2604 3319 membranis
2632 3263 2739 3319 fuit
2768 3263 2915 3320 inter
2946 3278 3079 3318 mss.
3108 3261 3332 3318 codices
3357 3261 3421 3315 D.
3454 3260 3633 3315 Abra-

2025 3355 2173 3410 hami
2231 3354 2676 3435 Hinckelmauni.
2726 3355 2888 3411 Faue.
2921 3355 3076 3411 —In
3109 3355 3234 3411 cod.
3287 3353 3520 3410 Coislin.
3576 3353 3635 3408 in

2023 3450 2319 3507 Montl'auc.
2346 3449 2465 3507 Cat.
2491 3449 2614 3505 bibl.
2657 3449 2843 3516 CoisL,
2882 3466 2937 3521 p.
2982 3450 3105 3515 188,
3146 3450 3410 3506 tribuitur
3440 3448 3527 3504 illa
3564 3450 3634 3504 Ii-

2025 3546 2206 3617 tnrgia
2230 3545 2458 3611 Jacobo,
2499 3543 2658 3601 fratri
2688 3544 2930 3600 Domini.
2962 3575 3032 3584 —-
3058 3544 3117 3599 In
3149 3543 3279 3602 Sch.
3314 3543 3634 3600 Renaudoti

2025 3635 2245 3693 Collect.
2274 3637 2545 3710 liturgiar.
2575 3635 2955 3704 Orientalium,
2995 3646 3129 3693 tom.
3171 3638 3214 3704 l,
3253 3637 3431 3693 Paris.
3471 3636 3633 3701 1716,
3753 3700 3764 3710 “

2023 3731 2078 3793 4,
2115 3746 2171 3802 p.
2203 3729 2294 3796 58,
2331 3737 2389 3785 et
2414 3729 2668 3785 Renaud.
2694 3738 2812 3785 not.
2846 3745 2901 3800 p.
2934 3729 3040 3785 515
3067 3745 3213 3802 sqq.,
3246 3727 3436 3802 Cyrilli
3474 3727 3630 3783 Alex.

2024 3819 2244 3896 liturgia
2277 3823 2423 3879 inter
2448 3829 2560 3878 tres
2580 3822 2835 3895 liturgias
2857 3822 3203 3901 Coptitarum
3230 3820 3633 3887 Jacobitarum,

2023 3932 2093 3972 ex
2119 3914 2351 3988 Coptico
2368 3923 2667 3971 converSas
2692 3933 2704 3969 :
2732 3915 2787 3970 in
2819 3922 2952 3970 tom.
2978 3914 3046 3979 Il,
3076 3931 3133 3969 n.
3157 3914 3319 3986 9.0,p.
3338 3914 3465 3980 275,
3490 3922 3636 3969 ιιοιω

2023 4026 2078 4081 p.
2113 4009 2240 4075 285,
2271 4041 2342 4049 --
2367 4009 2511 4064 inter
2546 4008 2822 4079 Iiturgias,
2856 4024 2925 4064 ex
2967 4006 3131 4063 codd.
3164 4006 3408 4080 Syriacis
3437 4006 3634 4061 Latine

2023 4119 2228 4159 versas.
2257 4102 2397 4158 Add.
2429 4102 2639 4157 Abrah.
2686 4101 3106 4161 Eccbellensem
3149 4099 3203 4154 in
3242 4099 3391 4155 notis
3436 4099 3505 4153 ad
3544 4114 3638 4155 ca-

2026 4180 2213 4266 talog.‘
2247 4195 2519 4249 librorum
2556 4190 2841 4248 Chaldaic.
2873 4200 2929 4247 et
2957 4192 3223 4262 Syrorum
3270 4190 3425 4247 Ebed
3476 4190 3637 4265 Jesu,

2023 4306 2144 4361 cap.
2171 4288 2261 4344 29.
2282 4289 2347 4345 V.
2374 4287 2666 4349 Renaudot
2690 4286 2838 4358 apud
2868 4286 3243 4342 Montfaucon.
3276 4286 3331 4340 in
3356 4284 3628 4357 Palwogr.

2024 4380 2230 4446 Crwca,
2268 4396 2324 4451 p.
2368 4379 2496 4445 514,
2526 4378 2596 4434 de
2637 4377 2896 4450 liturgia,
2935 4393 3059 4448 quae
3094 4377 3303 4433 dicitur
3330 4377 3392 4431 D.
3434 4376 3627 4439 Marci,

2022 4473 2341 4529 charactere
2397 4469 2951 4551 Aigyptico—Graico;
2997 4486 3163 4542 quam
3217 4485 3350 4525 vero
3405 4469 3635 4524 adnotat

1953 4564 2158 4627 Dibid.
2222 4564 2515 4625 chaudot
2572 4563 2825 4621 eamdem
2889 4578 3012 4620 esse
3087 4570 3255 4633 atque
3321 4578 3443 4618 eam
3511 4578 3635 4631 quae

364 4658 498 4713 141.
527 4658 614 4713 Ad
657 4657 961 4716 Rabbulam
992 4661 1343 4729 Edessenum,
1395 4663 1452 4718 in
1487 4662 1685 4718 eodem
1739 4659 1916 4733 Syno-
1961 4670 1967 4677 '

2025 4658 2251 4730 C0ptice
2285 4666 2464 4713 exstet
2490 4657 2594 4713 sub
2615 4656 2839 4712 nomine
2863 4654 3073 4728 Cyrilli.
3097 4685 3167 4694 —-
3196 4654 3372 4711 Paris.
3408 4653 3463 4708 in
3494 4653 3630 4708 bibl.

2024 4749 2178 4821 publ.
2206 4749 2353 4804 inter
2386 4748 2549 4805 codd.
2576 4746 2909 4814 Orientales,
2948 4745 3257 4803 secundum
3308 4753 3418 4800 cat.
3467 4743 3629 4799 codd.

2023 4843 2201 4899 Paris.
2230 4844 2341 4899 vol.
2376 4843 2420 4909 Ι,
2455 4858 2509 4914 p.
2529 4843 2619 4908 54,
2647 4843 2738 4909 57,
2766 4841 2859 4908 60,
2879 4841 2948 4896 72
2968 4850 3027 4897 et
3052 4841 3141 4906 75,
3170 4840 3361 4912 Cyrilli
3384 4839 3631 4911 liturgia,

2030 4935 2280 5008 Syriaco,
2316 4935 2371 4990 in
2396 4935 2559 4991 codd.
2592 4933 2811 4998 XXXII,
2847 4944 2907 4988 ιι.
2933 4933 2991 5000 2,
3032 4932 3218 4998 LXVI,
3248 4931 3434 4998 XCIV,
3484 4949 3539 4986 ιι.
3574 4933 3628 4989 5.

2023 5060 2095 5069 ———
2127 5028 2375 5101 C0ptice,
2408 5030 2464 5084 in
2495 5027 2833 5093 cod.XXVI,
2866 5043 2925 5081 ιι.
2950 5026 3004 5092 5,
3033 5043 3163 5083 cum
3196 5025 3434 5081 Arabica
3455 5024 3630 5079 inter-

2024 5120 2360 5192 pretatione,
2390 5130 2449 5176 et
2475 5120 2638 5177 codd.
2663 5119 2858 5187 XXXI,
2883 5137 2941 5174 ιι.
2983 5118 3039 5185 5,
3061 5127 3228 5189 atque
3253 5115 3392 5182 XLI,
3423 5132 3455 5171 e
3475 5116 3630 5172 Grae-

2023 5230 2089 5269 ca
2138 5215 2329 5287 lingua
2375 5215 2432 5269 in
2487 5214 2772 5284 Copticam
2839 5227 3138 5279 conversa;
3171 5209 3457 5265 dimidiam
3498 5227 3633 5266 vero

2024 5315 2241 5379 partem
2290 5319 2528 5379 occupat
2572 5306 2758 5363 versio
2794 5305 3051 5361 Arabica.
3075 5301 3365 5359 -—0xonii
3394 5303 3453 5361 in
3489 5305 3626 5360 bibl.

2022 5401 2231 5458 Bodlei.
2261 5418 2316 5456 ιι.
2337 5402 2472 5458 5291
2513 5401 2633 5459 Cat.
2652 5401 2798 5456 inter
2826 5399 2987 5455 codd.
3007 5397 3233 5453 Thema:
3259 5397 3628 5463 Mareschalli,

2023 5504 2189 5567 atque
2213 5489 2273 5551 'n.
2310 5496 2451 5552 5878
2467 5512 2531 5551 ac
2569 5494 2733 5562 5879,
2760 5494 2906 5549 inter
2929 5492 3091 5549 codd.
3116 5492 3483 5565 Huutington.
3518 5494 3629 5549 Co-

2021 5590 2172 5661 ptice
2206 5600 2263 5646 et
2289 5590 2457 5646 Arab.
2492 5590 2663 5646 Ηιιιιι..

2096 5684 2219 5740 152.
2245 5684 2569 5756 Fragmenta
2613 5700 2677 5738 ea:
2718 5682 2939 5738 homilia
2973 5680 3113 5754 πρὸς
3146 5682 3276 5748 τοὺς
3310 5681 3627 5754 τολμῶντας

2021 5779 2222 5848 λέγειν,
2261 5777 2336 5850 μὴ
2387 5777 2499 5830 δεῖν
2546 5776 2686 5850 ὑπὲρ
2737 5775 2844 5831 τῶν
2884 5777 2943 5830 ἐν
2992 5775 3175 5830 πίστει
3208 5775 3629 5845 κεκοιμημένων

2025 5870 2681 5946 aptissimam-adversus
2744 5888 2850 5939 cos,
2894 5871 2981 5943 qui
3032 5878 3247 5942 negant,
3305 5867 3629 5941 o/[i'n'ndum

3563 344 3640 407 8‘2

3817 1835 3873 1895 ’θ’
3976 1870 3979 1879 .
