4172 6464
525 332 592 385 87
1769 332 2051 390 NOTITIA
2088 336 2181 390 EX
2220 336 2556 393 FABRICIO.
3733 337 3804 393 88

530 475 602 486 —
628 443 690 501 In
721 445 847 502 cod.
873 447 1094 518 quidem
1131 448 1330 503 Ctesar.
1361 449 1426 514 Χ,
1465 466 1520 503 n.
1557 449 1644 516 12,
1675 449 1878 522 Cyrillo
1907 451 2105 507 tribu‘i-
2137 460 2178 515 Α
2209 455 2292 508 nit
2315 454 2550 525 Cyrillus
2582 454 2698 524 ipse
2723 450 3046 523 epistola‘ad
3063 452 3517 524 Eulogium,pag.
3543 452 3662 506 154.
3691 453 3806 507 Κύι-

536 537 727 592 tur.V.
754 537 1009 594 Lambec.
1038 538 1330 594 Comment.
1360 540 1467 594 vol.
1497 541 1584 605 VI,
1610 549 1750 611 part.
1783 559 1820 606 ι,
1845 557 1899 612 p.
1919 542 1987 596 82
2007 559 2113 613 sq.;

533 629 628 684 sed
662 629 940 686 Kollarius
980 631 1037 686 in
1069 641 1218 696 nota,
1255 632 1351 686 ubi
1389 633 1599 688 multus
1634 641 1721 704 est
1763 635 1830 690 de
1866 635 1971 690 ista
2013 637 2116 690 bo-

533 720 703 786 milia,
727 722 1134 787 animadvertit,
1161 738 1281 776 eam
1314 738 1541 793 prorsus
1579 725 1852 782 diversam
1892 742 2012 782 esse
2047 727 2117 782 ab

533 809 625 864 illa
655 810 710 865 S.
738 811 1184 884 Cyrillihomilia,
1216 829 1336 884 quae
1363 813 1477 872 fere
1507 815 1751 888 ejusdem
1784 818 2113 888 argumenti,

533 893 631 956 sed
670 899 861 959 Latine
899 912 1130 971 tantum,
1163 906 1434 963 habeatur
1461 909 1596 964 edit.
1635 909 1820 981 Cyrilli
1849 924 1977 980 opp.
2009 910 2116 965 Pa-

534 997 721 1051 rlsinae
751 1013 801 1050 a.
836 998 992 1064 1658,
1031 1008 1162 1055 tom.
1192 1000 1257 1066 V,
1296 1013 1437 1072 part.
1472 1017 1530 1068 η,
1559 1019 1682 1074 pag.
1714 1004 1837 1058 416.
1873 1004 2042 1059 Hau.

606 1089 728 1143 176.
769 1088 830 1144 In
861 1089 1084 1146 Catenis
1135 1089 1360 1148 incditls
1386 1095 1456 1148 ad
1481 1095 1616 1150 Acta
1655 1101 1712 1150 et
1739 1096 1810 1150 ad
1837 1095 2116 1168 epistolam

533 1180 716 1236 Jacobi
748 1188 805 1237 et
856 1184 1088 1254 primam
1136 1185 1284 1240 Petri
1332 1203 1395 1240 ar
1435 1186 1678 1253 Joannis,
1713 1187 1899 1260 Cyrilli
1956 1189 2112 1244 Alex.

537 1273 805 1344 symbolae
836 1274 1118 1348 leguntur.
1157 1277 1296 1333 Vide
1326 1278 1698 1335 Montl‘auconi
1747 1280 1884 1335 Bibl.
1923 1280 2116 1338 Coisli-

536 1360 781 1432 nianam,
819 1382 942 1439 pag.
971 1368 1094 1424 265.
1124 1369 1285 1425 ῩΑΒιι.
1317 1368 1381 1424 V.
1413 1384 1580 1441 supra
1595 1373 1701 1426 vol.
1732 1373 1870 1438 VIII,
1901 1389 1957 1443 p.
1989 1372 2113 1439 695,

534 1456 638 1512 695
664 1467 721 1512 et
743 1457 866 1524 696,
907 1459 973 1515 de
1004 1467 1192 1516 catena
1219 1461 1276 1516 in
1304 1462 1579 1534 Epistolas
1604 1463 1779 1518 Pauli.
1800 1464 1890 1519 Sic
1919 1478 2117 1520 occur-

535 1553 670 1603 runt
694 1549 988 1621 Cyrilliana
1014 1550 1208 1622 fragm.
1233 1551 1290 1607 in
1335 1553 1544 1608 catenis
1565 1554 1620 1607 in
1641 1553 1912 1623 Epistolas
1939 1551 2116 1620 Pauli,

536 1641 592 1695 in
625 1635 899 1712 Epistolas
914 1642 1228 1708 catholicas,
1253 1643 1310 1698 in
1342 1644 1410 1699 IV
1435 1645 1746 1716 Evangelia,
1767 1644 1821 1700 in
1853 1644 2116 1709 Psalmos,

535 1734 591 1787 in
623 1734 821 1789 Jobum
845 1743 900 1789 et
928 1734 1222 1791 Parabolas
1250 1735 1559 1791 Salomonis
1591 1735 1883 1791 Florentiae
1925 1735 1981 1790 in
2022 1750 2118 1790 co-

2225 547 2402 618 ριλλον
2430 547 2486 598 ἐν
2512 547 2630 607 ταῖς
2669 544 3047 615 ’Δντιρῤήσεσι
3081 541 3270 598 laudat
3297 542 3630 612 Ephraimus
3656 545 3803 613 apud

2223 639 2480 693 Photium
2537 636 2660 692 cod.
2705 651 2922 702 ccxxnx,
2950 652 3071 706 pag.
3127 635 3252 689 414.
3303 634 3518 690 Walch.
3559 635 3598 690 l.
3638 651 3711 699 c.,
3746 653 3801 706 p.

2224 731 2348 795 682,
2379 731 2713 800 suspicatur,
2751 728 2855 782 sub
2889 743 2956 782 eo
2993 725 3411 797 intelligendum
3460 742 3583 782 esse
3612 727 3804 798 Cyrilli

2221 823 2639 894 Apologeticum
2677 836 2780 892 pro
2808 820 2906 876 XII
2946 821 3204 890 capitulis
3253 820 3311 874 in
3355 819 3528 875 Mansi
3559 818 3801 883 Collect.,

2225 925 2357 970 tom.
2381 915 2446 980 γ,
2475 930 2596 985 pag.
2638 913 2724 968 19.
2751 912 2915 976 Add.,
2941 927 3096 966 num.
3122 911 3208 977 18,
3247 926 3414 982 supra
3442 951 3456 977 ,
3498 912 3556 964 in
3609 926 3805 966 recen-

2223 1009 2378 1063 sione
2417 1022 2649 1078 operum
2689 1019 2810 1076 qua:
2846 1013 3027 1059 tomus
3069 1002 3162 1058 VII
3204 1002 3339 1058 edit.
3387 1002 3618 1062 Aubcrti
3657 1017 3804 1057 com-

2223 1101 2504 1171 plectitur.
2537 1097 2731 1172 Hann]

2296 1193 2418 1248 180.
2460 1193 2539 1248 De
2574 1209 2858 1264 synagoga:
2882 1192 3086 1263 defectu
3117 1187 3266 1244 liber.
3303 1187 3640 1253 Gennadius,
3663 1194 3800 1258 'cap.

2225 1289 2290 1344 57
2323 1287 2401 1342 De
2437 1288 2777 1358 scriptoribus
2815 1285 2995 1339 eccles.

2292 1379 2415 1433 181.
2457 1376 2655 1434 Contra
2691 1376 3060 1431 Messalianos.
3102 1373 3422 1428 Tillemont.
3480 1379 3614 1426 tom.
3661 1369 3801 1434 XIV,

2225 1483 2346 1539 pag.
2362 1468 2486 1532 645,
2518 1467 2640 1522 669.

2297 1560 2420 1613 182.
2460 1559 2634 1624 Liber,
2675 1568 2794 1612 acta
2829 1558 3017 1629 synodi
3054 1565 3239 1612 contra
3259 1555 3560 1610 Nestorium
3593 1554 3806 1623 eiusque

2226 1649 2453 1705 asseclas
2501 1650 2865 1722 complectens,
2917 1665 3102 1719 quem,
3144 1664 3252 1702 una
3279 1662 3404 1701 cum
3443 1646 3586 1700 libro
3621 1655 3805 1698 contra

2226 1743 2454 1797 Nestorii
2481 1742 2832 1814 blasphemias
2865 1740 3092 1810 scripto,
3130 1739 3344 1793 misisse
3374 1752 3433 1792 se
3478 1736 3546 1790 ad
3585 1750 3803 1806 praepo-

533 1824 754 1880 dicibus
783 1821 919 1880 bibl.
948 1825 1209 1880 Laurent.
1255 1827 1450 1883 Medic.
1482 1828 1546 1882 V.
1572 1827 1800 1882 Bandin.
1827 1825 1945 1882 Cat.
1973 1825 2124 1880 codd.
2159 1831 2200 1886 Β
2230 1834 2395 1890 situm
2429 1843 2661 1889 testatur
2689 1831 2928 1904 Cyrinus
2968 1829 3198 1901 epistola
3233 1828 3302 1883 ad
3334 1827 3646 1897 Eulogium,
3677 1842 3800 1896 pag.

534 1915 703 1972 Crwc.
738 1916 925 1985 Laur.,
957 1917 1000 1984 I,
1037 1934 1159 1990 pag.
1183 1918 1307 1984 565,
1333 1919 1454 1984 102,
1493 1919 1592 1974 159
1618 1927 1673 1974 et
1707 1919 1842 1986 161;
1871 1933 1994 1989 pag.
2024 1917 2114 1983 91,

532 2023 590 2062 n.
623 2008 720 2076 24;
753 2025 876 2081 pag.
913 2010 981 2066 52
1009 2019 1064 2066 et
1090 2010 1212 2065 297.
1239 2010 1407 2065 lent.

606 2100 728 2154 177.
768 2101 1036 2172 Κυρίλλου
1085 2103 1167 2166 εἰς
1214 2102 1312 2166 τὰς
1371 2102 1750 2172 ἀπορουμένας
1794 2101 1969 2165 λέξεις
2017 2101 2119 2172 ⁸ἐῆς

535 2193 698 2262 ἁγίας
741 2193 984 2265 Γραφῆς.
1031 2193 1130 2249 Ms.
1173 2193 1228 2247 in
1265 2193 1432 2248 variis
1463 2193 1835 2260 bibliothecis,
1866 2192 1956 2248 cui
1982 2192 2118 2248 sub-

529 2286 780 2357 jungitur
824 2285 1122 2359 Ἐρμηνεία
1148 2287 1425 2359 ὀνομάτων
1457 2287 1550 2341 καὶ
1579 2287 1777 2354 λέξεων
1812 2285 2119 2359 Ἑϐραϊκῶν

531 2379 641 2429 τῶν
687 2378 746 2430 ὲν
786 2380 899 2441 τοῖς
961 2378 1130 2442 θείαις
1176 2379 1440 2450 Γραφαῖς.
1493 2379 1650 2444 Vide,
1692 2379 1738 2433 si
1769 2379 1966 2449 placet,
1997 2393 2120 2448 quae

535 2469 648 2524 dixi
683 2485 869 2540 supra,
910 2470 1008 2525 lib.
1040 2487 1112 2536 tv,
1149 2487 1269 2542 cap.
1313 2471 1424 2543 [56,
1459 2472 1569 2526 vol.
1604 2471 1694 2537 VI,
1728 2487 1850 2542 pag.
1880 2471 1980 2526 199
2008 2469 2115 2541 sq.]

535 2561 696 2616 FABB.
740 2591 810 2601 —
849 2561 1024 2617 Paris.
1068 2561 1124 2644 in
1157 2562 1296 2617 bibl.
1343 2563 1499 2633 publ.
1549 2563 1674 2619 cod.
1707 2561 2112 2627 DCCCXLVIII,

536 2669 594 2706 η.
625 2652 678 2706 2.
718 2651 912 2724 Cyrilli
956 2651 1112 2708 Alex.
1143 2669 1300 2709 voce.
1334 2653 1591 2710 Hebraic.
1639 2653 1985 2725 alpbabetico
2020 2667 2114 2707 or-

535 2743 666 2799 dine
695 2745 1051 2815 digestarum,
1094 2745 1497 2816 interpretatio.
1535 2745 1705 2800 HABL.

610 2831 732 2886 178.
771 2831 1110 2887 Glossarium
1145 2833 1397 2890 Gmcum
1443 2833 1546 2889 sub
1605 2835 1792 2907 Cyrilli
1828 2835 1982 2891 Alex.
2017 2850 2117 2891 nos

538 2923 688 2978 mine
723 2922 915 2980 itidem
952 2939 1058 2979 ms.
1115 2926 1265 2996 quod
1297 2926 1494 2997 incipit
1523 2943 1536 2979 :
1570 2927 1797 2991 Ἅπας,
1836 2927 2072 2996 ἔϐλαψας
2100 2944 2110 2954 ·

535 3018 816 3089 ἀασάμην,
872 3019 1147 3090 ὲὸλάσηνο
1212 3021 1442 3088 ἀάσατο,
1494 3023 1780 3093 ἠγνόησεν,
1829 3022 2111 3094 ἥμαρτενο

538 3109 857 3180 ὲφῦὸνησεν,
875 3111 1141 3175 ἀάπτους,
1162 3111 1667 3183 ἀπροσπεὶάστους.
1691 3114 1849 3168 ann.
1869 3113 2118 3169 —Vene-

536 3171 627 3257 tiis
655 3171 876 3257 ιω...
909 3197 1073 3258 Marc.
1099 3171 1462 3272 'bexvm,
1521 3171 1700 3261 exstat
1730 3205 1926 3278 Cyrilli
1958 3205 2114 3262 Alex.
2143 3171 2186 3229 (⁵

537 3295 798 3360 Lexicon,
832 3296 989 3367 cujus
1020 3294 1242 3350 initium
1283 3305 1368 3351 est
1400 3315 1412 3350 :
1453 3298 1578 3357 "Aa,
1625 3296 1876 3367 σύστημα
1907 3295 2118 3360 ὓδατος,

537 3389 818 3444 diversum
853 3390 923 3444 ab
963 3403 1030 3444 eo
1054 3389 1202 3459 quod
1244 3389 1301 3444 h.
1331 3391 1368 3444 Ι.
1395 3391 1529 3444 citat
1549 3389 1856 3446 Fabricius.
1913 3389 1976 3444 V.
1997 3388 2114 3444 Cat.

538 3483 688 3536 codd.
731 3482 822 3539 Cr.
865 3479 1058 3547 Mam,
1102 3497 1224 3553 pag.
1263 3480 1384 3536 504.
1427 3480 1592 3536 ΙΙΑιιι.

613 3574 798 3648 [Falso
827 3575 1077 3646 quaedam
1109 3576 1337 3631 attribui
1369 3573 1593 3647 Cyrillo,
1631 3575 1742 3644 jam
1779 3572 1981 3644 passim
2019 3569 2121 3626 ad-

539 3669 873 3724 notavimus.
905 3667 996 3724 Sic
1024 3668 1077 3722 in
1112 3668 1236 3724 cod.
1266 3666 1467 3723 Caesar.
1488 3665 1817 3730 CLXXXVI,
1852 3663 2119 3736 Spiritua-

541 3762 616 3814 les
655 3777 909 3833 anagoga:
943 3762 998 3815 in
1036 3762 1389 3815 hexaemeron
1427 3758 1547 3812 libri
1583 3757 1708 3821 XII,
1751 3757 1808 3811 in
1849 3771 1959 3826 quo
2004 3755 2121 3824 ipse

539 3852 778 3924 Cyrillus
810 3852 1032 3917 citatur,
1058 3859 1115 3908 et
1143 3851 1291 3922 quod
1314 3851 1370 3905 in
1393 3849 1517 3906 cod.
1553 3849 1754 3904 Caesar.
1789 3844 2122 3918 prmeedenti

539 3943 830 4001 CXXXXV
853 3945 1120 4000 asseritur
1148 3928 1440 4000 Anastasio
1469 3942 1713 3998 Sinaiue.
1745 3941 1811 3997 V.
1837 3940 2120 4005 Lambec.,

538 4039 766 4111 IV,pag.
804 4037 1067 4104 457-459,
1099 4046 1156 4092 et
1181 4037 1400 4093 Fabric.
1437 4035 1600 4101 infra,
1635 4035 1691 4088 in
1724 4033 1836 4088 vol.
1865 4032 1960 4097 IX,
1995 4048 2119 4104 pag.

541 4131 645 4186 ’528
672 4147 754 4202 sq.
785 4129 874 4186 ed.
911 4139 1024 4186 vet.
1052 4157 1122 4170 -ι
1141 4129 1200 4185 In
1221 4129 1344 4185 cod.
1374 4126 1692 4192 CCXLVIII,
1717 4142 1774 4180 n.
1810 4125 1844 4180 5
1867 4166 1880 4190 ,
1903 4123 2122 4180 Judwo-

541 4240 660 4276 rum
678 4223 963 4294 disputatio
999 4239 1117 4277 cum
1138 4221 1194 4278 S.
1217 4222 1510 4278 Athanasio
1536 4230 1586 4274 et
1605 4218 1806 4291 Cyrillo
1827 4218 1890 4271 de
1923 4219 2122 4272 adora-

541 4313 683 4370 tione
712 4313 768 4371 S.
799 4316 968 4370 crucis
997 4323 1045 4370 et
1083 4331 1366 4370 sacrarum
1411 4312 1732 4383 imaginum,
1774 4310 1831 4364 in
1861 4308 2119 4364 Lambec.

540 4408 855 4475 Comment.,
891 4407 958 4473 V,
993 4408 1098 4462 col.
1128 4407 1254 4472 287,
1294 4405 1391 4461 ubi
1432 4419 1565 4459 vero
1601 4401 1876 4458 Kollarius
1903 4401 1962 4455 in
1994 4409 2124 4456 nota

2222 1929 2344 1982 1⁸54.
2380 1927 2582 1984 Confer
2608 1926 2956 1990 Garnerium,
2995 1932 3128 1979 tom.
3171 1923 3238 1987 II,
3283 1920 3348 1975 ad
3381 1919 3613 1974 Marium
3659 1919 3804 1973 Mer-

2221 2029 2484 2082 catorem,
2534 2033 2657 2088 pag.
2707 2015 2833 2080 545,
2886 2023 2944 2070 et
2999 2010 3436 2075 Tillemontinm,
3473 2016 3612 2063 tom.
3661 2006 3802 2072 XIV,

2219 2127 2345 2182 pag.
2382 2110 2487 2164 405
2505 2124 2623 2179 seq.

2292 2199 2413 2254 185.
2435 2199 2500 2254 1η
2537 2198 2809 2254 Psalmum
2836 2213 2950 2252 vnn.
2977 2196 3035 2252 S.
3059 2194 3316 2267 Ephraim
3347 2191 3492 2265 apud
3524 2190 3802 2248 Photium.

2221 2291 2344 2346 cod.
2379 2305 2600 2354 ccxxtx,
2667 2305 2791 2361 pag.
2835 2288 2939 2344 420
2985 2288 3119 2344 edit.
3165 2287 3377 2358 primae.
3439 2285 3602 2340 ann.
3632 2282 3803 2352 Frag-

2219 2392 2406 2438 menta
2467 2382 2524 2436 in
2587 2381 2932 2450 expositione
2973 2379 3169 2450 psalmi
3219 2394 3309 2433 cm
3339 2377 3396 2433 in
3437 2375 3560 2430 cod.
3600 2373 3801 2430 Cmsar.

2217 2475 2453 2531 Vindob.
2499 2471 2877 2537 CLXXXVIII,
2919 2487 2977 2526 n.
3036 2470 3127 2524 22.
3168 2469 3234 2525 V.
3269 2467 3552 2532 Lambec.,
3579 2465 3668 2530 IV,
3693 2465 3798 2520 col.

2217 2569 2320 2623 457
2353 2582 2434 2636 sq.
2465 2566 2608 2620 ——In
2622 2563 2835 2620 catenis
2873 2564 2927 2618 in
2963 2562 3316 2627 Psalterium,
3338 2561 3395 2616 in
3412 2558 3574 2616 codd.
3603 2558 3801 2613 Caesar.

2217 2659 2286 2724 X,
2310 2658 2429 2714 XIV
2451 2666 2510 2713 et
2536 2657 2631 2713 XV
2672 2656 2742 2711 de
2796 2655 3002 2726 quibus
3055 2670 3113 2709 v.
3157 2653 3441 2717 Lambec.,
3469 2651 3581 2707 vol.
3613 2651 3703 2705 IlI.
3734 2677 3807 2689 -—-

2217 2752 2412 2808 Oxonii
2438 2751 2495 2806 in
2528 2750 2666 2805 bibl.
2703 2749 2940 2812 Bodlei.,
2979 2764 3038 2802 n.
3089 2747 3216 2812 710,
3251 2747 3316 2813 2;
3354 2745 3513 2810 1982,
3561 2744 3628 2811 1;
3660 2742 3803 2797 2528

2219 2844 2484 2900 Catal.—
2517 2841 2658 2898 Add.
2684 2841 2750 2896 ad
2782 2857 2840 2896 n.
2869 2840 2993 2906 176,
3029 2855 3214 2910 supra.
3247 2838 3416 2893 ΒΑΜ..

2290 2936 2414 2990 184.
2458 2934 2825 2991 Commentum
2861 2931 3144 3004 Evangelii
3199 2931 3255 2985 in
3297 2930 3619 2994 Mattha'um
3674 2926 3804 2980 libro

2217 3027 2464 3092 secundo,
2503 3025 2692 3081 laudat
2722 3024 3020 3080 Facundus
3037 3039 3111 3089 xi,
3145 3023 3198 3076 7.
3230 3022 3446 3077 Tomum
3473 3021 3806 3074 undecimum

2221 3128 2269 3173 et
2304 3119 2669 3173 duodecimum
2704 3118 2839 3172 Acta
2871 3115 3136 3188 synodivx
3163 3112 3803 3182 Constantinopolitanaz,

2220 3211 2434 3267 actione
2457 3227 2512 3276 x,
2531 3218 2588 3266 et
2617 3209 2873 3266 secundae
2901 3209 3155 3264 Nicaanae.
3183 3205 3665 3277 Frequentissimte
3692 3202 3799 3275 Cy-

2221 3303 2330 3358 rilli
2357 3302 2616 3375 symbolae
2647 3301 2704 3356 in
2741 3299 2963 3356 Catenis
2995 3300 3060 3354 ad
3094 3299 3430 3354 Mattbazum.
3471 3295 3685 3352 Citatur
3745 3300 3805 3349 et

2221 3408 2251 3446 a
2282 3391 2512 3447 Leontio
2543 3391 2673 3462 Byz.
2700 3398 2885 3444 contra
2907 3389 3220 3459 Eutycltem,
3244 3395 3301 3443 et
3333 3385 3534 3456 βιϐλίον
3566 3384 3802 3454 πρῶτον,

2221 3485 2290 3539 ab
2312 3483 2610 3554 Ephraimo
2635 3481 2780 3552 apud
2806 3482 3086 3546 Photium,
3117 3495 3240 3552 pag.
3281 3478 3406 3544 429,
3435 3476 3557 3533 cod.
3593 3491 3803 3532 ccxxtx.

2223 3576 2380 3631 Alius
2409 3576 2587 3641 locus,
2624 3591 2747 3646 pag.
2791 3574 2915 3629 452.

2296 3670 2416 3725 185.
2458 3672 2522 3724 In
2554 3669 2774 3735 Lucam,
2805 3683 2948 3739 saepe
2977 3668 3181 3724 citatur
3236 3667 3292 3722 in
3343 3665 3548 3721 Catena
3583 3663 3804 3720 Graeco-

2223 3777 2345 3816 rum
2389 3763 2614 3817 Patrum
2661 3759 2997 3816 Corderiana
3052 3768 3106 3815 el
3147 3758 3350 3814 Catena
3377 3773 3542 3812 aurea
3582 3757 3808 3811 Thomas

2222 3852 2531 3924 Aquinalis.
2555 3852 2715 3907 Fusa.
2749 3853 2824 3909 De
2847 3849 3128 3906 catenisin
3157 3849 3468 3904 Mattbaeum
3497 3855 3553 3902 et
3576 3846 3803 3911 Lucam,

2222 3963 2277 4002 ν.
2319 3962 2506 4016 supra,
2534 3945 2642 4000 vol.
2677 3944 2815 4010 VIII,
2848 3960 2970 4014 pag.
3007 3942 3109 3997 669
3148 3957 3294 4011 sqq.,
3324 3948 3380 3995 ct
3410 3941 3467 3994 in
3505 3938 3716 3994 catenis
3747 3937 3806 3992 in

2225 4038 2537 4094 Matthreum
2575 4037 2822 4106 aliosque
2875 4037 2931 4090 in
2977 4035 3138 4090 codd.
3198 4033 3399 4090 Caesar.
3449 4031 3642 4095 XXIX,
3686 4030 3802 4095 XL,

2225 4131 2387 4196 XLII,
2419 4130 2579 4194 XLV,
2609 4129 2796 4193 XLVI,
2818 4127 3075 4192 LXXVII,
3105 4127 3210 4182 sub
3248 4125 3368 4193 ﬁn.,
3401 4125 3470 4180 de
3514 4125 3718 4195 quibus
3748 4141 3802 4178 v.

2226 4221 2485 4276 Lambec.
2519 4219 2747 4284 Comm.,
2789 4219 2899 4274 vol.
2934 4235 3013 4282 nt,
3043 4229 3152 4273 etc.
3171 4218 3340 4272 Hann.

2299 4315 2419 4369 186.
2461 4313 2526 4369 In
2555 4312 2831 4384 epistolam
2878 4311 2948 4364 ad
2979 4310 3224 4365 Hebrteos
3255 4309 3408 4364 Liber
3442 4307 3500 4364 II
3538 4308 3740 4363 citatur
3774 4321 3806 4361 a

2225 4405 2483 4460 Facundo
2508 4421 2581 4467 xl,
2617 4405 2670 4469 7,
2708 4402 3045 4458 Tbeodorito
3083 4401 3295 4472 Dialog.
3330 4408 3387 4455 et
3415 4400 3709 4456 Theodoro
3747 4399 3807 4454 in

541 4502 720 4566 docet,
757 4501 813 4556 id
854 4500 1183 4571 opusculum
1222 4511 1345 4552 esse
1390 4495 1648 4566 anonymi
1696 4493 2004 4564 cujusdam,
2054 4494 2119 4549 ad

2226 4501 2370 4555 libro
2404 4501 2525 4566 "Qu
2549 4499 2578 4550 ὁ
2607 4495 2796 4566 Πατὴρ
2826 4495 2914 4548 ἀεὶ
2951 4495 3134 4564 γεννᾷ.
3165 4493 3416 4548 Meminit
3435 4501 3493 4548 et
3523 4493 3800 4563 interpre-

539 4605 782 4649 mentem
813 4590 1098 4648 Athanasii
1131 4599 1189 4645 et
1219 4588 1432 4662 Cyrilli,
1463 4587 1685 4645 Judaeos
1707 4585 1990 4642 confutare
2029 4601 2123 4641 co-

539 4684 743 4739 nantis.
773 4681 928 4738 Adde
969 4695 1137 4751 supra
1171 4679 1287 4750 ad§
1320 4679 1388 4734 Ill
1417 4678 1471 4734 in
1503 4678 1663 4734 nolit.
1694 4677 1853 4733 codd.
1885 4679 2120 4746 voLVII,

539 4793 664 4848 pag.
702 4777 808 4832 472
837 4791 957 4846 sqq.
982 4782 1038 4830 et
1066 4789 1188 4845 pag.
1220 4774 1344 4830 614.

611 4870 693 4925 Ad
721 4869 905 4939 spuria
941 4881 1162 4937 quoque
1191 4864 1542 4921 referendum
1574 4865 1792 4921 videtur
1829 4880 2018 4936 opusc.
2056 4863 2124 4918 de

541 4961 820 5017 mensuris
845 4969 901 5015 et
926 4958 1286 5030 ponderibus,
1306 4957 1454 5028 quod
1484 4957 1693 5029 Cyrillo
1739 4957 1890 5012 Alex.
1926 4955 2124 5012 tribui-

541 5066 632 5109 tur
663 5053 721 5106 in
759 5051 916 5106 codd.
950 5050 1123 5106 Paris.
1151 5049 1287 5106 bibl.
1317 5049 1468 5121 publ.
1497 5046 1916 5114 MCCCLXXIII,
1955 5064 2010 5102 n.
2031 5047 2119 5111 15,

543 5155 599 5203 ct
632 5143 1102 5210 DICCCLXXXIX,
1131 5159 1187 5198 n.
1213 5143 1299 5198 12.
1325 5140 1520 5216 Hann]

741 5285 844 5345 X1.
881 5283 1134 5363 Scripta
1171 5281 1397 5362 Cyrilli
1439 5277 1769 5358 deperdita
1814 5273 1922 5354 (a_).

621 5427 740 5482 179.
810 5428 1152 5499 Ἀντῐρῤησις
1210 5434 1399 5481 contra
1473 5423 1750 5478 Andream
1810 5420 2123 5474 Samosate-

549 5532 702 5585 unm,
737 5520 828 5590 qui
865 5520 1132 5575 adversus
1164 5518 1265 5573 XII
1299 5517 1538 5587 capitula
1577 5515 1896 5584 scripserat.
1931 5513 2123 5568 Memi-

2224 4591 2447 4647 tationis
2470 4587 2662 4659 Cyrilli
2690 4587 2746 4641 in
2777 4586 3078 4657 Epistolam
3114 4584 3181 4640 ad
3212 4585 3492 4651 IIebraaos,
3521 4585 3802 4654 prraim.

2220 4684 2620 4746 Antiochenus,
2641 4679 2784 4752 apud
2802 4677 3058 4734 Photium
3099 4675 3222 4731 cod.
3254 4691 3460 4730 ccxxrx.
3499 4673 3809 4730 Alexander

2221 4775 2682 4846 Ilierapolitanus,
2701 4771 2932 4842 epistola
2954 4769 3021 4824 ad
3037 4767 3295 4823 Acacium
3317 4767 3736 4828 Bcrrboenscm,
3752 4763 3807 4816 in

2222 4870 2430 4925 Baluzii
2479 4868 2627 4923 Nova
2665 4865 2882 4923 Collect.
2923 4862 3223 4926 concilior.,
3262 4877 3384 4931 pag.
3418 4858 3541 4924 762,
3567 4867 3622 4914 et
3655 4871 3810 4927 quaa-

2228 4959 2353 5014 dam
2389 4975 2454 5013 ex
2499 4959 2590 5012 illa
2641 4957 2801 5012 aﬂ‘crt
2847 4963 3040 5009 auctor
3072 4952 3328 5024 Synodici
3379 4959 3570 5007 contra
3613 4957 3810 5018 tragte—

2230 5052 2375 5107 diam
2400 5050 2610 5114 Irenzei,
2631 5064 2749 5120 cap.
2767 5047 2904 5114 218;
2933 5046 3031 5111 id.,
3055 5060 3175 5116 pag.
3198 5044 3320 5122 928,
3348 5040 3809 5113 quemadmodum

2230 5155 2287 5200 et
2316 5145 2471 5216 plura
2503 5142 2767 5198 Leontius
2808 5141 2933 5212 Byz.
2965 5144 3148 5192 contra
3188 5133 3498 5206 Eutychem.
3539 5133 3812 5193 Exsexto

2232 5247 2402 5301 tomo,
2433 5233 2773 5296 Anastasius,
2805 5247 2926 5303 pag.
2966 5228 3068 5283 188
3102 5227 3320 5298 Hodegi.

2303 5328 2425 5382 187.
2463 5326 2606 5380 Libri
2645 5334 2750 5378 tres
2791 5323 3040 5377 adversus
3080 5320 3370 5374 Diodorum
3408 5317 3736 5377 Tarsensem,
3763 5319 3812 5364 et

2233 5419 2556 5474 Theodorum
2580 5416 3024 5485 Mopsuestenum
3049 5411 3144 5483 (b),
3181 5411 3332 5483 quasi
3353 5407 3656 5464 Nestoriani
3681 5405 3812 5475 dog-

2234 5512 2392 5565 matis
2425 5517 2686 5571 auctores,
2711 5515 2760 5561 et
2791 5505 2926 5560 alius
2947 5506 3024 5560 De
3059 5502 3433 5560 incarnatione
3455 5499 3584 5553 liber
3605 5497 3809 5562 (diver-

623 5675 702 5757 (ςιλ
735 5675 890 5757 (Ioni.
921 5675 1272 5757 Tillemonntn
1303 5672 1607 5757 ton1.leY',
1627 5688 1747 5742 pag.
1777 5672 1879 5727 666
1911 5687 2050 5741 scq.,
2076 5679 2131 5724 et
2239 5664 2799 5757 Iviltatisqdefensores,
2834 5662 3123 5757 Alceplialis
3173 5657 3510 5730 responsuri,
3542 5663 3810 5728 negarunt

553 5743 792 5817 Ccillior,
828 5747 866 5799 1.
903 5762 979 5817 c.,
1012 5761 1134 5817 pag.
1177 5744 1280 5797 554
1312 5755 1367 5796 et.
1395 5743 1532 5817 569.Δ
1557 5743 1721 5817 Ihm.

622 5819 694 5891 (ὁ)
722 5818 926 5874 Eodem
961 5813 1219 5871 Libc’rato
1244 5824 1401 5878 tcStc,
1444 5813 1665 5883 quidam
1712 5813 1995 5870 catholica:
2026 5829 2126 5868 no-

2239 5739 2409 5793 libros
2439 5737 2562 5792 illos
2592 5751 2711 5790 esse
2739 5733 2947 5804 Cyrilli.
