4172 6450
501 447 3768 496 W

1168 679 1727 836 CARD.
1849 676 2635 924 ANGELO
2749 675 3098 832 MAI

1608 968 2474 1083 PBZEFATION
2491 967 2654 1080 ES

1013 1199 1127 1259 AD
1164 1197 1231 1259 S.
1287 1193 1630 1260 CYRILLI
1671 1192 2134 1255 ANECDOTA
2179 1193 2541 1256 SCRIPTA
2587 1193 2697 1254 AB
2743 1194 2940 1256 IPSO
2986 1195 3278 1257 EDITA.

1143 1380 1458 1446 (Bibliotheca
1481 1384 1620 1434 Nova
1641 1383 1864 1443 Patrum,
1889 1387 2006 1430 tom.
2030 1381 2093 1441 ll,
2122 1381 2290 1430 Romae
2318 1379 2464 1442 18H;
2488 1385 2606 1430 tom.
2635 1381 2722 1444 Ill,
2750 1380 2886 1444 1815,
2933 1383 3085 1446 ixi-4.)

567 1743 614 1802 Ι.
650 1737 1018 1800 Editionum
1044 1735 1110 1798 S.
1138 1732 1364 1813 Cyrilli
1390 1729 2153 1810 impcr/‘eclio.—-Quoties
2177 1746 2296 1809 ego
2313 1728 2672 1807 generalem
2703 1728 2874 1792 illam
2896 1730 3093 1793 sancti
3122 1730 3334 1811 Cyrilli
3355 1730 3760 1794 Alexandrini

486 1855 755 1921 Operum
779 1836 1142 1909 editionem,
1166 1833 1243 1896 ab
1267 1831 1539 1894 Auberto
1560 1827 1736 1891 Gallo
1755 1835 1997 1910 septem
2018 1830 2204 1892 tomis
2225 1829 2561 1908 vulgatam,
2590 1846 2781 1891 manu
2803 1830 3148 1904 versabam,
3171 1831 3357 1893 toties
3393 1848 3492 1893 me
3524 1846 3760 1910 cupere

487 1941 770 2016 memini,
803 1945 869 2002 ut
904 1954 1063 2000 nova
1115 1935 1324 2014 aliqua
1357 1936 1703 2004 curaretur,
1733 1947 1875 2010 quae
1915 1938 2088 1994 tanto
2119 1931 2460 1992 Aubertina
2484 1928 2733 2010 plenior
2763 1935 2930 1992 esset
2964 1948 3037 1992 ac
3071 1930 3320 2004 melior,
3353 1937 3594 2011 quanto
3623 1929 3760 1992 haec

486 2045 766 2106 minores
801 2041 953 2105 alias
991 2047 1053 2103 et
1089 2039 1461 2102 vetustiores
1497 2047 1829 2116 superasse
1867 2034 2134 2098 videtur.
2179 2035 2428 2097 Etenim
2459 2032 2628 2096 haud
2663 2033 2960 2096 minimus
2995 2032 3182 2115 hujus
3218 2035 3515 2097 editionis
3545 2053 3760 2097 naevus

485 2155 601 2222 est,
634 2147 805 2228 quod
829 2148 1041 2210 Latina
1061 2145 1258 2208 Graeci
1285 2147 1492 2206 textus
1529 2138 1963 2220 interpretatio
1989 2138 2193 2200 varios
2217 2135 2406 2199 habet
2432 2143 2743 2212 auctores,
2768 2138 2879 2218 qu‘i
2907 2140 3124 2218 viginti
3143 2139 3277 2202 fere
3303 2149 3754 2202 numerantur:

484 2265 612 2328 quo
640 2249 706 2311 fit
741 2255 810 2311 ut
847 2247 1053 2327 Cyrilli
1086 2245 1360 2309 elocutio
1390 2258 1600 2322 neque
1634 2255 1918 2304 consona
1955 2255 2166 2319 neque
2201 2235 2538 2300 uniformis
2567 2238 2801 2302 Latinis
2830 2239 3086 2302 auribus
3120 2239 3451 2321 oculisque
3477 2241 3754 2303 accidat:

483 2358 544 2414 et
579 2350 837 2431 quidem
867 2350 998 2412 veri
1039 2349 1226 2411 etiam
1263 2344 1584 2424 crassique
1626 2357 1872 2403 errores
1914 2337 2334 2417 interpretum
2374 2337 2622 2402 Latinas
2669 2339 2957 2420 plagulas
2985 2340 3326 2403 maculant.
3377 2341 3758 2405 Necessariis

480 2451 743 2529 insuper
771 2449 1027 2514 scholiis
1059 2449 1189 2510 sive
1229 2447 1460 2510 criticis
1513 2444 1642 2506 sive
1669 2441 2010 2520 exegeticis
2047 2446 2216 2503 caret
2250 2457 2420 2520 saepe
2450 2441 2735 2518 Cyrillus,
2773 2448 2836 2504 et
2860 2443 3119 2505 materia
3140 2444 3274 2523 ipsa
3307 2444 3757 2524 respirationes

479 2549 897 2630 capitulorum
927 2547 1391 2626 divisionesque
1426 2543 1687 2605 idoneas
1715 2539 1882 2602 haud
1915 2557 2052 2602 raro
2096 2539 2415 2602 desiderat
2447 2559 2459 2602 :
2497 2543 2754 2604 Grarcus
2793 2559 2942 2604 vero
2981 2549 3315 2605 contextus
3344 2543 3528 2607 fmdis
3551 2562 3754 2624 quan-

480 2649 693 2729 doque
741 2647 988 2710 mendis
1048 2647 1320 2720 laborat;
1369 2644 1773 2706 materiarum
1819 2641 2061 2704 indices
2098 2641 2194 2702 vel
2228 2640 2424 2702 exiles
2457 2647 2626 2716 sunt,
2658 2642 2755 2704 vel
2785 2642 3018 2706 alicubi
3050 2644 3239 2718 nulli;
3274 2645 3541 2724 quilibet
3570 2645 3754 2708 deni-

481 2772 607 2836 que
647 2754 904 2817 editoris
958 2759 1298 2835 apparatus
1345 2759 1406 2814 et
1441 2751 1718 2828 isagoge,
1761 2755 1822 2810 et
1844 2747 2239 2826 singulorum
2274 2763 2541 2827 operum
2571 2747 2766 2810 veluti
2801 2747 3063 2811 historia
3092 2767 3159 2812 ac
3182 2749 3494 2830 judicium
3527 2751 3755 2814 frustra

480 2855 846 2936 requiritur.
897 2858 1264 2936 Quanquam
1307 2855 1498 2934 igitur
1527 2852 1696 2914 haud
1739 2852 1876 2914 leve
1915 2857 2009 2913 est
2036 2851 2294 2913 Auberti
2333 2853 2650 2928 meritum,
2691 2852 2965 2915 modesti
3004 2855 3348 2933 caeteroqui
3387 2853 3662 2916 hominis
3694 2862 3755 2916 et

475 2949 1037 3043 ingenui,propte'r
1057 2960 1219 3024 hanc
1253 2967 1569 3023 tomorum
1591 2963 1683 3020 tot
1707 2974 1896 3038 quam
1920 2956 2089 3035 gravi
2111 2955 2327 3019 labore
2356 2974 2472 3020 suo
2504 2956 2738 3020 molem
2761 2956 3086 3033 instruxit;
3105 2966 3378 3020 attamen
3409 2959 3754 3040 Optandum

478 3073 644 3140 erat,
691 3073 760 3129 ut
794 3067 1118 3130 Maurinus
1163 3066 1390 3146 aliquis
1437 3061 1789 3126 monachus
1830 3060 2129 3142 Cyrillum
2162 3079 2423 3142 quoque
2464 3068 2774 3124 consueto
2819 3061 3164 3124 sodalitatis
3207 3080 3336 3124 suae
3384 3062 3751 3142 splendore,

477 3167 762 3232 doctrina
782 3185 853 3232 ac
885 3168 1094 3230 studio
1131 3167 1248 3230 sibi
1273 3163 1713 3229 adornandum
1743 3162 2116 3242 susciperet,
2149 3161 2323 3242 quod
2357 3167 2426 3224 ut
2455 3161 2798 3242 aliquando
2830 3161 3097 3224 meliore
3140 3167 3500 3243 temporum
3536 3162 3755 3225 condi-

475 3272 649 3334 tione
685 3273 811 3346 ﬁat,
840 3270 961 3352 piis
994 3270 1156 3332 votis
1189 3269 1493 3349 deposco.

553 3381 631 3440 II.
655 3378 1048 3455 Scriptorum
1073 3375 1299 3454 Cyrilli
1319 3392 1556 3453 nupera
1585 3371 2188 3453 conquisitio.—-His
2217 3371 2296 3433 de
2319 3371 2576 3433 Auberti
2603 3371 2884 3434 editione
2911 3373 3184 3436 breviter
3200 3379 3413 3455 atque,
3444 3383 3512 3438 ut
3536 3394 3747 3456 spero,

473 3480 869 3562 mquabiliter
911 3481 1116 3554 dictis,
1166 3481 1449 3543 nondum
1493 3486 1704 3541 tamen
1760 3478 1895 3558 ejus
1937 3478 2330 3558 praecipuum
2376 3477 2720 3540 memoravi
2760 3479 3266 3554 incommodum,
3316 3487 3408 3542 tot
3462 3481 3752 3545 videlicet

475 3583 687 3662 Cyrilli
733 3583 1188 3662 opusculorum
1225 3582 1565 3656 defectum,
1597 3599 1741 3661 quae
1773 3580 2000 3661 partim
2022 3580 2262 3655 Graece,
2290 3579 2517 3658 partim
2550 3579 2765 3641 Latine
2798 3579 3078 3659 dispersa
3118 3581 3184 3642 in
3214 3581 3538 3662 impressis
3578 3581 3750 3644 libris

473 3684 821 3761 exstabant,
854 3691 914 3746 et
941 3685 1194 3748 Auberti
1225 3687 1507 3748 notitiam
1534 3684 2049 3763 diligentiamque
2085 3680 2402 3759 fugerunt.
2436 3683 2585 3744 Haec
2621 3682 2861 3746 scilicet
2884 3691 3174 3747 accurate
3206 3692 3494 3748 recenset
3533 3686 3747 3746 Fabri-

473 3788 610 3852 cius
640 3789 714 3848 B.
758 3788 833 3851 θ.
865 3787 974 3850 lib.
1012 3807 1077 3863 v,
1132 3807 1270 3869 cap.
1305 3789 1415 3863 22,
1451 3807 1515 3850 n.
1551 3787 1584 3848 8
1613 3790 1632 3867 (
1663 3787 1764 3849 ed.
1797 3804 1943 3848 nov.
1985 3792 2027 3846 t.
2059 3787 2164 3860 IX,
2207 3805 2272 3866 p.
2308 3785 2417 3847 487
2464 3787 2654 3866 seq.),
2690 3806 2832 3868 qum
2886 3790 3184 3853 nimirum
3223 3809 3258 3852 a
3287 3809 3452 3853 novo
3505 3791 3748 3854 editorc

473 3890 691 3954 sedule
713 3888 1066 3970 colligenda
1097 3899 1262 3955 sunt.
1297 3893 1518 3972 Neque
1549 3891 1651 3953 hic
1673 3890 2043 3964 sistendum,
2079 3891 2188 3952 sed
2207 3891 2271 3951 in
2294 3891 2712 3954 conciliorum
2731 3894 3010 3970 iactibus,
3038 3897 3391 3975 praesertim
3415 3896 3745 3976 Ephesini,

471 3994 539 4056 in
586 3993 862 4073 antiquis
900 3992 1335 4074 apologeticis,
1374 3993 1715 4072 panOpliis,
1759 3992 2142 4072 scriptorum
2169 3994 2640 4057 enarratoribus
2659 4014 2776 4058 seu
2809 3997 3292 4079 bibliographis,
3327 4002 3746 4083 apprimeque

471 4095 540 4156 in
569 4093 817 4171 Photio,
853 4112 972 4159 nec
1000 4113 1130 4159 non
1163 4095 1438 4176 antiquis
1467 4095 1828 4158 auctoribus
1865 4096 2058 4158 Mario
2086 4099 2454 4172 Mercatore,
2493 4103 2664 4177 puta,
2698 4101 3017 4175 Facundo,
3043 4101 3358 4179 Liberato,
3393 4106 3744 4180 Anastasio,

472 4199 758 4275 Leontio,
806 4204 868 4262 et
911 4201 1172 4282 reliquis
1200 4199 1520 4280 praecipue
1559 4198 1857 4262 adversus
1883 4199 2208 4277 Eutychis,
2249 4202 2544 4277 Nestorii,
2589 4203 2897 4280 Dioscori,
2940 4206 3178 4284 Sev'eri,
3221 4209 3506 4290 aliasque
3537 4218 3743 4274 sectas

475 4303 834 4384 hujusmodi
883 4305 1352 4386 pugnatoribus,
1387 4303 1617 4384 scripta
1653 4304 1864 4384 Cyrilli
1913 4303 2195 4367 rimanda
2238 4312 2407 4367 sunt.
2451 4307 2610 4380 Quid
2648 4308 2727 4370 de
2764 4311 2998 4372 Graecis
3041 4311 3246 4374 dicam
3285 4313 3364 4376 ad
3401 4321 3744 4396 utrumque

470 4410 938 4472 Testamentum
968 4409 1228 4482 catenis,
1253 4425 1395 4486 quas
1427 4414 1516 4469 tot
1545 4408 1756 4486 Cyrilli
1781 4407 2024 4482 divitias
2043 4408 2400 4472 ostentant?
2429 4412 2525 4473 Me
2565 4418 2738 4474 certe
2769 4415 3186 4476 coacervandi
3229 4434 3370 4478 cum
3398 4419 3744 4499 majoribus

472 4510 722 4591 scriptis
752 4511 1032 4575 minores
1059 4511 1244 4573 etiam
1276 4510 1644 4572 minimasve
1671 4509 1883 4589 Cyrilli
1911 4511 1989 4573 ad
2018 4529 2218 4574 unum
2245 4532 2478 4595 corpus
2519 4515 2815 4596 reliquias
2840 4517 3072 4596 cupido
3101 4518 3472 4597 incesserat,
3508 4530 3744 4587 totum-

471 4633 596 4695 que
639 4616 936 4695 Cyrillum
973 4617 1195 4678 decem
1235 4615 1484 4678 circiter
1522 4615 1712 4676 tomis
1755 4616 2372 4696 comprehendendl:
2408 4637 2621 4699 neque
2659 4621 2715 4681 is
2766 4620 3151 4700 injucundus
3191 4624 3370 4689 labor
3414 4627 3658 4702 fuisset,
3694 4629 3745 4691 si

471 4720 584 4781 otii
613 4721 758 4782 satis
787 4725 1176 4800 suppeteret,
1213 4719 1313 4781 vel
1350 4720 1403 4781 si
1431 4725 1688 4783 crateras
1718 4738 1899 4783 curas
1928 4738 2103 4785 meas
2124 4740 2439 4804 seponere
2461 4723 2915 4801 decrevissem;
2949 4728 3123 4807 quod
3146 4729 3294 4809 quia
3325 4747 3455 4792 non
3482 4729 3740 4810 placuit,

471 4819 648 4882 nolui
679 4827 892 4882 tamen
932 4821 1254 4900 Cyrillum,
1295 4840 1423 4902 quo
1447 4840 1612 4904 pene
1643 4841 1776 4904 praa
1818 4825 2063 4888 cmteris
2108 4825 2413 4900 delector,
2447 4825 2776 4890 deserere:
2812 4828 2925 4890 sed
2965 4831 3196 4894 omissa
3226 4832 3399 4893 omni
3429 4832 3741 4894 editorum

472 4922 607 5001 ejus
635 4939 902 5003 Operum
931 4922 1376 5000 sollicitudine,
1430 4928 1711 4989 converti
1765 4945 1866 4990 me
1917 4930 2130 5009 potius
2189 4930 2268 4992 ad
2321 4929 2751 5009 indagandum
2818 4933 3128 5014 quidquid
3181 4937 3334 4998 tanti
3374 4937 3492 4998 viri
3539 4937 3742 5000 adhuc

469 5023 779 5088 ineditum
803 5026 1117 5090 Vaticanis
1153 5029 1476 5094 codicibus
1506 5033 1816 5095 contineri
1854 5032 2020 5096 haud
2057 5033 2265 5096 fallaci
2308 5036 2670 5116 conjectura
2696 5037 2795 5100 vel
2824 5040 3200 5104 certitudine
3237 5043 3448 5122 potius
3477 5061 3741 5124 compe-

472 5142 698 5188 reram.
727 5128 905 5202 Quod
954 5147 1097 5193 cum
1124 5150 1428 5213 prospere
1466 5140 1535 5196 ut
1562 5141 1714 5215 puto
1743 5137 2004 5216 egerim,
2037 5143 2100 5200 et
2128 5157 2227 5200 res
2282 5139 2444 5202 ultra
2463 5147 2679 5204 votum
2735 5145 3026 5215 cesserit,
3059 5143 3243 5207 facile
3292 5147 3410 5208 erit
3441 5147 3743 5228 deinceps

471 5223 697 5290 futuris
729 5229 988 5294 eruditis
1031 5232 1326 5312 Cyrillum
1357 5234 1632 5316 denique
1656 5242 1787 5299 tum
1818 5257 1896 5300 ex
1928 5240 2364 5318 superioribus
2395 5242 2805 5319 editionihus,
2838 5250 2970 5306 tum
3005 5263 3082 5308 ex
3118 5245 3216 5308 his
3249 5249 3484 5310 nostris
3509 5223 3746 5311 addita-

472 5327 705 5389 mentis
757 5330 1139 5394 cumulatum
1191 5332 1477 5397 efﬁcere:
1528 5337 1707 5417 cujus
1771 5336 1929 5398 mihi
1980 5343 2152 5400 certe
2188 5344 2355 5402 tanta
2385 5340 2465 5402 ad
2499 5358 2724 5403 manus
2757 5344 2928 5405 venit
2961 5344 3169 5424 c0pia,
3211 5352 3280 5407 ut
3326 5346 3577 5431 duobus
3604 5366 3744 5410 eam

472 5428 919 5508 voluminibus,
937 5451 1067 5497 non
1098 5436 1233 5499 sine
1256 5456 1397 5502 mea
1417 5439 1939 5520 interpretatione
1963 5442 2392 5520 exposuerim,
2425 5461 2695 5523 quorum
2714 5447 2887 5526 prius
2909 5465 3079 5510 nunc
3108 5428 3594 5511 describendum
3626 5457 3740 5512 est.

552 5527 660 5589 IlI.
710 5531 984 5608 Cyrillus
1015 5535 1089 5596 de
1127 5538 1461 5599 Trinitate.
1494 5575 1570 5583 —
1623 5541 2072 5621 EpiSCOpatum
2119 5542 2385 5622 Cyrillus
2424 5543 2861 5608 Alexandrinae
2913 5549 3181 5611 civitatis
3221 5565 3468 5626 gerens,
3509 5552 3573 5612 in
3620 5568 3744 5630 qua
3831 5603 3833 5605 .

473 5629 904 5704 superioribus
927 5635 1106 5697 annis
1145 5637 1324 5699 Arius
1355 5637 1860 5701 scelestissimam
1912 5638 2203 5702 haeresim
2247 5652 2724 5722 propagaverat,
2760 5647 2912 5709 nihil
2943 5649 3294 5730 impensius
3324 5650 3385 5710 in
3421 5652 3549 5713 suis
3586 5629 3739 5713 scri-

476 5732 598 5808 ptis
615 5736 1153 5817 concionibusque
1175 5741 1321 5817 egit,
1343 5759 1530 5818 quam
1551 5749 1616 5804 ut
1639 5741 1801 5805 illius
1823 5743 2278 5819 hacresiarchm,
2297 5752 2482 5823 atque
2509 5748 2909 5826 asseclarum,
2931 5753 3404 5833 prrescrtimdue
3439 5754 3747 5818 recentio-
