4172 6440
408 347 491 400 95
1822 363 2343 420 ΡιιιΕῈΑτιοΝεδ.
3649 368 3718 423 9:.
3792 337 3806 352 '

407 475 506 536 ris
551 476 875 553 Eunomii,
917 484 1226 542 venenata
1272 479 1502 561 scripta
1533 483 1960 562 redargueret,
1995 481 2379 565 plebemque
2403 503 2569 550 curae
2590 506 2720 550 sua:
2753 486 3054 568 pastorali
3083 485 3382 550 creditam
3413 487 3475 548 in
3509 487 3724 550 ortho-

407 575 593 640 doxa
623 579 750 641 ﬁde
773 589 1196 644 conservaret.
1232 583 1533 665 Princeps
1563 592 1624 649 et
1655 587 1966 648 maximus
1998 586 2077 650 de
2105 586 2229 651 hoc
2251 596 2623 667 argumento
2647 591 2808 653 liber
2825 587 3036 670 Cyrilli
3061 595 3154 651 est
3176 589 3550 663 Thesaurus,
3589 607 3717 669 quo

409 681 620 742 veluti
650 682 957 763 ampliore
996 687 1481 748 armamentario
1516 705 1590 750 ea
1616 689 2026 752 continentur
2053 707 2250 764 arma,
2282 707 2426 770 quae
2469 691 2536 752 in
2568 691 2690 753 hoc
2727 708 2986 772 quoque
3018 691 3262 752 minore
3292 690 3366 750 de
3408 691 3718 751 Trinitate

407 788 781 844 cernuntur
811 785 1145 864 Opusculo,
1190 785 1362 866 quod
1389 787 1638 867 planius
1669 795 1859 869 atque
1891 790 2274 852 contractius
2294 797 2483 870 atque
2507 790 2586 853 ad
2622 791 2795 853 rudis
2817 791 3040 872 populi
3061 807 3244 853 usum
3267 791 3717 853 accommoda-

407 889 549 946 tius
574 887 770 967 (sicut
791 889 976 951 etiam
1001 889 1065 951 in
1085 897 1391 971 sequente
1425 894 1507 953 De
1533 895 1968 956 incarnatione
1983 895 2257 976 ipsemet
2286 896 2456 977 dicit)
2482 897 2842 976 composuit
2857 895 3142 976 Cyrillus.
3171 894 3448 957 Alterum
3468 894 3716 971 insigne

414 991 504 1052 de
517 992 822 1056 Trinitate
845 995 1151 1076 scriptum
1167 997 1671 1080 Cyrilli,Dialogi
1693 1010 1922 1081 septem
1951 1009 2096 1064 sunt
2123 1002 2605 1068 luculentissimi
2621 1002 2705 1063 ad
2716 1001 3064 1076 Hermiam,
3086 1002 3196 1081 qui
3231 1000 3464 1081 pariter
3487 999 3677 1061 fecun
3693 1032 3716 1042 -

417 1091 581 1154 dissi
591 1111 762 1156 mum
786 1099 1076 1160 Auctoris
1106 1100 1454 1179 ingenium,
1475 1103 1920 1185 inﬁnitumque
1943 1105 2338 1168 orthodoxite
2372 1105 2576 1168 zelum
2607 1106 3061 1168 demonstrant.
3083 1104 3361 1166 Tertium
3383 1105 3470 1163 De
3514 1103 3724 1162 Trini-

417 1202 557 1255 tate
589 1198 913 1278 quoddam
960 1203 1337 1282 Opusculum
1371 1205 1566 1269 edidit
1607 1209 1849 1290 primus
1877 1213 1996 1272 sub
2042 1211 2253 1290 Cyrilli
2278 1213 2539 1275 nomine
2568 1210 2968 1289 Wegelinus:
3001 1214 3433 1272 verumtamen
3463 1209 3525 1269 id
3564 1205 3721 1268 nihil

414 1295 564 1361 fere
593 1317 734 1363 esse
767 1302 936 1365 aliud
981 1321 1173 1384 quam
1212 1306 1769 1387 interpolationem
1807 1319 1998 1390 atque
2036 1310 2490 1392 compendium
2528 1310 2743 1390 operis
2793 1308 3056 1371 Joannis
3083 1305 3448 1369 Damasceni
3479 1306 3564 1364 De
3596 1303 3720 1382 ﬁde

418 1397 835 1491 orthodoxa,
905 1401 1185 1484 ideoque
1257 1406 1743 1486 abjudicandum
1788 1409 2041 1489 Cyrillo,
2079 1411 2210 1488 jam
2273 1411 2382 1474 diu
2437 1411 2638 1473 critici
2691 1409 3068 1472 docuerunt.
3111 1406 3237 1469 Sed
3297 1410 3534 1486 praeter
3574 1404 3713 1464 haec

417 1499 814 1563 nominatim
846 1503 934 1562 De
966 1504 1281 1567 Trinitate
1297 1505 1600 1588 inscripta
1630 1525 1847 1590 opera,
1871 1511 2104 1590 passim
2125 1511 2389 1592 Cyrillus
2407 1512 2474 1574 in
2492 1511 2918 1574 voluminibus
2943 1509 3073 1571 suis
3090 1525 3208 1590 pro
3240 1506 3363 1569 hoc
3397 1505 3722 1586 praecipuo

414 1596 728 1675 dogmate
746 1609 1014 1680 pugnat;
1046 1610 1108 1665 et
1128 1604 1387 1686 quidem
1418 1608 1606 1670 etiam
1630 1609 1696 1671 in
1719 1610 2062 1690 praeclaris,
2089 1629 2252 1692 quos
2281 1629 2396 1674 nos
2417 1612 2541 1675 hoc
2569 1621 2860 1691 tempore
2892 1609 3228 1683 edidimus,
3253 1605 3725 1670 commentariis

413 1697 504 1758 ad
542 1701 726 1762 Pauli
753 1703 1068 1782 Epistolas
1098 1713 1159 1767 et
1189 1706 1267 1769 ad
1307 1707 1612 1772 Psalmos.
1652 1711 1833 1773 Nunc
1869 1728 1936 1773 se
1969 1710 2122 1772 mihi
2165 1711 2392 1774 obtulit
2428 1711 2639 1792 Cyrilli
2669 1709 3003 1784 ineditum,
3040 1715 3108 1773 ut
3140 1725 3308 1781 reor,
3343 1703 3726 1785 Opusculum

411 1799 512 1861 De
548 1803 869 1866 Trinitate
888 1805 952 1867 in
977 1807 1279 1870 Vaticano
1301 1827 1562 1890 perraro
1589 1812 1811 1877 codice
1838 1831 1853 1887 ;
1888 1830 2030 1894 qum
2049 1813 2401 1878 lucubratio
2433 1814 2622 1895 plane
2641 1815 2720 1876 ab
2751 1813 2859 1874 illa
2888 1811 3120 1886 differt,
3153 1825 3345 1889 quam
3377 1807 3515 1888 pari
3542 1803 3726 1867 titulo

412 1899 543 1960 sub
583 1900 750 1988 falso
765 1903 972 1983 Cyrilli
995 1907 1255 1970 nomine
1268 1907 1542 1987 vulgavit
1566 1911 1946 1988 Wegelinus.
1979 1911 2076 1972 Ait
2093 1919 2302 1973 autem
2332 1911 2596 1992 Cyrillus
2617 1929 2756 1992 cap.
2783 1910 2817 1971 3
2845 1915 3290 1991 se,postquam
3308 1912 3524 1970 contra
3554 1903 3725 1965 blas-

410 2001 722 2081 phemias
740 2002 1211 2081 haereticorum,
1233 2007 1603 2071 Arianorum
1621 2009 1883 2085 scilicet,
1914 2010 2062 2072 satis
2083 2010 2510 2073 decertaverat
2536 2010 2708 2092 (puta
2727 2010 2794 2071 in
2825 2007 3167 2082 Thesauro,
3189 2006 3256 2068 in
3279 2003 3725 2067 commentario

409 2102 507 2164 ad
534 2105 876 2180 Joannem,
911 2114 973 2171 et
991 2107 1192 2190 alibi),
1224 2127 1394 2174 nunc
1425 2110 1548 2174 hoc
1580 2111 1956 2192 Opusculum
1979 2113 2084 2193 pie
2107 2113 2510 2176 credentibus
2540 2113 2839 2185 scribere,
2868 2116 2938 2172 ut
2974 2109 3177 2171 divina
3205 2107 3517 2184 dogmata,
3551 2110 3726 2166 extra

408 2220 686 2268 omnem
721 2211 1172 2274 controversia;
1199 2211 1424 2290 aleam,
1458 2213 1771 2278 didactico
1805 2233 1982 2279 more
2007 2222 2304 2297 exponat.
2337 2219 2584 2296 Reapse
2606 2222 2814 2277 autem
2844 2212 3222 2294 promissum
3260 2207 3511 2271 abunde
3542 2206 3722 2270 facit:

411 2325 495 2372 ea
518 2310 770 2391 quippe
811 2313 1265 2393 perspicuitate
1295 2322 1356 2377 et
1403 2317 1742 2396 theologia:
1781 2318 2006 2399 peritia
2034 2317 2405 2381 altissimum
2434 2315 2751 2379 Trinitatis
2767 2313 3137 2394 mysterium
3168 2309 3395 2372 evolvit
3426 2325 3496 2371 ac
3521 2307 3729 2380 tradit,

412 2431 569 2494 quae
586 2421 839 2492 tantum
877 2423 1069 2498 atque
1103 2436 1140 2481 a
1166 2420 1295 2483 Deo
1327 2421 1730 2502 peculiariter
1765 2423 2060 2486 edoctum
2090 2421 2460 2500 magistrum
2496 2421 2699 2482 decet.
2737 2420 2891 2479 Tres
2913 2413 3277 2493 singillatim
3308 2411 3548 2474 divinas
3580 2427 3727 2490 per-

411 2536 618 2583 sonas
664 2522 942 2602 propriis
983 2526 1293 2606 cujusque
1326 2527 1715 2603 argumentis
1750 2527 2020 2590 illustrat
2062 2533 2254 2606 atque
2292 2526 2658 2589 conﬁrmat:
2694 2522 2888 2602 idque
2928 2516 3330 2600 Opusculum,
3371 2513 3562 2578 cedro
3593 2512 3728 2572 sine

412 2623 624 2686 dubio
648 2624 1028 2701 liniendum,
1060 2627 1283 2706 viginti
1316 2635 1378 2692 et
1409 2635 1554 2693 octo
1598 2629 1890 2711 capitulis
1914 2628 2313 2692 terminatur.

498 2780 593 2839 De
638 2781 1104 2843 incarnatione.
1129 2817 1204 2826 —
1240 2784 1556 2864 Sequitur,
1593 2785 1727 2865 pari
1759 2783 2094 2864 tlieologize
2127 2784 2378 2868 merito,
2406 2787 2700 2846 tractatus
2729 2781 2888 2844 alter
2924 2797 3003 2842 ex
3035 2778 3261 2841 eodem
3295 2776 3514 2839 codice
3550 2789 3728 2836 sum-

411 2890 569 2965 ptus
606 2886 697 2944 De
741 2885 1001 2947 Domini
1035 2885 1501 2962 incarnatione,
1534 2887 1790 2966 triginta
1835 2882 2122 2968 quincfue
2161 2885 2454 2968 capitulis
2493 2882 3019 2963 comprehensus,
3060 2886 3121 2942 et
3165 2897 3200 2941 a
3249 2876 3461 2957 Cyrilli
3489 2874 3734 2939 caeteris

414 2987 500 3049 de
532 2986 664 3049 hoc
685 2993 1065 3065 argumento
1112 2987 1364 3068 scriptis
1396 3004 1656 3068 prorsus
1683 2987 1990 3050 diversus.
2022 2992 2228 3069 Atque
2257 2987 2324 3048 in
2351 2985 2476 3048 hoc
2502 2983 2947 3047 refutationem
2976 2980 3418 3043 haereticorum
3455 2992 3585 3038 non
3616 2991 3734 3037 ne-

415 3088 627 3168 gligit,
661 3104 940 3168 quorum
979 3089 1305 3152 neminem
1345 3089 1769 3153 recentiorem
1816 3090 2132 3153 Eunomio
2172 3088 2476 3152 nominat.
2526 3086 2640 3150 Illa
2663 3102 2824 3160 vero
2865 3083 3178 3148 calumnia
3209 3099 3246 3144 a
3277 3077 3735 3161 posterioribus

416 3189 896 3270 MonOphysitis
952 3192 1184 3272 Cyrillo
1236 3193 1537 3273 imposita
1592 3192 1673 3254 de
1727 3193 1917 3254 unica
1977 3191 2201 3253 Christi
2242 3197 2463 3253 natura
2511 3191 2588 3251 ab
2637 3205 2715 3250 eo
2761 3193 3033 3264 asserta,
3077 3193 3202 3249 tam
3247 3183 3570 3246 evidenter
3611 3178 3735 3239 hoc

425 3293 665 3371 scripto
699 3302 1096 3374 προληπτικῶς
1126 3293 1513 3370 dissolvitur,
1545 3299 1615 3355 ut
1643 3311 1834 3355 nemo
1855 3293 1987 3372 jam
2015 3300 2234 3377 contra
2262 3290 2509 3354 hiscere
2538 3306 2805 3352 ausurus
2830 3287 2929 3350 sit.
2964 3289 3333 3366 Quanquam
3366 3299 3516 3344 vero
3550 3279 3731 3360 pole-

425 3393 655 3457 micam
685 3397 753 3457 in
812 3396 930 3463 hac
969 3396 1411 3460 lucubratione
1449 3405 1694 3479 partem
1735 3398 1976 3460 naviter
2013 3405 2232 3461 tractat
2265 3399 2560 3479 Cyrillus,
2593 3403 2868 3460 attamen
2905 3396 2972 3457 in
3019 3389 3397 3472 exponenda
3437 3385 3546 3446 Dei
3587 3399 3736 3460 erga

419 3491 721 3557 homines
752 3496 1170 3574 benignitate,
1213 3514 1406 3576 quam
1435 3486 1890 3558 incarnationis
1930 3515 2092 3577 Opus
2123 3497 2536 3571 demonstrat,
2562 3496 2874 3578 plurimus
2908 3499 3031 3568 est;
3062 3498 3133 3554 ut
3161 3488 3579 3552 Christianum
3614 3500 3735 3564 po-

417 3597 651 3680 pulum
684 3600 798 3661 Dei
827 3599 1106 3662 vicissim
1134 3616 1354 3662 amore
1385 3599 1757 3673 inflammet,
1785 3606 1975 3679 atque
2005 3601 2073 3662 in
2104 3599 2227 3662 ﬁde
2264 3599 2618 3673 conﬁrmet,
2648 3614 2837 3678 quam
2868 3592 3121 3674 egregie
3142 3591 3358 3653 deﬁnit
3392 3590 3566 3670 pium
3597 3601 3737 3648 esse

417 3718 577 3780 erga
599 3702 803 3764 Deum
834 3717 906 3763 ac
937 3700 1391 3769 revelationem
1425 3699 1829 3781 obsequium,
1863 3699 2292 3762 controversia
2321 3700 2495 3762 omni
2525 3699 2908 3778 curioseque
2931 3697 3118 3758 etiam
3151 3692 3441 3756 examine
3471 3688 3731 3758 omisso,

417 3809 528 3874 cui
559 3814 736 3872 certe
773 3807 1057 3887 indagini
1079 3823 1293 3886 neque
1325 3805 1508 3886 plebs
1532 3821 1744 3885 neque
1766 3805 2043 3868 maxima
2070 3802 2402 3866 hominum
2429 3822 2576 3886 pars
2603 3803 2834 3866 idonea
2864 3806 2959 3864 est

507 3957 598 4016 De
618 3954 924 4034 Deipara.
959 3988 1034 3997 ——
1065 3951 1339 4013 Tertiam
1362 3951 1429 4014 in
1453 3949 1575 4015 hoc
1595 3957 1816 4014 nostro
1849 3950 2170 4014 volumine
2191 3949 2409 4014 sedem
2431 3955 2700 4030 occupat
2721 3947 2926 4029 Cyrilli
2952 3945 3211 4027 cepiosa
3232 3961 3303 4008 ac
3325 3941 3522 4006 libelli
3543 3941 3739 4004 instar

420 4061 662 4136 oratio,
700 4077 824 4140 qua
878 4056 1234 4121 ostenditur
1276 4057 1522 4119 beatam
1566 4058 1823 4120 Mariam
1875 4074 1942 4119 re
1989 4074 2137 4119 vera
2176 4072 2314 4118 esse
2354 4055 2833 4132 rectissimeque
2872 4051 2997 4113 dici
3035 4050 3392 4128 Deiparam.
3423 4046 3725 4108 Exstabat

419 4158 568 4224 haec
591 4159 835 4222 inedita
865 4158 1068 4222 oratio
1100 4158 1166 4220 in
1199 4157 1499 4249 Vaticano
1529 4158 1748 4221 codice
1779 4159 2042 4237 antiquo
2078 4155 2230 4218 1434
2260 4174 2380 4219 nec
2412 4164 2540 4217 nOn
2570 4155 2634 4216 in
2668 4152 3022 4216 recentiore
3063 4149 3273 4213 Ottob.
3313 4147 3422 4220 30;
3454 4146 3736 4226 denique

422 4262 729 4327 eamdem
775 4262 1094 4326 contineri
1133 4261 1265 4325 scio
1297 4261 1364 4323 in
1393 4248 1614 4324 eodice
1653 4261 1843 4322 etiam
1885 4258 2235 4324 Barberino
2275 4257 2415 4320 253.
2458 4260 2618 4320 Rem
2665 4256 2827 4319 hanc
2872 4271 3001 4316 non
3043 4250 3240 4315 semel
3286 4248 3580 4328 Cyrillus,
3619 4248 3738 4310 etsi

426 4368 665 4443 obiter,
690 4385 826 4431 non
861 4373 1071 4432 tamen
1091 4366 1415 4432 incuriose
1444 4372 1820 4430 tractaverat
1842 4367 2028 4429 etiam
2059 4379 2357 4428 sermone
2398 4365 2426 4424 Ι
2465 4367 2684 4426 contra
2704 4359 3360 4430 Nestorium,necnon
3380 4353 3444 4414 in
3471 4349 3737 4430 epistola

424 4471 795 4552 dogmatica
823 4472 902 4534 ad
945 4473 1091 4552 Egy
1105 4470 1270 4550 ptios
1301 4454 1674 4548 monachos,
1709 4487 1852 4551 quas
1892 4469 2080 4531 estin
2121 4467 2346 4531 ordine
2373 4463 2782 4547 epistolarum
2808 4462 3030 4542 prima.
3060 4456 3390 4535 Magniﬁce
3422 4469 3568 4516 vero
3593 4451 3734 4513 Vir-
3781 4455 3785 4466 '

424 4580 653 4661 ginem
691 4576 974 4640 celebrat
1013 4581 1076 4637 et
1123 4571 1310 4635 tertio
1343 4589 1604 4654 quoque
1641 4571 1836 4635 verbo
1886 4570 2166 4652 appellat
2200 4571 2544 4649 Deiparam
2576 4567 2642 4629 in
2681 4563 2966 4629 oratione
3004 4559 3217 4622 habita
3246 4556 3738 4661 Ephesicoram

423 4656 714 4763 synodo.
749 4678 1158 4742 Addelocum
1193 4676 1498 4740 orationis
1535 4675 1558 4736 1
1595 4678 1682 4737 De
1720 4675 1842 4755 ﬁde
1875 4675 1958 4737 ad
1996 4674 2269 4754 Reginus
2305 4671 2486 4752 (Opp.
2521 4677 2564 4732 t.
2595 4671 2668 4745 V,
2694 4673 2867 4750 parte
2904 4683 2971 4741 II,
3003 4683 3072 4746 p.
3101 4662 3172 4727 47
3205 4660 3371 4742 sqq.)
3399 4658 3521 4721 Sed
3566 4656 3737 4719 enim

424 4788 814 4876 prmclarum
865 4784 1022 4848 mihi
1055 4785 1335 4857 obvenit,
1367 4789 1437 4845 ut
1463 4782 1589 4844 dixi
1622 4782 1688 4842 in
1718 4787 1848 4844 not.
1879 4780 1956 4844 ad
2004 4796 2145 4860 cap.
2190 4779 2286 4853 13,
2321 4776 2656 4840 Iustiniani
2696 4776 2857 4855 imp.
2887 4772 2956 4834 in
2985 4773 3119 4852 ejus
3157 4785 3346 4850 quam
3401 4763 3569 4827 edidi
3607 4763 3742 4854 epi-

424 4871 599 4958 stola
647 4888 892 4972 duplex
945 4887 1387 4951 testimonium
1430 4885 1509 4948 de
1560 4883 1678 4946 hac
1709 4882 1922 4963 Cyrilli
1954 4882 2240 4946 oratione
2266 4929 2280 4955 ,
2311 4880 2396 4942 ita
2425 4885 2496 4942 ut
2532 4883 2764 4959 praeter
2791 4874 3024 4956 stylum
3051 4877 3114 4934 et
3141 4874 3509 4934 consuetam
3546 4871 3738 4972 atque

424 4967 796 5063 solemnem
850 4993 1064 5075 Cyrilli
1108 4991 1485 5066 doctrinam,
1531 4988 1871 5052 auctoritas
1921 4987 2112 5050 etiam
2158 4989 2442 5064 Augusta
2476 4981 2758 5056 accedat,
2809 4996 2953 5061 qua:
3003 4993 3258 5042 omnem
3325 4967 3737 5075 dubitationis

422 5100 816 5184 scrupulum
865 5069 1106 5160 eximit.
1171 5097 1246 5157 Et
1273 5094 1532 5175 quidem
1563 5093 1702 5173 ipse
1742 5090 2008 5170 Cyrillus
2036 5088 2160 5152 hoc
2205 5105 2274 5150 se
2331 5094 2781 5166 argumentum
2819 5082 3052 5144 diserte
3101 5084 3399 5141 tractasse
3429 5077 3636 5184 narrat
3670 5069 3735 5132 in

427 5174 704 5289 epistola
735 5203 813 5267 ad
844 5202 1182 5264 Maximum
1211 5198 1379 5282 apud
1413 5197 1734 5278 Baluzium
1764 5195 1925 5258 Nov.
1956 5193 2113 5258 Coll.
2133 5192 2358 5256 concil.
2391 5191 2515 5256 col.
2549 5190 2687 5264 915,
2718 5188 2819 5250 his
2837 5186 3044 5249 verbis
3069 5202 3082 5244 :
3109 5206 3137 5240 «
3171 5181 3451 5289 Primum
3485 5174 3732 5289 capitu-

422 5277 568 5380 lum
611 5313 709 5370 est
739 5305 914 5387 quod
951 5309 1166 5367 sancta
1192 5277 1384 5383 Virgo
1415 5303 1491 5364 sit
1521 5300 1632 5363 Dei
1671 5299 1978 5363 Genitrix.
2014 5323 2043 5355 η
2102 5297 2233 5360 Nisi
2270 5296 2434 5359 forte
2465 5313 2542 5358 eo
2573 5294 2718 5357 loco
2763 5292 2842 5355 de
2883 5291 3090 5370 primo
3130 5301 3245 5347 suo
3275 5283 3342 5344 in
3375 5277 3734 5387 Nestorium

424 5425 736 5473 sermone
776 5408 1039 5486 cogitat:
1091 5407 1326 5470 etenim
1362 5405 1428 5467 id
1482 5403 1712 5483 dogma
1769 5409 2016 5483 postea,
2067 5407 2260 5483 prout
2309 5418 2479 5463 nunc
2509 5399 2576 5460 in
2619 5397 2878 5459 invento
2937 5397 3156 5455 nostro
3219 5386 3474 5465 legitur,
3531 5379 3736 5486 multo

423 5515 701 5578 uberius
742 5513 1070 5594 explicuit.
1120 5511 1528 5577 Luculentam
1582 5510 1748 5571 hanc
1793 5507 2004 5588 Cyrilli
2049 5507 2400 5571 orationem
2457 5501 2911 5569 commendare
2958 5497 3168 5560 verbis
3199 5493 3506 5594 omittam,
3542 5484 3732 5594 nullis

423 5615 609 5679 enim
638 5615 934 5678 laudibus
965 5621 1145 5694 eget;
1176 5613 1242 5675 in
1281 5612 1459 5692 cujus
1481 5609 1666 5673 etiam
1689 5608 1968 5672 clausula
1996 5607 2338 5669 vehemens
2367 5605 2445 5669 ad
2482 5601 2922 5666 orthodoxiam
2958 5593 3352 5659 retinendam
3376 5583 3734 5694 adhortatio

422 5721 520 5782 ﬁt.
556 5718 726 5801 Illud
777 5702 1034 5800 nequeo
1071 5717 1360 5790 reticere,
1397 5715 1569 5794 quod
1602 5724 1697 5776 est
1734 5713 1964 5793 Cyrillo
1992 5718 2206 5775 nostro
2239 5711 2417 5773 valde
2450 5707 2897 5779 honoriﬁcum,
2933 5701 3248 5781 simulque
3298 5710 3533 5801 novum
3584 5687 3731 5748 huic

437 5799 689 5903 scripto
722 5793 1093 5900 suffragium
1138 5818 1372 5897 adjicit.
1423 5793 1675 5878 litenim
1742 5816 1866 5878 duo
1908 5813 2299 5894 perillusch
2343 5815 2576 5886 Patres,
2608 5808 2719 5888 qui
2771 5806 3117 5887 Eutychen]
3164 5793 3734 5882 reprehenderunt.
