2086 3240
8 3226 73 3234 ,μιν
82 3220 152 3234 ’.καις

213 198 255 224 97
926 205 1198 237 PREFATIONESI
1811 239 1819 243 -
1850 213 1894 244 93.

211 261 295 290 tona
308 258 364 300 (α).
377 260 407 292 7.
421 262 560 295 Homilia
574 264 619 294 De
627 264 784 304 parabole
800 265 901 296 (locem
919 267 1080 306 virginum
1092 267 1277 299 inscribitur
1293 269 1408 309 Cyr-illo
1423 270 1457 301 in
1473 271 1583 302 codice
1598 272 1727 311 Syriaco
1746 272 1813 304 Vat.
1827 273 1862 304 97
1877 281 1886 311 ;

211 314 445 363 rerummmen
452 313 728 353 ealegiturGrzece
741 316 800 347 sub
812 316 1028 356 Chrysostomi
1041 318 1170 349 nomine
1183 319 1216 349 in
1227 320 1336 351 Graeco
1345 322 1455 353 codice
1465 322 1546 360 Vat.,
1561 326 1727 363 exstatque
1740 324 1774 354 in
1781 317 1893 363 Mont-j

209 361 365 395 fauconii
378 365 523 398 editione
536 367 621 398 inter
636 368 759 408 spurias
773 372 795 399 t.
813 353 943 410 VlllJp.
961 369 999 400 45
1014 378 1119 410 seqq.,
1136 371 1195 401 etsi
1225 372 1324 403 multa
1347 383 1419 404 cum
1446 353 1607 406 varietate.

210 415 386 448 audienda
398 417 533 458 liturgt'a
552 419 669 460 Cyrillo
684 421 760 451 item
778 421 961 453 inscribitur
977 422 1009 453 in
1032 423 1094 453 alio
1120 423 1250 462 Syriaco
1272 425 1383 456 codice
1410 427 1475 457 Vat.
1501 426 1571 464 200,
1598 427 1652 458 sed
1675 430 1781 458 tamen
1806 427 1886 458 hanc

210 466 343 500 habere
358 469 511 510 Cyrillum
526 476 688 504 auctorem
706 472 850 504 nondum
862 473 940 504 mihi
959 474 1114 514 persuasi.
1132 474 1149 504 9
1165 478 1196 505 et
1212 475 1260 506 10.
1277 477 1429 508 Homilias
1445 479 1522 509 duas
1537 478 1652 517 Cyrillo
1665 478 1832 518 inscriptas
1849 478 1886 507 de

211 523 406 554 ascensione
421 524 562 562 Domini,
579 529 610 556 et
625 526 662 556 de
678 526 782 557 tribus
790 527 900 566 pueris
917 527 1120 566 Babylonicis
1137 533 1229 568 atque
1243 529 1385 566 Daniele,
1401 530 1464 560 dixi
1484 530 1558 561 olim
1576 539 1625 561 me
1641 532 1749 561 Graece
1766 534 1796 561 et
1811 539 1883 571 par-

210 572 275 604 tim
292 574 391 606 etiam
422 576 553 616 Coptice
567 577 599 608 in
622 577 788 608 codicibUs
810 578 1015 614 observasse;
1045 586 1151 617 neque
1180 583 1286 610 tamen
1313 579 1365 610 his
1391 580 1484 611 ﬁdem
1513 581 1650 621 adjicere
1677 590 1772 611 ausus
1802 589 1883 612 sum.

210 622 336 655 Postea
348 627 454 656 tamen
467 625 529 656 alia
545 635 677 666 quoque
696 627 735 657 de
747 627 859 658 iisdem
875 627 1055 658 testimonia
1074 636 1145 658 sum
1161 632 1291 659 nactus:
1308 629 1415 670 itaque
1433 630 1500 661 ﬁeri
1515 633 1631 670 potest,
1647 634 1682 661 ut
1694 631 1806 662 harum
1817 631 1885 662 for-

212 675 305 704 tasse
323 673 388 705 alio
405 677 552 714 tempore
572 675 727 706 rationem
745 675 892 706 habeam.
915 675 962 706 11.
979 677 1117 708 Homilia
1134 677 1171 708 de
1185 678 1337 718 paschate
1363 680 1509 720 quaedam
1532 680 1681 711 tribuitur
1706 682 1820 721 Cj'rillo
1852 682 1886 713 in

215 731 286 753 uno
303 723 416 755 Graeco
431 724 555 762 codice,
570 725 603 756 in
622 725 685 756 alio
701 728 805 757 autem
820 725 1057 765 Chrysostomo.
1073 725 1120 757 12.
1135 728 1242 768 Cj'rilli
1257 728 1387 760 homilia
1400 730 1437 761 de
1448 731 1486 761 B.
1502 731 1617 761 Maria
1643 732 1677 762 Υ.
1696 732 1885 764 dormitione

209 773 250 805 in
267 774 385 806 codice
400 775 468 806 Vat.
485 776 582 808 Arab.
601 776 670 814 170,
685 777 805 817 Script.
821 782 882 807 cet.
901 780 922 807 t.
938 777 989 814 IV,
1011 786 1044 817 p.
1064 776 1133 808 311.
1152 778 1199 808 13.
1215 779 1363 819 Ejusdem
1378 780 1484 820 Cyrilli
1498 781 1634 813 Homilia
1646 782 1682 812 de
1703 783 1886 822 poenitentia

210 826 316 859 estin
331 827 405 859 cod.
419 828 487 859 Vat.
504 828 635 868 Coptico
649 828 698 866 59,
715 829 835 868 Script.
851 832 909 859 vet.
927 832 949 859 t.
966 829 1002 866 V,
1019 833 1099 868 part.
1115 838 1150 867 Π,
1167 838 1200 869 p.
1221 830 1288 860 154.
1308 830 1355 861 14.
1371 831 1594 870 Fragmentum
1609 832 1756 863 Homiliae
1766 833 1802 864 de
1813 843 1885 864 con~

211 879 431 910 :ummatione
446 879 565 910 seculi.
587 879 662 910 Vide
677 879 717 910 ad
732 879 840 910 Matth.
857 888 950 916 xxrv,
980 878 1029 910 29.
1055 879 1104 911 15.
1122 880 1283 911 Adversus
1298 881 1482 920 Eunuchos,
1512 892 1551 914 ex
1573 883 1730 915 Chronico
1759 885 1886 924 Georgii

212 930 400 963 Bamarloli
414 933 444 962 et
457 931 591 962 Ioannis
607 930 715 962 Siculi.
731 931 875 970 Denique
891 930 1073 971 paschalem
1089 931 1212 962 tertiam
1224 931 1399 969 homiliam,
1420 941 1477 963 seu
1499 934 1678 973 epistolam,
1707 943 1802 974 quam
1827 935 1885 966 de-

213 981 382 1021 perditam
401 981 534 1022 quidam
550 986 673 1023 putant,
690 981 786 1013 nullis
799 991 859 1021 ego
874 982 907 1012 in
923 982 1088 1013 codicibus
1111 983 1235 1024 reperi;
1251 992 1358 1024 neque
1382 984 1445 1015 ulla
1473 984 1606 1016 fortasse
1639 985 1708 1016 fuit.
1738 986 1885 1025 Feliciter

211 1039 330 1067 tamen
349 1032 430 1064 mihi
447 1033 570 1073 obtigit,
588 1037 621 1064 ut
638 1032 796 1073 paschalis
809 1033 941 1064 decima;
957 1033 1100 1073 septimae
1113 1034 1265 1065 ineditam
1280 1038 1375 1075 atque
1397 1034 1573 1074 elegantem
1602 1036 1803 1068 nanciscercr
1826 1038 1883 1066 Ar-

214 1083 316 1115 nobii
328 1084 473 1116 Latinam
486 1085 796 1125 interpretationem,
813 1092 908 1124 quam
927 1084 960 1114 in
981 1085 1092 1124 quinto
1108 1084 1275 1125 Spicilegii
1289 1086 1378 1116 Rom.
1395 1085 1555 1117 volumine
1571 1086 1736 1118 collocavi.
1757 1087 1800 1117 De
1816 1086 1886 1118 aliis

210 1141 295 1166 vero
315 1135 461 1167 nondum
477 1136 553 1167 satis
569 1135 646 1167 mihi
662 1135 830 1177 perpensis
847 1138 900 1166 aut
916 1135 1097 1175 exploratis,
1112 1144 1190 1175 quas
1209 1136 1243 1166 in
1261 1136 1425 1167 codicibus
1451 1137 1584 1177 scriptas
1618 1141 1672 1168 aut
1695 1141 1885 1168 memoratas

209 1184 380 1218 interdum
397 1187 473 1225 vidi,
487 1186 594 1227 Cyrilli
608 1187 759 1224 homiliis,
776 1186 883 1216 dicere
903 1185 1112 1225 supersedeo.
1131 1185 1274 1225 Denique
1290 1189 1457 1216 tractatum
1469 1187 1513 1216 De
1523 1186 1686 1234 pas-citate,
1704 1187 1757 1226 qui
1773 1187 1805 1217 in
1820 1186 1886 1217 edi-

209 1237 364 1270 tionibus
384 1238 536 1270 tribuitur
545 1239 661 1270 Joanni
680 1238 872 1278 Philopono,
893 1237 955 1268 vidi
971 1237 1159 1278 inscriptum
1174 1237 1289 1277 Cyrillo
1309 1238 1341 1268 in
1357 1247 1422 1269 uno
1443 1238 1513 1269 cod.
1536 1239 1617 1276 Vat.,
1640 1239 1673 1269 in
1695 1239 1757 1270 alio
1779 1242 1884 1269 tamen

210 1288 293 1320 eod.
306 1289 465 1329 prtedicto
477 1289 671 1330 Philopono.

254 1340 311 1371 IV.
330 1340 584 1372 Commentarius
601 1342 634 1371 in
648 1341 816 1371 Lucmn.—
828 1341 889 1372 Sed
909 1348 983 1372 ecce
1000 1339 1085 1371 aliud
1099 1340 1133 1372 in
1148 1340 1310 1372 volumine
1325 1343 1436 1372 nostro
1451 1341 1655 1373 continuatur
1668 1340 1763 1380 longe
1780 1340 1880 1381 majo-

208 1389 260 1421 ris
274 1389 376 1421 molis
390 1390 498 1430 Cyrilli
512 1390 678 1430 scriptum,
696 1390 782 1430 quod
802 1391 935 1431 paginas
954 1389 1014 1420 332
1031 1393 1178 1430 occupat,
1196 1392 1444 1422 commentarius
1462 1400 1578 1432 nempe
1597 1391 1634 1423 ad
1662 1392 1755 1422 Lucae
1780 1392 1884 1422 Evan-

209 1441 351 1481 gelium,
368 1449 466 1482 quem
477 1449 540 1472 nos
556 1441 643 1480 gravi
668 1450 745 1472 sane
762 1440 869 1472 labore
884 1441 1115 1481 impendioque
1127 1441 1280 1481 temporis
1296 1450 1334 1472 ex
1349 1441 1519 1473 duodecim
1535 1442 1691 1473 Vaticanis
1702 1446 1884 1473 catenarum

209 1494 389 1526 codicibus
402 1492 649 1533 compilavimus
668 1502 674 1524 :
696 1493 739 1523 ita
755 1496 790 1523 ut
805 1500 884 1532 quas
901 1492 1007 1532 Cyrilti
1018 1492 1170 1532 reliquias
1186 1501 1225 1523 ex
1237 1496 1374 1533 quatuor
1386 1493 1437 1524 vix
1462 1494 1626 1525 codicibus
1647 1497 1719 1525 ante
1744 1493 1803 1525 hos
1826 1502 1884 1525 an-

211 1544 453 1578 nosdelibatas
468 1533 582 1575 G‘rtece
598 1544 769 1581 edidimus,
786 1553 872 1575 nunc
891 1545 1065 1585 plurimum
1089 1548 1197 1576 auctas
1215 1547 1245 1575 et
1259 1544 1444 1576 emendatas
1468 1554 1506 1576 ex
1525 1548 1571 1577 tot
1588 1545 1763 1582 codicibus,
1779 1544 1885 1577 addita

212 1595 312 1628 etiam
329 1595 537 1627 translatione
552 1599 658 1626 nostra
674 1595 879 1636 scholiisquc,
899 1596 976 1636 justi
991 1596 1097 1636 operis
1111 1596 1210 1626 instar
1227 1600 1503 1636 reprmsentemus.
1530 1596 1609 1626 Sunt
1622 1599 1726 1626 autem
1756 1595 1885 1626 codices

216 1647 264 1684 hi,
278 1655 364 1688 quos
381 1647 414 1678 in
430 1647 503 1679 libri
524 1647 722 1687 marginibus
739 1647 850 1678 litteris
864 1650 899 1678 A.
916 1648 952 1678 B.
973 1648 1004 1678 C.
1022 1648 1057 1678 D.
1082 1648 1117 1678 E.
1135 1648 1168 1677 F.
1186 1647 1222 1677 G.
1244 1648 1282 1677 Η.
1300 1649 1324 1678 Ι.
1339 1648 1376 1678 Κ.
1400 1648 1433 1677 L.
1455 1648 1495 1677 M.
1508 1649 1665 1687 perpetuo
1685 1647 1873 1678 denotamus

215 1699 243 1730 I.
259 1699 367 1731 (Ridet
383 1701 423 1732 Α.
442 1699 511 1730 Vat.
527 1699 765 1736 membraneus‘,
784 1699 953 1736 maximus,
968 1699 1001 1730 in
1018 1698 1087 1736 fol.,
1100 1698 1208 1729 saeculi
1226 1698 1293 1729 fere
1309 1698 1394 1729 tertii
1417 1697 1544 1735 decimi,
1561 1698 1679 1729 Nicetae
1694 1701 1837 1729 catenam
1852 1697 1886 1729 in

210 1751 334 1782 Lucam
350 1750 524 1782 continens
537 1760 611 1782 cum
627 1750 744 1791 Cyrillo
764 1750 916 1791 plurimo.
937 1751 975 1781 ΙΙ.
994 1750 1100 1782 Codex
1115 1751 1150 1781 B.
1163 1750 1260 1781 Palat.
1273 1751 1354 1787 Vat.,
1370 1749 1595 1790 bombycinus,
1608 1750 1642 1780 in
1657 1749 1726 1788 fol.,
1741 1750 1885 1789 ejusdem

208 1803 284 1835 fere
299 1811 340 1835 ac
353 1803 390 1834 B.
407 1803 520 1840 (etatis,
537 1803 695 1835 diversam
708 1807 816 1834 tamen
830 1806 974 1834 catenam
995 1803 1176 1834 continens.
1192 1803 1294 1842 Hujus
1314 1801 1445 1839 codicis,
1463 1802 1521 1832 sub
1534 1801 1624 1832 initio
1634 1801 1787 1841 corrupti,
1804 1809 1884 1841 apo—

208 1854 376 1895 graphum
392 1854 526 1895 insuper
542 1858 673 1886 recente
688 1864 786 1886 manu
800 1854 984 1886 contectum
999 1855 1207 1895 inspeximus.
1220 1855 1273 1884 III.
1285 1853 1392 1884 Codex
1407 1855 1439 1884 C.
1452 1854 1536 1891 Vat.,
1553 1853 1749 1889 chartaceus,
1765 1853 1799 1883 in
1813 1852 1883 1890 fol.,

208 1907 271 1940 ubi
285 1907 365 1939 item
381 1907 483 1948 spissa
496 1907 530 1938 in
543 1908 660 1938 Lucam
676 1908 803 1938 Patrum
823 1911 945 1938 catena.
961 1907 1013 1937 1V.
1030 1906 1136 1938 Codex
1151 1907 1186 1937 D.
1197 1907 1266 1936 Vat.
1284 1907 1521 1943 membraneus,
1541 1906 1574 1936 in
1589 1905 1658 1943 fol.,
1685 1905 1793 1937 steculi
1817 1905 1884 1937 fer-

210 1969 267 1991 me
281 1958 480 1995 duodecimi,
496 1958 575 1989 item
591 1962 715 1990 catena.
736 1958 773 1988 V.
791 1958 898 1989 Codex
912 1958 947 1988 E.
961 1957 1045 1995 Vat.,
1062 1958 1262 1995 chartaceus,
1282 1957 1315 1988 in
1332 1957 1402 1994 fol.,
1415 1958 1585 1989 continens
1600 1957 1728 1988 Macarii
1742 1956 1883 1998 Chryso-

211 2011 346 2053 cephali
359 2020 426 2043 non
438 2015 685 2044 tameermones
698 2019 793 2051 quam
810 2012 949 2049 Patrum,
968 2011 1071 2042 citatis
1090 2014 1236 2043 accurate
1250 2010 1447 2049 nominibus,
1464 2015 1608 2042 catenam
1633 2010 1667 2041 in
1690 2012 1819 2042 Lucam.
1848 2011 1885 2043 Id

210 2063 346 2096 Macarii
363 2069 447 2104 opus
461 2062 579 2094 dicitur
593 2061 689 2093 etiam
706 2061 929 2101 Alphabetum,
950 2063 1025 2103 quia
1042 2062 1173 2093 totidem
1188 2065 1261 2093 sunt
1281 2070 1446 2094 sermones
1465 2065 1543 2102 quot
1569 2061 1730 2102 alphabeti
1751 2062 1882 2095 litterae:

211 2117 394 2157 cmteroqui
421 2116 456 2148 in
470 2116 540 2147 Vat.
557 2115 669 2146 codice
683 2123 748 2145 non
766 2114 826 2145 nisi
842 2115 1002 2146 sexdecim
1017 2117 1152 2152 exstant,
1168 2114 1200 2145 id
1215 2117 1263 2145 est
1277 2123 1378 2155 usque
1389 2114 1432 2160 ad
1446 2114 1581 2145 litteram
1597 2128 1628 2146 π.
1652 2115 1703 2145 VI.
1721 2115 1827 2147 Codex
1848 2118 1881 2148 F.

210 2170 286 2207 Vat.
298 2169 394 2208 alius,
410 2169 611 2206 chartaceus,
626 2167 659 2198 in
677 2167 706 2205 4,
723 2167 776 2207 qui
792 2176 857 2198 non
875 2167 937 2198 nisi
951 2167 1146 2199 mediocrem
1162 2170 1284 2207 partem
1304 2167 1447 2207 praedicti
1465 2167 1711 2209 Cbrysocephati
1727 2169 1880 2201 continet.

211 2221 282 2253 VII.
303 2219 413 2252 Codex
431 2219 467 2250 G.
485 2219 617 2258 Reginae
636 2219 758 2255 Suecae,
779 2218 962 2256 Vaticanus,
982 2218 1090 2250 saeculi
1106 2218 1231 2250 circiter
1245 2218 1440 2256 duodecimi‘,
1457 2228 1529 2252 cum
1546 2222 1668 2251 catena.
1684 2220 1764 2250 VlII.
1777 2221 1881 2252 Codex

211 2273 254 2304 Η.
270 2272 344 2303 Vat.
366 2270 566 2312 prtenobilis,
583 2268 692 2300 saeculi
707 2269 808 2300 ferme
827 2269 1001 2307 undecimi,
1019 2269 1075 2310 qui
1089 2272 1195 2301 tamen
1211 2268 1244 2299 in
1260 2270 1373 2308 grandi
1392 2270 1489 2308 mole,
1507 2270 1635 2302 nonnisi
1655 2274 1777 2311 partem
1792 2271 1882 2303 Nice-

210 2325 312 2356 tiana!
331 2325 455 2354 catenas
470 2320 706 2361 complectitur.
723 2320 777 2350 1X.
794 2320 900 2351 Codex
915 2321 929 2350 Ι
944 2320 1176 2352 Ottobonianus
1191 2322 1274 2359 Vat.,
1287 2322 1512 2354 membraneus
1527 2323 1663 2363 priscus,
1678 2332 1749 2354 cum
1764 2324 1881 2364 insigni

209 2375 251 2406 ad
268 2372 446 2415 prophetas
460 2380 573 2403 omnes
590 2372 720 2410 catena,l
739 2371 862 2403 habens
881 2370 975 2403 etiam
993 2380 1112 2412 paucos
1129 2372 1236 2412 Cyrilli
1260 2373 1362 2411 locos,
1374 2374 1429 2413 qui
1444 2373 1561 2405 diserte
1580 2374 1728 2406 dicuntur
1752 2383 1790 2405 ex
1815 2376 1882 2416 ejus

209 2428 245 2459 in
266 2428 389 2458 Lucam
407 2424 641 2457 commentario
658 2424 801 2455 detracti.
818 2424 857 2461 X,
873 2424 925 2454 XI.
938 2425 1005 2462 XII,
1022 2424 1115 2456 nobis
1132 2426 1168 2456 K.
1186 2427 1220 2456 L.
1234 2426 1287 2462 M.,
1305 2427 1434 2465 exiguas
1452 2426 1622 2458 admodum
1642 2427 1748 2467 Cyrilli
1762 2427 1794 2460 in
1818 2428 1880 2458 Lu-

210 2488 285 2512 cam
300 2477 456 2518 reliquias
473 2476 566 2508 nobis
582 2476 838 2517 suppeditarunt.
856 2476 938 2507 Duas
954 2485 1084 2516 quoque
1100 2477 1224 2508 Latinas
1238 2477 1277 2508 ad
1291 2479 1383 2509 Lucae
1399 2478 1603 2517 Evangelium
1629 2482 1756 2510 catenas
1770 2478 1881 2517 inspe—

210 2535 336 2571 ximus,
360 2539 458 2563 unam
474 2530 538 2562 divi
551 2529 682 2561 Thomze
698 2529 874 2570 Aquinatis,
887 2529 1078 2561 Baltbasaris
1095 2530 1235 2562 Corderii
1251 2530 1382 2562 alteram
1405 2540 1412 2561 :
1433 2539 1505 2571 qum
1529 2529 1632 2561 sicubi
1665 2528 1737 2570 plus
1761 2527 1881 2568 aliquid

210 2584 426 2626 Cyrillianum
443 2581 637 2620 habuerunt,
653 2581 715 2613 hoc
730 2582 839 2613 Latine
854 2590 916 2618 nos
930 2581 1076 2613 dedimus
1092 2582 1123 2613 in
1140 2583 1411 2622 adnotationibus,
1426 2587 1462 2615 ut
1476 2582 1706 2623 Cyrillitextus,
1730 2581 1789 2613 hac
1816 2581 1878 2613 sal-

210 2641 280 2669 tem
294 2635 417 2675 lingua,
433 2637 601 2674 utcunque
623 2633 816 2674 expleretur.
832 2632 894 2664 Sed
910 2632 991 2671 haec,
1010 2633 1153 2673 inquam,
1174 2633 1254 2665 levia
1279 2634 1401 2675 oppido
1428 2633 1625 2666 incrementa
1648 2636 1733 2665 sunt.
1760 2633 1879 2665 Corde-

209 2689 298 2722 rium
311 2690 422 2720 autem
438 2685 691 2726 fragmentorum
706 2694 838 2716 suorum
851 2685 1035 2726 imperitum
1051 2684 1135 2716 haud
1153 2694 1225 2717 raro
1240 2686 1448 2727 interpretem
1463 2684 1572 2717 multis
1593 2684 1672 2717 locis
1691 2693 1776 2725 pene
1789 2684 1888 2728 inviti

210 2740 451 2780 redarguimus.

252 2789 348 2824 Idem
369 2790 616 2823 commentarius
644 2790 775 2829 Syriaco
792 2791 1183 2822 inventus—Graecorum
1198 2791 1324 2823 Patrum
1341 2791 1380 2823 ad
1394 2792 1510 2823 Lucam
1532 2795 1678 2823 catenam
1700 2800 1814 2832 nuper,
1846 2790 1879 2822 id

249 2888 293 2927 (ιι)
373 2887 441 2928 Lyc.
461 2895 502 2928 tu,
518 2887 547 2928 ῤ,
560 2886 674 2914 homitia
688 2886 719 2928 tte
731 2885 759 2914 S.
769 2886 874 2913 Joanne
882 2885 1023 2928 Baptista,-
1080 2886 1213 2928 lentarum
1228 2887 1430 2922 distributione;
1441 2895 1561 2922 «xxm,
1577 2888 1621 2922 53,
1641 2888 1679 2916 De
1689 2888 1811 2924 passione
1825 2886 1882 2928 Da"

259 2921 298 2958 ἰή,
320 2924 364 2956 15,
386 2923 424 2951 De
447 2923 574 2950 electione
589 2922 888 2958 apostolorum;~—xlrt,
915 2921 957 2958 [9,
984 2921 1024 2948 De
1080 2923 1155 2951 mini.

211 2956 296 2990 diviti
313 2961 412 2988 horrea
427 2958 545 2986 dilatare
559 2956 708 2991 coqitmtte;
720 2973 754 2977 -—
768 2965 822 2992 xix,
847 2957 890 2991 15,
913 2956 957 2992 De
980 2962 1022 2984 ta-

132 3218 207 3234 θῇ
227 3222 230 3223 ⁷
