4172 6440
492 350 561 433 εἷς)
1828 380 2032 433 cano.
2082 380 2139 432 Al

2110 380 2241 432 tl“).
2294 382 2414 431 MAI
3656 391 3757 439 ίυυ

489 508 584 562 est
611 518 780 565 anno
817 500 990 576 1841,
1033 500 1280 576 Oxonii,
1317 498 1486 562 curis
1513 499 1629 561 viri
1667 498 1748 560 cl.
1789 499 2063 561 Crameri
2091 515 2168 559 ex
2206 497 2529 559 Gallicano
2560 498 2781 562 codice
2815 501 3073 575 editam,
3103 518 3248 564 sero
3295 502 3537 583 accepi,
3575 511 3753 584 post-

488 622 679 681 quam
714 623 835 684 ego
858 623 1020 685 opus
1051 603 1265 684 Cyrilli
1315 619 1527 664 meum
1562 601 2039 681 proﬂigaveram
2066 618 2080 660 ε
2111 599 2396 679 alioquin
2428 601 2567 679 ejus
2592 598 2833 680 aliquot
2868 601 3025 664 locis
3052 604 3427 683 tempestive
3454 621 3608 666 usus
3652 621 3754 666 es-

487 720 645 775 sem,
679 705 734 765 si
763 704 916 765 nihil
940 704 1131 777 aliud,
1157 708 1324 765 certe
1353 701 1432 764 ad
1460 701 1884 764 collationem.
1910 703 2043 761 Jam
2072 716 2222 762 vero
2242 699 2360 761 hac
2387 700 2696 779 inspecta,
2720 701 2784 763 in
2816 702 3025 781 Cyrilli
3055 719 3213 783 quas
3241 703 3430 766 refert
3451 704 3754 785 partibus,

487 807 695 869 statim
730 804 960 884 agnovi
989 802 1242 865 nonnisi
1272 808 1529 864 tenuem
1559 801 1703 863 libri
1726 800 1850 863 mei
1876 805 2119 880 partem
2148 800 2277 862 illic
2297 800 2637 875 contineri,
2668 817 2811 863 cum
2842 800 2950 863 illa
2978 818 3056 862 ex
3085 802 3279 865 unico
3326 821 3447 867 nec
3496 808 3760 887 cepioso

487 905 732 979 codice,
774 922 950 967 meus
978 911 1187 966 autem
1218 904 1378 965 liber
1406 919 1484 964 ex
1512 902 1845 964 duodecim
1885 920 2002 963 ms.
2036 903 2297 978 catenis,
2329 919 2596 981 quarum
2646 902 2889 984 aliquot
2931 904 3412 986 copiosissimas,
3468 910 3753 989 prodeat.

485 1010 735 1072 Etenim
763 1008 875 1070 ubi
902 1007 1351 1088 quaterniones
1372 1005 1569 1067 nostri
1601 1004 1775 1084 pleni
1804 1005 2168 1077 decurrunt,
2190 1005 2279 1067 ibi
2314 1006 2629 1068 interdum
2658 1006 2753 1067 vel
2784 1006 2941 1068 nihil
2990 1007 3192 1071 codex
3236 1007 3591 1075 Gallicanus
3641 1013 3755 1075 ha-

484 1107 643 1180 buit,
677 1113 824 1186 puta
852 1104 919 1165 in
956 1122 1142 1184 capp.
1194 1105 1246 1173 Ι,
1278 1104 1436 1174 XVI,
1459 1104 1685 1163 XXIV:
1714 1102 1810 1164 vel
1843 1102 2088 1180 singula
2114 1102 2217 1163 vix
2242 1101 2612 1182 fragmenta,
2641 1109 2793 1184 puta
2821 1104 2889 1167 in
2916 1122 3058 1187 cap.
3086 1108 3172 1189 Il_I
3196 1113 3260 1170 et
3282 1109 3411 1170 XV.
3469 1111 3605 1173 Huc
3649 1129 3757 1175 ac-

483 1208 654 1270 cedit
679 1207 849 1287 quod
878 1206 946 1267 in
983 1204 1145 1267 libro
1174 1204 1346 1266 edito
1379 1202 1644 1281 Cyrillus
1673 1202 1915 1264 caeteris
1952 1202 2242 1265 Pati-ibus
2277 1202 2694 1280 interseritur,
2750 1204 3051 1286 nullaque
3095 1207 3614 1288 interpretatione
3646 1215 3756 1276 La-

484 1308 613 1371 tina
642 1307 977 1371 scholiisve
1006 1306 1372 1368 illustratur.
1402 1305 1551 1377 Quae
1580 1303 1731 1365 dum
1761 1302 2165 1367 historialiter
2192 1321 2401 1378 narro,
2426 1302 2596 1367 haud
2624 1304 2841 1368 hercle
2869 1307 3215 1388 quidquam
3245 1312 3569 1389 prtestanti
3597 1313 3757 1378 Oxo-

482 1410 690 1473 niensi
722 1410 881 1471 libro
914 1408 1245 1471 detrahere
1278 1407 1445 1481 volo,
1479 1406 1581 1470 cui
1610 1406 1817 1469 omnis
1843 1424 1879 1468 a
1905 1422 2010 1468 me
2038 1406 2305 1470 debetur
2337 1407 2546 1469 honor
2569 1424 2642 1470 ac
2677 1423 2869 1487 porro
2901 1408 3203 1485 defertur,
3239 1417 3501 1491 prOpter
3530 1415 3622 1474 rei
3654 1430 3754 1476 sa-

482 1527 606 1572 crae
639 1510 992 1584 utilitatem,
1021 1516 1320 1588 typorum
1352 1507 1782 1588 splendorem,
1814 1506 2077 1570 editoris
2107 1513 2428 1571 strenuam
2457 1508 2853 1573 sedulitatem
2885 1516 3077 1591 atque
3105 1512 3420 1592 peritiam.
3453 1514 3577 1577 Sed
3605 1531 3756 1577 ecce

482 1612 648 1676 aliud
682 1629 783 1674 me
814 1611 1220 1674 vehementer
1248 1610 1606 1683 commovit,
1634 1609 1990 1690 gaudioque
2016 1609 2250 1687 affecit,
2281 1611 2449 1693 quod
2498 1612 2580 1674 ab
2625 1613 3137 1695 ephemeridibus
3185 1616 3456 1696 publicis
3508 1618 3756 1681 nuntia.

482 1722 618 1776 tum
653 1713 791 1788 fuit,
824 1713 1037 1794 Cyrilli
1067 1715 1346 1792 integros
1373 1713 1450 1776 ad
1478 1715 1711 1776 Lucam
1739 1716 2251 1792 commentarios,
2271 1716 2338 1778 in
2374 1716 2689 1796 Syriacam
2738 1717 3014 1795 linguam
3055 1735 3415 1794 conversos,
3447 1738 3654 1801 nuper
3678 1738 3755 1785 ex

483 1814 749 1893 Egypto
772 1812 838 1875 in
867 1810 1150 1889 Angliam
1180 1827 1317 1873 esse
1347 1809 1658 1891 perlatos;
1717 1812 1890 1891 quod
1917 1830 2068 1876 sane
2105 1815 2428 1897 exemplar
2455 1816 2509 1878 si
2553 1815 2728 1879 nulla
2773 1816 2991 1879 laesum
3029 1816 3252 1881 lacuna
3284 1819 3386 1894 sit,
3426 1821 3754 1900 periteque

480 1919 564 1982 ab
592 1918 942 1999 interprete
968 1919 1129 1998 Syro
1157 1917 1571 1992 elaboratum,
1602 1917 1815 1996 Cyrilli
1838 1917 2095 1980 demum
2126 1924 2329 1983 totum
2358 1920 2854 2002 ordinatumque
2891 1938 2965 1985 ac
2988 1940 3216 2003 purum
3248 1940 3431 2004 opus,
3462 1924 3528 1986 in
3550 1924 3757 1991 alieno

480 2022 706 2086 saltem
736 2022 1035 2086 idiomate
1068 2019 1567 2101 repraesentabit.
1599 2021 1755 2083 Nam
1784 2026 2145 2085 catenarum
2176 2023 2583 2088 incommoda
2613 2042 2757 2105 qua;
2784 2026 2932 2100 sint,
2968 2044 3156 2090 nemo
3184 2029 3465 2093 eruditus
3510 2031 3759 2109 ignorat

484 2122 874 2207 (quanquam
906 2126 968 2183 et
994 2119 1098 2185 illa
1128 2118 1464 2199 peculiaris
1490 2118 1716 2181 harum
1741 2125 1804 2180 et
1822 2120 2144 2183 verissima
2170 2120 2307 2184 laus
2336 2130 2451 2197 est,
2481 2124 2655 2203 quod
2685 2124 3011 2187 meliorem
3033 2126 3339 2207 cujusque
3366 2128 3578 2208 aperis
3608 2149 3753 2194 sue-

481 2239 627 2284 cum
655 2219 933 2282 delibare
964 2216 1218 2297 solent).
1252 2215 1569 2295 Eclogarii
1604 2215 1845 2280 scilicet
1874 2222 2381 2296 parteS'Operum
2415 2236 2534 2299 pro
2569 2219 2745 2284 libito
2775 2238 2891 2285 suo
2922 2229 3292 2302 excerpunt,
3326 2231 3387 2285 et
3422 2225 3531 2287 ubi
3584 2226 3759 2291 lubet

480 2322 822 2397 collocant,
855 2328 917 2384 et
946 2322 1336 2402 quandoque
1369 2320 1557 2383 etiam
1583 2318 2183 2400 interpolationibus
2214 2318 2470 2383 violant.
2510 2323 2660 2385 Cum
2690 2330 2903 2386 autem
2932 2324 3231 2388 volumen
3266 2333 3549 2391 nostrum
3588 2329 3752 2394 haud

482 2439 559 2485 ex
586 2440 741 2498 uno,
776 2422 885 2485 sed
914 2441 992 2484 ex
1016 2422 1355 2485 duodecim
1388 2438 1534 2483 mss.
1569 2408 1894 2483 codicibus
1924 2420 2002 2482 sit
2030 2419 2554 2498 conglutinatum,
2585 2424 2684 2485 vix
2738 2423 2873 2486 ﬁeri
2916 2430 3123 2503 potest
3162 2432 3233 2487 ut
3277 2433 3486 2507 partes
3533 2445 3757 2493 omnes

483 2521 699 2585 sedem
732 2519 1078 2600 propriam,
1108 2524 1252 2598 post
1286 2517 1744 2597 eclogariorum
1784 2514 2102 2578 licentiam
2151 2523 2212 2577 et
2260 2517 2745 2598 discrepantiam
2803 2522 3117 2597 codicum,
3165 2527 3510 2599 retineant;
3566 2546 3757 2610 quam

482 2641 621 2687 rem
643 2618 898 2683 nonnisi
930 2619 1246 2697 integrum
1277 2618 1490 2700 cperis
1518 2634 1752 2698 corpus
1790 2616 2131 2697 praestabit.
2165 2617 2229 2677 Si
2279 2618 2471 2696 igitur
2498 2622 2713 2684 Grmca
2733 2627 2945 2685 nostra
2973 2629 3119 2687 ante
3147 2625 3437 2704 Syriatici
3458 2626 3600 2689 libri
3628 2629 3761 2691 edi-

485 2725 727 2788 tionem
754 2720 821 2782 in
849 2718 1133 2798 Angliam
1160 2719 1469 2796 venerint,
1493 2719 1784 2796 multum,
1808 2716 2026 2794 credo,
2063 2717 2541 2800 interpretando
2582 2722 2812 2802 Cyrillo
2859 2724 3247 2804 proderunt;
3280 2729 3460 2791 sicuti
3488 2729 3756 2793 vicissim

482 2819 669 2884 nobis
697 2834 1084 2901 magnopere
1113 2816 1334 2884 fuisset
1361 2818 1735 2882 commodus
1766 2817 2147 2895 Anglicanus
2185 2816 2346 2883 liber
2382 2820 2748 2884 ordinandis
2792 2823 3027 2886 Graecis
3078 2842 3151 2888 ac
3198 2827 3652 2907 perpoliendis,
3700 2828 3755 2892 si

487 2924 683 3007 (quod
717 2923 849 2986 ﬁeri
888 2940 1018 2987 non
1041 2921 1304 3005 poterat)
1338 2922 1417 2984 ad
1444 2938 1562 2984 nos
1588 2918 1832 2994 maturo
1868 2926 2157 3001 tempore
2194 2923 2608 3001 pervenisset.
2649 2926 2769 2986 Rei
2803 2925 2992 3007 hujus
3021 2928 3343 3011 persimile
3390 2931 3750 3012 exemplum

483 3032 582 3088 est
616 3025 872 3088 Eusebii
909 3023 1337 3103 Theophaaia,
1368 3024 1433 3085 in
1466 3022 1724 3103 Syriaco
1755 3023 1988 3103 pariter
2029 3022 2250 3087 codice
2277 3022 2378 3086 his
2406 3026 2592 3089 annis
2619 3026 2896 3101 inventa,
2931 3029 3111 3109 cujus
3146 3030 3364 3092 Graeca
3397 3029 3754 3109 fragmenta

483 3143 521 3189 a
551 3143 654 3188 me
678 3131 862 3189 antea
897 3124 1167 3203 vulgata,
1197 3123 1277 3186 cl.
1308 3125 1470 3186 Leus
1499 3122 1815 3204 interpres
1845 3126 1909 3185 et
1945 3121 2151 3185 editor
2178 3139 2311 3187 non
2340 3123 2600 3200 habuit;
2633 3142 2751 3189 nos
2803 3134 3036 3203 autem,
3072 3128 3238 3192 libro
3294 3131 3429 3209 ejus
3466 3136 3751 3211 accepto.

482 3228 699 3289 Graeca
724 3232 937 3288 nostra
965 3226 1247 3292 excussis
1286 3224 1499 3288 denuo
1529 3224 1668 3286 Vat.
1704 3223 2032 3286 codicibus
2057 3224 2323 3293 multum
2352 3227 2643 3292 auximus
2671 3233 2734 3290 et
2760 3230 3230 3306 recensuimus;
3282 3248 3405 3311 qua
3451 3249 3643 3312 super
3687 3248 3755 3294 re

478 3328 549 3389 in
579 3336 804 3409 quarto
827 3329 1230 3393 Bibliotheca
1256 3326 1445 3408 hujus
1471 3326 1790 3391 volumine
1817 3326 1966 3390 satis
2003 3327 2298 3391 diximus.
2328 3331 2463 3393 Jam
2496 3348 2686 3394 nemo
2719 3333 2907 3395 nobis
2942 3332 3216 3413 objiciet,
3243 3333 3411 3414 quod
3461 3333 3754 3413 Cyrillum

483 3448 559 3492 ex
590 3434 852 3509 catenis,
882 3451 1014 3497 non
1042 3440 1249 3497 autem
1273 3449 1350 3495 ex
1378 3430 1598 3494 codice
1628 3432 1891 3513 proprio
1919 3431 2321 3512 integreque,
2361 3433 2692 3513 Vulgemus
2720 3452 2734 3495 ε
2768 3452 2912 3497 nam
2937 3442 3352 3517 praeterquam
3379 3435 3549 3517 quod
3583 3433 3756 3498 nulla

481 3528 605 3595 alia
630 3535 1004 3614 suppetebat
1030 3534 1122 3597 rei
1149 3534 1560 3599 conﬁciendae
1596 3536 1781 3623 ratio,
1812 3535 1971 3599 nihil
2012 3553 2130 3600 nos
2167 3537 2535 3601 inusitatum
2562 3540 2830 3618 egimus.
2868 3543 3031 3604 Ecce
3070 3541 3241 3605 enim
3299 3542 3632 3621 Origenem
3687 3541 3754 3603 in

481 3632 800 3709 Genesim,
828 3634 897 3696 in
935 3634 1296 3709 Proverbia,
1324 3641 1386 3696 et
1408 3634 1475 3696 in
1501 3634 1809 3709 Psalmos,
1850 3635 2106 3698 nonnisi
2132 3653 2211 3698 ex
2239 3636 2476 3700 catenis
2503 3638 2740 3702 Ruaeus
2766 3646 3091 3721 utcunque
3112 3641 3418 3703 restituit:
3449 3640 3759 3722 ejusdem-

484 3754 610 3816 que
640 3737 793 3800 item
826 3738 1119 3819 Hcarapla
1154 3757 1446 3818 magnam
1474 3747 1729 3820 partem
1765 3722 2003 3803 catenae
2039 3741 2546 3821 suppeditarunt.
2604 3742 3073 3808 Theodoretum
3125 3752 3188 3806 et
3232 3744 3638 3807 Athanasium
3687 3742 3755 3805 in

481 3839 766 3901 Psalmos
795 3846 1034 3903 catenae
1065 3840 1217 3904 solae
1246 3840 1583 3904 Sirmondo
1612 3847 1675 3903 et
1708 3839 2178 3904 Montfauconio
2228 3842 2615 3906 obtulerunt.
2664 3843 3095 3924 Chrysostomi
3147 3844 3295 3906 satis
3350 3843 3640 3923 capiosas
3693 3850 3757 3906 et

483 3939 769 4018 egregias
798 3940 862 4002 in
892 3941 1225 4005 Jeremiam
1253 3941 1728 4025 explanationes
1757 3957 2069 4020 nusquam
2109 3941 2229 4005 nisi
2256 3942 2425 4022 apud
2446 3942 2739 4006 Ghislerii
2752 3950 3040 4007 catenam
3060 3942 3390 4006 habemus.
3410 3941 3755 4004 Eusebium

482 4039 550 4102 in
579 4041 831 4115 Lucam,
864 4042 1360 4123 Polychronium
1386 4043 1453 4104 in
1473 4038 1817 4114 Danielem,
1856 4038 2193 4119 Didymum
2219 4040 2285 4103 in
2312 4041 2655 4105 secundam
2690 4042 2768 4103 ad
2799 4039 3153 4104 Corinthios
3184 4056 3302 4101 nos
3336 4038 3460 4118 ipsi
3498 4044 3753 4101 catena—

484 4159 622 4205 rum
650 4159 773 4222 cpe
802 4142 996 4223 adjuti
1026 4145 1092 4205 in
1121 4143 1330 4206 lucem
1360 4141 1718 4206 extulimus.
1759 4140 2086 4203 Postremo
2114 4139 2319 4222 qualis
2352 4148 2756 4222 quantusque
2788 4141 3034 4222 percipi
3082 4157 3161 4203 ex
3196 4139 3314 4203 hac
3362 4137 3572 4218 Cyrilli
3618 4138 3755 4200 edi-

482 4243 657 4304 tione
686 4242 927 4307 fructus
958 4244 1176 4325 possit,
1202 4243 1401 4307 lector
1434 4262 1549 4325 per
1574 4262 1641 4307 se
1670 4244 1938 4325 quisque
1966 4244 2212 4314 sentiet,
2238 4250 2301 4305 et
2331 4250 2547 4307 noster
2579 4244 2765 4306 etiam
2800 4260 3012 4306 rerum
3038 4241 3233 4305 index
3254 4242 3476 4324 partim
3498 4242 3759 4305 demon-

484 4344 728 4420 strabit,
759 4346 1108 4426 praesertim
1135 4347 1204 4409 in
1232 4364 1300 4409 re
1333 4346 1708 4426 dogmatica,
1737 4348 1901 4410 circa
1945 4347 2169 4409 Christi
2246 4346 2658 4424 divinitatem,
2713 4347 3018 4427 originale
3072 4352 3425 4428 peccatum,
3483 4346 3756 4409 divinam

485 4448 776 4525 gratiam,
810 4455 1199 4512 sacramenta
1224 4448 1546 4528 baptismi,
1595 4448 2010 4530 pmnitentiae,
2051 4454 2240 4527 atque
2279 4447 2693 4525 eucharistize,
2751 4448 2829 4511 de
2880 4465 3010 4528 quo
3062 4456 3382 4529 postremo
3405 4447 3757 4528 praesertim

485 4547 777 4628 dogmate
815 4550 1063 4614 divinus
1085 4556 1179 4614 est
1209 4549 1419 4630 Cyrilli
1444 4549 1624 4612 locus
1658 4548 1758 4627 (ad
1783 4565 1922 4627 cap.
1960 4565 2123 4622 XXII,
2160 4565 2323 4609 vers.
2360 4547 2455 4625 10,
2483 4550 2550 4611 in
2580 4551 2749 4627 ﬁne),
2779 4567 2967 4631 quem
3001 4550 3172 4612 nulla
3193 4566 3472 4628 unquam
3496 4548 3754 4612 haeresis

481 4669 693 4733 neque
719 4669 998 4733 prassens
1026 4668 1236 4731 neque
1265 4649 1475 4712 futura
1498 4647 1918 4711 labefactabit.
1949 4648 2073 4711 Sed
2110 4648 2190 4711 de
2226 4648 2438 4728 Cyrilli
2458 4649 2526 4711 in
2562 4651 2797 4712 Lucam
2818 4649 3275 4714 commentario
3303 4649 3448 4713 satis
3489 4649 3598 4735 (a).
3629 4652 3749 4713 Su-

485 4759 701 4838 perest
726 4759 795 4815 ut
825 4752 903 4817 de
932 4753 1176 4832 reliqua
1194 4748 1532 4812 voluminis
1559 4747 1950 4812 continentia
1972 4748 2277 4811 dicamus.
2724 4762 2733 4774 ’

558 4858 633 4917 V.
669 4858 907 4920 Contra
943 4856 1350 4935 Synusiastas
1388 4861 1444 4915 et
1481 4852 1857 4916 alios.—Est
1892 4852 2057 4917 inter
2083 4852 2373 4935 Syriacos
2398 4853 2800 4919 bibliotheca)
2828 4854 3144 4919 Vaticanae
3175 4856 3427 4920 codices
3456 4861 3751 4938 pervetus

483 4959 764 5040 quidam,
799 4973 1066 5021 numero
1102 4952 1211 5016 140
1244 4959 1516 5029 notatus,
1544 4955 1778 5018 saeculo
1813 4965 2058 5034 octavo,
2086 4965 2159 5022 ut
2187 4961 2530 5018 Assemano
2562 4956 2828 5029 videtur,
2861 4956 3154 5038 scriptus,
3192 4957 3302 5038 qui
3325 4958 3587 5020 Joannis
3614 4958 3749 5021 Ca3-

483 5060 781 5123 sariensis
813 5060 981 5121 inter
1008 5056 1300 5137 quintum
1335 5061 1709 5138 Sextumque
1734 5058 2032 5122 saeculum
2067 5057 2217 5122 clari
2242 5055 2603 5138 apologiam
2632 5057 2912 5121 continet
2944 5057 3196 5122 concilii
3224 5056 3749 5123 Chalcedonensis

413 5232 417 5234 ν
549 5184 627 5256 (a)
660 5180 996 5262 testimonia
1022 5189 1205 5262 vetera
1231 5196 1330 5262 pro
1364 5180 1553 5262 Cy-rilli
1585 5181 1640 5235 in
1665 5181 1870 5262 Lucam
1901 5198 2053 5262 com:
2155 5189 2312 5262 prete
2349 5180 2463 5262 ait:
2498 5177 2724 5262 Sanctus
2759 5178 2998 5262 Cyrillu's‘
3029 5181 3425 5262 Aiwaudn'ttaa
3457 5182 3515 5236 in
3561 5182 3748 5262 etpla-

478 5249 749 5310 mentario
789 5252 920 5307 olim
959 5267 1062 5307 nos
1089 5249 1655 5315 citavimus.'Latinas
1681 5260 1905 5308 catenas
1942 5252 2056 5308 divi
2155 5249 2454 5306 nationibus
2488 5250 2557 5304 ad
2578 5251 2775 5304 Lucam
2806 5249 2924 5305 ait:
2951 5249 3172 5306 Factam
3195 5266 3305 5307 ωδε
3326 5251 3543 5306 dicimus
3572 5249 3749 5307 trona—

477 5322 766 5395 Aquinatis
799 5330 971 5395 atque
996 5321 1280 5395 Corderii;
1321 5323 1452 5378 item
1495 5322 1712 5395 Graecas
1766 5322 2058 5379 Vaticanas
2154 5320 2532 5395 ﬁgurationem
2556 5318 2824 5395 (Domini)
2865 5336 2971 5395 non
2997 5323 3073 5395 sic
3099 5322 3309 5395 quidem
3337 5329 3395 5374 ut
3427 5338 3614 5395 corpus
3645 5324 3743 5395 Itu-

478 5388 975 5465 in'prophetashbi
999 5408 1173 5465 pauca
1198 5388 1689 5465 fragmentagcitata
1713 5394 2055 5465 reperimus:
2155 5388 2379 5465 manum
2402 5388 2645 5465 ﬁguram
2676 5390 2930 5454 amiserit,
2960 5388 3359 5465 sed_spiendore
3389 5388 3621 5463 quodam
3656 5394 3744 5447 in-

476 5460 1024 5535 deinde—scholiastas
1056 5463 1265 5535 aliquot
1292 5460 1467 5519 Vatic.
1502 5463 1635 5518 Item
1668 5460 1890 5535 caténas
1932 5464 2055 5518 Vat.
2157 5461 2344 5535 gutum
2376 5460 2558 5535 fuerit,
2602 5469 2734 5524 etc.,
2782 5474 2959 5529 usque
3011 5460 3079 5516 ad
3107 5460 3411 5535 :suatinere:
3436 5460 3742 5531 potuerunt.

477 5535 533 5589 in
567 5532 724 5603 Luc,
763 5547 992 5601 quarum
1043 5529 1192 5590 nunc
1236 5548 1528 5589 numerum
1576 5532 1829 5588 auximus
1881 5548 2057 5603 usque
2155 5529 2262 5603 Qui
2292 5529 2663 5603 locnsﬁrmce
2707 5544 2856 5584 nunc
2897 5532 3151 5601 apparuit
3190 5532 3246 5585 in
3279 5529 3520 5603 editidne
3555 5541 3745 5587 nostra

478 5605 545 5658 ad
570 5602 686 5673 ΧΗ.
712 5600 952 5673 Denique
980 5603 1137 5659 adest
1175 5604 1347 5659 codex
1384 5603 1659 5673 Syriacus,
1703 5602 1770 5657 de
1806 5618 1917 5672 quo
1960 5600 2056 5658 su-
2154 5600 2291 5673 L_uc.
2330 5615 2404 5673 ix,
2435 5600 2513 5673 29_
2538 5615 2663 5673 cum
2710 5614 2775 5653 ea
2816 5600 3039 5673 tantum
3089 5602 3197 5673 levi
3246 5602 3533 5665 varietate,
3577 5616 3744 5673 quam

479 5688 571 5742 pra
612 5669 879 5729 diximus:
908 5673 1063 5729 Nunc
1099 5689 1228 5731 ecce
1260 5676 1376 5729 hzec
1399 5669 1671 5736 scribens,
1708 5673 1764 5728 in
1799 5669 1948 5728 aliud
1978 5682 2059 5729 tc-
2152 5670 2271 5724 sive
2320 5669 2725 5743 Cyparissiota,
2760 5670 2928 5743 _sive_
2946 5672 3203 5743 eclogarii
3241 5673 3452 5743 _nostri,
3510 5669 3744 5743 solemni

478 5729 793 5814 stimonium
846 5745 1027 5799 incido
1053 5729 1278 5814 Joannis
1314 5729 1931 5814 Cyparissiotz'edccad.
1981 5761 2055 5808 vi,
2156 5754 2307 5814 more
2361 5729 2630 5814 fecerunt.
2693 5729 2847 5814 Adde
2899 5729 3166 5814 Joanxfém
3226 5729 3621 5814 caesariean
3684 5741 3739 5798 in

480 5812 593 5869 Hib.
626 5813 736 5870 PP.
764 5814 929 5887 Lugd.
962 5823 1000 5869 t.
1040 5813 1180 5878 XXI,
1212 5831 1264 5885 p.
1297 5808 1419 5877 42⁷οζ
1452 5813 1547 5881 qui
1574 5812 1845 5869 Turriano
1882 5814 2056 5868 inter-
2156 5808 2509 5868 adnotatione
2542 5820 2731 5869 nostra
2765 5810 2832 5866 ad
2870 5827 3013 5869 vers.
3051 5812 3121 5867 ἓξ
3157 5812 3355 5884 capitis
3383 5829 3420 5868 ιι
3451 5812 3637 5869 Luca.
3736 5820 3755 5887 λ
3848 5816 3873 5834 ⁸
