4172 6434
413 335 522 390 101
1827 354 2350 418 ΠίᾹΞΓΑΤΙΟΝΕΞ.
3630 377 3733 431 102

409 461 733 524 adversus
750 467 1295 546 contemporalem
1325 488 1508 533 suum
1536 475 1860 553 Severum,
1881 481 2301 558 patriarcham
2328 485 2812 561 Antiochenum,
2836 488 3293 568 Acephalorum
3318 493 3733 575 coryphteum

412 571 481 624 et
513 565 852 626 doctorem
875 566 1070 628 totius
1100 568 1369 632 Orientis
1398 572 2012 651 pestilentissimum.
2042 579 2316 643 Joannes
2352 582 2562 662 itaque
2603 593 2672 646 ut
2709 565 3158 665 adversa—rium,
3205 565 3448 670 Cyrillo'
3475 565 3732 678 semper

413 672 619 743 prout
653 674 879 730 notum
910 675 1004 730 est
1040 670 1213 731 abuti
1244 672 1522 750 solitum,
1556 674 1782 739 iisdem
1821 679 2012 741 armis
2040 683 2339 762 conﬁgat,
2371 683 2630 760 multos,
2678 687 2742 748 id
2791 694 2886 750 est
2937 708 3110 767 XLVI,
3159 692 3372 772 Cyrilli
3420 670 3728 759 locos'ex

409 768 734 846 Operibus
765 787 937 833 nunc
973 771 1342 852 deperditis,
1375 782 1593 839 contra
1622 779 2046 860 Synusiastas,
2079 792 2143 847 et
2174 795 2394 849 contra
2427 786 2775 851 Diodorum
2826 792 3198 856 Tarsensem
3227 812 3299 858 ac
3323 794 3728 862 Theodorum

408 872 978 954 MOpsuestenum,
1019 894 1138 939 nec
1170 893 1301 938 non
1324 894 1396 938 ex
1430 882 1901 945 commentariis
1931 883 1998 946 in
2028 886 2274 961 Matth.,
2298 889 2448 950 Luc.
2485 894 2549 950 et
2584 890 2758 951 Paul.
2797 893 3058 968 recitat;
3111 912 3274 976 quos
3325 914 3444 976 ego
3494 898 3726 964 luben-

409 978 668 1041 tissime
696 980 764 1041 in
793 979 919 1044 hoc
949 980 1276 1044 volumine
1300 982 1517 1045 Latine
1552 983 1772 1046 saltem
1806 989 2071 1067 exposui
2099 1007 2112 1050 :
2146 991 2496 1072 praesertim
2527 993 2675 1072 quia
2717 978 3045 1058 librorum'
3069 1007 3286 1063 contra
3332 1003 3728 1084 Synusiastas

411 1087 476 1138 et
499 1082 1094 1158 contraZDiodorum
1119 1099 1192 1144 ac
1218 1080 1628 1146 Theodorum
1657 1103 1767 1149 sex
1788 1088 1916 1168 jam
1950 1107 2069 1168 ego
2103 1092 2433 1170 originalia
2463 1110 2901 1175 compereram
2928 1100 3143 1163 Graeca
3173 1102 3546 1183 fragmenta,
3571 1126 3728 1188 quo-

410 1199 561 1242 rum
597 1189 820 1262 postea
846 1177 1174 1250 veritatem
1203 1188 1481 1248 Joannes
1516 1189 1914 1253 Caasariensis
1942 1193 2357 1256 conﬁrmavit.

494 1285 728 1346 Partes
757 1290 1195 1350 commentarii
1230 1289 1296 1349 in
1331 1291 1577 1352 Cantia.
1610 1293 2444 1364 Salomonis.—N0tissima
2505 1309 2567 1364 et
2615 1304 2986 1368 universalis
3035 1309 3140 1369 SS.
3199 1311 3449 1374 Patrum
3507 1317 3722 1394 regula

409 1393 533 1461 est,
569 1389 892 1471 canticum
931 1391 1291 1454 Salomonis
1320 1394 1579 1456 nonnisi
1614 1396 1880 1477 spiritali
1917 1417 2104 1462 sensu
2137 1401 2216 1464 de
2267 1402 2511 1469 Christo
2558 1408 2820 1489 ejusque
2870 1408 3146 1473 Ecclesia
3178 1427 3315 1474 esse
3361 1414 3719 1493 intelligen-

408 1488 613 1552 dum:
651 1494 1068 1572 quamobrem
1100 1496 1271 1574 gravi
1299 1498 1808 1579 reprehensione
1854 1503 2030 1583 digni
2067 1515 2237 1584 sunt,
2271 1510 2639 1593 quicunque
2681 1514 2759 1577 ab
2803 1513 2921 1577 hac
2973 1515 3416 1582 decentissima
3465 1522 3719 1584 Patrum

408 1597 712 1660 omnium
745 1616 970 1664 norma
1001 1602 1332 1668 discedere
1360 1607 1620 1672 audent.
1659 1610 1824 1674 Ecce
1857 1618 2070 1676 autem
2099 1623 2161 1678 et
2193 1617 2458 1696 Cyrillus
2488 1627 2704 1682 noster
2733 1620 2799 1683 in
2829 1637 2907 1684 eo
2941 1621 3342 1703 explanando
3393 1628 3646 1690 cantico
3685 1649 3721 1693 a

407 1701 566 1763 trito
593 1702 1002 1786 solemnique
1029 1708 1332 1774 Ecclesia;
1366 1731 1548 1778 more
1576 1734 1708 1780 non
1739 1718 2049 1784 declinat:
2083 1723 2262 1804 cujus
2287 1741 2407 1803 ego
2438 1725 2751 1807 deperditi
2780 1730 3219 1793 commentarii
3247 1750 3390 1795 cum
3421 1740 3566 1796 ante
3602 1734 3722 1798 hos

403 1821 620 1866 annos
649 1803 1002 1886 fragmenta
1031 1811 1248 1875 Graece
1277 1819 1523 1878 tantum
1553 1818 1862 1882 ediderim
1889 1821 1956 1884 in
1987 1823 2284 1904 Procopii
2318 1803 2542 1889 catena
2579 1823 2735 1907 (AA.
2768 1827 2952 1890 class.
2993 1837 3038 1892 t.
3081 1831 3210 1908 IX),
3260 1850 3432 1897 nunc
3490 1835 3723 1900 collato

405 1923 637 1969 rursus
667 1907 806 1969 Vat.
842 1908 1090 1985 codice,
1125 1920 1188 1974 et
1219 1915 1432 1980 addita
1468 1919 1831 1997 Latinitate,
1864 1922 1932 1984 in
1968 1921 2088 1986 hac
2121 1924 2332 2004 Cyrilli
2367 1926 2824 1990 anecdotorum
2870 1933 3168 2011 congerie
3217 1937 3554 2000 commode
3603 1956 3715 2002 ex-

401 2010 629 2073 hibeo.
684 2012 910 2091 Neque
950 2013 1019 2075 in
1057 2014 1156 2078 his
1189 2019 1421 2084 desunt
1472 2023 1826 2103 singulares
1867 2026 2114 2108 aliquot
2165 2030 2327 2094 sacri
2367 2037 2576 2094 textus
2611 2031 2956 2112 lectiones,
3005 2044 3240 2118 praeter
3286 2041 3582 2106 eximiam
3612 2062 3721 2108 au-

403 2111 610 2173 ctoris
643 2112 972 2192 pietatem,
1009 2119 1069 2176 et
1104 2116 1182 2178 de
1216 2120 1419 2182 sancti
1451 2119 1809 2188 chrismatis
1837 2134 2244 2221 saeramento
2262 2131 2698 2194 testimonium
2731 2135 2830 2214 (ad
2857 2111 3026 2197 vers:
3057 2136 3126 2198 12
3159 2133 3381 2219 capitis
3423 2141 3550 2221 IV).
3605 2144 3722 2205 His

400 2228 528 2289 ego
569 2213 1018 2276 commentarii
1052 2220 1337 2296 partibus
1371 2223 1707 2303 Cyrilliana
1745 2227 2030 2308 quinque
2084 2226 2204 2292 alia
2229 2210 2472 2294 °diversi
2518 2235 2872 2312 argumenti
2929 2236 3278 2316 fragmenta
3325 2241 3718 2308 subtexenda

398 2314 652 2376 curavi.

483 2421 735 2482 Contra
770 2422 1123 2486 Iulianum.
1158 2423 1475 2486 Adrersus
1497 2427 1861 2489 Eunuchos.
1895 2431 1983 2490 De
2014 2431 2371 2514 Synagoga:
2400 2434 2694 2515 repudio.
2731 2438 3112 2518 Fragmenta
3140 2437 3335 2500 multa
3361 2424 3716 2504 minora—'—

395 2524 491 2585 ΝΕ
526 2524 782 2587 minora
812 2527 1074 2607 quidem
1114 2532 1325 2612 Cyrilli
1354 2533 1730 2613 fragmenta,
1773 2544 2092 2618 quotquot
2124 2539 2290 2602 inter
2320 2541 2486 2605 edita
2513 2561 2548 2607 a
2581 2560 2682 2606 me
2713 2544 2969 2625 scripta,
3001 2545 3093 2608 vel
3127 2546 3192 2608 in
3223 2547 3550 2611 codicibus
3600 2568 3714 2612 ex-

394 2631 725 2705 stiterunt,
762 2633 1040 2712 neglexi.
1066 2638 1285 2717 Itaque
1318 2641 1523 2721 primo
1547 2643 1939 2722 undeviginti
1969 2646 2305 2726 particulas
2325 2651 2567 2731 sumpsi
2589 2652 2816 2733 partim
2847 2669 2924 2714 ex
2949 2649 3168 2716 codice
3199 2651 3496 2716 Vaticano
3535 2651 3710 2730 1431,

393 2733 631 2812 partim
669 2750 748 2794 ex
787 2735 1217 2815 Columnensi,
1248 2748 1308 2803 et
1347 2759 1424 2804 ex
1459 2745 1620 2807 meis
1649 2747 1914 2809 Leontio
1944 2754 2135 2828 atque
2171 2752 2520 2814 Anastasio.
2555 2754 2794 2816 Deinde
2825 2753 2981 2815 alias
3027 2754 3187 2815 XXV
3241 2753 3581 2840 particulas
3635 2774 3711 2816 ex

394 2836 766 2917 deperditis
793 2840 1097 2904 adversus
1124 2846 1442 2910 Julianum
1470 2848 1670 2924 libris,
1704 2867 1738 2913 a
1765 2852 2009 2913 Joanne
2043 2853 2360 2933 eclogario
2400 2856 2639 2933 citatas,
2680 2863 2749 2920 ut
2777 2857 2842 2919 in
2875 2857 3122 2920 Monito
3162 2857 3412 2920 dicitur.
3457 2859 3710 2936 Insigne

391 2954 625 3022 postea
658 2945 876 3024 magni
912 2945 1124 3025 Cyrilli
1153 2947 1324 3028 apud
1357 2966 1473 3012 nos
1505 2960 1907 3030 segmentum
1936 2959 2032 3016 est
2063 2954 2368 3016 adversus
2403 2959 2733 3033 eunuchos,
2767 2958 2844 3020 de
2876 2975 3005 3040 quo
3033 2958 3100 3020 in
3127 2959 3376 3021 Monito
3407 2959 3597 3021 verba
3623 2958 3712 3020 fa-

392 3045 603 3107 cimus
629 3061 647 3118 ;
684 3063 805 3108 nec
840 3064 973 3109 non
1003 3047 1082 3111 de
1100 3049 1376 3130 junioris
1424 3053 1778 3133 specimine
1810 3045 1982 3135 quod
2013 3056 2320 3135 sequitur.
2352 3059 2683 3120 Postremo
2715 3059 3138 3138 fragmentum
3180 3077 3257 3121 ex
3284 3060 3444 3123 libro
3475 3060 3548 3120 de
3585 3061 3707 3136 Sy-

392 3163 663 3224 nagogw
683 3148 980 3225 repudio,
1011 3148 1090 3211 de
1121 3167 1250 3230 quo
1283 3152 1571 3216 etiamin
1621 3155 1868 3218 Monito
1900 3172 2015 3218 suo
2067 3155 2237 3220 loco.
2288 3162 2492 3240 Atque
2545 3157 2682 3222 haec
2739 3161 2950 3223 omnia
3003 3162 3235 3223 Latinae
3285 3161 3710 3225 translationis

400 3246 856 3310 commoditate
896 3247 1022 3311 frui
1052 3249 1388 3315 voluimus.

869 3580 1413 3670 EJUSDEM
1515 3581 2165 3676 PREFATIO
2267 3585 2418 3671 AD
2519 3540 3240 3676 TOMUM'III.

461 3778 515 3840 Ι.
559 3777 844 3856 Cyrillus
883 3779 1178 3858 quaesitus
1228 3778 1297 3838 in
1347 3779 1585 3839 catenis
1627 3779 1865 3842 Veteris
1902 3771 2714 3844 ’Testamentim—A’lterum
2750 3779 2875 3843 hoc
2917 3783 3210 3862 procedit
3241 3787 3699 3851 anecdotorum

375 3881 444 3943 S.
470 3880 692 3962 Cyrilli
721 3879 1126 3941 Alexandrini
1158 3878 1537 3960 scriptorum
1576 3881 1899 3957 volumen,
1932 3882 2109 3962 cujus
2131 3884 2417 3945 Graecum
2443 3888 2680 3946 textum
2705 3900 2782 3945 ex
2807 3883 3135 3947 codicibus
3159 3883 3506 3964 hausimus,
3530 3891 3698 3953 Lati-

289 3979 304 3991 ⁸
375 4000 534 4044 nam
569 3997 724 4043 vero
755 3979 1348 4059 interpretationem
1384 3979 1681 4044 festinato
1727 3981 1938 4044 studio
1982 3983 2225 4062 publici
2265 4001 2422 4046 usus
2459 3984 2656 4063 gratia
2693 3982 2992 4059 fecimus;
3030 3991 3092 4046 et
3135 4003 3329 4066 parco
3375 3988 3543 4064 licet,
3584 3993 3697 4054 sed

373 4091 603 4146 tamen
651 4081 746 4144 rei
786 4081 1141 4162 praesertim
1172 4079 1546 4158 dogmaticaa
1578 4081 1814 4145 idoneo
1856 4083 2340 4147 adnotationum
2378 4085 2680 4146 comitatu
2709 4084 3096 4164 stipavimus.
3125 4087 3366 4147 Nostrae
3397 4088 3587 4166 igitur
3614 4093 3698 4154 ob

373 4183 831 4264 vestigandum
876 4182 1177 4263 Cyrillum
1201 4199 1369 4244 cura:
1399 4181 1477 4245 ad
1518 4182 1788 4246 ineditas
1813 4185 2068 4246 Patrum
2099 4190 2351 4246 catenas
2392 4184 2716 4265 praecipue
2745 4190 3186 4264 respexerunt.
3221 4185 3341 4247 Sed
3372 4186 3435 4248 in
3467 4206 3693 4252 manu-

372 4289 640 4369 scriptis
677 4287 942 4368 quidem
981 4287 1060 4350 ad
1109 4287 1567 4350 Octoteuchum
1617 4293 1679 4351 et
1726 4287 2064 4352 historicos
2111 4290 2218 4350 SS.
2253 4287 2598 4351 Bibliorum
2630 4287 2828 4351 libros
2863 4291 3356 4366 commentariis,
3394 4294 3692 4372 Cyrillum

373 4390 806 4471 qumrendum
843 4389 944 4450 vix
986 4389 1374 4470 putavimus;
1415 4389 1562 4470 quia
1613 4396 2034 4471 praeterquam
2068 4391 2243 4471 quod
2276 4391 2353 4454 ad
2383 4390 2885 4454 Pentateuchum
2927 4389 3253 4472 Glaphyro
3284 4394 3495 4472 Cyrilli
3525 4397 3694 4460 edita

374 4499 672 4568 exstant,
713 4493 977 4573 copiosa
1030 4492 1296 4572 insuper
1337 4490 1584 4571 vulgata
1628 4491 1746 4553 fuit
1782 4493 2111 4572 superiore
2158 4493 2394 4556 saeculo
2439 4492 2876 4574 Lipsiensibus
2929 4493 3096 4574 typis
3135 4493 3388 4557 Patrum
3436 4505 3689 4574 catena,

371 4613 529 4679 qua;
555 4595 857 4677 Cyrillum
875 4612 1158 4676 quoque,
1182 4593 1448 4675 perinde
1478 4602 1548 4656 ut
1563 4601 1658 4657 est
1677 4595 1744 4657 in
1762 4597 2079 4660 Vaticanis
2109 4597 2369 4673 catenis,
2389 4597 2672 4660 continet
2688 4593 2804 4678 (a).
2833 4599 3214 4661 Attamenad
3237 4600 3430 4663 libros
3443 4603 3688 4681 Regum

371 4699 708 4778 egregiam
756 4697 1076 4779 planeque
1111 4687 1420 4760 diversam
1450 4698 1703 4760 Patrum
1733 4704 2019 4761 catenam
2046 4698 2328 4762 Venetiis
2375 4716 2494 4761 nos
2533 4698 2601 4760 in
2645 4699 3038 4761 Bessarionis
3089 4701 3423 4764 cardinalis
3469 4705 3688 4768 codice

367 4819 510 4863 non
545 4800 1022 4864 observavimus
1051 4799 1281 4875 solum,
1311 4814 1528 4860 verum
1569 4799 1755 4860 etiam
1789 4799 2099 4879 quidquid
2144 4804 2278 4862 erat
2313 4797 2525 4878 Cyrilli
2551 4797 2861 4860 ineditum
2904 4815 3096 4860 manu
3142 4807 3354 4862 nostra
3391 4801 3541 4865 inde
3573 4822 3686 4866 ex-

363 4902 780 4983 scripsimus,
808 4908 1000 4982 atque
1029 4900 1155 4964 hoc
1181 4900 1505 4964 volumine
1535 4900 1928 4963 inclusimus.
1963 4901 2053 4962 Ad
2083 4902 2313 4964 Jobum
2346 4900 2673 4981 scripsisse
2703 4899 3002 4980 Cyrillum
3032 4907 3310 4978 constat;
3341 4908 3686 4986 caeteroqui

361 5002 436 5062 in
486 5003 812 5066 Vaticanis
849 5003 1179 5066 codicibus
1231 5001 1390 5064 nihil
1439 5008 1670 5083 praeter
1715 5001 1911 5076 illam,
1959 5020 2146 5083 quam
2195 5003 2419 5065 Junius
2472 5001 2692 5075 edidit,
2739 5008 3025 5064 catenam
3074 5002 3303 5083 reperi.
3351 5003 3438 5066 De
3474 5005 3686 5085 Cyrilli

361 5103 726 5184 peramplis
769 5104 840 5164 in
897 5103 1182 5166 Psalmos
1228 5102 1699 5165 commentariis
1750 5101 1914 5164 infra
1963 5102 2191 5166 dicam.
2229 5104 2318 5167 Ad
2371 5103 2707 5166 Proverbia
2754 5103 3114 5215 vix‘unum~
3140 5103 3426 5215 comperi
3473 5105 3685 5185 Cyrilli

354 5206 840 5285 fragmentum;
875 5205 1025 5267 nihil
1061 5210 1274 5268 autem
1303 5203 1380 5267 ad
1411 5203 1853 5268 Ecclesiasten.
1887 5205 1978 5267 Ad
2017 5205 2353 5269 duodecim
2385 5207 2666 5269 minores
2695 5203 3043 5286 pr0phetas
3073 5203 3284 5285 Cyrilli
3329 5222 3498 5268 curae
3529 5214 3683 5270 aeta-

355 5319 493 5374 tem
525 5310 845 5385 tulerunt;
879 5311 1032 5374 item
1069 5310 1147 5373 ad
1181 5309 1405 5372 Isaiam
1440 5327 1452 5370 :
1487 5309 1683 5372 multa
1713 5327 1863 5372 vero
1916 5310 2134 5391 Cyrilli
2182 5312 2260 5374 ad
2298 5311 2633 5375 Jeremiam
2673 5308 3022 5388 fragmenta
3061 5305 3337 5385 vulgavit
3362 5307 3429 5370 in
3461 5315 3683 5373 catena

353 5415 745 5478 Ghislerius.
798 5413 889 5475 Ad
943 5411 1339 5476 Ezechielem
1389 5411 1482 5472 vix
1525 5419 1670 5474 octo
1726 5413 1950 5493 exigua
2001 5412 2212 5494 Cyrilli
2247 5412 2600 5492 fragmenta
2646 5410 2942 5474 Vaticana
2990 5415 3232 5485 catena,
3291 5412 3682 5492 caeteroquin

349 5521 619 5600 ingens,
654 5520 845 5582 nobis
893 5518 1152 5593 obtulit;
1186 5523 1246 5580 et
1273 5516 1349 5579 ad
1383 5517 1706 5580 Danielem
1753 5519 1891 5582 tria.
1932 5520 2231 5599 Cyrillum
2277 5521 2344 5582 in
2381 5518 2784 5613 Ezechieleml
2831 5516 3182 5598 scripsisse,
3217 5523 3387 5580 extra
3422 5535 3680 5582 omnem

351 5625 833 5688 dubitationem
881 5629 975 5686 est
1011 5641 1023 5683 :
1063 5641 1208 5684 nam
1244 5627 1472 5703 praeter
1517 5629 1770 5703 reperta
1819 5641 1852 5685 a
1903 5623 2086 5686 nobis
2133 5623 2485 5702 fragmenta
2515 5623 2580 5684 in
2627 5622 2889 5698 catenis,
2923 5619 3264 5683 Bandinius
3296 5619 3499 5684 Catat.
3535 5616 3676 5683 cod.

424 5771 506 5843 (α)
545 5769 757 5827 Catena
785 5769 1116 5842 Lipsiensis,
1152 5781 1276 5840 post
1306 5769 1622 5841 diligentem
1646 5787 1769 5830 eum
1803 5771 1963 5829 editis
1989 5772 2337 5829 collationem
2366 5770 2587 5837 factam,
2625 5771 2761 5827 nihil
2805 5772 2963 5828 nobis
2989 5770 3250 5896 inedliztgxlm
3280 5767 3674 5894 sltqigeditavit.

3733 3540 3743 3612 ἱ
