4172 6452
517 371 619 428 105
1861 365 2064 426 CARI).
2111 370 2268 426 ANG.
2312 365 2430 424 MAI
3697 363 3803 417 NH

515 497 622 558 Gr.
668 495 992 570 Laurent,
1045 497 1089 554 t.
1139 493 1188 566 Ι,
1218 508 1282 572 p.
1337 487 1470 564 119,
1527 488 1655 550 duo
1700 487 1820 550 alia
1874 489 2202 569 perbrevia
2235 489 2302 550 in
2335 485 2555 549 codice
2599 481 2883 544 miscello
2926 481 3257 552 memorat,
3312 492 3456 558 qum
3493 492 3529 539 a
3571 477 3805 538 nostris

511 601 756 664 diversa
807 605 974 662 sunt.
1026 597 1186 672 Quid
1242 592 1461 677 plura?
1490 596 1617 656 Leo
1665 593 1926 656 Allatius
1953 595 2022 656 in
2051 593 2458 666 Enchiridio,
2491 609 2556 671 p.
2595 588 2692 663 38,
2739 594 2819 650 ut.
2855 586 3144 648 ostendat
3179 583 3480 664 Spiritum
3518 590 3804 647 sanctum

512 718 651 765 esse
699 702 988 782 spiritum
1028 698 1188 772 Filii,
1221 697 1368 760 citat
1408 694 1619 775 Cyrilli
1660 695 2159 775 explanationem

2158 714 2171 756 ι
2216 695 2283 756 in
2317 690 2713 755 Ezechielem
2742 687 2840 759 τὴν
2867 683 3138 760 ἐξήγησιν
3169 686 3266 741 τοῦ
3299 687 3573 758 Κυρίλλου
3602 690 3682 753 εἰς
3711 691 3805 743 τὸν

523 805 804 876 Ἰεζεκιὴλ.
836 803 986 866 Mihi
1015 808 1228 864 tamen
1257 798 1609 880 pretiosum
1641 795 1765 859 hoc
1795 813 2169 878 summeque
2197 795 2548 876 optandum
2577 791 2790 874 Cyrilli
2821 792 3124 873 scriptum
3165 809 3477 871 nusquam
3508 808 3804 872 comper-

508 915 642 971 tum
677 916 791 970 est.
837 906 1107 969 Felicior
1134 905 1202 966 in
1232 903 1486 966 Cantico
1516 901 1873 964 Salomonis
1915 901 2031 978 fui,
2082 900 2160 963 ad
2193 917 2384 980 quem
2430 899 2663 961 librum
2713 914 2845 958 non
2874 895 2960 958 ita
3003 911 3238 976 paucas
3265 893 3476 974 Cyrilli
3508 893 3806 973 reliquias

509 1012 837 1090 superiore
867 1005 1190 1072 volumine
1227 1004 1598 1084 complexus
1627 1021 1790 1065 sum.
1827 1003 2003 1066 Mitto
2032 1003 2228 1065 libros
2271 998 2884 1064 deuterocanonicos
2913 996 3152 1073 Tobiae,
3185 996 3548 1078 Sapientiae,
3578 993 3804 1058 Eccle-

509 1111 741 1174 siastici
786 1117 847 1173 et
899 1109 1430 1182 Machabaeorum,
1470 1123 1634 1186 quos
1680 1106 1867 1183 prisci
1915 1107 2131 1168 Patres
2160 1103 2327 1168 curis
2359 1105 2489 1166 suis
2535 1119 2676 1166 raro
2723 1106 2831 1163 aut
2865 1101 2967 1161 vix
2992 1101 3333 1179 attigerunt
3382 1117 3395 1161 :
3440 1115 3807 1179 quanquam

507 1210 893 1291 Sapientiam
947 1213 1118 1270 certe
1175 1213 1366 1286 atque
1422 1204 1931 1267 Ecclesiasticum
1985 1202 2250 1282 Cyrillus
2288 1209 2506 1265 noster
2554 1217 2673 1263 ceu
2717 1199 2959 1262 divinas
3013 1198 3365 1278 Scripturas
3419 1215 3549 1260 non
3609 1199 3806 1260 semel

507 1311 721 1376 laudat
746 1331 758 1372 :
782 1308 1120 1391 Sapientiae
1145 1313 1353 1370 autem
1379 1306 1542 1368 libro
1567 1305 1740 1384 regia
1769 1297 1993 1368 manus
2019 1305 2293 1368 Matthaai
2316 1302 2730 1366 Cantacuzeni
2757 1302 3046 1364 Graecum
3074 1300 3601 1364 commentarium
3630 1297 3808 1362 addi-

507 1413 622 1489 dit,
649 1414 830 1494 cujus
861 1428 980 1474 nos
1009 1414 1305 1489 excerpta
1333 1408 1400 1469 in
1436 1406 1560 1470 alio
1593 1406 1912 1469 volumine
1943 1406 2111 1469 inter
2145 1406 2386 1469 scholia
2417 1405 2494 1468 ad
2526 1403 2958 1484 Nicephorum
2988 1402 3256 1484 sparsim
3291 1401 3604 1464 dedimus.

585 1515 662 1574 II.
704 1516 864 1575 Item
903 1513 972 1574 in
1010 1512 1247 1573 catenis
1277 1509 1442 1572 Novi
1480 1510 2121 1571 Testamenti.—Jam
2155 1509 2223 1571 in
2260 1511 2438 1571 Novo
2474 1510 2903 1583 Testamento,
2937 1506 3015 1569 ad
3043 1504 3402 1568 Matthreum
3436 1505 3695 1585 quidem
3729 1521 3808 1567 ex

508 1615 736 1696 amplis
764 1616 874 1696 qui
908 1614 1237 1695 perierunt
1276 1611 1484 1693 Cyrilli
1511 1612 1899 1689 tractatibus,
1930 1613 2270 1677 mediocris
2318 1613 2815 1692 fragmentorum
2863 1628 3164 1674 numerus
3193 1610 3260 1672 in
3287 1610 3533 1672 Possini
3565 1616 3627 1672 et
3652 1612 3804 1672 Cor-

509 1720 668 1782 derii
697 1721 935 1782 catenis
963 1719 1192 1798 legitur
1222 1736 1234 1779 :
1269 1717 1381 1780 sed
1429 1723 1640 1780 tamen
1680 1735 1799 1798 ego
1850 1736 2110 1799 quoque
2159 1735 2672 1782 coacervaveram
2707 1734 2872 1781 nova
2907 1716 3114 1788 Cyrilli
3146 1715 3495 1795 fragmenta
3533 1733 3609 1778 ex
3633 1716 3805 1778 Vati-

508 1826 683 1887 canis
711 1824 1060 1900 codicibus,
1095 1843 1167 1888 ac
1212 1841 1377 1906 pene
1406 1824 1850 1903 impresseram
1869 1842 1884 1899 ;
1917 1825 2028 1887 sed
2055 1831 2314 1905 accepta
2344 1824 2600 1887 interim
2627 1825 2970 1887 Oxoniensi
2997 1823 3074 1885 cl.
3106 1823 3162 1884 J.
3191 1826 3259 1884 A.
3295 1821 3563 1884 Crameri
3592 1822 3808 1881 Graeca

507 1934 750 2001 catena,
794 1927 1057 1989 multum
1092 1944 1170 1989 ex
1208 1925 1522 1988 Vaticanis
1552 1926 1870 2002 deminui;
1908 1927 1991 1989 ita
2039 1934 2251 1990 tamen
2284 1933 2357 2016 ut
2400 1927 2750 2011 fragmenta
2779 1945 2968 2008 supra
2996 1926 3216 2006 viginti
3245 1924 3400 1987 mihi
3429 1923 3635 1986 adhuc
3664 1921 3805 1983 ine-

509 2029 636 2090 dita
669 2028 1095 2110 superfuerint
1125 2026 1234 2110 (α).
1267 2027 1648 2108 Conquisitis
1682 2029 1864 2090 novis
1899 2029 1964 2090 in
1991 2029 2349 2090 Mattbaeum
2381 2029 2593 2109 Cyrilli
2624 2029 2929 2110 reliquiis,
2967 2028 3046 2090 de
3076 2025 3531 2091 commentario
3565 2025 3700 2106 ejus
3729 2023 3808 2086 ad
3895 2035 3902 2040 '

507 2134 783 2194 Marcum
815 2130 1217 2209 cogitandum
1245 2150 1280 2194 a
1311 2147 1414 2193 me
1447 2148 1585 2195 esse
1617 2149 1746 2195 non
1768 2132 2043 2213 judicavi
2061 2151 2078 2208 ;
2111 2133 2259 2213 quia
2295 2134 2363 2196 in
2393 2150 2494 2208 eo,
2528 2151 2716 2215 quem
2749 2133 2901 2197 olim
2929 2132 3229 2196 Possinus
3257 2131 3425 2212 typis
3451 2127 3808 2192 Barberinis

507 2237 727 2298 Romae
765 2236 1042 2312 excudit,
1072 2236 1288 2300 Victor
1318 2236 1753 2301 Antiochenus
1784 2237 1876 2320 (ut
1905 2245 2073 2302 certe
2109 2238 2496 2323 inscribitur)
2529 2246 2750 2304 auctor
2783 2239 2868 2302 ait
2903 2237 3224 2302 neminem
3263 2240 3493 2317 praeter
3532 2251 3599 2297 se
3627 2250 3806 2296 com-

505 2341 850 2403 mentarios
884 2342 951 2402 in
981 2343 1258 2403 Marcum
1290 2342 1643 2423 scripsisse.
1679 2344 1922 2407 Revera
1954 2350 2163 2407 autem
2201 2363 2283 2408 ne
2311 2346 2376 2408 in
2414 2345 2729 2409 Vaticanis
2775 2344 3035 2426 quidem
3077 2343 3405 2407 codicibus
3439 2342 3654 2403 Graeca
3682 2339 3810 2401 ulla

505 2443 697 2505 Marci
731 2442 1090 2523 explanatio
1125 2442 1378 2522 legitur,
1412 2451 1643 2525 praeter
1681 2446 1855 2510 illam
1896 2465 2088 2527 quam
2127 2449 2245 2512 sub
2281 2448 2552 2512 Victoris
2579 2447 2840 2510 nomine
2871 2446 3102 2509 editam
3140 2444 3270 2507 dixi
3309 2462 3322 2504 :
3357 2459 3500 2523 quae
3539 2448 3807 2506 caetero-

507 2544 619 2625 qui
643 2543 843 2606 multo
867 2543 1190 2624 copiosior
1207 2544 1365 2607 mihi
1385 2547 1759 2630 variansque
1783 2551 2153 2613 occurrebat
2174 2551 2240 2613 in
2265 2550 2484 2614 codice
2499 2551 2637 2614 Vat.
2658 2549 2799 2626 756,
2827 2567 2947 2613 nec
2970 2567 3100 2612 non
3129 2549 3196 2611 in
3219 2548 3642 2612 Ottoboniano
3671 2545 3804 2621 113,

507 2664 638 2729 quo
674 2646 743 2709 in
779 2653 1055 2728 utroque
1103 2649 1453 2729 exemplari
1481 2669 1611 2715 non
1654 2652 1892 2717 Victori
1936 2654 2001 2716 id
2040 2672 2204 2737 Opus
2232 2656 2552 2731 tribuitur,
2587 2655 2698 2719 sed
2727 2655 3001 2736 Origeni.
3033 2655 3156 2718 Sed
3203 2661 3416 2718 tamen
3443 2654 3509 2715 in
3542 2651 3805 2714 Ottobo-

507 2749 700 2811 niano
732 2747 902 2810 alius.
921 2753 1181 2828 quoque
1214 2748 1577 2813 nominatur
1605 2751 1789 2832 hujus
1821 2752 2040 2835 scripti
2063 2763 2283 2820 auctor
2314 2757 2616 2820 Leontius
2643 2757 2902 2823 IEtolus.
2932 2758 3181 2820 Etenim
3221 2757 3332 2820 fol.
3367 2757 3464 2834 49,
3503 2756 3613 2822 ubi
3645 2774 3808 2838 Opus

506 2849 754 2932 incipit,
786 2851 868 2913 ita
900 2868 967 2913 se
997 2850 1188 2914 habet
1214 2852 1433 2916 titulus
1462 2871 1478 2916 :
1523 2856 1834 2928 Ὠριγένους
1865 2859 2153 2932 πρόλογοςι

2154 2863 2227 2927 εἰς
2251 2861 2352 2934 τὴν
2383 2861 2684 2936 ἑρμηνείαν
2706 2863 2802 2916 τοῦ
2829 2861 2970 2917 κατὰ
2999 2863 3224 2936 Μάρκον
3254 2863 3410 2933 ἁγίου
3443 2863 3801 2933 Εὐαγγελίου.

507 2953 668 3013 Tum
705 2952 770 3013 in
807 2951 1090 3030 margine
1119 2953 1454 3016 ascribitur
1485 2972 1499 3016 :
1548 2956 1811 3032 Ἀλλαχοῦ
1840 2961 2095 3016 Λεοντίου
2127 2963 2154 3018 d

2156 2963 2240 3017 ιπδ
2269 2963 2368 3035 τῆς
2401 2963 2689 3026 Αἰτωλίας.
2720 2965 2884 3026 Ecce
2912 2968 3119 3027 autem
3153 2961 3234 3024 cl.
3281 2961 3524 3042 Anglus
3552 2962 3803 3024 Crame-

511 3077 618 3121 rus
650 3059 716 3121 in
745 3060 994 3123 duobus
1018 3077 1226 3142 nuper
1251 3061 1581 3126 Parisiacis
1618 3065 1966 3143 codicibus,
2005 3087 2124 3134 nec
2154 3088 2286 3133 non
2314 3071 2383 3134 in
2408 3070 2781 3147 Bodleiano,
2811 3069 2982 3133 hunc
3010 3069 3076 3130 in
3105 3071 3382 3134 Marcum
3413 3075 3805 3133 commenta-

509 3160 672 3222 rium
718 3159 930 3240 Cyrilli
967 3159 1373 3224 Alexandrini
1409 3164 1671 3227 nomine
1704 3169 2152 3248 praetitulatum
2193 3173 2565 3248 observavit,
2606 3181 2668 3236 et
2715 3173 2780 3236 in
2828 3191 2939 3236 sua
2985 3177 3343 3236 catenarum
3393 3170 3555 3233 serie
3591 3171 3808 3235 Graece

509 3278 653 3324 cum
701 3260 1144 3324 additamentis
1190 3261 1479 3339 exhibuit
1511 3281 1526 3325 :
1559 3265 1770 3348 deque
1803 3286 1880 3332 eo
1911 3269 2093 3334 titulo
2123 3272 2255 3335 sive
2291 3282 2550 3337 auctore
2587 3275 2870 3337 modeste
2900 3293 2972 3338 ac
3001 3274 3187 3336 docte
3223 3273 3290 3334 in
3321 3290 3451 3335 suae
3484 3271 3807 3353 praefatio-

509 3361 608 3422 nis
636 3359 808 3422 calce
839 3359 1163 3422 disseruit.
1192 3360 1663 3427 Verumtamem
1691 3365 1830 3429 haec
1859 3385 1978 3430 nos
2017 3367 2318 3433 historice
2349 3378 2592 3434 tantum
2624 3390 2982 3449 narramus;
3015 3391 3227 3455 neque
3257 3374 3427 3437 enim
3455 3376 3619 3437 inter
3647 3393 3808 3455 qua-

508 3469 656 3525 tuor
699 3462 835 3524 haec
881 3461 1165 3537 nomina,
1213 3461 1531 3540 Origenis,
1567 3465 1802 3544 Cyrilli,
1850 3468 2120 3532 Victoris
2150 3476 2339 3550 atque
2397 3473 2664 3550 Leontii,
2715 3474 3123 3556 interponere
3172 3481 3456 3538 nostrum
3497 3475 3810 3556 judicium

508 3563 822 3628 volumus.
865 3567 1237 3646 Quanquam
1271 3567 1323 3629 si
1356 3584 1427 3628 ea
1463 3569 1676 3647 potius
1711 3587 1791 3632 ex
1837 3570 2098 3636 diversis
2143 3575 2432 3638 Patribus
2463 3581 2687 3640 catena
2733 3586 2858 3653 est,
2895 3586 2964 3640 ut
3009 3580 3158 3642 satis
3203 3587 3491 3643 constare
3525 3583 3808 3659 videtur,

511 3689 705 3752 quam
749 3672 940 3733 unius
989 3671 1264 3734 hominis
1311 3672 1689 3750 lucubratio,
1725 3695 1916 3740 nemo
1953 3679 2088 3759 jam
2138 3681 2469 3746 mirabitur
2503 3686 2744 3752 variare
2796 3686 2863 3748 in
2897 3685 3092 3754 titulis
3141 3689 3400 3751 nomina
3452 3696 3807 3754 auctorum.

509 3776 678 3838 Nihil
730 3794 849 3839 nos
893 3777 1085 3855 igitur
1121 3778 1333 3858 Cyrilli
1379 3780 1457 3842 ad
1495 3782 1687 3844 Marci
1717 3785 2130 3862 Evangelium
2179 3789 2592 3870 proferimus;
2627 3792 3151 3874 quandoquidem
3188 3812 3331 3874 quae
3378 3795 3444 3857 in
3483 3795 3809 3860 codicibus

508 3876 827 3939 Vaticanis
877 3877 1264 3942 incrementa
1306 3886 1516 3957 erant,
1552 3899 1626 3945 ea
1669 3901 1880 3965 neque
1910 3888 2121 3967 Cyrilli
2172 3907 2408 3954 nomen
2455 3901 2713 3973 gerunt,
2763 3912 2974 3976 neque
3019 3895 3150 3975 jam
3193 3903 3336 3975 post
3385 3896 3808 3968 Oxoniensem

509 3979 741 4081 librum
781 3980 1102 4064 incognita
1137 3989 1306 4045 sunt.
1339 3985 1460 4047 Sed
1493 4003 1641 4049 ecce
1688 3988 1946 4052 demum
1976 3994 2186 4074 Cyrilli
2217 3999 2488 4074 grandes
2523 4006 2583 4062 et
2612 4000 2905 4062 indubias
2933 3999 3009 4062 ad
3041 4003 3270 4063 Lucam
3310 4001 3806 4081 lucubrationes,

509 4079 575 4193 in
607 4081 937 4193 superiore
973 4083 1296 4148 volumine
1344 4105 1461 4193 nos
1492 4089 1624 4193 ipsi
1646 4093 1983 4159 edidimus.
2030 4101 2121 4163 Ad
2149 4103 2410 4168 Joannis
2437 4105 2842 4184 Evangelium
2873 4111 3073 4168 exstat
3102 4125 3370 4186 magnus
3406 4109 3615 4190 Cyrilli
3643 4079 3807 4179 duo?

509 4181 714 4244 decim
748 4181 924 4244 libris
954 4187 1480 4264 commentarius;
1516 4190 1629 4252 sed
1659 4192 1806 4272 quia
1836 4197 2091 4276 septimi
2121 4205 2182 4261 et
2220 4201 2423 4266 octavi
2452 4201 2597 4265 libri
2620 4181 2870 4278 lacuna,
2911 4205 3166 4270 nonnisi
3197 4181 3321 4287 ope
3347 4181 3584 4278 catenae
3613 4212 3806 4280 Galli-

511 4303 686 4370 canae
735 4287 1359 4395 expletautcunque
1387 4293 1616 4372 fuerat,
1664 4298 1785 4361 alia
1838 4302 1995 4368 mihi
2048 4303 2491 4386 supplementa
2536 4309 2790 4372 inventa
2848 4316 3011 4385 sunt,
3057 4329 3199 4392 quae
3239 4330 3450 4395 neque
3496 4317 3808 4384 Aubertus

510 4406 724 4496 neque
761 4389 1094 4496 Corderius
1138 4393 1206 4455 in
1249 4399 1564 4478 excerptis
1596 4400 1978 4478 habuerunt,
2011 4411 2072 4466 et
2110 4408 2484 4487 praedictum
2517 4410 2966 4473 detrimentum
3012 4389 3448 4479 minuunt—Ad
3478 4416 3807 4496 apostolo-

510 4509 653 4552 rum
682 4493 868 4554 Actus
903 4491 1259 4572 fragmenta
1303 4497 1516 4578 Cyrilli
1549 4517 1915 4578 paraveram
1961 4509 2330 4574 (Ecumenio
2361 4511 2715 4590 incognita;
2758 4512 2868 4574 sed
2913 4529 2986 4574 ea
3024 4512 3281 4580 demum
3329 4491 3539 4594 omisi,
3581 4526 3810 4599 praeter

510 4613 732 4705 unum,
761 4603 1099 4705 postquam
1134 4602 1414 4705 cognovi
1435 4620 1709 4705 nuperas
1737 4607 1814 4669 ad
1844 4625 1987 4672 eum
2019 4611 2247 4679 librum
2276 4635 2354 4680 ex
2382 4617 2617 4681 catenis
2642 4619 3061 4683 accessiones.
3091 4621 3420 4685 Postremo
3451 4622 3531 4690 ad
3559 4627 3807 4705 Apoca-

511 4698 724 4779 lypsin
763 4701 917 4762 nihil
962 4701 1170 4764 habeo
1206 4700 1418 4779 Cyrilli
1458 4702 1628 4782 quod
1673 4705 1952 4772 afferam.

590 4801 694 4906 llI.
747 4797 978 4906 Cyr-illi
1009 4799 1373 4906 fragmenta
1400 4801 1493 4906 Δ(ιᾴ
1542 4801 1667 4882 Ep.
1719 4806 2286 4906 cath.--Cyrillum
2320 4815 2659 4881 catholicas
2689 4837 2947 4902 quoque
2984 4824 3293 4906 Epistolas
3340 4831 3813 4897 commentariis

511 4899 641 5008 suis
673 4899 1014 5008 ornavisse,
1047 4897 1195 4960 satis
1232 4901 1566 5008 constabat
1605 4904 1773 4984 apud
1803 4908 2348 4976 Montfauconium
2377 4917 2682 4981 Biblioth.
2710 4897 3008 5000 ζοὶἓιίηη
3148 4929 3280 5005 163,
3313 4930 3424 4992 ubi
3456 4931 3508 4992 is
3545 4931 3613 4992 in
3641 4934 3810 4995 anti—

512 4999 1137 5104 quis-simomiroque
1173 4998 1393 5062 codice
1423 5002 1587 5079 CCII,
1620 5008 1835 5069 saeculi
1865 5028 1900 5070 v
1921 5011 2017 5074 vel
2046 5030 2135 5088 v1,
2170 5022 2383 5077 narrat
2424 5025 2667 5082 exstare
2696 5026 2830 5084 tum
2863 4998 3132 5090 aliorum
3153 4998 3430 5104 Patrum,
3458 5035 3592 5093 tum
3621 5033 3810 5096 etiam

513 5099 726 5180 Cyrilli
754 5096 1016 5174 scholia,
1049 5115 1193 5179 qua;
1239 5107 1447 5165 tamen
1495 5105 1634 5188 ipse
1671 5125 1802 5176 non
1840 5113 2084 5176 recitat.
2119 5114 2243 5177 Sed
2281 5118 2452 5180 enim
2484 5122 2816 5202 complura
2863 5125 2969 5187 dat
3013 5127 3341 5191 Cramerus
3378 5096 3444 5192 in
3476 5137 3692 5194 catena
3730 5133 3812 5194 ad

428 5233 432 5236 ν
515 5202 854 5317 catholicas
892 5221 1100 5317 nuper
1147 5206 1371 5271 Oxonii
1417 5212 1605 5276 edita.
1660 5217 1792 5295 Ego
1830 5237 1980 5282 vero
2019 5239 2165 5283 cum
2214 5224 2427 5303 Cyrilli
2477 5244 2714 5291 nomen
2761 5229 2828 5291 in
2862 5231 3178 5298 Vaticanis
3233 5233 3312 5296 ad
3349 5251 3454 5298 eas
3498 5235 3812 5317 Epistolas

517 5308 992 5420 commentariis.
1012 5307 1242 5420 frustra
1273 5317 1664 5420 quaesissem,
1699 5321 1952 5384 tandem
1992 5323 2092 5388 his
2121 5326 2345 5391 diebus
2374 5333 2626 5409 gemina
2657 5335 2867 5415 reperi
2897 5336 3107 5416 Cyrilli
3145 5340 3221 5402 ad
3253 5341 3521 5420 primam
3548 5307 3812 5406 .loannis

515 5401 860 5519 Miiistolam
906 5404 1165 5519 scholia,
1206 5427 1348 5490 qua)
1387 5413 1594 5478 fausto
1645 5435 1796 5483 casu
1845 5427 2234 5488 conservavit
2277 5401 2410 5492 Leo
2454 5401 2753 5512 patricius
2789 5441 2852 5496 et
2903 5401 3174 5500 Caniclei
3213 5401 3812 5519 praefectus

516 5507 752 5572 inedita
800 5511 1126 5593 utriusque
1160 5517 1544 5582 Testamenti
1583 5526 1925 5590 summaria
1963 5530 2388 5608 expositione,
2441 5507 2622 5617 cujus
2669 5537 2821 5600 olim
2871 5543 2996 5603 Leo
3042 5507 3301 5606 Allatius
3342 5547 3431 5606 De
3461 5547 3808 5627 Engastri-

594 5671 915 5780 [(iil'in'lib‘lll'S'
945 5680 1840 5780 Ξςοεξιβηὲηςὲρςιξρθ-
1856 5690 2108 5780 ediderat
2217 5699 2555 5780 thecinAorw
2569 5702 2705 5780 PP_.,
2729 5721 2783 5775 p.
2803 5707 2926 5764 476.
2955 5709 3109 5766 Adde
3134 5711 3501 5780 fragmentum
3523 5717 3590 5772 ad
3614 5719 3806 5777 Matth.

518 5741 717 5827 Maius,
753 5755 792 5799 t.
826 5747 1001 5828 Vlbet
1027 5750 1141 5811 Vlll
1170 5741 1506 5824 Scriptorun;
1534 5741 1884 5825 veteranurt'

519 5815 746 5883 protulit
771 5831 895 5874 cum
926 5824 1381 5894 interpretatione
1424 5825 1616 5882 Latina
1659 5826 1712 5882 in
1751 5839 1789 5888 t.
1828 5833 1872 5888 ll
1901 5832 2107 5894 Biblio-
2160 5835 2165 5844 ’

2217 5741 2375 5754 mw...
2394 5741 2550 5756 υνιυν
2569 5741 2592 5756 ι
2617 5741 2639 5757 ι
2669 5746 2705 5769 .,
2732 5741 2783 5775 μ.
2803 5741 2926 5764 ιυυ.
2955 5741 3109 5766 nuuc
3134 5741 3173 5766 ιι
3186 5741 3501 5780 uglucutum
3523 5741 3590 5772 au
3614 5741 3806 5777 Μηιιιι.

2160 5835 2169 5844 .
2216 5784 2344 5834 xvn,
2388 5769 2486 5854 26,.
2523 5788 2600 5855 ex
2650 5775 2845 5832 incerti
2903 5782 3148 5840 auctoris
3193 5777 3459 5858 PanOpIia
3509 5790 3807 5862 dogmatica

2214 5839 2360 5904 apud
2385 5841 2490 5898 Mai
2520 5845 2680 5908 lbld.,
2709 5863 2763 5909 ι).
2793 5849 2916 5905 622.

2105 5910 2186 5932 *ν
