4172 6448
327 345 431 400 105
1745 343 1974 398 PIUEH

1998 343 2266 399 TIONES.
3543 340 3645 397 106

321 436 572 516 mytho,
608 454 796 518 capp.
832 435 866 497 9
909 441 970 498 et
1022 435 1120 512 20,
1170 436 1348 501 locos
1379 441 1504 498 tres
1545 437 1850 512 recitavit,
1901 439 2011 518 qui
2056 437 2134 500 ad
2178 437 2561 499 Testamenti
2608 436 2852 498 Veteris
2895 434 3089 498 libros
3126 439 3435 516 spectant.
3486 434 3647 508 Quin

319 541 493 604 adeo
524 542 592 604 in
636 541 970 605 codicibus
1024 559 1286 624 quoque
1336 541 1946 605 Vindobonensibus
2000 541 2105 603 157
2181 547 2242 603 et
2283 540 2438 619 230,
2497 542 2666 622 apud
2711 540 3136 615 Lambecium,
3192 538 3366 601 idem
3421 538 3652 602 Leonis

320 645 588 724 patricii
612 661 780 725 Opus
809 652 1114 707 servatur.
1147 643 1299 706 Mihi
1330 642 1589 724 quidem
1622 642 1750 704 duo
1783 640 2070 723 praedicti
2103 641 2316 720 operis
2346 640 2598 702 codices
2630 639 2910 702 Vaticani
2939 638 3250 720 comperti
3279 642 3450 712 sunt,
3483 653 3650 716 quo-

324 764 468 808 rum
513 746 681 809 alter
720 746 1035 826 integrior
1081 744 1334 822 gemina
1381 760 1524 824 quae
1575 742 1704 804 dixi
1737 741 1948 822 Cyrilli
1995 739 2236 804 scholia
2291 741 2732 822 suppeditavit.
2771 741 3071 822 (Alterum
3114 755 3373 821 quoque
3422 733 3652 800 diversi

322 851 593 930 generis
622 849 783 912 mihi
809 850 876 912 in
908 848 1201 913 manibus
1233 853 1328 910 est
1351 847 1582 909 Leonis
1613 848 1932 940 κειμήλιονζ
1958 847 2071 909 sed
2102 846 2236 927 ejus
2263 846 2607 927 descriptio
2637 853 2888 928 tempus
2915 845 3086 909 aliud
3119 843 3656 924 occasionemquc

321 951 668 1035 postulat.)
705 955 910 1028 Nunc,
947 959 1068 1016 etc.
1116 953 1238 1014 Hic
1283 951 1491 1013 editor
1523 953 1844 1014 Romanus
1890 938 2251 1031 fragmenta
2302 951 2424 1011 duo
2456 951 2728 1030 profert,
2753 938 2912 1031 ‘qua:
2953 948 3084 1010 loco
3117 969 3229 1010 suo
3267 947 3652 1009 exhibemus.

329 1055 485 1117 Vid.
531 1055 617 1115 ad
654 1056 691 1116 Ι
723 1056 914 1116 Joan.
946 1072 989 1128 Ι,
1029 1054 1084 1128 5,
1122 1063 1179 1114 et
1214 1070 1284 1128 II,
1325 1049 1418 1112 13.

413 1161 474 1221 4.
511 1161 749 1239 σς]νίΗὶ
779 1180 996 1222 comm.
1033 1161 1102 1221 in
1131 1161 1229 1221 IV
1273 1156 1458 1223 Pauli
1490 1159 1660 1237 Epp.
1697 1191 1772 1200 —
1812 1154 2064 1236 Reliqui
2101 1173 2253 1235 ergo
2285 1154 2443 1217 mihi
2479 1154 2737 1218 fuerunt
2771 1155 2838 1218 in
2864 1157 3090 1218 Vetere
3147 1155 3407 1236 quidem
3435 1155 3660 1216 Testa!

322 1271 584 1340 mento,
623 1264 786 1326 liber
819 1262 1248 1336 Psalmorum;
1285 1261 1351 1323 in
1382 1261 1585 1336 Novo,
1619 1257 1798 1321 Pauli
1837 1257 2160 1338 Epistolaa,
2199 1256 2278 1320 ad
2317 1274 2475 1338 quas
2511 1257 2738 1319 divinae
2771 1257 3110 1340 Scripturae
3143 1263 3353 1340 partes
3388 1253 3655 1337 praecla-

319 1387 468 1430 ram
493 1365 756 1447 aadepol
777 1365 992 1446 Cyrilli
1015 1363 1528 1445 explanationem
1561 1360 1798 1422 inveni.
1831 1363 2035 1439 Atque
2061 1364 2130 1422 ut
2160 1359 2239 1421 de
2277 1357 2452 1420 Pauli
2476 1357 2771 1437 Epistolis
2803 1359 3076 1439 primum
3101 1359 3327 1434 dicam,
3349 1359 3412 1420 in
3441 1358 3548 1421 illa
3578 1355 3659 1420 ad

320 1475 696 1547 Romanos,
737 1471 804 1532 in
837 1475 1105 1549 utraque
1157 1466 1236 1528 ad
1266 1464 1647 1539 Corinthios,
1701 1462 1985 1542 itemque
2017 1461 2095 1524 ad
2126 1461 2431 1522 Hebraeos
2489 1459 2636 1522 satis
2674 1478 2982 1541 prospera
3013 1460 3268 1524 fortuna
3297 1479 3446 1524 usus
3474 1478 3613 1523 sum
3641 1477 3655 1521 :

319 1577 397 1639 in
431 1574 709 1656 reliquis
751 1586 1119 1653 quanquam
1157 1584 1263 1629 eas
1285 1565 1583 1647 Cyrillum
1616 1563 1846 1645 partim
1879 1562 2099 1624 saltem
2157 1561 2499 1623 illustrasse
2525 1569 2923 1644 compertum
2946 1570 3058 1638 est,
3093 1562 3248 1626 nihil
3278 1580 3396 1643 ego
3424 1564 3657 1645 reperi,

322 1690 580 1765 praeter
638 1676 886 1756 singula
928 1674 1284 1754 fragmenta
1349 1671 1426 1734 ad
1468 1671 1714 1734 Galatas
1754 1674 1816 1732 et
1852 1667 1931 1731 ad
1959 1667 2386 1731 Colossenses.
2420 1670 2617 1748 Igitur
2643 1676 2713 1732 ut
2740 1669 2806 1731 in
2825 1676 3096 1750 quatuor
3123 1669 3444 1750 Epistolis,
3503 1688 3663 1752 quas

324 1787 496 1861 dixi,
549 1785 810 1857 sistam,
865 1779 1071 1844 codex
1132 1777 1474 1839 Vaticanus
1529 1774 1710 1851 valde
1751 1773 2095 1854 pretiosus,
2129 1772 2346 1836 saeculi
2406 1773 2608 1836 ferme
2656 1790 2772 1847 x11,
2807 1774 3092 1853 egregias
3156 1772 3314 1835 mihi
3343 1773 3658 1854 Cyrilliani

326 1886 792 1956 commentarii
824 1890 1038 1967 partes
1062 1888 1139 1946 ad
1197 1885 1386 1945 Rom.
1447 1886 1508 1942 et
1542 1878 1621 1940 ad
1682 1875 1965 1939 Corinth.
1999 1877 2028 1938 Ι
2057 1882 2119 1939 et
2139 1878 2196 1938 II
2224 1879 2686 1959 suppeditavit;
2717 1896 2875 1959 quas
2903 1895 3021 1957 ego
3053 1877 3390 1956 diligenter
3421 1878 3661 1942 exscri-

325 2005 508 2078 ptas,
549 1988 1076 2054 adnotationibus
1133 1987 1324 2054 etiam
1381 1989 1573 2065 prout
1603 1999 1767 2064 Opus
1813 1980 1933 2042 fuit
1974 1981 2352 2058 instructas,
2389 1989 2450 2046 et
2478 1984 2697 2046 Latina
2729 1983 3254 2065 interpretatione
3287 1983 3664 2060 donatas,in

326 2099 563 2182 priore
591 2095 941 2159 voluminis
969 2100 1148 2173 parte
1178 2091 1348 2172 typis
1378 2089 1684 2170 expressi.
1715 2088 1802 2150 De
1831 2085 2136 2151 doctrinis
2167 2103 2315 2179 verp
2345 2089 2558 2168 Cyrilli
2607 2091 2968 2172 praacipuis,
2999 2096 3134 2153 tum
3156 2091 3220 2153 in
3245 2091 3667 2154 adnotationi-

329 2208 460 2270 bus
537 2210 675 2265 tum
733 2203 801 2264 in
857 2200 1072 2263 indice
1137 2198 1415 2261 lectores
1477 2192 1804 2258 admonui.
1866 2194 2092 2272 Magna
2145 2193 2442 2274 equidem
2521 2193 2840 2276 voluptate
2905 2194 3186 2270 fruebar,
3221 2194 3373 2257 dum
3425 2202 3666 2259 tantam

335 2305 865 2388 praestantissimi
925 2303 1143 2385 Cyrilli
1208 2307 1455 2384 partem
1534 2317 1614 2362 ex
1679 2316 1756 2362 eo
1825 2297 2051 2361 codice
2113 2315 2461 2374 eruerem;
2535 2300 2730 2381 idque
2788 2317 2908 2380 ego
2973 2300 3166 2382 paqu
3221 2306 3369 2382 post
3425 2317 3665 2364 annum

340 2408 491 2474 1841
558 2410 917 2473 etiiciebam
969 2427 985 2472 :
1053 2408 1289 2471 etenim
1348 2407 1515 2469 intra
1575 2403 1701 2468 hoc
1773 2403 2181 2480 octennium,
2248 2421 2453 2485 usque
2512 2405 2590 2468 ad
2672 2405 2862 2481 1849,
2927 2406 3213 2487 quinque
3277 2405 3416 2470 haec
3473 2407 3668 2469 Nova:

332 2517 618 2578 Patrum
679 2511 1075 2575 bibliothecae
1129 2509 1454 2574 volumina
1511 2507 1926 2582 adornabam,
1965 2506 2324 2587 interrupto
2355 2505 2704 2570 identidem
2744 2515 3007 2590 propter
3034 2509 3188 2572 alias
3211 2509 3667 2590 occupationes

334 2624 589 2687 labore.
622 2620 895 2684 Interim
923 2636 1076 2681 vero
1109 2636 1186 2681 ex
1216 2616 1436 2697 Anglia
1467 2621 1721 2679 catenas
1749 2615 2004 2677 Patrum
2033 2613 2276 2694 accepi,
2309 2632 2452 2696 qum
2480 2616 2698 2679 Graece
2726 2622 2971 2680 tantum
3001 2633 3036 2680 a
3062 2617 3142 2681 cl.
3175 2619 3230 2682 J.
3269 2621 3339 2680 A.
3372 2621 3667 2691 Cramero

332 2725 528 2787 annis
569 2723 720 2786 1841
768 2728 830 2786 et
872 2720 1026 2784 1844
1075 2719 1608 2800 imprimebantur
1640 2734 1653 2776 :
1687 2714 1799 2778 ubi
1839 2713 2015 2795 quod
2048 2714 2270 2777 attinet
2299 2715 2378 2777 ad
2432 2715 2780 2796 Epistolam
2811 2717 2989 2782 Pauli
3016 2720 3094 2782 ad
3118 2721 3464 2797 Romanos,
3499 2728 3561 2784 et
3588 2722 3668 2784 ad

333 2823 712 2887 Corinthios
742 2822 1039 2904 primam,
1069 2828 1282 2900 partes
1317 2835 1490 2881 meas
1528 2815 1741 2898 Cyrilli
1772 2815 2130 2889 Vaticanas,
2161 2833 2317 2897 quas
2334 2815 2464 2897 jam
2482 2817 2952 2898 impresseram,
3013 2821 3141 2884 vidi
3171 2841 3312 2886 cum
3344 2823 3468 2886 illis
3507 2843 3666 2888 con-

336 2933 728 3018 temporalis
761 2932 827 2993 in
860 2929 1084 3009 Anglia
1114 2925 1375 2990 editoris
1419 2925 1655 3008 passim
1694 2939 2049 3001 congruere
2073 2923 2463 3004 (quanquam
2506 2925 2692 2986 etiam
2751 2925 2990 2989 catenis
3033 2927 3428 3010 incognitum
3457 2931 3672 3012 Cyrilli

343 3047 619 3104 tractum
644 3034 1052 3116 Nicephorus
1077 3029 1262 3093 nobis
1287 3026 1712 3110 suppeditavit
1743 3026 1821 3090 ad
1849 3043 1992 3107 cap.
2012 3023 2104 3105 χ),
2129 3042 2261 3088 non
2279 3026 2365 3088 ita
2391 3031 2605 3089 tamen
2639 3027 2706 3089 in
2736 3029 3015 3093 secunda
3045 3031 3123 3094 ad
3150 3033 3530 3100 Corinthios.
3561 3035 3673 3097 ubi

344 3145 557 3226 Cyrilli
589 3150 810 3226 partes
853 3139 1174 3203 Vaticana)
1218 3134 1379 3198 nihil
1426 3133 1663 3197 habent
1707 3132 1969 3212 Anglico
2021 3131 2186 3194 libro
2245 3131 2451 3195 simile
2487 3150 2500 3194 :
2531 3132 2766 3196 etenim
2819 3133 3093 3196 Crameri
3123 3134 3326 3197 codex
3356 3136 3568 3216 Cyrilli
3592 3137 3674 3199 ad

353 3252 515 3314 hanc
541 3245 897 3330 Epistolam
931 3259 1115 3305 curas
1139 3255 1402 3322 prorsus
1433 3236 1855 3299 desiderabat.
1897 3235 2018 3297 Sed
2045 3236 2214 3297 enim
2245 3236 2313 3299 in
2345 3237 2666 3318 prioribus
2689 3257 2949 3320 quoque
2977 3239 3154 3303 Pauli
3181 3241 3478 3322 Epistolis
3531 3245 3672 3308 edi-

357 3357 447 3418 tio
470 3371 604 3416 mea
633 3350 790 3414 satis
820 3349 886 3411 in
922 3347 1046 3410 hoc
1076 3346 1310 3418 differt,
1339 3342 1513 3425 quod
1545 3341 1847 3422 Cyrillum
1877 3359 1913 3404 a
1940 3340 2337 3421 reliquorum
2382 3343 2804 3426 interpretum
2831 3347 3016 3409 turba
3068 3365 3355 3412 seorsum
3389 3351 3670 3430 exhibet,

347 3469 409 3525 et
442 3478 588 3524 cum
617 3453 1154 3537 interpretatione
1183 3451 1656 3538 Latina,quam
1688 3447 1984 3526 Anglicus
2021 3446 2183 3509 liber
2213 3447 2455 3510 nullam
2485 3447 2694 3512 habet.
2734 3451 3064 3513 Postremo
3095 3471 3290 3534 super
3327 3455 3674 3537 Epistolam

340 3566 422 3628 ad
455 3563 774 3626 Hebraeos
804 3557 964 3621 nihil
989 3555 1197 3637 Cyrilli
1219 3553 1875 3635 mihisuppeditabant
1897 3551 2153 3616 codices
2171 3552 2570 3635 Vaticani(a);
2602 3555 3018 3619 memineram
3046 3563 3282 3635 tamen,
3307 3578 3406 3623 me
3429 3562 3673 3625 Medio-

341 3667 474 3732 lani
497 3667 564 3729 in
598 3661 992 3728 bibliotheca
1021 3658 1434 3720 Ambrosiana
1483 3657 1636 3719 olim
1669 3655 1899 3718 vidisse
1945 3655 2232 3719 codicem
2285 3657 2435 3719 satis
2465 3656 2749 3739 amplum
2795 3659 2886 3741 (E.
2917 3658 3015 3735 63,
3055 3674 3215 3740 part.
3246 3660 3420 3742 inf),
3447 3662 3514 3725 in
3545 3683 3675 3746 quo

340 3776 614 3836 Patrum
639 3773 1015 3834 Greecorum
1046 3771 1268 3828 catena
1295 3763 1362 3825 in
1391 3761 1738 3844 Epistolam
1763 3761 1841 3824 ad
1869 3762 2174 3824 Hebraeos
2213 3763 2679 3826 continebatur.
2719 3766 2940 3847 Itaque
2965 3783 3110 3829 cum
3160 3765 3311 3829 inde
3362 3768 3676 3851 quidquid

339 3878 483 3934 erat
518 3869 763 3950 Cyrilli,
796 3866 1076 3944 benigne
1106 3861 1532 3925 annuentibus
1562 3859 1686 3922 loci
1715 3859 2115 3941 praesidibus,
2147 3860 2302 3922 mihi
2354 3879 2605 3951 sumere
2654 3863 3101 3942 decrevissem,
3144 3873 3429 3931 catenam
3458 3888 3495 3933 a
3526 3873 3675 3935 Cra-

337 3987 530 4032 mero
560 3970 798 4030 editam
823 3984 970 4029 cum
999 3964 1106 4026 illa
1137 3961 1595 4026 Mediolanensi
1624 3960 1892 4024 fortasse
1933 3979 2288 4042 congruere
2322 3964 2678 4044 suspicatus
2712 3983 2876 4044 sum,
2911 3974 2975 4032 et
3029 3969 3322 4050 inspecto
3365 3970 3528 4036 libro
3560 3992 3674 4037 co-

342 4072 601 4151 gnitum
641 4075 761 4144 est,
792 4087 872 4131 ex
909 4067 1156 4130 duabus
1213 4084 1248 4128 a
1279 4064 1470 4128 docto
1487 4063 1687 4142 Anglo
1716 4064 1794 4126 ad
1835 4064 2206 4144 praedictam
2252 4066 2600 4147 Epistolam
2641 4069 2878 4133 catenis
2912 4071 3121 4146 editis,
3160 4073 3372 4153 priore
3404 4074 3673 4155 integra,

341 4177 547 4239 altera
578 4181 827 4237 tantum
859 4171 1120 4236 dimidia
1164 4175 1429 4252 prOpter
1466 4168 1708 4232 codicis
1768 4168 2087 4242 Parisiaci,
2137 4168 2309 4231 unde
2351 4180 2604 4251 sumpta
2627 4173 2767 4241 fuit,
2795 4172 3148 4250 defectum;
3201 4178 3550 4255 cognitum,
3581 4177 3678 4242 in—

343 4296 573 4358 quam,
604 4283 703 4339 est
740 4275 907 4338 hanc
942 4273 1203 4338 alteram
1224 4273 1536 4350 integram
1566 4287 1704 4333 esse
1740 4270 1803 4331 in
1852 4270 2073 4333 codice
2109 4271 2588 4347 Mediolancnsi,
2622 4279 2804 4354 cujus
2833 4292 2960 4350 ope
3018 4284 3304 4356 Optatum
3329 4280 3436 4364 diu
3461 4272 3678 4362 Cyrilli

344 4379 880 4459 supplementum
905 4375 1214 4456 consequi
1252 4383 1563 4455 poteram.
1587 4371 2010 4446 Quamobrem
2046 4371 2357 4453 postulavi
2395 4390 2431 4435 a
2461 4376 2539 4435 R.
2565 4376 2636 4437 D.
2669 4364 2982 4440 canonico
3019 4368 3307 4460 ’Jos’eph‘o
3330 4382 3673 4459 Robbiato,

343 4481 592 4560 linguae
615 4481 856 4542 Graecae
887 4477 1143 4558 egregie
1173 4476 1404 4557 perito,
1441 4482 1501 4537 et
1532 4474 1820 4553 legendis
1845 4473 2175 4537 codicibus
2197 4477 2487 4556 apprime
2510 4477 2768 4555 idoneo,
2794 4485 2866 4541 ut
2888 4479 3042 4542 mihi
3072 4492 3446 4564 excerperet
3465 4486 3679 4566 Cyrilli

342 4593 572 4666 partes
604 4585 674 4645 in
706 4582 1049 4646 Parisiensi
1078 4581 1300 4644 codice
1339 4579 1730 4642 desideratas
1765 4595 1778 4639 :
1822 4577 1998 4660 quod
2030 4579 2182 4642 dum
2235 4581 2344 4644 ille
2396 4582 2859 4648 studiosissime
2912 4584 3172 4662 faceret,
3208 4595 3381 4651 recte
3423 4591 3680 4668 agnovit

343 4686 680 4768 permulta
710 4703 790 4748 ex
817 4703 895 4748 eo
926 4683 1138 4765 Cyrilli
1161 4680 1621 4746 commentario
1657 4686 1983 4760 segmenta
2011 4683 2093 4745 ad
2127 4682 2299 4745 illius
2321 4683 2489 4747 edita
2523 4703 2720 4767 Opera
2769 4681 3115 4768 pertinere,
3165 4691 3282 4752 etsi
3316 4690 3680 4770 insignibus

342 4810 500 4853 cum
545 4787 979 4857 varietatibus.
1013 4786 1308 4850 detractis
1336 4786 1635 4848 nimirum
1665 4794 1772 4848 aut
1802 4787 2099 4849 breviatis
2128 4788 2368 4865 multis,
2401 4790 2658 4853 mutatis
2715 4792 3064 4867 nonnullis,
3100 4803 3170 4856 ut
3198 4795 3263 4857 in
3306 4795 3680 4877 hujusmodi

343 4895 683 4975 excerptis
744 4890 1083 4953 usuvenire
1141 4891 1326 4950 solet.
1363 4886 1487 4950 Sed
1536 4893 1747 4950 tamen
1801 4893 2036 4950 tractus
2063 4905 2324 4970 quoque
2356 4890 2724 4972 complures
2776 4893 2843 4956 in
2893 4895 3115 4958 codice
3153 4897 3428 4974 inerant,
3471 4900 3583 4980 qui
3615 4899 3682 4960 in

341 4997 551 5060 nullis
586 4993 802 5075 Cyrilli
830 4991 1220 5055 editionibus
1250 4989 1545 5052 videntur
1581 5008 1941 5054 occurrere.

431 5102 668 5162 Utrum
687 5113 841 5159 vero
872 5095 1010 5176 ipse
1040 5092 1306 5174 Cyrillus
1343 5094 1578 5175 scripta
1602 5111 1715 5156 sua
1745 5094 1812 5156 in
1847 5094 2110 5157 diversis
2136 5097 2543 5177 prOpriorum
2576 5115 2844 5181 Operum
2873 5100 3030 5164 locis
3060 5101 3468 5182 repetiverit,
3493 5121 3573 5167 an
3609 5122 3680 5168 ea

340 5220 454 5265 res
487 5200 709 5284 potius
739 5205 1106 5262 catenarum
1145 5198 1510 5262 auctoribus
1537 5198 1873 5263 tribuenda
1905 5201 2006 5273 sit,
2040 5201 2268 5264 merito
2302 5203 2662 5284 ambigitur.
2696 5206 2880 5268 Certe
2924 5205 3031 5285 qui
3058 5207 3269 5288 ampla
3314 5207 3528 5287 Cyrilli
3564 5227 3683 5272 vo-

341 5303 604 5364 lumina
639 5298 1092 5382 pervolutabit,
1119 5298 1288 5362 haud
1318 5315 1460 5362 raro
1498 5300 1850 5380 comperiet
1871 5319 2006 5363 rem
2038 5303 2350 5378 eamdem,
2383 5305 2734 5385 praesertim
2775 5307 3219 5386 dogmaticam,
3252 5309 3468 5374 multis
3497 5312 3680 5390 locis,

342 5403 588 5469 iisdem
612 5402 1090 5484 prepemodum
1113 5400 1321 5463 verbis
1351 5399 1449 5462 vel
1481 5408 1651 5462 certe
1682 5403 2010 5466 sententiis
2039 5403 2118 5466 ab
2147 5412 2403 5467 auctore
2425 5406 2824 5482 inculcatam,
2847 5415 2999 5488 puta
3026 5408 3094 5470 in
3137 5409 3480 5490 Thesauro,
3503 5416 3570 5479 in
3604 5417 3680 5481 li-

341 5506 483 5570 bris
513 5506 609 5566 De
640 5503 1020 5566 adoratione
1047 5503 1116 5564 in
1150 5521 1248 5583 sp.
1300 5521 1372 5562 ac
1430 5520 1589 5576 aen,
1620 5501 1688 5563 in
1723 5502 2068 5583 Glaphyris
2089 5552 2103 5579 ,
2144 5504 2211 5567 in
2247 5503 2621 5584 dogmaticis
2659 5507 2737 5570 ad
2767 5508 3196 5573 Theodosium
3229 5519 3291 5576 et
3324 5514 3402 5577 ad
3433 5515 3700 5596 reginas

339 5605 753 5680 tractatibus,
785 5605 871 5667 ad
895 5605 1248 5680 Hermia-nt,
1273 5611 1497 5666 contra
1518 5604 1904 5681 Nestorium,
1934 5613 1995 5669 et
2024 5606 2304 5688 denique
2334 5609 2401 5670 in
2431 5610 2747 5673 Homiliis.
2796 5613 3018 5694 Itaque
3049 5614 3185 5677 ﬁeri
3220 5627 3427 5698 pOtest
3459 5626 3529 5682 ut
3561 5623 3682 5701 Cy-

338 5712 533 5777 rillus
552 5709 710 5772 dum
733 5710 802 5772 in
821 5708 989 5772 hanc
1019 5703 1195 5771 Pauli
1235 5707 1584 5790 Epistolam
1614 5716 1942 5790 postremo
1967 5710 2235 5776 fortasse
2264 5720 2558 5796 tempore
2597 5721 3170 5794 commentaretur,
3202 5718 3282 5782 iis
3308 5719 3680 5802 aliquando.

403 5817 500 5896 {al
544 5816 830 5896 Nonnulla
870 5815 1403 5896 tamenml'ragmenta
1445 5817 1500 5870 in
1544 5815 1718 5888 Epist.
1751 5817 1818 5874 ad
1859 5818 2029 5875 Hebr.
2087 5836 2155 5876 ex
2219 5821 2509 5878 codicibus
2557 5822 2840 5880 Vaticanis
2896 5824 3147 5881 ediderat
3201 5827 3377 5882 Maius
3434 5835 3577 5882 tomo
3637 5827 3685 5886 ll

334 5890 699 5949 Bibliotheca
729 5888 915 5953 Nam,
946 5903 1001 5958 p.
1037 5887 1162 5942 484.

603 5991 896 6054 Parnon.
946 5988 1064 6049 Gn.
1108 5986 1372 6047 LXVIII.
2096 6079 2099 6081 ί
2235 6015 2244 6042 ι
3206 5999 3242 6046 4
