4172 6442
533 350 628 406 107
1865 343 2068 398 CARD.
2110 341 2180 396 AD

2156 341 2264 398 NG.
2312 340 2429 395 MAI
3697 333 3799 394 108

529 477 671 540 qua)
692 456 844 522 olim
883 458 1238 537 scripserat,
1264 454 1496 516 abusus
1535 461 1612 514 Sit
1648 471 1660 515 :
1697 453 1789 516 vel
1824 459 2041 516 contra
2071 453 2254 516 idem
2277 449 2567 530 Cyrillus,
2592 468 2643 512 SI
2675 456 2858 514 antea
2896 449 3160 515 fortasse
3196 453 3260 515 in
3286 469 3424 516 eam
3455 455 3805 536 Epistolam

526 563 888 642 scripserat,
908 558 1237 623 nonnullis
1270 557 1417 620 inde
1457 556 1669 620 rivulis
1699 574 1808 619 eos
1835 573 1996 636 quos
2025 555 2292 618 habebat
2316 554 2380 616 in
2420 553 2711 616 manibus
2738 553 2932 616 libros
2959 554 3333 633 irrigaverit.
3365 557 3454 618 Ex
3482 574 3610 637 quo
3641 575 3801 622 con-

524 665 738 744 tigisse
771 665 1015 726 videtur
1039 668 1109 724 ut
1135 661 1327 724 iidem
1358 659 1677 722 interdum
1707 663 1942 720 tractus
1972 656 2089 718 sub
2125 656 2517 718 diversorum
2545 654 2851 717 librorum
2888 655 3086 717 titulis
3117 656 3400 719 redeant.
3437 659 3558 720 Sed
3589 665 3804 724 tamen

525 773 887 828 catenarum
920 780 1178 844 quoque
1223 761 1635 823 sarcinatores
1683 758 1934 822 easdem
1983 756 2120 818 sine
2167 757 2362 819 dubio
2411 755 2626 836 Cyrilli
2679 755 3082 818 auctoritates
3105 755 3182 817 ad
3205 755 3444 836 plures,
3476 768 3666 838 prout
3704 780 3807 825 res

522 867 784 942 ferebat,
843 866 1355 930 lucubrationum
1398 881 1651 926 suarum
1690 863 1866 925 locos
1891 862 2338 924 adhibuerunt.
2372 863 2464 924 Ne
2493 862 2610 922 sim
2647 859 2972 921 verbosior
3005 859 3071 922 in
3103 877 3170 922 re
3191 862 3564 939 certissima,
3604 881 3805 930 unum

524 967 793 1028 narrabo
833 964 1005 1046 quod
1036 965 1159 1026 hoc
1199 965 1340 1044 ipso
1363 964 1430 1025 in
1459 971 1748 1044 tempore
1779 961 2142 1042 exemplum
2175 961 2480 1041 comperi.
2515 960 2763 1022 Etenim
2789 968 2919 1022 tum
2967 965 3251 1022 catenam
3280 960 3345 1022 in
3377 964 3608 1025 Lucam
3638 981 3673 1026 a
3702 982 3806 1028 me

523 1072 779 1147 editam,
818 1078 949 1134 tum
972 1071 1157 1132 etiam
1202 1069 1366 1158 hanc
1396 1069 1462 1129 in
1521 1069 1715 1148 Epist.
1749 1070 1824 1130 ad
1873 1067 2094 1142 Hebr.,
2139 1084 2340 1128 unum
2381 1066 2805 1146 eumdemque
2862 1063 3102 1127 habere
3135 1072 3460 1128 auctorem
3492 1068 3801 1146 Nicetam,

522 1173 774 1237 codices
801 1175 1137 1237 Vaticanus
1165 1179 1226 1235 et
1255 1171 1742 1234 Mediolanensis
1783 1171 2054 1233 solemni
2112 1170 2295 1232 titulo
2330 1170 2396 1231 in
2436 1169 2750 1232 frontibus
2786 1167 3121 1231 affirmant.
3151 1170 3288 1233 Jam
3327 1188 3477 1235 vero
3506 1191 3652 1236 cum
3683 1193 3804 1255 ego

513 1276 588 1339 in
609 1275 1064 1339 commentario
1095 1275 1306 1356 Cyrilli
1351 1275 1426 1336 ad
1487 1276 1716 1338 Lucam
1742 1291 1881 1354 cap.
1914 1290 2003 1348 vi,
2039 1271 2133 1347 13,
2190 1273 2402 1336 locum
2427 1289 2505 1335 ex
2527 1272 2739 1353 Cyrilli
2771 1270 3031 1333 homilia
3079 1269 3411 1346 ediderim,
3446 1275 3556 1353 qui
3580 1277 3805 1358 incipit

521 1391 759 1456 Τούτους
811 1392 1210 1464 προανετὺπου,
1243 1400 1443 1462 usque
1474 1382 1552 1444 ad
1583 1393 1679 1463 τὴν
1709 1391 1799 1444 ὑπ’
1828 1389 2078 1462 οὐρανόν,
2111 1396 2168 1442 et

2154 1397 2261 1442 cce
2291 1397 2461 1442 nunc
2492 1379 2742 1442 Nicetas
2763 1379 2828 1442 in
2854 1384 3074 1444 catena
3104 1381 3299 1462 Epist.
3331 1380 3409 1442 ad
3440 1379 3632 1442 Hebr.
3658 1398 3801 1461 cap.

519 1501 613 1561 IX,
653 1485 711 1561 2,
747 1486 1043 1550 eumdem
1070 1485 1281 1566 Cyrilli
1305 1492 1572 1548 tractum
1600 1503 1677 1548 ex
1707 1485 1928 1548 eadem
1969 1483 2343 1546 nominatim
2401 1481 2662 1546 homilia
2695 1485 2922 1564 repetit
2974 1485 3042 1546 in
3073 1483 3291 1546 codice
3321 1481 3802 1545 Mediolanensi.

519 1589 775 1652 nonnisi
804 1596 1017 1652 tamen
1050 1590 1400 1666 dimidium,
1437 1608 1638 1670 usque
1666 1590 1742 1652 ad
1772 1591 2032 1652 verbum
2065 1599 2409 1656 πανσύνετοι.
2456 1591 2678 1670 Itaque
2711 1591 2894 1652 etiam
2934 1588 3106 1652 hunc
3144 1589 3420 1669 primum
3453 1586 3669 1667 Cyrilli
3703 1587 3801 1650 lo-

520 1709 664 1753 cum
703 1710 786 1754 ex
819 1701 992 1773 parte
1039 1693 1274 1756 codicis
1339 1694 1575 1756 inedita
1605 1695 1682 1757 ad
1727 1713 1828 1758 me
1883 1694 2240 1758 Mediolano
2291 1694 2578 1772 missum,
2611 1693 2808 1758 nihilo
2836 1701 3048 1757 tamen
3077 1694 3285 1756 minus
3312 1708 3431 1771 ego
3475 1692 3682 1770 omisi,
3720 1710 3802 1755 ne

520 1796 863 1861 lectoribus
891 1798 1048 1860 meis
1093 1807 1438 1879 βι6λ;ολάθας
1464 1798 1732 1863 viderer.

598 1925 966 2004 Quanquam
1003 1943 1150 1988 vero
1183 1927 1312 1989 dixi
1335 1925 1568 1989 multos
1606 1943 1683 1988 ex
1713 1926 1926 2006 Cyrilli
1959 1928 2112 1989 IOCIS
2140 1927 2206 1989 in
2236 1927 2458 1991 codice
2486 1926 2736 1990 Mediol.
2771 1928 2976 1992 citatis
3014 1931 3336 2011 pertinere
3365 1929 3444 1992 ad
3477 1925 3643 1989 edita
3667 1924 3803 2004 ejus

521 2041 738 2105 Opera,
771 2037 837 2089 ut
888 2029 1169 2090 eruditus
1202 2027 1640 2091 animadvertit
1690 2029 2065 2102 Robbiatus,
2117 2031 2467 2111 prtesertim
2503 2031 2583 2093 ad
2624 2031 2948 2111 Glaphyra
2989 2033 3174 2114 (quos
3196 2034 3375 2096 locos
3405 2031 3642 2094 idcirco
3681 2045 3802 2090 nos

518 2129 1084 2208 praetermisimus),
1116 2145 1304 2192 nemo
1334 2138 1546 2192 tamen
1569 2130 1923 2210 suspicetur
1941 2129 2378 2208 imaginarium
2408 2148 2544 2194 esse
2569 2131 2782 2212 Cyrilli
2805 2133 2870 2194 in
2902 2133 3097 2214 Epist.
3133 2133 3212 2196 ad
3240 2133 3432 2196 Hebr.
3465 2146 3800 2194 commen-

519 2234 767 2306 tarium,
805 2234 984 2314 quasi
1022 2234 1191 2296 hunc
1224 2240 1902 2298 catenarumauctcres
1925 2252 2000 2296 ex
2031 2234 2170 2297 aliis
2192 2235 2404 2314 Cyrilli
2433 2236 2684 2316 scriptis
2725 2242 2925 2300 totum
2959 2237 3363 2300 corraserint.
3437 2235 3592 2296 Nam
3633 2247 3800 2313 prae-

517 2342 804 2413 terquam
829 2333 1000 2414 quod
1033 2333 1097 2395 in
1132 2335 1287 2414 ipsis
1317 2335 1445 2396 sive
1503 2336 1697 2396 Paris.
1735 2336 1864 2398 sive
1910 2335 2162 2398 Mediol.
2195 2337 2520 2400 codicibus
2580 2337 2776 2400 multa
2813 2345 2958 2400 sunt
3003 2343 3348 2416 segmenta,
3384 2353 3528 2416 qua;
3562 2335 3629 2396 in
3663 2332 3805 2395 aliis

515 2437 727 2520 Cyrilli
786 2439 1088 2518 operibus
1137 2455 1397 2519 prorsus
1437 2456 1566 2501 non
1622 2446 1954 2520 apparent,
2004 2440 2324 2518 Cyrilliani
2352 2441 2611 2520 quidem
2662 2440 2741 2502 ad
2784 2440 2947 2503 hanc
2992 2438 3337 2522 Epistolam
3367 2435 3801 2501 commentarii

513 2545 743 2607 veritas
774 2544 1039 2608 testibus
1064 2544 1289 2625 priscis
1311 2545 1804 2624 certissimisque
1835 2547 2156 2622 asseritur,
2218 2563 2381 2627 quos
2421 2545 2742 2610 Fabricius
2772 2544 2869 2623 (Β.
2903 2547 2979 2609 G.
3014 2545 3114 2608 ed.
3149 2563 3297 2608 nov.
3337 2551 3384 2605 t.
3418 2544 3523 2618 IX,
3564 2561 3628 2624 p.
3660 2540 3798 2615 495)

519 2645 848 2727 produxit;
883 2653 1029 2708 sunt
1056 2652 1267 2710 autem
1305 2648 1634 2710 Facundus
1672 2648 2168 2724 Ilermianensis,
2231 2649 2690 2725 Theodoretus,
2741 2649 3116 2712 Theodorus
3180 2646 3516 2719 Abucaras,
3549 2643 3805 2724 Ephrte-

516 2751 680 2813 mius
711 2751 1162 2828 Antiochenus,
1198 2752 1552 2816 Alexander
1588 2753 2122 2835 Hierapolitanus,
2171 2763 2394 2820 auctor
2449 2757 2752 2837 Synodici
2799 2761 3022 2819 contra
3056 2754 3324 2833 tragmd.
3381 2755 3574 2827 Iren.,
3633 2753 3804 2814 Ana-

517 2857 746 2919 stasius
776 2859 1009 2922 Sinaita
1031 2859 1096 2921 in
1117 2860 1401 2942 Hodego.
1434 2861 1865 2942 Praeterquam
1897 2862 2070 2942 quod
2101 2880 2218 2925 nos
2246 2863 2367 2945 ipsi
2399 2863 2717 2926 edidimus
2770 2860 3204 2926 commentarii
3235 2861 3371 2940 ejus
3427 2855 3804 2920 nominatim

521 2964 694 3026 locos
711 2971 1006 3044 quatuor,
1035 2981 1114 3026 ex
1138 2966 1465 3028 Anastasio
1484 2967 1857 3048 presbytero
1885 2967 2146 3048 (Script.
2169 2978 2291 3030 vet.
2315 2973 2362 3030 t.
2389 2970 2521 3044 VII,
2545 2987 2654 3050 pp.
2684 2967 2858 3039 8—10,
2896 2966 3085 3028 18-24
3101 2967 3218 3048 (α).
3247 2965 3619 3046 Ibidemque
3638 2962 3806 3040 alios

517 3069 702 3138 duos,
737 3079 818 3123 ex
851 3063 1140 3131 Leontio.
1175 3080 1286 3142 pp.
1317 3062 1450 3138 130,
1481 3063 1614 3126 140.
1643 3064 1813 3128 Alios
1840 3065 2117 3146 denique
2143 3067 2378 3148 Script.
2406 3075 2526 3130 vet.
2546 3073 2591 3128 t.
2613 3069 2754 3129 VIII.
2772 3069 2958 3141 etIX,
2982 3071 3051 3128 ut
3071 3067 3137 3129 in
3161 3065 3667 3147 praecedentibus
3684 3079 3802 3144 pa-

519 3162 680 3239 ginis
714 3161 1012 3225 diximus.
1041 3164 1199 3224 Item
1223 3161 1572 3240 fragmenta
1601 3163 1842 3244 aliquot
1872 3165 2006 3245 ejus
2041 3166 2254 3246 operis
2279 3174 2424 3230 sunt
2456 3167 2522 3230 in
2553 3167 2877 3230 codicibus
2898 3166 3168 3248 Syriacis
3194 3167 3332 3229 Vat.
3381 3168 3604 3247 Neque
3662 3184 3802 3230 me-

519 3264 733 3328 diocre
761 3265 952 3328 fuisse
984 3265 1047 3328 id
1079 3282 1241 3346 Opus
1267 3267 1587 3344 arguimus
1617 3273 1749 3330 tum
1773 3285 1851 3330 ex
1878 3275 2026 3331 nota
2055 3269 2264 3349 Cyrilli
2295 3270 2581 3334 ubertate
2635 3276 2769 3332 tum
2799 3271 2948 3350 quia
2998 3271 3298 3332 Leontius
3327 3268 3475 3332 citat
3519 3268 3800 3348 ejusdem

517 3369 763 3425 tomum
793 3364 1172 3439 secundum,
1214 3366 1572 3428 Anastasius
1595 3367 1828 3430 Sinaita
1875 3370 2435 3450 sextumJamque
2485 3380 2769 3450 apparet,
2818 3371 2956 3432 fore
3011 3385 3224 3450 Operae
3283 3368 3578 3449 pretium,
3611 3373 3682 3429 ut
3709 3366 3804 3428 fu-

508 3478 697 3531 turus
725 3469 954 3549 aliquis
982 3469 1195 3549 Cyrilli
1227 3486 1491 3550 Operum
1511 3471 1738 3547 editor,
1773 3488 2020 3552 sparsas
2048 3471 2235 3552 hujus
2265 3474 2704 3536 commentarii
2727 3472 3049 3554 reliquias,
3099 3471 3348 3552 Absyrti
3375 3469 3568 3532 veluti
3597 3485 3801 3531 mem-

521 3577 655 3648 bra,
683 3574 786 3654 pie
808 3573 1098 3652 colligat;
1164 3591 1236 3636 ea
1267 3574 1488 3637 saltem
1550 3575 1812 3654 vestigia
1870 3593 2262 3657 persequens
2285 3595 2430 3658 quae
2475 3595 2594 3641 nos
2622 3577 2864 3640 intento
2893 3577 3090 3656 digito
3115 3575 3538 3649 ostendimus;
3569 3590 3803 3654 nempe

522 3674 799 3748 codices,
829 3679 1074 3736 veteres
1102 3679 1314 3748 testes,
1350 3679 1602 3737 catenas
1638 3674 1858 3751 editas,
1891 3692 1972 3738 ne
2002 3675 2372 3738 (Ecumenio
2394 3676 2653 3757 quidem
2683 3675 2942 3748 omisso,
2966 3679 3418 3755 postremoque
3449 3671 3804 3754 symbolam

523 3776 691 3838 curis
727 3776 959 3838 nostris
991 3777 1318 3839 conlatam.

603 3903 784 3964 Nunc
818 3902 971 3982 quid
1018 3903 1267 3966 consilii
1316 3904 1618 3985 ceperim,
1697 3895 1977 3986 pressius
2024 3907 2366 3972 dicendum
2429 3914 2544 3972 est.
2603 3907 2848 3971 Codieis
2874 3904 3168 3968 Parisiaci
3188 3908 3496 3976 catenam,
3537 3917 3702 3981 quae,
3732 3903 3803 3961 ut

523 4006 675 4079 dixi,
710 4005 964 4068 nonnisi
987 4005 1072 4068 ad
1090 4006 1377 4069 mediam
1409 4006 1583 4068 Pauli
1605 4007 1943 4088 Epistolam
1981 4009 2278 4090 pertinet,
2320 4008 2660 4073 lectitando
2697 4007 2882 4071 facile
2904 4005 3212 4080 comperi,
3245 4003 3361 4065 etsi
3412 4000 3614 4064 editor
3643 3997 3801 4062 nihil

525 4111 604 4174 de
625 4111 810 4174 editis
831 4110 928 4173 vel
951 4111 1204 4177 ineditis
1225 4111 1398 4189 dicit,
1417 4129 1704 4192 magnam
1726 4120 1992 4193 partem,
2022 4113 2099 4176 ad
2121 4113 2419 4194 Cyrillum
2449 4113 2621 4194 quod
2655 4112 2900 4188 attinet,
2925 4111 3323 4187 vulgatorum
3349 4122 3612 4186 cperum
3643 4103 3802 4166 locis

526 4221 837 4280 constare.
864 4219 1012 4280 Pars
1051 4215 1465 4280 nihilominus
1493 4215 1820 4278 videbatur
1841 4233 2030 4290 nova,
2071 4233 2184 4279 seu
2213 4234 2380 4279 nunc
2417 4215 2692 4296 primum
2751 4213 2937 4276 edita.
2985 4212 3248 4273 Prorsus
3293 4208 3509 4288 itaque
3562 4203 3802 4270 codicis

525 4319 818 4408 Parisiaci
845 4320 1197 4382 institutum
1232 4320 1300 4382 in
1319 4319 1780 4382 Mediolanensi
1799 4319 2019 4382 codice
2058 4299 2482 4394 continuatur,
2517 4317 2628 4397 qui
2656 4317 2806 4380 item
2835 4311 3118 4396 partibus
3152 4311 3344 4375 modo
3373 4308 3580 4379 editis,
3607 4305 3802 4369 modo

526 4407 790 4484 ineditis
820 4419 1155 4504 (quatenus
1183 4421 1524 4485 scrutando
1538 4435 1925 4497 cognoscere
1956 4418 2152 4498 licuit)
2174 4420 2665 4484 consarcinatur.
2693 4419 2842 4490 Qua
2865 4432 3008 4479 cum
3032 4413 3119 4476 ita
3138 4430 3208 4475 se
3244 4410 3572 4483 baberent,
3600 4407 3798 4470 visum

526 4523 680 4586 mihi
709 4529 800 4586 est
830 4529 1038 4602 partes
1066 4521 1275 4602 Cyrilli
1309 4539 1503 4584 novas
1536 4520 1863 4600 (quantum
1887 4519 2148 4583 credere
2169 4520 2362 4602 licet),
2400 4528 2534 4582 tum
2563 4516 2800 4582 codicis
2833 4513 3146 4588 Parisiaci,
3175 4518 3308 4574 tum
3362 4509 3796 4572 Mediolanen-

527 4627 633 4701 sis,
669 4643 794 4688 una
824 4625 987 4688 serie
1011 4629 1374 4697 contexere,
1411 4623 1659 4685 Latinas
1675 4622 1860 4684 etiam
1891 4622 2124 4698 facere,
2149 4631 2210 4687 et
2241 4622 2363 4687 hoc
2400 4637 2545 4683 meo
2583 4617 2928 4691 volumine,
2960 4615 3133 4695 quod
3177 4619 3379 4676 totum
3407 4629 3484 4674 ex
3515 4610 3797 4690 Cyrillia-

527 4727 624 4788 nis
653 4725 904 4806 scriptis
933 4723 1362 4803 componitur,
1396 4728 1541 4802 apte
1571 4721 2139 4804 comprehendere.
2175 4722 2529 4785 Praesertim
2559 4719 2706 4801 quia
2741 4718 2820 4780 cl.
2859 4717 3228 4791 Robbiatus,
3261 4714 3487 4778 collata
3507 4712 3799 4775 Parisiaci

525 4844 783 4908 quoque
817 4826 1052 4889 codicis
1082 4831 1258 4905 parte
1286 4842 1432 4886 cum
1461 4825 1708 4905 integro
1745 4826 1965 4888 codice
2014 4823 2488 4897 Mediolanensi,
2546 4821 2774 4884 multas
2821 4819 2976 4882 mihi
3040 4824 3100 4880 et
3143 4816 3618 4898 pulcherrimas,
3655 4830 3801 4894 quae

526 4933 842 4994 Parisiaco
873 4930 1039 4990 libro
1071 4927 1206 4990 fieri
1250 4930 1506 5004 debent,
1540 4930 2020 4993 emendationes
2049 4929 2491 5010 suppeditavit.

605 5035 831 5095 Catena
871 5029 1032 5105 haec,
1062 5029 1233 5092 unde
1256 5030 1550 5110 Cyrillum
1585 5033 2042 5112 excerpsimus,
2111 5029 2356 5091 videtur
2421 5046 2739 5107 anonyma
2767 5027 2833 5088 in
2874 5024 3092 5088 codice
3124 5021 3498 5095 Parisiensi;
3541 5037 3686 5082 nam
3719 5019 3798 5083 cl.

525 5138 856 5196 Cramerus
888 5131 1124 5195 nullius
1155 5131 1428 5195 auctoris
1458 5149 1693 5194 nomen
1716 5133 1922 5213 ponit.
1950 5135 2025 5194 At
2062 5129 2550 5193 Mediolanensis
2579 5146 2718 5192 eam
2738 5127 2975 5190 diserte
3011 5123 3294 5187 inscribi‘
3358 5123 3600 5184 Nicetae
3652 5123 3797 5182 Ser-

529 5248 735 5294 rarum
763 5231 1066 5313 episcopo
1097 5228 1196 5293 his
1214 5230 1420 5294 verbis
1446 5249 1458 5292 :
1483 5240 1786 5312 Συναγωγὴ
1815 5240 2131 5312 ἐξηγήσεων

2189 5239 2299 5292 ἀπό
2323 5256 2385 5309 τε
2422 5238 2590 5292 θείων
2623 5236 2888 5308 Πατέρων
2919 5233 3016 5290 καὶ
3043 5229 3344 5286 τῶν-ἄλλων
3358 5229 3691 5287 διδασκάλων
3719 5227 3801 5290 εἰς

524 5342 625 5414 τὴν
649 5340 788 5415 πρὸς
821 5340 1102 5413 Ἐϐραίους
1154 5340 1473 5412 Ἐπιστολὴν
1503 5339 1598 5393 τοῦ
1623 5340 1782 5408 ἁγίου
1806 5340 2105 5394 ἀποστόλου
2132 5337 2375 5406 Παύλου,
2415 5339 2734 5406 συλλεγεῖσα
2782 5334 2934 5408 παρὰ
2975 5334 3068 5388 τοῦ
3117 5336 3412 5407 ἱερωτάτου
3468 5330 3798 5404 μητροπολί-

524 5444 964 5516 τουἩρακλείας
987 5450 1177 5516 κυρίου
1204 5444 1420 5512 Νικήτα
1443 5443 1540 5497 τοῦ
1563 5444 1674 5497 τῶν
1698 5440 1944 5514 Σερῤὦν.
1981 5433 2052 5493 El
2070 5433 2152 5495 ab

2177 5432 2298 5496 alia
2327 5447 2518 5495 manu
2546 5431 2610 5492 in
2649 5428 2900 5507 paginae.
2941 5428 3114 5492 calce
3159 5427 3248 5490 sic
3289 5445 3302 5487 :
3347 5432 3799 5522 ’Δπδὲρμηγειας

527 5544 673 5617 παρὰ
703 5542 806 5597 ,τοῦ
834 5543 1071 5615 Σερῥῶν.
1120 5537 1414 5615 Sequitur
1469 5531 1970 5615 moxprologus,
1998 5531 2074 5594 de
2113 5551 2174 5612 qi

2148 5549 2240 5612 tuo
2293 5532 2446 5593 item
2481 5531 2635 5594 nihil
2667 5529 2820 5591 dicit
2872 5532 3233 5603 Cramerus;
3261 5527 3552 5592 sed-eum
3595 5531 3795 5589 totum

603 5726 676 5797 (ti)
711 5723 839 5796 Qua:
898 5734 1077 5797 tomus
1137 5723 1227 5797 ΥΠ
1291 5722 1554 5789 continet,
1591 5721 1782 5777 eadem
1821 5732 1997 5776 tomus
2028 5721 2173 5785 VIII,
2220 5729 2418 5790 prmter
2452 5721 2815 5792 Iragnmntnm
2857 5719 3058 5785 breve;
3110 5728 3288 5771 tomus
3331 5713 3402 5769 IX
3451 5712 3814 5777 unum-lngo.

529 5793 771 5852 mentum
800 5797 982 5860 habet,
1027 5793 1182 5849 Praef.
1224 5810 1256 5862 p
1311 5809 1436 5846 svnt
