4172 6446
397 406 508 463 109
1818 370 2335 472 Pamrarioxﬁs".
3602 422 3706 479 no

393 523 484 589 ex
509 524 920 591 Theodoreto
955 529 1147 610 atque
1174 515 1622 612 Chrysostomo
1655 541 1970 609 constare,
2004 516 2153 619 libri
2172 535 2321 600 editi
2349 535 2804 600 demonstrant.
2830 525 3438 623 Quamobrem'hinc
3463 522 3706 605 lacunai

389 627 652 711 aliquot
680 629 745 692 in
767 632 1117 696 Oxoniensi
1148 635 1428 700 editione
1467 637 1706 702 relictae
1749 640 1992 722 expleri
2026 639 2408 724 pntuissent,
2469 650 2532 707 et
2594 639 2834 707 menda
2877 643 3066 706 etiam
3124 631 3363 709 codicis
3383 647 3704 724 Parisiaci,

390 730 494 793 vel
549 731 996 813 quorumlibet
1052 728 1500 814 librariorum,
1533 739 1696 803 tolli.
3566 820 3572 828 _

472 836 650 930 Satis
679 833 1263 916 constatCyrillum
1291 860 1441 905 suos
1471 845 1964 910 commentarios
2007 847 2076 911 in
2123 829 2453 912 sermones
2491 841 2728 932 (λόγους)
2798 845 3215 923 diStribuisse,
3250 845 3343 910 uti
3373 835 3706 929 reapse‘sc'

389 939 608 1004 habet
625 941 1124 1005 commentarius
1153 943 1286 1024 ejus
1317 943 1386 1016 in
1420 943 1681 1031 Isaiam,
1741 963 1863 1010 nec
1900 964 2033 1010 non
2071 942 2468 1012 Thesaurus‘:
2497 947 2878 1032 quanquam
2908 949 2955 1011 ii
3005 965 3355 1034 sermones,
3389 948 3706 1022 sectiones

390 1035 622 1122 potius
638 1037 1254 1132 commentariorum
1287 1039 1541 1108 dicendi
1563 1056 1730 1109 sunt.
1764 1047 1944 1112 Certe
1977 1045 2252 1115 Severus
2286 1051 2720 1116 Antiochenus
2747 1053 2916 1134 apud
2949 1068 3068 1115 nos
3104 1051 3338 1115 citabat
3380 1037 3591 1133 Cyrilli
3637 1054 3705 1116 in

564 1141 655 1238 'II.
680 1143 760 1206 ad
791 1145 931 1206 Cor.
964 1143 1221 1238 tertium
1249 1149 1312 1207 et
1362 1145 1706 1225 septimum
1731 1147 2140 1228 sermonem’(
2159 1147 2338 1228 λόγον)
2379 1149 2486 1231 (a).
2519 1153 2827 1236 Caeterum
2855 1154 3167 1232 generalis
3216 1141 3444 1218 horum
3494 1153 3703 1238 Cyrilli

391 1232 676 1320 operum
705 1232 1198 1325 exegeticorum'
1238 1245 1456 1310 titulus
1477 1246 1689 1310 modo
1728 1246 1848 1310 fuit
1877 1259 2038 1331 ἑρμηη

2059 1258 2168 1327 sta,
2215 1251 2680 1332 interpretatio,
2735 1232 2928 1319 modo
2959 1266 3280 1338 ὑπόμνημα,
3312 1232 3705 1321 commenta-

387 1365 562 1410 nus.

476 1449 540 1511 5.
578 1449 813 1531 σῃτέιίιί
842 1447 1429 1520 commentarius'in
1463 1447 1855 1535 Psalmos.—
1879 1462 2032 1525 Post
2077 1460 2286 1543 Cyrilli
2316 1461 2392 1524 ad
2444 1464 2717 1546 quatuor
2745 1464 2922 1528 Pauli
2951 1459 3266 1550 Epistolas
3322 1447 3705 1533 commenta-

384 1550 554 1628 rios,
579 1556 661 1618 de
695 1555 981 1639 ejusdem
1009 1549 1090 1623 ad
1118 1558 2056 1650 Psalteriumluctibrationibus
2091 1564 2371 1644 cogitare
2420 1566 2612 1646 coepi.
2645 1567 2894 1630 Etenim
2924 1562 3042 1647 ego
3062 1569 3444 1640 Balthasaris
3468 1570 3705 1634 Corde-

387 1659 471 1721 rii
498 1660 572 1722 in
593 1662 881 1724 Psalmos
918 1658 1208 1726 catenam
1236 1681 1382 1727 cum
1409 1661 1624 1745 aliquo
1655 1662 1957 1728 Vaticano
1987 1664 2209 1744 codice
2248 1666 2412 1729 forte
2452 1684 2851 1750 comparans,
2871 1670 3080 1734 statim
3112 1688 3494 1752 agnoveram
3523 1687 3704 1734 com-

385 1754 621 1845 plures
639 1766 853 1848 Cyrilli
867 1759 1080 1848 partes
1094 1759 1494 1832 Corderianaa
1525 1755 1790 1832 editioni
1815 1767 2061 1834 deesse.
2077 1773 2298 1852 Itaque
2326 1771 2622 1835 constitui
2653 1778 3004 1860 ea’tantum
3027 1775 3242 1855 Cyrilli
3272 1779 3602 1864 segmenta
3626 1790 3706 1850 ex

384 1866 721 1960 Vaticanis
752 1863 1082 1934 codicibus
1096 1864 1392 1961 sumere,
1429 1871 1582 1954 qua?
1601 1874 1667 1936 in
1700 1873 1902 1938 tribus
1937 1875 2334 1954 Corderianaa
2369 1881 2609 1939 catenae
2669 1877 3096 1960 voluminibus
3122 1897 3251 1943 non
3290 1879 3702 1961 apparebant.

382 1958 530 2029 Hec
566 1968 870 2049 suscepto
894 1958 1256 2060 _prdesito,
1291 1973 1817 2064 cmpi’Vaticanas
1849 1975 1930 2039 ad
1971 1970 2266 2064 Psalmos
2284 1981 2540 2040 catenas
2581 1958 2884 2058 prout-se
2938 1958 3173 2044 dabant
3229 1958 3552 2057 excutere,
3583 1987 3704 2043 tot-

381 2083 519 2146 que
559 2065 814 2131 illarum
858 2069 1076 2133 inveni
1122 2072 1500 2156 codices,‘ut
1528 2070 1980 2138 duodecimum
2021 2089 2358 2154 numerum
2389 2075 2548 2138 mihi
2592 2076 3019 2159 expleverint;
3059 2097 3240 2165 quos
3304 2097 3423 2160 ego
3449 2079 3704 2144 codices

381 2168 455 2230 in
487 2161 642 2230 libri
672 2169 804 2232 mei
833 2167 1229 2253 marginibus
1274 2173 1513 2237 denOt'o
1552 2174 1774 2236 litteris
1825 2181 1896 2236 A.
1925 2177 1996 2236 B.
2035 2177 2098 2248 c.
2142 2176 2308 2262 ne.
2342 2177 2409 2238 F.
2454 2177 2722 2239 6.11.1.
2765 2180 2839 2240 K.
2883 2181 2951 2240 L.
2985 2161 3065 2240 M.
3105 2183 3178 2242 Et
3199 2180 3456 2262 quidem
3490 2177 3702 2262 Cyrilli

382 2268 636 2334 nomen
676 2266 742 2334 in
776 2269 1046 2354 singulis
1067 2268 1540 2339 codicumlOcis
1567 2281 1880 2359 perpetuo
1912 2277 2230 2366 scribitur,
2262 2275 2332 2340 ut
2362 2277 2493 2366 dixi
2544 2281 2613 2368 in
2640 2265 2856 2368 adnot.
2891 2283 2969 2344 ad
3024 2300 3186 2346 vers.
3213 2283 3247 2344 9
3278 2273 3507 2364 psalmi
3565 2301 3696 2346 xm.

381 2377 500 2438 His
533 2367 788 2441 accedit
819 2365 1329 2472 unicum‘fonuui
1356 2383 1749 2472 Veronense,
1787 2379 1866 2470 de
1895 2401 2023 2464 quo
2055 2401 2208 2470 mox
2263 2383 2513 2472 loquar.
2548 2365 2994 2449 Ibi‘enimvero
3024 2395 3234 2468 ccepto
3260 2393 3322 2450 et
3351 2387 3540 2468 paulo
3563 2388 3701 2451 lon-

381 2482 530 2561 gius
572 2476 920 2565 progresso
956 2466 1178 2564 Opere,
1211 2467 1377 2570 cum:
1395 2466 1638 2547 inedita
1673 2467 1885 2566 Cyrilli
1911 2467 2172 2574 materia
2211 2470 2449 2549 aﬂ'atim
2488 2491 2550 2572 et
2583 2489 2774 2576 supra
2811 2473 3067 2551 omnem
3107 2466 3287 2569 spem
3316 2466 3695 2576 abundaret,

379 2585 769 2668 poenitentia
802 2585 912 2648 me"
932 2579 1127 2667 cepit,
1158 2579 1806 2670 quod'supplementa
1825 2577 2039 2666 ’Cyrilli
2075 2579 2364 2651 seorsum
2387 2587 2440 2651 ia
2467 2578 2689 2651 catena
2718 2579 2998 2653 Corderii
3029 2577 3199 2671 typis
3229 2582 3546 2669 excudere
3604 2587 3694 2655 in-

376 2678 762 2767 stituiss'em,
798 2709 946 2754 cum
979 2681 1220 2755 contra
1260 2693 1648 2780 oportuisset
1696 2675 2109 2779 Corderianas
2164 2679 2378 2782 potius
2417 2691 2628 2773 Cyrilli
2680 2679 2893 2778 partes
2945 2679 3694 2784 interllibri'meimulto

375 2791 724 2882 uberiores
763 2808 838 2855 ac
866 2777 1340 2874 praestantiOres
1395 2794 1642 2857 divitias
1673 2777 2010 2857 conserere
2049 2813 2063 2856 :
2104 2811 2232 2875 quo
2261 2779 2452 2886 facto,
2486 2795 2806 2874 integrum
2834 2813 3040 2878 prope
3069 2795 3279 2880 Cyrilli
3302 2798 3380 2860 ad
3410 2781 3694 2886 Psalmos

377 2879 924 2958 commentarium
951 2897 1018 2959 in
1050 2897 1282 2961 seriem
1316 2883 1755 2984 restituissem.
1789 2885 1986 2962 Tanta
2017 2899 2188 2984 enim
2224 2879 2715 2979 est’Cyril‘lianee‘
2752 2894 2845 2964 rei
2899 2901 2966 2963 in
3006 2902 3323 2966 Vaticanis
3364 2883 3692 2992 codicibus

378 2996 597 3078 c0pia,
639 3004 713 3059 ut
753 2996 1110 3088 fragmenta
1148 2998 1418 3063 antehac
1481 3000 1648 3063 edita
1681 3000 1873 3080 longe
1911 3008 2171 3084 superet
2211 3002 2585 3082 obruatque.
2640 3004 2822 3067 Nunc
2869 3003 3018 3083 quia
3065 2995 3398 3084 consilium
3441 3013 3690 3093 mutare

380 3104 599 3179 empto
635 3098 706 3161 in’
737 3116 936 3179 opere
983 3115 1115 3162 non
1147 3101 1401 3178 licebat,
1437 3109 1728 3183 superest
1756 3111 1825 3166 ut
1859 3110 1994 3165 tum
2024 3103 2283 3166 demum
2320 3109 2491 3167 totus
2528 3104 2739 3185 Cyrilli
2761 3106 2828 3168 in
2863 3106 3145 3169 Psalmos
3193 3108 3688 3171 commentarius

385 3199 512 3276 una
543 3200 713 3263 serie
747 3187 1311 3283 connectaturlb),
1349 3217 1492 3266 cum
1521 3201 1734 3264 omnia
1772 3202 2147 3265 sanctissimi
2175 3201 2289 3263 viri
2318 3219 2537 3284 Opera,
2578 3204 2812 3283 partim
2835 3203 3044 3266 adhuc
3079 3193 3367 3283 dispersa
3399 3210 3507 3267 aut
3531 3223 3685 3286 per-

391 3302 632 3365 turbata
658 3299 677 3377 ’,
723 3311 896 3366 n0vo
933 3321 1004 3368 ac
1039 3291 1306 3370 me'liOre
1350 3313 1664 3386 apparatu
1702 3296 2004 3379 edentur;
2046 3303 2220 3386 quod
2267 3304 2406 3367 fore
2438 3315 2738 3385 auguror,
2771 3311 2832 3369 et
2857 3305 2923 3370 in
2969 3303 3316 3386 superioris
3346 3306 3688 3372 voluminis

385 3405 663 3486 prologo
695 3404 852 3469 satis
881 3407 1072 3470 suasi.
2005 3435 2012 3440 ‘
2515 3492 2520 3497 _
3443 3497 3448 3502 .

461 3507 524 3572 6.
554 3510 826 3574 Codices
857 3512 1025 3574 unde
1055 3518 1338 3594 sumptus
1371 3499 1672 3592 Cyrinus.
1702 3547 1778 3602 7-
1809 3511 1967 3576 Sunt
1997 3512 2207 3600 autem
2245 3513 2609 3575 catenarum
2646 3511 2713 3574 in
2753 3509 3034 3576 Psalmos
3061 3510 3351 3605 Vaticani
3407 3499 3684 3592 codices,

373 3613 558 3674 unde
588 3609 711 3677 nos
742 3615 1046 3694 Cyrillum
1075 3615 1424 3700 hauSimus,
1457 3615 1548 3701 hi.
1579 3618 1630 3678 Ι.
1668 3616 1880 3680 Codex
1923 3631 2114 3696 quem
2140 3616 2208 3676 Α.
2242 3614 2521 3696 appello,
2563 3614 2728 3676 inter
2785 3619 3050 3678 caeteros
3099 3619 3432 3696 praestans,
3456 3625 3682 3680 'mem-

374 3712 696 3792 braneus,
733 3717 954 3781 saeculi
997 3735 1136 3794 xm,
1176 3718 1244 3780 in
1273 3716 1386 3781 fel.
1419 3716 1714 3780 Contine’t
1751 3717 1806 3779 is
1857 3716 2094 3780 Nicetm
2121 3716 2189 3778 in
2225 3716 2511 3780 Psalmos
2533 3718 2787 3780 Patrum
2837 3707 3150 3795 catenam,
3205 3709 3490 3800 praa'ﬁxo'
3525 3738 3680 3801 pro-

369 3817 561 3899 logo,
617 3839 813 3902 quem
863 3829 992 3885 nos
1036 3828 1182 3886 ante
1231 3821 1531 3903 Cyrillum
1583 3823 1874 3886 nestrum'
1914 3809 2161 3885 exstare
2211 3818 2548 3884 voluimus.
2595 3822 2705 3884 Est
2739 3815 2843 3884 hic
2879 3821 3052 3885 idem
3081 3821 3288 3885 codex
3323 3822 3496 3886 unde
3528 3823 3683 3887 olim

371 3907 863 4006 Ifelck’mannus
890 3917 1058 3984 nova
1092 3903 1309 4002 magni
1346 3916 1668 3985 Athanasii
1700 3911 1780 3984 ad
1807 3913 2094 3983 Psalmos
2121 3919 2473 4001 fragmenta
2502 3919 2745 3996 extulit,
2771 3937 2916 4003 qua;
2945 3921 3013 3984 in
3032 3922 3494 3988 Montfauconii
3515 3915 3678 3989 edi-

369 4005 562 4084 tione
623 4021 840 4085 videre
882 4017 1000 4086 est.
1047 4005 1204 4095 Quia
1252 4027 1402 4084 vero
1446 4012 1565 4084 hic
1603 4013 1808 4084 codex
1860 4021 2119 4084 nonnisi
2165 4016 2371 4101 usque
2400 4022 2478 4084 ad
2517 4021 2832 4102 psalmum
2874 4038 3075 4083 LXXVI
3118 4015 3488 4103 porrigitur,
3529 4028 3680 4090 satis

373 4129 642 4187 constat
676 4122 902 4187 deesse
949 4104 1219 4190 alterum
1264 4109 1435 4205 paris
1483 4112 2025 4193 molis'volumen,
2056 4114 2231 4203 qudd
2259 4116 2415 4184 num
2441 4117 2684 4184 alicubi
2713 4119 2923 4185 adhuc
2959 4119 3183 4197 exstet,
3219 4119 3401 4188 valde
3431 4125 3674 4192 dubito.

371 4230 457 4291 II.
486 4220 829 4307 Codex*B.‘,
865 4229 1261 4306 chartaCeus,
1285 4227 1502 4292 saeculi
1522 4245 1636 4302 xv,
1667 4225 1808 4302 tot,
1849 4227 1916 4289 in
1946 4226 2074 4290 duo
2099 4223 2327 4305 magna
2346 4220 2668 4288 volumina
2695 4224 3086 4306 dispertitus,
3115 4243 3262 4290 cum
3300 4233 3520 4292 catena
3539 4223 3675 4295 'Pa-

369 4309 564 4407 trum"
594 4313 1084 4395 ad'Psalterium
1124 4336 1332 4395 totum
1369 4325 1828 4413 cepiosiSSima.
1863 4319 2065 4404 Quare
2095 4334 2156 4392 et
2178 4321 2292 4391 hic
2340 4328 2508 4391 inter
2539 4326 2674 4392 fere
2712 4326 3142 4391 nobilissimos
3185 4327 3518 4394 habendus
3556 4325 3673 4396 est.

366 4433 486 4495 III.
513 4429 842 4508 CodexiC.,
875 4427 1325 4514 bombycinus,
1347 4429 1501 4509 i114,
1523 4419 1672 4496 suae.
1705 4449 1844 4507 xlv,
1878 4430 1992 4512 qui
2033 4436 2267 4512 praeter
2305 4436 2594 4494 catenam
2622 4429 2815 4493 habet
2847 4429 3036 4493 etiam
3063 4420 3424 4512 adjunctam
3453 4451 3675 4514 quam-

368 4535 528 4598 dam
577 4515 1050 4615 paraphrasim;
1097 4535 1445 4598 ita'tamen
1470 4539 1542 4596 'u't
1579 4551 1616 4595 a
1653 4522 1817 4615 psal.
1859 4525 2071 4595 xxxvi
2104 4529 2184 4596 ad
2214 4549 2276 4594 LI
2303 4537 2366 4596 et
2385 4531 2709 4595 interdum
2750 4529 2904 4594 alibi
2942 4528 3335 4595 scholiorum
3371 4535 3676 4599 comitatu

369 4621 789 4698 destituatur.
820 4635 924 4698 IV.
958 4635 1170 4699 Codex
1213 4637 1312 4713 D.,
1352 4637 1648 4711 membr.,
1683 4634 1751 4697 in
1798 4633 1939 4712 fol.,
1979 4652 2128 4699 saac.
2176 4633 2272 4710 xi,
2325 4635 2506 4699 valde
2560 4633 2814 4712 nobilis,
2865 4651 3010 4698 cum
3054 4640 3367 4715 perpetua
3428 4643 3671 4714 catena,

369 4754 528 4800 cum
559 4735 1012 4818 hexaplaribus
1050 4737 1116 4799 in
1179 4732 1462 4816 margine
1515 4734 1949 4809 varietatibus,
1997 4740 2062 4797 et
2089 4751 2233 4797 cum
2267 4729 2490 4813 grandi
2546 4735 2827 4813 isagoge,
2868 4751 2946 4796 ex
2994 4749 3120 4815 qua
3162 4735 3672 4802 Montfauconius

364 4841 439 4903 in
486 4840 636 4903 aliis
679 4841 841 4904 lecta
885 4841 1215 4905 codicibus
1260 4841 1379 4903 tria
1423 4839 1711 4920 Origenis
1758 4835 2068 4919 opuscula
2118 4838 2316 4901 edidit
2371 4838 3052 4919 anteceleberrimam
3108 4857 3286 4902 suam
3340 4843 3669 4924 Ηεωαριο-

360 4934 515 5003 rum
541 4935 1046 5004 restitutionem.
1097 4943 1170 5004 V.
1223 4940 1437 5004 Codex
1456 4931 1562 5015 ‘E.,
1610 4935 2082 5015 membraneus,
2132 4938 2272 5014 fol.,
2307 4935 2454 5003 saic.
2504 4957 2641 5016 xxv,
2674 4946 2896 5004 catena
2925 4939 2994 5002 in
3030 4944 3235 5003 totum
3270 4942 3663 5006 Psalterium.

359 5045 472 5106 VI.
524 5045 745 5106 Codex
773 5043 867 5119 F'.,
905 5044 974 5105 in
1020 5043 1104 5119 4.,
1137 5029 1613 5118 membraneus,
1647 5034 1863 5104 saeculi
1906 5036 2252 5118 x1ve1xi1,
2287 5041 2563 5122 eleganti
2603 5040 2973 5122 scriptione,
3003 5040 3071 5102 in
3114 5038 3404 5111 Psalmos.
3441 5039 3668 5106 omnes

357 5131 624 5210 catena.
674 5146 807 5208 VII.
853 5147 1065 5209 Codex
1119 5149 1219 5222 G.,
1270 5145 1410 5223 fol.,
1438 5146 1677 5220 'chart.,
1738 5142 1988 5225 recens,
2045 5158 2269 5212 catena
2316 5165 2352 5211 a
2387 5143 2632 5230 psalmo
2669 5143 2731 5208 LI
2766 5143 2972 5228 usque
2995 5144 3074 5207 ad
3124 5146 3315 5209 ﬁnem
3353 5147 3660 5212 Psalterii.

240 5242 246 5246 ’
357 5251 537 5312 VIII.
566 5250 779 5314 Codex
808 5251 914 5326 Η.,
936 5248 1077 5324 fol.,
1113 5249 1340 5326 chart.,
1370 5249 1600 5313 induo
1623 5249 1944 5314 volumina
1967 5256 2196 5327 sectus,
2230 5251 2341 5332 qui
2361 5250 2480 5314 fuit
2511 5236 2662 5313 olim
2693 5243 3662 5330 GibertiepiscOinerOnensis,

362 5345 824 5415 catena'densa
853 5367 888 5414 a
924 5343 1169 5431 psalmo
1191 5367 1274 5412 Lv
1299 5349 1366 5412 in
1399 5366 1622 5412 omnes
1651 5347 1956 5432 reliquos,
1988 5346 2143 5432 qua!
2161 5368 2305 5414 cum
2325 5349 2433 5412 illa
2453 5348 2795 5430 praeS’tante
2816 5347 3056 5411 codicis
3081 5349 3152 5408 B.
3185 5347 3366 5413 valde
3400 5355 3664 5434 conspi-

360 5457 502 5516 rat.'
529 5446 636 5516 IX.
662 5442 875 5516 Codex
905 5454 959 5527 Ι,
993 5452 1291 5526 membr.,
1325 5450 1463 5528 fol.,
1515 5468 1665 5514 saac.
1708 5468 1822 5528 xu,
1874 5457 2097 5515 catena
2135 5470 2171 5514 a
2211 5450 2371 5534 psal.
2406 5451 2613 5532 primo
2657 5449 2737 5513 ad
2777 5449 3413 5530 quinquagesimum;
3465 5467 3664 5536 quare

357 5558 465 5618 vix
507 5561 608 5618 est
644 5554 1095 5630 dubitandum,
1122 5551 1437 5637 quin'alia
1469 5555 1598 5618 duo
1638 5556 1808 5637 paris
1834 5554 2026 5618 molis
2061 5554 2385 5618 volumina
2433 5553 2796 5617 interierint
2822 5553 2921 5617 vel
2963 5554 3197 5630 alicubi
3259 5555 3518 5620 lateant.
3557 5560 3664 5621 Est

355 5674 516 5721 vero
556 5655 664 5720 hic
710 5655 916 5721 codex
951 5656 1153 5720 multo
1187 5656 1582 5734 utilissimus,
1620 5657 1768 5738 quia
1798 5655 2076 5738 spatiosa
2121 5671 2287 5737 pene
2337 5671 2474 5737 pra:
2523 5652 2769 5716 caeteris
2808 5653 3094 5717 continet
3133 5653 3384 5718 Patrum
3435 5673 3662 5720 execr-

441 5821 512 5896 la)
542 5824 682 5882 Vide
714 5834 832 5882 not.
875 5824 947 5881 ad
973 5799 1597 5897 CyrilliExpositionem
1639 5784 1952 5890 i'n’ll'Coru
2051 5793 2414 5897 ι-(ὁγριιόξὶ
2474 5821 2530 5877 in
2579 5821 2681 5878 hac
2733 5820 3030 5878 novissima
3089 5796 3333 5879 editione
3397 5801 3652 5878 iecimus.

345 5891 635 5970 cap.'xm,
669 5911 818 5954 vers.
852 5897 907 5951 5.
1020 5891 1035 5897 ⁷
1268 5891 1289 5897 ’
1709 5901 1718 5973 ξ
1785 5901 1787 5904 ‘
2078 5891 2228 5950 Em.
2264 5891 2426 5947 Pun.
2969 5919 2973 5922 ~
