4172 6458
539 355 634 410 ιιι
1903 351 2106 408 CARD.
2141 355 2183 408 Α

2175 354 2301 410 .NG.
2346 352 2465 408 MAI
3699 354 3822 414 ΗΞ

541 479 684 552 pta:
718 484 859 547 quae
881 482 982 528 res
1019 482 1120 527 me
1152 464 1491 527 commovit
1518 471 1609 538 ut,
1652 470 1883 544 praeter
1912 465 2234 545 Cyrillum,
2267 466 2423 529 alios
2452 483 2711 546 quoque
2742 467 2982 546 aliquot
3021 483 3428 548 excerperem
3469 466 3685 531 Patres
3711 468 3816 530 in-

543 573 766 646 editos,
809 589 970 651 quos
1008 579 1293 650 tempore
1336 567 1672 630 commodo
1719 568 1786 630 in
1824 567 2029 631 lucem
2072 569 2411 650 proferam.
2466 570 2539 630 Χ.
2588 571 2797 633 Codex
2838 574 2939 646 K.,
2980 573 3273 645 membr.,
3309 571 3447 647 fol.,
3490 590 3637 636 saec.
3684 591 3798 645 xu,

539 681 761 736 catena
793 673 1034 750 integra
1077 670 1142 730 in
1173 666 1477 743 Psalmos,
1512 686 1654 730 cum
1702 667 1808 730 illa
1839 686 2095 748 quoque
2117 671 2377 748 isagoge
2409 669 2487 730 de
2511 687 2635 750 qua
2667 671 2795 732 dixi
2819 671 2897 733 ad
2949 673 3090 734 cod.
3154 673 3224 732 D.
3250 674 3319 733 In
3370 672 3487 736 hac
3543 675 3798 754 isagoge

538 787 689 840 sunt
713 774 900 836 etiam
930 769 1314 832 Theodoreti
1350 776 1724 847 argumenta
1769 771 2183 847 Psalmorum,
2227 774 2425 836 multo
2459 775 2640 835 editis
2692 773 3002 853 pleniora,
3050 791 3413 854 quanquam
3458 774 3802 839 identidem

533 887 705 944 certe
734 874 1111 958 interpolata
1149 879 1317 935 sunt.
1346 874 1451 934 ΧΙ.
1483 873 1694 934 Codex
1730 875 1824 949 L.,
1852 875 2146 948 membr.,
2181 874 2248 934 in
2284 874 2341 949 4,
2377 874 2594 937 saeculi
2632 876 2830 936 ferme
2872 892 2962 936 xu
2999 884 3106 939 aut
3134 897 3271 954 xm,
3298 888 3517 943 catena
3547 881 3611 943 in
3654 884 3798 944 uni-

532 1001 782 1047 versum
814 979 1210 1051 Psalterium,
1251 991 1396 1037 cum
1429 968 1731 1055 praedicta
1775 972 2060 1052 isagoge.
2093 975 2448 1054 Creteroqui
2486 973 2588 1035 hic
2621 973 2824 1036 codex
2873 975 3122 1038 mendis
3158 977 3456 1041 abundat.
3513 980 3644 1040 XII.
3683 981 3802 1042 Co-

529 1094 650 1152 dex
672 1092 777 1162 M.,
812 1089 1036 1160 chart.,
1077 1083 1216 1157 fol.,
1250 1097 1396 1142 saec.
1435 1097 1548 1154 xv,
1601 1077 1669 1139 in
1701 1079 2061 1141 universum
2098 1077 2470 1140 Psalterium
2524 1083 2767 1141 catena.
2819 1079 3033 1140 Patres
3065 1086 3276 1141 autem
3317 1078 3382 1142 in
3421 1080 3520 1142 his
3563 1082 3804 1144 catenis

528 1191 761 1252 laudati
794 1205 985 1270 supra
1015 1182 1472 1264 quinquaginta
1501 1185 1668 1254 sunt,
1707 1197 1939 1259 nempe
1977 1179 2357 1252 Anastasius,
2385 1179 2663 1242 Andreas
2700 1181 3081 1262 (Cretensis),
3118 1186 3489 1262 Anonymus
3519 1183 3800 1264 quidam,

527 1294 900 1368 Antiochus,
935 1288 1336 1372 Apollinaris,
1365 1285 1650 1359 Arethas,
1683 1285 2003 1358 Arsenius,
2047 1284 2345 1359 Asterius,
2380 1303 2552 1348 nunc
2581 1285 2716 1347 sine
2743 1285 3060 1365 adjuncto,
3093 1301 3262 1346 nunc
3299 1284 3586 1360 Arianus,
3619 1283 3803 1346 Atha-

531 1396 767 1470 nasius,
813 1393 1101 1463 Basilius,
1144 1391 1497 1464 Cassianus,
1529 1390 1840 1462 Clemens,
1883 1388 2150 1468 Cyrillus
2185 1389 2388 1464 Alex.,
2426 1388 2697 1468 Cyrillus
2740 1389 3084 1464 Hierosol.,
3122 1388 3387 1468 Cyrillus
3443 1390 3799 1469 presbyter,

529 1495 857 1573 Didymus,
919 1490 1257 1564 Diodorus,
1318 1489 1680 1568 Dionysius,
1745 1488 2122 1565 Dorotheus,
2172 1489 2594 1569 Ephraamius,
2644 1490 3066 1570 Epiphanius,
3121 1489 3443 1566 Evagrius,
3496 1487 3802 1566 Eulogius

528 1594 734 1667 Alex.,
766 1591 1077 1654 Ensebius
1107 1592 1360 1665 Caesam,
1402 1589 1790 1664 Gennadius,
1822 1591 2150 1668 Georgius,
2201 1591 2573 1665 Germanus,
2628 1590 2968 1668 Gregorius
3005 1591 3180 1664 Naz.,
3213 1587 3554 1665 Gregorius
3585 1589 3802 1668 Nyss.,

529 1695 908 1768 Hadrianus,
942 1690 1318 1772 Hesychius,
1357 1693 1806 1771 Hieronymus,
1837 1691 2172 1772 Hypatius,
2207 1694 2484 1754 Joannes
2514 1692 3016 1772 Chrysostomus,
3050 1693 3327 1754 Joannes
3358 1691 3803 1763 Damascenus,

529 1797 830 1870 Isidorus,
865 1795 1208 1869 Maximus,
1241 1794 1714 1874 Metaphrastes,
1760 1793 2141 1871 Methodius,
2173 1794 2642 1875 MetrOphanes,
2687 1794 2934 1857 Nicetas
2975 1793 3189 1868 David,
3214 1793 3414 1868 Nilus,
3465 1791 3802 1872 Olympio-

530 1901 748 1974 dorus,
802 1899 1133 1976 Origenes,
1185 1895 1368 1958 Philo
1421 1898 1642 1973 Hebr.,
1697 1897 1985 1974 Photius,
2027 1898 2317 1972 Severus,
2365 1895 2638 1972 Scholia,
2679 1895 3142 1974 Theodoretus,
3175 1897 3572 1971 Theodorus,
3598 1893 3795 1956 modo

527 2005 664 2066 sine
698 2003 995 2082 adjuncto
1030 2001 1317 2081 (fortasse
1349 2001 1808 2084 Heracleotes),
1843 2003 2037 2066 modo
2060 2001 2497 2066 'Antiochenus
2528 2003 2628 2064 vel
2660 2005 3084 2084 MOpsuestiaa,
3143 2001 3544 2064 Theodosius
3597 1998 3805 2080 (cujus

526 2119 648 2164 nos
705 2101 854 2164 olim
891 2100 1210 2163 edidimus.
1237 2100 1481 2163 scholia
1511 2101 1803 2182 qude
1833 2102 1912 2164 ad
1941 2101 2313 2182 Danielem),
2350 2102 2740 2176 Theodotus,
2775 2101 3189 2182 TheOphilus,
3231 2109 3293 2164 et
3321 2101 3587 2162 fortasse
3631 2113 3804 2158 non-

528 2205 686 2268 nulli
714 2205 841 2268 alii.
871 2205 1149 2267 Citantur
1187 2211 1494 2286 praeterea
1530 2196 1872 2286 aliquando
1897 2213 2110 2270 textus
2129 2207 2456 2282 Hebraeus,
2481 2206 2890 2286 Septuaginta
2916 2208 3323 2286 Interpretes,
3354 2199 3600 2281 Aquila,
3626 2197 3808 2276 Sym-

526 2303 808 2379 machus,
847 2303 1224 2378 Theodotio,
1263 2308 1325 2364 et
1351 2302 1575 2376 Quinta
1621 2320 1693 2366 ac
1728 2304 1915 2367 Sexta
1937 2304 2288 2368 Editiones.
2319 2307 2409 2367 Ex
2434 2303 2534 2368 his
2570 2306 2844 2386 quisque
2877 2306 3160 2370 eruditus
3208 2305 3399 2380 videt,
3437 2299 3657 2382 quanti
3703 2295 3805 2358 la-

529 2419 703 2475 teant
738 2413 805 2474 in
831 2412 930 2475 his
963 2411 1292 2476 codicibus
1321 2411 1626 2493 doctrinae
1655 2411 1961 2486 thesauri,
2001 2414 2112 2493 qui
2148 2413 2542 2492 singulorum
2592 2415 2846 2476 Patrum
2891 2413 3200 2476 editiones
3236 2406 3559 2472 cumulare
3611 2409 3804 2484 pote-

527 2522 694 2590 runt,
729 2514 827 2577 vel
859 2514 1047 2577 etiam
1077 2491 1471 2594 primitus'in
1513 2513 1836 2594 publicam
1873 2491 2080 2578 lucem
2122 2491 2450 2578 vindicari.
2511 2517 2640 2577 Nos
2681 2515 2926 2578 interea
2978 2532 3179 2578 unum
3230 2532 3307 2577 ex
3356 2518 3448 2574 tot
3503 2508 3803 2590 Cyrillum

527 2617 1024 2681 Alexandrinum
1043 2616 1507 2698 excerpsimus,
1538 2624 1601 2680 et
1637 2618 2032 2697 singulorum
2076 2619 2372 2682 codicum
2411 2601 2780 2683 indicativas
2806 2620 3045 2682 litteras
3071 2618 3136 2678 in
3170 2615 3309 2677 libri
3338 2610 3535 2675 nostri
3565 2609 3802 2686 margi-

527 2721 714 2782 nibus
742 2717 822 2781 ad
865 2723 1239 2800 perpetuam
1266 2719 1542 2784 veritatis
1563 2720 2169 2785 demonstrationem
2199 2723 2514 2787 laboriosa
2551 2724 2881 2787 sedulitate
2915 2721 3344 2804 ascripsimus.
3624 2774 3626 2776 ,

606 2821 665 2880 7.
713 2820 939 2899 Cyrilli
974 2821 1399 2902 fragmentum
1442 2828 1789 2889 Veronense
1822 2828 2069 2890 etalia.
2099 2865 2174 2874 -
2205 2830 2344 2892 Dixi
2375 2837 2599 2907 antea,
2639 2848 2743 2894 me
2772 2831 2850 2894 de
2894 2829 3246 2892 Veronensi
3283 2841 3541 2908 quoque
3588 2820 3806 2903 Cyrilli

528 2927 881 3005 fragmento
910 2927 1295 2992 locuturum.
1314 2933 1412 2994 -Ea
1440 2933 1655 2994 res-ita
1679 2950 1746 2995 se
1778 2932 1970 2996 habet
1998 2952 2011 2994 :
2039 2938 2218 2998 Anno
2249 2933 2420 3009 181:4,
2446 2942 2779 3016 postquam
2807 2937 3026 2996 Roma;
3047 2939 3178 3013 jam
3206 2928 3502 3010 Cyrillum
3533 2926 3599 2988 in
3620 2922 3806 2985 Pauli

527 3028 838 3109 Epistolas
863 3031 1033 3111 typis
1055 3029 1520 3112 impr-esseiam,
1555 3034 1967 3114 ejusdemque
1996 3034 2062 3096 in
2085 3035 2365 3099 Psalmos
2389 3036 2920 3098 commentarium
2957 3033 3182 3113 partim
3219 3048 3400 3111 aeque
3429 3027 3611 3110 prelo
3637 3043 3799 3104 sup-

527 3148 889 3211 posueram,
921 3129 1088 3194 facto
1118 3131 1184 3193 in
1214 3131 1682 3196 autumnalibus
1718 3133 1893 3196 feriis
1931 3151 2048 3214 per
2079 3136 2476 3216 superiorem
2510 3135 2751 3198 Italiam
2785 3153 3078 3208 excursu,
3113 3132 3395 3195 Venetiis
3431 3128 3638 3211 primo
3669 3126 3796 3205 Cy-

529 3237 651 3299 rilli
672 3236 1023 3316 fragmenta
1043 3237 1122 3300 ad
1151 3239 1397 3316 Regum
1419 3237 1614 3302 libros
1635 3255 1714 3301 ex
1745 3237 1945 3301 nobili
1973 3240 2290 3302 Marciano
2320 3239 2540 3302 codice
2573 3238 2825 3317 collegi.
2869 3237 3107 3300 Deinde
3137 3236 3452 3298 Veronam
3503 3229 3798 3302 veniens,

533 3341 703 3402 adita
752 3341 887 3401 RR.
918 3340 1381 3404 Canonicorum
1415 3341 1652 3421 insigni
1699 3341 1990 3406 codicum
2053 3343 2464 3419 bibliotheca,
2511 3343 2774 3424 quaesivi
2810 3359 2845 3404 a
2897 3337 3379 3404 bibliothecario
3437 3351 3592 3396 num
3641 3329 3798 3411 quid

525 3444 618 3506 ibi
643 3444 1400 3524 Cyrilliconservaretur;
1432 3449 1544 3527 qui
1590 3447 1743 3510 mihi
1807 3448 2014 3509 statim
2068 3447 2294 3511 folium
2333 3448 2584 3522 obtulit,
2633 3447 2802 3508 inter
2853 3445 3108 3508 codices
3145 3442 3273 3503 illic
3327 3439 3797 3506 conservatum,

529 3546 703 3626 quod
733 3546 960 3625 cupide
993 3547 1360 3629 inspiciens,
1388 3554 1594 3633 ipsam
1621 3569 1761 3616 esse
1798 3552 2069 3632 cognovi
2090 3553 2303 3634 Cyrilli
2333 3552 2771 3634 praifationem
2809 3547 2975 3630 (qua:
3019 3549 3088 3609 in
3115 3542 3431 3612 Vaticanis
3465 3536 3801 3602 codicibus

529 3651 764 3732 deerat)
807 3655 884 3717 ad
940 3673 1124 3719 suum
1177 3657 1244 3719 in
1281 3659 1566 3721 Psalmos
1599 3660 2149 3736 commentarium,
2178 3675 2370 3740 quem
2403 3675 2546 3738 ego,
2577 3665 2648 3720 ut
2680 3656 2832 3731 dixi,
2857 3655 2990 3735 jam
3017 3649 3384 3730 imprimere
3415 3633 3799 3720 acephalum

531 3754 754 3814 Roma}
789 3772 1129 3836 coeperam.
1155 3761 1320 3839 Ergo
1369 3761 1510 3824 data
1539 3779 1575 3823 a
1598 3762 1732 3823 RR.
1775 3764 2105 3826 Canonicis
2144 3763 2420 3842 benigne
2449 3763 2628 3826 venia
2675 3759 3008 3841 gemmulte
3056 3757 3244 3840 hujus
3275 3745 3598 3827 exemplar
3621 3742 3798 3853 Ρξξπξ·

529 3859 647 3918 bus
691 3857 1034 3924 litterarum
1072 3861 1293 3926 formis
1322 3864 1629 3941 faciendi,
1693 3874 1883 3947 prout
1935 3885 2112 3930 nunc
2168 3868 2237 3930 in
2288 3868 2499 3930 tabula
2553 3873 2768 3930 nostra
2815 3862 3207 3944 conspicitur
3269 3852 3395 3934 (a);
3464 3861 3614 3908 U101
3665 3842 3797 3904 ibi‘

529 3953 674 4017 dem
720 3957 844 4037 legi
901 3961 1091 4023 etiam
1146 3965 1650 4047 manuscriptum
1702 3965 2148 4047 capitularium
2179 3968 2470 4031 codicum
2507 3967 2857 4030 indiculum
2891 3983 2928 4027 a
2966 3961 3264 4042 Scipione
3322 3951 3589 4017 Matl‘aaio
3642 3962 3802 4010 con.

530 4057 881 4133 fectum,in
922 4081 1050 4143 quo
1081 4064 1199 4127 sub
1250 4084 1516 4130 numero
1566 4066 1675 4131 119
1707 4067 1802 4128 vir
1843 4067 1949 4133 ille
2001 4066 2426 4144 doctissimus,
2464 4067 2790 4150 Cyrilliani
2861 4065 2998 4130 folii
3053 4068 3233 4140 antea
3290 4069 3645 4140 possessor,
3706 4050 3801 4111 ita

530 4158 751 4223 scribit
788 4179 801 4223 :
841 4163 1109 4227 «Codex
1139 4181 1269 4228 non
1302 4171 1420 4242 est,
1455 4185 1645 4247 quem
1683 4169 1786 4234 hic
1816 4169 1954 4244 tibi,
1985 4169 2207 4243 lector,
2239 4185 2450 4244 narro,
2501 4169 2611 4231 sed
2648 4167 2893 4249 pagella
2925 4182 3052 4228 una
3087 4157 3482 4225 membranei
3526 4151 3797 4227 codicis,

529 4264 590 4318 et
619 4262 877 4340 quidem
907 4266 1093 4328 exilis
1108 4267 1469 4330 admodum.
1496 4273 1778 4336 Abscissa
1808 4272 2030 4354 procul
2053 4272 2247 4335 dubio
2273 4272 2414 4346 fuit,
2447 4271 2827 4334 detrimento
2851 4287 3107 4349 magno,
3128 4264 3560 4330 emolumento
3583 4254 3796 4329 nullo,

531 4362 608 4422 ab
641 4363 874 4425 eximio
904 4370 966 4426 et
993 4365 1173 4428 multi
1188 4367 1494 4432 faciendo
1532 4371 1772 4436 libello.
1807 4373 1920 4446 Qui
1957 4389 2095 4434 eam
2126 4372 2204 4433 ad
2235 4390 2336 4435 me
2374 4372 2566 4447 misit,
2604 4372 2897 4456 daturum
2932 4367 3218 4433 sebrevi
3250 4359 3607 4446 persimiles
3637 4356 3800 4452 alias

529 4462 779 4538 multas,
815 4465 1272 4546 subsequentes
1297 4477 1474 4551 puto,
1515 4474 1894 4554 spOpondit;
1925 4475 2036 4538 sed
2090 4475 2168 4538 ab
2195 4475 2378 4538 annis
2435 4474 2726 4554 pluribus
2770 4472 3209 4554 nequidquam
3242 4469 3578 4546 exspecto.
3621 4459 3798 4524 Scri-

526 4568 705 4640 ptum
761 4561 986 4626 litteris
1042 4569 1385 4648 majoribus
1428 4579 1722 4647 constat,
1762 4573 2132 4645 accentibus
2186 4591 2222 4638 a
2270 4574 2474 4654 prima
2532 4591 2725 4636 manu
2789 4572 3239 4654 superpositis;
3289 4566 3628 4647 septimum
3687 4565 3805 4623 aut

528 4669 818 4725 octavum
849 4667 1152 4731 saeculum
1189 4672 1451 4736 redolet.
1485 4675 1577 4735 Ne
1607 4673 1814 4736 avolet
1849 4674 2102 4754 pagella
2163 4680 2225 4736 et
2254 4674 2577 4755 depereat,
2609 4680 2678 4736 ut
2718 4673 2898 4736 initio
2929 4691 3136 4754 nuper
3166 4670 3345 4733 relati
3381 4665 3619 4730 codicis
3646 4659 3800 4724 dili-

527 4774 748 4844 genter
783 4778 1162 4849 assueretur,
1195 4777 1431 4838 curavi.
1465 4777 1622 4850 Quid
1655 4783 1864 4840 autem
1905 4779 2253 4854 contineat,
2281 4779 2523 4859 accipe.
2563 4779 2701 4860 (Hic
2737 4778 3041 4840 Maﬂ‘aeius
3086 4776 3509 4855 fragmentum
3554 4767 3801 4831 exscri-

526 4869 638 4944 bit,
671 4876 805 4932 tum
836 4874 1042 4952 pergit
1076 4875 1288 4938 dicere
1319 4877 1358 4960 ε)
1395 4878 1606 4957 Cyrilli
1637 4879 1982 4957 genuinum
2017 4898 2156 4943 esse
2181 4880 2406 4955 fetum,
2449 4898 2525 4942 ex
2553 4880 2773 4960 paucis
2810 4879 2908 4941 his
2937 4879 3144 4941 verbis
3183 4876 3422 4956 optime
3459 4873 3806 4951 dignoscet

527 4971 897 5052 quicunque
947 4974 1113 5038 illius
1165 4994 1361 5059 opera
1409 4977 1752 5059 aliquando
1801 4983 2089 5044 triverit:
2137 4981 2576 5062 deprehendet
2632 4981 2801 5042 enim
2849 4979 3056 5042 statim
3115 4977 3451 5060 prOprium
3495 4973 3653 5035 illud
3696 4971 3806 5032 di-

527 5074 712 5136 cendi
745 5093 966 5156 genus,
1000 5097 1073 5143 ac
1110 5080 1300 5144 veluti
1325 5081 1665 5162 specialem
1697 5085 2001 5165 linguam,
2054 5105 2244 5167 quam
2291 5087 2433 5166 jure
2463 5087 2818 5168 meritoque
2860 5086 3125 5150 Photius
3155 5082 3322 5167 (cod.
3371 5096 3549 5153 xux,
3590 5096 3657 5159 p.
3697 5075 3804 5157 38)

526 5179 757 5258 Cyrillo
797 5179 1051 5243 tribuit:
1117 5189 1288 5260 Λόγος
1333 5193 1730 5265 πεπονημένθς,
1780 5195 1874 5248 καὶ
1915 5198 1993 5259 εἰς
2049 5194 2360 5259 ἰδιάζουσαν
2409 5197 2552 5251 ἰδέαν
2591 5196 3043 5268 ἐκϐεϐιασμένος,
3082 5195 3179 5249 καὶ
3228 5188 3340 5248 οἷον
3391 5190 3662 5263 λελυμένη
3702 5187 3806 5241 καὶ

530 5290 589 5343 τὸ
635 5295 837 5362 μέτρον
886 5289 1213 5362 ὑπερορῶσα
1253 5293 1491 5365 ποίησις.
1545 5287 1708 5367 Ejus
1756 5290 1960 5350 oratio
1999 5286 2177 5350 elabo

2154 5299 2362 5365 orata,
2399 5300 2458 5352 et
2509 5293 2577 5353 in
2625 5290 3006 5372 peculiarem
3051 5290 3322 5369 formam
3359 5294 3681 5358 contorta,
3721 5301 3801 5344 ac

525 5384 692 5446 velut
728 5383 930 5448 libora
966 5397 1282 5468 metroque
1327 5387 1534 5450 sol-uta
1584 5391 1814 5468 poesis.
1873 5391 2140 5454 Phrases
2186 5393 2361 5456 vides
2417 5412 2454 5460 a
2513 5395 2837 5458 communi
2878 5413 3000 5457 usu
3047 5391 3356 5474 loquendi
3400 5395 3698 5464 remotas,
3731 5394 3804 5449 et

526 5488 777 5567 poetica
822 5488 1014 5552 verba
1053 5507 1195 5570 quae
1248 5491 1314 5552 in
1353 5491 1492 5552 aliis
1523 5490 1733 5554 Cvrilli
1781 5493 2083 5572 operibus
2126 5513 2258 5560 non
2314 5513 2441 5560 una
2486 5497 2623 5561 vice
2688 5497 2994 5577 reperias,
3046 5516 3106 5560 v.
3165 5513 3284 5576 gr.,
3321 5504 3525 5560 εὐκλεᾶ
3586 5521 3649 5557 τε
3697 5503 3800 5556 καὶ

595 5633 670 5704 (a)
710 5633 961 5714 ‘Vides‘in
986 5635 1576 5714 tabula_(Exposi_ti_oni
1601 5637 1927 5714 in_Psalmos
1953 5656 2098 5714 prae-
2211 5659 2429 5714 quoque
2461 5646 2668 5701 celebri
2712 5646 3020 5703 Bibliorum
3078 5645 3252 5702 Vatic.
3282 5644 3650 5711 Matth.xxv1,
3693 5638 3797 5705 55,

523 5702 837 5790 ιιιξςςὲλρνο
863 5707 1092 5790 advexe:
1428 5707 1484 5762 Id
1543 5707 1824 5790 pertinere
1877 5702 2098 5790 videtur

1246 5702 1380 5788 μιςὶι.
1428 5707 1484 5762 Id
1543 5707 1824 5790 pertinere
1877 5702 2098 5790 videtur
2208 5702 2417 5789 legitur
2444 5732 2599 5787 (eque
2641 5717 2893 5790 δύνομαι.

526 5773 597 5827 ad
634 5774 930 5829 dialertum
970 5773 1430 5842 Alexandrinam,
1475 5773 1736 5849 quoniam
1793 5781 1848 5835 in
1907 5782 2098 5840 codice
