4172 6440
417 365 446 420 Ι
458 367 530 426 13
1842 372 2364 434 ΡΚᾸΞΡΑΤΙΟΝΕΞ.
3618 384 3679 437 Η
3688 383 3723 438 .l

412 491 764 561 ᾱξιάγαστον
832 494 997 567 χορόν
1061 484 1229 550 libro
1279 487 1552 569 septimo
1587 490 1654 549 in
1705 489 1993 552 Gcnesim
2030 491 2059 568 (1‘

2078 509 2118 552 n
2160 492 2505 572 Glaphyris
2540 493 2641 556 ed.
2680 494 2939 557 Aubert.
2994 513 3059 576 p.
3098 493 3264 579 238.)
3316 495 3487 577 Opus
3516 503 3725 560 autem

411 602 555 650 non
587 585 904 650 ineditum
936 589 1158 664 modo,
1196 589 1309 653 sed
1353 590 1434 653 ab
1473 590 1737 654 eruditis
1787 591 2174 671 scriptorum
2215 596 2694 659 enarratoribus
2726 596 3244 660 immemoratum
3281 603 3439 679 puto
3494 598 3729 679 (incdi—

408 695 563 752 tum
608 697 785 754 recte
835 691 989 754 dicit
1027 693 1355 769 Maﬂzeius,
1409 712 1541 759 non
1585 695 1738 758 item
1789 696 1965 777 quod
2011 694 2205 759 fuerit
2249 698 2812 780 immemoratum).
2861 700 3164 781 Cyrillum
3219 702 3615 782 caeteroquin
3669 703 3732 765 in

404 791 719 857 Psalmos
751 795 1112 877 scripsisse,
1143 814 1179 860 e
1220 816 1428 879 nuper
1456 799 1779 881 descripto
1812 802 2033 865 codice
2072 800 2210 885 (seu
2238 801 2443 885 folio),
2480 821 2560 866 ex
2597 811 2819 868 catena
2850 823 2886 868 a
2907 805 3167 869 Daniele
3209 805 3491 869 Barbaro
3524 824 3732 879 versa,

408 902 483 959 et
546 913 634 959 ex
670 899 1062 963 Corderiana
1103 902 1458 982 praesertim
1500 909 1768 981 constat,
1814 904 1881 968 in
1944 922 2073 986 qua
2113 905 2278 970 ultra
2342 907 2589 971 centies
2639 907 2972 971 laudatur:
3020 908 3157 989 ejus
3193 914 3409 971 autem
3470 907 3738 988 exposi-

402 997 640 1061 tiones
674 1015 713 1061 a
749 999 1017 1079 speciali
1044 1001 1112 1064 in
1142 1000 1427 1066 Psalmos
1450 1008 1720 1067 tractatu
1737 1005 2085 1086 'decerptas
2114 1022 2277 1082 esse,
2306 1007 2552 1088 primus
2588 1006 2782 1088 (apud
2812 1006 3207 1089 Corderium)
3256 1007 3468 1088 quarti
3506 1004 3741 1087 psalmi

406 1109 875 1181 argumentum
907 1105 1250 1169 continens
1277 1106 1482 1182 locus,
1511 1108 1661 1171 satis
1692 1109 1926 1189 prodit.
1966 1133 1996 1168 η
2025 1111 2119 1172 Ita
2144 1110 2472 1186 Maﬂ‘aaius,
2523 1110 2637 1193 qui
2666 1109 2734 1171 in
2768 1108 3214 1171 dissertatione
3237 1108 3426 1172 etiam
3455 1105 3737 1172 secunda

406 1205 503 1270 de
540 1206 922 1286 fragmentis
939 1211 1169 1273 Irenaai
1204 1211 1355 1274 edit.
1380 1213 1605 1275 Venet.
1626 1219 1673 1275 t.
1705 1216 1784 1290 Π,
1818 1233 1883 1295 p.
1913 1213 1968 1290 4,
2002 1215 2136 1295 jam
2159 1215 2497 1296 scripserat
2527 1232 2540 1276 :
2576 1215 2833 1277 «Nemo
2864 1212 3022 1274 dixit
3053 1214 3116 1275 S.
3137 1211 3441 1293 Cyrillum
3472 1212 3741 1275 Alexan-

405 1308 689 1374 drinum
720 1312 789 1375 in
823 1314 1115 1379 Psalmos
1165 1316 1531 1398 scripsisse,
1586 1323 1649 1380 et
1699 1324 1916 1382 tamen
1947 1318 2059 1382 abs
2104 1318 2464 1399 fragmento
2503 1318 2770 1399 alicujus
2811 1334 2929 1380 ms.
2986 1314 3280 1391 celebris,
3322 1332 3450 1396 quo
3501 1317 3737 1396 potior,

404 1412 749 1493 colligitur
782 1414 848 1478 id
890 1415 989 1480 vel
1031 1418 1460 1484 certissime.»
1505 1424 1683 1485 Patet
1728 1428 1938 1485 autem
1979 1421 2340 1499 Maﬂ‘aeium,
2384 1421 2537 1485 dum
2582 1422 2720 1486 haec
2768 1427 3093 1503 postrema
3147 1421 3477 1495 scriberet,
3528 1435 3738 1499 neque

402 1523 688 1580 catenas
732 1518 944 1583 adhuc
977 1522 1399 1601 consuluisse,
1450 1530 1661 1607 neqtre
1708 1526 2066 1590 Fabricium
2096 1532 2159 1589 et
2187 1525 2535 1591 nonnullos
2585 1525 2769 1602 alios,
2821 1526 2933 1607 qui
2975 1524 3187 1607 Cyrilli
3231 1521 3635 1606 deperditum
3671 1519 3739 1582 in

400 1619 723 1685 Psalmos
774 1627 1311 1691 commentarium
1359 1637 1892 1694 memoraverant.
1938 1633 2262 1695 Hactenus
2303 1631 2384 1694 de
2421 1631 2725 1696 litterario
2774 1648 2921 1694 meo
2976 1630 3145 1712 apud
3195 1629 3516 1693 Veronam
3563 1642 3737 1689 casu.

403 1724 653 1788 Statim
684 1743 838 1808 ergo
870 1730 1141 1794 Romam
1186 1732 1413 1809 redux,
1453 1734 1731 1814 primum
1765 1735 2089 1816 Cyrilliani
2122 1734 2190 1798 in
2214 1734 2500 1799 Psalmos
2531 1736 2746 1818 operis
2785 1737 3011 1801 folium
3045 1738 3132 1800 ita
3161 1735 3382 1812 refeci,
3422 1741 3492 1797 ut
3530 1735 3738 1797 Vero-

410 1846 708 1895 nensem
746 1834 1092 1915 prologum
1139 1837 1208 1899 in
1248 1839 1480 1919 capite,
1523 1846 1712 1921 prout
1749 1840 1857 1922 jus
1912 1839 2139 1922 fasque
2187 1846 2343 1917 erat,
2385 1839 2791 1905 collocarem.
2841 1845 3047 1923 Atque
3091 1840 3195 1905 hic
3236 1841 3360 1904 fuit
3404 1839 3630 1903 Veneti
3675 1842 3739 1900 et

401 1937 822 2003 Veronensis
870 1940 1121 2005 itineris
1167 1942 1435 2009 fructus.
1487 1945 1614 2009 Sed
1662 1963 1877 2028 neque
1942 1945 2178 2011 frustra
2221 1947 2652 2011 Mediolanum
2697 1965 2770 2012 ac
2827 1948 3212 2012 Florentiam
3266 1948 3442 2012 adii:
3503 1945 3757 2010 etenim.

404 2041 633 2120 illinc,
684 2043 741 2106 si
810 2044 1026 2109 minus
1077 2064 1274 2112 manu
1343 2050 1629 2131 propria,
1669 2056 1938 2133 prOpter
1989 2051 2299 2132 temporis
2350 2052 2963 2130 incommoditatem,
3028 2053 3244 2116 favore
3299 2058 3473 2118 certe
3525 2051 3738 2115 homi-

405 2159 587 2208 num
636 2148 997 2214 amicorum
1042 2169 1239 2217 novas
1293 2154 1510 2236 Cyrilli
1566 2154 1968 2219 accessiones
2023 2160 2247 2219 nactus
2297 2172 2459 2218 sum.

507 2247 573 2311 8.
610 2253 889 2316 Lexicon
925 2256 1041 2317 sub
1077 2256 1306 2336 Cyrilli
1362 2260 1636 2321 nomine.
1674 2295 1745 2304 —
1779 2260 1961 2322 Nunc
1992 2259 2143 2340 quia
2182 2259 2251 2321 in
2311 2258 2665 2341 specimine
2723 2277 2878 2323 cuso
2932 2258 3200 2322 titulum
3243 2254 3587 2338 Cyrilliani.
3633 2273 3742 2319 cu-

399 2347 685 2432 jusdam
730 2355 946 2420 Lexici
999 2359 1436 2440 exposuimus,
1479 2367 1770 2443 superest
1821 2366 1890 2424 ut
1928 2362 2009 2426 de
2063 2378 2141 2425 eo
2195 2362 2500 2425 Vaticano
2567 2361 2838 2438 codice,_
2875 2362 3027 2427 satis
3101 2361 3316 2442 prisco
3369 2377 3442 2423 ac
3504 2357 3736 2431 nobili,

410 2444 639 2541 pauCa
683 2459 876 2524 verba
918 2461 1249 2526 faciamus.
1303 2467 1676 2547 Quanquam
1718 2465 1913 2545 igitur
1958 2465 2191 2547 Cyrillo
2244 2464 2641 2528 Alexandriae
2704 2465 3191 2547 archiepisc0po
3230 2462 3296 2525 id
3353 2462 3742 2526 Glossarium

410 2554 828 2634 inscribitur,
876 2567 1158 2626 attamen
1220 2564 1487 2646 alicujus
1532 2565 1750 2647 potius
1796 2564 2010 2647 Cyrilli
2062 2564 2455 2646 grammatici
2514 2564 2871 2629 credendus
2928 2563 3266 2639 videbitur,
3327 2580 3519 2644 quam
3573 2560 3742 2624 illius

411 2660 818 2726 sanctissimi
869 2667 1165 2746 praesulis
1212 2688 1227 2731 :
1281 2687 1561 2752 cumque
1608 2671 1663 2734 is
1724 2668 1889 2735 liber
1931 2689 2066 2736 non
2119 2671 2352 2748 semel,
2431 2678 2624 2753 prout
2680 2688 2747 2734 se
2811 2670 2982 2735 varie
3035 2670 3103 2733 in
3163 2668 3372 2733 variis.
3417 2667 3744 2731 codicibus

414 2759 696 2841 obtulit,
751 2765 962 2833 editus
1041 2769 1256 2849 fuerit,
1303 2773 1465 2836 mihi
1531 2774 1704 2837 nuda
1800 2774 1937 2856 ejus
1999 2774 2529 2860 commemoratio
2590 2775 2741 2838 satis
2806 2773 2916 2836 sit.
2977 2770 3288 2850 Pertingit
3342 2770 3407 2834 id
3464 2768 3742 2833 Lexicon

411 2865 616 2929 valde
661 2870 1020 2949 spatiosum
1070 2873 1139 2936 in
1192 2876 1417 2940 codice
1471 2894 1601 2941 non
1662 2878 1849 2960 parvi
1889 2877 2138 2941 mod‘uli
2183 2895 2219 2941 a
2270 2876 2384 2941 fol.
2448 2874 2475 2939 1
2523 2877 2600 2940 ad
2644 2875 2779 2939 154.
2839 2878 2915 2939 Et
2969 2875 3094 2939 hoc
3154 2874 3531 2938 Vaticanum
3591 2868 3737 2951 qui-

417 2967 574 3033 dem
640 2972 856 3053 Cyrilli
914 2976 1192 3041 Lexicon
1247 2980 1606 3043 communis
1643 2980 1897 3061 generis
1967 2984 2100 3043 est:
2134 2966 2509 3061 "caileroqui
2552 2978 2876 3043 Fabricius
2920 2979 2995 3042 Β.
3038 2979 3114 3043 G.
3160 2977 3262 3042 ed.
3327 2994 3473 3041 nov.
3524 2980 3571 3037 t.
3636 2975 3743 3049 IX,

418 3090 490 3154 p.
544 3071 693 3152 493,
743 3077 833 3140 ait
875 3083 1139 3143 exstare
1181 3097 1303 3144 ms.
1350 3081 1419 3144 in
1455 3083 1644 3147 variis
1699 3081 2065 3147 bibliotheci

2098 3102 2104 3142 ἱ
2167 3083 2355 3145 etiam
2420 3089 2693 3162 Κυρίλλου
2739 3091 2820 3156 εἰς
2856 3090 2956 3155 τὰς
3002 3087 3390 3162 ἀπορουμένας
3436 3086 3610 3154 λέξεις
3643 3084 3745 3157 τῆς

424 3187 596 3259 ἄγεις
645 3192 911 3265 Γραφῆς,
938 3184 1169 3264 Cyrilii
1209 3187 1283 3249 de
1312 3188 1627 3269 ambiguis
1656 3189 2007 3269 Scriptum
2035 3197 2265 3259 sancta:
2313 3186 2678 3257 vocabulis;
2737 3186 2841 3249 cui
2888 3184 3188 3265 subjungi
3245 3182 3408 3246 solet
3460 3180 3744 3263 ejusdem

441 3289 750 3365 Ἑρμηνεία
782 3295 1068 3367 ὀνομάτων
1102 3298 1197 3351 καὶ
1224 3297 1424 3364 λέξεων
1463 3298 1773 3371 Ἑϐραϊκῶν
1814 3302 1872 3354 ὲν
1898 3301 2021 3363 ταῖς
2067 3299 2088 3354 Ε

2093 3299 2242 3364 ιείαις
2285 3299 2552 3372 Γραφαῖς,
2584 3288 3047 3369 Interpretatio
3092 3286 3419 3347 nominum
3459 3302 3533 3344 ac
3563 3300 3740 3343 voca—

765 3386 1185 3450 Hebraeorum
1216 3389 1449 3451 divinae
1485 3392 1866 3472 Scriptum,
1921 3390 2324 3473 alphabetico
2364 3390 2590 3453 ordine
2640 3388 3055 3468 digestornm.
3118 3389 3362 3450 Revera
3406 3384 3475 3447 in
3532 3381 3744 3464 Cyrilli

662 3503 792 3551 nos
822 3490 1283 3553 commentario
1338 3489 1728 3556 Psalmorum
1782 3493 2107 3557 nonnulla:
2138 3492 2503 3574 hujusmodi
2549 3509 2629 3555 ex
2682 3490 2996 3554 Hebraico
3038 3488 3597 3571 interpretationes
3628 3502 3742 3548 oc-

419 3598 725 3668 currunt,
784 3611 1042 3659 necnon
1096 3597 1282 3660 etiam
1349 3615 1428 3661 ex
1510 3598 1768 3680 Syriaco
1815 3600 1882 3663 in
1927 3599 2211 3682 ejusdem
2267 3597 2477 3680 Cyrilli
2532 3597 2890 3677 fragmento
2927 3595 3002 3659 de
3045 3593 3396 3659 Abrahami
3452 3600 3746 3655 transno-

418 3699 828 3777 minatione,
907 3701 1084 3784 quod
1142 3692 1222 3766 ex
1269 3703 1638 3769 Florentino
1716 3706 1936 3770 codice
2012 3724 2130 3769 nos
2203 3703 2704 3786 impetravimus.
2761 3704 2890 3765 Suo
2942 3700 3137 3780 igitur
3190 3697 3457 3761 fortasse
3512 3690 3746 3756 Lexico

417 3806 736 3871 utebatur
778 3806 1069 3889 Cyrillus,
1108 3827 1241 3874 non
1279 3812 1563 3877 Philonis
1607 3820 1715 3877 aut
1764 3812 2073 3893 Origenis,
2103 3817 2175 3876 ut
2202 3829 2319 3875 nos
2357 3810 2674 3874 interdum
2723 3806 3107 3891 putavimus.
3150 3804 3282 3866 Nec
3338 3816 3509 3880 aegre
3565 3795 3743 3879 quis-

420 3929 631 3995 quam
673 3912 796 3975 sibi
834 3916 1239 3995 persuaserit,
1293 3919 1614 4000 Cyrillum,
1667 3920 1778 4001 qui
1810 3926 2014 3983 totum
2041 3918 2185 3981 vitae
2229 3936 2361 3982 suae
2392 3923 2646 3998 tempus
2687 3916 2756 3979 in
2799 3930 3127 3978 sacrorum
3157 3909 3505 3973 Bibliorum
3534 3904 3745 3969 studio

420 4014 505 4079 et
530 4012 993 4096 explanatione
1026 4022 1444 4102 consumpsit,
1493 4021 1695 4085 lexica
1723 4020 1911 4085 etiam
1952 4025 2153 4083 marte
2190 4019 2456 4101 proprio
2488 4018 2610 4081 sibi
2656 4016 3099 4084 concinnasse.
3151 4012 3384 4093 quibus
3446 4010 3515 4071 in
3565 4023 3746 4070 sacro

424 4117 670 4184 codice
731 4120 1120 4187 declarando
1177 4124 1518 4190 commode
1568 4126 1663 4188 uti
1712 4131 1962 4208 posset;
2018 4122 2117 4188 vel
2150 4140 2293 4204 quae
2337 4127 2589 4203 sponte,
2627 4125 2699 4183 ut
2761 4120 2849 4196 ﬁt,
2889 4114 3251 4181 lucubranti
3302 4111 3426 4194 ipsi
3480 4110 3748 4172 subnata

419 4220 736 4285 fuissent.
773 4222 889 4285 His
938 4223 1018 4287 de
1048 4225 1260 4304 Cyrilli
1296 4226 1528 4291 Lex-ico
1582 4225 1789 4303 dictis,
1831 4226 2109 4307 reliquas
2159 4222 2397 4287 codicis
2425 4220 2736 4297 Vaticani,
2781 4236 2974 4300 quem
3031 4230 3432 4299 coeperamus
3501 4211 3746 4274 descri-

424 4324 619 4399 bere,
653 4328 871 4404 partes
924 4342 1419 4407 prosequamur.
1467 4327 1719 4391 Scilicet
1775 4344 1812 4389 a
1863 4345 1930 4408 p.
1983 4324 2071 4388 151

2147 4339 2355 4405 usque
2408 4322 2488 4386 ad
2551 4319 2663 4383 163
2722 4324 2816 4383 est
2871 4326 3123 4383 Ἰωάννου
3151 4322 3447 4380 Φιλοπόνου
3479 4319 3608 4391 περὶ
3638 4316 3747 4371 τῶν

422 4434 723 4508 διαφόρων
754 4438 1046 4508 σημασιῶν
1074 4439 1354 4513 διαφόρως
1390 4440 1735 4513 τονουμένων
1758 4457 1772 4472 ·
1831 4431 2069 4494 Joanni

2100 4428 2484 4510 rPhiloponi
2546 4426 2620 4489 de
2665 4424 2988 4488 vocabulis
3041 4423 3288 4486 diverse
3330 4437 3449 4500 pro
3484 4414 3747 4479 diversi-

424 4542 569 4597 tate
613 4542 984 4597 accentuum
1023 4538 1562 4619 signiﬁcantibus.
1602 4537 1905 4602 Posthinc
1957 4536 2273 4600 rhetorica
2313 4533 2607 4617 quaedam
2655 4531 2860 4595 lexica
2907 4546 3115 4611 usque
3161 4526 3244 4591 ad
3307 4523 3421 4588 fol.
3479 4521 3616 4585 177.
3654 4518 3749 4581 Ibi

420 4653 593 4700 vero
628 4637 856 4722 incipit
879 4659 901 4713 :r
925 4644 1155 4712 Λεξικδν
1185 4646 1506 4703 ὲνδιαθέτων
1533 4647 1771 4720 Γραφῶν
1801 4646 2024 4702 ἐκτεθὲν
2056 4646 2209 4719 παρὰ
2237 4647 2515 4719 Στεφάνου
2550 4647 2646 4702 καὶ
2674 4645 2978 4718 Θεοδώρου,
3020 4641 3119 4697 καὶ
3155 4637 3363 4710 ἑτέρων
3400 4631 3750 4704 λεξιγράφων

424 4746 725 4804 Κασιανοῢ
756 4750 853 4803 καὶ
881 4749 1150 4819 Λογγὶνου
1189 4732 1512 4821 φιλοσόφου·
1579 4744 1854 4805 Lexicon
1875 4744 2071 4823 Scrip.

2100 4762 2226 4805 uraz
2243 4744 2573 4824 utriusque
2612 4741 2991 4804 Testamenti
3010 4738 3364 4820 (ὲνδιαθέτων
3391 4731 3747 4811 positarum

423 4840 507 4904 in
538 4838 804 4920 canone)
834 4839 1127 4907 edituma
1149 4840 1466 4922 Stephano
1499 4849 1557 4904 et
1601 4842 1927 4905 Theodoro
1958 4841 2224 4926 aliisque
2255 4842 2726 4923 lexicographis
2757 4841 3064 4905 Cassiano
3097 4847 3155 4900 et
3184 4835 3494 4914 Longino,
3533 4848 3743 4910 usque

394 4941 515 5017 ,ad
550 4939 672 5004 fol.
713 4939 853 5002 212.
913 4940 1226 5020 (Cassiani
1270 4948 1332 5005 et
1366 4943 1637 5023 Longini
1667 4950 2130 5026 ἅποσπασμάτιον
2176 4941 2366 5006 lexici
2412 4960 2532 5023 ego
2570 4942 2699 5007 vidi
2740 4943 2807 5005 in
2850 4943 2975 5006 alio
3027 4941 3222 5004 etiam
3256 4938 3397 5000 Vat.
3457 4935 3761 5029 codice.)

428 5044 691 5108 Deinde
733 5052 912 5119 λέξεις
946 5055 1199 5128 ἰατρικοῦ
1229 5055 1436 5127 βιϐλίου
1457 5074 1471 5088 ’
1502 5057 1632 5131 περὶ
1663 5057 1906 5129 βοτανῶν
1935 5059 2075 5131 ἑρμη

2105 5057 2231 5122 νεία,
2285 5066 2518 5131 nempe
2585 5048 2896 5115 medicum
2947 5058 3005 5111 et
3063 5044 3429 5119 herbarium
3470 5039 3752 5110 lexicon,

430 5164 652 5227 usque
708 5146 788 5211 ad
832 5148 946 5213 fol.
1001 5148 1139 5211 215.
1197 5152 1343 5213 Mox
1394 5159 1537 5232 post
1585 5152 1833 5217 minora
1889 5152 2010 5216 alia
2057 5159 2121 5216 et
2189 5150 2459 5216 fortasse
2499 5151 2847 5235 levidensia
2898 5148 3015 5215 fol.
3049 5147 3207 5211 255:
3256 5150 3750 5239 eeomatouypau-

432 5250 688 5321 ματικοῢ
731 5250 955 5328 Ἰωάννῃ
975 5252 1055 5325 τῷ
1093 5253 1499 5327 Θεοφιλεστοῖτῳ
1542 5256 1906 5328 πρεσϐυτέρῳ
1945 5256 2043 5310 καὶ
2077 5259 2135 5311 ἐν
2188 5256 2414 5330 Χριστῷ
2449 5255 2690 5326 ἀδελφῷ,
2731 5256 2861 5328 ’περὶ⁹
2905 5254 3018 5308 τῶν
3069 5253 3127 5307 ἐν
3186 5250 3301 5314 τοῖς
3335 5245 3588 5302 κανόνεσι
3630 5242 3741 5298 τῶν

430 5350 623 5419 ἁγίων
667 5351 918 5424 ἑορτῶν·
972 5345 1310 5409 Theodosii
1367 5348 1769 5427 grammatici
1817 5349 1902 5411 ad
1948 5350 2261 5411 Joannem
2326 5351 2455 5411 Deo
2529 5349 3006 5411 dilectissimum
3052 5343 3496 5427 presbyterum
3562 5346 3619 5400 et
3671 5339 3741 5399 in

384 5454 391 5459 '
431 5442 704 5506 Christo
750 5444 1046 5522 fratrem,
1086 5447 1162 5510 de
1207 5446 1555 5510 canonibus
1606 5466 1715 5509 seu
1755 5448 1975 5510 metris
2032 5455 2395 5510 sanctarum
2461 5447 2953 5509 solemnitatum.
3009 5447 3340 5508 Postremo
3400 5450 3550 5505 sunt
3619 5440 3741 5501 Co-

430 5561 601 5606 smaa
652 5545 957 5610 monachi
994 5545 1282 5628 itemque
1316 5547 1606 5611 Joannis
1668 5545 2110 5629 (Damasceni)
2166 5565 2449 5611 canones
2500 5546 2743 5627 aliquot
2790 5561 2907 5608 seu
2966 5550 3168 5608 metra
3205 5561 3365 5607 cum
3405 5540 3564 5603 odis.
3621 5540 3743 5598 Co-

434 5661 618 5708 smas
669 5643 934 5725 quidem
988 5650 1084 5708 est
1120 5645 1229 5708 ille
1283 5645 1817 5726 philogregorius,
1867 5649 1930 5706 et
1974 5644 2267 5709 melodus
2327 5644 2619 5719 celebris,
2659 5643 2841 5725 cujus
2910 5659 3027 5705 nos
3101 5640 3352 5723 amplos
3409 5651 3742 5701 commen-

433 5751 651 5817 tarios
718 5750 800 5816 ad
854 5751 1240 5815 Nazianzeni
1295 5732 1725 5816 carmina‘his
1791 5748 1977 5813 annis
2045 5749 2362 5814 edidimus
2417 5750 2484 5813 in
2543 5747 2881 5829 Spicilegio
2943 5748 3145 5823 Rom.,
3191 5737 3747 5821 t.ll(a).l’rofccto

494 5892 605 5977 ’(α)
658 5896 871 5959 Rccusi‘
901 5899 957 5958 in
988 5896 1139 5959 totno
1169 5900 1437 5959 XXXVI“
1477 5900 1799 5978 Patrologitc
1822 5901 2036 5959 Gra'ca‘.
2066 5900 2215 5955 EDII.
