2086 3220
175 178 236 208 H7
636 178 886 211 PRAEFATIONES
905 180 997 207 EDlTl

1007 180 1077 208 )NIS
1096 181 1385 209 GRJECO-LATINJE.
1781 185 1830 213 HS

176 239 252 271 diu:
266 238 642 281 [artissimusgentilium
659 243 687 269 et
701 238 918 270 hwreticorum
937 249 1024 270 arces
1040 239 1115 270 olim
1131 241 1252 271 evertit.
1272 240 1328 276 Et,
1348 240 1376 271 si
1389 240 1452 270 tuis
1467 241 1619 282 auspiciis
1632 266 1639 279 ,
1659 241 1833 273 cardinalis

161 291 441 329 remittentiuime,
459 292 495 323 in
507 295 632 322 exteras
650 291 736 323 orbis
754 294 899 331 regiones
916 293 1087 333 aliquando
1102 294 1326 333 transferetur.
1343 293 1403 324 ibit
1415 303 1513 333 porro
1526 294 1590 325 illis
1605 291 1683 335 ipsis
1698 295 1835 335 insignis

173 343 284 377 amat}:
297 342 556 375 inNestorianas
573 343 736 384 reliquias,
754 344 879 384 aliaque
894 345 1075 375 istiusmodi
1089 349 1241 382 monstra,
1259 355 1327 385 qum
1338 345 1461 385 pridem
1480 345 1593 377 Oriens
1612 346 1687 385 alit,
1703 351 1758 376 aut
1769 356 1834 386 qua

173 395 372 427 nonnum:
389 395 506 427 abhinc
522 397 616 426 annis
635 396 787 428 Occidens
806 398 947 436 infausto
958 401 1054 437 partu
1069 398 1214 437 suscepit.
1229 397 1349 436 Quibus
1359 398 1557 437 propositum
1573 408 1641 430 cum
1653 399 1694 430 sit
1707 399 1742 429 S.
1759 398 1833 437 Spi—

173 447 268 478 ritus
285 451 316 478 et
330 447 452 480 Christi
464 448 591 479 Domini
604 448 814 485 divin'datem,
831 448 904 487 ﬁdei
915 453 1030 478 nostra
1039 452 1143 487 caput,
1159 453 1306 485 evertere,
1318 448 1465 478 acerrimi
1474 448 1592 488 pugilis
1607 449 1669 479 vim
1681 453 1709 479 et
1724 449 1835 479 incur-

175 506 251 529 sum
262 506 331 528 non
348 498 474 537 frustra
492 499 639 536 sentient,
659 508 712 538 qui
728 502 773 529 tot
790 498 864 529 olim
881 498 1002 530 Christi
1020 499 1078 529 Dei
1101 498 1202 528 hostes
1222 497 1401 529 incredibili
1422 498 1538 528 virtute
1558 500 1745 538 prostravit.
1771 499 1834 530 Nec

175 549 289 589 magis
303 548 412 580 abillo
429 550 492 580 tuti
504 550 575 590 fore
586 550 733 580 censendi
746 555 820 580 sunt
835 555 1001 580 novatores
1011 559 1020 579 :
1031 558 1161 590 quorum
1177 554 1301 579 strenue
1316 548 1580 587 confutandorum
1592 559 1660 579 cum
1679 549 1739 580 tibi
1753 550 1834 581 Deus

177 601 329 632 animum
351 610 388 631 ac
409 604 544 631 mentem
566 600 730 637 indiderit,
751 610 805 630 nec
828 605 856 631 te
879 601 986 640 pigeat
1010 600 1268 639 gravissimorum
1291 600 1491 639 negotiorum
1507 599 1674 630 intervalla
1695 600 1750 630 hoc
1770 602 1834 630 otio

176 656 296 683 sancto
312 651 520 692 distinguere,
535 661 600 683 rem
615 651 795 683 decidendis
812 653 850 682 iis
866 662 932 692 quw
947 653 981 682 in
994 651 1146 691 religione
1162 655 1236 681 sunt
1251 656 1452 681 controversa
1470 651 1836 691 capitibus'utilissimam

177 707 269 734 certe
288 702 417 742 feceris,
431 703 460 734 si
474 706 527 734 tuo
546 702 705 743 beneﬁcio,
723 712 789 743 quw
803 703 862 734 tibi
874 702 1046 742 amplitudo
1059 706 1102 732 est
1113 702 1223 740 animi,
1236 706 1340 732 vetera
1356 702 1389 732 id
1399 711 1496 742 genus
1509 707 1689 732 sanctorum
1703 702 1836 733 Patrum

176 757 390 785 monumenta
405 755 545 786 studiose
559 755 801 795 conquirantur,
813 760 841 785 et
852 763 910 794 per
928 754 1057 785 idoneos
1072 753 1211 784 homines
1227 754 1258 784 in
1274 753 1373 783 lucem
1388 753 1534 784 edantur.
1547 753 1601 783 Ex
1612 752 1661 783 his
1677 753 1759 782 enim
1770 762 1837 792 qua:

175 805 290 845 fuerit
299 805 452 845 primum
466 805 556 846 ﬁdes,
569 815 636 847 quae
652 805 827 845 disciplinis
843 806 960 846 forma,
978 810 1006 836 et
1026 806 1080 846 qui
1098 806 1180 836 ritus
1195 805 1319 844 antiqui
1336 806 1474 836 omnium
1493 805 1608 844 optime
1626 804 1836 844 dignoscitur,

178 859 210 886 et
224 855 290 886 vis
305 854 373 887 ulla
386 855 528 888 suboriri
542 861 646 896 potest
662 857 697 888 in
708 857 769 897 ﬁde
782 858 910 887 nouatio
929 866 998 898 quis
1013 866 1077 887 non
1098 857 1198 896 possit
1223 865 1329 886 eorum
1347 856 1533 896 prtejudicio
1555 855 1664 886 deleri.
1680 855 1749 885 Hoc
1763 864 1836 885 vero

178 912 210 939 te
228 911 344 939 manet
357 908 486 948 facinus
496 907 755 948 pulcherrimum,
767 909 941 940 cardinalis
960 909 1200 940 eminentissime
1213 933 1220 946 ,
1240 908 1302 939 haec
1319 918 1332 938 e
1354 908 1502 938 maximis
1518 908 1580 938 tuis
1605 906 1838 946 innumerisquc

178 959 339 993 laudibus
357 969 422 992 una
438 970 473 992 eo
488 970 578 1003 quem
605 962 640 993 in
653 971 750 1001 regno
774 963 968 993 Francorum
988 965 1017 992 et
1033 960 1177 992 Ecclesia
1191 961 1249 991 Dei
1268 959 1388 991 obtines
1405 959 1509 999 gradu
1527 958 1617 998 longe
1636 957 1836 997 dignissima.

178 1010 252 1043 Alii
263 1011 350 1044 alios
362 1012 424 1044 tibi
433 1012 608 1053 triumphos
623 1017 730 1054 optent
744 1023 755 1043 :
767 1022 870 1044 omnes
883 1022 937 1053 ego
953 1012 1024 1050 tibi,
1035 1012 1090 1044 sed
1104 1011 1259 1052 inprimis
1274 1020 1325 1042 eos
1339 1019 1450 1041 vovere
1461 1019 1525 1041 non
1539 1009 1692 1046 desinam,
1705 1015 1837 1049 quorum

179 1073 248 1096 non
264 1063 302 1095 in
318 1065 414 1096 terris
430 1064 536 1101 Modo.
547 1064 602 1096 sed
613 1067 642 1096 et
659 1065 692 1096 in
707 1063 789 1095 culis
806 1065 992 1105 consignata
1003 1064 1156 1095 memoria
1171 1062 1376 1094 immortalem
1392 1067 1420 1093 te
1444 1071 1483 1092 ex
1498 1060 1627 1091 mortali
1640 1060 1777 1100 faciant.

935 1147 970 1178 E'
996 1148 1032 1178 T'
1055 1147 1092 1178 θ’
1371 1187 1513 1217 JOANNES
1537 1183 1747 1215 ALBERTUS.

187 1292 1502 1306 .______________.______._____._.___________

849 1375 1188 1434 LECTORI.

223 1565 452 1602 QuiGr-sconun
463 1563 595 1593 Ecclesiae
608 1564 720 1593 Patrum
728 1564 936 1593 lucubrationes
955 1564 1051 1594 Latine
1068 1568 1176 1592 tantum
1192 1564 1220 1592 in
1230 1564 1321 1592 lucem
1338 1563 1451 1596 dedere,
1470 1561 1578 1590 tametsi
1608 1560 1703 1588 labore
1717 1566 1766 1587 suo
1783 1567 1838 1586 non

195 1619 295 1651 parum
307 1612 444 1651 Ecdesi:
461 1612 638 1650 profuerunt,
655 1611 783 1640 nonnihil
796 1616 889 1640 tamen
903 1612 1164 1648 posterisintullsse
1180 1611 1312 1639 videntur
1328 1610 1505 1644 incommodi,
1520 1609 1595 1646 quod
1613 1608 1701 1637 Graeci
1725 1606 1837 1635 codices

202 1648 260 1689 non
271 1659 357 1696 pauci
381 1648 487 1695 quibus
501 1660 544 1687 usi
572 1663 662 1691 erant,
678 1659 823 1686 hominum
839 1659 950 1687 tandem
962 1659 1081 1691 incuria,
1097 1666 1160 1686 cum
1177 1658 1281 1685 Latina:
1297 1657 1434 1685 versionis
1457 1655 1652 1691 opportunitas
1678 1653 1797 1685 adesset,
1810 1652 1840 1682 in

195 1705 293 1735 limae
310 1706 441 1737 tenebris
449 1707 606 1742 perierunt.
636 1706 694 1734 Hoc
709 1705 841 1734 damnum
867 1710 1016 1734 senserunt
1031 1707 1097 1734 olim
1120 1705 1251 1741 permulti
1269 1704 1400 1732 Ecclesiae
1424 1704 1539 1732 Patres:
1554 1709 1607 1730 nec
1623 1702 1683 1737 ejus
1709 1699 1842 1728 immunis

192 1751 315 1789 Cyr-illus
335 1753 502 1785 exstitisset,
515 1754 570 1781 nisi
585 1753 702 1781 studiosi
717 1753 844 1781 homines
869 1754 923 1789 jam
950 1753 1117 1788 periclitanti
1145 1753 1292 1780 salutarem
1318 1759 1431 1779 manum
1461 1750 1655 1778 intendissent.
1675 1748 1750 1776 Inter
1774 1753 1844 1782 quos

191 1800 304 1827 utinam
317 1799 422 1828 Anton.
437 1800 905 1836 Agellius,Accrnensiscpiscopus,
920 1804 968 1827 aut
976 1800 1169 1827 Bonaventura
1181 1799 1342 1830 Vulcanius,
1356 1797 1459 1825 eruditi
1472 1798 1648 1831 interpretes,
1660 1799 1708 1822 aut
1719 1793 1843 1821 Andreas

191 1844 313 1874 Scottus
327 1848 356 1872 et
371 1844 492 1873 Jacobus
506 1845 648 1872 Pontanus
664 1852 680 1871 e
703 1844 837 1872 societate
852 1844 927 1877 Jesu,
949 1848 998 1871 aut
1015 1844 1117 1871 Anton.
1131 1844 1257 1875 Salmat.,
1270 1851 1303 1870 ex
1314 1842 1497 1871 Ambrosiano
1511 1840 1627 1876 collegio
1644 1839 1742 1867 doctor
1762 1839 1842 1866 theo-

190 1891 289 1929 logus,
310 1896 360 1920 aut
377 1891 466 1920 Nico].
483 1891 616 1925 Borbon.,
632 1891 734 1919 Graeca:
749 1892 850 1927 lingua).
864 1891 1005 1926 professor
1016 1892 1160 1924 emeritus,
1178 1891 1226 1927 qui
1239 1891 1267 1918 in
1282 1891 1335 1918 hoc
1360 1891 1497 1925 scriptore
1520 1887 1655 1915 vertendo
1667 1886 1786 1914 feliciter
1801 1893 1847 1913 su-

190 1941 314 1971 darunt,
329 1946 401 1974 opus
413 1947 429 1966 a
440 1946 470 1966 se
488 1939 649 1967 inchoatum
658 1938 693 1966 ad
710 1939 815 1966 exitum
831 1939 1042 1974 perduxissent!
1058 1940 1160 1975 Dignos
1171 1942 1246 1966 certe
1267 1941 1359 1965 tantus
1377 1937 1508 1965 Ecclesiae
1533 1935 1630 1963 doctor
1647 1938 1744 1961 nactus
1758 1932 1848 1960 inter-

189 1987 294 2020 pretes
308 1983 391 2020 longe
407 1983 525 2011 nitidior
540 1987 568 2010 et
578 1983 701 2011 ornatior
714 1987 868 2018 appareret.
884 1984 985 2012 Verum
1007 1983 1065 2011 sive
1097 1984 1155 2011 otio
1170 1992 1225 2011 non
1245 1982 1414 2011 abundarint
1430 1982 1505 2018 quod
1527 1981 1604 2017 operi
1621 1985 1677 2008 tam
1693 1979 1783 2014 spisso
1797 1986 1846 2005 nc-

190 2030 353 2059 cessarium
367 2034 454 2063 esset,
471 2030 530 2058 sive
548 2031 610 2058 aliis
631 2030 732 2058 studiis
746 2034 795 2059 aut
807 2031 927 2067 negotiis
941 2032 1074 2059 abstracti
1090 2031 1164 2059 istud
1178 2032 1271 2059 oneris
1297 2031 1460 2066 abjecerint,
1489 2030 1518 2057 in
1541 2029 1641 2064 capite,
1661 2027 1734 2062 quod
1757 2026 1847 2055 aiunt.

190 2078 292 2108 solum
310 2078 486 2112 labOrarunt,
502 2083 615 2107 caeteras
627 2079 751 2115 corporis
763 2084 857 2114 partes
876 2080 1051 2115 imperfectas
1076 2080 1260 2115 reliquerunt.
1282 2079 1360 2113 Quod
1380 2087 1443 2106 cum
1458 2079 1487 2105 in
1503 2077 1599 2113 primis
1621 2076 1758 2107 dolerem,
1773 2078 1802 2102 et
1821 2074 1848 2102 in

189 2135 258 2156 eam
275 2127 342 2155 vitae
355 2127 494 2155 rationem
515 2126 656 2162 ingressus
668 2135 758 2154 essem
776 2127 803 2154 in
820 2135 874 2162 qua
892 2128 980 2155 otium
1006 2132 1175 2163 suppeteret,
1196 2127 1268 2162 cepi,
1284 2127 1460 2162 quantumvis
1477 2125 1677 2153 mediocritatis
1695 2131 1764 2151 mea:
1779 2130 1849 2150 con-

199 2176 291 2208 Icius.
311 2174 446 2204 editionis
459 2174 543 2210 hujus
554 2174 714 2207 consilium,
728 2179 815 2207 ratus,
837 2175 908 2202 utin
928 2175 1066 2210 locuplete
1087 2175 1179 2208 domo,
1199 2175 1238 2202 sic
1250 2175 1277 2201 in
1297 2174 1420 2202 Ecclesia
1438 2174 1487 2201 Dei
1502 2180 1562 2200 csse
1590 2179 1701 2207 quoque
1718 2169 1850 2197 ﬁctilibus

187 2226 223 2250 et
233 2221 336 2258 ligneis
347 2221 421 2249 vasis
432 2221 524 2249 locum
537 2221 668 2256 aliquem,
683 2221 706 2249 si
719 2221 801 2249 modo
819 2222 875 2249 sint
894 2222 966 2249 usui.
979 2221 1167 2258 Intelligebam
1185 2221 1259 2248 enim
1276 2229 1357 2256 quam
1378 2221 1448 2247 male
1463 2227 1478 2246 a
1492 2218 1634 2246 nonnullis
1648 2216 1850 2252 interpretibus

187 2268 310 2298 habitus
320 2271 395 2296 esset
406 2266 535 2304 plurimis
551 2266 580 2295 in
595 2266 676 2294 libris
700 2266 830 2302 Cyrillus,
858 2267 885 2294 in
906 2266 1008 2302 quibus
1031 2266 1218 2302 repurgandis
1237 2274 1348 2301 operam
1364 2273 1469 2301 ponere
1494 2273 1552 2292 non
1571 2264 1654 2292 modo
1675 2262 1772 2291 inutile
1794 2269 1850 2289 non

188 2318 280 2350 eset,
295 2313 345 2343 sed
365 2322 501 2351 perquam
523 2312 725 2342 necessarium.
752 2313 811 2342 Dici
835 2314 938 2349 quippe
959 2321 1016 2341 non
1038 2317 1130 2349 potest
1140 2317 1275 2348 quantum
1289 2313 1343 2341 sibi
1353 2313 1426 2348 juris
1439 2312 1466 2339 in
1480 2319 1544 2339 eum
1568 2310 1717 2345 sumpserit
1730 2309 1762 2337 G.
1780 2308 1851 2336 Tra-

188 2362 355 2399 pezuntius,
368 2361 464 2390 multis
480 2362 511 2390 in
529 2361 671 2397 epitomen
682 2360 811 2393 redactis,
825 2366 853 2388 et
864 2367 1011 2396 perperam
1026 2368 1098 2395 sepe
1110 2360 1261 2387 translatis.
1284 2359 1364 2393 Quod
1388 2360 1416 2387 in
1437 2359 1569 2386 Thesauro
1583 2358 1695 2393 quidem
1721 2359 1852 2392 expertus

188 2409 319 2448 primum
340 2408 444 2437 Bonav.
469 2407 628 2440 Vulcanius,
647 2415 698 2443 ego
710 2407 812 2435 deinde
840 2407 927 2435 nihilo
953 2407 1154 2444 religiosiorem
1167 2407 1253 2435 fuisse
1271 2407 1298 2434 in
1321 2406 1476 2435 Comment.
1491 2407 1546 2434 illis
1564 2406 1592 2432 in
1612 2405 1746 2432 Joannem
1760 2403 1851 2438 reipsa

188 2455 332 2492 comperi.
341 2455 398 2484 Nec
408 2455 490 2491 longe
501 2454 610 2482 felicior
627 2455 765 2490 interpres
778 2453 1020 2489 OEcolampadius,
1038 2459 1069 2482 ut
1079 2455 1165 2482 libros
1176 2454 1214 2481 Dc
1224 2453 1353 2481 Triuitate
1365 2456 1394 2481 et
1406 2457 1499 2480 contra
1512 2451 1653 2479 lulianum
1663 2449 1854 2485 legentifacile

189 2502 317 2541 patebit.
332 2496 430 2537 Neque
446 2505 539 2533 tamen
551 2508 599 2529 eos
610 2509 661 2529 sua
677 2500 758 2528 laude
775 2508 870 2528 carere
884 2501 978 2534 velim,
989 2505 1036 2528 aut
1049 2508 1100 2536 ego
1116 2506 1173 2528 tam
1184 2505 1333 2528 accuratus
1346 2499 1453 2532 haberi,
1471 2503 1501 2526 ut
1517 2506 1574 2526 non
1586 2496 1790 2533 quamplurima
1804 2502 1853 2521 su-

189 2554 312 2585 peresse
327 2555 440 2584 quoque
451 2547 550 2576 fatear.
568 2555 630 2583 quae
642 2546 852 2582 diligentiorum
865 2554 978 2582 operam
995 2554 1028 2574 ac
1049 2546 1184 2582 judicium
1203 2546 1355 2581 requirant.
1373 2545 1468 2579 Itaque
1485 2543 1585 2578 siquid
1607 2551 1622 2570 a
1647 2549 1691 2569 me
1708 2544 1852 2576 peccatum

190 2593 417 2628 animadvertes,
432 2593 614 2624 humanitatis
626 2598 669 2621 est
681 2593 840 2629 ignoscere;
857 2601 947 2628 eoque
955 2593 1061 2629 justius
1071 2593 1151 2621 venia
1165 2593 1272 2628 sperari
1285 2592 1379 2625 debet,
1394 2591 1469 2627 quod
1485 2590 1596 2618 dillicile
1618 2588 1768 2616 admodum
1793 2591 1857 2614 erat

191 2650 225 2679 in
236 2645 296 2669 tam
307 2641 392 2678 tango
406 2641 496 2678 spatio
506 2648 562 2670 non
572 2640 718 2677 cespitare.
727 2640 803 2668 Adde
812 2640 887 2676 quod
896 2648 960 2668 cum
971 2648 1041 2676 opus
1054 2644 1247 2672 retractarem,
1261 2644 1289 2668 et
1297 2638 1421 2674 quaedam
1435 2642 1532 2666 notare
1543 2637 1691 2672 cmpissen,
1706 2641 1854 2663 excussum

192 2695 230 2717 ac
245 2686 452 2724 propemodum
482 2689 621 2714 extortum
637 2685 707 2714 mihi
734 2690 776 2714 est
796 2686 886 2721 ipsum
902 2686 937 2714 de
961 2686 1101 2720 manibus,
1115 2686 1330 2722 bibliopolarum
1343 2685 1455 2713 assidua
1476 2683 1646 2719 ﬂagitatione
1657 2702 1664 2714 ,
1684 2688 1747 2709 suas
1761 2681 1866 2725 perire,

192 2734 251 2764 sibi
263 2733 391 2762 rationes
401 2732 606 2770 obiiciendum,
617 2737 646 2761 et
664 2739 699 2760 eo
710 2733 822 2760 nomine
840 2733 868 2760 in
885 2733 988 2768 juslme
1007 2733 1212 2768 quodammodo
1233 2733 1412 2769 rapientium.

230 2780 270 2809 Ut
297 2787 366 2808 vero
388 2787 439 2817 per
470 2788 543 2817 quos
553 2780 732 2816 profecerim,
760 2784 789 2808 et
811 2780 913 2815 quibus
934 2780 1109 2815 adjutoribus
1125 2781 1277 2809 editionem
1297 2780 1369 2808 hanc
1392 2779 1563 2810 adornarim,
1583 2786 1618 2806 ne
1634 2783 1660 2806 te
1676 2778 1770 2811 lateat,
1786 2776 1860 2805 scito

195 2827 317 2867 gratiam
330 2826 360 2855 in
372 2826 471 2864 prunis
481 2827 579 2858 deberi
589 2828 761 2865 amplissimo
777 2828 837 2855 viro
845 2827 879 2854 N.
890 2827 1021 2863 Rigaltio,
1042 2828 1089 2863 qui
1105 2828 1173 2856 mihi
1188 2832 1325 2863 quotquot
1345 2828 1372 2855 in
1395 2826 1478 2862 Regis
1499 2825 1649 2853 lectissima
1664 2824 1710 2852 illa
1727 2830 1793 2860 gaza
1813 2830 1861 2849 rc-

195 2873 285 2912 positi
296 2877 380 2902 erant
391 2873 488 2911 Cyl-illi
506 2874 618 2902 codices
630 2874 749 2910 benigne
761 2875 978 2903 communicavit
996 2884 1002 2901 :
1021 2875 1174 2911 itidemque
1197 2875 1251 2903 ιιι).
1271 2874 1346 2904 card.
1367 2873 1519 2901 Barbcrino
1534 2877 1562 2901 et
1578 2871 1605 2900 S.
1625 2870 1779 2906 Onupbrlo,
1795 2876 1856 2895 om-

194 2920 393 2952 nistloctr'mtc
403 2925 431 2951 et
445 2921 626 2950 humanitatis
638 2921 720 2950 laude
733 2919 970 2953 eminentissimis,
986 2929 1102 2956 quorum
1111 2921 1273 2949 auctoritate
1292 2920 1475 2948 t'evcrcndlss.
1490 2919 1571 2947 Pater
1580 2918 1673 2945 Horat.
1684 2914 1859 2943 Justinianus
