4172 6440
536 365 639 424 “9
1633 359 1914 418 ANTONII
1949 359 2223 418 AGELLII
2261 358 2643 416 PREFATIO.
3704 362 3806 419 tao

538 484 714 541 libros
747 500 785 541 η
808 485 1142 557 posteriores
1156 482 1465 540 Comment.
1492 482 1547 538 in
1572 480 1776 539 Isaiam
1801 487 2115 557 prophetam
2139 494 2197 542 et
2235 486 2440 541 librum
2484 501 2577 541 vni
2610 486 2666 541 in
2692 485 2916 542 Joannis
2955 484 3307 558 Evangelium
3333 481 3400 538 ad
3431 495 3533 537 nos
3567 493 3636 535 ex
3656 479 3779 536 Vati

534 591 672 631 cana
702 576 1025 632 transmisit.
1050 574 1187 632 Nam
1217 578 1475 647 quintum
1499 594 1564 636 ac
1597 590 1816 637 sextum
1850 582 1908 637 in
1936 582 2205 638 Joannem
2253 584 2473 639 nescire
2501 593 2555 639 te
2582 599 2695 639 non
2721 593 2940 656 oportet
2988 583 3271 639 illustriss.
3327 596 3391 636 ac
3434 576 3802 635 reverendiss.

529 667 597 723 D.
632 662 830 722 Carolo
852 666 920 721 de
940 666 1210 735 Monchal,
1256 670 1674 742 archiepiscopo
1696 671 1990 739 Tolosano,
2022 673 2092 729 de
2124 674 2329 730 litteris
2355 688 2522 746 supra
2570 691 2737 746 quam
2778 675 2887 731 dici
2928 684 3111 747 potest
3140 676 3280 731 bene
3312 673 3535 739 merito,
3586 670 3802 737 deberi,

496 756 625 829 ‘qui
659 757 824 813 nobis
852 774 949 814 eos
981 773 1050 813 ex
1077 758 1141 812 L.
1166 758 1419 816 Hostenii
1451 761 1818 818 eruditissimi
1858 764 1964 819 viri
1993 764 2299 835 κειμηλίοις
2334 764 2700 836 deprompsit,
2733 764 2789 820 id
2825 765 3053 836 insuper
3081 765 3331 821 studiose
3385 762 3805 819 commendante

532 851 602 907 Ν.
647 849 907 907 Fabricio
937 850 1219 906 Peirescio
1260 852 1319 907 in
1350 862 1546 908 senatu
1578 852 1823 925 Aquensi
1853 855 2171 911 consiliario
2196 856 2343 927 regis
2371 856 2926 941 amplissimo.cujus
2966 866 3145 913 morte
3179 856 3549 914 clarissimum
3592 854 3806 909 littera-

527 960 652 999 rum
684 945 872 999 lumen
903 944 1241 1000 exstinctum
1272 943 1405 999 boni
1437 959 1633 1001 omnes
1678 945 1958 1001 desiderio
1990 961 2091 1001 suo
2121 962 2187 1001 ac
2241 947 2433 1003 dolore
2486 955 2775 1003 testantur.
2813 948 3024 1003 Exinde
3074 948 3169 1003 alii
3211 948 3465 1003 certatim
3495 946 3628 1001 huic
3648 952 3802 1015 operi

476 1072 483 1095 .-
537 1052 767 1092 manum
804 1037 1195 1095 admoverunt.
1223 1037 1360 1093 Nam
1388 1037 1715 1093 Tltesaurum
1748 1054 1859 1092 una
1879 1053 2005 1092 cum
2032 1039 2154 1110 ejus
2180 1039 2661 1110 interpretatione,
2692 1047 2749 1096 et
2768 1040 2846 1095 De
2874 1040 3187 1095 adoratione
3214 1041 3272 1093 in
3321 1039 3514 1110 spiritu
3561 1053 3624 1091 ac
3668 1037 3806 1092 veri-

532 1139 640 1185 tate
664 1131 841 1187 libros
865 1148 994 1198 xvn,
1028 1148 1170 1203 quos
1198 1132 1508 1189 Academiae
1533 1133 2047 1205 Lugduno—Batavas
2074 1133 2458 1190 Bonaventura
2486 1136 2789 1193 Vulcanius
2824 1137 3103 1209 quondam
3136 1137 3433 1208 legaverat,
3466 1132 3663 1189 advehi
3703 1147 3805 1187 cu-

532 1223 677 1277 ravit
700 1224 773 1279 cl.
798 1241 853 1278 v.
887 1224 949 1280 Ρ.
983 1226 1263 1282 Puteanus
1280 1229 1542 1299 juvandis
1568 1228 1769 1284 litteris
1792 1238 1974 1285 natus.
1996 1229 2076 1284 Ex
2101 1245 2200 1284 sua
2252 1246 2384 1285 vero
2430 1230 2769 1287 bibliotheca
2812 1231 3219 1288 illustrissimus
3251 1230 3315 1284 D.
3346 1229 3414 1283 de
3438 1227 3654 1298 Harlay,
3689 1226 3806 1281 Ma-

531 1312 828 1370 cloviensis
860 1316 1175 1387 episcopus,
1233 1320 1455 1375 codices
1492 1319 1633 1375 duos
1670 1318 1910 1389 benigne
1940 1319 2340 1390 suppeditavit,
2370 1336 2606 1391 quorum
2632 1337 2776 1377 unus
2801 1320 3061 1377 Catenam
3086 1322 3143 1376 in
3165 1319 3393 1377 Joannis
3422 1317 3805 1388 Evangelium,

528 1421 596 1463 ex
622 1407 815 1480 Cyrilli
841 1411 1187 1483 aliorumque
1214 1413 1438 1468 Patrum
1470 1409 1885 1465 commentariis
1910 1409 2319 1477 concinnatam,
2350 1412 2489 1466 alter
2507 1412 2780 1485 Claphgra
2804 1415 2860 1467 in
2881 1413 3322 1476 Pentateuchum,
3342 1427 3452 1467 una
3483 1426 3611 1466 cum
3647 1410 3810 1465 libris

529 1499 610 1554 De
642 1502 955 1558 adoratione
988 1505 1045 1559 in
1094 1506 1286 1577 spiritu
1326 1511 1376 1557 et
1413 1503 1654 1568 veritate,
1700 1516 1765 1555 ac
1795 1500 2062 1555 Thesauro
2105 1502 2511 1572 complectitur.
2547 1503 2628 1558 Ex
2655 1501 2990 1575 Augustana,
3019 1504 3251 1560 Mathias
3291 1503 3626 1574 Ehingerus,
3685 1502 3811 1573 ejus

532 1595 652 1647 tum
682 1602 872 1651 custos
908 1595 1384 1667 diligentissimus,
1407 1597 1486 1652 De
1507 1602 1851 1652 sacrosancta
1900 1595 2159 1650 Trinitate
2189 1595 2365 1651 libros
2399 1611 2501 1652 sua
2533 1611 2700 1650 manu
2733 1595 2940 1653 diﬂicili
2988 1606 3236 1669 tempore
3277 1595 3584 1666 descriptos
3616 1594 3805 1661 ;misit.

530 1683 824 1740 Postremo
852 1684 1204 1743 Collectanea
1236 1704 1306 1743 ex
1334 1688 1542 1761 Cyrillo
1577 1688 1810 1759 aliisque
1833 1688 2091 1744 Patribus
2114 1697 2374 1760 excerpta
2402 1689 2778 1760 suppeditavit
2798 1689 2959 1744 nobis
2997 1688 3279 1744 illustriss.
3307 1689 3393 1744 vir
3420 1690 3485 1744 D.
3518 1687 3805 1755 Biberius,

532 1775 677 1830 sacri
712 1775 1040 1835 Consistorii
1065 1795 1270 1846 comes,
1311 1780 1647 1852 integritatis
1666 1788 1722 1835 et
1750 1779 2084 1835 eruditionis
2101 1778 2277 1851 gloria
2312 1779 2677 1834 clarissimus.
2709 1777 2923 1846 Quibus
2945 1778 3205 1834 omnibus
3252 1786 3463 1833 tantum
3504 1777 3806 1849 gratiarum

531 1883 633 1940 ego
659 1868 837 1926 debeo
870 1881 1138 1943 quantum
1168 1872 1413 1928 Ecclesia
1445 1870 1719 1926 commodi
1749 1886 1819 1926 ex
1851 1870 2075 1941 scriptis
2126 1869 2461 1925 sanctissimi
2517 1869 2767 1925 doctoris
2808 1869 3009 1940 capiet.
3048 1869 3296 1940 Longum
3349 1875 3498 1925 esset
3557 1868 3809 1938 reliquos

533 1975 869 2029 percensere
898 1963 997 2035 qui
1023 1964 1159 2019 mihi
1194 1965 1252 2020 in
1282 1965 1390 2020 hoc
1419 1963 1698 2020 curriculo
1729 1960 1952 2018 sudanti
1980 1976 2135 2017 suam
2164 1976 2328 2032 opem
2358 1970 2454 2017 aut
2481 1960 2805 2017 obtulerunt
2826 1967 2922 2016 aut
2950 1961 3349 2030 praestiterunt.
3380 1958 3545 2014 Certe
3570 1967 3805 2029 praster—

529 2052 676 2107 mitti
700 2068 811 2109 non
835 2054 1001 2111 debet
1030 2057 1296 2112 eximium
1325 2073 1415 2112 vv.
1446 2056 1517 2112 cl.
1546 2055 1850 2112 P.Juniiet
1872 2056 1937 2110 Ι).
1976 2055 2129 2109 Rous
2150 2054 2207 2108 in
2234 2052 2480 2108 editione
2511 2042 2698 2109 nostra
2727 2051 2968 2124 iuvanda
3006 2050 3365 2121 ornandaque
3397 2049 3665 2114 studium,
3707 2065 3781 2118 qu

529 2143 786 2200 homilias
820 2146 1030 2216 aliquot
1082 2155 1141 2203 et
1182 2146 1364 2203 varias
1405 2147 1462 2202 in
1500 2161 1593 2201 eas
1645 2145 1915 2201 lectiones
1963 2159 2032 2199 ex
2077 2141 2505 2198 instructissima
2547 2141 2721 2198 Oxon.
2757 2139 3067 2196 Academiae
3094 2139 3431 2195 bibliotheca
3479 2148 3626 2193 tanta
3666 2140 3801 2196 mihi

528 2252 655 2293 cum
685 2238 966 2294 celeritate
990 2239 1285 2307 miserunt,
1315 2248 1377 2295 ut
1406 2240 1749 2311 praevertisse
1781 2235 2191 2311 quodammodo
2218 2235 2547 2292 viderentur
2580 2234 2903 2306 petitionem
2926 2248 3127 2288 meam.
3160 2233 3273 2288 Nec
3302 2230 3505 2285 tacitus
3533 2230 3709 2286 abibit
3733 2232 3779 2288 N

524 2322 855 2393 Borbonius,
877 2327 1135 2384 candoris
1149 2336 1205 2384 et
1235 2328 1442 2400 ingenii
1472 2327 1699 2383 dotibus
1730 2326 2140 2392 ornatissimus,
2166 2323 2259 2395 qui
2286 2324 2571 2381 luculenta
2610 2324 2774 2379 nobis
2808 2323 3116 2395 fragmenta
3155 2324 3616 2380 intermediorum
3649 2339 3705 2379 ιν
3735 2323 3806 2377 li-

526 2421 757 2478 brorum
780 2423 837 2476 in
867 2423 1131 2480 Joannem
1162 2440 1231 2481 ex
1257 2424 1464 2481 Catena
1517 2424 1802 2480 illustriss.
1831 2424 1896 2478 D.
1932 2422 2177 2494 episcopi
2235 2421 2620 2478 Macloviensis
2645 2421 2944 2492 desumpta
2997 2420 3233 2492 benigne
3285 2421 3535 2487 tradidit,
3566 2436 3802 2492 quorum

526 2531 631 2588 ope
657 2517 829 2573 multa
858 2518 916 2573 in
963 2535 999 2573 v
1050 2527 1108 2574 et
1138 2536 1189 2574 τι
1225 2520 1347 2576 loca
1397 2520 1833 2586 emendavimus,
1895 2533 2024 2575 cum
2069 2516 2296 2574 unicum
2328 2516 2574 2587 alioquin
2622 2517 2906 2589 exemplar
2950 2526 3291 2589 suppeteret,
3339 2516 3593 2585 inﬁnitis,
3638 2526 3804 2574 utne

526 2614 662 2685 quid
692 2614 1060 2683 dissimulem,
1093 2616 1310 2673 mendis
1339 2617 1710 2688 inquinatum.

598 2708 676 2764 De
711 2707 908 2763 ordine
934 2707 1227 2775 librorum,
1287 2709 1394 2765 hoc
1421 2709 1644 2775 habeto,
1690 2724 1793 2765 nos
1817 2723 1945 2764 eum
1983 2722 2096 2763 non
2131 2720 2529 2778 usquequaque
2589 2714 2811 2761 secutos
2847 2720 2989 2771 esse,
3032 2721 3198 2777 quem
3235 2706 3575 2778 exemplaria
3606 2705 3804 2762 Latina

488 2858 491 2861 ,
528 2797 915 2871 ρτωΐετθὶηιιι,
934 2797 1031 2855 sed
1052 2799 1579 2866 commodissimum,
1610 2807 1879 2872 quantum
1911 2799 2226 2871 patiebatur
2254 2800 2395 2854 ratio
2446 2802 2762 2866 tomorum,’
2791 2798 3119 2855 instituisse.
3157 2801 3404 2857 Primum
3437 2801 3619 2857 locum
3642 2800 3804 2857 libris

527 2889 608 2945 De
636 2888 948 2943 adcretione
975 2889 1034 2943 in
1057 2888 1251 2960 spiritu
1281 2897 1331 2942 et
1353 2890 1575 2944 veritate
1602 2904 1713 2945 una
1750 2904 1878 2945 cum
1912 2888 2198 2960 Glaphyris
2224 2888 2500 2954 dedimus,
2537 2888 2708 2959 quod,
2751 2890 3032 2961 proposita
3081 2890 3340 2962 legalium
3393 2901 3646 2965 typorum
3674 2908 3803 2950 cum

530 2980 848 3052 evangelica
868 2981 1105 3037 veritate
1149 2981 1556 3048 convenientia,
1582 2984 1807 3053 planum
1834 2983 1942 3038 iter
1964 2980 2034 3037 ad
2060 2978 2351 3051 utriusque
2384 2980 2724 3037 Testamenti
2755 2982 3127 3053 cognitionem
3172 2983 3445 3054 aperiunt,
3481 2985 3801 3057 animosque

527 3072 598 3130 ad
621 3074 740 3145 ejus
753 3073 1046 3129 lectionem
1074 3071 1283 3129 utiliter
1313 3078 1643 3144 praeparant.
1668 3073 1840 3128 Porro
1865 3072 2046 3128 varias
2077 3072 2345 3128 lectiones
2364 3086 2475 3126 non
2509 3086 2704 3128 omnes
2733 3071 2833 3126 tibi
2863 3080 3340 3142 repraesentamus,
3380 3074 3461 3129 uti
3485 3090 3591 3132 nec
3610 3091 3802 3132 emen-

528 3169 783 3225 dationes
826 3175 881 3223 et
899 3167 1410 3223 animadversiones
1434 3167 1490 3221 in
1534 3182 1598 3223 ea
1623 3165 1926 3238 Scriptura:
1955 3165 2074 3221 loca
2109 3181 2348 3237 quorum
2383 3166 2568 3221 versio
2622 3179 2749 3221 eum
2775 3163 2971 3221 Latina
3028 3166 3250 3238 vulgata
3299 3168 3482 3225 minus
3525 3170 3800 3237 congruit,

528 3265 938 3337 exemplaribus
965 3280 1203 3336 quorum
1226 3264 1296 3320 ad
1334 3264 1641 3336 marginem
1682 3280 1777 3321 eas
1800 3264 2124 3321 adnotaram
2152 3280 2251 3336 per
2287 3278 2560 3321 summam
2616 3263 2891 3319 incuriam
2922 3278 3218 3333 operarum
3267 3265 3506 3321 amissis.
3560 3267 3689 3323 Hzee
3746 3276 3801 3323 te

530 3359 743 3432 paucis,
765 3359 966 3429 lector,
996 3361 1268 3418 monitum
1296 3360 1470 3416 volui.
1505 3359 1661 3429 Quod
1693 3369 1966 3434 superest,
1997 3360 2268 3427 studium,
2293 3375 2505 3431 quaeso,
2531 3375 2719 3416 meum
2749 3360 2882 3415 boni
2901 3362 3150 3425 consule,
3173 3369 3231 3417 et
3254 3361 3398 3418 bene
3428 3362 3530 3418 tibi
3577 3363 3805 3434 cupien-

533 3464 644 3508 tem
667 3453 861 3511 eodem
889 3455 1074 3511 animo
1108 3471 1470 3528 prosequere.

540 3646 798 3664 κ·-

2974 3676 3015 3686 ‘—

1249 3843 1960 3941 ADMONITIO
2032 3842 2491 3941 ANTON.
2576 3845 3059 3940 AGELLII

895 4040 1221 4107 Prtemissa
1255 4039 1519 4105 editioni
1549 4039 1784 4103 Latinae
1831 4038 2134 4102 librorum
2164 4040 2253 4102 De
2297 4040 2671 4104 adoratione
2708 4042 2771 4102 in
2815 4041 3048 4120 spiritu
3097 4050 3151 4103 et
3190 4042 3469 4108 veritate.

1872 4210 1888 4271 (
1916 4208 2086 4259 Romae
2137 4205 2279 4270 i588,
2304 4207 2389 4259 fol.
2418 4211 2433 4271 )

607 4496 759 4552 Beati
799 4494 990 4568 Cyrilli
1020 4496 1096 4551 De
1142 4494 1468 4551 adcretione
1514 4494 1572 4549 in
1606 4494 1808 4564 spiritu
1839 4502 1898 4549 et
1940 4494 2175 4550 veritate
2219 4494 2379 4551 libros
2428 4514 2548 4551 cum
2585 4495 2907 4569 Lugdunum
2949 4501 3328 4572 imprimendos
3364 4504 3643 4570 misissem,
3678 4507 3808 4560 adeo

539 4588 700 4657 male,
725 4606 833 4645 non
861 4589 1014 4644 modo
1046 4589 1399 4660 imprimentis
1425 4586 1769 4659 negligentia,
1786 4604 1971 4642 verum
1992 4589 2154 4643 etiam
2180 4591 2491 4661 corrigentis
2522 4588 2703 4661 culpa,
2723 4592 2922 4662 accepti
2953 4593 3187 4664 fuerunt,
3208 4604 3266 4648 ut
3296 4595 3590 4651 innumeris
3609 4597 3808 4651 mendis

538 4683 702 4755 pleni,
738 4695 788 4740 et
821 4683 964 4755 quod
985 4684 1113 4737 mihi
1134 4681 1404 4737 molestius
1421 4682 1541 4753 fuit,
1568 4681 2014 4737 adnotatiunculis
2046 4684 2372 4755 marginibus
2394 4683 2589 4738 additis
2607 4687 2832 4756 respersi
2861 4695 3055 4754 essent,
3074 4704 3207 4758 quas
3226 4705 3391 4759 neque
3408 4706 3501 4761 ego
3523 4694 3771 4747 miseram
3791 4731 3809 4755 ρ

539 4792 707 4849 neque
750 4775 979 4846 feceram
1002 4792 1020 4828 :
1054 4782 1105 4828 et
1130 4775 1207 4827 ita
1230 4774 1425 4844 inepta:
1456 4782 1507 4828 et
1532 4773 1776 4829 absurda:
1798 4784 1973 4840 erant,
2002 4783 2060 4828 ut
2082 4775 2281 4830 alicubi
2312 4791 2379 4829 ne
2412 4775 2647 4829 auctoris
2675 4777 2887 4848 quidem
2911 4780 3241 4833 sanctissimi
3261 4788 3312 4833 et
3343 4782 3697 4839 eruditissimi
3714 4781 3818 4838 viri

496 4866 517 4902 ”
539 4871 741 4927 nomini
757 4876 1056 4941 parcerent.
1078 4867 1231 4934 Quod
1248 4869 1334 4924 ubi
1353 4871 1618 4941 conspexi,
1648 4877 1815 4924 totam
1832 4869 1987 4925 illam
2013 4870 2379 4943 Lugdunensis
2409 4869 2774 4941 impressionis
2796 4873 3164 4943 cogitationem
3191 4868 3377 4941 abjeci.
3412 4870 3516 4927 Sed
3550 4876 3809 4933 hortanti-

539 4964 636 5018 bus
677 4970 859 5032 postea
893 4962 1116 5016 eruditis
1141 4962 1292 5025 viris,
1323 4968 1629 5033 mecuntque
1661 4961 2021 5017 benevolentia
2050 4962 2369 5032 conjunctis,
2388 4968 2439 5014 et
2462 4962 2730 5033 praecipue
2756 4960 2979 5017 illorum
3004 4964 3429 5020 adhortationem
3459 4966 3810 5026 illustrissimc

542 5054 974 5127 amplissimaque
1004 5054 1394 5126 card.Carafa,
1430 5056 1582 5124 cuius
1604 5055 1763 5127 jussu
1788 5074 1852 5111 ac
1886 5054 2160 5111 voluntate
2188 5054 2312 5109 illos
2334 5063 2721 5121 converteram,
2751 5056 3102 5127 approbante,
3130 5066 3188 5111 ut
3218 5058 3350 5111 vitia
3376 5060 3672 5129 superioris
3711 5063 3809 5115 im-

543 5151 829 5223 pressionis
859 5151 1216 5218 mandarem,
1259 5151 1490 5207 alteram
1520 5161 1576 5206 ut
1599 5152 1795 5208 dicitur
1814 5154 2206 5225 navigationem
2226 5151 2451 5222 suscepi,
2481 5159 2532 5205 et
2570 5150 2642 5205 ad
2660 5151 2906 5205 incudem
2931 5150 3089 5205 illam
3133 5152 3537 5221 impressionem
3556 5158 3811 5222 revocavi,

545 5240 832 5312 curavique
860 5251 917 5294 ut
938 5240 1109 5294 denuo
1146 5239 1675 5303 libriemendatiores
1695 5242 2152 5313 imprimerentur.
2202 5239 2398 5308 Habes,
2453 5238 2651 5306 lector,
2676 5239 2935 5296 Romana:
2968 5240 3128 5311 hujus
3178 5243 3543 5313 impressionis
3576 5262 3812 5300 causam.

543 5332 697 5389 Nunc
732 5331 868 5387 mihi
900 5333 1038 5387 ratio
1063 5333 1373 5404 exponenda
1397 5343 1481 5397 est
1498 5350 1662 5404 quam
1695 5335 1753 5387 in
1773 5331 2177 5403 interpretando
2199 5347 2318 5385 sum
2356 5340 2584 5386 secutus.

620 5423 733 5497 Ego
757 5441 876 5479 cum
904 5424 1131 5480 viderem
1160 5428 1218 5480 in
1248 5435 1592 5482 externorum
1622 5426 1832 5497 scriptis
1875 5424 2260 5494 transferendis
2285 5423 2445 5492 ﬁdem
2490 5423 2797 5494 interpretis
2860 5424 3083 5494 requiri,
3107 5432 3264 5495 atque
3284 5440 3412 5482 eam
3435 5423 3643 5478 abunde
3665 5442 3808 5496 pra--

542 5522 700 5590 stari,
728 5524 776 5577 si
803 5522 943 5594 qvod
967 5523 1023 5577 in
1055 5525 1419 5595 permutandis
1448 5524 1676 5579 nummis
1708 5523 1987 5577 usuvenire
2013 5521 2145 5577 sole:
2173 5562 2186 5586 ,
2223 5523 2510 5577 (estimatio
2532 5524 2810 5577 sententia:
2840 5521 3175 5576 tantumdem
3201 5522 3385 5576 valens
3409 5521 3685 5591 reddatur,
3708 5538 3810 5577 non

544 5613 850 5691 scrupulose
887 5614 1048 5669 verba
1084 5624 1466 5682 numerentur;
1507 5617 1733 5670 medium
1771 5612 2064 5686 quamdam
2100 5613 2241 5667 viam
2284 5615 2410 5669 mihi
2446 5615 2846 5685 ingrediendam
2878 5616 3081 5685 putavi,
3119 5621 3178 5667 ut
3201 5616 3521 5669 sententiam
3577 5617 3811 5674 auctoris
3858 5662 3883 5675 ς

547 5712 625 5766 ita
647 5708 938 5772 redderem,
972 5715 1030 5759 ut
1058 5724 1224 5779 neque
1255 5709 1413 5764 illam
1434 5709 1609 5765 solum
1633 5720 1877 5782 spectans
1913 5709 2070 5763 verba
2093 5716 2501 5776 contemnerem,
2540 5726 2708 5783 neque
2756 5726 2941 5764 rursus
2982 5710 3151 5764 verbis
3177 5708 3461 5780 plusquam
3493 5721 3623 5777 opus
3680 5710 3813 5760 esset

551 5805 931 5868 adhaerescens,
959 5801 1210 5858 obscurus
1240 5821 1425 5859 essem.
1457 5804 1637 5865 Neque
1685 5821 1805 5860 vero
1834 5803 2028 5860 Latina
2056 5803 2216 5861 verba
2257 5802 2353 5859 illa
2395 5811 2606 5860 tantum
2631 5805 2835 5872 vutavi,
2861 5816 2979 5877 qua:
3025 5802 3172 5876 apud
3217 5801 3414 5872 lingua
3446 5809 3680 5886 ξιῼηηιοδ
3706 5808 3805 5847 (ια’
