2086 3219
170 194 224 223 121
751 194 893 224 ΛΝἸῸΝΙΙ
909 195 995 224 ΑεΕι

1067 198 1259 226 ΡΗᾸΞΡΑΤῙΟ.
1775 193 1828 222 122

164 256 258 280 dares
278 251 467 288 reperiuntur,-
493 259 558 280 nam
573 252 622 280 illa
636 253 766 279 scribendi
791 254 873 280 anxia
894 255 1015 281 nimisvet
1035 255 1192 290 scrupulosa
1228 254 1297 281 ratio
1314 255 1341 280 in
1358 254 1389 280 iis
1409 254 1512 289 scriptis
1527 259 1586 288 qua,
1613 251 1648 278 ad
1673 250 1827 286 religionem

165 299 318 336 pertinent,
334 306 389 326 non
403 306 597 335 usquequaque
624 300 726 326 seruari
750 304 853 335 potest;
876 300 1005 336 religione
1034 301 1103 328 enim
1124 301 1241 337 quadam
1263 300 1404 327 verborum
1420 300 1546 326 astrictus
1567 302 1671 324 tenetur
1684 298 1826 332 interpres,

165 345 236 373 adeo
246 348 282 373 ut
297 345 321 373 si
334 344 487 381 elegantius
500 346 650 381 transferre
667 345 740 379 uelit,
761 354 845 381 neque
869 347 947 373 certis
961 346 1120 382 quibusdam
1140 347 1179 373 uti
1200 346 1285 374 verbis
1313 350 1393 381 alque
1407 345 1579 376 solemnibus,
1597 343 1755 379 plerumque
1764 350 1827 369 δρηπ-

167 392 287 420 tentiam
300 392 432 434 obscuret,
447 391 510 419 dum
527 391 686 420 Christianis
697 392 806 427 objectis
822 392 936 419 cultiora
950 392 1063 427 fortasse
1075 394 1188 429 quaerit;
1203 402 1272 429 scepe
1285 392 1485 428 simplicitatem
1503 390 1582 418 illam
1594 390 1743 417 Christiani
1757 389 1827 415 scri-

164 439 255 474 ptoris
270 447 290 466 ιι
304 439 371 475 fucis
386 438 507 466 alienam
518 447 614 474 parum
632 439 748 474 referat;
761 448 954 475 nonnunquam
966 441 1062 474 etiam,
1077 441 1146 476 quod
1157 444 1237 476 caput
1251 444 1299 471 esl,
1317 440 1421 467 decreta
1439 438 1561 474 quazdam
1576 441 1676 464 nostris
1689 435 1752 468 ﬁdei
1769 436 1826 462 vio-

164 483 213 511 let.
235 483 422 518 Quamobrem
436 486 555 512 auctoris
569 494 675 513 sensum
689 486 728 512 ita
749 490 859 513 conatus
876 495 936 514 sum
957 488 1116 522 transferre,
1133 492 1162 514 ut
1177 486 1340 522 simplicibus
1352 486 1436 513 verbis
1446 506 1453 517 ,
1472 489 1496 511 et
1515 494 1531 511 a
1543 483 1735 511 consuetudine
1749 482 1828 510 Chri-

164 530 248 558 tiaua
260 530 374 558 minime
384 531 484 558 alienis
502 535 613 565 uterer;
632 533 786 567 curavique,
802 538 933 568 quantum
959 535 1043 569 potui,
1060 542 1092 560 ne
1113 535 1141 561 in
1153 542 1182 560 eo
1213 534 1326 569 legendo
1347 532 1514 560 Christianus
1547 532 1628 558 lector
1646 531 1673 557 in
1707 529 1826 556 auctoris

164 578 306 606 sententia
316 585 405 605 mores
416 578 534 605 auctoris
549 578 721 605 desideraret.
738 578 872 607 Hactenus
889 580 919 606 de
932 588 995 607 meae
1008 581 1236 616 interpretationis
1249 581 1361 607 ratione.
1378 579 1456 606 Nunc
1470 579 1501 605 de
1519 579 1605 613 operis
1619 581 1726 604 auctore
1740 584 1827 611 pauca

163 625 286 654 dicenda
302 628 376 653 sunt.

199 670 308 708 Cyrilli
319 672 370 699 hoc
381 679 449 707 opus
462 679 529 705 esse,
545 672 589 707 qui
602 672 630 698 in
643 671 699 706 ejus
720 672 825 706 scriptis
842 672 1007 708 perlegendis
1020 674 1053 700 sit
1065 678 1197 706 versatus,
1219 677 1284 709 puto
1301 673 1485 700 dubitaturum
1514 674 1664 705 neminem;
1681 673 1760 708 idque
1774 681 1826 700 non

162 717 388 754 uimcriptione
401 717 491 745 solum
510 718 630 754 cognosci
640 722 734 753 potest,
750 726 808 753 quae
826 719 853 745 in
869 719 988 746 omnibus
998 728 1062 755 quos
1082 720 1169 746 videre
1194 721 1268 755 potui
1295 720 1486 755 manuscriptis
1500 719 1573 746 libris
1600 723 1751 754 prcenotata
1775 724 1824 748 est,

160 774 265 795 Imm
285 767 370 794 etiam
383 774 417 794 ea:
433 766 591 794 elocutionis
605 774 701 802 genere
713 774 773 793 cum
788 768 889 794 cazteris
905 768 962 801 eius
980 768 1054 795 libris
1067 768 1296 803 quamsimillimo.
1314 768 1398 795 Habet
1412 768 1482 794 enim
1502 766 1631 802 Cyrillus,
1647 770 1675 793 ut
1686 768 1826 801 scriptores

161 822 276 848 mss,
295 822 376 842 suam
386 814 535 850 quamdam
551 814 680 842 orationis
693 814 809 849 formam
824 824 855 842 ac
865 815 980 850 faciem;
995 824 1087 851 quam,
1106 820 1135 842 ut
1150 816 1178 842 in
1193 816 1250 851 ipsa
1264 814 1353 842 vultus
1368 816 1479 842 humani
1493 816 1578 850 specie
1603 815 1735 846 usuvenit,
1755 815 1827 841 haud

160 860 251 899 facile
260 861 292 889 in
303 861 360 889 alio
375 861 557 898 deprehendas
571 869 580 889 :
600 869 682 896 eaque
696 861 723 887 in
734 861 830 888 Latino
841 871 952 898 quoque,
962 863 1008 890 sed
1022 863 1128 898 facilius
1144 872 1175 889 ac
1192 863 1289 889 certius
1310 863 1338 889 iu
1364 861 1456 889 (ἔνωεο
1478 861 1648 897 perspicitur.
1663 861 1770 888 Accedit
1785 861 1827 887 al-

161 913 259 936 terum
275 913 478 945 argumentum,
497 908 567 944 quod
585 907 683 935 ealdem
700 910 837 935 sententice
854 918 885 936 ac
903 910 1029 945 dogmata
1044 910 1137 946 quibus
1156 911 1185 937 in
1204 910 1243 936 his
1261 909 1336 936 libris
1354 910 1450 941 utitur,
1463 909 1491 935 in
1512 909 1572 935 aliis
1590 909 1654 935 item
1671 909 1729 941 ejus
1742 908 1826 940 libris,

161 955 196 982 de
213 954 318 991 quibus
334 954 414 983 nulla
430 958 470 982 est
489 955 681 987 controuersia,
695 954 821 990 leguntur
837 955 887 991 (a).
903 955 1024 991 Longum
1039 965 1100 984 vero
1116 960 1196 989 esset,
1215 964 1299 991 neque
1310 956 1498 990 necessarium,
1513 956 1535 982 si
1548 963 1593 981 eas
1610 963 1703 981 omnes
1716 959 1828 981 senten—

161 1002 221 1030 ti“
239 1001 367 1038 persequi
380 1001 479 1029 uelim:
494 1001 560 1028 satis
576 1002 626 1028 erit
643 1002 678 1028 ad
687 1009 746 1028 eam
764 1010 820 1028 rem
831 1002 1068 1029 demonstrandam
1087 1011 1171 1029 unum
1194 1007 1240 1029 aut
1263 1002 1379 1029 alterum
1393 1001 1543 1037 exemplum
1560 1009 1777 1028 commemorare.
1788 999 1827 1027 Ne

164 1048 401 1085 longiusabeam,
413 1047 485 1084 quod
499 1049 527 1075 in
544 1049 631 1084 primo
643 1048 709 1076 libro
728 1049 826 1083 posuit,
847 1048 1065 1076 substantialiter
1089 1058 1120 1076 ex
1146 1050 1228 1076 Patre
1247 1054 1272 1076 et
1301 1049 1368 1076 Filio
1391 1048 1531 1084 procedere
1545 1047 1676 1083 Spiritum
1695 1053 1827 1080 sanctum,

162 1095 261 1140 mne
278 1093 416 1138 Cyrillum
429 1099 568 1121 auctorem
585 1094 727 1130 coarguit?
754 1103 804 1129 quo
828 1102 860 1121 ex
882 1094 980 1123 Grcecis
996 1095 1146 1122 doctoribus
1170 1104 1245 1122 nemo
1259 1096 1355 1131 dogma
1378 1096 1425 1121 hoc
1456 1095 1573 1129 apertius
1599 1093 1732 1129 protulit;
1764 1101 1830 1120 nam

162 1142 296 1172 eamdem
307 1142 472 1170 sententiam
489 1150 550 1169 cum
563 1142 637 1175 ah'bi,
657 1143 750 1169 tumin
766 1142 900 1170 Thesauri
917 1143 983 1170 libro
991 1151 1039 1170 xm
1057 1142 1178 1178 legimus,
1195 1143 1280 1179 capite
1295 1143 1312 1169 2
1325 1143 1393 1176 et5;
1410 1143 1526 1177 itemque
1538 1142 1582 1168 lib.
1604 1149 1659 1173 xw,
1677 1149 1736 1176 cap.
1756 1141 1783 1173 l,
1796 1145 1822 1168 et

167 1190 355 1219 inloannem
372 1189 417 1217 lib.
434 1198 462 1222 x,
475 1198 536 1225 cap.
550 1189 820 1225 25.1nsufﬂationem
839 1191 934 1217 deinde
950 1190 1065 1226 Spiritus
1085 1191 1171 1217 salicti
1196 1190 1224 1216 in
1242 1190 1358 1217 hominis
1388 1197 1482 1224 corpus
1500 1197 1513 1215 e
1536 1188 1599 1214 limo
1621 1188 1781 1222 formatum.
1798 1191 1828 1214 ut

164 1238 304 1267 Gemens
317 1237 432 1265 secundo
447 1235 568 1272 legimus,
589 1236 617 1264 id
630 1237 743 1272 effecisse
763 1236 886 1272 Cyrillus
903 1241 988 1272 putat,
1014 1241 1044 1263 ut
1069 1236 1185 1272 Spiritus
1198 1237 1283 1263 sancti
1302 1244 1409 1263 munere
1429 1236 1549 1262 animum
1575 1234 1723 1260 decoraret.
1747 1234 1825 1261 Hanc

163 1285 337 1313 sententiam
356 1284 384 1311 in
399 1282 467 1310 libro
484 1291 589 1319 quoque
598 1284 627 1311 in
641 1283 746 1320 Evang.
760 1283 791 1311 B.
810 1284 891 1311 Joan.
905 1293 934 1316 ιι,
952 1293 974 1311 c.
985 1285 1011 1317 5,
1021 1288 1045 1311 et
1058 1284 1103 1311 lib.
1123 1292 1171 1316 xu,
1184 1292 1206 1310 c.
1222 1283 1266 1316 56,
1282 1284 1378 1319 posuit.
1404 1282 1498 1318 Cyrilli
1520 1281 1670 1316 opinionem
1698 1289 1750 1307 non
1765 1282 1831 1308 satis

163 1330 312 1369 probatB.
324 1329 439 1358 Thomas
452 1329 480 1357 in
493 1338 504 1358 ι
519 1338 591 1365 pan,
607 1339 634 1365 q.
656 1330 702 1362 9i,
719 1335 773 1358 art.
789 1332 816 1364 4,
829 1336 853 1358 et
867 1333 894 1358 in
906 1331 995 1358 libello
1015 1340 1094 1367 quem
1111 1332 1238 1358 adversus
1255 1339 1359 1357 errores
1374 1330 1529 1358 ercorum
1553 1329 1670 1364 scripsit,
1702 1331 1831 1362 tanquam

167 1377 270 1414 Cyrilli
287 1376 432 1413 propriam
448 1377 580 1412 agnoscit.
594 1375 646 1403 Sed
663 1381 691 1403 ut
703 1377 770 1403 solet
788 1377 903 1404 Patrum
922 1378 1068 1404 sententias
1092 1377 1282 1404 modestissime
1302 1376 1330 1402 in
1352 1379 1453 1402 rectum
1471 1382 1579 1401 sensum
1600 1373 1785 1408 interpretari,
1803 1376 1831 1398 ut

169 1426 259 1462 magis
275 1433 323 1454 eos
338 1424 481 1461 defendere
499 1432 580 1460 quam
593 1425 784 1460 reprehendere
802 1425 935 1457 uideatur,
960 1433 1020 1452 eam
1038 1425 1184 1451 reverentia
1211 1424 1278 1451 tanti
1293 1423 1384 1450 Patris
1401 1425 1535 1457 permotus
1546 1423 1664 1451 excusat,
1691 1418 1833 1454 allegorice

171 1473 206 1501 ab
218 1472 272 1501 illa
291 1470 435 1509 prolatum
449 1471 550 1498 dicens.
561 1468 693 1496 Excusari
718 1477 749 1494 ac
765 1468 870 1504 defendi
887 1468 966 1495 aliter
986 1477 1089 1504 quoque
1108 1473 1202 1504 potest,
1217 1477 1278 1495 cum
1291 1466 1409 1503 Cyrillus
1425 1466 1454 1492 in
1475 1475 1534 1493 eam
1551 1466 1712 1492 sententiam
1734 1464 1833 1491 vertisse

171 1519 350 1551 uideam,“
363 1517 510 1546 Marcionis
523 1515 694 1543 etManichoei
708 1514 885 1550 blasphemius
895 1516 1076 1551 propulsaret,
1087 1517 1131 1551 qui
1146 1516 1268 1542 dicebant
1287 1524 1333 1550 per
1345 1514 1554 1550 iusuf/lationem
1564 1511 1641 1538 illam
1656 1510 1770 1538 inditum
1779 1517 1834 1536 esse

174 1567 277 1596 homini
286 1565 484 1602 Deispiritum,
493 1571 606 1600 eumque
615 1564 641 1590 in
650 1564 770 1590 animum
781 1564 892 1590 hominis
901 1571 1066 1590 conversum.
1077 1563 1132 1589 Hoc
1143 1562 1260 1598 Cyrillus
1271 1562 1426 1593 detestatus,
1442 1564 1520 1595 negat
1534 1558 1664 1594 Spiritum
1674 1559 1701 1584 in
1714 1558 1835 1584 animam

179 1614 508 1650 mammosa-itque
517 1611 810 1648 insufﬂationemillam
827 1612 862 1638 ad
871 1612 990 1638 decorem
1001 1612 1108 1643 animas,
1119 1619 1171 1638 non
1181 1610 1215 1637 ad
1229 1618 1324 1646 corpus
1339 1608 1514 1636 animandum
1524 1606 1736 1642 profecisse.Non
1745 1610 1835 1632 tamen

181 1663 382 1700 negatSpiritus
396 1663 494 1690 uirtute
501 1665 581 1697 atque
592 1662 707 1697 efﬁcacia
720 1670 815 1697 corpus
829 1661 898 1688 illud
913 1662 1006 1688 animo
1019 1662 1119 1688 vivente
1135 1664 1302 1696 vegetatum;
1318 1659 1363 1686 sed
1378 1658 1459 1685 simul
1475 1658 1529 1692 fere
1554 1657 1673 1684 animam
1686 1654 1835 1691 viSpiritus

176 1711 307 1747 influat,
326 1714 354 1738 et
371 1709 496 1745 uestigio
507 1709 594 1735 sancti
607 1707 723 1743 Spiritus
736 1716 845 1734 munere
862 1708 1026 1734 decoratum.
1040 1706 1116 1739 Quod
1132 1707 1269 1742 perSpicue
1282 1706 1349 1732 dixit
1364 1706 1392 1732 in
1408 1704 1587 1740 Evangelium
1605 1703 1637 1730 Β.
1654 1703 1767 1730 Joannis
1788 1702 1833 1730 lib.

173 1766 205 1792 11,
220 1767 284 1794 cap.
295 1757 324 1785 5.
345 1756 400 1786 Sed
412 1756 510 1793 Cyrilli
522 1757 655 1791 opinionis
673 1757 809 1784 excusatio
821 1756 934 1783 alterius
949 1756 1036 1791 operis
1052 1760 1101 1788 est;
1115 1763 1184 1781 nunc
1197 1755 1263 1781 satis
1284 1758 1322 1780 est
1342 1752 1488 1780 ostendisse
1505 1751 1602 1787 Cyrilli
1616 1752 1685 1778 hanc
1707 1759 1762 1777 esse
1773 1760 1836 1777 sen-

174 1805 304 1833 tentiam.
318 1804 404 1840 Atqui
414 1804 443 1832 in
464 1804 552 1839 primo
572 1802 651 1838 hujus
673 1803 759 1838 operis
781 1802 848 1830 libro
861 1803 915 1830 hare
928 1803 1061 1830 sententia
1077 1802 1164 1838 posita
1179 1805 1237 1834 est;
1253 1808 1304 1836 quo
1323 1807 1415 1827 verum
1438 1806 1494 1826 esse
1506 1797 1601 1834 Cyrilli
1616 1797 1663 1825 hoc
1680 1805 1744 1833 opus
1765 1797 1837 1824 indi-

171 1856 266 1880 eatur.

209 1898 406 1936 Expositione:
420 1907 483 1927 vero
497 1898 593 1926 diuina
611 1898 766 1934 Scriptura,
778 1906 836 1934 qua:
848 1898 876 1925 in
889 1898 949 1925 aliis
964 1898 1021 1933 ejus
1043 1897 1115 1924 libris
1132 1897 1292 1932 afferuntur,
1303 1894 1385 1922 sicubi
1399 1895 1426 1921 in
1437 1893 1477 1920 his
1495 1889 1568 1919 libris
1580 1900 1643 1918 usus
1662 1891 1765 1923 incidit,
1785 1897 1838 1917 ece-

171 1948 237 1975 denl
244 1948 342 1983 posita
347 1949 422 1978 sunt;
434 1945 504 1981 quod
509 1945 597 1981 ipsum
605 1945 725 1972 eumdem
735 1953 789 1971 esse
800 1943 1025 1979 prodit.Singulas
1032 1951 1166 1970 recensere
1174 1950 1258 1977 neque
1266 1941 1378 1968 breuiter
1384 1947 1502 1976 possum,
1510 1943 1533 1965 et
1545 1938 1620 1964 otiosi
1630 1937 1742 1964 hominis
1753 1939 1820 1962 esset
1830 1943 1838 1961 :

175 1981 310 2030 idqueeui
325 1992 431 2020 libitum
447 1991 526 2026 fuerit
535 1990 614 2026 facile
629 1996 667 2018 est
676 1999 708 2017 ex
721 1990 807 2017 indice
816 1989 963 2025 Scriptura:
975 1998 1071 2022 sacrw,
1088 1989 1133 2024 qui
1146 1989 1181 2016 ad
1192 1988 1273 2023 finem
1286 1987 1373 2023 operis
1392 1990 1430 2012 est
1443 1986 1553 2021 positus,
1563 1984 1712 2014 desumere.
1730 1986 1754 2009 et
1777 1981 1840 2008 illas

172 2044 287 2070 interse
293 2039 502 2076 conferre.Quin
512 2040 669 2068 etiaminter
676 2038 770 2075 Cyrilli
777 2048 858 2074 opera
866 2039 970 2067 libellus
979 2039 1088 2075 quidam
1096 2039 1241 2069 invenitur,
1250 2038 1295 2073 qui
1306 2036 1481 2064 Collectanea
1493 2032 1660 2064 inscribitur;
1677 2032 1705 2058 in
1713 2039 1742 2057 eo
1755 2030 1840 2057 multa

173 2091 243 2115 sunt
257 2086 407 2123 Scriptum
431 2085 491 2113 loca
505 2085 655 2113 sublimiori
678 2093 757 2112 sensu
770 2089 795 2111 et
805 2085 951 2120 anagogico
972 2083 1116 2118 explicata,
1133 2083 1262 2118 pleraque
1275 2089 1307 2107 ea:
1323 2080 1397 2107 libris
1406 2087 1470 2114 pene
1481 2079 1516 2106 ad
1534 2078 1641 2106 verbum
1653 2077 1803 2112 desumpta,
1812 2081 1840 2103 ut

174 2133 250 2162 illud
261 2133 296 2161 de
312 2132 404 2168 Moyse
416 2131 515 2168 lingua
527 2134 683 2161 tarditatem
709 2137 864 2165 excusante,
880 2133 912 2159 de
928 2136 1006 2160 a’tate
1018 2132 1121 2163 Aaron,
1132 2130 1163 2157 dc
1174 2131 1249 2165 virga
1266 2129 1293 2156 in
1312 2131 1461 2164 serpentem
1470 2135 1557 2158 uersa,
1573 2125 1604 2152 de
1619 2133 1696 2160 aquw
1711 2124 1822 2159 penuria
1832 2145 1839 2156 ,

176 2190 239 2219 qu
252 2179 389 2210 Israelita?
401 2180 484 2216 paulo
495 2185 557 2208 ante
571 2189 604 2209 ea;
614 2181 731 2218 (Egypto
744 2181 861 2213 liberati,
883 2181 999 2216 primum
1020 2179 1109 2207 vexati
1129 2178 1286 2214 probatique
1298 2181 1370 2208 sunt,
1396 2175 1428 2202 de
1441 2182 1531 2210 pugna
1547 2173 1674 2200 adversus
1688 2171 1840 2199 Amalec/ii-

176 2233 223 2257 tas
234 2229 318 2261 inita,
326 2227 409 2256 Iosue
422 2229 498 2262 duce,
513 2228 604 2265 Moyse
614 2233 772 2264 spectatore.

213 2274 253 2303 In
263 2274 365 2304 Grecis
380 2275 482 2302 catenis
497 2279 640 2310 praterea,
657 2274 685 2300 in
705 2273 914 2301 Pentateuchum
931 2272 1073 2308 pracipue,
1088 2278 1146 2305 qute
1160 2270 1187 2296 in
1207 2269 1338 2296 Vaticana
1352 2266 1510 2294 bibliotheca
1522 2270 1594 2298 sunt,
1606 2275 1687 2301 quam
1706 2265 1792 2292 multa
1810 2273 1841 2291 ac

176 2328 268 2358 prope
280 2319 398 2348 dixerim
412 2321 504 2349 omnia
519 2327 552 2347 ea:
562 2320 601 2347 his
614 2319 689 2347 libris
705 2322 815 2353 accepta
829 2317 912 2345 sunt?
930 2317 969 2344 ita
984 2321 1014 2344 ut
1026 2324 1092 2352 pene
1106 2320 1172 2343 totos
1195 2315 1231 2342 ibi
1244 2315 1357 2341 insertos
1382 2313 1472 2340 videas
1485 2313 1531 2340 hos
1547 2312 1636 2345 libros,
1654 2316 1733 2347 atque
1749 2310 1843 2347 Cyrilli

178 2367 298 2396 novatus
312 2366 422 2395 citatos.

216 2413 364 2442 Postremo
377 2408 514 2442 Anastasii
527 2413 689 2448 patriarchae
715 2411 882 2443 Antiocheni,
892 2409 1054 2438 sanctissimi
1071 2413 1095 2436 et
1108 2408 1280 2436 eruditissimi
1295 2408 1354 2439 viri,
1372 2415 1450 2442 quem
1464 2414 1516 2433 non
1543 2408 1646 2432 moveat
1674 2405 1818 2431 auctoritas
1832 2404 1843 2430 ἰ)

179 2469 210 2499 ιι
221 2463 299 2491 enim
312 2462 341 2490 in
354 2469 404 2489 suo
430 2461 600 2489 Deductorio
620 2461 694 2488 libro
719 2460 751 2486 de
765 2460 805 2486 Itis
828 2458 901 2486 libris
928 2458 1109 2485 testimonium
1132 2450 1246 2492 profert,
1265 2455 1476 2490 interrogatione
1505 2453 1639 2480 vicesima.
1654 2452 1738 2478 Locus
1754 2456 1842 2478 autem

181 2496 346 2543 quernei!”
369 2507 497 2535 adversus
519 2508 666 2535 vanitatem
692 2506 877 2542 auguriorum,
891 2505 923 2531 de
942 2503 1008 2530 libro
1024 2511 1050 2531 Vl
1063 2506 1183 2537 sumptus
1202 2506 1250 2528 est.
1267 2501 1309 2527 Ea:
1327 2501 1367 2528 his
1389 2499 1510 2527 omnibus
1533 2498 1601 2526 illud
1619 2498 1735 2533 profecto
1751 2496 1843 2533 liquet,

182 2555 330 2592 proprium
342 2562 401 2582 eae
414 2547 511 2590 δεμ-ἰαί
521 2562 598 2590 opus,
612 2561 696 2589 neque
708 2552 780 2588 apud
790 2559 951 2587 quemquam
961 2554 1025 2586 puto
1049 2550 1118 2576 hanc
1132 2558 1189 2575 rem
1209 2549 1237 2575 in
1247 2547 1355 2574 dubium
1373 2545 1560 2574 revocandam.

220 2613 264 2643 No
276 2620 341 2642 vero
354 2613 497 2650 quicquam
521 2612 681 2649 offendatur,
695 2620 754 2639 cum
772 2611 936 2642 testimonia,
959 2617 1018 2644 quw
1033 2609 1065 2636 de
1091 2608 1233 2643 Scriptura
1264 2606 1450 2642 proferuntur,
1472 2604 1605 2639 aliquibus
1621 2603 1684 2630 locis
1706 2611 1758 2630 non
1781 2610 1845 2630 con-

183 2660 287 2698 gruere
297 2655 360 2688 cum
373 2661 472 2688 Latina
484 2660 598 2688 editione
609 2659 716 2692 viderit,
733 2658 915 2686 admonendus
929 2659 950 2685 is
965 2658 1029 2685 mihi
1039 2662 1087 2690 est,
1101 2657 1128 2684 id
1139 2665 1192 2684 non
1207 2657 1235 2683 in
1246 2663 1298 2682 uno
1311 2653 1424 2689 Cyrillo,
1435 2653 1481 2680 sed
1490 2654 1518 2679 in
1530 2653 1648 2679 omnium
1660 2651 1774 2679 Patrum
1791 2657 1845 2678 tam

182 2709 351 2738 Crccorum
378 2717 461 2746 quam
480 2713 598 2736 ueterum
628 2708 787 2735 Latinorum
811 2707 884 2734 libris
909 2707 1058 2734 usuvenire.
1083 2705 1117 2733 Ili
1138 2712 1254 2739 namque
1273 2710 1364 2729 omnes
1395 2701 1495 2728 Veteris
1519 2700 1682 2728 Testamenti
1699 2699 1845 2735 Scripturis

1049 2794 1155 2830 copiam
1167 2792 1301 2830 complesti
1308 2790 1500 2830 simus,capita
1508 2790 1574 2830 huic
1582 2790 1660 2825 operi
1669 2789 1773 2830 inserta
1779 2796 1844 2816 con-

1050 2824 1122 2857 sulto
1150 2824 1380 2859 Drmtérmisimus
1396 2830 1425 2854 et.
1444 2824 1634 2854 inexaminata
1659 2824 1845 2859 reliquimus;

1052 2861 1160 2892 tametsi
1177 2863 1316 2890 interdum
1332 2861 1433 2890 accidit
1447 2866 1477 2888 ut
1492 2861 1611 2892 alicujus
1635 2867 1734 2887 eorum
1750 2865 1846 2887 nems~

1052 2900 1123 2929 saria
1139 2899 1173 2928 de
1188 2906 1270 2927 causa
1288 2897 1507 2926 meminerimus.
1524 2906 1532 2923 ι
1552 2895 1627 2924 Ευιτ.
1638 2895 1719 2923 Pun.

224 2796 269 2833 (a)
301 2796 509 2833 Argumentum
542 2797 613 2825 nulli
627 2796 780 2824 secundum
793 2796 911 2833 prabet
918 2830 921 2833 ξ
934 2795 994 2833 ipse

187 2830 426 2870 Cyrillumjuitio
441 2832 642 2870 Glaphyrorum
655 2833 682 2860 in
703 2830 815 2870 lienes-in
840 2831 880 2870 _(p.
899 2830 938 2866 2),
950 2831 995 2870 di-

188 2865 279 2897 céns:
299 2877 309 2894 ε
324 2867 476 2897 Sciendum
492 2865 562 2896 itero
591 2868 675 2896 etiam
704 2868 757 2895 hoc
774 2865 861 2902 quod’
874 2874 937 2894 cum
956 2865 996 2892 De

190 2903 358 2940 alterations
379 2907 406 2932 et
428 2903 504 2932 cultu
517 2904 546 2931 in
559 2904 699 2940 spirituret
707 2903 819 2930 ueritate
834 2902 921 2940 libros
941 2909 996 2928 xvu

189 2938 406 2976 scripserimus,
423 2937 598 2974 multamque
615 2939 643 2967 in
662 2939 717 2967 illis
731 2937 996 2971 contemplationum
