4172 6450
554 370 658 427 {23
1678 361 1963 431 ᾼΝΤΟΝΠ
1992 360 2266 429 Αςειιιι
2300 360 2684 430 ΡΜξΡΑΤιο.
3712 359 3817 421 iﬂ‘

542 484 710 554 juxta
737 479 874 551 LXX
892 477 1253 550 Interpretum
1293 470 1702 539 translationem
1726 478 1971 527 utuntur.
1999 469 2103 527 Sed
2128 473 2258 543 quia
2285 481 2433 541 uetus
2456 473 2645 539 horum
2670 471 3031 543 interpretum
3057 472 3216 539 editio
3244 473 3367 543 iam
3390 473 3487 536 diu
3522 472 3681 544 apud
3702 472 3814 528 La-

547 571 914 639 tinosamissa
940 577 1041 636 est,
1068 568 1202 629 ,dedi
1244 581 1465 637 operam
1498 571 1558 619 ut
1604 579 1725 634 quae
1764 565 1837 629 ,in
1861 565 1941 618 his
1997 563 2145 633 libris
2183 580 2248 620 ea:
2292 563 2465 633 Veteri
2496 563 2865 635 Instrumenta
2880 565 3140 631 citantur,
3204 579 3272 620 ea
3302 581 3431 619 cum
3460 566 3812 637 antiquorum

555 664 756 719 Latinas
798 662 1044 725 Ecclesia:
1088 661 1317 722 Patrum
1350 657 1579 721 lectione
1592 665 1984 727 congruerent:
2020 658 2078 712 in
2098 672 2264 729 eaque
2299 673 2358 711 re
2383 656 2665 728 Augustini
2682 658 2946 729 pracipue
2977 656 3124 713 libris
3146 656 3368 729 adjutus
3388 659 3612 727 tumin
3648 657 3810 731 cujus

544 754 956 826 Quaestionibus
986 769 1095 812 non
1129 767 1300 823 pauca
1329 766 1393 804 ea;
1420 748 1520 815 illa
1542 751 1715 804 ueteri
1742 748 1883 804 LXX
1910 750 2359 820 interpretatione
2381 746 2661 819 leguntur.

618 848 686 904 In
716 847 861 903 Nono
889 855 1067 902 autem
1094 843 1425 907 Testamento
1453 841 1703 911 Latinam
1738 840 2012 912 vulgatam
2036 841 2323 903 editionem
2344 840 2533 912 ubique
2554 842 2785 908 retinui;
2808 841 2918 896 nisi
2944 839 3029 895 ubi
3058 849 3154 897 aut
3180 839 3337 907 aliter
3358 840 3573 913 legisset
3603 850 3810 911 quater,

551 948 644 995 aut
667 955 786 993 eam
814 937 1188 1007 expositionem
1221 933 1506 1001 attulisset,
1541 948 1660 1005 qua:
1679 949 1803 1005 cum
1830 931 2024 986 Latina
2048 930 2272 985 editione
2299 947 2584 1003 congruere
2608 948 2721 989 non
2744 941 2937 1003 posset.
2965 930 3173 1001 aﬂuibus
3202 934 3258 987 in
3286 932 3410 989 locis
3431 950 3503 991 ne
3530 932 3597 997 ab
3622 941 3809 991 aucto-

550 1031 622 1084 ris
646 1031 908 1085 sententia
936 1029 1286 1092 disseruirem,
1308 1040 1440 1081 neve
1470 1023 1626 1078 illam
1650 1024 2004 1081 obscuriorem
2041 1020 2331 1087 redderem,
2356 1030 2573 1077 coactus
2605 1038 2723 1076 sum
2752 1022 3147 1093 aliquantulum
3179 1041 3214 1078 a
3247 1023 3475 1096 Vulgata
3509 1023 3810 1090 discedere;

547 1120 637 1174 sed
668 1121 777 1177 haec
805 1119 921 1179 loca
956 1136 1061 1183 non
1088 1116 1259 1179 multa
1281 1124 1424 1184 sunt.
1470 1114 1623 1185 Quod
1650 1115 1977 1170 admonitum
2004 1122 2075 1180 te,
2116 1112 2502 1180 ,lector,.ualui,
2523 1129 2594 1168 ne
2629 1114 2789 1168 sicubi
2820 1113 2977 1177 aliter
3006 1131 3167 1186 quam
3194 1115 3293 1170 illa
3321 1116 3510 1171 habeat
3534 1114 3806 1181 transtuli,

549 1215 823 1287 vulgatam
852 1218 1151 1271 editionem»
1176 1213 1555 1284 reprehendere
1583 1229 1665 1267 me
1701 1211 1927 1267 voluisse
1955 1218 2123 1283 putes.
2154 1209 2342 1265 Altera
2377 1211 2537 1265 etiam
2570 1210 2785 1264 accessit
2822 1226 2983 1264 causa
3014 1225 3107 1264 cur
3148 1209 3203 1262 id
3238 1210 3363 1263 mihi
3400 1208 3571 1278 facere
3608 1225 3812 1266 necesse

550 1304 669 1374 fuit,
700 1322 764 1371 ne
793 1308 840 1361 si
872 1306 1031 1371 aliter
1055 1323 1218 1377 quam
1243 1316 1430 1363 auctor
1460 1308 1517 1363 in
1550 1306 1731 1364 Greco
1763 1313 2036 1377 posuerat,
2068 1303 2357 1376 Scriptum
2391 1320 2560 1360 sacrte
2591 1304 2888 1359 testimonia
2922 1303 3332 1370 transtulissem,
3359 1306 3717 1360 characterem
3744 1322 3811 1365 ac

550 1404 730 1451 notam
755 1398 899 1453 haud
919 1399 1164 1471 exiguam
1191 1399 1499 1463 adimerem,
1525 1415 1633 1469 qua
1661 1396 1849 1469 (ἔνι-ἐιιὶ
1869 1399 1968 1452 hoc
1995 1413 2126 1469 opus
2149 1412 2258 1452 esse
2285 1396 2498 1467 probari
2523 1404 2713 1466 posset.
2736 1394 2950 1451 Etenim
2970 1413 3099 1455 cum
3118 1397 3179 1452 in
3200 1397 3265 1451 iis
3289 1394 3457 1463 libris,
3481 1398 3576 1468 qui
3606 1396 3810 1452 tamdiu

550 1492 675 1551 editi
701 1501 844 1559 sunt,
863 1502 913 1559 et
932 1495 1046 1565 sine
1066 1493 1219 1559 dubio
1235 1492 1424 1565 Cyrilli
1445 1509 1554 1561 esse
1566 1492 1883 1561 creduntur,
1903 1490 2164 1547 nonnulla
2185 1490 2474 1564 Scriptum
2498 1499 2703 1559 sancta:
2726 1490 2841 1555 loca
2862 1490 3124 1563 singulari
3132 1508 3205 1547 ac
3221 1493 3436 1563 proprio
3454 1492 3689 1561 quodam
3706 1508 3814 1557 au-

546 1587 705 1649 ctoris
730 1588 880 1651 modo
905 1586 1171 1659 legantur,
1192 1587 1477 1659 eodemque
1500 1586 1652 1653 modo
1664 1588 1731 1647 in
1750 1588 1829 1642 his
1850 1585 2166 1659 libris,,quos
2182 1587 2407 1655 edimus,
2434 1587 2808 1657 reperiantur;
2836 1584 2894 1649 id
2919 1593 3059 1649 certe
3076 1602 3185 1642 non
3215 1583 3326 1640 leue
3344 1585 3598 1641 indicium
3624 1594 3699 1640 est
3719 1586 3812 1640 hos

549 1677 706 1744 libros
733 1681 967 1750 ejusdem
1001 1679 1230 1737 auctoris
1259 1696 1390 1747 esse,
1425 1680 1575 1751 eique
1610 1686 1866 1750 tanquam
1892 1680 2195 1741 certissimis
2226 1679 2363 1734 notis
2390 1678 2667 1755 insignitas
2695 1678 2825 1749 jure
2864 1678 3062 1749 optimo
3082 1677 3411 1733 asserendos.
3440 1677 3699 1751 Exemplo
3726 1696 3813 1736 res

543 1767 743 1843 clarior
762 1769 875 1840 ﬁet.
908 1768 1052 1836 Solet
1079 1768 1312 1843 Cgrillus
1330 1771 1395 1825 in
1423 1770 1535 1839 suis
1559 1767 1710 1837 libris
1740 1767 1898 1827 illum
1921 1768 2116 1842 psalmi
2146 1785 2267 1826 xm
2299 1760 2508 1827 versum
2540 1769 2637 1824 hoc
2667 1768 2819 1823 modo
2848 1768 3035 1841 citare,
3059 1767 3162 1824 Dei
3180 1767 3377 1835 fortes,
3409 1784 3442 1824 a
3472 1777 3619 1825 terra
3647 1771 3816 1827 vehe-

544 1875 760 1927 menter
777 1865 977 1929 elevati
1002 1874 1163 1934 sunt;
1184 1882 1352 1938 neque
1371 1864 1545 1929 solum
1566 1868 1754 1933 citare,
1781 1866 1873 1932 sed
1888 1866 2051 1933 etiam
2064 1865 2575 1938 eupositionemhuic
2593 1864 2803 1921 lectioni
2819 1871 3192 1936 congruentem
3212 1881 3498 1939 apponere.
3526 1866 3638 1927 Hoc
3658 1869 3813 1925 modo

548 1967 693 2021 certe
722 1961 781 2015 in
806 1961 921 2032 ejus
939 1960 1332 2025 commentariis
1356 1960 1414 2016 in
1433 1959 1701 2017 Joannem
1724 1958 1819 2017 lib.
1848 1975 1926 2027 ιι,
1947 1977 2068 2032 cap.
2099 1960 2190 2027 29,
2214 1961 2299 2015 hic
2314 1975 2497 2025 versus
2510 1958 2730 2032 legitur.
2757 1958 2922 2030 Atqui
2948 1958 3133 2025 eodem
3154 1958 3312 2027 modo
3340 1960 3538 2029 citatus
3562 1961 3730 2027 etiam
3752 1963 3813 2018 in

542 2060 638 2120 hoc
661 2057 919 2131 operelib.
943 2075 985 2124 ι,
1002 2056 1132 2129 libro
1158 2058 1320 2113 etiam
1344 2073 1424 2114 ιιι.
1447 2055 1505 2113 Si
1524 2059 1691 2130 igitur
1711 2058 1853 2130 quod
1876 2065 1996 2114 erat
2023 2059 2079 2112 in
2108 2058 2337 2121 editione
2358 2056 2556 2119 Latina
2574 2057 2906 2128 posuissem:
2926 2054 3025 2120 Dei
3044 2052 3224 2119 fortes
3250 2060 3436 2121 terra,
3454 2051 3814 2110 vehementer

541 2149 738 2207 elevati
767 2159 915 2218 sunt,
955 2168 1061 2223 non
1089 2149 1242 2206 modo
1272 2167 1469 2223 magna
1494 2168 1560 2207 ea:
1582 2161 1736 2224 parte
1762 2153 1993 2211 auctoris
2017 2153 2739 2218 sententiamobscurassem,
3202 2148 3504 2220 afuissem.
3532 2148 3626 2207 sed
3653 2150 3816 2209 etiam

539 2242 684 2303 haud
713 2242 822 2299 leve
855 2243 1107 2304 indicium
1143 2259 1245 2314 quo
1280 2250 1490 2313 poterat
1533 2253 1720 2305 auctor
1749 2244 1907 2315 hujus
1948 2244 2123 2316 operis
2164 2244 2399 2315 dignosci
2428 2243 2781 2307 sustulissem.
2824 2242 2998 2306 Plura
3036 2242 3150 2314 ejus
3181 2241 3259 2303 rei
3286 2238 3535 2312 exempla
3573 2241 3668 2296 hoc
3698 2240 3809 2306 locs

538 2331 727 2403 aa‘erre
752 2349 857 2391 non
883 2342 958 2390 est
980 2350 1131 2408 opus,
1158 2352 1275 2393 cum
1300 2338 1357 2392 in
1389 2338 1533 2395 calce
1552 2341 1724 2411 operis
1751 2338 2035 2411 adjecerim
2058 2339 2316 2403 nonnulla
2341 2338 2632 2413 Scriptum
2661 2340 2777 2396 loca
2810 2337 3169 2402 observamm
3190 2333 3411 2402 collecta
3426 2351 3448 2404 ;
3473 2335 3613 2391 unde
3640 2342 3815 2407 petere

538 2432 725 2493 potest,
749 2426 796 2484 si
827 2429 944 2498 quis
972 2427 1133 2498 plura
1157 2429 1437 2489 desideret.
1473 2431 1539 2487 In
1566 2433 1646 2497 his
1675 2440 1854 2488 autem
1888 2433 2035 2491 libris
2069 2441 2237 2491 totam
2263 2433 2376 2501 fere
2406 2434 2701 2493 secretioris
2733 2429 3094 2503 intelligentia!
3122 2425 3507 2497 mystagogiam
3541 2424 3725 2491 εναάίε,
3754 2426 3813 2481 in

537 2529 645 2583 qua
670 2517 902 2578 maxime
927 2519 1135 2579 videtur
1158 2524 1449 2594 excellere;
1476 2527 1610 2584 adeo
1632 2536 1698 2597 ,αι
1725 2530 1782 2585 in
1810 2529 1980 2603 κομί
2013 2529 2158 2587 libris
2187 2530 2321 2587 nihil
2352 2531 2461 2603 fere
2496 2531 2566 2587 sit
2592 2530 2663 2587 ad
2689 2529 2934 2587 umbram
2960 2534 3010 2581 et
3040 2525 3342 2596 futurorum
3374 2523 3662 2595 imaginem
3686 2535 3810 2591 ηατ-

539 2606 731 2683 ιίηεηὲ»
765 2608 905 2678 φιοά
938 2610 1025 2672 hic
1060 2629 1168 2674 non
1201 2614 1520 2687 explicetur;
1552 2628 1610 2677 ut
1640 2622 1775 2677 sicut
1804 2620 1927 2678 illos
1950 2621 2112 2680 libros
2151 2624 2211 2678 in
2246 2624 2435 2694 quibus
2472 2622 2537 2679 de
2564 2619 2829 2693 theologia
2856 2618 3127 2684 disseruit.
3154 2614 3492 2679 Thesaurum
3522 2613 3809 2685 ίηεβτίρεὶε.

536 2696 615 2759 ita
641 2698 735 2759 hoc
769 2697 950 2769 libros.
977 2702 1211 2763 alterum
1240 2710 1381 2766 velut
1413 2731 1675 2787 anagoges
1700 2725 1750 2771 et
1772 2718 2079 2791 tropologia
2109 2720 2419 2774 thesaurum
2448 2719 2613 2792 possis
2642 2716 2936 2790 appellare.

609 2805 862 2873 Quamvis
888 2820 1066 2868 autem
1096 2818 1332 2874 omnium
1356 2821 1466 2892 fere
1491 2823 1659 2903 Moysi
1692 2824 1950 2881 librorum
1980 2829 2234 2899 mysteria
2262 2828 2321 2883 in
2349 2827 2428 2883 his
2459 2826 2609 2882 libris
2637 2826 2972 2897 aperiantur,
2992 2839 3100 2879 non
3130 2833 3307 2883 tamen
3334 2825 3573 2884 eumdem
3598 2827 3811 2895 seriem,

539 2917 701 2971 quam
727 2902 820 2958 ille
839 2905 896 2960 in
921 2909 1194 2966 scribendo
1224 2917 1412 2982 tenuit,
1439 2919 1520 2973 hic
1541 2902 1596 2974 in
1626 2920 1935 2993 explicando
1963 2931 2170 2978 secutus
2200 2930 2296 2988 est,
2331 2923 2424 2979 sed
2449 2940 2604 2978 suum
2631 2921 2911 2994 quemdam
2940 2920 3180 2976 ordinem
3205 2922 3451 2989 servavit,
3473 2922 3551 2976 ita
3577 2930 3636 2979 ut
3664 2924 3811 2994 prius

540 3008 855 3068 argumenta
885 3005 1129 3075 quaedam
1165 3018 1307 3066 certa
1345 3013 1444 3068 sibi
1470 3016 1796 3086 prcescribat,
1829 3026 1942 3074 tum
1973 3019 2087 3075 loca
2117 3017 2408 3092 Scriptum
2437 3020 2592 3075 varia
2624 3035 2745 3075 cum
2776 3017 2883 3074 illis
2917 3017 3244 3089 argumentis
3275 3016 3635 3071 convenientia
3667 3032 3696 3070 e
3724 3016 3808 3072 di-

537 3096 698 3188 versis
726 3093 1017 3169 Scriptura:
1046 3100 1190 3159 libris
1216 3104 1431 3180 colligat
1459 3117 1508 3164 et
1533 3110 1775 3183 explicet.
1814 3113 2005 3185 Itaque
2032 3117 2086 3170 in
2123 3118 2292 3187 primo
2333 3114 2463 3171 libro
2488 3132 2607 3171 cum
2634 3115 2697 3170 de
2724 3114 2876 3188 lapsu
2912 3113 3136 3168 hominis
3168 3111 3224 3165 in
3262 3119 3532 3183 peccatum
3567 3111 3807 3178 disserat,

539 3193 589 3239 et
629 3187 812 3243 doceat
843 3206 949 3261 qua
986 3195 1195 3249 ratione
1230 3214 1263 3252 a
1300 3204 1524 3271 peccatis
1560 3220 1623 3257 ac
1660 3204 1799 3260 vitiis
1843 3206 1913 3261 ad
1958 3208 2228 3263 meliorem
2272 3209 2479 3280 frugem
2523 3207 2698 3262 redire
2742 3206 2925 3278 possit,
2965 3203 3221 3274 decerptis
3253 3202 3489 3275 undique
3522 3199 3813 3274 Scriptura

535 3288 733 3371 simcui:
767 3283 1094 3352 testimoniis,
1129 3286 1339 3359 illisque
1382 3291 1452 3346 ad
1495 3292 1766 3366 allegoria:
1811 3300 2073 3353 rationem
2110 3301 2403 3365 enarratis,
2436 3300 2492 3354 id
2521 3299 2660 3371 quod
2703 3303 3052 3370 proposuerat
3088 3291 3311 3365 planum
3353 3294 3527 3364 facere
3562 3303 3809 3349 conatur.

538 3367 797 3426 Eamdem
850 3375 1111 3437 rationem
1152 3386 1291 3437 tenet
1342 3380 1399 3435 in
1450 3385 1708 3452 secundo,
1760 3402 1876 3445 cum
1921 3386 2088 3459 legem
2148 3389 2219 3444 ad
2271 3367 2544 3443 hominem
2577 3367 2988 3459 justiﬁcandum
3032 3404 3141 3444 non
3187 3389 3316 3447 satis
3372 3388 3564 3443 habere
3617 3389 3813 3444 virium

539 3462 786 3517 ostendit.
847 3465 1111 3522 Eamdem
1169 3471 1227 3524 in
1284 3474 1470 3539 tertio,
1519 3475 1575 3529 in
1612 3492 1716 3548 quo
1775 3479 2009 3534 homines
2060 3481 2116 3534 in
2171 3479 2381 3539 Christo
2424 3478 2764 3551 justiﬁcari,
2817 3487 2867 3534 et
2928 3480 2986 3533 in
3046 3481 3164 3551 ejus
3228 3480 3488 3552 praecipue
3552 3480 3814 3552 baptismo

540 3552 658 3606 tolli
716 3565 987 3625 peccatum
1044 3557 1211 3623 docet.
1268 3562 1379 3618 Nec
1435 3564 1698 3627 diversam
1743 3571 2003 3625 rationem
2066 3571 2123 3627 in
2179 3580 2371 3642 quarto
2431 3581 2479 3626 et
2540 3572 2723 3642 quinto
2782 3572 3044 3642 sequitur,
3079 3573 3135 3626 in
3201 3572 3387 3643 quibus
3444 3572 3813 3643 fortitudinem

541 3662 652 3702 esse
684 3653 1034 3707 necessariam
1063 3671 1168 3709 non
1202 3658 1356 3713 modo
1388 3660 1459 3715 ad
1487 3662 1819 3720 incommoda
1856 3666 2189 3737 perferenda,
2222 3684 2405 3723 verum
2433 3668 2594 3722 etiam
2633 3667 2703 3721 ad
2737 3675 2972 3722 terrenos
3009 3668 3223 3739 affectus
3257 3667 3653 3740 voluptatesque
3682 3686 3811 3723 con-
3852 3676 3863 3683 ‘

541 3740 849 3832 culcandas,
882 3745 1141 3804 declarat.
1185 3750 1336 3806 Idem
1373 3764 1551 3811 servat
1592 3758 1647 3813 in
1675 3769 1843 3826 sexto,
1875 3761 1932 3817 in
1975 3777 2079 3832 quo
2108 3761 2174 3816 de
2211 3762 2470 3815 charitate
2508 3761 2566 3815 in
2597 3759 2787 3825 Deum,
2823 3768 2873 3815 et
2901 3759 2966 3816 de
2993 3761 3059 3815 iis
3095 3760 3368 3832 praeeptis
3400 3776 3516 3832 qua:
3550 3761 3623 3814 ad
3664 3759 3811 3816 illius

540 3830 868 3889 dilectionem
895 3839 1177 3908 pertinent,
1207 3841 1483 3914 disputat;
1525 3846 1590 3899 de
1632 3848 1698 3902 iis
1739 3851 1903 3903 etiam
1936 3830 2087 3905 rebus
2129 3850 2314 3922 quibus
2346 3851 2462 3922 ejus
2499 3850 2707 3909 dilectio
2733 3850 2966 3906 violatur
2995 3866 3014 3905 :
3043 3866 3118 3905 ea
3147 3830 3273 3905 sunt
3307 3830 3565 3921 peruersa
3598 3850 3666 3905 de
3698 3851 3811 3906 Deo

539 3924 790 3999 falsaque
817 3931 1104 4001 opiniones,
1136 3942 1187 3987 et
1213 3952 1331 4007 qua:
1362 3937 1425 3991 de
1459 3940 1718 4010 ejusmodi
1755 3942 1903 4015 falsis
1938 3946 2269 4016 opinionibus
2306 3946 2746 4018 proﬁciscuntur;
2776 3948 3073 4019 eujusmodi
3097 3954 3225 4006 sunt
3254 3947 3590 4018 praestigioso:
3631 3954 3810 4003 astro:

537 4033 675 4087 rum,
721 4023 975 4089 ominum,
1021 4027 1368 4097 auguriorum
1390 4032 1799 4104 observationes,
1838 4042 2079 4095 martium
2117 4042 2464 4107 eooeotiones,
2508 4042 2877 4109 diuinationes,
2925 4041 3171 4107 oracula,
3213 4042 3646 4113 superstitiones;
3688 4056 3809 4109 qua

536 4112 715 4168 omnia
744 4113 1068 4172 idololatriae
1093 4130 1320 4189 cognata
1348 4131 1496 4191 sunt,
1526 4137 1576 4181 et
1613 4143 1679 4183 ea:
1712 4128 1810 4184 illa
1835 4133 2109 4203 ﬂuxerunt
2148 4150 2167 4189 :
2192 4133 2273 4188 'ad
2297 4134 2406 4189 haec
2429 4134 2487 4190 in
2511 4133 2670 4205 culpa
2698 4134 2797 4205 fati
2825 4133 3152 4205 fortunaeque
3178 4139 3483 4205 pretemtus,
3512 4133 3807 4204 genethlia-

536 4217 721 4258 εοηιηι
752 4208 980 4273 “nilus,
1014 4216 1308 4281 temporum
1349 4217 1572 4273 notatio.
1616 4216 1877 4276 Eamdem
1902 4223 2043 4279 uiam
2071 4231 2208 4277 tenet
2234 4223 2291 4277 in
2319 4224 2541 4294 septimo
2577 4229 2626 4277 et
2650 4230 2864 4287 octavo,
2905 4237 3024 4276 cum
3051 4221 3116 4277 de
3146 4220 3266 4276 aliis
3296 4222 3567 4292 praeceptis
3597 4221 3806 4276 disserit

536 4315 655 4369 qua:
690 4304 917 4372 proximi
948 4303 1280 4361 dilectionem
1320 4310 1624 4381 attingunt;
1664 4327 1865 4366 necnon
1907 4314 1965 4379 in
2003 4330 2143 4369 nona
2173 4330 2235 4368 ac
2263 4312 2484 4381 decimo,
2515 4328 2635 4369 cum
2672 4311 2738 4369 de
2772 4309 3115 4370 tabernaculo
3158 4311 3377 4382 ejusque
3416 4308 3801 4375 instrumentis,

534 4395 760 4466 api/icio,
787 4414 906 4461 usu,
938 4397 1154 4469 legibus,
1185 4401 1533 4472 dedicatione,
1565 4406 1917 4464 oblationibus
1953 4410 2082 4481 agit.
2132 4408 2413 4464 Undecimo
2448 4424 2570 4464 vero
2604 4424 2669 4464 ac
2698 4405 3003 4465 duodecimo
3039 4405 3255 4469 diuersis
3286 4420 3316 4461 e
3349 4401 3638 4475 Scriptura
3679 4402 3804 4461 locis

534 4505 595 4544 ea
629 4490 827 4564 colligit
851 4501 970 4564 qua:
1003 4495 1073 4548 ad
1107 4498 1460 4552 sacerdotium
1486 4498 1706 4569 ejusque
1750 4497 1908 4570 leges,
1942 4500 2013 4561 ad
2054 4499 2391 4555 sacerdotum
2421 4507 2607 4565 vestes,
2636 4498 3101 4562 consecrationem,
3122 4494 3388 4564 sacriﬁcia
3414 4496 3696 4567 pertinent.
3739 4493 3802 4549 In

533 4578 886 4641 tertiodecimo
935 4583 1180 4652 expendit
1221 4600 1341 4655 quae
1379 4585 1444 4639 de
1487 4584 1676 4651 lenitis,
1715 4602 2001 4659 eorumque
2048 4589 2367 4655 recensione,
2408 4588 2735 4654 ministeriis,
2782 4586 2978 4660 legibus
3018 4586 3222 4660 Moyses
3269 4588 3521 4659 prodidit.
3563 4585 3801 4653 Quartus

533 4673 762 4729 decimus
801 4678 1059 4747 sequitur,
1086 4679 1143 4733 in
1181 4695 1285 4749 quo
1307 4682 1432 4751 jam
1461 4688 1725 4735 exstructo
1755 4681 2114 4748 tabernaculo,
2147 4683 2368 4738 mundos
2398 4699 2510 4739 esse
2537 4690 2778 4755 oportere
2817 4683 2908 4754 qui
2952 4687 3077 4735 ante
3103 4687 3437 4750 conspectum
3471 4677 3688 4737 Domini
3714 4693 3803 4732 ue-

532 4770 704 4833 niant,
740 4771 1049 4845 vitiatosque
1079 4776 1316 4830 homines
1359 4791 1392 4828 a
1430 4776 1631 4833 sanctis
1676 4776 1848 4830 arceri
1892 4777 2182 4848 praefatus,
2235 4792 2326 4832 eas
2365 4776 2503 4848 leges
2539 4786 2913 4832 commemorat
2949 4790 3068 4847 qui:
3098 4775 3162 4829 de
3191 4772 3430 4846 leprosis,
3460 4771 3797 4844 seminifluis,

530 4862 815 4916 immundis
863 4865 918 4919 in
962 4866 1164 4932 anima,”
1204 4866 1270 4920 de
1305 4867 1521 4932 collisis,
1562 4868 1798 4934 exsectis,
1835 4869 2054 4939 spuriis,
2094 4869 2312 4924 diuersis
2361 4867 2485 4924 locis
2524 4867 2803 4941 Scriptura
2855 4867 3094 4923 tradidit.
3146 4863 3240 4922 His
3294 4864 3477 4935 adjicit
3516 4862 3796 4939 Hoabitas,

524 4957 879 5027 Ammanitae,
913 4961 1211 5016 immundos
1256 4961 1384 5014 item
1422 4974 1486 5014 es
1520 4959 1829 5030 impuritate
1873 4960 2174 5017 studiorum
2206 4977 2269 5015 ac
2296 4962 2415 5016 vita
2441 4977 2631 5032 genere
2663 4977 2859 5033 parum
2898 4967 3068 5024 casto,
3105 4955 3291 5029 quales
3321 4965 3446 5013 sunt
3478 4956 3796 5019 meretrices,

531 5053 894 5122 fornicatores,
921 5054 1170 5120 adulteri,
1196 5053 1479 5125 prostituti,
1506 5068 1636 5124 quos
1657 5055 2130 5125 τελισεχομένους
2158 5052 2435 5125 Scriptura
2457 5061 2625 5119 uocat.
2651 5053 2782 5108 Tum
2805 5052 2871 5108 de
2896 5050 3103 5117 mundis
3129 5041 3519 5121 immundisque
3543 5048 3798 5109 animali-

529 5142 623 5201 bus
656 5143 888 5212 disserit,
916 5145 1106 5218 quidoe
1145 5160 1239 5221 per
1264 5143 1580 5216 allegoriam
1608 5144 1798 5201 horum
1832 5143 2045 5217 singula
2070 5144 2370 5217 signiﬁcent
2399 5144 2633 5217 exponit.
2673 5144 2799 5202 Iam
2826 5145 2882 5199 in
2909 5144 3093 5219 quinto
3123 5146 3344 5215 decimo,
3368 5147 3495 5218 quia
3528 5163 3630 5204 non
3665 5146 3795 5201 satis

529 5248 645 5297 erat
671 5242 931 5301 immundi
960 5242 1179 5313 quinam
1208 5249 1377 5299 essent
1405 5240 1619 5307 dixisse,
1651 5240 1755 5295 nisi
1795 5239 2080 5295 adderetur
2113 5256 2219 5311 qua
2249 5241 2456 5296 ratione
2484 5241 2732 5297 mundari
2765 5241 2984 5313 possint,
3017 5257 3079 5296 ea
3113 5241 3294 5299 omnia
3338 5240 3535 5317 colligit
3573 5258 3690 5313 qua
3725 5241 3795 5295 ad

529 5346 715 5395 eorum
741 5331 1108 5403 purgationem
1137 5338 1294 5403 atque
1323 5330 1717 5397 mundationem
1745 5329 1909 5384 ueteri
1937 5327 2048 5401 lege
2074 5330 2409 5389 constitutum
2438 5337 2535 5385 est.
2569 5328 2698 5395 Quit
2731 5331 3002 5387 mundatia
3029 5333 3154 5403 quia
3178 5331 3449 5403 sacriﬁciis
3480 5332 3639 5403 ﬁebat
3658 5334 3794 5387 inte-

529 5423 657 5493 gris,
692 5423 755 5478 de
782 5423 1027 5495 perfectis
1051 5423 1368 5480 animalibus
1394 5425 1464 5480 ad
1495 5422 1816 5493 sacriﬁcium
1845 5426 1985 5493 aptis
2018 5422 2246 5478 disserit.
2284 5422 2455 5479 Porro
2479 5423 2816 5494 sacriﬁcandi
2855 5426 2988 5481 ritus
3021 5428 3149 5497 quia
3189 5444 3286 5498 pro
3321 5427 3671 5483 immunditiis
3707 5427 3792 5481 di-

530 5514 778 5575 uersitate
812 5513 1153 5582 variabatur,
1194 5531 1400 5577 necesse
1439 5516 1543 5587 fuit
1574 5523 1634 5570 ut
1674 5514 1927 5587 quidq1lid
1973 5514 2060 5569 lea:
2107 5516 2171 5570 de
2212 5516 2375 5588 lepra:
2416 5517 2734 5589 differentia,
2772 5516 2938 5589 deque
2980 5518 3103 5576 aliis
3144 5518 3490 5581 immnditim
3520 5518 3792 5590 generibus

531 5610 814 5669 statuerat,
854 5617 1304 5673 commemoraret.
1351 5607 1456 5673 Sed
1490 5609 1617 5679 quia
1662 5623 1857 5680 parum
1894 5617 1971 5662 est
2014 5606 2251 5664 maculas
2296 5608 2577 5680 culparum
2613 5608 2850 5677 abluere,
2888 5612 2989 5667 nisi
3016 5612 3317 5684 purgationi
3352 5612 3513 5665 etiam
3537 5610 3791 5671 sanctitas

533 5695 839 5763 adiiciatur,
863 5713 956 5769 per
983 5714 1145 5769 quam
1173 5714 1266 5767 nos
1297 5700 1437 5770 ipsos
1460 5697 1570 5759 Deo
1599 5714 1987 5764 conserramus,
2015 5699 2069 5755 in
2093 5708 2240 5765 sexto
2266 5700 2464 5756 decimo
2490 5698 2623 5756 libro
2647 5699 2745 5756 illa
2782 5704 2961 5758 omnia
2990 5702 3182 5777 digerit
3206 5715 3323 5768 quce
3350 5699 3436 5754 lea:
3470 5699 3534 5753 de
3560 5698 3709 5756 donis
3738 5707 3788 5752 et

535 5784 881 5844 oblationibus
918 5789 1217 5846 instituerat
1241 5832 1255 5853 ,
1289 5810 1408 5863 qua:
1433 5796 1558 5849 item
1584 5794 1647 5850 de
1673 5811 1827 5850 censu
1859 5794 1950 5850 illo
1974 5815 2127 5852 sacro
2151 5799 2239 5863 qui
2270 5815 2363 5860 oro
2397 5801 2568 5856 astatis
2601 5799 2802 5855 ratione
2828 5797 3147 5869 solvebatur,
3186 5815 3300 5868 quis
3327 5810 3391 5855 de
3419 5814 3610 5871 magno
3647 5806 3783 5870 usto,
