4172 6450
548 433 654 489 127

1751 422 2082 478 νΕΤΕιιυΜ
2125 415 2562 499 TESTIMQNIA.

3734 401 3838 460 l28

549 553 647 600 aut
674 543 730 597 in
790 540 951 597 libris
1010 539 1087 594 De
1125 538 1438 593 adoratione
1475 536 1530 590 in
1566 536 1776 605 spiritu.
1820 534 2014 589 Sermo
2056 531 2136 586 illi

2255 529 2330 583 τοῦ
2370 529 2505 599 πρὸς
2547 525 2830 596 Ἑρμείαν,
2865 525 2959 578 καὶ
2993 522 3086 577 τοῦ
3127 522 3266 591 Περὶ
3297 521 3495 590 τῆςέν
3543 521 3837 590 πνεύματι

552 632 848 697 conﬂctus,
883 641 939 686 et
975 630 1044 685 ad
1077 629 1358 700 propriam
1387 625 1608 682 dicendi
1653 625 1886 680 formam
1916 631 2139 678 contor-

553 736 663 790 tus,
698 740 763 779 ac
808 723 981 778 veluti
1028 722 1272 776 solutum
1307 734 1678 789 numerosque
1716 717 1998 788 negligens
2028 731 2144 770 me-

555 826 728 871 trum.

2247 621 2548 688 λατρείας.
2598 616 2655 670 Ὀ
2703 615 2758 668 δέ
2789 615 2945 682 λόγος
2980 613 3129 684 αύτῷ
3165 613 3573 683 πεποιημένος,
3613 612 3708 666 καὶ
3755 615 3836 672 εἱς

2257 713 2565 775 ἰδιάζουσαν
2614 709 2758 764 ἰδέαν
2806 706 3256 777 ἐκϐεϐιασμένος,
3287 706 3380 759 καὶ
3414 701 3525 760 οἷον
3556 705 3834 775 λελυμένη

2243 805 2338 857 καὶ
2365 803 2425 856 τὸ
2457 803 2657 872 μέτρον
2679 800 3008 872 ὑπερορῶσα
3035 799 3276 869 ποίησις.

628 906 753 961 Vide
783 906 1022 960 eumdem
1058 921 1181 976 pag.
1205 902 1310 958 3'78
1338 911 1387 956 et
1419 901 1522 956 579
1541 901 1604 954 de
1626 899 1771 954 libris
1797 907 1982 952 contra
2015 897 2338 961 Nestorium,
2375 895 2437 948 de
2459 893 2732 965 Epistolis,
2756 901 2804 946 et
2824 892 3020 947 scholia
3052 893 3118 945 de
3135 891 3514 946 Incarnatione
3547 889 3833 963 Unigeuiti.

1529 1017 1976 1088 Martyrologium
2019 1013 2322 1068 Romanum
2357 1012 2441 1066 die
2481 1012 2549 1065 27
2589 1011 2863 1066 Januarii.

630 1136 816 1192 Sancti
854 1136 1064 1207 Cyrilli,
1100 1134 1677 1207 Alexandrinaagurbis
1723 1135 1989 1204 episcopi,
2019 1133 2114 1204 qui
2150 1130 2435 1188 catholicae
2461 1128 2589 1183 ﬁdei
2623 1124 3076 1198 praaclarissimus
3126 1131 3503 1195 propugnator
3524 1162 3538 1188 ,
3580 1120 3832 1177 doctrina

558 1216 615 1261 et
652 1205 939 1262 sanctitate
978 1207 1230 1273 illustris,
1255 1205 1468 1276 quievit
1497 1205 1554 1260 in
1591 1219 1748 1276 pace.

1743 1295 1912 1352 (ἔνωεὶ
1956 1297 2012 1349 in
2055 1294 2369 1366 Menologio,
2424 1294 2457 1349 9
2492 1293 2660 1348 Junii.

632 1412 790 1482 Apud
829 1411 1235 1483 Alexandriam
1261 1411 1461 1465 natalis
1517 1411 1574 1466 S.
1615 1410 1827 1483 Cyrilli,
1862 1410 2107 1483 ejusdem
2150 1410 2390 1483 civitatis
2429 1407 2694 1483 episcopi,
2729 1405 2835 1483 viri
2871 1403 3260 1483 eruditissimi,
3306 1411 3362 1459 et
3394 1403 3692 1483 catholica:
3710 1403 3834 1483 fidei

559 1473 989 1554 propugnatoris
1033 1480 1239 1554 egregii
1285 1498 1296 1532 :
1329 1497 1493 1550 quem
1545 1473 1821 1536 sum'mus'
1846 1473 2093 1552 pontifex
2136 1473 2480 1536 Caelestinus
2501 1473 2759 1534 idoneum
2789 1477 3056 1549 judicavit
3099 1477 3189 1530 cui
3221 1490 3348 1531 suas
3383 1474 3533 1530 vices
3566 1474 3622 1528 in
3653 1473 3835 1544 Ephe—

560 1551 682 1612 sino
737 1551 973 1607 concilio
1024 1551 1318 1622 delegaret.

1575 1621 1743 1676 Iidem
1786 1620 1955 1678 Graeci
2001 1623 2056 1676 in
2103 1621 2347 1686 Memcis,
2380 1619 2559 1673 eodem
2605 1617 2639 1673 9
2678 1616 2846 1672 Junii.

534 1705 539 1749 ἶ
634 1712 896 1768 Flammis
947 1713 1124 1770 sancti
1175 1711 1414 1783 Spiritus
1456 1722 1639 1769 mente
1684 1713 2009 1780 illustratus,
2040 1716 2144 1770 'sol

565 1803 860 1870 irradians,
897 1805 1049 1860 velut
1094 1804 1296 1869 radios,
1345 1805 1568 1860 oracula
1608 1804 1865 1870 edidisti;
1924 1813 2017 1858 tua
2051 1805 2148 1859 do-

564 1903 746 1964 gmata
790 1894 846 1949 in
895 1911 1086 1951 omnes
1122 1895 1274 1951 orbis
1317 1894 1673 1966 ﬁdeliumque
1709 1895 1860 1951 ﬁnes‘
1886 1896 2140 1960 emisisti,

2323 1710 2701 1782 Φρυκτωρίαις
2733 1707 2827 1762 τοῦ
2855 1707 3176 1778 Πνεύματος
3218 1704 3549 1777 ἐλλαμφθεὶς
3580 1704 3678 1776 τὴν
3723 1706 3839 1762 διά-

2255 1820 2437 1869 νοιαν,
2477 1800 2782 1872 φωτοὸόλος
2826 1798 2979 1869 ἥλιος
3019 1798 3427 1870 ἐχρημάτισας,
3467 1797 3656 1868 ῶσπερ
3695 1799 3842 1852 ἀκτῖ-

2254 1914 2371 1960 νας,
2415 1895 2484 1949 τὰ
2517 1895 2765 1966 δόγματα
2807 1893 2888 1957 εἱς
2933 1892 3109 1946 πάντα
3161 1889 3228 1945 τὰ
3273 1890 3486 1963 πέρατα
3521 1889 3840 1954 ἐξαπέστει-

565 1993 745 2040 cintus
794 2001 983 2042 omnes
1017 1986 1352 2054 illuminans,
1399 2003 1432 2042 ο
1472 1986 1810 2052 beatissime,
1846 2001 1911 2043 ac
1938 1987 2145 2054 divine,

2255 1987 2352 2051 λας
2368 1987 2596 2052 πιστῶν,
2618 1985 2982 2052 καταυγάζων
3003 1982 3368 2056 πληρώματα,
3383 1983 3836 2055 παμμακάρισ-ιε,

568 2076 937 2147 tenebrasque
979 2078 1262 2133 haereseon
1316 2094 1686 2148 persequens,
1739 2079 1794 2133 vi
1825 2079 2151 2150 viribusque

568 2164 719 2221 illius
748 2166 842 2236 qui
870 2183 901 2222 e
925 2167 1149 2238 Virgine
1173 2177 1340 2224 natus
1360 2168 1555 2223 eluxit.

639 2255 964 2328 Eloquentia
1032 2267 1088 2314 et
1141 2258 1394 2314 facundia
1439 2260 1707 2316 orationis
1768 2269 1906 2328 tua),
1955 2277 1989 2317 ο
2031 2277 2155 2318 san-

566 2347 808 2404 ctissime
833 2348 1054 2421 Cyrille,
1089 2351 1335 2407 Ecclesia
1387 2360 1501 2408 tota
1552 2363 1873 2418 exornatur,
1922 2360 1979 2409 et
2025 2370 2154 2424 spe-

566 2439 717 2494 ciosa
761 2449 1053 2497 venustate
1094 2450 1187 2497 tua
1225 2443 1314 2513 pie
1361 2443 1697 2511 decoratur;
1729 2453 1989 2515 tuamque
2025 2461 2151 2500 san-

567 2540 712 2586 ctam
779 2533 1192 2590 translationem
1245 2550 1404 2590 sacro
1450 2536 1563 2591 ritu
1619 2537 1874 2600 honorat,
1916 2553 1950 2592 ο
2014 2537 2156 2592 cele-

567 2619 832 2686 berrime,
851 2622 1312 2692 sacerdotumque
1339 2625 1586 2680 omnium
1611 2625 1800 2692 decus,
1821 2627 2046 2681 Patrum
2065 2642 2156 2682 co-

568 2712 809 2784 ryphaze,
830 2713 1022 2784 synodi
1058 2714 1418 2770 sanctissimae
1454 2725 1830 2788 propugnator
1864 2718 2150 2774 acerrime.

639 2803 774 2858 Tuis
804 2804 978 2874 igneis
1003 2805 1370 2877 dogmatibus,
1405 2825 1440 2863 ο
1471 2810 1671 2878 praesul
1729 2811 2151 2881 sapientissime,

566 2909 788 2950 omnem
844 2906 1239 2955 sarmentosam
1293 2900 1614 2972 aridamque
1659 2903 1941 2958 haereseon
1984 2914 2157 2959 matc-

569 2986 706 3039 riam
757 2991 1161 3058 concremasti;
1219 2994 1618 3049 sententiarum
1673 3003 1889 3050 tuarum
1923 2995 2154 3066 profun-

567 3075 775 3144 ditate,
814 3094 847 3134 ο
887 3083 1256 3138 sacratissime
1292 3083 1526 3156 Cyrille,
1582 3086 1880 3156 impiorum
1914 3085 2156 3156 perﬁdo-

568 3184 802 3241 rumque
822 3173 1206 3231 hzereticorum
1227 3177 1564 3250 demergitur
1592 3179 1905 3246 exercitus;
1938 3187 2032 3235 tua
2053 3179 2156 3236 do-

567 3263 762 3328 ctrina,
796 3280 828 3319 o
857 3265 1040 3334 beate,
1063 3266 1261 3324 diebus
1278 3271 1510 3342 singulis
1540 3283 1844 3328 exornatur
1871 3281 1984 3328 tota
2017 3271 2156 3328 ﬁde-

566 3353 703 3409 lium
727 3357 992 3425 Ecclesia,
1013 3377 1135 3431 quae
1154 3363 1353 3420 eximie
1393 3374 1447 3420 te
1467 3367 1724 3432 honorat,
1758 3366 2042 3436 praedicat.

640 3447 904 3518 chletus
931 3468 991 3507 es
1021 3453 1390 3512 illustratione
1443 3457 1617 3512 sancti
1671 3457 1931 3527 Spiritus,
1972 3471 2005 3511 o
2052 3455 2156 3526 Cy-

571 3538 713 3603 rille,
755 3552 1157 3613 praeceptorum
1185 3546 1390 3603 Christi
1444 3559 1649 3616 custos,
1703 3558 1866 3620 atque
1908 3550 1976 3604 ab
2016 3549 2152 3604 aﬂ‘e-

2253 2080 2348 2133 καὶ
2379 2078 2590 2132 διώκων
2621 2078 2680 2131 τὸ
2715 2077 2937 2141 σκότος,
2974 2075 3222 2146 θεοφόρε,
3257 2075 3366 2130 τῶν
3410 2078 3701 2147 αἱρέσεων,
3738 2075 3836 2130 δυ-

2257 2173 2418 2244 νάμει
2449 2171 2542 2226 τοῦ
2578 2173 2642 2225 ἐκ
2680 2170 2959 2240 Παρθένου
2990 2169 3389 2241 ἐκλάμψαντος.

2322 2263 2604 2335 Εὑφραδίᾳ
2631 2263 2737 2316 τῶν
2761 2263 2936 2333 λόγων
2970 2279 3084 2327 σου,
3123 2262 3384 2334 ἱερώτατε
3415 2260 3674 2331 Κύριλλε,
3711 2261 3834 2316 Ἐκ-

2254 2357 2452 2426 κλησία
2480 2355 2668 2410 ἅπασα
2707 2354 3024 2427 ώραῖξεται,
3053 2354 3146 2409 καὶ
3173 2352 3416 2414 εὐσεϐῶς
3438 2352 3840 2418 καλλωπίζεται

2254 2446 2478 2518 ὡραίοις
2537 2447 2595 2498 ἐν
2645 2443 2887 2508 κάλλεσι,
2923 2444 3016 2497 καὶ
3056 2444 3189 2514 τιμᾷ
3223 2459 3316 2496 σου
3350 2441 3510 2514 ἱερῶς
3542 2443 3642 2514 τὴν
3682 2441 3840 2511 ἁγίαν

2259 2539 2607 2611 μετάστασιν,
2635 2536 2978 2608 παναοίδιμε,
3007 2535 3195 2606 ἱερέων
3237 2535 3298 2588 τὸ
3329 2534 3504 2599 κλέος,
3530 2534 3638 2590 τῶν
3668 2534 3838 2588 πατέο

2259 2649 2366 2704 ρων
2418 2632 2715 2703 κορυφαϊε,
2777 2631 2876 2702 τῆς
2933 2629 3148 2684 συνόδου
3204 2628 3306 2700 τῆς
3347 2627 3620 2696 παναγίας
3672 2625 3840 2698 ὑπέρ-

2260 2740 2422 2794 μαχε.

2327 2813 2454 2875 Τοῖς
2484 2812 2733 2884 πυρίνοις
2769 2829 2861 2864 σου
2892 2811 3128 2883 δόγμασι
3162 2809 3270 2864 τῶν
3318 2809 3584 2880 αἱρέσεων
3619 2809 3840 2864 ἃπασαν

2256 2903 2582 2974 φρυγανώδη
2601 2903 2826 2972 ἔφλεξας
2852 2902 3004 2974 ὓλην,
3029 2901 3401 2973 πάνσοφε,τῶν
3421 2901 3706 2973 νοημάτων
3729 2903 3842 2966 τοῖς

2259 2995 2446 3066 βάθεσι
2486 2995 2761 3066 βυθίζεται
2787 2996 3108 3068 στράτευμα
3135 2992 3508 3049 ἀπειθούντων
3533 2993 3834 3059 δυσσεϐῶν,

2258 3087 2520 3160 ἱερώτατε
2546 3087 2805 3158 Κύριλλε,
2834 3090 2945 3152 τοῖς
2959 3087 3249 3156 διδάγμασι
3278 3084 3698 3150 καλλωπίζεται,
3737 3084 3841 3155 μά-

2259 3195 2387 3250 καρ,
2420 3178 2542 3233 καθ’
2575 3179 2812 3250 ἑκάστην
2842 3179 2948 3233 τῶν
2978 3177 3185 3232 πιστῶν
3209 3181 3243 3250 ἠ
3276 3177 3573 3251 Ἐκκλησία
3601 3177 3835 3250 μεγαλο-

2262 3271 2472 3344 φρόνως
2493 3270 2712 3347 τιμῶσά
2736 3287 2816 3326 σε.

2343 3446 2654 3519 Ἐπλήσθης
2708 3447 2811 3518 τῆς
2867 3446 3150 3518 δᾳδουχίας
3178 3486 3192 3510 ,
3240 3445 3512 3517 Κύριλλε,
3551 3442 3646 3498 τοῦ
3694 3445 3840 3499 θείου

2269 3539 2610 3609 Πνεύματος,
2666 3539 2772 3593 τῶν
2819 3538 3048 3593 ἐντολῶν
3090 3538 3166 3602 ὡς
3201 3539 3376 3607 φύλαξ
3427 3537 3520 3591 τοῦ
3577 3537 3840 3605 Χριστοῦ,

569 3630 753 3687 ctibus
781 3642 837 3688 et
864 3636 1212 3704 passionibus
1235 3651 1621 3712 perpurgatus,
1649 3641 2007 3697 divinissimae
2028 3641 2151 3696 Tri-

2257 3632 2368 3685 τῶν
2419 3630 2608 3685 παθῶν
2656 3631 3075 3702 καθηράμενος,
3137 3631 3235 3702 τῆς
3297 3629 3566 3703 ύπερθέου
3611 3629 3841 3699 γέγονας

572 3719 762 3776 nitatis
797 3739 928 3780 vere
962 3724 1139 3782 factus
1174 3745 1235 3784 es
1272 3731 1672 3786 habitaculum.

644 3813 734 3869 Uti
790 3817 929 3882 zelo,
983 3819 1059 3874 ita
1095 3821 1350 3877 libertate
1412 3823 1677 3892 loquendi
1725 3825 1943 3894 plenus,
1974 3839 2008 3880 ο
2040 3825 2156 3895 glo-

574 3905 720 3959 riose
749 3905 949 3978 Cyrille
971 3952 985 3975 ,
1024 3912 1345 3982 orthodoxae
1386 3913 1652 3969 doctrina:
1700 3915 2018 3985 praesidens,
2046 3915 2157 3971 hae-

575 3999 773 4054 reticas
819 4004 1222 4074 mendacesque
1277 4005 1570 4075 impiarum
1619 4006 1889 4061 haeresum
1941 4007 2154 4077 linguas

576 4086 897 4147 dissolvisti.
2130 4086 2146 4104 ⁸

2257 3724 2426 3788 ὅντως
2456 3724 2684 3795 Τριάδος
2721 3724 3062 3794 ἐνδιαίτημα.

2334 3819 2422 3881 Ὠς
2451 3815 2636 3888 ζήλου,
2667 3817 2764 3870 καὶ
2794 3816 3107 3888 παρρησίας
3151 3814 3424 3886 ἔμπλεως,
3470 3811 3726 3885 Κύριλλε“
3754 3811 3840 3866 έν-

2250 3909 2371 3975 δοξε
2399 3948 2412 3972 ,
2461 3909 2560 3974 τὰς
2600 3909 2902 3980 θεομάχους
2940 3908 3121 3972 πάσας
3177 3907 3423 3978 ἀψευδῶς
3463 3903 3840 3975 γλωσσαλγίας

2249 4001 2499 4065 διέλυσας
2542 4002 2650 4055 τῶν
2701 4000 2978 4055 δυσσεὸῶν
3020 3999 3308 4072 αἱρέσεων,
3359 3999 3668 4072 ὀρθοδοξίας
3710 4014 3840 4068 προ-

2249 4095 2561 4166 ἳσςτάμενος.

647 4181 790 4257 Haec,
824 4177 874 4238 et
920 4185 1195 4257 complura
1243 4188 1355 4244 alia
1391 4189 1582 4243 ibidem
1627 4190 1794 4246 (ἔνωιὶ
1831 4191 1886 4243 in
1922 4187 2156 4252 Heraeis,
2198 4191 2388 4243 mensis
2426 4187 2575 4242 Junii
2623 4187 2706 4257 die
2752 4203 2838 4250 Ix,
2887 4194 2935 4239 et
2973 4187 3026 4257 in
3071 4185 3259 4240 concil.
3300 4186 3551 4256 Ephesini
3592 4197 3641 4241 et
3676 4187 3841 4244 Chal-

575 4252 1068 4332 cedonensisactis.
1111 4258 1236 4311 Vide
1265 4268 1524 4332 praeterea
1561 4259 2031 4332 .Evagriumglibst
2073 4259 2302 4332 History,
2335 4276 2454 4329 cap.
2500 4258 2554 4320 '5,
2594 4266 2655 4332 et
2678 4256 2950 4312 Socratem
2994 4255 3082 4310 lib.
3121 4273 3217 4322 vu,
3273 4273 3319 4310 c.
3351 4252 3428 4312 ’52
3457 4268 3506 4313 et
3543 4258 3644 4326 35;
3683 4257 3838 4314 Nice-

574 4323 795 4393 phorum
841 4324 927 4380 lib.
959 4343 1068 4394 xrv,
1107 4345 1224 4398 cap.
1264 4323 1333 4384 33
1365 4347 1380 4397 ;
1419 4323 1726 4384 Liber'atum
1761 4330 1817 4383 in
1856 4329 2154 4395 Breviario,
2195 4323 2433 4401 aliosque
2471 4343 2601 4400 pene
2637 4328 2965 4382 innumeros.

1012 4429 1017 4436 ’
1434 4440 1497 4499 S.
1544 4439 1901 4500 Anastasius
1948 4439 2180 4502 Sinaita
2234 4439 2300 4501 in
2353 4438 2615 4518 Hodego
2666 4437 2826 4518 (cup.
2881 4438 2962 4518 5).

645 4533 843 4591 Sancta
887 4535 1005 4592 haec
1043 4537 1286 4609 synodus
1331 4537 1650 4611 (Ephesina)
1702 4539 1849 4610 quod
1899 4540 2151 4598 Christus

2345 4541 2407 4594 'H
2440 4541 2495 4594 δὲ
2523 4541 2652 4609 ἁγία
2684 4539 2899 4604 σύνοδος
2923 4540 3097 4620 διάοτὸ
3119 4542 3322 4594 τέλειον
3350 4535 3494 4596 εἶναι
3535 4543 3594 4596 ἐν
3624 4543 3844 4616 θεδτητι

575 4637 686 4683 tam
725 4627 1014 4683 divinitate
1072 4644 1236 4698 quam
1282 4629 1624 4686 humanitate
1687 4648 1840 4702 aeque
1876 4634 2151 4703 perfectus

2263 4629 2357 4684 καὶ
2398 4629 2604 4682 τέλειον
2660 4629 2860 4698 ὁμοίως
2910 4631 2966 4685 ἐν
3037 4631 3414 4702 άνθρωπότητι
3462 4633 3551 4686 τὸν
3581 4635 3841 4706 Χριστὸν,

572 4726 741 4784 esset,
780 4719 838 4773 in
868 4718 1085 4774 duabus
1111 4720 1397 4776 inconfuse
1433 4731 1489 4776 et
1517 4722 1958 4792 inseparabiliter
1981 4725 2151 4779 unitis

2262 4721 2319 4773 ἐν
2348 4719 2439 4772 δύο
2476 4719 2638 4772 αὐτὸν
2683 4720 2996 4790 ἡνωμέναις
3045 4721 3273 4791 φύσεσιν
3307 4722 3402 4774 ἕνα
3426 4723 3632 4793 Κύριον
3665 4726 3838 4793 ἀσυγ-

573 4809 808 4873 naturis,
842 4825 1015 4864 unum
1045 4810 1338 4866 Dominum
1380 4822 1466 4869 est
1503 4813 1748 4884 professa
1779 4833 1791 4868 :
1831 4814 2151 4871 conﬁrmata

2255 4805 2434 4876 χύτως
2472 4808 2566 4862 καὶ
2605 4809 2924 4880 ἀδιαιρέτως
2961 4809 3230 4881 ἐκήρυξεν
3255 4849 3269 4874 ,
3316 4811 3709 4881 ἐπικυρώσασα
3739 4813 3844 4883 τὴν

571 4895 835 4960 Nestorii,
888 4898 942 4952 in
975 4899 1160 4968 priore
1207 4901 1482 4971 Ephesino
1510 4904 1765 4968 concilio,
1796 4913 2018 4959 auctore
2046 4902 2151 4974 Cy-

2255 4896 2576 4968 καθαίρεσιν
2602 4898 2900 4970 Νεστορίου
2931 4899 2999 4968 ἢν
3048 4901 3304 4963 ἐποίησεν
3341 4903 3369 4953 ὁ
3423 4902 3693 4973 μακάριος
3726 4901 3845 4955 Κύ-

574 4986 734 5058 rillo,_
759 4988 1283 5063 damnatione;quo
1323 4996 1544 5065 quidem
1589 4996 1648 5050 B.
1703 4995 1908 5066 Cyrillo
1941 4995 2151 5049 collau-

2259 4988 2458 5059 ριλλος,
2490 4992 2554 5061 τῇ
2601 4991 2657 5043 ἐν
2707 4990 2920 5060 Ἐφέσῳ
2958 4990 3020 5043 τὸ
3043 4991 3310 5062 πρότερον
3335 4993 3468 5063 ἁγία
3500 4994 3723 5064 συνόδῳ,
3750 4995 3843 5046 εὐ·

575 5075 724 5143 dato,
760 5077 941 5134 eidem
978 5079 1086 5136 hoc
1135 5081 1308 5138 edidit
1356 5085 1595 5158 elogium
1629 5104 1642 5140 :
1682 5083 1908 5156 Cyrillo,
1945 5091 2151 5137 aeterna

2259 5079 2550 5148 φημίσασα
2608 5080 2701 5132 καὶ
2764 5080 2858 5133 τὸν
2908 5080 3072 5133 αὐτὸν
3110 5081 3382 5152 μακάριον
3430 5083 3700 5153 Κύριλλον
3743 5083 3843 5138 καὶ

573 5169 860 5224 memoria.

2257 5170 2506 5225 εἰποῦσα·
2537 5171 2807 5242 Κυρίλλου
2841 5172 3036 5226 αίωνία
3069 5175 3102 5244 ἡ
3133 5175 3344 5245 μνήμη.

1773 5264 1921 5320 Idem
1947 5305 1960 5330 ,
1999 5264 2178 5319 eodem
2225 5262 2379 5327 libro,
2413 5279 2531 5333 cap.
2583 5261 2633 5316 8.

647 5369 997 5432 Adducamus
1031 5392 1158 5433 eum
1206 5381 1387 5450 ipsum
1437 5378 1723 5449 Cyrillum,
1785 5379 1972 5433 lumen
2013 5377 2149 5433 illud

2328 5377 2782 5447 Παραστήσωμεν
2827 5376 2989 5430 αὐτὸν
3023 5377 3114 5431 τὸν
3147 5379 3426 5450 φωστῆρα,
3480 5377 3574 5431 καὶ
3619 5377 3710 5430 τοῦ
3745 5395 3838 5448 χο·-

577 5458 802 5515 Patrum
832 5463 1275 5534 celeberrimum,
1318 5475 1374 5524 et
1418 5467 1820 5535 beatissimum,
1861 5469 2149 5524 docentem

2258 5469 2354 5541 ροῢ
2382 5468 2489 5521 τῶν
2519 5469 2780 5540 Πατέρων
2823 5469 3065 5540 ἀοίδιμον
3119 5469 3212 5523 τὸν
3245 5470 3511 5540 μακάριον
3545 5469 3835 5540 Κύριλλον,

579 5553 874 5622 apostolice
923 5559 1209 5614 veritatem
1265 5567 1475 5615 natura:
1511 5559 1763 5615 humana:
1810 5561 1866 5615 in
1906 5559 2146 5617 Christo.

2258 5560 2356 5632 τὴν
2387 5560 2548 5631 φύσιν
2587 5560 2844 5632 ἀλήθειαν
2894 5557 3034 5616 εἶναι
3061 5561 3405 5626 διδάσκοντος
3429 5560 3834 5626 ἀποστολικῶς.

1871 5671 2041 5738 Idem,
2076 5673 2286 5741 ibidem,
2321 5692 2439 5746 cap.
2477 5673 2562 5729 lO.

647 5753 854 5826 Cyrillo
918 5766 1123 5812 azterna
1183 5759 1486 5824 memoria,
1555 5761 1697 5818 sicut
1745 5771 1802 5818 et
1846 5760 2150 5818 Chalcedo-

2329 5764 2597 5836 Κυρίλλου
2653 5766 2846 5821 αἱωνία
2901 5768 2933 5837 ἠ
2992 5767 3181 5840 μνήμη
3228 5766 3374 5821 καθὰ
3419 5768 3576 5837 καὶὴ
3617 5765 3835 5830 σύνοδος

580 5852 768 5906 ncnsis
825 5849 1067 5930 synodus
1111 5849 1265 5907 dixit.
1316 5851 1532 5910 Etenim
1589 5855 1772 5912 nullus
1835 5865 2150 5912 sanctorum

2265 5855 2610 5934 Χαλκηδόνος⁸
2633 5858 2838 5928 εἴρηκε.
2883 5859 2992 5914 Κοιὶ
3033 5859 3140 5930 γὰρ
3168 5859 3342 5922 οὐδεὶς
3383 5858 3490 5916 τῶν
3521 5858 3687 5930 ἁγίων
3725 5859 3834 5913 Πα-
