4172 6464
371 345 489 402 129
1901 358 2018 415 MOE

2052 360 2239 417 ITUM.
3591 375 3699 434 130

370 464 566 534 τὲρων
627 464 692 518 τὸ
726 465 1017 536 πανάγιον,
1051 467 1147 522 καὶ
1177 468 1474 540 ἀμείωτον,
1509 471 1602 525 καὶ
1635 471 1873 538 αἰώνιον,
1905 474 1998 526 καὶ

2048 487 2070 543 ι
2103 474 2327 530 Patrum
2361 478 2771 536 sanctissimum
2803 481 2939 538 illud
2972 493 3029 540 et
3063 483 3411 554 indeflciens,
3448 497 3506 545 et
3529 500 3695 549 aeter-

373 557 784 620 ἀνεξάλειπτον
822 557 934 611 τῶν
979 559 1222 631 Χριστοῦ
1250 561 1468 630 φύσεων
1503 562 1748 634 εἴρηκεν,
1778 563 1853 626 ὡς
1883 562 2000 617 Θεο-

2097 578 2232 616 num
2280 571 2337 618 et
2375 564 2670 622 indelebile
2720 578 2932 628 naturae
2982 571 3190 630 Christi
3242 576 3578 635 beneﬁcium
3619 583 3693 640 ita

373 651 622 721 φάντωρ
665 651 960 724 Κύριλλος.
1011 653 1076 706 Οἱ
1130 654 1231 724 μὲν
1285 654 1395 727 γὰρ
1445 656 1710 728 μακάριοι
1756 656 2001 727 Πατέρες

2097 654 2437 723 praedicavit,
2471 657 2617 713 sicut
2648 660 2867 718 divinus
2915 663 3173 736 Cyrillus.
3224 667 3362 724 Nam
3407 670 3556 725 beati
3590 673 3694 728 Pa-

371 747 470 794 τὸν
516 742 765 813 ἀριθμὸν
793 744 1115 813 εἰρήκασιν·
1150 745 1180 798 ὁ
1216 745 1274 798 δὲ
1304 747 1706 819 τρισμακάριος
1732 747 2000 818 Κύριλλος

2098 753 2211 801 tres
2238 763 2535 802 numerum
2564 750 2949 822 assignarunt;
2975 773 3040 813 ac
3072 757 3431 816 beatissimus
3454 761 3696 835 Cyrillus

377 832 528 903 μετὰ
563 834 665 887 τοῦ
699 835 938 906 ἀριθμοῦ
970 837 1066 889 καὶ
1090 834 1187 908 τὴν
1219 838 1637 906 ἀνεξάλειπτον,
1674 839 1768 893 καὶ
1798 857 1998 912 τηρου-

2097 836 2266 924 simul
2297 854 2424 894 cum
2455 856 2690 898 numero
2708 843 3081 903 indelebiliter
3104 864 3436 924 semperque
3468 832 3697 911 naturas

374 926 560 998 μένην
593 929 685 981 ἀεὶ
730 929 840 982 τῶν
876 929 1097 998 φύσεων
1157 931 1254 984 τοῦ
1305 933 1515 1005 Κυρίου
1561 934 1826 1007 διαμονὴν
1859 935 2001 1005 μετὰ

2098 923 2454 989 conservatas
2510 950 2631 990 esse
2657 977 2670 1002 ,
2732 939 2896 993 etiam
2945 949 3070 1012 post
3109 923 3370 1001 unionem
3400 948 3695 1020 perspicue

368 1020 479 1090 τὴν
515 1020 742 1087 ἕνωσιν,
762 1021 857 1074 καὶ
889 1021 960 1075 τὰ
990 1023 1138 1096 ἑξῆς.
1161 1019 1233 1078 Εὖ
1254 1041 1338 1077 σοι
1363 1025 1597 1094 γένοιτο,
1618 1026 1867 1100 φωστὴρ,
1904 1027 2000 1080 καὶ

2100 1022 2308 1088 docuit,
2339 1032 2446 1078 etc.
2490 1024 2637 1082 Bene
2683 1028 2754 1083 sit
2789 1031 2910 1097 tibi,
2948 1032 3158 1100 lumen,
3189 1035 3279 1090 fax
3303 1078 3318 1103 ,
3350 1046 3407 1093 et
3436 1019 3692 1094 columna

374 1113 568 1185 πυρσὲ
596 1155 612 1176 ,
651 1116 746 1167 καὶ
783 1113 945 1168 στύλε
990 1117 1089 1188 τῆς
1132 1117 1416 1189 ἀληθείας,
1454 1117 1715 1190 Κύριλλε.
1787 1121 1997 1184 Ὄντως

2099 1115 2373 1181 veritatis,
2405 1115 2632 1187 Cyrille.
2668 1118 2870 1175 Iterato
2911 1122 3112 1191 dicam,
3151 1124 3343 1198 Cyrilli
3375 1144 3506 1185 vere
3535 1138 3694 1186 aeter-

373 1203 695 1274 Κυρίλ).ου,
733 1203 898 1258 πάλιν
939 1204 1110 1274 λέγω,
1145 1204 1337 1260 ἁζωνῑα
1365 1207 1400 1277 ἡ
1438 1209 1649 1278 μνήμη,
1683 1206 1757 1276 μὴ
1790 1223 2002 1278 συγχω-

1936 1225 2002 1260 ω-
2099 1224 2171 1264 na
2201 1209 2490 1276 memoria,
2523 1210 2618 1280 qui
2641 1227 2754 1267 non
2786 1213 2920 1269 sinit
2945 1231 3048 1271 nos
3080 1233 3112 1272 a
3140 1234 3275 1276 vero
3301 1220 3583 1279 deerrare.

373 1296 614 1366 ροῦντος
642 1297 790 1368 ἡμᾶς
814 1298 880 1350 ἐκ
902 1297 1008 1369 τῆς
1036 1296 1298 1368 ἀληθείας
1327 1297 1695 1371 πλανηθῆναι.

371 1412 450 1474 Β.
499 1409 826 1490 Eulogius
872 1411 1385 1498 archiepiscopus
1432 1411 1875 1498 Alexandriae,
1923 1413 1992 1498 in
2029 1413 2314 1498 oratione
2357 1410 2667 1498 adversus
2715 1411 3167 1498 calumniantes
3201 1419 3317 1481 SS.
3339 1421 3589 1498 Patres,
3641 1431 3698 1484 et

838 1491 1176 1553 conc-ilium
1219 1491 1739 1556 Chalcedonense.
1792 1493 1982 1574 Apud
2029 1492 2330 1553 Photium
2384 1493 2452 1552 in
2495 1491 2930 1569 Bibliotheca,
3010 1513 3247 1558 ccxxx.

445 1621 682 1677 Ardens
717 1621 809 1675 ille
849 1621 1107 1676 veritatis
1129 1620 1414 1678 studiosus
1443 1621 1704 1690 Cyrillus,
1729 1623 1848 1678 haec
1885 1631 1940 1677 et
1970 1620 2058 1675 his
2093 1619 2407 1690 consimilia
2437 1617 2741 1690 Scripturis
2777 1637 3049 1689 asserens,
3083 1639 3194 1678 non
3231 1625 3397 1681 modo
3429 1626 3694 1686 libenter,

369 1703 434 1748 et
493 1692 912 1765 iucundissime
951 1693 1224 1770 accessit,
1269 1693 1367 1770 sed
1407 1689 1722 1770 et_Paulu_r_n
1764 1693 2109 1770 Emisenum,
2151 1693 2247 1770 qui
2281 1690 2355 1770 ab_
2398 1689 2520 1770 ipso
2564 1689 2769 1748 missus
2797 1703 2919 1770 erat
2951 1695 3008 1748 in
3035 1695 3258 1770 publico
3285 1707 3430 1752 metu
3466 1700 3698 1770 concio-

369 1760 679 1888 naturqs;
715 1773 933 1835 quaret
977 1763 1086 1819 sibi
1139 1773 1196 1819 et
1240 1765 1485 1820 mittenti
1523 1763 1731 1836 Cyrillo
1781 1763 1952 1821 fuerit
1991 1760 2299 1827 sententia,
2342 1760 2601 1818 laudibus
2637 1764 2890 1834 excepit,
2923 1773 2980 1820 et
3015 1760 3076 1821 ut
3112 1766 3305 1822 eadem
3339 1769 3694 1834 sentientem,

370 1851 570 1888 magni
593 1843 730 1888 ectt.
1385 1865 1395 1884 .

370 1851 730 1906 magnuecrt.
1385 1865 1395 1884 .

1835 1907 2005 1975 Idem,
2050 1905 2261 1962 ibidem.

442 1997 688 2079 Doctus,
732 2006 790 2083 et
822 1997 977 2083 pius,
1012 1997 1373 2083 minimeque‘
1391 1999 1656 2083 vacillans
1684 1999 1923 2083 Cyrillus
1955 2017 2122 2056 unam
2155 2001 2546 2083 docetHYerbi‘
2573 2009 2850 2083 naturam,
2893 2013 2949 2083 et
2989 2001 3139 2083 illam
3183 2000 3544 2083 incarnatam,
3583 2015 3694 2064 etc.

366 2067 605 2123 Etenim
631 2067 1065 2194 multaicggitat,
1101 2084 1211 2123 non
1258 2067 1467 2135 verbis,
1510 2079 1566 2125 et
1599 2067 1922 2127 nominibus
1950 2087 2176 2128 sensum
2216 2071 2414 2139 credit,
2453 2072 2550 2128 sed
2580 2081 2766 2128 mente
2803 2073 2975 2128 verba
3026 2081 3083 2130 et
3119 2073 3345 2129 nomina
3378 2067 3695 2146 conferens,

367 2147 543 2210 atque
569 2155 862 2194 accommo
903 2156 1024 2195 ans.

367 2154 462 2195 ala
471 2155 543 2194 ue
569 2154 1024 2195 accommouans.

1623 2251 3662 2278 ______._.__._______________________

1748 2345 2339 2440 MONITUM

1200 2510 1272 2569 In
1299 2506 1496 2570 libros
1529 2508 1616 2568 De
1647 2505 2023 2567 adoratione
2062 2507 2128 2567 in
2156 2507 2392 2587 spiritu
2436 2517 2495 2572 et
2536 2511 2799 2573 veritate
2826 2509 2933 2594 (l).

439 2634 606 2689 Libri
640 2640 942 2704 sequentes
973 2631 1105 2688 inde
1137 2647 1341 2688 nomen
1382 2631 1563 2687 sortiti
1605 2639 1736 2687 sunt
1764 2630 1913 2702 quod
1943 2629 2181 2702 Cyrillus
2223 2632 2279 2687 in
2325 2633 2500 2690 forma
2541 2634 2743 2708 dialogi
2785 2650 2905 2691 eam
2943 2635 3318 2694 diﬂicultatem
3359 2638 3572 2696 solvere
3603 2656 3696 2712 ag-

363 2741 604 2796 gressus
635 2727 730 2792 sit,
765 2741 874 2796 qua
905 2726 1135 2781 tandem
1156 2723 1392 2790 ratione,
1417 2724 1538 2795 lege
1560 2723 1737 2778 veteri
1764 2738 1864 2792 per
1886 2722 2102 2778 Novum
2135 2722 2556 2780 Testamentum
2582 2726 2866 2798 abrogata,
2898 2726 3156 2783 Christus
3188 2728 3388 2785 dixerit
3412 2729 3694 2802 (Matth.v,

367 2821 462 2891 i7)
498 2839 510 2872 :
545 2839 565 2871 ‹
605 2819 733 2874 Non
758 2820 886 2875 veni
915 2819 1130 2874 solvere
1162 2820 1361 2888 legem,
1395 2816 1489 2871 sed
1524 2814 1857 2886 adimplere;
1895 2833 1912 2867 ι
1949 2823 2006 2870 et
2036 2813 2215 2886 (Joan.
2252 2831 2325 2884 tv,
2364 2816 2455 2890 24)
2492 2836 2504 2871 :
2554 2837 2572 2869 ι
2609 2819 2668 2874 In
2698 2821 2896 2891 spiritu
2927 2830 2982 2876 et
3008 2823 3242 2878 veritate
3272 2823 3446 2879 Deum
3480 2824 3697 2880 Patrem

365 2925 598 2988 oportet
633 2915 890 2971 adorare.
927 2935 946 2968 ›
987 2915 1129 2970 Eum
1166 2915 1222 2970 in
1264 2913 1429 2969 finem
1457 2913 1662 2984 optime
1695 2912 1876 2978 docet,
1915 2923 2190 2984 praecepta
2221 2914 2359 2986 legis
2392 2915 2662 2983 Mosaicae,
2695 2933 2817 2988 qua
2846 2918 2914 2973 ab
2947 2919 3110 2974 Israel
3142 2922 3446 2977 secundum
3476 2938 3699 2978 carnem

368 3011 676 3066 observata
717 3018 852 3064 sunt
889 3009 1209 3073 carnaliter,
1240 3023 1271 3062 a
1304 3007 1486 3073 nobis,
1517 3005 1612 3077 qui
1647 3005 1954 3060 secundum
1995 3006 2254 3076 spiritum
2288 3008 2458 3064 Israel
2492 3026 2686 3066 sumus
2712 3010 2885 3084 (Rom.
2913 3009 3012 3083 ιχ),
3047 3013 3411 3084 spiritualiter
3442 3031 3566 3073 esse
3596 3017 3698 3072 ob—

367 3101 853 3169 servandarth
885 3101 1116 3156 umbras
1149 3100 1272 3154 illas
1302 3099 1542 3168 antiqua:
1576 3097 1714 3168 legis
1747 3095 2010 3167 penicillo
2039 3096 2278 3166 quodam
2309 3099 2578 3153 orationis
2605 3100 2670 3154 ad
2707 3099 2996 3156 veritatem
3028 3091 3302 3169 eﬂ‘ormat,
3334 3114 3390 3160 et
3425 3106 3699 3162 carnalem

374 3195 531 3250 illum
555 3194 972 3266 ﬁguratumque
1002 3193 1213 3248 cultum
1245 3207 1276 3246 a
1298 3191 1449 3246 veris
1470 3189 1569 3245 Dei
1596 3189 1986 3244 adoratoribus
2002 3187 2058 3243 in
2081 3189 2282 3260 spiritu
2306 3199 2361 3246 et
2386 3192 2619 3246 veritate
2637 3192 2829 3263 perﬁci
2856 3210 3015 3264 posse
3042 3195 3404 3252 demonstrat.
3439 3199 3702 3266 Quamvis

379 3301 562 3348 autem
591 3289 850 3345 omnium
886 3288 1002 3346 fere
1031 3289 1199 3345 Mosis
1240 3289 1514 3344 librorum
1556 3287 1818 3359 mysteria
1853 3285 1912 3340 in
1938 3285 2029 3340 his
2054 3286 2218 3343 libris
2255 3287 2596 3358 aperiantur,
2624 3304 2737 3343 non
2778 3297 2962 3345 tamen
2993 3291 3242 3346 eamdem
3279 3293 3501 3359 seriem,
3536 3310 3702 3365 quam

375 3387 439 3442 in
476 3386 777 3443 scribendo
806 3385 989 3441 tenuit
1025 3385 1224 3456 Moses,
1261 3384 1318 3438 in
1353 3381 1682 3453 explicando
1720 3381 1945 3437 secutus
1980 3388 2066 3435 est
2089 3380 2348 3454 Cyrillus,
2381 3383 2477 3438 sed
2515 3398 2678 3438 suum
2715 3384 3009 3454 quemdam
3046 3385 3297 3442 ordinem
3331 3387 3592 3454 servavit,
3625 3388 3702 3444 ita

370 3488 434 3534 ut
462 3482 626 3553 prius
654 3487 988 3553 argumenta
1022 3478 1273 3549 quadam
1304 3485 1454 3532 certa
1492 3482 1786 3546 proponat,
1823 3483 1939 3528 tum
1973 3474 2095 3529 loca
2124 3474 2421 3547 Scriptura:
2450 3476 2601 3531 varia
2632 3492 2757 3531 cum
2793 3476 2902 3532 illis
2937 3478 3278 3549 argumentis
3315 3480 3703 3536 convenientia

363 3591 398 3632 e
426 3573 681 3636 diversis
717 3573 1024 3643 Scriptura:
1056 3570 1216 3625 libris
1251 3569 1473 3640 colligat
1500 3583 1566 3622 ac
1592 3567 1849 3639 explicet.
1882 3567 2055 3638 Igitur
2073 3576 2369 3640 postquam
2409 3569 2478 3624 de
2514 3569 2672 3640 lapsu
2717 3571 2961 3626 hominis
3001 3571 3057 3626 in
3094 3581 3381 3643 peccatum
3416 3573 3700 3640 disseruit,

361 3666 686 3739 subjungit,
729 3665 937 3720 debere
974 3665 1280 3729 hominem,
1322 3662 1471 3733 quod
1517 3679 1675 3734 aeque
1707 3663 2010 3734 gloriosum
2057 3677 2124 3718 ac
2169 3663 2303 3718 utile
2347 3663 2440 3729 sit,
2484 3663 2722 3734 peccatis
2767 3664 3077 3720 valedicere
3134 3674 3191 3719 et
3241 3665 3310 3719 ad
3357 3665 3702 3722 honestatem

362 3761 639 3826 transire,
682 3759 892 3815 diaboli
932 3761 1127 3830 jugum
1160 3766 1430 3813 excutere
1469 3768 1526 3814 et
1562 3758 1742 3830 legem
1779 3757 2024 3812 divinam
2065 3755 2245 3827 sequi,
2288 3765 2480 3828 utpote
2526 3772 2649 3828 quae
2689 3757 2756 3812 ad
2800 3772 2988 3813 veram
3039 3757 3355 3814 libertatem
3401 3773 3504 3815 nos
3543 3767 3706 3816 vocat

362 3851 495 3924 (lib.
528 3851 605 3925 1);
655 3852 808 3908 istud
858 3859 1046 3906 autem
1101 3850 1484 3906 tantummodo
1528 3865 1629 3921 per
1679 3851 1914 3921 gratiam
1952 3849 2182 3916 Christi,
2213 3857 2270 3905 et
2321 3865 2434 3904 non
2480 3865 2580 3920 per
2620 3849 2796 3920 legem
2837 3849 3128 3904 Mosaicam
3181 3849 3393 3904 homini
3441 3851 3704 3920 possibile

363 3945 534 4001 reddi
571 3945 697 4018 (lib.
726 3961 763 3999 ιι
792 3952 848 4000 et
874 3941 979 4014 ιιι),
1010 3942 1177 3997 simul
1215 3950 1399 3996 tamen
1438 3940 1651 3995 ﬁrmam
1686 3940 1930 3996 hominis
1961 3940 2290 3995 voluntatem
2324 3940 2604 4010 animique
2646 3939 3029 3995 fortitudinem
3064 3939 3272 4011 requiri
3299 3939 3416 4014 (lib.
3451 3957 3504 3995 iv
3540 3950 3596 3996 et
3625 3938 3700 4012 v).

363 4037 605 4095 Initium
649 4052 786 4091 vero
832 4045 888 4091 et
938 4035 1365 4091 fundamentum
1407 4034 1602 4090 salutis
1642 4034 1899 4090 humanae
1942 4034 2106 4090 docet
2139 4050 2260 4090 esse
2303 4034 2464 4103 ﬁdem
2504 4034 2560 4088 in
2603 4050 2775 4088 unum
2807 4051 3001 4090 verum
3041 4035 3216 4089 Deum
3255 4049 3376 4088 una
3417 4049 3544 4089 cum
3583 4036 3706 4105 ejus

364 4130 660 4187 dilectione
688 4130 809 4201 (lib.
840 4128 938 4201 v1),
977 4130 1069 4184 cui
1102 4139 1252 4185 recte
1288 4128 1541 4200 adjungit
1576 4128 1934 4185 dilectionem
1968 4129 2228 4201 proximi,
2265 4144 2500 4198 eamque
2531 4128 2830 4198 plurimum
2855 4128 3205 4183 commendat
3235 4126 3334 4200 (lib
3381 4145 3453 4182 vn
3483 4138 3539 4183 et
3560 4127 3701 4200 vin).

365 4225 468 4280 His
504 4225 767 4280 decursis
802 4224 954 4296 leges
991 4224 1060 4279 de
1097 4223 1474 4287 tabernaculo,
1507 4222 1576 4277 de
1622 4222 2003 4277 sacerdotibus
2042 4230 2208 4292 atque
2250 4221 2434 4276 levitis
2478 4220 2820 4286 considerat;
2870 4235 2937 4275 ac
2979 4219 3159 4290 primo
3206 4219 3432 4289 quidem
3476 4226 3706 4275 cunctas

366 4317 523 4390 leges
560 4316 633 4373 ad
683 4317 1109 4373 tabernaculum
1143 4317 1376 4387 ejusque
1414 4315 1598 4370 varias
1637 4323 1844 4385 partes,
1879 4331 2098 4370 necnon
2147 4315 2215 4370 ad
2271 4315 2744 4369 constructionem
2794 4321 2851 4368 et
2918 4312 3411 4368 sanctiﬁcationem
3453 4311 3701 4383 ejusdem

365 4417 747 4488 pertinentes,
785 4416 854 4470 ad
895 4414 1197 4470 Ecclesium
1248 4412 1612 4469 Christianam
1657 4414 1890 4485 ejusque
1934 4412 2313 4468 institutiones
2356 4411 2526 4466 refert
2569 4411 2688 4484 (lib.
2731 4427 2785 4464 rx
2833 4421 2892 4466 et
2928 4406 3022 4482 x);
3070 4409 3200 4466 dein
3249 4424 3594 4480 quaecunque
3632 4409 3725 4485 de.

366 4513 768 4568 sacerdotibus
802 4520 860 4567 et
893 4510 1186 4566 sacriﬁciis
1220 4509 1461 4580 antiquae
1492 4508 1630 4580 legis
1667 4510 1964 4564 constituta
2002 4508 2244 4575 fuerant,
2277 4509 2335 4564 in
2376 4508 2686 4564 sacerdotio
2725 4507 2861 4564 Novi
2900 4507 3146 4563 Fcederis
3174 4506 3454 4577 implenda
3484 4506 3705 4578 egregie

366 4612 654 4659 monstrat
687 4603 810 4674 (lib.
839 4618 894 4656 xl
923 4610 982 4657 et
1010 4599 1129 4672 xu),
1162 4617 1285 4671 quae
1318 4609 1504 4656 autem
1544 4599 1612 4655 de
1657 4599 1841 4655 levitis
1879 4599 1935 4654 in
1973 4600 2093 4670 lege
2130 4599 2306 4655 veteri
2343 4599 2734 4665 continentur,
2771 4599 3090 4670 singillatim
3130 4599 3368 4670 explicat
3401 4600 3472 4656 de
3510 4599 3580 4655 iis
3605 4600 3704 4670 qui

364 4696 568 4754 divino
609 4694 930 4750 ministerio
964 4694 1022 4748 in
1064 4693 1218 4748 Novo
1248 4692 1606 4746 Testamento
1637 4706 1696 4747 se
1736 4693 2121 4762 manciparunt
2165 4694 2288 4766 (lib.
2322 4692 2459 4765 xm).
2491 4692 2632 4747 Hinc
2662 4692 2730 4748 ad
2767 4703 2972 4748 emtum
3002 4691 3247 4748 ﬁdelium
3287 4709 3608 4761 conversus,
3638 4712 3707 4751 ex

362 4788 654 4844 munditia
702 4787 760 4841 in
807 4787 929 4858 lege
968 4786 1099 4840 olim
1145 4784 1470 4856 praescripta
1515 4783 1700 4838 cordis
1747 4784 1987 4854 vittaque
2028 4785 2329 4854 puritatem
2367 4784 2629 4839 omnibus
2665 4783 2761 4854 qui
2805 4784 2862 4838 in
2902 4783 3138 4839 ecclesia
3178 4792 3306 4839 ante
3343 4798 3704 4856 conspectum

361 4880 595 4938 Domini
633 4880 889 4945 veniunt,
929 4877 1302 4932 necessariam
1345 4891 1467 4930 esse
1511 4874 1754 4930 ostendit
1789 4875 1908 4948 (lib.
1947 4874 2081 4948 xrv),
2121 4877 2399 4947 simulque
2440 4892 2509 4931 ex
2543 4875 2654 4931 ritu
2691 4875 3088 4931 sacriﬁciorum
3118 4877 3335 4932 Veteris
3369 4877 3704 4936 Testamenti

362 4975 625 5030 declarat
657 4989 770 5044 qua
803 4971 1022 5026 ratione
1053 4970 1220 5024 homo
1257 4972 1370 5039 per;
1399 4966 1686 5022 Christum
1726 4967 1783 5021 in
1818 4966 1937 5021 dies
1988 4967 2163 5038 magis
2202 4966 2527 5038 puriﬁcetur
2565 4975 2622 5022 et
2664 4966 3043 5022 sanctiﬁcetur
3081 4965 3201 5039 (lib.
3239 4966 3350 5040 xv).
3393 4968 3531 5024 Cum
3573 4988 3708 5029 vero

357 5069 604 5164 iustitiae
638 5066 912 5138 perfectio
951 5065 1009 5118 in
1053 5079 1120 5119 eo
1163 5062 1452 5127 consistat,
1487 5069 1550 5116 ut
1593 5061 1758 5116 homo
1805 5061 2164 5132 semetipsum
2228 5062 2340 5116 Deo
2386 5062 2441 5116 in
2480 5060 2740 5116 omnibus
2782 5060 3018 5116 hostiam
3059 5061 3260 5127 vivam,
3293 5071 3559 5146 sanctam,
3593 5065 3708 5122 Dco

364 5153 692 5233 placentem
724 5159 944 5222 otlerat,
979 5157 1127 5211 istud
1157 5171 1381 5227 quoque
1409 5170 1479 5208 ex
1505 5153 1886 5208 oblationibus
1930 5155 2068 5226 legis
2100 5155 2351 5209 Mosaicae
2388 5169 2491 5209 nos
2527 5165 2678 5210 recte
2707 5155 2998 5209 instituere
3031 5153 3194 5208 docet
3225 5153 3344 5226 (lib.
3384 5156 3514 5230 xvr).
3546 5156 3706 5224 Quod

362 5258 410 5312 si
446 5257 628 5310 homo
667 5269 732 5308 ea
767 5251 986 5306 ratione
1012 5251 1321 5306 Ecclesiam
1343 5248 1554 5304 Christi
1586 5249 1866 5320 ingressus
1899 5249 2069 5303 vitam
2101 5249 2223 5305 labe
2253 5265 2448 5320 puram
2476 5259 2641 5319 atque
2670 5247 2970 5319 perfectam
2996 5249 3108 5304 Deo
3133 5247 3422 5317 dicaverit,
3448 5253 3706 5309 mercede

364 5368 597 5408 summa
637 5352 888 5421 potietur
921 5348 979 5402 in
1007 5357 1214 5403 aeterna
1242 5345 1610 5411 beatitudine,
1639 5361 1804 5415 quam
1833 5345 2149 5401 Iudaeorum
2180 5347 2455 5402 solemnes
2481 5345 2810 5401 festivitates
2843 5362 2912 5400 ex
2938 5345 3035 5400 Dei
3069 5345 3354 5401 voluntate
3384 5346 3707 5422 praeﬁgura-

362 5447 512 5503 bant
546 5447 670 5519 (lib.
711 5444 866 5513 xvn).
895 5475 968 5484 —
1001 5441 1422 5513 Amplissimum
1463 5441 1569 5494 hoc
1613 5455 1773 5510 opus,
1820 5441 2024 5512 insigni
2069 5442 2307 5513 quadam
2353 5450 2470 5497 arte
2515 5441 2866 5511 dispositum,
2899 5440 3102 5496 merito
3135 5452 3368 5499 vocatur
3408 5444 3704 5500 thesaurus

363 5537 796 5610 expositionum
831 5534 1255 5606 allegoricarum
1298 5540 1354 5586 et
1391 5531 1690 5587 veritat‘um
1735 5533 2030 5588 moralium
2075 5533 2177 5606 (2),
2219 5549 2330 5604 quo
2373 5533 2633 5588 universa
2676 5533 2765 5587 lex
2808 5533 3043 5590 Mosaica
3087 5549 3253 5592 sensu
3291 5540 3522 5612 mystico
3563 5538 3701 5596 scite

362 5634 714 5702 explicatur,
741 5641 798 5688 et
825 5631 953 5687 vita:
984 5627 1292 5700 spiritualis
1323 5643 1424 5698 per
1455 5628 1687 5698 gratiam
1715 5626 1922 5683 Christi
1959 5635 2093 5684 actae
2122 5626 2365 5695 initium,
2398 5626 2679 5699 profectus
2711 5642 2775 5682 ac
2805 5625 2932 5683 ﬁnis
2958 5626 3313 5687 describitur.

442 5773 528 5846 (Ι)
572 5771 656 5846 Ex
686 5768 1619 5846 institutionibusfatrologitelos.
1653 5769 1887 5846 Fessler.
1924 5768 2238 5843 OEniponte
2270 5771 2430 5839 1851,
2464 5771 2519 5827 in
2551 5770 2626 5838 8°,
2666 5779 2798 5826 tom.
2834 5771 2898 5837 II,
2932 5787 2986 5844 ρ.
3018 5771 3140 5826 5ὃ8.

437 5840 526 5915 (Ξ)
573 5845 653 5900 Ita
687 5843 1010 5909 Tillemont,
1041 5855 1094 5910 ι).
1123 5841 1246 5908 671,
1281 5851 1337 5895 ct
1361 5840 1605 5900 Ccillier,
1641 5857 1693 5914 p.
1724 5840 1848 5896 254.
