4172 6454
543 344 644 402 135

1576 338 1633 394 S.
1674 337 1950 395 CYRILLI
1989 336 2462 392 ALEXANDRINI
2501 336 2821 394 ARCHIEP.

3722 339 3821 399 138

540 463 658 519 lum
688 469 743 516 et
764 469 932 523 terra,
989 462 1082 514 ota
1113 471 1286 513 unum
1326 465 1422 511 aut
1444 473 1589 513 unus
1639 473 1778 528 apex
1837 474 1946 513 non
1981 473 2117 528 prae-

2234 458 2310 530 μὴ
2331 457 2578 531 παρέλθῃ
2602 455 2710 511 ἀπὸ
2737 455 2833 510 τοῦ
2873 454 3061 527 νόμου,
3089 454 3197 522 ἐως
3225 456 3292 511 ἂν
3313 456 3493 512 πάντα
3515 455 3764 526 γένηται.
3794 475 3818 511 ι

540 553 733 610 teribit
765 553 962 623 alege,
999 551 1179 606 donec
1233 549 1420 605 omnia
1463 549 1597 604 ﬁant
1635 552 1675 604 ¹.
1717 570 1735 602 ι
1786 550 1846 604 In
1905 550 2132 605 Joannis

539 653 807 716 praeterea
827 644 1109 699 volumine
1136 643 1202 697 ad
1221 643 1510 697 mulierem
1528 641 1954 696 Samaritanam:
1983 640 2132 695 «Mu-

536 736 660 801 lier,
699 734 866 791 crede
895 735 1053 799 mihi,
1095 733 1224 803 quia
1279 732 1434 787 venit
1490 731 1644 797 hora,
1695 730 1913 802 quando
1951 746 2131 800 neque

536 825 594 880 in
628 836 813 882 monte
842 827 967 891 hoc,
1025 839 1206 895 neque
1243 823 1640 895 Hierosolymis
1680 822 1984 877 adorabitis
2029 822 2131 876 Pa-

539 926 698 972 trem.
737 919 846 973 Vos
875 917 1120 971 adoratis
1173 915 1322 987 quod
1375 915 1788 982 nescitisynos
1839 913 2130 969 adoramus

536 1011 683 1081 quod
720 1009 956 1076 scimus;
999 1009 1129 1079 quia
1165 1009 1315 1064 salus
1343 1024 1412 1064 ex
1449 1007 1657 1064 Iudaeis
1703 1015 1809 1062 est.
1845 1006 1952 1061 Sed
1977 1007 2130 1061 venit

535 1101 692 1165 hora,
729 1112 785 1157 et
812 1117 962 1156 nunc
989 1110 1093 1167 est,
1132 1101 1354 1172 quando
1386 1101 1504 1174 veri
1554 1100 1878 1154 adoratores
1928 1099 2127 1154 adora-
2169 1113 2172 1116 ‘

537 1195 676 1250 bunt
702 1197 918 1250 Patrem
964 1195 1021 1249 in
1072 1195 1273 1264 spiritu
1301 1203 1358 1249 et
1397 1193 1656 1249 veritate.
1690 1193 1825 1248 Nam
1871 1201 1928 1246 et
1968 1191 2129 1245 Pater

536 1287 675 1340 tales
701 1288 922 1355 quaerit,
951 1285 1047 1354 qui
1083 1285 1324 1339 adorent
1367 1300 1516 1339 eum.
1557 1283 1798 1353 Spiritus
1825 1291 1910 1337 est
1957 1283 2121 1347 Deus,

535 1380 591 1426 ct
631 1387 730 1426 eos
789 1373 883 1442 qui
943 1372 1180 1426 adorant
1241 1389 1389 1440 eum,
1425 1372 1482 1427 in
1545 1371 1744 1442 spiritu
1807 1379 1864 1426 et
1895 1371 2124 1426 veritate

534 1471 756 1532 oportet
785 1462 1017 1517 adorare
1049 1466 1090 1516 ⁸.
1123 1482 1141 1515 ι

604 1553 763 1610 CYR.
789 1553 933 1620 Quid
966 1570 1099 1610 vero
1141 1554 1243 1608 tibi
1282 1554 1338 1607 in
1389 1554 1476 1609 bis
1520 1553 1705 1609 verbis
1733 1568 1854 1608 esse
1889 1552 2125 1607 arduum

533 1644 779 1711 videtur,
821 1645 955 1715 quid
989 1645 1288 1700 obscurum
1317 1654 1374 1699 et
1410 1645 1692 1700 intellectu
1724 1644 1982 1699 difﬁcile?
2011 1644 2121 1710 dic,

533 1750 669 1807 rogo
696 1745 768 1791 te.

2249 550 2338 603 Ἐν
2365 550 2422 603 δέ
2449 567 2512 618 γε
2539 551 2606 620 τῇ
2635 548 2776 603 κατά
2799 547 2890 603 τὸν
2931 547 3185 618 Ἰωάννην
3215 552 3532 622 συγγραφῇ,
3561 551 3698 623 πρὸς
3722 551 3825 624 τὴν

2235 642 2299 694 ἐκ
2322 640 2424 710 τῆς
2459 640 2773 711 Σαμαρείας
2798 641 3051 708 γυναῖκα·
3084 657 3102 691 ι
3132 641 3362 695 Πίστευέ
3389 660 3500 713 μοι,
3530 642 3710 713 γύναι,
3741 645 3824 700 ὅτι

2233 733 2452 803 ἔρχεται
2504 732 2645 804 ὥρα,
2695 735 2782 788 ὅτε
2822 732 2946 786 οὔτε
2983 735 3040 787 ἐν
3085 734 3164 805 τῷ
3196 734 3316 805 ὄρει
3355 735 3530 807 τούτῳ
3554 777 3569 802 ,
3609 735 3734 791 οὔτε
3766 739 3826 793 ἐν

2243 824 2505 896 Ἱεροσολύ
2514 843 2633 896 μοις
2657 826 3064 897 προσκυνήσετε
3090 827 3167 899 τῷ
3195 828 3397 899 Πατρί.
3434 829 3626 898 Ὑμεῖς
3655 847 3822 901 προσ-

2231 918 2447 969 κυνεῖτε
2490 916 2517 969 ὃ
2547 915 2646 969 οὐκ
2671 915 2870 969 οῖδατεο
2892 919 3054 987 ἡμεῖς
3081 918 3496 990 προσκυνοῦμεν
3520 919 3549 974 ὃ
3573 919 3818 992 οἴδαμεν,

2231 1007 2312 1060 ὅτι
2337 1007 2369 1077 η
2395 1007 2638 1079 σωτηρία
2668 1008 2734 1062 ἐκ
2760 1007 2868 1065 τῶν
2907 1008 3181 1065 Ἰουδαίων
3206 1011 3374 1065 ἐστίν.
3409 1011 3572 1065 Ἀλλά
3600 1011 3820 1084 ἔρχεται

2230 1099 2381 1170 ὥρα,
2417 1100 2512 1154 καὶ
2557 1101 2653 1155 νῦν
2697 1103 2865 1168 ἐστιν,
2913 1103 3007 1156 ὅτε
3042 1103 3091 1157 oi
3143 1103 3391 1174 ἀληθινοὶ
3445 1105 3822 1178 προσκυνηταὶ

2231 1194 2664 1265 προσκυνήσουσι
2695 1195 2773 1265 τῷ
2816 1195 2994 1267 Πατρὶ
3039 1196 3096 1249 ἐν
3134 1197 3407 1268 πνεύματι
3440 1200 3535 1252 καὶ
3565 1199 3817 1271 ἀληθείᾳ.

2229 1284 2342 1337 Καὶ
2367 1286 2474 1355 γὰρ
2499 1287 2527 1338 ό
2560 1285 2750 1358 Πατὴρ
2771 1287 3046 1353 τοιούτους
3067 1287 3219 1361 ζητεῖ
3231 1291 3360 1355 τοὺς
3381 1291 3822 1363 προσκυνοῦντας

2228 1376 2411 1430 αὐτόν.
2439 1377 2664 1450 Πνεῦμα
2682 1382 2710 1433 ό
2732 1379 2883 1446 Θεὸς,
2912 1382 3006 1434 καὶ
3029 1383 3156 1446 τοὺς
3177 1383 3615 1455 προσκυνοῦντας
3634 1385 3817 1454 αὐτὸν,

2227 1469 2284 1523 ἐν
2310 1469 2581 1541 πνεύματι
2615 1471 2710 1524 καὶ
2735 1475 2803 1544 τῇ
2834 1471 3063 1544 ἀληθείᾳ
3085 1473 3165 1527 δεῖ
3190 1477 3537 1546 προσκυνεῖν.
3580 1497 3598 1530 ι

2296 1559 2460 1614 ΚΥΡ.
2495 1558 2627 1615 Εἶτα
2661 1563 2715 1616 τί
2749 1563 2810 1616 τὸ
2839 1564 3067 1628 ἄναντες
3112 1560 3254 1620 εἷναί
3285 1584 3365 1621 σοι
3397 1567 3608 1634 δοκοῦν,
3650 1570 3726 1634 ώς
3758 1569 3816 1625 ἔν

2225 1668 2290 1720 γε
2321 1652 2384 1725 δὴ
2428 1653 2679 1721 τούτοις;
2717 1656 2869 1710 Τίδέ
2911 1657 2977 1730 δή
3021 1658 3082 1712 τὸ
3129 1658 3266 1730 βαθὺ
3309 1661 3405 1715 καὶ
3454 1660 3813 1731 δυσέφικτον;

2227 1745 2472 1817 ἐρομένῳ
2498 1747 2726 1818 φράσον.

604 1830 806 1885 PALL.
868 1831 914 1886 A
963 1832 1250 1888 veteribus
1299 1833 1523 1903 quidem
1574 1832 1776 1889 ritibus
1814 1832 2117 1898 discedere,

2302 1835 2509 1888 IIAAA.
2561 1835 2732 1890 Ἐθῶν
2772 1836 2872 1909 μὲν
2910 1839 3020 1893 τῶν
3067 1839 3439 1913 ἀρχαιοτέρων
3489 1841 3817 1916 ἀποφοιτᾷν,

530 1929 587 1976 et
622 1922 691 1976 ab
727 1938 791 1978 ea
831 1939 953 1993 qua:
998 1924 1303 1980 secundum
1346 1925 1548 1996 Legem
1602 1934 1688 1980 est
1734 1925 1952 1996 justitia
2001 1941 2124 1980 ces-

531 2029 676 2080 sare,
717 2030 886 2070 sacrae
912 2016 1077 2071 nobis
1108 2016 1334 2078 Littera:
1368 2017 1719 2088 praecipiunt.
1755 2017 1825 2070 Iis
1851 2017 1998 2071 enim
2027 2015 2124 2086 qui

531 2111 587 2165 in
618 2126 739 2165 eam
775 2113 941 2166 etiam
995 2123 1122 2182 post
1152 2123 1474 2184 perceptam
1536 2113 1700 2168 ﬁdem
1758 2113 2120 2179 inclinabant,

530 2201 736 2256 Paulus
770 2201 994 2257 dicebat
1022 2221 1033 2255 :
1078 2223 1096 2255 ι
1122 2203 1390 2259 Evacuati
1430 2204 1568 2259 estis
1599 2220 1628 2258 a
1658 2203 1906 2269 Christo,
1940 2205 2034 2274 qui
2066 2203 2122 2258 in

529 2290 671 2363 Lege
719 2292 1126 2362 justiﬁcamini,
1158 2310 1188 2349 a
1235 2296 1411 2365 gratia
1463 2295 1766 2352 excidistis.
1809 2296 1920 2350 Nos
1973 2297 2122 2352 enim

526 2383 728 2452 spiritu
758 2400 825 2438 ex
867 2383 973 2440 ﬁde
1003 2400 1156 2455 spem
1185 2385 1413 2456 justitiaa
1439 2396 1828 2457 exspectamus
1867 2387 1906 2440 ³.
1936 2406 1953 2438 ι
1983 2386 2121 2442 Cum

527 2489 657 2530 vero
685 2476 756 2530 ob
790 2475 958 2530 vitam
989 2479 1296 2532 secundum
1327 2477 1531 2548 Legem
1568 2479 1875 2534 institutam
1899 2495 2123 2551 magnas

528 2565 693 2620 licere
748 2582 952 2636 easque
991 2568 1286 2638 praeclaras
1341 2569 1549 2624 habere
1602 2569 1877 2640 gloriandi
1927 2587 2122 2626 causas

526 2657 804 2724 ostendat,
867 2660 944 2713 ait
979 2676 1211 2716 rursus:
1259 2661 1429 2728 «Quae
1469 2661 1606 2716 mihi
1663 2662 1892 2719 fuerunt
1941 2665 2116 2732 lucra,

527 2751 644 2807 haec
674 2751 982 2809 arbitratus
1013 2770 1136 2809 sum
1167 2763 1398 2826 propter
1437 2755 1719 2812 Christum
1764 2758 2114 2816 detrimenta.

529 2847 730 2903 Verum
777 2845 944 2900 etiam
993 2847 1249 2902 existimo
1290 2849 1474 2904 omnia
1532 2848 1928 2907 detrimentum
1996 2867 2118 2908 esse

526 2944 751 3006 propter
803 2937 1143 2993 eminentem
1198 2939 1486 2995 scientiam
1539 2940 1760 2995 Domini
1828 2942 1936 2996 mei
1985 2943 2117 2998 Jesu

525 3025 751 3092 Christi,
799 3038 1029 3099 prOpter
1050 3046 1214 3100 quem
1246 3031 1494 3085 omnium
1541 3031 1939 3088 detrimentum
1987 3034 2114 3099 feci,

524 3131 578 3174 et
611 3121 853 3175 arbitror
884 3131 1150 3190 stercora,
1193 3132 1255 3178 ut
1313 3122 1596 3179 Christum
1639 3125 2006 3192 lucrifaciam,
2061 3135 2118 3181 et

2227 1927 2450 1998 καὶτῆς
2497 1929 2555 1982 ἐν
2596 1927 2766 1999 Νόμῳ
2788 1929 3136 2002 δικαιοσύνης
3182 1933 3486 2004 καταλῆξαι
3528 1935 3641 1991 δεῖν
3673 1937 3819 2008 ἱερὸς

2226 2017 2359 2088 ήμῖν
2387 2017 2666 2072 ἐπιτάττει
2693 2019 2870 2088 λόγος.
2916 2022 3060 2093 Ἔφη
3095 2021 3152 2076 δέ
3171 2025 3199 2077 ό
3227 2023 3439 2089 Παῦλος
3471 2027 3584 2090 τοῖς
3611 2027 3820 2099 ταύτης

2225 2105 2534 2176 ἐφιεμένοις
2566 2108 2660 2161 καὶ
2694 2109 2835 2179 μετὰ
2853 2108 2950 2180 τὴν
2977 2110 3178 2165 πίστιν·
3219 2131 3238 2164 ι
3272 2113 3676 2187 Κατηργήθητε
3708 2118 3818 2172 άπὸ

2223 2197 2316 2250 τοῦ
2352 2197 2611 2269 Χριστοῦ,
2642 2199 2837 2262 οἵτινες
2867 2201 2926 2255 ἐν
2959 2201 3129 2273 Νόμῳ
3161 2201 3507 2271 δικαιοῦσθε,
3538 2207 3636 2278 τῆς
3661 2209 3816 2280 χάρι-

2222 2305 2314 2352 τος
2361 2289 2678 2356 ἐξεπέσατε.
2738 2291 2928 2362 Ἡμεῖς
2975 2291 3086 2365 γὰρ
3136 2293 3411 2366 πνεύματι
3457 2297 3522 2349 ἐκ
3578 2297 3817 2364 πίστεως

2223 2378 2413 2432 ἐλπίδα
2442 2379 2789 2454 δικαιοσύνης
2812 2383 3244 2456 ἀπεκδεχόμεθα.
3277 2404 3294 2438 ι
3328 2387 3609 2451 Πολιτείας
3635 2388 3693 2442 δὲ
3716 2387 3818 2458 τῆς

2221 2471 2364 2525 κατὰ
2391 2472 2482 2525 τὸν
2509 2473 2714 2544 Νόμον,
2739 2473 2925 2528 καίτοι
2951 2473 3179 2546 λαμπρά
3204 2477 3298 2530 καὶ
3323 2477 3532 2549 μεγάλα
3553 2479 3812 2534 δεικνύων

2222 2566 2352 2636 ἡμῖν
2391 2566 2474 2634 ἐφ’
2507 2565 2682 2636 ἐαυτῷ
2705 2567 2774 2620 τὰ
2803 2567 3119 2640 αὐχήματα,
3147 2569 3307 2624 πάλιν
3330 2572 3515 2641 φησίν·
3561 2591 3582 2626 ι
3622 2575 3815 2628 ’Δτινα

2219 2651 2289 2728 ἦν
2321 2674 2410 2728 μοι
2434 2657 2623 2730 κέρδη,
2649 2659 2825 2714 ταῦτα
2847 2660 3064 2732 ήγημαι
3092 2661 3181 2715 διὰ
3207 2662 3300 2715 τὸν
3327 2663 3562 2734 Χριστὸν
3585 2665 3808 2736 ζημίαν.
3917 2664 3923 2669 ’

2234 2750 2393 2804 Ἀλλά
2427 2751 2690 2822 μενοῦνγε
2725 2754 2818 2806 καὶ
2847 2753 3089 2824 ἠγοῦμαι
3137 2753 3205 2807 τὰ
3251 2754 3430 2809 πάντα
3463 2756 3687 2827 ζημίαν,
3723 2759 3814 2815 διὰ

2217 2842 2278 2897 τὸ
2317 2845 2582 2916 ὑπερέχον
2611 2844 2714 2916 τῆς
2758 2845 3013 2915 γνώσεως
3043 2849 3138 2901 τοῦ
3170 2849 3376 2920 Κυρίου
3418 2851 3574 2923 ήμῶν
3637 2851 3811 2925 Ἰησοῦ

2219 2934 2479 3005 Χριστοῦ,
2525 2935 2592 2988 δι’
2631 2936 2691 2990 ὃν
2733 2938 2802 2991 τὰ
2850 2937 3029 2992 πάντα
3067 2938 3404 3012 ἐζημιώθην,
3437 2942 3529 2994 καὶ
3568 2943 3808 3014 ήγοῦμαι

2221 3025 2464 3081 σκύϐαλα
2494 3023 2656 3096 εἶναι,
2689 3028 2779 3083 ἵνα
2810 3030 3045 3100 Χριστὸν
3085 3032 3357 3102 κερδήσω,
3389 3034 3481 3087 καὶ
3511 3034 3721 3106 εὑρεθῶ
3747 3037 3805 3088 ἐν

2218 3118 2367 3190 αὑτῷ
2393 3119 2468 3190 μὴ
2485 3119 2623 3191 ἔχων
2645 3120 2785 3192 ἐμὴν
2809 3121 3179 3196 δικαιοσύνην,
3211 3123 3311 3195 τὴν
3339 3125 3403 3179 ἐκ
3430 3125 3640 3196 Νόμου,
3673 3127 3810 3182 ἀλλά

523 3210 774 3266 inveniar
803 3212 860 3266 in
884 3213 1006 3283 ipso
1047 3231 1157 3269 non
1213 3215 1424 3272 habens
1467 3219 1956 3290 meamjustitiam,
1993 3236 2116 3290 qua:

2222 3212 2321 3284 τὴν
2344 3215 2408 3266 ἐκ
2433 3214 2671 3278 πίστεως
2718 3215 2977 3286 Χριστοῦ,
3004 3217 3102 3289 τὴν
3132 3219 3195 3271 ἐκ
3225 3217 3362 3271 Θεοῦ
3389 3218 3754 3294 δικαιοσύνην.
3787 3241 3805 3274 ι

524 3318 593 3356 ex
619 3303 740 3375 lege
777 3312 886 3369 est,
913 3305 1009 3360 sed
1047 3307 1218 3374 illam,
1248 3325 1370 3378 qua:
1399 3324 1468 3363 ex
1495 3309 1602 3364 ﬁde
1628 3324 1714 3366 est
1741 3311 1968 3378 Christi,
1994 3328 2116 3382 quae

521 3409 588 3450 ex
629 3396 740 3450 Deo
797 3405 884 3451 est
919 3398 1133 3468 justitia
1169 3399 1209 3453 ⁸.
1238 3418 1256 3450 ι
1319 3401 1490 3455 Vetus
1545 3408 1729 3455 autem
1780 3402 1918 3457 illud
1955 3419 2114 3458 man-

521 3486 712 3541 datum
743 3505 855 3542 non
871 3489 1098 3544 omnino
1128 3491 1287 3559 culpa
1323 3507 1543 3558 vacare,
1584 3494 1875 3550 manifeste
1908 3495 2114 3550 conﬁr-

522 3581 711 3636 mavit.
742 3582 982 3652 Ideoque
1013 3583 1196 3655 inquit
1223 3585 1370 3640 illius
1391 3587 1442 3656 3
1469 3586 1831 3643 loco‘novum
1859 3589 1966 3644 hoc
2013 3605 2114 3660 per

521 3672 832 3739 Christum,
876 3675 932 3729 id
979 3682 1085 3740 est,
1121 3677 1504 3748 evangelicum
1546 3679 1761 3736 utiliter
1797 3681 2109 3736 inductum.

524 3763 620 3820 Sic
647 3767 797 3820 enim
839 3766 1080 3823 scribit:
1115 3787 1134 3819 ‹
1163 3769 1507 3838 Reprobatio
1540 3771 1768 3840 quidem
1803 3773 1865 3825 ﬁt
1905 3788 2114 3843 praece-

522 3859 709 3915 dentis
743 3861 1028 3927 mandati,
1075 3871 1304 3932 propter
1340 3861 1716 3919 inﬁrmitatem
1764 3866 1885 3937 ejus
1936 3873 1994 3920 et
2022 3866 2112 3920 in-

523 3953 846 4008 utilitatem.
905 3955 1058 4009 Nihil
1089 3955 1238 4010 enim
1266 3957 1331 4010 ad
1370 3957 1676 4027 perfectum
1717 3959 1946 4014 adduxit
1974 3959 2109 4025 Lex,

522 4045 618 4101 sed
646 4045 992 4103 introductio
1023 4047 1271 4103 melioris
1314 4050 1452 4119 spei,
1487 4066 1587 4120 per
1629 4066 1792 4120 quam
1831 4051 2109 4121 proxima-

520 4155 645 4194 mus
663 4139 737 4194 ad
769 4141 947 4195 Deum
982 4141 1054 4194 ’.ι
1088 4141 1157 4196 Et
1191 4140 1393 4196 iterum
1423 4161 1434 4196 :
1473 4161 1490 4193 ι
1520 4141 1575 4196 Si
1607 4142 1753 4197 enim
1780 4142 1932 4212 prius
1972 4143 2110 4198 illud

519 4231 680 4300 culpa
717 4242 989 4297 vacasset,
1019 4248 1129 4287 non
1163 4233 1357 4304 utique
1393 4233 1624 4288 secundi
1670 4233 1826 4289 locus
1859 4235 2110 4304 inquire-

519 4334 695 4380 retur.
740 4325 1074 4396 Vituperans
1098 4327 1248 4381 enim
1301 4341 1399 4381 eos
1444 4326 1624 4381 dicit:
1669 4327 1809 4382 Ecce
1861 4327 1982 4383 dies
2011 4343 2109 4383 ve—

518 4417 700 4482 niunt,
745 4417 883 4471 dicit
937 4417 1226 4483 Dominus,
1282 4427 1340 4472 et
1381 4419 1776 4473 consummabo
1803 4435 1970 4489 super
2007 4420 2108 4476 do-

518 4522 668 4560 mum
724 4506 916 4570 Israel,
951 4515 1007 4561 et
1054 4521 1224 4576 super
1263 4507 1487 4563 domum
1526 4508 1666 4563 Juda
1719 4517 2109 4564 testamentum

519 4613 742 4660 novum,
784 4613 895 4652 non
935 4599 1242 4653 secundum
1274 4607 1664 4655 testamentum
1695 4601 1842 4672 quod
1874 4601 1978 4657 feci
2010 4619 2109 4674 pa-

517 4689 698 4743 tribus
727 4702 924 4742 eorum
964 4688 1020 4742 in
1087 4689 1177 4744 die
1220 4705 1326 4760 qua
1359 4692 1698 4761 apprehendi
1744 4709 1966 4749 manum
2019 4710 2112 4750 eo-

517 4788 638 4826 rum
696 4779 757 4826 ut
795 4772 1090 4828 educerem
1125 4774 1249 4829 illos
1279 4774 1346 4830 de
1395 4784 1542 4830 terra
1579 4775 1818 4848 Egypti,
1848 4778 2109 4848 quoniam

515 4862 622 4932 ipsi
657 4877 770 4917 non
799 4874 1232 4933 permanserunt
1267 4865 1320 4920 in
1367 4875 1695 4922 testamento
1737 4884 1881 4936 meo,
1913 4881 1970 4924 et
2007 4885 2110 4942 ego

515 4954 727 5024 neglexi
749 4969 867 5020 eos,
902 4955 1038 5010 dicit
1063 4957 1349 5012 Dominus.
1381 4958 1521 5024 Quia
1547 4959 1653 5014 hoc
1679 4970 1764 5014 est
1806 4968 2104 5017 testamen-

513 5054 628 5099 tum
678 5047 827 5118 quod
874 5047 1162 5118 disponam
1192 5049 1381 5105 domui
1440 5051 1606 5107 Israel
1638 5063 1762 5123 post
1803 5054 1922 5109 dies
1956 5055 2099 5120 illos,

512 5136 648 5192 dicit
672 5138 963 5204 Dominus,
989 5139 1128 5194 dans
1167 5141 1314 5213 leges
1345 5159 1497 5198 meas
1518 5145 1572 5198 in
1599 5156 1840 5200 mentem
1881 5162 2098 5214 eorum,

509 5229 638 5284 etin
671 5231 840 5286 corde
864 5247 1056 5287 eorum
1075 5235 1374 5291 inscribam
1401 5251 1496 5291 eas
1520 5238 1558 5290 “.
1592 5256 1608 5286 ι
1647 5237 1933 5307 Praecipue
1964 5254 2097 5294 vero

510 5321 772 5378 novitatis
802 5339 1005 5380 nomen
1054 5325 1370 5399 intelligens
1409 5338 1573 5398 atque
1613 5328 1920 5396 declarans,
1957 5351 1974 5381 ι
1998 5330 2097 5386 Di-

2224 3303 2339 3356 Οὐκ
2374 3301 2676 3374 ἀμώμητον
2713 3304 2769 3358 δὲ
2798 3299 2936 3360 εἶναι
2965 3305 3062 3378 τὴν
3105 3309 3340 3379 ἀρχαίαν
3376 3310 3592 3383 ἐντολὴν
3635 3312 3811 3368 διεδε-

2223 3393 2443 3447 6αιοῦτο
2466 3396 2670 3464 σαφῶς.
2697 3397 2969 3470 Ταύτῃτοί
3013 3418 3145 3472 φησι
3177 3404 3270 3455 καὶ
3298 3403 3412 3457 ἀντ’
3443 3404 3660 3477 ἐκείνης
3680 3408 3813 3478 ήμῖν

2222 3487 2639 3558 είσκεκομίσθαι
2674 3491 2967 3562 χρησίμως
2999 3492 3098 3563 τὴν
3139 3492 3226 3547 διὰ
3252 3493 3489 3564 Χριστοῦ
3525 3497 3620 3551 καὶ
3661 3499 3813 3565 νέαν,

2220 3579 2364 3633 τοῦτ’
2381 3581 2518 3648 ἐστι,
2536 3583 2636 3654 τὴν
2663 3583 3047 3656 εύαγγελικήν.
3066 3585 3272 3657 Γράφει
3298 3587 3354 3641 δέ
3376 3587 3566 3653 οὕτως·
3599 3609 3618 3642 ι
3660 3591 3817 3644 Ἀθέο

2219 3689 2377 3743 τησις
2410 3674 2508 3744 μὲν
2537 3674 2648 3747 γὰρ
2680 3675 2891 3744 γίνεται
2925 3678 3310 3748 προσαγούσης
3349 3681 3590 3752 ἐντολῆς,
3619 3682 3706 3736 διὰ
3752 3683 3818 3738 τὸ

2219 3765 2392 3834 αὐτῆς
2430 3764 2656 3830 ἀσθενὲς
2685 3767 2780 3821 καὶ
2812 3769 3109 3838 ἀνωφελές.
3141 3767 3312 3825 Οὐδὲν
3343 3772 3452 3844 γὰρ
3497 3773 3816 3828 ἐτελείωσεν

2219 3860 2247 3912 ὁ
2273 3859 2477 3930 Νόμος,
2506 3861 2857 3931 ἐπεισαγωγὴ
2901 3862 2960 3916 δέ
3010 3863 3316 3936 κρείττονος
3354 3866 3588 3935 ἐλπίδος,
3630 3868 3697 3922 δι’
3744 3865 3817 3943 ἦς

2220 3951 2513 4024 ἐγγίζομεν
2538 3953 2618 4025 τῷ
2642 3954 2782 4026 Θεῷ.
2820 3974 2838 4007 ι
2876 3958 2986 4012 Καὶ
3029 3959 3214 4015 πάλινο
3252 3979 3272 4013 ι
3319 3963 3381 4016 Εί
3411 3961 3520 4035 γὰρ
3551 3967 3583 4034 ή
3617 3964 3814 4036 πρώτη

2218 4045 2401 4116 ἐκείνη
2445 4043 2513 4118 ἦν
2555 4048 2846 4119 ἄμεμπτος
2871 4093 2884 4115 ,
2921 4049 3020 4103 οὐκ
3053 4050 3119 4105 ἂν
3147 4053 3408 4126 δευτέρας
3437 4055 3685 4127 ἐζητεῖτο
3722 4058 3812 4110 τό-

2219 4153 2340 4200 πος.
2375 4156 2392 4189 ι
2427 4138 2792 4208 Μεμφόμενος
2813 4139 2922 4211 γάρ
2946 4141 3143 4218 αὐτοὺς
3163 4141 3312 4211 λέγει
3330 4161 3345 4176 ο
3383 4161 3403 4197 ι
3448 4144 3579 4200 Ἰδοὺ
3602 4147 3808 4220 ἡμέραι

2218 4226 2494 4298 ἔρχονται,
2526 4227 2673 4297 λέγει
2705 4231 2934 4302 Κύριος,
2960 4232 3056 4286 καὶ
3081 4234 3385 4290 συντελέσω
3414 4238 3507 4291 ἐπὶ
3537 4238 3630 4292 τὸν
3659 4236 3811 4295 οἷκον

2231 4317 2466 4390 Ἰσραὴλ,
2494 4320 2587 4374 καὶ
2613 4320 2707 4374 ἐπὶ
2733 4321 2822 4374 τὸν
2843 4318 2990 4378 οἷκον
3021 4323 3191 4378 Ἰούδα
3213 4325 3480 4400 διαθήκην
3511 4331 3724 4402 καινὴν,
3747 4333 3808 4384 οὐ

2217 4409 2360 4463 κατὰ
2391 4411 2491 4482 τὴν
2520 4411 2808 4485 διαθήκην,
2834 4415 2902 4487 ἢν
2929 4416 3163 4488 ἐποίησα
3194 4420 3306 4483 τοῖς
3333 4420 3606 4492 πατράσιν
3631 4422 3812 4476 αὐτῶν

2218 4503 2276 4556 ἐν
2307 4504 2492 4575 ἡμέρᾳ
2517 4505 2914 4576 ἐπιλαϐομένου
2963 4525 3066 4578 μου
3109 4509 3208 4580 τῆς
3249 4512 3434 4582 χειρὸς
3474 4514 3675 4578 αὐτῶν,
3721 4515 3812 4580 ἐξ-

2216 4598 2443 4666 αγαγεῖν
2473 4596 2670 4660 αὐτοὺς
2704 4599 2769 4651 ἐκ
2797 4598 2898 4670 γῆς
2926 4599 3225 4670 Αἰγύπτου,
3256 4603 3340 4657 ὅτι
3377 4605 3534 4660 αὐτοὶ
3581 4607 3683 4661 οὐκ
3719 4609 3811 4661 ἐν·

2217 4689 2440 4760 έμειναν
2470 4691 2530 4743 ἐν
2568 4693 2634 4762 τῇ
2663 4690 2898 4764 διαθήκῃ
2935 4710 3038 4764 μου
3061 4734 3076 4760 ,
3122 4695 3279 4764 κάγὼ
3313 4697 3568 4769 ἠμέλησα
3603 4699 3807 4767 αὐτῶν,

2214 4781 2361 4850 λέγει
2387 4782 2616 4854 Κύριος.
2658 4784 2780 4838 ’Ὀτι
2815 4785 2955 4857 αῦτη
2991 4787 3025 4858 ή
3069 4787 3326 4862 διαθήκη,
3374 4790 3442 4862 ἢν
3478 4792 3810 4866 διαθήσομαι

2213 4872 2292 4943 τῷ
2345 4874 2479 4944 οῖκῳ
2519 4875 2737 4947 Ἰσραὴλ
2789 4876 2932 4947 μετὰ
2974 4877 3073 4942 τὰς
3119 4879 3335 4952 ἡμέρας
3376 4883 3610 4949 ταύτας,
3659 4885 3811 4956 λέγει

2213 4965 2442 5037 Κύριος,
2471 4967 2648 5030 διδοὺς
2689 4971 2888 5040 νόμους
2925 4988 3026 5042 μου
3071 4973 3153 5036 είς
3180 4972 3277 5044 τὴν
3313 4973 3552 5030 διάνοιαν
3603 4977 3806 5044 αὐτῶν,

2211 5061 2306 5114 καὶ
2340 5061 2420 5125 είς
2450 5060 2550 5132 τὴν
2577 5062 2804 5134 καρδίαν
2833 5063 3015 5118 αὐτῶν
3051 5065 3344 5137 ἐπιγράψω
3373 5068 3592 5133 αὐτούς.
3626 5088 3644 5123 ι
3691 5071 3810 5137 Ἐξ-

2207 5149 2348 5220 όχως
2371 5151 2427 5204 δὲ
2456 5151 2518 5205 τὸ
2536 5155 2632 5224 τῆς
2659 5153 2979 5226 καινότητος
2998 5155 3169 5228 ὄνομα
3192 5157 3394 5222 συνιείς
3419 5171 3480 5214 τε
3513 5161 3607 5214 καὶ
3631 5163 3809 5232 ἑρμη-

2209 5243 2400 5298 νεύωνο
2430 5261 2449 5296 ι
2489 5245 2576 5300 Ἐν
2599 5245 2675 5317 τῷ
2701 5247 2903 5317 λέγειν,
2932 5265 2950 5299 ι
2979 5250 3133 5319 φησὶ,
3168 5269 3187 5303 ι
3215 5251 3428 5323 καινὴν,
3451 5253 3808 5308 πεπαλαίωκε

2205 5334 2306 5404 τὴν
2357 5334 2603 5407 πρώτην
2653 5337 2717 5391 τὸ
2750 5337 2860 5410 γὰρ
2905 5338 3308 5412 παλαιούμενον
3358 5343 3454 5396 καὶ
3498 5345 3805 5418 γηράσκον,

508 5413 748 5480 cendo,»
805 5415 1005 5486 inquit,
1075 5437 1092 5470 ι
1122 5435 1349 5483 novum,
1390 5421 1660 5475 veteravit
1711 5421 1900 5491 prius:
1949 5423 2097 5492 quod

2222 5426 2378 5494 ἐγγὺς
2402 5428 2730 5500 ἀφανισμοῦ.
2758 5449 2775 5479 ι
2807 5431 2872 5486 Εἰ
2900 5432 3078 5486 τοίνυν
3107 5435 3424 5490 τετελείωκε
3624 5438 3806 5508 Νόμος

509 5514 692 5562 autem
746 5508 1064 5579 antiquatur
1134 5522 1191 5566 et
1243 5511 1522 5577 senescit,
1583 5528 1754 5583 prope
1816 5515 2100 5572 interitum

2222 5518 2384 5582 )ύδέν,
2413 5519 2672 5593 ἀθέτησις
2699 5521 2755 5576 δὲ
2789 5523 2892 5594 τῆς
2920 5525 3156 5597 ἀρχαίας
3185 5514 3408 5596 γέγονεν
3452 5529 3674 5602 ἐντολῆς
3710 5532 3807 5585 καὶ

509 5606 592 5656 est
627 5599 667 5653 ⁷.
713 5617 730 5651 ι
790 5599 845 5656 Si
881 5602 1047 5673 igitur
1083 5602 1222 5657 nihil
1254 5601 1486 5672 perfecit
1523 5603 1654 5671 Lex,
1679 5614 1736 5660 et
1787 5608 2103 5678 reprobatio

2222 5610 2313 5681 τῆς
2351 5610 2608 5684 δευτέρας
2657 5615 2962 5689 ἐπεισφορά
2986 5659 3000 5685 ,
3043 5620 3496 5695 προσοικειούσης
3544 5599 3692 5695 ἡμᾶς
3726 5625 3806 5696 τῷ

582 5735 1533 5831 "Ahll‘atthluv,l_7,.18.':liqan.lgv,
1579 5744 1772 5803 91-24.
1850 5749 2174 5822 _'Galat.v,
2215 5752 2269 5819 4,
2301 5753 2351 5809 5.
2431 5755 2710 5828 ‘Philipp.
2787 5775 2868 5824 ιιι,
2937 5761 3056 5818 7-9.
3137 5751 3345 5816 Ἠερίη.
3404 5777 3498 5830 vn,
3561 5762 3648 5831 l8,
3713 5763 3802 5821 l9.

518 5803 723 5863 ‘Ilebr.
783 5825 894 5877 vm,
943 5808 1089 5864 7-l0.
1165 5808 1498 5879 ’11›ἱ‹1.,15.
