4172 6442
372 339 487 395 137

1109 350 1197 406 DE
1234 352 1680 416 ADORATIONE
1718 363 1786 418 IN
1826 365 2099 424 SPlRlT‘U
2142 371 2228 426 ET
2270 373 2642 434 VERITATE.
2682 381 2812 438 LIB.
2854 385 2895 439 1.

3589 400 3688 456 158

366 456 525 528 θεῷ’
565 459 622 513 τί
665 462 729 536 δὴ
770 462 882 534 ἃρα
911 468 1078 537 φησὶν
1105 470 1134 520 ὁ
1165 471 1377 544 Σωτὴρ,
1425 494 1444 526 ι
1481 478 1595 532 Οὐκ
1623 476 1790 552 ἦλθον
1823 502 1960 540 κατα

366 549 539 588 Ἇῧηηο
581 552 865 588 adiuturum.
914 559 1047 588 nn.
1084 562 1367 588 4..-:2-“
1395 584 1407 588 _
1452 587 1457 588 ,
1497 571 1580 588 ,,,.
1615 572 1640 587 οι
1809 579 1855 588 ..

2064 491 2306 559 .prioris
2345 500 2589 555 mandati
2640 501 2746 559 fuit
2779 504 2896 561 haec
2954 510 3283 578 poscerioris
3343 514 3685 588 subrogatio.

364 549 541 604 λῦσαι
581 552 675 606 τὸν
698 555 886 624 νόμον,
912 559 1048 614 ἀλλὰ
1084 562 1408 636 πληρῶσαι;
1447 587 1465 618 ι
1492 571 1588 623 καὶ
1613 549 1715 637 ὅτι,
1752 593 1772 626 ‹
1809 579 1988 650 Προσ·

362 643 500 713 ήκει
539 651 878 717 προσκυνεῖν
919 651 1070 722 ἡμᾶς
1111 656 1171 709 ὲν
1208 659 1480 730 πνεύματι
1517 663 1616 716 καὶ
1643 643 1873 740 ἀληθεία
1912 671 1989 742 τῷ

357 733 493 804 Θεῷ
523 737 621 790 καὶ
657 741 836 812 Πατρί
861 758 875 807 ;
913 762 931 796 ι
975 745 1137 816 Δηλοῖ
1168 748 1297 821 γὰρ,
1325 747 1502 822 οἶμαι,
1533 759 1706 822 τουτὶ,
1736 733 1803 815 τὸ
1847 733 1986 817 ἁποέ

360 826 700 884 παύσασθαι
727 833 840 888 δεῖν
875 837 1024 907 ἡμᾶς
1071 839 1221 911 ἠθῶν
1266 845 1361 898 καὶ
1414 849 1674 919 λατρείας
1702 853 1804 924 τῆς
1843 857 1986 911 κατὰ
2019 903 2023 907 .

356 916 460 970 τὸν
492 919 688 990 νόμον.

443 1011 616 1067 ΚΥΡ.
683 1013 775 1079 Ὠς
801 1017 886 1081 είς
915 1018 1093 1075 πλατὺ
1127 1024 1462 1098 ζητημάτων
1490 1032 1676 1106 ἐξοίχῃ
1711 1037 1980 1110 πέλαγοςί

357 1102 533 1166 ﬂcio;
569 1104 684 1176 γὰρ
712 1106 781 1162 ἂν
808 1110 1065 1182 ἀρκέσειε
1093 1115 1240 1184 νοῦς,
1269 1121 1385 1185 τοῖς
1413 1122 1557 1178 οὕτω
1591 1102 1811 1194 λεπτοῖς
1847 1102 1983 1185 θεω-

360 1195 622 1266 ρὴμασιν
667 1199 979 1258 ἐνατενίσαι
1022 1205 1324 1282 λαμπρῶς,
1353 1212 1430 1279 ὡς
1470 1218 1585 1283 τοῖς
1620 1219 1788 1276 πάλαι
1828 1223 1982 1277 τεθε-

356 1288 702 1360 σπισμένοις
746 1293 834 1349 διὰ
860 1295 957 1350 τοῦ
997 1301 1275 1372 πανσόφου
1304 1305 1584 1375 Μωσέως,
1626 1312 1864 1386 ἀδελφὴν
1895 1311 1983 1371 οἷά

351 1397 475 1452 περ
508 1383 610 1435 καὶ
636 1384 880 1452 γείτονα,
911 1390 1008 1446 καὶ
1033 1391 1122 1448 διὰ
1147 1395 1256 1450 τῶν
1279 1398 1463 1455 αὐτῶν
1494 1403 1683 1459 ἰοῦσαν
1715 1383 1980 1481 πραγμά-

351 1489 496 1540 των,
526 1475 632 1549 τὴν
658 1477 789 1532 νέαν
818 1482 956 1553 ⁴ἡμῖν
990 1486 1256 1554 ἐπιδεῖξαι
1283 1491 1528 1564 Γραφὴν,
1565 1500 1658 1552 καὶ
1687 1475 1787 1572 τῆς
1823 1475 1978 1576 νομι-

351 1567 470 1635 κῆς
504 1568 796 1638 πολιτείας
819 1573 883 1627 οὐ
907 1576 1116 1649 σφόδρα
1143 1579 1513 1659 διῳκισμένην
1539 1589 1638 1660 τὴν
1664 1592 1723 1646 ὲν
1744 1567 1980 1668 ’Χριστῷ

348 1656 537 1728 ζωὴν,
573 1661 626 1713 εί
658 1662 797 1734 πρὸς
841 1664 1082 1739 θεωρίαν
1123 1671 1312 1740 ἄγοιτο
1357 1656 1878 1758 τὴν-πνευματικὴν
1910 1656 1978 1743 τὰ

345 1750 475 1811 τοῖς
507 1749 767 1820 ἀρχαίοις
803 1753 1164 1829 διωρισμένα.
1209 1764 1394 1832 Τύπος
1424 1770 1535 1842 γὰρ
1585 1775 1614 1826 ὁ
1642 1749 1834 1847 ’νόμος

346 1927 461 1993 ἔτι,
518 1936 621 1988 καὶ
668 1941 1174 2031 κεκρυμμένον
1225 1927 1392 2021 ἑαυτῇ
1445 1953 1503 2006 τὸ
1550 1955 1650 2025 τῆς
1714 1958 1974 2031 ἀληθείας

347 2021 566 2094 ἔχουσα
596 2027 814 2095 κάλλος.
856 2033 927 2086 Ἦ
959 2034 1059 2105 οὐχ
1092 2030 1196 2092 ὧδε
1235 2040 1383 2112 ἔχειν
1414 2044 1560 2115 ἐρεῖς
1600 2021 1737 2121 δπερ
1763 2021 1938 2123 ἔςξοηνς

417 2205 648 2264 ΠΑΔΛ.
697 2212 849 2269 Πάνυ
887 2217 1106 2284 μενοῦν.
1147 2222 1309 2278 Ἀλλὰ
1334 2225 1420 2290 τίς
1443 2227 1510 2282 ἂν
1535 2230 1750 2298 γένοιτο
1778 2235 1970 2290 τούτου

340 2300 380 2371 ἡ
413 2300 793 2377 διασάφησις;
823 2309 898 2362 Ἦ
927 2309 1014 2375 τίς
1043 2313 1072 2366 ὁ
1096 2314 1299 2387 τρόπος
1322 2318 1419 2372 τοῦ
1458 2320 1841 2381 πολιτεύεσθαι
1868 2329 1971 2398 μὲν

344 2393 758 2464 Εὐαγγελικῶς
783 2399 1021 2472 ὲξῆφθαι
1047 2403 1128 2459 ἔτι
1148 2406 1326 2462 δοκεῖν
1346 2411 1447 2482 τῆς
1465 2411 1702 2484 ἀρχαίας
1725 2393 1966 2491 ἐντολῆς,

343 2487 451 2542 καὶ
487 2489 746 2562 πληροῦν
773 2493 986 2550 οἴεσθαι
1012 2497 1084 2552 τὰ
1112 2499 1202 2554 διὰ
1237 2502 1516 2572 Μωσέως;

415 2670 594 2726 ΚΥΡ.
638 2673 756 2746 Οὐχ
795 2676 1006 2744 ἁπλοῦς
1050 2680 1080 2734 ὁ
1121 2681 1300 2753 λόγος,
1348 2685 1426 2750 ὡς
1466 2689 1532 2744 ἄν
1575 2708 1658 2756 τις
1702 2695 1962 2750 εἰκάσειε·

337 2764 541 2836 χρῆμα
582 2766 664 2832 δὲ,
703 2764 895 2840 οἶμαι,
938 2773 1032 2827 καὶ
1063 2775 1387 2848 πολυσχιδὲς
1417 2781 1514 2836 καὶ
1549 2784 1900 2858 πολύμορφον
1930 2789 1966 2862 ὴ

336 2855 544 2928 ἀρετή·
585 2858 681 2912 καὶ
705 2861 824 2932 τῆς
862 2863 922 2915 ὲν
953 2864 1176 2938 Χριστῷ
1217 2870 1497 2938 πολιτείας
1529 2874 1597 2929 τὰ
1635 2855 1964 2950 αῦχηιίατα,

335 2944 430 3000 διὰ
467 2948 742 3022 πλείστης
778 2953 912 3025 ὅσης
953 2957 1086 3028 ἡμῖν
1135 2959 1238 3030 τῆς
1271 2961 1647 3037 ἁγαθουργίας
1687 2944 1967 3028 ὲτκποικίλέ

338 3036 513 3095 λεται.
554 3043 670 3097 Καὶ
695 3043 828 3112 γοῦν
853 3048 883 3100 ὀ
914 3046 1207 3116 θεσπέσιος
1244 3054 1412 3110 Δαὸὶδ
1433 3036 1495 3110 ὲν
1532 3058 1734 3133 ψαλμῷ
1773 3063 1849 3135 τῷ
1879 3083 1967 3119 τε·

2097 597 2197 650 per
2223 587 2372 654 quod
2399 589 2512 646 Deo
2547 595 2933 665 conciliamur,
2973 615 3076 655 cur
3107 619 3240 675 ergo
3285 587 3537 663 Salvator
3586 611 3684 674 ait,

2102 692 2119 725 ε
2153 675 2277 733 Non
2336 681 2464 736 veni
2530 685 2745 743 solvere
2802 689 3004 762 legem,
3038 696 3135 750 sed
3175 697 3570 770 adimplere?»
3618 705 3688 758 Ει

2093 770 2228 827 illud
2255 772 2409 838 item,
2451 794 2468 826 ι
2491 775 2551 830 ln
2586 778 2784 848 spiritu
2821 792 2876 838 et
2908 786 3141 845 veritate
3163 790 3335 847 Deum
3373 808 3438 849 ac
3466 795 3682 852 Patrem

2091 876 2313 936 oportet
2345 868 2621 925 adorare?
2649 892 2666 924 ι
2706 873 2826 931 Hoc
2877 879 3048 946 enim,
3091 883 3198 938 nisi
3230 884 3410 951 fallor,
3467 888 3674 961 signiﬁ-

2089 967 2178 1014 cat
2202 975 2232 1015 a
2265 960 2466 1016 ritibus
2491 964 2754 1035 cultuque
2781 968 2917 1040 legis
2934 987 3056 1029 esse
3081 975 3242 1032 nobis
3267 960 3678 1040 abstinendum.

2158 1052 2317 1109 CYR.
2343 1054 2518 1122 Quam
2551 1069 2767 1114 vastum
2808 1065 3177 1132 quaastionum
3217 1072 3446 1144 pelagus
3492 1075 3681 1148 ingre-

2089 1143 2243 1198 deris
2274 1145 2286 1198 ί
2323 1143 2455 1212 Quae
2485 1147 2634 1203 enim
2682 1152 2886 1207 mentis
2922 1155 3008 1210 vis
3051 1164 3203 1214 tanta
3231 1143 3413 1230 potest
3456 1165 3513 1220 in
3541 1143 3680 1223 adeo

2088 1237 2324 1292 subtiles
2376 1237 2787 1310 disputationes
2816 1245 2951 1302 satis
2997 1248 3199 1305 claram
3250 1254 3425 1310 aciem
3490 1258 3677 1315 inten-

2086 1328 2244 1396 dere,
2284 1337 2344 1384 ut
2386 1330 2456 1386 iis
2489 1348 2614 1403 qua:
2642 1333 2776 1391 olim
2811 1352 2843 1392 a
2881 1339 3292 1409 sapientissimo
3331 1346 3514 1420 Moyse
3546 1367 3676 1406 san-

2085 1422 2192 1477 cita
2231 1432 2383 1490 sunt,
2413 1431 2677 1496 tanquam
2730 1440 3016 1501 cognatam
3073 1449 3137 1490 ac
3169 1438 3479 1506 proximam
3531 1459 3673 1507 esse,

2085 1513 2141 1568 in
2207 1514 2518 1587 iisdemque
2582 1521 2799 1575 verSari
2865 1523 3034 1579 rebus
3090 1542 3293 1584 novam
3330 1530 3675 1602 Scripturam

2081 1609 2360 1675 ostendat,
2426 1626 2662 1682 esseque
2716 1613 2886 1670 vitam
2923 1617 2980 1672 in
3009 1617 3236 1677 Christo
3267 1639 3377 1679 non
3431 1625 3593 1698 longe
3645 1645 3675 1683 a

2080 1699 2240 1770 legali
2271 1700 2628 1772 disjunctam,
2650 1705 2696 1759 si
2722 1721 2844 1776 quae
2868 1711 3155 1767 veteribus
3177 1716 3499 1788 praescripta
3522 1729 3672 1782 sunt,

1881 1780 1976 1833 καὶ
2010 1842 2048 1869 η
2081 1789 2148 1845 ad
2179 1791 2531 1862 spiritualem
2573 1799 3097 1869 contemplationem
3130 1780 3530 1865 traducantur:
3584 1811 3673 1866 lcx

349 1838 513 1929 σκιὰ,
560 1842 658 1896 καὶ
685 1844 786 1915 τῆς
817 1847 1106 1916 εὐσεϐείας
1150 1838 1514 1929 ἡμόρςρωσις
1558 1863 1635 1928 ὡς
1682 1838 1747 1919 ἐν.
1786 1838 1974 1923 ιθδῖσιν
2010 1842 2050 1897 Β

2078 1897 2317 1954 namque
2357 1885 2531 1958 ﬁgura
2571 1896 2628 1944 et
2652 1891 2848 1948 umbra
2877 1903 2984 1962 est,
3017 1905 3072 1952 et
3102 1897 3278 1955 forma
3299 1901 3522 1972 pietatis
3547 1912 3670 1958 tan-

2077 1989 2241 2044 quam
2272 1977 2456 2033 adhuc
2478 1983 2820 2050 parturiens,
2855 1995 2912 2042 et
2941 1988 3204 2045 latentem
3231 1991 3288 2046 in
3328 2008 3387 2049 se
3416 1996 3668 2064 pulchri-

2077 2063 2326 2120 tudinem
2377 2069 2632 2125 veritatis
2675 2073 2986 2131 continens.
3018 2077 3100 2132 An
3139 2094 3250 2134 non
3284 2081 3381 2149 ita,
3419 2063 3481 2139 ut
3528 2084 3667 2153 dixi,

2076 2171 2192 2211 rem
2225 2173 2285 2212 se
2308 2158 2516 2216 habere
2542 2161 2737 2219 dices?

2144 2249 2344 2305 PALL.
2385 2251 2466 2308 Ita
2521 2270 2772 2325 prorsus.
2829 2257 3104 2316 Caeterum
3158 2279 3398 2333 quanam
3449 2269 3666 2325 ratione

2073 2337 2192 2394 haec
2221 2339 2493 2398 declarari
2522 2350 2826 2416 poterunt?
2858 2350 2968 2405 Aut
3017 2355 3296 2422 quomodo
3343 2359 3666 2429 evangelica

2073 2428 2345 2499 vivamus,
2399 2434 2448 2490 si
2508 2453 2610 2492 nos
2666 2440 2849 2496 adhuc
2887 2441 2956 2498 de
2994 2445 3172 2500 veteri
3222 2448 3482 2504 mandato
3523 2467 3664 2522 pen-

2071 2515 2224 2583 dere,
2264 2531 2321 2576 et
2357 2521 2414 2596 ἀ.
2441 2540 2506 2580 ea
2545 2527 2824 2598 implenda
2859 2539 3118 2600 putemus
3147 2549 3271 2604 qua:
3296 2550 3398 2606 per
3436 2515 3664 2611 Movsen

2071 2612 2280 2668 sancita
2311 2616 2474 2670 sunt?

2139 2703 2301 2762 CYR.
2358 2707 2481 2764 Non
2511 2709 2747 2782 simplex
2790 2722 2848 2768 et
2891 2729 2999 2770 una
3042 2717 3184 2772 ratio
3226 2726 3332 2785 est,
3362 2728 3424 2775 ut
3460 2721 3665 2792 aliquis

2070 2795 2360 2868 imaginari
2393 2799 2604 2869 possit;
2652 2801 2944 2874 multiplex
3003 2806 3152 2860 enim
3197 2822 3261 2862 ac
3307 2809 3663 2868 multiformis

2069 2904 2162 2945 res
2195 2897 2282 2945 est
2321 2891 2546 2959 virtus;
2600 2900 2659 2947 et
2701 2891 3033 2952 Christianae
3087 2898 3217 2954 vitae
3272 2900 3446 2971 gloria
3493 2919 3660 2973 quam

2066 2982 2326 3052 plurimis
2357 2982 2521 3039 bonis
2546 2985 2812 3056 operibus
2843 2988 3162 3060 variegatur
3187 2999 3244 3046 et
3271 3001 3525 3049 ornatur.
3555 2995 3660 3050 Ita-

2067 3090 2176 3145 que
2216 3075 2441 3132 divinus
2475 3078 2569 3133 ille
2593 3078 2770 3134 David
2795 3081 3008 3151 psalmo
3036 3082 3463 3155 quadragesimo
3489 3103 3658 3158 quar-
3743 3105 3748 3112 '

337 3128 530 3202 τάρτῳ
557 3134 658 3186 καὶ
683 3139 1112 3211 τεσσαρακοστῷ
1146 3142 1447 3217 παρίστησι
1477 3128 1578 3217 μὲν
1601 3128 1680 3221 et?)
1705 3128 1951 3226 ριστῷ,

346 3221 623 3251 --.Δλ.-,..
650 3225 827 3251 1.---.3.-.
886 3228 923 3251 -0.
942 3248 959 3251 _
992 3231 1047 3251 1,.
1079 3250 1092 3251 γ
1121 3233 1173 3251 ρι-
1254 3235 1279 3251 n
1381 3237 1398 3251 ς
1421 3238 1464 3251 ..ι
1626 3242 1636 3251 .
1725 3245 1781 3251 --
1857 3247 1870 3251 -

2225 3128 2248 3130 _,
2476 3128 2566 3133 --η
2595 3128 2770 3134 ηπ,
2797 3128 3004 3151 rm-.-
3039 3128 3462 3155 .,.._.....gw....v
3489 3128 3640 3158 qu-..

2069 3172 2146 3229 to,
2183 3164 2407 3221 Christo
2455 3167 2729 3238 virginem
2773 3179 2982 3226 castam
3039 3181 3220 3228 astare
3277 3174 3410 3230 facit
3469 3178 3659 3234 Eccle-

346 3221 623 3293 παρθένον
647 3225 850 3299 ἁγνὴν,
882 3228 959 3292 ὡς
989 3231 1048 3285 ἐν
1070 3233 1224 3299 τάξει
1251 3235 1545 3307 βασιλίδος,
1585 3242 1686 3314 τὴν
1725 3221 1954 3319 Ἐκκλη-

350 3313 496 3380 σίαν,
529 3316 877 3391 περίχρυσον
913 3322 972 3376 δὲ
1010 3324 1151 3397 αὐτῇ
1185 3328 1282 3382 καὶ
1327 3313 1766 3407 πεποικιλμένην
1808 3313 1964 3411 περι-

341 3406 530 3480 τίθησι
575 3411 799 3484 στολὴν,
845 3413 990 3468 οὕτω
1031 3415 1230 3487 λέγων’
1261 3436 1282 3471 ε
1315 3421 1571 3494 Παρέστη
1602 3426 1636 3496 ὴ
1671 3406 1962 3495 βασίλισσα

333 3500 402 3554 ἐκ
447 3500 644 3567 δεξὶῶν
678 3521 776 3556 σου
797 3544 813 3569 ,
846 3505 905 3559 ὲν
938 3506 1223 3581 ἱματισμῷ
1269 3511 1550 3585 διαχρύσῳ
1590 3517 1960 3592 περιδεῶςημο

334 3592 477 3663 μένη
509 3595 608 3646 καὶ
642 3595 1072 3667 πεποικιλμένη.
1110 3618 1128 3651 ι
1165 3599 1272 3654 Τοῦ
1301 3603 1400 3672 μὲν
1427 3604 1744 3677 διαχρύσου,
1774 3610 1836 3663 τὸ
1873 3612 1958 3666 ἕνα

328 3697 496 3752 τιμον
528 3684 630 3736 καὶ
657 3687 985 3758 περιφανὲς,
1016 3689 1270 3762 καθάπερ
1297 3693 1535 3765 ἐγῷμαι,
1564 3697 1659 3751 τοῦ
1692 3698 1748 3753 δὲ
1781 3704 1958 3757 ποικί-

327 3773 451 3841 λου,
479 3774 550 3828 τὸ
602 3775 890 3843 πολυειδὲς
933 3779 1034 3852 τῆς
1077 3781 1283 3854 ἀρετῆς
1316 3781 1376 3840 εὖ
1415 3787 1562 3858 μάλα
1608 3795 1955 3866 κατασημαίι

326 3880 544 3928 νοντας.
595 3865 1037 3942 Εὐπρεπεστάτη
1081 3873 1192 3946 γὰρ
1234 3874 1356 3930 λίαν
1401 3878 1435 3949 ἠ
1495 3865 1817 3953 Ἐκκλησία,
1853 3886 1946 3938 x6-

329 3971 478 4028 σμον
497 3955 711 4030 ἔχουσα
739 3961 834 4016 τὸν
864 3964 1160 4035 νοητὸν,ξού
1186 3970 1301 4034 τοῖς
1322 3969 1423 4041 τῆς
1443 3973 1647 4044 σαρκὸς
1673 3975 1950 4048 ὁρώμενον

324 4047 664 4121 ὀφθαλμοῖς,
692 4051 811 4107 ἀλλ’
837 4055 920 4118 είς
945 4055 1072 4111 νοῦν
1102 4057 1212 4112 ἔσω
1238 4061 1333 4114 καί⁹
1361 4064 1614 4134 καρδίαν,
1653 4047 1746 4121 τὸν
1784 4047 1843 4124 ἐν
1871 4071 1950 4144 τῷ

324 4142 567 4214 κρυπτῷ
588 4143 884 4217 νοούμενον
917 4148 1190 4215 Ἰουδαῖον,
1223 4152 1312 4209 διὰ
1349 4155 1618 4212 πλείστων
1644 4161 1778 4232 ἡμῖν
1807 4142 1949 4217 ὅσων

323 4235 640 4306 ὠραϊσμῶν
673 4238 857 4308 εὐφυᾶ
897 4241 993 4295 καὶ
1018 4240 1298 4316 ἐξαίρετον
1327 4247 1561 4314 ἀστείως
1593 4251 1944 4321 ἐπιφαίνοντα.

333 4327 431 4391 Ὠς
460 4327 576 4400 γὰρ
621 4330 650 4382 ὁ
683 4331 957 4403 μακάριος
984 4336 1186 4404 γράφει
1220 4337 1433 4403 Παῦλος
1455 4357 1468 4372 ·
1512 4361 1529 4395 ι
1573 4343 1648 4396 Οὐ
1681 4344 1792 4417 γὰρ
1823 4349 1852 4400 ὁ
1885 4348 1944 4401 ἐν

320 4418 405 4490 τῷ
441 4419 673 4490 φανερῷ
699 4421 978 4486 ,Ἰουδαῖός
1019 4425 1189 4492 ἐστιν,
1218 4426 1343 4481 οὔτε
1377 4430 1484 4502 μὴν
1510 4432 1569 4485 ἐν
1614 4434 1694 4505 τῷ
1725 4437 1944 4510 φανερῷ

2066 3258 2254 3314 siam:
2299 3261 2497 3315 stolam
2532 3276 2666 3316 vero
2711 3262 2792 3316 illi
2853 3263 3174 3321 deauratam
3232 3275 3288 3323 et
3321 3270 3655 3341 variegatam

2066 3350 2459 3424 circumponit,
2494 3353 2570 3408 ita
2591 3353 2818 3410 dicens:
2862 3374 2880 3406 ι
2913 3356 3106 3412 Astitit
3135 3360 3326 3430 regina
3373 3377 3404 3416 a
3445 3361 3652 3418 dextris

2067 3439 2175 3494 tuis
2223 3439 2280 3495 in
2315 3440 2523 3497 vestitu
2566 3441 2856 3509 deaurato,
2906 3445 3330 3504 circumamicta
3373 3457 3430 3504 et
3467 3451 3637 3506 varie-

2062 3540 2186 3600 gata
2221 3532 2261 3585 θ.
2291 3551 2309 3583 ›
2345 3531 2449 3588 Ubi
2497 3533 2753 3590 deaurati
2782 3537 3078 3604 vocabulo,
3131 3540 3394 3610 splendor
3435 3551 3492 3598 et
3524 3560 3642 3615 prc-

2063 3621 2201 3676 tium
2228 3641 2240 3675 :
2268 3624 2406 3678 varii
2427 3633 2612 3680 autem
2640 3627 2886 3694 nomine,
2914 3629 3140 3686 virtutis
3168 3633 3408 3690 varietas
3423 3636 3649 3706 optime,

2060 3720 2122 3767 ut
2178 3714 2399 3784 opinor,
2457 3716 2825 3788 significatur.
2879 3720 3298 3792 Speciosissima
3354 3727 3504 3782 enim
3569 3740 3658 3786 est

2058 3805 2285 3861 omnino
2314 3806 2581 3874 Ecclesia,
2621 3818 2880 3866 ornatum
2905 3812 3116 3871 habens
3150 3817 3519 3887 spiritualem,
3553 3822 3651 3891 qui

2054 3910 2168 3950 non
2196 3897 2378 3952 carnis
2404 3899 2582 3955 oculis
2607 3902 2879 3970 cernitur,
2905 3905 3002 3960 sed
3025 3906 3082 3961 in
3113 3917 3300 3965 mente
3321 3921 3378 3966 et
3396 3911 3454 3966 in
3481 3912 3650 3968 corde

2054 3986 2289 4055 positus,
2321 3987 2496 4055 illum,
2534 3991 2630 4060 qui
2655 3991 2712 4046 in
2751 3995 2970 4051 occulto
2993 3997 3348 4070 intelligitur,
3395 4001 3650 4059 Judaeum

2053 4079 2310 4149 plurimis
2348 4083 2692 4139 ornamentis
2735 4085 3010 4158 insignem
3063 4097 3228 4160 atque
3283 4094 3648 4164 conspicuum

2050 4171 2188 4228 scite
2215 4173 2378 4229 nobis
2398 4176 2661 4230 ostendit.
2690 4177 2826 4231 Nam
2855 4186 2918 4234 ut
2951 4180 3147 4237 beatus
3175 4184 3383 4240 Paulus
3406 4188 3601 4242 scribit
3630 4209 3642 4243 :

2058 4281 2078 4314 ι
2111 4261 2234 4318 Non
2260 4264 2356 4335 qui
2389 4265 2447 4320 in
2473 4266 2798 4334 manifesto,
2828 4268 3050 4327 Judaaus
3074 4282 3190 4340 est,
3222 4291 3406 4347 neque
3433 4295 3556 4350 qua)
3588 4281 3640 4336 in

2048 4354 2344 4412 manifesto
2368 4357 2426 4412 in
2452 4373 2642 4425 carne,
2669 4367 2754 4415 est
2771 4361 3148 4430 circumcisio,
3171 4367 3268 4422 sed
3299 4370 3395 4439 qui
3427 4372 3483 4426 in
3513 4372 3644 4428 abs-

2047 4447 2292 4514 condito,
2334 4449 2560 4506 Iudaeus
2582 4460 2688 4519 est,
2729 4461 2787 4509 et
2819 4455 3175 4514 circumcisio
3208 4463 3396 4518 cordis
3441 4463 3499 4520 in
3524 4467 3641 4537 spi-

317 4513 383 4565 ὲν
415 4512 594 4583 σαρκὶ
625 4514 934 4587 περιτομὴ,
960 4516 1077 4570 ἀλλ’
1101 4521 1130 4572 ὁ
1152 4520 1213 4573 ὲν
1241 4520 1320 4590 τῷ
1360 4523 1613 4596 κρυπτῷ,
1654 4526 1910 4593 Ἰουδαῖος
1928 4571 1942 4594 ,

2281 4512 2287 4514 _
2675 4512 2685 4519 .
3103 4512 3111 4513 κ
3151 4512 3164 4514 -
3215 4512 3394 4518 -ν--η
3443 4512 3606 4537 νιν-

2064 4542 2185 4608 ritu,
2210 4558 2324 4598 non
2353 4543 2561 4612 littera,
2594 4548 2756 4620 cujus
2777 4549 2898 4605 laus
2927 4567 3039 4608 non
3069 4569 3140 4608 ex
3162 4553 3506 4627 hominibus,
3540 4561 3639 4616 sed

317 4603 421 4657 καὶ
454 4605 738 4676 περιτομὴ
769 4608 1022 4680 καρδίας,
1054 4611 1112 4664 ἐν
1142 4612 1416 4684 πνεύματι
1442 4618 1503 4670 οὑ
1533 4620 1844 4693 γράμματι,
1879 4617 1941 4678 οὗ

312 4695 346 4748 δ
375 4695 613 4760 ἔπαινος
635 4697 738 4751 οὐκ
764 4696 825 4764 ἐξ
859 4701 1187 4774 ἀνθρώπων,
1221 4706 1338 4759 ἀλλ’
1369 4709 1435 4762 ἐκ
1460 4710 1554 4763 τοῦ
1584 4713 1736 4767 Θεοῦ.
1773 4735 1790 4768 ι

388 4787 618 4842 ΠΔΛΛ.
647 4783 779 4860 Ἆρ’
808 4784 923 4855 οὖν,
953 4792 1076 4846 είπέ
1120 4811 1240 4866 μοι,
1268 4797 1367 4868 τῆς
1394 4800 1452 4852 ἐν
1481 4800 1756 4872 πνεύματι
1785 4823 1939 4876 περι-

310 4879 500 4950 τομῆς
545 4880 1086 4955 είσκεκομισμένης,
1139 4887 1235 4940 καὶ
1277 4887 1480 4943 θυσιῶν
1525 4893 1633 4946 τῶν
1664 4897 1807 4950 κατὰ
1844 4898 1938 4952 τὸν

309 4970 490 5043 νόμον
517 4972 1050 5045 ἀνατετραμμένων,
1093 4979 1186 5030 καὶ
1224 4978 1388 5034 τόπον
1415 4983 1608 5038 οὐδένα
1640 4987 1769 5059 παρ’
1802 4991 1936 5060 ἡμῖν

308 5059 560 5134 ἐχούσης
586 5063 692 5133 τῆς
719 5065 1016 5133 πολιτείας,
1051 5069 1154 5122 οὐκ
1186 5070 1452 5127 ἀπίθανόν
1479 5092 1595 5141 πως
1621 5077 1762 5133 εἶναι
1787 5059 1936 5136 δοκεῖ

303 5155 369 5208 τὺ
402 5154 586 5224 φάναι
609 5157 871 5227 Χριστὸν,
905 5177 924 5211 ι
963 5161 1078 5213 Οὐκ
1102 5157 1268 5235 ἦλθον
1299 5165 1602 5223 καταλῦσαι
1628 5170 1719 5224 τὸν
1745 5171 1932 5243 νόμον,

301 5247 454 5302 ἀλλὰ
490 5248 821 5320 πληρῶσαις
853 5270 874 5303 ι
923 5253 996 5306 Ἦ
1026 5254 1187 5327 εἰπερ
1225 5257 1324 5328 οὐχ
1351 5253 1454 5313 ὦδε
1489 5259 1622 5333 ἔχει,
1670 5264 1934 5320 διακωλύι

302 5355 462 5392 σειεν
502 5338 574 5394 ἂν
611 5336 766 5412 οἶμαί
795 5360 900 5397 που
940 5345 1036 5398 καὶ
1069 5347 1220 5418 ἡμᾶς
1249 5349 1424 5418 οὐδὲν,
1477 5352 1790 5424 βουθυσίαις
1831 5360 1932 5428 μὲν

300 5431 404 5483 καὶ
435 5429 768 5496 λιϐανωτοῖς
813 5433 909 5488 τὸν
954 5428 1257 5493 τῶνὸλων
1297 5443 1726 5516 καταγεραίρειν
1769 5447 1926 5516 Θεὸν,

301 5519 720 5591 προσ-κομίζειν
743 5523 802 5577 δὲ
831 5525 984 5597 αὐτῷ
1007 5529 1277 5599 τρυγόνας
1312 5533 1406 5587 καὶ
1436 5538 1803 5612 περιστερὰς,
1834 5542 1928 5596 καὶ

298 5615 356 5666 εί
375 5632 436 5667 τι
461 5612 603 5684 δρᾷν
632 5613 822 5687 ἕτερον
848 5620 962 5683 τοῖς
985 5621 1366 5695 ἀρχαιοτέροις
1396 5627 1730 5699 νενόμισται,
1766 5633 1924 5688 τοῦτο

297 5705 396 5757 καὶ
426 5705 587 5774 ἡμᾶς
614 5705 816 5770 αὐτοὺς
843 5709 1164 5779 ἐπείγεσθαι
1194 5714 1459 5787 πληροῦν.

371 5815 564 5873 'Psal.
608 5834 755 5884 xuv,
810 5821 898 5876 10.
978 5825 1185 5882 ⁸Βοηι.
1237 5845 1296 5890 n,
1328 5831 1419 5896 28,
1471 5835 1555 5891 29.

637 5910 913 5974 PATROL.
961 5917 1078 5979 Gn.
1120 5919 1380 5983 LXVIII.

2044 4630 2113 4687 ex'
2141 4633 2256 4688 Deo
2283 4641 2372 4689 est
2394 4636 2436 4688 '.
2460 4654 2479 4688 ι

2111 4822 2310 4878 PALL.
2345 4823 2444 4880 Dic
2482 4826 2620 4882 mihi
2653 4828 2842 4900 igitur,
2869 4831 2916 4887 si
2950 4832 3304 4896 circumcisio
3336 4839 3393 4894 in
3425 4842 3629 4913 spiritu

2041 4911 2358 4970 introducta
2383 4923 2487 4981 est,
2519 4925 2577 4972 et
2612 4918 2809 4976 hostiae
2835 4921 3038 4994 legales
3063 4926 3314 4995 sublatae,
3342 4911 3629 4989 etnullum

2039 5004 2188 5075 apud
2215 5021 2320 5062 nos
2334 5007 2519 5063 locum
2538 5009 2708 5067 habet
2726 5012 2816 5068 illa
2831 5013 3062 5072 Judaica
3081 5019 3306 5076 vivendi
3336 5024 3499 5088 ratio,
3524 5042 3592 5081 an
3607 5058 3624 5068 -

2037 5111 2147 5150 non
2159 5095 2463 5153 absurdum
2480 5115 2600 5156 esse
2616 5103 3026 5174 quodammodo
3041 5109 3282 5176 videtur,
3302 5115 3448 5182 quod
3462 5113 3613 5172 (mri-

2035 5194 2154 5241 stus
2179 5189 2277 5254 ait,
2305 5208 2322 5240 ι
2346 5189 2468 5246 Non
2482 5193 2610 5247 veni
2633 5195 2848 5251 solvere
2873 5197 3072 5268 legem,
3106 5201 3202 5256 sed
3223 5202 3565 5277 adimplere?
3599 5231 3616 5262 ι

2032 5279 2202 5335 Autsi
2220 5282 2382 5338 aliter
2403 5299 2462 5339 se
2486 5301 2576 5341 res
2595 5287 2786 5354 habet,
2810 5289 3202 5362 nihil,opinor,
3224 5295 3622 5367 impedimento

2033 5375 2196 5431 nobis
2233 5379 2364 5445 erit,
2385 5382 2688 5451 quominus
2742 5391 3029 5442 taurorum
3065 5391 3316 5450 victimis
3366 5411 3431 5453 ac
3457 5399 3620 5456 thure

2031 5466 2204 5521 Deum
2220 5483 2577 5538 veneremur,
2599 5481 2952 5546 turturesque
2974 5494 3037 5534 ac
3054 5481 3337 5541 columbas
3354 5487 3405 5543 ei
3426 5489 3618 5545 oﬂ‘era-

2031 5572 2183 5625 mus;
2207 5559 2447 5632 denique
2464 5563 2737 5635 quidquid
2751 5567 2951 5637 priscis
2969 5569 3078 5629 illis
3100 5571 3424 5634 hominibus
3445 5579 3618 5638 facere

2030 5647 2200 5704 moris
2227 5649 2352 5720 fuit,
2390 5653 2446 5708 id
2479 5669 2582 5710 nos
2607 5656 2710 5726 ipsi
2751 5673 2973 5731 quoque
3006 5663 3242 5736 implere
3270 5668 3615 5730 studeamus.

3225 5963 3258 6021 5
