4172 6522
538 360 640 419 4.59
744 317 761 331 ’

1523 362 1579 418 S.
1618 363 1895 418 CYRILLI
1934 362 2403 421 ALEXANDRINI
2442 363 2762 420 ARCHIEP.

3700 360 3799 427 ΗΟ

606 473 763 531 CVR.
788 474 957 544 Atqui
989 474 1305 545 longissime
1345 491 1377 530 a
1404 484 1560 531 recto
1613 477 1860 543 aberras,
1902 480 2108 534 amice:

2286 478 2447 533 ΚΥΡ.
2504 480 2613 534 Kal.
2655 479 2785 548 μὴν,
2825 470 2871 530 ὣ
2915 480 3134 548 ἑταῖρε,
3182 476 3318 531 πολὺ
3356 477 3451 532 τοῦ
3494 481 3796 549 πρέποντος

540 580 663 620 nam
697 564 773 619 ita
807 564 1067 620 abolitam
1094 580 1218 626 esse
1248 565 1421 636 legem
1465 575 1647 637 putas,
1704 576 1767 622 ut
1795 569 2007 623 nullum
2045 585 2114 624 ex

538 674 604 714 ea
642 656 883 713 fructum
906 656 1193 727 percipere
1220 656 1404 722 liceat,
1430 663 1488 711 et
1511 656 1766 712 inutilem
1801 674 1924 715 esse
1953 675 2112 730 pror-

538 766 636 806 sus
661 750 730 804 ad
759 763 1146 819 quamcunque
1170 756 1385 818 partem
1436 762 1623 802 rerum
1678 750 2114 805 necessariarum

540 841 925 897 declarandam
951 840 1256 903 existimas,
1292 853 1404 893 non
1440 854 1906 901 conversamesse
1930 840 2116 909 potius

539 932 606 989 ad
638 933 931 989 veritatem
972 922 1483 996 demonstrandam,
1515 945 1643 985 cum
1680 930 1884 1000 alioqui
1912 930 2117 986 scribat

540 1026 732 1079 beatus
759 1023 964 1079 Paulus
994 1040 1007 1076 :
1046 1041 1065 1074 ι
1094 1022 1297 1094 Legem
1326 1022 1496 1093 igitur
1549 1021 1889 1077 destruimus
1922 1037 2021 1092 per
2047 1021 2113 1076 ﬁ-

540 1118 664 1171 dem
687 1116 871 1171 ?absit
898 1116 913 1170 l
954 1113 1062 1170 Sed
1110 1114 1286 1184 legem
1319 1113 1369 1184 5
1399 1114 1692 1169 statuimus
1710 1115 1776 1167 ¹⁶.
1802 1133 1820 1164 ι
1855 1112 2114 1183 Paedago-

539 1224 641 1279 gus
676 1208 824 1263 enim
857 1215 943 1262 est
978 1206 1087 1272 lex,
1130 1213 1295 1276 atque
1326 1206 1533 1276 optime
1560 1204 1814 1275 perducit
1854 1203 1924 1258 ad
1951 1202 2114 1259 Chri-

541 1300 611 1355 sti
652 1296 981 1371 mysterium
1015 1297 1079 1350 “.
1111 1298 1210 1351 llla
1247 1312 1382 1352 vero
1403 1335 1417 1360 ,
1450 1311 1573 1365 quin
1607 1296 1739 1350 olim
1760 1311 1862 1365 per
1893 1294 2113 1365 Moysen

542 1399 673 1446 sunt
699 1389 899 1461 priscis
920 1388 1243 1444 hominibus
1265 1387 1467 1452 edicta,
1492 1387 1767 1442 elementa
1816 1402 1938 1443 esse
1971 1386 2112 1442 dici-

542 1498 667 1537 mus
693 1483 912 1539 exordii
938 1497 1254 1538 sermonum
1311 1482 1412 1537 Dei
1437 1482 1505 1535 ".
1532 1481 1709 1552 Igitur
1757 1481 1804 1538 si
1848 1481 2113 1553 paedago-

540 1588 671 1643 gum
699 1575 1088 1646 repulerimus,
1131 1574 1257 1644 quis
1291 1588 1395 1628 nos
1432 1572 1501 1627 ad
1540 1572 1749 1629 Christi
1790 1574 2111 1646 mysterium

542 1663 847 1732 perducet?
891 1663 960 1730 Et
1004 1664 1051 1719 si
1085 1663 1530 1719 recusaverimus
1562 1655 1793 1719 'discere
1841 1664 2113 1719 elementa

543 1754 683 1808 initii
718 1753 1197 1819 sermonum'Dei,
1228 1753 1505 1824 quomodo
1530 1753 1791 1825 deinceps
1828 1762 1925 1809 aut
1967 1754 2114 1808 unde

2216 570 2527 642 ἁποκομίζῃ
2557 570 2795 643 μακράνσ
2819 569 3225 641 ἀνατετράφθαι
3249 569 3358 642 γάρ
3378 572 3479 624 οίει
3499 570 3590 624 τδν
3614 572 3799 644 νόμον,

2214 662 2291 724 ὡς
2337 661 2489 714 οὐδὲν
2527 658 2846 715 ἀπώνασθαι
2895 659 2995 730 μὲν
3038 658 3147 713 τῶν
3191 659 3395 723 αὑτοῦ,
3437 660 3534 716 καὶ
3578 660 3801 733 ἀχρεῖον

2214 752 2406 822 ἔχοντα
2431 750 2710 813 παντελῶς
2736 751 2838 821 τὴν
2862 753 2943 814 είς
2988 752 3096 804 πᾶν
3123 750 3304 803 ὁτιοῦν
3337 751 3447 805 τῶν
3485 754 3800 823 ἀναγκαίων

2178 906 2181 907 ν
2213 842 2463 914 δήλωσιν,
2492 843 2613 913 οὐχὶ
2655 841 3096 914 μετατετράφθαι
3127 842 3328 912 μᾶλλον
3359 843 3522 898 αὑτὸν
3550 847 3631 908 είς
3661 844 3798 917 ἀλη-
3862 844 3868 879 έ

2215 930 2363 995 θείας
2390 932 2636 999 ἔνδειξιν,
2661 931 2837 984 καίτοι
2874 930 2967 984 τοῦ
3010 931 3280 1002 μακαρίου
3308 932 3612 1004 γράφοντος
3646 933 3798 988 Παύ-

2213 1016 2328 1071 λου·
2387 1037 2406 1072 ι
2463 1019 2648 1089 Νόμον
2703 1016 2796 1073 οὖν
2847 1018 3234 1091 καταργοῦμεν
3277 1020 3367 1075 διά
3408 1022 3673 1089 πίστεως;
3723 1025 3798 1095 μὴ

2213 1107 2466 1176 γένοιτοῐ
2510 1107 2646 1163 ἀλλά
2688 1109 2851 1180 νόμον
2898 1109 3211 1180 ἱστάνομεν.
3242 1130 3262 1164 ι
3312 1110 3656 1183 Παιδαγωγεῖ
3691 1115 3800 1186 γὰρ

2213 1202 2241 1253 ὁ
2270 1199 2455 1269 νόμος,
2486 1199 2582 1253 καὶ
2604 1200 2871 1272 ἀποφέρει
2898 1200 3077 1266 καλῶς
3108 1203 3189 1266 εἰς
3212 1203 3272 1255 τὸ
3296 1203 3392 1255 ἐπὶ
3432 1203 3652 1276 Χριστῷ
3700 1224 3801 1277 μυ-

2217 1292 2457 1362 στήριον.
2505 1288 2656 1346 Εἶναι
2686 1292 2744 1346 δέ
2764 1309 2944 1364 φαμεν
2986 1293 3055 1347 τά
3099 1293 3267 1348 πάλαι
3292 1294 3378 1349 διὰ
3405 1296 3650 1361 Μωσέως
3686 1298 3799 1362 τοῖς

2214 1382 2587 1455 ἀρχαιοτέροις
2608 1384 3034 1454 τεθεσπισμένα,
3067 1389 3312 1458 στοιχεῖα
3353 1387 3454 1457 τῆς
3484 1388 3665 1459 ἀρχῆς
3691 1389 3801 1443 τῶν

2213 1473 2386 1542 λόγων
2410 1474 2505 1529 τοῦ
2530 1474 2687 1529 Θεοῦ.
2719 1475 2782 1528 Εί
2815 1476 2872 1529 δὲ
2905 1476 3275 1547 παρωσόμεθα
3304 1477 3394 1530 τὸν
3426 1478 3796 1547 παιδαγωγὸν,

2212 1565 2296 1628 τίς
2322 1567 2469 1637 ἡμᾶς
2508 1565 2588 1620 ἔτι
2621 1565 2897 1638 διακομιεῖ
2931 1568 3069 1639 πρὸς
3095 1569 3157 1621 τὸ
3182 1568 3419 1640 Χριστοῦ
3463 1570 3796 1641 μυστήριονς

2215 1657 2325 1710 Kal.
2346 1658 2395 1711 εί
2422 1659 2820 1729 παραιτοίμεθα
2842 1659 2904 1713 τὸ
2927 1661 3119 1731 μαθεῖν
3141 1659 3213 1713 τά
3246 1664 3486 1730 στοιχεῖα
3504 1661 3601 1731 τῆς
3622 1661 3800 1733 ἀρχῆς

2215 1747 2321 1800 τῶν
2345 1748 2541 1819 λογίων
2582 1749 2677 1804 τοῦ
2729 1751 2885 1813 Θεοῦ,
2929 1750 3048 1815 πῶς
3089 1753 3152 1806 ἂν
3195 1751 3278 1805 ἐτι
3322 1752 3526 1817 λοιπὸν,
3568 1752 3602 1824 ἢ
3636 1753 3800 1807 πόθεν

541 1843 831 1914 pervenire
857 1842 924 1899 ad
956 1844 1119 1899 ﬁnem
1144 1843 1447 1913 poterimus
1472 1842 1496 1896 ?
1534 1841 1616 1897 An
1647 1857 1758 1897 non
1779 1841 1927 1896 enim
1956 1842 2111 1913 juxta

2212 1839 2515 1911 ἀφιξόμεθα
2543 1842 2680 1915 πρὸς
2709 1842 2770 1896 τὸ
2797 1842 2982 1910 τέλος;
3013 1843 3087 1895 Ἣ
3111 1843 3221 1915 γὰρ
3250 1844 3311 1897 οὐ
3342 1843 3485 1898 κατά
3511 1843 3612 1907 τὰς
3654 1844 3798 1914 Γρα-

544 1936 858 2007 Scripturas
925 1934 1213 2007 plenitudo
1269 1934 1408 2004 legis
1466 1942 1524 1988 et
1577 1933 1972 2004 prophetarum
2032 1941 2111 1988 est

2220 1931 2325 1999 φὰς
2349 1931 2623 2004 πλήρωμα
2653 1932 2817 2004 νόμου
2843 1934 2938 1988 καὶ
2969 1933 3262 2006 προφητῶν
3294 1936 3323 1988 ὁ
3356 1935 3619 2005 Χριστὸςς

540 2027 790 2083 Christus
818 2028 859 2059 ’³
882 2028 906 2081 ?

610 2120 806 2174 PALL.
856 2118 1055 2174 Etiam.
1554 2200 1555 2203 η

609 2206 765 2263 CYR.
803 2206 893 2262 Sic
917 2208 1066 2262 enim
1096 2205 1364 2278 scriptum
1396 2212 1501 2260 est.
1548 2204 1684 2260 Esse
1742 2214 1928 2260 autem
1957 2202 2113 2260 illum

539 2297 673 2367 legis
710 2312 773 2352 ac
799 2298 1194 2368 prophetarum
1220 2295 1623 2366 plenitudinem
1653 2310 1718 2349 ea
1764 2295 1976 2350 ratione
2008 2311 2113 2366 pu-

539 2402 615 2457 to,
642 2393 771 2462 quia
800 2391 856 2445 in
879 2392 1032 2445 illum
1081 2389 1267 2445 omnia
1292 2387 1616 2460 prophetica
1653 2394 1710 2442 et
1738 2388 1933 2459 legalia
1983 2404 2113 2444 ora-

538 2483 660 2538 cula
694 2491 963 2552 spectant,
992 2491 1157 2553 atque
1174 2481 1408 2537 obversa
1453 2489 1600 2535 sunt.
1650 2480 1839 2550 Itaque
1873 2479 2109 2546 dicebat,

538 2587 663 2626 cum
703 2570 905 2626 Judaeis
970 2570 1415 2625 incredulitatem
1461 2569 1856 2639 exprobraret:
1899 2567 2111 2625 «Nolite

539 2670 734 2730 putare
763 2660 911 2730 quod
939 2675 1041 2731 ego
1071 2667 1429 2714 accusaturus
1452 2658 1555 2714 sim
1577 2674 1676 2714 vos
1698 2657 1841 2728 apud
1873 2659 2110 2727 Patrem;

537 2757 623 2805 est
650 2750 745 2820 qui
779 2758 1001 2805 accusat
1058 2765 1155 2804 vos
1203 2749 1436 2820 Moyses,
1466 2748 1519 2802 in
1561 2763 1671 2817 quo
1705 2764 1802 2802 vos
1855 2749 2109 2819 speratis.

539 2839 597 2895 Si
653 2841 803 2894 enim
842 2838 1144 2894 crederetis
1191 2838 1383 2909 Moysi,
1431 2836 1733 2892 crederetis
1786 2837 2020 2892 forsitan
2056 2848 2112 2893 et

522 2930 673 2989 .mihi
698 2946 714 2997 ;
755 2927 825 2985 de
854 2945 942 2984 me
969 2929 1116 2985 enim
1150 2929 1243 2984 ille
1279 2928 1518 2999 scripsit.
1547 2927 1604 2983 Si
1634 2935 1818 2983 autem
1852 2929 1999 2984 illius
2024 2929 2111 2984 lit-

539 3022 675 3076 teris
702 3036 815 3075 non
848 3019 1102 3085 creditis,
1148 3018 1425 3089 quomodo
1476 3018 1665 3073 verbis
1715 3020 1854 3074 meis
1910 3020 2108 3074 crede-

520 3112 610 3175 tis
634 3111 715 3164 “?
751 3129 769 3161 ι
804 3109 942 3165 Cum
977 3109 1147 3181 igitur
1187 3125 1247 3164 se
1280 3109 1495 3164 venisse
1527 3107 1676 3163 dicat
1712 3117 1773 3162 ut
1799 3124 1906 3163 non
1934 3109 2109 3163 solvat

2288 2106 2499 2161 HAAA.
2532 2107 2659 2161 Ναί.

2288 2198 2453 2251 ΚΥΡ.
2486 2199 2799 2270 Γέγραπται
2823 2198 2932 2272 γὰρ
2968 2198 3086 2256 ὡδί.
3117 2201 3397 2273 Πλὴρωμα
3420 2199 3479 2254 δὲ
3507 2198 3674 2272 νόμου
3704 2203 3798 2256 καὶ

2217 2287 2531 2358 προφητῶν.
2550 2289 2635 2357 ετη
2662 2289 2727 2343 ἀν
2748 2305 2760 2319 ’
2796 2290 2878 2354 εἰς
2904 2288 3067 2344 αὐτὸν
3097 2285 3248 2360 οἶμαί
3275 2308 3378 2345 που
3405 2291 3603 2355 παντὸς
3625 2292 3797 2364 ὁρῶν-

2210 2393 2305 2441 τος
2359 2380 2455 2433 κα“ι
2494 2380 2873 2453 τετραμμένου
2922 2381 3259 2453 προφητικοῦ
3316 2400 3377 2436 τε
3429 2383 3523 2437 καὶ⁸
3568 2383 3797 2454 νομικοῦ

2214 2467 2600 2539 θεσπίσματος.
2644 2472 2937 2544 Τοιγάρτοι
2987 2472 3195 2543 ἔφασκε
3232 2474 3331 2539 τὰς
3361 2475 3470 2529 τῶν
3528 2475 3798 2529 Ἰουδαίων
3894 2514 3897 2515 ν

2212 2559 2494 2624 ἀπειθείας
2532 2561 2861 2616 ἐκδυσωπῶν
2886 2580 2898 2593 ·
2944 2582 2961 2616 ι
2993 2564 3085 2636 Μὴ
3126 2565 3352 2630 δοκεῖτε,
3390 2567 3474 2619 ὅτι
3507 2564 3619 2635 ἐγὼ
3666 2582 3799 2619 κατ-

2208 2651 2469 2723 ηγορήσω
2499 2652 2654 2721 ὑμῶν
2683 2653 2818 2724 πρὸς
2846 2654 2937 2707 τὸν
2969 2655 3190 2727 Πατέρα
3210 2674 3223 2687 ⁵
3247 2655 3396 2711 ἐστιν
3419 2659 3448 2711 ὁ
3475 2656 3797 2730 κατηγορῶν

2211 2740 2364 2810 ὑμῶν
2375 2742 2600 2813 Μωσῆς,
2618 2744 2699 2807 είς
2718 2744 2778 2797 ὃν
2797 2744 2954 2815 ὑμεῖς
2969 2745 3258 2816 ἠλπίκατε.
3278 2746 3461 2820 Είγάρ
3483 2748 3796 2802 ἐπιστεύετε

2211 2831 2405 2902 Μωσῇ,
2444 2834 2761 2890 ἐπιστεύετε
2802 2837 2867 2891 ἂν
2907 2837 3030 2909 ἐμοί
3053 2856 3065 2869 ·
3101 2839 3228 2911 περὶ
3263 2840 3372 2913 γάρ
3418 2842 3552 2912 ἐμοῦ
3589 2844 3797 2906 ἐκεῖνος

2213 2921 2470 2994 ἔγραψεν.
2504 2926 2568 2978 Et
2599 2926 2656 2980 δέ
2684 2931 2794 2991 τοῖς
2820 2928 3028 2984 ἐκείνου
3056 2931 3379 3003 γράμμασιν
3397 2933 3458 2987 οὺ
3486 2935 3794 3000 πιστεύετε,

2212 3012 2328 3078 πῶς
2368 3019 2482 3080 τοῖς
2520 3019 2672 3089 ἐμοῖς
2721 3020 2931 3090 ῥήμασι
2983 3022 3337 3090 πιστεύσετε;
3367 3044 3386 3077 ι
3431 3026 3681 3098 Ἀφῖχθαι
3730 3027 3794 3098 δὴ

2209 3098 2303 3159 οὖν
2348 3106 2398 3159 εί
2448 3105 2618 3176 λέγοι,
2667 3108 2990 3164 καταλύσων
3027 3112 3125 3181 μὲν
3172 3114 3429 3187 οὐδαμῶς
3468 3116 3559 3171 τὸν
3611 3119 3793 3190 νόμον,

534 3201 731 3270 legem,
768 3199 865 3254 sed
914 3199 1099 3270 potius
1147 3206 1209 3253 ut
1258 3197 1528 3268 perﬁciat,
1579 3199 1691 3253 noli
1728 3197 2107 3268 putare.sub-

2213 3196 2574 3268 ἀποπερανῶν
2606 3197 2663 3252 δὲ
2695 3199 2895 3269 μᾶλλον
2921 3201 3103 3269 αὐτὸν,
3139 3204 3214 3276 μὴ
3242 3206 3340 3276 τὴν
3374 3208 3456 3270 είς
3488 3208 3634 3262 ἅπαν
3665 3211 3797 3264 ἀνα-

522 3292 844 3361 γγειείοιιεηι
872 3305 1068 3346 eorum
1095 3305 1216 3361 quae
1237 3289 1369 3344 olim
1399 3288 1612 3343 sancita
1636 3298 1785 3354 sunt,
1813 3288 1909 3344 sed
1937 3288 2106 3344 veluti

537 3383 985 3438 reformationem
1032 3395 1153 3437 esse
1188 3380 1388 3435 factam
1416 3418 1431 3442 ,
1484 3387 1541 3434 et
1572 3392 1924 3450 eorum‘quaa
1957 3380 2014 3435 in
2050 3379 2109 3435 ﬁ-

533 3473 687 3545 guris
734 3471 1059 3527 adumbrata
1088 3478 1266 3535 erant,
1307 3477 1371 3523 ut
1402 3470 1478 3524 ita
1521 3469 1724 3533 dicam,
1763 3471 2107 3527 reensionem

531 3566 601 3621 ad
633 3562 1036 3633 expressiorem
1069 3560 1301 3615 formam
1334 3560 1609 3614 veritatis.

603 3654 800 3710 PALL.
828 3654 999 3708 Recte
1035 3652 1196 3707 dicis.

600 3745 758 3801 (ΠΒ.
792 3743 871 3798 Ac
898 3743 1002 3797 tale
1033 3741 1296 3814 quiddam
1354 3757 1387 3797 a
1421 3741 1645 3798 Christo
1678 3740 1795 3797 ﬁeri
1833 3739 2103 3813 oportuit.

534 3836 639 3904 Qui
706 3835 761 3890 in
820 3830 1022 3889 tabulis
1072 3832 1415 3904 picturisque
1477 3831 1772 3888 artiﬁcium
1827 3840 2104 3897 exercent,

2209 3287 2416 3360 τροπὴν
2447 3288 2557 3344 τῶν
2588 3290 2755 3346 πάλαι
2773 3293 3221 3366 τεθεσπισμένων
3238 3297 3526 3369 είργάσθαι
3545 3298 3789 3354 διανοοῦο

2211 3379 2410 3450 μᾶλλον
2440 3380 2498 3434 δὲ
2546 3384 2936 3454 μεταπλασμὸν
2966 3386 3156 3459 ὥσπερ
3216 3390 3358 3455 τινὰ,
3388 3402 3483 3444 και
3526 3391 3590 3444 tv’
3619 3391 3794 3457 οὕτως

2210 3467 2372 3532 εἴπω,
2410 3469 2783 3541 μεταχάραξιν
2810 3474 2918 3527 τῶν
2947 3476 3006 3529 ἐν
3027 3475 3218 3542 τύποις
3237 3478 3330 3532 ἐπὶ
3357 3478 3419 3532 τὸ
3443 3480 3662 3552 ἀληθές.
3692 3538 3697 3543 ,

2281 3642 2490 3697 ΠΛΛΛ.
2533 3642 2738 3712 Ὀρθῶς
2763 3646 2918 3719 ἔφης.

2276 3733 2439 3786 ΚΥΡ.
2482 3735 2591 3789 Kal.
2604 3735 2667 3806 δὴ
2689 3737 2927 3791 τοιοῦτον
2950 3737 3056 3793 ἔδει
3080 3741 3334 3808 γενέσθαι
3358 3746 3508 3815 παρὰ
3524 3743 3787 3818 Χριστοῦ.

2209 3823 2272 3877 Οί
2304 3824 2403 3894 τὴν
2421 3826 2478 3880 ἐν
2494 3826 2678 3892 πίναξι
2711 3829 2805 3881 καὶ
2824 3833 3062 3900 γραφαῖς
3091 3833 3374 3905 εὐτεχνίαν
3392 3835 3786 3909 ἐξησκηκότες,

532 3942 642 3981 non
673 3925 855 3981 statim
890 3932 1053 3993 atque
1105 3922 1327 3994 pingere
1357 3924 1653 3994 incipiunt,
1686 3940 1806 3979 eam
1859 3925 2100 4001 speciem

2211 3916 2305 3970 οὐκ
2329 3916 2493 3981 εὐθὺς
2532 3917 2624 3972 τοῦ
2657 3920 2891 3991 γράφειν
2919 3922 3233 3994 ἀρχόμενοι,
3264 3927 3326 3980 τὸ
3350 3928 3615 3993 ἀνενδεῶς
3641 3930 3785 4002 ἔχον,

530 4017 758 4086 picturis
786 4004 1080 4079 inducunt,
1099 4014 1189 4069 cui
1212 4014 1289 4069 nil
1316 4014 1481 4080 desit,
1508 4023 1672 4084 atque
1695 4030 1763 4069 ex
1787 4015 1940 4069 omni
1970 4030 2101 4085 par—

2211 4005 2303 4059 καὶ
2334 4007 2412 4071 είς
2441 4005 2588 4061 ἅπαν
2625 4009 3033 4082 ἀπηρτισμένον
3075 4013 3429 4085 ἐπιφέρουσιν
3481 4013 3619 4083 εἶδος
3664 4023 3788 4085 ταῖς

531 4117 582 4163 te
615 4106 859 4179 perfecta
880 4106 974 4171 sit,
1005 4105 1103 4162 sed
1136 4105 1464 4176 simpliciori
1496 4106 1652 4176 prius
1684 4121 1749 4162 ac
1792 4106 1977 4161 minus
2008 4121 2104 4161 ve-

2211 4099 2465 4169 γραφαῖς,
2485 4100 2542 4151 ἐν
2567 4098 2696 4152 εῖδει
2724 4099 2988 4172 πρότερον
3022 4103 3117 4156 καὶ
3134 4104 3512 4178 ἀκαλλεστέρῳ
3532 4107 3786 4180 χρώματι

531 4208 699 4254 nusto
729 4199 916 4253 colore
946 4197 1069 4252 illas
1100 4195 1450 4262 adumbrant,
1476 4205 1535 4252 et
1571 4196 1731 4268 longe
1758 4197 2105 4253 obscuriores

2211 4190 2676 4260 σκιαγιραφοῦντες
2708 4190 2782 4263 (ι)
2818 4186 2878 4245 εὖ
2934 4191 3099 4263 μάλα,
3139 4195 3234 4248 καὶ
3262 4188 3444 4270 ὧνπερ
3477 4197 3542 4252 ἂν
3580 4199 3785 4255 ἕλοιντο

529 4300 688 4347 antea
724 4290 946 4361 ﬁguras,
986 4303 1151 4359 quam
1181 4288 1375 4355 velint,
1400 4289 1579 4344 oculis
1602 4297 1904 4359 exponunt.
1934 4290 2102 4346 Deni-

2211 4280 2365 4351 τυχὸν
2398 4281 2876 4354 ἀμυδροτέρωνέτι
2894 4286 3021 4348 τοὺς
3043 4284 3246 4350 τύπους
3264 4290 3782 4359 προαναφαίνοντες,

514 4397 632 4453 que
664 4379 879 4434 umbris
906 4379 1014 4432 illis
1038 4378 1261 4432 illinunt
1282 4378 1526 4432 colorem
1551 4377 1747 4447 cuique
1775 4377 2101 4435 decentissi—

2211 4365 2323 4425 εἶτα
2354 4374 2475 4437 ταῖς
2504 4375 2685 4439 σκιαῖς
2721 4375 3126 4444 ἐπαλείφοντες,
3152 4377 3215 4431 τὸ
3253 4378 3458 4454 ἑκάστῃ
3486 4383 3694 4452 πρέπον
3720 4400 3782 4437 τε

523 4488 673 4527 mum
697 4486 759 4524 ac
775 4469 1009 4523 maxime
1031 4483 1334 4537 congruum
1357 4467 1462 4534 ;ita
1500 4467 1753 4523 rudiores
1769 4468 1889 4525 illas
1900 4468 2103 4541 ﬁguras

2211 4465 2303 4518 καὶ¹
2334 4465 2743 4538 ἁρμοδιώτατον
2788 4468 2996 4539 σχῆμα,
3041 4469 3410 4543 μεταφέρουσι
3430 4474 3554 4538 τοὺς
3578 4474 3783 4541 τύπους

521 4562 591 4618 ad
620 4560 964 4632 perspicuam
993 4573 1058 4612 ac
1084 4530 1243 4627 longe
1272 4530 1724 4626 praestantiorem,
1754 4575 1915 4629 quam
1938 4530 2095 4617 antea

2211 4557 2260 4620 ἐς
2288 4530 2428 4623 εἶδος
2469 4557 2531 4610 τὸ
2558 4530 2948 4629 ἐμφανὲς,“καὶ
2982 4530 3336 4633 *ἀσυγκρίτως
3366 4530 3608 4635 ἄμεινον,
3642 4566 3676 4637 ἢ
3718 4530 3783 4623 τδ

519 4653 720 4717 fuerat,
747 4649 984 4720 speciem
1017 4647 1372 4702 transferunt.
1391 4646 1586 4702 Annon
1610 4649 1683 4706 ita
1706 4665 1763 4705 se
1787 4666 1873 4706 res
1896 4653 2097 4709 habet?

2211 4649 2260 4701 ἓν
2291 4649 2507 4719 ἀρχαῖς.
2544 4649 2615 4703 ’Ἠ
2641 4649 2740 4721 οὐχ
2761 4642 2863 4705 ὧδε
2894 4650 3042 4722 exat;

591 4742 791 4798 PALL.
823 4741 1022 4794 Fateor
1067 4737 1348 4808 equidem.

2264 4741 2475 4796 HAAA.
2514 4742 2732 4812 Ἕγωγέ
2766 4761 2931 4815 φημι.

589 4832 747 4888 CYR.
792 4832 911 4886 Jam
968 4845 1100 4884 vero
1158 4828 1297 4883 fabri
1336 4830 1540 4897 aerarii,
1578 4831 1622 4885 si
1662 4831 1800 4889 forte
1857 4843 2092 4890 statuam

2268 4833 2433 4889 ΚΥΡ.
2469 4832 2533 4888 Oi
2578 4834 2635 4888 δὲ
2669 4834 2733 4907 δὴ
2775 4835 2874 4907 τὴν
2921 4836 3326 4910 χαλκουργικὴν
3370 4841 3786 4914 ἐπιτηδεύοντες

518 4923 787 4981 conﬁcere
810 4922 1000 4986 velint,
1028 4937 1152 4976 cera
1185 4923 1340 4993 prius
1360 4923 1552 4978 rudem
1590 4926 1879 4995 quemdam
1909 4935 2092 4998 typum

2211 4924 2511 4998 ἐμπειρίαν,
2563 4927 2858 5000 ἀνδριάντα
2887 4927 3050 5000 τυχὸν
3077 4931 3127 4983 εί
3170 4929 3445 5001 βούλοιντο
3477 4934 3786 5004 διαπήγνυο

517 5017 775 5081 formant,
809 5030 986 5085 eoque
1011 5013 1124 5085 igni
1168 5014 1483 5086 absumpto,
1514 5015 1957 5087 colliquefactum
2005 5019 2092 5073 in-

2211 5016 2349 5080 :Bat,
2382 5016 2538 5090 κηρῷ
2574 5018 2672 5089 μὲν
2697 5018 2757 5072 τὸ
2789 5018 3004 5091 πρῶτον
3034 5021 3115 5080 είς
3162 5015 3302 5086 εἶδος
3343 5024 3570 5092 ἄγουσιν
3610 5026 3784 5097 ἀδρα-

516 5108 774 5172 fundunt,
808 5116 971 5177 atque
999 5105 1073 5160 ita
1104 5105 1175 5160 ad
1205 5105 1510 5162 absolutam
1537 5105 1772 5172 formam
1804 5117 1969 5180 atque
1993 5109 2090 5165 de-

2211 5106 2308 5172 νὲς,
2335 5103 2456 5163 εἷτα
2502 5111 2636 5181 πυρὶ
2676 5112 3098 5182 κατατήκοντες,
3129 5113 3408 5184 ἐπιχέουσι
3437 5114 3528 5170 τὸν
3553 5116 3779 5188 χαλκὸν,

514 5211 700 5250 corem
737 5211 877 5266 opus
915 5194 1248 5265 perducunt.
1308 5195 1448 5252 Cum
1478 5196 1692 5252 umbris
1748 5198 1860 5253 illis
1895 5214 2091 5269 super-

2211 5199 2391 5268 ἱγουσί
2421 5218 2480 5254 τε
2517 5200 2659 5255 οὕτω
2691 5202 2828 5274 πρὸς
2872 5203 2934 5256 τὸ
2969 5203 3173 5274 ἀρτίως
3218 5204 3343 5278 ἔχον
3379 5202 3518 5271 εἶδός
3567 5224 3629 5260 τε
3680 5208 3780 5263 καὶ

512 5287 571 5357 6
608 5285 831 5341 inducta
878 5286 950 5341 sit
1002 5287 1254 5342 colorum
1306 5288 1565 5353 varietas,
1614 5304 1851 5359 cumque
1907 5291 2027 5346 illas
2059 5307 2090 5346 ο

2211 5292 2391 5358 ιιάλλος
2418 5287 2478 5348 εὖ
2522 5292 2668 5364 μάλα
2696 5293 2757 5347 τὸ
2781 5296 3298 5368 τεχνουργούμενον,
3329 5296 3780 5375 Ἐπιρῤιφθείσης

514 5391 641 5431 cera
673 5374 873 5446 ﬁguras
895 5392 968 5432 διε
991 5378 1388 5448 absumpserit,
1443 5378 1617 5433 videri
1646 5380 1868 5449 quidem
1915 5382 2090 5451 possit

2211 5384 2249 5438 ῑὲ
2277 5387 2395 5449 ταῖς
2429 5387 2610 5449 σκιαῖς
2654 5385 2755 5457 τῆς
2795 5386 2904 5442 τῶν
2945 5390 3255 5461 χρωμάτων
3298 5374 3627 5457 πολυειδίας,
3679 5392 3780 5446 καὶ

514 5468 729 5536 priores
774 5468 897 5524 illas
927 5468 1131 5525 formas
1169 5469 1404 5526 abolitas
1456 5478 1622 5539 atque
1652 5486 1875 5526 eversas
1917 5486 2040 5527 esse
2073 5490 2084 5525 :

2211 5473 2301 5546 ιὴν
2336 5474 2430 5530 καὶ
2466 5474 2668 5547 χαλκοῦ
2709 5476 2781 5531 τὰ
2812 5477 2877 5533 ὲκ
2925 5478 3099 5552 κηροῦ
3134 5481 3560 5554 κατατήκοντος,
3602 5480 3779 5550 δόξειε

580 5618 658 5691 (1)
688 5618 874 5675 Codex
900 5619 1108 5686 Sirleti,
1142 5621 1224 5674 ἐνὶ
1257 5622 1316 5676 δὲ
1348 5623 1414 5693 δὴ
1447 5623 1713 5694 πρότερον
1747 5626 1842 5679 καὶ
1867 5627 2111 5681 ἀκαλλεσ

2211 5648 2253 5700 ῳ
2283 5632 2525 5701 σχήματι
2552 5648 2775 5704 σκιαγρ.

588 5752 631 5782 ³⁰
648 5751 805 5805 Rom.
844 5767 922 5819 ιιι,
968 5751 1055 5806 51.
1136 5755 1175 5785 “
1206 5753 1379 5810 Galat.
1418 5774 1497 5827 ιιι,
1528 5759 1616 5813 24.
1701 5761 1741 5792 ¹²
1776 5760 1941 5817 Hebr.
1972 5780 2024 5826 ν,
2061 5764 2111 5818 li

2228 5765 2271 5797 “
2307 5767 2465 5821 Rom.
2518 5782 2571 5834 κ,
2607 5767 2660 5822 4.
2712 5769 2786 5847 ff
2835 5770 2991 5828 Joan.
3054 5788 3107 5838 v,
3147 5771 3340 5830 45-47.
