4172 6480
345 397 439 452 lu

1075 390 1166 446 DE
1218 385 1664 445 ADORATIONE
1702 386 1768 442 IN
1812 387 2083 443 SPIRI'I‘U
2126 389 2213 443 ET
2244 388 2613 444 VERITATE.
2656 391 2784 446 LIB.
2825 393 2866 446 I.

3549 404 3654 460 “3

342 515 447 588 μὲν
485 509 556 568 ἂν
589 507 894 583 ἠθετῆσθαί
945 527 1004 563 τε
1053 508 1148 562 καὶ
1197 504 1608 578 ἀνατετράφθαι
1653 504 1847 578 βραχὺ.
1885 505 1951 556 τὰ

2079 506 2112 559 d
2144 521 2275 561 vero
2301 523 2464 564 secus
2491 517 2592 563 est.
2654 509 2789 564 Nam
2829 520 2884 565 et
2918 510 3074 567 faber
3102 513 3328 569 aerarius
3377 523 3434 569 et
3470 517 3652 587 pictor

341 605 549 680 πρῶτά
577 623 640 658 τε
667 603 764 658 καὶ
806 604 866 656 ὲν
901 603 1046 674 ἀρχῇ
1099 601 1378 672 σχήματα.
1410 599 1567 669 Ἔχει
1601 598 1660 651 δὲ
1685 598 1782 667 ούχ
1811 595 1954 648 οὕτω

337 699 402 752 τὸ
431 699 634 770 χρῆμα
664 699 731 768 τῇ
758 693 942 765 φύσει.
965 696 1128 748 Φαῖεν
1148 693 1258 764 γὰρ
1287 690 1352 745 ἂν
1375 689 1758 761 ἀληθεύοντες,
1786 687 1956 759 χαλκ-

339 791 551 861 ουργὸς
595 806 658 842 τε
707 789 805 842 καὶ
830 785 1078 859 γραφεύς
1098 801 1112 815 ·
1144 784 1218 838 Οὐ
1247 781 1632 852 κατελύσαμεν
1653 780 1751 844 τὰς
1776 778 1954 842 σκιὰς,

339 883 447 934 οὐκ
479 883 568 944 εἰς
602 881 936 952 ἀχρειότητα
953 877 1196 948 παντελῆ
1225 876 1352 939 τοὺς
1369 875 1575 936 τύπους
1606 871 1955 942 ἐπέμψαμεν,

342 973 813 1044 πεπληρώκαμεν
855 972 914 1025 δὲ
969 971 1191 1043 μᾶλλον.
1231 969 1300 1024 Ὀ
1338 969 1448 1041 γὰρ
1482 963 1552 1039 ἦν
1602 967 1733 1020 ἰδεῖν
1781 965 1857 1028 ὡς
1901 965 1958 1014 ὲν

343 1069 541 1130 σκιαῖς
569 1066 654 1119 ἔτι
681 1066 778 1120 καὶ
796 1065 994 1129 τύποις
1019 1063 1394 1136 ἀφανέστερόν
1411 1079 1471 1116 τε
1506 1062 1603 1116 καὶ
1629 1058 1960 1115 ἀκαλλέστε-

349 1175 469 1228 ρον,
499 1158 664 1212 τοῦτο
697 1157 1051 1230 προϐέϐηκεν
1082 1158 1180 1211 ἐπὶ
1217 1155 1281 1209 τδ
1312 1154 1538 1226 ἄμεινόν
1564 1170 1622 1206 τε
1653 1153 1748 1206 καὶ
1779 1153 1960 1223 ἐμφα-

347 1250 508 1304 νὲστε
517 1265 635 1320 ρον.

425 1344 642 1396 ΠΑΛΛ.
681 1335 755 1394 Εῦ
777 1339 979 1408 λέγεις.

416 1439 592 1494 ΚΥΡ.
626 1435 740 1489 Καὶ
774 1433 938 1503 εἴπερ
988 1447 1077 1494 τις
1104 1430 1284 1484 ἕλοιτο
1313 1428 1796 1499 πολυπραγμονεῖν
1828 1424 1962 1494 ἀλη-

343 1535 462 1598 θῶς
494 1532 601 1602 τὴν
637 1528 794 1600 ἰεράν
835 1543 898 1579 τε
943 1526 1037 1578 καὶ
1076 1523 1439 1577 θεόπνευστον
1479 1520 1726 1594 Γραφὴν,
1760 1519 1964 1572 εἴσεται

341 1627 414 1697 δὴ
461 1623 690 1684 πάντως
733 1618 936 1690 ἀληθὲς
978 1616 1246 1687 ὑπάρχον,
1277 1615 1305 1668 ὃ
1348 1631 1512 1686 φημι.
1551 1612 1831 1683 Κάλυμμα
1859 1610 1968 1680 γὰρ

343 1715 524 1770 ἐτίθει
571 1712 786 1782 Μωσῆς
819 1710 913 1764 ἐπὶ
952 1708 1016 1762 τὸ
1058 1709 1355 1780 πρόσωπον
1404 1706 1605 1769 αὑτοῦ,
1641 1704 1730 1758 διὰ
1771 1702 1833 1756 τὸ
1892 1702 1967 1772 μὴ

345 1807 621 1863 δύνασθαι
647 1805 777 1868 τοὺς
805 1801 960 1866 υἱοὺς
1001 1800 1222 1872 Ἰσραὴλ
1264 1798 1534 1864 ἀτενίζειν
1576 1800 1654 1861 εἰς
1695 1797 1758 1849 τὸ
1801 1793 1970 1866 πρόσο

345 1919 504 1956 ωπον
534 1896 728 1960 αὑτοῦ,
757 1893 901 1949 κατά
926 1892 988 1947 τὸ
1018 1891 1429 1964 γεγραμμένον.

428 1990 648 2043 ΠΑΛΛ.
690 1987 802 2041 Καὶ
831 1985 886 2038 τί
918 1984 984 2055 δὴ
1019 1982 1179 2037 τοῦτο
1204 1983 1549 2056 παραδηλοῖ;

417 2164 596 2220 ΚΥΡ.
656 2163 796 2226 Ταῖς
839 2162 950 2233 γὰρ
993 2161 1265 2215 Ἰουδαίων
1317 2160 1580 2224 διανοίαις
1627 2159 1965 2230 παχιιτέραις

345 2256 549 2321 οὔσαις
577 2256 662 2309 ἔτι
695 2255 854 2309 οἰστά
881 2253 982 2325 μέν
1011 2271 1128 2318 πως
1157 2249 1229 2324 ἦν
1258 2252 1330 2306 τὰ.
1359 2252 1612 2323 ὲξωφανῆ
1647 2251 1742 2306 τοῦ
1774 2251 1962 2321 νόμου,

351 2349 506 2420 φημὶ
561 2349 620 2402 δὲ
650 2348 717 2419 δὴ
759 2346 926 2400 πάλιν
976 2345 1045 2399 τά
1102 2345 1192 2400 διὰ
1253 2344 1418 2417 μόνου
1468 2344 1562 2399 τοῦ
1614 2344 1964 2416 γράμματος,

353 2443 620 2513 ἀφόρητα
665 2439 723 2492 δὲ
766 2440 861 2494 καὶ
897 2437 1226 2509 ἀπρόϐλητα
1277 2437 1582 2502 παντελῶς,
1627 2438 1698 2490 τά
1739 2436 1847 2488 ἔσω
1875 2450 1966 2487 κε-

350 2529 685 2605 κρυμμένα,
716 2530 813 2584 καὶ
857 2529 925 2582 ἵν’
969 2526 1145 2592 οὕτως
1188 2528 1432 2600 εἴπωμεν
1458 2528 1520 2581 τὸ
1540 2527 1650 2581 τῶν
1679 2527 1967 2598 νοημάτων

349 2624 664 2695 πρόσωπον
708 2620 934 2690 ἀληθές.
976 2620 1270 2692 Τοιγάρτοι
1309 2619 1403 2674 καὶ
1449 2621 1477 2672 6
1517 2618 1806 2680 θεσπέσιος
1836 2619 1967 2689 ἡμῖν

349 2717 567 2786 γράφει
591 2712 810 2777 Παῦλος
835 2731 848 2743 ’
881 2733 899 2765 ι
932 2714 1099 2784 Ἄχρι
1127 2712 1237 2784 γὰρ
1262 2713 1360 2784 τῆς
1397 2711 1639 2783 σήμερον
1667 2709 1880 2782 ἡμέρας
1908 2709 1970 2762 τὸ

347 2810 490 2864 αὐτὸ
514 2807 794 2877 κάλυμμα
821 2805 917 2858 ἐπὶ
933 2807 1002 2876 τῇ
1033 2804 1342 2874 ἀναγνώσει
1373 2803 1473 2874 τῆς
1500 2803 1746 2866 natura;
1772 2801 1971 2872 Διαθή-

351 2922 463 2976 κης
499 2903 662 2975 μένει
697 2902 774 2973 μὴ
803 2901 1350 2971 ἀνακαλυπτόμενον,
1379 2901 1460 2954 ὅτι
1490 2902 1548 2954 ὲν
1575 2899 1800 2971 Χριστῷ
1833 2915 1968 2952 κατ-

353 2997 642 3064 αργεῖται.
684 2992 826 3046 Ἀλλ’
861 2991 970 3056 ἓως
997 2993 1241 3063 σήμερον
1262 3031 1284 3057 ,,
1321 2991 1484 3062 ἡνίκα
1525 2991 1969 3061 ἀναγινώσκηται

357 3086 599 3156 Μωσῆς,
644 3085 918 3156 κάλυμμα
963 3085 1059 3137 ἐπὶ
1105 3082 1206 3153 τὴν
1234 3083 1462 3155 καρδίαν
1490 3084 1671 3137 αὐτῶν
1701 3085 1900 3138 κεῖται.
1944 3100 1963 3132 ›

374 3180 520 3234 Ἀλλ’
549 3173 657 3233 ὦδε
693 3178 798 3247 μὲν
827 3175 989 3249 δὴτά
1012 3177 1122 3230 τῶν
1158 3177 1430 3230 Ἰουδαίων
1456 3177 1686 3230 ἑστάτω.
1721 3194 1740 3226 ι
1783 3176 1971 3246 Ἡμεῖς
1999 3209 2044 3267 c

369 3277 428 3332 at
462 3273 527 3344 δὴ
581 3273 810 3334 πάντες,
846 3269 1360 3342 ἀνακεκαλυμμένῳ
1384 3267 1682 3341 προσώπῳ,
1723 3287 1742 3324 ι
1787 3269 1970 3340 φησὶν,

379 3384 399 3416 ι
439 3366 534 3434 τὴν
588 3365 750 3430 δόξαν
802 3362 1013 3435 Κυρίου
1070 3362 1587 3433 κατοπτριζόμενοι,
1656 3361 1758 3432 τὴν
1805 3361 1976 3429 αὐτὴν

365 3455 559 3510 εἰκόνα
590 3450 1107 3524 μεταμορφούμεθα
1138 3451 1247 3504 ἀπὸ
1285 3451 1446 3523 δόξης
1483 3452 1564 3515 εἰς
1592 3449 1768 3516 δόξαν,
1807 3449 1978 3503 καθά-

360 3559 473 3615 περ
516 3544 632 3596 ἀπὸ
664 3543 880 3614 Κυρίου
912 3541 1259 3612 πνεύματος’
1291 3543 1320 3594 ὁ
1344 3543 1402 3595 δὲ
1428 3541 1635 3614 Κύριος
1663 3542 1725 3596 τὸ
1759 3540 1978 3612 πνεῦμά

355 3639 535 3690 ἐστιν.
582 3656 600 3688 ι
640 3636 858 3702 Ὠσπερ
890 3634 1001 3707 γὰρ
1029 3636 1078 3687 οί
1103 3636 1162 3689 ἐν
1193 3635 1445 3706 ἐσόπτρῳ
1477 3635 1766 3704 βλέποντες
1793 3637 1975 3690 εἰκόνα

353 3731 460 3783 καὶ
493 3729 674 3783 τύπον
720 3715 1107 3798 τοῦάληθοῦς,
1138 3730 1233 3783 καὶ
1259 3729 1361 3783 οὐκ
1390 3729 1524 3783 αὐτό
1555 3746 1656 3783 που
1686 3729 1748 3782 τὸ
1777 3729 1975 3801 ἀληθὲς

354 3821 842 3892 ὲγκαταθρήσειαν
863 3821 930 3875 ἀν
949 3863 962 3885 ,
996 3822 1139 3876 κατά
1165 3823 1257 3876 τὸν
1283 3823 1448 3875 αὐτὸν
1482 3819 1640 3893 οἶμαι
1675 3824 1898 3894 τρόπον,
1927 3825 1976 3876 οἰ

355 3917 462 3986 τῆς
480 3916 544 3968 ἐν
563 3915 796 3985 Χριστῷ
822 3913 1098 3977 πολιτείας
1119 3915 1181 3967 τὸ
1194 3914 1389 3977 κάλλος
1411 3913 1806 3985 ἐπιθυμοῦντες
1823 3914 1970 3977 ἰδεῖν,

359 4005 633 4075 καθάπερ
663 4003 921 4075 ἐσόπτρῳ
946 4002 1026 4074 τῷ
1063 4004 1215 4074 νόμῳ
1257 4003 1534 4074 χρώμενοι
1567 4004 1976 4076 κατορθώσειαν

359 4099 433 4151 ἂν
479 4097 559 4160 ὡς
611 4098 812 4168 ἄριστα
854 4096 916 4148 τὸ
959 4094 1328 4166 ποθούμενον.
1367 4097 1478 4164 Τὴν
1504 4097 1614 4167 γὰρ
1658 4096 1830 4167 αὐτὴν
1867 4097 1978 4151 τῶν

364 4187 735 4259 πραγμάτων
787 4186 976 4241 εἰκόνα
1014 4187 1487 4256 μεταπλάττοντες
1555 4191 1636 4252 εἰς
1695 4188 1972 4260 ἀλήθειαν,

358 4281 614 4334 εῐσονται
662 4277 928 4349 καθαρῶς
991 4278 1054 4332 τὸ
1093 4279 1176 4332 ὅτι
1240 4279 1476 4350 μάλιστα
1523 4279 1714 4334 δοκοῦν
1763 4282 1858 4335 καὶ
1890 4283 1979 4335 εύ-

359 4371 608 4443 ἀρεστον
635 4369 718 4438 τῷ
745 4369 889 4440 Θεῷ.

353 4523 356 4526 ,
435 4463 660 4517 ΠΑΛΛ.
693 4457 831 4516 Εἶτα
858 4461 944 4526 τίς
977 4462 1043 4515 ἂν
1077 4463 1290 4530 γένοιτο
1319 4464 1484 4535 τυχὸν
1522 4466 1550 4518 6
1581 4463 1738 4532 λόγος
1777 4463 1870 4518 τοῦ
1899 4464 1976 4535 μὴ

2061 613 2191 653 vere
2250 600 2538 654 dixerint:
2570 601 2682 657 Nos
2711 601 2936 672 quidem
2994 603 3224 660 minime
3277 605 3652 667 destruximus

2061 692 2312 758 umbras,
2339 709 2521 764 neque
2573 694 2649 749 ita
2709 696 2879 752 rudes
2910 698 3032 753 illas
3067 697 3289 770 ﬁguras,
3327 707 3390 754 ut
3425 702 3652 760 inutiles

2062 797 2292 851 prorsus
2313 784 2641 854 abjecimus,
2693 789 2790 842 sed
2833 790 3018 858 potius
3067 792 3438 862 implevimus.
3493 796 3650 864 Quod

2058 877 2208 930 enim
2250 877 2306 930 in
2343 878 2560 933 umbris
2597 879 2781 935 adhuc
2830 891 2994 953 atque
3033 884 3229 956 ﬁguris
3265 889 3558 946 obscurius
3587 905 3651 947 ac

2060 967 2245 1022 minus
2271 979 2566 1026 venustum
2617 973 2933 1041 videbatur,
2991 977 3046 1031 id
3096 979 3162 1032 ad
3203 980 3488 1038 meliorem
3524 984 3648 1038 illu—

2061 1061 2435 1131 strioremque
2466 1062 2700 1118 formam
2734 1067 3008 1135 pervenit.

2135 1327 2331 1383 PALL.
2369 1331 2538 1385 Recte
2580 1331 2737 1386 dicis.

2135 1419 2292 1474 CYR.
2325 1421 2401 1474 Ac
2424 1422 2469 1476 si
2491 1423 2617 1492 quis
2668 1425 2908 1479 voluerit
2941 1429 3088 1483 serio
3123 1446 3334 1493 sacram
3373 1447 3428 1492 ct
3459 1439 3656 1492 divini-

2068 1520 2154 1566 tus
2184 1513 2507 1582 inSpiratam
2543 1514 2886 1585 Scripturam
2941 1523 3334 1595 pervestigare,
3371 1531 3509 1585 sciet
3535 1547 3655 1585 om-

2067 1603 2200 1657 nino
2223 1618 2417 1658 verum
2447 1620 2571 1661 esse
2609 1606 2759 1676 quod
2783 1607 2896 1662 dixi
2936 1625 2948 1663 :
2995 1612 3248 1670 velamen
3277 1618 3428 1672 enim
3482 1636 3657 1690 pone-

2069 1695 2169 1751 bat
2195 1696 2409 1768 Moyses
2438 1713 2608 1768 super
2647 1698 2843 1754 faciem
2886 1716 3065 1767 suam,
3109 1720 3176 1760 eo
3207 1697 3356 1776 quod
3389 1726 3497 1765 non
3528 1727 3658 1782 pos-

2071 1798 2195 1844 sent
2234 1787 2332 1843 filii
2373 1789 2542 1844 Israel
2585 1790 2872 1847 intendere
2933 1795 2988 1847 in
3023 1793 3217 1852 faciem
3253 1799 3448 1870 ipsius,
3517 1804 3661 1858 sicut

1998 1869 2040 1922 Β
2069 1882 2338 1951 scriptum
2371 1891 2459 1936 est
2497 1884 2563 1935 ¹⁸.

2140 1972 2337 2026 PALL.
2376 1974 2587 2043 Ecquid
2621 1975 2754 2030 illud
2797 1985 2882 2032 est
2924 1977 3072 2047 quod
3121 1980 3228 2036 hoc
3261 1982 3407 2040 facto
3454 1985 3662 2058 signiﬁ-

2071 2066 2269 2120 catur?

2136 2156 2295 2212 CYR.
2327 2158 2645 2215 Judaaorum
2670 2176 2908 2234 namque
2933 2176 3148 2222 mentes
3183 2183 3310 2223 cum
3345 2170 3664 2226 hebetiores

2071 2249 2252 2305 adhuc
2284 2259 2490 2316 essent,
2532 2253 2809 2308 exteriore
2843 2256 2980 2327 legis
3023 2258 3210 2328 aliquo
3239 2260 3404 2315 modo
3459 2262 3662 2317 tolera-

2069 2339 2202 2394 bilia
2228 2340 2585 2411 judicabant;
2618 2359 2704 2409 ea,
2739 2343 2995 2415 inquam,
3041 2364 3164 2417 qua:
3187 2365 3288 2419 per
3309 2351 3480 2406 solam
3511 2352 3662 2406 litte-

2073 2447 2189 2487 ram
2219 2433 2702 2504 significabantur;
2733 2435 2927 2492 iisdem
2967 2454 3090 2494 vero
3113 2454 3225 2494 non
3248 2439 3476 2496 ferenda
3495 2453 3551 2497 et
3571 2442 3667 2498 ab-

2067 2521 2312 2592 iicienda
2335 2524 2563 2578 omnino
2584 2524 2941 2589 videbantur,
2971 2543 3094 2597 qua:
3122 2528 3360 2586 interius
3396 2531 3663 2596 latebant,

2071 2625 2258 2686 atque,
2285 2617 2438 2670 utita
2467 2615 2668 2683 dicam,
2696 2617 2813 2688 ipsa
2831 2634 3096 2675 sensuum
3116 2637 3244 2677 vera
3261 2622 3450 2679 facies.
3478 2625 3667 2695 Itaque

2073 2709 2268 2764 beatus
2313 2725 2539 2780 quoque
2592 2710 2798 2765 Paulus
2837 2712 3070 2767 scribit:
3137 2733 3155 2765 ι
3187 2714 3328 2770 Nam
3381 2732 3558 2787 usque
3613 2718 3666 2771 in

2073 2800 2406 2857 hodiernum
2441 2803 2588 2858 diem
2623 2803 2678 2858 id
2709 2804 2890 2874 ipsum
2921 2806 3173 2861 velamen
3202 2807 3259 2862 in
3283 2808 3520 2864 lectione
3560 2811 3667 2865 Ve-

2074 2896 2208 2951 teris
2234 2896 2573 2952 Testamenti
2615 2907 2802 2954 manet
2847 2915 2958 2954 non
3013 2901 3355 2969 revelatum;
3405 2904 3667 2974 quoniam

2073 2989 2132 3042 in
2177 2988 2402 3044 Christo
2455 3001 2778 3048 evacuatur.
2837 2994 2946 3050 Sed
2995 3009 3172 3066 usque
3232 2997 3289 3050 in
3335 2997 3668 3053 hodiernum

2073 3080 2242 3146 diem,
2289 3098 2417 3136 cum
2462 3085 2666 3155 legitur
2714 3086 2947 3157 Moyses,
3002 3088 3253 3144 velamen
3305 3090 3544 3160 positum
3586 3101 3670 3147 est

2075 3189 2244 3244 super
2276 3191 2371 3229 cor
2394 3192 2590 3230 eorum
2625 3176 2720 3229 ὀ.»
2751 3175 2860 3232 Sed
2891 3179 2967 3233 ita
2988 3178 3213 3248 quidem
3240 3181 3555 3237 Judreorum
3581 3200 3669 3238 res

2077 3282 2137 3321 se
2160 3266 2418 3321 habeant.
2443 3287 2459 3318 ι
2488 3268 2598 3323 Nos
2614 3284 2746 3323 vero
2767 3285 2960 3324 omnes
2980 3271 3217 3325 revelata
3239 3271 3398 3337 facie,
3422 3293 3440 3324 ι
3463 3274 3666 3345 inquit,

2088 3374 2105 3404 ι
2133 3355 2364 3426 gloriam
2389 3356 2610 3411 Domini
2633 3358 3004 3428 speculantes,
3025 3359 3081 3413 in
3104 3359 3352 3416 eamdem
3374 3361 3669 3432 imaginem

2078 3444 2542 3500 transformamur
2569 3462 2598 3500 a
2629 3447 2880 3501 claritate
2912 3447 2965 3501 in
2987 3448 3318 3514 claritatem,
3352 3458 3612 3520 tanquam
3640 3469 3668 3505 ιι

2078 3537 2296 3591 Domini
2324 3537 2568 3607 spiritu;
2622 3538 2892 3594 Dominus
2944 3547 3131 3594 autem
3175 3540 3407 3610 spiritus
3436 3553 3522 3598 est
3553 3545 3612 3595 ¹⁷.
3647 3564 3663 3595 ι

2079 3628 2148 3683 Ut
2177 3628 2326 3683 enim
2351 3629 2446 3699 qui
2479 3628 2536 3683 in
2589 3631 2817 3700 speculo
2851 3632 3326 3702 contemplantur,
3377 3633 3670 3704 imaginem

2077 3731 2136 3776 et
2164 3719 2395 3790 ﬁguram
2432 3723 2514 3777 rei
2564 3738 2708 3778 verae
2748 3722 2961 3788 vident,
3012 3740 3122 3778 non
3166 3724 3340 3794 ipsam
3387 3741 3547 3782 rem:
3591 3729 3672 3784 sic

2079 3811 2173 3880 qui
2206 3811 2536 3868 Christiana:
2579 3815 3021 3870 conversationis
3060 3817 3537 3885 pulchritudinem
3586 3824 3671 3876 vi—

2079 3901 2212 3956 dere
2247 3901 2587 3968 desiderant,
2620 3904 2667 3957 si
2692 3905 2814 3974 lege
2850 3913 3114 3977 tanquam
3161 3909 3388 3979 speculo
3419 3921 3670 3980 utantur,

2080 3991 2290 4060 optime
2355 3993 2502 4062 quod
2543 3993 2796 4064 cupiunt,
2853 4007 3240 4065 assequentur.
3289 3999 3466 4071 Ipsam
3524 4005 3671 4058 enim

2079 4099 2266 4137 rerum
2293 4084 2585 4155 imaginem
2616 4086 2684 4139 ad
2707 4086 2992 4140 veritatem
3025 4089 3435 4157 transferendo,
3460 4094 3673 4164 liquido

2079 4173 2418 4243 perSpicient
2451 4175 2583 4243 quid
2625 4176 2737 4232 Deo
2772 4186 3061 4246 acceptum
3090 4179 3144 4232 in
3194 4181 3393 4251 primis
3425 4194 3670 4256 gratum-

2081 4281 2188 4335 que
2215 4267 2307 4320 sit.

2153 4465 2353 4521 PALL.
2392 4465 2501 4522 Sed
2529 4483 2650 4538 quae
2693 4469 2838 4527 ratio
2864 4471 3052 4528 afferri
3090 4484 3295 4545 potest,
3325 4493 3424 4535 cur
3460 4497 3571 4537 non
3601 4485 3671 4539 ab

357 4557 422 4610 ἐν
454 4555 663 4625 ἀρχαῖς
704 4557 819 4619 τοῖς
866 4554 1060 4620 πάλαι,
1100 4556 1161 4610 τὺ
1201 4556 1320 4610 νέον
1359 4574 1419 4610 τε
1468 4557 1566 4611 καὶ
1606 4557 1970 4627 Εὐαγγελικὸν

2083 4553 2242 4610 initio
2268 4557 2554 4613 veteribus
2592 4557 2700 4614 illis
2738 4575 2879 4614 nova
2914 4569 2971 4616 et
3015 4566 3332 4636 evangelica
3375 4569 3463 4626 lex
3507 4571 3671 4628 dare—

357 4643 622 4699 δεδόσθαι
654 4644 1076 4716 χρησμὼδημα·
1117 4647 1326 4711 τύπους
1370 4647 1428 4700 δὲ
1461 4648 1662 4718 μᾶλλον
1701 4650 1970 4720 νενομοθε-

2081 4655 2193 4714 tur,
2242 4647 2430 4719 figurae
2449 4664 2584 4704 vero
2609 4649 2794 4718 potius
2811 4660 2976 4722 atque
3007 4654 3058 4723 7
3077 4655 3289 4713 umbrae
3313 4657 3673 4717 institueren-

357 4737 574 4808 τῆσθαι
610 4738 708 4789 καὶ
739 4737 938 4803 σκιάς;
2079 4741 2214 4794 tur?

434 4827 613 4881 ΚΥΡ.
646 4827 720 4880 Τὸ
751 4828 850 4897 μὲν
880 4827 1109 4898 ἀκριϐὲς
1129 4830 1233 4899 τῆς
1256 4833 1594 4903 οἰκονομίας,
1631 4835 1724 4887 καὶ
1746 4835 1894 4898 ὅπως
1911 4835 1970 4889 ἂν

2150 4831 2308 4887 CYR.
2349 4833 2678 4888 Aecuratam
2713 4851 3012 4907 veramque
3043 4838 3209 4909 hujus
3237 4841 3672 4913 dispensationis

359 4923 485 4992 ἔχοι
512 4923 698 4985 ταυτὶ,
721 4921 867 4975 κατά
895 4938 959 4990 γε
988 4922 1050 4975 τὸ
1072 4922 1459 4996 ἀληθέστερον,
1498 4927 1788 4984 ἀναθετέον
1821 4930 1970 4982 εὐσε-

2075 4924 2344 4979 rationem
2363 4925 2451 4995 pie
2469 4941 2533 4982 ac
2551 4938 2868 4985 reverenter
2885 4931 2981 4985 uni
2995 4931 3129 4999 Deo,
3145 4934 3234 4988 cui
3251 4937 3434 4991 omnia
3452 4939 3669 5008 cognita

359 5016 484 5078 ϐῶς
517 5013 602 5084 τῷ
629 5015 812 5068 πάντα
835 5014 1002 5068 εἰδότι
1029 5015 1173 5087 Θεῷ.
1200 5018 1466 5089 Λογισμοὶ
1494 5019 1552 5073 δὲ
1581 5021 1731 5092 ἡμᾶς
1756 5020 1970 5075 ἐννοιῶν

2076 5018 2474 5088 explorataque
2505 5029 2660 5100 sunt,
2694 5022 3078 5093 relinquamus
3118 5036 3358 5096 oportet.
3403 5029 3666 5085 Rationes

356 5104 597 5173 ἀγαθῶν
623 5103 878 5174 ἀμοιρεῖν
919 5105 1021 5158 οὐκ
1070 5107 1296 5171 εἰδότες,
1338 5108 1678 5182 ἀποφέρουσί
1711 5128 1828 5176 πως
1870 5112 1970 5165 κᾶν

2076 5119 2259 5164 tamen
2311 5125 2342 5164 a
2396 5111 2502 5180 piis
2561 5113 2992 5184 cogitationibus
3037 5133 3147 5171 non
3190 5119 3384 5173 aliente
3435 5136 3536 5176 nos
3596 5123 3665 5179 ad

357 5196 500 5265 γοῦν
540 5197 628 5259 εἰς
664 5195 898 5266 μετρίαν
942 5195 1170 5268 εἴδησιν,
1209 5198 1241 5269 ἤ
1275 5199 1368 5252 καὶ
1410 5199 1550 5270 τάχα
1599 5217 1699 5253 που
1747 5201 1884 5270 πρὸς
1915 5201 1970 5254 τὸ

2073 5204 2622 5276 quantulamcunque
2656 5207 3031 5277 cognitionem
3086 5212 3421 5281 perducunt,
3447 5227 3546 5270 aut
3599 5233 3668 5274 eo

356 5286 574 5340 εἰδέναι
609 5285 793 5339 δοκεῖν
826 5288 928 5357 τῆς
962 5289 1278 5359 οἰκονομίας
1313 5291 1411 5361 τὴν
1450 5290 1751 5362 πρόφασιν.
1787 5294 1970 5363 Φαμὲν

2076 5311 2255 5365 usque
2300 5307 2488 5363 certe,
2527 5308 2588 5354 ut
2620 5300 2763 5355 scire
2800 5301 3093 5356 videamur
3140 5319 3265 5372 quae
3304 5305 3473 5361 fuerit
3503 5308 3669 5380 hujus

353 5375 477 5444 σῦν,
527 5379 618 5432 ὅτι
653 5378 1037 5449 παιδαγωγίας
1083 5380 1191 5434 ἔδει
1227 5381 1452 5452 πολλῆς,
1506 5383 1602 5436 καὶ
1658 5384 1970 5456 ἀνατροφῆς

2080 5389 2300 5442 consilii
2334 5405 2519 5445 causa.
2540 5391 2786 5447 Dicimus
2811 5393 3000 5464 igitur,
3033 5411 3098 5450 ex
3127 5394 3362 5468 [Egypto
3415 5375 3667 5456 liberatis

353 5471 571 5544 τρόπον
597 5470 724 5522 τινὰ
764 5473 1201 5543 νηπιοπρεποῦς,
1235 5476 1348 5538 τοῖς
1389 5475 1450 5540 ἐξ
1493 5475 1772 5545 Αἰγύπτου
1811 5478 1967 5532 λελυ-

2078 5477 2369 5546 Israelitis,
2401 5480 2682 5551 frequenti
2714 5484 3066 5540 institutione
3096 5487 3280 5560 longa,
3313 5500 3371 5545 et
3421 5507 3568 5557 esca,
3604 5503 3665 5548 ut

350 5565 697 5638 τρωμένοις.
743 5565 987 5634 Παχύνοι
1016 5565 1128 5637 γὰρ
1159 5561 1300 5637 ἦσαν
1332 5566 1412 5621 ἔτι
1462 5569 1558 5621 καὶ
1589 5569 1967 5643 εύπαράιροροι

2077 5570 2153 5625 ita
2176 5571 2378 5637 dicam,
2414 5574 2613 5643 puerili
2658 5591 2798 5647 Opus
2845 5576 3052 5645 fuisse;
3090 5581 3258 5638 rudes
3303 5582 3452 5638 enim
3480 5583 3662 5638 adhuc

353 5657 564 5728 κομιδῇ
601 5654 740 5726 πρὸς
766 5657 872 5709 πᾶν
905 5657 1088 5711 ὁτιοῦν
1119 5658 1229 5711 τῶν
1259 5659 1680 5730 ἀπηχεστάτων.
1718 5664 1967 5717 Δυσαπό-

2074 5673 2253 5727 erant,
2284 5673 2342 5720 et
2382 5665 2450 5720 ad
2495 5667 2892 5725 absurdissima
2925 5687 3157 5743 quisque
3201 5675 3495 5731 admodum
3531 5690 3662 5746 prn-

427 5837 476 5868 ⁸⁵
498 5834 678 5890 Exod.
727 5851 906 5901 xxxxv,
962 5837 1153 5892 53-55.
1234 5839 1282 5872 "
1331 5839 1377 5896 II
1411 5839 1538 5897 Cor.
1604 5858 1679 5907 Ill,
1737 5842 1836 5910 14,
1884 5844 1966 5899 l5.

2074 5846 2091 5877 ⁷
2128 5846 2287 5914 ibid.,
2325 5847 2412 5912 18,
2448 5849 2533 5902 l7.
