4172 6452
551 365 653 421 145

553 570 958 628 turbationibus
985 581 1166 620 essem
1202 559 1418 625 irretiti,
1452 574 1573 628 quae
1606 556 1897 611 dilliculter
1921 555 2034 608 elui
2066 563 2120 608 et

547 662 835 734 exstirpari
877 667 1120 730 possent,
1177 651 1512 723 impossibile
1537 647 1949 720 propemodum
1981 656 2118 709 erat,

551 758 883 822 minimeque
915 755 1250 821 proruptum,
1287 743 1474 798 statim
1511 741 1579 796 ad
1624 753 1895 795 summam
1935 736 2120 806 perfe-

546 851 786 905 ctionem
811 844 1040 900 evadere
1072 841 1232 904 velle,
1262 853 1326 892 ac
1358 835 1483 889 vita:
1516 831 1787 886 rationem
1838 827 2118 896 suscipere

544 942 682 996 adeo
710 939 976 992 illustrem
1011 941 1068 986 et
1110 926 1513 989 admirandam,
1546 931 1628 988 ut,
1672 937 1804 978 cum
1853 920 1909 973 in
1956 917 2119 972 terris

545 1032 912 1090 ambularent,
947 1021 1419 1080 conversationem
1453 1026 1632 1070 tamen
1660 1014 1719 1068 in
1760 1011 1917 1067 caelis
1945 1010 2116 1064 habe-

550 1132 694 1190 rent,
728 1121 872 1177 sicut
901 1117 1169 1185 scriptum
1206 1119 1290 1166 est
1316 1111 1378 1159 ¹³.
1412 1109 1608 1162 Annon
1660 1106 1808 1160 enim
1844 1102 2115 1172 perfecto-

547 1233 666 1272 rum
693 1223 778 1270 est
804 1211 1012 1268 solidus
1039 1206 1216 1268 cibus,
1254 1203 1337 1256 lac
1392 1216 1522 1255 vero
1555 1199 1741 1269 pueris
1775 1195 1954 1251 adhuc
1998 1210 2115 1248 ma-

543 1309 625 1379 gis
657 1303 914 1362 convenit
949 1300 1025 1352 '9?

613 1396 810 1454 PALL.
844 1395 1074 1448 Maxime
1097 1404 1244 1446 vero.

613 1487 768 1543 CYR.
817 1482 1012 1538 Pueris
1047 1481 1213 1550 igitur
1258 1474 1601 1531 institutione
1631 1486 1771 1542 opus
1817 1477 1938 1525 erat
1994 1482 2114 1538 quae

543 1579 733 1652 figuris
783 1575 1179 1635 contineretur,
1207 1581 1282 1636 et,
1335 1578 1395 1623 ut
1426 1567 1500 1622 ita
1546 1565 1748 1630 dicam,
1793 1562 2114 1618 delicatiore

543 1673 726 1734 victu,
757 1685 864 1723 non
893 1681 960 1721 eo
999 1663 1272 1720 sermonis
1311 1673 1514 1731 genere
1543 1656 1689 1727 quod
1727 1654 1794 1710 ad
1823 1652 2114 1725 perfectio—

543 1781 666 1820 nem
703 1761 1035 1823 institueret,
1072 1755 1216 1812 et-ad
1247 1754 1562 1808 absolutum
1592 1748 1838 1804 numeris
1857 1747 2114 1801 omnibus

1570 353 1623 407 S.
1665 349 1938 405 CYRlLLl
1979 349 2447 412 ALEXANDRINI
2486 352 2802 409 ARCHIEP.

549 483 734 538 clivos.
761 479 894 532 Nam
927 490 1048 529 cum
1085 470 1264 527 carnis
1289 482 1473 523 amore
1516 468 1852 530 laborarent,
1883 476 1938 519 et
1987 481 2113 535 per-

2230 484 2419 521 νιπτον
2457 469 2514 522 δὲ
2547 469 2823 534 παντελῶς

3704 360 3805 414 141

2869 487 2964 540 την
3009 473 3369 543 φιλ-Μαρκίαν
3400 473 3802 544 ὴρῤωστηκόσι,

2225 561 2320 613 καὶ
2365 561 2780 630 δυσδιαφύκτοις
2840 561 3070 616 πάθεσιν
3121 564 3668 635 ἐγκατειλημμένοις,
3709 566 3806 617 ἀν-

2223 653 2442 720 έφικτόν
2476 672 2592 717 πως
2629 651 2698 726 ἦν
2741 655 2822 707 ἔτι
2867 656 2962 708 καὶ
2995 656 3094 725 οὐχ
3137 656 3359 727 ἕτοιμον
3389 657 3527 710 ἑλεῖν
3556 657 3617 711 τὸ
3646 658 3806 722 εὐθὺς

2222 745 2596 816 ἀναθρώσκειν
2647 747 2904 800 δύνασθαι
2952 749 3088 820 πρὸς
3126 749 3186 802 τό
3236 750 3375 818 ἀγαν
3423 751 3677 815 ἀστεῖον,
3730 750 3806 814 ὡς

2221 839 2317 890 καὶ
2346 834 2492 909 ζωῆς
2519 856 2641 892 τινα
2671 840 2870 910 τρόπον
2914 839 3295 909 ἐπανελέσθαι,
3339 842 3498 912 τυχὸν
3541 842 3639 912 τῆς
3664 841 3806 893 οὕτω

2223 925 2480 1000 λαμπρᾶς
2506 931 2598 984 καὶ
2626 931 2960 1002 ὑπερφυοῦς,
2993 932 3070 995 ὡς
3101 935 3426 1004 περιπατεῖν
3455 923 3552 1003 pisi;
3581 932 3677 985 ἐπὶ
3703 931 3804 1002 τῆς

2221 1019 2349 1089 γῆς,
2399 1020 2545 1091 ἔχειν
2596 1021 2652 1075 δὲ
2703 1022 2765 1075 τὺ
2814 1023 3118 1094 πολίτευμα
3157 1025 3215 1076 ἐν
3247 1024 3516 1095 οὐρανοῖς,
3551 1023 3698 1077 κατά
3746 1023 3804 1074 τὸ

2219 1109 2712 1184 γεγραμμένονῘΗ
2734 1115 2844 1184 γὰρ
2863 1114 2985 1185 ούχὶ
3005 1114 3228 1169 τελείων
3249 1115 3350 1186 μὲν
3374 1114 3523 1168 ἔστιν
3543 1115 3577 1184 ἡ
3609 1115 3803 1185 στερεά

2219 1205 2413 1276 τροφὴ,
2444 1203 2586 1272 γάλα
2611 1205 2666 1259 δὲ
2702 1208 2816 1270 τοῖς
2841 1205 2920 1259 ἔτι
2963 1205 3178 1276 νηπίοις
3210 1205 3272 1258 τὸ
3309 1205 3800 1276 πρεπωδέστερον;

2290 1386 2471 1438 ΠΑΛΛ
2484 1425 2496 1437 .
2528 1385 2641 1440 Καὶ
2670 1385 2834 1457 μάλα.

2289 1476 2454 1530 ΚΥΡ.
2487 1477 2636 1530 Ἔδει
2668 1478 2846 1532 τοίνυν
2871 1476 3245 1545 παιδαγωγίας
3271 1475 3368 1546 μὲν
3384 1474 3485 1544 τῆς
3511 1476 3568 1527 ἐν
3586 1473 3797 1537 τύποις,

2217 1566 2296 1620 ἔτι
2347 1567 2581 1637 νηπίοις,
2614 1567 2710 1621 καὶ
2759 1567 2824 1622 ἵν’
2858 1566 3032 1630 οὕτως
3062 1564 3330 1636 εἴπωμεν,
3379 1564 3800 1637 τρυφερωτέρας

2217 1663 2552 1733 ἀνατροφῆς,
2585 1663 2708 1733 οὐχὶ
2736 1662 2832 1715 τοῦ
2886 1662 3024 1733 πρὸς
3073 1647 3386 1732 τελειότητα
3426 1659 3800 1722 διατάττοντος

2217 1755 2396 1824 λόγου,
2426 1755 2519 1808 καὶ
2541 1751 2902 1824 ἀποκομίζειν
2943 1753 3056 1805 οἵου
3079 1768 3140 1804 τε
3168 1750 3303 1822 πρὸς
3331 1750 3394 1803 τὸ
3421 1749 3623 1821 ἀρτίως
3650 1750 3796 1818 ἔχον.

542 1867 742 1912 statum
779 1852 1125 1925 perduceret.
1167 1850 1240 1902 Ita
1275 1861 1406 1902 vero
1432 1846 1581 1900 leves
1602 1859 1665 1898 ac
1703 1841 1936 1912 stupidi,
1967 1840 2109 1894 etad

2229 1818 2486 1916 Ἐλαφροὶ
2519 1844 2574 1897 δὲ
2605 1818 2777 1908 οὓτως
2808 1845 2904 1897 καὶ
2933 1818 3383 1914 όλιγογνώμονες,
3412 1818 3505 1894 καὶ
3534 1840 3669 1912 πρὸς
3692 1843 3800 1894 πᾶν

539 1951 723 2006 omnia
756 1943 1228 2019 perturbationum
1256 1955 1454 2010 genera
1489 1934 2111 2005 facilesdeprehendun-

543 2055 630 2097 tur
663 2040 759 2095 ﬁlii
794 2035 981 2102 Israel,
1032 2043 1113 2099 ut,
1169 2033 1216 2088 si
1272 2031 1564 2101 diligenter
1595 2043 1787 2083 eorum
1830 2041 2014 2081 mores
2050 2040 2114 2080 ac

539 2130 721 2186 studia
747 2124 1180 2198 perpendantur,
1217 2135 1288 2174 ne
1321 2117 1515 2172 umbra
1547 2114 1768 2185 quidem
1810 2113 1927 2182 ipsa
1962 2111 2112 2181 digni

537 2223 899 2278 aestimentur.
924 2215 1092 2286 quue
1121 2213 1332 2283 Moyses
1377 2207 1655 2272 ostendit;
1708 2204 1822 2261 Deo
1873 2218 2112 2274 namque

535 2317 615 2371 sic
638 2309 1013 2385 praecipiente,
1078 2303 1327 2360 ascendit
1369 2302 1462 2356 ille
1517 2301 1571 2354 in
1620 2306 1884 2361 montem,
1936 2296 2112 2368 legem

537 2413 916 2476 suscepturus.
990 2402 1062 2456 At
1113 2399 1172 2453 hi
1223 2395 1409 2452 statim
1453 2394 1509 2448 in
1549 2391 1915 2447 defectionem
1977 2388 2112 2459 lapsi

538 2507 710 2563 sunt;
744 2495 917 2550 vitulo
949 2503 1186 2560 namque
1225 2485 1484 2548 conﬂato,
1534 2481 1719 2538 dicere
1757 2480 1943 2536 miseri
1992 2480 2111 2534 ausi

538 2596 698 2644 sunt:
745 2585 852 2640 «lli
896 2591 1026 2638 suut
1071 2580 1148 2634 dii
1200 2579 1304 2643 tui,
1338 2575 1528 2640 Israel,
1566 2574 1660 2644 qui
1718 2582 1771 2628 te
1801 2572 2114 2627 eduxerunt

536 2694 606 2732 ex
664 2685 809 2731 terra
855 2672 1075 2744 [Egypti
1104 2671 1172 2723 ὀ.
1205 2689 1221 2720 ι
1250 2667 1520 2734 Quocirca
1576 2673 1785 2718 tantam
1835 2663 2110 2716 levitatem

537 2770 751 2841 Moyses
777 2765 1000 2836 indigne
1033 2763 1228 2817 ferens
1249 2800 1264 2826 ,
1295 2757 1508 2814 tabulas
1537 2755 1806 2825 confregit
1829 2755 1886 2808 in
1911 2754 2114 2824 quibus

538 2865 624 2917 lex
643 2869 763 2916 erat
791 2857 1068 2926 descripta
1092 2871 1108 2919 ;
1147 2869 1258 2907 non
1287 2853 1399 2923 jam
1433 2849 1626 2904 umbra
1645 2847 1872 2917 quidem
1917 2853 2014 2900 aut
2043 2845 2108 2899 ﬁ-

537 2954 711 3026 guris,
745 2949 842 3006 sed
874 2964 942 3003 ne
971 2947 1082 3001 ulla
1109 2943 1335 3015 quidem
1375 2940 1632 2996 doctrina
1675 2938 1888 2993 caelesti
1917 2937 2112 3008 dignos

537 3061 634 3100 eos
673 3056 926 3105 censens,
954 3039 1049 3108 qui
1073 3051 1140 3092 eo
1173 3033 1419 3105 stuporis
1463 3030 1773 3095 venissent,
1833 3037 1892 3083 ut
1929 3037 2110 3083 tanto—

540 3151 660 3190 rum
692 3132 851 3188 obliti
905 3127 1324 3189 miraculorum,
1357 3138 1479 3193 qua:
1519 3121 1703 3176 divina
1755 3119 1810 3175 vi
1865 3119 2111 3190 ipsorum

537 3242 700 3282 causa
735 3234 886 3296 gesta
902 3229 1080 3286 erant,
1101 3219 1275 3274 vitulo
1314 3229 1506 3270 rursus
1553 3212 1964 3268 venerationem
2011 3211 2112 3266 de-

535 3319 765 3381 ferrent,
807 3325 863 3369 et
887 3312 1202 3384 Egyptium
1241 3307 1396 3361 illum
1426 3303 1635 3359 cultum
1661 3303 1928 3356 memoria
1952 3316 2114 3370 repe-

537 3404 1019 3466 terent.Porroin
1074 3400 1279 3456 tabulis
1316 3395 1552 3468 lapideis
1607 3393 1934 3448 adumbrata
1993 3401 2111 3446 tum

536 3508 658 3558 erat
688 3496 971 3553 veteribus
1008 3494 1095 3548 lex
1127 3491 1227 3546 Dei
1271 3489 1466 3559 digito,
1502 3492 1564 3540 ut
1611 3483 1878 3553 scriptum
1921 3483 1978 3552 8
2008 3491 2110 3535 est.

539 3592 646 3648 Sed
667 3590 758 3644 illa
783 3588 956 3659 ﬁgura
981 3593 1138 3641 erant
1159 3597 1352 3638 eorum
1385 3593 1508 3650 quas
1531 3575 1673 3648 apud
1697 3589 1798 3630 nos
1814 3575 1867 3628 in
1895 3572 2115 3628 Christo

539 3681 779 3753 perfecta
795 3692 915 3732 esse
929 3674 1232 3730 creduntur
1255 3689 1270 3726 :
1295 3667 1562 3726 describit
1585 3665 1732 3722 enim
1759 3663 2114 3734 quodammo-

437 3773 442 3776 ’
538 3771 611 3825 do
636 3770 691 3823 in
712 3766 872 3822 nobis
891 3764 1190 3820 voluntatis
1216 3776 1329 3818 sua:
1353 3759 1724 3832 cognitionem
1750 3756 1842 3812 ille
1865 3755 2113 3811 omnium

539 3861 805 3916 Dominus
828 3858 1002 3921 Deus,
1041 3864 1298 3923 tanquam
1323 3851 1530 3908 calamo
1548 3859 1716 3904 utens
1742 3862 1842 3902 suo
1872 3846 2010 3901 Filio
2057 3846 2114 3900 in

539 3952 770 4024 Spiritu.
804 3949 899 4005 Sic
934 3949 1083 4003 enim
1123 3946 1303 4017 ipsum
1333 3943 1632 4014 appellavit
1662 3957 1761 4012 per
1814 3939 1986 3996 David
2031 3939 2116 3995 di-

537 4057 706 4098 cens:
749 4059 766 4090 ι
790 4039 1002 4109 Lingua
1028 4051 1148 4092 mea
1181 4035 1426 4091 calamus
1452 4032 1649 4088 scribm
1687 4031 1952 4088 velociter
1969 4031 2111 4086 scri-

538 4133 720 4191 bentis
754 4135 820 4186 ".
855 4151 872 4182 ι
911 4127 1199 4199 inscripsit
1243 4125 1395 4183 enim
1453 4125 1515 4179 in
1544 4123 1800 4179 omnium
1848 4123 2112 4179 cordibus

540 4229 631 4282 ille
658 4226 901 4281 calamus
929 4223 1130 4287 Patris,
1159 4219 1212 4275 id
1239 4228 1324 4274 est
1376 4217 1568 4281 Filius,
1621 4216 1802 4272 omnis
1830 4215 1961 4270 boni
2015 4231 2110 4270 οοι-

539 4319 861 4389 gnitionem,
893 4314 1048 4384 quasi
1078 4311 1249 4381 digito
1271 4308 1511 4378 quodam
1538 4308 1656 4372 Dei,
1697 4305 1906 4376 Spiritu
1935 4306 2113 4362 Patris

540 4425 604 4464 ac
629 4422 730 4462 suo
759 4421 912 4460 usus.
940 4403 1180 4473 Digitum
1209 4413 1445 4468 namque
1461 4401 1676 4457 vocavit
1701 4401 1967 4472 Spiritum
1993 4399 2109 4464 Dei,

2214 1936 2392 1991 ὁτιοῦν
2423 1936 2635 1990 εὔκολοι
2665 1935 2774 1989 τῶν
2806 1935 3016 2000 παθῶν,
3063 1935 3240 1987 ἁλοῖεν
3268 1931 3333 1986 ἂν
3357 1934 3406 1986 οί
3438 1932 3499 1996 ἐξ
3545 1933 3795 2002 Ἰσραήλ·

2213 2030 2289 2092 ὡς
2322 2028 2481 2101 εἴπερ
2509 2047 2593 2093 τις
2622 2031 2678 2082 ὲν
2705 2030 2887 2092 αὐτοῖς
2912 2028 3146 2100 ἀκριϐὴς
3175 2023 3242 2098 ἦν
3274 2025 3508 2097 βάσανος
3527 2024 3672 2094 ἠθῶν
3704 2025 3800 2078 καὶ

2215 2123 2656 2193 ἐγχειρημάτων,
2696 2123 2818 2176 οὐδὲ
2871 2122 2937 2176 ἂν
2981 2117 3137 2191 οἶμαι
3173 2120 3331 2182 σκιᾶς
3383 2118 3631 2189 ἢξίωντο.
3690 2119 3799 2171 Καὶ

2212 2216 2372 2270 τοῦτο
2413 2216 2648 2288 δέδειχεν
2677 2217 2706 2269 6
2738 2215 2966 2285 Μωσῆς.
3008 2211 3144 2266 Θεοῦ
3186 2211 3295 2281 γὰρ
3340 2209 3795 2280 προστάττοντος,

2212 2307 2438 2379 ἀνέθορε
2472 2308 2571 2379 μὲν
2601 2309 2682 2374 είς
2707 2307 2770 2360 τὸ
2797 2306 2921 2376 δρος
2961 2303 3142 2368 αὐτὸς,
3165 2303 3256 2356 τὸν
3285 2303 3448 2372 νόμον
3478 2300 3799 2370 ὑποδεξόμε-

2215 2417 2324 2463 νος.
2367 2399 2511 2452 Οίδὲ
2563 2401 2910 2469 παραχρῆμα
2956 2393 3294 2448 κατώλισθον
3346 2394 3426 2456 είς
3475 2393 3794 2448 ἀπόστασιν.

2212 2491 2741 2562 Μεμοσχοποιήκασι
2768 2489 2898 2559 γὰρ,
2929 2487 3096 2556 φάναι
3119 2503 3178 2539 τε
3202 2487 3250 2539 οἱ
3277 2485 3503 2539 δείλαιοι
3533 2484 3797 2555 τετολμή-

2213 2602 2374 2638 κασιν
2399 2601 2412 2616 ο
2453 2603 2472 2636 ι
2513 2579 2671 2638 Οὗτοι
2699 2585 2754 2635 οί
2800 2583 2911 2636 θεοί
2947 2599 3063 2645 σου,
3101 2579 3341 2652 Ἰσραὴλ,
3373 2579 3570 2640 οἵτινες
3597 2578 3794 2648 ἀνήγα·

2213 2677 2310 2744 γόν
2344 2693 2404 2730 σε
2443 2677 2506 2730 ὲκ
2534 2677 2638 2745 γῆς
2663 2675 2961 2744 Αἰγύπτου.
2995 2691 3014 2725 ο
3067 2673 3192 2725 Ἐπὶ
3228 2667 3323 2724 οῦν
3357 2671 3477 2732 ταῖς
3511 2667 3654 2722 οὕτω
3693 2667 3799 2720 δει-

2214 2772 2333 2833 ναῖς
2359 2769 2645 2838 ὲλαφρίαις
2673 2767 2960 2838 ἐδυσφόρει
2998 2765 3098 2837 μὲν
3131 2765 3160 2817 6
3185 2763 3414 2832 Μωσῆς,
3444 2762 3794 2832 κατερῤήγνυ

2213 2861 2269 2915 δὲ
2297 2860 2398 2925 τὰς
2426 2861 2659 2925 πλάκας,
2710 2862 2768 2913 ὲν
2798 2853 2886 2923 αἷς
2913 2853 2984 2930 ἦν
3016 2858 3045 2910 6
3075 2855 3265 2926 νόμος,
3301 2853 3424 2907 οὐδὲ
3455 2854 3613 2916 σκιᾶς
3639 2852 3671 2923 ἦ
3704 2851 3797 2904 τύ-

2214 2965 2355 3012 πων,
2381 2948 2414 3019 ἧ
2443 2947 2546 3001 κᾶν
2567 2945 2851 3016 γοῦν-ὅλως
2871 2945 3249 3013 παιδαγωγίας
3264 2942 3364 3012 τῆς
3387 2940 3594 2995 ἀνωθεν
3612 2940 3798 3004 ἀξίους

2215 3033 2354 3092 εἶναι
2382 3036 2610 3108 νομίσας
2643 3037 2770 3100 τοὺς
2796 3029 2878 3100 οἷς
2925 3052 2989 3106 γε
3018 3033 3272 3087 τοσοῦτον
3298 3032 3649 3102 ἀπόπληκτος
3673 3025 3740 3102 ἦν
3769 3031 3799 3083 6

2216 3129 2363 3194 νοῦς,
2396 3129 2472 3192 ὡς
2500 3127 2886 3200 ἀμνημονῆσαι
2935 3127 3034 3197 μὲν
3066 3125 3176 3178 τῶν
3217 3123 3358 3178 οὕτω
3407 3121 3798 3192 τεθαυμασμέ-

2217 3239 2345 3287 νων,
2378 3219 2414 3274 ἃ
2433 3220 2522 3274 διά
2543 3220 2641 3290 τῆς
2666 3219 2816 3283 θείας
2836 3217 3018 3288 ίσχύος
3052 3217 3194 3288 ὑπὲρ
3215 3214 3394 3269 αὐτῶν
3415 3215 3795 3284 ὲξεπράττετο,

2222 3314 2414 3384 μόσχῳ
2471 3311 2530 3366 δὲ
2571 3311 2634 3365 τὸ
2699 3311 2865 3374 σέϐας
2906 3308 3185 3364 ἀναθεῖναι
3231 3307 3413 3373 πάλιν,
3453 3306 3546 3359 καὶ
3586 3304 3688 3374 τῆς
3741 3306 3800 3356 ἐν

2217 3404 2478 3474 Αἰγύπτῳ
2529 3402 2786 3474 λατρείας
2825 3401 3000 3456 ἐλθεῖν
3053 3403 3112 3463 ες
3154 3401 3488 3470 ἀνάμνησιν.
3549 3397 3690 3450 Ἀλλ’
3740 3398 3800 3450 ὲν

2219 3495 2383 3560 πλαξὶ
2413 3496 2511 3566 μὲν
2537 3493 3212 3563 λιθίναιςξὲσκιογραφεῖτο
3230 3492 3350 3545 τότε
3379 3493 3492 3554 τοῖς
3514 3488 3802 3562 ἀρχαιοτέο

2221 3603 2334 3657 ροις
2366 3587 2395 3638 6
2420 3587 2586 3656 νόμος
2615 3585 2673 3638 ὲν
2699 3584 2947 3655 δακτύλῳ
2978 3583 3137 3647 Θεοῦ,
3165 3583 3310 3638 καθά
3333 3582 3663 3652 γέγραπται.
3695 3581 3802 3634 Τύ-

2219 3693 2320 3741 πος
2344 3677 2400 3730 δὲ
2433 3673 2500 3749 ἦν
2530 3679 2714 3732 ἐκεῖνα
2745 3677 2854 3730 τῶν
2883 3676 3004 3730 καθ’
3039 3677 3191 3746 ἡμᾶς
3210 3676 3268 3729 ὲν
3298 3672 3520 3746 Χριστῷ
3550 3672 3804 3742 γενέσθαι

2218 3769 2690 3840 πεπιστευμένων.
2718 3768 3080 3840 Καταγράφει
3108 3767 3218 3839 γὰρ
3238 3767 3433 3836 ὥσπε-ρ
3460 3765 3519 3818 ὲν
3535 3766 3671 3836 ἡμῖν
3697 3763 3802 3834 τῆς

2218 3861 2413 3916 ἑαυτοῦ
2443 3861 2639 3932 βουλῆς
2660 3859 2760 3931 τὴν
2791 3859 2997 3931 εἴδησιν
3025 3861 3054 3913 6
3080 3858 3298 3914 πάντων
3331 3857 3613 3927 Δεσπότης
3641 3855 3800 3920 Θεὸς,

2217 3955 2379 4010 οἱονεὶ
2404 3953 2634 4025 καλάμῳ
2664 3951 2944 4023 χρώμενος
2967 3949 3044 4020 τῷ
3077 3949 3190 4021 Υίῷ
3218 3951 3277 4002 ὲν
3313 3947 3610 4019 Πνεύματι.
3656 3947 3802 4003 Ὦνό-

2221 4046 2360 4119 μαζε
2416 4045 2526 4117 γάρ
2576 4044 2752 4108 οὕτως
2789 4042 2952 4098 αὑτὸν
2998 4041 3086 4095 διὰ
3137 4041 3321 4106 Δαϐὶδ,
3375 4041 3577 4110 λέγων·
3642 4058 3663 4093 ι
3734 4040 3802 4094 Ἠ

2217 4137 2442 4208 γλῶσσά
2482 4152 2584 4207 μου
2654 4133 2900 4204 κάλαμος
2949 4129 3324 4204 γραμματέως
3371 4129 3714 4202 -όξυγράφου,
3773 4147 3794 4181 ι

2231 4224 2553 4297 Ἐνεχάραξε
2581 4222 2688 4295 γὰρ
2717 4225 2840 4286 ταῖς
2859 4221 3114 4275 ἁπάντων
3141 4219 3389 4292 καρδίαις
3409 4221 3436 4272 6
3461 4219 3554 4272 τοῦ
3585 4217 3803 4288 Πατρδς

2219 4319 2485 4389 κάλαμος,
2520 4316 2666 4370 τοῦτ’
2715 4317 2884 4378 ἐστιν,
2929 4314 2959 4367 6
3001 4313 3153 4378 Υἱὸς,
3190 4311 3288 4382 τὴν
3339 4310 3546 4375 ’παντὸς
3593 4309 3802 4381 εἴδησιν

2219 4405 2448 4476 ἀγαθοῦ,
2483 4405 2645 4459 οίονεί
2677 4422 2780 4459 τινι
2807 4402 3057 4474 δακτύλῳ
3078 4400 3235 4466 Θεοῦ,
3258 4400 3336 4472 τῷ
3360 4417 3420 4453 τε
3442 4401 3535 4453 τοῦ
3565 4399 3800 4470 Πατρδς,

541 4512 690 4553 nunc
713 4496 935 4566 quidem
965 4493 1190 4548 dicens:
1229 4512 1247 4544 ι
1275 4491 1331 4546 Si
1370 4507 1472 4562 ego
1501 4494 1556 4547 in
1596 4492 1804 4563 Spiritu
1833 4494 1930 4549 Dei
1953 4493 2114 4564 ejicio

2220 4501 2314 4554 καὶ
2341 4499 2420 4570 τῷ
2445 4500 2562 4568 ἰδίῳ
2587 4498 2870 4569 χρώμενος
2903 4495 3204 4565 Πνεύματι.
3233 4491 3504 4546 Δάκτυλον
3527 4490 3637 4562 γὰρ
3661 4490 3804 4543 ὠνό-

539 4589 809 4646 daemonia
848 4589 926 4653 ¹²;
957 4605 974 4638 ι
1035 4600 1184 4640 nunc
1219 4600 1388 4639 vero:
1433 4605 1449 4634 ι
1481 4585 1536 4639 Si
1583 4581 1766 4640 autem
1795 4600 1897 4656 ego
1928 4586 1983 4639 in
2031 4586 2116 4640 di-

540 4683 652 4754 gito
675 4681 772 4736 Dei
824 4679 987 4751 ejicio
1043 4678 1312 4732 daemonia
1341 4679 1446 4730 υ.»
1491 4677 1790 4747 Epistolam
1841 4695 1971 4734 vero
2017 4695 2118 4734 nos

541 4773 880 4847 spiritualem
935 4771 1104 4826 etiam
1134 4772 1338 4826 Paulus
1388 4771 1709 4842 appellavit,
1763 4789 1889 4828 eum
1939 4773 2114 4828 dixit:

547 4887 564 4916 ι
602 4865 844 4938 Epistola
884 4872 1072 4918 nostra
1114 4878 1211 4917 vos
1260 4863 1394 4918 estis
1445 4864 1707 4934 inscripta
1748 4866 1803 4920 in
1858 4867 2118 4922 cordibus

539 4959 764 5022 nostris,
790 4971 913 5026 quae
946 4955 1120 5011 scitur
1139 4964 1198 5011 et
1241 4955 1444 5026 legitur
1475 4956 1552 5010 ab
1587 4957 1845 5012 omnibus
1874 4958 2117 5013 homini-

539 5050 664 5113 bus,
693 5045 1030 5102 manil’estati
1067 5045 1215 5115 quod
1235 5045 1473 5115 epistola
1515 5046 1650 5101 estis
1687 5046 1916 5110 Christi,
1951 5047 2116 5101 mini-
2152 5086 2155 5087 ν

539 5149 709 5194 strata
739 5155 770 5194 a
807 5139 990 5203 nobis,
1026 5147 1083 5193 et
1117 5137 1325 5207 scripta
1364 5152 1473 5192 non
1508 5147 1837 5204 atramento,
1860 5138 1955 5192 sed
1992 5138 2116 5208 Spi—

541 5230 652 5284 ritu
682 5229 779 5284 Dei
826 5230 1097 5296 viventis;
1129 5245 1239 5284 non
1272 5229 1330 5283 in
1367 5229 1567 5285 tabulis
1617 5231 1872 5300 lapideis,
1921 5230 2018 5285 sed
2063 5231 2116 5284 iu

543 5320 748 5375 tabulis
781 5321 962 5377 cordis
987 5321 1301 5376 carnalibus
1329 5321 1394 5372 "..
1422 5339 1441 5372 ι

613 5584 819 5641 PALL.
851 5585 1126 5656 Equidem
1165 5589 1475 5653 assentior,
1517 5588 1720 5662 ﬁguras
1775 5607 1895 5648 esse
1953 5606 2114 5667 atque

611 5707 1024 5780 teghilippdu)
1047 5707 1136 5762 20.
1216 5710 1259 5780 ίξ
1288 5709 1454 5780 Hebr.
1491 5713 1754 5778 “12-14.

541 5793 615 5838 ιι.
655 5777 745 5838 20.
824 5777 878 5810 π
907 5779 950 5832 ΙΙ
981 5779 1105 5834 Cor.
1131 5795 1209 5843 ιιι,
1232 5778 1286 5843 2,
1315 5779 1365 5832 5.

1808 5719 1862 5786 ,¹⁰
1891 5719 2062 5776 Exod.
2121 5741 2284 5788 xxxii,
2321 5725 2372 5779 4.
2439 5726 2480 5758 ’⁸
2510 5724 2651 5780 Paul.
2686 5741 2826 5791 xuv,
2866 5725 2920 5778 2.

2220 4609 2360 4664 μασε
2391 4592 2450 4643 τὸ
2478 4589 2705 4659 Πνεῦμα
2722 4587 2882 4654 Θεοῦ,
2910 4587 3103 4654 λέγων,
3135 4585 3265 4638 ποτὲ
3303 4585 3431 4654 μὲν,
3467 4601 3486 4634 ι
3524 4583 3586 4636 El
3614 4581 3806 4650 δὲὲγὼ

2215 4685 2272 4736 ὲν
2306 4681 2589 4752 Πνεύματι
2621 4677 2758 4734 Θεοῦ
2787 4677 3036 4733 ἐκϐάλλω
3065 4676 3136 4730 τά
3173 4675 3456 4746 δαιμόνιαο
3512 4694 3531 4727 ι
3574 4672 3704 4726 ποτὲ
3741 4672 3806 4725 δὲ

2215 4771 2308 4837 αὖ,
2341 4791 2362 4824 ι
2395 4774 2457 4827 El
2483 4773 2539 4828 δὲ
2553 4775 2611 4827 ὲν
2647 4769 2898 4842 δακτύλῳ
2926 4768 3064 4823 Θεοῦ
3089 4767 3338 4822 ἐκϐάλλω
3363 4765 3432 4820 τά
3462 4765 3735 4835 δαιμόνια.
3779 4781 3800 4815 ›

2228 4865 2548 4935 Ἐπιστολὴν
2581 4865 2639 4918 δὲ
2670 4865 2821 4936 ἡμᾶς
2856 4861 2955 4932 τὴν
2996 4859 3372 4931 πνευματικὴν
3401 4858 3496 4912 καὶ
3526 4859 3555 4911 6
3589 4855 3807 4920 Παῦλος

2217 4960 2424 5024 ἐκάλει,
2443 4959 2616 5027 λέγων
2635 4973 2648 4987 ⁸
2683 4976 2702 5009 ι
2746 4958 2811 5010 Ἦ
2842 4954 3102 5024 ἐπιστολὴ
3129 4952 3286 5024 ἡμῶν
3306 4953 3463 5023 ὑμεῖς
3493 4952 3614 5004 ἐστε
3644 4951 3808 5018 ἐγγε-

2215 5053 2512 5124 γραμμένη
2546 5055 2604 5103 ἐν
2638 5052 2761 5113 ταῖς
2795 5047 3048 5118 καρδίαις
3077 5046 3254 5117 ἡμῶν,
3289 5041 3668 5113 γινωσκομένη
3709 5043 3808 5095 καὶ

2216 5143 2700 5213 ἀναγινωσκομένη
2733 5140 2841 5194 ὑπὸ
2864 5139 3082 5193 πάντων
3113 5135 3438 5207 ἀνθρώπων,
3464 5132 3700 5204 φανερού
3711 5149 3807 5213 μετ

2217 5253 2297 5289 νοι
2325 5207 2408 5288 ότι
2433 5207 2832 5301 ἐστὲ-ἐπιστολὴ
2851 5229 2984 5283 Θεοῦ
3001 5227 3386 5299 διακονηθεῖσα
3408 5227 3500 5295 ὑφ’
3517 5225 3695 5297 ἡμῶν,
3715 5207 3811 5291 ὲγεί

2223 5327 2610 5398 γεγραμμένη,
2628 5326 2688 5379 ού
2714 5323 2929 5394 μέλανι,
2957 5321 3092 5376 ἀλλὰ
3123 5320 3400 5391 Πνεύματι
3421 5319 3555 5374 Θεοῦ
3580 5318 3808 5384 ζῶντος,

2224 5421 2324 5472 οὐκ
2347 5420 2405 5471 ὲν
2429 5417 2616 5483 πίναξι
2647 5415 2898 5479 λιθίναις,
2933 5413 3048 5467 ἀλλ’
3075 5415 3132 5467 ἐν
3164 5411 3326 5478 πλαξὶ
3366 5412 3594 5484 καρδίας
3618 5411 3805 5482 σαρκία

2226 5528 2364 5574 ναις.
2411 5529 2428 5560 ι

2297 5603 2504 5656 ΠΑΔΛ.
2552 5599 2690 5653 Ἀλλ’
2740 5598 2820 5652 ὅτι
2867 5599 2966 5669 μὲν
3004 5595 3165 5651 τύποι
3204 5597 3299 5650 καί
3347 5597 3500 5650 σκιαὶ
3548 5595 3617 5650 τὰ
3665 5595 3806 5649 κατά

3023 5717 3069 5748 ³⁸
3089 5721 3278 5776 Matth.
3305 5737 3400 5787 xu,
3422 5720 3512 5776 27.
3590 5720 3636 5753 ³³
3670 5718 3804 5775 Luc.
