2086 3221
189 221 291 265 ηδ,

581 225 625 252 DE
642 224 865 253 ADORATIONE
885 225 919 252 IN
940 225 1077 253 SPIRITU
1095 225 1138 252 ET
1159 225 1344 253 YERITATE.
1367 225 1431 252 LIB.
1452 225 1471 251 l.

1801 223 1850 250 HG

186 281 241 308 τὸν
254 282 353 317 νόμον,
367 281 454 318 φαίην
469 283 503 310 ἂν
518 288 566 309 και
587 282 680 316 αὐτὸς,
697 280 727 309 εὖ
742 281 798 308 ῐσθι
818 291 869 309 τοι.
885 282 952 318 Φέρε
967 282 1000 318 δὴ

1060 283 1179 315 imbras,
1192 291 1252 318 qum
1267 283 1326 318 lege
1340 282 1532 311 continentur.
1557 281 1611 309 Sed
1630 289 1689 316 age,
1709 280 1850 308 subtiliter

185 324 240 356 οὖν
249 327 355 359 λεπτόν
367 337 398 355 τε
409 329 458 356 καὶ
472 328 575 365 ἀκρισῆ
590 329 647 360 τοῖς
665 329 694 355 ἐν
708 328 787 364 τύπῳ
802 329 999 364 κεχρησμωδη-

187 374 291 410 μένοις
310 374 432 408 ἐνιέντες
445 375 494 402 τὸν
507 374 579 408 νοῦν,
592 375 867 411 πολυπραγμονῶμεν
883 373 913 401 εὖ
926 374 999 409 μάλα

185 421 240 456 τῆς
257 421 392 458 ἀληθείας
417 421 448 448 τὸ
473 420 581 454 κάλλος.
605 421 655 457 Εἵη
677 421 733 456 γὰρ
756 421 790 448 ἂν
811 420 883 447 οὕτω
907 420 999 447 λοιπὸν

184 466 285 494 οὐδενὶ
305 466 362 498 τῶν
387 466 474 498 ὄντων
497 466 658 503 ἀσυμφανὲς
676 467 734 502 τῆς
746 467 775 494 ὲν
799 466 935 502 πνεύματι
955 466 1001 493 λα-

184 512 293 549 τρείας
308 512 340 540 τὺ
354 513 518 549 μυστήριον.

227 558 319 585 ΚΥΡ.
331 558 389 585 Καὶ
400 559 467 594 μὴν,
476 555 499 586 ὦ
507 560 628 593 γενναῖε,
637 559 838 594 καταπέφρικά
847 567 888 585 τοι
898 558 1000 594 σφόδρα

187 605 322 639 εἰκότως,
336 605 522 634 δυσοκνὸτατά
536 605 567 632 τέ
586 605 643 641 είμῖ
659 604 728 640 πρὸς
744 605 823 632 τοῦτο
846 605 916 632 λίαν.
938 603 1000 632 Εἶεν

187 650 248 687 γὰρ
265 648 349 687 οἶμαί
360 658 413 678 που
427 652 486 682 τοῖς
501 650 564 678 καθ’
577 650 652 686 ἡμᾶς
660 650 709 685 οὺχ
721 650 858 685 ἁλώσιμα,
867 651 901 677 τὰ
914 650 1000 682 οὕτως

187 695 396 732 ἀνῳκισμένην
418 697 468 723 καὶ
492 696 628 732 ὑπερτενῆ
654 696 774 731 λαχόντα
790 696 840 731 τὴν
872 696 999 732 Θεωρίαν.

187 742 307 778 Χρῆναι
332 742 362 770 δὲ
389 740 469 778 οἶμαι
493 742 584 777 λέγειν
602 742 838 778 ἀνασκοπουμένῳ
862 742 892 769 τὸ
920 742 1001 778 βάθος

186 786 250 814 τῶν
258 787 291 815 ἀν
305 786 347 823 τῷ
363 787 440 823 νόμῳ
451 787 643 824 θεωρημάτων
653 797 659 803 ·
680 798 689 814 ‹
706 788 754 820 Τίς
773 788 855 823 σοφὸς
870 789 918 815 καὶ
940 798 998 817 συν-

188 834 256 871 ὴσει
274 832 382 869 mina;
393 834 442 861 καὶ
455 834 576 867 συνετὸς,
593 834 641 861 καὶ
652 835 836 869 ἐπιγνώσεται
847 835 933 869 cura;
953 844 961 861 ι

229 925 344 953 ΠᾹΛΛ.
357 925 416 954 οὔκ
438 926 547 961 ἄτραχυ
566 926 616 961 μὲν
631 925 661 952 τὸ
685 925 788 961 χρῆμα,
807 921 829 951 ὧ
847 925 908 951 τᾶν.
931 934 939 950 ι
956 924 1002 951 Αί-

1053 334 1081 357 et
1095 334 1234 362 accurate,
1254 337 1314 364 quae
1328 338 1378 365 per
1398 329 1500 365 ﬁguras
1515 328 1617 356 tradita
1632 331 1708 359 sunt,
1721 327 1849 355 animad—

1054 380 1203 409 vertamus,
1222 384 1253 403 ac
1269 375 1419 411 diligenter
1445 376 1644 410 investigemus
1677 374 1765 409 ipsam
1784 374 1849 409 pul-

1053 422 1243 450 chritudinem
1258 422 1402 449 veritatis:
1417 422 1455 449 ita
1482 422 1595 449 demum
1621 421 1726 448 nemini
1746 421 1849 448 obscu-

1053 477 1113 496 rum
1126 476 1186 497 esse
1204 469 1367 505 mysterium
1380 469 1471 496 cultus
1486 468 1513 495 in
1533 468 1633 509 spiritu
1645 467 1758 503 poterit.

1088 559 1167 587 ΟΥΕ.
1189 559 1325 594 Equidem
1353 559 1465 592 horreo,
1481 559 1602 591 Palladi;
1633 565 1723 593 neque
1746 558 1773 585 id
1789 557 1850 585 sine

1053 614 1146 639 causa,
1167 611 1195 633 et
1207 611 1317 642 gravate
1339 605 1489 633 admodum
1508 605 1542 632 ad
1558 605 1611 632 hoc
1641 612 1742 632 munus
1769 611 1849 631 acce—

1054 652 1100 679 do.
1118 652 1221 679 llarum
1239 651 1313 679 enim
1325 660 1419 679 rerum
1438 650 1638 686 contemplatio
1654 651 1691 678 ita
1707 650 1794 677 ardua
1809 655 1851 676 est

1054 703 1136 733 atque
1168 698 1307 731 sublimis,
1324 703 1355 726 ut
1371 698 1493 725 humano
1517 697 1659 724 intellectu
1684 697 1729 723 vix
1746 696 1849 731 percipi

1053 748 1155 780 queat:
1171 753 1202 772 ac
1217 745 1239 772 si
1255 744 1318 780 quis
1329 744 1504 772 altitudinem
1527 743 1794 777 contemplationum
1803 750 1850 769 ea-

1054 800 1116 819 rum
1143 800 1204 827 quae
1219 792 1308 820 latent
1329 792 1358 819 in
1383 792 1454 827 lege,
1473 790 1639 826 spectaverit
1659 797 1715 816 non
1732 788 1852 815 absurde

1054 838 1138 865 verba
1156 838 1202 866 illa
1216 846 1352 874 usurpare
1367 837 1470 873 poterit
1485 846 1490 863 :
1512 847 1520 862 ι
1536 836 1605 870 Quis
1620 835 1741 871 sapiens,
1755 840 1783 863 et
1809 835 1852 861 in—

1056 884 1160 920 telliget
1178 885 1256 912 haec?
1268 889 1295 913 et
1307 884 1440 920 prudens,
1456 887 1485 911 et
1495 886 1644 919 cognoscet
1659 882 1717 918 ipsa
1728 883 1750 898 "
1763 882 1775 908 ‘!
1787 891 1795 906 ι

1091 931 1191 959 PALL.
1207 931 1335 967 Magnum
1361 938 1433 966 opus
1444 934 1473 958 et
1497 929 1627 961 arduum,
1655 928 1767 965 Cyrille.
1799 927 1852 955 Sed

189 973 269 1000 τεῖτε
288 982 298 998 ι
323 971 354 1000 δὲ
370 973 458 1009 ὅμως,
476 973 559 1009 φησὶν
579 973 593 999 ὁ
619 971 748 1008 Χριστὸς,
768 981 777 997 ι
797 971 844 998 καὶ
859 971 1003 1007 δοθήσεται

1060 988 1067 1003 ι
1081 977 1182 1013 petite,
1197 987 1206 1003 ι
1217 977 1308 1013 inquit
1319 977 1457 1009 Christus,
1476 986 1485 1002 ι
1498 980 1526 1004 et
1538 976 1649 1003 dabitur
1660 974 1739 1003 vobis
1752 983 1758 1006 ;
1777 982 1853 1008 qua3~

190 1020 283 1056 ὑμῖν
298 1019 409 1055 ζητεῖτε
425 1018 474 1046 καὶ
493 1018 640 1055 εὑρήσετε,
665 1018 779 1054 κρούετε
796 1017 843 1045 καὶ
861 1018 1003 1053 ἀνοιγήσε-

189 1074 240 1093 ται
253 1066 332 1102 ὑμῖν.
351 1075 362 1092 ι

229 1112 319 1140 ΚΥΡ.
346 1112 428 1140 ἰτὲον
443 1112 477 1148 δὴ
500 1109 549 1139 οὖν
566 1112 613 1139 ἐπὶ
628 1111 658 1138 τὸ
673 1112 773 1148 χρῆναι
796 1111 953 1147 φιλοθηρεῖν
974 1112 1005 1138 τὸ

189 1157 296 1187 Ιπλοῦν
309 1159 353 1192 εἰς
365 1157 462 1194 ὄνησιν
474 1165 481 1172 ·
496 1158 547 1186 καὶ
568 1157 601 1194 δὴ
619 1158 666 1185 καὶ
684 1158 826 1194 ἱκετηρίαν
841 1157 1003 1193 προανατεί-

192 1214 293 1242 νυμον
303 1204 434 1240 λέγοντες
445 1213 452 1221 ι
468 1214 478 1231 ι
502 1205 693 1240 Ἀποκὰλυψον
703 1206 765 1237 τοὺς
773 1204 931 1240 ὀφθαλμούς
942 1213 1003 1240 μου,

192 1253 248 1281 καὶ
262 1251 433 1288 κατανοήσω
447 1251 484 1279 τὰ
496 1251 640 1288 θαυμάσια
653 1261 699 1278 σου
718 1252 750 1278 ὲκ
762 1251 809 1279 τοῦ
826 1251 909 1287 νόμου
922 1260 980 1278 σου.
993 1260 1002 1277 ι

191 1299 246 1326 Δεῖ
255 1298 287 1326 δὲ
305 1298 397 1335 ἡμᾶς,
413 1298 453 1330 ὼς
467 1297 552 1332 ἔοικε,
568 1298 623 1334 πρό
635 1306 667 1333 γε
681 1298 735 1325 τῶν
747 1298 835 1325 ἄλλων
849 1298 947 1331 εἰπεῖν,
956 1298 1006 1333 τήν

191 1353 227 1372 τι
239 1345 285 1377 εις
292 1343 458 1380 φαυλότητα
464 1343 513 1371 τοῦ
522 1343 668 1380 ἀνθρώπου
680 1352 718 1370 πα
723 1344 874 1380 ρατροπὴν,
884 1342 1006 1374 δουλείας

191 1399 227 1418 τε
241 1390 324 1427 πέρι,
338 1390 388 1418 καὶ
398 1390 592 1427 αἰχμαλωσίας
602 1390 652 1426 τῆς
667 1389 719 1416 ὑπὸ
729 1389 768 1425 τῷ
778 1389 889 1417 πάντων
903 1389 1005 1425 ἐχθρῷ,

191 1437 275 1471 ὅπως
293 1445 326 1464 τε
349 1437 400 1465 καὶ
413 1436 475 1464 τινα
497 1435 600 1474 τρόπον
624 1436 705 1463 ταυτὶ
722 1435 787 1471 παρ’
810 1435 891 1472 ἡμῶν
911 1436 960 1462 καὶ
977 1436 1006 1462 ὲν

191 1485 266 1521 ludi!
287 1483 489 1521 ἐκπράττεται.
516 1484 721 1520 Προσεπειπεῖν
746 1482 774 1509 δὲ
797 1482 830 1518 δὴ
857 1482 940 1516 οὕτω,
956 1483 1006 1509 καὶ

193 1531 261 1559 τινα
271 1531 329 1569 χρὴ
341 1531 446 1567 τρόπον
452 1530 598 1559 ἀπονεύειν
604 1530 651 1557 τοῦ
663 1529 761 1563 κακοῦ,
775 1530 821 1556 καὶ
828 1529 1007 1557 ἀποσείεσθαι

197 1577 251 1614 μὶν
263 1576 319 1614 τῆς
335 1577 382 1604 ἐπ’
397 1576 496 1612 ἐκείνῳ
518 1575 642 1607 δουλείας
653 1575 700 1602 τὸν
715 1575 807 1610 ζυγὸν,
819 1574 1008 1612 ἀναϐρώσκειν

199 1618 272 1650 διεδ
283 1622 356 1660 πρὸς
364 1622 398 1649 τὸ
409 1622 439 1649 ἐν
451 1622 561 1658 ἀρχαῖς,
574 1621 755 1653 διασώζοντος
762 1621 809 1649 καὶ
819 1621 1006 1657 ἐπαμύνοντος

201 1667 250 1696 1m-
265 1668 353 1698 οιοῧι
373 1667 446 1705 Τῇδε
468 1667 525 1703 γὰρ
546 1669 614 1703 ἡμῖν
630 1667 716 1699 ἰόντος
736 1666 785 1694 τοῦ
800 1667 881 1702 λόγου
896 1667 949 1703 ὁδῷ
970 1669 1003 1703 τῇ

200 1714 362 1752 πρεπούσῃ.
376 1714 515 1750 προσήκοι
532 1713 576 1746 ἂν,
592 1711 681 1749 οἶμαι,
693 1714 741 1741 καὶ
756 1714 789 1740 τὰ
805 1711 896 1742 λοιπά.

232 1761 346 1793 ΠΔΔΔ.
368 1760 520 1796 ὀρθάιατα
535 1760 639 1796 διανοῇι

233 1807 324 1836 ΚΥΡ.
345 1806 385 1834 Τδ
398 1805 455 1843 γάρ
468 1815 512 1835 τοι
532 1807 722 1843 καρποφορεῖν
743 1806 874 1833 δύνασθαι
891 1806 930 1842 τῷ
948 1806 1008 1842 Θεῷ

196 1852 250 1882 καὶ
272 1852 429 1890 προσάγειν
443 1851 541 1884 θυσίας
563 1852 765 1888 πνευματικὰς,
781 1852 865 1887 ἧγουν
885 1852 1008 1888 ἀνδρίζε-

198 1899 292 1933 σθαι,
308 1898 360 1927 καὶ
372 1898 541 1935 εὐδοκιμεῖν,
558 1898 710 1934 κατορθοῦν
725 1898 867 1931 ἐθέλοντας
885 1899 934 1935 τὴν
946 1899 1009 1935 ἀρε-

196 1945 265 1983 τὴν,
291 1945 357 1982 οὐχὶ
372 1945 460 1981 δήπου
481 1943 583 1981 πρέποι
605 1945 639 1972 ἂν
655 1945 712 1976 τοῖς
730 1945 802 1972 οὕτω
821 1945 942 1977 δουλείας
963 1945 1010 1972 καὶ

197 1989 303 2017 παθῶν
317 1989 446 2026 ἀνάγκης
461 1988 703 2025 ἀπηλλαγμένοις,
720 1989 778 2016 ἀλλ’
792 1987 833 2022 οἷς
849 1990 900 2026 ἤδη
921 1999 979 2023 πως
996 1991 1010 2017 ὁ

197 2036 268 2070 νοῦς
282 2036 420 2072 ἀνανήφει
430 2035 501 2072 πρὸς
509 2035 541 2063 τὸ
551 2035 704 2070 ἐλεύθερον,
722 2036 770 2063 καὶ
783 2036 833 2062 οὐκ
844 2036 1011 2073 ἀμελέτητον

198 2084 262 2121 εχει
270 2083 492 2112 τδάποσείεσθαι
503 2082 549 2110 τὸν
558 2082 640 2118 ζυγὸν
653 2082 702 2117 τῆς
713 2082 761 2109 τοῦ
777 2082 900 2110 διαϐόλου
915 2083 1011 2111 πλεον-

197 2129 295 2164 ιξιας.

238 2174 352 2204 ΠΔΛΛ.
369 2175 516 2212 Σὺμφημι,
530 2174 602 2207 νοεῖς
613 2175 668 2211 γὰρ
681 2175 780 2211 ὀρθῶς.

239 2223 328 2252 ΚΥΡ.
345 2221 403 2250 Καὶ
421 2222 455 2259 δὴ
471 2222 519 2250 καὶ
533 2221 669 2257 λέγωμεν,
688 2221 726 2254 ὡς
752 2221 899 2258 πεποίηται
925 2222 974 2258 μὲν
999 2223 1013 2248 ὁ

199 2269 357 2306 ἄνθρωπος
371 2270 401 2296 ὲν
417 2269 529 2305 ἀρχαῖς,
548 2268 688 2305 ἁμαρτίας
703 2268 753 2304 μὲν
766 2268 814 2296 καὶ
831 2268 926 2295 παθῶν
941 2269 1013 2296 ἀνω-

1056 1024 1119 1057 rlte,
1136 1028 1164 1052 et
1177 1023 1344 1057 invenietis;
1368 1023 1495 1059 pulsate,
1514 1026 1542 1050 et
1553 1021 1693 1057 aperietur
1708 1020 1827 1048 vobis“.
1843 1029 1851 1044 ι

1091 1115 1169 1143 CYR.
1184 1114 1357 1151 Pergendum
1372 1114 1455 1150 igitur
1473 1112 1554 1140 nobis
1574 1116 1617 1139 est
1635 1111 1669 1138 ad
1690 1118 1723 1138 ea
1738 1110 1854 1137 investi-

1056 1162 1143 1196 ganda
1172 1169 1233 1196 quae
1257 1161 1406 1188 utilitatem
1425 1159 1526 1187 afferre
1552 1162 1679 1194 possunt,
1708 1164 1740 1184 ac
1758 1164 1855 1191 preces

1057 1207 1269 1242 prmmittamus,
1285 1206 1429 1233 dicentes:
1450 1214 1459 1230 ι
1474 1204 1577 1232 Revela
1601 1203 1698 1230 oculos
1722 1209 1809 1233 meos,
1828 1207 1856 1229 et

1057 1251 1242 1279 considerabo
1258 1249 1397 1278 mirabilia
1425 1249 1459 1277 de
1479 1249 1539 1285 lege
1566 1253 1611 1276 tua
1624 1248 1679 1274 ¹⁷.»
1708 1247 1779 1274 Ante
1801 1247 1855 1274 alia

1059 1296 1144 1333 igitur
1166 1296 1317 1324 dicendum
1340 1295 1421 1323 nobis
1442 1299 1486 1322 est
1511 1294 1545 1321 de
1572 1294 1651 1329 lapsu
1672 1293 1794 1320 hominis
1827 1293 1854 1319 in

1057 1348 1219 1378 peccatum,
1234 1343 1324 1378 deque
1350 1342 1485 1370 servitute
1508 1345 1591 1377 atque
1618 1340 1781 1376 captivitate
1802 1347 1855 1374 qua

1057 1389 1086 1425 9
1097 1390 1149 1418 sub
1165 1390 1289 1417 omnium
1303 1388 1443 1417 communi
1458 1388 1538 1416 hoste
1563 1387 1722 1419 tenebatur,
1739 1390 1770 1413 ut
1784 1393 1856 1421 quo-

1059 1437 1207 1465 dammodo
1225 1437 1283 1464 haec
1304 1444 1320 1463 a
1335 1436 1417 1463 nobis
1431 1439 1459 1463 et
1481 1435 1511 1462 in
1532 1434 1615 1462 nobis
1626 1433 1703 1461 ﬁant.
1721 1432 1771 1460 His
1784 1432 1855 1467 adji-

1059 1483 1189 1511 ciendum
1206 1487 1249 1510 est
1268 1481 1408 1518 quomodo
1431 1480 1628 1508 declinandum
1641 1479 1677 1507 sit
1698 1486 1712 1506 a
1724 1478 1809 1510 malo,
1829 1481 1858 1505 et

1059 1529 1257 1557 excutiendum
1275 1528 1419 1556 servitutis
1446 1528 1554 1563 jugum,
1567 1534 1623 1562 qua
1636 1525 1689 1553 sub
1715 1525 1762 1552 illo
1779 1529 1857 1551 tene-

1059 1584 1133 1609 mur,
1158 1578 1190 1603 ut
1211 1575 1245 1602 ad
1268 1574 1413 1610 pristinam
1436 1573 1546 1601 tandem
1573 1571 1771 1607 integritatem,
1799 1578 1858 1597 ser—

1058 1626 1141 1651 vante
1162 1626 1191 1649 et
1216 1621 1363 1657 adiuvante
1389 1621 1464 1653 Deo,
1482 1619 1575 1647 redire
1601 1618 1751 1654 possimus.
1781 1617 1857 1644 Hane

1057 1668 1132 1695 enim
1151 1666 1224 1694 viam
1245 1666 1267 1693 si
1292 1670 1388 1693 nostra
1412 1665 1500 1692 oratio
1520 1664 1652 1696 tenuerit,
1675 1667 1752 1691 recto
1774 1662 1858 1690 etiam

1058 1714 1157 1742 itinere
1172 1712 1399 1748 progrediantur,
1411 1716 1440 1739 ut
1456 1712 1566 1747 opinor,
1579 1714 1607 1738 et
1616 1710 1734 1745 reliqua.

1097 1760 1195 1788 PALL.
1218 1759 1303 1786 Recte
1318 1758 1415 1786 sentis.

1096 1806 1174 1834 CYR.
1193 1805 1329 1839 Quocirca
1352 1804 1507 1831 oblationes
1538 1806 1620 1838 atque
1640 1801 1745 1829 hostias
1761 1801 1861 1828 oﬁ'ert‘e

1062 1854 1118 1881 Deo
1144 1851 1313 1888 spirituales,
1333 1854 1431 1885 nempe
1448 1853 1560 1877 strenue
1585 1857 1614 1876 se
1636 1853 1665 1876 et
1685 1847 1862 1875 laudabiliter

1060 1898 1242 1934 exsequendze
1258 1897 1370 1924 virtutis
1384 1896 1477 1924 studio
1492 1904 1587 1932 gerere
1597 1916 1604 1928 ,
1622 1895 1735 1922 minime
1747 1895 1782 1922 iis
1795 1903 1863 1922 con-

1061 1944 1136 1972 venit
1154 1943 1202 1979 qui
1220 1951 1250 1971 se
1269 1942 1393 1970 nondum
1413 1950 1427 1969 a
1450 1941 1581 1968 vitiorum
1600 1940 1751 1972 servitute,
1772 1939 1863 1967 domi-

1062 1996 1184 2026 natuque
1196 1989 1361 2022 liberarint;
1380 1989 1428 2016 sed
1446 1988 1480 2016 iis
1499 1996 1617 2023 quorum
1638 1987 1748 2015 animus
1772 1987 1806 2014 ad
1828 1987 1863 2014 li-

1062 2038 1198 2065 bertatem
1221 2035 1348 2071 erigitur,
1377 2040 1405 2063 et
1433 2035 1466 2062 ad
1494 2034 1691 2062 excutiendum
1720 2033 1865 2061 diabolicae

1064 2079 1219 2118 tyrannidis
1237 2082 1333 2118 jugum
1353 2089 1408 2108 non
1430 2085 1472 2109 est
1493 2080 1650 2108 incuriosus
1665 2083 1693 2107 et
1712 2079 1862 2115 negligens.

1101 2173 1199 2202 PALL.
1220 2172 1378 2200 Assentior:
1394 2176 1468 2199 recte
1484 2178 1603 2206 namque
1616 2170 1769 2198 existimas.

1100 2220 1178 2248 CYR.
1196 2219 1320 2247 Dicimus
1342 2218 1426 2254 igitur
1452 2217 1553 2245 factum
1579 2225 1639 2245 esse
1664 2217 1803 2244 hominem
1830 2217 1865 2243 ab

1068 2268 1147 2296 initio
1160 2267 1306 2304 ejusmodi,
1324 2270 1365 2299 ut,
1385 2265 1512 2301 quamvis
1529 2265 1650 2293 animum
1672 2265 1787 2293 haberet
1801 2274 1865 2300 pee~

199 2315 285 2354 τερω
296 2325 358 2348 ως
371 2315 413 2343 ἔτι
425 2316 477 2352 τὴν
490 2315 611 2343 διάνοιαν
625 2315 706 2351 ἔχων,
718 2316 749 2342 οὐ
763 2315 817 2352 μὴν
834 2316 1007 2348 ἀνεπίδεκτος

1066 2319 1128 2343 cato
1146 2320 1174 2342 et
1189 2314 1334 2342 aﬂ‘ectibus
1350 2312 1542 2348 superiorem,
1566 2320 1621 2339 non
1642 2311 1665 2339 is
1684 2316 1776 2339 tamen
1793 2318 1867 2339 esset

200 2362 353 2396 παντελῶς
367 2362 419 2398 τῆς
435 2362 479 2397 ἐφ’
490 2362 560 2398 ὅπερ
575 2361 609 2389 ἃν
623 2361 711 2388 ἕλοιτο
734 2362 926 2398 παρατροπῆς
943 2361 1015 2389 Ἐδό-

200 2418 251 2437 κει
277 2408 336 2446 γὰρ
352 2408 426 2445 ἔχειν
442 2408 532 2445 ὀρθῶς
552 2407 592 2444 τῷ
609 2407 719 2436 πάντων
737 2407 915 2444 ἀριστοτέχνῃ
937 2408 1012 2444 Θεῷ,

198 2455 262 2484 τῶν
279 2455 356 2483 [ﬂow
371 2453 535 2491 θελημάτων
555 2454 687 2482 ἀνάπτειν
700 2454 775 2489 αὐτῷ
790 2454 841 2486 τάς
861 2454 950 2490 ἡνίας,
967 2454 1014 2481 καὶ

201 2502 356 2531 ἀναθεῖναι
388 2501 456 2538 δρᾷν
480 2500 512 2528 τὸ
535 2500 633 2528 δοκοῦν
655 2500 881 2532 αὑτοκελεύστοις
902 2501 1012 2536 ὁρμαῖς.

202 2546 417 2586 Προαιρετικὴν
435 2546 491 2582 γὰρ
504 2545 576 2579 ἔδει,
592 2545 646 2575 καὶ
658 2546 708 2582 οὐχ
723 2545 819 2582 ὥσπερ
838 2545 869 2577 ἐξ
890 2545 1014 2581 ἀνάγκης

201 2593 330 2632 ὁρᾶσθαι
353 2594 404 2630 τὴν
416 2592 530 2630 ἀρετὴν,
556 2592 616 2620 ἀλλ’
628 2593 690 2620 οὐδὲ
710 2592 817 2628 φύσεως
829 2592 924 2628 νόμοις
936 2592 1014 2619 ἀδια-

203 2642 328 2673 πτιὶπως
339 2639 552 2677 ἐρηρεισμένην·
566 2639 693 2675 ἴδιονγὰρ
703 2638 736 2670 ἂν
748 2638 792 2674 εἴη
797 2638 876 2675 τουτὶ
882 2638 933 2674 τῆς
944 2638 1017 2665 ἀνω-

203 2687 288 2716 τάτω
304 2685 403 2715 πασῶν
415 2686 512 2719 οὐσίας
535 2686 584 2714 καὶ
607 2685 756 2722 ὑπεροχῆς.
783 2685 895 2721 Ἐπειδὴ
909 2684 938 2712 δὲ
959 2686 1016 2717 τοῖς

203 2732 262 2770 τῆς
275 2732 349 2765 ιδίας
361 2731 472 2768 φύσεως
485 2730 578 2767 λόγοις
592 2731 623 2758 τδ
637 2730 707 2768 ζῶον
716 2731 871 2768 ἀπήρτιστο
886 2739 1016 2767 τεχνουρ-

204 2779 328 2816 γοῦντος
351 2778 439 2812 Θεοῦ,
466 2777 649 2806 κατεπλούτει
674 2778 848 2814 παραχρῆμα
872 2777 922 2813 τὴν
948 2777 1017 2813 πρὸς

204 2824 298 2854 αὐτὸν
310 2823 455 2861 ὁμοίωσιν.
479 2824 693 2860 Ἐνεχαρὰττετο
709 2824 764 2860 γὰρ
780 2824 854 2859 αὐτῷ
870 2823 919 2859 τῆς
942 2823 1017 2855 θείας

205 2873 325 2910 φύσεως
342 2872 360 2908 ἡ
383 2871 485 2905 εἰκὼν,
511 2870 719 2907 ὲμφυσηθέντος
742 2871 821 2906 ἁγίου
846 2871 1016 2906 Πνεὺματος.

250 2964 275 2980 ’³
287 2962 360 2991 Osce
379 2971 434 2996 xtv,
453 2962 494 2990 10.
535 2962 557 2979 ’⁸
575 2962 670 2990 Matth.
689 2970 734 2995 vn,
755 2962 780 2989 7,
821 2963 841 2977 ²⁷

1066 2361 1139 2389 utin
1153 2365 1356 2395 utramcunque
1371 2363 1477 2397 partem
1490 2358 1584 2390 vellet,
1603 2358 1675 2385 ﬂecti
1694 2365 1748 2385 non
1763 2362 1864 2393 posset.

1066 2408 1176 2436 Etenim
1193 2407 1233 2434 illi
1250 2414 1344 2434 rerum
1362 2405 1557 2433 universarum
1574 2405 1680 2440 optimo
1699 2404 1791 2440 opiﬁci
1811 2405 1868 2432 Deo

1065 2453 1253 2481 rectissimum
1266 2457 1310 2480 est
1321 2452 1422 2485 visum,
1444 2452 1563 2487 propriae
1578 2451 1731 2480 voluntatis
1746 2451 1868 2478 habenas

1065 2501 1105 2533 illi
1120 2501 1291 2536 permittere,
1309 2499 1525 2535 spontaneisque
1535 2498 1682 2526 conatibus
1693 2497 1827 2528 tribuere.
1841 2497 1868 2524 id

1069 2551 1100 2574 ut
1111 2547 1224 2580 faceret,
1238 2547 1313 2582 quod
1331 2547 1441 2574 libitum
1455 2545 1563 2574 fuisset.
1581 2544 1733 2580 Oportebat
1750 2543 1824 2571 enim
1839 2549 1870 2570 ut.

1070 2592 1160 2620 virtus
1171 2593 1312 2621 voluntate
1325 2595 1464 2627 suscepta,
1481 2599 1537 2618 non
1548 2590 1574 2617 vi
1590 2584 1763 2617 neceSsitatis
1776 2594 1870 2616 coacta

1072 2639 1233 2673 videretur;
1258 2643 1306 2667 aut
1324 2639 1361 2666 ita
1375 2643 1481 2665 natum
1504 2637 1562 2673 lege
1583 2635 1706 2668 munita,
1725 2640 1755 2663 ut
1773 2636 1871 2663 cadere

1069 2686 1183 2714 omnino
1196 2694 1250 2713 non
1265 2689 1359 2721 posset
1373 2694 1378 2711 :
1400 2684 1428 2711 id
1444 2683 1518 2711 enim
1538 2682 1576 2710 illi
1595 2690 1732 2718 suprema:
1747 2682 1871 2710 omnium

1068 2733 1196 2761 essentiaa
1222 2737 1305 2767 atque
1327 2730 1497 2759 excellentiae
1523 2729 1664 2765 proprium
1694 2733 1746 2757 est.
1773 2729 1872 2757 Postea

1070 2787 1135 2807 vero
1154 2787 1237 2814 quam
1260 2777 1379 2814 propriae
1394 2780 1501 2803 naturte
1521 2776 1675 2803 rationibus
1696 2776 1749 2802 hoc
1770 2774 1871 2802 animal

1071 2826 1227 2853 absolutum
1248 2824 1299 2852 fuit
1319 2823 1417 2859 opiﬁce
1442 2823 1509 2855 Deo,
1528 2822 1619 2850 statim
1644 2822 1717 2849 illius
1740 2821 1871 2849 similitu-

1072 2872 1135 2899 dine
1148 2871 1293 2907 przeditum
1308 2874 1358 2898 est.
1375 2869 1508 2904 [inpressa
1526 2868 1599 2896 enim
1615 2868 1643 2895 in
1658 2868 1705 2895 illo
1719 2872 1761 2894 est
1773 2866 1873 2893 divina:

861 2961 932 2989 Psal.
962 2970 1052 2994 f.X\lll,
1078 2960 1119 2987 18.
