4172 6458
528 378 629 435 1άῖ

1552 389 1610 446 S.
1651 391 1927 451 CYRILLI
1965 397 2437 461 ALEXANDRINI
2476 406 2796 469 ARCHIEP.

3684 410 3793 471 “8

528 500 708 571 imago
735 510 962 570 natum,
985 505 1250 575 rnspirato
1270 506 1479 577 Spiritu
1498 519 1707 566 sancto.
1727 513 1851 583 Ipse
1872 531 2100 587 namque

2215 524 2356 575 Αὐτὸ
2387 522 2490 595 γάρ
2519 526 2667 577 ἔστιν
2694 520 2891 597 ήςπνοή
2932 528 3033 597 τῆς
3060 527 3226 598 ζωῆς,
3253 527 3376 582 ἐπεί
3400 547 3479 590 τοι
3507 529 3619 602 ζωὴ
3651 531 3791 588 κατὰ

523 599 609 646 est
633 590 862 660 spiritus
890 593 980 649 ille
1016 594 1160 659 vitae,
1192 593 1638 666 quandoquidem
1677 602 1981 663 secundum
2007 621 2106 661 na-

525 691 707 737 turam
734 682 845 737 vita
863 682 1008 739 Deus
1032 694 1132 739 est.
1164 684 1175 691 ’

593 771 792 829 PALL.
830 775 1042 848 Ergone
1080 777 1261 832 anima
1289 779 1497 837 homini
1522 781 1744 841 divinus
1775 786 2003 858 spiritus
2023 800 2106 846 est

521 865 701 920 factus
717 867 742 919 ?

591 957 749 1013 CYR.
790 956 1076 1025 Quomodo
1108 976 1218 1016 non
1262 963 1723 1024 absurdissimum
1754 966 1843 1026 sit
1864 972 1940 1026 ita
1976 988 2104 1028 sen-

526 1048 662 1105 tire?
695 1049 788 1105 Sic
814 1051 962 1106 enim
992 1052 1351 1112 immutabilis
1382 1057 1501 1129 ipsa
1532 1075 1752 1131 quoque
1781 1063 1963 1118 anima
1981 1080 2108 1134 per.-

520 1143 846 1211 mansisset;
886 1160 1036 1200 nunc
1075 1163 1208 1202 vero
1234 1150 1516 1206 mutabilis
1556 1162 1660 1208 est.
1695 1153 1974 1221 Mutabilis
2002 1172 2104 1211 au-

521 1243 633 1289 tem
666 1234 821 1289 nullo
867 1235 1033 1291 modo
1075 1237 1303 1308 spiritus
1349 1250 1468 1307 est;
1500 1252 1629 1308 aut,
1684 1244 1731 1300 si
1783 1247 2107 1303 mutationis

521 1322 716 1378 morbo
758 1322 994 1391 laborat,
1026 1325 1095 1380 ad
1122 1326 1297 1397 ipsam
1347 1330 1445 1386 Dei
1480 1342 1731 1389 naturam
1780 1335 1898 1392 haec
1953 1337 2107 1394 labes

518 1413 861 1483 pertinebit;
898 1414 1170 1486 siquidem
1203 1432 1289 1475 est
1326 1420 1423 1477 Dei
1450 1432 1506 1478 et
1538 1424 1713 1481 Patris
1744 1436 1800 1482 et
1834 1428 1980 1496 Filii,
2013 1431 2105 1487 ille

519 1512 617 1583 qui
647 1513 1084 1571 substantialiter
1133 1533 1201 1572 ex
1250 1529 1504 1591 utroque,
1540 1523 1801 1579 nimirum
1840 1542 1908 1583 ex
1946 1528 2105 1585 Patre

518 1620 620 1675 per
659 1605 862 1661 Filium
884 1607 1112 1677 proﬂuit
1158 1608 1414 1679 Spiritus.
1452 1611 1694 1669 Stultum
1725 1615 1892 1686 igitur
1936 1616 2107 1685 fuerit

520 1702 714 1764 putare
736 1705 987 1751 sanctum
1004 1695 1266 1767 Spiritum
1289 1698 1343 1754 in
1364 1700 1599 1764 animam
1616 1718 1737 1758 esse
1755 1720 2102 1771 conversum,

2212 611 2373 705 φύσιν
2400 615 2428 667 ό
2455 612 2607 677 Θεός.

2280 788 2489 842 ΠΔΔΛ.
2520 783 2648 862 ’Ἆρ’
2678 785 2771 843 οὖν
2799 787 2945 861 ψυχὴ
2973 790 3052 863 τῷ
3089 790 3363 862 ἀνθρώπῳ
3394 792 3452 846 τὸ
3483 793 3626 848 θεῖον
3664 794 3789 864 ἐγέη

2208 894 2331 932 νετο
2357 881 2577 951 πνεῦμα
2600 898 2615 945 ;

2278 971 2444 1028 ΚΥΡ.
2478 973 2589 1028 Καὶ
2625 972 2745 1037 πῶς
2776 974 2876 1028 οὐκ
2902 974 3102 1030 άτοπον
3126 978 3323 1050 κομιδῇ
3361 978 3424 1030 τὸ
3449 976 3575 1049 τῇδε
3610 980 3787 1042 νοεῖνς

2208 1056 2285 1115 Ἦ
2310 1061 2421 1132 γὰρ
2449 1062 2516 1116 ἂν
2549 1063 2838 1135 ἄτρεπτος,
2874 1065 2970 1118 καὶ
3007 1066 3147 1138 αὐτή
3187 1084 3290 1121 που
3319 1066 3721 1139 διαμεμένηκεν
3752 1070 3786 1138 ἡ

2206 1153 2388 1223 ψυχή·
2421 1153 2536 1207 νυνὶ
2569 1153 2625 1207 δέ
2656 1155 2771 1207 ἐστι
2804 1157 3034 1228 τρεπτή.
3077 1157 3325 1228 Τρεπτὸν
3351 1158 3407 1212 δὲ
3444 1157 3562 1213 οὔτι
3596 1175 3700 1212 που
3727 1159 3789 1212 τὸ

2207 1244 2428 1315 πνεῦμά
2448 1246 2617 1301 ἐστιν.
2641 1246 2713 1299 Ἢ
2729 1247 2889 1317 εἰπερ
2914 1246 2975 1299 τὸ
2997 1246 3296 1317 τρέπεσθαι
3322 1248 3488 1313 νοσεῖ,
3509 1247 3595 1301 ἐπ’
3617 1246 3790 1317 αὐτὴν

2205 1337 2234 1389 ό
2265 1334 2456 1407 μῶμος
2480 1338 2577 1409 τὴν
2606 1336 2755 1389 θείαν
2787 1336 3178 1409 ἀναδραμεῖται
3212 1338 3411 1408 φύσιν;
3455 1337 3616 1410 εἴπερ
3662 1337 3784 1392 ἐστὶ

2205 1429 2300 1482 τοῦ
2336 1428 2470 1484 Θεοῦ
2498 1431 2590 1484 καὶ
2621 1430 2869 1502 Πατρὸς,
2901 1429 2995 1482 καὶ
3026 1431 3134 1501 μὴν
3170 1432 3267 1484 καὶ
3292 1428 3387 1484 τοῦ
3422 1428 3572 1496 Υίοῦ,
3607 1429 3670 1481 τὸ
3699 1428 3789 1482 ob-

2210 1518 2416 1582 σιωδῶς
2442 1520 2501 1585 ἐξ
2528 1520 2753 1592 ἀμφοῖν,
2782 1522 2949 1593 ἤγουν
2982 1522 3047 1573 ὲκ
3077 1520 3289 1592 Πατρὸς
3311 1520 3378 1574 δι’
3401 1518 3535 1573 Υίοῦ
3562 1519 3791 1589 προχεό-

2210 1625 2371 1679 μενον
2399 1610 2646 1682 Πνεῦμα.
2688 1610 2923 1683 Ἀμαθὲς
2940 1606 3033 1665 οῦν
3056 1610 3164 1683 άρα
3192 1610 3253 1665 τὸ
3276 1613 3355 1673 είς
3379 1610 3559 1681 ψυχὴν
3583 1609 3789 1663 οἴεσθαι

2209 1702 2659 1772 μεταπεπλάσθαι
2685 1705 2746 1757 τὸ
2786 1704 3033 1774 Πνεῦμα.
3061 1704 3155 1758 καὶ
3188 1704 3269 1768 είς
3304 1701 3596 1775 ἀνθρώπου
3627 1718 3793 1771 μετα-

519 1786 663 1842 etin
710 1787 951 1844 hominis
988 1790 1248 1846 transisse
1278 1801 1550 1858 naturam,
1600 1792 1707 1849 Sed
1741 1793 1973 1851 formata
2013 1797 2100 1852 illa

2208 1792 2455 1864 χωρῆσαι
2476 1792 2656 1863 φύσιν.
2675 1794 2814 1849 Ἀλλ’
2838 1793 3105 1866 ὲψυχοῦτο
3134 1795 3235 1866 μὲν
3258 1795 3319 1848 τὸ
3339 1790 3790 1863 πλαστουργηθὲν

519 1894 701 1935 massa
730 1879 997 1937 inetiabill
1033 1883 1138 1951 ιο
1163 1882 1367 1939 virtute
1397 1885 1634 1942 animata
1657 1885 1783 1952 luit,
1811 1897 1868 1943 et
1901 1888 2100 1944 cvesti-

2210 1857 2439 1954 ἇρρήτῳ
2467 1857 2732 1956 δυνάμει·
2774 1857 3206 1940 κατεκάλλύνέτο
3249 1883 3308 1939 δὲ
3341 1857 3691 1955 παραχρῆμα-
3720 1883 3788 1952 τῇ

520 1972 612 2042 gio
639 1971 876 2044 Spiritus
908 1974 1083 2030 sancti
1127 1991 1356 2032 munere
1404 1977 1695 2047 decorata;
1740 1996 1919 2050 neque
1956 1982 2103 2043 enim

520 2065 629 2120 alia
653 2066 866 2122 ratione
902 2066 1088 2122 divina
1121 2068 1357 2140 imagine
1389 2070 1552 2125 ditari
1587 2081 1922 2149 poteramus.

591 2157 790 2213 PALL.
818 2159 988 2216 Recte
1023 2159 1124 2227 ais.

588 2249 747 2306 ΟΥΕ.
780 2249 921 2305 Huic
958 2250 1127 2321 igitur
1147 2252 1368 2323 opiﬁcio
1417 2256 1498 2309 sic
1540 2265 1824 2321 exornato,
1865 2257 2101 2326 paradisi

515 2341 696 2406 sedes,
729 2340 786 2396 in
816 2341 1021 2412 quibus
1048 2355 1381 2410 versaretur,
1416 2345 1645 2416 largitus
1663 2356 1749 2403 est
1786 2348 1951 2402 Deus.
1995 2347 2103 2403 Sed

516 2435 649 2506 quia
681 2449 902 2505 aequum
930 2443 1069 2500 erat,
1100 2434 1381 2491 hominem
1429 2436 1504 2493 ita
1531 2446 1876 2504 exornatum,
1895 2448 1952 2495 et
1988 2454 2102 2496 coe-

516 2525 742 2581 lestium
788 2524 1063 2585 bonorum
1112 2526 1270 2597 copia
1330 2528 1644 2597 praeditum,
1693 2544 1803 2584 non
1836 2529 1996 2585 facile
2047 2529 2101 2586 in

516 2618 888 2689 arrogantiam
914 2619 1163 2690 pertrahi
1196 2620 1398 2686 sinere,
1432 2636 1541 2677 non
1566 2632 1949 2692 agnoscentem
1984 2639 2101 2680 ser-

515 2709 611 2764 vili
640 2725 701 2764 se
731 2723 853 2766 esse
899 2709 1249 2776 conditione,
1274 2712 1612 2783 modumque
1671 2722 1884 2769 certum
1930 2715 2105 2770 servis

514 2815 637 2856 esse
694 2801 1058 2860 constitutum
1102 2802 1215 2874 (ille
1263 2819 1500 2874 namque
1551 2804 1694 2859 latus
1759 2805 1828 2860 ad
1872 2805 2102 2876 gloriam

514 2909 730 2958 cursus,
765 2904 822 2950 et
853 2894 1149 2951 immodica
1174 2896 1423 2961 libertas,
1454 2897 1522 2951 ad
1552 2898 1909 2967 supercilium
1931 2905 1986 2953 et
2006 2914 2103 2953 ex-

512 2986 783 3042 secrabile
815 2986 1014 3041 vitium
1042 2987 1359 3059 pertrahit),
1420 2988 1546 3044 ideo
1587 2989 1677 3044 lex
1704 2988 1784 3043 illi
1814 2990 2102 3046 continen—

512 3076 602 3131 tiae
627 3076 753 3130 data
783 3083 888 3142 est,
920 3092 1043 3148 quae
1083 3077 1301 3133 occasio
1325 3078 1400 3133 illi
1430 3087 1576 3141 esset
1600 3079 1893 3135 Dominum
1934 3095 2103 3151 agnos

2205 1975 2300 2029 τοῦ
2334 1975 2644 2047 πνεύματος
2668 1960 2973 2038 δόσειξἯν
3006 1975 3113 2047 γὰρ
3150 1977 3250 2047 οὐχ
3278 1975 3480 2046 ἑτέρως
3506 1973 3605 2044 τὴν
3640 1971 3789 2026 Θείαν

2205 2068 2353 2137 ἡμᾶς
2382 2068 2567 2122 εἰκόνα
2593 2067 2851 2124 δύνασθαι
2878 2068 3148 2123 πλουτεῖν.

2278 2156 2488 2214 ΠΑΛΛ.
2521 2155 2597 2214 Εὖ
2630 2160 2829 2230 λέγεις.

2278 2248 2442 2305 ΚΥΡ.
2475 2251 2918 2321 Κατακοσμήσας
2949 2250 3013 2323 δὴ
3040 2245 3133 2305 οὖν
3160 2248 3222 2304 τὸ
3241 2248 3486 2318 τέχνημα
3513 2244 3667 2310 Θεὸς,
3690 2243 3789 2315 τὴν

2204 2348 2263 2400 ὲν
2289 2341 2600 2416 παραδείσῳ
2621 2341 2837 2399 δίαιταν
2866 2340 3171 2414 ἐχαρίζετο.
3221 2338 3442 2409 Ἐπειδὴ
3471 2337 3527 2391 δὲ
3562 2336 3668 2390 ἔδει
3697 2334 3789 2389 τὸν

2204 2437 2377 2501 οὔτως
2415 2434 2920 2506 κατηγλαῖσμένον,
2963 2434 3058 2488 καὶ
3086 2434 3154 2505 τῇ
3182 2430 3289 2485 τῶν
3317 2430 3524 2485 ἀνωθεν
3567 2427 3789 2497 ἀγαθῶν

2204 2529 2437 2599 ἀφθονίᾳ
2486 2524 2964 2598 κατεστεμμένον,
3013 2524 3088 2596 μὴ
3137 2522 3375 2585 εὐκόλως
3417 2519 3787 2592 ἀναφέρεσθαι

2204 2620 2343 2693 πρὸς
2386 2617 2706 2683 ἀλαζονείαν
2750 2619 2866 2709 ἐάν,
2897 2614 3199 2685 ἀγνοοῦντα
3242 2614 3342 2685 τὴν
3379 2613 3644 2709 δουλείαν,
3693 2610 3789 2709 καὶ
3852 2618 3869 2628 ’

2202 2712 2279 2777 ὡς
2305 2712 2422 2766 έστι
2450 2711 2647 2782 μέτρον
2681 2703 2792 2764 τῶν
2814 2706 3101 2763 οῖκετικῶν
3132 2705 3212 2778 (τὸ
3246 2706 3356 2777 γάρ
3389 2722 3472 2758 τοι
3503 2703 3623 2758 λίαν
3654 2703 3787 2774 εὐρῦ

2205 2805 2341 2874 πρὸς
2375 2804 2438 2858 τὸ
2460 2802 2703 2865 εὐκλεὲς,
2738 2801 2834 2854 καὶ
2861 2800 2921 2853 τὸ
2952 2797 3208 2870 ἀμέτρως
3247 2795 3552 2865 ἐλεύθερον,
3583 2793 3791 2864 ἀποφέ-

2207 2912 2290 2970 ρει
2317 2893 2455 2964 πρὸς
2473 2892 2534 2947 τὸ
2563 2891 2846 2965 ὑπέροφρυ
2877 2888 2972 2942 καὶ
3000 2884 3473 2970 ὲπάρατονιπάθος
3492 2890 3533 2949 ),
3565 2882 3709 2955 πρόφ
3721 2898 3787 2935 αφ

2207 2999 2289 3047 σις
2319 2979 2469 3051 αὐτῷ
2495 2978 2590 3033 τοῦ
2639 2978 2714 3051 μὴ
2744 2978 2961 3047 ἀγνοεῖν
2996 2975 3087 3029 τὸν
3123 2973 3422 3045 Δεσπότην,
3462 2971 3789 3045 ἐγκρατείας

2206 3075 2362 3146 ἐδόθη
2393 3076 2556 3143 νόμος
2580 3088 2593 3101 ·
2629 3071 2716 3125 ἵνα
2745 3069 2810 3123 δι’
2855 3067 3021 3127 αὐτοῦ
3053 3066 3274 3122 καλοῖτο
3308 3069 3445 3137 πρὸς
3483 3065 3789 3134 ἀνάμνησιν

511 3165 724 3231 scendi,
743 3175 803 3221 ut
823 3183 920 3237 per
941 3182 1060 3222 eam
1084 3182 1304 3237 semper
1323 3166 1392 3222 ad
1412 3169 1730 3226 memoriam
1755 3178 2100 3227 revocaretur

2206 3167 2296 3223 del.
2321 3163 2417 3218 τοῦ
2461 3164 2576 3235 μετ’
2604 3160 2854 3227 ἔξουσίας
2882 3157 3314 3235 προστεταχότος
3334 3196 3348 3221 ,
3384 3155 3478 3210 καὶ
3502 3155 3666 3224 εἰδείη
3693 3170 3789 3217 σα-

513 3257 664 3313 illius
719 3257 815 3329 qui
872 3257 1165 3328 potestatis
1209 3258 1334 3329 jure
1384 3258 1781 3329 praecepisset,
1836 3268 2099 3332 certoque

513 3345 683 3401 sciret
711 3360 771 3401 se
812 3344 1174 3402 dominatoris
1206 3346 1420 3419 legibus
1463 3363 1586 3404 esse
1628 3348 1958 3419 subjectum.
1991 3349 2100 3406 Sed

511 3438 683 3511 impia
713 3438 809 3492 illa
838 3438 1062 3507 Deoque
1088 3452 1256 3493 exosa
1278 3438 1461 3493 bellua
1490 3454 1601 3493 non
1629 3439 1968 3508 quiescebat.

583 3526 779 3591 PALL.
813 3526 1090 3592 Satanam,
1118 3526 1336 3597 Opinor,
1362 3527 1643 3601 intelligis,
1666 3528 1761 3598 qui
1795 3545 1826 3585 e
1856 3532 2098 3588 caelesti-

511 3623 620 3679 bus
667 3618 899 3675 orbibus
934 3618 1171 3690 fulguris
1215 3620 1391 3676 instar
1436 3620 1685 3694 dejectus
1728 3633 1814 3680 est
1830 3625 1897 3680 ’⁸.
1946 3624 2099 3681 Adeo

511 3712 663 3769 enim
683 3710 884 3781 puerili
910 3710 1147 3766 stultitia
1174 3710 1466 3779 laboravit,
1496 3722 1559 3768 ut
1582 3713 1727 3769 Deus
1756 3730 1877 3771 esse
1906 3716 2095 3782 vellet,

512 3812 570 3859 et
602 3817 727 3873 quae
762 3817 928 3874 supra
966 3810 1219 3861 naturam
1257 3818 1414 3860 suam
1442 3814 1618 3873 erant,
1646 3808 1876 3865 demens
1912 3807 2098 3864 animo

510 3892 767 3963 ﬁngeret.

534 4039 547 4043 -
580 3983 744 4053 CYR,
774 3983 991 4056 Optime
1037 3985 1283 4057 conjicis.
1316 3986 1452 4042 Nam
1487 4002 1613 4044 cum
1641 3989 1862 4046 invidia:
1892 3998 1949 4046 et
1973 4006 2099 4061 pec-

513 4075 619 4132 cati
646 4087 794 4133 esset
848 4077 1123 4144 inventor,
1168 4095 1281 4134 non
1337 4079 1443 4134 sibi
1494 4082 1822 4138 cessandum
1860 4083 2094 4155 putavit,

510 4168 808 4240 quominus
839 4168 987 4224 circa
1014 4178 1292 4225 terrenum
1332 4170 1553 4238 animal,
1580 4173 1637 4227 id
1679 4181 1765 4229 est
1795 4172 2095 4242 hominem,

510 4261 722 4333 aliquid
759 4262 1127 4333 experiretur.
1173 4263 1314 4319 Tum
1347 4264 1476 4322 dolo
1512 4273 1570 4321 et
1597 4267 1809 4327 artibus
1834 4284 1964 4324 eum
2002 4284 2097 4339 ag-

506 4370 751 4426 gressus,
808 4354 877 4409 ad
911 4340 1343 4411 inobedientiam
1374 4358 1664 4428 pertraxit,
1720 4360 1954 4415 muliere
1997 4375 2099 4430 pro

510 4445 878 4500 instrumento
903 4458 1018 4500 suae
1050 4445 1371 4503 calliditatis
1395 4461 1549 4501 usus.
1572 4444 1803 4518 Semper
1824 4446 1972 4502 enim
1997 4462 2098 4503 nos

2203 3258 2343 3331 φῶς,
2381 3257 2458 3322 ὡς
2505 3255 2654 3309 ἐστιν
2703 3252 3115 3324 θπεζευγμένος
3153 3253 3269 3315 τοῖς
3310 3249 3404 3304 τοῦ
3461 3247 3789 3319 κρατοῦντος

2202 3350 2445 3420 θεσμοῖς.
2486 3346 2624 3399 Ἀλλ’
2662 3346 2763 3400 οὐκ
2787 3344 2987 3417 ¹ῐῖρέμει
3020 3343 3079 3397 τὸ
3104 3343 3320 3397 ἀνόσιον
3346 3344 3523 3396 έκεῖνο
3551 3342 3643 3396 καὶ
3672 3341 3790 3396 θεο-

2206 3440 2361 3512 μισὲς
2391 3436 2599 3510 θηρίον.

2271 3532 2485 3587 ΠΑΛΛ.
2514 3529 2684 3598 Φαίης
2714 3527 2780 3582 ἂν
2817 3524 2971 3600 οῐμαί
3013 3544 3115 3582 που
3145 3526 3238 3581 τὸν
3267 3527 3512 3580 Σατανᾶν
3532 3564 3548 3590 ,
3582 3524 3642 3588 ὸς
3678 3523 3793 3578 τῶν

2200 3622 2467 3697 οὐρανίων
2504 3621 2709 3693 ἀψίδων
2765 3619 3055 3691 ἀστραπῆς
3107 3618 3266 3691 δίκην
3322 3616 3785 3688 κατηκοντίζετο·

2200 3717 2377 3771 νοσεῖν
2399 3713 2507 3785 γὰρ
2532 3710 2682 3783 αὐτῷ
2718 3710 3095 3785 μειρακιωδῶς
3122 3710 3296 3766 ἐδόκει
3321 3711 3384 3767 τὸ
3418 3709 3597 3763 θέλειν
3641 3702 3789 3761 εῖναι

2201 3806 2335 3870 Θεὸς
2360 3846 2374 3872 ,
2416 3803 2513 3858 καὶ
2556 3801 2627 3856 τὰ
2659 3801 2801 3873 ὑπὲρ
2854 3801 3017 3871 φύσιν
3059 3800 3162 3874 τὴν
3195 3801 3389 3857 ἑαυτοῦ
3437 3798 3790 3872 παραδηλῶν,

2201 3895 2552 3970 ὲφαντάξετο.
3620 3891 3628 3902 ’

2270 3991 2436 4045 ΚῚῬ.
2483 3987 2861 4059 Διατεκμαίρῃ
2884 3984 3087 4050 καλῶς.
3119 3982 3319 4038 Φθόνου
3346 3981 3455 4055 γὰρ
3487 3982 3579 4035 καὶ
3610 3981 3793 4051 ἀμαρ-

2200 4084 2321 4146 τίας
2382 4078 2612 4151 εὑρετὴς
2641 4079 2738 4151 ῶν,
2771 4079 2863 4132 καὶ
2903 4076 3115 4148 πατὴρ,
3149 4077 3450 4148 ἀπρακτεῖν
3487 4074 3588 4127 οὐκ
3629 4069 3790 4144 ἤθελε

2202 4176 2331 4247 περὶ
2371 4173 2433 4228 τὸ
2453 4148 2578 4227 ’ἐπι
2598 4148 2703 4242 γῆς
2747 4169 2909 4235 ζῶον,
2954 4167 3099 4222 τοῦτ’
3139 4167 3291 4229 ἔστι,
3341 4168 3434 4220 τὸν
3477 4165 3788 4237 ἄνθρωπον.

2200 4265 2334 4323 Εἶτα
2379 4264 2516 4336 δόλῳ
2559 4264 2656 4318 καὶ
2693 4262 2933 4325 ἀπάταις
2977 4258 3248 4326 ὑπελθὼν,
3290 4257 3667 4329 παρεκόμισεν
3707 4257 3793 4321 εἰς

2201 4358 2508 4431 παρακοήν,
2540 4354 2879 4427 πανουργίας
2900 4352 3118 4424 ὀργάνῳ
3144 4348 3223 4421 τῷ
3247 4349 3453 4419 γυναίῳ
3480 4347 3787 4421 χρώμενος.

2214 4451 2324 4504 Ἀεὶ
2356 4448 2466 4520 γάρ
2497 4463 2617 4509 πως
2657 4444 2805 4516 ἡμᾶς
2852 4440 3201 4496 κατασείουσι
3241 4440 3378 4509 πρὸς
3409 4438 3470 4491 τὸ
3515 4435 3744 4499 ἀκαλλὲς
3770 4476 3787 4500 ,

464 4588 469 4595 .
511 4536 581 4592 ad
616 4534 1035 4606 turpitudinem,
1071 4536 1178 4592 hoc
1209 4545 1327 4602 est,
1362 4538 1426 4593 ad
1462 4547 1749 4609 peccatum
1786 4539 2094 4610 impellunt,

2203 4541 2349 4596 τοῦτ’
2377 4539 2547 4603 ἔστιν,
2580 4538 2662 4600 εἰς
2681 4534 2979 4606 ἁμαρτίαν,
3002 4533 3060 4586 αἱ
3093 4534 3189 4588 σὺν
3219 4533 3350 4604 ἡμῖν
3373 4547 3434 4582 τε
3454 4529 3549 4584 καὶ
3572 4530 3630 4582 ὲν
3654 4528 3789 4597 ἡμῖν

511 4645 637 4701 quae
657 4627 949 4684 nobiscum
965 4636 1021 4707 et
1047 4628 1105 4684 in
1134 4628 1298 4695 nobis
1327 4631 1605 4696 exsistunt
1621 4630 1930 4701 voluptates
1949 4646 2099 4698 ;mu-

510 4721 616 4779 lier
661 4727 847 4799 autem
892 4718 1065 4792 figura
1107 4730 1190 4779 est
1227 4722 1556 4794 voluptatis;
1598 4723 1880 4780 blanditiis
1934 4739 2099 4799 porro

510 4802 856 4884 voluptatum
881 4811 1097 4868 illectus
1134 4814 1350 4873 animus
1386 4813 1702 4886 frequenter
1736 4816 1805 4873 ad
1837 4817 1920 4884 id,
1949 4816 2098 4888 quod

510 4908 741 4973 minime
785 4907 1025 4973 volebat,
1059 4907 1353 4964 delabitur.
1400 4908 1557 4983 Quod
1606 4912 1773 4984 igitur
1820 4913 1875 4969 in
1924 4913 2099 4969 Adam

510 5012 772 5073 tanquam
798 5000 856 5056 in
884 5000 1154 5064 crassiore
1185 5001 1423 5071 quadam
1453 5018 1639 5059 rerum
1664 5004 1900 5076 imagine
1930 5005 2097 5060 etiam

510 5090 762 5152 sensibili
796 5090 962 5147 modo
994 5090 1320 5148 usuvenisse
1348 5093 1739 5164 conspicimus,
1770 5094 1876 5151 hoc
1916 5095 2095 5165 ipsum

511 5186 568 5240 in
608 5199 941 5256 unoquoque
966 5192 1218 5241 nostrum
1263 5186 1537 5257 spirituali
1570 5188 1734 5244 modo
1770 5204 1835 5244 ae
1863 5188 2103 5245 latenter

512 5273 752 5351 impleri,
780 5274 929 5342 haud
975 5273 1199 5331 difﬁcile
1249 5285 1336 5333 est
1376 5276 1587 5334 videre.
1639 5276 1905 5349 Voluptas
1948 5276 2097 5333 enim

512 5363 784 5436 affulgens
829 5367 1121 5439 praestigiis
1171 5367 1289 5422 suis
1334 5366 1567 5423 fascinat
1605 5377 1883 5433 mentem,
1924 5382 2102 5439 eoque

512 5457 780 5531 paulatim
812 5457 1059 5526 deducit,
1095 5471 1159 5515 ut
1190 5460 1527 5517 arbitremur
1544 5460 1661 5535 iam
1696 5459 1905 5515 nullius
1941 5460 2101 5531 plane

514 5545 780 5602 momenti
808 5561 933 5603 esse
958 5547 1162 5603 divina:
1193 5548 1331 5620 legis
1358 5548 1733 5606 violationem.
1772 5549 1945 5622 quue
1968 5565 2101 5606 con-

516 5636 694 5695 ﬁrmat
724 5639 813 5696 ille
841 5638 1049 5697 Christi
1082 5639 1405 5714 discipulus,
1452 5658 1576 5700 eum
1619 5641 1754 5699 dicit
1786 5660 1798 5696 :
1850 5663 1869 5695 ι
1906 5643 2098 5710 Nemo,

584 5817 630 5858 ¹⁸
653 5816 788 5878 Luc.
821 5832 875 5884 κ,
904 5816 992 5873 18.

2205 4633 2415 4708 ἡδοναί·
2445 4629 2639 4702 ἡδονῆς
2661 4627 2718 4682 δὲ
2744 4625 2934 4692 τύπος,
2964 4626 2997 4695 ἡ
3023 4625 3192 4715 γυνής
3219 4620 3480 4715 θωπείαις
3506 4619 3564 4672 δὲ
3586 4617 3790 4715 roth-EE

2205 4722 2406 4797 ἡδονῶν
2439 4718 2667 4776 καταθεῖ
2715 4715 2977 4778 πολλάκις
3007 4714 3099 4767 ἐπὶ
3141 4710 3202 4766 τὸ
3225 4708 3545 4781 ἀνεθέλητον
3576 4709 3605 4761 ό
3639 4708 3785 4767 νοῦς.

2207 4818 2386 4888 Ὅπερ
2438 4808 2532 4867 οῦν
2567 4813 2625 4865 ἐν
2681 4808 2855 4880 ’Δδάμ
2890 4807 2966 4871 ὡς
3008 4808 3068 4859 ὲν
3107 4803 3272 4875 πάχει
3305 4800 3646 4875 πραγμάτων
3693 4798 3792 4851 καὶ

2203 4908 2481 4984 αἰσθητῶς
2515 4906 2711 4979 ὁρᾶται
2748 4898 3127 4973 συμϐεϐηκὸς,
3157 4895 3316 4951 τοῦτο
3345 4894 3441 4948 καὶ
3479 4895 3538 4947 ὲν
3571 4891 3791 4984 ἑκάστῳ

2202 5003 2312 5060 τῶν
2347 4980 2468 5057 καθ’
2499 4999 2667 5071 ἡμᾶς,
2708 4993 2916 5067 νοητῶς
2944 5009 3005 5045 τε
3032 4991 3127 5045 καὶ
3151 4984 3551 5058 κεκρυμμένως
3577 4980 3785 5036 κατίδοι

2202 5115 2287 5162 τις
2314 5096 2381 5151 ἂν
2412 5090 2812 5166 πληρούμενον.
2849 5079 3330 5158 Προανατέλλουσα
3355 5074 3465 5147 γὰρ
3497 5073 3659 5166 ἡδονὴ
3684 5089 3786 5166 καῖ-

2202 5163 2639 5260 ταγοητεύειττὸν
2660 5180 2806 5247 νοῦν,
2838 5173 3092 5233 καὶκατὰ
3118 5170 3290 5243 βραχὺ
3318 5167 3540 5236 ὑποσπᾷ
3563 5164 3700 5260 πρὸς
3711 5163 3787 5260 τὸ

2201 5255 2409 5336 οἴεσθαι
2434 5276 2641 5341 λοιπὸν,
2685 5273 2746 5328 τὸ
2786 5270 2953 5344 μηδὲν
2984 5262 3126 5322 εἶναι
3162 5260 3474 5325 παντελῶς,
3504 5258 3596 5313 τοῦ
3640 5255 3786 5310 θείου

2198 5376 2366 5446 νόμου
2393 5370 2731 5443 παράϐασιν.
2762 5363 2876 5420 Καὶ
2922 5357 3256 5414 πιστώσεται
3286 5354 3462 5446 λέγων
3494 5348 3789 5446 όᾷΧριστοῦ

2201 5440 2524 5536 μαθητήςίι
2566 5456 2773 5529 Μηδεὶς
2810 5450 3228 5545 πειραζόμενος,
3271 5445 3479 5545 λεγέτω
3526 5444 3608 5497 ὅτι
3656 5440 3791 5545 ’ἦπὸ

2198 5535 2345 5608 Θεοῦ
2358 5550 2710 5624 πειράζομαι.
2735 5546 2796 5600 Ὀ
2810 5543 2919 5616 γὰρ
2935 5540 3069 5605 Θεὸς
3089 5535 3422 5608 ἀπείραστός
3444 5536 3561 5587 ἐστι
3575 5535 3786 5624 κακῶν·

2202 5642 2454 5721 πειράζει
2489 5642 2545 5696 δὲ
2593 5638 2759 5706 αὐτὸς
2797 5633 3010 5721 οὐδέναΪ
3051 5628 3328 5692 Ἕκαστος
3371 5627 3426 5680 δὲ
3468 5623 3787 5694 πειράζεται
