4172 6456
398 423 519 482 149
1178 425 1263 480 DE
1303 419 1753 479 ADORATIONE
1794 420 1861 476 lN
1902 419 2079 477 SPIRI

2173 419 2177 466 i
2218 419 2308 474 ΕΤ
2353 415 2724 474 νΕΒΙΤΑΊΈ.
2766 416 2893 471 LIB.
2936 416 2978 471 1.
3625 414 3728 472 150

401 539 520 593 ὑπὸ
549 538 656 609 τῆς
693 538 833 602 ιδίας
866 536 1167 608 ἐπιθυμίας
1194 537 1551 606 ἐξελκόμενος
1581 534 1677 590 καὶ
1698 535 2022 607 δελεαζόμε-
2050 545 2079 602 Α

2173 551 2260 590 um
2320 542 2587 599 tentatur,
2623 532 2774 588 dicat
2805 530 2954 602 quod
3007 547 3039 585 a
3090 531 3205 586 Deo
3266 537 3532 585 tentatur.
3583 530 3730 585 Deus

404 650 523 696 νος.
562 627 703 686 Εἶτα
736 632 772 703 ἡ
802 630 1072 702 ἐπιθυμία
1112 628 1455 684 συλλαϐοῦσα
1500 629 1679 682 τίκτει
1708 628 1984 700 ἁμαρτίαν
2005 642 2018 656 ·

2173 625 2280 680 nim
2318 626 2619 681 intentator
2640 624 2913 679 malorum
2938 630 3025 678 est
3043 614 3065 688 ;’
3098 622 3214 692 ipse
3243 630 3429 676 autem
3451 619 3729 676 neminem

407 726 439 792 ἢ
470 724 535 776 δὲ
564 721 820 795 ἁμαρτία
845 721 1294 787 ἀποτελεσθεῖσα,
1325 721 1562 775 ἀποκύει
1591 720 1842 776 θάνατον.

2173 725 2329 773 :ntat.
2360 715 2753 786 Unusquisque
2779 724 2963 769 autem
2995 724 3239 770 tentatur
3276 729 3307 768 a
3330 712 3730 784 concupiscen-

407 821 489 874 tia
550 834 657 875 sua
724 817 1042 874 abstractus
1095 799 1153 873 εἰ
1200 818 1441 874 illectus.
1478 817 1691 874 Deinde
1730 814 2222 893 concupiscentia,
2272 826 2397 867 cum
2457 809 2819 881 conceperit,
2869 808 3018 879 parit
3071 818 3394 880 peccatum;
3444 813 3731 878 peccatum

405 920 633 977 autem,
673 925 803 966 cum
859 917 1300 966 consummatum
1352 908 1542 975 fuerit,
1592 917 1820 980 generat
1867 915 2101 963 mortem
2122 905 2188 957 ’⁸.
2230 921 2249 954 ι

486 1004 714 1057 ΠΑΛΛ.
760 1002 1029 1074 ’Δτρεκὴς
1052 1004 1082 1054 ὁ
1104 1001 1287 1071 λόγος.

2214 994 2414 1051 PALL.
2453 991 2595 1049 Vera
2621 990 2819 1047 oratio.

489 1095 669 1149 ΚΥΡ.
704 1093 1173 1165 ’Δπεμπολήσασα
1191 1093 1256 1166 δὴ
1271 1090 1366 1149 οὖν
1382 1094 1483 1167 τὴν
1511 1113 1586 1150 πα
1595 1095 1665 1167 ρὰ
1688 1093 1823 1150 Θεοῦ
1848 1093 2032 1166 χάριν,

2211 1087 2370 1145 CYR.
2405 1086 2545 1142 Cum
2581 1085 2682 1154 ιι
2716 1082 2887 1155 igitur
2922 1081 3021 1137 Dei
3045 1080 3275 1152 gratiam
3322 1087 3733 1149 commutasset,

416 1188 523 1241 καὶ
546 1184 911 1257 γυμνωθεῖσα
932 1185 1036 1257 ἤδη
1070 1185 1181 1242 τῶν
1214 1187 1273 1241 ὲν
1293 1189 1489 1259 ἀρχαῖς
1517 1186 1760 1257 ἀγαθῶν,
1793 1185 2032 1257 ἐξεπέμ-

2176 1199 2208 1240 c
2235 1182 2400 1238 bonis
2434 1180 2544 1236 illis
2580 1177 2785 1249 quibus
2813 1176 2885 1231 ab
2926 1173 3086 1231 initio
3118 1173 3320 1228 donata
3350 1169 3557 1236 fuerat,
3593 1181 3740 1226 esset

418 1295 564 1332 πετο
610 1277 714 1349 μὲν
747 1275 845 1332 τοῦ
878 1276 1215 1349 παραδείσου
1241 1279 1341 1351 τῆς
1363 1279 1600 1351 τρυφῆς,
1628 1278 2034 1351 μετεπλάττετο

2173 1273 2349 1329 ιυάιιιιι
2375 1288 2405 1327 ε
2430 1268 2688 1341 paradiso
2714 1265 3042 1323 deliciarum
3069 1265 3264 1336 ejecta,
3295 1270 3352 1319 et
3379 1262 3449 1317 ad
3472 1262 3733 1318 deformi-

415 1370 483 1424 δὲ
511 1368 657 1440 πρὸς
686 1367 751 1423 τὸ
778 1368 1014 1434 ἀκαλλὲς
1041 1369 1205 1435 εὐθὺς
1233 1372 1266 1442 ἡ
1294 1368 1586 1443 ἀνθρώπου
1611 1370 1796 1440 φύσις,
1830 1367 2040 1444 φθορᾶς

2173 1368 2316 1415 atem
2359 1356 2628 1429 evestigio
2654 1369 2920 1411 conversa
2943 1362 3029 1410 est
3048 1351 3336 1408 hominum
3356 1361 3572 1417 natura,
3590 1364 3741 1406 mor-

419 1458 483 1512 δὲ
516 1460 659 1513 ετσω
686 1456 936 1513 πεσοῦσα
960 1458 1149 1514 λοιπὸν
1174 1460 1541 1533 ἀνεδείκνυτο.

2173 1452 2295 1522 ique
2328 1449 2593 1520 deinceps
2626 1446 2868 1503 obnoxia
2893 1452 2979 1502 est
3011 1445 3311 1502 declarata.

498 1550 723 1605 HAAA.
770 1550 1132 1621 ’Δναγκαίως.
1163 1551 1378 1606 Ἔνδεια
1405 1551 1515 1625 γὰρ
1549 1548 1705 1624 οἷμαι
1738 1551 1849 1606 τῶν
1892 1553 2046 1625 παρὰ

2215 1542 2427 1603 ΡΑΙᾸ..
2474 1539 2803 1599 Necessario
2838 1552 2994 1594 sane.
3034 1536 3135 1593 Dei
3181 1550 3423 1625 namque
3470 1534 3742 1590 donorum

424 1642 576 1696 Θεοῦ
639 1641 1043 1717 χαρισμάτων,
1095 1643 1249 1699 οὐδὲν
1305 1620 1497 1717 ἕτερόν
1553 1620 1703 1700 ἐστιν
1758 1645 1791 1717 ἢ
1840 1620 2045 1710 παντδς

2173 1650 2368 1707 nopem
2396 1648 2542 1700 esse,
2563 1632 2706 1688 nihil
2730 1637 2838 1697 est,
2863 1630 3083 1701 opinor,
3111 1628 3285 1694 aliud,
3301 1620 3468 1698 quam
3492 1625 3562 1682 ab
3596 1627 3747 1681 omni

420 1735 767 1800 ἀπόπτωσις
794 1735 874 1808 (1)
896 1733 1129 1806 ἀγαθοῦ.
1170 1737 1573 1810 ’Δρῤωστήσειε
1604 1738 1650 1792 δ’
1671 1736 1739 1791 ἂν
1768 1739 1801 1809 ἡ
1832 1735 2046 1811 ἀνθρώ-
2076 1760 2079 1769 ι

2173 1730 2369 1786 lenitus
2399 1729 2547 1785 bono
2589 1736 2869 1784 extorrem
2898 1724 3037 1782 ﬁeri.
3072 1723 3258 1781 Facile
3290 1730 3477 1779 autem
3506 1720 3751 1777 hominis

426 1843 544 1882 που
574 1825 743 1896 φύσις
784 1827 883 1880 καὶ
916 1826 1066 1898 μάλα
1110 1827 1314 1900 ῥᾳδίως
1344 1827 1446 1900 τὴν
1476 1828 1557 1893 είς
1597 1828 1705 1882 πᾶν
1730 1827 1909 1882 ὁτιοῦν
1935 1827 2046 1882 τῶν

2173 1832 2345 1878 natura
2371 1821 2437 1877 ad
2459 1820 2668 1893 quaevis
2693 1819 2937 1875 absurda
2974 1816 3280 1883 deferetur,
3305 1815 3413 1871 nisi
3441 1815 3595 1870 illam
3626 1813 3749 1868 Sal-

428 1917 699 1976 ὲκτὸπων
730 1917 1085 1990 παραφορὰν,
1123 1919 1172 1971 εί
1221 1917 1298 1990 μὴ
1322 1918 1508 1989 ἀνέχοι
1540 1918 1678 1991 πρὸς
1711 1919 1915 1990 ἀρετὴν
1947 1918 2048 1973 αὐ-

2173 1914 2357 1971 ratoris
2393 1914 2569 1986 gratia
2604 1912 2665 1968 in
2709 1912 2918 1968 virtute
2965 1909 3260 1975 sustineat,
3291 1922 3357 1965 ac
3380 1906 3545 1963 bonis
3582 1904 3753 1961 coele-

424 2007 534 2081 τὴν
566 2010 603 2080 ἡ
638 2008 736 2063 τοῦ
764 2008 1128 2076 διασώζοντος
1156 2010 1342 2084 χάρις,
1373 2013 1490 2075 τοῖς
1528 2009 1742 2064 ἀνωθεν
1785 2013 1882 2066 καί
1915 2011 2047 2083 παρ’

2173 2008 2350 2073 ιιὶιηιε,
2381 2021 2619 2078 quorum
2648 2013 2735 2061 est
2755 2004 2874 2076 ipsa
2903 2001 3048 2070 fons,
3072 2008 3289 2073 augeat.

428 2102 647 2177 ἑαυτῆς
681 2102 911 2170 ἀγαθοῖς
934 2103 1319 2168 πλουτίζουσα.

2222 2098 2382 2154 CYR.
2414 2099 2587 2154 Recte
2632 2111 2766 2152 sane
2810 2094 2973 2161 dicis,
3019 2103 3077 2150 et
3121 2092 3323 2149 merito
3349 2090 3611 2162 equidem
3653 2085 3754 2141 tibi

510 2194 686 2251 ΚΥΡ.
724 2189 801 2249 Εὖ
843 2194 1055 2265 λέγεις.
1093 2196 1485 2269 Συναινέσαιμι
1523 2197 1635 2271 γὰρ
1666 2198 1735 2252 ἂν
1765 2198 1860 2252 καὶ
1902 2195 2050 2269 μάλα

430 2285 678 2350 εἰκότως
700 2303 716 2317 ·
757 2286 954 2357 τρέφει
990 2287 1093 2358 μὲν
1116 2287 1223 2360 γάρ
1244 2290 1324 2354 εἰς
1346 2289 1519 2362 ἀλκὴν
1542 2289 1641 2362 τὴν
1675 2287 2052 2361 πνευματικὴν

431 2381 467 2433 ὁ
494 2377 671 2452 ἄρτος
693 2380 724 2433 ὁ
750 2376 885 2445 ζῶν,
912 2378 1058 2433 τοῦτ’
1085 2379 1255 2447 ἔστιν,
1291 2383 1320 2435 ὁ
1356 2382 1452 2435 τοῦ
1473 2381 1611 2436 Θεοῦ
1633 2381 1812 2451 λόγος.
1844 2381 1883 2433 Γ
1887 2381 2055 2453 ἐγρα-

437 2488 582 2525 πται
607 2470 746 2544 γάρ,
788 2472 871 2526 ὅτι
911 2490 931 2524 ι
966 2473 1082 2527 Καὶ
1108 2472 1275 2546 ἄρτος
1305 2475 1553 2550 στηρίξει
1577 2474 1807 2546 καρδίαν
1843 2473 2054 2545 ἀνθρώ-

437 2580 577 2618 που.
622 2582 643 2616 ι
679 2563 942 2629 Δουλείας
971 2563 1029 2620 δὲ
1062 2565 1402 2620 ἀπαλλάττει
1438 2566 1535 2620 καὶ
1564 2565 1775 2630 παθῶν,
1819 2566 2055 2630 καὶτοῖς

438 2656 528 2721 είς
558 2655 884 2729 ἐλευθερίαν
921 2657 1239 2729 αὐχήμασιν
1262 2653 1322 2712 εὖ
1361 2658 1506 2730 μάλα
1537 2660 1891 2730 καταχρυσοῖ.
1918 2659 2055 2711 Συν-

440 2748 789 2814 εσταλκότος
814 2749 873 2805 δὲ
894 2749 1088 2822 ὥσπερ
1130 2750 1237 2822 τὴν
1262 2752 1425 2823 χεῖρα
1445 2748 1541 2804 τοῦ
1568 2750 1729 2814 Θεοῦ,
1753 2752 1847 2805 καὶ
1865 2750 1965 2822 τὴν
1998 2751 2057 2806 ὲν

444 2842 670 2907 τούτοις
700 2843 834 2914 ἡμῖν
862 2842 1133 2915 χορηγίαν
1160 2843 1222 2898 οὐ
1256 2842 1628 2914 διανέμοντος·
1661 2844 1812 2897 πᾶσα
1840 2842 2057 2914 ἀνάγκη

446 2950 573 2996 πως
620 2935 723 2988 καὶ
755 2933 1103 3006 ἀνεθελήτοις
1139 2936 1288 3006 ἡμᾶς
1317 2936 1670 3008 περιπίπτειν
1703 2937 1897 2999 κακοῖς
1917 2974 1934 3000 ,
1963 2934 2061 2988 καὶ

451 3028 666 3101 ἀρετῆς
700 3026 804 3096 μὲν
841 3026 1062 3099 ἁπάσης
1101 3026 1458 3092 ἀπωλισθεῖν,
1489 3027 1743 3083 ὑπελθεῖν
1775 3026 1834 3082 δὲ
1868 3027 2060 3100 ὥσπερ

2153 2187 2462 2253 assentior;
2495 2185 2594 2240 alit
2611 2185 2760 2241 enim
2787 2183 2854 2239 ad
2881 2184 3198 2255 spirituales
3223 2182 3372 2238 vires
3404 2177 3756 2251 accipiendas

2154 2278 2316 2349 panis
2358 2276 2449 2333 ille
2474 2275 2669 2340 vivus,
2699 2274 2754 2330 id
2785 2283 2893 2341 est,
2924 2274 3024 2330 Dei
3052 2272 3309 2329 verbum.
3341 2271 3623 2342 Scriptum
3667 2277 3755 2325 est

2153 2369 2342 2427 enim:
2375 2388 2395 2421 ι
2426 2367 2595 2423 Panis
2625 2365 2922 2422 conﬁrmat
2955 2379 3052 2420 cor
3070 2361 3314 2419 hominis
3335 2362 3401 2415 '°.
3431 2381 3449 2414 ι
3479 2359 3759 2416 Servitute

2154 2477 2377 2534 quoque
2408 2470 2467 2517 et
2497 2459 2682 2532 pravis
2719 2457 3012 2515 affectibus
3043 2456 3278 2522 liberat,
3306 2462 3365 2511 et
3391 2468 3556 2509 aurea
3585 2452 3758 2507 liber-

2157 2552 2286 2609 tatis
2335 2551 2509 2624 gloria
2557 2549 2804 2605 decorat.
2846 2548 2919 2602 At
2972 2545 3021 2602 si
3069 2559 3295 2603 manum
3351 2540 3762 2614 quodammodo

2157 2641 2497 2699 contraxerit
2549 2641 2733 2705 Deus,
2781 2639 3093 2707 horumque
3138 2635 3410 2691 bonorum
3461 2629 3625 2687 nobis
3673 2643 3765 2684 co—

2157 2732 2304 2804 piam
2334 2730 2563 2786 minime
2588 2726 2977 2801 suppeditarit,
2999 2739 3227 2782 necesse
3251 2730 3339 2779 est
3362 2719 3591 2778 omnino
3614 2724 3679 2773 ut
3708 2717 3764 2772 in

2160 2824 2303 2883 mala
2333 2823 2501 2878 etiam
2533 2830 2735 2894 praeter
2766 2821 3111 2877 voluntatem
3142 2815 3474 2880 incidamus,
3505 2820 3671 2882 atque
3696 2810 3766 2864 ab

2161 2917 2313 2973 omni
2352 2930 2580 2987 prorsus
2602 2915 2810 2971 virtute
2852 2912 3198 2977 excidamus,
3232 2924 3301 2967 ac
3330 2907 3506 2963 veluti
3537 2903 3770 2960 alterius

2156 3011 2347 3083 jugum
2378 3009 2699 3074 subeamus,
2729 3007 2799 3063 ad
2827 3021 3005 3077 eaque
3042 3003 3207 3069 mala,
3239 3016 3473 3072 eamque
3503 2996 3766 3070 injuriam

449 3122 546 3175 τὸν
577 3118 779 3193 ἑτέρου
804 3117 991 3188 ζυγὸν,
1016 3120 1174 3192 ἥκειν
1199 3138 1261 3175 τε
1280 3121 1338 3186 ἐς
1366 3120 1524 3175 τοῦτο
1551 3120 1738 3178 κακῶν
1759 3121 1854 3177 καὶ
1872 3121 2065 3175 πλεον-

2173 3103 2573 3175 perveniamus,
2609 3110 2672 3157 ut
2691 3118 2803 3157 non
2826 3101 3064 3156 multum
3091 3098 3239 3154 absit
3266 3096 3404 3169 quin
3432 3095 3607 3166 ipsam
3633 3107 3772 3163 quo-

456 3214 648 3279 εξίας,
676 3189 779 3277 ’ὡς
841 3211 1014 3285 ἀγχοῦ
1042 3189 1312 3283 γενέσθαι
1366 3213 1555 3267 λοιπὸν
1602 3212 1698 3267 τοῦ
1735 3214 1832 3268 καὶ
1889 3211 2062 3283 αὐτὴν

2173 3217 2279 3272 que
2317 3203 2432 3273 jam
2463 3200 2905 3272 intelligentiam,
2927 3212 3051 3269 quae
3076 3194 3149 3252 ad
3184 3193 3372 3250 omnia
3402 3189 3568 3248 nobis
3597 3189 3772 3244 bono-

465 3305 731 3360 ἀπολέσαι
751 3305 855 3379 τὴν
882 3284 963 3370 είς
987 3306 1098 3360 πᾶν
1113 3305 1292 3360 ὁτιοῦν
1307 3305 1416 3360 τῶν
1442 3304 1663 3376 ἀγαθῶν
1682 3303 2065 3378 ὑπηρετοῦσαν

2173 3308 2296 3348 rum
2325 3306 2527 3364 genera
2569 3289 2927 3362 adipiscenda
2964 3296 3022 3345 et
3052 3284 3377 3345 administra
3415 3289 3502 3339 est
3534 3287 3592 3336 et
3633 3293 3769 3335 con-

466 3400 598 3470 ἡμῖν
625 3398 729 3453 καὶ
760 3372 1177 3470 συνῳκισμένην
1212 3396 1428 3452 σύνεσιν
1447 3436 1463 3461 ,
1492 3372 1591 3452 καὶ
1618 3372 1813 3467 σοφίας
1850 3397 2066 3470 ἐρήμην

2173 3386 2379 3457 iuncta,
2413 3381 2755 3448 amittamus,
2793 3387 2968 3451 utque
2999 3379 3122 3451 ejus
3153 3376 3249 3448 qui
3293 3376 3372 3431 ita
3422 3372 3655 3429 aﬂ‘ectus
3688 3377 3776 3425 est

458 3463 560 3562 τξγς
601 3490 752 3547 κατά
802 3463 939 3545 Θεδν
977 3463 1362 3564 ἀποφανθῆναι
1405 3508 1467 3547 τε
1500 3463 1782 3555 παντελῶς
1820 3463 2061 3563 τῆνὲτέῡ

2174 3493 2272 3536 cor
2300 3476 2489 3532 divina
2522 3473 2794 3546 sapientia
2813 3474 2976 3545 plane
2997 3473 3235 3527 i'acuum
3257 3474 3539 3532 cernatur,
3569 3463 3776 3536 quippe

455 3583 740 3646 παθόντος
774 3583 1025 3656 καρδίαν,
1061 3583 1579 3657 ὲκπεπορνευμένην
1608 3583 1799 3656 ὥσπερ
1844 3582 1925 3655 τῷ
1962 3583 2070 3638 Σα-

455 3677 608 3749 τανᾷ
627 3714 644 3742 ,
679 3679 780 3730 καὶ
803 3675 1199 3748 ὑπενεχθεῖσαν
1227 3675 1465 3740 εὐκόλως
1492 3675 1684 3748 ὕϐρεσί
1702 3692 1763 3730 τε
1787 3675 1881 3732 καὶ
1905 3675 2069 3731 ἀσελ-

456 3768 649 3838 γείαις
681 3772 802 3832 ταῖς
828 3768 923 3823 ὑπ’
948 3767 1139 3824 αὐτοῦ.

536 3868 760 3922 ΠΑΛΛ.
809 3865 1142 3933 Ἐκδείξειας
1172 3866 1240 3921 ἂν
1281 3866 1451 3931 ὅπως,
1480 3865 1514 3937 ἢ
1543 3865 1716 3936 ψιλοῖς
1741 3865 1925 3928 ἐάσεις
1954 3866 2073 3919 επι-

460 3957 740 4032 νήχεσθαι
773 3958 1054 4031 λογισμοῖς
1079 3975 1096 4025 ;

544 4053 722 4109 ΚΥΡ.
773 4052 1018 4106 Ἦκιστά
1043 4067 1130 4120 γε.
1167 4049 1569 4123 Παραδείξαιμι
1613 4049 1723 4123 γὰρ
1773 4048 1840 4103 ἂν
1879 4051 1956 4113 ὡς
1997 4047 2076 4103 ἔνι

464 4146 661 4211 καλῶς
691 4146 770 4201 τά
801 4148 915 4210 τοῖς
960 4143 1213 4217 ἀρχαίοις
1267 4142 1657 4216 συμϐεϐηκότα
1680 4183 1694 4208 ,
1747 4141 2073 4214 διαμορφῶν

464 4240 751 4311 εὐτέχνως
783 4239 863 4304 εἰς
890 4237 1064 4292 τύπον
1104 4237 1213 4291 τῶν
1253 4236 1485 4310 νοητῶν.
1520 4235 1742 4301 Είκόνες
1774 4235 1884 4307 γὰρ
1916 4237 2078 4304 ἐναρη

467 4335 593 4401 γεῖς
619 4332 718 4386 καὶ
741 4330 1121 4404 ἀριδηλότατοι
1149 4329 1391 4400 γένοιντο
1418 4327 1484 4384 ἂν
1508 4330 1640 4401 ἡμῖν
1661 4326 1771 4382 τῶν
1792 4329 1850 4380 ὲν
1877 4326 2081 4399 θεωρίᾳ

464 4422 677 4493 λεπτῇ,
708 4420 780 4473 τά
805 4420 882 4483 ὡς
909 4420 969 4473 ὲν
1006 4417 1258 4491 αίσθήσει
1290 4434 1354 4472 τε
1383 4418 1481 4473 καὶ
1509 4418 1586 4483 ὡς
1621 4419 1680 4472 ὲν
1710 4416 1831 4488 ὄψει
1867 4433 2080 4488 σημαν-

467 4516 630 4586 τικῇ.
644 4513 966 4586 Γέγραπται
984 4513 1164 4569 τοίνυν
1183 4513 1313 4584 περὶ
1322 4510 1419 4565 τοῦ
1436 4510 1780 4585 προπάτορος
1808 4508 2078 4583 Ἀϐραάμ·

478 4625 499 4658 ι
544 4605 666 4660 Καὶ
701 4604 923 4675 ἐγένετο
939 4604 991 4658 λι
999 4604 1098 4676 μδς
1116 4603 1210 4659 ἐπὶ
1228 4603 1331 4674 τῆς
1350 4601 1477 4673 γῆς,
1491 4601 1587 4656 καὶ
1601 4600 1809 4672 κατέϐη
1834 4599 2087 4673 Ἀϐραὰμ

472 4701 564 4763 είς
596 4698 882 4767 Αἴγυπτον
911 4696 1237 4768 παροικίσαι
1266 4697 1402 4761 ἐκεῖ,
1433 4696 1518 4750 ὅτι
1546 4695 1829 4766 ἐνίσχυσεν
1859 4694 1889 4746 ὁ
1930 4693 2089 4766 λιμὸς

471 4792 575 4845 ἐπὶ
608 4789 715 4860 τῆς
739 4789 862 4860 γῆς.
905 4808 924 4842 ι
962 4788 1073 4861 Τὴν
1103 4788 1216 4861 γάρ
1247 4805 1334 4842 τοι
1356 4787 1519 4858 φίλην
1542 4803 1603 4841 τε
1623 4785 1774 4859 αὑτῷ
1803 4786 1899 4840 καὶ
1932 4787 2086 4856 ἐνεγ-

471 4883 581 4940 κοῦ
592 4899 694 4938 σαν
718 4882 897 4953 ἀφεὶς,
928 4880 1313 4955 μεθωρμίζετο
1332 4881 1471 4954 πρὸς
1496 4881 1524 4934 ὲ

472 4975 640 5040 Θεὸς.
678 4992 699 5026 ι
740 4972 965 5038 Ἔξελθε
996 4973 1126 5045 γὰρ,
1169 4991 1189 5025 ι
1222 4971 1410 5042 φησὶν,
1440 4989 1459 5023 ι
1491 4970 1559 5024 ὲκ
1583 4970 1684 5041 τῆς
1715 4969 1818 5041 γῆς
1850 4986 1968 5033 σου,
1995 4970 2091 5023 καὶ

472 5073 546 5122 ἐκ
581 5065 692 5137 τῆς
721 5062 1049 5134 συγγενείας
1079 5080 1198 5130 σου,
1228 5061 1324 5117 καὶ
1348 5054 1511 5132 δεῦρο
1536 5060 1616 5124 είς
1645 5058 1770 5132 γῆν,
1804 5061 1872 5130 ἢν
1902 5058 1970 5115 ἄν
2005 5076 2090 5114 σοι

471 5160 668 5227 δείξω.
723 5176 742 5211 ι
801 5155 1247 5229 Καταϐρίθοντος
1288 5153 1346 5209 δὲ
1382 5154 1478 5208 τοῦ
1530 5152 1715 5227 λιμοῦ,
1746 5153 1842 5207 καὶ
1873 5150 2090 5206 δυσδιά-

474 5267 695 5324 φυκτον
723 5249 925 5323 κομιδῇ
962 5249 1067 5321 τὴν
1093 5245 1300 5320 ζημίαν
1332 5246 1654 5316 ἐπάγοντος,
1683 5243 1783 5316 τὴν
1816 5243 2091 5312 Αἴγυπτον

479 5344 646 5406 ἰδεῖν,
686 5341 787 5396 καὶ
830 5341 932 5413 οὐχ
984 5337 1152 5404 ἑκὼν,
1186 5337 1458 5403 ἐϐιάζετο.
1501 5337 1612 5392 Καὶ
1663 5332 1954 5407 κατῴκησε
1992 5333 2091 5404 μὲν

473 5434 633 5506 οὐχὶ,
658 5430 963 5506 παρῴκησε
990 5430 1050 5486 δὲ
1074 5429 1276 5503 μᾶλλον
1304 5432 1363 5485 ὲν
1389 5430 1550 5501 αὐτῇ.

556 5607 779 5662 ΠΑΛΛ.
820 5604 889 5660 Τί
908 5600 1007 5660 οὖν
1029 5603 1188 5660 τοῦτό
1210 5621 1273 5676 γε
1295 5622 1309 5671 ;

2177 3570 2282 3641 qui.
2302 3584 2499 3640 passus
2525 3567 2598 3623 sit
2618 3566 2755 3623 illud
2789 3563 3051 3637 prostitui
3081 3562 3317 3629 Satanaa,
3348 3558 3623 3628 facileque
3654 3554 3777 3629 ejus

2176 3661 2398 3718 libidini
2427 3670 2591 3732 atque
2629 3658 2984 3719 contumeliis
3016 3654 3239 3727 subjici.

2238 3842 2436 3899 PALL.
2480 3838 2962 3897 Demonstrabisne
3013 3852 3124 3907 quo
3149 3843 3311 3907 pacto
3342 3832 3400 3888 id
3431 3829 3675 3895 accidat,
3711 3842 3780 3882 an

2182 3936 2241 3991 in
2264 3934 2431 3990 nudis
2454 3931 2881 4005 cogitationibus
2907 3945 3009 3985 nos
3034 3924 3518 3985 ﬂuctuaresines?

2253 4026 2412 4083 CYR.
2441 4025 2665 4081 Minime
2692 4039 2847 4080 vero.
2880 4019 3378 4111 Ostendamxenim,
3413 4024 3477 4071 ut
3507 4030 3600 4070 res
3636 4014 3783 4085 pati—

2186 4128 2298 4185 tur,
2327 4118 2702 4190 pulcherrime
2728 4157 2742 4183 ,
2771 4124 2828 4173 et
2861 4130 2924 4171 ea
2958 4130 3080 4185 quae
3121 4108 3405 4170 veteribus
3438 4108 3782 4172 acciderunt,

2186 4210 2483 4267 artiﬁciose
2509 4210 2577 4265 ad
2602 4223 2791 4265 rerum
2816 4206 3188 4279 spiritualium
3212 4204 3442 4275 ﬁguram
3466 4200 3785 4272 expressius

2188 4301 2459 4373 eﬁingam.
2491 4299 2629 4356 Nam
2666 4315 2732 4355 ea
2762 4314 2884 4370 quae
2914 4297 3088 4353 veluti
3137 4295 3398 4353 sensibus
3439 4302 3498 4350 et
3536 4293 3785 4364 aspectui

2190 4406 2458 4464 corporeo
2484 4389 2908 4461 sunt'exposita,
2940 4403 3128 4444 rerum
3169 4402 3294 4459 qua:
3320 4383 3510 4442 subtili
3534 4390 3785 4440 contem-

2117 4474 2159 4530 Ι)
2188 4484 2431 4557 platione
2457 4490 2784 4549 cernuntur,
2818 4481 3089 4554 imagines
3127 4479 3420 4537 evidentes
3447 4484 3616 4548 atque
3662 4489 3789 4546 per-

2184 4578 2390 4650 spicuae
2428 4591 2554 4633 esse
2602 4580 2887 4647 poterunt.
2929 4573 3209 4644 Scriptum
3245 4580 3333 4627 est
3377 4568 3526 4626 enim
3576 4566 3645 4623 de
3685 4581 3786 4638 pa-

2187 4671 2425 4727 triarcha
2457 4668 2771 4725 Abraham:
2809 4686 2827 4720 ι
2869 4666 2942 4722 Ει
2984 4664 3130 4720 facta
3163 4671 3251 4721 est
3289 4662 3466 4718 fames
3504 4660 3562 4715 in
3600 4667 3783 4714 terra:

2186 4772 2244 4819 et
2266 4759 2556 4818 descendit
2578 4759 2854 4815 Abraham
2883 4757 2939 4813 in
2969 4755 3285 4828 lEgyptum,
3313 4761 3377 4809 ut
3401 4750 3786 4824 peregrinare-

1526 4879 1713 4953 τέραν,
1738 4881 1807 4952 ἢν
1841 4878 2079 4944 ὑπέδειξε

2192 4866 2281 4912 ιιιι·
2328 4853 2440 4920 ibi;
2469 4853 2598 4923 quia
2631 4852 2938 4905 invalucrat
2980 4849 3155 4904 fames
3191 4847 3247 4902 in
3295 4855 3448 4902 terra
3470 4845 3536 4898 ".
3571 4862 3588 4895 ι
3629 4840 3786 4897 Dulci

2188 4947 2339 5003 enim
2371 4956 2427 5001 et
2465 4944 2634 5000 natali
2674 4944 2793 4999 solo
2835 4941 3030 4997 relicto
3055 4980 3069 5004 ,
3098 4940 3155 4995 in
3198 4938 3367 4994 aliam
3405 4952 3464 4992 se
3505 4934 3787 5006 regionem

2190 5042 2624 5112 contulit,quam
2646 5036 2967 5095 ostenderat
2994 5036 3160 5091 Deus.
3182 5053 3200 5085 ι
3220 5032 3321 5089 Exi
3344 5030 3514 5096 enim,
3537 5048 3554 5081 ι
3586 5027 3788 5099 inquit,

2200 5157 2222 5191 ι
2252 5137 2321 5193 de
2353 5145 2499 5192 terra
2525 5143 2641 5199 tua,
2673 5140 2730 5189 et
2753 5131 2822 5187 de
2840 5128 3171 5203 cognatione
3206 5136 3318 5191 tua,
3340 5133 3398 5180 et
3427 5121 3554 5179 veni
3581 5121 3639 5176 in
3675 5130 3789 5177 ter-
3828 5126 3857 5137 "

2193 5244 2334 5296 ram,
2353 5241 2522 5298 quam
2545 5232 2930 5281 monstravere
2960 5219 3063 5274 tibi
3084 5219 3152 5271 ³⁵³.
3192 5237 3210 5267 ι
3242 5215 3666 5286 Ingravescente
3688 5226 3789 5266 au-

2200 5330 2311 5377 tem
2342 5318 2506 5383 fame,
2533 5325 2597 5373 et.
2616 5311 2937 5371 inevitabile
2966 5310 3228 5366 damnum
3256 5302 3550 5369 intercute,
3584 5301 3791 5359 invitus

2205 5412 2309 5483 l2
2343 5409 2559 5482 Egypti
2589 5406 2871 5481 regionem
2902 5402 3142 5460 invisere
3172 5405 3399 5456 coactus
3435 5404 3558 5463 est;
3601 5393 3655 5449 in
3681 5407 3792 5464 qua

2201 5521 2313 5562 non
2341 5512 2401 5558 ut
2422 5502 2624 5567 incola,
2655 5498 2751 5556 sed
2785 5505 2847 5553 ut
2873 5493 3200 5567 peregrinus
3221 5500 3477 5548 versatus
3499 5495 3606 5549 est.

2273 5594 2471 5652 PALL.
2499 5592 2772 5660 Quorsum
2803 5589 2910 5645 hoc
2936 5586 3188 5660 spectat?

555 5762 644 5837 (ei)
707 5763 854 5828 νει,
921 5764 1256 5834 ἀπόγνωσις.
1323 5760 1585 5817 Codiccm
1648 5756 1837 5815 Sirleti
1901 5734 2229 5827 sequimur!

556 5881 607 5916 ”
638 5880 756 5938 Jac.
791 5897 831 5947 ι,
862 5881 1046 5936 15-15.
1128 5882 1171 5913 ³⁰
1201 5881 1342 5936 Psal.
1373 5882 1485 5945 cm,
1526 5880 1607 5935 l5.

1687 5878 1726 5910 "
1760 5877 1897 5933 Gen.
1931 5894 2023 5944 xu,
2066 5874 2146 5931 10.
2226 5874 2267 5905 ³³
2299 5870 2464 5929 lbid..
2498 5870 2539 5923 1.
