4172 6444
495 372 623 427 ,151

1554 373 1610 428 S.
1651 372 1926 446 CYBILLI
1965 373 2437 430 ALEXANDRINI
2478 375 2795 430 ARClllEP.

3682 373 3783 429 152

592 483 750 540 CYR.
800 485 1230 542 Pulcherrimam
1282 488 1440 542 nobis
1503 503 1691 544 rerum
1744 490 2102 546 secretiorum

2279 493 2441 547 KI’P.
2461 492 2867 576 ‘Apiczrjvlijpiv
2889 489 2996 542 τῶν
3018 485 3405 558 ἀφανεστέρων
3428 487 3526 558 τὴν
3551 487 3782 556 θεωρίαν

522 574 755 629 formam
786 577 1042 647 pr0ponit
1075 577 1568 646 contemplandam.

593 666 794 722 PALL.
825 667 944 734 Quo
971 669 1166 738 pacto?

589 758 748 814 CYR.
798 758 1110 814 Iudaeorum
1164 759 1602 816 incredulitatem
1663 761 1989 832 increpans,
2025 765 2102 819 ait

523 849 700 905 Deus:
743 868 761 901 ι
796 850 936 905 Ecce
985 851 1240 906 inducam
1279 851 1481 907 famem
1513 868 1678 923 super
1707 862 1938 921 terram,
1990 871 2101 910 non

523 942 722 996 famem
765 943 944 1012 panis,
970 958 1150 1013 neque
1193 943 1341 999 sitim
1390 959 1579 1014 aqute,
1623 944 1721 1000 sed
1770 945 1968 1001 famem
2002 963 2101 1002 au-

522 1031 708 1087 diendi
736 1033 968 1088 verbum
996 1033 1232 1090 Domini.
1275 1034 1344 1089 Et
1369 1034 1438 1090 ab
1465 1035 1676 1090 oriente
1704 1052 1875 1106 usque
1905 1037 1973 1096 ad
2006 1053 2102 1093 oc-

524 1122 798 1179 cidentem
841 1123 1355 1186 circumcursabunt
1395 1134 1704 1195 qumrentes
1728 1128 1958 1184 verbum
1994 1130 2102 1187 Do-

523 1211 680 1278 mini,
715 1222 913 1270 etnon
959 1213 1240 1270 invenient
1261 1215 1356 1270 ³³.»
1403 1215 1589 1286 Atqui,
1624 1217 1820 1282 amice,
1858 1219 1951 1287 qui
2002 1219 2104 1274 hac

521 1299 665 1357 fame
713 1304 960 1375 oppressi
1005 1312 1154 1368 sunt,
1201 1313 1258 1359 et
1298 1304 1807 1362 subministratione
1853 1308 1945 1364 illa
1983 1309 2100 1374 Dei,

521 1410 644 1464 quae
672 1411 774 1450 nos
811 1396 866 1449 in
897 1397 1102 1454 virtute
1130 1397 1377 1456 continet
1403 1398 1606 1468 lapsos,
1637 1398 1908 1465 destituti,
1947 1416 2102 1456 esca-

521 1501 628 1556 que
659 1485 738 1540 illi
783 1488 993 1542 cmlesti
1032 1498 1196 1559 atque
1228 1505 1466 1560 superna
1494 1498 1706 1555 carent,
1738 1506 1806 1544 an
1845 1507 1954 1546 non
1983 1507 2104 1545 om-

521 1576 653 1632 nino
675 1592 900 1633 necesse
927 1587 1014 1634 est
1042 1580 1410 1652 peregrinari,
1440 1581 1796 1652 exsulemque
1836 1584 2104 1653 quodam-

522 1667 686 1724 modo
713 1679 955 1725 mentem
984 1670 1068 1726 eis
1095 1671 1212 1728 ﬁeri
1238 1671 1306 1727 ad
1334 1670 1612 1728 deteriora
1644 1672 1904 1744 deinceps
1927 1674 2105 1729 demi-

519 1765 792 1826 grantem,
813 1768 870 1813 et
894 1774 962 1814 ex
982 1759 1204 1818 virtutis
1227 1758 1484 1816 ﬁrmitate
1507 1771 1766 1832 tanquam
1793 1779 1860 1819 ex
1884 1763 2106 1835 propria

2203 585 2511 654 διαμορφοῖ.

2276 677 2486 730 ΠΑΛΛ.
2525 675 2659 729 Τίνα
2685 674 2887 746 τρόπον
2908 691 2923 738 ;

2276 769 2442 824 ΚΥΡ.
2473 769 2605 831 Ταῖς
2625 767 2734 820 τῶν
2769 765 3037 819 Ἰουδαίων
3051 765 3336 830 ’ἀπειθίαις
3359 761 3653 833 ἐπιτιμῶν,
3679 760 3782 831 ἔφη

2207 879 2310 914 που
2347 863 2376 913 ὁ
2416 859 2579 922 Θεός·
2620 877 2639 911 ι
2693 859 2824 912 Ἰδοὺ
2869 857 3061 926 ἐπάγω
3085 856 3262 928 ’λιμὸν
3293 855 3385 909 ἐπὶ
3420 855 3520 924 τὴν
3552 853 3679 923 γῆν,
3719 854 3782 906 οὑ

2205 952 2362 1023 λιμὸν
2383 951 2572 1023 ἄρτου,
2592 949 2715 1003 οὐδὲ
2745 947 2906 1018 δίψαν
2932 948 3141 1016 ὓδατος,
3167 947 3304 1003 ἀλλὰ
3330 945 3488 1016 λιμὸν
3508 943 3602 997 τοῦ
3623 944 3786 998 ἀκοῦ-

2207 1060 2300 1098 σαι
2342 1043 2497 1111 λόγον
2536 1040 2764 1113 Κυρίου.
2803 1039 2916 1094 Καὶ
2949 1039 3060 1092 ἀπὸ
3103 1037 3378 1092 ἀνατολῶν
3417 1035 3523 1099 ἓως
3563 1033 3786 1104 δυσμῶν

2207 1131 2669 1206 περιδραμοῦνται
2713 1129 3003 1202 ζητοῦντες
3031 1130 3188 1198 λόγον
3217 1127 3451 1199 Κυρίου,
3479 1127 3574 1179 καὶ
3603 1126 3665 1178 οὐ
3711 1125 3788 1194 μὴ

2207 1225 2460 1297 εὕρωσιν.
2506 1243 2525 1276 ι
2558 1219 2687 1294 τΑρ’
2727 1215 2910 1288 οὖν,ὧ
2962 1222 3165 1290 ἑταῖρε,
3208 1218 3336 1281 τοὺς
3385 1216 3572 1287 τοιῷδε
3622 1215 3787 1283 τυχὸν

2207 1313 2672 1378 καταπιεσθέντας
2702 1313 2846 1389 λιμῷ
2871 1352 2887 1376 ,
2934 1312 3029 1365 καὶ
3055 1309 3320 1384 χορηγίας
3360 1306 3786 1366 ἐκπεπτωκότας

2205 1407 2305 1478 τῆς
2327 1405 2724 1476 διακρατούσης
2746 1404 2826 1466 εἰς
2845 1402 3070 1474 ἀρετὴν,
3093 1401 3188 1455 καὶ
3207 1399 3415 1472 τροφὰς
3437 1398 3536 1451 οὐκ
3562 1395 3787 1466 ἔχοντας

2205 1496 2305 1560 τὰς
2338 1496 2396 1562 εξ
2427 1493 2656 1567 ούρανοῦ
2687 1494 2782 1548 καὶ
2810 1493 3036 1558 ἀνωθεν,
3074 1489 3196 1561 οὐχι
3235 1488 3387 1542 πᾶσά
3422 1505 3537 1550 πως
3569 1487 3783 1556 ἀνάγκη

2210 1587 2551 1660 μετανάστην
2602 1584 2788 1656 ὥσπερ
2826 1584 2946 1637 τινὰ
2987 1583 3082 1636 καί⁵
3125 1579 3340 1651 φυγάδα
3382 1576 3653 1632 ποιεῖσθαι
3692 1577 3785 1630 τὸν

2207 1677 2353 1740 νοῦν,
2389 1674 2720 1747 μεταθέοντα
2755 1674 2938 1727 λοιπὸν
2971 1673 3063 1728 ἐπὶ
3094 1671 3164 1725 τά
3192 1671 3408 1742 αἰσχίω,
3461 1670 3554 1724 καὶ
3585 1667 3781 1738 ὥσπερ

2207 1768 2351 1830 τινὸς
2376 1767 2479 1836 γῆς
2507 1765 2642 1828 ἰδίας
2670 1764 2769 1832 τῆς
2793 1765 2872 1826 εἰς
2906 1761 3106 1834 ἀρετὴν
3140 1759 3450 1822 εὐσθενείας
3479 1757 3786 1824 ἐξωθούμε-

520 1847 742 1918 regione
794 1851 1007 1920 pulsam
1037 1891 1053 1917 ,
1103 1850 1438 1909 descendere
1501 1852 1559 1907 in
1620 1854 1789 1909 alium
1849 1832 2102 1912 habitum

2207 1876 2316 1923 νον,
2353 1856 2696 1912 καταϐαίνειν
2730 1856 2808 1918 εἰς
2834 1854 3025 1926 ἑτέραν
3045 1852 3157 1918 ἕξιν
3188 1870 3248 1905 τε
3285 1849 3379 1904 καὶ⁵
3410 1849 3626 1919 θέλησιν
3646 1865 3658 1879 ·
3681 1850 3785 1902 οὐκ

521 1947 683 2010 atque
715 1941 1078 2008 voluntatem,
1110 1959 1288 2014 neque
1317 1942 1578 2015 deinceps
1607 1947 1704 2001 Dei
1734 1947 1987 2019 imperio,
2005 1949 2101 2005 sed

520 2033 754 2101 sceptris
791 2033 1081 2091 diabolicis
1139 2035 1446 2107 subjectam
1475 2037 1640 2092 esse?
1670 2018 1885 2094 Parens.
1928 2041 2099 2108 enim,

517 2122 734 2191 Opinor,
769 2133 824 2180 et
862 2141 959 2183 rex
997 2127 1208 2196 peccati
1257 2127 1304 2182 is
1347 2136 1431 2183 est
1471 2128 1564 2199 qui
1614 2115 1824 2200 primus
1858 2131 1992 2186 illud
2044 2131 2103 2188 in

517 2215 783 2271 mundum
813 2216 1017 2284 intulit,
1049 2220 1205 2290 cujus
1230 2219 1456 2291 ﬁguram
1479 2230 1644 2292 atque
1671 2222 1964 2294 imaginem
1989 2238 2101 2280 non

517 2307 773 2372 absurde,
801 2317 863 2364 ut
889 2310 1106 2380 opinor,
1130 2320 1336 2368 statuat
1373 2313 1716 2369 Pharaonem
1747 2315 1902 2369 illum
1934 2314 2102 2387 Egy-

516 2397 754 2466 ptiorum
775 2399 1104 2472 principem,
1136 2403 1284 2474 apud
1305 2420 1444 2474 quos
1462 2405 1646 2461 densa:
1666 2414 1824 2460 erant
1848 2421 2100 2463 errorum

518 2491 777 2560 tenebrat,
801 2493 1124 2567 nullumque
1152 2497 1414 2568 nequitia:
1439 2512 1616 2569 genus
1643 2498 1995 2562 intentatum,

589 2673 785 2729 PALL.
819 2673 888 2734 Et
919 2691 1157 2746 quanam
1190 2675 1296 2732 fuit
1324 2677 1599 2734 Abraham
1649 2678 1886 2736 all‘eetus
1921 2679 2099 2736 mole-

517 2765 642 2830 stia,
673 2781 741 2821 ex
763 2781 832 2823 eo
861 2768 1009 2839 quod
1030 2769 1087 2823 in
1113 2769 1405 2842 Egyptum
1433 2771 1832 2828 descenderat?

585 2857 743 2918 (ΠΒ.
767 2858 999 2915 Maxima
1020 2875 1169 2916 sane.
1201 2861 1605 2932 Propemodum
1630 2862 1779 2918 enim
1813 2862 1956 2920 ultra
1979 2877 2100 2919 om-

514 2965 643 3005 nem
666 2951 936 3006 malorum
967 2951 1193 3007 modum
1217 2951 1463 3022 perlatus
1495 2960 1598 3008 est.
1637 2951 1699 3007 Id
1730 2961 1914 3010 autem
1944 2951 2102 3008 facile

517 3041 718 3109 disces,
748 3041 1037 3113 Scriptura
1063 3043 1314 3106 dicente:
1341 3062 1360 3095 ι
1387 3042 1618 3100 Factum
1642 3053 1729 3100 est
1757 3053 1941 3100 autem
1974 3058 2102 3100 cum

515 3142 895 3246 ingrederetur
910 3143 1186 3246 Abraham
1211 3143 1270 3199 in
1295 3141 1612 3246 Egyptum,
1643 3141 1898 3246 videntes
1933 3139 2101 3246 ﬁggy-
2127 3185 2170 3246 ο

513 3235 616 3306 ptii
657 3235 948 3292 mulierem
968 3275 984 3301 ,
1015 3235 1162 3306 quod
1194 3244 1344 3292 esset
1379 3236 1613 3307 pulchra
1645 3234 1832 3301 nimis,
1861 3241 1919 3289 et
1941 3233 2098 3290 vide-

517 3335 648 3384 runt
676 3343 799 3384 eam
827 3327 1106 3400 principes
1138 3329 1440 3385 Pharaonis
1459 3368 1473 3394 ,
1500 3336 1558 3384 et
1585 3327 1948 3386 laudaverunt
1977 3342 2099 3383 eam

515 3420 662 3491 apud
712 3420 1078 3484 Pharaonem,
1115 3429 1173 3475 et
1227 3419 1566 3475 induxerunt
1597 3433 1720 3473 eam
1772 3419 1829 3474 in
1874 3417 2099 3478 domum

516 3511 822 3570 Pharaonis.
842 3510 910 3564 “.
951 3530 970 3563 ι
1019 3511 1156 3567 Vide
1204 3511 1390 3582 igitur,
1439 3509 1668 3575 Palladi,
1704 3522 1870 3579 quam
1902 3524 2096 3580 parum

516 3603 756 3659 abfuerit
782 3602 917 3675 quin
944 3617 1173 3658 uxorem
1203 3601 1472 3658 amiserit.

586 3694 784 3754 PALL.
817 3693 990 3765 Quam
1022 3710 1182 3766 asper
1215 3709 1404 3759 casus,
1435 3702 1490 3749 et
1533 3692 1773 3765 graviter
1805 3689 2092 3746 ferendus!

585 3870 743 3928 ΟΥΕ.
778 3871 942 3943 Atqui
977 3873 1082 3930 hoe
1119 3872 1264 3928 idem
1299 3871 1658 3942 spiritualiter
1689 3870 1744 3924 in
1775 3869 1934 3925 nobis
1963 3869 2097 3939 ipsis

516 3961 794 4018 usuvenit.
837 3962 1050 4030 Quibus
1104 3963 1251 4020 enim
1300 3961 1564 4018 acciderit
1599 3963 1668 4018 ab
1710 3962 1995 4017 honestate
2034 3975 2098 4014 ac

516 4053 718 4109 virtute
741 4093 757 4118 ,
786 4068 951 4123 quam
985 4051 1094 4107 sibi
1123 4051 1356 4106 amicam
1387 4060 1445 4106 et
1473 4051 1796 4110 familiarem
1843 4050 2093 4115 fecerint,

517 4153 774 4214 tanquam
802 4159 833 4198 e
863 4159 961 4199 sua
987 4143 1164 4213 patria
1192 4142 1342 4212 pelli,
1378 4149 1437 4198 et
1463 4141 1531 4197 ad
1566 4142 1840 4198 deteriora
1869 4141 2096 4196 descen-

513 4233 664 4298 dere,
698 4241 753 4288 et
782 4233 1010 4304 sceptris
1041 4232 1326 4288 diabolicis
1355 4232 1538 4298 subdi,
1574 4248 1671 4289 eos
1699 4232 1943 4302 undique
1972 4247 2096 4288 om-

511 4325 786 4395 nibusque
825 4324 1005 4380 modis
1051 4324 1476 4396 aggrediuntur,
1514 4325 1692 4396 iisque
1732 4338 1925 4395 graves
1965 4321 2098 4376 insi-

511 4416 630 4472 dias
659 4425 880 4472 struunt
913 4415 1175 4486 improbae
1207 4425 1370 4487 atque
1399 4416 1727 4472 adversariae
1767 4424 2094 4486 potestates,

2205 1950 2286 2005 ἔτι
2320 1950 2417 2020 μὲν
2448 1949 2545 2020 τὴν
2584 1947 2689 2000 ὑπὸ
2721 1946 2860 2018 Θεῷ,
2905 1947 3206 2017 σκήπτροις
3233 1945 3290 1996 δὲ
3324 1942 3525 2014 μᾶλλον
3562 1943 3786 1994 ὑποκει-

2208 2041 2377 2113 μένην
2413 2040 2755 2104 διαϐολικοῖς.
2788 2038 2978 2110 Πατὴρ
3014 2036 3124 2107 γὰρ
3147 2079 3161 2102 ,
3185 2033 3336 2107 οἶμαι
3356 2076 3370 2098 ,
3403 2034 3496 2089 καὶ
3529 2031 3785 2104 βασιλεὺς

2204 2133 2499 2205 ἁμαρτίας,
2523 2134 2552 2186 ό
2575 2131 2790 2203 πρῶτος
2819 2129 2988 2199 αὐτὴν
3007 2131 3063 2192 ἐς
3085 2128 3289 2198 κόσμον
3315 2123 3573 2194 ἐνεγκὼν,
3596 2117 3658 2177 οὗ
3689 2123 3788 2175 καὶ

2202 2227 2283 2288 είς
2321 2224 2507 2278 εἰκόνα
2536 2222 2631 2276 καὶ
2659 2221 2828 2276 τύπον
2864 2218 3216 2292 παραδέξαιτ*
3254 2217 3321 2271 ἂν
3359 2213 3511 2287 οἶμαί
3548 2231 3655 2277 τις,
3689 2213 3787 2268 καὶ

2203 2316 2416 2386 σφόδρα
2446 2315 2673 2379 είκότως
2694 2355 2710 2380 ,
2742 2315 2835 2367 τὸν
2864 2311 3069 2385 Φαραὼ
3091 2353 3106 2380 ,
3131 2311 3236 2380 τῆς
3272 2308 3585 2378 Αἰγυπτίων
3621 2305 3784 2376 ἑξάρ-

2201 2423 2385 2480 χοντα.
2417 2407 2554 2478 Παρ’
2582 2399 2664 2469 οἷς
2691 2404 2859 2475 βαθὺς
2881 2404 2981 2474 μὲν
3004 2397 3074 2474 ἦν
3093 2403 3216 2456 λίαν
3235 2404 3264 2456 ό
3283 2401 3377 2456 τοῦ
3403 2397 3786 2468 πεπλανῆσθαι

2203 2498 2395 2564 σκότος
2421 2515 2436 2532 ο
2470 2498 2674 2563 κακίας
2722 2497 2780 2551 δὲ
2811 2495 3010 2566 τρόπος
3048 2494 3466 2565 ἀνεπιτήδευτος
3499 2489 3784 2554 παντελῶς

2201 2589 2394 2653 οὐδείς.

2275 2683 2486 2737 ΠΔΛΛ.
2514 2681 2626 2738 Καὶ
2640 2681 2692 2734 τί
2716 2680 2779 2735 τὸ
2803 2680 3051 2751 λυπῆσαν
3079 2679 3171 2732 τὸν
3202 2677 3471 2748 μακάριον
3507 2673 3781 2747 Ἀϐραὰμ,

2203 2777 2270 2831 ὲκ
2293 2774 2387 2829 τοῦ
2415 2773 2738 2830 καθικέσθαι
2767 2773 2928 2844 τυχὸν
2957 2773 3037 2835 εἰς
3063 2770 3162 2842 τὴν
3193 2766 3541 2837 Αίγυπτίωνς

2272 2867 2436 2920 ΚΥΡ.
2463 2866 2720 2921 Πλεῖστον
2750 2865 2944 2936 μενοῦν
2976 2865 3121 2917 ὅσον.
3152 2859 3367 2932 Μικροῦ
3390 2859 3500 2930 γὰρ
3524 2857 3782 2912 ἐπέκεινα

2205 2957 2405 3022 παντὸς
2429 2957 2635 3028 ἠνέχθη
2684 2956 2878 3012 κακοῦ.
2927 2953 3258 3025 Ἀναμάθοις
3293 2952 3337 3006 δ’
3379 2950 3445 3005 ἂν
3480 2949 3574 3002 καὶ
3622 2947 3783 3002 τοῦτο

2204 3051 2462 3118 εὐκόλως,
2497 3051 2642 3123 ἱεροῦ
2671 3049 2975 3122 φωνοῦντος
2994 3048 3356 3118 Γράμματος·
3398 3064 3417 3097 ι
3453 3041 3700 3111 Ἐγένετο
3722 3040 3782 3094 δὲ

2204 3143 2368 3214 ἡνίκα
2416 3142 2664 3215 εἰσῆλθεν
2719 3141 2976 3214 Ἀϐραὰμ
3017 3141 3098 3204 εἰς
3137 3137 3435 3207 Αἴγυπτον,
3483 3133 3681 3197 ἰδόντες
3730 3132 3780 3184 οἱ

2203 3230 2491 3301 Αἰγύπτιοι
2543 3231 2644 3304 τὴν
2675 3233 2917 3301 γυναῖκα
2966 3230 3050 3284 ὅτι
3095 3227 3236 3298 καλὴ
3276 3225 3363 3297 εἴη
3404 3223 3650 3296 σφόδρα,
3685 3223 3782 3278 καὶ

2200 3320 2338 3378 εἶδον
2363 3323 2533 3395 αὐτὴν
2563 3325 2613 3378 οἱ
2635 3325 2897 3396 ἄρχοντες
2923 3323 3124 3393 Φαραὼ
3145 3361 3160 3386 ,
3188 3321 3282 3375 καὶ
3303 3320 3578 3392 ἐπῄνεσαν
3608 3315 3782 3388 αὐτὴν

2201 3416 2337 3488 πρὸς
2352 3415 2553 3487 Φαραὼ
2583 3414 2680 3469 καὶ
2707 3415 2914 3486 ἤγαγον
2938 3413 3109 3484 αὐτὴν
3125 3413 3206 3476 εἰς
3227 3411 3318 3464 τὸν
3339 3405 3487 3463 οἷκον
3508 3406 3735 3480 Φαραώ.
3755 3423 3776 3458 ι

2205 3507 2404 3580 Ἀθρει
2434 3507 2501 3578 δὴ
2530 3501 2623 3562 οὖν
2657 3506 2739 3560 ὅτι
2777 3502 2973 3577 μικροῦ
3002 3502 3252 3558 διόλωλεν
3281 3499 3426 3570 αὐτῷ
3447 3499 3510 3554 τὸ
3536 3497 3780 3568 γύναιον,

2198 3593 2246 3658 ὦ
2273 3600 2392 3655 τᾶν.

2269 3691 2480 3746 ΠΑΛΛ.
2523 3689 2610 3754 Ὠς
2657 3689 2822 3760 δριμὺ
2879 3688 2939 3742 τὸ
3005 3688 3199 3760 χρῆμα
3232 3726 3249 3752 ,
3301 3687 3398 3741 καὶ
3446 3685 3781 3741 καταλυπεῖν

2200 3781 2400 3845 ἱκανόν.

2268 3876 2433 3931 ΚΥΡ.
2465 3874 2575 3928 Καὶ
2609 3875 2717 3946 μὴν
2745 3873 2903 3927 τοῦτό
2930 3889 3014 3926 τοι
3035 3872 3166 3944 περὶ
3190 3873 3340 3943 ἡμᾶς
3357 3871 3552 3934 αὐτοὺς
3574 3868 3781 3940 νοητῶς

2201 3967 2559 4042 συμϐήσεται.
2589 3962 2684 4030 Οἷς
2705 3966 2816 4038 γὰρ
2841 3967 2908 4020 ἂν
2928 3965 3138 4034 γένοιτο
3165 3963 3422 4034 πατρίδος
3451 3963 3569 4033 μὲν,
3592 3960 3781 4032 ὥσπερ

2197 4061 2297 4130 τῆς
2329 4059 2464 4122 ἰδίας
2487 4058 2821 4122 ἀπολισθεῖν,
2850 4060 2949 4129 τῆς
2978 4055 3246 4126 συνήθους
3263 4073 3326 4108 τε
3347 4055 3440 4108 καὶ
3460 4052 3784 4122 φιλαιτάτης

2198 4151 2497 4226 εὐκοσμίας
2523 4151 2617 4204 καὶ
2643 4151 2864 4222 ἀρετῆς,
2895 4148 3217 4208 καθικέσθαι
3248 4148 3306 4200 δὲ
3330 4146 3466 4218 πρὸς
3495 4145 3563 4198 τὰ
3588 4145 3777 4216 χείρω.

2197 4225 2292 4298 καὶ
2329 4243 2435 4298 ὑπὸ
2473 4243 2729 4314 σκῆπτρα
2761 4239 3012 4310 γενέσθαι
3042 4238 3330 4294 διαϐολικά
3352 4277 3368 4302 ,
3403 4238 3582 4308 πάντη
3603 4252 3663 4288 τε
3684 4236 3781 4290 καὶ

2198 4335 2415 4397 πάντως
2453 4329 2773 4399 ἐπιφύονται
2803 4347 2864 4383 τε
2908 4327 3004 4383 καὶ
3045 4326 3458 4384 ἐπιϐουλεύουσι
3499 4325 3689 4387 δεινῶς
3721 4323 3782 4376 αἱ

2199 4424 2432 4494 πονηραὶ
2457 4423 2550 4475 καὶ
2573 4420 2810 4476 ὲναντίαι
2829 4417 3087 4488 δυνάμεις
3104 4437 3118 4451 ·
3146 4418 3249 4472 κᾶν
3272 4420 3321 4476 εἰ
3344 4415 3628 4476 θεάσαιντό
3658 4432 3778 4477 τινα

511 4527 575 4564 ac
613 4510 660 4564 si
710 4524 875 4579 quem
906 4507 1150 4563 viderint
1181 4524 1250 4564 ex
1294 4507 1364 4563 iis
1392 4507 1488 4578 qui
1539 4507 1646 4562 sibi
1684 4507 1918 4578 subjecti
1963 4512 2094 4578 sint,

2203 4517 2308 4571 τῶν
2339 4517 2430 4570 ὑπ’
2472 4516 2666 4578 αὑταῖς
2694 4512 2996 4584 γεγονότων
3037 4512 3140 4566 οὐκ
3187 4510 3398 4581 ἀκαλλῆ
3431 4510 3530 4582 τὴν
3565 4509 3780 4562 σύνεσιν

515 4601 618 4671 13
651 4601 884 4670 pulchro
913 4599 1304 4670 praestantique
1331 4599 1610 4659 intellectu
1642 4600 1953 4670 praeditum,
1971 4618 2099 4660 eum

511 4710 614 4748 suo
640 4693 766 4748 duci
791 4709 1036 4749 asserere
1062 4703 1354 4759 conantur,
1369 4702 1534 4763 atque
1552 4693 1700 4752 illius
1723 4694 1940 4750 libidini
1963 4696 2097 4753 sub-

507 4783 740 4855 jiciunt,
787 4791 850 4839 ut
878 4798 988 4840 non
1019 4782 1133 4854 jam
1182 4781 1417 4853 amplius
1442 4783 1576 4849 Deo,
1602 4783 1698 4840 sed
1728 4783 1940 4842 Satanae
1976 4786 2098 4842 fru-

511 4875 733 4932 ctificet.
772 4893 791 4926 ι
817 4874 969 4930 Esca:
1008 4889 1246 4946 namque
1290 4873 1461 4940 illius,
1500 4894 1519 4927 ι
1562 4883 1624 4930 ιιι
1672 4877 1938 4948 scriptum
1988 4887 2093 4946 est,

519 4987 537 5019 ι
574 4967 763 5023 electaa
800 4975 934 5022 sunt
954 4967 1020 5034 ³⁸;
1062 4985 1080 5019 ι
1118 4982 1185 5022 ac
1216 4967 1530 5024 demulcere
1578 4968 1803 5026 student
1826 4971 2094 5041 quodam-

2200 4609 2344 4680 ἔχειν
2391 4607 2708 4678 δυνάμενον,
2763 4605 3070 4675 περιποιεῖν
3115 4601 3477 4667 σπουδάζουσι
3524 4601 3604 4674 τῷ
3665 4599 3780 4668 ίδίῳ

2200 4697 2486 4768 καθηγητῇ
2509 4737 2524 4762 ,
2571 4695 2802 4758 καὶτοῖς
2846 4693 3059 4747 ἐκείνου
3109 4691 3550 4763 σπερματισμοῖς
3579 4687 3780 4752 ὑποφέ-

2203 4801 2406 4859 ρουσιν,
2449 4785 2540 4840 ῐνα
2570 4783 2690 4856 Θεῷ
2726 4783 2824 4854 μὲν
2856 4783 3065 4848 οὐκέτι,
3111 4783 3438 4852 καρποφορῇ
3479 4779 3536 4834 δὲ
3579 4778 3781 4850 μᾶλλον

2197 4879 2276 4951 τῷ
2308 4880 2547 4950 Σατανᾷ.
2586 4898 2606 4931 ι
2657 4877 2739 4931 Τὰ
2777 4876 2886 4948 γὰρ
2937 4875 3202 4948 βρώματα
3232 4873 3420 4939 αὐτοῦ,
3471 4891 3490 4925 ι
3543 4869 3686 4926 κατά
3717 4870 3781 4923 τὸ

2199 4970 2600 5042 γεγραμμένον,
2637 4990 2655 5022 ι
2692 4969 2927 5024 ὲκλεκτά
2963 4984 3010 5023 ι’
3043 4965 3451 5038 κατακηλοῦσαι
3491 4963 3548 5017 δὲ
3589 4962 3780 5032 ὥσπερ

512 5060 675 5115 modo
708 5060 987 5130 captivum
1016 5075 1080 5114 ac
1111 5059 1432 5130 sublapsum
1461 5061 1727 5126 animum,
1765 5079 1835 5118 ne
1855 5063 1900 5118 si
1937 5072 2096 5119 acute

2203 5067 2283 5119 τὸν
2327 5064 2525 5118 ἁλόντα
2555 5082 2615 5118 τε
2660 5063 2752 5116 καὶ
2798 5061 3238 5132 ὑπολισθήσαντα
3274 5057 3422 5120 νοῦν,
3469 5056 3546 5120 ὡς
3587 5054 3654 5109 ἂν
3703 5053 3780 5124 μὴ

510 5151 825 5222 perspiciat,
848 5150 915 5206 ad
929 5150 1250 5206 libertatem
1279 5166 1310 5206 a
1342 5151 1605 5208 servitute
1633 5153 1883 5224 refugiat.
1911 5155 2096 5224 Itaque

2203 5157 2329 5212 πολὺ
2349 5156 2565 5227 βλέπων
2585 5157 2665 5218 εἰς
2687 5155 2746 5209 τὺ
2768 5153 3072 5224 ἐλεύθερον,
3095 5152 3196 5222 τῆς
3224 5152 3315 5203 ὑπ’
3332 5149 3526 5211 αὑταῖς
3551 5144 3777 5217 θητείας

509 5241 808 5296 conciliant
837 5240 916 5296 illi
949 5257 1343 5313 nonnunquam
1375 5243 1431 5297 in
1473 5243 1711 5299 terrenis
1743 5243 1909 5299 rebus
1937 5245 2096 5302 volu-

2203 5247 2600 5318 ἀποφοιτήσειε.
2648 5243 3032 5320 Περιποιοῦσιν
3079 5242 3194 5296 ἐσθ’
3237 5243 3326 5294 ὅτε
3364 5239 3465 5302 τὰς
3514 5238 3609 5290 ἐπὶ
3663 5237 3778 5297 τοῖς

511 5342 800 5406 ιιιαιεε,εει
848 5333 1105 5390 inanibus
1145 5336 1607 5391 oblectationibus
1647 5345 1879 5406 augent,
1909 5345 1971 5390 ut
2012 5338 2091 5392 illi

2203 5340 2407 5410 γηῒνοις
2436 5339 2653 5411 ἡδονὰς,
2699 5339 2795 5392 καὶ
2820 5336 3102 5398 οίονείπως
3129 5329 3619 5394 καταπλουτίζουσι
3656 5329 3778 5388 ταῖς

508 5439 726 5495 quoque
741 5423 1120 5497 Egyptiorum
1137 5428 1412 5498 principes
1423 5414 1693 5492 fecerunt,
1711 5428 1805 5497 qui
1818 5427 2092 5483 Abraham

2203 5433 2283 5496 εἰς
2312 5433 2373 5486 τὸ
2405 5433 2571 5504 μηδὲν
2607 5433 2920 5504 θυμηδίαις,
2951 5430 3209 5499 καθάπερ
3237 5426 3430 5497 ἀμέλει
3475 5423 3570 5477 καὶ
3596 5423 3645 5474 οἰ
3672 5420 3780 5473 τῶν

509 5518 707 5572 amissa
742 5519 970 5590 conjuge
996 5561 1010 5584 ,
1041 5519 1396 5583 blandiendo,
1435 5519 1740 5574 honoribus
1778 5535 1842 5573 ac
1870 5519 2028 5576 donis
2062 5538 2090 5576 a

2203 5521 2519 5590 Αἰγυπτίων
2569 5521 2864 5593 ἄρχοντες,
2899 5520 2997 5590 τὴν
3034 5518 3282 5571 σύνοικον
3331 5511 3641 5568 ἀπολλύντα
3688 5507 3780 5562 τὸν

510 5610 744 5670 maxime
788 5625 1023 5663 mmrore
1067 5625 1295 5663 avocare
1335 5610 1645 5677 cupiebant.
1701 5609 1976 5680 Scriptum
2013 5622 2093 5665 est

2207 5616 2472 5686 μακάριον
2506 5615 2776 5685 Ἀϐραὰμ,
2805 5613 2967 5668 οἰονεί
2990 5610 3396 5681 περισαίνοντες
3429 5606 3549 5667 ταῖς
3570 5602 3776 5673 τιμαῖς,

579 5809 622 5842 ⁸⁸
670 5809 836 5869 Amos
874 5824 984 5876 wn,
1022 5808 1101 5861 ll.
1183 5807 1226 5842 ³⁵
1257 5810 1388 5864 Gen.
1424 5822 1516 5876 xu,
1559 5809 1640 5875 l-i,
1679 5811 1758 5865 15.
1841 5811 1883 5843 ³⁵
1924 5810 2124 5866 Hahae.
2158 5827 2197 5874 ι,
2228 5809 2308 5864 16.
