4172 6442
304 399 415 454 155

1045 406 1134 461 DE
1175 407 1624 474 ADORATIONE
1664 419 1733 476 IN
1773 422 2046 482 SPlRlTU
2105 427 2195 483 ET
2244 427 2616 484 VERITATE.
2661 428 2789 484 LlB.
2832 428 2872 482 l.

3528 431 3632 488 154

303 519 405 574 καὶ
441 518 640 588 δώρων
678 525 1101 591 προσαγωγαῖς,
1136 525 1231 578 τοῦ
1258 525 1548 596 λυπεῖσθαι
1569 531 1690 585 λίαν
1718 535 1924 587 ἀποκοο

2037 541 2174 593 enim
2201 561 2212 594 :
2250 563 2267 594 ι
2301 543 2578 599 Abraham
2613 545 2849 617 benigne
2881 549 2964 602 usi
2993 557 3123 602 sunt
3153 559 3378 619 propter
3401 547 3572 613 illam,
3605 568 3623 600 ι

305 607 492 673 μίζειν
515 608 735 680 ἤθελον.
757 611 1077 684 Γέγραπται
1097 613 1230 685 γὰρ,
1262 615 1348 671 ὅτι
1376 635 1394 669 ι
1430 619 1540 672 Καὶ
1563 620 1643 691 τῷ
1670 622 1924 694 Ἀϐραὰμ

306 694 365 752 εὖ
403 701 724 771 ἐχρήσαντο
753 701 824 755 δι’
852 701 1047 774 αὐτὴν,
1089 722 1108 756 ι
1140 703 1302 774 δῆλον
1325 707 1405 772 δὲ,
1438 709 1521 764 ὅτι
1550 711 1651 784 τὴν
1679 713 1922 784 Σάρραν,

313 811 330 844 ι
372 794 474 844 καὶ
495 793 755 861 ἐγένοντο
776 796 946 869 αὐτῷ,
973 799 1226 870 πρόϐατά
1239 818 1299 854 τε
1317 803 1410 855 καὶ
1435 803 1646 874 μόσχοι,
1677 805 1770 858 καὶ
1789 805 1922 869 δνοι,

308 885 403 938 καὶ
428 887 652 950 παῖδες,
669 888 766 941 καὶ
785 891 1094 956 παιδίσκαι,
1120 895 1216 947 καὶ
1245 893 1482 965 ἡμίονοι,
1503 896 1596 950 καὶ
1613 895 1876 968 κάμηλοι.
1899 916 1919 951 ›

309 979 675 1034 Πλεονεκτῶν
713 982 823 1053 γὰρ
863 985 1013 1056 ἡμᾶς
1041 987 1121 1050 εἰς
1144 987 1216 1040 τὰ
1247 986 1614 1059 καιριώτατα,
1646 991 1741 1046 καὶ
1761 991 1927 1044 οἱονεὶ

309 1073 486 1144 γονῆς
520 1092 587 1128 τε
616 1078 713 1130 καὶ
743 1078 1054 1149 εὐκαρπίας
1083 1079 1409 1151 ἀποστερῶν
1443 1081 1739 1154 ἐλευθέρας
1765 1086 1794 1138 ὁ
1821 1085 1924 1138 Σα-

306 1169 508 1233 τανᾶς,
527 1170 628 1222 καὶ
647 1172 768 1234 ταῖς
795 1171 954 1236 ἰδίαις
974 1171 1163 1244 ὕϐρεσι
1183 1173 1278 1226 καὶ
1295 1173 1606 1243 ἀσελγείαις
1620 1175 1710 1230 τὸν
1726 1176 1926 1248 εὐγενῆ

307 1259 439 1316 νοῦν
469 1261 771 1333 ὑποφέρων
797 1264 864 1318 ἐκ
885 1262 1223 1332 πλεονεξίας,
1243 1268 1310 1338 τῇ
1332 1267 1441 1320 τῶν
1457 1268 1716 1337 ἐπιγείων
1735 1269 1927 1341 τέρψει

308 1354 686 1426 καταδεσμεϊ.
717 1355 1024 1428 Διελήλακε
1048 1355 1107 1410 δὲ
1140 1357 1341 1427 μανίας
1369 1360 1450 1424 εἰς
1478 1359 1638 1414 τοῦτό
1666 1378 1821 1425 ποτε,
1852 1361 1930 1426 ώς

313 1447 417 1500 καὶ
463 1445 624 1517 αὑτῷ
663 1446 764 1518 τὴν
796 1451 995 1522 πεῖραν
1039 1449 1290 1506 καθεῖναι
1325 1450 1404 1522 τῷ
1452 1452 1696 1524 Χριστῷ.
1737 1472 1756 1506 ι
1809 1451 1930 1508 Ἀν-

310 1541 553 1609 αγαγὼν
573 1540 688 1612 γάρ
715 1541 902 1605 αὐτὸν,
933 1561 952 1595 ι
980 1543 1166 1613 φησὶν,
1186 1563 1205 1594 ι
1227 1543 1428 1611 ἔδειξεν
1441 1545 1600 1618 αὐτῷ
1627 1547 1808 1612 πάσας
1829 1549 1930 1612 τὰς

311 1629 611 1700 βασιλείας
642 1631 747 1702 τῆς
774 1632 1123 1704 οἰκουμένης,
1149 1636 1210 1688 ἐν
1239 1639 1442 1708 στιγμῇ
1473 1638 1690 1708 χρόνου,
1722 1638 1819 1693 καὶ
1853 1632 1930 1691 εἰ·

306 1740 414 1778 πεν
438 1723 602 1795 αὐτῷ
630 1725 662 1778 δ
693 1724 975 1790 διάϐολος·
1007 1727 1113 1797 Σοὶ)
1132 1727 1294 1784 δώσω
1320 1729 1418 1802 τὴν
1440 1729 1693 1796 ἐξουσίαν
1723 1730 1929 1800 ταύτην

307 1815 565 1883 ἃπασαν,
591 1818 692 1872 καὶ
712 1819 814 1890 τὴν
839 1817 998 1884 δόξαν
1025 1820 1230 1889 αὐτῶν,
1256 1821 1338 1876 ὅτι
1361 1823 1486 1893 ἐμοὶ
1506 1823 1924 1895 παραδέδονται,

2034 631 2184 688 haud
2239 634 2471 690 dubium
2503 636 2639 707 quin
2678 649 2905 708 propter
2936 638 3180 704 Sarram,
3238 659 3257 690 ι
3293 647 3351 694 et
3403 638 3634 693 fuerunt

2032 723 2112 779 illi
2142 741 2275 780 oves
2301 737 2359 783 et
2389 727 2581 793 boves,
2615 737 2672 783 et
2724 729 2885 795 asini,
2920 739 2978 785 et
3009 731 3157 786 servi
3201 739 3263 786 et
3302 729 3536 794 ancillae,
3577 738 3636 785 et

2030 815 2166 869 muli
2198 825 2258 872 et
2289 819 2486 874 cameli
2507 820 2573 873 ".
2619 839 2637 872 ι
2682 821 2896 876 Fraude
2943 823 3091 880 enim
3133 838 3234 878 sua
3258 838 3361 876 nos
3394 822 3463 877 ad
3499 829 3637 876 tem-

2030 907 2255 974 poraria
2287 909 2594 979 pelliciens,
2621 918 2678 966 et
2702 911 3110 982 quodammodo
3139 913 3351 969 semine
3381 913 3449 968 ad
3486 912 3635 967 fetu-

2031 1013 2148 1053 ram
2191 999 2469 1056 libertatis
2496 1000 2831 1058 defraudans
2871 1003 3101 1059 Satanas
3124 1044 3138 1069 ,
3169 1012 3227 1059 et
3264 1003 3548 1076 tyrannica
3581 1003 3636 1056 vi

2030 1104 2145 1145 suae
2185 1090 2406 1146 libidini
2465 1100 2522 1147 et
2576 1091 3017 1163 intemperantia:
3054 1093 3401 1149 nobilitatem
3459 1093 3635 1149 animi

2031 1182 2352 1254 subjiciens,
2387 1199 2574 1240 rerum
2606 1194 2954 1240 terrenarum
2987 1185 3411 1240 oblectamentis
3436 1185 3632 1241 devin-

2031 1274 2128 1330 eit.
2156 1273 2302 1341 Quin
2331 1275 2498 1330 etiam
2537 1291 2606 1331 eo
2648 1276 2878 1332 insania;
2915 1277 3215 1347 aliquando
3253 1278 3538 1348 prorupit,
3572 1286 3636 1332 ut

2031 1364 2213 1437 ipsum
2261 1382 2483 1438 quoque
2532 1366 2818 1424 Christum
2873 1378 3086 1424 tentare
3137 1369 3349 1423 veritus
3387 1384 3498 1449 non
3537 1368 3630 1423 sit.

2039 1476 2060 1511 ι
2097 1459 2168 1514 Et
2200 1474 2508 1526 assumens,
2553 1479 2572 1512 ›
2618 1459 2819 1532 inquit,
2856 1480 2873 1512 ι
2903 1475 3053 1525 eum,
3084 1460 3327 1515 ostendit
3366 1460 3418 1515 ei
3449 1460 3634 1515 omnia

2032 1564 2200 1622 regna
2228 1552 2381 1607 orbis
2410 1561 2571 1608 terrae
2600 1553 2658 1607 in
2691 1563 2969 1609 momento
3010 1553 3298 1623 temporis,
3337 1561 3395 1607 et
3418 1552 3559 1607 dixit
3582 1553 3634 1606 ei

2031 1641 2321 1698 diabolus:
2350 1643 2476 1699 Tibi
2507 1644 2651 1700 dabo
2672 1653 3003 1716 potestatem
3035 1645 3178 1700 hanc
3213 1644 3554 1708 universam,
3580 1656 3637 1699 et

2031 1736 2262 1810 gloriam
2297 1752 2512 1803 eorum,
2536 1737 2669 1809 quia
2696 1737 2831 1793 mihi
2865 1738 3064 1794 tradita
3089 1745 3236 1803 sunt,
3271 1747 3328 1792 et
3368 1737 3458 1792 cui
3485 1737 3633 1803 volo,

2033 1829 2106 1886 do
2135 1830 2247 1886 illa.
2286 1831 2370 1885 Tu
2424 1830 2615 1902 igitur,
2648 1831 2694 1888 sl
2748 1831 3065 1887 adoraveris
3132 1845 3318 1888 coram
3371 1845 3492 1894 me,
3544 1839 3636 1885 tua

307 1911 409 1962 καὶ
441 1903 492 1978 ᾧ
529 1909 632 1963 ἐὰν
662 1887 808 1964 θέλω
828 1950 844 1977 ,
875 1910 1071 1984 δίδωμι
1103 1887 1265 1968 αὑτά.
1299 1913 1372 1968 Σὺ
1394 1887 1510 1970 τοῦν
1551 1887 1648 1969 ἐάν
1681 1934 1925 1990 προσκυ-
1961 1887 2003 1944 Β
2033 1933 2197 1982 erunt
2221 1922 2406 1980 omnia
2426 1887 2493 1978 ὅ.
2531 1945 2549 1977 ι

308 2002 490 2076 νήσῃς
529 2001 770 2058 ἐνώπιόν
803 2019 906 2075 μου
927 2047 943 2071 ,
983 2003 1136 2059 ἔσται
1169 2021 1252 2059 σοι
1283 2007 1486 2062 πάντα.
1525 2027 1543 2061 ι

380 2096 606 2149 ΠΑΛΛ.
655 2097 815 2166 Ἔχει
845 2095 948 2164 μὲν
980 2097 1180 2169 ὀρθῶς.
1211 2097 1360 2170 Πλὴν
1386 2100 1669 2172 ἐρομένῳ,
1693 2101 1923 2172 φράσον.

310 2188 410 2252 Τίς
444 2187 517 2242 ἂν
543 2188 766 2256 γένοιτο
795 2191 911 2252 τοῖς
961 2187 1228 2244 παθοῦσιν
1263 2189 1297 2262 ῆ
1330 2190 1518 2263 δνησις
1541 2192 1710 2262 ἧγουν
1741 2193 1776 2264 ἡ
1803 2193 1928 2246 ἐπι-

309 2281 590 2354 κούρησις
610 2297 626 2347 ;

383 2374 563 2428 ΚΥΡ.
597 2374 766 2442 Θεὸς,
805 2368 852 2429 ὦ
885 2377 1140 2444 γενναῖε,
1170 2377 1318 2450 καὶὴ
1356 2378 1490 2449 παρ’
1517 2377 1685 2432 αὑτοῦ
1729 2378 1888 2450 χάρις
1909 2419 1926 2444 ,

309 2469 374 2522 οὐ
433 2469 607 2540 μέχρι
654 2468 860 2533 παντὸς
903 2469 1119 2539 ὲφιεῖσα
1161 2470 1254 2523 τὸν
1292 2469 1795 2542 ὴσθενηκότα·νοῦν
1821 2472 1930 2526 ὑπὸ

313 2562 490 2626 πόδας
517 2557 669 2616 εἶναι
695 2561 1043 2627 διαϐολικοὺς
1061 2605 1076 2630 ,
1105 2563 1242 2618 ἀλλά
1265 2564 1722 2635 ὐπερασπίζουσά
1747 2583 1807 2620 τε
1833 2566 1930 2619 καί

312 2654 714 2727 ἐξαιρουμένη,
745 2654 838 2708 τὸν
862 2654 1019 2710 οὐδὲν
1056 2655 1356 2727 ἐπαμύνειν
1397 2656 1579 2727 ἑαυτῷ
1605 2656 1926 2728 δυνάμενον.

317 2748 485 2811 Ἴδοις
512 2747 560 2800 δ’
597 2745 667 2801 ἂν
687 2788 703 2814 ,
747 2749 797 2801 εί
843 2748 1090 2819 βούλοιο.
1125 2749 1278 2802 τουτί
1322 2750 1548 2819 γεγονὸς
1574 2752 1670 2804 καὶ
1707 2751 1800 2805 ἐπὶ
1833 2749 1928 2805 τοῦ

315 2842 679 2913 προπάτορος
707 2840 986 2913 Ἀϐραάμ.
1024 2841 1415 2913 Ἀπειρηκότος
1441 2843 1552 2915 γὰρ
1569 2841 1666 2898 τοῦ
1693 2843 1928 2910 δικαίου,

316 2935 413 2988 καὶ
437 2935 581 3006 δρᾷν
612 2933 730 2988 οἴου
759 2951 820 2987 τε
852 2933 1135 2998 παντελῶς
1159 2935 1334 3004 οὐδὲν,
1357 2937 1522 3006 μέσος
1545 2935 1741 3009 ἐχώρει
1773 2937 1928 3002 Θεὸς,

317 3027 413 3080 καὶ
441 3029 548 3097 τῆς
580 3025 908 3096 Αἰγυπτίων
935 3025 1229 3096 ἀσελγείας
1255 3027 1318 3080 τὸ
1356 3027 1578 3097 γύναιον
1609 3028 1930 3101 ἠλευθέρου.

322 3140 343 3176 ι
379 3123 596 3176 Ἤτασε
621 3121 736 3191 γὰρ
779 3119 989 3192 Κύριος
1013 3120 1107 3175 τὸν
1135 3119 1336 3192 Φαραὼ
1378 3122 1637 3192 ὲτασμοῖς
1672 3121 1933 3192 μεγάλοις

2107 2103 2304 2159 PALL.
2347 2105 2520 2160 Recte
2566 2103 2753 2159 habet.
2794 2083 3217 2168 Ceterum-dic,
3263 2104 3516 2160 obsecro.
3565 2105 3638 2160 lis

2034 2194 2131 2265 qui
2181 2195 2238 2249 in
2287 2195 2406 2250 haae
2453 2194 2595 2249 mala
2649 2193 2986 2258 inciderunt,
3029 2193 3309 2264 quodnam
3344 2194 3634 2260 levamen,

2034 2288 2254 2360 quodve
2282 2288 2550 2343 auxilium
2585 2287 2853 2343 exsistere
2882 2285 3097 2357 possit?

2107 2376 2266 2434 (ΠΒ.
2305 2378 2492 2442 Deus,
2534 2376 2787 2441 Palladi,
2831 2384 2889 2430 et
2939 2377 3061 2448 ejus
3103 2377 3313 2448 gratia,
3354 2392 3477 2448 qua:
3524 2393 3636 2432 non

2037 2485 2436 2542 usquequaque
2502 2469 2774 2540 permittit
2816 2468 3097 2524 inﬁrmum
3135 2469 3383 2524 animum
3412 2470 3516 2524 sub
3545 2485 3640 2539 pc-

2035 2562 2201 2619 dibus
2224 2577 2347 2618 esse
2375 2561 2603 2626 diaboli,
2641 2560 2738 2616 sed
2768 2562 3006 2634 protegit
3035 2578 3099 2618 ac
3127 2561 3328 2617 liberat
3374 2578 3500 2618 eum
3543 2563 3638 2632 qui

2036 2669 2097 2711 se
2132 2653 2277 2709 tueri
2307 2668 2372 2708 ac
2405 2651 2705 2709 defendere
2741 2653 2894 2708 nullo
2926 2652 3092 2708 modo
3123 2663 3322 2724 potest.
3357 2654 3513 2710 Licet
3545 2669 3642 2708 au-

2037 2755 2149 2802 tem
2179 2745 2392 2811 videre,
2423 2745 2469 2801 si
2506 2744 2668 2812 velis,
2704 2745 2946 2817 idipsum
2996 2745 3274 2802 Abraham
3315 2744 3641 2815 patriarcha!

2037 2837 2336 2909 contigisse
2371 2855 2384 2891 :
2423 2852 2550 2892 cum
2592 2836 2744 2893 enim
2788 2837 3140 2909 desperasset
3179 2837 3268 2892 vir
3301 2839 3504 2910 justus,
3539 2853 3640 2892 ne-

2037 2946 2147 3002 que
2179 2929 2366 2986 animo
2397 2929 2609 3001 aliquid
2639 2930 2857 2987 eﬂicere
2901 2939 3108 3001 posset,
3153 2929 3371 2986 medius
3403 2929 3644 2984 interve-

2038 3023 2122 3078 nit
2153 3023 2321 3089 Deus,
2353 3025 2448 3093 qui
2480 3023 2550 3078 ab
2575 3021 2956 3095 Egyptiorum
2988 3021 3415 3092 intemperantia
3447 3019 3641 3074 mulie-

2042 3131 2160 3170 rem
2194 3115 2468 3171 liberavit.
2519 3134 2537 3167 c
2573 3114 2894 3185 Flagellavit
2922 3129 3164 3184 namque
3193 3113 3462 3168 Dominus
3496 3114 3640 3168 Pha-

325 3214 419 3270 καὶ
457 3215 730 3285 πονηροῖς
749 3253 764 3276 ,
797 3212 894 3267 καὶ
938 3212 1033 3266 τὸν
1063 3208 1212 3266 οἷκον
1237 3211 1402 3266 αὐτοῦ
1433 3213 1562 3286 περὶ
1587 3213 1807 3285 Σάρρας
1833 3215 1931 3285 τῆς

2041 3223 2268 3263 raonem
2309 3207 2542 3280 ﬂagellis
2584 3206 2798 3278 magnis
2843 3215 3011 3278 atque
3056 3206 3424 3272 terribilibus,
3454 3215 3510 3260 et
3545 3205 3646 3260 do-

329 3308 584 3376 γυναικὸς
629 3305 910 3377 ⁹Δϐραάμ.
951 3323 972 3357 ι
1009 3304 1191 3374 Ἢφίει
1241 3304 1299 3358 δὲ
1343 3304 1487 3360 οὕτω
1525 3305 1680 3377 μόλις
1718 3304 1932 3380 ὕϐρεως

326 3399 641 3471 ἐλευθέραν¹
670 3399 775 3470 τὴν
819 3397 899 3469 τῷ
935 3398 1132 3470 δικαίῳ
1182 3398 1622 3472 συνῳκισμένην.
1666 3399 1800 3464 Θεὸς
1841 3395 1936 3454 οὖν

320 3493 430 3565 ἄρα
463 3493 562 3547 καὶ
602 3492 771 3564 μόνος
798 3490 1040 3557 ἐξέλοιτο
1067 3490 1134 3545 ἂν
1164 3493 1230 3546 ἐκ
1265 3490 1366 3562 τῆς
1396 3491 1491 3544 τοῦ
1523 3491 1772 3546 διαϐόλου
1815 3509 1933 3563 χει-

320 3586 412 3657 ρὸς
431 3587 526 3642 τὸν
557 3586 828 3640 ἐνανλόντα
855 3584 1016 3651 νοῦν,
1047 3587 1145 3642 καὶ
1165 3586 1246 3658 εἰς
1278 3583 1588 3657 εὐκοσμίαν
1612 3585 1777 3640 αὐτὸν
1813 3586 1938 3640 ἀναν

319 3678 551 3752 στρέψει
583 3677 689 3750 τὴν
719 3681 778 3733 ἐν
809 3678 1034 3751 ἀρχαῖς.

387 3853 612 3908 ΠΑΛΛ.
669 3850 882 3924 Ἐνδείᾳ
931 3850 998 3921 δὴ
1039 3846 1136 3904 οὖν
1179 3853 1249 3923 τῇ
1301 3851 1412 3906 τῶν
1461 3851 1672 3909 ἀνωθεν
1713 3853 1936 3924 ἀγαθῶν

320 3944 743 4016 κατωθούμενοι
775 3944 1012 4014 κάτιμεν
1040 3943 1156 3998 ἐσθ’
1179 3943 1270 3998 ὅτε
1297 3943 1438 4016 πρὸς
1475 3943 1546 3998 τὰ
1587 3946 1792 4018 αἰσχρά
1839 3947 1936 4001 καὶ

321 4039 584 4111 βδελυρά.

391 4134 569 4187 ΚΥΡ.
600 4129 763 4184 Οὕτω
788 4130 956 4201 φημί.
1071 4187 1086 4192 ,

392 4226 615 4281 ΠᾹΛΛ.
663 4222 809 4277 Ἀλλ’
839 4223 959 4276 ἐστι
997 4239 1103 4277 που
1143 4221 1364 4286 πάντως
1391 4222 1470 4294 τῷ
1495 4222 1782 4295 φιλαγάθῳ
1808 4226 1936 4296 πρέ-

2037 3317 2192 3356 mum
2231 3301 2353 3372 ejus
2400 3308 2627 3372 propter
2679 3299 2900 3355 Sarram
2950 3314 3180 3354 uxorem
3217 3297 3495 3353 Abraham
3517 3296 3584 3350 ³⁸.
3615 3317 3635 3348 ι

2038 3393 2160 3460 Quo
2193 3393 2338 3450 facto
2387 3393 2611 3449 tandem
2647 3391 2784 3464 justi
2823 3391 3068 3448 hominis
3115 3391 3405 3464 conjugem
3440 3389 3532 3444 vix
3572 3389 3642 3444 ab

2039 3487 2244 3560 injuria
2283 3485 2518 3540 liberam
2547 3483 2780 3540 dimisit.
2805 3484 2955 3540 Deus
2980 3482 3170 3555 igitur,
3207 3489 3266 3537 et
3298 3480 3529 3551 quidem,
3554 3496 3644 3535 so-

2038 3581 2147 3646 lus,
2187 3589 2412 3651 captum
2457 3579 2704 3634 animum
2750 3593 2819 3633 ex
2866 3576 3073 3632 diaboli
3125 3575 3381 3630 manibus
3426 3575 3643 3645 eripere

2039 3674 2201 3729 facile
2231 3681 2434 3744 potest,
2467 3681 2632 3743 atque
2672 3671 2740 3726 ad
2776 3670 3121 3726 honestatem
3153 3667 3446 3739 pristinam
3488 3682 3647 3722 revo—

2039 3779 2167 3820 care
2176 3806 2188 3818 .

2118 3854 2225 3926 14
2271 3855 2470 3910 PALL.
2526 3853 2716 3924 Inopia
2773 3852 2942 3924 igitur
3000 3852 3310 3907 ccelesttum
3370 3849 3642 3904 bonorum

2039 3947 2258 4017 depulsi
2306 3947 2641 4019 quandoque
2698 3945 2767 4000 ad
2817 3954 3008 4016 turpes
3063 3952 3229 4014 atque
3280 3940 3646 3997 exsecrandas

2041 4039 2288 4094 actiones
2318 4039 2652 4094 delabimur.

2111 4131 2270 4187 ΟΥΕ.
2311 4133 2392 4186 [ta
2427 4131 2628 4187 sentio.

2113 4224 2312 4279 PALL.
2376 4223 2634 4278 Attamen
2692 4221 2897 4276 divina:
2953 4220 3282 4292 benignitati
3337 4234 3644 4292 congruere

321 4335 426 4371 πον
469 4314 620 4387 Θεῷ,
654 4313 717 4368 τὸ
767 4313 964 4386 μηδενὶ
1005 4312 1117 4367 τῶν
1157 4310 1417 4366 τοιούτων
1445 4313 1540 4383 ἐᾷν
1582 4313 1931 4384 περιπίπτειν

2041 4316 2297 4380 videtur,
2334 4330 2444 4369 non
2485 4313 2808 4384 permittere
2858 4321 2920 4368 ut
2962 4311 3020 4367 in
3065 4312 3385 4385 hujusmodi
3434 4308 3642 4383 aliquid

319 4412 499 4481 ἡμᾶς·

2044 4409 2377 4465 incidamus.

393 4501 565 4555 ΚΥΡ.
591 4497 815 4569 Πρέπον
843 4496 944 4568 μὲν
970 4496 1052 4550 ὅτι
1081 4495 1320 4567 μάλιστα
1335 4496 1486 4549 τουτὶ
1507 4496 1647 4568 Θεῷ,
1667 4498 1762 4550 καὶ
1784 4497 1931 4569 θελη-

2117 4496 2277 4558 CYR.
2313 4498 2582 4571 Congruit
2610 4507 2668 4554 et
2704 4498 2930 4570 quidem
2969 4498 3206 4554 maxime
3236 4498 3291 4554 id
3319 4499 3452 4564 Deo,
3481 4505 3647 4569 atque

315 4598 408 4650 τόν
440 4611 534 4664 γε,
568 4587 618 4646 ῶ
648 4593 785 4646 τᾶνο
814 4592 900 4662 εἴη
928 4588 1040 4661 γὰρ
1067 4588 1134 4644 ἂν
1164 4589 1367 4659 ἥκιστα
1412 4589 1510 4660 μὲν
1539 4589 1776 4658 ἀγαθὸς,
1812 4590 1931 4660 φιλ-

2042 4596 2184 4652 adeo
2228 4595 2367 4659 vult,
2419 4593 2658 4659 Palladi;
2712 4591 2919 4663 alioqui
2971 4592 3198 4648 minime
3250 4591 3431 4647 bonus
3478 4602 3644 4655 esset,

316 4691 524 4761 άρετος
560 4687 622 4739 δὲ
655 4686 719 4739 οὐ
756 4684 911 4751 λίαν,
941 4685 989 4738 εἱ
1017 4683 1093 4756 μὴ
1121 4682 1314 4738 τοῦτον
1357 4683 1470 4754 ἔχοι
1497 4683 1642 4754 πρὸς
1672 4685 1820 4755 ἡμᾶς
1846 4685 1931 4738 τὸν

2047 4705 2151 4746 nec
2192 4704 2325 4744 sane
2369 4686 2596 4742 virtutis
2637 4702 2852 4752 amans,
2893 4686 3004 4741 nisi
3049 4687 3155 4741 hoc
3193 4701 3323 4758 erga
3364 4701 3466 4740 nos
3501 4694 3650 4741 esset

316 4782 554 4837 σκοπόν.
612 4777 907 4849 Παραίτιοι
955 4776 1013 4830 δὲ
1063 4775 1159 4830 τοῦ
1222 4775 1420 4830 παθεῖν
1466 4777 1683 4840 ἑαυτοῖς
1737 4777 1934 4848 ἡμεῖς,

317 4875 752 4946 παραθήγοντες
798 4871 880 4934 εἰς
922 4868 1097 4941 ὀργὰς
1140 4867 1234 4924 τὸν
1276 4869 1387 4922 τῶν
1434 4868 1573 4923 ὅλων
1620 4870 1935 4940 Δεσπότην·

315 4968 506 5037 ἐνίησι
533 4963 651 5034 γὰρ
685 4961 832 5017 οὕτω
864 4962 1006 5034 πρὸς
1046 4959 1251 5032 ἀσθενῆ
1279 4977 1339 5014 τε
1378 4961 1472 5014 καὶ
1495 4960 1759 5034 ἄνανδρον
1785 4959 1932 5014 νοῦν.

317 5060 392 5112 ’Ἠ
426 5056 562 5126 οὐχὶ
599 5043 840 5125 βοῶντος
867 5050 1090 5116 ἀκούεις
1121 5050 1191 5105 δι’
1233 5049 1354 5114 ἑνὸς
1384 5051 1496 5105 τῶν
1517 5051 1692 5120 ἁγίων
1723 5069 1939 5123 προφη-

313 5152 466 5207 τῶνε
511 5168 531 5201 ‹
583 5148 722 5202 Ἰδοὺ
761 5145 874 5216 ἐγὼ
913 5144 1108 5216 δίδωμι
1136 5145 1231 5198 ἐπὶ
1277 5147 1370 5199 τὸν
1407 5145 1537 5199 λαὸν
1573 5145 1762 5200 τοῦτον
1783 5145 1945 5201 ἀσθέ-

315 5260 499 5307 νειαν,
535 5241 636 5296 καὶ
675 5239 1077 5310 ἀσθενήσουσιν
1115 5238 1176 5292 ἐν
1209 5237 1348 5310 αὐτῇ
1391 5237 1630 5311 πατέρες
1673 5240 1768 5292 καὶ
1811 5239 1939 5292 υἱοί·

319 5337 527 5405 γείτων
555 5333 658 5387 καὶ
685 5334 715 5386 ὁ
748 5331 982 5403 πλησίον
1007 5330 1175 5384 αὐτοῦ
1196 5329 1564 5398 ἁπολοῦνται;
1593 5351 1613 5383 ›
1647 5332 1855 5404 Γράφει
1886 5335 1944 5388 δὲ

318 5430 453 5500 περί
497 5445 669 5482 τινων
709 5426 807 5480 καὶ
849 5428 880 5480 ὁ
923 5423 1240 5495 σοφώτατος
1273 5425 1507 5490 Παῦλοςο
1549 5447 1567 5478 ι
1608 5428 1720 5481 Καὶ
1751 5427 1940 5494 καθὼς

316 5528 422 5578 οὐκ
459 5521 808 5592 ἐδοκίμασαν
853 5519 947 5573 τὸν
990 5518 1125 5573 Θεὸν
1151 5518 1298 5590 ἔχειν
1341 5519 1400 5572 ὲν
1431 5519 1764 5588 ἐπιγνώσει,
1795 5539 1936 5592 παρ-

317 5620 535 5673 έδωκεν
566 5614 772 5678 αὐτοὺς
800 5613 830 5666 ὁ
868 5611 1003 5676 Θεὸς
1045 5613 1126 5676 εἰς
1152 5611 1414 5681 ἀδόκιμον
1460 5611 1587 5664 νοῦν
1607 5650 1621 5674 ,
1665 5614 1842 5664 ποιεῖν
1871 5611 1940 5666 τὰ

319 5713 398 5783 μὴ
431 5708 778 5780 καθήκοντα.
833 5724 853 5758 ι
893 5703 1253 5778 Τρανώτερον
1297 5705 1352 5759 δὲ
1391 5707 1540 5760 τουτὶ
1567 5707 1658 5759 καὶ
1691 5707 1720 5759 ὀ
1746 5705 1940 5760 θεσπέ-

2045 4781 2252 4837 animo.
2290 4779 2400 4835 Sed
2434 4779 2581 4850 quod
2616 4779 2734 4834 haec
2764 4778 2929 4834 nobis
2959 4779 3237 4845 accidunt,
3267 4788 3459 4834 nostra
3489 4779 3649 4849 culpa
3725 4789 3732 4792 '

2042 4882 2152 4939 est,
2186 4872 2282 4943 qui
2310 4871 2560 4926 omnium
2592 4871 2886 4926 Dominum
2922 4871 2991 4926 ad
3027 4871 3165 4926 iram
3202 4886 3645 4936 commovemus;

2044 4983 2156 5036 quo
2199 4965 2365 5030 facto,
2395 4964 2642 5019 animum
2689 4965 2782 5019 ille
2823 4964 2988 5020 nobis
3027 4963 3306 5020 inﬁrmum
3341 4979 3649 5035 parumque

2044 5059 2265 5113 virilem
2302 5057 2573 5111 immittit.
2621 5055 2707 5112 An
2744 5064 2800 5112 tu
2839 5057 3070 5113 minime
3119 5056 3352 5112 exaudis
3395 5057 3516 5128 ejus
3554 5071 3650 5110 vo-

2043 5167 2187 5215 cem,
2231 5165 2359 5205 cum
2405 5164 2510 5220 per
2548 5148 2848 5219 quemdam
2894 5157 3211 5205 sanctorum
3253 5147 3649 5219 prophetarum

2043 5246 2247 5300 clamat
2279 5261 2292 5297 :
2333 5263 2350 5294 (
2395 5243 2536 5298 Ecce
2567 5259 2668 5314 ego
2705 5243 2778 5299 do
2812 5258 2981 5314 super
3007 5242 3274 5315 populum
3313 5242 3465 5298 hunc
3499 5241 3652 5296 inﬁr-

2044 5340 2329 5403 mitatem;
2369 5346 2430 5392 et
2470 5336 2904 5392 intirmabuntur
2942 5336 2999 5391 in
3045 5336 3136 5391 illa
3173 5345 3433 5409 parentes
3466 5345 3525 5393 et
3554 5337 3650 5392 lilii

2043 5430 2232 5496 simul,
2249 5428 2469 5484 vicinus
2488 5437 2545 5484 et
2565 5428 2852 5499 proximus
2870 5428 2992 5500 ejus
3017 5428 3285 5499 peribunt
3302 5427 3384 5482 '9?
3401 5448 3419 5480 ι
3449 5427 3653 5483 Scribit

2047 5517 2214 5573 etiam
2264 5517 2335 5572 de
2381 5517 2712 5588 quibusdam
2753 5517 2840 5572 vir
2895 5517 3337 5589 sapientissimus
3387 5517 3593 5574 Paulus
3637 5535 3649 5571 :

2059 5628 2076 5662 ι
2109 5611 2179 5665 Ει
2203 5609 2349 5666 sicut
2368 5625 2478 5666 non
2502 5612 2883 5681 probaverunt
2902 5612 3076 5668 Deum
3108 5612 3314 5669 habere
3345 5611 3401 5668 in
3431 5611 3649 5673 notitia,

2051 5708 2281 5765 tradidit
2311 5709 2434 5766 illos
2474 5711 2617 5768 Deus
2655 5711 2712 5770 in
2739 5712 3038 5785 reprobum
3079 5728 3322 5776 sensum,
3356 5717 3415 5764 ut
3448 5707 3652 5765 faciant

397 5889 443 5922 "
464 5889 674 5946 Ucnes.
709 5888 916 5958 1111,16.
997 5887 1040 5921 ³⁷
1065 5887 1199 5943 Luc.
1231 5902 1300 5951 Iv,
1335 5885 1445 5939 5-7.
1527 5887 1568 5917 ³³
1595 5886 1730 5943 Gen.
1773 5904 1866 5955 iul,
1903 5890 1919 5942 l

2063 5888 2106 5920 ”
2143 5890 2253 5947 Jcr.
2286 5905 2357 5950 γι.
2386 5889 2468 5945 21.
