4172 6460
517 423 628 482 155
1561 416 1618 472 S.
1659 415 1937 473 CYRlLLl
1975 417 2450 474 ALEXANDRINI
2489 415 2807 475 ARCHIEP.
3677 423 3779 479 {56

517 550 640 610 quae
686 548 798 591 non
843 533 1176 591 conveniunt
1201 531 1267 585 ⁸ο.
1308 552 1327 584 ι
1372 530 1615 602 ldipsum
1664 531 1839 603 magis
1885 531 2134 603 perspia

2236 549 2318 596 ιος
2356 533 2582 596 Ἡσαΐας
2602 531 2912 603 καθίστησι,
2946 531 3136 600 λέγων,
3162 531 3239 596 ὡς
3264 532 3330 585 ἐκ
3352 531 3642 605 προσώπου
3673 533 3780 586 τῶν

520 642 689 684 cuum
714 626 845 683 facit
868 625 1055 692 Isaias,
1081 624 1270 680 dicens
1306 632 1565 693 tanquam
1592 638 1662 678 ex
1693 638 1931 694 persona
1966 622 2109 678 ﬁlio-

2236 624 2341 680 ιίῶν
2380 623 2618 699 Ἰσραὴλ,
2642 626 2806 695 ἧγουν
2827 623 2939 677 τῶν
2959 622 3340 695 ὠλισθηκότων
3367 625 3449 688 είς
3477 624 3778 697 ἁμαρτίας⁶

522 734 644 773 rum
679 717 877 784 lsrael,
925 724 1022 771 aut
1054 730 1247 772 eorum
1287 722 1436 769 certe
1468 714 1565 784 qui
1609 713 1667 769 in
1702 722 1929 785 peccata
1968 715 2108 784 lapsi

522 817 757 865 essent:
802 828 821 860 ι
878 808 1020 865 Ecce
1088 814 1147 862 tu
1213 806 1388 861 iratus
1448 820 1544 872 es,
1599 813 1658 862 et
1709 820 1811 861 nos
1861 804 2112 876 peccavi-

525 918 649 957 mus
676 903 742 955 “.
774 920 791 952 ι

596 992 794 1050 PALL.
855 993 999 1049 Num
1054 993 1252 1065 igitur,
1303 989 1534 1045 obsecro
1557 1030 1572 1055 ,
1644 988 1877 1061 segnitia
1945 996 2111 1058 atque

529 1085 731 1141 inertia
766 1084 1102 1141 decedentes
1138 1083 1208 1138 ab
1244 1081 1441 1148 ollicio,
1490 1096 1556 1136 ac
1592 1080 1833 1151 peccatis
1888 1078 2111 1146 irretiti,

526 1175 1129 1247 conjiciemusculpam
1170 1173 1227 1227 in
1261 1173 1457 1238 Deum,
1483 1179 1541 1229 et
1572 1173 1692 1243 ejus
1722 1171 1859 1227 iram
1890 1186 2119 1231 accusa-

526 1246 732 1331 bimus,
761 1274 823 1322 ut
853 1246 947 1337 qui
979 1274 1205 1336 propter
1232 1279 1353 1320 eam
1389 1264 1834 1341 peccaverimus?

597 1359 757 1415 CYR.
798 1359 896 1413 Ille
937 1372 1069 1413 vero
1117 1357 1343 1412 minime
1385 1356 1692 1427 culpandus
1725 1372 1756 1410 a
1796 1356 1956 1413 nobis
1992 1362 2114 1424 est;

530 1449 587 1503 id
631 1450 782 1503 enim
836 1457 987 1504 esset
1046 1450 1301 1516 insanias;
1333 1449 1451 1515 sed,
1481 1465 1607 1504 cum
1654 1449 1891 1506 dicimus
1926 1468 1938 1503 :
1980 1468 1999 1502 ι
2030 1447 2117 1505 Tu

532 1540 708 1595 iratus
736 1556 819 1604 es,
849 1549 905 1595 et
937 1556 1039 1596 nos
1075 1542 1443 1612 peccavimus,
1479 1560 1498 1593 ι
1536 1542 1643 1596 tale
1673 1541 1883 1612 aliquid
1919 1539 2122 1599 intelli-

532 1630 710 1701 gimus
747 1648 760 1684 :
792 1631 908 1686 Nisi
964 1640 1019 1687 te
1077 1633 1374 1703 benignum
1428 1633 1815 1699 habuerimus,
1865 1633 2117 1700 Domine,

532 1721 674 1775 nihil
723 1720 829 1776 erit
867 1723 1013 1792 quod
1059 1723 1348 1793 prohibeat
1383 1724 1677 1794 quominus
1719 1740 1751 1779 a
1786 1724 1996 1794 peccati
2034 1732 2119 1796 ty:

534 1813 768 1869 rannide
818 1815 1213 1885 opprimamur,
1255 1824 1479 1885 propter
1524 1824 1728 1870 nostrae
1776 1824 1989 1871 natura;
2031 1815 2118 1870 in-

534 1882 874 1972 ﬁrmitatem,
892 1882 1066 1977 atque
1097 1907 1171 1962 ita
1201 1882 1439 1977 denique
1465 1907 1725 1963 omnibus
1752 1910 1909 1965 malis
1939 1905 2121 1978 impll-
2147 1882 2195 1941 Β

536 2011 746 2052 cemur.

609 2089 802 2145 PALL.
844 2089 1094 2161 Intelligo
1121 2089 1268 2160 quod
1303 2089 1462 2145 dicis.

603 2177 759 2233 CYR.
798 2178 1046 2249 Superna
1088 2179 1273 2249 itaque
1321 2194 1456 2234 cura
1500 2194 1566 2233 ac
1611 2179 1960 2249 providentia
1998 2192 2126 2249 spo-

534 2267 673 2334 liati,
713 2283 838 2323 cum
870 2269 938 2324 de
970 2269 1139 2324 nimia
1172 2278 1356 2327 nostra
1386 2269 1591 2325 inertia
1627 2279 1792 2340 atque
1824 2269 1893 2324 ad
1932 2268 2128 2340 nequi-

537 2361 667 2417 tiam
702 2361 971 2433 praecipiti
1004 2363 1394 2432 propensione,
1436 2377 1614 2431 poenae
1642 2377 1675 2416 a
1704 2362 1865 2417 nobis
1894 2377 2124 2417 sumun-

534 2460 649 2518 tur,
681 2452 888 2507 inﬁrmi
927 2462 1041 2507 tum
1081 2463 1139 2508 et
1181 2462 1343 2521 captu
1387 2451 1596 2517 faciles,
1627 2462 1683 2508 et
1715 2468 1824 2522 quo
1860 2468 1972 2507 non
2007 2455 2129 2524 ejus

536 2545 763 2616 generis.
788 2546 935 2602 malo
959 2545 1213 2600 laborare
1245 2544 1752 2613 deprehendimur?
1778 2544 1839 2598 In
1871 2551 2126 2614 promptu

538 2647 725 2693 autem
772 2638 869 2692 tibi
906 2646 1012 2701 est,
1050 2638 1105 2693 id
1145 2646 1332 2708 aperte
1374 2637 1705 2706 perspicere,
1740 2636 1941 2707 legenti
1977 2637 2132 2691 Jere-

539 2728 666 2787 mite
690 2729 877 2783 verba.
912 2729 1153 2784 Eﬁ‘erata
1192 2744 1426 2797 namque
1455 2727 1770 2783 Judasorum
1807 2727 2125 2793 multitudo,

539 2818 793 2887 quamvis
817 2817 1111 2872 admodum
1148 2816 1366 2873 abunde
1404 2816 1730 2881 luxuriaret,
1758 2832 1822 2871 ac
1855 2815 2130 2871 diﬂlueret

542 2907 599 2963 in
634 2914 846 2963 sumina
880 2909 977 2965 Dei
1022 2909 1370 2975 liberalitate,
1408 2924 1531 2964 cum
1567 2917 1622 2965 et
1659 2908 1913 2964 hostibus
1955 2909 2131 2963 omni-

541 2998 650 3054 bus
681 3000 1077 3066 dominaretnr,
1109 3010 1167 3057 et
1199 3001 1268 3063 ad
1303 3017 1579 3057 summum
1613 3001 1851 3071 denique
1880 3002 2131 3057 humanae

543 3092 732 3160 gloriae
756 3092 1018 3148 verticem
1043 3092 1405 3163 pervenisset,
1435 3092 1535 3163 15
1558 3093 1906 3149 durissimam
1951 3101 2130 3148 tamen

547 3189 712 3252 atque
740 3182 1238 3252 pervicacissimam
1270 3182 1555 3252 perﬁdiam
1585 3192 1670 3238 est
1698 3182 1979 3238 meditata.
2018 3182 2130 3236 Ita-

544 3289 654 3343 que
685 3289 810 3328 cum
841 3274 1011 3346 Moysi
1043 3274 1318 3330 mandatis
1358 3283 1566 3329 tantum
1590 3290 1700 3330 non
1719 3275 2129 3342 valedixissent,

544 3380 611 3421 ac
631 3368 872 3421 sancitas
891 3367 1041 3437 leges
1066 3381 1294 3436 prorsus
1312 3383 1412 3437 pro
1434 3366 1664 3425 minimo
1685 3367 1974 3428 haberent,
1989 3382 2132 3438 prm—

547 3456 703 3526 cipiti
764 3456 973 3526 impetu
1034 3457 1091 3512 in
1144 3466 1379 3513 mortem
1422 3467 1590 3528 atquc
1634 3459 1936 3529 perniciem
1983 3459 2131 3513 fere-

550 3547 774 3603 bantur.
804 3547 917 3602 Sub
946 3563 1187 3618 quercus
1214 3564 1472 3618 namque,
1510 3556 1568 3603 et
1607 3549 1816 3619 populi,
1840 3557 1899 3604 et
1921 3549 2139 3606 arboris

550 3632 858 3687 frondentis
901 3634 1116 3700 umbra,
1157 3636 1311 3707 juxta
1361 3636 1645 3706 prophetae
1690 3651 1883 3692 vocem
1918 3639 1984 3704 “,
2012 3653 2137 3695 aras

552 3728 948 3787 exstruxerant,
983 3731 1038 3778 et
1059 3723 1114 3777 in
1145 3724 1467 3780 nemoribus
1503 3724 1762 3780 arborum
1786 3728 2138 3785 multitudine

555 3813 802 3879 consitis,
843 3815 985 3871 fanis
1012 3817 1079 3871 ad
1110 3816 1377 3871 daemonia
1406 3817 1635 3874 colenda
1661 3819 1995 3887 constitutis,
2046 3821 2139 3875 illa

557 3902 723 3958 boum
753 3905 993 3960 victimis
1024 3914 1080 3960 et
1115 3906 1295 3971 thure,
1325 3915 1381 3961 et
1416 3908 1526 3963 alio
1553 3909 1701 3964 omni
1732 3911 1882 3965 cultu
1913 3926 2140 3967 venera-

556 3994 777 4059 bantur,
825 3995 958 4051 deos
1014 4005 1073 4051 et
1126 4006 1571 4065 conservatores,
1608 4009 1666 4054 et
1713 4002 1972 4058 omnibus
2022 4005 2142 4075 ejus

556 4087 775 4158 generis
819 4089 1138 4145 nominibus
1183 4106 1348 4159 opera
1392 4107 1491 4147 sua
1539 4093 1814 4162 appellare
1861 4111 1969 4151 non
2008 4112 2141 4151 eru-

559 4179 864 4249 bescentes.
907 4179 1053 4247 Quin
1092 4181 1260 4237 etiam
1309 4182 1368 4237 in
1408 4198 1530 4239 eam
1557 4185 1842 4240 stultitiam
1872 4202 2142 4257 pervene-

558 4277 690 4325 runt
739 4270 1055 4340 aliquando,
1090 4280 1153 4328 ut
1181 4274 1292 4344 jam
1340 4274 1540 4345 impias
1572 4276 1694 4332 illas
1737 4292 1960 4333 suorum
2007 4280 2146 4336 libe-

560 4376 749 4443 rorum
797 4363 974 4417 cades
1018 4363 1125 4418 sibi
1168 4365 1356 4434 gloria
1401 4382 1523 4422 esse
1569 4376 1846 4436 putarent,
1884 4378 2145 4441 tantoque

560 4451 768 4506 scelere
810 4453 1049 4522 opimam
1087 4469 1145 4510 se
1176 4454 1284 4511 illis
1314 4457 1595 4512 victimam
1629 4459 1827 4516 oﬁ'erre
1862 4462 2143 4518 existima-

2214 737 2234 770 ι
2289 718 2421 772 Ἰδοὺ
2459 719 2522 772 σὺ
2553 715 2854 787 ὠργίσθης,
2885 716 2980 769 καὶ
3013 716 3175 788 ἡμεῖς
3203 716 3541 789 ἡμάρτομεν.
3575 737 3595 766 ι

2282 978 2490 1033 ΠΔΛΛ.
2537 970 2662 1045 Ἆρ’
2706 970 2837 1041 οῦν,
2889 975 3012 1029 εἰπέ
3063 992 3189 1046 μοι,
3234 974 3786 1049 καταρῤᾳθυμοῦντες

2210 1071 2374 1141 ἡμεῖς
2398 1067 2491 1122 τοῦ
2513 1068 2816 1139 πρέποντος
2844 1068 2940 1122 καὶ
2957 1070 3074 1132 ταῖς
3095 1069 3390 1140 ἁμαρτίαις
3415 1069 3786 1141 ἁλισκόμενοι,

2212 1160 2585 1233 προσρίψομεν
2623 1160 2724 1231 τὴν
2760 1160 2941 1214 αἰτίαν
2974 1160 3052 1232 τῷ
3097 1159 3245 1233 Θεῷ,
3288 1162 3383 1215 καὶ
3420 1161 3789 1233 ὲγκαλέσομεν

2214 1251 2362 1322 αὐτῷ
2386 1252 2486 1322 τὴν
2507 1250 2711 1322 ὀργὴν,
2733 1251 2810 1315 ῶς
2835 1250 2925 1305 διὰ
2949 1250 3109 1305 τοῦτο
3132 1252 3550 1323 ἡμαρτηκότες

2284 1340 2450 1395 ΚΥΡ.
2494 1338 2951 1412 Ἐπαιτιασόμεῦα
2987 1340 3088 1411 μὲν
3125 1341 3267 1412 οὐχὶ,
3296 1340 3462 1413 μανία
3501 1340 3611 1412 γὰρ
3631 1340 3792 1395 τοῦτό

2216 1448 2300 1502 γε·
2321 1431 2620 1501 φάσκοντες
2638 1430 2717 1497 δὲ,
2737 1432 2820 1484 ὅτι
2843 1450 2861 1484 ι
2890 1432 2961 1485 Σὺ
2985 1431 3284 1503 ὼργίσθης,
3311 1433 3403 1485 καὶ
3426 1434 3587 1504 ἡμεῖς
3615 1434 3792 1503 ἡμάρ-

2215 1540 2409 1593 τομεν,
2443 1541 2463 1576 ι
2488 1521 2728 1575 τοιοῦτόν
2749 1539 2803 1574 τι
2835 1521 3064 1592 νοοῦμεν
3083 1536 3098 1553 ⁸
3145 1522 3231 1585 Ὠς
3260 1523 3309 1575 εί
3344 1523 3419 1595 μὴ
3444 1524 3505 1576 τὸ
3534 1525 3626 1578 σὺν
3659 1523 3793 1594 ἔχοι-

2220 1624 2321 1678 μεν
2353 1608 2600 1679 εὐμενὲς,
2633 1601 2678 1661 ὦ
2710 1608 2974 1674 Δέσποτα,
3005 1611 3065 1663 τὸ
3095 1611 3358 1681 ἀπεῖργον
3390 1612 3574 1676 οὐδὲν,
3595 1630 3793 1684 τυραν-

2218 1699 2429 1753 νεῖσθαι
2461 1701 2560 1771 μὲν
2586 1699 2693 1754 ὑπὸ
2716 1701 3012 1772 ἁμαρτίας,
3039 1701 3129 1757 διὰ
3166 1702 3227 1756 τὸ
3248 1703 3349 1774 τῆς
3376 1704 3654 1776 ἡμετέρας
3694 1705 3797 1776 φύ-

2220 1808 2358 1857 σεως
2389 1793 2640 1861 ἀσθενὲς,
2674 1795 2835 1853 παντὶ
2866 1795 2923 1855 δὲ
2960 1794 3144 1851 λοιπὸν
3173 1796 3451 1867 ἐνέχεσθαι
3478 1798 3650 1866 κακῷ.

2292 2079 2502 2136 ΠΑΛΛ.
2533 2080 2765 2152 Συνίημι
2793 2079 2824 2134 ὃ
2858 2080 2983 2154 φῄς.

2293 2173 2459 2227 ΚΥΡ.
2485 2173 2769 2245 Φροντίδος
2791 2171 3033 2245 οὖνάμα
3061 2175 3155 2229 καὶ
3186 2176 3294 2247 μὴν
3335 2179 3429 2230 καὶ
3460 2178 3671 2247 φειδοῦς
3700 2182 3798 2253 τῆς

2223 2263 2430 2319 ἄνωθεν
2451 2264 2974 2336 ἀπαμφιεννύμενοι,
2997 2267 3092 2320 καὶ
3114 2267 3210 2339 τῆς
3234 2271 3314 2332 είς
3339 2268 3479 2338 ἄγαν
3501 2270 3796 2343 ἐξιτηλίας,

2224 2354 2318 2415 καὶ
2341 2354 2450 2408 τῶν
2494 2356 2574 2418 εἰς
2600 2355 2660 2408 τὸ
2700 2354 2900 2425 φαῦλον
2928 2357 3170 2428 ἀσχέτων
3201 2359 3598 2432 ἀπονευμόπων
3626 2381 3799 2437 πρατ-

2223 2445 2445 2516 τόμενοι
2477 2445 2632 2509 δίκας
2654 2488 2669 2511 ,
2697 2446 2948 2511 ἀσθενεῖς
2990 2449 3085 2503 καὶ
3110 2450 3404 2519 εὐάλωτοι,
3453 2456 3548 2508 καὶ
3588 2455 3641 2509 τί
3691 2456 3799 2527 γὰρ

2224 2538 2346 2609 οὐχὶ
2394 2537 2502 2593 τῶν
2553 2539 2809 2592 τοιούτων
2863 2541 3282 2613 ὴῤῥωστηκότες
3330 2544 3798 2618 ἀποδεικνύμεθα;

2226 2630 2386 2701 Πάρα
2416 2630 2473 2683 δέ
2503 2630 2564 2699 δή
2599 2646 2682 2684 σοι
2713 2631 2871 2685 ταυτὶ
2911 2632 3351 2688 καταθεάσασθαι
3379 2637 3665 2707 λαμπρῶς,
3688 2642 3803 2702 τοῖς

2238 2720 2503 2791 Ἱερεμίου
2551 2722 2893 2792 περι-τυχόντι
2933 2722 3129 2791 λόγοις.
3189 2726 3456 2780 Ἰουδαίων
3504 2729 3600 2799 μὲν
3630 2730 3739 2802 γὰρ
3766 2733 3801 2802 ἡ

2228 2811 2397 2881 ἀγρία
2426 2809 2672 2881 πληθὺς,
2720 2811 2816 2864 καί
2862 2829 2943 2865 τοι
2978 2812 3180 2886 σφόδρα
3231 2814 3498 2881 πλουσίως
3526 2820 3797 2872 ὲνσπατα-

2229 2902 2381 2956 λῶσά
2421 2920 2481 2955 τε
2520 2902 2612 2956 καὶ
2646 2903 3043 2977 ἐνευρυνομένη
3077 2908 3197 2970 ταῖς
3236 2908 3385 2979 παρά
3420 2907 3559 2962 Θεοῦ
3601 2910 3806 2980 φιλοτι-

2234 2994 2414 3067 μίαις,
2474 2995 2568 3049 καὶ
2623 2996 2878 3053 ἁπάντων
2945 2998 3267 3069 κρατήσασά
3330 3016 3392 3053 τε
3451 3001 3635 3055 λοιπὸν
3691 3001 3804 3056 τῶν

2231 3085 2463 3158 ἐχθρῶν,
2497 3085 2791 3141 διελάσασά
2826 3104 2885 3141 τε
2919 3087 3106 3142 λοιπὸν
3133 3090 3214 3152 είς
3243 3089 3373 3143 αὑτό
3401 3107 3504 3144 που
3528 3090 3669 3162 τάχα
3702 3093 3804 3163 τῆς

2233 3177 2291 3230 ἐν
2322 3175 2631 3249 ἀνθρώποις
2664 3177 2914 3241 εὐκλείας
2939 3179 3000 3232 τὸ
3025 3180 3285 3235 ἀνωτάτω
3304 3221 3319 3246 ,
3358 3181 3599 3254 σκληρὰν
3617 3197 3678 3235 τε
3711 3184 3809 3237 καὶ

2234 3267 2537 3339 ἄθραυστον
2564 3269 2795 3339 ἐμελέτα
2825 3271 2924 3342 τὴν
2955 3272 3257 3327 ἀπείθειαν.
3307 3274 3604 3346 Μονονουχὶ
3630 3273 3687 3327 δὲ
3714 3276 3809 3329 καὶ

2233 3359 2507 3433 ἐρρῶσθαι
2535 3360 2842 3432 φράσαντες
2870 3365 2991 3428 ταῖς
3023 3363 3111 3417 διὰ
3144 3365 3389 3429 Μωσέως
3419 3366 3679 3431 ἐντολαῖς,
3713 3366 3812 3420 καὶ

2239 3451 2437 3525 μικροῦ
2468 3452 2745 3518 παντελῶς
2787 3452 3066 3518 ἀξιοῦντες
3091 3455 3258 3526 λόγου.
3283 3456 3352 3511 τὰ
3384 3458 3809 3531 τεθεσπισμένα,

2236 3542 2700 3612 ἀπαραποδίστοις
2750 3542 3006 3614 ἐφέροντο
3063 3548 3257 3615 ῥοπαῖς
3299 3548 3379 3610 είς
3437 3547 3657 3619 ὄλεθρον
3716 3549 3818 3603 καὶ

2237 3633 2529 3693 ἀπώλειαν.
2581 3635 2868 3691 Ὑποκάτω
2910 3636 3018 3708 γάρ
3065 3638 3262 3709 δρυὸς.
3308 3640 3403 3693 καὶ
3433 3638 3668 3711 λεύκης,
3720 3642 3821 3694 καὶ

2237 3724 2455 3798 δένδρου
2483 3724 2866 3790 συσκιάζοντος
2889 3726 3032 3781 κατά
3056 3728 3155 3799 τὴν
3181 3727 3274 3781 τοῦ
3300 3731 3579 3801 προφήτου
3607 3730 3818 3799 φωνὴν,

2242 3816 2463 3887 βωμοὺς
2493 3818 2861 3889 ἁνεδείμαντο,
2890 3820 2985 3874 καὶ
3015 3822 3073 3874 ἐν
3104 3822 3217 3886 τοῖς
3252 3821 3682 3893 εὐδενδροτάτοις
3706 3822 3821 3876 τῶν

2241 3906 2440 3972 ἀλσῶν,
2471 3907 2673 3979 τεμένη
2701 3911 2813 3973 τοῖς
2841 3908 3058 3980 δαίμοσι
3087 3910 3478 3983 διαπήξαντες,
3509 3911 3824 3984 βουθυσίαις
3892 3969 3911 3978 _

2243 3998 2337 4054 καὶ
2359 3998 2695 4064 λιϐανωτοῖς,
2718 4000 2814 4052 καὶ
2838 4001 2949 4062 τοῖς
2973 4000 3152 4065 ἄλλοις
3179 4002 3368 4065 ἅπασι,
3397 4004 3758 4075 καταγεραίρε
3769 4023 3822 4058 ιν

2243 4088 2462 4157 ὴξίουν,
2497 4088 2665 4154 Θεοὺς
2700 4088 2795 4142 καὶ
2847 4092 3130 4162 σωτῆρας,
3177 4090 3271 4145 καὶ
3305 4094 3360 4146 τί
3404 4092 3512 4163 γὰρ
3543 4092 3664 4163 οὐχὶ
3708 4092 3822 4146 τῶν

2244 4179 2501 4236 τοιούτων
2538 4181 2636 4235 οὐκ
2667 4180 3027 4251 ἐρυθριῶντες
3070 4181 3278 4252 λέγειν,
3319 4183 3389 4238 τὰ
3427 4183 3515 4238 διά
3562 4183 3713 4253 σφῶν
3738 4201 3824 4237 τε-

2246 4273 2688 4342 χνουργούμενας
2711 4269 3015 4325 Καθίκοντο
3039 4272 3097 4326 δὲ
3129 4273 3341 4346 μωρίας
3374 4275 3454 4338 είς
3480 4274 3637 4328 τοῦτό
3664 4291 3821 4333 ποτε.

2245 4363 2322 4425 ὡς
2353 4364 2412 4416 ἐν
2451 4363 2821 4432 καυχημάτων
2858 4361 3008 4427 τάξει
3057 4364 3240 4417 λοιπὸν
3285 4364 3553 4419 ποιεῖσθαι
3595 4366 3693 4429 τὰς
3728 4365 3825 4418 ἀν-

2246 4453 2424 4519 οσίους
2456 4454 2881 4523 τεκνοσφαγίας,
2928 4454 3135 4508 οἴεσθαι
3184 4456 3239 4509 δὲ
3290 4455 3388 4509 ῶδὶ
3437 4455 3825 4528 λιπαρωτάτην

560 4547 704 4595 rent.
739 4540 930 4610 Neque
961 4558 1093 4598 vero
1126 4543 1272 4599 intra
1308 4546 1412 4603 bos
1446 4546 1586 4604 ﬁnes
1622 4550 1875 4621 impietas
1909 4553 2134 4609 ﬁliorum

2247 4547 2507 4601 ἀνάπτειν
2553 4546 2654 4616 τὴν
2692 4545 2883 4600 θυσίαν
2912 4548 3115 4611 αὐτοῖς.
3148 4547 3260 4602 Καὶ
3304 4549 3366 4601 οὐ
3403 4549 3567 4619 μέχρι
3616 4548 3827 4602 τούτων

561 4630 729 4686 lsrael
770 4633 951 4699 stetit;
993 4634 1089 4690 sed
1131 4634 1338 4706 ﬂagitia
1374 4636 1596 4711 ﬂagitiis
1634 4644 2060 4711 accumulantes,
2093 4661 2134 4703 e1

2244 4637 2315 4690 τά
2352 4636 2454 4706 τῆς
2468 4636 2787 4701 δυσσεϐείας
2815 4636 3114 4707 ἐπράττετο
3141 4641 3254 4701 τοῖς
3274 4637 3332 4705 ἐξ
3370 4639 3605 4710 Ἰσραήλ.
3644 4642 3828 4710 Προσ-

563 4721 623 4775 in
661 4721 1060 4779 absurdissima
1099 4741 1332 4798 quaeque
1378 4731 1690 4803 praecipites
1725 4734 1840 4801 lati,
1869 4736 2147 4809 legislato-

564 4810 642 4866 ris
685 4814 1040 4882 quantumvis
1085 4815 1309 4890 benigni
1354 4820 1495 4876 iram
1543 4823 1599 4877 in
1651 4837 1710 4879 se
1754 4836 2143 4896 provocarunt.

563 4904 726 4974 Ergo,
766 4905 1027 4976 quoniam
1086 4909 1208 4980 ejus
1263 4913 1582 4969 servitutem
1640 4915 2003 4974 audacissime
2068 4919 2146 4974 illi

564 4996 911 5068 repulerant,
962 5000 1215 5070 permisit
1258 5002 1306 5059 is
1345 5014 1406 5061 ut
1450 5004 1520 5060 ab
1569 5005 1822 5064 hoStibus
1867 5010 2144 5080 opprime-

563 5095 777 5154 rentur,
818 5097 876 5144 ct
918 5088 988 5146 ad
1033 5094 1399 5149 necessariam
1450 5094 1858 5153 abducerentur
1905 5098 2142 5154 servitu-

565 5185 697 5247 tem,
727 5196 834 5251 qua
870 5181 974 5237 sub
1023 5182 1232 5240 ditione
1277 5184 1659 5243 Chaldaeorum
1691 5188 2143 5261 Babyloniorum-

566 5288 674 5343 que
718 5273 959 5331 l‘uerunt.
990 5275 1095 5344 Qui
1146 5294 1293 5345 cum,
1342 5279 1552 5337 relictis
1599 5296 1723 5352 qua:
1769 5281 1918 5336 domi
1964 5291 2142 5350 erant,

565 5364 865 5432 venissent,
897 5375 959 5422 ut
990 5368 1113 5426 illos
1138 5371 1386 5442 captivos
1418 5371 1703 5438 ducerent,
1737 5387 1802 5428 ac
1821 5374 2146 5428 sanctamil-

568 5457 677 5512 lam
702 5458 1203 5533 nobilissimamque
1241 5463 1436 5519 urbem
1466 5464 1840 5531 incenderent,
1868 5473 1983 5520 tum
2013 5480 2146 5521 vero

568 5545 640 5601 iis
680 5549 774 5619 qui
813 5551 1268 5624 oppugnabantur
1312 5553 1403 5609 vix
1442 5555 1658 5612 tandem
1711 5555 1895 5611 animo
1943 5556 2147 5612 insedit

571 5646 633 5692 ut
652 5638 946 5697 Jeremiam
961 5644 1284 5714 prophetam
1317 5646 1669 5703 consulerent
1694 5646 1818 5717 quis
1849 5646 1974 5704 ﬁnis
2002 5647 2147 5704 illius

644 5833 691 5867 “
721 5835 879 5891 Rom.
911 5852 949 5902 ι,
977 5836 1066 5891 28.
1144 5838 1187 5871 ³⁸
1228 5839 1353 5894 lsai.
1397 5856 1536 5908 mv,
1570 5842 1619 5897 5.
1702 5844 1745 5875 “
1769 5842 1908 5901 Osee
1936 5858 2009 5909 tv,
2055 5841 2140 5896 15.

2246 4730 2421 4801 θήκην
2469 4728 2526 4781 δὲ
2579 4727 2766 4800 ῶσπερ
2803 4726 2926 4782 τινὰ
2976 4731 3090 4793 τοῖς
3138 4729 3483 4805 τολμήμασιν
3527 4731 3615 4784 ἀεὶ
3656 4749 3829 4804 προσ-

2245 4821 2577 4888 επάγοντες,
2609 4820 2708 4892 τὴν
2745 4823 2823 4885 εἰς
2866 4822 2974 4877 πᾶν
3015 4820 3194 4875 ὁτιοῦν
3240 4821 3352 4874 τῶν
3393 4822 3639 4876 ἐκτόπων
3682 4823 3829 4892 ἀχά-

2250 4928 2393 4966 Αινον
2427 4902 2806 4983 ἀποφοίτησιν,
2841 4913 2902 4965 οὐ
2937 4912 3173 4983 μετρίως
3217 4911 3306 4981 ἐφ’
3334 4914 3543 4978 ἑαυτοῖς
3589 4914 3831 4984 κατηρέ-

2249 5004 2397 5069 θιζον
2446 5005 2527 5068 είς
2570 5004 2737 5076 ὀργὰς
2759 5045 2775 5070 ,
2813 5006 2991 5060 καίτοι
3031 5004 3269 5076 χρηστὸν
3326 5004 3454 5059 ὄντα
3480 5005 3572 5059 τὸν
3596 5003 3828 5075 νομοθέ-

2250 5113 2369 5167 την.
2414 5095 2630 5168 Ἐπειδὴ
2665 5096 2724 5150 δὲ
2760 5096 2860 5167 τὴν
2898 5098 2987 5150 ἐπ’
3030 5095 3180 5169 αὑτῷ
3220 5096 3466 5151 δουλείαν
3509 5083 3828 5151 ἀπεσείοντο

2250 5188 2513 5253 νεανικῶς
2531 5230 2545 5256 ,
2572 5188 2747 5259 μεθίει
2779 5187 2966 5243 λοιπὸν
2986 5188 3083 5243 καὶ
3107 5187 3545 5244 πλεονεκτεῖσθαι
3572 5188 3666 5240 καὶ
3691 5189 3824 5257 παρ’

2250 5278 2482 5351 ἐχθρῶν,
2511 5280 2604 5333 καὶ
2637 5278 2772 5350 πρὸς
2814 5277 3121 5347 ἀναγκαίαν
3147 5277 3250 5349 ήδη
3295 5294 3414 5341 παυς
3449 5274 3827 5347 ἀποφέρεσθαι

2251 5370 2493 5442 θητείαν,
2523 5371 2622 5442 τὴν
2662 5372 2768 5426 ὑπὸ
2796 5371 3087 5436 Χαλδαίοις
3120 5371 3265 5442 φημὶ
3306 5370 3401 5424 καὶ
3441 5367 3826 5430 Βαϐυλωνίοις.

2251 5463 2315 5517 Οἱ
2351 5462 2448 5533 μὲν
2478 5462 2609 5533 γὰρ,
2632 5459 2768 5535 ἧκον
2804 5462 2876 5517 τά
2902 5463 3039 5518 οἴκοι
3078 5462 3332 5535 μεθέντες
3373 5457 3830 5531 ἐξανδραποδισά-

2255 5550 2409 5620 μενοί
2434 5567 2495 5603 τε
2527 5550 2746 5618 αὐτοὺς,
2777 5552 2872 5606 καὶ
2911 5553 3011 5625 τὴν
3035 5552 3201 5621 ἁγίαν
3225 5553 3320 5608 καὶ
3351 5551 3635 5621 διαϐόητον
3672 5548 3831 5602 πόλιν

2253 5643 2654 5715 ἐμπρήσαντες,
2688 5643 2907 5716 ἔρεσθαι
2937 5644 2992 5700 δέ
3026 5645 3178 5717 μόλις
3205 5644 3380 5700 ἐδόκει
3412 5645 3526 5707 τοῖς
3561 5641 3829 5712 πολεμουι-

4076 600 4088 637 ι

4076 694 4088 707 l

4074 714 4088 737 η

4074 785 4088 820 ἶ

4078 856 4088 893 ,ἒ

4078 898 4087 911 Ι
