2086 3220
187 206 242 235 157

567 203 613 232 DE
633 203 858 231 ADORATlONE
879 203 911 229 1N
931 202 1065 230 SPiRlTU
1089 203 1132 229 ΕΤ
1155 204 1340 230 ΥΕἰὶίΤᾹΪΕ.
1362 203 1425 230 LIB.
1448 204 1468 230 L

1793 203 1845 230 138

185 261 287 299 μένοις
296 260 342 289 τδν
355 261 502 296 προφήτην
521 260 667 297 Ἱερεμίαν,
681 259 711 285 τὸ
721 260 838 293 ὅποιπερ
854 259 886 286 ἂν
900 259 990 290 αὐτοῖς

1045 259 1106 285 mali
1120 264 1192 286 esset
1203 259 1312 286 futurus
1328 269 1333 286 :
1351 270 1360 285 ε
1375 260 1409 287 Et
1423 260 1502 291 dixit,
1517 269 1526 284 ι
1547 259 1647 293 inquit,
1668 269 1676 284 ι
1691 258 1841 286 Jeremias.

186 306 398 342 εκτελευτήσειε
413 306 445 333 τδ
459 305 554 333 κακόν.
567 315 576 331 ι
590 305 646 332 Καὶ
662 302 757 340 εἶπες)
769 305 864 339 φησὶν,
882 314 890 329 ι
910 304 990 339 Ἱερε-

185 353 270 390 μίας·
283 353 379 385 Οὕτως
392 353 482 389 ἐρεῖτε
510 352 579 388 πρὸς
599 350 725 378 Σεδεκίαν
736 359 743 365 ·
757 350 827 377 Τάδε
844 350 917 384 λέγει
936 349 991 375 Κύ-

184 407 261 436 ριος’
289 399 357 426 Ἰδοὺ
384 397 442 433 ἑγὼ
467 396 649 434 μεταστρέφω
660 396 696 423 τὰ
710 396 780 423 ὅπλα
794 395 828 422 τὰ
844 395 990 430 πολεμικὰ,

183 446 218 473 ἓν
231 443 279 478 οἷς
290 446 372 481 ὑμεῖς
385 444 531 480 πολεμεῖτε
544 444 573 470 ὲν
585 443 676 475 αὐτοῖς
687 442 756 478 πρὸς
767 442 829 473 τοὺς
842 441 992 472 Χαλδαίους

185 492 256 524 τοὺς
279 490 512 527 συγκεκλεικότας
535 490 608 526 ὑμᾶς
628 489 681 522 ἔξω
701 488 749 516 τοῦ
766 488 890 523 τείχους,
907 488 947 519 εἰς
962 487 992 514 τὸ

186 537 280 574 μέσον
294 538 346 573 τῆς
359 537 466 568 πόλεως
482 536 596 571 ταύτης.
615 535 670 562 Καὶ
687 534 836 570 πολεμήσω
851 533 924 568 ὑμᾶς
937 532 992 567 ἐγὼ

185 585 220 611 ιν
231 584 311 620 χειρὶ
330 582 514 618 ἐκτεταμένη,
529 582 577 609 καὶ
588 582 617 608 ὲν
632 580 756 617 βραχίονι
769 579 894 616 κραταιῷ
903 600 910 613 ,
923 578 993 615 μετὰ

186 630 285 666 θυμοῦ
302 630 352 658 καὶ
365 629 452 666 ὀργῆς
469 628 602 665 μεγάλης.
621 628 676 654 Καὶ
686 626 799 660 πατάξω
811 626 915 657 πάντας
929 625 992 656 τοὺς

186 675 395 707 κατοικοῦντας
407 675 436 702 ὲν
446 676 481 710 τῇ
496 674 573 701 πόλει
583 673 681 709 ταύτῃ,
693 672 756 704 τοὺς
773 672 821 698 ὰνο
826 672 933 706 ρώπους
945 671 992 697 καί

183 721 225 750 τὰ
240 721 334 757 κτήνη
349 721 380 748 ιν
399 719 510 755 θανάτῳ
528 718 656 755 μεγάλῳ,
678 719 726 745 καὶ
745 717 954 745 ἀποθανοῦνται.
980 727 989 742 ι

185 764 263 795 Εἶτα
290 765 351 803 μεθ’
375 766 469 802 ἕτερω
489 775 498 791 ι
523 764 579 792 Καὶ
595 765 663 800 πρὸς
687 764 733 791 τὸν
751 764 834 796 λαὸν,
856 773 866 789 ι
895 763 991 798 φησὶν,

189 822 203 840 ι
222 814 302 850 ἐρεῖς
318 811 427 844 τοῦτον,
441 811 511 839 Τάδε
525 811 600 846 λέγει
610 810 724 846 Κύριος-
744 810 809 837 Ἰδοὺ
825 809 880 844 ἐγὼ
891 809 993 836 δέδωκα

186 860 247 895 πρὸ
268 858 422 895 προσώπου
441 858 519 894 ὑμῶν
541 858 593 893 τὴν
609 857 669 884 ὁδὸν
691 856 742 892 τῆς
759 856 848 891 ζωῆς,
873 856 921 882 καὶ
943 854 993 890 τὴν

185 905 252 933 ὁδὸν
274 904 323 932 ἰώ
339 904 466 933 θανάτου.
488 903 518 930 '0
539 903 695 939 καθήμενος
707 902 736 929 ὲν
749 904 782 937 τῇ
806 902 883 929 πόλει
896 901 992 936 ταύτῃ,

1043 305 1088 331 Sic
1106 305 1204 332 dicetis
1229 306 1353 333 sedecim
1372 315 1377 332 :
1407 306 1470 333 Haec
1497 305 1566 333 dicit
1592 304 1750 332 Dominus:
1772 305 1842 331 Ecce

1042 358 1093 385 ego
1109 356 1239 378 converto
1258 360 1333 378 arma
1355 351 1455 379 bellica
1481 350 1510 378 in
1531 350 1632 386 quibus
1648 358 1698 377 vos
1715 354 1843 385 pugnatis

1043 396 1174 423 adversus
1189 396 1341 428 Chaldaeos,
1357 397 1403 431 qui
1415 396 1611 423 concluscrunt
1628 403 1677 423 vos
1688 400 1763 422 extra
1781 403 1841 422 mu-

1043 450 1116 475 rum,
1134 442 1163 469 in
1182 443 1303 470 medium
1326 443 1447 470 civitatis
1470 444 1563 479 hujus,
1580 447 1609 470 et
1631 442 1776 470 debellabo
1793 450 1843 477 ego

1042 497 1091 517 vos
1106 489 1134 516 in
1149 497 1232 516 manu
1250 493 1371 521 extenta,
1388 494 1416 517 et
1437 490 1464 516 in
1486 489 1600 516 brachio
1618 488 1694 521 forti,
1712 496 1775 516 cum
1798 488 1842 515 fu—

1043 542 1105 562 rore
1120 539 1148 562 ct
1164 535 1205 562 ira
1220 543 1333 570 magna;
1351 540 1379 562 ct
1400 535 1553 569 percutiam
1575 542 1671 561 omnes
1685 534 1843 561 habitantes

1043 581 1071 608 in
1087 581 1198 609 civitate
1214 581 1281 615 hac,
1305 581 1432 609 homines
1454 585 1482 608 et
1497 581 1622 616 jumenta
1637 580 1664 607 in
1682 584 1769 607 morte
1783 587 1842 606 ma-

1042 635 1105 662 gna,
1119 631 1147 654 et
1162 627 1315 654 morientur
1328 627 1361 654 “.
1380 636 1389 652 ι
1407 626 1512 654 Deinde
1531 630 1593 661 post
1609 625 1758 653 nonnulla:
1784 634 1792 650 ι
1808 625 1843 652 Et

1043 672 1076 699 ad
1091 673 1234 708 populum,
1251 683 1259 698 ι
1280 672 1381 708 inquit,
1397 682 1406 699 ί
1421 673 1504 700 istum
1519 672 1613 699 dices:
1628 672 1690 699 Haec
1705 671 1772 699 dicit
1787 672 1841 699 Do-

1044 718 1150 746 minus:
1160 719 1229 746 Ecce
1239 726 1289 754 ego
1299 718 1362 746 dedi
1374 726 1467 746 coram
1479 718 1558 745 vobis
1568 718 1641 744 viam
1652 718 1713 745 vitae
1727 722 1755 745 et
1769 717 1841 743 viam

1044 765 1142 792 mortis
1159 774 1165 791 ε
1181 765 1228 799 qui
1244 765 1377 792 manserit
1396 765 1424 792 in
1444 760 1557 792 civitate
1578 765 1641 797 hac,
1666 763 1800 790 morietur
1814 763 1841 790 in

1044 810 1137 846 gladio
1153 816 1182 838 et
1197 811 1223 838 in
1236 811 1318 843 fame,
1335 814 1363 838 et
1378 811 1425 846 qui
1441 818 1570 846 egressus
1584 810 1668 837 fuerit
1682 815 1711 837 ut
1721 813 1843 836 transeat

1044 856 1077 884 ad
1092 856 1244 889 Chaldaeos,
1253 856 1302 892 qui
1313 857 1511 885 concluserunt
1520 864 1582 889 vos,
1593 856 1677 888 vivet,
1691 856 1743 890 16
1753 858 1781 882 et
1788 855 1843 882 erit

1044 904 1135 930 anima
1143 904 1203 938 ejus
1216 903 1244 930 in
1257 903 1355 938 spolia,
1365 907 1393 931 et
1406 904 1493 935 vivet;
1508 903 1574 937 quia
1585 902 1730 930 obﬁrmavi
1743 901 1841 929 faciem

186 950 376 980 ἀποθανεῖται
391 951 420 976 ὲν
445 949 579 985 μαχαίρᾳ,
595 949 643 975 καὶ
659 949 688 975 ἐν
710 947 791 983 λιμῷ,
817 947 863 974 καὶ
874 948 888 974 ὁ
907 947 990 973 ἐκπο-

1045 957 1132 977 meam
1146 949 1278 976 adversus
1288 949 1384 976 urbem
1396 949 1468 976 hanc
1476 948 1506 975 in
1520 948 1600 980 mala,
1610 951 1700 975 etnon
1712 947 1739 974 in
1753 947 1840 979 bona;

188 997 344 1033 ρευόμενος
363 996 563 1032 προσχωρῆσαι
586 995 654 1031 πρὸς
674 995 737 1026 τοὺς
759 993 910 1024 Χαλδαίους
928 992 992 1024 τοὺς

186 1042 429 1078 συγκεκλεικότας
450 1043 537 1078 ὑμᾶς,
564 1040 690 1078 ζήσεται.
708 1041 764 1067 Καὶ
781 1040 857 1066 ἔσται
879 1040 896 1074 ὴ
918 1038 992 1074 ψυχὴ

185 1088 278 1119 αὑτοῦ
302 1089 344 1120 είς
369 1087 475 1120 σκύλα,
499 1088 547 1115 καὶ
568 1086 693 1122 ζήσεται.
718 1085 792 1113 Διότι
811 1085 941 1120 ἐστήριξα
963 1083 993 1110 τὸ

186 1135 344 1172 πρόσωπόν
359 1143 412 1170 μου
435 1136 483 1163 ἐπὶ
499 1135 550 1171 τὴν
571 1134 649 1161 πόλιν
670 1133 773 1167 ταύτην
788 1134 825 1164 εἰς
840 1131 929 1162 κακὰ,
946 1131 993 1157 καὶ

186 1182 242 1210 οὐκ
257 1182 301 1214 εἰς
319 1181 424 1217 ἀγαθὰ,
439 1182 487 1209 καὶ
501 1182 541 1213 είς
561 1181 656 1216 χεῖρας
679 1179 812 1215 βασιλέως
833 1177 993 1208 Βαϐυλῶνος

189 1227 432 1265 παραδοθήσεται,
449 1228 498 1255 καὶ
523 1226 694 1254 κατακαύσει
719 1226 806 1261 αὐτὴν
830 1226 858 1252 ὲν
882 1223 958 1260 πυρί.
982 1235 991 1249 ι

1047 996 1115 1024 etin
1134 1003 1231 1022 manus
1249 995 1320 1031 regis
1334 994 1481 1031 Babylonis
1504 994 1640 1026 tradetur,
1664 998 1692 1021 et
1714 993 1842 1021 incendat

1045 1049 1107 1069 eam
1121 1042 1176 1077 igni
1190 1041 1222 1068 “.
1239 1051 1248 1067 ι
1268 1041 1401 1076 lntelligis
1415 1041 1509 1076 igitur,
1525 1040 1549 1067 si
1569 1040 1671 1067 nostris
1692 1038 1842 1066 malefactis

1043 1087 1130 1114 Deum
1142 1087 1352 1119 otTendcrimus,
1362 1086 1420 1114 fore
1431 1090 1461 1113 ut
1474 1085 1596 1123 hostium
1608 1085 1738 1120 potentia:
1749 1084 1842 1112 miseri

1045 1133 1180 1161 obsistere
1197 1141 1252 1160 non
1266 1133 1416 1168 possimus,
1437 1132 1485 1160 sed
1501 1132 1677 1167 opprimente
1693 1139 1744 1159 nos
1762 1135 1843 1165 atque

1045 1178 1193 1206 invadcnte
1215 1178 1255 1205 ira
1277 1179 1381 1211 divina,
1399 1178 1471 1206 servi
1486 1178 1572 1205 simus
1590 1186 1624 1205 ex
1643 1177 1749 1209 liberis,
1767 1177 1843 1212 igno-

1044 1223 1183 1258 bilemque
1203 1223 1287 1250 vitam
1305 1227 1387 1258 atque
1407 1222 1592 1249 miserabilem
1612 1222 1756 1249 ducamus.

186 1274 290 1311 Συνεης
323 1271 383 1305 οὖν,
408 1273 451 1300 ὅτι
485 1273 546 1305 ταῖς
570 1270 689 1304 εἰσάπαξ
716 1270 884 1306 φιλοτιμίαις
904 1267 1127 1300 καταλυποῦντες
1164 1268 1248 1300 Θεὸν,
1271 1268 1392 1304 ἐσόμεθα
1417 1269 1467 1304 μὲν
1494 1269 1546 1304 οὺχ
1572 1266 1623 1294 οἷοί
1653 1277 1684 1295 τε
1708 1269 1768 1299 ταῖς
1789 1266 1844 1294 τῶν

185 1321 299 1360 ἐχθρῶν
331 1319 502 1351 εὐσθενείαις
531 1317 725 1354 ἀντιπράττειν
758 1317 783 1343 οί
804 1316 926 1348 δείλαιοι,
962 1314 1128 1349 ἐγκειμένης
1158 1313 1186 1340 δὲ
1212 1313 1308 1350 ὥσπερ
1332 1315 1379 1341 καὶ
1413 1313 1665 1350 καταθρωσκούσης
1691 1313 1770 1349 ἡμῶν
1794 1313 1845 1348 τῆς

185 1370 269 1402 Octa;
287 1368 386 1405 ὀργῆς,
410 1367 499 1395 δοῦλοι
524 1366 573 1402 μὲν
596 1366 654 1393 ἀντ’
681 1364 831 1400 ἐλευθέρων
854 1362 984 1398 ἐσόμεθα,
1004 1362 1092 1389 ἀκλεᾶ
1110 1361 1138 1388 δὲ
1160 1362 1208 1389 καὶ
1224 1362 1341 1390 ἐλεεινὸν
1356 1363 1521 1399 διαζήσομεν
1539 1362 1607 1397 βίον.

224 1414 338 1442 ΠΔΔΛ.
352 1411 391 1440 Εὖ
408 1411 510 1447 λέγεις.

1083 1406 1183 1434 PALL.
1205 1407 1290 1435 Recte
1306 1407 1356 1435 ais.

223 1461 315 1489 ΚΥΡ.
342 1458 490 1494 ’Δποφέρει
509 1457 559 1493 μὲν
573 1456 628 1492 γὰρ
643 1457 657 1483 ὁ
672 1455 720 1482 τοῦ
740 1454 806 1481 Θεοῦ
822 1454 904 1489 νόμος
925 1452 992 1488 πρὸς

1083 1453 1161 1481 CYR.
1190 1453 1299 1481 Etenim
1323 1454 1371 1482 Dei
1395 1454 1439 1482 lex
1463 1453 1571 1481 facilem
1587 1452 1736 1480 hominem
1763 1457 1846 1487 atque

189 1506 349 1544 ἀμώμητον
358 1504 498 1537 πολιτείαν
507 1503 553 1530 τὸν
564 1502 698 1539 τρυφερὸν
709 1502 756 1529 καὶ
768 1501 885 1536 εὐήνιον,
897 1499 993 1535 λύχνος

1046 1498 1283 1533 obtemperantem
1296 1499 1330 1527 ad
1342 1499 1493 1535 perfectam
1508 1499 1619 1526 vivendi
1633 1499 1767 1526 rationem
1781 1507 1844 1534 per-

187 1554 222 1582 δδ
238 1553 340 1589 ὥσπερ
355 1560 399 1584 τις
414 1551 526 1586 ἑκάστῳ
541 1550 659 1585 γίνεται,
677 1548 746 1584 πρὸς
763 1548 813 1583 τὴν
827 1546 873 1573 τοῦ
897 1546 994 1581 χρησί-

191 1609 246 1637 po
258 1607 294 1627 ca
309 1599 360 1627 καὶ
374 1597 526 1633 ἀναγκαίου
545 1595 705 1632 παράδειξιν
716 1614 723 1627 ,
739 1595 787 1621 καὶ
805 1593 875 1620 αἰδοῖ
895 1593 944 1628 μὲν
958 1593 992 1627 τῇ

195 1646 360 1684 ﬁcabsz
373 1644 546 1681 ἡττώμενος,
561 1642 677 1678 διαϐιῴη
694 1650 736 1673 τις
753 1640 785 1667 ἂν
799 1640 849 1666 οὐκ
865 1638 993 1674 ἀϐαυμά-

195 1702 266 1727 πως
277 1691 358 1730 οἷμαί
373 1701 441 1725 που,
457 1691 506 1719 καὶ
522 1690 647 1725 καθάπερ
664 1688 745 1723 ἁγίαν
767 1686 928 1720 κατοικήσει
945 1686 993 1711 πό-

189 1740 235 1768 Ὰιν
252 1738 514 1775 τδ-ὲρηρεισμένον
537 1737 578 1768 είς
604 1734 719 1772 ἀρετὴν,
745 1733 792 1759 καὶ
814 1730 931 1767 βεϐηκὸς
955 1730 994 1761 εἰς

186 1784 353 1818 ptimum.
377 1784 411 1811 Εἰ
421 1782 451 1810 δὲ
467 1782 500 1818 δή
517 1790 560 1813 τις
574 1780 662 1807 ἕλοιτο
678 1778 804 1813 καθάπερ
818 1775 879 1803 τινὰ
892 1775 994 1810 δρυμόν

187 1840 222 1859 τε
234 1832 287 1859 καὶ
297 1830 368 1866 ὓλην
382 1828 486 1863 εὐανθῆ
507 1836 538 1857 τε
562 1826 610 1854 καὶ
622 1823 744 1857 εὗξυλον,
759 1822 910 1849 εἰσϐάλλειν
927 1820 996 1847 ἑτοί-

190 1887 254 1916 μως
267 1877 311 1910 εἰς
324 1865 377 1909 τὰς
390 1873 527 1910 κοσμικὰς
540 1872 647 1909 ἡδονὰς,
662 1871 710 1898 καὶ
722 1869 835 1905 τὲρψεσι
850 1869 910 1899 ταῖς
924 1866 995 1916 κατὰ

135 1925 139 1928 ’
187 1913 238 1953 τὸν
252 1922 544 1961 βίονιὲμφιλοχωρεῖν,
558 1919 606 1946 καὶ
617 1918 698 1946 οἰονεί
709 1926 767 1948 πως
780 1915 898 1942 εἰδώλων
911 1913 994 1948 ἐσμὸν

189 1972 235 2004 ..ις
254 1960 324 1998 νοῦν
345 1970 394 1996 καὶ
417 1967 533 2004 καρδίαν
552 1964 720 2000 εἰσδέχεσθαι
741 1963 792 1998 τὴν
819 1960 994 1996 πολύμορφον

189 2016 311 2054 ἡδονὴν,
329 2015 379 2043 καὶ
404 2013 507 2050 θυμιᾷν
529 2013 585 2043 τοῖς
613 2010 723 2046 δαίμοσι
749 2009 813 2039 τοὺς
835 2007 885 2054 τῆς
911 2004 994 2054 αυτοῦ

189 2050 356 2098 προθυμίας
375 2058 513 2096 καρπούς·
533 2057 594 2085 τότε
611 2056 643 2092 δὴ
661 2055 723 2082 τότε
744 2054 792 2081 καὶ
807 2052 910 2088 σφόδρα
925 2050 996 2077 εἰκό-

189 2097 250 2140 τως
266 2105 481 2141 ἀπολισθὴσειεν
497 2104 531 2131 ἂν
545 2102 653 2138 φειδοῦς
663 2101 713 2137 τῆς
730 2099 844 2132 ἄνωθεν,
860 2097 908 2125 καὶ
926 2097 996 2123 ἐτοι-

190 2153 303 2189 itm-:1]
317 2151 380 2179 λίαν
391 2149 585 2186 προσκείσεται
599 2148 671 2184 θήρα
685 2147 742 2177 τοῖς
757 2145 896 2172 ἐθέλουσιν
911 2142 993 2189 ἑλεῖν.

190 2188 306 2230 nas»:
321 2197 352 2225 δὲ
370 2196 468 2232 ὥσπερ
483 2194 564 2230 ἁγίας
577 2192 763 2228 ὲξωθούμενος
780 2189 830 2224 τῆς
848 2190 876 2215 ὲν
896 2188 995 2224 ἀρχαῖς

190 2243 361 2280 εὐκοσμίας.
374 2241 568 2277 κατοικήσεται
582 2238 676 2265 λοιπὸν
690 2237 786 2272 ὥσπερ
796 2233 827 2268 ἐξ
842 2233 993 2280 ἀναγκαίου

190 2278 294 2326 ζυγοῦ,
311 2288 384 2325 πρὸς
403 2287 435 2314 τὸ
454 2287 512 2318 τοῖς
529 2285 662 2321 κρατοῦσι
684 2282 791 2314 δοκοῦν,
817 2281 865 2331 καὶ
886 2278 994 2316 μακρὰν
1012 2304 1035 2331 D

189 2338 275 2365 ἔσται
288 2334 451 2367 summa
464 2341 497 2368 γε
511 2332 558 2359 τὸν
577 2332 627 2367 τῆς
639 2330 787 2360 διαθέσεως
802 2328 915 2364 τρόπον,
927 2335 993 2362 μετ-

189 2382 325 2418 οικισμδν
352 2380 497 2416 ὑπομένων
519 2378 566 2406 τὸν
584 2379 624 2409 εἰς
638 2373 899 2418 βαϐυλῶναιτοῦῌ
925 2372 993 2404 ἔστι,

189 2430 230 2459 τὰ
250 2417 388 2456 latium:
404 2426 550 2463 τερμάτων
571 2423 624 2459 γῆς
641 2422 733 2457 ἁγίας,
751 2422 780 2447 ὲν
835 2418 957 2455 γνωστὸς
981 2419 996 2444 ὁ

189 2477 274 2509 Ouk,
290 2474 340 2503 καὶ
351 2473 426 2510 μέγα
438 2472 470 2500 τὸ
481 2472 569 2507 ὄνομα
581 2468 675 2498 αὐτοῦ.
687 2467 832 2503 Τοιγάρτοι
847 2463 994 2499 διακεκρα-

189 2530 279 2558 τισιν
292 2521 319 2548 οἱ
331 2519 381 2547 τδν
396 2518 470 2546 οὕτω
490 2516 609 2553 σκληρὸν
628 2515 812 2551 ὑπομένοντες
833 2511 939 2558 πόνον,
949 2510 997 2537 καὶ

190 2557 236 2600 εις
252 2568 352 2603 χεῖρας
373 2564 505 2596 πεσόντες
526 2562 643 2599 ἐχθρῶν,
661 2561 709 2588 καὶ
723 2559 773 2596 τὴν
796 2559 861 2595 παρ’
881 2557 997 2588 ἐκείνοις

188 2614 315 2647 δίαιταν,
323 2613 368 2647 ὡς
380 2610 574 2648 ἀνδραποδώδη
591 2609 639 2637 καὶ
654 2607 794 2642 οἰκετικὴν
809 2606 839 2632 οὐ
856 2604 994 2640 φέροντες·

192 2671 206 2688 ι
230 2659 299 2691 Ἐπὶ
319 2659 376 2687 τῶν
394 2658 529 2694 ποταμῶν
553 2654 725 2687 Βαϐυλῶνος,
746 2653 805 2680 ἐκεῖ
828 2651 997 2685 ὲκαθίσαμεν

191 2707 247 2736 καὶ
254 2705 450 2741 ὲοιλαύσαμεν,
463 2704 494 2732 ἐν
504 2702 544 2739 τῷ
558 2701 711 2738 μνησθῆναι
730 2699 803 2736 ἡμᾶς
818 2697 869 2733 τὴν
882 2695 962 2723 Σιών.
984 2704 994 2721 ι

190 2752 284 2780 Non!
295 2750 352 2786 γὰρ
364 2747 484 2787 οἶμαί-τι
500 2747 620 2776 τοιοῦτον
635 2746 650 2774 ὁ
665 2744 837 2781 ἀνθρώπινος
856 2741 928 2773 νοῦς.

231 2839 344 2869 “MA.
361 2838 399 2867 Τδ
409 2838 436 2866 τί
449 2838 482 2875 δὴ
494 2838 565 2874 φῄς;

1047 1544 1133 1577 ducit,
1154 1553 1186 1571 ac
1203 1545 1324 1572 lucerna:
1341 1545 1545 1580 quodammodo
1560 1553 1641 1573 usum
1656 1546 1756 1580 cuique
1776 1553 1847 1580 pra:-

1047 1588 1093 1616 bet
1104 1589 1137 1615 ad
1151 1589 1350 1616 ostendendum
1366 1589 1431 1625 quid
1447 1590 1593 1624 expediat,
1611 1590 1712 1625 quidve
1733 1597 1847 1618 necesse

1046 1634 1098 1667 sit;
1114 1642 1196 1669 quam
1213 1635 1260 1669 qui
1280 1635 1464 1667 revercbitur,
1483 1635 1516 1667 is,
1533 1635 1643 1670 opinor,
1664 1643 1719 1662 non
1738 1635 1845 1670 ignobi-

1046 1680 1100 1707 lem
1117 1680 1202 1707 vitam
1228 1681 1369 1716 transiget,
1390 1685 1418 1708 et
1439 1681 1525 1708 veluti
1553 1681 1581 1708 in
1607 1685 1700 1708 sancta
1723 1680 1844 1713 civitate,

1046 1726 1178 1753 nimirum
1207 1726 1234 1753 in
1263 1726 1309 1753 illa
1339 1726 1469 1754 firmitate
1495 1726 1618 1759 virtutis,
1640 1734 1671 1753 ac
1696 1726 1846 1754 stabilitate

1046 1771 1187 1806 religionis
1206 1771 1353 1798 habitabit.
1375 1770 1410 1798 At
1427 1779 1493 1798 vcro
1511 1771 1534 1798 si
1552 1771 1615 1806 quis
1633 1771 1753 1799 voluerit
1770 1779 1799 1799 se
1818 1772 1846 1798 in

1046 1817 1129 1852 hujus
1145 1817 1241 1844 mundi
1260 1817 1416 1853 voluptates
1437 1821 1567 1854 tanquam
1590 1817 1618 1844 in
1640 1825 1739 1844 nemus
1758 1817 1847 1852 quod—

1045 1863 1118 1896 dam,
1134 1871 1167 1891 ac
1180 1863 1324 1891 ﬂorentem
1335 1867 1363 1891 et
1377 1862 1524 1891 arboribus
1546 1863 1658 1891 densam
1680 1864 1788 1896 silvam,
1813 1864 1847 1890 li-

1046 1910 1207 1938 bentissime
1225 1911 1373 1947 conjicere,
1391 1914 1420 1938 et
1435 1910 1465 1937 in
1481 1910 1564 1946 hujus
1578 1910 1642 1938 vitae
1659 1910 1847 1938 oblectamen—

1046 1957 1082 1984 tis
1104 1956 1219 1989 versari,
1244 1965 1277 1984 ac
1300 1956 1499 1984 multiformem
1520 1956 1700 1991 voluptatem,
1717 1960 1848 1991 tanquam

1046 2003 1183 2031 idolorum
1200 2003 1341 2038 quoddam
1363 2011 1490 2036 examen,
1509 2003 1538 2031 in
1561 2010 1609 2030 cor
1631 2006 1714 2037 atque
1736 2002 1765 2029 in
1786 2003 1847 2029 ani-

1045 2056 1122 2076 mum
1135 2048 1292 2080 admittere,
1305 2052 1335 2076 et
1346 2048 1501 2076 alacritatis
1514 2055 1570 2075 suae
1584 2047 1692 2074 fructus
1706 2047 1848 2075 daemoniis

1046 2093 1210 2125 incendere,
1234 2093 1258 2120 is
1283 2101 1350 2120 vero
1368 2094 1432 2129 jure
1453 2093 1558 2128 optimo
1574 2101 1589 2119 a
1606 2093 1700 2120 divino
1719 2092 1849 2128 praesidio

1045 2139 1163 2172 excidet,
1184 2143 1212 2166 et
1228 2142 1259 2166 ut
1278 2138 1454 2174 paratissima
1468 2139 1560 2174 praeda
1576 2146 1675 2173 capere
1689 2139 1850 2166 volentibus

1046 2184 1186 2219 proposita
1206 2184 1269 2217 erit,
1283 2185 1470 2220 expulsusque
1493 2184 1527 2211 ab
1543 2192 1575 2211 ea
1595 2192 1650 2219 qua
1674 2184 1754 2211 initio
1776 2193 1849 2220 pra;-

1041 2223 1120 2257 Iditus
1146 2233 1206 2257 erat
1233 2237 1343 2257 morum
1367 2230 1529 2262 honestate,
1549 2234 1681 2264 tanquam
1711 2237 1726 2257 e
1753 2234 1850 2260 sancta

1046 2277 1175 2309 civitate,
1202 2276 1359 2304 necessario
1386 2276 1530 2303 servitutis
1553 2277 1619 2311 jugo
1647 2275 1680 2302 ad
1708 2275 1850 2310 imperan-

1048 2322 1118 2349 tium
1143 2322 1289 2351 arbitrium
1310 2322 1470 2354 descendet,
1486 2326 1514 2349 et
1532 2322 1612 2357 longe
1635 2321 1689 2349 erit
1704 2329 1720 2348 a
1738 2322 1806 2353 Deo,
1819 2330 1851 2349 ac

1046 2369 1124 2405 juxta
1142 2368 1275 2396 moralem
1296 2368 1506 2404 intelligentiam
1531 2367 1714 2395 transferetur
1733 2367 1850 2403 Babylo—

1047 2423 1122 2448 nem,
1142 2415 1170 2442 id
1184 2418 1246 2447 est,
1264 2414 1338 2441 ultra
1355 2414 1490 2442 terminos
1510 2418 1591 2441 terra:
1613 2414 1688 2441 illius
1703 2418 1803 2441 sancta:
1822 2413 1850 2440 in

1048 2470 1103 2498 qua
1122 2465 1207 2489 notus
1229 2465 1272 2488 est
1294 2461 1382 2494 Deus,
1408 2465 1437 2488 et
1459 2468 1590 2496 magnum
1613 2467 1716 2487 nomen
1741 2460 1802 2495 ejus
1816 2459 1850 2486 ".

1045 2509 1140 2544 Itaque
1160 2507 1317 2535 clamabant
1342 2507 1362 2534 ii
1385 2507 1433 2543 qui
1453 2512 1510 2535 tam
1533 2506 1610 2542 gravi
1635 2513 1759 2534 aerumna
1786 2513 1841 2540 pre

1046 2554 1205 2587 mebantur,
1215 2557 1244 2581 et
1258 2553 1288 2580 in
1303 2552 1437 2581 ditionem
1448 2552 1571 2580 hostium
1584 2555 1727 2584 venerant,
1737 2555 1766 2579 et
1777 2551 1850 2578 illam

1046 2600 1121 2636 apud
1145 2607 1194 2628 eos
1218 2599 1392 2627 mansionem
1415 2604 1545 2634 tanquam
1572 2597 1718 2633 mancipiis
1739 2597 1850 2633 dignam

1047 2652 1129 2682 atque
1145 2645 1274 2674 servilem
1290 2653 1347 2673 non
1360 2645 1488 2673 ferebant
1508 2653 1515 2670 :
1538 2653 1547 2669 ί
1564 2643 1653 2679 Super
1667 2642 1782 2671 ﬂumina
1797 2643 1850 2670 Ba-

1050 2692 1159 2729 bylonis
1181 2692 1238 2720 illic
1257 2690 1381 2719 sedimus
1400 2694 1429 2718 et
1439 2689 1587 2726 ,tlevimus,
1604 2689 1670 2717 dum
1687 2688 1850 2717 recordare-

1051 2748 1115 2767 mur
1139 2739 1196 2772 tui,
1220 2738 1287 2767 Sion
1304 2738 1336 2765 “.
1357 2747 1365 2763 ι
1381 2736 1543 2773 Huiusmodi
1558 2744 1676 2773 namque
1694 2736 1775 2769 malo,
1797 2735 1848 2764 nisi

1042 2785 1140 2818 ~fallor,
1157 2785 1266 2813 laborat
1280 2784 1419 2811 humanus
1433 2783 1552 2811 animus.

1087 2830 1188 2859 PALL.
1208 2830 1332 2864 Quonam
1356 2829 1488 2858 tandem?

232 2928 258 2946 “
271 2928 330 2957 δεῖ.
347 2936 403 2962 nl,
419 2928 447 2962 5,
461 2928 487 2955 6.
527 2926 550 2942 ⁸⁵
566 2924 649 2956 lbid.,
667 2924 744 2951 8-10.
782 2924 805 2940 "
821 2924 891 2952 Psal.
908 2930 986 2953 Lxxv,
1006 2921 1033 2948 ‘2.
1060 2921 1096 2957 f‘
1112 2920 1184 2948 Psal.
1204 2927 1310 2951 cxxxvi,
1327 2919 1349 2945 1.
