4172 6450
566 401 672 461 159

1601 411 1657 466 S.
1699 412 1977 468 CYRlLLl
2014 412 2489 473 ALEXANDRINI
2526 418 2846 476 ARCHIEP.

3739 425 3842 484 160

636 518 793 574 CYR.
838 521 1032 591 Segnis
1063 533 1146 578 est
1179 531 1236 578 ct
1263 525 1495 595 supinus
1524 524 1638 582 fere
1668 527 1736 582 ad
1773 544 1838 583 ea
1864 527 2006 583 bona
2039 545 2147 600 qua

2334 533 2498 586 ΚΥΡ.
2527 534 2796 608 Ῥάθυμος
2822 538 2922 608 μὲν
2943 539 3052 612 γὰρ
3073 543 3166 594 καὶ
3186 540 3600 609 ἀναπιπτωκὼς
3616 544 3702 598 ἀεί
3725 563 3841 610 πως

568 617 696 663 sunt
726 610 782 662 in
813 627 1000 677 manu,
1045 616 1503 686 concupiscenda,
1540 634 1722 688 neque
1759 621 2054 676 admodum
2091 637 2152 678 ea

567 699 776 769 expetit
806 717 927 770 quae
962 714 1090 758 sunt
1126 705 1182 760 in
1219 709 1339 779 ejus
1389 717 1657 778 potestate
1687 711 1809 766 sita.
1851 713 1952 782 17
1987 715 2074 779 At,
2107 716 2152 770 si

567 803 676 861 qua
718 793 862 849 facta
910 795 1078 852 fuerit
1120 799 1175 853 in
1221 801 1450 856 alteram
1500 812 1710 872 partem
1756 805 2059 872 inclinatio,
2099 816 2155 862 ct

565 886 940 951 ornamentis,
990 903 1112 958 qua:
1161 891 1436 958 habebat,
1499 895 1762 950 minorari
1821 899 2151 970 contigerit,

566 982 701 1029 tunc
741 975 834 1030 vix
879 978 1099 1033 tandem
1140 979 1196 1033 in
1231 982 1390 1036 malis
1425 982 1698 1056 intelligit,
1729 986 1988 1042 omnibus
2017 989 2153 1043 viri-

566 1064 670 1119 bus
715 1067 1105 1135 resistendum,
1151 1086 1331 1140 neque
1381 1074 1451 1128 ad
1501 1083 1809 1132 extremum
1843 1095 2031 1160 ’usque
2071 1081 2156 1136 in-

565 1156 736 1210 sultui
783 1157 967 1213 locum
1011 1160 1255 1216 dandum
1297 1163 1486 1232 fuisse,
1525 1183 1594 1222 ne
1645 1168 1701 1222 in
1749 1156 2046 1228 discrimen
2094 1187 2154 1229 se

565 1249 885 1319 conjiceret.

636 1339 832 1395 PALL.
868 1343 948 1397 Ita
976 1353 1078 1400 est.

635 1429 793 1486 CYR.
827 1434 1212 1494 Necessarium
1271 1450 1355 1496 est
1384 1443 1583 1514 igitur,
1615 1455 1672 1500 et
1699 1445 1982 1515 sapientiae
2033 1448 2151 1517 ple-

566 1535 723 1586 num,
746 1531 803 1578 et
835 1523 890 1578 in
921 1527 1116 1596 primis
1147 1531 1519 1598 utilissimum,
1551 1535 1850 1604 praecidere
1883 1537 2152 1594 malorum

566 1625 782 1680 causas,
821 1622 878 1669 et
898 1627 1101 1674 coacta:
1127 1622 1412 1678 servitutis
1443 1624 1650 1679 aditum
1701 1627 2061 1697 praecludere,
2095 1640 2152 1686 et

565 1716 631 1755 ea
665 1718 878 1761 summo
909 1709 1092 1765 studio
1125 1711 1422 1780 declinare,
1455 1731 1597 1786 quae,
1629 1717 1676 1771 si
1742 1720 1984 1789 experiri
2016 1737 2152 1777 con-

563 1793 771 1864 tigerit,
801 1798 857 1853 in
883 1802 1140 1858 omnibus
1184 1805 1342 1861 malis
1381 1808 1746 1865 versabimur.

547 1874 552 1880 ’
636 1887 835 1945 PALL.
867 1892 945 1948 lta
975 1910 1033 1950 se
1065 1912 1153 1952 res
1185 1898 1368 1957 habet.

636 1977 794 2035 CYR.
821 1981 899 2038 Ac
929 1984 976 2039 si
1007 1985 1191 2043 divina
1220 1990 1380 2047 nobis
1412 1993 1492 2048 ira
1515 1996 1841 2051 necessariae
1861 1997 2148 2055 servitutis

558 2071 752 2142 jugum
792 2073 1126 2145 imponatur,
1185 2082 1322 2139 adeo
1376 2094 1439 2141 ut
1479 2085 1536 2140 in
1588 2089 1886 2158 reprobum
1927 2106 2150 2146 sensum

563 2162 1012 2224 descendendum
1063 2172 1174 2239 sit,
1211 2175 1481 2231 obsistere
1531 2178 1756 2248 quidem
1793 2179 1941 2234 haud
1989 2180 2150 2237 facile

560 2253 750 2310 fuerit.
775 2257 915 2312 lllud
947 2268 1130 2317 tamen
1153 2262 1410 2332 dixerim,
1433 2267 1697 2337 expedire
1718 2269 1806 2324 vel
1832 2269 2151 2326 meminisse

561 2347 738 2402 solum
764 2390 779 2414 ,
821 2352 1115 2422 exquibus
1163 2355 1220 2411 in
1265 2373 1387 2428 quae
1433 2359 1928 2428 declinaverimus,
1987 2371 2152 2433 atque

559 2437 758 2523 acerbe
787 2439 990 2496 deflere
1019 2450 1136 2498 tum
1164 2457 1408 2501 nostram
1439 2447 1731 2515 incuriam,
1770 2457 1885 2506 tum
1924 2452 2150 2523 superni

561 2543 693 2600 erga
723 2510 840 2586 Onos
883 2534 1073 2591 auxilii
1126 2537 1367 2608 in0piam
1411 2557 1425 2594 ε
1472 2559 1490 2592 ‹
1526 2541 1623 2596 llla
1643 2559 1878 2614 namque
1927 2545 2151 2601 tristitia

562 2634 686 2687 quae
713 2624 1020 2680 secundum
1069 2627 1242 2682 Deum
1275 2637 1379 2695 est,
1421 2631 1801 2700 paenitentiam
1833 2635 1888 2689 in
1920 2636 2150 2690 salutem

561 2707 1014 2780 impmnitcndam
1046 2731 1307 2788 operatur
1344 2723 1406 2778 ".
1452 2743 1470 2775 ι
1526 2723 1636 2780 Sed
1679 2725 1725 2780 si
1771 2726 1934 2782 nobis
1962 2727 2148 2783 divina

560 2801 645 2856 ira
684 2818 796 2856 non
846 2805 1152 2875 immineat,
1202 2822 1366 2883 atque
1400 2815 1637 2872 liberum
1683 2817 1755 2871 sit
1793 2823 1849 2873 et
1881 2817 2044 2884 velle,
2095 2829 2153 2876 et

561 2893 711 2962 quod
758 2895 939 2951 visum
987 2897 1176 2967 fuerit,
1213 2901 1415 2970 facere,
1469 2915 1526 2960 et
1579 2906 1728 2961 illam
1771 2908 1827 2962 in
1861 2917 2152 2981 utramque

559 2995 776 3051 partem
821 2990 1268 3058 pr0pensionem,
1315 2993 1383 3046 ad
1423 2995 1650 3061 malum,
1695 2997 1940 3068 inquam,
1985 3010 2037 3054 et
2083 3001 2149 3055 ad

561 3073 790 3141 bonum,
832 3077 1064 3132 solutam
1118 3095 1183 3136 ac
1240 3081 1470 3138 liberam
1521 3093 1579 3140 et
1617 3087 1686 3141 ab
1734 3090 1884 3143 omni
1931 3091 2150 3161 penitus

559 3167 842 3222 coactione
862 3168 1096 3224 alienam
1118 3173 1362 3229 retinere
1386 3175 1569 3243 liccat,
1600 3178 1878 3253 cavendus
1903 3189 1987 3236 est
2010 3191 2149 3237 stre-

2259 624 2405 675 ἐστὶν
2439 626 2517 688 είς
2553 627 2849 698 ἐπιθυμίαν
2877 630 2986 682 τῶν
3018 633 3076 684 ἐν
3119 633 3308 703 χερσὶν
3346 635 3587 702 ἀγαθῶν,
3631 636 3842 705 ἐφίεται

2257 714 2314 767 δὲ
2342 715 2402 767 ού
2429 715 2548 771 λίαν
2568 713 2752 791 ὧνπερ
2798 719 2864 774 ἂν
2895 721 3009 792 ἔχοι
3047 722 3146 794 τὴν
3175 724 3446 789 ἐξουσίαν.
3483 728 3545 780 El
3574 727 3630 780 δὲ
3659 727 3721 799 δή
3759 746 3841 793 τις

2257 806 2469 872 γένοιτο
2500 811 2834 882 μετάκλησις
2861 813 2954 865 ἐπὶ
2983 814 3207 886 θάτερα,
3252 817 3347 871 καὶ
3374 810 3450 871 ὧν
3472 818 3673 889 ἀνέχοι
3696 819 3839 890 λαμ⁴

2259 899 2411 970 πρῶν
2449 902 2716 971 ἡττᾶσθαι
2747 907 2918 976 παρῇ,
2950 905 3073 959 τότε
3104 907 3169 978 δὴ
3197 908 3350 976 μόλις
3383 910 3702 964 αἰσθάνεται
3731 929 3840 966 πα-

2257 989 2386 1056 θὼν,
2410 993 2440 1045 δ
2471 995 2635 1047 παντὶ
2682 994 2746 1067 δὴ
2797 995 2974 1050 σθένει
3012 998 3401 1069 διακρούεσθαι
3432 1001 3621 1074 ἐχρῆν,
3653 1004 3747 1056 καὶ
3777 1005 3838 1057 ού

2255 1081 2345 1136 διὰ
2369 1083 2566 1161 πείρας
2597 1086 2755 1156 ἥκειν
2795 1088 2890 1158 ἐᾷν
2922 1091 3359 1162 προαναιροῦντα
3396 1093 3496 1170 τὴν
3525 1093 3732 1164 ἔφοδον.

2328 1345 2537 1401 ΙΙΑΛΛ.
2592 1346 2836 1419 Ἀληθές.

2325 1438 2489 1494 ΚΥΡ.
2549 1439 2867 1510 Ἀναγκαῖον
2901 1437 2994 1498 οὖν
3039 1442 3166 1513 ἄρα,
3224 1444 3320 1498 καὶ
3359 1443 3538 1513 σοφὸν,
3587 1443 3683 1496 ;°~.l.
3730 1443 3839 1498 τῶν

2254 1529 2283 1582 ὅ
2303 1545 2356 1580 τι
2389 1529 2624 1599 μάλιστα
2653 1531 3111 1588 λυσιτελεστάτων
3135 1536 3196 1588 τὸ
3227 1538 3577 1608 προαναιρεῖν
3602 1531 3660 1588 εὖ
3693 1535 3838 1606 μάλα

2253 1620 2322 1673 τὰ
2353 1621 2622 1694 μοχθηρὰ,
2660 1624 2754 1676 καὶ
2783 1625 2883 1696 τῆς
2913 1625 3210 1698 ἀϐουλήτου
3237 1625 3457 1696 θητείας
3487 1626 3587 1697 τὴν
3626 1625 3836 1694 ἔφοδον,

2254 1712 2347 1765 καὶ
2391 1714 2784 1784 προαπονεύειν
2814 1716 3108 1790 πειρᾶσθαι
3145 1717 3364 1788 γοργῶς
3395 1717 3483 1781 τά,
3525 1711 3600 1772 ὧν
3645 1719 3694 1770 εί
3743 1717 3839 1786 γέ-

2254 1818 2398 1856 νοιτο
2427 1804 2563 1874 πρὸς
2592 1806 2788 1874 πεῖραν
2820 1804 3016 1870 ἐλθεῖν,
3043 1807 3101 1859 ἐν
3139 1806 3305 1860 παντὶ
3333 1803 3626 1876 κεισόμεθα
3659 1802 3836 1873 κακῷ.

2183 1885 2225 1940 Β
2326 1894 2531 1948 ΠΑΛΛ.
2574 1889 2704 1948 Ὧδε
2735 1895 2866 1967 ἔχει.

2325 1985 2489 2040 ΚΥΡ.
2539 1988 2650 2041 Καὶ
2677 1987 2726 2040 εί
2753 1988 2852 2058 μὲν
2885 1989 2950 2042 ἐκ
2975 1988 3124 2052 θείας
3151 1989 3321 2062 ὀργῆς
3347 1993 3376 2044 ὁ
3407 1989 3510 2060 τῆς
3534 1991 3836 2059 ἀναγκαίας

2253 2079 2494 2144 δουλείας
2521 2081 2652 2151 ἡμῖν
2686 2081 3002 2152 ἐπιφέροιτο
3031 2081 3215 2150 ζυγὸς,
3253 2082 3346 2134 καὶ
3373 2081 3478 2153 μὴν
3511 2083 3606 2135 καὶ
3637 2081 3700 2135 τὸ
3725 2082 3838 2135 δεῖν

2253 2171 2333 2233 είς
2359 2171 2616 2240 ἀδόκιμον
2663 2171 2983 2226 καθικέσθαι
3021 2171 3168 2237 νοῦν,
3210 2173 3599 2243 ἀντιφέρεσθαι
3635 2173 3733 2244 μὲν
3773 2175 3835 2227 ού

2256 2263 2405 2332 ῥᾷον.
2437 2263 2606 2333 Φαίην
2633 2263 2678 2316 δ’
2717 2261 2784 2316 ἂν
2819 2257 2957 2318 εἶναι
3008 2265 3297 2335 χρήσιμον,
3330 2263 3434 2317 κᾶν
3464 2262 3594 2332 γοῦν
3631 2264 3692 2317 τὸ
3715 2265 3837 2318 διαο

2257 2354 2566 2427 μεμνῆσθαι
2600 2357 2760 2427 μόνον
2792 2357 2851 2424 ἐξ
2885 2356 3015 2412 οῖων
3047 2360 3126 2421 εἰς
3153 2352 3240 2411 οἷα
3273 2359 3715 2428 μετακεκλίσθαι,
3741 2363 3836 2414 καὶ

2255 2447 2714 2518 κατολοφύρεσθαι
2762 2449 2976 2521 πικρῶς
3017 2449 3118 2520 τὴν
3174 2450 3534 2522 παράϐλεψιν,
3587 2452 3682 2504 καὶ
3733 2452 3835 2522 τῆς

2253 2538 2458 2595 ἀνωθεν
2486 2538 2806 2609 ἐπικουρίας
2834 2539 2932 2611 τὴν
2957 2541 3152 2594 σπάνιν
3174 2559 3188 2572 ο
3227 2561 3246 2592 ι
3292 2543 3355 2594 Ἦ
3384 2543 3492 2612 γάρ
3529 2542 3670 2596 κατὰ
3701 2541 3834 2595 Θεὸν

2253 2629 2421 2703 λύπη,
2457 2631 2746 2702 μετάνοιαν
2771 2631 2850 2695 είς
2879 2630 3152 2704 σωτηρίαν
3187 2631 3600 2704 ἀμεταμέλητον
3633 2623 3834 2704 κατερξ

2254 2720 2501 2790 γάζεται.
2543 2720 2749 2783 »Θείας
2786 2719 2843 2773 δὲ
2886 2721 3018 2791 ἡμῖν
3053 2720 3155 2774 οὐκ
3203 2721 3596 2792 ἀπηρτημένης
3641 2722 3834 2792 ὀργῆς,

2255 2810 2370 2866 ἀλλ’
2396 2810 2516 2865 ἐνὸν
2545 2811 2631 2865 ἐπ’
2661 2809 2910 2876 ἐξουσίας
2939 2810 3157 2865 ἐλέσθαι
3177 2828 3236 2864 τε
3259 2813 3352 2864 καὶ
3377 2810 3508 2883 δρᾷν
3530 2811 3591 2864 τὸ
3620 2811 3830 2877 δοκοῦν,

2254 2903 2349 2956 καὶ
2379 2901 2478 2974 τὴν
2527 2902 2616 2954 ἐπ’
2671 2901 2837 2973 ἄμφω
2873 2901 3066 2974 ῥοπὴν,
3113 2901 3215 2972 τήν
3260 2918 3320 2954 τε
3371 2902 3453 2964 είς
3499 2900 3561 2954 τὸ
3607 2900 3832 2970 φαῦλον,

2254 2994 2416 3066 φημὶ,
2453 2994 2549 3048 καὶ
2583 2993 2681 3065 τὴν
2705 2997 2784 3058 είς
2811 2994 2873 3048 τὸ
2902 2994 3127 3064 ἀγαθὸν,
3163 2995 3452 3066 ἀνειμένην
3488 3011 3604 3058 πως
3632 2994 3711 3046 ἐτι
3741 2996 3836 3046 καὶ

2252 3085 2652 3141 ἀκαταὸἰαστον
2679 3085 2959 3150 παντελῶς
2991 3086 3383 3158 διακεκτῆσθαι
3415 3085 3608 3157 παρὸν,
3641 3103 3837 3156 παραι-

2251 3179 2444 3251 τητέον
2476 3178 2740 3248 γεννικῶς
2777 3179 2869 3232 τὸν
2904 3179 2980 3243 ὡς
3022 3179 3080 3233 ἐν
3122 3177 3419 3249 φαυλότητι
3465 3175 3832 3248 μαλακισμὺν,

559 3273 668 3312 nue
712 3257 804 3312 ille
854 3257 912 3313 in
967 3260 1217 3331 nequitia
1260 3263 1510 3335 languor,
1569 3283 1634 3322 ac
1690 3251 2042 3340 repellendae,
2089 3271 2146 3325 ni

2249 3265 2402 3342 οἶμαι
2443 3270 2501 3324 δὲ
2559 3271 2669 3325 δεῖν
2712 3269 3066 3325 ἀποσείεσθαι
3111 3271 3286 3340 φιλεῖν
3341 3270 3441 3333 τὰς
3487 3269 3574 3322 ἐπ’
3622 3267 3836 3338 ἐχθροῖς

557 3345 737 3412 fallor,
768 3348 1098 3418 voluptates,
1131 3351 1200 3407 ab
1221 3353 1480 3412 hostibus
1497 3357 1718 3424 oblatze,
1747 3359 2147 3433 vitandumque

556 3452 628 3491 nc
670 3437 727 3491 in
772 3438 1017 3493 hostium
1079 3441 1290 3500 ditione
1342 3445 1536 3512 simus,
1577 3448 1671 3518 qui
1732 3449 1898 3519 hujus
1956 3452 2147 3507 mundi

558 3528 838 3600 principes
860 3547 986 3588 esse
1015 3533 1306 3605 dicuntur;
1341 3539 1558 3595 etiamsi
1589 3541 1754 3596 alicui
1778 3541 2008 3599 fortasse
2024 3561 2151 3615 pars

558 3619 740 3689 aliqua
785 3622 1063 3681 felicitatis
1097 3627 1270 3695 adsit,
1322 3630 1623 3697 felicitatis,
1684 3633 1930 3703 inquam,
1977 3635 2147 3704 illius,

558 3727 682 3780 quae
728 3713 783 3767 in
828 3717 1036 3773 mundo
1075 3719 1182 3775 hoc
1239 3725 1433 3792 magna
1485 3732 1711 3793 putatur
1755 3725 2004 3795 quidem,
2053 3728 2148 3785 sed

561 3812 777 3872 turpem
812 3809 1036 3864 omnino
1059 3811 1271 3866 exitum
1298 3822 1464 3884 atque
1497 3815 1802 3872 deformem
1852 3817 2038 3875 habet.

631 3894 826 3950 PALL.
855 3897 975 3965 Quo
1016 3903 1236 3957 tandem
1271 3905 1474 3960 modo?

626 3986 782 4044 CYR.
817 3989 982 4048 Visne
1017 4003 1078 4050 ut
1115 4003 1369 4051 veterum
1400 3998 1649 4068 exempla
1679 4003 1994 4057 sumamus?

627 4160 826 4236 pALL.
861 4183 1115 4241 Maxime.

625 4271 782 4327 CYR.
805 4273 942 4328 Cum
964 4275 1107 4330 fame
1127 4276 1534 4333 conficerentur
1553 4293 1743 4334 omnes
1758 4279 1875 4335 fere
1897 4279 2149 4335 homines

2251 3361 2464 3434 ὴδονάς,
2490 3361 2586 3416 καὶ
2609 3361 2670 3414 τὸ
2689 3362 2794 3416 ὑπὸ
2821 3363 2979 3432 χεῖρα
3009 3360 3270 3432 πράττειν
3291 3359 3523 3432 ἐχθρῶν,
3549 3360 3600 3412 οῖ
3631 3357 3839 3430 κατάρ-

2250 3471 2366 3524 χειν
2403 3451 2651 3522 λέγονται
2680 3451 2776 3506 τοῦ
2811 3452 3007 3517 αἰῶνος
3037 3451 3251 3506 τούτου.
3288 3451 3408 3505 Κάν
3441 3451 3490 3504 εί
3537 3449 3754 3522 προσίοι
3774 3450 3841 3503 τὸ

2250 3543 2412 3615 τυχδν
2445 3543 2744 3619 εὐημερίας
2781 3544 2882 3597 οὐκ
2919 3543 3209 3614 ἀμοιροῦν,
3258 3543 3559 3614 εὐημερίας
3599 3541 3657 3596 δέ
3693 3557 3842 3612 φημι

2250 3637 2348 3702 τῆς
2381 3638 2438 3690 ἐν
2468 3637 2658 3708 κόσμῳ
2691 3635 3082 3707 τετιμημένης,
3119 3636 3198 3700 εἰς
3226 3636 3453 3708 αἰσχρὸν
3480 3634 3588 3706 γὰρ
3618 3634 3843 3698 πάντως

2252 3729 2347 3784 καὶ
2369 3728 2598 3793 ἀκαλλὲς
2638 3729 3007 3801 καταστρέφει
3045 3727 3218 3793 τέλος.

2325 3909 2532 3962 ΠΑΛΑ.
2580 3907 2704 3971 Πῶς
2738 3905 2906 3976 έφηςῖ

2321 4002 2488 4055 ΚΥΡ.
2531 3999 2719 4053 Βούλει
2753 3998 3006 4069 λέγωμεν
3054 3998 3113 4066 ἐξ
3146 3996 3388 4070 ἀρχαίων
3419 3995 3630 4060 ἑλόντες
3657 4013 3838 4068 παρα-

2251 4095 2369 4164 δειγ
2376 4093 2562 4165 μάτων
2579 4112 2593 4160 ;

2323 4187 2532 4242 ΠᾹΛΔ.
2575 4185 2688 4240 Καὶ
2716 4185 2880 4256 μάλα.

2321 4278 2486 4332 ΚΥΡ.
2527 4277 2700 4349 Λιμοῦ
2741 4276 3138 4348 κατατήκοντος
3179 4277 3307 4340 τοὺς
3360 4277 3466 4330 ἀνά
3518 4278 3720 4341 πᾶσαν,
3760 4275 3841 4337 ὡς

554 4352 672 4433 qui,
702 4373 765 4418 ut
799 4363 856 4418 in
899 4380 1112 4421 summa
1157 4366 1359 4433 dicam,
1400 4369 1606 4439 ubique
1667 4378 1941 4425 terrarum
1962 4379 2140 4435 erant,

2249 4370 2377 4436 ἔπος
2415 4371 2611 4436 εἰπεῖν,
2653 4367 2752 4440 τὴν
2797 4369 2925 4440 γῆν,
2963 4367 3286 4423 καθικέσθαι
3321 4368 3458 4440 πρὸς
3505 4366 3843 4437 Αἰγυπτίους

553 4454 733 4508 visum
776 4464 862 4509 est
905 4455 1033 4512 filiis
1084 4457 1253 4513 Jacob
1297 4460 1354 4514 in
1390 4458 1683 4531 Egyptum
1733 4460 2070 4518 descendere
2129 4481 2141 4516 :

551 4553 715 4598 erant
743 4553 929 4599 autem
959 4546 1339 4604 adolescentes
1373 4565 1605 4605 numero
1629 4551 1840 4606 decem.
1871 4553 1929 4607 Id
1960 4562 2144 4609 autem

552 4635 713 4706 cujus
743 4636 918 4706 gratia
949 4638 1454 4709 peregrinationem
1490 4642 1883 4713 suscipiebant,
1918 4655 2038 4701 erat
2083 4655 2143 4702 ut

553 4733 875 4780 coemerent
901 4741 1076 4793 escas,
1110 4736 1378 4798 praeterea
1405 4732 1562 4787 nihil.
1600 4733 1795 4789 Postea
1827 4750 1960 4792 vero
1975 4753 2139 4808 quam

550 4813 676 4884 ejus
697 4814 777 4868 rei
795 4827 1079 4887 compotes
1097 4819 1226 4875 facti
1251 4827 1399 4887 sunt,
1433 4831 1596 4893 atque
1627 4824 1798 4895 agniti
1827 4827 1961 4898 jam,
1991 4827 2139 4897 quod

553 4904 755 4960 fratres
782 4917 970 4962 essent
993 4908 1220 4981 Ioseph,
1242 4911 1337 4982 qui
1371 4921 1484 4967 tum
1519 4914 1791 4970 frumenta
1842 4917 2140 4982 vendebat,

551 4999 884 5070 etprinceps
903 5010 1026 5057 erat
1054 5010 1217 5058 terrae
1244 5003 1482 5077 Egypti,
1529 5023 1645 5062 rem
1676 5018 1886 5080 gestam
1916 5009 2144 5064 auribus

552 5092 763 5162 accepit
779 5093 1012 5160 Pharao,
1061 5113 1080 5147 ι
1111 5095 1348 5163 Etdixit,
1376 5118 1393 5150 ι
1424 5099 1622 5170 inquit,
1649 5119 1668 5151 ‹
1691 5101 1902 5156 Pharao
1917 5100 2140 5170 Joseph:

556 5180 666 5250 18
695 5181 794 5237 Dic
827 5181 1094 5241 fratribus
1137 5187 1248 5243 tuis
1268 5229 1284 5255 ,
1326 5189 1440 5245 Hoc
1467 5190 1630 5247 facite
1664 5209 1676 5244 :
1707 5192 1932 5262 lmpletc
1955 5205 2145 5246 saccos

552 5280 788 5338 vestros,
815 5283 872 5330 et
892 5276 1040 5332 abite
1063 5277 1119 5333 in
1163 5287 1367 5336 terram
1406 5281 1686 5347 Chanaan,
1719 5291 1776 5337 et
1806 5283 2143 5352 accipientes

555 5372 767 5433 patrem
806 5375 1052 5424 vestrum
1097 5379 1154 5427 et
1202 5373 1568 5430 substantiam
1628 5383 1906 5441 vestram,
1953 5373 2139 5429 venite

553 5456 620 5509 ad
645 5472 752 5522 me,
779 5467 836 5514 et
864 5459 1007 5516 dabo
1041 5464 1201 5519 vobis
1228 5481 1296 5520 ex
1318 5467 1577 5521 omnibus
1604 5466 1765 5520 bonis
1812 5465 2049 5538 )Egypti,
2085 5477 2142 5522 et

554 5548 860 5606 comedetis
887 5553 1182 5610 medullam
1210 5563 1389 5611 terrze.
1419 5557 1500 5612 Tu
1531 5567 1713 5612 autem
1748 5559 2134 5629 prmcipchazc,

554 5649 615 5696 ut
637 5642 910 5713 accipiant
941 5645 1189 5715 plaustra
1216 5648 1285 5704 de
1318 5657 1466 5706 terra
1484 5649 1696 5722 Egypti
1722 5651 1913 5708 liberis
1939 5653 2138 5709 vestris

626 5820 666 5850 δτ
703 5821 744 5875 ll
768 5821 894 5877 Cor.
925 5838 1017 5889 vn,
1055 5824 1138 5879 lO.

2241 4464 2369 4527 τοὺς
2400 4463 2460 4530 ἐξ
2507 4461 2702 4516 Ἰακὼϐ
2731 4462 2925 4526 ἐδόκει,
2960 4461 3170 4515 νεανίαι
3221 4461 3278 4515 δὲ
3306 4457 3448 4532 ἦσαν
3479 4461 3570 4516 τὸν
3603 4459 3841 4532 ἀριθμόν

2242 4572 2346 4608 που
2381 4553 2536 4616 δέκα,
2567 4552 2661 4607 καὶ
2700 4553 2729 4604 ὁ
2769 4553 2867 4622 τῆς
2895 4551 3205 4623 ἀποδημίας
3247 4552 3466 4618 σκοπὸς,
3500 4552 3561 4604 τὸ
3607 4550 3842 4620 ἐκπρία-

2243 4645 2368 4700 σθαι
2398 4644 2628 4715 τροφὰς,
2659 4645 2756 4697 καὶ
2795 4642 2985 4714 ἕτερον
3017 4637 3085 4714 ἦν
3115 4642 3291 4698 οὐδέν.
3346 4643 3564 4714 Ἐπειδὴ
3591 4642 3650 4695 δὲ
3698 4637 3841 4713 ἧκον

2239 4740 2320 4800 εἰς
2351 4735 2510 4790 τοῦτο
2537 4736 2633 4790 καὶ
2650 4734 3113 4806 κατεγνωρίζοντο
3128 4734 3313 4787 λοιπὸν
3333 4733 3410 4798 ὡς
3425 4733 3665 4804 ἀδελφοὶ,
3687 4750 3838 4786 σιτο-

2238 4827 2516 4893 δοτοῦντος
2542 4829 2665 4883 τότε
2700 4827 2798 4881 καὶ
2845 4827 3168 4900 ἐξάρχοντος
3214 4827 3314 4897 τῆς
3372 4825 3688 4895 Αἰγυπτίων
3735 4827 3836 4880 τοῦ

2252 4919 2471 4991 Ἰωσὴφ,
2516 4919 2597 4983 είς
2637 4916 2732 4982 οὖς
2761 4917 2824 4972 τὸ
2861 4916 3108 4990 πραχθὲν
3152 4916 3370 4986 ἐδέχετο
3401 4915 3622 4988 ⁴ιἀραὼ,
3664 4935 3684 4968 ι
3724 4917 3841 4969 Kal.

2240 5003 2382 5071 εἷπε,
2419 5026 2438 5059 ι
2501 5009 2658 5080 φησὶ,
2725 5025 2746 5060 ι
2788 5007 2990 5079 Φαραὼ
3032 5006 3170 5077 πρὸς
3214 5006 3436 5076 Ἰωσήφ·
3498 5001 3669 5069 Εἷπον
3721 5008 3839 5069 τοῖς

2240 5101 2489 5170 ἀδελφοῖς
2521 5116 2637 5154 σου·
2685 5099 2858 5153 Τοῦτο
2899 5099 3164 5170 ποιήσατε
3184 5113 3200 5130 ο
3224 5097 3498 5168 Γεμίσατε
3530 5096 3602 5150 τά
3635 5098 3838 5167 πυρεῖα

2243 5191 2418 5264 ὑμῶν,
2455 5193 2553 5246 καὶ
2597 5189 2864 5246 ἀπέλθετε
2903 5191 2984 5254 εἰς
3031 5193 3138 5262 γῆν
3190 5190 3414 5244 Χαναάν
3442 5189 3539 5243 καὶ
3587 5189 3837 5260 παραλα-

2241 5285 2429 5348 ϐόντες
2460 5284 2552 5338 τὸν
2594 5284 2806 5355 πατέρα
2839 5283 3018 5355 ὑμῶν,
3048 5283 3144 5338 καὶ
3184 5283 3254 5338 τά
3290 5283 3607 5355 ὑπάρχοντα
3653 5281 3834 5352 ὑμῶν,

2238 5377 2403 5448 ἥκετε
2434 5377 2570 5448 πρὸς
2601 5376 2690 5447 μὲ,
2722 5377 2818 5431 καὶ
2851 5375 3008 5430 δώσω
3045 5376 3174 5447 ὑμῖν
3220 5376 3440 5431 πάντων
3469 5373 3580 5428 τῶν
3607 5373 3836 5442 ἀγαθῶν

2239 5469 2538 5537 Αἰγύπτου,
2592 5469 2687 5522 καὶ
2733 5466 2971 5538 φάγεσθε
3001 5466 3094 5520 τὸν
3139 5465 3335 5538 μυελὸν
3362 5469 3464 5536 τῆς
3494 5465 3619 5536 γῆς.
3654 5464 3727 5518 Σὺ
3772 5462 3835 5516 δὲ

2239 5562 2472 5617 ἐντειλαι
2501 5563 2692 5627 ταῦτα,
2735 5561 2920 5616 λαϐεῖν
2953 5561 3154 5624 αὐτοὺς
3179 5560 3398 5630 ἀμάξας
3430 5560 3496 5613 ἐκ
3527 5559 3632 5629 γῆς
3663 5556 3833 5625 Αίγύ-

2240 5671 2394 5721 πτου,
2423 5656 2536 5720 τοῖς
2563 5655 2793 5719 παιδίοις
2820 5654 2974 5726 ὑμῶν
3001 5654 3095 5710 καὶ
3116 5655 3234 5718 ταῖς
3261 5650 3496 5722 γυναιξὶ,
3523 5651 3620 5705 καὶ
3637 5647 3830 5704 ἀναλαο
