4172 6460
409 337 512 395 {6f

1103 311 1110 320 ι
1182 342 1270 398 DE
1308 341 1756 402 ADORATIONE
1794 348 1863 404 IN
1903 347 2174 407 SPIRITU
2214 354 2301 409 ET
2338 356 2709 414 VERITATE.
2753 360 2879 415 LIB.
2921 360 2962 415 Ι.

3611 372 3716 430 162

403 452 606 518 σόντες
635 453 729 507 τὸν
760 453 975 526 πατέρα
1009 455 1165 525 ὑμῶν
1209 457 1604 527 παραγίνεσθε.
1639 460 1733 513 καὶ
1780 460 1855 532 μὴ
1897 463 2000 532 φεί

2125 473 2180 519 et
2206 469 2492 535 uxoribus,
2527 480 2582 526 et
2622 471 2875 529 tollentes
2907 470 3122 544 patrem
3145 488 3391 535 vestrum
3417 483 3622 550 venite,
3655 498 3714 547 et

405 545 584 615 σησθε
633 547 750 610 τοῖς
796 545 1098 618 ὀφθαλμοῖς
1132 548 1242 602 τῶν
1297 550 1508 604 σκευῶν
1559 552 1751 623 ὑμῶν’
1794 553 1861 606 τὸ
1911 554 2020 625 γὰρ

403 635 596 689 πάντα
624 635 815 707 ἀγαθὰ
844 637 1128 706 Αἰγύπτου
1156 639 1284 710 ὑμῖν
1313 639 1488 694 ἔσται.
1529 659 1547 693 ι
1585 643 1643 697 '0
1677 644 1774 714 μὲν
1795 639 1890 698 οὖν
1921 648 2021 716 τῆς

398 729 737 795 Αἰγυπτίων
768 729 1075 801 ἡγούμενος
1112 733 1298 796 αὐτοῖς
1347 733 1669 790 ἀνάπαυλαν
1714 738 1808 790 καὶ
1835 741 2015 810 τρυφῇ

399 822 805 877 καταπιαίνειν
841 819 901 878 εὖ
940 824 1087 895 μάλα
1122 825 1620 897 κατεπηγγείλατο,
1646 830 1742 882 καὶ
1787 829 1896 900 μὴν
1924 831 2018 883 καὶ

397 914 634 983 ἁμάξας
707 916 1029 988 ἐχαρίζετο,
1092 917 1463 973 καταλεαίνων
1519 915 1675 991 οἶμαί
1740 938 1842 974 που
1903 924 2018 986 τοῖς

395 1006 633 1060 ὀκνοῦσι
663 1006 764 1078 τὴν
795 1008 1045 1065 κάθοδον.
1083 1009 1148 1063 OE
1191 1009 1248 1062 δὲ
1281 1011 1520 1078 πανοικὶ,
1569 1012 1892 1066 κατέϐαινον
1925 1013 2018 1066 εὑ-

394 1100 524 1164 θὺς,
576 1100 681 1172 τὴν
727 1101 1068 1175 πρόσκαιρον
1094 1104 1206 1158 τῶν
1245 1103 1526 1176 ἐδωδίμων
1559 1105 1877 1167 ἀπόλαυσιν,
1914 1106 2015 1159 οὐκ

393 1189 495 1246 οἷδ’
536 1193 693 1258 ὅπως
727 1196 1194 1268 προτετιμηκότες
1220 1199 1325 1268 γῆς
1353 1214 1414 1249 τε
1438 1197 1535 1251 καλ⁸
1559 1199 1744 1268 χώρας
1761 1196 2014 1269 δοθείσης

395 1287 560 1358 παρᾶ
584 1286 727 1341 Θεοῦ
752 1304 766 1318 ο
811 1284 878 1359 ἦν
911 1288 1024 1360 γὰρ
1055 1289 1120 1361 δή
1162 1307 1266 1343 που
1306 1291 1458 1363 παρὰ
1500 1291 1636 1345 πολὺ
1660 1291 1910 1364 κρεῖττόν
1951 1307 2008 1348 τι

391 1380 497 1433 καὶ
529 1379 763 1450 ἄμεινον
795 1380 858 1434 τὸ
891 1381 1109 1454 ὲκείνην
1141 1381 1426 1454 νέμεσθαι,
1453 1384 1503 1437 εί
1535 1386 1631 1438 καὶ
1671 1385 1769 1438 σὺν
1819 1384 2012 1456 βραχεί

386 1471 455 1522 τὸ
493 1470 694 1541 χρῆμα
738 1470 1096 1542 κατωρθοῦτο
1135 1473 1304 1544 πόνῳ.
1368 1471 1588 1545 Ἐπειδὴ
1638 1473 1695 1527 δὲ
1742 1469 1876 1545 ἧκον
1930 1475 2012 1539 είς

391 1560 712 1629 Αἴγυπτον,
765 1558 936 1631 ᾤοντο
983 1562 1084 1632 μὲν
1134 1563 1266 1626 ἴσως
1327 1563 1425 1617 καὶ
1486 1564 1772 1635 διαδράναι
1824 1564 2010 1618 λοιπὸν

389 1653 532 1717 τοὺς
563 1651 712 1707 οἴκοι
758 1653 978 1719 πόνους,
1016 1647 1100 1718 οἷς
1129 1656 1224 1708 καὶ⁸
1256 1653 1368 1709 τῶν
1412 1655 1732 1727 παραυτίκα
1757 1656 2008 1727 τερπνῶν

389 1747 425 1817 ἡ
454 1745 724 1817 αἴσθησις
771 1745 927 1816 ἡδεῖά
954 1763 1074 1810 πως
1101 1741 1171 1818 ἦν
1203 1746 1409 1811 αὐτοῖς.
1458 1747 1782 1817 Διέρποντος
1828 1748 1886 1802 δὲ
1912 1749 2006 1803 τοῦ

2123 571 2192 610 ne
2215 558 2455 626 parcatis
2475 560 2650 614 oculis
2676 563 3116 632 supellectilibus
3135 570 3358 635 vestris,
3375 572 3504 640 quia
3524 576 3710 630 omnia

2121 643 2508 717 bona‘IEgypti
2534 649 2691 704 vobis
2723 663 2889 708 erunt
2919 653 2982 707 ⁸⁸.
3024 675 3042 707 ι
3108 657 3297 728 Itaque
3327 659 3710 734 Egyptiorum

2119 737 2376 808 princeps
2410 739 2496 793 his
2525 741 2699 794 otium
2721 752 2777 798 et
2791 745 3103 816 voluptates
3124 749 3540 810 amuentissime
3564 772 3706 826 pra:-

2118 827 2364 884 biturum
2394 847 2453 886 se
2491 832 2888 902 pollicebatur;
2916 839 3158 906 plaustra
3183 858 3402 913 quoque
3434 846 3707 918 largieba-

2120 929 2230 987 tur,
2257 930 2320 976 ut
2341 922 2485 988 illos,
2524 932 2586 978 ut
2620 934 2775 996 puto,
2811 927 3233 990 reformidantes
3266 937 3334 990 ad
3359 937 3706 997 descenden-

2116 1011 2249 1067 dum
2285 1015 2553 1072 alliceret.
2584 1017 2651 1071 Hi
2685 1033 2820 1073 vero
2851 1036 2981 1076 cum
3007 1025 3264 1082 universa
3296 1028 3502 1084 familia
3519 1033 3704 1088 statim

2115 1104 2543 1172 descenderunt,
2579 1109 3045 1178 temporariorum
3095 1113 3351 1170 ciborum
3394 1135 3555 1174 usum
3619 1138 3708 1176 ra-

2118 1196 2266 1252 tione
2312 1198 2499 1253 nescio
2556 1215 2686 1270 qua,
2729 1207 2888 1256 terra:
2939 1203 3262 1275 regionique
3319 1224 3350 1262 a
3406 1210 3519 1265 Deo
3564 1212 3706 1267 datae

2114 1289 2473 1360 praeferentes
2507 1309 2520 1344 :
2558 1292 2736 1347 multo
2787 1308 3026 1365 namque
3086 1297 3284 1354 melius
3314 1307 3478 1371 atque
3515 1303 3707 1358 utilius

2111 1387 2232 1434 erat
2270 1395 2338 1434 ex
2395 1380 2486 1434 illa
2552 1380 2659 1435 sibi
2710 1391 2930 1453 pastum
2983 1401 3256 1456 quaerere,
3314 1393 3567 1459 quamvis
3594 1409 3704 1447 non

2112 1471 2232 1526 sine
2285 1472 2471 1542 aliquo
2511 1473 2702 1531 labore
2742 1475 2811 1549 id
2843 1475 2983 1531 elIici
3039 1488 3247 1548 posset.
3313 1481 3510 1537 Postea
3570 1501 3704 1540 vero

2109 1579 2274 1633 quam
2295 1565 2350 1618 in
2387 1563 2682 1636 Egyptum
2710 1576 3005 1634 venerunt,
3045 1571 3316 1640 putabant
3364 1589 3424 1628 se
3470 1574 3704 1631 fortasse

2102 1656 2216 1727 jam
2247 1656 2504 1727 effugisse
2527 1657 2743 1712 labores
2767 1674 2906 1729 quos
2941 1659 3091 1717 domi
3125 1663 3450 1730 habuerant,
3476 1676 3705 1739 eratque

2110 1746 2219 1802 illis
2247 1749 2607 1818 praesentium
2663 1749 3010 1819 voluptatum
3059 1767 3255 1808 sensus
3301 1758 3698 1826 periucundus.

386 1839 622 1910 χρόνου,
659 1837 755 1891 τὸν
799 1838 973 1893 ἀκλεᾶ
1005 1839 1105 1910 τῆς
1128 1839 1380 1904 ’δουλείας
1417 1840 1708 1914 ὑποτρέχει
1741 1840 1928 1911 ζυγὸν,
1972 1842 2000 1913 ή

2111 1835 2216 1891 Sed
2262 1835 2555 1907 interjecto
2606 1845 2851 1908 tempore
2889 1840 3189 1896 multitudo
3242 1843 3333 1898 illa
3381 1845 3704 1914 jamindea

384 1930 612 1985 ἄνωθέν
653 1946 717 1982 τε
768 1929 867 1984 καὶ
909 1930 974 1983 ὲκ
1021 1931 1279 2003 πατέρων
1314 1931 1544 2005 εὐγενὴς
1593 1933 1688 1988 καὶ
1744 1931 2008 2004 ἐλευθέρα

383 2023 634 2096 πληθύς.
669 2021 886 2076 Οὐκοῦν
914 2024 962 2076 εί
996 2023 1228 2096 προσείη
1251 2027 1371 2095 μετ’
1400 2025 1702 2098 εὐημερίας
1731 2028 2008 2096 κοσμικῆς

382 2117 451 2171 τὸ
491 2116 874 2189 προσπίπτειν
909 2117 992 2184 είς
1038 2117 1108 2170 τὰ
1135 2118 1353 2189 αἰσχίω,
1385 2120 1776 2190 παραιτητέον,
1803 2113 1848 2172 ὦ
1881 2121 2005 2186 τᾶν,

382 2208 556 2279 εἰπερ
589 2207 714 2260 ἐστί⁹
739 2209 875 2279 παρ’
901 2208 1035 2279 ἡμῖν
1061 2209 1120 2261 ὲν
1150 2209 1296 2280 λόγῳ
1319 2208 1381 2262 τδ
1410 2208 1596 2263 ὲλεύθε
1607 2227 1718 2281 ρον,
1752 2209 2006 2281 βδελυρόν

380 2317 448 2352 τε
479 2299 580 2352 καὶ
613 2298 1033 2371 ἁπηχθισμένον
1082 2300 1144 2354 τὸ
1179 2301 1550 2373 δουλοπρεπὲς
1588 2303 1783 2376 χρῆμά
1814 2321 1876 2358 τε
1909 2305 2006 2359 καὶ

383 2393 680 2465 φρόνημαο
1624 2401 1648 2422 ⁸

461 2486 684 2542 ΠΑΛΛ.
704 2527 714 2549 ,.
731 2485 967 2557 Ἀριστα
994 2485 1155 2555 ἔφης.

460 2578 640 2633 ΚΥΡ.
684 2578 752 2632 Τί
791 2577 871 2644 δὲ,
908 2579 1030 2650 οὐχὶ
1059 2579 1282 2634 κάκεῖνό
1310 2597 1516 2652 φαμεν,
1557 2582 1619 2635 οὐ
1657 2583 1888 2655 μετρίαν
1924 2582 2005 2648 ὥς

379 2672 452 2740 γέ
490 2689 588 2744 μοι
616 2671 771 2726 δοκεῖ
805 2673 922 2736 τοῖς
949 2671 1155 2744 ἀρτίως
1189 2674 1325 2745 ἡμῖν
1357 2673 1673 2746 εἰρημένοις
1715 2675 2004 2732 συνωδίνον

379 2763 487 2835 τὴν
505 2763 738 2834 δνησιν;

458 2946 680 3002 nam.
724 2945 802 3000 Τδ
831 2944 998 2999 ποιτι
1023 2943 1150 3016 φῇς,

462 3039 634 3093 ΚΥΡ.
693 3037 983 3108 Ῥαψάκης
1038 3037 1067 3089 ὁ
1120 3034 1460 3100 Βαϐυλώνιος
1516 3035 1627 3090 τῶν
1701 3035 2003 3109 Ἀσσυρίων

388 3130 730 3202 στρατηγὸς,
755 3129 996 3202 ἀριθμοῦ
1034 3130 1324 3202 κρείττονα
1353 3129 1670 3204 δορυφόρων
1708 3129 1842 3182 ποτὲ
1864 3128 2002 3199 πλη-

393 3225 489 3279 θῦν
517 3223 849 3296 ὲπεσύρετο,
883 3219 988 3296 ἦκέ
1015 3241 1077 3278 τε
1115 3223 1520 3295 πολιορκήσων,
1560 3221 1762 3294 μᾶλλον
1791 3223 1870 3288 δὲ,
1904 3224 1999 3277 καὶ

394 3315 516 3368 λίαν
545 3315 818 3385 ἀμογητὶ,
854 3315 1038 3368 πᾶσαν
1065 3314 1129 3366 ἐκ
1159 3313 1379 3385 βάθρων
1407 3313 1657 3385 αἱρήσειν
1679 3309 1998 3382 ὑπειληφὼς

390 3410 493 3478 τὴν
513 3409 679 3478 άγίαν
712 3407 888 3462 πόλιν.
920 3403 1057 3462 Εἶτα
1084 3406 1422 3478 προεσάλευε
1439 3404 1550 3460 τῶν
1569 3405 1751 3460 ὃπλων
1777 3403 1876 3476 τὴν
1897 3405 1999 3458 οὐκ

381 3501 730 3572 ἀμελέτητον
753 3499 928 3571 αὐτῷ,
967 3499 1394 3571 κατειθισμένην
1417 3498 1474 3553 δὲ
1503 3498 1710 3571 σφόδρα
1736 3498 1880 3554 κατὰ
1901 3497 1997 3553 τοῦ

379 3591 523 3645 Θεοῦ
554 3589 969 3660 γλωσσαλγίαν.
1000 3588 1190 3661 Μυρία
1213 3589 1270 3642 δὲ
1298 3589 1400 3642 ὅσα
1428 3588 1770 3660 παλίμφημα
1797 3587 1994 3657 λέγων,

381 3683 814 3757 προσεπεφώνει
856 3683 918 3736 τὸ
945 3681 1259 3736 τελευταῖον
1303 3683 1418 3745 τοῖς
1456 3679 1556 3752 τὴν
1591 3680 1752 3750 ἁγίαν
1785 3679 1996 3735 οἰκοῦσι

378 3778 569 3832 πόλιν·
597 3796 616 3829 ι
639 3776 781 3831 Τάδε
799 3775 951 3845 λέγει
973 3776 1002 3828 ὁ
1024 3773 1280 3846 βασιλεὺς
1304 3772 1628 3845 Ἀσσυρίων·
1648 3773 1712 3827 Ei
1739 3770 1994 3843 βούλεσθε

378 3868 779 3941 εὐλογηθῆναι,
825 3864 1127 3937 πορεύεσθε
1160 3864 1298 3937 πρὸς
1337 3865 1426 3936 μὲ,
1459 3863 1556 3918 καὶ
1587 3863 1826 3934 φάγεσθε
1862 3862 1997 3917 ἕκα-

379 3977 513 4025 στος
547 3961 651 4030 τὴν
685 3959 933 4030 ἄμπελον
972 3956 1162 4023 αὐτοῦ,
1195 3956 1294 4010 καὶ
1323 3958 1422 4020 τὰς
1457 3956 1632 4019 συκᾶς
1665 3954 1854 4022 αὐτοῦ,
1899 3953 1995 4007 καὶ

379 4053 583 4108 πίεσθε
636 4051 784 4122 ὕδωρ
834 4049 929 4103 τοῦ
985 4048 1193 4103 λάκκου
1249 4047 1426 4119 ὑμῶν,
1462 4046 1570 4111 ἕως
1599 4045 1666 4101 ἂν
1689 4045 1850 4112 ἔλθω,
1899 4045 1996 4099 καὶ

375 4146 538 4202 λάϐω
588 4146 738 4216 ὑμᾶς
791 4144 874 4207 είς
924 4143 1052 4213 γῆν,
1106 4140 1185 4204 ὡς
1217 4141 1252 4212 ἡ
1294 4139 1368 4210 γῆ
1398 4139 1577 4209 ὑμῶν,
1617 4137 1691 4208 γῆ
1723 4139 1871 4191 σίτου
1899 4139 1996 4192 καὶ

374 4235 528 4292 οῐνου
560 4235 661 4289 καὶ
692 4233 875 4305 ἄρτων
901 4232 1002 4286 καὶ
1032 4229 1395 4303 ἀμπελώνων.
1420 4247 1440 4282 ι
1479 4228 1673 4300 Ἀθρει
1701 4228 1767 4300 δὴ
1792 4225 1887 4282 οὖν
1910 4228 1994 4282 ὅτι

374 4328 480 4384 καὶ
509 4326 683 4391 αὐτὸς
712 4323 1117 4394 ἐπαγγέλλεται
1141 4323 1243 4394 τὴν
1265 4321 1354 4376 ἐπ’
1374 4321 1609 4394 ἀμπέλῳ
1639 4339 1700 4376 τε
1732 4322 1830 4376 καὶ
1851 4321 1991 4392 συκῇ

372 4421 604 4493 τρυφήν
628 4436 690 4472 τε
719 4417 816 4472 καὶ
838 4415 1032 4490 τέρψιν
1061 4415 1374 4487 προσετίθει
1397 4415 1478 4482 δὲ,
1504 4416 1588 4470 ὅτι
1622 4433 1642 4468 ι
1667 4413 1780 4469 Καὶ
1799 4412 1991 4467 πίεσθε

373 4514 531 4585 ὕδωρ
561 4509 661 4565 τοῦ
694 4510 902 4565 λάκκου
929 4507 1109 4581 ὑμῶν.
1145 4527 1164 4560 ι

447 4691 674 4747 ΠΑΛΛ.
727 4688 892 4742 Ἀλλὰ
928 4688 985 4742 τί
1032 4688 1101 4743 ἂν
1153 4687 1399 4760 βούλοιτο
1452 4687 1624 4742 ταῦτα
1681 4685 1901 4757 δηλοῦν,
1941 4686 1991 4741 εί

368 4784 520 4854 πρὸς
549 4781 794 4852 θεωρίαν
820 4780 1011 4848 ἄγοιτο
1033 4781 1134 4852 τὴν
1154 4780 1572 4851 πνευματικήν;

442 4875 622 4930 ΚΥΡ.
663 4872 827 4928 Κατὰ
856 4873 1034 4927 διττὸν
1058 4871 1215 4944 οἶμαι
1239 4873 1443 4944 τρόπον
1474 4873 1507 4944 ἡ
1528 4873 1628 4944 τῆς
1653 4872 1990 4942 φαυλότητος

363 4972 430 5024 ἐν
473 4969 614 5039 ἡμῖν
645 4966 1083 5039 ἀποπεραίνεται
1125 4965 1377 5037 δύναμις.
1414 4967 1488 5021 Ἦ
1526 4966 1637 5038 γὰρ
1668 4969 1788 5030 ταῖς
1815 4964 1988 5037 θύρα-

361 5061 467 5116 θεν
515 5059 762 5130 ἡδοναῖς,
795 5058 829 5130 ἢ
873 5061 998 5123 ταῖς
1050 5057 1317 5130 ὲμφύτοις
1349 5059 1447 5114 καὶ
1498 5059 1558 5113 ὲν
1599 5060 1753 5130 ἡμῖν,
1779 5058 1884 5113 ὑπό
1925 5075 1987 5112 τε

355 5153 531 5224 σφῶν
559 5150 770 5215 αὐτῶν,
808 5151 905 5206 καὶ
936 5150 1044 5222 μὴν
1074 5151 1172 5205 καί⁹
1200 5149 1427 5221 ἐτέρων,
1463 5149 1735 5222 ἐντρυφᾷν
1758 5151 1987 5204 ἀναπει-

357 5247 622 5317 θόμενοι,
658 5243 796 5317 πρὸς
845 5244 956 5297 πᾶν
981 5241 1160 5297 ὁτιοῦν
1201 5241 1312 5295 τῶν
1340 5241 1761 5313 ἁπηχεστάτων,
1801 5241 1984 5295 διωλι-

358 5339 646 5410 σθηκότες
699 5337 881 5393 ἁλοῖεν
929 5336 1018 5403 ἂν,
1091 5338 1140 5390 oi
1192 5337 1332 5409 πρὸς
1389 5336 1667 5408 ἁμαρτίαν
1740 5333 1978 5389 εὔκολοι.

371 5431 683 5495 Ἐκδείξειε
728 5431 776 5484 δ’
818 5430 888 5484 ἂν
935 5430 1031 5483 καὶ
1074 5427 1234 5482 τοῦτο
1269 5430 1401 5500 ἡμῖν
1441 5427 1518 5491 ὡς
1567 5427 1712 5481 ἔστιν
1753 5426 1976 5498 ἀληθὲς,

355 5525 463 5580 τοῦ
489 5524 751 5595 Σωτῆρος
773 5525 802 5577 δ
821 5522 1095 5595 μαθητὴς,
1118 5521 1298 5592 ὠδίπη
1319 5520 1517 5590 λέγων,
1537 5521 1692 5574 «Ὅτι
1715 5521 1824 5575 πᾶν
1844 5520 1904 5573 τὸ
1922 5522 1980 5573 ὲν

353 5617 445 5690 τῷ
473 5616 700 5686 κόσμῳ,
739 5615 775 5686 ἡ
811 5613 1085 5686 ἐπιθυμία
1107 5613 1207 5684 τῆς
1248 5612 1475 5685 σαρκὸς,
1513 5611 1609 5666 καὶ
1636 5612 1671 5683 ή
1709 5609 1979 5681 ἐπιθυμία

434 5800 487 5833 ⁸³
523 5795 668 5854 Gen.
705 5811 828 5862 ιιγ,
871 5795 1062 5851 17-20.
1140 5795 1188 5828 δν
1225 5795 1295 5851 ιγ
1329 5793 1632 5867 Reg.xvm,
1663 5791 1753 5858 ⁵51,
1788 5791 1895 5860 52;
1943 5791 2000 5846 ls:

2100 5806 2270 5859 xxxv],
2311 5790 2399 5856 16,
2446 5791 2533 5845 17.

2109 1928 2226 1984 suis
2255 1929 2559 2000 majoribus
2588 1931 2826 2003 ingenua
2853 1946 2918 1986 ac
2977 1933 3173 2000 libera,
3237 1937 3373 1991 rude
3415 1939 3702 1996 servitutis

2102 2020 2298 2091 jugum
2325 2021 2523 2076 subiit.
2553 2022 2723 2093 Igitur
2754 2022 3033 2078 mundana
3058 2024 3311 2093 felicitas,
3364 2029 3455 2082 cui
3500 2029 3698 2100 adjun-

2107 2119 2230 2165 ctus
2272 2120 2359 2166 est
2412 2110 2504 2165 ille
2536 2112 2605 2166 ad
2676 2112 2922 2184 turpiora
2954 2117 3161 2185 lapsus,
3225 2121 3536 2189 respuenda
3590 2133 3696 2185 est,

2105 2202 2349 2268 Palladi,
2381 2203 2426 2258 si
2461 2219 2625 2273 quam
2657 2207 2927 2262 rationem
2956 2209 3232 2266 libertatis
3295 2211 3582 2278 habemus,
3642 2225 3700 2270 et

2105 2295 2386 2350 servitutis
2408 2303 2465 2349 et
2487 2311 2604 2351 rem
2632 2305 2689 2352 et
2712 2311 2934 2354 sens'um
2961 2316 3315 2358 exsecramur
3343 2314 3508 2376 atque
3539 2321 3699 2362 aver-

2105 2402 2311 2444 samur.

2175 2481 2374 2540 PALL.
2407 2483 2630 2556 Optime
2675 2484 2886 2542 dixisti.

2175 2573 2336 2632 CYR.
2370 2576 2515 2644 Quid
2545 2593 2680 2634 vero
2729 2579 2990 2650 prohibet
3036 2581 3339 2652 quominus
3365 2579 3502 2636 illud
3554 2597 3694 2652 quo-

2102 2683 2212 2740 que
2237 2667 2508 2738 dicamus,
2567 2671 2739 2743 quod,
2776 2681 2839 2728 ut
2883 2672 3022 2728 mihi
3052 2673 3278 2745 quidem
3314 2659 3560 2742 videtur,
3583 2691 3696 2732 non

2103 2760 2440 2818 mediocrem
2488 2764 2653 2820 simul
2691 2780 2819 2822 cum
2848 2764 2919 2822 iis
2949 2781 3075 2838 quae
3111 2767 3278 2823 modo
3310 2767 3555 2824 diximus
3583 2769 3718 2823 uti-.

2101 2850 2314 2908 litatem
2337 2853 2630 2910 continet?

2173 2945 2371 3001 PALL.
2397 2945 2672 3014 Quidnam
2702 2947 2841 3006 illud
2861 2949 2988 3004 est?

2170 3034 2330 3093 ΟΥΕ.
2395 3037 2671 3109 Rapsaces
2711 3038 3083 3111 Babylonius,
3137 3040 3489 3113 Assyriorum
3561 3043 3695 3108 dux,

2102 3131 2521 3186 multitudinem
2578 3132 2820 3187 militum
2895 3133 3245 3188 innumeram
3304 3144 3696 3203 contraxerat,

2103 3209 2441 3293 verferatque
2488 3233 2930 3296 oppugnaturus,
2974 3225 3085 3279 imo
3108 3240 3262 3292 vero,
3321 3237 3383 3282 ut
3419 3227 3537 3298 ipse
3589 3245 3700 3300 pu~

2105 3315 2274 3381 tabat,
2313 3316 2468 3371 nullo
2492 3317 2716 3389 negotio
2747 3327 2992 3373 sanctam
3017 3318 3298 3374 civitatem
3345 3335 3415 3375 ex
3447 3321 3573 3377 imis
3610 3338 3700 3378 se-

2101 3407 2267 3464 dibus
2304 3424 2602 3466 eversurus
2632 3410 2869 3467 :deinde
2900 3421 3198 3482 antequam
3235 3412 3341 3468 tela
3369 3414 3694 3485 conjiceret,

2099 3498 2335 3554 nimium
2382 3501 2740 3558 exercitatam
2795 3510 2852 3557 et
2913 3502 3240 3558 familiarem
3293 3503 3697 3576 blasphemiam

2101 3589 2366 3647 adversus
2400 3593 2576 3648 Deum
2613 3593 2874 3650 vibravit.
2915 3594 3107 3665 Itaque
3134 3610 3260 3651 cum
3293 3596 3468 3652 multa
3528 3598 3698 3656 male-

2100 3680 2247 3736 dicta
2289 3681 2636 3752 conjecisset,
2709 3681 2778 3749 ad
2837 3689 3150 3738 extremum
3207 3682 3320 3738 illis
3368 3681 3558 3738 verbis
3609 3687 3697 3737 est

2099 3769 2374 3825 allocutus
2416 3785 2515 3850 eos
2541 3770 2637 3840 qui
2683 3769 2742 3825 in
2806 3778 2996 3826 sancta
3050 3771 3276 3826 civitate
3329 3770 3692 3826 habitabant:

2108 3877 2126 3909 ι
2161 3857 2288 3914 Haec
2323 3858 2456 3914 dicit
2515 3874 2613 3914 rex
2644 3857 2997 3930 Assyriorum
3027 3877 3040 3913 :
3099 3858 3157 3914 Si
3213 3859 3383 3914 vultis
3415 3859 3693 3924 benedici,

2097 3950 2424 4022 egredimini
2464 3951 2534 4005 ad
2573 3966 2682 4026 me,
2715 3959 2772 4006 et
2797 3951 3070 4007 comedite
3099 3952 3478 4022 unusquisque
3524 3951 3695 4008 vitem

2096 4051 2353 4110 suam,et
2392 4041 2532 4098 ficus
2577 4057 2726 4108 suas,
2758 4050 2816 4098 et
2862 4043 3037 4098 bibite
3092 4057 3290 4112 aquam
3331 4042 3399 4097 de
3453 4043 3694 4098 cisterna

2094 4141 2300 4200 vestra,
2330 4133 2436 4204 19
2466 4147 2756 4203 quousque
2787 4133 3027 4197 veniam,
3050 4141 3107 4186 et
3132 4130 3461 4186 transferam
3494 4147 3594 4186 vos
3637 4132 3694 4188 in

2098 4235 2301 4283 terram
2321 4241 2444 4296 quas
2459 4231 2564 4290 est,
2596 4224 2742 4280 sicut
2765 4233 2914 4278 terra
2935 4230 3143 4289 vestra,
3171 4229 3320 4277 terra
3354 4220 3621 4276 frumenti
3636 4231 3694 4279 et

2093 4318 2232 4384 vini,
2272 4325 2329 4372 et
2387 4331 2594 4388 panum
2659 4325 2717 4372 et
2743 4315 3034 4372 vinearum
3068 4318 3136 4368 δ’.
3195 4333 3214 4367 ›
3260 4314 3398 4370 Vide
3427 4314 3596 4386 igitur
3634 4323 3693 4371 et

2094 4410 2246 4466 hunc
2289 4408 2541 4481 polliceri
2583 4409 2688 4464 sub
2749 4409 2860 4464 vite
2904 4416 2962 4464 et
3013 4407 3118 4462 ficu
3149 4407 3491 4478 voluptatem
3523 4415 3692 4478 atque

2019 4537 2066 4594 Β
2095 4502 2543 4559 oblectationem.
2582 4501 2723 4558 Illud
2769 4517 2936 4574 porro
2973 4499 3195 4573 adjecit,
3229 4519 3248 4553 ι
3287 4500 3466 4558 Bibite
3488 4517 3688 4572 aquam

2093 4595 2164 4652 de
2191 4597 2313 4652 lacu
2335 4603 2546 4652 vestro.
2585 4613 2604 4647 ι
3131 4645 3133 4647 ,

2161 4685 2359 4742 PALL.
2425 4686 2536 4742 Sed
2589 4686 2855 4758 quidnam
2910 4686 3028 4742 haec
3083 4686 3192 4743 sibi
3253 4687 3468 4754 volunt,
3510 4688 3557 4742 si
3616 4687 3688 4743 ad

2014 4822 2023 4830 .
2089 4779 2435 4851 spiritualem
2478 4778 2999 4849 contemplationem
3030 4778 3472 4835 transferantur?

2158 4872 2316 4929 CYR.
2347 4872 2597 4938 Duobus,
2633 4880 2696 4928 ut
2727 4871 2993 4939 arbitror,
3012 4872 3192 4929 modis
3220 4873 3484 4944 nequitiae
3511 4872 3597 4929 vis
3628 4873 3686 4936 in

2085 4965 2250 5022 nobis
2288 4964 2599 5036 perficitur.
2649 4964 2759 5019 Aut
2784 4964 2934 5019 enim
2972 4965 3220 5020 externis
3283 4965 3684 5037 voluptatibus,

2085 5068 2182 5115 aut
2204 5057 2388 5113 insitis
2420 5067 2588 5129 atque
2619 5058 2675 5112 in
2714 5058 2878 5115 nobis
2928 5058 3289 5125 haerentibus,
3320 5059 3575 5114 homines
3612 5059 3684 5118 ad

2082 5148 2427 5218 peccandum
2462 5147 2652 5203 faciles
2677 5148 2763 5203 vel
2824 5163 2925 5204 sua
2960 5158 3176 5219 sponte,
3209 5148 3299 5203 vel
3334 5148 3405 5202 ab
3445 5148 3568 5203 aliis
3612 5147 3682 5204 ad

2083 5239 2482 5295 oblectationes
2510 5238 2900 5311 percipiendas
2945 5237 3216 5309 persuasi,
3287 5237 3354 5292 ad
3391 5236 3684 5298 absurdis-

2088 5333 2229 5389 sima
2275 5348 2507 5403 quaeque
2561 5332 2699 5403 lapsi
2751 5347 2873 5387 esse
2915 5325 3408 5401 deprehenduntur
3454 5348 3467 5385 :
3515 5331 3686 5401 idque

2089 5442 2283 5482 verum
2316 5441 2438 5482 esse
2475 5426 2567 5482 ille
2609 5423 2912 5481 Salvatoris
2951 5422 3128 5478 nostri
3154 5422 3460 5494 discipulus
3487 5432 3683 5480 osten-

2087 5517 2171 5572 dit
2226 5517 2314 5571 bis
2342 5515 2528 5571 verbis
2561 5533 2575 5570 :
2625 5534 2642 5566 ι
2679 5512 2857 5570 Omne
2895 5511 3044 5585 quod
3099 5513 3270 5568 estin
3301 5513 3546 5579 mundo,
3587 5521 3684 5569 aut

2087 5608 2540 5680 concupiscentia
2566 5609 2754 5664 carnis
2775 5615 2882 5675 est,
2912 5615 3010 5663 aut
3041 5607 3496 5680 concupiscentia
3549 5619 3683 5662 ocu-

3112 5906 3185 5918 -w
3233 5911 3244 5916 -
3348 5905 3364 5914 ρ
3411 5908 3428 5914 -.
3451 5905 3510 5913 ηας.
3528 5907 3531 5909 -
3548 5897 3687 5913 Qua-.-
