4172 6446
552 336 654 395 I65

1577 333 1631 385 S.
1675 331 1952 386 CYRILLI
1995 330 2468 386 ALEXANDRINI
2507 328 2823 384 AﬂCﬂIEP.

3713 335 3813 393 164

548 452 748 511 lorum,
785 457 880 502 aut
903 445 1162 516 superbia
1196 445 1322 498 vita:
1349 444 1413 496 ”.
1442 463 1459 494 ›
1495 443 1662 498 Insita
1698 460 1935 515 namque
1959 455 2042 500 est
2074 456 2124 500 et

2229 444 2340 496 τῶν
2368 443 2682 516 ὀφθαλμῶν,
2712 443 2806 496 καὶ
2843 443 2877 514 ὴ
2905 441 3195 506 ἀλαζονεία
3226 440 3321 496 τοῦ
3358 441 3496 514 βίου.
3536 463 3556 495 ι
3595 439 3810 518 Ἐμφυ-
3836 523 3848 532 ο

549 541 604 593 in
640 539 802 592 nobis
827 538 960 608 ipsis
986 536 1150 590 inﬁxa
1182 545 1238 590 et
1260 536 1475 589 haerens
1506 536 1951 605 concupiscentia
2007 553 2130 591 car-

547 630 662 693 nis,
696 643 928 697 eamque
954 629 1164 697 peccati
1192 628 1368 697 legem
1410 627 1608 680 beatus
1656 643 1879 698 quoque
1930 629 2132 683 Paulus

546 721 783 790 appellat
814 723 882 784 ⁸¹,
907 720 1245 774 habitantem
1282 719 1339 774 in
1366 720 1628 774 membris
1655 721 1856 774 carnis.
1879 721 2134 776 Externa:

546 820 728 866 autem
757 811 1065 881 voluptates
1101 817 1267 880 atque
1295 809 1611 864 adventitiaa
1640 811 2033 866 oblectationes
2054 824 2133 865 ea:

547 909 675 954 sunt
723 915 844 969 quae
887 901 1174 954 oculorum
1225 914 1389 953 sensu
1447 899 1846 970 percipiuntur.
1903 902 2134 955 Divitias

545 991 692 1046 enim
731 1008 832 1061 per
870 992 1062 1046 oculos
1096 990 1443 1044 admirantur
1487 990 1758 1057 homines,
1793 1008 2004 1046 necnon
2035 1008 2131 1047 ve-

546 1081 713 1133 stium
777 1081 1130 1151 Splendorem
1189 1083 1513 1152 reliquaque
1571 1083 1626 1137 id
1689 1099 1860 1154 genus
1927 1085 2134 1154 quibus

546 1172 754 1226 addicti
787 1173 1207 1239 suntnonnulli,
1242 1183 1502 1245 tanquam
1531 1175 1890 1231 suavissimus
1912 1177 2130 1233 illorum

544 1264 618 1319 sit
647 1281 800 1328 usus,
831 1265 1192 1320 vehementer
1246 1267 1502 1336 probant.
1536 1267 1680 1337 Ergo
1719 1266 1847 1320 vitis
1883 1267 2130 1336 quidem,

543 1364 599 1408 et
625 1355 760 1409 ﬁcus
792 1363 1034 1409 externae
1057 1356 1208 1411 illius
1230 1367 1287 1412 et
1306 1357 1620 1414 adventitize
1643 1357 2031 1412 delectationis
2066 1374 2130 1412 ac

544 1447 840 1515 voluptatis
876 1447 1102 1518 figuram
1132 1463 1242 1502 non
1276 1448 1517 1502 absurde
1548 1457 1760 1512 tenent,
1816 1463 1941 1502 cum
1966 1447 2130 1501 simul

544 1551 730 1590 rerum
779 1553 900 1606 quae
958 1537 1015 1590 in
1070 1537 1277 1591 mundo
1347 1546 1493 1602 sunt,
1553 1539 1776 1592 brevem
1820 1536 2131 1605 ﬁuxamque

543 1633 816 1689 naturam,
846 1641 1064 1694 unaque
1104 1625 1451 1681 dulcedinem
1493 1628 1844 1697 conjunctam
1903 1642 2029 1679 cum
2063 1642 2128 1680 ea

544 1716 599 1768 vi
651 1730 774 1784 quae
829 1724 994 1785 caput
1033 1725 1224 1780 tentet,
1267 1725 1324 1770 et
1377 1717 1634 1772 tenebras
1688 1717 1956 1779 oﬁ‘undat,
2015 1732 2126 1771 non

543 1807 881 1876 ineleganter
919 1807 1210 1861 ostendant
1263 1826 1274 1859 :

541 1898 722 1951 omnis
751 1899 966 1952 dulcem
1008 1899 1173 1954 habet
1197 1901 1263 1952 ad
1298 1916 1539 1968 prazsens
1569 1899 1652 1954 sui
1677 1900 2122 1970 perceptionem;

541 1987 638 2043 sed
693 1988 966 2044 fruentem
995 1989 1258 2054 obcaecat,
1314 2001 1371 2044 et
1429 1991 1672 2060 graviter
1729 1991 1974 2045 inebriat
2055 1992 2125 2046 At

541 2094 673 2133 vero
704 2080 855 2134 lacus
876 2079 1046 2150 ﬁgura
1076 2090 1162 2136 est
1194 2081 1487 2136 insitorum
1524 2082 1577 2135 in
1631 2081 1789 2135 nobis
1835 2091 2081 2135 motuum
2108 2099 2120 2147 ;

539 2184 720 2240 neque
776 2171 922 2224 enim
949 2173 1239 2226 adventitii
1278 2181 1409 2226 sunt
1461 2173 1518 2225 hi
1556 2171 1809 2226 similiter
1834 2182 1998 2242 atque
2023 2173 2124 2238 illi,

541 2260 635 2314 sed
687 2261 741 2315 in
775 2262 938 2317 nobis
978 2264 1130 2318 velut
1171 2279 1201 2318 e
1235 2263 1394 2318 fonte
1439 2271 1683 2328 manant,
1739 2280 1864 2318 cum
1891 2280 1958 2318 ex
2011 2265 2127 2334 ipsa

539 2358 727 2405 nostra
803 2366 971 2406 carne
1020 2355 1343 2407 scaturiant.
1401 2353 1606 2406 IIarum
1663 2353 1827 2423 igitur
1880 2356 2126 2408 omnium

540 2451 650 2494 tam
698 2444 1033 2496 naturalium
1081 2459 1245 2513 quam
1294 2443 1724 2498 adventitiarum
1782 2443 2126 2514 voluptatum

539 2530 770 2585 liberam
837 2533 1000 2586 nobis
1047 2534 1455 2606 perceptionem
1483 2575 1498 2600 ,
1552 2534 2128 2605 aﬁluentissimamque

539 2622 965 2680 oblectationem
1012 2626 1133 2681 fore
1179 2628 1438 2698 inquiunt
1496 2627 1601 2682 illae
1644 2628 1994 2698 nequissima:
2026 2643 2128 2700 po-

541 2721 790 2779 testates,
819 2716 864 2769 si
887 2717 1230 2772 continentia
1263 2717 1541 2780 videlicet,
1581 2718 1732 2773 velut
1757 2728 1943 2772 sancta
1965 2728 2128 2790 atque

542 2799 852 2858 ﬁrmissima
898 2805 1122 2860 civitate
1182 2806 1407 2870 relicta,
1467 2806 1534 2860 ad
1581 2822 1765 2877 regem
1816 2807 2125 2879 Babylonis,

539 2892 636 2960 qui
681 2891 855 2962 ﬁgura
901 2902 986 2948 est
1041 2895 1291 2961 Satanae,
1333 2911 1434 2950 nos
1476 2898 1892 2954 contulerimus.
1939 2899 2129 2968 Itaque

541 2979 816 3050 Rapsaces
843 2984 1068 3052 quidem
1123 2986 1408 3057 indulgere
1450 2988 1560 3043 illis
1589 2997 1917 3059 praesentem
1968 2991 2126 3046 volu-

541 3078 765 3138 ptatem,
793 3073 955 3143 eique
979 3089 1038 3129 se
1059 3076 1401 3146 adjecturum
1433 3078 1542 3148 20
1559 3066 1946 3148 pollicebatur,
1983 3082 2027 3136 si
2057 3081 2128 3136 ad

2230 553 2325 598 τος
2351 536 2459 606 γὰρ
2489 536 2580 588 καὶ
2609 535 2666 588 ἐν
2691 537 2823 606 ἡμῖν
2850 535 3035 598 αὐτοῖς
3063 535 3408 606 ἐρῤιζωμένη
3449 538 3545 590 καὶ
3579 539 3814 608 μένουσα

2232 626 2330 695 τῆς
2362 627 2564 697 σαρκὸς
2609 625 2956 697 ἡέπιθυμία,
2989 626 3154 698 νόμον
3193 626 3250 679 δὲ
3297 627 3468 700 αὐτὴν
3513 630 3811 701 ἁμαρτίαςν

2233 717 2376 769 καὶὸ
2408 717 2550 780 θεῖος
2599 718 2732 788 ἡμῖν
2775 715 3025 787 ὠνόμαζε
3077 717 3308 781 Παῦλος,
3357 719 3667 773 ἐνοικοῦντα
3703 724 3814 786 τοῖς

2236 808 2422 878 μέλεσι
2462 809 2560 880 τῆς
2588 809 2811 880 σαρκός.
2843 809 3077 880 Τέρψεις
3126 808 3184 861 δὲ
3226 810 3320 863 καὶ
3363 810 3547 881 ἡδοναὶ
3579 810 3814 884 θύραθέν

2232 916 2290 952 τε
2319 903 2414 954 καὶ
2451 901 2926 970 είσπεποιημέναι,
2957 899 3026 953 τὰ
3056 900 3124 953 δι’
3143 901 3428 972 ὀμμάτων.
3464 904 3812 976 Θαυμάξεται

2231 992 2340 1062 γὰρ
2381 991 2450 1044 τὰ
2482 993 2546 1044 ἐκ
2588 990 2820 1043 πλούτου
2848 990 2914 1042 δι’
2947 990 3267 1061 ὀφθαλμῶν,
3314 993 3412 1046 καὶ
3461 994 3570 1066 μὴν
3594 995 3690 1048 καὶ
3720 996 3812 1049 εύ-

2234 1079 2467 1149 ιματίαι,
2501 1079 2597 1133 καὶ
2626 1081 2694 1133 τὰ
2724 1075 2803 1144 οἷς
2835 1078 2900 1133 ἂν
2929 1082 3280 1152 προσκέοιντό
3306 1100 3472 1148 τινες,
3497 1084 3573 1148 ὡς
3591 1085 3814 1156 ἡδίστην

2230 1170 2408 1239 ἔχοιεν
2461 1171 2560 1242 τὴν
2609 1170 2926 1236 ἀπόλαυσιν,
2983 1170 3165 1240 ψῆφον
3221 1172 3405 1236 αὐτοῖς
3459 1174 3562 1226 οὐκ
3610 1176 3812 1245 ἀγεννῆ

2229 1259 2577 1330 δωρούμενοι.
2630 1261 2860 1324 Οὐκοῦν,
2903 1261 3145 1332 ἄμπελος
3199 1263 3298 1333 μὲν
3355 1264 3449 1320 καὶ
3505 1265 3669 1334 συκῆ,
3711 1267 3814 1336 τῆς

2231 1349 2428 1415 ἔξωθέν
2463 1369 2518 1402 τε
2543 1351 2636 1404 καὶ
2656 1353 3118 1423 είσπεποιημένης
3140 1353 3381 1424 τέρψεως
3404 1371 3462 1407 τε
3486 1355 3578 1408 καί
3598 1356 3814 1426 τρυφῆς

2231 1435 2343 1494 εἶεν
2368 1441 2433 1494 ἂν
2462 1442 2542 1504 εἰς
2569 1427 2741 1495 τύπον
2767 1443 2904 1513 ἐμοῦ
2939 1443 3050 1498 τῶν
3077 1445 3136 1496 ἐν
3164 1445 3355 1514 κόσμῳ
3384 1447 3724 1516 πραγμάτων
3751 1448 3814 1500 τὸ

2229 1531 2564 1603 πρόσκαιρόν
2615 1551 2674 1586 τε
2727 1534 2822 1587 καὶ
2873 1535 3215 1605 εύμάραντον
3273 1537 3505 1598 ἀστείως
3560 1537 3814 1592 καταδειει

2229 1619 2510 1685 κνύουσαι,
2551 1623 2644 1675 καὶ
2673 1622 2772 1675 σὺν
2803 1622 2942 1693 τῷδε
2997 1624 3057 1676 τὸ
3095 1624 3266 1692 γλυκὺ
3296 1624 3436 1694 μετά
3463 1624 3558 1678 τοῦ
3587 1627 3815 1684 σκοτοῦν

2228 1714 2500 1778 εἰωθότος..
2536 1714 2727 1786 Τρυφὴ
2761 1715 2859 1786 μὲν
2892 1717 3000 1789 γὰρ
3029 1718 3216 1770 ἆπασα
3249 1718 3507 1789 κοσμικὴ,
3553 1719 3812 1788 γλυκεῖαν

1329 1809 1534 1862 etenim
1567 1809 1838 1862 mundana
1876 1809 2124 1876 voluptas

2231 1805 2328 1874 μὲν
2360 1804 2472 1875 ἔχει
2515 1806 2614 1876 τὴν
2648 1807 2960 1876 παραυτίκα
2995 1808 3232 1880 μέθεξιν,
3280 1813 3462 1862 σκοτεῖ
3497 1810 3555 1863 δὲ
3590 1810 3654 1880 δὴ
3688 1810 3813 1863 λίαν

2227 1897 2322 1951 καὶ
2390 1891 2723 1968 ἐκμεθύσκει
2791 1898 2980 1961 δεινῶς
3025 1898 3118 1952 τὸν
3169 1899 3569 1968 είσδεδεγμένον
3617 1900 3812 1968 αὑτήν.
3890 1958 3894 1962 ,

2226 1984 2404 2039 Είκὼν
2431 1985 2486 2038 δὲ
2513 1987 2540 2039 ὁ
2567 1984 2766 2050 λάκκος
2789 1985 2896 2039 τῶν
2919 1986 3176 2058 ἐμφύτων
3197 2003 3257 2040 τε
3289 1985 3384 2040 καὶ
3407 1988 3464 2039 ἐν
3492 1988 3622 2057 ἡμῖν
3651 2003 3810 2058 κινη-

2230 2077 2434 2146 μάτων.
2468 2077 2543 2130 Οὐ
2574 2076 2680 2148 γὰρ
2709 2076 3090 2148 εἰσπεποίηται
3129 2077 3289 2131 ταυτὶ
3316 2075 3570 2150 καθάπερ
3601 2079 3810 2142 ἐκεῖνα,

2229 2168 2466 2238 πηγάξει
2489 2168 2545 2222 δέ
2576 2169 2764 2241 ὥσπερ
2787 2173 2844 2224 ἐν
2868 2171 3024 2240 ἡμῖν,
3049 2171 3107 2236 ἐξ
3128 2169 3301 2239 αὐτῆς
3325 2168 3668 2240 ἀνασρύοντα
3710 2170 3816 2239 τῆς

2230 2261 2452 2332 σαρκός.
2495 2261 2714 2316 Τούτων
2755 2256 2846 2316 οὖν
2879 2263 3136 2316 ἀπάντων
3182 2260 3425 2331 φυσικῶν
3479 2277 3540 2314 τε
3578 2261 3673 2316 καὶ
3711 2263 3817 2315 ἐπ-

2229 2351 2432 2416 ακτῶν,
2465 2351 2754 2423 ἐλευθέραν
2778 2354 2908 2422 ἡμῖν
2929 2352 3028 2421 τὴν
3053 2350 3288 2421 μέθεξιν,
3317 2351 3410 2404 καὶ
3436 2349 3696 2403 πλατεῖαν
3720 2367 3817 2404 κο-

2232 2443 2360 2514 μιδῇ
2391 2443 2490 2514 τὴν
2531 2443 2851 2508 ἀπόλαυσιν,
2905 2442 3122 2495 ἔσεσθαί
3169 2459 3332 2511 φασιν
3361 2443 3418 2494 αί
3450 2442 3684 2511 πονηραὶ
3717 2441 3814 2494 δυ-

2228 2535 2441 2604 νάμεις,
2476 2535 2526 2587 εί
2559 2533 2806 2606 καθάπερ
2832 2533 2992 2602 ἁγίαν
3016 2533 3110 2586 καὶ
3136 2534 3528 2589 ἀκατὰσειστον
3566 2534 3768 2588 καταλε
3786 2564 3804 2573 -

2229 2622 2476 2688 λοιπότες
2523 2623 2699 2687 πόλιν,
2745 2624 2844 2696 τὴν
2900 2623 3248 2694 ἐγκράτειαν,
3314 2626 3815 2697 προσχωρήσαιμεν

2228 2713 2308 2784 τῷ
2352 2713 2563 2784 βασιλεῖ
2610 2713 2950 2779 Βαϐυλῶνος,
2985 2715 3044 2779 ὃς
3083 2710 3151 2786 ἦν
3177 2717 3236 2769 ἐν
3256 2715 3413 2787 τύπῳ
3445 2716 3539 2770 τοῦ
3572 2717 3812 2772 Σατανᾶ.

2243 2805 2382 2860 Ἀλλ’
2411 2808 2439 2860 ὁ
2465 2806 2562 2878 μὲν
2602 2807 2904 2878 Ῥαψάκης,
2933 2807 2994 2860 τὸ
3025 2807 3337 2879 παραυτίκα
3372 2808 3622 2880 τερπνὸν,
3663 2811 3815 2864 ἀνεῖ-

2231 2897 2318 2951 ναί
2347 2915 2409 2952 τε
2461 2899 2643 2962 αὐτοῖς
2680 2900 2774 2952 καὶ
2821 2899 3108 2953 ἐπιδώσειν
3153 2900 3523 2970 ἐπηγγέλλετο
3569 2918 3812 2973 προσκε-

2232 2990 2510 3062 χωρηκόσι
2563 2993 2679 3055 τοῖς
2729 2991 3112 3055 Βαϐυλωνίοις.
3171 2992 3234 3046 Oi
3277 2993 3335 3046 δέ
3379 2994 3480 3047 ούκ
3533 2994 3814 3048 ἐπείθοντο

2232 3082 2555 3152 φρονοῦντες
2608 3081 2804 3154 ὀρθῶς,
2869 3083 3059 3154 ἕψεται
3108 3083 3216 3156 γὰρ
3261 3086 3480 3150 πάντως
3516 3085 3594 3156 τῷ
3632 3085 3813 3139 θέλειν

541 3161 865 3235 Babylonios
883 3165 1216 3222 defecissent
1243 3169 1337 3221 :‘at
1353 3168 1431 3222 illi
1457 3147 1582 3224 cum
1599 3181 1875 3241 saperent.
1899 3171 2124 3227 minime

2231 3147 2445 3228 ἐλέσθαι
2471 3173 2540 3228 τά
2559 3147 2816 3246 κοσμικά,
2848 3147 3134 3247 τδχρῆναί
3161 3147 3348 3232 πεσεῖν
3378 3147 3473 3244 είς
3485 3147 3810 3250 ἀνεθέλητον

540 3248 592 3303 id
620 3251 723 3305 sibi
763 3253 1084 3322 persuaderi
1109 3256 1253 3324 passi
1289 3265 1434 3310 sunt.
1478 3257 1581 3323 Qui
1623 3259 1772 3313 enim
1820 3260 2127 3316 mundanas

2232 3264 2497 3328 δουλείαν,
2533 3266 2628 3320 καὶ
2653 3268 2710 3318 ἐν
2736 3266 3083 3337 δορυκτήτων
3113 3268 3365 3336 γενέσθαι
3386 3269 3556 3336 τάξει.

539 3344 846 3414 voluptates
877 3347 1068 3402 volens
1111 3358 1374 3413 sectatur,
1441 3365 1566 3404 eum
1607 3353 1693 3406 vel
1733 3355 2011 3408 nolentem
2060 3364 2280 3424 oportet
2316 3358 2374 3412 in
2414 3359 2734 3413 servitutem
2775 3359 3038 3425 incidere,
3079 3369 3136 3416 et
3199 3362 3255 3416 in
3295 3364 3638 3434 captivorum
3702 3379 3811 3420 nu-

537 3451 693 3492 mero
725 3440 961 3494 censeri.

610 3530 808 3587 PALL.
842 3531 983 3588 Vera
1007 3531 1163 3588 dicis.
1201 3533 1309 3589 Sed
1339 3535 1444 3590 hoc
1478 3535 1612 3588 mihi
1645 3535 1853 3591 dictum
1911 3539 2079 3592 velim
2102 3578 2116 3602 ,

538 3622 814 3694 quomodo
842 3623 910 3677 de
934 3624 1101 3678 tantis
1125 3624 1284 3678 malis
1312 3625 1451 3694 eripi
1472 3625 1763 3695 possimus.

609 3712 770 3766 CYR.
806 3711 1053 3777 Quonam
1083 3713 1193 3767 alio
1224 3714 1409 3777 modo,
1439 3714 1547 3766 nisi
1569 3715 1644 3767 illi
1680 3715 1850 3792 priori
1906 3727 2123 3772 contra-

541 3803 661 3856 rio?
682 3802 817 3856 Nam
851 3817 976 3856 cum
1007 3811 1326 3857 nostrarum
1350 3803 1694 3857 voluntatum
1729 3807 2023 3860 momentis
2053 3807 2122 3860 ad

539 3892 709 3945 vitam
749 3891 985 3961 turpiter
1037 3891 1305 3962 agendam
1344 3891 1840 3960 propenderemus,
1881 3903 1938 3948 et
1977 3895 2125 3949 illam

540 3981 795 4051 perfectae
831 3982 957 4036 vitae
981 3981 1311 4051 elegantiam
1361 3981 1772 4052 abjecissemus,
1807 3984 1876 4038 ad
1910 3985 2126 4056 ignobi-

541 4071 648 4125 lem
678 4086 742 4125 ac
768 4070 1025 4125 servilem
1049 4069 1296 4123 animum
1322 4069 1564 4140 prolapsi
1590 4085 1800 4136 sumus,
1844 4088 1970 4127 cum
2011 4075 2124 4129 sola

540 4176 605 4215 ea
638 4176 760 4230 quae
787 4175 954 4230 super
984 4168 1190 4215 terram
1227 4169 1356 4215 sunt
1399 4175 1753 4230 saperemus,
1795 4172 1959 4234 atque
2002 4181 2122 4218 om-

540 4253 706 4308 nibus
754 4252 935 4308 modis
990 4252 1171 4308 carnis
1227 4253 1607 4324 voluptatibus
1651 4254 2114 4310 incumberemus.

541 4344 728 4414 Itaque
757 4343 1008 4413 permisit
1049 4344 1194 4398 Deus
1237 4353 1297 4400 ut
1329 4345 1384 4398 in
1419 4345 1716 4414 reprobum
1768 4362 1989 4401 sensum
2019 4348 2116 4402 de-

541 4433 872 4488 laberemur.

2299 3537 2506 3592 ΠΑΛΛ.
2562 3536 2822 3607 ’Δτρεκὴς
2851 3538 2880 3590 ὁ
2899 3537 3074 3605 λόγος.
3103 3537 3198 3602 Τίς
3217 3539 3262 3591 δ’
3287 3539 3354 3593 ἂν
3369 3542 3578 3610 γένοιτο
3601 3546 3810 3600 τούτων

2227 3632 2261 3700 ἡ
2293 3630 2464 3692 λύσις,
2493 3629 2568 3691 ὡς
2598 3629 2792 3698 ἦδιστα
2823 3629 2890 3682 ἂν
2915 3630 3161 3700 ἐρομένῳ
3195 3633 3417 3702 φράσον.

2299 3721 2463 3776 ΚΥΡ.
2505 3719 2601 3782 Τίς
2629 3719 2676 3772 δ’
2700 3719 2767 3773 ἂν
2795 3720 2957 3792 ἐτέρα
2989 3720 3140 3792 παρὰ
3164 3722 3264 3792 τὴν
3293 3723 3550 3788 ἐναντίως
3579 3725 3810 3796 ἔχουσαν

2228 3811 2293 3880 τῇ
2330 3809 2521 3882 πρώτῃ
2563 3809 2657 3862 καὶ
2697 3809 2755 3862 ἐν
2783 3811 3010 3880 ἀρχαῖς;
3057 3809 3277 3874 Ῥοπαῖς
3321 3812 3430 3884 γάρ
3481 3813 3624 3867 ίδίων
3672 3817 3810 3869 ἀπο-

2229 3899 2475 3962 νεύοντες
2505 3899 2849 3969 θελημάτων,
2892 3899 2985 3952 ἐπὶ
3014 3901 3074 3952 τὸ
3123 3899 3272 3970 βιοῦν
3310 3901 3512 3956 ἐθέλειν
3541 3906 3807 3975 αίσχρῶς,

2229 3993 2452 4062 καὶτῆς
2495 3992 2798 4064 ἀμωμήτου
2841 3991 3116 4056 πολιτείας
3160 3994 3259 4065 τὴν
3305 3995 3623 4069 ἅστειότητα
3667 4017 3810 4071 παρ.

2228 4082 2554 4152 ωθούμενοι,
2592 4082 2729 4153 πρὸς
2754 4083 2954 4153 ἀγεννῆ
2979 4084 3075 4136 καὶ
3105 4084 3484 4159 ἀνδραποδώδη
3513 4091 3806 4145 πεπτώκα-

2229 4188 2328 4240 μεν
2360 4170 2504 4236 νοῦν,
2540 4171 2676 4242 μόνα
2705 4172 3028 4242 φρονοῦντες
3051 4173 3120 4230 τά
3152 4176 3242 4228 ἐπὶ
3268 4175 3365 4246 τῆς
3389 4177 3514 4247 γῆς,
3548 4179 3642 4234 καὶ
3681 4184 3804 4245 ταῖς

2227 4265 2323 4332 τῆς
2379 4262 2578 4334 σαρκὸς
2631 4263 2842 4334 ἡδοναῖς
2893 4264 3201 4334 ὀλοτρόπως
3228 4266 3556 4337 ἐγκείμενοι.
3585 4267 3802 4344 Ταύτῃ-

2224 4369 2308 4406 τοι
2335 4352 2520 4407 λοιπὸν
2550 4355 2644 4408 καὶ
2669 4354 3003 4409 κατολισθεῖν
3034 4357 3182 4426 ἡμᾶς
3210 4357 3359 4428 ἠφίει
3393 4358 3548 4424 Θεὸς,
3583 4363 3662 4425 είς
3683 4362 3804 4416 d66-

2225 4459 2385 4513 κιμον
2411 4460 2556 4497 νουν.

610 4522 807 4577 PALL.
842 4521 1130 4579 Contraria
1163 4523 1330 4596 igitur
1357 4523 1712 4579 cursu'nobis
1740 4532 1826 4578 est
1845 4523 1911 4578 ad
1942 4525 2116 4579 virtu-

2295 4529 2504 4590 ΠΑΛΛ.
2546 4534 2938 4606 Παλινδρομεῖν
2967 4528 3062 4589 οὖν
3087 4535 3195 4606 ἄρα
3236 4536 3372 4608 πρὸς
3393 4537 3593 4610 ἀρετὴν
3628 4540 3798 4610 ἀναγ-

541 4622 651 4668 tem
686 4613 1044 4670 remeandum
1069 4616 1094 4667 ?

605 4703 765 4762 CYR.
803 4707 872 4762 Et
898 4707 1124 4777 quidem
1154 4706 1303 4761 nulla
1332 4703 1658 4774 interposita
1689 4719 1861 4770 mora,
1888 4705 2114 4771 Palladi,

538 4793 616 4850 ita
659 4804 722 4850 ut
751 4795 913 4852 nobis
955 4795 1290 4851 mundanam
1337 4793 1483 4848 hanc
1516 4792 1683 4846 vitam
1720 4808 1832 4848 non
1864 4809 1984 4851 esse
2018 4812 2114 4850 ex-

536 4884 832 4954 petendam
864 4885 1150 4949 ducamus,
1167 4885 1324 4954 juxta
1356 4881 1490 4935 illud
1512 4921 1526 4946 ,
1567 4881 1715 4951 quod
1754 4892 1840 4938 est
1881 4901 1912 4940 a
1946 4886 2115 4942 Paulo

538 4977 797 5044 praeclare
822 4977 1062 5032 dictum:
1101 4994 1119 5025 ‹
1148 4973 1346 5028 Mortui
1365 4972 1512 5028 enim
1541 4974 1697 5038 estis,
1715 4983 1771 5030 et
1797 4977 1908 5032 vita
1933 4988 2114 5034 vestra

535 5065 859 5120 abscondita
888 5074 974 5120 est
1009 5079 1136 5118 cum
1157 5062 1377 5118 Christo
1408 5063 1464 5116 in
1494 5063 1607 5118 Deo
1640 5065 1704 5117 δ’.
1741 5085 1760 5117 ι
1791 5066 1898 5121 Sed
1917 5069 2114 5137 potius

535 5171 605 5210 eo
633 5155 908 5210 desiderio
941 5154 1252 5217 ardeamus,
1285 5168 1485 5207 nomen
1517 5161 1579 5208 ut
1607 5165 1852 5210 nostrum
1874 5158 1931 5212 in
1957 5160 2112 5215 eoelis

535 5245 902 5308 describatur,
930 5243 1275 5313 patriamque
1324 5253 1568 5299 nostram
1630 5257 1796 5316 atque
1831 5250 2108 5306 civitatem

538 5337 686 5392 illam
701 5351 994 5406 supernam
1009 5335 1366 5402 aestimemus,
1385 5336 1794 5409 clamcmusque
1813 5341 1881 5395 ad
1898 5343 2068 5396 Deum
2091 5363 2103 5396 :

2227 4647 2380 4685 καιον
2399 4648 2414 4696 ;

2293 4720 2468 4776 ΚΥΡ.
2511 4719 2768 4791 Ἀμελητί
2799 4736 2884 4788 γε,
2907 4712 2952 4774 ὧ
2979 4720 3099 4785 τᾶν,
3125 4719 3226 4773 οὑκ
3254 4720 3572 4792 ἐφιεμένους
3593 4723 3672 4778 ἔτι
3695 4725 3801 4797 τῆς

2221 4815 2280 4867 ἐν
2310 4811 2501 4882 κόσμῳ
2523 4811 2688 4882 ζωῆς,
2719 4810 2840 4864 κατ’
2862 4811 3041 4864 ἐκεῖνό
3072 4827 3176 4864 που
3215 4810 3432 4876 πάντως
3466 4813 3529 4867 τὸ
3563 4815 3649 4868 διὰ
3695 4816 3801 4886 τῆς

2219 4901 2312 4955 τοῦ
2352 4901 2565 4955 Παύλου
2603 4901 2785 4972 φωνῆς
2821 4900 3109 4972 είρημένον
3155 4901 3349 4972 ὀρθῶςο
3396 4920 3414 4954 ι
3474 4904 3797 4962 Ἀπεθάνετε

2218 4987 2348 5058 γὰρ,
2373 4989 2468 5044 καὶ
2503 4993 2536 5061 ἡ
2573 4989 2685 5062 ζωὴ
2729 4993 2882 5063 ὑμῶν
2905 4995 3212 5064 κέκρυπται
3244 4995 3341 5047 σὺν
3378 4995 3599 5067 Χριστῷ
3628 5000 3684 5051 ἐν
3716 5000 3798 5069 τῷ

2217 5077 2355 5148 Θεῷ.
2396 5097 2414 5130 ι
2443 5079 2812 5149 Δεδιψηκότας
2847 5083 2904 5137 δὲ
2934 5083 3132 5152 μᾶλλον
3160 5082 3257 5152 τὴν
3299 5086 3354 5136 ἐν
3378 5085 3627 5155 οὐρανοῖς
3655 5089 3794 5140 ἀπο-

2216 5166 2452 5237 γραφὴν,
2524 5169 2618 5222 καὶ
2667 5171 2827 5222 οἱονεὶ
2882 5172 3114 5242 πατρίδα
3164 5172 3259 5225 καὶ
3319 5173 3474 5228 πόλιν
3538 5176 3636 5248 τὴν
3681 5177 3794 5231 ἄνω

2219 5260 2640 5330 πεποιημένους,
2694 5265 2788 5315 καὶ
2834 5264 3279 5335 ἀνακεκραγὸτας
3333 5261 3392 5318 εὖ
3455 5267 3598 5335 μάλα
3655 5269 3795 5338 πρὸς

2217 5346 2366 5403 Θεόν·
2410 5367 2428 5400 ι
2466 5349 2627 5414 Ἀνες
2657 5369 2747 5420 μοι
2782 5353 2864 5404 ὅτι
2891 5353 3151 5424 πάροικος
3184 5351 3294 5420 ἐγώ
3331 5354 3443 5424 είμι
3485 5355 3544 5407 ἐν
3582 5357 3648 5426 τῇ
3693 5358 3789 5426 γῇ,

545 5449 564 5481 ι
596 5430 834 5486 Remitte
860 5431 1016 5498 mihi,
1063 5431 1192 5500 quia
1216 5431 1425 5486 advena
1459 5447 1561 5502 ego
1609 5448 1732 5487 sum
1764 5434 1818 5488 in
1855 5444 2018 5499 terra,
2051 5447 2107 5491 et

2228 5440 2306 5492 cal
2346 5442 2748 5512 παρεπίδημος,
2785 5441 2967 5506 καθὼς
3000 5445 3200 5506 πάντες
3236 5445 3286 5496 οί
3318 5443 3552 5515 πατέρες
3592 5462 3718 5516 μου.
3767 5466 3782 5496 ι

539 5524 879 5594 peregrinus,
906 5524 1048 5579 sicut
1084 5539 1276 5580 omnes
1302 5532 1486 5594 patres
1519 5525 1626 5580 mei
1652 5526 1718 5578 ⁸³.
1765 5546 1782 5578 ι
1845 5527 1978 5580 Nam
2008 5529 2102 5597 qui

2223 5532 2281 5585 '0
2315 5531 2426 5602 γάρ
2449 5549 2532 5585 τοι
2574 5533 2887 5604 περιπατῶν
2920 5536 3014 5588 ἐπὶ
3046 5537 3154 5606 τῆς,
3177 5535 3297 5606 γῆς,
3334 5535 3427 5589 καὶ
3452 5535 3701 5606 λαμπρὸν
3731 5537 3788 5592 ἐν

609 5698 654 5728 ⁸⁸
682 5696 703 5752 I
727 5694 884 5754 Joan.
927 5715 985 5767 ιι,
1011 5700 1097 5758 Ib.
1174 5705 1215 5738 ³¹
1245 5704 1405 5760 Rom.
1432 5720 1528 5770 vn,
1569 5705 1658 5760 23.
1737 5708 1782 5739 ⁸⁸
1803 5706 2010 5763 Coloss.
2039 5725 2116 5778 ιιι,

2289 5711 2336 5744 ⁸³
2365 5711 2505 5766 Psal.
2542 5727 2761 5780 xxxviii,
2794 5711 2880 5781 14,
2924 5713 3010 5768 IS.
