4172 6456
399 343 498 399 165

1173 345 1260 400 DE
1299 342 1742 400 ADORATIO‘NE
1781 344 1849 400 IN
1893 342 2163 399 Sl'lRlTU
2204 343 2290 397 ΕΤ
2335 343 2700 397 VERITATE.
2746 344 2872 398 LIB.
2921 344 2962 398 l.

3606 347 3708 405 166

388 461 654 531 ούρανοτς
683 461 745 515 τὸ
781 463 1088 535 πολίτευμα
1135 463 1275 535 ἔχων
1320 461 1584 534 πάροικός
1632 479 1692 514 τε
1734 463 1828 517 καὶ
1868 478 2010 531 παρο

2127 461 2174 513 in
2216 463 2377 516 terris
2416 463 2682 526 ambulat,
2732 463 3049 532 praeclaram
3089 474 3274 519 autem
3333 467 3712 522 conversatio~

388 552 672 623 επίδημος
707 554 928 625 ἀληθῶς
961 555 1024 620 ἐξ
1047 555 1226 610 αὐτῶν
1262 554 1329 608 ἂν
1372 553 1600 618 εἰκότως
1633 553 1877 622 φαίνοιτο
1900 551 2009 604 τῶν

389 644 773 715 πραγμάτων.
797 647 905 699 Καὶ
944 646 1075 715 γοῦν
1122 646 1216 699 τοῦ
1242 646 1493 716 Σωτῆρος
1518 647 1545 698 ὁ
1573 643 1820 716 μαθητὴς
1850 641 2010 696 τοῦτο

392 737 686 790 ποιεῖσθαι
732 738 969 805 κελεύει,
1018 739 1116 794 καί¹
1165 740 1316 810 ἡμᾶς
1360 739 1560 801 αὐτοὺς
1595 736 1824 808 αὔχημα
1854 753 2011 806 περι-

393 830 572 898 φανές
603 847 668 883 τε
715 831 813 884 καὶ
854 831 1164 902 εὐπρεπὲς,
1205 831 1302 884 ὡδί
1345 848 1421 901 πη
1448 830 1644 898 λέγων⁹
1681 848 1699 881 ‹
1745 828 2008 898 Ἀδελφοὶ,

393 919 717 989 παρακαλῶ
755 921 831 984 ὡς
870 921 1169 992 παροίκους
1201 922 1294 974 καὶ
1337 919 1756 991 παρεπιδήμους
1808 919 2012 988 ἀπέχε-

393 1011 524 1062 σθαι
548 1009 669 1064 τῶν
701 1011 984 1082 σαρκικῶν
1023 1011 1348 1082 ἐπιθυμιῶν,
1375 1011 1580 1074 αἵτινες
1621 1009 2012 1082 στρατεύονται

394 1101 545 1155 κατὰ
564 1103 672 1172 τῆς
693 1103 895 1174 ψυχῆς.
921 1122 939 1154 ι

467 1191 700 1246 ΠΑΛΛ.
745 1189 814 1247 ’Ἃ
828 1195 874 1265 ρ’
898 1189 994 1247 οὖν
1017 1192 1273 1264 ἀρκέσειε
1297 1190 1434 1263 πρὸς
1455 1191 1792 1264 κατόρθωσιν
1814 1191 2016 1263 ἀρετῆς

396 1285 428 1353 ἠ
467 1284 661 1338 τοιάδε
691 1283 957 1350 διάθεσις,
990 1284 1053 1338 τὸ
1079 1283 1382 1357 καταλῆξαι
1406 1298 1552 1357 φημι
1585 1284 1696 1340 τῶν
1735 1283 2013 1357 σαρκικῶν

395 1376 724 1448 ἐπιθυμιῶν
748 1393 764 1442 ;

475 1472 653 1525 ΚΥΡ.
699 1471 764 1524 Εἰ
792 1467 1147 1541 προσγένοιτο
1178 1469 1359 1540 σοφῶς
1379 1471 1473 1524 καὶ
1499 1469 1572 1524 τὰ
1599 1470 1665 1523 ἐκ
1690 1469 1789 1539 τῆς
1824 1467 2018 1539 ἐτέρας

398 1561 746 1625 ἐπιεικείας,
782 1561 942 1632 δῆλον
961 1560 1019 1614 δὲ
1049 1561 1132 1614 ὅτι
1150 1561 1251 1632 τῆς
1276 1561 1678 1631 πνευματικῆς.
1701 1559 2017 1630 Γέγραπται

399 1657 516 1728 γάρ
534 1673 551 1686 ο
589 1673 609 1706 ι
643 1654 888 1708 Πλατεῖα
907 1653 940 1723 ἡ
960 1653 1146 1724 ἐντολή
1169 1671 1262 1706 σου
1288 1653 1511 1726 σφόδρα.
1547 1672 1563 1705 ι
1603 1653 1676 1705 ’Ἡ
1701 1653 1820 1720 οὐχ).
1842 1648 2019 1712 διττὸς

402 1751 462 1802 ὲν
489 1751 526 1818 ὴ
539 1749 635 1819 μϊν
661 1747 691 1799 ὁ
717 1743 1017 1818 μολυσμὸς,
1038 1743 1220 1816 ψυχῆς
1239 1763 1297 1799 τε
1321 1745 1417 1800 καὶ
1439 1743 1690 1816 σώματος
1710 1760 1725 1809 ;
1748 1742 2016 1797 Ἕπεσθαι

2112 566 2239 606 nem
2273 552 2438 607 habet
2490 553 2544 607 in
2591 554 2766 619 caelis,
2798 555 2844 609 is
2878 555 3101 610 demum
3127 555 3338 611 advena
3377 565 3432 611 et
3463 557 3712 628 peregri-

2113 655 2220 694 nus
2242 655 2310 694 ex
2334 640 2467 710 ipsis
2493 641 2662 696 rebus
2693 644 2853 712 plane
2909 645 3323 715 comprobatur.
3365 645 3555 716 Itaque
3587 646 3710 703 Sal-

2113 732 2319 787 vatoris
2361 732 2537 787 nostri
2583 734 2889 808 discipulus
2944 737 2998 791 id
3073 747 3335 808 tanquam
3389 738 3714 807 praeclarum

2113 833 2280 894 atque
2307 825 2607 895 gloriosqu
2639 835 2834 896 putare
2859 844 2960 883 nos
2994 830 3143 898 ipsos
3167 830 3324 901 jubet
3359 830 3445 885 his
3476 831 3664 886 verbis
3697 849 3709 882 :

2122 903 2413 980 (Fratres,
2448 915 2702 981 obsecro,
2735 924 2992 986 tanquam
3025 920 3267 976 advenas
3295 929 3347 975 et
3367 921 3710 992 peregrinos,

2115 1007 2393 1062 abstinere
2417 1023 2514 1061 vos
2550 1023 2581 1061 a
2610 1008 2925 1064 carnalibus
2971 1009 3266 1067 desideriis
3286 1053 3299 1076 ,
3331 1028 3454 1082 qua:
3475 1013 3715 1068 militant

2116 1099 2382 1154 adversus
2405 1099 2646 1154 animam
2668 1100 2735 1152 “.
2769 1120 2788 1150 ι

2159 1191 2390 1268 _PALL.
2429 1193 2573 1248 Num
2605 1193 2795 1263 igitur,
2845 1192 2926 1247 sic
2963 1192 3224 1247 affectum
3267 1210 3412 1258 esse,
3452 1196 3507 1250 id
3542 1204 3647 1261 est,
3682 1211 3714 1250 a

2116 1285 2432 1340 carnalibus
2474 1285 2946 1355 concupiscentiis
2991 1285 3320 1352 cessavisse,
3348 1288 3483 1342 satis
3526 1298 3612 1344 est
3644 1288 3715 1342 ad

2117 1378 2381 1432 virtutem
2416 1377 2824 1447 praestandam?

2189 1467 2346 1523 CYR.
2368 1468 2656 1538 Siquidem
2675 1469 2792 1523 hmc
2810 1461 3030 1538 quoque
3054 1468 3339 1539 sapienter
3357 1470 3713 1535 accesserint,

2118 1575 2242 1629 quae
2282 1560 2350 1615 ad
2398 1561 2547 1614 illam
2592 1561 2827 1616 alteram
2866 1575 3082 1615 morum
3136 1561 3492 1631 probitatem,
3548 1561 3717 1632 spiri—

2122 1652 2324 1706 tualem
2394 1667 2621 1723 nempe,
2681 1661 2954 1723 spectant.
3013 1652 3292 1722 Scriptum
3349 1662 3436 1708 est
3487 1653 3636 1709 enim
3701 1671 3714 1705 :

2129 1762 2147 1794 ι
2176 1742 2374 1797 Latum
2411 1743 2731 1798 mandatum
2758 1751 2915 1798 tuum
2941 1743 3110 1798 nimis
3136 1743 3203 1796 ⁵⁵.
3243 1764 3262 1795 ι
3309 1743 3491 1810 Quid?
3524 1743 3719 1798 Nonne

400 1815 818 1909 asivvoineeinv
855 1835 945 1900 ἂν,
977 1838 1074 1890 καλ⁵
1108 1815 1230 1891 λίαν
1281 1815 1531 1902 εἰκότως,
1571 1839 1686 1899 τοῖς
1723 1833 2018 1907 καταμιαί-

2127 1834 2325 1904 duplex
2363 1843 2446 1889 est
2493 1835 2550 1888 in
2602 1835 2765 1889 nobis
2819 1835 3328 1905 inquinamentum,
3372 1835 3588 1900 animae,
3630 1835 3719 1889 in-

402 1947 523 1985 νειν
563 1929 841 1994 εἰωθόσιν,
868 1927 1103 2000 ἰσοπαλῆ
1130 1945 1191 1982 τε
1216 1929 1312 1983 καὶ¹
1349 1927 1578 2000 ἰσουργὰ
1603 1929 1673 1981 τὰ
1694 1927 2017 1998 διασμήχειν

403 2043 427 2077 ε
437 2023 651 2078 ἱωθότα
659 2066 672 2078 .

481 2201 704 2256 ΠΑΛΛ.
759 2198 967 2271 Ὀρθῶς
995 2197 1160 2271 ἔφης

481 2292 659 2346 ΚΥΡ.
704 2291 918 2363 Ὥσπερ
953 2286 1047 2346 οὖν
1083 2290 1276 2363 ἀμέλει
1313 2291 1489 2356 διττὸς
1515 2289 1545 2344 ό
1587 2288 1758 2362 ῥύπος
1790 2288 2019 2361 ψυχικός

406 2403 466 2438 τε
493 2385 596 2438 καὶ
646 2383 984 2454 σωματικὸς,
1026 2381 1171 2436 οὕτω
1207 2384 1302 2437 καί⁵
1331 2384 1365 2454 ή
1407 2381 1766 2453 διακάθαρσις
1810 2379 2018 2452 ψυχική

408 2496 472 2534 τε
504 2479 605 2533 καὶ
643 2479 938 2550 σωματικὴ
982 2478 1180 2547 γένοιτ’
1234 2477 1301 2533 ἂν
1353 2479 1601 2542 εἰκότως.
1650 2477 1798 2546 Πλὴν
1827 2477 1908 2530 ὅτι
1959 2477 2021 2530 τὸ

414 2570 720 2645 παροικίαν
756 2569 1031 2640 ἡγεῖσθαι,
1063 2569 1237 2639 φιλεῖν
1265 2570 1365 2641 τὴν
1392 2571 1450 2624 ὲν
1489 2569 1682 2638 κόσμῳ
1709 2565 1877 2638 ζωὴν,
1906 2570 2022 2632 τοῖς

409 2661 545 2732 τῇδε
587 2659 962 2730 διακειμένοις
1013 2660 1114 2712 οὐκ
1157 2659 1388 2729 ἀκερδὲς
1426 2654 1827 2730 ἀταλαιπώρως
1871 2657 2018 2724 ἰδεῖν,

411 2754 581 2826 εἰπερ
608 2754 788 2808 ἕλοιτό
811 2770 896 2816 τις
925 2753 1112 2808 εἰκόνα
1139 2753 1233 2807 τοῦ
1269 2752 1598 2825 πράγματος
1632 2751 1902 2806 ποιεῖσθαι
1931 2751 2023 2807 τὸν

427 2845 712 2916 Ἀϐραὰμ,
747 2845 887 2916 πρὸς
917 2843 979 2898 ὃν
1007 2845 1224 2916 εἴρηται
1257 2845 1411 2916 παρὰ
1447 2845 1603 2900 Θεοῦ⁶
1643 2863 1662 2898 ι
1703 2843 1926 2910 Ἔξελθε
1959 2844 2025 2895 ἐκ

413 2941 517 3009 τῆς
554 2938 663 3009 γῆς
702 2955 798 2992 σου
834 2939 928 2992 καὶ
956 2938 1021 2991 ὲκ
1054 2941 1151 3009 τῆς
1182 2938 1505 3006 συγγενείας
1555 2956 1672 3002 σου,
1705 2937 1800 2991 καὶ
1833 2939 1898 2990 ὲκ
1927 2933 2022 2989 τοῦ

414 3031 574 3083 οἴκου
609 3028 709 3083 τοῦ
740 3031 952 3102 πατρός
996 3046 1112 3084 σου.
1155 3029 1268 3082 Καὶ
1291 3029 1452 3100 δεῦρο
1481 3031 1562 3093 εἰς
1592 3029 1717 3100 γῆν,
1747 3030 1814 3100 ἢν
1846 3027 1911 3083 ἄν
1942 3043 2024 3080 σοι

2119 1942 2304 1996 quam,
2339 1942 2403 1982 ac
2439 1927 2704 1997 spiritus?
2749 1927 2922 1998 Igitur
2965 1927 3348 1997 aequissimum
3381 1942 3502 1982 esse
3567 1925 3718 1980 arbi-

2120 2028 2236 2076 tror
2278 2027 2340 2075 ut
2375 2020 2444 2075 iis
2487 2037 2608 2091 quae
2644 2022 2939 2091 inquinare
2986 2021 3168 2076 solent
3205 2021 3434 2090 aequalia
3473 2035 3537 2074 ac
3564 2019 3721 2090 paria

2118 2112 2441 2178 succedant,
2475 2128 2597 2183 quae
2622 2113 2979 2184 abstergendi
3009 2113 3160 2168 vires
3188 2113 3448 2168 habeant.

2195 2203 2393 2260 PALL.
2425 2205 2597 2260 Recte
2627 2205 2788 2260 dicis.

2190 2295 2348 2351 (ΠΗ.
2383 2295 2454 2351 Ut
2479 2296 2648 2366 igitur
2675 2297 2879 2368 duplex
2897 2307 2982 2353 est
3007 2298 3241 2363 macula,
3261 2296 3432 2352 animi
3449 2306 3506 2351 et
3526 2311 3722 2368 corpo-

2122 2387 2218 2452 ris,
2236 2387 2316 2442 sic
2331 2387 2463 2442 item
2480 2388 2861 2460 purgationem
2881 2391 2984 2460 21
3001 2389 3162 2444 aliam
3189 2389 3405 2454 animae,
3425 2389 3587 2444 aliam
3604 2405 3725 2443 cor-

2121 2478 2272 2548 poris
2288 2493 2431 2545 essc,
2458 2480 3046 2536 convenientissimum
3079 2491 3182 2536 est.
3205 2480 3479 2537 Caeterum
3508 2483 3614 2536 hoc
3637 2482 3721 2551 ip-

2123 2587 2266 2637 sum,
2295 2589 2494 2644 nempe
2515 2584 2842 2644 praesentem
2866 2576 3037 2631 vitam
3082 2577 3398 2632 incolatum.
3415 2586 3630 2647 putare,
3658 2577 3726 2630 iis

2123 2666 2217 2736 qui
2242 2665 2317 2720 ita
2340 2679 2471 2722 sunt
2496 2667 2702 2733 ali'ecti,
2731 2683 2842 2722 non
2877 2683 2999 2723 esse
3025 2670 3244 2734 inutile,
3267 2669 3532 2740 perfacile
3548 2667 3726 2723 videri

2123 2765 2325 2828 potest,
2350 2759 2511 2814 sicui
2549 2759 2824 2830 placuerit
2859 2759 2915 2814 in
2943 2759 3224 2816 Abraham
3258 2763 3380 2833 ejus
3413 2761 3493 2816 rei
3530 2759 3726 2830 imagi-

2125 2863 2251 2902 nem
2288 2847 2513 2914 intueri,
2554 2849 2645 2904 cui
2671 2850 2880 2905 dictum
2915 2867 2945 2905 a
2972 2851 3086 2906 Deo
3123 2859 3246 2907 est:
3292 2872 3309 2903 ι
3343 2852 3442 2906 Exi
3472 2851 3541 2906 de
3585 2860 3731 2908 terra

2126 2947 2240 3006 tua,
2265 2949 2322 2995 et
2350 2942 2418 2996 de
2461 2945 2788 3014 cognatione
2834 2957 2950 3013 tua,
2995 2955 3052 3002 et
3109 2947 3177 3003 de
3220 2948 3385 3002 domo
3415 2947 3588 3018 patris
3622 2946 3725 3014 tui;

2125 3043 2182 3088 et
2204 3033 2331 3089 veni
2381 3035 2438 3089 in
2494 3044 2695 3091 terram
2735 3053 2901 3108 quam
2938 3047 3322 3094 monstravere
3355 3040 3496 3101 tibi,
3534 3047 3591 3095 et
3645 3039 3727 3093 fa-

415 3119 603 3186 δείξω,
637 3122 734 3174 καὶ
769 3122 984 3194 ποιήσω
1027 3138 1086 3174 σε
1107 3121 1199 3184 εἰς
1222 3119 1376 3185 ἔθνος
1407 3119 1572 3192 μέγα,
1615 3119 1711 3173 καὶ
1745 3121 2024 3190 εὐλογήσω

2131 3126 2271 3180 ciam
2311 3135 2362 3182 te
2394 3128 2450 3182 in
2489 3136 2710 3198 gentem
2747 3145 3024 3201 magnam,
3067 3138 3124 3186 et
3155 3131 3482 3186 benedicam
3512 3131 3634 3196 tibi,
3672 3140 3730 3187 et

330 3252 340 3264 .
421 3229 506 3276 σε,
543 3213 666 3268 καλε
695 3212 989 3284 μεγαλυνῶ
1013 3213 1074 3268 τὸ
1098 3213 1270 3284 δνομά
1304 3230 1423 3281 σου,
1454 3214 1547 3266 καὶ
1581 3212 1680 3284 ἔσῃ
1713 3211 2024 3283 εὐλογητὸς,

2133 3218 2500 3288 magniﬁcabo
2555 3236 2760 3275 nomen
2792 3229 2969 3288 tuum,
3007 3231 3064 3276 et
3103 3223 3216 3278 eris
3264 3223 3628 3289 benedictus;
3674 3233 3731 3278 et

421 3306 520 3360 καὶ
546 3305 837 3376 εὐλογήσω
875 3307 1006 3369 τοὺς
1039 3304 1400 3376 εὐλογοῦντάς
1453 3323 1534 3370 σε,
1584 3305 1677 3360 καὶ
1715 3307 1841 3368 τοὺς
1900 3321 2024 3357 κατ·

2133 3305 2457 3361 benedicam
2483 3307 2948 3365 benedicentibus
2996 3311 3132 3376 tibi,
3172 3319 3229 3366 et
3267 3311 3732 3367 maledicentibus

419 3400 751 3471 αρωμένους
771 3415 829 3452 σε
857 3397 1263 3468 καταράσομαι,
1286 3397 1380 3451 καὶ
1397 3397 1849 3468 εὐλογηθήσονται
1871 3398 1928 3449 ὲν
1949 3396 2024 3448 σοῖ

2136 3396 2236 3451 tibi
2274 3399 2640 3466 maledicam;
2678 3407 2735 3456 et
2768 3401 3178 3457 benedicentur
3229 3403 3284 3456 in
3330 3410 3382 3456 te
3412 3417 3606 3457 omnes
3636 3403 3734 3457 tri-

423 3495 600 3546 πᾶσαι
654 3493 711 3546 αἱ
753 3492 923 3562 φυλαὶ
945 3491 1049 3562 τῆς
1081 3492 1206 3561 γῆς.
1255 3499 1277 3544 ι
1307 3492 1503 3561 Συνίης
1530 3492 1678 3554 ὅπως
1709 3491 1810 3543 ούκ
1837 3492 1902 3543 ὲκ
1927 3488 2024 3559 γῆς

2133 3489 2238 3544 bus
2253 3495 2413 3546 terra:
2433 3491 2499 3545 ³⁸.
2542 3511 2560 3543 ›
2590 3491 2860 3563 Intelligis
2890 3492 3058 3565 igitur
3096 3493 3244 3563 quod
3280 3509 3390 3548 non
3413 3509 3480 3548 ex
3504 3502 3648 3549 terra
3677 3502 3734 3550 et

421 3601 483 3636 τε
516 3584 615 3636 καὶ
641 3582 794 3636 οἴκου
833 3584 1016 3653 μόνον,
1051 3582 1190 3636 ἀλλὰ
1221 3583 1316 3636 καὶ
1346 3585 1411 3637 ἐκ
1437 3584 1538 3653 τῆς
1566 3583 1906 3652 συγγενείας,
1937 3580 2024 3634 καὶ

2133 3581 2297 3636 domo
2324 3581 2525 3648 solum,
2557 3583 2655 3638 sed
2683 3583 2851 3638 etiam
2879 3600 2950 3640 ex
2978 3584 3326 3656 cognatione,
3364 3593 3528 3656 atque
3566 3584 3731 3640 adeo

428 3676 539 3747 μὴν
569 3677 669 3730 καὶ⁴
698 3677 763 3728 ὲκ
786 3674 882 3728 τοῦ
908 3674 1060 3728 οἴκου
1090 3674 1186 3728 τοῦ
1211 3674 1420 3746 πατρὸς
1443 3675 1702 3744 ἀπαίρειν
1725 3673 2024 3738 ἐκέλευσεν,

2132 3689 2199 3728 ex
2244 3674 2408 3729 domo
2449 3675 2622 3745 patris
2688 3676 2980 3732 discedere
3043 3677 3246 3748 jussit,
3310 3686 3368 3732 et
3426 3678 3616 3734 venire
3676 3679 3732 3734 in

423 3769 586 3840 ήκειν
615 3784 676 3820 τε
704 3768 788 3830 εἰς
817 3767 942 3838 γῆν,
967 3767 1146 3838 ἥνπερ
1171 3767 1334 3830 αὐτὸς
1365 3766 1656 3831 ἐκδείξειεν
1682 3768 1710 3820 ό
1730 3765 1941 3830 καλῶν;

2135 3775 2337 3824 terram
2366 3784 2530 3838 quam
2562 3768 2700 3838 ipse,
2740 3769 2834 3840 qui
2867 3770 3123 3834 vocabat,
3151 3769 3509 3828 ostenderet?

499 3859 716 3912 HAAA.
772 3857 936 3912 Ἀλλὰ
960 3857 1015 3910 τί
1045 3857 1108 3929 δὴ
1131 3855 1291 3910 τοῦτό
1320 3859 1500 3923 ὲστιν;

2205 3858 2404 3914 PALL.
2440 3859 2546 3916 Sed
2578 3860 2843 3930 quidnam
2878 3861 2987 3916 hoc
3018 3861 3124 3917 sibi
3152 3861 3308 3916 vult?

499 3951 670 4004 ΚΥΡ.
717 3945 854 4005 Εἶτά
882 3968 1001 4014 πως
1029 3927 1131 4004 οὐκ
1165 3950 1420 4023 ἐναργὲς,
1457 3951 1540 4004 ὅτι
1567 3949 1703 4004 Θεοῦ
1742 3948 2024 4013 καλοῦντος

2204 3951 2363 4008 ΟΥΒ.
2391 3954 2474 4008 An
2497 3969 2654 4018 vero,
2692 3927 2837 4009 cum.
2857 3953 3004 4008 Deus
3040 3969 3143 4008 nos
3181 3954 3249 4008 ad
3290 3954 3635 4024 sequendum
3674 3971 3732 4010 se

430 4048 512 4109 εἰς
551 4041 942 4116 ἀκολούθησιν,
993 4043 1151 4114 δῆλον
1180 4043 1236 4097 δὲ
1259 4045 1340 4098 ὅτι
1376 4044 1476 4116 τὴν
1513 4043 1912 4114 πνευματικὴν,
1940 4044 2024 4096 καί

2134 4052 2316 4110 vocet,
2366 4044 2515 4099 haud
2559 4044 2793 4099 dubium
2850 4045 2988 4115 quin
3037 4045 3407 4115 spiritualiter
3435 4087 3448 4110 ,
3495 4061 3732 4117 cumque

426 4137 532 4208 τῆς
558 4137 619 4190 ὲν
643 4136 836 4206 κόσμῳ
861 4133 1031 4205 ξωης,
1064 4137 1210 4207 φημὶ
1238 4135 1296 4188 δὲ
1319 4135 1384 4206 δὴ
1408 4136 1570 4190 πάλιν
1599 4135 1704 4205 τῆς
1729 4138 1787 4189 ὲν
1820 4135 2024 4206 ἡδοναῖς

2132 4149 2230 4189 eos
2263 4148 2403 4202 quos
2431 4134 2511 4188 illi
2545 4134 2820 4190 honorare
2840 4134 3135 4204 placuerit,
3185 4149 3254 4187 ex
3283 4133 3562 4188 mundana
3593 4136 3728 4200 vita,

429 4227 530 4282 καὶ
574 4226 980 4298 φιλοσαρκίαις,
1030 4225 1126 4290 οὒς
1189 4226 1257 4281 ἂν
1304 4227 1480 4281 ἕλοιτο
1529 4229 1716 4299 τιμᾷν,
1781 4226 2024 4298 ὲξέρπιειε¹

2134 4225 2497 4295 voluptuosa,
2550 4224 2810 4295 inquam,
2851 4233 2910 4280 et
2958 4225 3143 4280 carnis
3183 4225 3480 4280 desideriis
3522 4226 3729 4291 dedita,

429 4319 739 4383 ἐθέλοντος,
773 4318 1128 4389 ἀπόπληκτον
1174 4319 1394 4391 κομιδῇ,
1441 4319 1504 4373 τὺ
1563 4319 1814 4391 ἡγεῖσθαί
1855 4336 1910 4371 τι
1941 4317 2024 4371 τοῐ

2136 4318 2292 4374 exire
2327 4318 2703 4391 velit,negari
2737 4326 2920 4389 potest
2948 4317 3082 4389 quin
3113 4325 3302 4388 aperte
3344 4314 3732 4374 stultissimum

432 4409 646 4464 τοιοῦδε
689 4409 953 4481 ᾶμεινον;
984 4387 1450 4479 Καταλογιζέσθω
1479 4387 1702 4483 γὰρ-νὼς
1745 4411 1897 4464 οὐδὲν
1932 4427 2024 4464 παι

2138 4411 2209 4467 sit
2241 4387 2525 4481 quidpiam
2554 4387 2754 4481 putare
2780 4409 2913 4465 huic
2955 4387 3120 4466 tantae
3160 4387 3248 4465 rei
3276 4424 3398 4465 esse
3436 4409 3735 4480 praeferen—

430 4502 555 4573 τρίς
593 4519 657 4556 τε
687 4501 783 4556 καὶ
815 4501 994 4571 γένος,
1041 4504 1137 4556 καὶ
1182 4497 1330 4567 οἶκος
1378 4503 1607 4574 πατρὸς,
1641 4503 1734 4558 καὶ
1765 4502 1875 4556 τῶν
1914 4503 2024 4555 ὲπι-

2141 4503 2315 4559 dum?
2344 4503 2459 4558 lmo
2485 4517 2617 4558 vero
2645 4517 2746 4572 pro
2784 4501 2961 4556 nihilo
2993 4501 3263 4556 habeatur
3293 4501 3500 4572 patria,
3538 4517 3731 4573 genus,

429 4594 602 4663 γείων
635 4596 670 4665 ἡ
714 4595 930 4664 κτῆσις.
959 4595 1252 4666 Τοιγάρτοι
1291 4597 1387 4648 καὶ
1430 4595 1593 4659 αὐτὸς
1621 4598 1649 4649 ὁ
1679 4597 1872 4667 Σωτὴρ
1901 4596 2024 4667 πρὸς

2143 4596 2341 4651 domus
2361 4598 2557 4665 patris,
2589 4593 2706 4664 ipsa
2737 4591 2980 4662 denique
3020 4600 3371 4647 terrenarum
3405 4606 3590 4645 rerum
3609 4606 3735 4661 pos-

428 4687 536 4758 τὴν
584 4686 711 4756 ἴσην
752 4689 902 4758 ἡμᾶς
935 4688 1188 4758 ἀνδρείαν
1226 4689 1432 4752 ἐκάλει,
1470 4688 1662 4756 λέγων·
1711 4707 1729 4740 ι
1778 4687 1835 4741 ’0
1870 4688 2024 4756 φιλῶπ

2141 4687 2334 4744 sessio.
2369 4687 2558 4757 Itaque
2588 4685 2758 4740 etiam
2794 4684 2910 4755 ipse
2950 4683 3203 4739 Salvator
3241 4683 3310 4738 ad
3356 4683 3598 4739 similem
3631 4698 3738 4738 nos

431 4780 662 4850 πατέρα
689 4778 722 4848 ἢ
750 4779 964 4850 μητέρα
997 4778 1138 4850 ὑπὲρ
1168 4778 1290 4849 ἐμὲ,
1321 4781 1424 4832 οὐκ
1457 4779 1572 4832 ἐστι
1611 4795 1713 4850 μου
1745 4779 1914 4844 ἄξιος,
1946 4780 2024 4833 κα¹

2144 4779 2314 4836 animi
2335 4777 2717 4834 fortitudinem
2739 4777 2989 4842 vocabat,
3028 4775 3256 4831 dicens:
3289 4795 3307 4825 ε
3333 4773 3439 4842 Qui
3470 4781 3618 4830 amat
3642 4790 3737 4844 pa—

430 4871 460 4922 ὁ
491 4866 671 4938 φιλῶν
723 4868 840 4922 υἱὸν
882 4868 916 4939 ἢ
963 4869 1243 4937 θυγατέρα
1287 4869 1430 4941 ὑπὲρ
1483 4871 1607 4941 ἐμὲ,
1643 4871 1743 4924 οὐκ
1789 4870 1908 4924 ἐστι
1941 4888 2024 4942 μοι

2148 4880 2289 4927 trem
2322 4879 2420 4926 aut
2439 4877 2674 4924 matrem
2695 4884 2863 4940 super
2895 4883 3004 4933 me,
3037 4885 3148 4923 non
3187 4874 3273 4923 est
3302 4882 3390 4922 me
3420 4866 3645 4938 dignus;
3682 4874 3735 4920 et

430 4961 625 5028 ἄξιος·
663 4960 760 5014 καὶ
795 4959 856 5024 ὃς
896 4960 958 5014 ού
994 4959 1265 5029 λαμϐάνει
1305 4961 1396 5015 τὸν
1438 4961 1672 5033 σταυρὸν
1717 4962 1901 5030 αὑτοῦ,
1950 4961 2047 5016 καὶ

432 5051 732 5107 ἀκολουθεῖ
763 5051 944 5106 ὀπίσω
989 5069 1116 5123 μου,
1149 5053 1251 5106 οὐκ
1301 5052 1418 5107 ἐστι
1450 5070 1552 5124 μου
1589 5052 1759 5118 ἄξιος.
1807 5072 1826 5105 ι
1863 5055 2038 5124 Προσ·

429 5143 609 5199 ετίθει
641 5144 702 5197 δέ
719 5161 733 5175 ·
774 5162 792 5195 ι
831 5143 944 5199 Καὶ
966 5146 1076 5208 πᾶς
1113 5145 1262 5209 ὅστις
1285 5145 1498 5217 ἀφῆκεν
1524 5142 1810 5214 ἀδελφοὺς,
1838 5143 1870 5214 ἢ
1895 5143 2048 5198 ἁδελ-

330 5285 342 5290 -
433 5234 570 5306 φὰς,
605 5236 642 5307 ἢ
675 5235 918 5308 πατέρα,
969 5236 1005 5309 ἢ
1051 5235 1288 5308 μητέρα,
1330 5235 1364 5306 ἦ
1417 5238 1673 5305 γυναῖκα,
1709 5235 1743 5304 ἢ
1777 5234 1965 5300 τέκνα,
2011 5235 2044 5304 ἢ

432 5328 672 5398 ἀγροὺς,
706 5326 740 5397 ἢ
767 5328 948 5392 οἰκίας
978 5328 1143 5381 ἕνεκα
1165 5327 1259 5380 τοῦ
1284 5327 1553 5398 ὀνόματός
1581 5343 1704 5398 μου,
1737 5325 2042 5380 πολλαπλαι

434 5422 597 5474 σεονα
645 5420 904 5491 λήψεται,
941 5421 1038 5475 καὶ
1080 5418 1224 5491 ζωὴν
1277 5419 1498 5474 αἰώνιον
1552 5419 1976 5491 κληρονομήσει.
2020 5439 2039 5471 ι

435 5513 516 5587 ξἺΙ
549 5513 666 5584 γὰρ
691 5514 814 5583 ούχί
849 5516 950 5587 τῆς
977 5515 1056 5576 εἰς
1082 5513 1252 5584 ἄκρον
1278 5511 1590 5575 εύσθενείας
1611 5511 1712 5582 τῆς
1745 5513 1804 5565 ὲν
1823 5510 2045 5581 Χριστῷ

435 5606 747 5678 νοουμένης
790 5607 953 5675 ἔργον
982 5601 1122 5661 εἶναι
1161 5605 1290 5676 φῂς,
1325 5605 1424 5676 τὴν
1471 5603 1614 5658 οὕτω
1645 5603 1908 5676 λαμπρὰν
1952 5605 2046 5657 καὶ

517 5793 616 5846 "l
658 5793 810 5846 Petr.
861 5809 918 5856 ιι,
960 5791 1047 5844 Η.

1126 5790 1171 5821 ³³
1197 5787 1342 5842 Psal.
1381 5800 1564 5852 cxvut,
1591 5783 1681 5840 96.
1765 5783 1810 5815 '°
1829 5782 1964 5842 Gen.
1993 5802 2087 5853 xu,
2125 5787 2241 5842 1-3.

2146 4963 2243 5034 qui
2272 4970 2419 5019 amat
2445 4962 2620 5017 ﬁlium
2652 4970 2748 5016 aut
2791 4960 2958 5016 ﬁliam
2999 4976 3167 5032 super
3202 4975 3314 5025 me,
3354 4975 3466 5013 non
3509 4967 3593 5014 est
3648 4973 3738 5013 me

2144 5055 2374 5127 dignus;
2415 5046 2482 5109 et'
2503 5053 2600 5124 qui
2635 5068 2747 5108 non
2774 5050 2978 5122 accipit
3000 5067 3224 5106 crucem
3255 5065 3434 5114 suam,
3463 5056 3520 5104 et
3547 5048 3735 5119 sequi-

2145 5155 2237 5201 tur
2265 5162 2374 5210 me,
2407 5161 2519 5200 non
2554 5153 2639 5199 est
2668 5159 2756 5197 me
2803 5142 3003 5213 dignus
3024 5142 3090 5194 ³⁷.
3132 5161 3151 5194 ι
3194 5140 3411 5211 Adjecit
3457 5138 3625 5194 etiam
3676 5139 3741 5193 il-

2145 5239 2241 5295 lud
2274 5257 2286 5292 :
2323 5259 2339 5290 ι
2364 5238 2432 5292 Et
2482 5237 2662 5292 omnis
2689 5235 2784 5305 qui
2814 5234 3092 5288 dimiserit
3128 5233 3347 5297 fratres,
3377 5240 3473 5286 aut
3498 5246 3738 5300 sorores,

2147 5321 2242 5387 aut
2284 5339 2518 5402 patrem,
2557 5338 2652 5384 aut
2685 5335 2942 5392 matrem,
2978 5335 3073 5380 aut
3129 5341 3380 5390 uxorem,
3428 5334 3523 5381 aut
3573 5325 3737 5392 ﬁlios,

2151 5432 2247 5479 aut
2273 5438 2452 5495 agros,
2484 5430 2579 5476 aut
2601 5421 2793 5475 domos
2813 5425 3038 5489 propter
3061 5433 3264 5472 nomen
3303 5434 3509 5485 meum,
3541 5425 3742 5474 centu-

2151 5516 2303 5586 plum
2352 5514 2622 5585 accipiet,
2666 5519 2722 5567 et
2769 5510 2937 5566 vitam
2987 5518 3249 5565 aeternam
3284 5510 3591 5581 possidebit
3611 5510 3677 5565 ⁸⁸.
3717 5527 3737 5561 ι

2150 5607 2332 5675 Quid?
2351 5607 2473 5662 Non
2495 5620 2722 5661 summa:
2747 5603 3113 5671 fortitudinis,
3144 5604 3312 5672 illius,
3335 5605 3578 5675 inquam,
3621 5615 3746 5674 quae

2346 5791 2388 5822 ετ
2436 5790 2628 5846 Matth.
2679 5807 2732 5856 ς,
2775 5791 2865 5858 37,
2893 5793 2982 5848 38.
3063 5793 3106 5828 η
3140 5791 3330 5847 Matth.
3373 5794 3482 5856 xix;
3511 5787 3603 5846 29-
