4172 6458
556 336 660 394 107

1581 331 1636 386 S.
1680 329 1957 386 CYRILIJ
1996 326 2463 382 ALEXANDRIN!
2505 328 2819 385 ARCHIEP.

3711 326 3814 383 168

557 454 610 505 in
635 447 853 504 Christo
880 454 983 510 cst,
1024 460 1161 516 opus
1185 460 1304 500 esse
1333 443 1634 509 confiteris,
1665 445 1807 498 hanc
1833 440 1971 497 adeo
1996 457 2126 512 prae-

2239 442 2531 512 περίοπτον
2567 443 2840 513 ἀνδρείαν,
2871 446 2906 516 ἢ
2936 446 3065 518 παρ’
3096 444 3246 500 οὐδὲν
3275 445 3492 517 ἡγεῖται
3525 445 3712 508 tau-ri;
3753 446 3817 500 τὸ

555 543 784 604 claram,
824 546 1232 610 Spectatamque
1276 537 1558 601 virtutem,
1592 552 1715 605 quae
1734 536 1895 590 nihili
1933 535 2137 604 pendat

554 633 671 687 haec
708 631 926 696 omnia;
952 630 1107 699 sequi
1142 636 1323 683 autem
1350 628 1655 691 Christum,
1696 627 1920 697 plurimi
1939 626 2138 681 faciat?

625 719 821 774 PALL.
856 721 969 790 Ego
995 735 1128 774 vero
1163 719 1357 784 fateor,
1394 734 1520 773 nam
1552 726 1609 772 et
1638 719 1706 772 ab
1735 719 1827 772 illa
1869 727 2135 788 praestan-

440 807 445 846 ἓ
556 811 767 865 tissima
800 827 895 881 spe
916 852 930 876 ,
966 818 1023 864 et
1055 827 1086 865 a
1119 809 1465 882 jucunditate
1495 825 1619 880 qua:
1663 817 1749 864 est
1795 809 1851 862 in
1891 808 2133 874 Christo,

441 904 450 990 ζ
554 901 898 964 exciderunt,
931 902 1024 970 qui
1051 902 1265 966 venire,
1308 915 1432 954 cum
1463 900 1532 954 ad
1567 901 1788 969 nuptias
1815 906 2000 954 essent
2035 914 2134 952 vo-

555 991 682 1053 cati,
717 999 1041 1046 renuerunt.
1077 992 1159 1046 Ex
1197 990 1403 1060 quibus
1444 1006 1590 1045 unus
1619 990 1759 1045 dixit
1793 1007 1806 1043 :
1849 1007 1866 1040 ι
1898 989 2136 1045 Uxorem

551 1079 705 1141 duxi,
741 1087 796 1134 et
825 1096 935 1134 non
960 1095 1184 1150 possum
1229 1080 1423 1134 venire
1442 1081 1510 1134 ”.
1541 1098 1558 1130 ι
1595 1079 1750 1134 Alter
1773 1093 1906 1133 vero
1942 1094 2136 1149 agrum

552 1173 824 1227 coemisse
858 1189 983 1227 cum
1017 1173 1250 1237 diceret,
1280 1171 1479 1227 divina:
1498 1170 1773 1227 vocationi
1819 1169 2137 1240 temporalia

553 1265 797 1332 praetulit
819 1266 864 1298 "

622 1353 780 1408 CYR.
821 1353 1090 1409 Praeclare
1123 1369 1276 1420 sane,
1301 1353 1529 1409 Palladi.
1559 1351 1815 1416 Oblectas
1839 1351 1987 1406 enim
2012 1367 2133 1416 nos,

552 1460 677 1498 cum
697 1445 914 1499 veritati
935 1453 1301 1500 consentanea
1329 1445 1490 1507 dicis,
1517 1453 1573 1498 et
1592 1440 1923 1512 22ingenii
1943 1442 2137 1496 alacri-

554 1542 662 1587 tate
693 1535 992 1604 praecurris
1017 1535 1085 1589 ad
1117 1545 1319 1590 nostrae
1341 1534 1605 1589 orationis
1634 1532 1798 1587 tinem
1821 1531 2024 1587 acriter
2055 1532 2136 1586 in-

554 1620 930 1695 telligendum.
961 1627 1099 1682 Vide
1129 1627 1317 1698 igitur,
1349 1625 1418 1680 iis
1457 1625 1552 1695 qui
1582 1625 1797 1696 integre
1825 1632 1990 1693 atque
2011 1639 2138 1693 per—

550 1716 692 1771 fecte
739 1719 911 1772 Deum
957 1726 1288 1789 sequuntur,
1319 1726 1374 1772 et
1404 1717 1519 1786 spei
1564 1731 1730 1785 quam
1765 1715 1821 1769 in
1861 1715 1956 1771 illo
1999 1729 2133 1769 con-

2237 534 2293 585 δὲ
2316 534 2426 586 δεῖν
2454 533 2683 587 ἕπεσθαι
2710 535 2786 604 τῷ
2811 537 3030 607 Χριστῷ
3063 539 3295 590 ποιεῖται
3330 538 3458 610 περὶ
3487 535 3706 593 πολλοῦ.

2309 711 2519 766 ΠΑΛΔ.
2546 712 2692 766 Πάνυ
2717 713 2816 783 μὲν
2834 708 2946 776 οῦν,
2977 715 3098 767 ἐπεί
3124 733 3204 768 τοι
3227 716 3322 769 καὶ
3349 717 3450 786 τῆς
3467 716 3696 787 ἀρίστης
3729 715 3818 770 ἐλ-

2239 800 2411 864 πίδος,
2439 803 2532 856 καὶ
2561 805 2662 874 τῆς
2687 807 2744 858 ἐν
2775 806 2990 876 Χριστῷ
3008 807 3274 878 θυμηδίας
3305 809 3742 880 διωλισθήκασιν,
3767 814 3817 865 οί

2238 892 2565 962 κεκλημένοι
2593 894 2691 964 μὲν
2725 898 2806 959 είς
2833 897 2960 960 τοὺς
2992 898 3226 968 γάμους,
3253 902 3726 972 καταρνησὰμενοι
3761 902 3817 956 δὲ

2237 981 2334 1052 τὴν
2360 984 2564 1052 ἄφιξιν.
2612 980 2711 1039 Ὧν
2761 990 2788 1041 ὁ
2832 989 2929 1059 μέν
2963 1007 3044 1053 τις
3073 991 3216 1062 ἔφη’
3262 1010 3281 1044 ‹
3326 994 3564 1047 Γυναῖκα
3600 993 3813 1064 ἔγημα,

2238 1073 2333 1126 καὶ
2359 1075 2419 1126 ού
2451 1075 2680 1146 δύναμαι
2712 1078 2906 1133 ἐλθεῖν.
2937 1099 2956 1131 ι
3001 1083 3060 1136 Ὁ
3081 1081 3158 1136 ’δέ
3180 1101 3262 1147 τις
3289 1083 3456 1156 ἀγρὸν
3482 1085 3816 1155 ὲκπρίσσθαι

2238 1162 2431 1232 λέγων,
2463 1167 2670 1238 ἀμείνω
2693 1169 2794 1240 τῆς
2813 1171 3059 1242 κλήσεως
3084 1175 3318 1229 ἐποιεῖτο
3341 1177 3410 1231 τά
3439 1178 3768 1249 πρόσκαιρα.

2309 1341 2470 1395 ΚΥΡ.
2514 1341 2678 1415 Εῦγε,
2711 1342 2755 1401 ὦ
2779 1349 3043 1405 [Ιαλλάδιε
3064 1370 3078 1382 ’
3107 1354 3418 1425 εὐφραίνεις
3447 1357 3555 1428 γάρ
3582 1359 3727 1428 ἡμᾶς
3747 1359 3818 1413 τά

2238 1433 2422 1488 εἰκότα
2448 1435 2643 1506 λέγων,
2676 1441 2771 1494 καὶ
2807 1441 2867 1508 ἐξ
2896 1444 3192 1515 εὐμαθείας
3232 1450 3333 1518 τῆς
3377 1448 3518 1516 ἄγαν
3571 1467 3814 1521 προανα-

2239 1521 2500 1594 θρώσκων
2532 1523 2592 1582 εὖ
2623 1531 2767 1600 μάλα
2819 1534 2954 1604 πρὸς
2993 1535 3054 1588 τὸ
3089 1536 3325 1590 συνιέναι
3359 1537 3579 1610 θερμῶς
3606 1541 3698 1593 τοῦ
3728 1541 3816 1593 λόο

2237 1631 2334 1682 γου
2367 1615 2427 1668 τὸ
2461 1619 2656 1691 πέρας.
2692 1625 2884 1696 Ἀθρει
2915 1626 2978 1697 δὴ
3009 1624 3104 1682 οὖν
3139 1630 3220 1683 ὅτι
3258 1633 3369 1695 τοῖς
3402 1631 3704 1704 ὁλοσχερῶς
3752 1651 3813 1686 τε

2237 1704 2336 1756 καὶ
2381 1707 2692 1779 ὁλοτρόπως
2722 1714 3071 1770 ἀκολουθοῦσι
3101 1717 3239 1789 Θεῷ,
3275 1720 3368 1773 καὶ
3401 1723 3500 1791 τῆς
3532 1724 3612 1784 είς
3650 1723 3814 1777 αὐτὸν

551 1808 874 1874 stituerunt,
905 1826 995 1865 res
1044 1811 1290 1864 carnales
1325 1824 1390 1863 ac
1422 1806 1759 1862 mundanam
1791 1807 2126 1876 voluptatem

2235 1796 2448 1863 ἐλπίδος
2483 1806 2870 1876 πεποιημένοις
2908 1809 3138 1880 δεύτερα
3184 1810 3253 1866 τὰ
3301 1812 3404 1882 τῆς
3452 1815 3681 1884 σαρκὸς,
3718 1815 3816 1869 καὶ

551 1901 897 1969 posthabent,
930 1901 1247 1971 contingere
1286 1899 1511 1954 omnino
1553 1906 1610 1953 ut
1637 1898 1917 1952 caelestem
1959 1897 2130 1952 bene-

549 1994 848 2048 dictionem
881 1994 1099 2049 abunde
1129 2002 1563 2063 consequantur.
1607 1990 1752 2057 Quid
1789 1991 1939 2045 enim
1967 1991 2044 2044 ait
2063 1991 2130 2045 ad

550 2083 869 2139 Abraham?
920 2103 938 2136 ι
972 2084 1039 2139 Et
1066 2082 1260 2139 faciam
1301 2093 1354 2139 te
1388 2083 1445 2137 in
1485 2090 1705 2152 gentem
1749 2095 2022 2151 magnam,
2077 2088 2134 2135 et

550 2175 873 2230 benedicam
916 2185 970 2231 te
1007 2175 1094 2240 σθ’,
1131 2194 1148 2226 ι
1209 2183 1266 2230 et
1298 2189 1362 2228 ea
1413 2189 1536 2243 qure
1583 2180 1913 2243 sequuntur.
1962 2170 2130 2227 Vides

548 2297 680 2351 ergo
727 2282 948 2351 quantis
993 2281 1148 2335 illum
1189 2279 1573 2350 spiritualibus
1606 2279 1769 2335 bonis
1796 2277 2134 2334 cumularit?

546 2371 664 2425 Jam
717 2385 848 2426 vero
903 2370 1370 2441 quemadmodum
1428 2369 1660 2425 excedat
1704 2385 1736 2424 e
1787 2368 1957 2424 natali
2014 2368 2132 2423 solo

549 2463 843 2527 Abraham,
869 2477 1052 2518 nonne
1081 2477 1264 2532 operae
1281 2461 1523 2532 pretium
1554 2461 1663 2516 erit
1691 2461 1921 2516 videre?
1967 2479 1986 2512 ι
2023 2461 2129 2516 Ac-

547 2555 694 2624 cepit
726 2555 895 2622 enim,
923 2575 941 2607 ›
973 2555 1174 2625 inquit,
1213 2575 1232 2607 ι
1256 2555 1476 2611 Sarram
1500 2571 1727 2611 uxorem
1760 2571 1936 2621 suam,
1960 2563 2014 2612 et
2031 2555 2133 2610 Lot

549 2645 720 2701 tilium
748 2646 935 2701 fratris
974 2646 1083 2711 sui,
1117 2655 1172 2702 et
1232 2662 1453 2702 omnem
1485 2646 1850 2702 substantiam
1885 2646 2130 2717 ipsorum

547 2752 712 2806 quam
740 2735 1123 2818 possederant,
1168 2744 1224 2792 et
1265 2752 1484 2792 omnem
1525 2737 1764 2792 animam
1794 2751 1958 2806 quam
2001 2751 2130 2805 pos-

548 2827 805 2883 sederant
828 2828 883 2882 in
905 2827 1174 2893 Charran,
1199 2836 1256 2883 et
1284 2827 1542 2884 exierunt
1561 2836 1623 2882 ut
1654 2827 1912 2882 venirent
1941 2827 1996 2880 in
2020 2834 2132 2880 ter—

549 2933 667 2971 ram
695 2917 975 2984 Chanaan,
1004 2927 1059 2974 et
1077 2918 1435 2989 pertransivit
1466 2926 1671 2974 terram
1708 2917 1986 2972 Abraham
2033 2930 2131 2986 per

547 3011 945 3082 longitudinem
1004 3011 1144 3082 ejus,
1188 3026 1364 3081 usque
1421 3010 1488 3065 ad
1544 3010 1728 3066 locum
1787 3008 2006 3064 Sichem
2060 3008 2127 3062 ad

547 3115 812 3170 quercum
844 3101 1135 3156 sublimem
1157 3101 1222 3156 ⁶¹.
1260 3120 1278 3152 ›
1310 3099 1561 3156 Excessit
1585 3099 1811 3170 quidem
1844 3114 1912 3153 ex
1951 3096 2126 3152 Char-

548 3209 666 3258 ran,
694 3209 795 3249 nec
817 3195 954 3249 ullas
986 3194 1061 3248 ibi
1100 3209 1287 3248 rerum
1334 3209 1558 3249 suarum
1594 3191 1857 3262 reliquias
1883 3190 2124 3253 dimisit,

545 3285 641 3338 sed
691 3301 817 3340 cum
849 3301 1049 3356 genere
1088 3286 1348 3340 universo
1395 3283 1820 3363 quodammodo,
1847 3282 2130 3336 universa-

545 3394 654 3448 que
703 3378 928 3442 familia,
979 3393 1194 3432 summa
1243 3393 1369 3432 cum
1399 3375 1682 3432 alacritate
1737 3373 2022 3428 contendit
2071 3372 2127 3426 in

545 3479 750 3525 terram
763 3469 1044 3534 Chanaan,
1062 3485 1226 3540 quam
1244 3469 1390 3522 Dcus
1410 3465 1750 3523 ostenderat.
1771 3464 1979 3520 Deinde
1997 3480 2125 3535 per-

546 3562 767 3616 transiit
799 3569 1005 3615 terram
1034 3575 1133 3630 per
1165 3558 1566 3629 longitudinem
1591 3558 1730 3629 ejus,
1753 3565 1810 3611 et
1841 3556 1897 3610 in
1925 3565 2127 3610 terram

544 3651 794 3721 pervenit
821 3651 1135 3706 sublimem.
1161 3649 1424 3719 Quisquis
1449 3648 1599 3703 enim
1637 3646 1949 3711 decreverit
1981 3644 2125 3700 divi-

545 3745 629 3799 nis
667 3743 897 3813 obsequi
944 3743 1275 3814 praaceptis,
1321 3757 1385 3798 ac
1426 3755 1722 3813 supernam
1779 3739 2125 3795 vocationem

541 3835 817 3904 praecipua
857 3849 990 3888 cura
1017 3831 1395 3904 excipiendam
1427 3833 1655 3904 putarit,
1688 3839 1848 3886 exeat
1886 3829 1934 3884 is
1966 3845 1997 3884 e
2023 3843 2124 3884 vo-

541 3926 796 3995 luptuosa
832 3925 964 3990 vita,
1007 3932 1153 3980 totus
1177 3925 1328 3980 omni
1363 3940 1430 3979 ex
1455 3931 1632 3994 parte,
1677 3937 1742 3978 ac
1774 3921 1948 3976 veluti
1997 3935 2123 3975 cum

539 4033 742 4088 genere
775 4017 1070 4084 universo;
1096 4033 1274 4087 neque
1302 4018 1469 4072 ullam
1505 4016 1705 4070 mentis
1757 4030 1870 4070 suae
1905 4021 2121 4084 partem

538 4111 614 4164 ibi
647 4109 940 4178 relinquat,
976 4109 1072 4164 ubi
1099 4118 1260 4164 antea
1291 4109 1635 4164 versabatur.
1682 4107 1773 4161 Sic
1814 4105 1963 4160 enim
2018 4105 2123 4159 rite

537 4197 939 4270 proﬁciscetur,
957 4208 1270 4270 terramque
1286 4199 1664 4270 pertransibit,
1696 4197 1764 4252 ad
1793 4212 1958 4268 quam
1982 4205 2066 4252 est
2091 4211 2122 4250 a

535 4291 647 4345 Deo
665 4299 910 4354 vocatus,
932 4299 1011 4355 ut,
1046 4289 1510 4359 quemadmodum
1536 4287 1738 4344 scribit
1754 4288 1952 4342 beatus
1974 4287 2119 4341 Pau-

535 4379 643 4444 lus,
682 4379 878 4448 possit
927 4379 1395 4448 comprehendere
1428 4393 1555 4433 cum
1605 4376 1863 4432 omnibus
1920 4375 2123 4429 sanctis

2240 1891 2552 1962 φιληδονίαν
2583 1900 2874 1970 κοσμικὴν,
2907 1901 3096 1972 ἕψεται
3123 1904 3188 1976 δὴ
3215 1904 3451 1971 πάντως,
3478 1907 3539 1960 τὸ
3567 1907 3814 1977 εὐλογίας

2236 1984 2336 2053 τῆς
2366 1985 2573 2042 ἀνωθεν
2603 1991 2873 2056 πλουσίως
2904 1994 3248 2066 μεταλαχεῖν.
3282 1998 3348 2051 Τί
3373 1998 3482 2070 γὰρ
3508 1999 3655 2070 λέγει
3678 2001 3815 2072 πρὸς

2252 2073 2534 2148 Ἀϐραὰμ;
2581 2099 2599 2131 ι
2640 2083 2752 2135 Καὶ
2779 2084 2988 2157 ποιήσω
3022 2103 3080 2140 σε
3106 2088 3186 2151 είς
3222 2087 3371 2153 ἔθνος
3409 2090 3572 2161 μέγα,
3603 2094 3695 2145 καὶ
3722 2093 3815 2146 εύ-

2236 2163 2453 2237 λογήσω
2497 2185 2578 2236 σε,
2613 2189 2632 2223 ι
2667 2172 2761 2226 καὶ
2788 2174 2857 2228 τὰ
2901 2173 3113 2240 τούτοις
3141 2178 3484 2250 συνημμένα.
3530 2179 3694 2252 Ὁρᾷς
3721 2178 3815 2235 οὖν

2236 2257 2369 2329 ὅσην
2388 2260 2534 2334 αύτῷ
2556 2263 2766 2337 πληθὺν
2783 2267 3126 2339 ὲπεσὼρευσε
3145 2272 3533 2342 πνευματικῶν
3556 2273 3775 2342 ἀγαθῶν
3794 2293 3809 2340 ;

2237 2349 2370 2406 Τίνα
2384 2352 2441 2406 δὲ
2459 2354 2658 2424 τρόπον
2675 2356 2901 2429 ἀπαίρει
2918 2358 3019 2430 τῆς
3037 2360 3366 2434 ἐνεγκούσης
3393 2363 3666 2435 Ἀϐραὰμ,
3695 2365 3815 2429 πῶς

2233 2443 2337 2498 ούκ
2379 2446 2528 2512 ἄξιον
2561 2449 2717 2518 ίδεῖν;
2775 2469 2796 2503 ι
2848 2450 3047 2506 Ἐλαϐε
3085 2454 3214 2526 γὰρ,
3259 2473 3279 2507 ι
3329 2455 3482 2526 φησι,
3537 2473 3556 2508 ‹
3594 2457 3813 2529 Σάρραν

2236 2535 2334 2605 τὴν
2373 2541 2607 2604 γυναῖκα
2634 2541 2822 2608 αὑτοῦ,
2853 2545 2948 2598 καὶ
2981 2544 3072 2597 τὸν
3101 2545 3224 2599 Λὼτ
3261 2546 3354 2601 τόν
3389 2548 3504 2602 υἱὸν
3535 2548 3630 2603 τοῦ
3661 2549 3815 2603 ἅδε).-

2235 2627 2338 2696 φοῦ
2391 2629 2577 2695 αὐτοῦ,
2622 2635 2717 2688 καὶ
2765 2635 2942 2690 πάντα
2979 2637 3047 2691 τὰ
3105 2638 3420 2711 ὑπάρχοντα
3457 2641 3659 2708 αὐτῶν,
3711 2642 3814 2696 ὅσα

2235 2721 2572 2791 ἐκτήσαντο,
2622 2725 2716 2778 καὶ
2776 2729 2956 2782 πᾶσαν
3030 2730 3229 2801 ψυχὴν,
3281 2731 3350 2802 ἦν
3404 2733 3701 2805 ἐκτήσαντο
3754 2736 3817 2787 ὲν

2235 2809 2478 2883 Χαρράν.
2514 2815 2621 2868 Καὶ
2659 2816 2884 2887 ἐξῆλθον
2924 2821 3259 2892 πορευθῆναι
3311 2823 3392 2886 είς
3425 2823 3532 2894 γῆν
3571 2823 3814 2890 Χαναὰν,

2234 2900 2328 2953 καὶ
2357 2901 2642 2957 διώδευσεν
2685 2905 2938 2979 Ἀϐραὰμ
2959 2909 3058 2980 τὴν
3091 2910 3196 2980 γῆν
3225 2913 3306 2975 είς
3330 2912 3390 2966 τὸ
3424 2913 3595 2982 μῆκος
3621 2914 3813 2985 αὐτῆς,

2235 2990 2340 3053 ἕως
2379 2993 2473 3046 τοῦ
2507 2995 2672 3050 τόπου
2711 2999 2914 3070 Συχὲμ,
2946 3002 3039 3055 ἐπὶ
3074 3002 3174 3074 τὴν
3211 3002 3341 3074 δρῦν
3380 3005 3478 3076 τὴν
3509 3005 3738 3078 ὑψηλήν.
3789 3027 3810 3059 ι

2248 3082 2529 3156 Ἐξεχὼρει
2557 3088 2655 3158 μὲν
2679 3088 2790 3161 γὰρ
2813 3093 2877 3144 ὲκ
2898 3093 3145 3164 Χαρῤἀν,
3171 3095 3323 3148 οὐδὲν
3345 3096 3537 3150 ἑαυτοῦ
3561 3097 3816 3168 λείψανον

2233 3175 2414 3244 ἀφιεὶς
2441 3179 2498 3232 ἐν
2523 3180 2682 3253 αὐτῇ,
2703 3185 2972 3256 παγγενεὶ,
2991 3186 3047 3240 δὲ
3073 3185 3261 3259 ὥσπερ
3289 3190 3384 3243 καὶ
3416 3191 3652 3259 πανοικὶ,
3675 3210 3815 3263 προ-

2232 3263 2511 3334 θυμότατα
2567 3271 2915 3343 μετατρέχων
2952 3276 3033 3338 είς
3078 3275 3185 3346 γῆν
3225 3277 3483 3349 Χαναὰμ,
3523 3282 3589 3352 ήν
3643 3281 3815 3347 ἔδειξε

2229 3354 2380 3418 Θεός.
2424 3353 2557 3412 Εἶτα
2596 3359 2756 3415 δίεισι
2793 3364 2892 3436 τὴν
2935 3365 3040 3434 γῆν
3070 3368 3150 3430 εἰς
3185 3369 3244 3421 τὴ
3272 3370 3447 3440 μῆκος
3487 3372 3679 3444 αὐτῆς,
3717 3377 3816 3428 καὶ

2229 3446 2310 3510 είς
2329 3448 2430 3517 γῆν
2455 3448 2674 3518 ἔρχεται
2706 3453 2806 3522 τὴν
2846 3455 3078 3527 ὑψηλήν.
3112 3459 3171 3512 '0
3189 3459 3296 3530 γάρ
3322 3477 3402 3514 τοι
3419 3460 3815 3535 βεϐουλημένος

2227 3538 2339 3599 τοῖς
2373 3537 2536 3601 θείοις
2574 3536 2633 3594 εὖ
2685 3542 2833 3612 μάλα
2861 3547 3279 3603 κατακολουθεῖν
3324 3551 3678 3624 θεσπίσμασι,
3714 3557 3816 3609 καὶ

2229 3628 2508 3715 φροντίδος
2557 3629 2659 3700 τῆς
2691 3631 2920 3704 ἀρίστης
2967 3636 3153 3702 ἀξιοῦν
3190 3640 3289 3710 τὴν
3335 3640 3543 3696 ἄνωθεν
3596 3644 3812 3715 κλῆσιν,

2227 3713 2388 3778 ἐξίτω
2419 3713 2563 3786 ζωῆς
2605 3719 2701 3788 τῆς
2748 3720 2808 3774 ὲν
2841 3722 3055 3793 ἡδοναῖς
3099 3732 3393 3799 κοσμικαῖς
3435 3731 3556 3796 ὅλος
3605 3713 3809 3799 διόλου,

2230 3803 2323 3857 καὶ
2357 3807 2518 3860 οἱονεὶ
2551 3813 2834 3879 παγγενεὶ,
2877 3815 3029 3870 οὐδὲν
3070 3819 3169 3889 τῆς
3202 3821 3395 3875 ἑαυτοῦ
3426 3823 3662 3890 διανοίας
3695 3826 3810 3880 λεί-

2226 3893 2394 3989 ψανον
2431 3897 2610 3966 ἀφεὶς,
2648 3901 2705 3954 ὲν
2737 3899 2818 3967 οἷς
2861 3901 2929 3976 ἦν
2978 3925 3127 3963 ποτε.
3174 3912 3423 3985 Ἀπαίρει
3474 3917 3582 3989 γὰρ
3635 3919 3812 3984 οὕτως

2226 3984 2426 4080 όρθῶς,
2466 3990 2561 4042 καὶ
2599 3990 2859 4049 διοδεύσει
2897 3998 2997 4068 τὴν
3037 3999 3162 4070 γῆν,
3192 3984 3452 4074 κέκληται
3489 3984 3610 4077 γὰρ
3655 4011 3809 4080 παρά

2227 4077 2385 4175 Θεοῦ,
2409 4081 2498 4175 ἵνα
2515 4080 2753 4175 ῶσπερό
2777 4089 3041 4160 μακάριος
3067 4093 3266 4163 γράφει
3293 4096 3523 4164 Παῦλος,
3547 4077 3807 4175 ἐξισχύσῃ

2228 4171 2628 4229 καταλαϐέσθαι
2653 4178 2750 4231 σὺν
2776 4180 2909 4234 πᾶσι
2937 4183 3049 4246 τοῖς
3071 4184 3266 4252 ἁγίοις,
3298 4187 3352 4241 τί
3374 4189 3435 4242 τὸ
3462 4171 3809 4258 πλάτοςξκαί

2230 4260 2424 4356 μῆκος,
2441 4265 2536 4318 καὶ
2549 4263 2702 4336 ὕψος,
2721 4269 2814 4322 καὶ
2828 4269 2990 4340 βάθος
3005 4273 3098 4327 τοῦ
3123 4279 3423 4349 μυστηρίου
3435 4281 3528 4334 τοῦ
3543 4284 3586 4335 Χ
3597 4287 3778 4356 ριστοῦ
3789 4332 3803 4344 ,

2227 4353 2372 4424 Πρὸς
2399 4359 2502 4427 γῆν
2533 4359 2642 4430 γὰρ
2668 4361 2789 4415 τότε
2820 4362 2920 4433 τὴν
2967 4364 3176 4438 ὑψηλήν
3207 4368 3556 4441 ἀναφοιτήσει
3598 4353 3802 4444 καλῶς,

534 4485 658 4540 quae
679 4470 751 4525 sit
785 4470 1036 4534 latitudo,
1067 4480 1122 4525 et
1140 4470 1446 4541 longitudo,
1476 4477 1532 4523 et
1555 4466 1887 4529 sublimitas,
1913 4471 1970 4518 et
1991 4479 2120 4534 pro-

2230 4448 2548 4554 τοῦτ’“ἔστι,
2587 4452 2724 4523 πρὸς
2754 4453 2867 4518 ἔξιν
2905 4455 3004 4525 τὴν
3039 4458 3416 4544 ἀνῳκισμένην
3461 4467 3519 4518 ὲν
3559 4467 3802 4536 ἀρεταῖς,

535 4563 767 4616 fundum
815 4564 1062 4634 mystcrii
1110 4563 1316 4619 Christi
1359 4562 1423 4613 ⁶⁹.
1481 4560 1640 4614 Tunc
1694 4559 1845 4612 cnim
1913 4559 2119 4627 optime

2230 4541 2321 4634 καὶ
2349 4542 2644 4634 οὐδαμόθεν
2673 4545 2901 4616 ἔχουσαν
2939 4551 3018 4607 ἔτι
3047 4541 3108 4606 τδ
3139 4559 3573 4628 κατερριμμένον
3601 4563 3681 4626 είς
3713 4579 3805 4631 φι-

534 4655 603 4710 ad
639 4663 839 4710 terram
872 4655 1162 4710 sublimem
1198 4652 1477 4717 ascendet,
1511 4651 1684 4714 idest,
1722 4649 1788 4703 ad
1822 4649 1991 4703 animi
2019 4649 2122 4702 ha-

535 4745 733 4811 bitum,
754 4747 849 4817 qui
874 4747 930 4801 in
946 4747 1230 4818 snperiore
1246 4746 1512 4799 virtutum
1529 4742 1652 4796 loco
1683 4740 1823 4795 situs
1839 4749 1944 4804 est,
1971 4740 2119 4796 nulla

531 4853 599 4893 ex
626 4848 782 4908 parte
819 4838 887 4892 ad
914 4837 1094 4893 carnis
1127 4837 1437 4906 voluptates
1459 4833 1737 4904 projectus
1783 4841 1946 4901 atque
1987 4845 2118 4901 pro-

533 4928 708 4985 clivis.
745 4930 797 4985 Is
826 4938 1009 4985 autem
1041 4929 1139 5000 qui
1169 4943 1236 4983 eo
1272 4925 1586 4997 pervenerit
1627 4923 1760 4993 quid
1810 4922 1939 4978 boni
1970 4937 2118 4977 asse-

532 5027 750 5091 quatur,
784 5035 851 5075 ex
870 5019 1006 5090 ipsis
1035 5017 1206 5073 sacris
1223 5015 1447 5070 Litteris
1475 5013 1861 5083 intelligemus.
1889 5031 1907 5061 ‹
1935 5012 2118 5081 Appa-

534 5110 643 5164 ruit
672 5111 841 5175 enim,
873 5129 890 5162 ι
938 5109 1142 5180 inquit,
1195 5127 1211 5158 ι
1249 5106 1516 5161 Dominus
1545 5105 1840 5169 Abraham,
1883 5113 1940 5158 et
1979 5103 2120 5158 dixit

532 5201 618 5256 ei:
653 5200 974 5257 Seminituo
1004 5200 1149 5255 dabo
1190 5207 1390 5253 terram
1422 5199 1582 5253 hanc.
1607 5198 1675 5252 Et
1695 5196 1992 5252 mdiﬁcavit
2023 5195 2114 5263 .ibi

531 5291 808 5347 Abraham
863 5293 1033 5345 altare
1088 5289 1321 5345 Domino
1379 5290 1474 5360 qui
1524 5296 1854 5360 apparuerat
1903 5287 2041 5341 ei”.
2091 5304 2109 5337 ι

532 5383 668 5438 Nam
703 5399 829 5438 cum
855 5381 1037 5436 adhuc
1067 5381 1123 5436 in
1148 5382 1324 5452 patria
1353 5386 1824 5445 commoraretur,
1867 5377 2110 5432 necdum

530 5474 597 5527 ad
630 5480 875 5529 sanctam
926 5482 1129 5528 terram
1173 5489 1293 5529 sese
1341 5473 1705 5537 contulisset,
1738 5471 1917 5526 solum
1970 5468 2106 5522 illud

532 5579 855 5634 responsum
886 5567 1122 5637 accepit,
1151 5582 1261 5638 quo
1295 5567 1351 5621 in
1397 5566 1560 5620 aliam
1595 5562 1897 5634 regionem,
1957 5558 2107 5612 omni

600 5674 644 5704 "
675 5672 819 5746 Luc.
875 5695 977 5746 xxv,
1021 5680 1110 5736 2t).
1226 5681 1270 5714 ⁸ο
1319 5679 1479 5737 ibid..
1515 5679 1599 5733 18.

531 5756 626 5810 xu,
674 5744 726 5797 7.

1712 5677 1775 5710 ⁶⁰⁹
1803 5675 1955 5756 Gep.
1981 5689 2075 5748 xu,
2127 5673 2180 5726 2.

2224 4630 2535 4702 λοσαρκίαν.
2585 4636 2925 4711 Ἀφικομένῳ
2953 4642 3009 4695 δὲ
3046 4644 3148 4714 ήδη
3185 4646 3321 4716 πρὸς
3351 4648 3528 4711 τοῦτο,
3554 4651 3609 4704 τί
3639 4630 3803 4706 πάλιν

2222 4719 2376 4775 ἔσται
2422 4723 2530 4777 τῶν
2580 4726 2818 4795 ἀγαθῶν,
2868 4731 2926 4797 ἐξ
2975 4733 3153 4788 αὐτῶν
3191 4736 3448 4806 εἰσόμεθα
3490 4739 3598 4792 τῶν
3638 4742 3802 4810 ίερῶν

2223 4813 2592 4885 Γραμμὰτων.
2649 4835 2668 4869 ι
2719 4819 2896 4890 Ὠφθη
2951 4822 3078 4892 γὰρ,
3125 4839 3143 4874 ι
3208 4825 3361 4895 φησὶ,
3406 4844 3425 4877 ι
3468 4828 3669 4898 Κύριος
3721 4831 3802 4902 τῷ

2234 4907 2504 4979 Ἀϐραὰμ,
2549 4912 2642 4964 καὶ
2689 4906 2841 4966 εἶπεν
2878 4913 3059 4984 αὐτῷ’
3091 4915 3180 4985 Τῷ
3205 4919 3480 4989 σπέρματί
3518 4937 3610 4974 σου
3642 4923 3801 4978 δώσω

2220 4998 2317 5087 τὴν
2366 4999 2470 5070 γῆν
2517 5001 2741 5074 ταύτην.
2804 5003 2914 5057 Καὶ
2963 5005 3314 5076 ᾠκοδόμησεν
3378 5009 3630 5082 Ἀϐραὰμ
3684 5014 3803 5067 ἐκεῖ

2220 5091 2602 5165 θυσιαστήριον
2628 5094 2705 5165 τῷ
2731 5095 2940 5166 Κυρίῳ,
2957 5097 3034 5167 τῷ
3055 5097 3272 5166 ὀφθέντι
3288 5101 3456 5172 αὐτῷ.
3494 5121 3512 5153 ι
3543 5104 3792 5174 Ἐμςοιλον

2219 5184 2486 5256 χωροῦντι
2515 5187 2613 5256 μὲν
2641 5187 2750 5258 γὰρ
2779 5189 2858 5251 είς
2887 5190 2989 5258 γῆν
3025 5192 3280 5262 πατρίδος
3309 5194 3496 5261 αὑτοῦ,
3523 5197 3616 5249 καὶ
3643 5193 3796 5250 οὔπω

2220 5276 2357 5347 πρὸς
2391 5277 2490 5348 τὴν
2537 5277 2698 5345 ἁγίαν
2747 5281 3197 5350 μεταχωρήσαντι
3231 5285 3354 5354 γῆν,
3383 5285 3543 5355 μόνος
3587 5285 3796 5340 δέδοται

2218 5367 2468 5438 χρησμὸς
2495 5367 2589 5420 τοῦ
2629 5369 3013 5439 μεταχωρῆσαι
3036 5371 3144 5424 δεῖν
3174 5375 3253 5436 είς
3283 5373 3496 5444 ἑτέραν,
3523 5375 3623 5444 τῆς
3644 5376 3797 5443 ἐνεγ-

2219 5457 2421 5527 κούσης
2445 5457 2800 5528 ὴφειδηκὸτα.
2838 5458 3054 5532 Ἐπειδὴ
3079 5462 3136 5515 δὲ
3160 5458 3321 5534 ἦλθεν
3345 5466 3426 5528 εἰς
3445 5465 3549 5534 γῆν
3574 5463 3796 5517 Χαναὰν

2218 5549 2436 5604 πανοικί
2467 5567 2526 5602 τε
2568 5550 2664 5604 καὶ
2698 5552 3012 5612 πανσκευεὶ.
3048 5555 3140 5607 καὶ
3179 5555 3314 5626 πρὸς
3345 5556 3445 5625 τὴν
3483 5555 3644 5610 ἁγίαν
3669 5555 3794 5608 ἀνέ-

2286 5665 2516 5744 "ibid,
2549 5665 2626 5732 5,
2676 5666 2728 5721 6.
2844 5669 2892 5701 "
2919 5669 3119 5740 Ephes.
3162 5686 3240 5738 ιιι,
3293 5671 3379 5726 l8.
3429 5665 3437 5674 ’
3497 5673 3542 5705 ⁸³
3590 5672 3786 5730 Cenes.
